|j|☆MAEXLE
|j|☆jokkebrok
|html|MAEXLEjokkebrok    
|uhtml|bestof|Game 1 of a best-of-3
|t:|1757058520
|gametype|doubles
|player|p1|MAEXLE|101|1168
|player|p2|jokkebrok|larry|1092
|gen|9
|tier|[Gen 9] VGC 2025 Reg H (Bo3)
|rated|
|rule|Species Clause: Limit one of each Pokémon
|rule|Item Clause: Limit 1 of each item
|clearpoke
|poke|p1|Archaludon, L50, F|
|poke|p1|Pelipper, L50, F|
|poke|p1|Gholdengo, L50|
|poke|p1|Basculegion, L50, M|
|poke|p1|Amoonguss, L50, F|
|poke|p1|Incineroar, L50, F|
|poke|p2|Sneasler, L50, F|
|poke|p2|Indeedee, L50, M|
|poke|p2|Volcarona, L50, F|
|poke|p2|Ursaluna-Bloodmoon, L50, M|
|poke|p2|Annihilape, L50, F|
|poke|p2|Tyranitar, L50, M|
|teampreview|4
|showteam|p1|Archaludon||AssaultVest|Stamina|DragonPulse,Snarl,ElectroShot,BodyPress|||F|||50|,,,,,Grass]Pelipper||FocusSash|Drizzle|Protect,WideGuard,Hurricane,Tailwind|||F|||50|,,,,,Ghost]Gholdengo||LifeOrb|GoodasGold|Protect,MakeItRain,ShadowBall,NastyPlot||||||50|,,,,,Dragon]Basculegion||ChoiceBand|SwiftSwim|FlipTurn,WaveCrash,AquaJet,LastRespects|||M|||50|,,,,,Grass]Amoonguss||RockyHelmet|Regenerator|Spore,RagePowder,PollenPuff,Protect|||F|||50|,,,,,Water]Incineroar||SafetyGoggles|Intimidate|Taunt,PartingShot,FakeOut,KnockOff|||F|||50|,,,,,Ghost
|showteam|p2|Sneasler||PsychicSeed|Unburden|CloseCombat,DireClaw,ThroatChop,Protect|||F|||50|,,,,,Dark]Indeedee||ChoiceScarf|PsychicSurge|ExpandingForce,TeraBlast,Trick,Protect|||M|||50|,,,,,Psychic]Volcarona||SitrusBerry|FlameBody|Overheat,StruggleBug,RagePowder,Tailwind|||F|||50|,,,,,Grass]Ursaluna-Bloodmoon||LifeOrb|MindsEye|BloodMoon,HyperVoice,EarthPower,Protect|||M|||50|,,,,,Normal]Annihilape||SafetyGoggles|Defiant|CloseCombat,RageFist,Taunt,FinalGambit|||F|||50|,,,,,Fairy]Tyranitar||AssaultVest|SandStream|RockSlide,KnockOff,TeraBlast,LowKick|||M|||50|,,,,,Flying
|inactive|Battle timer is ON: inactive players will automatically lose when time's up. (requested by jokkebrok)
|inactive|MAEXLE has 60 seconds left.
|inactive|MAEXLE has 30 seconds left.
|inactive|MAEXLE has 20 seconds left.
|inactive|MAEXLE has 15 seconds left.
|inactive|MAEXLE has 10 seconds left.
|
|t:|1757058625
|teamsize|p1|4
|teamsize|p2|4
|start
|switch|p1a: Archaludon|Archaludon, L50, F|100/100
|switch|p1b: Pelipper|Pelipper, L50, F|100/100
|switch|p2a: Sneasler|Sneasler, L50, F|100/100
|switch|p2b: Indeedee|Indeedee, L50, M|100/100
|-fieldstart|move: Psychic Terrain|[from] ability: Psychic Surge|[of] p2b: Indeedee
|-enditem|p2a: Sneasler|Psychic Seed
|-boost|p2a: Sneasler|spd|1|[from] item: Psychic Seed
|-weather|RainDance|[from] ability: Drizzle|[of] p1b: Pelipper
|turn|1
|inactive|MAEXLE has 30 seconds left.
|inactive|jokkebrok has 30 seconds left.
|inactive|MAEXLE has 20 seconds left.
|inactive|jokkebrok has 20 seconds left.
|inactive|MAEXLE has 15 seconds left.
|inactive|jokkebrok has 15 seconds left.
|
|t:|1757058669
|-terastallize|p1a: Archaludon|Grass
|move|p2a: Sneasler|Close Combat|p1a: Archaludon
|-damage|p1a: Archaludon|53/100
|-unboost|p2a: Sneasler|def|1
|-unboost|p2a: Sneasler|spd|1
|-ability|p1a: Archaludon|Stamina|boost
|-boost|p1a: Archaludon|def|1
|move|p2b: Indeedee|Expanding Force|p1a: Archaludon|[spread] p1a,p1b
|-damage|p1a: Archaludon|13/100
|-enditem|p1b: Pelipper|Focus Sash
|-damage|p1b: Pelipper|1/100
|-ability|p1a: Archaludon|Stamina|boost
|-boost|p1a: Archaludon|def|1
|move|p1a: Archaludon|Electro Shot||[still]
|-prepare|p1a: Archaludon|Electro Shot
|-boost|p1a: Archaludon|spa|1
|-anim|p1a: Archaludon|Electro Shot|p2b: Indeedee
|-damage|p2b: Indeedee|27/100
|move|p1b: Pelipper|Tailwind|p1b: Pelipper
|-sidestart|p1: MAEXLE|move: Tailwind
|
|-weather|RainDance|[upkeep]
|upkeep
|turn|2
|inactive|MAEXLE has 30 seconds left.
|inactive|jokkebrok has 30 seconds left.
|inactive|MAEXLE has 20 seconds left.
|inactive|MAEXLE has 15 seconds left.
|inactive|MAEXLE has 10 seconds left.
|
|t:|1757058716
|move|p1b: Pelipper|Protect|p1b: Pelipper
|-singleturn|p1b: Pelipper|Protect
|move|p2a: Sneasler|Dire Claw|p1b: Pelipper
|-activate|p1b: Pelipper|move: Protect
|move|p2b: Indeedee|Expanding Force|p1b: Pelipper|[spread] p1a
|-activate|p1b: Pelipper|move: Protect
|-damage|p1a: Archaludon|0 fnt
|faint|p1a: Archaludon
|
|-weather|RainDance|[upkeep]
|upkeep
|
|t:|1757058730
|switch|p1a: Basculegion|Basculegion, L50, M|100/100
|turn|3
|
|t:|1757058751
|switch|p2b: Tyranitar|Tyranitar, L50, M|100/100
|-weather|Sandstorm|[from] ability: Sand Stream|[of] p2b: Tyranitar
|switch|p1b: Amoonguss|Amoonguss, L50, F|100/100
|-terastallize|p2a: Sneasler|Dark
|move|p2a: Sneasler|Throat Chop|p1a: Basculegion
|-supereffective|p1a: Basculegion
|-damage|p1a: Basculegion|0 fnt
|faint|p1a: Basculegion
|
|-weather|Sandstorm|[upkeep]
|-damage|p2a: Sneasler|95/100|[from] Sandstorm
|-damage|p1b: Amoonguss|95/100|[from] Sandstorm
|upkeep
|
|t:|1757058764
|switch|p1a: Pelipper|Pelipper, L50, F|1/100
|-weather|RainDance|[from] ability: Drizzle|[of] p1a: Pelipper
|turn|4
|
|t:|1757058780
|switch|p2b: Indeedee|Indeedee, L50, M|27/100
|move|p1b: Amoonguss|Rage Powder|p1b: Amoonguss
|-singleturn|p1b: Amoonguss|move: Rage Powder
|move|p2a: Sneasler|Dire Claw|p1b: Amoonguss
|-damage|p1b: Amoonguss|55/100
|-damage|p2a: Sneasler|79/100|[from] item: Rocky Helmet|[of] p1b: Amoonguss
|move|p1a: Pelipper|Hurricane|p2a: Sneasler
|-damage|p2a: Sneasler|6/100
|
|-weather|RainDance|[upkeep]
|-sideend|p1: MAEXLE|move: Tailwind
|upkeep
|turn|5
|
|t:|1757058799
|move|p1a: Pelipper|Wide Guard|p1a: Pelipper
|-singleturn|p1a: Pelipper|Wide Guard
|move|p2a: Sneasler|Throat Chop|p1a: Pelipper
|-damage|p1a: Pelipper|0 fnt
|faint|p1a: Pelipper
|move|p2b: Indeedee|Expanding Force|p1b: Amoonguss
|-activate|p1b: Amoonguss|move: Wide Guard
|move|p1b: Amoonguss|Spore|p2b: Indeedee
|-status|p2b: Indeedee|slp|[from] move: Spore
|
|-weather|RainDance|[upkeep]
|-fieldend|move: Psychic Terrain
|upkeep
|turn|6
|
|t:|1757058812
|switch|p2b: Tyranitar|Tyranitar, L50, M|100/100
|-weather|Sandstorm|[from] ability: Sand Stream|[of] p2b: Tyranitar
|move|p2a: Sneasler|Throat Chop|p1b: Amoonguss
|-damage|p1b: Amoonguss|22/100
|-start|p1b: Amoonguss|Throat Chop|[silent]
|-damage|p2a: Sneasler|0 fnt|[from] item: Rocky Helmet|[of] p1b: Amoonguss
|faint|p2a: Sneasler
|move|p1b: Amoonguss|Pollen Puff|p2b: Tyranitar
|-supereffective|p2b: Tyranitar
|-damage|p2b: Tyranitar|85/100
|
|-weather|Sandstorm|[upkeep]
|-damage|p1b: Amoonguss|16/100|[from] Sandstorm
|upkeep
|
|t:|1757058825
|switch|p2a: Indeedee|Indeedee, L50, M|27/100 slp
|-fieldstart|move: Psychic Terrain|[from] ability: Psychic Surge|[of] p2a: Indeedee
|turn|7
|
|t:|1757058832
|cant|p2a: Indeedee|slp
|move|p2b: Tyranitar|Knock Off|p1b: Amoonguss
|-damage|p1b: Amoonguss|0 fnt
|-damage|p2b: Tyranitar|68/100|[from] item: Rocky Helmet|[of] p1b: Amoonguss
|-enditem|p1b: Amoonguss|Rocky Helmet|[from] move: Knock Off|[of] p2b: Tyranitar
|faint|p1b: Amoonguss
|
|win|jokkebrok
||MAEXLE is ready for game 2.
||jokkebrok is ready for game 2.
|uhtml|next|Next: Game 2 of 3
|l|☆MAEXLE
|player|p1|
