|j|☆berto777
|j|☆ground tera
|html|berto777ground tera    
|uhtml|bestof|Game 2 of a best-of-3
|t:|1784317240
|gametype|doubles
|player|p1|berto777|1|1166
|player|p2|ground tera|2|1214
|gen|9
|tier|[Gen 9 Champions] VGC 2026 Reg M-B (Bo3)
|rated|
|rule|Species Clause: Limit one of each Pokémon
|rule|Item Clause: Limit 1 of each item
|clearpoke
|poke|p1|Ceruledge, L50, M|
|poke|p1|Tinkaton, L50, F|
|poke|p1|Incineroar, L50, M|
|poke|p1|Venusaur, L50, F|
|poke|p1|Milotic, L50, F|
|poke|p1|Aerodactyl, L50, F|
|poke|p2|Garchomp, L50, F|
|poke|p2|Venusaur, L50, F|
|poke|p2|Incineroar, L50, M|
|poke|p2|Charizard, L50, M|
|poke|p2|Toxapex, L50, F|
|poke|p2|Annihilape, L50, M|
|teampreview|4
|showteam|p1|Ceruledge||ColburBerry|FlashFire|SwordsDance,BitterBlade,ShadowSneak,Protect|Adamant||M|||50|]Tinkaton||ShucaBerry|MoldBreaker|FakeOut,GigatonHammer,Feint,Protect|Jolly||F|||50|]Incineroar||SitrusBerry|Intimidate|FakeOut,PartingShot,DarkestLariat,FlareBlitz|Careful||M|||50|]Venusaur||Venusaurite|Chlorophyll|SludgeBomb,EnergyBall,EarthPower,Protect|Modest||F|||50|]Milotic||Leftovers|Competitive|IcyWind,MuddyWater,Coil,Hypnosis|Timid||F|||50|]Aerodactyl||Aerodactylite|Unnerve|Tailwind,IceFang,RockSlide,WideGuard|Serious||F|||50|
|showteam|p2|Garchomp||ChoiceScarf|RoughSkin|Earthquake,DragonClaw,StompingTantrum,RockSlide|Adamant||F|||50|]Venusaur||LifeOrb|Chlorophyll|SolarBeam,SludgeBomb,EarthPower,Protect|Modest||F|||50|]Incineroar||SitrusBerry|Intimidate|FlareBlitz,ThroatChop,FakeOut,PartingShot|Impish||M|||50|]Charizard||CharizarditeY|Blaze|HeatWave,WeatherBall,HelpingHand,Protect|Modest||M|||50|]Toxapex||Leftovers|Regenerator|Infestation,Toxic,WideGuard,BanefulBunker|Bold||F|||50|]Annihilape||FocusSash|Defiant|CloseCombat,PhantomForce,RockTomb,Protect|Jolly||M|||50|
|inactive|Battle timer is ON: inactive players will automatically lose when time's up. (requested by berto777)
|inactive|ground tera also wants the timer to be on.
|
|t:|1784317248
|teamsize|p1|4
|teamsize|p2|4
|start
|switch|p1a: Venusaur|Venusaur, L50, F|100/100
|switch|p1b: Milotic|Milotic, L50, F|100/100
|switch|p2a: Toxapex|Toxapex, L50, F|100/100
|switch|p2b: Annihilape|Annihilape, L50, M|100/100
|turn|1
|
|t:|1784317265
|detailschange|p1a: Venusaur|Venusaur-Mega, L50, F
|-mega|p1a: Venusaur|Venusaur|Venusaurite
|move|p2b: Annihilape|Phantom Force||[still]
|-prepare|p2b: Annihilape|Phantom Force
|move|p1b: Milotic|Coil|p1b: Milotic
|-boost|p1b: Milotic|atk|1
|-boost|p1b: Milotic|def|1
|-boost|p1b: Milotic|accuracy|1
|move|p1a: Venusaur|Earth Power|p2a: Toxapex
|-supereffective|p2a: Toxapex|1
|-damage|p2a: Toxapex|50/100g
|move|p2a: Toxapex|Toxic|p1b: Milotic
|-status|p1b: Milotic|tox
|
|-heal|p2a: Toxapex|56/100|[from] item: Leftovers
|-damage|p1b: Milotic|94/100 tox|[from] psn
|upkeep
|turn|2
|
|t:|1784317295
|move|p2a: Toxapex|Baneful Bunker|p2a: Toxapex
|-singleturn|p2a: Toxapex|move: Protect
|move|p2b: Annihilape|Phantom Force|p1b: Milotic|[from] lockedmove
|-crit|p1b: Milotic
|-damage|p1b: Milotic|19/100 tox
|move|p1b: Milotic|Muddy Water|p2b: Annihilape|[spread] p2b
|-activate|p2a: Toxapex|move: Protect
|-damage|p2b: Annihilape|77/100
|move|p1a: Venusaur|Earth Power|p2a: Toxapex
|-activate|p2a: Toxapex|move: Protect
|
|-heal|p1b: Milotic|25/100 tox|[from] item: Leftovers
|-heal|p2a: Toxapex|61/100|[from] item: Leftovers
|-damage|p1b: Milotic|13/100 tox|[from] psn
|upkeep
|turn|3
|
|t:|1784317313
|switch|p1b: Tinkaton|Tinkaton, L50, F|100/100
|-ability|p1b: Tinkaton|Mold Breaker
|-heal|p2a: Toxapex|94/100|[from] ability: Regenerator|[silent]
|switch|p2a: Incineroar|Incineroar, L50, M|100/100
|-ability|p2a: Incineroar|Intimidate|boost
|-unboost|p1a: Venusaur|atk|1
|-unboost|p1b: Tinkaton|atk|1
|move|p2b: Annihilape|Close Combat|p1b: Tinkaton
|-damage|p1b: Tinkaton|42/100
|-unboost|p2b: Annihilape|def|1
|-unboost|p2b: Annihilape|spd|1
|move|p1a: Venusaur|Earth Power|p2a: Incineroar
|-supereffective|p2a: Incineroar|1
|-damage|p2a: Incineroar|42/100
|-enditem|p2a: Incineroar|Sitrus Berry|[eat]
|-heal|p2a: Incineroar|67/100|[from] item: Sitrus Berry
|
|upkeep
|turn|4
|inactive|berto777 has 30 seconds left.
|
|t:|1784317339
|switch|p2a: Charizard|Charizard, L50, M|100/100
|move|p1b: Tinkaton|Fake Out|p2a: Charizard
|-crit|p2a: Charizard
|-damage|p2a: Charizard|87/100
|move|p2b: Annihilape|Close Combat|p1b: Tinkaton
|-damage|p1b: Tinkaton|0 fnt
|-unboost|p2b: Annihilape|def|1
|-unboost|p2b: Annihilape|spd|1
|faint|p1b: Tinkaton
|move|p1a: Venusaur|Sludge Bomb|p2b: Annihilape
|-resisted|p2b: Annihilape|1
|-damage|p2b: Annihilape|26/100
|
|upkeep
|
|t:|1784317342
|switch|p1b: Ceruledge|Ceruledge, L50, M|100/100
|turn|5
|
|t:|1784317357
|detailschange|p2a: Charizard|Charizard-Mega-Y, L50, M
|-mega|p2a: Charizard|Charizard|Charizardite Y
|-weather|SunnyDay|[from] ability: Drought|[of] p2a: Charizard
|move|p1a: Venusaur|Protect|p1a: Venusaur
|-singleturn|p1a: Venusaur|Protect
|move|p2b: Annihilape|Phantom Force||[still]
|-prepare|p2b: Annihilape|Phantom Force
|move|p2a: Charizard|Weather Ball|p1a: Venusaur
|-activate|p1a: Venusaur|move: Protect
|move|p1b: Ceruledge|Swords Dance|p1b: Ceruledge
|-boost|p1b: Ceruledge|atk|2
|
|-weather|SunnyDay|[upkeep]
|upkeep
|turn|6
|
|t:|1784317372
|move|p2a: Charizard|Helping Hand|p2b: Annihilape
|-singleturn|p2b: Annihilape|Helping Hand|[of] p2a: Charizard
|move|p2b: Annihilape|Phantom Force|p1b: Ceruledge|[from] lockedmove
|-supereffective|p1b: Ceruledge|1
|-damage|p1b: Ceruledge|0 fnt
|faint|p1b: Ceruledge
|move|p1a: Venusaur|Sludge Bomb|p2a: Charizard
|-damage|p2a: Charizard|45/100
|-status|p2a: Charizard|psn
|
|-weather|SunnyDay|[upkeep]
|-damage|p2a: Charizard|33/100 psn|[from] psn
|upkeep
|
|t:|1784317378
|switch|p1b: Milotic|Milotic, L50, F|13/100 tox
|turn|7
|
|t:|1784317392
|move|p2a: Charizard|Protect|p2a: Charizard
|-singleturn|p2a: Charizard|Protect
|move|p2b: Annihilape|Phantom Force||[still]
|-prepare|p2b: Annihilape|Phantom Force
|move|p1b: Milotic|Muddy Water|p2b: Annihilape|[spread] 
|-miss|p1b: Milotic|p2b: Annihilape
|-activate|p2a: Charizard|move: Protect
|move|p1a: Venusaur|Sludge Bomb|p2a: Charizard
|-activate|p2a: Charizard|move: Protect
|
|-weather|SunnyDay|[upkeep]
|-heal|p1b: Milotic|19/100 tox|[from] item: Leftovers
|-damage|p1b: Milotic|13/100 tox|[from] psn
|-damage|p2a: Charizard|21/100 psn|[from] psn
|upkeep
|turn|8
|-message|berto777 forfeited.
|
|win|ground tera
|raw|berto777's rating: 1166 → 1144(-22 for losing)
|raw|ground tera's rating: 1214 → 1236(+22 for winning)
|l|☆berto777
|player|p1|
