|j|☆alex_vgc_ready
|j|☆Gentlefish
|html|alex_vgc_readyGentlefish    
|uhtml|bestof|Game 1 of a best-of-3
|t:|1756676654
|gametype|doubles
|player|p1|alex_vgc_ready|blue|1057
|player|p2|Gentlefish|burglar-gen1rb|1025
|gen|9
|tier|[Gen 9] VGC 2025 Reg H (Bo3)
|rated|
|rule|Species Clause: Limit one of each Pokémon
|rule|Item Clause: Limit 1 of each item
|clearpoke
|poke|p1|Incineroar, L50, F|
|poke|p1|Amoonguss, L50, M|
|poke|p1|Gholdengo, L50|
|poke|p1|Dragonite, L50, M|
|poke|p1|Ursaluna-Bloodmoon, L50, M|
|poke|p1|Sneasler, L50, M|
|poke|p2|Garchomp, L50, M|
|poke|p2|Weezing-Galar, L50, F|
|poke|p2|Archaludon, L50, M|
|poke|p2|Gholdengo, L50|
|poke|p2|Talonflame, L50, F|
|poke|p2|Annihilape, L50, M|
|teampreview|4
|showteam|p1|Incineroar||SafetyGoggles|Intimidate|FakeOut,PartingShot,KnockOff,FlareBlitz|||F|||50|,,,,,Ghost]Amoonguss||SitrusBerry|Regenerator|RagePowder,Spore,PollenPuff,ClearSmog|||M|||50|,,,,,Water]Gholdengo||LifeOrb|GoodasGold|Protect,NastyPlot,MakeItRain,ShadowBall||||||50|,,,,,Water]Dragonite||LoadedDice|Multiscale|Protect,Tailwind,Haze,ScaleShot|||M|||50|,,,,,Fairy]Ursaluna-Bloodmoon||AssaultVest|MindsEye|BloodMoon,HyperVoice,EarthPower,VacuumWave|||M|||50|,,,,,Water]Sneasler||FocusSash|Unburden|Protect,CloseCombat,DireClaw,ThroatChop|||M|||50|,,,,,Stellar
|showteam|p2|Garchomp||LifeOrb|RoughSkin|DragonClaw,Earthquake,StompingTantrum,Protect|||M|||50|,,,,,Ground]Weezing-Galar||FocusSash|NeutralizingGas|Protect,SludgeBomb,Taunt,StrangeSteam|||F|||50|,,,,,Flying]Archaludon||PowerHerb|Sturdy|ElectroShot,Thunderbolt,DracoMeteor,Protect|||M|||50|,,,,,Electric]Gholdengo||ChoiceSpecs|GoodasGold|ShadowBall,DazzlingGleam,PowerGem,MakeItRain||||||50|,,,,,Fairy]Talonflame||CovertCloak|GaleWings|Tailwind,DualWingbeat,Taunt,FlareBlitz|||F|||50|,,,,,Stellar]Annihilape||AssaultVest|Defiant|CloseCombat,RageFist,FinalGambit,IcePunch|||M|||50|,,,,,Grass
|
|t:|1756676720
|teamsize|p1|4
|teamsize|p2|4
|start
|switch|p1a: Dragonite|Dragonite, L50, M|100/100
|switch|p1b: Sneasler|Sneasler, L50, M|100/100
|switch|p2a: Weezing|Weezing-Galar, L50, F|100/100
|switch|p2b: Annihilape|Annihilape, L50, M|100/100
|-ability|p2a: Weezing|Neutralizing Gas
|turn|1
|
|t:|1756676754
|move|p1b: Sneasler|Dire Claw|p2a: Weezing
|-damage|p2a: Weezing|55/100
|move|p2b: Annihilape|Ice Punch|p1a: Dragonite
|-supereffective|p1a: Dragonite
|-damage|p1a: Dragonite|4/100
|move|p1a: Dragonite|Tailwind|p1a: Dragonite
|-sidestart|p1: alex_vgc_ready|move: Tailwind
|move|p2a: Weezing|Strange Steam|p1b: Sneasler
|-damage|p1b: Sneasler|44/100
|
|upkeep
|turn|2
|inactive|Battle timer is ON: inactive players will automatically lose when time's up. (requested by alex_vgc_ready)
|
|t:|1756676800
|-end|p2a: Weezing|ability: Neutralizing Gas
|switch|p2a: Garchomp|Garchomp, L50, M|100/100
|move|p1b: Sneasler|Dire Claw|p2b: Annihilape
|-resisted|p2b: Annihilape
|-damage|p2b: Annihilape|76/100
|-status|p2b: Annihilape|par
|move|p1a: Dragonite|Scale Shot|p2b: Annihilape
|-damage|p2b: Annihilape|62/100 par
|-damage|p2b: Annihilape|48/100 par
|-damage|p2b: Annihilape|36/100 par
|-damage|p2b: Annihilape|21/100 par
|-damage|p2b: Annihilape|6/100 par
|-hitcount|p2b: Annihilape|5
|-unboost|p1a: Dragonite|def|1
|-boost|p1a: Dragonite|spe|1
|cant|p2b: Annihilape|par
|
|upkeep
|turn|3
|inactive|Gentlefish has 30 seconds left.
|
|t:|1756676828
|switch|p2a: Weezing|Weezing-Galar, L50, F|55/100
|-ability|p2a: Weezing|Neutralizing Gas
|move|p1a: Dragonite|Scale Shot|p2a: Weezing
|-immune|p2a: Weezing
|move|p1b: Sneasler|Dire Claw|p2b: Annihilape
|-resisted|p2b: Annihilape
|-damage|p2b: Annihilape|0 fnt
|faint|p2b: Annihilape
|
|upkeep
|
|t:|1756676837
|switch|p2b: Talonflame|Talonflame, L50, F|100/100
|turn|4
|
|t:|1756676857
|move|p1a: Dragonite|Protect|p1a: Dragonite
|-singleturn|p1a: Dragonite|Protect
|move|p1b: Sneasler|Throat Chop|p2b: Talonflame
|-damage|p2b: Talonflame|57/100
|move|p2b: Talonflame|Tailwind|p2b: Talonflame
|-sidestart|p2: Gentlefish|move: Tailwind
|move|p2a: Weezing|Sludge Bomb|p1a: Dragonite
|-activate|p1a: Dragonite|move: Protect
|
|-sideend|p1: alex_vgc_ready|move: Tailwind
|upkeep
|turn|5
|
|t:|1756676876
|move|p1b: Sneasler|Protect|p1b: Sneasler
|-singleturn|p1b: Sneasler|Protect
|move|p2b: Talonflame|Flare Blitz|p1b: Sneasler
|-activate|p1b: Sneasler|move: Protect
|move|p2a: Weezing|Sludge Bomb|p1a: Dragonite
|-damage|p1a: Dragonite|0 fnt
|faint|p1a: Dragonite
|
|upkeep
|
|t:|1756676888
|switch|p1a: Gholdengo|Gholdengo, L50|100/100
|turn|6
|inactive|alex_vgc_ready has 30 seconds left.
|inactive|Gentlefish has 30 seconds left.
|
|t:|1756676919
|-terastallize|p1a: Gholdengo|Water
|move|p2b: Talonflame|Flare Blitz|p1a: Gholdengo
|-resisted|p1a: Gholdengo
|-damage|p1a: Gholdengo|77/100
|-damage|p2b: Talonflame|48/100|[from] Recoil
|move|p2a: Weezing|Strange Steam|p1b: Sneasler
|-damage|p1b: Sneasler|0 fnt
|faint|p1b: Sneasler
|move|p1a: Gholdengo|Make It Rain|p2b: Talonflame|[spread] p2a,p2b
|-supereffective|p2a: Weezing
|-resisted|p2b: Talonflame
|-damage|p2a: Weezing|0 fnt
|-damage|p2b: Talonflame|3/100
|-unboost|p1a: Gholdengo|spa|1
|faint|p2a: Weezing
|-end|p2a: Weezing|ability: Neutralizing Gas
|-damage|p1a: Gholdengo|67/100|[from] item: Life Orb
|
|upkeep
|
|t:|1756676921
|switch|p1b: Ursaluna|Ursaluna-Bloodmoon, L50, M|100/100
|switch|p2a: Garchomp|Garchomp, L50, M|100/100
|turn|7
|
|t:|1756676929
|-terastallize|p2a: Garchomp|Ground
|move|p1b: Ursaluna|Vacuum Wave|p2b: Talonflame
|-resisted|p2b: Talonflame
|-damage|p2b: Talonflame|0 fnt
|faint|p2b: Talonflame
|move|p2a: Garchomp|Earthquake|p1a: Gholdengo|[spread] p1a,p1b
|-damage|p1a: Gholdengo|0 fnt
|-damage|p1b: Ursaluna|51/100
|faint|p1a: Gholdengo
|-damage|p2a: Garchomp|91/100|[from] item: Life Orb
|
|-sideend|p2: Gentlefish|move: Tailwind
|upkeep
|turn|8
|
|t:|1756676942
|move|p2a: Garchomp|Earthquake|p1b: Ursaluna
|-damage|p1b: Ursaluna|0 fnt
|faint|p1b: Ursaluna
|-damage|p2a: Garchomp|81/100|[from] item: Life Orb
|
|win|Gentlefish
||Gentlefish is ready for game 2.
||alex_vgc_ready is ready for game 2.
|uhtml|next|Next: Game 2 of 3
|l|☆alex_vgc_ready
|player|p1|
