|j|☆not a 3
|j|☆dylanpika99
|html|not a 3dylanpika99    
|uhtml|bestof|Game 2 of a best-of-3
|t:|1783061472
|gametype|doubles
|player|p1|not a 3|smasher|
|player|p2|dylanpika99|bianca|
|gen|9
|tier|[Gen 9 Champions] VGC 2026 Reg M-B (Bo3)
|rule|Species Clause: Limit one of each Pokémon
|rule|Item Clause: Limit 1 of each item
|clearpoke
|poke|p1|Raichu, L50, M|
|poke|p1|Maushold, L50|
|poke|p1|Basculegion, L50, M|
|poke|p1|Tsareena, L50, F|
|poke|p1|Sableye, L50, M|
|poke|p1|Incineroar, L50, F|
|poke|p2|Eelektross, L50, M|
|poke|p2|Grimmsnarl, L50, M|
|poke|p2|Incineroar, L50, F|
|poke|p2|Gholdengo, L50|
|poke|p2|Maushold-Four, L50|
|poke|p2|Garchomp, L50, M|
|teampreview|4
|showteam|p1|Raichu||RaichuniteY|LightningRod|ZapCannon,FocusBlast,VoltSwitch,Protect|Timid||M|||50|]Maushold||FocusSash|FriendGuard|Encore,Protect,Feint,FollowMe|Serious|||||50|]Basculegion||ChoiceScarf|Adaptability|LastRespects,WaveCrash,FlipTurn,AquaJet|Jolly||M|||50|]Tsareena||WideLens|QueenlyMajesty|PowerWhip,TripleAxel,Protect,Uturn|Adamant||F|||50|]Sableye||RoseliBerry|Prankster|Quash,Encore,Feint,FakeOut|Impish||M|||50|]Incineroar||SitrusBerry|Intimidate|FlareBlitz,Protect,FakeOut,PartingShot|Sassy||F|||50|
|showteam|p2|Eelektross||Eelektrossite|Levitate|ThunderPunch,DrainPunch,Coil,Protect|Adamant||M|||50|]Grimmsnarl||LightClay|Prankster|Reflect,LightScreen,PartingShot,SpiritBreak|Impish||M|||50|]Incineroar||Leftovers|Intimidate|FlareBlitz,PartingShot,FakeOut,WillOWisp|Careful||F|||50|]Gholdengo||LifeOrb|GoodasGold|MakeItRain,ShadowBall,NastyPlot,Protect|Modest|||||50|]Maushold-Four||SitrusBerry|FriendGuard|SuperFang,FollowMe,ThunderWave,Protect|Impish|||||50|]Garchomp||ChoiceScarf|RoughSkin|Earthquake,RockSlide,DragonClaw,IronHead|Serious||M|||50|
|inactive|Battle timer is ON: inactive players will automatically lose when time's up. (requested by not a 3)
|
|t:|1783061507
|teamsize|p1|4
|teamsize|p2|4
|start
|switch|p1a: okay|Incineroar, L50, F|100/100
|switch|p1b: IGB Blast|Raichu, L50, M|100/100
|switch|p2a: Snotsolong|Eelektross, L50, M|100/100
|switch|p2b: Garchomp|Garchomp, L50, M|100/100
|-ability|p1a: okay|Intimidate|boost
|-unboost|p2a: Snotsolong|atk|1
|-unboost|p2b: Garchomp|atk|1
|turn|1
|
|t:|1783061526
|detailschange|p1b: IGB Blast|Raichu-Mega-Y, L50, M
|-mega|p1b: IGB Blast|Raichu|Raichunite Y
|detailschange|p2a: Snotsolong|Eelektross-Mega, L50, M
|-mega|p2a: Snotsolong|Eelektross|Eelektrossite
|move|p1a: okay|Fake Out|p2b: Garchomp
|-damage|p2b: Garchomp|88/100
|-damage|p1a: okay|87/100|[from] ability: Rough Skin|[of] p2b: Garchomp
|cant|p2b: Garchomp|flinch
|move|p1b: IGB Blast|Focus Blast|p2b: Garchomp
|-damage|p2b: Garchomp|34/100
|move|p2a: Snotsolong|Drain Punch|p1a: okay
|-supereffective|p1a: okay|1
|-damage|p1a: okay|55/100
|
|upkeep
|turn|2
|inactive|dylanpika99 has 30 seconds left.
|
|t:|1783061560
|switch|p1a: 4thCorner1st|Basculegion, L50, M|100/100
|move|p2b: Garchomp|Earthquake|p1a: 4thCorner1st|[spread] p1a,p1b
|-immune|p2a: Snotsolong|[from] ability: Eelevate
|-supereffective|p1b: IGB Blast|1
|-damage|p1a: 4thCorner1st|66/100
|-damage|p1b: IGB Blast|0 fnt
|faint|p1b: IGB Blast
|move|p2a: Snotsolong|Coil|p2a: Snotsolong
|-boost|p2a: Snotsolong|atk|1
|-boost|p2a: Snotsolong|def|1
|-boost|p2a: Snotsolong|accuracy|1
|
|upkeep
|
|t:|1783061576
|switch|p1b: okay|Incineroar, L50, F|55/100
|-ability|p1b: okay|Intimidate|boost
|-unboost|p2a: Snotsolong|atk|1
|-unboost|p2b: Garchomp|atk|1
|turn|3
|
|t:|1783061594
|switch|p2b: Incineroar|Incineroar, L50, F|100/100
|-ability|p2b: Incineroar|Intimidate|boost
|-unboost|p1a: 4thCorner1st|atk|1
|-unboost|p1b: okay|atk|1
|move|p2a: Snotsolong|Protect|p2a: Snotsolong
|-singleturn|p2a: Snotsolong|Protect
|move|p1b: okay|Fake Out|p2a: Snotsolong
|-activate|p2a: Snotsolong|move: Protect
|move|p1a: 4thCorner1st|Flip Turn|p2b: Incineroar
|-supereffective|p2b: Incineroar|1
|-damage|p2b: Incineroar|58/100
|
|t:|1783061604
|switch|p1a: Tsaritsa|Tsareena, L50, F|100/100|[from] Flip Turn
|
|-heal|p2b: Incineroar|64/100|[from] item: Leftovers
|upkeep
|turn|4
|inactive|dylanpika99 has 30 seconds left.
|inactive|dylanpika99 has 20 seconds left.
|
|t:|1783061639
|move|p2a: Snotsolong|Coil|p2a: Snotsolong
|-boost|p2a: Snotsolong|atk|1
|-boost|p2a: Snotsolong|def|1
|-boost|p2a: Snotsolong|accuracy|1
|move|p1a: Tsaritsa|U-turn|p2b: Incineroar
|-damage|p2b: Incineroar|43/100
|
|t:|1783061645
|switch|p1a: 4thCorner1st|Basculegion, L50, M|66/100|[from] U-turn
|move|p2b: Incineroar|Will-O-Wisp|p1a: 4thCorner1st
|-status|p1a: 4thCorner1st|brn
|move|p1b: okay|Parting Shot|p2a: Snotsolong
|-unboost|p2a: Snotsolong|atk|1
|-unboost|p2a: Snotsolong|spa|1
|
|t:|1783061649
|switch|p1b: Tsaritsa|Tsareena, L50, F|100/100|[from] Parting Shot
|
|-heal|p2b: Incineroar|49/100|[from] item: Leftovers
|-damage|p1a: 4thCorner1st|60/100 brn|[from] brn
|upkeep
|turn|5
|
|t:|1783061673
|switch|p1b: okay|Incineroar, L50, F|55/100
|-ability|p1b: okay|Intimidate|boost
|-unboost|p2a: Snotsolong|atk|1
|-unboost|p2b: Incineroar|atk|1
|switch|p2b: Grimmsnarl|Grimmsnarl, L50, M|100/100
|move|p1a: 4thCorner1st|Flip Turn|p2b: Grimmsnarl
|-damage|p2b: Grimmsnarl|83/100
|
|t:|1783061681
|switch|p1a: Tsaritsa|Tsareena, L50, F|100/100|[from] Flip Turn
|move|p2a: Snotsolong|Drain Punch|p1a: Tsaritsa
|-damage|p1a: Tsaritsa|84/100
|
|upkeep
|turn|6
|
|t:|1783061696
|move|p2b: Grimmsnarl|Reflect|p2b: Grimmsnarl
|-sidestart|p2: dylanpika99|Reflect
|move|p2a: Snotsolong|Coil|p2a: Snotsolong
|-boost|p2a: Snotsolong|atk|1
|-boost|p2a: Snotsolong|def|1
|-boost|p2a: Snotsolong|accuracy|1
|move|p1a: Tsaritsa|Power Whip|p2b: Grimmsnarl
|-damage|p2b: Grimmsnarl|46/100
|move|p1b: okay|Parting Shot|p2a: Snotsolong
|-unboost|p2a: Snotsolong|atk|1
|-unboost|p2a: Snotsolong|spa|1
|
|t:|1783061703
|switch|p1b: 4thCorner1st|Basculegion, L50, M|60/100 brn|[from] Parting Shot
|
|-damage|p1b: 4thCorner1st|54/100 brn|[from] brn
|upkeep
|turn|7
|inactive|dylanpika99 has 30 seconds left.
|
|t:|1783061738
|switch|p1b: okay|Incineroar, L50, F|55/100
|-ability|p1b: okay|Intimidate|boost
|-unboost|p2a: Snotsolong|atk|1
|-unboost|p2b: Grimmsnarl|atk|1
|move|p2a: Snotsolong|Coil|p2a: Snotsolong
|-boost|p2a: Snotsolong|atk|1
|-boost|p2a: Snotsolong|def|1
|-boost|p2a: Snotsolong|accuracy|1
|move|p1a: Tsaritsa|Triple Axel|p2b: Grimmsnarl
|-damage|p2b: Grimmsnarl|42/100
|-damage|p2b: Grimmsnarl|33/100
|-damage|p2b: Grimmsnarl|20/100y
|-hitcount|p2b: Grimmsnarl|3
|move|p2b: Grimmsnarl|Spirit Break|p1a: Tsaritsa
|-damage|p1a: Tsaritsa|61/100
|-unboost|p1a: Tsaritsa|spa|1
|
|upkeep
|turn|8
|inactive|dylanpika99 has 30 seconds left.
|inactive|dylanpika99 has 20 seconds left.
|
|t:|1783061773
|switch|p1a: 4thCorner1st|Basculegion, L50, M|54/100 brn
|move|p2a: Snotsolong|Coil|p2a: Snotsolong
|-boost|p2a: Snotsolong|atk|1
|-boost|p2a: Snotsolong|def|1
|-boost|p2a: Snotsolong|accuracy|1
|move|p2b: Grimmsnarl|Spirit Break|p1a: 4thCorner1st
|-damage|p1a: 4thCorner1st|28/100 brn
|-unboost|p1a: 4thCorner1st|spa|1
|move|p1b: okay|Parting Shot|p2a: Snotsolong
|-unboost|p2a: Snotsolong|atk|1
|-unboost|p2a: Snotsolong|spa|1
|
|t:|1783061781
|switch|p1b: Tsaritsa|Tsareena, L50, F|61/100|[from] Parting Shot
|
|-damage|p1a: 4thCorner1st|22/100 brn|[from] brn
|upkeep
|turn|9
|
|t:|1783061799
|move|p1a: 4thCorner1st|Flip Turn|p2b: Grimmsnarl
|-damage|p2b: Grimmsnarl|7/100
|
|t:|1783061802
|switch|p1a: okay|Incineroar, L50, F|55/100|[from] Flip Turn
|-ability|p1a: okay|Intimidate|boost
|-unboost|p2a: Snotsolong|atk|1
|-unboost|p2b: Grimmsnarl|atk|1
|move|p2a: Snotsolong|Coil|p2a: Snotsolong
|-boost|p2a: Snotsolong|atk|1
|-boost|p2a: Snotsolong|def|1
|-boost|p2a: Snotsolong|accuracy|1
|move|p1b: Tsaritsa|Triple Axel|p2b: Grimmsnarl
|-damage|p2b: Grimmsnarl|3/100
|-damage|p2b: Grimmsnarl|0 fnt
|faint|p2b: Grimmsnarl
|-hitcount|p2: Grimmsnarl|2
|
|upkeep
|
|t:|1783061821
|switch|p2b: Incineroar|Incineroar, L50, F|49/100
|-ability|p2b: Incineroar|Intimidate|boost
|-unboost|p1a: okay|atk|1
|-unboost|p1b: Tsaritsa|atk|1
|turn|10
|
|t:|1783061841
|move|p1a: okay|Fake Out|p2b: Incineroar
|-damage|p2b: Incineroar|45/100
|move|p2a: Snotsolong|Coil|p2a: Snotsolong
|-boost|p2a: Snotsolong|atk|1
|-boost|p2a: Snotsolong|def|0
|-boost|p2a: Snotsolong|accuracy|0
|move|p1b: Tsaritsa|U-turn|p2b: Incineroar
|-damage|p2b: Incineroar|36/100
|
|t:|1783061848
|switch|p1b: 4thCorner1st|Basculegion, L50, M|22/100 brn|[from] U-turn
|cant|p2b: Incineroar|flinch
|
|-heal|p2b: Incineroar|42/100|[from] item: Leftovers
|-damage|p1b: 4thCorner1st|16/100 brn|[from] brn
|upkeep
|turn|11
|inactive|dylanpika99 has 30 seconds left.
|
|t:|1783061878
|move|p2a: Snotsolong|Protect|p2a: Snotsolong
|-singleturn|p2a: Snotsolong|Protect
|move|p1b: 4thCorner1st|Flip Turn|p2a: Snotsolong
|-activate|p2a: Snotsolong|move: Protect
|move|p2b: Incineroar|Flare Blitz|p1b: 4thCorner1st
|-resisted|p1b: 4thCorner1st|1
|-damage|p1b: 4thCorner1st|0 fnt
|faint|p1b: 4thCorner1st
|-damage|p2b: Incineroar|37/100|[from] Recoil
|move|p1a: okay|Parting Shot|p2a: Snotsolong
|-activate|p2a: Snotsolong|move: Protect
|
|-heal|p2b: Incineroar|43/100|[from] item: Leftovers
|upkeep
|
|t:|1783061881
|switch|p1b: Tsaritsa|Tsareena, L50, F|61/100
|turn|12
|
|t:|1783061907
|move|p1b: Tsaritsa|Protect|p1b: Tsaritsa
|-singleturn|p1b: Tsaritsa|Protect
|move|p2a: Snotsolong|Coil|p2a: Snotsolong
|-boost|p2a: Snotsolong|atk|1
|-boost|p2a: Snotsolong|def|0
|-boost|p2a: Snotsolong|accuracy|0
|move|p2b: Incineroar|Flare Blitz|p1b: Tsaritsa
|-activate|p1b: Tsaritsa|move: Protect
|move|p1a: okay|Parting Shot|p2a: Snotsolong
|-unboost|p2a: Snotsolong|atk|1
|-unboost|p2a: Snotsolong|spa|1
|
|-heal|p2b: Incineroar|49/100|[from] item: Leftovers
|upkeep
|turn|13
|
|t:|1783061924
|move|p1b: Tsaritsa|Protect||[still]
|-fail|p1b: Tsaritsa
|move|p2a: Snotsolong|Coil|p2a: Snotsolong
|-boost|p2a: Snotsolong|atk|1
|-boost|p2a: Snotsolong|def|0
|-boost|p2a: Snotsolong|accuracy|0
|move|p2b: Incineroar|Flare Blitz|p1b: Tsaritsa
|-supereffective|p1b: Tsaritsa|1
|-damage|p1b: Tsaritsa|0 fnt
|faint|p1b: Tsaritsa
|-damage|p2b: Incineroar|32/100|[from] Recoil
|move|p1a: okay|Flare Blitz|p2a: Snotsolong
|-damage|p2a: Snotsolong|93/100
|-damage|p1a: okay|53/100|[from] Recoil
|
|-heal|p2b: Incineroar|38/100|[from] item: Leftovers
|-sideend|p2: dylanpika99|Reflect
|upkeep
|turn|14
|-message|not a 3 forfeited.
|
|win|dylanpika99
|l|☆not a 3
|player|p1|
||not a 3 is ready for game 3.
||dylanpika99 is ready for game 3.
|uhtml|next|Next: Game 3 of 3
