|j|☆Yuste3_
|j|☆mattf315
|html|Yuste3_mattf315    
|uhtml|bestof|Game 3 of a best-of-3
|t:|1756246619
|gametype|doubles
|player|p1|Yuste3_|lucas|1067
|player|p2|mattf315|2|1082
|gen|9
|tier|[Gen 9] VGC 2025 Reg H (Bo3)
|rated|
|rule|Species Clause: Limit one of each Pokémon
|rule|Item Clause: Limit 1 of each item
|clearpoke
|poke|p1|Maushold-Four, L50|
|poke|p1|Archaludon, L50, F|
|poke|p1|Volcarona, L50, M|
|poke|p1|Whimsicott, L50, M|
|poke|p1|Indeedee, L50, M|
|poke|p1|Delphox, L50, F|
|poke|p2|Gallade, L50, M|
|poke|p2|Amoonguss, L50, M|
|poke|p2|Indeedee-F, L50, F|
|poke|p2|Incineroar, L50, M|
|poke|p2|Ursaluna, L50, M|
|poke|p2|Sylveon, L50, M|
|teampreview|4
|showteam|p1|Maushold-Four||WideLens|FriendGuard|PopulationBomb,FollowMe,FakeTears,Protect||||||50|,,,,,Ghost]Archaludon||PowerHerb|Stamina|BodyPress,FlashCannon,ElectroShot,Protect|||F|||50|,,,,,Fighting]Volcarona||RockyHelmet|FlameBody|TeraBlast,StruggleBug,QuiverDance,Protect|||M|||50|,,,,,Fairy]Whimsicott||CovertCloak|Prankster|Moonblast,LightScreen,Encore,Tailwind|||M|||50|,,,,,Water]Indeedee||ChoiceScarf|PsychicSurge|ExpandingForce,HyperVoice,Psychic,Trick|||M|||50|,,,,,Psychic]Delphox||PsychicSeed|Magician|HeatWave,ExpandingForce,TeraBlast,Protect|||F|||50|,,,,,Fighting
|showteam|p2|Gallade||ScopeLens|Sharpness|PsychoCut,SacredSword,NightSlash,TrickRoom|||M|||50|,,,,,Dark]Amoonguss||RockyHelmet|Regenerator|PollenPuff,RagePowder,Spore,ClearSmog|||M|||50|,,,,,Water]Indeedee-F||PsychicSeed|PsychicSurge|Psychic,FollowMe,HelpingHand,TrickRoom|||F|||50|,,,,,Fairy]Incineroar||SafetyGoggles|Intimidate|FakeOut,FlareBlitz,KnockOff,PartingShot|||M|||50|,,,,,Ghost]Ursaluna||FlameOrb|Guts|Facade,HeadlongRush,BrickBreak,Protect|||M|||50|,,,,,Normal]Sylveon||ThroatSpray|Pixilate|HyperVoice,TeraBlast,CalmMind,Protect|||M|||50|,,,,,Water
|inactive|Battle timer is ON: inactive players will automatically lose when time's up. (requested by Yuste3_)
|
|t:|1756246648
|teamsize|p1|4
|teamsize|p2|4
|start
|switch|p1a: Indeedee|Indeedee, L50, M|100/100
|switch|p1b: Delphox|Delphox, L50, F|100/100
|switch|p2a: Amoonguss|Amoonguss, L50, M|100/100
|switch|p2b: Gallade|Gallade, L50, M|100/100
|-fieldstart|move: Psychic Terrain|[from] ability: Psychic Surge|[of] p1a: Indeedee
|-enditem|p1b: Delphox|Psychic Seed
|-boost|p1b: Delphox|spd|1|[from] item: Psychic Seed
|turn|1
|
|t:|1756246671
|-terastallize|p1a: Indeedee|Psychic
|move|p2a: Amoonguss|Rage Powder|p2a: Amoonguss
|-singleturn|p2a: Amoonguss|move: Rage Powder
|move|p1a: Indeedee|Expanding Force|p2b: Gallade|[spread] p2a,p2b
|-supereffective|p2a: Amoonguss
|-damage|p2a: Amoonguss|0 fnt
|-damage|p2b: Gallade|33/100
|faint|p2a: Amoonguss
|move|p1b: Delphox|Heat Wave|p2b: Gallade
|-damage|p2b: Gallade|0 fnt
|faint|p2b: Gallade
|-item|p1b: Delphox|Scope Lens|[from] ability: Magician|[of] p2: Gallade
|
|upkeep
|
|t:|1756246683
|switch|p2b: Ursaluna|Ursaluna, L50, M|100/100
|switch|p2a: Incineroar|Incineroar, L50, M|100/100
|-ability|p2a: Incineroar|Intimidate|boost
|-unboost|p1a: Indeedee|atk|1
|-unboost|p1b: Delphox|atk|1
|turn|2
|
|t:|1756246698
|move|p2b: Ursaluna|Protect|p2b: Ursaluna
|-singleturn|p2b: Ursaluna|Protect
|move|p1a: Indeedee|Expanding Force|p2b: Ursaluna|[spread] 
|-activate|p2b: Ursaluna|move: Protect
|-immune|p2a: Incineroar
|move|p1b: Delphox|Expanding Force|p2a: Incineroar|[spread] 
|-activate|p2b: Ursaluna|move: Protect
|-immune|p2a: Incineroar
|move|p2a: Incineroar|Knock Off|p1a: Indeedee
|-supereffective|p1a: Indeedee
|-damage|p1a: Indeedee|0 fnt
|-enditem|p1a: Indeedee|Choice Scarf|[from] move: Knock Off|[of] p2a: Incineroar
|faint|p1a: Indeedee
|
|-status|p2b: Ursaluna|brn|[from] item: Flame Orb
|upkeep
|
|t:|1756246703
|switch|p1a: Whimsicott|Whimsicott, L50, M|100/100
|turn|3
|inactive|mattf315 has 30 seconds left.
|
|t:|1756246728
|move|p1a: Whimsicott|Encore|p2b: Ursaluna
|-activate|p2b: Ursaluna|move: Psychic Terrain
|move|p1b: Delphox|Expanding Force|p2a: Incineroar|[spread] p2b
|-immune|p2a: Incineroar
|-damage|p2b: Ursaluna|60/100 brn
|move|p2a: Incineroar|Parting Shot|p1b: Delphox
|-unboost|p1b: Delphox|atk|1
|-unboost|p1b: Delphox|spa|1
|move|p2b: Ursaluna|Facade|p1b: Delphox
|-damage|p1b: Delphox|0 fnt
|faint|p1b: Delphox
|
|-damage|p2b: Ursaluna|54/100 brn|[from] brn
|upkeep
|
|t:|1756246738
|switch|p1b: Volcarona|Volcarona, L50, M|100/100
|turn|4
|
|t:|1756246759
|move|p1a: Whimsicott|Moonblast|p2b: Ursaluna
|-damage|p2b: Ursaluna|34/100 brn
|move|p1b: Volcarona|Struggle Bug|p2a: Incineroar|[spread] p2a,p2b
|-damage|p2a: Incineroar|81/100
|-damage|p2b: Ursaluna|17/100 brn
|-unboost|p2a: Incineroar|spa|1
|-unboost|p2b: Ursaluna|spa|1
|move|p2a: Incineroar|Flare Blitz|p1a: Whimsicott
|-supereffective|p1a: Whimsicott
|-damage|p1a: Whimsicott|9/100
|-damage|p2a: Incineroar|56/100|[from] Recoil
|move|p2b: Ursaluna|Facade|p1b: Volcarona
|-damage|p1b: Volcarona|0 fnt
|-damage|p2b: Ursaluna|1/100 brn|[from] item: Rocky Helmet|[of] p1b: Volcarona
|faint|p1b: Volcarona
|
|-damage|p2b: Ursaluna|0 fnt|[from] brn
|faint|p2b: Ursaluna
|upkeep
|turn|5
|
|t:|1756246778
|move|p1a: Whimsicott|Moonblast|p2a: Incineroar
|-damage|p2a: Incineroar|29/100
|move|p2a: Incineroar|Flare Blitz|p1a: Whimsicott
|-supereffective|p1a: Whimsicott
|-damage|p1a: Whimsicott|0 fnt
|faint|p1a: Whimsicott
|-damage|p2a: Incineroar|27/100|[from] Recoil
|
|win|mattf315
|raw|Yuste3_'s rating: 1067 → 1048(-19 for losing)
|raw|mattf315's rating: 1082 → 1109(+27 for winning)
|l|☆Yuste3_
|player|p1|
|c|☆mattf315|gg
|c|☆mattf315|Nice move with the tera psychic!
