|j|☆lux raimundi
|j|☆Jfjshabbdbaha
|html|lux raimundiJfjshabbdbaha    
|uhtml|bestof|Game 2 of a best-of-3
|t:|1784319192
|gametype|doubles
|player|p1|lux raimundi|266|1142
|player|p2|Jfjshabbdbaha|colress|1051
|gen|9
|tier|[Gen 9 Champions] VGC 2026 Reg M-B (Bo3)
|rated|
|rule|Species Clause: Limit one of each Pokémon
|rule|Item Clause: Limit 1 of each item
|clearpoke
|poke|p1|Sneasler, L50, M|
|poke|p1|Blastoise, L50, M|
|poke|p1|Kingambit, L50, M|
|poke|p1|Incineroar, L50, M|
|poke|p1|Delphox, L50, F|
|poke|p1|Sinistcha, L50|
|poke|p2|Grimmsnarl, L50, M|
|poke|p2|Excadrill, L50, M|
|poke|p2|Sylveon, L50, F|
|poke|p2|Greninja, L50, F|
|poke|p2|Sinistcha-Masterpiece, L50|
|poke|p2|Tyranitar, L50, F|
|teampreview|4
|showteam|p1|Sneasler||FocusSash|PoisonTouch|PoisonJab,CloseCombat,FakeOut,QuickGuard|Jolly||M|||50|]Blastoise||Blastoisinite|RainDish|DarkPulse,WaterSpout,ShellSmash,Protect|Modest||M|||50|]Kingambit||BlackGlasses|Defiant|KowtowCleave,SuckerPunch,SwordsDance,Protect|Adamant||M|||50|]Incineroar||SitrusBerry|Intimidate|FlareBlitz,HelpingHand,PartingShot,FakeOut|Careful||M|||50|]Delphox||Delphoxite|Blaze|HeatWave,NastyPlot,Psyshock,Protect|Modest||F|||50|]Sinistcha||KasibBerry|Hospitality|MatchaGotcha,RagePowder,TrickRoom,Protect|Bold|||||50|
|showteam|p2|Grimmsnarl||RoseliBerry|Prankster|FakeOut,PartingShot,FakeTears,FoulPlay|Careful||M|||50|]Excadrill||FocusSash|SandRush|Earthquake,RockSlide,IronHead,Protect|Adamant||M|||50|]Sylveon||FairyFeather|Pixilate|HyperVoice,Protect,HyperBeam,QuickAttack|Quiet||F|||50|]Greninja||Greninjite|Protean|WeatherBall,IceBeam,Protect,SludgeWave|Timid||F|||50|]Sinistcha-Masterpiece||CobaBerry|Heatproof|Protect,TrickRoom,MatchaGotcha,RagePowder|Quiet|||||50|]Tyranitar||Tyranitarite|SandStream|RockSlide,KnockOff,LowKick,Protect|Adamant||F|||50|
|
|t:|1784319215
|teamsize|p1|4
|teamsize|p2|4
|start
|switch|p1a: Sneasler|Sneasler, L50, M|100/100
|switch|p1b: Blastoise|Blastoise, L50, M|100/100
|switch|p2a: Sinistcha|Sinistcha-Masterpiece, L50|100/100
|switch|p2b: Grimmsnarl|Grimmsnarl, L50, M|100/100
|turn|1
|
|t:|1784319263
|detailschange|p1b: Blastoise|Blastoise-Mega, L50, M
|-mega|p1b: Blastoise|Blastoise|Blastoisinite
|move|p2a: Sinistcha|Protect|p2a: Sinistcha
|-singleturn|p2a: Sinistcha|Protect
|move|p1a: Sneasler|Fake Out|p2b: Grimmsnarl
|-damage|p2b: Grimmsnarl|83/100
|cant|p2b: Grimmsnarl|flinch
|move|p1b: Blastoise|Dark Pulse|p2a: Sinistcha
|-activate|p2a: Sinistcha|move: Protect
|
|upkeep
|turn|2
|
|t:|1784319284
|switch|p2a: Tyranitar|Tyranitar, L50, F|100/100
|-weather|Sandstorm|[from] ability: Sand Stream|[of] p2a: Tyranitar
|move|p1a: Sneasler|Quick Guard|p1a: Sneasler
|-singleturn|p1a: Sneasler|Quick Guard
|move|p2b: Grimmsnarl|Parting Shot|p1b: Blastoise
|-activate|p1b: Blastoise|move: Quick Guard
|move|p1b: Blastoise|Dark Pulse|p2a: Tyranitar
|-resisted|p2a: Tyranitar|1
|-damage|p2a: Tyranitar|86/100
|
|-weather|Sandstorm|[upkeep]
|-damage|p1a: Sneasler|94/100|[from] Sandstorm
|-damage|p1b: Blastoise|94/100|[from] Sandstorm
|-damage|p2b: Grimmsnarl|77/100|[from] Sandstorm
|upkeep
|turn|3
|
|t:|1784319301
|move|p2a: Tyranitar|Protect|p2a: Tyranitar
|-singleturn|p2a: Tyranitar|Protect
|move|p1a: Sneasler|Close Combat|p2a: Tyranitar
|-activate|p2a: Tyranitar|move: Protect
|move|p1b: Blastoise|Shell Smash|p1b: Blastoise
|-unboost|p1b: Blastoise|def|1
|-unboost|p1b: Blastoise|spd|1
|-boost|p1b: Blastoise|atk|2
|-boost|p1b: Blastoise|spa|2
|-boost|p1b: Blastoise|spe|2
|move|p2b: Grimmsnarl|Foul Play|p1b: Blastoise
|-damage|p1b: Blastoise|3/100
|
|-weather|Sandstorm|[upkeep]
|-damage|p1b: Blastoise|0 fnt|[from] Sandstorm
|-damage|p1a: Sneasler|88/100|[from] Sandstorm
|-damage|p2b: Grimmsnarl|71/100|[from] Sandstorm
|faint|p1b: Blastoise
|upkeep
|
|t:|1784319309
|switch|p1b: Incineroar|Incineroar, L50, M|100/100
|-ability|p1b: Incineroar|Intimidate|boost
|-unboost|p2a: Tyranitar|atk|1
|-unboost|p2b: Grimmsnarl|atk|1
|turn|4
|
|t:|1784319318
|switch|p2a: Sinistcha|Sinistcha-Masterpiece, L50|100/100
|move|p1b: Incineroar|Fake Out|p2b: Grimmsnarl
|-damage|p2b: Grimmsnarl|58/100
|cant|p2b: Grimmsnarl|flinch
|move|p1a: Sneasler|Poison Jab|p2a: Sinistcha
|-damage|p2a: Sinistcha|59/100
|-status|p2a: Sinistcha|psn|[from] ability: Poison Touch|[of] p1a: Sneasler
|
|-weather|Sandstorm|[upkeep]
|-damage|p1a: Sneasler|82/100|[from] Sandstorm
|-damage|p1b: Incineroar|94/100|[from] Sandstorm
|-damage|p2b: Grimmsnarl|52/100|[from] Sandstorm
|-damage|p2a: Sinistcha|53/100 psn|[from] Sandstorm
|-damage|p2a: Sinistcha|41/100 psn|[from] psn
|upkeep
|turn|5
|
|t:|1784319340
|move|p2a: Sinistcha|Protect|p2a: Sinistcha
|-singleturn|p2a: Sinistcha|Protect
|move|p1a: Sneasler|Poison Jab|p2b: Grimmsnarl
|-supereffective|p2b: Grimmsnarl|1
|-damage|p2b: Grimmsnarl|0 fnt
|faint|p2b: Grimmsnarl
|move|p1b: Incineroar|Flare Blitz|p2a: Sinistcha
|-activate|p2a: Sinistcha|move: Protect
|
|-weather|Sandstorm|[upkeep]
|-damage|p1a: Sneasler|77/100|[from] Sandstorm
|-damage|p1b: Incineroar|88/100|[from] Sandstorm
|-damage|p2a: Sinistcha|34/100 psn|[from] Sandstorm
|-damage|p2a: Sinistcha|22/100 psn|[from] psn
|upkeep
|
|t:|1784319342
|switch|p2b: Greninja|Greninja, L50, F|100/100
|turn|6
|
|t:|1784319366
|switch|p1a: Sinistcha|Sinistcha, L50|100/100
|-heal|p1b: Incineroar|100/100|[from] ability: Hospitality|[of] p1a: Sinistcha
|move|p2a: Sinistcha|Rage Powder|p2a: Sinistcha
|-singleturn|p2a: Sinistcha|move: Rage Powder
|move|p2b: Greninja|Weather Ball|p1b: Incineroar
|-start|p2b: Greninja|typechange|Rock|[from] ability: Protean
|-supereffective|p1b: Incineroar|1
|-damage|p1b: Incineroar|30/100
|-enditem|p1b: Incineroar|Sitrus Berry|[eat]
|-heal|p1b: Incineroar|55/100|[from] item: Sitrus Berry
|move|p1b: Incineroar|Parting Shot|p2a: Sinistcha
|-unboost|p2a: Sinistcha|atk|1
|-unboost|p2a: Sinistcha|spa|1
|
|t:|1784319380
|switch|p1b: Sneasler|Sneasler, L50, M|77/100|[from] Parting Shot
|
|-weather|none
|-damage|p2a: Sinistcha|10/100 psn|[from] psn
|upkeep
|turn|7
|
|t:|1784319389
|move|p2b: Greninja|Protect|p2b: Greninja
|-singleturn|p2b: Greninja|Protect
|move|p2a: Sinistcha|Protect|p2a: Sinistcha
|-singleturn|p2a: Sinistcha|Protect
|move|p1b: Sneasler|Close Combat|p2a: Sinistcha
|-activate|p2a: Sinistcha|move: Protect
|move|p1a: Sinistcha|Matcha Gotcha|p2a: Sinistcha|[spread] 
|-activate|p2a: Sinistcha|move: Protect
|-activate|p2b: Greninja|move: Protect
|
|-damage|p2a: Sinistcha|0 fnt|[from] psn
|faint|p2a: Sinistcha
|upkeep
|
|t:|1784319396
|switch|p2a: Tyranitar|Tyranitar, L50, F|86/100
|-weather|Sandstorm|[from] ability: Sand Stream|[of] p2a: Tyranitar
|turn|8
|
|t:|1784319419
|switch|p1b: Incineroar|Incineroar, L50, M|55/100
|-ability|p1b: Incineroar|Intimidate|boost
|-unboost|p2a: Tyranitar|atk|1
|-unboost|p2b: Greninja|atk|1
|detailschange|p2b: Greninja|Greninja-Mega, L50, F
|-mega|p2b: Greninja|Greninja|Greninjite
|move|p1a: Sinistcha|Protect|p1a: Sinistcha
|-singleturn|p1a: Sinistcha|Protect
|move|p2b: Greninja|Ice Beam|p1b: Incineroar
|-start|p2b: Greninja|typechange|Ice|[from] ability: Protean
|-resisted|p1b: Incineroar|1
|-damage|p1b: Incineroar|37/100
|move|p2a: Tyranitar|Knock Off|p1a: Sinistcha
|-activate|p1a: Sinistcha|move: Protect
|
|-weather|Sandstorm|[upkeep]
|-damage|p2b: Greninja|93/100|[from] Sandstorm
|-damage|p1b: Incineroar|31/100|[from] Sandstorm
|-damage|p1a: Sinistcha|93/100|[from] Sandstorm
|upkeep
|turn|9
|
|t:|1784319438
|move|p2b: Greninja|Protect|p2b: Greninja
|-singleturn|p2b: Greninja|Protect
|move|p1b: Incineroar|Fake Out|p2a: Tyranitar
|-resisted|p2a: Tyranitar|1
|-damage|p2a: Tyranitar|82/100
|cant|p2a: Tyranitar|flinch
|move|p1a: Sinistcha|Trick Room|p1a: Sinistcha
|-fieldstart|move: Trick Room|[of] p1a: Sinistcha
|
|-weather|Sandstorm|[upkeep]
|-damage|p1a: Sinistcha|87/100|[from] Sandstorm
|-damage|p1b: Incineroar|25/100|[from] Sandstorm
|-damage|p2b: Greninja|87/100|[from] Sandstorm
|upkeep
|turn|10
|
|t:|1784319451
|move|p2a: Tyranitar|Rock Slide|p1b: Incineroar|[spread] p1a,p1b
|-supereffective|p1b: Incineroar|1
|-damage|p1a: Sinistcha|66/100
|-damage|p1b: Incineroar|0 fnt
|faint|p1b: Incineroar
|cant|p1a: Sinistcha|flinch
|move|p2b: Greninja|Ice Beam|p1a: Sinistcha
|-supereffective|p1a: Sinistcha|1
|-damage|p1a: Sinistcha|0 fnt
|faint|p1a: Sinistcha
|
|-weather|Sandstorm|[upkeep]
|-damage|p2b: Greninja|81/100|[from] Sandstorm
|upkeep
|
|t:|1784319458
|switch|p1b: Sneasler|Sneasler, L50, M|77/100
|turn|11
|
|t:|1784319477
|move|p2a: Tyranitar|Protect|p2a: Tyranitar
|-singleturn|p2a: Tyranitar|Protect
|move|p2b: Greninja|Protect|p2b: Greninja
|-singleturn|p2b: Greninja|Protect
|move|p1b: Sneasler|Close Combat|p2b: Greninja
|-activate|p2b: Greninja|move: Protect
|
|-weather|Sandstorm|[upkeep]
|-damage|p1b: Sneasler|71/100|[from] Sandstorm
|-damage|p2b: Greninja|75/100|[from] Sandstorm
|upkeep
|turn|12
|
|t:|1784319494
|move|p2b: Greninja|Protect||[still]
|-fail|p2b: Greninja
|move|p2a: Tyranitar|Knock Off|p1b: Sneasler
|-resisted|p1b: Sneasler|1
|-crit|p1b: Sneasler
|-damage|p1b: Sneasler|1/100
|-enditem|p1b: Sneasler|Focus Sash|[from] move: Knock Off|[of] p2a: Tyranitar
|move|p1b: Sneasler|Close Combat|p2b: Greninja
|-supereffective|p2b: Greninja|1
|-damage|p2b: Greninja|0 fnt
|-unboost|p1b: Sneasler|def|1
|-unboost|p1b: Sneasler|spd|1
|faint|p2b: Greninja
|
|-weather|none
|upkeep
|turn|13
|c|☆lux raimundi|...
|-message|Jfjshabbdbaha forfeited.
|raw|lux raimundi's rating: 1142 → 1161(+19 for winning)
|raw|Jfjshabbdbaha's rating: 1051 → 1038(-13 for losing)
|
|win|lux raimundi
