|j|☆tmjp01
|j|☆merr123
|html|tmjp01merr123    
|uhtml|bestof|Game 2 of a best-of-3
|t:|1782541684
|gametype|doubles
|player|p1|tmjp01|2|1234
|player|p2|merr123|2|1307
|gen|9
|tier|[Gen 9 Champions] VGC 2026 Reg M-B (Bo3)
|rated|
|rule|Species Clause: Limit one of each Pokémon
|rule|Item Clause: Limit 1 of each item
|clearpoke
|poke|p1|Corviknight, L50, F|
|poke|p1|Tyranitar, L50, M|
|poke|p1|Hydreigon, L50, F|
|poke|p1|Froslass, L50, F|
|poke|p1|Garchomp, L50, M|
|poke|p1|Arcanine-Hisui, L50, M|
|poke|p2|Sneasler, L50, F|
|poke|p2|Staraptor, L50, M|
|poke|p2|Sinistcha, L50|
|poke|p2|Kingambit, L50, M|
|poke|p2|Manectric, L50, F|
|poke|p2|Garchomp, L50, M|
|teampreview|4
|showteam|p1|Corviknight||OccaBerry|MirrorArmor|BraveBird,Protect,IronHead,Tailwind|Adamant||F|||50|]Tyranitar||Tyranitarite|SandStream|Protect,KnockOff,RockSlide,DragonDance|Adamant||M|||50|]Hydreigon||ChoiceScarf|Levitate|DarkPulse,DracoMeteor,EarthPower,ZenHeadbutt|Timid||F|||50|]Froslass||Froslassite|CursedBody|Blizzard,Protect,ShadowBall,WeatherBall|Timid||F|||50|]Garchomp||LifeOrb|RoughSkin|Protect,DragonClaw,RockSlide,Earthquake|Jolly||M|||50|]Arcanine-Hisui||FocusSash|RockHead|Protect,HeadSmash,ExtremeSpeed,FlareBlitz|Adamant||M|||50|
|showteam|p2|Sneasler||FocusSash|PoisonTouch|FakeOut,CloseCombat,DireClaw,Coaching|Jolly||F|||50|]Staraptor||Staraptite|Intimidate|CloseCombat,BraveBird,Tailwind,Protect|Adamant||M|||50|]Sinistcha||SitrusBerry|Hospitality|MatchaGotcha,RagePowder,TrickRoom,Protect|Calm|||||50|]Kingambit||BlackGlasses|Defiant|SwordsDance,KowtowCleave,SuckerPunch,Protect|Adamant||M|||50|]Manectric||Manectite|LightningRod|Thunderbolt,Snarl,VoltSwitch,Protect|Timid||F|||50|]Garchomp||ChoiceScarf|RoughSkin|Earthquake,DragonClaw,StompingTantrum,RockSlide|Jolly||M|||50|
|inactive|Battle timer is ON: inactive players will automatically lose when time's up. (requested by merr123)
|
|t:|1782541708
|teamsize|p1|4
|teamsize|p2|4
|start
|switch|p1a: Corviknight|Corviknight, L50, F|100/100
|switch|p1b: Arcanine|Arcanine-Hisui, L50, M|100/100
|switch|p2a: Sneasler|Sneasler, L50, F|100/100
|switch|p2b: Manectric|Manectric, L50, F|100/100
|turn|1
|
|t:|1782541727
|detailschange|p2b: Manectric|Manectric-Mega, L50, F
|-mega|p2b: Manectric|Manectric|Manectite
|-ability|p2b: Manectric|Intimidate|boost
|-ability|p1a: Corviknight|Mirror Armor
|-unboost|p2b: Manectric|atk|1
|-unboost|p1b: Arcanine|atk|1
|move|p1b: Arcanine|Protect|p1b: Arcanine
|-singleturn|p1b: Arcanine|Protect
|move|p2b: Manectric|Volt Switch|p1a: Corviknight
|-supereffective|p1a: Corviknight|1
|-damage|p1a: Corviknight|29/100
|
|t:|1782541736
|switch|p2b: Garchomp|Garchomp, L50, M|100/100|[from] Volt Switch
|move|p2a: Sneasler|Coaching|p2b: Garchomp
|-boost|p2b: Garchomp|atk|1
|-boost|p2b: Garchomp|def|1
|move|p1a: Corviknight|Tailwind|p1a: Corviknight
|-sidestart|p1: tmjp01|move: Tailwind
|
|upkeep
|turn|2
|inactive|tmjp01 has 30 seconds left.
|inactive|merr123 has 30 seconds left.
|
|t:|1782541770
|move|p1b: Arcanine|Head Smash|p2b: Garchomp
|-resisted|p2b: Garchomp|1
|-damage|p2b: Garchomp|83/100
|-damage|p1b: Arcanine|87/100|[from] ability: Rough Skin|[of] p2b: Garchomp
|move|p2b: Garchomp|Rock Slide|p1b: Arcanine|[spread] p1b
|-miss|p2b: Garchomp|p1a: Corviknight
|-supereffective|p1b: Arcanine|1
|-damage|p1b: Arcanine|12/100
|move|p1a: Corviknight|Brave Bird|p2a: Sneasler
|-supereffective|p2a: Sneasler|1
|-enditem|p2a: Sneasler|Focus Sash
|-damage|p2a: Sneasler|1/100
|-damage|p1a: Corviknight|4/100|[from] Recoil
|move|p2a: Sneasler|Close Combat|p1b: Arcanine
|-supereffective|p1b: Arcanine|1
|-damage|p1b: Arcanine|0 fnt
|-unboost|p2a: Sneasler|def|1
|-unboost|p2a: Sneasler|spd|1
|faint|p1b: Arcanine
|
|upkeep
|
|t:|1782541791
|switch|p1b: Froslass|Froslass, L50, F|100/100
|turn|3
|inactive|merr123 has 30 seconds left.
|
|t:|1782541818
|switch|p2b: Manectric|Manectric-Mega, L50, F|100/100
|-ability|p2b: Manectric|Intimidate|boost
|-ability|p1a: Corviknight|Mirror Armor
|-unboost|p2b: Manectric|atk|1
|-unboost|p1b: Froslass|atk|1
|detailschange|p1b: Froslass|Froslass-Mega, L50, F
|-mega|p1b: Froslass|Froslass|Froslassite
|-weather|Snowscape|[from] ability: Snow Warning|[of] p1b: Froslass
|move|p1b: Froslass|Blizzard|p2a: Sneasler|[spread] p2a,p2b
|-damage|p2a: Sneasler|0 fnt
|-damage|p2b: Manectric|31/100
|faint|p2a: Sneasler
|move|p1a: Corviknight|Brave Bird|p2b: Manectric
|-resisted|p2b: Manectric|1
|-damage|p2b: Manectric|1/100
|-damage|p1a: Corviknight|0 fnt|[from] Recoil
|faint|p1a: Corviknight
|
|-weather|Snowscape|[upkeep]
|upkeep
|
|t:|1782541836
|switch|p2a: Kingambit|Kingambit, L50, M|100/100
|switch|p1a: Hydreigon|Hydreigon, L50, F|100/100
|turn|4
|
|t:|1782541856
|move|p2b: Manectric|Protect|p2b: Manectric
|-singleturn|p2b: Manectric|Protect
|move|p2a: Kingambit|Protect|p2a: Kingambit
|-singleturn|p2a: Kingambit|Protect
|move|p1a: Hydreigon|Earth Power|p2a: Kingambit
|-activate|p2a: Kingambit|move: Protect
|move|p1b: Froslass|Blizzard|p2b: Manectric|[spread] 
|-activate|p2a: Kingambit|move: Protect
|-activate|p2b: Manectric|move: Protect
|
|-weather|Snowscape|[upkeep]
|-sideend|p1: tmjp01|move: Tailwind
|upkeep
|turn|5
|inactive|tmjp01 has 30 seconds left.
|inactive|tmjp01 has 20 seconds left.
|
|t:|1782541892
|move|p2a: Kingambit|Sucker Punch|p1b: Froslass
|-supereffective|p1b: Froslass|1
|-damage|p1b: Froslass|0 fnt
|faint|p1b: Froslass
|move|p1a: Hydreigon|Earth Power|p2a: Kingambit
|-supereffective|p2a: Kingambit|1
|-damage|p2a: Kingambit|43/100
|move|p2b: Manectric|Snarl|p1a: Hydreigon
|-resisted|p1a: Hydreigon|1
|-damage|p1a: Hydreigon|88/100
|-unboost|p1a: Hydreigon|spa|1
|
|-weather|Snowscape|[upkeep]
|upkeep
|turn|6
|
|t:|1782541902
|move|p1a: Hydreigon|Earth Power|p2b: Manectric
|-supereffective|p2b: Manectric|1
|-damage|p2b: Manectric|0 fnt
|faint|p2b: Manectric
|move|p2a: Kingambit|Kowtow Cleave|p1a: Hydreigon
|-resisted|p1a: Hydreigon|1
|-damage|p1a: Hydreigon|56/100
|
|-weather|Snowscape|[upkeep]
|upkeep
|
|t:|1782541904
|switch|p2b: Garchomp|Garchomp, L50, M|83/100
|turn|7
|
|t:|1782541910
|move|p2b: Garchomp|Dragon Claw|p1a: Hydreigon
|-supereffective|p1a: Hydreigon|1
|-damage|p1a: Hydreigon|0 fnt
|faint|p1a: Hydreigon
|
|win|merr123
||merr123 is ready for game 3.
||tmjp01 is ready for game 3.
|uhtml|next|Next: Game 3 of 3
