|j|☆storm2326
|j|☆Reed Strelitzia
|html|storm2326Reed Strelitzia    
|uhtml|bestof|Game 2 of a best-of-3
|t:|1783749375
|gametype|doubles
|player|p1|storm2326|170|1095
|player|p2|Reed Strelitzia|volkner|1100
|gen|9
|tier|[Gen 9 Champions] VGC 2026 Reg M-B (Bo3)
|rated|
|rule|Species Clause: Limit one of each Pokémon
|rule|Item Clause: Limit 1 of each item
|clearpoke
|poke|p1|Mawile, L50, F|
|poke|p1|Farigiraf, L50, F|
|poke|p1|Drampa, L50, M|
|poke|p1|Kleavor, L50, F|
|poke|p1|Azumarill, L50, F|
|poke|p1|Incineroar, L50, M|
|poke|p2|Hydrapple, L50, F, shiny|
|poke|p2|Dragalge, L50, F, shiny|
|poke|p2|Slowking, L50, F|
|poke|p2|Toxapex, L50, F, shiny|
|poke|p2|Reuniclus, L50, F, shiny|
|poke|p2|Meganium, L50, F|
|teampreview|4
|showteam|p1|Mawile||Mawilite|HyperCutter|RockSlide,PlayRough,SuckerPunch,SwordsDance|Brave||F|||50|]Farigiraf||SitrusBerry|ArmorTail|Thunderbolt,HelpingHand,Psychic,TrickRoom|Modest||F|||50|]Drampa||Drampanite|CloudNine|EarthPower,HyperVoice,Thunderbolt,Protect|Quiet||M|||50|]Kleavor||FocusSash|Sharpness|CloseCombat,StoneAxe,XScissor,Feint|Brave||F|||50|]Azumarill||LifeOrb|HugePower|AquaJet,Superpower,PlayRough,Waterfall|Brave||F|||50|]Incineroar||PasshoBerry|Intimidate|FlareBlitz,PartingShot,FakeOut,ThroatChop|Brave||M|||50|
|showteam|p2|Hydrapple||BrightPowder|Regenerator|FickleBeam,BodyPress,Recover,GigaDrain|Relaxed||F|||50|]Dragalge||Dragalgite|PoisonPoint|SludgeBomb,ShadowBall,Scald,DracoMeteor|Rash||F|||50|]Slowking||LifeOrb|Regenerator|Flamethrower,FoulPlay,DrainPunch,Scald|Relaxed||F|||50|]Toxapex||Leftovers|Regenerator|Haze,Toxic,BanefulBunker,AcidSpray|Sassy||F|||50|]Reuniclus||WideLens|Regenerator|TrickRoom,Thunder,Encore,Psyshock|Modest||F|||50|]Meganium||Meganiumite|LeafGuard|WeatherBall,EarthPower,SolarBeam,DazzlingGleam|Quiet||F|||50|
|
|t:|1783749395
|teamsize|p1|4
|teamsize|p2|4
|start
|switch|p1a: Farigiraf|Farigiraf, L50, F|100/100
|switch|p1b: Kleavor|Kleavor, L50, F|100/100
|switch|p2a: Meganium|Meganium, L50, F|100/100
|switch|p2b: Reuniclus|Reuniclus, L50, F, shiny|100/100
|turn|1
|
|t:|1783749415
|detailschange|p2a: Meganium|Meganium-Mega, L50, F
|-mega|p2a: Meganium|Meganium|Meganiumite
|move|p1a: Farigiraf|Helping Hand|p1b: Kleavor
|-singleturn|p1b: Kleavor|Helping Hand|[of] p1a: Farigiraf
|move|p1b: Kleavor|Stone Axe|p2a: Meganium
|-damage|p2a: Meganium|24/100
|-sidestart|p2: Reed Strelitzia|move: Stealth Rock
|move|p2a: Meganium|Solar Beam||[still]
|-prepare|p2a: Meganium|Solar Beam
|-activate|p2a: Meganium|ability: Mega Sol
|-anim|p2a: Meganium|Solar Beam|p1b: Kleavor
|-enditem|p1b: Kleavor|Focus Sash
|-damage|p1b: Kleavor|1/100
|move|p2b: Reuniclus|Trick Room|p2b: Reuniclus
|-fieldstart|move: Trick Room|[of] p2b: Reuniclus
|
|upkeep
|turn|2
|
|t:|1783749436
|move|p1b: Kleavor|Feint|p2a: Meganium
|-damage|p2a: Meganium|14/100
|move|p2b: Reuniclus|Thunder|p1a: Farigiraf
|-damage|p1a: Farigiraf|68/100
|-status|p1a: Farigiraf|par
|move|p1a: Farigiraf|Psychic|p2a: Meganium
|-damage|p2a: Meganium|0 fnt
|faint|p2a: Meganium
|
|upkeep
|inactive|Battle timer is ON: inactive players will automatically lose when time's up. (requested by storm2326)
|
|t:|1783749456
|switch|p2a: Slowking|Slowking, L50, F|100/100
|-damage|p2a: Slowking|87/100|[from] Stealth Rock
|turn|3
|
|t:|1783749481
|move|p1a: Farigiraf|Thunderbolt|p2a: Slowking
|-supereffective|p2a: Slowking|1
|-damage|p2a: Slowking|51/100
|move|p2a: Slowking|Foul Play|p1a: Farigiraf
|-supereffective|p1a: Farigiraf|1
|-damage|p1a: Farigiraf|25/100 par
|-enditem|p1a: Farigiraf|Sitrus Berry|[eat]
|-heal|p1a: Farigiraf|50/100g par|[from] item: Sitrus Berry
|-damage|p2a: Slowking|42/100|[from] item: Life Orb
|move|p2b: Reuniclus|Psyshock|p1b: Kleavor
|-damage|p1b: Kleavor|0 fnt
|faint|p1b: Kleavor
|
|upkeep
|
|t:|1783749487
|switch|p1b: Incineroar|Incineroar, L50, M|100/100
|-ability|p1b: Incineroar|Intimidate|boost
|-unboost|p2a: Slowking|atk|1
|-unboost|p2b: Reuniclus|atk|1
|turn|4
|inactive|Reed Strelitzia has 30 seconds left.
|
|t:|1783749516
|-heal|p2a: Slowking|75/100|[from] ability: Regenerator|[silent]
|switch|p2a: Hydrapple|Hydrapple, L50, F, shiny|100/100
|-damage|p2a: Hydrapple|87/100|[from] Stealth Rock
|move|p1a: Farigiraf|Helping Hand|p1b: Incineroar
|-singleturn|p1b: Incineroar|Helping Hand|[of] p1a: Farigiraf
|move|p2b: Reuniclus|Thunder|p1b: Incineroar|[miss]
|-miss|p2b: Reuniclus|p1b: Incineroar
|move|p1b: Incineroar|Throat Chop|p2a: Hydrapple
|-damage|p2a: Hydrapple|57/100
|-start|p2a: Hydrapple|Throat Chop|[silent]
|
|upkeep
|turn|5
|inactive|Reed Strelitzia has 30 seconds left.
|
|t:|1783749543
|switch|p1a: Mawile|Mawile, L50, F|100/100
|-heal|p2a: Hydrapple|91/100|[from] ability: Regenerator|[silent]
|switch|p2a: Slowking|Slowking, L50, F|75/100
|-damage|p2a: Slowking|62/100|[from] Stealth Rock
|move|p2b: Reuniclus|Thunder|p1b: Incineroar
|-damage|p1b: Incineroar|69/100
|move|p1b: Incineroar|Throat Chop|p2b: Reuniclus
|-supereffective|p2b: Reuniclus|1
|-damage|p2b: Reuniclus|39/100
|-start|p2b: Reuniclus|Throat Chop|[silent]
|
|-fieldend|move: Trick Room
|upkeep
|turn|6
|inactive|Reed Strelitzia has 30 seconds left.
|
|t:|1783749575
|-heal|p2b: Reuniclus|72/100|[from] ability: Regenerator|[silent]
|switch|p2b: Hydrapple|Hydrapple, L50, F, shiny|91/100
|-damage|p2b: Hydrapple|78/100|[from] Stealth Rock
|detailschange|p1a: Mawile|Mawile-Mega, L50, F
|-mega|p1a: Mawile|Mawile|Mawilite
|move|p1a: Mawile|Sucker Punch|p2a: Slowking
|-supereffective|p2a: Slowking|1
|-damage|p2a: Slowking|0 fnt
|faint|p2a: Slowking
|move|p1b: Incineroar|Throat Chop|p2b: Hydrapple
|-damage|p2b: Hydrapple|60/100
|-start|p2b: Hydrapple|Throat Chop|[silent]
|
|upkeep
|
|t:|1783749587
|switch|p2a: Reuniclus|Reuniclus, L50, F, shiny|72/100
|-damage|p2a: Reuniclus|59/100|[from] Stealth Rock
|turn|7
|
|t:|1783749603
|move|p1b: Incineroar|Throat Chop|p2a: Reuniclus
|-supereffective|p2a: Reuniclus|1
|-damage|p2a: Reuniclus|1/100
|-start|p2a: Reuniclus|Throat Chop|[silent]
|move|p1a: Mawile|Play Rough|p2b: Hydrapple
|-supereffective|p2b: Hydrapple|1
|-damage|p2b: Hydrapple|0 fnt
|faint|p2b: Hydrapple
|move|p2a: Reuniclus|Trick Room|p2a: Reuniclus
|-fieldstart|move: Trick Room|[of] p2a: Reuniclus
|
|upkeep
|turn|8
|
|t:|1783749615
|move|p1a: Mawile|Sucker Punch|p2a: Reuniclus
|-supereffective|p2a: Reuniclus|1
|-damage|p2a: Reuniclus|0 fnt
|faint|p2a: Reuniclus
|
|win|storm2326
|raw|storm2326's rating: 1095 → 1121(+26 for winning)
|raw|Reed Strelitzia's rating: 1100 → 1075(-25 for losing)
