|j|☆0Zeru
|j|☆AnIcePancake
|html|0ZeruAnIcePancake    
|uhtml|bestof|Game 2 of a best-of-3
|t:|1785866018
|gametype|doubles
|player|p1|0Zeru|battlegirl-gen4|1105
|player|p2|AnIcePancake|janitor|1040
|gen|9
|tier|[Gen 9 Champions] VGC 2026 Reg M-B (Bo3)
|rated|
|rule|Species Clause: Limit one of each Pokémon
|rule|Item Clause: Limit 1 of each item
|clearpoke
|poke|p1|Basculegion, L50, M|
|poke|p1|Vivillon, L50, M|
|poke|p1|Farigiraf, L50, F|
|poke|p1|Kingambit, L50, F|
|poke|p1|Incineroar, L50, M|
|poke|p1|Floette-Eternal, L50, F|
|poke|p2|Aggron, L50, F|
|poke|p2|Incineroar, L50, M|
|poke|p2|Swampert, L50, M|
|poke|p2|Pelipper, L50, M|
|poke|p2|Basculegion, L50, M|
|poke|p2|Sinistcha, L50|
|teampreview|4
|showteam|p1|Basculegion||ChoiceScarf|Adaptability|WaveCrash,FlipTurn,AquaJet,LastRespects|Adamant||M|||50|]Vivillon||FocusSash|CompoundEyes|SleepPowder,Hurricane,Tailwind,Protect|Timid||M|||50|]Farigiraf||ColburBerry|ArmorTail|TrickRoom,Psychic,Thunderbolt,Protect|Calm||F|||50|]Kingambit||BlackGlasses|Defiant|KowtowCleave,IronHead,SuckerPunch,Protect|Adamant||F|||50|]Incineroar||SitrusBerry|Intimidate|FakeOut,FlareBlitz,ThroatChop,PartingShot|Careful||M|||50|]Floette-Eternal||Floettite|FlowerVeil|Moonblast,DazzlingGleam,LightofRuin,Protect|Modest||F|||50|
|showteam|p2|Aggron||Aggronite|Sturdy|IronDefense,BodyPress,HeavySlam,Protect|Careful||F|||50|]Incineroar||PasshoBerry|Intimidate|FakeOut,PartingShot,HelpingHand,FlareBlitz|Impish||M|||50|]Swampert||Swampertite|Torrent|WaveCrash,Earthquake,FlipTurn,RockSlide|Adamant||M|||50|]Pelipper||WacanBerry|Drizzle|Uturn,KnockOff,WideGuard,WeatherBall|Relaxed||M|||50|]Basculegion||LifeOrb|SwiftSwim|LastRespects,WaveCrash,AquaJet,Protect|Adamant||M|||50|]Sinistcha||SitrusBerry|Hospitality|RagePowder,Protect,MatchaGotcha,Scald|Bold|||||50|
|inactive|Battle timer is ON: inactive players will automatically lose when time's up. (requested by 0Zeru)
|
|t:|1785866046
|teamsize|p1|4
|teamsize|p2|4
|start
|switch|p1a: Vivillon|Vivillon, L50, M|100/100
|switch|p1b: Basculegion|Basculegion, L50, M|100/100
|switch|p2a: Incineroar|Incineroar, L50, M|100/100
|switch|p2b: Swampert|Swampert, L50, M|100/100
|-ability|p2a: Incineroar|Intimidate|boost
|-unboost|p1a: Vivillon|atk|1
|-unboost|p1b: Basculegion|atk|1
|turn|1
|inactive|0Zeru has 30 seconds left.
|
|t:|1785866071
|move|p1a: Vivillon|Protect|p1a: Vivillon
|-singleturn|p1a: Vivillon|Protect
|move|p2a: Incineroar|Fake Out|p1a: Vivillon
|-activate|p1a: Vivillon|move: Protect
|move|p1b: Basculegion|Flip Turn|p2a: Incineroar
|-supereffective|p2a: Incineroar|1
|-enditem|p2a: Incineroar|Passho Berry|[eat]
|-enditem|p2a: Incineroar|Passho Berry|[weaken]
|-damage|p2a: Incineroar|81/100
|
|t:|1785866080
|switch|p1b: Incineroar|Incineroar, L50, M|100/100|[from] Flip Turn
|-ability|p1b: Incineroar|Intimidate|boost
|-unboost|p2a: Incineroar|atk|1
|-unboost|p2b: Swampert|atk|1
|move|p2b: Swampert|Rock Slide|p1a: Vivillon|[spread] p1b
|-activate|p1a: Vivillon|move: Protect
|-supereffective|p1b: Incineroar|1
|-damage|p1b: Incineroar|75/100
|
|upkeep
|turn|2
|
|t:|1785866096
|move|p1b: Incineroar|Fake Out|p2a: Incineroar
|-damage|p2a: Incineroar|73/100
|move|p1a: Vivillon|Sleep Powder|p2b: Swampert
|-status|p2b: Swampert|slp|[from] move: Sleep Powder
|cant|p2b: Swampert|slp
|cant|p2a: Incineroar|flinch
|
|upkeep
|turn|3
|
|t:|1785866106
|move|p1a: Vivillon|Sleep Powder|p2a: Incineroar
|-status|p2a: Incineroar|slp|[from] move: Sleep Powder
|cant|p2b: Swampert|slp
|move|p1b: Incineroar|Parting Shot|p2b: Swampert
|-unboost|p2b: Swampert|atk|1
|-unboost|p2b: Swampert|spa|1
|
|t:|1785866110
|switch|p1b: Floette|Floette-Eternal, L50, F|100/100|[from] Parting Shot
|cant|p2a: Incineroar|slp
|
|upkeep
|turn|4
|
|t:|1785866118
|detailschange|p1b: Floette|Floette-Mega, L50, F
|-mega|p1b: Floette|Floette|Floettite
|-ability|p1b: Floette|Fairy Aura
|move|p1a: Vivillon|Tailwind|p1a: Vivillon
|-sidestart|p1: 0Zeru|move: Tailwind
|move|p1b: Floette|Dazzling Gleam|p2a: Incineroar|[spread] p2a,p2b
|-damage|p2a: Incineroar|21/100 slp
|-damage|p2b: Swampert|47/100 slp
|-curestatus|p2b: Swampert|slp|[msg]
|move|p2b: Swampert|Rock Slide|p1b: Floette|[spread] p1a,p1b
|-supereffective|p1a: Vivillon|2
|-damage|p1a: Vivillon|35/100
|-damage|p1b: Floette|88/100
|cant|p2a: Incineroar|slp
|
|upkeep
|turn|5
|
|t:|1785866134
|move|p1a: Vivillon|Sleep Powder|p2b: Swampert
|-status|p2b: Swampert|slp|[from] move: Sleep Powder
|move|p1b: Floette|Dazzling Gleam|p2a: Incineroar|[spread] p2a,p2b
|-crit|p2a: Incineroar
|-damage|p2a: Incineroar|0 fnt
|-damage|p2b: Swampert|0 fnt
|faint|p2a: Incineroar
|faint|p2b: Swampert
|
|upkeep
|
|t:|1785866137
|switch|p2b: Aggron|Aggron, L50, F|100/100
|switch|p2a: Pelipper|Pelipper, L50, M|100/100
|-weather|RainDance|[from] ability: Drizzle|[of] p2a: Pelipper
|turn|6
|c|☆0Zeru|nice game
|
|t:|1785866155
|detailschange|p2b: Aggron|Aggron-Mega, L50, F
|-mega|p2b: Aggron|Aggron|Aggronite
|move|p1a: Vivillon|Sleep Powder|p2b: Aggron
|-status|p2b: Aggron|slp|[from] move: Sleep Powder
|move|p1b: Floette|Moonblast|p2a: Pelipper
|-damage|p2a: Pelipper|0 fnt
|faint|p2a: Pelipper
|cant|p2b: Aggron|slp
|
|-weather|RainDance|[upkeep]
|upkeep
|turn|7
|c|☆AnIcePancake|ggs
|-message|AnIcePancake forfeited.
|
|win|0Zeru
|raw|0Zeru's rating: 1105 → 1125(+20 for winning)
|raw|AnIcePancake's rating: 1040 → 1027(-13 for losing)
|l|☆AnIcePancake
|player|p2|
|c|☆0Zeru|ggs
