|j|☆Mr.FreakingStevens
|j|☆Cyllage Cyclones
|html|Mr.FreakingStevensCyllage Cyclones    
|uhtml|bestof|Game 1 of a best-of-3
|t:|1756247426
|gametype|doubles
|player|p1|Mr.FreakingStevens|gentleman-gen4dp|1000
|player|p2|Cyllage Cyclones|101|1026
|gen|9
|tier|[Gen 9] VGC 2025 Reg H (Bo3)
|rated|
|rule|Species Clause: Limit one of each Pokémon
|rule|Item Clause: Limit 1 of each item
|clearpoke
|poke|p1|Torkoal, L50, F|
|poke|p1|Farigiraf, L50, F|
|poke|p1|Jumpluff, L50, F|
|poke|p1|Charizard, L50, F|
|poke|p1|Ursaluna, L50, M|
|poke|p1|Garganacl, L50, F|
|poke|p2|Electabuzz, L50, M|
|poke|p2|Pelipper, L50, M|
|poke|p2|Rillaboom, L50, M|
|poke|p2|Basculegion, L50, M|
|poke|p2|Kingambit, L50, M|
|poke|p2|Archaludon, L50, M|
|teampreview|4
|showteam|p1|Torkoal||SitrusBerry|Drought|Eruption,Protect,Flamethrower,EarthPower|||F|||50|,,,,,Fire]Farigiraf||SafetyGoggles|ArmorTail|TrickRoom,DazzlingGleam,HelpingHand,Psychic|||F|||50|,,,,,Fairy]Jumpluff||FocusSash|Chlorophyll|Tailwind,Encore,PollenPuff,SleepPowder|||F|||50|,,,,,Grass]Charizard||LifeOrb|SolarPower|HeatWave,AirSlash,SolarBeam,Protect|||F|||50|,,,,,Fire]Ursaluna||FlameOrb|Guts|Facade,HighHorsepower,Protect,PlayRough|||M|||50|,,,,,Ghost]Garganacl||Leftovers|PurifyingSalt|BodyPress,Protect,SaltCure,Recover|||F|||50|,,,,,Water
|showteam|p2|Electabuzz||Eviolite|VitalSpirit|Electroweb,Protect,FollowMe,Taunt|||M|||50|,,,,,Ghost]Pelipper||FocusSash|Drizzle|WeatherBall,Hurricane,Tailwind,Protect|||M|||50|,,,,,Ghost]Rillaboom||LoadedDice|GrassySurge|BulletSeed,GrassyGlide,FakeOut,HighHorsepower|||M|||50|,,,,,Fire]Basculegion||ChoiceBand|SwiftSwim|WaveCrash,LastRespects,FlipTurn,AquaJet|||M|||50|,,,,,Grass]Kingambit||BlackGlasses|Defiant|KowtowCleave,SuckerPunch,Protect,SwordsDance|||M|||50|,,,,,Dark]Archaludon||AssaultVest|Stamina|DracoMeteor,ElectroShot,FlashCannon,BodyPress|||M|||50|,,,,,Fairy
|inactive|Battle timer is ON: inactive players will automatically lose when time's up. (requested by Cyllage Cyclones)
|inactive|Cyllage Cyclones has 60 seconds left.
|inactive|Cyllage Cyclones has 30 seconds left.
|inactive|Cyllage Cyclones has 20 seconds left.
|inactive|Cyllage Cyclones has 15 seconds left.
|inactive|Cyllage Cyclones has 10 seconds left.
|
|t:|1756247511
|teamsize|p1|4
|teamsize|p2|4
|start
|switch|p1a: Garganacl|Garganacl, L50, F|100/100
|switch|p1b: Farigiraf|Farigiraf, L50, F|100/100
|switch|p2a: Pelipper|Pelipper, L50, M|100/100
|switch|p2b: Basculegion|Basculegion, L50, M|100/100
|-weather|RainDance|[from] ability: Drizzle|[of] p2a: Pelipper
|turn|1
|inactive|Mr.FreakingStevens has 30 seconds left.
|inactive|Cyllage Cyclones has 30 seconds left.
|
|t:|1756247541
|switch|p1b: Torkoal|Torkoal, L50, F|100/100
|-weather|SunnyDay|[from] ability: Drought|[of] p1b: Torkoal
|-terastallize|p1a: Garganacl|Water
|move|p2a: Pelipper|Weather Ball|p1b: Torkoal
|-resisted|p1b: Torkoal
|-damage|p1b: Torkoal|64/100
|move|p2b: Basculegion|Wave Crash|p1b: Torkoal
|-supereffective|p1b: Torkoal
|-damage|p1b: Torkoal|0 fnt
|faint|p1b: Torkoal
|-damage|p2b: Basculegion|85/100|[from] Recoil
|move|p1a: Garganacl|Salt Cure|p2b: Basculegion
|-damage|p2b: Basculegion|69/100
|-start|p2b: Basculegion|Salt Cure
|
|-weather|SunnyDay|[upkeep]
|-damage|p2b: Basculegion|44/100|[from] Salt Cure
|upkeep
|
|t:|1756247554
|switch|p1b: Farigiraf|Farigiraf, L50, F|100/100
|turn|2
|
|t:|1756247576
|move|p2a: Pelipper|Weather Ball|p1b: Farigiraf
|-damage|p1b: Farigiraf|55/100
|move|p2b: Basculegion|Wave Crash|p1b: Farigiraf
|-damage|p1b: Farigiraf|9/100
|-damage|p2b: Basculegion|26/100|[from] Recoil
|move|p1a: Garganacl|Salt Cure|p2a: Pelipper
|-supereffective|p2a: Pelipper
|-damage|p2a: Pelipper|64/100
|-start|p2a: Pelipper|Salt Cure
|move|p1b: Farigiraf|Trick Room|p1b: Farigiraf
|-fieldstart|move: Trick Room|[of] p1b: Farigiraf
|
|-weather|SunnyDay|[upkeep]
|-damage|p2b: Basculegion|2/100|[from] Salt Cure
|-damage|p2a: Pelipper|39/100|[from] Salt Cure
|upkeep
|turn|3
|inactive|Mr.FreakingStevens has 30 seconds left.
|
|t:|1756247605
|switch|p2b: Electabuzz|Electabuzz, L50, M|100/100
|switch|p2a: Archaludon|Archaludon, L50, M|100/100
|move|p1a: Garganacl|Salt Cure|p2a: Archaludon
|-resisted|p2a: Archaludon
|-damage|p2a: Archaludon|96/100
|-start|p2a: Archaludon|Salt Cure
|-ability|p2a: Archaludon|Stamina|boost
|-boost|p2a: Archaludon|def|1
|move|p1b: Farigiraf|Dazzling Gleam|p2a: Archaludon|[spread] p2a,p2b
|-damage|p2a: Archaludon|81/100
|-damage|p2b: Electabuzz|85/100
|-ability|p2a: Archaludon|Stamina|boost
|-boost|p2a: Archaludon|def|1
|
|-weather|SunnyDay|[upkeep]
|-damage|p2a: Archaludon|56/100|[from] Salt Cure
|upkeep
|turn|4
|inactive|Cyllage Cyclones has 30 seconds left.
|inactive|Cyllage Cyclones has 20 seconds left.
|
|t:|1756247641
|move|p1a: Garganacl|Salt Cure|p2b: Electabuzz
|-damage|p2b: Electabuzz|72/100
|-start|p2b: Electabuzz|Salt Cure
|move|p1b: Farigiraf|Psychic|p2b: Electabuzz
|-damage|p2b: Electabuzz|37/100
|move|p2a: Archaludon|Body Press|p1b: Farigiraf
|-damage|p1b: Farigiraf|0 fnt
|faint|p1b: Farigiraf
|move|p2b: Electabuzz|Taunt|p1a: Garganacl
|-start|p1a: Garganacl|move: Taunt
|
|-weather|SunnyDay|[upkeep]
|-damage|p2a: Archaludon|32/100|[from] Salt Cure
|-damage|p2b: Electabuzz|24/100|[from] Salt Cure
|upkeep
|
|t:|1756247652
|switch|p1b: Ursaluna|Ursaluna, L50, M|100/100
|turn|5
|inactive|Mr.FreakingStevens has 30 seconds left.
|inactive|Cyllage Cyclones has 30 seconds left.
|inactive|Mr.FreakingStevens has 20 seconds left.
|inactive|Mr.FreakingStevens has 15 seconds left.
|
|t:|1756247694
|switch|p2b: Pelipper|Pelipper, L50, M|39/100
|-weather|RainDance|[from] ability: Drizzle|[of] p2b: Pelipper
|move|p1a: Garganacl|Body Press|p2a: Archaludon
|-supereffective|p2a: Archaludon
|-damage|p2a: Archaludon|12/100
|-ability|p2a: Archaludon|Stamina|boost
|-boost|p2a: Archaludon|def|1
|move|p1b: Ursaluna|High Horsepower|p2b: Pelipper
|-immune|p2b: Pelipper
|move|p2a: Archaludon|Body Press|p1b: Ursaluna
|-supereffective|p1b: Ursaluna
|-damage|p1b: Ursaluna|4/100
|
|-weather|RainDance|[upkeep]
|-damage|p2a: Archaludon|0 fnt|[from] Salt Cure
|faint|p2a: Archaludon
|-status|p1b: Ursaluna|brn|[from] item: Flame Orb
|upkeep
|
|t:|1756247715
|switch|p2a: Electabuzz|Electabuzz, L50, M|24/100
|turn|6
|
|t:|1756247730
|move|p2b: Pelipper|Protect|p2b: Pelipper
|-singleturn|p2b: Pelipper|Protect
|move|p2a: Electabuzz|Protect|p2a: Electabuzz
|-singleturn|p2a: Electabuzz|Protect
|move|p1a: Garganacl|Salt Cure|p2b: Pelipper
|-activate|p2b: Pelipper|move: Protect
|move|p1b: Ursaluna|Facade|p2b: Pelipper
|-activate|p2b: Pelipper|move: Protect
|
|-weather|RainDance|[upkeep]
|-damage|p1b: Ursaluna|0 fnt|[from] brn
|faint|p1b: Ursaluna
|-fieldend|move: Trick Room
|upkeep
|turn|7
|
|t:|1756247747
|move|p2a: Electabuzz|Electroweb|p1a: Garganacl
|-supereffective|p1a: Garganacl
|-damage|p1a: Garganacl|69/100
|-unboost|p1a: Garganacl|spe|1
|move|p2b: Pelipper|Hurricane|p1a: Garganacl
|-damage|p1a: Garganacl|29/100
|move|p1a: Garganacl|Salt Cure|p2b: Pelipper
|-supereffective|p2b: Pelipper
|-damage|p2b: Pelipper|3/100
|-start|p2b: Pelipper|Salt Cure
|
|-weather|RainDance|[upkeep]
|-heal|p1a: Garganacl|35/100|[from] item: Leftovers
|-damage|p2b: Pelipper|0 fnt|[from] Salt Cure
|faint|p2b: Pelipper
|-end|p1a: Garganacl|move: Taunt
|upkeep
|
|t:|1756247761
|switch|p2b: Basculegion|Basculegion, L50, M|2/100
|turn|8
|
|t:|1756247772
|move|p1a: Garganacl|Protect|p1a: Garganacl
|-singleturn|p1a: Garganacl|Protect
|move|p2b: Basculegion|Last Respects|p1a: Garganacl
|-activate|p1a: Garganacl|move: Protect
|move|p2a: Electabuzz|Taunt|p1a: Garganacl
|-activate|p1a: Garganacl|move: Protect
|
|-weather|RainDance|[upkeep]
|-heal|p1a: Garganacl|41/100|[from] item: Leftovers
|upkeep
|turn|9
|
|t:|1756247784
|move|p2b: Basculegion|Last Respects|p1a: Garganacl
|-damage|p1a: Garganacl|7/100
|move|p2a: Electabuzz|Electroweb|p1a: Garganacl
|-supereffective|p1a: Garganacl
|-damage|p1a: Garganacl|0 fnt
|faint|p1a: Garganacl
|
|win|Cyllage Cyclones
||Mr.FreakingStevens is ready for game 2.
