|j|☆TrNeru
|j|☆Gayangos
|html|TrNeruGayangos    
|uhtml|bestof|Game 1 of a best-of-3
|t:|1757780551
|gametype|doubles
|player|p1|TrNeru|veteranf|
|player|p2|Gayangos|169|
|gen|9
|tier|[Gen 9] VGC 2025 Reg H (Bo3)
|rule|Species Clause: Limit one of each Pokémon
|rule|Item Clause: Limit 1 of each item
|clearpoke
|poke|p1|Dondozo, L50, F|
|poke|p1|Rillaboom, L50, M|
|poke|p1|Annihilape, L50, F|
|poke|p1|Arcanine-Hisui, L50, F|
|poke|p1|Whimsicott, L50, F|
|poke|p1|Archaludon, L50, F|
|poke|p2|Dragapult, L50, F|
|poke|p2|Sneasler, L50, M|
|poke|p2|Incineroar, L50, F|
|poke|p2|Volcarona, L50, F|
|poke|p2|Rillaboom, L50, F|
|poke|p2|Kingambit, L50, F|
|teampreview|4
|showteam|p1|Dondozo||Leftovers|Unaware|Fissure,Yawn,Protect,WaveCrash|||F|||50|,,,,,Grass]Rillaboom||AssaultVest|GrassySurge|WoodHammer,GrassyGlide,HighHorsepower,FakeOut|||M|||50|,,,,,Fire]Annihilape||SafetyGoggles|Defiant|DrainPunch,RageFist,Taunt,Protect|||F|||50|,,,,,Dark]Arcanine-Hisui||SitrusBerry|Intimidate|Protect,FlareBlitz,ExtremeSpeed,RockSlide|||F|||50|,,,,,Flying]Whimsicott||FocusSash|Prankster|BeatUp,Tailwind,Moonblast,Endeavor|||F|||50|,,,,,Ghost]Archaludon||PowerHerb|Stamina|DragonPulse,FlashCannon,ElectroShot,BodyPress|||F|||50|,,,,,Grass
|showteam|p2|Dragapult||ChoiceBand|ClearBody|DragonDarts,Outrage,PhantomForce,Uturn|||F|||50|,,,,,Dragon]Sneasler||FocusSash|Unburden|DireClaw,CloseCombat,ThroatChop,Protect|||M|||50|,,,,,Stellar]Incineroar||SafetyGoggles|Intimidate|FakeOut,KnockOff,PartingShot,Taunt|||F|||50|,,,,,Ghost]Volcarona||GrassySeed|FlameBody|HeatWave,TeraBlast,QuiverDance,Protect|||F|||50|,,,,,Fairy]Rillaboom||AssaultVest|GrassySurge|FakeOut,WoodHammer,GrassyGlide,HighHorsepower|||F|||50|,,,,,Fire]Kingambit||BlackGlasses|Defiant|KowtowCleave,SuckerPunch,SwordsDance,Protect|||F|||50|,,,,,Dark
|inactive|Battle timer is ON: inactive players will automatically lose when time's up. (requested by Gayangos)
|
|t:|1757780598
|teamsize|p1|4
|teamsize|p2|4
|start
|switch|p1a: Whimsicott|Whimsicott, L50, F|100/100
|switch|p1b: Archaludon|Archaludon, L50, F|100/100
|switch|p2a: Dragapult|Dragapult, L50, F|100/100
|switch|p2b: Sneasler|Sneasler, L50, M|100/100
|turn|1
|inactive|TrNeru has 30 seconds left.
|inactive|Gayangos has 30 seconds left.
|inactive|TrNeru has 20 seconds left.
|inactive|Gayangos has 20 seconds left.
|inactive|Gayangos has 15 seconds left.
|inactive|TrNeru has 15 seconds left.
|inactive|Gayangos has 10 seconds left.
|inactive|TrNeru has 10 seconds left.
|
|t:|1757780649
|switch|p2a: Volcarona|Volcarona, L50, F|100/100
|move|p2b: Sneasler|Dire Claw|p1a: Whimsicott
|-supereffective|p1a: Whimsicott
|-enditem|p1a: Whimsicott|Focus Sash
|-damage|p1a: Whimsicott|1/100
|-status|p1a: Whimsicott|psn
|move|p1a: Whimsicott|Beat Up|p1b: Archaludon
|-damage|p1b: Archaludon|99/100
|-ability|p1b: Archaludon|Stamina|boost
|-boost|p1b: Archaludon|def|1
|-damage|p1b: Archaludon|97/100
|-ability|p1b: Archaludon|Stamina|boost
|-boost|p1b: Archaludon|def|1
|-damage|p1b: Archaludon|96/100
|-ability|p1b: Archaludon|Stamina|boost
|-boost|p1b: Archaludon|def|1
|-damage|p1b: Archaludon|95/100
|-ability|p1b: Archaludon|Stamina|boost
|-boost|p1b: Archaludon|def|1
|-hitcount|p1b: Archaludon|4
|move|p1b: Archaludon|Electro Shot||[still]
|-prepare|p1b: Archaludon|Electro Shot
|-boost|p1b: Archaludon|spa|1
|-enditem|p1b: Archaludon|Power Herb
|-anim|p1b: Archaludon|Electro Shot|p2b: Sneasler
|-damage|p2b: Sneasler|11/100
|
|-damage|p1a: Whimsicott|0 fnt|[from] psn
|faint|p1a: Whimsicott
|upkeep
|inactive|TrNeru has 30 seconds left.
|
|t:|1757780677
|switch|p1a: Arcanine|Arcanine-Hisui, L50, F|100/100
|-ability|p1a: Arcanine|Intimidate|boost
|-unboost|p2a: Volcarona|atk|1
|-unboost|p2b: Sneasler|atk|1
|turn|2
|inactive|TrNeru has 30 seconds left.
|
|t:|1757780705
|switch|p2b: Dragapult|Dragapult, L50, F|100/100
|switch|p2a: Rillaboom|Rillaboom, L50, F|100/100
|-fieldstart|move: Grassy Terrain|[from] ability: Grassy Surge|[of] p2a: Rillaboom
|-terastallize|p1a: Arcanine|Flying
|move|p1a: Arcanine|Rock Slide|p2b: Dragapult|[spread] p2a
|-miss|p1a: Arcanine|p2b: Dragapult
|-damage|p2a: Rillaboom|74/100
|move|p1b: Archaludon|Flash Cannon|p2a: Rillaboom
|-damage|p2a: Rillaboom|35/100
|
|-heal|p2a: Rillaboom|41/100|[from] Grassy Terrain
|-heal|p1b: Archaludon|100/100|[from] Grassy Terrain
|upkeep
|turn|3
|inactive|TrNeru has 30 seconds left.
|inactive|Gayangos has 30 seconds left.
|inactive|TrNeru has 20 seconds left.
|inactive|TrNeru has 15 seconds left.
|inactive|TrNeru has 10 seconds left.
|inactive|TrNeru has 5 seconds left.
|
|t:|1757780757
|move|p2a: Rillaboom|Fake Out|p1a: Arcanine
|-damage|p1a: Arcanine|84/100
|move|p2b: Dragapult|Dragon Darts|p1a: Arcanine
|-damage|p1a: Arcanine|32/100
|-enditem|p1a: Arcanine|Sitrus Berry|[eat]
|-heal|p1a: Arcanine|57/100|[from] item: Sitrus Berry
|-anim|p2b: Dragapult|Dragon Darts|p1b: Archaludon
|-damage|p1b: Archaludon|90/100
|-ability|p1b: Archaludon|Stamina|boost
|-boost|p1b: Archaludon|def|1
|cant|p1a: Arcanine|flinch
|move|p1b: Archaludon|Dragon Pulse|p2b: Dragapult
|-supereffective|p2b: Dragapult
|-damage|p2b: Dragapult|0 fnt
|faint|p2b: Dragapult
|
|-heal|p1b: Archaludon|96/100|[from] Grassy Terrain
|-heal|p2a: Rillaboom|47/100|[from] Grassy Terrain
|upkeep
|
|t:|1757780766
|switch|p2b: Volcarona|Volcarona, L50, F|100/100
|-enditem|p2b: Volcarona|Grassy Seed
|-boost|p2b: Volcarona|def|1|[from] item: Grassy Seed
|turn|4
|
|t:|1757780785
|move|p2a: Rillaboom|Grassy Glide|p1a: Arcanine
|-resisted|p1a: Arcanine
|-damage|p1a: Arcanine|36/100
|move|p2b: Volcarona|Heat Wave|p1b: Archaludon|[spread] p1a,p1b
|-damage|p1a: Arcanine|0 fnt
|-damage|p1b: Archaludon|60/100
|-ability|p1b: Archaludon|Stamina|boost
|-boost|p1b: Archaludon|def|1
|faint|p1a: Arcanine
|move|p1b: Archaludon|Flash Cannon|p2b: Volcarona
|-resisted|p2b: Volcarona
|-damage|p2b: Volcarona|71/100
|-unboost|p2b: Volcarona|spd|1
|
|-heal|p2b: Volcarona|77/100|[from] Grassy Terrain
|-heal|p2a: Rillaboom|53/100|[from] Grassy Terrain
|-heal|p1b: Archaludon|66/100|[from] Grassy Terrain
|upkeep
|
|t:|1757780798
|switch|p1a: Dondozo|Dondozo, L50, F|100/100
|turn|5
|inactive|TrNeru has 30 seconds left.
|inactive|Gayangos has 30 seconds left.
|inactive|Gayangos has 20 seconds left.
|inactive|TrNeru has 20 seconds left.
|inactive|Gayangos has 15 seconds left.
|inactive|TrNeru has 15 seconds left.
|inactive|Gayangos has 10 seconds left.
|inactive|TrNeru has 10 seconds left.
|inactive|TrNeru has 5 seconds left.
|
|t:|1757780862
|move|p1a: Dondozo|Protect|p1a: Dondozo
|-singleturn|p1a: Dondozo|Protect
|move|p2a: Rillaboom|Grassy Glide|p1a: Dondozo
|-activate|p1a: Dondozo|move: Protect
|move|p2b: Volcarona|Heat Wave|p1b: Archaludon|[spread] p1b
|-activate|p1a: Dondozo|move: Protect
|-damage|p1b: Archaludon|31/100
|move|p1b: Archaludon|Body Press|p2a: Rillaboom
|-damage|p2a: Rillaboom|0 fnt
|faint|p2a: Rillaboom
|
|-heal|p2b: Volcarona|83/100|[from] Grassy Terrain
|-heal|p1b: Archaludon|37/100|[from] Grassy Terrain
|upkeep
|
|t:|1757780873
|switch|p2a: Sneasler|Sneasler, L50, M|11/100
|turn|6
|
|t:|1757780894
|-terastallize|p2b: Volcarona|Fairy
|move|p2a: Sneasler|Dire Claw|p1a: Dondozo
|-damage|p1a: Dondozo|72/100
|move|p2b: Volcarona|Heat Wave|p1a: Dondozo|[spread] p1a,p1b
|-resisted|p1a: Dondozo
|-damage|p1a: Dondozo|57/100
|-damage|p1b: Archaludon|0 fnt
|faint|p1b: Archaludon
|move|p1a: Dondozo|Yawn|p2a: Sneasler
|-start|p2a: Sneasler|move: Yawn|[of] p1a: Dondozo
|
|-heal|p2a: Sneasler|17/100|[from] Grassy Terrain
|-heal|p2b: Volcarona|89/100|[from] Grassy Terrain
|-heal|p1a: Dondozo|63/100|[from] Grassy Terrain
|-heal|p1a: Dondozo|69/100|[from] item: Leftovers
|-fieldend|move: Grassy Terrain
|upkeep
|turn|7
|
|t:|1757780920
|move|p1a: Dondozo|Protect|p1a: Dondozo
|-singleturn|p1a: Dondozo|Protect
|move|p2a: Sneasler|Dire Claw|p1a: Dondozo
|-activate|p1a: Dondozo|move: Protect
|move|p2b: Volcarona|Quiver Dance|p2b: Volcarona
|-boost|p2b: Volcarona|spa|1
|-boost|p2b: Volcarona|spd|1
|-boost|p2b: Volcarona|spe|1
|
|-heal|p1a: Dondozo|76/100|[from] item: Leftovers
|-end|p2a: Sneasler|move: Yawn|[silent]
|-status|p2a: Sneasler|slp
|upkeep
|turn|8
|
|t:|1757780932
|move|p2b: Volcarona|Tera Blast|p1a: Dondozo|[anim] Tera Blast Fairy
|-damage|p1a: Dondozo|36/100
|cant|p2a: Sneasler|slp
|move|p1a: Dondozo|Yawn|p2b: Volcarona
|-start|p2b: Volcarona|move: Yawn|[of] p1a: Dondozo
|
|-heal|p1a: Dondozo|42/100|[from] item: Leftovers
|upkeep
|turn|9
|
|t:|1757780942
|move|p1a: Dondozo|Protect|p1a: Dondozo
|-singleturn|p1a: Dondozo|Protect
|move|p2b: Volcarona|Tera Blast|p1a: Dondozo|[anim] Tera Blast Fairy
|-activate|p1a: Dondozo|move: Protect
|-curestatus|p2a: Sneasler|slp|[msg]
|move|p2a: Sneasler|Close Combat|p1a: Dondozo
|-activate|p1a: Dondozo|move: Protect
|
|-heal|p1a: Dondozo|48/100|[from] item: Leftovers
|-end|p2b: Volcarona|move: Yawn|[silent]
|-status|p2b: Volcarona|slp
|upkeep
|turn|10
|
|t:|1757780961
|move|p2a: Sneasler|Protect|p2a: Sneasler
|-singleturn|p2a: Sneasler|Protect
|cant|p2b: Volcarona|slp
|move|p1a: Dondozo|Wave Crash|p2a: Sneasler
|-activate|p2a: Sneasler|move: Protect
|
|-heal|p1a: Dondozo|55/100|[from] item: Leftovers
|upkeep
|turn|11
|
|t:|1757780970
|-curestatus|p2b: Volcarona|slp|[msg]
|move|p2b: Volcarona|Tera Blast|p1a: Dondozo|[anim] Tera Blast Fairy
|-damage|p1a: Dondozo|16/100
|move|p2a: Sneasler|Close Combat|p1a: Dondozo
|-damage|p1a: Dondozo|0 fnt
|-unboost|p2a: Sneasler|def|1
|-unboost|p2a: Sneasler|spd|1
|faint|p1a: Dondozo
|
|win|Gayangos
||Gayangos is ready for game 2.
|inactive|TrNeru has 30 seconds to confirm battle start!
||TrNeru is ready for game 2.
|uhtml|next|Next: Game 2 of 3
