|j|☆Na(t)e.epo
|j|☆schshfh
|html|Na(t)e.eposchshfh    
|uhtml|bestof|Game 1 of a best-of-3
|t:|1783980883
|gametype|doubles
|player|p1|Na(t)e.epo|102|1102
|player|p2|schshfh|lance|1209
|gen|9
|tier|[Gen 9 Champions] VGC 2026 Reg M-B (Bo3)
|rated|
|rule|Species Clause: Limit one of each Pokémon
|rule|Item Clause: Limit 1 of each item
|clearpoke
|poke|p1|Malamar, L50, M|
|poke|p1|Incineroar, L50, M|
|poke|p1|Sinistcha, L50|
|poke|p1|Basculegion, L50, M|
|poke|p1|Toxapex, L50, F|
|poke|p1|Kangaskhan, L50, F|
|poke|p2|Aerodactyl, L50, M|
|poke|p2|Sylveon, L50, F|
|poke|p2|Farigiraf, L50, F|
|poke|p2|Charizard, L50, M|
|poke|p2|Garchomp, L50, M|
|poke|p2|Kingambit, L50, F|
|teampreview|4
|showteam|p1|Malamar||Malamarite|Contrary|TrickRoom,Superpower,PsychoCut,Protect|Brave||M|||50|]Incineroar||ChopleBerry|Intimidate|DarkestLariat,FakeOut,PartingShot,FlareBlitz|Brave||M|||50|]Sinistcha||SitrusBerry|Hospitality|TrickRoom,RagePowder,StrengthSap,MatchaGotcha|Sassy|||||50|]Basculegion||FocusSash|Adaptability|AquaJet,LastRespects,Liquidation,Protect|Brave||M|||50|]Toxapex||Leftovers|Merciless|BanefulBunker,Toxic,Venoshock,Infestation|Modest||F|||50|]Kangaskhan||SilkScarf|Scrappy|FakeOut,HammerArm,DoubleEdge,Protect|Brave||F|||50|
|showteam|p2|Aerodactyl||Aerodactylite|Unnerve|RockSlide,IceFang,Tailwind,DualWingbeat|Jolly||M|||50|]Sylveon||FairyFeather|Pixilate|HyperVoice,HyperBeam,QuickAttack,Detect|Modest||F|||50|]Farigiraf||SitrusBerry|ArmorTail|Psychic,HelpingHand,TrickRoom,Protect|Bold||F|||50|]Charizard||CharizarditeY|Blaze|HeatWave,SolarBeam,WeatherBall,Protect|Modest||M|||50|]Garchomp||LifeOrb|RoughSkin|Earthquake,DragonClaw,StompingTantrum,Protect|Jolly||M|||50|]Kingambit||FocusSash|Defiant|KowtowCleave,IronHead,LowKick,SuckerPunch|Adamant||F|||50|
|inactive|Battle timer is ON: inactive players will automatically lose when time's up. (requested by Na(t)e.epo)
|inactive|Na(t)e.epo has 60 seconds left.
|
|t:|1783980947
|teamsize|p1|4
|teamsize|p2|4
|start
|switch|p1a: Kangaskhan|Kangaskhan, L50, F|100/100
|switch|p1b: Malamar|Malamar, L50, M|100/100
|switch|p2a: Farigiraf|Farigiraf, L50, F|100/100
|switch|p2b: Charizard|Charizard, L50, M|100/100
|turn|1
|inactive|Na(t)e.epo has 30 seconds left.
|inactive|schshfh has 30 seconds left.
|inactive|schshfh has 20 seconds left.
|inactive|schshfh has 15 seconds left.
|inactive|schshfh has 10 seconds left.
|inactive|schshfh has 5 seconds left.
|
|t:|1783981000
|detailschange|p2b: Charizard|Charizard-Mega-Y, L50, M
|-mega|p2b: Charizard|Charizard|Charizardite Y
|-weather|SunnyDay|[from] ability: Drought|[of] p2b: Charizard
|detailschange|p1b: Malamar|Malamar-Mega, L50, M
|-mega|p1b: Malamar|Malamar|Malamarite
|move|p2a: Farigiraf|Helping Hand|p2b: Charizard
|-singleturn|p2b: Charizard|Helping Hand|[of] p2a: Farigiraf
|move|p2b: Charizard|Weather Ball|p1a: Kangaskhan
|-damage|p1a: Kangaskhan|0 fnt
|faint|p1a: Kangaskhan
|move|p1b: Malamar|Trick Room|p1b: Malamar
|-fieldstart|move: Trick Room|[of] p1b: Malamar
|
|-weather|SunnyDay|[upkeep]
|upkeep
|
|t:|1783981015
|switch|p1a: Incineroar|Incineroar, L50, M|100/100
|-ability|p1a: Incineroar|Intimidate|boost
|-unboost|p2a: Farigiraf|atk|1
|-unboost|p2b: Charizard|atk|1
|turn|2
|inactive|Na(t)e.epo has 30 seconds left.
|
|t:|1783981042
|move|p1a: Incineroar|Darkest Lariat|p2a: Farigiraf
|-supereffective|p2a: Farigiraf|1
|-damage|p2a: Farigiraf|18/100
|-enditem|p2a: Farigiraf|Sitrus Berry|[eat]
|-heal|p2a: Farigiraf|43/100|[from] item: Sitrus Berry
|move|p1b: Malamar|Superpower|p2a: Farigiraf
|-damage|p2a: Farigiraf|5/100
|-boost|p1b: Malamar|atk|1
|-boost|p1b: Malamar|def|1
|move|p2b: Charizard|Weather Ball|p1b: Malamar
|-damage|p1b: Malamar|37/100
|move|p2a: Farigiraf|Trick Room|p2a: Farigiraf
|-fieldend|move: Trick Room
|
|-weather|SunnyDay|[upkeep]
|upkeep
|turn|3
|
|t:|1783981064
|switch|p2a: Garchomp|Garchomp, L50, M|100/100
|move|p1b: Malamar|Protect|p1b: Malamar
|-singleturn|p1b: Malamar|Protect
|move|p2b: Charizard|Weather Ball|p1b: Malamar
|-activate|p1b: Malamar|move: Protect
|move|p1a: Incineroar|Parting Shot|p2b: Charizard
|-unboost|p2b: Charizard|atk|1
|-unboost|p2b: Charizard|spa|1
|
|t:|1783981075
|switch|p1a: Basculegion|Basculegion, L50, M|100/100|[from] Parting Shot
|
|-weather|SunnyDay|[upkeep]
|upkeep
|turn|4
|
|t:|1783981089
|switch|p1b: Incineroar|Incineroar, L50, M|100/100
|-ability|p1b: Incineroar|Intimidate|boost
|-unboost|p2a: Garchomp|atk|1
|-unboost|p2b: Charizard|atk|1
|move|p2a: Garchomp|Earthquake|p1b: Incineroar|[spread] p1a,p1b
|-immune|p2b: Charizard
|-supereffective|p1b: Incineroar|1
|-damage|p1a: Basculegion|66/100
|-damage|p1b: Incineroar|38/100
|-damage|p2a: Garchomp|90/100|[from] item: Life Orb
|move|p2b: Charizard|Solar Beam||[still]
|-prepare|p2b: Charizard|Solar Beam
|-anim|p2b: Charizard|Solar Beam|p1a: Basculegion
|-supereffective|p1a: Basculegion|1
|-damage|p1a: Basculegion|3/100
|move|p1a: Basculegion|Last Respects|p2a: Garchomp
|-damage|p2a: Garchomp|25/100
|
|-weather|SunnyDay|[upkeep]
|upkeep
|turn|5
|inactive|Na(t)e.epo has 30 seconds left.
|inactive|schshfh has 30 seconds left.
|inactive|Na(t)e.epo has 20 seconds left.
|inactive|Na(t)e.epo has 15 seconds left.
|inactive|Na(t)e.epo has 10 seconds left.
|inactive|Na(t)e.epo has 5 seconds left.
|
|t:|1783981143
|switch|p2b: Farigiraf|Farigiraf, L50, F|5/100
|move|p1b: Incineroar|Fake Out||[still]
|cant|p2b: Farigiraf|ability: Armor Tail|Fake Out|[of] p1b: Incineroar
|move|p2a: Garchomp|Earthquake|p1b: Incineroar|[spread] p2b,p1a,p1b
|-supereffective|p1b: Incineroar|1
|-damage|p2b: Farigiraf|0 fnt
|-damage|p1a: Basculegion|0 fnt
|-damage|p1b: Incineroar|0 fnt
|faint|p2b: Farigiraf
|faint|p1a: Basculegion
|faint|p1b: Incineroar
|-damage|p2a: Garchomp|15/100|[from] item: Life Orb
|
|-weather|none
|upkeep
|
|t:|1783981151
|switch|p2b: Charizard|Charizard-Mega-Y, L50, M|100/100
|switch|p1b: Malamar|Malamar-Mega, L50, M|37/100
|-weather|SunnyDay|[from] ability: Drought|[of] p2b: Charizard
|turn|6
|
|t:|1783981160
|move|p2a: Garchomp|Earthquake|p1b: Malamar|[spread] p1b
|-immune|p2b: Charizard
|-damage|p1b: Malamar|1/100
|-damage|p2a: Garchomp|6/100|[from] item: Life Orb
|move|p2b: Charizard|Weather Ball|p1b: Malamar
|-damage|p1b: Malamar|0 fnt
|faint|p1b: Malamar
|
|win|schshfh
|l|☆Na(t)e.epo
|player|p1|
||schshfh is ready for game 2.
||Na(t)e.epo is ready for game 2.
|uhtml|next|Next: Game 2 of 3
