|j|☆coffi724
|j|☆Aeon_Twins
|html|coffi724Aeon_Twins    
|uhtml|bestof|Game 2 of a best-of-3
|t:|1782417668
|gametype|doubles
|player|p1|coffi724|265|1266
|player|p2|Aeon_Twins|n|1183
|gen|9
|tier|[Gen 9 Champions] VGC 2026 Reg M-B (Bo3)
|rated|
|rule|Species Clause: Limit one of each Pokémon
|rule|Item Clause: Limit 1 of each item
|clearpoke
|poke|p1|Kingambit, L50, F|
|poke|p1|Blaziken, L50, M|
|poke|p1|Basculegion, L50, M|
|poke|p1|Ninetales-Alola, L50, M|
|poke|p1|Gholdengo, L50|
|poke|p1|Dragonite, L50, M|
|poke|p2|Raichu, L50, F|
|poke|p2|Mawile, L50, F|
|poke|p2|Sinistcha, L50|
|poke|p2|Ceruledge, L50, M|
|poke|p2|Milotic, L50, F|
|poke|p2|Incineroar, L50, M|
|teampreview|4
|showteam|p1|Kingambit||BlackGlasses|Defiant|KowtowCleave,LowKick,SuckerPunch,Protect|Adamant||F|||50|]Blaziken||Blazikenite|SpeedBoost|FlareBlitz,CloseCombat,RockSlide,Protect|Jolly||M|||50|]Basculegion||MysticWater|Adaptability|WaveCrash,LastRespects,AquaJet,Protect|Adamant||M|||50|]Ninetales-Alola||FocusSash|SnowWarning|Blizzard,FreezeDry,Encore,Protect|Timid||M|||50|]Gholdengo||LifeOrb|GoodasGold|MakeItRain,ShadowBall,NastyPlot,Protect|Timid|||||50|]Dragonite||DragonFang|InnerFocus|DragonClaw,ExtremeSpeed,Tailwind,Protect|Adamant||M|||50|
|showteam|p2|Raichu||RaichuniteY|LightningRod|ZapCannon,FocusBlast,FakeOut,Protect|Timid||F|||50|]Mawile||Mawilite|HyperCutter|PlayRough,SuckerPunch,SwordsDance,Protect|Adamant||F|||50|]Sinistcha||KasibBerry|Hospitality|MatchaGotcha,LifeDew,RagePowder,Protect|Relaxed|||||50|]Ceruledge||ColburBerry|FlashFire|BitterBlade,ShadowSneak,BulkUp,Protect|Adamant||M|||50|]Milotic||Leftovers|Competitive|MuddyWater,Coil,Hypnosis,Protect|Calm||F|||50|]Incineroar||SitrusBerry|Intimidate|FlareBlitz,ThroatChop,FakeOut,PartingShot|Impish||M|||50|
|
|t:|1782417694
|teamsize|p1|4
|teamsize|p2|4
|start
|switch|p1a: Basculegion|Basculegion, L50, M|100/100
|switch|p1b: Ninetales|Ninetales-Alola, L50, M|100/100
|switch|p2a: Raichu|Raichu, L50, F|100/100
|switch|p2b: Milotic|Milotic, L50, F|100/100
|-weather|Snowscape|[from] ability: Snow Warning|[of] p1b: Ninetales
|turn|1
|
|t:|1782417713
|switch|p2b: Incineroar|Incineroar, L50, M|100/100
|-ability|p2b: Incineroar|Intimidate|boost
|-unboost|p1a: Basculegion|atk|1
|-unboost|p1b: Ninetales|atk|1
|detailschange|p2a: Raichu|Raichu-Mega-Y, L50, F
|-mega|p2a: Raichu|Raichu|Raichunite Y
|move|p1a: Basculegion|Aqua Jet|p2a: Raichu
|-damage|p2a: Raichu|64/100
|move|p2a: Raichu|Zap Cannon|p1a: Basculegion
|-supereffective|p1a: Basculegion|1
|-damage|p1a: Basculegion|0 fnt
|faint|p1a: Basculegion
|move|p1b: Ninetales|Freeze-Dry|p2a: Raichu
|-damage|p2a: Raichu|28/100
|
|-weather|Snowscape|[upkeep]
|upkeep
|
|t:|1782417718
|switch|p1a: Blaziken|Blaziken, L50, M|100/100
|turn|2
|
|t:|1782417733
|move|p1b: Ninetales|Protect|p1b: Ninetales
|-singleturn|p1b: Ninetales|Protect
|move|p1a: Blaziken|Protect|p1a: Blaziken
|-singleturn|p1a: Blaziken|Protect
|move|p2a: Raichu|Zap Cannon|p1b: Ninetales
|-activate|p1b: Ninetales|move: Protect
|move|p2b: Incineroar|Flare Blitz|p1b: Ninetales
|-activate|p1b: Ninetales|move: Protect
|
|-weather|Snowscape|[upkeep]
|-ability|p1a: Blaziken|Speed Boost|boost
|-boost|p1a: Blaziken|spe|1
|upkeep
|turn|3
|
|t:|1782417765
|switch|p1b: Gholdengo|Gholdengo, L50|100/100
|switch|p2b: Sinistcha|Sinistcha, L50|100/100
|-heal|p2a: Raichu|53/100|[from] ability: Hospitality|[of] p2b: Sinistcha
|detailschange|p1a: Blaziken|Blaziken-Mega, L50, M
|-mega|p1a: Blaziken|Blaziken|Blazikenite
|move|p1a: Blaziken|Rock Slide|p2a: Raichu|[spread] p2a,p2b
|-damage|p2a: Raichu|18/100
|-damage|p2b: Sinistcha|81/100
|move|p2a: Raichu|Zap Cannon|p1b: Gholdengo
|-damage|p1b: Gholdengo|40/100
|-status|p1b: Gholdengo|par
|
|-weather|Snowscape|[upkeep]
|-ability|p1a: Blaziken|Speed Boost|boost
|-boost|p1a: Blaziken|spe|1
|upkeep
|turn|4
|
|t:|1782417793
|switch|p2a: Incineroar|Incineroar, L50, M|100/100
|-ability|p2a: Incineroar|Intimidate|boost
|-unboost|p1a: Blaziken|atk|1
|-unboost|p1b: Gholdengo|atk|1
|switch|p2b: Milotic|Milotic, L50, F|100/100
|move|p1a: Blaziken|Flare Blitz|p2b: Milotic
|-resisted|p2b: Milotic|1
|-crit|p2b: Milotic
|-damage|p2b: Milotic|50/100g
|-damage|p1a: Blaziken|78/100|[from] Recoil
|cant|p1b: Gholdengo|par
|
|-weather|Snowscape|[upkeep]
|-heal|p2b: Milotic|56/100|[from] item: Leftovers
|-ability|p1a: Blaziken|Speed Boost|boost
|-boost|p1a: Blaziken|spe|1
|upkeep
|turn|5
|
|t:|1782417815
|switch|p2a: Sinistcha|Sinistcha, L50|81/100
|-heal|p2b: Milotic|81/100|[from] ability: Hospitality|[of] p2a: Sinistcha
|move|p1a: Blaziken|Close Combat|p2b: Milotic
|-damage|p2b: Milotic|44/100
|-unboost|p1a: Blaziken|def|1
|-unboost|p1a: Blaziken|spd|1
|move|p2b: Milotic|Muddy Water|p1b: Gholdengo|[spread] p1a,p1b
|-supereffective|p1a: Blaziken|1
|-damage|p1a: Blaziken|0 fnt
|-damage|p1b: Gholdengo|15/100 par
|faint|p1a: Blaziken
|move|p1b: Gholdengo|Shadow Ball|p2b: Milotic
|-damage|p2b: Milotic|13/100
|-damage|p1b: Gholdengo|6/100 par|[from] item: Life Orb
|
|-weather|none
|-heal|p2b: Milotic|19/100|[from] item: Leftovers
|upkeep
|
|t:|1782417827
|switch|p1a: Ninetales|Ninetales-Alola, L50, M|100/100
|-weather|Snowscape|[from] ability: Snow Warning|[of] p1a: Ninetales
|turn|6
|
|t:|1782417842
|move|p1a: Ninetales|Blizzard|p2a: Sinistcha|[spread] p2a,p2b
|-supereffective|p2a: Sinistcha|1
|-resisted|p2b: Milotic|1
|-damage|p2a: Sinistcha|17/100
|-damage|p2b: Milotic|8/100
|move|p2b: Milotic|Muddy Water|p1b: Gholdengo|[spread] p1a,p1b
|-damage|p1a: Ninetales|72/100
|-damage|p1b: Gholdengo|0 fnt
|faint|p1b: Gholdengo
|move|p2a: Sinistcha|Matcha Gotcha|p1a: Ninetales|[miss]
|-miss|p2a: Sinistcha|p1a: Ninetales
|
|-weather|Snowscape|[upkeep]
|-heal|p2b: Milotic|14/100|[from] item: Leftovers
|upkeep
|turn|7
|
|t:|1782417852
|move|p1a: Ninetales|Blizzard|p2a: Sinistcha|[spread] p2a,p2b
|-supereffective|p2a: Sinistcha|1
|-resisted|p2b: Milotic|1
|-damage|p2a: Sinistcha|0 fnt
|-damage|p2b: Milotic|3/100
|faint|p2a: Sinistcha
|move|p2b: Milotic|Muddy Water|p1a: Ninetales
|-damage|p1a: Ninetales|36/100
|
|-weather|Snowscape|[upkeep]
|-heal|p2b: Milotic|9/100|[from] item: Leftovers
|upkeep
|
|t:|1782417855
|switch|p2a: Raichu|Raichu-Mega-Y, L50, F|18/100
|turn|8
|-message|coffi724 forfeited.
|
|win|Aeon_Twins
