|j|☆MrsMarxy
|j|☆gallegutsito
|html|MrsMarxygallegutsito    
|uhtml|bestof|Game 2 of a best-of-3
|t:|1784428133
|gametype|doubles
|player|p1|MrsMarxy|bellelba|1189
|player|p2|gallegutsito|101|1094
|gen|9
|tier|[Gen 9 Champions] VGC 2026 Reg M-B (Bo3)
|rated|
|rule|Species Clause: Limit one of each Pokémon
|rule|Item Clause: Limit 1 of each item
|clearpoke
|poke|p1|Venusaur, L50, M|
|poke|p1|Charizard, L50, M|
|poke|p1|Grimmsnarl, L50, M|
|poke|p1|Archaludon, L50, F|
|poke|p1|Basculegion, L50, M|
|poke|p1|Pelipper, L50, F|
|poke|p2|Whimsicott, L50, F|
|poke|p2|Charizard, L50, M|
|poke|p2|Basculegion, L50, M|
|poke|p2|Garchomp, L50, F|
|poke|p2|Glimmora, L50, F|
|poke|p2|Kingambit, L50, M|
|teampreview|4
|showteam|p1|Venusaur||FocusSash|Chlorophyll|SludgeBomb,EarthPower,SleepPowder,Protect|Modest||M|||50|]Charizard||CharizarditeY|Blaze|Protect,HeatWave,SolarBeam,WeatherBall|Modest||M|||50|]Grimmsnarl||LightClay|Prankster|SpiritBreak,LightScreen,Reflect,PartingShot|Sassy||M|||50|]Archaludon||Leftovers|Stamina|ElectroShot,DragonPulse,FlashCannon,Protect|Calm||F|||50|]Basculegion||ChoiceScarf|Adaptability|WaveCrash,LastRespects,AquaJet,FlipTurn|Jolly||M|||50|]Pelipper||SitrusBerry|Drizzle|Hurricane,WeatherBall,Tailwind,WideGuard|Modest||F|||50|
|showteam|p2|Whimsicott||FairyFeather|Prankster|Protect,Tailwind,Moonblast,Encore|Bold||F|||50|]Charizard||CharizarditeY|Blaze|Protect,HeatWave,SolarBeam,WeatherBall|Modest||M|||50|]Basculegion||ColburBerry|Adaptability|Protect,WaveCrash,LastRespects,AquaJet|Adamant||M|||50|]Garchomp||SitrusBerry|RoughSkin|Protect,Earthquake,DragonClaw,StompingTantrum|Adamant||F|||50|]Glimmora||FocusSash|ToxicDebris|SpikyShield,PowerGem,SludgeBomb,EarthPower|Modest||F|||50|]Kingambit||ChopleBerry|Defiant|Protect,KowtowCleave,IronHead,SuckerPunch|Adamant||M|||50|
|inactive|Battle timer is ON: inactive players will automatically lose when time's up. (requested by MrsMarxy)
|inactive|MrsMarxy has 60 seconds left.
|inactive|gallegutsito has 60 seconds left.
|
|t:|1784428166
|teamsize|p1|4
|teamsize|p2|4
|start
|switch|p1a: Grimmsnarl|Grimmsnarl, L50, M|100/100
|switch|p1b: Archaludon|Archaludon, L50, F|100/100
|switch|p2a: Glimmora|Glimmora, L50, F|100/100
|switch|p2b: Whimsicott|Whimsicott, L50, F|100/100
|turn|1
|
|t:|1784428180
|move|p1a: Grimmsnarl|Light Screen|p1a: Grimmsnarl
|-sidestart|p1: MrsMarxy|move: Light Screen
|move|p2b: Whimsicott|Moonblast|p1a: Grimmsnarl
|-supereffective|p1a: Grimmsnarl|1
|-damage|p1a: Grimmsnarl|63/100
|move|p2a: Glimmora|Sludge Bomb|p1a: Grimmsnarl
|-supereffective|p1a: Grimmsnarl|1
|-damage|p1a: Grimmsnarl|1/100
|-status|p1a: Grimmsnarl|psn
|move|p1b: Archaludon|Flash Cannon|p2a: Glimmora
|-supereffective|p2a: Glimmora|1
|-damage|p2a: Glimmora|13/100
|
|-damage|p1a: Grimmsnarl|0 fnt|[from] psn
|faint|p1a: Grimmsnarl
|upkeep
|
|t:|1784428192
|switch|p1a: Basculegion|Basculegion, L50, M|100/100
|turn|2
|inactive|MrsMarxy has 30 seconds left.
|
|t:|1784428222
|move|p2a: Glimmora|Spiky Shield|p2a: Glimmora
|-singleturn|p2a: Glimmora|move: Protect
|move|p2b: Whimsicott|Tailwind|p2b: Whimsicott
|-sidestart|p2: gallegutsito|move: Tailwind
|move|p1a: Basculegion|Last Respects|p2b: Whimsicott
|-damage|p2b: Whimsicott|44/100
|move|p1b: Archaludon|Flash Cannon|p2b: Whimsicott
|-supereffective|p2b: Whimsicott|1
|-damage|p2b: Whimsicott|0 fnt
|faint|p2b: Whimsicott
|
|upkeep
|
|t:|1784428230
|switch|p2b: Charizard|Charizard, L50, M|100/100
|turn|3
|inactive|MrsMarxy has 30 seconds left.
|inactive|gallegutsito has 30 seconds left.
|
|t:|1784428262
|switch|p1b: Pelipper|Pelipper, L50, F|100/100
|-weather|RainDance|[from] ability: Drizzle|[of] p1b: Pelipper
|move|p2a: Glimmora|Earth Power|p1b: Pelipper
|-immune|p1b: Pelipper
|move|p2b: Charizard|Heat Wave|p1a: Basculegion|[spread] p1b
|-miss|p2b: Charizard|p1a: Basculegion
|-resisted|p1b: Pelipper|1
|-damage|p1b: Pelipper|92/100
|move|p1a: Basculegion|Last Respects|p2b: Charizard
|-damage|p2b: Charizard|27/100
|
|-weather|RainDance|[upkeep]
|upkeep
|turn|4
|inactive|MrsMarxy has 30 seconds left.
|inactive|gallegutsito has 30 seconds left.
|
|t:|1784428294
|detailschange|p2b: Charizard|Charizard-Mega-Y, L50, M
|-mega|p2b: Charizard|Charizard|Charizardite Y
|-weather|SunnyDay|[from] ability: Drought|[of] p2b: Charizard
|move|p2a: Glimmora|Power Gem|p1b: Pelipper
|-supereffective|p1b: Pelipper|1
|-damage|p1b: Pelipper|8/100
|-enditem|p1b: Pelipper|Sitrus Berry|[eat]
|-heal|p1b: Pelipper|33/100|[from] item: Sitrus Berry
|move|p2b: Charizard|Heat Wave|p1a: Basculegion|[spread] p1a,p1b
|-resisted|p1a: Basculegion|1
|-resisted|p1b: Pelipper|1
|-damage|p1a: Basculegion|73/100
|-damage|p1b: Pelipper|4/100
|move|p1a: Basculegion|Last Respects|p2b: Charizard
|-damage|p2b: Charizard|0 fnt
|faint|p2b: Charizard
|move|p1b: Pelipper|Weather Ball|p2a: Glimmora
|-resisted|p2a: Glimmora|1
|-damage|p2a: Glimmora|0 fnt
|faint|p2a: Glimmora
|
|-weather|SunnyDay|[upkeep]
|upkeep
|
|t:|1784428307
|switch|p2b: Basculegion|Basculegion, L50, M|100/100
|turn|5
|inactive|MrsMarxy has 30 seconds left.
|
|t:|1784428332
|switch|p1a: Archaludon|Archaludon, L50, F|100/100
|move|p2b: Basculegion|Last Respects|p1a: Archaludon
|-damage|p1a: Archaludon|3/100
|-ability|p1a: Archaludon|Stamina|boost
|-boost|p1a: Archaludon|def|1
|move|p1b: Pelipper|Tailwind|p1b: Pelipper
|-sidestart|p1: MrsMarxy|move: Tailwind
|
|-weather|SunnyDay|[upkeep]
|-heal|p1a: Archaludon|9/100|[from] item: Leftovers
|-sideend|p2: gallegutsito|move: Tailwind
|upkeep
|turn|6
|
|t:|1784428354
|move|p2b: Basculegion|Protect|p2b: Basculegion
|-singleturn|p2b: Basculegion|Protect
|move|p1a: Archaludon|Dragon Pulse|p2b: Basculegion
|-activate|p2b: Basculegion|move: Protect
|move|p1b: Pelipper|Weather Ball|p2b: Basculegion
|-activate|p2b: Basculegion|move: Protect
|
|-weather|SunnyDay|[upkeep]
|-heal|p1a: Archaludon|15/100|[from] item: Leftovers
|upkeep
|turn|7
|
|t:|1784428376
|move|p2b: Basculegion|Aqua Jet|p1a: Archaludon
|-resisted|p1a: Archaludon|1
|-damage|p1a: Archaludon|12/100
|-ability|p1a: Archaludon|Stamina|boost
|-boost|p1a: Archaludon|def|1
|move|p1a: Archaludon|Dragon Pulse|p2b: Basculegion
|-damage|p2b: Basculegion|63/100
|move|p1b: Pelipper|Weather Ball|p2b: Basculegion
|-resisted|p2b: Basculegion|1
|-crit|p2b: Basculegion
|-damage|p2b: Basculegion|35/100
|
|-weather|SunnyDay|[upkeep]
|-heal|p1a: Archaludon|18/100|[from] item: Leftovers
|upkeep
|turn|8
|-message|gallegutsito forfeited.
|
|win|MrsMarxy
|l|☆gallegutsito
|player|p2|
||gallegutsito is ready for game 3.
||MrsMarxy is ready for game 3.
|uhtml|next|Next: Game 3 of 3
