|j|☆ROMAIN093
|j|☆Beeetch
|html|ROMAIN093Beeetch    
|uhtml|bestof|Game 2 of a best-of-3
|t:|1757120362
|gametype|doubles
|player|p1|ROMAIN093|102|1122
|player|p2|Beeetch|beauty-gen4dp|1324
|gen|9
|tier|[Gen 9] VGC 2025 Reg H (Bo3)
|rated|
|rule|Species Clause: Limit one of each Pokémon
|rule|Item Clause: Limit 1 of each item
|clearpoke
|poke|p1|Incineroar, L50, M|
|poke|p1|Kingambit, L50, F|
|poke|p1|Archaludon, L50, F|
|poke|p1|Pelipper, L50, M|
|poke|p1|Rillaboom, L50, M|
|poke|p1|Sneasler, L50, M|
|poke|p2|Excadrill, L50, F|
|poke|p2|Tyranitar, L50, M|
|poke|p2|Sneasler, L50, F|
|poke|p2|Indeedee, L50, M|
|poke|p2|Corviknight, L50, M|
|poke|p2|Annihilape, L50, F|
|teampreview|4
|showteam|p1|Incineroar||SafetyGoggles|Intimidate|FakeOut,FlareBlitz,KnockOff,Taunt|||M|||50|,,,,,Bug]Kingambit||BlackGlasses|Defiant|TeraBlast,Protect,KowtowCleave,SuckerPunch|||F|||50|,,,,,Flying]Archaludon||PowerHerb|Stamina|ElectroShot,DragonPulse,BodyPress,Protect|||F|||50|,,,,,Grass]Pelipper||CovertCloak|Drizzle|Tailwind,Hurricane,WeatherBall,Protect|||M|||50|,,,,,Ghost]Rillaboom||AssaultVest|GrassySurge|FakeOut,BulletSeed,GrassyGlide,HighHorsepower|||M|||50|,,,,,Fire]Sneasler||FocusSash|PoisonTouch|FakeOut,CloseCombat,DireClaw,Protect|||M|||50|,,,,,Dark
|showteam|p2|Excadrill||FocusSash|SandRush|IronHead,HighHorsepower,Earthquake,Protect|||F|||50|,,,,,Stellar]Tyranitar||AssaultVest|SandStream|RockSlide,KnockOff,TeraBlast,LowKick|||M|||50|,,,,,Flying]Sneasler||PsychicSeed|Unburden|DireClaw,CloseCombat,ThroatChop,Protect|||F|||50|,,,,,Dark]Indeedee||ChoiceScarf|PsychicSurge|ExpandingForce,TeraBlast,Protect,Trick|||M|||50|,,,,,Psychic]Corviknight||Leftovers|MirrorArmor|BraveBird,BulkUp,Roost,Tailwind|||M|||50|,,,,,Dragon]Annihilape||SafetyGoggles|Defiant|CloseCombat,FinalGambit,RageFist,Taunt|||F|||50|,,,,,Water
|inactive|Battle timer is ON: inactive players will automatically lose when time's up. (requested by ROMAIN093)
|inactive|ROMAIN093 has 60 seconds left.
|
|t:|1757120409
|teamsize|p1|4
|teamsize|p2|4
|start
|switch|p1a: Archaludon|Archaludon, L50, F|100/100
|switch|p1b: Rillaboom|Rillaboom, L50, M|100/100
|switch|p2a: Corviknight|Corviknight, L50, M|100/100
|switch|p2b: Annihilape|Annihilape, L50, F|100/100
|-fieldstart|move: Grassy Terrain|[from] ability: Grassy Surge|[of] p1b: Rillaboom
|turn|1
|inactive|ROMAIN093 has 30 seconds left.
|inactive|Beeetch has 30 seconds left.
|inactive|Beeetch has 20 seconds left.
|inactive|Beeetch has 15 seconds left.
|inactive|ROMAIN093 has 20 seconds left.
|inactive|Beeetch has 10 seconds left.
|inactive|ROMAIN093 has 15 seconds left.
|inactive|Beeetch has 5 seconds left.
|inactive|ROMAIN093 has 10 seconds left.
|
|t:|1757120464
|-terastallize|p1a: Archaludon|Grass
|-terastallize|p2a: Corviknight|Dragon
|move|p2b: Annihilape|Close Combat|p1a: Archaludon
|-damage|p1a: Archaludon|56/100
|-unboost|p2b: Annihilape|def|1
|-unboost|p2b: Annihilape|spd|1
|-ability|p1a: Archaludon|Stamina|boost
|-boost|p1a: Archaludon|def|1
|move|p1b: Rillaboom|Bullet Seed|p1a: Archaludon
|-resisted|p1a: Archaludon
|-damage|p1a: Archaludon|50/100
|-ability|p1a: Archaludon|Stamina|boost
|-boost|p1a: Archaludon|def|1
|-resisted|p1a: Archaludon
|-damage|p1a: Archaludon|46/100
|-ability|p1a: Archaludon|Stamina|boost
|-boost|p1a: Archaludon|def|1
|-hitcount|p1a: Archaludon|2
|move|p1a: Archaludon|Electro Shot||[still]
|-prepare|p1a: Archaludon|Electro Shot
|-boost|p1a: Archaludon|spa|1
|-enditem|p1a: Archaludon|Power Herb
|-anim|p1a: Archaludon|Electro Shot|p2a: Corviknight
|-resisted|p2a: Corviknight
|-damage|p2a: Corviknight|71/100
|move|p2a: Corviknight|Bulk Up|p2a: Corviknight
|-boost|p2a: Corviknight|atk|1
|-boost|p2a: Corviknight|def|1
|
|-heal|p1a: Archaludon|52/100|[from] Grassy Terrain
|-heal|p2a: Corviknight|78/100|[from] Grassy Terrain
|-heal|p2a: Corviknight|84/100|[from] item: Leftovers
|upkeep
|turn|2
|inactive|ROMAIN093 has 30 seconds left.
|inactive|Beeetch has 30 seconds left.
|inactive|Beeetch has 20 seconds left.
|
|t:|1757120502
|switch|p1b: Pelipper|Pelipper, L50, M|100/100
|-weather|RainDance|[from] ability: Drizzle|[of] p1b: Pelipper
|move|p1a: Archaludon|Protect|p1a: Archaludon
|-singleturn|p1a: Archaludon|Protect
|move|p2b: Annihilape|Final Gambit|p1a: Archaludon
|-activate|p1a: Archaludon|move: Protect
|move|p2a: Corviknight|Brave Bird|p1b: Pelipper
|-damage|p1b: Pelipper|16/100
|-damage|p2a: Corviknight|64/100|[from] Recoil
|
|-weather|RainDance|[upkeep]
|-heal|p1a: Archaludon|58/100|[from] Grassy Terrain
|-heal|p2a: Corviknight|70/100|[from] Grassy Terrain
|-heal|p2a: Corviknight|77/100|[from] item: Leftovers
|upkeep
|turn|3
|inactive|ROMAIN093 has 30 seconds left.
|inactive|Beeetch has 30 seconds left.
|inactive|ROMAIN093 has 20 seconds left.
|inactive|ROMAIN093 has 15 seconds left.
|inactive|Beeetch has 20 seconds left.
|
|t:|1757120542
|move|p1a: Archaludon|Protect||[still]
|-fail|p1a: Archaludon
|move|p2b: Annihilape|Final Gambit|p1a: Archaludon
|-damage|p1a: Archaludon|0 fnt
|faint|p2b: Annihilape
|faint|p1a: Archaludon
|move|p1b: Pelipper|Tailwind|p1b: Pelipper
|-sidestart|p1: ROMAIN093|move: Tailwind
|move|p2a: Corviknight|Tailwind|p2a: Corviknight
|-sidestart|p2: Beeetch|move: Tailwind
|
|-weather|RainDance|[upkeep]
|-heal|p2a: Corviknight|83/100|[from] Grassy Terrain
|-heal|p2a: Corviknight|89/100|[from] item: Leftovers
|upkeep
|
|t:|1757120555
|switch|p2b: Tyranitar|Tyranitar, L50, M, shiny|100/100
|switch|p1a: Incineroar|Incineroar, L50, M|100/100
|-weather|Sandstorm|[from] ability: Sand Stream|[of] p2b: Tyranitar
|-ability|p1a: Incineroar|Intimidate|boost
|-ability|p2a: Corviknight|Mirror Armor
|-unboost|p1a: Incineroar|atk|1
|-unboost|p2b: Tyranitar|atk|1
|turn|4
|
|t:|1757120577
|switch|p1b: Rillaboom|Rillaboom, L50, M|100/100
|move|p2b: Tyranitar|Rock Slide|p1b: Rillaboom|[spread] p1a,p1b
|-supereffective|p1a: Incineroar
|-damage|p1a: Incineroar|68/100
|-damage|p1b: Rillaboom|74/100
|move|p2a: Corviknight|Brave Bird|p1a: Incineroar
|-damage|p1a: Incineroar|14/100
|-damage|p2a: Corviknight|70/100|[from] Recoil
|cant|p1a: Incineroar|flinch
|
|-weather|Sandstorm|[upkeep]
|-damage|p1b: Rillaboom|68/100|[from] Sandstorm
|-damage|p2a: Corviknight|64/100|[from] Sandstorm
|-heal|p1b: Rillaboom|74/100|[from] Grassy Terrain
|-heal|p2a: Corviknight|70/100|[from] Grassy Terrain
|-heal|p2a: Corviknight|77/100|[from] item: Leftovers
|-heal|p1a: Incineroar|20/100|[from] Grassy Terrain
|upkeep
|turn|5
|-message|ROMAIN093 forfeited.
|
|win|Beeetch
|l|☆ROMAIN093
|player|p1|
||ROMAIN093 is ready for game 3.
