|j|☆AshVGCMX
|j|☆yung elmers glue
|html|AshVGCMXyung elmers glue    
|uhtml|bestof|Game 3 of a best-of-3
|t:|1755237356
|gametype|doubles
|player|p1|AshVGCMX|265|1189
|player|p2|yung elmers glue|caitlin|1232
|gen|9
|tier|[Gen 9] VGC 2025 Reg H (Bo3)
|rated|
|rule|Species Clause: Limit one of each Pokémon
|rule|Item Clause: Limit 1 of each item
|clearpoke
|poke|p1|Pikachu, L50, M|
|poke|p1|Blaziken, L50, F|
|poke|p1|Pelipper, L50, M|
|poke|p1|Basculegion, L50, M|
|poke|p1|Baxcalibur, L50, M|
|poke|p1|Amoonguss, L50, F|
|poke|p2|Dragonite, L50, F|
|poke|p2|Clefable, L50, M|
|poke|p2|Gholdengo, L50|
|poke|p2|Ursaluna-Bloodmoon, L50, M|
|poke|p2|Kingambit, L50, M|
|poke|p2|Sneasler, L50, M|
|teampreview|4
|showteam|p1|Pikachu||LightBall|LightningRod|FakeOut,VoltTackle,PlayRough,Protect|||M|||50|,,,,,Fairy]Blaziken||FocusSash|SpeedBoost|HeatWave,AuraSphere,Coaching,Detect|||F|||50|,,,,,Stellar]Pelipper||CovertCloak|Drizzle|Hurricane,Tailwind,WeatherBall,WideGuard|||M|||50|,,,,,Ground]Basculegion||ChoiceBand|SwiftSwim|WaveCrash,AquaJet,FlipTurn,LastRespects|||M|||50|,,,,,Water]Baxcalibur||LoadedDice|ThermalExchange|IcicleSpear,ScaleShot,IceShard,Protect|||M|||50|,,,,,Bug]Amoonguss||SitrusBerry|Regenerator|PollenPuff,Spore,RagePowder,Protect|||F|||50|,,,,,Fairy
|showteam|p2|Dragonite||LoadedDice|Multiscale|ScaleShot,ExtremeSpeed,Protect,LowKick|||F|||50|,,,,,Fairy]Clefable||SafetyGoggles|Unaware|Moonblast,Protect,HelpingHand,FollowMe|||M|||50|,,,,,Steel]Gholdengo||LifeOrb|GoodasGold|MakeItRain,ShadowBall,NastyPlot,Protect||||||50|,,,,,Water]Ursaluna-Bloodmoon||AssaultVest|MindsEye|BloodMoon,HyperVoice,EarthPower,Snarl|||M|||50|,,,,,Ghost]Kingambit||BlackGlasses|Defiant|Protect,SuckerPunch,IronHead,KowtowCleave|||M|||50|,,,,,Dark]Sneasler||FocusSash|PoisonTouch|CloseCombat,DireClaw,FakeOut,Protect|||M|||50|,,,,,Stellar
|inactive|Battle timer is ON: inactive players will automatically lose when time's up. (requested by AshVGCMX)
|
|t:|1755237372
|teamsize|p1|4
|teamsize|p2|4
|start
|switch|p1a: Blaziken|Blaziken, L50, F|100/100
|switch|p1b: Baxcalibur|Baxcalibur, L50, M|100/100
|switch|p2a: Sneasler|Sneasler, L50, M|100/100
|switch|p2b: Gholdengo|Gholdengo, L50|100/100
|turn|1
|
|t:|1755237383
|-terastallize|p2b: Gholdengo|Water
|-terastallize|p1b: Baxcalibur|Bug
|move|p2a: Sneasler|Fake Out|p1b: Baxcalibur
|-damage|p1b: Baxcalibur|87/100
|move|p2b: Gholdengo|Nasty Plot|p2b: Gholdengo
|-boost|p2b: Gholdengo|spa|2
|move|p1a: Blaziken|Heat Wave|p2a: Sneasler|[spread] p2a,p2b
|-resisted|p2b: Gholdengo
|-damage|p2a: Sneasler|56/100
|-damage|p2b: Gholdengo|82/100
|cant|p1b: Baxcalibur|flinch
|
|-ability|p1a: Blaziken|Speed Boost|boost
|-boost|p1a: Blaziken|spe|1
|upkeep
|turn|2
|
|t:|1755237399
|switch|p2a: Clefable|Clefable, L50, M|100/100
|move|p1b: Baxcalibur|Protect|p1b: Baxcalibur
|-singleturn|p1b: Baxcalibur|Protect
|move|p1a: Blaziken|Heat Wave|p2a: Clefable|[spread] p2a,p2b
|-resisted|p2b: Gholdengo
|-damage|p2a: Clefable|69/100
|-damage|p2b: Gholdengo|65/100
|move|p2b: Gholdengo|Make It Rain|p1b: Baxcalibur|[spread] p1a
|-activate|p1b: Baxcalibur|move: Protect
|-resisted|p1a: Blaziken
|-damage|p1a: Blaziken|13/100
|-unboost|p2b: Gholdengo|spa|1
|-damage|p2b: Gholdengo|56/100|[from] item: Life Orb
|
|-ability|p1a: Blaziken|Speed Boost|boost
|-boost|p1a: Blaziken|spe|1
|upkeep
|turn|3
|
|t:|1755237413
|move|p1a: Blaziken|Coaching|p1b: Baxcalibur
|-boost|p1b: Baxcalibur|atk|1
|-boost|p1b: Baxcalibur|def|1
|move|p2b: Gholdengo|Make It Rain|p1b: Baxcalibur|[spread] p1a,p1b
|-resisted|p1a: Blaziken
|-damage|p1a: Blaziken|0 fnt
|-damage|p1b: Baxcalibur|0 fnt
|-unboost|p2b: Gholdengo|spa|1
|faint|p1a: Blaziken
|faint|p1b: Baxcalibur
|-damage|p2b: Gholdengo|46/100|[from] item: Life Orb
|move|p2a: Clefable|Moonblast|p1: Blaziken|[notarget]
|-fail|p2a: Clefable
|
|upkeep
|
|t:|1755237420
|switch|p1a: Basculegion|Basculegion, L50, M|100/100
|switch|p1b: Pelipper|Pelipper, L50, M|100/100
|-weather|RainDance|[from] ability: Drizzle|[of] p1b: Pelipper
|turn|4
|
|t:|1755237434
|move|p2a: Clefable|Follow Me|p2a: Clefable
|-singleturn|p2a: Clefable|move: Follow Me
|move|p1a: Basculegion|Last Respects|p2a: Clefable
|-damage|p2a: Clefable|0 fnt
|faint|p2a: Clefable
|move|p2b: Gholdengo|Shadow Ball|p1a: Basculegion
|-supereffective|p1a: Basculegion
|-damage|p1a: Basculegion|0 fnt
|faint|p1a: Basculegion
|-damage|p2b: Gholdengo|37/100|[from] item: Life Orb
|move|p1b: Pelipper|Hurricane|p2b: Gholdengo
|-crit|p2b: Gholdengo
|-damage|p2b: Gholdengo|0 fnt
|faint|p2b: Gholdengo
|
|-weather|RainDance|[upkeep]
|upkeep
|
|t:|1755237442
|switch|p2b: Sneasler|Sneasler, L50, M|56/100
|switch|p2a: Dragonite|Dragonite, L50, F|100/100
|turn|5
|
|t:|1755237446
|move|p2b: Sneasler|Dire Claw|p1b: Pelipper
|-damage|p1b: Pelipper|54/100
|move|p2a: Dragonite|Scale Shot|p1b: Pelipper|[miss]
|-miss|p2a: Dragonite|p1b: Pelipper
|move|p1b: Pelipper|Hurricane|p2b: Sneasler
|-supereffective|p2b: Sneasler
|-damage|p2b: Sneasler|0 fnt
|faint|p2b: Sneasler
|
|-weather|RainDance|[upkeep]
|upkeep
|turn|6
|
|t:|1755237452
|move|p2a: Dragonite|Scale Shot|p1b: Pelipper
|-damage|p1b: Pelipper|37/100
|-damage|p1b: Pelipper|22/100
|-damage|p1b: Pelipper|7/100
|-damage|p1b: Pelipper|0 fnt
|faint|p1b: Pelipper
|-hitcount|p1: Pelipper|4
|
|win|yung elmers glue
|raw|AshVGCMX's rating: 1189 → 1167(-22 for losing)
|raw|yung elmers glue's rating: 1232 → 1254(+22 for winning)
|l|☆yung elmers glue
|player|p2|
|l|☆AshVGCMX
|player|p1|
|j|☆AshVGCMX
|player|p1|AshVGCMX|265|
