|j|☆Prro-T
|j|☆LivioVGC
|html|Prro-TLivioVGC    
|uhtml|bestof|Game 1 of a best-of-3
|t:|1783882608
|gametype|doubles
|player|p1|Prro-T|#smogonxnpa2026draftee|
|player|p2|LivioVGC|#smogonxnpa2026draftee2|
|gen|9
|tier|[Gen 9 Champions] VGC 2026 Reg M-B (Bo3)
|rule|Species Clause: Limit one of each Pokémon
|rule|Item Clause: Limit 1 of each item
|clearpoke
|poke|p1|Blastoise, L50, M|
|poke|p1|Delphox, L50, M|
|poke|p1|Sneasler, L50, M|
|poke|p1|Incineroar, L50, F|
|poke|p1|Sinistcha, L50|
|poke|p1|Kingambit, L50, F|
|poke|p2|Incineroar, L50, F|
|poke|p2|Sinistcha, L50|
|poke|p2|Sneasler, L50, F|
|poke|p2|Kingambit, L50, M|
|poke|p2|Floette-Eternal, L50, F|
|poke|p2|Basculegion, L50, M|
|teampreview|4
|showteam|p1|Blastoise||Blastoisinite|RainDish|WaterSpout,DarkPulse,ShellSmash,Protect|Modest||M|||50|]Delphox||Delphoxite|Blaze|HeatWave,Psychic,NastyPlot,Protect|Timid||M|||50|]Sneasler||FocusSash|Unburden|CloseCombat,DireClaw,FakeOut,QuickGuard|Jolly||M|||50|]Incineroar||SitrusBerry|Intimidate|FlareBlitz,ThroatChop,FakeOut,PartingShot|Impish||F|||50|]Sinistcha||KasibBerry|Hospitality|MatchaGotcha,LifeDew,RagePowder,Protect|Bold|||||50|]Kingambit||BlackGlasses|Defiant|KowtowCleave,SuckerPunch,SwordsDance,Protect|Adamant||F|||50|
|showteam|p2|Incineroar||SitrusBerry|Intimidate|FakeOut,FlareBlitz,DarkestLariat,PartingShot|Careful||F|||50|]Sinistcha||OccaBerry|Hospitality|MatchaGotcha,TrickRoom,RagePowder,Protect|Bold|||||50|]Sneasler||FocusSash|PoisonTouch|PoisonJab,CloseCombat,QuickGuard,FakeOut|Jolly||F|||50|]Kingambit||LifeOrb|Defiant|KowtowCleave,SuckerPunch,SwordsDance,Protect|Adamant||M|||50|]Floette-Eternal||Floettite|FlowerVeil|Moonblast,DazzlingGleam,CalmMind,Protect|Modest||F|||50|]Basculegion||ChoiceScarf|Adaptability|WaveCrash,LastRespects,FlipTurn,AquaJet|Jolly||M|||50|
|c|☆LivioVGC|glhf
|c|☆Prro-T|one sec
|c|☆Prro-T|ill send the link
|c|☆LivioVGC|yeah is good nw
|c|☆LivioVGC|I will do the same
|j| Vikram chan
|j| Christianfinity
|j| Zwambert
|l| Christianfinity
|j| Galahad Excalibur
|c|☆Prro-T|gl hf
|c|☆LivioVGC|u2
|j| zardytailwindguy
|j| FBISurveillanceMan
|j| ceree
|l| FBISurveillanceMan
|j| carneyasada
|l| zardytailwindguy
|j| thacrow
|
|t:|1783882773
|teamsize|p1|4
|teamsize|p2|4
|start
|switch|p1a: Blastoise|Blastoise, L50, M|100/100
|switch|p1b: Sneasler|Sneasler, L50, M|100/100
|switch|p2a: Floette|Floette-Eternal, L50, F|100/100
|switch|p2b: Sneasler|Sneasler, L50, F|100/100
|turn|1
|j| Sven
|j| kommander
|
|t:|1783882812
|detailschange|p1a: Blastoise|Blastoise-Mega, L50, M
|-mega|p1a: Blastoise|Blastoise|Blastoisinite
|detailschange|p2a: Floette|Floette-Mega, L50, F
|-mega|p2a: Floette|Floette|Floettite
|-ability|p2a: Floette|Fairy Aura
|move|p2b: Sneasler|Fake Out|p1a: Blastoise
|-damage|p1a: Blastoise|85/100
|-status|p1a: Blastoise|psn|[from] ability: Poison Touch|[of] p2b: Sneasler
|move|p1b: Sneasler|Dire Claw|p2a: Floette
|-supereffective|p2a: Floette|1
|-damage|p2a: Floette|16/100
|move|p2a: Floette|Dazzling Gleam|p1a: Blastoise|[spread] p1a,p1b
|-damage|p1a: Blastoise|42/100 psn
|-damage|p1b: Sneasler|38/100
|cant|p1a: Blastoise|flinch
|
|-damage|p1a: Blastoise|30/100 psn|[from] psn
|upkeep
|turn|2
|j| Harry Koekenpan
|j| Gehtgutdigga
|l| kommander
|
|t:|1783882872
|switch|p2a: Incineroar|Incineroar, L50, F|100/100
|-ability|p2a: Incineroar|Intimidate|boost
|-unboost|p1a: Blastoise|atk|1
|-unboost|p1b: Sneasler|atk|1
|switch|p1a: Sinistcha|Sinistcha, L50|100/100
|-heal|p1b: Sneasler|63/100|[from] ability: Hospitality|[of] p1a: Sinistcha
|move|p2b: Sneasler|Close Combat|p1b: Sneasler
|-resisted|p1b: Sneasler|1
|-damage|p1b: Sneasler|9/100
|-unboost|p2b: Sneasler|def|1
|-unboost|p2b: Sneasler|spd|1
|move|p1b: Sneasler|Close Combat|p2a: Incineroar
|-supereffective|p2a: Incineroar|1
|-damage|p2a: Incineroar|31/100
|-unboost|p1b: Sneasler|def|1
|-unboost|p1b: Sneasler|spd|1
|-enditem|p2a: Incineroar|Sitrus Berry|[eat]
|-heal|p2a: Incineroar|56/100|[from] item: Sitrus Berry
|
|upkeep
|turn|3
|j| xmarsh
|l| xmarsh
|j| A Regu1ar Guy
|j| kommander
|j| Code
|
|t:|1783882908
|switch|p2b: Sinistcha|Sinistcha, L50|100/100
|-heal|p2a: Incineroar|81/100|[from] ability: Hospitality|[of] p2b: Sinistcha
|switch|p1b: Incineroar|Incineroar, L50, F|100/100
|-ability|p1b: Incineroar|Intimidate|boost
|-unboost|p2a: Incineroar|atk|1
|-unboost|p2b: Sinistcha|atk|1
|move|p1a: Sinistcha|Matcha Gotcha|p2b: Sinistcha|[spread] p2a,p2b
|-resisted|p2a: Incineroar|1
|-resisted|p2b: Sinistcha|1
|-damage|p2a: Incineroar|71/100
|-damage|p2b: Sinistcha|89/100
|move|p2a: Incineroar|Parting Shot|p1b: Incineroar
|-unboost|p1b: Incineroar|atk|1
|-unboost|p1b: Incineroar|spa|1
|
|t:|1783882928
|switch|p2a: Sneasler|Sneasler, L50, F|100/100|[from] Parting Shot
|
|upkeep
|turn|4
|
|t:|1783882956
|switch|p2b: Incineroar|Incineroar, L50, F|71/100
|-ability|p2b: Incineroar|Intimidate|boost
|-unboost|p1a: Sinistcha|atk|1
|-unboost|p1b: Incineroar|atk|1
|move|p1a: Sinistcha|Rage Powder|p1a: Sinistcha
|-singleturn|p1a: Sinistcha|move: Rage Powder
|move|p2a: Sneasler|Close Combat|p1a: Sinistcha
|-immune|p1a: Sinistcha
|move|p1b: Incineroar|Parting Shot|p2a: Sneasler
|-unboost|p2a: Sneasler|atk|1
|-unboost|p2a: Sneasler|spa|1
|
|t:|1783882976
|switch|p1b: Blastoise|Blastoise-Mega, L50, M|30/100 psn|[from] Parting Shot
|
|-damage|p1b: Blastoise|18/100 psn|[from] psn
|upkeep
|turn|5
|j| thebusinesspiggy2
|
|t:|1783883006
|move|p1b: Blastoise|Protect|p1b: Blastoise
|-singleturn|p1b: Blastoise|Protect
|move|p2a: Sneasler|Close Combat|p1a: Sinistcha
|-immune|p1a: Sinistcha
|move|p1a: Sinistcha|Life Dew||[still]|[spread] p1a,p1b
|-fail|p1a: Sinistcha|heal
|-heal|p1b: Blastoise|43/100 psn
|move|p2b: Incineroar|Parting Shot|p1a: Sinistcha
|-unboost|p1a: Sinistcha|atk|1
|-unboost|p1a: Sinistcha|spa|1
|
|t:|1783883016
|switch|p2b: Floette|Floette-Mega, L50, F|16/100|[from] Parting Shot
|-ability|p2b: Floette|Fairy Aura
|
|-damage|p1b: Blastoise|31/100 psn|[from] psn
|upkeep
|turn|6
|j| Daneci
|
|t:|1783883054
|switch|p1b: Incineroar|Incineroar, L50, F|100/100
|-ability|p1b: Incineroar|Intimidate|boost
|-unboost|p2a: Sneasler|atk|1
|-unboost|p2b: Floette|atk|1
|move|p2a: Sneasler|Close Combat|p1b: Incineroar
|-supereffective|p1b: Incineroar|1
|-damage|p1b: Incineroar|48/100
|-unboost|p2a: Sneasler|def|1
|-unboost|p2a: Sneasler|spd|1
|-enditem|p1b: Incineroar|Sitrus Berry|[eat]
|-heal|p1b: Incineroar|73/100|[from] item: Sitrus Berry
|move|p2b: Floette|Dazzling Gleam|p1b: Incineroar|[spread] p1a,p1b
|-damage|p1a: Sinistcha|58/100
|-damage|p1b: Incineroar|37/100
|move|p1a: Sinistcha|Matcha Gotcha|p2a: Sneasler|[spread] p2a
|-miss|p1a: Sinistcha|p2b: Floette
|-resisted|p2a: Sneasler|1
|-damage|p2a: Sneasler|84/100
|-heal|p1a: Sinistcha|65/100|[from] drain|[of] p2a: Sneasler
|
|upkeep
|turn|7
|l| Daneci
|l| kommander
|
|t:|1783883099
|switch|p2a: Sinistcha|Sinistcha, L50|89/100
|-heal|p2b: Floette|40/100|[from] ability: Hospitality|[of] p2a: Sinistcha
|move|p2b: Floette|Dazzling Gleam|p1a: Sinistcha|[spread] p1a,p1b
|-damage|p1a: Sinistcha|26/100
|-damage|p1b: Incineroar|2/100
|move|p1a: Sinistcha|Matcha Gotcha|p2b: Floette|[spread] p2a,p2b
|-resisted|p2a: Sinistcha|1
|-damage|p2a: Sinistcha|82/100
|-heal|p1a: Sinistcha|30/100|[from] drain|[of] p2a: Sinistcha
|-damage|p2b: Floette|30/100
|-heal|p1a: Sinistcha|35/100|[from] drain|[of] p2b: Floette
|-status|p2b: Floette|brn
|move|p1b: Incineroar|Flare Blitz|p2a: Sinistcha
|-supereffective|p2a: Sinistcha|1
|-enditem|p2a: Sinistcha|Occa Berry|[eat]
|-enditem|p2a: Sinistcha|Occa Berry|[weaken]
|-damage|p2a: Sinistcha|42/100
|-status|p2a: Sinistcha|brn
|-damage|p1b: Incineroar|0 fnt|[from] Recoil
|faint|p1b: Incineroar
|
|-damage|p2b: Floette|24/100 brn|[from] brn
|-damage|p2a: Sinistcha|36/100 brn|[from] brn
|upkeep
|j| kommander
|
|t:|1783883121
|switch|p1b: Blastoise|Blastoise-Mega, L50, M|31/100 psn
|turn|8
|l| Code
|l| Gehtgutdigga
|
|t:|1783883139
|switch|p2a: Incineroar|Incineroar, L50, F|71/100
|-ability|p2a: Incineroar|Intimidate|boost
|-unboost|p1a: Sinistcha|atk|1
|-unboost|p1b: Blastoise|atk|1
|move|p1b: Blastoise|Protect|p1b: Blastoise
|-singleturn|p1b: Blastoise|Protect
|move|p2b: Floette|Dazzling Gleam|p1b: Blastoise|[spread] p1a
|-activate|p1b: Blastoise|move: Protect
|-damage|p1a: Sinistcha|0 fnt
|faint|p1a: Sinistcha
|
|-damage|p1b: Blastoise|19/100 psn|[from] psn
|-damage|p2b: Floette|18/100 brn|[from] brn
|upkeep
|j| Gehtgutdigga
|
|t:|1783883148
|switch|p1a: Sneasler|Sneasler, L50, M|9/100
|turn|9
|-message|Prro-T forfeited.
|
|win|LivioVGC
||LivioVGC is ready for game 2.
||Prro-T is ready for game 2.
|uhtml|next|Next: Game 2 of 3
|l| thacrow
|l| thebusinesspiggy2
|l| kommander
|j| jmodri
|j| ArKaneVGC
|j| Christianfinity
|l| Christianfinity
|l| ArKaneVGC
|l| Vikram chan
|l| carneyasada
|l|☆Prro-T
|player|p1|
|l| Galahad Excalibur
