|j|☆MarzipanTheFirst
|j|☆nutbuster151
|html|MarzipanTheFirstnutbuster151    
|uhtml|bestof|Game 1 of a best-of-3
|t:|1784963548
|gametype|doubles
|player|p1|MarzipanTheFirst|wallace|1147
|player|p2|nutbuster151|acetrainer|1251
|gen|9
|tier|[Gen 9 Champions] VGC 2026 Reg M-B (Bo3)
|rated|
|rule|Species Clause: Limit one of each Pokémon
|rule|Item Clause: Limit 1 of each item
|clearpoke
|poke|p1|Dragalge, L50, M|
|poke|p1|Mamoswine, L50, M|
|poke|p1|Aerodactyl, L50, M|
|poke|p1|Lopunny, L50, F|
|poke|p1|Kingambit, L50, M|
|poke|p1|Sinistcha-Masterpiece, L50|
|poke|p2|Aerodactyl, L50, M|
|poke|p2|Kingambit, L50, M|
|poke|p2|Sylveon, L50, M|
|poke|p2|Garchomp, L50, M|
|poke|p2|Charizard, L50, M|
|poke|p2|Incineroar, L50, F|
|teampreview|4
|showteam|p1|Dragalge||Dragalgite|PoisonPoint|DracoMeteor,FlipTurn,SludgeBomb,Protect|Modest||M|||50|]Mamoswine||LifeOrb|Oblivious|IceShard,HighHorsepower,IcicleCrash,Protect|Adamant||M|||50|]Aerodactyl||FocusSash|Unnerve|RockSlide,WideGuard,Tailwind,Protect|Jolly||M|||50|]Lopunny||Lopunnite|CuteCharm|CloseCombat,TripleAxel,Pounce,FakeOut|Jolly||F|||50|]Kingambit||BlackGlasses|Defiant|KowtowCleave,SuckerPunch,IronHead,Protect|Adamant||M|||50|]Sinistcha-Masterpiece||ColburBerry|Hospitality|MatchaGotcha,RagePowder,TrickRoom,Protect|Bold|||||50|
|showteam|p2|Aerodactyl||Aerodactylite|Unnerve|RockSlide,IceFang,Tailwind,WideGuard|Jolly||M|||50|]Kingambit||FocusSash|Defiant|KowtowCleave,SuckerPunch,IronHead,Protect|Adamant||M|||50|]Sylveon||FairyFeather|Pixilate|Detect,HyperVoice,HyperBeam,QuickAttack|Modest||M|||50|]Garchomp||LifeOrb|RoughSkin|Earthquake,DragonClaw,StompingTantrum,Protect|Jolly||M|||50|]Charizard||CharizarditeY|Blaze|Protect,HeatWave,SolarBeam,WeatherBall|Modest||M|||50|]Incineroar||SitrusBerry|Intimidate|DarkestLariat,FlareBlitz,FakeOut,PartingShot|Impish||F|||50|
|inactive|Battle timer is ON: inactive players will automatically lose when time's up. (requested by MarzipanTheFirst)
|c|☆MarzipanTheFirst|Glhf
|
|t:|1784963640
|teamsize|p1|4
|teamsize|p2|4
|start
|switch|p1a: Kingambit|Kingambit, L50, M|100/100
|switch|p1b: Aerodactyl|Aerodactyl, L50, M|100/100
|switch|p2a: Aerodactyl|Aerodactyl, L50, M|100/100
|switch|p2b: Garchomp|Garchomp, L50, M|100/100
|-ability|p1b: Aerodactyl|Unnerve
|-ability|p2a: Aerodactyl|Unnerve
|turn|1
|inactive|MarzipanTheFirst has 30 seconds left.
|inactive|nutbuster151 has 30 seconds left.
|inactive|nutbuster151 has 20 seconds left.
|inactive|nutbuster151 has 15 seconds left.
|inactive|nutbuster151 has 10 seconds left.
|inactive|nutbuster151 has 5 seconds left.
|
|t:|1784963692
|switch|p1a: Mamoswine|Mamoswine, L50, M|100/100
|move|p1b: Aerodactyl|Tailwind|p1b: Aerodactyl
|-sidestart|p1: MarzipanTheFirst|move: Tailwind
|move|p2a: Aerodactyl|Tailwind|p2a: Aerodactyl
|-sidestart|p2: nutbuster151|move: Tailwind
|move|p2b: Garchomp|Stomping Tantrum|p1a: Mamoswine
|-damage|p1a: Mamoswine|42/100
|-damage|p2b: Garchomp|90/100|[from] item: Life Orb
|
|upkeep
|turn|2
|
|t:|1784963713
|switch|p2b: Sylveon|Sylveon, L50, M|100/100
|move|p1a: Mamoswine|Ice Shard|p2a: Aerodactyl
|-supereffective|p2a: Aerodactyl|1
|-damage|p2a: Aerodactyl|21/100
|-damage|p1a: Mamoswine|32/100|[from] item: Life Orb
|move|p1b: Aerodactyl|Rock Slide|p2a: Aerodactyl|[spread] p2a,p2b
|-supereffective|p2a: Aerodactyl|1
|-crit|p2b: Sylveon
|-damage|p2a: Aerodactyl|0 fnt
|-damage|p2b: Sylveon|55/100
|faint|p2a: Aerodactyl
|
|upkeep
|inactive|nutbuster151 has 30 seconds left.
|
|t:|1784963740
|switch|p2a: Garchomp|Garchomp, L50, M|90/100
|turn|3
|inactive|nutbuster151 has 30 seconds left.
|
|t:|1784963768
|switch|p1b: Kingambit|Kingambit, L50, M|100/100
|move|p2a: Garchomp|Protect|p2a: Garchomp
|-singleturn|p2a: Garchomp|Protect
|move|p1a: Mamoswine|Protect|p1a: Mamoswine
|-singleturn|p1a: Mamoswine|Protect
|move|p2b: Sylveon|Hyper Voice|p1a: Mamoswine|[spread] p1b
|-activate|p1a: Mamoswine|move: Protect
|-damage|p1b: Kingambit|57/100
|
|upkeep
|turn|4
|
|t:|1784963787
|switch|p2a: Charizard|Charizard, L50, M|100/100
|move|p2b: Sylveon|Detect|p2b: Sylveon
|-singleturn|p2b: Sylveon|Protect
|move|p1a: Mamoswine|Ice Shard|p2a: Charizard
|-damage|p2a: Charizard|70/100
|-damage|p1a: Mamoswine|23/100|[from] item: Life Orb
|move|p1b: Kingambit|Iron Head|p2b: Sylveon
|-activate|p2b: Sylveon|move: Protect
|
|-sideend|p1: MarzipanTheFirst|move: Tailwind
|-sideend|p2: nutbuster151|move: Tailwind
|upkeep
|turn|5
|
|t:|1784963805
|switch|p1a: Aerodactyl|Aerodactyl, L50, M|100/100
|-ability|p1a: Aerodactyl|Unnerve
|detailschange|p2a: Charizard|Charizard-Mega-Y, L50, M
|-mega|p2a: Charizard|Charizard|Charizardite Y
|-weather|SunnyDay|[from] ability: Drought|[of] p2a: Charizard
|move|p1b: Kingambit|Sucker Punch|p2a: Charizard
|-damage|p2a: Charizard|17/100
|move|p2a: Charizard|Heat Wave|p1b: Kingambit|[spread] p1a,p1b
|-resisted|p1a: Aerodactyl|1
|-supereffective|p1b: Kingambit|1
|-damage|p1a: Aerodactyl|57/100
|-damage|p1b: Kingambit|0 fnt
|-status|p1a: Aerodactyl|brn
|faint|p1b: Kingambit
|move|p2b: Sylveon|Hyper Voice|p1a: Aerodactyl
|-damage|p1a: Aerodactyl|0 fnt
|faint|p1a: Aerodactyl
|
|-weather|SunnyDay|[upkeep]
|upkeep
|
|t:|1784963817
|switch|p1a: Mamoswine|Mamoswine, L50, M|23/100
|switch|p1b: Lopunny|Lopunny, L50, F|100/100
|turn|6
|inactive|MarzipanTheFirst has 30 seconds left.
|inactive|nutbuster151 has 30 seconds left.
|inactive|MarzipanTheFirst has 20 seconds left.
|inactive|MarzipanTheFirst has 15 seconds left.
|
|t:|1784963857
|detailschange|p1b: Lopunny|Lopunny-Mega, L50, F
|-mega|p1b: Lopunny|Lopunny|Lopunnite
|move|p2a: Charizard|Protect|p2a: Charizard
|-singleturn|p2a: Charizard|Protect
|move|p1b: Lopunny|Fake Out|p2b: Sylveon
|-damage|p2b: Sylveon|29/100
|move|p1a: Mamoswine|High Horsepower|p2b: Sylveon
|-damage|p2b: Sylveon|0 fnt
|faint|p2b: Sylveon
|-damage|p1a: Mamoswine|13/100|[from] item: Life Orb
|
|-weather|SunnyDay|[upkeep]
|upkeep
|
|t:|1784963869
|switch|p2b: Garchomp|Garchomp, L50, M|90/100
|turn|7
|
|t:|1784963890
|move|p2b: Garchomp|Protect|p2b: Garchomp
|-singleturn|p2b: Garchomp|Protect
|move|p1a: Mamoswine|Ice Shard|p2a: Charizard
|-damage|p2a: Charizard|0 fnt
|faint|p2a: Charizard
|-damage|p1a: Mamoswine|3/100|[from] item: Life Orb
|move|p1b: Lopunny|Triple Axel|p2b: Garchomp
|-activate|p2b: Garchomp|move: Protect
|
|-weather|SunnyDay|[upkeep]
|upkeep
|turn|8
|
|t:|1784963904
|move|p1a: Mamoswine|Ice Shard|p2b: Garchomp
|-supereffective|p2b: Garchomp|2
|-damage|p2b: Garchomp|0 fnt
|faint|p2b: Garchomp
|-damage|p1a: Mamoswine|0 fnt|[from] item: Life Orb
|faint|p1a: Mamoswine
|
|win|MarzipanTheFirst
