|j|☆hexagonfoot
|j|☆Boomyy
|html|hexagonfootBoomyy    
|uhtml|bestof|Game 2 of a best-of-3
|t:|1756532223
|gametype|doubles
|player|p1|hexagonfoot|caitlin|1198
|player|p2|Boomyy|brawly|1281
|gen|9
|tier|[Gen 9] VGC 2025 Reg H (Bo3)
|rated|
|rule|Species Clause: Limit one of each Pokémon
|rule|Item Clause: Limit 1 of each item
|clearpoke
|poke|p1|Kingambit, L50, F|
|poke|p1|Primarina, L50, M|
|poke|p1|Sneasler, L50, M|
|poke|p1|Magmar, L50, M|
|poke|p1|Rillaboom, L50, M|
|poke|p1|Dragapult, L50, M|
|poke|p2|Indeedee-F, L50, F|
|poke|p2|Exeggutor, L50, M|
|poke|p2|Torkoal, L50, M|
|poke|p2|Ursaluna, L50, F|
|poke|p2|Gallade, L50, M|
|poke|p2|Zoroark-Hisui, L50, F|
|teampreview|4
|showteam|p1|Kingambit||BlackGlasses|Defiant|KowtowCleave,SuckerPunch,SwordsDance,Protect|||F|||50|,,,,,Ghost]Primarina||SitrusBerry|LiquidVoice|HyperVoice,Moonblast,Haze,Protect|||M|||50|,,,,,Water]Sneasler||FocusSash|PoisonTouch|CloseCombat,DireClaw,FakeOut,Protect|||M|||50|,,,,,Stellar]Magmar||Eviolite|VitalSpirit|Overheat,WillOWisp,FollowMe,Protect|||M|||50|,,,,,Ghost]Rillaboom||AssaultVest|GrassySurge|WoodHammer,GrassyGlide,HighHorsepower,FakeOut|||M|||50|,,,,,Fire]Dragapult||ChoiceBand|ClearBody|DragonDarts,PhantomForce,TeraBlast,Uturn|||M|||50|,,,,,Ghost
|showteam|p2|Indeedee-F||PsychicSeed|PsychicSurge|FollowMe,Psychic,HelpingHand,TrickRoom|||F|||50|,,,,,Grass]Exeggutor||FocusSash|Chlorophyll|ExpandingForce,EnergyBall,SleepPowder,TrickRoom|||M|||50|,,,,,Psychic]Torkoal||Charcoal|Drought|Eruption,WeatherBall,ClearSmog,Protect|||M|||50|,,,,,Fire]Ursaluna||FlameOrb|Guts|Facade,HeadlongRush,Earthquake,Protect|||F|||50|,,,,,Ghost]Gallade||ClearAmulet|Sharpness|PsychoCut,SacredSword,WideGuard,TrickRoom|||M|||50|,,,,,Fire]Zoroark-Hisui||ChoiceSpecs|Illusion|HyperVoice,ShadowBall,Flamethrower,HyperBeam|||F|||50|,,,,,Stellar
|inactive|Battle timer is ON: inactive players will automatically lose when time's up. (requested by Boomyy)
|inactive|Boomyy has 60 seconds left.
|
|t:|1756532262
|teamsize|p1|4
|teamsize|p2|4
|start
|switch|p1a: Magmar|Magmar, L50, M|100/100
|switch|p1b: Kingambit|Kingambit, L50, F|100/100
|switch|p2a: Torkoal|Torkoal, L50, M|100/100
|switch|p2b: Exeggutor|Exeggutor, L50, M|100/100
|-weather|SunnyDay|[from] ability: Drought|[of] p2a: Torkoal
|turn|1
|inactive|Boomyy has 30 seconds left.
|
|t:|1756532288
|move|p1b: Kingambit|Protect|p1b: Kingambit
|-singleturn|p1b: Kingambit|Protect
|move|p1a: Magmar|Overheat|p2a: Torkoal
|-resisted|p2a: Torkoal
|-damage|p2a: Torkoal|47/100
|-unboost|p1a: Magmar|spa|2
|move|p2a: Torkoal|Eruption|p1a: Magmar|[spread] p1a
|-activate|p1b: Kingambit|move: Protect
|-resisted|p1a: Magmar
|-damage|p1a: Magmar|86/100
|move|p2b: Exeggutor|Trick Room|p2b: Exeggutor
|-fieldstart|move: Trick Room|[of] p2b: Exeggutor
|
|-weather|SunnyDay|[upkeep]
|upkeep
|turn|2
|inactive|hexagonfoot has 30 seconds left.
|inactive|Boomyy has 30 seconds left.
|inactive|Boomyy has 20 seconds left.
|inactive|Boomyy has 15 seconds left.
|
|t:|1756532332
|switch|p1b: Primarina|Primarina, L50, M|100/100
|switch|p2b: Ursaluna|Ursaluna, L50, F|100/100
|move|p2a: Torkoal|Eruption|p1b: Primarina|[spread] p1a,p1b
|-resisted|p1a: Magmar
|-resisted|p1b: Primarina
|-damage|p1a: Magmar|69/100
|-damage|p1b: Primarina|84/100
|move|p1a: Magmar|Overheat|p2b: Ursaluna
|-damage|p2b: Ursaluna|66/100
|-unboost|p1a: Magmar|spa|2
|
|-weather|SunnyDay|[upkeep]
|-status|p2b: Ursaluna|brn|[from] item: Flame Orb
|upkeep
|turn|3
|
|t:|1756532357
|-terastallize|p2a: Torkoal|Fire
|-terastallize|p1a: Magmar|Ghost
|move|p1a: Magmar|Follow Me|p1a: Magmar
|-singleturn|p1a: Magmar|move: Follow Me
|move|p2a: Torkoal|Eruption|p1b: Primarina|[spread] p1a,p1b
|-resisted|p1b: Primarina
|-damage|p1a: Magmar|28/100
|-damage|p1b: Primarina|63/100
|move|p2b: Ursaluna|Facade|p1a: Magmar
|-immune|p1a: Magmar
|move|p1b: Primarina|Hyper Voice|p2a: Torkoal|[spread] p2a,p2b
|-supereffective|p2a: Torkoal
|-supereffective|p2b: Ursaluna
|-damage|p2a: Torkoal|3/100
|-damage|p2b: Ursaluna|41/100 brn
|
|-weather|SunnyDay|[upkeep]
|-damage|p2b: Ursaluna|35/100 brn|[from] brn
|upkeep
|turn|4
|
|t:|1756532380
|switch|p2a: Indeedee|Indeedee-F, L50, F|100/100
|-fieldstart|move: Psychic Terrain|[from] ability: Psychic Surge|[of] p2a: Indeedee
|-enditem|p2a: Indeedee|Psychic Seed
|-boost|p2a: Indeedee|spd|1|[from] item: Psychic Seed
|move|p1b: Primarina|Protect|p1b: Primarina
|-singleturn|p1b: Primarina|Protect
|move|p1a: Magmar|Protect|p1a: Magmar
|-singleturn|p1a: Magmar|Protect
|move|p2b: Ursaluna|Headlong Rush|p1b: Primarina
|-activate|p1b: Primarina|move: Protect
|
|-weather|SunnyDay|[upkeep]
|-damage|p2b: Ursaluna|29/100 brn|[from] brn
|upkeep
|turn|5
|
|t:|1756532405
|move|p2a: Indeedee|Helping Hand|p2b: Ursaluna
|-singleturn|p2b: Ursaluna|Helping Hand|[of] p2a: Indeedee
|move|p1a: Magmar|Follow Me|p1a: Magmar
|-singleturn|p1a: Magmar|move: Follow Me
|move|p2b: Ursaluna|Earthquake|p1b: Primarina|[spread] p2a,p1a,p1b
|-damage|p2a: Indeedee|8/100
|-damage|p1a: Magmar|0 fnt
|-damage|p1b: Primarina|0 fnt
|faint|p1a: Magmar
|faint|p1b: Primarina
|
|-weather|none
|-damage|p2b: Ursaluna|23/100 brn|[from] brn
|-fieldend|move: Trick Room
|upkeep
|
|t:|1756532416
|switch|p1a: Rillaboom|Rillaboom, L50, M|100/100
|switch|p1b: Kingambit|Kingambit, L50, F|100/100
|-fieldstart|move: Grassy Terrain|[from] ability: Grassy Surge|[of] p1a: Rillaboom
|turn|6
|inactive|hexagonfoot has 30 seconds left.
|
|t:|1756532446
|move|p2b: Ursaluna|Protect|p2b: Ursaluna
|-singleturn|p2b: Ursaluna|Protect
|move|p1a: Rillaboom|Wood Hammer|p2b: Ursaluna
|-activate|p2b: Ursaluna|move: Protect
|move|p1b: Kingambit|Kowtow Cleave|p2a: Indeedee
|-supereffective|p2a: Indeedee
|-damage|p2a: Indeedee|0 fnt
|faint|p2a: Indeedee
|
|-heal|p2b: Ursaluna|29/100 brn|[from] Grassy Terrain
|-damage|p2b: Ursaluna|23/100 brn|[from] brn
|upkeep
|
|t:|1756532461
|switch|p2a: Exeggutor|Exeggutor, L50, M|100/100
|turn|7
|inactive|Boomyy has 30 seconds left.
|inactive|Boomyy has 20 seconds left.
|inactive|Boomyy has 15 seconds left.
|
|t:|1756532505
|move|p1b: Kingambit|Protect|p1b: Kingambit
|-singleturn|p1b: Kingambit|Protect
|move|p2b: Ursaluna|Protect||[still]
|-fail|p2b: Ursaluna
|move|p1a: Rillaboom|Wood Hammer|p2b: Ursaluna
|-supereffective|p2b: Ursaluna
|-damage|p2b: Ursaluna|0 fnt
|faint|p2b: Ursaluna
|-damage|p1a: Rillaboom|91/100|[from] Recoil
|move|p2a: Exeggutor|Sleep Powder|p1b: Kingambit
|-activate|p1b: Kingambit|move: Protect
|
|-heal|p1a: Rillaboom|97/100|[from] Grassy Terrain
|upkeep
|
|t:|1756532508
|switch|p2b: Torkoal|Torkoal, L50, M, tera:Fire|3/100
|-weather|SunnyDay|[from] ability: Drought|[of] p2b: Torkoal
|turn|8
|inactive|hexagonfoot has 30 seconds left.
|
|t:|1756532536
|move|p2b: Torkoal|Protect|p2b: Torkoal
|-singleturn|p2b: Torkoal|Protect
|move|p1b: Kingambit|Sucker Punch||[still]
|-fail|p1b: Kingambit
|move|p1a: Rillaboom|Wood Hammer|p2a: Exeggutor
|-resisted|p2a: Exeggutor
|-damage|p2a: Exeggutor|46/100
|-damage|p1a: Rillaboom|82/100|[from] Recoil
|move|p2a: Exeggutor|Trick Room|p2a: Exeggutor
|-fieldstart|move: Trick Room|[of] p2a: Exeggutor
|
|-weather|SunnyDay|[upkeep]
|-heal|p2b: Torkoal|9/100|[from] Grassy Terrain
|-heal|p1a: Rillaboom|88/100|[from] Grassy Terrain
|-heal|p2a: Exeggutor|52/100|[from] Grassy Terrain
|upkeep
|turn|9
|
|t:|1756532558
|move|p2b: Torkoal|Protect|p2b: Torkoal
|-singleturn|p2b: Torkoal|Protect
|move|p1a: Rillaboom|Grassy Glide|p2b: Torkoal
|-activate|p2b: Torkoal|move: Protect
|move|p1b: Kingambit|Kowtow Cleave|p2a: Exeggutor
|-supereffective|p2a: Exeggutor
|-crit|p2a: Exeggutor
|-damage|p2a: Exeggutor|0 fnt
|faint|p2a: Exeggutor
|
|-weather|SunnyDay|[upkeep]
|-heal|p2b: Torkoal|15/100|[from] Grassy Terrain
|-heal|p1a: Rillaboom|94/100|[from] Grassy Terrain
|upkeep
|turn|10
|-message|Boomyy forfeited.
|
|win|hexagonfoot
|l|☆Boomyy
|player|p2|
||hexagonfoot is ready for game 3.
||Boomyy is ready for game 3.
|uhtml|next|Next: Game 3 of 3
