|j|☆YungHurn1220
|j|☆workingmangarby
|html|YungHurn1220workingmangarby    
|uhtml|bestof|Game 2 of a best-of-3
|t:|1782218322
|gametype|doubles
|player|p1|YungHurn1220|rocketgrunt|1116
|player|p2|workingmangarby|gentleman-gen4dp|1169
|gen|9
|tier|[Gen 9 Champions] VGC 2026 Reg M-B (Bo3)
|rated|
|rule|Species Clause: Limit one of each Pokémon
|rule|Item Clause: Limit 1 of each item
|clearpoke
|poke|p1|Malamar, L50, M|
|poke|p1|Whimsicott, L50, F|
|poke|p1|Staraptor, L50, M|
|poke|p1|Wyrdeer, L50, M|
|poke|p1|Maushold, L50|
|poke|p1|Raichu, L50, M|
|poke|p2|Pyroar, L50, F|
|poke|p2|Torkoal, L50, F|
|poke|p2|Whimsicott, L50, M|
|poke|p2|Mawile, L50, M|
|poke|p2|Basculegion, L50, M|
|poke|p2|Farigiraf, L50, F|
|teampreview|4
|showteam|p1|Malamar||Malamarite|Contrary|Superpower,KnockOff,PsychoCut,Protect|Adamant||M|||50|]Whimsicott||FocusSash|Prankster|Tailwind,Encore,Moonblast,Endeavor|Timid||F|||50|]Staraptor||Staraptite|Intimidate|CloseCombat,BraveBird,Tailwind,Protect|Adamant||M|||50|]Wyrdeer||ExpertBelt|Intimidate|SkillSwap,BodySlam,Lunge,Protect|Adamant||M|||50|]Maushold||BrightPowder|FriendGuard|FollowMe,SuperFang,Taunt,Protect|Jolly|||||50|]Raichu||RaichuniteY|LightningRod|NastyPlot,ZapCannon,FocusBlast,Protect|Modest||M|||50|
|showteam|p2|Pyroar||Pyroarite|Unnerve|HeatWave,Overheat,SolarBeam,Protect|Timid||F|||50|]Torkoal||Charcoal|Drought|HeatWave,WeatherBall,HelpingHand,Protect|Modest||F|||50|]Whimsicott||FocusSash|Prankster|Moonblast,Tailwind,SunnyDay,Protect|Timid||M|||50|]Mawile||Mawilite|HyperCutter|PlayRough,RockSlide,SuckerPunch,Protect|Adamant||M|||50|]Basculegion||LifeOrb|Adaptability|WaveCrash,LastRespects,AquaJet,Protect|Adamant||M|||50|]Farigiraf||SitrusBerry|ArmorTail|Psychic,Thunderbolt,TrickRoom,HelpingHand|Bold||F|||50|
|inactive|Battle timer is ON: inactive players will automatically lose when time's up. (requested by YungHurn1220)
|c|☆YungHurn1220|tbh i forgot pyroar even had a mega
|
|t:|1782218351
|teamsize|p1|4
|teamsize|p2|4
|start
|switch|p1a: Staraptor|Staraptor, L50, M|100/100
|switch|p1b: Whimsicott|Whimsicott, L50, F|100/100
|switch|p2a: Pyroar|Pyroar, L50, F|100/100
|switch|p2b: Whimsicott|Whimsicott, L50, M|100/100
|-ability|p2a: Pyroar|Unnerve
|-ability|p1a: Staraptor|Intimidate|boost
|-unboost|p2a: Pyroar|atk|1
|-unboost|p2b: Whimsicott|atk|1
|turn|1
|inactive|workingmangarby has 30 seconds left.
|
|t:|1782218376
|detailschange|p1a: Staraptor|Staraptor-Mega, L50, M
|-mega|p1a: Staraptor|Staraptor|Staraptite
|move|p2a: Pyroar|Protect|p2a: Pyroar
|-singleturn|p2a: Pyroar|Protect
|move|p1b: Whimsicott|Tailwind|p1b: Whimsicott
|-sidestart|p1: YungHurn1220|move: Tailwind
|move|p2b: Whimsicott|Tailwind|p2b: Whimsicott
|-sidestart|p2: workingmangarby|move: Tailwind
|move|p1a: Staraptor|Close Combat|p2a: Pyroar
|-activate|p2a: Pyroar|move: Protect
|
|upkeep
|turn|2
|
|t:|1782218397
|switch|p2a: Farigiraf|Farigiraf, L50, F|100/100
|move|p1a: Staraptor|Protect|p1a: Staraptor
|-singleturn|p1a: Staraptor|Protect
|move|p1b: Whimsicott|Encore||[still]
|cant|p2a: Farigiraf|ability: Armor Tail|Encore|[of] p1b: Whimsicott
|move|p2b: Whimsicott|Moonblast|p1a: Staraptor
|-activate|p1a: Staraptor|move: Protect
|
|upkeep
|turn|3
|
|t:|1782218412
|move|p2a: Farigiraf|Helping Hand|p2b: Whimsicott
|-singleturn|p2b: Whimsicott|Helping Hand|[of] p2a: Farigiraf
|move|p1b: Whimsicott|Moonblast|p2b: Whimsicott
|-damage|p2b: Whimsicott|40/100
|move|p2b: Whimsicott|Moonblast|p1a: Staraptor
|-supereffective|p1a: Staraptor|1
|-damage|p1a: Staraptor|0 fnt
|faint|p1a: Staraptor
|
|upkeep
|
|t:|1782218423
|switch|p1a: Wyrdeer|Wyrdeer, L50, M|100/100
|-ability|p1a: Wyrdeer|Intimidate|boost
|-unboost|p2a: Farigiraf|atk|1
|-unboost|p2b: Whimsicott|atk|1
|turn|4
|
|t:|1782218433
|switch|p2a: Pyroar|Pyroar, L50, F|100/100
|-ability|p2a: Pyroar|Unnerve
|move|p2b: Whimsicott|Sunny Day|p2b: Whimsicott
|-weather|SunnyDay
|move|p1b: Whimsicott|Moonblast|p2b: Whimsicott
|-damage|p2b: Whimsicott|0 fnt
|faint|p2b: Whimsicott
|move|p1a: Wyrdeer|Body Slam|p2a: Pyroar
|-damage|p2a: Pyroar|47/100
|-status|p2a: Pyroar|par
|
|-weather|SunnyDay|[upkeep]
|-sideend|p1: YungHurn1220|move: Tailwind
|-sideend|p2: workingmangarby|move: Tailwind
|upkeep
|
|t:|1782218442
|switch|p2b: Farigiraf|Farigiraf, L50, F|100/100
|turn|5
|
|t:|1782218447
|move|p2a: Pyroar|Protect|p2a: Pyroar
|-singleturn|p2a: Pyroar|Protect
|move|p1b: Whimsicott|Moonblast|p2a: Pyroar
|-activate|p2a: Pyroar|move: Protect
|move|p1a: Wyrdeer|Body Slam|p2a: Pyroar
|-activate|p2a: Pyroar|move: Protect
|move|p2b: Farigiraf|Trick Room|p2b: Farigiraf
|-fieldstart|move: Trick Room|[of] p2b: Farigiraf
|
|-weather|SunnyDay|[upkeep]
|upkeep
|turn|6
|
|t:|1782218461
|detailschange|p2a: Pyroar|Pyroar-Mega, L50, F
|-mega|p2a: Pyroar|Pyroar|Pyroarite
|move|p2b: Farigiraf|Helping Hand|p2a: Pyroar
|-singleturn|p2a: Pyroar|Helping Hand|[of] p2b: Farigiraf
|move|p2a: Pyroar|Heat Wave|p1b: Whimsicott|[spread] p1b
|-miss|p2a: Pyroar|p1a: Wyrdeer
|-supereffective|p1b: Whimsicott|1
|-enditem|p1b: Whimsicott|Focus Sash
|-damage|p1b: Whimsicott|1/100
|move|p1a: Wyrdeer|Body Slam|p2a: Pyroar
|-damage|p2a: Pyroar|4/100 par
|move|p1b: Whimsicott|Moonblast|p2a: Pyroar
|-resisted|p2a: Pyroar|1
|-damage|p2a: Pyroar|0 fnt
|faint|p2a: Pyroar
|
|-weather|SunnyDay|[upkeep]
|upkeep
|
|t:|1782218468
|switch|p2a: Basculegion|Basculegion, L50, M|100/100
|turn|7
|
|t:|1782218481
|move|p2a: Basculegion|Protect|p2a: Basculegion
|-singleturn|p2a: Basculegion|Protect
|move|p2b: Farigiraf|Psychic|p1b: Whimsicott
|-damage|p1b: Whimsicott|0 fnt
|faint|p1b: Whimsicott
|move|p1a: Wyrdeer|Lunge|p2a: Basculegion
|-activate|p2a: Basculegion|move: Protect
|
|-weather|SunnyDay|[upkeep]
|upkeep
|
|t:|1782218482
|switch|p1b: Maushold|Maushold, L50|100/100
|turn|8
|
|t:|1782218496
|move|p2b: Farigiraf|Helping Hand|p2a: Basculegion
|-singleturn|p2a: Basculegion|Helping Hand|[of] p2b: Farigiraf
|move|p1a: Wyrdeer|Lunge|p2a: Basculegion
|-resisted|p2a: Basculegion|1
|-damage|p2a: Basculegion|86/100
|-unboost|p2a: Basculegion|atk|1
|move|p2a: Basculegion|Wave Crash|p1a: Wyrdeer
|-damage|p1a: Wyrdeer|59/100
|-damage|p2a: Basculegion|73/100|[from] Recoil
|-damage|p2a: Basculegion|64/100|[from] item: Life Orb
|move|p1b: Maushold|Taunt|p2b: Farigiraf
|-start|p2b: Farigiraf|move: Taunt
|
|-weather|none
|upkeep
|turn|9
|
|t:|1782218510
|move|p2b: Farigiraf|Thunderbolt|p1a: Wyrdeer
|-damage|p1a: Wyrdeer|41/100
|move|p1a: Wyrdeer|Lunge|p2a: Basculegion
|-resisted|p2a: Basculegion|1
|-damage|p2a: Basculegion|51/100
|-unboost|p2a: Basculegion|atk|1
|move|p2a: Basculegion|Wave Crash|p1a: Wyrdeer
|-crit|p1a: Wyrdeer
|-damage|p1a: Wyrdeer|0 fnt
|faint|p1a: Wyrdeer
|-damage|p2a: Basculegion|37/100|[from] Recoil
|-damage|p2a: Basculegion|28/100|[from] item: Life Orb
|move|p1b: Maushold|Super Fang|p2b: Farigiraf
|-damage|p2b: Farigiraf|50/100y
|-enditem|p2b: Farigiraf|Sitrus Berry|[eat]
|-heal|p2b: Farigiraf|75/100|[from] item: Sitrus Berry
|
|-fieldend|move: Trick Room
|upkeep
|turn|10
|
|t:|1782218523
|move|p1b: Maushold|Follow Me|p1b: Maushold
|-singleturn|p1b: Maushold|move: Follow Me
|move|p2a: Basculegion|Wave Crash|p1b: Maushold
|-damage|p1b: Maushold|35/100
|-damage|p2a: Basculegion|10/100|[from] Recoil
|-damage|p2a: Basculegion|1/100|[from] item: Life Orb
|move|p2b: Farigiraf|Psychic|p1b: Maushold
|-damage|p1b: Maushold|0 fnt
|faint|p1b: Maushold
|
|win|workingmangarby
|raw|YungHurn1220's rating: 1116 → 1095(-21 for losing)
|raw|workingmangarby's rating: 1169 → 1190(+21 for winning)
|c|☆YungHurn1220|lcky mf
|l|☆YungHurn1220
|player|p1|
