|j|☆giancarlodestroyer
|j|☆fool720
|html|giancarlodestroyerfool720    
|uhtml|bestof|Game 2 of a best-of-3
|t:|1783180929
|gametype|doubles
|player|p1|giancarlodestroyer|266|
|player|p2|fool720|265|
|gen|9
|tier|[Gen 9 Champions] VGC 2026 Reg M-B (Bo3)
|rule|Species Clause: Limit one of each Pokémon
|rule|Item Clause: Limit 1 of each item
|clearpoke
|poke|p1|Froslass, L50, F|
|poke|p1|Araquanid, L50, F|
|poke|p1|Meowstic, L50, M|
|poke|p1|Flapple, L50, F|
|poke|p1|Kingambit, L50, M|
|poke|p1|Sylveon, L50, M|
|poke|p2|Swampert, L50, F|
|poke|p2|Archaludon, L50, M|
|poke|p2|Pelipper, L50, F|
|poke|p2|Sableye, L50, F|
|poke|p2|Rotom-Mow, L50|
|poke|p2|Diggersby, L50, F|
|teampreview|4
|showteam|p1|Froslass||Froslassite|SnowCloak|Protect,Blizzard,Thunderbolt,ShadowBall|Timid||F|||50|]Araquanid||CobaBerry|WaterAbsorb|WideGuard,Soak,ChillingWater,SkitterSmack|Sassy||F|||50|]Meowstic||SitrusBerry|Prankster|Psychic,Gravity,TrickRoom,ThunderWave|Sassy||M|||50|]Flapple||LifeOrb|Hustle|Protect,GravApple,DragonRush,DualWingbeat|Jolly||F|||50|]Kingambit||FocusSash|Defiant|Protect,LowKick,KowtowCleave,SuckerPunch|Adamant||M|||50|]Sylveon||FairyFeather|Pixilate|Protect,HyperVoice,HyperBeam,QuickAttack|Sassy||M|||50|
|showteam|p2|Swampert||Swampertite|Torrent|Earthquake,WaveCrash,IcePunch,Protect|Adamant||F|||50|]Archaludon||Leftovers|Stamina|ElectroShot,FlashCannon,AuraSphere,Protect|Calm||M|||50|]Pelipper||FocusSash|Drizzle|WideGuard,Hurricane,WeatherBall,Tailwind|Modest||F|||50|]Sableye||LightClay|Prankster|LightScreen,Reflect,Encore,SuckerPunch|Impish||F|||50|]Rotom-Mow||ChoiceScarf|Levitate|LeafStorm,Thunder,VoltSwitch,ShadowBall|Timid|||||50|]Diggersby||LifeOrb|HugePower|FirePunch,GunkShot,IcePunch,BrickBreak|Adamant||F|||50|
|
|t:|1783180947
|teamsize|p1|4
|teamsize|p2|4
|start
|switch|p1a: Froslass|Froslass, L50, F|100/100
|switch|p1b: Meowstic|Meowstic, L50, M|100/100
|switch|p2a: Pelipper|Pelipper, L50, F|100/100
|switch|p2b: Sableye|Sableye, L50, F|100/100
|-weather|RainDance|[from] ability: Drizzle|[of] p2a: Pelipper
|turn|1
|
|t:|1783180980
|switch|p2a: Archaludon|Archaludon, L50, M|100/100
|detailschange|p1a: Froslass|Froslass-Mega, L50, F
|-mega|p1a: Froslass|Froslass|Froslassite
|-weather|Snowscape|[from] ability: Snow Warning|[of] p1a: Froslass
|move|p2b: Sableye|Light Screen|p2b: Sableye
|-sidestart|p2: fool720|move: Light Screen
|move|p1a: Froslass|Blizzard|p2a: Archaludon|[spread] p2a,p2b
|-damage|p2a: Archaludon|74/100
|-damage|p2b: Sableye|50/100g
|-ability|p2a: Archaludon|Stamina|boost
|-boost|p2a: Archaludon|def|1
|move|p1b: Meowstic|Trick Room|p1b: Meowstic
|-fieldstart|move: Trick Room|[of] p1b: Meowstic
|
|-weather|Snowscape|[upkeep]
|-heal|p2a: Archaludon|80/100|[from] item: Leftovers
|upkeep
|turn|2
|
|t:|1783181017
|move|p2b: Sableye|Encore|p1b: Meowstic
|-start|p1b: Meowstic|Encore
|move|p2a: Archaludon|Flash Cannon|p1a: Froslass
|-supereffective|p1a: Froslass|1
|-damage|p1a: Froslass|12/100
|move|p1a: Froslass|Blizzard|p2a: Archaludon|[spread] p2a,p2b
|-damage|p2a: Archaludon|54/100
|-damage|p2b: Sableye|4/100
|-ability|p2a: Archaludon|Stamina|boost
|-boost|p2a: Archaludon|def|1
|move|p1b: Meowstic|Trick Room|p1b: Meowstic
|-fieldend|move: Trick Room
|
|-weather|Snowscape|[upkeep]
|-heal|p2a: Archaludon|60/100|[from] item: Leftovers
|upkeep
|turn|3
|
|t:|1783181046
|move|p2b: Sableye|Sucker Punch||[still]
|-fail|p2b: Sableye
|move|p1a: Froslass|Blizzard|p2a: Archaludon|[spread] p2a,p2b
|-damage|p2a: Archaludon|35/100
|-damage|p2b: Sableye|0 fnt
|-ability|p2a: Archaludon|Stamina|boost
|-boost|p2a: Archaludon|def|1
|faint|p2b: Sableye
|move|p2a: Archaludon|Flash Cannon|p1a: Froslass
|-supereffective|p1a: Froslass|1
|-damage|p1a: Froslass|0 fnt
|faint|p1a: Froslass
|move|p1b: Meowstic|Trick Room|p1b: Meowstic
|-fieldstart|move: Trick Room|[of] p1b: Meowstic
|
|-weather|Snowscape|[upkeep]
|-heal|p2a: Archaludon|41/100|[from] item: Leftovers
|upkeep
|
|t:|1783181062
|switch|p2b: Pelipper|Pelipper, L50, F|100/100
|switch|p1a: Araquanid|Araquanid, L50, F|100/100
|-weather|RainDance|[from] ability: Drizzle|[of] p2b: Pelipper
|turn|4
|
|t:|1783181072
|move|p1a: Araquanid|Soak|p2a: Archaludon
|-start|p2a: Archaludon|typechange|Water
|move|p2b: Pelipper|Hurricane|p1a: Araquanid
|-supereffective|p1a: Araquanid|1
|-enditem|p1a: Araquanid|Coba Berry|[eat]
|-enditem|p1a: Araquanid|Coba Berry|[weaken]
|-damage|p1a: Araquanid|70/100
|-start|p1a: Araquanid|confusion
|move|p2a: Archaludon|Electro Shot||[still]
|-prepare|p2a: Archaludon|Electro Shot
|-boost|p2a: Archaludon|spa|1
|-anim|p2a: Archaludon|Electro Shot|p1a: Araquanid
|-supereffective|p1a: Araquanid|1
|-damage|p1a: Araquanid|6/100
|move|p1b: Meowstic|Trick Room|p1b: Meowstic
|-fieldend|move: Trick Room
|
|-weather|RainDance|[upkeep]
|-heal|p2a: Archaludon|47/100|[from] item: Leftovers
|-end|p1b: Meowstic|Encore
|upkeep
|turn|5
|
|t:|1783181111
|move|p2a: Archaludon|Electro Shot||[still]
|-prepare|p2a: Archaludon|Electro Shot
|-boost|p2a: Archaludon|spa|1
|-anim|p2a: Archaludon|Electro Shot|p1a: Araquanid
|-supereffective|p1a: Araquanid|1
|-damage|p1a: Araquanid|0 fnt
|faint|p1a: Araquanid
|move|p2b: Pelipper|Hurricane|p1b: Meowstic
|-damage|p1b: Meowstic|58/100
|move|p1b: Meowstic|Trick Room|p1b: Meowstic
|-fieldstart|move: Trick Room|[of] p1b: Meowstic
|
|-weather|RainDance|[upkeep]
|-heal|p2a: Archaludon|53/100|[from] item: Leftovers
|upkeep
|
|t:|1783181119
|switch|p1a: Flapple|Flapple, L50, F|100/100
|turn|6
|
|t:|1783181147
|move|p1b: Meowstic|Gravity|p1b: Meowstic
|-fieldstart|move: Gravity
|move|p2b: Pelipper|Hurricane|p1a: Flapple
|-supereffective|p1a: Flapple|1
|-damage|p1a: Flapple|0 fnt
|faint|p1a: Flapple
|move|p2a: Archaludon|Electro Shot||[still]
|-prepare|p2a: Archaludon|Electro Shot
|-boost|p2a: Archaludon|spa|1
|-anim|p2a: Archaludon|Electro Shot|p1b: Meowstic
|-damage|p1b: Meowstic|0 fnt
|faint|p1b: Meowstic
|
|win|fool720
