|j|☆nale581
|j|☆bellytelevision
|html|nale581bellytelevision    
|uhtml|bestof|Game 2 of a best-of-3
|t:|1784821866
|gametype|doubles
|player|p1|nale581|n|1155
|player|p2|bellytelevision|dawn|1070
|gen|9
|tier|[Gen 9 Champions] VGC 2026 Reg M-B (Bo3)
|rated|
|rule|Species Clause: Limit one of each Pokémon
|rule|Item Clause: Limit 1 of each item
|clearpoke
|poke|p1|Gengar, L50, M|
|poke|p1|Scrafty, L50, M|
|poke|p1|Sableye, L50, M|
|poke|p1|Maushold, L50|
|poke|p1|Dragonite, L50, F|
|poke|p1|Drampa, L50, M|
|poke|p2|Venusaur, L50, M, shiny|
|poke|p2|Metagross, L50|
|poke|p2|Sinistcha, L50|
|poke|p2|Pelipper, L50, F|
|poke|p2|Archaludon, L50, M, shiny|
|poke|p2|Sableye, L50, F, shiny|
|teampreview|4
|showteam|p1|Gengar||Gengarite|CursedBody|PerishSong,ShadowBall,SludgeBomb,Protect|Timid||M|||50|]Scrafty||Scraftinite|Intimidate|FakeOut,KnockOff,DrainPunch,Protect|Adamant||M|||50|]Sableye||LightClay|Prankster|Reflect,LightScreen,Encore,Disable|Calm||M|||50|]Maushold||ChopleBerry|FriendGuard|FollowMe,Taunt,SuperFang,Protect|Timid|||||50|]Dragonite||LifeOrb|InnerFocus|DragonClaw,ExtremeSpeed,LowKick,Protect|Adamant||F|||50|]Drampa||SitrusBerry|CloudNine|HyperVoice,EarthPower,DragonPulse,Protect|Quiet||M|||50|
|showteam|p2|Venusaur||Venusaurite|Chlorophyll|GigaDrain,SludgeBomb,Protect,EarthPower|Modest||M|||50|]Metagross||Metagrossite|ClearBody|IronHead,PsychicFangs,IcePunch,Protect|Jolly|||||50|]Sinistcha||ColburBerry|Hospitality|RagePowder,MatchaGotcha,LifeDew,TrickRoom|Sassy|||||50|]Pelipper||SitrusBerry|Drizzle|Tailwind,Hurricane,WeatherBall,WideGuard|Bold||F|||50|]Archaludon||Leftovers|Stamina|ElectroShot,FlashCannon,DragonPulse,Protect|Modest||M|||50|]Sableye||LightClay|Prankster|RainDance,Reflect,LightScreen,WillOWisp|Sassy||F|||50|
|inactive|Battle timer is ON: inactive players will automatically lose when time's up. (requested by nale581)
|
|t:|1784821881
|teamsize|p1|4
|teamsize|p2|4
|start
|switch|p1a: Dragonite|Dragonite, L50, F|100/100
|switch|p1b: Scrafty|Scrafty, L50, M|100/100
|switch|p2a: Sableye|Sableye, L50, F, shiny|100/100
|switch|p2b: Venusaur|Venusaur, L50, M, shiny|100/100
|-ability|p1b: Scrafty|Intimidate|boost
|-unboost|p2a: Sableye|atk|1
|-unboost|p2b: Venusaur|atk|1
|turn|1
|inactive|bellytelevision has 30 seconds left.
|
|t:|1784821911
|switch|p2a: Archaludon|Archaludon, L50, M, shiny|100/100
|detailschange|p2b: Venusaur|Venusaur-Mega, L50, M, shiny
|-mega|p2b: Venusaur|Venusaur|Venusaurite
|detailschange|p1b: Scrafty|Scrafty-Mega, L50, M
|-mega|p1b: Scrafty|Scrafty|Scraftinite
|-ability|p1b: Scrafty|Intimidate|boost
|-unboost|p2a: Archaludon|atk|1
|-unboost|p2b: Venusaur|atk|1
|move|p1a: Dragonite|Dragon Claw|p2b: Venusaur
|-crit|p2b: Venusaur
|-damage|p2b: Venusaur|17/100
|-damage|p1a: Dragonite|90/100|[from] item: Life Orb
|move|p2b: Venusaur|Sludge Bomb|p1b: Scrafty
|-damage|p1b: Scrafty|61/100
|move|p1b: Scrafty|Knock Off|p2a: Archaludon
|-damage|p2a: Archaludon|56/100
|-ability|p2a: Archaludon|Stamina|boost
|-boost|p2a: Archaludon|def|1
|-enditem|p2a: Archaludon|Leftovers|[from] move: Knock Off|[of] p1b: Scrafty
|
|upkeep
|turn|2
|inactive|bellytelevision has 30 seconds left.
|
|t:|1784821938
|switch|p2b: Sinistcha|Sinistcha, L50|100/100
|-heal|p2a: Archaludon|81/100|[from] ability: Hospitality|[of] p2b: Sinistcha
|move|p2a: Archaludon|Protect|p2a: Archaludon
|-singleturn|p2a: Archaludon|Protect
|move|p1a: Dragonite|Extreme Speed|p2b: Sinistcha
|-immune|p2b: Sinistcha
|move|p1b: Scrafty|Drain Punch|p2a: Archaludon
|-activate|p2a: Archaludon|move: Protect
|
|upkeep
|turn|3
|
|t:|1784821958
|switch|p1a: Sableye|Sableye, L50, M|100/100
|switch|p2b: Sableye|Sableye, L50, F, shiny|100/100
|move|p2a: Archaludon|Dragon Pulse|p1b: Scrafty
|-damage|p1b: Scrafty|27/100
|move|p1b: Scrafty|Knock Off|p2b: Sableye
|-damage|p2b: Sableye|26/100
|-enditem|p2b: Sableye|Light Clay|[from] move: Knock Off|[of] p1b: Scrafty
|
|upkeep
|turn|4
|inactive|bellytelevision has 30 seconds left.
|
|t:|1784821984
|move|p1b: Scrafty|Protect|p1b: Scrafty
|-singleturn|p1b: Scrafty|Protect
|move|p1a: Sableye|Light Screen|p1a: Sableye
|-sidestart|p1: nale581|move: Light Screen
|move|p2b: Sableye|Reflect|p2b: Sableye
|-sidestart|p2: bellytelevision|Reflect
|move|p2a: Archaludon|Dragon Pulse|p1b: Scrafty
|-activate|p1b: Scrafty|move: Protect
|
|upkeep
|turn|5
|
|t:|1784821999
|switch|p2a: Sinistcha|Sinistcha, L50|100/100
|-heal|p2b: Sableye|51/100|[from] ability: Hospitality|[of] p2a: Sinistcha
|move|p1a: Sableye|Disable||[still]
|-fail|p1a: Sableye
|move|p2b: Sableye|Will-O-Wisp|p1a: Sableye
|-hint|Since gen 7, Dark is immune to Prankster moves.
|-immune|p1a: Sableye
|move|p1b: Scrafty|Drain Punch|p2a: Sinistcha
|-immune|p2a: Sinistcha
|
|upkeep
|turn|6
|
|t:|1784822021
|switch|p1b: Dragonite|Dragonite, L50, F|90/100
|move|p1a: Sableye|Reflect|p1a: Sableye
|-sidestart|p1: nale581|Reflect
|move|p2b: Sableye|Rain Dance|p2b: Sableye
|-weather|RainDance
|move|p2a: Sinistcha|Matcha Gotcha|p1b: Dragonite|[spread] p1a,p1b
|-resisted|p1b: Dragonite|2
|-damage|p1a: Sableye|80/100
|-damage|p1b: Dragonite|86/100
|-status|p1b: Dragonite|brn
|
|-weather|RainDance|[upkeep]
|-damage|p1b: Dragonite|80/100 brn|[from] brn
|upkeep
|turn|7
|
|t:|1784822046
|switch|p2b: Archaludon|Archaludon, L50, M, shiny|81/100
|move|p1a: Sableye|Disable|p2a: Sinistcha
|-start|p2a: Sinistcha|Disable|Matcha Gotcha
|move|p1b: Dragonite|Dragon Claw|p2b: Archaludon
|-damage|p2b: Archaludon|67/100
|-ability|p2b: Archaludon|Stamina|boost
|-boost|p2b: Archaludon|def|1
|-damage|p1b: Dragonite|70/100 brn|[from] item: Life Orb
|cant|p2a: Sinistcha|Disable|Matcha Gotcha
|
|-weather|RainDance|[upkeep]
|-damage|p1b: Dragonite|65/100 brn|[from] brn
|upkeep
|turn|8
|inactive|bellytelevision has 30 seconds left.
|
|t:|1784822077
|switch|p2a: Venusaur|Venusaur-Mega, L50, M, shiny|17/100
|switch|p1a: Maushold|Maushold, L50|100/100
|move|p1b: Dragonite|Dragon Claw|p2b: Archaludon
|-damage|p2b: Archaludon|56/100
|-ability|p2b: Archaludon|Stamina|boost
|-boost|p2b: Archaludon|def|1
|-damage|p1b: Dragonite|55/100 brn|[from] item: Life Orb
|move|p2b: Archaludon|Electro Shot||[still]
|-prepare|p2b: Archaludon|Electro Shot
|-boost|p2b: Archaludon|spa|1
|-anim|p2b: Archaludon|Electro Shot|p1a: Maushold
|-damage|p1a: Maushold|48/100
|
|-weather|RainDance|[upkeep]
|-damage|p1b: Dragonite|49/100 brn|[from] brn
|-sideend|p2: bellytelevision|Reflect
|upkeep
|turn|9
|
|t:|1784822101
|switch|p2a: Sinistcha|Sinistcha, L50|100/100
|-heal|p2b: Archaludon|81/100|[from] ability: Hospitality|[of] p2a: Sinistcha
|move|p1a: Maushold|Super Fang|p2b: Archaludon
|-damage|p2b: Archaludon|41/100
|-ability|p2b: Archaludon|Stamina|boost
|-boost|p2b: Archaludon|def|1
|move|p1b: Dragonite|Dragon Claw|p2a: Sinistcha
|-damage|p2a: Sinistcha|73/100
|-damage|p1b: Dragonite|39/100 brn|[from] item: Life Orb
|move|p2b: Archaludon|Electro Shot||[still]
|-prepare|p2b: Archaludon|Electro Shot
|-boost|p2b: Archaludon|spa|1
|-anim|p2b: Archaludon|Electro Shot|p1a: Maushold
|-damage|p1a: Maushold|0 fnt
|faint|p1a: Maushold
|
|-weather|RainDance|[upkeep]
|-damage|p1b: Dragonite|33/100 brn|[from] brn
|upkeep
|
|t:|1784822120
|switch|p1a: Sableye|Sableye, L50, M|80/100
|turn|10
|
|t:|1784822129
|move|p1b: Dragonite|Protect|p1b: Dragonite
|-singleturn|p1b: Dragonite|Protect
|move|p1a: Sableye|Encore|p2b: Archaludon
|-start|p2b: Archaludon|Encore
|move|p2b: Archaludon|Electro Shot||[still]
|-prepare|p2b: Archaludon|Electro Shot
|-boost|p2b: Archaludon|spa|1
|-anim|p2b: Archaludon|Electro Shot|p1b: Dragonite
|-activate|p1b: Dragonite|move: Protect
|move|p2a: Sinistcha|Life Dew|p2a: Sinistcha|[spread] p2a,p2b
|-heal|p2a: Sinistcha|98/100
|-heal|p2b: Archaludon|66/100
|
|-weather|none
|-damage|p1b: Dragonite|27/100 brn|[from] brn
|upkeep
|turn|11
|
|t:|1784822150
|switch|p1b: Scrafty|Scrafty-Mega, L50, M|27/100
|-ability|p1b: Scrafty|Intimidate|boost
|-unboost|p2a: Sinistcha|atk|1
|-unboost|p2b: Archaludon|atk|1
|switch|p2b: Sableye|Sableye, L50, F, shiny|51/100
|move|p1a: Sableye|Disable|p2b: Sableye
|-hint|Since gen 7, Dark is immune to Prankster moves.
|-immune|p2b: Sableye
|move|p2a: Sinistcha|Matcha Gotcha|p1a: Sableye|[spread] p1a,p1b
|-damage|p1a: Sableye|60/100
|-heal|p2a: Sinistcha|100/100|[from] drain|[of] p1a: Sableye
|-damage|p1b: Scrafty|13/100
|
|-sideend|p1: nale581|move: Light Screen
|upkeep
|turn|12
|inactive|nale581 has 30 seconds left.
|inactive|nale581 has 20 seconds left.
|inactive|nale581 has 15 seconds left.
|
|t:|1784822191
|switch|p1b: Dragonite|Dragonite, L50, F|27/100 brn
|switch|p2a: Archaludon|Archaludon, L50, M, shiny|66/100
|move|p1a: Sableye|Light Screen|p1a: Sableye
|-sidestart|p1: nale581|move: Light Screen
|move|p2b: Sableye|Reflect|p2b: Sableye
|-sidestart|p2: bellytelevision|Reflect
|
|-damage|p1b: Dragonite|22/100 brn|[from] brn
|upkeep
|turn|13
|
|t:|1784822207
|move|p1a: Sableye|Encore||[still]
|-fail|p1a: Sableye
|move|p2b: Sableye|Rain Dance|p2b: Sableye
|-weather|RainDance
|move|p1b: Dragonite|Dragon Claw|p2a: Archaludon
|-damage|p2a: Archaludon|51/100
|-ability|p2a: Archaludon|Stamina|boost
|-boost|p2a: Archaludon|def|1
|-damage|p1b: Dragonite|12/100 brn|[from] item: Life Orb
|move|p2a: Archaludon|Electro Shot||[still]
|-prepare|p2a: Archaludon|Electro Shot
|-boost|p2a: Archaludon|spa|1
|-anim|p2a: Archaludon|Electro Shot|p1a: Sableye
|-damage|p1a: Sableye|15/100
|
|-weather|RainDance|[upkeep]
|-damage|p1b: Dragonite|6/100 brn|[from] brn
|-sideend|p1: nale581|Reflect
|upkeep
|turn|14
|-message|nale581 forfeited.
|raw|nale581's rating: 1155 → 1124(-31 for losing)
|raw|bellytelevision's rating: 1070 → 1107(+37 for winning)
|
|win|bellytelevision
|l|☆nale581
|player|p1|
|c|☆bellytelevision|gg!
