|j|☆ssooner
|j|☆resourcespro
|html|ssoonerresourcespro    
|uhtml|bestof|Game 2 of a best-of-3
|t:|1786082521
|gametype|doubles
|player|p1|ssooner|wallace|1156
|player|p2|resourcespro|266|1098
|gen|9
|tier|[Gen 9 Champions] VGC 2026 Reg M-B (Bo3)
|rated|
|rule|Species Clause: Limit one of each Pokémon
|rule|Item Clause: Limit 1 of each item
|clearpoke
|poke|p1|Floette-Eternal, L50, F|
|poke|p1|Whimsicott, L50, M|
|poke|p1|Arcanine-Hisui, L50, M|
|poke|p1|Basculegion, L50, M|
|poke|p1|Kingambit, L50, F|
|poke|p1|Sneasler, L50, F|
|poke|p2|Annihilape, L50, F|
|poke|p2|Clefable, L50, M|
|poke|p2|Excadrill, L50, F|
|poke|p2|Tyranitar, L50, M|
|poke|p2|Sinistcha-Masterpiece, L50|
|poke|p2|Aegislash, L50, F|
|teampreview|4
|showteam|p1|Floette-Eternal||Floettite|FlowerVeil|Moonblast,DazzlingGleam,LightofRuin,Protect|Modest||F|||50|]Whimsicott||FocusSash|Prankster|Tailwind,Moonblast,Encore,Protect|Timid||M|||50|]Arcanine-Hisui||LifeOrb|RockHead|HeadSmash,FlareBlitz,ExtremeSpeed,Protect|Jolly||M|||50|]Basculegion||ChoiceScarf|Adaptability|WaveCrash,LastRespects,AquaJet,FlipTurn|Jolly||M|||50|]Kingambit||BlackGlasses|Defiant|KowtowCleave,SuckerPunch,IronHead,Protect|Adamant||F|||50|]Sneasler||WhiteHerb|Unburden|FakeOut,CloseCombat,DireClaw,Protect|Adamant||F|||50|
|showteam|p2|Annihilape|||InnerFocus|BulkUp,Acrobatics,DrainPunch,RageFist|Adamant||F|||50|]Clefable||Clefablite|MagicGuard|FollowMe,DazzlingGleam,LightScreen,Thunderbolt|Modest||M|||50|]Excadrill||FocusSash|SandRush|Earthquake,RockSlide,SwordsDance,BrickBreak|Adamant||F|||50|]Tyranitar||SmoothRock|SandStream|Flamethrower,IceBeam,Thunderbolt,DarkPulse|Modest||M|||50|]Sinistcha-Masterpiece||Leftovers|Hospitality|LifeDew,MatchaGotcha,CalmMind,Hex|Bold|||||50|]Aegislash||ScopeLens|StanceChange|KingsShield,IronHead,Substitute,ShadowClaw|Careful||F|||50|
|inactive|Battle timer is ON: inactive players will automatically lose when time's up. (requested by ssooner)
|inactive|ssooner has 60 seconds left.
|inactive|resourcespro has 60 seconds left.
|inactive|resourcespro has 30 seconds left.
|inactive|resourcespro has 20 seconds left.
|inactive|resourcespro has 15 seconds left.
|
|t:|1786082600
|teamsize|p1|4
|teamsize|p2|4
|start
|switch|p1a: Whimsicott|Whimsicott, L50, M|100/100
|switch|p1b: hatsune miku|Floette-Eternal, L50, F|100/100
|switch|p2a: Aegislash|Aegislash, L50, F|100/100
|switch|p2b: Excadrill|Excadrill, L50, F|100/100
|turn|1
|
|t:|1786082618
|switch|p1b: Basculegion|Basculegion, L50, M|100/100
|move|p1a: Whimsicott|Tailwind|p1a: Whimsicott
|-sidestart|p1: ssooner|move: Tailwind
|move|p2b: Excadrill|Swords Dance|p2b: Excadrill
|-boost|p2b: Excadrill|atk|2
|move|p2a: Aegislash|Substitute|p2a: Aegislash
|-start|p2a: Aegislash|Substitute
|-damage|p2a: Aegislash|75/100
|
|upkeep
|turn|2
|inactive|ssooner has 30 seconds left.
|inactive|resourcespro has 30 seconds left.
|inactive|ssooner has 20 seconds left.
|inactive|resourcespro has 20 seconds left.
|inactive|ssooner has 15 seconds left.
|
|t:|1786082663
|move|p2a: Aegislash|King's Shield|p2a: Aegislash
|-singleturn|p2a: Aegislash|Protect
|move|p1a: Whimsicott|Encore|p2b: Excadrill
|-start|p2b: Excadrill|Encore
|move|p1b: Basculegion|Flip Turn|p2a: Aegislash
|-activate|p2a: Aegislash|move: Protect
|-unboost|p1b: Basculegion|atk|1
|move|p2b: Excadrill|Swords Dance|p2b: Excadrill
|-boost|p2b: Excadrill|atk|2
|
|upkeep
|turn|3
|inactive|resourcespro has 30 seconds left.
|
|t:|1786082698
|move|p1b: Basculegion|Flip Turn|p2a: Aegislash
|-activate|p2a: Aegislash|move: Substitute|[damage]
|
|t:|1786082703
|switch|p1b: Kingambit|Kingambit, L50, F|100/100|[from] Flip Turn
|move|p1a: Whimsicott|Moonblast|p2a: Aegislash
|-resisted|p2a: Aegislash|1
|-crit|p2a: Aegislash
|-end|p2a: Aegislash|Substitute
|move|p2b: Excadrill|Swords Dance|p2b: Excadrill
|-boost|p2b: Excadrill|atk|2
|-formechange|p2a: Aegislash|Aegislash-Blade|
|move|p2a: Aegislash|Shadow Claw|p1a: Whimsicott
|-crit|p1a: Whimsicott
|-damage|p1a: Whimsicott|27/100
|
|upkeep
|turn|4
|inactive|resourcespro has 30 seconds left.
|
|t:|1786082736
|switch|p2b: Annihilape|Annihilape, L50, F|100/100
|switch|p2a: Tyranitar|Tyranitar, L50, M|100/100
|-weather|Sandstorm|[from] ability: Sand Stream|[of] p2a: Tyranitar
|move|p1a: Whimsicott|Moonblast|p2b: Annihilape
|-supereffective|p2b: Annihilape|1
|-damage|p2b: Annihilape|41/100
|move|p1b: Kingambit|Kowtow Cleave|p2a: Tyranitar
|-resisted|p2a: Tyranitar|1
|-damage|p2a: Tyranitar|75/100
|
|-weather|Sandstorm|[upkeep]
|-damage|p1a: Whimsicott|21/100|[from] Sandstorm
|-damage|p2b: Annihilape|35/100|[from] Sandstorm
|-sideend|p1: ssooner|move: Tailwind
|upkeep
|turn|5
|
|t:|1786082759
|move|p1a: Whimsicott|Moonblast|p2b: Annihilape
|-supereffective|p2b: Annihilape|1
|-damage|p2b: Annihilape|0 fnt
|faint|p2b: Annihilape
|move|p1b: Kingambit|Iron Head|p2a: Tyranitar
|-supereffective|p2a: Tyranitar|1
|-damage|p2a: Tyranitar|3/100
|move|p2a: Tyranitar|Flamethrower|p1a: Whimsicott
|-supereffective|p1a: Whimsicott|1
|-damage|p1a: Whimsicott|0 fnt
|faint|p1a: Whimsicott
|
|-weather|Sandstorm|[upkeep]
|upkeep
|
|t:|1786082775
|switch|p1a: hatsune miku|Floette-Eternal, L50, F|100/100
|switch|p2b: Excadrill|Excadrill, L50, F|100/100
|turn|6
|
|t:|1786082796
|detailschange|p1a: hatsune miku|Floette-Mega, L50, F
|-mega|p1a: hatsune miku|Floette|Floettite
|-ability|p1a: hatsune miku|Fairy Aura
|move|p1b: Kingambit|Sucker Punch|p2b: Excadrill
|-damage|p2b: Excadrill|28/100
|move|p2b: Excadrill|Brick Break|p1b: Kingambit
|-supereffective|p1b: Kingambit|2
|-damage|p1b: Kingambit|4/100
|move|p1a: hatsune miku|Dazzling Gleam|p2a: Tyranitar|[spread] p2a,p2b
|-supereffective|p2a: Tyranitar|1
|-resisted|p2b: Excadrill|1
|-damage|p2a: Tyranitar|0 fnt
|-damage|p2b: Excadrill|0 fnt
|faint|p2a: Tyranitar
|faint|p2b: Excadrill
|
|-weather|Sandstorm|[upkeep]
|-damage|p1a: hatsune miku|93/100|[from] Sandstorm
|upkeep
|
|t:|1786082810
|switch|p2b: Aegislash|Aegislash, L50, F|75/100
|turn|7
|
|t:|1786082820
|move|p1a: hatsune miku|Moonblast|p2b: Aegislash
|-resisted|p2b: Aegislash|1
|-crit|p2b: Aegislash
|-damage|p2b: Aegislash|40/100
|move|p1b: Kingambit|Kowtow Cleave|p2b: Aegislash
|-supereffective|p2b: Aegislash|1
|-damage|p2b: Aegislash|0 fnt
|faint|p2b: Aegislash
|
|win|ssooner
|raw|ssooner's rating: 1156 → 1177(+21 for winning)
|raw|resourcespro's rating: 1098 → 1077(-21 for losing)
