|j|☆Woodbox
|j|☆Koiizumi
|html|WoodboxKoiizumi    
|uhtml|bestof|Game 1 of a best-of-3
|t:|1784163004
|gametype|doubles
|player|p1|Woodbox|170|1256
|player|p2|Koiizumi|170|1217
|gen|9
|tier|[Gen 9 Champions] VGC 2026 Reg M-B (Bo3)
|rated|
|rule|Species Clause: Limit one of each Pokémon
|rule|Item Clause: Limit 1 of each item
|clearpoke
|poke|p1|Incineroar, L50, M|
|poke|p1|Charizard, L50, F|
|poke|p1|Garchomp, L50, M|
|poke|p1|Sneasler, L50, M|
|poke|p1|Metagross, L50|
|poke|p1|Whimsicott, L50, M|
|poke|p2|Raichu, L50, F|
|poke|p2|Mamoswine, L50, M|
|poke|p2|Sylveon, L50, M|
|poke|p2|Incineroar, L50, F|
|poke|p2|Sinistcha, L50|
|poke|p2|Basculegion, L50, M|
|teampreview|4
|showteam|p1|Incineroar||SitrusBerry|Intimidate|FlareBlitz,FakeOut,PartingShot,DarkestLariat|Careful||M|||50|]Charizard||CharizarditeY|Blaze|WeatherBall,HeatWave,SolarBeam,Protect|Modest||F|||50|]Garchomp||LifeOrb|RoughSkin|StompingTantrum,DragonClaw,RockSlide,Protect|Jolly||M|||50|]Sneasler||WhiteHerb|Unburden|FakeOut,CloseCombat,DireClaw,Protect|Jolly||M|||50|]Metagross||Metagrossite|ClearBody|MeteorMash,IcePunch,PsychicFangs,Protect|Jolly|||||50|]Whimsicott||FocusSash|Prankster|Moonblast,Encore,Tailwind,Protect|Timid||M|||50|
|showteam|p2|Raichu||RaichuniteY|Static|ZapCannon,FocusBlast,FakeOut,Protect|Timid||F|||50|]Mamoswine||LifeOrb|Oblivious|HighHorsepower,IcicleCrash,IceShard,Protect|Adamant||M|||50|]Sylveon||FairyFeather|Pixilate|HyperVoice,HyperBeam,Detect,Yawn|Modest||M|||50|]Incineroar||PasshoBerry|Intimidate|ThroatChop,FlareBlitz,FakeOut,PartingShot|Impish||F|||50|]Sinistcha||SitrusBerry|Hospitality|RagePowder,MatchaGotcha,TrickRoom,Protect|Relaxed|||||50|]Basculegion||ChoiceScarf|Adaptability|WaveCrash,LastRespects,AquaJet,FlipTurn|Jolly||M|||50|
|inactive|Battle timer is ON: inactive players will automatically lose when time's up. (requested by Koiizumi)
|inactive|Koiizumi has 60 seconds left.
|
|t:|1784163062
|teamsize|p1|4
|teamsize|p2|4
|start
|switch|p1a: Charizard|Charizard, L50, F|100/100
|switch|p1b: Whimsicott|Whimsicott, L50, M|100/100
|switch|p2a: Raichu|Raichu, L50, F|100/100
|switch|p2b: Sylveon|Sylveon, L50, M|100/100
|turn|1
|
|t:|1784163086
|detailschange|p2a: Raichu|Raichu-Mega-Y, L50, F
|-mega|p2a: Raichu|Raichu|Raichunite Y
|move|p1b: Whimsicott|Protect|p1b: Whimsicott
|-singleturn|p1b: Whimsicott|Protect
|move|p1a: Charizard|Protect|p1a: Charizard
|-singleturn|p1a: Charizard|Protect
|move|p2a: Raichu|Fake Out|p1a: Charizard
|-activate|p1a: Charizard|move: Protect
|move|p2b: Sylveon|Yawn|p1b: Whimsicott
|-activate|p1b: Whimsicott|move: Protect
|
|upkeep
|turn|2
|inactive|Koiizumi has 30 seconds left.
|inactive|Koiizumi has 20 seconds left.
|
|t:|1784163122
|detailschange|p1a: Charizard|Charizard-Mega-Y, L50, F
|-mega|p1a: Charizard|Charizard|Charizardite Y
|-weather|SunnyDay|[from] ability: Drought|[of] p1a: Charizard
|move|p2a: Raichu|Protect|p2a: Raichu
|-singleturn|p2a: Raichu|Protect
|move|p1b: Whimsicott|Tailwind|p1b: Whimsicott
|-sidestart|p1: Woodbox|move: Tailwind
|move|p1a: Charizard|Weather Ball|p2a: Raichu
|-activate|p2a: Raichu|move: Protect
|move|p2b: Sylveon|Yawn|p1a: Charizard
|-start|p1a: Charizard|move: Yawn|[of] p2b: Sylveon
|
|-weather|SunnyDay|[upkeep]
|upkeep
|turn|3
|inactive|Woodbox has 30 seconds left.
|inactive|Koiizumi has 30 seconds left.
|
|t:|1784163154
|switch|p1a: Incineroar|Incineroar, L50, M|100/100
|-ability|p1a: Incineroar|Intimidate|boost
|-unboost|p2a: Raichu|atk|1
|-unboost|p2b: Sylveon|atk|1
|switch|p2a: Incineroar|Incineroar, L50, F|100/100
|-ability|p2a: Incineroar|Intimidate|boost
|-unboost|p1a: Incineroar|atk|1
|-unboost|p1b: Whimsicott|atk|1
|move|p1b: Whimsicott|Moonblast|p2a: Incineroar
|-damage|p2a: Incineroar|68/100
|move|p2b: Sylveon|Hyper Voice|p1b: Whimsicott|[spread] p1a,p1b
|-damage|p1a: Incineroar|66/100
|-damage|p1b: Whimsicott|18/100
|
|-weather|SunnyDay|[upkeep]
|upkeep
|turn|4
|inactive|Koiizumi has 30 seconds left.
|
|t:|1784163186
|switch|p1b: Charizard|Charizard-Mega-Y, L50, F|100/100
|move|p1a: Incineroar|Fake Out|p2b: Sylveon
|-damage|p2b: Sylveon|92/100
|move|p2a: Incineroar|Fake Out|p1a: Incineroar
|-damage|p1a: Incineroar|57/100
|cant|p2b: Sylveon|flinch
|
|-weather|SunnyDay|[upkeep]
|upkeep
|turn|5
|inactive|Koiizumi has 30 seconds left.
|
|t:|1784163217
|move|p2b: Sylveon|Detect|p2b: Sylveon
|-singleturn|p2b: Sylveon|Protect
|move|p1b: Charizard|Heat Wave|p2a: Incineroar|[spread] p2a
|-activate|p2b: Sylveon|move: Protect
|-resisted|p2a: Incineroar|1
|-damage|p2a: Incineroar|30/100
|move|p1a: Incineroar|Parting Shot|p2a: Incineroar
|-unboost|p2a: Incineroar|atk|1
|-unboost|p2a: Incineroar|spa|1
|
|t:|1784163227
|switch|p1a: Garchomp|Garchomp, L50, M|100/100|[from] Parting Shot
|move|p2a: Incineroar|Parting Shot|p1b: Charizard
|-unboost|p1b: Charizard|atk|1
|-unboost|p1b: Charizard|spa|1
|
|t:|1784163237
|switch|p2a: Raichu|Raichu-Mega-Y, L50, F|100/100|[from] Parting Shot
|
|-weather|SunnyDay|[upkeep]
|-sideend|p1: Woodbox|move: Tailwind
|upkeep
|turn|6
|inactive|Koiizumi has 30 seconds left.
|
|t:|1784163263
|switch|p1b: Incineroar|Incineroar, L50, M|57/100
|-ability|p1b: Incineroar|Intimidate|boost
|-unboost|p2a: Raichu|atk|1
|-unboost|p2b: Sylveon|atk|1
|move|p2a: Raichu|Protect|p2a: Raichu
|-singleturn|p2a: Raichu|Protect
|move|p1a: Garchomp|Protect|p1a: Garchomp
|-singleturn|p1a: Garchomp|Protect
|move|p2b: Sylveon|Hyper Voice|p1a: Garchomp|[spread] p1b
|-activate|p1a: Garchomp|move: Protect
|-damage|p1b: Incineroar|24/100
|-enditem|p1b: Incineroar|Sitrus Berry|[eat]
|-heal|p1b: Incineroar|49/100|[from] item: Sitrus Berry
|
|-weather|none
|upkeep
|turn|7
|inactive|Woodbox has 30 seconds left.
|inactive|Koiizumi has 30 seconds left.
|
|t:|1784163295
|switch|p2a: Incineroar|Incineroar, L50, F|30/100
|-ability|p2a: Incineroar|Intimidate|boost
|-unboost|p1a: Garchomp|atk|1
|-unboost|p1b: Incineroar|atk|1
|switch|p1a: Charizard|Charizard-Mega-Y, L50, F|100/100
|-weather|SunnyDay|[from] ability: Drought|[of] p1a: Charizard
|switch|p1b: Whimsicott|Whimsicott, L50, M|18/100
|move|p2b: Sylveon|Hyper Voice|p1b: Whimsicott|[spread] p1a,p1b
|-resisted|p1a: Charizard|1
|-crit|p1a: Charizard
|-damage|p1a: Charizard|65/100
|-damage|p1b: Whimsicott|0 fnt
|faint|p1b: Whimsicott
|
|-weather|SunnyDay|[upkeep]
|upkeep
|
|t:|1784163308
|switch|p1b: Incineroar|Incineroar, L50, M|49/100
|-ability|p1b: Incineroar|Intimidate|boost
|-unboost|p2a: Incineroar|atk|1
|-unboost|p2b: Sylveon|atk|1
|turn|8
|inactive|Woodbox has 30 seconds left.
|
|t:|1784163337
|move|p1b: Incineroar|Fake Out|p2b: Sylveon
|-damage|p2b: Sylveon|81/100
|move|p1a: Charizard|Weather Ball|p2a: Incineroar
|-resisted|p2a: Incineroar|1
|-damage|p2a: Incineroar|0 fnt
|faint|p2a: Incineroar
|cant|p2b: Sylveon|flinch
|
|-weather|SunnyDay|[upkeep]
|upkeep
|
|t:|1784163348
|switch|p2a: Mamoswine|Mamoswine, L50, M|100/100
|turn|9
|inactive|Woodbox has 30 seconds left.
|inactive|Koiizumi has 30 seconds left.
|inactive|Woodbox has 20 seconds left.
|inactive|Koiizumi has 20 seconds left.
|inactive|Woodbox has 15 seconds left.
|inactive|Woodbox has 10 seconds left.
|
|t:|1784163395
|move|p2a: Mamoswine|Protect|p2a: Mamoswine
|-singleturn|p2a: Mamoswine|Protect
|move|p1a: Charizard|Weather Ball|p2a: Mamoswine
|-activate|p2a: Mamoswine|move: Protect
|move|p2b: Sylveon|Yawn|p1a: Charizard
|-start|p1a: Charizard|move: Yawn|[of] p2b: Sylveon
|move|p1b: Incineroar|Parting Shot|p2b: Sylveon
|-unboost|p2b: Sylveon|atk|1
|-unboost|p2b: Sylveon|spa|1
|
|t:|1784163405
|switch|p1b: Garchomp|Garchomp, L50, M|100/100|[from] Parting Shot
|
|-weather|SunnyDay|[upkeep]
|upkeep
|turn|10
|
|t:|1784163428
|switch|p1b: Incineroar|Incineroar, L50, M|49/100
|-ability|p1b: Incineroar|Intimidate|boost
|-fail|p2a: Mamoswine|unboost|Attack|[from] ability: Oblivious|[of] p2a: Mamoswine
|-unboost|p2b: Sylveon|atk|1
|move|p2a: Mamoswine|Ice Shard|p1b: Incineroar
|-resisted|p1b: Incineroar|1
|-damage|p1b: Incineroar|35/100
|-damage|p2a: Mamoswine|90/100|[from] item: Life Orb
|move|p1a: Charizard|Weather Ball|p2a: Mamoswine
|-supereffective|p2a: Mamoswine|1
|-damage|p2a: Mamoswine|0 fnt
|faint|p2a: Mamoswine
|move|p2b: Sylveon|Hyper Beam|p1b: Incineroar
|-damage|p1b: Incineroar|0 fnt
|-mustrecharge|p2b: Sylveon
|faint|p1b: Incineroar
|
|-weather|SunnyDay|[upkeep]
|-end|p1a: Charizard|move: Yawn|[silent]
|-status|p1a: Charizard|slp
|upkeep
|
|t:|1784163446
|switch|p2a: Raichu|Raichu-Mega-Y, L50, F|100/100
|switch|p1b: Garchomp|Garchomp, L50, M|100/100
|turn|11
|inactive|Koiizumi has 30 seconds left.
|inactive|Koiizumi has 20 seconds left.
|inactive|Koiizumi has 15 seconds left.
|inactive|Koiizumi has 10 seconds left.
|
|t:|1784163493
|move|p2a: Raichu|Fake Out|p1b: Garchomp
|-crit|p1b: Garchomp
|-damage|p1b: Garchomp|87/100
|-damage|p2a: Raichu|88/100|[from] ability: Rough Skin|[of] p1b: Garchomp
|cant|p1b: Garchomp|flinch
|cant|p1a: Charizard|slp
|cant|p2b: Sylveon|recharge
|
|-weather|none
|upkeep
|turn|12
|
|t:|1784163509
|cant|p1a: Charizard|slp
|move|p2a: Raichu|Zap Cannon|p1a: Charizard
|-supereffective|p1a: Charizard|1
|-damage|p1a: Charizard|0 fnt
|faint|p1a: Charizard
|move|p1b: Garchomp|Stomping Tantrum|p2a: Raichu
|-supereffective|p2a: Raichu|1
|-damage|p2a: Raichu|0 fnt
|faint|p2a: Raichu
|-damage|p1b: Garchomp|77/100|[from] item: Life Orb
|move|p2b: Sylveon|Hyper Beam|p1b: Garchomp
|-supereffective|p1b: Garchomp|1
|-damage|p1b: Garchomp|0 fnt
|-mustrecharge|p2b: Sylveon
|faint|p1b: Garchomp
|
|win|Koiizumi
||Woodbox is ready for game 2.
|inactive|Koiizumi has 30 seconds to confirm battle start!
