|j|☆monsoonisbest
|j|☆MakeItSunn
|html|monsoonisbestMakeItSunn    
|uhtml|bestof|Game 2 of a best-of-3
|t:|1757847993
|gametype|doubles
|player|p1|monsoonisbest|170|1135
|player|p2|MakeItSunn|elesa|1116
|gen|9
|tier|[Gen 9] VGC 2025 Reg H (Bo3)
|rated|
|rule|Species Clause: Limit one of each Pokémon
|rule|Item Clause: Limit 1 of each item
|clearpoke
|poke|p1|Ursaluna-Bloodmoon, L50, M|
|poke|p1|Maushold, L50|
|poke|p1|Amoonguss, L50, F|
|poke|p1|Dragonite, L50, M|
|poke|p1|Sneasler, L50, M|
|poke|p1|Indeedee, L50, M|
|poke|p2|Oranguru, L50, M|
|poke|p2|Ursaluna, L50, M|
|poke|p2|Indeedee-F, L50, F|
|poke|p2|Torkoal, L50, M|
|poke|p2|Armarouge, L50, M|
|poke|p2|Jumpluff, L50, F|
|teampreview|4
|showteam|p1|Ursaluna-Bloodmoon||LifeOrb|MindsEye|BloodMoon,HyperVoice,EarthPower,Protect|||M|||50|,,,,,Normal]Maushold||SafetyGoggles|FriendGuard|SuperFang,FollowMe,Taunt,Protect||||||50|,,,,,Ghost]Amoonguss||RockyHelmet|Regenerator|RagePowder,PollenPuff,Spore,Protect|||F|||50|,,,,,Water]Dragonite||LoadedDice|Multiscale|ScaleShot,ExtremeSpeed,Haze,Protect|||M|||50|,,,,,Fairy]Sneasler||FocusSash|Unburden|DireClaw,CloseCombat,ThroatChop,Protect|||M|||50|,,,,,Dark]Indeedee||ChoiceScarf|PsychicSurge|ExpandingForce,TeraBlast,HyperVoice,ShadowBall|||M|||50|,,,,,Psychic
|showteam|p2|Oranguru||MentalHerb|Telepathy|ExpandingForce,TrickRoom,Instruct,Yawn|||M|||50|,,,,,Ghost]Ursaluna||FlameOrb|Guts|Earthquake,Facade,HeadlongRush,Protect|||M|||50|,,,,,Ghost]Indeedee-F||EjectButton|PsychicSurge|FollowMe,DazzlingGleam,HelpingHand,TrickRoom|||F|||50|,,,,,Fairy]Torkoal||EjectPack|Drought|Eruption,Overheat,EarthPower,Protect|||M|||50|,,,,,Fire]Armarouge||LifeOrb|FlashFire|ExpandingForce,ArmorCannon,WideGuard,Protect|||M|||50|,,,,,Grass]Jumpluff||CovertCloak|Chlorophyll|RagePowder,SleepPowder,Tailwind,SunnyDay|||F|||50|,,,,,Water
|
|t:|1757848017
|teamsize|p1|4
|teamsize|p2|4
|start
|switch|p1a: Queen|Sneasler, L50, M|100/100
|switch|p1b: Joker|Indeedee, L50, M|100/100
|switch|p2a: Torkoal|Torkoal, L50, M|100/100
|switch|p2b: Jumpluff|Jumpluff, L50, F|100/100
|-fieldstart|move: Psychic Terrain|[from] ability: Psychic Surge|[of] p1b: Joker
|-weather|SunnyDay|[from] ability: Drought|[of] p2a: Torkoal
|turn|1
|inactive|Battle timer is ON: inactive players will automatically lose when time's up. (requested by monsoonisbest)
|
|t:|1757848079
|-terastallize|p1b: Joker|Psychic
|move|p2a: Torkoal|Protect|p2a: Torkoal
|-singleturn|p2a: Torkoal|Protect
|move|p2b: Jumpluff|Sleep Powder|p1a: Queen
|-status|p1a: Queen|slp|[from] move: Sleep Powder
|move|p1b: Joker|Expanding Force|p2a: Torkoal|[spread] p2b
|-activate|p2a: Torkoal|move: Protect
|-damage|p2b: Jumpluff|31/100
|cant|p1a: Queen|slp
|
|-weather|SunnyDay|[upkeep]
|upkeep
|turn|2
|inactive|MakeItSunn has 30 seconds left.
|inactive|MakeItSunn has 20 seconds left.
|inactive|MakeItSunn has 15 seconds left.
|
|t:|1757848121
|move|p2b: Jumpluff|Sleep Powder|p1b: Joker|[miss]
|-miss|p2b: Jumpluff|p1b: Joker
|move|p1b: Joker|Expanding Force|p2a: Torkoal|[spread] p2a,p2b
|-damage|p2a: Torkoal|3/100
|-damage|p2b: Jumpluff|0 fnt
|faint|p2b: Jumpluff
|cant|p1a: Queen|slp
|move|p2a: Torkoal|Overheat|p1a: Queen
|-enditem|p1a: Queen|Focus Sash
|-damage|p1a: Queen|1/100 slp
|-unboost|p2a: Torkoal|spa|2
|-enditem|p2a: Torkoal|Eject Pack
|
|t:|1757848132
|switch|p2a: Armarouge|Armarouge, L50, M, shiny|100/100
|
|-weather|SunnyDay|[upkeep]
|upkeep
|
|t:|1757848135
|switch|p2b: Indeedee|Indeedee-F, L50, F|100/100
|turn|3
|
|t:|1757848152
|move|p2a: Armarouge|Wide Guard|p2a: Armarouge
|-singleturn|p2a: Armarouge|Wide Guard
|cant|p1a: Queen|slp
|move|p1b: Joker|Expanding Force|p2a: Armarouge|[spread] 
|-activate|p2a: Armarouge|move: Wide Guard
|-activate|p2b: Indeedee|move: Wide Guard
|move|p2b: Indeedee|Trick Room|p2b: Indeedee
|-fieldstart|move: Trick Room|[of] p2b: Indeedee
|
|-weather|SunnyDay|[upkeep]
|upkeep
|turn|4
|
|t:|1757848174
|-curestatus|p1a: Queen|slp|[msg]
|move|p1a: Queen|Protect|p1a: Queen
|-singleturn|p1a: Queen|Protect
|move|p2b: Indeedee|Dazzling Gleam|p1b: Joker|[spread] p1b
|-activate|p1a: Queen|move: Protect
|-damage|p1b: Joker|83/100
|move|p2a: Armarouge|Armor Cannon|p1b: Joker
|-damage|p1b: Joker|0 fnt
|-unboost|p2a: Armarouge|def|1
|-unboost|p2a: Armarouge|spd|1
|faint|p1b: Joker
|-damage|p2a: Armarouge|91/100|[from] item: Life Orb
|
|-weather|SunnyDay|[upkeep]
|upkeep
|
|t:|1757848184
|switch|p1b: King|Ursaluna-Bloodmoon, L50, M|100/100
|turn|5
|inactive|MakeItSunn has 30 seconds left.
|
|t:|1757848212
|switch|p1a: Ace|Maushold, L50|100/100
|move|p2b: Indeedee|Follow Me|p2b: Indeedee
|-singleturn|p2b: Indeedee|move: Follow Me
|move|p2a: Armarouge|Expanding Force|p1a: Ace|[spread] p1a,p1b
|-damage|p1a: Ace|5/100
|-damage|p1b: King|18/100
|-damage|p2a: Armarouge|81/100|[from] item: Life Orb
|move|p1b: King|Hyper Voice|p2a: Armarouge|[spread] p2a,p2b
|-damage|p2a: Armarouge|4/100
|-damage|p2b: Indeedee|51/100
|-enditem|p2b: Indeedee|Eject Button
|-damage|p1b: King|9/100|[from] item: Life Orb
|
|t:|1757848224
|switch|p2b: Torkoal|Torkoal, L50, M|3/100
|
|-weather|none
|-fieldend|move: Psychic Terrain
|upkeep
|turn|6
|
|t:|1757848232
|move|p1b: King|Protect|p1b: King
|-singleturn|p1b: King|Protect
|move|p1a: Ace|Protect|p1a: Ace
|-singleturn|p1a: Ace|Protect
|move|p2b: Torkoal|Eruption|p1a: Ace|[spread] 
|-activate|p1a: Ace|move: Protect
|-activate|p1b: King|move: Protect
|move|p2a: Armarouge|Expanding Force|p1b: King
|-activate|p1b: King|move: Protect
|
|upkeep
|turn|7
|
|t:|1757848254
|switch|p2a: Indeedee|Indeedee-F, L50, F|51/100
|-fieldstart|move: Psychic Terrain|[from] ability: Psychic Surge|[of] p2a: Indeedee
|move|p1b: King|Protect||[still]
|-fail|p1b: King
|move|p1a: Ace|Protect|p1a: Ace
|-singleturn|p1a: Ace|Protect
|move|p2b: Torkoal|Eruption|p1a: Ace|[spread] p1b
|-activate|p1a: Ace|move: Protect
|-damage|p1b: King|7/100
|
|-fieldend|move: Trick Room
|upkeep
|turn|8
|
|t:|1757848275
|move|p2b: Torkoal|Protect|p2b: Torkoal
|-singleturn|p2b: Torkoal|Protect
|move|p1a: Ace|Taunt|p2a: Indeedee
|-start|p2a: Indeedee|move: Taunt
|move|p1b: King|Hyper Voice|p2a: Indeedee|[spread] p2a
|-activate|p2b: Torkoal|move: Protect
|-damage|p2a: Indeedee|7/100
|-damage|p1b: King|0 fnt|[from] item: Life Orb
|faint|p1b: King
|move|p2a: Indeedee|Dazzling Gleam|p1a: Ace
|-damage|p1a: Ace|0 fnt
|faint|p1a: Ace
|
|upkeep
|
|t:|1757848284
|switch|p1b: Queen|Sneasler, L50, M|1/100
|turn|9
|
|t:|1757848291
|move|p1b: Queen|Dire Claw|p2a: Indeedee
|-damage|p2a: Indeedee|0 fnt
|faint|p2a: Indeedee
|move|p2b: Torkoal|Overheat|p1b: Queen
|-damage|p1b: Queen|0 fnt
|-unboost|p2b: Torkoal|spa|2
|faint|p1b: Queen
|
|win|MakeItSunn
|raw|monsoonisbest's rating: 1135 → 1109(-26 for losing)
|raw|MakeItSunn's rating: 1116 → 1142(+26 for winning)
|l|☆MakeItSunn
|player|p2|
