|j|☆KatKraydel
|j|☆cantchat_sorry
|html|KatKraydelcantchat_sorry    
|uhtml|bestof|Game 1 of a best-of-3
|t:|1785363917
|gametype|doubles
|player|p1|KatKraydel|lebanne|1283
|player|p2|cantchat_sorry|clair|1170
|gen|9
|tier|[Gen 9 Champions] VGC 2026 Reg M-B (Bo3)
|rated|
|rule|Species Clause: Limit one of each Pokémon
|rule|Item Clause: Limit 1 of each item
|clearpoke
|poke|p1|Torkoal, L50, F, shiny|
|poke|p1|Farigiraf, L50, F, shiny|
|poke|p1|Sylveon, L50, M, shiny|
|poke|p1|Kingambit, L50, F|
|poke|p1|Kangaskhan, L50, F|
|poke|p1|Basculegion, L50, M|
|poke|p2|Garchomp, L50, M|
|poke|p2|Tyranitar, L50, F|
|poke|p2|Corviknight, L50, F, shiny|
|poke|p2|Milotic, L50, M|
|poke|p2|Sinistcha, L50|
|poke|p2|Ceruledge, L50, M|
|teampreview|4
|showteam|p1|Torkoal||Charcoal|Drought|Eruption,HeatWave,WeatherBall,Protect|Quiet||F|||50|]Farigiraf||SitrusBerry|ArmorTail|HyperVoice,Psychic,TrickRoom,Protect|Relaxed||F|||50|]Sylveon||LifeOrb|Pixilate|HyperVoice,HyperBeam,QuickAttack,Protect|Quiet||M|||50|]Kingambit||OccaBerry|Defiant|KowtowCleave,SuckerPunch,LowKick,IronHead|Brave||F|||50|]Kangaskhan||Kangaskhanite|Scrappy|FakeOut,DoubleEdge,LowKick,SuckerPunch|Adamant||F|||50|]Basculegion||ChoiceScarf|Adaptability|WaveCrash,LastRespects,AquaJet,FlipTurn|Jolly||M|||50|
|showteam|p2|Garchomp||Garchompite|RoughSkin|EarthPower,DracoMeteor,PowerGem,Protect|Modest||M|||50|]Tyranitar||ChoiceScarf|SandStream|KnockOff,RockSlide,IcePunch,LowKick|Jolly||F|||50|]Corviknight||LifeOrb|MirrorArmor|BraveBird,IronHead,Tailwind,Protect|Jolly||F|||50|]Milotic||SitrusBerry|Competitive|Scald,IcyWind,Haze,Protect|Bold||M|||50|]Sinistcha||KasibBerry|Hospitality|MatchaGotcha,RagePowder,TrickRoom,Protect|Bold|||||50|]Ceruledge||ColburBerry|FlashFire|BitterBlade,ShadowSneak,BulkUp,Protect|Adamant||M|||50|
|inactive|Battle timer is ON: inactive players will automatically lose when time's up. (requested by cantchat_sorry)
|
|t:|1785363934
|teamsize|p1|4
|teamsize|p2|4
|start
|switch|p1a: fishing with you|Basculegion, L50, M|100/100
|switch|p1b: Jumpsuit|Farigiraf, L50, F, shiny|100/100
|switch|p2a: Ceruledge|Ceruledge, L50, M|100/100
|switch|p2b: Tyranitar|Tyranitar, L50, F|100/100
|-weather|Sandstorm|[from] ability: Sand Stream|[of] p2b: Tyranitar
|turn|1
|
|t:|1785363948
|move|p1b: Jumpsuit|Protect|p1b: Jumpsuit
|-singleturn|p1b: Jumpsuit|Protect
|move|p1a: fishing with you|Wave Crash|p2b: Tyranitar
|-supereffective|p2b: Tyranitar|1
|-damage|p2b: Tyranitar|0 fnt
|faint|p2b: Tyranitar
|-damage|p1a: fishing with you|70/100|[from] Recoil
|move|p2a: Ceruledge|Bitter Blade|p1a: fishing with you
|-resisted|p1a: fishing with you|1
|-damage|p1a: fishing with you|43/100
|
|-weather|Sandstorm|[upkeep]
|-damage|p1a: fishing with you|37/100|[from] Sandstorm
|-damage|p2a: Ceruledge|93/100|[from] Sandstorm
|-damage|p1b: Jumpsuit|93/100|[from] Sandstorm
|upkeep
|
|t:|1785363961
|switch|p2b: Corviknight|Corviknight, L50, F, shiny|100/100
|turn|2
|
|t:|1785363965
|move|p2a: Ceruledge|Protect|p2a: Ceruledge
|-singleturn|p2a: Ceruledge|Protect
|move|p1a: fishing with you|Wave Crash|p2a: Ceruledge
|-activate|p2a: Ceruledge|move: Protect
|move|p2b: Corviknight|Iron Head|p1a: fishing with you
|-resisted|p1a: fishing with you|1
|-damage|p1a: fishing with you|12/100
|-damage|p2b: Corviknight|90/100|[from] item: Life Orb
|move|p1b: Jumpsuit|Trick Room|p1b: Jumpsuit
|-fieldstart|move: Trick Room|[of] p1b: Jumpsuit
|
|-weather|Sandstorm|[upkeep]
|-damage|p1b: Jumpsuit|87/100|[from] Sandstorm
|-damage|p2a: Ceruledge|87/100|[from] Sandstorm
|-damage|p1a: fishing with you|6/100|[from] Sandstorm
|upkeep
|turn|3
|
|t:|1785363981
|move|p1b: Jumpsuit|Psychic|p2a: Ceruledge
|-damage|p2a: Ceruledge|53/100
|move|p2a: Ceruledge|Bitter Blade|p1b: Jumpsuit
|-damage|p1b: Jumpsuit|50/100g
|-heal|p2a: Ceruledge|77/100|[from] drain|[of] p1b: Jumpsuit
|move|p2b: Corviknight|Iron Head|p1a: fishing with you
|-resisted|p1a: fishing with you|1
|-damage|p1a: fishing with you|0 fnt
|faint|p1a: fishing with you
|-damage|p2b: Corviknight|81/100|[from] item: Life Orb
|
|-weather|Sandstorm|[upkeep]
|-damage|p1b: Jumpsuit|44/100|[from] Sandstorm
|-damage|p2a: Ceruledge|71/100|[from] Sandstorm
|-enditem|p1b: Jumpsuit|Sitrus Berry|[eat]
|-heal|p1b: Jumpsuit|69/100|[from] item: Sitrus Berry
|upkeep
|
|t:|1785363986
|switch|p1a: Space Girl|Sylveon, L50, M, shiny|100/100
|turn|4
|
|t:|1785363998
|move|p1b: Jumpsuit|Psychic|p2a: Ceruledge
|-damage|p2a: Ceruledge|35/100
|-unboost|p2a: Ceruledge|spd|1
|move|p1a: Space Girl|Hyper Voice|p2b: Corviknight|[spread] p2a,p2b
|-resisted|p2a: Ceruledge|1
|-resisted|p2b: Corviknight|1
|-damage|p2a: Ceruledge|0 fnt
|-damage|p2b: Corviknight|52/100
|faint|p2a: Ceruledge
|-damage|p1a: Space Girl|90/100|[from] item: Life Orb
|move|p2b: Corviknight|Iron Head|p1a: Space Girl
|-supereffective|p1a: Space Girl|1
|-damage|p1a: Space Girl|0 fnt
|faint|p1a: Space Girl
|-damage|p2b: Corviknight|43/100|[from] item: Life Orb
|
|-weather|Sandstorm|[upkeep]
|-damage|p1b: Jumpsuit|62/100|[from] Sandstorm
|upkeep
|
|t:|1785364009
|switch|p1a: Boom Clap|Torkoal, L50, F, shiny|100/100
|switch|p2a: Garchomp|Garchomp, L50, M|100/100
|-weather|SunnyDay|[from] ability: Drought|[of] p1a: Boom Clap
|turn|5
|
|t:|1785364026
|move|p2b: Corviknight|Protect|p2b: Corviknight
|-singleturn|p2b: Corviknight|Protect
|move|p2a: Garchomp|Protect|p2a: Garchomp
|-singleturn|p2a: Garchomp|Protect
|move|p1a: Boom Clap|Eruption|p2a: Garchomp|[spread] 
|-activate|p2a: Garchomp|move: Protect
|-activate|p2b: Corviknight|move: Protect
|move|p1b: Jumpsuit|Psychic|p2a: Garchomp
|-activate|p2a: Garchomp|move: Protect
|
|-weather|SunnyDay|[upkeep]
|upkeep
|turn|6
|
|t:|1785364040
|detailschange|p2a: Garchomp|Garchomp-Mega, L50, M
|-mega|p2a: Garchomp|Garchomp|Garchompite
|move|p2b: Corviknight|Protect||[still]
|-fail|p2b: Corviknight
|move|p1a: Boom Clap|Eruption|p2a: Garchomp|[spread] p2a,p2b
|-resisted|p2a: Garchomp|1
|-supereffective|p2b: Corviknight|1
|-damage|p2a: Garchomp|60/100
|-damage|p2b: Corviknight|0 fnt
|faint|p2b: Corviknight
|move|p1b: Jumpsuit|Psychic|p2a: Garchomp
|-damage|p2a: Garchomp|29/100
|move|p2a: Garchomp|Earth Power|p1a: Boom Clap
|-supereffective|p1a: Boom Clap|1
|-damage|p1a: Boom Clap|0 fnt
|faint|p1a: Boom Clap
|
|-weather|SunnyDay|[upkeep]
|-fieldend|move: Trick Room
|upkeep
|turn|7
|
|t:|1785364053
|move|p2a: Garchomp|Draco Meteor|p1b: Jumpsuit
|-damage|p1b: Jumpsuit|0 fnt
|-unboost|p2a: Garchomp|spa|2
|faint|p1b: Jumpsuit
|
|win|cantchat_sorry
||KatKraydel is ready for game 2.
||cantchat_sorry is ready for game 2.
|uhtml|next|Next: Game 2 of 3
