|j|☆bighamsterbaseball
|j|☆Thegodli
|html|bighamsterbaseballThegodli    
|uhtml|bestof|Game 2 of a best-of-3
|t:|1784755097
|gametype|doubles
|player|p1|bighamsterbaseball|pokemaniac|1207
|player|p2|Thegodli|dancer|1206
|gen|9
|tier|[Gen 9 Champions] VGC 2026 Reg M-B (Bo3)
|rated|
|rule|Species Clause: Limit one of each Pokémon
|rule|Item Clause: Limit 1 of each item
|clearpoke
|poke|p1|Pyroar, L50, F|
|poke|p1|Scrafty, L50, F|
|poke|p1|Torkoal, L50, M|
|poke|p1|Venusaur, L50, M|
|poke|p1|Basculegion, L50, M|
|poke|p1|Malamar, L50, F|
|poke|p2|Tyranitar, L50, M|
|poke|p2|Excadrill, L50, M|
|poke|p2|Milotic, L50, F|
|poke|p2|Sinistcha, L50|
|poke|p2|Staraptor, L50, F|
|poke|p2|Gholdengo, L50|
|teampreview|4
|showteam|p1|Pyroar||Pyroarite|Unnerve|HeatWave,Overheat,SolarBeam,Protect|Timid||F|||50|]Scrafty||Scraftinite|Intimidate|FakeOut,DrainPunch,KnockOff,IcePunch|Adamant||F|||50|]Torkoal||Leftovers|Drought|HeatWave,Yawn,HelpingHand,Protect|Relaxed||M|||50|]Venusaur||LifeOrb|Chlorophyll|LeafStorm,SludgeBomb,EarthPower,Protect|Modest||M|||50|]Basculegion||ChoiceScarf|Adaptability|WaveCrash,LastRespects,AquaJet,FlipTurn|Adamant||M|||50|]Malamar||SitrusBerry|Contrary|Superpower,RockSlide,TrickRoom,TopsyTurvy|Careful||F|||50|
|showteam|p2|Tyranitar||Tyranitarite|SandStream|KnockOff,RockSlide,HighHorsepower,Protect|Jolly||M|||50|]Excadrill||FocusSash|SandRush|HighHorsepower,IronHead,RockSlide,Protect|Jolly||M|||50|]Milotic||SitrusBerry|Competitive|Scald,IcyWind,Haze,Protect|Calm||F|||50|]Sinistcha||ColburBerry|Hospitality|MatchaGotcha,ShadowBall,Protect,RagePowder|Bold|||||50|]Staraptor||Staraptite|Intimidate|CloseCombat,BraveBird,Tailwind,Protect|Jolly||F|||50|]Gholdengo||LifeOrb|GoodasGold|MakeItRain,ShadowBall,NastyPlot,Protect|Modest|||||50|
|inactive|Battle timer is ON: inactive players will automatically lose when time's up. (requested by Thegodli)
|inactive|bighamsterbaseball has 60 seconds left.
|
|t:|1784755134
|teamsize|p1|4
|teamsize|p2|4
|start
|switch|p1a: Pyroar|Pyroar, L50, F|100/100
|switch|p1b: Torkoal|Torkoal, L50, M|100/100
|switch|p2a: Excadrill|Excadrill, L50, M|100/100
|switch|p2b: Milotic|Milotic, L50, F|100/100
|-ability|p1a: Pyroar|Unnerve
|-weather|SunnyDay|[from] ability: Drought|[of] p1b: Torkoal
|turn|1
|inactive|bighamsterbaseball has 30 seconds left.
|inactive|Thegodli has 30 seconds left.
|inactive|bighamsterbaseball has 20 seconds left.
|inactive|Thegodli has 20 seconds left.
|
|t:|1784755176
|switch|p1a: Basculegion|Basculegion, L50, M|100/100
|switch|p2a: Tyranitar|Tyranitar, L50, M|100/100
|-weather|Sandstorm|[from] ability: Sand Stream|[of] p2a: Tyranitar
|move|p2b: Milotic|Scald|p1a: Basculegion
|-resisted|p1a: Basculegion|1
|-damage|p1a: Basculegion|84/100
|move|p1b: Torkoal|Heat Wave|p2b: Milotic|[spread] p2a,p2b
|-resisted|p2a: Tyranitar|1
|-resisted|p2b: Milotic|1
|-crit|p2b: Milotic
|-damage|p2a: Tyranitar|93/100
|-damage|p2b: Milotic|88/100
|
|-weather|Sandstorm|[upkeep]
|-damage|p1a: Basculegion|78/100|[from] Sandstorm
|-damage|p2b: Milotic|83/100|[from] Sandstorm
|-damage|p1b: Torkoal|93/100|[from] Sandstorm
|-heal|p1b: Torkoal|100/100|[from] item: Leftovers
|upkeep
|turn|2
|
|t:|1784755198
|switch|p1b: Malamar|Malamar, L50, F|100/100
|move|p2a: Tyranitar|Protect|p2a: Tyranitar
|-singleturn|p2a: Tyranitar|Protect
|move|p1a: Basculegion|Wave Crash|p2a: Tyranitar
|-activate|p2a: Tyranitar|move: Protect
|move|p2b: Milotic|Scald|p1b: Malamar
|-damage|p1b: Malamar|76/100
|-status|p1b: Malamar|brn
|
|-weather|Sandstorm|[upkeep]
|-damage|p1a: Basculegion|72/100|[from] Sandstorm
|-damage|p2b: Milotic|77/100|[from] Sandstorm
|-damage|p1b: Malamar|70/100 brn|[from] Sandstorm
|-damage|p1b: Malamar|64/100 brn|[from] brn
|upkeep
|turn|3
|
|t:|1784755220
|switch|p2a: Staraptor|Staraptor, L50, F|100/100
|-ability|p2a: Staraptor|Intimidate|boost
|-unboost|p1a: Basculegion|atk|1
|-boost|p1b: Malamar|atk|1
|move|p1a: Basculegion|Wave Crash|p2a: Staraptor
|-damage|p2a: Staraptor|30/100
|-damage|p1a: Basculegion|50/100g|[from] Recoil
|move|p2b: Milotic|Scald|p1a: Basculegion
|-resisted|p1a: Basculegion|1
|-damage|p1a: Basculegion|33/100
|move|p1b: Malamar|Superpower|p2b: Milotic
|-damage|p2b: Milotic|59/100
|-boost|p1b: Malamar|atk|1
|-boost|p1b: Malamar|def|1
|
|-weather|Sandstorm|[upkeep]
|-damage|p1a: Basculegion|27/100|[from] Sandstorm
|-damage|p2a: Staraptor|24/100|[from] Sandstorm
|-damage|p2b: Milotic|53/100|[from] Sandstorm
|-damage|p1b: Malamar|58/100 brn|[from] Sandstorm
|-damage|p1b: Malamar|51/100 brn|[from] brn
|upkeep
|turn|4
|
|t:|1784755244
|switch|p1a: Torkoal|Torkoal, L50, M|100/100
|-weather|SunnyDay|[from] ability: Drought|[of] p1a: Torkoal
|move|p2a: Staraptor|Protect|p2a: Staraptor
|-singleturn|p2a: Staraptor|Protect
|move|p2b: Milotic|Scald|p1a: Torkoal
|-supereffective|p1a: Torkoal|1
|-damage|p1a: Torkoal|69/100
|move|p1b: Malamar|Rock Slide|p2b: Milotic|[spread] p2b
|-activate|p2a: Staraptor|move: Protect
|-damage|p2b: Milotic|41/100
|-enditem|p2b: Milotic|Sitrus Berry|[eat]
|-heal|p2b: Milotic|66/100|[from] item: Sitrus Berry
|
|-weather|SunnyDay|[upkeep]
|-heal|p1a: Torkoal|75/100|[from] item: Leftovers
|-damage|p1b: Malamar|45/100 brn|[from] brn
|upkeep
|-enditem|p1b: Malamar|Sitrus Berry|[eat]
|-heal|p1b: Malamar|70/100 brn|[from] item: Sitrus Berry
|turn|5
|
|t:|1784755263
|switch|p2a: Tyranitar|Tyranitar, L50, M|93/100
|-weather|Sandstorm|[from] ability: Sand Stream|[of] p2a: Tyranitar
|move|p2b: Milotic|Scald|p1a: Torkoal
|-supereffective|p1a: Torkoal|1
|-damage|p1a: Torkoal|10/100
|move|p1b: Malamar|Superpower|p2a: Tyranitar
|-supereffective|p2a: Tyranitar|2
|-damage|p2a: Tyranitar|4/100
|-boost|p1b: Malamar|atk|1
|-boost|p1b: Malamar|def|1
|move|p1a: Torkoal|Yawn|p2b: Milotic
|-start|p2b: Milotic|move: Yawn|[of] p1a: Torkoal
|
|-weather|Sandstorm|[upkeep]
|-damage|p2b: Milotic|60/100|[from] Sandstorm
|-damage|p1b: Malamar|64/100 brn|[from] Sandstorm
|-damage|p1a: Torkoal|3/100|[from] Sandstorm
|-heal|p1a: Torkoal|10/100|[from] item: Leftovers
|-damage|p1b: Malamar|58/100 brn|[from] brn
|upkeep
|turn|6
|inactive|bighamsterbaseball has 30 seconds left.
|inactive|Thegodli has 30 seconds left.
|
|t:|1784755295
|move|p2a: Tyranitar|Protect|p2a: Tyranitar
|-singleturn|p2a: Tyranitar|Protect
|move|p1a: Torkoal|Protect|p1a: Torkoal
|-singleturn|p1a: Torkoal|Protect
|move|p2b: Milotic|Scald|p1b: Malamar
|-damage|p1b: Malamar|33/100 brn
|move|p1b: Malamar|Superpower|p2b: Milotic
|-damage|p2b: Milotic|27/100
|-boost|p1b: Malamar|atk|1
|-boost|p1b: Malamar|def|1
|
|-weather|Sandstorm|[upkeep]
|-damage|p2b: Milotic|22/100|[from] Sandstorm
|-damage|p1b: Malamar|26/100 brn|[from] Sandstorm
|-damage|p1a: Torkoal|3/100|[from] Sandstorm
|-heal|p1a: Torkoal|10/100|[from] item: Leftovers
|-damage|p1b: Malamar|20/100y brn|[from] brn
|-end|p2b: Milotic|move: Yawn|[silent]
|-status|p2b: Milotic|slp
|upkeep
|turn|7
|inactive|bighamsterbaseball has 30 seconds left.
|inactive|Thegodli has 30 seconds left.
|inactive|bighamsterbaseball has 20 seconds left.
|inactive|bighamsterbaseball has 15 seconds left.
|
|t:|1784755335
|switch|p2b: Excadrill|Excadrill, L50, M|100/100
|switch|p1a: Basculegion|Basculegion, L50, M|27/100
|move|p2a: Tyranitar|Rock Slide|p1a: Basculegion|[spread] p1a,p1b
|-damage|p1a: Basculegion|0 fnt
|-damage|p1b: Malamar|10/100 brn
|faint|p1a: Basculegion
|move|p1b: Malamar|Rock Slide|p2b: Excadrill|[spread] p2a,p2b
|-resisted|p2b: Excadrill|2
|-damage|p2a: Tyranitar|0 fnt
|-damage|p2b: Excadrill|93/100
|faint|p2a: Tyranitar
|
|-weather|Sandstorm|[upkeep]
|-damage|p1b: Malamar|4/100 brn|[from] Sandstorm
|-damage|p1b: Malamar|0 fnt|[from] brn
|faint|p1b: Malamar
|upkeep
|
|t:|1784755348
|switch|p1a: Pyroar|Pyroar, L50, F|100/100
|switch|p2a: Staraptor|Staraptor, L50, F|24/100
|switch|p1b: Torkoal|Torkoal, L50, M|10/100
|-ability|p1a: Pyroar|Unnerve
|-ability|p2a: Staraptor|Intimidate|boost
|-unboost|p1a: Pyroar|atk|1
|-unboost|p1b: Torkoal|atk|1
|-weather|SunnyDay|[from] ability: Drought|[of] p1b: Torkoal
|turn|8
|
|t:|1784755363
|detailschange|p1a: Pyroar|Pyroar-Mega, L50, F
|-mega|p1a: Pyroar|Pyroar|Pyroarite
|move|p1b: Torkoal|Helping Hand|p1a: Pyroar
|-singleturn|p1a: Pyroar|Helping Hand|[of] p1b: Torkoal
|move|p2a: Staraptor|Protect|p2a: Staraptor
|-singleturn|p2a: Staraptor|Protect
|move|p1a: Pyroar|Heat Wave|p2b: Excadrill|[spread] p2b
|-activate|p2a: Staraptor|move: Protect
|-supereffective|p2b: Excadrill|1
|-damage|p2b: Excadrill|0 fnt
|faint|p2b: Excadrill
|
|-weather|SunnyDay|[upkeep]
|-heal|p1b: Torkoal|16/100|[from] item: Leftovers
|upkeep
|-message|Thegodli forfeited.
|
|win|bighamsterbaseball
|raw|bighamsterbaseball's rating: 1207 → 1232(+25 for winning)
|raw|Thegodli's rating: 1206 → 1181(-25 for losing)
|l|☆Thegodli
|player|p2|
|l|☆bighamsterbaseball
|player|p1|
|j|☆bighamsterbaseball
|player|p1|bighamsterbaseball|pokemaniac|
