|j|☆FtPlyr
|j|☆ilkrosirjs
|html|FtPlyrilkrosirjs    
|uhtml|bestof|Game 1 of a best-of-3
|t:|1783380031
|gametype|doubles
|player|p1|FtPlyr|hilbert|
|player|p2|ilkrosirjs|lady|
|gen|9
|tier|[Gen 9 Champions] VGC 2026 Reg M-B (Bo3)
|rule|Species Clause: Limit one of each Pokémon
|rule|Item Clause: Limit 1 of each item
|clearpoke
|poke|p1|Raichu, L50, M|
|poke|p1|Pelipper, L50, M|
|poke|p1|Palafin, L50, M|
|poke|p1|Araquanid, L50, F|
|poke|p1|Archaludon, L50, M|
|poke|p1|Primarina, L50, F|
|poke|p2|Floette-Eternal, L50, F|
|poke|p2|Blaziken, L50, M|
|poke|p2|Whimsicott, L50, M|
|poke|p2|Basculegion, L50, M|
|poke|p2|Farigiraf, L50, F|
|poke|p2|Hydreigon, L50, M|
|teampreview|4
|showteam|p1|Raichu||RaichuniteX|LightningRod|FocusBlast,IronTail,Trailblaze,Wish|Hasty||M|||50|]Pelipper||DampRock|Drizzle|WeatherBall,Hurricane,GunkShot,Roost|Relaxed||M|||50|]Palafin||ChoiceScarf|ZerotoHero|FlipTurn,AquaTail,Outrage,ZenHeadbutt|Jolly||M|||50|]Araquanid||Leftovers|WaterBubble|Liquidation,AquaRing,Substitute,Trailblaze|Careful||F|||50|]Archaludon||WhiteHerb|Stamina|ElectroShot,FlashCannon,DracoMeteor,BrickBreak|Naive||M|||50|]Primarina||LumBerry|LiquidVoice|AlluringVoice,SparklingAria,Rest,CalmMind|Modest||F|||50|
|showteam|p2|Floette-Eternal||Floettite|FlowerVeil|LightofRuin,Moonblast,DazzlingGleam,Protect|Timid||F|||50|]Blaziken||Blazikenite|SpeedBoost|FlareBlitz,CloseCombat,RockSlide,Protect|Adamant||M|||50|]Whimsicott||FocusSash|Prankster|Moonblast,Tailwind,Encore,Protect|Timid||M|||50|]Basculegion||LifeOrb|Adaptability|WaveCrash,LastRespects,AquaJet,Protect|Jolly||M|||50|]Farigiraf||SitrusBerry|ArmorTail|TwinBeam,HyperVoice,HelpingHand,Roar|Modest||F|||50|]Hydreigon||ChoiceScarf|Levitate|DarkPulse,DracoMeteor,EarthPower,Snarl|Timid||M|||50|
|c|☆ilkrosirjs|gl
|c|☆FtPlyr|glhf
|
|t:|1783380065
|teamsize|p1|4
|teamsize|p2|4
|start
|switch|p1a: Pelipper|Pelipper, L50, M|100/100
|switch|p1b: Raichu|Raichu, L50, M|100/100
|switch|p2a: Floette|Floette-Eternal, L50, F|100/100
|switch|p2b: Whimsicott|Whimsicott, L50, M|100/100
|-weather|RainDance|[from] ability: Drizzle|[of] p1a: Pelipper
|turn|1
|
|t:|1783380099
|detailschange|p1b: Raichu|Raichu-Mega-X, L50, M
|-mega|p1b: Raichu|Raichu|Raichunite X
|-fieldstart|move: Electric Terrain|[from] ability: Electric Surge|[of] p1b: Raichu
|detailschange|p2a: Floette|Floette-Mega, L50, F
|-mega|p2a: Floette|Floette|Floettite
|-ability|p2a: Floette|Fairy Aura
|move|p2a: Floette|Protect|p2a: Floette
|-singleturn|p2a: Floette|Protect
|move|p2b: Whimsicott|Tailwind|p2b: Whimsicott
|-sidestart|p2: ilkrosirjs|move: Tailwind
|move|p1b: Raichu|Iron Tail|p2a: Floette
|-activate|p2a: Floette|move: Protect
|move|p1a: Pelipper|Hurricane|p2b: Whimsicott
|-supereffective|p2b: Whimsicott|1
|-enditem|p2b: Whimsicott|Focus Sash
|-damage|p2b: Whimsicott|1/100
|
|-weather|RainDance|[upkeep]
|upkeep
|turn|2
|
|t:|1783380123
|move|p2b: Whimsicott|Encore|p1a: Pelipper
|-start|p1a: Pelipper|Encore
|move|p2a: Floette|Light of Ruin|p1b: Raichu|[miss]
|-miss|p2a: Floette|p1b: Raichu
|move|p1b: Raichu|Trailblaze|p2b: Whimsicott
|-resisted|p2b: Whimsicott|1
|-damage|p2b: Whimsicott|0 fnt
|-boost|p1b: Raichu|spe|1
|faint|p2b: Whimsicott
|move|p1a: Pelipper|Hurricane|p2a: Floette
|-damage|p2a: Floette|70/100
|
|-weather|RainDance|[upkeep]
|upkeep
|
|t:|1783380141
|switch|p2b: Basculegion|Basculegion, L50, M|100/100
|turn|3
|
|t:|1783380173
|move|p2a: Floette|Light of Ruin|p1b: Raichu|[miss]
|-miss|p2a: Floette|p1b: Raichu
|move|p2b: Basculegion|Last Respects|p1a: Pelipper
|-damage|p1a: Pelipper|31/100
|-damage|p2b: Basculegion|90/100|[from] item: Life Orb
|move|p1b: Raichu|Trailblaze|p2b: Basculegion
|-supereffective|p2b: Basculegion|1
|-damage|p2b: Basculegion|43/100
|-boost|p1b: Raichu|spe|1
|move|p1a: Pelipper|Hurricane|p2a: Floette
|-damage|p2a: Floette|38/100
|
|-weather|RainDance|[upkeep]
|upkeep
|turn|4
|c|☆ilkrosirjs|ur kidding
|
|t:|1783380205
|move|p2b: Basculegion|Aqua Jet|p1a: Pelipper
|-resisted|p1a: Pelipper|1
|-damage|p1a: Pelipper|11/100
|-damage|p2b: Basculegion|34/100|[from] item: Life Orb
|move|p1b: Raichu|Iron Tail|p2b: Basculegion
|-resisted|p2b: Basculegion|1
|-damage|p2b: Basculegion|11/100
|-unboost|p2b: Basculegion|def|1
|move|p2a: Floette|Light of Ruin|p1b: Raichu|[miss]
|-miss|p2a: Floette|p1b: Raichu
|move|p1a: Pelipper|Hurricane|p2a: Floette
|-damage|p2a: Floette|6/100
|-start|p2a: Floette|confusion
|
|-weather|RainDance|[upkeep]
|-end|p1a: Pelipper|Encore
|-sideend|p2: ilkrosirjs|move: Tailwind
|upkeep
|turn|5
|c|☆ilkrosirjs|wtf
|
|t:|1783380230
|move|p2b: Basculegion|Aqua Jet|p1a: Pelipper
|-resisted|p1a: Pelipper|1
|-crit|p1a: Pelipper
|-damage|p1a: Pelipper|0 fnt
|faint|p1a: Pelipper
|-damage|p2b: Basculegion|2/100|[from] item: Life Orb
|move|p1b: Raichu|Trailblaze|p2b: Basculegion
|-supereffective|p2b: Basculegion|1
|-damage|p2b: Basculegion|0 fnt
|-boost|p1b: Raichu|spe|1
|faint|p2b: Basculegion
|-activate|p2a: Floette|confusion
|move|p2a: Floette|Light of Ruin|p1b: Raichu
|-damage|p1b: Raichu|0 fnt
|faint|p1b: Raichu
|-damage|p2a: Floette|0 fnt|[from] Recoil
|faint|p2a: Floette
|
|-weather|RainDance|[upkeep]
|-fieldend|move: Electric Terrain
|upkeep
|c|☆ilkrosirjs|took her long enough mate
|
|t:|1783380253
|switch|p1b: Archaludon|Archaludon, L50, M|100/100
|switch|p2b: Hydreigon|Hydreigon, L50, M|100/100
|switch|p1a: Palafin|Palafin, L50, M|100/100
|turn|6
|
|t:|1783380273
|move|p1a: Palafin|Outrage|p2b: Hydreigon
|-supereffective|p2b: Hydreigon|1
|-damage|p2b: Hydreigon|28/100
|move|p2b: Hydreigon|Draco Meteor|p1b: Archaludon
|-damage|p1b: Archaludon|0 fnt
|-unboost|p2b: Hydreigon|spa|2
|faint|p1b: Archaludon
|
|-weather|RainDance|[upkeep]
|upkeep
|turn|7
|
|t:|1783380285
|move|p1a: Palafin|Outrage|p2b: Hydreigon|[from] lockedmove
|-supereffective|p2b: Hydreigon|1
|-damage|p2b: Hydreigon|0 fnt
|faint|p2b: Hydreigon
|-start|p1a: Palafin|confusion|[fatigue]
|
|win|FtPlyr
