|j|☆Alecat
|j|☆Richiskz
|html|AlecatRichiskz    
|uhtml|bestof|Game 1 of a best-of-3
|t:|1757848077
|gametype|doubles
|player|p1|Alecat|scientistf|1076
|player|p2|Richiskz|byron|1099
|gen|9
|tier|[Gen 9] VGC 2025 Reg H (Bo3)
|rated|
|rule|Species Clause: Limit one of each Pokémon
|rule|Item Clause: Limit 1 of each item
|clearpoke
|poke|p1|Sneasler, L50, M|
|poke|p1|Magmar, L50, M|
|poke|p1|Rillaboom, L50, M|
|poke|p1|Espathra, L50, M|
|poke|p1|Kingambit, L50, M|
|poke|p1|Arcanine-Hisui, L50, F|
|poke|p2|Frosmoth, L50, F|
|poke|p2|Dragonite, L50, M|
|poke|p2|Rillaboom, L50, M|
|poke|p2|Ninetales-Alola, L50, M|
|poke|p2|Incineroar, L50, M|
|poke|p2|Electabuzz, L50, M|
|teampreview|4
|showteam|p1|Sneasler||FocusSash|Unburden|FakeOut,CloseCombat,DireClaw,Coaching|||M|||50|,,,,,Ghost]Magmar||Eviolite|VitalSpirit|FollowMe,HeatWave,Taunt,Protect|||M|||50|,,,,,Dragon]Rillaboom||AssaultVest|GrassySurge|FakeOut,WoodHammer,GrassyGlide,HighHorsepower|||M|||50|,,,,,Fire]Espathra||GrassySeed|SpeedBoost|StoredPower,TeraBlast,CalmMind,Protect|||M|||50|,,,,,Fighting]Kingambit||SafetyGoggles|Defiant|KowtowCleave,SuckerPunch,SwordsDance,Protect|||M|||50|,,,,,Dark]Arcanine-Hisui||LoadedDice|Intimidate|FlareBlitz,RockBlast,ExtremeSpeed,Protect|||F|||50|,,,,,Ghost
|showteam|p2|Frosmoth||Leftovers|ShieldDust|Blizzard,TeraBlast,QuiverDance,Protect|||F|||50|,,,,,Water]Dragonite||LoadedDice|Multiscale|ScaleShot,Tailwind,ExtremeSpeed,Protect|||M|||50|,,,,,Dragon]Rillaboom||AssaultVest|GrassySurge|FakeOut,GrassyGlide,WoodHammer,Uturn|||M|||50|,,,,,Grass]Ninetales-Alola||LightClay|SnowWarning|AuroraVeil,Blizzard,Disable,Protect|||M|||50|,,,,,Ice]Incineroar||SafetyGoggles|Intimidate|FakeOut,FlareBlitz,PartingShot,KnockOff|||M|||50|,,,,,Fire]Electabuzz||Eviolite|Static|FollowMe,Electroweb,Taunt,Protect|||M|||50|,,,,,Electric
|inactive|Battle timer is ON: inactive players will automatically lose when time's up. (requested by Richiskz)
|inactive|Alecat also wants the timer to be on.
|inactive|Richiskz has 60 seconds left.
|
|t:|1757848116
|teamsize|p1|4
|teamsize|p2|4
|start
|switch|p1a: Magmar|Magmar, L50, M|100/100
|switch|p1b: Espathra|Espathra, L50, M, shiny|100/100
|switch|p2a: Rillaboom|Rillaboom, L50, M|100/100
|switch|p2b: Frosmoth|Frosmoth, L50, F, shiny|100/100
|-fieldstart|move: Grassy Terrain|[from] ability: Grassy Surge|[of] p2a: Rillaboom
|-enditem|p1b: Espathra|Grassy Seed
|-boost|p1b: Espathra|def|1|[from] item: Grassy Seed
|turn|1
|inactive|Richiskz has 30 seconds left.
|
|t:|1757848149
|-terastallize|p2b: Frosmoth|Water
|move|p2a: Rillaboom|Fake Out|p1a: Magmar
|-damage|p1a: Magmar|85/100
|cant|p1a: Magmar|flinch
|move|p1b: Espathra|Calm Mind|p1b: Espathra
|-boost|p1b: Espathra|spa|1
|-boost|p1b: Espathra|spd|1
|move|p2b: Frosmoth|Quiver Dance|p2b: Frosmoth
|-boost|p2b: Frosmoth|spa|1
|-boost|p2b: Frosmoth|spd|1
|-boost|p2b: Frosmoth|spe|1
|
|-heal|p1a: Magmar|91/100|[from] Grassy Terrain
|-ability|p1b: Espathra|Speed Boost|boost
|-boost|p1b: Espathra|spe|1
|upkeep
|turn|2
|inactive|Richiskz has 30 seconds left.
|
|t:|1757848183
|move|p1b: Espathra|Calm Mind|p1b: Espathra
|-boost|p1b: Espathra|spa|1
|-boost|p1b: Espathra|spd|1
|move|p2b: Frosmoth|Quiver Dance|p2b: Frosmoth
|-boost|p2b: Frosmoth|spa|1
|-boost|p2b: Frosmoth|spd|1
|-boost|p2b: Frosmoth|spe|1
|move|p1a: Magmar|Taunt|p2b: Frosmoth
|-start|p2b: Frosmoth|move: Taunt
|move|p2a: Rillaboom|Wood Hammer|p1b: Espathra
|-damage|p1b: Espathra|34/100
|-damage|p2a: Rillaboom|79/100|[from] Recoil
|
|-heal|p1b: Espathra|40/100|[from] Grassy Terrain
|-heal|p1a: Magmar|97/100|[from] Grassy Terrain
|-heal|p2a: Rillaboom|85/100|[from] Grassy Terrain
|-ability|p1b: Espathra|Speed Boost|boost
|-boost|p1b: Espathra|spe|1
|upkeep
|turn|3
|
|t:|1757848204
|switch|p1a: Rillaboom|Rillaboom, L50, M|100/100
|switch|p2a: Ninetales|Ninetales-Alola, L50, M|100/100
|-weather|Snowscape|[from] ability: Snow Warning|[of] p2a: Ninetales
|move|p1b: Espathra|Protect|p1b: Espathra
|-singleturn|p1b: Espathra|Protect
|move|p2b: Frosmoth|Blizzard|p1a: Rillaboom|[spread] p1a
|-activate|p1b: Espathra|move: Protect
|-supereffective|p1a: Rillaboom
|-damage|p1a: Rillaboom|0 fnt
|faint|p1a: Rillaboom
|
|-weather|Snowscape|[upkeep]
|-heal|p1b: Espathra|46/100|[from] Grassy Terrain
|-ability|p1b: Espathra|Speed Boost|boost
|-boost|p1b: Espathra|spe|1
|upkeep
|inactive|Alecat has 30 seconds left.
|
|t:|1757848233
|switch|p1a: Magmar|Magmar, L50, M|97/100
|turn|4
|
|t:|1757848252
|move|p1a: Magmar|Protect|p1a: Magmar
|-singleturn|p1a: Magmar|Protect
|move|p1b: Espathra|Stored Power|p2a: Ninetales
|-damage|p2a: Ninetales|0 fnt
|faint|p2a: Ninetales
|move|p2b: Frosmoth|Blizzard|p1b: Espathra|[spread] p1b
|-activate|p1a: Magmar|move: Protect
|-damage|p1b: Espathra|0 fnt
|faint|p1b: Espathra
|
|-weather|Snowscape|[upkeep]
|-heal|p1a: Magmar|100/100|[from] Grassy Terrain
|upkeep
|
|t:|1757848266
|switch|p2a: Dragonite|Dragonite, L50, M|100/100
|switch|p1b: Kingambit|Kingambit, L50, M|100/100
|turn|5
|inactive|Alecat has 30 seconds left.
|
|t:|1757848300
|-terastallize|p1b: Kingambit|Dark
|move|p2b: Frosmoth|Tera Blast|p1a: Magmar|[anim] Tera Blast Water
|-supereffective|p1a: Magmar
|-damage|p1a: Magmar|0 fnt
|faint|p1a: Magmar
|move|p2a: Dragonite|Scale Shot|p1b: Kingambit
|-damage|p1b: Kingambit|90/100
|-damage|p1b: Kingambit|81/100
|-damage|p1b: Kingambit|71/100
|-damage|p1b: Kingambit|60/100
|-damage|p1b: Kingambit|50/100
|-hitcount|p1b: Kingambit|5
|-unboost|p2a: Dragonite|def|1
|-boost|p2a: Dragonite|spe|1
|move|p1b: Kingambit|Kowtow Cleave|p2b: Frosmoth
|-damage|p2b: Frosmoth|0 fnt
|faint|p2b: Frosmoth
|
|-weather|Snowscape|[upkeep]
|-heal|p1b: Kingambit|56/100|[from] Grassy Terrain
|-fieldend|move: Grassy Terrain
|upkeep
|
|t:|1757848319
|switch|p2b: Rillaboom|Rillaboom, L50, M|85/100
|-fieldstart|move: Grassy Terrain|[from] ability: Grassy Surge|[of] p2b: Rillaboom
|turn|6
|
|t:|1757848327
|move|p1b: Kingambit|Protect|p1b: Kingambit
|-singleturn|p1b: Kingambit|Protect
|move|p2a: Dragonite|Scale Shot|p1b: Kingambit
|-activate|p1b: Kingambit|move: Protect
|move|p2b: Rillaboom|Wood Hammer|p1b: Kingambit
|-activate|p1b: Kingambit|move: Protect
|
|-weather|Snowscape|[upkeep]
|-heal|p2b: Rillaboom|91/100|[from] Grassy Terrain
|-heal|p1b: Kingambit|62/100|[from] Grassy Terrain
|upkeep
|turn|7
|inactive|Alecat has 30 seconds left.
|
|t:|1757848352
|move|p2a: Dragonite|Extreme Speed|p1b: Kingambit
|-damage|p1b: Kingambit|41/100
|move|p1b: Kingambit|Sucker Punch|p2b: Rillaboom
|-damage|p2b: Rillaboom|40/100
|move|p2b: Rillaboom|Wood Hammer|p1b: Kingambit
|-damage|p1b: Kingambit|0 fnt
|faint|p1b: Kingambit
|-damage|p2b: Rillaboom|27/100|[from] Recoil
|
|win|Richiskz
||Richiskz is ready for game 2.
|inactive|Alecat has 30 seconds to confirm battle start!
