|j|☆slimeko325
|j|‽Smimr
|html|slimeko325Smimr    
|uhtml|bestof|Game 2 of a best-of-3
|t:|1785861039
|gametype|doubles
|player|p1|slimeko325|miku-fairy|
|player|p2|Smimr|richboy-gen4|
|gen|9
|tier|[Gen 9 Champions] VGC 2026 Reg M-B (Bo3)
|rule|Species Clause: Limit one of each Pokémon
|rule|Item Clause: Limit 1 of each item
|clearpoke
|poke|p1|Simipour, L50, F|
|poke|p1|Slowbro, L50, M|
|poke|p1|Abomasnow, L50, F|
|poke|p1|Runerigus, L50, F|
|poke|p1|Heliolisk, L50, F|
|poke|p1|Zoroark, L50, F|
|poke|p2|Runerigus, L50, M|
|poke|p2|Slowbro, L50, F|
|poke|p2|Emboar, L50, F|
|poke|p2|Abomasnow, L50, M|
|poke|p2|Simipour, L50, F|
|poke|p2|Zoroark, L50, M|
|teampreview|4
|showteam|p1|Simipour||NeverMeltIce|Torrent|Blizzard,Scald,FakeOut,GrassKnot|Hasty||F|||50|]Slowbro||Slowbronite|Oblivious|IronDefense,BodyPress,Amnesia,ShadowBall|Calm||M|||50|]Abomasnow||Abomasite|SnowWarning|Blizzard,EnergyBall,Protect,IceHammer|Quiet||F|||50|]Runerigus||Leftovers|WanderingSpirit|Taunt,Imprison,TrickRoom,WillOWisp|Sassy||F|||50|]Heliolisk||LifeOrb|SolarPower|Discharge,Protect,GrassKnot,HyperVoice|Timid||F|||50|]Zoroark||FocusSash|Illusion|DarkPulse,Encore,SludgeBomb,Flamethrower|Timid||F|||50|
|showteam|p2|Runerigus||MentalHerb|WanderingSpirit|TrickRoom,Taunt,WillOWisp,Poltergeist|Sassy||M|||50|]Slowbro||Leftovers|Regenerator|TrickRoom,Scald,CalmMind,SlackOff|Relaxed||F|||50|]Emboar||LifeOrb|Reckless|FlareBlitz,CloseCombat,WildCharge,Protect|Brave||F|||50|]Abomasnow||Abomasite|SnowWarning|Blizzard,EarthPower,GigaDrain,Protect|Quiet||M|||50|]Simipour||WacanBerry|Torrent|FakeOut,Scald,FlipTurn,Taunt|Timid||F|||50|]Zoroark||FocusSash|Illusion|DarkPulse,Protect,Flamethrower,NastyPlot|Timid||M|||50|
|inactive|Battle timer is ON: inactive players will automatically lose when time's up. (requested by slimeko325)
|
|t:|1785861054
|teamsize|p1|4
|teamsize|p2|4
|start
|switch|p1a: Heliolisk|Heliolisk, L50, F|100/100
|switch|p1b: Simipour|Simipour, L50, F|100/100
|switch|p2a: Simipour|Simipour, L50, F|100/100
|switch|p2b: Slowbro|Slowbro, L50, F|100/100
|turn|1
|
|t:|1785861068
|move|p2a: Simipour|Fake Out|p1a: Heliolisk
|-damage|p1a: Heliolisk|81/100
|cant|p1a: Heliolisk|flinch
|move|p1b: Simipour|Dark Pulse|p2b: Slowbro
|-supereffective|p2b: Slowbro|1
|-damage|p2b: Slowbro|13/100
|move|p2b: Slowbro|Trick Room|p2b: Slowbro
|-fieldstart|move: Trick Room|[of] p2b: Slowbro
|
|-heal|p2b: Slowbro|19/100|[from] item: Leftovers
|upkeep
|turn|2
|
|t:|1785861089
|move|p2b: Slowbro|Scald|p1b: Simipour
|-damage|p1b: Simipour|40/100
|replace|p1b: Zoroark|Zoroark, L50, F
|-end|p1b: Zoroark|Illusion
|move|p2a: Simipour|Scald|p1b: Zoroark
|-damage|p1b: Zoroark|0 fnt
|faint|p1b: Zoroark
|move|p1a: Heliolisk|Discharge|p2a: Simipour|[spread] p2a,p2b
|-supereffective|p2a: Simipour|1
|-enditem|p2a: Simipour|Wacan Berry|[eat]
|-enditem|p2a: Simipour|Wacan Berry|[weaken]
|-supereffective|p2b: Slowbro|1
|-damage|p2a: Simipour|37/100
|-damage|p2b: Slowbro|0 fnt
|-status|p2a: Simipour|par
|faint|p2b: Slowbro
|-damage|p1a: Heliolisk|71/100|[from] item: Life Orb
|
|upkeep
|
|t:|1785861109
|switch|p2b: Abomasnow|Abomasnow, L50, M|100/100
|switch|p1b: Simipour|Simipour, L50, F|100/100
|-weather|Snowscape|[from] ability: Snow Warning|[of] p2b: Abomasnow
|turn|3
|
|t:|1785861119
|detailschange|p2b: Abomasnow|Abomasnow-Mega, L50, M
|-mega|p2b: Abomasnow|Abomasnow|Abomasite
|move|p1b: Simipour|Fake Out|p2b: Abomasnow
|-damage|p2b: Abomasnow|93/100
|cant|p2b: Abomasnow|flinch
|move|p2a: Simipour|Scald|p1a: Heliolisk
|-damage|p1a: Heliolisk|21/100
|-status|p1a: Heliolisk|brn
|move|p1a: Heliolisk|Hyper Voice|p2b: Abomasnow|[spread] p2a,p2b
|-damage|p2a: Simipour|0 fnt
|-damage|p2b: Abomasnow|60/100
|faint|p2a: Simipour
|-damage|p1a: Heliolisk|12/100 brn|[from] item: Life Orb
|
|-weather|Snowscape|[upkeep]
|-damage|p1a: Heliolisk|6/100 brn|[from] brn
|upkeep
|
|t:|1785861130
|switch|p2a: Emboar|Emboar, L50, F|100/100
|turn|4
|
|t:|1785861148
|switch|p1b: Slowbro|Slowbro, L50, M|100/100
|move|p2b: Abomasnow|Giga Drain|p1b: Slowbro
|-supereffective|p1b: Slowbro|1
|-damage|p1b: Slowbro|28/100
|-heal|p2b: Abomasnow|96/100|[from] drain|[of] p1b: Slowbro
|move|p2a: Emboar|Flare Blitz|p1a: Heliolisk
|-damage|p1a: Heliolisk|0 fnt
|faint|p1a: Heliolisk
|-damage|p2a: Emboar|98/100|[from] Recoil
|-damage|p2a: Emboar|88/100|[from] item: Life Orb
|
|-weather|Snowscape|[upkeep]
|upkeep
|
|t:|1785861152
|switch|p1a: Simipour|Simipour, L50, F|100/100
|turn|5
|
|t:|1785861174
|detailschange|p1b: Slowbro|Slowbro-Mega, L50, M
|-mega|p1b: Slowbro|Slowbro|Slowbronite
|move|p2b: Abomasnow|Protect|p2b: Abomasnow
|-singleturn|p2b: Abomasnow|Protect
|move|p1a: Simipour|Fake Out|p2b: Abomasnow
|-activate|p2b: Abomasnow|move: Protect
|move|p1b: Slowbro|Body Press|p2b: Abomasnow
|-activate|p2b: Abomasnow|move: Protect
|move|p2a: Emboar|Wild Charge|p1b: Slowbro
|-supereffective|p1b: Slowbro|1
|-damage|p1b: Slowbro|0 fnt
|faint|p1b: Slowbro
|-damage|p2a: Emboar|82/100|[from] Recoil
|-damage|p2a: Emboar|72/100|[from] item: Life Orb
|
|-weather|Snowscape|[upkeep]
|-fieldend|move: Trick Room
|upkeep
|turn|6
|
|t:|1785861186
|move|p1a: Simipour|Blizzard|p2b: Abomasnow|[spread] p2a,p2b
|-resisted|p2a: Emboar|1
|-damage|p2a: Emboar|55/100
|-damage|p2b: Abomasnow|72/100
|move|p2a: Emboar|Wild Charge|p1a: Simipour
|-supereffective|p1a: Simipour|1
|-damage|p1a: Simipour|0 fnt
|faint|p1a: Simipour
|-damage|p2a: Emboar|37/100|[from] Recoil
|-damage|p2a: Emboar|28/100|[from] item: Life Orb
|
|win|Smimr
