|j|☆junior weltmeister
|j|☆phuc_lamvgc
|html|junior weltmeisterphuc_lamvgc    
|uhtml|bestof|Game 3 of a best-of-3
|t:|1783769861
|gametype|doubles
|player|p1|junior weltmeister|102|1234
|player|p2|phuc_lamvgc|miku-ghost|1093
|gen|9
|tier|[Gen 9 Champions] VGC 2026 Reg M-B (Bo3)
|rated|
|rule|Species Clause: Limit one of each Pokémon
|rule|Item Clause: Limit 1 of each item
|clearpoke
|poke|p1|Vivillon, L50, F|
|poke|p1|Charizard, L50, M|
|poke|p1|Maushold-Four, L50|
|poke|p1|Garchomp, L50, M|
|poke|p1|Whimsicott, L50, F|
|poke|p1|Blastoise, L50, M|
|poke|p2|Raichu, L50, M|
|poke|p2|Floette-Eternal, L50, F|
|poke|p2|Sinistcha, L50|
|poke|p2|Ceruledge, L50, M|
|poke|p2|Milotic, L50, M|
|poke|p2|Incineroar, L50, M|
|teampreview|4
|showteam|p1|Vivillon||ChoiceScarf|CompoundEyes|SleepPowder,Hurricane,Tailwind,RagePowder|Timid||F|||50|]Charizard||CharizarditeY|Blaze|HeatWave,SolarBeam,AncientPower,Protect|Modest||M|||50|]Maushold-Four||WideLens|Technician|PopulationBomb,FollowMe,Feint,Protect|Jolly|||||50|]Garchomp||LifeOrb|RoughSkin|RockSlide,DragonClaw,Earthquake,Protect|Adamant||M|||50|]Whimsicott||FocusSash|Prankster|Moonblast,EnergyBall,Encore,Tailwind|Timid||F|||50|]Blastoise||Blastoisinite|RainDish|WaterSpout,DarkPulse,FakeOut,ShellSmash|Modest||M|||50|
|showteam|p2|Raichu||RaichuniteY|LightningRod|ZapCannon,VoltSwitch,FocusBlast,FakeOut|Timid||M|||50|]Floette-Eternal||Floettite|FlowerVeil|Moonblast,DrainingKiss,CalmMind,Protect|Modest||F|||50|]Sinistcha||KasibBerry|Hospitality|MatchaGotcha,RagePowder,LifeDew,Protect|Bold|||||50|]Ceruledge||ColburBerry|FlashFire|BitterBlade,ShadowSneak,BulkUp,Protect|Adamant||M|||50|]Milotic||Leftovers|Competitive|MuddyWater,Hypnosis,Coil,Protect|Calm||M|||50|]Incineroar||SitrusBerry|Intimidate|FlareBlitz,ThroatChop,FakeOut,PartingShot|Impish||M|||50|
|
|t:|1783769881
|teamsize|p1|4
|teamsize|p2|4
|start
|switch|p1a: Charizard|Charizard, L50, M|100/100
|switch|p1b: Whimsicott|Whimsicott, L50, F|100/100
|switch|p2a: Raichu|Raichu, L50, M|100/100
|switch|p2b: Incineroar|Incineroar, L50, M|100/100
|-ability|p2b: Incineroar|Intimidate|boost
|-unboost|p1a: Charizard|atk|1
|-unboost|p1b: Whimsicott|atk|1
|turn|1
|
|t:|1783769901
|detailschange|p2a: Raichu|Raichu-Mega-Y, L50, M
|-mega|p2a: Raichu|Raichu|Raichunite Y
|move|p2b: Incineroar|Fake Out|p1b: Whimsicott
|-damage|p1b: Whimsicott|83/100
|cant|p1b: Whimsicott|flinch
|move|p2a: Raichu|Zap Cannon|p1a: Charizard
|-supereffective|p1a: Charizard|1
|-crit|p1a: Charizard
|-damage|p1a: Charizard|0 fnt
|faint|p1a: Charizard
|
|upkeep
|
|t:|1783769911
|switch|p1a: Blastoise|Blastoise, L50, M|100/100
|turn|2
|
|t:|1783769919
|switch|p2b: Milotic|Milotic, L50, M|100/100
|detailschange|p1a: Blastoise|Blastoise-Mega, L50, M
|-mega|p1a: Blastoise|Blastoise|Blastoisinite
|move|p1b: Whimsicott|Tailwind|p1b: Whimsicott
|-sidestart|p1: junior weltmeister|move: Tailwind
|move|p1a: Blastoise|Water Spout|p2b: Milotic|[spread] p2a,p2b
|-resisted|p2b: Milotic|1
|-damage|p2a: Raichu|20/100y
|-damage|p2b: Milotic|77/100
|move|p2a: Raichu|Zap Cannon|p1a: Blastoise
|-supereffective|p1a: Blastoise|1
|-damage|p1a: Blastoise|0 fnt
|faint|p1a: Blastoise
|
|-heal|p2b: Milotic|83/100|[from] item: Leftovers
|upkeep
|
|t:|1783769929
|switch|p1a: Vivillon|Vivillon, L50, F|100/100
|turn|3
|
|t:|1783769936
|switch|p2a: Sinistcha|Sinistcha, L50|100/100
|-heal|p2b: Milotic|100/100|[from] ability: Hospitality|[of] p2a: Sinistcha
|move|p2b: Milotic|Protect|p2b: Milotic
|-singleturn|p2b: Milotic|Protect
|move|p1a: Vivillon|Sleep Powder|p2b: Milotic
|-activate|p2b: Milotic|move: Protect
|move|p1b: Whimsicott|Moonblast|p2a: Sinistcha
|-damage|p2a: Sinistcha|66/100
|
|upkeep
|turn|4
|
|t:|1783769949
|move|p1a: Vivillon|Sleep Powder|p2b: Milotic
|-status|p2b: Milotic|slp|[from] move: Sleep Powder
|move|p1b: Whimsicott|Moonblast|p2a: Sinistcha
|-damage|p2a: Sinistcha|30/100
|cant|p2b: Milotic|slp
|move|p2a: Sinistcha|Matcha Gotcha|p1b: Whimsicott|[spread] p1a,p1b
|-resisted|p1a: Vivillon|2
|-resisted|p1b: Whimsicott|1
|-damage|p1a: Vivillon|89/100
|-heal|p2a: Sinistcha|35/100|[from] drain|[of] p1a: Vivillon
|-damage|p1b: Whimsicott|64/100
|-heal|p2a: Sinistcha|43/100|[from] drain|[of] p1b: Whimsicott
|-status|p1b: Whimsicott|brn
|
|-damage|p1b: Whimsicott|58/100 brn|[from] brn
|upkeep
|turn|5
|
|t:|1783769957
|move|p1a: Vivillon|Sleep Powder|p2b: Milotic
|-fail|p2b: Milotic|slp
|move|p1b: Whimsicott|Moonblast|p2a: Sinistcha
|-damage|p2a: Sinistcha|6/100
|-curestatus|p2b: Milotic|slp|[msg]
|move|p2b: Milotic|Muddy Water|p1b: Whimsicott|[spread] p1a,p1b
|-resisted|p1b: Whimsicott|1
|-damage|p1a: Vivillon|44/100
|-damage|p1b: Whimsicott|40/100 brn
|move|p2a: Sinistcha|Matcha Gotcha|p1b: Whimsicott|[spread] p1a,p1b
|-resisted|p1a: Vivillon|2
|-resisted|p1b: Whimsicott|1
|-damage|p1a: Vivillon|34/100
|-heal|p2a: Sinistcha|10/100|[from] drain|[of] p1a: Vivillon
|-damage|p1b: Whimsicott|19/100 brn
|-heal|p2a: Sinistcha|19/100|[from] drain|[of] p1b: Whimsicott
|
|-damage|p1b: Whimsicott|13/100 brn|[from] brn
|-sideend|p1: junior weltmeister|move: Tailwind
|upkeep
|turn|6
|-message|junior weltmeister forfeited.
|raw|junior weltmeister's rating: 1234 → 1199(-35 for losing)
|raw|phuc_lamvgc's rating: 1093 → 1129(+36 for winning)
|
|win|phuc_lamvgc
|l|☆junior weltmeister
|player|p1|
