|j|☆jqrzzz
|j|☆Miss Elysia
|html|jqrzzzMiss Elysia    
|uhtml|bestof|Game 1 of a best-of-3
|t:|1782548255
|gametype|doubles
|player|p1|jqrzzz|170|1048
|player|p2|Miss Elysia|diantha|1051
|gen|9
|tier|[Gen 9 Champions] VGC 2026 Reg M-B (Bo3)
|rated|
|rule|Species Clause: Limit one of each Pokémon
|rule|Item Clause: Limit 1 of each item
|clearpoke
|poke|p1|Raichu, L50, F, shiny|
|poke|p1|Gyarados, L50, M, shiny|
|poke|p1|Mamoswine, L50, M, shiny|
|poke|p1|Ceruledge, L50, F, shiny|
|poke|p1|Clefable, L50, M, shiny|
|poke|p1|Kingambit, L50, F, shiny|
|poke|p2|Swampert, L50, M|
|poke|p2|Archaludon, L50, F|
|poke|p2|Klefki, L50, M|
|poke|p2|Sinistcha, L50|
|poke|p2|Annihilape, L50, F|
|poke|p2|Maushold, L50|
|teampreview|4
|showteam|p1|Raichu||RaichuniteY|Static|ZapCannon,FocusBlast,FakeOut,Protect|Timid||F|||50|]Gyarados||Gyaradosite|Intimidate|Waterfall,PowerWhip,DragonDance,Protect|Adamant||M|||50|]Mamoswine||LifeOrb|Oblivious|HighHorsepower,IceShard,IcicleCrash,Protect|Jolly||M|||50|]Ceruledge||ColburBerry|FlashFire|BitterBlade,ShadowSneak,BulkUp,Protect|Adamant||F|||50|]Clefable||SitrusBerry|Unaware|Moonblast,FollowMe,HelpingHand,Protect|Bold||M|||50|]Kingambit||FocusSash|Defiant|IronHead,KowtowCleave,SuckerPunch,LowKick|Adamant||F|||50|
|showteam|p2|Swampert||Swampertite|Damp|WaveCrash,HighHorsepower,IcePunch,Protect|Adamant||M|||50|]Archaludon||Leftovers|Stamina|DragonPulse,ElectroShot,FlashCannon,Protect|Modest||F|||50|]Klefki||OccaBerry|Prankster|RainDance,LightScreen,Reflect,FoulPlay|Bold||M|||50|]Sinistcha||KasibBerry|Hospitality|RagePowder,LifeDew,TrickRoom,MatchaGotcha|Relaxed|||||50|]Annihilape||SitrusBerry|Defiant|RageFist,DrainPunch,BulkUp,Protect|Adamant||F|||50|]Maushold||ChopleBerry|FriendGuard|BeatUp,FollowMe,SuperFang,Protect|Jolly|||||50|
|inactive|Battle timer is ON: inactive players will automatically lose when time's up. (requested by Miss Elysia)
|inactive|jqrzzz has 60 seconds left.
|inactive|jqrzzz has 30 seconds left.
|inactive|jqrzzz has 20 seconds left.
|inactive|jqrzzz has 15 seconds left.
|inactive|jqrzzz has 10 seconds left.
|inactive|jqrzzz has 5 seconds left.
|
|t:|1782548342
|teamsize|p1|4
|teamsize|p2|4
|start
|switch|p1a: Clefable|Clefable, L50, M, shiny|100/100
|switch|p1b: Ceruledge|Ceruledge, L50, F, shiny|100/100
|switch|p2a: Annihilape|Annihilape, L50, F|100/100
|switch|p2b: Maushold|Maushold, L50|100/100
|turn|1
|inactive|Miss Elysia has 30 seconds left.
|
|t:|1782548367
|move|p2b: Maushold|Super Fang|p1a: Clefable
|-damage|p1a: Clefable|50/100y
|-enditem|p1a: Clefable|Sitrus Berry|[eat]
|-heal|p1a: Clefable|74/100|[from] item: Sitrus Berry
|move|p2a: Annihilape|Bulk Up|p2a: Annihilape
|-boost|p2a: Annihilape|atk|1
|-boost|p2a: Annihilape|def|1
|move|p1b: Ceruledge|Bulk Up|p1b: Ceruledge
|-boost|p1b: Ceruledge|atk|1
|-boost|p1b: Ceruledge|def|1
|move|p1a: Clefable|Moonblast|p2a: Annihilape
|-supereffective|p2a: Annihilape|1
|-damage|p2a: Annihilape|62/100
|
|upkeep
|turn|2
|
|t:|1782548388
|move|p2b: Maushold|Follow Me|p2b: Maushold
|-singleturn|p2b: Maushold|move: Follow Me
|move|p1a: Clefable|Follow Me|p1a: Clefable
|-singleturn|p1a: Clefable|move: Follow Me
|move|p2a: Annihilape|Rage Fist|p1a: Clefable
|-damage|p1a: Clefable|35/100
|move|p1b: Ceruledge|Bulk Up|p1b: Ceruledge
|-boost|p1b: Ceruledge|atk|1
|-boost|p1b: Ceruledge|def|1
|
|upkeep
|turn|3
|
|t:|1782548408
|move|p2b: Maushold|Follow Me|p2b: Maushold
|-singleturn|p2b: Maushold|move: Follow Me
|move|p1a: Clefable|Follow Me|p1a: Clefable
|-singleturn|p1a: Clefable|move: Follow Me
|move|p2a: Annihilape|Rage Fist|p1a: Clefable
|-damage|p1a: Clefable|0 fnt
|faint|p1a: Clefable
|move|p1b: Ceruledge|Bulk Up|p1b: Ceruledge
|-boost|p1b: Ceruledge|atk|1
|-boost|p1b: Ceruledge|def|1
|
|upkeep
|
|t:|1782548425
|switch|p1a: Raichu|Raichu, L50, F, shiny|100/100
|turn|4
|
|t:|1782548440
|switch|p2b: Sinistcha|Sinistcha, L50|100/100
|-heal|p2a: Annihilape|87/100|[from] ability: Hospitality|[of] p2b: Sinistcha
|switch|p1a: Kingambit|Kingambit, L50, F, shiny|100/100
|move|p2a: Annihilape|Protect|p2a: Annihilape
|-singleturn|p2a: Annihilape|Protect
|move|p1b: Ceruledge|Bulk Up|p1b: Ceruledge
|-boost|p1b: Ceruledge|atk|1
|-boost|p1b: Ceruledge|def|1
|
|upkeep
|turn|5
|
|t:|1782548458
|move|p1b: Ceruledge|Protect|p1b: Ceruledge
|-singleturn|p1b: Ceruledge|Protect
|move|p2b: Sinistcha|Rage Powder|p2b: Sinistcha
|-singleturn|p2b: Sinistcha|move: Rage Powder
|move|p2a: Annihilape|Drain Punch|p1a: Kingambit
|-supereffective|p1a: Kingambit|2
|-enditem|p1a: Kingambit|Focus Sash
|-damage|p1a: Kingambit|1/100
|-heal|p2a: Annihilape|100/100|[from] drain|[of] p1a: Kingambit
|move|p1a: Kingambit|Kowtow Cleave|p2b: Sinistcha
|-supereffective|p2b: Sinistcha|1
|-damage|p2b: Sinistcha|12/100
|
|upkeep
|turn|6
|inactive|jqrzzz has 30 seconds left.
|
|t:|1782548490
|move|p1b: Ceruledge|Protect||[still]
|-fail|p1b: Ceruledge
|move|p2b: Sinistcha|Rage Powder|p2b: Sinistcha
|-singleturn|p2b: Sinistcha|move: Rage Powder
|move|p2a: Annihilape|Rage Fist|p1b: Ceruledge
|-supereffective|p1b: Ceruledge|1
|-damage|p1b: Ceruledge|46/100
|move|p1a: Kingambit|Kowtow Cleave|p2b: Sinistcha
|-supereffective|p2b: Sinistcha|1
|-damage|p2b: Sinistcha|0 fnt
|faint|p2b: Sinistcha
|
|upkeep
|
|t:|1782548501
|switch|p2b: Maushold|Maushold, L50|100/100
|turn|7
|
|t:|1782548514
|move|p2b: Maushold|Follow Me|p2b: Maushold
|-singleturn|p2b: Maushold|move: Follow Me
|move|p2a: Annihilape|Rage Fist|p1b: Ceruledge
|-supereffective|p1b: Ceruledge|1
|-damage|p1b: Ceruledge|0 fnt
|faint|p1b: Ceruledge
|move|p1a: Kingambit|Low Kick|p2b: Maushold
|-supereffective|p2b: Maushold|1
|-enditem|p2b: Maushold|Chople Berry|[eat]
|-enditem|p2b: Maushold|Chople Berry|[weaken]
|-damage|p2b: Maushold|88/100
|
|upkeep
|-message|jqrzzz forfeited.
|
|win|Miss Elysia
