|j|☆pandagolin
|j|☆battle sim trainer
|html|pandagolinbattle sim trainer    
|uhtml|bestof|Game 3 of a best-of-3
|t:|1783611782
|gametype|doubles
|player|p1|pandagolin|1|1115
|player|p2|battle sim trainer|turo|1152
|gen|9
|tier|[Gen 9 Champions] VGC 2026 Reg M-B (Bo3)
|rated|
|rule|Species Clause: Limit one of each Pokémon
|rule|Item Clause: Limit 1 of each item
|clearpoke
|poke|p1|Incineroar, L50, M|
|poke|p1|Floette-Eternal, L50, F|
|poke|p1|Blastoise, L50, F|
|poke|p1|Sinistcha, L50|
|poke|p1|Sneasler, L50, M|
|poke|p1|Kingambit, L50, M|
|poke|p2|Swampert, L50, F|
|poke|p2|Pelipper, L50, F|
|poke|p2|Archaludon, L50, M|
|poke|p2|Grimmsnarl, L50, M|
|poke|p2|Sinistcha, L50|
|poke|p2|Greninja, L50, F|
|teampreview|4
|showteam|p1|Incineroar||SitrusBerry|Intimidate|FlareBlitz,ThroatChop,FakeOut,PartingShot|Impish||M|||50|]Floette-Eternal||Floettite|FlowerVeil|DazzlingGleam,DrainingKiss,CalmMind,Protect|Modest||F|||50|]Blastoise||Blastoisinite|Torrent|WaterSpout,AuraSphere,ShellSmash,Protect|Modest||F|||50|]Sinistcha||KasibBerry|Hospitality|MatchaGotcha,RagePowder,TrickRoom,LifeDew|Bold|||||50|]Sneasler||WhiteHerb|Unburden|DireClaw,CloseCombat,QuickGuard,FakeOut|Adamant||M|||50|]Kingambit||BlackBelt|Defiant|KowtowCleave,SuckerPunch,SwordsDance,Protect|Adamant||M|||50|
|showteam|p2|Swampert||Swampertite|Damp|WaveCrash,Earthquake,IcePunch,Protect|Adamant||F|||50|]Pelipper||SitrusBerry|Drizzle|Hurricane,WeatherBall,Tailwind,Protect|Modest||F|||50|]Archaludon||Leftovers|Stamina|ElectroShot,DragonPulse,FlashCannon,Protect|Modest||M|||50|]Grimmsnarl||LightClay|Prankster|SpiritBreak,Reflect,LightScreen,PartingShot|Careful||M|||50|]Sinistcha|||Hospitality|LifeDew,MatchaGotcha,TrickRoom,RagePowder|Bold|||||50|]Greninja||FocusSash|Protean|SludgeWave,FlipTurn,WaterShuriken,DarkPulse|Modest||F|||50|
|inactive|Battle timer is ON: inactive players will automatically lose when time's up. (requested by pandagolin)
|c|☆battle sim trainer|gg
|inactive|battle sim trainer has 60 seconds left.
|
|t:|1783611814
|teamsize|p1|4
|teamsize|p2|4
|start
|switch|p1a: Floette|Floette-Eternal, L50, F|100/100
|switch|p1b: Sneasler|Sneasler, L50, M|100/100
|switch|p2a: Sinistcha|Sinistcha, L50|100/100
|switch|p2b: Pelipper|Pelipper, L50, F|100/100
|-weather|RainDance|[from] ability: Drizzle|[of] p2b: Pelipper
|turn|1
|
|t:|1783611827
|switch|p2b: Swampert|Swampert, L50, F|100/100
|detailschange|p1a: Floette|Floette-Mega, L50, F
|-mega|p1a: Floette|Floette|Floettite
|-ability|p1a: Floette|Fairy Aura
|move|p1b: Sneasler|Fake Out|p2b: Swampert
|-damage|p2b: Swampert|86/100
|move|p1a: Floette|Calm Mind|p1a: Floette
|-boost|p1a: Floette|spa|1
|-boost|p1a: Floette|spd|1
|move|p2a: Sinistcha|Matcha Gotcha|p1a: Floette|[spread] p1a,p1b
|-resisted|p1b: Sneasler|1
|-damage|p1a: Floette|87/100
|-damage|p1b: Sneasler|87/100
|
|-weather|RainDance|[upkeep]
|upkeep
|turn|2
|inactive|battle sim trainer has 30 seconds left.
|
|t:|1783611853
|detailschange|p2b: Swampert|Swampert-Mega, L50, F
|-mega|p2b: Swampert|Swampert|Swampertite
|move|p1a: Floette|Protect|p1a: Floette
|-singleturn|p1a: Floette|Protect
|move|p2b: Swampert|Wave Crash|p1a: Floette
|-activate|p1a: Floette|move: Protect
|move|p1b: Sneasler|Close Combat|p2b: Swampert
|-damage|p2b: Swampert|38/100
|-unboost|p1b: Sneasler|def|1
|-unboost|p1b: Sneasler|spd|1
|-enditem|p1b: Sneasler|White Herb
|-clearnegativeboost|p1b: Sneasler|[silent]
|move|p2a: Sinistcha|Life Dew||[still]|[spread] p2a,p2b
|-fail|p2a: Sinistcha|heal
|-heal|p2b: Swampert|62/100
|
|-weather|RainDance|[upkeep]
|upkeep
|turn|3
|inactive|pandagolin has 30 seconds left.
|inactive|pandagolin has 20 seconds left.
|inactive|pandagolin has 15 seconds left.
|inactive|pandagolin has 10 seconds left.
|
|t:|1783611901
|switch|p1a: Sinistcha|Sinistcha, L50|100/100
|-heal|p1b: Sneasler|100/100|[from] ability: Hospitality|[of] p1a: Sinistcha
|move|p2a: Sinistcha|Rage Powder|p2a: Sinistcha
|-singleturn|p2a: Sinistcha|move: Rage Powder
|move|p1b: Sneasler|Dire Claw|p2a: Sinistcha
|-damage|p2a: Sinistcha|70/100
|move|p2b: Swampert|Wave Crash|p1a: Sinistcha
|-resisted|p1a: Sinistcha|1
|-damage|p1a: Sinistcha|56/100
|-damage|p2b: Swampert|48/100|[from] Recoil
|
|-weather|RainDance|[upkeep]
|upkeep
|turn|4
|inactive|pandagolin has 30 seconds left.
|inactive|battle sim trainer has 30 seconds left.
|inactive|battle sim trainer has 20 seconds left.
|
|t:|1783611940
|switch|p2b: Archaludon|Archaludon, L50, M|100/100
|move|p1b: Sneasler|Dire Claw|p2a: Sinistcha
|-damage|p2a: Sinistcha|41/100
|move|p2a: Sinistcha|Matcha Gotcha|p1b: Sneasler|[spread] p1a,p1b
|-resisted|p1a: Sinistcha|1
|-resisted|p1b: Sneasler|1
|-damage|p1a: Sinistcha|44/100
|-heal|p2a: Sinistcha|47/100|[from] drain|[of] p1a: Sinistcha
|-damage|p1b: Sneasler|85/100
|-heal|p2a: Sinistcha|55/100|[from] drain|[of] p1b: Sneasler
|move|p1a: Sinistcha|Matcha Gotcha|p2b: Archaludon|[spread] p2a
|-miss|p1a: Sinistcha|p2b: Archaludon
|-resisted|p2a: Sinistcha|1
|-damage|p2a: Sinistcha|43/100
|-heal|p1a: Sinistcha|50/100g|[from] drain|[of] p2a: Sinistcha
|
|-weather|RainDance|[upkeep]
|upkeep
|turn|5
|inactive|pandagolin has 30 seconds left.
|inactive|battle sim trainer has 30 seconds left.
|inactive|pandagolin has 20 seconds left.
|inactive|battle sim trainer has 20 seconds left.
|inactive|battle sim trainer has 15 seconds left.
|
|t:|1783611982
|switch|p1b: Floette|Floette-Mega, L50, F|87/100
|-ability|p1b: Floette|Fairy Aura
|move|p2a: Sinistcha|Rage Powder|p2a: Sinistcha
|-singleturn|p2a: Sinistcha|move: Rage Powder
|move|p2b: Archaludon|Electro Shot||[still]
|-prepare|p2b: Archaludon|Electro Shot
|-boost|p2b: Archaludon|spa|1
|-anim|p2b: Archaludon|Electro Shot|p1b: Floette
|-damage|p1b: Floette|41/100
|move|p1a: Sinistcha|Life Dew|p1a: Sinistcha|[spread] p1a,p1b
|-heal|p1a: Sinistcha|75/100
|-heal|p1b: Floette|66/100
|
|-weather|none
|upkeep
|turn|6
|inactive|battle sim trainer has 30 seconds left.
|
|t:|1783612007
|switch|p2a: Pelipper|Pelipper, L50, F|100/100
|-weather|RainDance|[from] ability: Drizzle|[of] p2a: Pelipper
|move|p1a: Sinistcha|Rage Powder|p1a: Sinistcha
|-singleturn|p1a: Sinistcha|move: Rage Powder
|move|p1b: Floette|Calm Mind|p1b: Floette
|-boost|p1b: Floette|spa|1
|-boost|p1b: Floette|spd|1
|move|p2b: Archaludon|Electro Shot||[still]
|-prepare|p2b: Archaludon|Electro Shot
|-boost|p2b: Archaludon|spa|1
|-anim|p2b: Archaludon|Electro Shot|p1a: Sinistcha
|-resisted|p1a: Sinistcha|1
|-damage|p1a: Sinistcha|34/100
|
|-weather|RainDance|[upkeep]
|upkeep
|turn|7
|inactive|pandagolin has 30 seconds left.
|inactive|pandagolin has 20 seconds left.
|
|t:|1783612044
|move|p1a: Sinistcha|Rage Powder|p1a: Sinistcha
|-singleturn|p1a: Sinistcha|move: Rage Powder
|move|p1b: Floette|Draining Kiss|p2b: Archaludon
|-damage|p2b: Archaludon|45/100
|-heal|p1b: Floette|100/100|[from] drain|[of] p2b: Archaludon
|-ability|p2b: Archaludon|Stamina|boost
|-boost|p2b: Archaludon|def|1
|move|p2b: Archaludon|Flash Cannon|p1a: Sinistcha
|-damage|p1a: Sinistcha|0 fnt
|faint|p1a: Sinistcha
|move|p2a: Pelipper|Tailwind|p2a: Pelipper
|-sidestart|p2: battle sim trainer|move: Tailwind
|
|-weather|RainDance|[upkeep]
|-heal|p2b: Archaludon|51/100|[from] item: Leftovers
|upkeep
|
|t:|1783612067
|switch|p1a: Incineroar|Incineroar, L50, M|100/100
|-ability|p1a: Incineroar|Intimidate|boost
|-unboost|p2a: Pelipper|atk|1
|-unboost|p2b: Archaludon|atk|1
|turn|8
|inactive|battle sim trainer has 30 seconds left.
|
|t:|1783612093
|switch|p2a: Sinistcha|Sinistcha, L50|43/100
|-heal|p2b: Archaludon|76/100|[from] ability: Hospitality|[of] p2a: Sinistcha
|move|p2b: Archaludon|Protect|p2b: Archaludon
|-singleturn|p2b: Archaludon|Protect
|move|p1a: Incineroar|Fake Out|p2b: Archaludon
|-activate|p2b: Archaludon|move: Protect
|move|p1b: Floette|Calm Mind|p1b: Floette
|-boost|p1b: Floette|spa|1
|-boost|p1b: Floette|spd|1
|
|-weather|RainDance|[upkeep]
|-heal|p2b: Archaludon|82/100|[from] item: Leftovers
|upkeep
|turn|9
|
|t:|1783612106
|move|p2b: Archaludon|Flash Cannon|p1b: Floette
|-supereffective|p1b: Floette|1
|-damage|p1b: Floette|49/100
|move|p2a: Sinistcha|Matcha Gotcha|p1b: Floette|[spread] p1a,p1b
|-resisted|p1a: Incineroar|1
|-damage|p1a: Incineroar|91/100
|-heal|p2a: Sinistcha|48/100|[from] drain|[of] p1a: Incineroar
|-damage|p1b: Floette|40/100
|-heal|p2a: Sinistcha|53/100|[from] drain|[of] p1b: Floette
|move|p1b: Floette|Draining Kiss|p2b: Archaludon
|-damage|p2b: Archaludon|13/100
|-heal|p1b: Floette|97/100|[from] drain|[of] p2b: Archaludon
|-ability|p2b: Archaludon|Stamina|boost
|-boost|p2b: Archaludon|def|1
|move|p1a: Incineroar|Throat Chop|p2a: Sinistcha
|-supereffective|p2a: Sinistcha|1
|-damage|p2a: Sinistcha|6/100
|-start|p2a: Sinistcha|Throat Chop|[silent]
|
|-weather|RainDance|[upkeep]
|-heal|p2b: Archaludon|19/100|[from] item: Leftovers
|upkeep
|turn|10
|inactive|pandagolin has 30 seconds left.
|inactive|battle sim trainer has 30 seconds left.
|inactive|pandagolin has 20 seconds left.
|inactive|pandagolin has 15 seconds left.
|
|t:|1783612150
|move|p1b: Floette|Protect|p1b: Floette
|-singleturn|p1b: Floette|Protect
|move|p2b: Archaludon|Electro Shot||[still]
|-prepare|p2b: Archaludon|Electro Shot
|-boost|p2b: Archaludon|spa|1
|-anim|p2b: Archaludon|Electro Shot|p1a: Incineroar
|-damage|p1a: Incineroar|13/100
|-enditem|p1a: Incineroar|Sitrus Berry|[eat]
|-heal|p1a: Incineroar|38/100|[from] item: Sitrus Berry
|move|p2a: Sinistcha|Life Dew|p2a: Sinistcha|[spread] p2a,p2b
|-heal|p2a: Sinistcha|31/100
|-heal|p2b: Archaludon|44/100
|move|p1a: Incineroar|Throat Chop|p2a: Sinistcha
|-supereffective|p2a: Sinistcha|1
|-damage|p2a: Sinistcha|0 fnt
|faint|p2a: Sinistcha
|
|-weather|none
|-heal|p2b: Archaludon|50/100g|[from] item: Leftovers
|-sideend|p2: battle sim trainer|move: Tailwind
|upkeep
|
|t:|1783612167
|switch|p2a: Swampert|Swampert-Mega, L50, F|48/100
|turn|11
|inactive|pandagolin has 30 seconds left.
|inactive|battle sim trainer has 30 seconds left.
|
|t:|1783612202
|switch|p2b: Pelipper|Pelipper, L50, F|100/100
|-weather|RainDance|[from] ability: Drizzle|[of] p2b: Pelipper
|move|p2a: Swampert|Wave Crash|p1b: Floette
|-damage|p1b: Floette|0 fnt
|faint|p1b: Floette
|-damage|p2a: Swampert|16/100|[from] Recoil
|move|p1a: Incineroar|Parting Shot|p2a: Swampert
|-unboost|p2a: Swampert|atk|1
|-unboost|p2a: Swampert|spa|1
|
|t:|1783612213
|switch|p1a: Sneasler|Sneasler, L50, M|85/100|[from] Parting Shot
|
|-weather|RainDance|[upkeep]
|upkeep
|
|t:|1783612215
|switch|p1b: Incineroar|Incineroar, L50, M|38/100
|-ability|p1b: Incineroar|Intimidate|boost
|-unboost|p2a: Swampert|atk|1
|-unboost|p2b: Pelipper|atk|1
|turn|12
|inactive|pandagolin has 30 seconds left.
|
|t:|1783612245
|switch|p2a: Archaludon|Archaludon, L50, M|50/100g
|move|p1a: Sneasler|Dire Claw|p2b: Pelipper
|-damage|p2b: Pelipper|56/100
|move|p2b: Pelipper|Hurricane|p1a: Sneasler
|-supereffective|p1a: Sneasler|1
|-damage|p1a: Sneasler|0 fnt
|faint|p1a: Sneasler
|move|p1b: Incineroar|Throat Chop|p2a: Archaludon
|-damage|p2a: Archaludon|28/100
|-start|p2a: Archaludon|Throat Chop|[silent]
|-ability|p2a: Archaludon|Stamina|boost
|-boost|p2a: Archaludon|def|1
|
|-weather|RainDance|[upkeep]
|-heal|p2a: Archaludon|35/100|[from] item: Leftovers
|upkeep
|turn|13
|
|t:|1783612259
|move|p2a: Archaludon|Electro Shot||[still]
|-prepare|p2a: Archaludon|Electro Shot
|-boost|p2a: Archaludon|spa|1
|-anim|p2a: Archaludon|Electro Shot|p1b: Incineroar
|-damage|p1b: Incineroar|0 fnt
|faint|p1b: Incineroar
|
|win|battle sim trainer
|raw|pandagolin's rating: 1115 → 1093(-22 for losing)
|raw|battle sim trainer's rating: 1152 → 1174(+22 for winning)
|c|☆battle sim trainer|ggwp
|c|☆pandagolin|GG.
