|j|☆TipoLucha
|j|☆homerj71
|html|TipoLuchahomerj71    
|uhtml|bestof|Game 2 of a best-of-3
|t:|1785742210
|gametype|doubles
|player|p1|TipoLucha|2|1190
|player|p2|homerj71|1|1152
|gen|9
|tier|[Gen 9 Champions] VGC 2026 Reg M-B (Bo3)
|rated|
|rule|Species Clause: Limit one of each Pokémon
|rule|Item Clause: Limit 1 of each item
|clearpoke
|poke|p1|Whimsicott, L50, F|
|poke|p1|Froslass, L50, F|
|poke|p1|Scizor, L50, M|
|poke|p1|Sneasler, L50, M|
|poke|p1|Tsareena, L50, F|
|poke|p1|Milotic, L50, F|
|poke|p2|Tyranitar, L50, F|
|poke|p2|Staraptor, L50, M|
|poke|p2|Gholdengo, L50|
|poke|p2|Excadrill, L50, M|
|poke|p2|Sinistcha, L50|
|poke|p2|Milotic, L50, F|
|teampreview|4
|showteam|p1|Whimsicott||FocusSash|Prankster|Tailwind,FakeTears,Moonblast,EnergyBall|Timid||F|||50|]Froslass||Froslassite|SnowCloak|Blizzard,ShadowBall,Protect,Psychic|Timid||F|||50|]Scizor||Scizorite|Technician|BugBite,BulletPunch,BrickBreak,Protect|Adamant||M|||50|]Sneasler||WhiteHerb|Unburden|CloseCombat,RockSlide,DireClaw,FakeOut|Adamant||M|||50|]Tsareena||SitrusBerry|QueenlyMajesty|TropKick,LowKick,TripleAxel,Protect|Adamant||F|||50|]Milotic||MysticWater|Competitive|Scald,IceBeam,Protect,IcyWind|Modest||F|||50|
|showteam|p2|Tyranitar||Tyranitarite|SandStream|KnockOff,RockSlide,Protect,LowKick|Jolly||F|||50|]Staraptor||Staraptite|Intimidate|DualWingbeat,CloseCombat,Protect,Tailwind|Jolly||M|||50|]Gholdengo||LifeOrb|GoodasGold|MakeItRain,NastyPlot,Protect,ShadowBall|Timid|||||50|]Excadrill||FocusSash|SandRush|HighHorsepower,IronHead,RockSlide,Protect|Adamant||M|||50|]Sinistcha||SitrusBerry|Hospitality|MatchaGotcha,RagePowder,ShadowBall,Protect|Calm|||||50|]Milotic||Leftovers|Competitive|Scald,IcyWind,Protect,IceBeam|Modest||F|||50|
|inactive|Battle timer is ON: inactive players will automatically lose when time's up. (requested by homerj71)
|inactive|TipoLucha has 60 seconds left.
|inactive|homerj71 has 60 seconds left.
|
|t:|1785742253
|teamsize|p1|4
|teamsize|p2|4
|start
|switch|p1a: Milotic|Milotic, L50, F|100/100
|switch|p1b: Froslass|Froslass, L50, F|100/100
|switch|p2a: Gholdengo|Gholdengo, L50|100/100
|switch|p2b: Tyranitar|Tyranitar, L50, F|100/100
|-weather|Sandstorm|[from] ability: Sand Stream|[of] p2b: Tyranitar
|turn|1
|inactive|homerj71 has 30 seconds left.
|
|t:|1785742282
|detailschange|p1b: Froslass|Froslass-Mega, L50, F
|-mega|p1b: Froslass|Froslass|Froslassite
|-weather|Snowscape|[from] ability: Snow Warning|[of] p1b: Froslass
|detailschange|p2b: Tyranitar|Tyranitar-Mega, L50, F
|-mega|p2b: Tyranitar|Tyranitar|Tyranitarite
|-weather|Sandstorm|[from] ability: Sand Stream|[of] p2b: Tyranitar
|move|p1b: Froslass|Shadow Ball|p2a: Gholdengo
|-supereffective|p2a: Gholdengo|1
|-damage|p2a: Gholdengo|3/100
|move|p2a: Gholdengo|Shadow Ball|p1b: Froslass
|-supereffective|p1b: Froslass|1
|-damage|p1b: Froslass|0 fnt
|faint|p1b: Froslass
|-damage|p2a: Gholdengo|0 fnt|[from] item: Life Orb
|faint|p2a: Gholdengo
|move|p2b: Tyranitar|Knock Off|p1a: Milotic
|-damage|p1a: Milotic|43/100
|-enditem|p1a: Milotic|Mystic Water|[from] move: Knock Off|[of] p2b: Tyranitar
|move|p1a: Milotic|Scald|p2b: Tyranitar
|-supereffective|p2b: Tyranitar|1
|-damage|p2b: Tyranitar|54/100
|-status|p2b: Tyranitar|brn
|
|-weather|Sandstorm|[upkeep]
|-damage|p1a: Milotic|37/100|[from] Sandstorm
|-damage|p2b: Tyranitar|48/100 brn|[from] brn
|upkeep
|inactive|TipoLucha has 30 seconds left.
|inactive|TipoLucha has 20 seconds left.
|inactive|TipoLucha has 15 seconds left.
|
|t:|1785742326
|switch|p1b: Sneasler|Sneasler, L50, M|100/100
|switch|p2a: Sinistcha|Sinistcha, L50|100/100
|-heal|p2b: Tyranitar|73/100 brn|[from] ability: Hospitality|[of] p2a: Sinistcha
|turn|2
|
|t:|1785742347
|move|p2b: Tyranitar|Protect|p2b: Tyranitar
|-singleturn|p2b: Tyranitar|Protect
|move|p1b: Sneasler|Fake Out|p2b: Tyranitar
|-activate|p2b: Tyranitar|move: Protect
|move|p1a: Milotic|Ice Beam|p2a: Sinistcha
|-supereffective|p2a: Sinistcha|1
|-damage|p2a: Sinistcha|44/100
|-enditem|p2a: Sinistcha|Sitrus Berry|[eat]
|-heal|p2a: Sinistcha|69/100|[from] item: Sitrus Berry
|move|p2a: Sinistcha|Matcha Gotcha|p1a: Milotic|[spread] p1a
|-miss|p2a: Sinistcha|p1b: Sneasler
|-supereffective|p1a: Milotic|1
|-damage|p1a: Milotic|1/100
|-heal|p2a: Sinistcha|89/100|[from] drain|[of] p1a: Milotic
|
|-weather|Sandstorm|[upkeep]
|-damage|p1b: Sneasler|94/100|[from] Sandstorm
|-damage|p1a: Milotic|0 fnt|[from] Sandstorm
|-damage|p2a: Sinistcha|83/100|[from] Sandstorm
|faint|p1a: Milotic
|-damage|p2b: Tyranitar|67/100 brn|[from] brn
|upkeep
|
|t:|1785742351
|switch|p1a: Whimsicott|Whimsicott, L50, F|100/100
|turn|3
|
|t:|1785742370
|move|p1a: Whimsicott|Fake Tears|p2a: Sinistcha
|-unboost|p2a: Sinistcha|spd|2
|move|p1b: Sneasler|Close Combat|p2b: Tyranitar
|-supereffective|p2b: Tyranitar|2
|-damage|p2b: Tyranitar|0 fnt
|-unboost|p1b: Sneasler|def|1
|-unboost|p1b: Sneasler|spd|1
|faint|p2b: Tyranitar
|-enditem|p1b: Sneasler|White Herb
|-clearnegativeboost|p1b: Sneasler|[silent]
|move|p2a: Sinistcha|Shadow Ball|p1b: Sneasler
|-damage|p1b: Sneasler|47/100
|
|-weather|Sandstorm|[upkeep]
|-damage|p1b: Sneasler|42/100|[from] Sandstorm
|-damage|p1a: Whimsicott|94/100|[from] Sandstorm
|-damage|p2a: Sinistcha|77/100|[from] Sandstorm
|upkeep
|
|t:|1785742383
|switch|p2b: Staraptor|Staraptor, L50, M|100/100
|-ability|p2b: Staraptor|Intimidate|boost
|-unboost|p1a: Whimsicott|atk|1
|-unboost|p1b: Sneasler|atk|1
|turn|4
|
|t:|1785742394
|move|p1b: Sneasler|Rock Slide|p2b: Staraptor|[spread] p2a,p2b
|-supereffective|p2b: Staraptor|1
|-damage|p2a: Sinistcha|63/100
|-damage|p2b: Staraptor|64/100
|move|p1a: Whimsicott|Moonblast|p2a: Sinistcha
|-damage|p2a: Sinistcha|0 fnt
|faint|p2a: Sinistcha
|cant|p2b: Staraptor|flinch
|
|-weather|Sandstorm|[upkeep]
|-damage|p1b: Sneasler|36/100|[from] Sandstorm
|-damage|p1a: Whimsicott|88/100|[from] Sandstorm
|-damage|p2b: Staraptor|58/100|[from] Sandstorm
|upkeep
|turn|5
|inactive|TipoLucha has 30 seconds left.
|
|t:|1785742426
|move|p1b: Sneasler|Rock Slide|p2b: Staraptor
|-supereffective|p2b: Staraptor|1
|-damage|p2b: Staraptor|4/100
|move|p1a: Whimsicott|Moonblast|p2b: Staraptor
|-damage|p2b: Staraptor|0 fnt
|faint|p2b: Staraptor
|
|win|TipoLucha
|raw|TipoLucha's rating: 1190 → 1212(+22 for winning)
|raw|homerj71's rating: 1152 → 1130(-22 for losing)
