|j|‽Livnlarge27
|j|☆FakeOutPlot
|html|Livnlarge27FakeOutPlot    
|uhtml|bestof|Game 2 of a best-of-3
|t:|1757178716
|gametype|doubles
|player|p1|Livnlarge27|red|1602
|player|p2|FakeOutPlot|iris|1471
|gen|9
|tier|[Gen 9] VGC 2025 Reg H (Bo3)
|rated|
|rule|Species Clause: Limit one of each Pokémon
|rule|Item Clause: Limit 1 of each item
|clearpoke
|poke|p1|Blastoise, L50, M|
|poke|p1|Sneasler, L50, F|
|poke|p1|Indeedee-F, L50, F|
|poke|p1|Annihilape, L50, F|
|poke|p1|Dragonite, L50, F|
|poke|p1|Delphox, L50, F|
|poke|p2|Gholdengo, L50|
|poke|p2|Incineroar, L50, M|
|poke|p2|Sneasler, L50, M|
|poke|p2|Rillaboom, L50, F|
|poke|p2|Ursaluna-Bloodmoon, L50, M|
|poke|p2|Dragonite, L50, F|
|teampreview|4
|showteam|p1|Blastoise||MysticWater|Torrent|Protect,WaterSpout,WaterPledge,ShellSmash|||M|||50|,,,,,Water]Sneasler||PsychicSeed|Unburden|FakeOut,CloseCombat,DireClaw,ThroatChop|||F|||50|,,,,,Dark]Indeedee-F||SafetyGoggles|PsychicSurge|FollowMe,HelpingHand,Imprison,TrickRoom|||F|||50|,,,,,Water]Annihilape||SitrusBerry|Defiant|CloseCombat,RageFist,Taunt,FinalGambit|||F|||50|,,,,,Fairy]Dragonite||LoadedDice|Multiscale|ScaleShot,Tailwind,Protect,Haze|||F|||50|,,,,,Steel]Delphox||LifeOrb|Blaze|ExpandingForce,HeatWave,Protect,GrassKnot|||F|||50|,,,,,Grass
|showteam|p2|Gholdengo||LifeOrb|GoodasGold|MakeItRain,ShadowBall,NastyPlot,Protect||||||50|,,,,,Water]Incineroar||SafetyGoggles|Intimidate|FlareBlitz,KnockOff,PartingShot,FakeOut|||M|||50|,,,,,Ghost]Sneasler||FocusSash|PoisonTouch|CloseCombat,DireClaw,FakeOut,Protect|||M|||50|,,,,,Stellar]Rillaboom||AssaultVest|GrassySurge|WoodHammer,GrassyGlide,FakeOut,HighHorsepower|||F|||50|,,,,,Fire]Ursaluna-Bloodmoon||Leftovers|MindsEye|BloodMoon,EarthPower,CalmMind,Protect|||M|||50|,,,,,Electric]Dragonite||LoadedDice|Multiscale|ScaleShot,Tailwind,Haze,Protect|||F|||50|,,,,,Steel
|inactive|Battle timer is ON: inactive players will automatically lose when time's up. (requested by Livnlarge27)
|
|t:|1757178748
|teamsize|p1|4
|teamsize|p2|4
|start
|switch|p1a: Blastoise|Blastoise, L50, M|100/100
|switch|p1b: Indeedee|Indeedee-F, L50, F|100/100
|switch|p2a: Sneasler|Sneasler, L50, M|100/100
|switch|p2b: Gholdengo|Gholdengo, L50, shiny|100/100
|-fieldstart|move: Psychic Terrain|[from] ability: Psychic Surge|[of] p1b: Indeedee
|turn|1
|
|t:|1757178761
|switch|p2b: Rillaboom|Rillaboom, L50, F|100/100
|-fieldstart|move: Grassy Terrain|[from] ability: Grassy Surge|[of] p2b: Rillaboom
|switch|p1a: Annihilape|Annihilape, L50, F|100/100
|switch|p1b: Sneasler|Sneasler, L50, F|100/100
|move|p2a: Sneasler|Fake Out|p1a: Annihilape
|-immune|p1a: Annihilape
|
|upkeep
|turn|2
|
|t:|1757178779
|switch|p2b: Gholdengo|Gholdengo, L50, shiny|100/100
|move|p1b: Sneasler|Fake Out|p2a: Sneasler
|-damage|p2a: Sneasler|74/100
|cant|p2a: Sneasler|flinch
|move|p1a: Annihilape|Final Gambit|p2b: Gholdengo
|-immune|p2b: Gholdengo
|
|-heal|p2a: Sneasler|79/100|[from] Grassy Terrain
|upkeep
|turn|3
|
|t:|1757178794
|move|p2b: Gholdengo|Protect|p2b: Gholdengo
|-singleturn|p2b: Gholdengo|Protect
|move|p2a: Sneasler|Dire Claw|p1b: Sneasler
|-resisted|p1b: Sneasler
|-damage|p1b: Sneasler|66/100
|move|p1b: Sneasler|Dire Claw|p2a: Sneasler
|-resisted|p2a: Sneasler
|-damage|p2a: Sneasler|38/100
|move|p1a: Annihilape|Rage Fist|p2a: Sneasler
|-damage|p2a: Sneasler|4/100
|
|-heal|p2a: Sneasler|10/100|[from] Grassy Terrain
|-heal|p1b: Sneasler|71/100|[from] Grassy Terrain
|upkeep
|turn|4
|
|t:|1757178813
|move|p2a: Sneasler|Dire Claw|p1b: Sneasler
|-resisted|p1b: Sneasler
|-damage|p1b: Sneasler|36/100
|move|p1b: Sneasler|Close Combat|p2b: Gholdengo
|-immune|p2b: Gholdengo
|move|p1a: Annihilape|Rage Fist|p2b: Gholdengo
|-supereffective|p2b: Gholdengo
|-damage|p2b: Gholdengo|56/100
|move|p2b: Gholdengo|Shadow Ball|p1a: Annihilape
|-supereffective|p1a: Annihilape
|-damage|p1a: Annihilape|3/100
|-enditem|p1a: Annihilape|Sitrus Berry|[eat]
|-heal|p1a: Annihilape|28/100|[from] item: Sitrus Berry
|-damage|p2b: Gholdengo|46/100|[from] item: Life Orb
|
|-heal|p2a: Sneasler|16/100|[from] Grassy Terrain
|-heal|p1b: Sneasler|42/100|[from] Grassy Terrain
|-heal|p1a: Annihilape|34/100|[from] Grassy Terrain
|-heal|p2b: Gholdengo|52/100|[from] Grassy Terrain
|upkeep
|turn|5
|inactive|Livnlarge27 has 30 seconds left.
|
|t:|1757178842
|switch|p1a: Indeedee|Indeedee-F, L50, F|100/100
|-fieldstart|move: Psychic Terrain|[from] ability: Psychic Surge|[of] p1a: Indeedee
|-enditem|p1b: Sneasler|Psychic Seed
|-boost|p1b: Sneasler|spd|1|[from] item: Psychic Seed
|switch|p2b: Dragonite|Dragonite, L50, F|100/100
|move|p1b: Sneasler|Dire Claw|p2a: Sneasler
|-resisted|p2a: Sneasler
|-damage|p2a: Sneasler|0 fnt
|faint|p2a: Sneasler
|
|upkeep
|
|t:|1757178846
|switch|p2a: Rillaboom|Rillaboom, L50, F|100/100
|-fieldstart|move: Grassy Terrain|[from] ability: Grassy Surge|[of] p2a: Rillaboom
|turn|6
|inactive|Livnlarge27 has 30 seconds left.
|
|t:|1757178874
|move|p2a: Rillaboom|Fake Out|p1b: Sneasler
|-damage|p1b: Sneasler|17/100
|move|p1a: Indeedee|Follow Me|p1a: Indeedee
|-singleturn|p1a: Indeedee|move: Follow Me
|cant|p1b: Sneasler|flinch
|move|p2b: Dragonite|Scale Shot|p1a: Indeedee
|-damage|p1a: Indeedee|85/100
|-damage|p1a: Indeedee|70/100
|-damage|p1a: Indeedee|56/100
|-damage|p1a: Indeedee|43/100
|-damage|p1a: Indeedee|29/100
|-hitcount|p1a: Indeedee|5
|-unboost|p2b: Dragonite|def|1
|-boost|p2b: Dragonite|spe|1
|
|-heal|p1b: Sneasler|22/100|[from] Grassy Terrain
|-heal|p1a: Indeedee|35/100|[from] Grassy Terrain
|upkeep
|turn|7
|
|t:|1757178897
|-terastallize|p2a: Rillaboom|Fire
|move|p1a: Indeedee|Helping Hand|p1b: Sneasler
|-singleturn|p1b: Sneasler|Helping Hand|[of] p1a: Indeedee
|move|p2a: Rillaboom|Grassy Glide|p1b: Sneasler
|-resisted|p1b: Sneasler
|-damage|p1b: Sneasler|0 fnt
|faint|p1b: Sneasler
|move|p2b: Dragonite|Scale Shot|p1a: Indeedee
|-damage|p1a: Indeedee|19/100
|-damage|p1a: Indeedee|4/100
|-damage|p1a: Indeedee|0 fnt
|faint|p1a: Indeedee
|-hitcount|p1: Indeedee|3
|-unboost|p2b: Dragonite|def|1
|-boost|p2b: Dragonite|spe|1
|
|upkeep
|
|t:|1757178905
|switch|p1b: Annihilape|Annihilape, L50, F|34/100
|switch|p1a: Blastoise|Blastoise, L50, M|100/100
|turn|8
|
|t:|1757178918
|-terastallize|p1b: Annihilape|Fairy
|move|p2b: Dragonite|Tailwind|p2b: Dragonite
|-sidestart|p2: FakeOutPlot|move: Tailwind
|move|p2a: Rillaboom|Wood Hammer|p1b: Annihilape
|-damage|p1b: Annihilape|0 fnt
|faint|p1b: Annihilape
|-damage|p2a: Rillaboom|88/100|[from] Recoil
|move|p1a: Blastoise|Water Pledge|p2a: Rillaboom
|-supereffective|p2a: Rillaboom
|-damage|p2a: Rillaboom|25/100
|
|-heal|p2a: Rillaboom|31/100|[from] Grassy Terrain
|upkeep
|turn|9
|-message|Livnlarge27 forfeited.
|
|win|FakeOutPlot
|raw|Livnlarge27's rating: 1602 → 1575(-27 for losing)
|raw|FakeOutPlot's rating: 1471 → 1498(+27 for winning)
|l|‽Livnlarge27
|player|p1|
