|j|☆Jakobtc
|j|☆ConnerTEP
|html|JakobtcConnerTEP    
|uhtml|bestof|Game 1 of a best-of-3
|t:|1757730420
|gametype|doubles
|player|p1|Jakobtc|riley|1213
|player|p2|ConnerTEP|clair-masters|1354
|gen|9
|tier|[Gen 9] VGC 2025 Reg H (Bo3)
|rated|
|rule|Species Clause: Limit one of each Pokémon
|rule|Item Clause: Limit 1 of each item
|clearpoke
|poke|p1|Drifblim, L50, F|
|poke|p1|Indeedee, L50, M|
|poke|p1|Arcanine-Hisui, L50, M|
|poke|p1|Garchomp, L50, F|
|poke|p1|Amoonguss, L50, M|
|poke|p1|Primarina, L50, F|
|poke|p2|Weezing, L50, F|
|poke|p2|Slaking, L50, M|
|poke|p2|Incineroar, L50, F|
|poke|p2|Ninetales-Alola, L50, F|
|poke|p2|Palafin, L50, M|
|poke|p2|Volcarona, L50, F|
|teampreview|4
|showteam|p1|Drifblim||PsychicSeed|Unburden|Tailwind,StrengthSap,WillOWisp,Acrobatics|||F|||50|,,,,,Grass]Indeedee||FocusSash|PsychicSurge|ExpandingForce,TeraBlast,SkillSwap,Protect|||M|||50|,,,,,Fighting]Arcanine-Hisui||ChoiceBand|Intimidate|RockSlide,FlareBlitz,ExtremeSpeed,CloseCombat|||M|||50|,,,,,Grass]Garchomp||LifeOrb|RoughSkin|StompingTantrum,DragonClaw,Earthquake,Protect|||F|||50|,,,,,Ground]Amoonguss||SitrusBerry|Regenerator|Spore,LeafStorm,RagePowder,Protect|||M|||50|,,,,,Water]Primarina||MysticWater|LiquidVoice|HyperVoice,Moonblast,Haze,Protect|||F|||50|,,,,,Steel
|showteam|p2|Weezing||SitrusBerry|NeutralizingGas|SludgeBomb,WillOWisp,Taunt,Protect|||F|||50|,,,,,Dark]Slaking||LifeOrb|Truant|DoubleEdge,HighHorsepower,SuckerPunch,Protect|||M|||50|,,,,,Ghost]Incineroar||AbilityShield|Intimidate|FlareBlitz,KnockOff,PartingShot,FakeOut|||F|||50|,,,,,Grass]Ninetales-Alola||ChoiceSpecs|SnowWarning|Blizzard,Moonblast,FreezeDry,IcyWind|||F|||50|,,,,,Ice]Palafin||AssaultVest|ZerotoHero|WaveCrash,JetPunch,CloseCombat,FlipTurn|||M|||50|,,,,,Dragon]Volcarona||SafetyGoggles|FlameBody|HeatWave,TeraBlast,QuiverDance,Protect|||F|||50|,,,,,Fairy
|inactive|Battle timer is ON: inactive players will automatically lose when time's up. (requested by ConnerTEP)
|c|☆Jakobtc|glhfg
|j| We_Are_Toasted
|inactive|Jakobtc has 60 seconds left.
|inactive|ConnerTEP has 60 seconds left.
|l| We_Are_Toasted
|
|t:|1757730470
|teamsize|p1|4
|teamsize|p2|4
|start
|switch|p1a: Drifblim|Drifblim, L50, F|100/100
|switch|p1b: Primarina|Primarina, L50, F|100/100
|switch|p2a: Ninetales|Ninetales-Alola, L50, F|100/100
|switch|p2b: Palafin|Palafin, L50, M|100/100
|-weather|Snowscape|[from] ability: Snow Warning|[of] p2a: Ninetales
|turn|1
|inactive|Jakobtc has 30 seconds left.
|inactive|Jakobtc has 20 seconds left.
|
|t:|1757730507
|switch|p1a: Indeedee|Indeedee, L50, M|100/100
|-fieldstart|move: Psychic Terrain|[from] ability: Psychic Surge|[of] p1a: Indeedee
|move|p2a: Ninetales|Blizzard|p1a: Indeedee|[spread] p1a,p1b
|-resisted|p1b: Primarina
|-crit|p1b: Primarina
|-damage|p1a: Indeedee|36/100
|-damage|p1b: Primarina|70/100
|move|p2b: Palafin|Flip Turn|p1b: Primarina
|-resisted|p1b: Primarina
|-damage|p1b: Primarina|58/100
|
|t:|1757730517
|detailschange|p2b: Palafin|Palafin-Hero, L50, M
|switch|p2b: Weezing|Weezing, L50, F|100/100|[from] Flip Turn
|-ability|p2b: Weezing|Neutralizing Gas
|move|p1b: Primarina|Hyper Voice|p2b: Weezing|[spread] p2a,p2b
|-damage|p2a: Ninetales|72/100
|-damage|p2b: Weezing|81/100
|
|-weather|Snowscape|[upkeep]
|upkeep
|turn|2
|
|t:|1757730537
|switch|p1b: Arcanine|Arcanine-Hisui, L50, M|100/100
|move|p1a: Indeedee|Protect|p1a: Indeedee
|-singleturn|p1a: Indeedee|Protect
|move|p2a: Ninetales|Blizzard|p1a: Indeedee|[spread] p1b
|-activate|p1a: Indeedee|move: Protect
|-resisted|p1b: Arcanine
|-damage|p1b: Arcanine|72/100
|move|p2b: Weezing|Sludge Bomb|p1a: Indeedee
|-activate|p1a: Indeedee|move: Protect
|
|-weather|Snowscape|[upkeep]
|upkeep
|turn|3
|
|t:|1757730550
|switch|p1a: Drifblim|Drifblim, L50, F|100/100
|-enditem|p1a: Drifblim|Psychic Seed
|-boost|p1a: Drifblim|spd|1|[from] item: Psychic Seed
|-end|p2b: Weezing|ability: Neutralizing Gas
|-ability|p1b: Arcanine|Intimidate|boost
|-unboost|p2a: Ninetales|atk|1
|-unboost|p2b: Weezing|atk|1
|switch|p2b: Palafin|Palafin-Hero, L50, M|100/100
|-activate|p2b: Palafin|ability: Zero to Hero
|move|p2a: Ninetales|Blizzard|p1a: Drifblim|[spread] p1a,p1b
|-supereffective|p1a: Drifblim
|-resisted|p1b: Arcanine
|-damage|p1a: Drifblim|38/100
|-damage|p1b: Arcanine|44/100
|move|p1b: Arcanine|Rock Slide|p2b: Palafin|[spread] p2a,p2b
|-supereffective|p2a: Ninetales
|-damage|p2a: Ninetales|0 fnt
|-damage|p2b: Palafin|58/100
|faint|p2a: Ninetales
|
|-weather|Snowscape|[upkeep]
|upkeep
|
|t:|1757730568
|switch|p2a: Slaking|Slaking, L50, M|100/100
|turn|4
|
|t:|1757730587
|switch|p1b: Indeedee|Indeedee, L50, M|36/100
|move|p2b: Palafin|Jet Punch|p1a: Drifblim
|-hint|Psychic Terrain doesn't affect Pokémon immune to Ground.
|-damage|p1a: Drifblim|0 fnt
|faint|p1a: Drifblim
|move|p2a: Slaking|High Horsepower|p1b: Indeedee
|-damage|p1b: Indeedee|0 fnt
|faint|p1b: Indeedee
|-damage|p2a: Slaking|91/100|[from] item: Life Orb
|
|-weather|Snowscape|[upkeep]
|upkeep
|
|t:|1757730597
|switch|p1b: Primarina|Primarina, L50, F|58/100
|switch|p1a: Arcanine|Arcanine-Hisui, L50, M|44/100
|-ability|p1a: Arcanine|Intimidate|boost
|-unboost|p2a: Slaking|atk|1
|-unboost|p2b: Palafin|atk|1
|turn|5
|inactive|Jakobtc has 30 seconds left.
|inactive|Jakobtc has 20 seconds left.
|inactive|Jakobtc has 15 seconds left.
|
|t:|1757730641
|switch|p2b: Weezing|Weezing, L50, F|81/100
|-ability|p2b: Weezing|Neutralizing Gas
|-terastallize|p1b: Primarina|Steel
|move|p2a: Slaking|High Horsepower|p1a: Arcanine
|-supereffective|p1a: Arcanine
|-damage|p1a: Arcanine|0 fnt
|faint|p1a: Arcanine
|-damage|p2a: Slaking|81/100|[from] item: Life Orb
|move|p1b: Primarina|Moonblast|p2a: Slaking
|-damage|p2a: Slaking|29/100
|-unboost|p2a: Slaking|spa|1
|
|-weather|none
|-fieldend|move: Psychic Terrain
|upkeep
|turn|6
|
|t:|1757730658
|move|p2a: Slaking|High Horsepower|p1b: Primarina
|-supereffective|p1b: Primarina
|-damage|p1b: Primarina|0 fnt
|faint|p1b: Primarina
|-damage|p2a: Slaking|19/100|[from] item: Life Orb
|
|win|ConnerTEP
||ConnerTEP is ready for game 2.
