|j|☆loveforvgc
|j|☆Pumpkinman
|html|loveforvgcPumpkinman    
|uhtml|bestof|Game 1 of a best-of-3
|t:|1757020072
|gametype|doubles
|player|p1|loveforvgc|ghetsis|1087
|player|p2|Pumpkinman|cyclist-gen4|1153
|gen|9
|tier|[Gen 9] VGC 2025 Reg H (Bo3)
|rated|
|rule|Species Clause: Limit one of each Pokémon
|rule|Item Clause: Limit 1 of each item
|clearpoke
|poke|p1|Kingambit, L50, M|
|poke|p1|Sneasler, L50, M|
|poke|p1|Rillaboom, L50, M|
|poke|p1|Dragonite, L50, M|
|poke|p1|Volcarona, L50, F|
|poke|p1|Electabuzz, L50, F|
|poke|p2|Charizard, L50, M|
|poke|p2|Torkoal, L50, M|
|poke|p2|Porygon2, L50|
|poke|p2|Incineroar, L50, F|
|poke|p2|Jumpluff, L50, M|
|poke|p2|Ursaluna, L50, F|
|teampreview|4
|showteam|p1|Kingambit||BlackGlasses|Defiant|KowtowCleave,SuckerPunch,SwordsDance,Protect|||M|||50|,,,,,Ghost]Sneasler||FocusSash|Unburden|FakeOut,CloseCombat,DireClaw,Coaching|||M|||50|,,,,,Stellar]Rillaboom||AssaultVest|GrassySurge|FakeOut,WoodHammer,GrassyGlide,HighHorsepower|||M|||50|,,,,,Fire]Dragonite||LoadedDice|Multiscale|ScaleShot,ExtremeSpeed,Haze,Protect|||M|||50|,,,,,Fairy]Volcarona||Leftovers|FlameBody|HeatWave,TeraBlast,QuiverDance,Protect|||F|||50|,,,,,Fairy]Electabuzz||Eviolite|VitalSpirit|Electroweb,FollowMe,Taunt,Protect|||F|||50|,,,,,Dragon
|showteam|p2|Charizard||ChoiceSpecs|SolarPower|HeatWave,Overheat,WeatherBall,AirSlash|||M|||50|,,,,,Ghost]Torkoal||EjectPack|Drought|Eruption,Overheat,HelpingHand,Protect|||M|||50|,,,,,Fire]Porygon2||Eviolite|Download|TeraBlast,IceBeam,Recover,TrickRoom||||||50|,,,,,Fighting]Incineroar||SitrusBerry|Intimidate|FlareBlitz,KnockOff,FakeOut,PartingShot|||F|||50|,,,,,Ghost]Jumpluff||CovertCloak|Chlorophyll|SleepPowder,SunnyDay,RagePowder,Tailwind|||M|||50|,,,,,Water]Ursaluna||FlameOrb|Guts|HeadlongRush,Facade,Earthquake,Protect|||F|||50|,,,,,Ghost
|inactive|Battle timer is ON: inactive players will automatically lose when time's up. (requested by Pumpkinman)
|inactive|loveforvgc has 60 seconds left.
|inactive|Pumpkinman has 60 seconds left.
|inactive|Pumpkinman has 30 seconds left.
|
|t:|1757020142
|teamsize|p1|4
|teamsize|p2|4
|start
|switch|p1a: 1000volt|Electabuzz, L50, F|100/100
|switch|p1b: Skydragon|Dragonite, L50, M|100/100
|switch|p2a: Porygon2|Porygon2, L50|100/100
|switch|p2b: Torkoal|Torkoal, L50, M|100/100
|-ability|p2a: Porygon2|Download|boost
|-boost|p2a: Porygon2|atk|1
|-weather|SunnyDay|[from] ability: Drought|[of] p2b: Torkoal
|turn|1
|inactive|Pumpkinman has 30 seconds left.
|
|t:|1757020176
|switch|p2a: Incineroar|Incineroar, L50, F|100/100
|-ability|p2a: Incineroar|Intimidate|boost
|-unboost|p1a: 1000volt|atk|1
|-unboost|p1b: Skydragon|atk|1
|move|p1a: 1000volt|Taunt|p2a: Incineroar
|-start|p2a: Incineroar|move: Taunt
|move|p1b: Skydragon|Scale Shot|p2b: Torkoal
|-damage|p2b: Torkoal|93/100
|-damage|p2b: Torkoal|85/100
|-damage|p2b: Torkoal|77/100
|-damage|p2b: Torkoal|70/100
|-hitcount|p2b: Torkoal|4
|-unboost|p1b: Skydragon|def|1
|-boost|p1b: Skydragon|spe|1
|move|p2b: Torkoal|Eruption|p1b: Skydragon|[spread] p1a,p1b
|-resisted|p1b: Skydragon
|-damage|p1a: 1000volt|58/100
|-damage|p1b: Skydragon|86/100
|
|-weather|SunnyDay|[upkeep]
|upkeep
|turn|2
|inactive|Pumpkinman has 30 seconds left.
|inactive|loveforvgc has 30 seconds left.
|inactive|Pumpkinman has 20 seconds left.
|inactive|Pumpkinman has 15 seconds left.
|
|t:|1757020221
|move|p1b: Skydragon|Protect|p1b: Skydragon
|-singleturn|p1b: Skydragon|Protect
|move|p1a: 1000volt|Protect|p1a: 1000volt
|-singleturn|p1a: 1000volt|Protect
|move|p2a: Incineroar|Knock Off|p1a: 1000volt
|-activate|p1a: 1000volt|move: Protect
|move|p2b: Torkoal|Eruption|p1b: Skydragon|[spread] 
|-activate|p1a: 1000volt|move: Protect
|-activate|p1b: Skydragon|move: Protect
|
|-weather|SunnyDay|[upkeep]
|upkeep
|turn|3
|inactive|Pumpkinman has 30 seconds left.
|inactive|Pumpkinman has 20 seconds left.
|inactive|Pumpkinman has 15 seconds left.
|inactive|Pumpkinman has 10 seconds left.
|
|t:|1757020271
|move|p1b: Skydragon|Scale Shot|p2a: Incineroar
|-damage|p2a: Incineroar|92/100
|-damage|p2a: Incineroar|82/100
|-damage|p2a: Incineroar|72/100
|-damage|p2a: Incineroar|61/100
|-hitcount|p2a: Incineroar|4
|-unboost|p1b: Skydragon|def|1
|-boost|p1b: Skydragon|spe|1
|move|p1a: 1000volt|Electroweb|p2a: Incineroar|[spread] p2a
|-miss|p1a: 1000volt|p2b: Torkoal
|-damage|p2a: Incineroar|49/100
|-unboost|p2a: Incineroar|spe|1
|-enditem|p2a: Incineroar|Sitrus Berry|[eat]
|-heal|p2a: Incineroar|74/100|[from] item: Sitrus Berry
|move|p2a: Incineroar|Knock Off|p1b: Skydragon
|-damage|p1b: Skydragon|0 fnt
|-enditem|p1b: Skydragon|Loaded Dice|[from] move: Knock Off|[of] p2a: Incineroar
|faint|p1b: Skydragon
|move|p2b: Torkoal|Overheat|p1a: 1000volt
|-damage|p1a: 1000volt|0 fnt
|-unboost|p2b: Torkoal|spa|2
|faint|p1a: 1000volt
|-enditem|p2b: Torkoal|Eject Pack
|
|t:|1757020294
|switch|p2b: Charizard|Charizard, L50, M|100/100
|
|-weather|SunnyDay|[upkeep]
|-damage|p2b: Charizard|88/100|[from] ability: Solar Power|[of] p2b: Charizard
|-end|p2a: Incineroar|move: Taunt
|upkeep
|
|t:|1757020297
|switch|p1a: Kong|Rillaboom, L50, M|100/100
|switch|p1b: Shōgun|Kingambit, L50, M, shiny|100/100
|-fieldstart|move: Grassy Terrain|[from] ability: Grassy Surge|[of] p1a: Kong
|turn|4
|inactive|loveforvgc has 30 seconds left.
|inactive|Pumpkinman has 30 seconds left.
|inactive|Pumpkinman has 20 seconds left.
|inactive|Pumpkinman has 15 seconds left.
|inactive|loveforvgc has 20 seconds left.
|inactive|Pumpkinman has 10 seconds left.
|inactive|loveforvgc has 15 seconds left.
|inactive|Pumpkinman has 5 seconds left.
|inactive|loveforvgc has 10 seconds left.
|
|t:|1757020355
|-terastallize|p1b: Shōgun|Ghost
|move|p1a: Kong|Fake Out|p2b: Charizard
|-damage|p2b: Charizard|68/100
|move|p1b: Shōgun|Sucker Punch|p2b: Charizard
|-damage|p2b: Charizard|5/100
|cant|p2b: Charizard|flinch
|move|p2a: Incineroar|Knock Off|p1b: Shōgun
|-supereffective|p1b: Shōgun
|-damage|p1b: Shōgun|38/100
|-enditem|p1b: Shōgun|Black Glasses|[from] move: Knock Off|[of] p2a: Incineroar
|
|-weather|SunnyDay|[upkeep]
|-damage|p2b: Charizard|0 fnt|[from] ability: Solar Power|[of] p2b: Charizard
|faint|p2b: Charizard
|-heal|p1b: Shōgun|44/100|[from] Grassy Terrain
|-heal|p2a: Incineroar|80/100|[from] Grassy Terrain
|upkeep
|inactive|Pumpkinman has 30 seconds left.
|
|t:|1757020390
|switch|p2b: Porygon2|Porygon2, L50|100/100
|-ability|p2b: Porygon2|Download|boost
|-boost|p2b: Porygon2|spa|1
|turn|5
|inactive|loveforvgc has 30 seconds left.
|inactive|Pumpkinman has 30 seconds left.
|inactive|loveforvgc has 20 seconds left.
|inactive|loveforvgc has 15 seconds left.
|inactive|loveforvgc has 10 seconds left.
|
|t:|1757020437
|-terastallize|p2b: Porygon2|Fighting
|move|p1a: Kong|High Horsepower|p2a: Incineroar
|-supereffective|p2a: Incineroar
|-damage|p2a: Incineroar|17/100
|move|p2b: Porygon2|Ice Beam|p1a: Kong
|-supereffective|p1a: Kong
|-damage|p1a: Kong|41/100
|move|p1b: Shōgun|Kowtow Cleave|p2a: Incineroar
|-resisted|p2a: Incineroar
|-damage|p2a: Incineroar|0 fnt
|faint|p2a: Incineroar
|
|-weather|none
|-heal|p1a: Kong|46/100|[from] Grassy Terrain
|-heal|p1b: Shōgun|50/100|[from] Grassy Terrain
|upkeep
|
|t:|1757020450
|switch|p2a: Torkoal|Torkoal, L50, M|70/100
|-weather|SunnyDay|[from] ability: Drought|[of] p2a: Torkoal
|turn|6
|
|t:|1757020468
|move|p2a: Torkoal|Protect|p2a: Torkoal
|-singleturn|p2a: Torkoal|Protect
|move|p1a: Kong|High Horsepower|p2a: Torkoal
|-activate|p2a: Torkoal|move: Protect
|move|p1b: Shōgun|Kowtow Cleave|p2a: Torkoal
|-activate|p2a: Torkoal|move: Protect
|move|p2b: Porygon2|Trick Room|p2b: Porygon2
|-fieldstart|move: Trick Room|[of] p2b: Porygon2
|
|-weather|SunnyDay|[upkeep]
|-heal|p2a: Torkoal|76/100|[from] Grassy Terrain
|-heal|p1b: Shōgun|56/100|[from] Grassy Terrain
|-heal|p1a: Kong|52/100|[from] Grassy Terrain
|upkeep
|turn|7
|
|t:|1757020487
|move|p2a: Torkoal|Helping Hand|p2b: Porygon2
|-singleturn|p2b: Porygon2|Helping Hand|[of] p2a: Torkoal
|move|p1b: Shōgun|Sucker Punch||[still]
|-fail|p1b: Shōgun
|move|p1a: Kong|Grassy Glide|p2a: Torkoal
|-resisted|p2a: Torkoal
|-damage|p2a: Torkoal|62/100
|move|p2b: Porygon2|Ice Beam|p1a: Kong
|-supereffective|p1a: Kong
|-damage|p1a: Kong|0 fnt
|faint|p1a: Kong
|
|-weather|SunnyDay|[upkeep]
|-heal|p2a: Torkoal|68/100|[from] Grassy Terrain
|-heal|p1b: Shōgun|62/100|[from] Grassy Terrain
|upkeep
|turn|8
|
|t:|1757020503
|move|p1b: Shōgun|Protect|p1b: Shōgun
|-singleturn|p1b: Shōgun|Protect
|move|p2a: Torkoal|Overheat|p1b: Shōgun
|-activate|p1b: Shōgun|move: Protect
|move|p2b: Porygon2|Ice Beam|p1b: Shōgun
|-activate|p1b: Shōgun|move: Protect
|
|-weather|SunnyDay|[upkeep]
|-heal|p2a: Torkoal|74/100|[from] Grassy Terrain
|-heal|p1b: Shōgun|68/100|[from] Grassy Terrain
|-fieldend|move: Grassy Terrain
|upkeep
|turn|9
|
|t:|1757020512
|move|p1b: Shōgun|Sucker Punch|p2a: Torkoal
|-damage|p2a: Torkoal|45/100
|move|p2a: Torkoal|Overheat|p1b: Shōgun
|-damage|p1b: Shōgun|0 fnt
|-unboost|p2a: Torkoal|spa|2
|faint|p1b: Shōgun
|
|win|Pumpkinman
||loveforvgc is ready for game 2.
|inactive|Pumpkinman has 30 seconds to confirm battle start!
||Pumpkinman is ready for game 2.
|uhtml|next|Next: Game 2 of 3
