|j|☆l billion lions
|j|☆monkeychese
|html|l billion lionsmonkeychese    
|uhtml|bestof|Game 2 of a best-of-3
|t:|1783621672
|gametype|doubles
|player|p1|l billion lions|gambler|
|player|p2|monkeychese|lucas|
|gen|9
|tier|[Gen 9 Champions] VGC 2026 Reg M-B (Bo3)
|rule|Species Clause: Limit one of each Pokémon
|rule|Item Clause: Limit 1 of each item
|clearpoke
|poke|p1|Whimsicott, L50, F|
|poke|p1|Incineroar, L50, M|
|poke|p1|Basculegion, L50, M|
|poke|p1|Floette-Eternal, L50, F|
|poke|p1|Sinistcha, L50|
|poke|p1|Raichu, L50, F|
|poke|p2|Delphox, L50, M|
|poke|p2|Sneasler, L50, F|
|poke|p2|Hydreigon, L50, M|
|poke|p2|Mamoswine, L50, F|
|poke|p2|Lycanroc-Dusk, L50, M|
|poke|p2|Incineroar, L50, M, shiny|
|teampreview|4
|showteam|p1|Whimsicott||KebiaBerry|Prankster|Moonblast,Encore,Tailwind,Protect|Bold||F|||50|]Incineroar||SitrusBerry|Intimidate|ThroatChop,FlareBlitz,FakeOut,PartingShot|Impish||M|||50|]Basculegion||LifeOrb|Adaptability|LastRespects,WaveCrash,AquaJet,Protect|Jolly||M|||50|]Floette-Eternal||Floettite|FlowerVeil|Moonblast,DazzlingGleam,CalmMind,Protect|Modest||F|||50|]Sinistcha||Leftovers|Hospitality|MatchaGotcha,StrengthSap,RagePowder,Protect|Calm|||||50|]Raichu||RaichuniteY|LightningRod|ZapCannon,FocusBlast,FakeOut,Protect|Modest||F|||50|
|showteam|p2|Delphox||Delphoxite|Blaze|HeatWave,Psychic,Substitute,Protect|Timid||M|||50|]Sneasler||WhiteHerb|Unburden|DireClaw,CloseCombat,FakeOut,Protect|Jolly||F|||50|]Hydreigon||ChoiceScarf|Levitate|DracoMeteor,DarkPulse,Snarl,EarthPower|Modest||M|||50|]Mamoswine||LifeOrb|Oblivious|IceShard,IcicleCrash,Earthquake,Protect|Jolly||F|||50|]Lycanroc-Dusk||FocusSash|ToughClaws|RockSlide,CloseCombat,Accelerock,Protect|Jolly||M|||50|]Incineroar||PasshoBerry|Intimidate|FakeOut,FlareBlitz,PartingShot,ThroatChop|Impish||M|||50|
|
|t:|1783621718
|teamsize|p1|4
|teamsize|p2|4
|start
|switch|p1a: Whimsicott|Whimsicott, L50, F|100/100
|switch|p1b: Basculegion|Basculegion, L50, M|100/100
|switch|p2a: Incineroar|Incineroar, L50, M, shiny|100/100
|switch|p2b: Sneasler|Sneasler, L50, F|100/100
|-ability|p2a: Incineroar|Intimidate|boost
|-unboost|p1a: Whimsicott|atk|1
|-unboost|p1b: Basculegion|atk|1
|turn|1
|j| iamTay
|
|t:|1783621741
|switch|p2b: headbending|Hydreigon, L50, M|100/100
|move|p1a: Whimsicott|Protect|p1a: Whimsicott
|-singleturn|p1a: Whimsicott|Protect
|move|p1b: Basculegion|Wave Crash|p2a: Incineroar
|-supereffective|p2a: Incineroar|1
|-crit|p2a: Incineroar
|-enditem|p2a: Incineroar|Passho Berry|[eat]
|-enditem|p2a: Incineroar|Passho Berry|[weaken]
|-damage|p2a: Incineroar|0 fnt
|faint|p2a: Incineroar
|-damage|p1b: Basculegion|65/100|[from] Recoil
|-damage|p1b: Basculegion|55/100|[from] item: Life Orb
|
|upkeep
|
|t:|1783621745
|switch|p2a: Sneasler|Sneasler, L50, F|100/100
|turn|2
|
|t:|1783621766
|switch|p1a: Incineroar|Incineroar, L50, M|100/100
|-ability|p1a: Incineroar|Intimidate|boost
|-unboost|p2a: Sneasler|atk|1
|-unboost|p2b: headbending|atk|1
|-enditem|p2a: Sneasler|White Herb
|-clearnegativeboost|p2a: Sneasler|[silent]
|move|p2a: Sneasler|Fake Out|p1a: Incineroar
|-damage|p1a: Incineroar|88/100
|move|p2b: headbending|Dark Pulse|p1b: Basculegion
|-supereffective|p1b: Basculegion|1
|-damage|p1b: Basculegion|0 fnt
|faint|p1b: Basculegion
|
|upkeep
|
|t:|1783621780
|switch|p1b: Whimsicott|Whimsicott, L50, F|100/100
|turn|3
|
|t:|1783621786
|switch|p2b: Delphox|Delphox, L50, M|100/100
|move|p1a: Incineroar|Fake Out|p2b: Delphox
|-crit|p2b: Delphox
|-damage|p2b: Delphox|74/100
|move|p1b: Whimsicott|Encore|p2a: Sneasler
|-start|p2a: Sneasler|Encore
|move|p2a: Sneasler|Fake Out||[still]
|-hint|Fake Out only works on your first turn out.
|-fail|p2a: Sneasler
|
|upkeep
|turn|4
|
|t:|1783621809
|switch|p2b: headbending|Hydreigon, L50, M|100/100
|move|p1b: Whimsicott|Tailwind|p1b: Whimsicott
|-sidestart|p1: l billion lions|move: Tailwind
|-activate|p2a: Sneasler|move: Struggle
|move|p2a: Sneasler|Struggle|p1b: Whimsicott
|-damage|p1b: Whimsicott|85/100
|-damage|p2a: Sneasler|75/100|[from] recoil
|move|p1a: Incineroar|Throat Chop|p2b: headbending
|-resisted|p2b: headbending|1
|-damage|p2b: headbending|85/100
|-start|p2b: headbending|Throat Chop|[silent]
|
|upkeep
|turn|5
|
|t:|1783621828
|switch|p2a: Delphox|Delphox, L50, M|74/100
|move|p1b: Whimsicott|Moonblast|p2b: headbending
|-supereffective|p2b: headbending|2
|-damage|p2b: headbending|0 fnt
|faint|p2b: headbending
|move|p1a: Incineroar|Throat Chop|p2a: Delphox
|-supereffective|p2a: Delphox|1
|-damage|p2a: Delphox|0 fnt
|faint|p2a: Delphox
|
|upkeep
|
|t:|1783621833
|switch|p2b: Sneasler|Sneasler, L50, F|75/100
|turn|6
|-message|monkeychese forfeited.
|
|win|l billion lions
||monkeychese is ready for game 3.
||l billion lions is ready for game 3.
|uhtml|next|Next: Game 3 of 3
|l|☆monkeychese
|player|p2|
|j|☆monkeychese
|player|p2|monkeychese|lucas|
|l|☆monkeychese
|player|p2|
|j|☆monkeychese
|player|p2|monkeychese|lucas|
|l|☆monkeychese
|player|p2|
|l| iamTay
|l|☆l billion lions
|player|p1|
|j| tedidn
