|j|☆LOArmarouge
|j|‽parsley<3
|html|LOArmarougeparsley<3    
|uhtml|bestof|Game 2 of a best-of-3
|t:|1756860632
|gametype|doubles
|player|p1|LOArmarouge|265|1282
|player|p2|parsley<3|lacey|1298
|gen|9
|tier|[Gen 9] VGC 2025 Reg H (Bo3)
|rated|
|rule|Species Clause: Limit one of each Pokémon
|rule|Item Clause: Limit 1 of each item
|clearpoke
|poke|p1|Annihilape, L50, M|
|poke|p1|Maushold, L50|
|poke|p1|Ursaluna-Bloodmoon, L50, M|
|poke|p1|Gholdengo, L50|
|poke|p1|Rillaboom, L50, F|
|poke|p1|Dragonite, L50, F|
|poke|p2|Maushold, L50|
|poke|p2|Annihilape, L50, F|
|poke|p2|Gholdengo, L50|
|poke|p2|Ursaluna-Bloodmoon, L50, M|
|poke|p2|Dragonite, L50, F|
|poke|p2|Sneasler, L50, M|
|teampreview|4
|showteam|p1|Annihilape||SitrusBerry|Defiant|DrainPunch,RageFist,BulkUp,Protect|||M|||50|,,,,,Fire]Maushold||FocusSash|FriendGuard|BeatUp,FollowMe,SuperFang,Protect||||||50|,,,,,Ghost]Ursaluna-Bloodmoon||AssaultVest|MindsEye|BloodMoon,EarthPower,HyperVoice,VacuumWave|||M|||50|,,,,,Water]Gholdengo||LifeOrb|GoodasGold|MakeItRain,ShadowBall,NastyPlot,Protect||||||50|,,,,,Dragon]Rillaboom||MiracleSeed|GrassySurge|GrassyGlide,FakeOut,WoodHammer,HighHorsepower|||F|||50|,,,,,Fire]Dragonite||LoadedDice|Multiscale|ScaleShot,Tailwind,Haze,Protect|||F|||50|,,,,,Fairy
|showteam|p2|Maushold||SafetyGoggles|FriendGuard|SuperFang,BeatUp,Protect,FollowMe||||||50|,,,,,Ghost]Annihilape||SitrusBerry|Defiant|RageFist,CloseCombat,Protect,FinalGambit|||F|||50|,,,,,Fire]Gholdengo||LifeOrb|GoodasGold|MakeItRain,ShadowBall,Protect,NastyPlot||||||50|,,,,,Water]Ursaluna-Bloodmoon||AssaultVest|MindsEye|HyperVoice,BloodMoon,EarthPower,VacuumWave|||M|||50|,,,,,Ghost]Dragonite||LoadedDice|Multiscale|ScaleShot,Tailwind,Protect,Haze|||F|||50|,,,,,Fairy]Sneasler||FocusSash|Unburden|DireClaw,CloseCombat,Protect,ThroatChop|||M|||50|,,,,,Stellar
|inactive|Battle timer is ON: inactive players will automatically lose when time's up. (requested by LOArmarouge)
|inactive|parsley<3 has 60 seconds left.
|
|t:|1756860700
|teamsize|p1|4
|teamsize|p2|4
|start
|switch|p1a: Maushold|Maushold, L50|100/100
|switch|p1b: Annihilape|Annihilape, L50, M|100/100
|switch|p2a: Maushold|Maushold, L50|100/100
|switch|p2b: Sneasler|Sneasler, L50, M|100/100
|turn|1
|inactive|LOArmarouge has 30 seconds left.
|
|t:|1756860729
|move|p1a: Maushold|Protect|p1a: Maushold
|-singleturn|p1a: Maushold|Protect
|move|p2a: Maushold|Super Fang|p1a: Maushold
|-activate|p1a: Maushold|move: Protect
|move|p2b: Sneasler|Dire Claw|p1a: Maushold
|-activate|p1a: Maushold|move: Protect
|move|p1b: Annihilape|Bulk Up|p1b: Annihilape
|-boost|p1b: Annihilape|atk|1
|-boost|p1b: Annihilape|def|1
|
|upkeep
|turn|2
|inactive|LOArmarouge has 30 seconds left.
|
|t:|1756860756
|move|p1a: Maushold|Super Fang|p2b: Sneasler
|-damage|p2b: Sneasler|51/100
|move|p2a: Maushold|Super Fang|p1a: Maushold
|-damage|p1a: Maushold|51/100
|move|p2b: Sneasler|Dire Claw|p1a: Maushold
|-damage|p1a: Maushold|0 fnt
|faint|p1a: Maushold
|move|p1b: Annihilape|Bulk Up|p1b: Annihilape
|-boost|p1b: Annihilape|atk|1
|-boost|p1b: Annihilape|def|1
|
|upkeep
|
|t:|1756860774
|switch|p1a: Ursaluna|Ursaluna-Bloodmoon, L50, M|100/100
|turn|3
|j| atxflyer
|
|t:|1756860794
|-terastallize|p1a: Ursaluna|Water
|move|p2a: Maushold|Super Fang|p1a: Ursaluna
|-damage|p1a: Ursaluna|51/100
|move|p2b: Sneasler|Close Combat|p1a: Ursaluna
|-damage|p1a: Ursaluna|0 fnt
|-unboost|p2b: Sneasler|def|1
|-unboost|p2b: Sneasler|spd|1
|faint|p1a: Ursaluna
|move|p1b: Annihilape|Bulk Up|p1b: Annihilape
|-boost|p1b: Annihilape|atk|1
|-boost|p1b: Annihilape|def|1
|
|upkeep
|
|t:|1756860807
|switch|p1a: Rillaboom|Rillaboom, L50, F|100/100
|-fieldstart|move: Grassy Terrain|[from] ability: Grassy Surge|[of] p1a: Rillaboom
|turn|4
|inactive|LOArmarouge has 30 seconds left.
|inactive|parsley<3 has 30 seconds left.
|
|t:|1756860840
|move|p2b: Sneasler|Protect|p2b: Sneasler
|-singleturn|p2b: Sneasler|Protect
|move|p1a: Rillaboom|Fake Out|p2b: Sneasler
|-activate|p2b: Sneasler|move: Protect
|move|p2a: Maushold|Super Fang|p1a: Rillaboom|[miss]
|-miss|p2a: Maushold|p1a: Rillaboom
|move|p1b: Annihilape|Drain Punch|p2a: Maushold
|-supereffective|p2a: Maushold
|-damage|p2a: Maushold|0 fnt
|faint|p2a: Maushold
|
|-heal|p2b: Sneasler|57/100|[from] Grassy Terrain
|upkeep
|
|t:|1756860856
|switch|p2a: Ursaluna|Ursaluna-Bloodmoon, L50, M|100/100
|turn|5
|
|t:|1756860878
|move|p1b: Annihilape|Protect|p1b: Annihilape
|-singleturn|p1b: Annihilape|Protect
|move|p1a: Rillaboom|Grassy Glide|p2b: Sneasler
|-resisted|p2b: Sneasler
|-damage|p2b: Sneasler|2/100
|move|p2a: Ursaluna|Vacuum Wave|p1a: Rillaboom
|-damage|p1a: Rillaboom|83/100
|move|p2b: Sneasler|Dire Claw|p1a: Rillaboom
|-supereffective|p1a: Rillaboom
|-damage|p1a: Rillaboom|0 fnt
|faint|p1a: Rillaboom
|
|-heal|p2b: Sneasler|8/100|[from] Grassy Terrain
|upkeep
|turn|6
|inactive|parsley<3 has 30 seconds left.
|
|t:|1756860904
|-terastallize|p2a: Ursaluna|Ghost
|move|p1b: Annihilape|Protect||[still]
|-fail|p1b: Annihilape
|move|p2b: Sneasler|Dire Claw|p1b: Annihilape
|-resisted|p1b: Annihilape
|-damage|p1b: Annihilape|90/100
|-status|p1b: Annihilape|par
|move|p2a: Ursaluna|Blood Moon|p1b: Annihilape
|-damage|p1b: Annihilape|20/100 par
|-enditem|p1b: Annihilape|Sitrus Berry|[eat]
|-heal|p1b: Annihilape|45/100 par|[from] item: Sitrus Berry
|
|-heal|p2b: Sneasler|13/100|[from] Grassy Terrain
|-heal|p1b: Annihilape|51/100 par|[from] Grassy Terrain
|upkeep
|turn|7
|j| Hockeystick7
|
|t:|1756860918
|move|p2b: Sneasler|Throat Chop|p1b: Annihilape
|-damage|p1b: Annihilape|37/100 par
|-start|p1b: Annihilape|Throat Chop|[silent]
|move|p2a: Ursaluna|Hyper Voice|p1b: Annihilape
|-damage|p1b: Annihilape|0 fnt
|faint|p1b: Annihilape
|
|win|parsley<3
