|j|☆Okidogi11#2
|j|☆pr0is0p
|html|Okidogi11#2pr0is0p    
|uhtml|bestof|Game 1 of a best-of-3
|t:|1757844619
|gametype|doubles
|player|p1|Okidogi11#2|shadowtriad|1003
|player|p2|pr0is0p|elesa|1086
|gen|9
|tier|[Gen 9] VGC 2025 Reg H (Bo3)
|rated|
|rule|Species Clause: Limit one of each Pokémon
|rule|Item Clause: Limit 1 of each item
|clearpoke
|poke|p1|Gogoat, L50, M|
|poke|p1|Maushold, L50|
|poke|p1|Annihilape, L50, F|
|poke|p1|Dragapult, L50, F|
|poke|p1|Incineroar, L50, F|
|poke|p2|Tyranitar, L50, M|
|poke|p2|Excadrill, L50, M|
|poke|p2|Corviknight, L50, M|
|poke|p2|Indeedee, L50, M|
|poke|p2|Sneasler, L50, F|
|poke|p2|Magmar, L50, F|
|teampreview|4
|showteam|p1|Gogoat||ClearAmulet|SapSipper|LeafBlade,Trailblaze,HighHorsepower,Protect|||M|||50|,,,,,Water]Maushold||LoadedDice|FriendGuard|BulletSeed,PopulationBomb,FollowMe,Protect||||||50|,,,,,Ghost]Annihilape||SitrusBerry|Defiant|CloseCombat,RageFist,DrainPunch,Protect|||F|||50|,,,,,Fire]Dragapult||ChoiceBand|ClearBody|DragonDarts,TeraBlast,SuckerPunch,Uturn|||F|||50|,,,,,Ghost]Incineroar||RockyHelmet|Intimidate|KnockOff,PartingShot,FakeOut,Uturn|||F|||50|,,,,,Ghost
|showteam|p2|Tyranitar||AssaultVest|SandStream|RockSlide,KnockOff,LowKick,TeraBlast|||M|||50|,,,,,Flying]Excadrill||FocusSash|SandRush|Earthquake,IronHead,SwordsDance,Protect|||M|||50|,,,,,Ground]Corviknight||PsychicSeed|MirrorArmor|BraveBird,BodyPress,BulkUp,Roost|||M|||50|,,,,,Water]Indeedee||ChoiceScarf|PsychicSurge|ExpandingForce,TeraBlast,Trick,Protect|||M|||50|,,,,,Fighting]Sneasler||WhiteHerb|Pressure|FakeOut,CloseCombat,DireClaw,Coaching|||F|||50|,,,,,Flying]Magmar||Eviolite|FlameBody|Flamethrower,FollowMe,Protect,HelpingHand|||F|||50|,,,,,Flying
|inactive|Battle timer is ON: inactive players will automatically lose when time's up. (requested by Okidogi11#2)
|inactive|pr0is0p also wants the timer to be on.
|inactive|pr0is0p has 60 seconds left.
|
|t:|1757844660
|teamsize|p1|4
|teamsize|p2|4
|start
|switch|p1a: The GOAT|Gogoat, L50, M, shiny|100/100
|switch|p1b: Maushold|Maushold, L50|100/100
|switch|p2a: Corviknight|Corviknight, L50, M|100/100
|switch|p2b: Magmar|Magmar, L50, F|100/100
|turn|1
|inactive|Okidogi11#2 has 30 seconds left.
|
|t:|1757844685
|-terastallize|p1a: The GOAT|Water
|move|p2b: Magmar|Follow Me|p2b: Magmar
|-singleturn|p2b: Magmar|move: Follow Me
|move|p1b: Maushold|Bullet Seed|p2b: Magmar
|-resisted|p2b: Magmar
|-damage|p2b: Magmar|99/100
|-resisted|p2b: Magmar
|-damage|p2b: Magmar|97/100
|-resisted|p2b: Magmar
|-damage|p2b: Magmar|95/100
|-resisted|p2b: Magmar
|-damage|p2b: Magmar|94/100
|-resisted|p2b: Magmar
|-damage|p2b: Magmar|92/100
|-hitcount|p2b: Magmar|5
|move|p1a: The GOAT|Trailblaze|p2b: Magmar
|-resisted|p2b: Magmar
|-damage|p2b: Magmar|84/100
|-boost|p1a: The GOAT|spe|1
|-status|p1a: The GOAT|brn|[from] ability: Flame Body|[of] p2b: Magmar
|move|p2a: Corviknight|Bulk Up|p2a: Corviknight
|-boost|p2a: Corviknight|atk|1
|-boost|p2a: Corviknight|def|1
|
|-damage|p1a: The GOAT|94/100 brn|[from] brn
|upkeep
|turn|2
|inactive|Okidogi11#2 has 30 seconds left.
|inactive|pr0is0p has 30 seconds left.
|
|t:|1757844718
|move|p2b: Magmar|Follow Me|p2b: Magmar
|-singleturn|p2b: Magmar|move: Follow Me
|move|p1b: Maushold|Bullet Seed|p2b: Magmar
|-resisted|p2b: Magmar
|-damage|p2b: Magmar|82/100
|-resisted|p2b: Magmar
|-damage|p2b: Magmar|81/100
|-resisted|p2b: Magmar
|-damage|p2b: Magmar|79/100
|-resisted|p2b: Magmar
|-damage|p2b: Magmar|77/100
|-hitcount|p2b: Magmar|4
|move|p1a: The GOAT|High Horsepower|p2b: Magmar
|-supereffective|p2b: Magmar
|-crit|p2b: Magmar
|-damage|p2b: Magmar|50/100
|move|p2a: Corviknight|Bulk Up|p2a: Corviknight
|-boost|p2a: Corviknight|atk|1
|-boost|p2a: Corviknight|def|1
|
|-damage|p1a: The GOAT|88/100 brn|[from] brn
|upkeep
|turn|3
|
|t:|1757844739
|switch|p1b: Dragapult|Dragapult, L50, F|100/100
|move|p1a: The GOAT|Protect|p1a: The GOAT
|-singleturn|p1a: The GOAT|Protect
|move|p2b: Magmar|Follow Me|p2b: Magmar
|-singleturn|p2b: Magmar|move: Follow Me
|move|p2a: Corviknight|Bulk Up|p2a: Corviknight
|-boost|p2a: Corviknight|atk|1
|-boost|p2a: Corviknight|def|1
|
|-damage|p1a: The GOAT|82/100 brn|[from] brn
|upkeep
|turn|4
|
|t:|1757844753
|move|p2b: Magmar|Follow Me|p2b: Magmar
|-singleturn|p2b: Magmar|move: Follow Me
|move|p1b: Dragapult|Dragon Darts|p2b: Magmar
|-damage|p2b: Magmar|24/100
|-anim|p1b: Dragapult|Dragon Darts|p2b: Magmar
|-damage|p2b: Magmar|0 fnt
|faint|p2b: Magmar
|move|p1a: The GOAT|High Horsepower|p2a: Corviknight
|-immune|p2a: Corviknight
|move|p2a: Corviknight|Brave Bird|p1b: Dragapult
|-damage|p1b: Dragapult|0 fnt
|faint|p1b: Dragapult
|-damage|p2a: Corviknight|73/100|[from] Recoil
|
|-damage|p1a: The GOAT|76/100 brn|[from] brn
|upkeep
|
|t:|1757844769
|switch|p1b: Maushold|Maushold, L50|100/100
|switch|p2b: Sneasler|Sneasler, L50, F|100/100
|-ability|p2b: Sneasler|Pressure
|turn|5
|
|t:|1757844781
|move|p2b: Sneasler|Fake Out|p1b: Maushold
|-damage|p1b: Maushold|81/100
|cant|p1b: Maushold|flinch
|move|p1a: The GOAT|Leaf Blade|p2a: Corviknight
|-resisted|p2a: Corviknight
|-damage|p2a: Corviknight|72/100
|move|p2a: Corviknight|Body Press|p1a: The GOAT
|-damage|p1a: The GOAT|42/100 brn
|
|-damage|p1a: The GOAT|36/100 brn|[from] brn
|upkeep
|turn|6
|inactive|pr0is0p has 30 seconds left.
|
|t:|1757844808
|move|p2b: Sneasler|Close Combat|p1a: The GOAT
|-damage|p1a: The GOAT|0 fnt
|-unboost|p2b: Sneasler|def|1
|-unboost|p2b: Sneasler|spd|1
|faint|p1a: The GOAT
|-enditem|p2b: Sneasler|White Herb
|-clearnegativeboost|p2b: Sneasler|[silent]
|move|p1b: Maushold|Bullet Seed|p1: The GOAT|[notarget]
|-fail|p1b: Maushold
|move|p2a: Corviknight|Brave Bird|p1b: Maushold
|-damage|p1b: Maushold|0 fnt
|faint|p1b: Maushold
|-damage|p2a: Corviknight|48/100|[from] Recoil
|
|upkeep
|-message|Okidogi11#2 forfeited.
|
|win|pr0is0p
|l|☆Okidogi11#2
|player|p1|
||Okidogi11#2 is ready for game 2.
|inactive|pr0is0p has 30 seconds to confirm battle start!
|l|☆pr0is0p
|player|p2|
||pr0is0p is ready for game 2.
|uhtml|next|Next: Game 2 of 3
