|j|☆panijc
|j|☆G9ZWL123
|html|panijcG9ZWL123    
|uhtml|bestof|Game 1 of a best-of-3
|t:|1786158714
|gametype|doubles
|player|p1|panijc|169|1153
|player|p2|G9ZWL123|nate|1035
|gen|9
|tier|[Gen 9 Champions] VGC 2026 Reg M-B (Bo3)
|rated|
|rule|Species Clause: Limit one of each Pokémon
|rule|Item Clause: Limit 1 of each item
|clearpoke
|poke|p1|Raichu, L50, F|
|poke|p1|Mamoswine, L50, F|
|poke|p1|Sylveon, L50, M|
|poke|p1|Incineroar, L50, M|
|poke|p1|Basculegion, L50, M|
|poke|p1|Whimsicott, L50, M|
|poke|p2|Zoroark-Hisui, L50, M|
|poke|p2|Gardevoir, L50, F, shiny|
|poke|p2|Primarina, L50, F, shiny|
|poke|p2|Incineroar, L50, M|
|poke|p2|Garchomp, L50, F, shiny|
|poke|p2|Drampa, L50, M|
|teampreview|4
|showteam|p1|Raichu||RaichuniteY|LightningRod|ZapCannon,FocusBlast,FakeOut,Protect|Timid||F|||50|]Mamoswine||LifeOrb|Oblivious|IcicleCrash,HighHorsepower,IceShard,Protect|Adamant||F|||50|]Sylveon||FairyFeather|Pixilate|HyperVoice,HyperBeam,Detect,Yawn|Modest||M|||50|]Incineroar||SitrusBerry|Intimidate|ThroatChop,FlareBlitz,FakeOut,PartingShot|Impish||M|||50|]Basculegion||MysticWater|Adaptability|WaveCrash,LastRespects,AquaJet,Protect|Adamant||M|||50|]Whimsicott||FocusSash|Prankster|Moonblast,Tailwind,Protect,Encore|Timid||M|||50|
|showteam|p2|Zoroark-Hisui||ChoiceScarf|Illusion|Round,ShadowBall,Uturn,IcyWind|Timid||M|||50|]Gardevoir||Gardevoirite|Trace|Round,Protect,Psychic,HyperVoice|Modest||F|||50|]Primarina||MysticWater|LiquidVoice|Round,Moonblast,Protect,IceBeam|Modest||F|||50|]Incineroar||SitrusBerry|Intimidate|FlareBlitz,FakeOut,DarkestLariat,PartingShot|Adamant||M|||50|]Garchomp||LifeOrb|RoughSkin|Earthquake,RockSlide,DragonClaw,Protect|Jolly||F|||50|]Drampa||Drampanite|CloudNine|Round,CalmMind,DragonPulse,Protect|Modest||M|||50|
|inactive|Battle timer is ON: inactive players will automatically lose when time's up. (requested by G9ZWL123)
|inactive|panijc has 60 seconds left.
|inactive|G9ZWL123 has 60 seconds left.
|inactive|panijc has 30 seconds left.
|inactive|panijc has 20 seconds left.
|inactive|panijc has 15 seconds left.
|inactive|panijc has 10 seconds left.
|inactive|panijc has 5 seconds left.
|
|t:|1786158802
|teamsize|p1|4
|teamsize|p2|4
|start
|switch|p1a: Whimsicott|Whimsicott, L50, M|100/100
|switch|p1b: Raichu|Raichu, L50, F|100/100
|switch|p2a: Garchomp|Garchomp, L50, F, shiny|100/100
|switch|p2b: Gardevoir|Gardevoir, L50, F, shiny|100/100
|-ability|p2b: Gardevoir|Lightning Rod|Trace|[from] ability: Trace|[of] p1b: Raichu
|turn|1
|inactive|G9ZWL123 has 30 seconds left.
|
|t:|1786158833
|move|p1a: Whimsicott|Protect|p1a: Whimsicott
|-singleturn|p1a: Whimsicott|Protect
|move|p1b: Raichu|Protect|p1b: Raichu
|-singleturn|p1b: Raichu|Protect
|move|p2b: Gardevoir|Protect|p2b: Gardevoir
|-singleturn|p2b: Gardevoir|Protect
|move|p2a: Garchomp|Icy Wind|p1b: Raichu|[spread] 
|-activate|p1a: Whimsicott|move: Protect
|-activate|p1b: Raichu|move: Protect
|
|upkeep
|turn|2
|inactive|panijc has 30 seconds left.
|inactive|G9ZWL123 has 30 seconds left.
|inactive|panijc has 20 seconds left.
|inactive|G9ZWL123 has 20 seconds left.
|
|t:|1786158870
|switch|p1b: Sylveon|Sylveon, L50, M|100/100
|move|p1a: Whimsicott|Encore|p2b: Gardevoir
|-start|p2b: Gardevoir|Encore
|move|p2b: Gardevoir|Protect||[still]
|-fail|p2b: Gardevoir
|move|p2a: Garchomp|Icy Wind|p1a: Whimsicott|[spread] p1a,p1b
|-supereffective|p1a: Whimsicott|1
|-damage|p1a: Whimsicott|54/100
|-damage|p1b: Sylveon|89/100
|-unboost|p1a: Whimsicott|spe|1
|-unboost|p1b: Sylveon|spe|1
|
|upkeep
|turn|3
|
|t:|1786158894
|switch|p2b: Incineroar|Incineroar, L50, M|100/100
|-ability|p2b: Incineroar|Intimidate|boost
|-unboost|p1a: Whimsicott|atk|1
|-unboost|p1b: Sylveon|atk|1
|move|p2a: Garchomp|Icy Wind|p1a: Whimsicott|[spread] p1a,p1b
|-supereffective|p1a: Whimsicott|1
|-damage|p1a: Whimsicott|8/100
|-damage|p1b: Sylveon|77/100
|-unboost|p1a: Whimsicott|spe|1
|-unboost|p1b: Sylveon|spe|1
|move|p1a: Whimsicott|Moonblast|p2a: Garchomp
|-damage|p2a: Garchomp|22/100
|replace|p2a: Zoroark|Zoroark-Hisui, L50, M
|-end|p2a: Zoroark|Illusion
|move|p1b: Sylveon|Hyper Voice|p2a: Zoroark|[spread] p2a,p2b
|-damage|p2a: Zoroark|0 fnt
|-damage|p2b: Incineroar|57/100
|faint|p2a: Zoroark
|
|upkeep
|
|t:|1786158914
|switch|p2a: Gardevoir|Gardevoir, L50, F, shiny|100/100
|-ability|p2a: Gardevoir|Prankster|Trace|[from] ability: Trace|[of] p1a: Whimsicott
|turn|4
|inactive|G9ZWL123 has 30 seconds left.
|inactive|G9ZWL123 has 20 seconds left.
|
|t:|1786158952
|switch|p1b: Basculegion|Basculegion, L50, M|100/100
|detailschange|p2a: Gardevoir|Gardevoir-Mega, L50, F, shiny
|-mega|p2a: Gardevoir|Gardevoir|Gardevoirite
|move|p1a: Whimsicott|Protect|p1a: Whimsicott
|-singleturn|p1a: Whimsicott|Protect
|move|p2b: Incineroar|Fake Out|p1a: Whimsicott
|-activate|p1a: Whimsicott|move: Protect
|move|p2a: Gardevoir|Psychic|p1b: Basculegion
|-damage|p1b: Basculegion|39/100
|
|upkeep
|turn|5
|inactive|panijc has 30 seconds left.
|inactive|G9ZWL123 has 30 seconds left.
|
|t:|1786158982
|move|p2a: Gardevoir|Protect|p2a: Gardevoir
|-singleturn|p2a: Gardevoir|Protect
|move|p1a: Whimsicott|Tailwind|p1a: Whimsicott
|-sidestart|p1: panijc|move: Tailwind
|move|p1b: Basculegion|Wave Crash|p2a: Gardevoir
|-activate|p2a: Gardevoir|move: Protect
|move|p2b: Incineroar|Parting Shot|p1b: Basculegion
|-unboost|p1b: Basculegion|atk|1
|-unboost|p1b: Basculegion|spa|1
|
|t:|1786158993
|switch|p2b: Garchomp|Garchomp, L50, F, shiny|100/100|[from] Parting Shot
|
|upkeep
|turn|6
|inactive|panijc has 30 seconds left.
|
|t:|1786159025
|switch|p2b: Incineroar|Incineroar, L50, M|57/100
|-ability|p2b: Incineroar|Intimidate|boost
|-unboost|p1a: Whimsicott|atk|1
|-unboost|p1b: Basculegion|atk|1
|move|p1b: Basculegion|Wave Crash|p2a: Gardevoir
|-damage|p2a: Gardevoir|34/100
|-damage|p1b: Basculegion|20/100y|[from] Recoil
|move|p1a: Whimsicott|Moonblast|p2b: Incineroar
|-damage|p2b: Incineroar|20/100y
|-enditem|p2b: Incineroar|Sitrus Berry|[eat]
|-heal|p2b: Incineroar|45/100|[from] item: Sitrus Berry
|move|p2a: Gardevoir|Hyper Voice|p1b: Basculegion|[spread] p1a,p1b
|-damage|p1a: Whimsicott|0 fnt
|-damage|p1b: Basculegion|0 fnt
|faint|p1a: Whimsicott
|faint|p1b: Basculegion
|
|upkeep
|
|t:|1786159043
|switch|p1a: Sylveon|Sylveon, L50, M|77/100
|switch|p1b: Raichu|Raichu, L50, F|100/100
|turn|7
|
|t:|1786159063
|detailschange|p1b: Raichu|Raichu-Mega-Y, L50, F
|-mega|p1b: Raichu|Raichu|Raichunite Y
|move|p1b: Raichu|Fake Out|p2a: Gardevoir
|-damage|p2a: Gardevoir|22/100
|move|p2b: Incineroar|Fake Out|p1a: Sylveon
|-damage|p1a: Sylveon|63/100
|cant|p1a: Sylveon|flinch
|cant|p2a: Gardevoir|flinch
|
|upkeep
|turn|8
|
|t:|1786159086
|move|p2a: Gardevoir|Protect|p2a: Gardevoir
|-singleturn|p2a: Gardevoir|Protect
|move|p1b: Raichu|Zap Cannon|p2b: Incineroar
|-damage|p2b: Incineroar|0 fnt
|faint|p2b: Incineroar
|move|p1a: Sylveon|Hyper Voice|p2a: Gardevoir
|-activate|p2a: Gardevoir|move: Protect
|
|-sideend|p1: panijc|move: Tailwind
|upkeep
|
|t:|1786159097
|switch|p2b: Garchomp|Garchomp, L50, F, shiny|100/100
|turn|9
|
|t:|1786159122
|move|p1b: Raichu|Zap Cannon|p2a: Gardevoir
|-damage|p2a: Gardevoir|0 fnt
|faint|p2a: Gardevoir
|move|p2b: Garchomp|Rock Slide|p1a: Sylveon|[spread] p1a,p1b
|-damage|p1a: Sylveon|36/100
|-damage|p1b: Raichu|53/100
|-damage|p2b: Garchomp|90/100|[from] item: Life Orb
|cant|p1a: Sylveon|flinch
|
|upkeep
|turn|10
|inactive|panijc has 30 seconds left.
|
|t:|1786159148
|move|p1b: Raichu|Protect|p1b: Raichu
|-singleturn|p1b: Raichu|Protect
|move|p1a: Sylveon|Detect|p1a: Sylveon
|-singleturn|p1a: Sylveon|Protect
|move|p2b: Garchomp|Earthquake|p1a: Sylveon|[spread] 
|-activate|p1a: Sylveon|move: Protect
|-activate|p1b: Raichu|move: Protect
|
|upkeep
|turn|11
|
|t:|1786159161
|move|p1b: Raichu|Focus Blast|p2b: Garchomp
|-damage|p2b: Garchomp|37/100
|move|p2b: Garchomp|Earthquake|p1b: Raichu|[spread] p1a,p1b
|-supereffective|p1b: Raichu|1
|-damage|p1a: Sylveon|0 fnt
|-damage|p1b: Raichu|0 fnt
|faint|p1a: Sylveon
|faint|p1b: Raichu
|-damage|p2b: Garchomp|28/100|[from] item: Life Orb
|
|win|G9ZWL123
|inactive|panijc has 30 seconds to confirm battle start!
|inactive|G9ZWL123 has 30 seconds to confirm battle start!
||G9ZWL123 is ready for game 2.
|inactive|panijc has 20 seconds to confirm battle start!
||panijc is ready for game 2.
|uhtml|next|Next: Game 2 of 3
|l|☆G9ZWL123
|player|p2|
