|j|☆croweffect
|j|☆MakeItSunn
|html|croweffectMakeItSunn    
|uhtml|bestof|Game 1 of a best-of-3
|t:|1757933502
|gametype|doubles
|player|p1|croweffect|1|1107
|player|p2|MakeItSunn|elesa|1080
|gen|9
|tier|[Gen 9] VGC 2025 Reg H (Bo3)
|rated|
|rule|Species Clause: Limit one of each Pokémon
|rule|Item Clause: Limit 1 of each item
|clearpoke
|poke|p1|Farigiraf, L50, F|
|poke|p1|Ursaluna-Bloodmoon, L50, M|
|poke|p1|Crawdaunt, L50, F|
|poke|p1|Espathra, L50, F|
|poke|p1|Incineroar, L50, F|
|poke|p1|Amoonguss, L50, F|
|poke|p2|Oranguru, L50, M|
|poke|p2|Ursaluna, L50, M|
|poke|p2|Indeedee-F, L50, F|
|poke|p2|Torkoal, L50, F|
|poke|p2|Armarouge, L50, F|
|poke|p2|Jumpluff, L50, M|
|teampreview|4
|showteam|p1|Farigiraf||MentalHerb|ArmorTail|TrickRoom,HelpingHand,Protect,HyperVoice|||F|||50|,,,,,Fairy]Ursaluna-Bloodmoon||LifeOrb|MindsEye|HyperVoice,BloodMoon,EarthPower,Protect|||M|||50|,,,,,Normal]Crawdaunt||ChoiceBand|Adaptability|Crabhammer,KnockOff,XScissor,RockSlide|||F|||50|,,,,,Bug]Espathra||FocusSash|SpeedBoost|LuminaCrash,Protect,DazzlingGleam,StoredPower|||F|||50|,,,,,Fairy]Incineroar||SitrusBerry|Intimidate|FakeOut,FlareBlitz,PartingShot,KnockOff|||F|||50|,,,,,Grass]Amoonguss||RockyHelmet|Regenerator|Spore,RagePowder,PollenPuff,Protect|||F|||50|,,,,,Dark
|showteam|p2|Oranguru||MentalHerb|Telepathy|Yawn,TrickRoom,Instruct,Gravity|||M|||50|,,,,,Steel]Ursaluna||FlameOrb|Guts|Earthquake,Facade,HeadlongRush,Protect|||M|||50|,,,,,Ghost]Indeedee-F||EjectButton|PsychicSurge|FollowMe,Psychic,HelpingHand,TrickRoom|||F|||50|,,,,,Fairy]Torkoal||EjectPack|Drought|Eruption,Overheat,EarthPower,Protect|||F|||50|,,,,,Fire]Armarouge||LifeOrb|FlashFire|ExpandingForce,ArmorCannon,WideGuard,Protect|||F|||50|,,,,,Grass]Jumpluff||CovertCloak|Chlorophyll|RagePowder,SleepPowder,Tailwind,SunnyDay|||M|||50|,,,,,Water
|inactive|Battle timer is ON: inactive players will automatically lose when time's up. (requested by MakeItSunn)
|
|t:|1757933567
|teamsize|p1|4
|teamsize|p2|4
|start
|switch|p1a: Farigiraf|Farigiraf, L50, F|100/100
|switch|p1b: Espathra|Espathra, L50, F|100/100
|switch|p2a: Oranguru|Oranguru, L50, M|100/100
|switch|p2b: Indeedee|Indeedee-F, L50, F|100/100
|-fieldstart|move: Psychic Terrain|[from] ability: Psychic Surge|[of] p2b: Indeedee
|turn|1
|
|t:|1757933584
|move|p2b: Indeedee|Follow Me|p2b: Indeedee
|-singleturn|p2b: Indeedee|move: Follow Me
|move|p1b: Espathra|Lumina Crash|p2b: Indeedee
|-resisted|p2b: Indeedee
|-damage|p2b: Indeedee|76/100
|-unboost|p2b: Indeedee|spd|2
|-enditem|p2b: Indeedee|Eject Button
|
|t:|1757933594
|switch|p2b: Ursaluna|Ursaluna, L50, M|100/100
|move|p1a: Farigiraf|Trick Room|p1a: Farigiraf
|-fieldstart|move: Trick Room|[of] p1a: Farigiraf
|move|p2a: Oranguru|Trick Room|p2a: Oranguru
|-fieldend|move: Trick Room
|
|-ability|p1b: Espathra|Speed Boost|boost
|-boost|p1b: Espathra|spe|1
|-status|p2b: Ursaluna|brn|[from] item: Flame Orb
|upkeep
|turn|2
|inactive|MakeItSunn has 30 seconds left.
|inactive|croweffect has 30 seconds left.
|inactive|MakeItSunn has 20 seconds left.
|inactive|MakeItSunn has 15 seconds left.
|inactive|MakeItSunn has 10 seconds left.
|
|t:|1757933641
|move|p2b: Ursaluna|Protect|p2b: Ursaluna
|-singleturn|p2b: Ursaluna|Protect
|move|p1b: Espathra|Lumina Crash|p2b: Ursaluna
|-activate|p2b: Ursaluna|move: Protect
|move|p1a: Farigiraf|Hyper Voice|p2b: Ursaluna|[spread] p2a
|-activate|p2b: Ursaluna|move: Protect
|-damage|p2a: Oranguru|80/100
|move|p2a: Oranguru|Instruct|p1a: Farigiraf
|-singleturn|p1a: Farigiraf|move: Instruct|[of] p2a: Oranguru
|move|p1a: Farigiraf|Hyper Voice|p2a: Oranguru|[spread] p2a
|-activate|p2b: Ursaluna|move: Protect
|-damage|p2a: Oranguru|60/100
|
|-damage|p2b: Ursaluna|94/100 brn|[from] brn
|-ability|p1b: Espathra|Speed Boost|boost
|-boost|p1b: Espathra|spe|1
|upkeep
|turn|3
|inactive|MakeItSunn has 30 seconds left.
|inactive|croweffect has 30 seconds left.
|inactive|MakeItSunn has 20 seconds left.
|
|t:|1757933679
|switch|p2b: Indeedee|Indeedee-F, L50, F|76/100
|move|p1a: Farigiraf|Helping Hand|p1b: Espathra
|-singleturn|p1b: Espathra|Helping Hand|[of] p1a: Farigiraf
|move|p1b: Espathra|Lumina Crash|p2b: Indeedee
|-resisted|p2b: Indeedee
|-damage|p2b: Indeedee|45/100
|-unboost|p2b: Indeedee|spd|2
|move|p2a: Oranguru|Yawn|p1b: Espathra
|-start|p1b: Espathra|move: Yawn|[of] p2a: Oranguru
|
|-ability|p1b: Espathra|Speed Boost|boost
|-boost|p1b: Espathra|spe|1
|upkeep
|turn|4
|inactive|croweffect has 30 seconds left.
|inactive|MakeItSunn has 30 seconds left.
|inactive|croweffect has 20 seconds left.
|inactive|croweffect has 15 seconds left.
|
|t:|1757933719
|move|p1b: Espathra|Lumina Crash|p2b: Indeedee
|-resisted|p2b: Indeedee
|-damage|p2b: Indeedee|0 fnt
|faint|p2b: Indeedee
|move|p2a: Oranguru|Yawn|p1a: Farigiraf
|-start|p1a: Farigiraf|move: Yawn|[of] p2a: Oranguru
|move|p1a: Farigiraf|Trick Room|p1a: Farigiraf
|-fieldstart|move: Trick Room|[of] p1a: Farigiraf
|
|-end|p1b: Espathra|move: Yawn|[silent]
|-status|p1b: Espathra|slp
|-ability|p1b: Espathra|Speed Boost|boost
|-boost|p1b: Espathra|spe|1
|upkeep
|
|t:|1757933730
|switch|p2b: Ursaluna|Ursaluna, L50, M|94/100 brn
|turn|5
|
|t:|1757933750
|move|p1a: Farigiraf|Protect|p1a: Farigiraf
|-singleturn|p1a: Farigiraf|Protect
|cant|p1b: Espathra|slp
|move|p2b: Ursaluna|Facade|p1a: Farigiraf
|-activate|p1a: Farigiraf|move: Protect
|move|p2a: Oranguru|Instruct|p2b: Ursaluna
|-singleturn|p2b: Ursaluna|move: Instruct|[of] p2a: Oranguru
|move|p2b: Ursaluna|Facade|p1a: Farigiraf
|-activate|p1a: Farigiraf|move: Protect
|
|-damage|p2b: Ursaluna|88/100 brn|[from] brn
|-end|p1a: Farigiraf|move: Yawn|[silent]
|-status|p1a: Farigiraf|slp
|-fieldend|move: Psychic Terrain
|-ability|p1b: Espathra|Speed Boost|boost
|-boost|p1b: Espathra|spe|1
|upkeep
|turn|6
|
|t:|1757933769
|-curestatus|p1b: Espathra|slp|[msg]
|move|p1b: Espathra|Protect|p1b: Espathra
|-singleturn|p1b: Espathra|Protect
|move|p2b: Ursaluna|Earthquake|p1a: Farigiraf|[spread] p1a
|-activate|p1b: Espathra|move: Protect
|-activate|p2a: Oranguru|ability: Telepathy
|-damage|p1a: Farigiraf|50/100 slp
|move|p2a: Oranguru|Instruct|p2b: Ursaluna
|-singleturn|p2b: Ursaluna|move: Instruct|[of] p2a: Oranguru
|move|p2b: Ursaluna|Earthquake|p1b: Espathra|[spread] p1a
|-activate|p1b: Espathra|move: Protect
|-activate|p2a: Oranguru|ability: Telepathy
|-damage|p1a: Farigiraf|0 fnt
|faint|p1a: Farigiraf
|
|-damage|p2b: Ursaluna|82/100 brn|[from] brn
|-ability|p1b: Espathra|Speed Boost|boost
|-boost|p1b: Espathra|spe|1
|upkeep
|
|t:|1757933793
|switch|p1a: Crawdaunt|Crawdaunt, L50, F|100/100
|turn|7
|inactive|MakeItSunn has 30 seconds left.
|inactive|MakeItSunn has 20 seconds left.
|inactive|MakeItSunn has 15 seconds left.
|
|t:|1757933835
|move|p1a: Crawdaunt|Crabhammer|p2b: Ursaluna
|-supereffective|p2b: Ursaluna
|-damage|p2b: Ursaluna|0 fnt
|faint|p2b: Ursaluna
|move|p2a: Oranguru|Instruct|p2: Ursaluna|[notarget]
|-fail|p2a: Oranguru
|move|p1b: Espathra|Stored Power|p2a: Oranguru
|-resisted|p2a: Oranguru
|-damage|p2a: Oranguru|32/100
|
|upkeep
|
|t:|1757933844
|switch|p2b: Torkoal|Torkoal, L50, F|100/100
|-weather|SunnyDay|[from] ability: Drought|[of] p2b: Torkoal
|turn|8
|inactive|MakeItSunn has 30 seconds left.
|inactive|MakeItSunn has 20 seconds left.
|
|t:|1757933883
|-terastallize|p2b: Torkoal|Fire
|move|p1b: Espathra|Protect|p1b: Espathra
|-singleturn|p1b: Espathra|Protect
|move|p2b: Torkoal|Eruption|p1b: Espathra|[spread] p1a
|-activate|p1b: Espathra|move: Protect
|-resisted|p1a: Crawdaunt
|-damage|p1a: Crawdaunt|17/100
|move|p1a: Crawdaunt|Crabhammer|p2a: Oranguru
|-crit|p2a: Oranguru
|-damage|p2a: Oranguru|0 fnt
|faint|p2a: Oranguru
|
|-weather|SunnyDay|[upkeep]
|-fieldend|move: Trick Room
|upkeep
|turn|9
|
|t:|1757933902
|move|p1b: Espathra|Lumina Crash|p2b: Torkoal
|-damage|p2b: Torkoal|50/100
|-unboost|p2b: Torkoal|spd|2
|move|p1a: Crawdaunt|Crabhammer|p2b: Torkoal|[miss]
|-miss|p1a: Crawdaunt|p2b: Torkoal
|move|p2b: Torkoal|Eruption|p1b: Espathra|[spread] p1a,p1b
|-resisted|p1a: Crawdaunt
|-damage|p1a: Crawdaunt|0 fnt
|-damage|p1b: Espathra|25/100
|faint|p1a: Crawdaunt
|
|-weather|SunnyDay|[upkeep]
|upkeep
|
|t:|1757933911
|switch|p1a: Ursaluna|Ursaluna-Bloodmoon, L50, M|100/100
|turn|10
|
|t:|1757933919
|move|p1b: Espathra|Stored Power|p2b: Torkoal
|-damage|p2b: Torkoal|0 fnt
|faint|p2b: Torkoal
|
|win|croweffect
||MakeItSunn is ready for game 2.
||croweffect is ready for game 2.
|uhtml|next|Next: Game 2 of 3
