|j|☆redpandavgclol
|j|☆Dah_tobster
|html|redpandavgclolDah_tobster    
|uhtml|bestof|Game 2 of a best-of-3
|t:|1757038795
|gametype|doubles
|player|p1|redpandavgclol|pokemonranger-gen4|1105
|player|p2|Dah_tobster|266|1042
|gen|9
|tier|[Gen 9] VGC 2025 Reg H (Bo3)
|rated|
|rule|Species Clause: Limit one of each Pokémon
|rule|Item Clause: Limit 1 of each item
|clearpoke
|poke|p1|Rillaboom, L50, M|
|poke|p1|Archaludon, L50, F|
|poke|p1|Grimmsnarl, L50, M|
|poke|p1|Basculegion, L50, M|
|poke|p1|Politoed, L50, M|
|poke|p1|Kingambit, L50, M|
|poke|p2|Grimmsnarl, L50, M|
|poke|p2|Dragonite, L50, M|
|poke|p2|Gholdengo, L50|
|poke|p2|Annihilape, L50, F|
|poke|p2|Maushold-Four, L50|
|poke|p2|Rillaboom, L50, M|
|teampreview|4
|showteam|p1|Rillaboom||AssaultVest|GrassySurge|GrassyGlide,Uturn,FakeOut,WoodHammer|||M|||50|,,,,,Fire]Archaludon||Leftovers|Stamina|ElectroShot,FlashCannon,BodyPress,Protect|||F|||50|,,,,,Fairy]Grimmsnarl||LightClay|Prankster|PartingShot,ThunderWave,LightScreen,Reflect|||M|||50|,,,,,Ghost]Basculegion||LifeOrb|Adaptability|AquaJet,LastRespects,WaveCrash,Protect|||M|||50|,,,,,Water]Politoed||SitrusBerry|Drizzle|Protect,WeatherBall,Haze,HelpingHand|||M|||50|,,,,,Grass]Kingambit||BlackGlasses|Defiant|KowtowCleave,SuckerPunch,SwordsDance,Protect|||M|||50|,,,,,Dark
|showteam|p2|Grimmsnarl||LightClay|Prankster|SpiritBreak,Reflect,LightScreen,ThunderWave|||M|||50|,,,,,Steel]Dragonite||LoadedDice|Multiscale|ScaleShot,ExtremeSpeed,Tailwind,Protect|||M|||50|,,,,,Steel]Gholdengo||LifeOrb|GoodasGold|MakeItRain,NastyPlot,ShadowBall,Protect||||||50|,,,,,Water]Annihilape||Leftovers|Defiant|RageFist,DrainPunch,BulkUp,Protect|||F|||50|,,,,,Fire]Maushold-Four||FocusSash|FriendGuard|SuperFang,FollowMe,BeatUp,Protect||||||50|,,,,,Ghost]Rillaboom||AssaultVest|GrassySurge|FakeOut,WoodHammer,HighHorsepower,GrassyGlide|||M|||50|,,,,,Fire
|inactive|Battle timer is ON: inactive players will automatically lose when time's up. (requested by Dah_tobster)
|
|t:|1757038823
|teamsize|p1|4
|teamsize|p2|4
|start
|switch|p1a: frog|Grimmsnarl, L50, M, shiny|100/100
|switch|p1b: Kingambit|Kingambit, L50, M|100/100
|switch|p2a: Gholdengo|Gholdengo, L50|100/100
|switch|p2b: Grimmsnarl|Grimmsnarl, L50, M|100/100
|turn|1
|inactive|Dah_tobster has 30 seconds left.
|
|t:|1757038856
|-terastallize|p2a: Gholdengo|Water
|move|p2b: Grimmsnarl|Reflect|p2b: Grimmsnarl
|-sidestart|p2: Dah_tobster|Reflect
|move|p1a: frog|Light Screen|p1a: frog
|-sidestart|p1: redpandavgclol|move: Light Screen
|move|p2a: Gholdengo|Nasty Plot|p2a: Gholdengo
|-boost|p2a: Gholdengo|spa|2
|move|p1b: Kingambit|Swords Dance|p1b: Kingambit
|-boost|p1b: Kingambit|atk|2
|
|upkeep
|turn|2
|inactive|redpandavgclol has 30 seconds left.
|inactive|redpandavgclol has 20 seconds left.
|
|t:|1757038892
|switch|p1a: peepoclap|Politoed, L50, M, shiny|100/100
|-weather|RainDance|[from] ability: Drizzle|[of] p1a: peepoclap
|switch|p2b: Dragonite|Dragonite, L50, M|100/100
|-terastallize|p1b: Kingambit|Dark
|move|p1b: Kingambit|Sucker Punch|p2a: Gholdengo
|-damage|p2a: Gholdengo|23/100
|move|p2a: Gholdengo|Make It Rain|p1a: peepoclap|[spread] p1a,p1b
|-resisted|p1a: peepoclap
|-damage|p1a: peepoclap|74/100
|-damage|p1b: Kingambit|26/100
|-unboost|p2a: Gholdengo|spa|1
|-damage|p2a: Gholdengo|13/100|[from] item: Life Orb
|
|-weather|RainDance|[upkeep]
|upkeep
|turn|3
|inactive|redpandavgclol has 30 seconds left.
|inactive|Dah_tobster has 30 seconds left.
|
|t:|1757038927
|move|p1b: Kingambit|Protect|p1b: Kingambit
|-singleturn|p1b: Kingambit|Protect
|move|p2b: Dragonite|Extreme Speed|p1b: Kingambit
|-activate|p1b: Kingambit|move: Protect
|move|p2a: Gholdengo|Nasty Plot|p2a: Gholdengo
|-boost|p2a: Gholdengo|spa|2
|move|p1a: peepoclap|Weather Ball|p2b: Dragonite
|-resisted|p2b: Dragonite
|-damage|p2b: Dragonite|87/100
|
|-weather|RainDance|[upkeep]
|upkeep
|turn|4
|inactive|redpandavgclol has 30 seconds left.
|inactive|Dah_tobster has 30 seconds left.
|
|t:|1757038960
|switch|p1a: Duppy|Basculegion, L50, M|100/100
|move|p2b: Dragonite|Extreme Speed|p1b: Kingambit
|-damage|p1b: Kingambit|2/100
|move|p1b: Kingambit|Sucker Punch|p2a: Gholdengo
|-damage|p2a: Gholdengo|0 fnt
|faint|p2a: Gholdengo
|
|-weather|RainDance|[upkeep]
|upkeep
|
|t:|1757038970
|switch|p2a: Grimmsnarl|Grimmsnarl, L50, M|100/100
|turn|5
|inactive|redpandavgclol has 30 seconds left.
|inactive|Dah_tobster has 30 seconds left.
|inactive|Dah_tobster has 20 seconds left.
|inactive|Dah_tobster has 15 seconds left.
|
|t:|1757039011
|move|p1b: Kingambit|Protect|p1b: Kingambit
|-singleturn|p1b: Kingambit|Protect
|move|p2b: Dragonite|Scale Shot|p1a: Duppy
|-damage|p1a: Duppy|84/100
|-damage|p1a: Duppy|65/100
|-damage|p1a: Duppy|44/100
|-damage|p1a: Duppy|27/100
|-crit|p1a: Duppy
|-damage|p1a: Duppy|0 fnt
|faint|p1a: Duppy
|-hitcount|p1: Duppy|5
|-unboost|p2b: Dragonite|def|1
|-boost|p2b: Dragonite|spe|1
|move|p2a: Grimmsnarl|Spirit Break|p1b: Kingambit
|-activate|p1b: Kingambit|move: Protect
|
|-weather|RainDance|[upkeep]
|upkeep
|inactive|redpandavgclol has 30 seconds left.
|
|t:|1757039038
|switch|p1a: frog|Grimmsnarl, L50, M, shiny|100/100
|turn|6
|inactive|redpandavgclol has 30 seconds left.
|
|t:|1757039063
|move|p2b: Dragonite|Extreme Speed|p1b: Kingambit
|-damage|p1b: Kingambit|0 fnt
|faint|p1b: Kingambit
|move|p1a: frog|Reflect|p1a: frog
|-sidestart|p1: redpandavgclol|Reflect
|move|p2a: Grimmsnarl|Spirit Break|p1a: frog
|-supereffective|p1a: frog
|-damage|p1a: frog|67/100
|-unboost|p1a: frog|spa|1
|
|-weather|none
|upkeep
|inactive|redpandavgclol has 30 seconds left.
|
|t:|1757039094
|switch|p1b: peepoclap|Politoed, L50, M, shiny|74/100
|-weather|RainDance|[from] ability: Drizzle|[of] p1b: peepoclap
|turn|7
|inactive|redpandavgclol has 30 seconds left.
|inactive|redpandavgclol has 20 seconds left.
|
|t:|1757039131
|move|p1a: frog|Thunder Wave|p2b: Dragonite
|-status|p2b: Dragonite|par
|move|p2b: Dragonite|Scale Shot|p1b: peepoclap
|-damage|p1b: peepoclap|64/100
|-damage|p1b: peepoclap|55/100
|-crit|p1b: peepoclap
|-damage|p1b: peepoclap|31/100
|-enditem|p1b: peepoclap|Sitrus Berry|[eat]
|-heal|p1b: peepoclap|56/100|[from] item: Sitrus Berry
|-damage|p1b: peepoclap|46/100
|-damage|p1b: peepoclap|36/100
|-hitcount|p1b: peepoclap|5
|-unboost|p2b: Dragonite|def|1
|-boost|p2b: Dragonite|spe|1
|move|p1b: peepoclap|Weather Ball|p2a: Grimmsnarl
|-damage|p2a: Grimmsnarl|58/100
|move|p2a: Grimmsnarl|Spirit Break|p1b: peepoclap
|-damage|p1b: peepoclap|17/100
|-unboost|p1b: peepoclap|spa|1
|
|-weather|RainDance|[upkeep]
|upkeep
|turn|8
|-message|redpandavgclol forfeited.
|raw|redpandavgclol's rating: 1105 → 1076(-29 for losing)
|raw|Dah_tobster's rating: 1042 → 1082(+40 for winning)
|
|win|Dah_tobster
