|j|☆Cesiar
|j|☆LorGhez
|html|CesiarLorGhez    
|uhtml|bestof|Game 1 of a best-of-3
|t:|1783189168
|gametype|doubles
|player|p1|Cesiar|170|1000
|player|p2|LorGhez|265|1136
|gen|9
|tier|[Gen 9 Champions] VGC 2026 Reg M-B (Bo3)
|rated|
|rule|Species Clause: Limit one of each Pokémon
|rule|Item Clause: Limit 1 of each item
|clearpoke
|poke|p1|Garchomp, L50, F|
|poke|p1|Aerodactyl, L50, M|
|poke|p1|Incineroar, L50, M|
|poke|p1|Delphox, L50, M|
|poke|p1|Ninetales-Alola, L50, M|
|poke|p1|Meowscarada, L50, F|
|poke|p2|Venusaur, L50, F|
|poke|p2|Incineroar, L50, M|
|poke|p2|Primarina, L50, F|
|poke|p2|Aerodactyl, L50, F|
|poke|p2|Kingambit, L50, F|
|poke|p2|Farigiraf, L50, M|
|teampreview|4
|showteam|p1|Garchomp||ChoiceScarf|RoughSkin|DragonClaw,Earthquake,PoisonJab,StompingTantrum|Adamant||F|||50|]Aerodactyl||Aerodactylite|RockHead|DualWingbeat,Tailwind,RockSlide,WideGuard|Jolly||M|||50|]Incineroar|||Blaze|FakeOut,FlareBlitz,ThroatChop,PartingShot|Careful||M|||50|]Delphox||Delphoxite|Blaze|HeatWave,NastyPlot,Psyshock,Protect|Timid||M|||50|]Ninetales-Alola||FocusSash|SnowWarning|Blizzard,FreezeDry,Protect,Encore|Modest||M|||50|]Meowscarada||LifeOrb|Protean|FlowerTrick,TripleAxel,Uturn,BrickBreak|Jolly||F|||50|
|showteam|p2|Venusaur||Venusaurite|Chlorophyll|Protect,GigaDrain,SludgeBomb,EarthPower|Modest||F|||50|]Incineroar||Charcoal|Intimidate|FakeOut,PartingShot,CloseCombat,FlareBlitz|Adamant||M|||50|]Primarina||LifeOrb|LiquidVoice|Protect,CalmMind,HyperVoice,Moonblast|Modest||F|||50|]Aerodactyl||Aerodactylite|Unnerve|DualWingbeat,Tailwind,RockSlide,IceFang|Adamant||F|||50|]Kingambit||BlackGlasses|Defiant|Protect,SuckerPunch,KowtowCleave,SwordsDance|Adamant||F|||50|]Farigiraf||ColburBerry|ArmorTail|TwinBeam,TrickRoom,Thunderbolt,HelpingHand|Sassy||M|||50|
|inactive|Battle timer is ON: inactive players will automatically lose when time's up. (requested by LorGhez)
|inactive|LorGhez has 60 seconds left.
|
|t:|1783189237
|teamsize|p1|4
|teamsize|p2|4
|start
|switch|p1a: Delphox|Delphox, L50, M|100/100
|switch|p1b: Garchomp|Garchomp, L50, F|100/100
|switch|p2a: Farigiraf|Farigiraf, L50, M|100/100
|switch|p2b: Incineroar|Incineroar, L50, M|100/100
|-ability|p2b: Incineroar|Intimidate|boost
|-unboost|p1a: Delphox|atk|1
|-unboost|p1b: Garchomp|atk|1
|turn|1
|inactive|Cesiar has 30 seconds left.
|inactive|LorGhez has 30 seconds left.
|inactive|LorGhez has 20 seconds left.
|inactive|LorGhez has 15 seconds left.
|inactive|LorGhez has 10 seconds left.
|
|t:|1783189285
|detailschange|p1a: Delphox|Delphox-Mega, L50, M
|-mega|p1a: Delphox|Delphox|Delphoxite
|move|p2b: Incineroar|Fake Out|p1a: Delphox
|-damage|p1a: Delphox|78/100
|move|p1b: Garchomp|Earthquake|p2a: Farigiraf|[spread] p2a,p2b
|-immune|p1a: Delphox|[from] ability: Levitate
|-supereffective|p2b: Incineroar|1
|-damage|p2a: Farigiraf|73/100
|-damage|p2b: Incineroar|46/100
|cant|p1a: Delphox|flinch
|move|p2a: Farigiraf|Trick Room|p2a: Farigiraf
|-fieldstart|move: Trick Room|[of] p2a: Farigiraf
|
|upkeep
|turn|2
|
|t:|1783189307
|move|p1a: Delphox|Protect|p1a: Delphox
|-singleturn|p1a: Delphox|Protect
|move|p2a: Farigiraf|Twin Beam|p1b: Garchomp
|-damage|p1b: Garchomp|81/100
|-damage|p1b: Garchomp|65/100
|-hitcount|p1b: Garchomp|2
|move|p2b: Incineroar|Parting Shot|p1b: Garchomp
|-unboost|p1b: Garchomp|atk|1
|-unboost|p1b: Garchomp|spa|1
|
|t:|1783189316
|switch|p2b: Primarina|Primarina, L50, F|100/100|[from] Parting Shot
|move|p1b: Garchomp|Earthquake|p2a: Farigiraf|[spread] p2a,p2b
|-activate|p1a: Delphox|move: Protect
|-damage|p2a: Farigiraf|53/100
|-damage|p2b: Primarina|78/100
|
|upkeep
|turn|3
|inactive|LorGhez has 30 seconds left.
|
|t:|1783189348
|switch|p1a: Meowscarada|Meowscarada, L50, F|100/100
|switch|p1b: Ninetales|Ninetales-Alola, L50, M|100/100
|-weather|Snowscape|[from] ability: Snow Warning|[of] p1b: Ninetales
|move|p2a: Farigiraf|Twin Beam|p1b: Ninetales
|-damage|p1b: Ninetales|81/100
|-damage|p1b: Ninetales|63/100
|-hitcount|p1b: Ninetales|2
|move|p2b: Primarina|Hyper Voice|p1a: Meowscarada|[spread] p1a,p1b
|-resisted|p1a: Meowscarada|1
|-damage|p1a: Meowscarada|67/100
|-damage|p1b: Ninetales|14/100
|-damage|p2b: Primarina|68/100|[from] item: Life Orb
|
|-weather|Snowscape|[upkeep]
|upkeep
|turn|4
|
|t:|1783189373
|switch|p1a: Delphox|Delphox-Mega, L50, M|78/100
|move|p1b: Ninetales|Protect|p1b: Ninetales
|-singleturn|p1b: Ninetales|Protect
|move|p2a: Farigiraf|Twin Beam|p1b: Ninetales
|-activate|p1b: Ninetales|move: Protect
|move|p2b: Primarina|Moonblast|p1a: Delphox
|-resisted|p1a: Delphox|1
|-damage|p1a: Delphox|49/100
|-damage|p2b: Primarina|59/100|[from] item: Life Orb
|
|-weather|Snowscape|[upkeep]
|upkeep
|turn|5
|
|t:|1783189396
|move|p1a: Delphox|Protect|p1a: Delphox
|-singleturn|p1a: Delphox|Protect
|move|p2a: Farigiraf|Twin Beam|p1b: Ninetales
|-damage|p1b: Ninetales|0 fnt
|faint|p1b: Ninetales
|-hitcount|p1: Ninetales|1
|move|p2b: Primarina|Hyper Voice|p1a: Delphox
|-activate|p1a: Delphox|move: Protect
|
|-weather|Snowscape|[upkeep]
|-fieldend|move: Trick Room
|upkeep
|
|t:|1783189405
|switch|p1b: Meowscarada|Meowscarada, L50, F|67/100
|turn|6
|
|t:|1783189417
|switch|p2b: Incineroar|Incineroar, L50, M|46/100
|-ability|p2b: Incineroar|Intimidate|boost
|-unboost|p1a: Delphox|atk|1
|-unboost|p1b: Meowscarada|atk|1
|move|p1a: Delphox|Heat Wave|p2b: Incineroar|[spread] p2a,p2b
|-resisted|p2b: Incineroar|1
|-damage|p2a: Farigiraf|21/100
|-damage|p2b: Incineroar|27/100
|move|p1b: Meowscarada|Flower Trick|p2b: Incineroar
|-start|p1b: Meowscarada|typechange|Grass|[from] ability: Protean
|-resisted|p2b: Incineroar|1
|-crit|p2b: Incineroar
|-damage|p2b: Incineroar|0 fnt
|faint|p2b: Incineroar
|-damage|p1b: Meowscarada|58/100|[from] item: Life Orb
|move|p2a: Farigiraf|Trick Room|p2a: Farigiraf
|-fieldstart|move: Trick Room|[of] p2a: Farigiraf
|
|-weather|Snowscape|[upkeep]
|upkeep
|inactive|LorGhez has 30 seconds left.
|
|t:|1783189450
|switch|p2b: Primarina|Primarina, L50, F|59/100
|turn|7
|
|t:|1783189458
|move|p1a: Delphox|Protect|p1a: Delphox
|-singleturn|p1a: Delphox|Protect
|move|p2a: Farigiraf|Twin Beam|p1b: Meowscarada
|-damage|p1b: Meowscarada|34/100
|-damage|p1b: Meowscarada|9/100
|-hitcount|p1b: Meowscarada|2
|move|p2b: Primarina|Hyper Voice|p1b: Meowscarada|[spread] p1b
|-activate|p1a: Delphox|move: Protect
|-resisted|p1b: Meowscarada|1
|-damage|p1b: Meowscarada|0 fnt
|faint|p1b: Meowscarada
|-damage|p2b: Primarina|49/100|[from] item: Life Orb
|
|-weather|none
|upkeep
|
|t:|1783189471
|switch|p1b: Garchomp|Garchomp, L50, F|65/100
|turn|8
|
|t:|1783189477
|move|p2a: Farigiraf|Twin Beam|p1b: Garchomp
|-damage|p1b: Garchomp|49/100
|-damage|p1b: Garchomp|32/100
|-hitcount|p1b: Garchomp|2
|move|p2b: Primarina|Hyper Voice|p1a: Delphox|[spread] p1a,p1b
|-supereffective|p1a: Delphox|1
|-damage|p1a: Delphox|0 fnt
|-damage|p1b: Garchomp|0 fnt
|faint|p1a: Delphox
|faint|p1b: Garchomp
|-damage|p2b: Primarina|40/100|[from] item: Life Orb
|
|win|LorGhez
|inactive|Cesiar has 30 seconds to confirm battle start!
|inactive|LorGhez has 30 seconds to confirm battle start!
|l|☆Cesiar
|player|p1|
|inactive|Cesiar has 20 seconds to confirm battle start!
|inactive|LorGhez has 20 seconds to confirm battle start!
|inactive|Cesiar has 10 seconds to confirm battle start!
|inactive|LorGhez has 10 seconds to confirm battle start!
|uhtml|next|Next: Game 2 of 3
