|j|☆visma
|j|☆DeluToto
|html|vismaDeluToto    
|uhtml|bestof|Game 2 of a best-of-3
|t:|1756758773
|gametype|doubles
|player|p1|visma|265|1000
|player|p2|DeluToto|lenora|1000
|gen|9
|tier|[Gen 9] VGC 2025 Reg H (Bo3)
|rated|
|rule|Species Clause: Limit one of each Pokémon
|rule|Item Clause: Limit 1 of each item
|clearpoke
|poke|p1|Incineroar, L50, M|
|poke|p1|Rillaboom, L50, M|
|poke|p1|Basculegion, L50, M|
|poke|p1|Volcarona, L50, F|
|poke|p1|Tyranitar, L50, M|
|poke|p1|Dragonite, L50, F|
|poke|p2|Dragonite, L50, M|
|poke|p2|Pincurchin, L50, M|
|poke|p2|Archaludon, L50, M|
|poke|p2|Sneasler, L50, M|
|poke|p2|Ursaluna-Bloodmoon, L50, M|
|poke|p2|Porygon2, L50|
|teampreview|4
|showteam|p1|Incineroar||SafetyGoggles|Intimidate|FakeOut,KnockOff,PartingShot,FlareBlitz|||M|||50|,,,,,Ghost]Rillaboom||MiracleSeed|GrassySurge|FakeOut,GrassyGlide,WoodHammer,HighHorsepower|||M|||50|,,,,,Fire]Basculegion||ChoiceScarf|Adaptability|WaveCrash,FlipTurn,AquaJet,LastRespects|||M|||50|,,,,,Grass]Volcarona||Leftovers|FlameBody|HeatWave,QuiverDance,TeraBlast,Protect|||F|||50|,,,,,Fairy]Tyranitar||AssaultVest|SandStream|KnockOff,TeraBlast,LowKick,RockSlide|||M|||50|,,,,,Flying]Dragonite||LoadedDice|Multiscale|Protect,Tailwind,ScaleShot,Haze|||F|||50|,,,,,Fairy
|showteam|p2|Dragonite||LoadedDice|Multiscale|Protect,Haze,ScaleShot,Tailwind|||M|||50|,,,,,Fairy]Pincurchin||TerrainExtender|ElectricSurge|Electroweb,ZingZap,TeraBlast,ThunderWave|||M|||50|,,,,,Flying]Archaludon||PowerHerb|Stamina|ElectroShot,Protect,FlashCannon,DracoMeteor|||M|||50|,,,,,Water]Sneasler||ElectricSeed|Unburden|DireClaw,CloseCombat,ThroatChop,FakeOut|||M|||50|,,,,,Ghost]Ursaluna-Bloodmoon||LifeOrb|MindsEye|HyperVoice,BloodMoon,EarthPower,Protect|||M|||50|,,,,,Water]Porygon2||Eviolite|Download|TeraBlast,IceBeam,Recover,TrickRoom||||||50|,,,,,Fighting
|inactive|Battle timer is ON: inactive players will automatically lose when time's up. (requested by DeluToto)
|inactive|visma has 60 seconds left.
|inactive|DeluToto has 60 seconds left.
|
|t:|1756758816
|teamsize|p1|4
|teamsize|p2|4
|start
|switch|p1a: Tyranitar|Tyranitar, L50, M|100/100
|switch|p1b: Dragonite|Dragonite, L50, F|100/100
|switch|p2a: Surprise|Pincurchin, L50, M, shiny|100/100
|switch|p2b: Cooky|Sneasler, L50, M, shiny|100/100
|-weather|Sandstorm|[from] ability: Sand Stream|[of] p1a: Tyranitar
|-fieldstart|move: Electric Terrain|[from] ability: Electric Surge|[of] p2a: Surprise
|-enditem|p2b: Cooky|Electric Seed
|-boost|p2b: Cooky|def|1|[from] item: Electric Seed
|turn|1
|inactive|visma has 30 seconds left.
|inactive|DeluToto has 30 seconds left.
|inactive|visma has 20 seconds left.
|inactive|DeluToto has 20 seconds left.
|inactive|DeluToto has 15 seconds left.
|inactive|visma has 15 seconds left.
|inactive|DeluToto has 10 seconds left.
|inactive|visma has 10 seconds left.
|
|t:|1756758867
|-terastallize|p1a: Tyranitar|Flying
|move|p2b: Cooky|Close Combat|p1a: Tyranitar
|-resisted|p1a: Tyranitar
|-crit|p1a: Tyranitar
|-damage|p1a: Tyranitar|59/100
|-unboost|p2b: Cooky|def|1
|-unboost|p2b: Cooky|spd|1
|move|p1b: Dragonite|Tailwind|p1b: Dragonite
|-sidestart|p1: visma|move: Tailwind
|move|p1a: Tyranitar|Rock Slide|p2b: Cooky|[spread] p2a,p2b
|-resisted|p2b: Cooky
|-crit|p2b: Cooky
|-damage|p2a: Surprise|75/100
|-damage|p2b: Cooky|57/100
|move|p2a: Surprise|Zing Zap|p1a: Tyranitar
|-supereffective|p1a: Tyranitar
|-damage|p1a: Tyranitar|0 fnt
|faint|p1a: Tyranitar
|
|-weather|Sandstorm|[upkeep]
|-damage|p2b: Cooky|51/100|[from] Sandstorm
|-damage|p1b: Dragonite|95/100|[from] Sandstorm
|-damage|p2a: Surprise|69/100|[from] Sandstorm
|upkeep
|inactive|visma has 30 seconds left.
|
|t:|1756758894
|switch|p1a: Volcarona|Volcarona, L50, F|100/100
|turn|2
|
|t:|1756758914
|switch|p2b: Snatchy|Archaludon, L50, M|100/100
|move|p1b: Dragonite|Scale Shot|p2a: Surprise
|-damage|p2a: Surprise|57/100
|-damage|p2a: Surprise|45/100
|-damage|p2a: Surprise|33/100
|-damage|p2a: Surprise|21/100
|-crit|p2a: Surprise
|-damage|p2a: Surprise|2/100
|-hitcount|p2a: Surprise|5
|-unboost|p1b: Dragonite|def|1
|-boost|p1b: Dragonite|spe|1
|move|p1a: Volcarona|Heat Wave|p2b: Snatchy|[spread] p2a,p2b
|-crit|p2a: Surprise
|-damage|p2a: Surprise|0 fnt
|-damage|p2b: Snatchy|49/100
|-ability|p2b: Snatchy|Stamina|boost
|-boost|p2b: Snatchy|def|1
|faint|p2a: Surprise
|
|-weather|Sandstorm|[upkeep]
|-damage|p1b: Dragonite|89/100|[from] Sandstorm
|-damage|p1a: Volcarona|94/100|[from] Sandstorm
|-heal|p1a: Volcarona|100/100|[from] item: Leftovers
|upkeep
|
|t:|1756758938
|switch|p2a: Marshmao|Ursaluna-Bloodmoon, L50, M|100/100
|turn|3
|inactive|DeluToto has 30 seconds left.
|inactive|DeluToto has 20 seconds left.
|
|t:|1756758974
|-terastallize|p2a: Marshmao|Water
|move|p1b: Dragonite|Scale Shot|p2a: Marshmao
|-damage|p2a: Marshmao|90/100
|-damage|p2a: Marshmao|80/100
|-damage|p2a: Marshmao|70/100
|-damage|p2a: Marshmao|61/100
|-damage|p2a: Marshmao|51/100
|-hitcount|p2a: Marshmao|5
|-unboost|p1b: Dragonite|def|1
|-boost|p1b: Dragonite|spe|1
|move|p1a: Volcarona|Heat Wave|p2b: Snatchy|[spread] p2a
|-miss|p1a: Volcarona|p2b: Snatchy
|-resisted|p2a: Marshmao
|-damage|p2a: Marshmao|32/100
|move|p2b: Snatchy|Electro Shot||[still]
|-prepare|p2b: Snatchy|Electro Shot
|-boost|p2b: Snatchy|spa|1
|-enditem|p2b: Snatchy|Power Herb
|-anim|p2b: Snatchy|Electro Shot|p1a: Volcarona
|-damage|p1a: Volcarona|14/100
|move|p2a: Marshmao|Hyper Voice|p1a: Volcarona|[spread] p1a,p1b
|-damage|p1a: Volcarona|0 fnt
|-damage|p1b: Dragonite|35/100
|faint|p1a: Volcarona
|-damage|p2a: Marshmao|22/100|[from] item: Life Orb
|
|-weather|Sandstorm|[upkeep]
|-damage|p1b: Dragonite|29/100|[from] Sandstorm
|-damage|p2a: Marshmao|16/100|[from] Sandstorm
|upkeep
|
|t:|1756758995
|switch|p1a: Rillaboom|Rillaboom, L50, M|100/100
|-fieldstart|move: Grassy Terrain|[from] ability: Grassy Surge|[of] p1a: Rillaboom
|turn|4
|inactive|visma has 30 seconds left.
|inactive|visma has 20 seconds left.
|inactive|visma has 15 seconds left.
|
|t:|1756759042
|move|p2a: Marshmao|Protect|p2a: Marshmao
|-singleturn|p2a: Marshmao|Protect
|move|p1b: Dragonite|Haze|p1b: Dragonite
|-clearallboost
|move|p1a: Rillaboom|High Horsepower|p2b: Snatchy
|-supereffective|p2b: Snatchy
|-damage|p2b: Snatchy|0 fnt
|faint|p2b: Snatchy
|
|-weather|Sandstorm|[upkeep]
|-damage|p1b: Dragonite|23/100|[from] Sandstorm
|-damage|p1a: Rillaboom|94/100|[from] Sandstorm
|-damage|p2a: Marshmao|10/100|[from] Sandstorm
|-heal|p1a: Rillaboom|100/100|[from] Grassy Terrain
|-heal|p2a: Marshmao|16/100|[from] Grassy Terrain
|-sideend|p1: visma|move: Tailwind
|upkeep
|
|t:|1756759049
|switch|p2b: Cooky|Sneasler, L50, M, shiny|51/100
|turn|5
|inactive|visma has 30 seconds left.
|inactive|DeluToto has 30 seconds left.
|inactive|visma has 20 seconds left.
|inactive|DeluToto has 20 seconds left.
|inactive|visma has 15 seconds left.
|inactive|visma has 10 seconds left.
|
|t:|1756759096
|move|p2b: Cooky|Dire Claw|p1a: Rillaboom
|-supereffective|p1a: Rillaboom
|-damage|p1a: Rillaboom|7/100
|-status|p1a: Rillaboom|par
|move|p1b: Dragonite|Scale Shot|p2b: Cooky
|-damage|p2b: Cooky|28/100
|-damage|p2b: Cooky|4/100
|-damage|p2b: Cooky|0 fnt
|faint|p2b: Cooky
|-hitcount|p2: Cooky|3
|-unboost|p1b: Dragonite|def|1
|-boost|p1b: Dragonite|spe|1
|move|p2a: Marshmao|Hyper Voice|p1b: Dragonite|[spread] p1a,p1b
|-damage|p1a: Rillaboom|0 fnt
|-damage|p1b: Dragonite|0 fnt
|faint|p1a: Rillaboom
|faint|p1b: Dragonite
|-damage|p2a: Marshmao|6/100|[from] item: Life Orb
|
|win|DeluToto
|raw|visma's rating: 1000 → 1000(+0 for losing)
|raw|DeluToto's rating: 1000 → 1040(+40 for winning)
|c|☆DeluToto|Gg, sorry
|c|☆visma|gg
|l|☆visma
|player|p1|
