|j|☆KudenaVGC
|j|☆Cm3112
|html|KudenaVGCCm3112    
|uhtml|bestof|Game 2 of a best-of-3
|t:|1756990393
|gametype|doubles
|player|p1|KudenaVGC|ethan|1219
|player|p2|Cm3112|170|1300
|gen|9
|tier|[Gen 9] VGC 2025 Reg H (Bo3)
|rated|
|rule|Species Clause: Limit one of each Pokémon
|rule|Item Clause: Limit 1 of each item
|clearpoke
|poke|p1|Gholdengo, L50|
|poke|p1|Dragonite, L50, F|
|poke|p1|Maushold-Four, L50|
|poke|p1|Rillaboom, L50, M|
|poke|p1|Ursaluna-Bloodmoon, L50, M|
|poke|p1|Annihilape, L50, F|
|poke|p2|Archaludon, L50, F|
|poke|p2|Maushold-Four, L50|
|poke|p2|Pelipper, L50, M|
|poke|p2|Annihilape, L50, F|
|poke|p2|Hydreigon, L50, F|
|poke|p2|Primarina, L50, M|
|teampreview|4
|showteam|p1|Gholdengo||LifeOrb|GoodasGold|MakeItRain,ShadowBall,NastyPlot,Protect||||||50|,,,,,Water]Dragonite||LoadedDice|Multiscale|Tailwind,Haze,Protect,ScaleShot|||F|||50|,,,,,Fairy]Maushold-Four||FocusSash|FriendGuard|Taunt,FollowMe,BeatUp,Protect||||||50|,,,,,Ghost]Rillaboom||MiracleSeed|GrassySurge|FakeOut,WoodHammer,GrassyGlide,HighHorsepower|||M|||50|,,,,,Grass]Ursaluna-Bloodmoon||AssaultVest|MindsEye|BloodMoon,EarthPower,HyperVoice,VacuumWave|||M|||50|,,,,,Water]Annihilape||SitrusBerry|Defiant|DrainPunch,RageFist,BulkUp,Protect|||F|||50|,,,,,Fire
|showteam|p2|Archaludon||AssaultVest|Stamina|FlashCannon,ElectroShot,DracoMeteor,BodyPress|||F|||50|,,,,,Fairy]Maushold-Four||WideLens|Technician|PopulationBomb,BeatUp,FollowMe,Protect||||||50|,,,,,Ghost]Pelipper||FocusSash|Drizzle|MuddyWater,Hurricane,WideGuard,Protect|||M|||50|,,,,,Water]Annihilape||SafetyGoggles|Defiant|DrainPunch,RageFist,BulkUp,Protect|||F|||50|,,,,,Water]Hydreigon||LifeOrb|Levitate|Snarl,DracoMeteor,FocusEnergy,Protect|||F|||50|,,,,,Water]Primarina||ThroatSpray|LiquidVoice|HyperVoice,DazzlingGleam,Haze,Protect|||M|||50|,,,,,Water
|inactive|Battle timer is ON: inactive players will automatically lose when time's up. (requested by Cm3112)
|
|t:|1756990406
|teamsize|p1|4
|teamsize|p2|4
|start
|switch|p1a: Maushold|Maushold-Four, L50|100/100
|switch|p1b: Dragonite|Dragonite, L50, F|100/100
|switch|p2a: Maushold|Maushold-Four, L50|100/100
|switch|p2b: Primarina|Primarina, L50, M|100/100
|turn|1
|
|t:|1756990415
|switch|p2a: Pelipper|Pelipper, L50, M|100/100
|-weather|RainDance|[from] ability: Drizzle|[of] p2a: Pelipper
|move|p1a: Maushold|Follow Me|p1a: Maushold
|-singleturn|p1a: Maushold|move: Follow Me
|move|p1b: Dragonite|Tailwind|p1b: Dragonite
|-sidestart|p1: KudenaVGC|move: Tailwind
|move|p2b: Primarina|Hyper Voice|p1b: Dragonite|[spread] p1a,p1b
|-resisted|p1b: Dragonite
|-damage|p1a: Maushold|32/100
|-damage|p1b: Dragonite|90/100
|-enditem|p2b: Primarina|Throat Spray
|-boost|p2b: Primarina|spa|1|[from] item: Throat Spray
|
|-weather|RainDance|[upkeep]
|upkeep
|turn|2
|
|t:|1756990439
|move|p2a: Pelipper|Protect|p2a: Pelipper
|-singleturn|p2a: Pelipper|Protect
|move|p1a: Maushold|Follow Me|p1a: Maushold
|-singleturn|p1a: Maushold|move: Follow Me
|move|p1b: Dragonite|Scale Shot|p2a: Pelipper
|-activate|p2a: Pelipper|move: Protect
|move|p2b: Primarina|Dazzling Gleam|p1b: Dragonite|[spread] p1a,p1b
|-supereffective|p1b: Dragonite
|-damage|p1a: Maushold|0 fnt
|-damage|p1b: Dragonite|15/100
|faint|p1a: Maushold
|
|-weather|RainDance|[upkeep]
|upkeep
|
|t:|1756990443
|switch|p1a: Ursaluna|Ursaluna-Bloodmoon, L50, M|100/100
|turn|3
|inactive|KudenaVGC has 30 seconds left.
|
|t:|1756990473
|-terastallize|p1a: Ursaluna|Water
|move|p1b: Dragonite|Tailwind||[still]
|-fail|p1b: Dragonite
|move|p1a: Ursaluna|Blood Moon|p2b: Primarina
|-damage|p2b: Primarina|38/100
|move|p2a: Pelipper|Muddy Water|p1b: Dragonite|[spread] p1a,p1b
|-resisted|p1a: Ursaluna
|-resisted|p1b: Dragonite
|-damage|p1a: Ursaluna|85/100
|-damage|p1b: Dragonite|0 fnt
|faint|p1b: Dragonite
|move|p2b: Primarina|Hyper Voice|p1a: Ursaluna
|-resisted|p1a: Ursaluna
|-damage|p1a: Ursaluna|55/100
|
|-weather|RainDance|[upkeep]
|upkeep
|
|t:|1756990477
|switch|p1b: Gholdengo|Gholdengo, L50|100/100
|turn|4
|inactive|Cm3112 has 30 seconds left.
|inactive|Cm3112 has 20 seconds left.
|inactive|Cm3112 has 15 seconds left.
|inactive|Cm3112 has 10 seconds left.
|
|t:|1756990526
|switch|p2a: Maushold|Maushold-Four, L50|100/100
|move|p1b: Gholdengo|Nasty Plot|p1b: Gholdengo
|-boost|p1b: Gholdengo|spa|2
|move|p1a: Ursaluna|Hyper Voice|p2b: Primarina|[spread] p2a,p2b
|-damage|p2a: Maushold|44/100
|-damage|p2b: Primarina|9/100
|move|p2b: Primarina|Dazzling Gleam|p1a: Ursaluna|[spread] p1a,p1b
|-resisted|p1b: Gholdengo
|-damage|p1a: Ursaluna|26/100
|-damage|p1b: Gholdengo|78/100
|
|-weather|RainDance|[upkeep]
|-sideend|p1: KudenaVGC|move: Tailwind
|upkeep
|turn|5
|
|t:|1756990542
|move|p2a: Maushold|Protect|p2a: Maushold
|-singleturn|p2a: Maushold|Protect
|move|p1a: Ursaluna|Vacuum Wave|p2a: Maushold
|-activate|p2a: Maushold|move: Protect
|move|p1b: Gholdengo|Shadow Ball|p2b: Primarina
|-damage|p2b: Primarina|0 fnt
|faint|p2b: Primarina
|-damage|p1b: Gholdengo|68/100|[from] item: Life Orb
|
|-weather|none
|upkeep
|
|t:|1756990562
|switch|p2b: Archaludon|Archaludon, L50, F|100/100
|turn|6
|inactive|KudenaVGC has 30 seconds left.
|inactive|KudenaVGC has 20 seconds left.
|inactive|KudenaVGC has 15 seconds left.
|
|t:|1756990606
|switch|p2a: Pelipper|Pelipper, L50, M|100/100
|-weather|RainDance|[from] ability: Drizzle|[of] p2a: Pelipper
|move|p1a: Ursaluna|Vacuum Wave|p2a: Pelipper
|-resisted|p2a: Pelipper
|-damage|p2a: Pelipper|87/100
|move|p1b: Gholdengo|Make It Rain|p2a: Pelipper|[spread] p2a,p2b
|-resisted|p2a: Pelipper
|-resisted|p2b: Archaludon
|-damage|p2a: Pelipper|0 fnt
|-damage|p2b: Archaludon|62/100
|-unboost|p1b: Gholdengo|spa|1
|-ability|p2b: Archaludon|Stamina|boost
|-boost|p2b: Archaludon|def|1
|faint|p2a: Pelipper
|-damage|p1b: Gholdengo|59/100|[from] item: Life Orb
|move|p2b: Archaludon|Electro Shot||[still]
|-prepare|p2b: Archaludon|Electro Shot
|-boost|p2b: Archaludon|spa|1
|-anim|p2b: Archaludon|Electro Shot|p1a: Ursaluna
|-supereffective|p1a: Ursaluna
|-damage|p1a: Ursaluna|0 fnt
|faint|p1a: Ursaluna
|
|-weather|RainDance|[upkeep]
|upkeep
|
|t:|1756990611
|switch|p2a: Maushold|Maushold-Four, L50|44/100
|turn|7
|
|t:|1756990622
|move|p2a: Maushold|Follow Me|p2a: Maushold
|-singleturn|p2a: Maushold|move: Follow Me
|move|p1b: Gholdengo|Make It Rain|p2b: Archaludon|[spread] p2a,p2b
|-resisted|p2b: Archaludon
|-damage|p2a: Maushold|0 fnt
|-damage|p2b: Archaludon|33/100
|-unboost|p1b: Gholdengo|spa|1
|-ability|p2b: Archaludon|Stamina|boost
|-boost|p2b: Archaludon|def|1
|faint|p2a: Maushold
|-damage|p1b: Gholdengo|49/100|[from] item: Life Orb
|move|p2b: Archaludon|Electro Shot||[still]
|-prepare|p2b: Archaludon|Electro Shot
|-boost|p2b: Archaludon|spa|1
|-anim|p2b: Archaludon|Electro Shot|p1b: Gholdengo
|-damage|p1b: Gholdengo|0 fnt
|faint|p1b: Gholdengo
|
|win|Cm3112
||Cm3112 is ready for game 3.
|inactive|KudenaVGC has 30 seconds to confirm battle start!
||KudenaVGC is ready for game 3.
|uhtml|next|Next: Game 3 of 3
|l|☆Cm3112
|player|p2|
