|j|☆katkraydel
|j|☆Maffles
|html|katkraydelMaffles    
|uhtml|bestof|Game 2 of a best-of-3
|t:|1783951071
|gametype|doubles
|player|p1|katkraydel|lebanne|1345
|player|p2|Maffles|170|1356
|gen|9
|tier|[Gen 9 Champions] VGC 2026 Reg M-B (Bo3)
|rated|
|rule|Species Clause: Limit one of each Pokémon
|rule|Item Clause: Limit 1 of each item
|clearpoke
|poke|p1|Whimsicott, L50, F|
|poke|p1|Tyranitar, L50, M|
|poke|p1|Kommo-o, L50, M|
|poke|p1|Excadrill, L50, M|
|poke|p1|Venusaur, L50, F|
|poke|p1|Basculegion, L50, M|
|poke|p2|Gengar, L50, M|
|poke|p2|Kingambit, L50, M|
|poke|p2|Ninetales-Alola, L50, F|
|poke|p2|Toxapex, L50, M|
|poke|p2|Basculegion, L50, M|
|poke|p2|Lopunny, L50, M|
|teampreview|4
|showteam|p1|Whimsicott||MentalHerb|Prankster|Moonblast,Tailwind,FakeTears,Protect|Bold||F|||50|]Tyranitar||Tyranitarite|SandStream|RockSlide,KnockOff,IcePunch,Protect|Adamant||M|||50|]Kommo-o||LifeOrb|Overcoat|ClangingScales,AuraSphere,FlashCannon,Protect|Modest||M|||50|]Excadrill||FocusSash|SandRush|HighHorsepower,IronHead,RockTomb,Protect|Adamant||M|||50|]Venusaur||Venusaurite|Chlorophyll|EnergyBall,SludgeBomb,EarthPower,Protect|Modest||F|||50|]Basculegion||ChoiceScarf|Adaptability|WaveCrash,LastRespects,FlipTurn,AquaJet|Adamant||M|||50|
|showteam|p2|Gengar||Gengarite|CursedBody|SludgeBomb,Disable,PerishSong,Protect|Timid||M|||50|]Kingambit||ChopleBerry|Defiant|KowtowCleave,SuckerPunch,SwordsDance,Protect|Brave||M|||50|]Ninetales-Alola||FocusSash|SnowWarning|Blizzard,Moonblast,Encore,Protect|Timid||F|||50|]Toxapex||Leftovers|Regenerator|Infestation,Toxic,WideGuard,BanefulBunker|Bold||M|||50|]Basculegion||SitrusBerry|Adaptability|LastRespects,FlipTurn,Soak,Protect|Sassy||M|||50|]Lopunny||Lopunnite|CuteCharm|CloseCombat,FakeOut,Encore,Protect|Jolly||M|||50|
|
|t:|1783951081
|teamsize|p1|4
|teamsize|p2|4
|start
|switch|p1a: Excadrill|Excadrill, L50, M|100/100
|switch|p1b: Whimsicott|Whimsicott, L50, F|100/100
|switch|p2a: Kingambit|Kingambit, L50, M|100/100
|switch|p2b: Lopunny|Lopunny, L50, M|100/100
|turn|1
|
|t:|1783951092
|switch|p1a: Kommo-o|Kommo-o, L50, M|100/100
|detailschange|p2b: Lopunny|Lopunny-Mega, L50, M
|-mega|p2b: Lopunny|Lopunny|Lopunnite
|move|p2b: Lopunny|Encore||[still]
|-fail|p2b: Lopunny
|move|p1b: Whimsicott|Moonblast|p2a: Kingambit
|-damage|p2a: Kingambit|72/100
|move|p2a: Kingambit|Swords Dance|p2a: Kingambit
|-boost|p2a: Kingambit|atk|2
|
|upkeep
|turn|2
|
|t:|1783951106
|switch|p2b: Ninetales|Ninetales-Alola, L50, F|100/100
|-weather|Snowscape|[from] ability: Snow Warning|[of] p2b: Ninetales
|move|p2a: Kingambit|Protect|p2a: Kingambit
|-singleturn|p2a: Kingambit|Protect
|move|p1b: Whimsicott|Tailwind|p1b: Whimsicott
|-sidestart|p1: katkraydel|move: Tailwind
|move|p1a: Kommo-o|Aura Sphere|p2a: Kingambit
|-activate|p2a: Kingambit|move: Protect
|
|-weather|Snowscape|[upkeep]
|upkeep
|turn|3
|
|t:|1783951119
|move|p1b: Whimsicott|Moonblast|p2a: Kingambit
|-damage|p2a: Kingambit|47/100
|move|p1a: Kommo-o|Flash Cannon|p2b: Ninetales
|-supereffective|p2b: Ninetales|2
|-enditem|p2b: Ninetales|Focus Sash
|-damage|p2b: Ninetales|1/100
|-damage|p1a: Kommo-o|90/100|[from] item: Life Orb
|move|p2b: Ninetales|Blizzard|p1b: Whimsicott|[spread] p1a,p1b
|-supereffective|p1a: Kommo-o|1
|-supereffective|p1b: Whimsicott|1
|-damage|p1a: Kommo-o|26/100
|-damage|p1b: Whimsicott|30/100
|-status|p1a: Kommo-o|frz
|move|p2a: Kingambit|Kowtow Cleave|p1a: Kommo-o
|-resisted|p1a: Kommo-o|1
|-damage|p1a: Kommo-o|0 fnt
|faint|p1a: Kommo-o
|
|-weather|Snowscape|[upkeep]
|upkeep
|c|☆katkraydel|I can't read
|c|☆katkraydel|Oh my god
|
|t:|1783951149
|switch|p1a: Tyranitar|Tyranitar, L50, M|100/100
|-weather|Sandstorm|[from] ability: Sand Stream|[of] p1a: Tyranitar
|turn|4
|c|☆Maffles|it happens haha
|
|t:|1783951164
|switch|p2b: Lopunny|Lopunny-Mega, L50, M|100/100
|move|p2a: Kingambit|Sucker Punch|p1b: Whimsicott
|-resisted|p1b: Whimsicott|1
|-damage|p1b: Whimsicott|0 fnt
|faint|p1b: Whimsicott
|move|p1a: Tyranitar|Rock Slide|p2a: Kingambit|[spread] p2a,p2b
|-resisted|p2a: Kingambit|1
|-resisted|p2b: Lopunny|1
|-damage|p2a: Kingambit|36/100
|-damage|p2b: Lopunny|78/100
|
|-weather|Sandstorm|[upkeep]
|-damage|p2b: Lopunny|73/100|[from] Sandstorm
|upkeep
|
|t:|1783951169
|switch|p1b: Excadrill|Excadrill, L50, M|100/100
|turn|5
|
|t:|1783951183
|move|p1b: Excadrill|Protect|p1b: Excadrill
|-singleturn|p1b: Excadrill|Protect
|move|p1a: Tyranitar|Protect|p1a: Tyranitar
|-singleturn|p1a: Tyranitar|Protect
|move|p2b: Lopunny|Fake Out|p1b: Excadrill
|-activate|p1b: Excadrill|move: Protect
|move|p2a: Kingambit|Kowtow Cleave|p1b: Excadrill
|-activate|p1b: Excadrill|move: Protect
|
|-weather|Sandstorm|[upkeep]
|-damage|p2b: Lopunny|67/100|[from] Sandstorm
|-sideend|p1: katkraydel|move: Tailwind
|upkeep
|turn|6
|
|t:|1783951204
|switch|p2a: Ninetales|Ninetales-Alola, L50, F|1/100
|-weather|Snowscape|[from] ability: Snow Warning|[of] p2a: Ninetales
|move|p2b: Lopunny|Encore|p1b: Excadrill
|-start|p1b: Excadrill|Encore
|move|p1b: Excadrill|Protect||[still]
|-fail|p1b: Excadrill
|move|p1a: Tyranitar|Rock Slide|p2b: Lopunny|[spread] p2a,p2b
|-supereffective|p2a: Ninetales|1
|-resisted|p2b: Lopunny|1
|-damage|p2a: Ninetales|0 fnt
|-damage|p2b: Lopunny|44/100
|faint|p2a: Ninetales
|
|-weather|Snowscape|[upkeep]
|upkeep
|
|t:|1783951217
|switch|p2a: Kingambit|Kingambit, L50, M|36/100
|turn|7
|
|t:|1783951223
|detailschange|p1a: Tyranitar|Tyranitar-Mega, L50, M
|-mega|p1a: Tyranitar|Tyranitar|Tyranitarite
|-weather|Sandstorm|[from] ability: Sand Stream|[of] p1a: Tyranitar
|move|p1b: Excadrill|Protect|p1b: Excadrill
|-singleturn|p1b: Excadrill|Protect
|move|p1a: Tyranitar|Protect|p1a: Tyranitar
|-singleturn|p1a: Tyranitar|Protect
|move|p2b: Lopunny|Close Combat|p1a: Tyranitar
|-activate|p1a: Tyranitar|move: Protect
|move|p2a: Kingambit|Swords Dance|p2a: Kingambit
|-boost|p2a: Kingambit|atk|2
|
|-weather|Sandstorm|[upkeep]
|-damage|p2b: Lopunny|38/100|[from] Sandstorm
|upkeep
|turn|8
|
|t:|1783951235
|move|p1b: Excadrill|Protect|p1b: Excadrill
|-singleturn|p1b: Excadrill|Protect
|move|p1a: Tyranitar|Protect|p1a: Tyranitar
|-singleturn|p1a: Tyranitar|Protect
|move|p2b: Lopunny|Close Combat|p1a: Tyranitar
|-activate|p1a: Tyranitar|move: Protect
|move|p2a: Kingambit|Kowtow Cleave|p1b: Excadrill
|-activate|p1b: Excadrill|move: Protect
|
|-weather|Sandstorm|[upkeep]
|-damage|p2b: Lopunny|33/100|[from] Sandstorm
|-end|p1b: Excadrill|Encore
|upkeep
|turn|9
|
|t:|1783951250
|move|p2a: Kingambit|Sucker Punch|p1b: Excadrill
|-enditem|p1b: Excadrill|Focus Sash
|-damage|p1b: Excadrill|1/100
|move|p1b: Excadrill|High Horsepower|p2b: Lopunny
|-damage|p2b: Lopunny|0 fnt
|faint|p2b: Lopunny
|move|p1a: Tyranitar|Rock Slide|p2a: Kingambit
|-resisted|p2a: Kingambit|1
|-damage|p2a: Kingambit|18/100
|
|-weather|Sandstorm|[upkeep]
|upkeep
|
|t:|1783951256
|switch|p2b: Basculegion|Basculegion, L50, M|100/100
|turn|10
|j| porygon-epilepz
|
|t:|1783951261
|move|p1b: Excadrill|Protect|p1b: Excadrill
|-singleturn|p1b: Excadrill|Protect
|move|p2b: Basculegion|Protect|p2b: Basculegion
|-singleturn|p2b: Basculegion|Protect
|move|p2a: Kingambit|Protect|p2a: Kingambit
|-singleturn|p2a: Kingambit|Protect
|move|p1a: Tyranitar|Knock Off|p2b: Basculegion
|-activate|p2b: Basculegion|move: Protect
|
|-weather|Sandstorm|[upkeep]
|-damage|p2b: Basculegion|93/100|[from] Sandstorm
|upkeep
|turn|11
|
|t:|1783951268
|move|p1b: Excadrill|Protect||[still]
|-fail|p1b: Excadrill
|move|p2a: Kingambit|Sucker Punch||[still]
|-fail|p2a: Kingambit
|move|p1a: Tyranitar|Knock Off|p2b: Basculegion
|-supereffective|p2b: Basculegion|1
|-damage|p2b: Basculegion|0 fnt
|-enditem|p2b: Basculegion|Sitrus Berry|[from] move: Knock Off|[of] p1a: Tyranitar
|faint|p2b: Basculegion
|
|-weather|none
|upkeep
|turn|12
|c|☆Maffles|nice play
|
|t:|1783951281
|move|p1b: Excadrill|High Horsepower|p2a: Kingambit
|-supereffective|p2a: Kingambit|1
|-damage|p2a: Kingambit|0 fnt
|faint|p2a: Kingambit
|
|win|katkraydel
||katkraydel is ready for game 3.
|c|☆Maffles|clutched up
||Maffles is ready for game 3.
|uhtml|next|Next: Game 3 of 3
