|j|☆IcedOutObama
|j|☆CalvosForever
|html|IcedOutObamaCalvosForever    
|uhtml|bestof|Game 1 of a best-of-3
|t:|1757008699
|gametype|doubles
|player|p1|IcedOutObama|skier|1113
|player|p2|CalvosForever|ghetsis|1000
|gen|9
|tier|[Gen 9] VGC 2025 Reg H (Bo3)
|rated|
|rule|Species Clause: Limit one of each Pokémon
|rule|Item Clause: Limit 1 of each item
|clearpoke
|poke|p1|Murkrow, L50, M|
|poke|p1|Abomasnow, L50, F|
|poke|p1|Indeedee, L50, M|
|poke|p1|Sneasler, L50, M|
|poke|p1|Gholdengo, L50|
|poke|p1|Basculegion, L50, M|
|poke|p2|Dragonite, L50, M|
|poke|p2|Ursaluna-Bloodmoon, L50, M|
|poke|p2|Gholdengo, L50|
|poke|p2|Maushold-Four, L50|
|poke|p2|Annihilape, L50, M|
|poke|p2|Rillaboom, L50, F|
|teampreview|4
|showteam|p1|Murkrow||Eviolite|Prankster|FoulPlay,Tailwind,Haze,Protect|||M|||50|,,,,,Ghost]Abomasnow||AssaultVest|SnowWarning|Blizzard,LeafStorm,EarthPower,WeatherBall|||F|||50|,,,,,Fire]Indeedee||FocusSash|PsychicSurge|ExpandingForce,TeraBlast,Imprison,TrickRoom|||M|||50|,,,,,Fighting]Sneasler||PsychicSeed|Unburden|DireClaw,CloseCombat,ThroatChop,Protect|||M|||50|,,,,,Dark]Gholdengo||LifeOrb|GoodasGold|MakeItRain,ShadowBall,NastyPlot,Protect||||||50|,,,,,Steel]Basculegion||ChoiceScarf|Adaptability|WaveCrash,LastRespects,AquaJet,FlipTurn|||M|||50|,,,,,Grass
|showteam|p2|Dragonite||LoadedDice|Multiscale|ScaleShot,Tailwind,Haze,Protect|||M|||50|,,,,,Steel]Ursaluna-Bloodmoon||AssaultVest|MindsEye|BloodMoon,EarthPower,HyperVoice,VacuumWave|||M|||50|,,,,,Water]Gholdengo||LifeOrb|GoodasGold|MakeItRain,ShadowBall,NastyPlot,Protect||||||50|,,,,,Water]Maushold-Four||FocusSash|FriendGuard|SuperFang,FollowMe,BeatUp,Protect||||||50|,,,,,Ghost]Annihilape||SitrusBerry|Defiant|RageFist,DrainPunch,BulkUp,Protect|||M|||50|,,,,,Fire]Rillaboom||MiracleSeed|GrassySurge|WoodHammer,GrassyGlide,HighHorsepower,FakeOut|||F|||50|,,,,,Fire
|inactive|Battle timer is ON: inactive players will automatically lose when time's up. (requested by IcedOutObama)
|inactive|IcedOutObama has 60 seconds left.
|inactive|CalvosForever has 60 seconds left.
|inactive|CalvosForever has 30 seconds left.
|inactive|CalvosForever has 20 seconds left.
|inactive|CalvosForever has 15 seconds left.
|inactive|CalvosForever has 10 seconds left.
|inactive|CalvosForever has 5 seconds left.
|
|t:|1757008790
|teamsize|p1|4
|teamsize|p2|4
|start
|switch|p1a: Brynden Rivers|Murkrow, L50, M|100/100
|switch|p1b: Jet Fuel|Gholdengo, L50|100/100
|switch|p2a: Annihilape|Annihilape, L50, M|100/100
|switch|p2b: Dragonite|Dragonite, L50, M|100/100
|turn|1
|inactive|CalvosForever has 30 seconds left.
|inactive|CalvosForever has 20 seconds left.
|inactive|CalvosForever has 15 seconds left.
|inactive|CalvosForever has 10 seconds left.
|
|t:|1757008839
|-terastallize|p2a: Annihilape|Fire
|move|p1a: Brynden Rivers|Tailwind|p1a: Brynden Rivers
|-sidestart|p1: IcedOutObama|move: Tailwind
|move|p1b: Jet Fuel|Nasty Plot|p1b: Jet Fuel
|-boost|p1b: Jet Fuel|spa|2
|move|p2a: Annihilape|Rage Fist|p1b: Jet Fuel
|-supereffective|p1b: Jet Fuel
|-damage|p1b: Jet Fuel|56/100
|move|p2b: Dragonite|Scale Shot|p1a: Brynden Rivers
|-crit|p1a: Brynden Rivers
|-damage|p1a: Brynden Rivers|79/100
|-damage|p1a: Brynden Rivers|63/100
|-damage|p1a: Brynden Rivers|48/100
|-damage|p1a: Brynden Rivers|35/100
|-damage|p1a: Brynden Rivers|20/100
|-hitcount|p1a: Brynden Rivers|5
|-unboost|p2b: Dragonite|def|1
|-boost|p2b: Dragonite|spe|1
|
|upkeep
|turn|2
|inactive|CalvosForever has 30 seconds left.
|inactive|CalvosForever has 20 seconds left.
|inactive|CalvosForever has 15 seconds left.
|inactive|CalvosForever has 10 seconds left.
|
|t:|1757008889
|move|p2a: Annihilape|Protect|p2a: Annihilape
|-singleturn|p2a: Annihilape|Protect
|move|p1b: Jet Fuel|Make It Rain|p2a: Annihilape|[spread] p2b
|-activate|p2a: Annihilape|move: Protect
|-damage|p2b: Dragonite|40/100
|-unboost|p1b: Jet Fuel|spa|1
|-damage|p1b: Jet Fuel|46/100|[from] item: Life Orb
|move|p1a: Brynden Rivers|Foul Play|p2b: Dragonite
|-damage|p2b: Dragonite|0 fnt
|faint|p2b: Dragonite
|
|upkeep
|
|t:|1757008906
|switch|p2b: Rillaboom|Rillaboom, L50, F|100/100
|-fieldstart|move: Grassy Terrain|[from] ability: Grassy Surge|[of] p2b: Rillaboom
|turn|3
|
|t:|1757008929
|move|p1a: Brynden Rivers|Protect|p1a: Brynden Rivers
|-singleturn|p1a: Brynden Rivers|Protect
|move|p2b: Rillaboom|Grassy Glide|p1a: Brynden Rivers
|-activate|p1a: Brynden Rivers|move: Protect
|move|p1b: Jet Fuel|Shadow Ball|p2a: Annihilape
|-damage|p2a: Annihilape|16/100
|-enditem|p2a: Annihilape|Sitrus Berry|[eat]
|-heal|p2a: Annihilape|41/100|[from] item: Sitrus Berry
|-damage|p1b: Jet Fuel|36/100|[from] item: Life Orb
|move|p2a: Annihilape|Rage Fist|p1b: Jet Fuel
|-supereffective|p1b: Jet Fuel
|-damage|p1b: Jet Fuel|0 fnt
|faint|p1b: Jet Fuel
|
|-heal|p2a: Annihilape|48/100|[from] Grassy Terrain
|upkeep
|
|t:|1757008940
|switch|p1b: Longclaw|Sneasler, L50, M, shiny|100/100
|turn|4
|
|t:|1757008950
|move|p2a: Annihilape|Protect|p2a: Annihilape
|-singleturn|p2a: Annihilape|Protect
|move|p2b: Rillaboom|Grassy Glide|p1a: Brynden Rivers
|-resisted|p1a: Brynden Rivers
|-damage|p1a: Brynden Rivers|0 fnt
|faint|p1a: Brynden Rivers
|move|p1b: Longclaw|Dire Claw|p2b: Rillaboom
|-supereffective|p2b: Rillaboom
|-damage|p2b: Rillaboom|14/100
|
|-heal|p2a: Annihilape|54/100|[from] Grassy Terrain
|-heal|p2b: Rillaboom|20/100|[from] Grassy Terrain
|-sideend|p1: IcedOutObama|move: Tailwind
|upkeep
|
|t:|1757008956
|switch|p1a: Evergreen|Abomasnow, L50, F|100/100
|-weather|Snowscape|[from] ability: Snow Warning|[of] p1a: Evergreen
|turn|5
|inactive|CalvosForever has 30 seconds left.
|inactive|CalvosForever has 20 seconds left.
|
|t:|1757008995
|switch|p2b: Gholdengo|Gholdengo, L50|100/100
|move|p1b: Longclaw|Close Combat|p2a: Annihilape
|-damage|p2a: Annihilape|0 fnt
|-unboost|p1b: Longclaw|def|1
|-unboost|p1b: Longclaw|spd|1
|faint|p2a: Annihilape
|move|p1a: Evergreen|Blizzard|p2b: Gholdengo
|-resisted|p2b: Gholdengo
|-damage|p2b: Gholdengo|77/100
|
|-weather|Snowscape|[upkeep]
|-heal|p2b: Gholdengo|83/100|[from] Grassy Terrain
|upkeep
|
|t:|1757009004
|switch|p2a: Rillaboom|Rillaboom, L50, F|20/100
|turn|6
|
|t:|1757009022
|-terastallize|p1a: Evergreen|Fire
|move|p1b: Longclaw|Protect|p1b: Longclaw
|-singleturn|p1b: Longclaw|Protect
|move|p2a: Rillaboom|Fake Out|p1a: Evergreen
|-damage|p1a: Evergreen|87/100
|move|p2b: Gholdengo|Shadow Ball|p1a: Evergreen
|-damage|p1a: Evergreen|49/100
|-damage|p2b: Gholdengo|73/100|[from] item: Life Orb
|cant|p1a: Evergreen|flinch
|
|-weather|Snowscape|[upkeep]
|-heal|p2b: Gholdengo|79/100|[from] Grassy Terrain
|-heal|p2a: Rillaboom|27/100|[from] Grassy Terrain
|-heal|p1a: Evergreen|55/100|[from] Grassy Terrain
|upkeep
|turn|7
|
|t:|1757009036
|move|p2a: Rillaboom|Grassy Glide|p1b: Longclaw
|-resisted|p1b: Longclaw
|-damage|p1b: Longclaw|48/100
|move|p1b: Longclaw|Throat Chop|p2b: Gholdengo
|-supereffective|p2b: Gholdengo
|-damage|p2b: Gholdengo|13/100
|-start|p2b: Gholdengo|Throat Chop|[silent]
|move|p2b: Gholdengo|Make It Rain|p1b: Longclaw|[spread] p1a,p1b
|-resisted|p1a: Evergreen
|-damage|p1a: Evergreen|35/100
|-damage|p1b: Longclaw|0 fnt
|-unboost|p2b: Gholdengo|spa|1
|faint|p1b: Longclaw
|-damage|p2b: Gholdengo|3/100|[from] item: Life Orb
|move|p1a: Evergreen|Blizzard|p2b: Gholdengo|[spread] p2a,p2b
|-supereffective|p2a: Rillaboom
|-resisted|p2b: Gholdengo
|-damage|p2a: Rillaboom|0 fnt
|-damage|p2b: Gholdengo|0 fnt
|faint|p2a: Rillaboom
|faint|p2b: Gholdengo
|
|win|IcedOutObama
