|j|☆twice2129
|j|☆randomguy1114s
|html|twice2129randomguy1114s    
|uhtml|bestof|Game 3 of a best-of-3
|t:|1755722797
|gametype|doubles
|player|p1|twice2129|101|1256
|player|p2|randomguy1114s|lillie-masters|1198
|gen|9
|tier|[Gen 9] VGC 2025 Reg H (Bo3)
|rated|
|rule|Species Clause: Limit one of each Pokémon
|rule|Item Clause: Limit 1 of each item
|clearpoke
|poke|p1|Jumpluff, L50, F|
|poke|p1|Garchomp, L50, F|
|poke|p1|Typhlosion-Hisui, L50, F|
|poke|p1|Kingambit, L50, F|
|poke|p1|Torkoal, L50, F|
|poke|p1|Dragonite, L50, F|
|poke|p2|Pelipper, L50, M|
|poke|p2|Basculegion, L50, M|
|poke|p2|Rillaboom, L50, F|
|poke|p2|Sneasler, L50, M|
|poke|p2|Electabuzz, L50, M|
|poke|p2|Kingambit, L50, M|
|teampreview|4
|showteam|p1|Jumpluff||CovertCloak|Chlorophyll|LeafStorm,SleepPowder,Encore,Tailwind|||F|||50|,,,,,Poison]Garchomp||LifeOrb|RoughSkin|DragonClaw,StompingTantrum,Earthquake,Protect|||F|||50|,,,,,Fire]Typhlosion-Hisui||ChoiceSpecs|Blaze|Eruption,HeatWave,ShadowBall,Overheat|||F|||50|,,,,,Fire]Kingambit||AssaultVest|Defiant|IronHead,SuckerPunch,Assurance,LowKick|||F|||50|,,,,,Flying]Torkoal||EjectPack|Drought|Overheat,Eruption,HelpingHand,Protect|||F|||50|,,,,,Flying]Dragonite||LoadedDice|Multiscale|ScaleShot,ExtremeSpeed,IceSpinner,Protect|||F|||50|,,,,,Dragon
|showteam|p2|Pelipper||FocusSash|Drizzle|Hurricane,WeatherBall,Tailwind,Protect|||M|||50|,,,,,Ghost]Basculegion||LifeOrb|SwiftSwim|WaveCrash,LastRespects,FlipTurn,Protect|||M|||50|,,,,,Water]Rillaboom||AssaultVest|GrassySurge|FakeOut,GrassyGlide,WoodHammer,Uturn|||F|||50|,,,,,Fire]Sneasler||GrassySeed|Unburden|CloseCombat,DireClaw,ThroatChop,Protect|||M|||50|,,,,,Dark]Electabuzz||Eviolite|VitalSpirit|FollowMe,VoltSwitch,Thunder,Protect|||M|||50|,,,,,Dragon]Kingambit||SafetyGoggles|Defiant|SuckerPunch,SwordsDance,KowtowCleave,Protect|||M|||50|,,,,,Dark
|inactive|Battle timer is ON: inactive players will automatically lose when time's up. (requested by twice2129)
|inactive|randomguy1114s has 60 seconds left.
|
|t:|1755722837
|teamsize|p1|4
|teamsize|p2|4
|start
|switch|p1a: Jumpluff|Jumpluff, L50, F, shiny|100/100
|switch|p1b: Kingambit|Kingambit, L50, F|100/100
|switch|p2a: monkeh|Rillaboom, L50, F, shiny|100/100
|switch|p2b: menacetosociety|Sneasler, L50, M, shiny|100/100
|-fieldstart|move: Grassy Terrain|[from] ability: Grassy Surge|[of] p2a: monkeh
|-enditem|p2b: menacetosociety|Grassy Seed
|-boost|p2b: menacetosociety|def|1|[from] item: Grassy Seed
|turn|1
|
|t:|1755722848
|switch|p1b: Torkoal|Torkoal, L50, F|100/100
|-weather|SunnyDay|[from] ability: Drought|[of] p1b: Torkoal
|move|p2a: monkeh|Fake Out|p1b: Torkoal
|-damage|p1b: Torkoal|90/100
|move|p1a: Jumpluff|Sleep Powder|p2b: menacetosociety
|-status|p2b: menacetosociety|slp|[from] move: Sleep Powder
|cant|p2b: menacetosociety|slp
|
|-weather|SunnyDay|[upkeep]
|-heal|p1b: Torkoal|95/100|[from] Grassy Terrain
|upkeep
|turn|2
|
|t:|1755722865
|move|p1a: Jumpluff|Encore|p2a: monkeh
|-start|p2a: monkeh|Encore
|cant|p2b: menacetosociety|slp
|move|p2a: monkeh|Fake Out||[still]
|-hint|Fake Out only works on your first turn out.
|-fail|p2a: monkeh
|move|p1b: Torkoal|Overheat|p2b: menacetosociety
|-damage|p2b: menacetosociety|7/100 slp
|-unboost|p1b: Torkoal|spa|2
|-enditem|p1b: Torkoal|Eject Pack
|
|t:|1755722875
|switch|p1b: Typhlosion|Typhlosion-Hisui, L50, F|100/100
|
|-weather|SunnyDay|[upkeep]
|-heal|p2b: menacetosociety|13/100 slp|[from] Grassy Terrain
|upkeep
|turn|3
|
|t:|1755722894
|-terastallize|p1b: Typhlosion|Fire
|cant|p2b: menacetosociety|slp
|move|p2a: monkeh|Fake Out||[still]
|-hint|Fake Out only works on your first turn out.
|-fail|p2a: monkeh
|move|p1a: Jumpluff|Leaf Storm|p2b: menacetosociety
|-resisted|p2b: menacetosociety
|-damage|p2b: menacetosociety|0 fnt
|-unboost|p1a: Jumpluff|spa|2
|faint|p2b: menacetosociety
|move|p1b: Typhlosion|Eruption|p2a: monkeh
|-supereffective|p2a: monkeh
|-damage|p2a: monkeh|0 fnt
|faint|p2a: monkeh
|
|-weather|SunnyDay|[upkeep]
|upkeep
|
|t:|1755722898
|switch|p2b: new miraidon|Electabuzz, L50, M, shiny|100/100
|switch|p2a: Pelicopter|Pelipper, L50, M|100/100
|-weather|RainDance|[from] ability: Drizzle|[of] p2a: Pelicopter
|turn|4
|
|t:|1755722908
|switch|p1a: Torkoal|Torkoal, L50, F|95/100
|-weather|SunnyDay|[from] ability: Drought|[of] p1a: Torkoal
|move|p2b: new miraidon|Follow Me|p2b: new miraidon
|-singleturn|p2b: new miraidon|move: Follow Me
|move|p1b: Typhlosion|Eruption|p2a: Pelicopter|[spread] p2a,p2b
|-resisted|p2a: Pelicopter
|-enditem|p2a: Pelicopter|Focus Sash
|-damage|p2a: Pelicopter|1/100
|-damage|p2b: new miraidon|0 fnt
|faint|p2b: new miraidon
|move|p2a: Pelicopter|Weather Ball|p1b: Typhlosion
|-resisted|p1b: Typhlosion
|-damage|p1b: Typhlosion|66/100
|
|-weather|SunnyDay|[upkeep]
|-heal|p1b: Typhlosion|72/100|[from] Grassy Terrain
|-heal|p1a: Torkoal|100/100|[from] Grassy Terrain
|upkeep
|turn|5
|-message|randomguy1114s forfeited.
|
|win|twice2129
|raw|twice2129's rating: 1256 → 1277(+21 for winning)
|raw|randomguy1114s's rating: 1198 → 1177(-21 for losing)
