|j|☆bigbootyrudy53
|j|☆Mclovingods
|html|bigbootyrudy53Mclovingods    
|uhtml|bestof|Game 2 of a best-of-3
|t:|1782622028
|gametype|doubles
|player|p1|bigbootyrudy53|firebreather|1070
|player|p2|Mclovingods|266|1175
|gen|9
|tier|[Gen 9 Champions] VGC 2026 Reg M-B (Bo3)
|rated|
|rule|Species Clause: Limit one of each Pokémon
|rule|Item Clause: Limit 1 of each item
|clearpoke
|poke|p1|Torkoal, L50, M|
|poke|p1|Venusaur, L50, F|
|poke|p1|Houndoom, L50, F|
|poke|p1|Heliolisk, L50, M|
|poke|p1|Whimsicott, L50, M|
|poke|p1|Aerodactyl, L50, M|
|poke|p2|Delphox, L50, M|
|poke|p2|Basculegion, L50, M|
|poke|p2|Sinistcha, L50|
|poke|p2|Incineroar, L50, M|
|poke|p2|Garchomp, L50, M|
|poke|p2|Staraptor, L50, F|
|teampreview|4
|showteam|p1|Torkoal||ZoomLens|Drought|BodyPress,Overheat,GyroBall,Protect|Relaxed||M|||50|]Venusaur||Leftovers|Chlorophyll|SolarBeam,SludgeBomb,EarthPower,SunnyDay|Modest||F|||50|]Houndoom||Houndoominite|FlashFire|DarkPulse,HeatWave,SolarBeam,Protect|Timid||F|||50|]Heliolisk||ChoiceScarf|SolarPower|HyperVoice,Thunderbolt,VoltSwitch,SolarBeam|Timid||M|||50|]Whimsicott||FocusSash|Chlorophyll|Tailwind,DazzlingGleam,SolarBeam,Uturn|Modest||M|||50|]Aerodactyl||Aerodactylite|RockHead|AerialAce,IronHead,StoneEdge,Earthquake|Jolly||M|||50|
|showteam|p2|Delphox||Delphoxite|Blaze|NastyPlot,HeatWave,Psychic,Protect|Timid||M|||50|]Basculegion||MysticWater|Adaptability|WaveCrash,AquaJet,LastRespects,Protect|Jolly||M|||50|]Sinistcha||CobaBerry|Hospitality|MatchaGotcha,RagePowder,LifeDew,TrickRoom|Calm|||||50|]Incineroar||SitrusBerry|Intimidate|FakeOut,PartingShot,FlareBlitz,DarkestLariat|Careful||M|||50|]Garchomp||LifeOrb|RoughSkin|Earthquake,DragonClaw,RockSlide,Protect|Jolly||M|||50|]Staraptor||Staraptite|Intimidate|CloseCombat,BraveBird,Protect,Roost|Jolly||F|||50|
|
|t:|1782622066
|teamsize|p1|4
|teamsize|p2|4
|start
|switch|p1a: Torkoal|Torkoal, L50, M|100/100
|switch|p1b: Whimsicott|Whimsicott, L50, M|100/100
|switch|p2a: Delphox|Delphox, L50, M|100/100
|switch|p2b: Incineroar|Incineroar, L50, M|100/100
|-ability|p2b: Incineroar|Intimidate|boost
|-unboost|p1a: Torkoal|atk|1
|-unboost|p1b: Whimsicott|atk|1
|-weather|SunnyDay|[from] ability: Drought|[of] p1a: Torkoal
|turn|1
|
|t:|1782622080
|detailschange|p2a: Delphox|Delphox-Mega, L50, M
|-mega|p2a: Delphox|Delphox|Delphoxite
|move|p1a: Torkoal|Protect|p1a: Torkoal
|-singleturn|p1a: Torkoal|Protect
|move|p2b: Incineroar|Fake Out|p1a: Torkoal
|-activate|p1a: Torkoal|move: Protect
|move|p1b: Whimsicott|Tailwind|p1b: Whimsicott
|-sidestart|p1: bigbootyrudy53|move: Tailwind
|move|p2a: Delphox|Nasty Plot|p2a: Delphox
|-boost|p2a: Delphox|spa|2
|
|-weather|SunnyDay|[upkeep]
|upkeep
|turn|2
|
|t:|1782622106
|move|p1b: Whimsicott|U-turn|p2a: Delphox
|-damage|p2a: Delphox|88/100
|
|t:|1782622110
|switch|p1b: Houndoom|Houndoom, L50, F|100/100|[from] U-turn
|move|p2a: Delphox|Heat Wave|p1b: Houndoom|[spread] p1a
|-start|p1b: Houndoom|ability: Flash Fire
|-resisted|p1a: Torkoal|1
|-damage|p1a: Torkoal|13/100
|move|p2b: Incineroar|Parting Shot|p1a: Torkoal
|-unboost|p1a: Torkoal|atk|1
|-unboost|p1a: Torkoal|spa|1
|
|t:|1782622119
|switch|p2b: Garchomp|Garchomp, L50, M|100/100|[from] Parting Shot
|move|p1a: Torkoal|Body Press|p2b: Garchomp
|-damage|p2b: Garchomp|64/100
|-damage|p1a: Torkoal|1/100|[from] ability: Rough Skin|[of] p2b: Garchomp
|
|-weather|SunnyDay|[upkeep]
|upkeep
|turn|3
|
|t:|1782622134
|switch|p1a: Heliolisk|Heliolisk, L50, M|100/100
|detailschange|p1b: Houndoom|Houndoom-Mega, L50, F
|-mega|p1b: Houndoom|Houndoom|Houndoominite
|-end|p1b: Houndoom|ability: Flash Fire|[silent]
|move|p2a: Delphox|Protect|p2a: Delphox
|-singleturn|p2a: Delphox|Protect
|move|p1b: Houndoom|Dark Pulse|p2a: Delphox
|-activate|p2a: Delphox|move: Protect
|move|p2b: Garchomp|Earthquake|p1a: Heliolisk|[spread] p1a,p1b
|-activate|p2a: Delphox|move: Protect
|-supereffective|p1a: Heliolisk|1
|-supereffective|p1b: Houndoom|1
|-damage|p1a: Heliolisk|0 fnt
|-damage|p1b: Houndoom|0 fnt
|faint|p1a: Heliolisk
|faint|p1b: Houndoom
|-damage|p2b: Garchomp|54/100|[from] item: Life Orb
|
|-weather|SunnyDay|[upkeep]
|upkeep
|
|t:|1782622151
|switch|p1b: Torkoal|Torkoal, L50, M|1/100
|switch|p1a: Whimsicott|Whimsicott, L50, M|100/100
|turn|4
|
|t:|1782622169
|move|p2b: Garchomp|Protect|p2b: Garchomp
|-singleturn|p2b: Garchomp|Protect
|move|p1a: Whimsicott|Dazzling Gleam|p2a: Delphox|[spread] p2a
|-activate|p2b: Garchomp|move: Protect
|-resisted|p2a: Delphox|1
|-damage|p2a: Delphox|76/100
|move|p2a: Delphox|Heat Wave|p1b: Torkoal|[spread] p1a,p1b
|-supereffective|p1a: Whimsicott|1
|-resisted|p1b: Torkoal|1
|-enditem|p1a: Whimsicott|Focus Sash
|-damage|p1a: Whimsicott|1/100
|-damage|p1b: Torkoal|0 fnt
|faint|p1b: Torkoal
|
|-weather|SunnyDay|[upkeep]
|-sideend|p1: bigbootyrudy53|move: Tailwind
|upkeep
|turn|5
|
|t:|1782622185
|move|p1a: Whimsicott|Solar Beam||[still]
|-prepare|p1a: Whimsicott|Solar Beam
|-anim|p1a: Whimsicott|Solar Beam|p2b: Garchomp
|-damage|p2b: Garchomp|5/100
|move|p2a: Delphox|Psychic|p1a: Whimsicott
|-damage|p1a: Whimsicott|0 fnt
|faint|p1a: Whimsicott
|
|win|Mclovingods
|raw|bigbootyrudy53's rating: 1070 → 1056(-14 for losing)
|raw|Mclovingods's rating: 1175 → 1193(+18 for winning)
|l|☆bigbootyrudy53
|player|p1|
