|j|☆Sirox185
|j|☆3rdPlaceTennis
|html|Sirox1853rdPlaceTennis    
|uhtml|bestof|Game 2 of a best-of-3
|t:|1756777449
|gametype|doubles
|player|p1|Sirox185|1|1253
|player|p2|3rdPlaceTennis|bugcatcher-gen4dp|1150
|gen|9
|tier|[Gen 9] VGC 2025 Reg H (Bo3)
|rated|
|rule|Species Clause: Limit one of each Pokémon
|rule|Item Clause: Limit 1 of each item
|clearpoke
|poke|p1|Gholdengo, L50|
|poke|p1|Archaludon, L50, M|
|poke|p1|Sneasler, L50, M|
|poke|p1|Pelipper, L50, F|
|poke|p1|Rillaboom, L50, M|
|poke|p1|Incineroar, L50, M|
|poke|p2|Dragonite, L50, F|
|poke|p2|Ribombee, L50, F|
|poke|p2|Archaludon, L50, F|
|poke|p2|Mimikyu, L50, F|
|poke|p2|Incineroar, L50, F|
|poke|p2|Typhlosion-Hisui, L50, F|
|teampreview|4
|showteam|p1|Gholdengo||MetalCoat|GoodasGold|MakeItRain,ShadowBall,NastyPlot,Protect||||||50|,,,,,Fighting]Archaludon||PowerHerb|Sturdy|ElectroShot,DragonPulse,FlashCannon,Protect|||M|||50|,,,,,Electric]Sneasler||GrassySeed|Unburden|CloseCombat,DireClaw,ThroatChop,Protect|||M|||50|,,,,,Dark]Pelipper||ChoiceScarf|Drizzle|WeatherBall,Hurricane,MuddyWater,Tailwind|||F|||50|,,,,,Ghost]Rillaboom||AssaultVest|GrassySurge|FakeOut,GrassyGlide,HighHorsepower,WoodHammer|||M|||50|,,,,,Water]Incineroar||SafetyGoggles|Intimidate|FlareBlitz,KnockOff,PartingShot,FakeOut|||M|||50|,,,,,Ghost
|showteam|p2|Dragonite||LoadedDice|Multiscale|ScaleShot,LowKick,ExtremeSpeed,Protect|||F|||50|,,,,,Fairy]Ribombee||FocusSash|ShieldDust|Moonblast,Tailwind,FakeTears,Protect|||F|||50|,,,,,Fairy]Archaludon||PowerHerb|Sturdy|ElectroShot,DracoMeteor,Thunderbolt,Protect|||F|||50|,,,,,Electric]Mimikyu||LifeOrb|Disguise|WoodHammer,ShadowSneak,PlayRough,TrickRoom|||F|||50|,,,,,Grass]Incineroar||AssaultVest|Intimidate|FlareBlitz,KnockOff,Uturn,FakeOut|||F|||50|,,,,,Bug]Typhlosion-Hisui||ChoiceSpecs|Blaze|Eruption,Overheat,ShadowBall,HeatWave|||F|||50|,,,,,Fire
|
|t:|1756777462
|teamsize|p1|4
|teamsize|p2|4
|start
|switch|p1a: Rillaboom|Rillaboom, L50, M|100/100
|switch|p1b: Sneasler|Sneasler, L50, M|100/100
|switch|p2a: Archaludon|Archaludon, L50, F, shiny|100/100
|switch|p2b: Ribombee|Ribombee, L50, F, shiny|100/100
|-fieldstart|move: Grassy Terrain|[from] ability: Grassy Surge|[of] p1a: Rillaboom
|-enditem|p1b: Sneasler|Grassy Seed
|-boost|p1b: Sneasler|def|1|[from] item: Grassy Seed
|turn|1
|
|t:|1756777483
|-terastallize|p2a: Archaludon|Electric
|move|p1a: Rillaboom|Fake Out|p2a: Archaludon
|-crit|p2a: Archaludon
|-damage|p2a: Archaludon|80/100
|move|p1b: Sneasler|Dire Claw|p2b: Ribombee
|-supereffective|p2b: Ribombee
|-enditem|p2b: Ribombee|Focus Sash
|-damage|p2b: Ribombee|1/100
|move|p2b: Ribombee|Tailwind|p2b: Ribombee
|-sidestart|p2: 3rdPlaceTennis|move: Tailwind
|cant|p2a: Archaludon|flinch
|
|-heal|p2b: Ribombee|7/100|[from] Grassy Terrain
|-heal|p2a: Archaludon|87/100|[from] Grassy Terrain
|upkeep
|turn|2
|
|t:|1756777496
|switch|p2b: Literature|Incineroar, L50, F|100/100
|-ability|p2b: Literature|Intimidate|boost
|-unboost|p1a: Rillaboom|atk|1
|-unboost|p1b: Sneasler|atk|1
|move|p1a: Rillaboom|Grassy Glide|p2b: Literature
|-resisted|p2b: Literature
|-damage|p2b: Literature|89/100
|move|p1b: Sneasler|Dire Claw|p2a: Archaludon
|-damage|p2a: Archaludon|60/100
|-status|p2a: Archaludon|slp
|cant|p2a: Archaludon|slp
|
|-heal|p2a: Archaludon|67/100 slp|[from] Grassy Terrain
|-heal|p2b: Literature|95/100|[from] Grassy Terrain
|upkeep
|turn|3
|
|t:|1756777510
|switch|p1a: Incineroar|Incineroar, L50, M|100/100
|-ability|p1a: Incineroar|Intimidate|boost
|-unboost|p2a: Archaludon|atk|1
|-unboost|p2b: Literature|atk|1
|move|p1b: Sneasler|Protect|p1b: Sneasler
|-singleturn|p1b: Sneasler|Protect
|cant|p2a: Archaludon|slp
|move|p2b: Literature|Flare Blitz|p1a: Incineroar
|-resisted|p1a: Incineroar
|-damage|p1a: Incineroar|84/100
|-damage|p2b: Literature|90/100|[from] Recoil
|
|-heal|p2a: Archaludon|73/100 slp|[from] Grassy Terrain
|-heal|p2b: Literature|96/100|[from] Grassy Terrain
|-heal|p1a: Incineroar|90/100|[from] Grassy Terrain
|upkeep
|turn|4
|
|t:|1756777522
|move|p1a: Incineroar|Fake Out|p2a: Archaludon
|-damage|p2a: Archaludon|62/100 slp
|move|p1b: Sneasler|Dire Claw|p2b: Literature
|-damage|p2b: Literature|67/100
|-curestatus|p2a: Archaludon|slp|[msg]
|cant|p2a: Archaludon|flinch
|move|p2b: Literature|U-turn|p1a: Incineroar
|-damage|p1a: Incineroar|78/100
|
|t:|1756777534
|switch|p2b: Dragonite|Dragonite, L50, F, shiny|100/100|[from] U-turn
|
|-heal|p2a: Archaludon|68/100|[from] Grassy Terrain
|-heal|p1a: Incineroar|84/100|[from] Grassy Terrain
|-sideend|p2: 3rdPlaceTennis|move: Tailwind
|upkeep
|turn|5
|
|t:|1756777575
|move|p1b: Sneasler|Close Combat|p2a: Archaludon
|-damage|p2a: Archaludon|31/100
|-unboost|p1b: Sneasler|def|1
|-unboost|p1b: Sneasler|spd|1
|move|p2a: Archaludon|Electro Shot||[still]
|-prepare|p2a: Archaludon|Electro Shot
|-boost|p2a: Archaludon|spa|1
|-enditem|p2a: Archaludon|Power Herb
|-anim|p2a: Archaludon|Electro Shot|p1b: Sneasler
|-damage|p1b: Sneasler|0 fnt
|faint|p1b: Sneasler
|move|p2b: Dragonite|Scale Shot|p1a: Incineroar
|-damage|p1a: Incineroar|72/100
|-crit|p1a: Incineroar
|-damage|p1a: Incineroar|53/100
|-damage|p1a: Incineroar|40/100
|-damage|p1a: Incineroar|26/100
|-damage|p1a: Incineroar|13/100
|-hitcount|p1a: Incineroar|5
|-unboost|p2b: Dragonite|def|1
|-boost|p2b: Dragonite|spe|1
|move|p1a: Incineroar|Flare Blitz|p2a: Archaludon
|-damage|p2a: Archaludon|0 fnt
|faint|p2a: Archaludon
|-damage|p1a: Incineroar|4/100|[from] Recoil
|
|-heal|p1a: Incineroar|10/100|[from] Grassy Terrain
|-fieldend|move: Grassy Terrain
|upkeep
|
|t:|1756777607
|switch|p1b: Archaludon|Archaludon, L50, M|100/100
|switch|p2a: Literature|Incineroar, L50, F|67/100
|-ability|p2a: Literature|Intimidate|boost
|-unboost|p1a: Incineroar|atk|1
|-unboost|p1b: Archaludon|atk|1
|turn|6
|
|t:|1756777619
|move|p1b: Archaludon|Protect|p1b: Archaludon
|-singleturn|p1b: Archaludon|Protect
|move|p2a: Literature|Fake Out|p1b: Archaludon
|-activate|p1b: Archaludon|move: Protect
|move|p2b: Dragonite|Scale Shot|p1a: Incineroar
|-damage|p1a: Incineroar|0 fnt
|faint|p1a: Incineroar
|-hitcount|p1: Incineroar|1
|-unboost|p2b: Dragonite|def|1
|-boost|p2b: Dragonite|spe|1
|
|upkeep
|
|t:|1756777621
|switch|p1a: Rillaboom|Rillaboom, L50, M|100/100
|-fieldstart|move: Grassy Terrain|[from] ability: Grassy Surge|[of] p1a: Rillaboom
|turn|7
|
|t:|1756777644
|-terastallize|p1b: Archaludon|Electric
|move|p1a: Rillaboom|Fake Out|p2b: Dragonite
|-damage|p2b: Dragonite|84/100
|cant|p2b: Dragonite|flinch
|move|p1b: Archaludon|Electro Shot||[still]
|-prepare|p1b: Archaludon|Electro Shot
|-boost|p1b: Archaludon|spa|1
|-enditem|p1b: Archaludon|Power Herb
|-anim|p1b: Archaludon|Electro Shot|p2a: Literature
|-damage|p2a: Literature|9/100
|move|p2a: Literature|Flare Blitz|p1a: Rillaboom
|-supereffective|p1a: Rillaboom
|-damage|p1a: Rillaboom|4/100
|-damage|p2a: Literature|0 fnt|[from] Recoil
|faint|p2a: Literature
|
|-heal|p1a: Rillaboom|10/100|[from] Grassy Terrain
|upkeep
|
|t:|1756777648
|switch|p2a: Ribombee|Ribombee, L50, F, shiny|7/100
|turn|8
|
|t:|1756777658
|move|p2b: Dragonite|Extreme Speed|p1a: Rillaboom
|-damage|p1a: Rillaboom|0 fnt
|faint|p1a: Rillaboom
|move|p2a: Ribombee|Moonblast|p1b: Archaludon
|-damage|p1b: Archaludon|44/100
|move|p1b: Archaludon|Dragon Pulse|p2b: Dragonite
|-supereffective|p2b: Dragonite
|-damage|p2b: Dragonite|0 fnt
|faint|p2b: Dragonite
|
|-heal|p2a: Ribombee|13/100|[from] Grassy Terrain
|-heal|p1b: Archaludon|50/100|[from] Grassy Terrain
|upkeep
|turn|9
|
|t:|1756777668
|move|p1b: Archaludon|Protect|p1b: Archaludon
|-singleturn|p1b: Archaludon|Protect
|move|p2a: Ribombee|Moonblast|p1b: Archaludon
|-activate|p1b: Archaludon|move: Protect
|
|-heal|p2a: Ribombee|19/100|[from] Grassy Terrain
|-heal|p1b: Archaludon|57/100|[from] Grassy Terrain
|upkeep
|turn|10
|
|t:|1756777671
|move|p2a: Ribombee|Moonblast|p1b: Archaludon
|-damage|p1b: Archaludon|0 fnt
|faint|p1b: Archaludon
|
|win|3rdPlaceTennis
|raw|Sirox185's rating: 1253 → 1221(-32 for losing)
|raw|3rdPlaceTennis's rating: 1150 → 1182(+32 for winning)
