|j|☆mroreo328
|j|☆bighamsterbaseball
|html|mroreo328bighamsterbaseball    
|uhtml|bestof|Game 3 of a best-of-3
|t:|1782266140
|gametype|doubles
|player|p1|mroreo328|youngster-gen4dp|1272
|player|p2|bighamsterbaseball|pokemaniac|1203
|gen|9
|tier|[Gen 9 Champions] VGC 2026 Reg M-B (Bo3)
|rated|
|rule|Species Clause: Limit one of each Pokémon
|rule|Item Clause: Limit 1 of each item
|clearpoke
|poke|p1|Hatterene, L50, F|
|poke|p1|Farigiraf, L50, F, shiny|
|poke|p1|Vivillon-Pokeball, L50, F, shiny|
|poke|p1|Drampa, L50, F, shiny|
|poke|p1|Kangaskhan, L50, F|
|poke|p1|Camerupt, L50, M|
|poke|p2|Pidgeot, L50, F|
|poke|p2|Tyranitar, L50, M|
|poke|p2|Excadrill, L50, F|
|poke|p2|Tsareena, L50, F|
|poke|p2|Gholdengo, L50|
|poke|p2|Rotom-Wash, L50|
|teampreview|4
|showteam|p1|Hatterene||FocusSash|MagicBounce|DazzlingGleam,Psychic,MysticalFire,TrickRoom|Quiet||F|||50|]Farigiraf||ColburBerry|ArmorTail|Psychic,LowKick,SunnyDay,TrickRoom|Relaxed||F|||50|]Vivillon-Pokeball||ChoiceScarf|CompoundEyes|Hurricane,StruggleBug,PollenPuff,SleepPowder|Timid||F|||50|]Drampa||Drampanite|CloudNine|HyperVoice,DracoMeteor,Thunderbolt,Protect|Quiet||F|||50|]Kangaskhan||SilkScarf|Scrappy|LastResort,FakeOut|Brave||F|||50|]Camerupt||Cameruptite|SolidRock|Eruption,EarthPower,AncientPower,Protect|Quiet||M|||50|
|showteam|p2|Pidgeot||Pidgeotite|BigPecks|Hurricane,HeatWave,Tailwind,Protect|Timid||F|||50|]Tyranitar||Tyranitarite|SandStream|RockSlide,KnockOff,LowKick,Protect|Jolly||M|||50|]Excadrill||FocusSash|SandRush|Earthquake,IronHead,RockSlide,Protect|Adamant||F|||50|]Tsareena||ChoiceScarf|QueenlyMajesty|PowerWhip,TripleAxel,LowKick,Uturn|Jolly||F|||50|]Gholdengo||Leftovers|GoodasGold|MakeItRain,ShadowBall,NastyPlot,Protect|Timid|||||50|]Rotom-Wash||SitrusBerry|Levitate|Thunderbolt,HydroPump,WillOWisp,Protect|Modest|||||50|
|inactive|Battle timer is ON: inactive players will automatically lose when time's up. (requested by mroreo328)
|inactive|mroreo328 has 60 seconds left.
|inactive|bighamsterbaseball has 60 seconds left.
|
|t:|1782266180
|teamsize|p1|4
|teamsize|p2|4
|start
|switch|p1a: Farigiraf|Farigiraf, L50, F, shiny|100/100
|switch|p1b: Vivillon|Vivillon-Pokeball, L50, F, shiny|100/100
|switch|p2a: Gholdengo|Gholdengo, L50|100/100
|switch|p2b: Rotom|Rotom-Wash, L50|100/100
|turn|1
|
|t:|1782266199
|move|p1b: Vivillon|Struggle Bug|p2a: Gholdengo|[spread] p2a,p2b
|-resisted|p2a: Gholdengo|2
|-damage|p2a: Gholdengo|95/100
|-damage|p2b: Rotom|83/100
|-unboost|p2a: Gholdengo|spa|1
|-unboost|p2b: Rotom|spa|1
|move|p2a: Gholdengo|Nasty Plot|p2a: Gholdengo
|-boost|p2a: Gholdengo|spa|2
|move|p2b: Rotom|Hydro Pump|p1b: Vivillon
|-damage|p1b: Vivillon|35/100
|move|p1a: Farigiraf|Trick Room|p1a: Farigiraf
|-fieldstart|move: Trick Room|[of] p1a: Farigiraf
|
|-heal|p2a: Gholdengo|100/100|[from] item: Leftovers
|upkeep
|turn|2
|inactive|bighamsterbaseball has 30 seconds left.
|
|t:|1782266232
|move|p1a: Farigiraf|Psychic|p2b: Rotom
|-damage|p2b: Rotom|47/100
|-enditem|p2b: Rotom|Sitrus Berry|[eat]
|-heal|p2b: Rotom|72/100|[from] item: Sitrus Berry
|move|p2b: Rotom|Hydro Pump|p1a: Farigiraf
|-damage|p1a: Farigiraf|69/100
|move|p2a: Gholdengo|Make It Rain|p1b: Vivillon|[spread] p1a,p1b
|-damage|p1a: Farigiraf|1/100
|-damage|p1b: Vivillon|0 fnt
|-unboost|p2a: Gholdengo|spa|2
|faint|p1b: Vivillon
|
|upkeep
|
|t:|1782266236
|switch|p1b: Camerupt|Camerupt, L50, M|100/100
|turn|3
|
|t:|1782266247
|detailschange|p1b: Camerupt|Camerupt-Mega, L50, M
|-mega|p1b: Camerupt|Camerupt|Cameruptite
|move|p2a: Gholdengo|Protect|p2a: Gholdengo
|-singleturn|p2a: Gholdengo|Protect
|move|p1b: Camerupt|Eruption|p2b: Rotom|[spread] p2b
|-activate|p2a: Gholdengo|move: Protect
|-resisted|p2b: Rotom|1
|-damage|p2b: Rotom|31/100
|move|p1a: Farigiraf|Sunny Day|p1a: Farigiraf
|-weather|SunnyDay
|move|p2b: Rotom|Thunderbolt|p1a: Farigiraf
|-damage|p1a: Farigiraf|0 fnt
|faint|p1a: Farigiraf
|
|-weather|SunnyDay|[upkeep]
|upkeep
|
|t:|1782266252
|switch|p1a: Hatterene|Hatterene, L50, F|100/100
|turn|4
|
|t:|1782266260
|switch|p2a: Tyranitar|Tyranitar, L50, M|100/100
|-weather|Sandstorm|[from] ability: Sand Stream|[of] p2a: Tyranitar
|move|p1b: Camerupt|Eruption|p2a: Tyranitar|[spread] p2a,p2b
|-resisted|p2a: Tyranitar|1
|-resisted|p2b: Rotom|1
|-damage|p2a: Tyranitar|81/100
|-damage|p2b: Rotom|0 fnt
|faint|p2b: Rotom
|move|p1a: Hatterene|Dazzling Gleam|p2a: Tyranitar
|-supereffective|p2a: Tyranitar|1
|-damage|p2a: Tyranitar|24/100
|
|-weather|Sandstorm|[upkeep]
|-damage|p1a: Hatterene|93/100|[from] Sandstorm
|upkeep
|
|t:|1782266276
|switch|p2b: Excadrill|Excadrill, L50, F|100/100
|turn|5
|
|t:|1782266284
|detailschange|p2a: Tyranitar|Tyranitar-Mega, L50, M
|-mega|p2a: Tyranitar|Tyranitar|Tyranitarite
|move|p2a: Tyranitar|Protect|p2a: Tyranitar
|-singleturn|p2a: Tyranitar|Protect
|move|p2b: Excadrill|Protect|p2b: Excadrill
|-singleturn|p2b: Excadrill|Protect
|move|p1b: Camerupt|Eruption|p2a: Tyranitar|[spread] 
|-activate|p2a: Tyranitar|move: Protect
|-activate|p2b: Excadrill|move: Protect
|move|p1a: Hatterene|Dazzling Gleam|p2a: Tyranitar|[spread] 
|-activate|p2a: Tyranitar|move: Protect
|-activate|p2b: Excadrill|move: Protect
|
|-weather|Sandstorm|[upkeep]
|-damage|p1a: Hatterene|87/100|[from] Sandstorm
|-fieldend|move: Trick Room
|upkeep
|turn|6
|
|t:|1782266294
|move|p2b: Excadrill|Iron Head|p1a: Hatterene
|-supereffective|p1a: Hatterene|1
|-damage|p1a: Hatterene|0 fnt
|faint|p1a: Hatterene
|move|p2a: Tyranitar|Rock Slide|p1b: Camerupt
|-damage|p1b: Camerupt|55/100
|move|p1b: Camerupt|Eruption|p2a: Tyranitar|[spread] p2a,p2b
|-resisted|p2a: Tyranitar|1
|-supereffective|p2b: Excadrill|1
|-damage|p2a: Tyranitar|15/100
|-damage|p2b: Excadrill|3/100
|
|-weather|Sandstorm|[upkeep]
|upkeep
|turn|7
|l|☆bighamsterbaseball
|inactive|bighamsterbaseball disconnected and has a minute to reconnect!
|player|p2|
|j|☆bighamsterbaseball
|inactive|bighamsterbaseball reconnected and has 45 seconds left.
|player|p2|bighamsterbaseball|pokemaniac|
|
|t:|1782266318
|move|p2a: Tyranitar|Protect|p2a: Tyranitar
|-singleturn|p2a: Tyranitar|Protect
|move|p2b: Excadrill|Earthquake|p1b: Camerupt|[spread] p1b
|-activate|p2a: Tyranitar|move: Protect
|-supereffective|p1b: Camerupt|1
|-damage|p1b: Camerupt|0 fnt
|faint|p1b: Camerupt
|
|win|bighamsterbaseball
|raw|mroreo328's rating: 1272 → 1242(-30 for losing)
|raw|bighamsterbaseball's rating: 1203 → 1233(+30 for winning)
|l|☆mroreo328
|player|p1|
