|j|☆MrGardnHose
|j|☆bologna23191
|html|MrGardnHosebologna23191    
|uhtml|bestof|Game 1 of a best-of-3
|t:|1782409579
|gametype|doubles
|player|p1|MrGardnHose|jasmine-masters2|1170
|player|p2|bologna23191|102|1061
|gen|9
|tier|[Gen 9 Champions] VGC 2026 Reg M-B (Bo3)
|rated|
|rule|Species Clause: Limit one of each Pokémon
|rule|Item Clause: Limit 1 of each item
|clearpoke
|poke|p1|Whimsicott, L50, F|
|poke|p1|Swampert, L50, M|
|poke|p1|Pelipper, L50, F|
|poke|p1|Archaludon, L50, M|
|poke|p1|Basculegion, L50, M|
|poke|p1|Floette-Eternal, L50, F|
|poke|p2|Gengar, L50, M|
|poke|p2|Incineroar, L50, F|
|poke|p2|Sinistcha, L50|
|poke|p2|Kommo-o, L50, F|
|poke|p2|Sneasler, L50, M|
|poke|p2|Politoed, L50, F|
|teampreview|4
|showteam|p1|Whimsicott||CobaBerry|Prankster|Moonblast,Tailwind,Encore,Protect|Bold||F|||50|]Swampert||Swampertite|Torrent|WaveCrash,Earthquake,IcePunch,Protect|Adamant||M|||50|]Pelipper||LifeOrb|Drizzle|WeatherBall,Hurricane,Tailwind,Protect|Modest||F|||50|]Archaludon||Leftovers|Stamina|DracoMeteor,FlashCannon,ElectroShot,Protect|Modest||M|||50|]Basculegion||FocusSash|Adaptability|Liquidation,LastRespects,AquaJet,Protect|Adamant||M|||50|]Floette-Eternal||Floettite|FlowerVeil|Moonblast,DazzlingGleam,LightofRuin,Protect|Modest||F|||50|
|showteam|p2|Gengar||Gengarite|CursedBody|PerishSong,Disable,Protect,ShadowBall|Calm||M|||50|]Incineroar||SitrusBerry|Intimidate|FakeOut,PartingShot,FlareBlitz,Protect|Careful||F|||50|]Sinistcha||KasibBerry|Hospitality|Protect,MatchaGotcha,RagePowder,TrickRoom|Relaxed|||||50|]Kommo-o||Leftovers|Soundproof|ClangingScales,ClangorousSoul,Protect,AuraSphere|Timid||F|||50|]Sneasler|||PoisonTouch|FakeOut,PoisonJab,CloseCombat,Protect|Jolly||M|||50|]Politoed||MentalHerb|Drizzle|PerishSong,WeatherBall,Protect,Encore|Calm||F|||50|
|
|t:|1782409595
|teamsize|p1|4
|teamsize|p2|4
|start
|switch|p1a: Basculegion|Basculegion, L50, M|100/100
|switch|p1b: Whimsicott|Whimsicott, L50, F|100/100
|switch|p2a: Gengar|Gengar, L50, M|100/100
|switch|p2b: Incineroar|Incineroar, L50, F|100/100
|-ability|p2b: Incineroar|Intimidate|boost
|-unboost|p1a: Basculegion|atk|1
|-unboost|p1b: Whimsicott|atk|1
|turn|1
|
|t:|1782409627
|detailschange|p2a: Gengar|Gengar-Mega, L50, M
|-mega|p2a: Gengar|Gengar|Gengarite
|move|p1b: Whimsicott|Protect|p1b: Whimsicott
|-singleturn|p1b: Whimsicott|Protect
|move|p2a: Gengar|Protect|p2a: Gengar
|-singleturn|p2a: Gengar|Protect
|move|p1a: Basculegion|Liquidation|p2a: Gengar
|-activate|p2a: Gengar|move: Protect
|move|p2b: Incineroar|Parting Shot|p1a: Basculegion
|-unboost|p1a: Basculegion|atk|1
|-unboost|p1a: Basculegion|spa|1
|
|t:|1782409643
|switch|p2b: Sinistcha|Sinistcha, L50|100/100|[from] Parting Shot
|
|upkeep
|turn|2
|
|t:|1782409658
|move|p1b: Whimsicott|Encore|p2a: Gengar
|-start|p2a: Gengar|Encore
|move|p2a: Gengar|Protect||[still]
|-fail|p2a: Gengar
|move|p1a: Basculegion|Last Respects|p2b: Sinistcha
|-supereffective|p2b: Sinistcha|1
|-enditem|p2b: Sinistcha|Kasib Berry|[eat]
|-enditem|p2b: Sinistcha|Kasib Berry|[weaken]
|-damage|p2b: Sinistcha|86/100
|move|p2b: Sinistcha|Trick Room|p2b: Sinistcha
|-fieldstart|move: Trick Room|[of] p2b: Sinistcha
|
|upkeep
|turn|3
|
|t:|1782409670
|switch|p1a: Swampert|Swampert, L50, M|100/100
|switch|p2a: Incineroar|Incineroar, L50, F|100/100
|-ability|p2a: Incineroar|Intimidate|boost
|-unboost|p1a: Swampert|atk|1
|-unboost|p1b: Whimsicott|atk|1
|move|p2b: Sinistcha|Protect|p2b: Sinistcha
|-singleturn|p2b: Sinistcha|Protect
|move|p1b: Whimsicott|Moonblast|p2a: Incineroar
|-damage|p2a: Incineroar|82/100
|
|upkeep
|turn|4
|
|t:|1782409685
|switch|p2b: Gengar|Gengar-Mega, L50, M|100/100
|switch|p1b: Pelipper|Pelipper, L50, F|100/100
|-weather|RainDance|[from] ability: Drizzle|[of] p1b: Pelipper
|move|p2a: Incineroar|Fake Out|p1a: Swampert
|-damage|p1a: Swampert|88/100
|cant|p1a: Swampert|flinch
|
|-weather|RainDance|[upkeep]
|upkeep
|turn|5
|
|t:|1782409705
|move|p2a: Incineroar|Parting Shot|p1a: Swampert
|-unboost|p1a: Swampert|atk|1
|-unboost|p1a: Swampert|spa|1
|
|t:|1782409713
|switch|p2a: Sinistcha|Sinistcha, L50|86/100|[from] Parting Shot
|move|p1a: Swampert|Earthquake|p2a: Sinistcha|[spread] p2a,p2b
|-immune|p1b: Pelipper
|-resisted|p2a: Sinistcha|1
|-crit|p2a: Sinistcha
|-supereffective|p2b: Gengar|1
|-damage|p2a: Sinistcha|66/100
|-damage|p2b: Gengar|49/100
|move|p1b: Pelipper|Weather Ball|p2b: Gengar
|-damage|p2b: Gengar|0 fnt
|faint|p2b: Gengar
|-damage|p1b: Pelipper|90/100|[from] item: Life Orb
|
|-weather|RainDance|[upkeep]
|upkeep
|
|t:|1782409728
|switch|p2b: Incineroar|Incineroar, L50, F|82/100
|-ability|p2b: Incineroar|Intimidate|boost
|-unboost|p1a: Swampert|atk|1
|-unboost|p1b: Pelipper|atk|1
|turn|6
|-message|bologna23191 forfeited.
|
|win|MrGardnHose
