|j|☆Bconckord
|j|☆lehope_86
|html|Bconckordlehope_86    
|uhtml|bestof|Game 2 of a best-of-3
|t:|1756738867
|gametype|doubles
|player|p1|Bconckord|169|1084
|player|p2|lehope_86|shadowtriad|1000
|gen|9
|tier|[Gen 9] VGC 2025 Reg H (Bo3)
|rated|
|rule|Species Clause: Limit one of each Pokémon
|rule|Item Clause: Limit 1 of each item
|clearpoke
|poke|p1|Sunkern, L50, M|
|poke|p1|Torkoal, L50, F|
|poke|p1|Indeedee-F, L50, F|
|poke|p1|Gallade, L50, M|
|poke|p1|Charizard, L50, F|
|poke|p1|Jumpluff, L50, M|
|poke|p2|Whimsicott, L50, M|
|poke|p2|Gholdengo, L50|
|poke|p2|Pelipper, L50, F|
|poke|p2|Rillaboom, L50, M|
|poke|p2|Dragonite, L50, F|
|poke|p2|Archaludon, L50, F|
|teampreview|4
|showteam|p1|Sunkern||LifeOrb|SolarPower|SolarBeam,EarthPower,WeatherBall,Protect|||M|||50|,,,,,Fire]Torkoal||EjectPack|Drought|HelpingHand,Eruption,Overheat,Protect|||F|||50|,,,,,Fire]Indeedee-F||PsychicSeed|PsychicSurge|FollowMe,TrickRoom,HelpingHand,Psychic|||F|||50|,,,,,Fairy]Gallade||ClearAmulet|Sharpness|WideGuard,SacredSword,PsychoCut,TrickRoom|||M|||50|,,,,,Fire]Charizard||ChoiceSpecs|SolarPower|AirSlash,HeatWave,Overheat,WeatherBall|||F|||50|,,,,,Ghost]Jumpluff||CovertCloak|Chlorophyll|SleepPowder,SunnyDay,Tailwind,RagePowder|||M|||50|,,,,,Water
|showteam|p2|Whimsicott||CovertCloak|Prankster|Tailwind,Moonblast,Encore,FakeTears|||M|||50|,,,,,Dark]Gholdengo||ChoiceSpecs|GoodasGold|MakeItRain,ShadowBall,SteelBeam,PowerGem||||||50|,,,,,Steel]Pelipper||FocusSash|Drizzle|Hurricane,WeatherBall,WideGuard,Protect|||F|||50|,,,,,Grass]Rillaboom||AssaultVest|GrassySurge|FakeOut,GrassyGlide,WoodHammer,Uturn|||M|||50|,,,,,Fire]Dragonite||LoadedDice|Multiscale|ScaleShot,LowKick,Protect,Haze|||F|||50|,,,,,Fairy]Archaludon||PowerHerb|Sturdy|ElectroShot,DragonPulse,FlashCannon,Protect|||F|||50|,,,,,Electric
|inactive|Battle timer is ON: inactive players will automatically lose when time's up. (requested by Bconckord)
|
|t:|1756738884
|teamsize|p1|4
|teamsize|p2|4
|start
|switch|p1a: Indeedee|Indeedee-F, L50, F|100/100
|switch|p1b: Gallade|Gallade, L50, M|100/100
|switch|p2a: Archaludon|Archaludon, L50, F, shiny|100/100
|switch|p2b: Dragonite|Dragonite, L50, F|100/100
|-fieldstart|move: Psychic Terrain|[from] ability: Psychic Surge|[of] p1a: Indeedee
|-enditem|p1a: Indeedee|Psychic Seed
|-boost|p1a: Indeedee|spd|1|[from] item: Psychic Seed
|turn|1
|inactive|lehope_86 has 30 seconds left.
|
|t:|1756738911
|-terastallize|p2b: Dragonite|Fairy
|move|p1a: Indeedee|Follow Me|p1a: Indeedee
|-singleturn|p1a: Indeedee|move: Follow Me
|move|p2a: Archaludon|Electro Shot||[still]
|-prepare|p2a: Archaludon|Electro Shot
|-boost|p2a: Archaludon|spa|1
|-enditem|p2a: Archaludon|Power Herb
|-anim|p2a: Archaludon|Electro Shot|p1a: Indeedee
|-damage|p1a: Indeedee|55/100
|move|p2b: Dragonite|Scale Shot|p1a: Indeedee
|-damage|p1a: Indeedee|41/100
|-damage|p1a: Indeedee|25/100
|-damage|p1a: Indeedee|11/100
|-damage|p1a: Indeedee|0 fnt
|faint|p1a: Indeedee
|-hitcount|p1: Indeedee|4
|-unboost|p2b: Dragonite|def|1
|-boost|p2b: Dragonite|spe|1
|move|p1b: Gallade|Trick Room|p1b: Gallade
|-fieldstart|move: Trick Room|[of] p1b: Gallade
|
|upkeep
|
|t:|1756738921
|switch|p1a: discount charizard|Sunkern, L50, M|100/100
|turn|2
|inactive|Bconckord has 30 seconds left.
|
|t:|1756738947
|move|p1a: discount charizard|Protect|p1a: discount charizard
|-singleturn|p1a: discount charizard|Protect
|move|p2b: Dragonite|Protect|p2b: Dragonite
|-singleturn|p2b: Dragonite|Protect
|move|p1b: Gallade|Sacred Sword|p2a: Archaludon
|-supereffective|p2a: Archaludon
|-ability|p2a: Archaludon|Sturdy
|-damage|p2a: Archaludon|1/100
|move|p2a: Archaludon|Dragon Pulse|p1b: Gallade
|-damage|p1b: Gallade|41/100
|
|upkeep
|turn|3
|inactive|lehope_86 has 30 seconds left.
|
|t:|1756738973
|move|p2a: Archaludon|Protect|p2a: Archaludon
|-singleturn|p2a: Archaludon|Protect
|move|p1a: discount charizard|Earth Power|p2a: Archaludon
|-activate|p2a: Archaludon|move: Protect
|move|p1b: Gallade|Psycho Cut|p2b: Dragonite
|-damage|p2b: Dragonite|36/100
|move|p2b: Dragonite|Scale Shot|p1a: discount charizard
|-crit|p1a: discount charizard
|-damage|p1a: discount charizard|36/100
|-damage|p1a: discount charizard|0 fnt
|faint|p1a: discount charizard
|-hitcount|p1: discount charizard|2
|-unboost|p2b: Dragonite|def|1
|-boost|p2b: Dragonite|spe|1
|
|upkeep
|
|t:|1756738981
|switch|p1a: Torkoal|Torkoal, L50, F|100/100
|-weather|SunnyDay|[from] ability: Drought|[of] p1a: Torkoal
|turn|4
|c|☆Bconckord|rip sunkern
|
|t:|1756739000
|-terastallize|p1a: Torkoal|Fire
|move|p2b: Dragonite|Protect|p2b: Dragonite
|-singleturn|p2b: Dragonite|Protect
|move|p1a: Torkoal|Eruption|p2a: Archaludon|[spread] p2a
|-activate|p2b: Dragonite|move: Protect
|-damage|p2a: Archaludon|0 fnt
|faint|p2a: Archaludon
|move|p1b: Gallade|Psycho Cut|p2b: Dragonite
|-activate|p2b: Dragonite|move: Protect
|
|-weather|SunnyDay|[upkeep]
|upkeep
|
|t:|1756739013
|switch|p2a: Pelipper|Pelipper, L50, F|100/100
|-weather|RainDance|[from] ability: Drizzle|[of] p2a: Pelipper
|turn|5
|
|t:|1756739026
|move|p2b: Dragonite|Protect||[still]
|-fail|p2b: Dragonite
|move|p1a: Torkoal|Eruption|p2b: Dragonite|[spread] p2a,p2b
|-resisted|p2a: Pelipper
|-damage|p2a: Pelipper|71/100
|-damage|p2b: Dragonite|0 fnt
|faint|p2b: Dragonite
|move|p1b: Gallade|Psycho Cut|p2a: Pelipper
|-damage|p2a: Pelipper|0 fnt
|faint|p2a: Pelipper
|
|-weather|RainDance|[upkeep]
|-fieldend|move: Trick Room
|-fieldend|move: Psychic Terrain
|upkeep
|
|t:|1756739039
|switch|p2b: Rillaboom|Rillaboom, L50, M|100/100
|-fieldstart|move: Grassy Terrain|[from] ability: Grassy Surge|[of] p2b: Rillaboom
|turn|6
|
|t:|1756739050
|move|p2b: Rillaboom|Fake Out|p1a: Torkoal
|-damage|p1a: Torkoal|90/100
|move|p1b: Gallade|Psycho Cut|p2b: Rillaboom
|-damage|p2b: Rillaboom|49/100
|cant|p1a: Torkoal|flinch
|
|-weather|RainDance|[upkeep]
|-heal|p2b: Rillaboom|55/100|[from] Grassy Terrain
|-heal|p1b: Gallade|47/100|[from] Grassy Terrain
|-heal|p1a: Torkoal|97/100|[from] Grassy Terrain
|upkeep
|turn|7
|-message|lehope_86 forfeited.
|
|win|Bconckord
||lehope_86 is ready for game 3.
