|j|☆Invoker Kuzan
|j|☆pashmak
|html|Invoker Kuzanpashmak    
|uhtml|bestof|Game 1 of a best-of-3
|t:|1756249545
|gametype|doubles
|player|p1|Invoker Kuzan|marnie-masters3|1121
|player|p2|pashmak|waiter|1166
|gen|9
|tier|[Gen 9] VGC 2025 Reg H (Bo3)
|rated|
|rule|Species Clause: Limit one of each Pokémon
|rule|Item Clause: Limit 1 of each item
|clearpoke
|poke|p1|Indeedee-F, L50, F|
|poke|p1|Hatterene, L50, F|
|poke|p1|Gallade, L50, M|
|poke|p1|Ursaluna, L50, M|
|poke|p1|Lilligant-Hisui, L50, F|
|poke|p1|Torkoal, L50, M|
|poke|p2|Sneasler, L50, M|
|poke|p2|Dragapult, L50, M|
|poke|p2|Primarina, L50, F|
|poke|p2|Rillaboom, L50, F|
|poke|p2|Kingambit, L50, M|
|poke|p2|Magmar, L50, F|
|teampreview|4
|showteam|p1|Indeedee-F||PsychicSeed|PsychicSurge|TrickRoom,FollowMe,HelpingHand,DazzlingGleam|||F|||50|,,,,,Fire]Hatterene||LifeOrb|MagicBounce|ExpandingForce,TrickRoom,DazzlingGleam,Protect|||F|||50|,,,,,Psychic]Gallade||ClearAmulet|Sharpness|PsychoCut,TrickRoom,SacredSword,WideGuard|||M|||50|,,,,,Grass]Ursaluna||FlameOrb|Guts|HeadlongRush,Facade,SwordsDance,Protect|||M|||50|,,,,,Ghost]Lilligant-Hisui||FocusSash|Chlorophyll|SolarBlade,SleepPowder,CloseCombat,AfterYou|||F|||50|,,,,,Ghost]Torkoal||ChoiceSpecs|Drought|Eruption,HeatWave,WeatherBall,EarthPower|||M|||50|,,,,,Fire
|showteam|p2|Sneasler||FocusSash|PoisonTouch|CloseCombat,DireClaw,FakeOut,Protect|||M|||50|,,,,,Stellar]Dragapult||ChoiceBand|ClearBody|DragonDarts,TeraBlast,PhantomForce,Uturn|||M|||50|,,,,,Ghost]Primarina||SitrusBerry|LiquidVoice|HyperVoice,Moonblast,Haze,Protect|||F|||50|,,,,,Water]Rillaboom||AssaultVest|GrassySurge|WoodHammer,GrassyGlide,HighHorsepower,FakeOut|||F|||50|,,,,,Fire]Kingambit||BlackGlasses|Defiant|KowtowCleave,SuckerPunch,SwordsDance,Protect|||M|||50|,,,,,Ghost]Magmar||Eviolite|VitalSpirit|Overheat,WillOWisp,FollowMe,Protect|||F|||50|,,,,,Ghost
|
|t:|1756249611
|teamsize|p1|4
|teamsize|p2|4
|start
|switch|p1a: Lilligant|Lilligant-Hisui, L50, F, shiny|100/100
|switch|p1b: Torkoal|Torkoal, L50, M, shiny|100/100
|switch|p2a: Sneasler|Sneasler, L50, M|100/100
|switch|p2b: Dragapult|Dragapult, L50, M|100/100
|-weather|SunnyDay|[from] ability: Drought|[of] p1b: Torkoal
|turn|1
|inactive|Battle timer is ON: inactive players will automatically lose when time's up. (requested by Invoker Kuzan)
|
|t:|1756249639
|switch|p1b: Indeedee|Indeedee-F, L50, F, shiny|100/100
|-fieldstart|move: Psychic Terrain|[from] ability: Psychic Surge|[of] p1b: Indeedee
|-enditem|p1b: Indeedee|Psychic Seed
|-boost|p1b: Indeedee|spd|1|[from] item: Psychic Seed
|move|p2a: Sneasler|Fake Out|p1b: Indeedee
|-activate|p1b: Indeedee|move: Psychic Terrain
|move|p1a: Lilligant|Sleep Powder|p2b: Dragapult
|-status|p2b: Dragapult|slp|[from] move: Sleep Powder
|cant|p2b: Dragapult|slp
|
|-weather|SunnyDay|[upkeep]
|upkeep
|turn|2
|inactive|Invoker Kuzan has 30 seconds left.
|inactive|Invoker Kuzan has 20 seconds left.
|inactive|Invoker Kuzan has 15 seconds left.
|
|t:|1756249683
|switch|p2a: Rillaboom|Rillaboom, L50, F|100/100
|-fieldstart|move: Grassy Terrain|[from] ability: Grassy Surge|[of] p2a: Rillaboom
|move|p1a: Lilligant|Solar Blade||[still]
|-prepare|p1a: Lilligant|Solar Blade
|-anim|p1a: Lilligant|Solar Blade|p2a: Rillaboom
|-resisted|p2a: Rillaboom
|-damage|p2a: Rillaboom|64/100
|-curestatus|p2b: Dragapult|slp|[msg]
|move|p2b: Dragapult|U-turn|p1a: Lilligant
|-damage|p1a: Lilligant|45/100
|
|t:|1756249702
|switch|p2b: Magmar|Magmar, L50, F|100/100|[from] U-turn
|move|p1b: Indeedee|Trick Room|p1b: Indeedee
|-fieldstart|move: Trick Room|[of] p1b: Indeedee
|
|-weather|SunnyDay|[upkeep]
|-heal|p2a: Rillaboom|70/100|[from] Grassy Terrain
|-heal|p1a: Lilligant|51/100|[from] Grassy Terrain
|upkeep
|turn|3
|inactive|pashmak has 30 seconds left.
|
|t:|1756249727
|switch|p1b: Torkoal|Torkoal, L50, M, shiny|100/100
|switch|p1a: Hatterene|Hatterene, L50, F, shiny|100/100
|move|p2a: Rillaboom|Wood Hammer|p1b: Torkoal
|-resisted|p1b: Torkoal
|-damage|p1b: Torkoal|68/100
|-damage|p2a: Rillaboom|60/100|[from] Recoil
|move|p2b: Magmar|Overheat|p1a: Hatterene
|-damage|p1a: Hatterene|25/100
|-unboost|p2b: Magmar|spa|2
|
|-weather|SunnyDay|[upkeep]
|-heal|p1b: Torkoal|75/100|[from] Grassy Terrain
|-heal|p1a: Hatterene|31/100|[from] Grassy Terrain
|-heal|p2a: Rillaboom|66/100|[from] Grassy Terrain
|upkeep
|turn|4
|
|t:|1756249751
|switch|p1b: Indeedee|Indeedee-F, L50, F, shiny|100/100
|-fieldstart|move: Psychic Terrain|[from] ability: Psychic Surge|[of] p1b: Indeedee
|switch|p2a: Dragapult|Dragapult, L50, M|100/100
|-terastallize|p1a: Hatterene|Psychic
|move|p2b: Magmar|Protect|p2b: Magmar
|-singleturn|p2b: Magmar|Protect
|move|p1a: Hatterene|Expanding Force|p2b: Magmar|[spread] p2a
|-activate|p2b: Magmar|move: Protect
|-damage|p2a: Dragapult|0 fnt
|faint|p2a: Dragapult
|-damage|p1a: Hatterene|21/100|[from] item: Life Orb
|
|-weather|SunnyDay|[upkeep]
|upkeep
|
|t:|1756249758
|switch|p2a: Rillaboom|Rillaboom, L50, F|66/100
|-fieldstart|move: Grassy Terrain|[from] ability: Grassy Surge|[of] p2a: Rillaboom
|turn|5
|inactive|Invoker Kuzan has 30 seconds left.
|
|t:|1756249789
|switch|p1b: Lilligant|Lilligant-Hisui, L50, F, shiny|51/100
|switch|p2b: Sneasler|Sneasler, L50, M|100/100
|move|p1a: Hatterene|Protect|p1a: Hatterene
|-singleturn|p1a: Hatterene|Protect
|move|p2a: Rillaboom|High Horsepower|p1b: Lilligant
|-resisted|p1b: Lilligant
|-damage|p1b: Lilligant|26/100
|
|-weather|none
|-heal|p1a: Hatterene|27/100|[from] Grassy Terrain
|-heal|p2a: Rillaboom|73/100|[from] Grassy Terrain
|-heal|p1b: Lilligant|32/100|[from] Grassy Terrain
|upkeep
|turn|6
|
|t:|1756249808
|switch|p2a: Magmar|Magmar, L50, F|100/100
|switch|p1b: Indeedee|Indeedee-F, L50, F, shiny|100/100
|-fieldstart|move: Psychic Terrain|[from] ability: Psychic Surge|[of] p1b: Indeedee
|move|p2b: Sneasler|Protect|p2b: Sneasler
|-singleturn|p2b: Sneasler|Protect
|move|p1a: Hatterene|Expanding Force|p2a: Magmar|[spread] p2a
|-activate|p2b: Sneasler|move: Protect
|-damage|p2a: Magmar|13/100
|-damage|p1a: Hatterene|17/100|[from] item: Life Orb
|
|-fieldend|move: Trick Room
|upkeep
|turn|7
|inactive|Invoker Kuzan has 30 seconds left.
|
|t:|1756249834
|switch|p2a: Rillaboom|Rillaboom, L50, F|73/100
|-fieldstart|move: Grassy Terrain|[from] ability: Grassy Surge|[of] p2a: Rillaboom
|move|p2b: Sneasler|Fake Out||[still]
|-hint|Fake Out only works on your first turn out.
|-fail|p2b: Sneasler
|move|p1a: Hatterene|Expanding Force|p2b: Sneasler
|-supereffective|p2b: Sneasler
|-enditem|p2b: Sneasler|Focus Sash
|-damage|p2b: Sneasler|1/100
|-damage|p1a: Hatterene|8/100|[from] item: Life Orb
|move|p1b: Indeedee|Trick Room|p1b: Indeedee
|-fieldstart|move: Trick Room|[of] p1b: Indeedee
|
|-heal|p1a: Hatterene|14/100|[from] Grassy Terrain
|-heal|p2a: Rillaboom|79/100|[from] Grassy Terrain
|-heal|p2b: Sneasler|7/100|[from] Grassy Terrain
|upkeep
|turn|8
|
|t:|1756249854
|move|p1a: Hatterene|Dazzling Gleam|p2a: Rillaboom|[spread] p2a,p2b
|-damage|p2a: Rillaboom|45/100
|-damage|p2b: Sneasler|0 fnt
|faint|p2b: Sneasler
|-damage|p1a: Hatterene|4/100|[from] item: Life Orb
|move|p1b: Indeedee|Dazzling Gleam|p2a: Rillaboom
|-damage|p2a: Rillaboom|31/100
|move|p2a: Rillaboom|High Horsepower|p1a: Hatterene
|-damage|p1a: Hatterene|0 fnt
|faint|p1a: Hatterene
|
|-heal|p2a: Rillaboom|38/100|[from] Grassy Terrain
|upkeep
|
|t:|1756249857
|switch|p1a: Torkoal|Torkoal, L50, M, shiny|75/100
|switch|p2b: Magmar|Magmar, L50, F|13/100
|-weather|SunnyDay|[from] ability: Drought|[of] p1a: Torkoal
|turn|9
|
|t:|1756249862
|-terastallize|p2a: Rillaboom|Fire
|move|p2b: Magmar|Protect|p2b: Magmar
|-singleturn|p2b: Magmar|Protect
|move|p1b: Indeedee|Follow Me|p1b: Indeedee
|-singleturn|p1b: Indeedee|move: Follow Me
|move|p1a: Torkoal|Eruption|p2b: Magmar|[spread] p2a
|-activate|p2b: Magmar|move: Protect
|-resisted|p2a: Rillaboom
|-damage|p2a: Rillaboom|10/100
|move|p2a: Rillaboom|High Horsepower|p1b: Indeedee
|-damage|p1b: Indeedee|65/100
|
|-weather|SunnyDay|[upkeep]
|-heal|p1a: Torkoal|81/100|[from] Grassy Terrain
|-heal|p1b: Indeedee|71/100|[from] Grassy Terrain
|-heal|p2a: Rillaboom|16/100|[from] Grassy Terrain
|-heal|p2b: Magmar|19/100|[from] Grassy Terrain
|upkeep
|turn|10
|-message|pashmak forfeited.
|
|win|Invoker Kuzan
|l|☆pashmak
|player|p2|
||pashmak is ready for game 2.
||Invoker Kuzan is ready for game 2.
|uhtml|next|Next: Game 2 of 3
