|j|вШЖstarsmile
|j|вШЖUnskilled99
|html|starsmileUnskilled99    
|uhtml|bestof|Game 2 of a best-of-3
|t:|1786197880
|gametype|doubles
|player|p1|starsmile|schoolkid-gen4|
|player|p2|Unskilled99|unknown|
|gen|9
|tier|[Gen 9 Champions] VGC 2026 Reg M-B (Bo3)
|rule|Species Clause: Limit one of each Pok√©mon
|rule|Item Clause: Limit 1 of each item
|clearpoke
|poke|p1|Charizard, L50, M, shiny|
|poke|p1|Sneasler, L50, F|
|poke|p1|Garchomp, L50, F|
|poke|p1|Whimsicott, L50, M|
|poke|p1|Kingambit, L50, F|
|poke|p1|Floette-Eternal, L50, F|
|poke|p2|Charizard, L50, F|
|poke|p2|Garchomp, L50, M|
|poke|p2|Sylveon, L50, F|
|poke|p2|Farigiraf, L50, F|
|poke|p2|Incineroar, L50, M|
|poke|p2|Aerodactyl, L50, M|
|teampreview|4
|showteam|p1|Charizard||CharizarditeY|Blaze|HeatWave,WeatherBall,SolarBeam,Protect|Modest||M|||50|]Sneasler||WhiteHerb|Unburden|FakeOut,CloseCombat,DireClaw,Protect|Jolly||F|||50|]Garchomp||LifeOrb|RoughSkin|Earthquake,DragonClaw,RockSlide,Protect|Jolly||F|||50|]Whimsicott||SitrusBerry|Prankster|Moonblast,Tailwind,Charm,SunnyDay|Bold||M|||50|]Kingambit||FocusSash|Defiant|SuckerPunch,KowtowCleave,ZenHeadbutt,Protect|Adamant||F|||50|]Floette-Eternal||Floettite|FlowerVeil|DazzlingGleam,Moonblast,LightofRuin,Protect|Modest||F|||50|
|showteam|p2|Charizard||CharizarditeY|Blaze|HeatWave,WeatherBall,SolarBeam,Protect|Modest||F|||50|]Garchomp||LifeOrb|RoughSkin|Earthquake,StompingTantrum,DragonClaw,Protect|Adamant||M|||50|]Sylveon||FairyFeather|Pixilate|HyperVoice,Yawn,QuickAttack,Detect|Modest||F|||50|]Farigiraf||SitrusBerry|ArmorTail|TrickRoom,Psyshock,HelpingHand,Protect|Calm||F|||50|]Incineroar||ExpertBelt|Intimidate|FakeOut,PartingShot,FlareBlitz,DarkestLariat|Brave||M|||50|]Aerodactyl||Aerodactylite|Unnerve|RockSlide,Tailwind,WideGuard,DualWingbeat|Jolly||M|||50|
|j| jimmy0514
|
|t:|1786197917
|teamsize|p1|4
|teamsize|p2|4
|start
|switch|p1a: иґЕжіЊжХЩзЈі|Kingambit, L50, F|100/100
|switch|p1b: е§ІеІРй†≠|Garchomp, L50, F|100/100
|switch|p2a: Aerodactyl|Aerodactyl, L50, M|100/100
|switch|p2b: Charizard|Charizard, L50, F|100/100
|-ability|p2a: Aerodactyl|Unnerve
|turn|1
|
|t:|1786197951
|detailschange|p2b: Charizard|Charizard-Mega-Y, L50, F
|-mega|p2b: Charizard|Charizard|Charizardite Y
|-weather|SunnyDay|[from] ability: Drought|[of] p2b: Charizard
|move|p2a: Aerodactyl|Rock Slide|p1a: иґЕжіЊжХЩзЈі|[spread] p1a,p1b
|-resisted|p1a: иґЕжіЊжХЩзЈі|1
|-resisted|p1b: е§ІеІРй†≠|1
|-damage|p1a: иґЕжіЊжХЩзЈі|90/100
|-damage|p1b: е§ІеІРй†≠|89/100
|move|p1b: е§ІеІРй†≠|Dragon Claw|p2a: Aerodactyl
|-damage|p2a: Aerodactyl|35/100
|-damage|p1b: е§ІеІРй†≠|80/100|[from] item: Life Orb
|move|p2b: Charizard|Heat Wave|p1b: е§ІеІРй†≠|[spread] p1a,p1b
|-supereffective|p1a: иґЕжіЊжХЩзЈі|1
|-resisted|p1b: е§ІеІРй†≠|1
|-damage|p1a: иґЕжіЊжХЩзЈі|0 fnt
|-damage|p1b: е§ІеІРй†≠|45/100
|faint|p1a: иґЕжіЊжХЩзЈі
|
|-weather|SunnyDay|[upkeep]
|upkeep
|
|t:|1786197972
|switch|p1a: еРЙз••зЙ©|Whimsicott, L50, M|100/100
|turn|2
|
|t:|1786198003
|move|p2a: Aerodactyl|Wide Guard|p2a: Aerodactyl
|-singleturn|p2a: Aerodactyl|Wide Guard
|move|p1a: еРЙз••зЙ©|Tailwind|p1a: еРЙз••зЙ©
|-sidestart|p1: starsmile|move: Tailwind
|move|p1b: е§ІеІРй†≠|Dragon Claw|p2b: Charizard
|-damage|p2b: Charizard|53/100
|-damage|p1b: е§ІеІРй†≠|36/100|[from] item: Life Orb
|move|p2b: Charizard|Solar Beam||[still]
|-prepare|p2b: Charizard|Solar Beam
|-anim|p2b: Charizard|Solar Beam|p1b: е§ІеІРй†≠
|-damage|p1b: е§ІеІРй†≠|0 fnt
|faint|p1b: е§ІеІРй†≠
|
|-weather|SunnyDay|[upkeep]
|upkeep
|
|t:|1786198019
|switch|p1b: йїСйЊНе§ІжђЄ|Charizard, L50, M, shiny|100/100
|turn|3
|
|t:|1786198035
|detailschange|p1b: йїСйЊНе§ІжђЄ|Charizard-Mega-Y, L50, M, shiny
|-mega|p1b: йїСйЊНе§ІжђЄ|Charizard|Charizardite Y
|move|p2b: Charizard|Protect|p2b: Charizard
|-singleturn|p2b: Charizard|Protect
|move|p1a: еРЙз••зЙ©|Charm|p2a: Aerodactyl
|-unboost|p2a: Aerodactyl|atk|2
|move|p1b: йїСйЊНе§ІжђЄ|Weather Ball|p2b: Charizard
|-activate|p2b: Charizard|move: Protect
|move|p2a: Aerodactyl|Tailwind|p2a: Aerodactyl
|-sidestart|p2: Unskilled99|move: Tailwind
|
|-weather|SunnyDay|[upkeep]
|upkeep
|turn|4
|
|t:|1786198070
|switch|p2b: Farigiraf|Farigiraf, L50, F|100/100
|move|p1a: еРЙз••зЙ©|Charm||[still]
|cant|p2b: Farigiraf|ability: Armor Tail|Charm|[of] p1a: еРЙз••зЙ©
|move|p2a: Aerodactyl|Rock Slide|p1a: еРЙз••зЙ©|[spread] p1a,p1b
|-supereffective|p1b: йїСйЊНе§ІжђЄ|2
|-damage|p1a: еРЙз••зЙ©|90/100
|-damage|p1b: йїСйЊНе§ІжђЄ|57/100
|move|p1b: йїСйЊНе§ІжђЄ|Heat Wave|p2b: Farigiraf|[spread] p2a,p2b
|-resisted|p2a: Aerodactyl|1
|-damage|p2a: Aerodactyl|0 fnt
|-damage|p2b: Farigiraf|45/100
|-enditem|p2b: Farigiraf|Sitrus Berry|[eat]
|-heal|p2b: Farigiraf|70/100|[from] item: Sitrus Berry
|faint|p2a: Aerodactyl
|
|-weather|SunnyDay|[upkeep]
|upkeep
|
|t:|1786198081
|switch|p2a: Charizard|Charizard-Mega-Y, L50, F|53/100
|turn|5
|
|t:|1786198097
|move|p1b: йїСйЊНе§ІжђЄ|Weather Ball|p2a: Charizard
|-resisted|p2a: Charizard|1
|-damage|p2a: Charizard|16/100
|move|p1a: еРЙз••зЙ©|Moonblast|p2b: Farigiraf
|-damage|p2b: Farigiraf|50/100g
|move|p2a: Charizard|Heat Wave|p1b: йїСйЊНе§ІжђЄ|[spread] p1a,p1b
|-supereffective|p1a: еРЙз••зЙ©|1
|-resisted|p1b: йїСйЊНе§ІжђЄ|1
|-damage|p1a: еРЙз••зЙ©|0 fnt
|-damage|p1b: йїСйЊНе§ІжђЄ|31/100
|faint|p1a: еРЙз••зЙ©
|move|p2b: Farigiraf|Psyshock|p1b: йїСйЊНе§ІжђЄ
|-damage|p1b: йїСйЊНе§ІжђЄ|0 fnt
|faint|p1b: йїСйЊНе§ІжђЄ
|
|win|Unskilled99
|c|вШЖUnskilled99|gg
