|j|☆Bendixxjmw
|j|☆Chelicerate1
|html|BendixxjmwChelicerate1    
|uhtml|bestof|Game 1 of a best-of-3
|t:|1784639647
|gametype|doubles
|player|p1|Bendixxjmw|265|1337
|player|p2|Chelicerate1|ethan|1312
|gen|9
|tier|[Gen 9 Champions] VGC 2026 Reg M-B (Bo3)
|rated|
|rule|Species Clause: Limit one of each Pokémon
|rule|Item Clause: Limit 1 of each item
|clearpoke
|poke|p1|Floette-Eternal, L50, F|
|poke|p1|Ceruledge, L50, M|
|poke|p1|Milotic, L50, M|
|poke|p1|Grimmsnarl, L50, M|
|poke|p1|Wyrdeer, L50, M|
|poke|p1|Sneasler, L50, M|
|poke|p2|Aerodactyl, L50, M|
|poke|p2|Charizard, L50, M|
|poke|p2|Incineroar, L50, M|
|poke|p2|Kingambit, L50, F|
|poke|p2|Sylveon, L50, M|
|poke|p2|Garchomp, L50, M|
|teampreview|4
|showteam|p1|Floette-Eternal||Floettite|FlowerVeil|Moonblast,DazzlingGleam,CalmMind,Protect|Modest||F|||50|]Ceruledge||Charcoal|FlashFire|BitterBlade,ShadowSneak,BulkUp,Protect|Adamant||M|||50|]Milotic||Leftovers|Competitive|MuddyWater,Hypnosis,Recover,Coil|Sassy||M|||50|]Grimmsnarl||LightClay|Prankster|FakeOut,Reflect,LightScreen,PartingShot|Impish||M|||50|]Wyrdeer||ColburBerry|Intimidate|TrickRoom,Gravity,Hypnosis,PsyshieldBash|Adamant||M|||50|]Sneasler||WhiteHerb|Unburden|FakeOut,CloseCombat,DireClaw,Protect|Adamant||M|||50|
|showteam|p2|Aerodactyl||Aerodactylite|Unnerve|RockSlide,DualWingbeat,WideGuard,Tailwind|Jolly||M|||50|]Charizard||CharizarditeY|Blaze|HeatWave,WeatherBall,SolarBeam,Protect|Modest||M|||50|]Incineroar||SitrusBerry|Intimidate|FlareBlitz,DarkestLariat,FakeOut,PartingShot|Impish||M|||50|]Kingambit||FocusSash|Defiant|KowtowCleave,IronHead,SuckerPunch,LowKick|Adamant||F|||50|]Sylveon||FairyFeather|Pixilate|HyperVoice,HyperBeam,QuickAttack,Detect|Modest||M|||50|]Garchomp||LifeOrb|RoughSkin|Earthquake,DragonClaw,RockSlide,Protect|Jolly||M|||50|
|inactive|Battle timer is ON: inactive players will automatically lose when time's up. (requested by Chelicerate1)
|inactive|Bendixxjmw has 60 seconds left.
|
|t:|1784639678
|teamsize|p1|4
|teamsize|p2|4
|start
|switch|p1a: Milotic|Milotic, L50, M|100/100
|switch|p1b: Sneasler|Sneasler, L50, M|100/100
|switch|p2a: Charizard|Charizard, L50, M|100/100
|switch|p2b: Incineroar|Incineroar, L50, M|100/100
|-ability|p2b: Incineroar|Intimidate|boost
|-unboost|p1a: Milotic|atk|1
|-ability|p1a: Milotic|Competitive|boost
|-boost|p1a: Milotic|spa|2
|-unboost|p1b: Sneasler|atk|1
|-enditem|p1b: Sneasler|White Herb
|-clearnegativeboost|p1b: Sneasler|[silent]
|turn|1
|inactive|Bendixxjmw has 30 seconds left.
|inactive|Chelicerate1 has 30 seconds left.
|
|t:|1784639709
|detailschange|p2a: Charizard|Charizard-Mega-Y, L50, M
|-mega|p2a: Charizard|Charizard|Charizardite Y
|-weather|SunnyDay|[from] ability: Drought|[of] p2a: Charizard
|move|p1b: Sneasler|Fake Out|p2a: Charizard
|-damage|p2a: Charizard|85/100
|move|p2b: Incineroar|Fake Out|p1a: Milotic
|-damage|p1a: Milotic|90/100
|cant|p2a: Charizard|flinch
|cant|p1a: Milotic|flinch
|
|-weather|SunnyDay|[upkeep]
|-heal|p1a: Milotic|96/100|[from] item: Leftovers
|upkeep
|turn|2
|
|t:|1784639735
|move|p1b: Sneasler|Dire Claw|p2a: Charizard
|-damage|p2a: Charizard|40/100
|-status|p2a: Charizard|slp
|cant|p2a: Charizard|slp
|move|p1a: Milotic|Muddy Water|p2a: Charizard|[spread] p2a,p2b
|-supereffective|p2a: Charizard|1
|-supereffective|p2b: Incineroar|1
|-damage|p2a: Charizard|0 fnt
|-damage|p2b: Incineroar|60/100
|faint|p2a: Charizard
|move|p2b: Incineroar|Flare Blitz|p1b: Sneasler
|-damage|p1b: Sneasler|0 fnt
|faint|p1b: Sneasler
|-damage|p2b: Incineroar|35/100|[from] Recoil
|-enditem|p2b: Incineroar|Sitrus Berry|[eat]
|-heal|p2b: Incineroar|59/100|[from] item: Sitrus Berry
|
|-weather|SunnyDay|[upkeep]
|-heal|p1a: Milotic|100/100|[from] item: Leftovers
|upkeep
|
|t:|1784639755
|switch|p1b: Floette|Floette-Eternal, L50, F|100/100
|switch|p2a: Sylveon|Sylveon, L50, M|100/100
|turn|3
|inactive|Bendixxjmw has 30 seconds left.
|
|t:|1784639785
|detailschange|p1b: Floette|Floette-Mega, L50, F
|-mega|p1b: Floette|Floette|Floettite
|-ability|p1b: Floette|Fairy Aura
|move|p1b: Floette|Moonblast|p2b: Incineroar
|-damage|p2b: Incineroar|0 fnt
|faint|p2b: Incineroar
|move|p2a: Sylveon|Hyper Beam|p1a: Milotic
|-damage|p1a: Milotic|21/100
|-mustrecharge|p2a: Sylveon
|move|p1a: Milotic|Coil|p1a: Milotic
|-boost|p1a: Milotic|atk|1
|-boost|p1a: Milotic|def|1
|-boost|p1a: Milotic|accuracy|1
|
|-weather|SunnyDay|[upkeep]
|-heal|p1a: Milotic|27/100|[from] item: Leftovers
|upkeep
|
|t:|1784639806
|switch|p2b: Kingambit|Kingambit, L50, F|100/100
|turn|4
|
|t:|1784639818
|move|p1b: Floette|Moonblast|p2a: Sylveon
|-damage|p2a: Sylveon|34/100
|cant|p2a: Sylveon|recharge
|move|p1a: Milotic|Hypnosis|p2b: Kingambit|[miss]
|-miss|p1a: Milotic|p2b: Kingambit
|move|p2b: Kingambit|Iron Head|p1b: Floette
|-supereffective|p1b: Floette|1
|-damage|p1b: Floette|0 fnt
|faint|p1b: Floette
|
|-weather|SunnyDay|[upkeep]
|-heal|p1a: Milotic|33/100|[from] item: Leftovers
|upkeep
|
|t:|1784639831
|switch|p1b: Ceruledge|Ceruledge, L50, M|100/100
|turn|5
|
|t:|1784639839
|move|p2b: Kingambit|Sucker Punch||[still]
|-fail|p2b: Kingambit
|move|p1b: Ceruledge|Bulk Up|p1b: Ceruledge
|-boost|p1b: Ceruledge|atk|1
|-boost|p1b: Ceruledge|def|1
|move|p2a: Sylveon|Hyper Voice|p1b: Ceruledge|[spread] p1a,p1b
|-resisted|p1b: Ceruledge|1
|-damage|p1a: Milotic|4/100
|-damage|p1b: Ceruledge|80/100
|move|p1a: Milotic|Hypnosis|p2b: Kingambit
|-status|p2b: Kingambit|slp|[from] move: Hypnosis
|
|-weather|none
|-heal|p1a: Milotic|10/100|[from] item: Leftovers
|upkeep
|turn|6
|
|t:|1784639855
|cant|p2b: Kingambit|slp
|move|p1b: Ceruledge|Bitter Blade|p2b: Kingambit
|-supereffective|p2b: Kingambit|1
|-enditem|p2b: Kingambit|Focus Sash
|-damage|p2b: Kingambit|1/100 slp
|-heal|p1b: Ceruledge|100/100|[from] drain|[of] p2b: Kingambit
|move|p2a: Sylveon|Hyper Voice|p1a: Milotic|[spread] p1a,p1b
|-resisted|p1b: Ceruledge|1
|-damage|p1a: Milotic|0 fnt
|-damage|p1b: Ceruledge|76/100
|faint|p1a: Milotic
|
|upkeep
|turn|7
|
|t:|1784639867
|move|p1b: Ceruledge|Shadow Sneak|p2b: Kingambit
|-resisted|p2b: Kingambit|1
|-damage|p2b: Kingambit|0 fnt
|faint|p2b: Kingambit
|move|p2a: Sylveon|Hyper Voice|p1b: Ceruledge
|-resisted|p1b: Ceruledge|1
|-damage|p1b: Ceruledge|46/100
|
|upkeep
|turn|8
|
|t:|1784639876
|move|p1b: Ceruledge|Bitter Blade|p2a: Sylveon
|-damage|p2a: Sylveon|0 fnt
|-heal|p1b: Ceruledge|67/100|[from] drain|[of] p2a: Sylveon
|faint|p2a: Sylveon
|
|win|Bendixxjmw
