|j|☆Mashuno
|j|☆SelvesterTheYAK
|html|MashunoSelvesterTheYAK    
|uhtml|bestof|Game 2 of a best-of-3
|t:|1757632668
|gametype|doubles
|player|p1|Mashuno|pokekid|1078
|player|p2|SelvesterTheYAK|2|1107
|gen|9
|tier|[Gen 9] VGC 2025 Reg H (Bo3)
|rated|
|rule|Species Clause: Limit one of each Pokémon
|rule|Item Clause: Limit 1 of each item
|clearpoke
|poke|p1|Pelipper, L50, F|
|poke|p1|Archaludon, L50, M|
|poke|p1|Blastoise, L50, M|
|poke|p1|Dragonite, L50, F|
|poke|p1|Indeedee-F, L50, F|
|poke|p1|Sneasler, L50, M|
|poke|p2|Tyranitar, L50, M|
|poke|p2|Arcanine-Hisui, L50, M|
|poke|p2|Gholdengo, L50|
|poke|p2|Corviknight, L50, F|
|poke|p2|Amoonguss, L50, F|
|poke|p2|Garchomp, L50, F|
|teampreview|4
|showteam|p1|Pelipper||ChoiceScarf|Drizzle|Tailwind,Hurricane,WeatherBall,HelpingHand|||F|||50|,,,,,Ghost]Archaludon||AssaultVest|Stamina|ElectroShot,BodyPress,FlashCannon,DracoMeteor|||M|||50|,,,,,Ghost]Blastoise||MysticWater|RainDish|Protect,ShellSmash,WaterSpout,WaterPledge|||M|||50|,,,,,Water]Dragonite||LoadedDice|InnerFocus|Protect,ScaleShot,StompingTantrum,Haze|||F|||50|,,,,,Steel]Indeedee-F||SafetyGoggles|PsychicSurge|Psychic,FollowMe,TrickRoom,Imprison|||F|||50|,,,,,Fairy]Sneasler||PsychicSeed|Unburden|Protect,DireClaw,CloseCombat,ThroatChop|||M|||50|,,,,,Stellar
|showteam|p2|Tyranitar||AssaultVest|SandStream|RockSlide,KnockOff,TeraBlast,LowKick|||M|||50|,,,,,Flying]Arcanine-Hisui||ClearAmulet|Intimidate|RockSlide,FlareBlitz,ExtremeSpeed,Protect|||M|||50|,,,,,Water]Gholdengo||MetalCoat|GoodasGold|MakeItRain,ShadowBall,NastyPlot,Protect||||||50|,,,,,Flying]Corviknight||CovertCloak|MirrorArmor|BraveBird,Tailwind,Taunt,BulkUp|||F|||50|,,,,,Dragon]Amoonguss||SitrusBerry|Regenerator|Spore,RagePowder,ClearSmog,Protect|||F|||50|,,,,,Water]Garchomp||LifeOrb|RoughSkin|Earthquake,DragonClaw,StompingTantrum,Protect|||F|||50|,,,,,Steel
|inactive|Battle timer is ON: inactive players will automatically lose when time's up. (requested by SelvesterTheYAK)
|inactive|Mashuno has 60 seconds left.
|
|t:|1757632733
|teamsize|p1|4
|teamsize|p2|4
|start
|switch|p1a: Archaludon|Archaludon, L50, M|100/100
|switch|p1b: Pelipper|Pelipper, L50, F|100/100
|switch|p2a: Amoonguss|Amoonguss, L50, F|100/100
|switch|p2b: Tyranitar|Tyranitar, L50, M|100/100
|-weather|RainDance|[from] ability: Drizzle|[of] p1b: Pelipper
|-weather|Sandstorm|[from] ability: Sand Stream|[of] p2b: Tyranitar
|turn|1
|inactive|Mashuno has 30 seconds left.
|inactive|SelvesterTheYAK has 30 seconds left.
|inactive|Mashuno has 20 seconds left.
|inactive|Mashuno has 15 seconds left.
|inactive|Mashuno has 10 seconds left.
|
|t:|1757632779
|switch|p1a: Indeedee|Indeedee-F, L50, F|100/100
|-fieldstart|move: Psychic Terrain|[from] ability: Psychic Surge|[of] p1a: Indeedee
|-terastallize|p2b: Tyranitar|Flying
|move|p1b: Pelipper|Hurricane|p2a: Amoonguss
|-supereffective|p2a: Amoonguss
|-damage|p2a: Amoonguss|22/100
|-enditem|p2a: Amoonguss|Sitrus Berry|[eat]
|-heal|p2a: Amoonguss|47/100|[from] item: Sitrus Berry
|move|p2b: Tyranitar|Knock Off|p1a: Indeedee
|-supereffective|p1a: Indeedee
|-damage|p1a: Indeedee|0 fnt
|-enditem|p1a: Indeedee|Safety Goggles|[from] move: Knock Off|[of] p2b: Tyranitar
|faint|p1a: Indeedee
|move|p2a: Amoonguss|Spore|p1b: Pelipper
|-status|p1b: Pelipper|slp|[from] move: Spore
|
|-weather|Sandstorm|[upkeep]
|-damage|p1b: Pelipper|95/100 slp|[from] Sandstorm
|-damage|p2b: Tyranitar|95/100|[from] Sandstorm
|-damage|p2a: Amoonguss|41/100|[from] Sandstorm
|upkeep
|inactive|Mashuno has 30 seconds left.
|inactive|Mashuno has 20 seconds left.
|
|t:|1757632815
|switch|p1a: Blastoise|Blastoise, L50, M|100/100
|turn|2
|inactive|SelvesterTheYAK has 30 seconds left.
|
|t:|1757632841
|switch|p1b: Archaludon|Archaludon, L50, M|100/100
|switch|p2b: Garchomp|Garchomp, L50, F|100/100
|move|p1a: Blastoise|Protect|p1a: Blastoise
|-singleturn|p1a: Blastoise|Protect
|move|p2a: Amoonguss|Protect||[still]
|-fail|p2a: Amoonguss
|
|-weather|Sandstorm|[upkeep]
|-damage|p1a: Blastoise|94/100|[from] Sandstorm
|-damage|p2a: Amoonguss|35/100|[from] Sandstorm
|upkeep
|turn|3
|inactive|Mashuno has 30 seconds left.
|inactive|SelvesterTheYAK has 30 seconds left.
|inactive|Mashuno has 20 seconds left.
|inactive|SelvesterTheYAK has 20 seconds left.
|inactive|Mashuno has 15 seconds left.
|inactive|SelvesterTheYAK has 15 seconds left.
|inactive|Mashuno has 10 seconds left.
|
|t:|1757632890
|-terastallize|p1b: Archaludon|Ghost
|move|p2b: Garchomp|Protect|p2b: Garchomp
|-singleturn|p2b: Garchomp|Protect
|move|p1b: Archaludon|Draco Meteor|p2a: Amoonguss
|-damage|p2a: Amoonguss|0 fnt
|-unboost|p1b: Archaludon|spa|2
|faint|p2a: Amoonguss
|move|p1a: Blastoise|Water Spout|p2b: Garchomp
|-activate|p2b: Garchomp|move: Protect
|
|-weather|Sandstorm|[upkeep]
|-damage|p1b: Archaludon|94/100|[from] Sandstorm
|-damage|p1a: Blastoise|88/100|[from] Sandstorm
|upkeep
|
|t:|1757632904
|switch|p2a: Gholdengo|Gholdengo, L50|100/100
|turn|4
|inactive|Mashuno has 30 seconds left.
|inactive|Mashuno has 20 seconds left.
|inactive|Mashuno has 15 seconds left.
|
|t:|1757632946
|move|p1a: Blastoise|Protect|p1a: Blastoise
|-singleturn|p1a: Blastoise|Protect
|move|p2b: Garchomp|Dragon Claw|p1a: Blastoise
|-activate|p1a: Blastoise|move: Protect
|move|p2a: Gholdengo|Shadow Ball|p1b: Archaludon
|-supereffective|p1b: Archaludon
|-damage|p1b: Archaludon|34/100
|-ability|p1b: Archaludon|Stamina|boost
|-boost|p1b: Archaludon|def|1
|move|p1b: Archaludon|Draco Meteor|p2b: Garchomp
|-supereffective|p2b: Garchomp
|-crit|p2b: Garchomp
|-damage|p2b: Garchomp|0 fnt
|-unboost|p1b: Archaludon|spa|2
|faint|p2b: Garchomp
|
|-weather|Sandstorm|[upkeep]
|-damage|p1b: Archaludon|28/100|[from] Sandstorm
|-damage|p1a: Blastoise|82/100|[from] Sandstorm
|upkeep
|
|t:|1757632964
|switch|p2b: Tyranitar|Tyranitar, L50, M, tera:Flying|95/100
|turn|5
|inactive|Mashuno has 30 seconds left.
|inactive|Mashuno has 20 seconds left.
|inactive|Mashuno has 15 seconds left.
|inactive|Mashuno has 10 seconds left.
|inactive|Mashuno has 5 seconds left.
|
|t:|1757633015
|switch|p1b: Pelipper|Pelipper, L50, F|95/100 slp
|-weather|RainDance|[from] ability: Drizzle|[of] p1b: Pelipper
|move|p2a: Gholdengo|Make It Rain|p1a: Blastoise|[spread] p1a,p1b
|-resisted|p1a: Blastoise
|-resisted|p1b: Pelipper
|-damage|p1a: Blastoise|55/100
|-damage|p1b: Pelipper|45/100 slp
|-unboost|p2a: Gholdengo|spa|1
|move|p1a: Blastoise|Water Pledge|p2a: Gholdengo
|-damage|p2a: Gholdengo|31/100
|move|p2b: Tyranitar|Knock Off|p1a: Blastoise
|-damage|p1a: Blastoise|0 fnt
|-enditem|p1a: Blastoise|Mystic Water|[from] move: Knock Off|[of] p2b: Tyranitar
|faint|p1a: Blastoise
|
|-weather|RainDance|[upkeep]
|-fieldend|move: Psychic Terrain
|upkeep
|
|t:|1757633031
|switch|p1a: Archaludon|Archaludon, L50, M, tera:Ghost|28/100
|turn|6
|
|t:|1757633050
|cant|p1b: Pelipper|slp
|move|p2a: Gholdengo|Shadow Ball|p1a: Archaludon
|-supereffective|p1a: Archaludon
|-damage|p1a: Archaludon|0 fnt
|faint|p1a: Archaludon
|move|p2b: Tyranitar|Knock Off|p1b: Pelipper
|-damage|p1b: Pelipper|0 fnt
|-enditem|p1b: Pelipper|Choice Scarf|[from] move: Knock Off|[of] p2b: Tyranitar
|faint|p1b: Pelipper
|
|win|SelvesterTheYAK
||Mashuno is ready for game 3.
|inactive|SelvesterTheYAK has 30 seconds to confirm battle start!
||SelvesterTheYAK is ready for game 3.
|uhtml|next|Next: Game 3 of 3
|l|☆SelvesterTheYAK
|player|p2|
