|j|☆chikovgc
|j|☆carrotvg
|html|chikovgccarrotvg    
|uhtml|bestof|Game 3 of a best-of-3
|t:|1757751267
|gametype|doubles
|player|p1|chikovgc|volo|1224
|player|p2|carrotvg|170|1320
|gen|9
|tier|[Gen 9] VGC 2025 Reg H (Bo3)
|rated|
|rule|Species Clause: Limit one of each Pokémon
|rule|Item Clause: Limit 1 of each item
|clearpoke
|poke|p1|Annihilape, L50, M|
|poke|p1|Ursaluna-Bloodmoon, L50, M|
|poke|p1|Grimmsnarl, L50, M|
|poke|p1|Volcarona, L50, F|
|poke|p1|Rillaboom, L50, M|
|poke|p1|Tauros-Paldea-Aqua, L50, M|
|poke|p2|Rillaboom, L50, F|
|poke|p2|Incineroar, L50, F|
|poke|p2|Sneasler, L50, F|
|poke|p2|Ursaluna-Bloodmoon, L50, M|
|poke|p2|Ninetales-Alola, L50, M|
|poke|p2|Dragonite, L50, F|
|teampreview|4
|showteam|p1|Annihilape||Leftovers|Defiant|BulkUp,DrainPunch,RageFist,Protect|||M|||50|,,,,,Fire]Ursaluna-Bloodmoon||LifeOrb|MindsEye|HyperVoice,EarthPower,BloodMoon,Protect|||M|||50|,,,,,Poison]Grimmsnarl||LightClay|Prankster|SpiritBreak,LightScreen,Reflect,ThunderWave|||M|||50|,,,,,Ghost]Volcarona||GrassySeed|FlameBody|QuiverDance,FieryDance,GigaDrain,Protect|||F|||50|,,,,,Grass]Rillaboom||AssaultVest|GrassySurge|FakeOut,WoodHammer,Uturn,GrassyGlide|||M|||50|,,,,,Fire]Tauros-Paldea-Aqua||MirrorHerb|Intimidate|RagingBull,CloseCombat,Protect,AquaJet|||M|||50|,,,,,Grass
|showteam|p2|Rillaboom||AssaultVest|GrassySurge|DrumBeating,GrassyGlide,FakeOut,HighHorsepower|||F|||50|,,,,,Fire]Incineroar||SafetyGoggles|Intimidate|FlareBlitz,KnockOff,FakeOut,PartingShot|||F|||50|,,,,,Ghost]Sneasler||GrassySeed|Unburden|DireClaw,CloseCombat,Acrobatics,Protect|||F|||50|,,,,,Flying]Ursaluna-Bloodmoon||Leftovers|MindsEye|BloodMoon,EarthPower,CalmMind,Protect|||M|||50|,,,,,Electric]Ninetales-Alola||FocusSash|SnowWarning|Blizzard,IcyWind,Encore,Protect|||M|||50|,,,,,Ice]Dragonite||LoadedDice|Multiscale|ScaleShot,ExtremeSpeed,Haze,Protect|||F|||50|,,,,,Steel
|inactive|Battle timer is ON: inactive players will automatically lose when time's up. (requested by chikovgc)
|inactive|carrotvg has 60 seconds left.
|inactive|carrotvg has 30 seconds left.
|
|t:|1757751337
|teamsize|p1|4
|teamsize|p2|4
|start
|switch|p1a: Annihilape|Annihilape, L50, M|100/100
|switch|p1b: Tauros|Tauros-Paldea-Aqua, L50, M|100/100
|switch|p2a: Sneasler|Sneasler, L50, F|100/100
|switch|p2b: Dragonite|Dragonite, L50, F|100/100
|-ability|p1b: Tauros|Intimidate|boost
|-unboost|p2a: Sneasler|atk|1
|-unboost|p2b: Dragonite|atk|1
|turn|1
|inactive|carrotvg has 30 seconds left.
|
|t:|1757751364
|move|p2a: Sneasler|Protect|p2a: Sneasler
|-singleturn|p2a: Sneasler|Protect
|move|p1b: Tauros|Raging Bull|p2a: Sneasler
|-activate|p2a: Sneasler|move: Protect
|move|p2b: Dragonite|Haze|p2b: Dragonite
|-clearallboost
|move|p1a: Annihilape|Bulk Up|p1a: Annihilape
|-boost|p1a: Annihilape|atk|1
|-boost|p1a: Annihilape|def|1
|
|upkeep
|turn|2
|
|t:|1757751377
|switch|p2b: Rillaboom|Rillaboom, L50, F|100/100
|-fieldstart|move: Grassy Terrain|[from] ability: Grassy Surge|[of] p2b: Rillaboom
|-enditem|p2a: Sneasler|Grassy Seed
|-boost|p2a: Sneasler|def|1|[from] item: Grassy Seed
|-enditem|p1b: Tauros|Mirror Herb
|-boost|p1b: Tauros|def|1|[from] item: Mirror Herb
|-terastallize|p2a: Sneasler|Flying
|move|p1b: Tauros|Protect|p1b: Tauros
|-singleturn|p1b: Tauros|Protect
|move|p2a: Sneasler|Acrobatics|p1b: Tauros
|-activate|p1b: Tauros|move: Protect
|move|p1a: Annihilape|Rage Fist|p2a: Sneasler
|-damage|p2a: Sneasler|57/100
|
|upkeep
|turn|3
|inactive|chikovgc has 30 seconds left.
|inactive|chikovgc has 20 seconds left.
|
|t:|1757751414
|switch|p2b: Dragonite|Dragonite, L50, F|100/100
|switch|p1b: Volcarona|Volcarona, L50, F|100/100
|-enditem|p1b: Volcarona|Grassy Seed
|-boost|p1b: Volcarona|def|1|[from] item: Grassy Seed
|-terastallize|p1a: Annihilape|Fire
|move|p2a: Sneasler|Acrobatics|p1b: Volcarona
|-supereffective|p1b: Volcarona
|-damage|p1b: Volcarona|8/100
|move|p1a: Annihilape|Rage Fist|p2a: Sneasler
|-damage|p2a: Sneasler|19/100
|
|-heal|p1b: Volcarona|15/100|[from] Grassy Terrain
|upkeep
|turn|4
|inactive|carrotvg has 30 seconds left.
|inactive|carrotvg has 20 seconds left.
|
|t:|1757751453
|switch|p1b: Grimmsnarl|Grimmsnarl, L50, M|100/100
|move|p2a: Sneasler|Protect|p2a: Sneasler
|-singleturn|p2a: Sneasler|Protect
|move|p2b: Dragonite|Haze|p2b: Dragonite
|-clearallboost
|move|p1a: Annihilape|Rage Fist|p2a: Sneasler
|-activate|p2a: Sneasler|move: Protect
|
|upkeep
|turn|5
|inactive|chikovgc has 30 seconds left.
|
|t:|1757751483
|switch|p2b: Ursaluna|Ursaluna-Bloodmoon, L50, M|100/100
|switch|p1a: Tauros|Tauros-Paldea-Aqua, L50, M|100/100
|-ability|p1a: Tauros|Intimidate|boost
|-unboost|p2a: Sneasler|atk|1
|-unboost|p2b: Ursaluna|atk|1
|move|p2a: Sneasler|Dire Claw|p1b: Grimmsnarl
|-supereffective|p1b: Grimmsnarl
|-damage|p1b: Grimmsnarl|37/100
|-status|p1b: Grimmsnarl|psn
|move|p1b: Grimmsnarl|Spirit Break|p2a: Sneasler
|-damage|p2a: Sneasler|0 fnt
|faint|p2a: Sneasler
|
|-heal|p1b: Grimmsnarl|43/100 psn|[from] Grassy Terrain
|-damage|p1b: Grimmsnarl|31/100 psn|[from] psn
|upkeep
|
|t:|1757751499
|switch|p2a: Dragonite|Dragonite, L50, F|100/100
|turn|6
|
|t:|1757751505
|switch|p2b: Rillaboom|Rillaboom, L50, F|100/100
|move|p2a: Dragonite|Extreme Speed|p1b: Grimmsnarl
|-damage|p1b: Grimmsnarl|0 fnt
|faint|p1b: Grimmsnarl
|move|p1a: Tauros|Raging Bull|p2b: Rillaboom
|-resisted|p2b: Rillaboom
|-damage|p2b: Rillaboom|79/100
|
|-heal|p2b: Rillaboom|85/100|[from] Grassy Terrain
|-fieldend|move: Grassy Terrain
|upkeep
|
|t:|1757751515
|switch|p1b: Annihilape|Annihilape, L50, M, tera:Fire|100/100
|turn|7
|
|t:|1757751539
|switch|p2b: Ursaluna|Ursaluna-Bloodmoon, L50, M|100/100
|move|p1a: Tauros|Close Combat|p2b: Ursaluna
|-supereffective|p2b: Ursaluna
|-damage|p2b: Ursaluna|20/100
|-unboost|p1a: Tauros|def|1
|-unboost|p1a: Tauros|spd|1
|move|p2a: Dragonite|Scale Shot|p1b: Annihilape
|-damage|p1b: Annihilape|84/100
|-damage|p1b: Annihilape|69/100
|-damage|p1b: Annihilape|54/100
|-damage|p1b: Annihilape|38/100
|-damage|p1b: Annihilape|21/100
|-hitcount|p1b: Annihilape|5
|-unboost|p2a: Dragonite|def|1
|-boost|p2a: Dragonite|spe|1
|move|p1b: Annihilape|Bulk Up|p1b: Annihilape
|-boost|p1b: Annihilape|atk|1
|-boost|p1b: Annihilape|def|1
|
|-heal|p1b: Annihilape|27/100|[from] item: Leftovers
|-heal|p2b: Ursaluna|26/100|[from] item: Leftovers
|upkeep
|turn|8
|inactive|chikovgc has 30 seconds left.
|
|t:|1757751569
|move|p1b: Annihilape|Protect|p1b: Annihilape
|-singleturn|p1b: Annihilape|Protect
|move|p2a: Dragonite|Scale Shot|p1b: Annihilape
|-activate|p1b: Annihilape|move: Protect
|move|p1a: Tauros|Raging Bull|p2b: Ursaluna
|-supereffective|p2b: Ursaluna
|-damage|p2b: Ursaluna|0 fnt
|faint|p2b: Ursaluna
|
|-heal|p1b: Annihilape|34/100|[from] item: Leftovers
|upkeep
|
|t:|1757751576
|switch|p2b: Rillaboom|Rillaboom, L50, F|85/100
|-fieldstart|move: Grassy Terrain|[from] ability: Grassy Surge|[of] p2b: Rillaboom
|turn|9
|
|t:|1757751586
|switch|p1b: Volcarona|Volcarona, L50, F|15/100
|move|p1a: Tauros|Aqua Jet|p2a: Dragonite
|-resisted|p2a: Dragonite
|-damage|p2a: Dragonite|92/100
|move|p2a: Dragonite|Scale Shot|p1b: Volcarona
|-damage|p1b: Volcarona|0 fnt
|faint|p1b: Volcarona
|-hitcount|p1: Volcarona|1
|-unboost|p2a: Dragonite|def|1
|-boost|p2a: Dragonite|spe|1
|move|p2b: Rillaboom|Drum Beating|p1a: Tauros
|-supereffective|p1a: Tauros
|-damage|p1a: Tauros|0 fnt
|faint|p1a: Tauros
|
|-heal|p2b: Rillaboom|91/100|[from] Grassy Terrain
|upkeep
|
|t:|1757751598
|switch|p1a: Annihilape|Annihilape, L50, M, tera:Fire|34/100
|turn|10
|
|t:|1757751604
|move|p2a: Dragonite|Extreme Speed|p1a: Annihilape
|-damage|p1a: Annihilape|3/100
|move|p2b: Rillaboom|Grassy Glide|p1a: Annihilape
|-resisted|p1a: Annihilape
|-damage|p1a: Annihilape|0 fnt
|faint|p1a: Annihilape
|
|win|carrotvg
|raw|chikovgc's rating: 1224 → 1206(-18 for losing)
|raw|carrotvg's rating: 1320 → 1335(+15 for winning)
|l|☆chikovgc
|player|p1|
