|j|☆M9RBLEST6R
|j|☆coggs's
|html|M9RBLEST6Rcoggs's    
|uhtml|bestof|Game 1 of a best-of-3
|t:|1783368174
|gametype|doubles
|player|p1|M9RBLEST6R|hilda-wonderlauncher|
|player|p2|coggs's|madame-gen4|
|gen|9
|tier|[Gen 9 Champions] VGC 2026 Reg M-B (Bo3)
|rule|Species Clause: Limit one of each Pokémon
|rule|Item Clause: Limit 1 of each item
|clearpoke
|poke|p1|Zoroark-Hisui, L50, M, shiny|
|poke|p1|Klefki, L50, M|
|poke|p1|Scizor, L50, F|
|poke|p1|Milotic, L50, M|
|poke|p1|Roserade, L50, F, shiny|
|poke|p1|Incineroar, L50, F|
|poke|p2|Swampert, L50, M|
|poke|p2|Sableye, L50, M|
|poke|p2|Pelipper, L50, M|
|poke|p2|Archaludon, L50, M|
|poke|p2|Basculegion, L50, M|
|poke|p2|Venusaur, L50, M|
|teampreview|4
|showteam|p1|Zoroark-Hisui||FocusSash|Illusion|IcyWind,PhantomForce,BitterMalice,ShadowBall|Hasty||M|||50|]Klefki||LightClay|Prankster|LightScreen,PlayRough,Protect,Reflect|Brave||M|||50|]Scizor||Scizorite|Technician|AerialAce,Uturn,KnockOff,BulletPunch|Adamant||F|||50|]Milotic||Leftovers|Competitive|IcyWind,HydroPump,AlluringVoice,Recover|Modest||M|||50|]Roserade||BrightPowder|NaturalCure|StunSpore,SludgeBomb,PetalDance,Protect|Modest||F|||50|]Incineroar||BlackGlasses|Intimidate|BulkUp,DarkestLariat,FakeOut,FlareBlitz|Adamant||F|||50|
|showteam|p2|Swampert||Swampertite|Damp|WaveCrash,Earthquake,IcePunch,Protect|Adamant||M|||50|]Sableye||RoseliBerry|Prankster|Encore,RainDance,WillOWisp,LightScreen|Careful||M|||50|]Pelipper||SitrusBerry|Drizzle|Hurricane,Tailwind,WeatherBall,RainDance|Bold||M|||50|]Archaludon||Leftovers|Stamina|ElectroShot,DragonPulse,FlashCannon,Protect|Modest||M|||50|]Basculegion||ChoiceScarf|Adaptability|LastRespects,WaveCrash,PsychicFangs,FlipTurn|Jolly||M|||50|]Venusaur||Venusaurite|Chlorophyll|Protect,GigaDrain,SludgeBomb,EarthPower|Modest||M|||50|
|c|☆coggs's|glhf
|
|t:|1783368193
|teamsize|p1|4
|teamsize|p2|4
|start
|switch|p1a: Bud-Bud|Roserade, L50, F, shiny|100/100
|switch|p1b: Milotic|Milotic, L50, M|100/100
|switch|p2a: Pelipper|Pelipper, L50, M|100/100
|switch|p2b: Swampert|Swampert, L50, M|100/100
|-weather|RainDance|[from] ability: Drizzle|[of] p2a: Pelipper
|turn|1
|
|t:|1783368228
|move|p2b: Swampert|Protect|p2b: Swampert
|-singleturn|p2b: Swampert|Protect
|move|p1a: Bud-Bud|Petal Dance|p2b: Swampert
|-activate|p2b: Swampert|move: Protect
|move|p1b: Milotic|Icy Wind|p2a: Pelipper|[spread] p2a
|-activate|p2b: Swampert|move: Protect
|-damage|p2a: Pelipper|81/100
|-unboost|p2a: Pelipper|spe|1
|move|p2a: Pelipper|Hurricane|p1a: Bud-Bud
|-supereffective|p1a: Bud-Bud|1
|-damage|p1a: Bud-Bud|0 fnt
|faint|p1a: Bud-Bud
|
|-weather|RainDance|[upkeep]
|upkeep
|
|t:|1783368246
|switch|p1a: Klefki|Klefki, L50, M|100/100
|turn|2
|c|☆coggs's|zoroark or nah
|
|t:|1783368269
|detailschange|p2b: Swampert|Swampert-Mega, L50, M
|-mega|p2b: Swampert|Swampert|Swampertite
|move|p2b: Swampert|Earthquake|p1b: Milotic|[spread] p1a,p1b
|-immune|p2a: Pelipper
|-damage|p1a: Klefki|13/100
|-damage|p1b: Milotic|52/100
|replace|p1a: Fallible|Zoroark-Hisui, L50, M, shiny
|-end|p1a: Fallible|Illusion
|move|p1a: Fallible|Phantom Force||[still]
|-prepare|p1a: Fallible|Phantom Force
|move|p1b: Milotic|Alluring Voice|p2b: Swampert
|-damage|p2b: Swampert|77/100
|move|p2a: Pelipper|Hurricane|p1b: Milotic
|-damage|p1b: Milotic|18/100
|-start|p1b: Milotic|confusion
|
|-weather|RainDance|[upkeep]
|-heal|p1b: Milotic|24/100|[from] item: Leftovers
|upkeep
|turn|3
|c|☆coggs's|lol
|
|t:|1783368291
|move|p2b: Swampert|Protect|p2b: Swampert
|-singleturn|p2b: Swampert|Protect
|move|p1a: Fallible|Phantom Force|p2b: Swampert|[from] lockedmove
|-activate|p2b: Swampert|move: Phantom Force|[broken]
|-damage|p2b: Swampert|47/100
|-activate|p1b: Milotic|confusion
|move|p1b: Milotic|Recover|p1b: Milotic
|-heal|p1b: Milotic|74/100
|move|p2a: Pelipper|Hurricane|p1b: Milotic
|-damage|p1b: Milotic|43/100
|
|-weather|RainDance|[upkeep]
|-heal|p1b: Milotic|49/100|[from] item: Leftovers
|upkeep
|turn|4
|
|t:|1783368311
|move|p2b: Swampert|Earthquake|p1a: Fallible|[spread] p1a,p1b
|-immune|p2a: Pelipper
|-damage|p1a: Fallible|0 fnt
|-damage|p1b: Milotic|4/100
|faint|p1a: Fallible
|-activate|p1b: Milotic|confusion
|move|p1b: Milotic|Alluring Voice|p2b: Swampert
|-damage|p2b: Swampert|27/100
|move|p2a: Pelipper|Hurricane|p1b: Milotic
|-damage|p1b: Milotic|0 fnt
|faint|p1b: Milotic
|
|-weather|RainDance|[upkeep]
|upkeep
|
|t:|1783368333
|switch|p1a: Klefki|Klefki, L50, M|100/100
|turn|5
|
|t:|1783368341
|move|p2b: Swampert|Earthquake|p1a: Klefki|[spread] p1a
|-immune|p2a: Pelipper
|-supereffective|p1a: Klefki|1
|-damage|p1a: Klefki|0 fnt
|faint|p1a: Klefki
|
|win|coggs's
