|j|☆vglabmty
|j|☆breloomb01
|html|vglabmtybreloomb01    
|uhtml|bestof|Game 2 of a best-of-3
|t:|1785357564
|gametype|doubles
|player|p1|vglabmty|266|1183
|player|p2|breloomb01|roughneck|1217
|gen|9
|tier|[Gen 9 Champions] VGC 2026 Reg M-B (Bo3)
|rated|
|rule|Species Clause: Limit one of each Pokémon
|rule|Item Clause: Limit 1 of each item
|clearpoke
|poke|p1|Glimmora, L50, F|
|poke|p1|Farigiraf, L50, F|
|poke|p1|Tyranitar, L50, M|
|poke|p1|Froslass, L50, F|
|poke|p1|Sneasler, L50, F|
|poke|p1|Kingambit, L50, F|
|poke|p2|Floette-Eternal, L50, F|
|poke|p2|Incineroar, L50, M|
|poke|p2|Sinistcha, L50|
|poke|p2|Garchomp, L50, M|
|poke|p2|Sneasler, L50, M|
|poke|p2|Rotom-Wash, L50|
|teampreview|4
|showteam|p1|Glimmora||FocusSash|ToxicDebris|SpikyShield,PowerGem,EarthPower,SludgeBomb|Modest||F|||50|]Farigiraf||SitrusBerry|ArmorTail|HelpingHand,GrassKnot,TwinBeam,Protect|Relaxed||F|||50|]Tyranitar||Tyranitarite|SandStream|BodyPress,KnockOff,RockSlide,Protect|Adamant||M|||50|]Froslass||Froslassite|CursedBody|Thunderbolt,Protect,Blizzard,ShadowBall|Timid||F|||50|]Sneasler||WhiteHerb|Unburden|FakeOut,DireClaw,CloseCombat,NightSlash|Adamant||F|||50|]Kingambit||BlackGlasses|Defiant|Protect,IronHead,SuckerPunch,KowtowCleave|Adamant||F|||50|
|showteam|p2|Floette-Eternal||Floettite|FlowerVeil|DrainingKiss,DazzlingGleam,CalmMind,Protect|Modest||F|||50|]Incineroar||SitrusBerry|Intimidate|FakeOut,FlareBlitz,ThroatChop,PartingShot|Careful||M|||50|]Sinistcha||KasibBerry|Hospitality|Protect,RagePowder,MatchaGotcha,TrickRoom|Calm|||||50|]Garchomp||LifeOrb|RoughSkin|Earthquake,DragonClaw,RockSlide,Protect|Jolly||M|||50|]Sneasler||FocusSash|PoisonTouch|FakeOut,DireClaw,CloseCombat,Protect|Jolly||M|||50|]Rotom-Wash||Leftovers|Levitate|HydroPump,Protect,WillOWisp,Electroweb|Bold|||||50|
|
|t:|1785357582
|teamsize|p1|4
|teamsize|p2|4
|start
|switch|p1a: Farigiraf|Farigiraf, L50, F|100/100
|switch|p1b: Sneasler|Sneasler, L50, F|100/100
|switch|p2a: Rotom|Rotom-Wash, L50|100/100
|switch|p2b: Incineroar|Incineroar, L50, M|100/100
|-ability|p2b: Incineroar|Intimidate|boost
|-unboost|p1a: Farigiraf|atk|1
|-unboost|p1b: Sneasler|atk|1
|-enditem|p1b: Sneasler|White Herb
|-clearnegativeboost|p1b: Sneasler|[silent]
|turn|1
|
|t:|1785357601
|switch|p2b: Sinistcha|Sinistcha, L50|100/100
|move|p1a: Farigiraf|Helping Hand|p1b: Sneasler
|-singleturn|p1b: Sneasler|Helping Hand|[of] p1a: Farigiraf
|move|p1b: Sneasler|Close Combat|p2b: Sinistcha
|-immune|p2b: Sinistcha
|move|p2a: Rotom|Will-O-Wisp|p1b: Sneasler|[miss]
|-miss|p2a: Rotom|p1b: Sneasler
|
|upkeep
|turn|2
|
|t:|1785357615
|switch|p1b: Froslass|Froslass, L50, F|100/100
|switch|p2b: Incineroar|Incineroar, L50, M|100/100
|-ability|p2b: Incineroar|Intimidate|boost
|-unboost|p1a: Farigiraf|atk|1
|-unboost|p1b: Froslass|atk|1
|move|p2a: Rotom|Will-O-Wisp|p1b: Froslass
|-status|p1b: Froslass|brn
|move|p1a: Farigiraf|Twin Beam|p2b: Incineroar
|-immune|p2b: Incineroar
|
|-damage|p1b: Froslass|93/100 brn|[from] brn
|upkeep
|turn|3
|
|t:|1785357644
|detailschange|p1b: Froslass|Froslass-Mega, L50, F
|-mega|p1b: Froslass|Froslass|Froslassite
|-weather|Snowscape|[from] ability: Snow Warning|[of] p1b: Froslass
|move|p1b: Froslass|Shadow Ball|p2a: Rotom
|-damage|p2a: Rotom|54/100
|move|p2a: Rotom|Electroweb|p1b: Froslass|[spread] p1a,p1b
|-damage|p1a: Farigiraf|86/100
|-damage|p1b: Froslass|76/100 brn
|-unboost|p1a: Farigiraf|spe|1
|-unboost|p1b: Froslass|spe|1
|move|p2b: Incineroar|Flare Blitz|p1b: Froslass
|-supereffective|p1b: Froslass|1
|-damage|p1b: Froslass|0 fnt
|faint|p1b: Froslass
|-damage|p2b: Incineroar|81/100|[from] Recoil
|move|p1a: Farigiraf|Twin Beam|p2a: Rotom
|-damage|p2a: Rotom|40/100
|-damage|p2a: Rotom|24/100
|-hitcount|p2a: Rotom|2
|
|-weather|Snowscape|[upkeep]
|-heal|p2a: Rotom|30/100|[from] item: Leftovers
|upkeep
|
|t:|1785357663
|switch|p1b: Sneasler|Sneasler, L50, F|100/100
|turn|4
|
|t:|1785357678
|switch|p2b: Sinistcha|Sinistcha, L50|100/100
|-heal|p2a: Rotom|54/100|[from] ability: Hospitality|[of] p2b: Sinistcha
|move|p1b: Sneasler|Dire Claw|p2b: Sinistcha
|-damage|p2b: Sinistcha|61/100
|move|p2a: Rotom|Will-O-Wisp|p1b: Sneasler
|-status|p1b: Sneasler|brn
|move|p1a: Farigiraf|Twin Beam|p2b: Sinistcha
|-damage|p2b: Sinistcha|47/100
|-damage|p2b: Sinistcha|33/100
|-hitcount|p2b: Sinistcha|2
|
|-weather|Snowscape|[upkeep]
|-heal|p2a: Rotom|60/100|[from] item: Leftovers
|-damage|p1b: Sneasler|94/100 brn|[from] brn
|upkeep
|turn|5
|
|t:|1785357710
|switch|p2b: Incineroar|Incineroar, L50, M|81/100
|-ability|p2b: Incineroar|Intimidate|boost
|-unboost|p1a: Farigiraf|atk|1
|-unboost|p1b: Sneasler|atk|1
|move|p1b: Sneasler|Close Combat|p2a: Rotom
|-damage|p2a: Rotom|41/100
|-unboost|p1b: Sneasler|def|1
|-unboost|p1b: Sneasler|spd|1
|move|p2a: Rotom|Will-O-Wisp|p1a: Farigiraf
|-status|p1a: Farigiraf|brn
|move|p1a: Farigiraf|Twin Beam|p2a: Rotom
|-damage|p2a: Rotom|25/100
|-damage|p2a: Rotom|9/100
|-hitcount|p2a: Rotom|2
|
|-weather|Snowscape|[upkeep]
|-heal|p2a: Rotom|15/100|[from] item: Leftovers
|-damage|p1b: Sneasler|88/100 brn|[from] brn
|-damage|p1a: Farigiraf|79/100 brn|[from] brn
|upkeep
|turn|6
|
|t:|1785357730
|switch|p1b: Kingambit|Kingambit, L50, F|100/100
|switch|p2a: Garchomp|Garchomp, L50, M|100/100
|move|p2b: Incineroar|Throat Chop|p1a: Farigiraf
|-supereffective|p1a: Farigiraf|1
|-damage|p1a: Farigiraf|28/100 brn
|-start|p1a: Farigiraf|Throat Chop|[silent]
|-enditem|p1a: Farigiraf|Sitrus Berry|[eat]
|-heal|p1a: Farigiraf|53/100 brn|[from] item: Sitrus Berry
|move|p1a: Farigiraf|Twin Beam|p2a: Garchomp
|-damage|p2a: Garchomp|81/100
|-damage|p2a: Garchomp|65/100
|-hitcount|p2a: Garchomp|2
|
|-weather|Snowscape|[upkeep]
|-damage|p1a: Farigiraf|46/100 brn|[from] brn
|upkeep
|turn|7
|-message|vglabmty forfeited.
|
|win|breloomb01
|raw|vglabmty's rating: 1183 → 1160(-23 for losing)
|raw|breloomb01's rating: 1217 → 1240(+23 for winning)
|l|☆vglabmty
|player|p1|
