|j|☆TwistedGengar
|j|☆boncuss
|html|TwistedGengarboncuss    
|uhtml|bestof|Game 1 of a best-of-3
|t:|1757782838
|gametype|doubles
|player|p1|TwistedGengar|170|1158
|player|p2|boncuss|wattson|1178
|gen|9
|tier|[Gen 9] VGC 2025 Reg H (Bo3)
|rated|
|rule|Species Clause: Limit one of each Pokémon
|rule|Item Clause: Limit 1 of each item
|clearpoke
|poke|p1|Sinistcha, L50|
|poke|p1|Kingambit, L50, F|
|poke|p1|Garchomp, L50, F|
|poke|p1|Primarina, L50, M|
|poke|p1|Volcarona, L50, F|
|poke|p1|Hariyama, L50, F|
|poke|p2|Garganacl, L50, M|
|poke|p2|Tyranitar, L50, M|
|poke|p2|Glimmora, L50, M|
|poke|p2|Talonflame, L50, M|
|poke|p2|Excadrill, L50, M|
|poke|p2|Gastrodon, L50, M|
|teampreview|4
|showteam|p1|Sinistcha||MentalHerb|Heatproof|MatchaGotcha,CalmMind,StrengthSap,TrickRoom||||||50|,,,,,Dark]Kingambit||SafetyGoggles|Defiant|KowtowCleave,IronHead,SuckerPunch,SwordsDance|||F|||50|,,,,,Ghost]Garchomp||LoadedDice|RoughSkin|StompingTantrum,ScaleShot,SwordsDance,Protect|||F|||50|,,,,,Steel]Primarina||ChoiceSpecs|LiquidVoice|HyperVoice,Moonblast,DazzlingGleam,HydroCannon|||M|||50|,,,,,Grass]Volcarona||CovertCloak|FlameBody|StruggleBug,Flamethrower,RagePowder,Tailwind|||F|||50|,,,,,Water]Hariyama||AssaultVest|ThickFat|CloseCombat,KnockOff,HeavySlam,FakeOut|||F|||50|,,,,,Psychic
|showteam|p2|Garganacl||Leftovers|PurifyingSalt|SaltCure,Avalanche,WideGuard,Protect|||M|||50|,,,,,Grass]Tyranitar||AssaultVest|SandStream|RockSlide,KnockOff,LashOut,IcePunch|||M|||50|,,,,,Flying]Glimmora||PowerHerb|ToxicDebris|MeteorBeam,SpikyShield,SludgeBomb,EarthPower|||M|||50|,,,,,Grass]Talonflame||CovertCloak|GaleWings|DualWingbeat,FlareBlitz,Tailwind,WillOWisp|||M|||50|,,,,,Flying]Excadrill||SitrusBerry|SandRush|IronHead,Earthquake,SwordsDance,Protect|||M|||50|,,,,,Ghost]Gastrodon||LifeOrb|StormDrain|EarthPower,MuddyWater,IceBeam,Protect|||M|||50|,,,,,Fire
|inactive|Battle timer is ON: inactive players will automatically lose when time's up. (requested by boncuss)
|inactive|TwistedGengar has 60 seconds left.
|inactive|TwistedGengar has 30 seconds left.
|
|t:|1757782900
|teamsize|p1|4
|teamsize|p2|4
|start
|switch|p1a: Sinistcha|Sinistcha, L50|100/100
|switch|p1b: Hariyama|Hariyama, L50, F|100/100
|switch|p2a: Glimmora|Glimmora, L50, M|100/100
|switch|p2b: Talonflame|Talonflame, L50, M|100/100
|turn|1
|
|t:|1757782922
|move|p1b: Hariyama|Fake Out|p2a: Glimmora
|-resisted|p2a: Glimmora
|-damage|p2a: Glimmora|92/100
|-activate|p2a: Glimmora|ability: Toxic Debris
|-sidestart|p1: TwistedGengar|move: Toxic Spikes
|move|p2b: Talonflame|Will-O-Wisp|p1b: Hariyama
|-status|p1b: Hariyama|brn
|cant|p2a: Glimmora|flinch
|move|p1a: Sinistcha|Trick Room|p1a: Sinistcha
|-fieldstart|move: Trick Room|[of] p1a: Sinistcha
|
|-damage|p1b: Hariyama|95/100 brn|[from] brn
|upkeep
|turn|2
|
|t:|1757782937
|move|p2b: Talonflame|Dual Wingbeat|p1a: Sinistcha
|-supereffective|p1a: Sinistcha
|-damage|p1a: Sinistcha|74/100
|-supereffective|p1a: Sinistcha
|-damage|p1a: Sinistcha|43/100
|-hitcount|p1a: Sinistcha|2
|move|p1b: Hariyama|Knock Off|p2a: Glimmora
|-damage|p2a: Glimmora|72/100
|-activate|p2a: Glimmora|ability: Toxic Debris
|-sidestart|p1: TwistedGengar|move: Toxic Spikes
|-enditem|p2a: Glimmora|Power Herb|[from] move: Knock Off|[of] p1b: Hariyama
|move|p1a: Sinistcha|Calm Mind|p1a: Sinistcha
|-boost|p1a: Sinistcha|spa|1
|-boost|p1a: Sinistcha|spd|1
|move|p2a: Glimmora|Meteor Beam||[still]
|-prepare|p2a: Glimmora|Meteor Beam
|-boost|p2a: Glimmora|spa|1
|
|-damage|p1b: Hariyama|89/100 brn|[from] brn
|upkeep
|turn|3
|inactive|TwistedGengar has 30 seconds left.
|
|t:|1757782970
|-terastallize|p1a: Sinistcha|Dark
|move|p2b: Talonflame|Dual Wingbeat|p1a: Sinistcha
|-damage|p1a: Sinistcha|28/100
|-damage|p1a: Sinistcha|14/100
|-hitcount|p1a: Sinistcha|2
|move|p1b: Hariyama|Heavy Slam|p2a: Glimmora
|-supereffective|p2a: Glimmora
|-damage|p2a: Glimmora|26/100
|move|p1a: Sinistcha|Strength Sap|p2b: Talonflame
|-unboost|p2b: Talonflame|atk|1
|-heal|p1a: Sinistcha|96/100
|move|p2a: Glimmora|Meteor Beam|p1a: Sinistcha|[from] lockedmove
|-damage|p1a: Sinistcha|32/100
|
|-damage|p1b: Hariyama|83/100 brn|[from] brn
|upkeep
|turn|4
|inactive|TwistedGengar has 30 seconds left.
|inactive|boncuss has 30 seconds left.
|
|t:|1757783004
|switch|p1b: Primarina|Primarina, L50, M|100/100
|-status|p1b: Primarina|tox
|move|p2a: Glimmora|Spiky Shield|p2a: Glimmora
|-singleturn|p2a: Glimmora|move: Protect
|move|p2b: Talonflame|Dual Wingbeat|p1b: Primarina
|-damage|p1b: Primarina|88/100 tox
|-damage|p1b: Primarina|73/100 tox
|-hitcount|p1b: Primarina|2
|move|p1a: Sinistcha|Matcha Gotcha|p2b: Talonflame|[spread] p2b
|-activate|p2a: Glimmora|move: Protect
|-resisted|p2b: Talonflame
|-damage|p2b: Talonflame|88/100
|-heal|p1a: Sinistcha|38/100|[from] drain|[of] p2b: Talonflame
|
|-damage|p1b: Primarina|67/100 tox|[from] psn
|upkeep
|turn|5
|inactive|TwistedGengar has 30 seconds left.
|inactive|boncuss has 30 seconds left.
|
|t:|1757783033
|switch|p2a: Tyranitar|Tyranitar, L50, M|100/100
|-weather|Sandstorm|[from] ability: Sand Stream|[of] p2a: Tyranitar
|move|p1b: Primarina|Hyper Voice|p2a: Tyranitar|[spread] p2a,p2b
|-supereffective|p2a: Tyranitar
|-supereffective|p2b: Talonflame
|-damage|p2a: Tyranitar|63/100
|-damage|p2b: Talonflame|0 fnt
|faint|p2b: Talonflame
|move|p1a: Sinistcha|Strength Sap|p1b: Primarina
|-unboost|p1b: Primarina|atk|1
|-heal|p1a: Sinistcha|77/100
|
|-weather|Sandstorm|[upkeep]
|-damage|p1b: Primarina|61/100 tox|[from] Sandstorm
|-damage|p1a: Sinistcha|71/100|[from] Sandstorm
|-damage|p1b: Primarina|50/100 tox|[from] psn
|-fieldend|move: Trick Room
|upkeep
|
|t:|1757783047
|switch|p2b: Excadrill|Excadrill, L50, M|100/100
|turn|6
|inactive|boncuss has 30 seconds left.
|inactive|boncuss has 20 seconds left.
|inactive|boncuss has 15 seconds left.
|inactive|TwistedGengar has 30 seconds left.
|
|t:|1757783101
|move|p2b: Excadrill|Protect|p2b: Excadrill
|-singleturn|p2b: Excadrill|Protect
|move|p1a: Sinistcha|Matcha Gotcha|p2b: Excadrill|[spread] p2a
|-activate|p2b: Excadrill|move: Protect
|-supereffective|p2a: Tyranitar
|-damage|p2a: Tyranitar|34/100
|-heal|p1a: Sinistcha|88/100|[from] drain|[of] p2a: Tyranitar
|move|p1b: Primarina|Hyper Voice|p2a: Tyranitar|[spread] p2a
|-activate|p2b: Excadrill|move: Protect
|-supereffective|p2a: Tyranitar
|-damage|p2a: Tyranitar|0 fnt
|faint|p2a: Tyranitar
|
|-weather|Sandstorm|[upkeep]
|-damage|p1a: Sinistcha|82/100|[from] Sandstorm
|-damage|p1b: Primarina|44/100 tox|[from] Sandstorm
|-damage|p1b: Primarina|26/100 tox|[from] psn
|upkeep
|
|t:|1757783112
|switch|p2a: Glimmora|Glimmora, L50, M|26/100
|turn|7
|
|t:|1757783130
|move|p2b: Excadrill|Swords Dance|p2b: Excadrill
|-boost|p2b: Excadrill|atk|2
|move|p2a: Glimmora|Sludge Bomb|p1b: Primarina
|-supereffective|p1b: Primarina
|-damage|p1b: Primarina|0 fnt
|faint|p1b: Primarina
|move|p1a: Sinistcha|Matcha Gotcha|p2a: Glimmora|[spread] p2a,p2b
|-crit|p2b: Excadrill
|-damage|p2a: Glimmora|0 fnt
|-heal|p1a: Sinistcha|93/100|[from] drain|[of] p2a: Glimmora
|-damage|p2b: Excadrill|26/100
|-heal|p1a: Sinistcha|100/100|[from] drain|[of] p2b: Excadrill
|-enditem|p2b: Excadrill|Sitrus Berry|[eat]
|-heal|p2b: Excadrill|51/100|[from] item: Sitrus Berry
|faint|p2a: Glimmora
|
|-weather|Sandstorm|[upkeep]
|-damage|p1a: Sinistcha|94/100|[from] Sandstorm
|upkeep
|
|t:|1757783150
|switch|p1b: Hariyama|Hariyama, L50, F|83/100 brn
|turn|8
|
|t:|1757783164
|-terastallize|p2b: Excadrill|Ghost
|move|p1b: Hariyama|Fake Out|p2b: Excadrill
|-immune|p2b: Excadrill
|move|p2b: Excadrill|Earthquake|p1a: Sinistcha|[spread] p1a,p1b
|-damage|p1a: Sinistcha|18/100
|-damage|p1b: Hariyama|0 fnt
|faint|p1b: Hariyama
|move|p1a: Sinistcha|Trick Room|p1a: Sinistcha
|-fieldstart|move: Trick Room|[of] p1a: Sinistcha
|
|-weather|Sandstorm|[upkeep]
|-damage|p1a: Sinistcha|12/100|[from] Sandstorm
|upkeep
|
|t:|1757783170
|switch|p1b: Kingambit|Kingambit, L50, F|100/100
|turn|9
|
|t:|1757783179
|move|p1b: Kingambit|Kowtow Cleave|p2b: Excadrill
|-supereffective|p2b: Excadrill
|-damage|p2b: Excadrill|0 fnt
|faint|p2b: Excadrill
|
|win|TwistedGengar
||boncuss is ready for game 2.
||TwistedGengar is ready for game 2.
|uhtml|next|Next: Game 2 of 3
