|j|☆Eggy’sDad
|j|☆AxolotlChamp
|html|Eggy’sDadAxolotlChamp    
|uhtml|bestof|Game 2 of a best-of-3
|t:|1785259498
|gametype|doubles
|player|p1|Eggy’sDad|102|1126
|player|p2|AxolotlChamp|baker|1000
|gen|9
|tier|[Gen 9 Champions] VGC 2026 Reg M-B (Bo3)
|rated|
|rule|Species Clause: Limit one of each Pokémon
|rule|Item Clause: Limit 1 of each item
|clearpoke
|poke|p1|Pyroar, L50, F|
|poke|p1|Whimsicott, L50, M|
|poke|p1|Ninetales, L50, M|
|poke|p1|Farigiraf, L50, M|
|poke|p1|Basculegion, L50, M|
|poke|p1|Floette-Eternal, L50, F|
|poke|p2|Golurk, L50|
|poke|p2|Milotic, L50, M, shiny|
|poke|p2|Farigiraf, L50, M, shiny|
|poke|p2|Floette-Eternal, L50, F|
|poke|p2|Ceruledge, L50, F|
|poke|p2|Whimsicott, L50, F|
|teampreview|4
|showteam|p1|Pyroar||Pyroarite|Unnerve|HeatWave,SolarBeam,Overheat,Protect|Timid||F|||50|]Whimsicott||FocusSash|Prankster|Moonblast,Tailwind,SunnyDay,Protect|Timid||M|||50|]Ninetales||ChoiceScarf|Drought|Overheat,HeatWave,SolarBeam,FakeTears|Modest||M|||50|]Farigiraf||SitrusBerry|ArmorTail|Thunderbolt,TwinBeam,TrickRoom,HelpingHand|Bold||M|||50|]Basculegion||LifeOrb|Adaptability|WaveCrash,LastRespects,AquaJet,Protect|Adamant||M|||50|]Floette-Eternal||Floettite|FlowerVeil|Moonblast,DazzlingGleam,LightofRuin,Protect|Timid||F|||50|
|showteam|p2|Golurk||Golurkite|IronFist|HeadlongRush,Poltergeist,Earthquake,Protect|Adamant|||||50|]Milotic||MysticWater|MarvelScale|Scald,Surf,Protect,LightScreen|Modest||M|||50|]Farigiraf||SitrusBerry|ArmorTail|Psychic,Protect,Roar,TrickRoom|Bold||M|||50|]Floette-Eternal||Floettite|FlowerVeil|Moonblast,DrainingKiss,Protect,CalmMind|Timid||F|||50|]Ceruledge||ExpertBelt|FlashFire|BitterBlade,BulkUp,ShadowSneak,Protect|Adamant||F|||50|]Whimsicott||FocusSash|Prankster|Moonblast,Taunt,Protect,Tailwind|Timid||F|||50|
|
|t:|1785259554
|teamsize|p1|4
|teamsize|p2|4
|start
|switch|p1a: Whimsicott|Whimsicott, L50, M|100/100
|switch|p1b: Basculegion|Basculegion, L50, M|100/100
|switch|p2a: Golurk|Golurk, L50|100/100
|switch|p2b: Farigiraf|Farigiraf, L50, M, shiny|100/100
|turn|1
|
|t:|1785259606
|detailschange|p2a: Golurk|Golurk-Mega, L50
|-mega|p2a: Golurk|Golurk|Golurkite
|move|p2a: Golurk|Protect|p2a: Golurk
|-singleturn|p2a: Golurk|Protect
|move|p1a: Whimsicott|Moonblast|p2b: Farigiraf
|-damage|p2b: Farigiraf|64/100
|-unboost|p2b: Farigiraf|spa|1
|move|p1b: Basculegion|Wave Crash|p2a: Golurk
|-activate|p2a: Golurk|move: Protect
|move|p2b: Farigiraf|Trick Room|p2b: Farigiraf
|-fieldstart|move: Trick Room|[of] p2b: Farigiraf
|
|upkeep
|turn|2
|
|t:|1785259630
|move|p1a: Whimsicott|Protect|p1a: Whimsicott
|-singleturn|p1a: Whimsicott|Protect
|move|p1b: Basculegion|Protect|p1b: Basculegion
|-singleturn|p1b: Basculegion|Protect
|move|p2a: Golurk|Poltergeist|p1b: Basculegion
|-activate|p1b: Basculegion|move: Protect
|move|p2b: Farigiraf|Roar|p1b: Basculegion
|drag|p1b: Farigiraf|Farigiraf, L50, M|100/100
|
|upkeep
|turn|3
|
|t:|1785259670
|switch|p2b: Milotic|Milotic, L50, M, shiny|100/100
|move|p2a: Golurk|Earthquake|p1a: Whimsicott|[spread] p2b,p1a,p1b
|-resisted|p1a: Whimsicott|1
|-damage|p2b: Milotic|55/100
|-damage|p1a: Whimsicott|62/100
|-damage|p1b: Farigiraf|60/100
|move|p1a: Whimsicott|Moonblast|p2b: Milotic
|-damage|p2b: Milotic|24/100
|move|p1b: Farigiraf|Trick Room|p1b: Farigiraf
|-fieldend|move: Trick Room
|
|upkeep
|turn|4
|
|t:|1785259694
|move|p1a: Whimsicott|Moonblast|p2a: Golurk
|-damage|p2a: Golurk|71/100
|move|p2b: Milotic|Light Screen|p2b: Milotic
|-sidestart|p2: AxolotlChamp|move: Light Screen
|move|p1b: Farigiraf|Thunderbolt|p2b: Milotic
|-supereffective|p2b: Milotic|1
|-damage|p2b: Milotic|0 fnt
|faint|p2b: Milotic
|move|p2a: Golurk|Headlong Rush|p1b: Farigiraf
|-damage|p1b: Farigiraf|0 fnt
|-unboost|p2a: Golurk|def|1
|-unboost|p2a: Golurk|spd|1
|faint|p1b: Farigiraf
|
|upkeep
|
|t:|1785259706
|switch|p2b: Farigiraf|Farigiraf, L50, M, shiny|64/100
|switch|p1b: Floette|Floette-Eternal, L50, F|100/100
|turn|5
|
|t:|1785259732
|detailschange|p1b: Floette|Floette-Mega, L50, F
|-mega|p1b: Floette|Floette|Floettite
|-ability|p1b: Floette|Fairy Aura
|move|p1a: Whimsicott|Moonblast|p2b: Farigiraf
|-damage|p2b: Farigiraf|34/100
|-enditem|p2b: Farigiraf|Sitrus Berry|[eat]
|-heal|p2b: Farigiraf|59/100|[from] item: Sitrus Berry
|move|p1b: Floette|Dazzling Gleam|p2b: Farigiraf|[spread] p2a,p2b
|-damage|p2a: Golurk|33/100
|-damage|p2b: Farigiraf|32/100
|move|p2a: Golurk|Headlong Rush|p1b: Floette
|-damage|p1b: Floette|3/100
|-unboost|p2a: Golurk|def|1
|-unboost|p2a: Golurk|spd|1
|move|p2b: Farigiraf|Trick Room|p2b: Farigiraf
|-fieldstart|move: Trick Room|[of] p2b: Farigiraf
|
|upkeep
|turn|6
|
|t:|1785259761
|move|p1b: Floette|Protect|p1b: Floette
|-singleturn|p1b: Floette|Protect
|move|p2a: Golurk|Poltergeist|p1a: Whimsicott
|-activate|p1a: Whimsicott|move: Poltergeist|Focus Sash
|-damage|p1a: Whimsicott|0 fnt
|faint|p1a: Whimsicott
|move|p2b: Farigiraf|Psychic|p1b: Floette
|-activate|p1b: Floette|move: Protect
|
|upkeep
|
|t:|1785259771
|switch|p1a: Basculegion|Basculegion, L50, M|100/100
|turn|7
|
|t:|1785259807
|move|p2a: Golurk|Poltergeist|p1a: Basculegion
|-activate|p1a: Basculegion|move: Poltergeist|Life Orb
|-supereffective|p1a: Basculegion|1
|-damage|p1a: Basculegion|0 fnt
|faint|p1a: Basculegion
|move|p1b: Floette|Dazzling Gleam|p2a: Golurk|[spread] p2a,p2b
|-crit|p2a: Golurk
|-damage|p2a: Golurk|0 fnt
|-damage|p2b: Farigiraf|1/100
|faint|p2a: Golurk
|move|p2b: Farigiraf|Roar||[still]
|-fail|p2b: Farigiraf
|
|upkeep
|
|t:|1785259812
|switch|p2a: Ceruledge|Ceruledge, L50, F|100/100
|turn|8
|
|t:|1785259830
|move|p2b: Farigiraf|Protect|p2b: Farigiraf
|-singleturn|p2b: Farigiraf|Protect
|move|p2a: Ceruledge|Protect|p2a: Ceruledge
|-singleturn|p2a: Ceruledge|Protect
|move|p1b: Floette|Dazzling Gleam|p2b: Farigiraf|[spread] 
|-activate|p2a: Ceruledge|move: Protect
|-activate|p2b: Farigiraf|move: Protect
|
|-sideend|p2: AxolotlChamp|move: Light Screen
|upkeep
|turn|9
|
|t:|1785259844
|move|p2b: Farigiraf|Psychic|p1b: Floette
|-damage|p1b: Floette|0 fnt
|faint|p1b: Floette
|
|win|AxolotlChamp
