|j|☆Hoanglatao
|j|☆Thinking Charizard
|html|HoanglataoThinking Charizard    
|uhtml|bestof|Game 3 of a best-of-3
|t:|1784250446
|gametype|doubles
|player|p1|Hoanglatao|101|1192
|player|p2|Thinking Charizard|colress|1065
|gen|9
|tier|[Gen 9 Champions] VGC 2026 Reg M-B (Bo3)
|rated|
|rule|Species Clause: Limit one of each Pokémon
|rule|Item Clause: Limit 1 of each item
|clearpoke
|poke|p1|Metagross, L50, shiny|
|poke|p1|Floette-Eternal, L50, F|
|poke|p1|Talonflame, L50, M|
|poke|p1|Hydreigon, L50, F|
|poke|p1|Ceruledge, L50, F|
|poke|p1|Ninetales-Alola, L50, F|
|poke|p2|Mawile, L50, M|
|poke|p2|Pelipper, L50, M|
|poke|p2|Farigiraf, L50, M|
|poke|p2|Sinistcha, L50|
|poke|p2|Basculegion, L50, M|
|poke|p2|Hydreigon, L50, M|
|teampreview|4
|showteam|p1|Metagross||Metagrossite|ClearBody|IronHead,BodyPress,PsychicFangs,Protect|Adamant|||||50|]Floette-Eternal||Floettite|FlowerVeil|Moonblast,DazzlingGleam,LightofRuin,Protect|Modest||F|||50|]Talonflame||SharpBeak|GaleWings|Tailwind,DualWingbeat,FlareBlitz,Protect|Jolly||M|||50|]Hydreigon||LifeOrb|Levitate|DracoMeteor,DarkPulse,Protect,EarthPower|Timid||F|||50|]Ceruledge||ColburBerry|FlashFire|BitterBlade,BulkUp,ShadowSneak,CloseCombat|Serious||F|||50|]Ninetales-Alola||NeverMeltIce|SnowWarning|Blizzard,Moonblast,Encore,Protect|Timid||F|||50|
|showteam|p2|Mawile||Mawilite|Intimidate|PlayRough,RockSlide,SuckerPunch,Protect|Adamant||M|||50|]Pelipper||FocusSash|Drizzle|Tailwind,WideGuard,WeatherBall,Hurricane|Modest||M|||50|]Farigiraf||SitrusBerry|ArmorTail|TrickRoom,Thunderbolt,TwinBeam,Protect|Calm||M|||50|]Sinistcha||KasibBerry|Hospitality|RagePowder,MatchaGotcha,TrickRoom,LifeDew|Calm|||||50|]Basculegion||LifeOrb|Adaptability|LastRespects,AquaJet,Liquidation,Protect|Adamant||M|||50|]Hydreigon||ChoiceScarf|Levitate|DracoMeteor,DarkPulse,EarthPower,Snarl|Modest||M|||50|
|inactive|Battle timer is ON: inactive players will automatically lose when time's up. (requested by Hoanglatao)
|
|t:|1784250497
|teamsize|p1|4
|teamsize|p2|4
|start
|switch|p1a: Metagross|Metagross, L50, shiny|100/100
|switch|p1b: Talonflame|Talonflame, L50, M|100/100
|switch|p2a: Sinistcha|Sinistcha, L50|100/100
|switch|p2b: Mawile|Mawile, L50, M|100/100
|-ability|p2b: Mawile|Intimidate|boost
|-fail|p1a: Metagross|unboost|[from] ability: Clear Body|[of] p1a: Metagross
|-unboost|p1b: Talonflame|atk|1
|turn|1
|
|t:|1784250519
|switch|p2a: Pelipper|Pelipper, L50, M|100/100
|-weather|RainDance|[from] ability: Drizzle|[of] p2a: Pelipper
|detailschange|p1a: Metagross|Metagross-Mega, L50, shiny
|-mega|p1a: Metagross|Metagross|Metagrossite
|detailschange|p2b: Mawile|Mawile-Mega, L50, M
|-mega|p2b: Mawile|Mawile|Mawilite
|move|p1b: Talonflame|Dual Wingbeat|p2a: Pelipper
|-damage|p2a: Pelipper|86/100
|-crit|p2a: Pelipper
|-damage|p2a: Pelipper|57/100
|-hitcount|p2a: Pelipper|2
|move|p1a: Metagross|Psychic Fangs|p2a: Pelipper
|-damage|p2a: Pelipper|0 fnt
|faint|p2a: Pelipper
|move|p2b: Mawile|Rock Slide|p1b: Talonflame|[spread] p1a,p1b
|-resisted|p1a: Metagross|1
|-supereffective|p1b: Talonflame|2
|-damage|p1a: Metagross|86/100
|-damage|p1b: Talonflame|0 fnt
|faint|p1b: Talonflame
|
|-weather|RainDance|[upkeep]
|upkeep
|inactive|Thinking Charizard has 30 seconds left.
|
|t:|1784250548
|switch|p1b: Hydreigon|Hydreigon, L50, F|100/100
|switch|p2a: Hydreigon|Hydreigon, L50, M|100/100
|turn|2
|inactive|Thinking Charizard has 30 seconds left.
|
|t:|1784250573
|move|p1b: Hydreigon|Protect|p1b: Hydreigon
|-singleturn|p1b: Hydreigon|Protect
|move|p2b: Mawile|Sucker Punch|p1a: Metagross
|-supereffective|p1a: Metagross|1
|-damage|p1a: Metagross|14/100
|move|p2a: Hydreigon|Draco Meteor|p1b: Hydreigon
|-activate|p1b: Hydreigon|move: Protect
|move|p1a: Metagross|Body Press|p2a: Hydreigon
|-supereffective|p2a: Hydreigon|1
|-damage|p2a: Hydreigon|23/100
|
|-weather|RainDance|[upkeep]
|upkeep
|turn|3
|
|t:|1784250592
|move|p1a: Metagross|Protect|p1a: Metagross
|-singleturn|p1a: Metagross|Protect
|move|p2b: Mawile|Sucker Punch||[still]
|-fail|p2b: Mawile
|move|p2a: Hydreigon|Draco Meteor|p1b: Hydreigon
|-supereffective|p1b: Hydreigon|1
|-damage|p1b: Hydreigon|0 fnt
|-unboost|p2a: Hydreigon|spa|2
|faint|p1b: Hydreigon
|
|-weather|RainDance|[upkeep]
|upkeep
|
|t:|1784250598
|switch|p1b: Ceruledge|Ceruledge, L50, F|100/100
|turn|4
|c|☆Thinking Charizard|gg
|
|t:|1784250610
|switch|p2a: Sinistcha|Sinistcha, L50|100/100
|move|p1a: Metagross|Protect||[still]
|-fail|p1a: Metagross
|move|p1b: Ceruledge|Bulk Up|p1b: Ceruledge
|-boost|p1b: Ceruledge|atk|1
|-boost|p1b: Ceruledge|def|1
|move|p2b: Mawile|Rock Slide|p1b: Ceruledge|[spread] p1a,p1b
|-resisted|p1a: Metagross|1
|-supereffective|p1b: Ceruledge|1
|-damage|p1a: Metagross|0 fnt
|-damage|p1b: Ceruledge|28/100
|faint|p1a: Metagross
|
|-weather|RainDance|[upkeep]
|upkeep
|turn|5
|c|☆Hoanglatao|gg
|
|t:|1784250628
|move|p2a: Sinistcha|Rage Powder|p2a: Sinistcha
|-singleturn|p2a: Sinistcha|move: Rage Powder
|move|p1b: Ceruledge|Bitter Blade|p2a: Sinistcha
|-supereffective|p2a: Sinistcha|1
|-damage|p2a: Sinistcha|39/100
|-heal|p1b: Ceruledge|64/100|[from] drain|[of] p2a: Sinistcha
|move|p2b: Mawile|Rock Slide|p1b: Ceruledge
|-supereffective|p1b: Ceruledge|1
|-damage|p1b: Ceruledge|0 fnt
|faint|p1b: Ceruledge
|
|win|Thinking Charizard
|raw|Hoanglatao's rating: 1192 → 1158(-34 for losing)
|raw|Thinking Charizard's rating: 1065 → 1106(+41 for winning)
|l|☆Hoanglatao
|player|p1|
