|j|☆ladderal
|j|☆Sammias
|html|ladderalSammias    
|uhtml|bestof|Game 2 of a best-of-3
|t:|1756228213
|gametype|doubles
|player|p1|ladderal|265|1080
|player|p2|Sammias|miku-ground|1140
|gen|9
|tier|[Gen 9] VGC 2025 Reg H (Bo3)
|rated|
|rule|Species Clause: Limit one of each Pokémon
|rule|Item Clause: Limit 1 of each item
|clearpoke
|poke|p1|Kingambit, L50, M|
|poke|p1|Primarina, L50, F|
|poke|p1|Sneasler, L50, F|
|poke|p1|Magmar, L50, M|
|poke|p1|Rillaboom, L50, M|
|poke|p1|Dragapult, L50, M|
|poke|p2|Torkoal, L50, M|
|poke|p2|Typhlosion-Hisui, L50, F|
|poke|p2|Indeedee-F, L50, F|
|poke|p2|Amoonguss, L50, M|
|poke|p2|Sneasler, L50, F|
|poke|p2|Primarina, L50, F|
|teampreview|4
|showteam|p1|Kingambit||BlackGlasses|Defiant|KowtowCleave,SuckerPunch,SwordsDance,Protect|||M|||50|,,,,,Dark]Primarina||SitrusBerry|LiquidVoice|HyperVoice,Moonblast,Haze,Protect|||F|||50|,,,,,Poison]Sneasler||FocusSash|PoisonTouch|CloseCombat,DireClaw,FakeOut,Protect|||F|||50|,,,,,Ghost]Magmar||Eviolite|VitalSpirit|Overheat,WillOWisp,FollowMe,Protect|||M|||50|,,,,,Ghost]Rillaboom||AssaultVest|GrassySurge|WoodHammer,GrassyGlide,HighHorsepower,FakeOut|||M|||50|,,,,,Fire]Dragapult||ChoiceBand|ClearBody|DragonDarts,PhantomForce,Outrage,Uturn|||M|||50|,,,,,Dragon
|showteam|p2|Torkoal||Charcoal|Drought|Eruption,Overheat,EarthPower,Protect|||M|||50|,,,,,Fire]Typhlosion-Hisui||ChoiceScarf|Blaze|Eruption,HeatWave,ShadowBall,SolarBeam|||F|||50|,,,,,Fire]Indeedee-F||SitrusBerry|PsychicSurge|FollowMe,TrickRoom,HelpingHand,Psychic|||F|||50|,,,,,Fairy]Amoonguss||RockyHelmet|Regenerator|RagePowder,Spore,ClearSmog,PollenPuff|||M|||50|,,,,,Psychic]Sneasler||PsychicSeed|Unburden|DireClaw,CloseCombat,Taunt,Protect|||F|||50|,,,,,Dark]Primarina||ThroatSpray|LiquidVoice|HyperVoice,Moonblast,CalmMind,Protect|||F|||50|,,,,,Poison
|inactive|Battle timer is ON: inactive players will automatically lose when time's up. (requested by Sammias)
|
|t:|1756228238
|teamsize|p1|4
|teamsize|p2|4
|start
|switch|p1a: Dragapult|Dragapult, L50, M|100/100
|switch|p1b: Sneasler|Sneasler, L50, F|100/100
|switch|p2a: Typhlosion|Typhlosion-Hisui, L50, F|100/100
|switch|p2b: Sneasler|Sneasler, L50, F|100/100
|turn|1
|inactive|ladderal has 30 seconds left.
|inactive|Sammias has 30 seconds left.
|inactive|Sammias has 20 seconds left.
|
|t:|1756228273
|-terastallize|p1a: Dragapult|Dragon
|move|p1b: Sneasler|Fake Out|p2b: Sneasler
|-damage|p2b: Sneasler|76/100
|move|p2a: Typhlosion|Shadow Ball|p1a: Dragapult
|-damage|p1a: Dragapult|47/100
|move|p1a: Dragapult|Dragon Darts|p2a: Typhlosion
|-damage|p2a: Typhlosion|24/100
|-anim|p1a: Dragapult|Dragon Darts|p2b: Sneasler
|-damage|p2b: Sneasler|0 fnt
|faint|p2b: Sneasler
|
|upkeep
|
|t:|1756228284
|switch|p2b: Indeedee|Indeedee-F, L50, F|100/100
|-fieldstart|move: Psychic Terrain|[from] ability: Psychic Surge|[of] p2b: Indeedee
|turn|2
|
|t:|1756228302
|switch|p1a: Rillaboom|Rillaboom, L50, M|100/100
|-fieldstart|move: Grassy Terrain|[from] ability: Grassy Surge|[of] p1a: Rillaboom
|move|p2a: Typhlosion|Shadow Ball|p1a: Rillaboom
|-damage|p1a: Rillaboom|70/100
|move|p1b: Sneasler|Dire Claw|p2a: Typhlosion
|-resisted|p2a: Typhlosion
|-damage|p2a: Typhlosion|0 fnt
|faint|p2a: Typhlosion
|move|p2b: Indeedee|Trick Room|p2b: Indeedee
|-fieldstart|move: Trick Room|[of] p2b: Indeedee
|
|-heal|p1a: Rillaboom|76/100|[from] Grassy Terrain
|upkeep
|
|t:|1756228311
|switch|p2a: Torkoal|Torkoal, L50, M|100/100
|-weather|SunnyDay|[from] ability: Drought|[of] p2a: Torkoal
|turn|3
|
|t:|1756228328
|move|p2a: Torkoal|Protect|p2a: Torkoal
|-singleturn|p2a: Torkoal|Protect
|move|p1a: Rillaboom|Fake Out|p2a: Torkoal
|-activate|p2a: Torkoal|move: Protect
|move|p2b: Indeedee|Psychic|p1b: Sneasler
|-supereffective|p1b: Sneasler
|-enditem|p1b: Sneasler|Focus Sash
|-damage|p1b: Sneasler|1/100
|move|p1b: Sneasler|Dire Claw|p2b: Indeedee
|-damage|p2b: Indeedee|39/100
|-status|p2b: Indeedee|par
|-enditem|p2b: Indeedee|Sitrus Berry|[eat]
|-heal|p2b: Indeedee|64/100 par|[from] item: Sitrus Berry
|
|-weather|SunnyDay|[upkeep]
|-heal|p2b: Indeedee|70/100 par|[from] Grassy Terrain
|-heal|p1a: Rillaboom|81/100|[from] Grassy Terrain
|-heal|p1b: Sneasler|7/100|[from] Grassy Terrain
|upkeep
|turn|4
|
|t:|1756228350
|move|p2b: Indeedee|Helping Hand|p2a: Torkoal
|-singleturn|p2a: Torkoal|Helping Hand|[of] p2b: Indeedee
|move|p1a: Rillaboom|Grassy Glide|p2a: Torkoal
|-resisted|p2a: Torkoal
|-damage|p2a: Torkoal|85/100
|move|p2a: Torkoal|Eruption|p1b: Sneasler|[spread] p1a,p1b
|-supereffective|p1a: Rillaboom
|-damage|p1a: Rillaboom|0 fnt
|-damage|p1b: Sneasler|0 fnt
|faint|p1a: Rillaboom
|faint|p1b: Sneasler
|
|-weather|SunnyDay|[upkeep]
|-heal|p2a: Torkoal|91/100|[from] Grassy Terrain
|-heal|p2b: Indeedee|76/100 par|[from] Grassy Terrain
|upkeep
|
|t:|1756228357
|switch|p1a: Dragapult|Dragapult, L50, M, tera:Dragon|47/100
|switch|p1b: Primarina|Primarina, L50, F|100/100
|turn|5
|
|t:|1756228368
|-terastallize|p2a: Torkoal|Fire
|cant|p2b: Indeedee|par
|move|p2a: Torkoal|Eruption|p1a: Dragapult|[spread] p1a,p1b
|-resisted|p1a: Dragapult
|-resisted|p1b: Primarina
|-damage|p1a: Dragapult|0 fnt
|-damage|p1b: Primarina|59/100
|faint|p1a: Dragapult
|move|p1b: Primarina|Hyper Voice|p2b: Indeedee|[spread] p2a,p2b
|-supereffective|p2a: Torkoal
|-damage|p2a: Torkoal|53/100
|-damage|p2b: Indeedee|65/100 par
|
|-weather|SunnyDay|[upkeep]
|-heal|p2a: Torkoal|59/100|[from] Grassy Terrain
|-heal|p2b: Indeedee|72/100 par|[from] Grassy Terrain
|-heal|p1b: Primarina|65/100|[from] Grassy Terrain
|upkeep
|turn|6
|
|t:|1756228380
|move|p2b: Indeedee|Helping Hand|p2a: Torkoal
|-singleturn|p2a: Torkoal|Helping Hand|[of] p2b: Indeedee
|move|p1b: Primarina|Protect|p1b: Primarina
|-singleturn|p1b: Primarina|Protect
|move|p2a: Torkoal|Overheat|p1b: Primarina
|-activate|p1b: Primarina|move: Protect
|
|-weather|SunnyDay|[upkeep]
|-heal|p2a: Torkoal|65/100|[from] Grassy Terrain
|-heal|p2b: Indeedee|78/100 par|[from] Grassy Terrain
|-heal|p1b: Primarina|71/100|[from] Grassy Terrain
|-fieldend|move: Trick Room
|-fieldend|move: Grassy Terrain
|upkeep
|turn|7
|
|t:|1756228393
|move|p2b: Indeedee|Helping Hand|p2a: Torkoal
|-singleturn|p2a: Torkoal|Helping Hand|[of] p2b: Indeedee
|move|p1b: Primarina|Hyper Voice|p2a: Torkoal|[spread] p2a,p2b
|-supereffective|p2a: Torkoal
|-damage|p2a: Torkoal|27/100
|-damage|p2b: Indeedee|68/100 par
|move|p2a: Torkoal|Overheat|p1b: Primarina
|-resisted|p1b: Primarina
|-damage|p1b: Primarina|0 fnt
|-unboost|p2a: Torkoal|spa|2
|faint|p1b: Primarina
|
|win|Sammias
||ladderal is ready for game 3.
|c|☆Sammias|ggwp
|inactive|Sammias has 30 seconds to confirm battle start!
||Sammias is ready for game 3.
|uhtml|next|Next: Game 3 of 3
