|j|☆A_TerroneVGC
|j|☆KingDom1992
|html|A_TerroneVGCKingDom1992    
|uhtml|bestof|Game 1 of a best-of-3
|t:|1756658140
|gametype|doubles
|player|p1|A_TerroneVGC|102|1166
|player|p2|KingDom1992|brock|1194
|gen|9
|tier|[Gen 9] VGC 2025 Reg H (Bo3)
|rated|
|rule|Species Clause: Limit one of each Pokémon
|rule|Item Clause: Limit 1 of each item
|clearpoke
|poke|p1|Toedscruel, L50, M|
|poke|p1|Weezing-Galar, L50, M|
|poke|p1|Corviknight, L50, M|
|poke|p1|Pawmot, L50, M|
|poke|p1|Garchomp, L50, M|
|poke|p1|Typhlosion-Hisui, L50, M|
|poke|p2|Gholdengo, L50|
|poke|p2|Sneasler, L50, M|
|poke|p2|Incineroar, L50, M|
|poke|p2|Amoonguss, L50, F|
|poke|p2|Dragonite, L50, F|
|poke|p2|Ursaluna-Bloodmoon, L50, M|
|teampreview|4
|showteam|p1|Toedscruel||CovertCloak|MyceliumMight|EarthPower,AcidSpray,Spore,RagePowder|||M|||50|,,,,,Water]Weezing-Galar||ChoiceSpecs|NeutralizingGas|SludgeBomb,StrangeSteam,Flamethrower,DazzlingGleam|||M|||50|,,,,,Fire]Corviknight||SitrusBerry|MirrorArmor|BraveBird,Roost,Tailwind,Protect|||M|||50|,,,,,Dragon]Pawmot||FocusSash|NaturalCure|DoubleShock,CloseCombat,FakeOut,Protect|||M|||50|,,,,,Electric]Garchomp||LifeOrb|RoughSkin|DragonClaw,StompingTantrum,Earthquake,Protect|||M|||50|,,,,,Ground]Typhlosion-Hisui||ChoiceScarf|Blaze|Eruption,ShadowBall,HeatWave,SleepTalk|||M|||50|,,,,,Fire
|showteam|p2|Gholdengo||LifeOrb|GoodasGold|MakeItRain,ShadowBall,NastyPlot,Protect||||||50|,,,,,Water]Sneasler||FocusSash|PoisonTouch|FakeOut,CloseCombat,DireClaw,Protect|||M|||50|,,,,,Stellar]Incineroar||SafetyGoggles|Intimidate|FakeOut,FlareBlitz,KnockOff,PartingShot|||M|||50|,,,,,Ghost]Amoonguss||SitrusBerry|Regenerator|Spore,RagePowder,PollenPuff,Protect|||F|||50|,,,,,Water]Dragonite||LoadedDice|Multiscale|ScaleShot,Haze,Tailwind,ExtremeSpeed|||F|||50|,,,,,Fairy]Ursaluna-Bloodmoon||AssaultVest|MindsEye|HyperVoice,BloodMoon,EarthPower,VacuumWave|||M|||50|,,,,,Normal
|inactive|Battle timer is ON: inactive players will automatically lose when time's up. (requested by KingDom1992)
|inactive|A_TerroneVGC has 60 seconds left.
|
|t:|1756658185
|teamsize|p1|4
|teamsize|p2|4
|start
|switch|p1a: Weezing|Weezing-Galar, L50, M|100/100
|switch|p1b: Toedscruel|Toedscruel, L50, M|100/100
|switch|p2a: Incineroar|Incineroar, L50, M, shiny|100/100
|switch|p2b: Ursaluna|Ursaluna-Bloodmoon, L50, M|100/100
|-ability|p1a: Weezing|Neutralizing Gas
|turn|1
|
|t:|1756658204
|move|p2a: Incineroar|Fake Out|p1b: Toedscruel
|-damage|p1b: Toedscruel|87/100
|move|p1b: Toedscruel|Spore|p2b: Ursaluna
|-status|p2b: Ursaluna|slp|[from] move: Spore
|cant|p2b: Ursaluna|slp
|move|p1a: Weezing|Sludge Bomb|p2a: Incineroar
|-damage|p2a: Incineroar|60/100
|
|upkeep
|turn|2
|
|t:|1756658224
|-terastallize|p1b: Toedscruel|Water
|move|p1b: Toedscruel|Acid Spray|p2b: Ursaluna
|-resisted|p2b: Ursaluna
|-damage|p2b: Ursaluna|98/100 slp
|-unboost|p2b: Ursaluna|spd|2
|cant|p2b: Ursaluna|slp
|move|p1a: Weezing|Sludge Bomb|p2b: Ursaluna
|-resisted|p2b: Ursaluna
|-damage|p2b: Ursaluna|59/100 slp
|move|p2a: Incineroar|Parting Shot|p1a: Weezing
|-unboost|p1a: Weezing|atk|1
|-unboost|p1a: Weezing|spa|1
|
|t:|1756658240
|switch|p2a: Sneasler|Sneasler, L50, M, shiny|100/100|[from] Parting Shot
|
|upkeep
|turn|3
|
|t:|1756658257
|switch|p2b: Incineroar|Incineroar, L50, M, shiny|60/100
|move|p2a: Sneasler|Dire Claw|p1a: Weezing
|-damage|p1a: Weezing|61/100
|-status|p1a: Weezing|slp
|move|p1b: Toedscruel|Acid Spray|p2a: Sneasler
|-resisted|p2a: Sneasler
|-crit|p2a: Sneasler
|-damage|p2a: Sneasler|92/100
|-unboost|p2a: Sneasler|spd|2
|cant|p1a: Weezing|slp
|
|upkeep
|turn|4
|inactive|A_TerroneVGC has 30 seconds left.
|
|t:|1756658285
|move|p2a: Sneasler|Protect|p2a: Sneasler
|-singleturn|p2a: Sneasler|Protect
|move|p1b: Toedscruel|Spore|p2a: Sneasler
|-activate|p2a: Sneasler|move: Protect
|-curestatus|p1a: Weezing|slp|[msg]
|move|p1a: Weezing|Sludge Bomb|p2b: Incineroar
|-damage|p2b: Incineroar|32/100
|-status|p2b: Incineroar|psn
|move|p2b: Incineroar|Knock Off|p1b: Toedscruel
|-damage|p1b: Toedscruel|36/100
|-enditem|p1b: Toedscruel|Covert Cloak|[from] move: Knock Off|[of] p2b: Incineroar
|
|-damage|p2b: Incineroar|20/100 psn|[from] psn
|upkeep
|turn|5
|
|t:|1756658301
|switch|p2b: Ursaluna|Ursaluna-Bloodmoon, L50, M|59/100 slp
|move|p1b: Toedscruel|Rage Powder|p1b: Toedscruel
|-singleturn|p1b: Toedscruel|move: Rage Powder
|move|p2a: Sneasler|Dire Claw|p1b: Toedscruel
|-damage|p1b: Toedscruel|0 fnt
|faint|p1b: Toedscruel
|move|p1a: Weezing|Sludge Bomb|p2a: Sneasler
|-resisted|p2a: Sneasler
|-damage|p2a: Sneasler|40/100
|
|upkeep
|
|t:|1756658319
|switch|p1b: Typhlosion|Typhlosion-Hisui, L50, M|100/100
|turn|6
|
|t:|1756658329
|move|p2a: Sneasler|Protect|p2a: Sneasler
|-singleturn|p2a: Sneasler|Protect
|-curestatus|p2b: Ursaluna|slp|[msg]
|move|p2b: Ursaluna|Vacuum Wave|p1b: Typhlosion
|-immune|p1b: Typhlosion
|move|p1b: Typhlosion|Eruption|p2b: Ursaluna|[spread] p2b
|-activate|p2a: Sneasler|move: Protect
|-damage|p2b: Ursaluna|19/100
|move|p1a: Weezing|Sludge Bomb|p2b: Ursaluna
|-resisted|p2b: Ursaluna
|-damage|p2b: Ursaluna|6/100
|
|upkeep
|turn|7
|
|t:|1756658352
|move|p1b: Typhlosion|Eruption|p2a: Sneasler|[spread] p2a,p2b
|-damage|p2a: Sneasler|0 fnt
|-damage|p2b: Ursaluna|0 fnt
|faint|p2a: Sneasler
|faint|p2b: Ursaluna
|move|p1a: Weezing|Sludge Bomb|p2: Sneasler|[notarget]
|-fail|p1a: Weezing
|
|upkeep
|
|t:|1756658356
|switch|p2a: Dragonite|Dragonite, L50, F|100/100
|switch|p2b: Incineroar|Incineroar, L50, M, shiny|20/100 psn
|turn|8
|
|t:|1756658365
|move|p2b: Incineroar|Fake Out|p1a: Weezing
|-damage|p1a: Weezing|50/100
|move|p1b: Typhlosion|Eruption|p2b: Incineroar|[spread] p2a,p2b
|-resisted|p2a: Dragonite
|-resisted|p2b: Incineroar
|-damage|p2a: Dragonite|66/100
|-damage|p2b: Incineroar|0 fnt
|faint|p2b: Incineroar
|move|p2a: Dragonite|Scale Shot|p1b: Typhlosion
|-damage|p1b: Typhlosion|80/100
|-damage|p1b: Typhlosion|58/100
|-damage|p1b: Typhlosion|35/100
|-damage|p1b: Typhlosion|12/100
|-damage|p1b: Typhlosion|0 fnt
|faint|p1b: Typhlosion
|-hitcount|p1: Typhlosion|5
|-unboost|p2a: Dragonite|def|1
|-boost|p2a: Dragonite|spe|1
|cant|p1a: Weezing|flinch
|
|upkeep
|
|t:|1756658375
|switch|p1b: Garchomp|Garchomp, L50, M|100/100
|turn|9
|
|t:|1756658388
|-terastallize|p2a: Dragonite|Fairy
|move|p1b: Garchomp|Protect|p1b: Garchomp
|-singleturn|p1b: Garchomp|Protect
|move|p2a: Dragonite|Extreme Speed|p1a: Weezing
|-damage|p1a: Weezing|18/100
|move|p1a: Weezing|Sludge Bomb|p2a: Dragonite
|-supereffective|p2a: Dragonite
|-crit|p2a: Dragonite
|-damage|p2a: Dragonite|0 fnt
|faint|p2a: Dragonite
|
|win|A_TerroneVGC
||KingDom1992 is ready for game 2.
|inactive|A_TerroneVGC has 30 seconds to confirm battle start!
||A_TerroneVGC is ready for game 2.
|uhtml|next|Next: Game 2 of 3
