|j|☆DeewompostYT
|j|☆lordtentacle69
|html|DeewompostYTlordtentacle69    
|uhtml|bestof|Game 1 of a best-of-3
|t:|1782967518
|gametype|doubles
|player|p1|DeewompostYT|guitarist|1239
|player|p2|lordtentacle69|corbeau|1105
|gen|9
|tier|[Gen 9 Champions] VGC 2026 Reg M-B (Bo3)
|rated|
|rule|Species Clause: Limit one of each Pokémon
|rule|Item Clause: Limit 1 of each item
|clearpoke
|poke|p1|Swampert, L50, M|
|poke|p1|Archaludon, L50, F|
|poke|p1|Grimmsnarl, L50, M|
|poke|p1|Pelipper, L50, M|
|poke|p1|Garchomp, L50, M|
|poke|p1|Floette-Eternal, L50, F|
|poke|p2|Aerodactyl, L50, F|
|poke|p2|Charizard, L50, F|
|poke|p2|Kingambit, L50, M|
|poke|p2|Sylveon, L50, F|
|poke|p2|Farigiraf, L50, F|
|poke|p2|Garchomp, L50, M|
|teampreview|4
|showteam|p1|Swampert||Swampertite|Damp|WaveCrash,Earthquake,IcePunch,Protect|Adamant||M|||50|]Archaludon||Leftovers|Stamina|ElectroShot,DragonPulse,FlashCannon,Protect|Timid||F|||50|]Grimmsnarl||LightClay|Prankster|LightScreen,FakeOut,SpiritBreak,PartingShot|Adamant||M|||50|]Pelipper||FocusSash|Drizzle|WeatherBall,Hurricane,Tailwind,Protect|Timid||M|||50|]Garchomp||LifeOrb|RoughSkin|Earthquake,DragonClaw,RockSlide,Protect|Jolly||M|||50|]Floette-Eternal||Floettite|FlowerVeil|DazzlingGleam,LightofRuin,Moonblast,Protect|Modest||F|||50|
|showteam|p2|Aerodactyl||Aerodactylite|Unnerve|RockSlide,DualWingbeat,IceFang,Tailwind|Jolly||F|||50|]Charizard||CharizarditeY|Blaze|HeatWave,Protect,SolarBeam,WeatherBall|Modest||F|||50|]Kingambit||FocusSash|Defiant|KowtowCleave,SuckerPunch,LowKick,IronHead|Adamant||M|||50|]Sylveon||FairyFeather|Pixilate|HyperVoice,HyperBeam,QuickAttack,Protect|Modest||F|||50|]Farigiraf||SitrusBerry|ArmorTail|Psychic,Protect,TrickRoom,Thunderbolt|Bold||F|||50|]Garchomp||LifeOrb|RoughSkin|Earthquake,StompingTantrum,DragonClaw,Protect|Jolly||M|||50|
|c|☆DeewompostYT|glhf
|c|☆lordtentacle69|u2
|
|t:|1782967571
|teamsize|p1|4
|teamsize|p2|4
|start
|switch|p1a: Garchomp|Garchomp, L50, M|100/100
|switch|p1b: Archaludon|Archaludon, L50, F|100/100
|switch|p2a: Sylveon|Sylveon, L50, F|100/100
|switch|p2b: Charizard|Charizard, L50, F|100/100
|turn|1
|
|t:|1782967591
|detailschange|p2b: Charizard|Charizard-Mega-Y, L50, F
|-mega|p2b: Charizard|Charizard|Charizardite Y
|-weather|SunnyDay|[from] ability: Drought|[of] p2b: Charizard
|move|p1a: Garchomp|Protect|p1a: Garchomp
|-singleturn|p1a: Garchomp|Protect
|move|p1b: Archaludon|Flash Cannon|p2a: Sylveon
|-supereffective|p2a: Sylveon|1
|-damage|p2a: Sylveon|39/100
|move|p2b: Charizard|Weather Ball|p1b: Archaludon
|-damage|p1b: Archaludon|0 fnt
|faint|p1b: Archaludon
|move|p2a: Sylveon|Hyper Voice|p1a: Garchomp
|-activate|p1a: Garchomp|move: Protect
|
|-weather|SunnyDay|[upkeep]
|upkeep
|
|t:|1782967604
|switch|p1b: Pelipper|Pelipper, L50, M|100/100
|-weather|RainDance|[from] ability: Drizzle|[of] p1b: Pelipper
|turn|2
|
|t:|1782967637
|move|p1a: Garchomp|Earthquake|p2a: Sylveon|[spread] p2a
|-immune|p1b: Pelipper
|-immune|p2b: Charizard
|-damage|p2a: Sylveon|0 fnt
|faint|p2a: Sylveon
|-damage|p1a: Garchomp|90/100|[from] item: Life Orb
|move|p2b: Charizard|Weather Ball|p1a: Garchomp
|-damage|p1a: Garchomp|21/100
|move|p1b: Pelipper|Tailwind|p1b: Pelipper
|-sidestart|p1: DeewompostYT|move: Tailwind
|
|-weather|RainDance|[upkeep]
|upkeep
|
|t:|1782967655
|switch|p2a: Kingambit|Kingambit, L50, M|100/100
|turn|3
|
|t:|1782967671
|switch|p2b: Garchomp|Garchomp, L50, M|100/100
|move|p2a: Kingambit|Sucker Punch|p1b: Pelipper
|-damage|p1b: Pelipper|50/100g
|move|p1a: Garchomp|Rock Slide|p2a: Kingambit|[spread] p2a,p2b
|-resisted|p2a: Kingambit|1
|-resisted|p2b: Garchomp|1
|-damage|p2a: Kingambit|88/100
|-damage|p2b: Garchomp|87/100
|-damage|p1a: Garchomp|11/100|[from] item: Life Orb
|move|p1b: Pelipper|Weather Ball|p2a: Kingambit
|-damage|p2a: Kingambit|19/100
|
|-weather|RainDance|[upkeep]
|upkeep
|turn|4
|
|t:|1782967692
|switch|p1b: Swampert|Swampert, L50, M|100/100
|move|p2a: Kingambit|Sucker Punch|p1a: Garchomp
|-damage|p1a: Garchomp|0 fnt
|-damage|p2a: Kingambit|7/100|[from] ability: Rough Skin|[of] p1a: Garchomp
|faint|p1a: Garchomp
|move|p2b: Garchomp|Dragon Claw|p1b: Swampert
|-damage|p1b: Swampert|52/100
|-damage|p2b: Garchomp|77/100|[from] item: Life Orb
|
|-weather|RainDance|[upkeep]
|upkeep
|
|t:|1782967699
|switch|p1a: Pelipper|Pelipper, L50, M|50/100g
|turn|5
|
|t:|1782967713
|detailschange|p1b: Swampert|Swampert-Mega, L50, M
|-mega|p1b: Swampert|Swampert|Swampertite
|move|p2b: Garchomp|Protect|p2b: Garchomp
|-singleturn|p2b: Garchomp|Protect
|move|p2a: Kingambit|Sucker Punch|p1a: Pelipper
|-crit|p1a: Pelipper
|-damage|p1a: Pelipper|0 fnt
|faint|p1a: Pelipper
|move|p1b: Swampert|Ice Punch|p2b: Garchomp
|-activate|p2b: Garchomp|move: Protect
|
|-weather|RainDance|[upkeep]
|-sideend|p1: DeewompostYT|move: Tailwind
|upkeep
|turn|6
|
|t:|1782967726
|switch|p2a: Charizard|Charizard-Mega-Y, L50, F|100/100
|-weather|SunnyDay|[from] ability: Drought|[of] p2a: Charizard
|move|p2b: Garchomp|Earthquake|p1b: Swampert|[spread] p1b
|-immune|p2a: Charizard
|-damage|p1b: Swampert|12/100
|-damage|p2b: Garchomp|68/100|[from] item: Life Orb
|move|p1b: Swampert|Earthquake|p2a: Charizard|[spread] p2b
|-immune|p2a: Charizard
|-damage|p2b: Garchomp|17/100
|
|-weather|SunnyDay|[upkeep]
|upkeep
|turn|7
|-message|DeewompostYT forfeited.
|
|win|lordtentacle69
||DeewompostYT is ready for game 2.
||lordtentacle69 is ready for game 2.
|uhtml|next|Next: Game 2 of 3
