|j|☆keahi
|j|‽Juaner95
|html|keahiJuaner95    
|uhtml|bestof|Game 2 of a best-of-3
|t:|1784690243
|gametype|doubles
|player|p1|keahi|willow|1149
|player|p2|Juaner95|ash-hoenn|1118
|gen|9
|tier|[Gen 9 Champions] VGC 2026 Reg M-B (Bo3)
|rated|
|rule|Species Clause: Limit one of each Pokémon
|rule|Item Clause: Limit 1 of each item
|clearpoke
|poke|p1|Mamoswine, L50, M|
|poke|p1|Sinistcha, L50|
|poke|p1|Raichu, L50, M|
|poke|p1|Kingambit, L50, M|
|poke|p1|Blaziken, L50, F|
|poke|p1|Araquanid, L50, M|
|poke|p2|Scrafty, L50, M|
|poke|p2|Vileplume, L50, M, shiny|
|poke|p2|Oranguru, L50, M|
|poke|p2|Torkoal, L50, M, shiny|
|poke|p2|Gholdengo, L50, shiny|
|poke|p2|Lucario, L50, M|
|teampreview|4
|showteam|p1|Mamoswine||LifeOrb|Oblivious|HighHorsepower,Protect,IceShard,RockSlide|Jolly||M|||50|]Sinistcha||Leftovers|Hospitality|MatchaGotcha,ShadowBall,TrickRoom,RagePowder|Bold|||||50|]Raichu||RaichuniteY|LightningRod|ZapCannon,FakeOut,FocusBlast,Protect|Timid||M|||50|]Kingambit||ChopleBerry|Defiant|Protect,IronHead,LowKick,SuckerPunch|Adamant||M|||50|]Blaziken||Blazikenite|SpeedBoost|Detect,Coaching,CloseCombat,FlareBlitz|Adamant||F|||50|]Araquanid||MysticWater|WaterBubble|Liquidation,LeechLife,WideGuard,MirrorCoat|Sassy||M|||50|
|showteam|p2|Scrafty||Scraftinite|Intimidate|FakeOut,KnockOff,DrainPunch,RockSlide|Brave||M|||50|]Vileplume||FocusSash|Chlorophyll|AfterYou,SludgeBomb,LeafStorm,Protect|Modest||M|||50|]Oranguru||MentalHerb|InnerFocus|Instruct,Encore,TrickRoom,Protect|Bold||M|||50|]Torkoal||Charcoal|Drought|Eruption,EarthPower,HeatWave,Protect|Quiet||M|||50|]Gholdengo||LifeOrb|GoodasGold|ShadowBall,MakeItRain,NastyPlot,Protect|Timid|||||50|]Lucario||ChoiceScarf|InnerFocus|FinalGambit,HelpingHand,SunnyDay,HealPulse|Timid||M|||50|
|inactive|Battle timer is ON: inactive players will automatically lose when time's up. (requested by keahi)
|inactive|Juaner95 has 60 seconds left.
|inactive|Juaner95 has 30 seconds left.
|inactive|Juaner95 has 20 seconds left.
|
|t:|1784690466
|teamsize|p1|4
|teamsize|p2|4
|start
|switch|p1a: Raichu|Raichu, L50, M|100/100
|switch|p1b: Araquanid|Araquanid, L50, M|100/100
|switch|p2a: Lucario|Lucario, L50, M|100/100
|switch|p2b: Torkoal|Torkoal, L50, M, shiny|100/100
|-weather|SunnyDay|[from] ability: Drought|[of] p2b: Torkoal
|turn|1
|inactive|keahi has 30 seconds left.
|inactive|Juaner95 has 30 seconds left.
|inactive|keahi has 20 seconds left.
|inactive|Juaner95 has 20 seconds left.
|inactive|keahi has 15 seconds left.
|inactive|Juaner95 has 15 seconds left.
|inactive|keahi has 10 seconds left.
|inactive|Juaner95 has 10 seconds left.
|
|t:|1784690515
|switch|p1b: Sinistcha|Sinistcha, L50|100/100
|detailschange|p1a: Raichu|Raichu-Mega-Y, L50, M
|-mega|p1a: Raichu|Raichu|Raichunite Y
|move|p2b: Torkoal|Protect|p2b: Torkoal
|-singleturn|p2b: Torkoal|Protect
|move|p2a: Lucario|Final Gambit|p1a: Raichu
|-damage|p1a: Raichu|0 fnt
|faint|p2a: Lucario
|faint|p1a: Raichu
|
|-weather|SunnyDay|[upkeep]
|upkeep
|
|t:|1784690527
|switch|p1a: Araquanid|Araquanid, L50, M|100/100
|switch|p2a: Vileplume|Vileplume, L50, M, shiny|100/100
|turn|2
|
|t:|1784690542
|move|p2a: Vileplume|After You|p2b: Torkoal
|-activate|p2b: Torkoal|move: After You
|move|p2b: Torkoal|Eruption|p1b: Sinistcha|[spread] p1a,p1b
|-supereffective|p1b: Sinistcha|1
|-damage|p1a: Araquanid|65/100
|-damage|p1b: Sinistcha|0 fnt
|faint|p1b: Sinistcha
|move|p1a: Araquanid|Mirror Coat|p2b: Torkoal
|-damage|p2b: Torkoal|31/100
|
|-weather|SunnyDay|[upkeep]
|upkeep
|
|t:|1784690545
|switch|p1b: Kingambit|Kingambit, L50, M|100/100
|turn|3
|
|t:|1784690556
|move|p1a: Araquanid|Wide Guard|p1a: Araquanid
|-singleturn|p1a: Araquanid|Wide Guard
|move|p2a: Vileplume|After You|p2b: Torkoal
|-activate|p2b: Torkoal|move: After You
|move|p2b: Torkoal|Heat Wave|p1b: Kingambit|[spread] 
|-activate|p1a: Araquanid|move: Wide Guard
|-activate|p1b: Kingambit|move: Wide Guard
|move|p1b: Kingambit|Iron Head|p2a: Vileplume
|-damage|p2a: Vileplume|38/100
|
|-weather|SunnyDay|[upkeep]
|upkeep
|turn|4
|
|t:|1784690572
|move|p1b: Kingambit|Protect|p1b: Kingambit
|-singleturn|p1b: Kingambit|Protect
|move|p2a: Vileplume|Leaf Storm|p1a: Araquanid
|-damage|p1a: Araquanid|20/100y
|-unboost|p2a: Vileplume|spa|2
|move|p1a: Araquanid|Leech Life|p2a: Vileplume
|-damage|p2a: Vileplume|0 fnt
|-heal|p1a: Araquanid|37/100|[from] drain|[of] p2a: Vileplume
|faint|p2a: Vileplume
|move|p2b: Torkoal|Earth Power|p1b: Kingambit
|-activate|p1b: Kingambit|move: Protect
|
|-weather|SunnyDay|[upkeep]
|upkeep
|
|t:|1784690577
|switch|p2a: Scrafty|Scrafty, L50, M|100/100
|-ability|p2a: Scrafty|Intimidate|boost
|-unboost|p1a: Araquanid|atk|1
|-unboost|p1b: Kingambit|atk|1
|-ability|p1b: Kingambit|Defiant|boost
|-boost|p1b: Kingambit|atk|2
|turn|5
|
|t:|1784690586
|detailschange|p2a: Scrafty|Scrafty-Mega, L50, M
|-mega|p2a: Scrafty|Scrafty|Scraftinite
|-ability|p2a: Scrafty|Intimidate|boost
|-unboost|p1a: Araquanid|atk|1
|-unboost|p1b: Kingambit|atk|1
|-ability|p1b: Kingambit|Defiant|boost
|-boost|p1b: Kingambit|atk|2
|move|p2a: Scrafty|Fake Out|p1b: Kingambit
|-resisted|p1b: Kingambit|1
|-damage|p1b: Kingambit|95/100
|cant|p1b: Kingambit|flinch
|move|p1a: Araquanid|Liquidation|p2b: Torkoal
|-supereffective|p2b: Torkoal|1
|-damage|p2b: Torkoal|6/100
|move|p2b: Torkoal|Heat Wave|p1a: Araquanid|[spread] p1a,p1b
|-supereffective|p1b: Kingambit|1
|-damage|p1a: Araquanid|14/100
|-damage|p1b: Kingambit|0 fnt
|faint|p1b: Kingambit
|
|-weather|none
|upkeep
|turn|6
|-message|keahi forfeited.
|
|win|Juaner95
|raw|keahi's rating: 1149 → 1122(-27 for losing)
|raw|Juaner95's rating: 1118 → 1145(+27 for winning)
|l|☆keahi
|player|p1|
