|j|☆SmogonSupervillain
|j|☆JonnySean
|html|SmogonSupervillainJonnySean    
|uhtml|bestof|Game 1 of a best-of-3
|t:|1756154012
|gametype|doubles
|player|p1|SmogonSupervillain|169|1000
|player|p2|JonnySean|iris-gen5bw2|1023
|gen|9
|tier|[Gen 9] VGC 2025 Reg H (Bo3)
|rated|
|rule|Species Clause: Limit one of each Pokémon
|rule|Item Clause: Limit 1 of each item
|clearpoke
|poke|p1|Gholdengo, L50|
|poke|p1|Sneasler, L50, F|
|poke|p1|Incineroar, L50, M|
|poke|p1|Amoonguss, L50, M|
|poke|p1|Dragonite, L50, F|
|poke|p1|Ursaluna-Bloodmoon, L50, M|
|poke|p2|Archaludon, L50, F|
|poke|p2|Pelipper, L50, M|
|poke|p2|Kingambit, L50, F|
|poke|p2|Gliscor, L50, F|
|poke|p2|Tauros-Paldea-Aqua, L50, M|
|poke|p2|Whimsicott, L50, F|
|teampreview|4
|showteam|p1|Gholdengo||LifeOrb|GoodasGold|MakeItRain,ShadowBall,NastyPlot,Protect||||||50|,,,,,Water]Sneasler||FocusSash|PoisonTouch|FakeOut,CloseCombat,DireClaw,Protect|||F|||50|,,,,,Stellar]Incineroar||SafetyGoggles|Intimidate|FakeOut,FlareBlitz,KnockOff,PartingShot|||M|||50|,,,,,Ghost]Amoonguss||SitrusBerry|Regenerator|Spore,RagePowder,PollenPuff,Protect|||M|||50|,,,,,Water]Dragonite||LoadedDice|Multiscale|ScaleShot,Haze,Tailwind,ExtremeSpeed|||F|||50|,,,,,Fairy]Ursaluna-Bloodmoon||AssaultVest|MindsEye|HyperVoice,BloodMoon,EarthPower,VacuumWave|||M|||50|,,,,,Normal
|showteam|p2|Archaludon||Leftovers|Stamina|BodyPress,FlashCannon,ElectroShot,Protect|||F|||50|,,,,,Grass]Pelipper||FocusSash|Drizzle|Hurricane,Tailwind,WeatherBall,HelpingHand|||M|||50|,,,,,Ghost]Kingambit||BlackGlasses|Defiant|KowtowCleave,IronHead,SuckerPunch,Protect|||F|||50|,,,,,Dark]Gliscor||ToxicOrb|PoisonHeal|Protect,RainDance,Acrobatics,KnockOff|||F|||50|,,,,,Ground]Tauros-Paldea-Aqua||MirrorHerb|Intimidate|RagingBull,AquaJet,CloseCombat,Protect|||M|||50|,,,,,Water]Whimsicott||CovertCloak|Prankster|LightScreen,Tailwind,BeatUp,HelpingHand|||F|||50|,,,,,Dark
|inactive|Battle timer is ON: inactive players will automatically lose when time's up. (requested by SmogonSupervillain)
|inactive|JonnySean has 60 seconds left.
|
|t:|1756154076
|teamsize|p1|4
|teamsize|p2|4
|start
|switch|p1a: Amoonguss|Amoonguss, L50, M|100/100
|switch|p1b: Ursaluna|Ursaluna-Bloodmoon, L50, M|100/100
|switch|p2a: Whimsicott|Whimsicott, L50, F|100/100
|switch|p2b: Tauros|Tauros-Paldea-Aqua, L50, M|100/100
|-ability|p2b: Tauros|Intimidate|boost
|-unboost|p1a: Amoonguss|atk|1
|-unboost|p1b: Ursaluna|atk|1
|turn|1
|inactive|SmogonSupervillain has 30 seconds left.
|inactive|JonnySean has 30 seconds left.
|inactive|SmogonSupervillain has 20 seconds left.
|inactive|JonnySean has 20 seconds left.
|inactive|SmogonSupervillain has 15 seconds left.
|inactive|JonnySean has 15 seconds left.
|inactive|SmogonSupervillain has 10 seconds left.
|
|t:|1756154125
|move|p2b: Tauros|Protect|p2b: Tauros
|-singleturn|p2b: Tauros|Protect
|move|p2a: Whimsicott|Light Screen|p2a: Whimsicott
|-sidestart|p2: JonnySean|move: Light Screen
|move|p1b: Ursaluna|Hyper Voice|p2a: Whimsicott|[spread] p2a
|-activate|p2b: Tauros|move: Protect
|-damage|p2a: Whimsicott|72/100
|move|p1a: Amoonguss|Spore|p2b: Tauros
|-activate|p2b: Tauros|move: Protect
|
|upkeep
|turn|2
|inactive|SmogonSupervillain has 30 seconds left.
|inactive|JonnySean has 30 seconds left.
|
|t:|1756154158
|-terastallize|p1b: Ursaluna|Normal
|move|p2a: Whimsicott|Helping Hand|p2b: Tauros
|-singleturn|p2b: Tauros|Helping Hand|[of] p2a: Whimsicott
|move|p2b: Tauros|Raging Bull|p1b: Ursaluna
|-damage|p1b: Ursaluna|51/100
|move|p1b: Ursaluna|Blood Moon|p2a: Whimsicott
|-damage|p2a: Whimsicott|2/100
|move|p1a: Amoonguss|Spore|p2b: Tauros
|-status|p2b: Tauros|slp|[from] move: Spore
|
|upkeep
|turn|3
|inactive|JonnySean has 30 seconds left.
|inactive|JonnySean has 20 seconds left.
|
|t:|1756154193
|switch|p2a: Pelipper|Pelipper, L50, M|100/100
|-weather|RainDance|[from] ability: Drizzle|[of] p2a: Pelipper
|cant|p2b: Tauros|slp
|move|p1b: Ursaluna|Hyper Voice|p2b: Tauros|[spread] p2a,p2b
|-damage|p2a: Pelipper|42/100
|-damage|p2b: Tauros|53/100 slp
|move|p1a: Amoonguss|Pollen Puff|p1b: Ursaluna
|-heal|p1b: Ursaluna|100/100
|
|-weather|RainDance|[upkeep]
|upkeep
|turn|4
|inactive|JonnySean has 30 seconds left.
|
|t:|1756154222
|cant|p2b: Tauros|slp
|move|p2a: Pelipper|Hurricane|p1a: Amoonguss
|-supereffective|p1a: Amoonguss
|-damage|p1a: Amoonguss|27/100
|-start|p1a: Amoonguss|confusion
|-enditem|p1a: Amoonguss|Sitrus Berry|[eat]
|-heal|p1a: Amoonguss|52/100|[from] item: Sitrus Berry
|move|p1b: Ursaluna|Blood Moon|p2a: Pelipper
|-damage|p2a: Pelipper|0 fnt
|faint|p2a: Pelipper
|-activate|p1a: Amoonguss|confusion
|move|p1a: Amoonguss|Pollen Puff|p2b: Tauros
|-resisted|p2b: Tauros
|-damage|p2b: Tauros|44/100 slp
|
|-weather|RainDance|[upkeep]
|upkeep
|
|t:|1756154240
|switch|p2a: Archaludon|Archaludon, L50, F|100/100
|turn|5
|inactive|SmogonSupervillain has 30 seconds left.
|inactive|SmogonSupervillain has 20 seconds left.
|inactive|SmogonSupervillain has 15 seconds left.
|inactive|SmogonSupervillain has 10 seconds left.
|
|t:|1756154289
|-terastallize|p2a: Archaludon|Grass
|cant|p2b: Tauros|slp
|move|p2a: Archaludon|Body Press|p1b: Ursaluna
|-supereffective|p1b: Ursaluna
|-damage|p1b: Ursaluna|66/100
|move|p1b: Ursaluna|Hyper Voice|p2b: Tauros|[spread] p2a,p2b
|-damage|p2a: Archaludon|72/100
|-damage|p2b: Tauros|0 fnt
|-ability|p2a: Archaludon|Stamina|boost
|-boost|p2a: Archaludon|def|1
|faint|p2b: Tauros
|-end|p1a: Amoonguss|confusion
|move|p1a: Amoonguss|Spore|p2a: Archaludon
|-immune|p2a: Archaludon
|
|-weather|RainDance|[upkeep]
|-heal|p2a: Archaludon|78/100|[from] item: Leftovers
|-sideend|p2: JonnySean|move: Light Screen
|upkeep
|
|t:|1756154306
|switch|p2b: Whimsicott|Whimsicott, L50, F|2/100
|turn|6
|inactive|SmogonSupervillain has 30 seconds left.
|
|t:|1756154335
|move|p2b: Whimsicott|Light Screen|p2b: Whimsicott
|-sidestart|p2: JonnySean|move: Light Screen
|move|p2a: Archaludon|Body Press|p1b: Ursaluna
|-supereffective|p1b: Ursaluna
|-damage|p1b: Ursaluna|12/100
|move|p1b: Ursaluna|Hyper Voice|p2a: Archaludon|[spread] p2a,p2b
|-damage|p2a: Archaludon|47/100
|-damage|p2b: Whimsicott|0 fnt
|-ability|p2a: Archaludon|Stamina|boost
|-boost|p2a: Archaludon|def|1
|faint|p2b: Whimsicott
|move|p1a: Amoonguss|Pollen Puff|p1b: Ursaluna
|-heal|p1b: Ursaluna|61/100
|
|-weather|RainDance|[upkeep]
|-heal|p2a: Archaludon|53/100|[from] item: Leftovers
|upkeep
|turn|7
|
|t:|1756154358
|move|p1a: Amoonguss|Protect|p1a: Amoonguss
|-singleturn|p1a: Amoonguss|Protect
|move|p2a: Archaludon|Body Press|p1b: Ursaluna
|-supereffective|p1b: Ursaluna
|-damage|p1b: Ursaluna|0 fnt
|faint|p1b: Ursaluna
|
|-weather|none
|-heal|p2a: Archaludon|59/100|[from] item: Leftovers
|upkeep
|
|t:|1756154369
|switch|p1b: Gholdengo|Gholdengo, L50|100/100
|turn|8
|
|t:|1756154383
|move|p1a: Amoonguss|Rage Powder|p1a: Amoonguss
|-singleturn|p1a: Amoonguss|move: Rage Powder
|move|p1b: Gholdengo|Nasty Plot|p1b: Gholdengo
|-boost|p1b: Gholdengo|spa|2
|move|p2a: Archaludon|Flash Cannon|p1a: Amoonguss
|-damage|p1a: Amoonguss|20/100
|-unboost|p1a: Amoonguss|spd|1
|
|-heal|p2a: Archaludon|65/100|[from] item: Leftovers
|upkeep
|turn|9
|
|t:|1756154402
|move|p1a: Amoonguss|Rage Powder|p1a: Amoonguss
|-singleturn|p1a: Amoonguss|move: Rage Powder
|move|p1b: Gholdengo|Nasty Plot|p1b: Gholdengo
|-boost|p1b: Gholdengo|spa|2
|move|p2a: Archaludon|Flash Cannon|p1a: Amoonguss
|-damage|p1a: Amoonguss|0 fnt
|faint|p1a: Amoonguss
|
|-heal|p2a: Archaludon|72/100|[from] item: Leftovers
|upkeep
|
|t:|1756154413
|switch|p1a: Sneasler|Sneasler, L50, F|100/100
|turn|10
|
|t:|1756154422
|move|p2a: Archaludon|Protect|p2a: Archaludon
|-singleturn|p2a: Archaludon|Protect
|move|p1a: Sneasler|Dire Claw|p2a: Archaludon
|-activate|p2a: Archaludon|move: Protect
|move|p1b: Gholdengo|Shadow Ball|p2a: Archaludon
|-activate|p2a: Archaludon|move: Protect
|
|-heal|p2a: Archaludon|78/100|[from] item: Leftovers
|-sideend|p2: JonnySean|move: Light Screen
|upkeep
|turn|11
|-message|JonnySean forfeited.
|
|win|SmogonSupervillain
|l|☆JonnySean
|player|p2|
||JonnySean is ready for game 2.
||SmogonSupervillain is ready for game 2.
|uhtml|next|Next: Game 2 of 3
