|j|☆PsychoLotus
|j|☆bobovile
|html|PsychoLotusbobovile    
|uhtml|bestof|Game 1 of a best-of-3
|t:|1756746830
|gametype|doubles
|player|p1|PsychoLotus|riley|1175
|player|p2|bobovile|ruinmaniac|1172
|gen|9
|tier|[Gen 9] VGC 2025 Reg H (Bo3)
|rated|
|rule|Species Clause: Limit one of each Pokémon
|rule|Item Clause: Limit 1 of each item
|clearpoke
|poke|p1|Ursaluna-Bloodmoon, L50, M|
|poke|p1|Tyranitar, L50, M|
|poke|p1|Excadrill, L50, F|
|poke|p1|Magmar, L50, F|
|poke|p1|Hydreigon, L50, F|
|poke|p1|Sneasler, L50, M|
|poke|p2|Tyranitar, L50, M|
|poke|p2|Excadrill, L50, M|
|poke|p2|Gastrodon-East, L50, F|
|poke|p2|Talonflame, L50, F|
|poke|p2|Gallade, L50, M|
|poke|p2|Tsareena, L50, F|
|teampreview|4
|showteam|p1|Ursaluna-Bloodmoon||LifeOrb|MindsEye|BloodMoon,HyperVoice,EarthPower,Protect|||M|||50|,,,,,Normal]Tyranitar||AssaultVest|SandStream|RockSlide,KnockOff,TeraBlast,LowKick|||M|||50|,,,,,Flying]Excadrill||FocusSash|SandRush|Earthquake,HighHorsepower,IronHead,Protect|||F|||50|,,,,,Ground]Magmar||Eviolite|VitalSpirit|Overheat,Taunt,FollowMe,Protect|||F|||50|,,,,,Ghost]Hydreigon||CovertCloak|Levitate|Tailwind,DracoMeteor,Snarl,Protect|||F|||50|,,,,,Poison]Sneasler||WhiteHerb|Unburden|CloseCombat,DireClaw,FakeOut,Protect|||M|||50|,,,,,Stellar
|showteam|p2|Tyranitar||AssaultVest|SandStream|TeraBlast,RockSlide,KnockOff,LowKick|||M|||50|,,,,,Flying]Excadrill||LifeOrb|SandRush|Protect,HighHorsepower,IronHead,Earthquake|||M|||50|,,,,,Flying]Gastrodon-East||SitrusBerry|StormDrain|IceBeam,Protect,MuddyWater,EarthPower|||F|||50|,,,,,Fire]Talonflame||SafetyGoggles|GaleWings|Tailwind,Taunt,FlareBlitz,DualWingbeat|||F|||50|,,,,,Ghost]Gallade||ClearAmulet|Sharpness|Protect,SacredSword,PsychoCut,TrickRoom|||M|||50|,,,,,Steel]Tsareena||WideLens|QueenlyMajesty|PowerWhip,TripleAxel,Protect,Taunt|||F|||50|,,,,,Fire
|inactive|Battle timer is ON: inactive players will automatically lose when time's up. (requested by PsychoLotus)
|
|t:|1756746892
|teamsize|p1|4
|teamsize|p2|4
|start
|switch|p1a: Hydreigon|Hydreigon, L50, F|100/100
|switch|p1b: Sneasler|Sneasler, L50, M|100/100
|switch|p2a: Talonflame|Talonflame, L50, F|100/100
|switch|p2b: Gallade|Gallade, L50, M|100/100
|turn|1
|
|t:|1756746912
|move|p2b: Gallade|Protect|p2b: Gallade
|-singleturn|p2b: Gallade|Protect
|move|p1b: Sneasler|Fake Out|p2b: Gallade
|-activate|p2b: Gallade|move: Protect
|move|p2a: Talonflame|Dual Wingbeat|p1b: Sneasler
|-supereffective|p1b: Sneasler
|-damage|p1b: Sneasler|42/100
|-supereffective|p1b: Sneasler
|-damage|p1b: Sneasler|0 fnt
|faint|p1b: Sneasler
|-hitcount|p1: Sneasler|2
|move|p1a: Hydreigon|Tailwind|p1a: Hydreigon
|-sidestart|p1: PsychoLotus|move: Tailwind
|
|upkeep
|
|t:|1756746917
|switch|p1b: Tyranitar|Tyranitar, L50, M|100/100
|-weather|Sandstorm|[from] ability: Sand Stream|[of] p1b: Tyranitar
|turn|2
|inactive|PsychoLotus has 30 seconds left.
|inactive|bobovile has 30 seconds left.
|inactive|PsychoLotus has 20 seconds left.
|
|t:|1756746957
|-terastallize|p1b: Tyranitar|Flying
|move|p2a: Talonflame|Tailwind|p2a: Talonflame
|-sidestart|p2: bobovile|move: Tailwind
|move|p1a: Hydreigon|Draco Meteor|p2b: Gallade|[miss]
|-miss|p1a: Hydreigon|p2b: Gallade
|move|p2b: Gallade|Sacred Sword|p1a: Hydreigon
|-supereffective|p1a: Hydreigon
|-damage|p1a: Hydreigon|0 fnt
|faint|p1a: Hydreigon
|move|p1b: Tyranitar|Rock Slide|p2a: Talonflame|[spread] p2a,p2b
|-supereffective|p2a: Talonflame
|-resisted|p2b: Gallade
|-crit|p2b: Gallade
|-damage|p2a: Talonflame|0 fnt
|-damage|p2b: Gallade|68/100
|faint|p2a: Talonflame
|
|-weather|Sandstorm|[upkeep]
|-damage|p2b: Gallade|63/100|[from] Sandstorm
|-damage|p1b: Tyranitar|95/100|[from] Sandstorm
|upkeep
|inactive|bobovile has 30 seconds left.
|inactive|bobovile has 20 seconds left.
|
|t:|1756746996
|switch|p2a: Excadrill|Excadrill, L50, M|100/100
|switch|p1a: Excadrill|Excadrill, L50, F, shiny|100/100
|turn|3
|inactive|bobovile has 30 seconds left.
|inactive|bobovile has 20 seconds left.
|
|t:|1756747035
|-terastallize|p2a: Excadrill|Flying
|move|p1a: Excadrill|Protect|p1a: Excadrill
|-singleturn|p1a: Excadrill|Protect
|move|p2b: Gallade|Protect|p2b: Gallade
|-singleturn|p2b: Gallade|Protect
|move|p2a: Excadrill|Earthquake|p1b: Tyranitar|[spread] 
|-activate|p2b: Gallade|move: Protect
|-activate|p1a: Excadrill|move: Protect
|-immune|p1b: Tyranitar
|move|p1b: Tyranitar|Low Kick|p2a: Excadrill
|-resisted|p2a: Excadrill
|-damage|p2a: Excadrill|83/100
|
|-weather|Sandstorm|[upkeep]
|-damage|p2b: Gallade|57/100|[from] Sandstorm
|-damage|p1b: Tyranitar|89/100|[from] Sandstorm
|upkeep
|turn|4
|inactive|bobovile has 30 seconds left.
|
|t:|1756747068
|switch|p2a: Tsareena|Tsareena, L50, F|100/100
|move|p1a: Excadrill|High Horsepower|p2b: Gallade
|-damage|p2b: Gallade|0 fnt
|faint|p2b: Gallade
|move|p1b: Tyranitar|Rock Slide|p2a: Tsareena
|-damage|p2a: Tsareena|60/100
|
|-weather|Sandstorm|[upkeep]
|-damage|p2a: Tsareena|54/100|[from] Sandstorm
|-damage|p1b: Tyranitar|83/100|[from] Sandstorm
|-sideend|p1: PsychoLotus|move: Tailwind
|upkeep
|
|t:|1756747079
|switch|p2b: Excadrill|Excadrill, L50, M, tera:Flying|83/100
|turn|5
|
|t:|1756747104
|move|p2b: Excadrill|High Horsepower|p1a: Excadrill
|-supereffective|p1a: Excadrill
|-enditem|p1a: Excadrill|Focus Sash
|-damage|p1a: Excadrill|1/100
|-damage|p2b: Excadrill|74/100|[from] item: Life Orb
|move|p1a: Excadrill|Iron Head|p2a: Tsareena
|-damage|p2a: Tsareena|6/100
|move|p2a: Tsareena|Triple Axel|p1b: Tyranitar
|-supereffective|p1b: Tyranitar
|-damage|p1b: Tyranitar|70/100
|-supereffective|p1b: Tyranitar
|-damage|p1b: Tyranitar|48/100
|-supereffective|p1b: Tyranitar
|-damage|p1b: Tyranitar|14/100
|-hitcount|p1b: Tyranitar|3
|move|p1b: Tyranitar|Rock Slide|p2b: Excadrill|[spread] p2b
|-miss|p1b: Tyranitar|p2a: Tsareena
|-supereffective|p2b: Excadrill
|-damage|p2b: Excadrill|0 fnt
|faint|p2b: Excadrill
|
|-weather|Sandstorm|[upkeep]
|-damage|p2a: Tsareena|0 fnt|[from] Sandstorm
|-damage|p1b: Tyranitar|8/100|[from] Sandstorm
|faint|p2a: Tsareena
|
|win|PsychoLotus
|inactive|PsychoLotus has 30 seconds to confirm battle start!
|inactive|bobovile has 30 seconds to confirm battle start!
||PsychoLotus is ready for game 2.
