|j|☆DrXJ13
|j|☆iacidicowl
|html|DrXJ13iacidicowl    
|uhtml|bestof|Game 2 of a best-of-3
|t:|1783264890
|gametype|doubles
|player|p1|DrXJ13|cyrus|1303
|player|p2|iacidicowl|102|1307
|gen|9
|tier|[Gen 9 Champions] VGC 2026 Reg M-B (Bo3)
|rated|
|rule|Species Clause: Limit one of each Pokémon
|rule|Item Clause: Limit 1 of each item
|clearpoke
|poke|p1|Froslass, L50, F|
|poke|p1|Sneasler, L50, M|
|poke|p1|Kingambit, L50, M|
|poke|p1|Scovillain, L50, M|
|poke|p1|Basculegion, L50, M|
|poke|p1|Lycanroc-Dusk, L50, M|
|poke|p2|Blaziken, L50, M|
|poke|p2|Farigiraf, L50, M|
|poke|p2|Staraptor, L50, F|
|poke|p2|Torkoal, L50, F|
|poke|p2|Clefable, L50, F|
|poke|p2|Kingambit, L50, M|
|teampreview|4
|showteam|p1|Froslass||Froslassite|CursedBody|Blizzard,ShadowBall,AuroraVeil,Protect|Modest||F|||50|]Sneasler||WhiteHerb|Unburden|FakeOut,CloseCombat,DireClaw,Protect|Jolly||M|||50|]Kingambit||BlackGlasses|Defiant|SwordsDance,SuckerPunch,Protect,KowtowCleave|Adamant||M|||50|]Scovillain||Scovillainite|Moody|Overheat,GigaDrain,RagePowder,Protect|Bold||M|||50|]Basculegion||ChoiceScarf|Adaptability|AquaJet,FlipTurn,WaveCrash,LastRespects|Jolly||M|||50|]Lycanroc-Dusk||FocusSash|ToughClaws|Accelerock,CloseCombat,RockSlide,Protect|Adamant||M|||50|
|showteam|p2|Blaziken||Blazikenite|SpeedBoost|Protect,FlareBlitz,CloseCombat,RockSlide|Adamant||M|||50|]Farigiraf||SitrusBerry|ArmorTail|Protect,HyperVoice,TrickRoom,TwinBeam|Quiet||M|||50|]Staraptor||ChoiceScarf|Intimidate|BraveBird,Tailwind,FinalGambit,Uturn|Jolly||F|||50|]Torkoal||Leftovers|Drought|Protect,Eruption,BurningJealousy,AncientPower|Quiet||F|||50|]Clefable||LifeOrb|MagicGuard|Protect,Moonblast,IceBeam,Thunderbolt|Quiet||F|||50|]Kingambit||FocusSash|Defiant|Protect,LowKick,IronHead,SuckerPunch|Adamant||M|||50|
|inactive|Battle timer is ON: inactive players will automatically lose when time's up. (requested by DrXJ13)
|inactive|iacidicowl also wants the timer to be on.
|inactive|DrXJ13 has 60 seconds left.
|inactive|iacidicowl has 60 seconds left.
|
|t:|1783264937
|teamsize|p1|4
|teamsize|p2|4
|start
|switch|p1a: Scovillain|Scovillain, L50, M|100/100
|switch|p1b: Kingambit|Kingambit, L50, M|100/100
|switch|p2a: Clefable|Clefable, L50, F|100/100
|switch|p2b: Staraptor|Staraptor, L50, F|100/100
|-ability|p2b: Staraptor|Intimidate|boost
|-unboost|p1a: Scovillain|atk|1
|-unboost|p1b: Kingambit|atk|1
|-ability|p1b: Kingambit|Defiant|boost
|-boost|p1b: Kingambit|atk|2
|turn|1
|inactive|iacidicowl has 30 seconds left.
|
|t:|1783264965
|detailschange|p1a: Scovillain|Scovillain-Mega, L50, M
|-mega|p1a: Scovillain|Scovillain|Scovillainite
|move|p1a: Scovillain|Rage Powder|p1a: Scovillain
|-singleturn|p1a: Scovillain|move: Rage Powder
|move|p1b: Kingambit|Sucker Punch|p2b: Staraptor
|-damage|p2b: Staraptor|13/100
|move|p2b: Staraptor|Final Gambit|p1a: Scovillain
|-damage|p1a: Scovillain|84/100
|faint|p2b: Staraptor
|move|p2a: Clefable|Ice Beam|p1a: Scovillain
|-damage|p1a: Scovillain|51/100
|-status|p2a: Clefable|brn|[from] ability: Spicy Spray|[of] p1a: Scovillain
|
|upkeep
|
|t:|1783264978
|switch|p2b: Torkoal|Torkoal, L50, F|100/100
|-weather|SunnyDay|[from] ability: Drought|[of] p2b: Torkoal
|turn|2
|
|t:|1783264990
|move|p1a: Scovillain|Overheat|p2b: Torkoal
|-resisted|p2b: Torkoal|1
|-damage|p2b: Torkoal|42/100
|-unboost|p1a: Scovillain|spa|2
|move|p1b: Kingambit|Kowtow Cleave|p2b: Torkoal
|-damage|p2b: Torkoal|0 fnt
|faint|p2b: Torkoal
|move|p2a: Clefable|Moonblast|p1b: Kingambit
|-damage|p1b: Kingambit|44/100
|
|-weather|SunnyDay|[upkeep]
|upkeep
|
|t:|1783264997
|switch|p2b: Blaziken|Blaziken, L50, M|100/100
|turn|3
|
|t:|1783265021
|detailschange|p2b: Blaziken|Blaziken-Mega, L50, M
|-mega|p2b: Blaziken|Blaziken|Blazikenite
|move|p1a: Scovillain|Rage Powder|p1a: Scovillain
|-singleturn|p1a: Scovillain|move: Rage Powder
|move|p2b: Blaziken|Rock Slide|p1b: Kingambit|[spread] p1a,p1b
|-supereffective|p1a: Scovillain|1
|-resisted|p1b: Kingambit|1
|-damage|p1a: Scovillain|5/100
|-damage|p1b: Kingambit|36/100
|-immune|p2b: Blaziken
|move|p1b: Kingambit|Kowtow Cleave|p2a: Clefable
|-resisted|p2a: Clefable|1
|-damage|p2a: Clefable|50/100g brn
|move|p2a: Clefable|Moonblast|p1a: Scovillain
|-resisted|p1a: Scovillain|1
|-damage|p1a: Scovillain|0 fnt
|faint|p1a: Scovillain
|
|-weather|SunnyDay|[upkeep]
|-ability|p2b: Blaziken|Speed Boost|boost
|-boost|p2b: Blaziken|spe|1
|upkeep
|
|t:|1783265038
|switch|p1a: Sneasler|Sneasler, L50, M|100/100
|turn|4
|
|t:|1783265043
|move|p2b: Blaziken|Protect|p2b: Blaziken
|-singleturn|p2b: Blaziken|Protect
|move|p2a: Clefable|Protect|p2a: Clefable
|-singleturn|p2a: Clefable|Protect
|move|p1a: Sneasler|Fake Out|p2b: Blaziken
|-activate|p2b: Blaziken|move: Protect
|move|p1b: Kingambit|Sucker Punch||[still]
|-fail|p1b: Kingambit
|
|-weather|SunnyDay|[upkeep]
|-ability|p2b: Blaziken|Speed Boost|boost
|-boost|p2b: Blaziken|spe|1
|upkeep
|turn|5
|
|t:|1783265059
|move|p1b: Kingambit|Sucker Punch|p2b: Blaziken
|-resisted|p2b: Blaziken|1
|-damage|p2b: Blaziken|53/100
|move|p2b: Blaziken|Flare Blitz|p1a: Sneasler
|-damage|p1a: Sneasler|0 fnt
|faint|p1a: Sneasler
|-damage|p2b: Blaziken|19/100|[from] Recoil
|move|p2a: Clefable|Moonblast|p1b: Kingambit
|-damage|p1b: Kingambit|0 fnt
|faint|p1b: Kingambit
|
|-weather|SunnyDay|[upkeep]
|-ability|p2b: Blaziken|Speed Boost|boost
|-boost|p2b: Blaziken|spe|1
|upkeep
|
|t:|1783265072
|switch|p1b: Lycanroc|Lycanroc-Dusk, L50, M|100/100
|turn|6
|inactive|iacidicowl has 30 seconds left.
|inactive|iacidicowl has 20 seconds left.
|
|t:|1783265110
|move|p2b: Blaziken|Protect|p2b: Blaziken
|-singleturn|p2b: Blaziken|Protect
|move|p1b: Lycanroc|Protect|p1b: Lycanroc
|-singleturn|p1b: Lycanroc|Protect
|move|p2a: Clefable|Moonblast|p1b: Lycanroc
|-activate|p1b: Lycanroc|move: Protect
|
|-weather|none
|-ability|p2b: Blaziken|Speed Boost|boost
|-boost|p2b: Blaziken|spe|1
|upkeep
|turn|7
|
|t:|1783265125
|move|p2b: Blaziken|Protect||[still]
|-fail|p2b: Blaziken
|move|p1b: Lycanroc|Accelerock|p2b: Blaziken
|-damage|p2b: Blaziken|0 fnt
|faint|p2b: Blaziken
|move|p2a: Clefable|Moonblast|p1b: Lycanroc
|-damage|p1b: Lycanroc|1/100
|
|upkeep
|turn|8
|
|t:|1783265148
|move|p1b: Lycanroc|Accelerock|p2a: Clefable
|-damage|p2a: Clefable|20/100y brn
|move|p2a: Clefable|Moonblast|p1b: Lycanroc
|-damage|p1b: Lycanroc|0 fnt
|faint|p1b: Lycanroc
|
|win|iacidicowl
