|j|☆dambro222
|j|☆OhNoValentine
|html|dambro222OhNoValentine    
|uhtml|bestof|Game 2 of a best-of-3
|t:|1756828237
|gametype|doubles
|player|p1|dambro222|ethan|1116
|player|p2|OhNoValentine|2|1189
|gen|9
|tier|[Gen 9] VGC 2025 Reg H (Bo3)
|rated|
|rule|Species Clause: Limit one of each Pokémon
|rule|Item Clause: Limit 1 of each item
|clearpoke
|poke|p1|Dragonite, L50, M|
|poke|p1|Volcarona, L50, F|
|poke|p1|Sneasler, L50, M|
|poke|p1|Rillaboom, L50, M|
|poke|p1|Electabuzz, L50, M|
|poke|p1|Kingambit, L50, M|
|poke|p2|Talonflame, L50, M|
|poke|p2|Rillaboom, L50, M|
|poke|p2|Primarina, L50, F|
|poke|p2|Sneasler, L50, M|
|poke|p2|Dragonite, L50, F|
|poke|p2|Gholdengo, L50|
|teampreview|4
|showteam|p1|Dragonite||LoadedDice|Multiscale|ScaleShot,ExtremeSpeed,Haze,Protect|||M|||50|,,,,,Fairy]Volcarona||CovertCloak|FlameBody|HeatWave,TeraBlast,QuiverDance,Protect|||F|||50|,,,,,Fairy]Sneasler||FocusSash|Unburden|CloseCombat,DireClaw,RockSlide,Protect|||M|||50|,,,,,Stellar]Rillaboom||AssaultVest|GrassySurge|WoodHammer,GrassyGlide,HighHorsepower,FakeOut|||M|||50|,,,,,Water]Electabuzz||Eviolite|VitalSpirit|Electroweb,FollowMe,Taunt,Protect|||M|||50|,,,,,Ghost]Kingambit||BlackGlasses|Defiant|KowtowCleave,SuckerPunch,SwordsDance,Protect|||M|||50|,,,,,Dark
|showteam|p2|Talonflame||CovertCloak|GaleWings|BraveBird,Tailwind,WillOWisp,Taunt|||M|||50|,,,,,Flying]Rillaboom||AssaultVest|GrassySurge|FakeOut,WoodHammer,Uturn,GrassyGlide|||M|||50|,,,,,Fire]Primarina||ThroatSpray|LiquidVoice|HyperVoice,Haze,Moonblast,Protect|||F|||50|,,,,,Steel]Sneasler||GrassySeed|Unburden|Protect,CloseCombat,DireClaw,ThroatChop|||M|||50|,,,,,Dark]Dragonite||ChoiceBand|InnerFocus|ExtremeSpeed,Outrage,IceSpinner,StompingTantrum|||F|||50|,,,,,Normal]Gholdengo||ChoiceSpecs|GoodasGold|ShadowBall,MakeItRain,PowerGem,Trick||||||50|,,,,,Steel
|inactive|Battle timer is ON: inactive players will automatically lose when time's up. (requested by dambro222)
|inactive|dambro222 has 60 seconds left.
|inactive|OhNoValentine has 60 seconds left.
|
|t:|1756828273
|teamsize|p1|4
|teamsize|p2|4
|start
|switch|p1a: Sneasler|Sneasler, L50, M|100/100
|switch|p1b: Electabuzz|Electabuzz, L50, M|100/100
|switch|p2a: Dragonite|Dragonite, L50, F|100/100
|switch|p2b: Sneasler|Sneasler, L50, M|100/100
|turn|1
|
|t:|1756828287
|move|p1a: Sneasler|Protect|p1a: Sneasler
|-singleturn|p1a: Sneasler|Protect
|move|p2a: Dragonite|Extreme Speed|p1a: Sneasler
|-activate|p1a: Sneasler|move: Protect
|move|p2b: Sneasler|Dire Claw|p1b: Electabuzz
|-damage|p1b: Electabuzz|67/100
|move|p1b: Electabuzz|Electroweb|p2b: Sneasler|[spread] p2a
|-miss|p1b: Electabuzz|p2b: Sneasler
|-damage|p2a: Dragonite|86/100
|-unboost|p2a: Dragonite|spe|1
|
|upkeep
|turn|2
|inactive|dambro222 has 30 seconds left.
|inactive|OhNoValentine has 30 seconds left.
|inactive|dambro222 has 20 seconds left.
|
|t:|1756828331
|switch|p2a: Rillaboom|Rillaboom, L50, M|100/100
|-fieldstart|move: Grassy Terrain|[from] ability: Grassy Surge|[of] p2a: Rillaboom
|-enditem|p2b: Sneasler|Grassy Seed
|-boost|p2b: Sneasler|def|1|[from] item: Grassy Seed
|-terastallize|p1b: Electabuzz|Ghost
|move|p1b: Electabuzz|Follow Me|p1b: Electabuzz
|-singleturn|p1b: Electabuzz|move: Follow Me
|move|p2b: Sneasler|Dire Claw|p1b: Electabuzz
|-resisted|p1b: Electabuzz
|-damage|p1b: Electabuzz|51/100
|move|p1a: Sneasler|Dire Claw|p2b: Sneasler
|-resisted|p2b: Sneasler
|-damage|p2b: Sneasler|76/100
|
|-heal|p2b: Sneasler|82/100|[from] Grassy Terrain
|-heal|p1b: Electabuzz|57/100|[from] Grassy Terrain
|upkeep
|turn|3
|
|t:|1756828355
|switch|p2a: Talonflame|Talonflame, L50, M|100/100
|move|p2b: Sneasler|Protect|p2b: Sneasler
|-singleturn|p2b: Sneasler|Protect
|move|p1a: Sneasler|Protect|p1a: Sneasler
|-singleturn|p1a: Sneasler|Protect
|move|p1b: Electabuzz|Electroweb|p2b: Sneasler|[spread] p2a
|-activate|p2b: Sneasler|move: Protect
|-supereffective|p2a: Talonflame
|-damage|p2a: Talonflame|56/100
|
|-heal|p2b: Sneasler|88/100|[from] Grassy Terrain
|-heal|p1b: Electabuzz|62/100|[from] Grassy Terrain
|upkeep
|turn|4
|
|t:|1756828376
|move|p1b: Electabuzz|Follow Me|p1b: Electabuzz
|-singleturn|p1b: Electabuzz|move: Follow Me
|move|p2b: Sneasler|Throat Chop|p1b: Electabuzz
|-supereffective|p1b: Electabuzz
|-damage|p1b: Electabuzz|12/100
|-start|p1b: Electabuzz|Throat Chop|[silent]
|move|p1a: Sneasler|Rock Slide|p2b: Sneasler|[spread] p2a,p2b
|-supereffective|p2a: Talonflame
|-resisted|p2b: Sneasler
|-damage|p2a: Talonflame|0 fnt
|-damage|p2b: Sneasler|77/100
|faint|p2a: Talonflame
|
|-heal|p2b: Sneasler|82/100|[from] Grassy Terrain
|-heal|p1b: Electabuzz|18/100|[from] Grassy Terrain
|upkeep
|
|t:|1756828383
|switch|p2a: Rillaboom|Rillaboom, L50, M|100/100
|turn|5
|
|t:|1756828393
|move|p1a: Sneasler|Protect|p1a: Sneasler
|-singleturn|p1a: Sneasler|Protect
|move|p1b: Electabuzz|Protect|p1b: Electabuzz
|-singleturn|p1b: Electabuzz|Protect
|move|p2a: Rillaboom|Fake Out|p1a: Sneasler
|-activate|p1a: Sneasler|move: Protect
|move|p2b: Sneasler|Dire Claw|p1a: Sneasler
|-activate|p1a: Sneasler|move: Protect
|
|-heal|p2b: Sneasler|88/100|[from] Grassy Terrain
|-heal|p1b: Electabuzz|24/100|[from] Grassy Terrain
|-end|p1b: Electabuzz|Throat Chop|[silent]
|upkeep
|turn|6
|
|t:|1756828404
|move|p1b: Electabuzz|Follow Me|p1b: Electabuzz
|-singleturn|p1b: Electabuzz|move: Follow Me
|move|p2a: Rillaboom|Grassy Glide|p1b: Electabuzz
|-damage|p1b: Electabuzz|0 fnt
|faint|p1b: Electabuzz
|move|p2b: Sneasler|Dire Claw|p1a: Sneasler
|-resisted|p1a: Sneasler
|-damage|p1a: Sneasler|63/100
|-status|p1a: Sneasler|slp
|cant|p1a: Sneasler|slp
|
|-heal|p2b: Sneasler|94/100|[from] Grassy Terrain
|-heal|p1a: Sneasler|69/100 slp|[from] Grassy Terrain
|-fieldend|move: Grassy Terrain
|upkeep
|
|t:|1756828421
|switch|p1b: Volcarona|Volcarona, L50, F|100/100
|turn|7
|
|t:|1756828432
|move|p2b: Sneasler|Dire Claw|p1a: Sneasler
|-resisted|p1a: Sneasler
|-damage|p1a: Sneasler|32/100 slp
|cant|p1a: Sneasler|slp
|move|p1b: Volcarona|Quiver Dance|p1b: Volcarona
|-boost|p1b: Volcarona|spa|1
|-boost|p1b: Volcarona|spd|1
|-boost|p1b: Volcarona|spe|1
|move|p2a: Rillaboom|U-turn|p1a: Sneasler
|-resisted|p1a: Sneasler
|-damage|p1a: Sneasler|21/100 slp
|
|t:|1756828438
|switch|p2a: Dragonite|Dragonite, L50, F|86/100|[from] U-turn
|
|upkeep
|turn|8
|
|t:|1756828455
|cant|p1a: Sneasler|slp
|move|p2b: Sneasler|Dire Claw|p1a: Sneasler
|-resisted|p1a: Sneasler
|-damage|p1a: Sneasler|0 fnt
|faint|p1a: Sneasler
|move|p1b: Volcarona|Heat Wave|p2a: Dragonite|[spread] p2a,p2b
|-resisted|p2a: Dragonite
|-damage|p2a: Dragonite|61/100
|-damage|p2b: Sneasler|24/100
|move|p2a: Dragonite|Outrage|p1b: Volcarona
|-damage|p1b: Volcarona|0 fnt
|faint|p1b: Volcarona
|
|upkeep
|-message|dambro222 forfeited.
|
|win|OhNoValentine
|l|☆dambro222
|player|p1|
||OhNoValentine is ready for game 3.
||dambro222 is ready for game 3.
|uhtml|next|Next: Game 3 of 3
|l|☆OhNoValentine
|player|p2|
|j|☆dambro222
|player|p1|dambro222|ethan|
