|j|☆lukoog
|j|☆Oscarm92
|html|lukoogOscarm92    
|uhtml|bestof|Game 1 of a best-of-3
|t:|1783220498
|gametype|doubles
|player|p1|lukoog|1|1188
|player|p2|Oscarm92|170|1328
|gen|9
|tier|[Gen 9 Champions] VGC 2026 Reg M-B (Bo3)
|rated|
|rule|Species Clause: Limit one of each Pokémon
|rule|Item Clause: Limit 1 of each item
|clearpoke
|poke|p1|Raichu, L50, M|
|poke|p1|Gholdengo, L50|
|poke|p1|Aerodactyl, L50, M, shiny|
|poke|p1|Garchomp, L50, F, shiny|
|poke|p1|Kingambit, L50, M|
|poke|p1|Sceptile, L50, F|
|poke|p2|Charizard, L50, F, shiny|
|poke|p2|Aerodactyl, L50, M|
|poke|p2|Garchomp, L50, F, shiny|
|poke|p2|Kingambit, L50, M|
|poke|p2|Sylveon, L50, F|
|poke|p2|Farigiraf, L50, M|
|teampreview|4
|showteam|p1|Raichu||RaichuniteY|LightningRod|ZapCannon,FocusBlast,FakeOut,Protect|Timid||M|||50|]Gholdengo||LifeOrb|GoodasGold|MakeItRain,Protect,NastyPlot,ShadowBall|Modest|||||50|]Aerodactyl||FocusSash|Unnerve|RockSlide,Tailwind,StealthRock,WideGuard|Jolly||M|||50|]Garchomp||SoftSand|RoughSkin|Earthquake,RockSlide,StompingTantrum,Protect|Adamant||F|||50|]Kingambit||BlackGlasses|Defiant|SuckerPunch,KowtowCleave,LowKick,IronHead|Adamant||M|||50|]Sceptile||Sceptilite|Overgrow|Protect,EarthPower,DragonPulse,EnergyBall|Modest||F|||50|
|showteam|p2|Charizard||CharizarditeY|Blaze|HeatWave,WeatherBall,SolarBeam,Protect|Modest||F|||50|]Aerodactyl||Aerodactylite|Unnerve|IceFang,RockSlide,Tailwind,DualWingbeat|Jolly||M|||50|]Garchomp||LifeOrb|RoughSkin|DragonClaw,StompingTantrum,Earthquake,Protect|Jolly||F|||50|]Kingambit||FocusSash|Defiant|SuckerPunch,KowtowCleave,IronHead,LowKick|Adamant||M|||50|]Sylveon||FairyFeather|Pixilate|QuickAttack,HyperVoice,HyperBeam,Protect|Modest||F|||50|]Farigiraf||SitrusBerry|ArmorTail|TrickRoom,Thunderbolt,GrassKnot,TwinBeam|Bold||M|||50|
|inactive|Battle timer is ON: inactive players will automatically lose when time's up. (requested by lukoog)
|inactive|Oscarm92 has 60 seconds left.
|inactive|Oscarm92 has 30 seconds left.
|inactive|Oscarm92 has 20 seconds left.
|inactive|Oscarm92 has 15 seconds left.
|inactive|Oscarm92 has 10 seconds left.
|
|t:|1783220625
|teamsize|p1|4
|teamsize|p2|4
|start
|switch|p1a: Raichu|Raichu, L50, M|100/100
|switch|p1b: Aerodactyl|Aerodactyl, L50, M, shiny|100/100
|switch|p2a: Charizard|Charizard, L50, F, shiny|100/100
|switch|p2b: Garchomp|Garchomp, L50, F, shiny|100/100
|-ability|p1b: Aerodactyl|Unnerve
|turn|1
|inactive|Oscarm92 has 30 seconds left.
|
|t:|1783220651
|switch|p2a: Farigiraf|Farigiraf, L50, M|100/100
|detailschange|p1a: Raichu|Raichu-Mega-Y, L50, M
|-mega|p1a: Raichu|Raichu|Raichunite Y
|move|p1b: Aerodactyl|Wide Guard|p1b: Aerodactyl
|-singleturn|p1b: Aerodactyl|Wide Guard
|move|p1a: Raichu|Zap Cannon|p2a: Farigiraf
|-damage|p2a: Farigiraf|30/100
|-status|p2a: Farigiraf|par
|move|p2b: Garchomp|Stomping Tantrum|p1a: Raichu
|-supereffective|p1a: Raichu|1
|-damage|p1a: Raichu|0 fnt
|faint|p1a: Raichu
|-damage|p2b: Garchomp|90/100|[from] item: Life Orb
|
|upkeep
|
|t:|1783220669
|switch|p1a: Garchomp|Garchomp, L50, F, shiny|100/100
|turn|2
|
|t:|1783220690
|move|p1b: Aerodactyl|Stealth Rock|p2b: Garchomp
|-sidestart|p2: Oscarm92|move: Stealth Rock
|move|p2b: Garchomp|Dragon Claw|p1a: Garchomp
|-supereffective|p1a: Garchomp|1
|-damage|p1a: Garchomp|3/100
|-damage|p2b: Garchomp|78/100|[from] ability: Rough Skin|[of] p1a: Garchomp
|-damage|p2b: Garchomp|68/100|[from] item: Life Orb
|move|p1a: Garchomp|Earthquake|p2a: Farigiraf|[spread] p2a,p2b
|-immune|p1b: Aerodactyl
|-damage|p2a: Farigiraf|0 fnt
|-damage|p2b: Garchomp|17/100
|faint|p2a: Farigiraf
|
|upkeep
|
|t:|1783220702
|switch|p2a: Kingambit|Kingambit, L50, M|100/100
|-damage|p2a: Kingambit|93/100|[from] Stealth Rock
|turn|3
|
|t:|1783220725
|move|p1a: Garchomp|Protect|p1a: Garchomp
|-singleturn|p1a: Garchomp|Protect
|move|p2a: Kingambit|Sucker Punch||[still]
|-fail|p2a: Kingambit
|move|p1b: Aerodactyl|Tailwind|p1b: Aerodactyl
|-sidestart|p1: lukoog|move: Tailwind
|move|p2b: Garchomp|Dragon Claw|p1b: Aerodactyl
|-damage|p1b: Aerodactyl|22/100
|-damage|p2b: Garchomp|7/100|[from] item: Life Orb
|
|upkeep
|turn|4
|inactive|Oscarm92 has 30 seconds left.
|
|t:|1783220758
|move|p2b: Garchomp|Protect|p2b: Garchomp
|-singleturn|p2b: Garchomp|Protect
|move|p2a: Kingambit|Sucker Punch|p1b: Aerodactyl
|-damage|p1b: Aerodactyl|0 fnt
|faint|p1b: Aerodactyl
|move|p1a: Garchomp|Stomping Tantrum|p2b: Garchomp
|-activate|p2b: Garchomp|move: Protect
|
|upkeep
|inactive|lukoog has 30 seconds left.
|
|t:|1783220785
|switch|p1b: Kingambit|Kingambit, L50, M|100/100
|turn|5
|inactive|Oscarm92 has 30 seconds left.
|inactive|Oscarm92 has 20 seconds left.
|inactive|Oscarm92 has 15 seconds left.
|inactive|Oscarm92 has 10 seconds left.
|
|t:|1783220832
|move|p2a: Kingambit|Sucker Punch|p1a: Garchomp
|-damage|p1a: Garchomp|0 fnt
|-damage|p2a: Kingambit|81/100|[from] ability: Rough Skin|[of] p1a: Garchomp
|faint|p1a: Garchomp
|move|p2b: Garchomp|Stomping Tantrum|p1b: Kingambit
|-supereffective|p1b: Kingambit|1
|-damage|p1b: Kingambit|27/100
|-damage|p2b: Garchomp|0 fnt|[from] item: Life Orb
|faint|p2b: Garchomp
|move|p1b: Kingambit|Low Kick|p2a: Kingambit
|-supereffective|p2a: Kingambit|2
|-damage|p2a: Kingambit|0 fnt
|faint|p2a: Kingambit
|
|upkeep
|
|t:|1783220844
|switch|p2a: Charizard|Charizard, L50, F, shiny|100/100
|-damage|p2a: Charizard|50/100g|[from] Stealth Rock
|turn|6
|
|t:|1783220856
|detailschange|p2a: Charizard|Charizard-Mega-Y, L50, F, shiny
|-mega|p2a: Charizard|Charizard|Charizardite Y
|-weather|SunnyDay|[from] ability: Drought|[of] p2a: Charizard
|move|p2a: Charizard|Protect|p2a: Charizard
|-singleturn|p2a: Charizard|Protect
|move|p1b: Kingambit|Sucker Punch||[still]
|-fail|p1b: Kingambit
|
|-weather|SunnyDay|[upkeep]
|-sideend|p1: lukoog|move: Tailwind
|upkeep
|turn|7
|
|t:|1783220864
|move|p1b: Kingambit|Sucker Punch|p2a: Charizard
|-damage|p2a: Charizard|5/100
|move|p2a: Charizard|Weather Ball|p1b: Kingambit
|-supereffective|p1b: Kingambit|1
|-damage|p1b: Kingambit|0 fnt
|faint|p1b: Kingambit
|
|win|Oscarm92
||lukoog is ready for game 2.
|inactive|Oscarm92 has 30 seconds to confirm battle start!
||Oscarm92 is ready for game 2.
|uhtml|next|Next: Game 2 of 3
|l|☆lukoog
|player|p1|
