|j|☆exessvgc
|j|☆windsaure
|html|exessvgcwindsaure    
|uhtml|bestof|Game 1 of a best-of-3
|t:|1783779286
|gametype|doubles
|player|p1|exessvgc|lucas|1169
|player|p2|windsaure|1|1013
|gen|9
|tier|[Gen 9 Champions] VGC 2026 Reg M-B (Bo3)
|rated|
|rule|Species Clause: Limit one of each Pokémon
|rule|Item Clause: Limit 1 of each item
|clearpoke
|poke|p1|Aerodactyl, L50, F|
|poke|p1|Raichu, L50, M|
|poke|p1|Charizard, L50, M|
|poke|p1|Whimsicott, L50, F|
|poke|p1|Basculegion, L50, M|
|poke|p1|Garchomp, L50, F|
|poke|p2|Gengar, L50, F|
|poke|p2|Sneasler, L50, F|
|poke|p2|Dragonite, L50, M|
|poke|p2|Kingambit, L50, F|
|poke|p2|Incineroar, L50, M|
|poke|p2|Ninetales-Alola, L50, F|
|teampreview|4
|showteam|p1|Aerodactyl||Aerodactylite|Unnerve|IceFang,DualWingbeat,RockSlide,WideGuard|Jolly||F|||50|]Raichu||RaichuniteY|LightningRod|FocusBlast,ZapCannon,FakeOut,Protect|Timid||M|||50|]Charizard||CharizarditeY|SolarPower|WeatherBall,HeatWave,SolarBeam,Protect|Modest||M|||50|]Whimsicott||FocusSash|Prankster|Moonblast,Tailwind,SunnyDay,Protect|Timid||F|||50|]Basculegion||MysticWater|Adaptability|WaveCrash,LastRespects,AquaJet,Protect|Adamant||M|||50|]Garchomp||LifeOrb|RoughSkin|Protect,DragonClaw,StompingTantrum,Earthquake|Adamant||F|||50|
|showteam|p2|Gengar||Gengarite|CursedBody|SludgeBomb,Substitute,Protect,PerishSong|Timid||F|||50|]Sneasler||WhiteHerb|Unburden|FakeOut,CloseCombat,DireClaw,Protect|Adamant||F|||50|]Dragonite||DragonFang|Multiscale|Protect,ExtremeSpeed,ScaleShot,LowKick|Adamant||M|||50|]Kingambit||ChopleBerry|Defiant|LowKick,KowtowCleave,SuckerPunch,Protect|Adamant||F|||50|]Incineroar||Leftovers|Intimidate|DarkestLariat,FakeOut,ThroatChop,PartingShot|Adamant||M|||50|]Ninetales-Alola||NeverMeltIce|SnowWarning|Protect,Encore,Disable,Blizzard|Timid||F|||50|
|inactive|Battle timer is ON: inactive players will automatically lose when time's up. (requested by windsaure)
|
|t:|1783779353
|teamsize|p1|4
|teamsize|p2|4
|start
|switch|p1a: Pietro|Raichu, L50, M|100/100
|switch|p1b: Marianela|Garchomp, L50, F|100/100
|switch|p2a: Gengar|Gengar, L50, F|100/100
|switch|p2b: Incineroar|Incineroar, L50, M|100/100
|-ability|p2b: Incineroar|Intimidate|boost
|-unboost|p1a: Pietro|atk|1
|-unboost|p1b: Marianela|atk|1
|turn|1
|
|t:|1783779378
|detailschange|p1a: Pietro|Raichu-Mega-Y, L50, M
|-mega|p1a: Pietro|Raichu|Raichunite Y
|detailschange|p2a: Gengar|Gengar-Mega, L50, F
|-mega|p2a: Gengar|Gengar|Gengarite
|move|p1a: Pietro|Fake Out|p2b: Incineroar
|-damage|p2b: Incineroar|94/100
|cant|p2b: Incineroar|flinch
|move|p2a: Gengar|Perish Song|p2a: Gengar
|-start|p1a: Pietro|perish3|[silent]
|-start|p1b: Marianela|perish3|[silent]
|-start|p2a: Gengar|perish3|[silent]
|-start|p2b: Incineroar|perish3|[silent]
|-fieldactivate|move: Perish Song
|move|p1b: Marianela|Stomping Tantrum|p2a: Gengar
|-supereffective|p2a: Gengar|1
|-damage|p2a: Gengar|11/100
|-damage|p1b: Marianela|90/100|[from] item: Life Orb
|
|-heal|p2b: Incineroar|100/100|[from] item: Leftovers
|-start|p2a: Gengar|perish3
|-start|p1a: Pietro|perish3
|-start|p1b: Marianela|perish3
|-start|p2b: Incineroar|perish3
|upkeep
|turn|2
|inactive|exessvgc has 30 seconds left.
|
|t:|1783779407
|move|p1a: Pietro|Focus Blast|p2b: Incineroar
|-supereffective|p2b: Incineroar|1
|-damage|p2b: Incineroar|10/100
|move|p2a: Gengar|Substitute|p2a: Gengar
|-fail|p2a: Gengar|move: Substitute|[weak]
|move|p1b: Marianela|Stomping Tantrum|p2b: Incineroar
|-supereffective|p2b: Incineroar|1
|-damage|p2b: Incineroar|0 fnt
|faint|p2b: Incineroar
|-damage|p1b: Marianela|80/100|[from] item: Life Orb
|
|-start|p1a: Pietro|perish2
|-start|p2a: Gengar|perish2
|-start|p1b: Marianela|perish2
|upkeep
|
|t:|1783779423
|switch|p2b: Ninetales|Ninetales-Alola, L50, F|100/100
|-weather|Snowscape|[from] ability: Snow Warning|[of] p2b: Ninetales
|turn|3
|
|t:|1783779446
|move|p2a: Gengar|Substitute|p2a: Gengar
|-fail|p2a: Gengar|move: Substitute|[weak]
|move|p1a: Pietro|Zap Cannon|p2b: Ninetales
|-damage|p2b: Ninetales|32/100
|-status|p2b: Ninetales|par
|move|p1b: Marianela|Dragon Claw|p2a: Gengar
|-damage|p2a: Gengar|0 fnt
|faint|p2a: Gengar
|-damage|p1b: Marianela|70/100|[from] item: Life Orb
|move|p2b: Ninetales|Blizzard|p1a: Pietro|[spread] p1a,p1b
|-supereffective|p1b: Marianela|2
|-damage|p1a: Pietro|49/100
|-damage|p1b: Marianela|0 fnt
|faint|p1b: Marianela
|
|-weather|Snowscape|[upkeep]
|-start|p1a: Pietro|perish1
|upkeep
|
|t:|1783779468
|switch|p2a: Sneasler|Sneasler, L50, F|100/100
|switch|p1b: DINOSAUVO|Aerodactyl, L50, F|100/100
|-ability|p1b: DINOSAUVO|Unnerve
|turn|4
|
|t:|1783779481
|switch|p1a: NEMO|Basculegion, L50, M|100/100
|move|p2b: Ninetales|Protect|p2b: Ninetales
|-singleturn|p2b: Ninetales|Protect
|move|p1b: DINOSAUVO|Wide Guard|p1b: DINOSAUVO
|-singleturn|p1b: DINOSAUVO|Wide Guard
|move|p2a: Sneasler|Fake Out|p1b: DINOSAUVO
|-resisted|p1b: DINOSAUVO|1
|-damage|p1b: DINOSAUVO|88/100
|
|-weather|Snowscape|[upkeep]
|upkeep
|turn|5
|
|t:|1783779501
|move|p1b: DINOSAUVO|Dual Wingbeat|p2a: Sneasler
|-supereffective|p2a: Sneasler|1
|-damage|p2a: Sneasler|37/100
|-supereffective|p2a: Sneasler|1
|-damage|p2a: Sneasler|0 fnt
|faint|p2a: Sneasler
|-hitcount|p2: Sneasler|2
|move|p1a: NEMO|Last Respects|p2b: Ninetales
|-damage|p2b: Ninetales|0 fnt
|faint|p2b: Ninetales
|
|win|exessvgc
|inactive|exessvgc has 30 seconds to confirm battle start!
|inactive|windsaure has 30 seconds to confirm battle start!
||exessvgc is ready for game 2.
|l|☆windsaure
|player|p2|
|inactive|windsaure has 20 seconds to confirm battle start!
|raw|exessvgc's rating: 1169 → 1183(+14 for winning)
|raw|windsaure's rating: 1013 → 1006(-7 for losing)
