|j|☆the rainy mouse
|j|☆goat pincurchin
|html|the rainy mousegoat pincurchin    
|uhtml|bestof|Game 1 of a best-of-3
|t:|1785836916
|gametype|doubles
|player|p1|the rainy mouse|170|1365
|player|p2|goat pincurchin|102|1454
|gen|9
|tier|[Gen 9 Champions] VGC 2026 Reg M-B (Bo3)
|rated|
|rule|Species Clause: Limit one of each Pokémon
|rule|Item Clause: Limit 1 of each item
|clearpoke
|poke|p1|Staraptor, L50, F|
|poke|p1|Raichu, L50, F|
|poke|p1|Sylveon, L50, M, shiny|
|poke|p1|Farigiraf, L50, M, shiny|
|poke|p1|Arcanine-Hisui, L50, M|
|poke|p1|Kingambit, L50, M|
|poke|p2|Froslass, L50, F|
|poke|p2|Basculegion, L50, M|
|poke|p2|Kingambit, L50, M|
|poke|p2|Sneasler, L50, M|
|poke|p2|Lycanroc-Dusk, L50, M|
|poke|p2|Scovillain, L50, M|
|teampreview|4
|showteam|p1|Staraptor||Staraptite|Intimidate|Tailwind,Protect,CloseCombat,DualWingbeat|Jolly||F|||50|]Raichu||RaichuniteY|LightningRod|FakeOut,ZapCannon,FocusBlast,Protect|Timid||F|||50|]Sylveon||FairyFeather|Pixilate|Detect,HyperVoice,QuickAttack,HyperBeam|Modest||M|||50|]Farigiraf||SitrusBerry|ArmorTail|Psychic,TrickRoom,HelpingHand,Protect|Calm||M|||50|]Arcanine-Hisui||FocusSash|RockHead|Protect,ExtremeSpeed,HeadSmash,FlareBlitz|Jolly||M|||50|]Kingambit||LifeOrb|Defiant|Protect,KowtowCleave,SwordsDance,SuckerPunch|Adamant||M|||50|
|showteam|p2|Froslass||Froslassite|SnowCloak|Blizzard,ShadowBall,AuroraVeil,Protect|Modest||F|||50|]Basculegion||SitrusBerry|Adaptability|WaveCrash,LastRespects,AquaJet,Protect|Adamant||M|||50|]Kingambit||BlackGlasses|Defiant|KowtowCleave,SuckerPunch,SwordsDance,Protect|Adamant||M|||50|]Sneasler||LifeOrb|PoisonTouch|CloseCombat,DireClaw,Protect,FakeOut|Jolly||M|||50|]Lycanroc-Dusk||FocusSash|ToughClaws|CloseCombat,Accelerock,RockSlide,Protect|Adamant||M|||50|]Scovillain||Scovillainite|Chlorophyll|GigaDrain,Overheat,RagePowder,Protect|Bold||M|||50|
|inactive|Battle timer is ON: inactive players will automatically lose when time's up. (requested by the rainy mouse)
|inactive|goat pincurchin has 60 seconds left.
|
|t:|1785836971
|teamsize|p1|4
|teamsize|p2|4
|start
|switch|p1a: Raichu|Raichu, L50, F|100/100
|switch|p1b: Arcanine|Arcanine-Hisui, L50, M|100/100
|switch|p2a: Sneasler|Sneasler, L50, M|100/100
|switch|p2b: Scovillain|Scovillain, L50, M|100/100
|turn|1
|
|t:|1785836988
|detailschange|p1a: Raichu|Raichu-Mega-Y, L50, F
|-mega|p1a: Raichu|Raichu|Raichunite Y
|move|p2b: Scovillain|Protect|p2b: Scovillain
|-singleturn|p2b: Scovillain|Protect
|move|p1a: Raichu|Fake Out|p2a: Sneasler
|-damage|p2a: Sneasler|85/100
|cant|p2a: Sneasler|flinch
|move|p1b: Arcanine|Head Smash|p2b: Scovillain
|-activate|p2b: Scovillain|move: Protect
|
|upkeep
|turn|2
|
|t:|1785837004
|switch|p2b: Kingambit|Kingambit, L50, M|100/100
|move|p1a: Raichu|Protect|p1a: Raichu
|-singleturn|p1a: Raichu|Protect
|move|p2a: Sneasler|Close Combat|p1b: Arcanine
|-supereffective|p1b: Arcanine|1
|-enditem|p1b: Arcanine|Focus Sash
|-damage|p1b: Arcanine|1/100
|-unboost|p2a: Sneasler|def|1
|-unboost|p2a: Sneasler|spd|1
|-damage|p2a: Sneasler|75/100|[from] item: Life Orb
|move|p1b: Arcanine|Head Smash|p2b: Kingambit
|-resisted|p2b: Kingambit|1
|-damage|p2b: Kingambit|74/100
|
|upkeep
|turn|3
|inactive|goat pincurchin has 30 seconds left.
|
|t:|1785837033
|switch|p2a: Scovillain|Scovillain, L50, M|100/100
|move|p1b: Arcanine|Extreme Speed|p2a: Scovillain
|-damage|p2a: Scovillain|72/100
|move|p1a: Raichu|Focus Blast|p2b: Kingambit
|-supereffective|p2b: Kingambit|2
|-damage|p2b: Kingambit|0 fnt
|faint|p2b: Kingambit
|
|upkeep
|
|t:|1785837044
|switch|p2b: Basculegion|Basculegion, L50, M|100/100
|turn|4
|
|t:|1785837057
|detailschange|p2a: Scovillain|Scovillain-Mega, L50, M
|-mega|p2a: Scovillain|Scovillain|Scovillainite
|move|p2a: Scovillain|Rage Powder|p2a: Scovillain
|-singleturn|p2a: Scovillain|move: Rage Powder
|move|p1a: Raichu|Zap Cannon|p2a: Scovillain
|-resisted|p2a: Scovillain|1
|-damage|p2a: Scovillain|43/100
|-status|p2a: Scovillain|par
|-status|p1a: Raichu|brn|[from] ability: Spicy Spray|[of] p2a: Scovillain
|move|p1b: Arcanine|Head Smash|p2a: Scovillain|[miss]
|-miss|p1b: Arcanine|p2a: Scovillain
|move|p2b: Basculegion|Wave Crash|p1a: Raichu
|-damage|p1a: Raichu|0 fnt
|faint|p1a: Raichu
|-damage|p2b: Basculegion|72/100|[from] Recoil
|
|upkeep
|
|t:|1785837075
|switch|p1a: Sylveon|Sylveon, L50, M, shiny|100/100
|turn|5
|
|t:|1785837096
|move|p2b: Basculegion|Protect|p2b: Basculegion
|-singleturn|p2b: Basculegion|Protect
|move|p1b: Arcanine|Extreme Speed|p2a: Scovillain
|-damage|p2a: Scovillain|19/100 par
|-immune|p1b: Arcanine
|move|p1a: Sylveon|Hyper Voice|p2a: Scovillain|[spread] p2a
|-activate|p2b: Basculegion|move: Protect
|-resisted|p2a: Scovillain|1
|-damage|p2a: Scovillain|0 fnt
|-status|p1a: Sylveon|brn|[from] ability: Spicy Spray|[of] p2a: Scovillain
|faint|p2a: Scovillain
|
|-damage|p1a: Sylveon|93/100 brn|[from] brn
|upkeep
|
|t:|1785837107
|switch|p2a: Sneasler|Sneasler, L50, M|75/100
|turn|6
|
|t:|1785837113
|move|p1a: Sylveon|Detect|p1a: Sylveon
|-singleturn|p1a: Sylveon|Protect
|move|p2a: Sneasler|Fake Out|p1b: Arcanine
|-resisted|p1b: Arcanine|1
|-damage|p1b: Arcanine|0 fnt
|faint|p1b: Arcanine
|-damage|p2a: Sneasler|66/100|[from] item: Life Orb
|move|p2b: Basculegion|Last Respects|p1a: Sylveon
|-activate|p1a: Sylveon|move: Protect
|
|-damage|p1a: Sylveon|87/100 brn|[from] brn
|upkeep
|
|t:|1785837117
|switch|p1b: Kingambit|Kingambit, L50, M|100/100
|turn|7
|inactive|the rainy mouse has 30 seconds left.
|
|t:|1785837149
|move|p2b: Basculegion|Protect|p2b: Basculegion
|-singleturn|p2b: Basculegion|Protect
|move|p1b: Kingambit|Protect|p1b: Kingambit
|-singleturn|p1b: Kingambit|Protect
|move|p2a: Sneasler|Close Combat|p1b: Kingambit
|-activate|p1b: Kingambit|move: Protect
|move|p1a: Sylveon|Hyper Voice|p2a: Sneasler|[spread] p2a
|-activate|p2b: Basculegion|move: Protect
|-damage|p2a: Sneasler|3/100
|
|-damage|p1a: Sylveon|81/100 brn|[from] brn
|upkeep
|turn|8
|
|t:|1785837159
|move|p1a: Sylveon|Quick Attack|p2a: Sneasler
|-damage|p2a: Sneasler|0 fnt
|faint|p2a: Sneasler
|move|p1b: Kingambit|Sucker Punch|p2b: Basculegion
|-supereffective|p2b: Basculegion|1
|-damage|p2b: Basculegion|0 fnt
|faint|p2b: Basculegion
|-damage|p1b: Kingambit|90/100|[from] item: Life Orb
|
|win|the rainy mouse
||the rainy mouse is ready for game 2.
||goat pincurchin is ready for game 2.
|uhtml|next|Next: Game 2 of 3
