|j|☆bariloz
|j|☆almagroalanzarote
|html|barilozalmagroalanzarote    
|uhtml|bestof|Game 2 of a best-of-3
|t:|1784127718
|gametype|doubles
|player|p1|bariloz|hiker-gen4|1228
|player|p2|almagroalanzarote|nate|1226
|gen|9
|tier|[Gen 9 Champions] VGC 2026 Reg M-B (Bo3)
|rated|
|rule|Species Clause: Limit one of each Pokémon
|rule|Item Clause: Limit 1 of each item
|clearpoke
|poke|p1|Blastoise, L50, M|
|poke|p1|Sinistcha, L50|
|poke|p1|Incineroar, L50, M|
|poke|p1|Sneasler, L50, F|
|poke|p1|Delphox, L50, M|
|poke|p1|Kingambit, L50, M|
|poke|p2|Grimmsnarl, L50, M|
|poke|p2|Venusaur, L50, F|
|poke|p2|Pelipper, L50, F|
|poke|p2|Archaludon, L50, M|
|poke|p2|Charizard, L50, M|
|poke|p2|Basculegion, L50, M|
|teampreview|4
|showteam|p1|Blastoise||Blastoisinite|RainDish|WaterSpout,DarkPulse,ShellSmash,Protect|Modest||M|||50|]Sinistcha||KasibBerry|Hospitality|RagePowder,MatchaGotcha,LifeDew,Protect|Relaxed|||||50|]Incineroar||SitrusBerry|Intimidate|FakeOut,FlareBlitz,DarkestLariat,PartingShot|Careful||M|||50|]Sneasler||FocusSash|PoisonTouch|CloseCombat,PoisonJab,QuickGuard,FakeOut|Jolly||F|||50|]Delphox||Delphoxite|Blaze|HeatWave,Psyshock,NastyPlot,Protect|Timid||M|||50|]Kingambit||BlackGlasses|Defiant|KowtowCleave,SuckerPunch,SwordsDance,Protect|Adamant||M|||50|
|showteam|p2|Grimmsnarl||LightClay|Prankster|SpiritBreak,Reflect,LightScreen,PartingShot|Careful||M|||50|]Venusaur||FocusSash|Chlorophyll|SludgeBomb,EarthPower,SleepPowder,Protect|Modest||F|||50|]Pelipper||SitrusBerry|Drizzle|WeatherBall,Hurricane,Tailwind,WideGuard|Modest||F|||50|]Archaludon||Leftovers|Stamina|ElectroShot,FlashCannon,DragonPulse,Protect|Modest||M|||50|]Charizard||CharizarditeY|Blaze|WeatherBall,HeatWave,SolarBeam,Protect|Modest||M|||50|]Basculegion||ChoiceScarf|Adaptability|WaveCrash,FlipTurn,AquaJet,LastRespects|Jolly||M|||50|
|inactive|Battle timer is ON: inactive players will automatically lose when time's up. (requested by almagroalanzarote)
|
|t:|1784127740
|teamsize|p1|4
|teamsize|p2|4
|start
|switch|p1a: Incineroar|Incineroar, L50, M|100/100
|switch|p1b: Delphox|Delphox, L50, M|100/100
|switch|p2a: Basculegion|Basculegion, L50, M|100/100
|switch|p2b: Charizard|Charizard, L50, M|100/100
|-ability|p1a: Incineroar|Intimidate|boost
|-unboost|p2a: Basculegion|atk|1
|-unboost|p2b: Charizard|atk|1
|turn|1
|inactive|bariloz has 30 seconds left.
|inactive|bariloz has 20 seconds left.
|inactive|bariloz has 15 seconds left.
|inactive|bariloz has 10 seconds left.
|
|t:|1784127785
|detailschange|p1b: Delphox|Delphox-Mega, L50, M
|-mega|p1b: Delphox|Delphox|Delphoxite
|detailschange|p2b: Charizard|Charizard-Mega-Y, L50, M
|-mega|p2b: Charizard|Charizard|Charizardite Y
|-weather|SunnyDay|[from] ability: Drought|[of] p2b: Charizard
|move|p1b: Delphox|Protect|p1b: Delphox
|-singleturn|p1b: Delphox|Protect
|move|p2a: Basculegion|Flip Turn|p1a: Incineroar
|-supereffective|p1a: Incineroar|1
|-damage|p1a: Incineroar|78/100
|
|t:|1784127795
|switch|p2a: Grimmsnarl|Grimmsnarl, L50, M|100/100|[from] Flip Turn
|move|p2b: Charizard|Heat Wave|p1b: Delphox|[spread] p1a
|-activate|p1b: Delphox|move: Protect
|-resisted|p1a: Incineroar|1
|-damage|p1a: Incineroar|56/100
|move|p1a: Incineroar|Parting Shot|p2a: Grimmsnarl
|-unboost|p2a: Grimmsnarl|atk|1
|-unboost|p2a: Grimmsnarl|spa|1
|
|t:|1784127806
|switch|p1a: Sneasler|Sneasler, L50, F|100/100|[from] Parting Shot
|
|-weather|SunnyDay|[upkeep]
|upkeep
|turn|2
|inactive|bariloz has 30 seconds left.
|inactive|bariloz has 20 seconds left.
|
|t:|1784127842
|move|p1a: Sneasler|Fake Out|p2a: Grimmsnarl
|-damage|p2a: Grimmsnarl|86/100
|-status|p2a: Grimmsnarl|psn|[from] ability: Poison Touch|[of] p1a: Sneasler
|cant|p2a: Grimmsnarl|flinch
|move|p1b: Delphox|Heat Wave|p2b: Charizard|[spread] p2a,p2b
|-resisted|p2b: Charizard|1
|-damage|p2a: Grimmsnarl|32/100 psn
|-damage|p2b: Charizard|74/100
|move|p2b: Charizard|Heat Wave|p1b: Delphox|[spread] p1a,p1b
|-resisted|p1b: Delphox|1
|-damage|p1a: Sneasler|17/100
|-damage|p1b: Delphox|71/100
|
|-weather|SunnyDay|[upkeep]
|-damage|p2a: Grimmsnarl|20/100y psn|[from] psn
|upkeep
|turn|3
|
|t:|1784127862
|move|p2a: Grimmsnarl|Parting Shot|p1a: Sneasler
|-unboost|p1a: Sneasler|atk|1
|-unboost|p1a: Sneasler|spa|1
|
|t:|1784127866
|switch|p2a: Basculegion|Basculegion, L50, M|100/100|[from] Parting Shot
|move|p1b: Delphox|Heat Wave|p2b: Charizard|[spread] p2a,p2b
|-resisted|p2a: Basculegion|1
|-resisted|p2b: Charizard|1
|-damage|p2a: Basculegion|65/100
|-damage|p2b: Charizard|48/100
|move|p1a: Sneasler|Poison Jab|p2b: Charizard
|-crit|p2b: Charizard
|-damage|p2b: Charizard|0 fnt
|faint|p2b: Charizard
|
|-weather|SunnyDay|[upkeep]
|upkeep
|
|t:|1784127877
|switch|p2b: Venusaur|Venusaur, L50, F|100/100
|turn|4
|
|t:|1784127889
|move|p1b: Delphox|Protect|p1b: Delphox
|-singleturn|p1b: Delphox|Protect
|move|p2b: Venusaur|Earth Power|p1a: Sneasler
|-supereffective|p1a: Sneasler|1
|-damage|p1a: Sneasler|0 fnt
|faint|p1a: Sneasler
|move|p2a: Basculegion|Wave Crash|p1b: Delphox
|-activate|p1b: Delphox|move: Protect
|
|-weather|SunnyDay|[upkeep]
|upkeep
|
|t:|1784127913
|switch|p1a: Incineroar|Incineroar, L50, M|56/100
|-ability|p1a: Incineroar|Intimidate|boost
|-unboost|p2a: Basculegion|atk|1
|-unboost|p2b: Venusaur|atk|1
|turn|5
|inactive|bariloz has 30 seconds left.
|inactive|almagroalanzarote has 30 seconds left.
|
|t:|1784127947
|switch|p1b: Kingambit|Kingambit, L50, M|100/100
|move|p1a: Incineroar|Fake Out|p2b: Venusaur
|-damage|p2b: Venusaur|84/100
|cant|p2b: Venusaur|flinch
|move|p2a: Basculegion|Wave Crash|p1b: Kingambit
|-damage|p1b: Kingambit|82/100
|-damage|p2a: Basculegion|59/100|[from] Recoil
|
|-weather|none
|upkeep
|turn|6
|inactive|bariloz has 30 seconds left.
|inactive|bariloz has 20 seconds left.
|inactive|bariloz has 15 seconds left.
|
|t:|1784127989
|switch|p2a: Grimmsnarl|Grimmsnarl, L50, M|20/100y psn
|move|p1b: Kingambit|Sucker Punch||[still]
|-fail|p1b: Kingambit
|move|p2b: Venusaur|Earth Power|p1b: Kingambit
|-supereffective|p1b: Kingambit|1
|-damage|p1b: Kingambit|40/100
|move|p1a: Incineroar|Flare Blitz|p2a: Grimmsnarl
|-damage|p2a: Grimmsnarl|0 fnt
|faint|p2a: Grimmsnarl
|-damage|p1a: Incineroar|49/100|[from] Recoil
|-enditem|p1a: Incineroar|Sitrus Berry|[eat]
|-heal|p1a: Incineroar|74/100|[from] item: Sitrus Berry
|
|upkeep
|
|t:|1784128002
|switch|p2a: Basculegion|Basculegion, L50, M|59/100
|turn|7
|
|t:|1784128012
|move|p2a: Basculegion|Aqua Jet|p1a: Incineroar
|-supereffective|p1a: Incineroar|1
|-damage|p1a: Incineroar|30/100
|move|p1b: Kingambit|Sucker Punch||[still]
|-fail|p1b: Kingambit
|move|p2b: Venusaur|Earth Power|p1a: Incineroar
|-supereffective|p1a: Incineroar|1
|-damage|p1a: Incineroar|0 fnt
|faint|p1a: Incineroar
|
|upkeep
|
|t:|1784128019
|switch|p1a: Delphox|Delphox-Mega, L50, M|71/100
|turn|8
|inactive|bariloz has 30 seconds left.
|
|t:|1784128051
|move|p2a: Basculegion|Aqua Jet|p1a: Delphox
|-supereffective|p1a: Delphox|1
|-damage|p1a: Delphox|11/100
|move|p1a: Delphox|Psyshock|p2a: Basculegion
|-damage|p2a: Basculegion|1/100
|move|p2b: Venusaur|Earth Power|p1b: Kingambit
|-supereffective|p1b: Kingambit|1
|-damage|p1b: Kingambit|0 fnt
|faint|p1b: Kingambit
|
|upkeep
|turn|9
|
|t:|1784128067
|move|p2a: Basculegion|Aqua Jet|p1a: Delphox
|-supereffective|p1a: Delphox|1
|-damage|p1a: Delphox|0 fnt
|faint|p1a: Delphox
|
|win|almagroalanzarote
|raw|bariloz's rating: 1228 → 1203(-25 for losing)
|raw|almagroalanzarote's rating: 1226 → 1251(+25 for winning)
