|j|☆aussi3vgc
|j|☆0fro
|html|aussi3vgc0fro    
|uhtml|bestof|Game 1 of a best-of-3
|t:|1757760491
|gametype|doubles
|player|p1|aussi3vgc|red|1156
|player|p2|0fro|volkner|1058
|gen|9
|tier|[Gen 9] VGC 2025 Reg H (Bo3)
|rated|
|rule|Species Clause: Limit one of each Pokémon
|rule|Item Clause: Limit 1 of each item
|clearpoke
|poke|p1|Archaludon, L50, F|
|poke|p1|Basculegion, L50, M|
|poke|p1|Pelipper, L50, F|
|poke|p1|Amoonguss, L50, M|
|poke|p1|Gholdengo, L50|
|poke|p1|Sneasler, L50, M|
|poke|p2|Umbreon, L50, F|
|poke|p2|Incineroar, L50, F|
|poke|p2|Dragonite, L50, F|
|poke|p2|Ursaluna-Bloodmoon, L50, M|
|poke|p2|Amoonguss, L50, M|
|poke|p2|Rotom-Wash, L50|
|teampreview|4
|showteam|p1|Archaludon||AssaultVest|Stamina|DracoMeteor,FlashCannon,ElectroShot,BodyPress|||F|||50|,,,,,Bug]Basculegion||ChoiceBand|SwiftSwim|WaveCrash,FlipTurn,LastRespects,AquaJet|||M|||50|,,,,,Water]Pelipper||CovertCloak|Drizzle|WeatherBall,Hurricane,Tailwind,Protect|||F|||50|,,,,,Steel]Amoonguss||SitrusBerry|Regenerator|PollenPuff,Spore,RagePowder,Protect|||M|||50|,,,,,Fairy]Gholdengo||LifeOrb|GoodasGold|MakeItRain,ShadowBall,NastyPlot,Protect||||||50|,,,,,Water]Sneasler||FocusSash|PoisonTouch|CloseCombat,DireClaw,FakeOut,Protect|||M|||50|,,,,,Stellar
|showteam|p2|Umbreon||RockyHelmet|InnerFocus|FoulPlay,Snarl,HelpingHand,Yawn|||F|||50|,,,,,Fairy]Incineroar||SafetyGoggles|Intimidate|FakeOut,FlareBlitz,KnockOff,PartingShot|||F|||50|,,,,,Ghost]Dragonite||LoadedDice|Multiscale|ScaleShot,Haze,Tailwind,Protect|||F|||50|,,,,,Fairy]Ursaluna-Bloodmoon||LifeOrb|MindsEye|BloodMoon,HyperVoice,Protect,EarthPower|||M|||50|,,,,,Water]Amoonguss||SitrusBerry|Regenerator|Spore,RagePowder,PollenPuff,Protect|||M|||50|,,,,,Water]Rotom-Wash||Leftovers|Levitate|NastyPlot,Thunderbolt,HydroPump,Protect||||||50|,,,,,Electric
|
|t:|1757760535
|teamsize|p1|4
|teamsize|p2|4
|start
|switch|p1a: Sneasler|Sneasler, L50, M|100/100
|switch|p1b: Gholdengo|Gholdengo, L50|100/100
|switch|p2a: Umbreon|Umbreon, L50, F|100/100
|switch|p2b: Dragonite|Dragonite, L50, F|100/100
|turn|1
|
|t:|1757760557
|move|p2b: Dragonite|Protect|p2b: Dragonite
|-singleturn|p2b: Dragonite|Protect
|move|p1a: Sneasler|Close Combat|p2a: Umbreon
|-supereffective|p2a: Umbreon
|-damage|p2a: Umbreon|21/100
|-unboost|p1a: Sneasler|def|1
|-unboost|p1a: Sneasler|spd|1
|-damage|p1a: Sneasler|84/100|[from] item: Rocky Helmet|[of] p2a: Umbreon
|move|p1b: Gholdengo|Make It Rain|p2b: Dragonite|[spread] p2a
|-activate|p2b: Dragonite|move: Protect
|-damage|p2a: Umbreon|0 fnt
|-unboost|p1b: Gholdengo|spa|1
|faint|p2a: Umbreon
|-damage|p1b: Gholdengo|91/100|[from] item: Life Orb
|
|upkeep
|
|t:|1757760575
|switch|p2a: Rotom|Rotom-Wash, L50|100/100
|turn|2
|
|t:|1757760605
|switch|p1b: Amoonguss|Amoonguss, L50, M|100/100
|move|p1a: Sneasler|Dire Claw|p2b: Dragonite
|-damage|p2b: Dragonite|78/100
|move|p2b: Dragonite|Tailwind|p2b: Dragonite
|-sidestart|p2: 0fro|move: Tailwind
|move|p2a: Rotom|Nasty Plot|p2a: Rotom
|-boost|p2a: Rotom|spa|2
|
|upkeep
|turn|3
|
|t:|1757760637
|move|p2a: Rotom|Protect|p2a: Rotom
|-singleturn|p2a: Rotom|Protect
|move|p2b: Dragonite|Scale Shot|p1a: Sneasler
|-damage|p1a: Sneasler|51/100
|-damage|p1a: Sneasler|15/100
|-damage|p1a: Sneasler|0 fnt
|faint|p1a: Sneasler
|-hitcount|p1: Sneasler|3
|-unboost|p2b: Dragonite|def|1
|-boost|p2b: Dragonite|spe|1
|move|p1b: Amoonguss|Spore|p2a: Rotom
|-activate|p2a: Rotom|move: Protect
|
|upkeep
|
|t:|1757760646
|switch|p1a: Archaludon|Archaludon, L50, F|100/100
|turn|4
|
|t:|1757760664
|-terastallize|p1a: Archaludon|Bug
|move|p2b: Dragonite|Scale Shot|p1b: Amoonguss|[miss]
|-miss|p2b: Dragonite|p1b: Amoonguss
|move|p2a: Rotom|Thunderbolt|p1b: Amoonguss
|-resisted|p1b: Amoonguss
|-damage|p1b: Amoonguss|65/100
|move|p1a: Archaludon|Draco Meteor|p2b: Dragonite
|-supereffective|p2b: Dragonite
|-damage|p2b: Dragonite|0 fnt
|-unboost|p1a: Archaludon|spa|2
|faint|p2b: Dragonite
|move|p1b: Amoonguss|Spore|p2a: Rotom
|-status|p2a: Rotom|slp|[from] move: Spore
|
|upkeep
|
|t:|1757760674
|switch|p2b: Amoonguss|Amoonguss, L50, M|100/100
|turn|5
|
|t:|1757760695
|switch|p1a: Gholdengo|Gholdengo, L50|91/100
|cant|p2a: Rotom|slp
|move|p2b: Amoonguss|Pollen Puff|p1a: Gholdengo
|-resisted|p1a: Gholdengo
|-damage|p1a: Gholdengo|86/100
|move|p1b: Amoonguss|Pollen Puff|p2a: Rotom
|-damage|p2a: Rotom|81/100 slp
|
|-heal|p2a: Rotom|87/100 slp|[from] item: Leftovers
|-sideend|p2: 0fro|move: Tailwind
|upkeep
|turn|6
|
|t:|1757760738
|move|p1b: Amoonguss|Rage Powder|p1b: Amoonguss
|-singleturn|p1b: Amoonguss|move: Rage Powder
|move|p1a: Gholdengo|Make It Rain|p2b: Amoonguss|[spread] p2a,p2b
|-resisted|p2a: Rotom
|-crit|p2b: Amoonguss
|-damage|p2a: Rotom|72/100 slp
|-damage|p2b: Amoonguss|34/100
|-unboost|p1a: Gholdengo|spa|1
|-enditem|p2b: Amoonguss|Sitrus Berry|[eat]
|-heal|p2b: Amoonguss|59/100|[from] item: Sitrus Berry
|-damage|p1a: Gholdengo|76/100|[from] item: Life Orb
|cant|p2a: Rotom|slp
|move|p2b: Amoonguss|Pollen Puff|p2a: Rotom
|-heal|p2a: Rotom|100/100 slp
|
|upkeep
|turn|7
|
|t:|1757760767
|-terastallize|p2a: Rotom|Electric
|move|p2b: Amoonguss|Protect|p2b: Amoonguss
|-singleturn|p2b: Amoonguss|Protect
|move|p1b: Amoonguss|Rage Powder|p1b: Amoonguss
|-singleturn|p1b: Amoonguss|move: Rage Powder
|move|p1a: Gholdengo|Nasty Plot|p1a: Gholdengo
|-boost|p1a: Gholdengo|spa|2
|cant|p2a: Rotom|slp
|
|upkeep
|turn|8
|
|t:|1757760785
|move|p1b: Amoonguss|Rage Powder|p1b: Amoonguss
|-singleturn|p1b: Amoonguss|move: Rage Powder
|move|p1a: Gholdengo|Nasty Plot|p1a: Gholdengo
|-boost|p1a: Gholdengo|spa|2
|-curestatus|p2a: Rotom|slp|[msg]
|move|p2a: Rotom|Thunderbolt|p1b: Amoonguss
|-resisted|p1b: Amoonguss
|-damage|p1b: Amoonguss|13/100
|-enditem|p1b: Amoonguss|Sitrus Berry|[eat]
|-heal|p1b: Amoonguss|38/100|[from] item: Sitrus Berry
|move|p2b: Amoonguss|Pollen Puff|p1b: Amoonguss
|-damage|p1b: Amoonguss|22/100
|
|upkeep
|turn|9
|
|t:|1757760803
|move|p1b: Amoonguss|Rage Powder|p1b: Amoonguss
|-singleturn|p1b: Amoonguss|move: Rage Powder
|move|p1a: Gholdengo|Make It Rain|p2b: Amoonguss|[spread] p2a,p2b
|-resisted|p2a: Rotom
|-damage|p2a: Rotom|29/100
|-damage|p2b: Amoonguss|0 fnt
|-unboost|p1a: Gholdengo|spa|1
|faint|p2b: Amoonguss
|-damage|p1a: Gholdengo|67/100|[from] item: Life Orb
|move|p2a: Rotom|Thunderbolt|p1b: Amoonguss
|-resisted|p1b: Amoonguss
|-damage|p1b: Amoonguss|0 fnt
|faint|p1b: Amoonguss
|
|-heal|p2a: Rotom|34/100|[from] item: Leftovers
|upkeep
|
|t:|1757760808
|switch|p1b: Archaludon|Archaludon, L50, F, tera:Bug|100/100
|turn|10
|
|t:|1757760815
|move|p2a: Rotom|Protect|p2a: Rotom
|-singleturn|p2a: Rotom|Protect
|move|p1a: Gholdengo|Make It Rain|p2a: Rotom
|-activate|p2a: Rotom|move: Protect
|move|p1b: Archaludon|Body Press|p2a: Rotom
|-activate|p2a: Rotom|move: Protect
|
|-heal|p2a: Rotom|40/100|[from] item: Leftovers
|upkeep
|turn|11
|
|t:|1757760837
|move|p1a: Gholdengo|Make It Rain|p2a: Rotom
|-resisted|p2a: Rotom
|-damage|p2a: Rotom|0 fnt
|-unboost|p1a: Gholdengo|spa|1
|faint|p2a: Rotom
|-damage|p1a: Gholdengo|57/100|[from] item: Life Orb
|
|win|aussi3vgc
||0fro is ready for game 2.
|inactive|aussi3vgc has 30 seconds to confirm battle start!
|inactive|aussi3vgc has 20 seconds to confirm battle start!
||aussi3vgc is ready for game 2.
|uhtml|next|Next: Game 2 of 3
