|j|☆chineseobama
|j|☆mcat sh1tt3r
|html|chineseobamamcat sh1tt3r    
|uhtml|bestof|Game 1 of a best-of-3
|t:|1757634579
|gametype|doubles
|player|p1|chineseobama|lucas|1000
|player|p2|mcat sh1tt3r|170|1072
|gen|9
|tier|[Gen 9] VGC 2025 Reg H (Bo3)
|rated|
|rule|Species Clause: Limit one of each Pokémon
|rule|Item Clause: Limit 1 of each item
|clearpoke
|poke|p1|Ursaluna, L50, F|
|poke|p1|Porygon2, L50|
|poke|p1|Amoonguss, L50, M|
|poke|p1|Incineroar, L50, M|
|poke|p1|Archaludon, L50, M|
|poke|p1|Sneasler, L50, F|
|poke|p2|Dragonite, L50, M|
|poke|p2|Sneasler, L50, M|
|poke|p2|Indeedee, L50, M|
|poke|p2|Ursaluna-Bloodmoon, L50, M|
|poke|p2|Archaludon, L50, M|
|poke|p2|Weezing-Galar, L50, F|
|teampreview|4
|showteam|p1|Ursaluna||FlameOrb|Guts|Facade,HeadlongRush,Earthquake,Protect|||F|||50|,,,,,Ghost]Porygon2||Eviolite|Download|TeraBlast,IceBeam,Recover,TrickRoom||||||50|,,,,,Flying]Amoonguss||SitrusBerry|Regenerator|Spore,RagePowder,PollenPuff,Protect|||M|||50|,,,,,Water]Incineroar||SafetyGoggles|Intimidate|KnockOff,FakeOut,PartingShot,FlareBlitz|||M|||50|,,,,,Ghost]Archaludon||PowerHerb|Stalwart|ElectroShot,Thunderbolt,DracoMeteor,Protect|||M|||50|,,,,,Electric]Sneasler||FocusSash|Unburden|CloseCombat,DireClaw,ThroatChop,Protect|||F|||50|,,,,,Dark
|showteam|p2|Dragonite||LoadedDice|Multiscale|ScaleShot,Encore,Tailwind,Protect|||M|||50|,,,,,Fairy]Sneasler||PsychicSeed|Unburden|CloseCombat,DireClaw,ThroatChop,Protect|||M|||50|,,,,,Stellar]Indeedee||ChoiceScarf|PsychicSurge|ExpandingForce,Psyshock,Trick,TeraBlast|||M|||50|,,,,,Psychic]Ursaluna-Bloodmoon||LifeOrb|MindsEye|BloodMoon,EarthPower,HyperVoice,Protect|||M|||50|,,,,,Water]Archaludon||PowerHerb|Sturdy|ElectroShot,DracoMeteor,FlashCannon,Protect|||M|||50|,,,,,Grass]Weezing-Galar||ChoiceSpecs|NeutralizingGas|StrangeSteam,SludgeBomb,DazzlingGleam,Taunt|||F|||50|,,,,,Water
|inactive|Battle timer is ON: inactive players will automatically lose when time's up. (requested by mcat sh1tt3r)
|inactive|chineseobama has 60 seconds left.
|
|t:|1757634635
|teamsize|p1|4
|teamsize|p2|4
|start
|switch|p1a: Incineroar|Incineroar, L50, M|100/100
|switch|p1b: Porygon2|Porygon2, L50|100/100
|switch|p2a: Ursaluna|Ursaluna-Bloodmoon, L50, M|100/100
|switch|p2b: Archaludon|Archaludon, L50, M, shiny|100/100
|-ability|p1b: Porygon2|Download|boost
|-boost|p1b: Porygon2|spa|1
|-ability|p1a: Incineroar|Intimidate|boost
|-unboost|p2a: Ursaluna|atk|1
|-unboost|p2b: Archaludon|atk|1
|turn|1
|inactive|chineseobama has 30 seconds left.
|inactive|mcat sh1tt3r has 30 seconds left.
|
|t:|1757634663
|move|p1a: Incineroar|Fake Out|p2b: Archaludon
|-resisted|p2b: Archaludon
|-damage|p2b: Archaludon|95/100
|cant|p2b: Archaludon|flinch
|move|p2a: Ursaluna|Blood Moon|p1b: Porygon2
|-damage|p1b: Porygon2|31/100
|-damage|p2a: Ursaluna|91/100|[from] item: Life Orb
|move|p1b: Porygon2|Trick Room|p1b: Porygon2
|-fieldstart|move: Trick Room|[of] p1b: Porygon2
|
|upkeep
|turn|2
|inactive|mcat sh1tt3r has 30 seconds left.
|inactive|mcat sh1tt3r has 20 seconds left.
|inactive|mcat sh1tt3r has 15 seconds left.
|
|t:|1757634704
|move|p1a: Incineroar|Parting Shot|p2b: Archaludon
|-unboost|p2b: Archaludon|atk|1
|-unboost|p2b: Archaludon|spa|1
|
|t:|1757634708
|switch|p1a: Amoonguss|Amoonguss, L50, M|100/100|[from] Parting Shot
|move|p1b: Porygon2|Ice Beam|p2a: Ursaluna
|-supereffective|p2a: Ursaluna
|-damage|p2a: Ursaluna|0 fnt
|faint|p2a: Ursaluna
|move|p2b: Archaludon|Flash Cannon|p1b: Porygon2
|-damage|p1b: Porygon2|15/100
|
|upkeep
|
|t:|1757634722
|switch|p2a: Weezing|Weezing-Galar, L50, F|100/100
|-ability|p2a: Weezing|Neutralizing Gas
|turn|3
|
|t:|1757634733
|switch|p1b: Ursaluna|Ursaluna, L50, F|100/100
|switch|p2b: Sneasler|Sneasler, L50, M, shiny|100/100
|move|p1a: Amoonguss|Spore|p2a: Weezing
|-status|p2a: Weezing|slp|[from] move: Spore
|cant|p2a: Weezing|slp
|
|-status|p1b: Ursaluna|brn|[from] item: Flame Orb
|upkeep
|turn|4
|
|t:|1757634749
|move|p2b: Sneasler|Protect|p2b: Sneasler
|-singleturn|p2b: Sneasler|Protect
|move|p1a: Amoonguss|Spore|p2b: Sneasler
|-activate|p2b: Sneasler|move: Protect
|move|p1b: Ursaluna|Headlong Rush|p2a: Weezing
|-supereffective|p2a: Weezing
|-damage|p2a: Weezing|33/100 slp
|-unboost|p1b: Ursaluna|def|1
|-unboost|p1b: Ursaluna|spd|1
|cant|p2a: Weezing|slp
|
|-damage|p1b: Ursaluna|95/100 brn|[from] brn
|upkeep
|turn|5
|
|t:|1757634760
|switch|p2b: Archaludon|Archaludon, L50, M, shiny|95/100
|move|p1a: Amoonguss|Pollen Puff|p2b: Archaludon
|-resisted|p2b: Archaludon
|-damage|p2b: Archaludon|82/100
|move|p1b: Ursaluna|Earthquake|p2b: Archaludon|[spread] p1a,p2a,p2b
|-supereffective|p2a: Weezing
|-supereffective|p2b: Archaludon
|-damage|p1a: Amoonguss|84/100
|-damage|p2a: Weezing|0 fnt
|-damage|p2b: Archaludon|42/100
|faint|p2a: Weezing
|-end|p2a: Weezing|ability: Neutralizing Gas
|
|-damage|p1b: Ursaluna|89/100 brn|[from] brn
|-fieldend|move: Trick Room
|upkeep
|
|t:|1757634770
|switch|p2a: Sneasler|Sneasler, L50, M, shiny|100/100
|turn|6
|
|t:|1757634782
|-terastallize|p2a: Sneasler|Stellar
|move|p1a: Amoonguss|Rage Powder|p1a: Amoonguss
|-singleturn|p1a: Amoonguss|move: Rage Powder
|move|p2a: Sneasler|Dire Claw|p1a: Amoonguss
|-damage|p1a: Amoonguss|31/100
|-enditem|p1a: Amoonguss|Sitrus Berry|[eat]
|-heal|p1a: Amoonguss|56/100|[from] item: Sitrus Berry
|move|p2b: Archaludon|Electro Shot||[still]
|-prepare|p2b: Archaludon|Electro Shot
|-boost|p2b: Archaludon|spa|1
|-enditem|p2b: Archaludon|Power Herb
|-anim|p2b: Archaludon|Electro Shot|p1a: Amoonguss
|-resisted|p1a: Amoonguss
|-damage|p1a: Amoonguss|25/100
|move|p1b: Ursaluna|Earthquake|p2b: Archaludon|[spread] p1a,p2a,p2b
|-supereffective|p2a: Sneasler
|-supereffective|p2b: Archaludon
|-damage|p1a: Amoonguss|0 fnt
|-damage|p2a: Sneasler|0 fnt
|-damage|p2b: Archaludon|0 fnt
|faint|p1a: Amoonguss
|faint|p2a: Sneasler
|faint|p2b: Archaludon
|
|win|chineseobama
||chineseobama is ready for game 2.
|l|☆mcat sh1tt3r
|player|p2|
