|j|☆luckstat10
|j|☆chademacaco
|html|luckstat10chademacaco    
|uhtml|bestof|Game 3 of a best-of-3
|t:|1757716278
|gametype|doubles
|player|p1|luckstat10|265|1134
|player|p2|chademacaco|265|1141
|gen|9
|tier|[Gen 9] VGC 2025 Reg H (Bo3)
|rated|
|rule|Species Clause: Limit one of each Pokémon
|rule|Item Clause: Limit 1 of each item
|clearpoke
|poke|p1|Whimsicott, L50, F|
|poke|p1|Typhlosion-Hisui, L50, M|
|poke|p1|Indeedee, L50, M|
|poke|p1|Sneasler, L50, F|
|poke|p1|Dragapult, L50, M|
|poke|p1|Milotic, L50, F|
|poke|p2|Annihilape, L50, M|
|poke|p2|Slaking, L50, M|
|poke|p2|Weezing-Galar, L50, M|
|poke|p2|Sinistcha, L50|
|poke|p2|Ribombee, L50, F|
|poke|p2|Incineroar, L50, M|
|teampreview|4
|showteam|p1|Whimsicott||CovertCloak|Prankster|Tailwind,SunnyDay,Encore,Moonblast|||F|||50|,,,,,Fire]Typhlosion-Hisui||ChoiceScarf|Blaze|Eruption,HeatWave,ShadowBall,Flamethrower|||M|||50|,,,,,Fire]Indeedee||FocusSash|PsychicSurge|ExpandingForce,Imprison,TrickRoom,Protect|||M|||50|,,,,,Psychic]Sneasler||PsychicSeed|Unburden|DireClaw,CloseCombat,ThroatChop,Protect|||F|||50|,,,,,Dark]Dragapult||ChoiceBand|ClearBody|DragonDarts,PhantomForce,TeraBlast,Uturn|||M|||50|,,,,,Fighting]Milotic||FlameOrb|MarvelScale|IcyWind,Scald,Haze,Recover|||F|||50|,,,,,Dragon
|showteam|p2|Annihilape||SafetyGoggles|Defiant|DrainPunch,RageFist,BulkUp,Protect|||M|||50|,,,,,Fire]Slaking||LifeOrb|Truant|DoubleEdge,SuckerPunch,Earthquake,Protect|||M|||50|,,,,,Ghost]Weezing-Galar||SitrusBerry|NeutralizingGas|StrangeSteam,Taunt,WillOWisp,Protect|||M|||50|,,,,,Flying]Sinistcha||RockyHelmet|Hospitality|MatchaGotcha,LifeDew,RagePowder,TrickRoom||||||50|,,,,,Dark]Ribombee||FocusSash|ShieldDust|Moonblast,SunnyDay,Tailwind,SkillSwap|||F|||50|,,,,,Ghost]Incineroar||AbilityShield|Intimidate|FlareBlitz,KnockOff,FakeOut,Protect|||M|||50|,,,,,Water
|inactive|Battle timer is ON: inactive players will automatically lose when time's up. (requested by chademacaco)
|
|t:|1757716309
|teamsize|p1|4
|teamsize|p2|4
|start
|switch|p1a: Typhlosion|Typhlosion-Hisui, L50, M, shiny|100/100
|switch|p1b: Sneasler|Sneasler, L50, F|100/100
|switch|p2a: Slaking|Slaking, L50, M|100/100
|switch|p2b: Weezing|Weezing-Galar, L50, M|100/100
|-ability|p2b: Weezing|Neutralizing Gas
|turn|1
|inactive|chademacaco has 30 seconds left.
|inactive|chademacaco has 20 seconds left.
|inactive|chademacaco has 15 seconds left.
|
|t:|1757716353
|-terastallize|p1a: Typhlosion|Fire
|-terastallize|p2a: Slaking|Ghost
|move|p2a: Slaking|Sucker Punch|p1a: Typhlosion
|-damage|p1a: Typhlosion|39/100
|-damage|p2a: Slaking|91/100|[from] item: Life Orb
|move|p1a: Typhlosion|Heat Wave|p2a: Slaking|[spread] p2a,p2b
|-damage|p2a: Slaking|34/100
|-damage|p2b: Weezing|35/100
|-enditem|p2b: Weezing|Sitrus Berry|[eat]
|-heal|p2b: Weezing|60/100|[from] item: Sitrus Berry
|move|p1b: Sneasler|Dire Claw|p2b: Weezing
|-damage|p2b: Weezing|20/100
|move|p2b: Weezing|Will-O-Wisp|p1b: Sneasler
|-status|p1b: Sneasler|brn
|
|-damage|p1b: Sneasler|95/100 brn|[from] brn
|upkeep
|turn|2
|inactive|chademacaco has 30 seconds left.
|
|t:|1757716384
|move|p2a: Slaking|Protect|p2a: Slaking
|-singleturn|p2a: Slaking|Protect
|move|p2b: Weezing|Protect|p2b: Weezing
|-singleturn|p2b: Weezing|Protect
|move|p1a: Typhlosion|Heat Wave|p2b: Weezing|[spread] 
|-activate|p2a: Slaking|move: Protect
|-activate|p2b: Weezing|move: Protect
|move|p1b: Sneasler|Throat Chop|p2a: Slaking
|-activate|p2a: Slaking|move: Protect
|
|-damage|p1b: Sneasler|89/100 brn|[from] brn
|upkeep
|turn|3
|
|t:|1757716401
|switch|p1a: Calypso|Milotic, L50, F, shiny|100/100
|-end|p2b: Weezing|ability: Neutralizing Gas
|switch|p2b: Incineroar|Incineroar, L50, M|100/100
|-ability|p2b: Incineroar|Intimidate|boost
|-unboost|p1a: Calypso|atk|1
|-unboost|p1b: Sneasler|atk|1
|move|p2a: Slaking|Sucker Punch||[still]
|-fail|p2a: Slaking
|move|p1b: Sneasler|Dire Claw|p2a: Slaking
|-resisted|p2a: Slaking
|-damage|p2a: Slaking|28/100
|
|-damage|p1b: Sneasler|83/100 brn|[from] brn
|-status|p1a: Calypso|brn|[from] item: Flame Orb
|upkeep
|turn|4
|inactive|chademacaco has 30 seconds left.
|
|t:|1757716436
|move|p2b: Incineroar|Fake Out|p1b: Sneasler
|-damage|p1b: Sneasler|59/100 brn
|cant|p1b: Sneasler|flinch
|cant|p2a: Slaking|ability: Truant
|move|p1a: Calypso|Scald|p2b: Incineroar
|-supereffective|p2b: Incineroar
|-damage|p2b: Incineroar|41/100
|
|-damage|p1b: Sneasler|53/100 brn|[from] brn
|-damage|p1a: Calypso|95/100 brn|[from] brn
|upkeep
|turn|5
|
|t:|1757716455
|move|p2b: Incineroar|Protect|p2b: Incineroar
|-singleturn|p2b: Incineroar|Protect
|move|p2a: Slaking|Sucker Punch|p1b: Sneasler
|-resisted|p1b: Sneasler
|-damage|p1b: Sneasler|17/100 brn
|-damage|p2a: Slaking|18/100|[from] item: Life Orb
|move|p1b: Sneasler|Close Combat|p2b: Incineroar
|-activate|p2b: Incineroar|move: Protect
|move|p1a: Calypso|Scald|p2a: Slaking
|-damage|p2a: Slaking|0 fnt
|faint|p2a: Slaking
|
|-damage|p1b: Sneasler|11/100 brn|[from] brn
|-damage|p1a: Calypso|89/100 brn|[from] brn
|upkeep
|
|t:|1757716467
|switch|p2a: Ribombee|Ribombee, L50, F|100/100
|turn|6
|inactive|chademacaco has 30 seconds left.
|
|t:|1757716500
|switch|p2b: Weezing|Weezing-Galar, L50, M|20/100
|-ability|p2b: Weezing|Neutralizing Gas
|move|p1b: Sneasler|Protect|p1b: Sneasler
|-singleturn|p1b: Sneasler|Protect
|move|p2a: Ribombee|Moonblast|p1b: Sneasler
|-activate|p1b: Sneasler|move: Protect
|move|p1a: Calypso|Icy Wind|p2b: Weezing|[spread] p2a,p2b
|-damage|p2a: Ribombee|82/100
|-damage|p2b: Weezing|5/100
|-unboost|p2a: Ribombee|spe|1
|-unboost|p2b: Weezing|spe|1
|
|-damage|p1b: Sneasler|5/100 brn|[from] brn
|-damage|p1a: Calypso|83/100 brn|[from] brn
|upkeep
|turn|7
|inactive|chademacaco has 30 seconds left.
|
|t:|1757716527
|switch|p2a: Incineroar|Incineroar, L50, M|41/100
|-ability|p2a: Incineroar|Intimidate|boost
|-unboost|p1a: Calypso|atk|1
|-unboost|p1b: Sneasler|atk|1
|move|p2b: Weezing|Protect|p2b: Weezing
|-singleturn|p2b: Weezing|Protect
|move|p1b: Sneasler|Dire Claw|p2a: Incineroar
|-damage|p2a: Incineroar|29/100
|-status|p2a: Incineroar|psn
|move|p1a: Calypso|Icy Wind|p2a: Incineroar|[spread] p2a
|-activate|p2b: Weezing|move: Protect
|-resisted|p2a: Incineroar
|-damage|p2a: Incineroar|25/100 psn
|-unboost|p2a: Incineroar|spe|1
|
|-damage|p2a: Incineroar|12/100 psn|[from] psn
|-damage|p1b: Sneasler|0 fnt|[from] brn
|faint|p1b: Sneasler
|-damage|p1a: Calypso|77/100 brn|[from] brn
|upkeep
|
|t:|1757716533
|switch|p1b: Dragapult|Dragapult, L50, M|100/100
|turn|8
|inactive|chademacaco has 30 seconds left.
|
|t:|1757716563
|move|p2a: Incineroar|Fake Out|p1a: Calypso
|-damage|p1a: Calypso|67/100 brn
|move|p1b: Dragapult|U-turn|p2b: Weezing
|-resisted|p2b: Weezing
|-damage|p2b: Weezing|0 fnt
|faint|p2b: Weezing
|-end|p2b: Weezing|ability: Neutralizing Gas
|
|t:|1757716566
|switch|p1b: Typhlosion|Typhlosion-Hisui, L50, M, shiny, tera:Fire|39/100|[from] U-turn
|cant|p1a: Calypso|flinch
|
|-damage|p2a: Incineroar|0 fnt|[from] psn
|faint|p2a: Incineroar
|-damage|p1a: Calypso|61/100 brn|[from] brn
|upkeep
|
|t:|1757716577
|switch|p2b: Ribombee|Ribombee, L50, F|82/100
|turn|9
|-message|chademacaco forfeited.
|
|win|luckstat10
|raw|luckstat10's rating: 1134 → 1160(+26 for winning)
|raw|chademacaco's rating: 1141 → 1115(-26 for losing)
