|j|☆iannaVi
|j|☆sadnessvgc
|html|iannaVisadnessvgc    
|uhtml|bestof|Game 2 of a best-of-3
|t:|1784903139
|gametype|doubles
|player|p1|iannaVi|cheren-gen5bw2|1139
|player|p2|sadnessvgc|agatha-gen1rb|1298
|gen|9
|tier|[Gen 9 Champions] VGC 2026 Reg M-B (Bo3)
|rated|
|rule|Species Clause: Limit one of each Pokémon
|rule|Item Clause: Limit 1 of each item
|clearpoke
|poke|p1|Tyranitar, L50, M|
|poke|p1|Excadrill, L50, M|
|poke|p1|Milotic, L50, F|
|poke|p1|Sinistcha, L50|
|poke|p1|Staraptor, L50, F|
|poke|p1|Gholdengo, L50|
|poke|p2|Floette-Eternal, L50, F|
|poke|p2|Sinistcha, L50, shiny|
|poke|p2|Sneasler, L50, M, shiny|
|poke|p2|Incineroar, L50, M, shiny|
|poke|p2|Garchomp, L50, F, shiny|
|poke|p2|Kingambit, L50, F, shiny|
|teampreview|4
|showteam|p1|Tyranitar||Tyranitarite|SandStream|KnockOff,RockSlide,HighHorsepower,Protect|Jolly||M|||50|]Excadrill||FocusSash|SandRush|Earthquake,IronHead,RockSlide,Protect|Adamant||M|||50|]Milotic||SitrusBerry|Competitive|Scald,IcyWind,IceBeam,Protect|Calm||F|||50|]Sinistcha||ColburBerry|Hospitality|MatchaGotcha,LifeDew,RagePowder,Protect|Bold|||||50|]Staraptor||Staraptite|Intimidate|CloseCombat,BraveBird,Tailwind,Protect|Jolly||F|||50|]Gholdengo||LifeOrb|GoodasGold|MakeItRain,ShadowBall,NastyPlot,Protect|Modest|||||50|
|showteam|p2|Floette-Eternal||Floettite|FlowerVeil|DazzlingGleam,DrainingKiss,Protect,CalmMind|Timid||F|||50|]Sinistcha||SitrusBerry|Hospitality|MatchaGotcha,Protect,TrickRoom,RagePowder|Bold|||||50|]Sneasler||FocusSash|Unburden|DireClaw,FakeOut,CloseCombat,Coaching|Naive||M|||50|]Incineroar||Leftovers|Intimidate|FlareBlitz,FakeOut,PartingShot,HelpingHand|Sassy||M|||50|]Garchomp||Garchompite|RoughSkin|Earthquake,StompingTantrum,RockSlide,Protect|Adamant||F|||50|]Kingambit||ChopleBerry|Defiant|KowtowCleave,SuckerPunch,IronHead,Protect|Adamant||F|||50|
|inactive|Battle timer is ON: inactive players will automatically lose when time's up. (requested by iannaVi)
|inactive|iannaVi has 60 seconds left.
|
|t:|1784903178
|teamsize|p1|4
|teamsize|p2|4
|start
|switch|p1a: Staraptor|Staraptor, L50, F|100/100
|switch|p1b: Gholdengo|Gholdengo, L50|100/100
|switch|p2a: Floette|Floette-Eternal, L50, F|100/100
|switch|p2b: Kingambit|Kingambit, L50, F, shiny|100/100
|-ability|p1a: Staraptor|Intimidate|boost
|-unboost|p2a: Floette|atk|1
|-unboost|p2b: Kingambit|atk|1
|-ability|p2b: Kingambit|Defiant|boost
|-boost|p2b: Kingambit|atk|2
|turn|1
|inactive|iannaVi has 30 seconds left.
|
|t:|1784903207
|detailschange|p1a: Staraptor|Staraptor-Mega, L50, F
|-mega|p1a: Staraptor|Staraptor|Staraptite
|detailschange|p2a: Floette|Floette-Mega, L50, F
|-mega|p2a: Floette|Floette|Floettite
|-ability|p2a: Floette|Fairy Aura
|move|p1b: Gholdengo|Protect|p1b: Gholdengo
|-singleturn|p1b: Gholdengo|Protect
|move|p2b: Kingambit|Protect|p2b: Kingambit
|-singleturn|p2b: Kingambit|Protect
|move|p1a: Staraptor|Tailwind|p1a: Staraptor
|-sidestart|p1: iannaVi|move: Tailwind
|move|p2a: Floette|Calm Mind|p2a: Floette
|-boost|p2a: Floette|spa|1
|-boost|p2a: Floette|spd|1
|
|upkeep
|turn|2
|inactive|sadnessvgc has 30 seconds left.
|
|t:|1784903238
|move|p1a: Staraptor|Brave Bird|p2a: Floette
|-damage|p2a: Floette|39/100
|-damage|p1a: Staraptor|83/100|[from] Recoil
|move|p1b: Gholdengo|Make It Rain|p2a: Floette|[spread] p2a,p2b
|-supereffective|p2a: Floette|1
|-resisted|p2b: Kingambit|1
|-damage|p2a: Floette|0 fnt
|-damage|p2b: Kingambit|70/100
|-unboost|p1b: Gholdengo|spa|2
|faint|p2a: Floette
|-damage|p1b: Gholdengo|90/100|[from] item: Life Orb
|move|p2b: Kingambit|Kowtow Cleave|p1b: Gholdengo
|-supereffective|p1b: Gholdengo|1
|-damage|p1b: Gholdengo|0 fnt
|faint|p1b: Gholdengo
|
|upkeep
|
|t:|1784903256
|switch|p2a: Sinistcha|Sinistcha, L50, shiny|100/100
|switch|p1b: Milotic|Milotic, L50, F|100/100
|-heal|p2b: Kingambit|94/100|[from] ability: Hospitality|[of] p2a: Sinistcha
|turn|3
|inactive|iannaVi has 30 seconds left.
|
|t:|1784903282
|move|p2a: Sinistcha|Rage Powder|p2a: Sinistcha
|-singleturn|p2a: Sinistcha|move: Rage Powder
|move|p1a: Staraptor|Brave Bird|p2a: Sinistcha
|-supereffective|p2a: Sinistcha|1
|-damage|p2a: Sinistcha|11/100
|-enditem|p2a: Sinistcha|Sitrus Berry|[eat]
|-heal|p2a: Sinistcha|35/100|[from] item: Sitrus Berry
|-damage|p1a: Staraptor|56/100|[from] Recoil
|move|p1b: Milotic|Ice Beam|p2a: Sinistcha
|-supereffective|p2a: Sinistcha|1
|-damage|p2a: Sinistcha|0 fnt
|faint|p2a: Sinistcha
|move|p2b: Kingambit|Iron Head|p1a: Staraptor
|-damage|p1a: Staraptor|0 fnt
|faint|p1a: Staraptor
|
|upkeep
|
|t:|1784903296
|switch|p1a: Sinistcha|Sinistcha, L50|100/100
|switch|p2a: Sneasler|Sneasler, L50, M, shiny|100/100
|turn|4
|
|t:|1784903308
|move|p2a: Sneasler|Fake Out|p1b: Milotic
|-damage|p1b: Milotic|85/100
|move|p1a: Sinistcha|Rage Powder|p1a: Sinistcha
|-singleturn|p1a: Sinistcha|move: Rage Powder
|cant|p1b: Milotic|flinch
|move|p2b: Kingambit|Kowtow Cleave|p1a: Sinistcha
|-supereffective|p1a: Sinistcha|1
|-enditem|p1a: Sinistcha|Colbur Berry|[eat]
|-enditem|p1a: Sinistcha|Colbur Berry|[weaken]
|-damage|p1a: Sinistcha|37/100
|
|-sideend|p1: iannaVi|move: Tailwind
|upkeep
|turn|5
|
|t:|1784903326
|move|p1a: Sinistcha|Rage Powder|p1a: Sinistcha
|-singleturn|p1a: Sinistcha|move: Rage Powder
|move|p2a: Sneasler|Coaching|p2b: Kingambit
|-boost|p2b: Kingambit|atk|1
|-boost|p2b: Kingambit|def|1
|move|p1b: Milotic|Scald|p2b: Kingambit
|-damage|p2b: Kingambit|65/100
|-status|p2b: Kingambit|brn
|move|p2b: Kingambit|Kowtow Cleave|p1a: Sinistcha
|-supereffective|p1a: Sinistcha|1
|-damage|p1a: Sinistcha|0 fnt
|faint|p1a: Sinistcha
|
|-damage|p2b: Kingambit|59/100 brn|[from] brn
|upkeep
|turn|6
|
|t:|1784903342
|move|p2a: Sneasler|Close Combat|p1b: Milotic
|-damage|p1b: Milotic|20/100y
|-unboost|p2a: Sneasler|def|1
|-unboost|p2a: Sneasler|spd|1
|-enditem|p1b: Milotic|Sitrus Berry|[eat]
|-heal|p1b: Milotic|45/100|[from] item: Sitrus Berry
|move|p1b: Milotic|Scald|p2b: Kingambit
|-damage|p2b: Kingambit|29/100 brn
|move|p2b: Kingambit|Kowtow Cleave|p1b: Milotic
|-damage|p1b: Milotic|0 fnt
|faint|p1b: Milotic
|
|win|sadnessvgc
||iannaVi is ready for game 3.
||sadnessvgc is ready for game 3.
|uhtml|next|Next: Game 3 of 3
