|j|☆gruby_2
|j|‽QrdeJegoMac
|html|gruby_2QrdeJegoMac    
|uhtml|bestof|Game 1 of a best-of-3
|t:|1757720701
|gametype|doubles
|player|p1|gruby_2|medium|1173
|player|p2|QrdeJegoMac|1|1127
|gen|9
|tier|[Gen 9] VGC 2025 Reg H (Bo3)
|rated|
|rule|Species Clause: Limit one of each Pokémon
|rule|Item Clause: Limit 1 of each item
|clearpoke
|poke|p1|Amoonguss, L50, F|
|poke|p1|Archaludon, L50, M|
|poke|p1|Basculegion, L50, M|
|poke|p1|Salamence, L50, M|
|poke|p1|Kingambit, L50, F|
|poke|p1|Pelipper, L50, F|
|poke|p2|Annihilape, L50, M|
|poke|p2|Maushold-Four, L50|
|poke|p2|Sinistcha, L50|
|poke|p2|Klefki, L50, F|
|poke|p2|Ursaluna-Bloodmoon, L50, M|
|poke|p2|Ninetales-Alola, L50, F|
|teampreview|4
|showteam|p1|Amoonguss||SitrusBerry|Regenerator|PollenPuff,RagePowder,Protect,Spore|||F|||50|,,,,,Dark]Archaludon||AssaultVest|Stamina|ElectroShot,DracoMeteor,BodyPress,Snarl|||M|||50|,,,,,Ghost]Basculegion||ChoiceBand|SwiftSwim|WaveCrash,LastRespects,TeraBlast,FlipTurn|||M|||50|,,,,,Grass]Salamence||LifeOrb|Intimidate|DracoMeteor,Hurricane,Tailwind,Protect|||M|||50|,,,,,Flying]Kingambit||BlackGlasses|Defiant|KowtowCleave,SuckerPunch,SwordsDance,Protect|||F|||50|,,,,,Dark]Pelipper||FocusSash|Drizzle|Hurricane,WeatherBall,WideGuard,Protect|||F|||50|,,,,,Water
|showteam|p2|Annihilape||Leftovers|Defiant|Protect,BulkUp,DrainPunch,RageFist|||M|||50|,,,,,Fire]Maushold-Four||RockyHelmet|FriendGuard|FollowMe,Taunt,BeatUp,Protect||||||50|,,,,,Grass]Sinistcha||SitrusBerry|Hospitality|MatchaGotcha,TrickRoom,LifeDew,RagePowder||||||50|,,,,,Water]Klefki||LightClay|Prankster|Reflect,LightScreen,MistyTerrain,DazzlingGleam|||F|||50|,,,,,Ghost]Ursaluna-Bloodmoon||AssaultVest|MindsEye|BloodMoon,HyperVoice,EarthPower,VacuumWave|||M|||50|,,,,,Water]Ninetales-Alola||FocusSash|SnowWarning|Protect,Encore,FreezeDry,Blizzard|||F|||50|,,,,,Ghost
|inactive|Battle timer is ON: inactive players will automatically lose when time's up. (requested by QrdeJegoMac)
|inactive|gruby_2 also wants the timer to be on.
|inactive|QrdeJegoMac has 60 seconds left.
|
|t:|1757720754
|teamsize|p1|4
|teamsize|p2|4
|start
|switch|p1a: Archaludon|Archaludon, L50, M|100/100
|switch|p1b: Basculegion|Basculegion, L50, M|100/100
|switch|p2a: Annihilape|Annihilape, L50, M|100/100
|switch|p2b: Maushold|Maushold-Four, L50|100/100
|turn|1
|inactive|gruby_2 has 30 seconds left.
|
|t:|1757720779
|switch|p1a: Pelipper|Pelipper, L50, F|100/100
|-weather|RainDance|[from] ability: Drizzle|[of] p1a: Pelipper
|-terastallize|p2b: Maushold|Grass
|move|p2b: Maushold|Follow Me|p2b: Maushold
|-singleturn|p2b: Maushold|move: Follow Me
|move|p1b: Basculegion|Wave Crash|p2b: Maushold
|-resisted|p2b: Maushold
|-damage|p2b: Maushold|27/100
|-damage|p1b: Basculegion|84/100|[from] item: Rocky Helmet|[of] p2b: Maushold
|-damage|p1b: Basculegion|63/100|[from] Recoil
|move|p2a: Annihilape|Drain Punch|p1b: Basculegion
|-immune|p1b: Basculegion
|
|-weather|RainDance|[upkeep]
|upkeep
|turn|2
|inactive|gruby_2 has 30 seconds left.
|
|t:|1757720813
|switch|p1b: Archaludon|Archaludon, L50, M|100/100
|switch|p2b: Ninetales|Ninetales-Alola, L50, F|100/100
|-weather|Snowscape|[from] ability: Snow Warning|[of] p2b: Ninetales
|move|p2a: Annihilape|Rage Fist|p1b: Archaludon
|-damage|p1b: Archaludon|79/100
|-ability|p1b: Archaludon|Stamina|boost
|-boost|p1b: Archaludon|def|1
|move|p1a: Pelipper|Hurricane|p2b: Ninetales|[miss]
|-miss|p1a: Pelipper|p2b: Ninetales
|
|-weather|Snowscape|[upkeep]
|upkeep
|turn|3
|inactive|gruby_2 has 30 seconds left.
|inactive|gruby_2 has 20 seconds left.
|inactive|gruby_2 has 15 seconds left.
|
|t:|1757720855
|switch|p1a: Amoonguss|Amoonguss, L50, F|100/100
|move|p2b: Ninetales|Freeze-Dry|p1a: Amoonguss
|-supereffective|p1a: Amoonguss
|-damage|p1a: Amoonguss|51/100
|move|p1b: Archaludon|Draco Meteor|p2a: Annihilape|[miss]
|-miss|p1b: Archaludon|p2a: Annihilape
|move|p2a: Annihilape|Rage Fist|p1a: Amoonguss
|-damage|p1a: Amoonguss|32/100
|-enditem|p1a: Amoonguss|Sitrus Berry|[eat]
|-heal|p1a: Amoonguss|57/100|[from] item: Sitrus Berry
|
|-weather|Snowscape|[upkeep]
|upkeep
|turn|4
|inactive|gruby_2 has 30 seconds left.
|
|t:|1757720892
|switch|p2b: Maushold|Maushold-Four, L50, tera:Grass|27/100
|switch|p1a: Pelipper|Pelipper, L50, F|100/100
|-weather|RainDance|[from] ability: Drizzle|[of] p1a: Pelipper
|move|p2a: Annihilape|Protect|p2a: Annihilape
|-singleturn|p2a: Annihilape|Protect
|move|p1b: Archaludon|Electro Shot||[still]
|-prepare|p1b: Archaludon|Electro Shot
|-boost|p1b: Archaludon|spa|1
|-anim|p1b: Archaludon|Electro Shot|p2a: Annihilape
|-activate|p2a: Annihilape|move: Protect
|
|-weather|RainDance|[upkeep]
|upkeep
|turn|5
|inactive|gruby_2 has 30 seconds left.
|
|t:|1757720919
|switch|p1a: Amoonguss|Amoonguss, L50, F|90/100
|move|p2b: Maushold|Follow Me|p2b: Maushold
|-singleturn|p2b: Maushold|move: Follow Me
|move|p2a: Annihilape|Rage Fist|p1a: Amoonguss
|-damage|p1a: Amoonguss|71/100
|move|p1b: Archaludon|Draco Meteor|p2b: Maushold
|-damage|p2b: Maushold|0 fnt
|-unboost|p1b: Archaludon|spa|2
|faint|p2b: Maushold
|
|-weather|RainDance|[upkeep]
|upkeep
|
|t:|1757720925
|switch|p2b: Ursaluna|Ursaluna-Bloodmoon, L50, M|100/100
|turn|6
|
|t:|1757720940
|switch|p1b: Pelipper|Pelipper, L50, F|100/100
|move|p1a: Amoonguss|Protect|p1a: Amoonguss
|-singleturn|p1a: Amoonguss|Protect
|move|p2a: Annihilape|Drain Punch|p1b: Pelipper
|-resisted|p1b: Pelipper
|-damage|p1b: Pelipper|77/100
|move|p2b: Ursaluna|Blood Moon|p1a: Amoonguss
|-activate|p1a: Amoonguss|move: Protect
|
|-weather|RainDance|[upkeep]
|upkeep
|turn|7
|inactive|gruby_2 has 30 seconds left.
|
|t:|1757720967
|switch|p2a: Ninetales|Ninetales-Alola, L50, F|100/100
|-weather|Snowscape|[from] ability: Snow Warning|[of] p2a: Ninetales
|move|p1b: Pelipper|Wide Guard|p1b: Pelipper
|-singleturn|p1b: Pelipper|Wide Guard
|move|p2b: Ursaluna|Hyper Voice|p1b: Pelipper|[spread] 
|-activate|p1a: Amoonguss|move: Wide Guard
|-activate|p1b: Pelipper|move: Wide Guard
|move|p1a: Amoonguss|Spore|p2b: Ursaluna
|-status|p2b: Ursaluna|slp|[from] move: Spore
|
|-weather|Snowscape|[upkeep]
|upkeep
|turn|8
|
|t:|1757720992
|-terastallize|p1a: Amoonguss|Dark
|move|p2a: Ninetales|Protect|p2a: Ninetales
|-singleturn|p2a: Ninetales|Protect
|move|p1b: Pelipper|Weather Ball|p2b: Ursaluna
|-supereffective|p2b: Ursaluna
|-damage|p2b: Ursaluna|58/100 slp
|cant|p2b: Ursaluna|slp
|move|p1a: Amoonguss|Spore|p2a: Ninetales
|-activate|p2a: Ninetales|move: Protect
|
|-weather|Snowscape|[upkeep]
|upkeep
|turn|9
|
|t:|1757721015
|switch|p1b: Basculegion|Basculegion, L50, M|63/100
|move|p2a: Ninetales|Freeze-Dry|p1b: Basculegion
|-supereffective|p1b: Basculegion
|-damage|p1b: Basculegion|8/100
|cant|p2b: Ursaluna|slp
|move|p1a: Amoonguss|Spore|p2a: Ninetales
|-status|p2a: Ninetales|slp|[from] move: Spore
|
|-weather|Snowscape|[upkeep]
|upkeep
|turn|10
|
|t:|1757721024
|switch|p1a: Pelipper|Pelipper, L50, F|77/100
|-weather|RainDance|[from] ability: Drizzle|[of] p1a: Pelipper
|-curestatus|p2b: Ursaluna|slp|[msg]
|move|p2b: Ursaluna|Vacuum Wave|p1b: Basculegion
|-damage|p1b: Basculegion|0 fnt
|faint|p1b: Basculegion
|cant|p2a: Ninetales|slp
|
|-weather|RainDance|[upkeep]
|upkeep
|
|t:|1757721032
|switch|p1b: Amoonguss|Amoonguss, L50, F, tera:Dark|100/100
|turn|11
|
|t:|1757721038
|switch|p2a: Annihilape|Annihilape, L50, M|100/100
|move|p1b: Amoonguss|Protect|p1b: Amoonguss
|-singleturn|p1b: Amoonguss|Protect
|move|p1a: Pelipper|Weather Ball|p2b: Ursaluna
|-supereffective|p2b: Ursaluna
|-damage|p2b: Ursaluna|0 fnt
|faint|p2b: Ursaluna
|
|-weather|RainDance|[upkeep]
|upkeep
|
|t:|1757721040
|switch|p2b: Ninetales|Ninetales-Alola, L50, F|100/100 slp
|-weather|Snowscape|[from] ability: Snow Warning|[of] p2b: Ninetales
|turn|12
|
|t:|1757721054
|switch|p1a: Archaludon|Archaludon, L50, M|79/100
|cant|p2b: Ninetales|slp
|move|p2a: Annihilape|Drain Punch|p1b: Amoonguss
|-supereffective|p1b: Amoonguss
|-damage|p1b: Amoonguss|45/100
|move|p1b: Amoonguss|Spore|p2a: Annihilape
|-status|p2a: Annihilape|slp|[from] move: Spore
|
|-weather|Snowscape|[upkeep]
|upkeep
|turn|13
|
|t:|1757721068
|switch|p1b: Pelipper|Pelipper, L50, F|77/100
|-weather|RainDance|[from] ability: Drizzle|[of] p1b: Pelipper
|-curestatus|p2b: Ninetales|slp|[msg]
|move|p2b: Ninetales|Protect|p2b: Ninetales
|-singleturn|p2b: Ninetales|Protect
|cant|p2a: Annihilape|slp
|move|p1a: Archaludon|Electro Shot||[still]
|-prepare|p1a: Archaludon|Electro Shot
|-boost|p1a: Archaludon|spa|1
|-anim|p1a: Archaludon|Electro Shot|p2a: Annihilape
|-damage|p2a: Annihilape|37/100 slp
|
|-weather|RainDance|[upkeep]
|-heal|p2a: Annihilape|43/100 slp|[from] item: Leftovers
|upkeep
|turn|14
|
|t:|1757721092
|move|p2b: Ninetales|Freeze-Dry|p1b: Pelipper
|-supereffective|p1b: Pelipper
|-damage|p1b: Pelipper|0 fnt
|faint|p1b: Pelipper
|move|p1a: Archaludon|Electro Shot||[still]
|-prepare|p1a: Archaludon|Electro Shot
|-boost|p1a: Archaludon|spa|1
|-anim|p1a: Archaludon|Electro Shot|p2a: Annihilape
|-damage|p2a: Annihilape|0 fnt
|faint|p2a: Annihilape
|
|-weather|RainDance|[upkeep]
|upkeep
|
|t:|1757721096
|switch|p1b: Amoonguss|Amoonguss, L50, F, tera:Dark|78/100
|turn|15
|
|t:|1757721105
|move|p2b: Ninetales|Protect|p2b: Ninetales
|-singleturn|p2b: Ninetales|Protect
|move|p1a: Archaludon|Electro Shot||[still]
|-prepare|p1a: Archaludon|Electro Shot
|-boost|p1a: Archaludon|spa|1
|-anim|p1a: Archaludon|Electro Shot|p2b: Ninetales
|-activate|p2b: Ninetales|move: Protect
|move|p1b: Amoonguss|Pollen Puff|p1a: Archaludon
|-heal|p1a: Archaludon|100/100
|
|-weather|RainDance|[upkeep]
|upkeep
|turn|16
|
|t:|1757721116
|move|p2b: Ninetales|Blizzard|p1b: Amoonguss|[spread] 
|-miss|p2b: Ninetales|p1a: Archaludon
|-miss|p2b: Ninetales|p1b: Amoonguss
|move|p1a: Archaludon|Electro Shot||[still]
|-prepare|p1a: Archaludon|Electro Shot
|-boost|p1a: Archaludon|spa|1
|-anim|p1a: Archaludon|Electro Shot|p2b: Ninetales
|-enditem|p2b: Ninetales|Focus Sash
|-damage|p2b: Ninetales|1/100
|move|p1b: Amoonguss|Spore|p2b: Ninetales
|-status|p2b: Ninetales|slp|[from] move: Spore
|
|-weather|RainDance|[upkeep]
|upkeep
|turn|17
|
|t:|1757721133
|cant|p2b: Ninetales|slp
|move|p1a: Archaludon|Draco Meteor|p2b: Ninetales
|-immune|p2b: Ninetales
|move|p1b: Amoonguss|Pollen Puff|p2b: Ninetales
|-resisted|p2b: Ninetales
|-damage|p2b: Ninetales|0 fnt
|faint|p2b: Ninetales
|
|win|gruby_2
|inactive|gruby_2 has 30 seconds to confirm battle start!
|inactive|QrdeJegoMac has 30 seconds to confirm battle start!
||gruby_2 is ready for game 2.
||QrdeJegoMac is ready for game 2.
|uhtml|next|Next: Game 2 of 3
