|j|☆MrMaro
|j|☆Yippeeeeeeeevgc
|html|MrMaroYippeeeeeeeevgc    
|uhtml|bestof|Game 1 of a best-of-3
|t:|1757846236
|gametype|doubles
|player|p1|MrMaro|1|1085
|player|p2|Yippeeeeeeeevgc|2|1125
|gen|9
|tier|[Gen 9] VGC 2025 Reg H (Bo3)
|rated|
|rule|Species Clause: Limit one of each Pokémon
|rule|Item Clause: Limit 1 of each item
|clearpoke
|poke|p1|Ninetales-Alola, L50, M|
|poke|p1|Ursaluna-Bloodmoon, L50, M|
|poke|p1|Sneasler, L50, M|
|poke|p1|Indeedee, L50, M|
|poke|p1|Dragonite, L50, F|
|poke|p1|Alcremie, L50, F|
|poke|p2|Pelipper, L50, M|
|poke|p2|Basculegion, L50, M|
|poke|p2|Sneasler, L50, F|
|poke|p2|Archaludon, L50, M|
|poke|p2|Amoonguss, L50, M|
|poke|p2|Gholdengo, L50|
|teampreview|4
|showteam|p1|Ninetales-Alola||LightClay|SnowWarning|AuroraVeil,Blizzard,Encore,Disable|||M|||50|,,,,,Fire]Ursaluna-Bloodmoon||AssaultVest|MindsEye|HyperVoice,BloodMoon,EarthPower,Snarl|||M|||50|,,,,,Water]Sneasler||PsychicSeed|Unburden|DireClaw,CloseCombat,ThroatChop,Protect|||M|||50|,,,,,Dark]Indeedee||ChoiceScarf|PsychicSurge|ExpandingForce,Imprison,Trick,TrickRoom|||M|||50|,,,,,Fairy]Dragonite||Leftovers|Multiscale|DragonDance,IceSpinner,ExtremeSpeed,Protect|||F|||50|,,,,,Normal]Alcremie||KeeBerry|SweetVeil|Decorate,PsychUp,AlluringVoice,Protect|||F|||50|,,,,,Steel
|showteam|p2|Pelipper||CovertCloak|Drizzle|Hurricane,WeatherBall,Tailwind,Protect|||M|||50|,,,,,Steel]Basculegion||ChoiceBand|SwiftSwim|FlipTurn,WaveCrash,AquaJet,LastRespects|||M|||50|,,,,,Water]Sneasler||FocusSash|PoisonTouch|Protect,CloseCombat,DireClaw,FakeOut|||F|||50|,,,,,Ghost]Archaludon||AssaultVest|Stamina|ElectroShot,FlashCannon,DracoMeteor,BodyPress|||M|||50|,,,,,Bug]Amoonguss||SitrusBerry|Regenerator|ClearSmog,RagePowder,PollenPuff,Spore|||M|||50|,,,,,Fairy]Gholdengo||LifeOrb|GoodasGold|MakeItRain,ShadowBall,NastyPlot,Protect||||||50|,,,,,Water
|
|t:|1757846268
|teamsize|p1|4
|teamsize|p2|4
|start
|switch|p1a: Indeedee|Indeedee, L50, M|100/100
|switch|p1b: Sneasler|Sneasler, L50, M|100/100
|switch|p2a: Basculegion|Basculegion, L50, M|100/100
|switch|p2b: Sneasler|Sneasler, L50, F|100/100
|-fieldstart|move: Psychic Terrain|[from] ability: Psychic Surge|[of] p1a: Indeedee
|-enditem|p1b: Sneasler|Psychic Seed
|-boost|p1b: Sneasler|spd|1|[from] item: Psychic Seed
|turn|1
|
|t:|1757846297
|switch|p2b: Pelipper|Pelipper, L50, M|100/100
|-weather|RainDance|[from] ability: Drizzle|[of] p2b: Pelipper
|-terastallize|p2a: Basculegion|Water
|move|p1b: Sneasler|Throat Chop|p2a: Basculegion
|-damage|p2a: Basculegion|62/100
|-start|p2a: Basculegion|Throat Chop|[silent]
|move|p2a: Basculegion|Flip Turn|p1a: Indeedee
|-crit|p1a: Indeedee
|-damage|p1a: Indeedee|0 fnt
|faint|p1a: Indeedee
|
|t:|1757846321
|switch|p2a: Sneasler|Sneasler, L50, F|100/100|[from] Flip Turn
|
|-weather|RainDance|[upkeep]
|upkeep
|
|t:|1757846327
|switch|p1a: Dragonite|Dragonite, L50, F|100/100
|turn|2
|
|t:|1757846345
|move|p1b: Sneasler|Dire Claw|p2b: Pelipper
|-damage|p2b: Pelipper|64/100
|move|p2a: Sneasler|Dire Claw|p1b: Sneasler
|-resisted|p1b: Sneasler
|-damage|p1b: Sneasler|72/100
|-status|p1b: Sneasler|par
|move|p1a: Dragonite|Dragon Dance|p1a: Dragonite
|-boost|p1a: Dragonite|atk|1
|-boost|p1a: Dragonite|spe|1
|move|p2b: Pelipper|Tailwind|p2b: Pelipper
|-sidestart|p2: Yippeeeeeeeevgc|move: Tailwind
|
|-weather|RainDance|[upkeep]
|upkeep
|turn|3
|
|t:|1757846368
|move|p2a: Sneasler|Dire Claw|p1a: Dragonite
|-damage|p1a: Dragonite|78/100
|move|p1a: Dragonite|Ice Spinner|p2b: Pelipper
|-damage|p2b: Pelipper|25/100
|-fieldend|move: Psychic Terrain
|move|p2b: Pelipper|Hurricane|p1b: Sneasler
|-supereffective|p1b: Sneasler
|-damage|p1b: Sneasler|10/100 par
|move|p1b: Sneasler|Dire Claw|p2a: Sneasler
|-resisted|p2a: Sneasler
|-damage|p2a: Sneasler|59/100
|-status|p2a: Sneasler|par
|
|-weather|RainDance|[upkeep]
|-heal|p1a: Dragonite|84/100|[from] item: Leftovers
|upkeep
|turn|4
|
|t:|1757846394
|switch|p1b: Alcremie|Alcremie, L50, F|100/100
|-terastallize|p1a: Dragonite|Normal
|move|p1a: Dragonite|Extreme Speed|p2a: Sneasler
|-damage|p2a: Sneasler|0 fnt
|faint|p2a: Sneasler
|move|p2b: Pelipper|Hurricane|p1b: Alcremie
|-damage|p1b: Alcremie|67/100
|
|-weather|RainDance|[upkeep]
|-heal|p1a: Dragonite|90/100|[from] item: Leftovers
|upkeep
|
|t:|1757846410
|switch|p2a: Basculegion|Basculegion, L50, M, tera:Water|62/100
|turn|5
|
|t:|1757846424
|switch|p2b: Gholdengo|Gholdengo, L50|100/100
|move|p1a: Dragonite|Extreme Speed|p2a: Basculegion
|-damage|p2a: Basculegion|0 fnt
|faint|p2a: Basculegion
|move|p1b: Alcremie|Decorate|p1a: Dragonite
|-boost|p1a: Dragonite|atk|2
|-boost|p1a: Dragonite|spa|2
|
|-weather|none
|-heal|p1a: Dragonite|96/100|[from] item: Leftovers
|-sideend|p2: Yippeeeeeeeevgc|move: Tailwind
|upkeep
|
|t:|1757846436
|switch|p2a: Pelipper|Pelipper, L50, M|25/100
|-weather|RainDance|[from] ability: Drizzle|[of] p2a: Pelipper
|turn|6
|
|t:|1757846454
|move|p1a: Dragonite|Protect|p1a: Dragonite
|-singleturn|p1a: Dragonite|Protect
|move|p2b: Gholdengo|Make It Rain|p1a: Dragonite|[spread] p1b
|-activate|p1a: Dragonite|move: Protect
|-supereffective|p1b: Alcremie
|-damage|p1b: Alcremie|0 fnt
|-unboost|p2b: Gholdengo|spa|1
|faint|p1b: Alcremie
|-damage|p2b: Gholdengo|91/100|[from] item: Life Orb
|move|p2a: Pelipper|Weather Ball|p1a: Dragonite
|-activate|p1a: Dragonite|move: Protect
|
|-weather|RainDance|[upkeep]
|-heal|p1a: Dragonite|100/100|[from] item: Leftovers
|upkeep
|
|t:|1757846471
|switch|p1b: Sneasler|Sneasler, L50, M|10/100 par
|turn|7
|
|t:|1757846489
|move|p2a: Pelipper|Protect|p2a: Pelipper
|-singleturn|p2a: Pelipper|Protect
|move|p1a: Dragonite|Extreme Speed|p2a: Pelipper
|-activate|p2a: Pelipper|move: Protect
|move|p2b: Gholdengo|Make It Rain|p1a: Dragonite|[spread] p1a,p1b
|-damage|p1a: Dragonite|78/100
|-damage|p1b: Sneasler|0 fnt
|-unboost|p2b: Gholdengo|spa|1
|faint|p1b: Sneasler
|-damage|p2b: Gholdengo|81/100|[from] item: Life Orb
|
|-weather|RainDance|[upkeep]
|-heal|p1a: Dragonite|84/100|[from] item: Leftovers
|upkeep
|turn|8
|
|t:|1757846510
|move|p1a: Dragonite|Extreme Speed|p2a: Pelipper
|-damage|p2a: Pelipper|0 fnt
|faint|p2a: Pelipper
|move|p2b: Gholdengo|Nasty Plot|p2b: Gholdengo
|-boost|p2b: Gholdengo|spa|2
|
|-weather|RainDance|[upkeep]
|-heal|p1a: Dragonite|90/100|[from] item: Leftovers
|upkeep
|turn|9
|
|t:|1757846528
|move|p1a: Dragonite|Ice Spinner|p2b: Gholdengo
|-resisted|p2b: Gholdengo
|-damage|p2b: Gholdengo|33/100
|move|p2b: Gholdengo|Nasty Plot|p2b: Gholdengo
|-boost|p2b: Gholdengo|spa|2
|
|-weather|RainDance|[upkeep]
|-heal|p1a: Dragonite|96/100|[from] item: Leftovers
|upkeep
|turn|10
|
|t:|1757846540
|move|p2b: Gholdengo|Protect|p2b: Gholdengo
|-singleturn|p2b: Gholdengo|Protect
|move|p1a: Dragonite|Ice Spinner|p2b: Gholdengo
|-activate|p2b: Gholdengo|move: Protect
|
|-weather|none
|-heal|p1a: Dragonite|100/100|[from] item: Leftovers
|upkeep
|turn|11
|
|t:|1757846550
|move|p1a: Dragonite|Ice Spinner|p2b: Gholdengo
|-resisted|p2b: Gholdengo
|-damage|p2b: Gholdengo|0 fnt
|faint|p2b: Gholdengo
|
|win|MrMaro
||Yippeeeeeeeevgc is ready for game 2.
||MrMaro is ready for game 2.
|uhtml|next|Next: Game 2 of 3
|l|☆MrMaro
|player|p1|
