|j|☆nootbaar
|j|☆teyvgc
|html|nootbaarteyvgc    
|uhtml|bestof|Game 3 of a best-of-3
|t:|1782615711
|gametype|doubles
|player|p1|nootbaar|101|1184
|player|p2|teyvgc|rood|1194
|gen|9
|tier|[Gen 9 Champions] VGC 2026 Reg M-B (Bo3)
|rated|
|rule|Species Clause: Limit one of each Pokémon
|rule|Item Clause: Limit 1 of each item
|clearpoke
|poke|p1|Raichu, L50, M|
|poke|p1|Clefable, L50, M|
|poke|p1|Kingambit, L50, F|
|poke|p1|Mamoswine, L50, M|
|poke|p1|Ceruledge, L50, M|
|poke|p1|Gyarados, L50, F|
|poke|p2|Houndstone, L50, M|
|poke|p2|Tyranitar, L50, F|
|poke|p2|Incineroar, L50, M|
|poke|p2|Farigiraf, L50, F, shiny|
|poke|p2|Garchomp, L50, M, shiny|
|poke|p2|Gholdengo, L50|
|teampreview|4
|showteam|p1|Raichu||RaichuniteY|LightningRod|Protect,FakeOut,FocusBlast,ZapCannon|Timid||M|||50|]Clefable||SitrusBerry|CuteCharm|Protect,FollowMe,HelpingHand,Moonblast|Bold||M|||50|]Kingambit||FocusSash|Defiant|LowKick,IronHead,SuckerPunch,KowtowCleave|Adamant||F|||50|]Mamoswine||LifeOrb|Oblivious|Protect,IceShard,StompingTantrum,IcicleCrash|Jolly||M|||50|]Ceruledge||ColburBerry|FlashFire|Protect,BulkUp,ShadowSneak,BitterBlade|Adamant||M|||50|]Gyarados||Gyaradosite|Intimidate|Protect,DragonDance,PowerWhip,Waterfall|Adamant||F|||50|
|showteam|p2|Houndstone||LifeOrb|SandRush|PsychicFangs,Poltergeist,LastRespects,Protect|Adamant||M|||50|]Tyranitar||Tyranitarite|SandStream|RockSlide,KnockOff,LowKick,Protect|Adamant||F|||50|]Incineroar||PasshoBerry|Intimidate|FlareBlitz,DarkestLariat,FakeOut,PartingShot|Adamant||M|||50|]Farigiraf||TwistedSpoon|ArmorTail|HyperVoice,TwinBeam,TrickRoom,HelpingHand|Quiet||F|||50|]Garchomp||Garchompite|RoughSkin|StompingTantrum,DragonClaw,RockSlide,Protect|Brave||M|||50|]Gholdengo||ChoiceScarf|GoodasGold|MakeItRain,ShadowBall,Trick,PowerGem|Modest|||||50|
|inactive|Battle timer is ON: inactive players will automatically lose when time's up. (requested by nootbaar)
|inactive|teyvgc has 60 seconds left.
|
|t:|1782615746
|teamsize|p1|4
|teamsize|p2|4
|start
|switch|p1a: Raichu|Raichu, L50, M|100/100
|switch|p1b: Mamoswine|Mamoswine, L50, M|100/100
|switch|p2a: Farigiraf|Farigiraf, L50, F, shiny|100/100
|switch|p2b: Gholdengo|Gholdengo, L50|100/100
|turn|1
|
|t:|1782615767
|detailschange|p1a: Raichu|Raichu-Mega-Y, L50, M
|-mega|p1a: Raichu|Raichu|Raichunite Y
|move|p2a: Farigiraf|Helping Hand|p2b: Gholdengo
|-immune|p2b: Gholdengo|[from] ability: Good as Gold
|move|p2b: Gholdengo|Make It Rain|p1b: Mamoswine|[spread] p1a,p1b
|-resisted|p1a: Raichu|1
|-supereffective|p1b: Mamoswine|1
|-damage|p1a: Raichu|65/100
|-damage|p1b: Mamoswine|0 fnt
|-unboost|p2b: Gholdengo|spa|2
|faint|p1b: Mamoswine
|move|p1a: Raichu|Zap Cannon|p2b: Gholdengo
|-damage|p2b: Gholdengo|24/100
|-status|p2b: Gholdengo|par
|
|upkeep
|
|t:|1782615783
|switch|p1b: Kingambit|Kingambit, L50, F|100/100
|turn|2
|
|t:|1782615790
|switch|p2a: Tyranitar|Tyranitar, L50, F|100/100
|-weather|Sandstorm|[from] ability: Sand Stream|[of] p2a: Tyranitar
|move|p1a: Raichu|Zap Cannon|p2a: Tyranitar
|-crit|p2a: Tyranitar
|-damage|p2a: Tyranitar|46/100
|-status|p2a: Tyranitar|par
|move|p1b: Kingambit|Kowtow Cleave|p2a: Tyranitar
|-resisted|p2a: Tyranitar|1
|-damage|p2a: Tyranitar|27/100 par
|move|p2b: Gholdengo|Make It Rain|p1b: Kingambit|[spread] p1a,p1b
|-resisted|p1a: Raichu|1
|-resisted|p1b: Kingambit|1
|-damage|p1a: Raichu|47/100
|-damage|p1b: Kingambit|86/100
|-unboost|p2b: Gholdengo|spa|2
|
|-weather|Sandstorm|[upkeep]
|-damage|p1a: Raichu|41/100|[from] Sandstorm
|upkeep
|turn|3
|inactive|nootbaar has 30 seconds left.
|inactive|nootbaar has 20 seconds left.
|inactive|nootbaar has 15 seconds left.
|inactive|nootbaar has 10 seconds left.
|inactive|nootbaar has 5 seconds left.
|
|t:|1782615841
|switch|p2b: Farigiraf|Farigiraf, L50, F, shiny|100/100
|move|p2a: Tyranitar|Protect|p2a: Tyranitar
|-singleturn|p2a: Tyranitar|Protect
|move|p1a: Raichu|Focus Blast|p2a: Tyranitar
|-activate|p2a: Tyranitar|move: Protect
|move|p1b: Kingambit|Kowtow Cleave|p2b: Farigiraf
|-supereffective|p2b: Farigiraf|1
|-crit|p2b: Farigiraf
|-damage|p2b: Farigiraf|0 fnt
|faint|p2b: Farigiraf
|
|-weather|Sandstorm|[upkeep]
|-damage|p1a: Raichu|35/100|[from] Sandstorm
|upkeep
|
|t:|1782615855
|switch|p2b: Houndstone|Houndstone, L50, M|100/100
|turn|4
|inactive|teyvgc has 30 seconds left.
|inactive|teyvgc has 20 seconds left.
|
|t:|1782615894
|switch|p1a: Gyarados|Gyarados, L50, F|100/100
|-ability|p1a: Gyarados|Intimidate|boost
|-unboost|p2a: Tyranitar|atk|1
|-unboost|p2b: Houndstone|atk|1
|detailschange|p2a: Tyranitar|Tyranitar-Mega, L50, F
|-mega|p2a: Tyranitar|Tyranitar|Tyranitarite
|move|p2b: Houndstone|Protect|p2b: Houndstone
|-singleturn|p2b: Houndstone|Protect
|move|p1b: Kingambit|Iron Head|p2a: Tyranitar
|-supereffective|p2a: Tyranitar|1
|-damage|p2a: Tyranitar|0 fnt
|faint|p2a: Tyranitar
|
|-weather|Sandstorm|[upkeep]
|-damage|p1a: Gyarados|93/100|[from] Sandstorm
|upkeep
|
|t:|1782615904
|switch|p2a: Gholdengo|Gholdengo, L50|24/100 par
|turn|5
|inactive|nootbaar has 30 seconds left.
|
|t:|1782615934
|move|p2b: Houndstone|Last Respects|p1a: Gyarados
|-damage|p1a: Gyarados|24/100
|-damage|p2b: Houndstone|90/100|[from] item: Life Orb
|move|p1a: Gyarados|Waterfall|p2a: Gholdengo
|-damage|p2a: Gholdengo|0 fnt
|faint|p2a: Gholdengo
|move|p1b: Kingambit|Kowtow Cleave|p2b: Houndstone
|-supereffective|p2b: Houndstone|1
|-damage|p2b: Houndstone|0 fnt
|faint|p2b: Houndstone
|
|win|nootbaar
|raw|nootbaar's rating: 1184 → 1210(+26 for winning)
|raw|teyvgc's rating: 1194 → 1168(-26 for losing)
