|j|☆MajinFlavio
|j|☆Northgdh
|html|MajinFlavioNorthgdh    
|uhtml|bestof|Game 1 of a best-of-3
|t:|1783870295
|gametype|doubles
|player|p1|MajinFlavio|palmer|1201
|player|p2|Northgdh|102|1200
|gen|9
|tier|[Gen 9 Champions] VGC 2026 Reg M-B (Bo3)
|rated|
|rule|Species Clause: Limit one of each Pokémon
|rule|Item Clause: Limit 1 of each item
|clearpoke
|poke|p1|Malamar, L50, M|
|poke|p1|Ceruledge, L50, M|
|poke|p1|Sinistcha, L50|
|poke|p1|Incineroar, L50, M|
|poke|p1|Whimsicott, L50, M|
|poke|p1|Blastoise, L50, M|
|poke|p2|Sneasler, L50, F|
|poke|p2|Incineroar, L50, M, shiny|
|poke|p2|Kingambit, L50, M, shiny|
|poke|p2|Blastoise, L50, F, shiny|
|poke|p2|Delphox, L50, M, shiny|
|poke|p2|Sinistcha, L50|
|teampreview|4
|showteam|p1|Malamar||Malamarite|Contrary|Superpower,KnockOff,BatonPass,Protect|Careful||M|||50|]Ceruledge||ColburBerry|FlashFire|BitterBlade,ShadowSneak,BulkUp,Protect|Adamant||M|||50|]Sinistcha||KasibBerry|Hospitality|MatchaGotcha,RagePowder,LifeDew,Protect|Bold|||||50|]Incineroar||SitrusBerry|Intimidate|FakeOut,FlareBlitz,ThroatChop,PartingShot|Impish||M|||50|]Whimsicott||FocusSash|Prankster|Moonblast,Tailwind,FakeTears,Protect|Timid||M|||50|]Blastoise||Blastoisinite|Torrent|WaterSpout,DarkPulse,ShellSmash,Protect|Modest||M|||50|
|showteam|p2|Sneasler||FocusSash|PoisonTouch|CloseCombat,PoisonJab,FakeOut,QuickGuard|Jolly||F|||50|]Incineroar||SitrusBerry|Intimidate|FlareBlitz,FakeOut,HelpingHand,PartingShot|Impish||M|||50|]Kingambit||BlackGlasses|Defiant|KowtowCleave,SuckerPunch,SwordsDance,Protect|Adamant||M|||50|]Blastoise||Blastoisinite|RainDish|WaterSpout,DarkPulse,ShellSmash,Protect|Modest||F|||50|]Delphox||Delphoxite|Blaze|HeatWave,Psychic,NastyPlot,Protect|Timid||M|||50|]Sinistcha||KasibBerry|Hospitality|MatchaGotcha,RagePowder,LifeDew,Protect|Bold|||||50|
|inactive|Battle timer is ON: inactive players will automatically lose when time's up. (requested by Northgdh)
|inactive|MajinFlavio has 60 seconds left.
|inactive|Northgdh has 60 seconds left.
|
|t:|1783870333
|teamsize|p1|4
|teamsize|p2|4
|start
|switch|p1a: Whimsicott|Whimsicott, L50, M|100/100
|switch|p1b: Malamar|Malamar, L50, M|100/100
|switch|p2a: begged|Blastoise, L50, F, shiny|100/100
|switch|p2b: honeybee|Sneasler, L50, F|100/100
|turn|1
|inactive|MajinFlavio has 30 seconds left.
|
|t:|1783870367
|detailschange|p2a: begged|Blastoise-Mega, L50, F, shiny
|-mega|p2a: begged|Blastoise|Blastoisinite
|detailschange|p1b: Malamar|Malamar-Mega, L50, M
|-mega|p1b: Malamar|Malamar|Malamarite
|move|p2b: honeybee|Fake Out|p1a: Whimsicott
|-damage|p1a: Whimsicott|79/100
|cant|p1a: Whimsicott|flinch
|move|p2a: begged|Shell Smash|p2a: begged
|-unboost|p2a: begged|def|1
|-unboost|p2a: begged|spd|1
|-boost|p2a: begged|atk|2
|-boost|p2a: begged|spa|2
|-boost|p2a: begged|spe|2
|move|p1b: Malamar|Superpower|p2a: begged
|-damage|p2a: begged|53/100
|-boost|p1b: Malamar|atk|1
|-boost|p1b: Malamar|def|1
|
|upkeep
|turn|2
|inactive|MajinFlavio has 30 seconds left.
|inactive|Northgdh has 30 seconds left.
|
|t:|1783870396
|move|p1a: Whimsicott|Fake Tears|p1b: Malamar
|-boost|p1b: Malamar|spd|2
|move|p2a: begged|Water Spout|p1b: Malamar|[spread] p1a,p1b
|-resisted|p1a: Whimsicott|1
|-damage|p1a: Whimsicott|18/100
|-damage|p1b: Malamar|74/100
|move|p2b: honeybee|Close Combat|p1b: Malamar
|-damage|p1b: Malamar|37/100
|-unboost|p2b: honeybee|def|1
|-unboost|p2b: honeybee|spd|1
|-status|p1b: Malamar|psn|[from] ability: Poison Touch|[of] p2b: honeybee
|move|p1b: Malamar|Superpower|p2a: begged
|-damage|p2a: begged|0 fnt
|-boost|p1b: Malamar|atk|1
|-boost|p1b: Malamar|def|1
|faint|p2a: begged
|
|-damage|p1b: Malamar|24/100 psn|[from] psn
|upkeep
|
|t:|1783870404
|switch|p2a: stupid song|Incineroar, L50, M, shiny|100/100
|-ability|p2a: stupid song|Intimidate|boost
|-unboost|p1a: Whimsicott|atk|1
|-boost|p1b: Malamar|atk|1
|turn|3
|inactive|MajinFlavio has 30 seconds left.
|
|t:|1783870436
|switch|p1a: Sinistcha|Sinistcha, L50|100/100
|-heal|p1b: Malamar|49/100 psn|[from] ability: Hospitality|[of] p1a: Sinistcha
|move|p1b: Malamar|Protect|p1b: Malamar
|-singleturn|p1b: Malamar|Protect
|move|p2a: stupid song|Fake Out|p1a: Sinistcha
|-immune|p1a: Sinistcha
|move|p2b: honeybee|Close Combat|p1b: Malamar
|-activate|p1b: Malamar|move: Protect
|
|-damage|p1b: Malamar|37/100 psn|[from] psn
|upkeep
|turn|4
|inactive|MajinFlavio has 30 seconds left.
|
|t:|1783870465
|switch|p2a: the cure|Sinistcha, L50|100/100
|move|p1a: Sinistcha|Rage Powder|p1a: Sinistcha
|-singleturn|p1a: Sinistcha|move: Rage Powder
|move|p2b: honeybee|Poison Jab|p1a: Sinistcha
|-damage|p1a: Sinistcha|67/100
|-status|p1a: Sinistcha|psn
|move|p1b: Malamar|Superpower|p2a: the cure
|-immune|p2a: the cure
|
|-damage|p1b: Malamar|24/100 psn|[from] psn
|-damage|p1a: Sinistcha|55/100 psn|[from] psn
|upkeep
|turn|5
|
|t:|1783870484
|switch|p2b: stupid song|Incineroar, L50, M, shiny|100/100
|-ability|p2b: stupid song|Intimidate|boost
|-unboost|p1a: Sinistcha|atk|1
|-boost|p1b: Malamar|atk|1
|move|p2a: the cure|Protect|p2a: the cure
|-singleturn|p2a: the cure|Protect
|move|p1a: Sinistcha|Rage Powder|p1a: Sinistcha
|-singleturn|p1a: Sinistcha|move: Rage Powder
|move|p1b: Malamar|Baton Pass|p1b: Malamar
|
|t:|1783870501
|switch|p1b: Ceruledge|Ceruledge, L50, M|100/100|[from] Baton Pass
|
|-damage|p1a: Sinistcha|42/100 psn|[from] psn
|upkeep
|turn|6
|
|t:|1783870521
|move|p2a: the cure|Protect|p2a: the cure
|-singleturn|p2a: the cure|Protect
|move|p1a: Sinistcha|Rage Powder|p1a: Sinistcha
|-singleturn|p1a: Sinistcha|move: Rage Powder
|move|p1b: Ceruledge|Bitter Blade|p2a: the cure
|-activate|p2a: the cure|move: Protect
|move|p2b: stupid song|Parting Shot|p1a: Sinistcha
|-unboost|p1a: Sinistcha|atk|1
|-unboost|p1a: Sinistcha|spa|1
|
|t:|1783870525
|switch|p2b: honeybee|Sneasler, L50, F|100/100|[from] Parting Shot
|
|-damage|p1a: Sinistcha|30/100 psn|[from] psn
|upkeep
|turn|7
|
|t:|1783870547
|switch|p2a: stupid song|Incineroar, L50, M, shiny|100/100
|-ability|p2a: stupid song|Intimidate|boost
|-unboost|p1a: Sinistcha|atk|1
|-unboost|p1b: Ceruledge|atk|1
|move|p2b: honeybee|Poison Jab|p1b: Ceruledge
|-resisted|p1b: Ceruledge|1
|-damage|p1b: Ceruledge|87/100
|-status|p1b: Ceruledge|psn|[from] ability: Poison Touch|[of] p2b: honeybee
|move|p1b: Ceruledge|Bitter Blade|p2b: honeybee
|-enditem|p2b: honeybee|Focus Sash
|-damage|p2b: honeybee|1/100
|-heal|p1b: Ceruledge|100/100 psn|[from] drain|[of] p2b: honeybee
|move|p1a: Sinistcha|Life Dew||[still]|[spread] p1a,p1b
|-heal|p1a: Sinistcha|55/100 psn
|-fail|p1b: Ceruledge|heal
|
|-damage|p1b: Ceruledge|87/100 psn|[from] psn
|-damage|p1a: Sinistcha|43/100 psn|[from] psn
|upkeep
|turn|8
|inactive|MajinFlavio has 30 seconds left.
|inactive|MajinFlavio has 20 seconds left.
|
|t:|1783870583
|move|p1a: Sinistcha|Rage Powder|p1a: Sinistcha
|-singleturn|p1a: Sinistcha|move: Rage Powder
|move|p2b: honeybee|Poison Jab|p1a: Sinistcha
|-damage|p1a: Sinistcha|6/100 psn
|move|p1b: Ceruledge|Bitter Blade|p2a: stupid song
|-resisted|p2a: stupid song|1
|-damage|p2a: stupid song|59/100
|-heal|p1b: Ceruledge|100/100 psn|[from] drain|[of] p2a: stupid song
|move|p2a: stupid song|Parting Shot|p1a: Sinistcha
|-unboost|p1a: Sinistcha|atk|1
|-unboost|p1a: Sinistcha|spa|1
|
|t:|1783870590
|switch|p2a: the cure|Sinistcha, L50|100/100|[from] Parting Shot
|-heal|p2b: honeybee|25/100|[from] ability: Hospitality|[of] p2a: the cure
|
|-damage|p1b: Ceruledge|87/100 psn|[from] psn
|-damage|p1a: Sinistcha|0 fnt|[from] psn
|faint|p1a: Sinistcha
|upkeep
|
|t:|1783870613
|switch|p1a: Malamar|Malamar-Mega, L50, M|24/100 psn
|turn|9
|inactive|Northgdh has 30 seconds left.
|inactive|Northgdh has 20 seconds left.
|inactive|Northgdh has 15 seconds left.
|inactive|Northgdh has 10 seconds left.
|inactive|Northgdh has 5 seconds left.
|
|t:|1783870666
|switch|p2a: stupid song|Incineroar, L50, M, shiny|59/100
|-ability|p2a: stupid song|Intimidate|boost
|-boost|p1a: Malamar|atk|1
|-unboost|p1b: Ceruledge|atk|1
|move|p1b: Ceruledge|Shadow Sneak|p2b: honeybee
|-damage|p2b: honeybee|0 fnt
|faint|p2b: honeybee
|move|p1a: Malamar|Knock Off|p2a: stupid song
|-resisted|p2a: stupid song|1
|-damage|p2a: stupid song|38/100
|-enditem|p2a: stupid song|Sitrus Berry|[from] move: Knock Off|[of] p1a: Malamar
|
|-damage|p1a: Malamar|12/100 psn|[from] psn
|-damage|p1b: Ceruledge|75/100 psn|[from] psn
|upkeep
|
|t:|1783870671
|switch|p2b: the cure|Sinistcha, L50|100/100
|-heal|p2a: stupid song|62/100|[from] ability: Hospitality|[of] p2b: the cure
|turn|10
|c|☆Northgdh|Knew I needed to close combat
|c|☆Northgdh|rip
|c|☆Northgdh|gg
|inactive|MajinFlavio has 30 seconds left.
|c|☆Northgdh|Just stalkin now
|inactive|MajinFlavio has 20 seconds left.
|
|t:|1783870707
|move|p2a: stupid song|Fake Out|p1a: Malamar
|-damage|p1a: Malamar|3/100 psn
|cant|p1a: Malamar|flinch
|move|p1b: Ceruledge|Bitter Blade|p2b: the cure
|-supereffective|p2b: the cure|1
|-damage|p2b: the cure|0 fnt
|-heal|p1b: Ceruledge|100/100 psn|[from] drain|[of] p2b: the cure
|faint|p2b: the cure
|
|-damage|p1a: Malamar|0 fnt|[from] psn
|faint|p1a: Malamar
|-damage|p1b: Ceruledge|87/100 psn|[from] psn
|upkeep
|c|☆Northgdh|stallin’
|c|☆MajinFlavio|gg man
|
|t:|1783870719
|switch|p1a: Whimsicott|Whimsicott, L50, M|18/100
|turn|11
|
|t:|1783870726
|move|p1a: Whimsicott|Moonblast|p2a: stupid song
|-damage|p2a: stupid song|33/100
|move|p1b: Ceruledge|Bitter Blade|p2a: stupid song
|-resisted|p2a: stupid song|1
|-damage|p2a: stupid song|0 fnt
|-heal|p1b: Ceruledge|100/100 psn|[from] drain|[of] p2a: stupid song
|faint|p2a: stupid song
|
|win|MajinFlavio
