|j|☆magmar de morango
|j|☆j3rrypl4ys
|html|magmar de morangoj3rrypl4ys    
|uhtml|bestof|Game 2 of a best-of-3
|t:|1756528654
|gametype|doubles
|player|p1|magmar de morango|acetrainersnowf|1000
|player|p2|j3rrypl4ys|169|1000
|gen|9
|tier|[Gen 9] VGC 2025 Reg H (Bo3)
|rated|
|rule|Species Clause: Limit one of each Pokémon
|rule|Item Clause: Limit 1 of each item
|clearpoke
|poke|p1|Sneasler, L50, F|
|poke|p1|Rillaboom, L50, M|
|poke|p1|Primarina, L50, M|
|poke|p1|Dragapult, L50, M|
|poke|p1|Kingambit, L50, M|
|poke|p1|Magmar, L50, M|
|poke|p2|Dragonite, L50, F|
|poke|p2|Incineroar, L50, M|
|poke|p2|Annihilape, L50, M|
|poke|p2|Dondozo, L50, M|
|poke|p2|Rillaboom, L50, F|
|poke|p2|Gholdengo, L50|
|teampreview|4
|showteam|p1|Sneasler||GrassySeed|Unburden|CloseCombat,DireClaw,Acrobatics,FakeOut|||F|||50|,,,,,Flying]Rillaboom||AssaultVest|GrassySurge|WoodHammer,GrassyGlide,Uturn,FakeOut|||M|||50|,,,,,Fire]Primarina||SitrusBerry|LiquidVoice|HyperVoice,Moonblast,Haze,Protect|||M|||50|,,,,,Poison]Dragapult||ChoiceBand|ClearBody|DragonDarts,PhantomForce,Outrage,Uturn|||M|||50|,,,,,Dragon]Kingambit||BlackGlasses|Defiant|KowtowCleave,SuckerPunch,SwordsDance,Protect|||M|||50|,,,,,Dark]Magmar||Eviolite|VitalSpirit|Overheat,WillOWisp,FollowMe,Protect|||M|||50|,,,,,Dragon
|showteam|p2|Dragonite||LoadedDice|Multiscale|Protect,ScaleShot,Tailwind,Haze|||F|||50|,,,,,Fairy]Incineroar||SafetyGoggles|Intimidate|FakeOut,KnockOff,FlareBlitz,PartingShot|||M|||50|,,,,,Ghost]Annihilape||FocusSash|Defiant|Protect,Coaching,RageFist,CloseCombat|||M|||50|,,,,,Stellar]Dondozo||Leftovers|Unaware|Protect,WaveCrash,Yawn,Fissure|||M|||50|,,,,,Grass]Rillaboom||AssaultVest|GrassySurge|FakeOut,GrassyGlide,HighHorsepower,WoodHammer|||F|||50|,,,,,Fire]Gholdengo||SitrusBerry|GoodasGold|Protect,NastyPlot,MakeItRain,ShadowBall||||||50|,,,,,Water
|inactive|Battle timer is ON: inactive players will automatically lose when time's up. (requested by j3rrypl4ys)
|inactive|j3rrypl4ys has 60 seconds left.
|
|t:|1756528703
|teamsize|p1|4
|teamsize|p2|4
|start
|switch|p1a: Rillaboom|Rillaboom, L50, M|100/100
|switch|p1b: Dragapult|Dragapult, L50, M|100/100
|switch|p2a: Incineroar|Incineroar, L50, M|100/100
|switch|p2b: Dondozo|Dondozo, L50, M|100/100
|-fieldstart|move: Grassy Terrain|[from] ability: Grassy Surge|[of] p1a: Rillaboom
|-ability|p2a: Incineroar|Intimidate|boost
|-unboost|p1a: Rillaboom|atk|1
|-fail|p1b: Dragapult|unboost|[from] ability: Clear Body|[of] p1b: Dragapult
|turn|1
|inactive|magmar de morango has 30 seconds left.
|
|t:|1756528730
|switch|p1a: Kingambit|Kingambit, L50, M|100/100
|move|p2b: Dondozo|Protect|p2b: Dondozo
|-singleturn|p2b: Dondozo|Protect
|move|p1b: Dragapult|Dragon Darts|p2a: Incineroar
|-damage|p2a: Incineroar|63/100
|-anim|p1b: Dragapult|Dragon Darts|p2a: Incineroar
|-damage|p2a: Incineroar|29/100
|move|p2a: Incineroar|Parting Shot|p1a: Kingambit
|-unboost|p1a: Kingambit|atk|1
|-ability|p1a: Kingambit|Defiant|boost
|-boost|p1a: Kingambit|atk|2
|-unboost|p1a: Kingambit|spa|1
|-ability|p1a: Kingambit|Defiant|boost
|-boost|p1a: Kingambit|atk|2
|
|t:|1756528738
|switch|p2a: Rillaboom|Rillaboom, L50, F, shiny|100/100|[from] Parting Shot
|
|upkeep
|turn|2
|
|t:|1756528758
|move|p1a: Kingambit|Protect|p1a: Kingambit
|-singleturn|p1a: Kingambit|Protect
|move|p2a: Rillaboom|Fake Out|p1a: Kingambit
|-activate|p1a: Kingambit|move: Protect
|move|p1b: Dragapult|Dragon Darts|p2a: Rillaboom
|-damage|p2a: Rillaboom|64/100
|-anim|p1b: Dragapult|Dragon Darts|p2b: Dondozo
|-damage|p2b: Dondozo|78/100
|move|p2b: Dondozo|Yawn|p1b: Dragapult
|-start|p1b: Dragapult|move: Yawn|[of] p2b: Dondozo
|
|-heal|p2a: Rillaboom|70/100|[from] Grassy Terrain
|-heal|p2b: Dondozo|84/100|[from] Grassy Terrain
|-heal|p2b: Dondozo|90/100|[from] item: Leftovers
|upkeep
|turn|3
|inactive|magmar de morango has 30 seconds left.
|
|t:|1756528786
|switch|p1b: Rillaboom|Rillaboom, L50, M|100/100
|-terastallize|p1a: Kingambit|Dark
|move|p2b: Dondozo|Protect|p2b: Dondozo
|-singleturn|p2b: Dondozo|Protect
|move|p2a: Rillaboom|High Horsepower|p1a: Kingambit
|-damage|p1a: Kingambit|76/100
|move|p1a: Kingambit|Kowtow Cleave|p2a: Rillaboom
|-damage|p2a: Rillaboom|0 fnt
|faint|p2a: Rillaboom
|
|-heal|p1a: Kingambit|82/100|[from] Grassy Terrain
|-heal|p2b: Dondozo|97/100|[from] Grassy Terrain
|-heal|p2b: Dondozo|100/100|[from] item: Leftovers
|upkeep
|
|t:|1756528800
|switch|p2a: Incineroar|Incineroar, L50, M|29/100
|-ability|p2a: Incineroar|Intimidate|boost
|-unboost|p1a: Kingambit|atk|1
|-ability|p1a: Kingambit|Defiant|boost
|-boost|p1a: Kingambit|atk|2
|-unboost|p1b: Rillaboom|atk|1
|turn|4
|
|t:|1756528819
|-terastallize|p2b: Dondozo|Grass
|move|p1b: Rillaboom|Wood Hammer|p2b: Dondozo
|-resisted|p2b: Dondozo
|-damage|p2b: Dondozo|74/100
|-damage|p1b: Rillaboom|90/100|[from] Recoil
|move|p2a: Incineroar|Flare Blitz|p1b: Rillaboom
|-supereffective|p1b: Rillaboom
|-damage|p1b: Rillaboom|0 fnt
|faint|p1b: Rillaboom
|-damage|p2a: Incineroar|0 fnt|[from] Recoil
|faint|p2a: Incineroar
|move|p1a: Kingambit|Kowtow Cleave|p2b: Dondozo
|-damage|p2b: Dondozo|23/100
|move|p2b: Dondozo|Fissure|p1a: Kingambit
|-damage|p1a: Kingambit|0 fnt
|faint|p1a: Kingambit
|-ohko
|
|-heal|p2b: Dondozo|30/100|[from] Grassy Terrain
|-heal|p2b: Dondozo|36/100|[from] item: Leftovers
|upkeep
|
|t:|1756528839
|switch|p1b: Dragapult|Dragapult, L50, M|100/100
|switch|p2a: Gholdengo|Gholdengo, L50|100/100
|switch|p1a: Sneasler|Sneasler, L50, F|100/100
|-enditem|p1a: Sneasler|Grassy Seed
|-boost|p1a: Sneasler|def|1|[from] item: Grassy Seed
|turn|5
|
|t:|1756528863
|move|p2b: Dondozo|Protect|p2b: Dondozo
|-singleturn|p2b: Dondozo|Protect
|move|p1a: Sneasler|Acrobatics|p2b: Dondozo
|-activate|p2b: Dondozo|move: Protect
|move|p1b: Dragapult|Phantom Force||[still]
|-prepare|p1b: Dragapult|Phantom Force
|move|p2a: Gholdengo|Shadow Ball|p1a: Sneasler
|-damage|p1a: Sneasler|40/100
|
|-heal|p1a: Sneasler|46/100|[from] Grassy Terrain
|-heal|p2b: Dondozo|42/100|[from] Grassy Terrain
|-heal|p2b: Dondozo|48/100|[from] item: Leftovers
|-fieldend|move: Grassy Terrain
|upkeep
|turn|6
|inactive|magmar de morango has 30 seconds left.
|inactive|magmar de morango has 20 seconds left.
|
|t:|1756528899
|move|p1a: Sneasler|Dire Claw|p2b: Dondozo
|-supereffective|p2b: Dondozo
|-damage|p2b: Dondozo|0 fnt
|faint|p2b: Dondozo
|move|p1b: Dragapult|Phantom Force|p2a: Gholdengo|[from] lockedmove
|-supereffective|p2a: Gholdengo
|-damage|p2a: Gholdengo|0 fnt
|faint|p2a: Gholdengo
|
|win|magmar de morango
||j3rrypl4ys is ready for game 3.
|inactive|magmar de morango has 30 seconds to confirm battle start!
||magmar de morango is ready for game 3.
|uhtml|next|Next: Game 3 of 3
|l|☆magmar de morango
|player|p1|
