|j|☆caevz027
|j|☆juansmo
|html|caevz027juansmo    
|uhtml|bestof|Game 1 of a best-of-3
|t:|1756868850
|gametype|doubles
|player|p1|caevz027|102|
|player|p2|juansmo|265|
|gen|9
|tier|[Gen 9] VGC 2025 Reg H (Bo3)
|rule|Species Clause: Limit one of each Pokémon
|rule|Item Clause: Limit 1 of each item
|clearpoke
|poke|p1|Ninetales-Alola, L50, F|
|poke|p1|Annihilape, L50, M|
|poke|p1|Sinistcha-Masterpiece, L50|
|poke|p1|Klefki, L50, F|
|poke|p1|Ursaluna-Bloodmoon, L50, M|
|poke|p1|Maushold-Four, L50|
|poke|p2|Ursaluna-Bloodmoon, L50, M|
|poke|p2|Gholdengo, L50|
|poke|p2|Dragonite, L50, F|
|poke|p2|Sneasler, L50, F|
|poke|p2|Incineroar, L50, M|
|poke|p2|Amoonguss, L50, M|
|teampreview|4
|showteam|p1|Ninetales-Alola||FocusSash|SnowWarning|IcyWind,Encore,Protect,FreezeDry|||F|||50|,,,,,Ghost]Annihilape||Leftovers|Defiant|Protect,DrainPunch,RageFist,BulkUp|||M|||50|,,,,,Fire]Sinistcha-Masterpiece||SitrusBerry|Hospitality|MatchaGotcha,RagePowder,LifeDew,TrickRoom||||||50|,,,,,Water]Klefki||LightClay|Prankster|DazzlingGleam,Reflect,LightScreen,MistyTerrain|||F|||50|,,,,,Ghost]Ursaluna-Bloodmoon||AssaultVest|MindsEye|HyperVoice,BloodMoon,EarthPower,VacuumWave|||M|||50|,,,,,Normal]Maushold-Four||WideLens|Technician|PopulationBomb,FollowMe,Protect,BeatUp||||||50|,,,,,Ghost
|showteam|p2|Ursaluna-Bloodmoon||AssaultVest|MindsEye|BloodMoon,EarthPower,VacuumWave,HyperVoice|||M|||50|,,,,,Water]Gholdengo||LifeOrb|GoodasGold|Protect,MakeItRain,ShadowBall,NastyPlot||||||50|,,,,,Water]Dragonite||LoadedDice|Multiscale|ScaleShot,Tailwind,Haze,Protect|||F|||50|,,,,,Fairy]Sneasler||FocusSash|Unburden|Protect,DireClaw,CloseCombat,ThroatChop|||F|||50|,,,,,Stellar]Incineroar||SafetyGoggles|Intimidate|KnockOff,PartingShot,FlareBlitz,FakeOut|||M|||50|,,,,,Ghost]Amoonguss||SitrusBerry|Regenerator|RagePowder,Spore,PollenPuff,Protect|||M|||50|,,,,,Psychic
|
|t:|1756868876
|teamsize|p1|4
|teamsize|p2|4
|start
|switch|p1a: Annihilape|Annihilape, L50, M, shiny|100/100
|switch|p1b: Maushold|Maushold-Four, L50|100/100
|switch|p2a: Gholdengo|Gholdengo, L50|100/100
|switch|p2b: Amoonguss|Amoonguss, L50, M|100/100
|turn|1
|
|t:|1756868898
|switch|p1b: Klefki|Klefki, L50, F|100/100
|move|p1a: Annihilape|Protect|p1a: Annihilape
|-singleturn|p1a: Annihilape|Protect
|move|p2a: Gholdengo|Nasty Plot|p2a: Gholdengo
|-boost|p2a: Gholdengo|spa|2
|move|p2b: Amoonguss|Spore|p1a: Annihilape
|-activate|p1a: Annihilape|move: Protect
|
|upkeep
|turn|2
|
|t:|1756868917
|-terastallize|p1a: Annihilape|Fire
|move|p2a: Gholdengo|Protect|p2a: Gholdengo
|-singleturn|p2a: Gholdengo|Protect
|move|p1b: Klefki|Misty Terrain|p1b: Klefki
|-fieldstart|move: Misty Terrain
|move|p1a: Annihilape|Rage Fist|p2a: Gholdengo
|-activate|p2a: Gholdengo|move: Protect
|move|p2b: Amoonguss|Spore|p1a: Annihilape
|-activate|p1a: Annihilape|move: Misty Terrain
|
|upkeep
|turn|3
|
|t:|1756868980
|move|p2b: Amoonguss|Rage Powder|p2b: Amoonguss
|-singleturn|p2b: Amoonguss|move: Rage Powder
|move|p1b: Klefki|Light Screen|p1b: Klefki
|-sidestart|p1: caevz027|move: Light Screen
|move|p2a: Gholdengo|Shadow Ball|p1a: Annihilape
|-damage|p1a: Annihilape|38/100
|-damage|p2a: Gholdengo|91/100|[from] item: Life Orb
|move|p1a: Annihilape|Rage Fist|p2b: Amoonguss
|-damage|p2b: Amoonguss|66/100
|
|-heal|p1a: Annihilape|44/100|[from] item: Leftovers
|upkeep
|turn|4
|
|t:|1756869027
|switch|p1b: Sinistcha|Sinistcha-Masterpiece, L50|100/100
|-heal|p1a: Annihilape|69/100|[from] ability: Hospitality|[of] p1b: Sinistcha
|move|p2a: Gholdengo|Shadow Ball|p1a: Annihilape
|-damage|p1a: Annihilape|8/100
|-damage|p2a: Gholdengo|82/100|[from] item: Life Orb
|move|p1a: Annihilape|Rage Fist|p2a: Gholdengo
|-supereffective|p2a: Gholdengo
|-damage|p2a: Gholdengo|0 fnt
|faint|p2a: Gholdengo
|move|p2b: Amoonguss|Spore|p1b: Sinistcha
|-immune|p1b: Sinistcha
|
|-heal|p1a: Annihilape|14/100|[from] item: Leftovers
|upkeep
|
|t:|1756869047
|switch|p2a: Sneasler|Sneasler, L50, F|100/100
|turn|5
|
|t:|1756869055
|move|p1a: Annihilape|Protect|p1a: Annihilape
|-singleturn|p1a: Annihilape|Protect
|move|p2b: Amoonguss|Rage Powder|p2b: Amoonguss
|-singleturn|p2b: Amoonguss|move: Rage Powder
|move|p2a: Sneasler|Dire Claw|p1a: Annihilape
|-activate|p1a: Annihilape|move: Protect
|move|p1b: Sinistcha|Life Dew||[still]|[spread] p1a,p1b
|-heal|p1a: Annihilape|39/100
|-fail|p1b: Sinistcha|heal
|
|-heal|p1a: Annihilape|45/100|[from] item: Leftovers
|upkeep
|turn|6
|
|t:|1756869072
|move|p1b: Sinistcha|Rage Powder|p1b: Sinistcha
|-singleturn|p1b: Sinistcha|move: Rage Powder
|move|p2b: Amoonguss|Rage Powder|p2b: Amoonguss
|-singleturn|p2b: Amoonguss|move: Rage Powder
|move|p2a: Sneasler|Close Combat|p1b: Sinistcha
|-immune|p1b: Sinistcha
|move|p1a: Annihilape|Rage Fist|p2b: Amoonguss
|-damage|p2b: Amoonguss|18/100
|-enditem|p2b: Amoonguss|Sitrus Berry|[eat]
|-heal|p2b: Amoonguss|43/100|[from] item: Sitrus Berry
|
|-heal|p1a: Annihilape|51/100|[from] item: Leftovers
|-fieldend|Misty Terrain
|upkeep
|turn|7
|l|☆caevz027
|player|p1|
|j|☆caevz027
|player|p1|caevz027|102|
|
|t:|1756869135
|switch|p1b: Klefki|Klefki, L50, F|100/100
|move|p1a: Annihilape|Protect|p1a: Annihilape
|-singleturn|p1a: Annihilape|Protect
|move|p2b: Amoonguss|Rage Powder|p2b: Amoonguss
|-singleturn|p2b: Amoonguss|move: Rage Powder
|move|p2a: Sneasler|Dire Claw|p1b: Klefki
|-immune|p1b: Klefki
|
|-heal|p1a: Annihilape|57/100|[from] item: Leftovers
|upkeep
|turn|8
|
|t:|1756869154
|move|p2b: Amoonguss|Rage Powder|p2b: Amoonguss
|-singleturn|p2b: Amoonguss|move: Rage Powder
|move|p1b: Klefki|Misty Terrain|p1b: Klefki
|-fieldstart|move: Misty Terrain
|move|p2a: Sneasler|Dire Claw|p1a: Annihilape
|-damage|p1a: Annihilape|18/100
|move|p1a: Annihilape|Rage Fist|p2b: Amoonguss
|-damage|p2b: Amoonguss|0 fnt
|faint|p2b: Amoonguss
|
|-heal|p1a: Annihilape|24/100|[from] item: Leftovers
|upkeep
|
|t:|1756869171
|switch|p2b: Ursaluna|Ursaluna-Bloodmoon, L50, M|100/100
|turn|9
|
|t:|1756869201
|move|p1a: Annihilape|Protect|p1a: Annihilape
|-singleturn|p1a: Annihilape|Protect
|move|p1b: Klefki|Reflect|p1b: Klefki
|-sidestart|p1: caevz027|Reflect
|move|p2a: Sneasler|Dire Claw|p1a: Annihilape
|-activate|p1a: Annihilape|move: Protect
|move|p2b: Ursaluna|Earth Power|p1b: Klefki
|-supereffective|p1b: Klefki
|-damage|p1b: Klefki|32/100
|
|-heal|p1a: Annihilape|30/100|[from] item: Leftovers
|upkeep
|turn|10
|
|t:|1756869241
|-terastallize|p2a: Sneasler|Stellar
|move|p2a: Sneasler|Dire Claw|p1a: Annihilape
|-damage|p1a: Annihilape|0 fnt
|faint|p1a: Annihilape
|move|p1b: Klefki|Dazzling Gleam|p2b: Ursaluna|[spread] p2a,p2b
|-damage|p2a: Sneasler|75/100
|-damage|p2b: Ursaluna|89/100
|move|p2b: Ursaluna|Earth Power|p1b: Klefki
|-supereffective|p1b: Klefki
|-damage|p1b: Klefki|0 fnt
|faint|p1b: Klefki
|
|-sideend|p1: caevz027|move: Light Screen
|upkeep
|
|t:|1756869254
|switch|p1a: Maushold|Maushold-Four, L50|100/100
|switch|p1b: Sinistcha|Sinistcha-Masterpiece, L50|100/100
|turn|11
|
|t:|1756869298
|move|p2a: Sneasler|Protect|p2a: Sneasler
|-singleturn|p2a: Sneasler|Protect
|move|p1a: Maushold|Population Bomb|p2a: Sneasler
|-activate|p2a: Sneasler|move: Protect
|move|p1b: Sinistcha|Matcha Gotcha|p2b: Ursaluna|[spread] p2b
|-activate|p2a: Sneasler|move: Protect
|-supereffective|p2b: Ursaluna
|-damage|p2b: Ursaluna|51/100
|move|p2b: Ursaluna|Blood Moon|p1a: Maushold
|-damage|p1a: Maushold|0 fnt
|faint|p1a: Maushold
|
|upkeep
|turn|12
|
|t:|1756869324
|move|p2a: Sneasler|Dire Claw|p1b: Sinistcha
|-damage|p1b: Sinistcha|71/100
|move|p1b: Sinistcha|Matcha Gotcha|p2a: Sneasler|[spread] p2a,p2b
|-resisted|p2a: Sneasler
|-supereffective|p2b: Ursaluna
|-damage|p2a: Sneasler|55/100
|-heal|p1b: Sinistcha|80/100|[from] drain|[of] p2a: Sneasler
|-damage|p2b: Ursaluna|10/100
|-heal|p1b: Sinistcha|100/100|[from] drain|[of] p2b: Ursaluna
|move|p2b: Ursaluna|Hyper Voice|p1b: Sinistcha
|-damage|p1b: Sinistcha|52/100
|
|-fieldend|Misty Terrain
|upkeep
|turn|13
|
|t:|1756869348
|move|p2a: Sneasler|Protect|p2a: Sneasler
|-singleturn|p2a: Sneasler|Protect
|move|p1b: Sinistcha|Matcha Gotcha|p2a: Sneasler|[spread] p2b
|-activate|p2a: Sneasler|move: Protect
|-supereffective|p2b: Ursaluna
|-damage|p2b: Ursaluna|0 fnt
|-heal|p1b: Sinistcha|57/100|[from] drain|[of] p2b: Ursaluna
|faint|p2b: Ursaluna
|
|upkeep
|turn|14
|
|t:|1756869368
|move|p2a: Sneasler|Dire Claw|p1b: Sinistcha
|-damage|p1b: Sinistcha|30/100
|-status|p1b: Sinistcha|psn
|-enditem|p1b: Sinistcha|Sitrus Berry|[eat]
|-heal|p1b: Sinistcha|55/100 psn|[from] item: Sitrus Berry
|move|p1b: Sinistcha|Matcha Gotcha|p2a: Sneasler
|-resisted|p2a: Sneasler
|-damage|p2a: Sneasler|28/100
|-heal|p1b: Sinistcha|67/100 psn|[from] drain|[of] p2a: Sneasler
|
|-damage|p1b: Sinistcha|54/100 psn|[from] psn
|upkeep
|turn|15
|
|t:|1756869382
|move|p2a: Sneasler|Protect|p2a: Sneasler
|-singleturn|p2a: Sneasler|Protect
|move|p1b: Sinistcha|Life Dew|p1b: Sinistcha
|-heal|p1b: Sinistcha|80/100 psn
|
|-damage|p1b: Sinistcha|67/100 psn|[from] psn
|upkeep
|turn|16
|
|t:|1756869401
|move|p2a: Sneasler|Dire Claw|p1b: Sinistcha
|-damage|p1b: Sinistcha|38/100 psn
|move|p1b: Sinistcha|Matcha Gotcha|p2a: Sneasler
|-resisted|p2a: Sneasler
|-damage|p2a: Sneasler|0 fnt
|-heal|p1b: Sinistcha|50/100 psn|[from] drain|[of] p2a: Sneasler
|faint|p2a: Sneasler
|
|win|caevz027
|inactive|caevz027 has 30 seconds to confirm battle start!
|inactive|juansmo has 30 seconds to confirm battle start!
