|j|☆2mero
|j|☆Tbigongue
|html|2meroTbigongue    
|uhtml|bestof|Game 2 of a best-of-3
|t:|1784152735
|gametype|doubles
|player|p1|2mero|waiter|
|player|p2|Tbigongue|youngcouple|
|gen|9
|tier|[Gen 9 Champions] VGC 2026 Reg M-B (Bo3)
|rule|Species Clause: Limit one of each Pokémon
|rule|Item Clause: Limit 1 of each item
|clearpoke
|poke|p1|Lycanroc-Dusk, L50, M|
|poke|p1|Sharpedo, L50, F|
|poke|p1|Ninetales-Alola, L50, M|
|poke|p1|Staraptor, L50, M|
|poke|p1|Slowking-Galar, L50, M|
|poke|p1|Metagross, L50|
|poke|p2|Volcarona, L50, F|
|poke|p2|Sinistcha, L50|
|poke|p2|Malamar, L50, F|
|poke|p2|Meowstic, L50, M|
|poke|p2|Weavile, L50, F|
|poke|p2|Starmie, L50|
|teampreview|4
|showteam|p1|Lycanroc-Dusk||FocusSash|ToughClaws|RockSlide,Accelerock,CloseCombat,Protect|Jolly||M|||50|]Sharpedo||Sharpedonite|SpeedBoost|Protect,Liquidation,Crunch,PsychicFangs|Jolly||F|||50|]Ninetales-Alola||NeverMeltIce|SnowWarning|AuroraVeil,Blizzard,Moonblast,Protect|Modest||M|||50|]Staraptor||ChoiceScarf|Intimidate|BraveBird,CloseCombat,Uturn,FinalGambit|Adamant||M|||50|]Slowking-Galar||ColburBerry|Regenerator|SludgeBomb,Psyshock,Flamethrower,ChillyReception|Calm||M|||50|]Metagross||Metagrossite|ClearBody|IronHead,ZenHeadbutt,IcePunch,Protect|Jolly|||||50|
|showteam|p2|Volcarona||PasshoBerry|FlameBody|QuiverDance,GigaDrain,HeatWave,Protect|Modest||F|||50|]Sinistcha||KasibBerry|Hospitality|RagePowder,MatchaGotcha,StrengthSap,ShadowBall|Relaxed|||||50|]Malamar||SitrusBerry|Contrary|KnockOff,Superpower,TrickRoom,Protect|Adamant||F|||50|]Meowstic||FocusSash|Prankster|FakeOut,Charm,Reflect,Yawn|Bold||M|||50|]Weavile||WhiteHerb|Pressure|FakeOut,BrickBreak,KnockOff,Protect|Jolly||F|||50|]Starmie||Starminite|Illuminate|Thunderbolt,Scald,Protect,FlashCannon|Naive|||||50|
|
|t:|1784152816
|teamsize|p1|4
|teamsize|p2|4
|start
|switch|p1a: Sharpedo|Sharpedo, L50, F|100/100
|switch|p1b: Ninetales|Ninetales-Alola, L50, M|100/100
|switch|p2a: Starmie|Starmie, L50|100/100
|switch|p2b: Weavile|Weavile, L50, F|100/100
|-ability|p2b: Weavile|Pressure
|-weather|Snowscape|[from] ability: Snow Warning|[of] p1b: Ninetales
|turn|1
|
|t:|1784152843
|detailschange|p2a: Starmie|Starmie-Mega, L50
|-mega|p2a: Starmie|Starmie|Starminite
|move|p1a: Sharpedo|Protect|p1a: Sharpedo
|-singleturn|p1a: Sharpedo|Protect
|move|p2a: Starmie|Flash Cannon|p1b: Ninetales
|-supereffective|p1b: Ninetales|2
|-damage|p1b: Ninetales|0 fnt
|faint|p1b: Ninetales
|move|p2b: Weavile|Brick Break|p1a: Sharpedo
|-activate|p1a: Sharpedo|move: Protect
|
|-weather|Snowscape|[upkeep]
|-ability|p1a: Sharpedo|Speed Boost|boost
|-boost|p1a: Sharpedo|spe|1
|upkeep
|
|t:|1784152860
|switch|p1b: Lycanroc|Lycanroc-Dusk, L50, M|100/100
|turn|2
|
|t:|1784152875
|switch|p2b: Sinistcha|Sinistcha, L50|100/100
|detailschange|p1a: Sharpedo|Sharpedo-Mega, L50, F
|-mega|p1a: Sharpedo|Sharpedo|Sharpedonite
|move|p2a: Starmie|Protect|p2a: Starmie
|-singleturn|p2a: Starmie|Protect
|move|p1a: Sharpedo|Crunch|p2a: Starmie
|-activate|p2a: Starmie|move: Protect
|move|p1b: Lycanroc|Close Combat|p2b: Sinistcha
|-immune|p2b: Sinistcha
|
|-weather|Snowscape|[upkeep]
|upkeep
|turn|3
|
|t:|1784152889
|move|p1b: Lycanroc|Protect|p1b: Lycanroc
|-singleturn|p1b: Lycanroc|Protect
|move|p1a: Sharpedo|Crunch|p2b: Sinistcha
|-supereffective|p2b: Sinistcha|1
|-damage|p2b: Sinistcha|4/100
|-unboost|p2b: Sinistcha|def|1
|move|p2a: Starmie|Thunderbolt|p1a: Sharpedo
|-supereffective|p1a: Sharpedo|1
|-damage|p1a: Sharpedo|1/100
|move|p2b: Sinistcha|Matcha Gotcha|p1b: Lycanroc|[spread] p1a
|-activate|p1b: Lycanroc|move: Protect
|-supereffective|p1a: Sharpedo|1
|-damage|p1a: Sharpedo|0 fnt
|-heal|p2b: Sinistcha|5/100|[from] drain|[of] p1a: Sharpedo
|faint|p1a: Sharpedo
|
|-weather|Snowscape|[upkeep]
|upkeep
|
|t:|1784152899
|switch|p1a: Staraptor|Staraptor, L50, M|100/100
|-ability|p1a: Staraptor|Intimidate|boost
|-unboost|p2a: Starmie|atk|1
|-unboost|p2b: Sinistcha|atk|1
|turn|4
|
|t:|1784152933
|move|p2b: Sinistcha|Rage Powder|p2b: Sinistcha
|-singleturn|p2b: Sinistcha|move: Rage Powder
|move|p1a: Staraptor|U-turn|p2b: Sinistcha
|-damage|p2b: Sinistcha|0 fnt
|faint|p2b: Sinistcha
|move|p2a: Starmie|Thunderbolt|p1a: Staraptor
|-supereffective|p1a: Staraptor|1
|-damage|p1a: Staraptor|0 fnt
|faint|p1a: Staraptor
|move|p1b: Lycanroc|Rock Slide|p2a: Starmie
|-damage|p2a: Starmie|56/100
|
|-weather|Snowscape|[upkeep]
|upkeep
|
|t:|1784152944
|switch|p2b: Weavile|Weavile, L50, F|100/100
|-ability|p2b: Weavile|Pressure
|turn|5
|
|t:|1784152948
|move|p2b: Weavile|Fake Out|p1b: Lycanroc
|-resisted|p1b: Lycanroc|1
|-damage|p1b: Lycanroc|88/100
|move|p2a: Starmie|Scald|p1b: Lycanroc
|-supereffective|p1b: Lycanroc|1
|-damage|p1b: Lycanroc|0 fnt
|faint|p1b: Lycanroc
|
|win|Tbigongue
|l|☆2mero
|player|p1|
