|j|☆Lkizzz
|j|☆uglybeast
|html|Lkizzzuglybeast    
|uhtml|bestof|Game 2 of a best-of-3
|t:|1756325397
|gametype|doubles
|player|p1|Lkizzz|swimmer-gen4dp|1198
|player|p2|uglybeast|lucas|1281
|gen|9
|tier|[Gen 9] VGC 2025 Reg H (Bo3)
|rated|
|rule|Species Clause: Limit one of each Pokémon
|rule|Item Clause: Limit 1 of each item
|clearpoke
|poke|p1|Porygon2, L50|
|poke|p1|Ursaluna, L50, M|
|poke|p1|Amoonguss, L50, M|
|poke|p1|Incineroar, L50, F|
|poke|p1|Basculegion, L50, M|
|poke|p1|Dragonite, L50, M|
|poke|p2|Murkrow, L50, F|
|poke|p2|Ursaluna-Bloodmoon, L50, M|
|poke|p2|Sneasler, L50, F|
|poke|p2|Dragapult, L50, F|
|poke|p2|Armarouge, L50, M|
|poke|p2|Indeedee-F, L50, F|
|teampreview|4
|showteam|p1|Porygon2||Eviolite|Download|TrickRoom,Recover,TeraBlast,IceBeam||||||50|,,,,,Flying]Ursaluna||FlameOrb|Guts|Protect,Facade,HeadlongRush,Earthquake|||M|||50|,,,,,Ghost]Amoonguss||RockyHelmet|Regenerator|Protect,Spore,RagePowder,PollenPuff|||M|||50|,,,,,Water]Incineroar||SafetyGoggles|Intimidate|FakeOut,KnockOff,FlareBlitz,PartingShot|||F|||50|,,,,,Ghost]Basculegion||ChoiceScarf|Adaptability|WaveCrash,AquaJet,LastRespects,FlipTurn|||M|||50|,,,,,Water]Dragonite||LoadedDice|Multiscale|Protect,ScaleShot,Haze,Tailwind|||M|||50|,,,,,Fairy
|showteam|p2|Murkrow||Eviolite|Prankster|Haze,SunnyDay,Tailwind,BraveBird|||F|||50|,,,,,Ghost]Ursaluna-Bloodmoon||LifeOrb|MindsEye|BloodMoon,HyperVoice,Protect,EarthPower|||M|||50|,,,,,Normal]Sneasler||PsychicSeed|Unburden|ThroatChop,DireClaw,CloseCombat,Protect|||F|||50|,,,,,Dark]Dragapult||ChoiceBand|ClearBody|DragonDarts,Outrage,Uturn,PhantomForce|||F|||50|,,,,,Dragon]Armarouge||PowerHerb|FlashFire|HeatWave,MeteorBeam,ExpandingForce,Protect|||M|||50|,,,,,Grass]Indeedee-F||RockyHelmet|PsychicSurge|DazzlingGleam,FollowMe,HelpingHand,TrickRoom|||F|||50|,,,,,Grass
|j| 13XH
|inactive|Battle timer is ON: inactive players will automatically lose when time's up. (requested by Lkizzz)
|
|t:|1756325438
|teamsize|p1|4
|teamsize|p2|4
|start
|switch|p1a: Dragonite|Dragonite, L50, M|100/100
|switch|p1b: Big G|Incineroar, L50, F|100/100
|switch|p2a: Blade|Indeedee-F, L50, F|100/100
|switch|p2b: Giandam|Armarouge, L50, M|100/100
|-ability|p1b: Big G|Intimidate|boost
|-unboost|p2a: Blade|atk|1
|-unboost|p2b: Giandam|atk|1
|-fieldstart|move: Psychic Terrain|[from] ability: Psychic Surge|[of] p2a: Blade
|turn|1
|
|t:|1756325450
|switch|p1b: Ursaluna|Ursaluna, L50, M|100/100
|move|p2b: Giandam|Protect|p2b: Giandam
|-singleturn|p2b: Giandam|Protect
|move|p1a: Dragonite|Scale Shot|p2a: Blade
|-damage|p2a: Blade|87/100
|-damage|p2a: Blade|75/100
|-damage|p2a: Blade|60/100
|-damage|p2a: Blade|48/100
|-damage|p2a: Blade|36/100
|-hitcount|p2a: Blade|5
|-unboost|p1a: Dragonite|def|1
|-boost|p1a: Dragonite|spe|1
|move|p2a: Blade|Dazzling Gleam|p1a: Dragonite|[spread] p1a,p1b
|-supereffective|p1a: Dragonite
|-damage|p1a: Dragonite|86/100
|-damage|p1b: Ursaluna|88/100
|
|-status|p1b: Ursaluna|brn|[from] item: Flame Orb
|upkeep
|turn|2
|inactive|Lkizzz has 30 seconds left.
|inactive|uglybeast has 30 seconds left.
|inactive|uglybeast has 20 seconds left.
|inactive|Lkizzz has 20 seconds left.
|inactive|uglybeast has 15 seconds left.
|inactive|Lkizzz has 15 seconds left.
|inactive|uglybeast has 10 seconds left.
|inactive|Lkizzz has 10 seconds left.
|inactive|uglybeast has 5 seconds left.
|
|t:|1756325503
|move|p2a: Blade|Follow Me|p2a: Blade
|-singleturn|p2a: Blade|move: Follow Me
|move|p1a: Dragonite|Tailwind|p1a: Dragonite
|-sidestart|p1: Lkizzz|move: Tailwind
|move|p1b: Ursaluna|Earthquake|p2a: Blade|[spread] p2a,p2b
|-immune|p1a: Dragonite
|-crit|p2a: Blade
|-supereffective|p2b: Giandam
|-damage|p2a: Blade|0 fnt
|-damage|p2b: Giandam|0 fnt
|faint|p2a: Blade
|faint|p2b: Giandam
|
|-damage|p1b: Ursaluna|82/100 brn|[from] brn
|upkeep
|
|t:|1756325513
|switch|p2b: Anagnoman|Sneasler, L50, F|100/100
|switch|p2a: Paschalis|Ursaluna-Bloodmoon, L50, M|100/100
|-enditem|p2b: Anagnoman|Psychic Seed
|-boost|p2b: Anagnoman|spd|1|[from] item: Psychic Seed
|turn|3
|inactive|uglybeast has 30 seconds left.
|inactive|uglybeast has 20 seconds left.
|
|t:|1756325548
|switch|p1b: Big G|Incineroar, L50, F|100/100
|-ability|p1b: Big G|Intimidate|boost
|-unboost|p2a: Paschalis|atk|1
|-unboost|p2b: Anagnoman|atk|1
|-terastallize|p2b: Anagnoman|Dark
|move|p1a: Dragonite|Scale Shot|p2b: Anagnoman
|-damage|p2b: Anagnoman|75/100
|-damage|p2b: Anagnoman|51/100
|-damage|p2b: Anagnoman|27/100
|-damage|p2b: Anagnoman|4/100
|-hitcount|p2b: Anagnoman|4
|-unboost|p1a: Dragonite|def|1
|-boost|p1a: Dragonite|spe|1
|move|p2b: Anagnoman|Throat Chop|p1b: Big G
|-resisted|p1b: Big G
|-damage|p1b: Big G|85/100
|-start|p1b: Big G|Throat Chop|[silent]
|move|p2a: Paschalis|Blood Moon|p1b: Big G
|-damage|p1b: Big G|0 fnt
|faint|p1b: Big G
|-damage|p2a: Paschalis|91/100|[from] item: Life Orb
|
|upkeep
|inactive|Lkizzz has 30 seconds left.
|
|t:|1756325573
|switch|p1b: Basculegion|Basculegion, L50, M|100/100
|turn|4
|inactive|Lkizzz has 30 seconds left.
|
|t:|1756325599
|-terastallize|p1b: Basculegion|Water
|move|p2b: Anagnoman|Protect|p2b: Anagnoman
|-singleturn|p2b: Anagnoman|Protect
|move|p2a: Paschalis|Protect|p2a: Paschalis
|-singleturn|p2a: Paschalis|Protect
|move|p1a: Dragonite|Scale Shot|p2b: Anagnoman
|-activate|p2b: Anagnoman|move: Protect
|move|p1b: Basculegion|Flip Turn|p2b: Anagnoman
|-activate|p2b: Anagnoman|move: Protect
|
|upkeep
|turn|5
|
|t:|1756325614
|move|p2b: Anagnoman|Protect||[still]
|-fail|p2b: Anagnoman
|move|p2a: Paschalis|Protect||[still]
|-fail|p2a: Paschalis
|move|p1a: Dragonite|Scale Shot|p2b: Anagnoman
|-damage|p2b: Anagnoman|0 fnt
|faint|p2b: Anagnoman
|-hitcount|p2: Anagnoman|1
|-unboost|p1a: Dragonite|def|1
|-boost|p1a: Dragonite|spe|1
|move|p1b: Basculegion|Flip Turn|p2a: Paschalis
|-supereffective|p2a: Paschalis
|-damage|p2a: Paschalis|15/100
|
|t:|1756325628
|switch|p1b: Ursaluna|Ursaluna, L50, M|82/100 brn|[from] Flip Turn
|
|-damage|p1b: Ursaluna|76/100 brn|[from] brn
|-sideend|p1: Lkizzz|move: Tailwind
|-fieldend|move: Psychic Terrain
|upkeep
|turn|6
|
|t:|1756325631
|move|p1a: Dragonite|Tailwind|p1a: Dragonite
|-sidestart|p1: Lkizzz|move: Tailwind
|move|p1b: Ursaluna|Facade|p2a: Paschalis
|-damage|p2a: Paschalis|0 fnt
|faint|p2a: Paschalis
|
|win|Lkizzz
||Lkizzz is ready for game 3.
||uglybeast is ready for game 3.
|uhtml|next|Next: Game 3 of 3
|l|☆uglybeast
|player|p2|
|l|☆Lkizzz
|player|p1|
|j|☆uglybeast
|player|p2|uglybeast|lucas|
