|j|☆mikelpoyarzabal
|j|☆CoolMeDownB
|html|mikelpoyarzabalCoolMeDownB    
|uhtml|bestof|Game 2 of a best-of-3
|t:|1784751674
|gametype|doubles
|player|p1|mikelpoyarzabal|arven-s|1277
|player|p2|CoolMeDownB|crasherwake|1176
|gen|9
|tier|[Gen 9 Champions] VGC 2026 Reg M-B (Bo3)
|rated|
|rule|Species Clause: Limit one of each Pokémon
|rule|Item Clause: Limit 1 of each item
|clearpoke
|poke|p1|Tyranitar, L50, F|
|poke|p1|Excadrill, L50, M|
|poke|p1|Gholdengo, L50|
|poke|p1|Milotic, L50, F|
|poke|p1|Sinistcha, L50|
|poke|p1|Staraptor, L50, M|
|poke|p2|Staraptor, L50, M, shiny|
|poke|p2|Incineroar, L50, F, shiny|
|poke|p2|Sinistcha, L50|
|poke|p2|Aerodactyl, L50, M|
|poke|p2|Sneasler, L50, F|
|poke|p2|Sylveon, L50, M, shiny|
|teampreview|4
|showteam|p1|Tyranitar||Tyranitarite|SandStream|RockSlide,KnockOff,LowKick,Protect|Jolly||F|||50|]Excadrill||FocusSash|SandRush|HighHorsepower,IronHead,RockSlide,Protect|Adamant||M|||50|]Gholdengo||LifeOrb|GoodasGold|ShadowBall,MakeItRain,NastyPlot,Protect|Modest|||||50|]Milotic||SitrusBerry|Competitive|Scald,IceBeam,IcyWind,Protect|Calm||F|||50|]Sinistcha||ColburBerry|Hospitality|MatchaGotcha,ShadowBall,RagePowder,Protect|Bold|||||50|]Staraptor||Staraptite|Intimidate|BraveBird,CloseCombat,Tailwind,Protect|Jolly||M|||50|
|showteam|p2|Staraptor||Staraptite|Intimidate|BraveBird,CloseCombat,Protect,Roost|Jolly||M|||50|]Incineroar||SitrusBerry|Intimidate|FlareBlitz,FakeOut,PartingShot,ThroatChop|Careful||F|||50|]Sinistcha||KasibBerry|Hospitality|MatchaGotcha,RagePowder,LifeDew,StrengthSap|Bold|||||50|]Aerodactyl||Aerodactylite|Unnerve|RockSlide,DualWingbeat,Crunch,WideGuard|Jolly||M|||50|]Sneasler||WhiteHerb|Unburden|CloseCombat,DireClaw,SwordsDance,FakeOut|Jolly||F|||50|]Sylveon||FairyFeather|Pixilate|HyperVoice,HyperBeam,QuickAttack,Detect|Modest||M|||50|
|inactive|Battle timer is ON: inactive players will automatically lose when time's up. (requested by mikelpoyarzabal)
|inactive|mikelpoyarzabal has 60 seconds left.
|
|t:|1784751705
|teamsize|p1|4
|teamsize|p2|4
|start
|switch|p1a: Milotic|Milotic, L50, F|100/100
|switch|p1b: Gholdengo|Gholdengo, L50|100/100
|switch|p2a: Sylveon|Sylveon, L50, M, shiny|100/100
|switch|p2b: Sinistcha|Sinistcha, L50|100/100
|turn|1
|
|t:|1784751714
|move|p1a: Milotic|Protect|p1a: Milotic
|-singleturn|p1a: Milotic|Protect
|move|p1b: Gholdengo|Nasty Plot|p1b: Gholdengo
|-boost|p1b: Gholdengo|spa|2
|move|p2b: Sinistcha|Matcha Gotcha|p1b: Gholdengo|[spread] p1b
|-activate|p1a: Milotic|move: Protect
|-resisted|p1b: Gholdengo|1
|-damage|p1b: Gholdengo|86/100
|move|p2a: Sylveon|Hyper Voice|p1b: Gholdengo|[spread] p1b
|-activate|p1a: Milotic|move: Protect
|-resisted|p1b: Gholdengo|1
|-damage|p1b: Gholdengo|56/100
|
|upkeep
|turn|2
|
|t:|1784751725
|switch|p1a: Staraptor|Staraptor, L50, M|100/100
|-ability|p1a: Staraptor|Intimidate|boost
|-unboost|p2a: Sylveon|atk|1
|-unboost|p2b: Sinistcha|atk|1
|move|p2a: Sylveon|Detect|p2a: Sylveon
|-singleturn|p2a: Sylveon|Protect
|move|p1b: Gholdengo|Make It Rain|p2a: Sylveon|[spread] p2b
|-activate|p2a: Sylveon|move: Protect
|-damage|p2b: Sinistcha|0 fnt
|-unboost|p1b: Gholdengo|spa|2
|faint|p2b: Sinistcha
|-damage|p1b: Gholdengo|47/100|[from] item: Life Orb
|
|upkeep
|
|t:|1784751730
|switch|p2b: Incineroar|Incineroar, L50, F, shiny|100/100
|-ability|p2b: Incineroar|Intimidate|boost
|-unboost|p1a: Staraptor|atk|1
|-unboost|p1b: Gholdengo|atk|1
|turn|3
|
|t:|1784751748
|move|p1b: Gholdengo|Protect|p1b: Gholdengo
|-singleturn|p1b: Gholdengo|Protect
|move|p2b: Incineroar|Fake Out|p1a: Staraptor
|-damage|p1a: Staraptor|86/100
|cant|p1a: Staraptor|flinch
|move|p2a: Sylveon|Hyper Beam|p1b: Gholdengo
|-activate|p1b: Gholdengo|move: Protect
|
|upkeep
|turn|4
|
|t:|1784751769
|switch|p1b: Milotic|Milotic, L50, F|100/100
|switch|p2b: Staraptor|Staraptor, L50, M, shiny|100/100
|-ability|p2b: Staraptor|Intimidate|boost
|-unboost|p1a: Staraptor|atk|1
|-unboost|p1b: Milotic|atk|1
|-ability|p1b: Milotic|Competitive|boost
|-boost|p1b: Milotic|spa|2
|detailschange|p1a: Staraptor|Staraptor-Mega, L50, M
|-mega|p1a: Staraptor|Staraptor|Staraptite
|move|p1a: Staraptor|Close Combat|p2b: Staraptor
|-damage|p2b: Staraptor|61/100
|-boost|p1a: Staraptor|def|1
|-boost|p1a: Staraptor|spd|1
|move|p2a: Sylveon|Hyper Beam|p1b: Milotic
|-damage|p1b: Milotic|28/100
|-mustrecharge|p2a: Sylveon
|-enditem|p1b: Milotic|Sitrus Berry|[eat]
|-heal|p1b: Milotic|52/100|[from] item: Sitrus Berry
|
|upkeep
|turn|5
|
|t:|1784751788
|switch|p1a: Tyranitar|Tyranitar, L50, F|100/100
|-weather|Sandstorm|[from] ability: Sand Stream|[of] p1a: Tyranitar
|detailschange|p2b: Staraptor|Staraptor-Mega, L50, M, shiny
|-mega|p2b: Staraptor|Staraptor|Staraptite
|move|p2b: Staraptor|Brave Bird|p1b: Milotic
|-damage|p1b: Milotic|0 fnt
|faint|p1b: Milotic
|-damage|p2b: Staraptor|43/100|[from] Recoil
|cant|p2a: Sylveon|recharge
|
|-weather|Sandstorm|[upkeep]
|-damage|p2b: Staraptor|37/100|[from] Sandstorm
|-damage|p2a: Sylveon|94/100|[from] Sandstorm
|upkeep
|
|t:|1784751802
|switch|p1b: Staraptor|Staraptor-Mega, L50, M|86/100
|turn|6
|
|t:|1784751821
|move|p1b: Staraptor|Protect|p1b: Staraptor
|-singleturn|p1b: Staraptor|Protect
|move|p2b: Staraptor|Close Combat|p1a: Tyranitar
|-supereffective|p1a: Tyranitar|2
|-damage|p1a: Tyranitar|0 fnt
|-boost|p2b: Staraptor|def|1
|-boost|p2b: Staraptor|spd|1
|faint|p1a: Tyranitar
|move|p2a: Sylveon|Hyper Beam|p1b: Staraptor
|-activate|p1b: Staraptor|move: Protect
|
|-weather|Sandstorm|[upkeep]
|-damage|p2b: Staraptor|31/100|[from] Sandstorm
|-damage|p1b: Staraptor|80/100|[from] Sandstorm
|-damage|p2a: Sylveon|88/100|[from] Sandstorm
|upkeep
|
|t:|1784751826
|switch|p1a: Gholdengo|Gholdengo, L50|47/100
|turn|7
|
|t:|1784751834
|move|p2b: Staraptor|Brave Bird|p1b: Staraptor
|-supereffective|p1b: Staraptor|1
|-crit|p1b: Staraptor
|-damage|p1b: Staraptor|0 fnt
|faint|p1b: Staraptor
|-damage|p2b: Staraptor|4/100|[from] Recoil
|move|p1a: Gholdengo|Make It Rain|p2b: Staraptor|[spread] p2b
|-miss|p1a: Gholdengo|p2a: Sylveon
|-damage|p2b: Staraptor|0 fnt
|-unboost|p1a: Gholdengo|spa|2
|faint|p2b: Staraptor
|-damage|p1a: Gholdengo|37/100|[from] item: Life Orb
|move|p2a: Sylveon|Hyper Voice|p1a: Gholdengo
|-resisted|p1a: Gholdengo|1
|-damage|p1a: Gholdengo|1/100
|
|-weather|Sandstorm|[upkeep]
|-damage|p2a: Sylveon|82/100|[from] Sandstorm
|upkeep
|-message|mikelpoyarzabal forfeited.
|
|win|CoolMeDownB
