|j|☆saboyita
|j|☆redxsteiner
|html|saboyitaredxsteiner    
|uhtml|bestof|Game 1 of a best-of-3
|t:|1756232925
|gametype|doubles
|player|p1|saboyita|grimsley|1136
|player|p2|redxsteiner|n|1214
|gen|9
|tier|[Gen 9] VGC 2025 Reg H (Bo3)
|rated|
|rule|Species Clause: Limit one of each Pokémon
|rule|Item Clause: Limit 1 of each item
|clearpoke
|poke|p1|Amoonguss, L50, M|
|poke|p1|Hydreigon, L50, M|
|poke|p1|Whimsicott, L50, F|
|poke|p1|Maushold-Four, L50|
|poke|p1|Annihilape, L50, F|
|poke|p1|Ursaluna-Bloodmoon, L50, M|
|poke|p2|Sneasler, L50, M|
|poke|p2|Gholdengo, L50|
|poke|p2|Tyranitar, L50, F|
|poke|p2|Incineroar, L50, M|
|poke|p2|Amoonguss, L50, F|
|poke|p2|Rillaboom, L50, M|
|teampreview|4
|showteam|p1|Amoonguss||RockyHelmet|Regenerator|PollenPuff,Spore,RagePowder,Protect|||M|||50|,,,,,Water]Hydreigon||ChoiceSpecs|Levitate|HeatWave,DarkPulse,DragonPulse,DracoMeteor|||M|||50|,,,,,Fire]Whimsicott||CovertCloak|Prankster|Moonblast,HelpingHand,Tailwind,Encore|||F|||50|,,,,,Dark]Maushold-Four||WideLens|Technician|PopulationBomb,Taunt,FollowMe,Protect||||||50|,,,,,Ghost]Annihilape||Leftovers|Defiant|RageFist,DrainPunch,BulkUp,Protect|||F|||50|,,,,,Fire]Ursaluna-Bloodmoon||LifeOrb|MindsEye|HyperVoice,EarthPower,BloodMoon,Protect|||M|||50|,,,,,Water
|showteam|p2|Sneasler||FocusSash|PoisonTouch|DireClaw,CloseCombat,FakeOut,Protect|||M|||50|,,,,,Stellar]Gholdengo||GrassySeed|GoodasGold|MakeItRain,ShadowBall,NastyPlot,Protect||||||50|,,,,,Water]Tyranitar||AssaultVest|SandStream|RockSlide,KnockOff,LowKick,TeraBlast|||F|||50|,,,,,Flying]Incineroar||SafetyGoggles|Intimidate|FlareBlitz,KnockOff,FakeOut,PartingShot|||M|||50|,,,,,Ghost]Amoonguss||SitrusBerry|Regenerator|ClearSmog,PollenPuff,Spore,RagePowder|||F|||50|,,,,,Water]Rillaboom||MiracleSeed|GrassySurge|WoodHammer,GrassyGlide,HighHorsepower,FakeOut|||M|||50|,,,,,Fire
|inactive|Battle timer is ON: inactive players will automatically lose when time's up. (requested by redxsteiner)
|inactive|saboyita also wants the timer to be on.
|inactive|saboyita has 60 seconds left.
|inactive|redxsteiner has 60 seconds left.
|inactive|saboyita has 30 seconds left.
|inactive|saboyita has 20 seconds left.
|inactive|saboyita has 15 seconds left.
|inactive|saboyita has 10 seconds left.
|
|t:|1756233009
|teamsize|p1|4
|teamsize|p2|4
|start
|switch|p1a: Whimsicott|Whimsicott, L50, F|100/100
|switch|p1b: Maushold|Maushold-Four, L50|100/100
|switch|p2a: Gholdengo|Gholdengo, L50|100/100
|switch|p2b: Amoonguss|Amoonguss, L50, F, shiny|100/100
|turn|1
|inactive|saboyita has 30 seconds left.
|
|t:|1756233038
|switch|p2b: Rillaboom|Rillaboom, L50, M|100/100
|-fieldstart|move: Grassy Terrain|[from] ability: Grassy Surge|[of] p2b: Rillaboom
|-enditem|p2a: Gholdengo|Grassy Seed
|-boost|p2a: Gholdengo|def|1|[from] item: Grassy Seed
|move|p1a: Whimsicott|Tailwind|p1a: Whimsicott
|-sidestart|p1: saboyita|move: Tailwind
|move|p1b: Maushold|Population Bomb|p2b: Rillaboom
|-damage|p2b: Rillaboom|90/100
|-damage|p2b: Rillaboom|80/100
|-damage|p2b: Rillaboom|70/100
|-damage|p2b: Rillaboom|59/100
|-damage|p2b: Rillaboom|49/100
|-damage|p2b: Rillaboom|39/100
|-damage|p2b: Rillaboom|29/100
|-damage|p2b: Rillaboom|18/100
|-damage|p2b: Rillaboom|7/100
|-damage|p2b: Rillaboom|0 fnt
|faint|p2b: Rillaboom
|-hitcount|p2: Rillaboom|10
|move|p2a: Gholdengo|Nasty Plot|p2a: Gholdengo
|-boost|p2a: Gholdengo|spa|2
|
|upkeep
|
|t:|1756233049
|switch|p2b: Sneasler|Sneasler, L50, M, shiny|100/100
|turn|2
|inactive|saboyita has 30 seconds left.
|inactive|saboyita has 20 seconds left.
|
|t:|1756233087
|move|p1b: Maushold|Protect|p1b: Maushold
|-singleturn|p1b: Maushold|Protect
|move|p2b: Sneasler|Protect|p2b: Sneasler
|-singleturn|p2b: Sneasler|Protect
|move|p1a: Whimsicott|Moonblast|p2b: Sneasler
|-activate|p2b: Sneasler|move: Protect
|move|p2a: Gholdengo|Make It Rain|p1a: Whimsicott|[spread] p1a
|-activate|p1b: Maushold|move: Protect
|-supereffective|p1a: Whimsicott
|-damage|p1a: Whimsicott|0 fnt
|-unboost|p2a: Gholdengo|spa|1
|faint|p1a: Whimsicott
|
|upkeep
|
|t:|1756233103
|switch|p1a: Hydreigon|Hydreigon, L50, M|100/100
|turn|3
|
|t:|1756233120
|switch|p2b: Amoonguss|Amoonguss, L50, F, shiny|100/100
|move|p2a: Gholdengo|Protect|p2a: Gholdengo
|-singleturn|p2a: Gholdengo|Protect
|move|p1b: Maushold|Population Bomb|p2b: Amoonguss
|-damage|p2b: Amoonguss|89/100
|-damage|p2b: Amoonguss|79/100
|-crit|p2b: Amoonguss
|-damage|p2b: Amoonguss|61/100
|-damage|p2b: Amoonguss|50/100
|-enditem|p2b: Amoonguss|Sitrus Berry|[eat]
|-heal|p2b: Amoonguss|75/100|[from] item: Sitrus Berry
|-damage|p2b: Amoonguss|64/100
|-damage|p2b: Amoonguss|53/100
|-damage|p2b: Amoonguss|42/100
|-damage|p2b: Amoonguss|31/100
|-hitcount|p2b: Amoonguss|8
|move|p1a: Hydreigon|Draco Meteor|p2a: Gholdengo
|-activate|p2a: Gholdengo|move: Protect
|
|-heal|p2b: Amoonguss|37/100|[from] Grassy Terrain
|upkeep
|turn|4
|inactive|saboyita has 30 seconds left.
|inactive|saboyita has 20 seconds left.
|inactive|saboyita has 15 seconds left.
|
|t:|1756233163
|switch|p1a: Annihilape|Annihilape, L50, F|100/100
|move|p1b: Maushold|Protect|p1b: Maushold
|-singleturn|p1b: Maushold|Protect
|move|p2b: Amoonguss|Rage Powder|p2b: Amoonguss
|-singleturn|p2b: Amoonguss|move: Rage Powder
|move|p2a: Gholdengo|Nasty Plot|p2a: Gholdengo
|-boost|p2a: Gholdengo|spa|2
|
|-heal|p2b: Amoonguss|43/100|[from] Grassy Terrain
|-sideend|p1: saboyita|move: Tailwind
|upkeep
|turn|5
|inactive|saboyita has 30 seconds left.
|inactive|saboyita has 20 seconds left.
|inactive|saboyita has 15 seconds left.
|inactive|saboyita has 10 seconds left.
|
|t:|1756233212
|-terastallize|p2a: Gholdengo|Water
|-terastallize|p1a: Annihilape|Fire
|move|p1b: Maushold|Protect||[still]
|-fail|p1b: Maushold
|move|p2b: Amoonguss|Rage Powder|p2b: Amoonguss
|-singleturn|p2b: Amoonguss|move: Rage Powder
|move|p2a: Gholdengo|Make It Rain|p1b: Maushold|[spread] p1a,p1b
|-resisted|p1a: Annihilape
|-damage|p1a: Annihilape|45/100
|-damage|p1b: Maushold|0 fnt
|-unboost|p2a: Gholdengo|spa|1
|faint|p1b: Maushold
|move|p1a: Annihilape|Rage Fist|p2b: Amoonguss
|-damage|p2b: Amoonguss|0 fnt
|faint|p2b: Amoonguss
|
|-heal|p1a: Annihilape|51/100|[from] Grassy Terrain
|-heal|p1a: Annihilape|57/100|[from] item: Leftovers
|-fieldend|move: Grassy Terrain
|upkeep
|
|t:|1756233229
|switch|p1b: Hydreigon|Hydreigon, L50, M|100/100
|switch|p2b: Sneasler|Sneasler, L50, M, shiny|100/100
|turn|6
|
|t:|1756233240
|move|p2b: Sneasler|Fake Out|p1b: Hydreigon
|-damage|p1b: Hydreigon|85/100
|-status|p1b: Hydreigon|psn|[from] ability: Poison Touch|[of] p2b: Sneasler
|cant|p1b: Hydreigon|flinch
|move|p2a: Gholdengo|Make It Rain|p1b: Hydreigon|[spread] p1a,p1b
|-resisted|p1a: Annihilape
|-damage|p1a: Annihilape|15/100
|-damage|p1b: Hydreigon|0 fnt
|-unboost|p2a: Gholdengo|spa|1
|faint|p1b: Hydreigon
|move|p1a: Annihilape|Drain Punch|p2b: Sneasler
|-resisted|p2b: Sneasler
|-damage|p2b: Sneasler|66/100
|-heal|p1a: Annihilape|28/100|[from] drain|[of] p2b: Sneasler
|
|-heal|p1a: Annihilape|34/100|[from] item: Leftovers
|upkeep
|turn|7
|
|t:|1756233258
|move|p2b: Sneasler|Close Combat|p1a: Annihilape
|-damage|p1a: Annihilape|0 fnt
|-unboost|p2b: Sneasler|def|1
|-unboost|p2b: Sneasler|spd|1
|faint|p1a: Annihilape
|
|win|redxsteiner
||saboyita is ready for game 2.
||redxsteiner is ready for game 2.
|uhtml|next|Next: Game 2 of 3
