|j|☆Aquarior_testing1
|j|☆MaruchanDeGato
|html|Aquarior_testing1MaruchanDeGato    
|uhtml|bestof|Game 2 of a best-of-3
|t:|1783038754
|gametype|doubles
|player|p1|Aquarior_testing1|mustard-master|1223
|player|p2|MaruchanDeGato|blue|1138
|gen|9
|tier|[Gen 9 Champions] VGC 2026 Reg M-B (Bo3)
|rated|
|rule|Species Clause: Limit one of each Pokémon
|rule|Item Clause: Limit 1 of each item
|clearpoke
|poke|p1|Kingambit, L50, M|
|poke|p1|Charizard, L50, M|
|poke|p1|Aerodactyl, L50, F|
|poke|p1|Farigiraf, L50, M|
|poke|p1|Garchomp, L50, F|
|poke|p1|Sylveon, L50, M|
|poke|p2|Metagross, L50, shiny|
|poke|p2|Sneasler, L50, F|
|poke|p2|Hydreigon, L50, F|
|poke|p2|Incineroar, L50, M, shiny|
|poke|p2|Aerodactyl, L50, F, shiny|
|poke|p2|Floette-Eternal, L50, F, shiny|
|teampreview|4
|showteam|p1|Kingambit||FocusSash|Defiant|KowtowCleave,SuckerPunch,IronHead,LowKick|Adamant||M|||50|]Charizard||CharizarditeY|Blaze|HeatWave,WeatherBall,SolarBeam,Protect|Serious||M|||50|]Aerodactyl||Aerodactylite|Unnerve|RockSlide,DualWingbeat,IceFang,Tailwind|Jolly||F|||50|]Farigiraf||SitrusBerry|ArmorTail|Psychic,Thunderbolt,TrickRoom,Protect|Bold||M|||50|]Garchomp||LifeOrb|RoughSkin|Earthquake,StompingTantrum,DragonClaw,Protect|Jolly||F|||50|]Sylveon||FairyFeather|Pixilate|HyperVoice,HyperBeam,QuickAttack,Detect|Modest||M|||50|
|showteam|p2|Metagross||Metagrossite|ClearBody|PsychicFangs,BodyPress,IronHead,Protect|Jolly|||||50|]Sneasler||WhiteHerb|Unburden|DireClaw,FakeOut,CloseCombat,Coaching|Jolly||F|||50|]Hydreigon||ChoiceScarf|Levitate|DracoMeteor,DarkPulse,Snarl,Flamethrower|Modest||F|||50|]Incineroar||PasshoBerry|Intimidate|PartingShot,FakeOut,DarkestLariat,FlareBlitz|Careful||M|||50|]Aerodactyl||FocusSash|Unnerve|RockSlide,DualWingbeat,Tailwind,WideGuard|Jolly||F|||50|]Floette-Eternal||Floettite|FlowerVeil|DrainingKiss,DazzlingGleam,CalmMind,Protect|Serious||F|||50|
|inactive|Battle timer is ON: inactive players will automatically lose when time's up. (requested by Aquarior_testing1)
|
|t:|1783038785
|teamsize|p1|4
|teamsize|p2|4
|start
|switch|p1a: Aerodactyl|Aerodactyl, L50, F|100/100
|switch|p1b: Kingambit|Kingambit, L50, M|100/100
|switch|p2a: Aerodactyl|Aerodactyl, L50, F, shiny|100/100
|switch|p2b: Metagross|Metagross, L50, shiny|100/100
|-ability|p1a: Aerodactyl|Unnerve
|-ability|p2a: Aerodactyl|Unnerve
|turn|1
|
|t:|1783038809
|detailschange|p1a: Aerodactyl|Aerodactyl-Mega, L50, F
|-mega|p1a: Aerodactyl|Aerodactyl|Aerodactylite
|detailschange|p2b: Metagross|Metagross-Mega, L50, shiny
|-mega|p2b: Metagross|Metagross|Metagrossite
|move|p1a: Aerodactyl|Tailwind|p1a: Aerodactyl
|-sidestart|p1: Aquarior_testing1|move: Tailwind
|move|p1b: Kingambit|Iron Head|p2a: Aerodactyl
|-supereffective|p2a: Aerodactyl|1
|-enditem|p2a: Aerodactyl|Focus Sash
|-damage|p2a: Aerodactyl|1/100
|move|p2a: Aerodactyl|Rock Slide|p1b: Kingambit|[spread] p1a
|-miss|p2a: Aerodactyl|p1b: Kingambit
|-supereffective|p1a: Aerodactyl|1
|-crit|p1a: Aerodactyl
|-damage|p1a: Aerodactyl|9/100
|move|p2b: Metagross|Body Press|p1b: Kingambit
|-supereffective|p1b: Kingambit|2
|-enditem|p1b: Kingambit|Focus Sash
|-damage|p1b: Kingambit|1/100
|
|upkeep
|turn|2
|inactive|MaruchanDeGato has 30 seconds left.
|inactive|MaruchanDeGato has 20 seconds left.
|inactive|MaruchanDeGato has 15 seconds left.
|inactive|MaruchanDeGato has 10 seconds left.
|
|t:|1783038858
|move|p1a: Aerodactyl|Rock Slide|p2a: Aerodactyl|[spread] p2a
|-miss|p1a: Aerodactyl|p2b: Metagross
|-supereffective|p2a: Aerodactyl|1
|-crit|p2a: Aerodactyl
|-damage|p2a: Aerodactyl|0 fnt
|faint|p2a: Aerodactyl
|move|p1b: Kingambit|Kowtow Cleave|p2b: Metagross
|-supereffective|p2b: Metagross|1
|-damage|p2b: Metagross|15/100
|move|p2b: Metagross|Psychic Fangs|p1a: Aerodactyl
|-damage|p1a: Aerodactyl|0 fnt
|faint|p1a: Aerodactyl
|
|upkeep
|
|t:|1783038870
|switch|p1a: Garchomp|Garchomp, L50, F|100/100
|switch|p2a: Incineroar|Incineroar, L50, M, shiny|100/100
|-ability|p2a: Incineroar|Intimidate|boost
|-unboost|p1a: Garchomp|atk|1
|-unboost|p1b: Kingambit|atk|1
|-ability|p1b: Kingambit|Defiant|boost
|-boost|p1b: Kingambit|atk|2
|turn|3
|
|t:|1783038884
|switch|p1b: Farigiraf|Farigiraf, L50, M|100/100
|move|p2b: Metagross|Protect|p2b: Metagross
|-singleturn|p2b: Metagross|Protect
|move|p1a: Garchomp|Stomping Tantrum|p2a: Incineroar
|-supereffective|p2a: Incineroar|1
|-damage|p2a: Incineroar|44/100
|-damage|p1a: Garchomp|90/100|[from] item: Life Orb
|move|p2a: Incineroar|Darkest Lariat|p1b: Farigiraf
|-supereffective|p1b: Farigiraf|1
|-damage|p1b: Farigiraf|51/100
|
|upkeep
|turn|4
|inactive|MaruchanDeGato has 30 seconds left.
|
|t:|1783038915
|move|p1b: Farigiraf|Protect|p1b: Farigiraf
|-singleturn|p1b: Farigiraf|Protect
|move|p1a: Garchomp|Earthquake|p2a: Incineroar|[spread] p2a,p2b
|-activate|p1b: Farigiraf|move: Protect
|-supereffective|p2a: Incineroar|1
|-supereffective|p2b: Metagross|1
|-damage|p2a: Incineroar|0 fnt
|-damage|p2b: Metagross|0 fnt
|faint|p2a: Incineroar
|faint|p2b: Metagross
|-damage|p1a: Garchomp|80/100|[from] item: Life Orb
|
|-sideend|p1: Aquarior_testing1|move: Tailwind
|upkeep
|
|t:|1783038919
|switch|p2b: Sneasler|Sneasler, L50, F|100/100
|turn|5
|-message|MaruchanDeGato forfeited.
|raw|Aquarior_testing1's rating: 1223 → 1242(+19 for winning)
|raw|MaruchanDeGato's rating: 1138 → 1119(-19 for losing)
|
|win|Aquarior_testing1
|l|☆MaruchanDeGato
|player|p2|
