|badge|p2|silver|gen9ou|30-6
|uhtml|medal-msg|Curious what those medals under the avatar are? PS now has Ladder Seasons! For more information, check out the thread on Smogon.
|j|☆Slowjow
|j|☆JackRG1
|html|SlowjowJackRG1    
|uhtml|bestof|Game 1 of a best-of-3
|t:|1757794691
|gametype|doubles
|player|p1|Slowjow|102|1214
|player|p2|JackRG1|dawn-gen4pt|1203
|gen|9
|tier|[Gen 9] VGC 2025 Reg H (Bo3)
|rated|
|rule|Species Clause: Limit one of each Pokémon
|rule|Item Clause: Limit 1 of each item
|clearpoke
|poke|p1|Gliscor, L50, M|
|poke|p1|Electabuzz, L50, M|
|poke|p1|Tauros-Paldea-Blaze, L50, M|
|poke|p1|Gastrodon, L50, F|
|poke|p1|Kingambit, L50, F|
|poke|p1|Ninetales-Alola, L50, F|
|poke|p2|Tyranitar, L50, F|
|poke|p2|Excadrill, L50, M|
|poke|p2|Corviknight, L50, M|
|poke|p2|Glimmora, L50, F|
|poke|p2|Indeedee-F, L50, F|
|poke|p2|Hatterene, L50, F|
|teampreview|4
|showteam|p1|Gliscor||ToxicOrb|PoisonHeal|HighHorsepower,DualWingbeat,SwordsDance,Protect|||M|||50|,,,,,Water]Electabuzz||Eviolite|VitalSpirit|Electroweb,Taunt,FollowMe,Protect|||M|||50|,,,,,Ghost]Tauros-Paldea-Blaze||MirrorHerb|Intimidate|RagingBull,CloseCombat,WillOWisp,Protect|||M|||50|,,,,,Grass]Gastrodon||Leftovers|StormDrain|MuddyWater,ClearSmog,Yawn,Protect|||F|||50|,,,,,Fire]Kingambit||BlackGlasses|Defiant|KowtowCleave,SuckerPunch,SwordsDance,Protect|||F|||50|,,,,,Dark]Ninetales-Alola||LightClay|SnowWarning|AuroraVeil,FreezeDry,Encore,Protect|||F|||50|,,,,,Water
|showteam|p2|Tyranitar||AssaultVest|SandStream|RockSlide,KnockOff,TeraBlast,LowKick|||F|||50|,,,,,Flying]Excadrill||FocusSash|SandRush|Earthquake,HighHorsepower,IronHead,Protect|||M|||50|,,,,,Stellar]Corviknight||PsychicSeed|MirrorArmor|BraveBird,PowerTrip,BulkUp,Roost|||M|||50|,,,,,Dragon]Glimmora||ChoiceScarf|ToxicDebris|DazzlingGleam,PowerGem,EarthPower,SludgeBomb|||F|||50|,,,,,Fairy]Indeedee-F||SafetyGoggles|PsychicSurge|FollowMe,Psychic,TrickRoom,Protect|||F|||50|,,,,,Poison]Hatterene||LifeOrb|MagicBounce|TrickRoom,Protect,ExpandingForce,DazzlingGleam|||F|||50|,,,,,Fairy
|inactive|Battle timer is ON: inactive players will automatically lose when time's up. (requested by JackRG1)
|inactive|JackRG1 has 60 seconds left.
|inactive|JackRG1 has 30 seconds left.
|inactive|JackRG1 has 20 seconds left.
|inactive|JackRG1 has 15 seconds left.
|inactive|JackRG1 has 10 seconds left.
|
|t:|1757794776
|teamsize|p1|4
|teamsize|p2|4
|start
|switch|p1a: Electabuzz|Electabuzz, L50, M|100/100
|switch|p1b: Kingambit|Kingambit, L50, F|100/100
|switch|p2a: Corviknight|Corviknight, L50, M|100/100
|switch|p2b: Excadrill|Excadrill, L50, M|100/100
|turn|1
|
|t:|1757794797
|move|p1b: Kingambit|Protect|p1b: Kingambit
|-singleturn|p1b: Kingambit|Protect
|move|p2b: Excadrill|Earthquake|p1a: Electabuzz|[spread] p1a
|-activate|p1b: Kingambit|move: Protect
|-immune|p2a: Corviknight
|-supereffective|p1a: Electabuzz
|-damage|p1a: Electabuzz|44/100
|move|p1a: Electabuzz|Taunt|p2a: Corviknight
|-start|p2a: Corviknight|move: Taunt
|cant|p2a: Corviknight|move: Taunt|Bulk Up
|
|upkeep
|turn|2
|inactive|Slowjow has 30 seconds left.
|
|t:|1757794832
|-terastallize|p2b: Excadrill|Stellar
|-terastallize|p1b: Kingambit|Dark
|move|p1a: Electabuzz|Protect|p1a: Electabuzz
|-singleturn|p1a: Electabuzz|Protect
|move|p2b: Excadrill|Earthquake|p1a: Electabuzz|[spread] p1b
|-activate|p1a: Electabuzz|move: Protect
|-immune|p2a: Corviknight
|-damage|p1b: Kingambit|62/100
|move|p2a: Corviknight|Brave Bird|p1b: Kingambit
|-damage|p1b: Kingambit|33/100
|-damage|p2a: Corviknight|90/100|[from] Recoil
|move|p1b: Kingambit|Swords Dance|p1b: Kingambit
|-boost|p1b: Kingambit|atk|2
|
|upkeep
|turn|3
|inactive|Slowjow has 30 seconds left.
|
|t:|1757794859
|switch|p2a: Indeedee|Indeedee-F, L50, F|100/100
|-fieldstart|move: Psychic Terrain|[from] ability: Psychic Surge|[of] p2a: Indeedee
|move|p1b: Kingambit|Protect|p1b: Kingambit
|-singleturn|p1b: Kingambit|Protect
|move|p2b: Excadrill|Iron Head|p1b: Kingambit
|-activate|p1b: Kingambit|move: Protect
|move|p1a: Electabuzz|Electroweb|p2b: Excadrill|[spread] p2a
|-immune|p2b: Excadrill
|-damage|p2a: Indeedee|87/100
|-unboost|p2a: Indeedee|spe|1
|
|upkeep
|turn|4
|
|t:|1757794882
|switch|p1a: Tauros|Tauros-Paldea-Blaze, L50, M|100/100
|-ability|p1a: Tauros|Intimidate|boost
|-unboost|p2a: Indeedee|atk|1
|-unboost|p2b: Excadrill|atk|1
|switch|p2a: Corviknight|Corviknight, L50, M|90/100
|-enditem|p2a: Corviknight|Psychic Seed
|-boost|p2a: Corviknight|spd|1|[from] item: Psychic Seed
|-enditem|p1a: Tauros|Mirror Herb
|-boost|p1a: Tauros|spd|1|[from] item: Mirror Herb
|move|p2b: Excadrill|Earthquake|p1b: Kingambit|[spread] p1a,p1b
|-immune|p2a: Corviknight
|-supereffective|p1a: Tauros
|-damage|p1a: Tauros|43/100
|-damage|p1b: Kingambit|12/100
|move|p1b: Kingambit|Kowtow Cleave|p2b: Excadrill
|-enditem|p2b: Excadrill|Focus Sash
|-damage|p2b: Excadrill|1/100
|
|upkeep
|turn|5
|inactive|Slowjow has 30 seconds left.
|
|t:|1757794915
|switch|p2a: Tyranitar|Tyranitar, L50, F|100/100
|-weather|Sandstorm|[from] ability: Sand Stream|[of] p2a: Tyranitar
|move|p1b: Kingambit|Protect|p1b: Kingambit
|-singleturn|p1b: Kingambit|Protect
|move|p2b: Excadrill|Earthquake|p1a: Tauros|[spread] p2a,p1a
|-activate|p1b: Kingambit|move: Protect
|-supereffective|p2a: Tyranitar
|-supereffective|p1a: Tauros
|-damage|p2a: Tyranitar|55/100
|-damage|p1a: Tauros|0 fnt
|faint|p1a: Tauros
|
|-weather|Sandstorm|[upkeep]
|-damage|p1b: Kingambit|6/100|[from] Sandstorm
|upkeep
|
|t:|1757794930
|switch|p1a: Ninetales|Ninetales-Alola, L50, F|100/100
|-weather|Snowscape|[from] ability: Snow Warning|[of] p1a: Ninetales
|turn|6
|
|t:|1757794944
|move|p2b: Excadrill|Protect|p2b: Excadrill
|-singleturn|p2b: Excadrill|Protect
|move|p1a: Ninetales|Freeze-Dry|p2b: Excadrill
|-activate|p2b: Excadrill|move: Protect
|move|p2a: Tyranitar|Rock Slide|p1b: Kingambit|[spread] p1a,p1b
|-supereffective|p1a: Ninetales
|-damage|p1a: Ninetales|49/100
|-damage|p1b: Kingambit|0 fnt
|faint|p1b: Kingambit
|
|-weather|Snowscape|[upkeep]
|upkeep
|
|t:|1757794958
|switch|p1b: Electabuzz|Electabuzz, L50, M|44/100
|turn|7
|
|t:|1757794969
|switch|p2b: Indeedee|Indeedee-F, L50, F|87/100
|switch|p2a: Corviknight|Corviknight, L50, M|90/100
|move|p1a: Ninetales|Freeze-Dry|p2b: Indeedee
|-damage|p2b: Indeedee|68/100
|move|p1b: Electabuzz|Electroweb|p2a: Corviknight|[spread] p2a,p2b
|-supereffective|p2a: Corviknight
|-damage|p2a: Corviknight|65/100
|-damage|p2b: Indeedee|54/100
|-ability|p2a: Corviknight|Mirror Armor
|-unboost|p1b: Electabuzz|spe|1
|-unboost|p2b: Indeedee|spe|1
|
|-weather|Snowscape|[upkeep]
|-fieldend|move: Psychic Terrain
|upkeep
|turn|8
|
|t:|1757794990
|move|p1a: Ninetales|Aurora Veil|p1a: Ninetales
|-sidestart|p1: Slowjow|move: Aurora Veil
|move|p2a: Corviknight|Brave Bird|p1a: Ninetales
|-damage|p1a: Ninetales|28/100
|-damage|p2a: Corviknight|59/100|[from] Recoil
|move|p1b: Electabuzz|Taunt|p2a: Corviknight
|-start|p2a: Corviknight|move: Taunt
|move|p2b: Indeedee|Psychic|p1a: Ninetales
|-damage|p1a: Ninetales|8/100
|
|-weather|Snowscape|[upkeep]
|upkeep
|turn|9
|
|t:|1757795009
|move|p1a: Ninetales|Protect|p1a: Ninetales
|-singleturn|p1a: Ninetales|Protect
|move|p2a: Corviknight|Brave Bird|p1a: Ninetales
|-activate|p1a: Ninetales|move: Protect
|move|p1b: Electabuzz|Taunt|p2b: Indeedee
|-start|p2b: Indeedee|move: Taunt
|move|p2b: Indeedee|Psychic|p1b: Electabuzz
|-damage|p1b: Electabuzz|26/100
|
|-weather|Snowscape|[upkeep]
|upkeep
|turn|10
|
|t:|1757795025
|move|p1a: Ninetales|Freeze-Dry|p2b: Indeedee
|-damage|p2b: Indeedee|33/100
|move|p2a: Corviknight|Brave Bird|p1a: Ninetales
|-damage|p1a: Ninetales|0 fnt
|faint|p1a: Ninetales
|-damage|p2a: Corviknight|56/100|[from] Recoil
|move|p1b: Electabuzz|Electroweb|p2a: Corviknight|[spread] p2a,p2b
|-supereffective|p2a: Corviknight
|-crit|p2a: Corviknight
|-damage|p2a: Corviknight|19/100
|-damage|p2b: Indeedee|21/100
|-ability|p2a: Corviknight|Mirror Armor
|-unboost|p1b: Electabuzz|spe|1
|-unboost|p2b: Indeedee|spe|1
|move|p2b: Indeedee|Psychic|p1b: Electabuzz
|-damage|p1b: Electabuzz|10/100
|
|-weather|none
|upkeep
|turn|11
|
|t:|1757795045
|move|p2a: Corviknight|Brave Bird|p1b: Electabuzz
|-resisted|p1b: Electabuzz
|-damage|p1b: Electabuzz|0 fnt
|faint|p1b: Electabuzz
|-damage|p2a: Corviknight|16/100|[from] Recoil
|
|win|JackRG1
||JackRG1 is ready for game 2.
|inactive|Slowjow has 30 seconds to confirm battle start!
||Slowjow is ready for game 2.
|uhtml|next|Next: Game 2 of 3
