|j|‽TransGirlChomp1
|j|☆Adriatic Tides
|html|TransGirlChomp1Adriatic Tides    
|uhtml|bestof|Game 2 of a best-of-3
|t:|1784423485
|gametype|doubles
|player|p1|TransGirlChomp1|skierf|1309
|player|p2|Adriatic Tides|leon|1222
|gen|9
|tier|[Gen 9 Champions] VGC 2026 Reg M-B (Bo3)
|rated|
|rule|Species Clause: Limit one of each Pokémon
|rule|Item Clause: Limit 1 of each item
|clearpoke
|poke|p1|Garchomp, L50, F|
|poke|p1|Tyranitar, L50, M|
|poke|p1|Gholdengo, L50|
|poke|p1|Venusaur, L50, F|
|poke|p1|Incineroar, L50, M|
|poke|p1|Sylveon, L50, M|
|poke|p2|Tyranitar, L50, F|
|poke|p2|Excadrill, L50, F|
|poke|p2|Delphox, L50, M|
|poke|p2|Sinistcha, L50|
|poke|p2|Rotom-Wash, L50|
|poke|p2|Incineroar, L50, M|
|teampreview|4
|showteam|p1|Garchomp||Garchompite|SandVeil|EarthPower,DragonPulse,PowerGem,Protect|Modest||F|||50|]Tyranitar||ChoiceScarf|SandStream|RockSlide,KnockOff,LowKick,IcyWind|Jolly||M|||50|]Gholdengo||LifeOrb|GoodasGold|MakeItRain,ShadowBall,NastyPlot,Protect|Modest|||||50|]Venusaur||Venusaurite|Chlorophyll|GigaDrain,SludgeBomb,LeechSeed,Protect|Modest||F|||50|]Incineroar||PasshoBerry|Intimidate|FakeOut,FlareBlitz,ThroatChop,PartingShot|Careful||M|||50|]Sylveon||FairyFeather|Pixilate|HyperVoice,HyperBeam,QuickAttack,Protect|Modest||M|||50|
|showteam|p2|Tyranitar||Tyranitarite|SandStream|KnockOff,RockSlide,Protect,LowKick|Adamant||F|||50|]Excadrill||FocusSash|SandRush|Protect,Earthquake,IronHead,RockSlide|Adamant||F|||50|]Delphox||Delphoxite|Blaze|NastyPlot,HeatWave,Psyshock,Protect|Timid||M|||50|]Sinistcha||ColburBerry|Hospitality|TrickRoom,MatchaGotcha,Protect,RagePowder|Bold|||||50|]Rotom-Wash||Leftovers|Levitate|Electroweb,HydroPump,Protect,Thunderbolt|Modest|||||50|]Incineroar||SitrusBerry|Intimidate|FakeOut,FlareBlitz,PartingShot,ThroatChop|Careful||M|||50|
|inactive|Battle timer is ON: inactive players will automatically lose when time's up. (requested by TransGirlChomp1)
|inactive|TransGirlChomp1 has 60 seconds left.
|
|t:|1784423540
|teamsize|p1|4
|teamsize|p2|4
|start
|switch|p1a: Garchomp|Garchomp, L50, F|100/100
|switch|p1b: Tyranitar|Tyranitar, L50, M|100/100
|switch|p2a: Delphox|Delphox, L50, M|100/100
|switch|p2b: Sinistcha|Sinistcha, L50|100/100
|-weather|Sandstorm|[from] ability: Sand Stream|[of] p1b: Tyranitar
|turn|1
|
|t:|1784423550
|detailschange|p1a: Garchomp|Garchomp-Mega, L50, F
|-mega|p1a: Garchomp|Garchomp|Garchompite
|move|p2a: Delphox|Protect|p2a: Delphox
|-singleturn|p2a: Delphox|Protect
|move|p1b: Tyranitar|Rock Slide|p2a: Delphox|[spread] p2b
|-activate|p2a: Delphox|move: Protect
|-damage|p2b: Sinistcha|76/100
|move|p1a: Garchomp|Dragon Pulse|p2b: Sinistcha
|-damage|p2b: Sinistcha|27/100
|move|p2b: Sinistcha|Matcha Gotcha|p1b: Tyranitar|[spread] p1a,p1b
|-supereffective|p1b: Tyranitar|1
|-damage|p1a: Garchomp|78/100
|-heal|p2b: Sinistcha|39/100|[from] drain|[of] p1a: Garchomp
|-damage|p1b: Tyranitar|64/100
|-heal|p2b: Sinistcha|56/100|[from] drain|[of] p1b: Tyranitar
|
|-weather|Sandstorm|[upkeep]
|-damage|p2a: Delphox|94/100|[from] Sandstorm
|-damage|p2b: Sinistcha|50/100g|[from] Sandstorm
|upkeep
|turn|2
|
|t:|1784423570
|switch|p2a: Excadrill|Excadrill, L50, F|100/100
|move|p1b: Tyranitar|Rock Slide|p2b: Sinistcha|[spread] p2a,p2b
|-resisted|p2a: Excadrill|2
|-damage|p2a: Excadrill|89/100
|-damage|p2b: Sinistcha|28/100
|move|p1a: Garchomp|Dragon Pulse|p2b: Sinistcha
|-damage|p2b: Sinistcha|0 fnt
|faint|p2b: Sinistcha
|
|-weather|Sandstorm|[upkeep]
|upkeep
|
|t:|1784423577
|switch|p2b: Delphox|Delphox, L50, M|94/100
|turn|3
|
|t:|1784423589
|switch|p1b: Incineroar|Incineroar, L50, M|100/100
|-ability|p1b: Incineroar|Intimidate|boost
|-unboost|p2a: Excadrill|atk|1
|-unboost|p2b: Delphox|atk|1
|detailschange|p2b: Delphox|Delphox-Mega, L50, M
|-mega|p2b: Delphox|Delphox|Delphoxite
|move|p2a: Excadrill|Earthquake|p1a: Garchomp|[spread] p1a,p1b
|-immune|p2b: Delphox|[from] ability: Levitate
|-supereffective|p1b: Incineroar|1
|-damage|p1a: Garchomp|52/100
|-damage|p1b: Incineroar|52/100
|move|p2b: Delphox|Psyshock|p1a: Garchomp
|-damage|p1a: Garchomp|12/100
|move|p1a: Garchomp|Earth Power|p2a: Excadrill
|-supereffective|p2a: Excadrill|1
|-crit|p2a: Excadrill
|-damage|p2a: Excadrill|0 fnt
|faint|p2a: Excadrill
|
|-weather|Sandstorm|[upkeep]
|-damage|p2b: Delphox|88/100|[from] Sandstorm
|-damage|p1b: Incineroar|46/100|[from] Sandstorm
|upkeep
|
|t:|1784423602
|switch|p2a: Rotom|Rotom-Wash, L50|100/100
|turn|4
|
|t:|1784423616
|move|p2b: Delphox|Protect|p2b: Delphox
|-singleturn|p2b: Delphox|Protect
|move|p2a: Rotom|Protect|p2a: Rotom
|-singleturn|p2a: Rotom|Protect
|move|p1b: Incineroar|Fake Out|p2b: Delphox
|-activate|p2b: Delphox|move: Protect
|move|p1a: Garchomp|Dragon Pulse|p2a: Rotom
|-activate|p2a: Rotom|move: Protect
|
|-weather|Sandstorm|[upkeep]
|-damage|p2b: Delphox|82/100|[from] Sandstorm
|-damage|p2a: Rotom|94/100|[from] Sandstorm
|-damage|p1b: Incineroar|40/100|[from] Sandstorm
|-heal|p2a: Rotom|100/100|[from] item: Leftovers
|upkeep
|turn|5
|
|t:|1784423633
|move|p1a: Garchomp|Protect|p1a: Garchomp
|-singleturn|p1a: Garchomp|Protect
|move|p2b: Delphox|Psyshock|p1a: Garchomp
|-activate|p1a: Garchomp|move: Protect
|move|p2a: Rotom|Hydro Pump|p1b: Incineroar
|-supereffective|p1b: Incineroar|1
|-enditem|p1b: Incineroar|Passho Berry|[eat]
|-enditem|p1b: Incineroar|Passho Berry|[weaken]
|-damage|p1b: Incineroar|4/100
|move|p1b: Incineroar|Throat Chop|p2b: Delphox
|-supereffective|p2b: Delphox|1
|-damage|p2b: Delphox|0 fnt
|faint|p2b: Delphox
|
|-weather|none
|upkeep
|turn|6
|
|t:|1784423651
|move|p2a: Rotom|Hydro Pump|p1a: Garchomp|[miss]
|-miss|p2a: Rotom|p1a: Garchomp
|move|p1a: Garchomp|Dragon Pulse|p2a: Rotom
|-damage|p2a: Rotom|46/100
|move|p1b: Incineroar|Throat Chop|p2a: Rotom
|-damage|p2a: Rotom|12/100
|-start|p2a: Rotom|Throat Chop|[silent]
|
|-heal|p2a: Rotom|17/100|[from] item: Leftovers
|upkeep
|turn|7
|c|☆Adriatic Tides|gg
|c|☆Adriatic Tides|wp
|-message|Adriatic Tides forfeited.
|
|win|TransGirlChomp1
|raw|TransGirlChomp1's rating: 1309 → 1324(+15 for winning)
|raw|Adriatic Tides's rating: 1222 → 1203(-19 for losing)
|l|‽TransGirlChomp1
|player|p1|
