|j|☆Cristante terabug
|j|☆VinceGC
|html|Cristante terabugVinceGC    
|uhtml|bestof|Game 1 of a best-of-3
|t:|1756313051
|gametype|doubles
|player|p1|Cristante terabug|kieran-champion|1197
|player|p2|VinceGC|hilbert|1180
|gen|9
|tier|[Gen 9] VGC 2025 Reg H (Bo3)
|rated|
|rule|Species Clause: Limit one of each Pokémon
|rule|Item Clause: Limit 1 of each item
|clearpoke
|poke|p1|Kommo-o, L50, F|
|poke|p1|Gholdengo, L50|
|poke|p1|Sneasler, L50, M|
|poke|p1|Rillaboom, L50, F|
|poke|p1|Dondozo, L50, F|
|poke|p1|Electabuzz, L50, F|
|poke|p2|Sneasler, L50, F|
|poke|p2|Indeedee, L50, M|
|poke|p2|Bronzong, L50|
|poke|p2|Politoed, L50, M|
|poke|p2|Archaludon, L50, M|
|poke|p2|Maushold, L50|
|teampreview|4
|showteam|p1|Kommo-o||ThroatSpray|Overcoat|ClangorousSoul,ClangingScales,Flamethrower,Protect|||F|||50|,,,,,Fire]Gholdengo||ChoiceSpecs|GoodasGold|MakeItRain,Thunderbolt,DazzlingGleam,ShadowBall||||||50|,,,,,Fairy]Sneasler||FocusSash|PoisonTouch|FakeOut,DireClaw,CloseCombat,Protect|||M|||50|,,,,,Stellar]Rillaboom||AssaultVest|GrassySurge|FakeOut,GrassyGlide,DrumBeating,HighHorsepower|||F|||50|,,,,,Fire]Dondozo||Leftovers|Unaware|WaveCrash,Fissure,Yawn,Protect|||F|||50|,,,,,Poison]Electabuzz||Eviolite|VitalSpirit|Electroweb,FollowMe,Taunt,Protect|||F|||50|,,,,,Ghost
|showteam|p2|Sneasler||PsychicSeed|Unburden|Protect,DireClaw,CloseCombat,Acrobatics|||F|||50|,,,,,Flying]Indeedee||ChoiceScarf|PsychicSurge|ExpandingForce,DazzlingGleam,ShadowBall,HyperVoice|||M|||50|,,,,,Fairy]Bronzong||MentalHerb|Levitate|TrickRoom,SkillSwap,Safeguard,HeavySlam||||||50|,,,,,Poison]Politoed||Leftovers|Drizzle|Protect,WeatherBall,IceBeam,Haze|||M|||50|,,,,,Grass]Archaludon||PowerHerb|Stalwart|Protect,ElectroShot,FlashCannon,DracoMeteor|||M|||50|,,,,,Electric]Maushold||SafetyGoggles|FriendGuard|Protect,FollowMe,HelpingHand,Uturn||||||50|,,,,,Ghost
|inactive|Battle timer is ON: inactive players will automatically lose when time's up. (requested by VinceGC)
|l|☆VinceGC
|inactive|VinceGC disconnected and has a minute to reconnect!
|player|p2|
|j|☆VinceGC
|inactive|VinceGC reconnected and has 70 seconds left.
|player|p2|VinceGC|hilbert|
|inactive|Cristante terabug has 60 seconds left.
|inactive|VinceGC has 60 seconds left.
|inactive|Cristante terabug has 30 seconds left.
|
|t:|1756313120
|teamsize|p1|4
|teamsize|p2|4
|start
|switch|p1a: Electabuzz|Electabuzz, L50, F|100/100
|switch|p1b: Gholdengo|Gholdengo, L50|100/100
|switch|p2a: Archaludon|Archaludon, L50, M|100/100
|switch|p2b: Politoed|Politoed, L50, M|100/100
|-weather|RainDance|[from] ability: Drizzle|[of] p2b: Politoed
|turn|1
|c|☆VinceGC|GL hg
|c|☆VinceGC|HF*
|l|☆VinceGC
|inactive|VinceGC disconnected and has a minute to reconnect!
|player|p2|
|j|☆VinceGC
|inactive|VinceGC reconnected and has 35 seconds left.
|player|p2|VinceGC|hilbert|
|c|☆Cristante terabug|u2
|inactive|VinceGC has 30 seconds left.
|
|t:|1756313152
|switch|p2b: Indeedee|Indeedee, L50, M|100/100
|-fieldstart|move: Psychic Terrain|[from] ability: Psychic Surge|[of] p2b: Indeedee
|-terastallize|p2a: Archaludon|Electric
|-terastallize|p1b: Gholdengo|Fairy
|move|p1a: Electabuzz|Follow Me|p1a: Electabuzz
|-singleturn|p1a: Electabuzz|move: Follow Me
|move|p2a: Archaludon|Electro Shot||[still]
|-prepare|p2a: Archaludon|Electro Shot
|-boost|p2a: Archaludon|spa|1
|-anim|p2a: Archaludon|Electro Shot|p1b: Gholdengo
|-damage|p1b: Gholdengo|0 fnt
|faint|p1b: Gholdengo
|
|-weather|RainDance|[upkeep]
|upkeep
|
|t:|1756313167
|switch|p1b: Rillaboom|Rillaboom, L50, F|100/100
|-fieldstart|move: Grassy Terrain|[from] ability: Grassy Surge|[of] p1b: Rillaboom
|turn|2
|l|☆VinceGC
|inactive|VinceGC disconnected and has a minute to reconnect!
|player|p2|
|j|☆VinceGC
|inactive|VinceGC reconnected and has 35 seconds left.
|player|p2|VinceGC|hilbert|
|inactive|VinceGC has 30 seconds left.
|inactive|VinceGC has 20 seconds left.
|
|t:|1756313204
|switch|p2b: Politoed|Politoed, L50, M|100/100
|move|p1a: Electabuzz|Electroweb|p2b: Politoed|[spread] p2a,p2b
|-resisted|p2a: Archaludon
|-supereffective|p2b: Politoed
|-damage|p2a: Archaludon|91/100
|-damage|p2b: Politoed|74/100
|-unboost|p2a: Archaludon|spe|1
|-unboost|p2b: Politoed|spe|1
|move|p1b: Rillaboom|High Horsepower|p2a: Archaludon
|-supereffective|p2a: Archaludon
|-damage|p2a: Archaludon|39/100
|move|p2a: Archaludon|Electro Shot||[still]
|-prepare|p2a: Archaludon|Electro Shot
|-boost|p2a: Archaludon|spa|1
|-anim|p2a: Archaludon|Electro Shot|p1a: Electabuzz
|-resisted|p1a: Electabuzz
|-damage|p1a: Electabuzz|48/100
|
|-weather|RainDance|[upkeep]
|-heal|p1a: Electabuzz|53/100|[from] Grassy Terrain
|-heal|p2a: Archaludon|45/100|[from] Grassy Terrain
|-heal|p2b: Politoed|81/100|[from] Grassy Terrain
|-heal|p2b: Politoed|87/100|[from] item: Leftovers
|upkeep
|turn|3
|l|☆VinceGC
|inactive|VinceGC disconnected and has a minute to reconnect!
|player|p2|
|inactive|VinceGC has 30 seconds left.
|j|☆VinceGC
|inactive|VinceGC reconnected and has 30 seconds left.
|player|p2|VinceGC|hilbert|
|
|t:|1756313237
|switch|p2b: Indeedee|Indeedee, L50, M|100/100
|-fieldstart|move: Psychic Terrain|[from] ability: Psychic Surge|[of] p2b: Indeedee
|move|p2a: Archaludon|Protect|p2a: Archaludon
|-singleturn|p2a: Archaludon|Protect
|move|p1a: Electabuzz|Electroweb|p2b: Indeedee|[spread] p2b
|-activate|p2a: Archaludon|move: Protect
|-damage|p2b: Indeedee|80/100
|-unboost|p2b: Indeedee|spe|1
|move|p1b: Rillaboom|Drum Beating|p2b: Indeedee
|-damage|p2b: Indeedee|3/100
|-unboost|p2b: Indeedee|spe|1
|
|-weather|RainDance|[upkeep]
|upkeep
|turn|4
|l|☆VinceGC
|inactive|VinceGC disconnected and has a minute to reconnect!
|player|p2|
|j|☆VinceGC
|inactive|VinceGC reconnected and has 35 seconds left.
|player|p2|VinceGC|hilbert|
|inactive|VinceGC has 30 seconds left.
|
|t:|1756313268
|switch|p2b: Sneasler|Sneasler, L50, F|100/100
|-enditem|p2b: Sneasler|Psychic Seed
|-boost|p2b: Sneasler|spd|1|[from] item: Psychic Seed
|switch|p2a: Politoed|Politoed, L50, M|87/100
|move|p1a: Electabuzz|Electroweb|p2b: Sneasler|[spread] p2a,p2b
|-supereffective|p2a: Politoed
|-damage|p2a: Politoed|62/100
|-damage|p2b: Sneasler|88/100
|-unboost|p2a: Politoed|spe|1
|-unboost|p2b: Sneasler|spe|1
|move|p1b: Rillaboom|High Horsepower|p2a: Politoed
|-damage|p2a: Politoed|30/100
|
|-weather|RainDance|[upkeep]
|-heal|p2a: Politoed|36/100|[from] item: Leftovers
|upkeep
|turn|5
|inactive|VinceGC has 30 seconds left.
|
|t:|1756313297
|move|p1a: Electabuzz|Follow Me|p1a: Electabuzz
|-singleturn|p1a: Electabuzz|move: Follow Me
|move|p2b: Sneasler|Dire Claw|p1a: Electabuzz
|-damage|p1a: Electabuzz|12/100
|move|p1b: Rillaboom|High Horsepower|p2b: Sneasler
|-supereffective|p2b: Sneasler
|-damage|p2b: Sneasler|0 fnt
|faint|p2b: Sneasler
|move|p2a: Politoed|Weather Ball|p1a: Electabuzz
|-damage|p1a: Electabuzz|0 fnt
|faint|p1a: Electabuzz
|
|-weather|none
|-heal|p2a: Politoed|43/100|[from] item: Leftovers
|upkeep
|
|t:|1756313307
|switch|p2b: Archaludon|Archaludon, L50, M, tera:Electric|45/100
|switch|p1a: Sneasler|Sneasler, L50, M|100/100
|turn|6
|l|☆VinceGC
|inactive|VinceGC disconnected and has a minute to reconnect!
|player|p2|
|j|☆VinceGC
|inactive|VinceGC reconnected and has 35 seconds left.
|player|p2|VinceGC|hilbert|
|inactive|VinceGC has 30 seconds left.
|
|t:|1756313333
|move|p1a: Sneasler|Protect|p1a: Sneasler
|-singleturn|p1a: Sneasler|Protect
|move|p2b: Archaludon|Protect|p2b: Archaludon
|-singleturn|p2b: Archaludon|Protect
|move|p1b: Rillaboom|High Horsepower|p2b: Archaludon
|-activate|p2b: Archaludon|move: Protect
|move|p2a: Politoed|Ice Beam|p1a: Sneasler
|-activate|p1a: Sneasler|move: Protect
|
|-heal|p2a: Politoed|49/100|[from] item: Leftovers
|upkeep
|turn|7
|
|t:|1756313344
|move|p1a: Sneasler|Close Combat|p2a: Politoed
|-damage|p2a: Politoed|0 fnt
|-unboost|p1a: Sneasler|def|1
|-unboost|p1a: Sneasler|spd|1
|faint|p2a: Politoed
|move|p1b: Rillaboom|High Horsepower|p2b: Archaludon
|-supereffective|p2b: Archaludon
|-damage|p2b: Archaludon|0 fnt
|faint|p2b: Archaludon
|
|-fieldend|move: Psychic Terrain
|upkeep
|-message|VinceGC forfeited.
|
|win|Cristante terabug
||VinceGC is ready for game 2.
