|j|☆moth.o
|j|☆mariocansado
|html|moth.omariocansado    
|uhtml|bestof|Game 3 of a best-of-3
|t:|1756332922
|gametype|doubles
|player|p1|moth.o|roxie|1064
|player|p2|mariocansado|arven-v|1133
|gen|9
|tier|[Gen 9] VGC 2025 Reg H (Bo3)
|rated|
|rule|Species Clause: Limit one of each Pokémon
|rule|Item Clause: Limit 1 of each item
|clearpoke
|poke|p1|Arcanine-Hisui, L50, M|
|poke|p1|Indeedee-F, L50, F|
|poke|p1|Gallade, L50, M|
|poke|p1|Gholdengo, L50|
|poke|p1|Whimsicott, L50, M|
|poke|p1|Hydreigon, L50, M|
|poke|p2|Gholdengo, L50|
|poke|p2|Rillaboom, L50, F|
|poke|p2|Dragapult, L50, F|
|poke|p2|Electabuzz, L50, F|
|poke|p2|Volcarona, L50, M|
|poke|p2|Gyarados, L50, F|
|teampreview|4
|showteam|p1|Arcanine-Hisui||SafetyGoggles|Intimidate|Protect,RockSlide,FlareBlitz,ExtremeSpeed|||M|||50|,,,,,Fairy]Indeedee-F||SitrusBerry|PsychicSurge|TrickRoom,FollowMe,Psychic,HelpingHand|||F|||50|,,,,,Fairy]Gallade||LifeOrb|Sharpness|Protect,NightSlash,SacredSword,PsychoCut|||M|||50|,,,,,Grass]Gholdengo||ChoiceSpecs|GoodasGold|MakeItRain,ShadowBall,PowerGem,Trick||||||50|,,,,,Steel]Whimsicott||CovertCloak|Prankster|CottonSpore,Moonblast,Encore,Tailwind|||M|||50|,,,,,Dark]Hydreigon||AssaultVest|Levitate|FireSpin,Snarl,DarkPulse,DracoMeteor|||M|||50|,,,,,Ghost
|showteam|p2|Gholdengo||ChoiceScarf|GoodasGold|MakeItRain,ShadowBall,PowerGem,Trick||||||50|,,,,,Steel]Rillaboom||AssaultVest|GrassySurge|FakeOut,WoodHammer,GrassyGlide,Uturn|||F|||50|,,,,,Fire]Dragapult||ChoiceBand|ClearBody|DragonDarts,DragonClaw,PhantomForce,Uturn|||F|||50|,,,,,Dragon]Electabuzz||Eviolite|VitalSpirit|Electroweb,Taunt,FollowMe,Protect|||F|||50|,,,,,Ghost]Volcarona||Leftovers|FlameBody|HeatWave,QuiverDance,Protect,GigaDrain|||M|||50|,,,,,Grass]Gyarados||RockyHelmet|Intimidate|Waterfall,HelpingHand,ThunderWave,Protect|||F|||50|,,,,,Grass
|j| pedrito70043
|
|t:|1756332966
|teamsize|p1|4
|teamsize|p2|4
|start
|switch|p1a: Farrapos|Hydreigon, L50, M, shiny|100/100
|switch|p1b: Meigallo|Whimsicott, L50, M, shiny|100/100
|switch|p2a: Gholdengo|Gholdengo, L50|100/100
|switch|p2b: Electabuzz|Electabuzz, L50, F|100/100
|turn|1
|
|t:|1756332988
|move|p2b: Electabuzz|Follow Me|p2b: Electabuzz
|-singleturn|p2b: Electabuzz|move: Follow Me
|move|p1b: Meigallo|Tailwind|p1b: Meigallo
|-sidestart|p1: moth.o|move: Tailwind
|move|p1a: Farrapos|Snarl|p2a: Gholdengo|[spread] p2a,p2b
|-supereffective|p2a: Gholdengo
|-damage|p2a: Gholdengo|51/100
|-damage|p2b: Electabuzz|84/100
|-unboost|p2a: Gholdengo|spa|1
|-unboost|p2b: Electabuzz|spa|1
|move|p2a: Gholdengo|Trick|p1a: Farrapos
|-activate|p2a: Gholdengo|move: Trick|[of] p1a: Farrapos
|-item|p1a: Farrapos|Choice Scarf|[from] move: Trick
|-item|p2a: Gholdengo|Assault Vest|[from] move: Trick
|
|upkeep
|turn|2
|
|t:|1756333010
|switch|p2a: Big Jerry|Rillaboom, L50, F|100/100
|-fieldstart|move: Grassy Terrain|[from] ability: Grassy Surge|[of] p2a: Big Jerry
|move|p1b: Meigallo|Encore|p2b: Electabuzz
|-start|p2b: Electabuzz|Encore
|move|p1a: Farrapos|Snarl|p2b: Electabuzz|[spread] p2a,p2b
|-damage|p2a: Big Jerry|87/100
|-damage|p2b: Electabuzz|66/100
|-unboost|p2a: Big Jerry|spa|1
|-unboost|p2b: Electabuzz|spa|1
|move|p2b: Electabuzz|Follow Me|p2b: Electabuzz
|-singleturn|p2b: Electabuzz|move: Follow Me
|
|-heal|p2b: Electabuzz|72/100|[from] Grassy Terrain
|-heal|p2a: Big Jerry|93/100|[from] Grassy Terrain
|upkeep
|turn|3
|
|t:|1756333036
|switch|p1a: Fenrir|Arcanine-Hisui, L50, M|100/100
|-ability|p1a: Fenrir|Intimidate|boost
|-unboost|p2a: Big Jerry|atk|1
|-unboost|p2b: Electabuzz|atk|1
|switch|p2b: Gyarados|Gyarados, L50, F|100/100
|-ability|p2b: Gyarados|Intimidate|boost
|-unboost|p1a: Fenrir|atk|1
|-unboost|p1b: Meigallo|atk|1
|move|p1b: Meigallo|Moonblast|p2b: Gyarados
|-damage|p2b: Gyarados|80/100
|move|p2a: Big Jerry|Wood Hammer|p1b: Meigallo
|-resisted|p1b: Meigallo
|-damage|p1b: Meigallo|69/100
|-damage|p2a: Big Jerry|84/100|[from] Recoil
|
|-heal|p1b: Meigallo|74/100|[from] Grassy Terrain
|-heal|p2a: Big Jerry|90/100|[from] Grassy Terrain
|upkeep
|turn|4
|
|t:|1756333087
|switch|p2a: Electabuzz|Electabuzz, L50, F|72/100
|move|p1a: Fenrir|Protect|p1a: Fenrir
|-singleturn|p1a: Fenrir|Protect
|move|p1b: Meigallo|Moonblast|p2b: Gyarados
|-damage|p2b: Gyarados|59/100
|move|p2b: Gyarados|Waterfall|p1a: Fenrir
|-activate|p1a: Fenrir|move: Protect
|
|-heal|p1b: Meigallo|80/100|[from] Grassy Terrain
|-heal|p2a: Electabuzz|78/100|[from] Grassy Terrain
|-sideend|p1: moth.o|move: Tailwind
|upkeep
|turn|5
|
|t:|1756333114
|switch|p1a: Farrapos|Hydreigon, L50, M, shiny|100/100
|move|p1b: Meigallo|Tailwind|p1b: Meigallo
|-sidestart|p1: moth.o|move: Tailwind
|move|p2a: Electabuzz|Electroweb|p1a: Farrapos|[spread] p1a,p1b
|-resisted|p1a: Farrapos
|-resisted|p1b: Meigallo
|-damage|p1a: Farrapos|93/100
|-damage|p1b: Meigallo|71/100
|-unboost|p1a: Farrapos|spe|1
|move|p2b: Gyarados|Thunder Wave|p1b: Meigallo
|-status|p1b: Meigallo|par
|
|-heal|p1b: Meigallo|76/100 par|[from] Grassy Terrain
|-heal|p2a: Electabuzz|84/100|[from] Grassy Terrain
|upkeep
|turn|6
|
|t:|1756333139
|move|p2a: Electabuzz|Protect|p2a: Electabuzz
|-singleturn|p2a: Electabuzz|Protect
|move|p2b: Gyarados|Protect|p2b: Gyarados
|-singleturn|p2b: Gyarados|Protect
|cant|p1b: Meigallo|par
|move|p1a: Farrapos|Dark Pulse|p2a: Electabuzz
|-activate|p2a: Electabuzz|move: Protect
|
|-heal|p1b: Meigallo|82/100 par|[from] Grassy Terrain
|-heal|p2a: Electabuzz|90/100|[from] Grassy Terrain
|-fieldend|move: Grassy Terrain
|upkeep
|turn|7
|
|t:|1756333158
|move|p1b: Meigallo|Cotton Spore|p2a: Electabuzz|[spread] p2a,p2b
|-unboost|p2a: Electabuzz|spe|2
|-unboost|p2b: Gyarados|spe|2
|move|p1a: Farrapos|Dark Pulse|p2b: Gyarados
|-damage|p2b: Gyarados|26/100
|move|p2a: Electabuzz|Taunt|p1b: Meigallo
|-start|p1b: Meigallo|move: Taunt
|move|p2b: Gyarados|Thunder Wave|p1a: Farrapos
|-status|p1a: Farrapos|par
|
|upkeep
|turn|8
|
|t:|1756333177
|switch|p1b: Fenrir|Arcanine-Hisui, L50, M|100/100
|-ability|p1b: Fenrir|Intimidate|boost
|-unboost|p2a: Electabuzz|atk|1
|-unboost|p2b: Gyarados|atk|1
|switch|p2b: Big Jerry|Rillaboom, L50, F|90/100
|-fieldstart|move: Grassy Terrain|[from] ability: Grassy Surge|[of] p2b: Big Jerry
|move|p1a: Farrapos|Dark Pulse|p2a: Electabuzz
|-damage|p2a: Electabuzz|59/100
|move|p2a: Electabuzz|Electroweb|p1a: Farrapos|[spread] p1a,p1b
|-resisted|p1a: Farrapos
|-damage|p1a: Farrapos|86/100 par
|-damage|p1b: Fenrir|84/100
|-unboost|p1a: Farrapos|spe|1
|-unboost|p1b: Fenrir|spe|1
|
|-heal|p1b: Fenrir|90/100|[from] Grassy Terrain
|-heal|p2b: Big Jerry|96/100|[from] Grassy Terrain
|-heal|p2a: Electabuzz|65/100|[from] Grassy Terrain
|-sideend|p1: moth.o|move: Tailwind
|upkeep
|turn|9
|j| ranakos
|l| pedrito70043
|c| ranakos|que malos sois
|c| ranakos|terrible
|
|t:|1756333241
|switch|p1a: Meigallo|Whimsicott, L50, M, shiny|82/100 par
|move|p1b: Fenrir|Protect|p1b: Fenrir
|-singleturn|p1b: Fenrir|Protect
|move|p2b: Big Jerry|Wood Hammer|p1b: Fenrir
|-activate|p1b: Fenrir|move: Protect
|move|p2a: Electabuzz|Electroweb|p1a: Meigallo|[spread] p1a
|-activate|p1b: Fenrir|move: Protect
|-resisted|p1a: Meigallo
|-damage|p1a: Meigallo|72/100 par
|
|-heal|p2b: Big Jerry|100/100|[from] Grassy Terrain
|-heal|p1b: Fenrir|96/100|[from] Grassy Terrain
|-heal|p1a: Meigallo|78/100 par|[from] Grassy Terrain
|-heal|p2a: Electabuzz|71/100|[from] Grassy Terrain
|upkeep
|turn|10
|
|t:|1756333264
|switch|p1b: Farrapos|Hydreigon, L50, M, shiny|86/100 par
|-terastallize|p2b: Big Jerry|Fire
|cant|p1a: Meigallo|par
|move|p2b: Big Jerry|Wood Hammer|p1b: Farrapos
|-resisted|p1b: Farrapos
|-damage|p1b: Farrapos|44/100 par
|-damage|p2b: Big Jerry|88/100|[from] Recoil
|move|p2a: Electabuzz|Electroweb|p1a: Meigallo|[spread] p1a,p1b
|-resisted|p1a: Meigallo
|-resisted|p1b: Farrapos
|-damage|p1a: Meigallo|70/100 par
|-damage|p1b: Farrapos|37/100 par
|-unboost|p1b: Farrapos|spe|1
|
|-heal|p2b: Big Jerry|94/100|[from] Grassy Terrain
|-heal|p1a: Meigallo|76/100 par|[from] Grassy Terrain
|-heal|p2a: Electabuzz|77/100|[from] Grassy Terrain
|upkeep
|turn|11
|
|t:|1756333293
|move|p1a: Meigallo|Tailwind|p1a: Meigallo
|-sidestart|p1: moth.o|move: Tailwind
|move|p1b: Farrapos|Dark Pulse|p2a: Electabuzz
|-damage|p2a: Electabuzz|47/100
|move|p2b: Big Jerry|U-turn|p1b: Farrapos
|-supereffective|p1b: Farrapos
|-damage|p1b: Farrapos|0 fnt
|faint|p1b: Farrapos
|
|t:|1756333301
|switch|p2b: Gholdengo|Gholdengo, L50|51/100|[from] U-turn
|move|p2a: Electabuzz|Taunt|p1a: Meigallo
|-start|p1a: Meigallo|move: Taunt
|
|-heal|p1a: Meigallo|81/100 par|[from] Grassy Terrain
|-heal|p2b: Gholdengo|58/100|[from] Grassy Terrain
|-heal|p2a: Electabuzz|53/100|[from] Grassy Terrain
|upkeep
|
|t:|1756333316
|switch|p1b: Fenrir|Arcanine-Hisui, L50, M|96/100
|-ability|p1b: Fenrir|Intimidate|boost
|-unboost|p2a: Electabuzz|atk|1
|-unboost|p2b: Gholdengo|atk|1
|turn|12
|
|t:|1756333346
|move|p2a: Electabuzz|Follow Me|p2a: Electabuzz
|-singleturn|p2a: Electabuzz|move: Follow Me
|move|p1b: Fenrir|Flare Blitz|p2a: Electabuzz
|-damage|p2a: Electabuzz|0 fnt
|faint|p2a: Electabuzz
|-damage|p1b: Fenrir|79/100|[from] Recoil
|move|p1a: Meigallo|Moonblast|p2b: Gholdengo
|-resisted|p2b: Gholdengo
|-damage|p2b: Gholdengo|46/100
|-unboost|p2b: Gholdengo|spa|1
|move|p2b: Gholdengo|Make It Rain|p1a: Meigallo|[spread] p1a,p1b
|-supereffective|p1a: Meigallo
|-crit|p1b: Fenrir
|-damage|p1a: Meigallo|0 fnt
|-damage|p1b: Fenrir|0 fnt
|-unboost|p2b: Gholdengo|spa|1
|faint|p1a: Meigallo
|faint|p1b: Fenrir
|
|-heal|p2b: Gholdengo|52/100|[from] Grassy Terrain
|-fieldend|move: Grassy Terrain
|upkeep
|c| ranakos|EL CRITICO NOOO
|
|t:|1756333369
|switch|p2a: Big Jerry|Rillaboom, L50, F, tera:Fire|94/100
|switch|p1b: Galantería|Gallade, L50, M, shiny|100/100
|-fieldstart|move: Grassy Terrain|[from] ability: Grassy Surge|[of] p2a: Big Jerry
|turn|13
|c| ranakos|la ganaba mario igual creo yo
|
|t:|1756333379
|switch|p2b: Gyarados|Gyarados, L50, F|26/100
|-ability|p2b: Gyarados|Intimidate|boost
|-unboost|p1b: Galantería|atk|1
|move|p1b: Galantería|Protect|p1b: Galantería
|-singleturn|p1b: Galantería|Protect
|move|p2a: Big Jerry|Fake Out|p1b: Galantería
|-activate|p1b: Galantería|move: Protect
|
|-heal|p2a: Big Jerry|99/100|[from] Grassy Terrain
|upkeep
|turn|14
|
|t:|1756333399
|move|p1b: Galantería|Psycho Cut|p2b: Gyarados
|-damage|p2b: Gyarados|0 fnt
|faint|p2b: Gyarados
|-damage|p1b: Galantería|91/100|[from] item: Life Orb
|move|p2a: Big Jerry|Wood Hammer|p1b: Galantería
|-crit|p1b: Galantería
|-damage|p1b: Galantería|0 fnt
|faint|p1b: Galantería
|-damage|p2a: Big Jerry|78/100|[from] Recoil
|
|win|mariocansado
|raw|moth.o's rating: 1064 → 1048(-16 for losing)
|raw|mariocansado's rating: 1133 → 1153(+20 for winning)
|c|☆mariocansado|las hostias que mete el gallade
|c|☆mariocansado|damn
|c|☆moth.o|Gg
|c|☆mariocansado|ggs
|c| ranakos|no lo sabes tu bien
|c|☆mariocansado|me salió ya 3 veces
|c|☆mariocansado|en lo que llevo jugado ahora
|c|☆moth.o|Mu bien jugao Mario uwu
|c|☆mariocansado|muchas garcias
|c|☆moth.o|Si fuera alguien de la elite te estaría inaultando ahora mismo
|c| ranakos|yo me perdí el set en directo por andar jugando al lol, tragico
|c|☆mariocansado|JSAJJAJSA
|c|☆moth.o|Insultando*
|c|☆mariocansado|madre
|c|☆mariocansado|al que hay que insultar es al que estaba jugando al lol
|c|☆mariocansado|ayer me vi el video de joseju de la caida del lol
|c|☆mariocansado|#dato
|c| ranakos|para cuando #trabajo
|c|☆moth.o|Bueno el puto Darío de mierda nunca hace nada a derechas
|c|☆mariocansado|ya trabayé
|c|☆moth.o|Hay k quererle
|c| ranakos|pues el equipo parece que me salió a derechas e mamon
|c| ranakos|metió laburo el gyarados
|c|☆moth.o|Subnormal
|c|☆mariocansado|el gyarados con thunder wave da asquito
|c| ranakos|si, por eso está
|c|☆moth.o|Trueno le voy a meter al Dengo
|c| ranakos|JAJAJAJA
|c| ranakos|ostias le metiste fire spin al hydragon mamón?
|c|☆moth.o|Queréis igualar el poder de mi Tinkamierdas
|c|☆moth.o|Y no podéis
|c|☆mariocansado|me voy a dormir que mañana tengo que madrugar para trabajar (probar otro team en ladder)
|c| ranakos|ese set de tinkaton es increible, pero necesitamos intimidate o mario se mea encima con sneasler
|c|☆moth.o|Le metí fire spin porque los cantantes me tocan los cojones
|c| ranakos|nuenas boches
|c|☆mariocansado|hostia no tiene que ver
|c|☆mariocansado|pero antes
|c|☆moth.o|Entonces si yo muero
|c|☆moth.o|El cantnto Conmigo
|c|☆mariocansado|perdí un bo3 porque me congelaron en games seguidos con ventisca
|c| ranakos|lmao
|c| ranakos|hala a dormir que es miercoles
|c|☆moth.o|Joder
|c| ranakos|chao chao
|c|☆moth.o|Duerman
