|j|☆toadsamongmen
|j|☆tr4ppy08
|html|toadsamongmentr4ppy08    
|uhtml|bestof|Game 3 of a best-of-3
|t:|1783531214
|gametype|doubles
|player|p1|toadsamongmen|surfer|
|player|p2|tr4ppy08|hilbert|
|gen|9
|tier|[Gen 9 Champions] VGC 2026 Reg M-B (Bo3)
|rule|Species Clause: Limit one of each Pokémon
|rule|Item Clause: Limit 1 of each item
|clearpoke
|poke|p1|Mawile, L50, M|
|poke|p1|Archaludon, L50, M|
|poke|p1|Pelipper, L50, F|
|poke|p1|Swampert, L50, M|
|poke|p1|Incineroar, L50, F|
|poke|p1|Farigiraf, L50, F|
|poke|p2|Gholdengo, L50|
|poke|p2|Hydreigon, L50, F, shiny|
|poke|p2|Staraptor, L50, M, shiny|
|poke|p2|Maushold, L50, shiny|
|poke|p2|Incineroar, L50, F|
|poke|p2|Whimsicott, L50, M, shiny|
|teampreview|4
|showteam|p1|Mawile||Mawilite|HyperCutter|SuckerPunch,RockSlide,PlayRough,IronHead|Brave||M|||50|]Archaludon||Leftovers|Stamina|ElectroShot,DragonPulse,AuraSphere,Protect|Calm||M|||50|]Pelipper||FocusSash|Drizzle|Tailwind,WeatherBall,Hurricane,Protect|Modest||F|||50|]Swampert||Swampertite|Damp|HighHorsepower,WaveCrash,Protect,KnockOff|Adamant||M|||50|]Incineroar||Charcoal|Intimidate|FakeOut,FlareBlitz,CloseCombat,ThroatChop|Adamant||F|||50|]Farigiraf||ColburBerry|ArmorTail|TrickRoom,Psychic,HelpingHand,FoulPlay|Relaxed||F|||50|
|showteam|p2|Gholdengo||LifeOrb|GoodasGold|NastyPlot,MakeItRain,ShadowBall,Protect|Modest|||||50|]Hydreigon||ChoiceScarf|Levitate|Tailwind,DracoMeteor,DarkPulse,Flamethrower|Modest||F|||50|]Staraptor||Staraptite|Intimidate|BraveBird,CloseCombat,Roost,Protect|Adamant||M|||50|]Maushold||SitrusBerry|FriendGuard|Feint,FollowMe,Taunt,Protect|Jolly|||||50|]Incineroar||ChopleBerry|Intimidate|FakeOut,ThroatChop,FlareBlitz,PartingShot|Careful||F|||50|]Whimsicott||FocusSash|Prankster|Moonblast,Tailwind,Charm,Encore|Timid||M|||50|
|
|t:|1783531247
|teamsize|p1|4
|teamsize|p2|4
|start
|switch|p1a: Farigiraf|Farigiraf, L50, F|100/100
|switch|p1b: Incineroar|Incineroar, L50, F|100/100
|switch|p2a: Staraptor|Staraptor, L50, M, shiny|100/100
|switch|p2b: Whimsicott|Whimsicott, L50, M, shiny|100/100
|-ability|p2a: Staraptor|Intimidate|boost
|-unboost|p1a: Farigiraf|atk|1
|-unboost|p1b: Incineroar|atk|1
|-ability|p1b: Incineroar|Intimidate|boost
|-unboost|p2a: Staraptor|atk|1
|-unboost|p2b: Whimsicott|atk|1
|turn|1
|
|t:|1783531305
|switch|p2a: Hydreigon|Hydreigon, L50, F, shiny|100/100
|move|p1b: Incineroar|Fake Out|p2a: Hydreigon
|-damage|p2a: Hydreigon|88/100
|move|p2b: Whimsicott|Moonblast|p1a: Farigiraf
|-damage|p1a: Farigiraf|75/100
|move|p1a: Farigiraf|Trick Room|p1a: Farigiraf
|-fieldstart|move: Trick Room|[of] p1a: Farigiraf
|
|upkeep
|turn|2
|
|t:|1783531336
|switch|p2b: Incineroar|Incineroar, L50, F|100/100
|-ability|p2b: Incineroar|Intimidate|boost
|-unboost|p1a: Farigiraf|atk|1
|-unboost|p1b: Incineroar|atk|1
|move|p1a: Farigiraf|Helping Hand|p1b: Incineroar
|-singleturn|p1b: Incineroar|Helping Hand|[of] p1a: Farigiraf
|move|p1b: Incineroar|Close Combat|p2a: Hydreigon
|-supereffective|p2a: Hydreigon|1
|-damage|p2a: Hydreigon|18/100
|-unboost|p1b: Incineroar|def|1
|-unboost|p1b: Incineroar|spd|1
|move|p2a: Hydreigon|Dark Pulse|p1a: Farigiraf
|-supereffective|p1a: Farigiraf|1
|-enditem|p1a: Farigiraf|Colbur Berry|[eat]
|-enditem|p1a: Farigiraf|Colbur Berry|[weaken]
|-damage|p1a: Farigiraf|37/100
|
|upkeep
|turn|3
|
|t:|1783531365
|switch|p1a: Pelipper|Pelipper, L50, F|100/100
|-weather|RainDance|[from] ability: Drizzle|[of] p1a: Pelipper
|switch|p2a: Whimsicott|Whimsicott, L50, M, shiny|100/100
|move|p1b: Incineroar|Close Combat|p2a: Whimsicott
|-resisted|p2a: Whimsicott|1
|-damage|p2a: Whimsicott|88/100
|-unboost|p1b: Incineroar|def|1
|-unboost|p1b: Incineroar|spd|1
|move|p2b: Incineroar|Throat Chop|p1a: Pelipper
|-damage|p1a: Pelipper|58/100
|-start|p1a: Pelipper|Throat Chop|[silent]
|
|-weather|RainDance|[upkeep]
|upkeep
|turn|4
|
|t:|1783531411
|switch|p1b: Mawile|Mawile, L50, M|100/100
|switch|p2a: Hydreigon|Hydreigon, L50, F, shiny|18/100
|move|p2b: Incineroar|Parting Shot|p1a: Pelipper
|-unboost|p1a: Pelipper|atk|1
|-unboost|p1a: Pelipper|spa|1
|
|t:|1783531422
|switch|p2b: Whimsicott|Whimsicott, L50, M, shiny|88/100|[from] Parting Shot
|move|p1a: Pelipper|Weather Ball|p2b: Whimsicott
|-resisted|p2b: Whimsicott|1
|-crit|p2b: Whimsicott
|-damage|p2b: Whimsicott|26/100
|
|-weather|RainDance|[upkeep]
|-end|p1a: Pelipper|Throat Chop|[silent]
|upkeep
|turn|5
|
|t:|1783531467
|detailschange|p1b: Mawile|Mawile-Mega, L50, M
|-mega|p1b: Mawile|Mawile|Mawilite
|move|p2b: Whimsicott|Charm|p1b: Mawile
|-unboost|p1b: Mawile|atk|2
|move|p1b: Mawile|Play Rough|p2a: Hydreigon
|-supereffective|p2a: Hydreigon|2
|-damage|p2a: Hydreigon|0 fnt
|faint|p2a: Hydreigon
|move|p1a: Pelipper|Weather Ball|p2b: Whimsicott
|-resisted|p2b: Whimsicott|1
|-damage|p2b: Whimsicott|0 fnt
|faint|p2b: Whimsicott
|
|-weather|RainDance|[upkeep]
|-fieldend|move: Trick Room
|upkeep
|
|t:|1783531479
|switch|p2b: Staraptor|Staraptor, L50, M, shiny|100/100
|switch|p2a: Incineroar|Incineroar, L50, F|100/100
|-ability|p2b: Staraptor|Intimidate|boost
|-unboost|p1a: Pelipper|atk|1
|-unboost|p1b: Mawile|atk|1
|-ability|p2a: Incineroar|Intimidate|boost
|-unboost|p1a: Pelipper|atk|1
|-unboost|p1b: Mawile|atk|1
|turn|6
|
|t:|1783531523
|switch|p1b: Incineroar|Incineroar, L50, F|100/100
|-ability|p1b: Incineroar|Intimidate|boost
|-unboost|p2a: Incineroar|atk|1
|-unboost|p2b: Staraptor|atk|1
|detailschange|p2b: Staraptor|Staraptor-Mega, L50, M, shiny
|-mega|p2b: Staraptor|Staraptor|Staraptite
|move|p2b: Staraptor|Close Combat|p1a: Pelipper
|-resisted|p1a: Pelipper|1
|-damage|p1a: Pelipper|27/100
|-boost|p2b: Staraptor|def|1
|-boost|p2b: Staraptor|spd|1
|move|p1a: Pelipper|Hurricane|p2b: Staraptor
|-supereffective|p2b: Staraptor|1
|-damage|p2b: Staraptor|39/100
|move|p2a: Incineroar|Parting Shot|p1b: Incineroar
|-unboost|p1b: Incineroar|atk|1
|-unboost|p1b: Incineroar|spa|1
|
|-weather|RainDance|[upkeep]
|upkeep
|turn|7
|
|t:|1783531565
|move|p2b: Staraptor|Protect|p2b: Staraptor
|-singleturn|p2b: Staraptor|Protect
|move|p1b: Incineroar|Fake Out|p2b: Staraptor
|-activate|p2b: Staraptor|move: Protect
|move|p1a: Pelipper|Weather Ball|p2a: Incineroar
|-supereffective|p2a: Incineroar|1
|-damage|p2a: Incineroar|36/100
|move|p2a: Incineroar|Throat Chop|p1a: Pelipper
|-damage|p1a: Pelipper|0 fnt
|faint|p1a: Pelipper
|
|-weather|none
|upkeep
|
|t:|1783531578
|switch|p1a: Mawile|Mawile-Mega, L50, M|100/100
|turn|8
|
|t:|1783531598
|move|p2b: Staraptor|Close Combat|p1a: Mawile
|-damage|p1a: Mawile|54/100
|-boost|p2b: Staraptor|def|1
|-boost|p2b: Staraptor|spd|1
|move|p2a: Incineroar|Flare Blitz|p1a: Mawile
|-supereffective|p1a: Mawile|1
|-damage|p1a: Mawile|0 fnt
|faint|p1a: Mawile
|-damage|p2a: Incineroar|22/100|[from] Recoil
|move|p1b: Incineroar|Close Combat|p2a: Incineroar
|-supereffective|p2a: Incineroar|1
|-enditem|p2a: Incineroar|Chople Berry|[eat]
|-enditem|p2a: Incineroar|Chople Berry|[weaken]
|-damage|p2a: Incineroar|1/100
|-unboost|p1b: Incineroar|def|1
|-unboost|p1b: Incineroar|spd|1
|
|upkeep
|
|t:|1783531606
|switch|p1a: Farigiraf|Farigiraf, L50, F|37/100
|turn|9
|
|t:|1783531631
|move|p2b: Staraptor|Roost|p2b: Staraptor
|-heal|p2b: Staraptor|89/100
|-singleturn|p2b: Staraptor|move: Roost
|move|p2a: Incineroar|Throat Chop|p1a: Farigiraf
|-supereffective|p1a: Farigiraf|1
|-damage|p1a: Farigiraf|3/100
|-start|p1a: Farigiraf|Throat Chop|[silent]
|move|p1b: Incineroar|Flare Blitz|p2b: Staraptor
|-damage|p2b: Staraptor|63/100
|-damage|p1b: Incineroar|93/100|[from] Recoil
|move|p1a: Farigiraf|Psychic|p2b: Staraptor
|-supereffective|p2b: Staraptor|1
|-crit|p2b: Staraptor
|-damage|p2b: Staraptor|0 fnt
|faint|p2b: Staraptor
|
|upkeep
|turn|10
|
|t:|1783531658
|move|p2a: Incineroar|Throat Chop|p1a: Farigiraf
|-supereffective|p1a: Farigiraf|1
|-damage|p1a: Farigiraf|0 fnt
|faint|p1a: Farigiraf
|move|p1b: Incineroar|Close Combat|p2a: Incineroar
|-supereffective|p2a: Incineroar|1
|-damage|p2a: Incineroar|0 fnt
|-unboost|p1b: Incineroar|def|1
|-unboost|p1b: Incineroar|spd|1
|faint|p2a: Incineroar
|
|win|toadsamongmen
|l|☆tr4ppy08
|player|p2|
