|j|☆Pelosis
|j|☆pokeopposition
|html|Pelosispokeopposition    
|uhtml|bestof|Game 1 of a best-of-3
|t:|1784204652
|gametype|doubles
|player|p1|Pelosis|102|1153
|player|p2|pokeopposition|silver|1185
|gen|9
|tier|[Gen 9 Champions] VGC 2026 Reg M-B (Bo3)
|rated|
|rule|Species Clause: Limit one of each Pokémon
|rule|Item Clause: Limit 1 of each item
|clearpoke
|poke|p1|Mawile, L50, F|
|poke|p1|Farigiraf, L50, M|
|poke|p1|Incineroar, L50, M|
|poke|p1|Torkoal, L50, F|
|poke|p1|Venusaur, L50, M|
|poke|p1|Scrafty, L50, F|
|poke|p2|Gyarados, L50, M, shiny|
|poke|p2|Garchomp, L50, M, shiny|
|poke|p2|Sinistcha, L50, shiny|
|poke|p2|Sneasler, L50, M, shiny|
|poke|p2|Incineroar, L50, F|
|poke|p2|Pelipper, L50, M, shiny|
|teampreview|4
|showteam|p1|Mawile||Mawilite|HyperCutter|Protect,PlayRough,SwordsDance,SuckerPunch|Brave||F|||50|]Farigiraf||SitrusBerry|ArmorTail|TrickRoom,TwinBeam,Thunderbolt,HelpingHand|Quiet||M|||50|]Incineroar||WhiteHerb|Intimidate|FakeOut,CloseCombat,FlareBlitz,DarkestLariat|Brave||M|||50|]Torkoal||Charcoal|Drought|Protect,Eruption,HeatWave,WeatherBall|Quiet||F|||50|]Venusaur||FocusSash|Chlorophyll|SleepPowder,EarthPower,EnergyBall,SludgeBomb|Modest||M|||50|]Scrafty||Scraftinite|Intimidate|FakeOut,CloseCombat,KnockOff,IcePunch|Brave||F|||50|
|showteam|p2|Gyarados||Gyaradosite|Intimidate|Waterfall,Crunch,DragonDance,Protect|Jolly||M|||50|]Garchomp||LifeOrb|RoughSkin|Earthquake,RockSlide,DragonClaw,Protect|Jolly||M|||50|]Sinistcha||Leftovers|Hospitality|MatchaGotcha,TrickRoom,RagePowder,Protect|Relaxed|||||50|]Sneasler||WhiteHerb|Unburden|GunkShot,CloseCombat,FakeOut,Protect|Adamant||M|||50|]Incineroar||SitrusBerry|Intimidate|FakeOut,PartingShot,FlareBlitz,ThroatChop|Impish||F|||50|]Pelipper||FocusSash|Drizzle|Tailwind,Hurricane,WeatherBall,Protect|Timid||M|||50|
|inactive|Battle timer is ON: inactive players will automatically lose when time's up. (requested by Pelosis)
|
|t:|1784204693
|teamsize|p1|4
|teamsize|p2|4
|start
|switch|p1a: Farigiraf|Farigiraf, L50, M|100/100
|switch|p1b: Incineroar|Incineroar, L50, M|100/100
|switch|p2a: Gyarados|Gyarados, L50, M, shiny|100/100
|switch|p2b: Garchomp|Garchomp, L50, M, shiny|100/100
|-ability|p2a: Gyarados|Intimidate|boost
|-unboost|p1a: Farigiraf|atk|1
|-unboost|p1b: Incineroar|atk|1
|-ability|p1b: Incineroar|Intimidate|boost
|-unboost|p2a: Gyarados|atk|1
|-unboost|p2b: Garchomp|atk|1
|-enditem|p1b: Incineroar|White Herb
|-clearnegativeboost|p1b: Incineroar|[silent]
|turn|1
|inactive|Pelosis has 30 seconds left.
|inactive|Pelosis has 20 seconds left.
|inactive|Pelosis has 15 seconds left.
|
|t:|1784204735
|detailschange|p2a: Gyarados|Gyarados-Mega, L50, M, shiny
|-mega|p2a: Gyarados|Gyarados|Gyaradosite
|-ability|p2a: Gyarados|Mold Breaker
|move|p1b: Incineroar|Fake Out|p2a: Gyarados
|-damage|p2a: Gyarados|86/100
|move|p2b: Garchomp|Rock Slide|p1b: Incineroar|[spread] p1a,p1b
|-supereffective|p1b: Incineroar|1
|-damage|p1a: Farigiraf|83/100
|-damage|p1b: Incineroar|65/100
|-damage|p2b: Garchomp|90/100|[from] item: Life Orb
|cant|p2a: Gyarados|flinch
|move|p1a: Farigiraf|Trick Room|p1a: Farigiraf
|-fieldstart|move: Trick Room|[of] p1a: Farigiraf
|
|upkeep
|turn|2
|inactive|pokeopposition has 30 seconds left.
|
|t:|1784204766
|switch|p2a: Sneasler|Sneasler, L50, M, shiny|100/100
|move|p1b: Incineroar|Close Combat|p2a: Sneasler
|-resisted|p2a: Sneasler|1
|-damage|p2a: Sneasler|64/100
|-unboost|p1b: Incineroar|def|1
|-unboost|p1b: Incineroar|spd|1
|move|p1a: Farigiraf|Twin Beam|p2b: Garchomp
|-damage|p2b: Garchomp|69/100
|-crit|p2b: Garchomp
|-damage|p2b: Garchomp|40/100
|-hitcount|p2b: Garchomp|2
|move|p2b: Garchomp|Rock Slide|p1a: Farigiraf|[spread] p1a,p1b
|-supereffective|p1b: Incineroar|1
|-damage|p1a: Farigiraf|67/100
|-damage|p1b: Incineroar|16/100
|-damage|p2b: Garchomp|30/100|[from] item: Life Orb
|
|upkeep
|turn|3
|
|t:|1784204788
|switch|p2a: Gyarados|Gyarados-Mega, L50, M, shiny|86/100
|-ability|p2a: Gyarados|Mold Breaker
|move|p1a: Farigiraf|Twin Beam|p2a: Gyarados
|-immune|p2a: Gyarados
|move|p1b: Incineroar|Close Combat|p2a: Gyarados
|-supereffective|p2a: Gyarados|1
|-damage|p2a: Gyarados|10/100
|-unboost|p1b: Incineroar|def|1
|-unboost|p1b: Incineroar|spd|1
|move|p2b: Garchomp|Rock Slide|p1a: Farigiraf|[spread] p1a,p1b
|-supereffective|p1b: Incineroar|1
|-damage|p1a: Farigiraf|49/100
|-damage|p1b: Incineroar|0 fnt
|-enditem|p1a: Farigiraf|Sitrus Berry|[eat]
|-heal|p1a: Farigiraf|74/100|[from] item: Sitrus Berry
|faint|p1b: Incineroar
|-damage|p2b: Garchomp|20/100y|[from] item: Life Orb
|
|upkeep
|
|t:|1784204812
|switch|p1b: Mawile|Mawile, L50, F|100/100
|turn|4
|
|t:|1784204832
|switch|p2b: Sneasler|Sneasler, L50, M, shiny|64/100
|detailschange|p1b: Mawile|Mawile-Mega, L50, F
|-mega|p1b: Mawile|Mawile|Mawilite
|move|p2a: Gyarados|Protect|p2a: Gyarados
|-singleturn|p2a: Gyarados|Protect
|move|p1b: Mawile|Swords Dance|p1b: Mawile
|-boost|p1b: Mawile|atk|2
|move|p1a: Farigiraf|Thunderbolt|p2a: Gyarados
|-activate|p2a: Gyarados|move: Protect
|
|upkeep
|turn|5
|
|t:|1784204853
|switch|p2a: Garchomp|Garchomp, L50, M, shiny|20/100y
|move|p2b: Sneasler|Protect|p2b: Sneasler
|-singleturn|p2b: Sneasler|Protect
|move|p1b: Mawile|Play Rough|p2a: Garchomp|[miss]
|-miss|p1b: Mawile|p2a: Garchomp
|move|p1a: Farigiraf|Twin Beam|p2b: Sneasler
|-activate|p2b: Sneasler|move: Protect
|
|-fieldend|move: Trick Room
|upkeep
|turn|6
|inactive|Pelosis has 30 seconds left.
|inactive|pokeopposition has 30 seconds left.
|
|t:|1784204880
|move|p1b: Mawile|Sucker Punch|p2b: Sneasler
|-resisted|p2b: Sneasler|1
|-damage|p2b: Sneasler|0 fnt
|faint|p2b: Sneasler
|move|p2a: Garchomp|Rock Slide|p1a: Farigiraf|[spread] p1a
|-miss|p2a: Garchomp|p1b: Mawile
|-damage|p1a: Farigiraf|50/100g
|-damage|p2a: Garchomp|10/100|[from] item: Life Orb
|move|p1a: Farigiraf|Trick Room|p1a: Farigiraf
|-fieldstart|move: Trick Room|[of] p1a: Farigiraf
|
|upkeep
|-message|pokeopposition forfeited.
|
|win|Pelosis
||pokeopposition is ready for game 2.
||Pelosis is ready for game 2.
|uhtml|next|Next: Game 2 of 3
