|j|☆circleming
|j|☆ttsui234
|html|circlemingttsui234    
|uhtml|bestof|Game 2 of a best-of-3
|t:|1785260423
|gametype|doubles
|player|p1|circleming|170|
|player|p2|ttsui234|266|
|gen|9
|tier|[Gen 9 Champions] VGC 2026 Reg M-B (Bo3)
|rule|Species Clause: Limit one of each Pokémon
|rule|Item Clause: Limit 1 of each item
|clearpoke
|poke|p1|Swampert, L50, F, shiny|
|poke|p1|Gengar, L50, F, shiny|
|poke|p1|Incineroar, L50, F, shiny|
|poke|p1|Politoed, L50, F, shiny|
|poke|p1|Archaludon, L50, F, shiny|
|poke|p1|Vivillon-Pokeball, L50, F, shiny|
|poke|p2|Staraptor, L50, M|
|poke|p2|Garchomp, L50, M|
|poke|p2|Whimsicott, L50, M|
|poke|p2|Delphox, L50, M, shiny|
|poke|p2|Glimmora, L50, F|
|poke|p2|Kingambit, L50, F, shiny|
|teampreview|4
|showteam|p1|Swampert||Swampertite|Torrent|WaveCrash,Earthquake,IcePunch,Protect|Adamant||F|||50|]Gengar||Gengarite|CursedBody|ShadowBall,PerishSong,SludgeBomb,Protect|Timid||F|||50|]Incineroar||PasshoBerry|Intimidate|FakeOut,ThroatChop,PartingShot,Protect|Relaxed||F|||50|]Politoed||SitrusBerry|Drizzle|WeatherBall,Encore,PerishSong,Protect|Bold||F|||50|]Archaludon||Leftovers|Stamina|ElectroShot,FlashCannon,DragonPulse,Protect|Calm||F|||50|]Vivillon-Pokeball||FocusSash|CompoundEyes|SleepPowder,Hurricane,RagePowder,Protect|Timid||F|||50|
|showteam|p2|Staraptor||Staraptite|Intimidate|Protect,Roost,CloseCombat,BraveBird|Jolly||M|||50|]Garchomp||LifeOrb|RoughSkin|Protect,RockSlide,Earthquake,DragonClaw|Jolly||M|||50|]Whimsicott||OccaBerry|Prankster|Moonblast,Tailwind,Charm,LightScreen|Timid||M|||50|]Delphox||Delphoxite|Blaze|HeatWave,Psychic,Substitute,Protect|Modest||M|||50|]Glimmora||FocusSash|ToxicDebris|SpikyShield,EarthPower,PowerGem,SludgeBomb|Timid||F|||50|]Kingambit||ChopleBerry|Defiant|KowtowCleave,IronHead,SuckerPunch,LowKick|Adamant||F|||50|
|c|☆circleming|開姆克鷹那端有機會嗎
|c|☆circleming|沒打過不太確定
|
|t:|1785260471
|teamsize|p1|4
|teamsize|p2|4
|start
|switch|p1a: Swampert|Swampert, L50, F, shiny|100/100
|switch|p1b: Vivillon|Vivillon-Pokeball, L50, F, shiny|100/100
|switch|p2a: Staraptor|Staraptor, L50, M|100/100
|switch|p2b: Whimsicott|Whimsicott, L50, M|100/100
|-ability|p2a: Staraptor|Intimidate|boost
|-unboost|p1a: Swampert|atk|1
|-unboost|p1b: Vivillon|atk|1
|turn|1
|
|t:|1785260538
|switch|p1b: Politoed|Politoed, L50, F, shiny|100/100
|-weather|RainDance|[from] ability: Drizzle|[of] p1b: Politoed
|detailschange|p2a: Staraptor|Staraptor-Mega, L50, M
|-mega|p2a: Staraptor|Staraptor|Staraptite
|detailschange|p1a: Swampert|Swampert-Mega, L50, F, shiny
|-mega|p1a: Swampert|Swampert|Swampertite
|move|p1a: Swampert|Wave Crash|p2a: Staraptor
|-damage|p2a: Staraptor|8/100
|-damage|p1a: Swampert|73/100|[from] Recoil
|move|p2b: Whimsicott|Moonblast|p1b: Politoed
|-damage|p1b: Politoed|75/100
|move|p2a: Staraptor|Brave Bird|p1b: Politoed
|-damage|p1b: Politoed|17/100
|-enditem|p1b: Politoed|Sitrus Berry|[eat]
|-heal|p1b: Politoed|42/100|[from] item: Sitrus Berry
|-damage|p2a: Staraptor|0 fnt|[from] Recoil
|faint|p2a: Staraptor
|
|-weather|RainDance|[upkeep]
|upkeep
|
|t:|1785260545
|switch|p2a: Garchomp|Garchomp, L50, M|100/100
|turn|2
|
|t:|1785260585
|switch|p1b: Incineroar|Incineroar, L50, F, shiny|100/100
|-ability|p1b: Incineroar|Intimidate|boost
|-unboost|p2a: Garchomp|atk|1
|-unboost|p2b: Whimsicott|atk|1
|move|p2b: Whimsicott|Charm|p1a: Swampert
|-unboost|p1a: Swampert|atk|2
|move|p1a: Swampert|Wave Crash|p2a: Garchomp
|-damage|p2a: Garchomp|58/100
|-damage|p1a: Swampert|61/100|[from] ability: Rough Skin|[of] p2a: Garchomp
|-damage|p1a: Swampert|47/100|[from] Recoil
|move|p2a: Garchomp|Earthquake|p1a: Swampert|[spread] p2b,p1a,p1b
|-resisted|p2b: Whimsicott|1
|-supereffective|p1b: Incineroar|1
|-damage|p2b: Whimsicott|81/100
|-damage|p1a: Swampert|18/100
|-damage|p1b: Incineroar|49/100
|-damage|p2a: Garchomp|48/100|[from] item: Life Orb
|
|-weather|RainDance|[upkeep]
|upkeep
|turn|3
|
|t:|1785260617
|switch|p2a: Kingambit|Kingambit, L50, F, shiny|100/100
|move|p1b: Incineroar|Fake Out|p2a: Kingambit
|-resisted|p2a: Kingambit|1
|-damage|p2a: Kingambit|96/100
|move|p1a: Swampert|Ice Punch|p2b: Whimsicott
|-supereffective|p2b: Whimsicott|1
|-damage|p2b: Whimsicott|50/100g
|move|p2b: Whimsicott|Moonblast|p1b: Incineroar
|-damage|p1b: Incineroar|25/100
|
|-weather|RainDance|[upkeep]
|upkeep
|turn|4
|
|t:|1785260644
|switch|p1a: Politoed|Politoed, L50, F, shiny|42/100
|move|p2b: Whimsicott|Moonblast|p1a: Politoed
|-damage|p1a: Politoed|18/100
|move|p1b: Incineroar|Parting Shot|p2b: Whimsicott
|-unboost|p2b: Whimsicott|atk|1
|-unboost|p2b: Whimsicott|spa|1
|
|t:|1785260658
|switch|p1b: Vivillon|Vivillon-Pokeball, L50, F, shiny|100/100|[from] Parting Shot
|move|p2a: Kingambit|Low Kick|p1b: Vivillon
|-resisted|p1b: Vivillon|2
|-crit|p1b: Vivillon
|-damage|p1b: Vivillon|88/100
|
|-weather|RainDance|[upkeep]
|upkeep
|turn|5
|
|t:|1785260713
|switch|p2b: Garchomp|Garchomp, L50, M|48/100
|move|p2a: Kingambit|Sucker Punch||[still]
|-fail|p2a: Kingambit
|move|p1b: Vivillon|Hurricane|p2b: Garchomp
|-damage|p2b: Garchomp|0 fnt
|faint|p2b: Garchomp
|move|p1a: Politoed|Encore|p2a: Kingambit
|-start|p2a: Kingambit|Encore
|
|-weather|none
|upkeep
|-message|ttsui234 forfeited.
|
|win|circleming
|l|☆ttsui234
|player|p2|
|j|☆ttsui234
|player|p2|ttsui234|266|
|l|☆ttsui234
|player|p2|
