|j|☆klophaffed
|j|☆Pzdns99
|html|klophaffedPzdns99    
|uhtml|bestof|Game 1 of a best-of-3
|t:|1756869243
|gametype|doubles
|player|p1|klophaffed|169|
|player|p2|Pzdns99|grimsley|
|gen|9
|tier|[Gen 9] VGC 2025 Reg H (Bo3)
|rule|Species Clause: Limit one of each Pokémon
|rule|Item Clause: Limit 1 of each item
|clearpoke
|poke|p1|Maushold-Four, L50|
|poke|p1|Annihilape, L50, M|
|poke|p1|Hydrapple, L50, F|
|poke|p1|Dragonite, L50, F|
|poke|p1|Ampharos, L50, F|
|poke|p1|Pelipper, L50, F|
|poke|p2|Lumineon, L50, M|
|poke|p2|Pelipper, L50, M|
|poke|p2|Archaludon, L50, M|
|poke|p2|Amoonguss, L50, F|
|poke|p2|Annihilape, L50, M|
|poke|p2|Weavile, L50, M|
|teampreview|4
|showteam|p1|Maushold-Four||SafetyGoggles|FriendGuard|BeatUp,FollowMe,SuperFang,Feint||||||50|,,,,,Ghost]Annihilape||PunchingGlove|Defiant|RageFist,DrainPunch,BulkUp,Protect|||M|||50|,,,,,Steel]Hydrapple||ScopeLens|SupersweetSyrup|LeafStorm,DracoMeteor,HydroPump,Protect|||F|||50|,,,,,Water]Dragonite||RazorClaw|InnerFocus|DragonClaw,ExtremeSpeed,IceSpinner,Protect|||F|||50|,,,,,Normal]Ampharos||LightClay|Static|Reflect,LightScreen,DragonCheer,Electroweb|||F|||50|,,,,,Flying]Pelipper||FocusSash|Drizzle|Tailwind,Hurricane,WeatherBall,Protect|||F|||50|,,,,,Stellar
|showteam|p2|Lumineon||CovertCloak|SwiftSwim|FlipTurn,Tailwind,Encore,RainDance|||M|||50|,,,,,Grass]Pelipper||ChoiceSpecs|Drizzle|Hurricane,MuddyWater,WeatherBall,Uturn|||M|||50|,,,,,Ghost]Archaludon||AssaultVest|Stamina|ElectroShot,BodyPress,Snarl,DracoMeteor|||M|||50|,,,,,Grass]Amoonguss||SitrusBerry|Regenerator|PollenPuff,Protect,RagePowder,Spore|||F|||50|,,,,,Psychic]Annihilape||SafetyGoggles|Defiant|DrainPunch,RageFist,BulkUp,Taunt|||M|||50|,,,,,Water]Weavile||FocusSash|Pickpocket|BeatUp,TripleAxel,KnockOff,Protect|||M|||50|,,,,,Ghost
|inactive|Battle timer is ON: inactive players will automatically lose when time's up. (requested by Pzdns99)
|
|t:|1756869264
|teamsize|p1|4
|teamsize|p2|4
|start
|switch|p1a: Maushold|Maushold-Four, L50|100/100
|switch|p1b: Annihilape|Annihilape, L50, M|100/100
|switch|p2a: Archaludon|Archaludon, L50, M|100/100
|switch|p2b: Weavile|Weavile, L50, M|100/100
|turn|1
|inactive|klophaffed has 30 seconds left.
|inactive|Pzdns99 has 30 seconds left.
|c|☆Pzdns99|thx
|inactive|klophaffed has 20 seconds left.
|inactive|Pzdns99 has 20 seconds left.
|inactive|klophaffed has 15 seconds left.
|inactive|Pzdns99 has 15 seconds left.
|inactive|klophaffed has 10 seconds left.
|inactive|Pzdns99 has 10 seconds left.
|
|t:|1756869312
|move|p2b: Weavile|Beat Up|p2a: Archaludon
|-damage|p2a: Archaludon|94/100
|-ability|p2a: Archaludon|Stamina|boost
|-boost|p2a: Archaludon|def|1
|-crit|p2a: Archaludon
|-damage|p2a: Archaludon|83/100
|-ability|p2a: Archaludon|Stamina|boost
|-boost|p2a: Archaludon|def|1
|-damage|p2a: Archaludon|80/100
|-ability|p2a: Archaludon|Stamina|boost
|-boost|p2a: Archaludon|def|1
|-damage|p2a: Archaludon|77/100
|-ability|p2a: Archaludon|Stamina|boost
|-boost|p2a: Archaludon|def|1
|-hitcount|p2a: Archaludon|4
|move|p1a: Maushold|Beat Up|p1b: Annihilape
|-damage|p1b: Annihilape|99/100
|-damage|p1b: Annihilape|97/100
|-damage|p1b: Annihilape|95/100
|-damage|p1b: Annihilape|93/100
|-hitcount|p1b: Annihilape|4
|move|p1b: Annihilape|Drain Punch|p2b: Weavile
|-supereffective|p2b: Weavile
|-enditem|p2b: Weavile|Focus Sash
|-damage|p2b: Weavile|1/100
|-heal|p1b: Annihilape|100/100|[from] drain|[of] p2b: Weavile
|move|p2a: Archaludon|Body Press|p1a: Maushold
|-supereffective|p1a: Maushold
|-damage|p1a: Maushold|0 fnt
|faint|p1a: Maushold
|
|upkeep
|inactive|klophaffed has 30 seconds left.
|inactive|klophaffed has 20 seconds left.
|inactive|klophaffed has 15 seconds left.
|
|t:|1756869354
|switch|p1a: Dragonite|Dragonite, L50, F|100/100
|turn|2
|inactive|klophaffed has 30 seconds left.
|
|t:|1756869384
|-terastallize|p2b: Weavile|Ghost
|move|p1a: Dragonite|Extreme Speed|p2b: Weavile
|-immune|p2b: Weavile
|move|p2b: Weavile|Triple Axel|p1a: Dragonite
|-supereffective|p1a: Dragonite
|-damage|p1a: Dragonite|58/100
|-supereffective|p1a: Dragonite
|-damage|p1a: Dragonite|0 fnt
|faint|p1a: Dragonite
|-hitcount|p1: Dragonite|2
|move|p1b: Annihilape|Bulk Up|p1b: Annihilape
|-boost|p1b: Annihilape|atk|1
|-boost|p1b: Annihilape|def|1
|move|p2a: Archaludon|Body Press|p1b: Annihilape
|-immune|p1b: Annihilape
|
|upkeep
|
|t:|1756869408
|switch|p1a: Hydrapple|Hydrapple, L50, F|100/100
|-ability|p1a: Hydrapple|Supersweet Syrup
|-unboost|p2a: Archaludon|evasion|1
|-unboost|p2b: Weavile|evasion|1
|turn|3
|inactive|klophaffed has 30 seconds left.
|inactive|klophaffed has 20 seconds left.
|
|t:|1756869445
|-terastallize|p1a: Hydrapple|Water
|move|p2b: Weavile|Knock Off|p1a: Hydrapple
|-damage|p1a: Hydrapple|58/100
|-enditem|p1a: Hydrapple|Scope Lens|[from] move: Knock Off|[of] p2b: Weavile
|move|p1b: Annihilape|Bulk Up|p1b: Annihilape
|-boost|p1b: Annihilape|atk|1
|-boost|p1b: Annihilape|def|1
|move|p2a: Archaludon|Body Press|p1a: Hydrapple
|-damage|p1a: Hydrapple|2/100
|move|p1a: Hydrapple|Hydro Pump|p2b: Weavile
|-damage|p2b: Weavile|0 fnt
|faint|p2b: Weavile
|
|upkeep
|inactive|Pzdns99 has 30 seconds left.
|
|t:|1756869471
|switch|p2b: Annihilape|Annihilape, L50, M|100/100
|turn|4
|inactive|klophaffed has 30 seconds left.
|inactive|klophaffed has 20 seconds left.
|inactive|klophaffed has 15 seconds left.
|
|t:|1756869514
|move|p1b: Annihilape|Rage Fist|p2b: Annihilape
|-supereffective|p2b: Annihilape
|-damage|p2b: Annihilape|0 fnt
|faint|p2b: Annihilape
|move|p2a: Archaludon|Electro Shot||[still]
|-prepare|p2a: Archaludon|Electro Shot
|-boost|p2a: Archaludon|spa|1
|move|p1a: Hydrapple|Draco Meteor|p2a: Archaludon
|-damage|p2a: Archaludon|30/100
|-unboost|p1a: Hydrapple|spa|2
|-ability|p2a: Archaludon|Stamina|boost
|-boost|p2a: Archaludon|def|1
|
|upkeep
|
|t:|1756869523
|switch|p2b: Amoonguss|Amoonguss, L50, F|100/100
|turn|5
|inactive|klophaffed has 30 seconds left.
|inactive|klophaffed has 20 seconds left.
|inactive|klophaffed has 15 seconds left.
|inactive|klophaffed has 10 seconds left.
|
|t:|1756869571
|move|p2b: Amoonguss|Protect|p2b: Amoonguss
|-singleturn|p2b: Amoonguss|Protect
|move|p1b: Annihilape|Rage Fist|p2b: Amoonguss
|-activate|p2b: Amoonguss|move: Protect
|move|p2a: Archaludon|Electro Shot|p1b: Annihilape|[from] lockedmove
|-damage|p1b: Annihilape|45/100
|move|p1a: Hydrapple|Draco Meteor|p2b: Amoonguss
|-activate|p2b: Amoonguss|move: Protect
|
|upkeep
|turn|6
|inactive|klophaffed has 30 seconds left.
|inactive|klophaffed has 20 seconds left.
|inactive|klophaffed has 15 seconds left.
|inactive|klophaffed has 10 seconds left.
|inactive|klophaffed has 5 seconds left.
|
|t:|1756869622
|move|p2b: Amoonguss|Rage Powder|p2b: Amoonguss
|-singleturn|p2b: Amoonguss|move: Rage Powder
|move|p1b: Annihilape|Rage Fist|p2b: Amoonguss
|-damage|p2b: Amoonguss|0 fnt
|faint|p2b: Amoonguss
|move|p2a: Archaludon|Draco Meteor|p1b: Annihilape
|-damage|p1b: Annihilape|0 fnt
|-unboost|p2a: Archaludon|spa|2
|faint|p1b: Annihilape
|move|p1a: Hydrapple|Draco Meteor|p2a: Archaludon
|-damage|p2a: Archaludon|5/100
|-unboost|p1a: Hydrapple|spa|2
|-ability|p2a: Archaludon|Stamina|boost
|-boost|p2a: Archaludon|def|1
|
|upkeep
|turn|7
|
|t:|1756869640
|move|p2a: Archaludon|Body Press|p1a: Hydrapple
|-damage|p1a: Hydrapple|0 fnt
|faint|p1a: Hydrapple
|
|win|Pzdns99
||Pzdns99 is ready for game 2.
||klophaffed is ready for game 2.
|uhtml|next|Next: Game 2 of 3
|l|☆klophaffed
|player|p1|
