|j|☆Da Newnew
|j|☆Daniw9
|html|Da NewnewDaniw9    
|uhtml|bestof|Game 2 of a best-of-3
|t:|1756389902
|gametype|doubles
|player|p1|Da Newnew|101|1107
|player|p2|Daniw9|101|1208
|gen|9
|tier|[Gen 9] VGC 2025 Reg H (Bo3)
|rated|
|rule|Species Clause: Limit one of each Pokémon
|rule|Item Clause: Limit 1 of each item
|clearpoke
|poke|p1|Tyranitar, L50, F|
|poke|p1|Volcarona, L50, F|
|poke|p1|Houndstone, L50, M|
|poke|p1|Sneasler, L50, F|
|poke|p1|Rillaboom, L50, M|
|poke|p1|Dragonite, L50, M|
|poke|p2|Garchomp, L50, M|
|poke|p2|Tyranitar, L50, F|
|poke|p2|Delphox, L50, M|
|poke|p2|Indeedee-F, L50, F|
|poke|p2|Gallade, L50, M|
|poke|p2|Whimsicott, L50, F|
|teampreview|4
|showteam|p1|Tyranitar||AssaultVest|SandStream|RockSlide,KnockOff,TeraBlast,LowKick|||F|||50|,,,,,Flying]Volcarona||Leftovers|FlameBody|HeatWave,GigaDrain,QuiverDance,Protect|||F|||50|,,,,,Dragon]Houndstone||ClearAmulet|SandRush|Protect,LastRespects,PsychicFangs,Poltergeist|||M|||50|,,,,,Ghost]Sneasler||GrassySeed|Unburden|Protect,DireClaw,CloseCombat,Coaching|||F|||50|,,,,,Stellar]Rillaboom||MiracleSeed|GrassySurge|FakeOut,GrassyGlide,WoodHammer,HighHorsepower|||M|||50|,,,,,Fire]Dragonite||LoadedDice|Multiscale|ScaleShot,Haze,Tailwind,ExtremeSpeed|||M|||50|,,,,,Dragon
|showteam|p2|Garchomp||LifeOrb|SandVeil|Earthquake,StompingTantrum,Protect,DragonClaw|||M|||50|,,,,,Steel]Tyranitar||AssaultVest|SandStream|RockSlide,TeraBlast,KnockOff,LowKick|||F|||50|,,,,,Flying]Delphox||PsychicSeed|Magician|ExpandingForce,HeatWave,TeraBlast,Protect|||M|||50|,,,,,Fairy]Indeedee-F||SafetyGoggles|PsychicSurge|DazzlingGleam,TrickRoom,FollowMe,HelpingHand|||F|||50|,,,,,Water]Gallade||ClearAmulet|Sharpness|SacredSword,PsychoCut,TrickRoom,Protect|||M|||50|,,,,,Grass]Whimsicott||CovertCloak|Prankster|Moonblast,Tailwind,Encore,Protect|||F|||50|,,,,,Ghost
|
|t:|1756389938
|teamsize|p1|4
|teamsize|p2|4
|start
|switch|p1a: Sneasler|Sneasler, L50, F|100/100
|switch|p1b: Volcarona|Volcarona, L50, F|100/100
|switch|p2a: Gallade|Gallade, L50, M|100/100
|switch|p2b: Whimsicott|Whimsicott, L50, F|100/100
|turn|1
|
|t:|1756389956
|-terastallize|p2b: Whimsicott|Ghost
|move|p2b: Whimsicott|Tailwind|p2b: Whimsicott
|-sidestart|p2: Daniw9|move: Tailwind
|move|p2a: Gallade|Psycho Cut|p1a: Sneasler
|-supereffective|p1a: Sneasler
|-damage|p1a: Sneasler|0 fnt
|faint|p1a: Sneasler
|move|p1b: Volcarona|Heat Wave|p2b: Whimsicott|[spread] p2a,p2b
|-damage|p2a: Gallade|66/100
|-damage|p2b: Whimsicott|52/100
|
|upkeep
|
|t:|1756389968
|switch|p1a: Rillaboom|Rillaboom, L50, M|100/100
|-fieldstart|move: Grassy Terrain|[from] ability: Grassy Surge|[of] p1a: Rillaboom
|turn|2
|
|t:|1756389982
|switch|p2b: Indeedee|Indeedee-F, L50, F|100/100
|-fieldstart|move: Psychic Terrain|[from] ability: Psychic Surge|[of] p2b: Indeedee
|move|p2a: Gallade|Psycho Cut|p1b: Volcarona
|-damage|p1b: Volcarona|17/100
|move|p1b: Volcarona|Heat Wave|p2b: Indeedee|[spread] 
|-miss|p1b: Volcarona|p2a: Gallade
|-miss|p1b: Volcarona|p2b: Indeedee
|move|p1a: Rillaboom|Wood Hammer|p2b: Indeedee
|-damage|p2b: Indeedee|22/100
|-damage|p1a: Rillaboom|78/100|[from] Recoil
|
|-heal|p1b: Volcarona|23/100|[from] item: Leftovers
|upkeep
|turn|3
|
|t:|1756390004
|move|p2b: Indeedee|Follow Me|p2b: Indeedee
|-singleturn|p2b: Indeedee|move: Follow Me
|move|p2a: Gallade|Psycho Cut|p1a: Rillaboom
|-damage|p1a: Rillaboom|6/100
|move|p1b: Volcarona|Quiver Dance|p1b: Volcarona
|-boost|p1b: Volcarona|spa|1
|-boost|p1b: Volcarona|spd|1
|-boost|p1b: Volcarona|spe|1
|move|p1a: Rillaboom|Wood Hammer|p2b: Indeedee
|-damage|p2b: Indeedee|0 fnt
|faint|p2b: Indeedee
|-damage|p1a: Rillaboom|0 fnt|[from] Recoil
|faint|p1a: Rillaboom
|
|-heal|p1b: Volcarona|30/100|[from] item: Leftovers
|upkeep
|
|t:|1756390021
|switch|p1a: Tyranitar|Tyranitar, L50, F|100/100
|switch|p2b: Whimsicott|Whimsicott, L50, F, tera:Ghost|52/100
|-weather|Sandstorm|[from] ability: Sand Stream|[of] p1a: Tyranitar
|turn|4
|
|t:|1756390038
|-terastallize|p1a: Tyranitar|Flying
|move|p2b: Whimsicott|Protect|p2b: Whimsicott
|-singleturn|p2b: Whimsicott|Protect
|move|p1b: Volcarona|Protect|p1b: Volcarona
|-singleturn|p1b: Volcarona|Protect
|move|p2a: Gallade|Sacred Sword|p1a: Tyranitar
|-resisted|p1a: Tyranitar
|-crit|p1a: Tyranitar
|-damage|p1a: Tyranitar|54/100
|move|p1a: Tyranitar|Tera Blast|p2a: Gallade|[anim] Tera Blast Flying
|-supereffective|p2a: Gallade
|-damage|p2a: Gallade|0 fnt
|faint|p2a: Gallade
|
|-weather|Sandstorm|[upkeep]
|-damage|p2b: Whimsicott|46/100|[from] Sandstorm
|-damage|p1b: Volcarona|23/100|[from] Sandstorm
|-damage|p1a: Tyranitar|49/100|[from] Sandstorm
|-heal|p1b: Volcarona|30/100|[from] item: Leftovers
|-sideend|p2: Daniw9|move: Tailwind
|upkeep
|
|t:|1756390049
|switch|p2a: Tyranitar|Tyranitar, L50, F|100/100
|turn|5
|inactive|Battle timer is ON: inactive players will automatically lose when time's up. (requested by Daniw9)
|
|t:|1756390072
|move|p2b: Whimsicott|Tailwind|p2b: Whimsicott
|-sidestart|p2: Daniw9|move: Tailwind
|move|p1b: Volcarona|Giga Drain|p2a: Tyranitar
|-supereffective|p2a: Tyranitar
|-damage|p2a: Tyranitar|72/100
|-heal|p1b: Volcarona|45/100|[from] drain|[of] p2a: Tyranitar
|move|p2a: Tyranitar|Rock Slide|p1a: Tyranitar|[spread] p1a,p1b
|-supereffective|p1a: Tyranitar
|-supereffective|p1b: Volcarona
|-damage|p1a: Tyranitar|0 fnt
|-damage|p1b: Volcarona|0 fnt
|faint|p1a: Tyranitar
|faint|p1b: Volcarona
|
|win|Daniw9
|inactive|Da Newnew has 30 seconds to confirm battle start!
|inactive|Daniw9 has 30 seconds to confirm battle start!
||Daniw9 is ready for game 3.
||Da Newnew is ready for game 3.
|uhtml|next|Next: Game 3 of 3
