|j|☆ToastedArt
|j|☆thedragonrush
|html|ToastedArtthedragonrush    
|uhtml|bestof|Game 1 of a best-of-3
|t:|1784502798
|gametype|doubles
|player|p1|ToastedArt|iris|1058
|player|p2|thedragonrush|rosa|1120
|gen|9
|tier|[Gen 9 Champions] VGC 2026 Reg M-B (Bo3)
|rated|
|rule|Species Clause: Limit one of each Pokémon
|rule|Item Clause: Limit 1 of each item
|clearpoke
|poke|p1|Falinks, L50, shiny|
|poke|p1|Incineroar, L50, M|
|poke|p1|Basculegion, L50, M|
|poke|p1|Sneasler, L50, M|
|poke|p1|Vanilluxe, L50, F, shiny|
|poke|p1|Dragonite, L50, M|
|poke|p2|Charizard, L50, M, shiny|
|poke|p2|Sneasler, L50, F|
|poke|p2|Incineroar, L50, F|
|poke|p2|Sinistcha-Masterpiece, L50|
|poke|p2|Garchomp, L50, F|
|poke|p2|Floette-Eternal, L50, F|
|teampreview|4
|showteam|p1|Falinks||Falinksite|Defiant|NoRetreat,CloseCombat,RockSlide,Protect|Adamant|||||50|]Incineroar||PasshoBerry|Intimidate|FlareBlitz,ThroatChop,FakeOut,PartingShot|Adamant||M|||50|]Basculegion||SitrusBerry|Adaptability|WaveCrash,LastRespects,AquaJet,Protect|Adamant||M|||50|]Sneasler||FocusSash|PoisonTouch|PoisonJab,CloseCombat,FakeOut,Coaching|Jolly||M|||50|]Vanilluxe||ChoiceScarf|SnowWarning|Blizzard,FreezeDry,IcyWind,SheerCold|Modest||F|||50|]Dragonite||LifeOrb|InnerFocus|DragonClaw,ExtremeSpeed,ThunderPunch,Tailwind|Adamant||M|||50|
|showteam|p2|Charizard||CharizarditeY|Blaze|HeatWave,WeatherBall,SolarBeam,Protect|Modest||M|||50|]Sneasler||WhiteHerb|Unburden|FakeOut,DireClaw,CloseCombat,Taunt|Adamant||F|||50|]Incineroar||SitrusBerry|Intimidate|FakeOut,PartingShot,ThroatChop,FlareBlitz|Careful||F|||50|]Sinistcha-Masterpiece||KasibBerry|Hospitality|RagePowder,MatchaGotcha,TrickRoom,Protect|Relaxed|||||50|]Garchomp||ChoiceScarf|SandVeil|RockSlide,StompingTantrum,Earthquake,DragonClaw|Adamant||F|||50|]Floette-Eternal||Floettite|FlowerVeil|Psychic,CalmMind,DazzlingGleam,Protect|Modest||F|||50|
|inactive|Battle timer is ON: inactive players will automatically lose when time's up. (requested by ToastedArt)
|inactive|ToastedArt has 60 seconds left.
|inactive|ToastedArt has 30 seconds left.
|inactive|ToastedArt has 20 seconds left.
|inactive|ToastedArt has 15 seconds left.
|inactive|ToastedArt has 10 seconds left.
|
|t:|1784502881
|teamsize|p1|4
|teamsize|p2|4
|start
|switch|p1a: Vanilluxe|Vanilluxe, L50, F, shiny|100/100
|switch|p1b: Basculegion|Basculegion, L50, M|100/100
|switch|p2a: Floette|Floette-Eternal, L50, F|100/100
|switch|p2b: Incineroar|Incineroar, L50, F|100/100
|-weather|Snowscape|[from] ability: Snow Warning|[of] p1a: Vanilluxe
|-ability|p2b: Incineroar|Intimidate|boost
|-unboost|p1a: Vanilluxe|atk|1
|-unboost|p1b: Basculegion|atk|1
|turn|1
|
|t:|1784502904
|detailschange|p2a: Floette|Floette-Mega, L50, F
|-mega|p2a: Floette|Floette|Floettite
|-ability|p2a: Floette|Fairy Aura
|move|p2b: Incineroar|Fake Out|p1a: Vanilluxe
|-damage|p1a: Vanilluxe|89/100
|cant|p1a: Vanilluxe|flinch
|move|p2a: Floette|Dazzling Gleam|p1a: Vanilluxe|[spread] p1a,p1b
|-damage|p1a: Vanilluxe|29/100
|-damage|p1b: Basculegion|53/100
|move|p1b: Basculegion|Wave Crash|p2a: Floette
|-damage|p2a: Floette|32/100
|-damage|p1b: Basculegion|35/100|[from] Recoil
|-enditem|p1b: Basculegion|Sitrus Berry|[eat]
|-heal|p1b: Basculegion|60/100|[from] item: Sitrus Berry
|
|-weather|Snowscape|[upkeep]
|upkeep
|turn|2
|
|t:|1784502928
|switch|p2b: Sinistcha|Sinistcha-Masterpiece, L50|100/100
|-heal|p2a: Floette|57/100|[from] ability: Hospitality|[of] p2b: Sinistcha
|move|p1a: Vanilluxe|Icy Wind|p2a: Floette|[spread] p2a,p2b
|-supereffective|p2b: Sinistcha|1
|-damage|p2a: Floette|41/100
|-damage|p2b: Sinistcha|56/100
|-unboost|p2a: Floette|spe|1
|-unboost|p2b: Sinistcha|spe|1
|move|p1b: Basculegion|Wave Crash|p2b: Sinistcha
|-resisted|p2b: Sinistcha|1
|-damage|p2b: Sinistcha|35/100
|-damage|p1b: Basculegion|54/100|[from] Recoil
|move|p2a: Floette|Dazzling Gleam|p1b: Basculegion|[spread] p1a,p1b
|-damage|p1a: Vanilluxe|0 fnt
|-damage|p1b: Basculegion|10/100
|faint|p1a: Vanilluxe
|
|-weather|Snowscape|[upkeep]
|upkeep
|
|t:|1784502940
|switch|p1a: Falinks|Falinks, L50, shiny|100/100
|turn|3
|inactive|ToastedArt has 30 seconds left.
|
|t:|1784502970
|switch|p1b: Incineroar|Incineroar, L50, M|100/100
|-ability|p1b: Incineroar|Intimidate|boost
|-unboost|p2a: Floette|atk|1
|-unboost|p2b: Sinistcha|atk|1
|detailschange|p1a: Falinks|Falinks-Mega, L50, shiny
|-mega|p1a: Falinks|Falinks|Falinksite
|move|p1a: Falinks|Protect|p1a: Falinks
|-singleturn|p1a: Falinks|Protect
|move|p2b: Sinistcha|Rage Powder|p2b: Sinistcha
|-singleturn|p2b: Sinistcha|move: Rage Powder
|move|p2a: Floette|Dazzling Gleam|p1a: Falinks|[spread] p1b
|-activate|p1a: Falinks|move: Protect
|-damage|p1b: Incineroar|57/100
|
|-weather|Snowscape|[upkeep]
|upkeep
|turn|4
|
|t:|1784502995
|switch|p2b: Garchomp|Garchomp, L50, F|100/100
|move|p2a: Floette|Protect|p2a: Floette
|-singleturn|p2a: Floette|Protect
|move|p1b: Incineroar|Fake Out|p2a: Floette
|-activate|p2a: Floette|move: Protect
|move|p1a: Falinks|No Retreat|p1a: Falinks
|-boost|p1a: Falinks|atk|1
|-boost|p1a: Falinks|def|1
|-boost|p1a: Falinks|spa|1
|-boost|p1a: Falinks|spd|1
|-boost|p1a: Falinks|spe|1
|-start|p1a: Falinks|move: No Retreat
|
|-weather|Snowscape|[upkeep]
|upkeep
|turn|5
|inactive|ToastedArt has 30 seconds left.
|
|t:|1784503027
|switch|p2b: Sinistcha|Sinistcha-Masterpiece, L50|35/100
|-heal|p2a: Floette|65/100|[from] ability: Hospitality|[of] p2b: Sinistcha
|move|p1a: Falinks|Rock Slide|p2b: Sinistcha|[spread] p2a,p2b
|-damage|p2a: Floette|28/100
|-damage|p2b: Sinistcha|7/100
|cant|p2a: Floette|flinch
|move|p1b: Incineroar|Flare Blitz|p2a: Floette
|-crit|p2a: Floette
|-damage|p2a: Floette|0 fnt
|faint|p2a: Floette
|-damage|p1b: Incineroar|49/100|[from] Recoil
|
|-weather|none
|upkeep
|-message|thedragonrush forfeited.
|
|win|ToastedArt
