|j|☆FlashStatic
|j|☆fancy_0221
|html|FlashStaticfancy_0221    
|uhtml|bestof|Game 1 of a best-of-3
|t:|1784838940
|gametype|doubles
|player|p1|FlashStatic|palmer|
|player|p2|fancy_0221|caitlin|
|gen|9
|tier|[Gen 9 Champions] VGC 2026 Reg M-B (Bo3)
|rule|Species Clause: Limit one of each Pokémon
|rule|Item Clause: Limit 1 of each item
|clearpoke
|poke|p1|Greninja, L50, F, shiny|
|poke|p1|Grimmsnarl, L50, M|
|poke|p1|Metagross, L50, shiny|
|poke|p1|Talonflame, L50, M|
|poke|p1|Maushold, L50|
|poke|p1|Roserade, L50, M, shiny|
|poke|p2|Staraptor, L50, M|
|poke|p2|Typhlosion, L50, M|
|poke|p2|Sinistcha, L50|
|poke|p2|Raichu, L50, M|
|poke|p2|Excadrill, L50, M|
|poke|p2|Snorlax, L50, M|
|teampreview|4
|showteam|p1|Greninja||Greninjite|Protean|DarkPulse,Extrasensory,HydroPump,Surf|Timid||F|||50|]Grimmsnarl||Leftovers|Prankster|Reflect,FakeOut,FoulPlay,Swagger|Careful||M|||50|]Metagross||Metagrossite|ClearBody|BodyPress,PsychicFangs,BulletPunch,Protect|Jolly|||||50|]Talonflame||WhiteHerb|GaleWings|Tailwind,DualWingbeat,FlareBlitz,Acrobatics|Jolly||M|||50|]Maushold||KingsRock|Technician|PopulationBomb,FollowMe,HelpingHand,SuperFang|Jolly|||||50|]Roserade||FocusSash|PoisonPoint|SleepPowder,WeatherBall,EnergyBall,RainDance|Timid||M|||50|
|showteam|p2|Staraptor||Staraptite|Intimidate|BraveBird,CloseCombat,Uturn,Protect|Jolly||M|||50|]Typhlosion||ChoiceScarf|FlashFire|Eruption,Overheat,ShadowBall,Extrasensory|Modest||M|||50|]Sinistcha||SitrusBerry|Hospitality|MatchaGotcha,StrengthSap,Protect,RagePowder|Calm|||||50|]Raichu||FocusSash|LightningRod|FakeOut,Thunderbolt,Nuzzle,Charm|Timid||M|||50|]Excadrill||LifeOrb|MoldBreaker|HighHorsepower,IronHead,RockSlide,RapidSpin|Jolly||M|||50|]Snorlax||Leftovers|ThickFat|BodySlam,Rest,Curse,SleepTalk|Careful||M|||50|
|
|t:|1784838978
|teamsize|p1|4
|teamsize|p2|4
|start
|switch|p1a: Talonflame|Talonflame, L50, M|100/100
|switch|p1b: Metagross|Metagross, L50, shiny|100/100
|switch|p2a: Raichu|Raichu, L50, M|100/100
|switch|p2b: Excadrill|Excadrill, L50, M|100/100
|-ability|p2b: Excadrill|Mold Breaker
|turn|1
|inactive|Battle timer is ON: inactive players will automatically lose when time's up. (requested by FlashStatic)
|
|t:|1784839004
|detailschange|p1b: Metagross|Metagross-Mega, L50, shiny
|-mega|p1b: Metagross|Metagross|Metagrossite
|move|p2a: Raichu|Fake Out|p1a: Talonflame
|-damage|p1a: Talonflame|88/100
|cant|p1a: Talonflame|flinch
|move|p1b: Metagross|Body Press|p2b: Excadrill
|-supereffective|p2b: Excadrill|1
|-damage|p2b: Excadrill|8/100
|move|p2b: Excadrill|Rock Slide|p1b: Metagross|[spread] p1a
|-miss|p2b: Excadrill|p1b: Metagross
|-supereffective|p1a: Talonflame|2
|-damage|p1a: Talonflame|0 fnt
|faint|p1a: Talonflame
|-damage|p2b: Excadrill|0 fnt|[from] item: Life Orb
|faint|p2b: Excadrill
|
|upkeep
|
|t:|1784839021
|switch|p1a: Grimmsnarl|Grimmsnarl, L50, M|100/100
|switch|p2b: Staraptor|Staraptor, L50, M|100/100
|-ability|p2b: Staraptor|Intimidate|boost
|-unboost|p1a: Grimmsnarl|atk|1
|-unboost|p1b: Metagross|atk|1
|turn|2
|inactive|FlashStatic has 30 seconds left.
|inactive|fancy_0221 has 30 seconds left.
|
|t:|1784839052
|detailschange|p2b: Staraptor|Staraptor-Mega, L50, M
|-mega|p2b: Staraptor|Staraptor|Staraptite
|move|p1a: Grimmsnarl|Fake Out|p2b: Staraptor
|-damage|p2b: Staraptor|91/100
|move|p2a: Raichu|Thunderbolt|p1b: Metagross
|-damage|p1b: Metagross|63/100
|cant|p2b: Staraptor|flinch
|move|p1b: Metagross|Psychic Fangs|p2b: Staraptor
|-supereffective|p2b: Staraptor|1
|-damage|p2b: Staraptor|0 fnt
|faint|p2b: Staraptor
|
|upkeep
|
|t:|1784839063
|switch|p2b: Typhlosion|Typhlosion, L50, M|100/100
|turn|3
|
|t:|1784839072
|move|p1b: Metagross|Protect|p1b: Metagross
|-singleturn|p1b: Metagross|Protect
|move|p1a: Grimmsnarl|Reflect|p1a: Grimmsnarl
|-sidestart|p1: FlashStatic|Reflect
|move|p2b: Typhlosion|Eruption|p1b: Metagross|[spread] p1a
|-activate|p1b: Metagross|move: Protect
|-damage|p1a: Grimmsnarl|56/100
|move|p2a: Raichu|Nuzzle|p1a: Grimmsnarl
|-damage|p1a: Grimmsnarl|51/100
|-status|p1a: Grimmsnarl|par
|
|-heal|p1a: Grimmsnarl|57/100 par|[from] item: Leftovers
|upkeep
|turn|4
|
|t:|1784839093
|move|p1a: Grimmsnarl|Swagger|p2b: Typhlosion
|-boost|p2b: Typhlosion|atk|2
|-start|p2b: Typhlosion|confusion
|-activate|p2b: Typhlosion|confusion
|move|p2b: Typhlosion|Eruption|p1b: Metagross|[spread] p1a,p1b
|-supereffective|p1b: Metagross|1
|-damage|p1a: Grimmsnarl|16/100 par
|-damage|p1b: Metagross|0 fnt
|faint|p1b: Metagross
|move|p2a: Raichu|Thunderbolt|p1a: Grimmsnarl
|-damage|p1a: Grimmsnarl|0 fnt
|faint|p1a: Grimmsnarl
|
|upkeep
|
|t:|1784839109
|switch|p1a: Maushold|Maushold, L50|100/100
|turn|5
|
|t:|1784839127
|-activate|p2b: Typhlosion|confusion
|-damage|p2b: Typhlosion|78/100|[from] confusion
|move|p1a: Maushold|Population Bomb|p2b: Typhlosion
|-damage|p2b: Typhlosion|62/100
|-crit|p2b: Typhlosion
|-damage|p2b: Typhlosion|38/100
|-damage|p2b: Typhlosion|21/100
|-damage|p2b: Typhlosion|5/100
|-damage|p2b: Typhlosion|0 fnt
|faint|p2b: Typhlosion
|-hitcount|p2: Typhlosion|5
|move|p2a: Raichu|Nuzzle|p1a: Maushold
|-damage|p1a: Maushold|94/100
|-status|p1a: Maushold|par
|
|upkeep
|turn|6
|
|t:|1784839148
|move|p2a: Raichu|Thunderbolt|p1a: Maushold
|-damage|p1a: Maushold|39/100 par
|move|p1a: Maushold|Population Bomb|p2a: Raichu
|-damage|p2a: Raichu|75/100
|-damage|p2a: Raichu|52/100
|-damage|p2a: Raichu|30/100
|-damage|p2a: Raichu|5/100
|-damage|p2a: Raichu|0 fnt
|faint|p2a: Raichu
|-hitcount|p2: Raichu|5
|
|win|FlashStatic
||FlashStatic is ready for game 2.
|inactive|fancy_0221 has 30 seconds to confirm battle start!
||fancy_0221 is ready for game 2.
|uhtml|next|Next: Game 2 of 3
