|j|☆Bruthathechosen
|j|☆davirru6
|html|Bruthathechosendavirru6    
|uhtml|bestof|Game 1 of a best-of-3
|t:|1756910624
|gametype|doubles
|player|p1|Bruthathechosen|lady-gen4|1088
|player|p2|davirru6|1|1174
|gen|9
|tier|[Gen 9] VGC 2025 Reg H (Bo3)
|rated|
|rule|Species Clause: Limit one of each Pokémon
|rule|Item Clause: Limit 1 of each item
|clearpoke
|poke|p1|Hydreigon, L50, F|
|poke|p1|Incineroar, L50, M|
|poke|p1|Sinistcha-Masterpiece, L50|
|poke|p1|Primarina, L50, M|
|poke|p1|Sneasler, L50, M|
|poke|p1|Dragapult, L50, F|
|poke|p2|Pelipper, L50, F|
|poke|p2|Archaludon, L50, M|
|poke|p2|Basculegion, L50, M|
|poke|p2|Amoonguss, L50, F|
|poke|p2|Gholdengo, L50|
|poke|p2|Incineroar, L50, F|
|teampreview|4
|showteam|p1|Hydreigon||SitrusBerry|Levitate|Snarl,DracoMeteor,Tailwind,Protect|||F|||50|,,,,,Ghost]Incineroar||AssaultVest|Intimidate|FakeOut,FlareBlitz,KnockOff,Uturn|||M|||50|,,,,,Grass]Sinistcha-Masterpiece||RockyHelmet|Hospitality|MatchaGotcha,RagePowder,StrengthSap,Protect||||||50|,,,,,Water]Primarina||ThroatSpray|LiquidVoice|HyperVoice,Moonblast,Encore,Protect|||M|||50|,,,,,Poison]Sneasler||FocusSash|PoisonTouch|DireClaw,FakeOut,CloseCombat,Protect|||M|||50|,,,,,Stellar]Dragapult||ChoiceBand|ClearBody|DragonDarts,Outrage,PhantomForce,Uturn|||F|||50|,,,,,Dragon
|showteam|p2|Pelipper||FocusSash|Drizzle|Hurricane,WeatherBall,Tailwind,Protect|||F|||50|,,,,,Stellar]Archaludon||AssaultVest|Stamina|ElectroShot,DracoMeteor,Snarl,BodyPress|||M|||50|,,,,,Grass]Basculegion||ChoiceBand|SwiftSwim|WaveCrash,FlipTurn,AquaJet,LastRespects|||M|||50|,,,,,Water]Amoonguss||SitrusBerry|Regenerator|Spore,PollenPuff,RagePowder,Protect|||F|||50|,,,,,Water]Gholdengo||LifeOrb|GoodasGold|MakeItRain,ShadowBall,NastyPlot,Protect||||||50|,,,,,Water]Incineroar||RockyHelmet|Intimidate|KnockOff,FakeOut,Taunt,PartingShot|||F|||50|,,,,,Ghost
|inactive|Battle timer is ON: inactive players will automatically lose when time's up. (requested by davirru6)
|inactive|Bruthathechosen has 60 seconds left.
|inactive|davirru6 has 60 seconds left.
|
|t:|1756910676
|teamsize|p1|4
|teamsize|p2|4
|start
|switch|p1a: Hydreigon|Hydreigon, L50, F|100/100
|switch|p1b: Sneasler|Sneasler, L50, M|100/100
|switch|p2a: Pelipper|Pelipper, L50, F|100/100
|switch|p2b: Archaludon|Archaludon, L50, M|100/100
|-weather|RainDance|[from] ability: Drizzle|[of] p2a: Pelipper
|turn|1
|
|t:|1756910700
|switch|p2a: Amoonguss|Amoonguss, L50, F|100/100
|-terastallize|p2b: Archaludon|Grass
|move|p1a: Hydreigon|Protect|p1a: Hydreigon
|-singleturn|p1a: Hydreigon|Protect
|move|p1b: Sneasler|Fake Out|p2a: Amoonguss
|-damage|p2a: Amoonguss|90/100
|move|p2b: Archaludon|Body Press|p1a: Hydreigon
|-activate|p1a: Hydreigon|move: Protect
|
|-weather|RainDance|[upkeep]
|upkeep
|turn|2
|inactive|Bruthathechosen has 30 seconds left.
|
|t:|1756910726
|move|p2a: Amoonguss|Rage Powder|p2a: Amoonguss
|-singleturn|p2a: Amoonguss|move: Rage Powder
|move|p1b: Sneasler|Dire Claw|p2a: Amoonguss
|-damage|p2a: Amoonguss|59/100
|-status|p2a: Amoonguss|par
|move|p1a: Hydreigon|Draco Meteor|p2a: Amoonguss|[miss]
|-miss|p1a: Hydreigon|p2a: Amoonguss
|move|p2b: Archaludon|Electro Shot||[still]
|-prepare|p2b: Archaludon|Electro Shot
|-boost|p2b: Archaludon|spa|1
|-anim|p2b: Archaludon|Electro Shot|p1b: Sneasler
|-damage|p1b: Sneasler|15/100
|
|-weather|RainDance|[upkeep]
|upkeep
|turn|3
|
|t:|1756910747
|cant|p2a: Amoonguss|par
|move|p1b: Sneasler|Dire Claw|p2b: Archaludon
|-supereffective|p2b: Archaludon
|-crit|p2b: Archaludon
|-damage|p2b: Archaludon|2/100
|-ability|p2b: Archaludon|Stamina|boost
|-boost|p2b: Archaludon|def|1
|-status|p2b: Archaludon|psn|[from] ability: Poison Touch|[of] p1b: Sneasler
|move|p1a: Hydreigon|Draco Meteor|p2a: Amoonguss|[miss]
|-miss|p1a: Hydreigon|p2a: Amoonguss
|move|p2b: Archaludon|Body Press|p1a: Hydreigon
|-supereffective|p1a: Hydreigon
|-damage|p1a: Hydreigon|24/100
|-enditem|p1a: Hydreigon|Sitrus Berry|[eat]
|-heal|p1a: Hydreigon|49/100|[from] item: Sitrus Berry
|
|-weather|RainDance|[upkeep]
|-damage|p2b: Archaludon|0 fnt|[from] psn
|faint|p2b: Archaludon
|upkeep
|
|t:|1756910768
|switch|p2b: Basculegion|Basculegion, L50, M|100/100
|turn|4
|
|t:|1756910792
|switch|p1b: Sinistcha|Sinistcha-Masterpiece, L50|100/100
|-heal|p1a: Hydreigon|74/100|[from] ability: Hospitality|[of] p1b: Sinistcha
|move|p2b: Basculegion|Wave Crash|p1b: Sinistcha
|-resisted|p1b: Sinistcha
|-damage|p1b: Sinistcha|42/100
|-damage|p2b: Basculegion|84/100|[from] item: Rocky Helmet|[of] p1b: Sinistcha
|-damage|p2b: Basculegion|70/100|[from] Recoil
|move|p1a: Hydreigon|Snarl|p2b: Basculegion|[spread] p2a,p2b
|-supereffective|p2b: Basculegion
|-damage|p2a: Amoonguss|41/100 par
|-damage|p2b: Basculegion|23/100
|-unboost|p2a: Amoonguss|spa|1
|-unboost|p2b: Basculegion|spa|1
|-enditem|p2a: Amoonguss|Sitrus Berry|[eat]
|-heal|p2a: Amoonguss|66/100 par|[from] item: Sitrus Berry
|move|p2a: Amoonguss|Spore|p1a: Hydreigon
|-status|p1a: Hydreigon|slp|[from] move: Spore
|
|-weather|RainDance|[upkeep]
|upkeep
|turn|5
|
|t:|1756910814
|move|p1b: Sinistcha|Protect|p1b: Sinistcha
|-singleturn|p1b: Sinistcha|Protect
|move|p2b: Basculegion|Wave Crash|p1b: Sinistcha
|-activate|p1b: Sinistcha|move: Protect
|cant|p1a: Hydreigon|slp
|move|p2a: Amoonguss|Pollen Puff|p2b: Basculegion
|-heal|p2b: Basculegion|73/100
|
|-weather|none
|upkeep
|turn|6
|
|t:|1756910832
|switch|p1b: Sneasler|Sneasler, L50, M|15/100
|switch|p2a: Pelipper|Pelipper, L50, F|100/100
|-weather|RainDance|[from] ability: Drizzle|[of] p2a: Pelipper
|move|p2b: Basculegion|Wave Crash|p1b: Sneasler
|-damage|p1b: Sneasler|0 fnt
|faint|p1b: Sneasler
|-damage|p2b: Basculegion|69/100|[from] Recoil
|cant|p1a: Hydreigon|slp
|
|-weather|RainDance|[upkeep]
|upkeep
|
|t:|1756910845
|switch|p1b: Primarina|Primarina, L50, M|100/100
|turn|7
|
|t:|1756910860
|move|p2b: Basculegion|Wave Crash|p1a: Hydreigon
|-resisted|p1a: Hydreigon
|-crit|p1a: Hydreigon
|-damage|p1a: Hydreigon|0 fnt
|faint|p1a: Hydreigon
|-damage|p2b: Basculegion|46/100|[from] Recoil
|move|p2a: Pelipper|Hurricane|p1b: Primarina
|-damage|p1b: Primarina|58/100
|move|p1b: Primarina|Moonblast|p2b: Basculegion
|-damage|p2b: Basculegion|0 fnt
|faint|p2b: Basculegion
|
|-weather|RainDance|[upkeep]
|upkeep
|
|t:|1756910872
|switch|p1a: Sinistcha|Sinistcha-Masterpiece, L50|42/100
|switch|p2b: Amoonguss|Amoonguss, L50, F|99/100 par
|-heal|p1b: Primarina|83/100|[from] ability: Hospitality|[of] p1a: Sinistcha
|turn|8
|
|t:|1756910889
|move|p2a: Pelipper|Protect|p2a: Pelipper
|-singleturn|p2a: Pelipper|Protect
|move|p1b: Primarina|Protect|p1b: Primarina
|-singleturn|p1b: Primarina|Protect
|move|p1a: Sinistcha|Strength Sap|p2b: Amoonguss
|-unboost|p2b: Amoonguss|atk|1
|-heal|p1a: Sinistcha|100/100
|move|p2b: Amoonguss|Spore|p1b: Primarina
|-activate|p1b: Primarina|move: Protect
|
|-weather|RainDance|[upkeep]
|upkeep
|turn|9
|
|t:|1756910912
|move|p2a: Pelipper|Hurricane|p1a: Sinistcha
|-supereffective|p1a: Sinistcha
|-crit|p1a: Sinistcha
|-damage|p1a: Sinistcha|0 fnt
|faint|p1a: Sinistcha
|move|p1b: Primarina|Encore|p2a: Pelipper
|-start|p2a: Pelipper|Encore
|move|p2b: Amoonguss|Spore|p1b: Primarina
|-status|p1b: Primarina|slp|[from] move: Spore
|
|-weather|RainDance|[upkeep]
|upkeep
|turn|10
|-message|Bruthathechosen forfeited.
|
|win|davirru6
||Bruthathechosen is ready for game 2.
||davirru6 is ready for game 2.
|uhtml|next|Next: Game 2 of 3
|l|☆Bruthathechosen
|player|p1|
