|j|☆ProbopassTrainer
|j|☆snodlop
|html|ProbopassTrainersnodlop    
|uhtml|bestof|Game 1 of a best-of-3
|t:|1782524236
|gametype|doubles
|player|p1|ProbopassTrainer|266|1171
|player|p2|snodlop|lebanne|1217
|gen|9
|tier|[Gen 9 Champions] VGC 2026 Reg M-B (Bo3)
|rated|
|rule|Species Clause: Limit one of each Pokémon
|rule|Item Clause: Limit 1 of each item
|clearpoke
|poke|p1|Eelektross, L50, F|
|poke|p1|Pelipper, L50, F|
|poke|p1|Archaludon, L50, M|
|poke|p1|Swampert, L50, M|
|poke|p1|Maushold-Four, L50, shiny|
|poke|p1|Overqwil, L50, M|
|poke|p2|Pelipper, L50, M|
|poke|p2|Archaludon, L50, F|
|poke|p2|Meganium, L50, F|
|poke|p2|Incineroar, L50, F|
|poke|p2|Dragonite, L50, F|
|poke|p2|Basculegion, L50, M|
|teampreview|4
|showteam|p1|Eelektross||Eelektrossite|Levitate|GrassKnot,Protect,Thunder,DragonPulse|Modest||F|||50|]Pelipper||FocusSash|Drizzle|Tailwind,Hurricane,WeatherBall,HelpingHand|Timid||F|||50|]Archaludon||Leftovers|Stamina|DragonPulse,ElectroShot,FlashCannon,Protect|Calm||M|||50|]Swampert||Swampertite|Torrent|IcePunch,Earthquake,WaveCrash,Protect|Adamant||M|||50|]Maushold-Four||ChopleBerry|FriendGuard|RainDance,FollowMe,SuperFang,Feint|Jolly|||||50|]Overqwil||LifeOrb|SwiftSwim|LashOut,PoisonJab,AquaJet,Protect|Adamant||M|||50|
|showteam|p2|Pelipper||FocusSash|Drizzle|Tailwind,WideGuard,Hurricane,WeatherBall|Modest||M|||50|]Archaludon||Leftovers|Stamina|ElectroShot,DracoMeteor,Snarl,Protect|Bold||F|||50|]Meganium||Meganiumite|Overgrow|SolarBeam,WeatherBall,Synthesis,DazzlingGleam|Modest||F|||50|]Incineroar||SitrusBerry|Intimidate|FakeOut,PartingShot,FlareBlitz,DarkestLariat|Careful||F|||50|]Dragonite||Dragoninite|Multiscale|Hurricane,DracoMeteor,WeatherBall,Protect|Modest||F|||50|]Basculegion||ChoiceScarf|SwiftSwim|LastRespects,Liquidation,FlipTurn,PsychicFangs|Jolly||M|||50|
|
|t:|1782524253
|teamsize|p1|4
|teamsize|p2|4
|start
|switch|p1a: Eelektross|Eelektross, L50, F|100/100
|switch|p1b: Los Ramirez|Maushold-Four, L50, shiny|100/100
|switch|p2a: Meganium|Meganium, L50, F|100/100
|switch|p2b: Incineroar|Incineroar, L50, F|100/100
|-ability|p2b: Incineroar|Intimidate|boost
|-unboost|p1a: Eelektross|atk|1
|-unboost|p1b: Los Ramirez|atk|1
|turn|1
|
|t:|1782524276
|detailschange|p2a: Meganium|Meganium-Mega, L50, F
|-mega|p2a: Meganium|Meganium|Meganiumite
|detailschange|p1a: Eelektross|Eelektross-Mega, L50, F
|-mega|p1a: Eelektross|Eelektross|Eelektrossite
|move|p2b: Incineroar|Fake Out|p1b: Los Ramirez
|-damage|p1b: Los Ramirez|88/100
|cant|p1b: Los Ramirez|flinch
|move|p1a: Eelektross|Thunder|p2b: Incineroar|[miss]
|-miss|p1a: Eelektross|p2b: Incineroar
|move|p2a: Meganium|Solar Beam||[still]
|-prepare|p2a: Meganium|Solar Beam
|-activate|p2a: Meganium|ability: Mega Sol
|-anim|p2a: Meganium|Solar Beam|p1a: Eelektross
|-damage|p1a: Eelektross|29/100
|
|upkeep
|turn|2
|
|t:|1782524299
|move|p1a: Eelektross|Protect|p1a: Eelektross
|-singleturn|p1a: Eelektross|Protect
|move|p1b: Los Ramirez|Super Fang|p2a: Meganium
|-damage|p2a: Meganium|50/100g
|move|p2a: Meganium|Dazzling Gleam|p1a: Eelektross|[spread] p1b
|-activate|p1a: Eelektross|move: Protect
|-damage|p1b: Los Ramirez|51/100
|move|p2b: Incineroar|Parting Shot|p1a: Eelektross
|-activate|p1a: Eelektross|move: Protect
|
|upkeep
|turn|3
|
|t:|1782524314
|switch|p1a: Archaludon|Archaludon, L50, M|100/100
|move|p1b: Los Ramirez|Rain Dance|p1b: Los Ramirez
|-weather|RainDance
|move|p2a: Meganium|Dazzling Gleam|p1a: Archaludon|[spread] p1a,p1b
|-damage|p1a: Archaludon|78/100
|-damage|p1b: Los Ramirez|13/100
|-ability|p1a: Archaludon|Stamina|boost
|-boost|p1a: Archaludon|def|1
|move|p2b: Incineroar|Parting Shot|p1a: Archaludon
|-unboost|p1a: Archaludon|atk|1
|-unboost|p1a: Archaludon|spa|1
|
|t:|1782524324
|switch|p2b: Archaludon|Archaludon, L50, F|100/100|[from] Parting Shot
|
|-weather|RainDance|[upkeep]
|-heal|p1a: Archaludon|84/100|[from] item: Leftovers
|upkeep
|turn|4
|
|t:|1782524341
|switch|p2a: Incineroar|Incineroar, L50, F|100/100
|-ability|p2a: Incineroar|Intimidate|boost
|-unboost|p1a: Archaludon|atk|1
|-unboost|p1b: Los Ramirez|atk|1
|move|p1b: Los Ramirez|Super Fang|p2b: Archaludon
|-damage|p2b: Archaludon|50/100y
|-ability|p2b: Archaludon|Stamina|boost
|-boost|p2b: Archaludon|def|1
|move|p1a: Archaludon|Dragon Pulse|p2b: Archaludon
|-damage|p2b: Archaludon|23/100
|-ability|p2b: Archaludon|Stamina|boost
|-boost|p2b: Archaludon|def|1
|move|p2b: Archaludon|Electro Shot||[still]
|-prepare|p2b: Archaludon|Electro Shot
|-boost|p2b: Archaludon|spa|1
|-anim|p2b: Archaludon|Electro Shot|p1b: Los Ramirez
|-damage|p1b: Los Ramirez|0 fnt
|faint|p1b: Los Ramirez
|
|-weather|RainDance|[upkeep]
|-heal|p1a: Archaludon|90/100|[from] item: Leftovers
|-heal|p2b: Archaludon|29/100|[from] item: Leftovers
|upkeep
|
|t:|1782524360
|switch|p1b: Eelektross|Eelektross-Mega, L50, F|29/100
|turn|5
|
|t:|1782524375
|move|p2b: Archaludon|Protect|p2b: Archaludon
|-singleturn|p2b: Archaludon|Protect
|move|p2a: Incineroar|Fake Out|p1b: Eelektross
|-crit|p1b: Eelektross
|-damage|p1b: Eelektross|8/100
|cant|p1b: Eelektross|flinch
|move|p1a: Archaludon|Dragon Pulse|p2b: Archaludon
|-activate|p2b: Archaludon|move: Protect
|
|-weather|RainDance|[upkeep]
|-heal|p2b: Archaludon|35/100|[from] item: Leftovers
|-heal|p1a: Archaludon|96/100|[from] item: Leftovers
|upkeep
|turn|6
|
|t:|1782524394
|move|p1b: Eelektross|Dragon Pulse|p2b: Archaludon
|-damage|p2b: Archaludon|4/100
|-ability|p2b: Archaludon|Stamina|boost
|-boost|p2b: Archaludon|def|1
|move|p2b: Archaludon|Snarl|p1a: Archaludon|[spread] p1a,p1b
|-damage|p1a: Archaludon|82/100
|-damage|p1b: Eelektross|0 fnt
|-unboost|p1a: Archaludon|spa|1
|-ability|p1a: Archaludon|Stamina|boost
|-boost|p1a: Archaludon|def|1
|faint|p1b: Eelektross
|move|p1a: Archaludon|Dragon Pulse|p2b: Archaludon
|-damage|p2b: Archaludon|0 fnt
|faint|p2b: Archaludon
|move|p2a: Incineroar|Parting Shot|p1a: Archaludon
|-unboost|p1a: Archaludon|atk|1
|-unboost|p1a: Archaludon|spa|1
|
|t:|1782524413
|switch|p2a: Basculegion|Basculegion, L50, M|100/100|[from] Parting Shot
|
|-weather|RainDance|[upkeep]
|-heal|p1a: Archaludon|88/100|[from] item: Leftovers
|upkeep
|
|t:|1782524419
|switch|p1b: Overqwil|Overqwil, L50, M|100/100
|switch|p2b: Incineroar|Incineroar, L50, F|100/100
|-ability|p2b: Incineroar|Intimidate|boost
|-unboost|p1a: Archaludon|atk|1
|-unboost|p1b: Overqwil|atk|1
|turn|7
|
|t:|1782524440
|move|p2b: Incineroar|Fake Out|p1b: Overqwil
|-damage|p1b: Overqwil|87/100
|move|p2a: Basculegion|Last Respects|p1a: Archaludon
|-damage|p1a: Archaludon|71/100
|-ability|p1a: Archaludon|Stamina|boost
|-boost|p1a: Archaludon|def|1
|cant|p1b: Overqwil|flinch
|move|p1a: Archaludon|Electro Shot||[still]
|-prepare|p1a: Archaludon|Electro Shot
|-boost|p1a: Archaludon|spa|1
|-anim|p1a: Archaludon|Electro Shot|p2a: Basculegion
|-supereffective|p2a: Basculegion|1
|-damage|p2a: Basculegion|55/100
|
|-weather|none
|-heal|p1a: Archaludon|77/100|[from] item: Leftovers
|upkeep
|turn|8
|
|t:|1782524466
|move|p1b: Overqwil|Aqua Jet|p2b: Incineroar
|-supereffective|p2b: Incineroar|1
|-damage|p2b: Incineroar|79/100
|-damage|p1b: Overqwil|77/100|[from] item: Life Orb
|move|p2a: Basculegion|Last Respects|p1a: Archaludon
|-damage|p1a: Archaludon|63/100
|-ability|p1a: Archaludon|Stamina|boost
|-boost|p1a: Archaludon|def|1
|move|p1a: Archaludon|Electro Shot||[still]
|-prepare|p1a: Archaludon|Electro Shot
|-boost|p1a: Archaludon|spa|1
|move|p2b: Incineroar|Parting Shot|p1b: Overqwil
|-unboost|p1b: Overqwil|atk|1
|-unboost|p1b: Overqwil|spa|1
|
|t:|1782524477
|switch|p2b: Meganium|Meganium-Mega, L50, F|50/100g|[from] Parting Shot
|
|-heal|p1a: Archaludon|69/100|[from] item: Leftovers
|upkeep
|turn|9
|
|t:|1782524490
|switch|p2a: Incineroar|Incineroar, L50, F|79/100
|-ability|p2a: Incineroar|Intimidate|boost
|-unboost|p1a: Archaludon|atk|1
|-unboost|p1b: Overqwil|atk|1
|move|p1b: Overqwil|Poison Jab|p2b: Meganium
|-supereffective|p2b: Meganium|2
|-damage|p2b: Meganium|0 fnt
|faint|p2b: Meganium
|-damage|p1b: Overqwil|67/100|[from] item: Life Orb
|move|p1a: Archaludon|Electro Shot|p2a: Incineroar|[from] lockedmove
|-damage|p2a: Incineroar|61/100
|
|-heal|p1a: Archaludon|75/100|[from] item: Leftovers
|upkeep
|
|t:|1782524496
|switch|p2b: Basculegion|Basculegion, L50, M|55/100
|turn|10
|
|t:|1782524520
|move|p2a: Incineroar|Fake Out|p1b: Overqwil
|-damage|p1b: Overqwil|56/100
|move|p2b: Basculegion|Liquidation|p1b: Overqwil
|-damage|p1b: Overqwil|13/100
|cant|p1b: Overqwil|flinch
|move|p1a: Archaludon|Dragon Pulse|p2b: Basculegion
|-damage|p2b: Basculegion|25/100
|
|-heal|p1a: Archaludon|81/100|[from] item: Leftovers
|upkeep
|turn|11
|
|t:|1782524539
|move|p1b: Overqwil|Aqua Jet|p2a: Incineroar
|-supereffective|p2a: Incineroar|1
|-damage|p2a: Incineroar|47/100
|-enditem|p2a: Incineroar|Sitrus Berry|[eat]
|-heal|p2a: Incineroar|72/100|[from] item: Sitrus Berry
|-damage|p1b: Overqwil|3/100|[from] item: Life Orb
|move|p2b: Basculegion|Liquidation|p1b: Overqwil
|-damage|p1b: Overqwil|0 fnt
|faint|p1b: Overqwil
|move|p1a: Archaludon|Dragon Pulse|p2b: Basculegion
|-damage|p2b: Basculegion|0 fnt
|faint|p2b: Basculegion
|move|p2a: Incineroar|Darkest Lariat|p1a: Archaludon
|-damage|p1a: Archaludon|58/100
|-ability|p1a: Archaludon|Stamina|boost
|-boost|p1a: Archaludon|def|1
|
|-heal|p1a: Archaludon|64/100|[from] item: Leftovers
|upkeep
|turn|12
|
|t:|1782524559
|move|p1a: Archaludon|Dragon Pulse|p2a: Incineroar
|-damage|p2a: Incineroar|53/100
|move|p2a: Incineroar|Darkest Lariat|p1a: Archaludon
|-damage|p1a: Archaludon|40/100
|-ability|p1a: Archaludon|Stamina|boost
|-boost|p1a: Archaludon|def|1
|
|-heal|p1a: Archaludon|46/100|[from] item: Leftovers
|upkeep
|turn|13
|
|t:|1782524567
|move|p1a: Archaludon|Protect|p1a: Archaludon
|-singleturn|p1a: Archaludon|Protect
|move|p2a: Incineroar|Darkest Lariat|p1a: Archaludon
|-activate|p1a: Archaludon|move: Protect
|
|-heal|p1a: Archaludon|53/100|[from] item: Leftovers
|upkeep
|turn|14
|
|t:|1782524576
|move|p1a: Archaludon|Dragon Pulse|p2a: Incineroar
|-damage|p2a: Incineroar|35/100
|move|p2a: Incineroar|Darkest Lariat|p1a: Archaludon
|-damage|p1a: Archaludon|29/100
|
|-heal|p1a: Archaludon|35/100|[from] item: Leftovers
|upkeep
|turn|15
|
|t:|1782524582
|move|p1a: Archaludon|Protect|p1a: Archaludon
|-singleturn|p1a: Archaludon|Protect
|move|p2a: Incineroar|Darkest Lariat|p1a: Archaludon
|-activate|p1a: Archaludon|move: Protect
|
|-heal|p1a: Archaludon|41/100|[from] item: Leftovers
|upkeep
|turn|16
|
|t:|1782524590
|move|p1a: Archaludon|Dragon Pulse|p2a: Incineroar
|-damage|p2a: Incineroar|17/100
|move|p2a: Incineroar|Darkest Lariat|p1a: Archaludon
|-damage|p1a: Archaludon|16/100
|
|-heal|p1a: Archaludon|22/100|[from] item: Leftovers
|upkeep
|turn|17
|
|t:|1782524597
|move|p1a: Archaludon|Protect|p1a: Archaludon
|-singleturn|p1a: Archaludon|Protect
|move|p2a: Incineroar|Darkest Lariat|p1a: Archaludon
|-activate|p1a: Archaludon|move: Protect
|
|-heal|p1a: Archaludon|29/100|[from] item: Leftovers
|upkeep
|turn|18
|
|t:|1782524604
|move|p1a: Archaludon|Dragon Pulse|p2a: Incineroar
|-crit|p2a: Incineroar
|-damage|p2a: Incineroar|0 fnt
|faint|p2a: Incineroar
|
|win|ProbopassTrainer
||ProbopassTrainer is ready for game 2.
||snodlop is ready for game 2.
|uhtml|next|Next: Game 2 of 3
|l|☆ProbopassTrainer
|player|p1|
