|j|☆freyartchan
|j|☆Uncreative7452
|html|freyartchanUncreative7452    
|uhtml|bestof|Game 2 of a best-of-3
|t:|1756746573
|gametype|doubles
|player|p1|freyartchan|kieran-champion|1123
|player|p2|Uncreative7452|tuber|1045
|gen|9
|tier|[Gen 9] VGC 2025 Reg H (Bo3)
|rated|
|rule|Species Clause: Limit one of each Pokémon
|rule|Item Clause: Limit 1 of each item
|clearpoke
|poke|p1|Sylveon, L50, M|
|poke|p1|Archaludon, L50, M|
|poke|p1|Incineroar, L50, F|
|poke|p1|Ursaluna, L50, F|
|poke|p1|Ribombee, L50, M|
|poke|p1|Porygon2, L50|
|poke|p2|Porygon2, L50|
|poke|p2|Reuniclus, L50, F|
|poke|p2|Alcremie, L50, F|
|poke|p2|Chesnaught, L50, M|
|poke|p2|Kingambit, L50, F|
|poke|p2|Indeedee, L50, M|
|teampreview|4
|showteam|p1|Sylveon||LifeOrb|Pixilate|HyperVoice,QuickAttack,TeraBlast,Protect|||M|||50|,,,,,Fire]Archaludon||PowerHerb|Sturdy|FlashCannon,DracoMeteor,ElectroShot,Protect|||M|||50|,,,,,Electric]Incineroar||SafetyGoggles|Intimidate|FakeOut,FlareBlitz,KnockOff,PartingShot|||F|||50|,,,,,Ghost]Ursaluna||FlameOrb|Guts|Facade,HeadlongRush,Earthquake,Protect|||F|||50|,,,,,Ghost]Ribombee||CovertCloak|SweetVeil|Tailwind,PollenPuff,StruggleBug,Protect|||M|||50|,,,,,Water]Porygon2||Eviolite|Download|TeraBlast,IceBeam,Recover,TrickRoom||||||50|,,,,,Flying
|showteam|p2|Porygon2||Eviolite|Download|IceBeam,TeraBlast,TrickRoom,Recover||||||50|,,,,,Fighting]Reuniclus||LifeOrb|Overcoat|ExpandingForce,ShadowBall,TrickRoom,Protect|||F|||50|,,,,,Dark]Alcremie||RoomService|AromaVeil|AlluringVoice,Decorate,Protect,HelpingHand|||F|||50|,,,,,Steel]Chesnaught||PsychicSeed|Bulletproof|LeechSeed,WideGuard,BodyPress,SpikyShield|||M|||50|,,,,,Steel]Kingambit||AssaultVest|Defiant|IronHead,SuckerPunch,TeraBlast,KowtowCleave|||F|||50|,,,,,Flying]Indeedee||FocusSash|PsychicSurge|ExpandingForce,DazzlingGleam,Protect,TrickRoom|||M|||50|,,,,,Psychic
|
|t:|1756746653
|teamsize|p1|4
|teamsize|p2|4
|start
|switch|p1a: Honey|Ribombee, L50, M|100/100
|switch|p1b: Lillie|Sylveon, L50, M|100/100
|switch|p2a: Indeedee|Indeedee, L50, M|100/100
|switch|p2b: Reuniclus|Reuniclus, L50, F|100/100
|-fieldstart|move: Psychic Terrain|[from] ability: Psychic Surge|[of] p2a: Indeedee
|turn|1
|
|t:|1756746694
|move|p2a: Indeedee|Protect|p2a: Indeedee
|-singleturn|p2a: Indeedee|Protect
|move|p1a: Honey|Struggle Bug|p2a: Indeedee|[spread] p2b
|-activate|p2a: Indeedee|move: Protect
|-supereffective|p2b: Reuniclus
|-damage|p2b: Reuniclus|81/100
|-unboost|p2b: Reuniclus|spa|1
|move|p1b: Lillie|Hyper Voice|p2b: Reuniclus|[spread] p2b
|-activate|p2a: Indeedee|move: Protect
|-damage|p2b: Reuniclus|47/100
|-damage|p1b: Lillie|91/100|[from] item: Life Orb
|move|p2b: Reuniclus|Trick Room|p2b: Reuniclus
|-fieldstart|move: Trick Room|[of] p2b: Reuniclus
|
|upkeep
|turn|2
|inactive|Battle timer is ON: inactive players will automatically lose when time's up. (requested by Uncreative7452)
|
|t:|1756746804
|switch|p2b: Porygon2|Porygon2, L50|100/100
|-ability|p2b: Porygon2|Download|boost
|-boost|p2b: Porygon2|atk|1
|switch|p1a: Luna|Ursaluna, L50, F|100/100
|move|p2a: Indeedee|Expanding Force|p1a: Luna|[spread] p1a,p1b
|-damage|p1a: Luna|57/100
|-damage|p1b: Lillie|61/100
|move|p1b: Lillie|Hyper Voice|p2a: Indeedee|[spread] p2a,p2b
|-damage|p2a: Indeedee|61/100
|-damage|p2b: Porygon2|70/100
|-damage|p1b: Lillie|52/100|[from] item: Life Orb
|
|-status|p1a: Luna|brn|[from] item: Flame Orb
|upkeep
|turn|3
|inactive|freyartchan has 30 seconds left.
|inactive|Uncreative7452 has 30 seconds left.
|inactive|freyartchan has 20 seconds left.
|inactive|Uncreative7452 has 20 seconds left.
|inactive|Uncreative7452 has 15 seconds left.
|inactive|Uncreative7452 has 10 seconds left.
|
|t:|1756746850
|move|p1b: Lillie|Protect|p1b: Lillie
|-singleturn|p1b: Lillie|Protect
|move|p2b: Porygon2|Ice Beam|p1a: Luna
|-supereffective|p1a: Luna
|-damage|p1a: Luna|8/100 brn
|move|p1a: Luna|Facade|p2a: Indeedee
|-damage|p2a: Indeedee|0 fnt
|faint|p2a: Indeedee
|
|-damage|p1a: Luna|2/100 brn|[from] brn
|upkeep
|
|t:|1756746857
|switch|p2a: Reuniclus|Reuniclus, L50, F|47/100
|turn|4
|inactive|freyartchan has 30 seconds left.
|inactive|freyartchan has 20 seconds left.
|
|t:|1756746893
|move|p2a: Reuniclus|Expanding Force|p1b: Lillie|[spread] p1a,p1b
|-damage|p1a: Luna|0 fnt
|-damage|p1b: Lillie|5/100
|faint|p1a: Luna
|-damage|p2a: Reuniclus|37/100|[from] item: Life Orb
|move|p2b: Porygon2|Tera Blast|p1b: Lillie
|-damage|p1b: Lillie|0 fnt
|faint|p1b: Lillie
|
|upkeep
|
|t:|1756746902
|switch|p1a: Skye|Archaludon, L50, M|100/100
|switch|p1b: Honey|Ribombee, L50, M|100/100
|turn|5
|inactive|freyartchan has 30 seconds left.
|inactive|freyartchan has 20 seconds left.
|inactive|freyartchan has 15 seconds left.
|
|t:|1756746944
|switch|p2b: Kingambit|Kingambit, L50, F|100/100
|-terastallize|p1b: Honey|Water
|move|p2a: Reuniclus|Expanding Force|p1a: Skye|[spread] p1a,p1b
|-resisted|p1a: Skye
|-damage|p1a: Skye|55/100
|-damage|p1b: Honey|0 fnt
|faint|p1b: Honey
|-damage|p2a: Reuniclus|27/100|[from] item: Life Orb
|move|p1a: Skye|Electro Shot||[still]
|-prepare|p1a: Skye|Electro Shot
|-boost|p1a: Skye|spa|1
|-enditem|p1a: Skye|Power Herb
|-anim|p1a: Skye|Electro Shot|p2b: Kingambit
|-damage|p2b: Kingambit|60/100
|
|-fieldend|move: Trick Room
|-fieldend|move: Psychic Terrain
|upkeep
|turn|6
|
|t:|1756746968
|move|p1a: Skye|Draco Meteor|p2a: Reuniclus
|-crit|p2a: Reuniclus
|-damage|p2a: Reuniclus|0 fnt
|-unboost|p1a: Skye|spa|2
|faint|p2a: Reuniclus
|move|p2b: Kingambit|Kowtow Cleave|p1a: Skye
|-damage|p1a: Skye|11/100
|
|upkeep
|
|t:|1756746971
|switch|p2a: Porygon2|Porygon2, L50|70/100
|-ability|p2a: Porygon2|Download|boost
|-boost|p2a: Porygon2|spa|1
|turn|7
|
|t:|1756746988
|move|p1a: Skye|Draco Meteor|p2b: Kingambit
|-resisted|p2b: Kingambit
|-damage|p2b: Kingambit|45/100
|-unboost|p1a: Skye|spa|2
|move|p2a: Porygon2|Ice Beam|p1a: Skye
|-damage|p1a: Skye|0 fnt
|faint|p1a: Skye
|
|win|Uncreative7452
||Uncreative7452 is ready for game 3.
||freyartchan is ready for game 3.
|uhtml|next|Next: Game 3 of 3
|l|☆Uncreative7452
|player|p2|
