|j|☆Ethan's Bleakmiss
|j|☆M0Oku
|html|Ethan's BleakmissM0Oku    
|uhtml|bestof|Game 2 of a best-of-3
|t:|1784566467
|gametype|doubles
|player|p1|Ethan's Bleakmiss|unknown|1099
|player|p2|M0Oku|2|1000
|gen|9
|tier|[Gen 9 Champions] VGC 2026 Reg M-B (Bo3)
|rated|
|rule|Species Clause: Limit one of each Pokémon
|rule|Item Clause: Limit 1 of each item
|clearpoke
|poke|p1|Blaziken, L50, M|
|poke|p1|Ninetales-Alola, L50, F, shiny|
|poke|p1|Kingambit, L50, F, shiny|
|poke|p1|Basculegion, L50, M|
|poke|p1|Farigiraf, L50, F|
|poke|p1|Mawile, L50, F|
|poke|p2|Politoed, L50, M|
|poke|p2|Sableye, L50, M|
|poke|p2|Gardevoir, L50, F|
|poke|p2|Glimmora, L50, F|
|poke|p2|Rotom-Wash, L50|
|poke|p2|Swampert, L50, M|
|teampreview|4
|showteam|p1|Blaziken||Blazikenite|SpeedBoost|CloseCombat,FlareBlitz,StoneEdge,Detect|Adamant||M|||50|]Ninetales-Alola||NeverMeltIce|SnowWarning|Blizzard,FreezeDry,Encore,Protect|Timid||F|||50|]Kingambit||LifeOrb|Defiant|SuckerPunch,KowtowCleave,IronHead,Protect|Adamant||F|||50|]Basculegion||ChoiceScarf|Adaptability|WaveCrash,LastRespects,FlipTurn,AquaJet|Jolly||M|||50|]Farigiraf||SitrusBerry|ArmorTail|HyperVoice,Psychic,TrickRoom,HelpingHand|Relaxed||F|||50|]Mawile||Mawilite|HyperCutter|PlayRough,IronHead,RockSlide,SuckerPunch|Adamant||F|||50|
|showteam|p2|Politoed||DampRock|Drizzle|Surf,IceBeam,WeatherBall,Protect|Calm||M|||50|]Sableye||LightClay|Prankster|LightScreen,Reflect,Encore,WillOWisp|Calm||M|||50|]Gardevoir||FocusSash|Telepathy|Psychic,Moonblast,DazzlingGleam,Protect|Timid||F|||50|]Glimmora||LifeOrb|ToxicDebris|SludgeWave,PowerGem,EnergyBall,SpikyShield|Timid||F|||50|]Rotom-Wash||Leftovers|Levitate|HydroPump,Discharge,ShadowBall,Protect|Timid|||||50|]Swampert||Swampertite|Torrent|WaveCrash,Earthquake,IcePunch,Protect|Adamant||M|||50|
|inactive|Battle timer is ON: inactive players will automatically lose when time's up. (requested by Ethan's Bleakmiss)
|inactive|Ethan's Bleakmiss has 60 seconds left.
|inactive|M0Oku has 60 seconds left.
|inactive|Ethan's Bleakmiss has 30 seconds left.
|inactive|Ethan's Bleakmiss has 20 seconds left.
|inactive|Ethan's Bleakmiss has 15 seconds left.
|inactive|Ethan's Bleakmiss has 10 seconds left.
|inactive|Ethan's Bleakmiss has 5 seconds left.
|
|t:|1784566555
|teamsize|p1|4
|teamsize|p2|4
|start
|switch|p1a: Farigiraf|Farigiraf, L50, F|100/100
|switch|p1b: Basculegion|Basculegion, L50, M|100/100
|switch|p2a: Politoed|Politoed, L50, M|100/100
|switch|p2b: Swampert|Swampert, L50, M|100/100
|-weather|RainDance|[from] ability: Drizzle|[of] p2a: Politoed
|turn|1
|
|t:|1784566580
|detailschange|p2b: Swampert|Swampert-Mega, L50, M
|-mega|p2b: Swampert|Swampert|Swampertite
|move|p1b: Basculegion|Flip Turn|p2b: Swampert
|-damage|p2b: Swampert|56/100
|
|t:|1784566588
|switch|p1b: Kingambit|Kingambit, L50, F, shiny|100/100|[from] Flip Turn
|move|p2b: Swampert|Wave Crash|p1a: Farigiraf
|-damage|p1a: Farigiraf|5/100
|-enditem|p1a: Farigiraf|Sitrus Berry|[eat]
|-heal|p1a: Farigiraf|30/100|[from] item: Sitrus Berry
|-damage|p2b: Swampert|23/100|[from] Recoil
|move|p2a: Politoed|Weather Ball|p1a: Farigiraf
|-damage|p1a: Farigiraf|0 fnt
|faint|p1a: Farigiraf
|
|-weather|RainDance|[upkeep]
|upkeep
|
|t:|1784566600
|switch|p1a: Basculegion|Basculegion, L50, M|100/100
|turn|2
|
|t:|1784566615
|move|p2b: Swampert|Protect|p2b: Swampert
|-singleturn|p2b: Swampert|Protect
|move|p1a: Basculegion|Flip Turn|p2b: Swampert
|-activate|p2b: Swampert|move: Protect
|move|p2a: Politoed|Surf|p1b: Kingambit|[spread] p1a,p1b
|-activate|p2b: Swampert|move: Protect
|-resisted|p1a: Basculegion|1
|-damage|p1a: Basculegion|83/100
|-damage|p1b: Kingambit|69/100
|move|p1b: Kingambit|Kowtow Cleave|p2a: Politoed
|-damage|p2a: Politoed|40/100
|-damage|p1b: Kingambit|59/100|[from] item: Life Orb
|
|-weather|RainDance|[upkeep]
|upkeep
|turn|3
|inactive|Ethan's Bleakmiss has 30 seconds left.
|inactive|M0Oku has 30 seconds left.
|inactive|M0Oku has 20 seconds left.
|
|t:|1784566653
|switch|p2b: Rotom|Rotom-Wash, L50|100/100
|move|p1b: Kingambit|Sucker Punch|p2a: Politoed
|-damage|p2a: Politoed|0 fnt
|faint|p2a: Politoed
|-damage|p1b: Kingambit|50/100g|[from] item: Life Orb
|move|p1a: Basculegion|Flip Turn|p2b: Rotom
|-resisted|p2b: Rotom|1
|-damage|p2b: Rotom|60/100
|
|t:|1784566663
|switch|p1a: Mawile|Mawile, L50, F|100/100|[from] Flip Turn
|
|-weather|RainDance|[upkeep]
|-heal|p2b: Rotom|66/100|[from] item: Leftovers
|upkeep
|
|t:|1784566670
|switch|p2a: Swampert|Swampert-Mega, L50, M|23/100
|turn|4
|
|t:|1784566686
|detailschange|p1a: Mawile|Mawile-Mega, L50, F
|-mega|p1a: Mawile|Mawile|Mawilite
|move|p1a: Mawile|Sucker Punch|p2a: Swampert
|-damage|p2a: Swampert|0 fnt
|faint|p2a: Swampert
|move|p2b: Rotom|Discharge|p1b: Kingambit|[spread] p1a,p1b
|-damage|p1a: Mawile|69/100
|-damage|p1b: Kingambit|23/100
|-status|p1a: Mawile|par
|move|p1b: Kingambit|Kowtow Cleave|p2b: Rotom
|-damage|p2b: Rotom|0 fnt
|faint|p2b: Rotom
|-damage|p1b: Kingambit|14/100|[from] item: Life Orb
|
|-weather|RainDance|[upkeep]
|upkeep
|
|t:|1784566703
|switch|p2b: Glimmora|Glimmora, L50, F|100/100
|turn|5
|
|t:|1784566719
|move|p2b: Glimmora|Spiky Shield|p2b: Glimmora
|-singleturn|p2b: Glimmora|move: Protect
|move|p1b: Kingambit|Sucker Punch||[still]
|-fail|p1b: Kingambit
|move|p1a: Mawile|Iron Head|p2b: Glimmora
|-activate|p2b: Glimmora|move: Protect
|-damage|p1a: Mawile|57/100 par|[from] Spiky Shield|[of] p2b: Glimmora
|
|-weather|RainDance|[upkeep]
|upkeep
|turn|6
|
|t:|1784566737
|move|p1b: Kingambit|Sucker Punch|p2b: Glimmora
|-damage|p2b: Glimmora|31/100
|-activate|p2b: Glimmora|ability: Toxic Debris
|-sidestart|p1: Ethan's Bleakmiss|move: Toxic Spikes
|-damage|p1b: Kingambit|4/100|[from] item: Life Orb
|move|p2b: Glimmora|Power Gem|p1b: Kingambit
|-resisted|p1b: Kingambit|1
|-damage|p1b: Kingambit|0 fnt
|faint|p1b: Kingambit
|-damage|p2b: Glimmora|22/100|[from] item: Life Orb
|move|p1a: Mawile|Iron Head|p2b: Glimmora
|-supereffective|p2b: Glimmora|1
|-damage|p2b: Glimmora|0 fnt
|-activate|p2b: Glimmora|ability: Toxic Debris
|-sidestart|p1: Ethan's Bleakmiss|move: Toxic Spikes
|faint|p2b: Glimmora
|
|win|Ethan's Bleakmiss
|raw|Ethan's Bleakmiss's rating: 1099 → 1117(+18 for winning)
|raw|M0Oku's rating: 1000 → 1000(+0 for losing)
