|j|☆Majical Forest
|j|☆BoloinaBox
|html|Majical ForestBoloinaBox    
|uhtml|bestof|Game 2 of a best-of-3
|t:|1756523913
|gametype|doubles
|player|p1|Majical Forest|unknown|1077
|player|p2|BoloinaBox|2|1088
|gen|9
|tier|[Gen 9] VGC 2025 Reg H (Bo3)
|rated|
|rule|Species Clause: Limit one of each Pokémon
|rule|Item Clause: Limit 1 of each item
|clearpoke
|poke|p1|Incineroar, L50, M|
|poke|p1|Rillaboom, L50, F|
|poke|p1|Sneasler, L50, M|
|poke|p1|Politoed, L50, F|
|poke|p1|Archaludon, L50, F|
|poke|p1|Hydreigon, L50, F|
|poke|p2|Sneasler, L50, M|
|poke|p2|Excadrill, L50, F|
|poke|p2|Tyranitar, L50, F|
|poke|p2|Corviknight, L50, M|
|poke|p2|Mandibuzz, L50, F|
|poke|p2|Indeedee-F, L50, F|
|teampreview|4
|showteam|p1|Incineroar||SafetyGoggles|Intimidate|FakeOut,PartingShot,KnockOff,Protect|||M|||50|,,,,,Water]Rillaboom||AssaultVest|GrassySurge|FakeOut,GrassyGlide,WoodHammer,HighHorsepower|||F|||50|,,,,,Fire]Sneasler||GrassySeed|Unburden|DireClaw,CloseCombat,Acrobatics,Protect|||M|||50|,,,,,Flying]Politoed||EjectButton|Drizzle|Haze,PerishSong,MuddyWater,Protect|||F|||50|,,,,,Grass]Archaludon||Leftovers|Stamina|ElectroShot,FlashCannon,BodyPress,Protect|||F|||50|,,,,,Flying]Hydreigon||ScopeLens|Levitate|FocusEnergy,DracoMeteor,DarkPulse,Protect|||F|||50|,,,,,Steel
|showteam|p2|Sneasler||CovertCloak|PoisonTouch|CloseCombat,DireClaw,Coaching,Protect|||M|||50|,,,,,Flying]Excadrill||ClearAmulet|SandRush|HighHorsepower,Earthquake,IronHead,Protect|||F|||50|,,,,,Ground]Tyranitar||AssaultVest|SandStream|RockSlide,KnockOff,Assurance,TeraBlast|||F|||50|,,,,,Flying]Corviknight||RockyHelmet|MirrorArmor|BraveBird,BodyPress,IronDefense,Roost|||M|||50|,,,,,Fire]Mandibuzz||MentalHerb|Overcoat|Snarl,Taunt,Sandstorm,Tailwind|||F|||50|,,,,,Dark]Indeedee-F||SafetyGoggles|PsychicSurge|Psychic,HelpingHand,FollowMe,TrickRoom|||F|||50|,,,,,Water
|inactive|Battle timer is ON: inactive players will automatically lose when time's up. (requested by BoloinaBox)
|inactive|BoloinaBox has 60 seconds left.
|
|t:|1756523971
|teamsize|p1|4
|teamsize|p2|4
|start
|switch|p1a: Incineroar|Incineroar, L50, M|100/100
|switch|p1b: Hydreigon|Hydreigon, L50, F|100/100
|switch|p2a: Sneasler|Sneasler, L50, M|100/100
|switch|p2b: Excadrill|Excadrill, L50, F|100/100
|-ability|p1a: Incineroar|Intimidate|boost
|-unboost|p2a: Sneasler|atk|1
|-fail|p2b: Excadrill|unboost|[from] item: Clear Amulet|[of] p2b: Excadrill
|turn|1
|
|t:|1756523992
|switch|p1b: Archaludon|Archaludon, L50, F|100/100
|switch|p1a: Politoed|Politoed, L50, F|100/100
|-weather|RainDance|[from] ability: Drizzle|[of] p1a: Politoed
|move|p2b: Excadrill|Protect|p2b: Excadrill
|-singleturn|p2b: Excadrill|Protect
|move|p2a: Sneasler|Coaching|p2b: Excadrill
|-boost|p2b: Excadrill|atk|1
|-boost|p2b: Excadrill|def|1
|
|-weather|RainDance|[upkeep]
|upkeep
|turn|2
|inactive|BoloinaBox has 30 seconds left.
|
|t:|1756524022
|-terastallize|p1b: Archaludon|Flying
|move|p2a: Sneasler|Coaching|p2b: Excadrill
|-boost|p2b: Excadrill|atk|1
|-boost|p2b: Excadrill|def|1
|move|p2b: Excadrill|High Horsepower|p1a: Politoed
|-damage|p1a: Politoed|3/100
|-enditem|p1a: Politoed|Eject Button
|
|t:|1756524032
|switch|p1a: Hydreigon|Hydreigon, L50, F|100/100
|move|p1b: Archaludon|Electro Shot||[still]
|-prepare|p1b: Archaludon|Electro Shot
|-boost|p1b: Archaludon|spa|1
|-anim|p1b: Archaludon|Electro Shot|p2a: Sneasler
|-damage|p2a: Sneasler|2/100
|
|-weather|RainDance|[upkeep]
|upkeep
|turn|3
|inactive|Majical Forest has 30 seconds left.
|inactive|BoloinaBox has 30 seconds left.
|
|t:|1756524064
|move|p2b: Excadrill|Protect|p2b: Excadrill
|-singleturn|p2b: Excadrill|Protect
|move|p2a: Sneasler|Dire Claw|p1b: Archaludon
|-damage|p1b: Archaludon|74/100
|-status|p1b: Archaludon|slp
|-ability|p1b: Archaludon|Stamina|boost
|-boost|p1b: Archaludon|def|1
|move|p1a: Hydreigon|Dark Pulse|p2a: Sneasler
|-resisted|p2a: Sneasler
|-crit|p2a: Sneasler
|-damage|p2a: Sneasler|0 fnt
|faint|p2a: Sneasler
|cant|p1b: Archaludon|slp
|
|-weather|RainDance|[upkeep]
|-heal|p1b: Archaludon|80/100 slp|[from] item: Leftovers
|upkeep
|
|t:|1756524073
|switch|p2a: Tyranitar|Tyranitar, L50, F|100/100
|-weather|Sandstorm|[from] ability: Sand Stream|[of] p2a: Tyranitar
|turn|4
|
|t:|1756524085
|move|p1a: Hydreigon|Protect|p1a: Hydreigon
|-singleturn|p1a: Hydreigon|Protect
|move|p2b: Excadrill|Iron Head|p1b: Archaludon
|-damage|p1b: Archaludon|39/100 slp
|-ability|p1b: Archaludon|Stamina|boost
|-boost|p1b: Archaludon|def|1
|move|p2a: Tyranitar|Assurance|p1b: Archaludon
|-damage|p1b: Archaludon|15/100 slp
|-ability|p1b: Archaludon|Stamina|boost
|-boost|p1b: Archaludon|def|1
|cant|p1b: Archaludon|slp
|
|-weather|Sandstorm|[upkeep]
|-damage|p1a: Hydreigon|95/100|[from] Sandstorm
|-damage|p1b: Archaludon|9/100 slp|[from] Sandstorm
|-heal|p1b: Archaludon|15/100 slp|[from] item: Leftovers
|upkeep
|turn|5
|
|t:|1756524108
|switch|p1a: Politoed|Politoed, L50, F|3/100
|-weather|RainDance|[from] ability: Drizzle|[of] p1a: Politoed
|move|p2b: Excadrill|Iron Head|p1a: Politoed
|-resisted|p1a: Politoed
|-damage|p1a: Politoed|0 fnt
|faint|p1a: Politoed
|move|p2a: Tyranitar|Rock Slide|p1b: Archaludon
|-supereffective|p1b: Archaludon
|-damage|p1b: Archaludon|0 fnt
|faint|p1b: Archaludon
|
|-weather|RainDance|[upkeep]
|upkeep
|
|t:|1756524113
|switch|p1b: Hydreigon|Hydreigon, L50, F|95/100
|switch|p1a: Incineroar|Incineroar, L50, M|100/100
|-ability|p1a: Incineroar|Intimidate|boost
|-unboost|p2a: Tyranitar|atk|1
|-fail|p2b: Excadrill|unboost|[from] item: Clear Amulet|[of] p2b: Excadrill
|turn|6
|
|t:|1756524127
|switch|p2a: Mandibuzz|Mandibuzz, L50, F|100/100
|move|p2b: Excadrill|Protect|p2b: Excadrill
|-singleturn|p2b: Excadrill|Protect
|move|p1a: Incineroar|Fake Out|p2a: Mandibuzz
|-damage|p2a: Mandibuzz|92/100
|move|p1b: Hydreigon|Focus Energy|p1b: Hydreigon
|-start|p1b: Hydreigon|move: Focus Energy
|
|-weather|RainDance|[upkeep]
|upkeep
|turn|7
|inactive|BoloinaBox has 30 seconds left.
|inactive|BoloinaBox has 20 seconds left.
|
|t:|1756524166
|move|p1a: Incineroar|Protect|p1a: Incineroar
|-singleturn|p1a: Incineroar|Protect
|move|p1b: Hydreigon|Dark Pulse|p2b: Excadrill
|-crit|p2b: Excadrill
|-damage|p2b: Excadrill|16/100
|move|p2b: Excadrill|Iron Head|p1b: Hydreigon
|-damage|p1b: Hydreigon|3/100
|move|p2a: Mandibuzz|Tailwind|p2a: Mandibuzz
|-sidestart|p2: BoloinaBox|move: Tailwind
|
|-weather|RainDance|[upkeep]
|upkeep
|turn|8
|-message|Majical Forest forfeited.
|
|win|BoloinaBox
|l|☆Majical Forest
|player|p1|
||Majical Forest is ready for game 3.
