|j|☆annoptan
|j|☆bobak dotto
|html|annoptanbobak dotto    
|uhtml|bestof|Game 3 of a best-of-3
|t:|1784890044
|gametype|doubles
|player|p1|annoptan|2|1157
|player|p2|bobak dotto|265|1138
|gen|9
|tier|[Gen 9 Champions] VGC 2026 Reg M-B (Bo3)
|rated|
|rule|Species Clause: Limit one of each Pokémon
|rule|Item Clause: Limit 1 of each item
|clearpoke
|poke|p1|Gengar, L50, M|
|poke|p1|Archaludon, L50, M|
|poke|p1|Politoed, L50, F|
|poke|p1|Swampert, L50, M|
|poke|p1|Vivillon-Fancy, L50, M|
|poke|p1|Incineroar, L50, F|
|poke|p2|Froslass, L50, F|
|poke|p2|Talonflame, L50, M|
|poke|p2|Pyroar, L50, F|
|poke|p2|Garchomp, L50, M|
|poke|p2|Annihilape, L50, F|
|poke|p2|Maushold-Four, L50|
|teampreview|4
|showteam|p1|Gengar||Gengarite|CursedBody|ShadowBall,SludgeBomb,PerishSong,Protect|Modest||M|||50|]Archaludon||Leftovers|Stamina|ElectroShot,DragonPulse,FlashCannon,Protect|Bold||M|||50|]Politoed||SitrusBerry|Drizzle|WeatherBall,Hypnosis,PerishSong,Protect|Calm||F|||50|]Swampert||Swampertite|Torrent|Earthquake,WaveCrash,IcePunch,Protect|Adamant||M|||50|]Vivillon-Fancy||FocusSash|CompoundEyes|Hurricane,SleepPowder,RagePowder,Protect|Timid||M|||50|]Incineroar||PasshoBerry|Intimidate|ThroatChop,FakeOut,PartingShot,Protect|Impish||F|||50|
|showteam|p2|Froslass||Froslassite|SnowCloak|Blizzard,ShadowBall,AuroraVeil,Protect|Timid||F|||50|]Talonflame||SharpBeak|GaleWings|DualWingbeat,Taunt,Tailwind,QuickGuard|Jolly||M|||50|]Pyroar||Pyroarite|Unnerve|HeatWave,Overheat,Yawn,Protect|Modest||F|||50|]Garchomp||LifeOrb|RoughSkin|Earthquake,DragonClaw,RockSlide,Protect|Jolly||M|||50|]Annihilape||FocusSash|Defiant|CloseCombat,RageFist,Taunt,Protect|Jolly||F|||50|]Maushold-Four||ChopleBerry|FriendGuard|BeatUp,SuperFang,Feint,FollowMe|Jolly|||||50|
|inactive|Battle timer is ON: inactive players will automatically lose when time's up. (requested by annoptan)
|
|t:|1784890077
|teamsize|p1|4
|teamsize|p2|4
|start
|switch|p1a: Swampert|Swampert, L50, M|100/100
|switch|p1b: Vivillon|Vivillon-Fancy, L50, M|100/100
|switch|p2a: Talonflame|Talonflame, L50, M|100/100
|switch|p2b: Annihilape|Annihilape, L50, F|100/100
|turn|1
|
|t:|1784890093
|detailschange|p1a: Swampert|Swampert-Mega, L50, M
|-mega|p1a: Swampert|Swampert|Swampertite
|move|p1b: Vivillon|Protect|p1b: Vivillon
|-singleturn|p1b: Vivillon|Protect
|move|p2a: Talonflame|Dual Wingbeat|p1b: Vivillon
|-activate|p1b: Vivillon|move: Protect
|move|p2b: Annihilape|Rage Fist|p1a: Swampert
|-damage|p1a: Swampert|77/100
|move|p1a: Swampert|Wave Crash|p2a: Talonflame
|-supereffective|p2a: Talonflame|1
|-damage|p2a: Talonflame|0 fnt
|faint|p2a: Talonflame
|-damage|p1a: Swampert|49/100|[from] Recoil
|
|upkeep
|
|t:|1784890112
|switch|p2a: Garchomp|Garchomp, L50, M|100/100
|turn|2
|
|t:|1784890130
|switch|p1b: Politoed|Politoed, L50, F|100/100
|-weather|RainDance|[from] ability: Drizzle|[of] p1b: Politoed
|move|p1a: Swampert|Protect|p1a: Swampert
|-singleturn|p1a: Swampert|Protect
|move|p2a: Garchomp|Rock Slide|p1a: Swampert|[spread] p1b
|-activate|p1a: Swampert|move: Protect
|-damage|p1b: Politoed|75/100
|-damage|p2a: Garchomp|90/100|[from] item: Life Orb
|move|p2b: Annihilape|Rage Fist|p1b: Politoed
|-damage|p1b: Politoed|50/100g
|
|-weather|RainDance|[upkeep]
|upkeep
|turn|3
|inactive|annoptan has 30 seconds left.
|inactive|bobak dotto has 30 seconds left.
|
|t:|1784890159
|move|p1a: Swampert|Wave Crash|p2a: Garchomp
|-damage|p2a: Garchomp|0 fnt
|-damage|p1a: Swampert|36/100|[from] ability: Rough Skin|[of] p2a: Garchomp
|faint|p2a: Garchomp
|-damage|p1a: Swampert|5/100|[from] Recoil
|move|p2b: Annihilape|Rage Fist|p1a: Swampert
|-damage|p1a: Swampert|0 fnt
|faint|p1a: Swampert
|move|p1b: Politoed|Hypnosis|p2b: Annihilape
|-status|p2b: Annihilape|slp|[from] move: Hypnosis
|
|-weather|RainDance|[upkeep]
|upkeep
|
|t:|1784890173
|switch|p2a: Froslass|Froslass, L50, F|100/100
|switch|p1a: Vivillon|Vivillon-Fancy, L50, M|100/100
|turn|4
|
|t:|1784890181
|detailschange|p2a: Froslass|Froslass-Mega, L50, F
|-mega|p2a: Froslass|Froslass|Froslassite
|-weather|Snowscape|[from] ability: Snow Warning|[of] p2a: Froslass
|move|p1a: Vivillon|Protect|p1a: Vivillon
|-singleturn|p1a: Vivillon|Protect
|move|p2a: Froslass|Blizzard|p1b: Politoed|[spread] p1b
|-activate|p1a: Vivillon|move: Protect
|-resisted|p1b: Politoed|1
|-damage|p1b: Politoed|34/100
|-enditem|p1b: Politoed|Sitrus Berry|[eat]
|-heal|p1b: Politoed|59/100|[from] item: Sitrus Berry
|cant|p2b: Annihilape|slp
|move|p1b: Politoed|Perish Song|p1b: Politoed
|-start|p1a: Vivillon|perish3|[silent]
|-start|p1b: Politoed|perish3|[silent]
|-start|p2a: Froslass|perish3|[silent]
|-start|p2b: Annihilape|perish3|[silent]
|-fieldactivate|move: Perish Song
|
|-weather|Snowscape|[upkeep]
|-start|p2a: Froslass|perish3
|-start|p2b: Annihilape|perish3
|-start|p1a: Vivillon|perish3
|-start|p1b: Politoed|perish3
|upkeep
|turn|5
|inactive|annoptan has 30 seconds left.
|
|t:|1784890209
|switch|p1a: Incineroar|Incineroar, L50, F|100/100
|-ability|p1a: Incineroar|Intimidate|boost
|-unboost|p2a: Froslass|atk|1
|-unboost|p2b: Annihilape|atk|1
|-ability|p2b: Annihilape|Defiant|boost
|-boost|p2b: Annihilape|atk|2
|move|p2a: Froslass|Blizzard|p1b: Politoed|[spread] p1a,p1b
|-resisted|p1a: Incineroar|1
|-resisted|p1b: Politoed|1
|-damage|p1a: Incineroar|81/100
|-damage|p1b: Politoed|41/100
|cant|p2b: Annihilape|slp
|move|p1b: Politoed|Hypnosis|p2a: Froslass
|-status|p2a: Froslass|slp|[from] move: Hypnosis
|
|-weather|Snowscape|[upkeep]
|-start|p2a: Froslass|perish2
|-start|p2b: Annihilape|perish2
|-start|p1b: Politoed|perish2
|upkeep
|turn|6
|
|t:|1784890226
|move|p1b: Politoed|Protect|p1b: Politoed
|-singleturn|p1b: Politoed|Protect
|move|p1a: Incineroar|Protect|p1a: Incineroar
|-singleturn|p1a: Incineroar|Protect
|cant|p2a: Froslass|slp
|-curestatus|p2b: Annihilape|slp|[msg]
|move|p2b: Annihilape|Close Combat|p1a: Incineroar
|-activate|p1a: Incineroar|move: Protect
|
|-weather|Snowscape|[upkeep]
|-start|p2a: Froslass|perish1
|-start|p2b: Annihilape|perish1
|-start|p1b: Politoed|perish1
|upkeep
|turn|7
|
|t:|1784890243
|switch|p1a: Vivillon|Vivillon-Fancy, L50, M|100/100
|move|p1b: Politoed|Protect||[still]
|-fail|p1b: Politoed
|cant|p2a: Froslass|slp
|move|p2b: Annihilape|Close Combat|p1a: Vivillon
|-resisted|p1a: Vivillon|2
|-damage|p1a: Vivillon|57/100
|-unboost|p2b: Annihilape|def|1
|-unboost|p2b: Annihilape|spd|1
|
|-weather|Snowscape|[upkeep]
|-start|p2a: Froslass|perish0
|-start|p2b: Annihilape|perish0
|-start|p1b: Politoed|perish0
|upkeep
|faint|p2a: Froslass
|faint|p2b: Annihilape
|faint|p1b: Politoed
|
|win|annoptan
|raw|annoptan's rating: 1157 → 1181(+24 for winning)
|raw|bobak dotto's rating: 1138 → 1114(-24 for losing)
