|j|☆NotNiceface
|j|☆kezi kezi
|html|NotNicefacekezi kezi    
|uhtml|bestof|Game 1 of a best-of-3
|t:|1756240246
|gametype|doubles
|player|p1|NotNiceface|170|1142
|player|p2|kezi kezi|1|1026
|gen|9
|tier|[Gen 9] VGC 2025 Reg H (Bo3)
|rated|
|rule|Species Clause: Limit one of each Pokémon
|rule|Item Clause: Limit 1 of each item
|clearpoke
|poke|p1|Primarina, L50, F|
|poke|p1|Rillaboom, L50, F|
|poke|p1|Sneasler, L50, M|
|poke|p1|Dragapult, L50, F|
|poke|p1|Electabuzz, L50, F|
|poke|p1|Kingambit, L50, M|
|poke|p2|Annihilape, L50, F|
|poke|p2|Kingambit, L50, M|
|poke|p2|Primarina, L50, F|
|poke|p2|Incineroar, L50, F|
|poke|p2|Amoonguss, L50, F|
|poke|p2|Kilowattrel, L50, F|
|teampreview|4
|showteam|p1|Primarina||LifeOrb|LiquidVoice|HyperVoice,Moonblast,Haze,Protect|||F|||50|,,,,,Poison]Rillaboom||AssaultVest|GrassySurge|WoodHammer,GrassyGlide,Uturn,FakeOut|||F|||50|,,,,,Fire]Sneasler||FocusSash|PoisonTouch|DireClaw,CloseCombat,FakeOut,Protect|||M|||50|,,,,,Stellar]Dragapult||ChoiceBand|ClearBody|DragonDarts,Uturn,PhantomForce,TeraBlast|||F|||50|,,,,,Fire]Electabuzz||Eviolite|VitalSpirit|FollowMe,Electroweb,Taunt,Protect|||F|||50|,,,,,Ghost]Kingambit||BlackGlasses|Defiant|KowtowCleave,SuckerPunch,SwordsDance,Protect|||M|||50|,,,,,Dark
|showteam|p2|Annihilape||ChoiceScarf|Defiant|CloseCombat,ShadowClaw,PoisonJab,FinalGambit|||F|||50|,,,,,Fighting]Kingambit||BlackGlasses|Defiant|KowtowCleave,IronHead,SuckerPunch,Protect|||M|||50|,,,,,Dark]Primarina||ThroatSpray|LiquidVoice|HyperVoice,DazzlingGleam,CalmMind,Protect|||F|||50|,,,,,Water]Incineroar||SafetyGoggles|Intimidate|FakeOut,PartingShot,KnockOff,Protect|||F|||50|,,,,,Fire]Amoonguss||SitrusBerry|Regenerator|SludgeBomb,Spore,RagePowder,Protect|||F|||50|,,,,,Grass]Kilowattrel||FocusSash|Competitive|AirSlash,Tailwind,Thunderbolt,Protect|||F|||50|,,,,,Electric
|inactive|Battle timer is ON: inactive players will automatically lose when time's up. (requested by NotNiceface)
|inactive|NotNiceface has 60 seconds left.
|
|t:|1756240306
|teamsize|p1|4
|teamsize|p2|4
|start
|switch|p1a: Sneasler|Sneasler, L50, M|100/100
|switch|p1b: Dragapult|Dragapult, L50, F|100/100
|switch|p2a: Annihilape|Annihilape, L50, F|100/100
|switch|p2b: Amoonguss|Amoonguss, L50, F|100/100
|turn|1
|inactive|NotNiceface has 30 seconds left.
|inactive|kezi kezi has 30 seconds left.
|inactive|NotNiceface has 20 seconds left.
|inactive|NotNiceface has 15 seconds left.
|inactive|NotNiceface has 10 seconds left.
|
|t:|1756240354
|-terastallize|p1b: Dragapult|Fire
|move|p1a: Sneasler|Fake Out|p2b: Amoonguss
|-damage|p2b: Amoonguss|87/100
|move|p2a: Annihilape|Shadow Claw|p1b: Dragapult
|-damage|p1b: Dragapult|43/100
|move|p1b: Dragapult|Tera Blast|p2b: Amoonguss|[anim] Tera Blast Fire
|-supereffective|p2b: Amoonguss
|-damage|p2b: Amoonguss|0 fnt
|faint|p2b: Amoonguss
|
|upkeep
|
|t:|1756240366
|switch|p2b: Incineroar|Incineroar, L50, F|100/100
|-ability|p2b: Incineroar|Intimidate|boost
|-unboost|p1a: Sneasler|atk|1
|-fail|p1b: Dragapult|unboost|[from] ability: Clear Body|[of] p1b: Dragapult
|turn|2
|
|t:|1756240390
|switch|p1b: Electabuzz|Electabuzz, L50, F|100/100
|move|p1a: Sneasler|Protect|p1a: Sneasler
|-singleturn|p1a: Sneasler|Protect
|move|p2b: Incineroar|Fake Out|p1b: Electabuzz
|-damage|p1b: Electabuzz|91/100
|move|p2a: Annihilape|Shadow Claw|p1a: Sneasler
|-activate|p1a: Sneasler|move: Protect
|
|upkeep
|turn|3
|inactive|NotNiceface has 30 seconds left.
|inactive|NotNiceface has 20 seconds left.
|inactive|kezi kezi has 30 seconds left.
|
|t:|1756240433
|switch|p2a: Kilowattrel|Kilowattrel, L50, F|100/100
|move|p1b: Electabuzz|Follow Me|p1b: Electabuzz
|-singleturn|p1b: Electabuzz|move: Follow Me
|move|p1a: Sneasler|Close Combat|p2b: Incineroar
|-supereffective|p2b: Incineroar
|-damage|p2b: Incineroar|35/100
|-unboost|p1a: Sneasler|def|1
|-unboost|p1a: Sneasler|spd|1
|move|p2b: Incineroar|Knock Off|p1b: Electabuzz
|-damage|p1b: Electabuzz|57/100
|-enditem|p1b: Electabuzz|Eviolite|[from] move: Knock Off|[of] p2b: Incineroar
|
|upkeep
|turn|4
|inactive|NotNiceface has 30 seconds left.
|inactive|NotNiceface has 20 seconds left.
|inactive|kezi kezi has 30 seconds left.
|inactive|NotNiceface has 15 seconds left.
|inactive|NotNiceface has 10 seconds left.
|
|t:|1756240480
|move|p2a: Kilowattrel|Tailwind|p2a: Kilowattrel
|-sidestart|p2: kezi kezi|move: Tailwind
|move|p1a: Sneasler|Dire Claw|p2a: Kilowattrel
|-damage|p2a: Kilowattrel|47/100
|move|p2b: Incineroar|Knock Off|p1b: Electabuzz
|-damage|p1b: Electabuzz|22/100
|move|p1b: Electabuzz|Electroweb|p2b: Incineroar|[spread] p2a,p2b
|-damage|p2a: Kilowattrel|18/100
|-damage|p2b: Incineroar|23/100
|-unboost|p2a: Kilowattrel|spe|1
|-ability|p2a: Kilowattrel|Competitive|boost
|-boost|p2a: Kilowattrel|spa|2
|-unboost|p2b: Incineroar|spe|1
|
|upkeep
|turn|5
|inactive|NotNiceface has 30 seconds left.
|inactive|kezi kezi has 30 seconds left.
|
|t:|1756240509
|move|p1b: Electabuzz|Protect|p1b: Electabuzz
|-singleturn|p1b: Electabuzz|Protect
|move|p2a: Kilowattrel|Thunderbolt|p1a: Sneasler
|-enditem|p1a: Sneasler|Focus Sash
|-damage|p1a: Sneasler|1/100
|move|p1a: Sneasler|Dire Claw|p2a: Kilowattrel
|-damage|p2a: Kilowattrel|0 fnt
|faint|p2a: Kilowattrel
|move|p2b: Incineroar|Knock Off|p1b: Electabuzz
|-activate|p1b: Electabuzz|move: Protect
|
|upkeep
|
|t:|1756240521
|switch|p2a: Annihilape|Annihilape, L50, F|100/100
|turn|6
|
|t:|1756240536
|move|p1b: Electabuzz|Follow Me|p1b: Electabuzz
|-singleturn|p1b: Electabuzz|move: Follow Me
|move|p2a: Annihilape|Close Combat|p1b: Electabuzz
|-damage|p1b: Electabuzz|0 fnt
|-unboost|p2a: Annihilape|def|1
|-unboost|p2a: Annihilape|spd|1
|faint|p1b: Electabuzz
|move|p1a: Sneasler|Close Combat|p2b: Incineroar
|-supereffective|p2b: Incineroar
|-damage|p2b: Incineroar|0 fnt
|-unboost|p1a: Sneasler|def|1
|-unboost|p1a: Sneasler|spd|1
|faint|p2b: Incineroar
|
|upkeep
|
|t:|1756240551
|switch|p1b: Dragapult|Dragapult, L50, F, tera:Fire|43/100
|turn|7
|
|t:|1756240563
|move|p2a: Annihilape|Close Combat|p1b: Dragapult
|-damage|p1b: Dragapult|0 fnt
|-unboost|p2a: Annihilape|def|1
|-unboost|p2a: Annihilape|spd|1
|faint|p1b: Dragapult
|move|p1a: Sneasler|Dire Claw|p2a: Annihilape
|-resisted|p2a: Annihilape
|-damage|p2a: Annihilape|70/100
|-status|p2a: Annihilape|psn|[from] ability: Poison Touch|[of] p1a: Sneasler
|
|-damage|p2a: Annihilape|58/100 psn|[from] psn
|-sideend|p2: kezi kezi|move: Tailwind
|upkeep
|
|t:|1756240574
|switch|p1b: Primarina|Primarina, L50, F|100/100
|turn|8
|
|t:|1756240584
|move|p2a: Annihilape|Close Combat|p1a: Sneasler
|-resisted|p1a: Sneasler
|-damage|p1a: Sneasler|0 fnt
|-unboost|p2a: Annihilape|def|1
|-unboost|p2a: Annihilape|spd|1
|faint|p1a: Sneasler
|move|p1b: Primarina|Moonblast|p2a: Annihilape
|-supereffective|p2a: Annihilape
|-damage|p2a: Annihilape|0 fnt
|faint|p2a: Annihilape
|-damage|p1b: Primarina|91/100|[from] item: Life Orb
|
|win|NotNiceface
||NotNiceface is ready for game 2.
||kezi kezi is ready for game 2.
|uhtml|next|Next: Game 2 of 3
