|j|☆sbhaga34
|j|☆marcosdeltasena31
|html|sbhaga34marcosdeltasena31    
|uhtml|bestof|Game 2 of a best-of-3
|t:|1757797029
|gametype|doubles
|player|p1|sbhaga34|hugh|1486
|player|p2|marcosdeltasena31|hilbert|1447
|gen|9
|tier|[Gen 9] VGC 2025 Reg H (Bo3)
|rated|
|rule|Species Clause: Limit one of each Pokémon
|rule|Item Clause: Limit 1 of each item
|clearpoke
|poke|p1|Indeedee-F, L50, F|
|poke|p1|Talonflame, L50, F|
|poke|p1|Tyranitar, L50, F|
|poke|p1|Excadrill, L50, M|
|poke|p1|Gardevoir, L50, M|
|poke|p1|Ursaluna-Bloodmoon, L50, M|
|poke|p2|Dragonite, L50, F|
|poke|p2|Sneasler, L50, F|
|poke|p2|Volcarona, L50, F|
|poke|p2|Rillaboom, L50, M|
|poke|p2|Kingambit, L50, F|
|poke|p2|Electabuzz, L50, F|
|teampreview|4
|showteam|p1|Indeedee-F||SafetyGoggles|PsychicSurge|FollowMe,TrickRoom,HelpingHand,Psychic|||F|||50|,,,,,Fairy]Talonflame||CovertCloak|GaleWings|Tailwind,Taunt,FlareBlitz,BraveBird|||F|||50|,,,,,Grass]Tyranitar||WeaknessPolicy|SandStream|RockSlide,KnockOff,LowKick,Protect|||F|||50|,,,,,Flying]Excadrill||FocusSash|SandRush|Earthquake,IronHead,SwordsDance,Protect|||M|||50|,,,,,Ground]Gardevoir||ChoiceScarf|Telepathy|ExpandingForce,Moonblast,IcyWind,Trick|||M|||50|,,,,,Psychic]Ursaluna-Bloodmoon||SilkScarf|MindsEye|BloodMoon,HyperVoice,EarthPower,Protect|||M|||50|,,,,,Normal
|showteam|p2|Dragonite||LoadedDice|Multiscale|ScaleShot,ExtremeSpeed,Haze,Protect|||F|||50|,,,,,Fairy]Sneasler||FocusSash|PoisonTouch|DireClaw,CloseCombat,FakeOut,Coaching|||F|||50|,,,,,Ghost]Volcarona||CovertCloak|FlameBody|HeatWave,TeraBlast,QuiverDance,Protect|||F|||50|,,,,,Fairy]Rillaboom||AssaultVest|GrassySurge|WoodHammer,FakeOut,GrassyGlide,HighHorsepower|||M|||50|,,,,,Fire]Kingambit||BlackGlasses|Defiant|KowtowCleave,SwordsDance,SuckerPunch,Protect|||F|||50|,,,,,Dark]Electabuzz||Eviolite|VitalSpirit|Thunderbolt,FollowMe,Taunt,Protect|||F|||50|,,,,,Ghost
|
|t:|1757797052
|teamsize|p1|4
|teamsize|p2|4
|start
|switch|p1a: Excadrill|Excadrill, L50, M, shiny|100/100
|switch|p1b: Tyranitar|Tyranitar, L50, F|100/100
|switch|p2a: Kingambit|Kingambit, L50, F|100/100
|switch|p2b: Volcarona|Volcarona, L50, F|100/100
|-weather|Sandstorm|[from] ability: Sand Stream|[of] p1b: Tyranitar
|turn|1
|
|t:|1757797082
|-terastallize|p2a: Kingambit|Dark
|move|p1a: Excadrill|Protect|p1a: Excadrill
|-singleturn|p1a: Excadrill|Protect
|move|p2a: Kingambit|Sucker Punch||[still]
|-fail|p2a: Kingambit
|move|p2b: Volcarona|Heat Wave|p1b: Tyranitar|[spread] p1b
|-activate|p1a: Excadrill|move: Protect
|-resisted|p1b: Tyranitar
|-damage|p1b: Tyranitar|91/100
|move|p1b: Tyranitar|Low Kick|p2a: Kingambit
|-supereffective|p2a: Kingambit
|-damage|p2a: Kingambit|42/100
|
|-weather|Sandstorm|[upkeep]
|-damage|p2b: Volcarona|94/100|[from] Sandstorm
|-damage|p2a: Kingambit|36/100|[from] Sandstorm
|upkeep
|turn|2
|
|t:|1757797118
|switch|p1a: Gardevoir|Gardevoir, L50, M, shiny|100/100
|move|p2b: Volcarona|Protect|p2b: Volcarona
|-singleturn|p2b: Volcarona|Protect
|move|p2a: Kingambit|Sucker Punch||[still]
|-fail|p2a: Kingambit
|move|p1b: Tyranitar|Rock Slide|p2a: Kingambit|[spread] p2a
|-activate|p2b: Volcarona|move: Protect
|-damage|p2a: Kingambit|14/100
|
|-weather|Sandstorm|[upkeep]
|-damage|p1a: Gardevoir|95/100|[from] Sandstorm
|-damage|p2b: Volcarona|88/100|[from] Sandstorm
|-damage|p2a: Kingambit|8/100|[from] Sandstorm
|upkeep
|turn|3
|
|t:|1757797144
|switch|p1a: Indeedee|Indeedee-F, L50, F|100/100
|-fieldstart|move: Psychic Terrain|[from] ability: Psychic Surge|[of] p1a: Indeedee
|move|p2a: Kingambit|Sucker Punch||[still]
|-fail|p2a: Kingambit
|move|p2b: Volcarona|Heat Wave|p1b: Tyranitar|[spread] p1b
|-miss|p2b: Volcarona|p1a: Indeedee
|-resisted|p1b: Tyranitar
|-damage|p1b: Tyranitar|79/100
|move|p1b: Tyranitar|Rock Slide|p2b: Volcarona|[spread] p2a,p2b
|-supereffective|p2b: Volcarona
|-damage|p2a: Kingambit|0 fnt
|-damage|p2b: Volcarona|0 fnt
|faint|p2a: Kingambit
|faint|p2b: Volcarona
|
|-weather|Sandstorm|[upkeep]
|upkeep
|
|t:|1757797149
|switch|p2b: Rillaboom|Rillaboom, L50, M|100/100
|switch|p2a: Sneasler|Sneasler, L50, F|100/100
|-fieldstart|move: Grassy Terrain|[from] ability: Grassy Surge|[of] p2b: Rillaboom
|turn|4
|
|t:|1757797175
|switch|p1a: Excadrill|Excadrill, L50, M, shiny|100/100
|move|p1b: Tyranitar|Protect|p1b: Tyranitar
|-singleturn|p1b: Tyranitar|Protect
|move|p2a: Sneasler|Dire Claw|p1a: Excadrill
|-immune|p1a: Excadrill
|move|p2b: Rillaboom|Wood Hammer|p1a: Excadrill
|-enditem|p1a: Excadrill|Focus Sash
|-damage|p1a: Excadrill|1/100
|-damage|p2b: Rillaboom|71/100|[from] Recoil
|
|-weather|Sandstorm|[upkeep]
|-damage|p2a: Sneasler|95/100|[from] Sandstorm
|-damage|p2b: Rillaboom|65/100|[from] Sandstorm
|-heal|p1a: Excadrill|7/100|[from] Grassy Terrain
|-heal|p2a: Sneasler|100/100|[from] Grassy Terrain
|-heal|p2b: Rillaboom|71/100|[from] Grassy Terrain
|-heal|p1b: Tyranitar|85/100|[from] Grassy Terrain
|upkeep
|turn|5
|
|t:|1757797193
|switch|p1b: Indeedee|Indeedee-F, L50, F|100/100
|-fieldstart|move: Psychic Terrain|[from] ability: Psychic Surge|[of] p1b: Indeedee
|move|p1a: Excadrill|Protect|p1a: Excadrill
|-singleturn|p1a: Excadrill|Protect
|move|p2a: Sneasler|Close Combat|p1a: Excadrill
|-activate|p1a: Excadrill|move: Protect
|move|p2b: Rillaboom|Wood Hammer|p1b: Indeedee
|-damage|p1b: Indeedee|40/100
|-damage|p2b: Rillaboom|54/100|[from] Recoil
|
|-weather|none
|upkeep
|turn|6
|
|t:|1757797215
|switch|p1b: Tyranitar|Tyranitar, L50, F|85/100
|-weather|Sandstorm|[from] ability: Sand Stream|[of] p1b: Tyranitar
|move|p1a: Excadrill|Iron Head|p2b: Rillaboom
|-damage|p2b: Rillaboom|16/100
|move|p2a: Sneasler|Close Combat|p1b: Tyranitar
|-supereffective|p1b: Tyranitar
|-damage|p1b: Tyranitar|0 fnt
|-unboost|p2a: Sneasler|def|1
|-unboost|p2a: Sneasler|spd|1
|faint|p1b: Tyranitar
|move|p2b: Rillaboom|Wood Hammer|p1a: Excadrill
|-damage|p1a: Excadrill|0 fnt
|faint|p1a: Excadrill
|-damage|p2b: Rillaboom|15/100|[from] Recoil
|
|-weather|Sandstorm|[upkeep]
|-damage|p2a: Sneasler|95/100|[from] Sandstorm
|-damage|p2b: Rillaboom|9/100|[from] Sandstorm
|upkeep
|
|t:|1757797234
|switch|p1a: Gardevoir|Gardevoir, L50, M, shiny|95/100
|switch|p1b: Indeedee|Indeedee-F, L50, F|40/100
|turn|7
|
|t:|1757797241
|-terastallize|p1a: Gardevoir|Psychic
|move|p1b: Indeedee|Helping Hand|p1a: Gardevoir
|-singleturn|p1a: Gardevoir|Helping Hand|[of] p1b: Indeedee
|move|p1a: Gardevoir|Expanding Force|p2b: Rillaboom|[spread] p2a,p2b
|-supereffective|p2a: Sneasler
|-crit|p2a: Sneasler
|-damage|p2a: Sneasler|0 fnt
|-damage|p2b: Rillaboom|0 fnt
|faint|p2a: Sneasler
|faint|p2b: Rillaboom
|
|win|sbhaga34
|inactive|sbhaga34 has 30 seconds to confirm battle start!
|inactive|marcosdeltasena31 has 30 seconds to confirm battle start!
||sbhaga34 is ready for game 3.
||marcosdeltasena31 is ready for game 3.
|uhtml|next|Next: Game 3 of 3
