|j|☆Drunk express
|j|☆25th_mang
|html|Drunk express25th_mang    
|uhtml|bestof|Game 2 of a best-of-3
|t:|1783473649
|gametype|doubles
|player|p1|Drunk express|170|1110
|player|p2|25th_mang|ballguy|1240
|gen|9
|tier|[Gen 9 Champions] VGC 2026 Reg M-B (Bo3)
|rated|
|rule|Species Clause: Limit one of each Pokémon
|rule|Item Clause: Limit 1 of each item
|clearpoke
|poke|p1|Tyranitar, L50, F|
|poke|p1|Pelipper, L50, F, shiny|
|poke|p1|Raichu, L50, F|
|poke|p1|Archaludon, L50, F|
|poke|p1|Abomasnow, L50, M|
|poke|p1|Ninetales-Alola, L50, M|
|poke|p2|Chandelure, L50, M|
|poke|p2|Garchomp, L50, M|
|poke|p2|Kingambit, L50, M|
|poke|p2|Tsareena, L50, F|
|poke|p2|Whimsicott, L50, M|
|poke|p2|Starmie, L50|
|teampreview|4
|showteam|p1|Tyranitar||Tyranitarite|Unnerve|DragonDance,RockSlide,Protect,KnockOff|Adamant||F|||50|]Pelipper||FocusSash|Drizzle|Tailwind,Hurricane,WeatherBall,WideGuard|Modest||F|||50|]Raichu||RaichuniteY|LightningRod|FakeOut,FocusBlast,ZapCannon,AlluringVoice|Timid||F|||50|]Archaludon||ShucaBerry|Stalwart|ElectroShot,DracoMeteor,Protect,FlashCannon|Modest||F|||50|]Abomasnow||Abomasite|SnowWarning|EarthPower,EnergyBall,WeatherBall,Protect|Calm||M|||50|]Ninetales-Alola||LightClay|SnowWarning|AuroraVeil,Protect,Moonblast,IcyWind|Timid||M|||50|
|showteam|p2|Chandelure||Chandelurite|FlashFire|HeatWave,ShadowBall,TrickRoom,Protect|Modest||M|||50|]Garchomp||LifeOrb|RoughSkin|StompingTantrum,DragonClaw,RockSlide,Protect|Jolly||M|||50|]Kingambit||ChopleBerry|Defiant|IronHead,SuckerPunch,LowKick,Protect|Adamant||M|||50|]Tsareena||WideLens|QueenlyMajesty|PowerWhip,TripleAxel,HelpingHand,Protect|Adamant||F|||50|]Whimsicott||FocusSash|Prankster|Moonblast,Tailwind,Encore,SunnyDay|Modest||M|||50|]Starmie||ChoiceScarf|NaturalCure|Scald,IcyWind,Psychic,Thunderbolt|Modest|||||50|
|inactive|Battle timer is ON: inactive players will automatically lose when time's up. (requested by 25th_mang)
|inactive|Drunk express has 60 seconds left.
|
|t:|1783473703
|teamsize|p1|4
|teamsize|p2|4
|start
|switch|p1a: Pelipper|Pelipper, L50, F, shiny|100/100
|switch|p1b: Raichu|Raichu, L50, F|100/100
|switch|p2a: Garchomp|Garchomp, L50, M|100/100
|switch|p2b: Whimsicott|Whimsicott, L50, M|100/100
|-weather|RainDance|[from] ability: Drizzle|[of] p1a: Pelipper
|turn|1
|inactive|Drunk express has 30 seconds left.
|
|t:|1783473738
|switch|p2b: Tsareena|Tsareena, L50, F|100/100
|move|p1b: Raichu|Fake Out||[still]
|cant|p2b: Tsareena|ability: Queenly Majesty|Fake Out|[of] p1b: Raichu
|move|p2a: Garchomp|Stomping Tantrum|p1b: Raichu
|-supereffective|p1b: Raichu|1
|-damage|p1b: Raichu|0 fnt
|faint|p1b: Raichu
|-damage|p2a: Garchomp|90/100|[from] item: Life Orb
|move|p1a: Pelipper|Hurricane|p2b: Tsareena
|-supereffective|p2b: Tsareena|1
|-damage|p2b: Tsareena|1/100
|
|-weather|RainDance|[upkeep]
|upkeep
|
|t:|1783473741
|switch|p1b: Ninetales|Ninetales-Alola, L50, M|100/100
|-weather|Snowscape|[from] ability: Snow Warning|[of] p1b: Ninetales
|turn|2
|inactive|25th_mang has 30 seconds left.
|
|t:|1783473768
|move|p2b: Tsareena|Helping Hand|p2a: Garchomp
|-singleturn|p2a: Garchomp|Helping Hand|[of] p2b: Tsareena
|move|p1a: Pelipper|Wide Guard|p1a: Pelipper
|-singleturn|p1a: Pelipper|Wide Guard
|move|p1b: Ninetales|Aurora Veil|p1b: Ninetales
|-sidestart|p1: Drunk express|move: Aurora Veil
|move|p2a: Garchomp|Rock Slide|p1b: Ninetales|[spread] 
|-activate|p1a: Pelipper|move: Wide Guard
|-activate|p1b: Ninetales|move: Wide Guard
|
|-weather|Snowscape|[upkeep]
|upkeep
|turn|3
|
|t:|1783473785
|move|p2b: Tsareena|Helping Hand|p2a: Garchomp
|-singleturn|p2a: Garchomp|Helping Hand|[of] p2b: Tsareena
|move|p1b: Ninetales|Icy Wind|p2a: Garchomp|[spread] p2a,p2b
|-supereffective|p2a: Garchomp|2
|-supereffective|p2b: Tsareena|1
|-damage|p2a: Garchomp|14/100
|-damage|p2b: Tsareena|0 fnt
|-unboost|p2a: Garchomp|spe|1
|faint|p2b: Tsareena
|move|p2a: Garchomp|Dragon Claw|p1a: Pelipper
|-damage|p1a: Pelipper|43/100
|-damage|p2a: Garchomp|4/100|[from] item: Life Orb
|move|p1a: Pelipper|Tailwind|p1a: Pelipper
|-sidestart|p1: Drunk express|move: Tailwind
|
|-weather|Snowscape|[upkeep]
|upkeep
|
|t:|1783473803
|switch|p2b: Whimsicott|Whimsicott, L50, M|100/100
|turn|4
|
|t:|1783473824
|move|p2b: Whimsicott|Encore|p1a: Pelipper
|-start|p1a: Pelipper|Encore
|move|p1b: Ninetales|Icy Wind|p2b: Whimsicott|[spread] p2a,p2b
|-supereffective|p2a: Garchomp|2
|-supereffective|p2b: Whimsicott|1
|-damage|p2a: Garchomp|0 fnt
|-damage|p2b: Whimsicott|50/100g
|-unboost|p2b: Whimsicott|spe|1
|faint|p2a: Garchomp
|move|p1a: Pelipper|Tailwind||[still]
|-fail|p1a: Pelipper
|
|-weather|Snowscape|[upkeep]
|upkeep
|
|t:|1783473829
|switch|p2a: Chandelure|Chandelure, L50, M|100/100
|turn|5
|
|t:|1783473847
|switch|p1a: Archaludon|Archaludon, L50, F|100/100
|detailschange|p2a: Chandelure|Chandelure-Mega, L50, M
|-mega|p2a: Chandelure|Chandelure|Chandelurite
|move|p2b: Whimsicott|Tailwind|p2b: Whimsicott
|-sidestart|p2: 25th_mang|move: Tailwind
|move|p1b: Ninetales|Icy Wind|p2b: Whimsicott|[spread] p2a,p2b
|-resisted|p2a: Chandelure|1
|-supereffective|p2b: Whimsicott|1
|-damage|p2a: Chandelure|92/100
|-damage|p2b: Whimsicott|0 fnt
|-unboost|p2a: Chandelure|spe|1
|faint|p2b: Whimsicott
|move|p2a: Chandelure|Heat Wave|p1a: Archaludon|[spread] p1a,p1b
|-supereffective|p1b: Ninetales|1
|-damage|p1a: Archaludon|23/100
|-damage|p1b: Ninetales|0 fnt
|faint|p1b: Ninetales
|
|-weather|Snowscape|[upkeep]
|upkeep
|
|t:|1783473862
|switch|p1b: Pelipper|Pelipper, L50, F, shiny|43/100
|-weather|RainDance|[from] ability: Drizzle|[of] p1b: Pelipper
|turn|6
|
|t:|1783473871
|move|p1a: Archaludon|Electro Shot||[still]
|-prepare|p1a: Archaludon|Electro Shot
|-boost|p1a: Archaludon|spa|1
|-anim|p1a: Archaludon|Electro Shot|p2a: Chandelure
|-damage|p2a: Chandelure|17/100
|move|p2a: Chandelure|Shadow Ball|p1b: Pelipper
|-damage|p1b: Pelipper|0 fnt
|faint|p1b: Pelipper
|
|-weather|RainDance|[upkeep]
|-sideend|p1: Drunk express|move: Tailwind
|upkeep
|turn|7
|
|t:|1783473887
|move|p1a: Archaludon|Protect|p1a: Archaludon
|-singleturn|p1a: Archaludon|Protect
|move|p2a: Chandelure|Shadow Ball|p1a: Archaludon
|-activate|p1a: Archaludon|move: Protect
|
|-weather|RainDance|[upkeep]
|upkeep
|turn|8
|inactive|Drunk express has 30 seconds left.
|
|t:|1783473916
|move|p2a: Chandelure|Shadow Ball|p1a: Archaludon
|-damage|p1a: Archaludon|0 fnt
|faint|p1a: Archaludon
|
|win|25th_mang
|raw|Drunk express's rating: 1110 → 1094(-16 for losing)
|raw|25th_mang's rating: 1240 → 1256(+16 for winning)
|l|☆Drunk express
|player|p1|
|l|☆25th_mang
|player|p2|
|j|☆25th_mang
|player|p2|25th_mang|ballguy|
