|j|☆imsavusnic
|j|☆micwell
|html|imsavusnicmicwell    
|uhtml|bestof|Game 1 of a best-of-3
|t:|1784822434
|gametype|doubles
|player|p1|imsavusnic|boarder|1114
|player|p2|micwell|red|1038
|gen|9
|tier|[Gen 9 Champions] VGC 2026 Reg M-B (Bo3)
|rated|
|rule|Species Clause: Limit one of each Pokémon
|rule|Item Clause: Limit 1 of each item
|clearpoke
|poke|p1|Charizard, L50, F|
|poke|p1|Grimmsnarl, L50, M|
|poke|p1|Pelipper, L50, F|
|poke|p1|Archaludon, L50, F|
|poke|p1|Basculegion, L50, M|
|poke|p1|Venusaur, L50, F|
|poke|p2|Sceptile, L50, F|
|poke|p2|Basculegion, L50, M|
|poke|p2|Bellibolt, L50, M|
|poke|p2|Overqwil, L50, F|
|poke|p2|Pelipper, L50, M|
|poke|p2|Sableye, L50, M|
|teampreview|4
|showteam|p1|Charizard||CharizarditeY|Blaze|HeatWave,WeatherBall,SolarBeam,Protect|Modest||F|||50|]Grimmsnarl||LightClay|Prankster|SpiritBreak,Reflect,LightScreen,PartingShot|Impish||M|||50|]Pelipper||SitrusBerry|Drizzle|WeatherBall,Hurricane,Tailwind,WideGuard|Jolly||F|||50|]Archaludon||Leftovers|Stamina|FlashCannon,DragonPulse,ElectroShot,Protect|Calm||F|||50|]Basculegion||ChoiceScarf|Adaptability|WaveCrash,AquaJet,LastRespects,FlipTurn|Jolly||M|||50|]Venusaur||FocusSash|Chlorophyll|SludgeBomb,EarthPower,SleepPowder,Protect|Modest||F|||50|
|showteam|p2|Sceptile||Sceptilite|Overgrow|GigaDrain,DragonPulse,Protect,EarthPower|Timid||F|||50|]Basculegion||LifeOrb|Adaptability|LastRespects,Soak,WaveCrash,Protect|Careful||M|||50|]Bellibolt||Leftovers|Damp|Soak,ParabolicCharge,Protect,MuddyWater|Bold||M|||50|]Overqwil||ShucaBerry|Intimidate|Liquidation,BarbBarrage,SwordsDance,Crunch|Jolly||F|||50|]Pelipper||DampRock|Drizzle|Hurricane,IceBeam,WideGuard,WeatherBall|Modest||M|||50|]Sableye||SitrusBerry|Prankster|FakeOut,Encore,Swagger,KnockOff|Adamant||M|||50|
|inactive|Battle timer is ON: inactive players will automatically lose when time's up. (requested by micwell)
|inactive|imsavusnic has 60 seconds left.
|inactive|micwell has 60 seconds left.
|inactive|imsavusnic has 30 seconds left.
|inactive|imsavusnic has 20 seconds left.
|inactive|imsavusnic has 15 seconds left.
|inactive|imsavusnic has 10 seconds left.
|inactive|imsavusnic has 5 seconds left.
|
|t:|1784822521
|teamsize|p1|4
|teamsize|p2|4
|start
|switch|p1a: Charizard|Charizard, L50, F|100/100
|switch|p1b: Venusaur|Venusaur, L50, F|100/100
|switch|p2a: Sableye|Sableye, L50, M|100/100
|switch|p2b: Bellibolt|Bellibolt, L50, M|100/100
|turn|1
|inactive|imsavusnic has 30 seconds left.
|inactive|imsavusnic has 20 seconds left.
|inactive|imsavusnic has 15 seconds left.
|inactive|imsavusnic has 10 seconds left.
|
|t:|1784822569
|detailschange|p1a: Charizard|Charizard-Mega-Y, L50, F
|-mega|p1a: Charizard|Charizard|Charizardite Y
|-weather|SunnyDay|[from] ability: Drought|[of] p1a: Charizard
|move|p1a: Charizard|Protect|p1a: Charizard
|-singleturn|p1a: Charizard|Protect
|move|p2a: Sableye|Fake Out|p1a: Charizard
|-activate|p1a: Charizard|move: Protect
|move|p1b: Venusaur|Sleep Powder|p2b: Bellibolt|[miss]
|-miss|p1b: Venusaur|p2b: Bellibolt
|move|p2b: Bellibolt|Soak|p1b: Venusaur
|-start|p1b: Venusaur|typechange|Water
|
|-weather|SunnyDay|[upkeep]
|upkeep
|turn|2
|inactive|imsavusnic has 30 seconds left.
|inactive|micwell has 30 seconds left.
|inactive|imsavusnic has 20 seconds left.
|
|t:|1784822607
|switch|p1a: Archaludon|Archaludon, L50, F|100/100
|move|p2a: Sableye|Encore||[still]
|-fail|p2a: Sableye
|move|p1b: Venusaur|Sleep Powder|p2b: Bellibolt|[miss]
|-miss|p1b: Venusaur|p2b: Bellibolt
|move|p2b: Bellibolt|Parabolic Charge|p1b: Venusaur|[spread] p2a,p1a,p1b
|-crit|p2a: Sableye
|-resisted|p1a: Archaludon|1
|-supereffective|p1b: Venusaur|1
|-crit|p1b: Venusaur
|-damage|p2a: Sableye|54/100
|-damage|p1a: Archaludon|92/100
|-damage|p1b: Venusaur|38/100
|-ability|p1a: Archaludon|Stamina|boost
|-boost|p1a: Archaludon|def|1
|
|-weather|SunnyDay|[upkeep]
|-heal|p1a: Archaludon|98/100|[from] item: Leftovers
|upkeep
|turn|3
|inactive|imsavusnic has 30 seconds left.
|inactive|micwell has 30 seconds left.
|
|t:|1784822642
|move|p1a: Archaludon|Protect|p1a: Archaludon
|-singleturn|p1a: Archaludon|Protect
|move|p1b: Venusaur|Sleep Powder|p2b: Bellibolt|[miss]
|-miss|p1b: Venusaur|p2b: Bellibolt
|move|p2a: Sableye|Knock Off|p1a: Archaludon
|-activate|p1a: Archaludon|move: Protect
|move|p2b: Bellibolt|Soak|p1a: Archaludon
|-activate|p1a: Archaludon|move: Protect
|
|-weather|SunnyDay|[upkeep]
|-heal|p1a: Archaludon|100/100|[from] item: Leftovers
|upkeep
|turn|4
|inactive|imsavusnic has 30 seconds left.
|
|t:|1784822668
|switch|p2b: Sceptile|Sceptile, L50, F|100/100
|move|p2a: Sableye|Encore|p1b: Venusaur
|-start|p1b: Venusaur|Encore
|move|p1b: Venusaur|Sleep Powder|p2a: Sableye
|-status|p2a: Sableye|slp|[from] move: Sleep Powder
|move|p1a: Archaludon|Dragon Pulse|p2a: Sableye
|-damage|p2a: Sableye|0 fnt
|faint|p2a: Sableye
|
|-weather|SunnyDay|[upkeep]
|upkeep
|
|t:|1784822676
|switch|p2a: Bellibolt|Bellibolt, L50, M|100/100
|turn|5
|inactive|imsavusnic has 30 seconds left.
|
|t:|1784822706
|switch|p1a: Charizard|Charizard-Mega-Y, L50, F|100/100
|detailschange|p2b: Sceptile|Sceptile-Mega, L50, F
|-mega|p2b: Sceptile|Sceptile|Sceptilite
|move|p2a: Bellibolt|Protect|p2a: Bellibolt
|-singleturn|p2a: Bellibolt|Protect
|move|p1b: Venusaur|Sleep Powder|p2a: Bellibolt
|-activate|p2a: Bellibolt|move: Protect
|move|p2b: Sceptile|Giga Drain|p1b: Venusaur
|-supereffective|p1b: Venusaur|1
|-damage|p1b: Venusaur|0 fnt
|faint|p1b: Venusaur
|
|-weather|none
|upkeep
|
|t:|1784822729
|switch|p1b: Basculegion|Basculegion, L50, M|100/100
|turn|6
|
|t:|1784822748
|move|p1a: Charizard|Protect|p1a: Charizard
|-singleturn|p1a: Charizard|Protect
|move|p2b: Sceptile|Giga Drain|p1b: Basculegion
|-supereffective|p1b: Basculegion|1
|-damage|p1b: Basculegion|1/100
|move|p1b: Basculegion|Flip Turn|p2a: Bellibolt
|-damage|p2a: Bellibolt|76/100
|
|t:|1784822755
|switch|p1b: Archaludon|Archaludon, L50, F|100/100|[from] Flip Turn
|move|p2a: Bellibolt|Parabolic Charge|p1a: Charizard|[spread] p1b
|-activate|p1a: Charizard|move: Protect
|-ability|p2b: Sceptile|Lightning Rod|boost
|-boost|p2b: Sceptile|spa|1
|-resisted|p1b: Archaludon|1
|-damage|p1b: Archaludon|93/100
|-heal|p2a: Bellibolt|80/100|[from] drain|[of] p1b: Archaludon
|-ability|p1b: Archaludon|Stamina|boost
|-boost|p1b: Archaludon|def|1
|
|-heal|p1b: Archaludon|99/100|[from] item: Leftovers
|-heal|p2a: Bellibolt|86/100|[from] item: Leftovers
|upkeep
|turn|7
|inactive|imsavusnic has 30 seconds left.
|inactive|imsavusnic has 20 seconds left.
|
|t:|1784822791
|move|p2b: Sceptile|Earth Power|p1b: Archaludon
|-supereffective|p1b: Archaludon|1
|-damage|p1b: Archaludon|6/100
|-ability|p1b: Archaludon|Stamina|boost
|-boost|p1b: Archaludon|def|1
|move|p1a: Charizard|Heat Wave|p2b: Sceptile|[spread] p2a,p2b
|-damage|p2a: Bellibolt|48/100
|-damage|p2b: Sceptile|38/100
|move|p1b: Archaludon|Dragon Pulse|p2b: Sceptile
|-supereffective|p2b: Sceptile|1
|-damage|p2b: Sceptile|0 fnt
|faint|p2b: Sceptile
|move|p2a: Bellibolt|Parabolic Charge|p1a: Charizard|[spread] p1a,p1b
|-supereffective|p1a: Charizard|1
|-resisted|p1b: Archaludon|1
|-damage|p1a: Charizard|67/100
|-heal|p2a: Bellibolt|60/100|[from] drain|[of] p1a: Charizard
|-damage|p1b: Archaludon|0 fnt
|-heal|p2a: Bellibolt|63/100|[from] drain|[of] p1b: Archaludon
|faint|p1b: Archaludon
|
|-heal|p2a: Bellibolt|69/100|[from] item: Leftovers
|upkeep
|
|t:|1784822805
|switch|p2b: Pelipper|Pelipper, L50, M|100/100
|switch|p1b: Basculegion|Basculegion, L50, M|1/100
|-weather|RainDance|[from] ability: Drizzle|[of] p2b: Pelipper
|turn|8
|inactive|imsavusnic has 30 seconds left.
|inactive|imsavusnic has 20 seconds left.
|inactive|imsavusnic has 15 seconds left.
|inactive|imsavusnic has 10 seconds left.
|
|t:|1784822855
|move|p2a: Bellibolt|Protect|p2a: Bellibolt
|-singleturn|p2a: Bellibolt|Protect
|move|p1b: Basculegion|Last Respects|p2b: Pelipper
|-damage|p2b: Pelipper|4/100
|move|p1a: Charizard|Weather Ball|p2b: Pelipper
|-resisted|p2b: Pelipper|1
|-damage|p2b: Pelipper|0 fnt
|faint|p2b: Pelipper
|
|-weather|RainDance|[upkeep]
|-heal|p2a: Bellibolt|75/100|[from] item: Leftovers
|upkeep
|turn|9
|
|t:|1784822865
|move|p1b: Basculegion|Last Respects|p2a: Bellibolt
|-damage|p2a: Bellibolt|17/100
|move|p1a: Charizard|Weather Ball|p2a: Bellibolt
|-damage|p2a: Bellibolt|0 fnt
|faint|p2a: Bellibolt
|
|win|imsavusnic
|l|☆micwell
|player|p2|
||micwell is ready for game 2.
||imsavusnic is ready for game 2.
|uhtml|next|Next: Game 2 of 3
