|j|☆epom158
|j|☆heatvw
|html|epom158heatvw    
|uhtml|bestof|Game 3 of a best-of-3
|t:|1756957817
|gametype|doubles
|player|p1|epom158|n|1214
|player|p2|heatvw|gambler|1141
|gen|9
|tier|[Gen 9] VGC 2025 Reg H (Bo3)
|rated|
|rule|Species Clause: Limit one of each Pokémon
|rule|Item Clause: Limit 1 of each item
|clearpoke
|poke|p1|Sneasler, L50, F|
|poke|p1|Rillaboom, L50, M|
|poke|p1|Dragonite, L50, F|
|poke|p1|Incineroar, L50, F|
|poke|p1|Kingambit, L50, F|
|poke|p1|Volcarona, L50, M|
|poke|p2|Flamigo, L50, M|
|poke|p2|Ninetales-Alola, L50, F|
|poke|p2|Garchomp, L50, M|
|poke|p2|Incineroar, L50, M|
|poke|p2|Amoonguss, L50, F|
|poke|p2|Kingambit, L50, M|
|teampreview|4
|showteam|p1|Sneasler||FocusSash|Unburden|CloseCombat,DireClaw,Coaching,Protect|||F|||50|,,,,,Stellar]Rillaboom||AssaultVest|GrassySurge|WoodHammer,HighHorsepower,FakeOut,GrassyGlide|||M|||50|,,,,,Fire]Dragonite||LoadedDice|Multiscale|ScaleShot,ExtremeSpeed,Haze,Protect|||F|||50|,,,,,Steel]Incineroar||SafetyGoggles|Intimidate|FlareBlitz,KnockOff,FakeOut,PartingShot|||F|||50|,,,,,Ghost]Kingambit||BlackGlasses|Defiant|KowtowCleave,SuckerPunch,SwordsDance,Protect|||F|||50|,,,,,Dark]Volcarona||CovertCloak|FlameBody|HeatWave,TeraBlast,QuiverDance,Protect|||M|||50|,,,,,Fairy
|showteam|p2|Flamigo||ChoiceBand|Scrappy|Uturn,CloseCombat,BraveBird,Facade|||M|||50|,,,,,Stellar]Ninetales-Alola||FocusSash|SnowWarning|Protect,Encore,IcyWind,Blizzard|||F|||50|,,,,,Ghost]Garchomp||LifeOrb|RoughSkin|DragonClaw,StompingTantrum,Earthquake,Protect|||M|||50|,,,,,Ground]Incineroar||SafetyGoggles|Intimidate|FakeOut,FlareBlitz,KnockOff,PartingShot|||M|||50|,,,,,Ghost]Amoonguss||SitrusBerry|Regenerator|Spore,RagePowder,PollenPuff,Protect|||F|||50|,,,,,Water]Kingambit||AssaultVest|Defiant|KowtowCleave,IronHead,LowKick,SuckerPunch|||M|||50|,,,,,Fire
|inactive|Battle timer is ON: inactive players will automatically lose when time's up. (requested by heatvw)
|inactive|epom158 has 60 seconds left.
|
|t:|1756957875
|teamsize|p1|4
|teamsize|p2|4
|start
|switch|p1a: Volcarona|Volcarona, L50, M|100/100
|switch|p1b: Rillaboom|Rillaboom, L50, M|100/100
|switch|p2a: Amoonguss|Amoonguss, L50, F, shiny|100/100
|switch|p2b: Garchomp|Garchomp, L50, M, shiny|100/100
|-fieldstart|move: Grassy Terrain|[from] ability: Grassy Surge|[of] p1b: Rillaboom
|turn|1
|inactive|epom158 has 30 seconds left.
|
|t:|1756957902
|switch|p2a: Flamigo|Flamigo, L50, M, shiny|100/100
|-terastallize|p1a: Volcarona|Fairy
|move|p1b: Rillaboom|Fake Out|p2a: Flamigo
|-damage|p2a: Flamigo|80/100
|move|p2b: Garchomp|Dragon Claw|p1b: Rillaboom
|-damage|p1b: Rillaboom|47/100
|-damage|p2b: Garchomp|91/100|[from] item: Life Orb
|move|p1a: Volcarona|Quiver Dance|p1a: Volcarona
|-boost|p1a: Volcarona|spa|1
|-boost|p1a: Volcarona|spd|1
|-boost|p1a: Volcarona|spe|1
|
|-heal|p2b: Garchomp|97/100|[from] Grassy Terrain
|-heal|p1b: Rillaboom|53/100|[from] Grassy Terrain
|upkeep
|turn|2
|
|t:|1756957926
|-terastallize|p2a: Flamigo|Stellar
|move|p1a: Volcarona|Tera Blast|p2a: Flamigo|[anim] Tera Blast Fairy
|-supereffective|p2a: Flamigo
|-damage|p2a: Flamigo|0 fnt
|faint|p2a: Flamigo
|move|p2b: Garchomp|Dragon Claw|p1b: Rillaboom
|-damage|p1b: Rillaboom|0 fnt
|faint|p1b: Rillaboom
|-damage|p2b: Garchomp|87/100|[from] item: Life Orb
|
|-heal|p2b: Garchomp|93/100|[from] Grassy Terrain
|upkeep
|
|t:|1756957943
|switch|p2a: Amoonguss|Amoonguss, L50, F, shiny|100/100
|switch|p1b: Kingambit|Kingambit, L50, F|100/100
|turn|3
|inactive|heatvw has 30 seconds left.
|
|t:|1756957970
|move|p2b: Garchomp|Protect|p2b: Garchomp
|-singleturn|p2b: Garchomp|Protect
|move|p1a: Volcarona|Heat Wave|p2b: Garchomp|[spread] p2a
|-activate|p2b: Garchomp|move: Protect
|-supereffective|p2a: Amoonguss
|-damage|p2a: Amoonguss|4/100
|-enditem|p2a: Amoonguss|Sitrus Berry|[eat]
|-heal|p2a: Amoonguss|28/100|[from] item: Sitrus Berry
|move|p1b: Kingambit|Kowtow Cleave|p2a: Amoonguss
|-damage|p2a: Amoonguss|0 fnt
|faint|p2a: Amoonguss
|
|-heal|p2b: Garchomp|99/100|[from] Grassy Terrain
|upkeep
|
|t:|1756957982
|switch|p2a: Ninetales|Ninetales-Alola, L50, F|100/100
|-weather|Snowscape|[from] ability: Snow Warning|[of] p2a: Ninetales
|turn|4
|
|t:|1756957995
|move|p1a: Volcarona|Tera Blast|p2b: Garchomp|[anim] Tera Blast Fairy
|-supereffective|p2b: Garchomp
|-damage|p2b: Garchomp|0 fnt
|faint|p2b: Garchomp
|move|p2a: Ninetales|Blizzard|p1a: Volcarona|[spread] p1a,p1b
|-resisted|p1b: Kingambit
|-damage|p1a: Volcarona|83/100
|-damage|p1b: Kingambit|88/100
|move|p1b: Kingambit|Kowtow Cleave|p2a: Ninetales
|-resisted|p2a: Ninetales
|-damage|p2a: Ninetales|70/100
|
|-weather|Snowscape|[upkeep]
|-heal|p1a: Volcarona|89/100|[from] Grassy Terrain
|-heal|p2a: Ninetales|76/100|[from] Grassy Terrain
|-heal|p1b: Kingambit|94/100|[from] Grassy Terrain
|upkeep
|turn|5
|
|t:|1756958003
|move|p1a: Volcarona|Heat Wave|p2a: Ninetales
|-supereffective|p2a: Ninetales
|-damage|p2a: Ninetales|0 fnt
|faint|p2a: Ninetales
|
|win|epom158
|raw|epom158's rating: 1214 → 1234(+20 for winning)
|raw|heatvw's rating: 1141 → 1121(-20 for losing)
|l|☆epom158
|player|p1|
