|j|â˜†plaidhaxx
|j|â˜†hash brown enjoyer
|html|plaidhaxxhash brown enjoyer    
|uhtml|bestof|Game 1 of a best-of-3
|t:|1756916312
|gametype|doubles
|player|p1|plaidhaxx|grimsley|
|player|p2|hash brown enjoyer|101|
|gen|9
|tier|[Gen 9] VGC 2025 Reg H (Bo3)
|rule|Species Clause: Limit one of each PokÃ©mon
|rule|Item Clause: Limit 1 of each item
|clearpoke
|poke|p1|Sneasler, L50, M|
|poke|p1|Dragapult, L50, M|
|poke|p1|Primarina, L50, F|
|poke|p1|Rillaboom, L50, M|
|poke|p1|Kingambit, L50, M|
|poke|p1|Magmar, L50, F|
|poke|p2|Whimsicott, L50, F|
|poke|p2|Gholdengo, L50|
|poke|p2|Annihilape, L50, F|
|poke|p2|Incineroar, L50, F|
|poke|p2|Electabuzz, L50, M|
|poke|p2|Ursaluna-Bloodmoon, L50, M|
|teampreview|4
|showteam|p1|Sneasler||FocusSash|PoisonTouch|CloseCombat,DireClaw,FakeOut,Protect|||M|||50|,,,,,Stellar]Dragapult||ChoiceBand|ClearBody|DragonDarts,TeraBlast,PhantomForce,Uturn|||M|||50|,,,,,Ghost]Primarina||SitrusBerry|LiquidVoice|HyperVoice,Moonblast,Haze,Protect|||F|||50|,,,,,Water]Rillaboom||AssaultVest|GrassySurge|WoodHammer,GrassyGlide,HighHorsepower,FakeOut|||M|||50|,,,,,Fire]Kingambit||BlackGlasses|Defiant|KowtowCleave,SuckerPunch,SwordsDance,Protect|||M|||50|,,,,,Ghost]Magmar||Eviolite|VitalSpirit|Overheat,WillOWisp,FollowMe,Protect|||F|||50|,,,,,Ghost
|showteam|p2|Whimsicott||CovertCloak|Prankster|Moonblast,Tailwind,Encore,FakeTears|||F|||50|,,,,,Water]Gholdengo||ChoiceSpecs|GoodasGold|MakeItRain,ShadowBall,PowerGem,SteelBeam||||||50|,,,,,Steel]Annihilape||FocusSash|Defiant|RageFist,CloseCombat,FinalGambit,Taunt|||F|||50|,,,,,Grass]Incineroar||AssaultVest|Intimidate|FlareBlitz,KnockOff,FakeOut,Uturn|||F|||50|,,,,,Ghost]Electabuzz||Eviolite|VitalSpirit|Electroweb,Feint,FollowMe,Protect|||M|||50|,,,,,Dragon]Ursaluna-Bloodmoon||LifeOrb|MindsEye|HyperVoice,EarthPower,BloodMoon,Protect|||M|||50|,,,,,Normal
|j| teamthief420
|c|â˜†plaidhaxx|glhf!
|c|â˜†hash brown enjoyer|glhf!
|
|t:|1756916404
|teamsize|p1|4
|teamsize|p2|4
|start
|switch|p1a: Dragapult|Dragapult, L50, M|100/100
|switch|p1b: Magmar|Magmar, L50, F|100/100
|switch|p2a: Whimsicott|Whimsicott, L50, F|100/100
|switch|p2b: Ursaluna|Ursaluna-Bloodmoon, L50, M|100/100
|turn|1
|
|t:|1756916436
|move|p1b: Magmar|Follow Me|p1b: Magmar
|-singleturn|p1b: Magmar|move: Follow Me
|move|p2a: Whimsicott|Tailwind|p2a: Whimsicott
|-sidestart|p2: hash brown enjoyer|move: Tailwind
|move|p1a: Dragapult|U-turn|p2a: Whimsicott
|-damage|p2a: Whimsicott|53/100
|
|t:|1756916447
|switch|p1a: Kingambit|Kingambit, L50, M|100/100|[from] U-turn
|move|p2b: Ursaluna|Earth Power|p1b: Magmar
|-supereffective|p1b: Magmar
|-damage|p1b: Magmar|0 fnt
|faint|p1b: Magmar
|-damage|p2b: Ursaluna|91/100|[from] item: Life Orb
|
|upkeep
|
|t:|1756916456
|switch|p1b: Dragapult|Dragapult, L50, M|100/100
|turn|2
|
|t:|1756916497
|-terastallize|p1a: Kingambit|Ghost
|move|p2a: Whimsicott|Fake Tears|p1a: Kingambit
|-unboost|p1a: Kingambit|spd|2
|-ability|p1a: Kingambit|Defiant|boost
|-boost|p1a: Kingambit|atk|2
|move|p1a: Kingambit|Sucker Punch|p2b: Ursaluna
|-damage|p2b: Ursaluna|9/100
|move|p1b: Dragapult|Phantom Force||[still]
|-prepare|p1b: Dragapult|Phantom Force
|move|p2b: Ursaluna|Earth Power|p1a: Kingambit
|-damage|p1a: Kingambit|0 fnt
|faint|p1a: Kingambit
|-damage|p2b: Ursaluna|0 fnt|[from] item: Life Orb
|faint|p2b: Ursaluna
|
|upkeep
|
|t:|1756916519
|switch|p2b: Electabuzz|Electabuzz, L50, M|100/100
|switch|p1a: Sneasler|Sneasler, L50, M|100/100
|turn|3
|
|t:|1756916534
|move|p2b: Electabuzz|Follow Me|p2b: Electabuzz
|-singleturn|p2b: Electabuzz|move: Follow Me
|move|p2a: Whimsicott|Moonblast|p1b: Dragapult|[miss]
|-miss|p2a: Whimsicott|p1b: Dragapult
|move|p1b: Dragapult|Phantom Force|p2b: Electabuzz|[from] lockedmove
|-damage|p2b: Electabuzz|31/100
|move|p1a: Sneasler|Dire Claw|p2b: Electabuzz
|-crit|p2b: Electabuzz
|-damage|p2b: Electabuzz|0 fnt
|faint|p2b: Electabuzz
|
|upkeep
|
|t:|1756916541
|switch|p2b: Annihilape|Annihilape, L50, F|100/100
|turn|4
|
|t:|1756916564
|-terastallize|p2a: Whimsicott|Water
|move|p2a: Whimsicott|Moonblast|p1b: Dragapult
|-supereffective|p1b: Dragapult
|-damage|p1b: Dragapult|31/100
|move|p2b: Annihilape|Rage Fist|p1b: Dragapult
|-supereffective|p1b: Dragapult
|-damage|p1b: Dragapult|0 fnt
|faint|p1b: Dragapult
|move|p1a: Sneasler|Dire Claw|p2a: Whimsicott
|-damage|p2a: Whimsicott|0 fnt
|faint|p2a: Whimsicott
|
|-sideend|p2: hash brown enjoyer|move: Tailwind
|upkeep
|turn|5
|
|t:|1756916580
|move|p1a: Sneasler|Dire Claw|p2b: Annihilape
|-resisted|p2b: Annihilape
|-damage|p2b: Annihilape|79/100
|-status|p2b: Annihilape|psn
|move|p2b: Annihilape|Rage Fist|p1a: Sneasler
|-damage|p1a: Sneasler|17/100
|
|-damage|p2b: Annihilape|67/100 psn|[from] psn
|upkeep
|turn|6
|
|t:|1756916592
|move|p1a: Sneasler|Dire Claw|p2b: Annihilape
|-resisted|p2b: Annihilape
|-damage|p2b: Annihilape|45/100 psn
|move|p2b: Annihilape|Rage Fist|p1a: Sneasler
|-damage|p1a: Sneasler|0 fnt
|faint|p1a: Sneasler
|
|win|hash brown enjoyer
||hash brown enjoyer is ready for game 2.
||plaidhaxx is ready for game 2.
|uhtml|next|Next: Game 2 of 3
|l| teamthief420
