|j|☆fsucia
|j|☆huntr/x rumi
|html|fsuciahuntr/x rumi    
|uhtml|bestof|Game 3 of a best-of-3
|t:|1755568564
|gametype|doubles
|player|p1|fsucia|102|1430
|player|p2|huntr/x rumi|flannery|1363
|gen|9
|tier|[Gen 9] VGC 2025 Reg H (Bo3)
|rated|
|rule|Species Clause: Limit one of each Pokémon
|rule|Item Clause: Limit 1 of each item
|clearpoke
|poke|p1|Primarina, L50, F|
|poke|p1|Garchomp, L50, F|
|poke|p1|Gholdengo, L50|
|poke|p1|Talonflame, L50, M|
|poke|p1|Tyranitar, L50, F|
|poke|p1|Amoonguss, L50, F|
|poke|p2|Charizard, L50, F|
|poke|p2|Torkoal, L50, F|
|poke|p2|Porygon2, L50|
|poke|p2|Incineroar, L50, M|
|poke|p2|Jumpluff, L50, F|
|poke|p2|Ursaluna, L50, M|
|teampreview|4
|showteam|p1|Primarina||ThroatSpray|LiquidVoice|Haze,Moonblast,Protect,HyperVoice|||F|||50|,,,,,Steel]Garchomp||LifeOrb|SandVeil|Protect,Earthquake,StompingTantrum,DragonClaw|||F|||50|,,,,,Fire]Gholdengo||MetalCoat|GoodasGold|Protect,NastyPlot,ShadowBall,MakeItRain||||||50|,,,,,Flying]Talonflame||CovertCloak|GaleWings|BraveBird,Tailwind,WillOWisp,Taunt|||M|||50|,,,,,Flying]Tyranitar||AssaultVest|SandStream|KnockOff,TeraBlast,LowKick,RockSlide|||F|||50|,,,,,Flying]Amoonguss||SitrusBerry|Regenerator|RagePowder,Spore,PollenPuff,Protect|||F|||50|,,,,,Water
|showteam|p2|Charizard||ChoiceSpecs|SolarPower|HeatWave,Overheat,WeatherBall,AirSlash|||F|||50|,,,,,Ghost]Torkoal||EjectPack|Drought|Eruption,Overheat,HelpingHand,Protect|||F|||50|,,,,,Fire]Porygon2||Eviolite|Download|TeraBlast,IceBeam,Recover,TrickRoom||||||50|,,,,,Fighting]Incineroar||SitrusBerry|Intimidate|FlareBlitz,KnockOff,FakeOut,PartingShot|||M|||50|,,,,,Ghost]Jumpluff||CovertCloak|Chlorophyll|SleepPowder,SunnyDay,RagePowder,Tailwind|||F|||50|,,,,,Water]Ursaluna||FlameOrb|Guts|HeadlongRush,Facade,Earthquake,Protect|||M|||50|,,,,,Ghost
|
|t:|1755568578
|teamsize|p1|4
|teamsize|p2|4
|start
|switch|p1a: Talonflame|Talonflame, L50, M|100/100
|switch|p1b: Primarina|Primarina, L50, F|100/100
|switch|p2a: Jumpluff|Jumpluff, L50, F|100/100
|switch|p2b: Charizard|Charizard, L50, F|100/100
|turn|1
|
|t:|1755568593
|switch|p2a: Torkoal|Torkoal, L50, F|100/100
|-weather|SunnyDay|[from] ability: Drought|[of] p2a: Torkoal
|move|p1b: Primarina|Protect|p1b: Primarina
|-singleturn|p1b: Primarina|Protect
|move|p1a: Talonflame|Tailwind|p1a: Talonflame
|-sidestart|p1: fsucia|move: Tailwind
|move|p2b: Charizard|Heat Wave|p1b: Primarina|[spread] 
|-activate|p1b: Primarina|move: Protect
|-miss|p2b: Charizard|p1a: Talonflame
|
|-weather|SunnyDay|[upkeep]
|-damage|p2b: Charizard|88/100|[from] ability: Solar Power|[of] p2b: Charizard
|upkeep
|turn|2
|
|t:|1755568612
|switch|p2a: Jumpluff|Jumpluff, L50, F|100/100
|move|p1a: Talonflame|Brave Bird|p2b: Charizard
|-damage|p2b: Charizard|16/100
|-damage|p1a: Talonflame|76/100|[from] Recoil
|move|p1b: Primarina|Hyper Voice|p2a: Jumpluff|[spread] p2a,p2b
|-resisted|p2a: Jumpluff
|-supereffective|p2b: Charizard
|-damage|p2a: Jumpluff|92/100
|-damage|p2b: Charizard|0 fnt
|faint|p2b: Charizard
|-enditem|p1b: Primarina|Throat Spray
|-boost|p1b: Primarina|spa|1|[from] item: Throat Spray
|
|-weather|SunnyDay|[upkeep]
|upkeep
|
|t:|1755568622
|switch|p2b: Ursaluna|Ursaluna, L50, M|100/100
|turn|3
|
|t:|1755568627
|-terastallize|p2a: Jumpluff|Water
|move|p1b: Primarina|Protect|p1b: Primarina
|-singleturn|p1b: Primarina|Protect
|move|p2b: Ursaluna|Protect|p2b: Ursaluna
|-singleturn|p2b: Ursaluna|Protect
|move|p1a: Talonflame|Brave Bird|p2a: Jumpluff
|-damage|p2a: Jumpluff|25/100
|-damage|p1a: Talonflame|50/100|[from] Recoil
|move|p2a: Jumpluff|Tailwind|p2a: Jumpluff
|-sidestart|p2: huntr/x rumi|move: Tailwind
|
|-weather|SunnyDay|[upkeep]
|-status|p2b: Ursaluna|brn|[from] item: Flame Orb
|upkeep
|turn|4
|
|t:|1755568653
|switch|p1b: Tyranitar|Tyranitar, L50, F|100/100
|-weather|Sandstorm|[from] ability: Sand Stream|[of] p1b: Tyranitar
|move|p1a: Talonflame|Brave Bird|p2a: Jumpluff
|-damage|p2a: Jumpluff|0 fnt
|faint|p2a: Jumpluff
|-damage|p1a: Talonflame|40/100|[from] Recoil
|move|p2b: Ursaluna|Facade|p1a: Talonflame
|-damage|p1a: Talonflame|0 fnt
|faint|p1a: Talonflame
|
|-weather|Sandstorm|[upkeep]
|-damage|p2b: Ursaluna|95/100 brn|[from] brn
|-sideend|p1: fsucia|move: Tailwind
|upkeep
|
|t:|1755568667
|switch|p1a: Primarina|Primarina, L50, F|100/100
|switch|p2a: Torkoal|Torkoal, L50, F|100/100
|-weather|SunnyDay|[from] ability: Drought|[of] p2a: Torkoal
|turn|5
|
|t:|1755568676
|switch|p1b: Garchomp|Garchomp, L50, F|100/100
|move|p1a: Primarina|Protect|p1a: Primarina
|-singleturn|p1a: Primarina|Protect
|move|p2b: Ursaluna|Headlong Rush|p1b: Garchomp
|-damage|p1b: Garchomp|0 fnt
|-unboost|p2b: Ursaluna|def|1
|-unboost|p2b: Ursaluna|spd|1
|faint|p1b: Garchomp
|move|p2a: Torkoal|Eruption|p1a: Primarina
|-activate|p1a: Primarina|move: Protect
|
|-weather|SunnyDay|[upkeep]
|-damage|p2b: Ursaluna|89/100 brn|[from] brn
|upkeep
|
|t:|1755568681
|switch|p1b: Tyranitar|Tyranitar, L50, F|100/100
|-weather|Sandstorm|[from] ability: Sand Stream|[of] p1b: Tyranitar
|turn|6
|
|t:|1755568704
|-terastallize|p1b: Tyranitar|Flying
|move|p2a: Torkoal|Helping Hand|p2b: Ursaluna
|-singleturn|p2b: Ursaluna|Helping Hand|[of] p2a: Torkoal
|move|p2b: Ursaluna|Earthquake|p1a: Primarina|[spread] p2a,p1a
|-immune|p1b: Tyranitar
|-supereffective|p2a: Torkoal
|-damage|p2a: Torkoal|0 fnt
|-damage|p1a: Primarina|0 fnt
|faint|p2a: Torkoal
|faint|p1a: Primarina
|move|p1b: Tyranitar|Low Kick|p2b: Ursaluna
|-supereffective|p2b: Ursaluna
|-damage|p2b: Ursaluna|0 fnt
|faint|p2b: Ursaluna
|
|win|fsucia
|raw|fsucia's rating: 1430 → 1446(+16 for winning)
|raw|huntr/x rumi's rating: 1363 → 1347(-16 for losing)
