|j|☆ElJyrong
|j|☆thorton506
|html|ElJyrongthorton506    
|uhtml|bestof|Game 1 of a best-of-3
|t:|1785364918
|gametype|doubles
|player|p1|ElJyrong|101|
|player|p2|thorton506|fantina|
|gen|9
|tier|[Gen 9 Champions] VGC 2026 Reg M-B (Bo3)
|rule|Species Clause: Limit one of each Pokémon
|rule|Item Clause: Limit 1 of each item
|clearpoke
|poke|p1|Staraptor, L50, F, shiny|
|poke|p1|Raichu, L50, M|
|poke|p1|Maushold, L50|
|poke|p1|Sylveon, L50, M|
|poke|p1|Kingambit, L50, M|
|poke|p1|Garchomp, L50, M|
|poke|p2|Staraptor, L50, F, shiny|
|poke|p2|Glimmora, L50, F, shiny|
|poke|p2|Garchomp, L50, F, shiny|
|poke|p2|Delphox, L50, F, shiny|
|poke|p2|Whimsicott, L50, F, shiny|
|poke|p2|Kingambit, L50, M, shiny|
|teampreview|4
|showteam|p1|Staraptor||Staraptite|Intimidate|CloseCombat,BraveBird,Tailwind,Protect|Jolly||F|||50|]Raichu||RaichuniteY|LightningRod|ZapCannon,FocusBlast,FakeOut,Protect|Timid||M|||50|]Maushold||WideLens|Technician|PopulationBomb,Feint,FollowMe,Protect|Jolly|||||50|]Sylveon||FairyFeather|Pixilate|HyperVoice,HyperBeam,QuickAttack,Detect|Modest||M|||50|]Kingambit||FocusSash|Defiant|IronHead,KowtowCleave,SuckerPunch,Protect|Adamant||M|||50|]Garchomp||LifeOrb|RoughSkin|DragonClaw,Earthquake,RockSlide,Protect|Adamant||M|||50|
|showteam|p2|Staraptor||Staraptite|Intimidate|CloseCombat,Protect,BraveBird,Roost|Jolly||F|||50|]Glimmora||FocusSash|ToxicDebris|SpikyShield,PowerGem,SludgeBomb,EarthPower|Serious||F|||50|]Garchomp||LifeOrb|RoughSkin|RockSlide,DragonClaw,Earthquake,Protect|Jolly||F|||50|]Delphox||Delphoxite|Blaze|HeatWave,Psychic,Protect,Encore|Modest||F|||50|]Whimsicott||OccaBerry|Prankster|Moonblast,Tailwind,Charm,LightScreen|Timid||F|||50|]Kingambit||ChopleBerry|Defiant|KowtowCleave,SuckerPunch,LowKick,IronHead|Adamant||M|||50|
|
|t:|1785364986
|teamsize|p1|4
|teamsize|p2|4
|start
|switch|p1a: Staraptor|Staraptor, L50, F, shiny|100/100
|switch|p1b: Maushold|Maushold, L50|100/100
|switch|p2a: Whimsicott|Whimsicott, L50, F, shiny|100/100
|switch|p2b: Delphox|Delphox, L50, F, shiny|100/100
|-ability|p1a: Staraptor|Intimidate|boost
|-unboost|p2a: Whimsicott|atk|1
|-unboost|p2b: Delphox|atk|1
|turn|1
|inactive|Battle timer is ON: inactive players will automatically lose when time's up. (requested by thorton506)
|
|t:|1785365034
|detailschange|p2b: Delphox|Delphox-Mega, L50, F, shiny
|-mega|p2b: Delphox|Delphox|Delphoxite
|move|p2b: Delphox|Protect|p2b: Delphox
|-singleturn|p2b: Delphox|Protect
|move|p2a: Whimsicott|Tailwind|p2a: Whimsicott
|-sidestart|p2: thorton506|move: Tailwind
|move|p1b: Maushold|Population Bomb|p2b: Delphox
|-activate|p2b: Delphox|move: Protect
|move|p1a: Staraptor|Tailwind|p1a: Staraptor
|-sidestart|p1: ElJyrong|move: Tailwind
|
|upkeep
|turn|2
|inactive|ElJyrong has 30 seconds left.
|inactive|thorton506 has 30 seconds left.
|inactive|ElJyrong has 20 seconds left.
|inactive|thorton506 has 20 seconds left.
|inactive|ElJyrong has 15 seconds left.
|inactive|thorton506 has 15 seconds left.
|
|t:|1785365078
|detailschange|p1a: Staraptor|Staraptor-Mega, L50, F, shiny
|-mega|p1a: Staraptor|Staraptor|Staraptite
|move|p1b: Maushold|Follow Me|p1b: Maushold
|-singleturn|p1b: Maushold|move: Follow Me
|move|p2a: Whimsicott|Charm|p1b: Maushold
|-unboost|p1b: Maushold|atk|2
|move|p2b: Delphox|Encore|p1b: Maushold
|-start|p1b: Maushold|Encore
|move|p1a: Staraptor|Close Combat|p2a: Whimsicott
|-resisted|p2a: Whimsicott|1
|-damage|p2a: Whimsicott|63/100
|-boost|p1a: Staraptor|def|1
|-boost|p1a: Staraptor|spd|1
|
|upkeep
|turn|3
|inactive|ElJyrong has 30 seconds left.
|inactive|thorton506 has 30 seconds left.
|
|t:|1785365108
|move|p1b: Maushold|Follow Me|p1b: Maushold
|-singleturn|p1b: Maushold|move: Follow Me
|move|p2b: Delphox|Heat Wave|p1b: Maushold|[spread] p1a,p1b
|-damage|p1a: Staraptor|73/100
|-damage|p1b: Maushold|37/100
|move|p1a: Staraptor|Close Combat|p2a: Whimsicott
|-resisted|p2a: Whimsicott|1
|-damage|p2a: Whimsicott|30/100
|-boost|p1a: Staraptor|def|1
|-boost|p1a: Staraptor|spd|1
|move|p2a: Whimsicott|Moonblast|p1b: Maushold
|-damage|p1b: Maushold|0 fnt
|faint|p1b: Maushold
|
|upkeep
|
|t:|1785365124
|switch|p1b: Kingambit|Kingambit, L50, M|100/100
|turn|4
|inactive|ElJyrong has 30 seconds left.
|
|t:|1785365158
|switch|p2a: Garchomp|Garchomp, L50, F, shiny|100/100
|move|p2b: Delphox|Protect|p2b: Delphox
|-singleturn|p2b: Delphox|Protect
|move|p1b: Kingambit|Sucker Punch||[still]
|-fail|p1b: Kingambit
|move|p1a: Staraptor|Close Combat|p2a: Garchomp
|-damage|p2a: Garchomp|45/100
|-boost|p1a: Staraptor|def|1
|-boost|p1a: Staraptor|spd|1
|-damage|p1a: Staraptor|60/100|[from] ability: Rough Skin|[of] p2a: Garchomp
|
|-sideend|p1: ElJyrong|move: Tailwind
|-sideend|p2: thorton506|move: Tailwind
|upkeep
|turn|5
|inactive|ElJyrong has 30 seconds left.
|inactive|ElJyrong has 20 seconds left.
|inactive|ElJyrong has 15 seconds left.
|inactive|ElJyrong has 10 seconds left.
|
|t:|1785365204
|switch|p2b: Whimsicott|Whimsicott, L50, F, shiny|30/100
|move|p2a: Garchomp|Protect|p2a: Garchomp
|-singleturn|p2a: Garchomp|Protect
|move|p1b: Kingambit|Sucker Punch||[still]
|-fail|p1b: Kingambit
|move|p1a: Staraptor|Close Combat|p2a: Garchomp
|-activate|p2a: Garchomp|move: Protect
|
|upkeep
|turn|6
|inactive|ElJyrong has 30 seconds left.
|
|t:|1785365238
|move|p1b: Kingambit|Protect|p1b: Kingambit
|-singleturn|p1b: Kingambit|Protect
|move|p2b: Whimsicott|Tailwind|p2b: Whimsicott
|-sidestart|p2: thorton506|move: Tailwind
|move|p2a: Garchomp|Rock Slide|p1a: Staraptor|[spread] p1a
|-activate|p1b: Kingambit|move: Protect
|-damage|p1a: Staraptor|51/100
|-damage|p2a: Garchomp|35/100|[from] item: Life Orb
|move|p1a: Staraptor|Tailwind|p1a: Staraptor
|-sidestart|p1: ElJyrong|move: Tailwind
|
|upkeep
|turn|7
|
|t:|1785365261
|move|p1a: Staraptor|Close Combat|p2a: Garchomp
|-damage|p2a: Garchomp|0 fnt
|-boost|p1a: Staraptor|def|1
|-boost|p1a: Staraptor|spd|1
|-damage|p1a: Staraptor|39/100|[from] ability: Rough Skin|[of] p2a: Garchomp
|faint|p2a: Garchomp
|move|p2b: Whimsicott|Moonblast|p1a: Staraptor
|-supereffective|p1a: Staraptor|1
|-damage|p1a: Staraptor|16/100
|-boost|p1a: Staraptor|spa|1
|move|p1b: Kingambit|Kowtow Cleave|p2b: Whimsicott
|-resisted|p2b: Whimsicott|1
|-damage|p2b: Whimsicott|1/100
|
|upkeep
|
|t:|1785365277
|switch|p2a: Kingambit|Kingambit, L50, M, shiny|100/100
|turn|8
|inactive|ElJyrong has 30 seconds left.
|inactive|thorton506 has 30 seconds left.
|inactive|thorton506 has 20 seconds left.
|
|t:|1785365313
|move|p1a: Staraptor|Protect|p1a: Staraptor
|-singleturn|p1a: Staraptor|Protect
|move|p2b: Whimsicott|Moonblast|p1a: Staraptor
|-activate|p1a: Staraptor|move: Protect
|move|p1b: Kingambit|Kowtow Cleave|p2b: Whimsicott
|-resisted|p2b: Whimsicott|1
|-damage|p2b: Whimsicott|0 fnt
|faint|p2b: Whimsicott
|move|p2a: Kingambit|Low Kick|p1b: Kingambit
|-supereffective|p1b: Kingambit|2
|-enditem|p1b: Kingambit|Focus Sash
|-damage|p1b: Kingambit|1/100
|
|upkeep
|
|t:|1785365316
|switch|p2b: Delphox|Delphox-Mega, L50, F, shiny|100/100
|turn|9
|inactive|ElJyrong has 30 seconds left.
|
|t:|1785365349
|move|p1b: Kingambit|Protect|p1b: Kingambit
|-singleturn|p1b: Kingambit|Protect
|move|p2b: Delphox|Encore|p1a: Staraptor
|-start|p1a: Staraptor|Encore
|move|p1a: Staraptor|Protect||[still]
|-fail|p1a: Staraptor
|move|p2a: Kingambit|Low Kick|p1b: Kingambit
|-activate|p1b: Kingambit|move: Protect
|
|-sideend|p1: ElJyrong|move: Tailwind
|-sideend|p2: thorton506|move: Tailwind
|upkeep
|turn|10
|inactive|ElJyrong has 30 seconds left.
|
|t:|1785365380
|switch|p1b: Sylveon|Sylveon, L50, M|100/100
|move|p1a: Staraptor|Protect|p1a: Staraptor
|-singleturn|p1a: Staraptor|Protect
|move|p2b: Delphox|Psychic|p1a: Staraptor
|-activate|p1a: Staraptor|move: Protect
|move|p2a: Kingambit|Low Kick|p1b: Sylveon
|-resisted|p1b: Sylveon|1
|-damage|p1b: Sylveon|90/100
|
|upkeep
|turn|11
|inactive|ElJyrong has 30 seconds left.
|inactive|ElJyrong has 20 seconds left.
|inactive|ElJyrong has 15 seconds left.
|inactive|ElJyrong has 10 seconds left.
|
|t:|1785365429
|switch|p1a: Kingambit|Kingambit, L50, M|1/100
|move|p2b: Delphox|Psychic|p1a: Kingambit
|-immune|p1a: Kingambit
|move|p1b: Sylveon|Hyper Beam|p2a: Kingambit
|-damage|p2a: Kingambit|1/100
|-mustrecharge|p1b: Sylveon
|move|p2a: Kingambit|Iron Head|p1b: Sylveon
|-supereffective|p1b: Sylveon|1
|-damage|p1b: Sylveon|0 fnt
|faint|p1b: Sylveon
|
|upkeep
|
|t:|1785365443
|switch|p1b: Staraptor|Staraptor-Mega, L50, F, shiny|16/100
|turn|12
|inactive|ElJyrong has 30 seconds left.
|inactive|thorton506 has 30 seconds left.
|
|t:|1785365479
|move|p2b: Delphox|Protect|p2b: Delphox
|-singleturn|p2b: Delphox|Protect
|move|p1a: Kingambit|Sucker Punch||[still]
|-fail|p1a: Kingambit
|move|p1b: Staraptor|Tailwind|p1b: Staraptor
|-sidestart|p1: ElJyrong|move: Tailwind
|move|p2a: Kingambit|Kowtow Cleave|p1a: Kingambit
|-resisted|p1a: Kingambit|1
|-damage|p1a: Kingambit|0 fnt
|faint|p1a: Kingambit
|
|upkeep
|turn|13
|
|t:|1785365494
|move|p2a: Kingambit|Sucker Punch|p1b: Staraptor
|-resisted|p1b: Staraptor|1
|-damage|p1b: Staraptor|0 fnt
|faint|p1b: Staraptor
|
|win|thorton506
