|j|☆kingbananahammock
|j|☆negaifreak
|html|kingbananahammocknegaifreak    
|uhtml|bestof|Game 2 of a best-of-3
|t:|1756252835
|gametype|doubles
|player|p1|kingbananahammock|169|1130
|player|p2|negaifreak|nate|1147
|gen|9
|tier|[Gen 9] VGC 2025 Reg H (Bo3)
|rated|
|rule|Species Clause: Limit one of each Pokémon
|rule|Item Clause: Limit 1 of each item
|clearpoke
|poke|p1|Misdreavus, L50, F|
|poke|p1|Ursaluna, L50, F|
|poke|p1|Mandibuzz, L50, F|
|poke|p1|Incineroar, L50, M|
|poke|p1|Abomasnow, L50, M|
|poke|p1|Gholdengo, L50|
|poke|p2|Ceruledge, L50, F|
|poke|p2|Sneasler, L50, F|
|poke|p2|Rillaboom, L50, M|
|poke|p2|Salamence, L50, M|
|poke|p2|Milotic, L50, F|
|poke|p2|Ninetales-Alola, L50, M|
|teampreview|4
|showteam|p1|Misdreavus||Eviolite|Levitate|NightShade,WillOWisp,TrickRoom,PainSplit|||F|||50|,,,,,Steel]Ursaluna||FlameOrb|Guts|Facade,Earthquake,SwordsDance,Protect|||F|||50|,,,,,Ghost]Mandibuzz||RockyHelmet|Overcoat|FoulPlay,Taunt,Tailwind,Snarl|||F|||50|,,,,,Fire]Incineroar||MirrorHerb|Intimidate|FakeOut,FlareBlitz,KnockOff,PartingShot|||M|||50|,,,,,Grass]Abomasnow||AssaultVest|SnowWarning|Blizzard,LeafStorm,EarthPower,IceShard|||M|||50|,,,,,Water]Gholdengo||SitrusBerry|GoodasGold|MakeItRain,NastyPlot,Protect,ShadowBall||||||50|,,,,,Water
|showteam|p2|Ceruledge||ClearAmulet|FlashFire|BitterBlade,ShadowSneak,BulkUp,Protect|||F|||50|,,,,,Grass]Sneasler||GrassySeed|Unburden|DireClaw,CloseCombat,Coaching,Protect|||F|||50|,,,,,Stellar]Rillaboom||AssaultVest|GrassySurge|FakeOut,GrassyGlide,WoodHammer,HighHorsepower|||M|||50|,,,,,Fire]Salamence||LifeOrb|Intimidate|AirSlash,DracoMeteor,Tailwind,Protect|||M|||50|,,,,,Steel]Milotic||Leftovers|Competitive|Scald,IceBeam,Haze,Protect|||F|||50|,,,,,Dragon]Ninetales-Alola||FocusSash|SnowWarning|FreezeDry,Moonblast,AuroraVeil,Protect|||M|||50|,,,,,Ice
|
|t:|1756252872
|teamsize|p1|4
|teamsize|p2|4
|start
|switch|p1a: Gholdengo|Gholdengo, L50|100/100
|switch|p1b: Mandibuzz|Mandibuzz, L50, F|100/100
|switch|p2a: Rillaboom|Rillaboom, L50, M|100/100
|switch|p2b: Sneasler|Sneasler, L50, F|100/100
|-fieldstart|move: Grassy Terrain|[from] ability: Grassy Surge|[of] p2a: Rillaboom
|-enditem|p2b: Sneasler|Grassy Seed
|-boost|p2b: Sneasler|def|1|[from] item: Grassy Seed
|turn|1
|
|t:|1756252916
|move|p2b: Sneasler|Coaching|p2a: Rillaboom
|-boost|p2a: Rillaboom|atk|1
|-boost|p2a: Rillaboom|def|1
|move|p1a: Gholdengo|Nasty Plot|p1a: Gholdengo
|-boost|p1a: Gholdengo|spa|2
|move|p2a: Rillaboom|High Horsepower|p1a: Gholdengo
|-supereffective|p1a: Gholdengo
|-damage|p1a: Gholdengo|7/100
|-enditem|p1a: Gholdengo|Sitrus Berry|[eat]
|-heal|p1a: Gholdengo|31/100|[from] item: Sitrus Berry
|move|p1b: Mandibuzz|Tailwind|p1b: Mandibuzz
|-sidestart|p1: kingbananahammock|move: Tailwind
|
|-heal|p1a: Gholdengo|38/100|[from] Grassy Terrain
|upkeep
|turn|2
|
|t:|1756252957
|-terastallize|p2a: Rillaboom|Fire
|move|p2b: Sneasler|Protect|p2b: Sneasler
|-singleturn|p2b: Sneasler|Protect
|move|p1a: Gholdengo|Protect|p1a: Gholdengo
|-singleturn|p1a: Gholdengo|Protect
|move|p2a: Rillaboom|Grassy Glide|p1a: Gholdengo
|-activate|p1a: Gholdengo|move: Protect
|move|p1b: Mandibuzz|Foul Play|p2a: Rillaboom
|-damage|p2a: Rillaboom|46/100
|
|-heal|p1a: Gholdengo|44/100|[from] Grassy Terrain
|-heal|p2a: Rillaboom|52/100|[from] Grassy Terrain
|upkeep
|turn|3
|
|t:|1756253003
|move|p2a: Rillaboom|Grassy Glide|p1a: Gholdengo
|-resisted|p1a: Gholdengo
|-damage|p1a: Gholdengo|15/100
|move|p2b: Sneasler|Close Combat|p1b: Mandibuzz
|-damage|p1b: Mandibuzz|57/100
|-unboost|p2b: Sneasler|def|1
|-unboost|p2b: Sneasler|spd|1
|-damage|p2b: Sneasler|84/100|[from] item: Rocky Helmet|[of] p1b: Mandibuzz
|move|p1a: Gholdengo|Make It Rain|p2a: Rillaboom|[spread] p2a,p2b
|-resisted|p2a: Rillaboom
|-damage|p2a: Rillaboom|19/100
|-damage|p2b: Sneasler|0 fnt
|-unboost|p1a: Gholdengo|spa|1
|faint|p2b: Sneasler
|move|p1b: Mandibuzz|Foul Play|p2a: Rillaboom
|-damage|p2a: Rillaboom|0 fnt
|faint|p2a: Rillaboom
|
|-heal|p1a: Gholdengo|22/100|[from] Grassy Terrain
|upkeep
|
|t:|1756253022
|switch|p2b: Milotic|Milotic, L50, F|100/100
|switch|p2a: Ceruledge|Ceruledge, L50, F, shiny|100/100
|turn|4
|c|☆negaifreak|GG, I feel like a total idiot here
|
|t:|1756253048
|move|p1a: Gholdengo|Protect|p1a: Gholdengo
|-singleturn|p1a: Gholdengo|Protect
|move|p2a: Ceruledge|Protect|p2a: Ceruledge
|-singleturn|p2a: Ceruledge|Protect
|move|p1b: Mandibuzz|Foul Play|p2a: Ceruledge
|-activate|p2a: Ceruledge|move: Protect
|move|p2b: Milotic|Scald|p1b: Mandibuzz
|-damage|p1b: Mandibuzz|34/100
|
|-heal|p1a: Gholdengo|28/100|[from] Grassy Terrain
|-sideend|p1: kingbananahammock|move: Tailwind
|upkeep
|turn|5
|c|☆kingbananahammock|gg to you too. No need to feel like an idiot
|
|t:|1756253083
|move|p2a: Ceruledge|Shadow Sneak|p1a: Gholdengo
|-supereffective|p1a: Gholdengo
|-damage|p1a: Gholdengo|0 fnt
|faint|p1a: Gholdengo
|move|p2b: Milotic|Ice Beam|p1b: Mandibuzz
|-supereffective|p1b: Mandibuzz
|-damage|p1b: Mandibuzz|0 fnt
|faint|p1b: Mandibuzz
|
|-fieldend|move: Grassy Terrain
|upkeep
|
|t:|1756253091
|switch|p1a: Abomasnow|Abomasnow, L50, M|100/100
|switch|p1b: Ursaluna|Ursaluna, L50, F|100/100
|-weather|Snowscape|[from] ability: Snow Warning|[of] p1a: Abomasnow
|turn|6
|
|t:|1756253124
|-terastallize|p1a: Abomasnow|Water
|move|p1b: Ursaluna|Protect|p1b: Ursaluna
|-singleturn|p1b: Ursaluna|Protect
|move|p2b: Milotic|Scald|p1b: Ursaluna
|-activate|p1b: Ursaluna|move: Protect
|move|p2a: Ceruledge|Bulk Up|p2a: Ceruledge
|-boost|p2a: Ceruledge|atk|1
|-boost|p2a: Ceruledge|def|1
|move|p1a: Abomasnow|Earth Power|p2a: Ceruledge
|-supereffective|p2a: Ceruledge
|-damage|p2a: Ceruledge|52/100
|
|-weather|Snowscape|[upkeep]
|-status|p1b: Ursaluna|brn|[from] item: Flame Orb
|upkeep
|turn|7
|
|t:|1756253161
|move|p2b: Milotic|Scald|p1b: Ursaluna
|-supereffective|p1b: Ursaluna
|-damage|p1b: Ursaluna|37/100 brn
|move|p2a: Ceruledge|Bitter Blade|p1b: Ursaluna
|-damage|p1b: Ursaluna|0 fnt
|-heal|p2a: Ceruledge|75/100|[from] drain|[of] p1b: Ursaluna
|faint|p1b: Ursaluna
|move|p1a: Abomasnow|Leaf Storm|p2b: Milotic
|-supereffective|p2b: Milotic
|-damage|p2b: Milotic|8/100
|-unboost|p1a: Abomasnow|spa|2
|
|-weather|Snowscape|[upkeep]
|-heal|p2b: Milotic|15/100|[from] item: Leftovers
|upkeep
|turn|8
|
|t:|1756253199
|move|p2b: Milotic|Scald|p1a: Abomasnow
|-resisted|p1a: Abomasnow
|-damage|p1a: Abomasnow|90/100
|move|p2a: Ceruledge|Bitter Blade|p1a: Abomasnow
|-resisted|p1a: Abomasnow
|-damage|p1a: Abomasnow|55/100
|-heal|p2a: Ceruledge|95/100|[from] drain|[of] p1a: Abomasnow
|move|p1a: Abomasnow|Blizzard|p2b: Milotic|[spread] p2a,p2b
|-resisted|p2a: Ceruledge
|-resisted|p2b: Milotic
|-damage|p2a: Ceruledge|88/100
|-damage|p2b: Milotic|6/100
|
|-weather|Snowscape|[upkeep]
|-heal|p2b: Milotic|12/100|[from] item: Leftovers
|upkeep
|turn|9
|
|t:|1756253247
|move|p1a: Abomasnow|Ice Shard|p2b: Milotic
|-resisted|p2b: Milotic
|-damage|p2b: Milotic|7/100
|move|p2b: Milotic|Scald|p1a: Abomasnow
|-resisted|p1a: Abomasnow
|-damage|p1a: Abomasnow|45/100
|move|p2a: Ceruledge|Bitter Blade|p1a: Abomasnow
|-resisted|p1a: Abomasnow
|-damage|p1a: Abomasnow|4/100
|-heal|p2a: Ceruledge|100/100|[from] drain|[of] p1a: Abomasnow
|
|-weather|Snowscape|[upkeep]
|-heal|p2b: Milotic|14/100|[from] item: Leftovers
|upkeep
|turn|10
|
|t:|1756253281
|move|p2a: Ceruledge|Shadow Sneak|p1a: Abomasnow
|-damage|p1a: Abomasnow|0 fnt
|faint|p1a: Abomasnow
|
|win|negaifreak
|c|☆negaifreak|GG
||kingbananahammock is ready for game 3.
