|j|☆devinlewisd
|j|☆NyulaDraws
|html|devinlewisdNyulaDraws    
|uhtml|bestof|Game 3 of a best-of-3
|t:|1783350098
|gametype|doubles
|player|p1|devinlewisd|hiker-gen4|1111
|player|p2|NyulaDraws|brawly|1017
|gen|9
|tier|[Gen 9 Champions] VGC 2026 Reg M-B (Bo3)
|rated|
|rule|Species Clause: Limit one of each Pokémon
|rule|Item Clause: Limit 1 of each item
|clearpoke
|poke|p1|Ninetales-Alola, L50, M|
|poke|p1|Volcarona, L50, F|
|poke|p1|Farigiraf, L50, F|
|poke|p1|Alakazam, L50, M|
|poke|p1|Basculegion, L50, M|
|poke|p1|Decidueye-Hisui, L50, M|
|poke|p2|Grimmsnarl, L50, M|
|poke|p2|Swampert, L50, M|
|poke|p2|Pelipper, L50, M|
|poke|p2|Archaludon, L50, M, shiny|
|poke|p2|Mawile, L50, F|
|poke|p2|Farigiraf, L50, M, shiny|
|teampreview|4
|showteam|p1|Ninetales-Alola||LightClay|SnowWarning|Blizzard,FreezeDry,AuroraVeil,Protect|Timid||M|||50|]Volcarona||Leftovers|FlameBody|RagePowder,QuiverDance,Protect,HeatWave|Modest||F|||50|]Farigiraf||MentalHerb|ArmorTail|TrickRoom,Imprison,HelpingHand,DazzlingGleam|Sassy||F|||50|]Alakazam||Alakazite|MagicGuard|DazzlingGleam,Psychic,ShadowBall,Protect|Timid||M|||50|]Basculegion||ChoiceScarf|Adaptability|Liquidation,FlipTurn,LastRespects,HeadSmash|Jolly||M|||50|]Decidueye-Hisui||ExpertBelt|Scrappy|TripleArrows,BraveBird,Protect,LeafBlade|Adamant||M|||50|
|showteam|p2|Grimmsnarl||LightClay|Prankster|FoulPlay,PartingShot,LightScreen,Reflect|Calm||M|||50|]Swampert||Swampertite|Damp|Protect,IcePunch,WaveCrash,Earthquake|Adamant||M|||50|]Pelipper||SitrusBerry|Drizzle|WideGuard,Tailwind,WeatherBall,Hurricane|Modest||M|||50|]Archaludon||Leftovers|Stamina|Protect,ElectroShot,FlashCannon,DragonPulse|Modest||M|||50|]Mawile||Mawilite|HyperCutter|PlayRough,BrickBreak,SuckerPunch,Protect|Adamant||F|||50|]Farigiraf||ColburBerry|ArmorTail|Psychic,Thunderbolt,TrickRoom,Protect|Quiet||M|||50|
|inactive|Battle timer is ON: inactive players will automatically lose when time's up. (requested by devinlewisd)
|inactive|devinlewisd has 60 seconds left.
|inactive|NyulaDraws has 60 seconds left.
|
|t:|1783350129
|teamsize|p1|4
|teamsize|p2|4
|start
|switch|p1a: Alakazam|Alakazam, L50, M|100/100
|switch|p1b: Volcarona|Volcarona, L50, F|100/100
|switch|p2a: Archaludon|Archaludon, L50, M, shiny|100/100
|switch|p2b: Pelipper|Pelipper, L50, M|100/100
|-weather|RainDance|[from] ability: Drizzle|[of] p2b: Pelipper
|turn|1
|
|t:|1783350154
|detailschange|p1a: Alakazam|Alakazam-Mega, L50, M
|-mega|p1a: Alakazam|Alakazam|Alakazite
|-ability|p1a: Alakazam|Drizzle|Trace|[from] ability: Trace|[of] p2b: Pelipper
|move|p1b: Volcarona|Rage Powder|p1b: Volcarona
|-singleturn|p1b: Volcarona|move: Rage Powder
|move|p1a: Alakazam|Psychic|p2b: Pelipper
|-crit|p2b: Pelipper
|-damage|p2b: Pelipper|0 fnt
|faint|p2b: Pelipper
|move|p2a: Archaludon|Flash Cannon|p1b: Volcarona
|-resisted|p1b: Volcarona|1
|-damage|p1b: Volcarona|79/100
|
|-weather|RainDance|[upkeep]
|-heal|p1b: Volcarona|85/100|[from] item: Leftovers
|upkeep
|
|t:|1783350170
|switch|p2b: Farigiraf|Farigiraf, L50, M, shiny|100/100
|turn|2
|
|t:|1783350194
|move|p1b: Volcarona|Rage Powder|p1b: Volcarona
|-singleturn|p1b: Volcarona|move: Rage Powder
|move|p1a: Alakazam|Dazzling Gleam|p2b: Farigiraf|[spread] p2a,p2b
|-damage|p2a: Archaludon|74/100
|-damage|p2b: Farigiraf|77/100
|-ability|p2a: Archaludon|Stamina|boost
|-boost|p2a: Archaludon|def|1
|move|p2a: Archaludon|Electro Shot||[still]
|-prepare|p2a: Archaludon|Electro Shot
|-boost|p2a: Archaludon|spa|1
|-anim|p2a: Archaludon|Electro Shot|p1b: Volcarona
|-damage|p1b: Volcarona|19/100
|move|p2b: Farigiraf|Trick Room|p2b: Farigiraf
|-fieldstart|move: Trick Room|[of] p2b: Farigiraf
|
|-weather|RainDance|[upkeep]
|-heal|p2a: Archaludon|80/100|[from] item: Leftovers
|-heal|p1b: Volcarona|25/100|[from] item: Leftovers
|upkeep
|turn|3
|inactive|NyulaDraws has 30 seconds left.
|
|t:|1783350219
|switch|p1b: Ninetales|Ninetales-Alola, L50, M|100/100
|-weather|Snowscape|[from] ability: Snow Warning|[of] p1b: Ninetales
|move|p2b: Farigiraf|Thunderbolt|p1b: Ninetales
|-damage|p1b: Ninetales|69/100
|move|p2a: Archaludon|Flash Cannon|p1a: Alakazam
|-damage|p1a: Alakazam|27/100
|-unboost|p1a: Alakazam|spd|1
|move|p1a: Alakazam|Dazzling Gleam|p2b: Farigiraf|[spread] p2a,p2b
|-damage|p2a: Archaludon|55/100
|-damage|p2b: Farigiraf|53/100
|-ability|p2a: Archaludon|Stamina|boost
|-boost|p2a: Archaludon|def|1
|
|-weather|Snowscape|[upkeep]
|-heal|p2a: Archaludon|61/100|[from] item: Leftovers
|upkeep
|turn|4
|
|t:|1783350243
|switch|p1a: Volcarona|Volcarona, L50, F|25/100
|move|p1b: Ninetales|Protect|p1b: Ninetales
|-singleturn|p1b: Ninetales|Protect
|move|p2b: Farigiraf|Thunderbolt|p1a: Volcarona
|-damage|p1a: Volcarona|0 fnt
|faint|p1a: Volcarona
|move|p2a: Archaludon|Flash Cannon|p1b: Ninetales
|-activate|p1b: Ninetales|move: Protect
|
|-weather|Snowscape|[upkeep]
|-heal|p2a: Archaludon|68/100|[from] item: Leftovers
|upkeep
|
|t:|1783350252
|switch|p1a: Farigiraf|Farigiraf, L50, F|100/100
|turn|5
|
|t:|1783350265
|move|p2b: Farigiraf|Thunderbolt|p1a: Farigiraf
|-damage|p1a: Farigiraf|74/100
|move|p1a: Farigiraf|Dazzling Gleam|p2a: Archaludon|[spread] p2a,p2b
|-damage|p2a: Archaludon|52/100
|-damage|p2b: Farigiraf|38/100
|-ability|p2a: Archaludon|Stamina|boost
|-boost|p2a: Archaludon|def|1
|move|p2a: Archaludon|Flash Cannon|p1b: Ninetales
|-supereffective|p1b: Ninetales|2
|-damage|p1b: Ninetales|0 fnt
|faint|p1b: Ninetales
|
|-weather|Snowscape|[upkeep]
|-heal|p2a: Archaludon|58/100|[from] item: Leftovers
|upkeep
|
|t:|1783350274
|switch|p1b: Alakazam|Alakazam-Mega, L50, M|27/100
|-ability|p1b: Alakazam|Stamina|Trace|[from] ability: Trace|[of] p2a: Archaludon
|turn|6
|
|t:|1783350287
|move|p1b: Alakazam|Protect|p1b: Alakazam
|-singleturn|p1b: Alakazam|Protect
|move|p2b: Farigiraf|Thunderbolt|p1b: Alakazam
|-activate|p1b: Alakazam|move: Protect
|move|p1a: Farigiraf|Dazzling Gleam|p2a: Archaludon|[spread] p2a,p2b
|-damage|p2a: Archaludon|44/100
|-damage|p2b: Farigiraf|23/100
|-ability|p2a: Archaludon|Stamina|boost
|-boost|p2a: Archaludon|def|1
|move|p2a: Archaludon|Dragon Pulse|p1a: Farigiraf
|-damage|p1a: Farigiraf|15/100
|
|-weather|Snowscape|[upkeep]
|-heal|p2a: Archaludon|50/100g|[from] item: Leftovers
|-fieldend|move: Trick Room
|upkeep
|turn|7
|inactive|NyulaDraws has 30 seconds left.
|
|t:|1783350318
|move|p1a: Farigiraf|Helping Hand|p1b: Alakazam
|-singleturn|p1b: Alakazam|Helping Hand|[of] p1a: Farigiraf
|move|p1b: Alakazam|Dazzling Gleam|p2b: Farigiraf|[spread] p2a,p2b
|-damage|p2a: Archaludon|11/100
|-damage|p2b: Farigiraf|0 fnt
|-ability|p2a: Archaludon|Stamina|boost
|-boost|p2a: Archaludon|def|1
|faint|p2b: Farigiraf
|move|p2a: Archaludon|Dragon Pulse|p1b: Alakazam
|-damage|p1b: Alakazam|0 fnt
|faint|p1b: Alakazam
|
|-weather|none
|-heal|p2a: Archaludon|17/100|[from] item: Leftovers
|upkeep
|
|t:|1783350330
|switch|p2b: Mawile|Mawile, L50, F|100/100
|turn|8
|-message|devinlewisd forfeited.
|
|win|NyulaDraws
|raw|devinlewisd's rating: 1111 → 1079(-32 for losing)
|raw|NyulaDraws's rating: 1017 → 1064(+47 for winning)
|l|☆devinlewisd
|player|p1|
