|j|☆Octoputzi
|j|☆mattorfo
|html|Octoputzimattorfo    
|uhtml|bestof|Game 1 of a best-of-3
|t:|1757058247
|gametype|doubles
|player|p1|Octoputzi|misty|1265
|player|p2|mattorfo|backersf|1185
|gen|9
|tier|[Gen 9] VGC 2025 Reg H (Bo3)
|rated|
|rule|Species Clause: Limit one of each Pokémon
|rule|Item Clause: Limit 1 of each item
|clearpoke
|poke|p1|Archaludon, L50, M|
|poke|p1|Basculegion, L50, M|
|poke|p1|Pelipper, L50, M|
|poke|p1|Amoonguss, L50, F|
|poke|p1|Incineroar, L50, F|
|poke|p1|Gholdengo, L50|
|poke|p2|Ninetales-Alola, L50, F|
|poke|p2|Kommo-o, L50, F|
|poke|p2|Basculegion, L50, M|
|poke|p2|Magmar, L50, M|
|poke|p2|Rillaboom, L50, M|
|poke|p2|Kingambit, L50, F|
|teampreview|4
|showteam|p1|Archaludon||AssaultVest|Stamina|DracoMeteor,ElectroShot,FlashCannon,BodyPress|||M|||50|,,,,,Bug]Basculegion||ChoiceBand|SwiftSwim|FlipTurn,WaveCrash,AquaJet,LastRespects|||M|||50|,,,,,Water]Pelipper||FocusSash|Drizzle|Hurricane,WeatherBall,Tailwind,Protect|||M|||50|,,,,,Ground]Amoonguss||SitrusBerry|Regenerator|Spore,RagePowder,PollenPuff,Protect|||F|||50|,,,,,Fairy]Incineroar||SafetyGoggles|Intimidate|FakeOut,FlareBlitz,KnockOff,PartingShot|||F|||50|,,,,,Ghost]Gholdengo||LifeOrb|GoodasGold|NastyPlot,MakeItRain,ShadowBall,Protect||||||50|,,,,,Water
|showteam|p2|Ninetales-Alola||FocusSash|SnowWarning|Encore,IcyWind,Blizzard,Protect|||F|||50|,,,,,Ghost]Kommo-o||ThroatSpray|Soundproof|ClangingScales,Flamethrower,ClangorousSoul,Protect|||F|||50|,,,,,Fire]Basculegion||ChoiceBand|Adaptability|FlipTurn,TeraBlast,WaveCrash,LastRespects|||M|||50|,,,,,Fighting]Magmar||Eviolite|VitalSpirit|Overheat,WillOWisp,FollowMe,Protect|||M|||50|,,,,,Ghost]Rillaboom||AssaultVest|GrassySurge|WoodHammer,FakeOut,Uturn,GrassyGlide|||M|||50|,,,,,Fire]Kingambit||BlackGlasses|Defiant|SwordsDance,SuckerPunch,KowtowCleave,Protect|||F|||50|,,,,,Ghost
|inactive|Battle timer is ON: inactive players will automatically lose when time's up. (requested by Octoputzi)
|inactive|mattorfo also wants the timer to be on.
|inactive|Octoputzi has 60 seconds left.
|
|t:|1757058304
|teamsize|p1|4
|teamsize|p2|4
|start
|switch|p1a: Archaludon|Archaludon, L50, M|100/100
|switch|p1b: Pelipper|Pelipper, L50, M|100/100
|switch|p2a: Kommo-o|Kommo-o, L50, F|100/100
|switch|p2b: Magmar|Magmar, L50, M|100/100
|-weather|RainDance|[from] ability: Drizzle|[of] p1b: Pelipper
|turn|1
|inactive|Octoputzi has 30 seconds left.
|inactive|mattorfo has 30 seconds left.
|
|t:|1757058334
|move|p2b: Magmar|Follow Me|p2b: Magmar
|-singleturn|p2b: Magmar|move: Follow Me
|move|p1a: Archaludon|Flash Cannon|p2b: Magmar
|-resisted|p2b: Magmar
|-damage|p2b: Magmar|86/100
|move|p2a: Kommo-o|Clangorous Soul|p2a: Kommo-o
|-boost|p2a: Kommo-o|atk|1
|-boost|p2a: Kommo-o|def|1
|-boost|p2a: Kommo-o|spa|1
|-boost|p2a: Kommo-o|spd|1
|-boost|p2a: Kommo-o|spe|1
|-damage|p2a: Kommo-o|68/100
|-enditem|p2a: Kommo-o|Throat Spray
|-boost|p2a: Kommo-o|spa|1|[from] item: Throat Spray
|move|p1b: Pelipper|Tailwind|p1b: Pelipper
|-sidestart|p1: Octoputzi|move: Tailwind
|
|-weather|RainDance|[upkeep]
|upkeep
|turn|2
|inactive|Octoputzi has 30 seconds left.
|
|t:|1757058365
|move|p2b: Magmar|Follow Me|p2b: Magmar
|-singleturn|p2b: Magmar|move: Follow Me
|move|p1a: Archaludon|Electro Shot||[still]
|-prepare|p1a: Archaludon|Electro Shot
|-boost|p1a: Archaludon|spa|1
|-anim|p1a: Archaludon|Electro Shot|p2b: Magmar
|-damage|p2b: Magmar|37/100
|move|p1b: Pelipper|Weather Ball|p2b: Magmar
|-supereffective|p2b: Magmar
|-damage|p2b: Magmar|0 fnt
|faint|p2b: Magmar
|move|p2a: Kommo-o|Clangorous Soul|p2a: Kommo-o
|-boost|p2a: Kommo-o|atk|1
|-boost|p2a: Kommo-o|def|1
|-boost|p2a: Kommo-o|spa|1
|-boost|p2a: Kommo-o|spd|1
|-boost|p2a: Kommo-o|spe|1
|-damage|p2a: Kommo-o|35/100
|
|-weather|RainDance|[upkeep]
|upkeep
|
|t:|1757058370
|switch|p2b: Ninetales|Ninetales-Alola, L50, F|100/100
|-weather|Snowscape|[from] ability: Snow Warning|[of] p2b: Ninetales
|turn|3
|inactive|Octoputzi has 30 seconds left.
|inactive|Octoputzi has 20 seconds left.
|inactive|Octoputzi has 15 seconds left.
|
|t:|1757058413
|switch|p1b: Incineroar|Incineroar, L50, F|100/100
|-ability|p1b: Incineroar|Intimidate|boost
|-unboost|p2a: Kommo-o|atk|1
|-unboost|p2b: Ninetales|atk|1
|move|p2a: Kommo-o|Protect|p2a: Kommo-o
|-singleturn|p2a: Kommo-o|Protect
|move|p1a: Archaludon|Draco Meteor|p2a: Kommo-o
|-activate|p2a: Kommo-o|move: Protect
|move|p2b: Ninetales|Icy Wind|p1b: Incineroar|[spread] p1a,p1b
|-resisted|p1b: Incineroar
|-damage|p1a: Archaludon|86/100
|-damage|p1b: Incineroar|95/100
|-unboost|p1a: Archaludon|spe|1
|-unboost|p1b: Incineroar|spe|1
|-ability|p1a: Archaludon|Stamina|boost
|-boost|p1a: Archaludon|def|1
|
|-weather|Snowscape|[upkeep]
|upkeep
|turn|4
|inactive|mattorfo has 30 seconds left.
|
|t:|1757058442
|move|p2a: Kommo-o|Protect||[still]
|-fail|p2a: Kommo-o
|move|p1b: Incineroar|Fake Out|p2a: Kommo-o
|-damage|p2a: Kommo-o|29/100
|move|p1a: Archaludon|Draco Meteor|p2a: Kommo-o
|-supereffective|p2a: Kommo-o
|-damage|p2a: Kommo-o|0 fnt
|-unboost|p1a: Archaludon|spa|2
|faint|p2a: Kommo-o
|move|p2b: Ninetales|Blizzard|p1b: Incineroar|[spread] p1a,p1b
|-resisted|p1b: Incineroar
|-damage|p1a: Archaludon|57/100
|-damage|p1b: Incineroar|84/100
|-ability|p1a: Archaludon|Stamina|boost
|-boost|p1a: Archaludon|def|1
|
|-weather|Snowscape|[upkeep]
|-sideend|p1: Octoputzi|move: Tailwind
|upkeep
|
|t:|1757058445
|switch|p2a: Kingambit|Kingambit, L50, F|100/100
|turn|5
|inactive|Octoputzi has 30 seconds left.
|inactive|Octoputzi has 20 seconds left.
|inactive|Octoputzi has 15 seconds left.
|inactive|Octoputzi has 10 seconds left.
|
|t:|1757058493
|-terastallize|p2a: Kingambit|Ghost
|move|p2b: Ninetales|Encore|p1b: Incineroar
|-start|p1b: Incineroar|Encore
|move|p1a: Archaludon|Flash Cannon|p2b: Ninetales
|-supereffective|p2b: Ninetales
|-enditem|p2b: Ninetales|Focus Sash
|-damage|p2b: Ninetales|1/100
|move|p2a: Kingambit|Swords Dance|p2a: Kingambit
|-boost|p2a: Kingambit|atk|2
|move|p1b: Incineroar|Fake Out||[still]
|-hint|Fake Out only works on your first turn out.
|-fail|p1b: Incineroar
|
|-weather|Snowscape|[upkeep]
|upkeep
|turn|6
|
|t:|1757058513
|switch|p1b: Pelipper|Pelipper, L50, M|100/100
|-weather|RainDance|[from] ability: Drizzle|[of] p1b: Pelipper
|move|p2b: Ninetales|Protect|p2b: Ninetales
|-singleturn|p2b: Ninetales|Protect
|move|p1a: Archaludon|Flash Cannon|p2b: Ninetales
|-activate|p2b: Ninetales|move: Protect
|move|p2a: Kingambit|Swords Dance|p2a: Kingambit
|-boost|p2a: Kingambit|atk|2
|
|-weather|RainDance|[upkeep]
|upkeep
|turn|7
|inactive|Octoputzi has 30 seconds left.
|
|t:|1757058539
|move|p2a: Kingambit|Sucker Punch|p1a: Archaludon
|-damage|p1a: Archaludon|3/100
|-ability|p1a: Archaludon|Stamina|boost
|-boost|p1a: Archaludon|def|1
|move|p2b: Ninetales|Encore||[still]
|-fail|p2b: Ninetales
|move|p1b: Pelipper|Weather Ball|p2a: Kingambit
|-damage|p2a: Kingambit|38/100
|move|p1a: Archaludon|Flash Cannon|p2b: Ninetales
|-supereffective|p2b: Ninetales
|-damage|p2b: Ninetales|0 fnt
|faint|p2b: Ninetales
|
|-weather|RainDance|[upkeep]
|upkeep
|turn|8
|inactive|mattorfo has 30 seconds left.
|-message|mattorfo forfeited.
|
|win|Octoputzi
|l|☆mattorfo
|player|p2|
||mattorfo is ready for game 2.
||Octoputzi is ready for game 2.
|uhtml|next|Next: Game 2 of 3
