|j|☆VenuDaAscoInRain
|j|☆SomeKidJon
|html|VenuDaAscoInRainSomeKidJon    
|uhtml|bestof|Game 1 of a best-of-3
|t:|1783288798
|gametype|doubles
|player|p1|VenuDaAscoInRain|li|1292
|player|p2|SomeKidJon|scientistf|1296
|gen|9
|tier|[Gen 9 Champions] VGC 2026 Reg M-B (Bo3)
|rated|
|rule|Species Clause: Limit one of each Pokémon
|rule|Item Clause: Limit 1 of each item
|clearpoke
|poke|p1|Charizard, L50, M, shiny|
|poke|p1|Farigiraf, L50, M, shiny|
|poke|p1|Kingambit, L50, M, shiny|
|poke|p1|Sylveon, L50, M, shiny|
|poke|p1|Aerodactyl, L50, M, shiny|
|poke|p1|Garchomp, L50, M, shiny|
|poke|p2|Camerupt, L50, M|
|poke|p2|Farigiraf, L50, F|
|poke|p2|Primarina, L50, F|
|poke|p2|Scrafty, L50, M|
|poke|p2|Lopunny, L50, F|
|poke|p2|Hatterene, L50, F|
|teampreview|4
|showteam|p1|Charizard||CharizarditeY|SolarPower|Protect,WeatherBall,HeatWave,SolarBeam|Modest||M|||50|]Farigiraf||ExpertBelt|ArmorTail|HelpingHand,TwinBeam,Thunderbolt,TrickRoom|Bold||M|||50|]Kingambit||FocusSash|Defiant|KowtowCleave,SuckerPunch,IronHead,LowKick|Adamant||M|||50|]Sylveon||FairyFeather|Pixilate|Detect,HyperVoice,HyperBeam,QuickAttack|Modest||M|||50|]Aerodactyl||Aerodactylite|Unnerve|IceFang,RockSlide,DualWingbeat,Tailwind|Jolly||M|||50|]Garchomp||LifeOrb|RoughSkin|Protect,RockSlide,DragonClaw,Earthquake|Adamant||M|||50|
|showteam|p2|Camerupt||Cameruptite|SolidRock|Protect,AncientPower,EarthPower,HeatWave|Quiet||M|||50|]Farigiraf||SitrusBerry|ArmorTail|Protect,HelpingHand,DazzlingGleam,TrickRoom|Bold||F|||50|]Primarina||Leftovers|LiquidVoice|Protect,CalmMind,HyperVoice,Moonblast|Modest||F|||50|]Scrafty||ExpertBelt|Intimidate|FakeOut,ThroatChop,CloseCombat,IronHead|Adamant||M|||50|]Lopunny||Lopunnite|Klutz|FakeOut,AfterYou,CloseCombat,TripleAxel|Jolly||F|||50|]Hatterene||LifeOrb|MagicBounce|Psychic,TrickRoom,Protect,DazzlingGleam|Modest||F|||50|
|inactive|Battle timer is ON: inactive players will automatically lose when time's up. (requested by VenuDaAscoInRain)
|inactive|VenuDaAscoInRain has 60 seconds left.
|
|t:|1783288854
|teamsize|p1|4
|teamsize|p2|4
|start
|switch|p1a: Farigiraf|Farigiraf, L50, M, shiny|100/100
|switch|p1b: Kingambit|Kingambit, L50, M, shiny|100/100
|switch|p2a: Lopunny|Lopunny, L50, F|100/100
|switch|p2b: Hatterene|Hatterene, L50, F|100/100
|turn|1
|
|t:|1783288865
|detailschange|p2a: Lopunny|Lopunny-Mega, L50, F
|-mega|p2a: Lopunny|Lopunny|Lopunnite
|move|p2a: Lopunny|Close Combat|p1b: Kingambit
|-supereffective|p1b: Kingambit|2
|-enditem|p1b: Kingambit|Focus Sash
|-damage|p1b: Kingambit|1/100
|-unboost|p2a: Lopunny|def|1
|-unboost|p2a: Lopunny|spd|1
|move|p1b: Kingambit|Iron Head|p2b: Hatterene
|-supereffective|p2b: Hatterene|1
|-damage|p2b: Hatterene|0 fnt
|faint|p2b: Hatterene
|move|p1a: Farigiraf|Trick Room|p1a: Farigiraf
|-fieldstart|move: Trick Room|[of] p1a: Farigiraf
|
|upkeep
|
|t:|1783288872
|switch|p2b: Camerupt|Camerupt, L50, M|100/100
|turn|2
|
|t:|1783288882
|switch|p2a: Primarina|Primarina, L50, F|100/100
|move|p1b: Kingambit|Sucker Punch|p2b: Camerupt
|-damage|p2b: Camerupt|38/100
|move|p2b: Camerupt|Heat Wave|p1a: Farigiraf|[spread] p1a,p1b
|-supereffective|p1b: Kingambit|1
|-damage|p1a: Farigiraf|68/100
|-damage|p1b: Kingambit|0 fnt
|-status|p1a: Farigiraf|brn
|faint|p1b: Kingambit
|move|p1a: Farigiraf|Trick Room|p1a: Farigiraf
|-fieldend|move: Trick Room
|
|-damage|p1a: Farigiraf|62/100 brn|[from] brn
|upkeep
|
|t:|1783288888
|switch|p1b: Sylveon|Sylveon, L50, M, shiny|100/100
|turn|3
|
|t:|1783288898
|move|p1b: Sylveon|Hyper Voice|p2a: Primarina|[spread] p2a,p2b
|-resisted|p2b: Camerupt|1
|-damage|p2a: Primarina|55/100
|-damage|p2b: Camerupt|8/100
|move|p1a: Farigiraf|Thunderbolt|p2a: Primarina
|-supereffective|p2a: Primarina|1
|-damage|p2a: Primarina|8/100
|move|p2a: Primarina|Calm Mind|p2a: Primarina
|-boost|p2a: Primarina|spa|1
|-boost|p2a: Primarina|spd|1
|move|p2b: Camerupt|Heat Wave|p1a: Farigiraf|[spread] p1b
|-miss|p2b: Camerupt|p1a: Farigiraf
|-crit|p1b: Sylveon
|-damage|p1b: Sylveon|53/100
|
|-heal|p2a: Primarina|14/100|[from] item: Leftovers
|-damage|p1a: Farigiraf|56/100 brn|[from] brn
|upkeep
|turn|4
|
|t:|1783288911
|move|p2a: Primarina|Protect|p2a: Primarina
|-singleturn|p2a: Primarina|Protect
|move|p1b: Sylveon|Hyper Voice|p2a: Primarina|[spread] p2b
|-activate|p2a: Primarina|move: Protect
|-resisted|p2b: Camerupt|1
|-damage|p2b: Camerupt|0 fnt
|faint|p2b: Camerupt
|move|p1a: Farigiraf|Thunderbolt|p2a: Primarina
|-activate|p2a: Primarina|move: Protect
|
|-heal|p2a: Primarina|20/100y|[from] item: Leftovers
|-damage|p1a: Farigiraf|50/100g brn|[from] brn
|upkeep
|
|t:|1783288914
|switch|p2b: Lopunny|Lopunny-Mega, L50, F|100/100
|turn|5
|
|t:|1783288926
|move|p1a: Farigiraf|Helping Hand|p1b: Sylveon
|-singleturn|p1b: Sylveon|Helping Hand|[of] p1a: Farigiraf
|move|p1b: Sylveon|Quick Attack|p2a: Primarina
|-damage|p2a: Primarina|1/100
|move|p2b: Lopunny|After You|p2a: Primarina
|-activate|p2a: Primarina|move: After You
|move|p2a: Primarina|Moonblast|p1b: Sylveon
|-damage|p1b: Sylveon|0 fnt
|faint|p1b: Sylveon
|
|-heal|p2a: Primarina|7/100|[from] item: Leftovers
|-damage|p1a: Farigiraf|44/100 brn|[from] brn
|upkeep
|
|t:|1783288932
|switch|p1b: Garchomp|Garchomp, L50, M, shiny|100/100
|turn|6
|
|t:|1783288948
|move|p1b: Garchomp|Protect|p1b: Garchomp
|-singleturn|p1b: Garchomp|Protect
|move|p2b: Lopunny|After You|p2a: Primarina
|-activate|p2a: Primarina|move: After You
|move|p2a: Primarina|Moonblast|p1a: Farigiraf
|-damage|p1a: Farigiraf|0 fnt
|faint|p1a: Farigiraf
|
|-heal|p2a: Primarina|13/100|[from] item: Leftovers
|upkeep
|turn|7
|
|t:|1783288955
|move|p2b: Lopunny|After You|p2a: Primarina
|-activate|p2a: Primarina|move: After You
|move|p2a: Primarina|Moonblast|p1b: Garchomp
|-supereffective|p1b: Garchomp|1
|-damage|p1b: Garchomp|0 fnt
|faint|p1b: Garchomp
|
|win|SomeKidJon
