|j|☆KodeBeast0526
|j|☆Elju
|html|KodeBeast0526Elju    
|uhtml|bestof|Game 3 of a best-of-3
|t:|1784354449
|gametype|doubles
|player|p1|KodeBeast0526|hiker|1204
|player|p2|Elju|1|1284
|gen|9
|tier|[Gen 9 Champions] VGC 2026 Reg M-B (Bo3)
|rated|
|rule|Species Clause: Limit one of each Pokémon
|rule|Item Clause: Limit 1 of each item
|clearpoke
|poke|p1|Aerodactyl, L50, M|
|poke|p1|Kingambit, L50, M|
|poke|p1|Sylveon, L50, M|
|poke|p1|Garchomp, L50, M|
|poke|p1|Charizard, L50, M|
|poke|p1|Farigiraf, L50, F, shiny|
|poke|p2|Floette-Eternal, L50, F|
|poke|p2|Ceruledge, L50, F|
|poke|p2|Milotic, L50, F|
|poke|p2|Grimmsnarl, L50, M|
|poke|p2|Wyrdeer, L50, M|
|poke|p2|Sneasler, L50, F|
|teampreview|4
|showteam|p1|Aerodactyl||Aerodactylite|Unnerve|RockSlide,IceFang,Tailwind,WideGuard|Jolly||M|||50|]Kingambit||FocusSash|Defiant|KowtowCleave,SuckerPunch,IronHead,LowKick|Adamant||M|||50|]Sylveon||FairyFeather|Pixilate|Detect,HyperVoice,HyperBeam,QuickAttack|Modest||M|||50|]Garchomp||LifeOrb|RoughSkin|Earthquake,DragonClaw,StompingTantrum,Protect|Jolly||M|||50|]Charizard||CharizarditeY|Blaze|Protect,HeatWave,SolarBeam,WeatherBall|Modest||M|||50|]Farigiraf||SitrusBerry|ArmorTail|Thunderbolt,PsychicNoise,TrickRoom,HelpingHand|Bold||F|||50|
|showteam|p2|Floette-Eternal||Floettite|FlowerVeil|Moonblast,DazzlingGleam,CalmMind,Protect|Modest||F|||50|]Ceruledge||Charcoal|FlashFire|BitterBlade,ShadowSneak,BulkUp,Protect|Adamant||F|||50|]Milotic||Leftovers|Competitive|MuddyWater,Hypnosis,Recover,Coil|Sassy||F|||50|]Grimmsnarl||LightClay|Prankster|FakeOut,Reflect,LightScreen,PartingShot|Impish||M|||50|]Wyrdeer||ColburBerry|Intimidate|TrickRoom,Gravity,Hypnosis,PsyshieldBash|Adamant||M|||50|]Sneasler||WhiteHerb|Unburden|FakeOut,CloseCombat,DireClaw,Protect|Adamant||F|||50|
|
|t:|1784354489
|teamsize|p1|4
|teamsize|p2|4
|start
|switch|p1a: Kingambit|Kingambit, L50, M|100/100
|switch|p1b: Charizard|Charizard, L50, M|100/100
|switch|p2a: Grimmsnarl|Grimmsnarl, L50, M|100/100
|switch|p2b: Milotic|Milotic, L50, F|100/100
|turn|1
|
|t:|1784354513
|switch|p1b: Farigiraf|Farigiraf, L50, F, shiny|100/100
|move|p2a: Grimmsnarl|Fake Out||[still]
|cant|p1b: Farigiraf|ability: Armor Tail|Fake Out|[of] p2a: Grimmsnarl
|move|p1a: Kingambit|Iron Head|p2a: Grimmsnarl
|-supereffective|p2a: Grimmsnarl|1
|-damage|p2a: Grimmsnarl|15/100
|move|p2b: Milotic|Coil|p2b: Milotic
|-boost|p2b: Milotic|atk|1
|-boost|p2b: Milotic|def|1
|-boost|p2b: Milotic|accuracy|1
|
|upkeep
|turn|2
|inactive|Battle timer is ON: inactive players will automatically lose when time's up. (requested by Elju)
|
|t:|1784354531
|move|p2a: Grimmsnarl|Light Screen|p2a: Grimmsnarl
|-sidestart|p2: Elju|move: Light Screen
|move|p1a: Kingambit|Iron Head|p2a: Grimmsnarl
|-supereffective|p2a: Grimmsnarl|1
|-damage|p2a: Grimmsnarl|0 fnt
|faint|p2a: Grimmsnarl
|move|p2b: Milotic|Hypnosis|p1a: Kingambit
|-status|p1a: Kingambit|slp|[from] move: Hypnosis
|move|p1b: Farigiraf|Thunderbolt|p2b: Milotic
|-supereffective|p2b: Milotic|1
|-damage|p2b: Milotic|83/100
|
|-heal|p2b: Milotic|89/100|[from] item: Leftovers
|upkeep
|
|t:|1784354543
|switch|p2a: Ceruledge|Ceruledge, L50, F|100/100
|turn|3
|
|t:|1784354553
|cant|p1a: Kingambit|slp
|move|p2a: Ceruledge|Bitter Blade|p1a: Kingambit
|-supereffective|p1a: Kingambit|1
|-damage|p1a: Kingambit|6/100 slp
|move|p2b: Milotic|Muddy Water|p1a: Kingambit|[spread] p1a,p1b
|-damage|p1a: Kingambit|0 fnt
|-damage|p1b: Farigiraf|77/100
|faint|p1a: Kingambit
|move|p1b: Farigiraf|Thunderbolt|p2b: Milotic
|-supereffective|p2b: Milotic|1
|-damage|p2b: Milotic|72/100
|
|-heal|p2b: Milotic|78/100|[from] item: Leftovers
|upkeep
|
|t:|1784354559
|switch|p1a: Sylveon|Sylveon, L50, M|100/100
|turn|4
|
|t:|1784354578
|move|p1b: Farigiraf|Helping Hand|p1a: Sylveon
|-singleturn|p1a: Sylveon|Helping Hand|[of] p1b: Farigiraf
|move|p2a: Ceruledge|Bitter Blade|p1a: Sylveon
|-damage|p1a: Sylveon|31/100
|move|p1a: Sylveon|Hyper Beam|p2b: Milotic
|-damage|p2b: Milotic|17/100
|-mustrecharge|p1a: Sylveon
|move|p2b: Milotic|Hypnosis|p1b: Farigiraf|[miss]
|-miss|p2b: Milotic|p1b: Farigiraf
|
|-heal|p2b: Milotic|23/100|[from] item: Leftovers
|upkeep
|turn|5
|
|t:|1784354593
|move|p2a: Ceruledge|Bitter Blade|p1a: Sylveon
|-damage|p1a: Sylveon|0 fnt
|faint|p1a: Sylveon
|move|p2b: Milotic|Recover|p2b: Milotic
|-heal|p2b: Milotic|73/100
|move|p1b: Farigiraf|Thunderbolt|p2b: Milotic
|-supereffective|p2b: Milotic|1
|-damage|p2b: Milotic|55/100
|
|-heal|p2b: Milotic|61/100|[from] item: Leftovers
|upkeep
|
|t:|1784354598
|switch|p1a: Charizard|Charizard, L50, M|100/100
|turn|6
|
|t:|1784354604
|detailschange|p1a: Charizard|Charizard-Mega-Y, L50, M
|-mega|p1a: Charizard|Charizard|Charizardite Y
|-weather|SunnyDay|[from] ability: Drought|[of] p1a: Charizard
|move|p1a: Charizard|Solar Beam||[still]
|-prepare|p1a: Charizard|Solar Beam
|-anim|p1a: Charizard|Solar Beam|p2b: Milotic
|-supereffective|p2b: Milotic|1
|-damage|p2b: Milotic|27/100
|move|p2a: Ceruledge|Bitter Blade|p1b: Farigiraf
|-damage|p1b: Farigiraf|4/100
|-enditem|p1b: Farigiraf|Sitrus Berry|[eat]
|-heal|p1b: Farigiraf|29/100|[from] item: Sitrus Berry
|move|p2b: Milotic|Muddy Water|p1a: Charizard|[spread] p1a,p1b
|-supereffective|p1a: Charizard|1
|-damage|p1a: Charizard|78/100
|-damage|p1b: Farigiraf|19/100
|-unboost|p1a: Charizard|accuracy|1
|move|p1b: Farigiraf|Psychic Noise|p2a: Ceruledge
|-damage|p2a: Ceruledge|80/100
|-start|p2a: Ceruledge|move: Heal Block
|
|-weather|SunnyDay|[upkeep]
|-heal|p2b: Milotic|33/100|[from] item: Leftovers
|upkeep
|turn|7
|inactive|KodeBeast0526 has 30 seconds left.
|
|t:|1784354632
|switch|p2a: Floette|Floette-Eternal, L50, F|100/100
|move|p1a: Charizard|Solar Beam||[still]
|-prepare|p1a: Charizard|Solar Beam
|-anim|p1a: Charizard|Solar Beam|p2b: Milotic
|-supereffective|p2b: Milotic|1
|-damage|p2b: Milotic|0 fnt
|faint|p2b: Milotic
|move|p1b: Farigiraf|Thunderbolt|p2a: Floette
|-crit|p2a: Floette
|-damage|p2a: Floette|65/100
|
|-weather|SunnyDay|[upkeep]
|upkeep
|
|t:|1784354639
|switch|p2b: Ceruledge|Ceruledge, L50, F|80/100
|turn|8
|
|t:|1784354652
|detailschange|p2a: Floette|Floette-Mega, L50, F
|-mega|p2a: Floette|Floette|Floettite
|-ability|p2a: Floette|Fairy Aura
|move|p2a: Floette|Dazzling Gleam|p1b: Farigiraf|[spread] p1a,p1b
|-resisted|p1a: Charizard|1
|-damage|p1a: Charizard|53/100
|-damage|p1b: Farigiraf|0 fnt
|faint|p1b: Farigiraf
|move|p1a: Charizard|Weather Ball|p2a: Floette|[miss]
|-miss|p1a: Charizard|p2a: Floette
|move|p2b: Ceruledge|Bitter Blade|p1a: Charizard
|-resisted|p1a: Charizard|1
|-damage|p1a: Charizard|3/100
|-heal|p2b: Ceruledge|100/100|[from] drain|[of] p1a: Charizard
|
|-weather|SunnyDay|[upkeep]
|upkeep
|turn|9
|
|t:|1784354667
|move|p2b: Ceruledge|Shadow Sneak|p1a: Charizard
|-damage|p1a: Charizard|0 fnt
|faint|p1a: Charizard
|
|win|Elju
|raw|KodeBeast0526's rating: 1204 → 1185(-19 for losing)
|raw|Elju's rating: 1284 → 1303(+19 for winning)
