|j|☆shulivgc
|j|☆miraai1
|html|shulivgcmiraai1    
|uhtml|bestof|Game 2 of a best-of-3
|t:|1783355230
|gametype|doubles
|player|p1|shulivgc|#smogonxnpa2024draftee2|
|player|p2|miraai1|caitlin|
|gen|9
|tier|[Gen 9 Champions] VGC 2026 Reg M-B (Bo3)
|rule|Species Clause: Limit one of each Pokémon
|rule|Item Clause: Limit 1 of each item
|clearpoke
|poke|p1|Blastoise, L50, F|
|poke|p1|Delphox, L50, F|
|poke|p1|Sinistcha, L50|
|poke|p1|Sneasler, L50, F|
|poke|p1|Incineroar, L50, M|
|poke|p1|Kingambit, L50, M|
|poke|p2|Charizard, L50, M|
|poke|p2|Venusaur, L50, M|
|poke|p2|Toxapex, L50, M|
|poke|p2|Garchomp, L50, M|
|poke|p2|Annihilape, L50, F|
|poke|p2|Incineroar, L50, M|
|teampreview|4
|showteam|p1|Blastoise||Blastoisinite|RainDish|WaterSpout,DarkPulse,Protect,ShellSmash|Modest||F|||50|]Delphox||Delphoxite|Blaze|HeatWave,Psychic,NastyPlot,Protect|Timid||F|||50|]Sinistcha||KasibBerry|Hospitality|MatchaGotcha,Protect,LifeDew,RagePowder|Bold|||||50|]Sneasler||FocusSash|PoisonTouch|FakeOut,CloseCombat,PoisonJab,QuickGuard|Jolly||F|||50|]Incineroar||SitrusBerry|Intimidate|FakeOut,HelpingHand,FlareBlitz,PartingShot|Careful||M|||50|]Kingambit||BlackGlasses|Defiant|KowtowCleave,SuckerPunch,SwordsDance,Protect|Adamant||M|||50|
|showteam|p2|Charizard||CharizarditeY|Blaze|HeatWave,WeatherBall,HelpingHand,Protect|Modest||M|||50|]Venusaur||LifeOrb|Chlorophyll|SludgeBomb,EarthPower,SolarBeam,Protect|Modest||M|||50|]Toxapex||Leftovers|Regenerator|Toxic,Infestation,BanefulBunker,WideGuard|Bold||M|||50|]Garchomp||ChoiceScarf|RoughSkin|DragonClaw,RockSlide,StompingTantrum,Earthquake|Adamant||M|||50|]Annihilape||FocusSash|Defiant|CloseCombat,Taunt,PhantomForce,StoneEdge|Jolly||F|||50|]Incineroar||SitrusBerry|Intimidate|FakeOut,DarkestLariat,FlareBlitz,PartingShot|Brave||M|||50|
|j| arekusabi
|j| templevgc
|j| TabuVGC
|j| YOASOBI stan
|j| A Regu1ar Guy
|j| Galahad Excalibur
|j| Phoebe Chupi
|j| Hecate2
|j| Clipperz
|l| arekusabi
|j| InkVG
|j| JHufself
|
|t:|1783355303
|teamsize|p1|4
|teamsize|p2|4
|start
|switch|p1a: Delphox|Delphox, L50, F|100/100
|switch|p1b: Sneasler|Sneasler, L50, F|100/100
|switch|p2a: Annihilape|Annihilape, L50, F|100/100
|switch|p2b: Incineroar|Incineroar, L50, M|100/100
|-ability|p2b: Incineroar|Intimidate|boost
|-unboost|p1a: Delphox|atk|1
|-unboost|p1b: Sneasler|atk|1
|turn|1
|
|t:|1783355331
|move|p1b: Sneasler|Fake Out|p2b: Incineroar
|-damage|p2b: Incineroar|91/100
|-status|p2b: Incineroar|psn|[from] ability: Poison Touch|[of] p1b: Sneasler
|cant|p2b: Incineroar|flinch
|move|p1a: Delphox|Psychic|p2a: Annihilape
|-supereffective|p2a: Annihilape|1
|-damage|p2a: Annihilape|29/100
|move|p2a: Annihilape|Phantom Force||[still]
|-prepare|p2a: Annihilape|Phantom Force
|
|-damage|p2b: Incineroar|79/100 psn|[from] psn
|upkeep
|turn|2
|
|t:|1783355353
|switch|p2b: Garchomp|Garchomp, L50, M|100/100
|move|p1b: Sneasler|Close Combat|p2b: Garchomp
|-damage|p2b: Garchomp|57/100
|-unboost|p1b: Sneasler|def|1
|-unboost|p1b: Sneasler|spd|1
|-damage|p1b: Sneasler|87/100|[from] ability: Rough Skin|[of] p2b: Garchomp
|move|p1a: Delphox|Heat Wave|p2b: Garchomp|[spread] 
|-miss|p1a: Delphox|p2a: Annihilape
|-miss|p1a: Delphox|p2b: Garchomp
|move|p2a: Annihilape|Phantom Force|p1a: Delphox|[from] lockedmove
|-supereffective|p1a: Delphox|1
|-damage|p1a: Delphox|0 fnt
|faint|p1a: Delphox
|
|upkeep
|
|t:|1783355371
|switch|p1a: Blastoise|Blastoise, L50, F|100/100
|turn|3
|j| Code
|j| Carneyasada
|j| arekusabi
|
|t:|1783355412
|switch|p2b: Incineroar|Incineroar, L50, M|79/100 psn
|-ability|p2b: Incineroar|Intimidate|boost
|-unboost|p1a: Blastoise|atk|1
|-unboost|p1b: Sneasler|atk|1
|switch|p1b: Sinistcha|Sinistcha, L50|100/100
|move|p2a: Annihilape|Close Combat|p1a: Blastoise
|-damage|p1a: Blastoise|30/100
|-unboost|p2a: Annihilape|def|1
|-unboost|p2a: Annihilape|spd|1
|move|p1a: Blastoise|Shell Smash|p1a: Blastoise
|-unboost|p1a: Blastoise|def|1
|-unboost|p1a: Blastoise|spd|1
|-boost|p1a: Blastoise|atk|2
|-boost|p1a: Blastoise|spa|2
|-boost|p1a: Blastoise|spe|2
|
|-damage|p2b: Incineroar|66/100 psn|[from] psn
|upkeep
|turn|4
|
|t:|1783355437
|move|p1a: Blastoise|Protect|p1a: Blastoise
|-singleturn|p1a: Blastoise|Protect
|move|p2b: Incineroar|Fake Out|p1a: Blastoise
|-activate|p1a: Blastoise|move: Protect
|move|p2a: Annihilape|Phantom Force||[still]
|-prepare|p2a: Annihilape|Phantom Force
|move|p1b: Sinistcha|Life Dew||[still]|[spread] p1a,p1b
|-heal|p1a: Blastoise|55/100
|-fail|p1b: Sinistcha|heal
|
|-damage|p2b: Incineroar|54/100 psn|[from] psn
|upkeep
|turn|5
|
|t:|1783355455
|move|p1b: Sinistcha|Rage Powder|p1b: Sinistcha
|-singleturn|p1b: Sinistcha|move: Rage Powder
|move|p1a: Blastoise|Water Spout|p2b: Incineroar|[spread] p2b
|-miss|p1a: Blastoise|p2a: Annihilape
|-supereffective|p2b: Incineroar|1
|-damage|p2b: Incineroar|0 fnt
|faint|p2b: Incineroar
|move|p2a: Annihilape|Phantom Force|p1b: Sinistcha|[from] lockedmove
|-supereffective|p1b: Sinistcha|1
|-enditem|p1b: Sinistcha|Kasib Berry|[eat]
|-enditem|p1b: Sinistcha|Kasib Berry|[weaken]
|-damage|p1b: Sinistcha|62/100
|
|upkeep
|j| Pd0nZ
|
|t:|1783355458
|switch|p2b: Charizard|Charizard, L50, M|100/100
|turn|6
|
|t:|1783355482
|detailschange|p2b: Charizard|Charizard-Mega-Y, L50, M
|-mega|p2b: Charizard|Charizard|Charizardite Y
|-weather|SunnyDay|[from] ability: Drought|[of] p2b: Charizard
|move|p1b: Sinistcha|Rage Powder|p1b: Sinistcha
|-singleturn|p1b: Sinistcha|move: Rage Powder
|move|p1a: Blastoise|Water Spout|p2b: Charizard|[spread] p2a,p2b
|-supereffective|p2b: Charizard|1
|-damage|p2a: Annihilape|0 fnt
|-damage|p2b: Charizard|54/100
|faint|p2a: Annihilape
|move|p2b: Charizard|Heat Wave|p1a: Blastoise|[spread] p1a,p1b
|-resisted|p1a: Blastoise|1
|-supereffective|p1b: Sinistcha|1
|-damage|p1a: Blastoise|1/100
|-damage|p1b: Sinistcha|0 fnt
|faint|p1b: Sinistcha
|
|-weather|SunnyDay|[upkeep]
|upkeep
|
|t:|1783355496
|switch|p2a: Garchomp|Garchomp, L50, M|57/100
|switch|p1b: Sneasler|Sneasler, L50, F|87/100
|turn|7
|
|t:|1783355504
|move|p1b: Sneasler|Fake Out|p2b: Charizard
|-damage|p2b: Charizard|39/100
|move|p1a: Blastoise|Dark Pulse|p2a: Garchomp
|-damage|p2a: Garchomp|8/100
|move|p2a: Garchomp|Earthquake|p1b: Sneasler|[spread] p1a,p1b
|-immune|p2b: Charizard
|-supereffective|p1b: Sneasler|1
|-damage|p1a: Blastoise|0 fnt
|-damage|p1b: Sneasler|0 fnt
|faint|p1a: Blastoise
|faint|p1b: Sneasler
|
|win|miraai1
|c|☆miraai1|gg
|l| Pd0nZ
|c|☆shulivgc|gg
|l| Clipperz
|l| YOASOBI stan
|j| yep trust
|j| val16
|l| val16
|l| A Regu1ar Guy
|j| A Regu1ar Guy
|l| InkVG
|l| arekusabi
|l| A Regu1ar Guy
|j| jmodri
|l| jmodri
|l| Galahad Excalibur
|j| Galahad Excalibur
|l| yep trust
|l| Phoebe Chupi
|j| thacrow
|j| 9high
|l| Code
|l| thacrow
|l| JHufself
|j| FBISurveillanceMan
|l| FBISurveillanceMan
|l| templevgc
|l| Carneyasada
|j| LeunamTG
|l| LeunamTG
|l| 9high
|j| 9high
|l| TabuVGC
|j| Pmc21
|l| Pmc21
|j| pocket zyn
|l| pocket zyn
|l| Galahad Excalibur
|j| NJ11VGC
|l| NJ11VGC
|l| 9high
|l|☆miraai1
|player|p2|
|j| RK_pocoyo
|l| RK_pocoyo
|j| CICCIOTT fan
|l| CICCIOTT fan
|j| CICCIOTT fan
|j| zgrzgr
|l|☆shulivgc
|player|p1|
|l| CICCIOTT fan
|l| zgrzgr
|n| Hecate2@!|hecate2
|j| arekusabi
|l| arekusabi
|n| Hecate2@!|hecate2
|j| Fogmog
