|j|☆dawndishysoap2
|j|☆Tamejo
|html|dawndishysoap2Tamejo    
|uhtml|bestof|Game 3 of a best-of-3
|t:|1784481973
|gametype|doubles
|player|p1|dawndishysoap2|2|1000
|player|p2|Tamejo|caitlin|1045
|gen|9
|tier|[Gen 9 Champions] VGC 2026 Reg M-B (Bo3)
|rated|
|rule|Species Clause: Limit one of each Pokémon
|rule|Item Clause: Limit 1 of each item
|clearpoke
|poke|p1|Gengar, L50, F|
|poke|p1|Politoed, L50, F|
|poke|p1|Archaludon, L50, F|
|poke|p1|Incineroar, L50, F|
|poke|p1|Vivillon, L50, M|
|poke|p1|Swampert, L50, F|
|poke|p2|Mamoswine, L50, M|
|poke|p2|Gyarados, L50, M|
|poke|p2|Sneasler, L50, F|
|poke|p2|Sinistcha, L50|
|poke|p2|Talonflame, L50, M|
|poke|p2|Metagross, L50|
|teampreview|4
|showteam|p1|Gengar||Gengarite|CursedBody|ShadowBall,SludgeBomb,PerishSong,Protect|Modest||F|||50|]Politoed||SitrusBerry|Drizzle|WeatherBall,Protect,Encore,PerishSong|Calm||F|||50|]Archaludon||Leftovers|Stamina|ElectroShot,FlashCannon,Protect,DragonPulse|Bold||F|||50|]Incineroar||PasshoBerry|Intimidate|ThroatChop,Protect,FakeOut,PartingShot|Relaxed||F|||50|]Vivillon||FocusSash|CompoundEyes|Hurricane,Protect,SleepPowder,RagePowder|Timid||M|||50|]Swampert||Swampertite|Torrent|WaveCrash,Protect,IcePunch,Earthquake|Adamant||F|||50|
|showteam|p2|Mamoswine||LifeOrb|Oblivious|HighHorsepower,IceShard,RockSlide,Protect|Adamant||M|||50|]Gyarados||Gyaradosite|Intimidate|Waterfall,LashOut,DragonDance,Protect|Jolly||M|||50|]Sneasler||FocusSash|PoisonTouch|PoisonJab,CloseCombat,FakeOut,Coaching|Jolly||F|||50|]Sinistcha||OccaBerry|Hospitality|MatchaGotcha,RagePowder,LifeDew,Protect|Bold|||||50|]Talonflame||SharpBeak|GaleWings|DualWingbeat,Tailwind,Taunt,QuickGuard|Jolly||M|||50|]Metagross||Metagrossite|ClearBody|PsychicFangs,IronHead,BodyPress,Protect|Adamant|||||50|
|inactive|Battle timer is ON: inactive players will automatically lose when time's up. (requested by dawndishysoap2)
|inactive|dawndishysoap2 has 60 seconds left.
|l|☆dawndishysoap2
|inactive|dawndishysoap2 disconnected and has a minute to reconnect!
|player|p1|
|j|☆dawndishysoap2
|inactive|dawndishysoap2 reconnected and has 45 seconds left.
|player|p1|dawndishysoap2|2|
|inactive|dawndishysoap2 has 30 seconds left.
|
|t:|1784482039
|teamsize|p1|4
|teamsize|p2|4
|start
|switch|p1a: Archaludon|Archaludon, L50, F|100/100
|switch|p1b: Incineroar|Incineroar, L50, F|100/100
|switch|p2a: Sneasler|Sneasler, L50, F|100/100
|switch|p2b: Mamoswine|Mamoswine, L50, M|100/100
|-ability|p1b: Incineroar|Intimidate|boost
|-unboost|p2a: Sneasler|atk|1
|-fail|p2b: Mamoswine|unboost|Attack|[from] ability: Oblivious|[of] p2b: Mamoswine
|turn|1
|
|t:|1784482056
|move|p2a: Sneasler|Fake Out|p1b: Incineroar
|-damage|p1b: Incineroar|93/100
|cant|p1b: Incineroar|flinch
|move|p2b: Mamoswine|High Horsepower|p1a: Archaludon
|-supereffective|p1a: Archaludon|1
|-damage|p1a: Archaludon|9/100
|-ability|p1a: Archaludon|Stamina|boost
|-boost|p1a: Archaludon|def|1
|-damage|p2b: Mamoswine|90/100|[from] item: Life Orb
|move|p1a: Archaludon|Flash Cannon|p2b: Mamoswine
|-supereffective|p2b: Mamoswine|1
|-crit|p2b: Mamoswine
|-damage|p2b: Mamoswine|0 fnt
|faint|p2b: Mamoswine
|
|-heal|p1a: Archaludon|15/100|[from] item: Leftovers
|upkeep
|
|t:|1784482069
|switch|p2b: Gyarados|Gyarados, L50, M|100/100
|-ability|p2b: Gyarados|Intimidate|boost
|-unboost|p1a: Archaludon|atk|1
|-unboost|p1b: Incineroar|atk|1
|turn|2
|inactive|dawndishysoap2 has 30 seconds left.
|
|t:|1784482095
|detailschange|p2b: Gyarados|Gyarados-Mega, L50, M
|-mega|p2b: Gyarados|Gyarados|Gyaradosite
|-ability|p2b: Gyarados|Mold Breaker
|move|p1a: Archaludon|Protect|p1a: Archaludon
|-singleturn|p1a: Archaludon|Protect
|move|p2a: Sneasler|Close Combat|p1a: Archaludon
|-activate|p1a: Archaludon|move: Protect
|move|p2b: Gyarados|Dragon Dance|p2b: Gyarados
|-boost|p2b: Gyarados|atk|1
|-boost|p2b: Gyarados|spe|1
|move|p1b: Incineroar|Parting Shot|p2b: Gyarados
|-unboost|p2b: Gyarados|atk|1
|-unboost|p2b: Gyarados|spa|1
|
|t:|1784482114
|switch|p1b: Swampert|Swampert, L50, F|100/100|[from] Parting Shot
|
|-heal|p1a: Archaludon|21/100|[from] item: Leftovers
|upkeep
|turn|3
|
|t:|1784482132
|detailschange|p1b: Swampert|Swampert-Mega, L50, F
|-mega|p1b: Swampert|Swampert|Swampertite
|move|p1b: Swampert|Protect|p1b: Swampert
|-singleturn|p1b: Swampert|Protect
|move|p2b: Gyarados|Lash Out|p1a: Archaludon
|-damage|p1a: Archaludon|2/100
|-ability|p1a: Archaludon|Stamina|boost
|-boost|p1a: Archaludon|def|1
|move|p2a: Sneasler|Coaching|p2b: Gyarados
|-boost|p2b: Gyarados|atk|1
|-boost|p2b: Gyarados|def|1
|move|p1a: Archaludon|Dragon Pulse|p2b: Gyarados
|-damage|p2b: Gyarados|69/100
|
|-heal|p1a: Archaludon|8/100|[from] item: Leftovers
|upkeep
|turn|4
|
|t:|1784482156
|move|p1a: Archaludon|Protect|p1a: Archaludon
|-singleturn|p1a: Archaludon|Protect
|move|p2b: Gyarados|Waterfall|p1b: Swampert
|-damage|p1b: Swampert|37/100
|move|p2a: Sneasler|Close Combat|p1a: Archaludon
|-activate|p1a: Archaludon|move: Protect
|move|p1b: Swampert|Earthquake|p2a: Sneasler|[spread] p2a,p2b
|-activate|p1a: Archaludon|move: Protect
|-supereffective|p2a: Sneasler|1
|-enditem|p2a: Sneasler|Focus Sash
|-damage|p2a: Sneasler|1/100
|-damage|p2b: Gyarados|40/100
|
|-heal|p1a: Archaludon|14/100|[from] item: Leftovers
|upkeep
|turn|5
|
|t:|1784482174
|move|p1b: Swampert|Protect|p1b: Swampert
|-singleturn|p1b: Swampert|Protect
|move|p2b: Gyarados|Waterfall|p1b: Swampert
|-activate|p1b: Swampert|move: Protect
|move|p2a: Sneasler|Close Combat|p1a: Archaludon
|-supereffective|p1a: Archaludon|1
|-damage|p1a: Archaludon|0 fnt
|-unboost|p2a: Sneasler|def|1
|-unboost|p2a: Sneasler|spd|1
|faint|p1a: Archaludon
|
|upkeep
|
|t:|1784482178
|switch|p1a: Incineroar|Incineroar, L50, F|93/100
|-ability|p1a: Incineroar|Intimidate|boost
|-unboost|p2a: Sneasler|atk|1
|-unboost|p2b: Gyarados|atk|1
|turn|6
|
|t:|1784482185
|switch|p2a: Sinistcha|Sinistcha, L50|100/100
|-heal|p2b: Gyarados|65/100|[from] ability: Hospitality|[of] p2a: Sinistcha
|move|p2b: Gyarados|Protect|p2b: Gyarados
|-singleturn|p2b: Gyarados|Protect
|move|p1a: Incineroar|Fake Out|p2a: Sinistcha
|-immune|p2a: Sinistcha
|move|p1b: Swampert|Ice Punch|p2b: Gyarados
|-activate|p2b: Gyarados|move: Protect
|
|upkeep
|turn|7
|inactive|Tamejo has 30 seconds left.
|
|t:|1784482212
|move|p2b: Gyarados|Waterfall|p1a: Incineroar
|-supereffective|p1a: Incineroar|1
|-enditem|p1a: Incineroar|Passho Berry|[eat]
|-enditem|p1a: Incineroar|Passho Berry|[weaken]
|-damage|p1a: Incineroar|56/100
|move|p1b: Swampert|Ice Punch|p2a: Sinistcha
|-supereffective|p2a: Sinistcha|1
|-damage|p2a: Sinistcha|52/100
|move|p2a: Sinistcha|Matcha Gotcha|p1b: Swampert|[spread] p1a,p1b
|-resisted|p1a: Incineroar|1
|-supereffective|p1b: Swampert|2
|-damage|p1a: Incineroar|46/100
|-heal|p2a: Sinistcha|58/100|[from] drain|[of] p1a: Incineroar
|-damage|p1b: Swampert|0 fnt
|-heal|p2a: Sinistcha|77/100|[from] drain|[of] p1b: Swampert
|faint|p1b: Swampert
|move|p1a: Incineroar|Parting Shot|p2b: Gyarados
|-unboost|p2b: Gyarados|atk|1
|-unboost|p2b: Gyarados|spa|1
|
|t:|1784482220
|switch|p1a: Vivillon|Vivillon, L50, M|100/100|[from] Parting Shot
|
|upkeep
|
|t:|1784482222
|switch|p1b: Incineroar|Incineroar, L50, F|46/100
|-ability|p1b: Incineroar|Intimidate|boost
|-unboost|p2a: Sinistcha|atk|1
|-unboost|p2b: Gyarados|atk|1
|turn|8
|
|t:|1784482239
|move|p2b: Gyarados|Protect|p2b: Gyarados
|-singleturn|p2b: Gyarados|Protect
|move|p2a: Sinistcha|Protect|p2a: Sinistcha
|-singleturn|p2a: Sinistcha|Protect
|move|p1b: Incineroar|Fake Out|p2b: Gyarados
|-activate|p2b: Gyarados|move: Protect
|move|p1a: Vivillon|Hurricane|p2a: Sinistcha
|-activate|p2a: Sinistcha|move: Protect
|
|upkeep
|turn|9
|inactive|Tamejo has 30 seconds left.
|
|t:|1784482267
|move|p2a: Sinistcha|Rage Powder|p2a: Sinistcha
|-singleturn|p2a: Sinistcha|move: Rage Powder
|move|p2b: Gyarados|Waterfall|p1b: Incineroar
|-supereffective|p1b: Incineroar|1
|-damage|p1b: Incineroar|12/100
|move|p1a: Vivillon|Hurricane|p2a: Sinistcha
|-supereffective|p2a: Sinistcha|1
|-damage|p2a: Sinistcha|0 fnt
|faint|p2a: Sinistcha
|move|p1b: Incineroar|Throat Chop|p2b: Gyarados
|-resisted|p2b: Gyarados|1
|-damage|p2b: Gyarados|55/100
|-start|p2b: Gyarados|Throat Chop|[silent]
|
|upkeep
|
|t:|1784482273
|switch|p2a: Sneasler|Sneasler, L50, F|1/100
|turn|10
|
|t:|1784482286
|move|p1b: Incineroar|Protect|p1b: Incineroar
|-singleturn|p1b: Incineroar|Protect
|move|p2a: Sneasler|Fake Out|p1a: Vivillon
|-damage|p1a: Vivillon|75/100
|move|p2b: Gyarados|Waterfall|p1b: Incineroar
|-activate|p1b: Incineroar|move: Protect
|cant|p1a: Vivillon|flinch
|
|-end|p2b: Gyarados|Throat Chop|[silent]
|upkeep
|turn|11
|
|t:|1784482310
|move|p2b: Gyarados|Waterfall|p1b: Incineroar
|-supereffective|p1b: Incineroar|1
|-damage|p1b: Incineroar|0 fnt
|faint|p1b: Incineroar
|move|p2a: Sneasler|Poison Jab|p1a: Vivillon
|-damage|p1a: Vivillon|0 fnt
|faint|p1a: Vivillon
|
|win|Tamejo
|raw|dawndishysoap2's rating: 1000 → 1000(+0 for losing)
|raw|Tamejo's rating: 1045 → 1074(+29 for winning)
|l|☆dawndishysoap2
|player|p1|
|c|☆Tamejo|Gg
