|j|☆FireKing002
|j|☆Zacharykeith
|html|FireKing002Zacharykeith    
|uhtml|bestof|Game 2 of a best-of-3
|t:|1756254829
|gametype|doubles
|player|p1|FireKing002|roxie|1007
|player|p2|Zacharykeith|fisherman-gen4|1057
|gen|9
|tier|[Gen 9] VGC 2025 Reg H (Bo3)
|rated|
|rule|Species Clause: Limit one of each Pokémon
|rule|Item Clause: Limit 1 of each item
|clearpoke
|poke|p1|Kommo-o, L50, F|
|poke|p1|Drifblim, L50, M|
|poke|p1|Hydreigon, L50, F|
|poke|p1|Toxtricity-Low-Key, L50, F|
|poke|p1|Volcarona, L50, F|
|poke|p1|Indeedee, L50, M|
|poke|p2|Ursaluna, L50, M|
|poke|p2|Cetitan, L50, F|
|poke|p2|Porygon2, L50|
|poke|p2|Incineroar, L50, M|
|poke|p2|Sinistcha, L50|
|poke|p2|Pikachu, L50, M|
|teampreview|4
|showteam|p1|Kommo-o||CovertCloak|Soundproof|BodyPress,Flamethrower,IronDefense,Protect|||F|||50|,,,,,Fire]Drifblim||PsychicSeed|Unburden|Acrobatics,WillOWisp,StrengthSap,Tailwind|||M|||50|,,,,,Grass]Hydreigon||AssaultVest|Levitate|DarkPulse,DracoMeteor,EarthPower,Snarl|||F|||50|,,,,,Ghost]Toxtricity-Low-Key||ChoiceSpecs|PunkRock|Boomburst,VoltSwitch,Overdrive,SludgeBomb|||F|||50|,,,,,Normal]Volcarona||LifeOrb|FlameBody|BugBuzz,HeatWave,TeraBlast,Protect|||F|||50|,,,,,Fairy]Indeedee||FocusSash|PsychicSurge|ExpandingForce,TeraBlast,Imprison,TrickRoom|||M|||50|,,,,,Ground
|showteam|p2|Ursaluna||FlameOrb|Guts|Facade,HeadlongRush,Earthquake,Protect|||M|||50|,,,,,Ghost]Cetitan||AssaultVest|SheerForce|IcicleCrash,IceShard,HighHorsepower,Liquidation|||F|||50|,,,,,Water]Porygon2||Eviolite|Trace|TeraBlast,IceBeam,TrickRoom,Recover||||||50|,,,,,Fighting]Incineroar||SafetyGoggles|Intimidate|FakeOut,KnockOff,PartingShot,FlareBlitz|||M|||50|,,,,,Ghost]Sinistcha||SitrusBerry|Hospitality|MatchaGotcha,RagePowder,LifeDew,TrickRoom||||||50|,,,,,Water]Pikachu||LightBall|LightningRod|Thunderbolt,VoltSwitch,Encore,Protect|||M|||50|,,,,,Electric
|inactive|Battle timer is ON: inactive players will automatically lose when time's up. (requested by Zacharykeith)
|
|t:|1756254861
|teamsize|p1|4
|teamsize|p2|4
|start
|switch|p1a: Drifblim|Drifblim, L50, M|100/100
|switch|p1b: Indeedee|Indeedee, L50, M|100/100
|switch|p2a: Pikachu|Pikachu, L50, M|100/100
|switch|p2b: Sinistcha|Sinistcha, L50|100/100
|-fieldstart|move: Psychic Terrain|[from] ability: Psychic Surge|[of] p1b: Indeedee
|-enditem|p1a: Drifblim|Psychic Seed
|-boost|p1a: Drifblim|spd|1|[from] item: Psychic Seed
|turn|1
|inactive|Zacharykeith has 30 seconds left.
|inactive|Zacharykeith has 20 seconds left.
|inactive|Zacharykeith has 15 seconds left.
|inactive|Zacharykeith has 10 seconds left.
|
|t:|1756254907
|-terastallize|p1a: Drifblim|Grass
|-terastallize|p2b: Sinistcha|Water
|move|p1a: Drifblim|Tailwind|p1a: Drifblim
|-sidestart|p1: FireKing002|move: Tailwind
|move|p1b: Indeedee|Expanding Force|p2a: Pikachu|[spread] p2a,p2b
|-damage|p2a: Pikachu|0 fnt
|-damage|p2b: Sinistcha|54/100
|faint|p2a: Pikachu
|move|p2b: Sinistcha|Trick Room|p2b: Sinistcha
|-fieldstart|move: Trick Room|[of] p2b: Sinistcha
|
|upkeep
|
|t:|1756254916
|switch|p2a: Cetitan|Cetitan, L50, F|100/100
|turn|2
|
|t:|1756254927
|move|p2b: Sinistcha|Rage Powder|p2b: Sinistcha
|-singleturn|p2b: Sinistcha|move: Rage Powder
|move|p2a: Cetitan|Icicle Crash|p1a: Drifblim
|-supereffective|p1a: Drifblim
|-damage|p1a: Drifblim|0 fnt
|faint|p1a: Drifblim
|move|p1b: Indeedee|Trick Room|p1b: Indeedee
|-fieldend|move: Trick Room
|
|upkeep
|
|t:|1756254938
|switch|p1a: Pinkshift|Toxtricity-Low-Key, L50, F, shiny|100/100
|turn|3
|
|t:|1756254948
|move|p1b: Indeedee|Imprison|p1b: Indeedee
|-start|p1b: Indeedee|move: Imprison
|move|p1a: Pinkshift|Volt Switch|p2b: Sinistcha
|-supereffective|p2b: Sinistcha
|-damage|p2b: Sinistcha|0 fnt
|faint|p2b: Sinistcha
|
|t:|1756254956
|switch|p1a: Kommo-o|Kommo-o, L50, F|100/100|[from] Volt Switch
|move|p2a: Cetitan|High Horsepower|p1a: Kommo-o
|-damage|p1a: Kommo-o|74/100
|
|upkeep
|
|t:|1756254963
|switch|p2b: Ursaluna|Ursaluna, L50, M|100/100
|turn|4
|
|t:|1756254978
|move|p1a: Kommo-o|Iron Defense|p1a: Kommo-o
|-boost|p1a: Kommo-o|def|2
|move|p1b: Indeedee|Expanding Force|p2a: Cetitan|[spread] p2a,p2b
|-damage|p2a: Cetitan|58/100
|-damage|p2b: Ursaluna|44/100
|move|p2a: Cetitan|Icicle Crash|p1a: Kommo-o
|-supereffective|p1a: Kommo-o
|-damage|p1a: Kommo-o|27/100
|move|p2b: Ursaluna|Headlong Rush|p1b: Indeedee
|-enditem|p1b: Indeedee|Focus Sash
|-damage|p1b: Indeedee|1/100
|-unboost|p2b: Ursaluna|def|1
|-unboost|p2b: Ursaluna|spd|1
|
|-sideend|p1: FireKing002|move: Tailwind
|-status|p2b: Ursaluna|brn|[from] item: Flame Orb
|upkeep
|turn|5
|inactive|Zacharykeith has 30 seconds left.
|
|t:|1756255004
|move|p2a: Cetitan|Icicle Crash|p1a: Kommo-o
|-supereffective|p1a: Kommo-o
|-damage|p1a: Kommo-o|0 fnt
|faint|p1a: Kommo-o
|move|p1b: Indeedee|Expanding Force|p2a: Cetitan|[spread] p2a,p2b
|-crit|p2a: Cetitan
|-damage|p2a: Cetitan|0 fnt
|-damage|p2b: Ursaluna|0 fnt
|faint|p2a: Cetitan
|faint|p2b: Ursaluna
|
|win|FireKing002
