|j|☆Iche8647/5
|j|☆Glaxx
|html|Iche8647/5Glaxx    
|uhtml|bestof|Game 2 of a best-of-3
|t:|1785409797
|gametype|doubles
|player|p1|Iche8647/5|266|1049
|player|p2|Glaxx|red|1000
|gen|9
|tier|[Gen 9 Champions] VGC 2026 Reg M-B (Bo3)
|rated|
|rule|Species Clause: Limit one of each Pokémon
|rule|Item Clause: Limit 1 of each item
|clearpoke
|poke|p1|Pikachu, L50, M|
|poke|p1|Tyranitar, L50, F|
|poke|p1|Blaziken, L50, F|
|poke|p1|Excadrill, L50, M|
|poke|p1|Milotic, L50, M|
|poke|p1|Sinistcha-Masterpiece, L50|
|poke|p2|Sceptile, L50, M, shiny|
|poke|p2|Metagross, L50, shiny|
|poke|p2|Milotic, L50, F, shiny|
|poke|p2|Arcanine-Hisui, L50, M, shiny|
|poke|p2|Gardevoir, L50, F, shiny|
|poke|p2|Rotom, L50, shiny|
|teampreview|4
|showteam|p1|Pikachu||LightBall|LightningRod|FakeOut,Thunderbolt,VoltSwitch,AlluringVoice|Hasty||M|||50|]Tyranitar||Tyranitarite|SandStream|KnockOff,RockSlide,Protect,HighHorsepower|Jolly||F|||50|]Blaziken||Blazikenite|SpeedBoost|FlareBlitz,CloseCombat,PoisonJab,Protect|Adamant||F|||50|]Excadrill||FocusSash|SandRush|HighHorsepower,IronHead,RockSlide,Protect|Jolly||M|||50|]Milotic||SitrusBerry|Competitive|Scald,IcyWind,IceBeam,Protect|Calm||M|||50|]Sinistcha-Masterpiece||KasibBerry|Hospitality|MatchaGotcha,ShadowBall,RagePowder,Protect|Bold|||||50|
|showteam|p2|Sceptile||Sceptilite|Unburden|DragonPulse,LeafStorm,Protect,EarthPower|Timid||M|||50|]Metagross||Metagrossite|ClearBody|Trailblaze,IcePunch,PsychicFangs,MeteorMash|Jolly|||||50|]Milotic||Leftovers|Competitive|IcyWind,AlluringVoice,Scald,RainDance|Modest||F|||50|]Arcanine-Hisui||ExpertBelt|RockHead|ExtremeSpeed,FlareBlitz,HeadSmash,WildCharge|Adamant||M|||50|]Gardevoir||ZoomLens|Trace|Psyshock,AuraSphere,DazzlingGleam,SkillSwap|Quiet||F|||50|]Rotom||ChoiceScarf|Levitate|Discharge,ShadowBall,WillOWisp,Trick|Timid|||||50|
|inactive|Battle timer is ON: inactive players will automatically lose when time's up. (requested by Glaxx)
|
|t:|1785409816
|teamsize|p1|4
|teamsize|p2|4
|start
|switch|p1a: Tyranitar|Tyranitar, L50, F|100/100
|switch|p1b: Milotic|Milotic, L50, M|100/100
|switch|p2a: Sceptile|Sceptile, L50, M, shiny|100/100
|switch|p2b: Rotom|Rotom, L50, shiny|100/100
|-weather|Sandstorm|[from] ability: Sand Stream|[of] p1a: Tyranitar
|turn|1
|inactive|Iche8647/5 has 30 seconds left.
|inactive|Iche8647/5 has 20 seconds left.
|inactive|Iche8647/5 has 15 seconds left.
|
|t:|1785409858
|detailschange|p2a: Sceptile|Sceptile-Mega, L50, M, shiny
|-mega|p2a: Sceptile|Sceptile|Sceptilite
|move|p1b: Milotic|Protect|p1b: Milotic
|-singleturn|p1b: Milotic|Protect
|move|p2b: Rotom|Discharge|p1a: Tyranitar|[spread] p1a
|-activate|p1b: Milotic|move: Protect
|-ability|p2a: Sceptile|Lightning Rod|boost
|-boost|p2a: Sceptile|spa|1
|-damage|p1a: Tyranitar|83/100
|move|p2a: Sceptile|Dragon Pulse|p1b: Milotic
|-activate|p1b: Milotic|move: Protect
|move|p1a: Tyranitar|Knock Off|p2b: Rotom
|-supereffective|p2b: Rotom|1
|-damage|p2b: Rotom|0 fnt
|-enditem|p2b: Rotom|Choice Scarf|[from] move: Knock Off|[of] p1a: Tyranitar
|faint|p2b: Rotom
|
|-weather|Sandstorm|[upkeep]
|-damage|p2a: Sceptile|93/100|[from] Sandstorm
|-damage|p1b: Milotic|94/100|[from] Sandstorm
|upkeep
|
|t:|1785409864
|switch|p2b: Milotic|Milotic, L50, F, shiny|100/100
|turn|2
|inactive|Iche8647/5 has 30 seconds left.
|
|t:|1785409891
|move|p2a: Sceptile|Protect|p2a: Sceptile
|-singleturn|p2a: Sceptile|Protect
|move|p1a: Tyranitar|Protect|p1a: Tyranitar
|-singleturn|p1a: Tyranitar|Protect
|move|p1b: Milotic|Icy Wind|p2a: Sceptile|[spread] p2b
|-activate|p2a: Sceptile|move: Protect
|-resisted|p2b: Milotic|1
|-damage|p2b: Milotic|95/100
|-unboost|p2b: Milotic|spe|1
|-ability|p2b: Milotic|Competitive|boost
|-boost|p2b: Milotic|spa|2
|move|p2b: Milotic|Rain Dance|p2b: Milotic
|-weather|RainDance
|
|-weather|RainDance|[upkeep]
|-heal|p2b: Milotic|100/100|[from] item: Leftovers
|upkeep
|turn|3
|inactive|Glaxx has 30 seconds left.
|
|t:|1785409917
|move|p2a: Sceptile|Earth Power|p1a: Tyranitar
|-supereffective|p1a: Tyranitar|1
|-damage|p1a: Tyranitar|0 fnt
|faint|p1a: Tyranitar
|move|p1b: Milotic|Ice Beam|p2a: Sceptile
|-supereffective|p2a: Sceptile|2
|-damage|p2a: Sceptile|0 fnt
|faint|p2a: Sceptile
|move|p2b: Milotic|Icy Wind|p1b: Milotic
|-resisted|p1b: Milotic|1
|-damage|p1b: Milotic|81/100
|-unboost|p1b: Milotic|spe|1
|-ability|p1b: Milotic|Competitive|boost
|-boost|p1b: Milotic|spa|2
|
|-weather|RainDance|[upkeep]
|upkeep
|
|t:|1785409928
|switch|p2a: Metagross|Metagross, L50, shiny|100/100
|switch|p1a: Blaziken|Blaziken, L50, F|100/100
|turn|4
|
|t:|1785409938
|move|p1a: Blaziken|Protect|p1a: Blaziken
|-singleturn|p1a: Blaziken|Protect
|move|p2a: Metagross|Trailblaze|p1b: Milotic
|-supereffective|p1b: Milotic|1
|-damage|p1b: Milotic|45/100
|-boost|p2a: Metagross|spe|1
|-enditem|p1b: Milotic|Sitrus Berry|[eat]
|-heal|p1b: Milotic|70/100|[from] item: Sitrus Berry
|move|p1b: Milotic|Icy Wind|p2b: Milotic|[spread] p2a
|-miss|p1b: Milotic|p2b: Milotic
|-resisted|p2a: Metagross|1
|-damage|p2a: Metagross|87/100
|move|p2b: Milotic|Icy Wind|p1a: Blaziken|[spread] p1b
|-activate|p1a: Blaziken|move: Protect
|-resisted|p1b: Milotic|1
|-damage|p1b: Milotic|62/100
|-unboost|p1b: Milotic|spe|1
|-ability|p1b: Milotic|Competitive|boost
|-boost|p1b: Milotic|spa|2
|
|-weather|RainDance|[upkeep]
|-ability|p1a: Blaziken|Speed Boost|boost
|-boost|p1a: Blaziken|spe|1
|upkeep
|turn|5
|inactive|Iche8647/5 has 30 seconds left.
|
|t:|1785409969
|detailschange|p1a: Blaziken|Blaziken-Mega, L50, F
|-mega|p1a: Blaziken|Blaziken|Blazikenite
|move|p1a: Blaziken|Close Combat|p2b: Milotic
|-damage|p2b: Milotic|24/100
|-unboost|p1a: Blaziken|def|1
|-unboost|p1a: Blaziken|spd|1
|move|p2a: Metagross|Trailblaze|p1b: Milotic
|-supereffective|p1b: Milotic|1
|-damage|p1b: Milotic|29/100
|-boost|p2a: Metagross|spe|1
|move|p2b: Milotic|Scald|p1a: Blaziken
|-supereffective|p1a: Blaziken|1
|-damage|p1a: Blaziken|0 fnt
|faint|p1a: Blaziken
|move|p1b: Milotic|Scald|p2b: Milotic
|-resisted|p2b: Milotic|1
|-damage|p2b: Milotic|0 fnt
|faint|p2b: Milotic
|
|-weather|RainDance|[upkeep]
|upkeep
|
|t:|1785409974
|switch|p1a: Excadrill|Excadrill, L50, M|100/100
|turn|6
|
|t:|1785409996
|move|p2a: Metagross|Trailblaze|p1a: Excadrill
|-damage|p1a: Excadrill|75/100
|-boost|p2a: Metagross|spe|1
|move|p1a: Excadrill|High Horsepower|p2a: Metagross
|-supereffective|p2a: Metagross|1
|-damage|p2a: Metagross|0 fnt
|faint|p2a: Metagross
|
|win|Iche8647/5
|raw|Iche8647/5's rating: 1049 → 1077(+28 for winning)
|raw|Glaxx's rating: 1000 → 1000(+0 for losing)
|l|☆Glaxx
|player|p2|
|l|☆Iche8647/5
|player|p1|
|j|☆Iche8647/5
|player|p1|Iche8647/5|266|
