|j|☆KrisKiwii
|j|☆WASHINGTONGARGACHA
|html|KrisKiwiiWASHINGTONGARGACHA    
|uhtml|bestof|Game 3 of a best-of-3
|t:|1756638113
|gametype|doubles
|player|p1|KrisKiwii|acetrainerf-gen4dp|1116
|player|p2|WASHINGTONGARGACHA|266|1170
|gen|9
|tier|[Gen 9] VGC 2025 Reg H (Bo3)
|rated|
|rule|Species Clause: Limit one of each Pokémon
|rule|Item Clause: Limit 1 of each item
|clearpoke
|poke|p1|Gholdengo, L50|
|poke|p1|Incineroar, L50, F|
|poke|p1|Amoonguss, L50, F|
|poke|p1|Porygon2, L50|
|poke|p1|Sneasler, L50, F|
|poke|p1|Ursaluna, L50, M|
|poke|p2|Gholdengo, L50|
|poke|p2|Ursaluna, L50, F|
|poke|p2|Archaludon, L50, F|
|poke|p2|Murkrow, L50, F|
|poke|p2|Farigiraf, L50, F|
|poke|p2|Basculegion, L50, M|
|teampreview|4
|showteam|p1|Gholdengo||LifeOrb|GoodasGold|MakeItRain,ShadowBall,NastyPlot,Protect||||||50|,,,,,Water]Incineroar||SafetyGoggles|Intimidate|FakeOut,PartingShot,KnockOff,FlareBlitz|||F|||50|,,,,,Ghost]Amoonguss||MentalHerb|Regenerator|RagePowder,Spore,PollenPuff,Protect|||F|||50|,,,,,Water]Porygon2||Eviolite|Download|TeraBlast,IceBeam,TrickRoom,Recover||||||50|,,,,,Electric]Sneasler||FocusSash|PoisonTouch|Protect,CloseCombat,DireClaw,FakeOut|||F|||50|,,,,,Stellar]Ursaluna||FlameOrb|Guts|Facade,HeadlongRush,Earthquake,Protect|||M|||50|,,,,,Poison
|showteam|p2|Gholdengo||LifeOrb|GoodasGold|ShadowBall,MakeItRain,NastyPlot,Protect||||||50|,,,,,Water]Ursaluna||FlameOrb|Guts|Facade,Earthquake,Protect,HeadlongRush|||F|||50|,,,,,Ghost]Archaludon||PowerHerb|Stamina|ElectroShot,FlashCannon,DracoMeteor,Protect|||F|||50|,,,,,Grass]Murkrow||Eviolite|Prankster|Tailwind,RainDance,FoulPlay,Haze|||F|||50|,,,,,Dark]Farigiraf||ThroatSpray|ArmorTail|HyperVoice,TrickRoom,Psychic,Protect|||F|||50|,,,,,Fairy]Basculegion||MysticWater|SwiftSwim|AquaJet,FlipTurn,WaveCrash,LastRespects|||M|||50|,,,,,Water
|inactive|Battle timer is ON: inactive players will automatically lose when time's up. (requested by KrisKiwii)
|inactive|KrisKiwii has 60 seconds left.
|
|t:|1756638147
|teamsize|p1|4
|teamsize|p2|4
|start
|switch|p1a: Hakari|Porygon2, L50, shiny|100/100
|switch|p1b: MUSTARDDD|Sneasler, L50, F, shiny|100/100
|switch|p2a: Farigiraf|Farigiraf, L50, F|100/100
|switch|p2b: Archaludon|Archaludon, L50, F|100/100
|-ability|p1a: Hakari|Download|boost
|-boost|p1a: Hakari|spa|1
|turn|1
|
|t:|1756638167
|switch|p2a: Gholdengo|Gholdengo, L50|100/100
|move|p1b: MUSTARDDD|Close Combat|p2b: Archaludon
|-supereffective|p2b: Archaludon
|-damage|p2b: Archaludon|0 fnt
|-unboost|p1b: MUSTARDDD|def|1
|-unboost|p1b: MUSTARDDD|spd|1
|faint|p2b: Archaludon
|move|p1a: Hakari|Ice Beam|p2a: Gholdengo
|-resisted|p2a: Gholdengo
|-damage|p2a: Gholdengo|79/100
|
|upkeep
|
|t:|1756638179
|switch|p2b: Farigiraf|Farigiraf, L50, F|100/100
|turn|2
|
|t:|1756638189
|-terastallize|p1a: Hakari|Electric
|move|p2a: Gholdengo|Protect|p2a: Gholdengo
|-singleturn|p2a: Gholdengo|Protect
|move|p1b: MUSTARDDD|Dire Claw|p2b: Farigiraf
|-damage|p2b: Farigiraf|50/100
|move|p2b: Farigiraf|Psychic|p1b: MUSTARDDD
|-supereffective|p1b: MUSTARDDD
|-enditem|p1b: MUSTARDDD|Focus Sash
|-damage|p1b: MUSTARDDD|1/100
|move|p1a: Hakari|Tera Blast|p2a: Gholdengo|[anim] Tera Blast Electric
|-activate|p2a: Gholdengo|move: Protect
|
|upkeep
|turn|3
|inactive|WASHINGTONGARGACHA has 30 seconds left.
|
|t:|1756638220
|move|p2b: Farigiraf|Protect|p2b: Farigiraf
|-singleturn|p2b: Farigiraf|Protect
|move|p1b: MUSTARDDD|Dire Claw|p2b: Farigiraf
|-activate|p2b: Farigiraf|move: Protect
|move|p2a: Gholdengo|Make It Rain|p1a: Hakari|[spread] p1a,p1b
|-resisted|p1a: Hakari
|-crit|p1a: Hakari
|-damage|p1a: Hakari|73/100
|-damage|p1b: MUSTARDDD|0 fnt
|-unboost|p2a: Gholdengo|spa|1
|faint|p1b: MUSTARDDD
|-damage|p2a: Gholdengo|69/100|[from] item: Life Orb
|move|p1a: Hakari|Tera Blast|p2a: Gholdengo|[anim] Tera Blast Electric
|-damage|p2a: Gholdengo|7/100
|
|upkeep
|
|t:|1756638224
|switch|p1b: Chiitan|Incineroar, L50, F|100/100
|-ability|p1b: Chiitan|Intimidate|boost
|-unboost|p2a: Gholdengo|atk|1
|-unboost|p2b: Farigiraf|atk|1
|turn|4
|
|t:|1756638244
|-terastallize|p2b: Farigiraf|Fairy
|move|p2a: Gholdengo|Protect|p2a: Gholdengo
|-singleturn|p2a: Gholdengo|Protect
|move|p1b: Chiitan|Parting Shot|p2b: Farigiraf
|-unboost|p2b: Farigiraf|atk|1
|-unboost|p2b: Farigiraf|spa|1
|
|t:|1756638247
|switch|p1b: Crescendo|Ursaluna, L50, M|100/100|[from] Parting Shot
|move|p2b: Farigiraf|Trick Room|p2b: Farigiraf
|-fieldstart|move: Trick Room|[of] p2b: Farigiraf
|move|p1a: Hakari|Trick Room|p1a: Hakari
|-fieldend|move: Trick Room
|
|-status|p1b: Crescendo|brn|[from] item: Flame Orb
|upkeep
|turn|5
|inactive|WASHINGTONGARGACHA has 30 seconds left.
|
|t:|1756638280
|switch|p2a: Ursaluna|Ursaluna, L50, F|100/100
|move|p2b: Farigiraf|Hyper Voice|p1b: Crescendo|[spread] p1a,p1b
|-damage|p1a: Hakari|61/100
|-damage|p1b: Crescendo|86/100 brn
|-enditem|p2b: Farigiraf|Throat Spray
|-boost|p2b: Farigiraf|spa|1|[from] item: Throat Spray
|move|p1a: Hakari|Ice Beam|p2a: Ursaluna
|-supereffective|p2a: Ursaluna
|-crit|p2a: Ursaluna
|-damage|p2a: Ursaluna|0 fnt
|faint|p2a: Ursaluna
|move|p1b: Crescendo|Facade|p2b: Farigiraf
|-damage|p2b: Farigiraf|0 fnt
|faint|p2b: Farigiraf
|
|-damage|p1b: Crescendo|80/100 brn|[from] brn
|upkeep
|-message|WASHINGTONGARGACHA forfeited.
|
|win|KrisKiwii
|raw|KrisKiwii's rating: 1116 → 1145(+29 for winning)
|raw|WASHINGTONGARGACHA's rating: 1170 → 1141(-29 for losing)
