|j|☆crullvgc
|j|☆C0ozer
|html|crullvgcC0ozer    
|uhtml|bestof|Game 1 of a best-of-3
|t:|1757087649
|gametype|doubles
|player|p1|crullvgc|janitor|1078
|player|p2|C0ozer|2|1072
|gen|9
|tier|[Gen 9] VGC 2025 Reg H (Bo3)
|rated|
|rule|Species Clause: Limit one of each Pokémon
|rule|Item Clause: Limit 1 of each item
|clearpoke
|poke|p1|Garchomp, L50, F|
|poke|p1|Talonflame, L50, F|
|poke|p1|Primarina, L50, F|
|poke|p1|Electabuzz, L50, F|
|poke|p1|Rillaboom, L50, M|
|poke|p1|Gholdengo, L50|
|poke|p2|Ursaluna-Bloodmoon, L50, M|
|poke|p2|Gholdengo, L50|
|poke|p2|Dragonite, L50, F|
|poke|p2|Sneasler, L50, M|
|poke|p2|Incineroar, L50, M|
|poke|p2|Amoonguss, L50, F|
|teampreview|4
|showteam|p1|Garchomp||LifeOrb|RoughSkin|StompingTantrum,Earthquake,DragonClaw,Protect|||F|||50|,,,,,Fire]Talonflame||CovertCloak|GaleWings|Tailwind,WillOWisp,DualWingbeat,Taunt|||F|||50|,,,,,Dark]Primarina||ThroatSpray|LiquidVoice|HyperVoice,Moonblast,Haze,Protect|||F|||50|,,,,,Poison]Electabuzz||Eviolite|VitalSpirit|FollowMe,Electroweb,HelpingHand,Protect|||F|||50|,,,,,Ghost]Rillaboom||AssaultVest|GrassySurge|FakeOut,GrassyGlide,WoodHammer,HighHorsepower|||M|||50|,,,,,Fire]Gholdengo||MetalCoat|GoodasGold|MakeItRain,ShadowBall,NastyPlot,Protect||||||50|,,,,,Steel
|showteam|p2|Ursaluna-Bloodmoon||AssaultVest|MindsEye|BloodMoon,EarthPower,VacuumWave,HyperVoice|||M|||50|,,,,,Water]Gholdengo||LifeOrb|GoodasGold|Protect,MakeItRain,ShadowBall,NastyPlot||||||50|,,,,,Water]Dragonite||LoadedDice|Multiscale|ScaleShot,Tailwind,Haze,Protect|||F|||50|,,,,,Fairy]Sneasler||FocusSash|Unburden|Protect,DireClaw,CloseCombat,ThroatChop|||M|||50|,,,,,Stellar]Incineroar||SafetyGoggles|Intimidate|KnockOff,PartingShot,FlareBlitz,FakeOut|||M|||50|,,,,,Ghost]Amoonguss||SitrusBerry|Regenerator|RagePowder,Spore,PollenPuff,Protect|||F|||50|,,,,,Water
|inactive|Battle timer is ON: inactive players will automatically lose when time's up. (requested by C0ozer)
|inactive|C0ozer has 60 seconds left.
|inactive|C0ozer has 30 seconds left.
|
|t:|1757087713
|teamsize|p1|4
|teamsize|p2|4
|start
|switch|p1a: Garchomp|Garchomp, L50, F|100/100
|switch|p1b: Talonflame|Talonflame, L50, F|100/100
|switch|p2a: Dragonite|Dragonite, L50, F, shiny|100/100
|switch|p2b: Incineroar|Incineroar, L50, M, shiny|100/100
|-ability|p2b: Incineroar|Intimidate|boost
|-unboost|p1a: Garchomp|atk|1
|-unboost|p1b: Talonflame|atk|1
|turn|1
|inactive|C0ozer has 30 seconds left.
|
|t:|1757087743
|move|p1a: Garchomp|Protect|p1a: Garchomp
|-singleturn|p1a: Garchomp|Protect
|move|p2b: Incineroar|Fake Out|p1a: Garchomp
|-activate|p1a: Garchomp|move: Protect
|move|p1b: Talonflame|Will-O-Wisp|p2a: Dragonite|[miss]
|-miss|p1b: Talonflame|p2a: Dragonite
|move|p2a: Dragonite|Tailwind|p2a: Dragonite
|-sidestart|p2: C0ozer|move: Tailwind
|
|upkeep
|turn|2
|
|t:|1757087764
|switch|p1a: Primarina|Primarina, L50, F|100/100
|move|p2a: Dragonite|Protect|p2a: Dragonite
|-singleturn|p2a: Dragonite|Protect
|move|p1b: Talonflame|Tailwind|p1b: Talonflame
|-sidestart|p1: crullvgc|move: Tailwind
|move|p2b: Incineroar|Knock Off|p1b: Talonflame
|-damage|p1b: Talonflame|30/100
|-enditem|p1b: Talonflame|Covert Cloak|[from] move: Knock Off|[of] p2b: Incineroar
|
|upkeep
|turn|3
|inactive|C0ozer has 30 seconds left.
|
|t:|1757087790
|-terastallize|p2a: Dragonite|Fairy
|move|p1b: Talonflame|Will-O-Wisp|p2a: Dragonite
|-status|p2a: Dragonite|brn
|move|p2a: Dragonite|Scale Shot|p1b: Talonflame
|-damage|p1b: Talonflame|19/100
|-damage|p1b: Talonflame|8/100
|-damage|p1b: Talonflame|0 fnt
|faint|p1b: Talonflame
|-hitcount|p1: Talonflame|3
|-unboost|p2a: Dragonite|def|1
|-boost|p2a: Dragonite|spe|1
|move|p1a: Primarina|Hyper Voice|p2b: Incineroar|[spread] p2a,p2b
|-supereffective|p2b: Incineroar
|-damage|p2a: Dragonite|83/100 brn
|-damage|p2b: Incineroar|45/100
|-enditem|p1a: Primarina|Throat Spray
|-boost|p1a: Primarina|spa|1|[from] item: Throat Spray
|move|p2b: Incineroar|Knock Off|p1a: Primarina
|-resisted|p1a: Primarina
|-damage|p1a: Primarina|82/100
|
|-damage|p2a: Dragonite|77/100 brn|[from] brn
|upkeep
|inactive|crullvgc has 30 seconds left.
|
|t:|1757087815
|switch|p1b: Electabuzz|Electabuzz, L50, F|100/100
|turn|4
|
|t:|1757087823
|switch|p2b: Gholdengo|Gholdengo, L50, shiny|100/100
|move|p1b: Electabuzz|Helping Hand|p1a: Primarina
|-singleturn|p1a: Primarina|Helping Hand|[of] p1b: Electabuzz
|move|p2a: Dragonite|Protect|p2a: Dragonite
|-singleturn|p2a: Dragonite|Protect
|move|p1a: Primarina|Hyper Voice|p2b: Gholdengo|[spread] p2b
|-activate|p2a: Dragonite|move: Protect
|-damage|p2b: Gholdengo|26/100
|
|-damage|p2a: Dragonite|71/100 brn|[from] brn
|-sideend|p2: C0ozer|move: Tailwind
|upkeep
|turn|5
|
|t:|1757087838
|move|p1b: Electabuzz|Helping Hand|p1a: Primarina
|-singleturn|p1a: Primarina|Helping Hand|[of] p1b: Electabuzz
|move|p2b: Gholdengo|Protect|p2b: Gholdengo
|-singleturn|p2b: Gholdengo|Protect
|move|p1a: Primarina|Hyper Voice|p2a: Dragonite|[spread] p2a
|-activate|p2b: Gholdengo|move: Protect
|-damage|p2a: Dragonite|0 fnt
|faint|p2a: Dragonite
|
|-sideend|p1: crullvgc|move: Tailwind
|upkeep
|
|t:|1757087848
|switch|p2a: Ursaluna|Ursaluna-Bloodmoon, L50, M|100/100
|turn|6
|
|t:|1757087860
|move|p1b: Electabuzz|Follow Me|p1b: Electabuzz
|-singleturn|p1b: Electabuzz|move: Follow Me
|move|p2b: Gholdengo|Make It Rain|p1b: Electabuzz|[spread] p1a,p1b
|-resisted|p1b: Electabuzz
|-damage|p1a: Primarina|34/100
|-damage|p1b: Electabuzz|78/100
|-unboost|p2b: Gholdengo|spa|1
|-damage|p2b: Gholdengo|17/100|[from] item: Life Orb
|move|p1a: Primarina|Hyper Voice|p2a: Ursaluna|[spread] p2a,p2b
|-supereffective|p2a: Ursaluna
|-damage|p2a: Ursaluna|36/100
|-damage|p2b: Gholdengo|0 fnt
|faint|p2b: Gholdengo
|move|p2a: Ursaluna|Earth Power|p1b: Electabuzz
|-supereffective|p1b: Electabuzz
|-damage|p1b: Electabuzz|0 fnt
|faint|p1b: Electabuzz
|
|upkeep
|
|t:|1757087874
|switch|p1b: Garchomp|Garchomp, L50, F|100/100
|switch|p2b: Incineroar|Incineroar, L50, M, shiny|45/100
|-ability|p2b: Incineroar|Intimidate|boost
|-unboost|p1a: Primarina|atk|1
|-unboost|p1b: Garchomp|atk|1
|turn|7
|
|t:|1757087883
|move|p1b: Garchomp|Protect|p1b: Garchomp
|-singleturn|p1b: Garchomp|Protect
|move|p1a: Primarina|Protect|p1a: Primarina
|-singleturn|p1a: Primarina|Protect
|move|p2b: Incineroar|Fake Out|p1a: Primarina
|-activate|p1a: Primarina|move: Protect
|move|p2a: Ursaluna|Blood Moon|p1a: Primarina
|-activate|p1a: Primarina|move: Protect
|
|upkeep
|turn|8
|-message|C0ozer forfeited.
|
|win|crullvgc
|l|☆C0ozer
|player|p2|
||C0ozer is ready for game 2.
