|j|☆Roncolaenjoyer
|j|☆yurinasaan
|html|Roncolaenjoyeryurinasaan    
|uhtml|bestof|Game 1 of a best-of-3
|t:|1785245330
|gametype|doubles
|player|p1|Roncolaenjoyer|nate|1457
|player|p2|yurinasaan|101|1384
|gen|9
|tier|[Gen 9 Champions] VGC 2026 Reg M-B (Bo3)
|rated|
|rule|Species Clause: Limit one of each Pokémon
|rule|Item Clause: Limit 1 of each item
|clearpoke
|poke|p1|Charizard, L50, F|
|poke|p1|Sylveon, L50, F|
|poke|p1|Farigiraf, L50, F|
|poke|p1|Aerodactyl, L50, F|
|poke|p1|Kingambit, L50, F|
|poke|p1|Garchomp, L50, F|
|poke|p2|Staraptor, L50, M|
|poke|p2|Arcanine-Hisui, L50, M|
|poke|p2|Kingambit, L50, M|
|poke|p2|Raichu, L50, M|
|poke|p2|Farigiraf, L50, F|
|poke|p2|Sylveon, L50, F|
|teampreview|4
|showteam|p1|Charizard||CharizarditeY|SolarPower|Protect,WeatherBall,SolarBeam,HeatWave|Modest||F|||50|]Sylveon||FairyFeather|Pixilate|Detect,HyperVoice,QuickAttack,HyperBeam|Modest||F|||50|]Farigiraf||SitrusBerry|ArmorTail|Thunderbolt,TwinBeam,Roar,TrickRoom|Bold||F|||50|]Aerodactyl||Aerodactylite|Unnerve|RockSlide,DualWingbeat,IceFang,Tailwind|Jolly||F|||50|]Kingambit||FocusSash|Defiant|KowtowCleave,SuckerPunch,IronHead,LowKick|Adamant||F|||50|]Garchomp||LifeOrb|RoughSkin|Earthquake,StompingTantrum,DragonClaw,Protect|Jolly||F|||50|
|showteam|p2|Staraptor||Staraptite|Intimidate|DualWingbeat,CloseCombat,Tailwind,Protect|Jolly||M|||50|]Arcanine-Hisui||FocusSash|RockHead|FlareBlitz,HeadSmash,ExtremeSpeed,Protect|Jolly||M|||50|]Kingambit||LifeOrb|Defiant|KowtowCleave,SuckerPunch,SwordsDance,Protect|Adamant||M|||50|]Raichu||RaichuniteY|Static|ZapCannon,FocusBlast,FakeOut,Protect|Timid||M|||50|]Farigiraf||SitrusBerry|ArmorTail|Psychic,HelpingHand,TrickRoom,Protect|Calm||F|||50|]Sylveon||FairyFeather|Pixilate|HyperVoice,HyperBeam,QuickAttack,Detect|Modest||F|||50|
|inactive|Battle timer is ON: inactive players will automatically lose when time's up. (requested by Roncolaenjoyer)
|inactive|Roncolaenjoyer has 60 seconds left.
|inactive|yurinasaan has 60 seconds left.
|inactive|yurinasaan has 30 seconds left.
|inactive|yurinasaan has 20 seconds left.
|
|t:|1785245401
|teamsize|p1|4
|teamsize|p2|4
|start
|switch|p1a: Aerodactyl|Aerodactyl, L50, F|100/100
|switch|p1b: Garchomp|Garchomp, L50, F|100/100
|switch|p2a: Raichu|Raichu, L50, M|100/100
|switch|p2b: Sylveon|Sylveon, L50, F|100/100
|-ability|p1a: Aerodactyl|Unnerve
|turn|1
|
|t:|1785245418
|detailschange|p1a: Aerodactyl|Aerodactyl-Mega, L50, F
|-mega|p1a: Aerodactyl|Aerodactyl|Aerodactylite
|detailschange|p2a: Raichu|Raichu-Mega-Y, L50, M
|-mega|p2a: Raichu|Raichu|Raichunite Y
|move|p1b: Garchomp|Protect|p1b: Garchomp
|-singleturn|p1b: Garchomp|Protect
|move|p2a: Raichu|Fake Out|p1b: Garchomp
|-activate|p1b: Garchomp|move: Protect
|move|p1a: Aerodactyl|Tailwind|p1a: Aerodactyl
|-sidestart|p1: Roncolaenjoyer|move: Tailwind
|move|p2b: Sylveon|Hyper Voice|p1b: Garchomp|[spread] p1a
|-activate|p1b: Garchomp|move: Protect
|-damage|p1a: Aerodactyl|53/100
|
|upkeep
|turn|2
|
|t:|1785245441
|move|p2a: Raichu|Protect|p2a: Raichu
|-singleturn|p2a: Raichu|Protect
|move|p1a: Aerodactyl|Dual Wingbeat|p2b: Sylveon
|-damage|p2b: Sylveon|72/100
|-damage|p2b: Sylveon|44/100
|-hitcount|p2b: Sylveon|2
|move|p1b: Garchomp|Earthquake|p2b: Sylveon|[spread] p2b
|-activate|p2a: Raichu|move: Protect
|-immune|p1a: Aerodactyl
|-damage|p2b: Sylveon|0 fnt
|faint|p2b: Sylveon
|-damage|p1b: Garchomp|90/100|[from] item: Life Orb
|
|upkeep
|inactive|yurinasaan has 30 seconds left.
|
|t:|1785245468
|switch|p2b: Kingambit|Kingambit, L50, M|100/100
|turn|3
|inactive|yurinasaan has 30 seconds left.
|inactive|yurinasaan has 20 seconds left.
|inactive|yurinasaan has 15 seconds left.
|inactive|yurinasaan has 10 seconds left.
|
|t:|1785245518
|switch|p2a: Arcanine|Arcanine-Hisui, L50, M|100/100
|move|p1a: Aerodactyl|Rock Slide|p2b: Kingambit|[spread] p2a,p2b
|-supereffective|p2a: Arcanine|1
|-resisted|p2b: Kingambit|1
|-damage|p2a: Arcanine|32/100
|-damage|p2b: Kingambit|90/100
|move|p1b: Garchomp|Earthquake|p2a: Arcanine|[spread] p2a,p2b
|-immune|p1a: Aerodactyl
|-supereffective|p2a: Arcanine|2
|-supereffective|p2b: Kingambit|1
|-damage|p2a: Arcanine|0 fnt
|-damage|p2b: Kingambit|15/100
|faint|p2a: Arcanine
|-damage|p1b: Garchomp|80/100|[from] item: Life Orb
|move|p2b: Kingambit|Swords Dance|p2b: Kingambit
|-boost|p2b: Kingambit|atk|2
|
|upkeep
|
|t:|1785245536
|switch|p2a: Raichu|Raichu-Mega-Y, L50, M|100/100
|turn|4
|
|t:|1785245541
|move|p2a: Raichu|Fake Out|p1b: Garchomp
|-damage|p1b: Garchomp|71/100
|-damage|p2a: Raichu|87/100|[from] ability: Rough Skin|[of] p1b: Garchomp
|move|p2b: Kingambit|Sucker Punch|p1a: Aerodactyl
|-damage|p1a: Aerodactyl|0 fnt
|faint|p1a: Aerodactyl
|-damage|p2b: Kingambit|5/100|[from] item: Life Orb
|cant|p1b: Garchomp|flinch
|
|-sideend|p1: Roncolaenjoyer|move: Tailwind
|upkeep
|
|t:|1785245556
|switch|p1a: Kingambit|Kingambit, L50, F|100/100
|turn|5
|
|t:|1785245563
|move|p1a: Kingambit|Sucker Punch|p2b: Kingambit
|-resisted|p2b: Kingambit|1
|-damage|p2b: Kingambit|0 fnt
|faint|p2b: Kingambit
|move|p2a: Raichu|Focus Blast|p1a: Kingambit
|-supereffective|p1a: Kingambit|2
|-enditem|p1a: Kingambit|Focus Sash
|-damage|p1a: Kingambit|1/100
|move|p1b: Garchomp|Stomping Tantrum|p2a: Raichu
|-supereffective|p2a: Raichu|1
|-damage|p2a: Raichu|0 fnt
|faint|p2a: Raichu
|-damage|p1b: Garchomp|62/100|[from] item: Life Orb
|
|win|Roncolaenjoyer
||Roncolaenjoyer is ready for game 2.
||yurinasaan is ready for game 2.
|uhtml|next|Next: Game 2 of 3
