|j|☆Loris41086
|j|‽qiuqiuchan
|html|Loris41086qiuqiuchan    
|uhtml|bestof|Game 1 of a best-of-3
|t:|1757829072
|gametype|doubles
|player|p1|Loris41086|1|1133
|player|p2|qiuqiuchan|102|1131
|gen|9
|tier|[Gen 9] VGC 2025 Reg H (Bo3)
|rated|
|rule|Species Clause: Limit one of each Pokémon
|rule|Item Clause: Limit 1 of each item
|clearpoke
|poke|p1|Charizard, L50, M|
|poke|p1|Torkoal, L50, M|
|poke|p1|Porygon2, L50|
|poke|p1|Incineroar, L50, F|
|poke|p1|Jumpluff, L50, F|
|poke|p1|Ursaluna, L50, M|
|poke|p2|Electabuzz, L50, F|
|poke|p2|Volcarona, L50, M|
|poke|p2|Sneasler, L50, M|
|poke|p2|Rillaboom, L50, F|
|poke|p2|Incineroar, L50, M|
|poke|p2|Dragonite, L50, M|
|teampreview|4
|showteam|p1|Charizard||ChoiceSpecs|SolarPower|HeatWave,Overheat,WeatherBall,AirSlash|||M|||50|,,,,,Ghost]Torkoal||EjectPack|Drought|Eruption,Overheat,HelpingHand,Protect|||M|||50|,,,,,Fire]Porygon2||Eviolite|Download|IceBeam,TeraBlast,TrickRoom,Recover||||||50|,,,,,Fighting]Incineroar||SitrusBerry|Intimidate|FlareBlitz,KnockOff,FakeOut,PartingShot|||F|||50|,,,,,Ghost]Jumpluff||CovertCloak|Chlorophyll|SleepPowder,SunnyDay,RagePowder,Tailwind|||F|||50|,,,,,Water]Ursaluna||FlameOrb|Guts|HeadlongRush,Facade,Earthquake,Protect|||M|||50|,,,,,Ghost
|showteam|p2|Electabuzz||Eviolite|VitalSpirit|FollowMe,Thunderbolt,Taunt,Protect|||F|||50|,,,,,Ghost]Volcarona||Leftovers|FlameBody|HeatWave,TeraBlast,QuiverDance,Protect|||M|||50|,,,,,Fairy]Sneasler||GrassySeed|Unburden|Acrobatics,CloseCombat,SwordsDance,Protect|||M|||50|,,,,,Flying]Rillaboom||AssaultVest|GrassySurge|FakeOut,WoodHammer,GrassyGlide,HighHorsepower|||F|||50|,,,,,Fire]Incineroar||SafetyGoggles|Intimidate|KnockOff,PartingShot,FlareBlitz,FakeOut|||M|||50|,,,,,Ghost]Dragonite||LoadedDice|Multiscale|ScaleShot,ExtremeSpeed,Haze,Protect|||M|||50|,,,,,Fairy
|inactive|Battle timer is ON: inactive players will automatically lose when time's up. (requested by qiuqiuchan)
|
|t:|1757829116
|teamsize|p1|4
|teamsize|p2|4
|start
|switch|p1a: Incineroar|Incineroar, L50, F|100/100
|switch|p1b: Porygon2|Porygon2, L50|100/100
|switch|p2a: Sneasler|Sneasler, L50, M|100/100
|switch|p2b: Rillaboom|Rillaboom, L50, F|100/100
|-fieldstart|move: Grassy Terrain|[from] ability: Grassy Surge|[of] p2b: Rillaboom
|-enditem|p2a: Sneasler|Grassy Seed
|-boost|p2a: Sneasler|def|1|[from] item: Grassy Seed
|-ability|p1a: Incineroar|Intimidate|boost
|-unboost|p2a: Sneasler|atk|1
|-unboost|p2b: Rillaboom|atk|1
|-ability|p1b: Porygon2|Download|boost
|-boost|p1b: Porygon2|spa|1
|turn|1
|inactive|Loris41086 has 30 seconds left.
|inactive|Loris41086 has 20 seconds left.
|inactive|Loris41086 has 15 seconds left.
|
|t:|1757829157
|move|p2b: Rillaboom|Fake Out|p1b: Porygon2
|-damage|p1b: Porygon2|94/100
|move|p1a: Incineroar|Fake Out|p2a: Sneasler
|-damage|p2a: Sneasler|90/100
|cant|p2a: Sneasler|flinch
|cant|p1b: Porygon2|flinch
|
|-heal|p2a: Sneasler|96/100|[from] Grassy Terrain
|-heal|p1b: Porygon2|100/100|[from] Grassy Terrain
|upkeep
|turn|2
|
|t:|1757829175
|switch|p2b: Incineroar|Incineroar, L50, M|100/100
|-ability|p2b: Incineroar|Intimidate|boost
|-unboost|p1a: Incineroar|atk|1
|-unboost|p1b: Porygon2|atk|1
|move|p2a: Sneasler|Swords Dance|p2a: Sneasler
|-boost|p2a: Sneasler|atk|2
|move|p1a: Incineroar|Flare Blitz|p2b: Incineroar
|-resisted|p2b: Incineroar
|-damage|p2b: Incineroar|84/100
|-damage|p1a: Incineroar|95/100|[from] Recoil
|move|p1b: Porygon2|Trick Room|p1b: Porygon2
|-fieldstart|move: Trick Room|[of] p1b: Porygon2
|
|-heal|p2b: Incineroar|90/100|[from] Grassy Terrain
|-heal|p1a: Incineroar|100/100|[from] Grassy Terrain
|-heal|p2a: Sneasler|100/100|[from] Grassy Terrain
|upkeep
|turn|3
|inactive|Loris41086 has 30 seconds left.
|
|t:|1757829206
|move|p1b: Porygon2|Ice Beam|p2a: Sneasler
|-damage|p2a: Sneasler|58/100
|move|p2b: Incineroar|Knock Off|p1a: Incineroar
|-resisted|p1a: Incineroar
|-damage|p1a: Incineroar|81/100
|-enditem|p1a: Incineroar|Sitrus Berry|[from] move: Knock Off|[of] p2b: Incineroar
|move|p1a: Incineroar|Parting Shot|p2a: Sneasler
|-unboost|p2a: Sneasler|atk|1
|-unboost|p2a: Sneasler|spa|1
|
|t:|1757829216
|switch|p1a: Torkoal|Torkoal, L50, M|100/100|[from] Parting Shot
|-weather|SunnyDay|[from] ability: Drought|[of] p1a: Torkoal
|move|p2a: Sneasler|Close Combat|p1b: Porygon2
|-supereffective|p1b: Porygon2
|-damage|p1b: Porygon2|13/100
|-unboost|p2a: Sneasler|def|1
|-unboost|p2a: Sneasler|spd|1
|
|-weather|SunnyDay|[upkeep]
|-heal|p1b: Porygon2|19/100|[from] Grassy Terrain
|-heal|p2b: Incineroar|96/100|[from] Grassy Terrain
|-heal|p2a: Sneasler|64/100|[from] Grassy Terrain
|upkeep
|turn|4
|
|t:|1757829238
|move|p2a: Sneasler|Protect|p2a: Sneasler
|-singleturn|p2a: Sneasler|Protect
|move|p1a: Torkoal|Eruption|p2b: Incineroar|[spread] p2b
|-activate|p2a: Sneasler|move: Protect
|-resisted|p2b: Incineroar
|-damage|p2b: Incineroar|64/100
|move|p1b: Porygon2|Recover|p1b: Porygon2
|-heal|p1b: Porygon2|69/100
|move|p2b: Incineroar|Parting Shot|p1a: Torkoal
|-unboost|p1a: Torkoal|atk|1
|-unboost|p1a: Torkoal|spa|1
|
|t:|1757829253
|switch|p2b: Rillaboom|Rillaboom, L50, F|100/100|[from] Parting Shot
|
|-weather|SunnyDay|[upkeep]
|-heal|p1b: Porygon2|75/100|[from] Grassy Terrain
|-heal|p2a: Sneasler|70/100|[from] Grassy Terrain
|upkeep
|turn|5
|
|t:|1757829273
|switch|p1a: Incineroar|Incineroar, L50, F|81/100
|-ability|p1a: Incineroar|Intimidate|boost
|-unboost|p2a: Sneasler|atk|1
|-unboost|p2b: Rillaboom|atk|1
|move|p2b: Rillaboom|Fake Out|p1a: Incineroar
|-damage|p1a: Incineroar|72/100
|move|p1b: Porygon2|Ice Beam|p2a: Sneasler
|-damage|p2a: Sneasler|0 fnt
|faint|p2a: Sneasler
|
|-weather|SunnyDay|[upkeep]
|-heal|p1b: Porygon2|82/100|[from] Grassy Terrain
|-heal|p1a: Incineroar|78/100|[from] Grassy Terrain
|-fieldend|move: Grassy Terrain
|upkeep
|
|t:|1757829279
|switch|p2a: Incineroar|Incineroar, L50, M|64/100
|-ability|p2a: Incineroar|Intimidate|boost
|-unboost|p1a: Incineroar|atk|1
|-unboost|p1b: Porygon2|atk|1
|turn|6
|
|t:|1757829297
|switch|p2b: Electabuzz|Electabuzz, L50, F|100/100
|move|p1b: Porygon2|Recover|p1b: Porygon2
|-heal|p1b: Porygon2|100/100
|move|p2a: Incineroar|Knock Off|p1b: Porygon2
|-damage|p1b: Porygon2|72/100
|-enditem|p1b: Porygon2|Eviolite|[from] move: Knock Off|[of] p2a: Incineroar
|move|p1a: Incineroar|Flare Blitz|p2b: Electabuzz
|-damage|p2b: Electabuzz|57/100
|-damage|p1a: Incineroar|65/100|[from] Recoil
|
|-weather|SunnyDay|[upkeep]
|-fieldend|move: Trick Room
|upkeep
|turn|7
|inactive|Loris41086 has 30 seconds left.
|
|t:|1757829329
|switch|p1b: Ursaluna|Ursaluna, L50, M|100/100
|move|p2b: Electabuzz|Thunderbolt|p1b: Ursaluna
|-immune|p1b: Ursaluna
|move|p1a: Incineroar|Parting Shot|p2a: Incineroar
|-unboost|p2a: Incineroar|atk|1
|-unboost|p2a: Incineroar|spa|1
|
|t:|1757829341
|switch|p1a: Porygon2|Porygon2, L50|72/100|[from] Parting Shot
|-ability|p1a: Porygon2|Download|boost
|-boost|p1a: Porygon2|spa|1
|move|p2a: Incineroar|Flare Blitz|p1b: Ursaluna
|-damage|p1b: Ursaluna|56/100
|-damage|p2a: Incineroar|48/100|[from] Recoil
|
|-weather|none
|-status|p1b: Ursaluna|brn|[from] item: Flame Orb
|upkeep
|turn|8
|inactive|Loris41086 has 30 seconds left.
|
|t:|1757829371
|switch|p2a: Rillaboom|Rillaboom, L50, F|100/100
|-fieldstart|move: Grassy Terrain|[from] ability: Grassy Surge|[of] p2a: Rillaboom
|switch|p1a: Incineroar|Incineroar, L50, F|65/100
|-ability|p1a: Incineroar|Intimidate|boost
|-unboost|p2a: Rillaboom|atk|1
|-unboost|p2b: Electabuzz|atk|1
|-terastallize|p2b: Electabuzz|Ghost
|move|p2b: Electabuzz|Taunt|p1a: Incineroar
|-start|p1a: Incineroar|move: Taunt
|move|p1b: Ursaluna|Facade|p2a: Rillaboom
|-damage|p2a: Rillaboom|0 fnt
|faint|p2a: Rillaboom
|
|-heal|p2b: Electabuzz|63/100|[from] Grassy Terrain
|-heal|p1a: Incineroar|71/100|[from] Grassy Terrain
|-heal|p1b: Ursaluna|62/100 brn|[from] Grassy Terrain
|-damage|p1b: Ursaluna|56/100 brn|[from] brn
|upkeep
|-message|qiuqiuchan forfeited.
|
|win|Loris41086
|l|‽qiuqiuchan
|player|p2|
|j|‽qiuqiuchan
|player|p2|qiuqiuchan|102|
||qiuqiuchan is ready for game 2.
|inactive|Loris41086 has 30 seconds to confirm battle start!
||Loris41086 is ready for game 2.
|uhtml|next|Next: Game 2 of 3
