|j|☆The OG Trainer Red
|j|☆baarboo
|html|The OG Trainer Redbaarboo    
|uhtml|bestof|Game 1 of a best-of-3
|t:|1783619016
|gametype|doubles
|player|p1|The OG Trainer Red|red|1195
|player|p2|baarboo|102|1312
|gen|9
|tier|[Gen 9 Champions] VGC 2026 Reg M-B (Bo3)
|rated|
|rule|Species Clause: Limit one of each Pokémon
|rule|Item Clause: Limit 1 of each item
|clearpoke
|poke|p1|Charizard, L50, F|
|poke|p1|Venusaur, L50, F|
|poke|p1|Garchomp, L50, F|
|poke|p1|Scizor, L50, F|
|poke|p1|Annihilape, L50, F|
|poke|p1|Aerodactyl, L50, F|
|poke|p2|Charizard, L50, M|
|poke|p2|Kingambit, L50, M|
|poke|p2|Sylveon, L50, F|
|poke|p2|Farigiraf, L50, F|
|poke|p2|Garchomp, L50, F|
|poke|p2|Aerodactyl, L50, F|
|teampreview|4
|showteam|p1|Charizard||CharizarditeY|Blaze|HeatWave,SolarBeam,AirSlash,Protect|Timid||F|||50|]Venusaur||WideLens|Chlorophyll|SleepPowder,SludgeBomb,GigaDrain,EarthPower|Modest||F|||50|]Garchomp||LifeOrb|RoughSkin|Earthquake,RockSlide,DragonClaw,Crunch|Jolly||F|||50|]Scizor||Leftovers|Technician|SwordsDance,BulletPunch,BugBite,DualWingbeat|Brave||F|||50|]Annihilape||SitrusBerry|Defiant|DrainPunch,LashOut,RageFist,Protect|Adamant||F|||50|]Aerodactyl||Aerodactylite|RockHead|RockSlide,DualWingbeat,Tailwind,Protect|Adamant||F|||50|
|showteam|p2|Charizard||CharizarditeY|SolarPower|SolarBeam,WeatherBall,Protect,HeatWave|Modest||M|||50|]Kingambit||FocusSash|Defiant|KowtowCleave,SuckerPunch,LowKick,IronHead|Adamant||M|||50|]Sylveon||FairyFeather|Pixilate|Detect,HyperBeam,HyperVoice,QuickAttack|Modest||F|||50|]Farigiraf||SitrusBerry|ArmorTail|TrickRoom,TwinBeam,GrassKnot,Thunderbolt|Bold||F|||50|]Garchomp||LifeOrb|RoughSkin|Protect,Earthquake,DragonClaw,StompingTantrum|Jolly||F|||50|]Aerodactyl||Aerodactylite|Unnerve|RockSlide,IceFang,Tailwind,DualWingbeat|Jolly||F|||50|
|inactive|Battle timer is ON: inactive players will automatically lose when time's up. (requested by The OG Trainer Red)
|
|t:|1783619054
|teamsize|p1|4
|teamsize|p2|4
|start
|switch|p1a: Charizard|Charizard, L50, F|100/100
|switch|p1b: Venusaur|Venusaur, L50, F|100/100
|switch|p2a: Charizard|Charizard, L50, M|100/100
|switch|p2b: Farigiraf|Farigiraf, L50, F|100/100
|turn|1
|
|t:|1783619074
|detailschange|p1a: Charizard|Charizard-Mega-Y, L50, F
|-mega|p1a: Charizard|Charizard|Charizardite Y
|-weather|SunnyDay|[from] ability: Drought|[of] p1a: Charizard
|detailschange|p2a: Charizard|Charizard-Mega-Y, L50, M
|-mega|p2a: Charizard|Charizard|Charizardite Y
|move|p1b: Venusaur|Sleep Powder|p2b: Farigiraf
|-status|p2b: Farigiraf|slp|[from] move: Sleep Powder
|move|p1a: Charizard|Heat Wave|p2b: Farigiraf|[spread] p2a
|-miss|p1a: Charizard|p2b: Farigiraf
|-resisted|p2a: Charizard|1
|-damage|p2a: Charizard|72/100
|move|p2a: Charizard|Heat Wave|p1b: Venusaur|[spread] p1a,p1b
|-resisted|p1a: Charizard|1
|-supereffective|p1b: Venusaur|1
|-damage|p1a: Charizard|69/100
|-damage|p1b: Venusaur|0 fnt
|faint|p1b: Venusaur
|cant|p2b: Farigiraf|slp
|
|-weather|SunnyDay|[upkeep]
|upkeep
|
|t:|1783619091
|switch|p1b: Garchomp|Garchomp, L50, F|100/100
|turn|2
|
|t:|1783619096
|move|p2a: Charizard|Protect|p2a: Charizard
|-singleturn|p2a: Charizard|Protect
|move|p1b: Garchomp|Rock Slide|p2b: Farigiraf|[spread] p2b
|-activate|p2a: Charizard|move: Protect
|-crit|p2b: Farigiraf
|-damage|p2b: Farigiraf|70/100 slp
|-damage|p1b: Garchomp|90/100|[from] item: Life Orb
|move|p1a: Charizard|Heat Wave|p2b: Farigiraf|[spread] p2b
|-activate|p2a: Charizard|move: Protect
|-damage|p2b: Farigiraf|13/100 slp
|-enditem|p2b: Farigiraf|Sitrus Berry|[eat]
|-heal|p2b: Farigiraf|38/100 slp|[from] item: Sitrus Berry
|cant|p2b: Farigiraf|slp
|
|-weather|SunnyDay|[upkeep]
|upkeep
|turn|3
|
|t:|1783619120
|move|p1b: Garchomp|Rock Slide|p2a: Charizard|[spread] p2b
|-miss|p1b: Garchomp|p2a: Charizard
|-damage|p2b: Farigiraf|18/100 slp
|-damage|p1b: Garchomp|80/100|[from] item: Life Orb
|move|p1a: Charizard|Heat Wave|p2a: Charizard|[spread] p2a,p2b
|-resisted|p2a: Charizard|1
|-damage|p2a: Charizard|44/100
|-damage|p2b: Farigiraf|0 fnt
|faint|p2b: Farigiraf
|move|p2a: Charizard|Heat Wave|p1b: Garchomp|[spread] p1a,p1b
|-resisted|p1a: Charizard|1
|-resisted|p1b: Garchomp|1
|-damage|p1a: Charizard|36/100
|-damage|p1b: Garchomp|49/100
|
|-weather|SunnyDay|[upkeep]
|upkeep
|
|t:|1783619124
|switch|p2b: Sylveon|Sylveon, L50, F|100/100
|turn|4
|
|t:|1783619140
|move|p1b: Garchomp|Rock Slide|p2a: Charizard|[spread] p2a
|-miss|p1b: Garchomp|p2b: Sylveon
|-supereffective|p2a: Charizard|2
|-damage|p2a: Charizard|0 fnt
|faint|p2a: Charizard
|-damage|p1b: Garchomp|40/100|[from] item: Life Orb
|move|p1a: Charizard|Heat Wave|p2b: Sylveon
|-damage|p2b: Sylveon|28/100
|move|p2b: Sylveon|Hyper Voice|p1b: Garchomp|[spread] p1a,p1b
|-resisted|p1a: Charizard|1
|-supereffective|p1b: Garchomp|1
|-damage|p1a: Charizard|11/100
|-damage|p1b: Garchomp|0 fnt
|faint|p1b: Garchomp
|
|-weather|SunnyDay|[upkeep]
|upkeep
|
|t:|1783619154
|switch|p1b: Scizor|Scizor, L50, F|100/100
|switch|p2a: Kingambit|Kingambit, L50, M|100/100
|turn|5
|
|t:|1783619172
|move|p1a: Charizard|Protect|p1a: Charizard
|-singleturn|p1a: Charizard|Protect
|move|p2b: Sylveon|Detect|p2b: Sylveon
|-singleturn|p2b: Sylveon|Protect
|move|p2a: Kingambit|Sucker Punch||[still]
|-fail|p2a: Kingambit
|move|p1b: Scizor|Bullet Punch|p2b: Sylveon
|-activate|p2b: Sylveon|move: Protect
|
|-weather|none
|upkeep
|turn|6
|
|t:|1783619193
|move|p1a: Charizard|Protect|p1a: Charizard
|-singleturn|p1a: Charizard|Protect
|move|p2a: Kingambit|Sucker Punch||[still]
|-fail|p2a: Kingambit
|move|p2b: Sylveon|Quick Attack|p1b: Scizor
|-resisted|p1b: Scizor|1
|-damage|p1b: Scizor|93/100
|move|p1b: Scizor|Bullet Punch|p2b: Sylveon
|-supereffective|p2b: Sylveon|1
|-damage|p2b: Sylveon|0 fnt
|faint|p2b: Sylveon
|
|-heal|p1b: Scizor|99/100|[from] item: Leftovers
|upkeep
|turn|7
|
|t:|1783619207
|move|p2a: Kingambit|Sucker Punch|p1a: Charizard
|-damage|p1a: Charizard|0 fnt
|faint|p1a: Charizard
|move|p1b: Scizor|Swords Dance|p1b: Scizor
|-boost|p1b: Scizor|atk|2
|
|-heal|p1b: Scizor|100/100|[from] item: Leftovers
|upkeep
|turn|8
|
|t:|1783619216
|move|p2a: Kingambit|Iron Head|p1b: Scizor
|-resisted|p1b: Scizor|1
|-damage|p1b: Scizor|75/100
|move|p1b: Scizor|Bug Bite|p2a: Kingambit
|-damage|p2a: Kingambit|14/100
|
|-heal|p1b: Scizor|81/100|[from] item: Leftovers
|upkeep
|turn|9
|
|t:|1783619223
|move|p2a: Kingambit|Sucker Punch||[still]
|-fail|p2a: Kingambit
|move|p1b: Scizor|Swords Dance|p1b: Scizor
|-boost|p1b: Scizor|atk|2
|
|-heal|p1b: Scizor|87/100|[from] item: Leftovers
|upkeep
|turn|10
|
|t:|1783619231
|move|p1b: Scizor|Bullet Punch|p2a: Kingambit
|-resisted|p2a: Kingambit|1
|-damage|p2a: Kingambit|0 fnt
|faint|p2a: Kingambit
|
|win|The OG Trainer Red
||baarboo is ready for game 2.
|l|☆The OG Trainer Red
|player|p1|
||The OG Trainer Red is ready for game 2.
|uhtml|next|Next: Game 2 of 3
|l|☆baarboo
|player|p2|
|j|☆baarboo
|player|p2|baarboo|102|
