|j|☆blackstorm games
|j|☆myshirtisdirty
|html|blackstorm gamesmyshirtisdirty    
|uhtml|bestof|Game 3 of a best-of-3
|t:|1756845445
|gametype|doubles
|player|p1|blackstorm games|266|1178
|player|p2|myshirtisdirty|265|1237
|gen|9
|tier|[Gen 9] VGC 2025 Reg H (Bo3)
|rated|
|rule|Species Clause: Limit one of each Pokémon
|rule|Item Clause: Limit 1 of each item
|clearpoke
|poke|p1|Dragonite, L50, F|
|poke|p1|Pelipper, L50, F|
|poke|p1|Gholdengo, L50|
|poke|p1|Archaludon, L50, F|
|poke|p1|Sinistcha, L50|
|poke|p1|Ursaluna, L50, F|
|poke|p2|Sneasler, L50, M|
|poke|p2|Incineroar, L50, M|
|poke|p2|Milotic, L50, M|
|poke|p2|Ninetales-Alola, L50, M|
|poke|p2|Garchomp, L50, M|
|poke|p2|Indeedee, L50, M|
|teampreview|4
|showteam|p1|Dragonite||LoadedDice|Multiscale|ScaleShot,Tailwind,Haze,Protect|||F|||50|,,,,,Fairy]Pelipper||FocusSash|Drizzle|Hurricane,Tailwind,WeatherBall,Protect|||F|||50|,,,,,Ghost]Gholdengo||LifeOrb|GoodasGold|MakeItRain,ShadowBall,NastyPlot,Protect||||||50|,,,,,Water]Archaludon||AssaultVest|Stamina|ElectroShot,BodyPress,DracoMeteor,Snarl|||F|||50|,,,,,Fighting]Sinistcha||SitrusBerry|Hospitality|MatchaGotcha,LifeDew,RagePowder,TrickRoom||||||50|,,,,,Dark]Ursaluna||FlameOrb|Guts|HeadlongRush,Earthquake,Facade,Protect|||F|||50|,,,,,Ghost
|showteam|p2|Sneasler||PsychicSeed|Unburden|Protect,CloseCombat,DireClaw,ThroatChop|||M|||50|,,,,,Dark]Incineroar||SafetyGoggles|Intimidate|FakeOut,FlareBlitz,KnockOff,PartingShot|||M|||50|,,,,,Ghost]Milotic||SitrusBerry|Competitive|Scald,LifeDew,Haze,Protect|||M|||50|,,,,,Grass]Ninetales-Alola||NeverMeltIce|SnowWarning|AuroraVeil,FreezeDry,Blizzard,Protect|||M|||50|,,,,,Fire]Garchomp||LifeOrb|RoughSkin|DragonClaw,RockSlide,StompingTantrum,Protect|||M|||50|,,,,,Fairy]Indeedee||FocusSash|PsychicSurge|ExpandingForce,TrickRoom,Imprison,Protect|||M|||50|,,,,,Psychic
|
|t:|1756845483
|teamsize|p1|4
|teamsize|p2|4
|start
|switch|p1a: Dragonite|Dragonite, L50, F|100/100
|switch|p1b: Ursaluna|Ursaluna, L50, F|100/100
|switch|p2a: Sneasler|Sneasler, L50, M|100/100
|switch|p2b: Indeedee|Indeedee, L50, M, shiny|100/100
|-fieldstart|move: Psychic Terrain|[from] ability: Psychic Surge|[of] p2b: Indeedee
|-enditem|p2a: Sneasler|Psychic Seed
|-boost|p2a: Sneasler|spd|1|[from] item: Psychic Seed
|turn|1
|
|t:|1756845524
|move|p1b: Ursaluna|Protect|p1b: Ursaluna
|-singleturn|p1b: Ursaluna|Protect
|move|p2a: Sneasler|Dire Claw|p1a: Dragonite
|-damage|p1a: Dragonite|76/100
|move|p2b: Indeedee|Expanding Force|p1a: Dragonite|[spread] p1a
|-activate|p1b: Ursaluna|move: Protect
|-damage|p1a: Dragonite|23/100
|move|p1a: Dragonite|Tailwind|p1a: Dragonite
|-sidestart|p1: blackstorm games|move: Tailwind
|
|-status|p1b: Ursaluna|brn|[from] item: Flame Orb
|upkeep
|turn|2
|
|t:|1756845547
|-terastallize|p1b: Ursaluna|Ghost
|move|p2a: Sneasler|Protect|p2a: Sneasler
|-singleturn|p2a: Sneasler|Protect
|move|p1a: Dragonite|Scale Shot|p2b: Indeedee
|-crit|p2b: Indeedee
|-damage|p2b: Indeedee|58/100
|-damage|p2b: Indeedee|31/100
|-damage|p2b: Indeedee|0 fnt
|faint|p2b: Indeedee
|-hitcount|p2: Indeedee|3
|-unboost|p1a: Dragonite|def|1
|-boost|p1a: Dragonite|spe|1
|move|p1b: Ursaluna|Earthquake|p2a: Sneasler|[spread] 
|-activate|p2a: Sneasler|move: Protect
|-immune|p1a: Dragonite
|
|-damage|p1b: Ursaluna|95/100 brn|[from] brn
|upkeep
|
|t:|1756845585
|switch|p2b: Incineroar|Incineroar, L50, M|100/100
|-ability|p2b: Incineroar|Intimidate|boost
|-unboost|p1a: Dragonite|atk|1
|-unboost|p1b: Ursaluna|atk|1
|turn|3
|
|t:|1756845606
|-terastallize|p2a: Sneasler|Dark
|move|p2b: Incineroar|Fake Out|p1a: Dragonite
|-hint|Psychic Terrain doesn't affect Pokémon immune to Ground.
|-damage|p1a: Dragonite|4/100
|cant|p1a: Dragonite|flinch
|move|p2a: Sneasler|Throat Chop|p1b: Ursaluna
|-supereffective|p1b: Ursaluna
|-damage|p1b: Ursaluna|24/100 brn
|-start|p1b: Ursaluna|Throat Chop|[silent]
|move|p1b: Ursaluna|Earthquake|p2b: Incineroar|[spread] p2a,p2b
|-immune|p1a: Dragonite
|-supereffective|p2b: Incineroar
|-damage|p2a: Sneasler|17/100
|-damage|p2b: Incineroar|17/100
|
|-damage|p1b: Ursaluna|18/100 brn|[from] brn
|upkeep
|turn|4
|
|t:|1756845628
|move|p2a: Sneasler|Protect|p2a: Sneasler
|-singleturn|p2a: Sneasler|Protect
|move|p1a: Dragonite|Scale Shot|p2a: Sneasler
|-activate|p2a: Sneasler|move: Protect
|move|p1b: Ursaluna|Earthquake|p2a: Sneasler|[spread] p2b
|-activate|p2a: Sneasler|move: Protect
|-immune|p1a: Dragonite
|-supereffective|p2b: Incineroar
|-damage|p2b: Incineroar|0 fnt
|faint|p2b: Incineroar
|
|-damage|p1b: Ursaluna|13/100 brn|[from] brn
|-end|p1b: Ursaluna|Throat Chop|[silent]
|-sideend|p1: blackstorm games|move: Tailwind
|upkeep
|
|t:|1756845637
|switch|p2b: Ninetales|Ninetales-Alola, L50, M|100/100
|-weather|Snowscape|[from] ability: Snow Warning|[of] p2b: Ninetales
|turn|5
|
|t:|1756845659
|switch|p1b: Sinistcha|Sinistcha, L50|100/100
|-heal|p1a: Dragonite|28/100|[from] ability: Hospitality|[of] p1b: Sinistcha
|move|p1a: Dragonite|Protect|p1a: Dragonite
|-singleturn|p1a: Dragonite|Protect
|move|p2a: Sneasler|Dire Claw|p1a: Dragonite
|-activate|p1a: Dragonite|move: Protect
|move|p2b: Ninetales|Freeze-Dry|p1b: Sinistcha
|-supereffective|p1b: Sinistcha
|-damage|p1b: Sinistcha|42/100
|-enditem|p1b: Sinistcha|Sitrus Berry|[eat]
|-heal|p1b: Sinistcha|67/100|[from] item: Sitrus Berry
|
|-weather|Snowscape|[upkeep]
|-fieldend|move: Psychic Terrain
|upkeep
|turn|6
|
|t:|1756845689
|move|p2a: Sneasler|Protect|p2a: Sneasler
|-singleturn|p2a: Sneasler|Protect
|move|p1b: Sinistcha|Rage Powder|p1b: Sinistcha
|-singleturn|p1b: Sinistcha|move: Rage Powder
|move|p1a: Dragonite|Tailwind|p1a: Dragonite
|-sidestart|p1: blackstorm games|move: Tailwind
|move|p2b: Ninetales|Blizzard|p1b: Sinistcha|[spread] p1a,p1b
|-supereffective|p1a: Dragonite
|-supereffective|p1b: Sinistcha
|-damage|p1a: Dragonite|0 fnt
|-damage|p1b: Sinistcha|0 fnt
|faint|p1a: Dragonite
|faint|p1b: Sinistcha
|
|-weather|Snowscape|[upkeep]
|upkeep
|
|t:|1756845700
|switch|p1a: Ursaluna|Ursaluna, L50, F, tera:Ghost|13/100 brn
|switch|p1b: Archaludon|Archaludon, L50, F|100/100
|turn|7
|
|t:|1756845715
|move|p1a: Ursaluna|Protect|p1a: Ursaluna
|-singleturn|p1a: Ursaluna|Protect
|move|p2a: Sneasler|Throat Chop|p1a: Ursaluna
|-activate|p1a: Ursaluna|move: Protect
|move|p1b: Archaludon|Body Press|p2a: Sneasler
|-supereffective|p2a: Sneasler
|-damage|p2a: Sneasler|0 fnt
|faint|p2a: Sneasler
|move|p2b: Ninetales|Blizzard|p1a: Ursaluna|[spread] p1b
|-activate|p1a: Ursaluna|move: Protect
|-damage|p1b: Archaludon|71/100
|-status|p1b: Archaludon|frz
|-ability|p1b: Archaludon|Stamina|boost
|-boost|p1b: Archaludon|def|1
|
|-weather|Snowscape|[upkeep]
|-damage|p1a: Ursaluna|7/100 brn|[from] brn
|upkeep
|turn|8
|
|t:|1756845736
|-curestatus|p1b: Archaludon|frz|[msg]
|move|p1b: Archaludon|Snarl|p2b: Ninetales|[miss]
|-miss|p1b: Archaludon|p2b: Ninetales
|move|p1a: Ursaluna|Facade|p2b: Ninetales
|-damage|p2b: Ninetales|0 fnt
|faint|p2b: Ninetales
|
|win|blackstorm games
|raw|blackstorm games's rating: 1178 → 1207(+29 for winning)
|raw|myshirtisdirty's rating: 1237 → 1208(-29 for losing)
|l|☆myshirtisdirty
|player|p2|
|j|☆myshirtisdirty
|player|p2|myshirtisdirty|265|
|l|☆myshirtisdirty
|player|p2|
