|j|☆Squ1dge_
|j|☆Harry Koekenpan
|html|Squ1dge_Harry Koekenpan    
|uhtml|bestof|Game 3 of a best-of-3
|t:|1755336815
|gametype|doubles
|player|p1|Squ1dge_|169|1311
|player|p2|Harry Koekenpan|169|1249
|gen|9
|tier|[Gen 9] VGC 2025 Reg H (Bo3)
|rated|
|rule|Species Clause: Limit one of each Pokémon
|rule|Item Clause: Limit 1 of each item
|clearpoke
|poke|p1|Gholdengo, L50|
|poke|p1|Sneasler, L50, M|
|poke|p1|Rillaboom, L50, M|
|poke|p1|Dragonite, L50, M|
|poke|p1|Ninetales-Alola, L50, F|
|poke|p1|Arcanine-Hisui, L50, M|
|poke|p2|Typhlosion-Hisui, L50, M|
|poke|p2|Toedscruel, L50, F|
|poke|p2|Weezing-Galar, L50, F|
|poke|p2|Garchomp, L50, F|
|poke|p2|Kilowattrel, L50, M|
|poke|p2|Incineroar, L50, F|
|teampreview|4
|showteam|p1|Gholdengo||GrassySeed|GoodasGold|NastyPlot,MakeItRain,ShadowBall,Protect||||||50|,,,,,Water]Sneasler||WhiteHerb|Unburden|CloseCombat,DireClaw,Coaching,Protect|||M|||50|,,,,,Ghost]Rillaboom||AssaultVest|GrassySurge|FakeOut,GrassyGlide,DrumBeating,HighHorsepower|||M|||50|,,,,,Fire]Dragonite||LoadedDice|Multiscale|ScaleShot,StompingTantrum,Tailwind,Protect|||M|||50|,,,,,Ground]Ninetales-Alola||FocusSash|SnowWarning|Blizzard,IcyWind,Encore,AuroraVeil|||F|||50|,,,,,Ghost]Arcanine-Hisui||ClearAmulet|Intimidate|RockSlide,FlareBlitz,ExtremeSpeed,Protect|||M|||50|,,,,,Water
|showteam|p2|Typhlosion-Hisui||ChoiceScarf|Blaze|Eruption,ShadowBall,SleepTalk,HeatWave|||M|||50|,,,,,Fire]Toedscruel||CovertCloak|MyceliumMight|Spore,RagePowder,AcidSpray,EarthPower|||F|||50|,,,,,Water]Weezing-Galar||ChoiceSpecs|NeutralizingGas|DazzlingGleam,SludgeBomb,StrangeSteam,TeraBlast|||F|||50|,,,,,Water]Garchomp||LifeOrb|RoughSkin|Protect,Earthquake,DragonClaw,StompingTantrum|||F|||50|,,,,,Ground]Kilowattrel||FocusSash|Competitive|Discharge,AirSlash,Tailwind,Protect|||M|||50|,,,,,Ghost]Incineroar||AssaultVest|Intimidate|FlareBlitz,KnockOff,Uturn,FakeOut|||F|||50|,,,,,Grass
|inactive|Battle timer is ON: inactive players will automatically lose when time's up. (requested by Harry Koekenpan)
|inactive|Harry Koekenpan has 60 seconds left.
|
|t:|1755336870
|teamsize|p1|4
|teamsize|p2|4
|start
|switch|p1a: Gholdengo|Gholdengo, L50|100/100
|switch|p1b: Rillaboom|Rillaboom, L50, M|100/100
|switch|p2a: Weezing|Weezing-Galar, L50, F|100/100
|switch|p2b: Typhlosion|Typhlosion-Hisui, L50, M|100/100
|-ability|p2a: Weezing|Neutralizing Gas
|turn|1
|inactive|Squ1dge_ has 30 seconds left.
|inactive|Harry Koekenpan has 30 seconds left.
|inactive|Squ1dge_ has 20 seconds left.
|inactive|Harry Koekenpan has 20 seconds left.
|
|t:|1755336905
|switch|p1b: Arcanine|Arcanine-Hisui, L50, M|100/100
|move|p1a: Gholdengo|Protect|p1a: Gholdengo
|-singleturn|p1a: Gholdengo|Protect
|move|p2b: Typhlosion|Eruption|p1b: Arcanine|[spread] p1b
|-activate|p1a: Gholdengo|move: Protect
|-resisted|p1b: Arcanine
|-damage|p1b: Arcanine|83/100
|move|p2a: Weezing|Sludge Bomb|p1b: Arcanine
|-resisted|p1b: Arcanine
|-damage|p1b: Arcanine|49/100
|
|upkeep
|turn|2
|
|t:|1755336928
|-terastallize|p1a: Gholdengo|Water
|move|p2b: Typhlosion|Eruption|p1a: Gholdengo|[spread] p1a,p1b
|-resisted|p1a: Gholdengo
|-resisted|p1b: Arcanine
|-damage|p1a: Gholdengo|68/100
|-damage|p1b: Arcanine|31/100
|move|p1b: Arcanine|Rock Slide|p2a: Weezing|[spread] p2a,p2b
|-supereffective|p2b: Typhlosion
|-damage|p2a: Weezing|74/100
|-damage|p2b: Typhlosion|15/100
|move|p1a: Gholdengo|Shadow Ball|p2b: Typhlosion
|-supereffective|p2b: Typhlosion
|-damage|p2b: Typhlosion|0 fnt
|faint|p2b: Typhlosion
|move|p2a: Weezing|Sludge Bomb|p1a: Gholdengo
|-damage|p1a: Gholdengo|18/100
|
|upkeep
|inactive|Harry Koekenpan has 30 seconds left.
|
|t:|1755336953
|switch|p2b: Garchomp|Garchomp, L50, F|100/100
|turn|3
|
|t:|1755336974
|move|p2b: Garchomp|Dragon Claw|p1a: Gholdengo
|-damage|p1a: Gholdengo|0 fnt
|faint|p1a: Gholdengo
|-damage|p2b: Garchomp|91/100|[from] item: Life Orb
|move|p1b: Arcanine|Flare Blitz|p2a: Weezing
|-damage|p2a: Weezing|24/100
|-status|p2a: Weezing|brn
|-damage|p1b: Arcanine|15/100|[from] Recoil
|move|p2a: Weezing|Sludge Bomb|p1b: Arcanine
|-resisted|p1b: Arcanine
|-damage|p1b: Arcanine|0 fnt
|faint|p1b: Arcanine
|
|-damage|p2a: Weezing|19/100 brn|[from] brn
|upkeep
|
|t:|1755336984
|switch|p1b: Dragonite|Dragonite, L50, M|100/100
|switch|p1a: Rillaboom|Rillaboom, L50, M|100/100
|turn|4
|inactive|Harry Koekenpan has 30 seconds left.
|
|t:|1755337018
|-terastallize|p2b: Garchomp|Ground
|move|p1a: Rillaboom|Fake Out|p2a: Weezing
|-damage|p2a: Weezing|7/100 brn
|move|p2b: Garchomp|Dragon Claw|p1b: Dragonite
|-supereffective|p1b: Dragonite
|-damage|p1b: Dragonite|0 fnt
|faint|p1b: Dragonite
|-damage|p2b: Garchomp|81/100|[from] item: Life Orb
|cant|p2a: Weezing|flinch
|
|-damage|p2a: Weezing|2/100 brn|[from] brn
|upkeep
|turn|5
|
|t:|1755337040
|move|p2b: Garchomp|Dragon Claw|p1a: Rillaboom
|-damage|p1a: Rillaboom|46/100
|-damage|p2b: Garchomp|71/100|[from] item: Life Orb
|move|p1a: Rillaboom|Drum Beating|p2a: Weezing
|-resisted|p2a: Weezing
|-damage|p2a: Weezing|0 fnt
|faint|p2a: Weezing
|-end|p2a: Weezing|ability: Neutralizing Gas
|-fieldstart|move: Grassy Terrain|[from] ability: Grassy Surge|[of] p1a: Rillaboom
|
|-heal|p2b: Garchomp|77/100|[from] Grassy Terrain
|-heal|p1a: Rillaboom|52/100|[from] Grassy Terrain
|upkeep
|
|t:|1755337052
|switch|p2a: Kilowattrel|Kilowattrel, L50, M|100/100
|turn|6
|-message|Squ1dge_ forfeited.
|raw|Squ1dge_'s rating: 1311 → 1287(-24 for losing)
|raw|Harry Koekenpan's rating: 1249 → 1278(+29 for winning)
|
|win|Harry Koekenpan
|l|☆Squ1dge_
|player|p1|
