|j|☆ikillmiceforajob
|j|☆HumanPlaysVGC
|html|ikillmiceforajobHumanPlaysVGC    
|uhtml|bestof|Game 1 of a best-of-3
|t:|1756499496
|gametype|doubles
|player|p1|ikillmiceforajob|pokemaniac|1027
|player|p2|HumanPlaysVGC|n-masters3|1014
|gen|9
|tier|[Gen 9] VGC 2025 Reg H (Bo3)
|rated|
|rule|Species Clause: Limit one of each Pokémon
|rule|Item Clause: Limit 1 of each item
|clearpoke
|poke|p1|Sneasler, L50, M|
|poke|p1|Ursaluna, L50, F|
|poke|p1|Dragonite, L50, M|
|poke|p1|Rillaboom, L50, F|
|poke|p1|Incineroar, L50, F|
|poke|p1|Archaludon, L50, M|
|poke|p2|Weezing-Galar, L50, F|
|poke|p2|Toedscruel, L50, M|
|poke|p2|Corviknight, L50, M|
|poke|p2|Incineroar, L50, M|
|poke|p2|Garchomp, L50, F|
|poke|p2|Indeedee, L50, M|
|teampreview|4
|showteam|p1|Sneasler||WhiteHerb|Unburden|Protect,CloseCombat,DireClaw,Coaching|||M|||50|,,,,,Fairy]Ursaluna||FlameOrb|Guts|Protect,HeadlongRush,Facade,Earthquake|||F|||50|,,,,,Ghost]Dragonite||LoadedDice|Multiscale|Protect,ScaleShot,Haze,Tailwind|||M|||50|,,,,,Grass]Rillaboom||AssaultVest|GrassySurge|FakeOut,GrassyGlide,WoodHammer,HighHorsepower|||F|||50|,,,,,Fire]Incineroar||SafetyGoggles|Intimidate|FakeOut,KnockOff,FlareBlitz,PartingShot|||F|||50|,,,,,Ghost]Archaludon||PowerHerb|Stamina|Protect,BodyPress,ElectroShot,DracoMeteor|||M|||50|,,,,,Electric
|showteam|p2|Weezing-Galar||SitrusBerry|NeutralizingGas|DazzlingGleam,SludgeBomb,Protect,Taunt|||F|||50|,,,,,Grass]Toedscruel||CovertCloak|MyceliumMight|Spore,RagePowder,EarthPower,AcidSpray|||M|||50|,,,,,Water]Corviknight||RockyHelmet|MirrorArmor|Tailwind,BraveBird,Protect,Roost|||M|||50|,,,,,Dragon]Incineroar||AbilityShield|Intimidate|FakeOut,KnockOff,PartingShot,Taunt|||M|||50|,,,,,Ghost]Garchomp||LifeOrb|RoughSkin|DragonClaw,Earthquake,Protect,StompingTantrum|||F|||50|,,,,,Ground]Indeedee||FocusSash|PsychicSurge|ExpandingForce,DazzlingGleam,Protect,TrickRoom|||M|||50|,,,,,Psychic
|
|t:|1756499547
|teamsize|p1|4
|teamsize|p2|4
|start
|switch|p1a: Sneasler|Sneasler, L50, M|100/100
|switch|p1b: Incineroar|Incineroar, L50, F|100/100
|switch|p2a: Indeedee|Indeedee, L50, M|100/100
|switch|p2b: Incineroar|Incineroar, L50, M|100/100
|-fieldstart|move: Psychic Terrain|[from] ability: Psychic Surge|[of] p2a: Indeedee
|-ability|p1b: Incineroar|Intimidate|boost
|-unboost|p2a: Indeedee|atk|1
|-unboost|p2b: Incineroar|atk|1
|-ability|p2b: Incineroar|Intimidate|boost
|-unboost|p1a: Sneasler|atk|1
|-unboost|p1b: Incineroar|atk|1
|-enditem|p1a: Sneasler|White Herb
|-clearnegativeboost|p1a: Sneasler|[silent]
|turn|1
|
|t:|1756499600
|switch|p2b: Weezing|Weezing-Galar, L50, F|100/100
|-ability|p2b: Weezing|Neutralizing Gas
|move|p1a: Sneasler|Dire Claw|p2a: Indeedee
|-crit|p2a: Indeedee
|-enditem|p2a: Indeedee|Focus Sash
|-damage|p2a: Indeedee|1/100
|-status|p2a: Indeedee|par
|move|p1b: Incineroar|Knock Off|p2a: Indeedee
|-supereffective|p2a: Indeedee
|-damage|p2a: Indeedee|0 fnt
|faint|p2a: Indeedee
|
|upkeep
|inactive|Battle timer is ON: inactive players will automatically lose when time's up. (requested by HumanPlaysVGC)
|
|t:|1756499614
|switch|p2a: Incineroar|Incineroar, L50, M|100/100
|-ability|p2a: Incineroar|Intimidate|boost
|-unboost|p1a: Sneasler|atk|1
|-unboost|p1b: Incineroar|atk|1
|turn|2
|inactive|ikillmiceforajob has 30 seconds left.
|
|t:|1756499648
|move|p1a: Sneasler|Close Combat|p2a: Incineroar
|-supereffective|p2a: Incineroar
|-damage|p2a: Incineroar|32/100
|-unboost|p1a: Sneasler|def|1
|-unboost|p1a: Sneasler|spd|1
|move|p2b: Weezing|Dazzling Gleam|p1a: Sneasler|[spread] p1a,p1b
|-damage|p1a: Sneasler|60/100
|-damage|p1b: Incineroar|84/100
|move|p1b: Incineroar|Parting Shot|p2b: Weezing
|-unboost|p2b: Weezing|atk|1
|-unboost|p2b: Weezing|spa|1
|
|t:|1756499659
|switch|p1b: Rillaboom|Rillaboom, L50, F|100/100|[from] Parting Shot
|move|p2a: Incineroar|Parting Shot|p1a: Sneasler
|-unboost|p1a: Sneasler|atk|1
|-unboost|p1a: Sneasler|spa|1
|
|t:|1756499667
|switch|p2a: Garchomp|Garchomp, L50, F|100/100|[from] Parting Shot
|
|upkeep
|turn|3
|inactive|ikillmiceforajob has 30 seconds left.
|
|t:|1756499697
|switch|p1a: Dragonite|Dragonite, L50, M|100/100
|move|p2a: Garchomp|Stomping Tantrum|p1a: Dragonite
|-immune|p1a: Dragonite
|move|p1b: Rillaboom|Wood Hammer|p2b: Weezing
|-resisted|p2b: Weezing
|-damage|p2b: Weezing|78/100
|-damage|p1b: Rillaboom|94/100|[from] Recoil
|move|p2b: Weezing|Sludge Bomb|p1b: Rillaboom
|-supereffective|p1b: Rillaboom
|-damage|p1b: Rillaboom|64/100
|
|upkeep
|turn|4
|inactive|ikillmiceforajob has 30 seconds left.
|inactive|HumanPlaysVGC has 30 seconds left.
|inactive|ikillmiceforajob has 20 seconds left.
|inactive|HumanPlaysVGC has 20 seconds left.
|inactive|ikillmiceforajob has 15 seconds left.
|inactive|HumanPlaysVGC has 15 seconds left.
|inactive|ikillmiceforajob has 10 seconds left.
|inactive|ikillmiceforajob has 5 seconds left.
|
|t:|1756499747
|switch|p1b: Incineroar|Incineroar, L50, F|84/100
|move|p2a: Garchomp|Protect|p2a: Garchomp
|-singleturn|p2a: Garchomp|Protect
|move|p1a: Dragonite|Scale Shot|p2a: Garchomp
|-activate|p2a: Garchomp|move: Protect
|move|p2b: Weezing|Dazzling Gleam|p1b: Incineroar|[spread] p1a,p1b
|-supereffective|p1a: Dragonite
|-damage|p1a: Dragonite|84/100
|-damage|p1b: Incineroar|72/100
|
|upkeep
|turn|5
|inactive|ikillmiceforajob has 30 seconds left.
|inactive|HumanPlaysVGC has 30 seconds left.
|
|t:|1756499775
|move|p2a: Garchomp|Dragon Claw|p1a: Dragonite
|-supereffective|p1a: Dragonite
|-damage|p1a: Dragonite|0 fnt
|faint|p1a: Dragonite
|-damage|p2a: Garchomp|91/100|[from] item: Life Orb
|move|p2b: Weezing|Dazzling Gleam|p1b: Incineroar
|-damage|p1b: Incineroar|55/100
|move|p1b: Incineroar|Knock Off|p2b: Weezing
|-resisted|p2b: Weezing
|-damage|p2b: Weezing|61/100
|-enditem|p2b: Weezing|Sitrus Berry|[from] move: Knock Off|[of] p1b: Incineroar
|
|-fieldend|move: Psychic Terrain
|upkeep
|
|t:|1756499787
|switch|p1a: Sneasler|Sneasler, L50, M|60/100
|turn|6
|
|t:|1756499807
|move|p2b: Weezing|Protect|p2b: Weezing
|-singleturn|p2b: Weezing|Protect
|move|p1a: Sneasler|Dire Claw|p2b: Weezing
|-activate|p2b: Weezing|move: Protect
|move|p2a: Garchomp|Earthquake|p1a: Sneasler|[spread] p1a,p1b
|-activate|p2b: Weezing|move: Protect
|-supereffective|p1a: Sneasler
|-supereffective|p1b: Incineroar
|-damage|p1a: Sneasler|0 fnt
|-damage|p1b: Incineroar|0 fnt
|faint|p1a: Sneasler
|faint|p1b: Incineroar
|-damage|p2a: Garchomp|81/100|[from] item: Life Orb
|
|upkeep
|
|t:|1756499820
|switch|p1b: Rillaboom|Rillaboom, L50, F|64/100
|turn|7
|
|t:|1756499829
|-end|p2b: Weezing|ability: Neutralizing Gas
|-fieldstart|move: Grassy Terrain|[from] ability: Grassy Surge|[of] p1b: Rillaboom
|switch|p2b: Incineroar|Incineroar, L50, M|32/100
|-ability|p2b: Incineroar|Intimidate|boost
|-unboost|p1b: Rillaboom|atk|1
|move|p2a: Garchomp|Protect|p2a: Garchomp
|-singleturn|p2a: Garchomp|Protect
|move|p1b: Rillaboom|Wood Hammer|p2a: Garchomp
|-activate|p2a: Garchomp|move: Protect
|
|-heal|p2a: Garchomp|87/100|[from] Grassy Terrain
|-heal|p1b: Rillaboom|70/100|[from] Grassy Terrain
|-heal|p2b: Incineroar|38/100|[from] Grassy Terrain
|upkeep
|turn|8
|
|t:|1756499846
|move|p2b: Incineroar|Fake Out|p1b: Rillaboom
|-damage|p1b: Rillaboom|63/100
|move|p2a: Garchomp|Dragon Claw|p1b: Rillaboom
|-damage|p1b: Rillaboom|23/100
|-damage|p2a: Garchomp|78/100|[from] item: Life Orb
|cant|p1b: Rillaboom|flinch
|
|-heal|p2a: Garchomp|84/100|[from] Grassy Terrain
|-heal|p1b: Rillaboom|29/100|[from] Grassy Terrain
|-heal|p2b: Incineroar|44/100|[from] Grassy Terrain
|upkeep
|turn|9
|
|t:|1756499861
|move|p1b: Rillaboom|Grassy Glide|p2a: Garchomp
|-damage|p2a: Garchomp|63/100
|-damage|p1b: Rillaboom|17/100|[from] ability: Rough Skin|[of] p2a: Garchomp
|move|p2a: Garchomp|Dragon Claw|p1b: Rillaboom
|-damage|p1b: Rillaboom|0 fnt
|faint|p1b: Rillaboom
|-damage|p2a: Garchomp|53/100|[from] item: Life Orb
|
|win|HumanPlaysVGC
||ikillmiceforajob is ready for game 2.
||HumanPlaysVGC is ready for game 2.
|uhtml|next|Next: Game 2 of 3
