|j|☆extreme90
|j|☆Lewis Hamilton Fan
|html|extreme90Lewis Hamilton Fan    
|uhtml|bestof|Game 2 of a best-of-3
|t:|1783551441
|gametype|doubles
|player|p1|extreme90|firebreather|1107
|player|p2|Lewis Hamilton Fan|benga|1135
|gen|9
|tier|[Gen 9 Champions] VGC 2026 Reg M-B (Bo3)
|rated|
|rule|Species Clause: Limit one of each Pokémon
|rule|Item Clause: Limit 1 of each item
|clearpoke
|poke|p1|Swampert, L50, M|
|poke|p1|Archaludon, L50, F|
|poke|p1|Pelipper, L50, M|
|poke|p1|Sinistcha-Masterpiece, L50|
|poke|p1|Sableye, L50, F|
|poke|p1|Metagross, L50|
|poke|p2|Blaziken, L50, F|
|poke|p2|Aerodactyl, L50, M|
|poke|p2|Kingambit, L50, M|
|poke|p2|Basculegion, L50, M|
|poke|p2|Sylveon, L50, F|
|poke|p2|Torkoal, L50, M|
|teampreview|4
|showteam|p1|Swampert||Swampertite|Torrent|WaveCrash,IcePunch,HighHorsepower,Protect|Adamant||M|||50|]Archaludon||Leftovers|Stamina|ElectroShot,AuraSphere,FlashCannon,Protect|Modest||F|||50|]Pelipper||FocusSash|Drizzle|Hurricane,WeatherBall,Tailwind,Protect|Modest||M|||50|]Sinistcha-Masterpiece||ColburBerry|Hospitality|MatchaGotcha,ShadowBall,RagePowder,Protect|Timid|||||50|]Sableye||RoseliBerry|Prankster|WillOWisp,RainDance,Quash,LightScreen|Bold||F|||50|]Metagross||Metagrossite|ClearBody|BodyPress,IronHead,PsychicFangs,Protect|Jolly|||||50|
|showteam|p2|Blaziken||Blazikenite|SpeedBoost|FlareBlitz,CloseCombat,Protect,RockSlide|Adamant||F|||50|]Aerodactyl||Aerodactylite|Unnerve|RockSlide,DualWingbeat,IceFang,Tailwind|Jolly||M|||50|]Kingambit||LifeOrb|Defiant|KowtowCleave,Protect,IronHead,SuckerPunch|Adamant||M|||50|]Basculegion||FocusSash|Adaptability|Liquidation,Protect,LastRespects,AquaJet|Adamant||M|||50|]Sylveon||FairyFeather|Pixilate|HyperVoice,Moonblast,QuickAttack,Protect|Modest||F|||50|]Torkoal||Leftovers|Drought|BurningJealousy,WeatherBall,Protect,Yawn|Relaxed||M|||50|
|inactive|Battle timer is ON: inactive players will automatically lose when time's up. (requested by Lewis Hamilton Fan)
|
|t:|1783551469
|teamsize|p1|4
|teamsize|p2|4
|start
|switch|p1a: Metagross|Metagross, L50|100/100
|switch|p1b: Sableye|Sableye, L50, F|100/100
|switch|p2a: Blaziken|Blaziken, L50, F|100/100
|switch|p2b: Basculegion|Basculegion, L50, M|100/100
|turn|1
|inactive|extreme90 has 30 seconds left.
|inactive|extreme90 has 20 seconds left.
|inactive|extreme90 has 15 seconds left.
|inactive|extreme90 has 10 seconds left.
|inactive|extreme90 has 5 seconds left.
|
|t:|1783551524
|move|p2a: Blaziken|Protect|p2a: Blaziken
|-singleturn|p2a: Blaziken|Protect
|move|p1b: Sableye|Will-O-Wisp|p2a: Blaziken
|-activate|p2a: Blaziken|move: Protect
|move|p1a: Metagross|Body Press|p2a: Blaziken
|-activate|p2a: Blaziken|move: Protect
|move|p2b: Basculegion|Liquidation|p1a: Metagross
|-damage|p1a: Metagross|43/100
|
|-ability|p2a: Blaziken|Speed Boost|boost
|-boost|p2a: Blaziken|spe|1
|upkeep
|turn|2
|
|t:|1783551548
|switch|p1a: Archaludon|Archaludon, L50, F|100/100
|detailschange|p2a: Blaziken|Blaziken-Mega, L50, F
|-mega|p2a: Blaziken|Blaziken|Blazikenite
|move|p1b: Sableye|Will-O-Wisp|p2b: Basculegion
|-status|p2b: Basculegion|brn
|move|p2a: Blaziken|Flare Blitz|p1a: Archaludon
|-damage|p1a: Archaludon|39/100
|-ability|p1a: Archaludon|Stamina|boost
|-boost|p1a: Archaludon|def|1
|-damage|p2a: Blaziken|75/100|[from] Recoil
|move|p2b: Basculegion|Liquidation|p1b: Sableye
|-damage|p1b: Sableye|63/100
|
|-heal|p1a: Archaludon|45/100|[from] item: Leftovers
|-damage|p2b: Basculegion|93/100 brn|[from] brn
|-ability|p2a: Blaziken|Speed Boost|boost
|-boost|p2a: Blaziken|spe|1
|upkeep
|turn|3
|inactive|extreme90 has 30 seconds left.
|inactive|Lewis Hamilton Fan has 30 seconds left.
|
|t:|1783551578
|move|p1a: Archaludon|Protect|p1a: Archaludon
|-singleturn|p1a: Archaludon|Protect
|move|p1b: Sableye|Rain Dance|p1b: Sableye
|-weather|RainDance
|move|p2a: Blaziken|Close Combat|p1a: Archaludon
|-activate|p1a: Archaludon|move: Protect
|move|p2b: Basculegion|Liquidation|p1b: Sableye
|-damage|p1b: Sableye|7/100
|-unboost|p1b: Sableye|def|1
|
|-weather|RainDance|[upkeep]
|-heal|p1a: Archaludon|51/100|[from] item: Leftovers
|-damage|p2b: Basculegion|87/100 brn|[from] brn
|-ability|p2a: Blaziken|Speed Boost|boost
|-boost|p2a: Blaziken|spe|1
|upkeep
|turn|4
|
|t:|1783551593
|move|p2a: Blaziken|Protect|p2a: Blaziken
|-singleturn|p2a: Blaziken|Protect
|move|p2b: Basculegion|Aqua Jet|p1b: Sableye
|-damage|p1b: Sableye|0 fnt
|faint|p1b: Sableye
|move|p1a: Archaludon|Electro Shot||[still]
|-prepare|p1a: Archaludon|Electro Shot
|-boost|p1a: Archaludon|spa|1
|-anim|p1a: Archaludon|Electro Shot|p2a: Blaziken
|-activate|p2a: Blaziken|move: Protect
|
|-weather|RainDance|[upkeep]
|-heal|p1a: Archaludon|58/100|[from] item: Leftovers
|-damage|p2b: Basculegion|81/100 brn|[from] brn
|-ability|p2a: Blaziken|Speed Boost|boost
|-boost|p2a: Blaziken|spe|1
|upkeep
|
|t:|1783551600
|switch|p1b: Pelipper|Pelipper, L50, M|100/100
|turn|5
|
|t:|1783551608
|switch|p2b: Torkoal|Torkoal, L50, M|100/100
|-weather|SunnyDay|[from] ability: Drought|[of] p2b: Torkoal
|move|p1a: Archaludon|Protect|p1a: Archaludon
|-singleturn|p1a: Archaludon|Protect
|move|p2a: Blaziken|Close Combat|p1a: Archaludon
|-activate|p1a: Archaludon|move: Protect
|move|p1b: Pelipper|Hurricane|p2a: Blaziken
|-supereffective|p2a: Blaziken|1
|-damage|p2a: Blaziken|0 fnt
|faint|p2a: Blaziken
|
|-weather|SunnyDay|[upkeep]
|-heal|p1a: Archaludon|64/100|[from] item: Leftovers
|upkeep
|
|t:|1783551623
|switch|p2a: Kingambit|Kingambit, L50, M|100/100
|turn|6
|
|t:|1783551639
|switch|p1b: Metagross|Metagross, L50|43/100
|move|p2a: Kingambit|Sucker Punch|p1a: Archaludon
|-damage|p1a: Archaludon|35/100
|-ability|p1a: Archaludon|Stamina|boost
|-boost|p1a: Archaludon|def|1
|-damage|p2a: Kingambit|90/100|[from] item: Life Orb
|move|p1a: Archaludon|Aura Sphere|p2a: Kingambit
|-supereffective|p2a: Kingambit|2
|-damage|p2a: Kingambit|0 fnt
|faint|p2a: Kingambit
|move|p2b: Torkoal|Weather Ball|p1a: Archaludon
|-damage|p1a: Archaludon|0 fnt
|faint|p1a: Archaludon
|
|-weather|SunnyDay|[upkeep]
|upkeep
|
|t:|1783551658
|switch|p1a: Pelipper|Pelipper, L50, M|100/100
|switch|p2a: Basculegion|Basculegion, L50, M|81/100 brn
|-weather|RainDance|[from] ability: Drizzle|[of] p1a: Pelipper
|turn|7
|
|t:|1783551676
|detailschange|p1b: Metagross|Metagross-Mega, L50
|-mega|p1b: Metagross|Metagross|Metagrossite
|move|p1b: Metagross|Protect|p1b: Metagross
|-singleturn|p1b: Metagross|Protect
|move|p2a: Basculegion|Last Respects|p1b: Metagross
|-activate|p1b: Metagross|move: Protect
|move|p1a: Pelipper|Tailwind|p1a: Pelipper
|-sidestart|p1: extreme90|move: Tailwind
|move|p2b: Torkoal|Burning Jealousy|p1b: Metagross|[spread] p1a
|-activate|p1b: Metagross|move: Protect
|-resisted|p1a: Pelipper|1
|-damage|p1a: Pelipper|92/100
|
|-weather|RainDance|[upkeep]
|-damage|p2a: Basculegion|75/100 brn|[from] brn
|upkeep
|turn|8
|
|t:|1783551696
|move|p2b: Torkoal|Protect|p2b: Torkoal
|-singleturn|p2b: Torkoal|Protect
|move|p1b: Metagross|Psychic Fangs|p2a: Basculegion
|-damage|p2a: Basculegion|0 fnt
|faint|p2a: Basculegion
|move|p1a: Pelipper|Hurricane|p2b: Torkoal
|-activate|p2b: Torkoal|move: Protect
|
|-weather|RainDance|[upkeep]
|upkeep
|turn|9
|-message|Lewis Hamilton Fan forfeited.
|raw|extreme90's rating: 1107 → 1134(+27 for winning)
|raw|Lewis Hamilton Fan's rating: 1135 → 1108(-27 for losing)
|
|win|extreme90
