|j|☆SuperPokeVGC
|j|☆Xthaipe
|html|SuperPokeVGCXthaipe    
|uhtml|bestof|Game 1 of a best-of-3
|t:|1756313394
|gametype|doubles
|player|p1|SuperPokeVGC|ltsurge|1135
|player|p2|Xthaipe|266|1091
|gen|9
|tier|[Gen 9] VGC 2025 Reg H (Bo3)
|rated|
|rule|Species Clause: Limit one of each Pokémon
|rule|Item Clause: Limit 1 of each item
|clearpoke
|poke|p1|Tyranitar, L50, M|
|poke|p1|Garchomp, L50, F|
|poke|p1|Gholdengo, L50|
|poke|p1|Sinistcha, L50|
|poke|p1|Yanmega, L50, F|
|poke|p1|Arcanine, L50, M|
|poke|p2|Tyranitar, L50, F|
|poke|p2|Hitmontop, L50, M|
|poke|p2|Tinkaton, L50, F|
|poke|p2|Gastrodon, L50, F|
|poke|p2|Excadrill, L50, M|
|poke|p2|Kilowattrel, L50, F|
|teampreview|4
|showteam|p1|Tyranitar||LifeOrb|SandStream|KnockOff,RockSlide,TeraBlast,Protect|||M|||50|,,,,,Flying]Garchomp||ClearAmulet|SandVeil|DragonClaw,StompingTantrum,Earthquake,Protect|||F|||50|,,,,,Fire]Gholdengo||Leftovers|GoodasGold|MakeItRain,ShadowBall,NastyPlot,Protect||||||50|,,,,,Water]Sinistcha||SitrusBerry|Hospitality|RagePowder,MatchaGotcha,TrickRoom,Protect||||||50|,,,,,Water]Yanmega||FocusSash|SpeedBoost|Tailwind,AirSlash,BugBuzz,Detect|||F|||50|,,,,,Ghost]Arcanine||MirrorHerb|Intimidate|ExtremeSpeed,FlareBlitz,WillOWisp,Protect|||M|||50|,,,,,Normal
|showteam|p2|Tyranitar||WeaknessPolicy|SandStream|Protect,RockSlide,Crunch,DragonDance|||F|||50|,,,,,Fire]Hitmontop||ClearAmulet|Intimidate|QuickGuard,FakeOut,CloseCombat,WideGuard|||M|||50|,,,,,Fighting]Tinkaton||AssaultVest|MoldBreaker|FakeOut,PlayRough,KnockOff,GigatonHammer|||F|||50|,,,,,Fairy]Gastrodon||RindoBerry|StormDrain|MuddyWater,ClearSmog,IcyWind,Yawn|||F|||50|,,,,,Poison]Excadrill||FocusSash|SandRush|Protect,RockSlide,HighHorsepower,IronHead|||M|||50|,,,,,Steel]Kilowattrel||SafetyGoggles|Competitive|Tailwind,WeatherBall,ElectroBall,AirSlash|||F|||50|,,,,,Electric
|inactive|Battle timer is ON: inactive players will automatically lose when time's up. (requested by SuperPokeVGC)
|inactive|SuperPokeVGC has 60 seconds left.
|inactive|SuperPokeVGC has 30 seconds left.
|inactive|SuperPokeVGC has 20 seconds left.
|inactive|SuperPokeVGC has 15 seconds left.
|inactive|SuperPokeVGC has 10 seconds left.
|
|t:|1756313477
|teamsize|p1|4
|teamsize|p2|4
|start
|switch|p1a: Arcanine|Arcanine, L50, M|100/100
|switch|p1b: Garchomp|Garchomp, L50, F|100/100
|switch|p2a: Tyranitar|Tyranitar, L50, F|100/100
|switch|p2b: Hitmontop|Hitmontop, L50, M|100/100
|-ability|p1a: Arcanine|Intimidate|boost
|-unboost|p2a: Tyranitar|atk|1
|-fail|p2b: Hitmontop|unboost|[from] item: Clear Amulet|[of] p2b: Hitmontop
|-ability|p2b: Hitmontop|Intimidate|boost
|-unboost|p1a: Arcanine|atk|1
|-fail|p1b: Garchomp|unboost|[from] item: Clear Amulet|[of] p1b: Garchomp
|-weather|Sandstorm|[from] ability: Sand Stream|[of] p2a: Tyranitar
|turn|1
|inactive|SuperPokeVGC has 30 seconds left.
|
|t:|1756313508
|move|p2b: Hitmontop|Wide Guard|p2b: Hitmontop
|-singleturn|p2b: Hitmontop|Wide Guard
|move|p1b: Garchomp|Stomping Tantrum|p2a: Tyranitar
|-supereffective|p2a: Tyranitar
|-damage|p2a: Tyranitar|33/100
|-enditem|p2a: Tyranitar|Weakness Policy
|-boost|p2a: Tyranitar|atk|2|[from] item: Weakness Policy
|-boost|p2a: Tyranitar|spa|2|[from] item: Weakness Policy
|-enditem|p1a: Arcanine|Mirror Herb
|-boost|p1a: Arcanine|atk|2|[from] item: Mirror Herb
|-boost|p1a: Arcanine|spa|2|[from] item: Mirror Herb
|move|p1a: Arcanine|Will-O-Wisp|p2a: Tyranitar
|-status|p2a: Tyranitar|brn
|move|p2a: Tyranitar|Dragon Dance|p2a: Tyranitar
|-boost|p2a: Tyranitar|atk|1
|-boost|p2a: Tyranitar|spe|1
|
|-weather|Sandstorm|[upkeep]
|-damage|p1a: Arcanine|94/100|[from] Sandstorm
|-damage|p2b: Hitmontop|95/100|[from] Sandstorm
|-damage|p2a: Tyranitar|27/100 brn|[from] brn
|upkeep
|turn|2
|
|t:|1756313531
|switch|p2b: Kilowattrel|Kilowattrel, L50, F|100/100
|move|p2a: Tyranitar|Protect|p2a: Tyranitar
|-singleturn|p2a: Tyranitar|Protect
|move|p1a: Arcanine|Protect|p1a: Arcanine
|-singleturn|p1a: Arcanine|Protect
|move|p1b: Garchomp|Earthquake|p2b: Kilowattrel|[spread] 
|-activate|p1a: Arcanine|move: Protect
|-activate|p2a: Tyranitar|move: Protect
|-immune|p2b: Kilowattrel
|
|-weather|Sandstorm|[upkeep]
|-damage|p1a: Arcanine|88/100|[from] Sandstorm
|-damage|p2a: Tyranitar|21/100 brn|[from] brn
|upkeep
|turn|3
|inactive|SuperPokeVGC has 30 seconds left.
|inactive|SuperPokeVGC has 20 seconds left.
|inactive|SuperPokeVGC has 15 seconds left.
|
|t:|1756313574
|-terastallize|p1a: Arcanine|Normal
|move|p1a: Arcanine|Extreme Speed|p2b: Kilowattrel
|-crit|p2b: Kilowattrel
|-damage|p2b: Kilowattrel|0 fnt
|faint|p2b: Kilowattrel
|move|p1b: Garchomp|Dragon Claw|p2a: Tyranitar
|-damage|p2a: Tyranitar|0 fnt
|faint|p2a: Tyranitar
|
|-weather|Sandstorm|[upkeep]
|-damage|p1a: Arcanine|82/100|[from] Sandstorm
|upkeep
|
|t:|1756313587
|switch|p2b: Hitmontop|Hitmontop, L50, M|95/100
|switch|p2a: Excadrill|Excadrill, L50, M|100/100
|-ability|p2b: Hitmontop|Intimidate|boost
|-unboost|p1a: Arcanine|atk|1
|-fail|p1b: Garchomp|unboost|[from] item: Clear Amulet|[of] p1b: Garchomp
|turn|4
|c|☆Xthaipe|Oof not my best start
|inactive|SuperPokeVGC has 30 seconds left.
|
|t:|1756313617
|switch|p1b: Yanmega|Yanmega, L50, F, shiny|100/100
|move|p1a: Arcanine|Protect|p1a: Arcanine
|-singleturn|p1a: Arcanine|Protect
|move|p2b: Hitmontop|Fake Out|p1b: Yanmega
|-damage|p1b: Yanmega|89/100
|move|p2a: Excadrill|High Horsepower|p1a: Arcanine
|-activate|p1a: Arcanine|move: Protect
|
|-weather|Sandstorm|[upkeep]
|-damage|p1a: Arcanine|76/100|[from] Sandstorm
|-damage|p1b: Yanmega|82/100|[from] Sandstorm
|-damage|p2b: Hitmontop|89/100|[from] Sandstorm
|upkeep
|turn|5
|inactive|SuperPokeVGC has 30 seconds left.
|
|t:|1756313650
|move|p2b: Hitmontop|Wide Guard|p2b: Hitmontop
|-singleturn|p2b: Hitmontop|Wide Guard
|move|p2a: Excadrill|Rock Slide|p1a: Arcanine|[spread] p1a,p1b
|-supereffective|p1b: Yanmega
|-damage|p1a: Arcanine|48/100
|-damage|p1b: Yanmega|0 fnt
|faint|p1b: Yanmega
|cant|p1a: Arcanine|flinch
|
|-weather|none
|upkeep
|
|t:|1756313661
|switch|p1b: Garchomp|Garchomp, L50, F|100/100
|turn|6
|
|t:|1756313679
|move|p1a: Arcanine|Protect|p1a: Arcanine
|-singleturn|p1a: Arcanine|Protect
|move|p1b: Garchomp|Earthquake|p2b: Hitmontop|[spread] p2a,p2b
|-activate|p1a: Arcanine|move: Protect
|-supereffective|p2a: Excadrill
|-enditem|p2a: Excadrill|Focus Sash
|-damage|p2a: Excadrill|1/100
|-damage|p2b: Hitmontop|46/100
|move|p2a: Excadrill|Rock Slide|p1b: Garchomp|[spread] p1b
|-activate|p1a: Arcanine|move: Protect
|-resisted|p1b: Garchomp
|-damage|p1b: Garchomp|90/100
|move|p2b: Hitmontop|Close Combat|p1b: Garchomp
|-damage|p1b: Garchomp|48/100
|-unboost|p2b: Hitmontop|def|1
|-unboost|p2b: Hitmontop|spd|1
|
|upkeep
|turn|7
|
|t:|1756313704
|move|p2b: Hitmontop|Wide Guard|p2b: Hitmontop
|-singleturn|p2b: Hitmontop|Wide Guard
|move|p1a: Arcanine|Extreme Speed|p2a: Excadrill
|-resisted|p2a: Excadrill
|-damage|p2a: Excadrill|0 fnt
|faint|p2a: Excadrill
|move|p1b: Garchomp|Dragon Claw|p2b: Hitmontop
|-damage|p2b: Hitmontop|0 fnt
|faint|p2b: Hitmontop
|
|win|SuperPokeVGC
|inactive|SuperPokeVGC has 30 seconds to confirm battle start!
|inactive|Xthaipe has 30 seconds to confirm battle start!
||Xthaipe is ready for game 2.
||SuperPokeVGC is ready for game 2.
|uhtml|next|Next: Game 2 of 3
|l|☆Xthaipe
|player|p2|
