|j|☆lettitripppp
|j|☆entei enthusiast
|html|lettitrippppentei enthusiast    
|uhtml|bestof|Game 2 of a best-of-3
|t:|1783908820
|gametype|doubles
|player|p1|lettitripppp|lucas|1332
|player|p2|entei enthusiast|kamado-armor|1224
|gen|9
|tier|[Gen 9 Champions] VGC 2026 Reg M-B (Bo3)
|rated|
|rule|Species Clause: Limit one of each Pokémon
|rule|Item Clause: Limit 1 of each item
|clearpoke
|poke|p1|Charizard, L50, M|
|poke|p1|Floette-Eternal, L50, F|
|poke|p1|Basculegion, L50, M|
|poke|p1|Whimsicott, L50, M, shiny|
|poke|p1|Garchomp, L50, M, shiny|
|poke|p1|Kingambit, L50, M, shiny|
|poke|p2|Floette-Eternal, L50, F|
|poke|p2|Palafin, L50, F, shiny|
|poke|p2|Kingambit, L50, M|
|poke|p2|Sneasler, L50, M|
|poke|p2|Incineroar, L50, F|
|poke|p2|Aerodactyl, L50, F|
|teampreview|4
|showteam|p1|Charizard||CharizarditeY|Blaze|WeatherBall,SolarBeam,HeatWave,Protect|Modest||M|||50|]Floette-Eternal||Floettite|FlowerVeil|DazzlingGleam,LightofRuin,Moonblast,Protect|Modest||F|||50|]Basculegion||MysticWater|Adaptability|LastRespects,WaveCrash,AquaJet,Protect|Adamant||M|||50|]Whimsicott||FocusSash|Prankster|Moonblast,Tailwind,Encore,Protect|Timid||M|||50|]Garchomp||LifeOrb|RoughSkin|DragonClaw,Earthquake,RockSlide,Protect|Jolly||M|||50|]Kingambit||ChopleBerry|Defiant|KowtowCleave,SuckerPunch,IronHead,LowKick|Adamant||M|||50|
|showteam|p2|Floette-Eternal||Floettite|FlowerVeil|DazzlingGleam,DrainingKiss,CalmMind,Protect|Modest||F|||50|]Palafin||Leftovers|ZerotoHero|WaveCrash,JetPunch,BulkUp,Protect|Adamant||F|||50|]Kingambit||BlackGlasses|Defiant|KowtowCleave,SuckerPunch,SwordsDance,Protect|Adamant||M|||50|]Sneasler||FocusSash|Unburden|CloseCombat,DireClaw,FakeOut,Coaching|Jolly||M|||50|]Incineroar||SitrusBerry|Intimidate|FlareBlitz,FakeOut,DarkestLariat,PartingShot|Careful||F|||50|]Aerodactyl||Aerodactylite|Unnerve|RockSlide,DualWingbeat,IceFang,Protect|Jolly||F|||50|
|inactive|Battle timer is ON: inactive players will automatically lose when time's up. (requested by lettitripppp)
|
|t:|1783908846
|teamsize|p1|4
|teamsize|p2|4
|start
|switch|p1a: CRUSH SHARK|Garchomp, L50, M, shiny|100/100
|switch|p1b: LETS GO GO|Whimsicott, L50, M, shiny|100/100
|switch|p2a: Kingambit|Kingambit, L50, M|100/100
|switch|p2b: Aerodactyl|Aerodactyl, L50, F|100/100
|-ability|p2b: Aerodactyl|Unnerve
|turn|1
|
|t:|1783908857
|switch|p2a: Incineroar|Incineroar, L50, F|100/100
|-ability|p2a: Incineroar|Intimidate|boost
|-unboost|p1a: CRUSH SHARK|atk|1
|-unboost|p1b: LETS GO GO|atk|1
|detailschange|p2b: Aerodactyl|Aerodactyl-Mega, L50, F
|-mega|p2b: Aerodactyl|Aerodactyl|Aerodactylite
|move|p1a: CRUSH SHARK|Protect|p1a: CRUSH SHARK
|-singleturn|p1a: CRUSH SHARK|Protect
|move|p1b: LETS GO GO|Tailwind|p1b: LETS GO GO
|-sidestart|p1: lettitripppp|move: Tailwind
|move|p2b: Aerodactyl|Ice Fang|p1a: CRUSH SHARK
|-activate|p1a: CRUSH SHARK|move: Protect
|
|upkeep
|turn|2
|inactive|entei enthusiast has 30 seconds left.
|
|t:|1783908891
|switch|p1a: GENERAL BLADUS|Kingambit, L50, M, shiny|100/100
|move|p1b: LETS GO GO|Protect|p1b: LETS GO GO
|-singleturn|p1b: LETS GO GO|Protect
|move|p2b: Aerodactyl|Ice Fang|p1a: GENERAL BLADUS
|-resisted|p1a: GENERAL BLADUS|1
|-damage|p1a: GENERAL BLADUS|89/100
|move|p2a: Incineroar|Flare Blitz|p1a: GENERAL BLADUS
|-supereffective|p1a: GENERAL BLADUS|1
|-damage|p1a: GENERAL BLADUS|19/100
|-damage|p2a: Incineroar|77/100|[from] Recoil
|
|upkeep
|turn|3
|inactive|entei enthusiast has 30 seconds left.
|
|t:|1783908925
|switch|p2b: Kingambit|Kingambit, L50, M|100/100
|move|p1b: LETS GO GO|Moonblast|p2a: Incineroar
|-damage|p2a: Incineroar|51/100
|move|p1a: GENERAL BLADUS|Low Kick|p2a: Incineroar
|-supereffective|p2a: Incineroar|1
|-damage|p2a: Incineroar|0 fnt
|faint|p2a: Incineroar
|
|upkeep
|
|t:|1783908938
|switch|p2a: Sneasler|Sneasler, L50, M|100/100
|turn|4
|
|t:|1783908942
|move|p2a: Sneasler|Fake Out|p1a: GENERAL BLADUS
|-resisted|p1a: GENERAL BLADUS|1
|-damage|p1a: GENERAL BLADUS|13/100
|move|p1b: LETS GO GO|Moonblast|p2b: Kingambit
|-crit|p2b: Kingambit
|-damage|p2b: Kingambit|56/100
|cant|p1a: GENERAL BLADUS|flinch
|move|p2b: Kingambit|Swords Dance|p2b: Kingambit
|-boost|p2b: Kingambit|atk|2
|
|-sideend|p1: lettitripppp|move: Tailwind
|upkeep
|turn|5
|
|t:|1783908951
|move|p1b: LETS GO GO|Tailwind|p1b: LETS GO GO
|-sidestart|p1: lettitripppp|move: Tailwind
|move|p2b: Kingambit|Sucker Punch|p1a: GENERAL BLADUS
|-resisted|p1a: GENERAL BLADUS|1
|-damage|p1a: GENERAL BLADUS|0 fnt
|faint|p1a: GENERAL BLADUS
|move|p2a: Sneasler|Dire Claw|p1b: LETS GO GO
|-supereffective|p1b: LETS GO GO|2
|-enditem|p1b: LETS GO GO|Focus Sash
|-damage|p1b: LETS GO GO|1/100
|-status|p1b: LETS GO GO|par
|
|upkeep
|
|t:|1783908956
|switch|p1a: CRUSH SHARK|Garchomp, L50, M, shiny|100/100
|turn|6
|
|t:|1783908974
|move|p1a: CRUSH SHARK|Protect|p1a: CRUSH SHARK
|-singleturn|p1a: CRUSH SHARK|Protect
|move|p2b: Kingambit|Protect|p2b: Kingambit
|-singleturn|p2b: Kingambit|Protect
|move|p2a: Sneasler|Coaching|p2b: Kingambit
|-boost|p2b: Kingambit|atk|1
|-boost|p2b: Kingambit|def|1
|move|p1b: LETS GO GO|Moonblast|p2a: Sneasler
|-damage|p2a: Sneasler|59/100
|
|upkeep
|turn|7
|
|t:|1783908981
|move|p1b: LETS GO GO|Encore|p2a: Sneasler
|-start|p2a: Sneasler|Encore
|move|p2b: Kingambit|Sucker Punch|p1a: CRUSH SHARK
|-damage|p1a: CRUSH SHARK|0 fnt
|-damage|p2b: Kingambit|44/100|[from] ability: Rough Skin|[of] p1a: CRUSH SHARK
|faint|p1a: CRUSH SHARK
|move|p2a: Sneasler|Coaching|p2b: Kingambit
|-boost|p2b: Kingambit|atk|1
|-boost|p2b: Kingambit|def|1
|
|upkeep
|
|t:|1783908985
|switch|p1a: RUINOUS LIGHT|Floette-Eternal, L50, F|100/100
|turn|8
|
|t:|1783908996
|switch|p2a: Aerodactyl|Aerodactyl-Mega, L50, F|100/100
|detailschange|p1a: RUINOUS LIGHT|Floette-Mega, L50, F
|-mega|p1a: RUINOUS LIGHT|Floette|Floettite
|-ability|p1a: RUINOUS LIGHT|Fairy Aura
|move|p2b: Kingambit|Protect|p2b: Kingambit
|-singleturn|p2b: Kingambit|Protect
|move|p1a: RUINOUS LIGHT|Moonblast|p2b: Kingambit
|-activate|p2b: Kingambit|move: Protect
|move|p1b: LETS GO GO|Moonblast|p2a: Aerodactyl
|-damage|p2a: Aerodactyl|55/100
|
|-sideend|p1: lettitripppp|move: Tailwind
|upkeep
|turn|9
|
|t:|1783909012
|move|p1b: LETS GO GO|Tailwind|p1b: LETS GO GO
|-sidestart|p1: lettitripppp|move: Tailwind
|move|p2b: Kingambit|Sucker Punch|p1a: RUINOUS LIGHT
|-resisted|p1a: RUINOUS LIGHT|1
|-damage|p1a: RUINOUS LIGHT|8/100
|move|p1a: RUINOUS LIGHT|Dazzling Gleam|p2b: Kingambit|[spread] p2a,p2b
|-damage|p2a: Aerodactyl|0 fnt
|-damage|p2b: Kingambit|0 fnt
|faint|p2a: Aerodactyl
|faint|p2b: Kingambit
|
|upkeep
|
|t:|1783909022
|switch|p2b: Sneasler|Sneasler, L50, M|59/100
|turn|10
|
|t:|1783909036
|move|p1b: LETS GO GO|Protect|p1b: LETS GO GO
|-singleturn|p1b: LETS GO GO|Protect
|move|p1a: RUINOUS LIGHT|Protect|p1a: RUINOUS LIGHT
|-singleturn|p1a: RUINOUS LIGHT|Protect
|move|p2b: Sneasler|Fake Out|p1a: RUINOUS LIGHT
|-activate|p1a: RUINOUS LIGHT|move: Protect
|
|upkeep
|turn|11
|-message|entei enthusiast forfeited.
|
|win|lettitripppp
||entei enthusiast is ready for game 3.
||lettitripppp is ready for game 3.
|uhtml|next|Next: Game 3 of 3
