|j|☆buf80 stainlessvgc
|j|☆gene takavic
|html|buf80 stainlessvgcgene takavic    
|uhtml|bestof|Game 2 of a best-of-3
|t:|1756581807
|gametype|doubles
|player|p1|buf80 stainlessvgc|colress|1149
|player|p2|gene takavic|pryce|1195
|gen|9
|tier|[Gen 9] VGC 2025 Reg H (Bo3)
|rated|
|rule|Species Clause: Limit one of each Pokémon
|rule|Item Clause: Limit 1 of each item
|clearpoke
|poke|p1|Annihilape, L50, M|
|poke|p1|Dragonite, L50, F|
|poke|p1|Gholdengo, L50|
|poke|p1|Electabuzz, L50, F|
|poke|p1|Rillaboom, L50, M|
|poke|p1|Incineroar, L50, M|
|poke|p2|Charizard, L50, F|
|poke|p2|Torkoal, L50, F|
|poke|p2|Porygon2, L50|
|poke|p2|Incineroar, L50, M|
|poke|p2|Jumpluff, L50, M|
|poke|p2|Ursaluna, L50, M|
|teampreview|4
|showteam|p1|Annihilape||FocusSash|Defiant|Taunt,CloseCombat,RageFist,Coaching|||M|||50|,,,,,Stellar]Dragonite||LoadedDice|Multiscale|Protect,ScaleShot,Haze,ExtremeSpeed|||F|||50|,,,,,Fairy]Gholdengo||SitrusBerry|GoodasGold|MakeItRain,ShadowBall,NastyPlot,Protect||||||50|,,,,,Water]Electabuzz||Eviolite|VitalSpirit|Protect,Electroweb,HelpingHand,FollowMe|||F|||50|,,,,,Dragon]Rillaboom||AssaultVest|GrassySurge|FakeOut,WoodHammer,HighHorsepower,GrassyGlide|||M|||50|,,,,,Fire]Incineroar||MirrorHerb|Intimidate|FakeOut,PartingShot,FlareBlitz,KnockOff|||M|||50|,,,,,Ghost
|showteam|p2|Charizard||ChoiceSpecs|SolarPower|HeatWave,Overheat,WeatherBall,AirSlash|||F|||50|,,,,,Ghost]Torkoal||EjectPack|Drought|Eruption,Overheat,HelpingHand,Protect|||F|||50|,,,,,Fire]Porygon2||Eviolite|Download|TeraBlast,IceBeam,Recover,TrickRoom||||||50|,,,,,Fighting]Incineroar||SitrusBerry|Intimidate|FlareBlitz,KnockOff,FakeOut,PartingShot|||M|||50|,,,,,Ghost]Jumpluff||CovertCloak|Chlorophyll|SleepPowder,SunnyDay,RagePowder,Tailwind|||M|||50|,,,,,Water]Ursaluna||FlameOrb|Guts|HeadlongRush,Facade,Earthquake,Protect|||M|||50|,,,,,Ghost
|inactive|Battle timer is ON: inactive players will automatically lose when time's up. (requested by gene takavic)
|inactive|gene takavic has 60 seconds left.
|
|t:|1756581856
|teamsize|p1|4
|teamsize|p2|4
|start
|switch|p1a: Gholdengo|Gholdengo, L50|100/100
|switch|p1b: Electabuzz|Electabuzz, L50, F|100/100
|switch|p2a: Porygon2|Porygon2, L50|100/100
|switch|p2b: Torkoal|Torkoal, L50, F|100/100
|-ability|p2a: Porygon2|Download|boost
|-boost|p2a: Porygon2|atk|1
|-weather|SunnyDay|[from] ability: Drought|[of] p2b: Torkoal
|turn|1
|inactive|buf80 stainlessvgc has 30 seconds left.
|inactive|buf80 stainlessvgc has 20 seconds left.
|inactive|buf80 stainlessvgc has 15 seconds left.
|inactive|buf80 stainlessvgc has 10 seconds left.
|inactive|buf80 stainlessvgc has 5 seconds left.
|
|t:|1756581908
|switch|p1b: Dragonite|Dragonite, L50, F|100/100
|-terastallize|p1a: Gholdengo|Water
|move|p1a: Gholdengo|Nasty Plot|p1a: Gholdengo
|-boost|p1a: Gholdengo|spa|2
|move|p2b: Torkoal|Eruption|p1b: Dragonite|[spread] p1a,p1b
|-resisted|p1a: Gholdengo
|-resisted|p1b: Dragonite
|-damage|p1a: Gholdengo|61/100
|-damage|p1b: Dragonite|82/100
|move|p2a: Porygon2|Trick Room|p2a: Porygon2
|-fieldstart|move: Trick Room|[of] p2a: Porygon2
|
|-weather|SunnyDay|[upkeep]
|upkeep
|turn|2
|inactive|buf80 stainlessvgc has 30 seconds left.
|inactive|buf80 stainlessvgc has 20 seconds left.
|
|t:|1756581944
|-terastallize|p2a: Porygon2|Fighting
|move|p1b: Dragonite|Extreme Speed|p2b: Torkoal
|-damage|p2b: Torkoal|76/100
|move|p2b: Torkoal|Eruption|p1a: Gholdengo|[spread] p1a,p1b
|-resisted|p1a: Gholdengo
|-resisted|p1b: Dragonite
|-damage|p1a: Gholdengo|31/100
|-damage|p1b: Dragonite|51/100
|-enditem|p1a: Gholdengo|Sitrus Berry|[eat]
|-heal|p1a: Gholdengo|56/100|[from] item: Sitrus Berry
|move|p2a: Porygon2|Tera Blast|p1a: Gholdengo|[anim] Tera Blast Fighting
|-damage|p1a: Gholdengo|16/100
|move|p1a: Gholdengo|Make It Rain|p2a: Porygon2|[spread] p2a,p2b
|-resisted|p2b: Torkoal
|-damage|p2a: Porygon2|44/100
|-damage|p2b: Torkoal|21/100
|-unboost|p1a: Gholdengo|spa|1
|
|-weather|SunnyDay|[upkeep]
|upkeep
|turn|3
|c|☆gene takavic|i forgot about sitrus 💔
|inactive|buf80 stainlessvgc has 30 seconds left.
|inactive|gene takavic has 30 seconds left.
|inactive|buf80 stainlessvgc has 20 seconds left.
|inactive|buf80 stainlessvgc has 15 seconds left.
|inactive|buf80 stainlessvgc has 10 seconds left.
|
|t:|1756581993
|switch|p1a: Electabuzz|Electabuzz, L50, F|100/100
|move|p1b: Dragonite|Extreme Speed|p2a: Porygon2
|-damage|p2a: Porygon2|24/100
|move|p2b: Torkoal|Overheat|p1a: Electabuzz
|-damage|p1a: Electabuzz|32/100
|-unboost|p2b: Torkoal|spa|2
|-enditem|p2b: Torkoal|Eject Pack
|
|t:|1756582003
|switch|p2b: Incineroar|Incineroar, L50, M|100/100
|-ability|p2b: Incineroar|Intimidate|boost
|-unboost|p1a: Electabuzz|atk|1
|-unboost|p1b: Dragonite|atk|1
|move|p2a: Porygon2|Ice Beam|p1b: Dragonite
|-supereffective|p1b: Dragonite
|-damage|p1b: Dragonite|0 fnt
|faint|p1b: Dragonite
|
|-weather|SunnyDay|[upkeep]
|upkeep
|inactive|buf80 stainlessvgc has 30 seconds left.
|
|t:|1756582033
|switch|p1b: Incineroar|Incineroar, L50, M|100/100
|-ability|p1b: Incineroar|Intimidate|boost
|-unboost|p2a: Porygon2|atk|1
|-unboost|p2b: Incineroar|atk|1
|turn|4
|inactive|buf80 stainlessvgc has 30 seconds left.
|inactive|buf80 stainlessvgc has 20 seconds left.
|inactive|buf80 stainlessvgc has 15 seconds left.
|inactive|buf80 stainlessvgc has 10 seconds left.
|
|t:|1756582079
|move|p1a: Electabuzz|Follow Me|p1a: Electabuzz
|-singleturn|p1a: Electabuzz|move: Follow Me
|move|p2a: Porygon2|Tera Blast|p1a: Electabuzz|[anim] Tera Blast Fighting
|-damage|p1a: Electabuzz|0 fnt
|faint|p1a: Electabuzz
|move|p1b: Incineroar|Flare Blitz|p2a: Porygon2
|-crit|p2a: Porygon2
|-damage|p2a: Porygon2|0 fnt
|faint|p2a: Porygon2
|-damage|p1b: Incineroar|93/100|[from] Recoil
|move|p2b: Incineroar|Parting Shot|p1b: Incineroar
|-unboost|p1b: Incineroar|atk|1
|-unboost|p1b: Incineroar|spa|1
|
|t:|1756582086
|switch|p2b: Ursaluna|Ursaluna, L50, M|100/100|[from] Parting Shot
|
|-weather|SunnyDay|[upkeep]
|-status|p2b: Ursaluna|brn|[from] item: Flame Orb
|upkeep
|
|t:|1756582094
|switch|p2a: Incineroar|Incineroar, L50, M|100/100
|switch|p1a: Gholdengo|Gholdengo, L50, tera:Water|16/100
|-ability|p2a: Incineroar|Intimidate|boost
|-unboost|p1a: Gholdengo|atk|1
|-unboost|p1b: Incineroar|atk|1
|turn|5
|inactive|gene takavic has 30 seconds left.
|
|t:|1756582126
|switch|p2a: Torkoal|Torkoal, L50, F|21/100
|move|p1a: Gholdengo|Protect|p1a: Gholdengo
|-singleturn|p1a: Gholdengo|Protect
|move|p2b: Ursaluna|Earthquake|p1b: Incineroar|[spread] p2a,p1b
|-activate|p1a: Gholdengo|move: Protect
|-supereffective|p2a: Torkoal
|-supereffective|p1b: Incineroar
|-damage|p2a: Torkoal|0 fnt
|-damage|p1b: Incineroar|0 fnt
|faint|p2a: Torkoal
|faint|p1b: Incineroar
|
|-weather|none
|-damage|p2b: Ursaluna|95/100 brn|[from] brn
|-fieldend|move: Trick Room
|upkeep
|
|t:|1756582133
|switch|p2a: Incineroar|Incineroar, L50, M|100/100
|-ability|p2a: Incineroar|Intimidate|boost
|-unboost|p1a: Gholdengo|atk|1
|turn|6
|inactive|buf80 stainlessvgc has 30 seconds left.
|inactive|buf80 stainlessvgc has 20 seconds left.
|inactive|buf80 stainlessvgc has 15 seconds left.
|inactive|buf80 stainlessvgc has 10 seconds left.
|
|t:|1756582181
|move|p2a: Incineroar|Fake Out|p1a: Gholdengo
|-damage|p1a: Gholdengo|2/100
|cant|p1a: Gholdengo|flinch
|move|p2b: Ursaluna|Facade|p1a: Gholdengo
|-damage|p1a: Gholdengo|0 fnt
|faint|p1a: Gholdengo
|
|win|gene takavic
|raw|buf80 stainlessvgc's rating: 1149 → 1127(-22 for losing)
|raw|gene takavic's rating: 1195 → 1217(+22 for winning)
