|j|☆Isagii
|j|☆TeyVgc
|html|IsagiiTeyVgc    
|uhtml|bestof|Game 2 of a best-of-3
|t:|1783970968
|gametype|doubles
|player|p1|Isagii|steven|1288
|player|p2|TeyVgc|rood|1259
|gen|9
|tier|[Gen 9 Champions] VGC 2026 Reg M-B (Bo3)
|rated|
|rule|Species Clause: Limit one of each Pokémon
|rule|Item Clause: Limit 1 of each item
|clearpoke
|poke|p1|Milotic, L50, M|
|poke|p1|Farigiraf, L50, M|
|poke|p1|Torkoal, L50, F|
|poke|p1|Mawile, L50, M|
|poke|p1|Hydrapple, L50, M|
|poke|p1|Decidueye-Hisui, L50, M|
|poke|p2|Raichu, L50, M|
|poke|p2|Sinistcha, L50|
|poke|p2|Ceruledge, L50, M|
|poke|p2|Milotic, L50, F|
|poke|p2|Incineroar, L50, M|
|poke|p2|Floette-Eternal, L50, F|
|teampreview|4
|showteam|p1|Milotic||Leftovers|Competitive|IceBeam,MuddyWater,Recover,Haze|Modest||M|||50|]Farigiraf||SitrusBerry|ArmorTail|Psychic,TrickRoom,HelpingHand,Protect|Bold||M|||50|]Torkoal||Charcoal|Drought|Eruption,WeatherBall,SolarBeam,Protect|Quiet||F|||50|]Mawile||Mawilite|HyperCutter|PlayRough,SuckerPunch,RockSlide,Protect|Brave||M|||50|]Hydrapple||LifeOrb|Regenerator|FickleBeam,EarthPower,EnergyBall,Protect|Quiet||M|||50|]Decidueye-Hisui||ScopeLens|Scrappy|TripleArrows,LeafBlade,Uturn,Protect|Brave||M|||50|
|showteam|p2|Raichu||RaichuniteY|LightningRod|ZapCannon,FocusBlast,FakeOut,Protect|Timid||M|||50|]Sinistcha||KasibBerry|Hospitality|MatchaGotcha,Protect,RagePowder,TrickRoom|Relaxed|||||50|]Ceruledge||ColburBerry|FlashFire|BitterBlade,ShadowSneak,BulkUp,Protect|Adamant||M|||50|]Milotic||Leftovers|Competitive|MuddyWater,Coil,Hypnosis,Recover|Calm||F|||50|]Incineroar||SitrusBerry|Intimidate|FlareBlitz,ThroatChop,FakeOut,PartingShot|Impish||M|||50|]Floette-Eternal||Floettite|FlowerVeil|CalmMind,Protect,Moonblast,DazzlingGleam|Modest||F|||50|
|inactive|Battle timer is ON: inactive players will automatically lose when time's up. (requested by Isagii)
|inactive|Isagii has 60 seconds left.
|
|t:|1783970998
|teamsize|p1|4
|teamsize|p2|4
|start
|switch|p1a: Farigiraf|Farigiraf, L50, M|100/100
|switch|p1b: Hydrapple|Hydrapple, L50, M|100/100
|switch|p2a: Floette|Floette-Eternal, L50, F|100/100
|switch|p2b: Ceruledge|Ceruledge, L50, M|100/100
|turn|1
|inactive|TeyVgc has 30 seconds left.
|inactive|TeyVgc has 20 seconds left.
|
|t:|1783971035
|detailschange|p2a: Floette|Floette-Mega, L50, F
|-mega|p2a: Floette|Floette|Floettite
|-ability|p2a: Floette|Fairy Aura
|move|p2b: Ceruledge|Protect|p2b: Ceruledge
|-singleturn|p2b: Ceruledge|Protect
|move|p1b: Hydrapple|Protect|p1b: Hydrapple
|-singleturn|p1b: Hydrapple|Protect
|move|p2a: Floette|Calm Mind|p2a: Floette
|-boost|p2a: Floette|spa|1
|-boost|p2a: Floette|spd|1
|move|p1a: Farigiraf|Trick Room|p1a: Farigiraf
|-fieldstart|move: Trick Room|[of] p1a: Farigiraf
|
|upkeep
|turn|2
|
|t:|1783971053
|switch|p1a: Milotic|Milotic, L50, M|100/100
|switch|p2b: Sinistcha|Sinistcha, L50|100/100
|move|p1b: Hydrapple|Earth Power|p2b: Sinistcha
|-resisted|p2b: Sinistcha|1
|-damage|p2b: Sinistcha|79/100
|-damage|p1b: Hydrapple|90/100|[from] item: Life Orb
|move|p2a: Floette|Dazzling Gleam|p1a: Milotic|[spread] p1a,p1b
|-supereffective|p1b: Hydrapple|1
|-damage|p1a: Milotic|48/100
|-damage|p1b: Hydrapple|0 fnt
|faint|p1b: Hydrapple
|
|-heal|p1a: Milotic|53/100|[from] item: Leftovers
|upkeep
|
|t:|1783971061
|switch|p1b: Mawile|Mawile, L50, M|100/100
|turn|3
|
|t:|1783971070
|detailschange|p1b: Mawile|Mawile-Mega, L50, M
|-mega|p1b: Mawile|Mawile|Mawilite
|move|p2b: Sinistcha|Rage Powder|p2b: Sinistcha
|-singleturn|p2b: Sinistcha|move: Rage Powder
|move|p1b: Mawile|Play Rough|p2b: Sinistcha
|-damage|p2b: Sinistcha|0 fnt
|faint|p2b: Sinistcha
|move|p1a: Milotic|Haze|p1a: Milotic
|-clearallboost
|move|p2a: Floette|Moonblast|p1a: Milotic
|-damage|p1a: Milotic|1/100
|-unboost|p1a: Milotic|spa|1
|-ability|p1a: Milotic|Competitive|boost
|-boost|p1a: Milotic|spa|2
|
|-heal|p1a: Milotic|7/100|[from] item: Leftovers
|upkeep
|
|t:|1783971079
|switch|p2b: Incineroar|Incineroar, L50, M|100/100
|-ability|p2b: Incineroar|Intimidate|boost
|-unboost|p1a: Milotic|atk|1
|-ability|p1a: Milotic|Competitive|boost
|-boost|p1a: Milotic|spa|2
|-unboost|p1b: Mawile|atk|1
|turn|4
|inactive|TeyVgc has 30 seconds left.
|
|t:|1783971110
|switch|p1b: Farigiraf|Farigiraf, L50, M|100/100
|move|p2b: Incineroar|Fake Out||[still]
|cant|p1b: Farigiraf|ability: Armor Tail|Fake Out|[of] p2b: Incineroar
|move|p1a: Milotic|Muddy Water|p2a: Floette|[spread] p2a,p2b
|-supereffective|p2b: Incineroar|1
|-damage|p2a: Floette|38/100
|-damage|p2b: Incineroar|0 fnt
|-unboost|p2a: Floette|accuracy|1
|faint|p2b: Incineroar
|move|p2a: Floette|Calm Mind|p2a: Floette
|-boost|p2a: Floette|spa|1
|-boost|p2a: Floette|spd|1
|
|-heal|p1a: Milotic|13/100|[from] item: Leftovers
|upkeep
|
|t:|1783971114
|switch|p2b: Ceruledge|Ceruledge, L50, M|100/100
|turn|5
|
|t:|1783971122
|move|p2b: Ceruledge|Protect|p2b: Ceruledge
|-singleturn|p2b: Ceruledge|Protect
|move|p2a: Floette|Protect|p2a: Floette
|-singleturn|p2a: Floette|Protect
|move|p1b: Farigiraf|Psychic|p2b: Ceruledge
|-activate|p2b: Ceruledge|move: Protect
|move|p1a: Milotic|Muddy Water|p2b: Ceruledge|[spread] 
|-activate|p2a: Floette|move: Protect
|-activate|p2b: Ceruledge|move: Protect
|
|-heal|p1a: Milotic|19/100|[from] item: Leftovers
|-fieldend|move: Trick Room
|upkeep
|turn|6
|
|t:|1783971131
|move|p2a: Floette|Dazzling Gleam|p1b: Farigiraf|[spread] p1a,p1b
|-damage|p1a: Milotic|0 fnt
|-damage|p1b: Farigiraf|40/100
|-enditem|p1b: Farigiraf|Sitrus Berry|[eat]
|-heal|p1b: Farigiraf|65/100|[from] item: Sitrus Berry
|faint|p1a: Milotic
|move|p2b: Ceruledge|Bitter Blade|p1b: Farigiraf
|-damage|p1b: Farigiraf|24/100
|move|p1b: Farigiraf|Trick Room|p1b: Farigiraf
|-fieldstart|move: Trick Room|[of] p1b: Farigiraf
|
|upkeep
|
|t:|1783971134
|switch|p1a: Mawile|Mawile-Mega, L50, M|100/100
|turn|7
|
|t:|1783971142
|move|p1a: Mawile|Protect|p1a: Mawile
|-singleturn|p1a: Mawile|Protect
|move|p2a: Floette|Protect|p2a: Floette
|-singleturn|p2a: Floette|Protect
|move|p1b: Farigiraf|Psychic|p2a: Floette
|-activate|p2a: Floette|move: Protect
|move|p2b: Ceruledge|Bitter Blade|p1a: Mawile
|-activate|p1a: Mawile|move: Protect
|
|upkeep
|turn|8
|
|t:|1783971160
|move|p1a: Mawile|Play Rough|p2a: Floette
|-damage|p2a: Floette|0 fnt
|faint|p2a: Floette
|move|p1b: Farigiraf|Psychic|p2b: Ceruledge
|-damage|p2b: Ceruledge|60/100
|move|p2b: Ceruledge|Bitter Blade|p1b: Farigiraf
|-damage|p1b: Farigiraf|0 fnt
|-heal|p2b: Ceruledge|74/100|[from] drain|[of] p1b: Farigiraf
|faint|p1b: Farigiraf
|
|upkeep
|turn|9
|
|t:|1783971168
|move|p2b: Ceruledge|Protect|p2b: Ceruledge
|-singleturn|p2b: Ceruledge|Protect
|move|p1a: Mawile|Sucker Punch||[still]
|-fail|p1a: Mawile
|
|upkeep
|turn|10
|
|t:|1783971175
|move|p1a: Mawile|Sucker Punch||[still]
|-fail|p1a: Mawile
|move|p2b: Ceruledge|Bulk Up|p2b: Ceruledge
|-boost|p2b: Ceruledge|atk|1
|-boost|p2b: Ceruledge|def|1
|
|-fieldend|move: Trick Room
|upkeep
|turn|11
|
|t:|1783971181
|move|p2b: Ceruledge|Bitter Blade|p1a: Mawile
|-supereffective|p1a: Mawile|1
|-damage|p1a: Mawile|0 fnt
|-heal|p2b: Ceruledge|100/100|[from] drain|[of] p1a: Mawile
|faint|p1a: Mawile
|
|win|TeyVgc
