|j|☆glubglobs
|j|☆Zady11
|html|glubglobsZady11    
|uhtml|bestof|Game 2 of a best-of-3
|t:|1756310416
|gametype|doubles
|player|p1|glubglobs|102|1215
|player|p2|Zady11|guitarist|1220
|gen|9
|tier|[Gen 9] VGC 2025 Reg H (Bo3)
|rated|
|rule|Species Clause: Limit one of each Pokémon
|rule|Item Clause: Limit 1 of each item
|clearpoke
|poke|p1|Primarina, L50, M|
|poke|p1|Sneasler, L50, M|
|poke|p1|Electabuzz, L50, F|
|poke|p1|Kingambit, L50, F|
|poke|p1|Dragapult, L50, M|
|poke|p1|Rillaboom, L50, M|
|poke|p2|Whimsicott, L50, M|
|poke|p2|Typhlosion-Hisui, L50, F|
|poke|p2|Basculegion, L50, M|
|poke|p2|Ursaluna-Bloodmoon, L50, M|
|poke|p2|Farigiraf, L50, M|
|poke|p2|Maushold-Four, L50|
|teampreview|4
|showteam|p1|Primarina||ThroatSpray|LiquidVoice|Protect,Haze,HyperVoice,Moonblast|||M|||50|,,,,,Poison]Sneasler||FocusSash|PoisonTouch|Protect,NightSlash,DireClaw,CloseCombat|||M|||50|,,,,,Stellar]Electabuzz||Eviolite|VitalSpirit|Protect,FollowMe,Taunt,Electroweb|||F|||50|,,,,,Fairy]Kingambit||BlackGlasses|Defiant|Protect,SwordsDance,SuckerPunch,KowtowCleave|||F|||50|,,,,,Dark]Dragapult||ChoiceBand|ClearBody|Uturn,DragonDarts,PhantomForce,Outrage|||M|||50|,,,,,Dragon]Rillaboom||AssaultVest|GrassySurge|FakeOut,Uturn,GrassyGlide,WoodHammer|||M|||50|,,,,,Fire
|showteam|p2|Whimsicott||CovertCloak|Prankster|Moonblast,SunnyDay,Encore,Tailwind|||M|||50|,,,,,Water]Typhlosion-Hisui||ChoiceSpecs|Blaze|Eruption,HeatWave,ShadowBall,Overheat|||F|||50|,,,,,Fire]Basculegion||ChoiceScarf|Adaptability|WaveCrash,LastRespects,AquaJet,FlipTurn|||M|||50|,,,,,Water]Ursaluna-Bloodmoon||LifeOrb|MindsEye|BloodMoon,HyperVoice,EarthPower,Protect|||M|||50|,,,,,Normal]Farigiraf||ThroatSpray|ArmorTail|HyperVoice,HelpingHand,Psychic,TrickRoom|||M|||50|,,,,,Fire]Maushold-Four||WideLens|Technician|PopulationBomb,Taunt,FollowMe,Protect||||||50|,,,,,Ghost
|inactive|Battle timer is ON: inactive players will automatically lose when time's up. (requested by glubglobs)
|inactive|glubglobs has 60 seconds left.
|
|t:|1756310459
|teamsize|p1|4
|teamsize|p2|4
|start
|switch|p1a: Sneasler|Sneasler, L50, M|100/100
|switch|p1b: Kingambit|Kingambit, L50, F|100/100
|switch|p2a: Sr Rubio|Whimsicott, L50, M|100/100
|switch|p2b: Sr Marrón|Ursaluna-Bloodmoon, L50, M|100/100
|turn|1
|inactive|Zady11 has 30 seconds left.
|inactive|Zady11 has 20 seconds left.
|
|t:|1756310498
|move|p2a: Sr Rubio|Tailwind|p2a: Sr Rubio
|-sidestart|p2: Zady11|move: Tailwind
|move|p2b: Sr Marrón|Earth Power|p1a: Sneasler
|-supereffective|p1a: Sneasler
|-enditem|p1a: Sneasler|Focus Sash
|-damage|p1a: Sneasler|1/100
|-damage|p2b: Sr Marrón|91/100|[from] item: Life Orb
|move|p1a: Sneasler|Close Combat|p2b: Sr Marrón
|-supereffective|p2b: Sr Marrón
|-damage|p2b: Sr Marrón|0 fnt
|-unboost|p1a: Sneasler|def|1
|-unboost|p1a: Sneasler|spd|1
|faint|p2b: Sr Marrón
|move|p1b: Kingambit|Swords Dance|p1b: Kingambit
|-boost|p1b: Kingambit|atk|2
|
|upkeep
|
|t:|1756310514
|switch|p2b: Sr Rosa|Typhlosion-Hisui, L50, F|100/100
|turn|2
|
|t:|1756310520
|switch|p2a: Sr Naranja|Farigiraf, L50, M, shiny|100/100
|-terastallize|p2b: Sr Rosa|Fire
|move|p1a: Sneasler|Protect|p1a: Sneasler
|-singleturn|p1a: Sneasler|Protect
|move|p1b: Kingambit|Protect|p1b: Kingambit
|-singleturn|p1b: Kingambit|Protect
|move|p2b: Sr Rosa|Eruption|p1a: Sneasler|[spread] 
|-activate|p1a: Sneasler|move: Protect
|-activate|p1b: Kingambit|move: Protect
|
|upkeep
|turn|3
|
|t:|1756310541
|-terastallize|p1b: Kingambit|Dark
|move|p2a: Sr Naranja|Helping Hand|p2b: Sr Rosa
|-singleturn|p2b: Sr Rosa|Helping Hand|[of] p2a: Sr Naranja
|move|p2b: Sr Rosa|Eruption|p1a: Sneasler|[spread] p1a,p1b
|-damage|p1a: Sneasler|0 fnt
|-damage|p1b: Kingambit|0 fnt
|faint|p1a: Sneasler
|faint|p1b: Kingambit
|
|upkeep
|
|t:|1756310552
|switch|p1a: Primarina|Primarina, L50, M|100/100
|switch|p1b: Dragapult|Dragapult, L50, M|100/100
|turn|4
|
|t:|1756310561
|switch|p2b: Sr Rubio|Whimsicott, L50, M|100/100
|move|p1b: Dragapult|Dragon Darts|p2a: Sr Naranja
|-damage|p2a: Sr Naranja|68/100
|-anim|p1b: Dragapult|Dragon Darts|p2a: Sr Naranja
|-crit|p2a: Sr Naranja
|-damage|p2a: Sr Naranja|17/100
|move|p2a: Sr Naranja|Hyper Voice|p1a: Primarina|[spread] p1a
|-immune|p1b: Dragapult
|-damage|p1a: Primarina|81/100
|-enditem|p2a: Sr Naranja|Throat Spray
|-boost|p2a: Sr Naranja|spa|1|[from] item: Throat Spray
|move|p1a: Primarina|Hyper Voice|p2a: Sr Naranja|[spread] p2a,p2b
|-crit|p2a: Sr Naranja
|-resisted|p2b: Sr Rubio
|-damage|p2a: Sr Naranja|0 fnt
|-damage|p2b: Sr Rubio|81/100
|faint|p2a: Sr Naranja
|-enditem|p1a: Primarina|Throat Spray
|-boost|p1a: Primarina|spa|1|[from] item: Throat Spray
|
|-sideend|p2: Zady11|move: Tailwind
|upkeep
|
|t:|1756310579
|switch|p2a: Sr Rosa|Typhlosion-Hisui, L50, F, tera:Fire|100/100
|turn|5
|
|t:|1756310597
|move|p2b: Sr Rubio|Tailwind|p2b: Sr Rubio
|-sidestart|p2: Zady11|move: Tailwind
|move|p2a: Sr Rosa|Eruption|p1b: Dragapult|[spread] p1a,p1b
|-resisted|p1a: Primarina
|-resisted|p1b: Dragapult
|-damage|p1a: Primarina|36/100
|-damage|p1b: Dragapult|26/100
|move|p1b: Dragapult|Dragon Darts|p2a: Sr Rosa
|-damage|p2a: Sr Rosa|45/100
|-anim|p1b: Dragapult|Dragon Darts|p2a: Sr Rosa
|-damage|p2a: Sr Rosa|0 fnt
|faint|p2a: Sr Rosa
|move|p1a: Primarina|Hyper Voice|p2b: Sr Rubio
|-resisted|p2b: Sr Rubio
|-damage|p2b: Sr Rubio|43/100
|
|upkeep
|turn|6
|
|t:|1756310616
|move|p2b: Sr Rubio|Moonblast|p1a: Primarina
|-damage|p1a: Primarina|16/100
|move|p1b: Dragapult|Dragon Darts|p2b: Sr Rubio
|-immune|p2b: Sr Rubio
|move|p1a: Primarina|Moonblast|p2b: Sr Rubio
|-damage|p2b: Sr Rubio|0 fnt
|faint|p2b: Sr Rubio
|
|win|glubglobs
||glubglobs is ready for game 3.
|inactive|Zady11 has 30 seconds to confirm battle start!
||Zady11 is ready for game 3.
|uhtml|next|Next: Game 3 of 3
