|j|☆treb clef
|j|☆joey
|html|treb clefjoey    
|uhtml|bestof|Game 2 of a best-of-3
|t:|1784400294
|gametype|doubles
|player|p1|treb clef|clay|
|player|p2|joey|#gcplgrapes|
|gen|9
|tier|[Gen 9 Champions] VGC 2026 Reg M-B (Bo3)
|rule|Species Clause: Limit one of each Pokémon
|rule|Item Clause: Limit 1 of each item
|clearpoke
|poke|p1|Floette-Eternal, L50, F|
|poke|p1|Milotic, L50, F|
|poke|p1|Grimmsnarl, L50, M|
|poke|p1|Hydreigon, L50, M|
|poke|p1|Staraptor, L50, F|
|poke|p1|Arcanine-Hisui, L50, M|
|poke|p2|Charizard, L50, F|
|poke|p2|Maushold, L50|
|poke|p2|Annihilape, L50, M|
|poke|p2|Simipour, L50, F, shiny|
|poke|p2|Venusaur, L50, F|
|poke|p2|Skarmory, L50, F|
|teampreview|4
|showteam|p1|Floette-Eternal||Floettite|FlowerVeil|DrainingKiss,DazzlingGleam,Protect,CalmMind|Modest||F|||50|]Milotic||Leftovers|Competitive|LifeDew,IcyWind,Scald,Protect|Bold||F|||50|]Grimmsnarl||LightClay|Prankster|LightScreen,Reflect,ScaryFace,SpiritBreak|Careful||M|||50|]Hydreigon||DragonFang|Levitate|Taunt,Tailwind,Snarl,DracoMeteor|Timid||M|||50|]Staraptor||Staraptite|Intimidate|Protect,Roost,CloseCombat,BraveBird|Jolly||F|||50|]Arcanine-Hisui||ChoiceScarf|RockHead|WillOWisp,RockSlide,FlareBlitz,HeadSmash|Jolly||M|||50|
|showteam|p2|Charizard||CharizarditeY|Blaze|HeatWave,WeatherBall,SolarBeam,Protect|Timid||F|||50|]Maushold||WideLens|FriendGuard|BeatUp,PopulationBomb,FollowMe,Protect|Jolly|||||50|]Annihilape||RoseliBerry|Defiant|RageFist,DrainPunch,BulkUp,Protect|Adamant||M|||50|]Simipour||FocusSash|Torrent|FakeOut,Scald,IcyWind,Protect|Timid||F|||50|]Venusaur||LifeOrb|Chlorophyll|SludgeBomb,GigaDrain,EarthPower,Protect|Modest||F|||50|]Skarmory||Skarmorite|KeenEye|IronHead,BraveBird,SwordsDance,Protect|Jolly||F|||50|
|inactive|Battle timer is ON: inactive players will automatically lose when time's up. (requested by joey)
|inactiveoff|Battle timer is now OFF.
|
|t:|1784400324
|teamsize|p1|4
|teamsize|p2|4
|start
|switch|p1a: Staraptor|Staraptor, L50, F|100/100
|switch|p1b: Grimmsnarl|Grimmsnarl, L50, M|100/100
|switch|p2a: Maustudio|Maushold, L50|100/100
|switch|p2b: Determinate|Annihilape, L50, M|100/100
|-ability|p1a: Staraptor|Intimidate|boost
|-unboost|p2a: Maustudio|atk|1
|-unboost|p2b: Determinate|atk|1
|-ability|p2b: Determinate|Defiant|boost
|-boost|p2b: Determinate|atk|2
|turn|1
|j| Milkshook♡
|
|t:|1784400361
|detailschange|p1a: Staraptor|Staraptor-Mega, L50, F
|-mega|p1a: Staraptor|Staraptor|Staraptite
|move|p1b: Grimmsnarl|Scary Face|p2a: Maustudio
|-unboost|p2a: Maustudio|spe|2
|move|p1a: Staraptor|Close Combat|p2a: Maustudio
|-supereffective|p2a: Maustudio|1
|-damage|p2a: Maustudio|0 fnt
|-boost|p1a: Staraptor|def|1
|-boost|p1a: Staraptor|spd|1
|faint|p2a: Maustudio
|move|p2b: Determinate|Drain Punch|p1b: Grimmsnarl
|-damage|p1b: Grimmsnarl|19/100
|
|upkeep
|
|t:|1784400374
|switch|p2a: Incineroаr|Simipour, L50, F, shiny|100/100
|turn|2
|
|t:|1784400421
|move|p1a: Staraptor|Protect|p1a: Staraptor
|-singleturn|p1a: Staraptor|Protect
|move|p1b: Grimmsnarl|Light Screen|p1b: Grimmsnarl
|-sidestart|p1: treb clef|move: Light Screen
|move|p2a: Incineroаr|Scald|p1a: Staraptor
|-activate|p1a: Staraptor|move: Protect
|move|p2b: Determinate|Drain Punch|p1b: Grimmsnarl
|-damage|p1b: Grimmsnarl|0 fnt
|faint|p1b: Grimmsnarl
|
|upkeep
|
|t:|1784400446
|switch|p1b: Hydreigon|Hydreigon, L50, M|100/100
|turn|3
|
|t:|1784400476
|move|p2b: Determinate|Protect|p2b: Determinate
|-singleturn|p2b: Determinate|Protect
|move|p1a: Staraptor|Brave Bird|p2b: Determinate
|-activate|p2b: Determinate|move: Protect
|move|p2a: Incineroаr|Scald|p1a: Staraptor
|-damage|p1a: Staraptor|85/100
|move|p1b: Hydreigon|Draco Meteor|p2a: Incineroаr
|-enditem|p2a: Incineroаr|Focus Sash
|-damage|p2a: Incineroаr|1/100
|-unboost|p1b: Hydreigon|spa|2
|
|upkeep
|turn|4
|
|t:|1784400505
|switch|p2b: Skam|Skarmory, L50, F|100/100
|move|p1a: Staraptor|Close Combat|p2a: Incineroаr
|-damage|p2a: Incineroаr|0 fnt
|-boost|p1a: Staraptor|def|1
|-boost|p1a: Staraptor|spd|1
|faint|p2a: Incineroаr
|move|p1b: Hydreigon|Taunt|p2b: Skam
|-start|p2b: Skam|move: Taunt
|
|upkeep
|
|t:|1784400513
|switch|p2a: Determinate|Annihilape, L50, M|100/100
|turn|5
|
|t:|1784400543
|detailschange|p2b: Skam|Skarmory-Mega, L50, F
|-mega|p2b: Skam|Skarmory|Skarmorite
|move|p2b: Skam|Brave Bird|p1a: Staraptor
|-supereffective|p1a: Staraptor|1
|-damage|p1a: Staraptor|19/100
|-damage|p2b: Skam|70/100|[from] Recoil
|move|p1a: Staraptor|Close Combat|p2b: Skam
|-damage|p2b: Skam|8/100
|-boost|p1a: Staraptor|def|1
|-boost|p1a: Staraptor|spd|1
|move|p1b: Hydreigon|Taunt|p2a: Determinate
|-start|p2a: Determinate|move: Taunt
|move|p2a: Determinate|Rage Fist|p1a: Staraptor
|-damage|p1a: Staraptor|8/100
|
|upkeep
|turn|6
|
|t:|1784400576
|move|p1a: Staraptor|Protect|p1a: Staraptor
|-singleturn|p1a: Staraptor|Protect
|move|p2b: Skam|Iron Head|p1a: Staraptor
|-activate|p1a: Staraptor|move: Protect
|move|p1b: Hydreigon|Draco Meteor|p2b: Skam
|-resisted|p2b: Skam|1
|-damage|p2b: Skam|0 fnt
|-unboost|p1b: Hydreigon|spa|2
|faint|p2b: Skam
|move|p2a: Determinate|Drain Punch|p1b: Hydreigon
|-supereffective|p1b: Hydreigon|1
|-damage|p1b: Hydreigon|11/100
|
|upkeep
|turn|7
|
|t:|1784400596
|switch|p1b: Milotic|Milotic, L50, F|100/100
|move|p1a: Staraptor|Roost|p1a: Staraptor
|-heal|p1a: Staraptor|58/100
|-singleturn|p1a: Staraptor|move: Roost
|move|p2a: Determinate|Rage Fist|p1a: Staraptor
|-damage|p1a: Staraptor|48/100
|
|-end|p2a: Determinate|move: Taunt
|upkeep
|turn|8
|
|t:|1784400609
|move|p1a: Staraptor|Brave Bird|p2a: Determinate
|-supereffective|p2a: Determinate|1
|-damage|p2a: Determinate|0 fnt
|faint|p2a: Determinate
|-damage|p1a: Staraptor|10/100|[from] Recoil
|
|win|treb clef
||joey is ready for game 3.
||treb clef is ready for game 3.
|uhtml|next|Next: Game 3 of 3
|l| Milkshook♡
