|j|☆poketamon
|j|☆hongbong
|html|poketamonhongbong    
|uhtml|bestof|Game 2 of a best-of-3
|t:|1785982642
|gametype|doubles
|player|p1|poketamon|lucas|1000
|player|p2|hongbong|170|1147
|gen|9
|tier|[Gen 9 Champions] VGC 2026 Reg M-B (Bo3)
|rated|
|rule|Species Clause: Limit one of each Pokémon
|rule|Item Clause: Limit 1 of each item
|clearpoke
|poke|p1|Scolipede, L50, F|
|poke|p1|Rotom-Wash, L50|
|poke|p1|Infernape, L50, M|
|poke|p1|Forretress, L50, F|
|poke|p1|Hydrapple, L50, F|
|poke|p1|Chimecho, L50, F|
|poke|p2|Whimsicott, L50, F|
|poke|p2|Chandelure, L50, M|
|poke|p2|Annihilape, L50, M|
|poke|p2|Lucario, L50, F|
|poke|p2|Tsareena, L50, F|
|poke|p2|Kangaskhan, L50, F|
|teampreview|4
|showteam|p1|Scolipede||Scolipite|SpeedBoost|Protect,Megahorn,GunkShot,Earthquake|Adamant||F|||50|]Rotom-Wash||RindoBerry|Levitate|HydroPump,VoltSwitch,PainSplit,WillOWisp|Timid|||||50|]Infernape||ExpertBelt|Blaze|CloseCombat,FlareBlitz,Overheat,Uturn|Hasty||M|||50|]Forretress||OccaBerry|Sturdy|RapidSpin,Spikes,StealthRock,VoltSwitch|Impish||F|||50|]Hydrapple||Leftovers|Regenerator|EarthPower,FickleBeam,GigaDrain,NastyPlot|Modest||F|||50|]Chimecho||ChoiceScarf|Levitate|HealBell,HealingWish,PsychicNoise,ThunderWave|Timid||F|||50|
|showteam|p2|Whimsicott||FocusSash|Prankster|Moonblast,Tailwind,BeatUp,Protect|Timid||F|||50|]Chandelure||Chandelurite|FlashFire|HeatWave,ShadowBall,Protect,TrickRoom|Quiet||M|||50|]Annihilape||CobaBerry|Defiant|DrainPunch,RageFist,Encore,Protect|Adamant||M|||50|]Lucario||Lucarionite|Justified|CloseCombat,BulletPunch,RockSlide,Protect|Adamant||F|||50|]Tsareena||WideLens|QueenlyMajesty|PowerWhip,TripleAxel,Taunt,Protect|Careful||F|||50|]Kangaskhan||SilkScarf|Scrappy|FakeOut,LastResort|Adamant||F|||50|
|
|t:|1785982663
|teamsize|p1|4
|teamsize|p2|4
|start
|switch|p1a: Chimecho|Chimecho, L50, F|100/100
|switch|p1b: Rotom|Rotom-Wash, L50|100/100
|switch|p2a: Whimsicott|Whimsicott, L50, F|100/100
|switch|p2b: Lucario|Lucario, L50, F|100/100
|turn|1
|
|t:|1785982680
|move|p1a: Chimecho|Thunder Wave|p2b: Lucario
|-status|p2b: Lucario|par
|move|p2a: Whimsicott|Beat Up|p2b: Lucario
|-resisted|p2b: Lucario|1
|-damage|p2b: Lucario|98/100 par
|-ability|p2b: Lucario|Justified|boost
|-boost|p2b: Lucario|atk|1
|-resisted|p2b: Lucario|1
|-damage|p2b: Lucario|97/100 par
|-ability|p2b: Lucario|Justified|boost
|-boost|p2b: Lucario|atk|1
|-resisted|p2b: Lucario|1
|-damage|p2b: Lucario|95/100 par
|-ability|p2b: Lucario|Justified|boost
|-boost|p2b: Lucario|atk|1
|-hitcount|p2b: Lucario|3
|move|p1b: Rotom|Volt Switch|p2a: Whimsicott
|-resisted|p2a: Whimsicott|1
|-damage|p2a: Whimsicott|80/100
|
|t:|1785982696
|switch|p1b: Scolipede|Scolipede, L50, F|100/100|[from] Volt Switch
|cant|p2b: Lucario|par
|
|upkeep
|turn|2
|
|t:|1785982707
|detailschange|p2b: Lucario|Lucario-Mega, L50, F
|-mega|p2b: Lucario|Lucario|Lucarionite
|move|p1b: Scolipede|Protect|p1b: Scolipede
|-singleturn|p1b: Scolipede|Protect
|move|p2a: Whimsicott|Tailwind|p2a: Whimsicott
|-sidestart|p2: hongbong|move: Tailwind
|move|p1a: Chimecho|Thunder Wave|p2a: Whimsicott
|-status|p2a: Whimsicott|par
|cant|p2b: Lucario|par
|
|-ability|p1b: Scolipede|Speed Boost|boost
|-boost|p1b: Scolipede|spe|1
|upkeep
|turn|3
|
|t:|1785982725
|switch|p1a: Rotom|Rotom-Wash, L50|100/100
|switch|p2a: Annihilape|Annihilape, L50, M|100/100
|detailschange|p1b: Scolipede|Scolipede-Mega, L50, F
|-mega|p1b: Scolipede|Scolipede|Scolipite
|move|p2b: Lucario|Rock Slide|p1b: Scolipede|[spread] p1a,p1b
|-supereffective|p1b: Scolipede|1
|-damage|p1a: Rotom|48/100
|-damage|p1b: Scolipede|15/100
|move|p1b: Scolipede|Earthquake|p2b: Lucario|[spread] p2a,p2b
|-immune|p1a: Rotom|[from] ability: Levitate
|-crit|p2a: Annihilape
|-supereffective|p2b: Lucario|1
|-damage|p2a: Annihilape|60/100
|-damage|p2b: Lucario|29/100 par
|
|upkeep
|turn|4
|
|t:|1785982747
|move|p1b: Scolipede|Protect|p1b: Scolipede
|-singleturn|p1b: Scolipede|Protect
|move|p2a: Annihilape|Rage Fist|p1a: Rotom
|-damage|p1a: Rotom|0 fnt
|faint|p1a: Rotom
|move|p2b: Lucario|Rock Slide|p1b: Scolipede
|-activate|p1b: Scolipede|move: Protect
|
|upkeep
|
|t:|1785982760
|switch|p1a: Chimecho|Chimecho, L50, F|100/100
|turn|5
|
|t:|1785982768
|move|p2b: Lucario|Bullet Punch|p1b: Scolipede
|-damage|p1b: Scolipede|0 fnt
|faint|p1b: Scolipede
|move|p2a: Annihilape|Rage Fist|p1a: Chimecho
|-supereffective|p1a: Chimecho|1
|-damage|p1a: Chimecho|0 fnt
|faint|p1a: Chimecho
|
|-sideend|p2: hongbong|move: Tailwind
|upkeep
|
|t:|1785982786
|switch|p1a: Infernape|Infernape, L50, M|100/100
|turn|6
|
|t:|1785982793
|move|p2b: Lucario|Bullet Punch|p1a: Infernape
|-resisted|p1a: Infernape|1
|-damage|p1a: Infernape|34/100
|move|p1a: Infernape|Overheat|p2a: Annihilape
|-damage|p2a: Annihilape|15/100
|-unboost|p1a: Infernape|spa|2
|move|p2a: Annihilape|Rage Fist|p1a: Infernape
|-damage|p1a: Infernape|0 fnt
|faint|p1a: Infernape
|
|win|hongbong
|raw|poketamon's rating: 1000 → 1000(+0 for losing)
|raw|hongbong's rating: 1147 → 1162(+15 for winning)
|c|☆poketamon|gg
|l|☆hongbong
|player|p2|
