|j|☆FabbroBastardo
|j|☆magic 561
|html|FabbroBastardomagic 561    
|uhtml|bestof|Game 3 of a best-of-3
|t:|1755778582
|gametype|doubles
|player|p1|FabbroBastardo|265|1417
|player|p2|magic 561|2|1355
|gen|9
|tier|[Gen 9] VGC 2025 Reg H (Bo3)
|rated|
|rule|Species Clause: Limit one of each Pokémon
|rule|Item Clause: Limit 1 of each item
|clearpoke
|poke|p1|Incineroar, L50, M|
|poke|p1|Amoonguss, L50, M|
|poke|p1|Gholdengo, L50|
|poke|p1|Pelipper, L50, M|
|poke|p1|Archaludon, L50, M|
|poke|p1|Basculegion, L50, M|
|poke|p2|Hydreigon, L50, F|
|poke|p2|Metagross, L50|
|poke|p2|Ninetales-Alola, L50, M|
|poke|p2|Basculegion, L50, M|
|poke|p2|Kilowattrel, L50, F|
|poke|p2|Incineroar, L50, M|
|teampreview|4
|showteam|p1|Incineroar||SafetyGoggles|Intimidate|FakeOut,KnockOff,Taunt,PartingShot|||M|||50|,,,,,Ghost]Amoonguss||SitrusBerry|Regenerator|Spore,RagePowder,PollenPuff,Protect|||M|||50|,,,,,Fairy]Gholdengo||LifeOrb|GoodasGold|MakeItRain,ShadowBall,NastyPlot,Protect||||||50|,,,,,Water]Pelipper||FocusSash|Drizzle|WeatherBall,Hurricane,Tailwind,Protect|||M|||50|,,,,,Ghost]Archaludon||AssaultVest|Stamina|ElectroShot,DragonPulse,FlashCannon,BodyPress|||M|||50|,,,,,Grass]Basculegion||ChoiceBand|SwiftSwim|WaveCrash,AquaJet,FlipTurn,LastRespects|||M|||50|,,,,,Water
|showteam|p2|Hydreigon||LifeOrb|Levitate|DarkPulse,DracoMeteor,EarthPower,Protect|||F|||50|,,,,,Poison]Metagross||AssaultVest|ClearBody|BulletPunch,HeavySlam,PsychicFangs,HammerArm||||||50|,,,,,Water]Ninetales-Alola||NeverMeltIce|SnowWarning|Moonblast,IcyWind,Blizzard,Protect|||M|||50|,,,,,Ice]Basculegion||ChoiceScarf|Adaptability|WaveCrash,LastRespects,AquaJet,FlipTurn|||M|||50|,,,,,Grass]Kilowattrel||FocusSash|Competitive|Thunderbolt,AirSlash,Tailwind,Protect|||F|||50|,,,,,Ghost]Incineroar||SafetyGoggles|Intimidate|KnockOff,FlareBlitz,PartingShot,FakeOut|||M|||50|,,,,,Ghost
|inactive|Battle timer is ON: inactive players will automatically lose when time's up. (requested by magic 561)
|inactive|FabbroBastardo has 60 seconds left.
|
|t:|1755778631
|teamsize|p1|4
|teamsize|p2|4
|start
|switch|p1a: Amoonguss|Amoonguss, L50, M|100/100
|switch|p1b: Archaludon|Archaludon, L50, M|100/100
|switch|p2a: Kilowattrel|Kilowattrel, L50, F|100/100
|switch|p2b: Adel|Hydreigon, L50, F|100/100
|turn|1
|inactive|FabbroBastardo has 30 seconds left.
|inactive|FabbroBastardo has 20 seconds left.
|inactive|FabbroBastardo has 15 seconds left.
|inactive|FabbroBastardo has 10 seconds left.
|
|t:|1755778678
|move|p2a: Kilowattrel|Protect|p2a: Kilowattrel
|-singleturn|p2a: Kilowattrel|Protect
|move|p2b: Adel|Protect|p2b: Adel
|-singleturn|p2b: Adel|Protect
|move|p1b: Archaludon|Dragon Pulse|p2a: Kilowattrel
|-activate|p2a: Kilowattrel|move: Protect
|move|p1a: Amoonguss|Spore|p2b: Adel
|-activate|p2b: Adel|move: Protect
|
|upkeep
|turn|2
|inactive|FabbroBastardo has 30 seconds left.
|
|t:|1755778704
|move|p1a: Amoonguss|Rage Powder|p1a: Amoonguss
|-singleturn|p1a: Amoonguss|move: Rage Powder
|move|p2a: Kilowattrel|Air Slash|p1a: Amoonguss
|-supereffective|p1a: Amoonguss
|-damage|p1a: Amoonguss|37/100
|-enditem|p1a: Amoonguss|Sitrus Berry|[eat]
|-heal|p1a: Amoonguss|62/100|[from] item: Sitrus Berry
|move|p2b: Adel|Draco Meteor|p1a: Amoonguss
|-crit|p1a: Amoonguss
|-damage|p1a: Amoonguss|0 fnt
|-unboost|p2b: Adel|spa|2
|faint|p1a: Amoonguss
|-damage|p2b: Adel|91/100|[from] item: Life Orb
|move|p1b: Archaludon|Dragon Pulse|p2a: Kilowattrel
|-damage|p2a: Kilowattrel|26/100
|
|upkeep
|
|t:|1755778712
|switch|p1a: Basculegion|Basculegion, L50, M|100/100
|turn|3
|
|t:|1755778731
|switch|p1b: Pelipper|Pelipper, L50, M|100/100
|-weather|RainDance|[from] ability: Drizzle|[of] p1b: Pelipper
|-terastallize|p1a: Basculegion|Water
|move|p2a: Kilowattrel|Protect|p2a: Kilowattrel
|-singleturn|p2a: Kilowattrel|Protect
|move|p2b: Adel|Protect|p2b: Adel
|-singleturn|p2b: Adel|Protect
|move|p1a: Basculegion|Flip Turn|p2a: Kilowattrel
|-activate|p2a: Kilowattrel|move: Protect
|
|-weather|RainDance|[upkeep]
|upkeep
|turn|4
|
|t:|1755778748
|switch|p1a: Archaludon|Archaludon, L50, M|100/100
|switch|p2b: Ninetales|Ninetales-Alola, L50, M|100/100
|-weather|Snowscape|[from] ability: Snow Warning|[of] p2b: Ninetales
|move|p2a: Kilowattrel|Thunderbolt|p1a: Archaludon
|-resisted|p1a: Archaludon
|-damage|p1a: Archaludon|86/100
|-ability|p1a: Archaludon|Stamina|boost
|-boost|p1a: Archaludon|def|1
|move|p1b: Pelipper|Tailwind|p1b: Pelipper
|-sidestart|p1: FabbroBastardo|move: Tailwind
|
|-weather|Snowscape|[upkeep]
|upkeep
|turn|5
|
|t:|1755778766
|move|p2a: Kilowattrel|Protect|p2a: Kilowattrel
|-singleturn|p2a: Kilowattrel|Protect
|move|p2b: Ninetales|Protect|p2b: Ninetales
|-singleturn|p2b: Ninetales|Protect
|move|p1a: Archaludon|Flash Cannon|p2b: Ninetales
|-activate|p2b: Ninetales|move: Protect
|move|p1b: Pelipper|Weather Ball|p2a: Kilowattrel
|-activate|p2a: Kilowattrel|move: Protect
|
|-weather|Snowscape|[upkeep]
|upkeep
|turn|6
|
|t:|1755778787
|switch|p2b: Basculegion|Basculegion, L50, M|100/100
|move|p1a: Archaludon|Flash Cannon|p2b: Basculegion
|-resisted|p2b: Basculegion
|-damage|p2b: Basculegion|79/100
|move|p1b: Pelipper|Weather Ball|p2a: Kilowattrel
|-supereffective|p2a: Kilowattrel
|-damage|p2a: Kilowattrel|0 fnt
|faint|p2a: Kilowattrel
|
|-weather|Snowscape|[upkeep]
|upkeep
|
|t:|1755778797
|switch|p2a: Adel|Hydreigon, L50, F|91/100
|turn|7
|inactive|magic 561 has 30 seconds left.
|
|t:|1755778825
|switch|p1b: Basculegion|Basculegion, L50, M, tera:Water|100/100
|move|p2a: Adel|Protect|p2a: Adel
|-singleturn|p2a: Adel|Protect
|move|p1a: Archaludon|Dragon Pulse|p2b: Basculegion
|-damage|p2b: Basculegion|28/100
|move|p2b: Basculegion|Last Respects|p1b: Basculegion
|-damage|p1b: Basculegion|14/100
|
|-weather|Snowscape|[upkeep]
|-sideend|p1: FabbroBastardo|move: Tailwind
|upkeep
|turn|8
|inactive|magic 561 has 30 seconds left.
|
|t:|1755778852
|switch|p1a: Pelipper|Pelipper, L50, M|100/100
|-weather|RainDance|[from] ability: Drizzle|[of] p1a: Pelipper
|move|p1b: Basculegion|Flip Turn|p2b: Basculegion
|-resisted|p2b: Basculegion
|-damage|p2b: Basculegion|0 fnt
|faint|p2b: Basculegion
|
|t:|1755778860
|switch|p1b: Archaludon|Archaludon, L50, M|86/100|[from] Flip Turn
|move|p2a: Adel|Dark Pulse|p1a: Pelipper
|-damage|p1a: Pelipper|14/100
|-damage|p2a: Adel|81/100|[from] item: Life Orb
|
|-weather|RainDance|[upkeep]
|upkeep
|
|t:|1755778866
|switch|p2b: Ninetales|Ninetales-Alola, L50, M|100/100
|-weather|Snowscape|[from] ability: Snow Warning|[of] p2b: Ninetales
|turn|9
|inactive|FabbroBastardo has 30 seconds left.
|
|t:|1755778899
|-terastallize|p2b: Ninetales|Ice
|move|p1a: Pelipper|Protect|p1a: Pelipper
|-singleturn|p1a: Pelipper|Protect
|move|p2b: Ninetales|Blizzard|p1a: Pelipper|[spread] p1b
|-activate|p1a: Pelipper|move: Protect
|-damage|p1b: Archaludon|47/100
|-ability|p1b: Archaludon|Stamina|boost
|-boost|p1b: Archaludon|def|1
|move|p2a: Adel|Earth Power|p1b: Archaludon
|-supereffective|p1b: Archaludon
|-damage|p1b: Archaludon|0 fnt
|faint|p1b: Archaludon
|-damage|p2a: Adel|72/100|[from] item: Life Orb
|
|-weather|Snowscape|[upkeep]
|upkeep
|
|t:|1755778909
|switch|p1b: Basculegion|Basculegion, L50, M, tera:Water|14/100
|turn|10
|l|☆FabbroBastardo
|inactive|FabbroBastardo disconnected and has a minute to reconnect!
|player|p1|
|inactive|FabbroBastardo has 30 seconds left.
|inactive|FabbroBastardo has 20 seconds left.
|inactive|FabbroBastardo has 15 seconds left.
|inactive|FabbroBastardo has 10 seconds left.
|inactive|FabbroBastardo has 5 seconds left.
|-message|FabbroBastardo lost due to inactivity.
|
|win|magic 561
|raw|FabbroBastardo's rating: 1417 → 1393(-24 for losing)
|raw|magic 561's rating: 1355 → 1379(+24 for winning)
