|j|☆Kyooby
|j|☆nice_flop
|html|Kyoobynice_flop    
|uhtml|bestof|Game 2 of a best-of-3
|t:|1757677021
|gametype|doubles
|player|p1|Kyooby|volkner|1111
|player|p2|nice_flop|1|1191
|gen|9
|tier|[Gen 9] VGC 2025 Reg H (Bo3)
|rated|
|rule|Species Clause: Limit one of each Pokémon
|rule|Item Clause: Limit 1 of each item
|clearpoke
|poke|p1|Sinistcha, L50|
|poke|p1|Archaludon, L50, M|
|poke|p1|Pelipper, L50, M|
|poke|p1|Basculegion, L50, M|
|poke|p1|Hydreigon, L50, M|
|poke|p1|Electrode-Hisui, L50|
|poke|p2|Malamar, L50, M|
|poke|p2|Rillaboom, L50, F|
|poke|p2|Incineroar, L50, F|
|poke|p2|Primarina, L50, M|
|poke|p2|Pelipper, L50, F|
|poke|p2|Archaludon, L50, F|
|teampreview|4
|showteam|p1|Sinistcha||SitrusBerry|Hospitality|MatchaGotcha,StrengthSap,RagePowder,TrickRoom||||||50|,,,,,Fire]Archaludon||AssaultVest|Stamina|DragonPulse,FlashCannon,ElectroShot,BodyPress|||M|||50|,,,,,Bug]Pelipper||FocusSash|Drizzle|WeatherBall,Hurricane,Tailwind,Protect|||M|||50|,,,,,Stellar]Basculegion||LifeOrb|SwiftSwim|WaveCrash,LastRespects,AquaJet,Protect|||M|||50|,,,,,Grass]Hydreigon||ScopeLens|Levitate|DracoMeteor,DarkPulse,FocusEnergy,Protect|||M|||50|,,,,,Steel]Electrode-Hisui||LoadedDice|Soundproof|BulletSeed,Electroweb,Taunt,RainDance||||||50|,,,,,Ghost
|showteam|p2|Malamar||SitrusBerry|Contrary|Protect,TopsyTurvy,KnockOff,Superpower|||M|||50|,,,,,Ghost]Rillaboom||MiracleSeed|GrassySurge|Protect,FakeOut,GrassyGlide,WoodHammer|||F|||50|,,,,,Grass]Incineroar||SafetyGoggles|Intimidate|PartingShot,FakeOut,KnockOff,FlareBlitz|||F|||50|,,,,,Ghost]Primarina||Leftovers|LiquidVoice|Protect,TeraBlast,Moonblast,HyperVoice|||M|||50|,,,,,Steel]Pelipper||FocusSash|Drizzle|Protect,Tailwind,WeatherBall,Hurricane|||F|||50|,,,,,Ghost]Archaludon||AssaultVest|Stamina|BodyPress,ElectroShot,FlashCannon,DracoMeteor|||F|||50|,,,,,Fairy
|inactive|Battle timer is ON: inactive players will automatically lose when time's up. (requested by Kyooby)
|inactive|nice_flop also wants the timer to be on.
|inactive|nice_flop has 60 seconds left.
|
|t:|1757677066
|teamsize|p1|4
|teamsize|p2|4
|start
|switch|p1a: Hydreigon|Hydreigon, L50, M|100/100
|switch|p1b: Basculegion|Basculegion, L50, M|100/100
|switch|p2a: Pelipper|Pelipper, L50, F|100/100
|switch|p2b: Archaludon|Archaludon, L50, F|100/100
|-weather|RainDance|[from] ability: Drizzle|[of] p2a: Pelipper
|turn|1
|inactive|nice_flop has 30 seconds left.
|
|t:|1757677098
|switch|p1b: Sinistcha|Sinistcha, L50|100/100
|-terastallize|p2b: Archaludon|Fairy
|move|p1a: Hydreigon|Focus Energy|p1a: Hydreigon
|-start|p1a: Hydreigon|move: Focus Energy
|move|p2b: Archaludon|Electro Shot||[still]
|-prepare|p2b: Archaludon|Electro Shot
|-boost|p2b: Archaludon|spa|1
|-anim|p2b: Archaludon|Electro Shot|p1b: Sinistcha
|-resisted|p1b: Sinistcha
|-damage|p1b: Sinistcha|69/100
|move|p2a: Pelipper|Hurricane|p1b: Sinistcha
|-supereffective|p1b: Sinistcha
|-damage|p1b: Sinistcha|0 fnt
|faint|p1b: Sinistcha
|
|-weather|RainDance|[upkeep]
|upkeep
|
|t:|1757677112
|switch|p1b: Basculegion|Basculegion, L50, M|100/100
|turn|2
|inactive|Kyooby has 30 seconds left.
|
|t:|1757677141
|move|p1b: Basculegion|Wave Crash|p2b: Archaludon
|-damage|p2b: Archaludon|0 fnt
|faint|p2b: Archaludon
|-damage|p1b: Basculegion|71/100|[from] Recoil
|-damage|p1b: Basculegion|61/100|[from] item: Life Orb
|move|p1a: Hydreigon|Dark Pulse|p2a: Pelipper
|-crit|p2a: Pelipper
|-damage|p2a: Pelipper|34/100
|move|p2a: Pelipper|Hurricane|p1b: Basculegion
|-damage|p1b: Basculegion|17/100
|
|-weather|RainDance|[upkeep]
|upkeep
|
|t:|1757677157
|switch|p2b: Rillaboom|Rillaboom, L50, F|100/100
|-fieldstart|move: Grassy Terrain|[from] ability: Grassy Surge|[of] p2b: Rillaboom
|turn|3
|inactive|nice_flop has 30 seconds left.
|
|t:|1757677185
|move|p1b: Basculegion|Protect|p1b: Basculegion
|-singleturn|p1b: Basculegion|Protect
|move|p2b: Rillaboom|Fake Out|p1a: Hydreigon
|-damage|p1a: Hydreigon|85/100
|cant|p1a: Hydreigon|flinch
|move|p2a: Pelipper|Hurricane|p1b: Basculegion
|-activate|p1b: Basculegion|move: Protect
|
|-weather|RainDance|[upkeep]
|-heal|p1b: Basculegion|23/100|[from] Grassy Terrain
|upkeep
|turn|4
|
|t:|1757677210
|switch|p1b: Pelipper|Pelipper, L50, M|100/100
|move|p2a: Pelipper|Protect|p2a: Pelipper
|-singleturn|p2a: Pelipper|Protect
|move|p2b: Rillaboom|Grassy Glide|p1b: Pelipper
|-damage|p1b: Pelipper|40/100
|move|p1a: Hydreigon|Draco Meteor|p2b: Rillaboom
|-crit|p2b: Rillaboom
|-damage|p2b: Rillaboom|0 fnt
|-unboost|p1a: Hydreigon|spa|2
|faint|p2b: Rillaboom
|
|-weather|RainDance|[upkeep]
|upkeep
|
|t:|1757677226
|switch|p2b: Incineroar|Incineroar, L50, F|100/100
|-ability|p2b: Incineroar|Intimidate|boost
|-unboost|p1a: Hydreigon|atk|1
|-unboost|p1b: Pelipper|atk|1
|turn|5
|
|t:|1757677244
|switch|p1b: Basculegion|Basculegion, L50, M|23/100
|move|p1a: Hydreigon|Protect|p1a: Hydreigon
|-singleturn|p1a: Hydreigon|Protect
|move|p2b: Incineroar|Fake Out|p1a: Hydreigon
|-activate|p1a: Hydreigon|move: Protect
|move|p2a: Pelipper|Hurricane|p1a: Hydreigon
|-activate|p1a: Hydreigon|move: Protect
|
|-weather|none
|-heal|p1b: Basculegion|29/100|[from] Grassy Terrain
|upkeep
|turn|6
|
|t:|1757677265
|move|p1a: Hydreigon|Draco Meteor|p2b: Incineroar
|-crit|p2b: Incineroar
|-damage|p2b: Incineroar|7/100
|-unboost|p1a: Hydreigon|spa|2
|move|p1b: Basculegion|Wave Crash|p2b: Incineroar
|-supereffective|p2b: Incineroar
|-damage|p2b: Incineroar|0 fnt
|faint|p2b: Incineroar
|-damage|p1b: Basculegion|27/100|[from] Recoil
|-damage|p1b: Basculegion|17/100|[from] item: Life Orb
|move|p2a: Pelipper|Hurricane|p1b: Basculegion|[miss]
|-miss|p2a: Pelipper|p1b: Basculegion
|
|-heal|p1b: Basculegion|23/100|[from] Grassy Terrain
|upkeep
|turn|7
|
|t:|1757677282
|move|p1a: Hydreigon|Dark Pulse|p2a: Pelipper
|-crit|p2a: Pelipper
|-damage|p2a: Pelipper|0 fnt
|faint|p2a: Pelipper
|
|win|Kyooby
|raw|Kyooby's rating: 1111 → 1142(+31 for winning)
|raw|nice_flop's rating: 1191 → 1160(-31 for losing)
