|j|☆Uncreative7452
|j|☆sam0el
|html|Uncreative7452sam0el    
|uhtml|bestof|Game 2 of a best-of-3
|t:|1756232793
|gametype|doubles
|player|p1|Uncreative7452|tuber|1037
|player|p2|sam0el|veteran|1077
|gen|9
|tier|[Gen 9] VGC 2025 Reg H (Bo3)
|rated|
|rule|Species Clause: Limit one of each Pokémon
|rule|Item Clause: Limit 1 of each item
|clearpoke
|poke|p1|Mamoswine, L50, F|
|poke|p1|Ninetales-Alola, L50, F|
|poke|p1|Sandslash-Alola, L50, F|
|poke|p1|Araquanid, L50, F|
|poke|p1|Incineroar, L50, M|
|poke|p1|Amoonguss, L50, F|
|poke|p2|Hatterene, L50, F|
|poke|p2|Indeedee-F, L50, F|
|poke|p2|Gallade, L50, M|
|poke|p2|Torkoal, L50, M|
|poke|p2|Zoroark-Hisui, L50, F|
|poke|p2|Ursaluna-Bloodmoon, L50, M|
|teampreview|4
|showteam|p1|Mamoswine||AssaultVest|Oblivious|HighHorsepower,IceShard,IcicleCrash,Trailblaze|||F|||50|,,,,,Grass]Ninetales-Alola||ChoiceSpecs|SnowWarning|Blizzard,DazzlingGleam,FreezeDry,Moonblast|||F|||50|,,,,,Ice]Sandslash-Alola||FocusSash|SlushRush|Earthquake,IronHead,SwordsDance,Protect|||F|||50|,,,,,Ground]Araquanid||Leftovers|WaterBubble|Liquidation,Infestation,WideGuard,Protect|||F|||50|,,,,,Grass]Incineroar||SafetyGoggles|Intimidate|KnockOff,PartingShot,FakeOut,Taunt|||M|||50|,,,,,Ghost]Amoonguss||RockyHelmet|Regenerator|Spore,Protect,PollenPuff,RagePowder|||F|||50|,,,,,Grass
|showteam|p2|Hatterene||LifeOrb|MagicBounce|ExpandingForce,DazzlingGleam,Protect,TrickRoom|||F|||50|,,,,,Fire]Indeedee-F||PsychicSeed|PsychicSurge|FollowMe,HelpingHand,TrickRoom,HealPulse|||F|||50|,,,,,Water]Gallade||ClearAmulet|Sharpness|SacredSword,PsychoCut,WideGuard,TrickRoom|||M|||50|,,,,,Grass]Torkoal||ChoiceSpecs|Drought|Eruption,HeatWave,WeatherBall,EarthPower|||M|||50|,,,,,Fire]Zoroark-Hisui||FocusSash|Illusion|HyperVoice,ShadowBall,SludgeBomb,Flamethrower|||F|||50|,,,,,Stellar]Ursaluna-Bloodmoon||SilkScarf|MindsEye|EarthPower,BloodMoon,HyperVoice,HyperBeam|||M|||50|,,,,,Ground
|
|t:|1756232842
|teamsize|p1|4
|teamsize|p2|4
|start
|switch|p1a: Araquanid|Araquanid, L50, F|100/100
|switch|p1b: Incineroar|Incineroar, L50, M|100/100
|switch|p2a: Gallade|Gallade, L50, M|100/100
|switch|p2b: Ursaluna|Ursaluna-Bloodmoon, L50, M|100/100
|-ability|p1b: Incineroar|Intimidate|boost
|-unboost|p2a: Gallade|atk|1
|-unboost|p2b: Ursaluna|atk|1
|turn|1
|
|t:|1756232880
|move|p2a: Gallade|Hyper Voice|p1a: Araquanid|[spread] p1a,p1b
|-damage|p1a: Araquanid|75/100
|-damage|p1b: Incineroar|74/100
|move|p1b: Incineroar|Knock Off|p2a: Gallade
|-supereffective|p2a: Gallade
|-enditem|p2a: Gallade|Focus Sash
|-damage|p2a: Gallade|1/100
|replace|p2a: Zoroark|Zoroark-Hisui, L50, F
|-end|p2a: Zoroark|Illusion
|move|p2b: Ursaluna|Blood Moon|p1b: Incineroar
|-damage|p1b: Incineroar|0 fnt
|faint|p1b: Incineroar
|move|p1a: Araquanid|Liquidation|p2a: Zoroark
|-damage|p2a: Zoroark|0 fnt
|faint|p2a: Zoroark
|
|-heal|p1a: Araquanid|80/100|[from] item: Leftovers
|upkeep
|
|t:|1756232901
|switch|p2a: Indeedee|Indeedee-F, L50, F|100/100
|switch|p1b: Amoonguss|Amoonguss, L50, F|100/100
|-fieldstart|move: Psychic Terrain|[from] ability: Psychic Surge|[of] p2a: Indeedee
|-enditem|p2a: Indeedee|Psychic Seed
|-boost|p2a: Indeedee|spd|1|[from] item: Psychic Seed
|turn|2
|
|t:|1756232920
|move|p2a: Indeedee|Helping Hand|p2b: Ursaluna
|-singleturn|p2b: Ursaluna|Helping Hand|[of] p2a: Indeedee
|move|p1b: Amoonguss|Rage Powder|p1b: Amoonguss
|-singleturn|p1b: Amoonguss|move: Rage Powder
|move|p2b: Ursaluna|Hyper Beam|p1b: Amoonguss
|-damage|p1b: Amoonguss|0 fnt
|-mustrecharge|p2b: Ursaluna
|faint|p1b: Amoonguss
|move|p1a: Araquanid|Liquidation|p2b: Ursaluna
|-supereffective|p2b: Ursaluna
|-damage|p2b: Ursaluna|37/100
|
|-heal|p1a: Araquanid|86/100|[from] item: Leftovers
|upkeep
|
|t:|1756232926
|switch|p1b: Mamoswine|Mamoswine, L50, F|100/100
|turn|3
|
|t:|1756232941
|move|p2a: Indeedee|Helping Hand|p2b: Ursaluna
|-singleturn|p2b: Ursaluna|Helping Hand|[of] p2a: Indeedee
|move|p1b: Mamoswine|Trailblaze|p2b: Ursaluna
|-supereffective|p2b: Ursaluna
|-damage|p2b: Ursaluna|16/100
|-boost|p1b: Mamoswine|spe|1
|cant|p2b: Ursaluna|recharge
|move|p1a: Araquanid|Liquidation|p2a: Indeedee
|-damage|p2a: Indeedee|56/100
|
|-heal|p1a: Araquanid|92/100|[from] item: Leftovers
|upkeep
|turn|4
|
|t:|1756232961
|move|p1b: Mamoswine|Trailblaze|p2b: Ursaluna
|-supereffective|p2b: Ursaluna
|-damage|p2b: Ursaluna|0 fnt
|-boost|p1b: Mamoswine|spe|1
|faint|p2b: Ursaluna
|move|p2a: Indeedee|Heal Pulse|p2: Ursaluna|[notarget]
|-fail|p2a: Indeedee
|move|p1a: Araquanid|Infestation|p2a: Indeedee
|-supereffective|p2a: Indeedee
|-damage|p2a: Indeedee|50/100
|-activate|p2a: Indeedee|move: Infestation|[of] p1a: Araquanid
|
|-heal|p1a: Araquanid|98/100|[from] item: Leftovers
|-damage|p2a: Indeedee|37/100|[from] move: Infestation|[partiallytrapped]
|upkeep
|
|t:|1756232977
|switch|p2b: Gallade|Gallade, L50, M|100/100
|turn|5
|
|t:|1756232993
|move|p2a: Indeedee|Helping Hand|p2b: Gallade
|-singleturn|p2b: Gallade|Helping Hand|[of] p2a: Indeedee
|move|p1b: Mamoswine|High Horsepower|p2b: Gallade
|-damage|p2b: Gallade|38/100
|move|p2b: Gallade|Sacred Sword|p1b: Mamoswine
|-supereffective|p1b: Mamoswine
|-damage|p1b: Mamoswine|0 fnt
|faint|p1b: Mamoswine
|move|p1a: Araquanid|Liquidation|p2b: Gallade
|-damage|p2b: Gallade|0 fnt
|faint|p2b: Gallade
|
|-heal|p1a: Araquanid|100/100|[from] item: Leftovers
|-damage|p2a: Indeedee|25/100|[from] move: Infestation|[partiallytrapped]
|upkeep
|turn|6
|-message|sam0el forfeited.
|
|win|Uncreative7452
|raw|Uncreative7452's rating: 1037 → 1075(+38 for winning)
|raw|sam0el's rating: 1077 → 1053(-24 for losing)
|l|☆sam0el
|player|p2|
