|j|☆Frakub
|j|☆Sebastianday
|html|FrakubSebastianday    
|uhtml|bestof|Game 1 of a best-of-3
|t:|1784206062
|gametype|doubles
|player|p1|Frakub|acetrainer-gen4dp|1088
|player|p2|Sebastianday|clown|1194
|gen|9
|tier|[Gen 9 Champions] VGC 2026 Reg M-B (Bo3)
|rated|
|rule|Species Clause: Limit one of each Pokémon
|rule|Item Clause: Limit 1 of each item
|clearpoke
|poke|p1|Mawile, L50, M|
|poke|p1|Torkoal, L50, M|
|poke|p1|Farigiraf, L50, M|
|poke|p1|Incineroar, L50, M|
|poke|p1|Sinistcha, L50|
|poke|p1|Kingambit, L50, M|
|poke|p2|Gardevoir, L50, M|
|poke|p2|Maushold-Four, L50|
|poke|p2|Kingambit, L50, F|
|poke|p2|Garchomp, L50, F|
|poke|p2|Talonflame, L50, M|
|poke|p2|Basculegion, L50, M|
|teampreview|4
|showteam|p1|Mawile||Mawilite|Intimidate|PlayRough,IronHead,RockSlide,Protect|Brave||M|||50|]Torkoal||Charcoal|Drought|Eruption,HeatWave,SolarBeam,Protect|Quiet||M|||50|]Farigiraf||SitrusBerry|ArmorTail|TwinBeam,Thunderbolt,HelpingHand,TrickRoom|Relaxed||M|||50|]Incineroar||PasshoBerry|Intimidate|FlareBlitz,ThroatChop,PartingShot,FakeOut|Relaxed||M|||50|]Sinistcha||OccaBerry|Hospitality|MatchaGotcha,RagePowder,TrickRoom,Protect|Bold|||||50|]Kingambit||BlackGlasses|Defiant|KowtowCleave,SuckerPunch,SwordsDance,Protect|Adamant||M|||50|
|showteam|p2|Gardevoir||Gardevoirite|Trace|HyperVoice,Psyshock,VacuumWave,Protect|Modest||M|||50|]Maushold-Four||FocusSash|FriendGuard|SuperFang,Taunt,FollowMe,Protect|Timid|||||50|]Kingambit||BlackGlasses|Defiant|KowtowCleave,Protect,SuckerPunch,IronHead|Adamant||F|||50|]Garchomp||LifeOrb|RoughSkin|DragonClaw,Earthquake,RockSlide,Protect|Jolly||F|||50|]Talonflame||SharpBeak|GaleWings|QuickGuard,Protect,Tailwind,BraveBird|Jolly||M|||50|]Basculegion||ChoiceScarf|Adaptability|WaveCrash,AquaJet,FlipTurn,LastRespects|Jolly||M|||50|
|inactive|Battle timer is ON: inactive players will automatically lose when time's up. (requested by Sebastianday)
|inactive|Frakub also wants the timer to be on.
|inactive|Frakub has 60 seconds left.
|inactive|Sebastianday has 60 seconds left.
|
|t:|1784206111
|teamsize|p1|4
|teamsize|p2|4
|start
|switch|p1a: Incineroar|Incineroar, L50, M|100/100
|switch|p1b: Farigiraf|Farigiraf, L50, M|100/100
|switch|p2a: Kingambit|Kingambit, L50, F|100/100
|switch|p2b: Gardevoir|Gardevoir, L50, M|100/100
|-ability|p2b: Gardevoir|Armor Tail|Trace|[from] ability: Trace|[of] p1b: Farigiraf
|-ability|p1a: Incineroar|Intimidate|boost
|-unboost|p2a: Kingambit|atk|1
|-ability|p2a: Kingambit|Defiant|boost
|-boost|p2a: Kingambit|atk|2
|-unboost|p2b: Gardevoir|atk|1
|turn|1
|
|t:|1784206126
|detailschange|p2b: Gardevoir|Gardevoir-Mega, L50, M
|-mega|p2b: Gardevoir|Gardevoir|Gardevoirite
|move|p1a: Incineroar|Fake Out|p2a: Kingambit
|-resisted|p2a: Kingambit|1
|-damage|p2a: Kingambit|95/100
|move|p2b: Gardevoir|Hyper Voice|p1b: Farigiraf|[spread] p1a,p1b
|-crit|p1a: Incineroar
|-damage|p1a: Incineroar|31/100
|-damage|p1b: Farigiraf|49/100
|-enditem|p1b: Farigiraf|Sitrus Berry|[eat]
|-heal|p1b: Farigiraf|74/100|[from] item: Sitrus Berry
|cant|p2a: Kingambit|flinch
|move|p1b: Farigiraf|Trick Room|p1b: Farigiraf
|-fieldstart|move: Trick Room|[of] p1b: Farigiraf
|
|upkeep
|turn|2
|
|t:|1784206141
|move|p2b: Gardevoir|Vacuum Wave||[still]
|cant|p1b: Farigiraf|ability: Armor Tail|Vacuum Wave|[of] p2b: Gardevoir
|move|p1a: Incineroar|Flare Blitz|p2a: Kingambit
|-supereffective|p2a: Kingambit|1
|-damage|p2a: Kingambit|20/100y
|-status|p2a: Kingambit|brn
|-damage|p1a: Incineroar|7/100|[from] Recoil
|move|p1b: Farigiraf|Thunderbolt|p2b: Gardevoir
|-damage|p2b: Gardevoir|77/100
|move|p2a: Kingambit|Kowtow Cleave|p1b: Farigiraf
|-supereffective|p1b: Farigiraf|1
|-damage|p1b: Farigiraf|8/100
|
|-damage|p2a: Kingambit|14/100 brn|[from] brn
|upkeep
|turn|3
|
|t:|1784206165
|move|p2b: Gardevoir|Protect|p2b: Gardevoir
|-singleturn|p2b: Gardevoir|Protect
|move|p1a: Incineroar|Throat Chop|p2b: Gardevoir
|-activate|p2b: Gardevoir|move: Protect
|move|p1b: Farigiraf|Thunderbolt|p2a: Kingambit
|-damage|p2a: Kingambit|0 fnt
|faint|p2a: Kingambit
|
|upkeep
|
|t:|1784206185
|switch|p2a: Maushold|Maushold-Four, L50|100/100
|turn|4
|
|t:|1784206199
|move|p2a: Maushold|Follow Me|p2a: Maushold
|-singleturn|p2a: Maushold|move: Follow Me
|move|p1b: Farigiraf|Twin Beam|p2a: Maushold
|-damage|p2a: Maushold|81/100
|-damage|p2a: Maushold|61/100
|-hitcount|p2a: Maushold|2
|move|p1a: Incineroar|Parting Shot|p2a: Maushold
|-unboost|p2a: Maushold|atk|1
|-unboost|p2a: Maushold|spa|1
|
|t:|1784206204
|switch|p1a: Torkoal|Torkoal, L50, M|100/100|[from] Parting Shot
|-weather|SunnyDay|[from] ability: Drought|[of] p1a: Torkoal
|move|p2b: Gardevoir|Hyper Voice|p1b: Farigiraf|[spread] p1a,p1b
|-resisted|p1a: Torkoal|1
|-damage|p1a: Torkoal|65/100
|-damage|p1b: Farigiraf|0 fnt
|faint|p1b: Farigiraf
|
|-weather|SunnyDay|[upkeep]
|upkeep
|
|t:|1784206207
|switch|p1b: Mawile|Mawile, L50, M|100/100
|-ability|p1b: Mawile|Intimidate|boost
|-unboost|p2a: Maushold|atk|1
|-unboost|p2b: Gardevoir|atk|1
|turn|5
|
|t:|1784206219
|detailschange|p1b: Mawile|Mawile-Mega, L50, M
|-mega|p1b: Mawile|Mawile|Mawilite
|move|p2b: Gardevoir|Protect|p2b: Gardevoir
|-singleturn|p2b: Gardevoir|Protect
|move|p2a: Maushold|Protect|p2a: Maushold
|-singleturn|p2a: Maushold|Protect
|move|p1a: Torkoal|Heat Wave|p2b: Gardevoir|[spread] 
|-activate|p2a: Maushold|move: Protect
|-activate|p2b: Gardevoir|move: Protect
|move|p1b: Mawile|Iron Head|p2b: Gardevoir
|-activate|p2b: Gardevoir|move: Protect
|
|-weather|SunnyDay|[upkeep]
|-fieldend|move: Trick Room
|upkeep
|turn|6
|inactive|Sebastianday has 30 seconds left.
|
|t:|1784206250
|move|p1b: Mawile|Protect|p1b: Mawile
|-singleturn|p1b: Mawile|Protect
|move|p2a: Maushold|Follow Me|p2a: Maushold
|-singleturn|p2a: Maushold|move: Follow Me
|move|p2b: Gardevoir|Psyshock|p1a: Torkoal
|-damage|p1a: Torkoal|24/100
|move|p1a: Torkoal|Heat Wave|p2b: Gardevoir|[spread] p2a,p2b
|-damage|p2a: Maushold|0 fnt
|-damage|p2b: Gardevoir|36/100
|faint|p2a: Maushold
|
|-weather|SunnyDay|[upkeep]
|upkeep
|
|t:|1784206260
|switch|p2a: Basculegion|Basculegion, L50, M|100/100
|turn|7
|inactive|Frakub has 30 seconds left.
|
|t:|1784206287
|move|p2a: Basculegion|Last Respects|p1b: Mawile
|-damage|p1b: Mawile|4/100
|move|p2b: Gardevoir|Hyper Voice|p1b: Mawile|[spread] p1a,p1b
|-resisted|p1a: Torkoal|1
|-resisted|p1b: Mawile|1
|-damage|p1a: Torkoal|0 fnt
|-damage|p1b: Mawile|0 fnt
|faint|p1a: Torkoal
|faint|p1b: Mawile
|
|-weather|SunnyDay|[upkeep]
|upkeep
|
|t:|1784206293
|switch|p1b: Incineroar|Incineroar, L50, M|7/100
|-ability|p1b: Incineroar|Intimidate|boost
|-unboost|p2a: Basculegion|atk|1
|-unboost|p2b: Gardevoir|atk|1
|turn|8
|-message|Frakub forfeited.
|
|win|Sebastianday
||Frakub is ready for game 2.
||Sebastianday is ready for game 2.
|uhtml|next|Next: Game 2 of 3
