|j|☆BayleefVGC
|j|☆x-demon18
|html|BayleefVGCx-demon18    
|uhtml|bestof|Game 2 of a best-of-3
|t:|1783935097
|gametype|doubles
|player|p1|BayleefVGC|2|1235
|player|p2|x-demon18|266|1228
|gen|9
|tier|[Gen 9 Champions] VGC 2026 Reg M-B (Bo3)
|rated|
|rule|Species Clause: Limit one of each Pokémon
|rule|Item Clause: Limit 1 of each item
|clearpoke
|poke|p1|Grimmsnarl, L50, M|
|poke|p1|Swampert, L50, M|
|poke|p1|Pelipper, L50, M|
|poke|p1|Archaludon, L50, M|
|poke|p1|Sinistcha, L50|
|poke|p1|Gholdengo, L50|
|poke|p2|Incineroar, L50, M|
|poke|p2|Rotom-Wash, L50|
|poke|p2|Venusaur, L50, M|
|poke|p2|Garchomp, L50, M|
|poke|p2|Sylveon, L50, F|
|poke|p2|Corviknight, L50, M|
|teampreview|4
|showteam|p1|Grimmsnarl||LightClay|Prankster|FoulPlay,PartingShot,Reflect,LightScreen|Calm||M|||50|]Swampert||Swampertite|Damp|WaveCrash,Earthquake,IcePunch,Protect|Adamant||M|||50|]Pelipper||SitrusBerry|Drizzle|Hurricane,WeatherBall,Tailwind,WideGuard|Modest||M|||50|]Archaludon||Leftovers|Stamina|ElectroShot,DragonPulse,FlashCannon,Protect|Modest||M|||50|]Sinistcha||CobaBerry|Hospitality|MatchaGotcha,RagePowder,TrickRoom,Protect|Relaxed|||||50|]Gholdengo||LifeOrb|GoodasGold|MakeItRain,ShadowBall,NastyPlot,Protect|Modest|||||50|
|showteam|p2|Incineroar||ExpertBelt|Intimidate|FakeOut,TemperFlare,ThroatChop,PartingShot|Adamant||M|||50|]Rotom-Wash||SitrusBerry|Levitate|HydroPump,Electroweb,WillOWisp,VoltSwitch|Modest|||||50|]Venusaur||Venusaurite|Chlorophyll|GigaDrain,SludgeBomb,EarthPower,Protect|Modest||M|||50|]Garchomp||LifeOrb|RoughSkin|RockSlide,DragonClaw,StompingTantrum,Protect|Jolly||M|||50|]Sylveon||FairyFeather|Pixilate|HyperVoice,QuickAttack,Yawn,Detect|Modest||F|||50|]Corviknight||OccaBerry|MirrorArmor|Tailwind,BraveBird,IronHead,BodyPress|Careful||M|||50|
|inactive|Battle timer is ON: inactive players will automatically lose when time's up. (requested by BayleefVGC)
|inactive|BayleefVGC has 60 seconds left.
|inactive|x-demon18 has 60 seconds left.
|
|t:|1783935151
|teamsize|p1|4
|teamsize|p2|4
|start
|switch|p1a: Grimmsnarl|Grimmsnarl, L50, M|100/100
|switch|p1b: Pelipper|Pelipper, L50, M|100/100
|switch|p2a: Yggdrasil|Venusaur, L50, M|100/100
|switch|p2b: Frieren|Sylveon, L50, F|100/100
|-weather|RainDance|[from] ability: Drizzle|[of] p1b: Pelipper
|turn|1
|
|t:|1783935175
|switch|p2a: HydroVolt|Rotom-Wash, L50|100/100
|move|p1a: Grimmsnarl|Parting Shot|p2a: HydroVolt
|-unboost|p2a: HydroVolt|atk|1
|-unboost|p2a: HydroVolt|spa|1
|
|t:|1783935180
|switch|p1a: Gholdengo|Gholdengo, L50|100/100|[from] Parting Shot
|move|p1b: Pelipper|Tailwind|p1b: Pelipper
|-sidestart|p1: BayleefVGC|move: Tailwind
|move|p2b: Frieren|Hyper Voice|p1a: Gholdengo|[spread] p1a,p1b
|-resisted|p1a: Gholdengo|1
|-damage|p1a: Gholdengo|76/100
|-damage|p1b: Pelipper|51/100
|
|-weather|RainDance|[upkeep]
|upkeep
|turn|2
|
|t:|1783935204
|switch|p1b: Grimmsnarl|Grimmsnarl, L50, M|100/100
|switch|p2b: Wolverine|Incineroar, L50, M|100/100
|-ability|p2b: Wolverine|Intimidate|boost
|-unboost|p1a: Gholdengo|atk|1
|-unboost|p1b: Grimmsnarl|atk|1
|move|p1a: Gholdengo|Nasty Plot|p1a: Gholdengo
|-boost|p1a: Gholdengo|spa|2
|move|p2a: HydroVolt|Electroweb|p1b: Grimmsnarl|[spread] p1a,p1b
|-damage|p1a: Gholdengo|62/100
|-damage|p1b: Grimmsnarl|90/100
|-unboost|p1a: Gholdengo|spe|1
|-unboost|p1b: Grimmsnarl|spe|1
|
|-weather|RainDance|[upkeep]
|upkeep
|turn|3
|inactive|BayleefVGC has 30 seconds left.
|inactive|x-demon18 has 30 seconds left.
|inactive|BayleefVGC has 20 seconds left.
|inactive|BayleefVGC has 15 seconds left.
|inactive|BayleefVGC has 10 seconds left.
|inactive|BayleefVGC has 5 seconds left.
|
|t:|1783935255
|move|p1b: Grimmsnarl|Reflect|p1b: Grimmsnarl
|-sidestart|p1: BayleefVGC|Reflect
|move|p1a: Gholdengo|Shadow Ball|p2a: HydroVolt
|-damage|p2a: HydroVolt|0 fnt
|faint|p2a: HydroVolt
|-damage|p1a: Gholdengo|52/100|[from] item: Life Orb
|move|p2b: Wolverine|Throat Chop|p1a: Gholdengo
|-supereffective|p1a: Gholdengo|1
|-damage|p1a: Gholdengo|0 fnt
|faint|p1a: Gholdengo
|
|-weather|RainDance|[upkeep]
|upkeep
|
|t:|1783935271
|switch|p1a: Swampert|Swampert, L50, M|100/100
|switch|p2a: Yggdrasil|Venusaur, L50, M|100/100
|turn|4
|inactive|BayleefVGC has 30 seconds left.
|inactive|BayleefVGC has 20 seconds left.
|
|t:|1783935306
|switch|p2b: Frieren|Sylveon, L50, F|100/100
|detailschange|p1a: Swampert|Swampert-Mega, L50, M
|-mega|p1a: Swampert|Swampert|Swampertite
|detailschange|p2a: Yggdrasil|Venusaur-Mega, L50, M
|-mega|p2a: Yggdrasil|Venusaur|Venusaurite
|move|p1b: Grimmsnarl|Light Screen|p1b: Grimmsnarl
|-sidestart|p1: BayleefVGC|move: Light Screen
|move|p1a: Swampert|Wave Crash|p2b: Frieren
|-damage|p2b: Frieren|0 fnt
|faint|p2b: Frieren
|-damage|p1a: Swampert|67/100|[from] Recoil
|move|p2a: Yggdrasil|Giga Drain|p1a: Swampert
|-supereffective|p1a: Swampert|2
|-damage|p1a: Swampert|0 fnt
|faint|p1a: Swampert
|
|-weather|RainDance|[upkeep]
|-sideend|p1: BayleefVGC|move: Tailwind
|upkeep
|
|t:|1783935325
|switch|p1a: Pelipper|Pelipper, L50, M|51/100
|switch|p2b: Wolverine|Incineroar, L50, M|100/100
|-ability|p2b: Wolverine|Intimidate|boost
|-unboost|p1a: Pelipper|atk|1
|-unboost|p1b: Grimmsnarl|atk|1
|turn|5
|
|t:|1783935340
|move|p2b: Wolverine|Fake Out|p1a: Pelipper
|-damage|p1a: Pelipper|41/100
|-enditem|p1a: Pelipper|Sitrus Berry|[eat]
|-heal|p1a: Pelipper|65/100|[from] item: Sitrus Berry
|move|p1b: Grimmsnarl|Parting Shot|p2a: Yggdrasil
|-unboost|p2a: Yggdrasil|atk|1
|-unboost|p2a: Yggdrasil|spa|1
|move|p2a: Yggdrasil|Sludge Bomb|p1a: Pelipper
|-damage|p1a: Pelipper|42/100
|-status|p1a: Pelipper|psn
|cant|p1a: Pelipper|flinch
|
|-weather|none
|-damage|p1a: Pelipper|30/100 psn|[from] psn
|upkeep
|turn|6
|inactive|x-demon18 has 30 seconds left.
|
|t:|1783935373
|move|p1b: Grimmsnarl|Parting Shot|p2a: Yggdrasil
|-unboost|p2a: Yggdrasil|atk|1
|-unboost|p2a: Yggdrasil|spa|1
|move|p2a: Yggdrasil|Sludge Bomb|p1a: Pelipper
|-damage|p1a: Pelipper|13/100 psn
|move|p1a: Pelipper|Hurricane|p2a: Yggdrasil
|-supereffective|p2a: Yggdrasil|1
|-damage|p2a: Yggdrasil|31/100
|-start|p2a: Yggdrasil|confusion
|move|p2b: Wolverine|Throat Chop|p1a: Pelipper
|-damage|p1a: Pelipper|0 fnt
|faint|p1a: Pelipper
|
|upkeep
|turn|7
|inactive|x-demon18 has 30 seconds left.
|
|t:|1783935399
|-activate|p2a: Yggdrasil|confusion
|move|p2a: Yggdrasil|Sludge Bomb|p1b: Grimmsnarl
|-supereffective|p1b: Grimmsnarl|1
|-damage|p1b: Grimmsnarl|64/100
|move|p2b: Wolverine|Temper Flare|p1b: Grimmsnarl
|-damage|p1b: Grimmsnarl|42/100
|move|p1b: Grimmsnarl|Foul Play|p2b: Wolverine
|-resisted|p2b: Wolverine|1
|-damage|p2b: Wolverine|79/100
|
|upkeep
|turn|8
|
|t:|1783935411
|-activate|p2a: Yggdrasil|confusion
|move|p2a: Yggdrasil|Sludge Bomb|p1b: Grimmsnarl
|-supereffective|p1b: Grimmsnarl|1
|-damage|p1b: Grimmsnarl|12/100
|-status|p1b: Grimmsnarl|psn
|move|p2b: Wolverine|Temper Flare|p1b: Grimmsnarl
|-damage|p1b: Grimmsnarl|0 fnt
|faint|p1b: Grimmsnarl
|
|win|x-demon18
|raw|BayleefVGC's rating: 1235 → 1209(-26 for losing)
|raw|x-demon18's rating: 1228 → 1254(+26 for winning)
|c|☆BayleefVGC|gg
