|j|☆battlegrounds88
|j|☆Professor_J93
|html|battlegrounds88Professor_J93    
|uhtml|bestof|Game 1 of a best-of-3
|t:|1782322902
|gametype|doubles
|player|p1|battlegrounds88|hugh|
|player|p2|Professor_J93|n|
|gen|9
|tier|[Gen 9 Champions] VGC 2026 Reg M-B (Bo3)
|rule|Species Clause: Limit one of each Pokémon
|rule|Item Clause: Limit 1 of each item
|clearpoke
|poke|p1|Staraptor, L50, F|
|poke|p1|Sinistcha, L50|
|poke|p1|Farigiraf, L50, F|
|poke|p1|Kingambit, L50, M|
|poke|p1|Incineroar, L50, M|
|poke|p1|Clefable, L50, F|
|poke|p2|Raichu, L50, M|
|poke|p2|Vivillon-Ocean, L50, M|
|poke|p2|Infernape, L50, M|
|poke|p2|Sylveon, L50, M|
|poke|p2|Basculegion, L50, M|
|poke|p2|Farigiraf, L50, F|
|teampreview|4
|showteam|p1|Staraptor||Staraptite|Intimidate|CloseCombat,BraveBird,Protect,QuickAttack|Jolly||F|||50|]Sinistcha||Leftovers|Hospitality|MatchaGotcha,Protect,LifeDew,RagePowder|Calm|||||50|]Farigiraf||MentalHerb|ArmorTail|TrickRoom,Psychic,HyperVoice,HelpingHand|Quiet||F|||50|]Kingambit||BlackGlasses|SupremeOverlord|KowtowCleave,IronHead,Protect,SuckerPunch|Adamant||M|||50|]Incineroar||SitrusBerry|Intimidate|DarkestLariat,FakeOut,FlareBlitz,PartingShot|Adamant||M|||50|]Clefable||FairyFeather|Unaware|Protect,FollowMe,IceBeam,Moonblast|Bold||F|||50|
|showteam|p2|Raichu||RaichuniteY|LightningRod|ZapCannon,FocusBlast,FakeOut,Protect|Modest||M|||50|]Vivillon-Ocean||FocusSash|CompoundEyes|Hurricane,Tailwind,SleepPowder,Protect|Timid||M|||50|]Infernape||Charcoal|Blaze|Overheat,FakeOut,Encore,Protect|Timid||M|||50|]Sylveon||FairyFeather|Pixilate|HyperVoice,HyperBeam,QuickAttack,Protect|Modest||M|||50|]Basculegion||MysticWater|Adaptability|WaveCrash,AquaJet,LastRespects,Protect|Jolly||M|||50|]Farigiraf||SitrusBerry|ArmorTail|Psyshock,Roar,TrickRoom,HelpingHand|Relaxed||F|||50|
|c|☆Professor_J93|glhf
|
|t:|1782322985
|teamsize|p1|4
|teamsize|p2|4
|start
|switch|p1a: T-1000|Staraptor, L50, F|100/100
|switch|p1b: Rey Misterio|Incineroar, L50, M|100/100
|switch|p2a: Infernape|Infernape, L50, M|100/100
|switch|p2b: Sylveon|Sylveon, L50, M|100/100
|-ability|p1a: T-1000|Intimidate|boost
|-unboost|p2a: Infernape|atk|1
|-unboost|p2b: Sylveon|atk|1
|-ability|p1b: Rey Misterio|Intimidate|boost
|-unboost|p2a: Infernape|atk|1
|-unboost|p2b: Sylveon|atk|1
|turn|1
|
|t:|1782323014
|detailschange|p1a: T-1000|Staraptor-Mega, L50, F
|-mega|p1a: T-1000|Staraptor|Staraptite
|move|p2a: Infernape|Fake Out|p1b: Rey Misterio
|-damage|p1b: Rey Misterio|95/100
|cant|p1b: Rey Misterio|flinch
|move|p1a: T-1000|Brave Bird|p2a: Infernape
|-supereffective|p2a: Infernape|1
|-damage|p2a: Infernape|0 fnt
|faint|p2a: Infernape
|-damage|p1a: T-1000|68/100|[from] Recoil
|move|p2b: Sylveon|Hyper Beam|p1a: T-1000
|-supereffective|p1a: T-1000|1
|-damage|p1a: T-1000|0 fnt
|-mustrecharge|p2b: Sylveon
|faint|p1a: T-1000
|
|upkeep
|
|t:|1782323047
|switch|p1a: Shogun|Kingambit, L50, M|100/100
|switch|p2a: Farigiraf|Farigiraf, L50, F|100/100
|-activate|p1a: Shogun|ability: Supreme Overlord
|-start|p1a: Shogun|fallen1|[silent]
|turn|2
|
|t:|1782323064
|cant|p2b: Sylveon|recharge
|move|p1b: Rey Misterio|Darkest Lariat|p2a: Farigiraf
|-supereffective|p2a: Farigiraf|1
|-damage|p2a: Farigiraf|32/100
|-enditem|p2a: Farigiraf|Sitrus Berry|[eat]
|-heal|p2a: Farigiraf|57/100|[from] item: Sitrus Berry
|move|p1a: Shogun|Iron Head|p2b: Sylveon
|-supereffective|p2b: Sylveon|1
|-damage|p2b: Sylveon|0 fnt
|faint|p2b: Sylveon
|move|p2a: Farigiraf|Roar|p2: Sylveon|[notarget]
|-fail|p2a: Farigiraf
|
|upkeep
|
|t:|1782323073
|switch|p2b: Raichu|Raichu, L50, M|100/100
|turn|3
|
|t:|1782323086
|switch|p1b: Palindromo|Farigiraf, L50, F|100/100
|detailschange|p2b: Raichu|Raichu-Mega-Y, L50, M
|-mega|p2b: Raichu|Raichu|Raichunite Y
|move|p2a: Farigiraf|Helping Hand|p2b: Raichu
|-singleturn|p2b: Raichu|Helping Hand|[of] p2a: Farigiraf
|move|p1a: Shogun|Protect|p1a: Shogun
|-singleturn|p1a: Shogun|Protect
|move|p2b: Raichu|Focus Blast|p1b: Palindromo
|-damage|p1b: Palindromo|24/100
|
|upkeep
|turn|4
|
|t:|1782323110
|move|p1b: Palindromo|Helping Hand|p1a: Shogun
|-singleturn|p1a: Shogun|Helping Hand|[of] p1b: Palindromo
|move|p1a: Shogun|Sucker Punch||[still]
|cant|p2a: Farigiraf|ability: Armor Tail|Sucker Punch|[of] p1a: Shogun
|move|p2b: Raichu|Focus Blast|p1a: Shogun
|-supereffective|p1a: Shogun|2
|-damage|p1a: Shogun|0 fnt
|faint|p1a: Shogun
|-end|p1a: Shogun|fallen1|[silent]
|move|p2a: Farigiraf|Roar|p1b: Palindromo
|drag|p1b: Rey Misterio|Incineroar, L50, M|95/100
|-ability|p1b: Rey Misterio|Intimidate|boost
|-unboost|p2a: Farigiraf|atk|1
|-unboost|p2b: Raichu|atk|1
|
|upkeep
|
|t:|1782323125
|switch|p1a: Palindromo|Farigiraf, L50, F|24/100
|turn|5
|
|t:|1782323139
|move|p2a: Farigiraf|Helping Hand|p2b: Raichu
|-singleturn|p2b: Raichu|Helping Hand|[of] p2a: Farigiraf
|move|p2b: Raichu|Focus Blast|p1b: Rey Misterio
|-supereffective|p1b: Rey Misterio|1
|-damage|p1b: Rey Misterio|0 fnt
|faint|p1b: Rey Misterio
|move|p1a: Palindromo|Hyper Voice|p2a: Farigiraf|[spread] p2a,p2b
|-damage|p2a: Farigiraf|25/100
|-damage|p2b: Raichu|47/100
|
|upkeep
|turn|6
|
|t:|1782323150
|move|p2a: Farigiraf|Helping Hand|p2b: Raichu
|-singleturn|p2b: Raichu|Helping Hand|[of] p2a: Farigiraf
|move|p2b: Raichu|Zap Cannon|p1a: Palindromo
|-damage|p1a: Palindromo|0 fnt
|faint|p1a: Palindromo
|
|win|Professor_J93
||Professor_J93 is ready for game 2.
|inactive|battlegrounds88 has 30 seconds to confirm battle start!
|inactive|battlegrounds88 has 20 seconds to confirm battle start!
||battlegrounds88 is ready for game 2.
|uhtml|next|Next: Game 2 of 3
