|j|â˜†edenatwork
|j|â˜†KyleTampy
|html|edenatworkKyleTampy    
|uhtml|bestof|Game 2 of a best-of-3
|t:|1785732281
|gametype|doubles
|player|p1|edenatwork|102|1040
|player|p2|KyleTampy|lucian|1071
|gen|9
|tier|[Gen 9 Champions] VGC 2026 Reg M-B (Bo3)
|rated|
|rule|Species Clause: Limit one of each PokÃ©mon
|rule|Item Clause: Limit 1 of each item
|clearpoke
|poke|p1|Kingambit, L50, M|
|poke|p1|Whimsicott, L50, F|
|poke|p1|Sneasler, L50, M|
|poke|p1|Froslass, L50, F|
|poke|p1|Kleavor, L50, F|
|poke|p1|Basculegion, L50, M|
|poke|p2|Staraptor, L50, M|
|poke|p2|Whimsicott, L50, F|
|poke|p2|Basculegion, L50, M|
|poke|p2|Dragalge, L50, M|
|poke|p2|Scizor, L50, F|
|poke|p2|Incineroar, L50, M|
|teampreview|4
|showteam|p1|Kingambit||BlackGlasses|Defiant|SwordsDance,Protect,KowtowCleave,SuckerPunch|Adamant||M|||50|]Whimsicott||CobaBerry|Prankster|Encore,Tailwind,Moonblast,Protect|Timid||F|||50|]Sneasler||WhiteHerb|Unburden|FakeOut,DireClaw,CloseCombat,Protect|Adamant||M|||50|]Froslass||Froslassite|CursedBody|Blizzard,ShadowBall,AuroraVeil,Protect|Modest||F|||50|]Kleavor||FocusSash|Sharpness|StoneAxe,CloseCombat,Feint,Protect|Jolly||F|||50|]Basculegion||ChoiceScarf|Adaptability|LastRespects,AquaJet,WaveCrash,FlipTurn|Jolly||M|||50|
|showteam|p2|Staraptor||Staraptite|Intimidate|BraveBird,CloseCombat,Uturn,Protect|Jolly||M|||50|]Whimsicott||FocusSash|Prankster|Charm,Tailwind,Moonblast,Encore|Timid||F|||50|]Basculegion||SitrusBerry|Adaptability|FlipTurn,WaveCrash,LastRespects,Protect|Adamant||M|||50|]Dragalge||Dragalgite|Adaptability|SludgeBomb,DragonPulse,FlipTurn,Protect|Relaxed||M|||50|]Scizor||LifeOrb|Technician|BulletPunch,CloseCombat,BugBite,Protect|Adamant||F|||50|]Incineroar||ShucaBerry|Intimidate|FakeOut,FlareBlitz,DarkestLariat,PartingShot|Careful||M|||50|
|c|â˜†KyleTampy|Why
|c|â˜†KyleTampy|I was frozen
|c|â˜†edenatwork|down 3 to 1 though
|c|â˜†KyleTampy|Hm
|c|â˜†KyleTampy|Alright
|c|â˜†edenatwork|maybe I should have played it out, but it seemed pretty over even with that
|
|t:|1785732359
|teamsize|p1|4
|teamsize|p2|4
|start
|switch|p1a: Whimsicott|Whimsicott, L50, F|100/100
|switch|p1b: Froslass|Froslass, L50, F|100/100
|switch|p2a: Scizor|Scizor, L50, F|100/100
|switch|p2b: Incineroar|Incineroar, L50, M|100/100
|-ability|p2b: Incineroar|Intimidate|boost
|-unboost|p1a: Whimsicott|atk|1
|-unboost|p1b: Froslass|atk|1
|turn|1
|c|â˜†KyleTampy|Incin was alive too
|c|â˜†KyleTampy|I guess you're right
|
|t:|1785732379
|detailschange|p1b: Froslass|Froslass-Mega, L50, F
|-mega|p1b: Froslass|Froslass|Froslassite
|-weather|Snowscape|[from] ability: Snow Warning|[of] p1b: Froslass
|move|p1a: Whimsicott|Protect|p1a: Whimsicott
|-singleturn|p1a: Whimsicott|Protect
|move|p2b: Incineroar|Fake Out|p1a: Whimsicott
|-activate|p1a: Whimsicott|move: Protect
|move|p2a: Scizor|Bullet Punch|p1b: Froslass
|-supereffective|p1b: Froslass|1
|-crit|p1b: Froslass
|-damage|p1b: Froslass|0 fnt
|faint|p1b: Froslass
|-damage|p2a: Scizor|90/100|[from] item: Life Orb
|
|-weather|Snowscape|[upkeep]
|upkeep
|
|t:|1785732396
|switch|p1b: Sneasler|Sneasler, L50, M|100/100
|turn|2
|c|â˜†edenatwork|well shit lol
|
|t:|1785732410
|switch|p2b: Staraptor|Staraptor, L50, M|100/100
|-ability|p2b: Staraptor|Intimidate|boost
|-unboost|p1a: Whimsicott|atk|1
|-unboost|p1b: Sneasler|atk|1
|-enditem|p1b: Sneasler|White Herb
|-clearnegativeboost|p1b: Sneasler|[silent]
|move|p1a: Whimsicott|Tailwind|p1a: Whimsicott
|-sidestart|p1: edenatwork|move: Tailwind
|move|p2a: Scizor|Bullet Punch|p1a: Whimsicott
|-supereffective|p1a: Whimsicott|1
|-damage|p1a: Whimsicott|0 fnt
|faint|p1a: Whimsicott
|-damage|p2a: Scizor|81/100|[from] item: Life Orb
|move|p1b: Sneasler|Close Combat|p2a: Scizor
|-damage|p2a: Scizor|18/100
|-unboost|p1b: Sneasler|def|1
|-unboost|p1b: Sneasler|spd|1
|
|-weather|Snowscape|[upkeep]
|upkeep
|
|t:|1785732426
|switch|p1a: Basculegion|Basculegion, L50, M|100/100
|turn|3
|c|â˜†edenatwork|maybe i need to use the scissor. its doing work
|
|t:|1785732448
|switch|p2a: Incineroar|Incineroar, L50, M|100/100
|-ability|p2a: Incineroar|Intimidate|boost
|-unboost|p1a: Basculegion|atk|1
|-unboost|p1b: Sneasler|atk|1
|move|p2b: Staraptor|Protect|p2b: Staraptor
|-singleturn|p2b: Staraptor|Protect
|move|p1b: Sneasler|Close Combat|p2a: Incineroar
|-supereffective|p2a: Incineroar|1
|-damage|p2a: Incineroar|21/100
|-unboost|p1b: Sneasler|def|1
|-unboost|p1b: Sneasler|spd|1
|move|p1a: Basculegion|Wave Crash|p2b: Staraptor
|-activate|p2b: Staraptor|move: Protect
|
|-weather|Snowscape|[upkeep]
|upkeep
|turn|4
|c|â˜†KyleTampy|Yeah good for fairies and farig
|
|t:|1785732486
|switch|p2b: Whimsicott|Whimsicott, L50, F|100/100
|move|p2a: Incineroar|Fake Out|p1b: Sneasler
|-damage|p1b: Sneasler|78/100
|cant|p1b: Sneasler|flinch
|move|p1a: Basculegion|Wave Crash|p2b: Whimsicott
|-resisted|p2b: Whimsicott|1
|-damage|p2b: Whimsicott|66/100
|-damage|p1a: Basculegion|90/100|[from] Recoil
|
|-weather|Snowscape|[upkeep]
|upkeep
|turn|5
|
|t:|1785732510
|switch|p2a: Staraptor|Staraptor, L50, M|100/100
|-ability|p2a: Staraptor|Intimidate|boost
|-unboost|p1a: Basculegion|atk|1
|-unboost|p1b: Sneasler|atk|1
|move|p2b: Whimsicott|Charm|p1a: Basculegion
|-unboost|p1a: Basculegion|atk|2
|move|p1b: Sneasler|Dire Claw|p2b: Whimsicott
|-supereffective|p2b: Whimsicott|2
|-damage|p2b: Whimsicott|0 fnt
|faint|p2b: Whimsicott
|move|p1a: Basculegion|Wave Crash|p2a: Staraptor
|-damage|p2a: Staraptor|64/100
|-damage|p1a: Basculegion|80/100|[from] Recoil
|
|-weather|none
|-sideend|p1: edenatwork|move: Tailwind
|upkeep
|
|t:|1785732514
|switch|p2b: Incineroar|Incineroar, L50, M|21/100
|-ability|p2b: Incineroar|Intimidate|boost
|-unboost|p1a: Basculegion|atk|1
|-unboost|p1b: Sneasler|atk|1
|turn|6
|c|â˜†edenatwork|welp im pretty much neutered without the ability to reset these debuffs
|c|â˜†edenatwork|gg
|c|â˜†KyleTampy|Gg
|-message|edenatwork forfeited.
|
|win|KyleTampy
|raw|edenatwork's rating: 1040 → 1025(-15 for losing)
|raw|KyleTampy's rating: 1071 → 1098(+27 for winning)
|l|â˜†edenatwork
|player|p1|
