|j|☆Cotcha
|j|☆zrofs
|html|Cotchazrofs    
|uhtml|bestof|Game 2 of a best-of-3
|t:|1756388146
|gametype|doubles
|player|p1|Cotcha|li|1130
|player|p2|zrofs|steven|1100
|gen|9
|tier|[Gen 9] VGC 2025 Reg H (Bo3)
|rated|
|rule|Species Clause: Limit one of each Pokémon
|rule|Item Clause: Limit 1 of each item
|clearpoke
|poke|p1|Annihilape, L50, F|
|poke|p1|Sinistcha, L50|
|poke|p1|Basculegion, L50, M|
|poke|p1|Pelipper, L50, F|
|poke|p1|Archaludon, L50, M|
|poke|p1|Maushold, L50|
|poke|p2|Volcarona, L50, F|
|poke|p2|Kingambit, L50, F|
|poke|p2|Electabuzz, L50, M|
|poke|p2|Sinistcha, L50|
|poke|p2|Talonflame, L50, M|
|poke|p2|Ursaluna-Bloodmoon, L50, M|
|teampreview|4
|showteam|p1|Annihilape||SitrusBerry|Defiant|DrainPunch,RageFist,BulkUp,Protect|||F|||50|,,,,,Fire]Sinistcha||RockyHelmet|Hospitality|RagePowder,MatchaGotcha,LifeDew,TrickRoom||||||50|,,,,,Fairy]Basculegion||ChoiceScarf|Adaptability|FlipTurn,WaveCrash,LastRespects,AquaJet|||M|||50|,,,,,Grass]Pelipper||FocusSash|Drizzle|WeatherBall,Hurricane,WideGuard,Protect|||F|||50|,,,,,Stellar]Archaludon||AssaultVest|Stamina|ElectroShot,BodyPress,DracoMeteor,FlashCannon|||M|||50|,,,,,Bug]Maushold||SafetyGoggles|FriendGuard|SuperFang,BeatUp,FollowMe,Taunt||||||50|,,,,,Ghost
|showteam|p2|Volcarona||Leftovers|FlameBody|TeraBlast,HeatWave,Protect,QuiverDance|||F|||50|,,,,,Water]Kingambit||BlackGlasses|Defiant|SuckerPunch,KowtowCleave,Protect,SwordsDance|||F|||50|,,,,,Dark]Electabuzz||Eviolite|VitalSpirit|FollowMe,ThunderWave,Taunt,VoltSwitch|||M|||50|,,,,,Ghost]Sinistcha||RockyHelmet|Hospitality|MatchaGotcha,RagePowder,TrickRoom,LifeDew||||||50|,,,,,Fairy]Talonflame||CovertCloak|GaleWings|Tailwind,WillOWisp,SunnyDay,BraveBird|||M|||50|,,,,,Ghost]Ursaluna-Bloodmoon||LifeOrb|MindsEye|BloodMoon,HyperVoice,Protect,EarthPower|||M|||50|,,,,,Normal
|inactive|Battle timer is ON: inactive players will automatically lose when time's up. (requested by zrofs)
|inactive|Cotcha has 60 seconds left.
|inactive|Cotcha has 30 seconds left.
|
|t:|1756388230
|teamsize|p1|4
|teamsize|p2|4
|start
|switch|p1a: Annihilape|Annihilape, L50, F|100/100
|switch|p1b: Maushold|Maushold, L50|100/100
|switch|p2a: Electabuzz|Electabuzz, L50, M, shiny|100/100
|switch|p2b: Talonflame|Talonflame, L50, M, shiny|100/100
|turn|1
|
|t:|1756388249
|-terastallize|p1a: Annihilape|Fire
|move|p2a: Electabuzz|Follow Me|p2a: Electabuzz
|-singleturn|p2a: Electabuzz|move: Follow Me
|move|p2b: Talonflame|Will-O-Wisp|p1b: Maushold|[miss]
|-miss|p2b: Talonflame|p1b: Maushold
|move|p1b: Maushold|Taunt|p2a: Electabuzz
|-start|p2a: Electabuzz|move: Taunt
|move|p1a: Annihilape|Bulk Up|p1a: Annihilape
|-boost|p1a: Annihilape|atk|1
|-boost|p1a: Annihilape|def|1
|
|upkeep
|turn|2
|
|t:|1756388271
|move|p2b: Talonflame|Will-O-Wisp|p1b: Maushold
|-status|p1b: Maushold|brn
|move|p1b: Maushold|Beat Up|p1a: Annihilape
|-damage|p1a: Annihilape|99/100
|-damage|p1a: Annihilape|99/100
|-damage|p1a: Annihilape|99/100
|-damage|p1a: Annihilape|98/100
|-hitcount|p1a: Annihilape|4
|move|p1a: Annihilape|Rage Fist|p2b: Talonflame
|-damage|p2b: Talonflame|0 fnt
|faint|p2b: Talonflame
|move|p2a: Electabuzz|Volt Switch|p1b: Maushold
|-damage|p1b: Maushold|70/100 brn
|
|t:|1756388286
|switch|p2a: Volcarona|Volcarona, L50, F|100/100|[from] Volt Switch
|
|-damage|p1b: Maushold|64/100 brn|[from] brn
|upkeep
|
|t:|1756388296
|switch|p2b: Electabuzz|Electabuzz, L50, M, shiny|100/100
|turn|3
|inactive|Cotcha has 30 seconds left.
|
|t:|1756388322
|move|p1b: Maushold|Follow Me|p1b: Maushold
|-singleturn|p1b: Maushold|move: Follow Me
|move|p1a: Annihilape|Rage Fist|p2b: Electabuzz
|-damage|p2b: Electabuzz|0 fnt
|faint|p2b: Electabuzz
|move|p2a: Volcarona|Quiver Dance|p2a: Volcarona
|-boost|p2a: Volcarona|spa|1
|-boost|p2a: Volcarona|spd|1
|-boost|p2a: Volcarona|spe|1
|
|-damage|p1b: Maushold|58/100 brn|[from] brn
|upkeep
|
|t:|1756388332
|switch|p2b: Ursaluna|Ursaluna-Bloodmoon, L50, M|100/100
|turn|4
|inactive|Cotcha has 30 seconds left.
|inactive|zrofs has 30 seconds left.
|inactive|Cotcha has 20 seconds left.
|inactive|Cotcha has 15 seconds left.
|inactive|Cotcha has 10 seconds left.
|
|t:|1756388378
|move|p2a: Volcarona|Protect|p2a: Volcarona
|-singleturn|p2a: Volcarona|Protect
|move|p1b: Maushold|Super Fang|p2b: Ursaluna
|-damage|p2b: Ursaluna|51/100
|move|p1a: Annihilape|Rage Fist|p2a: Volcarona
|-activate|p2a: Volcarona|move: Protect
|move|p2b: Ursaluna|Hyper Voice|p1a: Annihilape|[spread] p1a,p1b
|-damage|p1a: Annihilape|63/100
|-damage|p1b: Maushold|0 fnt
|faint|p1b: Maushold
|-damage|p2b: Ursaluna|41/100|[from] item: Life Orb
|
|upkeep
|
|t:|1756388386
|switch|p1b: Sinistcha|Sinistcha, L50|100/100
|-heal|p1a: Annihilape|88/100|[from] ability: Hospitality|[of] p1b: Sinistcha
|turn|5
|
|t:|1756388400
|move|p1b: Sinistcha|Rage Powder|p1b: Sinistcha
|-singleturn|p1b: Sinistcha|move: Rage Powder
|move|p2a: Volcarona|Heat Wave|p1b: Sinistcha|[spread] p1a,p1b
|-resisted|p1a: Annihilape
|-supereffective|p1b: Sinistcha
|-damage|p1a: Annihilape|67/100
|-damage|p1b: Sinistcha|0 fnt
|faint|p1b: Sinistcha
|move|p1a: Annihilape|Rage Fist|p2a: Volcarona
|-damage|p2a: Volcarona|0 fnt
|faint|p2a: Volcarona
|move|p2b: Ursaluna|Earth Power|p1a: Annihilape
|-supereffective|p1a: Annihilape
|-damage|p1a: Annihilape|0 fnt
|faint|p1a: Annihilape
|-damage|p2b: Ursaluna|32/100|[from] item: Life Orb
|
|upkeep
|
|t:|1756388410
|switch|p1b: Archaludon|Archaludon, L50, M|100/100
|turn|6
|
|t:|1756388428
|move|p1b: Archaludon|Body Press|p2b: Ursaluna
|-supereffective|p2b: Ursaluna
|-damage|p2b: Ursaluna|0 fnt
|faint|p2b: Ursaluna
|
|win|Cotcha
|l|☆zrofs
|player|p2|
||Cotcha is ready for game 3.
||zrofs is ready for game 3.
|uhtml|next|Next: Game 3 of 3
