|j|☆buoybuoy
|j|☆Jakobtc
|html|buoybuoyJakobtc    
|uhtml|bestof|Game 3 of a best-of-3
|t:|1784507549
|gametype|doubles
|player|p1|buoybuoy|265|1075
|player|p2|Jakobtc|riley|1163
|gen|9
|tier|[Gen 9 Champions] VGC 2026 Reg M-B (Bo3)
|rated|
|rule|Species Clause: Limit one of each Pokémon
|rule|Item Clause: Limit 1 of each item
|clearpoke
|poke|p1|Dragalge, L50, F|
|poke|p1|Politoed, L50, M|
|poke|p1|Hatterene, L50, F, shiny|
|poke|p1|Sinistcha-Masterpiece, L50|
|poke|p1|Kingambit, L50, M|
|poke|p1|Rotom-Wash, L50|
|poke|p2|Zoroark-Hisui, L50, M|
|poke|p2|Charizard, L50, M|
|poke|p2|Whimsicott, L50, F|
|poke|p2|Gholdengo, L50|
|poke|p2|Incineroar, L50, F|
|poke|p2|Dragonite, L50, M|
|teampreview|4
|showteam|p1|Dragalge||Dragalgite|Adaptability|DracoMeteor,SludgeWave,FlipTurn,Protect|Modest||F|||50|]Politoed||DampRock|Drizzle|Encore,WeatherBall,Protect,HelpingHand|Relaxed||M|||50|]Hatterene||SitrusBerry|MagicBounce|Psychic,Protect,TrickRoom,DazzlingGleam|Quiet||F|||50|]Sinistcha-Masterpiece||FocusSash|Hospitality|RagePowder,MatchaGotcha,ShadowBall,TrickRoom|Quiet|||||50|]Kingambit||ShucaBerry|Defiant|KowtowCleave,SuckerPunch,Protect,IronHead|Brave||M|||50|]Rotom-Wash|||Levitate|HydroPump,VoltSwitch,Thunder,WillOWisp|Quiet|||||50|
|showteam|p2|Zoroark-Hisui||FocusSash|Illusion|BitterMalice,IcyWind,Taunt,Protect|Timid||M|||50|]Charizard||CharizarditeY|Blaze|HeatWave,WeatherBall,SolarBeam,Protect|Modest||M|||50|]Whimsicott||MentalHerb|Prankster|Moonblast,Tailwind,FakeTears,Encore|Timid||F|||50|]Gholdengo||MetalCoat|GoodasGold|MakeItRain,ShadowBall,NastyPlot,Protect|Modest|||||50|]Incineroar||SitrusBerry|Intimidate|FakeOut,FlareBlitz,DarkestLariat,PartingShot|Adamant||F|||50|]Dragonite||DragonFang|Multiscale|ScaleShot,ExtremeSpeed,LowKick,Protect|Adamant||M|||50|
|inactive|Battle timer is ON: inactive players will automatically lose when time's up. (requested by Jakobtc)
|inactive|Jakobtc has 60 seconds left.
|
|t:|1784507580
|teamsize|p1|4
|teamsize|p2|4
|start
|switch|p1a: Hatterene|Hatterene, L50, F, shiny|100/100
|switch|p1b: Dragalge|Dragalge, L50, F|100/100
|switch|p2a: Dragonite|Dragonite, L50, M|100/100
|switch|p2b: Charizard|Charizard, L50, M|100/100
|turn|1
|
|t:|1784507600
|move|p1b: Dragalge|Protect|p1b: Dragalge
|-singleturn|p1b: Dragalge|Protect
|move|p2b: Charizard|Taunt|p1a: Hatterene
|move|p1a: Hatterene|Taunt|p2b: Charizard|[from] ability: Magic Bounce
|-start|p2b: Charizard|move: Taunt
|move|p2a: Dragonite|Scale Shot|p1b: Dragalge
|-activate|p1b: Dragalge|move: Protect
|move|p1a: Hatterene|Trick Room|p1a: Hatterene
|-fieldstart|move: Trick Room|[of] p1a: Hatterene
|
|upkeep
|turn|2
|inactive|Jakobtc has 30 seconds left.
|
|t:|1784507628
|switch|p2b: Gholdengo|Gholdengo, L50|100/100
|detailschange|p1b: Dragalge|Dragalge-Mega, L50, F
|-mega|p1b: Dragalge|Dragalge|Dragalgite
|move|p2a: Dragonite|Protect|p2a: Dragonite
|-singleturn|p2a: Dragonite|Protect
|move|p1a: Hatterene|Dazzling Gleam|p2a: Dragonite|[spread] p2b
|-activate|p2a: Dragonite|move: Protect
|-resisted|p2b: Gholdengo|1
|-damage|p2b: Gholdengo|81/100
|move|p1b: Dragalge|Flip Turn|p2b: Gholdengo
|-damage|p2b: Gholdengo|68/100
|
|t:|1784507639
|switch|p1b: Kingambit|Kingambit, L50, M|100/100|[from] Flip Turn
|
|upkeep
|turn|3
|inactive|Jakobtc has 30 seconds left.
|
|t:|1784507665
|move|p1a: Hatterene|Dazzling Gleam|p2a: Dragonite|[spread] p2a,p2b
|-supereffective|p2a: Dragonite|1
|-resisted|p2b: Gholdengo|1
|-damage|p2a: Dragonite|61/100
|-damage|p2b: Gholdengo|47/100
|move|p1b: Kingambit|Kowtow Cleave|p2b: Gholdengo
|-supereffective|p2b: Gholdengo|1
|-damage|p2b: Gholdengo|0 fnt
|faint|p2b: Gholdengo
|move|p2a: Dragonite|Low Kick|p1b: Kingambit
|-supereffective|p1b: Kingambit|2
|-damage|p1b: Kingambit|0 fnt
|faint|p1b: Kingambit
|
|upkeep
|
|t:|1784507682
|switch|p1b: Dragalge|Dragalge-Mega, L50, F|100/100
|switch|p2b: Charizard|Charizard, L50, M|100/100
|turn|4
|
|t:|1784507694
|move|p2a: Dragonite|Protect|p2a: Dragonite
|-singleturn|p2a: Dragonite|Protect
|move|p1a: Hatterene|Dazzling Gleam|p2b: Charizard|[spread] p2b
|-activate|p2a: Dragonite|move: Protect
|-damage|p2b: Charizard|27/100
|replace|p2b: Zoroark|Zoroark-Hisui, L50, M
|-end|p2b: Zoroark|Illusion
|move|p1b: Dragalge|Sludge Wave|p2b: Zoroark|[spread] p1a,p2b
|-activate|p2a: Dragonite|move: Protect
|-supereffective|p1a: Hatterene|1
|-resisted|p2b: Zoroark|1
|-damage|p1a: Hatterene|7/100
|-damage|p2b: Zoroark|0 fnt
|-enditem|p1a: Hatterene|Sitrus Berry|[eat]
|-heal|p1a: Hatterene|32/100|[from] item: Sitrus Berry
|faint|p2b: Zoroark
|
|upkeep
|
|t:|1784507708
|switch|p2b: Charizard|Charizard, L50, M|100/100
|turn|5
|
|t:|1784507721
|detailschange|p2b: Charizard|Charizard-Mega-Y, L50, M
|-mega|p2b: Charizard|Charizard|Charizardite Y
|-weather|SunnyDay|[from] ability: Drought|[of] p2b: Charizard
|move|p2a: Dragonite|Extreme Speed|p1a: Hatterene
|-damage|p1a: Hatterene|0 fnt
|faint|p1a: Hatterene
|move|p1b: Dragalge|Draco Meteor|p2a: Dragonite
|-supereffective|p2a: Dragonite|1
|-damage|p2a: Dragonite|0 fnt
|-unboost|p1b: Dragalge|spa|2
|faint|p2a: Dragonite
|move|p2b: Charizard|Weather Ball|p1b: Dragalge
|-resisted|p1b: Dragalge|1
|-damage|p1b: Dragalge|64/100
|
|-weather|SunnyDay|[upkeep]
|-fieldend|move: Trick Room
|upkeep
|
|t:|1784507735
|switch|p1a: Politoed|Politoed, L50, M|100/100
|-weather|RainDance|[from] ability: Drizzle|[of] p1a: Politoed
|turn|6
|c|☆Jakobtc|gg lol
|c|☆buoybuoy|gg
|c|☆Jakobtc|i forgot about magic bounce lol
|
|t:|1784507754
|move|p2b: Charizard|Weather Ball|p1b: Dragalge
|-resisted|p1b: Dragalge|1
|-damage|p1b: Dragalge|43/100
|move|p1a: Politoed|Weather Ball|p2b: Charizard
|-supereffective|p2b: Charizard|1
|-damage|p2b: Charizard|0 fnt
|faint|p2b: Charizard
|
|win|buoybuoy
|raw|buoybuoy's rating: 1075 → 1111(+36 for winning)
|raw|Jakobtc's rating: 1163 → 1132(-31 for losing)
|c|☆buoybuoy|i know its too good
|c|☆Jakobtc|XD
