|j|☆Thinking Charizard
|j|☆Dandetheheartless
|html|Thinking CharizardDandetheheartless    
|uhtml|bestof|Game 2 of a best-of-3
|t:|1784939689
|gametype|doubles
|player|p1|Thinking Charizard|colress|1211
|player|p2|Dandetheheartless|winona|1423
|gen|9
|tier|[Gen 9 Champions] VGC 2026 Reg M-B (Bo3)
|rated|
|rule|Species Clause: Limit one of each Pokémon
|rule|Item Clause: Limit 1 of each item
|clearpoke
|poke|p1|Charizard, L50, F|
|poke|p1|Tyranitar, L50, M|
|poke|p1|Garchomp, L50, F|
|poke|p1|Sneasler, L50, M|
|poke|p1|Whimsicott, L50, M|
|poke|p1|Farigiraf, L50, F|
|poke|p2|Orthworm, L50, F|
|poke|p2|Raichu, L50, M|
|poke|p2|Basculegion, L50, M|
|poke|p2|Garchomp, L50, M|
|poke|p2|Ninetales-Alola, L50, F|
|poke|p2|Whimsicott, L50, F|
|teampreview|4
|showteam|p1|Charizard||CharizarditeY|Blaze|HeatWave,SolarBeam,WeatherBall,Protect|Modest||F|||50|]Tyranitar||Tyranitarite|SandStream|RockSlide,KnockOff,LowKick,Protect|Brave||M|||50|]Garchomp||LifeOrb|RoughSkin|StompingTantrum,DragonClaw,Earthquake,Protect|Jolly||F|||50|]Sneasler||WhiteHerb|Unburden|CloseCombat,DireClaw,Protect,FakeOut|Adamant||M|||50|]Whimsicott||FairyFeather|Prankster|Tailwind,Encore,Protect,Moonblast|Bold||M|||50|]Farigiraf||SitrusBerry|ArmorTail|TrickRoom,Thunderbolt,TwinBeam,Protect|Calm||F|||50|
|showteam|p2|Orthworm||SitrusBerry|EarthEater|HeavySlam,ShedTail,BodyPress,Protect|Impish||F|||50|]Raichu||RaichuniteY|LightningRod|ZapCannon,FocusBlast,FakeOut,Protect|Timid||M|||50|]Basculegion||MysticWater|Adaptability|WaveCrash,AquaJet,LastRespects,Protect|Adamant||M|||50|]Garchomp||LifeOrb|RoughSkin|Earthquake,DragonClaw,RockSlide,Protect|Jolly||M|||50|]Ninetales-Alola||NeverMeltIce|SnowWarning|FreezeDry,AuroraVeil,Blizzard,Protect|Timid||F|||50|]Whimsicott||FocusSash|Prankster|Moonblast,Tailwind,Encore,Protect|Timid||F|||50|
|inactive|Battle timer is ON: inactive players will automatically lose when time's up. (requested by Dandetheheartless)
|inactive|Thinking Charizard has 60 seconds left.
|inactive|Thinking Charizard has 30 seconds left.
|
|t:|1784939752
|teamsize|p1|4
|teamsize|p2|4
|start
|switch|p1a: Sneasler|Sneasler, L50, M|100/100
|switch|p1b: Charizard|Charizard, L50, F|100/100
|switch|p2a: Basculegion|Basculegion, L50, M|100/100
|switch|p2b: Whimsicott|Whimsicott, L50, F|100/100
|turn|1
|
|t:|1784939769
|detailschange|p1b: Charizard|Charizard-Mega-Y, L50, F
|-mega|p1b: Charizard|Charizard|Charizardite Y
|-weather|SunnyDay|[from] ability: Drought|[of] p1b: Charizard
|move|p2b: Whimsicott|Protect|p2b: Whimsicott
|-singleturn|p2b: Whimsicott|Protect
|move|p2a: Basculegion|Protect|p2a: Basculegion
|-singleturn|p2a: Basculegion|Protect
|move|p1a: Sneasler|Fake Out|p2b: Whimsicott
|-activate|p2b: Whimsicott|move: Protect
|move|p1b: Charizard|Solar Beam||[still]
|-prepare|p1b: Charizard|Solar Beam
|-anim|p1b: Charizard|Solar Beam|p2a: Basculegion
|-activate|p2a: Basculegion|move: Protect
|
|-weather|SunnyDay|[upkeep]
|upkeep
|turn|2
|inactive|Dandetheheartless has 30 seconds left.
|
|t:|1784939798
|switch|p1b: Whimsicott|Whimsicott, L50, M|100/100
|move|p1a: Sneasler|Protect|p1a: Sneasler
|-singleturn|p1a: Sneasler|Protect
|move|p2b: Whimsicott|Encore|p1a: Sneasler
|-activate|p1a: Sneasler|move: Protect
|move|p2a: Basculegion|Wave Crash|p1b: Whimsicott
|-resisted|p1b: Whimsicott|1
|-damage|p1b: Whimsicott|75/100
|-damage|p2a: Basculegion|93/100|[from] Recoil
|
|-weather|SunnyDay|[upkeep]
|upkeep
|turn|3
|
|t:|1784939815
|switch|p1a: Garchomp|Garchomp, L50, F|100/100
|move|p2b: Whimsicott|Encore||[still]
|-fail|p2b: Whimsicott
|move|p1b: Whimsicott|Tailwind|p1b: Whimsicott
|-sidestart|p1: Thinking Charizard|move: Tailwind
|move|p2a: Basculegion|Wave Crash|p1a: Garchomp
|-damage|p1a: Garchomp|50/100g
|-damage|p2a: Basculegion|81/100|[from] ability: Rough Skin|[of] p1a: Garchomp
|-damage|p2a: Basculegion|67/100|[from] Recoil
|
|-weather|SunnyDay|[upkeep]
|upkeep
|turn|4
|
|t:|1784939834
|switch|p2a: Ninetales|Ninetales-Alola, L50, F|100/100
|-weather|Snowscape|[from] ability: Snow Warning|[of] p2a: Ninetales
|move|p1b: Whimsicott|Encore||[still]
|-fail|p1b: Whimsicott
|move|p2b: Whimsicott|Tailwind|p2b: Whimsicott
|-sidestart|p2: Dandetheheartless|move: Tailwind
|move|p1a: Garchomp|Dragon Claw|p2a: Ninetales
|-immune|p2a: Ninetales
|
|-weather|Snowscape|[upkeep]
|upkeep
|turn|5
|inactive|Thinking Charizard has 30 seconds left.
|inactive|Thinking Charizard has 20 seconds left.
|inactive|Thinking Charizard has 15 seconds left.
|inactive|Thinking Charizard has 10 seconds left.
|inactive|Thinking Charizard has 5 seconds left.
|
|t:|1784939889
|switch|p2b: Raichu|Raichu, L50, M|100/100
|move|p1b: Whimsicott|Tailwind||[still]
|-fail|p1b: Whimsicott
|move|p2a: Ninetales|Blizzard|p1a: Garchomp|[spread] p1a,p1b
|-supereffective|p1a: Garchomp|2
|-supereffective|p1b: Whimsicott|1
|-damage|p1a: Garchomp|0 fnt
|-damage|p1b: Whimsicott|0 fnt
|faint|p1a: Garchomp
|faint|p1b: Whimsicott
|
|-weather|Snowscape|[upkeep]
|upkeep
|
|t:|1784939895
|switch|p1a: Charizard|Charizard-Mega-Y, L50, F|100/100
|switch|p1b: Sneasler|Sneasler, L50, M|100/100
|-weather|SunnyDay|[from] ability: Drought|[of] p1a: Charizard
|turn|6
|
|t:|1784939911
|move|p2b: Raichu|Protect|p2b: Raichu
|-singleturn|p2b: Raichu|Protect
|move|p2a: Ninetales|Protect|p2a: Ninetales
|-singleturn|p2a: Ninetales|Protect
|move|p1b: Sneasler|Dire Claw|p2a: Ninetales
|-activate|p2a: Ninetales|move: Protect
|move|p1a: Charizard|Heat Wave|p2a: Ninetales|[spread] 
|-activate|p2a: Ninetales|move: Protect
|-activate|p2b: Raichu|move: Protect
|
|-weather|SunnyDay|[upkeep]
|-sideend|p1: Thinking Charizard|move: Tailwind
|upkeep
|turn|7
|
|t:|1784939925
|detailschange|p2b: Raichu|Raichu-Mega-Y, L50, M
|-mega|p2b: Raichu|Raichu|Raichunite Y
|move|p1a: Charizard|Protect|p1a: Charizard
|-singleturn|p1a: Charizard|Protect
|move|p2b: Raichu|Zap Cannon|p1a: Charizard
|-activate|p1a: Charizard|move: Protect
|move|p2a: Ninetales|Freeze-Dry|p1b: Sneasler
|-damage|p1b: Sneasler|56/100
|move|p1b: Sneasler|Close Combat|p2b: Raichu
|-damage|p2b: Raichu|0 fnt
|-unboost|p1b: Sneasler|def|1
|-unboost|p1b: Sneasler|spd|1
|faint|p2b: Raichu
|-enditem|p1b: Sneasler|White Herb
|-clearnegativeboost|p1b: Sneasler|[silent]
|
|-weather|SunnyDay|[upkeep]
|-sideend|p2: Dandetheheartless|move: Tailwind
|upkeep
|
|t:|1784939930
|switch|p2b: Whimsicott|Whimsicott, L50, F|100/100
|turn|8
|
|t:|1784939952
|move|p2b: Whimsicott|Encore|p1a: Charizard
|-start|p1a: Charizard|Encore
|move|p1a: Charizard|Protect||[still]
|-fail|p1a: Charizard
|move|p1b: Sneasler|Dire Claw|p2b: Whimsicott
|-supereffective|p2b: Whimsicott|2
|-enditem|p2b: Whimsicott|Focus Sash
|-damage|p2b: Whimsicott|1/100
|move|p2a: Ninetales|Blizzard|p1a: Charizard|[spread] p1a,p1b
|-damage|p1a: Charizard|66/100
|-damage|p1b: Sneasler|4/100
|
|-weather|SunnyDay|[upkeep]
|upkeep
|turn|9
|
|t:|1784939977
|switch|p2a: Basculegion|Basculegion, L50, M|67/100
|move|p1a: Charizard|Protect|p1a: Charizard
|-singleturn|p1a: Charizard|Protect
|move|p2b: Whimsicott|Tailwind|p2b: Whimsicott
|-sidestart|p2: Dandetheheartless|move: Tailwind
|move|p1b: Sneasler|Dire Claw|p2b: Whimsicott
|-supereffective|p2b: Whimsicott|2
|-damage|p2b: Whimsicott|0 fnt
|faint|p2b: Whimsicott
|
|-weather|SunnyDay|[upkeep]
|upkeep
|
|t:|1784939980
|switch|p2b: Ninetales|Ninetales-Alola, L50, F|100/100
|-weather|Snowscape|[from] ability: Snow Warning|[of] p2b: Ninetales
|turn|10
|
|t:|1784939994
|move|p1a: Charizard|Protect||[still]
|-fail|p1a: Charizard
|move|p2a: Basculegion|Aqua Jet|p1b: Sneasler
|-damage|p1b: Sneasler|0 fnt
|faint|p1b: Sneasler
|move|p2b: Ninetales|Aurora Veil|p2b: Ninetales
|-sidestart|p2: Dandetheheartless|move: Aurora Veil
|
|-weather|Snowscape|[upkeep]
|-end|p1a: Charizard|Encore
|upkeep
|turn|11
|-message|Thinking Charizard forfeited.
|
|win|Dandetheheartless
||Dandetheheartless is ready for game 3.
||Thinking Charizard is ready for game 3.
|uhtml|next|Next: Game 3 of 3
|l|☆Dandetheheartless
|player|p2|
