|j|☆pashmak
|j|☆ossigt
|html|pashmakossigt    
|uhtml|bestof|Game 2 of a best-of-3
|t:|1757686019
|gametype|doubles
|player|p1|pashmak|waiter|1392
|player|p2|ossigt|hilbert-wonderlauncher|1302
|gen|9
|tier|[Gen 9] VGC 2025 Reg H (Bo3)
|rated|
|rule|Species Clause: Limit one of each Pokémon
|rule|Item Clause: Limit 1 of each item
|clearpoke
|poke|p1|Electabuzz, L50, M|
|poke|p1|Kingambit, L50, F|
|poke|p1|Volcarona, L50, F|
|poke|p1|Dragonite, L50, M|
|poke|p1|Sneasler, L50, F|
|poke|p1|Rillaboom, L50, M|
|poke|p2|Kingambit, L50, F|
|poke|p2|Rillaboom, L50, F|
|poke|p2|Electabuzz, L50, M|
|poke|p2|Dragapult, L50, M|
|poke|p2|Volcarona, L50, M|
|poke|p2|Tauros-Paldea-Aqua, L50, M|
|teampreview|4
|showteam|p1|Electabuzz||Eviolite|VitalSpirit|FollowMe,Thunderbolt,Taunt,Protect|||M|||50|,,,,,Ghost]Kingambit||BlackGlasses|Defiant|KowtowCleave,SuckerPunch,SwordsDance,Protect|||F|||50|,,,,,Ghost]Volcarona||Leftovers|FlameBody|HeatWave,TeraBlast,QuiverDance,Protect|||F|||50|,,,,,Fairy]Dragonite||LoadedDice|Multiscale|ScaleShot,ExtremeSpeed,Haze,Protect|||M|||50|,,,,,Normal]Sneasler||FocusSash|Unburden|DireClaw,CloseCombat,Coaching,FakeOut|||F|||50|,,,,,Stellar]Rillaboom||AssaultVest|GrassySurge|FakeOut,WoodHammer,GrassyGlide,HighHorsepower|||M|||50|,,,,,Fire
|showteam|p2|Kingambit||BlackGlasses|Defiant|Protect,KowtowCleave,SuckerPunch,SwordsDance|||F|||50|,,,,,Dark]Rillaboom||AssaultVest|GrassySurge|WoodHammer,GrassyGlide,Uturn,FakeOut|||F|||50|,,,,,Fire]Electabuzz||Eviolite|VitalSpirit|Protect,Thunderbolt,HelpingHand,FollowMe|||M|||50|,,,,,Ghost]Dragapult||ChoiceBand|ClearBody|DragonDarts,PhantomForce,Outrage,Uturn|||M|||50|,,,,,Ghost]Volcarona||CovertCloak|FlameBody|Protect,HeatWave,GigaDrain,QuiverDance|||M|||50|,,,,,Dragon]Tauros-Paldea-Aqua||MirrorHerb|Intimidate|Protect,WaveCrash,CloseCombat,AquaJet|||M|||50|,,,,,Water
|
|t:|1757686047
|teamsize|p1|4
|teamsize|p2|4
|start
|switch|p1a: Sneasler|Sneasler, L50, F|100/100
|switch|p1b: Volcarona|Volcarona, L50, F|100/100
|switch|p2a: Tauros|Tauros-Paldea-Aqua, L50, M|100/100
|switch|p2b: Dragapult|Dragapult, L50, M, shiny|100/100
|-ability|p2a: Tauros|Intimidate|boost
|-unboost|p1a: Sneasler|atk|1
|-unboost|p1b: Volcarona|atk|1
|turn|1
|j| gggguuuu
|
|t:|1757686066
|switch|p2a: Kingambit|Kingambit, L50, F, shiny|100/100
|-terastallize|p1b: Volcarona|Fairy
|move|p1a: Sneasler|Fake Out|p2a: Kingambit
|-resisted|p2a: Kingambit
|-damage|p2a: Kingambit|97/100
|move|p2b: Dragapult|Dragon Darts|p1a: Sneasler
|-damage|p1a: Sneasler|39/100
|-anim|p2b: Dragapult|Dragon Darts|p1a: Sneasler
|-damage|p1a: Sneasler|0 fnt
|faint|p1a: Sneasler
|move|p1b: Volcarona|Quiver Dance|p1b: Volcarona
|-boost|p1b: Volcarona|spa|1
|-boost|p1b: Volcarona|spd|1
|-boost|p1b: Volcarona|spe|1
|
|upkeep
|
|t:|1757686083
|switch|p1a: Electabuzz|Electabuzz, L50, M|100/100
|turn|2
|
|t:|1757686093
|-terastallize|p2a: Kingambit|Dark
|move|p1a: Electabuzz|Protect|p1a: Electabuzz
|-singleturn|p1a: Electabuzz|Protect
|move|p2b: Dragapult|Dragon Darts|p1a: Electabuzz
|-immune|p1b: Volcarona
|move|p1b: Volcarona|Tera Blast|p2b: Dragapult|[anim] Tera Blast Fairy
|-supereffective|p2b: Dragapult
|-damage|p2b: Dragapult|0 fnt
|faint|p2b: Dragapult
|move|p2a: Kingambit|Swords Dance|p2a: Kingambit
|-boost|p2a: Kingambit|atk|2
|
|upkeep
|
|t:|1757686103
|switch|p2b: Rillaboom|Rillaboom, L50, F, shiny|100/100
|-fieldstart|move: Grassy Terrain|[from] ability: Grassy Surge|[of] p2b: Rillaboom
|turn|3
|
|t:|1757686115
|move|p2b: Rillaboom|Fake Out|p1b: Volcarona
|-damage|p1b: Volcarona|84/100
|move|p1a: Electabuzz|Follow Me|p1a: Electabuzz
|-singleturn|p1a: Electabuzz|move: Follow Me
|cant|p1b: Volcarona|flinch
|move|p2a: Kingambit|Kowtow Cleave|p1a: Electabuzz
|-damage|p1a: Electabuzz|0 fnt
|faint|p1a: Electabuzz
|
|-heal|p1b: Volcarona|91/100|[from] Grassy Terrain
|-heal|p1b: Volcarona|97/100|[from] item: Leftovers
|-heal|p2a: Kingambit|100/100|[from] Grassy Terrain
|upkeep
|
|t:|1757686117
|switch|p1a: Dragonite|Dragonite, L50, M|100/100
|turn|4
|inactive|Battle timer is ON: inactive players will automatically lose when time's up. (requested by pashmak)
|
|t:|1757686143
|switch|p2b: Tauros|Tauros-Paldea-Aqua, L50, M|100/100
|-ability|p2b: Tauros|Intimidate|boost
|-unboost|p1a: Dragonite|atk|1
|-unboost|p1b: Volcarona|atk|1
|move|p1b: Volcarona|Heat Wave|p2a: Kingambit|[spread] p2a,p2b
|-resisted|p2b: Tauros
|-damage|p2a: Kingambit|53/100
|-damage|p2b: Tauros|63/100
|move|p1a: Dragonite|Scale Shot|p2b: Tauros
|-damage|p2b: Tauros|52/100
|-damage|p2b: Tauros|41/100
|-damage|p2b: Tauros|31/100
|-damage|p2b: Tauros|20/100
|-damage|p2b: Tauros|10/100
|-hitcount|p2b: Tauros|5
|-unboost|p1a: Dragonite|def|1
|-boost|p1a: Dragonite|spe|1
|-enditem|p2b: Tauros|Mirror Herb
|-boost|p2b: Tauros|spe|1|[from] item: Mirror Herb
|move|p2a: Kingambit|Kowtow Cleave|p1a: Dragonite
|-crit|p1a: Dragonite
|-damage|p1a: Dragonite|0 fnt
|faint|p1a: Dragonite
|
|-heal|p2b: Tauros|17/100|[from] Grassy Terrain
|-heal|p1b: Volcarona|100/100|[from] Grassy Terrain
|-heal|p2a: Kingambit|58/100|[from] Grassy Terrain
|upkeep
|turn|5
|
|t:|1757686165
|move|p2b: Tauros|Aqua Jet|p1b: Volcarona
|-damage|p1b: Volcarona|80/100
|move|p2a: Kingambit|Sucker Punch|p1b: Volcarona
|-resisted|p1b: Volcarona
|-damage|p1b: Volcarona|13/100
|-status|p2a: Kingambit|brn|[from] ability: Flame Body|[of] p1b: Volcarona
|move|p1b: Volcarona|Heat Wave|p2a: Kingambit|[spread] p2a,p2b
|-resisted|p2b: Tauros
|-damage|p2a: Kingambit|6/100 brn
|-damage|p2b: Tauros|0 fnt
|faint|p2b: Tauros
|
|-heal|p1b: Volcarona|19/100|[from] Grassy Terrain
|-heal|p1b: Volcarona|25/100|[from] item: Leftovers
|-heal|p2a: Kingambit|12/100 brn|[from] Grassy Terrain
|-damage|p2a: Kingambit|6/100 brn|[from] brn
|upkeep
|
|t:|1757686171
|switch|p2b: Rillaboom|Rillaboom, L50, F, shiny|100/100
|turn|6
|
|t:|1757686179
|move|p1b: Volcarona|Protect|p1b: Volcarona
|-singleturn|p1b: Volcarona|Protect
|move|p2b: Rillaboom|Fake Out|p1b: Volcarona
|-activate|p1b: Volcarona|move: Protect
|move|p2a: Kingambit|Sucker Punch||[still]
|-fail|p2a: Kingambit
|
|-heal|p1b: Volcarona|32/100|[from] Grassy Terrain
|-heal|p1b: Volcarona|38/100|[from] item: Leftovers
|-heal|p2a: Kingambit|12/100 brn|[from] Grassy Terrain
|-damage|p2a: Kingambit|6/100 brn|[from] brn
|upkeep
|turn|7
|
|t:|1757686189
|move|p2a: Kingambit|Sucker Punch|p1b: Volcarona
|-resisted|p1b: Volcarona
|-damage|p1b: Volcarona|5/100
|move|p1b: Volcarona|Heat Wave|p2a: Kingambit|[spread] p2a,p2b
|-supereffective|p2b: Rillaboom
|-damage|p2a: Kingambit|0 fnt
|-damage|p2b: Rillaboom|24/100
|faint|p2a: Kingambit
|move|p2b: Rillaboom|Wood Hammer|p1b: Volcarona
|-damage|p1b: Volcarona|0 fnt
|faint|p1b: Volcarona
|-damage|p2b: Rillaboom|23/100|[from] Recoil
|
|win|ossigt
|raw|pashmak's rating: 1392 → 1367(-25 for losing)
|raw|ossigt's rating: 1302 → 1327(+25 for winning)
|l|☆pashmak
|player|p1|
|l| gggguuuu
