|j|☆enri07
|j|☆RegiSIXSEVEN
|html|enri07RegiSIXSEVEN    
|uhtml|bestof|Game 1 of a best-of-3
|t:|1782379084
|gametype|doubles
|player|p1|enri07|iris-gen5bw2|1139
|player|p2|RegiSIXSEVEN|steven|1147
|gen|9
|tier|[Gen 9 Champions] VGC 2026 Reg M-B (Bo3)
|rated|
|rule|Species Clause: Limit one of each Pokémon
|rule|Item Clause: Limit 1 of each item
|clearpoke
|poke|p1|Raichu, L50, F|
|poke|p1|Sinistcha, L50|
|poke|p1|Mamoswine, L50, F|
|poke|p1|Basculegion, L50, M|
|poke|p1|Incineroar, L50, F|
|poke|p1|Mawile, L50, M|
|poke|p2|Blaziken, L50, F, shiny|
|poke|p2|Kingambit, L50, F, shiny|
|poke|p2|Froslass, L50, F, shiny|
|poke|p2|Aerodactyl, L50, F, shiny|
|poke|p2|Sinistcha, L50, shiny|
|poke|p2|Garchomp, L50, M, shiny|
|teampreview|4
|showteam|p1|Raichu||RaichuniteY|LightningRod|ZapCannon,FocusBlast,NastyPlot,Protect|Timid||F|||50|]Sinistcha||OccaBerry|Hospitality|MatchaGotcha,RagePowder,TrickRoom,ShadowBall|Calm|||||50|]Mamoswine||FocusSash|Oblivious|IceShard,IcicleSpear,HighHorsepower,Protect|Adamant||F|||50|]Basculegion||ChoiceScarf|Adaptability|WaveCrash,FlipTurn,LastRespects,AquaJet|Jolly||M|||50|]Incineroar||SitrusBerry|Intimidate|FlareBlitz,ThroatChop,PartingShot,FakeOut|Adamant||F|||50|]Mawile||Mawilite|HyperCutter|PlayRough,SuckerPunch,SwordsDance,Protect|Brave||M|||50|
|showteam|p2|Blaziken||FocusSash|SpeedBoost|HeatWave,AuraSphere,Coaching,Protect|Jolly||F|||50|]Kingambit||ChopleBerry|Defiant|SuckerPunch,KowtowCleave,IronHead,Protect|Adamant||F|||50|]Froslass||Froslassite|SnowCloak|Blizzard,ShadowBall,AuroraVeil,Protect|Timid||F|||50|]Aerodactyl||Aerodactylite|RockHead|RockSlide,DualWingbeat,Tailwind,WideGuard|Jolly||F|||50|]Sinistcha||KasibBerry|Hospitality|MatchaGotcha,RagePowder,TrickRoom,Protect|Bold|||||50|]Garchomp||LifeOrb|RoughSkin|DragonClaw,StompingTantrum,RockSlide,Protect|Jolly||M|||50|
|inactive|Battle timer is ON: inactive players will automatically lose when time's up. (requested by RegiSIXSEVEN)
|inactive|enri07 also wants the timer to be on.
|inactive|enri07 has 60 seconds left.
|inactive|RegiSIXSEVEN has 60 seconds left.
|inactive|RegiSIXSEVEN has 30 seconds left.
|
|t:|1782379153
|teamsize|p1|4
|teamsize|p2|4
|start
|switch|p1a: Incineroar|Incineroar, L50, F|100/100
|switch|p1b: Raichu|Raichu, L50, F|100/100
|switch|p2a: Blaziken|Blaziken, L50, F, shiny|100/100
|switch|p2b: Kingambit|Kingambit, L50, F, shiny|100/100
|-ability|p1a: Incineroar|Intimidate|boost
|-unboost|p2a: Blaziken|atk|1
|-unboost|p2b: Kingambit|atk|1
|-ability|p2b: Kingambit|Defiant|boost
|-boost|p2b: Kingambit|atk|2
|turn|1
|inactive|enri07 has 30 seconds left.
|
|t:|1782379179
|detailschange|p1b: Raichu|Raichu-Mega-Y, L50, F
|-mega|p1b: Raichu|Raichu|Raichunite Y
|move|p1a: Incineroar|Fake Out|p2b: Kingambit
|-resisted|p2b: Kingambit|1
|-damage|p2b: Kingambit|95/100
|move|p1b: Raichu|Focus Blast|p2b: Kingambit
|-supereffective|p2b: Kingambit|2
|-enditem|p2b: Kingambit|Chople Berry|[eat]
|-enditem|p2b: Kingambit|Chople Berry|[weaken]
|-damage|p2b: Kingambit|0 fnt
|faint|p2b: Kingambit
|move|p2a: Blaziken|Coaching|p2: Kingambit|[notarget]
|-fail|p2a: Blaziken
|
|-ability|p2a: Blaziken|Speed Boost|boost
|-boost|p2a: Blaziken|spe|1
|upkeep
|
|t:|1782379191
|switch|p2b: Garchomp|Garchomp, L50, M, shiny|100/100
|turn|2
|
|t:|1782379204
|move|p1b: Raichu|Protect|p1b: Raichu
|-singleturn|p1b: Raichu|Protect
|move|p2a: Blaziken|Coaching|p2b: Garchomp
|-boost|p2b: Garchomp|atk|1
|-boost|p2b: Garchomp|def|1
|move|p2b: Garchomp|Rock Slide|p1b: Raichu|[spread] p1a
|-activate|p1b: Raichu|move: Protect
|-supereffective|p1a: Incineroar|1
|-damage|p1a: Incineroar|48/100
|-enditem|p1a: Incineroar|Sitrus Berry|[eat]
|-heal|p1a: Incineroar|73/100|[from] item: Sitrus Berry
|-damage|p2b: Garchomp|90/100|[from] item: Life Orb
|move|p1a: Incineroar|Parting Shot|p2b: Garchomp
|-unboost|p2b: Garchomp|atk|1
|-unboost|p2b: Garchomp|spa|1
|
|t:|1782379218
|switch|p1a: Mamoswine|Mamoswine, L50, F|100/100|[from] Parting Shot
|
|-ability|p2a: Blaziken|Speed Boost|boost
|-boost|p2a: Blaziken|spe|1
|upkeep
|turn|3
|
|t:|1782379238
|switch|p1b: Incineroar|Incineroar, L50, F|73/100
|-ability|p1b: Incineroar|Intimidate|boost
|-unboost|p2a: Blaziken|atk|1
|-unboost|p2b: Garchomp|atk|1
|move|p2b: Garchomp|Protect|p2b: Garchomp
|-singleturn|p2b: Garchomp|Protect
|move|p1a: Mamoswine|Ice Shard|p2b: Garchomp
|-activate|p2b: Garchomp|move: Protect
|move|p2a: Blaziken|Heat Wave|p1a: Mamoswine|[spread] p1a,p1b
|-supereffective|p1a: Mamoswine|1
|-resisted|p1b: Incineroar|1
|-damage|p1a: Mamoswine|35/100
|-damage|p1b: Incineroar|62/100
|
|-ability|p2a: Blaziken|Speed Boost|boost
|-boost|p2a: Blaziken|spe|1
|upkeep
|turn|4
|
|t:|1782379254
|switch|p2b: Aerodactyl|Aerodactyl, L50, F, shiny|100/100
|move|p1b: Incineroar|Fake Out|p2b: Aerodactyl
|-resisted|p2b: Aerodactyl|1
|-damage|p2b: Aerodactyl|91/100
|move|p1a: Mamoswine|Ice Shard|p2b: Aerodactyl
|-supereffective|p2b: Aerodactyl|1
|-damage|p2b: Aerodactyl|28/100
|move|p2a: Blaziken|Heat Wave|p1b: Incineroar|[spread] p1b
|-miss|p2a: Blaziken|p1a: Mamoswine
|-resisted|p1b: Incineroar|1
|-damage|p1b: Incineroar|51/100
|
|-ability|p2a: Blaziken|Speed Boost|boost
|-boost|p2a: Blaziken|spe|1
|upkeep
|turn|5
|
|t:|1782379272
|switch|p2b: Garchomp|Garchomp, L50, M, shiny|90/100
|move|p1a: Mamoswine|Ice Shard|p2b: Garchomp
|-supereffective|p2b: Garchomp|2
|-damage|p2b: Garchomp|7/100
|move|p2a: Blaziken|Heat Wave|p1a: Mamoswine|[spread] p1a
|-miss|p2a: Blaziken|p1b: Incineroar
|-supereffective|p1a: Mamoswine|1
|-damage|p1a: Mamoswine|0 fnt
|faint|p1a: Mamoswine
|move|p1b: Incineroar|Parting Shot|p2a: Blaziken
|-unboost|p2a: Blaziken|atk|1
|-unboost|p2a: Blaziken|spa|1
|
|t:|1782379283
|switch|p1b: Basculegion|Basculegion, L50, M|100/100|[from] Parting Shot
|
|-ability|p2a: Blaziken|Speed Boost|boost
|-boost|p2a: Blaziken|spe|1
|upkeep
|
|t:|1782379285
|switch|p1a: Incineroar|Incineroar, L50, F|51/100
|-ability|p1a: Incineroar|Intimidate|boost
|-unboost|p2a: Blaziken|atk|1
|-unboost|p2b: Garchomp|atk|1
|turn|6
|-message|RegiSIXSEVEN forfeited.
|
|win|enri07
|l|☆RegiSIXSEVEN
|player|p2|
|j|☆RegiSIXSEVEN
|player|p2|RegiSIXSEVEN|steven|
||enri07 is ready for game 2.
