|j|☆SlaymonSays
|j|☆ExploudGaming
|html|SlaymonSaysExploudGaming    
|uhtml|bestof|Game 1 of a best-of-3
|t:|1757822755
|gametype|doubles
|player|p1|SlaymonSays|102|1336
|player|p2|ExploudGaming|burglar|1464
|gen|9
|tier|[Gen 9] VGC 2025 Reg H (Bo3)
|rated|
|rule|Species Clause: Limit one of each Pokémon
|rule|Item Clause: Limit 1 of each item
|clearpoke
|poke|p1|Ursaluna-Bloodmoon, L50, M|
|poke|p1|Dragonite, L50, M|
|poke|p1|Gholdengo, L50|
|poke|p1|Rillaboom, L50, M|
|poke|p1|Incineroar, L50, M|
|poke|p1|Ninetales-Alola, L50, M|
|poke|p2|Maushold-Four, L50|
|poke|p2|Incineroar, L50, F|
|poke|p2|Pelipper, L50, F|
|poke|p2|Volcarona, L50, M|
|poke|p2|Rillaboom, L50, M|
|poke|p2|Sneasler, L50, M|
|teampreview|4
|showteam|p1|Ursaluna-Bloodmoon||ChoiceSpecs|MindsEye|BloodMoon,HyperVoice,EarthPower,VacuumWave|||M|||50|,,,,,Normal]Dragonite||LoadedDice|InnerFocus|ScaleShot,Haze,Tailwind,Protect|||M|||50|,,,,,Fairy]Gholdengo||Leftovers|GoodasGold|MakeItRain,ShadowBall,NastyPlot,Protect||||||50|,,,,,Water]Rillaboom||AssaultVest|GrassySurge|FakeOut,GrassyGlide,WoodHammer,HighHorsepower|||M|||50|,,,,,Fire]Incineroar||SafetyGoggles|Intimidate|FakeOut,FlareBlitz,KnockOff,PartingShot|||M|||50|,,,,,Ghost]Ninetales-Alola||CovertCloak|SnowWarning|Blizzard,Disable,Encore,AuroraVeil|||M|||50|,,,,,Fire
|showteam|p2|Maushold-Four||WideLens|Technician|Protect,FollowMe,ThunderWave,PopulationBomb||||||50|,,,,,Ghost]Incineroar||SafetyGoggles|Intimidate|PartingShot,Taunt,FakeOut,KnockOff|||F|||50|,,,,,Ghost]Pelipper||FocusSash|Drizzle|Protect,Tailwind,Hurricane,MuddyWater|||F|||50|,,,,,Ghost]Volcarona||GrassySeed|FlameBody|Protect,QuiverDance,TeraBlast,HeatWave|||M|||50|,,,,,Fairy]Rillaboom||MeadowPlate|GrassySurge|FakeOut,GrassyGlide,HighHorsepower,WoodHammer|||M|||50|,,,,,Fire]Sneasler||WhiteHerb|Unburden|Protect,ThroatChop,CloseCombat,DireClaw|||M|||50|,,,,,Stellar
|j| Upsilon Sul G
|inactive|Battle timer is ON: inactive players will automatically lose when time's up. (requested by SlaymonSays)
|
|t:|1757822834
|teamsize|p1|4
|teamsize|p2|4
|start
|switch|p1a: Dragonite|Dragonite, L50, M|100/100
|switch|p1b: Ninetales|Ninetales-Alola, L50, M|100/100
|switch|p2a: Maushold|Maushold-Four, L50|100/100
|switch|p2b: Volcarona|Volcarona, L50, M|100/100
|-weather|Snowscape|[from] ability: Snow Warning|[of] p1b: Ninetales
|turn|1
|
|t:|1757822857
|move|p2a: Maushold|Population Bomb|p1a: Dragonite
|-crit|p1a: Dragonite
|-damage|p1a: Dragonite|83/100
|-damage|p1a: Dragonite|69/100
|-damage|p1a: Dragonite|56/100
|-damage|p1a: Dragonite|45/100
|-damage|p1a: Dragonite|30/100
|-crit|p1a: Dragonite
|-damage|p1a: Dragonite|10/100
|-damage|p1a: Dragonite|0 fnt
|faint|p1a: Dragonite
|-hitcount|p1: Dragonite|7
|move|p1b: Ninetales|Aurora Veil|p1b: Ninetales
|-sidestart|p1: SlaymonSays|move: Aurora Veil
|move|p2b: Volcarona|Quiver Dance|p2b: Volcarona
|-boost|p2b: Volcarona|spa|1
|-boost|p2b: Volcarona|spd|1
|-boost|p2b: Volcarona|spe|1
|
|-weather|Snowscape|[upkeep]
|upkeep
|
|t:|1757822863
|switch|p1a: Ursaluna|Ursaluna-Bloodmoon, L50, M|100/100
|turn|2
|inactive|ExploudGaming has 30 seconds left.
|
|t:|1757822891
|switch|p1b: Incineroar|Incineroar, L50, M|100/100
|-ability|p1b: Incineroar|Intimidate|boost
|-unboost|p2a: Maushold|atk|1
|-unboost|p2b: Volcarona|atk|1
|-terastallize|p1a: Ursaluna|Normal
|move|p2b: Volcarona|Protect|p2b: Volcarona
|-singleturn|p2b: Volcarona|Protect
|move|p2a: Maushold|Protect|p2a: Maushold
|-singleturn|p2a: Maushold|Protect
|move|p1a: Ursaluna|Blood Moon|p2b: Volcarona
|-activate|p2b: Volcarona|move: Protect
|
|-weather|Snowscape|[upkeep]
|upkeep
|turn|3
|
|t:|1757822914
|switch|p2a: Sneasler|Sneasler, L50, M|100/100
|switch|p1a: Ninetales|Ninetales-Alola, L50, M|100/100
|move|p2b: Volcarona|Quiver Dance|p2b: Volcarona
|-boost|p2b: Volcarona|spa|1
|-boost|p2b: Volcarona|spd|1
|-boost|p2b: Volcarona|spe|1
|move|p1b: Incineroar|Knock Off|p2b: Volcarona
|-damage|p2b: Volcarona|55/100
|-enditem|p2b: Volcarona|Grassy Seed|[from] move: Knock Off|[of] p1b: Incineroar
|
|-weather|Snowscape|[upkeep]
|upkeep
|turn|4
|inactive|SlaymonSays has 30 seconds left.
|
|t:|1757822942
|move|p2b: Volcarona|Heat Wave|p1b: Incineroar|[spread] p1a,p1b
|-supereffective|p1a: Ninetales
|-resisted|p1b: Incineroar
|-damage|p1a: Ninetales|7/100
|-damage|p1b: Incineroar|85/100
|move|p2a: Sneasler|Close Combat|p1b: Incineroar
|-supereffective|p1b: Incineroar
|-damage|p1b: Incineroar|2/100
|-unboost|p2a: Sneasler|def|1
|-unboost|p2a: Sneasler|spd|1
|-enditem|p2a: Sneasler|White Herb
|-clearnegativeboost|p2a: Sneasler|[silent]
|move|p1a: Ninetales|Disable|p2a: Sneasler
|-start|p2a: Sneasler|Disable|Close Combat
|move|p1b: Incineroar|Flare Blitz|p2b: Volcarona
|-damage|p2b: Volcarona|0 fnt
|faint|p2b: Volcarona
|-damage|p1b: Incineroar|0 fnt|[from] Recoil
|faint|p1b: Incineroar
|
|-weather|Snowscape|[upkeep]
|upkeep
|
|t:|1757822961
|switch|p2b: Incineroar|Incineroar, L50, F|100/100
|switch|p1b: Ursaluna|Ursaluna-Bloodmoon, L50, M, tera:Normal|100/100
|-ability|p2b: Incineroar|Intimidate|boost
|-unboost|p1a: Ninetales|atk|1
|-unboost|p1b: Ursaluna|atk|1
|turn|5
|
|t:|1757822973
|move|p2b: Incineroar|Fake Out|p1b: Ursaluna
|-damage|p1b: Ursaluna|95/100
|move|p2a: Sneasler|Dire Claw|p1a: Ninetales
|-supereffective|p1a: Ninetales
|-damage|p1a: Ninetales|0 fnt
|faint|p1a: Ninetales
|cant|p1b: Ursaluna|flinch
|
|-weather|none
|-sideend|p1: SlaymonSays|move: Aurora Veil
|upkeep
|turn|6
|
|t:|1757822986
|move|p2a: Sneasler|Throat Chop|p1b: Ursaluna
|-damage|p1b: Ursaluna|74/100
|-start|p1b: Ursaluna|Throat Chop|[silent]
|move|p2b: Incineroar|Parting Shot|p1b: Ursaluna
|-unboost|p1b: Ursaluna|atk|1
|-unboost|p1b: Ursaluna|spa|1
|
|t:|1757822991
|switch|p2b: Maushold|Maushold-Four, L50|100/100|[from] Parting Shot
|cant|p1b: Ursaluna|move: Throat Chop
|
|upkeep
|turn|7
|-message|SlaymonSays forfeited.
|
|win|ExploudGaming
|l|☆SlaymonSays
|player|p1|
||SlaymonSays is ready for game 2.
||ExploudGaming is ready for game 2.
|uhtml|next|Next: Game 2 of 3
