|j|☆Not_Paint
|j|☆lettitripppp
|html|Not_Paintlettitripppp    
|uhtml|bestof|Game 2 of a best-of-3
|t:|1785269610
|gametype|doubles
|player|p1|Not_Paint|yellow|1179
|player|p2|lettitripppp|lucas|1207
|gen|9
|tier|[Gen 9 Champions] VGC 2026 Reg M-B (Bo3)
|rated|
|rule|Species Clause: Limit one of each Pokémon
|rule|Item Clause: Limit 1 of each item
|clearpoke
|poke|p1|Raichu, L50, F|
|poke|p1|Vivillon, L50, M|
|poke|p1|Typhlosion-Hisui, L50, M|
|poke|p1|Torkoal, L50, F|
|poke|p1|Blaziken, L50, F|
|poke|p1|Venusaur, L50, M|
|poke|p2|Staraptor, L50, M|
|poke|p2|Tyranitar, L50, M|
|poke|p2|Excadrill, L50, M|
|poke|p2|Gholdengo, L50|
|poke|p2|Milotic, L50, F|
|poke|p2|Sinistcha, L50|
|teampreview|4
|showteam|p1|Raichu||RaichuniteY|LightningRod|ZapCannon,FocusBlast,FakeOut,Protect|Timid||F|||50|]Vivillon||FocusSash|CompoundEyes|Hurricane,RagePowder,Tailwind,Protect|Timid||M|||50|]Typhlosion-Hisui||ChoiceScarf|Blaze|Eruption,HeatWave,InfernalParade,Extrasensory|Timid||M|||50|]Torkoal||Charcoal|Drought|Eruption,WeatherBall,EarthPower,Protect|Modest||F|||50|]Blaziken||Blazikenite|SpeedBoost|CloseCombat,FlareBlitz,RockSlide,Protect|Adamant||F|||50|]Venusaur||LifeOrb|Chlorophyll|EnergyBall,SludgeBomb,SleepPowder,Protect|Modest||M|||50|
|showteam|p2|Staraptor||Staraptite|Intimidate|CloseCombat,BraveBird,Tailwind,Protect|Jolly||M|||50|]Tyranitar||Tyranitarite|SandStream|RockSlide,KnockOff,LowKick,Protect|Jolly||M|||50|]Excadrill||FocusSash|SandRush|HighHorsepower,RockSlide,IronHead,Protect|Adamant||M|||50|]Gholdengo||LifeOrb|GoodasGold|MakeItRain,ShadowBall,NastyPlot,Protect|Timid|||||50|]Milotic||Leftovers|Competitive|IcyWind,Scald,Haze,Protect|Calm||F|||50|]Sinistcha||ColburBerry|Hospitality|MatchaGotcha,RagePowder,TrickRoom,Protect|Bold|||||50|
|inactive|Battle timer is ON: inactive players will automatically lose when time's up. (requested by lettitripppp)
|inactive|Not_Paint has 60 seconds left.
|inactive|lettitripppp has 60 seconds left.
|inactive|lettitripppp has 30 seconds left.
|
|t:|1785269675
|teamsize|p1|4
|teamsize|p2|4
|start
|switch|p1a: Raichu|Raichu, L50, F|100/100
|switch|p1b: Blaziken|Blaziken, L50, F|100/100
|switch|p2a: TRANITAR|Tyranitar, L50, M|100/100
|switch|p2b: RUSH-DRILL|Excadrill, L50, M|100/100
|-weather|Sandstorm|[from] ability: Sand Stream|[of] p2a: TRANITAR
|turn|1
|
|t:|1785269682
|move|p2b: RUSH-DRILL|Protect|p2b: RUSH-DRILL
|-singleturn|p2b: RUSH-DRILL|Protect
|move|p2a: TRANITAR|Protect|p2a: TRANITAR
|-singleturn|p2a: TRANITAR|Protect
|move|p1a: Raichu|Fake Out|p2b: RUSH-DRILL
|-activate|p2b: RUSH-DRILL|move: Protect
|move|p1b: Blaziken|Close Combat|p2a: TRANITAR
|-activate|p2a: TRANITAR|move: Protect
|
|-weather|Sandstorm|[upkeep]
|-damage|p1a: Raichu|94/100|[from] Sandstorm
|-damage|p1b: Blaziken|94/100|[from] Sandstorm
|-ability|p1b: Blaziken|Speed Boost|boost
|-boost|p1b: Blaziken|spe|1
|upkeep
|turn|2
|
|t:|1785269698
|switch|p2a: NUMBER 1|Staraptor, L50, M|100/100
|-ability|p2a: NUMBER 1|Intimidate|boost
|-unboost|p1a: Raichu|atk|1
|-unboost|p1b: Blaziken|atk|1
|move|p1a: Raichu|Protect|p1a: Raichu
|-singleturn|p1a: Raichu|Protect
|move|p2b: RUSH-DRILL|High Horsepower|p1a: Raichu
|-activate|p1a: Raichu|move: Protect
|move|p1b: Blaziken|Close Combat|p2a: NUMBER 1
|-crit|p2a: NUMBER 1
|-damage|p2a: NUMBER 1|0 fnt
|-unboost|p1b: Blaziken|def|1
|-unboost|p1b: Blaziken|spd|1
|faint|p2a: NUMBER 1
|
|-weather|Sandstorm|[upkeep]
|-damage|p1b: Blaziken|88/100|[from] Sandstorm
|-damage|p1a: Raichu|88/100|[from] Sandstorm
|-ability|p1b: Blaziken|Speed Boost|boost
|-boost|p1b: Blaziken|spe|1
|upkeep
|
|t:|1785269709
|switch|p2a: NIGHT NIGHT|Milotic, L50, F|100/100
|turn|3
|
|t:|1785269712
|detailschange|p1a: Raichu|Raichu-Mega-Y, L50, F
|-mega|p1a: Raichu|Raichu|Raichunite Y
|move|p2b: RUSH-DRILL|High Horsepower|p1a: Raichu
|-supereffective|p1a: Raichu|1
|-damage|p1a: Raichu|0 fnt
|faint|p1a: Raichu
|move|p1b: Blaziken|Close Combat|p2b: RUSH-DRILL
|-supereffective|p2b: RUSH-DRILL|1
|-enditem|p2b: RUSH-DRILL|Focus Sash
|-damage|p2b: RUSH-DRILL|1/100
|-unboost|p1b: Blaziken|def|1
|-unboost|p1b: Blaziken|spd|1
|move|p2a: NIGHT NIGHT|Icy Wind|p1b: Blaziken
|-resisted|p1b: Blaziken|1
|-damage|p1b: Blaziken|64/100
|-unboost|p1b: Blaziken|spe|1
|
|-weather|Sandstorm|[upkeep]
|-damage|p1b: Blaziken|59/100|[from] Sandstorm
|-damage|p2a: NIGHT NIGHT|94/100|[from] Sandstorm
|-heal|p2a: NIGHT NIGHT|100/100|[from] item: Leftovers
|-ability|p1b: Blaziken|Speed Boost|boost
|-boost|p1b: Blaziken|spe|1
|upkeep
|
|t:|1785269715
|switch|p1a: Torkoal|Torkoal, L50, F|100/100
|-weather|SunnyDay|[from] ability: Drought|[of] p1a: Torkoal
|turn|4
|
|t:|1785269730
|move|p2b: RUSH-DRILL|Protect|p2b: RUSH-DRILL
|-singleturn|p2b: RUSH-DRILL|Protect
|move|p1b: Blaziken|Close Combat|p2a: NIGHT NIGHT
|-damage|p2a: NIGHT NIGHT|61/100
|-unboost|p1b: Blaziken|def|1
|-unboost|p1b: Blaziken|spd|1
|move|p2a: NIGHT NIGHT|Scald|p1b: Blaziken
|-supereffective|p1b: Blaziken|1
|-crit|p1b: Blaziken
|-damage|p1b: Blaziken|0 fnt
|faint|p1b: Blaziken
|move|p1a: Torkoal|Weather Ball|p2b: RUSH-DRILL
|-activate|p2b: RUSH-DRILL|move: Protect
|
|-weather|SunnyDay|[upkeep]
|-heal|p2a: NIGHT NIGHT|67/100|[from] item: Leftovers
|upkeep
|
|t:|1785269732
|switch|p1b: Venusaur|Venusaur, L50, M|100/100
|turn|5
|
|t:|1785269749
|switch|p2b: TRANITAR|Tyranitar, L50, M|100/100
|-weather|Sandstorm|[from] ability: Sand Stream|[of] p2b: TRANITAR
|move|p1a: Torkoal|Protect|p1a: Torkoal
|-singleturn|p1a: Torkoal|Protect
|move|p1b: Venusaur|Energy Ball|p2b: TRANITAR
|-supereffective|p2b: TRANITAR|1
|-damage|p2b: TRANITAR|23/100
|-damage|p1b: Venusaur|90/100|[from] item: Life Orb
|move|p2a: NIGHT NIGHT|Icy Wind|p1a: Torkoal|[spread] p1b
|-activate|p1a: Torkoal|move: Protect
|-supereffective|p1b: Venusaur|1
|-damage|p1b: Venusaur|67/100
|-unboost|p1b: Venusaur|spe|1
|
|-weather|Sandstorm|[upkeep]
|-damage|p2a: NIGHT NIGHT|61/100|[from] Sandstorm
|-damage|p1b: Venusaur|61/100|[from] Sandstorm
|-damage|p1a: Torkoal|93/100|[from] Sandstorm
|-heal|p2a: NIGHT NIGHT|67/100|[from] item: Leftovers
|upkeep
|turn|6
|
|t:|1785269767
|detailschange|p2b: TRANITAR|Tyranitar-Mega, L50, M
|-mega|p2b: TRANITAR|Tyranitar|Tyranitarite
|move|p2b: TRANITAR|Rock Slide|p1a: Torkoal|[spread] p1a,p1b
|-supereffective|p1a: Torkoal|1
|-damage|p1a: Torkoal|39/100
|-damage|p1b: Venusaur|13/100
|move|p2a: NIGHT NIGHT|Icy Wind|p1b: Venusaur|[spread] p1a,p1b
|-resisted|p1a: Torkoal|1
|-supereffective|p1b: Venusaur|1
|-damage|p1a: Torkoal|32/100
|-damage|p1b: Venusaur|0 fnt
|-unboost|p1a: Torkoal|spe|1
|faint|p1b: Venusaur
|move|p1a: Torkoal|Earth Power|p2b: TRANITAR
|-supereffective|p2b: TRANITAR|1
|-damage|p2b: TRANITAR|0 fnt
|faint|p2b: TRANITAR
|
|-weather|Sandstorm|[upkeep]
|-damage|p2a: NIGHT NIGHT|61/100|[from] Sandstorm
|-damage|p1a: Torkoal|25/100|[from] Sandstorm
|-heal|p2a: NIGHT NIGHT|67/100|[from] item: Leftovers
|upkeep
|
|t:|1785269779
|switch|p2b: RUSH-DRILL|Excadrill, L50, M|1/100
|turn|7
|
|t:|1785269784
|move|p2b: RUSH-DRILL|High Horsepower|p1a: Torkoal
|-supereffective|p1a: Torkoal|1
|-damage|p1a: Torkoal|0 fnt
|faint|p1a: Torkoal
|
|win|lettitripppp
