|j|☆mariopietro7
|j|☆testdigi
|html|mariopietro7testdigi    
|uhtml|bestof|Game 1 of a best-of-3
|t:|1785416209
|gametype|doubles
|player|p1|mariopietro7|101|1014
|player|p2|testdigi|169|1064
|gen|9
|tier|[Gen 9 Champions] VGC 2026 Reg M-B (Bo3)
|rated|
|rule|Species Clause: Limit one of each Pokémon
|rule|Item Clause: Limit 1 of each item
|clearpoke
|poke|p1|Froslass, L50, F|
|poke|p1|Quaquaval, L50, F|
|poke|p1|Talonflame, L50, M|
|poke|p1|Glaceon, L50, M|
|poke|p1|Mamoswine, L50, M|
|poke|p1|Ninetales-Alola, L50, F|
|poke|p2|Tyranitar, L50, F|
|poke|p2|Excadrill, L50, M|
|poke|p2|Gholdengo, L50, shiny|
|poke|p2|Milotic, L50, M, shiny|
|poke|p2|Sinistcha, L50|
|poke|p2|Staraptor, L50, F|
|teampreview|4
|showteam|p1|Froslass||Froslassite|SnowCloak|Blizzard,Protect,AuroraVeil,IcyWind|Serious||F|||50|]Quaquaval||ChoiceScarf|Moxie|CloseCombat,AquaStep,WaveCrash,BraveBird|Serious||F|||50|]Talonflame||SharpBeak|GaleWings|FlareBlitz,Tailwind,AirCutter,BraveBird|Serious||M|||50|]Glaceon||NeverMeltIce|SnowCloak|FreezeDry,Blizzard,FrostBreath,Protect|Serious||M|||50|]Mamoswine||Leftovers|ThickFat|Protect,Earthquake,Avalanche,RockSlide|Serious||M|||50|]Ninetales-Alola||ScopeLens|SnowWarning|NastyPlot,DazzlingGleam,Blizzard,Protect|Serious||F|||50|
|showteam|p2|Tyranitar||Tyranitarite|SandStream|RockSlide,KnockOff,LowKick,Protect|Adamant||F|||50|]Excadrill||FocusSash|SandRush|HighHorsepower,IronHead,RockTomb,Protect|Adamant||M|||50|]Gholdengo||LifeOrb|GoodasGold|ShadowBall,MakeItRain,NastyPlot,Protect|Modest|||||50|]Milotic||Leftovers|Competitive|Scald,Recover,IceBeam,Protect|Calm||M|||50|]Sinistcha||ColburBerry|Hospitality|MatchaGotcha,ShadowBall,RagePowder,Protect|Relaxed|||||50|]Staraptor||Staraptite|Intimidate|CloseCombat,BraveBird,Tailwind,Protect|Jolly||F|||50|
|inactive|Battle timer is ON: inactive players will automatically lose when time's up. (requested by mariopietro7)
|
|t:|1785416274
|teamsize|p1|4
|teamsize|p2|4
|start
|switch|p1a: Froslass|Froslass, L50, F|100/100
|switch|p1b: Ninetales|Ninetales-Alola, L50, F|100/100
|switch|p2a: Milotic|Milotic, L50, M, shiny|100/100
|switch|p2b: Staraptor|Staraptor, L50, F|100/100
|-ability|p2b: Staraptor|Intimidate|boost
|-unboost|p1a: Froslass|atk|1
|-unboost|p1b: Ninetales|atk|1
|-weather|Snowscape|[from] ability: Snow Warning|[of] p1b: Ninetales
|turn|1
|inactive|mariopietro7 has 30 seconds left.
|inactive|testdigi has 30 seconds left.
|
|t:|1785416307
|switch|p1b: Quaquaval|Quaquaval, L50, F|100/100
|detailschange|p1a: Froslass|Froslass-Mega, L50, F
|-mega|p1a: Froslass|Froslass|Froslassite
|move|p1a: Froslass|Aurora Veil|p1a: Froslass
|-sidestart|p1: mariopietro7|move: Aurora Veil
|move|p2b: Staraptor|Tailwind|p2b: Staraptor
|-sidestart|p2: testdigi|move: Tailwind
|move|p2a: Milotic|Scald|p1a: Froslass
|-damage|p1a: Froslass|74/100
|
|-weather|Snowscape|[upkeep]
|upkeep
|turn|2
|inactive|mariopietro7 has 30 seconds left.
|
|t:|1785416339
|move|p2b: Staraptor|Brave Bird|p1b: Quaquaval
|-supereffective|p1b: Quaquaval|1
|-damage|p1b: Quaquaval|11/100
|-damage|p2b: Staraptor|75/100|[from] Recoil
|move|p1b: Quaquaval|Aqua Step|p2b: Staraptor
|-crit|p2b: Staraptor
|-damage|p2b: Staraptor|1/100
|-boost|p1b: Quaquaval|spe|1
|move|p2a: Milotic|Scald|p1a: Froslass
|-damage|p1a: Froslass|51/100
|move|p1a: Froslass|Icy Wind|p2a: Milotic|[spread] p2a,p2b
|-resisted|p2a: Milotic|1
|-supereffective|p2b: Staraptor|1
|-damage|p2a: Milotic|93/100
|-damage|p2b: Staraptor|0 fnt
|-unboost|p2a: Milotic|spe|1
|-ability|p2a: Milotic|Competitive|boost
|-boost|p2a: Milotic|spa|2
|faint|p2b: Staraptor
|
|-weather|Snowscape|[upkeep]
|-heal|p2a: Milotic|99/100|[from] item: Leftovers
|upkeep
|
|t:|1785416347
|switch|p2b: Tyranitar|Tyranitar, L50, F|100/100
|-weather|Sandstorm|[from] ability: Sand Stream|[of] p2b: Tyranitar
|turn|3
|inactive|mariopietro7 has 30 seconds left.
|inactive|testdigi has 30 seconds left.
|
|t:|1785416373
|detailschange|p2b: Tyranitar|Tyranitar-Mega, L50, F
|-mega|p2b: Tyranitar|Tyranitar|Tyranitarite
|move|p2b: Tyranitar|Protect|p2b: Tyranitar
|-singleturn|p2b: Tyranitar|Protect
|move|p1b: Quaquaval|Aqua Step|p2b: Tyranitar
|-activate|p2b: Tyranitar|move: Protect
|move|p1a: Froslass|Icy Wind|p2b: Tyranitar|[spread] p2a
|-activate|p2b: Tyranitar|move: Protect
|-resisted|p2a: Milotic|1
|-damage|p2a: Milotic|91/100
|-unboost|p2a: Milotic|spe|1
|-ability|p2a: Milotic|Competitive|boost
|-boost|p2a: Milotic|spa|2
|move|p2a: Milotic|Scald|p1b: Quaquaval
|-resisted|p1b: Quaquaval|1
|-damage|p1b: Quaquaval|0 fnt
|faint|p1b: Quaquaval
|
|-weather|Sandstorm|[upkeep]
|-damage|p1a: Froslass|44/100|[from] Sandstorm
|-damage|p2a: Milotic|85/100|[from] Sandstorm
|-heal|p2a: Milotic|91/100|[from] item: Leftovers
|upkeep
|inactive|mariopietro7 has 30 seconds left.
|
|t:|1785416404
|switch|p1b: Mamoswine|Mamoswine, L50, M|100/100
|turn|4
|
|t:|1785416421
|move|p2b: Tyranitar|Knock Off|p1a: Froslass
|-supereffective|p1a: Froslass|1
|-damage|p1a: Froslass|0 fnt
|faint|p1a: Froslass
|move|p1b: Mamoswine|Earthquake|p2b: Tyranitar|[spread] p2a,p2b
|-supereffective|p2b: Tyranitar|1
|-damage|p2a: Milotic|55/100
|-damage|p2b: Tyranitar|45/100
|move|p2a: Milotic|Scald|p1b: Mamoswine
|-supereffective|p1b: Mamoswine|1
|-damage|p1b: Mamoswine|0 fnt
|faint|p1b: Mamoswine
|
|-weather|Sandstorm|[upkeep]
|-damage|p2a: Milotic|49/100|[from] Sandstorm
|-heal|p2a: Milotic|55/100|[from] item: Leftovers
|-sideend|p2: testdigi|move: Tailwind
|upkeep
|
|t:|1785416440
|switch|p1b: Ninetales|Ninetales-Alola, L50, F|100/100
|-weather|Snowscape|[from] ability: Snow Warning|[of] p1b: Ninetales
|turn|5
|
|t:|1785416456
|move|p2a: Milotic|Protect|p2a: Milotic
|-singleturn|p2a: Milotic|Protect
|move|p1b: Ninetales|Blizzard|p2a: Milotic|[spread] p2b
|-activate|p2a: Milotic|move: Protect
|-damage|p2b: Tyranitar|25/100
|move|p2b: Tyranitar|Knock Off|p1b: Ninetales
|-resisted|p1b: Ninetales|1
|-damage|p1b: Ninetales|81/100
|-enditem|p1b: Ninetales|Scope Lens|[from] move: Knock Off|[of] p2b: Tyranitar
|
|-weather|Snowscape|[upkeep]
|-heal|p2a: Milotic|61/100|[from] item: Leftovers
|-sideend|p1: mariopietro7|move: Aurora Veil
|upkeep
|turn|6
|
|t:|1785416472
|switch|p2b: Gholdengo|Gholdengo, L50, shiny|100/100
|move|p1b: Ninetales|Dazzling Gleam|p2b: Gholdengo|[spread] p2a,p2b
|-resisted|p2b: Gholdengo|1
|-damage|p2a: Milotic|49/100
|-damage|p2b: Gholdengo|91/100
|move|p2a: Milotic|Scald|p1b: Ninetales
|-damage|p1b: Ninetales|14/100
|-status|p1b: Ninetales|brn
|
|-weather|Snowscape|[upkeep]
|-heal|p2a: Milotic|55/100|[from] item: Leftovers
|-damage|p1b: Ninetales|8/100 brn|[from] brn
|upkeep
|turn|7
|
|t:|1785416490
|move|p1b: Ninetales|Blizzard|p2a: Milotic|[spread] p2a,p2b
|-resisted|p2a: Milotic|1
|-resisted|p2b: Gholdengo|1
|-damage|p2a: Milotic|48/100
|-damage|p2b: Gholdengo|76/100
|move|p2b: Gholdengo|Make It Rain|p1b: Ninetales
|-supereffective|p1b: Ninetales|2
|-crit|p1b: Ninetales
|-damage|p1b: Ninetales|0 fnt
|-unboost|p2b: Gholdengo|spa|2
|faint|p1b: Ninetales
|-damage|p2b: Gholdengo|67/100|[from] item: Life Orb
|
|win|testdigi
||testdigi is ready for game 2.
|inactive|mariopietro7 has 30 seconds to confirm battle start!
|inactive|mariopietro7 has 20 seconds to confirm battle start!
|inactive|mariopietro7 has 10 seconds to confirm battle start!
|raw|mariopietro7's rating: 1004 → 1000(-4 for losing)
|raw|testdigi's rating: 1064 → 1089(+25 for winning)
|l|☆mariopietro7
|player|p1|
