|j|☆Shiboha
|j|☆BoloinaBox
|html|ShibohaBoloinaBox    
|uhtml|bestof|Game 3 of a best-of-3
|t:|1756320790
|gametype|doubles
|player|p1|Shiboha|steven|1046
|player|p2|BoloinaBox|2|1111
|gen|9
|tier|[Gen 9] VGC 2025 Reg H (Bo3)
|rated|
|rule|Species Clause: Limit one of each Pokémon
|rule|Item Clause: Limit 1 of each item
|clearpoke
|poke|p1|Sneasler, L50, F|
|poke|p1|Rillaboom, L50, F|
|poke|p1|Primarina, L50, M|
|poke|p1|Electabuzz, L50, F|
|poke|p1|Dragapult, L50, F|
|poke|p1|Arcanine-Hisui, L50, F|
|poke|p2|Ninetales-Alola, L50, F|
|poke|p2|Ursaluna, L50, F|
|poke|p2|Ceruledge, L50, F|
|poke|p2|Whimsicott, L50, F|
|poke|p2|Rillaboom, L50, F|
|poke|p2|Milotic, L50, F|
|teampreview|4
|showteam|p1|Sneasler||GrassySeed|Unburden|DireClaw,CloseCombat,Coaching,Protect|||F|||50|,,,,,Ghost]Rillaboom||AssaultVest|GrassySurge|WoodHammer,GrassyGlide,FakeOut,HighHorsepower|||F|||50|,,,,,Fire]Primarina||ThroatSpray|LiquidVoice|HyperVoice,Moonblast,Haze,Protect|||M|||50|,,,,,Poison]Electabuzz||Eviolite|VitalSpirit|Electroweb,FollowMe,Taunt,Protect|||F|||50|,,,,,Dragon]Dragapult||ChoiceBand|ClearBody|DragonDarts,PhantomForce,Outrage,Uturn|||F|||50|,,,,,Dragon]Arcanine-Hisui||LifeOrb|Intimidate|FlareBlitz,RockSlide,ExtremeSpeed,Protect|||F|||50|,,,,,Normal
|showteam|p2|Ninetales-Alola||LightClay|SnowWarning|FreezeDry,IcyWind,Howl,AuroraVeil|||F|||50|,,,,,Water]Ursaluna||FlameOrb|Guts|Facade,HighHorsepower,ShadowClaw,Protect|||F|||50|,,,,,Ghost]Ceruledge||ClearAmulet|FlashFire|BitterBlade,Poltergeist,BulkUp,Protect|||F|||50|,,,,,Bug]Whimsicott||FocusSash|Prankster|Moonblast,WorrySeed,SunnyDay,Tailwind|||F|||50|,,,,,Ghost]Rillaboom||AssaultVest|GrassySurge|GrassyGlide,DrumBeating,Uturn,FakeOut|||F|||50|,,,,,Fire]Milotic||Leftovers|Competitive|Scald,AlluringVoice,Haze,Protect|||F|||50|,,,,,Grass
|inactive|Battle timer is ON: inactive players will automatically lose when time's up. (requested by BoloinaBox)
|inactive|BoloinaBox has 60 seconds left.
|
|t:|1756320821
|teamsize|p1|4
|teamsize|p2|4
|start
|switch|p1a: Rillaboom|Rillaboom, L50, F|100/100
|switch|p1b: Sneasler|Sneasler, L50, F|100/100
|switch|p2a: Whimsicott|Whimsicott, L50, F|100/100
|switch|p2b: Rillaboom|Rillaboom, L50, F|100/100
|-fieldstart|move: Grassy Terrain|[from] ability: Grassy Surge|[of] p2b: Rillaboom
|-enditem|p1b: Sneasler|Grassy Seed
|-boost|p1b: Sneasler|def|1|[from] item: Grassy Seed
|turn|1
|inactive|Shiboha has 30 seconds left.
|inactive|BoloinaBox has 30 seconds left.
|inactive|Shiboha has 20 seconds left.
|inactive|BoloinaBox has 20 seconds left.
|inactive|BoloinaBox has 15 seconds left.
|inactive|BoloinaBox has 10 seconds left.
|
|t:|1756320871
|-terastallize|p1b: Sneasler|Ghost
|-terastallize|p2a: Whimsicott|Ghost
|move|p1a: Rillaboom|Fake Out|p2a: Whimsicott
|-immune|p2a: Whimsicott
|move|p2a: Whimsicott|Tailwind|p2a: Whimsicott
|-sidestart|p2: BoloinaBox|move: Tailwind
|move|p2b: Rillaboom|Grassy Glide|p1b: Sneasler
|-damage|p1b: Sneasler|57/100
|move|p1b: Sneasler|Dire Claw|p2b: Rillaboom
|-supereffective|p2b: Rillaboom
|-damage|p2b: Rillaboom|16/100
|
|-heal|p1b: Sneasler|64/100|[from] Grassy Terrain
|-heal|p2b: Rillaboom|22/100|[from] Grassy Terrain
|upkeep
|turn|2
|inactive|Shiboha has 30 seconds left.
|
|t:|1756320897
|move|p2a: Whimsicott|Worry Seed|p1b: Sneasler
|-ability|p1b: Sneasler|Insomnia|Unburden|[from] move: Worry Seed
|move|p1a: Rillaboom|Grassy Glide|p2b: Rillaboom
|-resisted|p2b: Rillaboom
|-damage|p2b: Rillaboom|4/100
|move|p2b: Rillaboom|U-turn|p1a: Rillaboom
|-supereffective|p1a: Rillaboom
|-damage|p1a: Rillaboom|59/100
|
|t:|1756320905
|switch|p2b: Ceruledge|Ceruledge, L50, F|100/100|[from] U-turn
|move|p1b: Sneasler|Coaching|p1a: Rillaboom
|-boost|p1a: Rillaboom|atk|1
|-boost|p1a: Rillaboom|def|1
|
|-heal|p1b: Sneasler|70/100|[from] Grassy Terrain
|-heal|p1a: Rillaboom|65/100|[from] Grassy Terrain
|upkeep
|turn|3
|inactive|BoloinaBox has 30 seconds left.
|inactive|BoloinaBox has 20 seconds left.
|inactive|BoloinaBox has 15 seconds left.
|
|t:|1756320946
|move|p2a: Whimsicott|Moonblast|p1b: Sneasler
|-damage|p1b: Sneasler|21/100
|move|p2b: Ceruledge|Poltergeist|p1a: Rillaboom
|-activate|p1a: Rillaboom|move: Poltergeist|Assault Vest
|-damage|p1a: Rillaboom|32/100
|move|p1b: Sneasler|Dire Claw|p2b: Ceruledge
|-resisted|p2b: Ceruledge
|-damage|p2b: Ceruledge|79/100
|move|p1a: Rillaboom|High Horsepower|p2b: Ceruledge
|-supereffective|p2b: Ceruledge
|-damage|p2b: Ceruledge|0 fnt
|faint|p2b: Ceruledge
|
|-heal|p1b: Sneasler|27/100|[from] Grassy Terrain
|-heal|p1a: Rillaboom|38/100|[from] Grassy Terrain
|upkeep
|
|t:|1756320958
|switch|p2b: Rillaboom|Rillaboom, L50, F|4/100
|turn|4
|inactive|Shiboha has 30 seconds left.
|
|t:|1756320985
|switch|p1a: Dragapult|Dragapult, L50, F|100/100
|move|p1b: Sneasler|Protect|p1b: Sneasler
|-singleturn|p1b: Sneasler|Protect
|move|p2b: Rillaboom|Fake Out|p1a: Dragapult
|-immune|p1a: Dragapult
|move|p2a: Whimsicott|Moonblast|p1b: Sneasler
|-activate|p1b: Sneasler|move: Protect
|
|-heal|p2b: Rillaboom|10/100|[from] Grassy Terrain
|-heal|p1b: Sneasler|34/100|[from] Grassy Terrain
|-sideend|p2: BoloinaBox|move: Tailwind
|upkeep
|turn|5
|inactive|Shiboha has 30 seconds left.
|inactive|BoloinaBox has 30 seconds left.
|inactive|BoloinaBox has 20 seconds left.
|
|t:|1756321024
|move|p2a: Whimsicott|Tailwind|p2a: Whimsicott
|-sidestart|p2: BoloinaBox|move: Tailwind
|move|p2b: Rillaboom|U-turn|p1b: Sneasler
|-resisted|p1b: Sneasler
|-damage|p1b: Sneasler|22/100
|
|t:|1756321028
|switch|p2b: Milotic|Milotic, L50, F|100/100|[from] U-turn
|move|p1a: Dragapult|Dragon Darts|p2a: Whimsicott
|-damage|p2a: Whimsicott|45/100
|-anim|p1a: Dragapult|Dragon Darts|p2b: Milotic
|-damage|p2b: Milotic|62/100
|move|p1b: Sneasler|Dire Claw|p2b: Milotic
|-damage|p2b: Milotic|16/100
|
|-heal|p2a: Whimsicott|51/100|[from] Grassy Terrain
|-heal|p2b: Milotic|22/100|[from] Grassy Terrain
|-heal|p2b: Milotic|28/100|[from] item: Leftovers
|-heal|p1b: Sneasler|28/100|[from] Grassy Terrain
|-fieldend|move: Grassy Terrain
|upkeep
|turn|6
|inactive|Shiboha has 30 seconds left.
|inactive|BoloinaBox has 30 seconds left.
|inactive|Shiboha has 20 seconds left.
|inactive|Shiboha has 15 seconds left.
|inactive|Shiboha has 10 seconds left.
|
|t:|1756321077
|switch|p1a: Primarina|Primarina, L50, M|100/100
|switch|p1b: Rillaboom|Rillaboom, L50, F|38/100
|-fieldstart|move: Grassy Terrain|[from] ability: Grassy Surge|[of] p1b: Rillaboom
|move|p2a: Whimsicott|Moonblast|p1a: Primarina
|-damage|p1a: Primarina|68/100
|move|p2b: Milotic|Scald|p1b: Rillaboom
|-resisted|p1b: Rillaboom
|-damage|p1b: Rillaboom|28/100
|
|-heal|p2a: Whimsicott|57/100|[from] Grassy Terrain
|-heal|p2b: Milotic|34/100|[from] Grassy Terrain
|-heal|p2b: Milotic|40/100|[from] item: Leftovers
|-heal|p1b: Rillaboom|34/100|[from] Grassy Terrain
|-heal|p1a: Primarina|74/100|[from] Grassy Terrain
|upkeep
|turn|7
|inactive|Shiboha has 30 seconds left.
|inactive|BoloinaBox has 30 seconds left.
|inactive|BoloinaBox has 20 seconds left.
|inactive|BoloinaBox has 15 seconds left.
|inactive|BoloinaBox has 10 seconds left.
|
|t:|1756321123
|move|p2b: Milotic|Protect|p2b: Milotic
|-singleturn|p2b: Milotic|Protect
|move|p2a: Whimsicott|Worry Seed|p1a: Primarina
|-ability|p1a: Primarina|Insomnia|Liquid Voice|[from] move: Worry Seed
|move|p1b: Rillaboom|Wood Hammer|p2b: Milotic
|-activate|p2b: Milotic|move: Protect
|move|p1a: Primarina|Moonblast|p2b: Milotic
|-activate|p2b: Milotic|move: Protect
|
|-heal|p2a: Whimsicott|64/100|[from] Grassy Terrain
|-heal|p2b: Milotic|46/100|[from] Grassy Terrain
|-heal|p2b: Milotic|51/100|[from] item: Leftovers
|-heal|p1b: Rillaboom|40/100|[from] Grassy Terrain
|-heal|p1a: Primarina|80/100|[from] Grassy Terrain
|upkeep
|turn|8
|inactive|BoloinaBox has 30 seconds left.
|inactive|BoloinaBox has 20 seconds left.
|inactive|BoloinaBox has 15 seconds left.
|inactive|BoloinaBox has 10 seconds left.
|
|t:|1756321171
|move|p2a: Whimsicott|Moonblast|p1b: Rillaboom
|-damage|p1b: Rillaboom|12/100
|move|p2b: Milotic|Alluring Voice|p1b: Rillaboom
|-damage|p1b: Rillaboom|0 fnt
|faint|p1b: Rillaboom
|move|p1a: Primarina|Moonblast|p2b: Milotic
|-damage|p2b: Milotic|23/100
|
|-heal|p2a: Whimsicott|70/100|[from] Grassy Terrain
|-heal|p2b: Milotic|29/100|[from] Grassy Terrain
|-heal|p2b: Milotic|35/100|[from] item: Leftovers
|-heal|p1a: Primarina|87/100|[from] Grassy Terrain
|-sideend|p2: BoloinaBox|move: Tailwind
|upkeep
|
|t:|1756321183
|switch|p1b: Dragapult|Dragapult, L50, F|100/100
|turn|9
|
|t:|1756321206
|move|p2a: Whimsicott|Tailwind|p2a: Whimsicott
|-sidestart|p2: BoloinaBox|move: Tailwind
|move|p2b: Milotic|Alluring Voice|p1b: Dragapult
|-supereffective|p1b: Dragapult
|-damage|p1b: Dragapult|49/100
|move|p1b: Dragapult|Dragon Darts|p2a: Whimsicott
|-damage|p2a: Whimsicott|12/100
|-anim|p1b: Dragapult|Dragon Darts|p2b: Milotic
|-damage|p2b: Milotic|0 fnt
|faint|p2b: Milotic
|move|p1a: Primarina|Moonblast|p2a: Whimsicott
|-damage|p2a: Whimsicott|0 fnt
|faint|p2a: Whimsicott
|
|-heal|p1b: Dragapult|55/100|[from] Grassy Terrain
|-heal|p1a: Primarina|93/100|[from] Grassy Terrain
|upkeep
|
|t:|1756321215
|switch|p2a: Rillaboom|Rillaboom, L50, F|10/100
|turn|10
|-message|BoloinaBox forfeited.
|
|win|Shiboha
|raw|Shiboha's rating: 1046 → 1085(+39 for winning)
|raw|BoloinaBox's rating: 1111 → 1081(-30 for losing)
|l|☆BoloinaBox
|player|p2|
