|j|☆axolotlwooper
|j|☆jicxy
|html|axolotlwooperjicxy    
|uhtml|bestof|Game 2 of a best-of-3
|t:|1785176947
|gametype|doubles
|player|p1|axolotlwooper|linebacker|1092
|player|p2|jicxy|dancer|1046
|gen|9
|tier|[Gen 9 Champions] VGC 2026 Reg M-B (Bo3)
|rated|
|rule|Species Clause: Limit one of each Pokémon
|rule|Item Clause: Limit 1 of each item
|clearpoke
|poke|p1|Farigiraf, L50, F|
|poke|p1|Maushold, L50|
|poke|p1|Camerupt, L50, F|
|poke|p1|Vanilluxe, L50, F|
|poke|p1|Mawile, L50, F|
|poke|p1|Araquanid, L50, F|
|poke|p2|Hydreigon, L50, M|
|poke|p2|Slowbro, L50, M|
|poke|p2|Metagross, L50|
|poke|p2|Sinistcha, L50|
|poke|p2|Clefable, L50, F|
|poke|p2|Tsareena, L50, F|
|teampreview|4
|showteam|p1|Farigiraf||SitrusBerry|ArmorTail|PsychicFangs,HyperVoice,HelpingHand,TrickRoom|Relaxed||F|||50|]Maushold||FocusSash|FriendGuard|SuperFang,FollowMe,Uturn,Taunt|Relaxed|||||50|]Camerupt||Cameruptite|SolidRock|HeatWave,EarthPower,AncientPower,Protect|Quiet||F|||50|]Vanilluxe||NeverMeltIce|SnowWarning|Blizzard,FreezeDry,IceShard,Protect|Quiet||F|||50|]Mawile||Mawilite|HyperCutter|PlayRough,IronHead,SuckerPunch,Protect|Brave||F|||50|]Araquanid||LifeOrb|WaterBubble|Liquidation,PoisonJab,LeechLife,WideGuard|Brave||F|||50|
|showteam|p2|Hydreigon||ChoiceScarf|Levitate|FlashCannon,DarkPulse,Flamethrower,DracoMeteor|Timid||M|||50|]Slowbro||Slowbronite|Regenerator|CalmMind,StoredPower,Rest,SleepTalk|Calm||M|||50|]Metagross||Metagrossite|ClearBody|RockSlide,Protect,PsychicFangs,BulletPunch|Jolly|||||50|]Sinistcha||Leftovers|Hospitality|MatchaGotcha,RagePowder,StrengthSap,ShadowBall|Modest|||||50|]Clefable||LifeOrb|MagicGuard|FollowMe,Moonblast,LifeDew,IceBeam|Calm||F|||50|]Tsareena||ExpertBelt|QueenlyMajesty|TropKick,Uturn,TripleAxel,Protect|Adamant||F|||50|
|inactive|Battle timer is ON: inactive players will automatically lose when time's up. (requested by axolotlwooper)
|j| tedidn
|inactive|axolotlwooper has 60 seconds left.
|
|t:|1785176994
|teamsize|p1|4
|teamsize|p2|4
|start
|switch|p1a: Farigiraf|Farigiraf, L50, F|100/100
|switch|p1b: Maushold|Maushold, L50|100/100
|switch|p2a: Metagross|Metagross, L50|100/100
|switch|p2b: Hydreigon|Hydreigon, L50, M|100/100
|turn|1
|
|t:|1785177010
|move|p1b: Maushold|Follow Me|p1b: Maushold
|-singleturn|p1b: Maushold|move: Follow Me
|move|p2b: Hydreigon|Draco Meteor|p1b: Maushold
|-crit|p1b: Maushold
|-enditem|p1b: Maushold|Focus Sash
|-damage|p1b: Maushold|1/100
|-unboost|p2b: Hydreigon|spa|2
|move|p2a: Metagross|Psychic Fangs|p1b: Maushold
|-damage|p1b: Maushold|0 fnt
|faint|p1b: Maushold
|move|p1a: Farigiraf|Trick Room|p1a: Farigiraf
|-fieldstart|move: Trick Room|[of] p1a: Farigiraf
|
|upkeep
|
|t:|1785177026
|switch|p1b: Camerupt|Camerupt, L50, F|100/100
|turn|2
|inactive|jicxy has 30 seconds left.
|inactive|jicxy has 20 seconds left.
|inactive|jicxy has 15 seconds left.
|
|t:|1785177067
|switch|p2b: Sinistcha|Sinistcha, L50|100/100
|detailschange|p1b: Camerupt|Camerupt-Mega, L50, F
|-mega|p1b: Camerupt|Camerupt|Cameruptite
|move|p1a: Farigiraf|Helping Hand|p1b: Camerupt
|-singleturn|p1b: Camerupt|Helping Hand|[of] p1a: Farigiraf
|move|p2a: Metagross|Protect|p2a: Metagross
|-singleturn|p2a: Metagross|Protect
|move|p1b: Camerupt|Heat Wave|p2a: Metagross|[spread] p2b
|-activate|p2a: Metagross|move: Protect
|-supereffective|p2b: Sinistcha|1
|-damage|p2b: Sinistcha|0 fnt
|faint|p2b: Sinistcha
|
|upkeep
|
|t:|1785177080
|switch|p2b: Slowbro|Slowbro, L50, M|100/100
|turn|3
|
|t:|1785177092
|detailschange|p2b: Slowbro|Slowbro-Mega, L50, M
|-mega|p2b: Slowbro|Slowbro|Slowbronite
|move|p1a: Farigiraf|Helping Hand|p1b: Camerupt
|-singleturn|p1b: Camerupt|Helping Hand|[of] p1a: Farigiraf
|move|p1b: Camerupt|Earth Power|p2a: Metagross
|-supereffective|p2a: Metagross|1
|-damage|p2a: Metagross|0 fnt
|faint|p2a: Metagross
|move|p2b: Slowbro|Calm Mind|p2b: Slowbro
|-boost|p2b: Slowbro|spa|1
|-boost|p2b: Slowbro|spd|1
|
|upkeep
|
|t:|1785177100
|switch|p2a: Hydreigon|Hydreigon, L50, M|100/100
|turn|4
|inactive|axolotlwooper has 30 seconds left.
|inactive|axolotlwooper has 20 seconds left.
|
|t:|1785177136
|move|p1a: Farigiraf|Helping Hand|p1b: Camerupt
|-singleturn|p1b: Camerupt|Helping Hand|[of] p1a: Farigiraf
|move|p1b: Camerupt|Earth Power|p2b: Slowbro
|-damage|p2b: Slowbro|35/100
|move|p2b: Slowbro|Calm Mind|p2b: Slowbro
|-boost|p2b: Slowbro|spa|1
|-boost|p2b: Slowbro|spd|1
|move|p2a: Hydreigon|Dark Pulse|p1b: Camerupt
|-damage|p1b: Camerupt|59/100
|
|upkeep
|turn|5
|
|t:|1785177149
|move|p1a: Farigiraf|Helping Hand|p1b: Camerupt
|-singleturn|p1b: Camerupt|Helping Hand|[of] p1a: Farigiraf
|move|p1b: Camerupt|Earth Power|p2b: Slowbro
|-damage|p2b: Slowbro|0 fnt
|faint|p2b: Slowbro
|move|p2a: Hydreigon|Dark Pulse|p1b: Camerupt
|-damage|p1b: Camerupt|18/100
|
|-fieldend|move: Trick Room
|upkeep
|turn|6
|
|t:|1785177161
|move|p1b: Camerupt|Protect|p1b: Camerupt
|-singleturn|p1b: Camerupt|Protect
|move|p2a: Hydreigon|Dark Pulse|p1b: Camerupt
|-activate|p1b: Camerupt|move: Protect
|move|p1a: Farigiraf|Hyper Voice|p2a: Hydreigon
|-damage|p2a: Hydreigon|62/100
|
|upkeep
|turn|7
|
|t:|1785177174
|move|p2a: Hydreigon|Dark Pulse|p1b: Camerupt
|-damage|p1b: Camerupt|0 fnt
|faint|p1b: Camerupt
|move|p1a: Farigiraf|Trick Room|p1a: Farigiraf
|-fieldstart|move: Trick Room|[of] p1a: Farigiraf
|
|upkeep
|
|t:|1785177178
|switch|p1b: Vanilluxe|Vanilluxe, L50, F|100/100
|-weather|Snowscape|[from] ability: Snow Warning|[of] p1b: Vanilluxe
|turn|8
|
|t:|1785177187
|move|p1a: Farigiraf|Helping Hand|p1b: Vanilluxe
|-singleturn|p1b: Vanilluxe|Helping Hand|[of] p1a: Farigiraf
|move|p1b: Vanilluxe|Ice Shard|p2a: Hydreigon
|-supereffective|p2a: Hydreigon|1
|-damage|p2a: Hydreigon|9/100
|move|p2a: Hydreigon|Dark Pulse|p1b: Vanilluxe
|-damage|p1b: Vanilluxe|53/100
|
|-weather|Snowscape|[upkeep]
|upkeep
|turn|9
|
|t:|1785177199
|move|p1a: Farigiraf|Helping Hand|p1b: Vanilluxe
|-singleturn|p1b: Vanilluxe|Helping Hand|[of] p1a: Farigiraf
|move|p1b: Vanilluxe|Ice Shard|p2a: Hydreigon
|-supereffective|p2a: Hydreigon|1
|-damage|p2a: Hydreigon|0 fnt
|faint|p2a: Hydreigon
|
|win|axolotlwooper
