|j|☆endK649
|j|☆ExpoSniffer
|html|endK649ExpoSniffer    
|uhtml|bestof|Game 1 of a best-of-3
|t:|1757095282
|gametype|doubles
|player|p1|endK649|gambler|1075
|player|p2|ExpoSniffer|2|1000
|gen|9
|tier|[Gen 9] VGC 2025 Reg H (Bo3)
|rated|
|rule|Species Clause: Limit one of each Pokémon
|rule|Item Clause: Limit 1 of each item
|clearpoke
|poke|p1|Baxcalibur, L50, F|
|poke|p1|Volcarona, L50, F|
|poke|p1|Rillaboom, L50, F|
|poke|p1|Kingambit, L50, F|
|poke|p1|Dondozo, L50, M|
|poke|p1|Sneasler, L50, F|
|poke|p2|Gholdengo, L50|
|poke|p2|Dragonite, L50, M|
|poke|p2|Ursaluna-Bloodmoon, L50, M|
|poke|p2|Ninetales-Alola, L50, M|
|poke|p2|Annihilape, L50, F|
|poke|p2|Incineroar, L50, F|
|teampreview|4
|showteam|p1|Baxcalibur||LoadedDice|ThermalExchange|IcicleSpear,ScaleShot,IceShard,Protect|||F|||50|,,,,,Ghost]Volcarona||CovertCloak|FlameBody|HeatWave,TeraBlast,QuiverDance,RagePowder|||F|||50|,,,,,Fairy]Rillaboom||AssaultVest|GrassySurge|GrassyGlide,WoodHammer,HighHorsepower,FakeOut|||F|||50|,,,,,Water]Kingambit||SafetyGoggles|Defiant|KowtowCleave,SuckerPunch,SwordsDance,Protect|||F|||50|,,,,,Dark]Dondozo||Leftovers|Unaware|WaveCrash,Fissure,Curse,Protect|||M|||50|,,,,,Bug]Sneasler||FocusSash|PoisonTouch|DireClaw,CloseCombat,Coaching,Protect|||F|||50|,,,,,Ghost
|showteam|p2|Gholdengo||MetalCoat|GoodasGold|MakeItRain,ShadowBall,NastyPlot,Protect||||||50|,,,,,Water]Dragonite||LoadedDice|Multiscale|ScaleShot,ExtremeSpeed,Haze,Protect|||M|||50|,,,,,Steel]Ursaluna-Bloodmoon||AssaultVest|MindsEye|BloodMoon,HyperVoice,EarthPower,VacuumWave|||M|||50|,,,,,Water]Ninetales-Alola||FocusSash|SnowWarning|Blizzard,IcyWind,AuroraVeil,IcicleSpear|||M|||50|,,,,,Ghost]Annihilape||SafetyGoggles|Defiant|CloseCombat,RageFist,Coaching,Taunt|||F|||50|,,,,,Fire]Incineroar||RockyHelmet|Intimidate|KnockOff,FlareBlitz,PartingShot,FakeOut|||F|||50|,,,,,Ghost
|inactive|Battle timer is ON: inactive players will automatically lose when time's up. (requested by ExpoSniffer)
|inactive|ExpoSniffer has 60 seconds left.
|
|t:|1757095340
|teamsize|p1|4
|teamsize|p2|4
|start
|switch|p1a: Dondozo|Dondozo, L50, M, shiny|100/100
|switch|p1b: Sneasler|Sneasler, L50, F, shiny|100/100
|switch|p2a: monkeytile|Annihilape, L50, F|100/100
|switch|p2b: STOPMISHSCALESHOT|Dragonite, L50, M|100/100
|turn|1
|
|t:|1757095359
|move|p1b: Sneasler|Coaching|p1a: Dondozo
|-boost|p1a: Dondozo|atk|1
|-boost|p1a: Dondozo|def|1
|move|p2a: monkeytile|Coaching|p2b: STOPMISHSCALESHOT
|-boost|p2b: STOPMISHSCALESHOT|atk|1
|-boost|p2b: STOPMISHSCALESHOT|def|1
|move|p2b: STOPMISHSCALESHOT|Scale Shot|p1a: Dondozo
|-damage|p1a: Dondozo|94/100
|-damage|p1a: Dondozo|88/100
|-damage|p1a: Dondozo|82/100
|-damage|p1a: Dondozo|76/100
|-hitcount|p1a: Dondozo|4
|-unboost|p2b: STOPMISHSCALESHOT|def|1
|-boost|p2b: STOPMISHSCALESHOT|spe|1
|move|p1a: Dondozo|Wave Crash|p2a: monkeytile
|-damage|p2a: monkeytile|32/100
|-damage|p1a: Dondozo|59/100|[from] Recoil
|
|-heal|p1a: Dondozo|65/100|[from] item: Leftovers
|upkeep
|turn|2
|inactive|ExpoSniffer has 30 seconds left.
|inactive|ExpoSniffer has 20 seconds left.
|
|t:|1757095397
|move|p1b: Sneasler|Protect|p1b: Sneasler
|-singleturn|p1b: Sneasler|Protect
|move|p2b: STOPMISHSCALESHOT|Scale Shot|p1b: Sneasler
|-activate|p1b: Sneasler|move: Protect
|move|p2a: monkeytile|Taunt|p1a: Dondozo
|-start|p1a: Dondozo|move: Taunt
|move|p1a: Dondozo|Wave Crash|p2a: monkeytile
|-damage|p2a: monkeytile|0 fnt
|faint|p2a: monkeytile
|-damage|p1a: Dondozo|58/100|[from] Recoil
|
|-heal|p1a: Dondozo|64/100|[from] item: Leftovers
|upkeep
|
|t:|1757095400
|switch|p2a: gholdeggo|Gholdengo, L50|100/100
|turn|3
|
|t:|1757095419
|switch|p1b: Kingambit|Kingambit, L50, F, shiny|100/100
|move|p2b: STOPMISHSCALESHOT|Scale Shot|p1a: Dondozo
|-damage|p1a: Dondozo|58/100
|-damage|p1a: Dondozo|52/100
|-damage|p1a: Dondozo|46/100
|-damage|p1a: Dondozo|40/100
|-hitcount|p1a: Dondozo|4
|-unboost|p2b: STOPMISHSCALESHOT|def|1
|-boost|p2b: STOPMISHSCALESHOT|spe|1
|move|p2a: gholdeggo|Nasty Plot|p2a: gholdeggo
|-boost|p2a: gholdeggo|spa|2
|move|p1a: Dondozo|Wave Crash|p2a: gholdeggo
|-damage|p2a: gholdeggo|30/100
|-damage|p1a: Dondozo|24/100|[from] Recoil
|
|-heal|p1a: Dondozo|30/100|[from] item: Leftovers
|upkeep
|turn|4
|inactive|endK649 has 30 seconds left.
|
|t:|1757095447
|move|p2a: gholdeggo|Protect|p2a: gholdeggo
|-singleturn|p2a: gholdeggo|Protect
|move|p2b: STOPMISHSCALESHOT|Scale Shot|p1b: Kingambit
|-resisted|p1b: Kingambit
|-damage|p1b: Kingambit|93/100
|-resisted|p1b: Kingambit
|-damage|p1b: Kingambit|86/100
|-resisted|p1b: Kingambit
|-damage|p1b: Kingambit|79/100
|-resisted|p1b: Kingambit
|-damage|p1b: Kingambit|71/100
|-resisted|p1b: Kingambit
|-damage|p1b: Kingambit|63/100
|-hitcount|p1b: Kingambit|5
|-unboost|p2b: STOPMISHSCALESHOT|def|1
|-boost|p2b: STOPMISHSCALESHOT|spe|1
|move|p1b: Kingambit|Swords Dance|p1b: Kingambit
|-boost|p1b: Kingambit|atk|2
|move|p1a: Dondozo|Wave Crash|p2a: gholdeggo
|-activate|p2a: gholdeggo|move: Protect
|
|-heal|p1a: Dondozo|36/100|[from] item: Leftovers
|-end|p1a: Dondozo|move: Taunt
|upkeep
|turn|5
|inactive|ExpoSniffer has 30 seconds left.
|
|t:|1757095474
|move|p1b: Kingambit|Sucker Punch|p2a: gholdeggo
|-supereffective|p2a: gholdeggo
|-damage|p2a: gholdeggo|0 fnt
|faint|p2a: gholdeggo
|move|p2b: STOPMISHSCALESHOT|Scale Shot|p1b: Kingambit|[miss]
|-miss|p2b: STOPMISHSCALESHOT|p1b: Kingambit
|move|p1a: Dondozo|Wave Crash|p2b: STOPMISHSCALESHOT
|-resisted|p2b: STOPMISHSCALESHOT
|-damage|p2b: STOPMISHSCALESHOT|86/100
|-damage|p1a: Dondozo|33/100|[from] Recoil
|
|-heal|p1a: Dondozo|39/100|[from] item: Leftovers
|upkeep
|
|t:|1757095477
|switch|p2a: Pimpletile|Ursaluna-Bloodmoon, L50, M|100/100
|turn|6
|
|t:|1757095490
|-terastallize|p1b: Kingambit|Dark
|move|p2a: Pimpletile|Vacuum Wave|p1b: Kingambit
|-supereffective|p1b: Kingambit
|-damage|p1b: Kingambit|32/100
|move|p1b: Kingambit|Sucker Punch|p2b: STOPMISHSCALESHOT
|-damage|p2b: STOPMISHSCALESHOT|0 fnt
|faint|p2b: STOPMISHSCALESHOT
|move|p1a: Dondozo|Wave Crash|p2a: Pimpletile
|-supereffective|p2a: Pimpletile
|-damage|p2a: Pimpletile|12/100
|-damage|p1a: Dondozo|14/100|[from] Recoil
|
|-heal|p1a: Dondozo|20/100|[from] item: Leftovers
|upkeep
|turn|7
|-message|ExpoSniffer forfeited.
|
|win|endK649
||ExpoSniffer is ready for game 2.
||endK649 is ready for game 2.
|uhtml|next|Next: Game 2 of 3
|l|☆ExpoSniffer
|player|p2|
