|j|☆radombattle88
|j|☆spellbreakvgc
|html|radombattle88spellbreakvgc    
|uhtml|bestof|Game 3 of a best-of-3
|t:|1756151186
|gametype|doubles
|player|p1|radombattle88|n|1087
|player|p2|spellbreakvgc|lance|1104
|gen|9
|tier|[Gen 9] VGC 2025 Reg H (Bo3)
|rated|
|rule|Species Clause: Limit one of each Pokémon
|rule|Item Clause: Limit 1 of each item
|clearpoke
|poke|p1|Annihilape, L50, M|
|poke|p1|Ninetales-Alola, L50, F|
|poke|p1|Talonflame, L50, M|
|poke|p1|Garchomp, L50, M|
|poke|p1|Vivillon-Tundra, L50, F|
|poke|p1|Gholdengo, L50|
|poke|p2|Whimsicott, L50, F|
|poke|p2|Typhlosion-Hisui, L50, F|
|poke|p2|Dragapult, L50, F|
|poke|p2|Sneasler, L50, M|
|poke|p2|Indeedee, L50, M|
|poke|p2|Electabuzz, L50, F|
|teampreview|4
|showteam|p1|Annihilape||SafetyGoggles|Defiant|RageFist,DrainPunch,BulkUp,Protect|||M|||50|,,,,,Water]Ninetales-Alola||CovertCloak|SnowWarning|Blizzard,FreezeDry,AuroraVeil,Protect|||F|||50|,,,,,Ice]Talonflame||SkyPlate|GaleWings|DualWingbeat,Tailwind,WillOWisp,Protect|||M|||50|,,,,,Ghost]Garchomp||LifeOrb|RoughSkin|Earthquake,StompingTantrum,DragonClaw,Protect|||M|||50|,,,,,Steel]Vivillon-Tundra||FocusSash|CompoundEyes|SleepPowder,Hurricane,RagePowder,Protect|||F|||50|,,,,,Ghost]Gholdengo||IronPlate|GoodasGold|MakeItRain,ShadowBall,NastyPlot,Protect||||||50|,,,,,Steel
|showteam|p2|Whimsicott||CovertCloak|Prankster|Tailwind,SunnyDay,Encore,Moonblast|||F|||50|,,,,,Ghost]Typhlosion-Hisui||ChoiceSpecs|Blaze|Eruption,HeatWave,ShadowBall,FocusBlast|||F|||50|,,,,,Fire]Dragapult||ChoiceBand|ClearBody|DragonDarts,Outrage,PhantomForce,Uturn|||F|||50|,,,,,Dragon]Sneasler||PsychicSeed|Unburden|DireClaw,CloseCombat,ThroatChop,Protect|||M|||50|,,,,,Fighting]Indeedee||FocusSash|PsychicSurge|ExpandingForce,TeraBlast,TrickRoom,Imprison|||M|||50|,,,,,Psychic]Electabuzz||Eviolite|VitalSpirit|Electroweb,FollowMe,Taunt,Protect|||F|||50|,,,,,Ghost
|inactive|Battle timer is ON: inactive players will automatically lose when time's up. (requested by spellbreakvgc)
|inactive|spellbreakvgc has 60 seconds left.
|
|t:|1756151244
|teamsize|p1|4
|teamsize|p2|4
|start
|switch|p1a: Talonflame|Talonflame, L50, M|100/100
|switch|p1b: Ninetales|Ninetales-Alola, L50, F, shiny|100/100
|switch|p2a: Whimsicott|Whimsicott, L50, F|100/100
|switch|p2b: Dragapult|Dragapult, L50, F|100/100
|-weather|Snowscape|[from] ability: Snow Warning|[of] p1b: Ninetales
|turn|1
|
|t:|1756151266
|-terastallize|p2a: Whimsicott|Ghost
|move|p1a: Talonflame|Tailwind|p1a: Talonflame
|-sidestart|p1: radombattle88|move: Tailwind
|move|p2a: Whimsicott|Sunny Day|p2a: Whimsicott
|-weather|SunnyDay
|move|p1b: Ninetales|Blizzard|p2a: Whimsicott|[spread] p2a
|-miss|p1b: Ninetales|p2b: Dragapult
|-damage|p2a: Whimsicott|49/100
|move|p2b: Dragapult|Dragon Darts|p1a: Talonflame
|-damage|p1a: Talonflame|40/100
|-anim|p2b: Dragapult|Dragon Darts|p1a: Talonflame
|-damage|p1a: Talonflame|0 fnt
|faint|p1a: Talonflame
|
|-weather|SunnyDay|[upkeep]
|upkeep
|
|t:|1756151284
|switch|p1a: Gholdengo|Gholdengo, L50|100/100
|turn|2
|inactive|radombattle88 has 30 seconds left.
|inactive|spellbreakvgc has 30 seconds left.
|
|t:|1756151318
|switch|p2b: Sneasler|Sneasler, L50, M|100/100
|move|p2a: Whimsicott|Tailwind|p2a: Whimsicott
|-sidestart|p2: spellbreakvgc|move: Tailwind
|move|p1b: Ninetales|Freeze-Dry|p2b: Sneasler
|-damage|p2b: Sneasler|62/100
|move|p1a: Gholdengo|Shadow Ball|p2a: Whimsicott
|-supereffective|p2a: Whimsicott
|-damage|p2a: Whimsicott|0 fnt
|faint|p2a: Whimsicott
|
|-weather|SunnyDay|[upkeep]
|upkeep
|
|t:|1756151330
|switch|p2a: Typhlosion|Typhlosion-Hisui, L50, F|100/100
|turn|3
|
|t:|1756151340
|switch|p2b: Dragapult|Dragapult, L50, F|100/100
|switch|p1b: Garchomp|Garchomp, L50, M|100/100
|move|p1a: Gholdengo|Protect|p1a: Gholdengo
|-singleturn|p1a: Gholdengo|Protect
|move|p2a: Typhlosion|Eruption|p1b: Garchomp|[spread] p1b
|-activate|p1a: Gholdengo|move: Protect
|-resisted|p1b: Garchomp
|-damage|p1b: Garchomp|22/100
|
|-weather|SunnyDay|[upkeep]
|upkeep
|turn|4
|inactive|radombattle88 has 30 seconds left.
|
|t:|1756151370
|switch|p1b: Ninetales|Ninetales-Alola, L50, F, shiny|100/100
|-weather|Snowscape|[from] ability: Snow Warning|[of] p1b: Ninetales
|move|p2b: Dragapult|Phantom Force||[still]
|-prepare|p2b: Dragapult|Phantom Force
|move|p1a: Gholdengo|Shadow Ball|p2a: Typhlosion
|-supereffective|p2a: Typhlosion
|-damage|p2a: Typhlosion|0 fnt
|faint|p2a: Typhlosion
|
|-weather|Snowscape|[upkeep]
|-sideend|p1: radombattle88|move: Tailwind
|upkeep
|
|t:|1756151391
|switch|p2a: Sneasler|Sneasler, L50, M|62/100
|turn|5
|inactive|radombattle88 has 30 seconds left.
|inactive|radombattle88 has 20 seconds left.
|
|t:|1756151428
|-terastallize|p1a: Gholdengo|Steel
|move|p2b: Dragapult|Phantom Force|p1a: Gholdengo|[from] lockedmove
|-damage|p1a: Gholdengo|20/100
|move|p2a: Sneasler|Dire Claw|p1b: Ninetales
|-supereffective|p1b: Ninetales
|-damage|p1b: Ninetales|11/100
|move|p1b: Ninetales|Blizzard|p2a: Sneasler|[spread] p2a,p2b
|-crit|p2a: Sneasler
|-supereffective|p2b: Dragapult
|-damage|p2a: Sneasler|0 fnt
|-damage|p2b: Dragapult|9/100
|faint|p2a: Sneasler
|move|p1a: Gholdengo|Make It Rain|p2b: Dragapult
|-damage|p2b: Dragapult|0 fnt
|-unboost|p1a: Gholdengo|spa|1
|faint|p2b: Dragapult
|
|win|radombattle88
