|j|☆LeonardPlayz
|j|☆RXUXBXEXN
|html|LeonardPlayzRXUXBXEXN    
|uhtml|bestof|Game 3 of a best-of-3
|t:|1783594273
|gametype|doubles
|player|p1|LeonardPlayz|hilbert-wonderlauncher|1104
|player|p2|RXUXBXEXN|1|1081
|gen|9
|tier|[Gen 9 Champions] VGC 2026 Reg M-B (Bo3)
|rated|
|rule|Species Clause: Limit one of each Pokémon
|rule|Item Clause: Limit 1 of each item
|clearpoke
|poke|p1|Aerodactyl, L50, F|
|poke|p1|Sceptile, L50, F|
|poke|p1|Rotom-Heat, L50|
|poke|p1|Mamoswine, L50, M|
|poke|p1|Gholdengo, L50|
|poke|p1|Kingambit, L50, F|
|poke|p2|Froslass, L50, F, shiny|
|poke|p2|Scovillain, L50, M, shiny|
|poke|p2|Lycanroc-Dusk, L50, M|
|poke|p2|Kingambit, L50, F|
|poke|p2|Basculegion, L50, M|
|poke|p2|Sneasler, L50, F|
|teampreview|4
|showteam|p1|Aerodactyl||Aerodactylite|RockHead|Tailwind,RockSlide,DualWingbeat,Protect|Jolly||F|||50|]Sceptile||Sceptilite|Overgrow|GigaDrain,DragonPulse,EarthPower,Protect|Timid||F|||50|]Rotom-Heat||ChoiceScarf|Levitate|Overheat,Thunderbolt,Discharge,VoltSwitch|Timid|||||50|]Mamoswine||LifeOrb|Oblivious|IceShard,HighHorsepower,RockSlide,Protect|Adamant||M|||50|]Gholdengo||MetalCoat|GoodasGold|MakeItRain,ShadowBall,NastyPlot,Protect|Modest|||||50|]Kingambit||FocusSash|Defiant|SuckerPunch,KowtowCleave,LowKick,Protect|Adamant||F|||50|
|showteam|p2|Froslass||Froslassite|CursedBody|Blizzard,ShadowBall,AuroraVeil,Protect|Modest||F|||50|]Scovillain||Scovillainite|Moody|Overheat,GigaDrain,RagePowder,Protect|Modest||M|||50|]Lycanroc-Dusk||FocusSash|ToughClaws|RockSlide,CloseCombat,Accelerock,Protect|Adamant||M|||50|]Kingambit||BlackGlasses|Defiant|KowtowCleave,SuckerPunch,SwordsDance,Protect|Adamant||F|||50|]Basculegion||SitrusBerry|Adaptability|WaveCrash,LastRespects,AquaJet,Protect|Adamant||M|||50|]Sneasler||WhiteHerb|Unburden|CloseCombat,GunkShot,FakeOut,Protect|Adamant||F|||50|
|inactive|Battle timer is ON: inactive players will automatically lose when time's up. (requested by LeonardPlayz)
|inactive|RXUXBXEXN has 60 seconds left.
|
|t:|1783594305
|teamsize|p1|4
|teamsize|p2|4
|start
|switch|p1a: Sceptile|Sceptile, L50, F|100/100
|switch|p1b: Rotom|Rotom-Heat, L50|100/100
|switch|p2a: Scovillain|Scovillain, L50, M, shiny|100/100
|switch|p2b: Sneasler|Sneasler, L50, F|100/100
|turn|1
|inactive|LeonardPlayz has 30 seconds left.
|
|t:|1783594331
|detailschange|p1a: Sceptile|Sceptile-Mega, L50, F
|-mega|p1a: Sceptile|Sceptile|Sceptilite
|detailschange|p2a: Scovillain|Scovillain-Mega, L50, M, shiny
|-mega|p2a: Scovillain|Scovillain|Scovillainite
|move|p1a: Sceptile|Protect|p1a: Sceptile
|-singleturn|p1a: Sceptile|Protect
|move|p2b: Sneasler|Fake Out|p1a: Sceptile
|-activate|p1a: Sceptile|move: Protect
|move|p1b: Rotom|Discharge|p2a: Scovillain|[spread] p2a,p2b
|-activate|p1a: Sceptile|move: Protect
|-resisted|p2a: Scovillain|1
|-crit|p2b: Sneasler
|-damage|p2a: Scovillain|85/100
|-damage|p2b: Sneasler|45/100
|-immune|p1b: Rotom
|move|p2a: Scovillain|Overheat|p1a: Sceptile
|-activate|p1a: Sceptile|move: Protect
|
|upkeep
|turn|2
|inactive|LeonardPlayz has 30 seconds left.
|
|t:|1783594357
|move|p2a: Scovillain|Rage Powder|p2a: Scovillain
|-singleturn|p2a: Scovillain|move: Rage Powder
|move|p1b: Rotom|Discharge|p2b: Sneasler|[spread] p2a,p2b
|-ability|p1a: Sceptile|Lightning Rod|boost
|-boost|p1a: Sceptile|spa|1
|-resisted|p2a: Scovillain|1
|-damage|p2a: Scovillain|70/100
|-damage|p2b: Sneasler|4/100
|-status|p2a: Scovillain|par
|-immune|p1b: Rotom
|move|p1a: Sceptile|Earth Power|p2a: Scovillain
|-damage|p2a: Scovillain|11/100 par
|-status|p1a: Sceptile|brn|[from] ability: Spicy Spray|[of] p2a: Scovillain
|move|p2b: Sneasler|Gunk Shot|p1a: Sceptile
|-supereffective|p1a: Sceptile|1
|-damage|p1a: Sceptile|0 fnt
|faint|p1a: Sceptile
|
|upkeep
|
|t:|1783594374
|switch|p1a: Kingambit|Kingambit, L50, F|100/100
|turn|3
|
|t:|1783594389
|switch|p2a: Lycanroc|Lycanroc-Dusk, L50, M|100/100
|move|p1a: Kingambit|Protect|p1a: Kingambit
|-singleturn|p1a: Kingambit|Protect
|move|p1b: Rotom|Discharge|p2b: Sneasler|[spread] p2a,p2b
|-activate|p1a: Kingambit|move: Protect
|-damage|p2a: Lycanroc|56/100
|-damage|p2b: Sneasler|0 fnt
|-status|p2a: Lycanroc|par
|faint|p2b: Sneasler
|
|upkeep
|
|t:|1783594400
|switch|p2b: Scovillain|Scovillain-Mega, L50, M, shiny|11/100 par
|turn|4
|
|t:|1783594410
|switch|p1a: Aerodactyl|Aerodactyl, L50, F|100/100
|move|p2a: Lycanroc|Accelerock|p1b: Rotom
|-supereffective|p1b: Rotom|1
|-damage|p1b: Rotom|19/100
|move|p1b: Rotom|Discharge|p2a: Lycanroc|[spread] p1a,p2a,p2b
|-supereffective|p1a: Aerodactyl|1
|-resisted|p2b: Scovillain|1
|-damage|p1a: Aerodactyl|19/100
|-damage|p2a: Lycanroc|7/100 par
|-damage|p2b: Scovillain|0 fnt
|-status|p1a: Aerodactyl|par
|-immune|p1b: Rotom
|faint|p2b: Scovillain
|
|upkeep
|
|t:|1783594421
|switch|p2b: Basculegion|Basculegion, L50, M|100/100
|turn|5
|
|t:|1783594435
|move|p2a: Lycanroc|Protect|p2a: Lycanroc
|-singleturn|p2a: Lycanroc|Protect
|move|p2b: Basculegion|Aqua Jet|p1b: Rotom
|-supereffective|p1b: Rotom|1
|-damage|p1b: Rotom|0 fnt
|faint|p1b: Rotom
|move|p1a: Aerodactyl|Rock Slide|p2b: Basculegion|[spread] p2b
|-activate|p2a: Lycanroc|move: Protect
|-damage|p2b: Basculegion|73/100
|
|upkeep
|
|t:|1783594445
|switch|p1b: Kingambit|Kingambit, L50, F|100/100
|turn|6
|
|t:|1783594462
|move|p2a: Lycanroc|Protect|p2a: Lycanroc
|-singleturn|p2a: Lycanroc|Protect
|move|p2b: Basculegion|Aqua Jet|p1b: Kingambit
|-crit|p1b: Kingambit
|-damage|p1b: Kingambit|68/100
|move|p1b: Kingambit|Sucker Punch||[still]
|-fail|p1b: Kingambit
|move|p1a: Aerodactyl|Rock Slide|p2a: Lycanroc|[spread] p2b
|-activate|p2a: Lycanroc|move: Protect
|-damage|p2b: Basculegion|48/100
|-enditem|p2b: Basculegion|Sitrus Berry|[eat]
|-heal|p2b: Basculegion|72/100|[from] item: Sitrus Berry
|
|upkeep
|turn|7
|
|t:|1783594481
|move|p1a: Aerodactyl|Protect|p1a: Aerodactyl
|-singleturn|p1a: Aerodactyl|Protect
|move|p1b: Kingambit|Protect|p1b: Kingambit
|-singleturn|p1b: Kingambit|Protect
|move|p2b: Basculegion|Aqua Jet|p1b: Kingambit
|-activate|p1b: Kingambit|move: Protect
|move|p2a: Lycanroc|Accelerock|p1a: Aerodactyl
|-activate|p1a: Aerodactyl|move: Protect
|
|upkeep
|turn|8
|
|t:|1783594495
|move|p2b: Basculegion|Aqua Jet|p1b: Kingambit
|-damage|p1b: Kingambit|46/100
|move|p2a: Lycanroc|Accelerock|p1a: Aerodactyl
|-supereffective|p1a: Aerodactyl|1
|-damage|p1a: Aerodactyl|0 fnt
|faint|p1a: Aerodactyl
|move|p1b: Kingambit|Kowtow Cleave|p2a: Lycanroc
|-damage|p2a: Lycanroc|0 fnt
|faint|p2a: Lycanroc
|
|upkeep
|turn|9
|
|t:|1783594508
|move|p2b: Basculegion|Aqua Jet|p1b: Kingambit
|-crit|p1b: Kingambit
|-damage|p1b: Kingambit|14/100
|move|p1b: Kingambit|Kowtow Cleave|p2b: Basculegion
|-supereffective|p2b: Basculegion|1
|-damage|p2b: Basculegion|0 fnt
|faint|p2b: Basculegion
|
|win|LeonardPlayz
|raw|LeonardPlayz's rating: 1104 → 1127(+23 for winning)
|raw|RXUXBXEXN's rating: 1081 → 1060(-21 for losing)
|l|☆RXUXBXEXN
|player|p2|
