|j|☆natsukivgc
|j|☆jotikun
|html|natsukivgcjotikun    
|uhtml|bestof|Game 2 of a best-of-3
|t:|1786013625
|gametype|doubles
|player|p1|natsukivgc|101|
|player|p2|jotikun|depotagent|
|gen|9
|tier|[Gen 9 Champions] VGC 2026 Reg M-B (Bo3)
|rule|Species Clause: Limit one of each Pokémon
|rule|Item Clause: Limit 1 of each item
|clearpoke
|poke|p1|Garchomp, L50, M|
|poke|p1|Venusaur, L50, F|
|poke|p1|Incineroar, L50, M|
|poke|p1|Charizard, L50, F|
|poke|p1|Toxapex, L50, M|
|poke|p1|Annihilape, L50, M|
|poke|p2|Eelektross, L50, M|
|poke|p2|Espathra, L50, M|
|poke|p2|Garchomp, L50, F|
|poke|p2|Maushold-Four, L50|
|poke|p2|Aerodactyl, L50, M|
|poke|p2|Ninetales-Alola, L50, F|
|teampreview|4
|showteam|p1|Garchomp||ChoiceScarf|RoughSkin|Earthquake,DragonClaw,StompingTantrum,RockSlide|Adamant||M|||50|]Venusaur||LifeOrb|Chlorophyll|SolarBeam,SludgeBomb,EarthPower,Protect|Modest||F|||50|]Incineroar||SitrusBerry|Intimidate|FlareBlitz,ThroatChop,FakeOut,PartingShot|Impish||M|||50|]Charizard||CharizarditeY|Blaze|HeatWave,WeatherBall,Protect,SolarBeam|Modest||F|||50|]Toxapex||Leftovers|Regenerator|Infestation,Toxic,WideGuard,BanefulBunker|Bold||M|||50|]Annihilape||FocusSash|Defiant|CloseCombat,PhantomForce,RockTomb,Protect|Jolly||M|||50|
|showteam|p2|Eelektross||Eelektrossite|Levitate|Discharge,Flamethrower,GigaDrain,Protect|Modest||M|||50|]Espathra||SitrusBerry|SpeedBoost|CalmMind,BatonPass,Protect,LuminaCrash|Modest||M|||50|]Garchomp||LifeOrb|RoughSkin|Earthquake,RockSlide,DragonClaw,Protect|Jolly||F|||50|]Maushold-Four||FocusSash|FriendGuard|FollowMe,Protect,ThunderWave,Taunt|Timid|||||50|]Aerodactyl||WideLens|Unnerve|RockSlide,DualWingbeat,Tailwind,Protect|Jolly||M|||50|]Ninetales-Alola||LightClay|SnowWarning|AuroraVeil,Blizzard,IcyWind,Protect|Timid||F|||50|
|
|t:|1786013705
|teamsize|p1|4
|teamsize|p2|4
|start
|switch|p1a: Charizard|Charizard, L50, F|100/100
|switch|p1b: Toxapex|Toxapex, L50, M|100/100
|switch|p2a: Espathra|Espathra, L50, M|100/100
|switch|p2b: Maushold|Maushold-Four, L50|100/100
|turn|1
|
|t:|1786013746
|detailschange|p1a: Charizard|Charizard-Mega-Y, L50, F
|-mega|p1a: Charizard|Charizard|Charizardite Y
|-weather|SunnyDay|[from] ability: Drought|[of] p1a: Charizard
|move|p2a: Espathra|Protect|p2a: Espathra
|-singleturn|p2a: Espathra|Protect
|move|p2b: Maushold|Thunder Wave|p1a: Charizard
|-status|p1a: Charizard|par
|cant|p1a: Charizard|par
|move|p1b: Toxapex|Infestation|p2b: Maushold
|-damage|p2b: Maushold|96/100
|-activate|p2b: Maushold|move: Infestation|[of] p1b: Toxapex
|
|-weather|SunnyDay|[upkeep]
|-damage|p2b: Maushold|83/100|[from] move: Infestation|[partiallytrapped]
|-ability|p2a: Espathra|Speed Boost|boost
|-boost|p2a: Espathra|spe|1
|upkeep
|turn|2
|
|t:|1786013800
|move|p2a: Espathra|Lumina Crash|p1b: Toxapex
|-supereffective|p1b: Toxapex|1
|-crit|p1b: Toxapex
|-damage|p1b: Toxapex|26/100
|-unboost|p1b: Toxapex|spd|2
|move|p2b: Maushold|Taunt|p1b: Toxapex
|-start|p1b: Toxapex|move: Taunt
|move|p1a: Charizard|Weather Ball|p2a: Espathra
|-damage|p2a: Espathra|9/100
|-enditem|p2a: Espathra|Sitrus Berry|[eat]
|-heal|p2a: Espathra|34/100|[from] item: Sitrus Berry
|cant|p1b: Toxapex|move: Taunt|Toxic
|
|-weather|SunnyDay|[upkeep]
|-heal|p1b: Toxapex|31/100|[from] item: Leftovers
|-damage|p2b: Maushold|71/100|[from] move: Infestation|[partiallytrapped]
|-ability|p2a: Espathra|Speed Boost|boost
|-boost|p2a: Espathra|spe|1
|upkeep
|turn|3
|
|t:|1786013854
|-heal|p1b: Toxapex|64/100|[from] ability: Regenerator|[silent]
|switch|p1b: Incineroar|Incineroar, L50, M|100/100
|-ability|p1b: Incineroar|Intimidate|boost
|-unboost|p2a: Espathra|atk|1
|-unboost|p2b: Maushold|atk|1
|move|p2b: Maushold|Follow Me|p2b: Maushold
|-singleturn|p2b: Maushold|move: Follow Me
|move|p2a: Espathra|Calm Mind|p2a: Espathra
|-boost|p2a: Espathra|spa|1
|-boost|p2a: Espathra|spd|1
|cant|p1a: Charizard|par
|
|-weather|SunnyDay|[upkeep]
|-end|p2b: Maushold|Infestation|[partiallytrapped]|[silent]
|-ability|p2a: Espathra|Speed Boost|boost
|-boost|p2a: Espathra|spe|1
|upkeep
|turn|4
|
|t:|1786013949
|move|p2a: Espathra|Protect|p2a: Espathra
|-singleturn|p2a: Espathra|Protect
|move|p2b: Maushold|Protect|p2b: Maushold
|-singleturn|p2b: Maushold|Protect
|move|p1b: Incineroar|Flare Blitz|p2b: Maushold
|-activate|p2b: Maushold|move: Protect
|move|p1a: Charizard|Weather Ball|p2a: Espathra
|-activate|p2a: Espathra|move: Protect
|
|-weather|SunnyDay|[upkeep]
|-ability|p2a: Espathra|Speed Boost|boost
|-boost|p2a: Espathra|spe|1
|upkeep
|turn|5
|
|t:|1786013971
|move|p2b: Maushold|Follow Me|p2b: Maushold
|-singleturn|p2b: Maushold|move: Follow Me
|move|p2a: Espathra|Baton Pass|p2a: Espathra
|
|t:|1786013974
|switch|p2a: Eelektross|Eelektross, L50, M|100/100|[from] Baton Pass
|move|p1b: Incineroar|Flare Blitz|p2b: Maushold
|-damage|p2b: Maushold|0 fnt
|faint|p2b: Maushold
|-damage|p1b: Incineroar|78/100|[from] Recoil
|move|p1a: Charizard|Weather Ball|p2a: Eelektross
|-damage|p2a: Eelektross|36/100
|
|-weather|none
|upkeep
|
|t:|1786013987
|switch|p2b: Garchomp|Garchomp, L50, F|100/100
|turn|6
|
|t:|1786014065
|switch|p1b: Garchomp|Garchomp, L50, M|100/100
|detailschange|p2a: Eelektross|Eelektross-Mega, L50, M
|-mega|p2a: Eelektross|Eelektross|Eelektrossite
|cant|p1a: Charizard|par
|move|p2a: Eelektross|Discharge|p1b: Garchomp|[spread] p1a
|-immune|p2b: Garchomp
|-immune|p1b: Garchomp
|-supereffective|p1a: Charizard|1
|-damage|p1a: Charizard|12/100 par
|move|p2b: Garchomp|Rock Slide|p1b: Garchomp|[spread] p1a,p1b
|-supereffective|p1a: Charizard|2
|-resisted|p1b: Garchomp|1
|-damage|p1a: Charizard|0 fnt
|-damage|p1b: Garchomp|87/100
|faint|p1a: Charizard
|-damage|p2b: Garchomp|90/100|[from] item: Life Orb
|
|upkeep
|
|t:|1786014099
|switch|p1a: Incineroar|Incineroar, L50, M|78/100
|-ability|p1a: Incineroar|Intimidate|boost
|-unboost|p2a: Eelektross|atk|1
|-unboost|p2b: Garchomp|atk|1
|turn|7
|
|t:|1786014159
|switch|p1a: Toxapex|Toxapex, L50, M|64/100
|move|p2a: Eelektross|Protect|p2a: Eelektross
|-singleturn|p2a: Eelektross|Protect
|move|p2b: Garchomp|Protect|p2b: Garchomp
|-singleturn|p2b: Garchomp|Protect
|move|p1b: Garchomp|Dragon Claw|p2a: Eelektross
|-activate|p2a: Eelektross|move: Protect
|
|-heal|p1a: Toxapex|70/100|[from] item: Leftovers
|upkeep
|turn|8
|
|t:|1786014189
|move|p2b: Garchomp|Protect||[still]
|-fail|p2b: Garchomp
|move|p2a: Eelektross|Giga Drain|p1b: Garchomp
|-damage|p1b: Garchomp|43/100
|-heal|p2a: Eelektross|59/100|[from] drain|[of] p1b: Garchomp
|move|p1b: Garchomp|Dragon Claw|p2a: Eelektross
|-damage|p2a: Eelektross|18/100
|move|p1a: Toxapex|Toxic|p2b: Garchomp
|-status|p2b: Garchomp|tox
|
|-heal|p1a: Toxapex|76/100|[from] item: Leftovers
|-damage|p2b: Garchomp|84/100 tox|[from] psn
|upkeep
|turn|9
|
|t:|1786014264
|switch|p1b: Incineroar|Incineroar, L50, M|78/100
|-ability|p1b: Incineroar|Intimidate|boost
|-unboost|p2a: Eelektross|atk|1
|-unboost|p2b: Garchomp|atk|1
|move|p2a: Eelektross|Giga Drain|p1b: Incineroar
|-resisted|p1b: Incineroar|1
|-damage|p1b: Incineroar|60/100
|-heal|p2a: Eelektross|28/100|[from] drain|[of] p1b: Incineroar
|move|p2b: Garchomp|Earthquake|p1b: Incineroar|[spread] p1a,p1b
|-immune|p2a: Eelektross|[from] ability: Eelevate
|-supereffective|p1a: Toxapex|1
|-supereffective|p1b: Incineroar|1
|-damage|p1a: Toxapex|40/100
|-damage|p1b: Incineroar|26/100
|-enditem|p1b: Incineroar|Sitrus Berry|[eat]
|-heal|p1b: Incineroar|50/100g|[from] item: Sitrus Berry
|-damage|p2b: Garchomp|74/100 tox|[from] item: Life Orb
|move|p1a: Toxapex|Infestation|p2a: Eelektross
|-damage|p2a: Eelektross|26/100
|-activate|p2a: Eelektross|move: Infestation|[of] p1a: Toxapex
|
|-heal|p1a: Toxapex|45/100|[from] item: Leftovers
|-damage|p2b: Garchomp|62/100 tox|[from] psn
|-damage|p2a: Eelektross|13/100|[from] move: Infestation|[partiallytrapped]
|upkeep
|turn|10
|
|t:|1786014469
|switch|p2b: Espathra|Espathra, L50, M|34/100
|move|p2a: Eelektross|Protect|p2a: Eelektross
|-singleturn|p2a: Eelektross|Protect
|move|p1b: Incineroar|Fake Out|p2a: Eelektross
|-activate|p2a: Eelektross|move: Protect
|move|p1a: Toxapex|Wide Guard||[still]
|-fail|p1a: Toxapex
|
|-heal|p1a: Toxapex|51/100|[from] item: Leftovers
|-damage|p2a: Eelektross|1/100|[from] move: Infestation|[partiallytrapped]
|upkeep
|turn|11
|
|t:|1786014626
|-heal|p1a: Toxapex|84/100|[from] ability: Regenerator|[silent]
|switch|p1a: Garchomp|Garchomp, L50, M|43/100
|move|p2b: Espathra|Protect|p2b: Espathra
|-singleturn|p2b: Espathra|Protect
|move|p2a: Eelektross|Discharge|p1a: Garchomp|[spread] p1b
|-activate|p2b: Espathra|move: Protect
|-immune|p1a: Garchomp
|-damage|p1b: Incineroar|5/100
|move|p1b: Incineroar|Throat Chop|p2a: Eelektross
|-damage|p2a: Eelektross|0 fnt
|faint|p2a: Eelektross
|
|-ability|p2b: Espathra|Speed Boost|boost
|-boost|p2b: Espathra|spe|1
|upkeep
|
|t:|1786014641
|switch|p2a: Garchomp|Garchomp, L50, F|62/100 tox
|turn|12
|
|t:|1786014728
|switch|p1b: Toxapex|Toxapex, L50, M|84/100
|move|p1a: Garchomp|Dragon Claw|p2a: Garchomp
|-supereffective|p2a: Garchomp|1
|-crit|p2a: Garchomp
|-damage|p2a: Garchomp|0 fnt
|-damage|p1a: Garchomp|31/100|[from] ability: Rough Skin|[of] p2a: Garchomp
|faint|p2a: Garchomp
|move|p2b: Espathra|Lumina Crash|p1a: Garchomp
|-damage|p1a: Garchomp|0 fnt
|faint|p1a: Garchomp
|
|-heal|p1b: Toxapex|90/100|[from] item: Leftovers
|-ability|p2b: Espathra|Speed Boost|boost
|-boost|p2b: Espathra|spe|1
|upkeep
|
|t:|1786014742
|switch|p1a: Incineroar|Incineroar, L50, M|5/100
|-ability|p1a: Incineroar|Intimidate|boost
|-unboost|p2b: Espathra|atk|1
|turn|13
|
|t:|1786014750
|move|p2b: Espathra|Protect|p2b: Espathra
|-singleturn|p2b: Espathra|Protect
|move|p1a: Incineroar|Throat Chop|p2b: Espathra
|-activate|p2b: Espathra|move: Protect
|move|p1b: Toxapex|Infestation|p2b: Espathra
|-activate|p2b: Espathra|move: Protect
|
|-heal|p1b: Toxapex|96/100|[from] item: Leftovers
|-ability|p2b: Espathra|Speed Boost|boost
|-boost|p2b: Espathra|spe|1
|upkeep
|turn|14
|
|t:|1786014764
|move|p2b: Espathra|Lumina Crash|p1b: Toxapex
|-supereffective|p1b: Toxapex|1
|-crit|p1b: Toxapex
|-damage|p1b: Toxapex|27/100
|-unboost|p1b: Toxapex|spd|2
|move|p1a: Incineroar|Throat Chop|p2b: Espathra
|-supereffective|p2b: Espathra|1
|-damage|p2b: Espathra|0 fnt
|faint|p2b: Espathra
|
|win|natsukivgc
