|j|☆Ferran Tiburon
|j|☆elpurole
|html|Ferran Tiburonelpurole    
|uhtml|bestof|Game 1 of a best-of-3
|t:|1784747472
|gametype|doubles
|player|p1|Ferran Tiburon|2|1205
|player|p2|elpurole|koga|1089
|gen|9
|tier|[Gen 9 Champions] VGC 2026 Reg M-B (Bo3)
|rated|
|rule|Species Clause: Limit one of each Pokémon
|rule|Item Clause: Limit 1 of each item
|clearpoke
|poke|p1|Charizard, L50, M|
|poke|p1|Garchomp, L50, F|
|poke|p1|Incineroar, L50, M|
|poke|p1|Venusaur, L50, M|
|poke|p1|Toxapex, L50, M|
|poke|p1|Sylveon, L50, F|
|poke|p2|Metagross, L50|
|poke|p2|Archaludon, L50, M|
|poke|p2|Grimmsnarl, L50, M|
|poke|p2|Sinistcha-Masterpiece, L50|
|poke|p2|Swampert, L50, F|
|poke|p2|Politoed, L50, F|
|teampreview|4
|showteam|p1|Charizard||CharizarditeY|SolarPower|WeatherBall,HeatWave,AncientPower,Protect|Modest||M|||50|]Garchomp||ChoiceScarf|RoughSkin|RockSlide,DragonClaw,Earthquake,StompingTantrum|Adamant||F|||50|]Incineroar||SitrusBerry|Intimidate|FlareBlitz,FakeOut,Taunt,PartingShot|Impish||M|||50|]Venusaur||LifeOrb|Chlorophyll|SludgeBomb,LeafStorm,EarthPower,Protect|Modest||M|||50|]Toxapex||Leftovers|Regenerator|Infestation,Toxic,WideGuard,BanefulBunker|Bold||M|||50|]Sylveon||FairyFeather|Pixilate|HyperVoice,QuickAttack,Yawn,Detect|Modest||F|||50|
|showteam|p2|Metagross||Metagrossite|ClearBody|BodyPress,IcePunch,IronHead,Protect|Jolly|||||50|]Archaludon||Leftovers|Stamina|AuraSphere,DragonPulse,ElectroShot,Protect|Timid||M|||50|]Grimmsnarl||LightClay|Prankster|LightScreen,Reflect,FoulPlay,PartingShot|Calm||M|||50|]Sinistcha-Masterpiece||ColburBerry|Hospitality|MatchaGotcha,Protect,ShadowBall,RagePowder|Bold|||||50|]Swampert||Swampertite|Torrent|WaveCrash,HighHorsepower,KnockOff,Protect|Adamant||F|||50|]Politoed||SitrusBerry|Drizzle|PerishSong,WeatherBall,IceBeam,Protect|Modest||F|||50|
|
|t:|1784747529
|teamsize|p1|4
|teamsize|p2|4
|start
|switch|p1a: Incineroar|Incineroar, L50, M|100/100
|switch|p1b: Venusaur|Venusaur, L50, M|100/100
|switch|p2a: Politoed|Politoed, L50, F|100/100
|switch|p2b: Archaludon|Archaludon, L50, M|100/100
|-weather|RainDance|[from] ability: Drizzle|[of] p2a: Politoed
|-ability|p1a: Incineroar|Intimidate|boost
|-unboost|p2a: Politoed|atk|1
|-unboost|p2b: Archaludon|atk|1
|turn|1
|inactive|Battle timer is ON: inactive players will automatically lose when time's up. (requested by Ferran Tiburon)
|
|t:|1784747559
|move|p1a: Incineroar|Fake Out|p2a: Politoed
|-damage|p2a: Politoed|86/100
|move|p2b: Archaludon|Electro Shot||[still]
|-prepare|p2b: Archaludon|Electro Shot
|-boost|p2b: Archaludon|spa|1
|-anim|p2b: Archaludon|Electro Shot|p1a: Incineroar
|-damage|p1a: Incineroar|43/100
|-enditem|p1a: Incineroar|Sitrus Berry|[eat]
|-heal|p1a: Incineroar|67/100|[from] item: Sitrus Berry
|move|p1b: Venusaur|Earth Power|p2b: Archaludon
|-supereffective|p2b: Archaludon|1
|-damage|p2b: Archaludon|0 fnt
|faint|p2b: Archaludon
|-damage|p1b: Venusaur|90/100|[from] item: Life Orb
|cant|p2a: Politoed|flinch
|
|-weather|RainDance|[upkeep]
|upkeep
|inactive|elpurole has 30 seconds left.
|
|t:|1784747586
|switch|p2b: Swampert|Swampert, L50, F|100/100
|turn|2
|
|t:|1784747592
|detailschange|p2b: Swampert|Swampert-Mega, L50, F
|-mega|p2b: Swampert|Swampert|Swampertite
|move|p2b: Swampert|Protect|p2b: Swampert
|-singleturn|p2b: Swampert|Protect
|move|p1b: Venusaur|Protect|p1b: Venusaur
|-singleturn|p1b: Venusaur|Protect
|move|p2a: Politoed|Ice Beam|p1b: Venusaur
|-activate|p1b: Venusaur|move: Protect
|move|p1a: Incineroar|Parting Shot|p2a: Politoed
|-unboost|p2a: Politoed|atk|1
|-unboost|p2a: Politoed|spa|1
|
|t:|1784747598
|switch|p1a: Charizard|Charizard, L50, M|100/100|[from] Parting Shot
|
|-weather|RainDance|[upkeep]
|upkeep
|turn|3
|
|t:|1784747610
|switch|p2b: Sinistcha|Sinistcha-Masterpiece, L50|100/100
|-heal|p2a: Politoed|100/100|[from] ability: Hospitality|[of] p2b: Sinistcha
|detailschange|p1a: Charizard|Charizard-Mega-Y, L50, M
|-mega|p1a: Charizard|Charizard|Charizardite Y
|-weather|SunnyDay|[from] ability: Drought|[of] p1a: Charizard
|move|p1b: Venusaur|Leaf Storm|p2b: Sinistcha
|-resisted|p2b: Sinistcha|1
|-damage|p2b: Sinistcha|51/100
|-unboost|p1b: Venusaur|spa|2
|-damage|p1b: Venusaur|81/100|[from] item: Life Orb
|move|p1a: Charizard|Weather Ball|p2a: Politoed
|-resisted|p2a: Politoed|1
|-damage|p2a: Politoed|60/100
|move|p2a: Politoed|Weather Ball|p1b: Venusaur
|-supereffective|p1b: Venusaur|1
|-damage|p1b: Venusaur|13/100
|
|-weather|SunnyDay|[upkeep]
|upkeep
|turn|4
|inactive|elpurole has 30 seconds left.
|
|t:|1784747641
|switch|p1b: Incineroar|Incineroar, L50, M|67/100
|-ability|p1b: Incineroar|Intimidate|boost
|-unboost|p2a: Politoed|atk|1
|-unboost|p2b: Sinistcha|atk|1
|switch|p2a: Swampert|Swampert-Mega, L50, F|100/100
|move|p1a: Charizard|Heat Wave|p2b: Sinistcha|[spread] p2a
|-miss|p1a: Charizard|p2b: Sinistcha
|-resisted|p2a: Swampert|1
|-damage|p2a: Swampert|69/100
|move|p2b: Sinistcha|Shadow Ball|p1b: Incineroar
|-resisted|p1b: Incineroar|1
|-damage|p1b: Incineroar|54/100
|-unboost|p1b: Incineroar|spd|1
|
|-weather|SunnyDay|[upkeep]
|upkeep
|turn|5
|
|t:|1784747659
|switch|p1a: Garchomp|Garchomp, L50, F|100/100
|switch|p2b: Politoed|Politoed, L50, F|60/100
|-weather|RainDance|[from] ability: Drizzle|[of] p2b: Politoed
|move|p2a: Swampert|Protect|p2a: Swampert
|-singleturn|p2a: Swampert|Protect
|move|p1b: Incineroar|Parting Shot|p2a: Swampert
|-activate|p2a: Swampert|move: Protect
|
|-weather|RainDance|[upkeep]
|upkeep
|turn|6
|inactive|Ferran Tiburon has 30 seconds left.
|
|t:|1784747688
|move|p2a: Swampert|Wave Crash|p1b: Incineroar
|-supereffective|p1b: Incineroar|1
|-damage|p1b: Incineroar|0 fnt
|faint|p1b: Incineroar
|-damage|p2a: Swampert|48/100|[from] Recoil
|move|p1a: Garchomp|Earthquake|p2a: Swampert|[spread] p2a,p2b
|-damage|p2a: Swampert|12/100
|-damage|p2b: Politoed|13/100
|-enditem|p2b: Politoed|Sitrus Berry|[eat]
|-heal|p2b: Politoed|38/100|[from] item: Sitrus Berry
|move|p2b: Politoed|Ice Beam|p1a: Garchomp
|-supereffective|p1a: Garchomp|2
|-damage|p1a: Garchomp|0 fnt
|faint|p1a: Garchomp
|
|-weather|RainDance|[upkeep]
|upkeep
|
|t:|1784747694
|switch|p1a: Venusaur|Venusaur, L50, M|13/100
|switch|p1b: Charizard|Charizard-Mega-Y, L50, M|100/100
|-weather|SunnyDay|[from] ability: Drought|[of] p1b: Charizard
|turn|7
|
|t:|1784747716
|switch|p2a: Sinistcha|Sinistcha-Masterpiece, L50|51/100
|-heal|p2b: Politoed|62/100|[from] ability: Hospitality|[of] p2a: Sinistcha
|move|p1a: Venusaur|Earth Power|p2a: Sinistcha
|-resisted|p2a: Sinistcha|1
|-damage|p2a: Sinistcha|28/100
|-unboost|p2a: Sinistcha|spd|1
|-damage|p1a: Venusaur|3/100|[from] item: Life Orb
|move|p1b: Charizard|Weather Ball|p2a: Sinistcha
|-supereffective|p2a: Sinistcha|1
|-damage|p2a: Sinistcha|0 fnt
|faint|p2a: Sinistcha
|move|p2b: Politoed|Weather Ball|p1a: Venusaur
|-supereffective|p1a: Venusaur|1
|-damage|p1a: Venusaur|0 fnt
|faint|p1a: Venusaur
|
|-weather|SunnyDay|[upkeep]
|upkeep
|
|t:|1784747730
|switch|p2a: Swampert|Swampert-Mega, L50, F|12/100
|turn|8
|
|t:|1784747740
|move|p2a: Swampert|Wave Crash|p1b: Charizard
|-supereffective|p1b: Charizard|1
|-damage|p1b: Charizard|35/100
|-damage|p2a: Swampert|0 fnt|[from] Recoil
|faint|p2a: Swampert
|move|p1b: Charizard|Heat Wave|p2b: Politoed
|-resisted|p2b: Politoed|1
|-damage|p2b: Politoed|26/100
|move|p2b: Politoed|Ice Beam|p1b: Charizard
|-damage|p1b: Charizard|11/100
|
|-weather|SunnyDay|[upkeep]
|upkeep
|turn|9
|
|t:|1784747749
|move|p1b: Charizard|Weather Ball|p2b: Politoed
|-resisted|p2b: Politoed|1
|-damage|p2b: Politoed|0 fnt
|faint|p2b: Politoed
|
|win|Ferran Tiburon
||elpurole is ready for game 2.
||Ferran Tiburon is ready for game 2.
|uhtml|next|Next: Game 2 of 3
|l|☆elpurole
|player|p2|
