|j|☆SitrusC
|j|☆Sir AaronVGC
|html|SitrusCSir AaronVGC    
|uhtml|bestof|Game 3 of a best-of-3
|t:|1783532525
|gametype|doubles
|player|p1|SitrusC|lucas|
|player|p2|Sir AaronVGC|#smogonxnpa2026draftee2|
|gen|9
|tier|[Gen 9 Champions] VGC 2026 Reg M-B (Bo3)
|rule|Species Clause: Limit one of each Pokémon
|rule|Item Clause: Limit 1 of each item
|clearpoke
|poke|p1|Charizard, L50, M, shiny|
|poke|p1|Garchomp, L50, F|
|poke|p1|Kingambit, L50, F|
|poke|p1|Aerodactyl, L50, F|
|poke|p1|Sylveon, L50, F|
|poke|p1|Farigiraf, L50, F|
|poke|p2|Aerodactyl, L50, M, shiny|
|poke|p2|Sneasler, L50, F, shiny|
|poke|p2|Froslass, L50, F|
|poke|p2|Tsareena, L50, F, shiny|
|poke|p2|Kingambit, L50, F|
|poke|p2|Basculegion, L50, M|
|teampreview|4
|showteam|p1|Charizard||CharizarditeY|Blaze|Protect,HeatWave,SolarBeam,WeatherBall|Modest||M|||50|]Garchomp||LifeOrb|RoughSkin|Protect,Earthquake,DragonClaw,StompingTantrum|Jolly||F|||50|]Kingambit||FocusSash|Defiant|LowKick,IronHead,SuckerPunch,KowtowCleave|Adamant||F|||50|]Aerodactyl||Aerodactylite|Unnerve|Tailwind,IceFang,RockSlide,WideGuard|Jolly||F|||50|]Sylveon||FairyFeather|Pixilate|Protect,HyperVoice,HyperBeam,QuickAttack|Modest||F|||50|]Farigiraf||SitrusBerry|ArmorTail|TrickRoom,TwinBeam,Thunderbolt,HelpingHand|Bold||F|||50|
|showteam|p2|Aerodactyl||Aerodactylite|Unnerve|RockSlide,DualWingbeat,Tailwind,Protect|Jolly||M|||50|]Sneasler||LifeOrb|PoisonTouch|DireClaw,CloseCombat,FakeOut,Protect|Adamant||F|||50|]Froslass||Froslassite|SnowCloak|Blizzard,ShadowBall,DestinyBond,Protect|Timid||F|||50|]Tsareena||WideLens|QueenlyMajesty|PowerWhip,LowKick,TripleAxel,HelpingHand|Adamant||F|||50|]Kingambit||BlackGlasses|Defiant|KowtowCleave,SuckerPunch,SwordsDance,Protect|Adamant||F|||50|]Basculegion||FocusSash|Adaptability|Liquidation,LastRespects,AquaJet,Protect|Adamant||M|||50|
|inactive|Battle timer is ON: inactive players will automatically lose when time's up. (requested by SitrusC)
|c|☆SitrusC|Glhf
|c|☆Sir AaronVGC|glhf
|inactive|SitrusC has 60 seconds left.
|inactive|Sir AaronVGC has 60 seconds left.
|inactive|SitrusC has 30 seconds left.
|
|t:|1783532591
|teamsize|p1|4
|teamsize|p2|4
|start
|switch|p1a: Aerodactyl|Aerodactyl, L50, F|100/100
|switch|p1b: Charizard|Charizard, L50, M, shiny|100/100
|switch|p2a: Longclaw|Sneasler, L50, F, shiny|100/100
|switch|p2b: Cupid|Aerodactyl, L50, M, shiny|100/100
|-ability|p1a: Aerodactyl|Unnerve
|-ability|p2b: Cupid|Unnerve
|turn|1
|inactive|SitrusC has 30 seconds left.
|
|t:|1783532619
|detailschange|p2b: Cupid|Aerodactyl-Mega, L50, M, shiny
|-mega|p2b: Cupid|Aerodactyl|Aerodactylite
|detailschange|p1b: Charizard|Charizard-Mega-Y, L50, M, shiny
|-mega|p1b: Charizard|Charizard|Charizardite Y
|-weather|SunnyDay|[from] ability: Drought|[of] p1b: Charizard
|move|p1a: Aerodactyl|Wide Guard|p1a: Aerodactyl
|-singleturn|p1a: Aerodactyl|Wide Guard
|move|p2b: Cupid|Tailwind|p2b: Cupid
|-sidestart|p2: Sir AaronVGC|move: Tailwind
|move|p2a: Longclaw|Close Combat|p1a: Aerodactyl
|-damage|p1a: Aerodactyl|0 fnt
|-unboost|p2a: Longclaw|def|1
|-unboost|p2a: Longclaw|spd|1
|faint|p1a: Aerodactyl
|-damage|p2a: Longclaw|90/100|[from] item: Life Orb
|move|p1b: Charizard|Heat Wave|p2a: Longclaw|[spread] p2a,p2b
|-resisted|p2b: Cupid|1
|-damage|p2a: Longclaw|0 fnt
|-damage|p2b: Cupid|66/100
|faint|p2a: Longclaw
|
|-weather|SunnyDay|[upkeep]
|upkeep
|inactive|SitrusC has 30 seconds left.
|
|t:|1783532651
|switch|p1a: Kingambit|Kingambit, L50, F|100/100
|switch|p2a: Koroleva|Tsareena, L50, F, shiny|100/100
|turn|2
|
|t:|1783532672
|switch|p1a: Garchomp|Garchomp, L50, F|100/100
|move|p2b: Cupid|Rock Slide|p1b: Charizard|[spread] p1a
|-miss|p2b: Cupid|p1b: Charizard
|-resisted|p1a: Garchomp|1
|-damage|p1a: Garchomp|86/100
|move|p2a: Koroleva|Triple Axel|p1b: Charizard
|-damage|p1b: Charizard|93/100
|-damage|p1b: Charizard|79/100
|-crit|p1b: Charizard
|-damage|p1b: Charizard|53/100
|-hitcount|p1b: Charizard|3
|move|p1b: Charizard|Solar Beam||[still]
|-prepare|p1b: Charizard|Solar Beam
|-anim|p1b: Charizard|Solar Beam|p2b: Cupid
|-damage|p2b: Cupid|23/100
|
|-weather|SunnyDay|[upkeep]
|upkeep
|turn|3
|inactive|SitrusC has 30 seconds left.
|inactive|SitrusC has 20 seconds left.
|inactive|SitrusC has 15 seconds left.
|inactive|SitrusC has 10 seconds left.
|
|t:|1783532717
|switch|p1a: Kingambit|Kingambit, L50, F|100/100
|move|p1b: Charizard|Protect|p1b: Charizard
|-singleturn|p1b: Charizard|Protect
|move|p2b: Cupid|Rock Slide|p1b: Charizard|[spread] p1a
|-activate|p1b: Charizard|move: Protect
|-resisted|p1a: Kingambit|1
|-damage|p1a: Kingambit|88/100
|move|p2a: Koroleva|Triple Axel|p1a: Kingambit
|-resisted|p1a: Kingambit|1
|-damage|p1a: Kingambit|85/100
|-resisted|p1a: Kingambit|1
|-damage|p1a: Kingambit|79/100
|-resisted|p1a: Kingambit|1
|-damage|p1a: Kingambit|70/100
|-hitcount|p1a: Kingambit|3
|
|-weather|SunnyDay|[upkeep]
|upkeep
|turn|4
|inactive|SitrusC has 30 seconds left.
|inactive|SitrusC has 20 seconds left.
|inactive|SitrusC has 15 seconds left.
|
|t:|1783532761
|switch|p1a: Garchomp|Garchomp, L50, F|86/100
|move|p2b: Cupid|Rock Slide|p1a: Garchomp|[spread] p1a,p1b
|-resisted|p1a: Garchomp|1
|-supereffective|p1b: Charizard|2
|-damage|p1a: Garchomp|73/100
|-damage|p1b: Charizard|0 fnt
|faint|p1b: Charizard
|move|p2a: Koroleva|Low Kick|p1a: Garchomp
|-damage|p1a: Garchomp|45/100
|-damage|p2a: Koroleva|87/100|[from] ability: Rough Skin|[of] p1a: Garchomp
|
|-weather|SunnyDay|[upkeep]
|-sideend|p2: Sir AaronVGC|move: Tailwind
|upkeep
|
|t:|1783532774
|switch|p1b: Kingambit|Kingambit, L50, F|70/100
|turn|5
|
|t:|1783532786
|move|p2b: Cupid|Tailwind|p2b: Cupid
|-sidestart|p2: Sir AaronVGC|move: Tailwind
|move|p2a: Koroleva|Low Kick|p1b: Kingambit
|-supereffective|p1b: Kingambit|2
|-damage|p1b: Kingambit|0 fnt
|faint|p1b: Kingambit
|move|p1a: Garchomp|Dragon Claw|p2a: Koroleva
|-damage|p2a: Koroleva|30/100
|-damage|p1a: Garchomp|35/100|[from] item: Life Orb
|
|-weather|none
|upkeep
|turn|6
|
|t:|1783532799
|move|p2b: Cupid|Rock Slide|p1a: Garchomp
|-resisted|p1a: Garchomp|1
|-damage|p1a: Garchomp|19/100
|move|p2a: Koroleva|Triple Axel|p1a: Garchomp
|-supereffective|p1a: Garchomp|2
|-damage|p1a: Garchomp|0 fnt
|-damage|p2a: Koroleva|18/100|[from] ability: Rough Skin|[of] p1a: Garchomp
|faint|p1a: Garchomp
|-hitcount|p1: Garchomp|1
|
|win|Sir AaronVGC
|c|☆Sir AaronVGC|ggs
|c|☆SitrusC|Ggs wl
|c|☆SitrusC|Wp*
|l|☆SitrusC
|player|p1|
