|j|☆circuitosomador
|j|☆dabean16
|html|circuitosomadordabean16    
|uhtml|bestof|Game 2 of a best-of-3
|t:|1783052383
|gametype|doubles
|player|p1|circuitosomador|norman|1205
|player|p2|dabean16|2|1222
|gen|9
|tier|[Gen 9 Champions] VGC 2026 Reg M-B (Bo3)
|rated|
|rule|Species Clause: Limit one of each Pokémon
|rule|Item Clause: Limit 1 of each item
|clearpoke
|poke|p1|Delphox, L50, F|
|poke|p1|Floette-Eternal, L50, F|
|poke|p1|Sinistcha, L50|
|poke|p1|Basculegion, L50, M|
|poke|p1|Excadrill, L50, F|
|poke|p1|Tyranitar, L50, M|
|poke|p2|Dragonite, L50, M, shiny|
|poke|p2|Scizor, L50, F|
|poke|p2|Incineroar, L50, M|
|poke|p2|Pelipper, L50, F, shiny|
|poke|p2|Basculegion, L50, M, shiny|
|poke|p2|Archaludon, L50, F|
|teampreview|4
|showteam|p1|Delphox||Delphoxite|Blaze|Psychic,HeatWave,NastyPlot,Protect|Timid||F|||50|]Floette-Eternal||Floettite|FlowerVeil|DazzlingGleam,LightofRuin,Moonblast,Protect|Modest||F|||50|]Sinistcha||SitrusBerry|Hospitality|MatchaGotcha,RagePowder,StrengthSap,TrickRoom|Bold|||||50|]Basculegion||KasibBerry|Adaptability|LastRespects,WaveCrash,AquaJet,Protect|Adamant||M|||50|]Excadrill||FocusSash|SandRush|RockSlide,HighHorsepower,IronHead,Protect|Adamant||F|||50|]Tyranitar||ChoiceScarf|SandStream|RockSlide,KnockOff,LowKick,IcePunch|Jolly||M|||50|
|showteam|p2|Dragonite||Dragoninite|Multiscale|Tailwind,Protect,DragonPulse,Hurricane|Modest||M|||50|]Scizor||Scizorite|Technician|Protect,SwordsDance,CloseCombat,BulletPunch|Adamant||F|||50|]Incineroar||SitrusBerry|Intimidate|FakeOut,ThroatChop,PartingShot,FlareBlitz|Careful||M|||50|]Pelipper||FocusSash|Drizzle|Tailwind,Hurricane,WeatherBall,Protect|Modest||F|||50|]Basculegion||ChoiceScarf|Adaptability|LastRespects,WaveCrash,FlipTurn,AquaJet|Adamant||M|||50|]Archaludon||ChopleBerry|Stamina|ElectroShot,Protect,DragonPulse,AuraSphere|Calm||F|||50|
|
|t:|1783052418
|teamsize|p1|4
|teamsize|p2|4
|start
|switch|p1a: Delphox|Delphox, L50, F|100/100
|switch|p1b: Tyranitar|Tyranitar, L50, M|100/100
|switch|p2a: Dragonite|Dragonite, L50, M, shiny|100/100
|switch|p2b: Incineroar|Incineroar, L50, M|100/100
|-weather|Sandstorm|[from] ability: Sand Stream|[of] p1b: Tyranitar
|-ability|p2b: Incineroar|Intimidate|boost
|-unboost|p1a: Delphox|atk|1
|-unboost|p1b: Tyranitar|atk|1
|turn|1
|inactive|Battle timer is ON: inactive players will automatically lose when time's up. (requested by circuitosomador)
|
|t:|1783052484
|switch|p1a: Basculegion|Basculegion, L50, M|100/100
|switch|p2a: Pelipper|Pelipper, L50, F, shiny|100/100
|-weather|RainDance|[from] ability: Drizzle|[of] p2a: Pelipper
|move|p1b: Tyranitar|Rock Slide|p2a: Pelipper|[spread] p2a
|-miss|p1b: Tyranitar|p2b: Incineroar
|-supereffective|p2a: Pelipper|1
|-damage|p2a: Pelipper|47/100
|move|p2b: Incineroar|Throat Chop|p1a: Basculegion
|-supereffective|p1a: Basculegion|1
|-damage|p1a: Basculegion|31/100
|-start|p1a: Basculegion|Throat Chop|[silent]
|
|-weather|RainDance|[upkeep]
|upkeep
|turn|2
|inactive|dabean16 has 30 seconds left.
|
|t:|1783052516
|switch|p2b: Basculegion|Basculegion, L50, M, shiny|100/100
|move|p1b: Tyranitar|Rock Slide|p2a: Pelipper|[spread] p2a
|-miss|p1b: Tyranitar|p2b: Basculegion
|-supereffective|p2a: Pelipper|1
|-damage|p2a: Pelipper|0 fnt
|faint|p2a: Pelipper
|move|p1a: Basculegion|Wave Crash|p2b: Basculegion
|-resisted|p2b: Basculegion|1
|-damage|p2b: Basculegion|23/100
|-damage|p1a: Basculegion|6/100|[from] Recoil
|
|-weather|RainDance|[upkeep]
|-end|p1a: Basculegion|Throat Chop|[silent]
|upkeep
|j| domsertvgc
|
|t:|1783052535
|switch|p2a: Incineroar|Incineroar, L50, M|100/100
|-ability|p2a: Incineroar|Intimidate|boost
|-unboost|p1a: Basculegion|atk|1
|-unboost|p1b: Tyranitar|atk|1
|turn|3
|
|t:|1783052548
|switch|p1b: Excadrill|Excadrill, L50, F|100/100
|move|p2b: Basculegion|Flip Turn|p1b: Excadrill
|-supereffective|p1b: Excadrill|1
|-enditem|p1b: Excadrill|Focus Sash
|-damage|p1b: Excadrill|1/100
|
|t:|1783052555
|switch|p2b: Dragonite|Dragonite, L50, M, shiny|100/100|[from] Flip Turn
|move|p1a: Basculegion|Wave Crash|p2a: Incineroar
|-supereffective|p2a: Incineroar|1
|-damage|p2a: Incineroar|0 fnt
|faint|p2a: Incineroar
|-damage|p1a: Basculegion|0 fnt|[from] Recoil
|faint|p1a: Basculegion
|
|-weather|RainDance|[upkeep]
|upkeep
|
|t:|1783052573
|switch|p1a: Tyranitar|Tyranitar, L50, M|100/100
|switch|p2a: Basculegion|Basculegion, L50, M, shiny|23/100
|-weather|Sandstorm|[from] ability: Sand Stream|[of] p1a: Tyranitar
|turn|4
|
|t:|1783052595
|switch|p1a: Delphox|Delphox, L50, F|100/100
|detailschange|p2b: Dragonite|Dragonite-Mega, L50, M, shiny
|-mega|p2b: Dragonite|Dragonite|Dragoninite
|move|p1b: Excadrill|Rock Slide|p2b: Dragonite|[spread] p2a,p2b
|-supereffective|p2b: Dragonite|1
|-damage|p2a: Basculegion|0 fnt
|-damage|p2b: Dragonite|79/100
|faint|p2a: Basculegion
|move|p2b: Dragonite|Dragon Pulse|p1b: Excadrill
|-resisted|p1b: Excadrill|1
|-damage|p1b: Excadrill|0 fnt
|faint|p1b: Excadrill
|
|-weather|Sandstorm|[upkeep]
|-damage|p1a: Delphox|93/100|[from] Sandstorm
|-damage|p2b: Dragonite|73/100|[from] Sandstorm
|upkeep
|l| domsertvgc
|
|t:|1783052605
|switch|p1b: Tyranitar|Tyranitar, L50, M|100/100
|turn|5
|
|t:|1783052613
|detailschange|p1a: Delphox|Delphox-Mega, L50, F
|-mega|p1a: Delphox|Delphox|Delphoxite
|move|p2b: Dragonite|Protect|p2b: Dragonite
|-singleturn|p2b: Dragonite|Protect
|move|p1a: Delphox|Psychic|p2b: Dragonite
|-activate|p2b: Dragonite|move: Protect
|move|p1b: Tyranitar|Ice Punch|p2b: Dragonite
|-activate|p2b: Dragonite|move: Protect
|
|-weather|Sandstorm|[upkeep]
|-damage|p1a: Delphox|87/100|[from] Sandstorm
|-damage|p2b: Dragonite|67/100|[from] Sandstorm
|upkeep
|turn|6
|-message|dabean16 forfeited.
|
|win|circuitosomador
|raw|circuitosomador's rating: 1205 → 1231(+26 for winning)
|raw|dabean16's rating: 1222 → 1196(-26 for losing)
|l|☆circuitosomador
|player|p1|
