|j|☆Juanjo555
|j|☆AaravosTheGreatTwo
|html|Juanjo555AaravosTheGreatTwo    
|uhtml|bestof|Game 2 of a best-of-3
|t:|1782248333
|gametype|doubles
|player|p1|Juanjo555|266|1078
|player|p2|AaravosTheGreatTwo|102|1000
|gen|9
|tier|[Gen 9 Champions] VGC 2026 Reg M-B (Bo3)
|rated|
|rule|Species Clause: Limit one of each Pokémon
|rule|Item Clause: Limit 1 of each item
|clearpoke
|poke|p1|Archaludon, L50, M|
|poke|p1|Sinistcha-Masterpiece, L50|
|poke|p1|Swampert, L50, M|
|poke|p1|Sableye, L50, M|
|poke|p1|Pelipper, L50, F|
|poke|p1|Kingambit, L50, M|
|poke|p2|Delphox, L50, M|
|poke|p2|Sneasler, L50, M|
|poke|p2|Kingambit, L50, M|
|poke|p2|Whimsicott, L50, F|
|poke|p2|Tsareena, L50, F|
|poke|p2|Basculegion, L50, M|
|teampreview|4
|showteam|p1|Archaludon||Leftovers|Stamina|DracoMeteor,ElectroShot,Protect,FlashCannon|Calm||M|||50|]Sinistcha-Masterpiece||SitrusBerry|Hospitality|LifeDew,MatchaGotcha,TrickRoom,RagePowder|Bold|||||50|]Swampert||Swampertite|Torrent|KnockOff,WaveCrash,Protect,HighHorsepower|Adamant||M|||50|]Sableye||LightClay|Prankster|LightScreen,Reflect,RainDance,Quash|Calm||M|||50|]Pelipper||FocusSash|Drizzle|Protect,WeatherBall,Hurricane,Tailwind|Modest||F|||50|]Kingambit||ChopleBerry|Defiant|KowtowCleave,Protect,SuckerPunch,IronHead|Adamant||M|||50|
|showteam|p2|Delphox||Delphoxite|Magician|HeatWave,Psychic,NastyPlot,Protect|Timid||M|||50|]Sneasler||WhiteHerb|Unburden|FakeOut,DireClaw,CloseCombat,Protect|Adamant||M|||50|]Kingambit||BlackGlasses|Defiant|KowtowCleave,SuckerPunch,IronHead,Protect|Adamant||M|||50|]Whimsicott||FocusSash|Prankster|Tailwind,Encore,Moonblast,Protect|Bold||F|||50|]Tsareena||SitrusBerry|QueenlyMajesty|TripleAxel,LowKick,TropKick,Protect|Adamant||F|||50|]Basculegion||ChoiceScarf|Adaptability|LastRespects,WaveCrash,FlipTurn,AquaJet|Jolly||M|||50|
|inactive|Battle timer is ON: inactive players will automatically lose when time's up. (requested by AaravosTheGreatTwo)
|inactive|Juanjo555 has 60 seconds left.
|inactive|AaravosTheGreatTwo has 60 seconds left.
|
|t:|1782248380
|teamsize|p1|4
|teamsize|p2|4
|start
|switch|p1a: Archaludon|Archaludon, L50, M|100/100
|switch|p1b: Pelipper|Pelipper, L50, F|100/100
|switch|p2a: Whimsicott|Whimsicott, L50, F|100/100
|switch|p2b: Basculegion|Basculegion, L50, M|100/100
|-weather|RainDance|[from] ability: Drizzle|[of] p1b: Pelipper
|turn|1
|inactive|AaravosTheGreatTwo has 30 seconds left.
|
|t:|1782248408
|move|p1b: Pelipper|Protect|p1b: Pelipper
|-singleturn|p1b: Pelipper|Protect
|move|p2b: Basculegion|Flip Turn|p1b: Pelipper
|-activate|p1b: Pelipper|move: Protect
|move|p2a: Whimsicott|Moonblast|p1a: Archaludon
|-damage|p1a: Archaludon|60/100
|-ability|p1a: Archaludon|Stamina|boost
|-boost|p1a: Archaludon|def|1
|move|p1a: Archaludon|Electro Shot||[still]
|-prepare|p1a: Archaludon|Electro Shot
|-boost|p1a: Archaludon|spa|1
|-anim|p1a: Archaludon|Electro Shot|p2a: Whimsicott
|-resisted|p2a: Whimsicott|1
|-damage|p2a: Whimsicott|62/100
|
|-weather|RainDance|[upkeep]
|-heal|p1a: Archaludon|66/100|[from] item: Leftovers
|upkeep
|turn|2
|inactive|AaravosTheGreatTwo has 30 seconds left.
|
|t:|1782248435
|move|p2a: Whimsicott|Encore|p1b: Pelipper
|-start|p1b: Pelipper|Encore
|move|p1b: Pelipper|Protect||[still]
|-fail|p1b: Pelipper
|move|p2b: Basculegion|Flip Turn|p1b: Pelipper
|-resisted|p1b: Pelipper|1
|-damage|p1b: Pelipper|63/100
|
|t:|1782248451
|switch|p2b: Kingambit|Kingambit, L50, M|100/100|[from] Flip Turn
|move|p1a: Archaludon|Flash Cannon|p2a: Whimsicott
|-supereffective|p2a: Whimsicott|1
|-damage|p2a: Whimsicott|0 fnt
|faint|p2a: Whimsicott
|
|-weather|RainDance|[upkeep]
|-heal|p1a: Archaludon|72/100|[from] item: Leftovers
|upkeep
|
|t:|1782248461
|switch|p2a: Basculegion|Basculegion, L50, M|100/100
|turn|3
|inactive|AaravosTheGreatTwo has 30 seconds left.
|inactive|AaravosTheGreatTwo has 20 seconds left.
|inactive|AaravosTheGreatTwo has 15 seconds left.
|inactive|AaravosTheGreatTwo has 10 seconds left.
|
|t:|1782248507
|switch|p1b: Kingambit|Kingambit, L50, M|100/100
|move|p1a: Archaludon|Protect|p1a: Archaludon
|-singleturn|p1a: Archaludon|Protect
|move|p2a: Basculegion|Last Respects|p1a: Archaludon
|-activate|p1a: Archaludon|move: Protect
|move|p2b: Kingambit|Kowtow Cleave|p1b: Kingambit
|-resisted|p1b: Kingambit|1
|-damage|p1b: Kingambit|77/100
|
|-weather|RainDance|[upkeep]
|-heal|p1a: Archaludon|78/100|[from] item: Leftovers
|upkeep
|turn|4
|inactive|Juanjo555 has 30 seconds left.
|inactive|AaravosTheGreatTwo has 30 seconds left.
|
|t:|1782248541
|switch|p2b: Tsareena|Tsareena, L50, F|100/100
|move|p1b: Kingambit|Sucker Punch||[still]
|cant|p2b: Tsareena|ability: Queenly Majesty|Sucker Punch|[of] p1b: Kingambit
|move|p2a: Basculegion|Last Respects|p1a: Archaludon
|-damage|p1a: Archaludon|41/100
|-ability|p1a: Archaludon|Stamina|boost
|-boost|p1a: Archaludon|def|1
|move|p1a: Archaludon|Electro Shot||[still]
|-prepare|p1a: Archaludon|Electro Shot
|-boost|p1a: Archaludon|spa|1
|-anim|p1a: Archaludon|Electro Shot|p2b: Tsareena
|-resisted|p2b: Tsareena|1
|-damage|p2b: Tsareena|65/100
|
|-weather|RainDance|[upkeep]
|-heal|p1a: Archaludon|47/100|[from] item: Leftovers
|upkeep
|turn|5
|inactive|Juanjo555 has 30 seconds left.
|
|t:|1782248568
|switch|p1b: Sinistcha|Sinistcha-Masterpiece, L50|100/100
|-heal|p1a: Archaludon|72/100|[from] ability: Hospitality|[of] p1b: Sinistcha
|move|p1a: Archaludon|Protect|p1a: Archaludon
|-singleturn|p1a: Archaludon|Protect
|move|p2a: Basculegion|Last Respects|p1a: Archaludon
|-activate|p1a: Archaludon|move: Protect
|move|p2b: Tsareena|Low Kick|p1b: Sinistcha
|-immune|p1b: Sinistcha
|
|-weather|none
|-heal|p1a: Archaludon|78/100|[from] item: Leftovers
|upkeep
|turn|6
|
|t:|1782248590
|switch|p1b: Pelipper|Pelipper, L50, F|63/100
|-weather|RainDance|[from] ability: Drizzle|[of] p1b: Pelipper
|move|p2a: Basculegion|Last Respects|p1b: Pelipper
|-damage|p1b: Pelipper|0 fnt
|faint|p1b: Pelipper
|move|p1a: Archaludon|Flash Cannon|p2b: Tsareena
|-damage|p2b: Tsareena|0 fnt
|faint|p2b: Tsareena
|
|-weather|RainDance|[upkeep]
|-heal|p1a: Archaludon|84/100|[from] item: Leftovers
|upkeep
|
|t:|1782248605
|switch|p2b: Kingambit|Kingambit, L50, M|100/100
|switch|p1b: Kingambit|Kingambit, L50, M|77/100
|turn|7
|
|t:|1782248626
|move|p2b: Kingambit|Sucker Punch|p1a: Archaludon
|-damage|p1a: Archaludon|62/100
|-ability|p1a: Archaludon|Stamina|boost
|-boost|p1a: Archaludon|def|1
|move|p1b: Kingambit|Sucker Punch|p2a: Basculegion
|-supereffective|p2a: Basculegion|1
|-damage|p2a: Basculegion|0 fnt
|faint|p2a: Basculegion
|move|p1a: Archaludon|Electro Shot||[still]
|-prepare|p1a: Archaludon|Electro Shot
|-boost|p1a: Archaludon|spa|1
|-anim|p1a: Archaludon|Electro Shot|p2b: Kingambit
|-damage|p2b: Kingambit|13/100
|
|-weather|RainDance|[upkeep]
|-heal|p1a: Archaludon|68/100|[from] item: Leftovers
|upkeep
|turn|8
|-message|AaravosTheGreatTwo forfeited.
|
|win|Juanjo555
|l|☆AaravosTheGreatTwo
|player|p2|
|j|☆AaravosTheGreatTwo
|player|p2|AaravosTheGreatTwo|102|
||AaravosTheGreatTwo is ready for game 3.
||Juanjo555 is ready for game 3.
|uhtml|next|Next: Game 3 of 3
|l|☆Juanjo555
|player|p1|
