|j|☆smalltownkirlia
|j|☆uubbll
|html|smalltownkirliauubbll    
|uhtml|bestof|Game 1 of a best-of-3
|t:|1757206230
|gametype|doubles
|player|p1|smalltownkirlia|whitney|1095
|player|p2|uubbll|drayden|1000
|gen|9
|tier|[Gen 9] VGC 2025 Reg H (Bo3)
|rated|
|rule|Species Clause: Limit one of each Pokémon
|rule|Item Clause: Limit 1 of each item
|clearpoke
|poke|p1|Dragonite, L50, M|
|poke|p1|Ursaluna-Bloodmoon, L50, M|
|poke|p1|Gholdengo, L50|
|poke|p1|Maushold-Four, L50|
|poke|p1|Annihilape, L50, F|
|poke|p1|Rillaboom, L50, M|
|poke|p2|Pelipper, L50, M|
|poke|p2|Archaludon, L50, F|
|poke|p2|Basculegion, L50, M|
|poke|p2|Incineroar, L50, F|
|poke|p2|Electrode-Hisui, L50|
|poke|p2|Farigiraf, L50, F|
|teampreview|4
|showteam|p1|Dragonite||LoadedDice|Multiscale|ScaleShot,Tailwind,Haze,Protect|||M|||50|,,,,,Steel]Ursaluna-Bloodmoon||AssaultVest|MindsEye|BloodMoon,EarthPower,HyperVoice,VacuumWave|||M|||50|,,,,,Water]Gholdengo||LifeOrb|GoodasGold|MakeItRain,ShadowBall,NastyPlot,Protect||||||50|,,,,,Water]Maushold-Four||FocusSash|FriendGuard|SuperFang,FollowMe,BeatUp,Protect||||||50|,,,,,Ghost]Annihilape||SitrusBerry|Defiant|RageFist,DrainPunch,BulkUp,Protect|||F|||50|,,,,,Fire]Rillaboom||MiracleSeed|GrassySurge|WoodHammer,GrassyGlide,HighHorsepower,FakeOut|||M|||50|,,,,,Fire
|showteam|p2|Pelipper||FocusSash|Drizzle|Tailwind,IcyWind,WideGuard,Hurricane|||M|||50|,,,,,Steel]Archaludon||AssaultVest|Stamina|FlashCannon,DracoMeteor,ElectroShot,BodyPress|||F|||50|,,,,,Grass]Basculegion||LifeOrb|SwiftSwim|WaveCrash,LastRespects,FlipTurn,PsychicFangs|||M|||50|,,,,,Water]Incineroar||SafetyGoggles|Intimidate|KnockOff,FakeOut,PartingShot,Protect|||F|||50|,,,,,Ghost]Electrode-Hisui||LoadedDice|Static|BulletSeed,Taunt,ThunderWave,VoltSwitch||||||50|,,,,,Steel]Farigiraf||ThroatSpray|ArmorTail|HyperVoice,DazzlingGleam,CalmMind,BatonPass|||F|||50|,,,,,Fairy
|inactive|Battle timer is ON: inactive players will automatically lose when time's up. (requested by uubbll)
|inactive|smalltownkirlia also wants the timer to be on.
|
|t:|1757206253
|teamsize|p1|4
|teamsize|p2|4
|start
|switch|p1a: Ursaluna|Ursaluna-Bloodmoon, L50, M|100/100
|switch|p1b: Maushold|Maushold-Four, L50|100/100
|switch|p2a: Archaludon|Archaludon, L50, F|100/100
|switch|p2b: Electrode|Electrode-Hisui, L50|100/100
|turn|1
|inactive|smalltownkirlia has 30 seconds left.
|
|t:|1757206278
|move|p1b: Maushold|Follow Me|p1b: Maushold
|-singleturn|p1b: Maushold|move: Follow Me
|move|p2b: Electrode|Bullet Seed|p1b: Maushold
|-damage|p1b: Maushold|95/100
|-damage|p1b: Maushold|89/100
|-crit|p1b: Maushold
|-damage|p1b: Maushold|80/100
|-damage|p1b: Maushold|74/100
|-hitcount|p1b: Maushold|4
|move|p2a: Archaludon|Body Press|p1b: Maushold
|-supereffective|p1b: Maushold
|-damage|p1b: Maushold|15/100
|move|p1a: Ursaluna|Earth Power|p2a: Archaludon
|-supereffective|p2a: Archaludon
|-damage|p2a: Archaludon|21/100
|-ability|p2a: Archaludon|Stamina|boost
|-boost|p2a: Archaludon|def|1
|
|upkeep
|turn|2
|inactive|uubbll has 30 seconds left.
|inactive|smalltownkirlia has 30 seconds left.
|
|t:|1757206312
|switch|p1b: Gholdengo|Gholdengo, L50|100/100
|move|p2b: Electrode|Bullet Seed|p2a: Archaludon
|-resisted|p2a: Archaludon
|-damage|p2a: Archaludon|21/100
|-ability|p2a: Archaludon|Stamina|boost
|-boost|p2a: Archaludon|def|1
|-resisted|p2a: Archaludon
|-damage|p2a: Archaludon|20/100
|-ability|p2a: Archaludon|Stamina|boost
|-boost|p2a: Archaludon|def|1
|-resisted|p2a: Archaludon
|-damage|p2a: Archaludon|20/100
|-ability|p2a: Archaludon|Stamina|boost
|-boost|p2a: Archaludon|def|1
|-resisted|p2a: Archaludon
|-damage|p2a: Archaludon|19/100
|-ability|p2a: Archaludon|Stamina|boost
|-boost|p2a: Archaludon|def|1
|-resisted|p2a: Archaludon
|-damage|p2a: Archaludon|18/100
|-ability|p2a: Archaludon|Stamina|boost
|-boost|p2a: Archaludon|def|1
|-hitcount|p2a: Archaludon|5
|move|p2a: Archaludon|Body Press|p1a: Ursaluna
|-supereffective|p1a: Ursaluna
|-damage|p1a: Ursaluna|0 fnt
|faint|p1a: Ursaluna
|
|upkeep
|
|t:|1757206320
|switch|p1a: Maushold|Maushold-Four, L50|15/100
|turn|3
|
|t:|1757206343
|move|p1a: Maushold|Protect|p1a: Maushold
|-singleturn|p1a: Maushold|Protect
|move|p2b: Electrode|Volt Switch|p1b: Gholdengo
|-damage|p1b: Gholdengo|85/100
|inactive|uubbll has 30 seconds left.
|inactive|uubbll has 20 seconds left.
|inactive|uubbll has 15 seconds left.
|
|t:|1757206383
|switch|p2b: Basculegion|Basculegion, L50, M|100/100|[from] Volt Switch
|move|p1b: Gholdengo|Nasty Plot|p1b: Gholdengo
|-boost|p1b: Gholdengo|spa|2
|move|p2a: Archaludon|Body Press|p1a: Maushold
|-activate|p1a: Maushold|move: Protect
|
|upkeep
|turn|4
|
|t:|1757206403
|switch|p2a: Pelipper|Pelipper, L50, M|100/100
|-weather|RainDance|[from] ability: Drizzle|[of] p2a: Pelipper
|-terastallize|p1b: Gholdengo|Water
|-terastallize|p2b: Basculegion|Water
|move|p1a: Maushold|Follow Me|p1a: Maushold
|-singleturn|p1a: Maushold|move: Follow Me
|move|p2b: Basculegion|Wave Crash|p1a: Maushold
|-damage|p1a: Maushold|0 fnt
|faint|p1a: Maushold
|-damage|p2b: Basculegion|96/100|[from] Recoil
|-damage|p2b: Basculegion|87/100|[from] item: Life Orb
|move|p1b: Gholdengo|Make It Rain|p2a: Pelipper|[spread] p2a,p2b
|-resisted|p2a: Pelipper
|-resisted|p2b: Basculegion
|-damage|p2a: Pelipper|26/100
|-damage|p2b: Basculegion|17/100
|-unboost|p1b: Gholdengo|spa|1
|-damage|p1b: Gholdengo|75/100|[from] item: Life Orb
|
|-weather|RainDance|[upkeep]
|upkeep
|
|t:|1757206418
|switch|p1a: Dragonite|Dragonite, L50, M|100/100
|turn|5
|
|t:|1757206426
|move|p1b: Gholdengo|Protect|p1b: Gholdengo
|-singleturn|p1b: Gholdengo|Protect
|move|p2b: Basculegion|Wave Crash|p1b: Gholdengo
|-activate|p1b: Gholdengo|move: Protect
|move|p1a: Dragonite|Scale Shot|p2a: Pelipper
|-damage|p2a: Pelipper|12/100
|-damage|p2a: Pelipper|0 fnt
|faint|p2a: Pelipper
|-hitcount|p2: Pelipper|2
|-unboost|p1a: Dragonite|def|1
|-boost|p1a: Dragonite|spe|1
|
|-weather|RainDance|[upkeep]
|upkeep
|
|t:|1757206446
|switch|p2a: Electrode|Electrode-Hisui, L50|100/100
|turn|6
|
|t:|1757206464
|move|p2b: Basculegion|Last Respects|p1a: Dragonite
|-damage|p1a: Dragonite|41/100
|-damage|p2b: Basculegion|7/100|[from] item: Life Orb
|move|p2a: Electrode|Bullet Seed|p1b: Gholdengo
|-supereffective|p1b: Gholdengo
|-damage|p1b: Gholdengo|64/100
|-supereffective|p1b: Gholdengo
|-damage|p1b: Gholdengo|54/100
|-supereffective|p1b: Gholdengo
|-damage|p1b: Gholdengo|43/100
|-supereffective|p1b: Gholdengo
|-damage|p1b: Gholdengo|32/100
|-hitcount|p1b: Gholdengo|4
|move|p1a: Dragonite|Tailwind|p1a: Dragonite
|-sidestart|p1: smalltownkirlia|move: Tailwind
|move|p1b: Gholdengo|Make It Rain|p2b: Basculegion|[spread] p2a,p2b
|-resisted|p2a: Electrode
|-resisted|p2b: Basculegion
|-damage|p2a: Electrode|45/100
|-damage|p2b: Basculegion|0 fnt
|-unboost|p1b: Gholdengo|spa|1
|faint|p2b: Basculegion
|-damage|p1b: Gholdengo|23/100|[from] item: Life Orb
|
|-weather|RainDance|[upkeep]
|upkeep
|
|t:|1757206487
|switch|p2b: Archaludon|Archaludon, L50, F|18/100
|turn|7
|
|t:|1757206505
|move|p1a: Dragonite|Scale Shot|p2a: Electrode|[miss]
|-miss|p1a: Dragonite|p2a: Electrode
|move|p1b: Gholdengo|Make It Rain|p2a: Electrode|[spread] p2a,p2b
|-resisted|p2a: Electrode
|-resisted|p2b: Archaludon
|-damage|p2a: Electrode|8/100
|-damage|p2b: Archaludon|0 fnt
|-unboost|p1b: Gholdengo|spa|1
|faint|p2b: Archaludon
|-damage|p1b: Gholdengo|14/100|[from] item: Life Orb
|move|p2a: Electrode|Bullet Seed|p1b: Gholdengo
|-supereffective|p1b: Gholdengo
|-damage|p1b: Gholdengo|3/100
|-supereffective|p1b: Gholdengo
|-damage|p1b: Gholdengo|0 fnt
|faint|p1b: Gholdengo
|-hitcount|p1: Gholdengo|2
|
|-weather|RainDance|[upkeep]
|upkeep
|turn|8
|inactive|uubbll has 30 seconds left.
|inactive|uubbll has 20 seconds left.
|
|t:|1757206543
|move|p1a: Dragonite|Scale Shot|p2a: Electrode
|-damage|p2a: Electrode|0 fnt
|faint|p2a: Electrode
|-hitcount|p2: Electrode|1
|
|win|smalltownkirlia
||uubbll is ready for game 2.
