|j|☆luckstat10
|j|☆hexagonfoot
|html|luckstat10hexagonfoot    
|uhtml|bestof|Game 2 of a best-of-3
|t:|1757912060
|gametype|doubles
|player|p1|luckstat10|dawn|1154
|player|p2|hexagonfoot|caitlin|1251
|gen|9
|tier|[Gen 9] VGC 2025 Reg H (Bo3)
|rated|
|rule|Species Clause: Limit one of each Pokémon
|rule|Item Clause: Limit 1 of each item
|clearpoke
|poke|p1|Rillaboom, L50, M|
|poke|p1|Volcarona, L50, F|
|poke|p1|Incineroar, L50, M|
|poke|p1|Ninetales-Alola, L50, F|
|poke|p1|Annihilape, L50, M|
|poke|p1|Dragonite, L50, M|
|poke|p2|Gholdengo, L50|
|poke|p2|Sneasler, L50, M|
|poke|p2|Rillaboom, L50, F|
|poke|p2|Dragonite, L50, M|
|poke|p2|Ninetales-Alola, L50, M|
|poke|p2|Arcanine-Hisui, L50, M|
|teampreview|4
|showteam|p1|Rillaboom||AssaultVest|GrassySurge|FakeOut,WoodHammer,GrassyGlide,HighHorsepower|||M|||50|,,,,,Fire]Volcarona||GrassySeed|FlameBody|QuiverDance,HeatWave,GigaDrain,Protect|||F|||50|,,,,,Grass]Incineroar||SafetyGoggles|Intimidate|FakeOut,KnockOff,FlareBlitz,Taunt|||M|||50|,,,,,Ghost]Ninetales-Alola||CovertCloak|SnowWarning|AuroraVeil,Blizzard,Moonblast,Protect|||F|||50|,,,,,Poison]Annihilape||Leftovers|Defiant|BulkUp,RageFist,DrainPunch,Protect|||M|||50|,,,,,Water]Dragonite||LoadedDice|Multiscale|Tailwind,ScaleShot,Haze,Protect|||M|||50|,,,,,Fairy
|showteam|p2|Gholdengo||GrassySeed|GoodasGold|NastyPlot,MakeItRain,ShadowBall,Protect||||||50|,,,,,Water]Sneasler||WhiteHerb|Unburden|CloseCombat,DireClaw,Coaching,Protect|||M|||50|,,,,,Ghost]Rillaboom||AssaultVest|GrassySurge|FakeOut,GrassyGlide,DrumBeating,HighHorsepower|||F|||50|,,,,,Fire]Dragonite||LoadedDice|Multiscale|ScaleShot,StompingTantrum,Tailwind,Protect|||M|||50|,,,,,Ground]Ninetales-Alola||FocusSash|SnowWarning|Blizzard,IcyWind,Encore,AuroraVeil|||M|||50|,,,,,Ghost]Arcanine-Hisui||ClearAmulet|Intimidate|RockSlide,FlareBlitz,ExtremeSpeed,Protect|||M|||50|,,,,,Water
|
|t:|1757912109
|teamsize|p1|4
|teamsize|p2|4
|start
|switch|p1a: Mothers|Volcarona, L50, F, shiny|100/100
|switch|p1b: Mittens|Incineroar, L50, M, shiny|100/100
|switch|p2a: Canada Water|Ninetales-Alola, L50, M|100/100
|switch|p2b: Romford|Dragonite, L50, M|100/100
|-weather|Snowscape|[from] ability: Snow Warning|[of] p2a: Canada Water
|-ability|p1b: Mittens|Intimidate|boost
|-unboost|p2a: Canada Water|atk|1
|-unboost|p2b: Romford|atk|1
|turn|1
|
|t:|1757912136
|-terastallize|p2a: Canada Water|Ghost
|move|p2b: Romford|Protect|p2b: Romford
|-singleturn|p2b: Romford|Protect
|move|p2a: Canada Water|Encore||[still]
|-fail|p2a: Canada Water
|move|p1a: Mothers|Quiver Dance|p1a: Mothers
|-boost|p1a: Mothers|spa|1
|-boost|p1a: Mothers|spd|1
|-boost|p1a: Mothers|spe|1
|move|p1b: Mittens|Flare Blitz|p2a: Canada Water
|-damage|p2a: Canada Water|35/100
|-damage|p1b: Mittens|85/100|[from] Recoil
|
|-weather|Snowscape|[upkeep]
|upkeep
|turn|2
|
|t:|1757912152
|switch|p2a: Barking Riverside|Arcanine-Hisui, L50, M|100/100
|-ability|p2a: Barking Riverside|Intimidate|boost
|-unboost|p1a: Mothers|atk|1
|-unboost|p1b: Mittens|atk|1
|move|p1a: Mothers|Heat Wave|p2a: Barking Riverside|[spread] p2a,p2b
|-resisted|p2a: Barking Riverside
|-resisted|p2b: Romford
|-damage|p2a: Barking Riverside|82/100
|-damage|p2b: Romford|85/100
|move|p2b: Romford|Scale Shot|p1a: Mothers
|-damage|p1a: Mothers|89/100
|-damage|p1a: Mothers|77/100
|-damage|p1a: Mothers|65/100
|-damage|p1a: Mothers|53/100
|-damage|p1a: Mothers|42/100
|-hitcount|p1a: Mothers|5
|-unboost|p2b: Romford|def|1
|-boost|p2b: Romford|spe|1
|move|p1b: Mittens|Knock Off|p2b: Romford
|-damage|p2b: Romford|41/100
|-enditem|p2b: Romford|Loaded Dice|[from] move: Knock Off|[of] p1b: Mittens
|
|-weather|Snowscape|[upkeep]
|upkeep
|turn|3
|
|t:|1757912180
|move|p1a: Mothers|Protect|p1a: Mothers
|-singleturn|p1a: Mothers|Protect
|move|p2b: Romford|Tailwind|p2b: Romford
|-sidestart|p2: hexagonfoot|move: Tailwind
|move|p2a: Barking Riverside|Rock Slide|p1a: Mothers|[spread] p1b
|-activate|p1a: Mothers|move: Protect
|-supereffective|p1b: Mittens
|-damage|p1b: Mittens|45/100
|move|p1b: Mittens|Knock Off|p2a: Barking Riverside
|-damage|p2a: Barking Riverside|50/100
|-enditem|p2a: Barking Riverside|Clear Amulet|[from] move: Knock Off|[of] p1b: Mittens
|
|-weather|Snowscape|[upkeep]
|upkeep
|turn|4
|
|t:|1757912206
|switch|p1b: Annihilape|Annihilape, L50, M, shiny|100/100
|move|p2b: Romford|Scale Shot|p1b: Annihilape
|-damage|p1b: Annihilape|90/100
|-damage|p1b: Annihilape|79/100
|-damage|p1b: Annihilape|68/100
|-damage|p1b: Annihilape|58/100
|-hitcount|p1b: Annihilape|4
|-unboost|p2b: Romford|def|1
|-boost|p2b: Romford|spe|1
|move|p2a: Barking Riverside|Rock Slide|p1b: Annihilape|[spread] p1a
|-miss|p2a: Barking Riverside|p1b: Annihilape
|-supereffective|p1a: Mothers
|-damage|p1a: Mothers|0 fnt
|faint|p1a: Mothers
|
|-weather|Snowscape|[upkeep]
|-heal|p1b: Annihilape|64/100|[from] item: Leftovers
|upkeep
|
|t:|1757912209
|switch|p1a: Mittens|Incineroar, L50, M, shiny|45/100
|-ability|p1a: Mittens|Intimidate|boost
|-unboost|p2a: Barking Riverside|atk|1
|-unboost|p2b: Romford|atk|1
|turn|5
|
|t:|1757912237
|move|p1a: Mittens|Fake Out|p2b: Romford
|-damage|p2b: Romford|15/100
|cant|p2b: Romford|flinch
|move|p2a: Barking Riverside|Flare Blitz|p1b: Annihilape
|-damage|p1b: Annihilape|27/100
|-damage|p2a: Barking Riverside|36/100|[from] Recoil
|move|p1b: Annihilape|Bulk Up|p1b: Annihilape
|-boost|p1b: Annihilape|atk|1
|-boost|p1b: Annihilape|def|1
|
|-weather|none
|-heal|p1b: Annihilape|34/100|[from] item: Leftovers
|upkeep
|turn|6
|
|t:|1757912256
|move|p2b: Romford|Protect|p2b: Romford
|-singleturn|p2b: Romford|Protect
|move|p2a: Barking Riverside|Protect|p2a: Barking Riverside
|-singleturn|p2a: Barking Riverside|Protect
|move|p1b: Annihilape|Protect|p1b: Annihilape
|-singleturn|p1b: Annihilape|Protect
|move|p1a: Mittens|Flare Blitz|p2a: Barking Riverside
|-activate|p2a: Barking Riverside|move: Protect
|
|-heal|p1b: Annihilape|40/100|[from] item: Leftovers
|-sideend|p2: hexagonfoot|move: Tailwind
|upkeep
|turn|7
|
|t:|1757912275
|switch|p1a: Dragonite|Dragonite, L50, M, shiny|100/100
|move|p2b: Romford|Tailwind|p2b: Romford
|-sidestart|p2: hexagonfoot|move: Tailwind
|move|p2a: Barking Riverside|Rock Slide|p1b: Annihilape|[spread] p1a,p1b
|-supereffective|p1a: Dragonite
|-resisted|p1b: Annihilape
|-damage|p1a: Dragonite|81/100
|-damage|p1b: Annihilape|34/100
|move|p1b: Annihilape|Drain Punch|p2a: Barking Riverside
|-supereffective|p2a: Barking Riverside
|-damage|p2a: Barking Riverside|0 fnt
|-heal|p1b: Annihilape|49/100|[from] drain|[of] p2a: Barking Riverside
|faint|p2a: Barking Riverside
|
|-heal|p1b: Annihilape|55/100|[from] item: Leftovers
|upkeep
|
|t:|1757912291
|switch|p2a: Canada Water|Ninetales-Alola, L50, M, tera:Ghost|35/100
|-weather|Snowscape|[from] ability: Snow Warning|[of] p2a: Canada Water
|turn|8
|
|t:|1757912310
|switch|p1a: Mittens|Incineroar, L50, M, shiny|45/100
|-ability|p1a: Mittens|Intimidate|boost
|-unboost|p2a: Canada Water|atk|1
|-unboost|p2b: Romford|atk|1
|move|p1b: Annihilape|Protect|p1b: Annihilape
|-singleturn|p1b: Annihilape|Protect
|move|p2b: Romford|Scale Shot|p1a: Mittens
|-damage|p1a: Mittens|40/100
|-damage|p1a: Mittens|35/100
|-hitcount|p1a: Mittens|2
|-unboost|p2b: Romford|def|1
|-boost|p2b: Romford|spe|1
|move|p2a: Canada Water|Encore|p1b: Annihilape
|-activate|p1b: Annihilape|move: Protect
|
|-weather|Snowscape|[upkeep]
|-heal|p1b: Annihilape|61/100|[from] item: Leftovers
|upkeep
|turn|9
|
|t:|1757912338
|switch|p2b: Euston|Sneasler, L50, M|100/100
|move|p2a: Canada Water|Encore|p1b: Annihilape
|-start|p1b: Annihilape|Encore
|move|p1b: Annihilape|Protect|p1b: Annihilape
|-singleturn|p1b: Annihilape|Protect
|move|p1a: Mittens|Knock Off|p2b: Euston
|-resisted|p2b: Euston
|-damage|p2b: Euston|77/100
|-enditem|p2b: Euston|White Herb|[from] move: Knock Off|[of] p1a: Mittens
|
|-weather|Snowscape|[upkeep]
|-heal|p1b: Annihilape|67/100|[from] item: Leftovers
|upkeep
|turn|10
|
|t:|1757912359
|switch|p1a: Dragonite|Dragonite, L50, M, shiny|81/100
|move|p1b: Annihilape|Protect||[still]
|-fail|p1b: Annihilape
|move|p2b: Euston|Close Combat|p1a: Dragonite
|-resisted|p1a: Dragonite
|-damage|p1a: Dragonite|48/100
|-unboost|p2b: Euston|def|1
|-unboost|p2b: Euston|spd|1
|move|p2a: Canada Water|Blizzard|p1b: Annihilape|[spread] p1a,p1b
|-supereffective|p1a: Dragonite
|-damage|p1a: Dragonite|0 fnt
|-damage|p1b: Annihilape|41/100
|-status|p1b: Annihilape|frz
|faint|p1a: Dragonite
|
|-weather|Snowscape|[upkeep]
|-heal|p1b: Annihilape|48/100 frz|[from] item: Leftovers
|-sideend|p2: hexagonfoot|move: Tailwind
|upkeep
|
|t:|1757912362
|switch|p1a: Mittens|Incineroar, L50, M, shiny|35/100
|-ability|p1a: Mittens|Intimidate|boost
|-unboost|p2a: Canada Water|atk|1
|-unboost|p2b: Euston|atk|1
|turn|11
|
|t:|1757912371
|-terastallize|p1a: Mittens|Ghost
|cant|p1b: Annihilape|frz
|move|p2b: Euston|Close Combat|p1a: Mittens
|-immune|p1a: Mittens
|move|p2a: Canada Water|Blizzard|p1b: Annihilape|[spread] p1a,p1b
|-damage|p1a: Mittens|9/100
|-damage|p1b: Annihilape|20/100 frz
|move|p1a: Mittens|Knock Off|p2a: Canada Water
|-supereffective|p2a: Canada Water
|-damage|p2a: Canada Water|0 fnt
|-enditem|p2a: Canada Water|Focus Sash|[from] move: Knock Off|[of] p1a: Mittens
|faint|p2a: Canada Water
|
|-weather|Snowscape|[upkeep]
|-heal|p1b: Annihilape|26/100 frz|[from] item: Leftovers
|-end|p1b: Annihilape|Encore
|upkeep
|
|t:|1757912378
|switch|p2a: Romford|Dragonite, L50, M|15/100
|turn|12
|
|t:|1757912393
|move|p2b: Euston|Dire Claw|p1a: Mittens
|-resisted|p1a: Mittens
|-damage|p1a: Mittens|0 fnt
|faint|p1a: Mittens
|cant|p1b: Annihilape|frz
|move|p2a: Romford|Scale Shot|p1b: Annihilape
|-damage|p1b: Annihilape|16/100 frz
|-damage|p1b: Annihilape|6/100 frz
|-hitcount|p1b: Annihilape|2
|-unboost|p2a: Romford|def|1
|-boost|p2a: Romford|spe|1
|
|-weather|none
|-heal|p1b: Annihilape|12/100 frz|[from] item: Leftovers
|upkeep
|turn|13
|
|t:|1757912402
|move|p2b: Euston|Dire Claw|p1b: Annihilape
|-resisted|p1b: Annihilape
|-damage|p1b: Annihilape|3/100 frz
|move|p2a: Romford|Scale Shot|p1b: Annihilape
|-damage|p1b: Annihilape|0 fnt
|faint|p1b: Annihilape
|-hitcount|p1: Annihilape|1
|
|win|hexagonfoot
||hexagonfoot is ready for game 3.
||luckstat10 is ready for game 3.
|uhtml|next|Next: Game 3 of 3
|l|☆luckstat10
|player|p1|
