|j|☆asmrticuno
|j|☆ChaoticEspeon
|html|asmrticunoChaoticEspeon    
|uhtml|bestof|Game 1 of a best-of-3
|t:|1782662413
|gametype|doubles
|player|p1|asmrticuno|roughneck-gen4|
|player|p2|ChaoticEspeon|2|
|gen|9
|tier|[Gen 9 Champions] VGC 2026 Reg M-B (Bo3)
|rule|Species Clause: Limit one of each Pokémon
|rule|Item Clause: Limit 1 of each item
|clearpoke
|poke|p1|Pyroar, L50, M|
|poke|p1|Sylveon, L50, F, shiny|
|poke|p1|Manectric, L50, M|
|poke|p1|Gyarados, L50, M, shiny|
|poke|p1|Zoroark-Hisui, L50, F, shiny|
|poke|p1|Whimsicott, L50, F|
|poke|p2|Mawile, L50, F|
|poke|p2|Farigiraf, L50, F|
|poke|p2|Kangaskhan, L50, F|
|poke|p2|Torkoal, L50, F|
|poke|p2|Venusaur, L50, M|
|poke|p2|Pyroar, L50, F|
|teampreview|4
|showteam|p1|Pyroar||Pyroarite|Unnerve|HeatWave,Round,WillOWisp,Protect|Timid||M|||50|]Sylveon||FairyFeather|Pixilate|HyperVoice,Round,WeatherBall,Detect|Modest||F|||50|]Manectric||Manectite|LightningRod|VoltSwitch,Snarl,Round,Protect|Timid||M|||50|]Gyarados||Leftovers|Intimidate|Waterfall,PowerWhip,DragonDance,Protect|Adamant||M|||50|]Zoroark-Hisui||ChoiceScarf|Illusion|HyperVoice,Round,BitterMalice,Flamethrower|Modest||F|||50|]Whimsicott||FocusSash|Prankster|Moonblast,Tailwind,SunnyDay,Protect|Timid||F|||50|
|showteam|p2|Mawile||Mawilite|Intimidate|Protect,BrickBreak,PlayRough,SuckerPunch|Brave||F|||50|]Farigiraf||SitrusBerry|ArmorTail|HelpingHand,PsychicFangs,TrickRoom,Thunderbolt|Quiet||F|||50|]Kangaskhan||SilkScarf|Scrappy|FakeOut,LastResort|Adamant||F|||50|]Torkoal||Charcoal|Drought|Protect,Eruption,WeatherBall,EarthPower|Quiet||F|||50|]Venusaur||LifeOrb|Chlorophyll|LeafStorm,SludgeBomb,EarthPower,Protect|Modest||M|||50|]Pyroar||Pyroarite|Unnerve|HeatWave,Overheat,SolarBeam,Protect|Timid||F|||50|
|j| the gong lady
|j| RadiantSteelix
|c|☆ChaoticEspeon|(pop the timer on when you're ready, idk if we're waiting for anyone)
|inactive|Battle timer is ON: inactive players will automatically lose when time's up. (requested by asmrticuno)
|
|t:|1782662586
|teamsize|p1|4
|teamsize|p2|4
|start
|switch|p1a: Sylveon|Sylveon, L50, F, shiny|100/100
|switch|p1b: Pyroar|Pyroar, L50, M|100/100
|switch|p2a: Kangaskhan|Kangaskhan, L50, F|100/100
|switch|p2b: Farigiraf|Farigiraf, L50, F|100/100
|-ability|p1b: Pyroar|Unnerve
|turn|1
|inactive|asmrticuno has 30 seconds left.
|inactive|asmrticuno has 20 seconds left.
|inactive|asmrticuno has 15 seconds left.
|
|t:|1782662629
|move|p2a: Kangaskhan|Fake Out|p1b: Pyroar
|-damage|p1b: Pyroar|66/100
|move|p1a: Sylveon|Hyper Voice|p2b: Farigiraf|[spread] p2a,p2b
|-damage|p2a: Kangaskhan|65/100
|-damage|p2b: Farigiraf|63/100
|cant|p1b: Pyroar|flinch
|move|p2b: Farigiraf|Trick Room|p2b: Farigiraf
|-fieldstart|move: Trick Room|[of] p2b: Farigiraf
|
|upkeep
|turn|2
|inactive|asmrticuno has 30 seconds left.
|
|t:|1782662661
|switch|p2b: Mawile|Mawile, L50, F|100/100
|-ability|p2b: Mawile|Intimidate|boost
|-unboost|p1a: Sylveon|atk|1
|-unboost|p1b: Pyroar|atk|1
|move|p2a: Kangaskhan|Last Resort|p1b: Pyroar
|-damage|p1b: Pyroar|0 fnt
|faint|p1b: Pyroar
|move|p1a: Sylveon|Hyper Voice|p2b: Mawile|[spread] p2a,p2b
|-resisted|p2b: Mawile|1
|-damage|p2a: Kangaskhan|31/100
|-damage|p2b: Mawile|67/100
|
|upkeep
|
|t:|1782662673
|switch|p1b: Gyarados|Gyarados, L50, M, shiny|100/100
|-ability|p1b: Gyarados|Intimidate|boost
|-fail|p2a: Kangaskhan|unboost|Attack|[from] ability: Scrappy|[of] p2a: Kangaskhan
|-unboost|p2b: Mawile|atk|1
|turn|3
|j| Squirly
|
|t:|1782662692
|detailschange|p2b: Mawile|Mawile-Mega, L50, F
|-mega|p2b: Mawile|Mawile|Mawilite
|move|p2b: Mawile|Play Rough|p1b: Gyarados
|-damage|p1b: Gyarados|32/100
|move|p2a: Kangaskhan|Last Resort|p1a: Sylveon
|-damage|p1a: Sylveon|0 fnt
|replace|p1a: Zoroark|Zoroark-Hisui, L50, F, shiny
|-end|p1a: Zoroark|Illusion
|faint|p1a: Zoroark
|move|p1b: Gyarados|Waterfall|p2b: Mawile
|-damage|p2b: Mawile|28/100
|
|-heal|p1b: Gyarados|39/100|[from] item: Leftovers
|upkeep
|
|t:|1782662700
|switch|p1a: Sylveon|Sylveon, L50, F, shiny|100/100
|turn|4
|inactive|asmrticuno has 30 seconds left.
|
|t:|1782662732
|switch|p2a: Farigiraf|Farigiraf, L50, F|63/100
|move|p2b: Mawile|Play Rough|p1b: Gyarados
|-damage|p1b: Gyarados|0 fnt
|faint|p1b: Gyarados
|move|p1a: Sylveon|Hyper Voice|p2b: Mawile|[spread] p2a,p2b
|-resisted|p2b: Mawile|1
|-damage|p2a: Farigiraf|19/100
|-damage|p2b: Mawile|0 fnt
|-enditem|p2a: Farigiraf|Sitrus Berry|[eat]
|-heal|p2a: Farigiraf|44/100|[from] item: Sitrus Berry
|faint|p2b: Mawile
|
|upkeep
|
|t:|1782662742
|switch|p2b: Torkoal|Torkoal, L50, F|100/100
|-weather|SunnyDay|[from] ability: Drought|[of] p2b: Torkoal
|turn|5
|
|t:|1782662757
|switch|p2b: Kangaskhan|Kangaskhan, L50, F|31/100
|move|p1a: Sylveon|Detect|p1a: Sylveon
|-singleturn|p1a: Sylveon|Protect
|move|p2a: Farigiraf|Thunderbolt|p1a: Sylveon
|-activate|p1a: Sylveon|move: Protect
|
|-weather|SunnyDay|[upkeep]
|-fieldend|move: Trick Room
|upkeep
|turn|6
|j| FBIsurveillanceman
|
|t:|1782662777
|move|p2b: Kangaskhan|Fake Out|p1a: Sylveon
|-damage|p1a: Sylveon|71/100
|cant|p1a: Sylveon|flinch
|move|p2a: Farigiraf|Trick Room|p2a: Farigiraf
|-fieldstart|move: Trick Room|[of] p2a: Farigiraf
|
|-weather|SunnyDay|[upkeep]
|upkeep
|turn|7
|
|t:|1782662784
|move|p2a: Farigiraf|Thunderbolt|p1a: Sylveon
|-damage|p1a: Sylveon|50/100g
|move|p1a: Sylveon|Hyper Voice|p2b: Kangaskhan|[spread] p2a,p2b
|-damage|p2a: Farigiraf|0 fnt
|-damage|p2b: Kangaskhan|0 fnt
|faint|p2a: Farigiraf
|faint|p2b: Kangaskhan
|
|-weather|SunnyDay|[upkeep]
|upkeep
|
|t:|1782662789
|switch|p2b: Torkoal|Torkoal, L50, F|100/100
|turn|8
|
|t:|1782662801
|move|p1a: Sylveon|Detect|p1a: Sylveon
|-singleturn|p1a: Sylveon|Protect
|move|p2b: Torkoal|Eruption|p1a: Sylveon
|-activate|p1a: Sylveon|move: Protect
|
|-weather|SunnyDay|[upkeep]
|upkeep
|turn|9
|
|t:|1782662813
|move|p1a: Sylveon|Detect|p1a: Sylveon
|-singleturn|p1a: Sylveon|Protect
|move|p2b: Torkoal|Eruption|p1a: Sylveon
|-activate|p1a: Sylveon|move: Protect
|
|-weather|none
|upkeep
|turn|10
|
|t:|1782662825
|move|p2b: Torkoal|Eruption|p1a: Sylveon
|-damage|p1a: Sylveon|0 fnt
|faint|p1a: Sylveon
|
|win|ChaoticEspeon
||ChaoticEspeon is ready for game 2.
||asmrticuno is ready for game 2.
|uhtml|next|Next: Game 2 of 3
|l| FBIsurveillanceman
|l| Squirly
