|j|☆entei enthusiast
|j|☆F17 Nesuts
|html|entei enthusiastF17 Nesuts    
|uhtml|bestof|Game 2 of a best-of-3
|t:|1783893502
|gametype|doubles
|player|p1|entei enthusiast|kamado-armor|1147
|player|p2|F17 Nesuts|blue|1216
|gen|9
|tier|[Gen 9 Champions] VGC 2026 Reg M-B (Bo3)
|rated|
|rule|Species Clause: Limit one of each Pokémon
|rule|Item Clause: Limit 1 of each item
|clearpoke
|poke|p1|Floette-Eternal, L50, F|
|poke|p1|Palafin, L50, F, shiny|
|poke|p1|Kingambit, L50, F|
|poke|p1|Sneasler, L50, F|
|poke|p1|Incineroar, L50, F|
|poke|p1|Aerodactyl, L50, F|
|poke|p2|Sneasler, L50, M|
|poke|p2|Kingambit, L50, M|
|poke|p2|Delphox, L50, F|
|poke|p2|Blastoise, L50, M|
|poke|p2|Incineroar, L50, M|
|poke|p2|Sinistcha, L50|
|teampreview|4
|showteam|p1|Floette-Eternal||Floettite|FlowerVeil|DazzlingGleam,DrainingKiss,CalmMind,Protect|Modest||F|||50|]Palafin||Leftovers|ZerotoHero|WaveCrash,JetPunch,BulkUp,Protect|Adamant||F|||50|]Kingambit||BlackGlasses|Defiant|KowtowCleave,SuckerPunch,SwordsDance,Protect|Adamant||F|||50|]Sneasler||FocusSash|Unburden|CloseCombat,DireClaw,FakeOut,Coaching|Jolly||F|||50|]Incineroar||SitrusBerry|Intimidate|FlareBlitz,FakeOut,DarkestLariat,PartingShot|Impish||F|||50|]Aerodactyl||Aerodactylite|Unnerve|RockSlide,DualWingbeat,IceFang,Protect|Jolly||F|||50|
|showteam|p2|Sneasler||FocusSash|PoisonTouch|PoisonJab,CloseCombat,FakeOut,QuickGuard|Jolly||M|||50|]Kingambit||BlackGlasses|Defiant|KowtowCleave,SuckerPunch,SwordsDance,Protect|Adamant||M|||50|]Delphox||Delphoxite|Blaze|HeatWave,NastyPlot,Psyshock,Protect|Modest||F|||50|]Blastoise||Blastoisinite|RainDish|DarkPulse,WaterSpout,ShellSmash,Protect|Modest||M|||50|]Incineroar||SitrusBerry|Intimidate|FlareBlitz,HelpingHand,PartingShot,FakeOut|Careful||M|||50|]Sinistcha||KasibBerry|Hospitality|MatchaGotcha,RagePowder,TrickRoom,Protect|Bold|||||50|
|inactive|Battle timer is ON: inactive players will automatically lose when time's up. (requested by entei enthusiast)
|inactive|F17 Nesuts has 60 seconds left.
|
|t:|1783893536
|teamsize|p1|4
|teamsize|p2|4
|start
|switch|p1a: Floette|Floette-Eternal, L50, F|100/100
|switch|p1b: Sneasler|Sneasler, L50, F|100/100
|switch|p2a: NinJa|Sneasler, L50, M|100/100
|switch|p2b: Blastoise|Blastoise, L50, M|100/100
|turn|1
|
|t:|1783893556
|detailschange|p1a: Floette|Floette-Mega, L50, F
|-mega|p1a: Floette|Floette|Floettite
|-ability|p1a: Floette|Fairy Aura
|detailschange|p2b: Blastoise|Blastoise-Mega, L50, M
|-mega|p2b: Blastoise|Blastoise|Blastoisinite
|move|p1b: Sneasler|Fake Out|p2b: Blastoise
|-damage|p2b: Blastoise|85/100
|move|p2a: NinJa|Fake Out|p1b: Sneasler
|-damage|p1b: Sneasler|75/100
|move|p1a: Floette|Dazzling Gleam|p2a: NinJa|[spread] p2a,p2b
|-damage|p2a: NinJa|45/100
|-damage|p2b: Blastoise|39/100
|cant|p2b: Blastoise|flinch
|
|upkeep
|turn|2
|inactive|F17 Nesuts has 30 seconds left.
|
|t:|1783893582
|switch|p2b: Césped|Sinistcha, L50|100/100
|-heal|p2a: NinJa|70/100|[from] ability: Hospitality|[of] p2b: Césped
|move|p1a: Floette|Protect|p1a: Floette
|-singleturn|p1a: Floette|Protect
|move|p1b: Sneasler|Close Combat|p2b: Césped
|-immune|p2b: Césped
|move|p2a: NinJa|Poison Jab|p1a: Floette
|-activate|p1a: Floette|move: Protect
|
|upkeep
|turn|3
|
|t:|1783893601
|switch|p1a: Incineroar|Incineroar, L50, F|100/100
|-ability|p1a: Incineroar|Intimidate|boost
|-unboost|p2a: NinJa|atk|1
|-unboost|p2b: Césped|atk|1
|move|p1b: Sneasler|Dire Claw|p2a: NinJa
|-resisted|p2a: NinJa|1
|-damage|p2a: NinJa|31/100
|move|p2a: NinJa|Poison Jab|p1a: Incineroar
|-damage|p1a: Incineroar|78/100
|move|p2b: Césped|Matcha Gotcha|p1b: Sneasler|[spread] p1a,p1b
|-resisted|p1a: Incineroar|1
|-resisted|p1b: Sneasler|1
|-damage|p1a: Incineroar|67/100
|-damage|p1b: Sneasler|59/100
|
|upkeep
|turn|4
|inactive|F17 Nesuts has 30 seconds left.
|
|t:|1783893628
|switch|p2a: Tony Tiger|Incineroar, L50, M|100/100
|-ability|p2a: Tony Tiger|Intimidate|boost
|-unboost|p1a: Incineroar|atk|1
|-unboost|p1b: Sneasler|atk|1
|move|p1a: Incineroar|Fake Out|p2a: Tony Tiger
|-damage|p2a: Tony Tiger|92/100
|move|p1b: Sneasler|Coaching|p1a: Incineroar
|-boost|p1a: Incineroar|atk|1
|-boost|p1a: Incineroar|def|1
|move|p2b: Césped|Trick Room|p2b: Césped
|-fieldstart|move: Trick Room|[of] p2b: Césped
|
|upkeep
|turn|5
|inactive|entei enthusiast has 30 seconds left.
|
|t:|1783893653
|move|p2a: Tony Tiger|Fake Out|p1a: Incineroar
|-damage|p1a: Incineroar|61/100
|cant|p1a: Incineroar|flinch
|move|p2b: Césped|Matcha Gotcha|p1a: Incineroar|[spread] p1a,p1b
|-resisted|p1a: Incineroar|1
|-resisted|p1b: Sneasler|1
|-damage|p1a: Incineroar|50/100g
|-damage|p1b: Sneasler|42/100
|move|p1b: Sneasler|Coaching|p1a: Incineroar
|-boost|p1a: Incineroar|atk|1
|-boost|p1a: Incineroar|def|1
|
|upkeep
|turn|6
|
|t:|1783893677
|move|p2b: Césped|Protect|p2b: Césped
|-singleturn|p2b: Césped|Protect
|move|p1a: Incineroar|Flare Blitz|p2b: Césped
|-activate|p2b: Césped|move: Protect
|move|p2a: Tony Tiger|Flare Blitz|p1b: Sneasler
|-damage|p1b: Sneasler|0 fnt
|faint|p1b: Sneasler
|-damage|p2a: Tony Tiger|81/100|[from] Recoil
|
|upkeep
|
|t:|1783893684
|switch|p1b: Floette|Floette-Mega, L50, F|100/100
|-ability|p1b: Floette|Fairy Aura
|turn|7
|inactive|F17 Nesuts has 30 seconds left.
|
|t:|1783893710
|move|p1a: Incineroar|Flare Blitz|p2b: Césped
|-supereffective|p2b: Césped|1
|-damage|p2b: Césped|0 fnt
|faint|p2b: Césped
|-damage|p1a: Incineroar|21/100|[from] Recoil
|-enditem|p1a: Incineroar|Sitrus Berry|[eat]
|-heal|p1a: Incineroar|46/100|[from] item: Sitrus Berry
|move|p2a: Tony Tiger|Flare Blitz|p1b: Floette
|-damage|p1b: Floette|45/100
|-damage|p2a: Tony Tiger|65/100|[from] Recoil
|move|p1b: Floette|Calm Mind|p1b: Floette
|-boost|p1b: Floette|spa|1
|-boost|p1b: Floette|spd|1
|
|upkeep
|
|t:|1783893723
|switch|p2b: Blastoise|Blastoise-Mega, L50, M|39/100
|turn|8
|inactive|F17 Nesuts has 30 seconds left.
|inactive|F17 Nesuts has 20 seconds left.
|
|t:|1783893763
|move|p2a: Tony Tiger|Helping Hand|p2b: Blastoise
|-singleturn|p2b: Blastoise|Helping Hand|[of] p2a: Tony Tiger
|move|p1b: Floette|Protect|p1b: Floette
|-singleturn|p1b: Floette|Protect
|move|p1a: Incineroar|Flare Blitz|p2a: Tony Tiger
|-resisted|p2a: Tony Tiger|1
|-damage|p2a: Tony Tiger|29/100
|-enditem|p2a: Tony Tiger|Sitrus Berry|[eat]
|-heal|p2a: Tony Tiger|54/100|[from] item: Sitrus Berry
|-damage|p1a: Incineroar|34/100|[from] Recoil
|move|p2b: Blastoise|Water Spout|p1a: Incineroar|[spread] p1a
|-activate|p1b: Floette|move: Protect
|-supereffective|p1a: Incineroar|1
|-damage|p1a: Incineroar|0 fnt
|faint|p1a: Incineroar
|
|-fieldend|move: Trick Room
|upkeep
|
|t:|1783893771
|switch|p1a: Kingambit|Kingambit, L50, F|100/100
|turn|9
|
|t:|1783893794
|move|p1a: Kingambit|Sucker Punch|p2b: Blastoise
|-damage|p2b: Blastoise|0 fnt
|faint|p2b: Blastoise
|move|p1b: Floette|Draining Kiss|p2a: Tony Tiger
|-damage|p2a: Tony Tiger|9/100
|-heal|p1b: Floette|83/100|[from] drain|[of] p2a: Tony Tiger
|move|p2a: Tony Tiger|Flare Blitz|p1b: Floette
|-damage|p1b: Floette|29/100
|-damage|p2a: Tony Tiger|0 fnt|[from] Recoil
|faint|p2a: Tony Tiger
|
|upkeep
|
|t:|1783893805
|switch|p2b: NinJa|Sneasler, L50, M|31/100
|turn|10
|
|t:|1783893814
|move|p1b: Floette|Protect|p1b: Floette
|-singleturn|p1b: Floette|Protect
|move|p1a: Kingambit|Protect|p1a: Kingambit
|-singleturn|p1a: Kingambit|Protect
|move|p2b: NinJa|Poison Jab|p1b: Floette
|-activate|p1b: Floette|move: Protect
|
|upkeep
|turn|11
|
|t:|1783893834
|move|p1a: Kingambit|Sucker Punch|p2b: NinJa
|-resisted|p2b: NinJa|1
|-damage|p2b: NinJa|0 fnt
|faint|p2b: NinJa
|
|win|entei enthusiast
||F17 Nesuts is ready for game 3.
||entei enthusiast is ready for game 3.
|uhtml|next|Next: Game 3 of 3
