|j|☆greatox17
|j|☆revitup23
|html|greatox17revitup23    
|uhtml|bestof|Game 1 of a best-of-3
|t:|1784255423
|gametype|doubles
|player|p1|greatox17|265|
|player|p2|revitup23|2|
|gen|9
|tier|[Gen 9 Champions] VGC 2026 Reg M-B (Bo3)
|rule|Species Clause: Limit one of each Pokémon
|rule|Item Clause: Limit 1 of each item
|clearpoke
|poke|p1|Crabominable, L50, F|
|poke|p1|Vanilluxe, L50, M|
|poke|p1|Tsareena, L50, F|
|poke|p1|Rotom-Heat, L50|
|poke|p1|Sableye, L50, F|
|poke|p1|Swampert, L50, M|
|poke|p2|Aegislash, L50, F, shiny|
|poke|p2|Lopunny, L50, M, shiny|
|poke|p2|Swampert, L50, M, shiny|
|poke|p2|Garganacl, L50, M, shiny|
|poke|p2|Kingambit, L50, M, shiny|
|poke|p2|Pelipper, L50, F, shiny|
|teampreview|4
|showteam|p1|Crabominable||Crabominite|AngerPoint|MachPunch,DrainPunch,IcePunch,Protect|Adamant||F|||50|]Vanilluxe||ChopleBerry|SnowWarning|FrostBreath,Blizzard,AuroraVeil,Protect|Calm||M|||50|]Tsareena||LifeOrb|QueenlyMajesty|LowKick,KnockOff,TropKick,Protect|Adamant||F|||50|]Rotom-Heat||ChoiceScarf|Levitate|Overheat,Discharge,VoltSwitch,WillOWisp|Modest|||||50|]Sableye||FocusSash|Prankster|RainDance,Encore,Reflect,Protect|Bold||F|||50|]Swampert||Swampertite|Torrent|WaveCrash,HighHorsepower,IcePunch,Protect|Adamant||M|||50|
|showteam|p2|Aegislash||Leftovers|StanceChange|KingsShield,ShadowBall,FlashCannon,SacredSword|Quiet||F|||50|]Lopunny||Lopunnite|Limber|FakeOut,CloseCombat,Facade,Uturn|Jolly||M|||50|]Swampert||MysticWater|Torrent|Liquidation,Earthquake,IcePunch,StealthRock|Adamant||M|||50|]Garganacl||LifeOrb|PurifyingSalt|SaltCure,Recover,Protect,BodyPress|Relaxed||M|||50|]Kingambit||LumBerry|SupremeOverlord|KowtowCleave,IronHead,SuckerPunch,SwordsDance|Adamant||M|||50|]Pelipper||DampRock|Drizzle|WeatherBall,Uturn,Roost,Hurricane|Bold||F|||50|
|j| thefozguy
|j| sinduhquil
|
|t:|1784255494
|teamsize|p1|4
|teamsize|p2|4
|start
|switch|p1a: Sableye|Sableye, L50, F|100/100
|switch|p1b: Swampert|Swampert, L50, M|100/100
|switch|p2a: Pelipper|Pelipper, L50, F, shiny|100/100
|switch|p2b: Lopunny|Lopunny, L50, M, shiny|100/100
|-weather|RainDance|[from] ability: Drizzle|[of] p2a: Pelipper
|turn|1
|
|t:|1784255526
|move|p1a: Sableye|Protect|p1a: Sableye
|-singleturn|p1a: Sableye|Protect
|move|p1b: Swampert|Protect|p1b: Swampert
|-singleturn|p1b: Swampert|Protect
|move|p2b: Lopunny|U-turn|p1b: Swampert
|-activate|p1b: Swampert|move: Protect
|move|p2a: Pelipper|Weather Ball|p1a: Sableye
|-activate|p1a: Sableye|move: Protect
|
|-weather|RainDance|[upkeep]
|upkeep
|turn|2
|
|t:|1784255571
|detailschange|p1b: Swampert|Swampert-Mega, L50, M
|-mega|p1b: Swampert|Swampert|Swampertite
|move|p1a: Sableye|Reflect|p1a: Sableye
|-sidestart|p1: greatox17|Reflect
|move|p1b: Swampert|Wave Crash|p2b: Lopunny
|-damage|p2b: Lopunny|0 fnt
|faint|p2b: Lopunny
|-damage|p1b: Swampert|71/100|[from] Recoil
|move|p2a: Pelipper|U-turn|p1b: Swampert
|-damage|p1b: Swampert|66/100
|
|t:|1784255582
|switch|p2a: Aegislash|Aegislash, L50, F, shiny|100/100|[from] U-turn
|
|-weather|RainDance|[upkeep]
|upkeep
|
|t:|1784255589
|switch|p2b: Pelipper|Pelipper, L50, F, shiny|100/100
|turn|3
|
|t:|1784255602
|switch|p1a: Rotom|Rotom-Heat, L50|100/100
|move|p1b: Swampert|High Horsepower|p2a: Aegislash
|-supereffective|p2a: Aegislash|1
|-damage|p2a: Aegislash|6/100
|move|p2b: Pelipper|Hurricane|p1a: Rotom
|-resisted|p1a: Rotom|1
|-damage|p1a: Rotom|74/100
|-formechange|p2a: Aegislash|Aegislash-Blade|
|move|p2a: Aegislash|Sacred Sword|p1a: Rotom
|-damage|p1a: Rotom|48/100
|
|-weather|RainDance|[upkeep]
|-heal|p2a: Aegislash|12/100|[from] item: Leftovers
|upkeep
|turn|4
|
|t:|1784255622
|-formechange|p2a: Aegislash|Aegislash|
|move|p2a: Aegislash|King's Shield|p2a: Aegislash
|-singleturn|p2a: Aegislash|Protect
|move|p1a: Rotom|Discharge|p2a: Aegislash|[spread] p2b
|-activate|p2a: Aegislash|move: Protect
|-immune|p1b: Swampert
|-supereffective|p2b: Pelipper|2
|-damage|p2b: Pelipper|0 fnt
|faint|p2b: Pelipper
|move|p1b: Swampert|High Horsepower|p2a: Aegislash
|-activate|p2a: Aegislash|move: Protect
|-unboost|p1b: Swampert|atk|1
|
|-weather|RainDance|[upkeep]
|-heal|p2a: Aegislash|18/100|[from] item: Leftovers
|upkeep
|
|t:|1784255637
|switch|p2b: Swampert|Swampert, L50, M, shiny|100/100
|turn|5
|
|t:|1784255654
|switch|p1b: Sableye|Sableye, L50, F|100/100
|move|p2a: Aegislash|King's Shield||[still]
|-fail|p2a: Aegislash
|move|p1a: Rotom|Discharge|p2a: Aegislash|[spread] p1b,p2a
|-immune|p2b: Swampert
|-damage|p1b: Sableye|61/100
|-damage|p2a: Aegislash|0 fnt
|faint|p2a: Aegislash
|move|p2b: Swampert|Ice Punch|p1a: Rotom
|-resisted|p1a: Rotom|1
|-damage|p1a: Rotom|39/100
|
|-weather|RainDance|[upkeep]
|upkeep
|turn|6
|
|t:|1784255686
|switch|p1a: Swampert|Swampert-Mega, L50, M|66/100
|switch|p1b: Tsareena|Tsareena, L50, F|100/100
|move|p2b: Swampert|Earthquake|p1a: Swampert|[spread] p1a,p1b
|-resisted|p1b: Tsareena|1
|-damage|p1a: Swampert|48/100
|-damage|p1b: Tsareena|89/100
|
|-weather|RainDance|[upkeep]
|-sideend|p1: greatox17|Reflect
|upkeep
|turn|7
|
|t:|1784255699
|move|p1a: Swampert|Wave Crash|p2b: Swampert
|-damage|p2b: Swampert|0 fnt
|faint|p2b: Swampert
|-damage|p1a: Swampert|17/100|[from] Recoil
|
|win|greatox17
||greatox17 is ready for game 2.
