|j|Ōśåparmesanlugubre206
|j|Ōśålox1sm
|html|parmesanlugubre206lox1sm    
|uhtml|bestof|Game 2 of a best-of-3
|t:|1783001723
|gametype|doubles
|player|p1|parmesanlugubre206|ethan|1276
|player|p2|lox1sm|veteran|1213
|gen|9
|tier|[Gen 9 Champions] VGC 2026 Reg M-B (Bo3)
|rated|
|rule|Species Clause: Limit one of each Pok├®mon
|rule|Item Clause: Limit 1 of each item
|clearpoke
|poke|p1|Raichu, L50, M|
|poke|p1|Gholdengo, L50|
|poke|p1|Mamoswine, L50, M|
|poke|p1|Talonflame, L50, F|
|poke|p1|Hydreigon, L50, M|
|poke|p1|Farigiraf, L50, F|
|poke|p2|Charizard, L50, F|
|poke|p2|Aerodactyl, L50, F|
|poke|p2|Garchomp, L50, M|
|poke|p2|Kingambit, L50, F|
|poke|p2|Farigiraf, L50, M|
|poke|p2|Primarina, L50, M|
|teampreview|4
|showteam|p1|Raichu||RaichuniteY|LightningRod|ZapCannon,FocusBlast,FakeOut,Protect|Timid||M|||50|]Gholdengo||LifeOrb|GoodasGold|MakeItRain,Hex,NastyPlot,Protect|Modest|||||50|]Mamoswine||FocusSash|Oblivious|HighHorsepower,IceShard,IcicleCrash,Protect|Adamant||M|||50|]Talonflame||SharpBeak|GaleWings|BraveBird,Tailwind,WillOWisp,Protect|Adamant||F|||50|]Hydreigon||ChoiceScarf|Levitate|DracoMeteor,Snarl,DarkPulse,EarthPower|Modest||M|||50|]Farigiraf||ColburBerry|ArmorTail|Psychic,HelpingHand,TrickRoom,EnergyBall|Modest||F|||50|
|showteam|p2|Charizard||CharizarditeY|Blaze|HeatWave,WeatherBall,SolarBeam,Protect|Modest||F|||50|]Aerodactyl||Aerodactylite|RockHead|RockSlide,IceFang,Tailwind,Protect|Jolly||F|||50|]Garchomp||LifeOrb|RoughSkin|DragonClaw,Earthquake,RockSlide,Protect|Jolly||M|||50|]Kingambit||FocusSash|Defiant|KowtowCleave,SuckerPunch,IronHead,LowKick|Adamant||F|||50|]Farigiraf||ExpertBelt|ArmorTail|Psychic,DazzlingGleam,Thunderbolt,TrickRoom|Modest||M|||50|]Primarina||MysticWater|LiquidVoice|HyperVoice,Moonblast,Haze,Protect|Modest||M|||50|
|inactive|Battle timer is ON: inactive players will automatically lose when time's up. (requested by parmesanlugubre206)
|c|Ōśåparmesanlugubre206|i timed out on the lead lmao
|c|Ōśålox1sm|Happens to me too
|inactive|parmesanlugubre206 has 60 seconds left.
|inactive|lox1sm has 60 seconds left.
|
|t:|1783001781
|teamsize|p1|4
|teamsize|p2|4
|start
|switch|p1a: Hydreigon|Hydreigon, L50, M|100/100
|switch|p1b: Gholdengo|Gholdengo, L50|100/100
|switch|p2a: Aerodactyl|Aerodactyl, L50, F|100/100
|switch|p2b: Primarina|Primarina, L50, M|100/100
|turn|1
|inactive|lox1sm has 30 seconds left.
|
|t:|1783001809
|detailschange|p2a: Aerodactyl|Aerodactyl-Mega, L50, F
|-mega|p2a: Aerodactyl|Aerodactyl|Aerodactylite
|move|p1a: Hydreigon|Snarl|p2a: Aerodactyl|[spread] p2a,p2b
|-crit|p2a: Aerodactyl
|-resisted|p2b: Primarina|1
|-damage|p2a: Aerodactyl|57/100
|-damage|p2b: Primarina|89/100
|-unboost|p2a: Aerodactyl|spa|1
|-unboost|p2b: Primarina|spa|1
|move|p2a: Aerodactyl|Tailwind|p2a: Aerodactyl
|-sidestart|p2: lox1sm|move: Tailwind
|move|p2b: Primarina|Hyper Voice|p1b: Gholdengo|[spread] p1a,p1b
|-resisted|p1a: Hydreigon|1
|-damage|p1a: Hydreigon|82/100
|-damage|p1b: Gholdengo|68/100
|move|p1b: Gholdengo|Nasty Plot|p1b: Gholdengo
|-boost|p1b: Gholdengo|spa|2
|
|upkeep
|turn|2
|inactive|lox1sm has 30 seconds left.
|
|t:|1783001840
|switch|p1a: Talonflame|Talonflame, L50, F|100/100
|move|p2a: Aerodactyl|Protect|p2a: Aerodactyl
|-singleturn|p2a: Aerodactyl|Protect
|move|p2b: Primarina|Haze|p2b: Primarina
|-clearallboost
|move|p1b: Gholdengo|Make It Rain|p2a: Aerodactyl|[spread] p2b
|-activate|p2a: Aerodactyl|move: Protect
|-damage|p2b: Primarina|21/100
|-unboost|p1b: Gholdengo|spa|2
|-damage|p1b: Gholdengo|58/100|[from] item: Life Orb
|
|upkeep
|turn|3
|inactive|lox1sm has 30 seconds left.
|
|t:|1783001866
|move|p2b: Primarina|Protect|p2b: Primarina
|-singleturn|p2b: Primarina|Protect
|move|p1a: Talonflame|Protect|p1a: Talonflame
|-singleturn|p1a: Talonflame|Protect
|move|p2a: Aerodactyl|Rock Slide|p1a: Talonflame|[spread] p1b
|-activate|p1a: Talonflame|move: Protect
|-resisted|p1b: Gholdengo|1
|-damage|p1b: Gholdengo|45/100
|move|p1b: Gholdengo|Make It Rain|p2b: Primarina|[spread] 
|-activate|p2b: Primarina|move: Protect
|-miss|p1b: Gholdengo|p2a: Aerodactyl
|
|upkeep
|turn|4
|c|Ōśåparmesanlugubre206|wow
|c|Ōśåparmesanlugubre206|thanks gholdengo
|c|Ōśålox1sm|Yes, nerf is heavt
|c|Ōśålox1sm|*heavy
|inactive|lox1sm has 30 seconds left.
|
|t:|1783001896
|switch|p1b: Hydreigon|Hydreigon, L50, M|82/100
|move|p1a: Talonflame|Brave Bird|p2b: Primarina
|-damage|p2b: Primarina|0 fnt
|faint|p2b: Primarina
|-damage|p1a: Talonflame|92/100|[from] Recoil
|move|p2a: Aerodactyl|Rock Slide|p1b: Hydreigon|[spread] p1a,p1b
|-supereffective|p1a: Talonflame|2
|-damage|p1a: Talonflame|0 fnt
|-damage|p1b: Hydreigon|50/100g
|faint|p1a: Talonflame
|
|-sideend|p2: lox1sm|move: Tailwind
|upkeep
|c|Ōśåparmesanlugubre206|i don't even understand why they nerfed acc
|c|Ōśåparmesanlugubre206|like the -2 on spa makes sense but not the 95% acc
|inactive|parmesanlugubre206 has 30 seconds left.
|
|t:|1783001924
|switch|p1a: Raichu|Raichu, L50, M|100/100
|switch|p2b: Garchomp|Garchomp, L50, M|100/100
|turn|5
|
|t:|1783001934
|detailschange|p1a: Raichu|Raichu-Mega-Y, L50, M
|-mega|p1a: Raichu|Raichu|Raichunite Y
|move|p2a: Aerodactyl|Protect|p2a: Aerodactyl
|-singleturn|p2a: Aerodactyl|Protect
|move|p2b: Garchomp|Protect|p2b: Garchomp
|-singleturn|p2b: Garchomp|Protect
|move|p1a: Raichu|Fake Out|p2a: Aerodactyl
|-activate|p2a: Aerodactyl|move: Protect
|move|p1b: Hydreigon|Draco Meteor|p2b: Garchomp
|-activate|p2b: Garchomp|move: Protect
|
|upkeep
|turn|6
|inactive|lox1sm has 30 seconds left.
|
|t:|1783001963
|switch|p2b: Kingambit|Kingambit, L50, F|100/100
|move|p1b: Hydreigon|Draco Meteor|p2b: Kingambit
|-resisted|p2b: Kingambit|1
|-damage|p2b: Kingambit|58/100
|-unboost|p1b: Hydreigon|spa|2
|move|p2a: Aerodactyl|Tailwind|p2a: Aerodactyl
|-sidestart|p2: lox1sm|move: Tailwind
|move|p1a: Raichu|Zap Cannon|p2a: Aerodactyl
|-supereffective|p2a: Aerodactyl|1
|-crit|p2a: Aerodactyl
|-damage|p2a: Aerodactyl|0 fnt
|faint|p2a: Aerodactyl
|
|upkeep
|
|t:|1783001975
|switch|p2a: Garchomp|Garchomp, L50, M|100/100
|turn|7
|
|t:|1783001994
|switch|p1b: Gholdengo|Gholdengo, L50|45/100
|move|p2a: Garchomp|Dragon Claw|p1a: Raichu
|-damage|p1a: Raichu|0 fnt
|faint|p1a: Raichu
|-damage|p2a: Garchomp|90/100|[from] item: Life Orb
|move|p2b: Kingambit|Kowtow Cleave|p1b: Gholdengo
|-supereffective|p1b: Gholdengo|1
|-damage|p1b: Gholdengo|0 fnt
|faint|p1b: Gholdengo
|
|upkeep
|c|Ōśåparmesanlugubre206|gg
|c|Ōśålox1sm|gg
|-message|parmesanlugubre206 forfeited.
|
|win|lox1sm
|raw|parmesanlugubre206's rating: 1276 → 1247(-29 for losing)
|raw|lox1sm's rating: 1213 → 1242(+29 for winning)
|l|Ōśåparmesanlugubre206
|player|p1|
|c|Ōśålox1sm|f for Dengo
