|j|☆detoxfilms
|j|☆Jakobtc
|html|detoxfilmsJakobtc    
|uhtml|bestof|Game 2 of a best-of-3
|t:|1757731833
|gametype|doubles
|player|p1|detoxfilms|1|1138
|player|p2|Jakobtc|riley|1168
|gen|9
|tier|[Gen 9] VGC 2025 Reg H (Bo3)
|rated|
|rule|Species Clause: Limit one of each Pokémon
|rule|Item Clause: Limit 1 of each item
|clearpoke
|poke|p1|Gothitelle, L50, F|
|poke|p1|Lapras, L50, M|
|poke|p1|Incineroar, L50, M|
|poke|p1|Ursaluna, L50, M|
|poke|p1|Farigiraf, L50, F|
|poke|p1|Amoonguss, L50, M|
|poke|p2|Drifblim, L50, F|
|poke|p2|Indeedee, L50, M|
|poke|p2|Arcanine-Hisui, L50, M|
|poke|p2|Garchomp, L50, F|
|poke|p2|Amoonguss, L50, M|
|poke|p2|Primarina, L50, F|
|teampreview|4
|showteam|p1|Gothitelle||SitrusBerry|ShadowTag|FakeOut,Psychic,TrickRoom,Protect|||F|||50|,,,,,Dark]Lapras||Leftovers|WaterAbsorb|Protect,MuddyWater,HelpingHand,PerishSong|||M|||50|,,,,,Dark]Incineroar||SafetyGoggles|Intimidate|FakeOut,FlareBlitz,PartingShot,Protect|||M|||50|,,,,,Bug]Ursaluna||FlameOrb|Guts|Protect,Facade,HeadlongRush,Earthquake|||M|||50|,,,,,Ghost]Farigiraf||MentalHerb|ArmorTail|Protect,TeraBlast,ExpandingForce,TrickRoom|||F|||50|,,,,,Fighting]Amoonguss||RockyHelmet|Regenerator|Protect,Spore,RagePowder,SludgeBomb|||M|||50|,,,,,Dark
|showteam|p2|Drifblim||PsychicSeed|Unburden|Tailwind,StrengthSap,WillOWisp,Acrobatics|||F|||50|,,,,,Grass]Indeedee||FocusSash|PsychicSurge|ExpandingForce,TeraBlast,SkillSwap,Protect|||M|||50|,,,,,Fighting]Arcanine-Hisui||ChoiceBand|Intimidate|RockSlide,FlareBlitz,ExtremeSpeed,CloseCombat|||M|||50|,,,,,Grass]Garchomp||LifeOrb|RoughSkin|StompingTantrum,DragonClaw,Earthquake,Protect|||F|||50|,,,,,Ground]Amoonguss||SitrusBerry|Regenerator|Spore,LeafStorm,RagePowder,Protect|||M|||50|,,,,,Water]Primarina||MysticWater|LiquidVoice|HyperVoice,Moonblast,Haze,Protect|||F|||50|,,,,,Steel
|
|t:|1757731849
|teamsize|p1|4
|teamsize|p2|4
|start
|switch|p1a: Farigiraf|Farigiraf, L50, F|100/100
|switch|p1b: Amoonguss|Amoonguss, L50, M|100/100
|switch|p2a: Arcanine|Arcanine-Hisui, L50, M|100/100
|switch|p2b: Garchomp|Garchomp, L50, F|100/100
|-ability|p2a: Arcanine|Intimidate|boost
|-unboost|p1a: Farigiraf|atk|1
|-unboost|p1b: Amoonguss|atk|1
|turn|1
|
|t:|1757731875
|-terastallize|p2b: Garchomp|Ground
|move|p1b: Amoonguss|Protect|p1b: Amoonguss
|-singleturn|p1b: Amoonguss|Protect
|move|p2b: Garchomp|Stomping Tantrum|p1a: Farigiraf
|-damage|p1a: Farigiraf|23/100
|-damage|p2b: Garchomp|91/100|[from] item: Life Orb
|move|p2a: Arcanine|Rock Slide|p1a: Farigiraf|[spread] p1a
|-activate|p1b: Amoonguss|move: Protect
|-damage|p1a: Farigiraf|0 fnt
|faint|p1a: Farigiraf
|
|upkeep
|
|t:|1757731888
|switch|p1a: Lapras|Lapras, L50, M|100/100
|turn|2
|
|t:|1757731898
|move|p2b: Garchomp|Dragon Claw|p1b: Amoonguss
|-damage|p1b: Amoonguss|45/100
|-damage|p2b: Garchomp|74/100|[from] item: Rocky Helmet|[of] p1b: Amoonguss
|-damage|p2b: Garchomp|65/100|[from] item: Life Orb
|move|p2a: Arcanine|Rock Slide|p1b: Amoonguss|[spread] p1a,p1b
|-supereffective|p1a: Lapras
|-damage|p1a: Lapras|22/100
|-damage|p1b: Amoonguss|0 fnt
|faint|p1b: Amoonguss
|move|p1a: Lapras|Muddy Water|p2a: Arcanine|[spread] p2a,p2b
|-supereffective|p2a: Arcanine
|-supereffective|p2b: Garchomp
|-damage|p2a: Arcanine|5/100
|-damage|p2b: Garchomp|18/100
|
|-heal|p1a: Lapras|28/100|[from] item: Leftovers
|upkeep
|
|t:|1757731912
|switch|p1b: Ursaluna|Ursaluna, L50, M|100/100
|turn|3
|
|t:|1757731920
|move|p1a: Lapras|Protect|p1a: Lapras
|-singleturn|p1a: Lapras|Protect
|move|p1b: Ursaluna|Protect|p1b: Ursaluna
|-singleturn|p1b: Ursaluna|Protect
|move|p2b: Garchomp|Dragon Claw|p1a: Lapras
|-activate|p1a: Lapras|move: Protect
|move|p2a: Arcanine|Rock Slide|p1b: Ursaluna|[spread] 
|-activate|p1a: Lapras|move: Protect
|-activate|p1b: Ursaluna|move: Protect
|
|-heal|p1a: Lapras|34/100|[from] item: Leftovers
|-status|p1b: Ursaluna|brn|[from] item: Flame Orb
|upkeep
|turn|4
|
|t:|1757731936
|move|p1b: Ursaluna|Protect|p1b: Ursaluna
|-singleturn|p1b: Ursaluna|Protect
|move|p2b: Garchomp|Stomping Tantrum|p1a: Lapras
|-crit|p1a: Lapras
|-damage|p1a: Lapras|0 fnt
|faint|p1a: Lapras
|-damage|p2b: Garchomp|8/100|[from] item: Life Orb
|move|p2a: Arcanine|Rock Slide|p1b: Ursaluna
|-activate|p1b: Ursaluna|move: Protect
|
|-damage|p1b: Ursaluna|95/100 brn|[from] brn
|upkeep
|turn|5
|
|t:|1757731948
|-terastallize|p1b: Ursaluna|Ghost
|move|p2b: Garchomp|Dragon Claw|p1b: Ursaluna
|-damage|p1b: Ursaluna|56/100 brn
|-damage|p2b: Garchomp|0 fnt|[from] item: Life Orb
|faint|p2b: Garchomp
|move|p2a: Arcanine|Rock Slide|p1b: Ursaluna
|-damage|p1b: Ursaluna|17/100 brn
|move|p1b: Ursaluna|Earthquake|p2a: Arcanine
|-supereffective|p2a: Arcanine
|-damage|p2a: Arcanine|0 fnt
|faint|p2a: Arcanine
|
|-damage|p1b: Ursaluna|11/100 brn|[from] brn
|upkeep
|
|t:|1757731961
|switch|p2b: Indeedee|Indeedee, L50, M|100/100
|switch|p2a: Drifblim|Drifblim, L50, F|100/100
|-fieldstart|move: Psychic Terrain|[from] ability: Psychic Surge|[of] p2b: Indeedee
|-enditem|p2a: Drifblim|Psychic Seed
|-boost|p2a: Drifblim|spd|1|[from] item: Psychic Seed
|turn|6
|
|t:|1757731969
|move|p2a: Drifblim|Acrobatics|p1b: Ursaluna
|-damage|p1b: Ursaluna|0 fnt
|faint|p1b: Ursaluna
|
|win|Jakobtc
