|j|☆CTM_Charion
|j|☆denaby
|html|CTM_Chariondenaby    
|uhtml|bestof|Game 2 of a best-of-3
|t:|1782664970
|gametype|doubles
|player|p1|CTM_Charion|chase|
|player|p2|denaby|sage|
|gen|9
|tier|[Gen 9 Champions] VGC 2026 Reg M-B (Bo3)
|rule|Species Clause: Limit one of each Pokémon
|rule|Item Clause: Limit 1 of each item
|clearpoke
|poke|p1|Delphox, L50, F|
|poke|p1|Staraptor, L50, F|
|poke|p1|Clefable, L50, M|
|poke|p1|Sinistcha-Masterpiece, L50|
|poke|p1|Basculegion, L50, M|
|poke|p1|Kingambit, L50, M|
|poke|p2|Charizard, L50, F|
|poke|p2|Whimsicott, L50, M|
|poke|p2|Metagross, L50|
|poke|p2|Garchomp, L50, M|
|poke|p2|Kingambit, L50, F|
|poke|p2|Sylveon, L50, M|
|teampreview|4
|showteam|p1|Delphox||Delphoxite|Blaze|HeatWave,Psychic,NastyPlot,Protect|Timid||F|||50|]Staraptor||Staraptite|Intimidate|CloseCombat,BraveBird,Roost,Protect|Jolly||F|||50|]Clefable||SitrusBerry|Unaware|Moonblast,FollowMe,Protect,HelpingHand|Bold||M|||50|]Sinistcha-Masterpiece||ColburBerry|Hospitality|MatchaGotcha,RagePowder,LifeDew,Protect|Bold|||||50|]Basculegion||ChoiceScarf|Adaptability|WaveCrash,AquaJet,LastRespects,PsychicFangs|Adamant||M|||50|]Kingambit||FocusSash|Defiant|IronHead,KowtowCleave,SuckerPunch,Protect|Adamant||M|||50|
|showteam|p2|Charizard||CharizarditeY|Blaze|WeatherBall,HeatWave,SolarBeam,Protect|Modest||F|||50|]Whimsicott||FocusSash|Prankster|Moonblast,Tailwind,Encore,Protect|Timid||M|||50|]Metagross||Metagrossite|ClearBody|IronHead,PsychicFangs,BodyPress,Protect|Jolly|||||50|]Garchomp||LifeOrb|RoughSkin|DragonClaw,StompingTantrum,RockTomb,Protect|Jolly||M|||50|]Kingambit||BlackGlasses|Defiant|SuckerPunch,KowtowCleave,IronHead,Protect|Adamant||F|||50|]Sylveon||FairyFeather|Pixilate|QuickAttack,HyperBeam,HyperVoice,Detect|Modest||M|||50|
|
|t:|1782665002
|teamsize|p1|4
|teamsize|p2|4
|start
|switch|p1a: Delphox|Delphox, L50, F|100/100
|switch|p1b: Clefable|Clefable, L50, M|100/100
|switch|p2a: Charizard|Charizard, L50, F|100/100
|switch|p2b: Garchomp|Garchomp, L50, M|100/100
|turn|1
|
|t:|1782665026
|detailschange|p1a: Delphox|Delphox-Mega, L50, F
|-mega|p1a: Delphox|Delphox|Delphoxite
|detailschange|p2a: Charizard|Charizard-Mega-Y, L50, F
|-mega|p2a: Charizard|Charizard|Charizardite Y
|-weather|SunnyDay|[from] ability: Drought|[of] p2a: Charizard
|move|p1b: Clefable|Follow Me|p1b: Clefable
|-singleturn|p1b: Clefable|move: Follow Me
|move|p1a: Delphox|Psychic|p2b: Garchomp
|-damage|p2b: Garchomp|47/100
|move|p2b: Garchomp|Stomping Tantrum|p1b: Clefable
|-crit|p1b: Clefable
|-damage|p1b: Clefable|41/100
|-enditem|p1b: Clefable|Sitrus Berry|[eat]
|-heal|p1b: Clefable|66/100|[from] item: Sitrus Berry
|-damage|p2b: Garchomp|37/100|[from] item: Life Orb
|move|p2a: Charizard|Weather Ball|p1b: Clefable
|-damage|p1b: Clefable|0 fnt
|faint|p1b: Clefable
|
|-weather|SunnyDay|[upkeep]
|upkeep
|
|t:|1782665048
|switch|p1b: Kingambit|Kingambit, L50, M|100/100
|turn|2
|
|t:|1782665058
|move|p2b: Garchomp|Protect|p2b: Garchomp
|-singleturn|p2b: Garchomp|Protect
|move|p1a: Delphox|Psychic|p2b: Garchomp
|-activate|p2b: Garchomp|move: Protect
|move|p2a: Charizard|Heat Wave|p1a: Delphox|[spread] p1a,p1b
|-resisted|p1a: Delphox|1
|-supereffective|p1b: Kingambit|1
|-damage|p1a: Delphox|71/100
|-enditem|p1b: Kingambit|Focus Sash
|-damage|p1b: Kingambit|1/100
|move|p1b: Kingambit|Kowtow Cleave|p2a: Charizard
|-damage|p2a: Charizard|50/100g
|
|-weather|SunnyDay|[upkeep]
|upkeep
|turn|3
|
|t:|1782665104
|switch|p2b: Kingambit|Kingambit, L50, F|100/100
|move|p1b: Kingambit|Sucker Punch|p2a: Charizard
|-damage|p2a: Charizard|12/100
|move|p1a: Delphox|Psychic|p2b: Kingambit
|-immune|p2b: Kingambit
|move|p2a: Charizard|Heat Wave|p1b: Kingambit|[spread] p1a,p1b
|-resisted|p1a: Delphox|1
|-supereffective|p1b: Kingambit|1
|-damage|p1a: Delphox|42/100
|-damage|p1b: Kingambit|0 fnt
|faint|p1b: Kingambit
|
|-weather|SunnyDay|[upkeep]
|upkeep
|
|t:|1782665109
|switch|p1b: Sinistcha|Sinistcha-Masterpiece, L50|100/100
|-heal|p1a: Delphox|67/100|[from] ability: Hospitality|[of] p1b: Sinistcha
|turn|4
|
|t:|1782665167
|switch|p2b: Garchomp|Garchomp, L50, M|37/100
|move|p1b: Sinistcha|Rage Powder|p1b: Sinistcha
|-singleturn|p1b: Sinistcha|move: Rage Powder
|move|p1a: Delphox|Heat Wave|p2b: Garchomp|[spread] p2a,p2b
|-resisted|p2a: Charizard|1
|-resisted|p2b: Garchomp|1
|-damage|p2a: Charizard|0 fnt
|-damage|p2b: Garchomp|5/100
|faint|p2a: Charizard
|
|-weather|SunnyDay|[upkeep]
|upkeep
|
|t:|1782665176
|switch|p2a: Sylveon|Sylveon, L50, M|100/100
|turn|5
|
|t:|1782665200
|move|p2b: Garchomp|Protect|p2b: Garchomp
|-singleturn|p2b: Garchomp|Protect
|move|p2a: Sylveon|Detect|p2a: Sylveon
|-singleturn|p2a: Sylveon|Protect
|move|p1b: Sinistcha|Protect|p1b: Sinistcha
|-singleturn|p1b: Sinistcha|Protect
|move|p1a: Delphox|Heat Wave|p2b: Garchomp|[spread] 
|-activate|p2a: Sylveon|move: Protect
|-activate|p2b: Garchomp|move: Protect
|
|-weather|none
|upkeep
|turn|6
|
|t:|1782665225
|move|p1b: Sinistcha|Protect|p1b: Sinistcha
|-singleturn|p1b: Sinistcha|Protect
|move|p1a: Delphox|Heat Wave|p2a: Sylveon|[spread] p2a,p2b
|-resisted|p2b: Garchomp|1
|-damage|p2a: Sylveon|65/100
|-damage|p2b: Garchomp|0 fnt
|faint|p2b: Garchomp
|move|p2a: Sylveon|Hyper Voice|p1b: Sinistcha|[spread] p1a
|-activate|p1b: Sinistcha|move: Protect
|-resisted|p1a: Delphox|1
|-damage|p1a: Delphox|48/100
|
|upkeep
|
|t:|1782665235
|switch|p2b: Kingambit|Kingambit, L50, F|100/100
|turn|7
|
|t:|1782665265
|move|p2b: Kingambit|Protect|p2b: Kingambit
|-singleturn|p2b: Kingambit|Protect
|move|p1b: Sinistcha|Rage Powder|p1b: Sinistcha
|-singleturn|p1b: Sinistcha|move: Rage Powder
|move|p1a: Delphox|Heat Wave|p2a: Sylveon|[spread] p2a
|-activate|p2b: Kingambit|move: Protect
|-damage|p2a: Sylveon|32/100
|move|p2a: Sylveon|Hyper Beam|p1b: Sinistcha
|-damage|p1b: Sinistcha|0 fnt
|-mustrecharge|p2a: Sylveon
|faint|p1b: Sinistcha
|
|upkeep
|turn|8
|
|t:|1782665277
|move|p2b: Kingambit|Sucker Punch|p1a: Delphox
|-supereffective|p1a: Delphox|1
|-damage|p1a: Delphox|0 fnt
|faint|p1a: Delphox
|
|win|denaby
|c|☆denaby|gg
