|j|☆pepethegoatscrote
|j|☆gundot
|html|pepethegoatscrotegundot    
|uhtml|bestof|Game 2 of a best-of-3
|t:|1783553186
|gametype|doubles
|player|p1|pepethegoatscrote|1|1161
|player|p2|gundot|2|1197
|gen|9
|tier|[Gen 9 Champions] VGC 2026 Reg M-B (Bo3)
|rated|
|rule|Species Clause: Limit one of each Pokémon
|rule|Item Clause: Limit 1 of each item
|clearpoke
|poke|p1|Charizard, L50, M, shiny|
|poke|p1|Ninetales-Alola, L50, F, shiny|
|poke|p1|Kingambit, L50, M, shiny|
|poke|p1|Milotic, L50, F, shiny|
|poke|p1|Sinistcha, L50, shiny|
|poke|p1|Sneasler, L50, M, shiny|
|poke|p2|Charizard, L50, F, shiny|
|poke|p2|Whimsicott, L50, F|
|poke|p2|Farigiraf, L50, F, shiny|
|poke|p2|Garchomp, L50, M|
|poke|p2|Mawile, L50, F, shiny|
|poke|p2|Basculegion, L50, M|
|teampreview|4
|showteam|p1|Charizard||CharizarditeX|Blaze|FlareBlitz,WillOWisp,Roost,Protect|Jolly||M|||50|]Ninetales-Alola||NeverMeltIce|SnowWarning|FreezeDry,IcyWind,AuroraVeil,Blizzard|Timid||F|||50|]Kingambit||BlackGlasses|Defiant|KowtowCleave,SuckerPunch,IronHead,LowKick|Adamant||M|||50|]Milotic||Leftovers|Competitive|Scald,Recover,Haze,Protect|Modest||F|||50|]Sinistcha||SitrusBerry|Hospitality|MatchaGotcha,LifeDew,RagePowder,TrickRoom|Calm|||||50|]Sneasler||WhiteHerb|Unburden|FakeOut,CloseCombat,DireClaw,Protect|Adamant||M|||50|
|showteam|p2|Charizard||CharizarditeY|SolarPower|HeatWave,WeatherBall,SolarBeam,Protect|Modest||F|||50|]Whimsicott||FocusSash|Prankster|Moonblast,Tailwind,Encore,Protect|Timid||F|||50|]Farigiraf||SitrusBerry|ArmorTail|Psychic,Thunderbolt,TrickRoom,HelpingHand|Modest||F|||50|]Garchomp||LifeOrb|RoughSkin|Earthquake,DragonClaw,RockSlide,Protect|Jolly||M|||50|]Mawile||Mawilite|HyperCutter|PlayRough,RockSlide,SuckerPunch,Protect|Adamant||F|||50|]Basculegion||MysticWater|Adaptability|WaveCrash,AquaJet,LastRespects,Protect|Adamant||M|||50|
|inactive|Battle timer is ON: inactive players will automatically lose when time's up. (requested by gundot)
|
|t:|1783553208
|teamsize|p1|4
|teamsize|p2|4
|start
|switch|p1a: Sneasler|Sneasler, L50, M, shiny|100/100
|switch|p1b: Charizard|Charizard, L50, M, shiny|100/100
|switch|p2a: Farigiraf|Farigiraf, L50, F, shiny|100/100
|switch|p2b: Basculegion|Basculegion, L50, M|100/100
|turn|1
|
|t:|1783553230
|detailschange|p1b: Charizard|Charizard-Mega-X, L50, M, shiny
|-mega|p1b: Charizard|Charizard|Charizardite X
|move|p1a: Sneasler|Close Combat|p2a: Farigiraf
|-damage|p2a: Farigiraf|35/100
|-unboost|p1a: Sneasler|def|1
|-unboost|p1a: Sneasler|spd|1
|-enditem|p2a: Farigiraf|Sitrus Berry|[eat]
|-heal|p2a: Farigiraf|60/100|[from] item: Sitrus Berry
|-enditem|p1a: Sneasler|White Herb
|-clearnegativeboost|p1a: Sneasler|[silent]
|move|p1b: Charizard|Flare Blitz|p2a: Farigiraf
|-damage|p2a: Farigiraf|1/100
|-damage|p1b: Charizard|74/100|[from] Recoil
|move|p2b: Basculegion|Wave Crash|p1b: Charizard
|-damage|p1b: Charizard|0 fnt
|faint|p1b: Charizard
|-damage|p2b: Basculegion|79/100|[from] Recoil
|move|p2a: Farigiraf|Psychic|p1a: Sneasler
|-supereffective|p1a: Sneasler|2
|-damage|p1a: Sneasler|0 fnt
|faint|p1a: Sneasler
|
|upkeep
|
|t:|1783553246
|switch|p1a: Kingambit|Kingambit, L50, M, shiny|100/100
|switch|p1b: Ninetales|Ninetales-Alola, L50, F, shiny|100/100
|-weather|Snowscape|[from] ability: Snow Warning|[of] p1b: Ninetales
|turn|2
|
|t:|1783553268
|move|p2a: Farigiraf|Helping Hand|p2b: Basculegion
|-singleturn|p2b: Basculegion|Helping Hand|[of] p2a: Farigiraf
|move|p1a: Kingambit|Sucker Punch||[still]
|cant|p2a: Farigiraf|ability: Armor Tail|Sucker Punch|[of] p1a: Kingambit
|move|p1b: Ninetales|Aurora Veil|p1b: Ninetales
|-sidestart|p1: pepethegoatscrote|move: Aurora Veil
|move|p2b: Basculegion|Wave Crash|p1b: Ninetales
|-damage|p1b: Ninetales|11/100
|-damage|p2b: Basculegion|53/100|[from] Recoil
|
|-weather|Snowscape|[upkeep]
|upkeep
|turn|3
|
|t:|1783553285
|move|p2a: Farigiraf|Helping Hand|p2b: Basculegion
|-singleturn|p2b: Basculegion|Helping Hand|[of] p2a: Farigiraf
|move|p2b: Basculegion|Aqua Jet|p1b: Ninetales
|-damage|p1b: Ninetales|0 fnt
|faint|p1b: Ninetales
|move|p1a: Kingambit|Kowtow Cleave|p2a: Farigiraf
|-supereffective|p2a: Farigiraf|1
|-damage|p2a: Farigiraf|0 fnt
|faint|p2a: Farigiraf
|
|-weather|Snowscape|[upkeep]
|upkeep
|
|t:|1783553295
|switch|p2a: Mawile|Mawile, L50, F, shiny|100/100
|turn|4
|inactive|pepethegoatscrote has 30 seconds left.
|inactive|pepethegoatscrote has 20 seconds left.
|inactive|pepethegoatscrote has 15 seconds left.
|inactive|pepethegoatscrote has 10 seconds left.
|inactive|pepethegoatscrote has 5 seconds left.
|
|t:|1783553350
|detailschange|p2a: Mawile|Mawile-Mega, L50, F, shiny
|-mega|p2a: Mawile|Mawile|Mawilite
|move|p2b: Basculegion|Wave Crash|p1a: Kingambit
|-damage|p1a: Kingambit|50/100g
|-damage|p2b: Basculegion|37/100|[from] Recoil
|move|p1a: Kingambit|Kowtow Cleave|p2a: Mawile
|-resisted|p2a: Mawile|1
|-damage|p2a: Mawile|72/100
|move|p2a: Mawile|Play Rough|p1a: Kingambit
|-damage|p1a: Kingambit|8/100
|
|-weather|Snowscape|[upkeep]
|upkeep
|turn|5
|
|t:|1783553368
|move|p2b: Basculegion|Aqua Jet|p1a: Kingambit
|-damage|p1a: Kingambit|0 fnt
|faint|p1a: Kingambit
|
|win|gundot
|raw|pepethegoatscrote's rating: 1161 → 1139(-22 for losing)
|raw|gundot's rating: 1197 → 1219(+22 for winning)
