|j|☆2cmdemaximopoder
|j|☆4wobu
|html|2cmdemaximopoder4wobu    
|uhtml|bestof|Game 3 of a best-of-3
|t:|1783584564
|gametype|doubles
|player|p1|2cmdemaximopoder|265|1108
|player|p2|4wobu|2|1000
|gen|9
|tier|[Gen 9 Champions] VGC 2026 Reg M-B (Bo3)
|rated|
|rule|Species Clause: Limit one of each Pokémon
|rule|Item Clause: Limit 1 of each item
|clearpoke
|poke|p1|Blastoise, L50, F|
|poke|p1|Delphox, L50, F|
|poke|p1|Incineroar, L50, F|
|poke|p1|Sneasler, L50, F|
|poke|p1|Sinistcha, L50|
|poke|p1|Maushold-Four, L50|
|poke|p2|Decidueye-Hisui, L50, M|
|poke|p2|Arcanine-Hisui, L50, F|
|poke|p2|Charizard, L50, M|
|poke|p2|Venusaur, L50, F|
|poke|p2|Dragapult, L50, M|
|poke|p2|Kingambit, L50, M|
|teampreview|4
|showteam|p1|Blastoise||Blastoisinite|RainDish|WaterSpout,DarkPulse,ShellSmash,Protect|Modest||F|||50|]Delphox||Delphoxite|Blaze|HeatWave,Psyshock,NastyPlot,Protect|Timid||F|||50|]Incineroar||SitrusBerry|Intimidate|FakeOut,FlareBlitz,ThroatChop,PartingShot|Impish||F|||50|]Sneasler||FocusSash|PoisonTouch|FakeOut,CloseCombat,DireClaw,QuickGuard|Jolly||F|||50|]Sinistcha||KasibBerry|Hospitality|MatchaGotcha,LifeDew,RagePowder,Protect|Bold|||||50|]Maushold-Four||ChopleBerry|FriendGuard|SuperFang,Feint,FollowMe,Protect|Impish|||||50|
|showteam|p2|Decidueye-Hisui||ScopeLens|Scrappy|TripleArrows,LeafBlade,Protect,Tailwind|Careful||M|||50|]Arcanine-Hisui||LifeOrb|RockHead|FlareBlitz,HeadSmash,ExtremeSpeed,Protect|Jolly||F|||50|]Charizard||CharizarditeY|Blaze|HeatWave,Protect,WeatherBall,ScorchingSands|Timid||M|||50|]Venusaur||SitrusBerry|Chlorophyll|SleepPowder,SolarBeam,SludgeBomb,EarthPower|Timid||F|||50|]Dragapult||DragonFang|ClearBody|WillOWisp,DragonDarts,PsychicFangs,PhantomForce|Jolly||M|||50|]Kingambit||BlackGlasses|Defiant|SuckerPunch,KowtowCleave,IronHead,Protect|Adamant||M|||50|
|inactive|Battle timer is ON: inactive players will automatically lose when time's up. (requested by 2cmdemaximopoder)
|
|t:|1783584590
|teamsize|p1|4
|teamsize|p2|4
|start
|switch|p1a: Delphox|Delphox, L50, F|100/100
|switch|p1b: Maushold|Maushold-Four, L50|100/100
|switch|p2a: Dragapult|Dragapult, L50, M|100/100
|switch|p2b: Venusaur|Venusaur, L50, F|100/100
|turn|1
|
|t:|1783584613
|detailschange|p1a: Delphox|Delphox-Mega, L50, F
|-mega|p1a: Delphox|Delphox|Delphoxite
|move|p1b: Maushold|Follow Me|p1b: Maushold
|-singleturn|p1b: Maushold|move: Follow Me
|move|p2a: Dragapult|Dragon Darts|p1b: Maushold
|-damage|p1b: Maushold|71/100
|-anim|p2a: Dragapult|Dragon Darts|p1b: Maushold
|-damage|p1b: Maushold|44/100
|move|p1a: Delphox|Nasty Plot|p1a: Delphox
|-boost|p1a: Delphox|spa|2
|move|p2b: Venusaur|Sleep Powder|p1b: Maushold
|-status|p1b: Maushold|slp|[from] move: Sleep Powder
|
|upkeep
|turn|2
|
|t:|1783584637
|switch|p2b: Charizard|Charizard, L50, M|100/100
|switch|p1b: Sneasler|Sneasler, L50, F|100/100
|move|p2a: Dragapult|Phantom Force||[still]
|-prepare|p2a: Dragapult|Phantom Force
|move|p1a: Delphox|Psyshock|p2a: Dragapult|[miss]
|-miss|p1a: Delphox|p2a: Dragapult
|
|upkeep
|turn|3
|
|t:|1783584652
|switch|p1a: Incineroar|Incineroar, L50, F|100/100
|-ability|p1a: Incineroar|Intimidate|boost
|-fail|p2a: Dragapult|unboost|[from] ability: Clear Body|[of] p2a: Dragapult
|-unboost|p2b: Charizard|atk|1
|detailschange|p2b: Charizard|Charizard-Mega-Y, L50, M
|-mega|p2b: Charizard|Charizard|Charizardite Y
|-weather|SunnyDay|[from] ability: Drought|[of] p2b: Charizard
|move|p2b: Charizard|Protect|p2b: Charizard
|-singleturn|p2b: Charizard|Protect
|move|p1b: Sneasler|Fake Out|p2b: Charizard
|-activate|p2b: Charizard|move: Protect
|move|p2a: Dragapult|Phantom Force|p1a: Incineroar|[from] lockedmove
|-resisted|p1a: Incineroar|1
|-damage|p1a: Incineroar|83/100
|
|-weather|SunnyDay|[upkeep]
|upkeep
|turn|4
|
|t:|1783584673
|move|p2a: Dragapult|Psychic Fangs|p1b: Sneasler
|-supereffective|p1b: Sneasler|2
|-enditem|p1b: Sneasler|Focus Sash
|-damage|p1b: Sneasler|1/100
|move|p1b: Sneasler|Dire Claw|p2b: Charizard
|-damage|p2b: Charizard|37/100
|-status|p2b: Charizard|psn
|move|p2b: Charizard|Scorching Sands|p1a: Incineroar
|-supereffective|p1a: Incineroar|1
|-damage|p1a: Incineroar|34/100
|-enditem|p1a: Incineroar|Sitrus Berry|[eat]
|-heal|p1a: Incineroar|59/100|[from] item: Sitrus Berry
|move|p1a: Incineroar|Throat Chop|p2b: Charizard
|-damage|p2b: Charizard|0 fnt
|faint|p2b: Charizard
|
|-weather|SunnyDay|[upkeep]
|upkeep
|
|t:|1783584689
|switch|p2b: Venusaur|Venusaur, L50, F|100/100
|turn|5
|
|t:|1783584700
|move|p2b: Venusaur|Sleep Powder|p1a: Incineroar
|-status|p1a: Incineroar|slp|[from] move: Sleep Powder
|move|p2a: Dragapult|Dragon Darts|p1b: Sneasler
|-damage|p1b: Sneasler|0 fnt
|-anim|p2a: Dragapult|Dragon Darts|p1a: Incineroar
|-damage|p1a: Incineroar|35/100 slp
|faint|p1b: Sneasler
|cant|p1a: Incineroar|slp
|
|-weather|SunnyDay|[upkeep]
|upkeep
|
|t:|1783584703
|switch|p1b: Delphox|Delphox-Mega, L50, F|100/100
|turn|6
|
|t:|1783584725
|move|p1b: Delphox|Protect|p1b: Delphox
|-singleturn|p1b: Delphox|Protect
|move|p2b: Venusaur|Sleep Powder|p1b: Delphox
|-activate|p1b: Delphox|move: Protect
|move|p2a: Dragapult|Phantom Force||[still]
|-prepare|p2a: Dragapult|Phantom Force
|cant|p1a: Incineroar|slp
|
|-weather|SunnyDay|[upkeep]
|upkeep
|turn|7
|
|t:|1783584734
|switch|p1b: Maushold|Maushold-Four, L50|44/100 slp
|move|p2b: Venusaur|Earth Power|p1a: Incineroar
|-supereffective|p1a: Incineroar|1
|-damage|p1a: Incineroar|1/100 slp
|move|p2a: Dragapult|Phantom Force|p1b: Maushold|[from] lockedmove
|-immune|p1b: Maushold
|-curestatus|p1a: Incineroar|slp|[msg]
|move|p1a: Incineroar|Flare Blitz|p2b: Venusaur
|-supereffective|p2b: Venusaur|1
|-damage|p2b: Venusaur|0 fnt
|faint|p2b: Venusaur
|-damage|p1a: Incineroar|0 fnt|[from] Recoil
|faint|p1a: Incineroar
|
|-weather|none
|upkeep
|
|t:|1783584743
|switch|p2b: Decidueye|Decidueye-Hisui, L50, M|100/100
|switch|p1a: Delphox|Delphox-Mega, L50, F|100/100
|turn|8
|
|t:|1783584757
|cant|p1b: Maushold|slp
|move|p2a: Dragapult|Phantom Force||[still]
|-prepare|p2a: Dragapult|Phantom Force
|move|p1a: Delphox|Psyshock|p2b: Decidueye
|-supereffective|p2b: Decidueye|1
|-damage|p2b: Decidueye|7/100
|move|p2b: Decidueye|Triple Arrows|p1b: Maushold
|-supereffective|p1b: Maushold|1
|-crit|p1b: Maushold
|-enditem|p1b: Maushold|Chople Berry|[eat]
|-enditem|p1b: Maushold|Chople Berry|[weaken]
|-damage|p1b: Maushold|0 fnt
|faint|p1b: Maushold
|
|upkeep
|turn|9
|
|t:|1783584772
|move|p2b: Decidueye|Protect|p2b: Decidueye
|-singleturn|p2b: Decidueye|Protect
|move|p2a: Dragapult|Phantom Force|p1a: Delphox|[from] lockedmove
|-supereffective|p1a: Delphox|1
|-damage|p1a: Delphox|0 fnt
|faint|p1a: Delphox
|
|win|4wobu
|raw|2cmdemaximopoder's rating: 1108 → 1075(-33 for losing)
|raw|4wobu's rating: 1000 → 1052(+52 for winning)
