|j|☆the rainy mouse
|j|☆Gozante
|html|the rainy mouseGozante    
|uhtml|bestof|Game 3 of a best-of-3
|t:|1785769573
|gametype|doubles
|player|p1|the rainy mouse|pokemaniac|1396
|player|p2|Gozante|2|1537
|gen|9
|tier|[Gen 9 Champions] VGC 2026 Reg M-B (Bo3)
|rated|
|rule|Species Clause: Limit one of each Pokémon
|rule|Item Clause: Limit 1 of each item
|clearpoke
|poke|p1|Charizard, L50, F|
|poke|p1|Garchomp, L50, F|
|poke|p1|Incineroar, L50, M|
|poke|p1|Venusaur, L50, F|
|poke|p1|Toxapex, L50, F|
|poke|p1|Annihilape, L50, F|
|poke|p2|Floette-Eternal, L50, F|
|poke|p2|Delphox, L50, F|
|poke|p2|Sneasler, L50, F|
|poke|p2|Incineroar, L50, F|
|poke|p2|Kingambit, L50, M|
|poke|p2|Sinistcha, L50|
|teampreview|4
|showteam|p1|Charizard||CharizarditeY|Blaze|WeatherBall,HeatWave,AncientPower,Protect|Modest||F|||50|]Garchomp||ChoiceScarf|RoughSkin|RockSlide,DragonClaw,Earthquake,StompingTantrum|Adamant||F|||50|]Incineroar||SitrusBerry|Intimidate|FlareBlitz,FakeOut,DarkestLariat,PartingShot|Impish||M|||50|]Venusaur||LifeOrb|Chlorophyll|SludgeBomb,LeafStorm,EarthPower,Protect|Modest||F|||50|]Toxapex||Leftovers|Regenerator|Infestation,Toxic,WideGuard,BanefulBunker|Bold||F|||50|]Annihilape||FocusSash|Defiant|CloseCombat,PhantomForce,RockTomb,Protect|Adamant||F|||50|
|showteam|p2|Floette-Eternal||Floettite|FlowerVeil|Protect,CalmMind,DazzlingGleam,Moonblast|Modest||F|||50|]Delphox||Delphoxite|Blaze|Protect,NastyPlot,Psychic,HeatWave|Modest||F|||50|]Sneasler||FocusSash|PoisonTouch|FakeOut,PoisonJab,CloseCombat,RockTomb|Jolly||F|||50|]Incineroar||SitrusBerry|Intimidate|FakeOut,ThroatChop,PartingShot,FlareBlitz|Careful||F|||50|]Kingambit||LifeOrb|Defiant|Protect,SwordsDance,SuckerPunch,KowtowCleave|Adamant||M|||50|]Sinistcha||ColburBerry|Hospitality|Protect,TrickRoom,RagePowder,MatchaGotcha|Bold|||||50|
|inactive|Battle timer is ON: inactive players will automatically lose when time's up. (requested by the rainy mouse)
|inactive|the rainy mouse has 60 seconds left.
|
|t:|1785769614
|teamsize|p1|4
|teamsize|p2|4
|start
|switch|p1a: Incineroar|Incineroar, L50, M|100/100
|switch|p1b: Annihilape|Annihilape, L50, F|100/100
|switch|p2a: Delphox|Delphox, L50, F|100/100
|switch|p2b: Sneasler|Sneasler, L50, F|100/100
|-ability|p1a: Incineroar|Intimidate|boost
|-unboost|p2a: Delphox|atk|1
|-unboost|p2b: Sneasler|atk|1
|turn|1
|
|t:|1785769624
|detailschange|p2a: Delphox|Delphox-Mega, L50, F
|-mega|p2a: Delphox|Delphox|Delphoxite
|move|p2b: Sneasler|Fake Out|p1a: Incineroar
|-damage|p1a: Incineroar|92/100
|-status|p1a: Incineroar|psn|[from] ability: Poison Touch|[of] p2b: Sneasler
|cant|p1a: Incineroar|flinch
|move|p2a: Delphox|Psychic|p1b: Annihilape
|-supereffective|p1b: Annihilape|1
|-enditem|p1b: Annihilape|Focus Sash
|-damage|p1b: Annihilape|1/100
|move|p1b: Annihilape|Phantom Force||[still]
|-prepare|p1b: Annihilape|Phantom Force
|
|-damage|p1a: Incineroar|79/100 psn|[from] psn
|upkeep
|turn|2
|inactive|the rainy mouse has 30 seconds left.
|
|t:|1785769655
|switch|p2a: Incineroar|Incineroar, L50, F|100/100
|-ability|p2a: Incineroar|Intimidate|boost
|-unboost|p1a: Incineroar|atk|1
|-unboost|p1b: Annihilape|atk|1
|-ability|p1b: Annihilape|Defiant|boost
|-boost|p1b: Annihilape|atk|2
|move|p2b: Sneasler|Close Combat|p1a: Incineroar
|-supereffective|p1a: Incineroar|1
|-damage|p1a: Incineroar|20/100y psn
|-unboost|p2b: Sneasler|def|1
|-unboost|p2b: Sneasler|spd|1
|-enditem|p1a: Incineroar|Sitrus Berry|[eat]
|-heal|p1a: Incineroar|45/100 psn|[from] item: Sitrus Berry
|move|p1b: Annihilape|Phantom Force|p2a: Incineroar|[from] lockedmove
|-resisted|p2a: Incineroar|1
|-damage|p2a: Incineroar|64/100
|move|p1a: Incineroar|Parting Shot|p2b: Sneasler
|-unboost|p2b: Sneasler|atk|1
|-unboost|p2b: Sneasler|spa|1
|inactive|the rainy mouse has 30 seconds left.
|
|t:|1785769688
|switch|p1a: Garchomp|Garchomp, L50, F|100/100|[from] Parting Shot
|
|upkeep
|turn|3
|
|t:|1785769714
|move|p1b: Annihilape|Protect|p1b: Annihilape
|-singleturn|p1b: Annihilape|Protect
|move|p1a: Garchomp|Stomping Tantrum|p2a: Incineroar
|-supereffective|p2a: Incineroar|1
|-damage|p2a: Incineroar|0 fnt
|faint|p2a: Incineroar
|move|p2b: Sneasler|Poison Jab|p1b: Annihilape
|-activate|p1b: Annihilape|move: Protect
|
|upkeep
|
|t:|1785769722
|switch|p2a: Delphox|Delphox-Mega, L50, F|100/100
|turn|4
|
|t:|1785769733
|switch|p1a: Incineroar|Incineroar, L50, M|45/100 psn
|-ability|p1a: Incineroar|Intimidate|boost
|-unboost|p2a: Delphox|atk|1
|-unboost|p2b: Sneasler|atk|1
|move|p2b: Sneasler|Poison Jab|p1b: Annihilape
|-resisted|p1b: Annihilape|1
|-damage|p1b: Annihilape|0 fnt
|faint|p1b: Annihilape
|move|p2a: Delphox|Nasty Plot|p2a: Delphox
|-boost|p2a: Delphox|spa|2
|
|-damage|p1a: Incineroar|32/100 psn|[from] psn
|upkeep
|
|t:|1785769738
|switch|p1b: Garchomp|Garchomp, L50, F|100/100
|turn|5
|
|t:|1785769753
|move|p2a: Delphox|Protect|p2a: Delphox
|-singleturn|p2a: Delphox|Protect
|move|p1b: Garchomp|Rock Slide|p2b: Sneasler|[spread] p2b
|-activate|p2a: Delphox|move: Protect
|-resisted|p2b: Sneasler|1
|-damage|p2b: Sneasler|72/100
|cant|p2b: Sneasler|flinch
|move|p1a: Incineroar|Parting Shot|p2b: Sneasler
|-unboost|p2b: Sneasler|atk|1
|-unboost|p2b: Sneasler|spa|1
|
|t:|1785769756
|switch|p1a: Toxapex|Toxapex, L50, F|100/100|[from] Parting Shot
|
|upkeep
|turn|6
|
|t:|1785769773
|move|p1b: Garchomp|Rock Slide|p2b: Sneasler|[spread] p2a,p2b
|-supereffective|p2a: Delphox|1
|-resisted|p2b: Sneasler|1
|-damage|p2a: Delphox|40/100
|-damage|p2b: Sneasler|42/100
|move|p2b: Sneasler|Rock Tomb|p1a: Toxapex
|-damage|p1a: Toxapex|94/100
|-unboost|p1a: Toxapex|spe|1
|move|p2a: Delphox|Psychic|p1b: Garchomp
|-damage|p1b: Garchomp|0 fnt
|faint|p1b: Garchomp
|move|p1a: Toxapex|Infestation|p2a: Delphox
|-damage|p2a: Delphox|38/100
|-activate|p2a: Delphox|move: Infestation|[of] p1a: Toxapex
|
|-heal|p1a: Toxapex|100/100|[from] item: Leftovers
|-damage|p2a: Delphox|25/100|[from] move: Infestation|[partiallytrapped]
|upkeep
|
|t:|1785769783
|switch|p1b: Incineroar|Incineroar, L50, M|32/100 psn
|-ability|p1b: Incineroar|Intimidate|boost
|-unboost|p2a: Delphox|atk|1
|-unboost|p2b: Sneasler|atk|1
|turn|7
|
|t:|1785769795
|switch|p2b: Sinistcha|Sinistcha, L50|100/100
|-heal|p2a: Delphox|50/100g|[from] ability: Hospitality|[of] p2b: Sinistcha
|move|p2a: Delphox|Protect|p2a: Delphox
|-singleturn|p2a: Delphox|Protect
|move|p1b: Incineroar|Fake Out|p2a: Delphox
|-activate|p2a: Delphox|move: Protect
|move|p1a: Toxapex|Infestation|p2b: Sinistcha
|-damage|p2b: Sinistcha|97/100
|-activate|p2b: Sinistcha|move: Infestation|[of] p1a: Toxapex
|
|-damage|p1b: Incineroar|20/100y psn|[from] psn
|-damage|p2a: Delphox|38/100|[from] move: Infestation|[partiallytrapped]
|-damage|p2b: Sinistcha|84/100|[from] move: Infestation|[partiallytrapped]
|upkeep
|turn|8
|
|t:|1785769809
|move|p1a: Toxapex|Baneful Bunker|p1a: Toxapex
|-singleturn|p1a: Toxapex|move: Protect
|move|p2b: Sinistcha|Rage Powder|p2b: Sinistcha
|-singleturn|p2b: Sinistcha|move: Rage Powder
|move|p2a: Delphox|Psychic|p1a: Toxapex
|-activate|p1a: Toxapex|move: Protect
|move|p1b: Incineroar|Darkest Lariat|p2b: Sinistcha
|-supereffective|p2b: Sinistcha|1
|-enditem|p2b: Sinistcha|Colbur Berry|[eat]
|-enditem|p2b: Sinistcha|Colbur Berry|[weaken]
|-damage|p2b: Sinistcha|56/100
|
|-damage|p1b: Incineroar|7/100 psn|[from] psn
|-damage|p2a: Delphox|25/100|[from] move: Infestation|[partiallytrapped]
|-damage|p2b: Sinistcha|43/100|[from] move: Infestation|[partiallytrapped]
|upkeep
|turn|9
|-message|the rainy mouse forfeited.
|
|win|Gozante
|raw|the rainy mouse's rating: 1396 → 1384(-12 for losing)
|raw|Gozante's rating: 1537 → 1549(+12 for winning)
|c|☆Gozante|ggs
|c|☆the rainy mouse|gg wp
|l|☆Gozante
|player|p2|
