|j|☆Leafeon Enjoyer
|j|☆gamma_90
|html|Leafeon Enjoyergamma_90    
|uhtml|bestof|Game 3 of a best-of-3
|t:|1783031486
|gametype|doubles
|player|p1|Leafeon Enjoyer|shauntal|1271
|player|p2|gamma_90|2|1220
|gen|9
|tier|[Gen 9 Champions] VGC 2026 Reg M-B (Bo3)
|rated|
|rule|Species Clause: Limit one of each Pokémon
|rule|Item Clause: Limit 1 of each item
|clearpoke
|poke|p1|Charizard, L50, F|
|poke|p1|Aerodactyl, L50, F, shiny|
|poke|p1|Kingambit, L50, F|
|poke|p1|Farigiraf, L50, F|
|poke|p1|Sylveon, L50, F, shiny|
|poke|p1|Garchomp, L50, F|
|poke|p2|Annihilape, L50, M|
|poke|p2|Incineroar, L50, F|
|poke|p2|Maushold-Four, L50|
|poke|p2|Froslass, L50, F|
|poke|p2|Gholdengo, L50|
|poke|p2|Aerodactyl, L50, F|
|teampreview|4
|showteam|p1|Charizard||CharizarditeY|Blaze|HeatWave,WeatherBall,SolarBeam,Protect|Modest||F|||50|]Aerodactyl||Aerodactylite|Unnerve|RockSlide,IceFang,DualWingbeat,Tailwind|Jolly||F|||50|]Kingambit||FocusSash|Defiant|KowtowCleave,SuckerPunch,IronHead,LowKick|Adamant||F|||50|]Farigiraf||SitrusBerry|ArmorTail|Psychic,TrickRoom,Thunderbolt,Protect|Bold||F|||50|]Sylveon||FairyFeather|Pixilate|HyperVoice,HyperBeam,QuickAttack,Detect|Modest||F|||50|]Garchomp||LifeOrb|RoughSkin|Earthquake,DragonClaw,StompingTantrum,Protect|Jolly||F|||50|
|showteam|p2|Annihilape||Leftovers|Defiant|DrainPunch,RageFist,BulkUp,Protect|Adamant||M|||50|]Incineroar||PasshoBerry|Intimidate|PartingShot,DarkestLariat,WillOWisp,FakeOut|Careful||F|||50|]Maushold-Four||SitrusBerry|FriendGuard|BeatUp,FollowMe,Taunt,Protect|Timid|||||50|]Froslass||Froslassite|SnowCloak|Blizzard,ShadowBall,AuroraVeil,Protect|Timid||F|||50|]Gholdengo||ChoiceScarf|GoodasGold|MakeItRain,ShadowBall,FlashCannon,PowerGem|Timid|||||50|]Aerodactyl||Aerodactylite|RockHead|RockSlide,Tailwind,IceFang,Protect|Jolly||F|||50|
|inactive|Battle timer is ON: inactive players will automatically lose when time's up. (requested by Leafeon Enjoyer)
|inactive|gamma_90 has 60 seconds left.
|
|t:|1783031542
|teamsize|p1|4
|teamsize|p2|4
|start
|switch|p1a: Twin Skies|Aerodactyl, L50, F, shiny|100/100
|switch|p1b: mizuiro|Sylveon, L50, F, shiny|100/100
|switch|p2a: Gholdengo|Gholdengo, L50|100/100
|switch|p2b: Maushold|Maushold-Four, L50|100/100
|-ability|p1a: Twin Skies|Unnerve
|turn|1
|inactive|Leafeon Enjoyer has 30 seconds left.
|inactive|gamma_90 has 30 seconds left.
|
|t:|1783031576
|switch|p2b: Aerodactyl|Aerodactyl, L50, F|100/100
|switch|p1b: astroemeria|Farigiraf, L50, F|100/100
|detailschange|p1a: Twin Skies|Aerodactyl-Mega, L50, F, shiny
|-mega|p1a: Twin Skies|Aerodactyl|Aerodactylite
|move|p2a: Gholdengo|Make It Rain|p1b: astroemeria|[spread] p1a,p1b
|-supereffective|p1a: Twin Skies|1
|-damage|p1a: Twin Skies|0 fnt
|-damage|p1b: astroemeria|58/100
|-unboost|p2a: Gholdengo|spa|2
|faint|p1a: Twin Skies
|
|upkeep
|
|t:|1783031580
|switch|p1a: true|Garchomp, L50, F|100/100
|turn|2
|
|t:|1783031591
|switch|p2a: Annihilape|Annihilape, L50, M|100/100
|detailschange|p2b: Aerodactyl|Aerodactyl-Mega, L50, F
|-mega|p2b: Aerodactyl|Aerodactyl|Aerodactylite
|move|p2b: Aerodactyl|Ice Fang|p1a: true
|-supereffective|p1a: true|2
|-damage|p1a: true|0 fnt
|-damage|p2b: Aerodactyl|87/100|[from] ability: Rough Skin|[of] p1a: true
|faint|p1a: true
|move|p1b: astroemeria|Trick Room|p1b: astroemeria
|-fieldstart|move: Trick Room|[of] p1b: astroemeria
|
|upkeep
|
|t:|1783031595
|switch|p1a: mizuiro|Sylveon, L50, F, shiny|100/100
|turn|3
|
|t:|1783031615
|switch|p2b: Maushold|Maushold-Four, L50|100/100
|move|p2a: Annihilape|Protect|p2a: Annihilape
|-singleturn|p2a: Annihilape|Protect
|move|p1b: astroemeria|Psychic|p2a: Annihilape
|-activate|p2a: Annihilape|move: Protect
|move|p1a: mizuiro|Hyper Voice|p2a: Annihilape|[spread] p2b
|-activate|p2a: Annihilape|move: Protect
|-damage|p2b: Maushold|34/100
|-enditem|p2b: Maushold|Sitrus Berry|[eat]
|-heal|p2b: Maushold|59/100|[from] item: Sitrus Berry
|
|upkeep
|turn|4
|
|t:|1783031630
|move|p2b: Maushold|Follow Me|p2b: Maushold
|-singleturn|p2b: Maushold|move: Follow Me
|move|p1b: astroemeria|Psychic|p2b: Maushold
|-damage|p2b: Maushold|19/100
|move|p1a: mizuiro|Hyper Voice|p2a: Annihilape|[spread] p2a,p2b
|-supereffective|p2a: Annihilape|1
|-damage|p2a: Annihilape|40/100
|-damage|p2b: Maushold|0 fnt
|faint|p2b: Maushold
|move|p2a: Annihilape|Rage Fist|p1a: mizuiro
|-damage|p1a: mizuiro|45/100
|
|-heal|p2a: Annihilape|46/100|[from] item: Leftovers
|upkeep
|
|t:|1783031638
|switch|p2b: Gholdengo|Gholdengo, L50|100/100
|turn|5
|
|t:|1783031656
|move|p2a: Annihilape|Protect|p2a: Annihilape
|-singleturn|p2a: Annihilape|Protect
|move|p1b: astroemeria|Thunderbolt|p2b: Gholdengo
|-damage|p2b: Gholdengo|71/100
|move|p1a: mizuiro|Hyper Beam|p2b: Gholdengo
|-resisted|p2b: Gholdengo|1
|-damage|p2b: Gholdengo|4/100
|-mustrecharge|p1a: mizuiro
|move|p2b: Gholdengo|Flash Cannon|p1a: mizuiro
|-supereffective|p1a: mizuiro|1
|-damage|p1a: mizuiro|0 fnt
|faint|p1a: mizuiro
|
|-heal|p2a: Annihilape|53/100|[from] item: Leftovers
|upkeep
|turn|6
|
|t:|1783031665
|move|p1b: astroemeria|Psychic|p2a: Annihilape
|-supereffective|p2a: Annihilape|1
|-damage|p2a: Annihilape|0 fnt
|faint|p2a: Annihilape
|move|p2b: Gholdengo|Flash Cannon|p1b: astroemeria
|-damage|p1b: astroemeria|21/100
|-enditem|p1b: astroemeria|Sitrus Berry|[eat]
|-heal|p1b: astroemeria|46/100|[from] item: Sitrus Berry
|
|-fieldend|move: Trick Room
|upkeep
|
|t:|1783031667
|switch|p2a: Aerodactyl|Aerodactyl-Mega, L50, F|87/100
|turn|7
|
|t:|1783031675
|move|p1b: astroemeria|Protect|p1b: astroemeria
|-singleturn|p1b: astroemeria|Protect
|move|p2b: Gholdengo|Flash Cannon|p1b: astroemeria
|-activate|p1b: astroemeria|move: Protect
|move|p2a: Aerodactyl|Ice Fang|p1b: astroemeria
|-activate|p1b: astroemeria|move: Protect
|
|upkeep
|turn|8
|
|t:|1783031683
|move|p2b: Gholdengo|Flash Cannon|p1b: astroemeria
|-crit|p1b: astroemeria
|-damage|p1b: astroemeria|0 fnt
|faint|p1b: astroemeria
|
|win|gamma_90
|raw|Leafeon Enjoyer's rating: 1271 → 1242(-29 for losing)
|raw|gamma_90's rating: 1220 → 1249(+29 for winning)
|l|☆Leafeon Enjoyer
|player|p1|
