|j|☆Gottkomplexe
|j|☆EchoShadowYT
|html|GottkomplexeEchoShadowYT    
|uhtml|bestof|Game 2 of a best-of-3
|t:|1783715298
|gametype|doubles
|player|p1|Gottkomplexe|ilima|1338
|player|p2|EchoShadowYT|skierf|1308
|gen|9
|tier|[Gen 9 Champions] VGC 2026 Reg M-B (Bo3)
|rated|
|rule|Species Clause: Limit one of each Pokémon
|rule|Item Clause: Limit 1 of each item
|clearpoke
|poke|p1|Archaludon, L50, F|
|poke|p1|Pelipper, L50, M|
|poke|p1|Grimmsnarl, L50, M|
|poke|p1|Sinistcha, L50|
|poke|p1|Basculegion, L50, M|
|poke|p1|Raichu, L50, M|
|poke|p2|Delphox, L50, F|
|poke|p2|Sneasler, L50, F|
|poke|p2|Floette-Eternal, L50, F|
|poke|p2|Kingambit, L50, M|
|poke|p2|Incineroar, L50, M|
|poke|p2|Sinistcha, L50|
|teampreview|4
|showteam|p1|Archaludon||Leftovers|Stamina|DragonPulse,ElectroShot,FlashCannon,Protect|Modest||F|||50|]Pelipper||SitrusBerry|Drizzle|WeatherBall,Hurricane,Tailwind,WideGuard|Modest||M|||50|]Grimmsnarl||LightClay|Prankster|FoulPlay,PartingShot,LightScreen,Reflect|Calm||M|||50|]Sinistcha||CobaBerry|Hospitality|RagePowder,MatchaGotcha,TrickRoom,Protect|Relaxed|||||50|]Basculegion||LifeOrb|SwiftSwim|WaveCrash,LastRespects,AquaJet,Protect|Adamant||M|||50|]Raichu||RaichuniteY|LightningRod|ZapCannon,FocusBlast,FakeOut,Protect|Timid||M|||50|
|showteam|p2|Delphox||Delphoxite|Blaze|HeatWave,Psyshock,NastyPlot,Protect|Timid||F|||50|]Sneasler||FocusSash|PoisonTouch|DireClaw,CloseCombat,FakeOut,Protect|Jolly||F|||50|]Floette-Eternal||Floettite|FlowerVeil|DazzlingGleam,DrainingKiss,CalmMind,Protect|Modest||F|||50|]Kingambit||BlackGlasses|Defiant|KowtowCleave,SuckerPunch,SwordsDance,Protect|Adamant||M|||50|]Incineroar||SitrusBerry|Intimidate|ThroatChop,FlareBlitz,PartingShot,FakeOut|Impish||M|||50|]Sinistcha||KasibBerry|Hospitality|MatchaGotcha,RagePowder,TrickRoom,Protect|Calm|||||50|
|inactive|Battle timer is ON: inactive players will automatically lose when time's up. (requested by Gottkomplexe)
|inactive|EchoShadowYT also wants the timer to be on.
|
|t:|1783715322
|teamsize|p1|4
|teamsize|p2|4
|start
|switch|p1a: Basculegion|Basculegion, L50, M|100/100
|switch|p1b: Raichu|Raichu, L50, M|100/100
|switch|p2a: Floette|Floette-Eternal, L50, F|100/100
|switch|p2b: Sneasler|Sneasler, L50, F|100/100
|turn|1
|inactive|EchoShadowYT has 30 seconds left.
|
|t:|1783715350
|detailschange|p1b: Raichu|Raichu-Mega-Y, L50, M
|-mega|p1b: Raichu|Raichu|Raichunite Y
|detailschange|p2a: Floette|Floette-Mega, L50, F
|-mega|p2a: Floette|Floette|Floettite
|-ability|p2a: Floette|Fairy Aura
|move|p2a: Floette|Protect|p2a: Floette
|-singleturn|p2a: Floette|Protect
|move|p1b: Raichu|Fake Out|p2b: Sneasler
|-damage|p2b: Sneasler|85/100
|cant|p2b: Sneasler|flinch
|move|p1a: Basculegion|Wave Crash|p2a: Floette
|-activate|p2a: Floette|move: Protect
|
|upkeep
|turn|2
|
|t:|1783715363
|switch|p1b: Pelipper|Pelipper, L50, M|100/100
|-weather|RainDance|[from] ability: Drizzle|[of] p1b: Pelipper
|switch|p2a: Sinistcha|Sinistcha, L50|100/100
|-heal|p2b: Sneasler|100/100|[from] ability: Hospitality|[of] p2a: Sinistcha
|move|p1a: Basculegion|Wave Crash|p2a: Sinistcha
|-resisted|p2a: Sinistcha|1
|-damage|p2a: Sinistcha|47/100
|-damage|p1a: Basculegion|84/100|[from] Recoil
|-damage|p1a: Basculegion|74/100|[from] item: Life Orb
|move|p2b: Sneasler|Dire Claw|p1b: Pelipper
|-damage|p1b: Pelipper|54/100
|-status|p1b: Pelipper|par
|
|-weather|RainDance|[upkeep]
|upkeep
|turn|3
|
|t:|1783715384
|move|p2a: Sinistcha|Protect|p2a: Sinistcha
|-singleturn|p2a: Sinistcha|Protect
|move|p1a: Basculegion|Wave Crash|p2a: Sinistcha
|-activate|p2a: Sinistcha|move: Protect
|move|p2b: Sneasler|Dire Claw|p1a: Basculegion
|-resisted|p1a: Basculegion|1
|-damage|p1a: Basculegion|48/100
|-status|p1a: Basculegion|psn|[from] ability: Poison Touch|[of] p2b: Sneasler
|move|p1b: Pelipper|Hurricane|p2b: Sneasler
|-supereffective|p2b: Sneasler|1
|-enditem|p2b: Sneasler|Focus Sash
|-damage|p2b: Sneasler|1/100
|-start|p2b: Sneasler|confusion
|
|-weather|RainDance|[upkeep]
|-damage|p1a: Basculegion|36/100 psn|[from] psn
|upkeep
|turn|4
|inactive|EchoShadowYT has 30 seconds left.
|
|t:|1783715409
|switch|p1a: Archaludon|Archaludon, L50, F|100/100
|switch|p2a: Kingambit|Kingambit, L50, M|100/100
|-activate|p2b: Sneasler|confusion
|-damage|p2b: Sneasler|0 fnt|[from] confusion
|faint|p2b: Sneasler
|move|p1b: Pelipper|Hurricane|p2a: Kingambit
|-resisted|p2a: Kingambit|1
|-damage|p2a: Kingambit|79/100
|
|-weather|RainDance|[upkeep]
|upkeep
|
|t:|1783715419
|switch|p2b: Floette|Floette-Mega, L50, F|100/100
|-ability|p2b: Floette|Fairy Aura
|turn|5
|
|t:|1783715426
|move|p2b: Floette|Calm Mind|p2b: Floette
|-boost|p2b: Floette|spa|1
|-boost|p2b: Floette|spd|1
|move|p1a: Archaludon|Electro Shot||[still]
|-prepare|p1a: Archaludon|Electro Shot
|-boost|p1a: Archaludon|spa|1
|-anim|p1a: Archaludon|Electro Shot|p2a: Kingambit
|-damage|p2a: Kingambit|7/100
|move|p2a: Kingambit|Swords Dance|p2a: Kingambit
|-boost|p2a: Kingambit|atk|2
|move|p1b: Pelipper|Tailwind|p1b: Pelipper
|-sidestart|p1: Gottkomplexe|move: Tailwind
|
|-weather|RainDance|[upkeep]
|upkeep
|turn|6
|
|t:|1783715444
|switch|p1b: Raichu|Raichu-Mega-Y, L50, M|100/100
|move|p1a: Archaludon|Protect|p1a: Archaludon
|-singleturn|p1a: Archaludon|Protect
|move|p2a: Kingambit|Sucker Punch||[still]
|-fail|p2a: Kingambit
|move|p2b: Floette|Draining Kiss|p1a: Archaludon
|-activate|p1a: Archaludon|move: Protect
|
|-weather|none
|upkeep
|turn|7
|
|t:|1783715468
|move|p2b: Floette|Protect|p2b: Floette
|-singleturn|p2b: Floette|Protect
|move|p2a: Kingambit|Protect|p2a: Kingambit
|-singleturn|p2a: Kingambit|Protect
|move|p1b: Raichu|Fake Out|p2b: Floette
|-activate|p2b: Floette|move: Protect
|move|p1a: Archaludon|Dragon Pulse|p2a: Kingambit
|-activate|p2a: Kingambit|move: Protect
|
|upkeep
|turn|8
|inactive|Gottkomplexe has 30 seconds left.
|inactive|Gottkomplexe has 20 seconds left.
|
|t:|1783715505
|switch|p1b: Pelipper|Pelipper, L50, M|54/100 par
|-weather|RainDance|[from] ability: Drizzle|[of] p1b: Pelipper
|move|p2a: Kingambit|Sucker Punch||[still]
|-fail|p2a: Kingambit
|move|p1a: Archaludon|Dragon Pulse|p2a: Kingambit
|-resisted|p2a: Kingambit|1
|-damage|p2a: Kingambit|0 fnt
|faint|p2a: Kingambit
|move|p2b: Floette|Dazzling Gleam|p1a: Archaludon|[spread] p1a,p1b
|-damage|p1a: Archaludon|0 fnt
|-damage|p1b: Pelipper|0 fnt
|faint|p1a: Archaludon
|faint|p1b: Pelipper
|
|-weather|RainDance|[upkeep]
|-sideend|p1: Gottkomplexe|move: Tailwind
|upkeep
|
|t:|1783715519
|switch|p1a: Raichu|Raichu-Mega-Y, L50, M|100/100
|switch|p1b: Basculegion|Basculegion, L50, M|36/100 psn
|switch|p2a: Sinistcha|Sinistcha, L50|47/100
|turn|9
|
|t:|1783715525
|move|p2b: Floette|Protect|p2b: Floette
|-singleturn|p2b: Floette|Protect
|move|p2a: Sinistcha|Protect|p2a: Sinistcha
|-singleturn|p2a: Sinistcha|Protect
|move|p1a: Raichu|Fake Out|p2b: Floette
|-activate|p2b: Floette|move: Protect
|move|p1b: Basculegion|Last Respects|p2a: Sinistcha
|-activate|p2a: Sinistcha|move: Protect
|
|-weather|RainDance|[upkeep]
|-damage|p1b: Basculegion|23/100 psn|[from] psn
|upkeep
|turn|10
|
|t:|1783715536
|move|p2a: Sinistcha|Rage Powder|p2a: Sinistcha
|-singleturn|p2a: Sinistcha|move: Rage Powder
|move|p1b: Basculegion|Last Respects|p2a: Sinistcha
|-supereffective|p2a: Sinistcha|1
|-crit|p2a: Sinistcha
|-enditem|p2a: Sinistcha|Kasib Berry|[eat]
|-enditem|p2a: Sinistcha|Kasib Berry|[weaken]
|-damage|p2a: Sinistcha|0 fnt
|faint|p2a: Sinistcha
|-damage|p1b: Basculegion|14/100 psn|[from] item: Life Orb
|move|p1a: Raichu|Zap Cannon|p2b: Floette
|-damage|p2b: Floette|65/100
|-status|p2b: Floette|par
|move|p2b: Floette|Dazzling Gleam|p1b: Basculegion|[spread] p1a,p1b
|-crit|p1a: Raichu
|-damage|p1a: Raichu|0 fnt
|-damage|p1b: Basculegion|0 fnt
|faint|p1a: Raichu
|faint|p1b: Basculegion
|
|win|EchoShadowYT
|raw|Gottkomplexe's rating: 1338 → 1316(-22 for losing)
|raw|EchoShadowYT's rating: 1308 → 1330(+22 for winning)
|l|☆Gottkomplexe
|player|p1|
