|j|☆Muzana
|j|☆Nusssack
|html|MuzanaNusssack    
|uhtml|bestof|Game 1 of a best-of-3
|t:|1783517524
|gametype|doubles
|player|p1|Muzana|1|1040
|player|p2|Nusssack|volkner|1110
|gen|9
|tier|[Gen 9 Champions] VGC 2026 Reg M-B (Bo3)
|rated|
|rule|Species Clause: Limit one of each Pokémon
|rule|Item Clause: Limit 1 of each item
|clearpoke
|poke|p1|Blaziken, L50, M|
|poke|p1|Charizard, L50, M|
|poke|p1|Incineroar, L50, M|
|poke|p1|Ceruledge, L50, F|
|poke|p1|Armarouge, L50, F|
|poke|p1|Typhlosion, L50, F|
|poke|p2|Scizor, L50, F|
|poke|p2|Lopunny, L50, M|
|poke|p2|Liepard, L50, F|
|poke|p2|Chandelure, L50, M|
|poke|p2|Milotic, L50, F|
|poke|p2|Garchomp, L50, F|
|teampreview|4
|showteam|p1|Blaziken||FocusSash|SpeedBoost|FlareBlitz,CloseCombat,RockSlide,Protect|Adamant||M|||50|]Charizard||CharizarditeY|Blaze|SolarBeam,Flamethrower,AirSlash,HeatWave|Timid||M|||50|]Incineroar||SitrusBerry|Intimidate|FakeOut,PartingShot,FlareBlitz,DarkestLariat|Adamant||M|||50|]Ceruledge||ExpertBelt|WeakArmor|ShadowSneak,Poltergeist,BitterBlade,SwordsDance|Jolly||F|||50|]Armarouge||Leftovers|WeakArmor|ArmorCannon,Psychic,ExpandingForce,PsychicTerrain|Modest||F|||50|]Typhlosion||ChoiceScarf|FlashFire|Eruption,ScorchingSands,ShadowBall,HeatWave|Timid||F|||50|
|showteam|p2|Scizor||SitrusBerry|Technician|BulletPunch,BugBite,Tailwind,Protect|Careful||F|||50|]Lopunny||Lopunnite|Limber|FakeOut,CloseCombat,AfterYou,Protect|Jolly||M|||50|]Liepard||FocusSash|Prankster|DarkPulse,NastyPlot,BatonPass,Encore|Timid||F|||50|]Chandelure||LifeOrb|Infiltrator|HeatWave,ShadowBall,ClearSmog,Protect|Modest||M|||50|]Milotic||Leftovers|Competitive|IcyWind,Scald,IceBeam,Protect|Bold||F|||50|]Garchomp||WhiteHerb|RoughSkin|StompingTantrum,DragonClaw,SwordsDance,Protect|Serious||F|||50|
|inactive|Battle timer is ON: inactive players will automatically lose when time's up. (requested by Nusssack)
|
|t:|1783517548
|teamsize|p1|4
|teamsize|p2|4
|start
|switch|p1a: Charizard|Charizard, L50, M|100/100
|switch|p1b: Blaziken|Blaziken, L50, M|100/100
|switch|p2a: Kicks|Lopunny, L50, M|100/100
|switch|p2b: Garchomp|Garchomp, L50, F|100/100
|turn|1
|inactive|Muzana has 30 seconds left.
|
|t:|1783517574
|detailschange|p2a: Kicks|Lopunny-Mega, L50, M
|-mega|p2a: Kicks|Lopunny|Lopunnite
|detailschange|p1a: Charizard|Charizard-Mega-Y, L50, M
|-mega|p1a: Charizard|Charizard|Charizardite Y
|-weather|SunnyDay|[from] ability: Drought|[of] p1a: Charizard
|move|p2a: Kicks|Fake Out|p1a: Charizard
|-damage|p1a: Charizard|69/100
|cant|p1a: Charizard|flinch
|move|p2b: Garchomp|Swords Dance|p2b: Garchomp
|-boost|p2b: Garchomp|atk|2
|move|p1b: Blaziken|Rock Slide|p2b: Garchomp|[spread] p2a,p2b
|-resisted|p2a: Kicks|1
|-resisted|p2b: Garchomp|1
|-damage|p2a: Kicks|86/100
|-damage|p2b: Garchomp|89/100
|
|-weather|SunnyDay|[upkeep]
|-ability|p1b: Blaziken|Speed Boost|boost
|-boost|p1b: Blaziken|spe|1
|upkeep
|turn|2
|inactive|Muzana has 30 seconds left.
|
|t:|1783517602
|move|p2a: Kicks|Close Combat|p1b: Blaziken
|-damage|p1b: Blaziken|9/100
|-unboost|p2a: Kicks|def|1
|-unboost|p2a: Kicks|spd|1
|move|p1b: Blaziken|Close Combat|p2b: Garchomp
|-crit|p2b: Garchomp
|-damage|p2b: Garchomp|0 fnt
|-unboost|p1b: Blaziken|def|1
|-unboost|p1b: Blaziken|spd|1
|-damage|p1b: Blaziken|0 fnt|[from] ability: Rough Skin|[of] p2b: Garchomp
|faint|p2b: Garchomp
|faint|p1b: Blaziken
|move|p1a: Charizard|Solar Beam||[still]
|-prepare|p1a: Charizard|Solar Beam
|-anim|p1a: Charizard|Solar Beam|p2a: Kicks
|-damage|p2a: Kicks|0 fnt
|faint|p2a: Kicks
|
|-weather|SunnyDay|[upkeep]
|upkeep
|inactive|Muzana has 30 seconds left.
|
|t:|1783517630
|switch|p2a: Milotic|Milotic, L50, F|100/100
|switch|p2b: Liepard|Liepard, L50, F|100/100
|switch|p1b: Incineroar|Incineroar, L50, M|100/100
|-ability|p1b: Incineroar|Intimidate|boost
|-unboost|p2a: Milotic|atk|1
|-ability|p2a: Milotic|Competitive|boost
|-boost|p2a: Milotic|spa|2
|-unboost|p2b: Liepard|atk|1
|turn|3
|inactive|Muzana has 30 seconds left.
|
|t:|1783517656
|move|p2a: Milotic|Protect|p2a: Milotic
|-singleturn|p2a: Milotic|Protect
|move|p1b: Incineroar|Fake Out|p2b: Liepard
|-damage|p2b: Liepard|70/100
|cant|p2b: Liepard|flinch
|move|p1a: Charizard|Solar Beam||[still]
|-prepare|p1a: Charizard|Solar Beam
|-anim|p1a: Charizard|Solar Beam|p2a: Milotic
|-activate|p2a: Milotic|move: Protect
|
|-weather|SunnyDay|[upkeep]
|upkeep
|turn|4
|
|t:|1783517681
|move|p2b: Liepard|Dark Pulse|p1a: Charizard
|-damage|p1a: Charizard|37/100
|move|p1a: Charizard|Solar Beam||[still]
|-prepare|p1a: Charizard|Solar Beam
|-anim|p1a: Charizard|Solar Beam|p2a: Milotic
|-supereffective|p2a: Milotic|1
|-damage|p2a: Milotic|25/100
|move|p2a: Milotic|Scald|p1a: Charizard
|-supereffective|p1a: Charizard|1
|-damage|p1a: Charizard|0 fnt
|faint|p1a: Charizard
|move|p1b: Incineroar|Darkest Lariat|p2b: Liepard
|-resisted|p2b: Liepard|1
|-damage|p2b: Liepard|25/100
|
|-weather|SunnyDay|[upkeep]
|-heal|p2a: Milotic|31/100|[from] item: Leftovers
|upkeep
|
|t:|1783517700
|switch|p1a: Typhlosion|Typhlosion, L50, F|100/100
|turn|5
|
|t:|1783517712
|move|p2a: Milotic|Protect|p2a: Milotic
|-singleturn|p2a: Milotic|Protect
|move|p1a: Typhlosion|Eruption|p2b: Liepard|[spread] p2b
|-activate|p2a: Milotic|move: Protect
|-damage|p2b: Liepard|0 fnt
|faint|p2b: Liepard
|move|p1b: Incineroar|Flare Blitz|p2a: Milotic
|-activate|p2a: Milotic|move: Protect
|
|-weather|none
|-heal|p2a: Milotic|37/100|[from] item: Leftovers
|upkeep
|turn|6
|-message|Nusssack forfeited.
|raw|Muzana's rating: 1040 → 1081(+41 for winning)
|raw|Nusssack's rating: 1110 → 1080(-30 for losing)
|
|win|Muzana
|l|☆Nusssack
|player|p2|
