|j|☆adjnorr
|j|☆Chocokoala VGC
|html|adjnorrChocokoala VGC    
|uhtml|bestof|Game 1 of a best-of-3
|t:|1782494457
|gametype|doubles
|player|p1|adjnorr|102|1172
|player|p2|Chocokoala VGC|aaron|1297
|gen|9
|tier|[Gen 9 Champions] VGC 2026 Reg M-B (Bo3)
|rated|
|rule|Species Clause: Limit one of each Pokémon
|rule|Item Clause: Limit 1 of each item
|clearpoke
|poke|p1|Pelipper, L50, F|
|poke|p1|Swampert, L50, M|
|poke|p1|Archaludon, L50, M|
|poke|p1|Incineroar, L50, F|
|poke|p1|Whimsicott, L50, M|
|poke|p1|Staraptor, L50, M|
|poke|p2|Scrafty, L50, F, shiny|
|poke|p2|Farigiraf, L50, M|
|poke|p2|Whimsicott, L50, M|
|poke|p2|Gholdengo, L50|
|poke|p2|Raichu, L50, M, shiny|
|poke|p2|Volcarona, L50, M|
|teampreview|4
|showteam|p1|Pelipper||SitrusBerry|Drizzle|WeatherBall,Hurricane,Tailwind,WideGuard|Calm||F|||50|]Swampert||Swampertite|Damp|WaveCrash,Earthquake,IcePunch,Protect|Jolly||M|||50|]Archaludon||Leftovers|Stamina|DragonPulse,FlashCannon,ElectroShot,Protect|Modest||M|||50|]Incineroar||ChopleBerry|Intimidate|FlareBlitz,ThroatChop,FakeOut,PartingShot|Careful||F|||50|]Whimsicott||FocusSash|Prankster|Moonblast,Tickle,Encore,Tailwind|Timid||M|||50|]Staraptor||Staraptite|Intimidate|CloseCombat,DualWingbeat,Roost,Protect|Adamant||M|||50|
|showteam|p2|Scrafty||Scraftinite|Intimidate|FakeOut,KnockOff,Protect,DrainPunch|Adamant||F|||50|]Farigiraf||SitrusBerry|ArmorTail|Psychic,HelpingHand,Protect,TrickRoom|Bold||M|||50|]Whimsicott||FocusSash|Prankster|Tailwind,FakeTears,Encore,Moonblast|Timid||M|||50|]Gholdengo||LifeOrb|GoodasGold|MakeItRain,ShadowBall,Protect,NastyPlot|Modest|||||50|]Raichu||RaichuniteY|LightningRod|ZapCannon,FocusBlast,Protect,GrassKnot|Timid||M|||50|]Volcarona||Leftovers|FlameBody|RagePowder,HeatWave,Protect,StruggleBug|Timid||M|||50|
|inactive|Battle timer is ON: inactive players will automatically lose when time's up. (requested by Chocokoala VGC)
|inactive|adjnorr has 60 seconds left.
|
|t:|1782494507
|teamsize|p1|4
|teamsize|p2|4
|start
|switch|p1a: Incineroar|Incineroar, L50, F|100/100
|switch|p1b: Whimsicott|Whimsicott, L50, M|100/100
|switch|p2a: Whimsicott|Whimsicott, L50, M|100/100
|switch|p2b: Raichu|Raichu, L50, M, shiny|100/100
|-ability|p1a: Incineroar|Intimidate|boost
|-unboost|p2a: Whimsicott|atk|1
|-unboost|p2b: Raichu|atk|1
|turn|1
|
|t:|1782494523
|detailschange|p2b: Raichu|Raichu-Mega-Y, L50, M, shiny
|-mega|p2b: Raichu|Raichu|Raichunite Y
|move|p2a: Whimsicott|Tailwind|p2a: Whimsicott
|-sidestart|p2: Chocokoala VGC|move: Tailwind
|move|p2b: Raichu|Zap Cannon|p1a: Incineroar
|-damage|p1a: Incineroar|49/100
|-status|p1a: Incineroar|par
|move|p1b: Whimsicott|Moonblast|p2a: Whimsicott
|-damage|p2a: Whimsicott|52/100
|move|p1a: Incineroar|Flare Blitz|p2a: Whimsicott
|-supereffective|p2a: Whimsicott|1
|-damage|p2a: Whimsicott|0 fnt
|faint|p2a: Whimsicott
|-damage|p1a: Incineroar|36/100 par|[from] Recoil
|
|upkeep
|
|t:|1782494537
|switch|p2a: Gholdengo|Gholdengo, L50|100/100
|turn|2
|
|t:|1782494552
|move|p1b: Whimsicott|Tailwind|p1b: Whimsicott
|-sidestart|p1: adjnorr|move: Tailwind
|move|p2b: Raichu|Zap Cannon|p1a: Incineroar
|-damage|p1a: Incineroar|0 fnt
|faint|p1a: Incineroar
|move|p2a: Gholdengo|Shadow Ball|p1b: Whimsicott
|-enditem|p1b: Whimsicott|Focus Sash
|-damage|p1b: Whimsicott|1/100
|-damage|p2a: Gholdengo|90/100|[from] item: Life Orb
|
|upkeep
|
|t:|1782494562
|switch|p1a: Swampert|Swampert, L50, M|100/100
|turn|3
|
|t:|1782494569
|switch|p1b: Pelipper|Pelipper, L50, F|100/100
|-weather|RainDance|[from] ability: Drizzle|[of] p1b: Pelipper
|switch|p2a: Scrafty|Scrafty, L50, F, shiny|100/100
|-ability|p2a: Scrafty|Intimidate|boost
|-unboost|p1a: Swampert|atk|1
|-unboost|p1b: Pelipper|atk|1
|detailschange|p1a: Swampert|Swampert-Mega, L50, M
|-mega|p1a: Swampert|Swampert|Swampertite
|move|p2b: Raichu|Protect|p2b: Raichu
|-singleturn|p2b: Raichu|Protect
|move|p1a: Swampert|Earthquake|p2b: Raichu|[spread] p2a
|-activate|p2b: Raichu|move: Protect
|-immune|p1b: Pelipper
|-damage|p2a: Scrafty|73/100
|
|-weather|RainDance|[upkeep]
|upkeep
|turn|4
|inactive|Chocokoala VGC has 30 seconds left.
|
|t:|1782494596
|switch|p1a: Whimsicott|Whimsicott, L50, M|1/100
|move|p2a: Scrafty|Fake Out|p1a: Whimsicott
|-damage|p1a: Whimsicott|0 fnt
|faint|p1a: Whimsicott
|move|p2b: Raichu|Zap Cannon|p1b: Pelipper
|-supereffective|p1b: Pelipper|2
|-damage|p1b: Pelipper|0 fnt
|faint|p1b: Pelipper
|
|-weather|RainDance|[upkeep]
|-sideend|p2: Chocokoala VGC|move: Tailwind
|upkeep
|
|t:|1782494607
|switch|p1b: Swampert|Swampert-Mega, L50, M|100/100
|turn|5
|
|t:|1782494612
|switch|p2a: Gholdengo|Gholdengo, L50|90/100
|move|p2b: Raichu|Protect|p2b: Raichu
|-singleturn|p2b: Raichu|Protect
|move|p1b: Swampert|Wave Crash|p2a: Gholdengo
|-damage|p2a: Gholdengo|0 fnt
|faint|p2a: Gholdengo
|-damage|p1b: Swampert|71/100|[from] Recoil
|
|-weather|RainDance|[upkeep]
|-sideend|p1: adjnorr|move: Tailwind
|upkeep
|
|t:|1782494623
|switch|p2a: Scrafty|Scrafty, L50, F, shiny|73/100
|-ability|p2a: Scrafty|Intimidate|boost
|-unboost|p1b: Swampert|atk|1
|turn|6
|
|t:|1782494627
|move|p1b: Swampert|Protect|p1b: Swampert
|-singleturn|p1b: Swampert|Protect
|move|p2a: Scrafty|Fake Out|p1b: Swampert
|-activate|p1b: Swampert|move: Protect
|move|p2b: Raichu|Grass Knot|p1b: Swampert
|-activate|p1b: Swampert|move: Protect
|
|-weather|RainDance|[upkeep]
|upkeep
|turn|7
|
|t:|1782494635
|move|p2b: Raichu|Protect|p2b: Raichu
|-singleturn|p2b: Raichu|Protect
|move|p2a: Scrafty|Protect|p2a: Scrafty
|-singleturn|p2a: Scrafty|Protect
|move|p1b: Swampert|Earthquake|p2b: Raichu|[spread] 
|-activate|p2a: Scrafty|move: Protect
|-activate|p2b: Raichu|move: Protect
|
|-weather|none
|upkeep
|turn|8
|
|t:|1782494646
|move|p2b: Raichu|Grass Knot|p1b: Swampert
|-supereffective|p1b: Swampert|2
|-damage|p1b: Swampert|0 fnt
|faint|p1b: Swampert
|
|win|Chocokoala VGC
