|j|☆axcoquette
|j|☆lettitripppp
|html|axcoquettelettitripppp    
|uhtml|bestof|Game 3 of a best-of-3
|t:|1783890006
|gametype|doubles
|player|p1|axcoquette|maid|1170
|player|p2|lettitripppp|lucas|1261
|gen|9
|tier|[Gen 9 Champions] VGC 2026 Reg M-B (Bo3)
|rated|
|rule|Species Clause: Limit one of each Pokémon
|rule|Item Clause: Limit 1 of each item
|clearpoke
|poke|p1|Delphox, L50, F|
|poke|p1|Sneasler, L50, M|
|poke|p1|Sinistcha, L50|
|poke|p1|Incineroar, L50, F|
|poke|p1|Kingambit, L50, F|
|poke|p1|Floette-Eternal, L50, F|
|poke|p2|Charizard, L50, F|
|poke|p2|Floette-Eternal, L50, F|
|poke|p2|Basculegion, L50, M|
|poke|p2|Whimsicott, L50, M, shiny|
|poke|p2|Garchomp, L50, M, shiny|
|poke|p2|Kingambit, L50, M, shiny|
|teampreview|4
|showteam|p1|Delphox||Delphoxite|Blaze|Protect,NastyPlot,HeatWave,Psychic|Timid||F|||50|]Sneasler||FocusSash|PoisonTouch|FakeOut,PoisonJab,CloseCombat,Protect|Jolly||M|||50|]Sinistcha||KasibBerry|Hospitality|Protect,RagePowder,MatchaGotcha,LifeDew|Bold|||||50|]Incineroar||SitrusBerry|Intimidate|FakeOut,FlareBlitz,HelpingHand,PartingShot|Careful||F|||50|]Kingambit||BlackGlasses|Defiant|KowtowCleave,SwordsDance,SuckerPunch,Protect|Adamant||F|||50|]Floette-Eternal||Floettite|FlowerVeil|Moonblast,DazzlingGleam,CalmMind,Protect|Modest||F|||50|
|showteam|p2|Charizard||CharizarditeY|Blaze|WeatherBall,SolarBeam,HeatWave,Protect|Modest||F|||50|]Floette-Eternal||Floettite|FlowerVeil|DazzlingGleam,LightofRuin,Moonblast,Protect|Modest||F|||50|]Basculegion||MysticWater|Adaptability|LastRespects,WaveCrash,AquaJet,Protect|Adamant||M|||50|]Whimsicott||FocusSash|Prankster|Moonblast,Tailwind,Encore,Protect|Timid||M|||50|]Garchomp||LifeOrb|RoughSkin|DragonClaw,Earthquake,RockSlide,Protect|Jolly||M|||50|]Kingambit||ChopleBerry|Defiant|KowtowCleave,SuckerPunch,IronHead,LowKick|Adamant||M|||50|
|inactive|Battle timer is ON: inactive players will automatically lose when time's up. (requested by axcoquette)
|inactive|lettitripppp also wants the timer to be on.
|
|t:|1783890011
|teamsize|p1|4
|teamsize|p2|4
|start
|switch|p1a: Delphox|Delphox, L50, F|100/100
|switch|p1b: Sneasler|Sneasler, L50, M|100/100
|switch|p2a: GENERAL BLADUS|Kingambit, L50, M, shiny|100/100
|switch|p2b: LETS GO GO|Whimsicott, L50, M, shiny|100/100
|turn|1
|
|t:|1783890022
|switch|p2a: GHOSTWAVE|Basculegion, L50, M|100/100
|detailschange|p1a: Delphox|Delphox-Mega, L50, F
|-mega|p1a: Delphox|Delphox|Delphoxite
|move|p2b: LETS GO GO|Protect|p2b: LETS GO GO
|-singleturn|p2b: LETS GO GO|Protect
|move|p1a: Delphox|Nasty Plot|p1a: Delphox
|-boost|p1a: Delphox|spa|2
|move|p1b: Sneasler|Close Combat|p2a: GHOSTWAVE
|-immune|p2a: GHOSTWAVE
|
|upkeep
|turn|2
|inactive|axcoquette has 30 seconds left.
|
|t:|1783890047
|switch|p1b: Sinistcha|Sinistcha, L50|100/100
|move|p1a: Delphox|Protect|p1a: Delphox
|-singleturn|p1a: Delphox|Protect
|move|p2b: LETS GO GO|Tailwind|p2b: LETS GO GO
|-sidestart|p2: lettitripppp|move: Tailwind
|move|p2a: GHOSTWAVE|Wave Crash|p1a: Delphox
|-activate|p1a: Delphox|move: Protect
|
|upkeep
|turn|3
|
|t:|1783890057
|switch|p2a: GENERAL BLADUS|Kingambit, L50, M, shiny|100/100
|switch|p1a: Kingambit|Kingambit, L50, F|100/100
|move|p1b: Sinistcha|Rage Powder|p1b: Sinistcha
|-singleturn|p1b: Sinistcha|move: Rage Powder
|move|p2b: LETS GO GO|Encore|p1a: Kingambit
|-hint|Since gen 7, Dark is immune to Prankster moves.
|-immune|p1a: Kingambit
|
|upkeep
|turn|4
|inactive|axcoquette has 30 seconds left.
|
|t:|1783890085
|switch|p1a: Delphox|Delphox-Mega, L50, F|100/100
|move|p1b: Sinistcha|Rage Powder|p1b: Sinistcha
|-singleturn|p1b: Sinistcha|move: Rage Powder
|move|p2b: LETS GO GO|Moonblast|p1b: Sinistcha
|-damage|p1b: Sinistcha|70/100
|move|p2a: GENERAL BLADUS|Kowtow Cleave|p1b: Sinistcha
|-supereffective|p1b: Sinistcha|1
|-damage|p1b: Sinistcha|0 fnt
|faint|p1b: Sinistcha
|
|upkeep
|
|t:|1783890096
|switch|p1b: Sneasler|Sneasler, L50, M|100/100
|turn|5
|
|t:|1783890104
|switch|p1a: Kingambit|Kingambit, L50, F|100/100
|switch|p2a: GHOSTWAVE|Basculegion, L50, M|100/100
|move|p2b: LETS GO GO|Protect|p2b: LETS GO GO
|-singleturn|p2b: LETS GO GO|Protect
|move|p1b: Sneasler|Close Combat|p2a: GHOSTWAVE
|-immune|p2a: GHOSTWAVE
|
|-sideend|p2: lettitripppp|move: Tailwind
|upkeep
|turn|6
|
|t:|1783890118
|move|p2a: GHOSTWAVE|Aqua Jet|p1b: Sneasler
|-damage|p1b: Sneasler|50/100g
|move|p1a: Kingambit|Sucker Punch||[still]
|-fail|p1a: Kingambit
|move|p1b: Sneasler|Poison Jab|p2b: LETS GO GO
|-supereffective|p2b: LETS GO GO|2
|-enditem|p2b: LETS GO GO|Focus Sash
|-damage|p2b: LETS GO GO|1/100
|move|p2b: LETS GO GO|Moonblast|p1b: Sneasler
|-damage|p1b: Sneasler|13/100
|-unboost|p1b: Sneasler|spa|1
|
|upkeep
|turn|7
|
|t:|1783890132
|move|p1b: Sneasler|Protect|p1b: Sneasler
|-singleturn|p1b: Sneasler|Protect
|move|p2b: LETS GO GO|Tailwind|p2b: LETS GO GO
|-sidestart|p2: lettitripppp|move: Tailwind
|move|p2a: GHOSTWAVE|Aqua Jet|p1b: Sneasler
|-activate|p1b: Sneasler|move: Protect
|move|p1a: Kingambit|Kowtow Cleave|p2a: GHOSTWAVE
|-supereffective|p2a: GHOSTWAVE|1
|-damage|p2a: GHOSTWAVE|0 fnt
|faint|p2a: GHOSTWAVE
|
|upkeep
|
|t:|1783890135
|switch|p2a: CRUSH SHARK|Garchomp, L50, M, shiny|100/100
|turn|8
|
|t:|1783890156
|switch|p1b: Delphox|Delphox-Mega, L50, F|100/100
|move|p1a: Kingambit|Protect|p1a: Kingambit
|-singleturn|p1a: Kingambit|Protect
|move|p2b: LETS GO GO|Moonblast|p1a: Kingambit
|-activate|p1a: Kingambit|move: Protect
|move|p2a: CRUSH SHARK|Rock Slide|p1a: Kingambit|[spread] p1b
|-activate|p1a: Kingambit|move: Protect
|-supereffective|p1b: Delphox|1
|-damage|p1b: Delphox|26/100
|-damage|p2a: CRUSH SHARK|90/100|[from] item: Life Orb
|
|upkeep
|turn|9
|inactive|axcoquette has 30 seconds left.
|inactive|axcoquette has 20 seconds left.
|inactive|axcoquette has 15 seconds left.
|
|t:|1783890197
|move|p1b: Delphox|Protect|p1b: Delphox
|-singleturn|p1b: Delphox|Protect
|move|p2b: LETS GO GO|Moonblast|p1a: Kingambit
|-damage|p1a: Kingambit|71/100
|move|p2a: CRUSH SHARK|Rock Slide|p1b: Delphox|[spread] p1a
|-activate|p1b: Delphox|move: Protect
|-resisted|p1a: Kingambit|1
|-damage|p1a: Kingambit|61/100
|-damage|p2a: CRUSH SHARK|80/100|[from] item: Life Orb
|move|p1a: Kingambit|Swords Dance|p1a: Kingambit
|-boost|p1a: Kingambit|atk|2
|
|upkeep
|turn|10
|
|t:|1783890216
|switch|p2a: GENERAL BLADUS|Kingambit, L50, M, shiny|100/100
|switch|p1b: Sneasler|Sneasler, L50, M|13/100
|move|p2b: LETS GO GO|Encore||[still]
|-fail|p2b: LETS GO GO
|move|p1a: Kingambit|Sucker Punch||[still]
|-fail|p1a: Kingambit
|
|-sideend|p2: lettitripppp|move: Tailwind
|upkeep
|turn|11
|inactive|axcoquette has 30 seconds left.
|
|t:|1783890241
|move|p2b: LETS GO GO|Protect|p2b: LETS GO GO
|-singleturn|p2b: LETS GO GO|Protect
|move|p1b: Sneasler|Fake Out|p2a: GENERAL BLADUS
|-resisted|p2a: GENERAL BLADUS|1
|-damage|p2a: GENERAL BLADUS|95/100
|cant|p2a: GENERAL BLADUS|flinch
|move|p1a: Kingambit|Kowtow Cleave|p2b: LETS GO GO
|-activate|p2b: LETS GO GO|move: Protect
|
|upkeep
|turn|12
|
|t:|1783890256
|move|p1b: Sneasler|Protect|p1b: Sneasler
|-singleturn|p1b: Sneasler|Protect
|move|p2b: LETS GO GO|Tailwind|p2b: LETS GO GO
|-sidestart|p2: lettitripppp|move: Tailwind
|move|p2a: GENERAL BLADUS|Sucker Punch||[still]
|-fail|p2a: GENERAL BLADUS
|move|p1a: Kingambit|Sucker Punch||[still]
|-fail|p1a: Kingambit
|
|upkeep
|turn|13
|
|t:|1783890275
|switch|p1b: Delphox|Delphox-Mega, L50, F|26/100
|move|p2b: LETS GO GO|Encore||[still]
|-fail|p2b: LETS GO GO
|move|p2a: GENERAL BLADUS|Low Kick|p1a: Kingambit
|-supereffective|p1a: Kingambit|2
|-damage|p1a: Kingambit|0 fnt
|faint|p1a: Kingambit
|
|upkeep
|
|t:|1783890282
|switch|p1a: Sneasler|Sneasler, L50, M|13/100
|turn|14
|
|t:|1783890289
|move|p1a: Sneasler|Fake Out|p2a: GENERAL BLADUS
|-resisted|p2a: GENERAL BLADUS|1
|-damage|p2a: GENERAL BLADUS|89/100
|cant|p2a: GENERAL BLADUS|flinch
|move|p2b: LETS GO GO|Moonblast|p1a: Sneasler
|-damage|p1a: Sneasler|0 fnt
|faint|p1a: Sneasler
|move|p1b: Delphox|Heat Wave|p2a: GENERAL BLADUS|[spread] p2b
|-miss|p1b: Delphox|p2a: GENERAL BLADUS
|-supereffective|p2b: LETS GO GO|1
|-damage|p2b: LETS GO GO|0 fnt
|faint|p2b: LETS GO GO
|
|upkeep
|
|t:|1783890298
|switch|p2b: CRUSH SHARK|Garchomp, L50, M, shiny|80/100
|turn|15
|
|t:|1783890306
|move|p2a: GENERAL BLADUS|Sucker Punch|p1b: Delphox
|-supereffective|p1b: Delphox|1
|-damage|p1b: Delphox|0 fnt
|faint|p1b: Delphox
|
|win|lettitripppp
|raw|axcoquette's rating: 1170 → 1151(-19 for losing)
|raw|lettitripppp's rating: 1261 → 1280(+19 for winning)
|c|☆lettitripppp|gg
