|j|☆KChiefs7
|j|☆Patata303
|html|KChiefs7Patata303    
|uhtml|bestof|Game 1 of a best-of-3
|t:|1756678302
|gametype|doubles
|player|p1|KChiefs7|266|1106
|player|p2|Patata303|silver|1189
|gen|9
|tier|[Gen 9] VGC 2025 Reg H (Bo3)
|rated|
|rule|Species Clause: Limit one of each Pokémon
|rule|Item Clause: Limit 1 of each item
|clearpoke
|poke|p1|Incineroar, L50, F|
|poke|p1|Porygon2, L50|
|poke|p1|Ursaluna, L50, M|
|poke|p1|Volcarona, L50, F|
|poke|p1|Amoonguss, L50, F|
|poke|p1|Indeedee, L50, M|
|poke|p2|Indeedee, L50, M|
|poke|p2|Drifblim, L50, M|
|poke|p2|Volcarona, L50, F|
|poke|p2|Kommo-o, L50, M|
|poke|p2|Toxtricity, L50, M|
|poke|p2|Hydreigon, L50, M|
|teampreview|4
|showteam|p1|Incineroar||SitrusBerry|Intimidate|KnockOff,FakeOut,FlareBlitz,PartingShot|||F|||50|,,,,,Ghost]Porygon2||Eviolite|Download|Recover,IceBeam,TeraBlast,TrickRoom||||||50|,,,,,Fighting]Ursaluna||FlameOrb|Guts|Earthquake,Facade,HeadlongRush,Protect|||M|||50|,,,,,Stellar]Volcarona||ChoiceSpecs|FlameBody|HeatWave,BugBuzz,Overheat,GigaDrain|||F|||50|,,,,,Steel]Amoonguss||RockyHelmet|Regenerator|Spore,RagePowder,PollenPuff,Protect|||F|||50|,,,,,Fairy]Indeedee||FocusSash|PsychicSurge|ExpandingForce,TrickRoom,Protect,TeraBlast|||M|||50|,,,,,Dark
|showteam|p2|Indeedee||FocusSash|PsychicSurge|ExpandingForce,TeraBlast,Imprison,TrickRoom|||M|||50|,,,,,Ground]Drifblim||PsychicSeed|Unburden|Acrobatics,WillOWisp,StrengthSap,Tailwind|||M|||50|,,,,,Grass]Volcarona||LifeOrb|FlameBody|BugBuzz,HeatWave,TeraBlast,Protect|||F|||50|,,,,,Fairy]Kommo-o||Leftovers|Soundproof|BodyPress,Flamethrower,IronDefense,Protect|||M|||50|,,,,,Fire]Toxtricity||ChoiceSpecs|PunkRock|Overdrive,SludgeBomb,Boomburst,VoltSwitch|||M|||50|,,,,,Normal]Hydreigon||AssaultVest|Levitate|DarkPulse,DracoMeteor,EarthPower,Snarl|||M|||50|,,,,,Ghost
|inactive|Battle timer is ON: inactive players will automatically lose when time's up. (requested by KChiefs7)
|inactive|KChiefs7 has 60 seconds left.
|inactive|Patata303 has 60 seconds left.
|inactive|KChiefs7 has 30 seconds left.
|
|t:|1756678368
|teamsize|p1|4
|teamsize|p2|4
|start
|switch|p1a: Incineroar|Incineroar, L50, F|100/100
|switch|p1b: Porygon2|Porygon2, L50|100/100
|switch|p2a: Indeedee|Indeedee, L50, M|100/100
|switch|p2b: Toxtricity|Toxtricity, L50, M|100/100
|-fieldstart|move: Psychic Terrain|[from] ability: Psychic Surge|[of] p2a: Indeedee
|-ability|p1b: Porygon2|Download|boost
|-boost|p1b: Porygon2|atk|1
|-ability|p1a: Incineroar|Intimidate|boost
|-unboost|p2a: Indeedee|atk|1
|-unboost|p2b: Toxtricity|atk|1
|turn|1
|inactive|Patata303 has 30 seconds left.
|
|t:|1756678395
|move|p2a: Indeedee|Imprison|p2a: Indeedee
|-start|p2a: Indeedee|move: Imprison
|move|p2b: Toxtricity|Overdrive|p1a: Incineroar|[spread] p1a,p1b
|-crit|p1b: Porygon2
|-damage|p1a: Incineroar|57/100
|-damage|p1b: Porygon2|44/100
|move|p1a: Incineroar|Knock Off|p2a: Indeedee
|-supereffective|p2a: Indeedee
|-enditem|p2a: Indeedee|Focus Sash
|-damage|p2a: Indeedee|1/100
|cant|p1b: Porygon2|move: Imprison|Trick Room
|
|upkeep
|turn|2
|inactive|KChiefs7 has 30 seconds left.
|
|t:|1756678425
|switch|p1b: Ursaluna|Ursaluna, L50, M|100/100
|-terastallize|p2a: Indeedee|Ground
|move|p2a: Indeedee|Tera Blast|p1a: Incineroar|[anim] Tera Blast Ground
|-supereffective|p1a: Incineroar
|-damage|p1a: Incineroar|0 fnt
|faint|p1a: Incineroar
|move|p2b: Toxtricity|Overdrive|p1b: Ursaluna
|-immune|p1b: Ursaluna
|
|-status|p1b: Ursaluna|brn|[from] item: Flame Orb
|upkeep
|
|t:|1756678432
|switch|p1a: Volcarona|Volcarona, L50, F|100/100
|turn|3
|
|t:|1756678451
|switch|p2b: Hydreigon|Hydreigon, L50, M|100/100
|move|p2a: Indeedee|Expanding Force|p1b: Ursaluna|[spread] p1a,p1b
|-damage|p1a: Volcarona|50/100
|-damage|p1b: Ursaluna|57/100 brn
|move|p1a: Volcarona|Heat Wave|p2a: Indeedee|[spread] p2a,p2b
|-resisted|p2b: Hydreigon
|-damage|p2a: Indeedee|0 fnt
|-damage|p2b: Hydreigon|78/100
|faint|p2a: Indeedee
|move|p1b: Ursaluna|Facade|p2b: Hydreigon
|-damage|p2b: Hydreigon|0 fnt
|faint|p2b: Hydreigon
|
|-damage|p1b: Ursaluna|52/100 brn|[from] brn
|upkeep
|
|t:|1756678463
|switch|p2a: Toxtricity|Toxtricity, L50, M|100/100
|switch|p2b: Kommo-o|Kommo-o, L50, M|100/100
|turn|4
|inactive|KChiefs7 has 30 seconds left.
|
|t:|1756678494
|move|p1a: Volcarona|Heat Wave|p2b: Kommo-o|[spread] p2a,p2b
|-resisted|p2b: Kommo-o
|-damage|p2a: Toxtricity|4/100
|-damage|p2b: Kommo-o|71/100
|move|p2a: Toxtricity|Boomburst|p1a: Volcarona|[spread] p1a,p1b
|-immune|p2b: Kommo-o|[from] ability: Soundproof
|-damage|p1a: Volcarona|0 fnt
|-damage|p1b: Ursaluna|0 fnt
|faint|p1a: Volcarona
|faint|p1b: Ursaluna
|move|p2b: Kommo-o|Iron Defense|p2b: Kommo-o
|-boost|p2b: Kommo-o|def|2
|
|-heal|p2b: Kommo-o|77/100|[from] item: Leftovers
|upkeep
|
|t:|1756678502
|switch|p1b: Porygon2|Porygon2, L50|44/100
|-ability|p1b: Porygon2|Download|boost
|-boost|p1b: Porygon2|spa|1
|turn|5
|
|t:|1756678514
|-terastallize|p1b: Porygon2|Fighting
|move|p2a: Toxtricity|Boomburst|p1b: Porygon2|[spread] p1b
|-immune|p2b: Kommo-o|[from] ability: Soundproof
|-damage|p1b: Porygon2|2/100
|move|p2b: Kommo-o|Body Press|p1b: Porygon2
|-damage|p1b: Porygon2|0 fnt
|faint|p1b: Porygon2
|
|win|Patata303
||Patata303 is ready for game 2.
||KChiefs7 is ready for game 2.
|uhtml|next|Next: Game 2 of 3
|l|☆KChiefs7
|player|p1|
