|j|☆ThierryVGC
|j|☆MudkipC4
|html|ThierryVGCMudkipC4    
|uhtml|bestof|Game 1 of a best-of-3
|t:|1756260500
|gametype|doubles
|player|p1|ThierryVGC|1|1157
|player|p2|MudkipC4|norman|1305
|gen|9
|tier|[Gen 9] VGC 2025 Reg H (Bo3)
|rated|
|rule|Species Clause: Limit one of each Pokémon
|rule|Item Clause: Limit 1 of each item
|clearpoke
|poke|p1|Ursaluna, L50, F|
|poke|p1|Porygon2, L50|
|poke|p1|Incineroar, L50, F|
|poke|p1|Amoonguss, L50, F|
|poke|p1|Maushold-Four, L50|
|poke|p1|Gholdengo, L50|
|poke|p2|Incineroar, L50, M|
|poke|p2|Garchomp, L50, M|
|poke|p2|Talonflame, L50, F|
|poke|p2|Tyranitar, L50, F|
|poke|p2|Gothitelle, L50, F|
|poke|p2|Gholdengo, L50|
|teampreview|4
|showteam|p1|Ursaluna||FlameOrb|Guts|Facade,Earthquake,HeadlongRush,Protect|||F|||50|,,,,,Ghost]Porygon2||Eviolite|Trace|TrickRoom,Recover,TriAttack,Thunderbolt||||||50|,,,,,Electric]Incineroar||SafetyGoggles|Intimidate|KnockOff,FlareBlitz,PartingShot,FakeOut|||F|||50|,,,,,Ghost]Amoonguss||CovertCloak|Regenerator|Spore,RagePowder,ClearSmog,PollenPuff|||F|||50|,,,,,Water]Maushold-Four||FocusSash|Technician|PopulationBomb,Taunt,FollowMe,Protect||||||50|,,,,,Ghost]Gholdengo||LifeOrb|GoodasGold|ShadowBall,MakeItRain,NastyPlot,Protect||||||50|,,,,,Water
|showteam|p2|Incineroar||RockyHelmet|Intimidate|FakeOut,KnockOff,FlareBlitz,PartingShot|||M|||50|,,,,,Grass]Garchomp||ClearAmulet|SandVeil|SwordsDance,Protect,Earthquake,DragonClaw|||M|||50|,,,,,Ground]Talonflame||SafetyGoggles|GaleWings|Tailwind,BraveBird,WillOWisp,QuickGuard|||F|||50|,,,,,Ghost]Tyranitar||AssaultVest|SandStream|RockSlide,KnockOff,LowKick,TeraBlast|||F|||50|,,,,,Flying]Gothitelle||SitrusBerry|ShadowTag|FakeOut,Psychic,Taunt,Protect|||F|||50|,,,,,Grass]Gholdengo||Leftovers|GoodasGold|NastyPlot,MakeItRain,ShadowBall,Protect||||||50|,,,,,Steel
|inactive|Battle timer is ON: inactive players will automatically lose when time's up. (requested by MudkipC4)
|inactive|ThierryVGC has 60 seconds left.
|inactive|MudkipC4 has 60 seconds left.
|
|t:|1756260544
|teamsize|p1|4
|teamsize|p2|4
|start
|switch|p1a: Incineroar|Incineroar, L50, F|100/100
|switch|p1b: Gholdengo|Gholdengo, L50|100/100
|switch|p2a: Archertelle|Gothitelle, L50, F|100/100
|switch|p2b: MegaTar|Tyranitar, L50, F, shiny|100/100
|-weather|Sandstorm|[from] ability: Sand Stream|[of] p2b: MegaTar
|-ability|p1a: Incineroar|Intimidate|boost
|-unboost|p2a: Archertelle|atk|1
|-unboost|p2b: MegaTar|atk|1
|turn|1
|
|t:|1756260563
|-terastallize|p1b: Gholdengo|Water
|move|p2a: Archertelle|Fake Out|p1a: Incineroar
|-damage|p1a: Incineroar|97/100
|move|p1b: Gholdengo|Nasty Plot|p1b: Gholdengo
|-boost|p1b: Gholdengo|spa|2
|move|p2b: MegaTar|Knock Off|p1b: Gholdengo
|-damage|p1b: Gholdengo|65/100
|-enditem|p1b: Gholdengo|Life Orb|[from] move: Knock Off|[of] p2b: MegaTar
|cant|p1a: Incineroar|flinch
|
|-weather|Sandstorm|[upkeep]
|-damage|p1b: Gholdengo|59/100|[from] Sandstorm
|-damage|p2a: Archertelle|94/100|[from] Sandstorm
|upkeep
|turn|2
|
|t:|1756260586
|move|p1b: Gholdengo|Make It Rain|p2b: MegaTar|[spread] p2a,p2b
|-supereffective|p2b: MegaTar
|-damage|p2a: Archertelle|12/100
|-damage|p2b: MegaTar|18/100
|-unboost|p1b: Gholdengo|spa|1
|-enditem|p2a: Archertelle|Sitrus Berry|[eat]
|-heal|p2a: Archertelle|37/100|[from] item: Sitrus Berry
|move|p2b: MegaTar|Rock Slide|p1a: Incineroar|[spread] p1a,p1b
|-supereffective|p1a: Incineroar
|-damage|p1a: Incineroar|54/100
|-damage|p1b: Gholdengo|37/100
|move|p1a: Incineroar|Parting Shot|p2b: MegaTar
|-unboost|p2b: MegaTar|atk|1
|-unboost|p2b: MegaTar|spa|1
|
|t:|1756260600
|switch|p1a: Porygon2|Porygon2, L50|100/100|[from] Parting Shot
|-ability|p1a: Porygon2|Shadow Tag|Trace|[from] ability: Trace|[of] p2a: Archertelle
|move|p2a: Archertelle|Taunt|p1a: Porygon2
|-start|p1a: Porygon2|move: Taunt
|
|-weather|Sandstorm|[upkeep]
|-damage|p1b: Gholdengo|30/100|[from] Sandstorm
|-damage|p2a: Archertelle|31/100|[from] Sandstorm
|-damage|p1a: Porygon2|94/100|[from] Sandstorm
|upkeep
|turn|3
|
|t:|1756260611
|move|p2a: Archertelle|Protect|p2a: Archertelle
|-singleturn|p2a: Archertelle|Protect
|move|p1b: Gholdengo|Make It Rain|p2a: Archertelle|[spread] p2b
|-activate|p2a: Archertelle|move: Protect
|-supereffective|p2b: MegaTar
|-damage|p2b: MegaTar|0 fnt
|-unboost|p1b: Gholdengo|spa|1
|faint|p2b: MegaTar
|move|p1a: Porygon2|Tri Attack|p2a: Archertelle
|-activate|p2a: Archertelle|move: Protect
|
|-weather|Sandstorm|[upkeep]
|-damage|p1b: Gholdengo|24/100|[from] Sandstorm
|-damage|p2a: Archertelle|25/100|[from] Sandstorm
|-damage|p1a: Porygon2|88/100|[from] Sandstorm
|upkeep
|
|t:|1756260620
|switch|p2b: MiniRoar|Incineroar, L50, M|100/100
|-ability|p2b: MiniRoar|Intimidate|boost
|-unboost|p1a: Porygon2|atk|1
|-unboost|p1b: Gholdengo|atk|1
|turn|4
|
|t:|1756260639
|move|p2b: MiniRoar|Fake Out|p1b: Gholdengo
|-damage|p1b: Gholdengo|13/100
|cant|p1b: Gholdengo|flinch
|move|p2a: Archertelle|Psychic|p1b: Gholdengo
|-damage|p1b: Gholdengo|0 fnt
|faint|p1b: Gholdengo
|move|p1a: Porygon2|Tri Attack|p2a: Archertelle
|-damage|p2a: Archertelle|0 fnt
|faint|p2a: Archertelle
|
|-weather|Sandstorm|[upkeep]
|-damage|p2b: MiniRoar|95/100|[from] Sandstorm
|-damage|p1a: Porygon2|82/100|[from] Sandstorm
|-end|p1a: Porygon2|move: Taunt
|upkeep
|
|t:|1756260648
|switch|p1b: Ursaluna|Ursaluna, L50, F|100/100
|switch|p2a: Golemdengo|Gholdengo, L50|100/100
|turn|5
|
|t:|1756260657
|switch|p1a: Incineroar|Incineroar, L50, F|54/100
|-ability|p1a: Incineroar|Intimidate|boost
|-unboost|p2a: Golemdengo|atk|1
|-unboost|p2b: MiniRoar|atk|1
|-terastallize|p2a: Golemdengo|Steel
|move|p2a: Golemdengo|Make It Rain|p1a: Incineroar|[spread] p1a,p1b
|-resisted|p1a: Incineroar
|-damage|p1a: Incineroar|31/100
|-damage|p1b: Ursaluna|47/100
|-unboost|p2a: Golemdengo|spa|1
|move|p2b: MiniRoar|Flare Blitz|p1a: Incineroar
|-resisted|p1a: Incineroar
|-damage|p1a: Incineroar|17/100
|-damage|p2b: MiniRoar|90/100|[from] Recoil
|move|p1b: Ursaluna|Headlong Rush|p2a: Golemdengo
|-supereffective|p2a: Golemdengo
|-damage|p2a: Golemdengo|0 fnt
|-unboost|p1b: Ursaluna|def|1
|-unboost|p1b: Ursaluna|spd|1
|faint|p2a: Golemdengo
|
|-weather|none
|-status|p1b: Ursaluna|brn|[from] item: Flame Orb
|upkeep
|turn|6
|-message|MudkipC4 forfeited.
|
|win|ThierryVGC
||MudkipC4 is ready for game 2.
||ThierryVGC is ready for game 2.
|uhtml|next|Next: Game 2 of 3
