|j|☆CrawlingKingSnake
|j|‽DarkSoul8000
|html|CrawlingKingSnakeDarkSoul8000    
|uhtml|bestof|Game 3 of a best-of-3
|t:|1785293144
|gametype|doubles
|player|p1|CrawlingKingSnake|kamado-armor|1272
|player|p2|DarkSoul8000|2|1287
|gen|9
|tier|[Gen 9 Champions] VGC 2026 Reg M-B (Bo3)
|rated|
|rule|Species Clause: Limit one of each Pokémon
|rule|Item Clause: Limit 1 of each item
|clearpoke
|poke|p1|Floette-Eternal, L50, F|
|poke|p1|Palafin, L50, F, shiny|
|poke|p1|Incineroar, L50, M|
|poke|p1|Toxapex, L50, F|
|poke|p1|Delphox, L50, F|
|poke|p1|Kingambit, L50, F|
|poke|p2|Charizard, L50, F|
|poke|p2|Garchomp, L50, F|
|poke|p2|Sylveon, L50, M|
|poke|p2|Venusaur, L50, F|
|poke|p2|Incineroar, L50, M|
|poke|p2|Farigiraf, L50, F|
|teampreview|4
|showteam|p1|Floette-Eternal||Floettite|FlowerVeil|DazzlingGleam,DrainingKiss,CalmMind,Protect|Modest||F|||50|]Palafin||LifeOrb|ZerotoHero|WaveCrash,JetPunch,CloseCombat,Protect|Adamant||F|||50|]Incineroar||SitrusBerry|Intimidate|FlareBlitz,FakeOut,DarkestLariat,PartingShot|Careful||M|||50|]Toxapex||Leftovers|Regenerator|Infestation,Toxic,WideGuard,BanefulBunker|Bold||F|||50|]Delphox||Delphoxite|Blaze|HeatWave,Psychic,Substitute,Protect|Timid||F|||50|]Kingambit||FocusSash|Defiant|KowtowCleave,SuckerPunch,IronHead,LowKick|Adamant||F|||50|
|showteam|p2|Charizard||CharizarditeY|Blaze|HeatWave,SolarBeam,WeatherBall,Protect|Timid||F|||50|]Garchomp||LifeOrb|RoughSkin|RockSlide,StompingTantrum,DragonClaw,Protect|Jolly||F|||50|]Sylveon||FairyFeather|Pixilate|HyperBeam,HyperVoice,Protect,QuickAttack|Modest||M|||50|]Venusaur||Venusaurite|Chlorophyll|GigaDrain,SludgeBomb,EarthPower,Protect|Modest||F|||50|]Incineroar||SitrusBerry|Intimidate|FakeOut,FlareBlitz,DarkestLariat,PartingShot|Adamant||M|||50|]Farigiraf||ColburBerry|ArmorTail|TrickRoom,HelpingHand,Psychic,Thunderbolt|Bold||F|||50|
|inactive|Battle timer is ON: inactive players will automatically lose when time's up. (requested by CrawlingKingSnake)
|inactive|CrawlingKingSnake has 60 seconds left.
|inactive|DarkSoul8000 has 60 seconds left.
|inactive|CrawlingKingSnake has 30 seconds left.
|inactive|DarkSoul8000 has 30 seconds left.
|
|t:|1785293214
|teamsize|p1|4
|teamsize|p2|4
|start
|switch|p1a: Floette|Floette-Eternal, L50, F|100/100
|switch|p1b: Palafin|Palafin, L50, F, shiny|100/100
|switch|p2a: Incineroar|Incineroar, L50, M|100/100
|switch|p2b: Garchomp|Garchomp, L50, F|100/100
|-ability|p2a: Incineroar|Intimidate|boost
|-unboost|p1a: Floette|atk|1
|-unboost|p1b: Palafin|atk|1
|turn|1
|inactive|CrawlingKingSnake has 30 seconds left.
|inactive|DarkSoul8000 has 30 seconds left.
|inactive|DarkSoul8000 has 20 seconds left.
|
|t:|1785293251
|switch|p2b: Sylveon|Sylveon, L50, M|100/100
|detailschange|p1b: Palafin|Palafin-Hero, L50, F, shiny
|switch|p1b: Incineroar|Incineroar, L50, M|100/100
|-ability|p1b: Incineroar|Intimidate|boost
|-unboost|p2a: Incineroar|atk|1
|-unboost|p2b: Sylveon|atk|1
|detailschange|p1a: Floette|Floette-Mega, L50, F
|-mega|p1a: Floette|Floette|Floettite
|-ability|p1a: Floette|Fairy Aura
|move|p1a: Floette|Dazzling Gleam|p2b: Sylveon|[spread] p2a,p2b
|-damage|p2a: Incineroar|57/100
|-damage|p2b: Sylveon|68/100
|move|p2a: Incineroar|Parting Shot|p1a: Floette
|-unboost|p1a: Floette|atk|1
|-unboost|p1a: Floette|spa|1
|
|t:|1785293275
|switch|p2a: Charizard|Charizard, L50, F|100/100|[from] Parting Shot
|
|upkeep
|turn|2
|inactive|CrawlingKingSnake has 30 seconds left.
|
|t:|1785293306
|detailschange|p2a: Charizard|Charizard-Mega-Y, L50, F
|-mega|p2a: Charizard|Charizard|Charizardite Y
|-weather|SunnyDay|[from] ability: Drought|[of] p2a: Charizard
|move|p2b: Sylveon|Protect|p2b: Sylveon
|-singleturn|p2b: Sylveon|Protect
|move|p2a: Charizard|Weather Ball|p1a: Floette
|-damage|p1a: Floette|35/100
|move|p1a: Floette|Dazzling Gleam|p2b: Sylveon|[spread] p2a
|-activate|p2b: Sylveon|move: Protect
|-resisted|p2a: Charizard|1
|-damage|p2a: Charizard|87/100
|move|p1b: Incineroar|Flare Blitz|p2b: Sylveon
|-activate|p2b: Sylveon|move: Protect
|
|-weather|SunnyDay|[upkeep]
|upkeep
|turn|3
|inactive|CrawlingKingSnake has 30 seconds left.
|inactive|CrawlingKingSnake has 20 seconds left.
|inactive|CrawlingKingSnake has 15 seconds left.
|inactive|CrawlingKingSnake has 10 seconds left.
|inactive|DarkSoul8000 has 30 seconds left.
|
|t:|1785293361
|switch|p1a: Palafin|Palafin-Hero, L50, F, shiny|100/100
|-activate|p1a: Palafin|ability: Zero to Hero
|switch|p2b: Garchomp|Garchomp, L50, F|100/100
|move|p2a: Charizard|Heat Wave|p1a: Palafin|[spread] p1a,p1b
|-resisted|p1a: Palafin|1
|-resisted|p1b: Incineroar|1
|-damage|p1a: Palafin|63/100
|-damage|p1b: Incineroar|77/100
|-status|p1a: Palafin|brn
|move|p1b: Incineroar|Parting Shot|p2a: Charizard
|-unboost|p2a: Charizard|atk|1
|-unboost|p2a: Charizard|spa|1
|
|t:|1785293380
|switch|p1b: Floette|Floette-Mega, L50, F|35/100|[from] Parting Shot
|-ability|p1b: Floette|Fairy Aura
|
|-weather|SunnyDay|[upkeep]
|-damage|p1a: Palafin|57/100 brn|[from] brn
|upkeep
|turn|4
|inactive|CrawlingKingSnake has 30 seconds left.
|
|t:|1785293415
|switch|p1b: Incineroar|Incineroar, L50, M|77/100
|-ability|p1b: Incineroar|Intimidate|boost
|-unboost|p2a: Charizard|atk|1
|-unboost|p2b: Garchomp|atk|1
|move|p2b: Garchomp|Stomping Tantrum|p1b: Incineroar
|-supereffective|p1b: Incineroar|1
|-damage|p1b: Incineroar|14/100
|-enditem|p1b: Incineroar|Sitrus Berry|[eat]
|-heal|p1b: Incineroar|39/100|[from] item: Sitrus Berry
|-damage|p2b: Garchomp|90/100|[from] item: Life Orb
|move|p2a: Charizard|Heat Wave|p1b: Incineroar|[spread] p1a,p1b
|-resisted|p1a: Palafin|1
|-resisted|p1b: Incineroar|1
|-damage|p1a: Palafin|33/100 brn
|-damage|p1b: Incineroar|21/100
|move|p1a: Palafin|Wave Crash|p2a: Charizard
|-supereffective|p2a: Charizard|1
|-damage|p2a: Charizard|18/100
|-damage|p1a: Palafin|11/100 brn|[from] Recoil
|-damage|p1a: Palafin|1/100 brn|[from] item: Life Orb
|
|-weather|SunnyDay|[upkeep]
|-damage|p1a: Palafin|0 fnt|[from] brn
|faint|p1a: Palafin
|upkeep
|
|t:|1785293436
|switch|p1a: Floette|Floette-Mega, L50, F|35/100
|-ability|p1a: Floette|Fairy Aura
|turn|5
|inactive|CrawlingKingSnake has 30 seconds left.
|-message|CrawlingKingSnake forfeited.
|
|win|DarkSoul8000
|raw|CrawlingKingSnake's rating: 1272 → 1248(-24 for losing)
|raw|DarkSoul8000's rating: 1287 → 1311(+24 for winning)
|l|‽DarkSoul8000
|player|p2|
