|j|☆Figure Eight 00
|j|☆sum1dum
|html|Figure Eight 00sum1dum    
|uhtml|bestof|Game 2 of a best-of-3
|t:|1783709777
|gametype|doubles
|player|p1|Figure Eight 00|elesa|1057
|player|p2|sum1dum|rosa|1136
|gen|9
|tier|[Gen 9 Champions] VGC 2026 Reg M-B (Bo3)
|rated|
|rule|Species Clause: Limit one of each Pokémon
|rule|Item Clause: Limit 1 of each item
|clearpoke
|poke|p1|Staraptor, L50, M|
|poke|p1|Whimsicott, L50, F, shiny|
|poke|p1|Maushold, L50|
|poke|p1|Sceptile, L50, M|
|poke|p1|Aegislash, L50, M, shiny|
|poke|p1|Delphox, L50, F|
|poke|p2|Gliscor, L50, F|
|poke|p2|Primarina, L50, F|
|poke|p2|Metagross, L50|
|poke|p2|Ninetales-Alola, L50, M|
|poke|p2|Incineroar, L50, M|
|poke|p2|Sinistcha, L50|
|teampreview|4
|showteam|p1|Staraptor||Staraptite|Intimidate|Protect,BraveBird,CloseCombat,Facade|Adamant||M|||50|]Whimsicott||FocusSash|Prankster|Encore,Charm,Tailwind,Moonblast|Bold||F|||50|]Maushold||BrightPowder|FriendGuard|Protect,FollowMe,PopulationBomb,SuperFang|Jolly|||||50|]Sceptile||SitrusBerry|Unburden|ThroatChop,ShedTail,GigaDrain,EarthPower|Calm||M|||50|]Aegislash||Leftovers|StanceChange|KingsShield,ShadowClaw,NightSlash,IronHead|Brave||M|||50|]Delphox||Delphoxite|Blaze|Protect,Psychic,ShadowBall,Overheat|Modest||F|||50|
|showteam|p2|Gliscor||LifeOrb|HyperCutter|DualWingbeat,HighHorsepower,Protect,RockSlide|Jolly||F|||50|]Primarina||Leftovers|LiquidVoice|CalmMind,HyperVoice,Moonblast,Protect|Modest||F|||50|]Metagross||Metagrossite|ClearBody|BulletPunch,IronHead,Protect,PsychicFangs|Jolly|||||50|]Ninetales-Alola||LightClay|SnowWarning|AuroraVeil,FreezeDry,Moonblast,Protect|Timid||M|||50|]Incineroar||ChopleBerry|Intimidate|FakeOut,FlareBlitz,DarkestLariat,PartingShot|Impish||M|||50|]Sinistcha||SitrusBerry|Hospitality|MatchaGotcha,Protect,LifeDew,RagePowder|Bold|||||50|
|inactive|Battle timer is ON: inactive players will automatically lose when time's up. (requested by sum1dum)
|
|t:|1783709796
|teamsize|p1|4
|teamsize|p2|4
|start
|switch|p1a: Maushold|Maushold, L50|100/100
|switch|p1b: Sceptile|Sceptile, L50, M|100/100
|switch|p2a: Justice|Incineroar, L50, M|100/100
|switch|p2b: Bravery|Gliscor, L50, F|100/100
|-ability|p2a: Justice|Intimidate|boost
|-unboost|p1a: Maushold|atk|1
|-unboost|p1b: Sceptile|atk|1
|turn|1
|inactive|sum1dum has 30 seconds left.
|
|t:|1783709828
|move|p1a: Maushold|Follow Me|p1a: Maushold
|-singleturn|p1a: Maushold|move: Follow Me
|move|p2b: Bravery|Rock Slide|p1b: Sceptile|[spread] p1b
|-miss|p2b: Bravery|p1a: Maushold
|-damage|p1b: Sceptile|82/100
|-damage|p2b: Bravery|90/100|[from] item: Life Orb
|move|p1b: Sceptile|Shed Tail|p1b: Sceptile
|-start|p1b: Sceptile|Substitute|[from] move: Shed Tail
|-damage|p1b: Sceptile|32/100
|-enditem|p1b: Sceptile|Sitrus Berry|[eat]
|-heal|p1b: Sceptile|56/100|[from] item: Sitrus Berry
|
|t:|1783709840
|switch|p1b: Staraptor|Staraptor, L50, M|100/100|[from] Shed Tail
|-ability|p1b: Staraptor|Intimidate|boost
|-unboost|p2a: Justice|atk|1
|-fail|p2b: Bravery|unboost|Attack|[from] ability: Hyper Cutter|[of] p2b: Bravery
|move|p2a: Justice|Flare Blitz|p1a: Maushold
|-damage|p1a: Maushold|63/100
|-damage|p2a: Justice|91/100|[from] Recoil
|
|upkeep
|turn|2
|
|t:|1783709864
|detailschange|p1b: Staraptor|Staraptor-Mega, L50, M
|-mega|p1b: Staraptor|Staraptor|Staraptite
|move|p1a: Maushold|Follow Me|p1a: Maushold
|-singleturn|p1a: Maushold|move: Follow Me
|move|p2b: Bravery|High Horsepower|p1a: Maushold
|-damage|p1a: Maushold|6/100
|-damage|p2b: Bravery|80/100|[from] item: Life Orb
|move|p1b: Staraptor|Close Combat|p2b: Bravery
|-resisted|p2b: Bravery|1
|-damage|p2b: Bravery|48/100
|-boost|p1b: Staraptor|def|1
|-boost|p1b: Staraptor|spd|1
|move|p2a: Justice|Flare Blitz|p1a: Maushold
|-damage|p1a: Maushold|0 fnt
|faint|p1a: Maushold
|-damage|p2a: Justice|89/100|[from] Recoil
|
|upkeep
|
|t:|1783709884
|switch|p1a: Aegislash|Aegislash, L50, M, shiny|100/100
|turn|3
|
|t:|1783709894
|move|p1a: Aegislash|King's Shield|p1a: Aegislash
|-singleturn|p1a: Aegislash|Protect
|move|p2b: Bravery|Dual Wingbeat|p1b: Staraptor
|-supereffective|p1b: Staraptor|1
|-end|p1b: Staraptor|Substitute
|-supereffective|p1b: Staraptor|1
|-damage|p1b: Staraptor|70/100
|-hitcount|p1b: Staraptor|2
|-damage|p2b: Bravery|38/100|[from] item: Life Orb
|move|p1b: Staraptor|Close Combat|p2a: Justice
|-supereffective|p2a: Justice|1
|-enditem|p2a: Justice|Chople Berry|[eat]
|-enditem|p2a: Justice|Chople Berry|[weaken]
|-damage|p2a: Justice|30/100
|-boost|p1b: Staraptor|def|1
|-boost|p1b: Staraptor|spd|1
|move|p2a: Justice|Parting Shot|p1a: Aegislash
|-unboost|p1a: Aegislash|atk|1
|-unboost|p1a: Aegislash|spa|1
|
|t:|1783709899
|switch|p2a: Patience|Primarina, L50, F|100/100|[from] Parting Shot
|
|upkeep
|turn|4
|
|t:|1783709917
|move|p2b: Bravery|Protect|p2b: Bravery
|-singleturn|p2b: Bravery|Protect
|move|p1b: Staraptor|Protect|p1b: Staraptor
|-singleturn|p1b: Staraptor|Protect
|move|p2a: Patience|Moonblast|p1b: Staraptor
|-activate|p1b: Staraptor|move: Protect
|-formechange|p1a: Aegislash|Aegislash-Blade|
|move|p1a: Aegislash|Iron Head|p2a: Patience
|-damage|p2a: Patience|65/100
|
|-heal|p2a: Patience|71/100|[from] item: Leftovers
|upkeep
|turn|5
|
|t:|1783709937
|-formechange|p1a: Aegislash|Aegislash|
|move|p1a: Aegislash|King's Shield|p1a: Aegislash
|-singleturn|p1a: Aegislash|Protect
|move|p2b: Bravery|Dual Wingbeat|p1b: Staraptor
|-supereffective|p1b: Staraptor|1
|-damage|p1b: Staraptor|44/100
|-supereffective|p1b: Staraptor|1
|-damage|p1b: Staraptor|21/100
|-hitcount|p1b: Staraptor|2
|-damage|p2b: Bravery|28/100|[from] item: Life Orb
|move|p1b: Staraptor|Close Combat|p1a: Aegislash
|-activate|p1a: Aegislash|move: Protect
|-boost|p1b: Staraptor|atk|1
|move|p2a: Patience|Moonblast|p1b: Staraptor
|-supereffective|p1b: Staraptor|1
|-damage|p1b: Staraptor|0 fnt
|faint|p1b: Staraptor
|
|-heal|p2a: Patience|77/100|[from] item: Leftovers
|upkeep
|
|t:|1783709958
|switch|p1b: Sceptile|Sceptile, L50, M|56/100
|turn|6
|-message|Figure Eight 00 forfeited.
|
|win|sum1dum
|raw|Figure Eight 00's rating: 1057 → 1043(-14 for losing)
|raw|sum1dum's rating: 1136 → 1155(+19 for winning)
