|j|☆latios66
|j|☆archaludon_enjoyer
|html|latios66archaludon_enjoyer    
|uhtml|bestof|Game 1 of a best-of-3
|t:|1756502125
|gametype|doubles
|player|p1|latios66|1|1078
|player|p2|archaludon_enjoyer|170|1137
|gen|9
|tier|[Gen 9] VGC 2025 Reg H (Bo3)
|rated|
|rule|Species Clause: Limit one of each Pokémon
|rule|Item Clause: Limit 1 of each item
|clearpoke
|poke|p1|Archaludon, L50, M|
|poke|p1|Pelipper, L50, M|
|poke|p1|Indeedee, L50, M|
|poke|p1|Sinistcha, L50|
|poke|p1|Basculegion, L50, M|
|poke|p1|Sneasler, L50, M|
|poke|p2|Electabuzz, L50, M|
|poke|p2|Basculegion, L50, M|
|poke|p2|Rillaboom, L50, M|
|poke|p2|Kingambit, L50, M|
|poke|p2|Archaludon, L50, M|
|poke|p2|Pelipper, L50, M|
|teampreview|4
|showteam|p1|Archaludon||AssaultVest|Stamina|ElectroShot,DracoMeteor,BodyPress,FlashCannon|||M|||50|,,,,,Grass]Pelipper||FocusSash|Drizzle|WeatherBall,Hurricane,Tailwind,Protect|||M|||50|,,,,,Ghost]Indeedee||ChoiceScarf|PsychicSurge|ExpandingForce,TeraBlast,Trick,DazzlingGleam|||M|||50|,,,,,Ground]Sinistcha||SitrusBerry|Hospitality|MatchaGotcha,LifeDew,RagePowder,TrickRoom||||||50|,,,,,Fairy]Basculegion||ChoiceBand|SwiftSwim|WaveCrash,LastRespects,AquaJet,FlipTurn|||M|||50|,,,,,Grass]Sneasler||PsychicSeed|Unburden|DireClaw,ThroatChop,CloseCombat,Protect|||M|||50|,,,,,Dark
|showteam|p2|Electabuzz||Eviolite|VitalSpirit|Electroweb,FollowMe,Protect,Taunt|||M|||50|,,,,,Ghost]Basculegion||ChoiceBand|SwiftSwim|WaveCrash,FlipTurn,AquaJet,LastRespects|||M|||50|,,,,,Grass]Rillaboom||LoadedDice|GrassySurge|BulletSeed,HighHorsepower,GrassyGlide,FakeOut|||M|||50|,,,,,Fire]Kingambit||BlackGlasses|Defiant|Protect,KowtowCleave,SwordsDance,SuckerPunch|||M|||50|,,,,,Dark]Archaludon||AssaultVest|Stamina|ElectroShot,BodyPress,FlashCannon,DracoMeteor|||M|||50|,,,,,Bug]Pelipper||FocusSash|Drizzle|WeatherBall,Hurricane,Protect,Tailwind|||M|||50|,,,,,Ghost
|
|t:|1756502186
|teamsize|p1|4
|teamsize|p2|4
|start
|switch|p1a: Deesler|Sneasler, L50, M|100/100
|switch|p1b: Goodee|Indeedee, L50, M|100/100
|switch|p2a: Basculegion|Basculegion, L50, M, shiny|100/100
|switch|p2b: Pelipper|Pelipper, L50, M|100/100
|-fieldstart|move: Psychic Terrain|[from] ability: Psychic Surge|[of] p1b: Goodee
|-enditem|p1a: Deesler|Psychic Seed
|-boost|p1a: Deesler|spd|1|[from] item: Psychic Seed
|-weather|RainDance|[from] ability: Drizzle|[of] p2b: Pelipper
|turn|1
|
|t:|1756502224
|move|p1a: Deesler|Dire Claw|p2a: Basculegion
|-resisted|p2a: Basculegion
|-damage|p2a: Basculegion|71/100
|-status|p2a: Basculegion|par
|move|p1b: Goodee|Expanding Force|p2b: Pelipper|[spread] p2a,p2b
|-damage|p2a: Basculegion|5/100 par
|-damage|p2b: Pelipper|1/100
|move|p2a: Basculegion|Flip Turn|p1b: Goodee
|-damage|p1b: Goodee|0 fnt
|faint|p1b: Goodee
|
|t:|1756502247
|switch|p2a: Archaludon|Archaludon, L50, M, shiny|100/100|[from] Flip Turn
|move|p2b: Pelipper|Tailwind|p2b: Pelipper
|-sidestart|p2: archaludon_enjoyer|move: Tailwind
|
|-weather|RainDance|[upkeep]
|upkeep
|
|t:|1756502256
|switch|p1b: Sinistcha|Sinistcha, L50|100/100
|turn|2
|
|t:|1756502276
|move|p1b: Sinistcha|Rage Powder|p1b: Sinistcha
|-singleturn|p1b: Sinistcha|move: Rage Powder
|move|p1a: Deesler|Dire Claw|p2b: Pelipper
|-damage|p2b: Pelipper|0 fnt
|faint|p2b: Pelipper
|move|p2a: Archaludon|Electro Shot||[still]
|-prepare|p2a: Archaludon|Electro Shot
|-boost|p2a: Archaludon|spa|1
|-anim|p2a: Archaludon|Electro Shot|p1b: Sinistcha
|-resisted|p1b: Sinistcha
|-damage|p1b: Sinistcha|75/100
|
|-weather|RainDance|[upkeep]
|upkeep
|
|t:|1756502284
|switch|p2b: Rillaboom|Rillaboom, L50, M, shiny|100/100
|-fieldstart|move: Grassy Terrain|[from] ability: Grassy Surge|[of] p2b: Rillaboom
|turn|3
|
|t:|1756502312
|-terastallize|p2a: Archaludon|Bug
|move|p1a: Deesler|Protect|p1a: Deesler
|-singleturn|p1a: Deesler|Protect
|move|p2b: Rillaboom|Bullet Seed|p2a: Archaludon
|-resisted|p2a: Archaludon
|-damage|p2a: Archaludon|95/100
|-ability|p2a: Archaludon|Stamina|boost
|-boost|p2a: Archaludon|def|1
|-resisted|p2a: Archaludon
|-damage|p2a: Archaludon|91/100
|-ability|p2a: Archaludon|Stamina|boost
|-boost|p2a: Archaludon|def|1
|-resisted|p2a: Archaludon
|-damage|p2a: Archaludon|88/100
|-ability|p2a: Archaludon|Stamina|boost
|-boost|p2a: Archaludon|def|1
|-resisted|p2a: Archaludon
|-damage|p2a: Archaludon|85/100
|-ability|p2a: Archaludon|Stamina|boost
|-boost|p2a: Archaludon|def|1
|-hitcount|p2a: Archaludon|4
|move|p2a: Archaludon|Body Press|p1a: Deesler
|-activate|p1a: Deesler|move: Protect
|move|p1b: Sinistcha|Life Dew||[still]|[spread] p1a,p1b
|-fail|p1a: Deesler|heal
|-heal|p1b: Sinistcha|100/100
|
|-weather|RainDance|[upkeep]
|-heal|p2a: Archaludon|92/100|[from] Grassy Terrain
|upkeep
|turn|4
|
|t:|1756502347
|move|p1b: Sinistcha|Rage Powder|p1b: Sinistcha
|-singleturn|p1b: Sinistcha|move: Rage Powder
|move|p1a: Deesler|Dire Claw|p2b: Rillaboom
|-supereffective|p2b: Rillaboom
|-damage|p2b: Rillaboom|20/100
|-status|p2b: Rillaboom|psn
|move|p2b: Rillaboom|Bullet Seed|p1a: Deesler
|-resisted|p1a: Deesler
|-damage|p1a: Deesler|86/100
|-resisted|p1a: Deesler
|-damage|p1a: Deesler|72/100
|-resisted|p1a: Deesler
|-damage|p1a: Deesler|58/100
|-resisted|p1a: Deesler
|-damage|p1a: Deesler|44/100
|-resisted|p1a: Deesler
|-crit|p1a: Deesler
|-damage|p1a: Deesler|24/100
|-hitcount|p1a: Deesler|5
|move|p2a: Archaludon|Electro Shot||[still]
|-prepare|p2a: Archaludon|Electro Shot
|-boost|p2a: Archaludon|spa|1
|-anim|p2a: Archaludon|Electro Shot|p1b: Sinistcha
|-resisted|p1b: Sinistcha
|-damage|p1b: Sinistcha|66/100
|
|-weather|RainDance|[upkeep]
|-heal|p1a: Deesler|30/100|[from] Grassy Terrain
|-heal|p2b: Rillaboom|26/100 psn|[from] Grassy Terrain
|-heal|p2a: Archaludon|98/100|[from] Grassy Terrain
|-heal|p1b: Sinistcha|73/100|[from] Grassy Terrain
|-damage|p2b: Rillaboom|13/100 psn|[from] psn
|-sideend|p2: archaludon_enjoyer|move: Tailwind
|upkeep
|turn|5
|
|t:|1756502366
|move|p1a: Deesler|Protect|p1a: Deesler
|-singleturn|p1a: Deesler|Protect
|move|p2b: Rillaboom|Grassy Glide|p1a: Deesler
|-activate|p1a: Deesler|move: Protect
|move|p2a: Archaludon|Electro Shot||[still]
|-prepare|p2a: Archaludon|Electro Shot
|-boost|p2a: Archaludon|spa|1
|-anim|p2a: Archaludon|Electro Shot|p1b: Sinistcha
|-resisted|p1b: Sinistcha
|-damage|p1b: Sinistcha|28/100
|-enditem|p1b: Sinistcha|Sitrus Berry|[eat]
|-heal|p1b: Sinistcha|53/100|[from] item: Sitrus Berry
|move|p1b: Sinistcha|Matcha Gotcha|p2a: Archaludon|[spread] p2a,p2b
|-resisted|p2a: Archaludon
|-resisted|p2b: Rillaboom
|-damage|p2a: Archaludon|87/100
|-heal|p1b: Sinistcha|60/100|[from] drain|[of] p2a: Archaludon
|-damage|p2b: Rillaboom|0 fnt
|-heal|p1b: Sinistcha|67/100|[from] drain|[of] p2b: Rillaboom
|-ability|p2a: Archaludon|Stamina|boost
|-boost|p2a: Archaludon|def|1
|faint|p2b: Rillaboom
|
|-weather|none
|-heal|p1a: Deesler|36/100|[from] Grassy Terrain
|-heal|p2a: Archaludon|93/100|[from] Grassy Terrain
|-heal|p1b: Sinistcha|73/100|[from] Grassy Terrain
|upkeep
|
|t:|1756502372
|switch|p2b: Basculegion|Basculegion, L50, M, shiny|5/100 par
|turn|6
|
|t:|1756502405
|switch|p1a: Basculegion|Basculegion, L50, M|100/100
|move|p2b: Basculegion|Aqua Jet|p2a: Archaludon
|-damage|p2a: Archaludon|85/100
|-ability|p2a: Archaludon|Stamina|boost
|-boost|p2a: Archaludon|def|1
|move|p2a: Archaludon|Flash Cannon|p1b: Sinistcha
|-damage|p1b: Sinistcha|0 fnt
|faint|p1b: Sinistcha
|
|-heal|p2a: Archaludon|91/100|[from] Grassy Terrain
|-heal|p2b: Basculegion|11/100 par|[from] Grassy Terrain
|upkeep
|
|t:|1756502416
|switch|p1b: Deesler|Sneasler, L50, M|36/100
|turn|7
|
|t:|1756502439
|-terastallize|p1a: Basculegion|Grass
|cant|p2b: Basculegion|par
|move|p1b: Deesler|Dire Claw|p2b: Basculegion
|-resisted|p2b: Basculegion
|-damage|p2b: Basculegion|0 fnt
|faint|p2b: Basculegion
|move|p2a: Archaludon|Draco Meteor|p1a: Basculegion
|-damage|p1a: Basculegion|0 fnt
|-unboost|p2a: Archaludon|spa|2
|faint|p1a: Basculegion
|
|-heal|p1b: Deesler|42/100|[from] Grassy Terrain
|-heal|p2a: Archaludon|97/100|[from] Grassy Terrain
|-fieldend|move: Grassy Terrain
|upkeep
|turn|8
|
|t:|1756502453
|move|p1b: Deesler|Dire Claw|p2a: Archaludon
|-damage|p2a: Archaludon|91/100
|-status|p2a: Archaludon|psn
|move|p2a: Archaludon|Body Press|p1b: Deesler
|-resisted|p1b: Deesler
|-crit|p1b: Deesler
|-damage|p1b: Deesler|0 fnt
|faint|p1b: Deesler
|
|win|archaludon_enjoyer
||latios66 is ready for game 2.
|inactive|archaludon_enjoyer has 30 seconds to confirm battle start!
