|j|☆luiz red
|j|☆mathgamer2011mfm
|html|luiz redmathgamer2011mfm    
|uhtml|bestof|Game 1 of a best-of-3
|t:|1756932639
|gametype|doubles
|player|p1|luiz red|veteran|
|player|p2|mathgamer2011mfm|pokemonranger|
|gen|9
|tier|[Gen 9] VGC 2025 Reg H (Bo3)
|rule|Species Clause: Limit one of each Pokémon
|rule|Item Clause: Limit 1 of each item
|clearpoke
|poke|p1|Incineroar, L50, M|
|poke|p1|Archaludon, L50, M|
|poke|p1|Pelipper, L50, M|
|poke|p1|Primarina, L50, F|
|poke|p1|Dragapult, L50, F|
|poke|p1|Amoonguss, L50, M|
|poke|p2|Ninetales-Alola, L50, M|
|poke|p2|Sneasler, L50, M|
|poke|p2|Rillaboom, L50, M|
|poke|p2|Dragonite, L50, M|
|poke|p2|Incineroar, L50, F|
|poke|p2|Ursaluna, L50, F|
|teampreview|4
|showteam|p1|Incineroar||SafetyGoggles|Intimidate|PartingShot,KnockOff,FlareBlitz,FakeOut|||M|||50|,,,,,Ghost]Archaludon||AssaultVest|Stamina|BodyPress,ElectroShot,FlashCannon,DragonPulse|||M|||50|,,,,,Flying]Pelipper||SitrusBerry|Drizzle|Tailwind,HelpingHand,Hurricane,WeatherBall|||M|||50|,,,,,Steel]Primarina||Leftovers|LiquidVoice|HyperVoice,Moonblast,CalmMind,Protect|||F|||50|,,,,,Poison]Dragapult||ChoiceBand|ClearBody|DragonDarts,SuckerPunch,Uturn,PhantomForce|||F|||50|,,,,,Dragon]Amoonguss||RockyHelmet|Regenerator|ClearSmog,Spore,RagePowder,PollenPuff|||M|||50|,,,,,Dark
|showteam|p2|Ninetales-Alola||ChoiceSpecs|SnowWarning|Moonblast,AuroraVeil,FreezeDry,Blizzard|||M|||50|,,,,,Ice]Sneasler||FocusSash|PoisonTouch|DireClaw,CloseCombat,FakeOut,Protect|||M|||50|,,,,,Stellar]Rillaboom||AssaultVest|GrassySurge|WoodHammer,GrassyGlide,FakeOut,HighHorsepower|||M|||50|,,,,,Fire]Dragonite||LoadedDice|Multiscale|ScaleShot,Protect,ExtremeSpeed,Tailwind|||M|||50|,,,,,Fairy]Incineroar||SafetyGoggles|Intimidate|FakeOut,KnockOff,FlareBlitz,PartingShot|||F|||50|,,,,,Ghost]Ursaluna||FlameOrb|Guts|HeadlongRush,Facade,Protect,Earthquake|||F|||50|,,,,,Ground
|c|☆luiz red|Legal esse time!
|c|☆mathgamer2011mfm|obrigado
|
|t:|1756932700
|teamsize|p1|4
|teamsize|p2|4
|start
|switch|p1a: Fernandão|Incineroar, L50, M, shiny|100/100
|switch|p1b: Archaludon|Archaludon, L50, M|100/100
|switch|p2a: Rillaboom|Rillaboom, L50, M, shiny|100/100
|switch|p2b: Dragonite|Dragonite, L50, M|100/100
|-fieldstart|move: Grassy Terrain|[from] ability: Grassy Surge|[of] p2a: Rillaboom
|-ability|p1a: Fernandão|Intimidate|boost
|-unboost|p2a: Rillaboom|atk|1
|-unboost|p2b: Dragonite|atk|1
|turn|1
|
|t:|1756932733
|move|p2a: Rillaboom|Fake Out|p1a: Fernandão
|-damage|p1a: Fernandão|92/100
|move|p2b: Dragonite|Scale Shot|p1b: Archaludon
|-damage|p1b: Archaludon|93/100
|-ability|p1b: Archaludon|Stamina|boost
|-boost|p1b: Archaludon|def|1
|-damage|p1b: Archaludon|88/100
|-ability|p1b: Archaludon|Stamina|boost
|-boost|p1b: Archaludon|def|1
|-damage|p1b: Archaludon|84/100
|-ability|p1b: Archaludon|Stamina|boost
|-boost|p1b: Archaludon|def|1
|-damage|p1b: Archaludon|81/100
|-ability|p1b: Archaludon|Stamina|boost
|-boost|p1b: Archaludon|def|1
|-hitcount|p1b: Archaludon|4
|-unboost|p2b: Dragonite|def|1
|-boost|p2b: Dragonite|spe|1
|move|p1b: Archaludon|Flash Cannon|p2b: Dragonite
|-damage|p2b: Dragonite|83/100
|cant|p1a: Fernandão|flinch
|
|-heal|p1b: Archaludon|87/100|[from] Grassy Terrain
|-heal|p1a: Fernandão|98/100|[from] Grassy Terrain
|upkeep
|turn|2
|c|☆mathgamer2011mfm|nossa
|
|t:|1756932766
|switch|p2a: Sneasler|Sneasler, L50, M|100/100
|move|p2b: Dragonite|Protect|p2b: Dragonite
|-singleturn|p2b: Dragonite|Protect
|move|p1b: Archaludon|Body Press|p2a: Sneasler
|-resisted|p2a: Sneasler
|-damage|p2a: Sneasler|36/100
|move|p1a: Fernandão|Parting Shot|p2b: Dragonite
|-activate|p2b: Dragonite|move: Protect
|
|-heal|p2a: Sneasler|42/100|[from] Grassy Terrain
|-heal|p1b: Archaludon|93/100|[from] Grassy Terrain
|-heal|p1a: Fernandão|100/100|[from] Grassy Terrain
|upkeep
|turn|3
|
|t:|1756932799
|switch|p1a: Renata Fan|Primarina, L50, F, shiny|100/100
|-terastallize|p1b: Archaludon|Flying
|move|p2b: Dragonite|Tailwind|p2b: Dragonite
|-sidestart|p2: mathgamer2011mfm|move: Tailwind
|move|p2a: Sneasler|Close Combat|p1a: Renata Fan
|-resisted|p1a: Renata Fan
|-damage|p1a: Renata Fan|74/100
|-unboost|p2a: Sneasler|def|1
|-unboost|p2a: Sneasler|spd|1
|move|p1b: Archaludon|Body Press|p2a: Sneasler
|-resisted|p2a: Sneasler
|-damage|p2a: Sneasler|0 fnt
|faint|p2a: Sneasler
|
|-heal|p1a: Renata Fan|80/100|[from] Grassy Terrain
|-heal|p1a: Renata Fan|86/100|[from] item: Leftovers
|upkeep
|
|t:|1756932817
|switch|p2a: Rillaboom|Rillaboom, L50, M, shiny|100/100
|turn|4
|
|t:|1756932837
|switch|p1a: Fernandão|Incineroar, L50, M, shiny|100/100
|-ability|p1a: Fernandão|Intimidate|boost
|-unboost|p2a: Rillaboom|atk|1
|-unboost|p2b: Dragonite|atk|1
|move|p2b: Dragonite|Scale Shot|p1b: Archaludon
|-damage|p1b: Archaludon|91/100
|-ability|p1b: Archaludon|Stamina|boost
|-boost|p1b: Archaludon|def|1
|-damage|p1b: Archaludon|89/100
|-ability|p1b: Archaludon|Stamina|boost
|-boost|p1b: Archaludon|def|1
|-damage|p1b: Archaludon|87/100
|-damage|p1b: Archaludon|85/100
|-hitcount|p1b: Archaludon|4
|-unboost|p2b: Dragonite|def|1
|-boost|p2b: Dragonite|spe|1
|move|p2a: Rillaboom|High Horsepower|p1a: Fernandão
|-supereffective|p1a: Fernandão
|-damage|p1a: Fernandão|60/100
|move|p1b: Archaludon|Body Press|p2a: Rillaboom
|-damage|p2a: Rillaboom|4/100
|
|-heal|p2a: Rillaboom|10/100|[from] Grassy Terrain
|-heal|p1a: Fernandão|66/100|[from] Grassy Terrain
|upkeep
|turn|5
|
|t:|1756932871
|move|p1a: Fernandão|Fake Out|p2a: Rillaboom
|-damage|p2a: Rillaboom|0 fnt
|faint|p2a: Rillaboom
|move|p2b: Dragonite|Scale Shot|p1a: Fernandão|[miss]
|-miss|p2b: Dragonite|p1a: Fernandão
|move|p1b: Archaludon|Dragon Pulse|p2b: Dragonite
|-supereffective|p2b: Dragonite
|-damage|p2b: Dragonite|6/100
|
|-heal|p1a: Fernandão|72/100|[from] Grassy Terrain
|-fieldend|move: Grassy Terrain
|upkeep
|
|t:|1756932882
|switch|p2a: Ninetales|Ninetales-Alola, L50, M, shiny|100/100
|-weather|Snowscape|[from] ability: Snow Warning|[of] p2a: Ninetales
|turn|6
|
|t:|1756932890
|switch|p1a: Pelipper|Pelipper, L50, M|100/100
|-weather|RainDance|[from] ability: Drizzle|[of] p1a: Pelipper
|move|p2b: Dragonite|Protect|p2b: Dragonite
|-singleturn|p2b: Dragonite|Protect
|move|p2a: Ninetales|Moonblast|p1a: Pelipper
|-damage|p1a: Pelipper|38/100
|-unboost|p1a: Pelipper|spa|1
|-enditem|p1a: Pelipper|Sitrus Berry|[eat]
|-heal|p1a: Pelipper|63/100|[from] item: Sitrus Berry
|move|p1b: Archaludon|Electro Shot||[still]
|-prepare|p1b: Archaludon|Electro Shot
|-boost|p1b: Archaludon|spa|1
|-anim|p1b: Archaludon|Electro Shot|p2b: Dragonite
|-activate|p2b: Dragonite|move: Protect
|
|-weather|RainDance|[upkeep]
|-sideend|p2: mathgamer2011mfm|move: Tailwind
|upkeep
|turn|7
|
|t:|1756932915
|move|p2b: Dragonite|Extreme Speed|p1b: Archaludon
|-damage|p1b: Archaludon|82/100
|move|p2a: Ninetales|Moonblast|p1a: Pelipper
|-damage|p1a: Pelipper|1/100
|move|p1b: Archaludon|Electro Shot||[still]
|-prepare|p1b: Archaludon|Electro Shot
|-boost|p1b: Archaludon|spa|1
|-anim|p1b: Archaludon|Electro Shot|p2b: Dragonite
|-damage|p2b: Dragonite|0 fnt
|faint|p2b: Dragonite
|move|p1a: Pelipper|Tailwind|p1a: Pelipper
|-sidestart|p1: luiz red|move: Tailwind
|
|-weather|RainDance|[upkeep]
|upkeep
|turn|8
|
|t:|1756932936
|switch|p1a: Fernandão|Incineroar, L50, M, shiny|72/100
|-ability|p1a: Fernandão|Intimidate|boost
|-unboost|p2a: Ninetales|atk|1
|move|p1b: Archaludon|Flash Cannon|p2a: Ninetales
|-supereffective|p2a: Ninetales
|-damage|p2a: Ninetales|0 fnt
|faint|p2a: Ninetales
|
|win|luiz red
||mathgamer2011mfm is ready for game 2.
|inactive|luiz red has 30 seconds to confirm battle start!
|inactive|luiz red has 20 seconds to confirm battle start!
