|j|☆GamerDzha
|j|☆lipeater444
|html|GamerDzhalipeater444    
|uhtml|bestof|Game 2 of a best-of-3
|t:|1785611377
|gametype|doubles
|player|p1|GamerDzha|miku-flying|
|player|p2|lipeater444|skierf-gen4dp|
|gen|9
|tier|[Gen 9 Champions] VGC 2026 Reg M-B (Bo3)
|rule|Species Clause: Limit one of each Pokémon
|rule|Item Clause: Limit 1 of each item
|clearpoke
|poke|p1|Pyroar, L50, M|
|poke|p1|Kangaskhan, L50, F|
|poke|p1|Staraptor, L50, M|
|poke|p1|Zoroark-Hisui, L50, M|
|poke|p1|Drampa, L50, F|
|poke|p1|Farigiraf, L50, M|
|poke|p2|Metagross, L50|
|poke|p2|Delphox, L50, M|
|poke|p2|Meowstic, L50, M, shiny|
|poke|p2|Farigiraf, L50, M|
|poke|p2|Gardevoir, L50, M|
|poke|p2|Gallade, L50, M, shiny|
|teampreview|4
|showteam|p1|Pyroar||Pyroarite|Unnerve|HeatWave,FireBlast,ScorchingSands,Protect|Timid||M|||50|]Kangaskhan||Kangaskhanite|Scrappy|FakeOut,DoubleEdge,DrainPunch,SuckerPunch|Adamant||F|||50|]Staraptor||ChoiceScarf|Intimidate|BraveBird,CloseCombat,FinalGambit,Uturn|Jolly||M|||50|]Zoroark-Hisui||FocusSash|Illusion|BitterMalice,IcyWind,Taunt,Protect|Timid||M|||50|]Drampa||SitrusBerry|Berserk|HyperVoice,DragonPulse,EarthPower,Protect|Quiet||F|||50|]Farigiraf||ColburBerry|ArmorTail|Psychic,Thunderbolt,TrickRoom,Protect|Quiet||M|||50|
|showteam|p2|Metagross||LifeOrb|ClearBody|BulletPunch,IronHead,PsychicFangs,Protect|Brave|||||50|]Delphox||Delphoxite|Magician|HeatWave,Flamethrower,ExpandingForce,Protect|Timid||M|||50|]Meowstic||FocusSash|Prankster|LightScreen,Reflect,PsychicTerrain,ExpandingForce|Calm||M|||50|]Farigiraf||SitrusBerry|ArmorTail|TrickRoom,HyperVoice,HelpingHand,Protect|Sassy||M|||50|]Gardevoir||Gardevoirite|Trace|HyperVoice,AuraSphere,ExpandingForce,Protect|Timid||M|||50|]Gallade||ChoiceScarf|Sharpness|SacredSword,LeafBlade,PsychoCut,Trick|Jolly||M|||50|
|
|t:|1785611419
|teamsize|p1|4
|teamsize|p2|4
|start
|switch|p1a: Simba|Pyroar, L50, M|100/100
|switch|p1b: Kamikaze|Staraptor, L50, M|100/100
|switch|p2a: Aoi|Gallade, L50, M, shiny|100/100
|switch|p2b: Abyss|Farigiraf, L50, M|100/100
|-ability|p1a: Simba|Unnerve
|-ability|p1b: Kamikaze|Intimidate|boost
|-unboost|p2a: Aoi|atk|1
|-unboost|p2b: Abyss|atk|1
|turn|1
|
|t:|1785611456
|detailschange|p1a: Simba|Pyroar-Mega, L50, M
|-mega|p1a: Simba|Pyroar|Pyroarite
|move|p2b: Abyss|Protect|p2b: Abyss
|-singleturn|p2b: Abyss|Protect
|move|p1b: Kamikaze|Brave Bird|p2a: Aoi
|-supereffective|p2a: Aoi|1
|-damage|p2a: Aoi|0 fnt
|faint|p2a: Aoi
|-damage|p1b: Kamikaze|73/100|[from] Recoil
|move|p1a: Simba|Fire Blast|p2b: Abyss
|-activate|p2b: Abyss|move: Protect
|
|upkeep
|
|t:|1785611484
|switch|p2a: Ronny|Gardevoir, L50, M|100/100
|-ability|p2a: Ronny|Intimidate|Trace|[from] ability: Trace|[of] p1b: Kamikaze
|-ability|p2a: Ronny|Intimidate|boost
|-unboost|p1a: Simba|atk|1
|-unboost|p1b: Kamikaze|atk|1
|turn|2
|
|t:|1785611516
|detailschange|p2a: Ronny|Gardevoir-Mega, L50, M
|-mega|p2a: Ronny|Gardevoir|Gardevoirite
|move|p1b: Kamikaze|Brave Bird|p2b: Abyss
|-damage|p2b: Abyss|64/100
|-damage|p1b: Kamikaze|59/100|[from] Recoil
|move|p1a: Simba|Fire Blast|p2b: Abyss|[miss]
|-miss|p1a: Simba|p2b: Abyss
|move|p2a: Ronny|Aura Sphere|p1a: Simba
|-supereffective|p1a: Simba|1
|-damage|p1a: Simba|20/100y
|move|p2b: Abyss|Hyper Voice|p1a: Simba|[spread] p1a,p1b
|-damage|p1a: Simba|0 fnt
|-damage|p1b: Kamikaze|21/100
|faint|p1a: Simba
|
|upkeep
|
|t:|1785611528
|switch|p1a: Mind Blower|Farigiraf, L50, M|100/100
|turn|3
|inactive|Battle timer is ON: inactive players will automatically lose when time's up. (requested by GamerDzha)
|
|t:|1785611593
|move|p2a: Ronny|Protect|p2a: Ronny
|-singleturn|p2a: Ronny|Protect
|move|p1b: Kamikaze|Brave Bird|p2a: Ronny
|-activate|p2a: Ronny|move: Protect
|move|p2b: Abyss|Hyper Voice|p1a: Mind Blower|[spread] p1a,p1b
|-damage|p1a: Mind Blower|76/100
|-damage|p1b: Kamikaze|0 fnt
|faint|p1b: Kamikaze
|move|p1a: Mind Blower|Trick Room|p1a: Mind Blower
|-fieldstart|move: Trick Room|[of] p1a: Mind Blower
|
|upkeep
|
|t:|1785611611
|switch|p1b: Kazakhstan|Kangaskhan, L50, F|100/100
|turn|4
|inactive|lipeater444 has 30 seconds left.
|inactive|lipeater444 has 20 seconds left.
|
|t:|1785611647
|move|p1a: Mind Blower|Thunderbolt|p2a: Ronny
|-damage|p2a: Ronny|73/100
|move|p1b: Kazakhstan|Double-Edge|p2a: Ronny
|-damage|p2a: Ronny|0 fnt
|faint|p2a: Ronny
|-damage|p1b: Kazakhstan|83/100|[from] Recoil
|move|p2b: Abyss|Trick Room|p2b: Abyss
|-fieldend|move: Trick Room
|
|upkeep
|
|t:|1785611652
|switch|p2a: Saien|Metagross, L50|100/100
|turn|5
|
|t:|1785611677
|move|p1b: Kazakhstan|Drain Punch|p2a: Saien
|-damage|p2a: Saien|81/100
|-heal|p1b: Kazakhstan|91/100|[from] drain|[of] p2a: Saien
|move|p2a: Saien|Iron Head|p1b: Kazakhstan
|-damage|p1b: Kazakhstan|25/100
|-damage|p2a: Saien|71/100|[from] item: Life Orb
|move|p1a: Mind Blower|Thunderbolt|p2a: Saien
|-damage|p2a: Saien|43/100
|move|p2b: Abyss|Hyper Voice|p1a: Mind Blower|[spread] p1a,p1b
|-damage|p1a: Mind Blower|53/100
|-damage|p1b: Kazakhstan|1/100
|
|upkeep
|turn|6
|c|☆lipeater444|I didn't do that the way I shoudld have I realized
|inactive|GamerDzha has 30 seconds left.
|
|t:|1785611705
|move|p2a: Saien|Protect|p2a: Saien
|-singleturn|p2a: Saien|Protect
|move|p1b: Kazakhstan|Double-Edge|p2b: Abyss
|-damage|p2b: Abyss|6/100
|-enditem|p2b: Abyss|Sitrus Berry|[eat]
|-heal|p2b: Abyss|30/100|[from] item: Sitrus Berry
|-damage|p1b: Kazakhstan|0 fnt|[from] Recoil
|faint|p1b: Kazakhstan
|move|p1a: Mind Blower|Thunderbolt|p2a: Saien
|-activate|p2a: Saien|move: Protect
|move|p2b: Abyss|Hyper Voice|p1a: Mind Blower
|-damage|p1a: Mind Blower|22/100
|
|upkeep
|turn|7
|c|☆GamerDzha|yeah ggs
|c|☆GamerDzha|not in my favor
|c|☆lipeater444|gg
|c|☆lipeater444|yea true
|
|t:|1785611726
|move|p2a: Saien|Iron Head|p1a: Mind Blower
|-damage|p1a: Mind Blower|0 fnt
|faint|p1a: Mind Blower
|-damage|p2a: Saien|34/100|[from] item: Life Orb
|
|win|lipeater444
