|j|☆takeshivgc-test
|j|☆blfuller_4
|html|takeshivgc-testblfuller_4    
|uhtml|bestof|Game 3 of a best-of-3
|t:|1755916804
|gametype|doubles
|player|p1|takeshivgc-test|2|1236
|player|p2|blfuller_4|101|1317
|gen|9
|tier|[Gen 9] VGC 2025 Reg H (Bo3)
|rated|
|rule|Species Clause: Limit one of each Pokémon
|rule|Item Clause: Limit 1 of each item
|clearpoke
|poke|p1|Armarouge, L50, F|
|poke|p1|Indeedee-F, L50, F|
|poke|p1|Torkoal, L50, M|
|poke|p1|Gallade, L50, M|
|poke|p1|Ursaluna, L50, M|
|poke|p1|Hatterene, L50, F|
|poke|p2|Tyranitar, L50, M|
|poke|p2|Excadrill, L50, M|
|poke|p2|Sneasler, L50, M|
|poke|p2|Indeedee, L50, M|
|poke|p2|Gholdengo, L50|
|poke|p2|Whimsicott, L50, F|
|teampreview|4
|showteam|p1|Armarouge||PowerHerb|FlashFire|ArmorCannon,ExpandingForce,TrickRoom,MeteorBeam|||F|||50|,,,,,Grass]Indeedee-F||PsychicSeed|PsychicSurge|Psychic,HelpingHand,TrickRoom,FollowMe|||F|||50|,,,,,Fairy]Torkoal||Charcoal|Drought|Eruption,Protect,WeatherBall,HeatWave|||M|||50|,,,,,Fire]Gallade||ClearAmulet|Sharpness|PsychoCut,SacredSword,TrickRoom,WideGuard|||M|||50|,,,,,Fire]Ursaluna||FlameOrb|Guts|Facade,HeadlongRush,Earthquake,Protect|||M|||50|,,,,,Ghost]Hatterene||LifeOrb|MagicBounce|ExpandingForce,DazzlingGleam,TrickRoom,MysticalFire|||F|||50|,,,,,Fire
|showteam|p2|Tyranitar||AssaultVest|SandStream|RockSlide,TeraBlast,KnockOff,LowKick|||M|||50|,,,,,Flying]Excadrill||FocusSash|SandRush|Protect,Earthquake,HighHorsepower,IronHead|||M|||50|,,,,,Stellar]Sneasler||PsychicSeed|Unburden|ThroatChop,Protect,CloseCombat,DireClaw|||M|||50|,,,,,Dark]Indeedee||ChoiceScarf|PsychicSurge|ExpandingForce,DazzlingGleam,ShadowBall,Trick|||M|||50|,,,,,Psychic]Gholdengo||ChoiceSpecs|GoodasGold|MakeItRain,ShadowBall,Thunderbolt,PowerGem||||||50|,,,,,Steel]Whimsicott||CovertCloak|Prankster|Tailwind,Moonblast,Encore,FakeTears|||F|||50|,,,,,Dark
|
|t:|1755916825
|teamsize|p1|4
|teamsize|p2|4
|start
|switch|p1a: Indeedee|Indeedee-F, L50, F|100/100
|switch|p1b: Hatterene|Hatterene, L50, F|100/100
|switch|p2a: Tyranitar|Tyranitar, L50, M|100/100
|switch|p2b: Excadrill|Excadrill, L50, M|100/100
|-fieldstart|move: Psychic Terrain|[from] ability: Psychic Surge|[of] p1a: Indeedee
|-enditem|p1a: Indeedee|Psychic Seed
|-boost|p1a: Indeedee|spd|1|[from] item: Psychic Seed
|-weather|Sandstorm|[from] ability: Sand Stream|[of] p2a: Tyranitar
|turn|1
|j| teamthief420
|
|t:|1755916840
|-terastallize|p1a: Indeedee|Fairy
|-terastallize|p2a: Tyranitar|Flying
|move|p1a: Indeedee|Follow Me|p1a: Indeedee
|-singleturn|p1a: Indeedee|move: Follow Me
|move|p2b: Excadrill|Earthquake|p1b: Hatterene|[spread] p1a,p1b
|-immune|p2a: Tyranitar
|-damage|p1a: Indeedee|60/100
|-damage|p1b: Hatterene|56/100
|move|p2a: Tyranitar|Knock Off|p1a: Indeedee
|-resisted|p1a: Indeedee
|-damage|p1a: Indeedee|41/100
|move|p1b: Hatterene|Trick Room|p1b: Hatterene
|-fieldstart|move: Trick Room|[of] p1b: Hatterene
|
|-weather|Sandstorm|[upkeep]
|-damage|p1b: Hatterene|51/100|[from] Sandstorm
|-damage|p2a: Tyranitar|95/100|[from] Sandstorm
|-damage|p1a: Indeedee|34/100|[from] Sandstorm
|upkeep
|turn|2
|
|t:|1755916862
|move|p1b: Hatterene|Expanding Force|p2b: Excadrill|[spread] p2a,p2b
|-resisted|p2b: Excadrill
|-damage|p2a: Tyranitar|42/100
|-damage|p2b: Excadrill|39/100
|-damage|p1b: Hatterene|41/100|[from] item: Life Orb
|move|p2a: Tyranitar|Rock Slide|p1a: Indeedee|[spread] p1a
|-miss|p2a: Tyranitar|p1b: Hatterene
|-damage|p1a: Indeedee|0 fnt
|faint|p1a: Indeedee
|move|p2b: Excadrill|Earthquake|p1b: Hatterene|[spread] p1b
|-immune|p2a: Tyranitar
|-damage|p1b: Hatterene|0 fnt
|faint|p1b: Hatterene
|
|-weather|Sandstorm|[upkeep]
|-damage|p2a: Tyranitar|36/100|[from] Sandstorm
|upkeep
|
|t:|1755916876
|switch|p1b: Gallade|Gallade, L50, M, shiny|100/100
|switch|p1a: Torkoal|Torkoal, L50, M|100/100
|-weather|SunnyDay|[from] ability: Drought|[of] p1a: Torkoal
|turn|3
|
|t:|1755916894
|switch|p2a: Indeedee|Indeedee, L50, M|100/100
|move|p2b: Excadrill|Protect|p2b: Excadrill
|-singleturn|p2b: Excadrill|Protect
|move|p1a: Torkoal|Eruption|p2a: Indeedee|[spread] p2a
|-activate|p2b: Excadrill|move: Protect
|-damage|p2a: Indeedee|0 fnt
|faint|p2a: Indeedee
|move|p1b: Gallade|Sacred Sword|p2b: Excadrill
|-activate|p2b: Excadrill|move: Protect
|
|-weather|SunnyDay|[upkeep]
|upkeep
|
|t:|1755916908
|switch|p2a: Tyranitar|Tyranitar, L50, M, tera:Flying|36/100
|-weather|Sandstorm|[from] ability: Sand Stream|[of] p2a: Tyranitar
|turn|4
|
|t:|1755916922
|switch|p2b: Sneasler|Sneasler, L50, M|100/100
|-enditem|p2b: Sneasler|Psychic Seed
|-boost|p2b: Sneasler|spd|1|[from] item: Psychic Seed
|move|p1a: Torkoal|Eruption|p2b: Sneasler|[spread] p2a,p2b
|-crit|p2b: Sneasler
|-damage|p2a: Tyranitar|4/100
|-damage|p2b: Sneasler|0 fnt
|faint|p2b: Sneasler
|move|p2a: Tyranitar|Rock Slide|p1b: Gallade|[spread] p1a,p1b
|-supereffective|p1a: Torkoal
|-resisted|p1b: Gallade
|-damage|p1a: Torkoal|46/100
|-damage|p1b: Gallade|75/100
|move|p1b: Gallade|Sacred Sword|p2a: Tyranitar
|-resisted|p2a: Tyranitar
|-damage|p2a: Tyranitar|0 fnt
|faint|p2a: Tyranitar
|
|-weather|Sandstorm|[upkeep]
|-damage|p1a: Torkoal|40/100|[from] Sandstorm
|-damage|p1b: Gallade|70/100|[from] Sandstorm
|upkeep
|
|t:|1755916938
|switch|p2b: Excadrill|Excadrill, L50, M|39/100
|turn|5
|
|t:|1755916951
|move|p2b: Excadrill|Protect|p2b: Excadrill
|-singleturn|p2b: Excadrill|Protect
|move|p1a: Torkoal|Heat Wave|p2b: Excadrill
|-activate|p2b: Excadrill|move: Protect
|move|p1b: Gallade|Psycho Cut|p2b: Excadrill
|-activate|p2b: Excadrill|move: Protect
|
|-weather|Sandstorm|[upkeep]
|-damage|p1a: Torkoal|34/100|[from] Sandstorm
|-damage|p1b: Gallade|64/100|[from] Sandstorm
|-fieldend|move: Trick Room
|-fieldend|move: Psychic Terrain
|upkeep
|turn|6
|
|t:|1755916966
|move|p1b: Gallade|Wide Guard|p1b: Gallade
|-singleturn|p1b: Gallade|Wide Guard
|move|p2b: Excadrill|Earthquake|p1b: Gallade|[spread] 
|-activate|p1a: Torkoal|move: Wide Guard
|-activate|p1b: Gallade|move: Wide Guard
|move|p1a: Torkoal|Heat Wave|p2b: Excadrill
|-supereffective|p2b: Excadrill
|-damage|p2b: Excadrill|0 fnt
|faint|p2b: Excadrill
|
|win|takeshivgc-test
|raw|takeshivgc-test's rating: 1236 → 1267(+31 for winning)
|raw|blfuller_4's rating: 1317 → 1292(-25 for losing)
|c|☆takeshivgc-test|ggs
|c| teamthief420|50/50 ftw
|c|☆takeshivgc-test|Twas a good match indeed
