|j|☆SoloSnivy99
|j|☆mikelpoyarzabal
|html|SoloSnivy99mikelpoyarzabal    
|uhtml|bestof|Game 2 of a best-of-3
|t:|1784797110
|gametype|doubles
|player|p1|SoloSnivy99|grimsley|1218
|player|p2|mikelpoyarzabal|arven-s|1374
|gen|9
|tier|[Gen 9 Champions] VGC 2026 Reg M-B (Bo3)
|rated|
|rule|Species Clause: Limit one of each Pokémon
|rule|Item Clause: Limit 1 of each item
|clearpoke
|poke|p1|Eelektross, L50, M|
|poke|p1|Rotom-Wash, L50|
|poke|p1|Gliscor, L50, F|
|poke|p1|Delphox, L50, F|
|poke|p1|Vivillon, L50, F|
|poke|p1|Garchomp, L50, F|
|poke|p2|Tyranitar, L50, F|
|poke|p2|Excadrill, L50, M|
|poke|p2|Gholdengo, L50|
|poke|p2|Milotic, L50, F|
|poke|p2|Sinistcha, L50|
|poke|p2|Staraptor, L50, M|
|teampreview|4
|showteam|p1|Eelektross||Eelektrossite|Levitate|Protect,Discharge,DragonPulse,GigaDrain|Modest||M|||50|]Rotom-Wash||SitrusBerry|Levitate|HydroPump,WillOWisp,LightScreen,VoltSwitch|Timid|||||50|]Gliscor||ExpertBelt|HyperCutter|DualWingbeat,Earthquake,KnockOff,SwordsDance|Jolly||F|||50|]Delphox||Delphoxite|Blaze|HeatWave,DazzlingGleam,NastyPlot,Protect|Timid||F|||50|]Vivillon||FocusSash|CompoundEyes|Hurricane,SleepPowder,RagePowder,Tailwind|Timid||F|||50|]Garchomp||ChoiceScarf|RoughSkin|RockSlide,Earthquake,DragonClaw,PoisonJab|Adamant||F|||50|
|showteam|p2|Tyranitar||Tyranitarite|SandStream|RockSlide,KnockOff,LowKick,Protect|Jolly||F|||50|]Excadrill||FocusSash|SandRush|HighHorsepower,IronHead,RockSlide,Protect|Adamant||M|||50|]Gholdengo||LifeOrb|GoodasGold|ShadowBall,MakeItRain,NastyPlot,Protect|Modest|||||50|]Milotic||SitrusBerry|Competitive|Scald,IceBeam,IcyWind,Protect|Calm||F|||50|]Sinistcha||ColburBerry|Hospitality|MatchaGotcha,ShadowBall,RagePowder,Protect|Bold|||||50|]Staraptor||Staraptite|Intimidate|BraveBird,CloseCombat,Tailwind,Protect|Jolly||M|||50|
|inactive|Battle timer is ON: inactive players will automatically lose when time's up. (requested by mikelpoyarzabal)
|
|t:|1784797138
|teamsize|p1|4
|teamsize|p2|4
|start
|switch|p1a: Garchomp|Garchomp, L50, F|100/100
|switch|p1b: Rotom|Rotom-Wash, L50|100/100
|switch|p2a: Tyranitar|Tyranitar, L50, F|100/100
|switch|p2b: Sinistcha|Sinistcha, L50|100/100
|-weather|Sandstorm|[from] ability: Sand Stream|[of] p2a: Tyranitar
|turn|1
|inactive|SoloSnivy99 has 30 seconds left.
|
|t:|1784797170
|move|p2a: Tyranitar|Protect|p2a: Tyranitar
|-singleturn|p2a: Tyranitar|Protect
|move|p1a: Garchomp|Poison Jab|p2b: Sinistcha
|-damage|p2b: Sinistcha|74/100
|-status|p2b: Sinistcha|psn
|move|p1b: Rotom|Will-O-Wisp|p2a: Tyranitar
|-activate|p2a: Tyranitar|move: Protect
|move|p2b: Sinistcha|Matcha Gotcha|p1b: Rotom|[spread] p1a,p1b
|-supereffective|p1b: Rotom|1
|-damage|p1a: Garchomp|73/100
|-heal|p2b: Sinistcha|88/100 psn|[from] drain|[of] p1a: Garchomp
|-damage|p1b: Rotom|49/100
|-heal|p2b: Sinistcha|100/100 psn|[from] drain|[of] p1b: Rotom
|-status|p1a: Garchomp|brn
|-enditem|p1b: Rotom|Sitrus Berry|[eat]
|-heal|p1b: Rotom|73/100|[from] item: Sitrus Berry
|
|-weather|Sandstorm|[upkeep]
|-damage|p1b: Rotom|68/100|[from] Sandstorm
|-damage|p2b: Sinistcha|94/100 psn|[from] Sandstorm
|-damage|p2b: Sinistcha|82/100 psn|[from] psn
|-damage|p1a: Garchomp|67/100 brn|[from] brn
|upkeep
|turn|2
|inactive|SoloSnivy99 has 30 seconds left.
|
|t:|1784797202
|switch|p1a: Gliscor|Gliscor, L50, F|100/100
|move|p2b: Sinistcha|Rage Powder|p2b: Sinistcha
|-singleturn|p2b: Sinistcha|move: Rage Powder
|move|p2a: Tyranitar|Rock Slide|p1b: Rotom|[spread] p1a,p1b
|-damage|p1a: Gliscor|76/100
|-damage|p1b: Rotom|41/100
|move|p1b: Rotom|Will-O-Wisp||[still]
|-fail|p1b: Rotom
|
|-weather|Sandstorm|[upkeep]
|-damage|p1b: Rotom|35/100|[from] Sandstorm
|-damage|p2b: Sinistcha|76/100 psn|[from] Sandstorm
|-damage|p2b: Sinistcha|64/100 psn|[from] psn
|upkeep
|turn|3
|inactive|SoloSnivy99 has 30 seconds left.
|
|t:|1784797231
|move|p1a: Gliscor|Knock Off|p2b: Sinistcha
|-supereffective|p2b: Sinistcha|1
|-enditem|p2b: Sinistcha|Colbur Berry|[eat]
|-enditem|p2b: Sinistcha|Colbur Berry|[weaken]
|-damage|p2b: Sinistcha|39/100 psn
|move|p2a: Tyranitar|Knock Off|p1a: Gliscor
|-damage|p1a: Gliscor|30/100
|-enditem|p1a: Gliscor|Expert Belt|[from] move: Knock Off|[of] p2a: Tyranitar
|move|p1b: Rotom|Will-O-Wisp|p2a: Tyranitar|[miss]
|-miss|p1b: Rotom|p2a: Tyranitar
|move|p2b: Sinistcha|Matcha Gotcha|p1b: Rotom|[spread] p1b
|-miss|p2b: Sinistcha|p1a: Gliscor
|-supereffective|p1b: Rotom|1
|-damage|p1b: Rotom|0 fnt
|-heal|p2b: Sinistcha|55/100 psn|[from] drain|[of] p1b: Rotom
|faint|p1b: Rotom
|
|-weather|Sandstorm|[upkeep]
|-damage|p2b: Sinistcha|49/100 psn|[from] Sandstorm
|-damage|p2b: Sinistcha|37/100 psn|[from] psn
|upkeep
|
|t:|1784797251
|switch|p1b: Delphox|Delphox, L50, F|100/100
|turn|4
|inactive|SoloSnivy99 has 30 seconds left.
|
|t:|1784797279
|detailschange|p1b: Delphox|Delphox-Mega, L50, F
|-mega|p1b: Delphox|Delphox|Delphoxite
|move|p1b: Delphox|Protect|p1b: Delphox
|-singleturn|p1b: Delphox|Protect
|move|p1a: Gliscor|Dual Wingbeat|p2b: Sinistcha
|-supereffective|p2b: Sinistcha|1
|-damage|p2b: Sinistcha|10/100 psn
|-supereffective|p2b: Sinistcha|1
|-crit|p2b: Sinistcha
|-damage|p2b: Sinistcha|0 fnt
|faint|p2b: Sinistcha
|-hitcount|p2: Sinistcha|2
|move|p2a: Tyranitar|Rock Slide|p1a: Gliscor|[spread] p1a
|-activate|p1b: Delphox|move: Protect
|-damage|p1a: Gliscor|5/100
|
|-weather|Sandstorm|[upkeep]
|-damage|p1b: Delphox|94/100|[from] Sandstorm
|upkeep
|
|t:|1784797286
|switch|p2b: Excadrill|Excadrill, L50, M|100/100
|turn|5
|
|t:|1784797302
|switch|p1b: Garchomp|Garchomp, L50, F|67/100 brn
|switch|p2a: Staraptor|Staraptor, L50, M|100/100
|-ability|p2a: Staraptor|Intimidate|boost
|-fail|p1a: Gliscor|unboost|Attack|[from] ability: Hyper Cutter|[of] p1a: Gliscor
|-unboost|p1b: Garchomp|atk|1
|move|p2b: Excadrill|Rock Slide|p1b: Garchomp|[spread] p1a,p1b
|-resisted|p1b: Garchomp|1
|-damage|p1a: Gliscor|0 fnt
|-damage|p1b: Garchomp|56/100 brn
|faint|p1a: Gliscor
|
|-weather|none
|-damage|p1b: Garchomp|50/100g brn|[from] brn
|upkeep
|
|t:|1784797316
|switch|p1a: Delphox|Delphox-Mega, L50, F|94/100
|turn|6
|
|t:|1784797328
|switch|p2a: Tyranitar|Tyranitar, L50, F|100/100
|-weather|Sandstorm|[from] ability: Sand Stream|[of] p2a: Tyranitar
|move|p2b: Excadrill|High Horsepower|p1b: Garchomp
|-damage|p1b: Garchomp|0 fnt
|-damage|p2b: Excadrill|87/100|[from] ability: Rough Skin|[of] p1b: Garchomp
|faint|p1b: Garchomp
|move|p1a: Delphox|Heat Wave|p2a: Tyranitar|[spread] p2a,p2b
|-resisted|p2a: Tyranitar|1
|-supereffective|p2b: Excadrill|1
|-damage|p2a: Tyranitar|87/100
|-damage|p2b: Excadrill|0 fnt
|faint|p2b: Excadrill
|
|-weather|Sandstorm|[upkeep]
|-damage|p1a: Delphox|88/100|[from] Sandstorm
|upkeep
|
|t:|1784797334
|switch|p2b: Staraptor|Staraptor, L50, M|100/100
|-ability|p2b: Staraptor|Intimidate|boost
|-unboost|p1a: Delphox|atk|1
|turn|7
|
|t:|1784797352
|detailschange|p2b: Staraptor|Staraptor-Mega, L50, M
|-mega|p2b: Staraptor|Staraptor|Staraptite
|move|p1a: Delphox|Dazzling Gleam|p2b: Staraptor|[spread] p2a,p2b
|-supereffective|p2a: Tyranitar|1
|-supereffective|p2b: Staraptor|1
|-damage|p2a: Tyranitar|58/100
|-damage|p2b: Staraptor|54/100
|move|p2b: Staraptor|Brave Bird|p1a: Delphox
|-damage|p1a: Delphox|0 fnt
|faint|p1a: Delphox
|-damage|p2b: Staraptor|31/100|[from] Recoil
|
|win|mikelpoyarzabal
