|j|☆LOArmarouge
|j|☆Zurneus
|html|LOArmarougeZurneus    
|uhtml|bestof|Game 3 of a best-of-3
|t:|1756187827
|gametype|doubles
|player|p1|LOArmarouge|101|1235
|player|p2|Zurneus|silver|1192
|gen|9
|tier|[Gen 9] VGC 2025 Reg H (Bo3)
|rated|
|rule|Species Clause: Limit one of each Pokémon
|rule|Item Clause: Limit 1 of each item
|clearpoke
|poke|p1|Porygon2, L50|
|poke|p1|Ursaluna, L50, F|
|poke|p1|Amoonguss, L50, F|
|poke|p1|Gholdengo, L50|
|poke|p1|Incineroar, L50, M|
|poke|p1|Mienshao, L50, M|
|poke|p2|Gyarados, L50, M|
|poke|p2|Indeedee, L50, M|
|poke|p2|Volcarona, L50, M|
|poke|p2|Excadrill, L50, M|
|poke|p2|Amoonguss, L50, M|
|poke|p2|Tyranitar, L50, F|
|teampreview|4
|showteam|p1|Porygon2||Eviolite|Download|TeraBlast,IceBeam,TrickRoom,Recover||||||50|,,,,,Fighting]Ursaluna||FlameOrb|Guts|Facade,HeadlongRush,Earthquake,Protect|||F|||50|,,,,,Ghost]Amoonguss||CovertCloak|Regenerator|PollenPuff,RagePowder,Spore,Protect|||F|||50|,,,,,Water]Gholdengo||LifeOrb|GoodasGold|MakeItRain,ShadowBall,NastyPlot,Protect||||||50|,,,,,Dragon]Incineroar||SafetyGoggles|Intimidate|FakeOut,KnockOff,FlareBlitz,PartingShot|||M|||50|,,,,,Ghost]Mienshao||FocusSash|InnerFocus|CloseCombat,KnockOff,FakeOut,Feint|||M|||50|,,,,,Stellar
|showteam|p2|Gyarados||SafetyGoggles|Intimidate|Taunt,ThunderWave,Waterfall,Protect|||M|||50|,,,,,Steel]Indeedee||ChoiceScarf|PsychicSurge|DazzlingGleam,TeraBlast,Trick,ExpandingForce|||M|||50|,,,,,Psychic]Volcarona||LifeOrb|FlameBody|HeatWave,Tailwind,TeraBlast,Protect|||M|||50|,,,,,Fairy]Excadrill||ClearAmulet|SandRush|Protect,Earthquake,HighHorsepower,IronHead|||M|||50|,,,,,Ghost]Amoonguss||SitrusBerry|Regenerator|Protect,ClearSmog,RagePowder,Spore|||M|||50|,,,,,Water]Tyranitar||AssaultVest|SandStream|LowKick,TeraBlast,KnockOff,RockSlide|||F|||50|,,,,,Flying
|inactive|Battle timer is ON: inactive players will automatically lose when time's up. (requested by LOArmarouge)
|inactive|Zurneus has 60 seconds left.
|
|t:|1756187903
|teamsize|p1|4
|teamsize|p2|4
|start
|switch|p1a: Incineroar|Incineroar, L50, M|100/100
|switch|p1b: Porygon2|Porygon2, L50|100/100
|switch|p2a: Volcarona|Volcarona, L50, M|100/100
|switch|p2b: Indeedee|Indeedee, L50, M|100/100
|-fieldstart|move: Psychic Terrain|[from] ability: Psychic Surge|[of] p2b: Indeedee
|-ability|p1a: Incineroar|Intimidate|boost
|-unboost|p2a: Volcarona|atk|1
|-unboost|p2b: Indeedee|atk|1
|-ability|p1b: Porygon2|Download|boost
|-boost|p1b: Porygon2|atk|1
|turn|1
|inactive|LOArmarouge has 30 seconds left.
|inactive|Zurneus has 30 seconds left.
|inactive|LOArmarouge has 20 seconds left.
|inactive|Zurneus has 20 seconds left.
|inactive|Zurneus has 15 seconds left.
|inactive|Zurneus has 10 seconds left.
|inactive|Zurneus has 5 seconds left.
|
|t:|1756187956
|switch|p2a: Gyarados|Gyarados, L50, M|100/100
|-ability|p2a: Gyarados|Intimidate|boost
|-unboost|p1a: Incineroar|atk|1
|-unboost|p1b: Porygon2|atk|1
|move|p2b: Indeedee|Trick|p1b: Porygon2
|-activate|p2b: Indeedee|move: Trick|[of] p1b: Porygon2
|-item|p1b: Porygon2|Choice Scarf|[from] move: Trick
|-item|p2b: Indeedee|Eviolite|[from] move: Trick
|move|p1a: Incineroar|Knock Off|p2b: Indeedee
|-supereffective|p2b: Indeedee
|-damage|p2b: Indeedee|0 fnt
|-enditem|p2b: Indeedee|Eviolite|[from] move: Knock Off|[of] p1a: Incineroar
|faint|p2b: Indeedee
|move|p1b: Porygon2|Trick Room|p1b: Porygon2
|-fieldstart|move: Trick Room|[of] p1b: Porygon2
|
|upkeep
|
|t:|1756187979
|switch|p2b: Tyranitar|Tyranitar, L50, F|100/100
|-weather|Sandstorm|[from] ability: Sand Stream|[of] p2b: Tyranitar
|turn|2
|
|t:|1756187994
|switch|p1b: Amoonguss|Amoonguss, L50, F, shiny|100/100
|move|p2b: Tyranitar|Rock Slide|p1b: Amoonguss|[spread] p1a,p1b
|-supereffective|p1a: Incineroar
|-damage|p1a: Incineroar|43/100
|-damage|p1b: Amoonguss|72/100
|move|p1a: Incineroar|Knock Off|p2a: Gyarados
|-damage|p2a: Gyarados|78/100
|-enditem|p2a: Gyarados|Safety Goggles|[from] move: Knock Off|[of] p1a: Incineroar
|move|p2a: Gyarados|Thunder Wave|p1b: Amoonguss|[miss]
|-miss|p2a: Gyarados|p1b: Amoonguss
|
|-weather|Sandstorm|[upkeep]
|-damage|p1b: Amoonguss|66/100|[from] Sandstorm
|-damage|p2a: Gyarados|72/100|[from] Sandstorm
|upkeep
|turn|3
|inactive|LOArmarouge has 30 seconds left.
|
|t:|1756188028
|switch|p2b: Volcarona|Volcarona, L50, M|100/100
|move|p1b: Amoonguss|Spore|p2b: Volcarona
|-status|p2b: Volcarona|slp|[from] move: Spore
|move|p1a: Incineroar|Parting Shot|p2b: Volcarona
|-unboost|p2b: Volcarona|atk|1
|-unboost|p2b: Volcarona|spa|1
|
|t:|1756188037
|switch|p1a: Ursaluna|Ursaluna, L50, F|100/100|[from] Parting Shot
|move|p2a: Gyarados|Taunt|p1b: Amoonguss
|-start|p1b: Amoonguss|move: Taunt
|
|-weather|Sandstorm|[upkeep]
|-damage|p1b: Amoonguss|60/100|[from] Sandstorm
|-damage|p2a: Gyarados|66/100|[from] Sandstorm
|-damage|p2b: Volcarona|94/100 slp|[from] Sandstorm
|-status|p1a: Ursaluna|brn|[from] item: Flame Orb
|upkeep
|turn|4
|inactive|LOArmarouge has 30 seconds left.
|
|t:|1756188070
|switch|p1b: Incineroar|Incineroar, L50, M|43/100
|-ability|p1b: Incineroar|Intimidate|boost
|-unboost|p2a: Gyarados|atk|1
|-unboost|p2b: Volcarona|atk|1
|switch|p2a: Tyranitar|Tyranitar, L50, F|100/100
|move|p1a: Ursaluna|Facade|p2b: Volcarona
|-damage|p2b: Volcarona|0 fnt
|faint|p2b: Volcarona
|
|-weather|Sandstorm|[upkeep]
|-damage|p1a: Ursaluna|95/100 brn|[from] brn
|upkeep
|
|t:|1756188082
|switch|p2b: Gyarados|Gyarados, L50, M|66/100
|-ability|p2b: Gyarados|Intimidate|boost
|-unboost|p1a: Ursaluna|atk|1
|-unboost|p1b: Incineroar|atk|1
|turn|5
|inactive|LOArmarouge has 30 seconds left.
|inactive|Zurneus has 30 seconds left.
|inactive|LOArmarouge has 20 seconds left.
|
|t:|1756188118
|switch|p1b: Porygon2|Porygon2, L50|100/100
|-ability|p1b: Porygon2|Download|boost
|-boost|p1b: Porygon2|spa|1
|-terastallize|p2a: Tyranitar|Flying
|move|p2b: Gyarados|Protect|p2b: Gyarados
|-singleturn|p2b: Gyarados|Protect
|move|p1a: Ursaluna|Facade|p2b: Gyarados
|-activate|p2b: Gyarados|move: Protect
|move|p2a: Tyranitar|Low Kick|p1a: Ursaluna
|-supereffective|p1a: Ursaluna
|-damage|p1a: Ursaluna|27/100 brn
|
|-weather|Sandstorm|[upkeep]
|-damage|p2a: Tyranitar|95/100|[from] Sandstorm
|-damage|p1b: Porygon2|94/100|[from] Sandstorm
|-damage|p2b: Gyarados|60/100|[from] Sandstorm
|-damage|p1a: Ursaluna|21/100 brn|[from] brn
|-fieldend|move: Trick Room
|-fieldend|move: Psychic Terrain
|upkeep
|turn|6
|inactive|Zurneus has 30 seconds left.
|
|t:|1756188146
|switch|p1a: Incineroar|Incineroar, L50, M|43/100
|-ability|p1a: Incineroar|Intimidate|boost
|-unboost|p2a: Tyranitar|atk|1
|-unboost|p2b: Gyarados|atk|1
|move|p2b: Gyarados|Taunt|p1b: Porygon2
|-start|p1b: Porygon2|move: Taunt
|move|p2a: Tyranitar|Knock Off|p1a: Incineroar
|-resisted|p1a: Incineroar
|-damage|p1a: Incineroar|26/100
|-enditem|p1a: Incineroar|Safety Goggles|[from] move: Knock Off|[of] p2a: Tyranitar
|cant|p1b: Porygon2|move: Taunt|Trick Room
|
|-weather|none
|upkeep
|turn|7
|
|t:|1756188167
|switch|p1b: Amoonguss|Amoonguss, L50, F, shiny|93/100
|move|p1a: Incineroar|Fake Out|p2a: Tyranitar
|-damage|p2a: Tyranitar|86/100
|move|p2b: Gyarados|Waterfall|p1b: Amoonguss
|-resisted|p1b: Amoonguss
|-damage|p1b: Amoonguss|84/100
|cant|p2a: Tyranitar|flinch
|
|upkeep
|turn|8
|inactive|LOArmarouge has 30 seconds left.
|inactive|Zurneus has 30 seconds left.
|
|t:|1756188199
|-terastallize|p1b: Amoonguss|Water
|move|p2b: Gyarados|Taunt|p1b: Amoonguss
|-start|p1b: Amoonguss|move: Taunt
|move|p1a: Incineroar|Parting Shot|p2a: Tyranitar
|-unboost|p2a: Tyranitar|atk|1
|-unboost|p2a: Tyranitar|spa|1
|
|t:|1756188208
|switch|p1a: Porygon2|Porygon2, L50|94/100|[from] Parting Shot
|-ability|p1a: Porygon2|Download|boost
|-boost|p1a: Porygon2|spa|1
|move|p2a: Tyranitar|Rock Slide|p1a: Porygon2|[spread] p1a,p1b
|-crit|p1a: Porygon2
|-damage|p1a: Porygon2|52/100
|-damage|p1b: Amoonguss|71/100
|cant|p1b: Amoonguss|move: Taunt|Spore
|
|upkeep
|turn|9
|inactive|Zurneus has 30 seconds left.
|
|t:|1756188237
|move|p2b: Gyarados|Waterfall|p1a: Porygon2
|-damage|p1a: Porygon2|32/100
|move|p1a: Porygon2|Ice Beam|p2a: Tyranitar
|-supereffective|p2a: Tyranitar
|-damage|p2a: Tyranitar|41/100
|-status|p2a: Tyranitar|frz
|cant|p2a: Tyranitar|frz
|move|p1b: Amoonguss|Pollen Puff|p1a: Porygon2
|-heal|p1a: Porygon2|82/100
|
|upkeep
|turn|10
|-message|Zurneus forfeited.
|
|win|LOArmarouge
|raw|LOArmarouge's rating: 1235 → 1257(+22 for winning)
|raw|Zurneus's rating: 1192 → 1170(-22 for losing)
|l|☆Zurneus
|player|p2|
|l|☆LOArmarouge
|player|p1|
|j|☆Zurneus
|player|p2|Zurneus|silver|
