|j|☆jxnh
|j|☆magyomi
|html|jxnhmagyomi    
|uhtml|bestof|Game 1 of a best-of-3
|t:|1756809662
|gametype|doubles
|player|p1|jxnh|265|1144
|player|p2|magyomi|266|1146
|gen|9
|tier|[Gen 9] VGC 2025 Reg H (Bo3)
|rated|
|rule|Species Clause: Limit one of each Pokémon
|rule|Item Clause: Limit 1 of each item
|clearpoke
|poke|p1|Corviknight, L50, M|
|poke|p1|Sneasler, L50, M|
|poke|p1|Garchomp, L50, F|
|poke|p1|Incineroar, L50, M|
|poke|p1|Araquanid, L50, M|
|poke|p1|Ursaluna-Bloodmoon, L50, M|
|poke|p2|Delphox, L50, F|
|poke|p2|Meowstic, L50, M|
|poke|p2|Malamar, L50, F|
|poke|p2|Indeedee-F, L50, F|
|poke|p2|Hatterene, L50, F|
|poke|p2|Braviary-Hisui, L50, M|
|teampreview|4
|showteam|p1|Corviknight||Leftovers|MirrorArmor|DualWingbeat,BodyPress,IronDefense,Protect|||M|||50|,,,,,Fire]Sneasler||FocusSash|Unburden|DireClaw,CloseCombat,Coaching,Protect|||M|||50|,,,,,Ghost]Garchomp||LoadedDice|RoughSkin|StompingTantrum,Earthquake,ScaleShot,Protect|||F|||50|,,,,,Steel]Incineroar||SitrusBerry|Intimidate|FakeOut,KnockOff,PartingShot,FlareBlitz|||M|||50|,,,,,Ghost]Araquanid||RoomService|WaterBubble|Liquidation,LeechLife,WideGuard,Protect|||M|||50|,,,,,Grass]Ursaluna-Bloodmoon||AssaultVest|MindsEye|HyperVoice,EarthPower,BloodMoon,VacuumWave|||M|||50|,,,,,Normal
|showteam|p2|Delphox||FocusSash|Blaze|HeatWave,ExpandingForce,FireBlast,Protect|||F|||50|,,,,,Fire]Meowstic||RockyHelmet|Prankster|ExpandingForce,SunnyDay,FakeTears,Tickle|||M|||50|,,,,,Psychic]Malamar||Leftovers|Contrary|Superpower,KnockOff,PsychoCut,Protect|||F|||50|,,,,,Fighting]Indeedee-F||SafetyGoggles|PsychicSurge|Psychic,FollowMe,HelpingHand,TrickRoom|||F|||50|,,,,,Fairy]Hatterene||PsychicSeed|MagicBounce|DazzlingGleam,ExpandingForce,MysticalFire,TrickRoom|||F|||50|,,,,,Fire]Braviary-Hisui||CovertCloak|TintedLens|EsperWing,ExpandingForce,Snarl,Tailwind|||M|||50|,,,,,Psychic
|inactive|Battle timer is ON: inactive players will automatically lose when time's up. (requested by jxnh)
|
|t:|1756809700
|teamsize|p1|4
|teamsize|p2|4
|start
|switch|p1a: Ursaluna|Ursaluna-Bloodmoon, L50, M|100/100
|switch|p1b: Araquanid|Araquanid, L50, M|100/100
|switch|p2a: Malamar|Malamar, L50, F|100/100
|switch|p2b: Meowstic|Meowstic, L50, M|100/100
|turn|1
|inactive|jxnh has 30 seconds left.
|
|t:|1756809734
|-terastallize|p2a: Malamar|Fighting
|move|p2b: Meowstic|Tickle|p2a: Malamar
|-boost|p2a: Malamar|atk|1
|-boost|p2a: Malamar|def|1
|move|p2a: Malamar|Superpower|p1a: Ursaluna
|-supereffective|p1a: Ursaluna
|-damage|p1a: Ursaluna|0 fnt
|-boost|p2a: Malamar|atk|1
|-boost|p2a: Malamar|def|1
|faint|p1a: Ursaluna
|move|p1b: Araquanid|Leech Life|p2a: Malamar
|-resisted|p2a: Malamar
|-damage|p2a: Malamar|93/100
|
|-heal|p2a: Malamar|99/100|[from] item: Leftovers
|upkeep
|inactive|jxnh has 30 seconds left.
|
|t:|1756809762
|switch|p1a: Garchomp|Garchomp, L50, F|100/100
|turn|2
|
|t:|1756809774
|move|p2b: Meowstic|Tickle|p1a: Garchomp
|-unboost|p1a: Garchomp|atk|1
|-unboost|p1a: Garchomp|def|1
|move|p1a: Garchomp|Scale Shot|p2a: Malamar
|-damage|p2a: Malamar|94/100
|-damage|p2a: Malamar|89/100
|-damage|p2a: Malamar|82/100
|-damage|p2a: Malamar|77/100
|-damage|p2a: Malamar|72/100
|-hitcount|p2a: Malamar|5
|-unboost|p1a: Garchomp|def|1
|-boost|p1a: Garchomp|spe|1
|move|p2a: Malamar|Superpower|p1a: Garchomp
|-damage|p1a: Garchomp|0 fnt
|-boost|p2a: Malamar|atk|1
|-boost|p2a: Malamar|def|1
|-damage|p2a: Malamar|60/100|[from] ability: Rough Skin|[of] p1a: Garchomp
|faint|p1a: Garchomp
|move|p1b: Araquanid|Liquidation|p2a: Malamar
|-damage|p2a: Malamar|34/100
|
|-heal|p2a: Malamar|40/100|[from] item: Leftovers
|upkeep
|
|t:|1756809795
|switch|p1a: Incineroar|Incineroar, L50, M|100/100
|-ability|p1a: Incineroar|Intimidate|boost
|-boost|p2a: Malamar|atk|1
|-unboost|p2b: Meowstic|atk|1
|turn|3
|inactive|magyomi has 30 seconds left.
|
|t:|1756809821
|move|p2a: Malamar|Protect|p2a: Malamar
|-singleturn|p2a: Malamar|Protect
|move|p1a: Incineroar|Fake Out|p2a: Malamar
|-activate|p2a: Malamar|move: Protect
|move|p2b: Meowstic|Fake Tears|p1b: Araquanid
|-unboost|p1b: Araquanid|spd|2
|move|p1b: Araquanid|Liquidation|p2a: Malamar
|-activate|p2a: Malamar|move: Protect
|
|-heal|p2a: Malamar|47/100|[from] item: Leftovers
|upkeep
|turn|4
|
|t:|1756809846
|-terastallize|p1a: Incineroar|Ghost
|move|p2b: Meowstic|Tickle|p1b: Araquanid
|-unboost|p1b: Araquanid|atk|1
|-unboost|p1b: Araquanid|def|1
|move|p2a: Malamar|Knock Off|p1b: Araquanid
|-damage|p1b: Araquanid|0 fnt
|-enditem|p1b: Araquanid|Room Service|[from] move: Knock Off|[of] p2a: Malamar
|faint|p1b: Araquanid
|move|p1a: Incineroar|Knock Off|p2b: Meowstic
|-supereffective|p2b: Meowstic
|-damage|p2b: Meowstic|36/100
|-damage|p1a: Incineroar|84/100|[from] item: Rocky Helmet|[of] p2b: Meowstic
|-enditem|p2b: Meowstic|Rocky Helmet|[from] move: Knock Off|[of] p1a: Incineroar
|
|-heal|p2a: Malamar|53/100|[from] item: Leftovers
|upkeep
|turn|5
|-message|jxnh forfeited.
|
|win|magyomi
|l|☆jxnh
|player|p1|
||jxnh is ready for game 2.
||magyomi is ready for game 2.
|uhtml|next|Next: Game 2 of 3
|l|☆magyomi
|player|p2|
|j|☆jxnh
|player|p1|jxnh|265|
