|j|☆ToastedArt
|j|☆PewDie
|html|ToastedArtPewDie    
|uhtml|bestof|Game 1 of a best-of-3
|t:|1785203672
|gametype|doubles
|player|p1|ToastedArt|iris|1030
|player|p2|PewDie|169|1000
|gen|9
|tier|[Gen 9 Champions] VGC 2026 Reg M-B (Bo3)
|rated|
|rule|Species Clause: Limit one of each Pokémon
|rule|Item Clause: Limit 1 of each item
|clearpoke
|poke|p1|Vanilluxe, L50, M, shiny|
|poke|p1|Sneasler, L50, M|
|poke|p1|Sinistcha, L50, shiny|
|poke|p1|Raichu, L50, F|
|poke|p1|Incineroar, L50, M|
|poke|p1|Azumarill, L50, M|
|poke|p2|Tsareena, L50, F|
|poke|p2|Metagross, L50, shiny|
|poke|p2|Zoroark-Hisui, L50, F|
|poke|p2|Palafin, L50, F|
|poke|p2|Charizard, L50, F|
|poke|p2|Clefable, L50, M|
|teampreview|4
|showteam|p1|Vanilluxe||ChoiceScarf|SnowWarning|Blizzard,FreezeDry,IcyWind,SheerCold|Timid||M|||50|]Sneasler||FocusSash|PoisonTouch|PoisonJab,CloseCombat,FakeOut,AcidSpray|Adamant||M|||50|]Sinistcha||ColburBerry|Heatproof|MatchaGotcha,RagePowder,TrickRoom,Protect|Modest|||||50|]Raichu||RaichuniteY|LightningRod|ZapCannon,FocusBlast,Substitute,Protect|Timid||F|||50|]Incineroar||Charcoal|Intimidate|FlareBlitz,ThroatChop,FakeOut,PartingShot|Adamant||M|||50|]Azumarill||SitrusBerry|HugePower|PlayRough,AquaJet,BellyDrum,Protect|Adamant||M|||50|
|showteam|p2|Tsareena||YacheBerry|QueenlyMajesty|TripleAxel,Uturn,Protect,Taunt|Careful||F|||50|]Metagross||Metagrossite|ClearBody|BulletPunch,Earthquake,IcePunch,PsychicFangs|Jolly|||||50|]Zoroark-Hisui||LifeOrb|Illusion|Protect,Psychic,Uturn,ShadowBall|Timid||F|||50|]Palafin||MysticWater|ZerotoHero|CloseCombat,FlipTurn,WaveCrash,Haze|Jolly||F|||50|]Charizard||CharizarditeY|SolarPower|AncientPower,HeatWave,ScorchingSands,Protect|Modest||F|||50|]Clefable||Clefablite|Unaware|Moonblast,LifeDew,Protect,ThunderWave|Calm||M|||50|
|inactive|Battle timer is ON: inactive players will automatically lose when time's up. (requested by ToastedArt)
|inactive|ToastedArt has 60 seconds left.
|
|t:|1785203714
|teamsize|p1|4
|teamsize|p2|4
|start
|switch|p1a: Ol' Betsy|Raichu, L50, F|100/100
|switch|p1b: Sneasler|Sneasler, L50, M|100/100
|switch|p2a: Tsareena|Tsareena, L50, F|100/100
|switch|p2b: Charizard|Charizard, L50, F|100/100
|turn|1
|inactive|PewDie has 30 seconds left.
|
|t:|1785203753
|detailschange|p1a: Ol' Betsy|Raichu-Mega-Y, L50, F
|-mega|p1a: Ol' Betsy|Raichu|Raichunite Y
|move|p2b: Charizard|Psychic|p1b: Sneasler
|-supereffective|p1b: Sneasler|2
|-enditem|p1b: Sneasler|Focus Sash
|-damage|p1b: Sneasler|1/100
|-damage|p2b: Charizard|90/100|[from] item: Life Orb
|move|p1b: Sneasler|Acid Spray|p2b: Charizard
|-resisted|p2b: Charizard|1
|-damage|p2b: Charizard|83/100
|-unboost|p2b: Charizard|spd|2
|replace|p2b: Zoroark|Zoroark-Hisui, L50, F
|-end|p2b: Zoroark|Illusion
|move|p1a: Ol' Betsy|Zap Cannon|p2b: Zoroark
|-damage|p2b: Zoroark|0 fnt
|faint|p2b: Zoroark
|move|p2a: Tsareena|Triple Axel|p1a: Ol' Betsy
|-damage|p1a: Ol' Betsy|92/100
|-damage|p1a: Ol' Betsy|77/100
|-damage|p1a: Ol' Betsy|54/100
|-hitcount|p1a: Ol' Betsy|3
|
|upkeep
|inactive|PewDie has 30 seconds left.
|
|t:|1785203781
|switch|p2b: Clefable|Clefable, L50, M|100/100
|turn|2
|
|t:|1785203804
|move|p1b: Sneasler|Acid Spray|p2a: Tsareena
|-supereffective|p2a: Tsareena|1
|-damage|p2a: Tsareena|89/100
|-unboost|p2a: Tsareena|spd|2
|move|p1a: Ol' Betsy|Substitute|p1a: Ol' Betsy
|-start|p1a: Ol' Betsy|Substitute
|-damage|p1a: Ol' Betsy|29/100
|move|p2a: Tsareena|Triple Axel|p1a: Ol' Betsy
|-activate|p1a: Ol' Betsy|move: Substitute|[damage]
|-activate|p1a: Ol' Betsy|move: Substitute|[damage]
|-end|p1a: Ol' Betsy|Substitute
|-hitcount|p1a: Ol' Betsy|3
|move|p2b: Clefable|Moonblast|p1b: Sneasler
|-damage|p1b: Sneasler|0 fnt
|faint|p1b: Sneasler
|
|upkeep
|
|t:|1785203818
|switch|p1b: Vanilluxe|Vanilluxe, L50, M, shiny|100/100
|-weather|Snowscape|[from] ability: Snow Warning|[of] p1b: Vanilluxe
|turn|3
|
|t:|1785203832
|move|p1b: Vanilluxe|Blizzard|p2a: Tsareena|[spread] p2a,p2b
|-supereffective|p2a: Tsareena|1
|-enditem|p2a: Tsareena|Yache Berry|[eat]
|-enditem|p2a: Tsareena|Yache Berry|[weaken]
|-damage|p2a: Tsareena|31/100
|-damage|p2b: Clefable|71/100
|move|p1a: Ol' Betsy|Zap Cannon|p2b: Clefable
|-damage|p2b: Clefable|26/100
|-status|p2b: Clefable|par
|move|p2a: Tsareena|U-turn|p1b: Vanilluxe
|-damage|p1b: Vanilluxe|82/100
|
|t:|1785203844
|switch|p2a: Charizard|Charizard, L50, F|100/100|[from] U-turn
|cant|p2b: Clefable|par
|
|-weather|Snowscape|[upkeep]
|upkeep
|turn|4
|
|t:|1785203855
|detailschange|p2a: Charizard|Charizard-Mega-Y, L50, F
|-mega|p2a: Charizard|Charizard|Charizardite Y
|-weather|SunnyDay|[from] ability: Drought|[of] p2a: Charizard
|move|p1b: Vanilluxe|Blizzard|p2b: Clefable|[spread] p2a,p2b
|-damage|p2a: Charizard|68/100
|-damage|p2b: Clefable|1/100 par
|move|p1a: Ol' Betsy|Zap Cannon|p2a: Charizard
|-supereffective|p2a: Charizard|1
|-damage|p2a: Charizard|0 fnt
|faint|p2a: Charizard
|cant|p2b: Clefable|par
|
|-weather|SunnyDay|[upkeep]
|upkeep
|
|t:|1785203866
|switch|p2a: Tsareena|Tsareena, L50, F|31/100
|turn|5
|j| tedidn
|
|t:|1785203882
|move|p1b: Vanilluxe|Blizzard|p2b: Clefable|[spread] p2a,p2b
|-supereffective|p2a: Tsareena|1
|-damage|p2a: Tsareena|0 fnt
|-damage|p2b: Clefable|0 fnt
|faint|p2a: Tsareena
|faint|p2b: Clefable
|
|win|ToastedArt
