|j|☆notTonyStark
|j|☆Fell Blue
|html|notTonyStarkFell Blue    
|uhtml|bestof|Game 3 of a best-of-3
|t:|1784583726
|gametype|doubles
|player|p1|notTonyStark|170|1108
|player|p2|Fell Blue|fantina|1186
|gen|9
|tier|[Gen 9 Champions] VGC 2026 Reg M-B (Bo3)
|rated|
|rule|Species Clause: Limit one of each Pokémon
|rule|Item Clause: Limit 1 of each item
|clearpoke
|poke|p1|Blaziken, L50, F|
|poke|p1|Torkoal, L50, M|
|poke|p1|Vileplume, L50, M|
|poke|p1|Trevenant, L50, F|
|poke|p1|Slowbro-Galar, L50, M|
|poke|p1|Wyrdeer, L50, F|
|poke|p2|Mawile, L50, M|
|poke|p2|Liepard, L50, M|
|poke|p2|Sneasler, L50, M|
|poke|p2|Chandelure, L50, M|
|poke|p2|Ninetales-Alola, L50, F|
|poke|p2|Incineroar, L50, M|
|teampreview|4
|showteam|p1|Blaziken||Blazikenite|SpeedBoost|Protect,RockSlide,CloseCombat,FlareBlitz|Adamant||F|||50|]Torkoal||Charcoal|Drought|Eruption,EarthPower,SolarBeam,Protect|Quiet||M|||50|]Vileplume||Leftovers|Chlorophyll|AfterYou,StrengthSap,SludgeBomb,Protect|Timid||M|||50|]Trevenant||SitrusBerry|Harvest|HornLeech,SuckerPunch,WillOWisp,Protect|Sassy||F|||50|]Slowbro-Galar||QuickClaw|QuickDraw|ShellSideArm,DrainPunch,ZenHeadbutt,Protect|Relaxed||M|||50|]Wyrdeer||FocusSash|Intimidate|Protect,TrickRoom,FutureSight,Reflect|Sassy||F|||50|
|showteam|p2|Mawile||Mawilite|HyperCutter|PlayRough,SuckerPunch,Protect,IronDefense|Adamant||M|||50|]Liepard||FocusSash|Prankster|FakeOut,ThunderWave,FoulPlay,Encore|Timid||M|||50|]Sneasler||WhiteHerb|Unburden|DireClaw,Coaching,FakeOut,CloseCombat|Adamant||M|||50|]Chandelure||Chandelurite|FlashFire|ShadowBall,HeatWave,Substitute,Protect|Modest||M|||50|]Ninetales-Alola||LightClay|SnowCloak|AuroraVeil,Protect,FreezeDry,IcyWind|Timid||F|||50|]Incineroar||SitrusBerry|Intimidate|FakeOut,PartingShot,ThroatChop,FlareBlitz|Impish||M|||50|
|
|t:|1784583737
|teamsize|p1|4
|teamsize|p2|4
|start
|switch|p1a: Blaziken|Blaziken, L50, F|100/100
|switch|p1b: Slowbro|Slowbro-Galar, L50, M|100/100
|switch|p2a: Chandelure|Chandelure, L50, M|100/100
|switch|p2b: Liepard|Liepard, L50, M|100/100
|turn|1
|inactive|Battle timer is ON: inactive players will automatically lose when time's up. (requested by notTonyStark)
|
|t:|1784583758
|detailschange|p2a: Chandelure|Chandelure-Mega, L50, M
|-mega|p2a: Chandelure|Chandelure|Chandelurite
|detailschange|p1a: Blaziken|Blaziken-Mega, L50, F
|-mega|p1a: Blaziken|Blaziken|Blazikenite
|move|p1a: Blaziken|Protect|p1a: Blaziken
|-singleturn|p1a: Blaziken|Protect
|move|p2b: Liepard|Fake Out|p1a: Blaziken
|-activate|p1a: Blaziken|move: Protect
|move|p2a: Chandelure|Substitute|p2a: Chandelure
|-start|p2a: Chandelure|Substitute
|-damage|p2a: Chandelure|75/100
|move|p1b: Slowbro|Drain Punch|p2b: Liepard
|-supereffective|p2b: Liepard|1
|-damage|p2b: Liepard|20/100y
|
|-ability|p1a: Blaziken|Speed Boost|boost
|-boost|p1a: Blaziken|spe|1
|upkeep
|turn|2
|-activate|p1b: Slowbro|ability: Quick Draw
|
|t:|1784583777
|switch|p1a: Torkoal|Torkoal, L50, M|100/100
|-weather|SunnyDay|[from] ability: Drought|[of] p1a: Torkoal
|move|p2b: Liepard|Encore||[still]
|-fail|p2b: Liepard
|move|p1b: Slowbro|Drain Punch|p2b: Liepard
|-supereffective|p2b: Liepard|1
|-damage|p2b: Liepard|0 fnt
|faint|p2b: Liepard
|move|p2a: Chandelure|Shadow Ball|p1b: Slowbro
|-supereffective|p1b: Slowbro|1
|-damage|p1b: Slowbro|0 fnt
|faint|p1b: Slowbro
|
|-weather|SunnyDay|[upkeep]
|upkeep
|
|t:|1784583797
|switch|p2b: Sneasler|Sneasler, L50, M|100/100
|switch|p1b: Blaziken|Blaziken-Mega, L50, F|100/100
|turn|3
|
|t:|1784583814
|move|p2b: Sneasler|Coaching|p2a: Chandelure
|-boost|p2a: Chandelure|atk|1
|-boost|p2a: Chandelure|def|1
|move|p2a: Chandelure|Heat Wave|p1b: Blaziken|[spread] p1a,p1b
|-resisted|p1a: Torkoal|1
|-resisted|p1b: Blaziken|1
|-damage|p1a: Torkoal|46/100
|-damage|p1b: Blaziken|50/100g
|move|p1b: Blaziken|Rock Slide|p2a: Chandelure|[spread] p2a,p2b
|-supereffective|p2a: Chandelure|1
|-end|p2a: Chandelure|Substitute
|-resisted|p2b: Sneasler|1
|-damage|p2b: Sneasler|85/100
|move|p1a: Torkoal|Earth Power|p2b: Sneasler
|-supereffective|p2b: Sneasler|1
|-damage|p2b: Sneasler|22/100
|
|-weather|SunnyDay|[upkeep]
|-ability|p1b: Blaziken|Speed Boost|boost
|-boost|p1b: Blaziken|spe|1
|upkeep
|turn|4
|inactive|notTonyStark has 30 seconds left.
|
|t:|1784583839
|switch|p2b: Incineroar|Incineroar, L50, M|100/100
|-ability|p2b: Incineroar|Intimidate|boost
|-unboost|p1a: Torkoal|atk|1
|-unboost|p1b: Blaziken|atk|1
|move|p1b: Blaziken|Rock Slide|p2a: Chandelure|[spread] p2b
|-miss|p1b: Blaziken|p2a: Chandelure
|-supereffective|p2b: Incineroar|1
|-damage|p2b: Incineroar|76/100
|move|p2a: Chandelure|Heat Wave|p1a: Torkoal|[spread] p1a,p1b
|-resisted|p1a: Torkoal|1
|-resisted|p1b: Blaziken|1
|-damage|p1a: Torkoal|0 fnt
|-damage|p1b: Blaziken|6/100
|faint|p1a: Torkoal
|
|-weather|SunnyDay|[upkeep]
|-ability|p1b: Blaziken|Speed Boost|boost
|-boost|p1b: Blaziken|spe|1
|upkeep
|
|t:|1784583854
|switch|p1a: Vileplume|Vileplume, L50, M|100/100
|turn|5
|
|t:|1784583865
|move|p1b: Blaziken|Protect|p1b: Blaziken
|-singleturn|p1b: Blaziken|Protect
|move|p2b: Incineroar|Fake Out|p1a: Vileplume
|-damage|p1a: Vileplume|87/100
|cant|p1a: Vileplume|flinch
|move|p2a: Chandelure|Substitute|p2a: Chandelure
|-start|p2a: Chandelure|Substitute
|-damage|p2a: Chandelure|50/100g
|
|-weather|SunnyDay|[upkeep]
|-heal|p1a: Vileplume|93/100|[from] item: Leftovers
|-ability|p1b: Blaziken|Speed Boost|boost
|-boost|p1b: Blaziken|spe|1
|upkeep
|turn|6
|inactive|notTonyStark has 30 seconds left.
|
|t:|1784583893
|switch|p2b: Sneasler|Sneasler, L50, M|22/100
|move|p2a: Chandelure|Protect|p2a: Chandelure
|-singleturn|p2a: Chandelure|Protect
|move|p1b: Blaziken|Close Combat|p2b: Sneasler
|-resisted|p2b: Sneasler|1
|-damage|p2b: Sneasler|0 fnt
|-unboost|p1b: Blaziken|def|1
|-unboost|p1b: Blaziken|spd|1
|faint|p2b: Sneasler
|move|p1a: Vileplume|Sludge Bomb|p2a: Chandelure
|-activate|p2a: Chandelure|move: Protect
|
|-weather|none
|-heal|p1a: Vileplume|99/100|[from] item: Leftovers
|-ability|p1b: Blaziken|Speed Boost|boost
|-boost|p1b: Blaziken|spe|1
|upkeep
|
|t:|1784583910
|switch|p2b: Incineroar|Incineroar, L50, M|76/100
|-ability|p2b: Incineroar|Intimidate|boost
|-unboost|p1a: Vileplume|atk|1
|-unboost|p1b: Blaziken|atk|1
|turn|7
|
|t:|1784583918
|move|p2b: Incineroar|Fake Out|p1a: Vileplume
|-damage|p1a: Vileplume|87/100
|move|p1b: Blaziken|Rock Slide|p2a: Chandelure|[spread] p2a
|-miss|p1b: Blaziken|p2b: Incineroar
|-supereffective|p2a: Chandelure|1
|-activate|p2a: Chandelure|move: Substitute|[damage]
|move|p2a: Chandelure|Heat Wave|p1b: Blaziken|[spread] p1a,p1b
|-supereffective|p1a: Vileplume|1
|-resisted|p1b: Blaziken|1
|-damage|p1a: Vileplume|0 fnt
|-damage|p1b: Blaziken|0 fnt
|faint|p1a: Vileplume
|faint|p1b: Blaziken
|
|win|Fell Blue
|raw|notTonyStark's rating: 1108 → 1089(-19 for losing)
|raw|Fell Blue's rating: 1186 → 1205(+19 for winning)
|l|☆notTonyStark
|player|p1|
