|j|☆plsbringregi
|j|☆CaratroncoSun
|html|plsbringregiCaratroncoSun    
|uhtml|bestof|Game 3 of a best-of-3
|t:|1784198769
|gametype|doubles
|player|p1|plsbringregi|170|1255
|player|p2|CaratroncoSun|juan|1349
|gen|9
|tier|[Gen 9 Champions] VGC 2026 Reg M-B (Bo3)
|rated|
|rule|Species Clause: Limit one of each Pokémon
|rule|Item Clause: Limit 1 of each item
|clearpoke
|poke|p1|Incineroar, L50, F|
|poke|p1|Milotic, L50, M|
|poke|p1|Mawile, L50, M|
|poke|p1|Aerodactyl, L50, F|
|poke|p1|Garchomp, L50, M, shiny|
|poke|p1|Sinistcha, L50|
|poke|p2|Charizard, L50, M, shiny|
|poke|p2|Venusaur, L50, M, shiny|
|poke|p2|Whimsicott, L50, F, shiny|
|poke|p2|Basculegion, L50, M|
|poke|p2|Tyranitar, L50, M|
|poke|p2|Mamoswine, L50, F|
|teampreview|4
|showteam|p1|Incineroar||SitrusBerry|Intimidate|FakeOut,FlareBlitz,PartingShot,ThroatChop|Impish||F|||50|]Milotic||Leftovers|Competitive|Coil,Hypnosis,MuddyWater,Protect|Bold||M|||50|]Mawile||Mawilite|HyperCutter|IronHead,SuckerPunch,PlayRough,Protect|Adamant||M|||50|]Aerodactyl||Aerodactylite|Unnerve|RockSlide,Protect,Tailwind,DualWingbeat|Jolly||F|||50|]Garchomp||LifeOrb|RoughSkin|Earthquake,RockSlide,Protect,DragonClaw|Jolly||M|||50|]Sinistcha||KasibBerry|Hospitality|MatchaGotcha,TrickRoom,Protect,RagePowder|Calm|||||50|
|showteam|p2|Charizard||CharizarditeY|Blaze|Protect,SolarBeam,HeatWave,AirSlash|Modest||M|||50|]Venusaur||WideLens|Chlorophyll|Protect,GigaDrain,EarthPower,SleepPowder|Modest||M|||50|]Whimsicott||FocusSash|Prankster|Protect,Moonblast,Tailwind,Encore|Timid||F|||50|]Basculegion||MysticWater|Adaptability|Protect,AquaJet,WaveCrash,LastRespects|Adamant||M|||50|]Tyranitar||Tyranitarite|SandStream|Protect,RockSlide,KnockOff,LowKick|Adamant||M|||50|]Mamoswine||LifeOrb|Oblivious|Protect,HighHorsepower,RockSlide,IceShard|Adamant||F|||50|
|
|t:|1784198796
|teamsize|p1|4
|teamsize|p2|4
|start
|switch|p1a: Incineroar|Incineroar, L50, F|100/100
|switch|p1b: Sinistcha|Sinistcha, L50|100/100
|switch|p2a: Charizard|Charizard, L50, M, shiny|100/100
|switch|p2b: Mamoswine|Mamoswine, L50, F|100/100
|-ability|p1a: Incineroar|Intimidate|boost
|-unboost|p2a: Charizard|atk|1
|-fail|p2b: Mamoswine|unboost|Attack|[from] ability: Oblivious|[of] p2b: Mamoswine
|turn|1
|
|t:|1784198812
|detailschange|p2a: Charizard|Charizard-Mega-Y, L50, M, shiny
|-mega|p2a: Charizard|Charizard|Charizardite Y
|-weather|SunnyDay|[from] ability: Drought|[of] p2a: Charizard
|move|p1a: Incineroar|Fake Out|p2a: Charizard
|-damage|p2a: Charizard|89/100
|cant|p2a: Charizard|flinch
|move|p2b: Mamoswine|Rock Slide|p1a: Incineroar|[spread] p1a,p1b
|-supereffective|p1a: Incineroar|1
|-crit|p1b: Sinistcha
|-damage|p1a: Incineroar|62/100
|-damage|p1b: Sinistcha|63/100
|-damage|p2b: Mamoswine|90/100|[from] item: Life Orb
|move|p1b: Sinistcha|Trick Room|p1b: Sinistcha
|-fieldstart|move: Trick Room|[of] p1b: Sinistcha
|
|-weather|SunnyDay|[upkeep]
|upkeep
|turn|2
|
|t:|1784198828
|move|p1b: Sinistcha|Protect|p1b: Sinistcha
|-singleturn|p1b: Sinistcha|Protect
|move|p2b: Mamoswine|Protect|p2b: Mamoswine
|-singleturn|p2b: Mamoswine|Protect
|move|p1a: Incineroar|Flare Blitz|p2a: Charizard
|-resisted|p2a: Charizard|1
|-damage|p2a: Charizard|53/100
|-damage|p1a: Incineroar|52/100|[from] Recoil
|move|p2a: Charizard|Heat Wave|p1b: Sinistcha|[spread] 
|-activate|p1b: Sinistcha|move: Protect
|-miss|p2a: Charizard|p1a: Incineroar
|
|-weather|SunnyDay|[upkeep]
|upkeep
|turn|3
|
|t:|1784198846
|switch|p2b: Basculegion|Basculegion, L50, M|100/100
|move|p1a: Incineroar|Flare Blitz|p2b: Basculegion
|-resisted|p2b: Basculegion|1
|-damage|p2b: Basculegion|64/100
|-damage|p1a: Incineroar|41/100|[from] Recoil
|-enditem|p1a: Incineroar|Sitrus Berry|[eat]
|-heal|p1a: Incineroar|66/100|[from] item: Sitrus Berry
|move|p1b: Sinistcha|Matcha Gotcha|p2a: Charizard|[spread] p2b
|-miss|p1b: Sinistcha|p2a: Charizard
|-supereffective|p2b: Basculegion|1
|-damage|p2b: Basculegion|11/100
|-heal|p1b: Sinistcha|94/100|[from] drain|[of] p2b: Basculegion
|move|p2a: Charizard|Air Slash|p1a: Incineroar
|-damage|p1a: Incineroar|23/100
|
|-weather|SunnyDay|[upkeep]
|upkeep
|turn|4
|
|t:|1784198865
|move|p2b: Basculegion|Aqua Jet|p1a: Incineroar
|-supereffective|p1a: Incineroar|1
|-damage|p1a: Incineroar|0 fnt
|faint|p1a: Incineroar
|move|p1b: Sinistcha|Matcha Gotcha|p2b: Basculegion|[spread] p2b
|-miss|p1b: Sinistcha|p2a: Charizard
|-supereffective|p2b: Basculegion|1
|-damage|p2b: Basculegion|0 fnt
|-heal|p1b: Sinistcha|100/100|[from] drain|[of] p2b: Basculegion
|faint|p2b: Basculegion
|move|p2a: Charizard|Heat Wave|p1b: Sinistcha
|-supereffective|p1b: Sinistcha|1
|-damage|p1b: Sinistcha|0 fnt
|faint|p1b: Sinistcha
|
|-weather|SunnyDay|[upkeep]
|upkeep
|
|t:|1784198887
|switch|p1a: Mawile|Mawile, L50, M|100/100
|switch|p1b: Garchomp|Garchomp, L50, M, shiny|100/100
|switch|p2b: Mamoswine|Mamoswine, L50, F|90/100
|turn|5
|
|t:|1784198913
|switch|p2a: Whimsicott|Whimsicott, L50, F, shiny|100/100
|detailschange|p1a: Mawile|Mawile-Mega, L50, M
|-mega|p1a: Mawile|Mawile|Mawilite
|move|p2b: Mamoswine|Protect|p2b: Mamoswine
|-singleturn|p2b: Mamoswine|Protect
|move|p1b: Garchomp|Protect|p1b: Garchomp
|-singleturn|p1b: Garchomp|Protect
|move|p1a: Mawile|Sucker Punch||[still]
|-fail|p1a: Mawile
|
|-weather|none
|-fieldend|move: Trick Room
|upkeep
|turn|6
|
|t:|1784198927
|move|p1b: Garchomp|Protect||[still]
|-fail|p1b: Garchomp
|move|p2a: Whimsicott|Encore|p1a: Mawile
|-start|p1a: Mawile|Encore
|move|p2b: Mamoswine|Ice Shard|p1b: Garchomp
|-supereffective|p1b: Garchomp|2
|-damage|p1b: Garchomp|0 fnt
|faint|p1b: Garchomp
|-damage|p2b: Mamoswine|80/100|[from] item: Life Orb
|move|p1a: Mawile|Sucker Punch||[still]
|-fail|p1a: Mawile
|
|upkeep
|turn|7
|-message|plsbringregi forfeited.
|
|win|CaratroncoSun
|raw|plsbringregi's rating: 1255 → 1237(-18 for losing)
|raw|CaratroncoSun's rating: 1349 → 1364(+15 for winning)
