|j|☆Cyog
|j|☆marcosdeltasena31
|html|Cyogmarcosdeltasena31    
|uhtml|bestof|Game 2 of a best-of-3
|t:|1757718033
|gametype|doubles
|player|p1|Cyog|101|1311
|player|p2|marcosdeltasena31|hilbert|1471
|gen|9
|tier|[Gen 9] VGC 2025 Reg H (Bo3)
|rated|
|rule|Species Clause: Limit one of each Pokémon
|rule|Item Clause: Limit 1 of each item
|clearpoke
|poke|p1|Archaludon, L50, F|
|poke|p1|Dragonite, L50, M|
|poke|p1|Pelipper, L50, F|
|poke|p1|Ursaluna, L50, F|
|poke|p1|Sinistcha, L50|
|poke|p1|Gholdengo, L50|
|poke|p2|Dragonite, L50, F|
|poke|p2|Sneasler, L50, F|
|poke|p2|Volcarona, L50, F|
|poke|p2|Rillaboom, L50, M|
|poke|p2|Kingambit, L50, F|
|poke|p2|Electabuzz, L50, F|
|teampreview|4
|showteam|p1|Archaludon||AssaultVest|Stamina|FlashCannon,BodyPress,ElectroShot,Snarl|||F|||50|,,,,,Fighting]Dragonite||LoadedDice|Multiscale|ScaleShot,Tailwind,Haze,Protect|||M|||50|,,,,,Fairy]Pelipper||FocusSash|Drizzle|MuddyWater,Hurricane,Tailwind,Protect|||F|||50|,,,,,Ghost]Ursaluna||FlameOrb|Guts|Facade,HeadlongRush,Earthquake,Protect|||F|||50|,,,,,Ghost]Sinistcha||SitrusBerry|Hospitality|MatchaGotcha,LifeDew,RagePowder,TrickRoom||||||50|,,,,,Dark]Gholdengo||ChoiceScarf|GoodasGold|MakeItRain,ShadowBall,PowerGem,Trick||||||50|,,,,,Flying
|showteam|p2|Dragonite||LoadedDice|Multiscale|ScaleShot,ExtremeSpeed,Haze,Protect|||F|||50|,,,,,Fairy]Sneasler||FocusSash|PoisonTouch|DireClaw,CloseCombat,FakeOut,Coaching|||F|||50|,,,,,Ghost]Volcarona||CovertCloak|FlameBody|HeatWave,TeraBlast,QuiverDance,Protect|||F|||50|,,,,,Fairy]Rillaboom||AssaultVest|GrassySurge|WoodHammer,FakeOut,GrassyGlide,HighHorsepower|||M|||50|,,,,,Fire]Kingambit||BlackGlasses|Defiant|KowtowCleave,SwordsDance,SuckerPunch,Protect|||F|||50|,,,,,Dark]Electabuzz||Eviolite|VitalSpirit|Thunderbolt,FollowMe,Taunt,Protect|||F|||50|,,,,,Ghost
|
|t:|1757718064
|teamsize|p1|4
|teamsize|p2|4
|start
|switch|p1a: Dragonite|Dragonite, L50, M|100/100
|switch|p1b: Archaludon|Archaludon, L50, F|100/100
|switch|p2a: Volcarona|Volcarona, L50, F|100/100
|switch|p2b: Electabuzz|Electabuzz, L50, F|100/100
|turn|1
|
|t:|1757718132
|-terastallize|p1a: Dragonite|Fairy
|move|p2a: Volcarona|Protect|p2a: Volcarona
|-singleturn|p2a: Volcarona|Protect
|move|p2b: Electabuzz|Taunt|p1a: Dragonite
|-start|p1a: Dragonite|move: Taunt
|move|p1a: Dragonite|Scale Shot|p2b: Electabuzz
|-damage|p2b: Electabuzz|89/100
|-damage|p2b: Electabuzz|78/100
|-damage|p2b: Electabuzz|67/100
|-damage|p2b: Electabuzz|55/100
|-hitcount|p2b: Electabuzz|4
|-unboost|p1a: Dragonite|def|1
|-boost|p1a: Dragonite|spe|1
|move|p1b: Archaludon|Body Press|p2b: Electabuzz
|-damage|p2b: Electabuzz|33/100
|
|upkeep
|turn|2
|
|t:|1757718171
|-terastallize|p2a: Volcarona|Fairy
|move|p2b: Electabuzz|Protect|p2b: Electabuzz
|-singleturn|p2b: Electabuzz|Protect
|move|p1a: Dragonite|Scale Shot|p2b: Electabuzz
|-activate|p2b: Electabuzz|move: Protect
|move|p2a: Volcarona|Quiver Dance|p2a: Volcarona
|-boost|p2a: Volcarona|spa|1
|-boost|p2a: Volcarona|spd|1
|-boost|p2a: Volcarona|spe|1
|move|p1b: Archaludon|Electro Shot||[still]
|-prepare|p1b: Archaludon|Electro Shot
|-boost|p1b: Archaludon|spa|1
|
|upkeep
|turn|3
|
|t:|1757718187
|move|p2b: Electabuzz|Follow Me|p2b: Electabuzz
|-singleturn|p2b: Electabuzz|move: Follow Me
|move|p2a: Volcarona|Heat Wave|p1b: Archaludon|[spread] p1a
|-miss|p2a: Volcarona|p1b: Archaludon
|-damage|p1a: Dragonite|70/100
|move|p1a: Dragonite|Scale Shot|p2b: Electabuzz
|-damage|p2b: Electabuzz|22/100
|-damage|p2b: Electabuzz|11/100
|-damage|p2b: Electabuzz|0 fnt
|faint|p2b: Electabuzz
|-hitcount|p2: Electabuzz|3
|-unboost|p1a: Dragonite|def|1
|-boost|p1a: Dragonite|spe|1
|move|p1b: Archaludon|Electro Shot|p2a: Volcarona|[from] lockedmove
|-damage|p2a: Volcarona|65/100
|
|-end|p1a: Dragonite|move: Taunt
|upkeep
|
|t:|1757718200
|switch|p2b: Kingambit|Kingambit, L50, F|100/100
|turn|4
|
|t:|1757718254
|move|p2b: Kingambit|Protect|p2b: Kingambit
|-singleturn|p2b: Kingambit|Protect
|move|p1a: Dragonite|Tailwind|p1a: Dragonite
|-sidestart|p1: Cyog|move: Tailwind
|move|p2a: Volcarona|Heat Wave|p1b: Archaludon|[spread] p1a,p1b
|-damage|p1a: Dragonite|8/100
|-damage|p1b: Archaludon|67/100
|-ability|p1b: Archaludon|Stamina|boost
|-boost|p1b: Archaludon|def|1
|move|p1b: Archaludon|Body Press|p2b: Kingambit
|-activate|p2b: Kingambit|move: Protect
|
|upkeep
|turn|5
|
|t:|1757718287
|move|p1a: Dragonite|Protect|p1a: Dragonite
|-singleturn|p1a: Dragonite|Protect
|move|p2b: Kingambit|Sucker Punch||[still]
|-fail|p2b: Kingambit
|move|p2a: Volcarona|Heat Wave|p1a: Dragonite|[spread] p1b
|-activate|p1a: Dragonite|move: Protect
|-damage|p1b: Archaludon|33/100
|-status|p1b: Archaludon|brn
|-ability|p1b: Archaludon|Stamina|boost
|-boost|p1b: Archaludon|def|1
|move|p1b: Archaludon|Body Press|p2b: Kingambit
|-supereffective|p2b: Kingambit
|-damage|p2b: Kingambit|26/100
|
|-damage|p1b: Archaludon|27/100 brn|[from] brn
|upkeep
|turn|6
|
|t:|1757718331
|move|p2b: Kingambit|Sucker Punch|p1b: Archaludon
|-damage|p1b: Archaludon|11/100 brn
|-ability|p1b: Archaludon|Stamina|boost
|-boost|p1b: Archaludon|def|1
|move|p1a: Dragonite|Haze|p1a: Dragonite
|-clearallboost
|move|p1b: Archaludon|Body Press|p2b: Kingambit
|-supereffective|p2b: Kingambit
|-damage|p2b: Kingambit|0 fnt
|faint|p2b: Kingambit
|move|p2a: Volcarona|Heat Wave|p1b: Archaludon|[spread] p1a,p1b
|-damage|p1a: Dragonite|0 fnt
|-damage|p1b: Archaludon|0 fnt
|faint|p1a: Dragonite
|faint|p1b: Archaludon
|
|upkeep
|
|t:|1757718345
|switch|p1a: Ursaluna|Ursaluna, L50, F|100/100
|switch|p1b: Sinistcha|Sinistcha, L50|100/100
|switch|p2b: Dragonite|Dragonite, L50, F|100/100
|turn|7
|
|t:|1757718383
|move|p1b: Sinistcha|Rage Powder|p1b: Sinistcha
|-singleturn|p1b: Sinistcha|move: Rage Powder
|move|p1a: Ursaluna|Headlong Rush|p2a: Volcarona
|-crit|p2a: Volcarona
|-damage|p2a: Volcarona|0 fnt
|-unboost|p1a: Ursaluna|def|1
|-unboost|p1a: Ursaluna|spd|1
|faint|p2a: Volcarona
|move|p2b: Dragonite|Scale Shot|p1b: Sinistcha
|-damage|p1b: Sinistcha|88/100
|-damage|p1b: Sinistcha|75/100
|-damage|p1b: Sinistcha|61/100
|-damage|p1b: Sinistcha|47/100
|-enditem|p1b: Sinistcha|Sitrus Berry|[eat]
|-heal|p1b: Sinistcha|72/100|[from] item: Sitrus Berry
|-damage|p1b: Sinistcha|58/100
|-hitcount|p1b: Sinistcha|5
|-unboost|p2b: Dragonite|def|1
|-boost|p2b: Dragonite|spe|1
|
|-sideend|p1: Cyog|move: Tailwind
|-status|p1a: Ursaluna|brn|[from] item: Flame Orb
|upkeep
|turn|8
|
|t:|1757718419
|move|p1a: Ursaluna|Protect|p1a: Ursaluna
|-singleturn|p1a: Ursaluna|Protect
|move|p2b: Dragonite|Scale Shot|p1b: Sinistcha
|-damage|p1b: Sinistcha|45/100
|-damage|p1b: Sinistcha|31/100
|-damage|p1b: Sinistcha|18/100
|-damage|p1b: Sinistcha|6/100
|-hitcount|p1b: Sinistcha|4
|-unboost|p2b: Dragonite|def|1
|-boost|p2b: Dragonite|spe|1
|move|p1b: Sinistcha|Trick Room|p1b: Sinistcha
|-fieldstart|move: Trick Room|[of] p1b: Sinistcha
|
|-damage|p1a: Ursaluna|94/100 brn|[from] brn
|upkeep
|turn|9
|
|t:|1757718437
|move|p1b: Sinistcha|Life Dew|p1b: Sinistcha|[spread] p1a,p1b
|-heal|p1a: Ursaluna|100/100 brn
|-heal|p1b: Sinistcha|31/100
|move|p1a: Ursaluna|Facade|p2b: Dragonite
|-damage|p2b: Dragonite|0 fnt
|faint|p2b: Dragonite
|
|win|Cyog
|raw|Cyog's rating: 1311 → 1340(+29 for winning)
|raw|marcosdeltasena31's rating: 1471 → 1442(-29 for losing)
|c|☆Cyog|gg
|c|☆Cyog|sorry about the misses
