|j|☆FrancoilCieco777
|j|☆dj_arcigno
|html|FrancoilCieco777dj_arcigno    
|uhtml|bestof|Game 2 of a best-of-3
|t:|1757003422
|gametype|doubles
|player|p1|FrancoilCieco777|baker|1143
|player|p2|dj_arcigno|169|1143
|gen|9
|tier|[Gen 9] VGC 2025 Reg H (Bo3)
|rated|
|rule|Species Clause: Limit one of each Pokémon
|rule|Item Clause: Limit 1 of each item
|clearpoke
|poke|p1|Volcarona, L50, F|
|poke|p1|Electabuzz, L50, F|
|poke|p1|Sneasler, L50, F|
|poke|p1|Kingambit, L50, M|
|poke|p1|Dragonite, L50, F|
|poke|p1|Rillaboom, L50, F|
|poke|p2|Charizard, L50, F|
|poke|p2|Torkoal, L50, M|
|poke|p2|Porygon2, L50|
|poke|p2|Incineroar, L50, M|
|poke|p2|Jumpluff, L50, M|
|poke|p2|Ursaluna, L50, F|
|teampreview|4
|showteam|p1|Volcarona||CovertCloak|FlameBody|HeatWave,TeraBlast,QuiverDance,Protect|||F|||50|,,,,,Fairy]Electabuzz||Eviolite|VitalSpirit|Thunderbolt,FollowMe,Taunt,Protect|||F|||50|,,,,,Ghost]Sneasler||FocusSash|Unburden|FakeOut,CloseCombat,DireClaw,Coaching|||F|||50|,,,,,Stellar]Kingambit||BlackGlasses|Defiant|KowtowCleave,SuckerPunch,SwordsDance,Protect|||M|||50|,,,,,Dark]Dragonite||LoadedDice|Multiscale|ScaleShot,ExtremeSpeed,Haze,Protect|||F|||50|,,,,,Normal]Rillaboom||AssaultVest|GrassySurge|WoodHammer,GrassyGlide,HighHorsepower,FakeOut|||F|||50|,,,,,Fire
|showteam|p2|Charizard||ChoiceSpecs|SolarPower|HeatWave,Overheat,WeatherBall,AirSlash|||F|||50|,,,,,Ghost]Torkoal||EjectPack|Drought|Eruption,Overheat,HelpingHand,Protect|||M|||50|,,,,,Fire]Porygon2||Eviolite|Download|TeraBlast,IceBeam,Recover,TrickRoom||||||50|,,,,,Fighting]Incineroar||SitrusBerry|Intimidate|FlareBlitz,KnockOff,FakeOut,PartingShot|||M|||50|,,,,,Ghost]Jumpluff||CovertCloak|Chlorophyll|SleepPowder,SunnyDay,RagePowder,Tailwind|||M|||50|,,,,,Water]Ursaluna||FlameOrb|Guts|HeadlongRush,Facade,Earthquake,Protect|||F|||50|,,,,,Ghost
|inactive|Battle timer is ON: inactive players will automatically lose when time's up. (requested by FrancoilCieco777)
|
|t:|1757003442
|teamsize|p1|4
|teamsize|p2|4
|start
|switch|p1a: Kingambit|Kingambit, L50, M, shiny|100/100
|switch|p1b: Sneasler|Sneasler, L50, F|100/100
|switch|p2a: Charizard|Charizard, L50, F|100/100
|switch|p2b: Torkoal|Torkoal, L50, M|100/100
|-weather|SunnyDay|[from] ability: Drought|[of] p2b: Torkoal
|turn|1
|
|t:|1757003457
|-terastallize|p1a: Kingambit|Dark
|move|p1b: Sneasler|Fake Out|p2a: Charizard
|-damage|p2a: Charizard|79/100
|cant|p2a: Charizard|flinch
|move|p1a: Kingambit|Kowtow Cleave|p2b: Torkoal
|-damage|p2b: Torkoal|36/100
|move|p2b: Torkoal|Eruption|p1a: Kingambit|[spread] p1a,p1b
|-damage|p1a: Kingambit|74/100
|-damage|p1b: Sneasler|65/100
|
|-weather|SunnyDay|[upkeep]
|-damage|p2a: Charizard|67/100|[from] ability: Solar Power|[of] p2a: Charizard
|upkeep
|turn|2
|
|t:|1757003481
|switch|p2a: Jumpluff|Jumpluff, L50, M|100/100
|move|p2b: Torkoal|Protect|p2b: Torkoal
|-singleturn|p2b: Torkoal|Protect
|move|p1a: Kingambit|Sucker Punch||[still]
|-fail|p1a: Kingambit
|move|p1b: Sneasler|Close Combat|p2b: Torkoal
|-activate|p2b: Torkoal|move: Protect
|
|-weather|SunnyDay|[upkeep]
|upkeep
|turn|3
|
|t:|1757003507
|switch|p1b: Electabuzz|Electabuzz, L50, F|100/100
|-terastallize|p2a: Jumpluff|Water
|move|p1a: Kingambit|Protect|p1a: Kingambit
|-singleturn|p1a: Kingambit|Protect
|move|p2a: Jumpluff|Sleep Powder|p1a: Kingambit
|-activate|p1a: Kingambit|move: Protect
|move|p2b: Torkoal|Overheat|p1b: Electabuzz
|-damage|p1b: Electabuzz|29/100
|-unboost|p2b: Torkoal|spa|2
|-enditem|p2b: Torkoal|Eject Pack
|
|t:|1757003513
|switch|p2b: Ursaluna|Ursaluna, L50, F|100/100
|
|-weather|SunnyDay|[upkeep]
|-status|p2b: Ursaluna|brn|[from] item: Flame Orb
|upkeep
|turn|4
|
|t:|1757003537
|move|p1a: Kingambit|Sucker Punch|p2b: Ursaluna
|-damage|p2b: Ursaluna|47/100 brn
|move|p2a: Jumpluff|Tailwind|p2a: Jumpluff
|-sidestart|p2: dj_arcigno|move: Tailwind
|move|p2b: Ursaluna|Facade|p1a: Kingambit
|-damage|p1a: Kingambit|0 fnt
|faint|p1a: Kingambit
|move|p1b: Electabuzz|Taunt|p2a: Jumpluff
|-start|p2a: Jumpluff|move: Taunt
|
|-weather|SunnyDay|[upkeep]
|-damage|p2b: Ursaluna|41/100 brn|[from] brn
|upkeep
|
|t:|1757003544
|switch|p1a: Sneasler|Sneasler, L50, F|65/100
|turn|5
|
|t:|1757003557
|switch|p2a: Torkoal|Torkoal, L50, M|36/100
|move|p2b: Ursaluna|Protect|p2b: Ursaluna
|-singleturn|p2b: Ursaluna|Protect
|move|p1a: Sneasler|Close Combat|p2b: Ursaluna
|-activate|p2b: Ursaluna|move: Protect
|move|p1b: Electabuzz|Thunderbolt|p2a: Torkoal
|-damage|p2a: Torkoal|0 fnt
|faint|p2a: Torkoal
|
|-weather|none
|-damage|p2b: Ursaluna|35/100 brn|[from] brn
|upkeep
|
|t:|1757003567
|switch|p2a: Charizard|Charizard, L50, F|67/100
|turn|6
|
|t:|1757003577
|switch|p2b: Jumpluff|Jumpluff, L50, M, tera:Water|100/100
|move|p2a: Charizard|Heat Wave|p1a: Sneasler|[spread] p1a,p1b
|-damage|p1a: Sneasler|0 fnt
|-damage|p1b: Electabuzz|0 fnt
|faint|p1a: Sneasler
|faint|p1b: Electabuzz
|
|upkeep
|
|t:|1757003584
|switch|p1a: Dragonite|Dragonite, L50, F, shiny|100/100
|turn|7
|
|t:|1757003594
|move|p2b: Jumpluff|Sleep Powder|p1a: Dragonite
|-status|p1a: Dragonite|slp|[from] move: Sleep Powder
|move|p2a: Charizard|Heat Wave|p1a: Dragonite
|-resisted|p1a: Dragonite
|-damage|p1a: Dragonite|83/100 slp
|cant|p1a: Dragonite|slp
|
|-sideend|p2: dj_arcigno|move: Tailwind
|upkeep
|turn|8
|-message|FrancoilCieco777 forfeited.
|
|win|dj_arcigno
|raw|FrancoilCieco777's rating: 1143 → 1118(-25 for losing)
|raw|dj_arcigno's rating: 1143 → 1168(+25 for winning)
