|j|☆andiom123
|j|☆TrainerPoMa
|html|andiom123TrainerPoMa    
|uhtml|bestof|Game 1 of a best-of-3
|t:|1783297993
|gametype|doubles
|player|p1|andiom123|red|1162
|player|p2|TrainerPoMa|unknown|1138
|gen|9
|tier|[Gen 9 Champions] VGC 2026 Reg M-B (Bo3)
|rated|
|rule|Species Clause: Limit one of each Pokémon
|rule|Item Clause: Limit 1 of each item
|clearpoke
|poke|p1|Incineroar, L50, M|
|poke|p1|Farigiraf, L50, M|
|poke|p1|Sylveon, L50, M|
|poke|p1|Torkoal, L50, F|
|poke|p1|Kangaskhan, L50, F|
|poke|p1|Mawile, L50, F|
|poke|p2|Blastoise, L50, F, shiny|
|poke|p2|Vivillon-Icy Snow, L50, F|
|poke|p2|Pelipper, L50, F|
|poke|p2|Archaludon, L50, M|
|poke|p2|Kingambit, L50, F|
|poke|p2|Farigiraf, L50, F|
|teampreview|4
|showteam|p1|Incineroar||MuscleBand|Intimidate|ThroatChop,FlareBlitz,FakeOut,PartingShot|Brave||M|||50|]Farigiraf||SitrusBerry|ArmorTail|FoulPlay,PsychicNoise,TrickRoom,HelpingHand|Relaxed||M|||50|]Sylveon||LifeOrb|Pixilate|HyperVoice,HyperBeam,QuickAttack,Detect|Modest||M|||50|]Torkoal||Charcoal|Drought|Eruption,EarthPower,Flamethrower,Protect|Quiet||F|||50|]Kangaskhan||Kangaskhanite|Scrappy|DoubleEdge,FakeOut,IcePunch,HammerArm|Brave||F|||50|]Mawile||Mawilite|HyperCutter|RockSlide,PlayRough,SuckerPunch,Protect|Brave||F|||50|
|showteam|p2|Blastoise||Blastoisinite|RainDish|WaterSpout,DarkPulse,ShellSmash,Protect|Modest||F|||50|]Vivillon-Icy Snow||ChoiceScarf|CompoundEyes|SleepPowder,RagePowder,Hurricane,RainDance|Timid||F|||50|]Pelipper||FocusSash|Drizzle|WeatherBall,Hurricane,Tailwind,WideGuard|Modest||F|||50|]Archaludon||Leftovers|Stamina|ElectroShot,FlashCannon,DragonPulse,Protect|Modest||M|||50|]Kingambit||BlackGlasses|Defiant|SuckerPunch,KowtowCleave,LowKick,Protect|Adamant||F|||50|]Farigiraf||SitrusBerry|ArmorTail|TrickRoom,Psychic,HelpingHand,Thunderbolt|Bold||F|||50|
|inactive|Battle timer is ON: inactive players will automatically lose when time's up. (requested by TrainerPoMa)
|inactive|TrainerPoMa has 60 seconds left.
|
|t:|1783298036
|teamsize|p1|4
|teamsize|p2|4
|start
|switch|p1a: Farigiraf|Farigiraf, L50, M|100/100
|switch|p1b: Kangaskhan|Kangaskhan, L50, F|100/100
|switch|p2a: Vivillon|Vivillon-Icy Snow, L50, F|100/100
|switch|p2b: Kingambit|Kingambit, L50, F|100/100
|turn|1
|inactive|andiom123 has 30 seconds left.
|inactive|TrainerPoMa has 30 seconds left.
|
|t:|1783298076
|switch|p2a: Farigiraf|Farigiraf, L50, F|100/100
|detailschange|p1b: Kangaskhan|Kangaskhan-Mega, L50, F
|-mega|p1b: Kangaskhan|Kangaskhan|Kangaskhanite
|move|p1b: Kangaskhan|Double-Edge|p2a: Farigiraf
|-damage|p2a: Farigiraf|49/100
|-enditem|p2a: Farigiraf|Sitrus Berry|[eat]
|-heal|p2a: Farigiraf|74/100|[from] item: Sitrus Berry
|-damage|p2a: Farigiraf|61/100
|-hitcount|p2a: Farigiraf|2
|-damage|p1b: Kangaskhan|77/100|[from] Recoil
|move|p2b: Kingambit|Kowtow Cleave|p1a: Farigiraf
|-supereffective|p1a: Farigiraf|1
|-damage|p1a: Farigiraf|5/100
|-enditem|p1a: Farigiraf|Sitrus Berry|[eat]
|-heal|p1a: Farigiraf|30/100|[from] item: Sitrus Berry
|move|p1a: Farigiraf|Trick Room|p1a: Farigiraf
|-fieldstart|move: Trick Room|[of] p1a: Farigiraf
|
|upkeep
|turn|2
|inactive|TrainerPoMa has 30 seconds left.
|inactive|TrainerPoMa has 20 seconds left.
|inactive|TrainerPoMa has 15 seconds left.
|
|t:|1783298116
|move|p2b: Kingambit|Sucker Punch||[still]
|cant|p1a: Farigiraf|ability: Armor Tail|Sucker Punch|[of] p2b: Kingambit
|move|p1b: Kangaskhan|Hammer Arm|p2b: Kingambit
|-supereffective|p2b: Kingambit|2
|-damage|p2b: Kingambit|0 fnt
|-unboost|p1b: Kangaskhan|spe|1
|faint|p2b: Kingambit
|move|p1a: Farigiraf|Trick Room|p1a: Farigiraf
|-fieldend|move: Trick Room
|move|p2a: Farigiraf|Trick Room|p2a: Farigiraf
|-fieldstart|move: Trick Room|[of] p2a: Farigiraf
|
|upkeep
|
|t:|1783298124
|switch|p2b: Blastoise|Blastoise, L50, F, shiny|100/100
|turn|3
|
|t:|1783298135
|detailschange|p2b: Blastoise|Blastoise-Mega, L50, F, shiny
|-mega|p2b: Blastoise|Blastoise|Blastoisinite
|move|p1a: Farigiraf|Helping Hand|p1b: Kangaskhan
|-singleturn|p1b: Kangaskhan|Helping Hand|[of] p1a: Farigiraf
|move|p2a: Farigiraf|Helping Hand|p2b: Blastoise
|-singleturn|p2b: Blastoise|Helping Hand|[of] p2a: Farigiraf
|move|p1b: Kangaskhan|Double-Edge|p2b: Blastoise
|-damage|p2b: Blastoise|3/100
|-damage|p2b: Blastoise|0 fnt
|faint|p2b: Blastoise
|-hitcount|p2: Blastoise|2
|-damage|p1b: Kangaskhan|53/100|[from] Recoil
|
|upkeep
|
|t:|1783298143
|switch|p2b: Vivillon|Vivillon-Icy Snow, L50, F|100/100
|turn|4
|
|t:|1783298156
|move|p1b: Kangaskhan|Double-Edge|p2b: Vivillon
|-damage|p2b: Vivillon|0 fnt
|faint|p2b: Vivillon
|-damage|p1b: Kangaskhan|28/100|[from] Recoil
|move|p1a: Farigiraf|Foul Play|p2a: Farigiraf
|-supereffective|p2a: Farigiraf|1
|-damage|p2a: Farigiraf|32/100
|move|p2a: Farigiraf|Thunderbolt|p1b: Kangaskhan
|-damage|p1b: Kangaskhan|10/100
|
|upkeep
|turn|5
|-message|TrainerPoMa forfeited.
|
|win|andiom123
|l|☆TrainerPoMa
|player|p2|
||andiom123 is ready for game 2.
||TrainerPoMa is ready for game 2.
|uhtml|next|Next: Game 2 of 3
