|j|☆Twiz94
|j|☆LightGrayGarbodor
|html|Twiz94LightGrayGarbodor    
|uhtml|bestof|Game 2 of a best-of-3
|t:|1756774461
|gametype|doubles
|player|p1|Twiz94|169|1168
|player|p2|LightGrayGarbodor|giovanni|1000
|gen|9
|tier|[Gen 9] VGC 2025 Reg H (Bo3)
|rated|
|rule|Species Clause: Limit one of each Pokémon
|rule|Item Clause: Limit 1 of each item
|clearpoke
|poke|p1|Typhlosion-Hisui, L50, M|
|poke|p1|Garchomp, L50, M|
|poke|p1|Indeedee, L50, M|
|poke|p1|Torkoal, L50, F|
|poke|p1|Sneasler, L50, M|
|poke|p1|Jumpluff, L50, F|
|poke|p2|Sneasler, L50, F|
|poke|p2|Dragonite, L50, M|
|poke|p2|Incineroar, L50, M|
|poke|p2|Ursaluna-Bloodmoon, L50, M|
|poke|p2|Gholdengo, L50|
|poke|p2|Amoonguss, L50, M|
|teampreview|4
|showteam|p1|Typhlosion-Hisui||ChoiceScarf|Blaze|Eruption,HeatWave,Overheat,ShadowBall|||M|||50|,,,,,Fire]Garchomp||LifeOrb|RoughSkin|Protect,ScaleShot,StompingTantrum,Earthquake|||M|||50|,,,,,Fairy]Indeedee||FocusSash|PsychicSurge|Protect,TeraBlast,ExpandingForce,TrickRoom|||M|||50|,,,,,Fighting]Torkoal||EjectPack|Drought|Protect,HelpingHand,Overheat,Eruption|||F|||50|,,,,,Fire]Sneasler||AirBalloon|Unburden|FakeOut,DireClaw,CloseCombat,Coaching|||M|||50|,,,,,Stellar]Jumpluff||CovertCloak|Chlorophyll|SleepPowder,Tailwind,RagePowder,Encore|||F|||50|,,,,,Water
|showteam|p2|Sneasler||FocusSash|Unburden|DireClaw,CloseCombat,FakeOut,Protect|||F|||50|,,,,,Fairy]Dragonite||LoadedDice|InnerFocus|Haze,ScaleShot,Tailwind,ExtremeSpeed|||M|||50|,,,,,Fairy]Incineroar||SafetyGoggles|Intimidate|FakeOut,FlareBlitz,KnockOff,PartingShot|||M|||50|,,,,,Grass]Ursaluna-Bloodmoon||AssaultVest|MindsEye|BloodMoon,EarthPower,HyperVoice,Snarl|||M|||50|,,,,,Water]Gholdengo||GrassySeed|GoodasGold|MakeItRain,ShadowBall,NastyPlot,Protect||||||50|,,,,,Dragon]Amoonguss||RoomService|Regenerator|Spore,RagePowder,PollenPuff,Protect|||M|||50|,,,,,Water
|inactive|Battle timer is ON: inactive players will automatically lose when time's up. (requested by LightGrayGarbodor)
|
|t:|1756774484
|teamsize|p1|4
|teamsize|p2|4
|start
|switch|p1a: Sneasler|Sneasler, L50, M, shiny|100/100
|switch|p1b: Garchomp|Garchomp, L50, M, shiny|100/100
|switch|p2a: Free|Dragonite, L50, M|100/100
|switch|p2b: Your Idol|Incineroar, L50, M|100/100
|-item|p1a: Sneasler|Air Balloon
|-ability|p2b: Your Idol|Intimidate|boost
|-unboost|p1a: Sneasler|atk|1
|-unboost|p1b: Garchomp|atk|1
|turn|1
|inactive|Twiz94 has 30 seconds left.
|inactive|Twiz94 has 20 seconds left.
|inactive|Twiz94 has 15 seconds left.
|inactive|Twiz94 has 10 seconds left.
|inactive|Twiz94 has 5 seconds left.
|
|t:|1756774538
|-terastallize|p1b: Garchomp|Fairy
|-terastallize|p2a: Free|Fairy
|move|p1a: Sneasler|Fake Out|p2b: Your Idol
|-damage|p2b: Your Idol|92/100
|cant|p2b: Your Idol|flinch
|move|p1b: Garchomp|Scale Shot|p2a: Free
|-immune|p2a: Free
|move|p2a: Free|Tailwind|p2a: Free
|-sidestart|p2: LightGrayGarbodor|move: Tailwind
|
|upkeep
|turn|2
|inactive|Twiz94 has 30 seconds left.
|
|t:|1756774571
|move|p2a: Free|Scale Shot|p1a: Sneasler|[miss]
|-miss|p2a: Free|p1a: Sneasler
|move|p1a: Sneasler|Coaching|p1b: Garchomp
|-boost|p1b: Garchomp|atk|1
|-boost|p1b: Garchomp|def|1
|move|p1b: Garchomp|Earthquake|p2a: Free|[spread] p2a,p2b
|-immune|p1a: Sneasler
|-supereffective|p2b: Your Idol
|-damage|p2a: Free|38/100
|-damage|p2b: Your Idol|0 fnt
|faint|p2b: Your Idol
|-damage|p1b: Garchomp|91/100|[from] item: Life Orb
|
|upkeep
|
|t:|1756774582
|switch|p2b: Sounds Like|Ursaluna-Bloodmoon, L50, M|100/100
|turn|3
|inactive|Twiz94 has 30 seconds left.
|
|t:|1756774614
|switch|p1a: Jumpluff|Jumpluff, L50, F, shiny|100/100
|move|p2a: Free|Scale Shot|p1a: Jumpluff
|-damage|p1a: Jumpluff|83/100
|-damage|p1a: Jumpluff|67/100
|-damage|p1a: Jumpluff|48/100
|-damage|p1a: Jumpluff|29/100
|-hitcount|p1a: Jumpluff|4
|-unboost|p2a: Free|def|1
|-boost|p2a: Free|spe|1
|move|p2b: Sounds Like|Hyper Voice|p1a: Jumpluff|[spread] p1a,p1b
|-damage|p1a: Jumpluff|0 fnt
|-damage|p1b: Garchomp|58/100
|faint|p1a: Jumpluff
|move|p1b: Garchomp|Scale Shot|p2b: Sounds Like
|-damage|p2b: Sounds Like|85/100
|-damage|p2b: Sounds Like|71/100
|-hitcount|p2b: Sounds Like|2
|-unboost|p1b: Garchomp|def|1
|-boost|p1b: Garchomp|spe|1
|-damage|p1b: Garchomp|48/100|[from] item: Life Orb
|
|upkeep
|
|t:|1756774637
|switch|p1a: Sneasler|Sneasler, L50, M, shiny|100/100
|-item|p1a: Sneasler|Air Balloon
|turn|4
|
|t:|1756774657
|move|p1a: Sneasler|Fake Out|p2b: Sounds Like
|-damage|p2b: Sounds Like|61/100
|move|p2a: Free|Extreme Speed|p1a: Sneasler
|-damage|p1a: Sneasler|48/100
|-enditem|p1a: Sneasler|Air Balloon
|move|p1b: Garchomp|Earthquake|p2b: Sounds Like|[spread] p1a,p2a,p2b
|-supereffective|p1a: Sneasler
|-damage|p1a: Sneasler|0 fnt
|-damage|p2a: Free|0 fnt
|-damage|p2b: Sounds Like|23/100
|faint|p1a: Sneasler
|faint|p2a: Free
|-damage|p1b: Garchomp|38/100|[from] item: Life Orb
|cant|p2b: Sounds Like|flinch
|
|-sideend|p2: LightGrayGarbodor|move: Tailwind
|upkeep
|
|t:|1756774671
|switch|p1a: Indeedee|Indeedee, L50, M, shiny|100/100
|switch|p2a: Takedown|Sneasler, L50, F|100/100
|-fieldstart|move: Psychic Terrain|[from] ability: Psychic Surge|[of] p1a: Indeedee
|turn|5
|
|t:|1756774685
|move|p1b: Garchomp|Scale Shot|p2a: Takedown|[miss]
|-miss|p1b: Garchomp|p2a: Takedown
|move|p2a: Takedown|Close Combat|p1a: Indeedee
|-enditem|p1a: Indeedee|Focus Sash
|-damage|p1a: Indeedee|1/100
|-unboost|p2a: Takedown|def|1
|-unboost|p2a: Takedown|spd|1
|move|p1a: Indeedee|Expanding Force|p2a: Takedown|[spread] p2a,p2b
|-supereffective|p2a: Takedown
|-enditem|p2a: Takedown|Focus Sash
|-damage|p2a: Takedown|1/100
|-damage|p2b: Sounds Like|0 fnt
|faint|p2b: Sounds Like
|
|upkeep
|turn|6
|inactive|LightGrayGarbodor has 30 seconds left.
|
|t:|1756774712
|move|p2a: Takedown|Dire Claw|p1b: Garchomp
|-supereffective|p1b: Garchomp
|-damage|p1b: Garchomp|0 fnt
|-damage|p2a: Takedown|0 fnt|[from] ability: Rough Skin|[of] p1b: Garchomp
|faint|p1b: Garchomp
|faint|p2a: Takedown
|
|win|Twiz94
