|j|☆raksbach
|j|☆SomeKidJon
|html|raksbachSomeKidJon    
|uhtml|bestof|Game 3 of a best-of-3
|t:|1783424758
|gametype|doubles
|player|p1|raksbach|265|1180
|player|p2|SomeKidJon|scientistf|1273
|gen|9
|tier|[Gen 9 Champions] VGC 2026 Reg M-B (Bo3)
|rated|
|rule|Species Clause: Limit one of each Pokémon
|rule|Item Clause: Limit 1 of each item
|clearpoke
|poke|p1|Incineroar, L50, M|
|poke|p1|Maushold, L50|
|poke|p1|Sinistcha, L50|
|poke|p1|Sneasler, L50, M|
|poke|p1|Blastoise, L50, F|
|poke|p1|Delphox, L50, M|
|poke|p2|Camerupt, L50, F|
|poke|p2|Farigiraf, L50, F|
|poke|p2|Primarina, L50, M|
|poke|p2|Hatterene, L50, F|
|poke|p2|Lopunny, L50, F|
|poke|p2|Staraptor, L50, F|
|teampreview|4
|showteam|p1|Incineroar||SitrusBerry|Intimidate|FakeOut,FlareBlitz,DarkestLariat,PartingShot|Impish||M|||50|]Maushold||ChopleBerry|FriendGuard|SuperFang,FollowMe,Protect,Feint|Impish|||||50|]Sinistcha||OccaBerry|Hospitality|MatchaGotcha,LifeDew,RagePowder,Protect|Bold|||||50|]Sneasler||FocusSash|PoisonTouch|FakeOut,CloseCombat,DireClaw,QuickGuard|Jolly||M|||50|]Blastoise||Blastoisinite|Torrent|WaterSpout,DarkPulse,ShellSmash,Protect|Modest||F|||50|]Delphox||Delphoxite|Blaze|HeatWave,Psychic,NastyPlot,Protect|Timid||M|||50|
|showteam|p2|Camerupt||Cameruptite|SolidRock|AncientPower,HeatWave,EarthPower,Protect|Quiet||F|||50|]Farigiraf||SitrusBerry|ArmorTail|Protect,HelpingHand,DazzlingGleam,TrickRoom|Bold||F|||50|]Primarina||Leftovers|LiquidVoice|HyperVoice,Protect,Moonblast,CalmMind|Modest||M|||50|]Hatterene||FocusSash|MagicBounce|Psychic,Protect,DazzlingGleam,TrickRoom|Quiet||F|||50|]Lopunny||Lopunnite|Klutz|FakeOut,CloseCombat,AfterYou,TripleAxel|Jolly||F|||50|]Staraptor||ChoiceScarf|Intimidate|FinalGambit,DoubleEdge,BraveBird,Uturn|Adamant||F|||50|
|inactive|Battle timer is ON: inactive players will automatically lose when time's up. (requested by raksbach)
|
|t:|1783424787
|teamsize|p1|4
|teamsize|p2|4
|start
|switch|p1a: Sneasler|Sneasler, L50, M|100/100
|switch|p1b: Blastoise|Blastoise, L50, F|100/100
|switch|p2a: Hatterene|Hatterene, L50, F|100/100
|switch|p2b: Staraptor|Staraptor, L50, F|100/100
|-ability|p2b: Staraptor|Intimidate|boost
|-unboost|p1a: Sneasler|atk|1
|-unboost|p1b: Blastoise|atk|1
|turn|1
|
|t:|1783424803
|detailschange|p1b: Blastoise|Blastoise-Mega, L50, F
|-mega|p1b: Blastoise|Blastoise|Blastoisinite
|move|p1a: Sneasler|Fake Out|p2a: Hatterene
|-damage|p2a: Hatterene|89/100
|-status|p2a: Hatterene|psn|[from] ability: Poison Touch|[of] p1a: Sneasler
|move|p2b: Staraptor|Final Gambit|p1b: Blastoise
|-damage|p1b: Blastoise|0 fnt
|faint|p2b: Staraptor
|faint|p1b: Blastoise
|cant|p2a: Hatterene|flinch
|
|-damage|p2a: Hatterene|77/100 psn|[from] psn
|upkeep
|
|t:|1783424813
|switch|p2b: Lopunny|Lopunny, L50, F|100/100
|switch|p1b: Maushold|Maushold, L50|100/100
|turn|2
|
|t:|1783424826
|detailschange|p2b: Lopunny|Lopunny-Mega, L50, F
|-mega|p2b: Lopunny|Lopunny|Lopunnite
|move|p2b: Lopunny|Fake Out|p1a: Sneasler
|-damage|p1a: Sneasler|74/100
|cant|p1a: Sneasler|flinch
|move|p1b: Maushold|Super Fang|p2a: Hatterene
|-damage|p2a: Hatterene|39/100 psn
|move|p2a: Hatterene|Trick Room|p2a: Hatterene
|-fieldstart|move: Trick Room|[of] p2a: Hatterene
|
|-damage|p2a: Hatterene|26/100 psn|[from] psn
|upkeep
|turn|3
|
|t:|1783424844
|switch|p1b: Sinistcha|Sinistcha, L50|100/100
|-heal|p1a: Sneasler|98/100|[from] ability: Hospitality|[of] p1b: Sinistcha
|switch|p2b: Primarina|Primarina, L50, M|100/100
|move|p2a: Hatterene|Psychic|p1a: Sneasler
|-supereffective|p1a: Sneasler|2
|-damage|p1a: Sneasler|0 fnt
|faint|p1a: Sneasler
|
|-damage|p2a: Hatterene|14/100 psn|[from] psn
|upkeep
|
|t:|1783424852
|switch|p1a: Maushold|Maushold, L50|100/100
|turn|4
|
|t:|1783424866
|move|p1b: Sinistcha|Protect|p1b: Sinistcha
|-singleturn|p1b: Sinistcha|Protect
|move|p1a: Maushold|Protect|p1a: Maushold
|-singleturn|p1a: Maushold|Protect
|move|p2a: Hatterene|Psychic|p1b: Sinistcha
|-activate|p1b: Sinistcha|move: Protect
|move|p2b: Primarina|Moonblast|p1b: Sinistcha
|-activate|p1b: Sinistcha|move: Protect
|
|-damage|p2a: Hatterene|2/100 psn|[from] psn
|upkeep
|turn|5
|
|t:|1783424878
|move|p1a: Maushold|Feint|p2a: Hatterene
|-damage|p2a: Hatterene|0 fnt
|faint|p2a: Hatterene
|move|p2b: Primarina|Calm Mind|p2b: Primarina
|-boost|p2b: Primarina|spa|1
|-boost|p2b: Primarina|spd|1
|move|p1b: Sinistcha|Matcha Gotcha|p2b: Primarina
|-supereffective|p2b: Primarina|1
|-damage|p2b: Primarina|66/100
|-status|p2b: Primarina|brn
|
|-heal|p2b: Primarina|72/100 brn|[from] item: Leftovers
|-damage|p2b: Primarina|66/100 brn|[from] brn
|upkeep
|
|t:|1783424881
|switch|p2a: Lopunny|Lopunny-Mega, L50, F|100/100
|turn|6
|
|t:|1783424895
|move|p1b: Sinistcha|Protect|p1b: Sinistcha
|-singleturn|p1b: Sinistcha|Protect
|move|p1a: Maushold|Protect|p1a: Maushold
|-singleturn|p1a: Maushold|Protect
|move|p2a: Lopunny|Fake Out|p1a: Maushold
|-activate|p1a: Maushold|move: Protect
|move|p2b: Primarina|Hyper Voice|p1b: Sinistcha|[spread] 
|-activate|p1a: Maushold|move: Protect
|-activate|p1b: Sinistcha|move: Protect
|
|-heal|p2b: Primarina|72/100 brn|[from] item: Leftovers
|-damage|p2b: Primarina|66/100 brn|[from] brn
|-fieldend|move: Trick Room
|upkeep
|turn|7
|
|t:|1783424907
|move|p2a: Lopunny|Close Combat|p1a: Maushold
|-supereffective|p1a: Maushold|1
|-enditem|p1a: Maushold|Chople Berry|[eat]
|-enditem|p1a: Maushold|Chople Berry|[weaken]
|-damage|p1a: Maushold|31/100
|-unboost|p2a: Lopunny|def|1
|-unboost|p2a: Lopunny|spd|1
|move|p1a: Maushold|Super Fang|p2a: Lopunny
|-damage|p2a: Lopunny|50/100y
|move|p1b: Sinistcha|Matcha Gotcha|p2a: Lopunny|[spread] p2a,p2b
|-supereffective|p2b: Primarina|1
|-damage|p2a: Lopunny|2/100
|-damage|p2b: Primarina|40/100 brn
|move|p2b: Primarina|Moonblast|p1a: Maushold
|-damage|p1a: Maushold|0 fnt
|faint|p1a: Maushold
|
|-heal|p2b: Primarina|45/100 brn|[from] item: Leftovers
|-damage|p2b: Primarina|40/100 brn|[from] brn
|upkeep
|turn|8
|
|t:|1783424928
|move|p2a: Lopunny|Triple Axel|p1b: Sinistcha
|-supereffective|p1b: Sinistcha|1
|-damage|p1b: Sinistcha|86/100
|-supereffective|p1b: Sinistcha|1
|-damage|p1b: Sinistcha|59/100
|-supereffective|p1b: Sinistcha|1
|-damage|p1b: Sinistcha|24/100
|-hitcount|p1b: Sinistcha|3
|move|p1b: Sinistcha|Matcha Gotcha|p2b: Primarina|[spread] p2b
|-miss|p1b: Sinistcha|p2a: Lopunny
|-supereffective|p2b: Primarina|1
|-damage|p2b: Primarina|13/100 brn
|-heal|p1b: Sinistcha|38/100|[from] drain|[of] p2b: Primarina
|move|p2b: Primarina|Moonblast|p1b: Sinistcha
|-damage|p1b: Sinistcha|0 fnt
|faint|p1b: Sinistcha
|
|win|SomeKidJon
|raw|raksbach's rating: 1180 → 1162(-18 for losing)
|raw|SomeKidJon's rating: 1273 → 1291(+18 for winning)
