|j|☆MoldyDolphin
|j|☆battle sim trainer
|html|MoldyDolphinbattle sim trainer    
|uhtml|bestof|Game 2 of a best-of-3
|t:|1757627818
|gametype|doubles
|player|p1|MoldyDolphin|marlon|1138
|player|p2|battle sim trainer|turo|1205
|gen|9
|tier|[Gen 9] VGC 2025 Reg H (Bo3)
|rated|
|rule|Species Clause: Limit one of each Pokémon
|rule|Item Clause: Limit 1 of each item
|clearpoke
|poke|p1|Dragonite, L50, F|
|poke|p1|Clefable, L50, M|
|poke|p1|Dondozo, L50, F|
|poke|p1|Annihilape, L50, M|
|poke|p1|Kingambit, L50, M|
|poke|p1|Tatsugiri, L50, M|
|poke|p2|Bronzong, L50|
|poke|p2|Ursaluna, L50, F|
|poke|p2|Gallade, L50, M|
|poke|p2|Torkoal, L50, F|
|poke|p2|Exeggutor, L50, M|
|poke|p2|Indeedee-F, L50, F|
|teampreview|4
|showteam|p1|Dragonite||AssaultVest|InnerFocus|StompingTantrum,ExtremeSpeed,IceSpinner,TeraBlast|||F|||50|,,,,,Flying]Clefable||SafetyGoggles|Unaware|Moonblast,Protect,HelpingHand,FollowMe|||M|||50|,,,,,Steel]Dondozo||Leftovers|Unaware|Earthquake,WaveCrash,Protect,OrderUp|||F|||50|,,,,,Grass]Annihilape||ChoiceScarf|Defiant|FinalGambit,CloseCombat,Coaching,Uturn|||M|||50|,,,,,Grass]Kingambit||BlackGlasses|Defiant|Protect,SuckerPunch,IronHead,KowtowCleave|||M|||50|,,,,,Dark]Tatsugiri||FocusSash|Commander|DracoMeteor,Protect,Taunt,MuddyWater|||M|||50|,,,,,Steel
|showteam|p2|Bronzong||PsychicSeed|Levitate|TrickRoom,BodyPress,GyroBall,IronDefense||||||50|,,,,,Poison]Ursaluna||FlameOrb|Guts|Facade,Protect,Earthquake,HeadlongRush|||F|||50|,,,,,Ghost]Gallade||ClearAmulet|Sharpness|PsychoCut,TrickRoom,WideGuard,SacredSword|||M|||50|,,,,,Fire]Torkoal||Charcoal|Drought|Eruption,WeatherBall,ClearSmog,Protect|||F|||50|,,,,,Fire]Exeggutor||FocusSash|Chlorophyll|Imprison,ExpandingForce,EnergyBall,TrickRoom|||M|||50|,,,,,Psychic]Indeedee-F||SafetyGoggles|PsychicSurge|FollowMe,TrickRoom,HelpingHand,Psychic|||F|||50|,,,,,Fairy
|inactive|Battle timer is ON: inactive players will automatically lose when time's up. (requested by MoldyDolphin)
|
|t:|1757627830
|teamsize|p1|4
|teamsize|p2|4
|start
|switch|p1a: Annihilape|Annihilape, L50, M|100/100
|switch|p1b: Dragonite|Dragonite, L50, F|100/100
|switch|p2a: Exeggutor|Exeggutor, L50, M|100/100
|switch|p2b: i like turtles|Torkoal, L50, F|100/100
|-weather|SunnyDay|[from] ability: Drought|[of] p2b: i like turtles
|turn|1
|
|t:|1757627843
|switch|p2b: Indeedeed|Indeedee-F, L50, F|100/100
|-fieldstart|move: Psychic Terrain|[from] ability: Psychic Surge|[of] p2b: Indeedeed
|-terastallize|p2a: Exeggutor|Psychic
|-terastallize|p1b: Dragonite|Flying
|move|p1a: Annihilape|U-turn|p2a: Exeggutor
|-supereffective|p2a: Exeggutor
|-damage|p2a: Exeggutor|54/100
|
|t:|1757627867
|switch|p1a: Dondozo|Dondozo, L50, F|100/100|[from] U-turn
|move|p2a: Exeggutor|Expanding Force|p1b: Dragonite|[spread] p1a,p1b
|-damage|p1a: Dondozo|22/100
|-damage|p1b: Dragonite|47/100
|move|p1b: Dragonite|Tera Blast|p2a: Exeggutor|[anim] Tera Blast Flying
|-damage|p2a: Exeggutor|0 fnt
|faint|p2a: Exeggutor
|
|-weather|SunnyDay|[upkeep]
|-heal|p1a: Dondozo|29/100|[from] item: Leftovers
|upkeep
|
|t:|1757627881
|switch|p2a: Swordman|Gallade, L50, M|100/100
|turn|2
|inactive|MoldyDolphin has 30 seconds left.
|
|t:|1757627912
|move|p2b: Indeedeed|Follow Me|p2b: Indeedeed
|-singleturn|p2b: Indeedeed|move: Follow Me
|move|p1b: Dragonite|Tera Blast|p2b: Indeedeed|[anim] Tera Blast Flying
|-damage|p2b: Indeedeed|42/100
|move|p1a: Dondozo|Wave Crash|p2b: Indeedeed
|-damage|p2b: Indeedeed|21/100
|-damage|p1a: Dondozo|24/100|[from] Recoil
|move|p2a: Swordman|Sacred Sword|p1a: Dondozo
|-damage|p1a: Dondozo|0 fnt
|faint|p1a: Dondozo
|
|-weather|SunnyDay|[upkeep]
|upkeep
|
|t:|1757627931
|switch|p1a: Tatsugiri|Tatsugiri, L50, M|100/100
|turn|3
|inactive|battle sim trainer has 30 seconds left.
|
|t:|1757627958
|move|p1a: Tatsugiri|Protect|p1a: Tatsugiri
|-singleturn|p1a: Tatsugiri|Protect
|move|p2b: Indeedeed|Follow Me|p2b: Indeedeed
|-singleturn|p2b: Indeedeed|move: Follow Me
|move|p1b: Dragonite|Ice Spinner|p2b: Indeedeed
|-damage|p2b: Indeedeed|0 fnt
|-fieldend|move: Psychic Terrain
|faint|p2b: Indeedeed
|move|p2a: Swordman|Trick Room|p2a: Swordman
|-fieldstart|move: Trick Room|[of] p2a: Swordman
|
|-weather|SunnyDay|[upkeep]
|upkeep
|
|t:|1757627965
|switch|p2b: i like turtles|Torkoal, L50, F|100/100
|turn|4
|
|t:|1757627976
|move|p1b: Dragonite|Extreme Speed|p2b: i like turtles
|-damage|p2b: i like turtles|78/100
|move|p2b: i like turtles|Eruption|p1b: Dragonite|[spread] p1a,p1b
|-resisted|p1a: Tatsugiri
|-damage|p1a: Tatsugiri|80/100
|-damage|p1b: Dragonite|6/100
|move|p2a: Swordman|Sacred Sword|p1a: Tatsugiri
|-damage|p1a: Tatsugiri|0 fnt
|faint|p1a: Tatsugiri
|
|-weather|SunnyDay|[upkeep]
|upkeep
|
|t:|1757627986
|switch|p1a: Annihilape|Annihilape, L50, M|100/100
|turn|5
|inactive|battle sim trainer has 30 seconds left.
|inactive|battle sim trainer has 20 seconds left.
|
|t:|1757628024
|move|p2b: i like turtles|Eruption|p1a: Annihilape|[spread] p1a,p1b
|-damage|p1a: Annihilape|35/100
|-damage|p1b: Dragonite|0 fnt
|faint|p1b: Dragonite
|move|p2a: Swordman|Psycho Cut|p1a: Annihilape
|-supereffective|p1a: Annihilape
|-damage|p1a: Annihilape|0 fnt
|faint|p1a: Annihilape
|
|win|battle sim trainer
|raw|MoldyDolphin's rating: 1138 → 1118(-20 for losing)
|raw|battle sim trainer's rating: 1205 → 1225(+20 for winning)
