|j|☆i saw carcosa
|j|☆snekr1994
|html|i saw carcosasnekr1994    
|uhtml|bestof|Game 1 of a best-of-3
|t:|1756951518
|gametype|doubles
|player|p1|i saw carcosa|pokemonbreederf|1325
|player|p2|snekr1994|2|1477
|gen|9
|tier|[Gen 9] VGC 2025 Reg H (Bo3)
|rated|
|rule|Species Clause: Limit one of each Pokémon
|rule|Item Clause: Limit 1 of each item
|clearpoke
|poke|p1|Ursaluna-Bloodmoon, L50, M|
|poke|p1|Gholdengo, L50|
|poke|p1|Incineroar, L50, F|
|poke|p1|Dragonite, L50, M|
|poke|p1|Sneasler, L50, F|
|poke|p1|Amoonguss, L50, F|
|poke|p2|Kingambit, L50, M|
|poke|p2|Sneasler, L50, F|
|poke|p2|Electabuzz, L50, M|
|poke|p2|Dragonite, L50, M|
|poke|p2|Rillaboom, L50, F|
|poke|p2|Volcarona, L50, M|
|teampreview|4
|showteam|p1|Ursaluna-Bloodmoon||LifeOrb|MindsEye|HyperVoice,BloodMoon,EarthPower,Protect|||M|||50|,,,,,Dragon]Gholdengo||MetalCoat|GoodasGold|MakeItRain,ShadowBall,NastyPlot,Protect||||||50|,,,,,Water]Incineroar||AssaultVest|Intimidate|FakeOut,FlareBlitz,KnockOff,Uturn|||F|||50|,,,,,Grass]Dragonite||LoadedDice|Multiscale|ScaleShot,Tailwind,Haze,Protect|||M|||50|,,,,,Fairy]Sneasler||FocusSash|PoisonTouch|DireClaw,CloseCombat,FakeOut,Protect|||F|||50|,,,,,Stellar]Amoonguss||SitrusBerry|Regenerator|Spore,RagePowder,PollenPuff,Protect|||F|||50|,,,,,Water
|showteam|p2|Kingambit||SafetyGoggles|Defiant|KowtowCleave,SuckerPunch,SwordsDance,Protect|||M|||50|,,,,,Dark]Sneasler||FocusSash|PoisonTouch|DireClaw,CloseCombat,Coaching,FakeOut|||F|||50|,,,,,Stellar]Electabuzz||Eviolite|VitalSpirit|Thunderbolt,FollowMe,Taunt,Protect|||M|||50|,,,,,Dragon]Dragonite||LoadedDice|Multiscale|ScaleShot,ExtremeSpeed,Haze,Protect|||M|||50|,,,,,Steel]Rillaboom||AssaultVest|GrassySurge|WoodHammer,GrassyGlide,HighHorsepower,FakeOut|||F|||50|,,,,,Fire]Volcarona||CovertCloak|FlameBody|HeatWave,TeraBlast,QuiverDance,Protect|||M|||50|,,,,,Fairy
|inactive|Battle timer is ON: inactive players will automatically lose when time's up. (requested by snekr1994)
|
|t:|1756951611
|teamsize|p1|4
|teamsize|p2|4
|start
|switch|p1a: Joshua|Dragonite, L50, M|100/100
|switch|p1b: Hehe|Sneasler, L50, F|100/100
|switch|p2a: Sneasler|Sneasler, L50, F|100/100
|switch|p2b: Dragonite|Dragonite, L50, M|100/100
|turn|1
|inactive|i saw carcosa has 30 seconds left.
|inactive|snekr1994 has 30 seconds left.
|inactive|i saw carcosa has 20 seconds left.
|inactive|snekr1994 has 20 seconds left.
|inactive|i saw carcosa has 15 seconds left.
|
|t:|1756951653
|switch|p1a: Gholdengoat|Gholdengo, L50|100/100
|move|p2b: Dragonite|Protect|p2b: Dragonite
|-singleturn|p2b: Dragonite|Protect
|move|p1b: Hehe|Fake Out|p2b: Dragonite
|-activate|p2b: Dragonite|move: Protect
|move|p2a: Sneasler|Fake Out|p1a: Gholdengoat
|-immune|p1a: Gholdengoat
|
|upkeep
|turn|2
|inactive|i saw carcosa has 30 seconds left.
|
|t:|1756951681
|move|p2a: Sneasler|Coaching|p2b: Dragonite
|-boost|p2b: Dragonite|atk|1
|-boost|p2b: Dragonite|def|1
|move|p1b: Hehe|Dire Claw|p2a: Sneasler
|-resisted|p2a: Sneasler
|-damage|p2a: Sneasler|68/100
|move|p2b: Dragonite|Scale Shot|p1b: Hehe
|-damage|p1b: Hehe|63/100
|-damage|p1b: Hehe|27/100
|-damage|p1b: Hehe|0 fnt
|faint|p1b: Hehe
|-hitcount|p1: Hehe|3
|-unboost|p2b: Dragonite|def|1
|-boost|p2b: Dragonite|spe|1
|move|p1a: Gholdengoat|Make It Rain|p2a: Sneasler|[spread] p2a,p2b
|-damage|p2a: Sneasler|0 fnt
|-damage|p2b: Dragonite|70/100
|-unboost|p1a: Gholdengoat|spa|1
|faint|p2a: Sneasler
|
|upkeep
|
|t:|1756951703
|switch|p1b: Joshua|Dragonite, L50, M|100/100
|switch|p2a: Volcarona|Volcarona, L50, M|100/100
|turn|3
|inactive|i saw carcosa has 30 seconds left.
|inactive|snekr1994 has 30 seconds left.
|
|t:|1756951735
|-terastallize|p1b: Joshua|Fairy
|move|p2b: Dragonite|Scale Shot|p1a: Gholdengoat
|-resisted|p1a: Gholdengoat
|-damage|p1a: Gholdengoat|91/100
|-resisted|p1a: Gholdengoat
|-damage|p1a: Gholdengoat|80/100
|-resisted|p1a: Gholdengoat
|-damage|p1a: Gholdengoat|69/100
|-resisted|p1a: Gholdengoat
|-damage|p1a: Gholdengoat|59/100
|-resisted|p1a: Gholdengoat
|-damage|p1a: Gholdengoat|49/100
|-hitcount|p1a: Gholdengoat|5
|-unboost|p2b: Dragonite|def|1
|-boost|p2b: Dragonite|spe|1
|move|p2a: Volcarona|Quiver Dance|p2a: Volcarona
|-boost|p2a: Volcarona|spa|1
|-boost|p2a: Volcarona|spd|1
|-boost|p2a: Volcarona|spe|1
|move|p1b: Joshua|Tailwind|p1b: Joshua
|-sidestart|p1: i saw carcosa|move: Tailwind
|move|p1a: Gholdengoat|Nasty Plot|p1a: Gholdengoat
|-boost|p1a: Gholdengoat|spa|2
|
|upkeep
|turn|4
|inactive|i saw carcosa has 30 seconds left.
|inactive|snekr1994 has 30 seconds left.
|inactive|snekr1994 has 20 seconds left.
|inactive|i saw carcosa has 20 seconds left.
|
|t:|1756951778
|move|p2a: Volcarona|Protect|p2a: Volcarona
|-singleturn|p2a: Volcarona|Protect
|move|p2b: Dragonite|Extreme Speed|p1b: Joshua
|-damage|p1b: Joshua|72/100
|move|p1b: Joshua|Scale Shot|p2a: Volcarona
|-activate|p2a: Volcarona|move: Protect
|move|p1a: Gholdengoat|Make It Rain|p2b: Dragonite|[spread] p2b
|-activate|p2a: Volcarona|move: Protect
|-damage|p2b: Dragonite|0 fnt
|-unboost|p1a: Gholdengoat|spa|1
|faint|p2b: Dragonite
|
|upkeep
|
|t:|1756951790
|switch|p2b: Rillaboom|Rillaboom, L50, F|100/100
|-fieldstart|move: Grassy Terrain|[from] ability: Grassy Surge|[of] p2b: Rillaboom
|turn|5
|inactive|i saw carcosa has 30 seconds left.
|inactive|i saw carcosa has 20 seconds left.
|inactive|i saw carcosa has 15 seconds left.
|
|t:|1756951831
|move|p1b: Joshua|Protect|p1b: Joshua
|-singleturn|p1b: Joshua|Protect
|move|p1a: Gholdengoat|Protect|p1a: Gholdengoat
|-singleturn|p1a: Gholdengoat|Protect
|move|p2b: Rillaboom|Fake Out|p1b: Joshua
|-activate|p1b: Joshua|move: Protect
|move|p2a: Volcarona|Quiver Dance|p2a: Volcarona
|-boost|p2a: Volcarona|spa|1
|-boost|p2a: Volcarona|spd|1
|-boost|p2a: Volcarona|spe|1
|
|-heal|p1b: Joshua|78/100|[from] Grassy Terrain
|-heal|p1a: Gholdengoat|55/100|[from] Grassy Terrain
|upkeep
|turn|6
|-message|i saw carcosa forfeited.
|
|win|snekr1994
||i saw carcosa is ready for game 2.
||snekr1994 is ready for game 2.
|uhtml|next|Next: Game 2 of 3
|l|☆snekr1994
|player|p2|
