|j|☆mikelpoyarzabal
|j|☆guillelona
|html|mikelpoyarzabalguillelona    
|uhtml|bestof|Game 2 of a best-of-3
|t:|1785079805
|gametype|doubles
|player|p1|mikelpoyarzabal|arven-s|1354
|player|p2|guillelona|2|1272
|gen|9
|tier|[Gen 9 Champions] VGC 2026 Reg M-B (Bo3)
|rated|
|rule|Species Clause: Limit one of each Pokémon
|rule|Item Clause: Limit 1 of each item
|clearpoke
|poke|p1|Tyranitar, L50, F|
|poke|p1|Excadrill, L50, M|
|poke|p1|Gholdengo, L50|
|poke|p1|Milotic, L50, F|
|poke|p1|Sinistcha, L50|
|poke|p1|Staraptor, L50, M|
|poke|p2|Vivillon-Tundra, L50, F|
|poke|p2|Mawile, L50, M|
|poke|p2|Torkoal, L50, M|
|poke|p2|Farigiraf, L50, M|
|poke|p2|Garchomp, L50, M|
|poke|p2|Raichu, L50, M|
|teampreview|4
|showteam|p1|Tyranitar||Tyranitarite|SandStream|RockSlide,KnockOff,LowKick,Protect|Jolly||F|||50|]Excadrill||FocusSash|SandRush|HighHorsepower,IronHead,RockSlide,Protect|Adamant||M|||50|]Gholdengo||LifeOrb|GoodasGold|ShadowBall,MakeItRain,NastyPlot,Protect|Modest|||||50|]Milotic||SitrusBerry|Competitive|Scald,IceBeam,IcyWind,Protect|Calm||F|||50|]Sinistcha||ColburBerry|Hospitality|MatchaGotcha,ShadowBall,RagePowder,Protect|Bold|||||50|]Staraptor||Staraptite|Intimidate|BraveBird,CloseCombat,Tailwind,Protect|Jolly||M|||50|
|showteam|p2|Vivillon-Tundra||FocusSash|CompoundEyes|Hurricane,SleepPowder,RagePowder,Protect|Timid||F|||50|]Mawile||Mawilite|Intimidate|PlayRough,RockSlide,SuckerPunch,Protect|Adamant||M|||50|]Torkoal||Charcoal|Drought|Eruption,WeatherBall,Protect,EarthPower|Quiet||M|||50|]Farigiraf||SitrusBerry|ArmorTail|Psychic,Thunderbolt,TrickRoom,HelpingHand|Relaxed||M|||50|]Garchomp||LifeOrb|RoughSkin|DragonClaw,Earthquake,RockSlide,Protect|Jolly||M|||50|]Raichu||RaichuniteY|LightningRod|ZapCannon,FocusBlast,FakeOut,Protect|Timid||M|||50|
|
|t:|1785079834
|teamsize|p1|4
|teamsize|p2|4
|start
|switch|p1a: Tyranitar|Tyranitar, L50, F|100/100
|switch|p1b: Milotic|Milotic, L50, F|100/100
|switch|p2a: Mawile|Mawile, L50, M|100/100
|switch|p2b: Garchomp|Garchomp, L50, M|100/100
|-weather|Sandstorm|[from] ability: Sand Stream|[of] p1a: Tyranitar
|-ability|p2a: Mawile|Intimidate|boost
|-unboost|p1a: Tyranitar|atk|1
|-unboost|p1b: Milotic|atk|1
|-ability|p1b: Milotic|Competitive|boost
|-boost|p1b: Milotic|spa|2
|turn|1
|
|t:|1785079854
|detailschange|p2a: Mawile|Mawile-Mega, L50, M
|-mega|p2a: Mawile|Mawile|Mawilite
|move|p1a: Tyranitar|Protect|p1a: Tyranitar
|-singleturn|p1a: Tyranitar|Protect
|move|p2a: Mawile|Protect|p2a: Mawile
|-singleturn|p2a: Mawile|Protect
|move|p2b: Garchomp|Earthquake|p1b: Milotic|[spread] p1b
|-activate|p2a: Mawile|move: Protect
|-activate|p1a: Tyranitar|move: Protect
|-damage|p1b: Milotic|53/100
|-damage|p2b: Garchomp|90/100|[from] item: Life Orb
|move|p1b: Milotic|Ice Beam|p2b: Garchomp
|-supereffective|p2b: Garchomp|2
|-damage|p2b: Garchomp|0 fnt
|faint|p2b: Garchomp
|
|-weather|Sandstorm|[upkeep]
|-damage|p1b: Milotic|47/100|[from] Sandstorm
|-enditem|p1b: Milotic|Sitrus Berry|[eat]
|-heal|p1b: Milotic|72/100|[from] item: Sitrus Berry
|upkeep
|
|t:|1785079866
|switch|p2b: Raichu|Raichu, L50, M|100/100
|turn|2
|
|t:|1785079872
|switch|p1a: Sinistcha|Sinistcha, L50|100/100
|-heal|p1b: Milotic|97/100|[from] ability: Hospitality|[of] p1a: Sinistcha
|move|p1b: Milotic|Protect|p1b: Milotic
|-singleturn|p1b: Milotic|Protect
|move|p2b: Raichu|Zap Cannon|p1b: Milotic
|-activate|p1b: Milotic|move: Protect
|move|p2a: Mawile|Play Rough|p1a: Sinistcha
|-damage|p1a: Sinistcha|34/100
|-unboost|p1a: Sinistcha|atk|1
|
|-weather|Sandstorm|[upkeep]
|-damage|p2b: Raichu|93/100|[from] Sandstorm
|-damage|p1b: Milotic|91/100|[from] Sandstorm
|-damage|p1a: Sinistcha|29/100|[from] Sandstorm
|upkeep
|turn|3
|
|t:|1785079899
|move|p2b: Raichu|Protect|p2b: Raichu
|-singleturn|p2b: Raichu|Protect
|move|p1a: Sinistcha|Rage Powder|p1a: Sinistcha
|-singleturn|p1a: Sinistcha|move: Rage Powder
|move|p1b: Milotic|Scald|p2a: Mawile
|-damage|p2a: Mawile|26/100
|move|p2a: Mawile|Play Rough|p1a: Sinistcha
|-damage|p1a: Sinistcha|0 fnt
|faint|p1a: Sinistcha
|
|-weather|Sandstorm|[upkeep]
|-damage|p2b: Raichu|87/100|[from] Sandstorm
|-damage|p1b: Milotic|85/100|[from] Sandstorm
|upkeep
|
|t:|1785079910
|switch|p1a: Excadrill|Excadrill, L50, M|100/100
|turn|4
|
|t:|1785079921
|switch|p2a: Torkoal|Torkoal, L50, M|100/100
|-weather|SunnyDay|[from] ability: Drought|[of] p2a: Torkoal
|move|p2b: Raichu|Zap Cannon|p1b: Milotic
|-supereffective|p1b: Milotic|1
|-damage|p1b: Milotic|34/100
|-status|p1b: Milotic|par
|move|p1a: Excadrill|High Horsepower|p2b: Raichu
|-supereffective|p2b: Raichu|1
|-damage|p2b: Raichu|0 fnt
|faint|p2b: Raichu
|move|p1b: Milotic|Scald|p2a: Torkoal
|-supereffective|p2a: Torkoal|1
|-damage|p2a: Torkoal|18/100
|
|-weather|SunnyDay|[upkeep]
|upkeep
|
|t:|1785079935
|switch|p2b: Mawile|Mawile-Mega, L50, M|26/100
|turn|5
|
|t:|1785079944
|move|p1a: Excadrill|Rock Slide|p2a: Torkoal|[spread] p2a,p2b
|-supereffective|p2a: Torkoal|1
|-crit|p2a: Torkoal
|-resisted|p2b: Mawile|1
|-damage|p2a: Torkoal|0 fnt
|-damage|p2b: Mawile|15/100
|faint|p2a: Torkoal
|move|p2b: Mawile|Rock Slide|p1b: Milotic|[spread] p1a,p1b
|-resisted|p1a: Excadrill|2
|-damage|p1a: Excadrill|87/100
|-damage|p1b: Milotic|1/100 par
|move|p1b: Milotic|Scald|p2b: Mawile
|-damage|p2b: Mawile|0 fnt
|faint|p2b: Mawile
|
|win|mikelpoyarzabal
|raw|mikelpoyarzabal's rating: 1354 → 1369(+15 for winning)
|raw|guillelona's rating: 1272 → 1253(-19 for losing)
|l|☆mikelpoyarzabal
|player|p1|
