|j|☆AlmaMarcelaRicoVGC
|j|☆ferchoxx
|html|AlmaMarcelaRicoVGCferchoxx    
|uhtml|bestof|Game 1 of a best-of-3
|t:|1785805963
|gametype|doubles
|player|p1|AlmaMarcelaRicoVGC|2|1391
|player|p2|ferchoxx|ghetsis|1329
|gen|9
|tier|[Gen 9 Champions] VGC 2026 Reg M-B (Bo3)
|rated|
|rule|Species Clause: Limit one of each Pokémon
|rule|Item Clause: Limit 1 of each item
|clearpoke
|poke|p1|Staraptor, L50, F|
|poke|p1|Raichu, L50, M|
|poke|p1|Farigiraf, L50, F|
|poke|p1|Sylveon, L50, M|
|poke|p1|Kingambit, L50, F, shiny|
|poke|p1|Arcanine-Hisui, L50, M|
|poke|p2|Tyranitar, L50, F|
|poke|p2|Staraptor, L50, M|
|poke|p2|Excadrill, L50, F|
|poke|p2|Gholdengo, L50|
|poke|p2|Milotic, L50, F|
|poke|p2|Sinistcha, L50|
|teampreview|4
|showteam|p1|Staraptor||Staraptite|Intimidate|CloseCombat,DualWingbeat,Protect,Tailwind|Jolly||F|||50|]Raichu||RaichuniteY|LightningRod|ZapCannon,FocusBlast,FakeOut,Charm|Timid||M|||50|]Farigiraf||SitrusBerry|ArmorTail|Psychic,TrickRoom,HelpingHand,Protect|Calm||F|||50|]Sylveon||FairyFeather|Pixilate|HyperVoice,HyperBeam,QuickAttack,Detect|Modest||M|||50|]Kingambit||LifeOrb|Defiant|KowtowCleave,SuckerPunch,SwordsDance,Protect|Adamant||F|||50|]Arcanine-Hisui||FocusSash|RockHead|HeadSmash,FlareBlitz,Protect,ExtremeSpeed|Jolly||M|||50|
|showteam|p2|Tyranitar||Tyranitarite|SandStream|RockSlide,KnockOff,HighHorsepower,Protect|Adamant||F|||50|]Staraptor||Staraptite|Intimidate|BraveBird,CloseCombat,Tailwind,Protect|Jolly||M|||50|]Excadrill||FocusSash|SandRush|HighHorsepower,IronHead,RockSlide,Protect|Jolly||F|||50|]Gholdengo||LifeOrb|GoodasGold|MakeItRain,ShadowBall,NastyPlot,Protect|Timid|||||50|]Milotic||SitrusBerry|Competitive|Protect,IceBeam,Scald,IcyWind|Bold||F|||50|]Sinistcha||ColburBerry|Hospitality|MatchaGotcha,RagePowder,TrickRoom,Protect|Bold|||||50|
|inactive|Battle timer is ON: inactive players will automatically lose when time's up. (requested by ferchoxx)
|c|☆ferchoxx|ban a tu nombre
|inactive|ferchoxx has 60 seconds left.
|inactive|ferchoxx has 30 seconds left.
|inactive|ferchoxx has 20 seconds left.
|
|t:|1785806063
|teamsize|p1|4
|teamsize|p2|4
|start
|switch|p1a: Kingambit|Kingambit, L50, F, shiny|100/100
|switch|p1b: Raichu|Raichu, L50, M|100/100
|switch|p2a: Tyranitar|Tyranitar, L50, F|100/100
|switch|p2b: Excadrill|Excadrill, L50, F|100/100
|-weather|Sandstorm|[from] ability: Sand Stream|[of] p2a: Tyranitar
|turn|1
|inactive|AlmaMarcelaRicoVGC has 30 seconds left.
|inactive|ferchoxx has 30 seconds left.
|inactive|ferchoxx has 20 seconds left.
|inactive|ferchoxx has 15 seconds left.
|inactive|ferchoxx has 10 seconds left.
|
|t:|1785806110
|switch|p1b: Staraptor|Staraptor, L50, F|100/100
|-ability|p1b: Staraptor|Intimidate|boost
|-unboost|p2a: Tyranitar|atk|1
|-unboost|p2b: Excadrill|atk|1
|switch|p2a: Sinistcha|Sinistcha, L50|100/100
|move|p2b: Excadrill|Protect|p2b: Excadrill
|-singleturn|p2b: Excadrill|Protect
|move|p1a: Kingambit|Protect||[still]
|-fail|p1a: Kingambit
|
|-weather|Sandstorm|[upkeep]
|-damage|p1b: Staraptor|94/100|[from] Sandstorm
|-damage|p2a: Sinistcha|94/100|[from] Sandstorm
|upkeep
|turn|2
|
|t:|1785806134
|detailschange|p1b: Staraptor|Staraptor-Mega, L50, F
|-mega|p1b: Staraptor|Staraptor|Staraptite
|move|p2a: Sinistcha|Rage Powder|p2a: Sinistcha
|-singleturn|p2a: Sinistcha|move: Rage Powder
|move|p2b: Excadrill|High Horsepower|p1a: Kingambit
|-supereffective|p1a: Kingambit|1
|-damage|p1a: Kingambit|46/100
|move|p1b: Staraptor|Dual Wingbeat|p2a: Sinistcha
|-supereffective|p2a: Sinistcha|1
|-damage|p2a: Sinistcha|64/100
|-supereffective|p2a: Sinistcha|1
|-damage|p2a: Sinistcha|33/100
|-hitcount|p2a: Sinistcha|2
|move|p1a: Kingambit|Kowtow Cleave|p2a: Sinistcha
|-supereffective|p2a: Sinistcha|1
|-enditem|p2a: Sinistcha|Colbur Berry|[eat]
|-enditem|p2a: Sinistcha|Colbur Berry|[weaken]
|-damage|p2a: Sinistcha|0 fnt
|faint|p2a: Sinistcha
|-damage|p1a: Kingambit|37/100|[from] item: Life Orb
|
|-weather|Sandstorm|[upkeep]
|-damage|p1b: Staraptor|88/100|[from] Sandstorm
|upkeep
|
|t:|1785806152
|switch|p2a: Gholdengo|Gholdengo, L50|100/100
|turn|3
|inactive|AlmaMarcelaRicoVGC has 30 seconds left.
|
|t:|1785806182
|switch|p1a: Sylveon|Sylveon, L50, M|100/100
|move|p2b: Excadrill|Iron Head|p1b: Staraptor
|-damage|p1b: Staraptor|62/100
|move|p1b: Staraptor|Close Combat|p2b: Excadrill
|-supereffective|p2b: Excadrill|1
|-enditem|p2b: Excadrill|Focus Sash
|-damage|p2b: Excadrill|1/100
|-boost|p1b: Staraptor|def|1
|-boost|p1b: Staraptor|spd|1
|move|p2a: Gholdengo|Nasty Plot|p2a: Gholdengo
|-boost|p2a: Gholdengo|spa|2
|
|-weather|Sandstorm|[upkeep]
|-damage|p1b: Staraptor|57/100|[from] Sandstorm
|-damage|p1a: Sylveon|93/100|[from] Sandstorm
|upkeep
|turn|4
|inactive|AlmaMarcelaRicoVGC has 30 seconds left.
|
|t:|1785806208
|move|p2b: Excadrill|Protect|p2b: Excadrill
|-singleturn|p2b: Excadrill|Protect
|move|p1a: Sylveon|Detect|p1a: Sylveon
|-singleturn|p1a: Sylveon|Protect
|move|p1b: Staraptor|Tailwind|p1b: Staraptor
|-sidestart|p1: AlmaMarcelaRicoVGC|move: Tailwind
|move|p2a: Gholdengo|Make It Rain|p1a: Sylveon|[spread] p1b
|-activate|p1a: Sylveon|move: Protect
|-damage|p1b: Staraptor|0 fnt
|-unboost|p2a: Gholdengo|spa|2
|faint|p1b: Staraptor
|-damage|p2a: Gholdengo|90/100|[from] item: Life Orb
|
|-weather|Sandstorm|[upkeep]
|-damage|p1a: Sylveon|87/100|[from] Sandstorm
|upkeep
|
|t:|1785806217
|switch|p1b: Kingambit|Kingambit, L50, F, shiny|37/100
|turn|5
|
|t:|1785806236
|move|p1a: Sylveon|Quick Attack|p2b: Excadrill
|-resisted|p2b: Excadrill|1
|-damage|p2b: Excadrill|0 fnt
|faint|p2b: Excadrill
|move|p2a: Gholdengo|Make It Rain|p1a: Sylveon|[spread] p1a,p1b
|-supereffective|p1a: Sylveon|1
|-resisted|p1b: Kingambit|1
|-crit|p1b: Kingambit
|-damage|p1a: Sylveon|1/100
|-damage|p1b: Kingambit|0 fnt
|-unboost|p2a: Gholdengo|spa|2
|faint|p1b: Kingambit
|-damage|p2a: Gholdengo|81/100|[from] item: Life Orb
|
|-weather|none
|upkeep
|
|t:|1785806248
|switch|p2b: Tyranitar|Tyranitar, L50, F|100/100
|switch|p1b: Raichu|Raichu, L50, M|100/100
|-weather|Sandstorm|[from] ability: Sand Stream|[of] p2b: Tyranitar
|turn|6
|
|t:|1785806264
|move|p2a: Gholdengo|Protect|p2a: Gholdengo
|-singleturn|p2a: Gholdengo|Protect
|move|p2b: Tyranitar|Protect|p2b: Tyranitar
|-singleturn|p2b: Tyranitar|Protect
|move|p1b: Raichu|Focus Blast|p2b: Tyranitar
|-activate|p2b: Tyranitar|move: Protect
|move|p1a: Sylveon|Hyper Beam|p2a: Gholdengo
|-activate|p2a: Gholdengo|move: Protect
|
|-weather|Sandstorm|[upkeep]
|-damage|p1b: Raichu|93/100|[from] Sandstorm
|-damage|p1a: Sylveon|0 fnt|[from] Sandstorm
|faint|p1a: Sylveon
|upkeep
|turn|7
|
|t:|1785806286
|detailschange|p2b: Tyranitar|Tyranitar-Mega, L50, F
|-mega|p2b: Tyranitar|Tyranitar|Tyranitarite
|move|p1b: Raichu|Focus Blast|p2b: Tyranitar
|-supereffective|p2b: Tyranitar|2
|-damage|p2b: Tyranitar|43/100
|move|p2a: Gholdengo|Nasty Plot|p2a: Gholdengo
|-boost|p2a: Gholdengo|spa|2
|move|p2b: Tyranitar|High Horsepower|p1b: Raichu
|-supereffective|p1b: Raichu|1
|-damage|p1b: Raichu|0 fnt
|faint|p1b: Raichu
|
|win|ferchoxx
||AlmaMarcelaRicoVGC is ready for game 2.
|inactive|ferchoxx has 30 seconds to confirm battle start!
