|j|☆Paco Amores
|j|☆BattleBlazikenVGC
|html|Paco AmoresBattleBlazikenVGC    
|uhtml|bestof|Game 1 of a best-of-3
|t:|1783059738
|gametype|doubles
|player|p1|Paco Amores|101|1113
|player|p2|BattleBlazikenVGC|volkner|1055
|gen|9
|tier|[Gen 9 Champions] VGC 2026 Reg M-B (Bo3)
|rated|
|rule|Species Clause: Limit one of each Pokémon
|rule|Item Clause: Limit 1 of each item
|clearpoke
|poke|p1|Sylveon, L50, F|
|poke|p1|Incineroar, L50, M|
|poke|p1|Aerodactyl, L50, M|
|poke|p1|Charizard, L50, F|
|poke|p1|Metagross, L50|
|poke|p1|Garchomp, L50, F|
|poke|p2|Milotic, L50, M|
|poke|p2|Incineroar, L50, F|
|poke|p2|Sinistcha, L50, shiny|
|poke|p2|Blaziken, L50, M|
|poke|p2|Ninetales-Alola, L50, F|
|poke|p2|Raichu, L50, F|
|teampreview|4
|showteam|p1|Sylveon||FairyFeather|Pixilate|HyperBeam,HyperVoice,Detect,QuickAttack|Modest||F|||50|]Incineroar||SitrusBerry|Intimidate|FakeOut,PartingShot,FlareBlitz,ThroatChop|Careful||M|||50|]Aerodactyl||FocusSash|Unnerve|Tailwind,RockSlide,DualWingbeat,Protect|Jolly||M|||50|]Charizard||CharizarditeY|SolarPower|Protect,WeatherBall,SolarBeam,HeatWave|Modest||F|||50|]Metagross||Metagrossite|ClearBody|BulletPunch,PsychicFangs,BodyPress,Protect|Adamant|||||50|]Garchomp||LifeOrb|RoughSkin|Protect,RockSlide,Earthquake,DragonClaw|Jolly||F|||50|
|showteam|p2|Milotic||Leftovers|Competitive|MuddyWater,Coil,Recover,Hypnosis|Modest||M|||50|]Incineroar||SitrusBerry|Intimidate|FakeOut,ThroatChop,FlareBlitz,PartingShot|Careful||F|||50|]Sinistcha||OccaBerry|Hospitality|MatchaGotcha,Protect,RagePowder,TrickRoom|Quiet|||||50|]Blaziken||Blazikenite|SpeedBoost|FlareBlitz,CloseCombat,RockSlide,Protect|Jolly||M|||50|]Ninetales-Alola||LightClay|SnowWarning|FreezeDry,Blizzard,AuroraVeil,Protect|Timid||F|||50|]Raichu||RaichuniteY|LightningRod|FakeOut,FocusBlast,ZapCannon,Protect|Timid||F|||50|
|
|t:|1783059821
|teamsize|p1|4
|teamsize|p2|4
|start
|switch|p1a: Aerodactyl|Aerodactyl, L50, M|100/100
|switch|p1b: Garchomp|Garchomp, L50, F|100/100
|switch|p2a: Incineroar|Incineroar, L50, F|100/100
|switch|p2b: Raichu|Raichu, L50, F|100/100
|-ability|p1a: Aerodactyl|Unnerve
|-ability|p2a: Incineroar|Intimidate|boost
|-unboost|p1a: Aerodactyl|atk|1
|-unboost|p1b: Garchomp|atk|1
|turn|1
|
|t:|1783059841
|switch|p2b: Milotic|Milotic, L50, M|100/100
|move|p1a: Aerodactyl|Protect|p1a: Aerodactyl
|-singleturn|p1a: Aerodactyl|Protect
|move|p1b: Garchomp|Protect|p1b: Garchomp
|-singleturn|p1b: Garchomp|Protect
|move|p2a: Incineroar|Parting Shot|p1b: Garchomp
|-activate|p1b: Garchomp|move: Protect
|
|upkeep
|turn|2
|
|t:|1783059855
|move|p1a: Aerodactyl|Tailwind|p1a: Aerodactyl
|-sidestart|p1: Paco Amores|move: Tailwind
|move|p1b: Garchomp|Earthquake|p2b: Milotic|[spread] p2a,p2b
|-immune|p1a: Aerodactyl
|-supereffective|p2a: Incineroar|1
|-damage|p2a: Incineroar|44/100
|-damage|p2b: Milotic|65/100
|-damage|p1b: Garchomp|90/100|[from] item: Life Orb
|move|p2b: Milotic|Muddy Water|p1b: Garchomp|[spread] p1a,p1b
|-supereffective|p1a: Aerodactyl|1
|-damage|p1a: Aerodactyl|31/100
|-damage|p1b: Garchomp|63/100
|-unboost|p1a: Aerodactyl|accuracy|1
|move|p2a: Incineroar|Throat Chop|p1a: Aerodactyl
|-damage|p1a: Aerodactyl|0 fnt
|-enditem|p2a: Incineroar|Sitrus Berry|[eat]
|-heal|p2a: Incineroar|69/100|[from] item: Sitrus Berry
|faint|p1a: Aerodactyl
|
|-heal|p2b: Milotic|71/100|[from] item: Leftovers
|upkeep
|
|t:|1783059873
|switch|p1a: Charizard|Charizard, L50, F|100/100
|turn|3
|
|t:|1783059887
|switch|p2a: Sinistcha|Sinistcha, L50, shiny|100/100
|-heal|p2b: Milotic|96/100|[from] ability: Hospitality|[of] p2a: Sinistcha
|detailschange|p1a: Charizard|Charizard-Mega-Y, L50, F
|-mega|p1a: Charizard|Charizard|Charizardite Y
|-weather|SunnyDay|[from] ability: Drought|[of] p1a: Charizard
|move|p1b: Garchomp|Earthquake|p2a: Sinistcha|[spread] p2a,p2b
|-immune|p1a: Charizard
|-resisted|p2a: Sinistcha|1
|-damage|p2a: Sinistcha|85/100
|-damage|p2b: Milotic|61/100
|-damage|p1b: Garchomp|53/100|[from] item: Life Orb
|move|p1a: Charizard|Solar Beam||[still]
|-prepare|p1a: Charizard|Solar Beam
|-anim|p1a: Charizard|Solar Beam|p2b: Milotic
|-supereffective|p2b: Milotic|1
|-damage|p2b: Milotic|1/100
|move|p2b: Milotic|Recover|p2b: Milotic
|-heal|p2b: Milotic|51/100
|
|-weather|SunnyDay|[upkeep]
|-heal|p2b: Milotic|57/100|[from] item: Leftovers
|upkeep
|turn|4
|
|t:|1783059916
|switch|p2b: Incineroar|Incineroar, L50, F|69/100
|-ability|p2b: Incineroar|Intimidate|boost
|-unboost|p1a: Charizard|atk|1
|-unboost|p1b: Garchomp|atk|1
|move|p2a: Sinistcha|Protect|p2a: Sinistcha
|-singleturn|p2a: Sinistcha|Protect
|move|p1b: Garchomp|Rock Slide|p2a: Sinistcha|[spread] p2b
|-activate|p2a: Sinistcha|move: Protect
|-supereffective|p2b: Incineroar|1
|-crit|p2b: Incineroar
|-damage|p2b: Incineroar|7/100
|-damage|p1b: Garchomp|43/100|[from] item: Life Orb
|move|p1a: Charizard|Heat Wave|p2a: Sinistcha|[spread] p2b
|-activate|p2a: Sinistcha|move: Protect
|-resisted|p2b: Incineroar|1
|-damage|p2b: Incineroar|0 fnt
|faint|p2b: Incineroar
|
|-weather|SunnyDay|[upkeep]
|upkeep
|
|t:|1783059929
|switch|p2b: Raichu|Raichu, L50, F|100/100
|turn|5
|
|t:|1783059940
|detailschange|p2b: Raichu|Raichu-Mega-Y, L50, F
|-mega|p2b: Raichu|Raichu|Raichunite Y
|move|p2b: Raichu|Fake Out|p1a: Charizard
|-damage|p1a: Charizard|90/100
|move|p1b: Garchomp|Earthquake|p2b: Raichu|[spread] p2a,p2b
|-immune|p1a: Charizard
|-resisted|p2a: Sinistcha|1
|-supereffective|p2b: Raichu|1
|-damage|p2a: Sinistcha|73/100
|-damage|p2b: Raichu|19/100
|-damage|p1b: Garchomp|33/100|[from] item: Life Orb
|cant|p1a: Charizard|flinch
|move|p2a: Sinistcha|Trick Room|p2a: Sinistcha
|-fieldstart|move: Trick Room|[of] p2a: Sinistcha
|
|-weather|SunnyDay|[upkeep]
|-sideend|p1: Paco Amores|move: Tailwind
|upkeep
|turn|6
|
|t:|1783059955
|switch|p1a: Incineroar|Incineroar, L50, M|100/100
|-ability|p1a: Incineroar|Intimidate|boost
|-unboost|p2a: Sinistcha|atk|1
|-unboost|p2b: Raichu|atk|1
|move|p2a: Sinistcha|Protect|p2a: Sinistcha
|-singleturn|p2a: Sinistcha|Protect
|move|p1b: Garchomp|Earthquake|p2b: Raichu|[spread] p1a,p2b
|-activate|p2a: Sinistcha|move: Protect
|-supereffective|p1a: Incineroar|1
|-supereffective|p2b: Raichu|1
|-damage|p1a: Incineroar|56/100
|-damage|p2b: Raichu|0 fnt
|faint|p2b: Raichu
|-damage|p1b: Garchomp|24/100|[from] item: Life Orb
|
|-weather|SunnyDay|[upkeep]
|upkeep
|
|t:|1783059963
|switch|p2b: Milotic|Milotic, L50, M|57/100
|turn|7
|
|t:|1783060002
|move|p2a: Sinistcha|Matcha Gotcha|p1a: Incineroar|[spread] p1a
|-miss|p2a: Sinistcha|p1b: Garchomp
|-resisted|p1a: Incineroar|1
|-damage|p1a: Incineroar|46/100
|-heal|p2a: Sinistcha|79/100|[from] drain|[of] p1a: Incineroar
|-enditem|p1a: Incineroar|Sitrus Berry|[eat]
|-heal|p1a: Incineroar|70/100|[from] item: Sitrus Berry
|move|p1a: Incineroar|Flare Blitz|p2a: Sinistcha
|-supereffective|p2a: Sinistcha|1
|-enditem|p2a: Sinistcha|Occa Berry|[eat]
|-enditem|p2a: Sinistcha|Occa Berry|[weaken]
|-damage|p2a: Sinistcha|11/100
|-damage|p1a: Incineroar|50/100g|[from] Recoil
|move|p2b: Milotic|Recover|p2b: Milotic
|-heal|p2b: Milotic|100/100
|move|p1b: Garchomp|Dragon Claw|p2a: Sinistcha
|-damage|p2a: Sinistcha|0 fnt
|faint|p2a: Sinistcha
|-damage|p1b: Garchomp|14/100|[from] item: Life Orb
|
|-weather|none
|upkeep
|turn|8
|
|t:|1783060034
|switch|p1b: Charizard|Charizard-Mega-Y, L50, F|90/100
|-weather|SunnyDay|[from] ability: Drought|[of] p1b: Charizard
|move|p1a: Incineroar|Parting Shot|p2b: Milotic
|-unboost|p2b: Milotic|atk|1
|-ability|p2b: Milotic|Competitive|boost
|-boost|p2b: Milotic|spa|2
|-unboost|p2b: Milotic|spa|1
|-ability|p2b: Milotic|Competitive|boost
|-boost|p2b: Milotic|spa|2
|
|t:|1783060041
|switch|p1a: Garchomp|Garchomp, L50, F|14/100|[from] Parting Shot
|move|p2b: Milotic|Muddy Water|p1a: Garchomp|[spread] p1a,p1b
|-supereffective|p1b: Charizard|1
|-damage|p1a: Garchomp|0 fnt
|-damage|p1b: Charizard|30/100
|faint|p1a: Garchomp
|
|-weather|SunnyDay|[upkeep]
|upkeep
|
|t:|1783060043
|switch|p1a: Incineroar|Incineroar, L50, M|50/100g
|-ability|p1a: Incineroar|Intimidate|boost
|-unboost|p2b: Milotic|atk|1
|-ability|p2b: Milotic|Competitive|boost
|-boost|p2b: Milotic|spa|2
|turn|9
|
|t:|1783060059
|move|p1a: Incineroar|Fake Out|p2b: Milotic
|-damage|p2b: Milotic|88/100
|cant|p2b: Milotic|flinch
|move|p1b: Charizard|Solar Beam||[still]
|-prepare|p1b: Charizard|Solar Beam
|-anim|p1b: Charizard|Solar Beam|p2b: Milotic
|-supereffective|p2b: Milotic|1
|-damage|p2b: Milotic|29/100
|
|-weather|SunnyDay|[upkeep]
|-heal|p2b: Milotic|35/100|[from] item: Leftovers
|-fieldend|move: Trick Room
|upkeep
|turn|10
|
|t:|1783060075
|move|p1b: Charizard|Solar Beam||[still]
|-prepare|p1b: Charizard|Solar Beam
|-anim|p1b: Charizard|Solar Beam|p2b: Milotic
|-supereffective|p2b: Milotic|1
|-damage|p2b: Milotic|0 fnt
|faint|p2b: Milotic
|
|win|Paco Amores
||BattleBlazikenVGC is ready for game 2.
