|j|☆tomnumbers
|j|☆sergio23perez
|html|tomnumberssergio23perez    
|uhtml|bestof|Game 1 of a best-of-3
|t:|1756192940
|gametype|doubles
|player|p1|tomnumbers|gambler|1188
|player|p2|sergio23perez|2|1187
|gen|9
|tier|[Gen 9] VGC 2025 Reg H (Bo3)
|rated|
|rule|Species Clause: Limit one of each Pokémon
|rule|Item Clause: Limit 1 of each item
|clearpoke
|poke|p1|Incineroar, L50, F|
|poke|p1|Ursaluna-Bloodmoon, L50, M|
|poke|p1|Sneasler, L50, F|
|poke|p1|Gholdengo, L50|
|poke|p1|Dragonite, L50, M|
|poke|p1|Amoonguss, L50, F|
|poke|p2|Jumpluff, L50, M|
|poke|p2|Charizard, L50, F|
|poke|p2|Porygon2, L50|
|poke|p2|Torkoal, L50, F|
|poke|p2|Incineroar, L50, M|
|poke|p2|Ursaluna, L50, M|
|teampreview|4
|showteam|p1|Incineroar||SafetyGoggles|Intimidate|FlareBlitz,KnockOff,PartingShot,FakeOut|||F|||50|,,,,,Ghost]Ursaluna-Bloodmoon||AssaultVest|MindsEye|HyperVoice,BloodMoon,EarthPower,VacuumWave|||M|||50|,,,,,Water]Sneasler||FocusSash|Unburden|DireClaw,CloseCombat,ThroatChop,Protect|||F|||50|,,,,,Stellar]Gholdengo||LifeOrb|GoodasGold|MakeItRain,ShadowBall,NastyPlot,Protect||||||50|,,,,,Water]Dragonite||LoadedDice|Multiscale|ScaleShot,Tailwind,Haze,Protect|||M|||50|,,,,,Fairy]Amoonguss||SitrusBerry|Regenerator|Spore,RagePowder,PollenPuff,Protect|||F|||50|,,,,,Fire
|showteam|p2|Jumpluff||CovertCloak|Chlorophyll|SleepPowder,SunnyDay,Tailwind,RagePowder|||M|||50|,,,,,Water]Charizard||ChoiceSpecs|SolarPower|AirSlash,HeatWave,Overheat,WeatherBall|||F|||50|,,,,,Ghost]Porygon2||Eviolite|Download|TeraBlast,IceBeam,Recover,TrickRoom||||||50|,,,,,Fighting]Torkoal||EjectPack|Drought|HelpingHand,Eruption,Overheat,Protect|||F|||50|,,,,,Fire]Incineroar||SafetyGoggles|Intimidate|FakeOut,PartingShot,FlareBlitz,KnockOff|||M|||50|,,,,,Ghost]Ursaluna||FlameOrb|Guts|HeadlongRush,Facade,Earthquake,Protect|||M|||50|,,,,,Ghost
|inactive|Battle timer is ON: inactive players will automatically lose when time's up. (requested by tomnumbers)
|inactive|tomnumbers has 60 seconds left.
|
|t:|1756192998
|teamsize|p1|4
|teamsize|p2|4
|start
|switch|p1a: Dragonite|Dragonite, L50, M|100/100
|switch|p1b: Ursaluna|Ursaluna-Bloodmoon, L50, M|100/100
|switch|p2a: Porygon2|Porygon2, L50|100/100
|switch|p2b: Incineroar|Incineroar, L50, M|100/100
|-ability|p2b: Incineroar|Intimidate|boost
|-unboost|p1a: Dragonite|atk|1
|-unboost|p1b: Ursaluna|atk|1
|-ability|p2a: Porygon2|Download|boost
|-boost|p2a: Porygon2|spa|1
|turn|1
|
|t:|1756193024
|move|p2b: Incineroar|Fake Out|p1b: Ursaluna
|-damage|p1b: Ursaluna|92/100
|move|p1a: Dragonite|Haze|p1a: Dragonite
|-clearallboost
|cant|p1b: Ursaluna|flinch
|move|p2a: Porygon2|Trick Room|p2a: Porygon2
|-fieldstart|move: Trick Room|[of] p2a: Porygon2
|
|upkeep
|turn|2
|
|t:|1756193045
|switch|p1a: Incineroar|Incineroar, L50, F|100/100
|-ability|p1a: Incineroar|Intimidate|boost
|-unboost|p2a: Porygon2|atk|1
|-unboost|p2b: Incineroar|atk|1
|-terastallize|p1b: Ursaluna|Water
|move|p2a: Porygon2|Ice Beam|p1a: Incineroar
|-resisted|p1a: Incineroar
|-damage|p1a: Incineroar|90/100
|move|p2b: Incineroar|Parting Shot|p1b: Ursaluna
|-unboost|p1b: Ursaluna|atk|1
|-unboost|p1b: Ursaluna|spa|1
|
|t:|1756193056
|switch|p2b: Ursaluna|Ursaluna, L50, M|100/100|[from] Parting Shot
|move|p1b: Ursaluna|Blood Moon|p2a: Porygon2
|-damage|p2a: Porygon2|71/100
|
|-status|p2b: Ursaluna|brn|[from] item: Flame Orb
|upkeep
|turn|3
|inactive|tomnumbers has 30 seconds left.
|inactive|tomnumbers has 20 seconds left.
|
|t:|1756193093
|switch|p2a: Incineroar|Incineroar, L50, M|100/100
|-ability|p2a: Incineroar|Intimidate|boost
|-unboost|p1a: Incineroar|atk|1
|-unboost|p1b: Ursaluna|atk|1
|switch|p1b: Sneasler|Sneasler, L50, F|100/100
|move|p2b: Ursaluna|Protect|p2b: Ursaluna
|-singleturn|p2b: Ursaluna|Protect
|move|p1a: Incineroar|Fake Out|p2b: Ursaluna
|-activate|p2b: Ursaluna|move: Protect
|
|-damage|p2b: Ursaluna|94/100 brn|[from] brn
|upkeep
|turn|4
|
|t:|1756193114
|switch|p1a: Dragonite|Dragonite, L50, M|100/100
|move|p1b: Sneasler|Protect|p1b: Sneasler
|-singleturn|p1b: Sneasler|Protect
|move|p2a: Incineroar|Fake Out|p1b: Sneasler
|-activate|p1b: Sneasler|move: Protect
|move|p2b: Ursaluna|Facade|p1a: Dragonite
|-damage|p1a: Dragonite|36/100
|
|-damage|p2b: Ursaluna|88/100 brn|[from] brn
|upkeep
|turn|5
|l|☆sergio23perez
|inactive|sergio23perez disconnected and has a minute to reconnect!
|player|p2|
|inactive|sergio23perez has 30 seconds left.
|inactive|tomnumbers has 30 seconds left.
|inactive|sergio23perez has 20 seconds left.
|j|☆sergio23perez
|inactive|sergio23perez reconnected and has 20 seconds left.
|player|p2|sergio23perez|2|
|inactive|sergio23perez has 15 seconds left.
|inactive|sergio23perez has 10 seconds left.
|
|t:|1756193164
|switch|p1b: Incineroar|Incineroar, L50, F|90/100
|-ability|p1b: Incineroar|Intimidate|boost
|-unboost|p2a: Incineroar|atk|1
|-unboost|p2b: Ursaluna|atk|1
|-terastallize|p2b: Ursaluna|Ghost
|move|p1a: Dragonite|Protect|p1a: Dragonite
|-singleturn|p1a: Dragonite|Protect
|move|p2a: Incineroar|Parting Shot|p1b: Incineroar
|-unboost|p1b: Incineroar|atk|1
|-unboost|p1b: Incineroar|spa|1
|
|t:|1756193170
|switch|p2a: Porygon2|Porygon2, L50|71/100|[from] Parting Shot
|-ability|p2a: Porygon2|Download|boost
|-boost|p2a: Porygon2|atk|1
|move|p2b: Ursaluna|Facade|p1a: Dragonite
|-activate|p1a: Dragonite|move: Protect
|
|-damage|p2b: Ursaluna|82/100 brn|[from] brn
|-fieldend|move: Trick Room
|upkeep
|turn|6
|
|t:|1756193193
|move|p1a: Dragonite|Scale Shot|p2a: Porygon2
|-damage|p2a: Porygon2|62/100
|-damage|p2a: Porygon2|53/100
|-damage|p2a: Porygon2|44/100
|-damage|p2a: Porygon2|35/100
|-hitcount|p2a: Porygon2|4
|-unboost|p1a: Dragonite|def|1
|-boost|p1a: Dragonite|spe|1
|move|p2b: Ursaluna|Facade|p1a: Dragonite
|-damage|p1a: Dragonite|0 fnt
|faint|p1a: Dragonite
|move|p1b: Incineroar|Knock Off|p2a: Porygon2
|-damage|p2a: Porygon2|15/100
|-enditem|p2a: Porygon2|Eviolite|[from] move: Knock Off|[of] p1b: Incineroar
|move|p2a: Porygon2|Trick Room|p2a: Porygon2
|-fieldstart|move: Trick Room|[of] p2a: Porygon2
|
|-damage|p2b: Ursaluna|76/100 brn|[from] brn
|upkeep
|
|t:|1756193198
|switch|p1a: Ursaluna|Ursaluna-Bloodmoon, L50, M, tera:Water|92/100
|turn|7
|
|t:|1756193220
|switch|p2a: Incineroar|Incineroar, L50, M|100/100
|-ability|p2a: Incineroar|Intimidate|boost
|-unboost|p1a: Ursaluna|atk|1
|-unboost|p1b: Incineroar|atk|1
|move|p2b: Ursaluna|Protect|p2b: Ursaluna
|-singleturn|p2b: Ursaluna|Protect
|move|p1a: Ursaluna|Vacuum Wave|p2a: Incineroar
|-supereffective|p2a: Incineroar
|-damage|p2a: Incineroar|74/100
|move|p1b: Incineroar|Knock Off|p2b: Ursaluna
|-activate|p2b: Ursaluna|move: Protect
|
|-damage|p2b: Ursaluna|70/100 brn|[from] brn
|upkeep
|turn|8
|
|t:|1756193235
|move|p2a: Incineroar|Fake Out|p1a: Ursaluna
|-damage|p1a: Ursaluna|85/100
|cant|p1a: Ursaluna|flinch
|move|p1b: Incineroar|Knock Off|p2b: Ursaluna
|-supereffective|p2b: Ursaluna
|-damage|p2b: Ursaluna|34/100 brn
|-enditem|p2b: Ursaluna|Flame Orb|[from] move: Knock Off|[of] p1b: Incineroar
|move|p2b: Ursaluna|Facade|p1a: Ursaluna
|-damage|p1a: Ursaluna|24/100
|
|-damage|p2b: Ursaluna|28/100 brn|[from] brn
|upkeep
|turn|9
|
|t:|1756193253
|move|p2b: Ursaluna|Protect|p2b: Ursaluna
|-singleturn|p2b: Ursaluna|Protect
|move|p2a: Incineroar|Knock Off|p1a: Ursaluna
|-damage|p1a: Ursaluna|0 fnt
|-enditem|p1a: Ursaluna|Assault Vest|[from] move: Knock Off|[of] p2a: Incineroar
|faint|p1a: Ursaluna
|move|p1b: Incineroar|Parting Shot|p2a: Incineroar
|-unboost|p2a: Incineroar|atk|1
|-unboost|p2a: Incineroar|spa|1
|
|t:|1756193257
|switch|p1b: Sneasler|Sneasler, L50, F|100/100|[from] Parting Shot
|
|-damage|p2b: Ursaluna|22/100 brn|[from] brn
|upkeep
|
|t:|1756193259
|switch|p1a: Incineroar|Incineroar, L50, F|90/100
|-ability|p1a: Incineroar|Intimidate|boost
|-unboost|p2a: Incineroar|atk|1
|-unboost|p2b: Ursaluna|atk|1
|turn|10
|
|t:|1756193273
|move|p1b: Sneasler|Protect|p1b: Sneasler
|-singleturn|p1b: Sneasler|Protect
|move|p2a: Incineroar|Parting Shot|p1a: Incineroar
|-unboost|p1a: Incineroar|atk|1
|-unboost|p1a: Incineroar|spa|1
|
|t:|1756193278
|switch|p2a: Porygon2|Porygon2, L50|15/100|[from] Parting Shot
|-ability|p2a: Porygon2|Download|boost
|-boost|p2a: Porygon2|atk|1
|move|p1a: Incineroar|Knock Off|p2b: Ursaluna
|-supereffective|p2b: Ursaluna
|-damage|p2b: Ursaluna|0 fnt
|faint|p2b: Ursaluna
|
|-fieldend|move: Trick Room
|upkeep
|
|t:|1756193285
|switch|p2b: Incineroar|Incineroar, L50, M|74/100
|-ability|p2b: Incineroar|Intimidate|boost
|-unboost|p1a: Incineroar|atk|1
|-unboost|p1b: Sneasler|atk|1
|turn|11
|
|t:|1756193305
|move|p2b: Incineroar|Fake Out|p1b: Sneasler
|-damage|p1b: Sneasler|84/100
|cant|p1b: Sneasler|flinch
|move|p1a: Incineroar|Flare Blitz|p2a: Porygon2
|-damage|p2a: Porygon2|0 fnt
|faint|p2a: Porygon2
|-damage|p1a: Incineroar|85/100|[from] Recoil
|
|upkeep
|
|t:|1756193312
|switch|p2a: Torkoal|Torkoal, L50, F|100/100
|-weather|SunnyDay|[from] ability: Drought|[of] p2a: Torkoal
|turn|12
|inactive|tomnumbers has 30 seconds left.
|
|t:|1756193343
|move|p1b: Sneasler|Close Combat|p2b: Incineroar
|-supereffective|p2b: Incineroar
|-damage|p2b: Incineroar|13/100
|-unboost|p1b: Sneasler|def|1
|-unboost|p1b: Sneasler|spd|1
|move|p1a: Incineroar|Knock Off|p2a: Torkoal
|-damage|p2a: Torkoal|85/100
|-enditem|p2a: Torkoal|Eject Pack|[from] move: Knock Off|[of] p1a: Incineroar
|move|p2b: Incineroar|Flare Blitz|p1b: Sneasler
|-damage|p1b: Sneasler|0 fnt
|faint|p1b: Sneasler
|-damage|p2b: Incineroar|0 fnt|[from] Recoil
|faint|p2b: Incineroar
|move|p2a: Torkoal|Eruption|p1a: Incineroar
|-resisted|p1a: Incineroar
|-damage|p1a: Incineroar|49/100
|
|-weather|SunnyDay|[upkeep]
|upkeep
|turn|13
|
|t:|1756193361
|move|p1a: Incineroar|Flare Blitz|p2a: Torkoal
|-resisted|p2a: Torkoal
|-damage|p2a: Torkoal|69/100
|-damage|p1a: Incineroar|45/100|[from] Recoil
|move|p2a: Torkoal|Eruption|p1a: Incineroar
|-resisted|p1a: Incineroar
|-damage|p1a: Incineroar|14/100
|
|-weather|SunnyDay|[upkeep]
|upkeep
|turn|14
|-message|tomnumbers forfeited.
|
|win|sergio23perez
||tomnumbers is ready for game 2.
||sergio23perez is ready for game 2.
|uhtml|next|Next: Game 2 of 3
