|j|☆lux raymundi
|j|☆setheeswag
|html|lux raymundisetheeswag    
|uhtml|bestof|Game 1 of a best-of-3
|t:|1782269936
|gametype|doubles
|player|p1|lux raymundi|265|1177
|player|p2|setheeswag|1|1133
|gen|9
|tier|[Gen 9 Champions] VGC 2026 Reg M-B (Bo3)
|rated|
|rule|Species Clause: Limit one of each Pokémon
|rule|Item Clause: Limit 1 of each item
|clearpoke
|poke|p1|Farigiraf, L50, M|
|poke|p1|Floette-Eternal, L50, F|
|poke|p1|Basculegion, L50, M|
|poke|p1|Sneasler, L50, F|
|poke|p1|Sinistcha, L50|
|poke|p1|Delphox, L50, M|
|poke|p2|Camerupt, L50, F|
|poke|p2|Farigiraf, L50, F|
|poke|p2|Incineroar, L50, M|
|poke|p2|Vivillon, L50, F|
|poke|p2|Kingambit, L50, M|
|poke|p2|Blastoise, L50, F|
|teampreview|4
|showteam|p1|Farigiraf||SitrusBerry|ArmorTail|TrickRoom,HelpingHand,Protect,TwinBeam|Bold||M|||50|]Floette-Eternal||Floettite|FlowerVeil|CalmMind,DazzlingGleam,Moonblast,Protect|Modest||F|||50|]Basculegion||FocusSash|Adaptability|AquaJet,Liquidation,LastRespects,Protect|Adamant||M|||50|]Sneasler||WhiteHerb|Unburden|FakeOut,CloseCombat,DireClaw,Protect|Jolly||F|||50|]Sinistcha||KasibBerry|Hospitality|MatchaGotcha,RagePowder,TrickRoom,LifeDew|Serious|||||50|]Delphox||Delphoxite|Blaze|NastyPlot,HeatWave,Psychic,Protect|Timid||M|||50|
|showteam|p2|Camerupt||Cameruptite|SolidRock|EarthPower,HeatWave,AncientPower,Protect|Quiet||F|||50|]Farigiraf||SitrusBerry|ArmorTail|Psychic,HelpingHand,TrickRoom,Protect|Sassy||F|||50|]Incineroar||Charcoal|Intimidate|FakeOut,FlareBlitz,DarkestLariat,PartingShot|Adamant||M|||50|]Vivillon||ChoiceScarf|CompoundEyes|Hurricane,SleepPowder,RagePowder,RainDance|Timid||F|||50|]Kingambit||BlackGlasses|Defiant|KowtowCleave,SuckerPunch,LowKick,IronHead|Brave||M|||50|]Blastoise||Blastoisinite|Torrent|WaterSpout,FakeOut,DarkPulse,ShellSmash|Modest||F|||50|
|inactive|Battle timer is ON: inactive players will automatically lose when time's up. (requested by setheeswag)
|inactive|lux raymundi has 60 seconds left.
|
|t:|1782269974
|teamsize|p1|4
|teamsize|p2|4
|start
|switch|p1a: Farigiraf|Farigiraf, L50, M|100/100
|switch|p1b: Floette|Floette-Eternal, L50, F|100/100
|switch|p2a: Incineroar|Incineroar, L50, M|100/100
|switch|p2b: Farigiraf|Farigiraf, L50, F|100/100
|-ability|p2a: Incineroar|Intimidate|boost
|-unboost|p1a: Farigiraf|atk|1
|-unboost|p1b: Floette|atk|1
|turn|1
|inactive|lux raymundi has 30 seconds left.
|
|t:|1782269999
|detailschange|p1b: Floette|Floette-Mega, L50, F
|-mega|p1b: Floette|Floette|Floettite
|-ability|p1b: Floette|Fairy Aura
|move|p1b: Floette|Calm Mind|p1b: Floette
|-boost|p1b: Floette|spa|1
|-boost|p1b: Floette|spd|1
|move|p2a: Incineroar|Flare Blitz|p1b: Floette
|-damage|p1b: Floette|16/100
|-damage|p2a: Incineroar|75/100|[from] Recoil
|move|p1a: Farigiraf|Trick Room|p1a: Farigiraf
|-fieldstart|move: Trick Room|[of] p1a: Farigiraf
|move|p2b: Farigiraf|Trick Room|p2b: Farigiraf
|-fieldend|move: Trick Room
|
|upkeep
|turn|2
|
|t:|1782270021
|move|p1a: Farigiraf|Helping Hand|p1b: Floette
|-singleturn|p1b: Floette|Helping Hand|[of] p1a: Farigiraf
|move|p1b: Floette|Moonblast|p2b: Farigiraf
|-damage|p2b: Farigiraf|0 fnt
|faint|p2b: Farigiraf
|move|p2a: Incineroar|Flare Blitz|p1b: Floette
|-damage|p1b: Floette|0 fnt
|faint|p1b: Floette
|-damage|p2a: Incineroar|70/100|[from] Recoil
|
|upkeep
|
|t:|1782270032
|switch|p1b: Sneasler|Sneasler, L50, F|100/100
|switch|p2b: Kingambit|Kingambit, L50, M|100/100
|turn|3
|inactive|lux raymundi has 30 seconds left.
|
|t:|1782270065
|move|p1a: Farigiraf|Protect|p1a: Farigiraf
|-singleturn|p1a: Farigiraf|Protect
|move|p1b: Sneasler|Close Combat|p2b: Kingambit
|-supereffective|p2b: Kingambit|2
|-damage|p2b: Kingambit|0 fnt
|-unboost|p1b: Sneasler|def|1
|-unboost|p1b: Sneasler|spd|1
|faint|p2b: Kingambit
|-enditem|p1b: Sneasler|White Herb
|-clearnegativeboost|p1b: Sneasler|[silent]
|move|p2a: Incineroar|Flare Blitz|p1b: Sneasler
|-damage|p1b: Sneasler|0 fnt
|faint|p1b: Sneasler
|-damage|p2a: Incineroar|45/100|[from] Recoil
|
|upkeep
|
|t:|1782270078
|switch|p1b: Basculegion|Basculegion, L50, M|100/100
|switch|p2b: Camerupt|Camerupt, L50, F|100/100
|turn|4
|
|t:|1782270089
|move|p2b: Camerupt|Protect|p2b: Camerupt
|-singleturn|p2b: Camerupt|Protect
|move|p1b: Basculegion|Liquidation|p2a: Incineroar
|-supereffective|p2a: Incineroar|1
|-damage|p2a: Incineroar|0 fnt
|faint|p2a: Incineroar
|move|p1a: Farigiraf|Twin Beam|p2b: Camerupt
|-activate|p2b: Camerupt|move: Protect
|
|upkeep
|turn|5
|-message|setheeswag forfeited.
|
|win|lux raymundi
