|j|☆KodeBeast0526
|j|☆HeroOfHydrangea
|html|KodeBeast0526HeroOfHydrangea    
|uhtml|bestof|Game 2 of a best-of-3
|t:|1783615501
|gametype|doubles
|player|p1|KodeBeast0526|hiker|1115
|player|p2|HeroOfHydrangea|2|1000
|gen|9
|tier|[Gen 9 Champions] VGC 2026 Reg M-B (Bo3)
|rated|
|rule|Species Clause: Limit one of each Pokémon
|rule|Item Clause: Limit 1 of each item
|clearpoke
|poke|p1|Aerodactyl, L50, M|
|poke|p1|Kingambit, L50, M|
|poke|p1|Sylveon, L50, M|
|poke|p1|Garchomp, L50, M|
|poke|p1|Charizard, L50, M|
|poke|p1|Incineroar, L50, M|
|poke|p2|Eelektross, L50, M|
|poke|p2|Espathra, L50, M|
|poke|p2|Incineroar, L50, M|
|poke|p2|Aerodactyl, L50, F|
|poke|p2|Mamoswine, L50, M|
|poke|p2|Maushold, L50|
|teampreview|4
|showteam|p1|Aerodactyl||Aerodactylite|Unnerve|RockSlide,IceFang,Tailwind,WideGuard|Jolly||M|||50|]Kingambit||FocusSash|Defiant|KowtowCleave,SuckerPunch,IronHead,Protect|Adamant||M|||50|]Sylveon||FairyFeather|Pixilate|Detect,HyperVoice,HyperBeam,QuickAttack|Modest||M|||50|]Garchomp||LifeOrb|RoughSkin|Earthquake,DragonClaw,StompingTantrum,Protect|Jolly||M|||50|]Charizard||CharizarditeY|Blaze|Protect,HeatWave,SolarBeam,WeatherBall|Modest||M|||50|]Incineroar||SitrusBerry|Intimidate|DarkestLariat,FlareBlitz,FakeOut,PartingShot|Impish||M|||50|
|showteam|p2|Eelektross||Eelektrossite|Levitate|Thunderbolt,Flamethrower,GigaDrain,Protect|Modest||M|||50|]Espathra||MentalHerb|SpeedBoost|LuminaCrash,CalmMind,BatonPass,Protect|Timid||M|||50|]Incineroar||SitrusBerry|Intimidate|FakeOut,DarkestLariat,PartingShot,FlareBlitz|Careful||M|||50|]Aerodactyl||FocusSash|Unnerve|RockSlide,WideGuard,DualWingbeat,Tailwind|Jolly||F|||50|]Mamoswine||LifeOrb|Oblivious|IcicleSpear,IceShard,Earthquake,Protect|Adamant||M|||50|]Maushold||ChopleBerry|FriendGuard|SuperFang,FollowMe,Encore,Protect|Jolly|||||50|
|inactive|Battle timer is ON: inactive players will automatically lose when time's up. (requested by KodeBeast0526)
|inactive|HeroOfHydrangea has 60 seconds left.
|
|t:|1783615541
|teamsize|p1|4
|teamsize|p2|4
|start
|switch|p1a: Kingambit|Kingambit, L50, M|100/100
|switch|p1b: Incineroar|Incineroar, L50, M|100/100
|switch|p2a: Mamoswine|Mamoswine, L50, M|100/100
|switch|p2b: Maushold|Maushold, L50|100/100
|-ability|p1b: Incineroar|Intimidate|boost
|-fail|p2a: Mamoswine|unboost|Attack|[from] ability: Oblivious|[of] p2a: Mamoswine
|-unboost|p2b: Maushold|atk|1
|turn|1
|
|t:|1783615554
|move|p2a: Mamoswine|Protect|p2a: Mamoswine
|-singleturn|p2a: Mamoswine|Protect
|move|p1b: Incineroar|Fake Out|p2a: Mamoswine
|-activate|p2a: Mamoswine|move: Protect
|move|p2b: Maushold|Super Fang|p1a: Kingambit
|-damage|p1a: Kingambit|50/100y
|move|p1a: Kingambit|Iron Head|p2a: Mamoswine
|-activate|p2a: Mamoswine|move: Protect
|
|upkeep
|turn|2
|inactive|HeroOfHydrangea has 30 seconds left.
|
|t:|1783615580
|switch|p1a: Charizard|Charizard, L50, M|100/100
|move|p2b: Maushold|Protect|p2b: Maushold
|-singleturn|p2b: Maushold|Protect
|move|p2a: Mamoswine|Earthquake|p1a: Charizard|[spread] p1b
|-activate|p2b: Maushold|move: Protect
|-immune|p1a: Charizard
|-supereffective|p1b: Incineroar|1
|-damage|p1b: Incineroar|30/100
|-enditem|p1b: Incineroar|Sitrus Berry|[eat]
|-heal|p1b: Incineroar|55/100|[from] item: Sitrus Berry
|-damage|p2a: Mamoswine|90/100|[from] item: Life Orb
|move|p1b: Incineroar|Parting Shot|p2a: Mamoswine
|-unboost|p2a: Mamoswine|atk|1
|-unboost|p2a: Mamoswine|spa|1
|
|t:|1783615595
|switch|p1b: Aerodactyl|Aerodactyl, L50, M|100/100|[from] Parting Shot
|-ability|p1b: Aerodactyl|Unnerve
|
|upkeep
|turn|3
|
|t:|1783615613
|detailschange|p1a: Charizard|Charizard-Mega-Y, L50, M
|-mega|p1a: Charizard|Charizard|Charizardite Y
|-weather|SunnyDay|[from] ability: Drought|[of] p1a: Charizard
|move|p2b: Maushold|Follow Me|p2b: Maushold
|-singleturn|p2b: Maushold|move: Follow Me
|move|p1b: Aerodactyl|Tailwind|p1b: Aerodactyl
|-sidestart|p1: KodeBeast0526|move: Tailwind
|move|p1a: Charizard|Heat Wave|p2b: Maushold|[spread] p2a,p2b
|-supereffective|p2a: Mamoswine|1
|-damage|p2a: Mamoswine|0 fnt
|-damage|p2b: Maushold|23/100
|faint|p2a: Mamoswine
|
|-weather|SunnyDay|[upkeep]
|upkeep
|
|t:|1783615627
|switch|p2a: Aerodactyl|Aerodactyl, L50, F|100/100
|-ability|p2a: Aerodactyl|Unnerve
|turn|4
|
|t:|1783615641
|move|p2a: Aerodactyl|Wide Guard|p2a: Aerodactyl
|-singleturn|p2a: Aerodactyl|Wide Guard
|move|p1b: Aerodactyl|Ice Fang|p2b: Maushold
|-damage|p2b: Maushold|1/100
|move|p1a: Charizard|Solar Beam||[still]
|-prepare|p1a: Charizard|Solar Beam
|-anim|p1a: Charizard|Solar Beam|p2a: Aerodactyl
|-damage|p2a: Aerodactyl|52/100
|move|p2b: Maushold|Encore|p1a: Charizard
|-start|p1a: Charizard|Encore
|
|-weather|SunnyDay|[upkeep]
|upkeep
|turn|5
|
|t:|1783615664
|move|p2b: Maushold|Follow Me|p2b: Maushold
|-singleturn|p2b: Maushold|move: Follow Me
|move|p1b: Aerodactyl|Rock Slide|p2a: Aerodactyl|[spread] p2a,p2b
|-supereffective|p2a: Aerodactyl|1
|-damage|p2a: Aerodactyl|0 fnt
|-damage|p2b: Maushold|0 fnt
|faint|p2a: Aerodactyl
|faint|p2b: Maushold
|move|p1a: Charizard|Solar Beam||[still]
|-prepare|p1a: Charizard|Solar Beam
|-anim|p1a: Charizard|Solar Beam|p2: Aerodactyl|[notarget]
|-fail|p1a: Charizard
|
|-weather|SunnyDay|[upkeep]
|upkeep
|
|t:|1783615670
|switch|p2a: Eelektross|Eelektross, L50, M|100/100
|turn|6
|
|t:|1783615680
|switch|p1b: Incineroar|Incineroar, L50, M|55/100
|-ability|p1b: Incineroar|Intimidate|boost
|-unboost|p2a: Eelektross|atk|1
|detailschange|p2a: Eelektross|Eelektross-Mega, L50, M
|-mega|p2a: Eelektross|Eelektross|Eelektrossite
|move|p1a: Charizard|Solar Beam||[still]
|-prepare|p1a: Charizard|Solar Beam
|-anim|p1a: Charizard|Solar Beam|p2a: Eelektross
|-damage|p2a: Eelektross|46/100
|move|p2a: Eelektross|Thunderbolt|p1b: Incineroar
|-damage|p1b: Incineroar|4/100
|
|-weather|SunnyDay|[upkeep]
|-sideend|p1: KodeBeast0526|move: Tailwind
|upkeep
|turn|7
|
|t:|1783615685
|move|p1b: Incineroar|Fake Out|p2a: Eelektross
|-damage|p2a: Eelektross|33/100
|move|p1a: Charizard|Solar Beam||[still]
|-prepare|p1a: Charizard|Solar Beam
|-anim|p1a: Charizard|Solar Beam|p2a: Eelektross
|-damage|p2a: Eelektross|0 fnt
|faint|p2a: Eelektross
|
|win|KodeBeast0526
||HeroOfHydrangea is ready for game 3.
||KodeBeast0526 is ready for game 3.
|uhtml|next|Next: Game 3 of 3
