|j|☆AGreatRobot
|j|☆Ev_Evan
|html|AGreatRobotEv_Evan    
|uhtml|bestof|Game 1 of a best-of-3
|t:|1757104238
|gametype|doubles
|player|p1|AGreatRobot|wattson|
|player|p2|Ev_Evan|volkner|
|gen|9
|tier|[Gen 9] VGC 2025 Reg H (Bo3)
|rule|Species Clause: Limit one of each Pokémon
|rule|Item Clause: Limit 1 of each item
|clearpoke
|poke|p1|Bisharp, L50, M|
|poke|p1|Clodsire, L50, F|
|poke|p1|Tatsugiri-Stretchy, L50, F|
|poke|p1|Murkrow, L50, M|
|poke|p1|Oranguru, L50, F|
|poke|p1|Weavile, L50, M|
|poke|p2|Gallade, L50, M|
|poke|p2|Yanmega, L50, F|
|poke|p2|Oranguru, L50, F|
|poke|p2|Excadrill, L50, F|
|poke|p2|Scrafty, L50, M|
|poke|p2|Hydreigon, L50, F|
|teampreview|4
|showteam|p1|Bisharp||Eviolite|Defiant|IronHead,ThroatChop,SuckerPunch,Protect|||M|||50|,,,,,Water]Clodsire||SitrusBerry|WaterAbsorb|BodyPress,AfterYou,Stockpile,Yawn|||F|||50|,,,,,Grass]Tatsugiri-Stretchy||ChoiceSpecs|StormDrain|Surf,DracoMeteor,HydroPump,MuddyWater|||F|||50|,,,,,Water]Murkrow||FocusSash|Prankster|Tailwind,RainDance,Taunt,FoulPlay|||M|||50|,,,,,Ghost]Oranguru||SafetyGoggles|Telepathy|Instruct,TrickRoom,Protect,KnockOff|||F|||50|,,,,,Dark]Weavile||LifeOrb|Pressure|TripleAxel,KnockOff,FakeOut,Protect|||M|||50|,,,,,Ice
|showteam|p2|Gallade||SitrusBerry|Sharpness|TrickRoom,PsychoCut,SacredSword,WideGuard|||M|||50|,,,,,Fire]Yanmega||FocusSash|SpeedBoost|Tailwind,AirSlash,BugBuzz,Protect|||F|||50|,,,,,Ghost]Oranguru||MentalHerb|Telepathy|TrickRoom,Instruct,PsychicNoise,Protect|||F|||50|,,,,,Dark]Excadrill||ClearAmulet|SandRush|Earthquake,IronHead,RockSlide,Protect|||F|||50|,,,,,Ground]Scrafty||SafetyGoggles|Intimidate|FakeOut,KnockOff,CloseCombat,Taunt|||M|||50|,,,,,Grass]Hydreigon||LifeOrb|Levitate|HeatWave,DracoMeteor,DarkPulse,Protect|||F|||50|,,,,,Ghost
|inactive|Battle timer is ON: inactive players will automatically lose when time's up. (requested by Ev_Evan)
|c|☆AGreatRobot|Hf
|c|☆Ev_Evan|glhf
|inactive|AGreatRobot has 60 seconds left.
|
|t:|1757104278
|teamsize|p1|4
|teamsize|p2|4
|start
|switch|p1a: Half a Murder|Murkrow, L50, M, shiny|100/100
|switch|p1b: Ice Ice Baby|Weavile, L50, M|100/100
|switch|p2a: Yanmega|Yanmega, L50, F|100/100
|switch|p2b: Excadrill|Excadrill, L50, F|100/100
|-ability|p1b: Ice Ice Baby|Pressure
|turn|1
|
|t:|1757104297
|-terastallize|p2a: Yanmega|Ghost
|move|p1a: Half a Murder|Tailwind|p1a: Half a Murder
|-sidestart|p1: AGreatRobot|move: Tailwind
|move|p1b: Ice Ice Baby|Triple Axel|p2b: Excadrill
|-damage|p2b: Excadrill|81/100
|-damage|p2b: Excadrill|44/100
|-damage|p2b: Excadrill|0 fnt
|faint|p2b: Excadrill
|-hitcount|p2: Excadrill|3
|-damage|p1b: Ice Ice Baby|91/100|[from] item: Life Orb
|move|p2a: Yanmega|Tailwind|p2a: Yanmega
|-sidestart|p2: Ev_Evan|move: Tailwind
|
|-ability|p2a: Yanmega|Speed Boost|boost
|-boost|p2a: Yanmega|spe|1
|upkeep
|
|t:|1757104305
|switch|p2b: Scrafty|Scrafty, L50, M|100/100
|-ability|p2b: Scrafty|Intimidate|boost
|-unboost|p1a: Half a Murder|atk|1
|-unboost|p1b: Ice Ice Baby|atk|1
|turn|2
|inactive|AGreatRobot has 30 seconds left.
|
|t:|1757104331
|switch|p1b: fren :)|Clodsire, L50, F|100/100
|move|p2b: Scrafty|Fake Out|p1a: Half a Murder
|-damage|p1a: Half a Murder|81/100
|move|p2a: Yanmega|Bug Buzz|p1b: fren :)
|-resisted|p1b: fren :)
|-damage|p1b: fren :)|85/100
|-unboost|p1b: fren :)|spd|1
|cant|p1a: Half a Murder|flinch
|
|-ability|p2a: Yanmega|Speed Boost|boost
|-boost|p2a: Yanmega|spe|1
|upkeep
|turn|3
|
|t:|1757104348
|switch|p1a: Ice Ice Baby|Weavile, L50, M|91/100
|-ability|p1a: Ice Ice Baby|Pressure
|move|p2a: Yanmega|Air Slash|p1b: fren :)
|-damage|p1b: fren :)|43/100
|-enditem|p1b: fren :)|Sitrus Berry|[eat]
|-heal|p1b: fren :)|68/100|[from] item: Sitrus Berry
|move|p2b: Scrafty|Knock Off|p1b: fren :)
|-damage|p1b: fren :)|46/100
|move|p1b: fren :)|Body Press|p2b: Scrafty
|-supereffective|p2b: Scrafty
|-damage|p2b: Scrafty|67/100
|
|-ability|p2a: Yanmega|Speed Boost|boost
|-boost|p2a: Yanmega|spe|1
|upkeep
|turn|4
|inactive|AGreatRobot has 30 seconds left.
|
|t:|1757104378
|switch|p1b: Just Keep Swimming|Tatsugiri-Stretchy, L50, F|100/100
|move|p2a: Yanmega|Protect|p2a: Yanmega
|-singleturn|p2a: Yanmega|Protect
|move|p1a: Ice Ice Baby|Triple Axel|p2b: Scrafty
|-damage|p2b: Scrafty|52/100
|-damage|p2b: Scrafty|24/100
|-damage|p2b: Scrafty|0 fnt
|faint|p2b: Scrafty
|-hitcount|p2: Scrafty|3
|-damage|p1a: Ice Ice Baby|82/100|[from] item: Life Orb
|
|-sideend|p2: Ev_Evan|move: Tailwind
|-sideend|p1: AGreatRobot|move: Tailwind
|-ability|p2a: Yanmega|Speed Boost|boost
|-boost|p2a: Yanmega|spe|1
|upkeep
|
|t:|1757104388
|switch|p2b: Gallade|Gallade, L50, M|100/100
|turn|5
|
|t:|1757104416
|move|p2a: Yanmega|Tailwind|p2a: Yanmega
|-sidestart|p2: Ev_Evan|move: Tailwind
|move|p2b: Gallade|Sacred Sword|p1b: Just Keep Swimming
|-damage|p1b: Just Keep Swimming|0 fnt
|faint|p1b: Just Keep Swimming
|move|p1a: Ice Ice Baby|Knock Off|p2b: Gallade
|-damage|p2b: Gallade|4/100
|-enditem|p2b: Gallade|Sitrus Berry|[from] move: Knock Off|[of] p1a: Ice Ice Baby
|-damage|p1a: Ice Ice Baby|72/100|[from] item: Life Orb
|
|-ability|p2a: Yanmega|Speed Boost|boost
|-boost|p2a: Yanmega|spe|1
|upkeep
|
|t:|1757104426
|switch|p1b: Half a Murder|Murkrow, L50, M, shiny|81/100
|turn|6
|
|t:|1757104431
|move|p1b: Half a Murder|Tailwind|p1b: Half a Murder
|-sidestart|p1: AGreatRobot|move: Tailwind
|move|p2a: Yanmega|Bug Buzz|p1a: Ice Ice Baby
|-supereffective|p1a: Ice Ice Baby
|-damage|p1a: Ice Ice Baby|0 fnt
|faint|p1a: Ice Ice Baby
|move|p2b: Gallade|Sacred Sword|p1b: Half a Murder
|-damage|p1b: Half a Murder|0 fnt
|faint|p1b: Half a Murder
|
|-ability|p2a: Yanmega|Speed Boost|boost
|-boost|p2a: Yanmega|spe|1
|upkeep
|
|t:|1757104436
|switch|p1b: fren :)|Clodsire, L50, F|46/100
|turn|7
|
|t:|1757104441
|move|p2a: Yanmega|Air Slash|p1b: fren :)
|-damage|p1b: fren :)|19/100
|move|p2b: Gallade|Psycho Cut|p1b: fren :)
|-supereffective|p1b: fren :)
|-damage|p1b: fren :)|0 fnt
|faint|p1b: fren :)
|
|win|Ev_Evan
|c|☆Ev_Evan|gg
||AGreatRobot is ready for game 2.
||AGreatRobot is ready for game 2.
||Ev_Evan is ready for game 2.
|uhtml|next|Next: Game 2 of 3
