|j|☆lox1sm
|j|☆isthisbelias?
|html|lox1smisthisbelias?    
|uhtml|bestof|Game 3 of a best-of-3
|t:|1782478936
|gametype|doubles
|player|p1|lox1sm|veteran|1197
|player|p2|isthisbelias?|janitor|1191
|gen|9
|tier|[Gen 9 Champions] VGC 2026 Reg M-B (Bo3)
|rated|
|rule|Species Clause: Limit one of each Pokémon
|rule|Item Clause: Limit 1 of each item
|clearpoke
|poke|p1|Charizard, L50, F|
|poke|p1|Metagross, L50|
|poke|p1|Aerodactyl, L50, F|
|poke|p1|Garchomp, L50, M|
|poke|p1|Kingambit, L50, M|
|poke|p1|Farigiraf, L50, M|
|poke|p2|Charizard, L50, F|
|poke|p2|Sinistcha, L50|
|poke|p2|Milotic, L50, M|
|poke|p2|Kingambit, L50, M|
|poke|p2|Whimsicott, L50, F|
|poke|p2|Farigiraf, L50, M|
|teampreview|4
|showteam|p1|Charizard||CharizarditeY|Blaze|HeatWave,WeatherBall,SolarBeam,Protect|Modest||F|||50|]Metagross||Metagrossite|ClearBody|IronHead,PsychicFangs,StompingTantrum,Protect|Jolly|||||50|]Aerodactyl||SitrusBerry|Unnerve|RockSlide,DualWingbeat,IceFang,Tailwind|Jolly||F|||50|]Garchomp||LifeOrb|RoughSkin|DragonClaw,Earthquake,RockSlide,Protect|Jolly||M|||50|]Kingambit||FocusSash|Defiant|KowtowCleave,SuckerPunch,IronHead,LowKick|Adamant||M|||50|]Farigiraf||ExpertBelt|ArmorTail|Psychic,DazzlingGleam,Thunderbolt,TrickRoom|Modest||M|||50|
|showteam|p2|Charizard||CharizarditeX|Blaze|FlareBlitz,DragonClaw,DragonDance,Protect|Adamant||F|||50|]Sinistcha||ColburBerry|Hospitality|MatchaGotcha,RagePowder,TrickRoom,LifeDew|Modest|||||50|]Milotic||Leftovers|Competitive|IcyWind,Scald,HelpingHand,Protect|Calm||M|||50|]Kingambit||BlackGlasses|Defiant|SuckerPunch,KowtowCleave,IronHead,Protect|Adamant||M|||50|]Whimsicott||FocusSash|Prankster|Taunt,Tailwind,Encore,Moonblast|Timid||F|||50|]Farigiraf||SitrusBerry|ArmorTail|TwinBeam,HelpingHand,TrickRoom,HyperVoice|Modest||M|||50|
|
|t:|1782478976
|teamsize|p1|4
|teamsize|p2|4
|start
|switch|p1a: Aerodactyl|Aerodactyl, L50, F|100/100
|switch|p1b: Garchomp|Garchomp, L50, M|100/100
|switch|p2a: Charizard|Charizard, L50, F|100/100
|switch|p2b: Milotic|Milotic, L50, M|100/100
|-ability|p1a: Aerodactyl|Unnerve
|turn|1
|
|t:|1782478994
|switch|p1b: Kingambit|Kingambit, L50, M|100/100
|detailschange|p2a: Charizard|Charizard-Mega-X, L50, F
|-mega|p2a: Charizard|Charizard|Charizardite X
|move|p1a: Aerodactyl|Tailwind|p1a: Aerodactyl
|-sidestart|p1: lox1sm|move: Tailwind
|move|p2a: Charizard|Dragon Dance|p2a: Charizard
|-boost|p2a: Charizard|atk|1
|-boost|p2a: Charizard|spe|1
|move|p2b: Milotic|Scald|p1b: Kingambit
|-damage|p1b: Kingambit|65/100
|
|upkeep
|turn|2
|
|t:|1782479023
|move|p2a: Charizard|Protect|p2a: Charizard
|-singleturn|p2a: Charizard|Protect
|move|p1b: Kingambit|Sucker Punch||[still]
|-fail|p1b: Kingambit
|move|p1a: Aerodactyl|Rock Slide|p2b: Milotic|[spread] p2b
|-activate|p2a: Charizard|move: Protect
|-damage|p2b: Milotic|82/100
|cant|p2b: Milotic|flinch
|
|-heal|p2b: Milotic|88/100|[from] item: Leftovers
|upkeep
|turn|3
|
|t:|1782479036
|switch|p2b: Farigiraf|Farigiraf, L50, M|100/100
|move|p1a: Aerodactyl|Rock Slide|p2a: Charizard|[spread] p2b
|-miss|p1a: Aerodactyl|p2a: Charizard
|-damage|p2b: Farigiraf|82/100
|move|p1b: Kingambit|Kowtow Cleave|p2a: Charizard
|-crit|p2a: Charizard
|-damage|p2a: Charizard|24/100
|move|p2a: Charizard|Flare Blitz|p1b: Kingambit
|-supereffective|p1b: Kingambit|1
|-damage|p1b: Kingambit|0 fnt
|faint|p1b: Kingambit
|-damage|p2a: Charizard|2/100|[from] Recoil
|
|upkeep
|
|t:|1782479052
|switch|p1b: Charizard|Charizard, L50, F|100/100
|turn|4
|
|t:|1782479059
|switch|p2b: Sinistcha|Sinistcha, L50|100/100
|-heal|p2a: Charizard|26/100|[from] ability: Hospitality|[of] p2b: Sinistcha
|detailschange|p1b: Charizard|Charizard-Mega-Y, L50, F
|-mega|p1b: Charizard|Charizard|Charizardite Y
|-weather|SunnyDay|[from] ability: Drought|[of] p1b: Charizard
|move|p2a: Charizard|Protect|p2a: Charizard
|-singleturn|p2a: Charizard|Protect
|move|p1a: Aerodactyl|Rock Slide|p2a: Charizard|[spread] p2b
|-activate|p2a: Charizard|move: Protect
|-damage|p2b: Sinistcha|79/100
|move|p1b: Charizard|Solar Beam||[still]
|-prepare|p1b: Charizard|Solar Beam
|-anim|p1b: Charizard|Solar Beam|p2b: Sinistcha
|-resisted|p2b: Sinistcha|1
|-damage|p2b: Sinistcha|53/100
|
|-weather|SunnyDay|[upkeep]
|-sideend|p1: lox1sm|move: Tailwind
|upkeep
|turn|5
|j| 321g
|
|t:|1782479092
|switch|p1a: Garchomp|Garchomp, L50, M|100/100
|move|p2a: Charizard|Dragon Claw|p1a: Garchomp
|-supereffective|p1a: Garchomp|1
|-damage|p1a: Garchomp|0 fnt
|-damage|p2a: Charizard|14/100|[from] ability: Rough Skin|[of] p1a: Garchomp
|faint|p1a: Garchomp
|move|p1b: Charizard|Weather Ball|p2b: Sinistcha
|-supereffective|p2b: Sinistcha|1
|-damage|p2b: Sinistcha|0 fnt
|faint|p2b: Sinistcha
|
|-weather|SunnyDay|[upkeep]
|upkeep
|
|t:|1782479106
|switch|p1a: Aerodactyl|Aerodactyl, L50, F|100/100
|switch|p2b: Farigiraf|Farigiraf, L50, M|82/100
|-ability|p1a: Aerodactyl|Unnerve
|turn|6
|
|t:|1782479124
|move|p2b: Farigiraf|Helping Hand|p2a: Charizard
|-singleturn|p2a: Charizard|Helping Hand|[of] p2b: Farigiraf
|move|p2a: Charizard|Dragon Claw|p1a: Aerodactyl
|-damage|p1a: Aerodactyl|0 fnt
|faint|p1a: Aerodactyl
|move|p1b: Charizard|Weather Ball|p2a: Charizard
|-resisted|p2a: Charizard|2
|-damage|p2a: Charizard|0 fnt
|faint|p2a: Charizard
|
|-weather|SunnyDay|[upkeep]
|upkeep
|
|t:|1782479129
|switch|p2a: Milotic|Milotic, L50, M|88/100
|turn|7
|
|t:|1782479143
|move|p2a: Milotic|Protect|p2a: Milotic
|-singleturn|p2a: Milotic|Protect
|move|p1b: Charizard|Weather Ball|p2b: Farigiraf
|-damage|p2b: Farigiraf|1/100
|-enditem|p2b: Farigiraf|Sitrus Berry|[eat]
|-heal|p2b: Farigiraf|25/100|[from] item: Sitrus Berry
|move|p2b: Farigiraf|Trick Room|p2b: Farigiraf
|-fieldstart|move: Trick Room|[of] p2b: Farigiraf
|
|-weather|SunnyDay|[upkeep]
|-heal|p2a: Milotic|94/100|[from] item: Leftovers
|upkeep
|turn|8
|
|t:|1782479158
|move|p2b: Farigiraf|Hyper Voice|p1b: Charizard
|-crit|p1b: Charizard
|-damage|p1b: Charizard|48/100
|move|p2a: Milotic|Scald|p1b: Charizard
|-supereffective|p1b: Charizard|1
|-crit|p1b: Charizard
|-damage|p1b: Charizard|11/100
|move|p1b: Charizard|Solar Beam||[still]
|-prepare|p1b: Charizard|Solar Beam
|-anim|p1b: Charizard|Solar Beam|p2a: Milotic
|-supereffective|p2a: Milotic|1
|-damage|p2a: Milotic|36/100
|
|-weather|none
|-heal|p2a: Milotic|42/100|[from] item: Leftovers
|upkeep
|turn|9
|-message|lox1sm forfeited.
|
|win|isthisbelias?
|raw|lox1sm's rating: 1197 → 1172(-25 for losing)
|raw|isthisbelias?'s rating: 1191 → 1216(+25 for winning)
|l|☆isthisbelias?
|player|p2|
