|j|☆feraligagor
|j|☆Jakobtc
|html|feraligagorJakobtc    
|uhtml|bestof|Game 1 of a best-of-3
|t:|1756574860
|gametype|doubles
|player|p1|feraligagor|pokemonbreederf-gen4|1079
|player|p2|Jakobtc|riley|1089
|gen|9
|tier|[Gen 9] VGC 2025 Reg H (Bo3)
|rated|
|rule|Species Clause: Limit one of each Pokémon
|rule|Item Clause: Limit 1 of each item
|clearpoke
|poke|p1|Primarina, L50, F|
|poke|p1|Typhlosion-Hisui, L50, F|
|poke|p1|Ursaluna-Bloodmoon, L50, M|
|poke|p1|Porygon2, L50|
|poke|p1|Incineroar, L50, M|
|poke|p1|Amoonguss, L50, F|
|poke|p2|Whimsicott, L50, M|
|poke|p2|Typhlosion-Hisui, L50, M|
|poke|p2|Ursaluna-Bloodmoon, L50, M|
|poke|p2|Farigiraf, L50, M|
|poke|p2|Kingambit, L50, F|
|poke|p2|Clefairy, L50, M|
|teampreview|4
|showteam|p1|Primarina||ThroatSpray|LiquidVoice|HyperVoice,Moonblast,Haze,Protect|||F|||50|,,,,,Water]Typhlosion-Hisui||ChoiceSpecs|Blaze|Eruption,ShadowBall,HeatWave,FocusBlast|||F|||50|,,,,,Fire]Ursaluna-Bloodmoon||Leftovers|MindsEye|BloodMoon,HyperVoice,EarthPower,Protect|||M|||50|,,,,,Ground]Porygon2||Eviolite|Download|TrickRoom,Recover,FoulPlay,IceBeam||||||50|,,,,,Normal]Incineroar||SafetyGoggles|Intimidate|FakeOut,PartingShot,FlareBlitz,KnockOff|||M|||50|,,,,,Fire]Amoonguss||RockyHelmet|Regenerator|Spore,RagePowder,PollenPuff,Protect|||F|||50|,,,,,Grass
|showteam|p2|Whimsicott||CovertCloak|Prankster|Moonblast,Tailwind,SunnyDay,MistyTerrain|||M|||50|,,,,,Dark]Typhlosion-Hisui||ChoiceSpecs|Blaze|Eruption,HeatWave,ShadowBall,Overheat|||M|||50|,,,,,Fire]Ursaluna-Bloodmoon||LifeOrb|MindsEye|BloodMoon,HyperVoice,EarthPower,Protect|||M|||50|,,,,,Normal]Farigiraf||ThroatSpray|ArmorTail|HyperVoice,Psychic,TrickRoom,Protect|||M|||50|,,,,,Fire]Kingambit||AssaultVest|Defiant|KowtowCleave,SuckerPunch,IronHead,TeraBlast|||F|||50|,,,,,Fairy]Clefairy||Eviolite|FriendGuard|FollowMe,HelpingHand,AfterYou,Protect|||M|||50|,,,,,Water
|c|☆Jakobtc|glhf
|inactive|Battle timer is ON: inactive players will automatically lose when time's up. (requested by feraligagor)
|c|☆feraligagor|same same
|inactive|Jakobtc has 60 seconds left.
|
|t:|1756574911
|teamsize|p1|4
|teamsize|p2|4
|start
|switch|p1a: Porygon2|Porygon2, L50, shiny|100/100
|switch|p1b: Incineroar|Incineroar, L50, M, shiny|100/100
|switch|p2a: Whimsicott|Whimsicott, L50, M|100/100
|switch|p2b: Kingambit|Kingambit, L50, F|100/100
|-ability|p1b: Incineroar|Intimidate|boost
|-unboost|p2a: Whimsicott|atk|1
|-unboost|p2b: Kingambit|atk|1
|-ability|p2b: Kingambit|Defiant|boost
|-boost|p2b: Kingambit|atk|2
|-ability|p1a: Porygon2|Download|boost
|-boost|p1a: Porygon2|spa|1
|turn|1
|inactive|Jakobtc has 30 seconds left.
|
|t:|1756574944
|-terastallize|p2b: Kingambit|Fairy
|move|p1b: Incineroar|Fake Out|p2b: Kingambit
|-damage|p2b: Kingambit|92/100
|move|p2a: Whimsicott|Moonblast|p1a: Porygon2
|-damage|p1a: Porygon2|81/100
|cant|p2b: Kingambit|flinch
|move|p1a: Porygon2|Trick Room|p1a: Porygon2
|-fieldstart|move: Trick Room|[of] p1a: Porygon2
|
|upkeep
|turn|2
|
|t:|1756574962
|switch|p1a: Primarina|Primarina, L50, F, shiny|100/100
|move|p2b: Kingambit|Kowtow Cleave|p1a: Primarina
|-resisted|p1a: Primarina
|-damage|p1a: Primarina|55/100
|move|p1b: Incineroar|Flare Blitz|p2a: Whimsicott
|-supereffective|p2a: Whimsicott
|-damage|p2a: Whimsicott|0 fnt
|faint|p2a: Whimsicott
|-damage|p1b: Incineroar|73/100|[from] Recoil
|
|upkeep
|
|t:|1756574972
|switch|p2a: Ursaluna|Ursaluna-Bloodmoon, L50, M|100/100
|turn|3
|
|t:|1756574987
|move|p2b: Kingambit|Tera Blast|p1b: Incineroar|[anim] Tera Blast Fairy
|-damage|p1b: Incineroar|9/100
|move|p1b: Incineroar|Knock Off|p2b: Kingambit
|-resisted|p2b: Kingambit
|-damage|p2b: Kingambit|78/100
|-enditem|p2b: Kingambit|Assault Vest|[from] move: Knock Off|[of] p1b: Incineroar
|move|p1a: Primarina|Hyper Voice|p2a: Ursaluna|[spread] p2a,p2b
|-supereffective|p2a: Ursaluna
|-damage|p2a: Ursaluna|28/100
|-damage|p2b: Kingambit|50/100
|-enditem|p1a: Primarina|Throat Spray
|-boost|p1a: Primarina|spa|1|[from] item: Throat Spray
|move|p2a: Ursaluna|Hyper Voice|p1b: Incineroar|[spread] p1a,p1b
|-damage|p1a: Primarina|23/100
|-damage|p1b: Incineroar|0 fnt
|faint|p1b: Incineroar
|-damage|p2a: Ursaluna|18/100|[from] item: Life Orb
|
|upkeep
|
|t:|1756575000
|switch|p1b: Porygon2|Porygon2, L50, shiny|81/100
|-ability|p1b: Porygon2|Download|boost
|-boost|p1b: Porygon2|spa|1
|turn|4
|inactive|feraligagor has 30 seconds left.
|
|t:|1756575027
|move|p2a: Ursaluna|Protect|p2a: Ursaluna
|-singleturn|p2a: Ursaluna|Protect
|move|p1b: Porygon2|Ice Beam|p2a: Ursaluna
|-activate|p2a: Ursaluna|move: Protect
|move|p2b: Kingambit|Iron Head|p1a: Primarina
|-damage|p1a: Primarina|0 fnt
|faint|p1a: Primarina
|
|upkeep
|
|t:|1756575035
|switch|p1a: Ursaluna|Ursaluna-Bloodmoon, L50, M|100/100
|turn|5
|inactive|feraligagor has 30 seconds left.
|inactive|feraligagor has 20 seconds left.
|inactive|Jakobtc has 30 seconds left.
|
|t:|1756575080
|move|p1a: Ursaluna|Hyper Voice|p2b: Kingambit|[spread] p2a,p2b
|-damage|p2a: Ursaluna|0 fnt
|-damage|p2b: Kingambit|12/100
|faint|p2a: Ursaluna
|move|p1b: Porygon2|Ice Beam|p2b: Kingambit
|-crit|p2b: Kingambit
|-damage|p2b: Kingambit|0 fnt
|faint|p2b: Kingambit
|
|-fieldend|move: Trick Room
|upkeep
|
|t:|1756575091
|switch|p2a: Typhlosion|Typhlosion-Hisui, L50, M|100/100
|turn|6
|
|t:|1756575100
|move|p2a: Typhlosion|Eruption|p1b: Porygon2|[spread] p1a,p1b
|-damage|p1a: Ursaluna|15/100
|-damage|p1b: Porygon2|32/100
|move|p1b: Porygon2|Foul Play|p2a: Typhlosion
|-supereffective|p2a: Typhlosion
|-damage|p2a: Typhlosion|59/100
|move|p1a: Ursaluna|Earth Power|p2a: Typhlosion
|-supereffective|p2a: Typhlosion
|-damage|p2a: Typhlosion|0 fnt
|faint|p2a: Typhlosion
|
|win|feraligagor
||feraligagor is ready for game 2.
