|j|☆CaratroncoSun
|j|☆Realfrytki
|html|CaratroncoSunRealfrytki    
|uhtml|bestof|Game 2 of a best-of-3
|t:|1782416854
|gametype|doubles
|player|p1|CaratroncoSun|juan|1273
|player|p2|Realfrytki|veteranf|1406
|gen|9
|tier|[Gen 9 Champions] VGC 2026 Reg M-B (Bo3)
|rated|
|rule|Species Clause: Limit one of each Pokémon
|rule|Item Clause: Limit 1 of each item
|clearpoke
|poke|p1|Overqwil, L50, F, shiny|
|poke|p1|Swampert, L50, M|
|poke|p1|Pelipper, L50, F|
|poke|p1|Metagross, L50, shiny|
|poke|p1|Sneasler, L50, F|
|poke|p1|Sinistcha-Masterpiece, L50|
|poke|p2|Archaludon, L50, F|
|poke|p2|Pelipper, L50, F|
|poke|p2|Mawile, L50, F|
|poke|p2|Grimmsnarl, L50, M|
|poke|p2|Sinistcha, L50|
|poke|p2|Swampert, L50, M|
|teampreview|4
|showteam|p1|Overqwil||LifeOrb|SwiftSwim|Protect,PoisonJab,ThroatChop,Liquidation|Adamant||F|||50|]Swampert||Swampertite|Damp|Protect,WaveCrash,HighHorsepower,IcePunch|Adamant||M|||50|]Pelipper||FocusSash|Drizzle|RainDance,Tailwind,Hurricane,WeatherBall|Modest||F|||50|]Metagross||Metagrossite|ClearBody|Protect,PsychicFangs,IronHead,IcePunch|Jolly|||||50|]Sneasler||WhiteHerb|Unburden|Coaching,FakeOut,DireClaw,CloseCombat|Jolly||F|||50|]Sinistcha-Masterpiece||SitrusBerry|Hospitality|MatchaGotcha,TrickRoom,LifeDew,RagePowder|Bold|||||50|
|showteam|p2|Archaludon||Leftovers|Stamina|DragonPulse,FlashCannon,ElectroShot,Protect|Modest||F|||50|]Pelipper||LifeOrb|Drizzle|Hurricane,WeatherBall,Protect,Tailwind|Modest||F|||50|]Mawile||Mawilite|Intimidate|PlayRough,IronHead,SuckerPunch,Protect|Adamant||F|||50|]Grimmsnarl||LightClay|Prankster|FoulPlay,PartingShot,LightScreen,Reflect|Sassy||M|||50|]Sinistcha||ColburBerry|Hospitality|MatchaGotcha,Protect,RagePowder,TrickRoom|Bold|||||50|]Swampert||Swampertite|Torrent|WaveCrash,Earthquake,IcePunch,Protect|Adamant||M|||50|
|
|t:|1782416870
|teamsize|p1|4
|teamsize|p2|4
|start
|switch|p1a: Sneasler|Sneasler, L50, F|100/100
|switch|p1b: Swampert|Swampert, L50, M|100/100
|switch|p2a: Pelipper|Pelipper, L50, F|100/100
|switch|p2b: Swampert|Swampert, L50, M|100/100
|-weather|RainDance|[from] ability: Drizzle|[of] p2a: Pelipper
|turn|1
|
|t:|1782416915
|switch|p1a: Sinistcha|Sinistcha-Masterpiece, L50|100/100
|detailschange|p1b: Swampert|Swampert-Mega, L50, M
|-mega|p1b: Swampert|Swampert|Swampertite
|detailschange|p2b: Swampert|Swampert-Mega, L50, M
|-mega|p2b: Swampert|Swampert|Swampertite
|move|p2b: Swampert|Protect|p2b: Swampert
|-singleturn|p2b: Swampert|Protect
|move|p1b: Swampert|Ice Punch|p2a: Pelipper
|-damage|p2a: Pelipper|69/100
|-status|p2a: Pelipper|frz
|cant|p2a: Pelipper|frz
|
|-weather|RainDance|[upkeep]
|upkeep
|turn|2
|
|t:|1782416934
|switch|p2b: Sinistcha|Sinistcha, L50|100/100
|-heal|p2a: Pelipper|94/100 frz|[from] ability: Hospitality|[of] p2b: Sinistcha
|move|p1b: Swampert|Ice Punch|p2a: Pelipper
|-damage|p2a: Pelipper|60/100 frz
|cant|p2a: Pelipper|frz
|move|p1a: Sinistcha|Matcha Gotcha|p2a: Pelipper|[spread] p2a,p2b
|-resisted|p2b: Sinistcha|1
|-damage|p2a: Pelipper|26/100 frz
|-damage|p2b: Sinistcha|88/100
|-status|p2b: Sinistcha|brn
|-curestatus|p2a: Pelipper|frz|[msg]
|
|-weather|RainDance|[upkeep]
|-damage|p2b: Sinistcha|82/100 brn|[from] brn
|upkeep
|turn|3
|
|t:|1782416972
|switch|p1b: Pelipper|Pelipper, L50, F|100/100
|move|p2b: Sinistcha|Rage Powder|p2b: Sinistcha
|-singleturn|p2b: Sinistcha|move: Rage Powder
|move|p2a: Pelipper|Hurricane|p1a: Sinistcha
|-supereffective|p1a: Sinistcha|1
|-damage|p1a: Sinistcha|0 fnt
|faint|p1a: Sinistcha
|-damage|p2a: Pelipper|17/100|[from] item: Life Orb
|
|-weather|RainDance|[upkeep]
|-damage|p2b: Sinistcha|76/100 brn|[from] brn
|upkeep
|
|t:|1782416986
|switch|p1a: Swampert|Swampert-Mega, L50, M|100/100
|turn|4
|
|t:|1782417023
|switch|p2a: Archaludon|Archaludon, L50, F|100/100
|move|p1a: Swampert|Wave Crash|p2a: Archaludon
|-resisted|p2a: Archaludon|1
|-damage|p2a: Archaludon|58/100
|-ability|p2a: Archaludon|Stamina|boost
|-boost|p2a: Archaludon|def|1
|-damage|p1a: Swampert|84/100|[from] Recoil
|move|p1b: Pelipper|Hurricane|p2b: Sinistcha
|-supereffective|p2b: Sinistcha|1
|-damage|p2b: Sinistcha|0 fnt
|faint|p2b: Sinistcha
|
|-weather|RainDance|[upkeep]
|-heal|p2a: Archaludon|64/100|[from] item: Leftovers
|upkeep
|
|t:|1782417038
|switch|p2b: Swampert|Swampert-Mega, L50, M|100/100
|turn|5
|
|t:|1782417050
|move|p2b: Swampert|Protect|p2b: Swampert
|-singleturn|p2b: Swampert|Protect
|move|p1a: Swampert|High Horsepower|p2a: Archaludon
|-supereffective|p2a: Archaludon|1
|-damage|p2a: Archaludon|7/100
|-ability|p2a: Archaludon|Stamina|boost
|-boost|p2a: Archaludon|def|1
|move|p1b: Pelipper|Tailwind|p1b: Pelipper
|-sidestart|p1: CaratroncoSun|move: Tailwind
|move|p2a: Archaludon|Electro Shot||[still]
|-prepare|p2a: Archaludon|Electro Shot
|-boost|p2a: Archaludon|spa|1
|-anim|p2a: Archaludon|Electro Shot|p1b: Pelipper
|-supereffective|p1b: Pelipper|2
|-enditem|p1b: Pelipper|Focus Sash
|-damage|p1b: Pelipper|1/100
|
|-weather|none
|-heal|p2a: Archaludon|13/100|[from] item: Leftovers
|upkeep
|turn|6
|
|t:|1782417087
|move|p1a: Swampert|Wave Crash|p2a: Archaludon
|-resisted|p2a: Archaludon|1
|-damage|p2a: Archaludon|1/100
|-ability|p2a: Archaludon|Stamina|boost
|-boost|p2a: Archaludon|def|1
|-damage|p1a: Swampert|80/100|[from] Recoil
|move|p1b: Pelipper|Hurricane|p2b: Swampert
|-damage|p2b: Swampert|57/100
|-start|p2b: Swampert|confusion
|-activate|p2b: Swampert|confusion
|move|p2b: Swampert|Wave Crash|p1a: Swampert
|-damage|p1a: Swampert|7/100
|-damage|p2b: Swampert|35/100|[from] Recoil
|move|p2a: Archaludon|Dragon Pulse|p1a: Swampert
|-damage|p1a: Swampert|0 fnt
|faint|p1a: Swampert
|
|-heal|p2a: Archaludon|7/100|[from] item: Leftovers
|upkeep
|
|t:|1782417104
|switch|p1a: Sneasler|Sneasler, L50, F|100/100
|turn|7
|
|t:|1782417124
|switch|p2b: Pelipper|Pelipper, L50, F|17/100
|-weather|RainDance|[from] ability: Drizzle|[of] p2b: Pelipper
|move|p1a: Sneasler|Close Combat|p2b: Pelipper
|-resisted|p2b: Pelipper|1
|-damage|p2b: Pelipper|0 fnt
|-unboost|p1a: Sneasler|def|1
|-unboost|p1a: Sneasler|spd|1
|faint|p2b: Pelipper
|-enditem|p1a: Sneasler|White Herb
|-clearnegativeboost|p1a: Sneasler|[silent]
|move|p1b: Pelipper|Hurricane|p2a: Archaludon
|-resisted|p2a: Archaludon|1
|-damage|p2a: Archaludon|0 fnt
|faint|p2a: Archaludon
|
|-weather|RainDance|[upkeep]
|upkeep
|-message|Realfrytki forfeited.
|
|win|CaratroncoSun
