|j|☆Thorton506
|j|☆Teamtestingthx
|html|Thorton506Teamtestingthx    
|uhtml|bestof|Game 1 of a best-of-3
|t:|1782752154
|gametype|doubles
|player|p1|Thorton506|brycen|1052
|player|p2|Teamtestingthx|170|1028
|gen|9
|tier|[Gen 9 Champions] VGC 2026 Reg M-B (Bo3)
|rated|
|rule|Species Clause: Limit one of each Pokémon
|rule|Item Clause: Limit 1 of each item
|clearpoke
|poke|p1|Swampert, L50, M, shiny|
|poke|p1|Pelipper, L50, M, shiny|
|poke|p1|Archaludon, L50, M, shiny|
|poke|p1|Sinistcha, L50, shiny|
|poke|p1|Kingambit, L50, M, shiny|
|poke|p1|Grimmsnarl, L50, M, shiny|
|poke|p2|Swampert, L50, M|
|poke|p2|Sceptile, L50, F|
|poke|p2|Pelipper, L50, F|
|poke|p2|Archaludon, L50, F|
|poke|p2|Rotom-Heat, L50|
|poke|p2|Grimmsnarl, L50, M|
|teampreview|4
|showteam|p1|Swampert||Swampertite|Torrent|WaveCrash,Earthquake,IcePunch,Protect|Adamant||M|||50|]Pelipper||SitrusBerry|Drizzle|WeatherBall,Hurricane,WideGuard,Tailwind|Modest||M|||50|]Archaludon||Leftovers|Stamina|ElectroShot,DragonPulse,FlashCannon,Protect|Modest||M|||50|]Sinistcha||KasibBerry|Hospitality|MatchaGotcha,RagePowder,TrickRoom,Protect|Bold|||||50|]Kingambit||ChopleBerry|Defiant|KowtowCleave,SuckerPunch,LowKick,Protect|Adamant||M|||50|]Grimmsnarl||LightClay|Prankster|SpiritBreak,Reflect,LightScreen,PartingShot|Careful||M|||50|
|showteam|p2|Swampert||Swampertite|Torrent|Protect,WaveCrash,FlipTurn,HighHorsepower|Adamant||M|||50|]Sceptile||Sceptilite|Overgrow|Protect,GigaDrain,DragonPulse,EarthPower|Timid||F|||50|]Pelipper||SitrusBerry|Drizzle|Protect,Tailwind,WideGuard,Hurricane|Modest||F|||50|]Archaludon||Leftovers|Stamina|Protect,AuraSphere,FlashCannon,ElectroShot|Calm||F|||50|]Rotom-Heat||ChoiceScarf|Levitate|Electroweb,Discharge,Thunder,Overheat|Timid|||||50|]Grimmsnarl||FocusSash|Prankster|Protect,SuckerPunch,SpiritBreak,Reflect|Adamant||M|||50|
|inactive|Battle timer is ON: inactive players will automatically lose when time's up. (requested by Teamtestingthx)
|inactive|Teamtestingthx has 60 seconds left.
|inactive|Teamtestingthx has 30 seconds left.
|inactive|Teamtestingthx has 20 seconds left.
|inactive|Teamtestingthx has 15 seconds left.
|inactive|Teamtestingthx has 10 seconds left.
|inactive|Teamtestingthx has 5 seconds left.
|
|t:|1782752244
|teamsize|p1|4
|teamsize|p2|4
|start
|switch|p1a: Archaludon|Archaludon, L50, M, shiny|100/100
|switch|p1b: Kingambit|Kingambit, L50, M, shiny|100/100
|switch|p2a: Sceptile|Sceptile, L50, F|100/100
|switch|p2b: Rotom|Rotom-Heat, L50|100/100
|turn|1
|
|t:|1782752266
|switch|p2a: Archaludon|Archaludon, L50, F|100/100
|switch|p1a: Swampert|Swampert, L50, M, shiny|100/100
|move|p2b: Rotom|Overheat|p1b: Kingambit
|-supereffective|p1b: Kingambit|1
|-damage|p1b: Kingambit|0 fnt
|-unboost|p2b: Rotom|spa|2
|faint|p1b: Kingambit
|
|upkeep
|
|t:|1782752274
|switch|p1b: Archaludon|Archaludon, L50, M, shiny|100/100
|turn|2
|
|t:|1782752293
|switch|p2b: Grimmsnarl|Grimmsnarl, L50, M|100/100
|detailschange|p1a: Swampert|Swampert-Mega, L50, M, shiny
|-mega|p1a: Swampert|Swampert|Swampertite
|move|p2a: Archaludon|Protect|p2a: Archaludon
|-singleturn|p2a: Archaludon|Protect
|move|p1b: Archaludon|Dragon Pulse|p2a: Archaludon
|-activate|p2a: Archaludon|move: Protect
|move|p1a: Swampert|Wave Crash|p2b: Grimmsnarl
|-damage|p2b: Grimmsnarl|11/100
|-damage|p1a: Swampert|68/100|[from] Recoil
|
|upkeep
|turn|3
|inactive|Teamtestingthx has 30 seconds left.
|inactive|Teamtestingthx has 20 seconds left.
|inactive|Teamtestingthx has 15 seconds left.
|
|t:|1782752335
|switch|p1b: Sinistcha|Sinistcha, L50, shiny|100/100
|-heal|p1a: Swampert|93/100|[from] ability: Hospitality|[of] p1b: Sinistcha
|move|p2b: Grimmsnarl|Reflect|p2b: Grimmsnarl
|-sidestart|p2: Teamtestingthx|Reflect
|move|p1a: Swampert|Earthquake|p2b: Grimmsnarl|[spread] p1b,p2a,p2b
|-resisted|p1b: Sinistcha|1
|-supereffective|p2a: Archaludon|1
|-damage|p1b: Sinistcha|79/100
|-damage|p2a: Archaludon|54/100
|-damage|p2b: Grimmsnarl|0 fnt
|-ability|p2a: Archaludon|Stamina|boost
|-boost|p2a: Archaludon|def|1
|faint|p2b: Grimmsnarl
|move|p2a: Archaludon|Electro Shot||[still]
|-prepare|p2a: Archaludon|Electro Shot
|-boost|p2a: Archaludon|spa|1
|
|-heal|p2a: Archaludon|60/100|[from] item: Leftovers
|upkeep
|
|t:|1782752344
|switch|p2b: Sceptile|Sceptile, L50, F|100/100
|turn|4
|
|t:|1782752360
|switch|p1a: Archaludon|Archaludon, L50, M, shiny|100/100
|detailschange|p2b: Sceptile|Sceptile-Mega, L50, F
|-mega|p2b: Sceptile|Sceptile|Sceptilite
|move|p2b: Sceptile|Dragon Pulse|p1b: Sinistcha
|-damage|p1b: Sinistcha|28/100
|move|p2a: Archaludon|Electro Shot|p2b: Sceptile|[from] lockedmove
|-activate|p2b: Sceptile|ability: Lightning Rod
|-ability|p2b: Sceptile|Lightning Rod|boost
|-boost|p2b: Sceptile|spa|1
|move|p1b: Sinistcha|Trick Room|p1b: Sinistcha
|-fieldstart|move: Trick Room|[of] p1b: Sinistcha
|
|-heal|p2a: Archaludon|67/100|[from] item: Leftovers
|upkeep
|turn|5
|inactive|Thorton506 has 30 seconds left.
|inactive|Teamtestingthx has 30 seconds left.
|
|t:|1782752393
|move|p2a: Archaludon|Protect|p2a: Archaludon
|-singleturn|p2a: Archaludon|Protect
|move|p2b: Sceptile|Protect|p2b: Sceptile
|-singleturn|p2b: Sceptile|Protect
|move|p1b: Sinistcha|Rage Powder|p1b: Sinistcha
|-singleturn|p1b: Sinistcha|move: Rage Powder
|move|p1a: Archaludon|Dragon Pulse|p2b: Sceptile
|-activate|p2b: Sceptile|move: Protect
|
|-heal|p2a: Archaludon|73/100|[from] item: Leftovers
|upkeep
|turn|6
|
|t:|1782752412
|move|p1b: Sinistcha|Rage Powder|p1b: Sinistcha
|-singleturn|p1b: Sinistcha|move: Rage Powder
|move|p2a: Archaludon|Flash Cannon|p1b: Sinistcha
|-damage|p1b: Sinistcha|0 fnt
|faint|p1b: Sinistcha
|move|p1a: Archaludon|Dragon Pulse|p2b: Sceptile
|-supereffective|p2b: Sceptile|1
|-damage|p2b: Sceptile|0 fnt
|faint|p2b: Sceptile
|
|-heal|p2a: Archaludon|79/100|[from] item: Leftovers
|upkeep
|
|t:|1782752423
|switch|p1b: Swampert|Swampert-Mega, L50, M, shiny|93/100
|switch|p2b: Rotom|Rotom-Heat, L50|100/100
|turn|7
|
|t:|1782752436
|move|p2a: Archaludon|Aura Sphere|p1b: Swampert
|-crit|p1b: Swampert
|-damage|p1b: Swampert|46/100
|move|p1b: Swampert|Wave Crash|p2b: Rotom
|-supereffective|p2b: Rotom|1
|-damage|p2b: Rotom|0 fnt
|faint|p2b: Rotom
|-damage|p1b: Swampert|24/100|[from] Recoil
|move|p1a: Archaludon|Dragon Pulse|p2a: Archaludon
|-damage|p2a: Archaludon|43/100
|-ability|p2a: Archaludon|Stamina|boost
|-boost|p2a: Archaludon|def|1
|
|-heal|p2a: Archaludon|50/100y|[from] item: Leftovers
|-sideend|p2: Teamtestingthx|Reflect
|upkeep
|turn|8
|
|t:|1782752456
|move|p2a: Archaludon|Aura Sphere|p1b: Swampert
|-damage|p1b: Swampert|0 fnt
|faint|p1b: Swampert
|move|p1a: Archaludon|Electro Shot||[still]
|-prepare|p1a: Archaludon|Electro Shot
|-boost|p1a: Archaludon|spa|1
|
|-heal|p2a: Archaludon|56/100|[from] item: Leftovers
|-fieldend|move: Trick Room
|upkeep
|turn|9
|
|t:|1782752464
|move|p2a: Archaludon|Protect|p2a: Archaludon
|-singleturn|p2a: Archaludon|Protect
|move|p1a: Archaludon|Electro Shot|p2a: Archaludon|[from] lockedmove
|-activate|p2a: Archaludon|move: Protect
|
|-heal|p2a: Archaludon|62/100|[from] item: Leftovers
|upkeep
|turn|10
|
|t:|1782752471
|move|p1a: Archaludon|Dragon Pulse|p2a: Archaludon
|-damage|p2a: Archaludon|11/100
|-ability|p2a: Archaludon|Stamina|boost
|-boost|p2a: Archaludon|def|1
|move|p2a: Archaludon|Aura Sphere|p1a: Archaludon
|-supereffective|p1a: Archaludon|1
|-damage|p1a: Archaludon|28/100
|-ability|p1a: Archaludon|Stamina|boost
|-boost|p1a: Archaludon|def|1
|
|-heal|p1a: Archaludon|35/100|[from] item: Leftovers
|-heal|p2a: Archaludon|17/100|[from] item: Leftovers
|upkeep
|turn|11
|
|t:|1782752482
|move|p2a: Archaludon|Protect|p2a: Archaludon
|-singleturn|p2a: Archaludon|Protect
|move|p1a: Archaludon|Dragon Pulse|p2a: Archaludon
|-activate|p2a: Archaludon|move: Protect
|
|-heal|p1a: Archaludon|41/100|[from] item: Leftovers
|-heal|p2a: Archaludon|23/100|[from] item: Leftovers
|upkeep
|turn|12
|
|t:|1782752486
|move|p1a: Archaludon|Dragon Pulse|p2a: Archaludon
|-damage|p2a: Archaludon|0 fnt
|faint|p2a: Archaludon
|
|win|Thorton506
||Teamtestingthx is ready for game 2.
||Thorton506 is ready for game 2.
|uhtml|next|Next: Game 2 of 3
|l|☆Teamtestingthx
|player|p2|
