|j|☆Block934
|j|☆ACExDiscostu93
|html|Block934ACExDiscostu93    
|uhtml|bestof|Game 2 of a best-of-3
|t:|1783284361
|gametype|doubles
|player|p1|Block934|265|
|player|p2|ACExDiscostu93|101|
|gen|9
|tier|[Gen 9 Champions] VGC 2026 Reg M-B (Bo3)
|rule|Species Clause: Limit one of each Pokémon
|rule|Item Clause: Limit 1 of each item
|clearpoke
|poke|p1|Gengar, L50, M|
|poke|p1|Politoed, L50, M|
|poke|p1|Archaludon, L50, F|
|poke|p1|Mamoswine, L50, F|
|poke|p1|Palafin, L50, M|
|poke|p1|Dragonite, L50, F|
|poke|p2|Raichu, L50, F|
|poke|p2|Clefable, L50, F|
|poke|p2|Annihilape, L50, M|
|poke|p2|Mamoswine, L50, F|
|poke|p2|Corviknight, L50, M|
|poke|p2|Arcanine, L50, F|
|teampreview|4
|showteam|p1|Gengar||Gengarite|CursedBody|Protect,SludgeBomb,ShadowBall,PerishSong|Calm||M|||50|]Politoed||SitrusBerry|Drizzle|Protect,WeatherBall,Hypnosis,PerishSong|Calm||M|||50|]Archaludon||Leftovers|Stamina|Protect,FlashCannon,DragonPulse,ElectroShot|Modest||F|||50|]Mamoswine||ChoiceScarf|Oblivious|HeavySlam,KnockOff,IcicleCrash,HighHorsepower|Jolly||F|||50|]Palafin||MysticWater|ZerotoHero|Protect,CloseCombat,JetPunch,WaveCrash|Adamant||M|||50|]Dragonite||YacheBerry|Multiscale|Haze,DragonTail,Hurricane,Tailwind|Bold||F|||50|
|showteam|p2|Raichu||RaichuniteY|LightningRod|Protect,Thunder,FocusBlast,Electroweb|Timid||F|||50|]Clefable||SitrusBerry|CuteCharm|Protect,FollowMe,Moonlight,Moonblast|Bold||F|||50|]Annihilape||ChoiceScarf|Defiant|CloseCombat,IcePunch,ShadowClaw,Uturn|Adamant||M|||50|]Mamoswine||NeverMeltIce|Oblivious|Protect,IceShard,HighHorsepower,IcicleSpear|Jolly||F|||50|]Corviknight||Leftovers|MirrorArmor|Protect,Tailwind,BodyPress,DrillPeck|Impish||M|||50|]Arcanine||PasshoBerry|Intimidate|Protect,MorningSun,Flamethrower,Snarl|Calm||F|||50|
|
|t:|1783284393
|teamsize|p1|4
|teamsize|p2|4
|start
|switch|p1a: Politoed|Politoed, L50, M|100/100
|switch|p1b: Palafin|Palafin, L50, M|100/100
|switch|p2a: Raichu|Raichu, L50, F|100/100
|switch|p2b: Annihilape|Annihilape, L50, M|100/100
|-weather|RainDance|[from] ability: Drizzle|[of] p1a: Politoed
|turn|1
|
|t:|1783284408
|detailschange|p1b: Palafin|Palafin-Hero, L50, M
|switch|p1b: Dragonite|Dragonite, L50, F|100/100
|detailschange|p2a: Raichu|Raichu-Mega-Y, L50, F
|-mega|p2a: Raichu|Raichu|Raichunite Y
|move|p2a: Raichu|Protect|p2a: Raichu
|-singleturn|p2a: Raichu|Protect
|move|p1a: Politoed|Protect|p1a: Politoed
|-singleturn|p1a: Politoed|Protect
|move|p2b: Annihilape|U-turn|p1a: Politoed
|-activate|p1a: Politoed|move: Protect
|
|-weather|RainDance|[upkeep]
|upkeep
|turn|2
|
|t:|1783284422
|move|p2b: Annihilape|U-turn|p1b: Dragonite
|-resisted|p1b: Dragonite|1
|-damage|p1b: Dragonite|95/100
|
|t:|1783284426
|switch|p2b: Clefable|Clefable, L50, F|100/100|[from] U-turn
|move|p2a: Raichu|Thunder|p1b: Dragonite
|-damage|p1b: Dragonite|39/100
|move|p1b: Dragonite|Tailwind|p1b: Dragonite
|-sidestart|p1: Block934|move: Tailwind
|move|p1a: Politoed|Hypnosis|p2a: Raichu
|-status|p2a: Raichu|slp|[from] move: Hypnosis
|
|-weather|RainDance|[upkeep]
|upkeep
|turn|3
|
|t:|1783284443
|switch|p1b: Palafin|Palafin-Hero, L50, M|100/100
|-activate|p1b: Palafin|ability: Zero to Hero
|cant|p2a: Raichu|slp
|move|p1a: Politoed|Hypnosis|p2b: Clefable
|-status|p2b: Clefable|slp|[from] move: Hypnosis
|cant|p2b: Clefable|slp
|
|-weather|RainDance|[upkeep]
|upkeep
|turn|4
|
|t:|1783284455
|switch|p1a: Archaludon|Archaludon, L50, F|100/100
|cant|p2a: Raichu|slp
|cant|p2b: Clefable|slp
|move|p1b: Palafin|Wave Crash|p2a: Raichu
|-damage|p2a: Raichu|0 fnt
|faint|p2a: Raichu
|-damage|p1b: Palafin|78/100|[from] Recoil
|
|-weather|RainDance|[upkeep]
|upkeep
|
|t:|1783284459
|switch|p2a: Annihilape|Annihilape, L50, M|100/100
|turn|5
|
|t:|1783284470
|move|p1a: Archaludon|Protect|p1a: Archaludon
|-singleturn|p1a: Archaludon|Protect
|-curestatus|p2b: Clefable|slp|[msg]
|move|p2b: Clefable|Follow Me|p2b: Clefable
|-singleturn|p2b: Clefable|move: Follow Me
|move|p1b: Palafin|Wave Crash|p2b: Clefable
|-damage|p2b: Clefable|0 fnt
|faint|p2b: Clefable
|-damage|p1b: Palafin|45/100|[from] Recoil
|move|p2a: Annihilape|Close Combat|p1b: Palafin
|-damage|p1b: Palafin|0 fnt
|-unboost|p2a: Annihilape|def|1
|-unboost|p2a: Annihilape|spd|1
|faint|p1b: Palafin
|
|-weather|none
|-sideend|p1: Block934|move: Tailwind
|upkeep
|
|t:|1783284482
|switch|p1b: Politoed|Politoed, L50, M|100/100
|switch|p2b: Mamoswine|Mamoswine, L50, F|100/100
|-weather|RainDance|[from] ability: Drizzle|[of] p1b: Politoed
|turn|6
|
|t:|1783284491
|switch|p1a: Dragonite|Dragonite, L50, F|39/100
|move|p2a: Annihilape|Close Combat|p1a: Dragonite
|-resisted|p1a: Dragonite|1
|-damage|p1a: Dragonite|16/100
|-unboost|p2a: Annihilape|def|1
|-unboost|p2a: Annihilape|spd|1
|move|p2b: Mamoswine|High Horsepower|p1b: Politoed
|-damage|p1b: Politoed|48/100
|-enditem|p1b: Politoed|Sitrus Berry|[eat]
|-heal|p1b: Politoed|73/100|[from] item: Sitrus Berry
|move|p1b: Politoed|Hypnosis|p2a: Annihilape|[miss]
|-miss|p1b: Politoed|p2a: Annihilape
|
|-weather|RainDance|[upkeep]
|upkeep
|turn|7
|
|t:|1783284510
|move|p2b: Mamoswine|Ice Shard|p1a: Dragonite
|-supereffective|p1a: Dragonite|2
|-enditem|p1a: Dragonite|Yache Berry|[eat]
|-enditem|p1a: Dragonite|Yache Berry|[weaken]
|-damage|p1a: Dragonite|0 fnt
|faint|p1a: Dragonite
|move|p2a: Annihilape|Close Combat|p1b: Politoed
|-damage|p1b: Politoed|10/100
|-unboost|p2a: Annihilape|def|1
|-unboost|p2a: Annihilape|spd|1
|move|p1b: Politoed|Weather Ball|p2b: Mamoswine
|-supereffective|p2b: Mamoswine|1
|-damage|p2b: Mamoswine|0 fnt
|faint|p2b: Mamoswine
|
|-weather|RainDance|[upkeep]
|upkeep
|
|t:|1783284514
|switch|p1a: Archaludon|Archaludon, L50, F|100/100
|turn|8
|
|t:|1783284523
|move|p2a: Annihilape|Close Combat|p1a: Archaludon
|-supereffective|p1a: Archaludon|1
|-damage|p1a: Archaludon|16/100
|-unboost|p2a: Annihilape|def|1
|-unboost|p2a: Annihilape|spd|1
|-ability|p1a: Archaludon|Stamina|boost
|-boost|p1a: Archaludon|def|1
|move|p1a: Archaludon|Electro Shot||[still]
|-prepare|p1a: Archaludon|Electro Shot
|-boost|p1a: Archaludon|spa|1
|-anim|p1a: Archaludon|Electro Shot|p2a: Annihilape
|-damage|p2a: Annihilape|0 fnt
|faint|p2a: Annihilape
|
|win|Block934
|c|☆Block934|gg
|c|☆ACExDiscostu93|gg2
||Block934 is ready for game 3.
|inactive|ACExDiscostu93 has 30 seconds to confirm battle start!
||ACExDiscostu93 is ready for game 3.
|uhtml|next|Next: Game 3 of 3
