|j|â˜†shaboogles
|j|â˜†ThatGuyInAMask
|html|shabooglesThatGuyInAMask    
|uhtml|bestof|Game 2 of a best-of-3
|t:|1783527640
|gametype|doubles
|player|p1|shaboogles|rosa|
|player|p2|ThatGuyInAMask|burglar|
|gen|9
|tier|[Gen 9 Champions] VGC 2026 Reg M-B (Bo3)
|rule|Species Clause: Limit one of each PokÃ©mon
|rule|Item Clause: Limit 1 of each item
|clearpoke
|poke|p1|Chandelure, L50, F|
|poke|p1|Garganacl, L50, F|
|poke|p1|Greninja, L50, F|
|poke|p1|Rotom-Mow, L50|
|poke|p1|Krookodile, L50, M|
|poke|p1|Ariados, L50, M|
|poke|p2|Swampert, L50, M|
|poke|p2|Drampa, L50, M|
|poke|p2|Gardevoir, L50, M, shiny|
|poke|p2|Rotom-Mow, L50|
|poke|p2|Liepard, L50, M, shiny|
|poke|p2|Pidgeot, L50, M, shiny|
|teampreview|4
|showteam|p1|Chandelure||Chandelurite|Infiltrator|HeatWave,ShadowBall,TrickRoom,Protect|Modest||F|||50|]Garganacl||Leftovers|PurifyingSalt|WideGuard,SaltCure,Recover,Protect|Sassy||F|||50|]Greninja||Greninjite|Torrent|IcyWind,Protect,HydroPump,DarkPulse|Timid||F|||50|]Rotom-Mow||ChoiceScarf|Levitate|Thunderbolt,LeafStorm,Electroweb,Trick|Timid|||||50|]Krookodile||PasshoBerry|Intimidate|Crunch,Taunt,Protect,HighHorsepower|Adamant||M|||50|]Ariados||ScopeLens|Sniper|CrossPoison,Protect,RagePowder,KnockOff|Impish||M|||50|
|showteam|p2|Swampert||RindoBerry|Torrent|WaveCrash,Earthquake,HammerArm,Protect|Adamant||M|||50|]Drampa||SitrusBerry|CloudNine|Protect,DragonPulse,Flamethrower,HyperVoice|Modest||M|||50|]Gardevoir||FairyFeather|Trace|Protect,Psychic,DazzlingGleam,Moonblast|Timid||M|||50|]Rotom-Mow||ChoiceScarf|Levitate|Electroweb,VoltSwitch,LeafStorm,Thunderbolt|Timid|||||50|]Liepard||FocusSash|Prankster|FakeOut,Encore,Taunt,KnockOff|Jolly||M|||50|]Pidgeot||Pidgeotite|KeenEye|Tailwind,Hurricane,HeatWave,Protect|Timid||M|||50|
|
|t:|1783527684
|teamsize|p1|4
|teamsize|p2|4
|start
|switch|p1a: Rotom|Rotom-Mow, L50|100/100
|switch|p1b: Krookodile|Krookodile, L50, M|100/100
|switch|p2a: Liepard|Liepard, L50, M, shiny|100/100
|switch|p2b: Swampert|Swampert, L50, M|100/100
|-ability|p1b: Krookodile|Intimidate|boost
|-unboost|p2a: Liepard|atk|1
|-unboost|p2b: Swampert|atk|1
|turn|1
|
|t:|1783527717
|move|p2a: Liepard|Fake Out|p1a: Rotom
|-damage|p1a: Rotom|89/100
|cant|p1a: Rotom|flinch
|move|p1b: Krookodile|High Horsepower|p2a: Liepard
|-enditem|p2a: Liepard|Focus Sash
|-damage|p2a: Liepard|1/100
|move|p2b: Swampert|Hammer Arm|p1b: Krookodile
|-supereffective|p1b: Krookodile|1
|-damage|p1b: Krookodile|56/100
|-unboost|p2b: Swampert|spe|1
|
|upkeep
|turn|2
|
|t:|1783527754
|switch|p2b: Mowtom|Rotom-Mow, L50|100/100
|move|p1a: Rotom|Electroweb|p2a: Liepard|[spread] p2a,p2b
|-resisted|p2b: Mowtom|2
|-damage|p2a: Liepard|0 fnt
|-damage|p2b: Mowtom|94/100
|-unboost|p2b: Mowtom|spe|1
|faint|p2a: Liepard
|move|p1b: Krookodile|Crunch|p2b: Mowtom
|-damage|p2b: Mowtom|44/100
|-unboost|p2b: Mowtom|def|1
|
|upkeep
|
|t:|1783527765
|switch|p2a: Swampert|Swampert, L50, M|100/100
|turn|3
|
|t:|1783527784
|move|p2a: Swampert|Protect|p2a: Swampert
|-singleturn|p2a: Swampert|Protect
|move|p1a: Rotom|Electroweb|p2a: Swampert|[spread] p2b
|-activate|p2a: Swampert|move: Protect
|-resisted|p2b: Mowtom|2
|-damage|p2b: Mowtom|38/100
|-unboost|p2b: Mowtom|spe|1
|move|p2b: Mowtom|Leaf Storm|p1b: Krookodile
|-supereffective|p1b: Krookodile|1
|-damage|p1b: Krookodile|0 fnt
|-unboost|p2b: Mowtom|spa|2
|faint|p1b: Krookodile
|
|upkeep
|
|t:|1783527788
|switch|p1b: Ariados|Ariados, L50, M|100/100
|turn|4
|
|t:|1783527830
|switch|p1a: Chandelure|Chandelure, L50, F|100/100
|switch|p2a: Gardevoir|Gardevoir, L50, M, shiny|100/100
|-ability|p2a: Gardevoir|Sniper|Trace|[from] ability: Trace|[of] p1b: Ariados
|move|p2b: Mowtom|Leaf Storm|p1a: Chandelure
|-resisted|p1a: Chandelure|1
|-damage|p1a: Chandelure|82/100
|-unboost|p2b: Mowtom|spa|2
|move|p1b: Ariados|Cross Poison|p2b: Mowtom
|-supereffective|p2b: Mowtom|1
|-crit|p2b: Mowtom
|-damage|p2b: Mowtom|0 fnt
|faint|p2b: Mowtom
|
|upkeep
|
|t:|1783527844
|switch|p2b: Swampert|Swampert, L50, M|100/100
|turn|5
|
|t:|1783527877
|move|p1a: Chandelure|Protect|p1a: Chandelure
|-singleturn|p1a: Chandelure|Protect
|move|p2a: Gardevoir|Psychic|p1b: Ariados
|-supereffective|p1b: Ariados|1
|-damage|p1b: Ariados|0 fnt
|faint|p1b: Ariados
|move|p2b: Swampert|Wave Crash|p1a: Chandelure
|-activate|p1a: Chandelure|move: Protect
|
|upkeep
|
|t:|1783527879
|switch|p1b: Rotom|Rotom-Mow, L50|89/100
|turn|6
|
|t:|1783527899
|detailschange|p1a: Chandelure|Chandelure-Mega, L50, F
|-mega|p1a: Chandelure|Chandelure|Chandelurite
|move|p2b: Swampert|Protect|p2b: Swampert
|-singleturn|p2b: Swampert|Protect
|move|p1b: Rotom|Leaf Storm|p2b: Swampert
|-activate|p2b: Swampert|move: Protect
|move|p2a: Gardevoir|Moonblast|p1b: Rotom
|-damage|p1b: Rotom|12/100
|-unboost|p1b: Rotom|spa|1
|move|p1a: Chandelure|Shadow Ball|p2b: Swampert
|-activate|p2b: Swampert|move: Protect
|
|upkeep
|turn|7
|
|t:|1783527914
|move|p1b: Rotom|Leaf Storm|p2b: Swampert
|-supereffective|p2b: Swampert|2
|-enditem|p2b: Swampert|Rindo Berry|[eat]
|-enditem|p2b: Swampert|Rindo Berry|[weaken]
|-damage|p2b: Swampert|35/100
|-unboost|p1b: Rotom|spa|2
|move|p2a: Gardevoir|Dazzling Gleam|p1a: Chandelure|[spread] p1a,p1b
|-resisted|p1a: Chandelure|1
|-damage|p1a: Chandelure|61/100
|-damage|p1b: Rotom|0 fnt
|faint|p1b: Rotom
|move|p1a: Chandelure|Shadow Ball|p2b: Swampert
|-damage|p2b: Swampert|0 fnt
|faint|p2b: Swampert
|
|upkeep
|turn|8
|
|t:|1783527929
|move|p2a: Gardevoir|Psychic|p1a: Chandelure
|-damage|p1a: Chandelure|9/100
|move|p1a: Chandelure|Shadow Ball|p2a: Gardevoir
|-supereffective|p2a: Gardevoir|1
|-damage|p2a: Gardevoir|0 fnt
|faint|p2a: Gardevoir
|
|win|shaboogles
||shaboogles is ready for game 3.
||ThatGuyInAMask is ready for game 3.
|uhtml|next|Next: Game 3 of 3
