|j|☆lorycana_
|j|☆ReggioVGC
|html|lorycana_ReggioVGC    
|uhtml|bestof|Game 2 of a best-of-3
|t:|1756671095
|gametype|doubles
|player|p1|lorycana_|265|1099
|player|p2|ReggioVGC|lucas|1076
|gen|9
|tier|[Gen 9] VGC 2025 Reg H (Bo3)
|rated|
|rule|Species Clause: Limit one of each Pokémon
|rule|Item Clause: Limit 1 of each item
|clearpoke
|poke|p1|Incineroar, L50, F|
|poke|p1|Pelipper, L50, M|
|poke|p1|Basculegion, L50, M|
|poke|p1|Amoonguss, L50, M|
|poke|p1|Maushold-Four, L50|
|poke|p1|Archaludon, L50, M|
|poke|p2|Ursaluna, L50, M|
|poke|p2|Kilowattrel, L50, F|
|poke|p2|Gholdengo, L50|
|poke|p2|Incineroar, L50, F|
|poke|p2|Amoonguss, L50, F|
|poke|p2|Porygon2, L50|
|teampreview|4
|showteam|p1|Incineroar||SafetyGoggles|Intimidate|FakeOut,FlareBlitz,KnockOff,PartingShot|||F|||50|,,,,,Ghost]Pelipper||FocusSash|Drizzle|Hurricane,WeatherBall,Tailwind,Protect|||M|||50|,,,,,Ghost]Basculegion||MysticWater|SwiftSwim|Protect,WaveCrash,AquaJet,LastRespects|||M|||50|,,,,,Water]Amoonguss||SitrusBerry|Regenerator|Spore,RagePowder,PollenPuff,ClearSmog|||M|||50|,,,,,Water]Maushold-Four||WideLens|Technician|PopulationBomb,FollowMe,Taunt,Protect||||||50|,,,,,Grass]Archaludon||AssaultVest|Stamina|ElectroShot,DragonPulse,FlashCannon,BodyPress|||M|||50|,,,,,Grass
|showteam|p2|Ursaluna||FlameOrb|Guts|Facade,HeadlongRush,Earthquake,Protect|||M|||50|,,,,,Fairy]Kilowattrel||FocusSash|Competitive|Thunderbolt,AirSlash,Tailwind,Protect|||F|||50|,,,,,Ghost]Gholdengo||LifeOrb|GoodasGold|MakeItRain,ShadowBall,NastyPlot,Protect||||||50|,,,,,Flying]Incineroar||AssaultVest|Intimidate|KnockOff,FlareBlitz,Uturn,FakeOut|||F|||50|,,,,,Grass]Amoonguss||SitrusBerry|Regenerator|Spore,RagePowder,SludgeBomb,Protect|||F|||50|,,,,,Water]Porygon2||Eviolite|Download|TeraBlast,IceBeam,Recover,TrickRoom||||||50|,,,,,Fighting
|inactive|Battle timer is ON: inactive players will automatically lose when time's up. (requested by lorycana_)
|
|t:|1756671125
|teamsize|p1|4
|teamsize|p2|4
|start
|switch|p1a: Pelipper|Pelipper, L50, M|100/100
|switch|p1b: Archaludon|Archaludon, L50, M|100/100
|switch|p2a: Mr Worldwide|Gholdengo, L50|100/100
|switch|p2b: Big Bird|Kilowattrel, L50, F|100/100
|-weather|RainDance|[from] ability: Drizzle|[of] p1a: Pelipper
|turn|1
|
|t:|1756671143
|move|p2b: Big Bird|Tailwind|p2b: Big Bird
|-sidestart|p2: ReggioVGC|move: Tailwind
|move|p2a: Mr Worldwide|Nasty Plot|p2a: Mr Worldwide
|-boost|p2a: Mr Worldwide|spa|2
|move|p1a: Pelipper|Tailwind|p1a: Pelipper
|-sidestart|p1: lorycana_|move: Tailwind
|move|p1b: Archaludon|Electro Shot||[still]
|-prepare|p1b: Archaludon|Electro Shot
|-boost|p1b: Archaludon|spa|1
|-anim|p1b: Archaludon|Electro Shot|p2a: Mr Worldwide
|-damage|p2a: Mr Worldwide|35/100
|
|-weather|RainDance|[upkeep]
|upkeep
|turn|2
|inactive|ReggioVGC has 30 seconds left.
|
|t:|1756671168
|switch|p1a: Incineroar|Incineroar, L50, F|100/100
|-ability|p1a: Incineroar|Intimidate|boost
|-unboost|p2a: Mr Worldwide|atk|1
|-unboost|p2b: Big Bird|atk|1
|-ability|p2b: Big Bird|Competitive|boost
|-boost|p2b: Big Bird|spa|2
|move|p2a: Mr Worldwide|Protect|p2a: Mr Worldwide
|-singleturn|p2a: Mr Worldwide|Protect
|move|p2b: Big Bird|Thunderbolt|p1a: Incineroar
|-damage|p1a: Incineroar|32/100
|move|p1b: Archaludon|Dragon Pulse|p2b: Big Bird
|-enditem|p2b: Big Bird|Focus Sash
|-damage|p2b: Big Bird|1/100
|
|-weather|RainDance|[upkeep]
|upkeep
|turn|3
|
|t:|1756671191
|move|p2b: Big Bird|Protect|p2b: Big Bird
|-singleturn|p2b: Big Bird|Protect
|move|p1a: Incineroar|Fake Out|p2b: Big Bird
|-activate|p2b: Big Bird|move: Protect
|move|p2a: Mr Worldwide|Make It Rain|p1b: Archaludon|[spread] p1a,p1b
|-resisted|p1a: Incineroar
|-resisted|p1b: Archaludon
|-damage|p1a: Incineroar|0 fnt
|-damage|p1b: Archaludon|64/100
|-unboost|p2a: Mr Worldwide|spa|1
|-ability|p1b: Archaludon|Stamina|boost
|-boost|p1b: Archaludon|def|1
|faint|p1a: Incineroar
|-damage|p2a: Mr Worldwide|26/100|[from] item: Life Orb
|move|p1b: Archaludon|Dragon Pulse|p2a: Mr Worldwide
|-resisted|p2a: Mr Worldwide
|-damage|p2a: Mr Worldwide|0 fnt
|faint|p2a: Mr Worldwide
|
|-weather|RainDance|[upkeep]
|upkeep
|
|t:|1756671211
|switch|p2a: Dinko|Ursaluna, L50, M|100/100
|switch|p1a: Basculegion|Basculegion, L50, M|100/100
|turn|4
|
|t:|1756671228
|-terastallize|p2a: Dinko|Fairy
|move|p1a: Basculegion|Aqua Jet|p2b: Big Bird
|-damage|p2b: Big Bird|0 fnt
|faint|p2b: Big Bird
|move|p1b: Archaludon|Dragon Pulse|p2a: Dinko
|-immune|p2a: Dinko
|move|p2a: Dinko|Headlong Rush|p1b: Archaludon
|-supereffective|p1b: Archaludon
|-damage|p1b: Archaludon|0 fnt
|-unboost|p2a: Dinko|def|1
|-unboost|p2a: Dinko|spd|1
|faint|p1b: Archaludon
|
|-weather|RainDance|[upkeep]
|-sideend|p1: lorycana_|move: Tailwind
|-sideend|p2: ReggioVGC|move: Tailwind
|-status|p2a: Dinko|brn|[from] item: Flame Orb
|upkeep
|
|t:|1756671246
|switch|p2b: 뽀록나|Amoonguss, L50, F, shiny|100/100
|switch|p1b: Pelipper|Pelipper, L50, M|100/100
|turn|5
|inactive|ReggioVGC has 30 seconds left.
|
|t:|1756671271
|move|p2a: Dinko|Protect|p2a: Dinko
|-singleturn|p2a: Dinko|Protect
|move|p1a: Basculegion|Wave Crash|p2a: Dinko
|-activate|p2a: Dinko|move: Protect
|move|p1b: Pelipper|Tailwind|p1b: Pelipper
|-sidestart|p1: lorycana_|move: Tailwind
|move|p2b: 뽀록나|Spore|p1b: Pelipper
|-status|p1b: Pelipper|slp|[from] move: Spore
|
|-weather|none
|-damage|p2a: Dinko|95/100 brn|[from] brn
|upkeep
|turn|6
|inactive|lorycana_ has 30 seconds left.
|
|t:|1756671298
|move|p1a: Basculegion|Wave Crash|p2a: Dinko
|-damage|p2a: Dinko|0 fnt
|faint|p2a: Dinko
|-damage|p1a: Basculegion|68/100|[from] Recoil
|cant|p1b: Pelipper|slp
|move|p2b: 뽀록나|Sludge Bomb|p1b: Pelipper
|-damage|p1b: Pelipper|53/100 slp
|
|upkeep
|turn|7
|
|t:|1756671314
|move|p1a: Basculegion|Last Respects|p2b: 뽀록나
|-damage|p2b: 뽀록나|39/100
|-enditem|p2b: 뽀록나|Sitrus Berry|[eat]
|-heal|p2b: 뽀록나|63/100|[from] item: Sitrus Berry
|cant|p1b: Pelipper|slp
|move|p2b: 뽀록나|Sludge Bomb|p1b: Pelipper
|-damage|p1b: Pelipper|4/100 slp
|
|upkeep
|turn|8
|
|t:|1756671328
|move|p1a: Basculegion|Last Respects|p2b: 뽀록나
|-crit|p2b: 뽀록나
|-damage|p2b: 뽀록나|0 fnt
|faint|p2b: 뽀록나
|
|win|lorycana_
|raw|lorycana_'s rating: 1099 → 1122(+23 for winning)
|raw|ReggioVGC's rating: 1076 → 1056(-20 for losing)
|l|☆ReggioVGC
|player|p2|
|c|☆lorycana_|Gg
