|j|☆monsoonisbest
|j|☆JvinsVGC
|html|monsoonisbestJvinsVGC    
|uhtml|bestof|Game 1 of a best-of-3
|t:|1782741428
|gametype|doubles
|player|p1|monsoonisbest|169|1221
|player|p2|JvinsVGC|265|1294
|gen|9
|tier|[Gen 9 Champions] VGC 2026 Reg M-B (Bo3)
|rated|
|rule|Species Clause: Limit one of each Pokémon
|rule|Item Clause: Limit 1 of each item
|clearpoke
|poke|p1|Pyroar, L50, M|
|poke|p1|Basculegion, L50, M|
|poke|p1|Mawile, L50, F|
|poke|p1|Torkoal, L50, F|
|poke|p1|Oranguru, L50, F|
|poke|p1|Grimmsnarl, L50, M|
|poke|p2|Staraptor, L50, F|
|poke|p2|Grimmsnarl, L50, M|
|poke|p2|Arcanine-Hisui, L50, M|
|poke|p2|Garchomp, L50, F|
|poke|p2|Gholdengo, L50|
|poke|p2|Maushold-Four, L50|
|teampreview|4
|showteam|p1|Pyroar||Pyroarite|Rivalry|HeatWave,SolarBeam,Overheat,Protect|Timid||M|||50|]Basculegion||ChoiceScarf|Adaptability|WaveCrash,LastRespects,FlipTurn,AquaJet|Jolly||M|||50|]Mawile||Mawilite|HyperCutter|IronHead,PlayRough,SuckerPunch,Protect|Adamant||F|||50|]Torkoal||Charcoal|Drought|Eruption,WeatherBall,HelpingHand,Protect|Quiet||F|||50|]Oranguru||MentalHerb|InnerFocus|Psychic,TrickRoom,Encore,Instruct|Relaxed||F|||50|]Grimmsnarl||SitrusBerry|Prankster|SpiritBreak,FakeOut,LightScreen,PartingShot|Careful||M|||50|
|showteam|p2|Staraptor||Staraptite|Intimidate|CloseCombat,BraveBird,Tailwind,Roost|Adamant||F|||50|]Grimmsnarl||LightClay|Prankster|LightScreen,Reflect,SpiritBreak,PartingShot|Careful||M|||50|]Arcanine-Hisui||HardStone|RockHead|FlareBlitz,RockSlide,HeadSmash,Protect|Adamant||M|||50|]Garchomp||SoftSand|RoughSkin|Earthquake,DragonClaw,SwordsDance,Protect|Adamant||F|||50|]Gholdengo||SitrusBerry|GoodasGold|MakeItRain,ShadowBall,NastyPlot,Protect|Modest|||||50|]Maushold-Four||FocusSash|FriendGuard|FollowMe,SuperFang,Charm,Protect|Timid|||||50|
|
|t:|1782741450
|teamsize|p1|4
|teamsize|p2|4
|start
|switch|p1a: Oranguru|Oranguru, L50, F|100/100
|switch|p1b: Grimmsnarl|Grimmsnarl, L50, M|100/100
|switch|p2a: Arcanine|Arcanine-Hisui, L50, M|100/100
|switch|p2b: Grimmsnarl|Grimmsnarl, L50, M|100/100
|turn|1
|
|t:|1782741476
|move|p1b: Grimmsnarl|Fake Out|p2a: Arcanine
|-resisted|p2a: Arcanine|1
|-damage|p2a: Arcanine|94/100
|cant|p2a: Arcanine|flinch
|move|p2b: Grimmsnarl|Spirit Break|p1b: Grimmsnarl
|-supereffective|p1b: Grimmsnarl|1
|-damage|p1b: Grimmsnarl|27/100
|-unboost|p1b: Grimmsnarl|spa|1
|-enditem|p1b: Grimmsnarl|Sitrus Berry|[eat]
|-heal|p1b: Grimmsnarl|52/100|[from] item: Sitrus Berry
|move|p1a: Oranguru|Trick Room|p1a: Oranguru
|-fieldstart|move: Trick Room|[of] p1a: Oranguru
|
|upkeep
|turn|2
|
|t:|1782741502
|move|p1b: Grimmsnarl|Parting Shot|p2a: Arcanine
|-unboost|p2a: Arcanine|atk|1
|-unboost|p2a: Arcanine|spa|1
|
|t:|1782741510
|switch|p1b: Mawile|Mawile, L50, F|100/100|[from] Parting Shot
|move|p1a: Oranguru|Psychic|p2a: Arcanine
|-damage|p2a: Arcanine|64/100
|-unboost|p2a: Arcanine|spd|1
|move|p2b: Grimmsnarl|Spirit Break|p1a: Oranguru
|-damage|p1a: Oranguru|75/100
|-unboost|p1a: Oranguru|spa|1
|move|p2a: Arcanine|Head Smash|p1a: Oranguru|[miss]
|-miss|p2a: Arcanine|p1a: Oranguru
|
|upkeep
|turn|3
|
|t:|1782741528
|switch|p2a: Maushold|Maushold-Four, L50|100/100
|detailschange|p1b: Mawile|Mawile-Mega, L50, F
|-mega|p1b: Mawile|Mawile|Mawilite
|move|p2b: Grimmsnarl|Reflect|p2b: Grimmsnarl
|-sidestart|p2: JvinsVGC|Reflect
|move|p1b: Mawile|Iron Head|p2b: Grimmsnarl
|-supereffective|p2b: Grimmsnarl|1
|-damage|p2b: Grimmsnarl|26/100
|move|p1a: Oranguru|Instruct|p1b: Mawile
|-singleturn|p1b: Mawile|move: Instruct|[of] p1a: Oranguru
|move|p1b: Mawile|Iron Head|p2b: Grimmsnarl
|-supereffective|p2b: Grimmsnarl|1
|-damage|p2b: Grimmsnarl|0 fnt
|faint|p2b: Grimmsnarl
|
|upkeep
|
|t:|1782741541
|switch|p2b: Arcanine|Arcanine-Hisui, L50, M|64/100
|turn|4
|
|t:|1782741550
|move|p2a: Maushold|Follow Me|p2a: Maushold
|-singleturn|p2a: Maushold|move: Follow Me
|move|p1b: Mawile|Iron Head|p2a: Maushold
|-damage|p2a: Maushold|36/100
|move|p1a: Oranguru|Instruct|p2a: Maushold
|-singleturn|p2a: Maushold|move: Instruct|[of] p1a: Oranguru
|move|p2a: Maushold|Follow Me||[still]
|-fail|p2a: Maushold
|move|p2b: Arcanine|Flare Blitz|p1b: Mawile
|-supereffective|p1b: Mawile|1
|-damage|p1b: Mawile|0 fnt
|faint|p1b: Mawile
|
|upkeep
|
|t:|1782741558
|switch|p1b: Torkoal|Torkoal, L50, F|100/100
|-weather|SunnyDay|[from] ability: Drought|[of] p1b: Torkoal
|turn|5
|
|t:|1782741566
|move|p2b: Arcanine|Protect|p2b: Arcanine
|-singleturn|p2b: Arcanine|Protect
|move|p2a: Maushold|Protect|p2a: Maushold
|-singleturn|p2a: Maushold|Protect
|move|p1b: Torkoal|Eruption|p2a: Maushold|[spread] 
|-activate|p2a: Maushold|move: Protect
|-activate|p2b: Arcanine|move: Protect
|move|p1a: Oranguru|Psychic|p2b: Arcanine
|-activate|p2b: Arcanine|move: Protect
|
|-weather|SunnyDay|[upkeep]
|-fieldend|move: Trick Room
|upkeep
|turn|6
|
|t:|1782741579
|move|p2a: Maushold|Super Fang|p1a: Oranguru
|-damage|p1a: Oranguru|38/100
|move|p2b: Arcanine|Flare Blitz|p1a: Oranguru
|-damage|p1a: Oranguru|0 fnt
|faint|p1a: Oranguru
|move|p1b: Torkoal|Eruption|p2a: Maushold|[spread] p2a,p2b
|-resisted|p2b: Arcanine|2
|-damage|p2a: Maushold|0 fnt
|-damage|p2b: Arcanine|48/100
|faint|p2a: Maushold
|
|-weather|SunnyDay|[upkeep]
|upkeep
|
|t:|1782741588
|switch|p2a: Garchomp|Garchomp, L50, F|100/100
|switch|p1a: Grimmsnarl|Grimmsnarl, L50, M|52/100
|turn|7
|
|t:|1782741598
|move|p1a: Grimmsnarl|Fake Out|p2a: Garchomp
|-damage|p2a: Garchomp|93/100
|-damage|p1a: Grimmsnarl|39/100|[from] ability: Rough Skin|[of] p2a: Garchomp
|cant|p2a: Garchomp|flinch
|move|p2b: Arcanine|Flare Blitz|p1a: Grimmsnarl
|-damage|p1a: Grimmsnarl|0 fnt
|faint|p1a: Grimmsnarl
|move|p1b: Torkoal|Eruption|p2b: Arcanine|[spread] p2a,p2b
|-resisted|p2a: Garchomp|1
|-resisted|p2b: Arcanine|2
|-damage|p2a: Garchomp|53/100
|-damage|p2b: Arcanine|25/100
|
|-weather|SunnyDay|[upkeep]
|upkeep
|turn|8
|-message|monsoonisbest forfeited.
|
|win|JvinsVGC
