|j|☆Zacharykeith
|j|☆Rosarino
|html|ZacharykeithRosarino    
|uhtml|bestof|Game 1 of a best-of-3
|t:|1756253752
|gametype|doubles
|player|p1|Zacharykeith|fisherman-gen4|1049
|player|p2|Rosarino|drayden|1005
|gen|9
|tier|[Gen 9] VGC 2025 Reg H (Bo3)
|rated|
|rule|Species Clause: Limit one of each Pokémon
|rule|Item Clause: Limit 1 of each item
|clearpoke
|poke|p1|Ursaluna, L50, M|
|poke|p1|Cetitan, L50, M|
|poke|p1|Porygon2, L50|
|poke|p1|Incineroar, L50, M|
|poke|p1|Sinistcha, L50|
|poke|p1|Pikachu, L50, F|
|poke|p2|Whimsicott, L50, F|
|poke|p2|Typhlosion, L50, F|
|poke|p2|Rillaboom, L50, M|
|poke|p2|Sneasler, L50, F|
|poke|p2|Porygon2, L50|
|poke|p2|Chandelure, L50, F|
|teampreview|4
|showteam|p1|Ursaluna||FlameOrb|Guts|Facade,HeadlongRush,Earthquake,Protect|||M|||50|,,,,,Ghost]Cetitan||AssaultVest|SheerForce|IcicleCrash,IceShard,HighHorsepower,Liquidation|||M|||50|,,,,,Water]Porygon2||Eviolite|Trace|TeraBlast,IceBeam,TrickRoom,Recover||||||50|,,,,,Fighting]Incineroar||SafetyGoggles|Intimidate|FakeOut,KnockOff,PartingShot,FlareBlitz|||M|||50|,,,,,Ghost]Sinistcha||SitrusBerry|Hospitality|MatchaGotcha,RagePowder,LifeDew,TrickRoom||||||50|,,,,,Water]Pikachu||LightBall|LightningRod|Thunderbolt,VoltSwitch,Encore,Protect|||F|||50|,,,,,Electric
|showteam|p2|Whimsicott||FocusSash|Prankster|Endeavor,Protect,Tailwind,SunnyDay|||F|||50|,,,,,Ghost]Typhlosion||ChoiceSpecs|FlashFire|ScorchingSands,Eruption,Protect,LavaPlume|||F|||50|,,,,,Ground]Rillaboom||AssaultVest|GrassySurge|FakeOut,HighHorsepower,WoodHammer,GrassyGlide|||M|||50|,,,,,Poison]Sneasler||GrassySeed|Unburden|ThroatChop,Protect,DireClaw,CloseCombat|||F|||50|,,,,,Dark]Porygon2||Eviolite|Trace|TrickRoom,TeraBlast,Protect,IceBeam||||||50|,,,,,Ground]Chandelure||ChoiceScarf|FlashFire|HeatWave,DarkPulse,ShadowBall,Overheat|||F|||50|,,,,,Ghost
|
|t:|1756253779
|teamsize|p1|4
|teamsize|p2|4
|start
|switch|p1a: Porygon2|Porygon2, L50|100/100
|switch|p1b: Incineroar|Incineroar, L50, M|100/100
|switch|p2a: Chandelure|Chandelure, L50, F|100/100
|switch|p2b: Typhlosion|Typhlosion, L50, F|100/100
|-ability|p1a: Porygon2|Flash Fire|Trace|[from] ability: Trace|[of] p2a: Chandelure
|-ability|p1b: Incineroar|Intimidate|boost
|-unboost|p2a: Chandelure|atk|1
|-unboost|p2b: Typhlosion|atk|1
|turn|1
|inactive|Battle timer is ON: inactive players will automatically lose when time's up. (requested by Zacharykeith)
|
|t:|1756253809
|-terastallize|p2b: Typhlosion|Ground
|move|p1b: Incineroar|Fake Out|p2b: Typhlosion
|-damage|p2b: Typhlosion|84/100
|move|p2a: Chandelure|Heat Wave|p1b: Incineroar|[spread] p1b
|-start|p1a: Porygon2|ability: Flash Fire
|-resisted|p1b: Incineroar
|-damage|p1b: Incineroar|79/100
|cant|p2b: Typhlosion|flinch
|move|p1a: Porygon2|Trick Room|p1a: Porygon2
|-fieldstart|move: Trick Room|[of] p1a: Porygon2
|
|upkeep
|turn|2
|
|t:|1756253827
|switch|p2a: Sneasler|Sneasler, L50, F|100/100
|move|p1b: Incineroar|Knock Off|p2a: Sneasler
|-resisted|p2a: Sneasler
|-damage|p2a: Sneasler|66/100
|-enditem|p2a: Sneasler|Grassy Seed|[from] move: Knock Off|[of] p1b: Incineroar
|move|p1a: Porygon2|Ice Beam|p2b: Typhlosion
|-supereffective|p2b: Typhlosion
|-damage|p2b: Typhlosion|10/100
|move|p2b: Typhlosion|Scorching Sands|p1b: Incineroar
|-supereffective|p1b: Incineroar
|-damage|p1b: Incineroar|0 fnt
|faint|p1b: Incineroar
|
|upkeep
|
|t:|1756253848
|switch|p1b: Cetitan|Cetitan, L50, M|100/100
|turn|3
|
|t:|1756253872
|move|p1a: Porygon2|Tera Blast|p2b: Typhlosion
|-damage|p2b: Typhlosion|0 fnt
|faint|p2b: Typhlosion
|move|p1b: Cetitan|High Horsepower|p2a: Sneasler
|-supereffective|p2a: Sneasler
|-damage|p2a: Sneasler|0 fnt
|faint|p2a: Sneasler
|
|upkeep
|
|t:|1756253880
|switch|p2b: Whimsicott|Whimsicott, L50, F|100/100
|switch|p2a: Chandelure|Chandelure, L50, F|100/100
|turn|4
|inactive|Zacharykeith has 30 seconds left.
|
|t:|1756253909
|-terastallize|p1b: Cetitan|Water
|move|p2b: Whimsicott|Sunny Day|p2b: Whimsicott
|-weather|SunnyDay
|move|p1a: Porygon2|Ice Beam|p2b: Whimsicott
|-supereffective|p2b: Whimsicott
|-damage|p2b: Whimsicott|34/100
|move|p1b: Cetitan|Liquidation|p2a: Chandelure
|-supereffective|p2a: Chandelure
|-damage|p2a: Chandelure|19/100
|move|p2a: Chandelure|Heat Wave|p1a: Porygon2|[spread] p1b
|-immune|p1a: Porygon2|[from] ability: Flash Fire
|-resisted|p1b: Cetitan
|-damage|p1b: Cetitan|73/100
|
|-weather|SunnyDay|[upkeep]
|upkeep
|turn|5
|
|t:|1756253929
|move|p1b: Cetitan|Ice Shard|p2b: Whimsicott
|-supereffective|p2b: Whimsicott
|-damage|p2b: Whimsicott|0 fnt
|faint|p2b: Whimsicott
|move|p1a: Porygon2|Ice Beam|p2a: Chandelure
|-resisted|p2a: Chandelure
|-damage|p2a: Chandelure|0 fnt
|faint|p2a: Chandelure
|
|win|Zacharykeith
