|j|☆Zaint
|j|☆sacrybeppe
|html|Zaintsacrybeppe    
|uhtml|bestof|Game 3 of a best-of-3
|t:|1784278660
|gametype|doubles
|player|p1|Zaint|170|1173
|player|p2|sacrybeppe|falkner|1204
|gen|9
|tier|[Gen 9 Champions] VGC 2026 Reg M-B (Bo3)
|rated|
|rule|Species Clause: Limit one of each Pokémon
|rule|Item Clause: Limit 1 of each item
|clearpoke
|poke|p1|Tyranitar, L50, F|
|poke|p1|Excadrill, L50, M|
|poke|p1|Milotic, L50, F|
|poke|p1|Sinistcha-Masterpiece, L50|
|poke|p1|Staraptor, L50, F|
|poke|p1|Gholdengo, L50|
|poke|p2|Farigiraf, L50, M|
|poke|p2|Incineroar, L50, F|
|poke|p2|Torkoal, L50, F|
|poke|p2|Floette-Eternal, L50, F|
|poke|p2|Aerodactyl, L50, M|
|poke|p2|Venusaur, L50, F|
|teampreview|4
|showteam|p1|Tyranitar||Tyranitarite|SandStream|KnockOff,RockSlide,HighHorsepower,Protect|Adamant||F|||50|]Excadrill||FocusSash|SandRush|IronHead,RockSlide,Earthquake,Protect|Adamant||M|||50|]Milotic||SitrusBerry|Competitive|Scald,IcyWind,Haze,Protect|Modest||F|||50|]Sinistcha-Masterpiece||ColburBerry|Hospitality|MatchaGotcha,ShadowBall,RagePowder,Protect|Bold|||||50|]Staraptor||Staraptite|Intimidate|CloseCombat,BraveBird,Tailwind,Protect|Jolly||F|||50|]Gholdengo||LifeOrb|GoodasGold|MakeItRain,ShadowBall,NastyPlot,Protect|Timid|||||50|
|showteam|p2|Farigiraf||SitrusBerry|ArmorTail|Psychic,Thunderbolt,TrickRoom,HelpingHand|Sassy||M|||50|]Incineroar||WhiteHerb|Intimidate|FakeOut,FlareBlitz,CloseCombat,DarkestLariat|Brave||F|||50|]Torkoal||Charcoal|Drought|Eruption,WeatherBall,HelpingHand,Protect|Quiet||F|||50|]Floette-Eternal||Floettite|FlowerVeil|Moonblast,DazzlingGleam,LightofRuin,Protect|Modest||F|||50|]Aerodactyl||Aerodactylite|Unnerve|RockSlide,IceFang,DualWingbeat,Protect|Adamant||M|||50|]Venusaur||LifeOrb|Chlorophyll|SludgeBomb,SolarBeam,EarthPower,SleepPowder|Modest||F|||50|
|
|t:|1784278722
|teamsize|p1|4
|teamsize|p2|4
|start
|switch|p1a: Gholdengo|Gholdengo, L50|100/100
|switch|p1b: Staraptor|Staraptor, L50, F|100/100
|switch|p2a: Venusaur|Venusaur, L50, F|100/100
|switch|p2b: Undress me|Incineroar, L50, F|100/100
|-ability|p1b: Staraptor|Intimidate|boost
|-unboost|p2a: Venusaur|atk|1
|-unboost|p2b: Undress me|atk|1
|-ability|p2b: Undress me|Intimidate|boost
|-unboost|p1a: Gholdengo|atk|1
|-unboost|p1b: Staraptor|atk|1
|-enditem|p2b: Undress me|White Herb
|-clearnegativeboost|p2b: Undress me|[silent]
|turn|1
|inactive|Battle timer is ON: inactive players will automatically lose when time's up. (requested by Zaint)
|inactive|Zaint has 60 seconds left.
|
|t:|1784278756
|move|p1b: Staraptor|Protect|p1b: Staraptor
|-singleturn|p1b: Staraptor|Protect
|move|p1a: Gholdengo|Protect|p1a: Gholdengo
|-singleturn|p1a: Gholdengo|Protect
|move|p2b: Undress me|Fake Out|p1b: Staraptor
|-activate|p1b: Staraptor|move: Protect
|move|p2a: Venusaur|Earth Power|p1a: Gholdengo
|-activate|p1a: Gholdengo|move: Protect
|
|upkeep
|turn|2
|inactive|Zaint has 30 seconds left.
|
|t:|1784278791
|switch|p1a: Tyranitar|Tyranitar, L50, F|100/100
|-weather|Sandstorm|[from] ability: Sand Stream|[of] p1a: Tyranitar
|switch|p2b: Torkoal|Torkoal, L50, F|100/100
|-weather|SunnyDay|[from] ability: Drought|[of] p2b: Torkoal
|move|p2a: Venusaur|Sleep Powder|p1b: Staraptor
|-status|p1b: Staraptor|slp|[from] move: Sleep Powder
|cant|p1b: Staraptor|slp
|
|-weather|SunnyDay|[upkeep]
|upkeep
|turn|3
|inactive|Zaint has 30 seconds left.
|
|t:|1784278820
|detailschange|p1a: Tyranitar|Tyranitar-Mega, L50, F
|-mega|p1a: Tyranitar|Tyranitar|Tyranitarite
|-weather|Sandstorm|[from] ability: Sand Stream|[of] p1a: Tyranitar
|cant|p1b: Staraptor|slp
|move|p2a: Venusaur|Sleep Powder|p1a: Tyranitar
|-status|p1a: Tyranitar|slp|[from] move: Sleep Powder
|cant|p1a: Tyranitar|slp
|move|p2b: Torkoal|Eruption|p1a: Tyranitar|[spread] p1a,p1b
|-resisted|p1a: Tyranitar|1
|-damage|p1a: Tyranitar|85/100 slp
|-damage|p1b: Staraptor|10/100 slp
|
|-weather|Sandstorm|[upkeep]
|-damage|p1b: Staraptor|4/100 slp|[from] Sandstorm
|-damage|p2a: Venusaur|94/100|[from] Sandstorm
|-damage|p2b: Torkoal|93/100|[from] Sandstorm
|upkeep
|turn|4
|
|t:|1784278837
|switch|p2b: Undress me|Incineroar, L50, F|100/100
|-ability|p2b: Undress me|Intimidate|boost
|-unboost|p1a: Tyranitar|atk|1
|-unboost|p1b: Staraptor|atk|1
|-curestatus|p1b: Staraptor|slp|[msg]
|move|p1b: Staraptor|Tailwind|p1b: Staraptor
|-sidestart|p1: Zaint|move: Tailwind
|cant|p1a: Tyranitar|slp
|move|p2a: Venusaur|Earth Power|p1a: Tyranitar
|-supereffective|p1a: Tyranitar|1
|-damage|p1a: Tyranitar|52/100 slp
|-damage|p2a: Venusaur|84/100|[from] item: Life Orb
|
|-weather|Sandstorm|[upkeep]
|-damage|p1b: Staraptor|0 fnt|[from] Sandstorm
|-damage|p2a: Venusaur|78/100|[from] Sandstorm
|-damage|p2b: Undress me|94/100|[from] Sandstorm
|faint|p1b: Staraptor
|upkeep
|
|t:|1784278853
|switch|p1b: Excadrill|Excadrill, L50, M|100/100
|turn|5
|n|!Zaint|zaint
|inactive|sacrybeppe has 30 seconds left.
|
|t:|1784278879
|switch|p1a: Gholdengo|Gholdengo, L50|100/100
|switch|p2b: Torkoal|Torkoal, L50, F|93/100
|-weather|SunnyDay|[from] ability: Drought|[of] p2b: Torkoal
|move|p1b: Excadrill|Protect|p1b: Excadrill
|-singleturn|p1b: Excadrill|Protect
|move|p2a: Venusaur|Sleep Powder|p1b: Excadrill
|-activate|p1b: Excadrill|move: Protect
|
|-weather|SunnyDay|[upkeep]
|upkeep
|turn|6
|inactive|Zaint has 30 seconds left.
|inactive|Zaint has 20 seconds left.
|inactive|Zaint has 15 seconds left.
|
|t:|1784278924
|switch|p1b: Tyranitar|Tyranitar-Mega, L50, F|52/100 slp
|-weather|Sandstorm|[from] ability: Sand Stream|[of] p1b: Tyranitar
|move|p1a: Gholdengo|Shadow Ball|p2a: Venusaur
|-damage|p2a: Venusaur|15/100
|-unboost|p2a: Venusaur|spd|1
|-damage|p1a: Gholdengo|90/100|[from] item: Life Orb
|move|p2a: Venusaur|Earth Power|p1b: Tyranitar
|-supereffective|p1b: Tyranitar|1
|-damage|p1b: Tyranitar|16/100 slp
|-damage|p2a: Venusaur|6/100|[from] item: Life Orb
|move|p2b: Torkoal|Eruption|p1a: Gholdengo|[spread] p1a,p1b
|-supereffective|p1a: Gholdengo|1
|-resisted|p1b: Tyranitar|1
|-damage|p1a: Gholdengo|0 fnt
|-damage|p1b: Tyranitar|3/100 slp
|faint|p1a: Gholdengo
|
|-weather|Sandstorm|[upkeep]
|-damage|p2a: Venusaur|1/100|[from] Sandstorm
|-damage|p2b: Torkoal|87/100|[from] Sandstorm
|upkeep
|
|t:|1784278943
|switch|p1a: Excadrill|Excadrill, L50, M|100/100
|turn|7
|
|t:|1784278956
|-curestatus|p1b: Tyranitar|slp|[msg]
|move|p1b: Tyranitar|Protect|p1b: Tyranitar
|-singleturn|p1b: Tyranitar|Protect
|move|p2b: Torkoal|Protect|p2b: Torkoal
|-singleturn|p2b: Torkoal|Protect
|move|p1a: Excadrill|Earthquake|p2b: Torkoal|[spread] p2a
|-activate|p1b: Tyranitar|move: Protect
|-activate|p2b: Torkoal|move: Protect
|-damage|p2a: Venusaur|0 fnt
|faint|p2a: Venusaur
|
|-weather|Sandstorm|[upkeep]
|-damage|p2b: Torkoal|81/100|[from] Sandstorm
|-sideend|p1: Zaint|move: Tailwind
|upkeep
|
|t:|1784278958
|switch|p2a: Undress me|Incineroar, L50, F|94/100
|-ability|p2a: Undress me|Intimidate|boost
|-unboost|p1a: Excadrill|atk|1
|-unboost|p1b: Tyranitar|atk|1
|turn|8
|
|t:|1784278978
|move|p2a: Undress me|Fake Out|p1a: Excadrill
|-resisted|p1a: Excadrill|1
|-damage|p1a: Excadrill|88/100
|cant|p1a: Excadrill|flinch
|move|p1b: Tyranitar|Rock Slide|p2b: Torkoal|[spread] p2a,p2b
|-supereffective|p2a: Undress me|1
|-supereffective|p2b: Torkoal|1
|-damage|p2a: Undress me|42/100
|-damage|p2b: Torkoal|42/100
|move|p2b: Torkoal|Eruption|p1a: Excadrill|[spread] p1a,p1b
|-supereffective|p1a: Excadrill|1
|-resisted|p1b: Tyranitar|1
|-damage|p1a: Excadrill|17/100
|-damage|p1b: Tyranitar|0 fnt
|faint|p1b: Tyranitar
|
|-weather|Sandstorm|[upkeep]
|-damage|p2a: Undress me|36/100|[from] Sandstorm
|-damage|p2b: Torkoal|36/100|[from] Sandstorm
|upkeep
|turn|9
|
|t:|1784278994
|switch|p2a: Floette|Floette-Eternal, L50, F|100/100
|move|p2b: Torkoal|Protect|p2b: Torkoal
|-singleturn|p2b: Torkoal|Protect
|move|p1a: Excadrill|Earthquake|p2a: Floette|[spread] p2a
|-activate|p2b: Torkoal|move: Protect
|-damage|p2a: Floette|59/100
|
|-weather|Sandstorm|[upkeep]
|-damage|p2a: Floette|53/100|[from] Sandstorm
|-damage|p2b: Torkoal|30/100|[from] Sandstorm
|upkeep
|turn|10
|inactive|sacrybeppe has 30 seconds left.
|inactive|sacrybeppe has 20 seconds left.
|
|t:|1784279033
|switch|p2b: Undress me|Incineroar, L50, F|36/100
|-ability|p2b: Undress me|Intimidate|boost
|-unboost|p1a: Excadrill|atk|1
|move|p2a: Floette|Protect|p2a: Floette
|-singleturn|p2a: Floette|Protect
|move|p1a: Excadrill|Earthquake|p2a: Floette|[spread] p2b
|-activate|p2a: Floette|move: Protect
|-supereffective|p2b: Undress me|1
|-damage|p2b: Undress me|0 fnt
|faint|p2b: Undress me
|
|-weather|none
|upkeep
|
|t:|1784279034
|switch|p2b: Torkoal|Torkoal, L50, F|30/100
|-weather|SunnyDay|[from] ability: Drought|[of] p2b: Torkoal
|turn|11
|
|t:|1784279051
|detailschange|p2a: Floette|Floette-Mega, L50, F
|-mega|p2a: Floette|Floette|Floettite
|-ability|p2a: Floette|Fairy Aura
|move|p1a: Excadrill|Earthquake|p2b: Torkoal|[spread] p2a,p2b
|-supereffective|p2b: Torkoal|1
|-damage|p2a: Floette|30/100
|-damage|p2b: Torkoal|0 fnt
|faint|p2b: Torkoal
|move|p2a: Floette|Moonblast|p1a: Excadrill
|-resisted|p1a: Excadrill|1
|-damage|p1a: Excadrill|0 fnt
|faint|p1a: Excadrill
|
|win|sacrybeppe
