|j|☆SabasVGC
|j|☆akabaki
|html|SabasVGCakabaki    
|uhtml|bestof|Game 1 of a best-of-3
|t:|1757702196
|gametype|doubles
|player|p1|SabasVGC|bugcatcher-gen4dp|1272
|player|p2|akabaki|102|1284
|gen|9
|tier|[Gen 9] VGC 2025 Reg H (Bo3)
|rated|
|rule|Species Clause: Limit one of each Pokémon
|rule|Item Clause: Limit 1 of each item
|clearpoke
|poke|p1|Dondozo, L50, F|
|poke|p1|Tatsugiri-Droopy, L50, F|
|poke|p1|Slaking, L50, M|
|poke|p1|Weezing, L50, F|
|poke|p1|Garchomp, L50, M|
|poke|p1|Kilowattrel, L50, M|
|poke|p2|Garchomp, L50, F|
|poke|p2|Gholdengo, L50|
|poke|p2|Clefable, L50, F|
|poke|p2|Talonflame, L50, F|
|poke|p2|Hydreigon, L50, F|
|poke|p2|Annihilape, L50, F|
|teampreview|4
|showteam|p1|Dondozo||Leftovers|Unaware|Protect,OrderUp,BodyPress,RockSlide|||F|||50|,,,,,Grass]Tatsugiri-Droopy||ChoiceScarf|Commander|HelpingHand,IcyWind,MuddyWater,DracoMeteor|||F|||50|,,,,,Steel]Slaking||SitrusBerry|Truant|PlayRough,HighHorsepower,KnockOff,Protect|||M|||50|,,,,,Fairy]Weezing||RockyHelmet|NeutralizingGas|Protect,Taunt,WillOWisp,SludgeBomb|||F|||50|,,,,,Flying]Garchomp||LifeOrb|RoughSkin|Earthquake,StompingTantrum,DragonClaw,Protect|||M|||50|,,,,,Ground]Kilowattrel||FocusSash|Competitive|Discharge,Tailwind,AirSlash,Protect|||M|||50|,,,,,Ghost
|showteam|p2|Garchomp||LifeOrb|RoughSkin|DragonClaw,StompingTantrum,Earthquake,Protect|||F|||50|,,,,,Steel]Gholdengo||MetalCoat|GoodasGold|MakeItRain,ShadowBall,NastyPlot,Protect||||||50|,,,,,Water]Clefable||SitrusBerry|Unaware|Moonblast,FollowMe,Protect,MistyTerrain|||F|||50|,,,,,Water]Talonflame||CovertCloak|GaleWings|BraveBird,Tailwind,WillOWisp,Taunt|||F|||50|,,,,,Grass]Hydreigon||ChoiceSpecs|Levitate|DracoMeteor,DarkPulse,HeatWave,Snarl|||F|||50|,,,,,Fire]Annihilape||SafetyGoggles|Defiant|RageFist,DrainPunch,BulkUp,Protect|||F|||50|,,,,,Water
|inactive|Battle timer is ON: inactive players will automatically lose when time's up. (requested by akabaki)
|inactive|SabasVGC has 60 seconds left.
|inactive|akabaki has 60 seconds left.
|inactive|SabasVGC has 30 seconds left.
|inactive|akabaki has 30 seconds left.
|
|t:|1757702272
|teamsize|p1|4
|teamsize|p2|4
|start
|switch|p1a: Slaking|Slaking, L50, M, shiny|100/100
|switch|p1b: Weezing|Weezing, L50, F, shiny|100/100
|switch|p2a: Talonflame|Talonflame, L50, F|100/100
|switch|p2b: Garchomp|Garchomp, L50, F|100/100
|-ability|p1b: Weezing|Neutralizing Gas
|turn|1
|inactive|SabasVGC has 30 seconds left.
|inactive|akabaki has 30 seconds left.
|inactive|SabasVGC has 20 seconds left.
|inactive|akabaki has 20 seconds left.
|
|t:|1757702311
|-terastallize|p1b: Weezing|Flying
|move|p2b: Garchomp|Protect|p2b: Garchomp
|-singleturn|p2b: Garchomp|Protect
|move|p1a: Slaking|Protect|p1a: Slaking
|-singleturn|p1a: Slaking|Protect
|move|p2a: Talonflame|Will-O-Wisp|p1a: Slaking
|-activate|p1a: Slaking|move: Protect
|move|p1b: Weezing|Taunt|p2a: Talonflame
|-start|p2a: Talonflame|move: Taunt
|
|upkeep
|turn|2
|inactive|SabasVGC has 30 seconds left.
|inactive|akabaki has 30 seconds left.
|inactive|SabasVGC has 20 seconds left.
|
|t:|1757702348
|move|p2a: Talonflame|Brave Bird|p1a: Slaking
|-damage|p1a: Slaking|67/100
|-damage|p2a: Talonflame|84/100|[from] Recoil
|move|p2b: Garchomp|Dragon Claw|p1a: Slaking
|-damage|p1a: Slaking|24/100
|-enditem|p1a: Slaking|Sitrus Berry|[eat]
|-heal|p1a: Slaking|48/100|[from] item: Sitrus Berry
|-damage|p2b: Garchomp|91/100|[from] item: Life Orb
|move|p1a: Slaking|Knock Off|p2a: Talonflame
|-damage|p2a: Talonflame|30/100
|-enditem|p2a: Talonflame|Covert Cloak|[from] move: Knock Off|[of] p1a: Slaking
|move|p1b: Weezing|Sludge Bomb|p2a: Talonflame
|-damage|p2a: Talonflame|0 fnt
|faint|p2a: Talonflame
|
|upkeep
|
|t:|1757702369
|switch|p2a: Hydreigon|Hydreigon, L50, F|100/100
|turn|3
|inactive|akabaki has 30 seconds left.
|
|t:|1757702401
|-terastallize|p2a: Hydreigon|Fire
|move|p1a: Slaking|Protect|p1a: Slaking
|-singleturn|p1a: Slaking|Protect
|move|p2b: Garchomp|Dragon Claw|p1a: Slaking
|-activate|p1a: Slaking|move: Protect
|move|p2a: Hydreigon|Draco Meteor|p1b: Weezing
|-damage|p1b: Weezing|0 fnt
|-unboost|p2a: Hydreigon|spa|2
|faint|p1b: Weezing
|-end|p1b: Weezing|ability: Neutralizing Gas
|
|upkeep
|
|t:|1757702425
|switch|p1b: Dondozo|Dondozo, L50, F, shiny|100/100
|turn|4
|inactive|SabasVGC has 30 seconds left.
|
|t:|1757702457
|switch|p1a: Tatsugiri|Tatsugiri-Droopy, L50, F, shiny|100/100
|-activate|p1a: Tatsugiri|ability: Commander|[of] p1b: Dondozo
|-boost|p1b: Dondozo|atk|2
|-boost|p1b: Dondozo|spa|2
|-boost|p1b: Dondozo|spe|2
|-boost|p1b: Dondozo|def|2
|-boost|p1b: Dondozo|spd|2
|switch|p2a: Clefable|Clefable, L50, F|100/100
|move|p2b: Garchomp|Protect|p2b: Garchomp
|-singleturn|p2b: Garchomp|Protect
|move|p1b: Dondozo|Rock Slide|p2a: Clefable|[spread] p2a
|-activate|p2b: Garchomp|move: Protect
|-damage|p2a: Clefable|87/100
|
|upkeep
|turn|5
|inactive|akabaki has 30 seconds left.
|inactive|akabaki has 20 seconds left.
|inactive|akabaki has 15 seconds left.
|inactive|akabaki has 10 seconds left.
|
|t:|1757702505
|move|p2b: Garchomp|Dragon Claw|p1b: Dondozo
|-damage|p1b: Dondozo|83/100
|-damage|p2b: Garchomp|81/100|[from] item: Life Orb
|move|p1b: Dondozo|Rock Slide|p2a: Clefable|[spread] p2a,p2b
|-resisted|p2b: Garchomp
|-damage|p2a: Clefable|73/100
|-damage|p2b: Garchomp|67/100
|move|p2a: Clefable|Moonblast|p1b: Dondozo
|-damage|p1b: Dondozo|58/100
|
|-heal|p1b: Dondozo|64/100|[from] item: Leftovers
|upkeep
|turn|6
|
|t:|1757702520
|move|p2b: Garchomp|Protect|p2b: Garchomp
|-singleturn|p2b: Garchomp|Protect
|move|p1b: Dondozo|Protect|p1b: Dondozo
|-singleturn|p1b: Dondozo|Protect
|move|p2a: Clefable|Moonblast|p1b: Dondozo
|-activate|p1b: Dondozo|move: Protect
|
|-heal|p1b: Dondozo|70/100|[from] item: Leftovers
|upkeep
|turn|7
|
|t:|1757702537
|move|p2a: Clefable|Follow Me|p2a: Clefable
|-singleturn|p2a: Clefable|move: Follow Me
|move|p2b: Garchomp|Dragon Claw|p1b: Dondozo
|-damage|p1b: Dondozo|53/100
|-damage|p2b: Garchomp|57/100|[from] item: Life Orb
|move|p1b: Dondozo|Rock Slide|p2b: Garchomp|[spread] p2a,p2b
|-resisted|p2b: Garchomp
|-damage|p2a: Clefable|59/100
|-damage|p2b: Garchomp|42/100
|
|-heal|p1b: Dondozo|59/100|[from] item: Leftovers
|upkeep
|turn|8
|
|t:|1757702555
|move|p2b: Garchomp|Dragon Claw|p1b: Dondozo
|-damage|p1b: Dondozo|41/100
|-damage|p2b: Garchomp|32/100|[from] item: Life Orb
|move|p1b: Dondozo|Order Up|p2b: Garchomp
|-supereffective|p2b: Garchomp
|-damage|p2b: Garchomp|0 fnt
|faint|p2b: Garchomp
|-boost|p1b: Dondozo|def|1
|move|p2a: Clefable|Moonblast|p1b: Dondozo
|-damage|p1b: Dondozo|17/100
|
|-heal|p1b: Dondozo|23/100|[from] item: Leftovers
|upkeep
|
|t:|1757702571
|switch|p2b: Hydreigon|Hydreigon, L50, F, tera:Fire|100/100
|turn|9
|
|t:|1757702582
|move|p1b: Dondozo|Protect|p1b: Dondozo
|-singleturn|p1b: Dondozo|Protect
|move|p2b: Hydreigon|Dark Pulse|p1b: Dondozo
|-activate|p1b: Dondozo|move: Protect
|move|p2a: Clefable|Moonblast|p1b: Dondozo
|-activate|p1b: Dondozo|move: Protect
|
|-heal|p1b: Dondozo|29/100|[from] item: Leftovers
|upkeep
|turn|10
|inactive|SabasVGC has 30 seconds left.
|
|t:|1757702611
|move|p2b: Hydreigon|Dark Pulse|p1b: Dondozo
|-damage|p1b: Dondozo|5/100
|move|p1b: Dondozo|Rock Slide|p2b: Hydreigon|[spread] p2a
|-miss|p1b: Dondozo|p2b: Hydreigon
|-damage|p2a: Clefable|46/100
|-enditem|p2a: Clefable|Sitrus Berry|[eat]
|-heal|p2a: Clefable|71/100|[from] item: Sitrus Berry
|cant|p2a: Clefable|flinch
|
|-heal|p1b: Dondozo|11/100|[from] item: Leftovers
|upkeep
|turn|11
|
|t:|1757702627
|move|p1b: Dondozo|Protect|p1b: Dondozo
|-singleturn|p1b: Dondozo|Protect
|move|p2b: Hydreigon|Dark Pulse|p1b: Dondozo
|-activate|p1b: Dondozo|move: Protect
|move|p2a: Clefable|Moonblast|p1b: Dondozo
|-activate|p1b: Dondozo|move: Protect
|
|-heal|p1b: Dondozo|17/100|[from] item: Leftovers
|upkeep
|turn|12
|inactive|SabasVGC has 30 seconds left.
|inactive|SabasVGC has 20 seconds left.
|inactive|SabasVGC has 15 seconds left.
|inactive|SabasVGC has 10 seconds left.
|inactive|SabasVGC has 5 seconds left.
|
|t:|1757702682
|move|p1b: Dondozo|Protect||[still]
|-fail|p1b: Dondozo
|move|p2b: Hydreigon|Dark Pulse|p1b: Dondozo
|-damage|p1b: Dondozo|0 fnt
|faint|p1b: Dondozo
|move|p2a: Clefable|Moonblast|p1a: Tatsugiri
|-supereffective|p1a: Tatsugiri
|-damage|p1a: Tatsugiri|20/100
|
|upkeep
|
|t:|1757702690
|switch|p1b: Slaking|Slaking, L50, M, shiny|48/100
|turn|13
|inactive|SabasVGC has 30 seconds left.
|
|t:|1757702716
|move|p1a: Tatsugiri|Muddy Water|p2b: Hydreigon|[spread] p2a
|-miss|p1a: Tatsugiri|p2b: Hydreigon
|-damage|p2a: Clefable|44/100
|move|p1b: Slaking|Play Rough|p2a: Clefable
|-damage|p2a: Clefable|3/100
|move|p2b: Hydreigon|Dark Pulse|p1a: Tatsugiri
|-damage|p1a: Tatsugiri|0 fnt
|faint|p1a: Tatsugiri
|move|p2a: Clefable|Moonblast|p1b: Slaking
|-damage|p1b: Slaking|11/100
|
|upkeep
|turn|14
|-message|SabasVGC forfeited.
|
|win|akabaki
|l|☆SabasVGC
|player|p1|
||akabaki is ready for game 2.
|inactive|SabasVGC has 30 seconds to confirm battle start!
|inactive|SabasVGC has 20 seconds to confirm battle start!
|inactive|SabasVGC has 10 seconds to confirm battle start!
|uhtml|next|Next: Game 2 of 3
