|j|☆SmolivStayStrong<3
|j|☆icanttext
|html|SmolivStayStrong<3icanttext    
|uhtml|bestof|Game 1 of a best-of-3
|t:|1783624078
|gametype|doubles
|player|p1|SmolivStayStrong<3|miku-flying|1074
|player|p2|icanttext|2|1096
|gen|9
|tier|[Gen 9 Champions] VGC 2026 Reg M-B (Bo3)
|rated|
|rule|Species Clause: Limit one of each Pokémon
|rule|Item Clause: Limit 1 of each item
|clearpoke
|poke|p1|Mawile, L50, F|
|poke|p1|Farigiraf, L50, M, shiny|
|poke|p1|Toxapex, L50, F|
|poke|p1|Garchomp, L50, F|
|poke|p1|Charizard, L50, M|
|poke|p1|Venusaur, L50, M, shiny|
|poke|p2|Staraptor, L50, M, shiny|
|poke|p2|Grimmsnarl, L50, M, shiny|
|poke|p2|Whimsicott, L50, M, shiny|
|poke|p2|Incineroar, L50, M, shiny|
|poke|p2|Sinistcha-Masterpiece, L50|
|poke|p2|Gengar, L50, M|
|teampreview|4
|showteam|p1|Mawile||Mawilite|Intimidate|Protect,PlayRough,IronHead,SuckerPunch|Brave||F|||50|]Farigiraf||SitrusBerry|ArmorTail|Psychic,EnergyBall,Protect,TrickRoom|Modest||M|||50|]Toxapex||Leftovers|Regenerator|Protect,Toxic,Infestation,WideGuard|Serious||F|||50|]Garchomp||LifeOrb|RoughSkin|DragonClaw,Earthquake,RockSlide,Protect|Jolly||F|||50|]Charizard||CharizarditeY|Blaze|HeatWave,WeatherBall,SolarBeam,Protect|Timid||M|||50|]Venusaur||FocusSash|Chlorophyll|EarthPower,SleepPowder,SludgeBomb,GigaDrain|Timid||M|||50|
|showteam|p2|Staraptor||Staraptite|Intimidate|BraveBird,CloseCombat,Roost,Protect|Jolly||M|||50|]Grimmsnarl||LightClay|Prankster|SpiritBreak,PartingShot,Reflect,LightScreen|Impish||M|||50|]Whimsicott||FocusSash|Prankster|Moonblast,Tailwind,Taunt,Protect|Timid||M|||50|]Incineroar||ShucaBerry|Intimidate|FakeOut,FlareBlitz,PartingShot,Snarl|Impish||M|||50|]Sinistcha-Masterpiece||SitrusBerry|Hospitality|MatchaGotcha,LifeDew,RagePowder,Protect|Calm|||||50|]Gengar||Gengarite|CursedBody|ShadowBall,SludgeBomb,DarkPulse,Protect|Timid||M|||50|
|inactive|Battle timer is ON: inactive players will automatically lose when time's up. (requested by SmolivStayStrong<3)
|inactive|SmolivStayStrong<3 has 60 seconds left.
|inactive|icanttext has 60 seconds left.
|inactive|icanttext has 30 seconds left.
|inactive|icanttext has 20 seconds left.
|inactive|icanttext has 15 seconds left.
|inactive|icanttext has 10 seconds left.
|
|t:|1783624160
|teamsize|p1|4
|teamsize|p2|4
|start
|switch|p1a: Farigiraf|Farigiraf, L50, M, shiny|100/100
|switch|p1b: Mawile|Mawile, L50, F|100/100
|switch|p2a: Grimmsnarl|Grimmsnarl, L50, M, shiny|100/100
|switch|p2b: Whimsicott|Whimsicott, L50, M, shiny|100/100
|-ability|p1b: Mawile|Intimidate|boost
|-unboost|p2a: Grimmsnarl|atk|1
|-unboost|p2b: Whimsicott|atk|1
|turn|1
|inactive|SmolivStayStrong<3 has 30 seconds left.
|inactive|icanttext has 30 seconds left.
|
|t:|1783624198
|detailschange|p1b: Mawile|Mawile-Mega, L50, F
|-mega|p1b: Mawile|Mawile|Mawilite
|move|p2a: Grimmsnarl|Reflect|p2a: Grimmsnarl
|-sidestart|p2: icanttext|Reflect
|move|p2b: Whimsicott|Moonblast|p1a: Farigiraf
|-damage|p1a: Farigiraf|72/100
|move|p1b: Mawile|Iron Head|p2a: Grimmsnarl
|-supereffective|p2a: Grimmsnarl|1
|-damage|p2a: Grimmsnarl|4/100
|move|p1a: Farigiraf|Trick Room|p1a: Farigiraf
|-fieldstart|move: Trick Room|[of] p1a: Farigiraf
|
|upkeep
|turn|2
|inactive|icanttext has 30 seconds left.
|
|t:|1783624226
|switch|p2b: Incineroar|Incineroar, L50, M, shiny|100/100
|-ability|p2b: Incineroar|Intimidate|boost
|-unboost|p1a: Farigiraf|atk|1
|-unboost|p1b: Mawile|atk|1
|move|p2a: Grimmsnarl|Light Screen|p2a: Grimmsnarl
|-sidestart|p2: icanttext|move: Light Screen
|move|p1b: Mawile|Iron Head|p2b: Incineroar
|-resisted|p2b: Incineroar|1
|-damage|p2b: Incineroar|85/100
|move|p1a: Farigiraf|Psychic|p2b: Incineroar
|-immune|p2b: Incineroar
|
|upkeep
|turn|3
|inactive|icanttext has 30 seconds left.
|inactive|icanttext has 20 seconds left.
|inactive|icanttext has 15 seconds left.
|inactive|icanttext has 10 seconds left.
|inactive|icanttext has 5 seconds left.
|
|t:|1783624276
|switch|p1b: Toxapex|Toxapex, L50, F|100/100
|move|p2a: Grimmsnarl|Parting Shot||[still]
|cant|p1a: Farigiraf|ability: Armor Tail|Parting Shot|[of] p2a: Grimmsnarl
|move|p2b: Incineroar|Snarl|p1a: Farigiraf|[spread] p1a,p1b
|-supereffective|p1a: Farigiraf|1
|-damage|p1a: Farigiraf|53/100
|-damage|p1b: Toxapex|91/100
|-unboost|p1a: Farigiraf|spa|1
|-unboost|p1b: Toxapex|spa|1
|move|p1a: Farigiraf|Energy Ball|p2a: Grimmsnarl
|-damage|p2a: Grimmsnarl|0 fnt
|faint|p2a: Grimmsnarl
|
|-heal|p1b: Toxapex|97/100|[from] item: Leftovers
|upkeep
|inactive|icanttext has 30 seconds left.
|inactive|icanttext has 20 seconds left.
|inactive|icanttext has 15 seconds left.
|inactive|icanttext has 10 seconds left.
|
|t:|1783624324
|switch|p2a: Whimsicott|Whimsicott, L50, M, shiny|100/100
|turn|4
|
|t:|1783624343
|switch|p1a: Garchomp|Garchomp, L50, F|100/100
|move|p1b: Toxapex|Infestation|p2a: Whimsicott
|-damage|p2a: Whimsicott|97/100
|-activate|p2a: Whimsicott|move: Infestation|[of] p1b: Toxapex
|move|p2b: Incineroar|Flare Blitz|p1a: Garchomp
|-resisted|p1a: Garchomp|1
|-damage|p1a: Garchomp|77/100
|-damage|p2b: Incineroar|73/100|[from] ability: Rough Skin|[of] p1a: Garchomp
|-damage|p2b: Incineroar|66/100|[from] Recoil
|move|p2a: Whimsicott|Moonblast|p1a: Garchomp
|-supereffective|p1a: Garchomp|1
|-damage|p1a: Garchomp|5/100
|
|-heal|p1b: Toxapex|100/100|[from] item: Leftovers
|-damage|p2a: Whimsicott|85/100|[from] move: Infestation|[partiallytrapped]
|upkeep
|turn|5
|inactive|SmolivStayStrong<3 has 30 seconds left.
|inactive|icanttext has 30 seconds left.
|
|t:|1783624374
|switch|p2b: Staraptor|Staraptor, L50, M, shiny|100/100
|-ability|p2b: Staraptor|Intimidate|boost
|-unboost|p1a: Garchomp|atk|1
|-unboost|p1b: Toxapex|atk|1
|move|p2a: Whimsicott|Protect|p2a: Whimsicott
|-singleturn|p2a: Whimsicott|Protect
|move|p1a: Garchomp|Protect|p1a: Garchomp
|-singleturn|p1a: Garchomp|Protect
|move|p1b: Toxapex|Toxic|p2b: Staraptor
|-status|p2b: Staraptor|tox
|
|-damage|p2b: Staraptor|93/100 tox|[from] psn
|-damage|p2a: Whimsicott|72/100|[from] move: Infestation|[partiallytrapped]
|-fieldend|move: Trick Room
|upkeep
|turn|6
|
|t:|1783624396
|detailschange|p2b: Staraptor|Staraptor-Mega, L50, M, shiny
|-mega|p2b: Staraptor|Staraptor|Staraptite
|move|p2a: Whimsicott|Moonblast|p1a: Garchomp
|-supereffective|p1a: Garchomp|1
|-damage|p1a: Garchomp|0 fnt
|faint|p1a: Garchomp
|move|p2b: Staraptor|Brave Bird|p1b: Toxapex
|-damage|p1b: Toxapex|44/100
|-damage|p2b: Staraptor|75/100 tox|[from] Recoil
|move|p1b: Toxapex|Infestation|p2b: Staraptor
|-resisted|p2b: Staraptor|2
|-damage|p2b: Staraptor|75/100 tox
|-activate|p2b: Staraptor|move: Infestation|[of] p1b: Toxapex
|
|-heal|p1b: Toxapex|50/100g|[from] item: Leftovers
|-damage|p2b: Staraptor|62/100 tox|[from] psn
|-damage|p2a: Whimsicott|60/100|[from] move: Infestation|[partiallytrapped]
|-damage|p2b: Staraptor|50/100g tox|[from] move: Infestation|[partiallytrapped]
|upkeep
|
|t:|1783624411
|switch|p1a: Mawile|Mawile-Mega, L50, F|100/100
|turn|7
|inactive|icanttext has 30 seconds left.
|
|t:|1783624441
|move|p1a: Mawile|Protect|p1a: Mawile
|-singleturn|p1a: Mawile|Protect
|move|p1b: Toxapex|Protect|p1b: Toxapex
|-singleturn|p1b: Toxapex|Protect
|move|p2a: Whimsicott|Moonblast|p1a: Mawile
|-activate|p1a: Mawile|move: Protect
|move|p2b: Staraptor|Close Combat|p1a: Mawile
|-activate|p1a: Mawile|move: Protect
|
|-heal|p1b: Toxapex|56/100|[from] item: Leftovers
|-damage|p2b: Staraptor|32/100 tox|[from] psn
|-damage|p2a: Whimsicott|48/100|[from] move: Infestation|[partiallytrapped]
|-damage|p2b: Staraptor|19/100 tox|[from] move: Infestation|[partiallytrapped]
|upkeep
|turn|8
|
|t:|1783624458
|move|p1a: Mawile|Sucker Punch||[still]
|-fail|p1a: Mawile
|move|p2a: Whimsicott|Moonblast|p1a: Mawile
|-resisted|p1a: Mawile|1
|-damage|p1a: Mawile|78/100
|move|p2b: Staraptor|Roost|p2b: Staraptor
|-heal|p2b: Staraptor|69/100 tox
|-singleturn|p2b: Staraptor|move: Roost
|move|p1b: Toxapex|Toxic|p2a: Whimsicott
|-status|p2a: Whimsicott|tox
|
|-heal|p1b: Toxapex|61/100|[from] item: Leftovers
|-damage|p2a: Whimsicott|42/100 tox|[from] psn
|-damage|p2b: Staraptor|45/100 tox|[from] psn
|-end|p2a: Whimsicott|Infestation|[partiallytrapped]
|-damage|p2b: Staraptor|32/100 tox|[from] move: Infestation|[partiallytrapped]
|-sideend|p2: icanttext|Reflect
|upkeep
|turn|9
|inactive|SmolivStayStrong<3 has 30 seconds left.
|
|t:|1783624484
|move|p2a: Whimsicott|Tailwind|p2a: Whimsicott
|-sidestart|p2: icanttext|move: Tailwind
|move|p1a: Mawile|Sucker Punch||[still]
|-fail|p1a: Mawile
|move|p2b: Staraptor|Roost|p2b: Staraptor
|-heal|p2b: Staraptor|82/100 tox
|-singleturn|p2b: Staraptor|move: Roost
|move|p1b: Toxapex|Infestation|p2a: Whimsicott
|-damage|p2a: Whimsicott|39/100 tox
|-activate|p2a: Whimsicott|move: Infestation|[of] p1b: Toxapex
|
|-heal|p1b: Toxapex|67/100|[from] item: Leftovers
|-damage|p2a: Whimsicott|27/100 tox|[from] psn
|-damage|p2b: Staraptor|51/100 tox|[from] psn
|-damage|p2a: Whimsicott|15/100 tox|[from] move: Infestation|[partiallytrapped]
|-damage|p2b: Staraptor|39/100 tox|[from] move: Infestation|[partiallytrapped]
|-sideend|p2: icanttext|move: Light Screen
|upkeep
|turn|10
|inactive|icanttext has 30 seconds left.
|
|t:|1783624513
|move|p2a: Whimsicott|Taunt|p1b: Toxapex
|-start|p1b: Toxapex|move: Taunt
|move|p1a: Mawile|Sucker Punch||[still]
|-fail|p1a: Mawile
|move|p2b: Staraptor|Roost|p2b: Staraptor
|-heal|p2b: Staraptor|89/100 tox
|-singleturn|p2b: Staraptor|move: Roost
|move|p1b: Toxapex|Infestation|p2b: Staraptor
|-resisted|p2b: Staraptor|1
|-damage|p2b: Staraptor|88/100 tox
|
|-heal|p1b: Toxapex|73/100|[from] item: Leftovers
|-damage|p2a: Whimsicott|0 fnt|[from] psn
|faint|p2a: Whimsicott
|-damage|p2b: Staraptor|51/100 tox|[from] psn
|-damage|p2b: Staraptor|38/100 tox|[from] move: Infestation|[partiallytrapped]
|upkeep
|
|t:|1783624529
|switch|p2a: Incineroar|Incineroar, L50, M, shiny|66/100
|-ability|p2a: Incineroar|Intimidate|boost
|-unboost|p1a: Mawile|atk|1
|-unboost|p1b: Toxapex|atk|1
|turn|11
|
|t:|1783624548
|switch|p1a: Farigiraf|Farigiraf, L50, M, shiny|53/100
|move|p2b: Staraptor|Roost|p2b: Staraptor
|-heal|p2b: Staraptor|88/100 tox
|-singleturn|p2b: Staraptor|move: Roost
|move|p2a: Incineroar|Flare Blitz|p1a: Farigiraf
|-damage|p1a: Farigiraf|2/100
|-status|p1a: Farigiraf|brn
|-enditem|p1a: Farigiraf|Sitrus Berry|[eat]
|-heal|p1a: Farigiraf|26/100 brn|[from] item: Sitrus Berry
|-damage|p2a: Incineroar|47/100|[from] Recoil
|move|p1b: Toxapex|Infestation|p2a: Incineroar
|-damage|p2a: Incineroar|45/100
|-activate|p2a: Incineroar|move: Infestation|[of] p1b: Toxapex
|
|-heal|p1b: Toxapex|78/100|[from] item: Leftovers
|-damage|p2b: Staraptor|45/100 tox|[from] psn
|-damage|p1a: Farigiraf|20/100y brn|[from] brn
|-end|p2b: Staraptor|Infestation|[partiallytrapped]
|-damage|p2a: Incineroar|32/100|[from] move: Infestation|[partiallytrapped]
|upkeep
|turn|12
|inactive|icanttext has 30 seconds left.
|
|t:|1783624576
|move|p2b: Staraptor|Brave Bird|p1b: Toxapex
|-damage|p1b: Toxapex|26/100
|-damage|p2b: Staraptor|29/100 tox|[from] Recoil
|move|p2a: Incineroar|Flare Blitz|p1a: Farigiraf
|-crit|p1a: Farigiraf
|-damage|p1a: Farigiraf|0 fnt
|faint|p1a: Farigiraf
|-damage|p2a: Incineroar|24/100|[from] Recoil
|move|p1b: Toxapex|Infestation|p2b: Staraptor
|-resisted|p2b: Staraptor|2
|-damage|p2b: Staraptor|28/100 tox
|-activate|p2b: Staraptor|move: Infestation|[of] p1b: Toxapex
|
|-heal|p1b: Toxapex|32/100|[from] item: Leftovers
|-damage|p2b: Staraptor|0 fnt|[from] psn
|faint|p2b: Staraptor
|-damage|p2a: Incineroar|12/100|[from] move: Infestation|[partiallytrapped]
|-end|p1b: Toxapex|move: Taunt
|-sideend|p2: icanttext|move: Tailwind
|upkeep
|
|t:|1783624591
|switch|p1a: Mawile|Mawile-Mega, L50, F|78/100
|turn|13
|
|t:|1783624596
|move|p1a: Mawile|Protect|p1a: Mawile
|-singleturn|p1a: Mawile|Protect
|move|p1b: Toxapex|Protect|p1b: Toxapex
|-singleturn|p1b: Toxapex|Protect
|move|p2a: Incineroar|Flare Blitz|p1a: Mawile
|-activate|p1a: Mawile|move: Protect
|
|-heal|p1b: Toxapex|38/100|[from] item: Leftovers
|-damage|p2a: Incineroar|0 fnt|[from] move: Infestation|[partiallytrapped]
|faint|p2a: Incineroar
|
|win|SmolivStayStrong<3
||SmolivStayStrong<3 is ready for game 2.
|inactive|icanttext has 30 seconds to confirm battle start!
||icanttext is ready for game 2.
|uhtml|next|Next: Game 2 of 3
|l|☆icanttext
|player|p2|
