|j|☆Jota_M
|j|☆Blackbird230
|html|Jota_MBlackbird230    
|uhtml|bestof|Game 3 of a best-of-3
|t:|1756405416
|gametype|doubles
|player|p1|Jota_M|hilbert-wonderlauncher|1072
|player|p2|Blackbird230|2|1175
|gen|9
|tier|[Gen 9] VGC 2025 Reg H (Bo3)
|rated|
|rule|Species Clause: Limit one of each Pokémon
|rule|Item Clause: Limit 1 of each item
|clearpoke
|poke|p1|Garchomp, L50, F|
|poke|p1|Amoonguss, L50, M|
|poke|p1|Incineroar, L50, F|
|poke|p1|Dragonite, L50, M|
|poke|p1|Ninetales-Alola, L50, M|
|poke|p1|Kingambit, L50, M|
|poke|p2|Charizard, L50, F|
|poke|p2|Garchomp, L50, F|
|poke|p2|Rillaboom, L50, M|
|poke|p2|Archaludon, L50, M|
|poke|p2|Annihilape, L50, F|
|poke|p2|Murkrow, L50, M|
|teampreview|4
|showteam|p1|Garchomp||LifeOrb|RoughSkin|DragonClaw,StompingTantrum,Earthquake,Protect|||F|||50|,,,,,Fire]Amoonguss||SitrusBerry|Regenerator|SludgeBomb,Spore,RagePowder,Protect|||M|||50|,,,,,Water]Incineroar||SafetyGoggles|Intimidate|FakeOut,FlareBlitz,KnockOff,PartingShot|||F|||50|,,,,,Ghost]Dragonite||LumBerry|Multiscale|TeraBlast,ExtremeSpeed,Tailwind,Protect|||M|||50|,,,,,Flying]Ninetales-Alola||FocusSash|SnowWarning|AuroraVeil,FreezeDry,Moonblast,Protect|||M|||50|,,,,,Ice]Kingambit||BlackGlasses|Defiant|KowtowCleave,SuckerPunch,SwordsDance,Protect|||M|||50|,,,,,Dark
|showteam|p2|Charizard||ChoiceSpecs|SolarPower|HeatWave,Overheat,Hurricane,Protect|||F|||50|,,,,,Fire]Garchomp||ClearAmulet|RoughSkin|Earthquake,StompingTantrum,DragonClaw,Protect|||F|||50|,,,,,Ground]Rillaboom||AssaultVest|GrassySurge|FakeOut,WoodHammer,GrassyGlide,Uturn|||M|||50|,,,,,Fire]Archaludon||PowerHerb|Sturdy|ElectroShot,DracoMeteor,FlashCannon,Protect|||M|||50|,,,,,Electric]Annihilape||SafetyGoggles|Defiant|FinalGambit,RageFist,DrainPunch,Protect|||F|||50|,,,,,Fighting]Murkrow||Eviolite|Prankster|Tailwind,SunnyDay,Taunt,BraveBird|||M|||50|,,,,,Ghost
|inactive|Battle timer is ON: inactive players will automatically lose when time's up. (requested by Jota_M)
|inactive|Jota_M has 60 seconds left.
|inactive|Jota_M has 30 seconds left.
|inactive|Jota_M has 20 seconds left.
|
|t:|1756405491
|teamsize|p1|4
|teamsize|p2|4
|start
|switch|p1a: Kingambit|Kingambit, L50, M|100/100
|switch|p1b: Ninetales|Ninetales-Alola, L50, M|100/100
|switch|p2a: Murkrow|Murkrow, L50, M|100/100
|switch|p2b: Garchomp|Garchomp, L50, F|100/100
|-weather|Snowscape|[from] ability: Snow Warning|[of] p1b: Ninetales
|turn|1
|
|t:|1756405512
|switch|p1a: Dragonite|Dragonite, L50, M|100/100
|move|p2b: Garchomp|Protect|p2b: Garchomp
|-singleturn|p2b: Garchomp|Protect
|move|p2a: Murkrow|Sunny Day|p2a: Murkrow
|-weather|SunnyDay
|move|p1b: Ninetales|Freeze-Dry|p2b: Garchomp
|-activate|p2b: Garchomp|move: Protect
|
|-weather|SunnyDay|[upkeep]
|upkeep
|turn|2
|
|t:|1756405536
|switch|p1b: Garchomp|Garchomp, L50, F|100/100
|move|p2a: Murkrow|Taunt|p1a: Dragonite
|-start|p1a: Dragonite|move: Taunt
|move|p2b: Garchomp|Dragon Claw|p1a: Dragonite
|-supereffective|p1a: Dragonite
|-crit|p1a: Dragonite
|-damage|p1a: Dragonite|36/100
|cant|p1a: Dragonite|move: Taunt|Tailwind
|
|-weather|SunnyDay|[upkeep]
|upkeep
|turn|3
|inactive|Blackbird230 has 30 seconds left.
|
|t:|1756405562
|switch|p1a: Ninetales|Ninetales-Alola, L50, M|100/100
|-weather|Snowscape|[from] ability: Snow Warning|[of] p1a: Ninetales
|-terastallize|p1b: Garchomp|Fire
|move|p2a: Murkrow|Tailwind|p2a: Murkrow
|-sidestart|p2: Blackbird230|move: Tailwind
|move|p2b: Garchomp|Earthquake|p1a: Ninetales|[spread] p1a,p1b
|-immune|p2a: Murkrow
|-supereffective|p1b: Garchomp
|-damage|p1a: Ninetales|62/100
|-damage|p1b: Garchomp|24/100
|move|p1b: Garchomp|Dragon Claw|p2b: Garchomp
|-supereffective|p2b: Garchomp
|-damage|p2b: Garchomp|0 fnt
|-damage|p1b: Garchomp|12/100|[from] ability: Rough Skin|[of] p2b: Garchomp
|faint|p2b: Garchomp
|-damage|p1b: Garchomp|2/100|[from] item: Life Orb
|
|-weather|Snowscape|[upkeep]
|upkeep
|
|t:|1756405579
|switch|p2b: Charizard|Charizard, L50, F|100/100
|turn|4
|
|t:|1756405588
|move|p1a: Ninetales|Protect|p1a: Ninetales
|-singleturn|p1a: Ninetales|Protect
|move|p2a: Murkrow|Sunny Day|p2a: Murkrow
|-weather|SunnyDay
|move|p2b: Charizard|Heat Wave|p1a: Ninetales|[spread] p1b
|-activate|p1a: Ninetales|move: Protect
|-resisted|p1b: Garchomp
|-damage|p1b: Garchomp|0 fnt
|faint|p1b: Garchomp
|
|-weather|SunnyDay|[upkeep]
|-damage|p2b: Charizard|88/100|[from] ability: Solar Power|[of] p2b: Charizard
|upkeep
|
|t:|1756405598
|switch|p1b: Kingambit|Kingambit, L50, M|100/100
|turn|5
|
|t:|1756405610
|move|p2b: Charizard|Heat Wave|p1b: Kingambit|[spread] p1a,p1b
|-supereffective|p1a: Ninetales
|-supereffective|p1b: Kingambit
|-damage|p1a: Ninetales|0 fnt
|-damage|p1b: Kingambit|0 fnt
|faint|p1a: Ninetales
|faint|p1b: Kingambit
|move|p2a: Murkrow|Brave Bird|p1: Ninetales|[notarget]
|-fail|p2a: Murkrow
|
|-weather|SunnyDay|[upkeep]
|-damage|p2b: Charizard|76/100|[from] ability: Solar Power|[of] p2b: Charizard
|upkeep
|
|t:|1756405620
|switch|p1a: Dragonite|Dragonite, L50, M|36/100
|turn|6
|
|t:|1756405626
|move|p1a: Dragonite|Extreme Speed|p2b: Charizard
|-damage|p2b: Charizard|34/100
|move|p2b: Charizard|Heat Wave|p1a: Dragonite
|-resisted|p1a: Dragonite
|-damage|p1a: Dragonite|0 fnt
|faint|p1a: Dragonite
|
|win|Blackbird230
|raw|Jota_M's rating: 1072 → 1057(-15 for losing)
|raw|Blackbird230's rating: 1175 → 1193(+18 for winning)
|l|☆Jota_M
|player|p1|
