|j|☆godoftoasty
|j|☆salvulcano24
|html|godoftoastysalvulcano24    
|uhtml|bestof|Game 2 of a best-of-3
|t:|1784664188
|gametype|doubles
|player|p1|godoftoasty|2|1161
|player|p2|salvulcano24|pokemonbreederf|1122
|gen|9
|tier|[Gen 9 Champions] VGC 2026 Reg M-B (Bo3)
|rated|
|rule|Species Clause: Limit one of each Pokémon
|rule|Item Clause: Limit 1 of each item
|clearpoke
|poke|p1|Gengar, L50, F, shiny|
|poke|p1|Incineroar, L50, F|
|poke|p1|Garchomp, L50, F|
|poke|p1|Ninetales-Alola, L50, M|
|poke|p1|Blaziken, L50, F|
|poke|p1|Kingambit, L50, M|
|poke|p2|Farigiraf, L50, F|
|poke|p2|Gardevoir, L50, F|
|poke|p2|Venusaur, L50, M|
|poke|p2|Aerodactyl, L50, M|
|poke|p2|Garchomp, L50, M|
|poke|p2|Rampardos, L50, M, shiny|
|teampreview|4
|showteam|p1|Gengar||Gengarite|CursedBody|ShadowBall,SludgeBomb,PerishSong,Protect|Timid||F|||50|]Incineroar||SitrusBerry|Intimidate|FakeOut,PartingShot,Protect,FlareBlitz|Impish||F|||50|]Garchomp||LifeOrb|RoughSkin|DragonClaw,StompingTantrum,RockSlide,Protect|Jolly||F|||50|]Ninetales-Alola||FocusSash|SnowWarning|Blizzard,Encore,Disable,Protect|Timid||M|||50|]Blaziken||Blazikenite|SpeedBoost|FlareBlitz,CloseCombat,RockSlide,Detect|Adamant||F|||50|]Kingambit||ExpertBelt|Defiant|KowtowCleave,SuckerPunch,IronHead,Protect|Adamant||M|||50|
|showteam|p2|Farigiraf||SitrusBerry|ArmorTail|Psychic,TrickRoom,Protect,HelpingHand|Bold||F|||50|]Gardevoir||Gardevoirite|Synchronize|Protect,AuraSphere,HyperVoice,TrickRoom|Modest||F|||50|]Venusaur||Venusaurite|Overgrow|Protect,GigaDrain,SludgeBomb,EarthPower|Modest||M|||50|]Aerodactyl||FocusSash|Unnerve|RockSlide,DualWingbeat,Tailwind,WideGuard|Jolly||M|||50|]Garchomp||RoseliBerry|RoughSkin|StompingTantrum,DragonClaw,SwordsDance,Protect|Jolly||M|||50|]Rampardos||LifeOrb|SheerForce|RockSlide,FirePunch,ThunderPunch,Protect|Adamant||M|||50|
|
|t:|1784664209
|teamsize|p1|4
|teamsize|p2|4
|start
|switch|p1a: Gengar|Gengar, L50, F, shiny|100/100
|switch|p1b: Kingambit|Kingambit, L50, M|100/100
|switch|p2a: Venusaur|Venusaur, L50, M|100/100
|switch|p2b: Aerodactyl|Aerodactyl, L50, M|100/100
|-ability|p2b: Aerodactyl|Unnerve
|turn|1
|
|t:|1784664230
|detailschange|p1a: Gengar|Gengar-Mega, L50, F, shiny
|-mega|p1a: Gengar|Gengar|Gengarite
|detailschange|p2a: Venusaur|Venusaur-Mega, L50, M
|-mega|p2a: Venusaur|Venusaur|Venusaurite
|move|p1a: Gengar|Protect|p1a: Gengar
|-singleturn|p1a: Gengar|Protect
|move|p2b: Aerodactyl|Tailwind|p2b: Aerodactyl
|-sidestart|p2: salvulcano24|move: Tailwind
|move|p2a: Venusaur|Earth Power|p1a: Gengar
|-activate|p1a: Gengar|move: Protect
|move|p1b: Kingambit|Iron Head|p2b: Aerodactyl
|-supereffective|p2b: Aerodactyl|1
|-enditem|p2b: Aerodactyl|Focus Sash
|-damage|p2b: Aerodactyl|1/100
|
|upkeep
|turn|2
|
|t:|1784664252
|switch|p1a: Ninetales|Ninetales-Alola, L50, M|100/100
|-weather|Snowscape|[from] ability: Snow Warning|[of] p1a: Ninetales
|move|p1b: Kingambit|Sucker Punch|p2b: Aerodactyl
|-damage|p2b: Aerodactyl|0 fnt
|faint|p2b: Aerodactyl
|move|p2a: Venusaur|Earth Power|p1a: Ninetales
|-damage|p1a: Ninetales|69/100
|
|-weather|Snowscape|[upkeep]
|upkeep
|
|t:|1784664262
|switch|p2b: Rampardos|Rampardos, L50, M, shiny|100/100
|turn|3
|
|t:|1784664275
|switch|p1b: Incineroar|Incineroar, L50, F|100/100
|-ability|p1b: Incineroar|Intimidate|boost
|-unboost|p2a: Venusaur|atk|1
|-unboost|p2b: Rampardos|atk|1
|move|p1a: Ninetales|Protect|p1a: Ninetales
|-singleturn|p1a: Ninetales|Protect
|move|p2a: Venusaur|Sludge Bomb|p1a: Ninetales
|-activate|p1a: Ninetales|move: Protect
|move|p2b: Rampardos|Fire Punch|p1b: Incineroar
|-resisted|p1b: Incineroar|1
|-damage|p1b: Incineroar|85/100
|
|-weather|Snowscape|[upkeep]
|upkeep
|turn|4
|
|t:|1784664300
|switch|p2a: Farigiraf|Farigiraf, L50, F|100/100
|move|p1b: Incineroar|Fake Out||[still]
|cant|p2a: Farigiraf|ability: Armor Tail|Fake Out|[of] p1b: Incineroar
|move|p1a: Ninetales|Blizzard|p2b: Rampardos|[spread] p2a,p2b
|-damage|p2a: Farigiraf|74/100
|-damage|p2b: Rampardos|61/100
|move|p2b: Rampardos|Rock Slide|p1b: Incineroar|[spread] p1a,p1b
|-supereffective|p1a: Ninetales|1
|-supereffective|p1b: Incineroar|1
|-damage|p1a: Ninetales|0 fnt
|-damage|p1b: Incineroar|19/100
|-enditem|p1b: Incineroar|Sitrus Berry|[eat]
|-heal|p1b: Incineroar|44/100|[from] item: Sitrus Berry
|faint|p1a: Ninetales
|
|-weather|Snowscape|[upkeep]
|-sideend|p2: salvulcano24|move: Tailwind
|upkeep
|
|t:|1784664310
|switch|p1a: Kingambit|Kingambit, L50, M|100/100
|turn|5
|
|t:|1784664396
|move|p1a: Kingambit|Protect|p1a: Kingambit
|-singleturn|p1a: Kingambit|Protect
|move|p1b: Incineroar|Parting Shot|p2b: Rampardos
|-unboost|p2b: Rampardos|atk|1
|-unboost|p2b: Rampardos|spa|1
|
|t:|1784664402
|switch|p1b: Gengar|Gengar-Mega, L50, F, shiny|100/100|[from] Parting Shot
|move|p2b: Rampardos|Fire Punch|p1a: Kingambit
|-activate|p1a: Kingambit|move: Protect
|move|p2a: Farigiraf|Trick Room|p2a: Farigiraf
|-fieldstart|move: Trick Room|[of] p2a: Farigiraf
|
|-weather|Snowscape|[upkeep]
|upkeep
|turn|6
|
|t:|1784664422
|switch|p1b: Incineroar|Incineroar, L50, F|44/100
|-ability|p1b: Incineroar|Intimidate|boost
|-unboost|p2a: Farigiraf|atk|1
|-unboost|p2b: Rampardos|atk|1
|move|p1a: Kingambit|Kowtow Cleave|p2a: Farigiraf
|-supereffective|p2a: Farigiraf|1
|-damage|p2a: Farigiraf|0 fnt
|faint|p2a: Farigiraf
|move|p2b: Rampardos|Rock Slide|p1a: Kingambit|[spread] p1a,p1b
|-resisted|p1a: Kingambit|1
|-crit|p1a: Kingambit
|-supereffective|p1b: Incineroar|1
|-damage|p1a: Kingambit|63/100
|-damage|p1b: Incineroar|5/100
|
|-weather|none
|upkeep
|
|t:|1784664434
|switch|p2a: Venusaur|Venusaur-Mega, L50, M|100/100
|turn|7
|
|t:|1784664466
|move|p1b: Incineroar|Fake Out|p2a: Venusaur
|-damage|p2a: Venusaur|92/100
|move|p1a: Kingambit|Iron Head|p2b: Rampardos
|-supereffective|p2b: Rampardos|1
|-damage|p2b: Rampardos|0 fnt
|faint|p2b: Rampardos
|cant|p2a: Venusaur|flinch
|
|upkeep
|turn|8
|
|t:|1784664476
|move|p1a: Kingambit|Kowtow Cleave|p2a: Venusaur
|-damage|p2a: Venusaur|52/100
|move|p1b: Incineroar|Flare Blitz|p2a: Venusaur
|-supereffective|p2a: Venusaur|1
|-damage|p2a: Venusaur|16/100
|-damage|p1b: Incineroar|0 fnt|[from] Recoil
|faint|p1b: Incineroar
|move|p2a: Venusaur|Earth Power|p1a: Kingambit
|-supereffective|p1a: Kingambit|1
|-damage|p1a: Kingambit|7/100
|
|upkeep
|
|t:|1784664481
|switch|p1b: Gengar|Gengar-Mega, L50, F, shiny|100/100
|turn|9
|
|t:|1784664490
|move|p1b: Gengar|Protect|p1b: Gengar
|-singleturn|p1b: Gengar|Protect
|move|p1a: Kingambit|Kowtow Cleave|p2a: Venusaur
|-damage|p2a: Venusaur|0 fnt
|faint|p2a: Venusaur
|
|win|godoftoasty
||salvulcano24 is ready for game 3.
||godoftoasty is ready for game 3.
|uhtml|next|Next: Game 3 of 3
