|j|☆acemphd
|j|☆lux raymundi
|html|acemphdlux raymundi    
|uhtml|bestof|Game 1 of a best-of-3
|t:|1782684902
|gametype|doubles
|player|p1|acemphd|fisherman-gen4|1224
|player|p2|lux raymundi|169|1223
|gen|9
|tier|[Gen 9 Champions] VGC 2026 Reg M-B (Bo3)
|rated|
|rule|Species Clause: Limit one of each Pokémon
|rule|Item Clause: Limit 1 of each item
|clearpoke
|poke|p1|Torkoal, L50, F|
|poke|p1|Vileplume, L50, F|
|poke|p1|Farigiraf, L50, F|
|poke|p1|Mawile, L50, M|
|poke|p1|Scrafty, L50, F|
|poke|p1|Rhyperior, L50, M|
|poke|p2|Archaludon, L50, F|
|poke|p2|Pelipper, L50, M|
|poke|p2|Grimmsnarl, L50, M|
|poke|p2|Metagross, L50|
|poke|p2|Sinistcha, L50|
|poke|p2|Swampert, L50, M|
|teampreview|4
|showteam|p1|Torkoal||Charcoal|Drought|WeatherBall,Eruption,HeatWave,Protect|Quiet||F|||50|]Vileplume||FocusSash|Chlorophyll|EnergyBall,SludgeBomb,SleepPowder,AfterYou|Timid||F|||50|]Farigiraf||ColburBerry|ArmorTail|Protect,PsychicFangs,TrickRoom,HelpingHand|Bold||F|||50|]Mawile||Mawilite|HyperCutter|IronHead,PlayRough,SuckerPunch,Protect|Adamant||M|||50|]Scrafty||Scraftinite|Intimidate|KnockOff,CloseCombat,RockSlide,FakeOut|Adamant||F|||50|]Rhyperior||LifeOrb|SolidRock|HighHorsepower,Protect,RockSlide,IcePunch|Brave||M|||50|
|showteam|p2|Archaludon||Leftovers|Stamina|Protect,ElectroShot,FlashCannon,DragonPulse|Modest||F|||50|]Pelipper||SitrusBerry|Drizzle|WideGuard,Tailwind,WeatherBall,Hurricane|Modest||M|||50|]Grimmsnarl||LightClay|Prankster|FoulPlay,PartingShot,LightScreen,Reflect|Calm||M|||50|]Metagross||Metagrossite|ClearBody|Protect,BodyPress,PsychicFangs,IronHead|Jolly|||||50|]Sinistcha||CobaBerry|Hospitality|Protect,TrickRoom,MatchaGotcha,RagePowder|Relaxed|||||50|]Swampert||Swampertite|Damp|Protect,IcePunch,WaveCrash,Earthquake|Adamant||M|||50|
|
|t:|1782684925
|teamsize|p1|4
|teamsize|p2|4
|start
|switch|p1a: Farigiraf|Farigiraf, L50, F|100/100
|switch|p1b: Scrafty|Scrafty, L50, F|100/100
|switch|p2a: Grimmsnarl|Grimmsnarl, L50, M|100/100
|switch|p2b: Swampert|Swampert, L50, M|100/100
|-ability|p1b: Scrafty|Intimidate|boost
|-unboost|p2a: Grimmsnarl|atk|1
|-unboost|p2b: Swampert|atk|1
|turn|1
|inactive|Battle timer is ON: inactive players will automatically lose when time's up. (requested by acemphd)
|inactive|lux raymundi has 60 seconds left.
|inactive|lux raymundi has 30 seconds left.
|inactive|lux raymundi has 20 seconds left.
|
|t:|1782684999
|switch|p2b: Archaludon|Archaludon, L50, F|100/100
|detailschange|p1b: Scrafty|Scrafty-Mega, L50, F
|-mega|p1b: Scrafty|Scrafty|Scraftinite
|-ability|p1b: Scrafty|Intimidate|boost
|-unboost|p2a: Grimmsnarl|atk|1
|-unboost|p2b: Archaludon|atk|1
|move|p1b: Scrafty|Fake Out|p2a: Grimmsnarl
|-damage|p2a: Grimmsnarl|83/100
|cant|p2a: Grimmsnarl|flinch
|move|p1a: Farigiraf|Trick Room|p1a: Farigiraf
|-fieldstart|move: Trick Room|[of] p1a: Farigiraf
|
|upkeep
|turn|2
|
|t:|1782685021
|switch|p2b: Pelipper|Pelipper, L50, M|100/100
|-weather|RainDance|[from] ability: Drizzle|[of] p2b: Pelipper
|move|p1a: Farigiraf|Helping Hand|p1b: Scrafty
|-singleturn|p1b: Scrafty|Helping Hand|[of] p1a: Farigiraf
|move|p2a: Grimmsnarl|Reflect|p2a: Grimmsnarl
|-sidestart|p2: lux raymundi|Reflect
|move|p1b: Scrafty|Close Combat|p2b: Pelipper
|-resisted|p2b: Pelipper|1
|-damage|p2b: Pelipper|64/100
|-unboost|p1b: Scrafty|def|1
|-unboost|p1b: Scrafty|spd|1
|
|-weather|RainDance|[upkeep]
|upkeep
|turn|3
|
|t:|1782685045
|switch|p2b: Archaludon|Archaludon, L50, F|100/100
|switch|p1b: Torkoal|Torkoal, L50, F|100/100
|-weather|SunnyDay|[from] ability: Drought|[of] p1b: Torkoal
|move|p2a: Grimmsnarl|Foul Play|p1b: Torkoal
|-damage|p1b: Torkoal|77/100
|move|p1a: Farigiraf|Psychic Fangs|p2b: Archaludon
|-sideend|p2: lux raymundi|Reflect
|-resisted|p2b: Archaludon|1
|-damage|p2b: Archaludon|90/100
|-ability|p2b: Archaludon|Stamina|boost
|-boost|p2b: Archaludon|def|1
|
|-weather|SunnyDay|[upkeep]
|-heal|p2b: Archaludon|96/100|[from] item: Leftovers
|upkeep
|turn|4
|inactive|acemphd has 30 seconds left.
|
|t:|1782685073
|switch|p2a: Pelipper|Pelipper, L50, M|64/100
|-weather|RainDance|[from] ability: Drizzle|[of] p2a: Pelipper
|move|p1a: Farigiraf|Helping Hand|p1b: Torkoal
|-singleturn|p1b: Torkoal|Helping Hand|[of] p1a: Farigiraf
|move|p1b: Torkoal|Weather Ball|p2a: Pelipper
|-resisted|p2a: Pelipper|1
|-damage|p2a: Pelipper|20/100y
|-enditem|p2a: Pelipper|Sitrus Berry|[eat]
|-heal|p2a: Pelipper|44/100|[from] item: Sitrus Berry
|move|p2b: Archaludon|Electro Shot||[still]
|-prepare|p2b: Archaludon|Electro Shot
|-boost|p2b: Archaludon|spa|1
|-anim|p2b: Archaludon|Electro Shot|p1a: Farigiraf
|-damage|p1a: Farigiraf|42/100
|
|-weather|RainDance|[upkeep]
|-heal|p2b: Archaludon|100/100|[from] item: Leftovers
|upkeep
|turn|5
|
|t:|1782685096
|switch|p1b: Vileplume|Vileplume, L50, F|100/100
|switch|p2a: Grimmsnarl|Grimmsnarl, L50, M|83/100
|move|p1a: Farigiraf|Protect|p1a: Farigiraf
|-singleturn|p1a: Farigiraf|Protect
|move|p2b: Archaludon|Electro Shot||[still]
|-prepare|p2b: Archaludon|Electro Shot
|-boost|p2b: Archaludon|spa|1
|-anim|p2b: Archaludon|Electro Shot|p1a: Farigiraf
|-activate|p1a: Farigiraf|move: Protect
|
|-weather|RainDance|[upkeep]
|-fieldend|move: Trick Room
|upkeep
|turn|6
|
|t:|1782685120
|switch|p1a: Torkoal|Torkoal, L50, F|77/100
|-weather|SunnyDay|[from] ability: Drought|[of] p1a: Torkoal
|move|p2a: Grimmsnarl|Parting Shot|p1b: Vileplume
|-unboost|p1b: Vileplume|atk|1
|-unboost|p1b: Vileplume|spa|1
|
|t:|1782685126
|switch|p2a: Pelipper|Pelipper, L50, M|44/100|[from] Parting Shot
|-weather|RainDance|[from] ability: Drizzle|[of] p2a: Pelipper
|move|p2b: Archaludon|Dragon Pulse|p1a: Torkoal
|-damage|p1a: Torkoal|0 fnt
|faint|p1a: Torkoal
|move|p1b: Vileplume|Sludge Bomb|p2a: Pelipper
|-damage|p2a: Pelipper|1/100
|
|-weather|RainDance|[upkeep]
|upkeep
|
|t:|1782685137
|switch|p1a: Scrafty|Scrafty-Mega, L50, F|100/100
|-ability|p1a: Scrafty|Intimidate|boost
|-unboost|p2a: Pelipper|atk|1
|-unboost|p2b: Archaludon|atk|1
|turn|7
|
|t:|1782685152
|switch|p2a: Grimmsnarl|Grimmsnarl, L50, M|83/100
|move|p2b: Archaludon|Protect|p2b: Archaludon
|-singleturn|p2b: Archaludon|Protect
|move|p1b: Vileplume|Sleep Powder|p2b: Archaludon
|-activate|p2b: Archaludon|move: Protect
|move|p1a: Scrafty|Close Combat|p2b: Archaludon
|-activate|p2b: Archaludon|move: Protect
|
|-weather|RainDance|[upkeep]
|upkeep
|turn|8
|
|t:|1782685171
|move|p2a: Grimmsnarl|Reflect|p2a: Grimmsnarl
|-sidestart|p2: lux raymundi|Reflect
|move|p2b: Archaludon|Electro Shot||[still]
|-prepare|p2b: Archaludon|Electro Shot
|-boost|p2b: Archaludon|spa|1
|-anim|p2b: Archaludon|Electro Shot|p1a: Scrafty
|-damage|p1a: Scrafty|12/100
|move|p1b: Vileplume|Sludge Bomb|p2a: Grimmsnarl
|-supereffective|p2a: Grimmsnarl|1
|-damage|p2a: Grimmsnarl|33/100
|-status|p2a: Grimmsnarl|psn
|move|p1a: Scrafty|Knock Off|p2b: Archaludon
|-damage|p2b: Archaludon|82/100
|-ability|p2b: Archaludon|Stamina|boost
|-boost|p2b: Archaludon|def|1
|-enditem|p2b: Archaludon|Leftovers|[from] move: Knock Off|[of] p1a: Scrafty
|
|-weather|RainDance|[upkeep]
|-damage|p2a: Grimmsnarl|20/100y psn|[from] psn
|upkeep
|turn|9
|
|t:|1782685195
|move|p2b: Archaludon|Protect|p2b: Archaludon
|-singleturn|p2b: Archaludon|Protect
|move|p1b: Vileplume|Sleep Powder|p2b: Archaludon
|-activate|p2b: Archaludon|move: Protect
|move|p1a: Scrafty|Close Combat|p2b: Archaludon
|-activate|p2b: Archaludon|move: Protect
|move|p2a: Grimmsnarl|Foul Play|p1b: Vileplume
|-damage|p1b: Vileplume|78/100
|
|-weather|RainDance|[upkeep]
|-damage|p2a: Grimmsnarl|8/100 psn|[from] psn
|upkeep
|turn|10
|
|t:|1782685216
|switch|p1a: Farigiraf|Farigiraf, L50, F|42/100
|move|p2a: Grimmsnarl|Light Screen|p2a: Grimmsnarl
|-sidestart|p2: lux raymundi|move: Light Screen
|move|p2b: Archaludon|Dragon Pulse|p1b: Vileplume
|-damage|p1b: Vileplume|0 fnt
|faint|p1b: Vileplume
|
|-weather|none
|-damage|p2a: Grimmsnarl|0 fnt|[from] psn
|faint|p2a: Grimmsnarl
|upkeep
|-message|acemphd forfeited.
|
|win|lux raymundi
