|j|☆Naya314
|j|☆bigboyblue3451
|html|Naya314bigboyblue3451    
|uhtml|bestof|Game 1 of a best-of-3
|t:|1783111314
|gametype|doubles
|player|p1|Naya314|candice|1432
|player|p2|bigboyblue3451|102|1377
|gen|9
|tier|[Gen 9 Champions] VGC 2026 Reg M-B (Bo3)
|rated|
|rule|Species Clause: Limit one of each Pokémon
|rule|Item Clause: Limit 1 of each item
|clearpoke
|poke|p1|Scizor, L50, F|
|poke|p1|Charizard, L50, F|
|poke|p1|Garchomp, L50, M|
|poke|p1|Basculegion, L50, M|
|poke|p1|Whimsicott, L50, M|
|poke|p1|Floette-Eternal, L50, F|
|poke|p2|Gengar, L50, F|
|poke|p2|Swampert, L50, F|
|poke|p2|Incineroar, L50, F|
|poke|p2|Politoed, L50, M|
|poke|p2|Archaludon, L50, M|
|poke|p2|Vivillon-Ocean, L50, F|
|teampreview|4
|showteam|p1|Scizor||ExpertBelt|Technician|BugBite,BulletPunch,CloseCombat,Protect|Adamant||F|||50|]Charizard||CharizarditeY|Blaze|HeatWave,SolarBeam,WeatherBall,Protect|Modest||F|||50|]Garchomp||LifeOrb|RoughSkin|Earthquake,DragonClaw,RockSlide,Protect|Jolly||M|||50|]Basculegion||ChoiceScarf|Adaptability|LastRespects,WaveCrash,AquaJet,FlipTurn|Adamant||M|||50|]Whimsicott||FocusSash|Prankster|Moonblast,Tailwind,Encore,Protect|Timid||M|||50|]Floette-Eternal||Floettite|FlowerVeil|DazzlingGleam,EnergyBall,Moonblast,Protect|Modest||F|||50|
|showteam|p2|Gengar||Gengarite|CursedBody|ShadowBall,PerishSong,SludgeBomb,Protect|Timid||F|||50|]Swampert||Swampertite|Torrent|WaveCrash,Earthquake,IcePunch,Protect|Adamant||F|||50|]Incineroar||PasshoBerry|Intimidate|ThroatChop,PartingShot,FakeOut,Protect|Sassy||F|||50|]Politoed||SitrusBerry|Drizzle|WeatherBall,PerishSong,Encore,Protect|Calm||M|||50|]Archaludon||Leftovers|Stamina|DragonPulse,FlashCannon,ElectroShot,Protect|Bold||M|||50|]Vivillon-Ocean||FocusSash|CompoundEyes|Hurricane,SleepPowder,RagePowder,Protect|Timid||F|||50|
|inactive|Battle timer is ON: inactive players will automatically lose when time's up. (requested by Naya314)
|inactive|Naya314 has 60 seconds left.
|
|t:|1783111386
|teamsize|p1|4
|teamsize|p2|4
|start
|switch|p1a: Whimsicott|Whimsicott, L50, M|100/100
|switch|p1b: Basculegion|Basculegion, L50, M|100/100
|switch|p2a: Incineroar|Incineroar, L50, F|100/100
|switch|p2b: Gengar|Gengar, L50, F|100/100
|-ability|p2a: Incineroar|Intimidate|boost
|-unboost|p1a: Whimsicott|atk|1
|-unboost|p1b: Basculegion|atk|1
|turn|1
|inactive|Naya314 has 30 seconds left.
|inactive|bigboyblue3451 has 30 seconds left.
|inactive|bigboyblue3451 has 20 seconds left.
|inactive|bigboyblue3451 has 15 seconds left.
|inactive|bigboyblue3451 has 10 seconds left.
|inactive|bigboyblue3451 has 5 seconds left.
|
|t:|1783111436
|detailschange|p2b: Gengar|Gengar-Mega, L50, F
|-mega|p2b: Gengar|Gengar|Gengarite
|move|p2b: Gengar|Protect|p2b: Gengar
|-singleturn|p2b: Gengar|Protect
|move|p1a: Whimsicott|Tailwind|p1a: Whimsicott
|-sidestart|p1: Naya314|move: Tailwind
|move|p1b: Basculegion|Flip Turn|p2a: Incineroar
|-supereffective|p2a: Incineroar|1
|-enditem|p2a: Incineroar|Passho Berry|[eat]
|-enditem|p2a: Incineroar|Passho Berry|[weaken]
|-damage|p2a: Incineroar|76/100
|
|t:|1783111447
|switch|p1b: Garchomp|Garchomp, L50, M|100/100|[from] Flip Turn
|move|p2a: Incineroar|Parting Shot|p1b: Garchomp
|-unboost|p1b: Garchomp|atk|1
|-unboost|p1b: Garchomp|spa|1
|
|t:|1783111456
|switch|p2a: Vivillon|Vivillon-Ocean, L50, F|100/100|[from] Parting Shot
|
|upkeep
|turn|2
|
|t:|1783111465
|switch|p2b: Incineroar|Incineroar, L50, F|76/100
|-ability|p2b: Incineroar|Intimidate|boost
|-unboost|p1a: Whimsicott|atk|1
|-unboost|p1b: Garchomp|atk|1
|move|p1a: Whimsicott|Encore|p2b: Incineroar
|-hint|Since gen 7, Dark is immune to Prankster moves.
|-immune|p2b: Incineroar
|move|p1b: Garchomp|Rock Slide|p2a: Vivillon|[spread] p2a,p2b
|-supereffective|p2a: Vivillon|2
|-supereffective|p2b: Incineroar|1
|-damage|p2a: Vivillon|7/100
|-damage|p2b: Incineroar|54/100
|-damage|p1b: Garchomp|90/100|[from] item: Life Orb
|move|p2a: Vivillon|Sleep Powder|p1b: Garchomp
|-status|p1b: Garchomp|slp|[from] move: Sleep Powder
|
|upkeep
|turn|3
|inactive|Naya314 has 30 seconds left.
|
|t:|1783111498
|switch|p2a: Gengar|Gengar-Mega, L50, F|100/100
|move|p1a: Whimsicott|Moonblast|p2a: Gengar
|-resisted|p2a: Gengar|1
|-damage|p2a: Gengar|82/100
|cant|p1b: Garchomp|slp
|move|p2b: Incineroar|Parting Shot|p1b: Garchomp
|-unboost|p1b: Garchomp|atk|1
|-unboost|p1b: Garchomp|spa|1
|
|t:|1783111511
|switch|p2b: Vivillon|Vivillon-Ocean, L50, F|7/100|[from] Parting Shot
|
|upkeep
|turn|4
|
|t:|1783111532
|move|p2b: Vivillon|Protect|p2b: Vivillon
|-singleturn|p2b: Vivillon|Protect
|move|p1a: Whimsicott|Moonblast|p2b: Vivillon
|-activate|p2b: Vivillon|move: Protect
|cant|p1b: Garchomp|slp
|move|p2a: Gengar|Perish Song|p2a: Gengar
|-start|p1a: Whimsicott|perish3|[silent]
|-start|p1b: Garchomp|perish3|[silent]
|-start|p2a: Gengar|perish3|[silent]
|-start|p2b: Vivillon|perish3|[silent]
|-fieldactivate|move: Perish Song
|
|-start|p1a: Whimsicott|perish3
|-start|p1b: Garchomp|perish3
|-start|p2a: Gengar|perish3
|-start|p2b: Vivillon|perish3
|-sideend|p1: Naya314|move: Tailwind
|upkeep
|turn|5
|inactive|Naya314 has 30 seconds left.
|inactive|Naya314 has 20 seconds left.
|
|t:|1783111568
|switch|p2b: Incineroar|Incineroar, L50, F|54/100
|-ability|p2b: Incineroar|Intimidate|boost
|-unboost|p1a: Whimsicott|atk|1
|-unboost|p1b: Garchomp|atk|1
|move|p2a: Gengar|Protect|p2a: Gengar
|-singleturn|p2a: Gengar|Protect
|move|p1a: Whimsicott|Moonblast|p2b: Incineroar
|-damage|p2b: Incineroar|30/100
|-curestatus|p1b: Garchomp|slp|[msg]
|move|p1b: Garchomp|Dragon Claw|p2b: Incineroar
|-damage|p2b: Incineroar|14/100
|-damage|p1b: Garchomp|80/100|[from] item: Life Orb
|
|-start|p1a: Whimsicott|perish2
|-start|p2a: Gengar|perish2
|-start|p1b: Garchomp|perish2
|upkeep
|turn|6
|inactive|Naya314 has 30 seconds left.
|inactive|bigboyblue3451 has 30 seconds left.
|inactive|bigboyblue3451 has 20 seconds left.
|inactive|bigboyblue3451 has 15 seconds left.
|
|t:|1783111609
|switch|p2b: Politoed|Politoed, L50, M|100/100
|-weather|RainDance|[from] ability: Drizzle|[of] p2b: Politoed
|move|p1a: Whimsicott|Moonblast|p2b: Politoed
|-damage|p2b: Politoed|75/100
|move|p2a: Gengar|Sludge Bomb|p1a: Whimsicott
|-supereffective|p1a: Whimsicott|2
|-enditem|p1a: Whimsicott|Focus Sash
|-damage|p1a: Whimsicott|1/100
|move|p1b: Garchomp|Earthquake|p2b: Politoed|[spread] p1a,p2a,p2b
|-resisted|p1a: Whimsicott|1
|-supereffective|p2a: Gengar|1
|-damage|p1a: Whimsicott|0 fnt
|-damage|p2a: Gengar|43/100
|-damage|p2b: Politoed|58/100
|faint|p1a: Whimsicott
|-damage|p1b: Garchomp|70/100|[from] item: Life Orb
|
|-weather|RainDance|[upkeep]
|-start|p2a: Gengar|perish1
|-start|p1b: Garchomp|perish1
|upkeep
|inactive|Naya314 has 30 seconds left.
|inactive|Naya314 has 20 seconds left.
|inactive|Naya314 has 15 seconds left.
|
|t:|1783111651
|switch|p1a: Basculegion|Basculegion, L50, M|100/100
|turn|7
|
|t:|1783111661
|switch|p2a: Incineroar|Incineroar, L50, F|14/100
|-ability|p2a: Incineroar|Intimidate|boost
|-unboost|p1a: Basculegion|atk|1
|-unboost|p1b: Garchomp|atk|1
|move|p1a: Basculegion|Last Respects|p2b: Politoed
|-damage|p2b: Politoed|16/100
|-enditem|p2b: Politoed|Sitrus Berry|[eat]
|-heal|p2b: Politoed|41/100|[from] item: Sitrus Berry
|move|p1b: Garchomp|Rock Slide|p2a: Incineroar|[spread] p2b
|-miss|p1b: Garchomp|p2a: Incineroar
|-damage|p2b: Politoed|35/100
|-damage|p1b: Garchomp|61/100|[from] item: Life Orb
|move|p2b: Politoed|Perish Song|p2b: Politoed
|-start|p1a: Basculegion|perish3|[silent]
|-start|p2a: Incineroar|perish3|[silent]
|-start|p2b: Politoed|perish3|[silent]
|-fieldactivate|move: Perish Song
|
|-weather|RainDance|[upkeep]
|-start|p1a: Basculegion|perish3
|-start|p1b: Garchomp|perish0
|-start|p2b: Politoed|perish3
|faint|p1b: Garchomp
|-start|p2a: Incineroar|perish3
|upkeep
|
|t:|1783111680
|switch|p1b: Charizard|Charizard, L50, F|100/100
|turn|8
|
|t:|1783111696
|move|p1b: Charizard|Protect|p1b: Charizard
|-singleturn|p1b: Charizard|Protect
|move|p2b: Politoed|Protect|p2b: Politoed
|-singleturn|p2b: Politoed|Protect
|move|p2a: Incineroar|Protect|p2a: Incineroar
|-singleturn|p2a: Incineroar|Protect
|move|p1a: Basculegion|Last Respects|p2a: Incineroar
|-activate|p2a: Incineroar|move: Protect
|
|-weather|RainDance|[upkeep]
|-start|p1a: Basculegion|perish2
|-start|p2b: Politoed|perish2
|-start|p2a: Incineroar|perish2
|upkeep
|turn|9
|inactive|bigboyblue3451 has 30 seconds left.
|inactive|bigboyblue3451 has 20 seconds left.
|
|t:|1783111732
|move|p1a: Basculegion|Last Respects|p2b: Politoed
|-damage|p2b: Politoed|0 fnt
|faint|p2b: Politoed
|move|p1b: Charizard|Weather Ball|p2a: Incineroar
|-supereffective|p2a: Incineroar|1
|-damage|p2a: Incineroar|0 fnt
|faint|p2a: Incineroar
|
|-weather|RainDance|[upkeep]
|-start|p1a: Basculegion|perish1
|upkeep
|
|t:|1783111739
|switch|p2b: Gengar|Gengar-Mega, L50, F|43/100
|switch|p2a: Vivillon|Vivillon-Ocean, L50, F|7/100
|turn|10
|
|t:|1783111760
|detailschange|p1b: Charizard|Charizard-Mega-Y, L50, F
|-mega|p1b: Charizard|Charizard|Charizardite Y
|-weather|SunnyDay|[from] ability: Drought|[of] p1b: Charizard
|move|p2b: Gengar|Protect|p2b: Gengar
|-singleturn|p2b: Gengar|Protect
|move|p2a: Vivillon|Protect|p2a: Vivillon
|-singleturn|p2a: Vivillon|Protect
|move|p1a: Basculegion|Last Respects|p2b: Gengar
|-activate|p2b: Gengar|move: Protect
|move|p1b: Charizard|Heat Wave|p2a: Vivillon|[spread] 
|-activate|p2a: Vivillon|move: Protect
|-activate|p2b: Gengar|move: Protect
|
|-weather|SunnyDay|[upkeep]
|-start|p1a: Basculegion|perish0
|faint|p1a: Basculegion
|upkeep
|turn|11
|
|t:|1783111780
|move|p2b: Gengar|Sludge Bomb|p1b: Charizard
|-damage|p1b: Charizard|49/100
|move|p2a: Vivillon|Sleep Powder|p1b: Charizard
|-status|p1b: Charizard|slp|[from] move: Sleep Powder
|cant|p1b: Charizard|slp
|
|-weather|SunnyDay|[upkeep]
|upkeep
|turn|12
|
|t:|1783111792
|move|p2b: Gengar|Sludge Bomb|p1b: Charizard
|-damage|p1b: Charizard|0 fnt
|faint|p1b: Charizard
|
|win|bigboyblue3451
||bigboyblue3451 is ready for game 2.
|l|☆Naya314
|player|p1|
||Naya314 is ready for game 2.
|uhtml|next|Next: Game 2 of 3
|l|☆bigboyblue3451
|player|p2|
|j|☆bigboyblue3451
|player|p2|bigboyblue3451|102|
