|j|☆rbresser
|j|☆25th_mang
|html|rbresser25th_mang    
|uhtml|bestof|Game 1 of a best-of-3
|t:|1784684207
|gametype|doubles
|player|p1|rbresser|red|1167
|player|p2|25th_mang|ballguy|1276
|gen|9
|tier|[Gen 9 Champions] VGC 2026 Reg M-B (Bo3)
|rated|
|rule|Species Clause: Limit one of each Pokémon
|rule|Item Clause: Limit 1 of each item
|clearpoke
|poke|p1|Grimmsnarl, L50, M|
|poke|p1|Swampert, L50, M|
|poke|p1|Pelipper, L50, M|
|poke|p1|Archaludon, L50, M|
|poke|p1|Sinistcha, L50|
|poke|p1|Metagross, L50|
|poke|p2|Blastoise, L50, F|
|poke|p2|Camerupt, L50, F|
|poke|p2|Farigiraf, L50, F|
|poke|p2|Kingambit, L50, M|
|poke|p2|Vanilluxe, L50, M|
|poke|p2|Staraptor, L50, F|
|teampreview|4
|showteam|p1|Grimmsnarl||LightClay|Prankster|FoulPlay,PartingShot,Reflect,LightScreen|Calm||M|||50|]Swampert||Swampertite|Damp|WaveCrash,Earthquake,IcePunch,Protect|Adamant||M|||50|]Pelipper||SitrusBerry|Drizzle|Hurricane,WeatherBall,Tailwind,WideGuard|Modest||M|||50|]Archaludon||Leftovers|Stamina|ElectroShot,DragonPulse,FlashCannon,Protect|Modest||M|||50|]Sinistcha||CobaBerry|Hospitality|MatchaGotcha,RagePowder,TrickRoom,Protect|Relaxed|||||50|]Metagross||Metagrossite|ClearBody|IronHead,PsychicFangs,BodyPress,Protect|Jolly|||||50|
|showteam|p2|Blastoise||Blastoisinite|RainDish|WaterSpout,DarkPulse,AuraSphere,FakeOut|Quiet||F|||50|]Camerupt||Cameruptite|SolidRock|AncientPower,EarthPower,HeatWave,Protect|Quiet||F|||50|]Farigiraf||SitrusBerry|ArmorTail|PsychicFangs,HyperVoice,HelpingHand,TrickRoom|Relaxed||F|||50|]Kingambit||LifeOrb|Defiant|KowtowCleave,IronHead,Protect,SuckerPunch|Brave||M|||50|]Vanilluxe||NeverMeltIce|SnowWarning|Blizzard,FreezeDry,Protect,IceShard|Quiet||M|||50|]Staraptor||ChoiceScarf|Intimidate|FinalGambit,CloseCombat,BraveBird,Uturn|Jolly||F|||50|
|inactive|Battle timer is ON: inactive players will automatically lose when time's up. (requested by rbresser)
|inactive|25th_mang also wants the timer to be on.
|inactive|rbresser has 60 seconds left.
|
|t:|1784684265
|teamsize|p1|4
|teamsize|p2|4
|start
|switch|p1a: Grimmsnarl|Grimmsnarl, L50, M|100/100
|switch|p1b: Archaludon|Archaludon, L50, M|100/100
|switch|p2a: Blind Spot|Farigiraf, L50, F|100/100
|switch|p2b: Haven|Blastoise, L50, F|100/100
|turn|1
|l|☆rbresser
|inactive|rbresser disconnected and has a minute to reconnect!
|player|p1|
|inactive|rbresser has 30 seconds left.
|inactive|25th_mang has 30 seconds left.
|j|☆rbresser
|inactive|rbresser reconnected and has 25 seconds left.
|player|p1|rbresser|red|
|inactive|rbresser has 20 seconds left.
|inactive|rbresser has 15 seconds left.
|
|t:|1784684310
|move|p2b: Haven|Fake Out|p1b: Archaludon
|-resisted|p1b: Archaludon|1
|-damage|p1b: Archaludon|96/100
|-ability|p1b: Archaludon|Stamina|boost
|-boost|p1b: Archaludon|def|1
|move|p1a: Grimmsnarl|Light Screen|p1a: Grimmsnarl
|-sidestart|p1: rbresser|move: Light Screen
|cant|p1b: Archaludon|flinch
|move|p2a: Blind Spot|Trick Room|p2a: Blind Spot
|-fieldstart|move: Trick Room|[of] p2a: Blind Spot
|
|-heal|p1b: Archaludon|100/100|[from] item: Leftovers
|upkeep
|turn|2
|inactive|rbresser has 30 seconds left.
|
|t:|1784684336
|switch|p1a: Pelipper|Pelipper, L50, M|100/100
|-weather|RainDance|[from] ability: Drizzle|[of] p1a: Pelipper
|detailschange|p2b: Haven|Blastoise-Mega, L50, F
|-mega|p2b: Haven|Blastoise|Blastoisinite
|move|p2a: Blind Spot|Psychic Fangs|p1b: Archaludon
|-sideend|p1: rbresser|move: Light Screen
|-resisted|p1b: Archaludon|1
|-damage|p1b: Archaludon|92/100
|-ability|p1b: Archaludon|Stamina|boost
|-boost|p1b: Archaludon|def|1
|move|p2b: Haven|Aura Sphere|p1b: Archaludon
|-supereffective|p1b: Archaludon|1
|-damage|p1b: Archaludon|0 fnt
|faint|p1b: Archaludon
|
|-weather|RainDance|[upkeep]
|upkeep
|
|t:|1784684350
|switch|p1b: Swampert|Swampert, L50, M|100/100
|turn|3
|
|t:|1784684369
|detailschange|p1b: Swampert|Swampert-Mega, L50, M
|-mega|p1b: Swampert|Swampert|Swampertite
|move|p2a: Blind Spot|Helping Hand|p2b: Haven
|-singleturn|p2b: Haven|Helping Hand|[of] p2a: Blind Spot
|move|p2b: Haven|Dark Pulse|p1b: Swampert
|-damage|p1b: Swampert|43/100
|move|p1a: Pelipper|Hurricane|p2b: Haven
|-damage|p2b: Haven|62/100
|-start|p2b: Haven|confusion
|move|p1b: Swampert|Earthquake|p2b: Haven|[spread] p2a,p2b
|-immune|p1a: Pelipper
|-damage|p2a: Blind Spot|60/100
|-damage|p2b: Haven|25/100
|
|-weather|RainDance|[upkeep]
|upkeep
|turn|4
|inactive|rbresser has 30 seconds left.
|
|t:|1784684403
|move|p2a: Blind Spot|Helping Hand|p2b: Haven
|-singleturn|p2b: Haven|Helping Hand|[of] p2a: Blind Spot
|-activate|p2b: Haven|confusion
|-damage|p2b: Haven|16/100|[from] confusion
|move|p1a: Pelipper|Hurricane|p2a: Blind Spot
|-damage|p2a: Blind Spot|26/100
|-start|p2a: Blind Spot|confusion
|-enditem|p2a: Blind Spot|Sitrus Berry|[eat]
|-heal|p2a: Blind Spot|51/100|[from] item: Sitrus Berry
|move|p1b: Swampert|Earthquake|p2b: Haven|[spread] p2a,p2b
|-immune|p1a: Pelipper
|-damage|p2a: Blind Spot|16/100
|-damage|p2b: Haven|0 fnt
|faint|p2b: Haven
|
|-weather|RainDance|[upkeep]
|upkeep
|
|t:|1784684421
|switch|p2b: Ta|Vanilluxe, L50, M|100/100
|-weather|Snowscape|[from] ability: Snow Warning|[of] p2b: Ta
|turn|5
|inactive|25th_mang has 30 seconds left.
|
|t:|1784684453
|switch|p1a: Grimmsnarl|Grimmsnarl, L50, M|100/100
|move|p1b: Swampert|Protect|p1b: Swampert
|-singleturn|p1b: Swampert|Protect
|-activate|p2a: Blind Spot|confusion
|-damage|p2a: Blind Spot|9/100|[from] confusion
|move|p2b: Ta|Freeze-Dry|p1a: Grimmsnarl
|-damage|p1a: Grimmsnarl|62/100
|
|-weather|Snowscape|[upkeep]
|-fieldend|move: Trick Room
|upkeep
|turn|6
|
|t:|1784684478
|switch|p1b: Pelipper|Pelipper, L50, M|100/100
|-weather|RainDance|[from] ability: Drizzle|[of] p1b: Pelipper
|move|p2b: Ta|Freeze-Dry|p1b: Pelipper
|-supereffective|p1b: Pelipper|2
|-damage|p1b: Pelipper|0 fnt
|faint|p1b: Pelipper
|move|p1a: Grimmsnarl|Foul Play|p2a: Blind Spot
|-supereffective|p2a: Blind Spot|1
|-damage|p2a: Blind Spot|0 fnt
|faint|p2a: Blind Spot
|
|-weather|RainDance|[upkeep]
|upkeep
|
|t:|1784684492
|switch|p1b: Swampert|Swampert-Mega, L50, M|43/100
|switch|p2a: 0801|Camerupt, L50, F|100/100
|turn|7
|
|t:|1784684503
|move|p2a: 0801|Protect|p2a: 0801
|-singleturn|p2a: 0801|Protect
|move|p1a: Grimmsnarl|Light Screen|p1a: Grimmsnarl
|-sidestart|p1: rbresser|move: Light Screen
|move|p1b: Swampert|Wave Crash|p2a: 0801
|-activate|p2a: 0801|move: Protect
|move|p2b: Ta|Freeze-Dry|p1b: Swampert
|-supereffective|p1b: Swampert|2
|-damage|p1b: Swampert|0 fnt
|faint|p1b: Swampert
|
|-weather|RainDance|[upkeep]
|upkeep
|turn|8
|-message|rbresser forfeited.
|
|win|25th_mang
|l|☆rbresser
|player|p1|
||rbresser is ready for game 2.
||25th_mang is ready for game 2.
|uhtml|next|Next: Game 2 of 3
|l|☆25th_mang
|player|p2|
|j|☆25th_mang
|player|p2|25th_mang|ballguy|
