|j|☆notmetastuff
|j|☆SnrubYesthatlldo
|html|notmetastuffSnrubYesthatlldo    
|uhtml|bestof|Game 1 of a best-of-3
|t:|1757660656
|gametype|doubles
|player|p1|notmetastuff|170|1198
|player|p2|SnrubYesthatlldo|1|1193
|gen|9
|tier|[Gen 9] VGC 2025 Reg H (Bo3)
|rated|
|rule|Species Clause: Limit one of each Pokémon
|rule|Item Clause: Limit 1 of each item
|clearpoke
|poke|p1|Ninetales-Alola, L50, M|
|poke|p1|Gholdengo, L50|
|poke|p1|Rillaboom, L50, M|
|poke|p1|Annihilape, L50, F|
|poke|p1|Dragonite, L50, F|
|poke|p1|Ursaluna-Bloodmoon, L50, M|
|poke|p2|Volcarona, L50, F|
|poke|p2|Gyarados, L50, F|
|poke|p2|Rillaboom, L50, M|
|poke|p2|Gholdengo, L50|
|poke|p2|Ninetales-Alola, L50, M|
|poke|p2|Garchomp, L50, M|
|teampreview|4
|showteam|p1|Ninetales-Alola||FocusSash|SnowWarning|IcicleSpear,Blizzard,AuroraVeil,IcyWind|||M|||50|,,,,,Ghost]Gholdengo||LifeOrb|GoodasGold|MakeItRain,ShadowBall,NastyPlot,Protect||||||50|,,,,,Water]Rillaboom||MiracleSeed|GrassySurge|WoodHammer,FakeOut,GrassyGlide,Protect|||M|||50|,,,,,Fire]Annihilape||SafetyGoggles|Defiant|RageFist,DrainPunch,BulkUp,Protect|||F|||50|,,,,,Fire]Dragonite||LoadedDice|Multiscale|ScaleShot,Haze,Tailwind,Protect|||F|||50|,,,,,Fairy]Ursaluna-Bloodmoon||AssaultVest|MindsEye|BloodMoon,HyperVoice,EarthPower,VacuumWave|||M|||50|,,,,,Water
|showteam|p2|Volcarona||CovertCloak|FlameBody|FieryDance,StruggleBug,QuiverDance,Tailwind|||F|||50|,,,,,Fairy]Gyarados||LumBerry|Intimidate|Protect,Waterfall,Taunt,ThunderWave|||F|||50|,,,,,Steel]Rillaboom||AssaultVest|GrassySurge|FakeOut,GrassyGlide,WoodHammer,HighHorsepower|||M|||50|,,,,,Fire]Gholdengo||GrassySeed|GoodasGold|Protect,MakeItRain,ShadowBall,NastyPlot||||||50|,,,,,Water]Ninetales-Alola||FocusSash|SnowWarning|Protect,Blizzard,AuroraVeil,Encore|||M|||50|,,,,,Ghost]Garchomp||LifeOrb|RoughSkin|Protect,StompingTantrum,DragonClaw,Earthquake|||M|||50|,,,,,Steel
|inactive|Battle timer is ON: inactive players will automatically lose when time's up. (requested by notmetastuff)
|inactive|notmetastuff has 60 seconds left.
|inactive|SnrubYesthatlldo has 60 seconds left.
|inactive|notmetastuff has 30 seconds left.
|inactive|notmetastuff has 20 seconds left.
|inactive|notmetastuff has 15 seconds left.
|inactive|notmetastuff has 10 seconds left.
|inactive|notmetastuff has 5 seconds left.
|
|t:|1757660748
|teamsize|p1|4
|teamsize|p2|4
|start
|switch|p1a: Ninetales|Ninetales-Alola, L50, M|100/100
|switch|p1b: Gholdengo|Gholdengo, L50|100/100
|switch|p2a: Volcarona|Volcarona, L50, F|100/100
|switch|p2b: Ninetales|Ninetales-Alola, L50, M|100/100
|-weather|Snowscape|[from] ability: Snow Warning|[of] p1a: Ninetales
|turn|1
|inactive|notmetastuff has 30 seconds left.
|inactive|SnrubYesthatlldo has 30 seconds left.
|inactive|notmetastuff has 20 seconds left.
|
|t:|1757660787
|-terastallize|p1b: Gholdengo|Water
|move|p1a: Ninetales|Blizzard|p2b: Ninetales|[spread] p2a,p2b
|-resisted|p2a: Volcarona
|-resisted|p2b: Ninetales
|-damage|p2a: Volcarona|87/100
|-damage|p2b: Ninetales|80/100
|move|p2b: Ninetales|Blizzard|p1b: Gholdengo|[spread] p1a,p1b
|-resisted|p1a: Ninetales
|-resisted|p1b: Gholdengo
|-damage|p1a: Ninetales|84/100
|-damage|p1b: Gholdengo|82/100
|-status|p1b: Gholdengo|frz
|cant|p1b: Gholdengo|frz
|move|p2a: Volcarona|Quiver Dance|p2a: Volcarona
|-boost|p2a: Volcarona|spa|1
|-boost|p2a: Volcarona|spd|1
|-boost|p2a: Volcarona|spe|1
|
|-weather|Snowscape|[upkeep]
|upkeep
|turn|2
|c|☆SnrubYesthatlldo|yeah sorry lol
|inactive|notmetastuff has 30 seconds left.
|
|t:|1757660814
|switch|p2b: Rillaboom|Rillaboom, L50, M|100/100
|-fieldstart|move: Grassy Terrain|[from] ability: Grassy Surge|[of] p2b: Rillaboom
|move|p2a: Volcarona|Fiery Dance|p1a: Ninetales
|-supereffective|p1a: Ninetales
|-damage|p1a: Ninetales|0 fnt
|faint|p1a: Ninetales
|cant|p1b: Gholdengo|frz
|
|-weather|Snowscape|[upkeep]
|-heal|p2a: Volcarona|93/100|[from] Grassy Terrain
|-heal|p1b: Gholdengo|87/100 frz|[from] Grassy Terrain
|upkeep
|
|t:|1757660827
|switch|p1a: Rillaboom|Rillaboom, L50, M|100/100
|turn|3
|inactive|notmetastuff has 30 seconds left.
|
|t:|1757660854
|move|p1a: Rillaboom|Fake Out|p2a: Volcarona
|-damage|p2a: Volcarona|75/100
|move|p2a: Volcarona|Struggle Bug|p1b: Gholdengo|[spread] p1a,p1b
|-supereffective|p1a: Rillaboom
|-damage|p1a: Rillaboom|43/100
|-damage|p1b: Gholdengo|59/100 frz
|-unboost|p1a: Rillaboom|spa|1
|-unboost|p1b: Gholdengo|spa|1
|cant|p1b: Gholdengo|frz
|move|p2b: Rillaboom|Wood Hammer|p1b: Gholdengo
|-supereffective|p1b: Gholdengo
|-damage|p1b: Gholdengo|0 fnt
|faint|p1b: Gholdengo
|-damage|p2b: Rillaboom|84/100|[from] Recoil
|
|-weather|Snowscape|[upkeep]
|-heal|p2a: Volcarona|82/100|[from] Grassy Terrain
|-heal|p1a: Rillaboom|49/100|[from] Grassy Terrain
|-heal|p2b: Rillaboom|90/100|[from] Grassy Terrain
|upkeep
|
|t:|1757660872
|switch|p1b: Annihilape|Annihilape, L50, F|100/100
|turn|4
|
|t:|1757660896
|switch|p2b: Gholdengo|Gholdengo, L50|100/100
|-enditem|p2b: Gholdengo|Grassy Seed
|-boost|p2b: Gholdengo|def|1|[from] item: Grassy Seed
|move|p2a: Volcarona|Fiery Dance|p1a: Rillaboom
|-supereffective|p1a: Rillaboom
|-damage|p1a: Rillaboom|0 fnt
|faint|p1a: Rillaboom
|move|p1b: Annihilape|Bulk Up|p1b: Annihilape
|-boost|p1b: Annihilape|atk|1
|-boost|p1b: Annihilape|def|1
|
|-weather|Snowscape|[upkeep]
|-heal|p2a: Volcarona|88/100|[from] Grassy Terrain
|upkeep
|turn|5
|
|t:|1757660913
|-terastallize|p2b: Gholdengo|Water
|move|p2a: Volcarona|Tailwind|p2a: Volcarona
|-sidestart|p2: SnrubYesthatlldo|move: Tailwind
|move|p2b: Gholdengo|Nasty Plot|p2b: Gholdengo
|-boost|p2b: Gholdengo|spa|2
|move|p1b: Annihilape|Rage Fist|p2b: Gholdengo
|-damage|p2b: Gholdengo|79/100
|
|-weather|none
|-heal|p2a: Volcarona|94/100|[from] Grassy Terrain
|-heal|p2b: Gholdengo|85/100|[from] Grassy Terrain
|upkeep
|turn|6
|-message|notmetastuff forfeited.
|
|win|SnrubYesthatlldo
|l|☆notmetastuff
|player|p1|
||SnrubYesthatlldo is ready for game 2.
||notmetastuff is ready for game 2.
|uhtml|next|Next: Game 2 of 3
