|j|☆f Night Ladder
|j|☆aox93
|html|f Night Ladderaox93    
|uhtml|bestof|Game 1 of a best-of-3
|t:|1756770919
|gametype|doubles
|player|p1|f Night Ladder|miku-ghost|1126
|player|p2|aox93|n|1299
|gen|9
|tier|[Gen 9] VGC 2025 Reg H (Bo3)
|rated|
|rule|Species Clause: Limit one of each Pokémon
|rule|Item Clause: Limit 1 of each item
|clearpoke
|poke|p1|Dugtrio, L50, F|
|poke|p1|Electrode-Hisui, L50|
|poke|p1|Archaludon, L50, F|
|poke|p1|Dragonite, L50, F|
|poke|p1|Milotic, L50, F|
|poke|p1|Chandelure, L50, M|
|poke|p2|Basculegion, L50, M|
|poke|p2|Archaludon, L50, M|
|poke|p2|Pelipper, L50, M|
|poke|p2|Incineroar, L50, M|
|poke|p2|Gholdengo, L50|
|poke|p2|Amoonguss, L50, F|
|teampreview|4
|showteam|p1|Dugtrio||FocusSash|ArenaTrap|SuckerPunch,Endeavor,Earthquake,Protect|||F|||50|,,,,,Dark]Electrode-Hisui||SharpBeak|Static|Taunt,TeraBlast,Electroweb,Protect||||||50|,,,,,Flying]Archaludon||PowerHerb|Stalwart|ElectroShot,FlashCannon,DracoMeteor,Protect|||F|||50|,,,,,Electric]Dragonite||LoadedDice|Multiscale|ScaleShot,ExtremeSpeed,LowKick,Protect|||F|||50|,,,,,Fairy]Milotic||SafetyGoggles|Competitive|Scald,Protect,IceBeam,Haze|||F|||50|,,,,,Dragon]Chandelure||AirBalloon|FlashFire|HeatWave,ShadowBall,TrickRoom,Protect|||M|||50|,,,,,Grass
|showteam|p2|Basculegion||ChoiceBand|SwiftSwim|FlipTurn,WaveCrash,AquaJet,LastRespects|||M|||50|,,,,,Water]Archaludon||AssaultVest|Stamina|ElectroShot,DracoMeteor,FlashCannon,BodyPress|||M|||50|,,,,,Grass]Pelipper||FocusSash|Drizzle|Protect,Tailwind,Hurricane,WeatherBall|||M|||50|,,,,,Ghost]Incineroar||SafetyGoggles|Intimidate|FakeOut,KnockOff,PartingShot,Taunt|||M|||50|,,,,,Ghost]Gholdengo||LifeOrb|GoodasGold|Protect,NastyPlot,MakeItRain,ShadowBall||||||50|,,,,,Water]Amoonguss||RockyHelmet|Regenerator|Protect,RagePowder,Spore,PollenPuff|||F|||50|,,,,,Dark
|
|t:|1756770984
|teamsize|p1|4
|teamsize|p2|4
|start
|switch|p1a: Electrode|Electrode-Hisui, L50|100/100
|switch|p1b: Dugtrio|Dugtrio, L50, F|100/100
|switch|p2a: Basculegion|Basculegion, L50, M, shiny|100/100
|switch|p2b: Pelipper|Pelipper, L50, M, shiny|100/100
|-weather|RainDance|[from] ability: Drizzle|[of] p2b: Pelipper
|turn|1
|
|t:|1756771022
|-terastallize|p2a: Basculegion|Water
|move|p1b: Dugtrio|Protect|p1b: Dugtrio
|-singleturn|p1b: Dugtrio|Protect
|move|p2a: Basculegion|Wave Crash|p1a: Electrode
|-resisted|p1a: Electrode
|-damage|p1a: Electrode|0 fnt
|-status|p2a: Basculegion|par|[from] ability: Static|[of] p1a: Electrode
|faint|p1a: Electrode
|-damage|p2a: Basculegion|78/100 par|[from] Recoil
|move|p2b: Pelipper|Tailwind|p2b: Pelipper
|-sidestart|p2: aox93|move: Tailwind
|
|-weather|RainDance|[upkeep]
|upkeep
|
|t:|1756771039
|switch|p1a: Dragonite|Dragonite, L50, F|100/100
|turn|2
|
|t:|1756771058
|move|p2a: Basculegion|Wave Crash|p1b: Dugtrio
|-supereffective|p1b: Dugtrio
|-enditem|p1b: Dugtrio|Focus Sash
|-damage|p1b: Dugtrio|1/100
|-damage|p2a: Basculegion|59/100 par|[from] Recoil
|move|p2b: Pelipper|Hurricane|p1b: Dugtrio
|-damage|p1b: Dugtrio|0 fnt
|faint|p1b: Dugtrio
|move|p1a: Dragonite|Scale Shot|p2b: Pelipper|[miss]
|-miss|p1a: Dragonite|p2b: Pelipper
|
|-weather|RainDance|[upkeep]
|upkeep
|
|t:|1756771071
|switch|p1b: Archaludon|Archaludon, L50, F|100/100
|turn|3
|
|t:|1756771082
|cant|p2a: Basculegion|par
|move|p2b: Pelipper|Hurricane|p1a: Dragonite
|-damage|p1a: Dragonite|78/100
|move|p1b: Archaludon|Electro Shot||[still]
|-prepare|p1b: Archaludon|Electro Shot
|-boost|p1b: Archaludon|spa|1
|-anim|p1b: Archaludon|Electro Shot|p2a: Basculegion
|-supereffective|p2a: Basculegion
|-damage|p2a: Basculegion|0 fnt
|faint|p2a: Basculegion
|move|p1a: Dragonite|Scale Shot|p2b: Pelipper|[miss]
|-miss|p1a: Dragonite|p2b: Pelipper
|
|-weather|RainDance|[upkeep]
|upkeep
|
|t:|1756771098
|switch|p2a: Incineroar|Incineroar, L50, M, shiny|100/100
|-ability|p2a: Incineroar|Intimidate|boost
|-unboost|p1a: Dragonite|atk|1
|-unboost|p1b: Archaludon|atk|1
|turn|4
|
|t:|1756771122
|move|p1b: Archaludon|Protect|p1b: Archaludon
|-singleturn|p1b: Archaludon|Protect
|move|p1a: Dragonite|Protect|p1a: Dragonite
|-singleturn|p1a: Dragonite|Protect
|move|p2b: Pelipper|Hurricane|p1a: Dragonite
|-activate|p1a: Dragonite|move: Protect
|move|p2a: Incineroar|Knock Off|p1a: Dragonite
|-activate|p1a: Dragonite|move: Protect
|
|-weather|RainDance|[upkeep]
|-sideend|p2: aox93|move: Tailwind
|upkeep
|turn|5
|
|t:|1756771142
|move|p1b: Archaludon|Electro Shot||[still]
|-prepare|p1b: Archaludon|Electro Shot
|-boost|p1b: Archaludon|spa|1
|-anim|p1b: Archaludon|Electro Shot|p2a: Incineroar
|-damage|p2a: Incineroar|10/100
|move|p1a: Dragonite|Scale Shot|p2a: Incineroar|[miss]
|-miss|p1a: Dragonite|p2a: Incineroar
|move|p2b: Pelipper|Tailwind|p2b: Pelipper
|-sidestart|p2: aox93|move: Tailwind
|move|p2a: Incineroar|Knock Off|p1a: Dragonite
|-damage|p1a: Dragonite|32/100
|-enditem|p1a: Dragonite|Loaded Dice|[from] move: Knock Off|[of] p2a: Incineroar
|
|-weather|none
|upkeep
|turn|6
|
|t:|1756771169
|switch|p2b: Archaludon|Archaludon, L50, M, shiny|100/100
|move|p1a: Dragonite|Extreme Speed|p2a: Incineroar
|-damage|p2a: Incineroar|0 fnt
|faint|p2a: Incineroar
|move|p1b: Archaludon|Flash Cannon|p2b: Archaludon
|-resisted|p2b: Archaludon
|-damage|p2b: Archaludon|69/100
|-ability|p2b: Archaludon|Stamina|boost
|-boost|p2b: Archaludon|def|1
|
|upkeep
|
|t:|1756771180
|switch|p2a: Pelipper|Pelipper, L50, M, shiny|100/100
|-weather|RainDance|[from] ability: Drizzle|[of] p2a: Pelipper
|turn|7
|
|t:|1756771200
|move|p1a: Dragonite|Extreme Speed|p2a: Pelipper
|-damage|p2a: Pelipper|73/100
|move|p2a: Pelipper|Hurricane|p1a: Dragonite
|-damage|p1a: Dragonite|0 fnt
|faint|p1a: Dragonite
|move|p2b: Archaludon|Draco Meteor|p1b: Archaludon
|-damage|p1b: Archaludon|3/100
|-unboost|p2b: Archaludon|spa|2
|move|p1b: Archaludon|Draco Meteor|p2b: Archaludon
|-damage|p2b: Archaludon|0 fnt
|-unboost|p1b: Archaludon|spa|2
|faint|p2b: Archaludon
|
|-weather|RainDance|[upkeep]
|upkeep
|turn|8
|
|t:|1756771224
|move|p1b: Archaludon|Protect|p1b: Archaludon
|-singleturn|p1b: Archaludon|Protect
|move|p2a: Pelipper|Weather Ball|p1b: Archaludon
|-activate|p1b: Archaludon|move: Protect
|
|-weather|RainDance|[upkeep]
|-sideend|p2: aox93|move: Tailwind
|upkeep
|turn|9
|
|t:|1756771233
|-terastallize|p1b: Archaludon|Electric
|move|p1b: Archaludon|Electro Shot||[still]
|-prepare|p1b: Archaludon|Electro Shot
|-boost|p1b: Archaludon|spa|1
|-anim|p1b: Archaludon|Electro Shot|p2a: Pelipper
|-supereffective|p2a: Pelipper
|-damage|p2a: Pelipper|0 fnt
|faint|p2a: Pelipper
|
|win|f Night Ladder
||aox93 is ready for game 2.
||f Night Ladder is ready for game 2.
|uhtml|next|Next: Game 2 of 3
|l|☆aox93
|player|p2|
