|j|☆Zengikk
|j|☆Zaiistired
|html|ZengikkZaiistired    
|uhtml|bestof|Game 1 of a best-of-3
|t:|1756244433
|gametype|doubles
|player|p1|Zengikk|giovanni|1087
|player|p2|Zaiistired|pokemonbreeder-gen4|1040
|gen|9
|tier|[Gen 9] VGC 2025 Reg H (Bo3)
|rated|
|rule|Species Clause: Limit one of each Pokémon
|rule|Item Clause: Limit 1 of each item
|clearpoke
|poke|p1|Sneasler, L50, M|
|poke|p1|Dragapult, L50, M|
|poke|p1|Primarina, L50, M|
|poke|p1|Rillaboom, L50, M|
|poke|p1|Kingambit, L50, F|
|poke|p1|Magmar, L50, M|
|poke|p2|Baxcalibur, L50, F|
|poke|p2|Annihilape, L50, M|
|poke|p2|Gholdengo, L50|
|poke|p2|Rillaboom, L50, M|
|poke|p2|Incineroar, L50, F|
|poke|p2|Electabuzz, L50, M|
|teampreview|4
|showteam|p1|Sneasler||FocusSash|PoisonTouch|CloseCombat,DireClaw,FakeOut,Protect|||M|||50|,,,,,Stellar]Dragapult||ChoiceBand|ClearBody|DragonDarts,TeraBlast,PhantomForce,Uturn|||M|||50|,,,,,Ghost]Primarina||SitrusBerry|LiquidVoice|HyperVoice,Moonblast,Haze,Protect|||M|||50|,,,,,Water]Rillaboom||AssaultVest|GrassySurge|WoodHammer,GrassyGlide,HighHorsepower,FakeOut|||M|||50|,,,,,Fire]Kingambit||BlackGlasses|Defiant|KowtowCleave,SuckerPunch,SwordsDance,Protect|||F|||50|,,,,,Ghost]Magmar||Eviolite|VitalSpirit|Overheat,WillOWisp,FollowMe,Protect|||M|||50|,,,,,Ghost
|showteam|p2|Baxcalibur||LoadedDice|ThermalExchange|IcicleSpear,ScaleShot,HighHorsepower,Protect|||F|||50|,,,,,Ghost]Annihilape||FocusSash|Defiant|RageFist,CloseCombat,Coaching,Protect|||M|||50|,,,,,Stellar]Gholdengo||GrassySeed|GoodasGold|MakeItRain,ShadowBall,NastyPlot,Protect||||||50|,,,,,Water]Rillaboom||AssaultVest|GrassySurge|FakeOut,GrassyGlide,WoodHammer,HighHorsepower|||M|||50|,,,,,Fire]Incineroar||SafetyGoggles|Intimidate|FakeOut,FlareBlitz,KnockOff,PartingShot|||F|||50|,,,,,Ghost]Electabuzz||Eviolite|VitalSpirit|Electroweb,FollowMe,Taunt,Protect|||M|||50|,,,,,Fairy
|inactive|Battle timer is ON: inactive players will automatically lose when time's up. (requested by Zengikk)
|inactive|Zengikk has 60 seconds left.
|inactive|Zaiistired has 60 seconds left.
|
|t:|1756244477
|teamsize|p1|4
|teamsize|p2|4
|start
|switch|p1a: Sneasler|Sneasler, L50, M|100/100
|switch|p1b: Kingambit|Kingambit, L50, F|100/100
|switch|p2a: Baxcalibur|Baxcalibur, L50, F, shiny|100/100
|switch|p2b: Electabuzz|Electabuzz, L50, M|100/100
|turn|1
|inactive|Zengikk has 30 seconds left.
|inactive|Zaiistired has 30 seconds left.
|inactive|Zengikk has 20 seconds left.
|inactive|Zaiistired has 20 seconds left.
|inactive|Zengikk has 15 seconds left.
|inactive|Zaiistired has 15 seconds left.
|inactive|Zengikk has 10 seconds left.
|
|t:|1756244524
|-terastallize|p2a: Baxcalibur|Ghost
|move|p1a: Sneasler|Fake Out|p2b: Electabuzz
|-damage|p2b: Electabuzz|85/100
|cant|p2b: Electabuzz|flinch
|move|p2a: Baxcalibur|High Horsepower|p1b: Kingambit
|-supereffective|p1b: Kingambit
|-damage|p1b: Kingambit|41/100
|move|p1b: Kingambit|Swords Dance|p1b: Kingambit
|-boost|p1b: Kingambit|atk|2
|
|upkeep
|turn|2
|inactive|Zaiistired has 30 seconds left.
|
|t:|1756244549
|move|p1b: Kingambit|Protect|p1b: Kingambit
|-singleturn|p1b: Kingambit|Protect
|move|p2b: Electabuzz|Follow Me|p2b: Electabuzz
|-singleturn|p2b: Electabuzz|move: Follow Me
|move|p1a: Sneasler|Dire Claw|p2b: Electabuzz
|-damage|p2b: Electabuzz|46/100
|-status|p2b: Electabuzz|psn|[from] ability: Poison Touch|[of] p1a: Sneasler
|move|p2a: Baxcalibur|Scale Shot|p1a: Sneasler|[miss]
|-miss|p2a: Baxcalibur|p1a: Sneasler
|
|-damage|p2b: Electabuzz|34/100 psn|[from] psn
|upkeep
|turn|3
|inactive|Zengikk has 30 seconds left.
|inactive|Zaiistired has 30 seconds left.
|
|t:|1756244581
|switch|p2b: Annihilape|Annihilape, L50, M, shiny|100/100
|switch|p1b: Magmar|Magmar, L50, M|100/100
|move|p1a: Sneasler|Protect|p1a: Sneasler
|-singleturn|p1a: Sneasler|Protect
|move|p2a: Baxcalibur|Scale Shot|p1a: Sneasler
|-activate|p1a: Sneasler|move: Protect
|
|upkeep
|turn|4
|inactive|Zengikk has 30 seconds left.
|inactive|Zaiistired has 30 seconds left.
|inactive|Zengikk has 20 seconds left.
|inactive|Zengikk has 15 seconds left.
|inactive|Zengikk has 10 seconds left.
|inactive|Zengikk has 5 seconds left.
|
|t:|1756244632
|move|p1a: Sneasler|Dire Claw|p2a: Baxcalibur
|-resisted|p2a: Baxcalibur
|-damage|p2a: Baxcalibur|81/100
|move|p2b: Annihilape|Coaching|p2a: Baxcalibur
|-boost|p2a: Baxcalibur|atk|1
|-boost|p2a: Baxcalibur|def|1
|move|p2a: Baxcalibur|High Horsepower|p1a: Sneasler
|-supereffective|p1a: Sneasler
|-enditem|p1a: Sneasler|Focus Sash
|-damage|p1a: Sneasler|1/100
|move|p1b: Magmar|Will-O-Wisp|p2b: Annihilape
|-status|p2b: Annihilape|brn
|
|-damage|p2b: Annihilape|95/100 brn|[from] brn
|upkeep
|turn|5
|inactive|Zaiistired has 30 seconds left.
|
|t:|1756244657
|move|p1a: Sneasler|Protect|p1a: Sneasler
|-singleturn|p1a: Sneasler|Protect
|move|p2b: Annihilape|Rage Fist|p1a: Sneasler
|-activate|p1a: Sneasler|move: Protect
|move|p2a: Baxcalibur|Scale Shot|p1b: Magmar
|-damage|p1b: Magmar|81/100
|-damage|p1b: Magmar|62/100
|-damage|p1b: Magmar|42/100
|-damage|p1b: Magmar|23/100
|-hitcount|p1b: Magmar|4
|-unboost|p2a: Baxcalibur|def|1
|-boost|p2a: Baxcalibur|spe|1
|move|p1b: Magmar|Will-O-Wisp|p2a: Baxcalibur|[miss]
|-miss|p1b: Magmar|p2a: Baxcalibur
|
|-damage|p2b: Annihilape|89/100 brn|[from] brn
|upkeep
|turn|6
|inactive|Zaiistired has 30 seconds left.
|inactive|Zaiistired has 20 seconds left.
|
|t:|1756244695
|move|p1b: Magmar|Follow Me|p1b: Magmar
|-singleturn|p1b: Magmar|move: Follow Me
|move|p2a: Baxcalibur|Icicle Spear|p1b: Magmar
|-resisted|p1b: Magmar
|-damage|p1b: Magmar|14/100
|-resisted|p1b: Magmar
|-damage|p1b: Magmar|5/100
|-resisted|p1b: Magmar
|-damage|p1b: Magmar|0 fnt
|faint|p1b: Magmar
|-hitcount|p1: Magmar|3
|move|p1a: Sneasler|Dire Claw|p2a: Baxcalibur
|-resisted|p2a: Baxcalibur
|-damage|p2a: Baxcalibur|64/100
|-status|p2a: Baxcalibur|slp
|move|p2b: Annihilape|Rage Fist|p1a: Sneasler
|-damage|p1a: Sneasler|0 fnt
|faint|p1a: Sneasler
|
|-damage|p2b: Annihilape|83/100 brn|[from] brn
|upkeep
|
|t:|1756244717
|switch|p1a: Kingambit|Kingambit, L50, F|41/100
|switch|p1b: Dragapult|Dragapult, L50, M|100/100
|turn|7
|inactive|Zengikk has 30 seconds left.
|inactive|Zaiistired has 30 seconds left.
|
|t:|1756244749
|-terastallize|p1b: Dragapult|Ghost
|move|p1b: Dragapult|Tera Blast|p2b: Annihilape|[anim] Tera Blast Ghost
|-supereffective|p2b: Annihilape
|-damage|p2b: Annihilape|0 fnt
|faint|p2b: Annihilape
|cant|p2a: Baxcalibur|slp
|move|p1a: Kingambit|Kowtow Cleave|p2a: Baxcalibur
|-supereffective|p2a: Baxcalibur
|-damage|p2a: Baxcalibur|0 fnt
|faint|p2a: Baxcalibur
|
|upkeep
|
|t:|1756244761
|switch|p2b: Electabuzz|Electabuzz, L50, M|34/100 psn
|switch|p2a: Rillaboom|Rillaboom, L50, M|100/100
|-fieldstart|move: Grassy Terrain|[from] ability: Grassy Surge|[of] p2a: Rillaboom
|turn|8
|
|t:|1756244781
|move|p1a: Kingambit|Protect|p1a: Kingambit
|-singleturn|p1a: Kingambit|Protect
|move|p2b: Electabuzz|Follow Me|p2b: Electabuzz
|-singleturn|p2b: Electabuzz|move: Follow Me
|move|p1b: Dragapult|Tera Blast|p2b: Electabuzz|[anim] Tera Blast Ghost
|-damage|p2b: Electabuzz|0 fnt
|faint|p2b: Electabuzz
|move|p2a: Rillaboom|Wood Hammer|p1b: Dragapult
|-damage|p1b: Dragapult|0 fnt
|faint|p1b: Dragapult
|-damage|p2a: Rillaboom|73/100|[from] Recoil
|
|-heal|p2a: Rillaboom|79/100|[from] Grassy Terrain
|-heal|p1a: Kingambit|47/100|[from] Grassy Terrain
|upkeep
|turn|9
|
|t:|1756244799
|move|p1a: Kingambit|Sucker Punch|p2a: Rillaboom
|-damage|p2a: Rillaboom|29/100
|move|p2a: Rillaboom|High Horsepower|p1a: Kingambit
|-supereffective|p1a: Kingambit
|-damage|p1a: Kingambit|0 fnt
|faint|p1a: Kingambit
|
|win|Zaiistired
||Zaiistired is ready for game 2.
|inactive|Zengikk has 30 seconds to confirm battle start!
||Zengikk is ready for game 2.
|uhtml|next|Next: Game 2 of 3
