|j|☆MaxwellBaker
|j|☆Sneasler on Crack
|html|MaxwellBakerSneasler on Crack    
|uhtml|bestof|Game 2 of a best-of-3
|t:|1784924099
|gametype|doubles
|player|p1|MaxwellBaker|102|1082
|player|p2|Sneasler on Crack|giovanni|1203
|gen|9
|tier|[Gen 9 Champions] VGC 2026 Reg M-B (Bo3)
|rated|
|rule|Species Clause: Limit one of each Pokémon
|rule|Item Clause: Limit 1 of each item
|clearpoke
|poke|p1|Decidueye-Hisui, L50, M|
|poke|p1|Florges, L50, F|
|poke|p1|Raichu, L50, F|
|poke|p1|Incineroar, L50, M|
|poke|p1|Staraptor, L50, M|
|poke|p1|Milotic, L50, M|
|poke|p2|Raichu, L50, F|
|poke|p2|Mamoswine, L50, M|
|poke|p2|Farigiraf, L50, M|
|poke|p2|Scovillain, L50, M|
|poke|p2|Basculegion, L50, M|
|poke|p2|Dragonite, L50, F|
|teampreview|4
|showteam|p1|Decidueye-Hisui||ScopeLens|Scrappy|TripleArrows,LeafBlade,SuckerPunch,Protect|Jolly||M|||50|]Florges||LifeOrb|FlowerVeil|Moonblast,Psychic,PollenPuff,Protect|Modest||F|||50|]Raichu||RaichuniteY|LightningRod|FakeOut,ZapCannon,FocusBlast,Protect|Timid||F|||50|]Incineroar||SitrusBerry|Intimidate|FakeOut,FlareBlitz,ThroatChop,PartingShot|Careful||M|||50|]Staraptor||Staraptite|Intimidate|BraveBird,CloseCombat,Tailwind,Protect|Jolly||M|||50|]Milotic||Leftovers|Competitive|Scald,IceBeam,Haze,Protect|Bold||M|||50|
|showteam|p2|Raichu||RaichuniteY|LightningRod|ZapCannon,FocusBlast,FakeOut,Protect|Timid||F|||50|]Mamoswine||LifeOrb|Oblivious|HighHorsepower,IcicleCrash,IceShard,Protect|Adamant||M|||50|]Farigiraf||ColburBerry|ArmorTail|TwinBeam,Thunderbolt,HelpingHand,TrickRoom|Calm||M|||50|]Scovillain||Scovillainite|Insomnia|Flamethrower,LeechSeed,RagePowder,Protect|Bold||M|||50|]Basculegion||ChoiceScarf|Adaptability|WaveCrash,LastRespects,FlipTurn,AquaJet|Jolly||M|||50|]Dragonite||LumBerry|Multiscale|DragonClaw,LowKick,ExtremeSpeed,Protect|Adamant||F|||50|
|
|t:|1784924147
|teamsize|p1|4
|teamsize|p2|4
|start
|switch|p1a: Incineroar|Incineroar, L50, M|100/100
|switch|p1b: Raichu|Raichu, L50, F|100/100
|switch|p2a: Scovillain|Scovillain, L50, M|100/100
|switch|p2b: Mamoswine|Mamoswine, L50, M|100/100
|-ability|p1a: Incineroar|Intimidate|boost
|-unboost|p2a: Scovillain|atk|1
|-fail|p2b: Mamoswine|unboost|Attack|[from] ability: Oblivious|[of] p2b: Mamoswine
|turn|1
|
|t:|1784924180
|switch|p2b: Farigiraf|Farigiraf, L50, M|100/100
|detailschange|p1b: Raichu|Raichu-Mega-Y, L50, F
|-mega|p1b: Raichu|Raichu|Raichunite Y
|detailschange|p2a: Scovillain|Scovillain-Mega, L50, M
|-mega|p2a: Scovillain|Scovillain|Scovillainite
|move|p1b: Raichu|Fake Out||[still]
|cant|p2b: Farigiraf|ability: Armor Tail|Fake Out|[of] p1b: Raichu
|move|p2a: Scovillain|Leech Seed|p1b: Raichu
|-start|p1b: Raichu|move: Leech Seed
|move|p1a: Incineroar|Flare Blitz|p2a: Scovillain
|-damage|p2a: Scovillain|55/100
|-immune|p1a: Incineroar
|-damage|p1a: Incineroar|87/100|[from] Recoil
|
|-damage|p1b: Raichu|87/100|[from] Leech Seed|[of] p2a: Scovillain
|-heal|p2a: Scovillain|66/100|[silent]
|upkeep
|turn|2
|
|t:|1784924212
|move|p1b: Raichu|Zap Cannon|p2b: Farigiraf
|-damage|p2b: Farigiraf|48/100
|-status|p2b: Farigiraf|par
|move|p2a: Scovillain|Leech Seed|p1a: Incineroar
|-start|p1a: Incineroar|move: Leech Seed
|move|p1a: Incineroar|Throat Chop|p2b: Farigiraf
|-supereffective|p2b: Farigiraf|1
|-enditem|p2b: Farigiraf|Colbur Berry|[eat]
|-enditem|p2b: Farigiraf|Colbur Berry|[weaken]
|-damage|p2b: Farigiraf|17/100 par
|-start|p2b: Farigiraf|Throat Chop|[silent]
|move|p2b: Farigiraf|Twin Beam|p1b: Raichu
|-damage|p1b: Raichu|66/100
|-damage|p1b: Raichu|46/100
|-hitcount|p1b: Raichu|2
|
|-damage|p1b: Raichu|34/100|[from] Leech Seed|[of] p2a: Scovillain
|-heal|p2a: Scovillain|77/100|[silent]
|-damage|p1a: Incineroar|75/100|[from] Leech Seed|[of] p2a: Scovillain
|-heal|p2a: Scovillain|92/100|[silent]
|upkeep
|turn|3
|
|t:|1784924241
|switch|p1b: Milotic|Milotic, L50, M|100/100
|switch|p1a: Decidueye|Decidueye-Hisui, L50, M|100/100
|move|p2a: Scovillain|Flamethrower|p1b: Milotic
|-resisted|p1b: Milotic|1
|-crit|p1b: Milotic
|-damage|p1b: Milotic|78/100
|cant|p2b: Farigiraf|par
|
|-heal|p1b: Milotic|84/100|[from] item: Leftovers
|-end|p2b: Farigiraf|Throat Chop|[silent]
|upkeep
|turn|4
|
|t:|1784924271
|move|p1a: Decidueye|Triple Arrows|p2b: Farigiraf
|-crit|p2b: Farigiraf
|-damage|p2b: Farigiraf|0 fnt
|faint|p2b: Farigiraf
|move|p1b: Milotic|Scald|p2a: Scovillain
|-damage|p2a: Scovillain|63/100
|-status|p1b: Milotic|brn|[from] ability: Spicy Spray|[of] p2a: Scovillain
|move|p2a: Scovillain|Leech Seed|p1b: Milotic
|-start|p1b: Milotic|move: Leech Seed
|
|-heal|p1b: Milotic|90/100 brn|[from] item: Leftovers
|-damage|p1b: Milotic|77/100 brn|[from] Leech Seed|[of] p2a: Scovillain
|-heal|p2a: Scovillain|78/100|[silent]
|-damage|p1b: Milotic|71/100 brn|[from] brn
|upkeep
|
|t:|1784924282
|switch|p2b: Mamoswine|Mamoswine, L50, M|100/100
|turn|5
|
|t:|1784924298
|move|p1a: Decidueye|Protect|p1a: Decidueye
|-singleturn|p1a: Decidueye|Protect
|move|p2a: Scovillain|Rage Powder|p2a: Scovillain
|-singleturn|p2a: Scovillain|move: Rage Powder
|move|p2b: Mamoswine|Icicle Crash|p1a: Decidueye
|-activate|p1a: Decidueye|move: Protect
|move|p1b: Milotic|Scald|p2a: Scovillain
|-damage|p2a: Scovillain|44/100
|
|-heal|p1b: Milotic|77/100 brn|[from] item: Leftovers
|-damage|p1b: Milotic|65/100 brn|[from] Leech Seed|[of] p2a: Scovillain
|-heal|p2a: Scovillain|59/100|[silent]
|-damage|p1b: Milotic|59/100 brn|[from] brn
|upkeep
|turn|6
|
|t:|1784924327
|switch|p1a: Incineroar|Incineroar, L50, M|75/100
|-ability|p1a: Incineroar|Intimidate|boost
|-unboost|p2a: Scovillain|atk|1
|-fail|p2b: Mamoswine|unboost|Attack|[from] ability: Oblivious|[of] p2b: Mamoswine
|move|p2a: Scovillain|Rage Powder|p2a: Scovillain
|-singleturn|p2a: Scovillain|move: Rage Powder
|move|p2b: Mamoswine|Icicle Crash|p1a: Incineroar
|-resisted|p1a: Incineroar|1
|-damage|p1a: Incineroar|49/100
|-enditem|p1a: Incineroar|Sitrus Berry|[eat]
|-heal|p1a: Incineroar|73/100|[from] item: Sitrus Berry
|-damage|p2b: Mamoswine|90/100|[from] item: Life Orb
|move|p1b: Milotic|Scald|p2a: Scovillain
|-damage|p2a: Scovillain|27/100
|
|-heal|p1b: Milotic|65/100 brn|[from] item: Leftovers
|-damage|p1b: Milotic|52/100 brn|[from] Leech Seed|[of] p2a: Scovillain
|-heal|p2a: Scovillain|42/100|[silent]
|-damage|p1b: Milotic|47/100 brn|[from] brn
|upkeep
|turn|7
|
|t:|1784924359
|switch|p2b: Basculegion|Basculegion, L50, M|100/100
|switch|p1b: Raichu|Raichu-Mega-Y, L50, F|34/100
|move|p2a: Scovillain|Protect|p2a: Scovillain
|-singleturn|p2a: Scovillain|Protect
|move|p1a: Incineroar|Flare Blitz|p2b: Basculegion
|-resisted|p2b: Basculegion|1
|-damage|p2b: Basculegion|73/100
|-damage|p1a: Incineroar|64/100|[from] Recoil
|
|upkeep
|turn|8
|
|t:|1784924390
|move|p1b: Raichu|Fake Out|p2a: Scovillain
|-damage|p2a: Scovillain|34/100
|-status|p1b: Raichu|brn|[from] ability: Spicy Spray|[of] p2a: Scovillain
|move|p2b: Basculegion|Flip Turn|p1b: Raichu
|-crit|p1b: Raichu
|-damage|p1b: Raichu|0 fnt
|faint|p1b: Raichu
|
|t:|1784924395
|switch|p2b: Mamoswine|Mamoswine, L50, M|90/100|[from] Flip Turn
|cant|p2a: Scovillain|flinch
|move|p1a: Incineroar|Throat Chop|p2b: Mamoswine
|-damage|p2b: Mamoswine|56/100
|-start|p2b: Mamoswine|Throat Chop|[silent]
|
|upkeep
|
|t:|1784924409
|switch|p1b: Milotic|Milotic, L50, M|47/100 brn
|turn|9
|
|t:|1784924428
|move|p2a: Scovillain|Rage Powder|p2a: Scovillain
|-singleturn|p2a: Scovillain|move: Rage Powder
|move|p2b: Mamoswine|High Horsepower|p1b: Milotic
|-damage|p1b: Milotic|0 fnt
|faint|p1b: Milotic
|-damage|p2b: Mamoswine|46/100|[from] item: Life Orb
|move|p1a: Incineroar|Flare Blitz|p2a: Scovillain
|-damage|p2a: Scovillain|0 fnt
|-immune|p1a: Incineroar
|faint|p2a: Scovillain
|-damage|p1a: Incineroar|55/100|[from] Recoil
|
|-end|p2b: Mamoswine|Throat Chop|[silent]
|upkeep
|
|t:|1784924439
|switch|p1b: Decidueye|Decidueye-Hisui, L50, M|100/100
|switch|p2a: Basculegion|Basculegion, L50, M|73/100
|turn|10
|
|t:|1784924483
|move|p1b: Decidueye|Sucker Punch|p2a: Basculegion
|-supereffective|p2a: Basculegion|1
|-damage|p2a: Basculegion|22/100
|move|p2a: Basculegion|Wave Crash|p1a: Incineroar
|-supereffective|p1a: Incineroar|1
|-damage|p1a: Incineroar|0 fnt
|faint|p1a: Incineroar
|-damage|p2a: Basculegion|3/100|[from] Recoil
|move|p2b: Mamoswine|Icicle Crash|p1b: Decidueye
|-supereffective|p1b: Decidueye|1
|-damage|p1b: Decidueye|0 fnt
|faint|p1b: Decidueye
|-damage|p2b: Mamoswine|36/100|[from] item: Life Orb
|
|win|Sneasler on Crack
|raw|MaxwellBaker's rating: 1082 → 1067(-15 for losing)
|raw|Sneasler on Crack's rating: 1203 → 1220(+17 for winning)
