|j|☆WASHINGTONGARGACHA
|j|☆Hemz0 0
|html|WASHINGTONGARGACHAHemz0 0    
|uhtml|bestof|Game 2 of a best-of-3
|t:|1756531705
|gametype|doubles
|player|p1|WASHINGTONGARGACHA|170|1193
|player|p2|Hemz0 0|depotagent|1218
|gen|9
|tier|[Gen 9] VGC 2025 Reg H (Bo3)
|rated|
|rule|Species Clause: Limit one of each Pokémon
|rule|Item Clause: Limit 1 of each item
|clearpoke
|poke|p1|Gholdengo, L50|
|poke|p1|Ursaluna, L50, M|
|poke|p1|Archaludon, L50, F|
|poke|p1|Murkrow, L50, F|
|poke|p1|Farigiraf, L50, F|
|poke|p1|Palafin, L50, F|
|poke|p2|Maushold, L50|
|poke|p2|Annihilape, L50, M|
|poke|p2|Gholdengo, L50|
|poke|p2|Ursaluna-Bloodmoon, L50, M|
|poke|p2|Dragonite, L50, M|
|poke|p2|Sneasler, L50, M|
|teampreview|4
|showteam|p1|Gholdengo||LifeOrb|GoodasGold|ShadowBall,MakeItRain,NastyPlot,Protect||||||50|,,,,,Water]Ursaluna||FlameOrb|Guts|Facade,Earthquake,Protect,HeadlongRush|||M|||50|,,,,,Ghost]Archaludon||PowerHerb|Stamina|ElectroShot,FlashCannon,DracoMeteor,Protect|||F|||50|,,,,,Grass]Murkrow||Eviolite|Prankster|Tailwind,RainDance,FoulPlay,Haze|||F|||50|,,,,,Dark]Farigiraf||ThroatSpray|ArmorTail|HyperVoice,TrickRoom,Psychic,Protect|||F|||50|,,,,,Fairy]Palafin||MysticWater|ZerotoHero|FlipTurn,Protect,JetPunch,WaveCrash|||F|||50|,,,,,Water
|showteam|p2|Maushold||SafetyGoggles|FriendGuard|SuperFang,BeatUp,Protect,FollowMe||||||50|,,,,,Ghost]Annihilape||SitrusBerry|Defiant|RageFist,DrainPunch,Protect,BulkUp|||M|||50|,,,,,Fire]Gholdengo||LifeOrb|GoodasGold|MakeItRain,ShadowBall,Protect,NastyPlot||||||50|,,,,,Water]Ursaluna-Bloodmoon||AssaultVest|MindsEye|HyperVoice,BloodMoon,EarthPower,VacuumWave|||M|||50|,,,,,Ghost]Dragonite||LoadedDice|Multiscale|ScaleShot,Tailwind,Protect,Haze|||M|||50|,,,,,Fairy]Sneasler||FocusSash|Unburden|DireClaw,CloseCombat,Protect,ThroatChop|||M|||50|,,,,,Stellar
|
|t:|1756531739
|teamsize|p1|4
|teamsize|p2|4
|start
|switch|p1a: Murkrow|Murkrow, L50, F|100/100
|switch|p1b: Gholdengo|Gholdengo, L50|100/100
|switch|p2a: mishape|Annihilape, L50, M|100/100
|switch|p2b: mishler|Sneasler, L50, M|100/100
|turn|1
|
|t:|1756531767
|move|p1b: Gholdengo|Protect|p1b: Gholdengo
|-singleturn|p1b: Gholdengo|Protect
|move|p1a: Murkrow|Tailwind|p1a: Murkrow
|-sidestart|p1: WASHINGTONGARGACHA|move: Tailwind
|move|p2b: mishler|Close Combat|p1a: Murkrow
|-damage|p1a: Murkrow|12/100
|-unboost|p2b: mishler|def|1
|-unboost|p2b: mishler|spd|1
|move|p2a: mishape|Bulk Up|p2a: mishape
|-boost|p2a: mishape|atk|1
|-boost|p2a: mishape|def|1
|
|upkeep
|turn|2
|
|t:|1756531808
|-terastallize|p2b: mishler|Stellar
|move|p2a: mishape|Protect|p2a: mishape
|-singleturn|p2a: mishape|Protect
|move|p1b: Gholdengo|Make It Rain|p2b: mishler|[spread] p2b
|-activate|p2a: mishape|move: Protect
|-enditem|p2b: mishler|Focus Sash
|-damage|p2b: mishler|1/100
|-unboost|p1b: Gholdengo|spa|1
|-damage|p1b: Gholdengo|91/100|[from] item: Life Orb
|move|p2b: mishler|Throat Chop|p1b: Gholdengo
|-supereffective|p1b: Gholdengo
|-damage|p1b: Gholdengo|9/100
|-start|p1b: Gholdengo|Throat Chop|[silent]
|move|p1a: Murkrow|Foul Play|p2a: mishape
|-activate|p2a: mishape|move: Protect
|
|upkeep
|turn|3
|
|t:|1756531877
|move|p1a: Murkrow|Haze|p1a: Murkrow
|-clearallboost
|move|p2b: mishler|Throat Chop|p1b: Gholdengo
|-supereffective|p1b: Gholdengo
|-damage|p1b: Gholdengo|0 fnt
|faint|p1b: Gholdengo
|move|p2a: mishape|Drain Punch|p1a: Murkrow
|-damage|p1a: Murkrow|0 fnt
|faint|p1a: Murkrow
|
|upkeep
|
|t:|1756531886
|switch|p1b: Ursaluna|Ursaluna, L50, M|100/100
|switch|p1a: Archaludon|Archaludon, L50, F|100/100
|turn|4
|
|t:|1756531913
|move|p2b: mishler|Protect|p2b: mishler
|-singleturn|p2b: mishler|Protect
|move|p1a: Archaludon|Protect|p1a: Archaludon
|-singleturn|p1a: Archaludon|Protect
|move|p2a: mishape|Protect|p2a: mishape
|-singleturn|p2a: mishape|Protect
|move|p1b: Ursaluna|Earthquake|p2a: mishape|[spread] 
|-activate|p1a: Archaludon|move: Protect
|-activate|p2a: mishape|move: Protect
|-activate|p2b: mishler|move: Protect
|
|-sideend|p1: WASHINGTONGARGACHA|move: Tailwind
|-status|p1b: Ursaluna|brn|[from] item: Flame Orb
|upkeep
|turn|5
|
|t:|1756531964
|-terastallize|p1a: Archaludon|Grass
|move|p1b: Ursaluna|Protect|p1b: Ursaluna
|-singleturn|p1b: Ursaluna|Protect
|move|p2b: mishler|Close Combat|p1a: Archaludon
|-damage|p1a: Archaludon|14/100
|-unboost|p2b: mishler|def|1
|-unboost|p2b: mishler|spd|1
|-ability|p1a: Archaludon|Stamina|boost
|-boost|p1a: Archaludon|def|1
|move|p2a: mishape|Drain Punch|p1a: Archaludon
|-damage|p1a: Archaludon|0 fnt
|faint|p1a: Archaludon
|
|-damage|p1b: Ursaluna|94/100 brn|[from] brn
|upkeep
|turn|6
|-message|WASHINGTONGARGACHA forfeited.
|
|win|Hemz0 0
|raw|WASHINGTONGARGACHA's rating: 1193 → 1170(-23 for losing)
|raw|Hemz0 0's rating: 1218 → 1241(+23 for winning)
