|j|☆fleamarketninja
|j|☆JNAOFARIA
|html|fleamarketninjaJNAOFARIA    
|uhtml|bestof|Game 2 of a best-of-3
|t:|1756779404
|gametype|doubles
|player|p1|fleamarketninja|baker|1055
|player|p2|JNAOFARIA|1|1149
|gen|9
|tier|[Gen 9] VGC 2025 Reg H (Bo3)
|rated|
|rule|Species Clause: Limit one of each Pokémon
|rule|Item Clause: Limit 1 of each item
|clearpoke
|poke|p1|Electabuzz, L50, F|
|poke|p1|Kingambit, L50, M|
|poke|p1|Volcarona, L50, M|
|poke|p1|Dragonite, L50, M|
|poke|p1|Sneasler, L50, F|
|poke|p1|Rillaboom, L50, F|
|poke|p2|Politoed, L50, F|
|poke|p2|Gothitelle, L50, M|
|poke|p2|Incineroar, L50, F|
|poke|p2|Amoonguss, L50, F|
|poke|p2|Kingdra, L50, F|
|poke|p2|Archaludon, L50, F|
|teampreview|4
|showteam|p1|Electabuzz||Eviolite|VitalSpirit|FollowMe,Thunderbolt,Taunt,Protect|||F|||50|,,,,,Ghost]Kingambit||BlackGlasses|Defiant|KowtowCleave,SuckerPunch,SwordsDance,Protect|||M|||50|,,,,,Dark]Volcarona||Leftovers|FlameBody|HeatWave,TeraBlast,QuiverDance,Protect|||M|||50|,,,,,Fairy]Dragonite||LoadedDice|Multiscale|ScaleShot,ExtremeSpeed,Haze,Protect|||M|||50|,,,,,Fairy]Sneasler||FocusSash|Unburden|DireClaw,CloseCombat,Coaching,FakeOut|||F|||50|,,,,,Stellar]Rillaboom||AssaultVest|GrassySurge|FakeOut,WoodHammer,GrassyGlide,HighHorsepower|||F|||50|,,,,,Fire
|showteam|p2|Politoed||Leftovers|Drizzle|Protect,WeatherBall,PerishSong,Encore|||F|||50|,,,,,Grass]Gothitelle||SitrusBerry|ShadowTag|Protect,Psychic,FakeOut,TrickRoom|||M|||50|,,,,,Dark]Incineroar||SafetyGoggles|Intimidate|Protect,KnockOff,FakeOut,PartingShot|||F|||50|,,,,,Ghost]Amoonguss||EjectButton|Regenerator|Protect,RagePowder,PollenPuff,Spore|||F|||50|,,,,,Fairy]Kingdra||LifeOrb|SwiftSwim|Protect,WeatherBall,DracoMeteor,MuddyWater|||F|||50|,,,,,Stellar]Archaludon||PowerHerb|Sturdy|Protect,ElectroShot,DragonPulse,FlashCannon|||F|||50|,,,,,Electric
|inactive|Battle timer is ON: inactive players will automatically lose when time's up. (requested by fleamarketninja)
|inactive|JNAOFARIA has 60 seconds left.
|
|t:|1756779451
|teamsize|p1|4
|teamsize|p2|4
|start
|switch|p1a: Electabuzz|Electabuzz, L50, F|100/100
|switch|p1b: Kingambit|Kingambit, L50, M|100/100
|switch|p2a: Amoonguss|Amoonguss, L50, F|100/100
|switch|p2b: Politoed|Politoed, L50, F|100/100
|-weather|RainDance|[from] ability: Drizzle|[of] p2b: Politoed
|turn|1
|
|t:|1756779472
|-terastallize|p1b: Kingambit|Dark
|move|p1a: Electabuzz|Follow Me|p1a: Electabuzz
|-singleturn|p1a: Electabuzz|move: Follow Me
|move|p2a: Amoonguss|Rage Powder|p2a: Amoonguss
|-singleturn|p2a: Amoonguss|move: Rage Powder
|move|p2b: Politoed|Encore|p1a: Electabuzz
|-start|p1a: Electabuzz|Encore
|move|p1b: Kingambit|Kowtow Cleave|p2a: Amoonguss
|-damage|p2a: Amoonguss|40/100
|-enditem|p2a: Amoonguss|Eject Button
|
|t:|1756779484
|switch|p2a: Gothitelle|Gothitelle, L50, M|100/100
|
|-weather|RainDance|[upkeep]
|upkeep
|turn|2
|
|t:|1756779496
|move|p2a: Gothitelle|Fake Out|p1b: Kingambit
|-damage|p1b: Kingambit|96/100
|move|p1a: Electabuzz|Follow Me|p1a: Electabuzz
|-singleturn|p1a: Electabuzz|move: Follow Me
|move|p2b: Politoed|Perish Song|p2b: Politoed
|-start|p1a: Electabuzz|perish3|[silent]
|-start|p1b: Kingambit|perish3|[silent]
|-start|p2a: Gothitelle|perish3|[silent]
|-start|p2b: Politoed|perish3|[silent]
|-fieldactivate|move: Perish Song
|cant|p1b: Kingambit|flinch
|
|-weather|RainDance|[upkeep]
|-start|p1a: Electabuzz|perish3
|-start|p2b: Politoed|perish3
|-start|p1b: Kingambit|perish3
|-start|p2a: Gothitelle|perish3
|upkeep
|turn|3
|
|t:|1756779512
|switch|p2b: Incineroar|Incineroar, L50, F|100/100
|-ability|p2b: Incineroar|Intimidate|boost
|-unboost|p1a: Electabuzz|atk|1
|-unboost|p1b: Kingambit|atk|1
|-ability|p1b: Kingambit|Defiant|boost
|-boost|p1b: Kingambit|atk|2
|move|p2a: Gothitelle|Protect|p2a: Gothitelle
|-singleturn|p2a: Gothitelle|Protect
|move|p1a: Electabuzz|Follow Me|p1a: Electabuzz
|-singleturn|p1a: Electabuzz|move: Follow Me
|move|p1b: Kingambit|Kowtow Cleave|p2b: Incineroar
|-resisted|p2b: Incineroar
|-damage|p2b: Incineroar|44/100
|
|-weather|RainDance|[upkeep]
|-start|p1a: Electabuzz|perish2
|-start|p1b: Kingambit|perish2
|-start|p2a: Gothitelle|perish2
|upkeep
|turn|4
|inactive|fleamarketninja has 30 seconds left.
|inactive|JNAOFARIA has 30 seconds left.
|
|t:|1756779546
|move|p2b: Incineroar|Fake Out|p1b: Kingambit
|-damage|p1b: Kingambit|87/100
|move|p1a: Electabuzz|Follow Me|p1a: Electabuzz
|-singleturn|p1a: Electabuzz|move: Follow Me
|cant|p1b: Kingambit|flinch
|move|p2a: Gothitelle|Trick Room|p2a: Gothitelle
|-fieldstart|move: Trick Room|[of] p2a: Gothitelle
|
|-weather|RainDance|[upkeep]
|-end|p1a: Electabuzz|Encore
|-start|p2a: Gothitelle|perish1
|-start|p1b: Kingambit|perish1
|-start|p1a: Electabuzz|perish1
|upkeep
|turn|5
|inactive|fleamarketninja has 30 seconds left.
|inactive|JNAOFARIA has 30 seconds left.
|
|t:|1756779577
|switch|p2a: Amoonguss|Amoonguss, L50, F|73/100
|move|p2b: Incineroar|Protect|p2b: Incineroar
|-singleturn|p2b: Incineroar|Protect
|move|p1a: Electabuzz|Follow Me|p1a: Electabuzz
|-singleturn|p1a: Electabuzz|move: Follow Me
|move|p1b: Kingambit|Kowtow Cleave|p2b: Incineroar
|-activate|p2b: Incineroar|move: Protect
|
|-weather|none
|-start|p1b: Kingambit|perish0
|-start|p1a: Electabuzz|perish0
|faint|p1b: Kingambit
|faint|p1a: Electabuzz
|upkeep
|
|t:|1756779587
|switch|p1b: Dragonite|Dragonite, L50, M|100/100
|switch|p1a: Sneasler|Sneasler, L50, F|100/100
|turn|6
|
|t:|1756779608
|-terastallize|p2b: Incineroar|Ghost
|move|p2a: Amoonguss|Protect|p2a: Amoonguss
|-singleturn|p2a: Amoonguss|Protect
|move|p2b: Incineroar|Knock Off|p1b: Dragonite
|-damage|p1b: Dragonite|80/100
|-enditem|p1b: Dragonite|Loaded Dice|[from] move: Knock Off|[of] p2b: Incineroar
|move|p1b: Dragonite|Scale Shot|p2b: Incineroar|[miss]
|-miss|p1b: Dragonite|p2b: Incineroar
|move|p1a: Sneasler|Dire Claw|p2a: Amoonguss
|-activate|p2a: Amoonguss|move: Protect
|
|upkeep
|turn|7
|
|t:|1756779627
|move|p2a: Amoonguss|Spore|p1a: Sneasler
|-status|p1a: Sneasler|slp|[from] move: Spore
|move|p2b: Incineroar|Parting Shot|p1b: Dragonite
|-unboost|p1b: Dragonite|atk|1
|-unboost|p1b: Dragonite|spa|1
|
|t:|1756779634
|switch|p2b: Politoed|Politoed, L50, F|100/100|[from] Parting Shot
|-weather|RainDance|[from] ability: Drizzle|[of] p2b: Politoed
|move|p1b: Dragonite|Scale Shot|p2b: Politoed
|-damage|p2b: Politoed|90/100
|-damage|p2b: Politoed|79/100
|-damage|p2b: Politoed|69/100
|-damage|p2b: Politoed|59/100
|-damage|p2b: Politoed|48/100
|-hitcount|p2b: Politoed|5
|-unboost|p1b: Dragonite|def|1
|-boost|p1b: Dragonite|spe|1
|cant|p1a: Sneasler|slp
|
|-weather|RainDance|[upkeep]
|-heal|p2b: Politoed|54/100|[from] item: Leftovers
|upkeep
|turn|8
|-message|fleamarketninja forfeited.
|
|win|JNAOFARIA
|raw|fleamarketninja's rating: 1055 → 1042(-13 for losing)
|raw|JNAOFARIA's rating: 1149 → 1167(+18 for winning)
|l|☆fleamarketninja
|player|p1|
