|j|☆jrohn33
|j|☆ortainee
|html|jrohn33ortainee    
|uhtml|bestof|Game 1 of a best-of-3
|t:|1782397524
|gametype|doubles
|player|p1|jrohn33|artist-gen4|1044
|player|p2|ortainee|grimsley-gen7|1000
|gen|9
|tier|[Gen 9 Champions] VGC 2026 Reg M-B (Bo3)
|rated|
|rule|Species Clause: Limit one of each Pokémon
|rule|Item Clause: Limit 1 of each item
|clearpoke
|poke|p1|Blaziken, L50, M, shiny|
|poke|p1|Whimsicott, L50, M|
|poke|p1|Garchomp, L50, F|
|poke|p1|Incineroar, L50, F|
|poke|p1|Primarina, L50, M, shiny|
|poke|p1|Alakazam, L50, M|
|poke|p2|Charizard, L50, M|
|poke|p2|Garchomp, L50, M|
|poke|p2|Mawile, L50, M|
|poke|p2|Whimsicott, L50, M|
|poke|p2|Farigiraf, L50, M|
|poke|p2|Basculegion, L50, M|
|teampreview|4
|showteam|p1|Blaziken||Blazikenite|SpeedBoost|CloseCombat,FlareBlitz,Uturn,Protect|Jolly||M|||50|]Whimsicott||FocusSash|Prankster|Encore,Protect,Tailwind,Moonblast|Timid||M|||50|]Garchomp||LifeOrb|RoughSkin|Earthquake,Protect,DragonClaw,PoisonJab|Jolly||F|||50|]Incineroar||BlackGlasses|Intimidate|ThroatChop,Protect,PartingShot,FakeOut|Adamant||F|||50|]Primarina||MysticWater|LiquidVoice|HyperVoice,Protect,Moonblast,Encore|Modest||M|||50|]Alakazam||Alakazite|InnerFocus|Encore,Protect,Psychic,ShadowBall|Modest||M|||50|
|showteam|p2|Charizard||CharizarditeY|Blaze|SolarBeam,HeatWave,WeatherBall,Protect|Modest||M|||50|]Garchomp||LifeOrb|RoughSkin|Earthquake,DragonClaw,RockSlide,Protect|Jolly||M|||50|]Mawile||Mawilite|HyperCutter|PlayRough,IronHead,SuckerPunch,Protect|Adamant||M|||50|]Whimsicott||FocusSash|Prankster|Moonblast,Tailwind,Encore,Protect|Timid||M|||50|]Farigiraf||SitrusBerry|ArmorTail|Psychic,TrickRoom,HelpingHand,Protect|Bold||M|||50|]Basculegion||MysticWater|Adaptability|WaveCrash,LastRespects,AquaJet,Protect|Adamant||M|||50|
|inactive|Battle timer is ON: inactive players will automatically lose when time's up. (requested by jrohn33)
|inactive|ortainee also wants the timer to be on.
|inactive|jrohn33 has 60 seconds left.
|inactive|ortainee has 60 seconds left.
|
|t:|1782397576
|teamsize|p1|4
|teamsize|p2|4
|start
|switch|p1a: Whimsicott|Whimsicott, L50, M|100/100
|switch|p1b: Alakazam|Alakazam, L50, M|100/100
|switch|p2a: Basculegion|Basculegion, L50, M|100/100
|switch|p2b: Whimsicott|Whimsicott, L50, M|100/100
|turn|1
|
|t:|1782397593
|detailschange|p1b: Alakazam|Alakazam-Mega, L50, M
|-mega|p1b: Alakazam|Alakazam|Alakazite
|-ability|p1b: Alakazam|Prankster|Trace|[from] ability: Trace|[of] p2b: Whimsicott
|move|p2b: Whimsicott|Tailwind|p2b: Whimsicott
|-sidestart|p2: ortainee|move: Tailwind
|move|p1a: Whimsicott|Tailwind|p1a: Whimsicott
|-sidestart|p1: jrohn33|move: Tailwind
|move|p1b: Alakazam|Shadow Ball|p2a: Basculegion
|-supereffective|p2a: Basculegion|1
|-damage|p2a: Basculegion|24/100
|move|p2a: Basculegion|Wave Crash|p1b: Alakazam
|-damage|p1b: Alakazam|0 fnt
|faint|p1b: Alakazam
|-damage|p2a: Basculegion|3/100|[from] Recoil
|
|upkeep
|
|t:|1782397611
|switch|p1b: Incineroar|Incineroar, L50, F|100/100
|-ability|p1b: Incineroar|Intimidate|boost
|-unboost|p2a: Basculegion|atk|1
|-unboost|p2b: Whimsicott|atk|1
|turn|2
|
|t:|1782397630
|switch|p2a: Charizard|Charizard, L50, M|100/100
|move|p1b: Incineroar|Protect|p1b: Incineroar
|-singleturn|p1b: Incineroar|Protect
|move|p2b: Whimsicott|Encore|p1a: Whimsicott
|-start|p1a: Whimsicott|Encore
|move|p1a: Whimsicott|Tailwind||[still]
|-fail|p1a: Whimsicott
|
|upkeep
|turn|3
|
|t:|1782397643
|switch|p1a: Garchomp|Garchomp, L50, F|100/100
|detailschange|p2a: Charizard|Charizard-Mega-Y, L50, M
|-mega|p2a: Charizard|Charizard|Charizardite Y
|-weather|SunnyDay|[from] ability: Drought|[of] p2a: Charizard
|move|p2b: Whimsicott|Moonblast|p1b: Incineroar
|-damage|p1b: Incineroar|68/100
|move|p2a: Charizard|Heat Wave|p1b: Incineroar|[spread] p1a,p1b
|-resisted|p1a: Garchomp|1
|-resisted|p1b: Incineroar|1
|-damage|p1a: Garchomp|71/100
|-damage|p1b: Incineroar|38/100
|move|p1b: Incineroar|Parting Shot|p2a: Charizard
|-unboost|p2a: Charizard|atk|1
|-unboost|p2a: Charizard|spa|1
|
|t:|1782397646
|switch|p1b: Whimsicott|Whimsicott, L50, M|100/100|[from] Parting Shot
|
|-weather|SunnyDay|[upkeep]
|upkeep
|turn|4
|inactive|jrohn33 has 30 seconds left.
|inactive|ortainee has 30 seconds left.
|
|t:|1782397679
|switch|p1a: Incineroar|Incineroar, L50, F|38/100
|-ability|p1a: Incineroar|Intimidate|boost
|-unboost|p2a: Charizard|atk|1
|-unboost|p2b: Whimsicott|atk|1
|move|p1b: Whimsicott|Moonblast|p2b: Whimsicott
|-damage|p2b: Whimsicott|40/100
|move|p2b: Whimsicott|Moonblast|p1a: Incineroar
|-damage|p1a: Incineroar|8/100
|move|p2a: Charizard|Heat Wave|p1b: Whimsicott|[spread] p1a,p1b
|-resisted|p1a: Incineroar|1
|-crit|p1a: Incineroar
|-supereffective|p1b: Whimsicott|1
|-damage|p1a: Incineroar|0 fnt
|-enditem|p1b: Whimsicott|Focus Sash
|-damage|p1b: Whimsicott|1/100
|faint|p1a: Incineroar
|
|-weather|SunnyDay|[upkeep]
|-sideend|p1: jrohn33|move: Tailwind
|-sideend|p2: ortainee|move: Tailwind
|upkeep
|
|t:|1782397687
|switch|p1a: Garchomp|Garchomp, L50, F|71/100
|turn|5
|
|t:|1782397705
|switch|p2a: Basculegion|Basculegion, L50, M|3/100
|move|p1b: Whimsicott|Tailwind|p1b: Whimsicott
|-sidestart|p1: jrohn33|move: Tailwind
|move|p2b: Whimsicott|Tailwind|p2b: Whimsicott
|-sidestart|p2: ortainee|move: Tailwind
|move|p1a: Garchomp|Poison Jab|p2b: Whimsicott
|-supereffective|p2b: Whimsicott|2
|-damage|p2b: Whimsicott|0 fnt
|faint|p2b: Whimsicott
|-damage|p1a: Garchomp|61/100|[from] item: Life Orb
|
|-weather|SunnyDay|[upkeep]
|upkeep
|
|t:|1782397717
|switch|p2b: Charizard|Charizard-Mega-Y, L50, M|100/100
|turn|6
|
|t:|1782397729
|move|p1b: Whimsicott|Protect|p1b: Whimsicott
|-singleturn|p1b: Whimsicott|Protect
|move|p2a: Basculegion|Aqua Jet|p1b: Whimsicott
|-activate|p1b: Whimsicott|move: Protect
|move|p1a: Garchomp|Dragon Claw|p2b: Charizard
|-damage|p2b: Charizard|39/100
|-damage|p1a: Garchomp|51/100|[from] item: Life Orb
|move|p2b: Charizard|Solar Beam||[still]
|-prepare|p2b: Charizard|Solar Beam
|-anim|p2b: Charizard|Solar Beam|p1a: Garchomp
|-damage|p1a: Garchomp|5/100
|
|-weather|SunnyDay|[upkeep]
|upkeep
|turn|7
|
|t:|1782397750
|move|p2b: Charizard|Protect|p2b: Charizard
|-singleturn|p2b: Charizard|Protect
|move|p1b: Whimsicott|Encore|p2a: Basculegion
|-start|p2a: Basculegion|Encore
|move|p2a: Basculegion|Aqua Jet|p1b: Whimsicott
|-resisted|p1b: Whimsicott|1
|-damage|p1b: Whimsicott|0 fnt
|faint|p1b: Whimsicott
|move|p1a: Garchomp|Dragon Claw|p2b: Charizard
|-activate|p2b: Charizard|move: Protect
|
|-weather|none
|upkeep
|turn|8
|-message|jrohn33 forfeited.
|
|win|ortainee
