|j|☆heatvw
|j|☆buf29 armonica
|html|heatvwbuf29 armonica    
|uhtml|bestof|Game 3 of a best-of-3
|t:|1756582852
|gametype|doubles
|player|p1|heatvw|gambler|1137
|player|p2|buf29 armonica|grimsley|1043
|gen|9
|tier|[Gen 9] VGC 2025 Reg H (Bo3)
|rated|
|rule|Species Clause: Limit one of each Pokémon
|rule|Item Clause: Limit 1 of each item
|clearpoke
|poke|p1|Flamigo, L50, F|
|poke|p1|Ninetales-Alola, L50, F|
|poke|p1|Garchomp, L50, F|
|poke|p1|Incineroar, L50, M|
|poke|p1|Amoonguss, L50, F|
|poke|p1|Kingambit, L50, F|
|poke|p2|Porygon2, L50|
|poke|p2|Incineroar, L50, F|
|poke|p2|Jumpluff, L50, M|
|poke|p2|Charizard, L50, M|
|poke|p2|Ursaluna, L50, M|
|poke|p2|Torkoal, L50, F|
|teampreview|4
|showteam|p1|Flamigo||ChoiceBand|Scrappy|Uturn,CloseCombat,BraveBird,Facade|||F|||50|,,,,,Stellar]Ninetales-Alola||FocusSash|SnowWarning|Protect,Encore,IcyWind,Blizzard|||F|||50|,,,,,Ghost]Garchomp||LifeOrb|RoughSkin|DragonClaw,StompingTantrum,Earthquake,Protect|||F|||50|,,,,,Ground]Incineroar||SafetyGoggles|Intimidate|FakeOut,FlareBlitz,KnockOff,PartingShot|||M|||50|,,,,,Ghost]Amoonguss||SitrusBerry|Regenerator|Spore,RagePowder,PollenPuff,Protect|||F|||50|,,,,,Water]Kingambit||AssaultVest|Defiant|KowtowCleave,IronHead,LowKick,SuckerPunch|||F|||50|,,,,,Fire
|showteam|p2|Porygon2||Eviolite|Download|TeraBlast,IceBeam,Recover,TrickRoom||||||50|,,,,,Fighting]Incineroar||SitrusBerry|Intimidate|FakeOut,FlareBlitz,KnockOff,PartingShot|||F|||50|,,,,,Ghost]Jumpluff||CovertCloak|Chlorophyll|SleepPowder,Tailwind,SunnyDay,RagePowder|||M|||50|,,,,,Water]Charizard||ChoiceSpecs|SolarPower|HeatWave,WeatherBall,DragonPulse,Overheat|||M|||50|,,,,,Ghost]Ursaluna||FlameOrb|Guts|Protect,Earthquake,HeadlongRush,Facade|||M|||50|,,,,,Ghost]Torkoal||EjectPack|Drought|Eruption,Overheat,HelpingHand,Protect|||F|||50|,,,,,Fire
|inactive|Battle timer is ON: inactive players will automatically lose when time's up. (requested by heatvw)
|inactive|buf29 armonica also wants the timer to be on.
|j| buf22 nemesisvgc
|l|☆buf29 armonica
|inactive|buf29 armonica disconnected and has a minute to reconnect!
|player|p2|
|j|☆buf29 armonica
|inactive|buf29 armonica reconnected and has 70 seconds left.
|player|p2|buf29 armonica|grimsley|
|inactive|buf29 armonica has 60 seconds left.
|
|t:|1756582898
|teamsize|p1|4
|teamsize|p2|4
|start
|switch|p1a: Flamigo|Flamigo, L50, F, shiny|100/100
|switch|p1b: Kingambit|Kingambit, L50, F|100/100
|switch|p2a: Incineroar|Incineroar, L50, F|100/100
|switch|p2b: Porygon2|Porygon2, L50|100/100
|-ability|p2a: Incineroar|Intimidate|boost
|-fail|p1a: Flamigo|unboost|Attack|[from] ability: Scrappy|[of] p1a: Flamigo
|-unboost|p1b: Kingambit|atk|1
|-ability|p1b: Kingambit|Defiant|boost
|-boost|p1b: Kingambit|atk|2
|-ability|p2b: Porygon2|Download|boost
|-boost|p2b: Porygon2|spa|1
|turn|1
|inactive|heatvw has 30 seconds left.
|inactive|heatvw has 20 seconds left.
|inactive|heatvw has 15 seconds left.
|inactive|heatvw has 10 seconds left.
|
|t:|1756582944
|-terastallize|p1b: Kingambit|Fire
|-terastallize|p2b: Porygon2|Fighting
|move|p2a: Incineroar|Fake Out|p1a: Flamigo
|-damage|p1a: Flamigo|81/100
|cant|p1a: Flamigo|flinch
|move|p1b: Kingambit|Kowtow Cleave|p2b: Porygon2
|-resisted|p2b: Porygon2
|-damage|p2b: Porygon2|76/100
|move|p2b: Porygon2|Tera Blast|p1b: Kingambit|[anim] Tera Blast Fighting
|-damage|p1b: Kingambit|62/100
|
|upkeep
|turn|2
|inactive|buf29 armonica has 30 seconds left.
|
|t:|1756582973
|switch|p2b: Torkoal|Torkoal, L50, F|100/100
|-weather|SunnyDay|[from] ability: Drought|[of] p2b: Torkoal
|move|p1a: Flamigo|Brave Bird|p2b: Torkoal
|-damage|p2b: Torkoal|39/100
|-damage|p1a: Flamigo|58/100|[from] Recoil
|move|p2a: Incineroar|Parting Shot|p1a: Flamigo
|-unboost|p1a: Flamigo|atk|1
|-unboost|p1a: Flamigo|spa|1
|
|t:|1756582984
|switch|p2a: Porygon2|Porygon2, L50, tera:Fighting|76/100|[from] Parting Shot
|-ability|p2a: Porygon2|Download|boost
|-boost|p2a: Porygon2|spa|1
|move|p1b: Kingambit|Low Kick|p2a: Porygon2
|-damage|p2a: Porygon2|53/100
|
|-weather|SunnyDay|[upkeep]
|upkeep
|turn|3
|inactive|heatvw has 30 seconds left.
|inactive|buf29 armonica has 30 seconds left.
|
|t:|1756583019
|switch|p2b: Incineroar|Incineroar, L50, F|100/100
|-ability|p2b: Incineroar|Intimidate|boost
|-fail|p1a: Flamigo|unboost|Attack|[from] ability: Scrappy|[of] p1a: Flamigo
|-unboost|p1b: Kingambit|atk|1
|-ability|p1b: Kingambit|Defiant|boost
|-boost|p1b: Kingambit|atk|2
|move|p1a: Flamigo|Brave Bird|p2a: Porygon2
|-supereffective|p2a: Porygon2
|-damage|p2a: Porygon2|0 fnt
|faint|p2a: Porygon2
|-damage|p1a: Flamigo|37/100|[from] Recoil
|move|p1b: Kingambit|Kowtow Cleave|p2b: Incineroar
|-resisted|p2b: Incineroar
|-damage|p2b: Incineroar|56/100
|
|-weather|SunnyDay|[upkeep]
|upkeep
|
|t:|1756583029
|switch|p2a: Ursaluna|Ursaluna, L50, M|100/100
|turn|4
|inactive|heatvw has 30 seconds left.
|
|t:|1756583058
|switch|p1a: Ninetales|Ninetales-Alola, L50, F|100/100
|-weather|Snowscape|[from] ability: Snow Warning|[of] p1a: Ninetales
|switch|p1b: Incineroar|Incineroar, L50, M, shiny|100/100
|-ability|p1b: Incineroar|Intimidate|boost
|-unboost|p2a: Ursaluna|atk|1
|-unboost|p2b: Incineroar|atk|1
|move|p2b: Incineroar|Fake Out|p1a: Ninetales
|-damage|p1a: Ninetales|90/100
|move|p2a: Ursaluna|Headlong Rush|p1b: Incineroar
|-supereffective|p1b: Incineroar
|-damage|p1b: Incineroar|7/100
|-unboost|p2a: Ursaluna|def|1
|-unboost|p2a: Ursaluna|spd|1
|
|-weather|Snowscape|[upkeep]
|-status|p2a: Ursaluna|brn|[from] item: Flame Orb
|upkeep
|turn|5
|inactive|heatvw has 30 seconds left.
|inactive|heatvw has 20 seconds left.
|inactive|heatvw has 15 seconds left.
|inactive|heatvw has 10 seconds left.
|
|t:|1756583103
|switch|p2a: Torkoal|Torkoal, L50, F|39/100
|-weather|SunnyDay|[from] ability: Drought|[of] p2a: Torkoal
|move|p1b: Incineroar|Fake Out|p2a: Torkoal
|-damage|p2a: Torkoal|31/100
|move|p1a: Ninetales|Encore|p2b: Incineroar
|-start|p2b: Incineroar|Encore
|move|p2b: Incineroar|Fake Out||[still]
|-hint|Fake Out only works on your first turn out.
|-fail|p2b: Incineroar
|
|-weather|SunnyDay|[upkeep]
|upkeep
|turn|6
|
|t:|1756583126
|switch|p1a: Kingambit|Kingambit, L50, F, tera:Fire|62/100
|move|p2b: Incineroar|Fake Out||[still]
|-hint|Fake Out only works on your first turn out.
|-fail|p2b: Incineroar
|move|p1b: Incineroar|Knock Off|p2a: Torkoal
|-damage|p2a: Torkoal|0 fnt
|-enditem|p2a: Torkoal|Eject Pack|[from] move: Knock Off|[of] p1b: Incineroar
|faint|p2a: Torkoal
|
|-weather|SunnyDay|[upkeep]
|upkeep
|
|t:|1756583134
|switch|p2a: Ursaluna|Ursaluna, L50, M|100/100 brn
|turn|7
|l|☆buf29 armonica
|inactive|buf29 armonica disconnected and has a minute to reconnect!
|player|p2|
|
|t:|1756583146
|switch|p1b: Flamigo|Flamigo, L50, F, shiny|37/100
|move|p2b: Incineroar|Fake Out||[still]
|-hint|Fake Out only works on your first turn out.
|-fail|p2b: Incineroar
|move|p2a: Ursaluna|Earthquake|p1b: Flamigo|[spread] p2b,p1a
|-immune|p1b: Flamigo
|-supereffective|p2b: Incineroar
|-supereffective|p1a: Kingambit
|-damage|p2b: Incineroar|0 fnt
|-damage|p1a: Kingambit|0 fnt
|faint|p2b: Incineroar
|faint|p1a: Kingambit
|
|-weather|SunnyDay|[upkeep]
|-damage|p2a: Ursaluna|95/100 brn|[from] brn
|upkeep
|j|☆buf29 armonica
|inactive|buf29 armonica reconnected.
|player|p2|buf29 armonica|grimsley|
|
|t:|1756583155
|switch|p1a: Ninetales|Ninetales-Alola, L50, F|90/100
|-weather|Snowscape|[from] ability: Snow Warning|[of] p1a: Ninetales
|turn|8
|l|☆buf29 armonica
|inactive|buf29 armonica disconnected and has a minute to reconnect!
|player|p2|
|j|☆buf29 armonica
|inactive|buf29 armonica reconnected and has 50 seconds left.
|player|p2|buf29 armonica|grimsley|
|l| buf22 nemesisvgc
|
|t:|1756583169
|move|p1a: Ninetales|Blizzard|p2a: Ursaluna
|-supereffective|p2a: Ursaluna
|-damage|p2a: Ursaluna|9/100 brn
|move|p1b: Flamigo|Close Combat|p2a: Ursaluna
|-supereffective|p2a: Ursaluna
|-damage|p2a: Ursaluna|0 fnt
|-unboost|p1b: Flamigo|def|1
|-unboost|p1b: Flamigo|spd|1
|faint|p2a: Ursaluna
|
|win|heatvw
|raw|heatvw's rating: 1137 → 1155(+18 for winning)
|raw|buf29 armonica's rating: 1043 → 1031(-12 for losing)
|l|☆buf29 armonica
|player|p2|
|j| buf22 nemesisvgc
|l| buf22 nemesisvgc
