|j|â˜†brodiewhat
|j|â˜†Someoneofficial
|html|brodiewhatSomeoneofficial    
|uhtml|bestof|Game 3 of a best-of-3
|t:|1784661014
|gametype|doubles
|player|p1|brodiewhat|palmer|
|player|p2|Someoneofficial|clown|
|gen|9
|tier|[Gen 9 Champions] VGC 2026 Reg M-B (Bo3)
|rule|Species Clause: Limit one of each PokÃ©mon
|rule|Item Clause: Limit 1 of each item
|clearpoke
|poke|p1|Malamar, L50, M|
|poke|p1|Blastoise, L50, F|
|poke|p1|Incineroar, L50, M|
|poke|p1|Basculegion, L50, M|
|poke|p1|Whimsicott, L50, M|
|poke|p1|Conkeldurr, L50, F|
|poke|p2|Sceptile, L50, F, shiny|
|poke|p2|Tyranitar, L50, F, shiny|
|poke|p2|Excadrill, L50, M, shiny|
|poke|p2|Rotom-Wash, L50, shiny|
|poke|p2|Vivillon-Sandstorm, L50, F, shiny|
|poke|p2|Grimmsnarl, L50, M, shiny|
|teampreview|4
|showteam|p1|Malamar||Malamarite|Contrary|TrickRoom,Superpower,KnockOff,PoisonJab|Brave||M|||50|]Blastoise||MysticWater|Torrent|FakeOut,WaterSpout,MuddyWater,IceBeam|Quiet||F|||50|]Incineroar||LifeOrb|Intimidate|FakeOut,FlareBlitz,ThroatChop,CloseCombat|Brave||M|||50|]Basculegion||FocusSash|Adaptability|Liquidation,AquaJet,LastRespects,WaveCrash|Brave||M|||50|]Whimsicott||IronBall|Prankster|Moonblast,Encore,LightScreen,GrassKnot|Quiet||M|||50|]Conkeldurr||SitrusBerry|Guts|Coaching,CloseCombat,IcePunch,KnockOff|Brave||F|||50|
|showteam|p2|Sceptile||Sceptilite|Overgrow|DragonPulse,EnergyBall,EarthPower,Detect|Timid||F|||50|]Tyranitar||Tyranitarite|SandStream|RockSlide,KnockOff,DragonDance,Protect|Jolly||F|||50|]Excadrill||FocusSash|SandRush|RockSlide,Earthquake,IronHead,Protect|Jolly||M|||50|]Rotom-Wash||Leftovers|Levitate|Discharge,Thunderbolt,WillOWisp,Protect|Modest|||||50|]Vivillon-Sandstorm||ChoiceScarf|CompoundEyes|SleepPowder,Hurricane,PollenPuff,Tailwind|Timid||F|||50|]Grimmsnarl||LightClay|Prankster|SpiritBreak,Reflect,LightScreen,PartingShot|Careful||M|||50|
|inactive|Battle timer is ON: inactive players will automatically lose when time's up. (requested by brodiewhat)
|inactiveoff|Battle timer is now OFF.
|j| Zetchup21man
|
|t:|1784661052
|teamsize|p1|4
|teamsize|p2|4
|start
|switch|p1a: Malamar|Malamar, L50, M|100/100
|switch|p1b: Blastoise|Blastoise, L50, F|100/100
|switch|p2a: Grimmsnarl|Grimmsnarl, L50, M, shiny|100/100
|switch|p2b: Vivillon|Vivillon-Sandstorm, L50, F, shiny|100/100
|turn|1
|
|t:|1784661079
|switch|p2b: Rotom|Rotom-Wash, L50, shiny|100/100
|detailschange|p1a: Malamar|Malamar-Mega, L50, M
|-mega|p1a: Malamar|Malamar|Malamarite
|move|p1b: Blastoise|Fake Out|p2b: Rotom
|-damage|p2b: Rotom|90/100
|move|p2a: Grimmsnarl|Spirit Break|p1b: Blastoise
|-damage|p1b: Blastoise|70/100
|-unboost|p1b: Blastoise|spa|1
|move|p1a: Malamar|Trick Room|p1a: Malamar
|-fieldstart|move: Trick Room|[of] p1a: Malamar
|
|-heal|p2b: Rotom|96/100|[from] item: Leftovers
|upkeep
|turn|2
|
|t:|1784661098
|switch|p1b: Incineroar|Incineroar, L50, M|100/100
|-ability|p1b: Incineroar|Intimidate|boost
|-unboost|p2a: Grimmsnarl|atk|1
|-unboost|p2b: Rotom|atk|1
|switch|p1a: Conkeldurr|Conkeldurr, L50, F|100/100
|move|p2a: Grimmsnarl|Light Screen|p2a: Grimmsnarl
|-sidestart|p2: Someoneofficial|move: Light Screen
|move|p2b: Rotom|Will-O-Wisp|p1a: Conkeldurr
|-status|p1a: Conkeldurr|brn
|
|-heal|p2b: Rotom|100/100|[from] item: Leftovers
|-damage|p1a: Conkeldurr|93/100 brn|[from] brn
|upkeep
|turn|3
|c| Zetchup21man|Oh my Days
|
|t:|1784661120
|move|p1b: Incineroar|Fake Out|p2a: Grimmsnarl
|-damage|p2a: Grimmsnarl|83/100
|-damage|p1b: Incineroar|90/100|[from] item: Life Orb
|cant|p2a: Grimmsnarl|flinch
|move|p1a: Conkeldurr|Close Combat|p2b: Rotom
|-damage|p2b: Rotom|0 fnt
|-unboost|p1a: Conkeldurr|def|1
|-unboost|p1a: Conkeldurr|spd|1
|faint|p2b: Rotom
|
|-damage|p1a: Conkeldurr|87/100 brn|[from] brn
|upkeep
|
|t:|1784661125
|switch|p2b: Vivillon|Vivillon-Sandstorm, L50, F, shiny|100/100
|turn|4
|
|t:|1784661140
|switch|p2b: Tyranitar|Tyranitar, L50, F, shiny|100/100
|-weather|Sandstorm|[from] ability: Sand Stream|[of] p2b: Tyranitar
|move|p2a: Grimmsnarl|Parting Shot|p1a: Conkeldurr
|-unboost|p1a: Conkeldurr|atk|1
|-unboost|p1a: Conkeldurr|spa|1
|
|t:|1784661147
|switch|p2a: Vivillon|Vivillon-Sandstorm, L50, F, shiny|100/100|[from] Parting Shot
|move|p1a: Conkeldurr|Close Combat|p2a: Vivillon
|-resisted|p2a: Vivillon|2
|-damage|p2a: Vivillon|67/100
|-unboost|p1a: Conkeldurr|def|1
|-unboost|p1a: Conkeldurr|spd|1
|move|p1b: Incineroar|Flare Blitz|p2b: Tyranitar
|-resisted|p2b: Tyranitar|1
|-damage|p2b: Tyranitar|63/100
|-damage|p1b: Incineroar|79/100|[from] Recoil
|-damage|p1b: Incineroar|69/100|[from] item: Life Orb
|
|-weather|Sandstorm|[upkeep]
|-damage|p1a: Conkeldurr|81/100 brn|[from] Sandstorm
|-damage|p1b: Incineroar|63/100|[from] Sandstorm
|-damage|p2a: Vivillon|61/100|[from] Sandstorm
|-damage|p1a: Conkeldurr|75/100 brn|[from] brn
|upkeep
|turn|5
|c|â˜†brodiewhat|ok u got me there
|
|t:|1784661169
|switch|p1a: Malamar|Malamar-Mega, L50, M|100/100
|switch|p2a: Grimmsnarl|Grimmsnarl, L50, M, shiny|83/100
|detailschange|p2b: Tyranitar|Tyranitar-Mega, L50, F, shiny
|-mega|p2b: Tyranitar|Tyranitar|Tyranitarite
|move|p2b: Tyranitar|Protect|p2b: Tyranitar
|-singleturn|p2b: Tyranitar|Protect
|move|p1b: Incineroar|Flare Blitz|p2a: Grimmsnarl
|-crit|p2a: Grimmsnarl
|-damage|p2a: Grimmsnarl|0 fnt
|faint|p2a: Grimmsnarl
|-damage|p1b: Incineroar|36/100|[from] Recoil
|-damage|p1b: Incineroar|26/100|[from] item: Life Orb
|
|-weather|Sandstorm|[upkeep]
|-damage|p1b: Incineroar|20/100y|[from] Sandstorm
|-damage|p1a: Malamar|93/100|[from] Sandstorm
|-fieldend|move: Trick Room
|upkeep
|
|t:|1784661175
|switch|p2a: Vivillon|Vivillon-Sandstorm, L50, F, shiny|61/100
|turn|6
|
|t:|1784661200
|switch|p1a: Blastoise|Blastoise, L50, F|70/100
|move|p2a: Vivillon|Pollen Puff|p1a: Blastoise
|-damage|p1a: Blastoise|34/100
|move|p2b: Tyranitar|Rock Slide|p1b: Incineroar|[spread] p1a,p1b
|-supereffective|p1b: Incineroar|1
|-damage|p1a: Blastoise|0 fnt
|-damage|p1b: Incineroar|0 fnt
|faint|p1a: Blastoise
|faint|p1b: Incineroar
|
|-weather|Sandstorm|[upkeep]
|-damage|p2a: Vivillon|55/100|[from] Sandstorm
|upkeep
|
|t:|1784661209
|switch|p1a: Malamar|Malamar-Mega, L50, M|93/100
|switch|p1b: Conkeldurr|Conkeldurr, L50, F|75/100 brn
|turn|7
|
|t:|1784661226
|move|p2a: Vivillon|Pollen Puff|p1a: Malamar
|-supereffective|p1a: Malamar|2
|-damage|p1a: Malamar|0 fnt
|faint|p1a: Malamar
|move|p2b: Tyranitar|Rock Slide|p1b: Conkeldurr
|-resisted|p1b: Conkeldurr|1
|-damage|p1b: Conkeldurr|54/100 brn
|cant|p1b: Conkeldurr|flinch
|
|-weather|Sandstorm|[upkeep]
|-damage|p2a: Vivillon|49/100|[from] Sandstorm
|-damage|p1b: Conkeldurr|48/100 brn|[from] Sandstorm
|-enditem|p1b: Conkeldurr|Sitrus Berry|[eat]
|-heal|p1b: Conkeldurr|73/100 brn|[from] item: Sitrus Berry
|-damage|p1b: Conkeldurr|67/100 brn|[from] brn
|upkeep
|turn|8
|c|â˜†brodiewhat|balright
|
|t:|1784661244
|move|p2a: Vivillon|Pollen Puff|p1b: Conkeldurr
|-resisted|p1b: Conkeldurr|1
|-damage|p1b: Conkeldurr|44/100 brn
|move|p2b: Tyranitar|Rock Slide|p1b: Conkeldurr
|-resisted|p1b: Conkeldurr|1
|-damage|p1b: Conkeldurr|22/100 brn
|cant|p1b: Conkeldurr|flinch
|
|-weather|none
|-damage|p1b: Conkeldurr|16/100 brn|[from] brn
|upkeep
|turn|9
|
|t:|1784661255
|move|p2a: Vivillon|Pollen Puff|p1b: Conkeldurr
|-resisted|p1b: Conkeldurr|1
|-damage|p1b: Conkeldurr|0 fnt
|faint|p1b: Conkeldurr
|
|win|Someoneofficial
|c| Zetchup21man|BRUH
|c|â˜†Someoneofficial|WHOS YOUR DADDY
|l| Zetchup21man
|c|â˜†Someoneofficial|WHO IS HE
|c|â˜†brodiewhat|i had you bro
|c|â˜†brodiewhat|lol
|c|â˜†Someoneofficial|No you didnt ðŸ˜‚
|c|â˜†Someoneofficial|WHOS YOUR DADDY
|j| My Jaronas
|l| My Jaronas
