|j|☆ishallnotusename
|j|☆Slothpk
|html|ishallnotusenameSlothpk    
|uhtml|bestof|Game 2 of a best-of-3
|t:|1785783297
|gametype|doubles
|player|p1|ishallnotusename|pokemaniac|1134
|player|p2|Slothpk|1|1154
|gen|9
|tier|[Gen 9 Champions] VGC 2026 Reg M-B (Bo3)
|rated|
|rule|Species Clause: Limit one of each Pokémon
|rule|Item Clause: Limit 1 of each item
|clearpoke
|poke|p1|Whimsicott, L50, F|
|poke|p1|Kingambit, L50, F|
|poke|p1|Staraptor, L50, F|
|poke|p1|Ceruledge, L50, F|
|poke|p1|Milotic, L50, M|
|poke|p1|Raichu, L50, M|
|poke|p2|Garchomp, L50, M|
|poke|p2|Sneasler, L50, M|
|poke|p2|Milotic, L50, M|
|poke|p2|Scizor, L50, F|
|poke|p2|Sinistcha-Masterpiece, L50|
|poke|p2|Whimsicott, L50, M|
|teampreview|4
|showteam|p1|Whimsicott||FocusSash|Prankster|Tailwind,Moonblast,Charm,Protect|Timid||F|||50|]Kingambit||LifeOrb|Defiant|KowtowCleave,SuckerPunch,IronHead,Protect|Adamant||F|||50|]Staraptor||Staraptite|Intimidate|CloseCombat,BraveBird,Roost,Protect|Jolly||F|||50|]Ceruledge||ColburBerry|FlashFire|BitterBlade,ShadowSneak,BulkUp,Protect|Adamant||F|||50|]Milotic||Leftovers|Competitive|Coil,MuddyWater,IcyWind,Recover|Modest||M|||50|]Raichu||RaichuniteY|Static|FakeOut,ZapCannon,FocusBlast,Protect|Timid||M|||50|
|showteam|p2|Garchomp||Garchompite|RoughSkin|EarthPower,DracoMeteor,Protect,PowerGem|Modest||M|||50|]Sneasler||WhiteHerb|Unburden|FakeOut,PoisonJab,CloseCombat,Protect|Jolly||M|||50|]Milotic||Leftovers|Competitive|IcyWind,Scald,LifeDew,LightScreen|Modest||M|||50|]Scizor||Scizorite|Technician|SwordsDance,BulletPunch,Roost,BugBite|Adamant||F|||50|]Sinistcha-Masterpiece||SitrusBerry|Hospitality|RagePowder,Protect,TrickRoom,MatchaGotcha|Bold|||||50|]Whimsicott||FocusSash|Prankster|Tailwind,Encore,Protect,Moonblast|Timid||M|||50|
|inactive|Battle timer is ON: inactive players will automatically lose when time's up. (requested by Slothpk)
|
|t:|1785783321
|teamsize|p1|4
|teamsize|p2|4
|start
|switch|p1a: Whimsicott|Whimsicott, L50, F|100/100
|switch|p1b: Milotic|Milotic, L50, M|100/100
|switch|p2a: Milotic|Milotic, L50, M|100/100
|switch|p2b: Garchomp|Garchomp, L50, M|100/100
|turn|1
|
|t:|1785783337
|switch|p2b: Sneasler|Sneasler, L50, M|100/100
|move|p1a: Whimsicott|Moonblast|p2b: Sneasler
|-damage|p2b: Sneasler|49/100
|move|p1b: Milotic|Coil|p1b: Milotic
|-boost|p1b: Milotic|atk|1
|-boost|p1b: Milotic|def|1
|-boost|p1b: Milotic|accuracy|1
|move|p2a: Milotic|Light Screen|p2a: Milotic
|-sidestart|p2: Slothpk|move: Light Screen
|
|upkeep
|turn|2
|inactive|ishallnotusename has 30 seconds left.
|inactive|ishallnotusename has 20 seconds left.
|
|t:|1785783380
|move|p1a: Whimsicott|Protect|p1a: Whimsicott
|-singleturn|p1a: Whimsicott|Protect
|move|p2b: Sneasler|Fake Out|p1b: Milotic
|-damage|p1b: Milotic|91/100
|cant|p1b: Milotic|flinch
|move|p2a: Milotic|Icy Wind|p1a: Whimsicott|[spread] p1b
|-activate|p1a: Whimsicott|move: Protect
|-resisted|p1b: Milotic|1
|-damage|p1b: Milotic|87/100
|-unboost|p1b: Milotic|spe|1
|-ability|p1b: Milotic|Competitive|boost
|-boost|p1b: Milotic|spa|2
|
|-heal|p1b: Milotic|93/100|[from] item: Leftovers
|upkeep
|turn|3
|inactive|Slothpk has 30 seconds left.
|
|t:|1785783405
|switch|p2a: Sinistcha|Sinistcha-Masterpiece, L50|100/100
|-heal|p2b: Sneasler|74/100|[from] ability: Hospitality|[of] p2a: Sinistcha
|move|p1a: Whimsicott|Tailwind|p1a: Whimsicott
|-sidestart|p1: ishallnotusename|move: Tailwind
|move|p2b: Sneasler|Poison Jab|p1a: Whimsicott
|-supereffective|p1a: Whimsicott|2
|-enditem|p1a: Whimsicott|Focus Sash
|-damage|p1a: Whimsicott|1/100
|move|p1b: Milotic|Muddy Water|p2b: Sneasler|[spread] p2a,p2b
|-resisted|p2a: Sinistcha|1
|-damage|p2a: Sinistcha|76/100
|-damage|p2b: Sneasler|21/100
|
|-heal|p1b: Milotic|99/100|[from] item: Leftovers
|upkeep
|turn|4
|inactive|Slothpk has 30 seconds left.
|
|t:|1785783431
|switch|p1a: Ceruledge|Ceruledge, L50, F|100/100
|switch|p2b: Milotic|Milotic, L50, M|100/100
|move|p1b: Milotic|Muddy Water|p2a: Sinistcha|[spread] p2a,p2b
|-resisted|p2a: Sinistcha|1
|-resisted|p2b: Milotic|1
|-damage|p2a: Sinistcha|53/100
|-damage|p2b: Milotic|86/100
|-unboost|p2a: Sinistcha|accuracy|1
|move|p2a: Sinistcha|Matcha Gotcha|p1b: Milotic|[spread] p1a,p1b
|-resisted|p1a: Ceruledge|1
|-supereffective|p1b: Milotic|1
|-crit|p1b: Milotic
|-damage|p1a: Ceruledge|87/100
|-heal|p2a: Sinistcha|60/100|[from] drain|[of] p1a: Ceruledge
|-damage|p1b: Milotic|37/100
|-heal|p2a: Sinistcha|93/100|[from] drain|[of] p1b: Milotic
|-status|p1b: Milotic|brn
|
|-heal|p1b: Milotic|43/100 brn|[from] item: Leftovers
|-heal|p2b: Milotic|92/100|[from] item: Leftovers
|-damage|p1b: Milotic|37/100 brn|[from] brn
|upkeep
|turn|5
|inactive|ishallnotusename has 30 seconds left.
|inactive|Slothpk has 30 seconds left.
|inactive|ishallnotusename has 20 seconds left.
|inactive|Slothpk has 20 seconds left.
|
|t:|1785783470
|switch|p2a: Sneasler|Sneasler, L50, M|21/100
|move|p1a: Ceruledge|Bitter Blade|p2a: Sneasler
|-damage|p2a: Sneasler|0 fnt
|-heal|p1a: Ceruledge|96/100|[from] drain|[of] p2a: Sneasler
|faint|p2a: Sneasler
|move|p1b: Milotic|Recover|p1b: Milotic
|-heal|p1b: Milotic|87/100 brn
|move|p2b: Milotic|Scald|p1a: Ceruledge
|-supereffective|p1a: Ceruledge|1
|-damage|p1a: Ceruledge|29/100
|
|-heal|p1b: Milotic|93/100 brn|[from] item: Leftovers
|-heal|p2b: Milotic|98/100|[from] item: Leftovers
|-damage|p1b: Milotic|87/100 brn|[from] brn
|-sideend|p2: Slothpk|move: Light Screen
|upkeep
|
|t:|1785783490
|switch|p2a: Garchomp|Garchomp, L50, M|100/100
|turn|6
|
|t:|1785783508
|detailschange|p2a: Garchomp|Garchomp-Mega, L50, M
|-mega|p2a: Garchomp|Garchomp|Garchompite
|move|p1a: Ceruledge|Protect|p1a: Ceruledge
|-singleturn|p1a: Ceruledge|Protect
|move|p2a: Garchomp|Protect|p2a: Garchomp
|-singleturn|p2a: Garchomp|Protect
|move|p1b: Milotic|Muddy Water|p2b: Milotic|[spread] p2b
|-activate|p2a: Garchomp|move: Protect
|-resisted|p2b: Milotic|1
|-damage|p2b: Milotic|79/100
|-unboost|p2b: Milotic|accuracy|1
|-ability|p2b: Milotic|Competitive|boost
|-boost|p2b: Milotic|spa|2
|move|p2b: Milotic|Scald|p1a: Ceruledge
|-activate|p1a: Ceruledge|move: Protect
|
|-heal|p1b: Milotic|93/100 brn|[from] item: Leftovers
|-heal|p2b: Milotic|85/100|[from] item: Leftovers
|-damage|p1b: Milotic|87/100 brn|[from] brn
|-sideend|p1: ishallnotusename|move: Tailwind
|upkeep
|turn|7
|inactive|ishallnotusename has 30 seconds left.
|
|t:|1785783537
|move|p1a: Ceruledge|Shadow Sneak|p2a: Garchomp
|-damage|p2a: Garchomp|83/100
|move|p2a: Garchomp|Draco Meteor|p1b: Milotic
|-damage|p1b: Milotic|34/100 brn
|-unboost|p2a: Garchomp|spa|2
|move|p2b: Milotic|Scald|p1a: Ceruledge
|-supereffective|p1a: Ceruledge|1
|-damage|p1a: Ceruledge|0 fnt
|faint|p1a: Ceruledge
|move|p1b: Milotic|Muddy Water|p2a: Garchomp|[spread] p2a,p2b
|-resisted|p2b: Milotic|1
|-damage|p2a: Garchomp|30/100
|-damage|p2b: Milotic|66/100
|
|-heal|p2b: Milotic|72/100|[from] item: Leftovers
|-heal|p1b: Milotic|40/100 brn|[from] item: Leftovers
|-damage|p1b: Milotic|34/100 brn|[from] brn
|upkeep
|
|t:|1785783549
|switch|p1a: Raichu|Raichu, L50, M|100/100
|turn|8
|
|t:|1785783566
|switch|p2a: Sinistcha|Sinistcha-Masterpiece, L50|93/100
|-heal|p2b: Milotic|97/100|[from] ability: Hospitality|[of] p2a: Sinistcha
|detailschange|p1a: Raichu|Raichu-Mega-Y, L50, M
|-mega|p1a: Raichu|Raichu|Raichunite Y
|move|p1a: Raichu|Zap Cannon|p2b: Milotic
|-supereffective|p2b: Milotic|1
|-damage|p2b: Milotic|10/100
|-status|p2b: Milotic|par
|move|p1b: Milotic|Recover|p1b: Milotic
|-heal|p1b: Milotic|84/100 brn
|move|p2b: Milotic|Scald|p1a: Raichu
|-damage|p1a: Raichu|10/100
|
|-heal|p1b: Milotic|90/100 brn|[from] item: Leftovers
|-heal|p2b: Milotic|16/100 par|[from] item: Leftovers
|-damage|p1b: Milotic|84/100 brn|[from] brn
|upkeep
|turn|9
|inactive|ishallnotusename has 30 seconds left.
|inactive|Slothpk has 30 seconds left.
|
|t:|1785783593
|move|p1a: Raichu|Zap Cannon|p2a: Sinistcha
|-resisted|p2a: Sinistcha|1
|-damage|p2a: Sinistcha|58/100
|-status|p2a: Sinistcha|par
|move|p1b: Milotic|Muddy Water|p2a: Sinistcha|[spread] p2a,p2b
|-resisted|p2a: Sinistcha|1
|-resisted|p2b: Milotic|1
|-damage|p2a: Sinistcha|24/100 par
|-damage|p2b: Milotic|0 fnt
|-unboost|p2a: Sinistcha|accuracy|1
|-enditem|p2a: Sinistcha|Sitrus Berry|[eat]
|-heal|p2a: Sinistcha|49/100 par|[from] item: Sitrus Berry
|faint|p2b: Milotic
|move|p2a: Sinistcha|Matcha Gotcha|p1a: Raichu|[spread] p1a,p1b
|-supereffective|p1b: Milotic|1
|-damage|p1a: Raichu|0 fnt
|-heal|p2a: Sinistcha|54/100 par|[from] drain|[of] p1a: Raichu
|-damage|p1b: Milotic|44/100 brn
|-heal|p2a: Sinistcha|76/100 par|[from] drain|[of] p1b: Milotic
|faint|p1a: Raichu
|
|-heal|p1b: Milotic|50/100g brn|[from] item: Leftovers
|-damage|p1b: Milotic|44/100 brn|[from] brn
|upkeep
|
|t:|1785783612
|switch|p1a: Whimsicott|Whimsicott, L50, F|1/100
|switch|p2b: Garchomp|Garchomp-Mega, L50, M|30/100
|turn|10
|
|t:|1785783632
|move|p2b: Garchomp|Protect|p2b: Garchomp
|-singleturn|p2b: Garchomp|Protect
|move|p1a: Whimsicott|Tailwind|p1a: Whimsicott
|-sidestart|p1: ishallnotusename|move: Tailwind
|move|p1b: Milotic|Icy Wind|p2a: Sinistcha|[spread] p2a
|-activate|p2b: Garchomp|move: Protect
|-supereffective|p2a: Sinistcha|1
|-damage|p2a: Sinistcha|22/100 par
|-unboost|p2a: Sinistcha|spe|1
|move|p2a: Sinistcha|Matcha Gotcha|p1a: Whimsicott|[spread] p1a,p1b
|-resisted|p1a: Whimsicott|1
|-supereffective|p1b: Milotic|1
|-damage|p1a: Whimsicott|0 fnt
|-heal|p2a: Sinistcha|23/100 par|[from] drain|[of] p1a: Whimsicott
|-damage|p1b: Milotic|3/100 brn
|-heal|p2a: Sinistcha|45/100 par|[from] drain|[of] p1b: Milotic
|faint|p1a: Whimsicott
|
|-heal|p1b: Milotic|9/100 brn|[from] item: Leftovers
|-damage|p1b: Milotic|3/100 brn|[from] brn
|upkeep
|turn|11
|inactive|Slothpk has 30 seconds left.
|
|t:|1785783663
|move|p1b: Milotic|Icy Wind|p2b: Garchomp|[spread] p2a,p2b
|-supereffective|p2a: Sinistcha|1
|-supereffective|p2b: Garchomp|2
|-damage|p2a: Sinistcha|0 fnt
|-damage|p2b: Garchomp|0 fnt
|faint|p2a: Sinistcha
|faint|p2b: Garchomp
|
|win|ishallnotusename
||ishallnotusename is ready for game 3.
||Slothpk is ready for game 3.
|uhtml|next|Next: Game 3 of 3
|l|☆Slothpk
|player|p2|
