|j|‽Sushi Bum
|j|☆ad_blake
|html|Sushi Bumad_blake    
|uhtml|bestof|Game 2 of a best-of-3
|t:|1782346761
|gametype|doubles
|player|p1|Sushi Bum|beni-ninja|1108
|player|p2|ad_blake|rosa|1000
|gen|9
|tier|[Gen 9 Champions] VGC 2026 Reg M-B (Bo3)
|rated|
|rule|Species Clause: Limit one of each Pokémon
|rule|Item Clause: Limit 1 of each item
|clearpoke
|poke|p1|Talonflame, L50, M|
|poke|p1|Grimmsnarl, L50, M|
|poke|p1|Raichu, L50, F|
|poke|p1|Maushold-Four, L50|
|poke|p1|Venusaur, L50, M|
|poke|p1|Mamoswine, L50, F|
|poke|p2|Raichu, L50, M|
|poke|p2|Whimsicott, L50, F|
|poke|p2|Garchomp, L50, F|
|poke|p2|Ninetales-Alola, L50, M|
|poke|p2|Incineroar, L50, F|
|poke|p2|Corviknight, L50, F|
|teampreview|4
|showteam|p1|Talonflame||SharpBeak|GaleWings|BraveBird,Taunt,Tailwind,UpperHand|Adamant||M|||50|]Grimmsnarl||LightClay|Prankster|PartingShot,SpiritBreak,LightScreen,Reflect|Adamant||M|||50|]Raichu||RaichuniteY|LightningRod|ZapCannon,GrassKnot,FocusBlast,Protect|Timid||F|||50|]Maushold-Four||KingsRock|FriendGuard|FollowMe,PopulationBomb,Crunch,Protect|Jolly|||||50|]Venusaur||LifeOrb|Chlorophyll|SludgeBomb,SleepPowder,GigaDrain,EarthPower|Timid||M|||50|]Mamoswine||FocusSash|Oblivious|StompingTantrum,IceShard,IcicleCrash,Protect|Jolly||F|||50|
|showteam|p2|Raichu||RaichuniteY|LightningRod|FakeOut,ZapCannon,Protect,FocusBlast|Timid||M|||50|]Whimsicott||FocusSash|Prankster|Tailwind,Encore,Taunt,Moonblast|Timid||F|||50|]Garchomp||LifeOrb|RoughSkin|Protect,DragonClaw,RockSlide,StompingTantrum|Jolly||F|||50|]Ninetales-Alola||LightClay|SnowWarning|AuroraVeil,Blizzard,IcyWind,Protect|Timid||M|||50|]Incineroar||SitrusBerry|Intimidate|FakeOut,PartingShot,ThroatChop,FlareBlitz|Serious||F|||50|]Corviknight||Leftovers|MirrorArmor|BodyPress,HeavySlam,Protect,IronDefense|Careful||F|||50|
|
|t:|1782346794
|teamsize|p1|4
|teamsize|p2|4
|start
|switch|p1a: Talonflame|Talonflame, L50, M|100/100
|switch|p1b: Mamoswine|Mamoswine, L50, F|100/100
|switch|p2a: Whimsicott|Whimsicott, L50, F|100/100
|switch|p2b: Raichu|Raichu, L50, M|100/100
|turn|1
|
|t:|1782346809
|detailschange|p2b: Raichu|Raichu-Mega-Y, L50, M
|-mega|p2b: Raichu|Raichu|Raichunite Y
|move|p1a: Talonflame|Tailwind|p1a: Talonflame
|-sidestart|p1: Sushi Bum|move: Tailwind
|move|p1b: Mamoswine|Stomping Tantrum|p2b: Raichu
|-supereffective|p2b: Raichu|1
|-damage|p2b: Raichu|0 fnt
|faint|p2b: Raichu
|move|p2a: Whimsicott|Moonblast|p1b: Mamoswine
|-damage|p1b: Mamoswine|59/100
|
|upkeep
|
|t:|1782346820
|switch|p2b: Ninetales|Ninetales-Alola, L50, M|100/100
|-weather|Snowscape|[from] ability: Snow Warning|[of] p2b: Ninetales
|turn|2
|
|t:|1782346832
|move|p2a: Whimsicott|Tailwind|p2a: Whimsicott
|-sidestart|p2: ad_blake|move: Tailwind
|move|p1a: Talonflame|Taunt|p2b: Ninetales
|-start|p2b: Ninetales|move: Taunt
|move|p2b: Ninetales|Blizzard|p1a: Talonflame|[spread] p1a,p1b
|-damage|p1a: Talonflame|60/100
|-damage|p1b: Mamoswine|25/100
|move|p1b: Mamoswine|Icicle Crash|p2a: Whimsicott
|-supereffective|p2a: Whimsicott|1
|-enditem|p2a: Whimsicott|Focus Sash
|-damage|p2a: Whimsicott|1/100
|
|-weather|Snowscape|[upkeep]
|upkeep
|turn|3
|
|t:|1782346856
|move|p1b: Mamoswine|Ice Shard|p2a: Whimsicott
|-supereffective|p2a: Whimsicott|1
|-crit|p2a: Whimsicott
|-damage|p2a: Whimsicott|0 fnt
|faint|p2a: Whimsicott
|move|p1a: Talonflame|Brave Bird|p2b: Ninetales
|-damage|p2b: Ninetales|54/100
|-damage|p1a: Talonflame|43/100|[from] Recoil
|move|p2b: Ninetales|Blizzard|p1b: Mamoswine|[spread] p1a,p1b
|-damage|p1a: Talonflame|7/100
|-damage|p1b: Mamoswine|0 fnt
|faint|p1b: Mamoswine
|
|-weather|Snowscape|[upkeep]
|upkeep
|
|t:|1782346867
|switch|p2a: Garchomp|Garchomp, L50, F|100/100
|switch|p1b: Raichu|Raichu, L50, F|100/100
|turn|4
|
|t:|1782346877
|switch|p1b: Venusaur|Venusaur, L50, M|100/100
|move|p1a: Talonflame|Brave Bird|p2b: Ninetales
|-damage|p2b: Ninetales|13/100
|-damage|p1a: Talonflame|0 fnt|[from] Recoil
|faint|p1a: Talonflame
|move|p2a: Garchomp|Rock Slide|p1b: Venusaur
|-damage|p1b: Venusaur|52/100
|-damage|p2a: Garchomp|90/100|[from] item: Life Orb
|move|p2b: Ninetales|Blizzard|p1b: Venusaur
|-supereffective|p1b: Venusaur|1
|-damage|p1b: Venusaur|0 fnt
|faint|p1b: Venusaur
|
|-weather|Snowscape|[upkeep]
|-end|p2b: Ninetales|move: Taunt
|-sideend|p1: Sushi Bum|move: Tailwind
|upkeep
|
|t:|1782346887
|switch|p1b: Raichu|Raichu, L50, F|100/100
|turn|5
|-message|Sushi Bum forfeited.
|
|win|ad_blake
|l|‽Sushi Bum
|player|p1|
||Sushi Bum is ready for game 3.
||ad_blake is ready for game 3.
|uhtml|next|Next: Game 3 of 3
