|j|☆SunDiazVGC
|j|☆EZBreezeys
|html|SunDiazVGCEZBreezeys    
|uhtml|bestof|Game 2 of a best-of-3
|t:|1757213106
|gametype|doubles
|player|p1|SunDiazVGC|marley|1121
|player|p2|EZBreezeys|schoolkidf|1043
|gen|9
|tier|[Gen 9] VGC 2025 Reg H (Bo3)
|rated|
|rule|Species Clause: Limit one of each Pokémon
|rule|Item Clause: Limit 1 of each item
|clearpoke
|poke|p1|Clefable, L50, F|
|poke|p1|Gholdengo, L50|
|poke|p1|Annihilape, L50, F|
|poke|p1|Typhlosion-Hisui, L50, F|
|poke|p1|Toedscool, L50, F|
|poke|p1|Salamence, L50, F|
|poke|p2|Armarouge, L50, M|
|poke|p2|Indeedee-F, L50, F|
|poke|p2|Archaludon, L50, M|
|poke|p2|Incineroar, L50, M|
|poke|p2|Whimsicott, L50, F|
|poke|p2|Clodsire, L50, M|
|teampreview|4
|showteam|p1|Clefable||SitrusBerry|Unaware|FollowMe,Moonblast,HelpingHand,Protect|||F|||50|,,,,,Water]Gholdengo||LifeOrb|GoodasGold|Protect,NastyPlot,ShadowBall,MakeItRain||||||50|,,,,,Steel]Annihilape||Leftovers|Defiant|BulkUp,DrainPunch,RageFist,Protect|||F|||50|,,,,,Grass]Typhlosion-Hisui||ChoiceScarf|Blaze|Eruption,HeatWave,SleepTalk,ShadowBall|||F|||50|,,,,,Fire]Toedscool||Eviolite|MyceliumMight|Spore,RagePowder,FoulPlay,Protect|||F|||50|,,,,,Water]Salamence||MirrorHerb|Intimidate|AerialAce,Tailwind,DragonClaw,Protect|||F|||50|,,,,,Steel
|showteam|p2|Armarouge||PsychicSeed|FlashFire|Protect,Flamethrower,TeraBlast,ExpandingForce|||M|||50|,,,,,Water]Indeedee-F||MentalHerb|PsychicSurge|FollowMe,Psychic,HelpingHand,TrickRoom|||F|||50|,,,,,Dragon]Archaludon||PowerHerb|Stalwart|Protect,DracoMeteor,ElectroShot,FlashCannon|||M|||50|,,,,,Electric]Incineroar||SafetyGoggles|Intimidate|FakeOut,Uturn,KnockOff,FlareBlitz|||M|||50|,,,,,Ghost]Whimsicott||CovertCloak|Prankster|Tailwind,Taunt,SunnyDay,Moonblast|||F|||50|,,,,,Dark]Clodsire||LifeOrb|Unaware|Protect,StompingTantrum,GunkShot,Waterfall|||M|||50|,,,,,Water
|inactive|Battle timer is ON: inactive players will automatically lose when time's up. (requested by SunDiazVGC)
|inactive|EZBreezeys has 60 seconds left.
|
|t:|1757213139
|teamsize|p1|4
|teamsize|p2|4
|start
|switch|p1a: Toedscool|Toedscool, L50, F|100/100
|switch|p1b: Gholdengo|Gholdengo, L50|100/100
|switch|p2a: City Escape|Indeedee-F, L50, F|100/100
|switch|p2b: Tomnyan|Incineroar, L50, M, shiny|100/100
|-fieldstart|move: Psychic Terrain|[from] ability: Psychic Surge|[of] p2a: City Escape
|-ability|p2b: Tomnyan|Intimidate|boost
|-unboost|p1a: Toedscool|atk|1
|-unboost|p1b: Gholdengo|atk|1
|turn|1
|inactive|SunDiazVGC has 30 seconds left.
|
|t:|1757213166
|-terastallize|p1a: Toedscool|Water
|move|p2a: City Escape|Helping Hand|p2b: Tomnyan
|-singleturn|p2b: Tomnyan|Helping Hand|[of] p2a: City Escape
|move|p1a: Toedscool|Rage Powder|p1a: Toedscool
|-singleturn|p1a: Toedscool|move: Rage Powder
|move|p1b: Gholdengo|Nasty Plot|p1b: Gholdengo
|-boost|p1b: Gholdengo|spa|2
|move|p2b: Tomnyan|Flare Blitz|p1b: Gholdengo
|-supereffective|p1b: Gholdengo
|-damage|p1b: Gholdengo|0 fnt
|faint|p1b: Gholdengo
|-damage|p2b: Tomnyan|74/100|[from] Recoil
|
|upkeep
|
|t:|1757213175
|switch|p1b: Salamence|Salamence, L50, F|100/100
|-ability|p1b: Salamence|Intimidate|boost
|-unboost|p2a: City Escape|atk|1
|-unboost|p2b: Tomnyan|atk|1
|turn|2
|inactive|EZBreezeys has 30 seconds left.
|inactive|EZBreezeys has 20 seconds left.
|
|t:|1757213211
|move|p2a: City Escape|Helping Hand|p2b: Tomnyan
|-singleturn|p2b: Tomnyan|Helping Hand|[of] p2a: City Escape
|move|p1b: Salamence|Dragon Claw|p2b: Tomnyan
|-damage|p2b: Tomnyan|42/100
|move|p2b: Tomnyan|Knock Off|p1a: Toedscool
|-damage|p1a: Toedscool|60/100
|-enditem|p1a: Toedscool|Eviolite|[from] move: Knock Off|[of] p2b: Tomnyan
|move|p1a: Toedscool|Spore|p2a: City Escape
|-status|p2a: City Escape|slp|[from] move: Spore
|
|upkeep
|turn|3
|
|t:|1757213230
|cant|p2a: City Escape|slp
|move|p1b: Salamence|Dragon Claw|p2b: Tomnyan
|-damage|p2b: Tomnyan|8/100
|move|p2b: Tomnyan|Flare Blitz|p1a: Toedscool
|-resisted|p1a: Toedscool
|-damage|p1a: Toedscool|33/100
|-damage|p2b: Tomnyan|2/100|[from] Recoil
|move|p1a: Toedscool|Foul Play|p2a: City Escape
|-supereffective|p2a: City Escape
|-damage|p2a: City Escape|86/100 slp
|
|upkeep
|turn|4
|
|t:|1757213247
|move|p1b: Salamence|Dragon Claw|p2a: City Escape
|-damage|p2a: City Escape|37/100 slp
|move|p2b: Tomnyan|Knock Off|p1a: Toedscool
|-damage|p1a: Toedscool|5/100
|move|p1a: Toedscool|Foul Play|p2b: Tomnyan
|-resisted|p2b: Tomnyan
|-damage|p2b: Tomnyan|0 fnt
|faint|p2b: Tomnyan
|cant|p2a: City Escape|slp
|
|upkeep
|
|t:|1757213258
|switch|p2b: Pyro|Armarouge, L50, M|100/100
|-enditem|p2b: Pyro|Psychic Seed
|-boost|p2b: Pyro|spd|1|[from] item: Psychic Seed
|-enditem|p1b: Salamence|Mirror Herb
|-boost|p1b: Salamence|spd|1|[from] item: Mirror Herb
|turn|5
|
|t:|1757213281
|move|p1b: Salamence|Protect|p1b: Salamence
|-singleturn|p1b: Salamence|Protect
|move|p1a: Toedscool|Protect|p1a: Toedscool
|-singleturn|p1a: Toedscool|Protect
|move|p2b: Pyro|Expanding Force|p1a: Toedscool|[spread] 
|-activate|p1a: Toedscool|move: Protect
|-activate|p1b: Salamence|move: Protect
|-curestatus|p2a: City Escape|slp|[msg]
|move|p2a: City Escape|Trick Room|p2a: City Escape
|-fieldstart|move: Trick Room|[of] p2a: City Escape
|
|-fieldend|move: Psychic Terrain
|upkeep
|turn|6
|
|t:|1757213306
|move|p2a: City Escape|Psychic|p1a: Toedscool
|-damage|p1a: Toedscool|0 fnt
|faint|p1a: Toedscool
|move|p2b: Pyro|Expanding Force|p1b: Salamence
|-damage|p1b: Salamence|65/100
|move|p1b: Salamence|Dragon Claw|p2b: Pyro
|-damage|p2b: Pyro|58/100
|
|upkeep
|
|t:|1757213313
|switch|p1a: Annihilape|Annihilape, L50, F|100/100
|turn|7
|inactive|EZBreezeys has 30 seconds left.
|
|t:|1757213338
|move|p2a: City Escape|Follow Me|p2a: City Escape
|-singleturn|p2a: City Escape|move: Follow Me
|move|p1a: Annihilape|Rage Fist|p2a: City Escape
|-immune|p2a: City Escape
|move|p2b: Pyro|Expanding Force|p1a: Annihilape
|-supereffective|p1a: Annihilape
|-damage|p1a: Annihilape|31/100
|move|p1b: Salamence|Dragon Claw|p2a: City Escape
|-damage|p2a: City Escape|0 fnt
|faint|p2a: City Escape
|
|-heal|p1a: Annihilape|37/100|[from] item: Leftovers
|upkeep
|
|t:|1757213350
|switch|p2a: Guile|Clodsire, L50, M|100/100
|turn|8
|inactive|SunDiazVGC has 30 seconds left.
|inactive|EZBreezeys has 30 seconds left.
|inactive|SunDiazVGC has 20 seconds left.
|
|t:|1757213390
|-terastallize|p2b: Pyro|Water
|move|p2a: Guile|Gunk Shot|p1a: Annihilape
|-resisted|p1a: Annihilape
|-damage|p1a: Annihilape|8/100
|-status|p1a: Annihilape|psn
|-damage|p2a: Guile|91/100|[from] item: Life Orb
|move|p1a: Annihilape|Rage Fist|p2b: Pyro
|-damage|p2b: Pyro|0 fnt
|faint|p2b: Pyro
|move|p1b: Salamence|Dragon Claw|p2a: Guile
|-damage|p2a: Guile|54/100
|
|-heal|p1a: Annihilape|14/100 psn|[from] item: Leftovers
|-damage|p1a: Annihilape|2/100 psn|[from] psn
|upkeep
|turn|9
|inactive|EZBreezeys has 30 seconds left.
|
|t:|1757213423
|move|p1b: Salamence|Protect|p1b: Salamence
|-singleturn|p1b: Salamence|Protect
|move|p2a: Guile|Waterfall|p1a: Annihilape
|-damage|p1a: Annihilape|0 fnt
|faint|p1a: Annihilape
|-damage|p2a: Guile|44/100|[from] item: Life Orb
|
|-fieldend|move: Trick Room
|upkeep
|turn|10
|
|t:|1757213437
|move|p1b: Salamence|Dragon Claw|p2a: Guile
|-damage|p2a: Guile|7/100
|move|p2a: Guile|Gunk Shot|p1b: Salamence
|-damage|p1b: Salamence|0 fnt
|faint|p1b: Salamence
|-damage|p2a: Guile|0 fnt|[from] item: Life Orb
|faint|p2a: Guile
|
|win|EZBreezeys
|raw|SunDiazVGC's rating: 1121 → 1090(-31 for losing)
|raw|EZBreezeys's rating: 1043 → 1084(+41 for winning)
|l|☆SunDiazVGC
|player|p1|
