|j|‽Juaner95
|j|☆alkittxn
|html|Juaner95alkittxn    
|uhtml|bestof|Game 3 of a best-of-3
|t:|1784328134
|gametype|doubles
|player|p1|Juaner95|ash-hoenn|1093
|player|p2|alkittxn|aaron|1089
|gen|9
|tier|[Gen 9 Champions] VGC 2026 Reg M-B (Bo3)
|rated|
|rule|Species Clause: Limit one of each Pokémon
|rule|Item Clause: Limit 1 of each item
|clearpoke
|poke|p1|Scrafty, L50, M|
|poke|p1|Vileplume, L50, F, shiny|
|poke|p1|Oranguru, L50, M|
|poke|p1|Torkoal, L50, F, shiny|
|poke|p1|Gholdengo, L50, shiny|
|poke|p1|Lucario, L50, M|
|poke|p2|Gallade, L50, M|
|poke|p2|Camerupt, L50, M|
|poke|p2|Farigiraf, L50, F|
|poke|p2|Talonflame, L50, F|
|poke|p2|Basculegion, L50, M|
|poke|p2|Kingambit, L50, F|
|teampreview|4
|showteam|p1|Scrafty||Scraftinite|Intimidate|FakeOut,KnockOff,DrainPunch,RockSlide|Brave||M|||50|]Vileplume||FocusSash|Chlorophyll|AfterYou,SludgeBomb,LeafStorm,Protect|Modest||F|||50|]Oranguru||MentalHerb|InnerFocus|Instruct,Encore,TrickRoom,Protect|Bold||M|||50|]Torkoal||Charcoal|Drought|Eruption,EarthPower,HeatWave,Protect|Quiet||F|||50|]Gholdengo||LifeOrb|GoodasGold|ShadowBall,MakeItRain,NastyPlot,Protect|Timid|||||50|]Lucario||ChoiceScarf|InnerFocus|FinalGambit,HelpingHand,SunnyDay,HealPulse|Timid||M|||50|
|showteam|p2|Gallade||FocusSash|Sharpness|SacredSword,TripleAxel,WideGuard,TrickRoom|Adamant||M|||50|]Camerupt||Cameruptite|SolidRock|AncientPower,HeatWave,EarthPower,Protect|Quiet||M|||50|]Farigiraf||ColburBerry|ArmorTail|HelpingHand,TrickRoom,Protect,Thunderbolt|Bold||F|||50|]Talonflame||ChartiBerry|GaleWings|DualWingbeat,Tailwind,FlareBlitz,Taunt|Relaxed||F|||50|]Basculegion||MysticWater|Adaptability|AquaJet,WaveCrash,LastRespects,FlipTurn|Adamant||M|||50|]Kingambit||ChopleBerry|Defiant|SuckerPunch,KowtowCleave,IronHead,Protect|Adamant||F|||50|
|inactive|Battle timer is ON: inactive players will automatically lose when time's up. (requested by alkittxn)
|inactive|Juaner95 has 60 seconds left.
|inactive|Juaner95 has 30 seconds left.
|inactive|Juaner95 has 20 seconds left.
|inactive|Juaner95 has 15 seconds left.
|inactive|Juaner95 has 10 seconds left.
|
|t:|1784328439
|teamsize|p1|4
|teamsize|p2|4
|start
|switch|p1a: Oranguru|Oranguru, L50, M|100/100
|switch|p1b: Torkoal|Torkoal, L50, F, shiny|100/100
|switch|p2a: Gallade|Gallade, L50, M|100/100
|switch|p2b: Basculegion|Basculegion, L50, M|100/100
|-weather|SunnyDay|[from] ability: Drought|[of] p1b: Torkoal
|turn|1
|inactive|alkittxn has 30 seconds left.
|inactive|alkittxn has 20 seconds left.
|
|t:|1784328477
|move|p1b: Torkoal|Protect|p1b: Torkoal
|-singleturn|p1b: Torkoal|Protect
|move|p2a: Gallade|Sacred Sword|p1a: Oranguru
|-damage|p1a: Oranguru|34/100
|move|p2b: Basculegion|Flip Turn|p1a: Oranguru
|-damage|p1a: Oranguru|12/100
|
|t:|1784328491
|switch|p2b: Talonflame|Talonflame, L50, F|100/100|[from] Flip Turn
|move|p1a: Oranguru|Trick Room|p1a: Oranguru
|-fieldstart|move: Trick Room|[of] p1a: Oranguru
|
|-weather|SunnyDay|[upkeep]
|upkeep
|turn|2
|inactive|alkittxn has 30 seconds left.
|
|t:|1784328526
|move|p2a: Gallade|Wide Guard|p2a: Gallade
|-singleturn|p2a: Gallade|Wide Guard
|move|p1b: Torkoal|Eruption|p2a: Gallade|[spread] 
|-activate|p2a: Gallade|move: Wide Guard
|-activate|p2b: Talonflame|move: Wide Guard
|move|p1a: Oranguru|Instruct|p1b: Torkoal
|-singleturn|p1b: Torkoal|move: Instruct|[of] p1a: Oranguru
|move|p1b: Torkoal|Eruption|p2b: Talonflame|[spread] 
|-activate|p2a: Gallade|move: Wide Guard
|-activate|p2b: Talonflame|move: Wide Guard
|move|p2b: Talonflame|Taunt|p1a: Oranguru
|-start|p1a: Oranguru|move: Taunt
|-enditem|p1a: Oranguru|Mental Herb
|-end|p1a: Oranguru|move: Taunt
|
|-weather|SunnyDay|[upkeep]
|upkeep
|turn|3
|inactive|alkittxn has 30 seconds left.
|inactive|alkittxn has 20 seconds left.
|inactive|alkittxn has 15 seconds left.
|inactive|alkittxn has 10 seconds left.
|inactive|alkittxn has 5 seconds left.
|
|t:|1784328581
|move|p2b: Talonflame|Dual Wingbeat|p1b: Torkoal
|-damage|p1b: Torkoal|87/100
|-crit|p1b: Torkoal
|-damage|p1b: Torkoal|70/100
|-hitcount|p1b: Torkoal|2
|move|p1b: Torkoal|Earth Power|p2a: Gallade
|-damage|p2a: Gallade|71/100
|move|p1a: Oranguru|Encore|p2a: Gallade
|-start|p2a: Gallade|Encore
|move|p2a: Gallade|Wide Guard||[still]
|-fail|p2a: Gallade
|
|-weather|SunnyDay|[upkeep]
|upkeep
|turn|4
|
|t:|1784328605
|move|p2a: Gallade|Wide Guard|p2a: Gallade
|-singleturn|p2a: Gallade|Wide Guard
|move|p2b: Talonflame|Dual Wingbeat|p1a: Oranguru
|-damage|p1a: Oranguru|1/100
|-damage|p1a: Oranguru|0 fnt
|faint|p1a: Oranguru
|-hitcount|p1: Oranguru|2
|move|p1b: Torkoal|Earth Power|p2a: Gallade
|-damage|p2a: Gallade|42/100
|
|-weather|SunnyDay|[upkeep]
|upkeep
|
|t:|1784328615
|switch|p1a: Scrafty|Scrafty, L50, M|100/100
|-ability|p1a: Scrafty|Intimidate|boost
|-unboost|p2a: Gallade|atk|1
|-unboost|p2b: Talonflame|atk|1
|turn|5
|
|t:|1784328635
|detailschange|p1a: Scrafty|Scrafty-Mega, L50, M
|-mega|p1a: Scrafty|Scrafty|Scraftinite
|-ability|p1a: Scrafty|Intimidate|boost
|-unboost|p2a: Gallade|atk|1
|-unboost|p2b: Talonflame|atk|1
|move|p1a: Scrafty|Fake Out|p2b: Talonflame
|-damage|p2b: Talonflame|83/100
|move|p2a: Gallade|Wide Guard|p2a: Gallade
|-singleturn|p2a: Gallade|Wide Guard
|move|p1b: Torkoal|Earth Power|p2a: Gallade
|-damage|p2a: Gallade|11/100
|cant|p2b: Talonflame|flinch
|
|-weather|none
|-end|p2a: Gallade|Encore
|-fieldend|move: Trick Room
|upkeep
|turn|6
|inactive|alkittxn has 30 seconds left.
|
|t:|1784328665
|switch|p1b: Gholdengo|Gholdengo, L50, shiny|100/100
|move|p2a: Gallade|Sacred Sword|p1a: Scrafty
|-supereffective|p1a: Scrafty|1
|-crit|p1a: Scrafty
|-damage|p1a: Scrafty|0 fnt
|faint|p1a: Scrafty
|move|p2b: Talonflame|Tailwind|p2b: Talonflame
|-sidestart|p2: alkittxn|move: Tailwind
|
|upkeep
|
|t:|1784328671
|switch|p1a: Torkoal|Torkoal, L50, F, shiny|70/100
|-weather|SunnyDay|[from] ability: Drought|[of] p1a: Torkoal
|turn|7
|
|t:|1784328688
|move|p2a: Gallade|Sacred Sword|p1a: Torkoal
|-damage|p1a: Torkoal|43/100
|move|p2b: Talonflame|Flare Blitz|p1b: Gholdengo
|-supereffective|p1b: Gholdengo|1
|-damage|p1b: Gholdengo|23/100
|-damage|p2b: Talonflame|56/100|[from] Recoil
|move|p1b: Gholdengo|Nasty Plot|p1b: Gholdengo
|-boost|p1b: Gholdengo|spa|2
|move|p1a: Torkoal|Earth Power|p2a: Gallade
|-damage|p2a: Gallade|0 fnt
|faint|p2a: Gallade
|
|-weather|SunnyDay|[upkeep]
|upkeep
|
|t:|1784328706
|switch|p2a: Basculegion|Basculegion, L50, M|100/100
|turn|8
|
|t:|1784328716
|move|p1b: Gholdengo|Protect|p1b: Gholdengo
|-singleturn|p1b: Gholdengo|Protect
|move|p1a: Torkoal|Protect|p1a: Torkoal
|-singleturn|p1a: Torkoal|Protect
|move|p2b: Talonflame|Flare Blitz|p1b: Gholdengo
|-activate|p1b: Gholdengo|move: Protect
|move|p2a: Basculegion|Wave Crash|p1a: Torkoal
|-activate|p1a: Torkoal|move: Protect
|
|-weather|SunnyDay|[upkeep]
|upkeep
|turn|9
|
|t:|1784328735
|move|p2b: Talonflame|Flare Blitz|p1b: Gholdengo
|-supereffective|p1b: Gholdengo|1
|-crit|p1b: Gholdengo
|-damage|p1b: Gholdengo|0 fnt
|faint|p1b: Gholdengo
|-damage|p2b: Talonflame|47/100|[from] Recoil
|move|p2a: Basculegion|Wave Crash|p1a: Torkoal
|-supereffective|p1a: Torkoal|1
|-damage|p1a: Torkoal|0 fnt
|faint|p1a: Torkoal
|-damage|p2a: Basculegion|87/100|[from] Recoil
|
|win|alkittxn
|raw|Juaner95's rating: 1093 → 1069(-24 for losing)
|raw|alkittxn's rating: 1089 → 1116(+27 for winning)
