|j|☆DanTheTrainer25
|j|☆mooimmo
|html|DanTheTrainer25mooimmo    
|uhtml|bestof|Game 1 of a best-of-3
|t:|1784252177
|gametype|doubles
|player|p1|DanTheTrainer25|266|
|player|p2|mooimmo|170|
|gen|9
|tier|[Gen 9 Champions] VGC 2026 Reg M-B (Bo3)
|rule|Species Clause: Limit one of each Pokémon
|rule|Item Clause: Limit 1 of each item
|clearpoke
|poke|p1|Garchomp, L50, M|
|poke|p1|Froslass, L50, F|
|poke|p1|Rotom-Frost, L50|
|poke|p1|Aerodactyl, L50, M|
|poke|p1|Milotic, L50, M|
|poke|p1|Dragapult, L50, M|
|poke|p2|Politoed, L50, F|
|poke|p2|Meowstic, L50, M|
|poke|p2|Ditto, L50|
|poke|p2|Gengar, L50, M|
|poke|p2|Pidgeot, L50, M|
|poke|p2|Incineroar, L50, M|
|teampreview|4
|showteam|p1|Garchomp||LifeOrb|RoughSkin|Earthquake,RockSlide,DragonClaw,Protect|Adamant||M|||50|]Froslass||Froslassite|SnowCloak|AuroraVeil,Blizzard,ShadowBall,Protect|Modest||F|||50|]Rotom-Frost||WiseGlasses|Levitate|Electroweb,ShadowBall,VoltSwitch,Blizzard|Timid|||||50|]Aerodactyl||FocusSash|Unnerve|RockSlide,PsychicFangs,Tailwind,DualWingbeat|Jolly||M|||50|]Milotic||Leftovers|Competitive|Recover,Coil,MuddyWater,FlipTurn|Bold||M|||50|]Dragapult||ExpertBelt|ClearBody|SuckerPunch,PsychicFangs,PhantomForce,Uturn|Jolly||M|||50|
|showteam|p2|Politoed||Leftovers|Drizzle|ChillingWater,IcyWind,Protect,HelpingHand|Calm||F|||50|]Meowstic||FocusSash|Prankster|SunnyDay,ThunderWave,HelpingHand,ShadowBall|Serious||M|||50|]Ditto||ChoiceScarf|Imposter|Transform|Naive|||||50|]Gengar||Gengarite|CursedBody|Protect,ShadowBall,Thunder,IcyWind|Timid||M|||50|]Pidgeot||Pidgeotite|BigPecks|Protect,Tailwind,HeatWave,Hurricane|Timid||M|||50|]Incineroar||ShucaBerry|Intimidate|DarkestLariat,FakeOut,PartingShot,WillOWisp|Careful||M|||50|
|c|☆mooimmo|glhf
|
|t:|1784252218
|teamsize|p1|4
|teamsize|p2|4
|start
|switch|p1a: Aerodactyl|Aerodactyl, L50, M|100/100
|switch|p1b: Garchomp|Garchomp, L50, M|100/100
|switch|p2a: Meowstic|Meowstic, L50, M|100/100
|switch|p2b: Ditto|Ditto, L50|100/100
|-ability|p1a: Aerodactyl|Unnerve
|-transform|p2b: Ditto|p1a: Aerodactyl|[from] ability: Imposter
|-ability|p2b: Ditto|Unnerve
|turn|1
|
|t:|1784252253
|move|p2a: Meowstic|Helping Hand|p2b: Ditto
|-singleturn|p2b: Ditto|Helping Hand|[of] p2a: Meowstic
|move|p2b: Ditto|Rock Slide|p1a: Aerodactyl|[spread] p1b
|-miss|p2b: Ditto|p1a: Aerodactyl
|-resisted|p1b: Garchomp|1
|-damage|p1b: Garchomp|82/100
|move|p1a: Aerodactyl|Tailwind|p1a: Aerodactyl
|-sidestart|p1: DanTheTrainer25|move: Tailwind
|cant|p1b: Garchomp|flinch
|
|upkeep
|turn|2
|c|☆mooimmo|1 down, more to go
|
|t:|1784252272
|move|p2a: Meowstic|Helping Hand|p2b: Ditto
|-singleturn|p2b: Ditto|Helping Hand|[of] p2a: Meowstic
|move|p1a: Aerodactyl|Rock Slide|p2a: Meowstic|[spread] p2a,p2b
|-supereffective|p2b: Ditto|1
|-damage|p2a: Meowstic|70/100
|-damage|p2b: Ditto|30/100
|move|p1b: Garchomp|Rock Slide|p2b: Ditto|[spread] p2a,p2b
|-supereffective|p2b: Ditto|1
|-damage|p2a: Meowstic|37/100
|-damage|p2b: Ditto|0 fnt
|faint|p2b: Ditto
|-damage|p1b: Garchomp|72/100|[from] item: Life Orb
|
|upkeep
|
|t:|1784252284
|switch|p2b: Incineroar|Incineroar, L50, M|100/100
|-ability|p2b: Incineroar|Intimidate|boost
|-unboost|p1a: Aerodactyl|atk|1
|-unboost|p1b: Garchomp|atk|1
|turn|3
|
|t:|1784252302
|move|p2b: Incineroar|Fake Out|p1b: Garchomp
|-damage|p1b: Garchomp|61/100
|-damage|p2b: Incineroar|87/100|[from] ability: Rough Skin|[of] p1b: Garchomp
|move|p2a: Meowstic|Thunder Wave|p1a: Aerodactyl
|-status|p1a: Aerodactyl|par
|cant|p1b: Garchomp|flinch
|move|p1a: Aerodactyl|Rock Slide|p2b: Incineroar|[spread] p2a,p2b
|-supereffective|p2b: Incineroar|1
|-damage|p2a: Meowstic|17/100
|-damage|p2b: Incineroar|54/100
|
|upkeep
|turn|4
|
|t:|1784252332
|move|p1b: Garchomp|Rock Slide|p2b: Incineroar|[spread] p2a,p2b
|-supereffective|p2b: Incineroar|1
|-damage|p2a: Meowstic|0 fnt
|-damage|p2b: Incineroar|15/100
|faint|p2a: Meowstic
|-damage|p1b: Garchomp|51/100|[from] item: Life Orb
|move|p1a: Aerodactyl|Rock Slide|p2b: Incineroar
|-supereffective|p2b: Incineroar|1
|-damage|p2b: Incineroar|0 fnt
|faint|p2b: Incineroar
|
|-sideend|p1: DanTheTrainer25|move: Tailwind
|upkeep
|
|t:|1784252343
|switch|p2a: Gengar|Gengar, L50, M|100/100
|turn|5
|
|t:|1784252354
|detailschange|p2a: Gengar|Gengar-Mega, L50, M
|-mega|p2a: Gengar|Gengar|Gengarite
|move|p2a: Gengar|Icy Wind|p1a: Aerodactyl|[spread] p1a
|-miss|p2a: Gengar|p1b: Garchomp
|-supereffective|p1a: Aerodactyl|1
|-damage|p1a: Aerodactyl|49/100 par
|-unboost|p1a: Aerodactyl|spe|1
|move|p1b: Garchomp|Earthquake|p2a: Gengar|[spread] p2a
|-immune|p1a: Aerodactyl
|-supereffective|p2a: Gengar|1
|-damage|p2a: Gengar|0 fnt
|faint|p2a: Gengar
|-damage|p1b: Garchomp|41/100|[from] item: Life Orb
|
|win|DanTheTrainer25
|inactive|DanTheTrainer25 has 30 seconds to confirm battle start!
|inactive|mooimmo has 30 seconds to confirm battle start!
|inactive|DanTheTrainer25 has 20 seconds to confirm battle start!
|inactive|mooimmo has 20 seconds to confirm battle start!
|l|☆mooimmo
|player|p2|
|inactive|DanTheTrainer25 has 10 seconds to confirm battle start!
|inactive|mooimmo has 10 seconds to confirm battle start!
||mooimmo is ready for game 2.
|uhtml|next|Next: Game 2 of 3
