|j|☆nutbuster151
|j|☆hide on whimsicott
|html|nutbuster151hide on whimsicott    
|uhtml|bestof|Game 2 of a best-of-3
|t:|1785679904
|gametype|doubles
|player|p1|nutbuster151|acetrainer|1270
|player|p2|hide on whimsicott|artist-gen4|1217
|gen|9
|tier|[Gen 9 Champions] VGC 2026 Reg M-B (Bo3)
|rated|
|rule|Species Clause: Limit one of each Pokémon
|rule|Item Clause: Limit 1 of each item
|clearpoke
|poke|p1|Staraptor, L50, M|
|poke|p1|Garchomp, L50, M|
|poke|p1|Whimsicott, L50, M|
|poke|p1|Delphox, L50, M|
|poke|p1|Glimmora, L50, M|
|poke|p1|Kingambit, L50, M|
|poke|p2|Blastoise, L50, F|
|poke|p2|Sinistcha, L50|
|poke|p2|Delphox, L50, M|
|poke|p2|Sneasler, L50, M|
|poke|p2|Incineroar, L50, F|
|poke|p2|Kingambit, L50, M|
|teampreview|4
|showteam|p1|Staraptor||Staraptite|Intimidate|Protect,Roost,CloseCombat,BraveBird|Jolly||M|||50|]Garchomp||LifeOrb|RoughSkin|Protect,RockSlide,Earthquake,DragonClaw|Jolly||M|||50|]Whimsicott||OccaBerry|Prankster|Moonblast,Tailwind,Charm,LightScreen|Timid||M|||50|]Delphox||Delphoxite|Magician|Protect,Psychic,HeatWave,Substitute|Timid||M|||50|]Glimmora||FocusSash|ToxicDebris|SpikyShield,SludgeBomb,EarthPower,PowerGem|Timid||M|||50|]Kingambit||ChopleBerry|Defiant|SuckerPunch,LowKick,IronHead,KowtowCleave|Adamant||M|||50|
|showteam|p2|Blastoise||Blastoisinite|RainDish|WaterSpout,DarkPulse,ShellSmash,Protect|Modest||F|||50|]Sinistcha||KasibBerry|Hospitality|MatchaGotcha,LifeDew,RagePowder,Protect|Relaxed|||||50|]Delphox||Delphoxite|Blaze|HeatWave,Psychic,NastyPlot,Protect|Timid||M|||50|]Sneasler||FocusSash|Unburden|CloseCombat,DireClaw,FakeOut,Protect|Jolly||M|||50|]Incineroar||SitrusBerry|Intimidate|FlareBlitz,FakeOut,HelpingHand,PartingShot|Impish||F|||50|]Kingambit||LifeOrb|Defiant|KowtowCleave,SuckerPunch,SwordsDance,Protect|Adamant||M|||50|
|inactive|Battle timer is ON: inactive players will automatically lose when time's up. (requested by hide on whimsicott)
|inactive|nutbuster151 has 60 seconds left.
|inactive|nutbuster151 has 30 seconds left.
|
|t:|1785679965
|teamsize|p1|4
|teamsize|p2|4
|start
|switch|p1a: Delphox|Delphox, L50, M|100/100
|switch|p1b: Garchomp|Garchomp, L50, M|100/100
|switch|p2a: Delphox|Delphox, L50, M|100/100
|switch|p2b: Incineroar|Incineroar, L50, F|100/100
|-ability|p2b: Incineroar|Intimidate|boost
|-unboost|p1a: Delphox|atk|1
|-unboost|p1b: Garchomp|atk|1
|turn|1
|
|t:|1785679988
|switch|p1b: Whimsicott|Whimsicott, L50, M|100/100
|detailschange|p2a: Delphox|Delphox-Mega, L50, M
|-mega|p2a: Delphox|Delphox|Delphoxite
|detailschange|p1a: Delphox|Delphox-Mega, L50, M
|-mega|p1a: Delphox|Delphox|Delphoxite
|move|p2b: Incineroar|Fake Out|p1a: Delphox
|-damage|p1a: Delphox|87/100
|move|p2a: Delphox|Nasty Plot|p2a: Delphox
|-boost|p2a: Delphox|spa|2
|cant|p1a: Delphox|flinch
|
|upkeep
|turn|2
|inactive|nutbuster151 has 30 seconds left.
|inactive|hide on whimsicott has 30 seconds left.
|inactive|nutbuster151 has 20 seconds left.
|inactive|nutbuster151 has 15 seconds left.
|inactive|nutbuster151 has 10 seconds left.
|
|t:|1785680035
|move|p1b: Whimsicott|Light Screen|p1b: Whimsicott
|-sidestart|p1: nutbuster151|move: Light Screen
|move|p2a: Delphox|Heat Wave|p1b: Whimsicott|[spread] p1a
|-miss|p2a: Delphox|p1b: Whimsicott
|-resisted|p1a: Delphox|1
|-damage|p1a: Delphox|65/100
|move|p1a: Delphox|Substitute|p1a: Delphox
|-start|p1a: Delphox|Substitute
|-damage|p1a: Delphox|41/100
|move|p2b: Incineroar|Parting Shot|p1a: Delphox
|-unboost|p1a: Delphox|atk|1
|-unboost|p1a: Delphox|spa|1
|
|t:|1785680054
|switch|p2b: Sneasler|Sneasler, L50, M|100/100|[from] Parting Shot
|
|upkeep
|turn|3
|
|t:|1785680070
|switch|p1b: Garchomp|Garchomp, L50, M|100/100
|move|p2b: Sneasler|Protect|p2b: Sneasler
|-singleturn|p2b: Sneasler|Protect
|move|p2a: Delphox|Heat Wave|p1a: Delphox|[spread] p1a,p1b
|-resisted|p1a: Delphox|1
|-activate|p1a: Delphox|move: Substitute|[damage]
|-resisted|p1b: Garchomp|1
|-damage|p1b: Garchomp|72/100
|move|p1a: Delphox|Psychic|p2b: Sneasler
|-activate|p2b: Sneasler|move: Protect
|
|upkeep
|turn|4
|inactive|nutbuster151 has 30 seconds left.
|inactive|hide on whimsicott has 30 seconds left.
|inactive|nutbuster151 has 20 seconds left.
|inactive|nutbuster151 has 15 seconds left.
|
|t:|1785680114
|switch|p2b: Incineroar|Incineroar, L50, F|100/100
|-ability|p2b: Incineroar|Intimidate|boost
|-immune|p1a: Delphox
|-unboost|p1b: Garchomp|atk|1
|move|p2a: Delphox|Heat Wave|p1a: Delphox|[spread] p1a,p1b
|-resisted|p1a: Delphox|1
|-end|p1a: Delphox|Substitute
|-resisted|p1b: Garchomp|1
|-damage|p1b: Garchomp|43/100
|move|p1a: Delphox|Heat Wave|p2a: Delphox|[spread] p2a,p2b
|-resisted|p2a: Delphox|1
|-resisted|p2b: Incineroar|1
|-damage|p2a: Delphox|88/100
|-damage|p2b: Incineroar|88/100
|move|p1b: Garchomp|Rock Slide|p2b: Incineroar|[spread] p2a,p2b
|-supereffective|p2a: Delphox|1
|-supereffective|p2b: Incineroar|1
|-damage|p2a: Delphox|49/100
|-damage|p2b: Incineroar|62/100
|-damage|p1b: Garchomp|33/100|[from] item: Life Orb
|
|upkeep
|turn|5
|inactive|nutbuster151 has 30 seconds left.
|inactive|hide on whimsicott has 30 seconds left.
|
|t:|1785680145
|switch|p1b: Whimsicott|Whimsicott, L50, M|100/100
|switch|p2b: Sinistcha|Sinistcha, L50|100/100
|-heal|p2a: Delphox|73/100|[from] ability: Hospitality|[of] p2b: Sinistcha
|move|p1a: Delphox|Protect|p1a: Delphox
|-singleturn|p1a: Delphox|Protect
|move|p2a: Delphox|Psychic|p1b: Whimsicott
|-damage|p1b: Whimsicott|7/100
|
|upkeep
|turn|6
|inactive|nutbuster151 has 30 seconds left.
|
|t:|1785680171
|switch|p1a: Glimmora|Glimmora, L50, M|100/100
|move|p1b: Whimsicott|Tailwind|p1b: Whimsicott
|-sidestart|p1: nutbuster151|move: Tailwind
|move|p2a: Delphox|Psychic|p1a: Glimmora
|-supereffective|p1a: Glimmora|1
|-enditem|p1a: Glimmora|Focus Sash
|-damage|p1a: Glimmora|1/100
|move|p2b: Sinistcha|Life Dew||[still]|[spread] p2a,p2b
|-heal|p2a: Delphox|98/100
|-fail|p2b: Sinistcha|heal
|
|-sideend|p1: nutbuster151|move: Light Screen
|upkeep
|turn|7
|inactive|nutbuster151 has 30 seconds left.
|inactive|nutbuster151 has 20 seconds left.
|
|t:|1785680208
|move|p2b: Sinistcha|Rage Powder|p2b: Sinistcha
|-singleturn|p2b: Sinistcha|move: Rage Powder
|move|p1b: Whimsicott|Moonblast|p2b: Sinistcha
|-damage|p2b: Sinistcha|71/100
|move|p1a: Glimmora|Power Gem|p2b: Sinistcha
|-damage|p2b: Sinistcha|34/100
|move|p2a: Delphox|Heat Wave|p1b: Whimsicott|[spread] p1a
|-miss|p2a: Delphox|p1b: Whimsicott
|-resisted|p1a: Glimmora|1
|-damage|p1a: Glimmora|0 fnt
|faint|p1a: Glimmora
|
|upkeep
|
|t:|1785680223
|switch|p1a: Garchomp|Garchomp, L50, M|33/100
|turn|8
|
|t:|1785680236
|switch|p2b: Incineroar|Incineroar, L50, F|62/100
|-ability|p2b: Incineroar|Intimidate|boost
|-unboost|p1a: Garchomp|atk|1
|-unboost|p1b: Whimsicott|atk|1
|move|p1b: Whimsicott|Moonblast|p2b: Incineroar
|-damage|p2b: Incineroar|38/100
|-enditem|p2b: Incineroar|Sitrus Berry|[eat]
|-heal|p2b: Incineroar|62/100|[from] item: Sitrus Berry
|move|p1a: Garchomp|Rock Slide|p2b: Incineroar|[spread] p2a,p2b
|-supereffective|p2a: Delphox|1
|-supereffective|p2b: Incineroar|1
|-damage|p2a: Delphox|62/100
|-damage|p2b: Incineroar|39/100
|-damage|p1a: Garchomp|23/100|[from] item: Life Orb
|move|p2a: Delphox|Psychic|p1a: Garchomp
|-damage|p1a: Garchomp|0 fnt
|faint|p1a: Garchomp
|
|upkeep
|
|t:|1785680255
|switch|p1a: Delphox|Delphox-Mega, L50, M|41/100
|turn|9
|
|t:|1785680269
|move|p1a: Delphox|Protect|p1a: Delphox
|-singleturn|p1a: Delphox|Protect
|move|p2b: Incineroar|Fake Out|p1b: Whimsicott
|-damage|p1b: Whimsicott|0 fnt
|faint|p1b: Whimsicott
|move|p2a: Delphox|Psychic|p1a: Delphox
|-activate|p1a: Delphox|move: Protect
|
|-sideend|p1: nutbuster151|move: Tailwind
|upkeep
|turn|10
|
|t:|1785680282
|move|p2a: Delphox|Psychic|p1a: Delphox
|-resisted|p1a: Delphox|1
|-damage|p1a: Delphox|2/100
|move|p1a: Delphox|Psychic|p2b: Incineroar
|-immune|p2b: Incineroar
|move|p2b: Incineroar|Flare Blitz|p1a: Delphox
|-resisted|p1a: Delphox|1
|-damage|p1a: Delphox|0 fnt
|faint|p1a: Delphox
|-damage|p2b: Incineroar|39/100|[from] Recoil
|
|win|hide on whimsicott
|raw|nutbuster151's rating: 1270 → 1241(-29 for losing)
|raw|hide on whimsicott's rating: 1217 → 1246(+29 for winning)
|l|☆hide on whimsicott
|player|p2|
