|j|☆atlasatc
|j|☆Advertisementish
|html|atlasatcAdvertisementish    
|uhtml|bestof|Game 2 of a best-of-3
|t:|1782714058
|gametype|doubles
|player|p1|atlasatc|101|1062
|player|p2|Advertisementish|ghetsis|1182
|gen|9
|tier|[Gen 9 Champions] VGC 2026 Reg M-B (Bo3)
|rated|
|rule|Species Clause: Limit one of each Pokémon
|rule|Item Clause: Limit 1 of each item
|clearpoke
|poke|p1|Scolipede, L50, M|
|poke|p1|Pelipper, L50, F|
|poke|p1|Archaludon, L50, F|
|poke|p1|Farigiraf, L50, F|
|poke|p1|Grimmsnarl, L50, M|
|poke|p1|Incineroar, L50, M|
|poke|p2|Gholdengo, L50|
|poke|p2|Venusaur, L50, M|
|poke|p2|Sableye, L50, M|
|poke|p2|Garchomp, L50, M|
|poke|p2|Hydreigon, L50, F|
|poke|p2|Sneasler, L50, F|
|teampreview|4
|showteam|p1|Scolipede||Scolipite|SpeedBoost|PoisonJab,RockSlide,Earthquake,Protect|Jolly||M|||50|]Pelipper||FocusSash|Drizzle|Hurricane,WeatherBall,Tailwind,WideGuard|Timid||F|||50|]Archaludon||Leftovers|Stamina|ElectroShot,FlashCannon,DragonPulse,Protect|Modest||F|||50|]Farigiraf||MentalHerb|ArmorTail|TwinBeam,Thunderbolt,HelpingHand,TrickRoom|Quiet||F|||50|]Grimmsnarl||LightClay|Prankster|Reflect,LightScreen,PartingShot,Taunt|Careful||M|||50|]Incineroar||SitrusBerry|Intimidate|FakeOut,FlareBlitz,DarkestLariat,PartingShot|Adamant||M|||50|
|showteam|p2|Gholdengo||Leftovers|GoodasGold|MakeItRain,ShadowBall,NastyPlot,Protect|Modest|||||50|]Venusaur||Venusaurite|Chlorophyll|GigaDrain,SludgeBomb,EarthPower,Protect|Modest||M|||50|]Sableye||LightClay|Prankster|FakeOut,WillOWisp,LightScreen,Reflect|Calm||M|||50|]Garchomp||RoseliBerry|RoughSkin|Earthquake,PoisonJab,DragonClaw,RockSlide|Adamant||M|||50|]Hydreigon||FocusSash|Levitate|DarkPulse,DracoMeteor,Protect,Tailwind|Modest||F|||50|]Sneasler||WhiteHerb|Unburden|CloseCombat,DireClaw,FakeOut,Protect|Adamant||F|||50|
|inactive|Battle timer is ON: inactive players will automatically lose when time's up. (requested by Advertisementish)
|inactive|atlasatc has 60 seconds left.
|inactive|atlasatc has 30 seconds left.
|inactive|atlasatc has 20 seconds left.
|
|t:|1782714130
|teamsize|p1|4
|teamsize|p2|4
|start
|switch|p1a: Archaludon|Archaludon, L50, F|100/100
|switch|p1b: Grimmsnarl|Grimmsnarl, L50, M|100/100
|switch|p2a: Sableye|Sableye, L50, M|100/100
|switch|p2b: Sneasler|Sneasler, L50, F|100/100
|turn|1
|inactive|atlasatc has 30 seconds left.
|
|t:|1782714157
|move|p1b: Grimmsnarl|Reflect|p1b: Grimmsnarl
|-sidestart|p1: atlasatc|Reflect
|move|p2a: Sableye|Light Screen|p2a: Sableye
|-sidestart|p2: Advertisementish|move: Light Screen
|move|p2b: Sneasler|Close Combat|p1a: Archaludon
|-supereffective|p1a: Archaludon|1
|-damage|p1a: Archaludon|46/100
|-unboost|p2b: Sneasler|def|1
|-unboost|p2b: Sneasler|spd|1
|-ability|p1a: Archaludon|Stamina|boost
|-boost|p1a: Archaludon|def|1
|-enditem|p2b: Sneasler|White Herb
|-clearnegativeboost|p2b: Sneasler|[silent]
|move|p1a: Archaludon|Flash Cannon|p2b: Sneasler
|-damage|p2b: Sneasler|60/100
|
|-heal|p1a: Archaludon|52/100|[from] item: Leftovers
|upkeep
|turn|2
|inactive|atlasatc has 30 seconds left.
|inactive|atlasatc has 20 seconds left.
|
|t:|1782714192
|move|p1b: Grimmsnarl|Parting Shot|p2b: Sneasler
|-unboost|p2b: Sneasler|atk|1
|-unboost|p2b: Sneasler|spa|1
|
|t:|1782714196
|switch|p1b: Pelipper|Pelipper, L50, F|100/100|[from] Parting Shot
|-weather|RainDance|[from] ability: Drizzle|[of] p1b: Pelipper
|move|p2a: Sableye|Will-O-Wisp|p1a: Archaludon
|-status|p1a: Archaludon|brn
|move|p2b: Sneasler|Dire Claw|p1b: Pelipper
|-damage|p1b: Pelipper|78/100
|-status|p1b: Pelipper|slp
|move|p1a: Archaludon|Electro Shot||[still]
|-prepare|p1a: Archaludon|Electro Shot
|-boost|p1a: Archaludon|spa|1
|-anim|p1a: Archaludon|Electro Shot|p2b: Sneasler
|-damage|p2b: Sneasler|3/100
|
|-weather|RainDance|[upkeep]
|-heal|p1a: Archaludon|58/100 brn|[from] item: Leftovers
|-damage|p1a: Archaludon|52/100 brn|[from] brn
|upkeep
|turn|3
|inactive|atlasatc has 30 seconds left.
|inactive|Advertisementish has 30 seconds left.
|inactive|atlasatc has 20 seconds left.
|
|t:|1782714232
|move|p2a: Sableye|Reflect|p2a: Sableye
|-sidestart|p2: Advertisementish|Reflect
|move|p2b: Sneasler|Close Combat|p1a: Archaludon
|-supereffective|p1a: Archaludon|1
|-damage|p1a: Archaludon|26/100 brn
|-unboost|p2b: Sneasler|def|1
|-unboost|p2b: Sneasler|spd|1
|-ability|p1a: Archaludon|Stamina|boost
|-boost|p1a: Archaludon|def|1
|cant|p1b: Pelipper|slp
|move|p1a: Archaludon|Electro Shot||[still]
|-prepare|p1a: Archaludon|Electro Shot
|-boost|p1a: Archaludon|spa|1
|-anim|p1a: Archaludon|Electro Shot|p2b: Sneasler
|-crit|p2b: Sneasler
|-damage|p2b: Sneasler|0 fnt
|faint|p2b: Sneasler
|
|-weather|RainDance|[upkeep]
|-heal|p1a: Archaludon|32/100 brn|[from] item: Leftovers
|-damage|p1a: Archaludon|26/100 brn|[from] brn
|upkeep
|
|t:|1782714239
|switch|p2b: Hydreigon|Hydreigon, L50, F|100/100
|turn|4
|
|t:|1782714255
|switch|p2a: Gholdengo|Gholdengo, L50|100/100
|move|p2b: Hydreigon|Tailwind|p2b: Hydreigon
|-sidestart|p2: Advertisementish|move: Tailwind
|cant|p1b: Pelipper|slp
|move|p1a: Archaludon|Dragon Pulse|p2b: Hydreigon
|-supereffective|p2b: Hydreigon|1
|-enditem|p2b: Hydreigon|Focus Sash
|-damage|p2b: Hydreigon|1/100
|
|-weather|RainDance|[upkeep]
|-heal|p1a: Archaludon|32/100 brn|[from] item: Leftovers
|-damage|p1a: Archaludon|26/100 brn|[from] brn
|upkeep
|turn|5
|inactive|atlasatc has 30 seconds left.
|
|t:|1782714289
|move|p1a: Archaludon|Protect|p1a: Archaludon
|-singleturn|p1a: Archaludon|Protect
|move|p2b: Hydreigon|Draco Meteor|p1b: Pelipper
|-damage|p1b: Pelipper|0 fnt
|-unboost|p2b: Hydreigon|spa|2
|faint|p1b: Pelipper
|move|p2a: Gholdengo|Shadow Ball|p1a: Archaludon
|-activate|p1a: Archaludon|move: Protect
|
|-weather|RainDance|[upkeep]
|-heal|p1a: Archaludon|32/100 brn|[from] item: Leftovers
|-damage|p1a: Archaludon|26/100 brn|[from] brn
|upkeep
|
|t:|1782714301
|switch|p1b: Farigiraf|Farigiraf, L50, F|100/100
|turn|6
|
|t:|1782714308
|switch|p2b: Sableye|Sableye, L50, M|100/100
|move|p2a: Gholdengo|Shadow Ball|p1a: Archaludon
|-damage|p1a: Archaludon|0 fnt
|faint|p1a: Archaludon
|move|p1b: Farigiraf|Trick Room|p1b: Farigiraf
|-fieldstart|move: Trick Room|[of] p1b: Farigiraf
|
|-weather|none
|upkeep
|
|t:|1782714316
|switch|p1a: Grimmsnarl|Grimmsnarl, L50, M|100/100
|turn|7
|
|t:|1782714327
|switch|p2b: Hydreigon|Hydreigon, L50, F|1/100
|move|p1a: Grimmsnarl|Light Screen|p1a: Grimmsnarl
|-sidestart|p1: atlasatc|move: Light Screen
|move|p1b: Farigiraf|Thunderbolt|p2a: Gholdengo
|-damage|p2a: Gholdengo|79/100
|move|p2a: Gholdengo|Nasty Plot|p2a: Gholdengo
|-boost|p2a: Gholdengo|spa|2
|
|-heal|p2a: Gholdengo|85/100|[from] item: Leftovers
|-sideend|p2: Advertisementish|move: Tailwind
|upkeep
|turn|8
|c|☆atlasatc|die
|c|☆atlasatc|just fking die
|c|☆atlasatc|biahh ahh fking
|inactive|atlasatc has 30 seconds left.
|n|!atlasatc|atlasatc
|-message|atlasatc forfeited.
|
|win|Advertisementish
