|j|☆frozenflamem4
|j|☆xdi8723
|html|frozenflamem4xdi8723    
|uhtml|bestof|Game 1 of a best-of-3
|t:|1757103871
|gametype|doubles
|player|p1|frozenflamem4|266|1120
|player|p2|xdi8723|1|1037
|gen|9
|tier|[Gen 9] VGC 2025 Reg H (Bo3)
|rated|
|rule|Species Clause: Limit one of each Pokémon
|rule|Item Clause: Limit 1 of each item
|clearpoke
|poke|p1|Electabuzz, L50, M|
|poke|p1|Volcarona, L50, M|
|poke|p1|Sneasler, L50, M|
|poke|p1|Kingambit, L50, M|
|poke|p1|Dragonite, L50, M|
|poke|p1|Rillaboom, L50, M|
|poke|p2|Gholdengo, L50|
|poke|p2|Amoonguss, L50, F|
|poke|p2|Incineroar, L50, M|
|poke|p2|Kommo-o, L50, F|
|poke|p2|Ninetales-Alola, L50, F|
|poke|p2|Dragonite, L50, M|
|teampreview|4
|showteam|p1|Electabuzz||Eviolite|VitalSpirit|FollowMe,Taunt,Thunderbolt,Protect|||M|||50|,,,,,Water]Volcarona||Leftovers|FlameBody|HeatWave,QuiverDance,TeraBlast,Protect|||M|||50|,,,,,Fairy]Sneasler||FocusSash|Unburden|Coaching,FakeOut,DireClaw,CloseCombat|||M|||50|,,,,,Stellar]Kingambit||BlackGlasses|Defiant|KowtowCleave,SuckerPunch,Protect,SwordsDance|||M|||50|,,,,,Dark]Dragonite||LoadedDice|Multiscale|ScaleShot,ExtremeSpeed,Tailwind,Protect|||M|||50|,,,,,Steel]Rillaboom||AssaultVest|GrassySurge|FakeOut,GrassyGlide,WoodHammer,HighHorsepower|||M|||50|,,,,,Water
|showteam|p2|Gholdengo||ChoiceSpecs|GoodasGold|MakeItRain,ShadowBall,Trick,FocusBlast||||||50|,,,,,Steel]Amoonguss||RockyHelmet|Regenerator|Protect,RagePowder,Spore,PollenPuff|||F|||50|,,,,,Fairy]Incineroar||SafetyGoggles|Intimidate|FakeOut,FlareBlitz,KnockOff,PartingShot|||M|||50|,,,,,Ghost]Kommo-o||ThroatSpray|Soundproof|Protect,ClangingScales,Flamethrower,ClangorousSoul|||F|||50|,,,,,Fire]Ninetales-Alola||FocusSash|SnowWarning|Protect,Blizzard,FreezeDry,Encore|||F|||50|,,,,,Ice]Dragonite||AssaultVest|Multiscale|ExtremeSpeed,TeraBlast,IceSpinner,StompingTantrum|||M|||50|,,,,,Flying
|inactive|Battle timer is ON: inactive players will automatically lose when time's up. (requested by frozenflamem4)
|inactive|frozenflamem4 has 60 seconds left.
|inactive|xdi8723 has 60 seconds left.
|inactive|frozenflamem4 has 30 seconds left.
|inactive|xdi8723 has 30 seconds left.
|inactive|frozenflamem4 has 20 seconds left.
|inactive|xdi8723 has 20 seconds left.
|inactive|xdi8723 has 15 seconds left.
|
|t:|1757103953
|teamsize|p1|4
|teamsize|p2|4
|start
|switch|p1a: Volcarona|Volcarona, L50, M|100/100
|switch|p1b: Electabuzz|Electabuzz, L50, M|100/100
|switch|p2a: Incineroar|Incineroar, L50, M|100/100
|switch|p2b: Kommo-o|Kommo-o, L50, F|100/100
|-ability|p2a: Incineroar|Intimidate|boost
|-unboost|p1a: Volcarona|atk|1
|-unboost|p1b: Electabuzz|atk|1
|turn|1
|inactive|xdi8723 has 30 seconds left.
|
|t:|1757103983
|move|p2a: Incineroar|Fake Out|p1a: Volcarona
|-damage|p1a: Volcarona|88/100
|move|p2b: Kommo-o|Clangorous Soul|p2b: Kommo-o
|-boost|p2b: Kommo-o|atk|1
|-boost|p2b: Kommo-o|def|1
|-boost|p2b: Kommo-o|spa|1
|-boost|p2b: Kommo-o|spd|1
|-boost|p2b: Kommo-o|spe|1
|-damage|p2b: Kommo-o|68/100
|-enditem|p2b: Kommo-o|Throat Spray
|-boost|p2b: Kommo-o|spa|1|[from] item: Throat Spray
|cant|p1a: Volcarona|flinch
|move|p1b: Electabuzz|Taunt|p2b: Kommo-o
|-start|p2b: Kommo-o|move: Taunt
|
|-heal|p1a: Volcarona|94/100|[from] item: Leftovers
|upkeep
|turn|2
|inactive|frozenflamem4 has 30 seconds left.
|inactive|xdi8723 has 30 seconds left.
|inactive|frozenflamem4 has 20 seconds left.
|
|t:|1757104023
|-terastallize|p1a: Volcarona|Fairy
|move|p1b: Electabuzz|Protect|p1b: Electabuzz
|-singleturn|p1b: Electabuzz|Protect
|move|p2b: Kommo-o|Clanging Scales|p1a: Volcarona|[spread] 
|-activate|p1b: Electabuzz|move: Protect
|-immune|p1a: Volcarona
|move|p1a: Volcarona|Quiver Dance|p1a: Volcarona
|-boost|p1a: Volcarona|spa|1
|-boost|p1a: Volcarona|spd|1
|-boost|p1a: Volcarona|spe|1
|move|p2a: Incineroar|Parting Shot|p1b: Electabuzz
|-activate|p1b: Electabuzz|move: Protect
|
|-heal|p1a: Volcarona|100/100|[from] item: Leftovers
|upkeep
|turn|3
|inactive|xdi8723 has 30 seconds left.
|inactive|xdi8723 has 20 seconds left.
|inactive|xdi8723 has 15 seconds left.
|
|t:|1757104072
|switch|p2b: Manolo|Amoonguss, L50, F|100/100
|move|p1a: Volcarona|Tera Blast|p2b: Manolo|[anim] Tera Blast Fairy
|-resisted|p2b: Manolo
|-damage|p2b: Manolo|72/100
|move|p1b: Electabuzz|Taunt|p2a: Incineroar
|-start|p2a: Incineroar|move: Taunt
|cant|p2a: Incineroar|move: Taunt|Parting Shot
|
|upkeep
|turn|4
|inactive|xdi8723 has 30 seconds left.
|inactive|xdi8723 has 20 seconds left.
|inactive|xdi8723 has 15 seconds left.
|inactive|xdi8723 has 10 seconds left.
|inactive|xdi8723 has 5 seconds left.
|
|t:|1757104122
|switch|p2a: Gholdengo|Gholdengo, L50|100/100
|move|p1b: Electabuzz|Follow Me|p1b: Electabuzz
|-singleturn|p1b: Electabuzz|move: Follow Me
|move|p1a: Volcarona|Heat Wave|p2b: Manolo|[spread] p2a
|-miss|p1a: Volcarona|p2b: Manolo
|-supereffective|p2a: Gholdengo
|-crit|p2a: Gholdengo
|-damage|p2a: Gholdengo|0 fnt
|faint|p2a: Gholdengo
|move|p2b: Manolo|Spore|p1b: Electabuzz
|-immune|p1b: Electabuzz|[from] ability: Vital Spirit
|
|upkeep
|
|t:|1757104143
|switch|p2a: Incineroar|Incineroar, L50, M|100/100
|-ability|p2a: Incineroar|Intimidate|boost
|-unboost|p1a: Volcarona|atk|1
|-unboost|p1b: Electabuzz|atk|1
|turn|5
|
|t:|1757104166
|move|p1a: Volcarona|Protect|p1a: Volcarona
|-singleturn|p1a: Volcarona|Protect
|move|p1b: Electabuzz|Protect|p1b: Electabuzz
|-singleturn|p1b: Electabuzz|Protect
|move|p2a: Incineroar|Fake Out|p1b: Electabuzz
|-activate|p1b: Electabuzz|move: Protect
|move|p2b: Manolo|Spore|p1a: Volcarona
|-activate|p1a: Volcarona|move: Protect
|
|upkeep
|turn|6
|inactive|xdi8723 has 30 seconds left.
|inactive|xdi8723 has 20 seconds left.
|inactive|xdi8723 has 15 seconds left.
|
|t:|1757104211
|move|p1b: Electabuzz|Follow Me|p1b: Electabuzz
|-singleturn|p1b: Electabuzz|move: Follow Me
|move|p1a: Volcarona|Tera Blast|p2a: Incineroar|[anim] Tera Blast Fairy
|-damage|p2a: Incineroar|46/100
|move|p2a: Incineroar|Flare Blitz|p1b: Electabuzz
|-damage|p1b: Electabuzz|66/100
|-damage|p2a: Incineroar|36/100|[from] Recoil
|move|p2b: Manolo|Spore|p1b: Electabuzz
|-immune|p1b: Electabuzz|[from] ability: Vital Spirit
|
|upkeep
|turn|7
|
|t:|1757104230
|switch|p2b: Kommo-o|Kommo-o, L50, F|68/100
|move|p1b: Electabuzz|Follow Me|p1b: Electabuzz
|-singleturn|p1b: Electabuzz|move: Follow Me
|move|p1a: Volcarona|Heat Wave|p2b: Kommo-o|[spread] p2a,p2b
|-resisted|p2a: Incineroar
|-resisted|p2b: Kommo-o
|-damage|p2a: Incineroar|12/100
|-damage|p2b: Kommo-o|37/100
|move|p2a: Incineroar|Parting Shot|p1b: Electabuzz
|-unboost|p1b: Electabuzz|atk|1
|-unboost|p1b: Electabuzz|spa|1
|
|t:|1757104241
|switch|p2a: Manolo|Amoonguss, L50, F|100/100|[from] Parting Shot
|
|upkeep
|turn|8
|inactive|xdi8723 has 30 seconds left.
|
|t:|1757104271
|move|p1a: Volcarona|Heat Wave|p2a: Manolo|[spread] p2a,p2b
|-supereffective|p2a: Manolo
|-resisted|p2b: Kommo-o
|-damage|p2a: Manolo|10/100
|-damage|p2b: Kommo-o|6/100
|-status|p2b: Kommo-o|brn
|move|p2b: Kommo-o|Flamethrower|p1a: Volcarona
|-damage|p1a: Volcarona|85/100
|move|p1b: Electabuzz|Taunt|p2a: Manolo
|-start|p2a: Manolo|move: Taunt
|move|p2a: Manolo|Pollen Puff|p2b: Kommo-o
|-heal|p2b: Kommo-o|56/100 brn
|
|-heal|p1a: Volcarona|91/100|[from] item: Leftovers
|-damage|p2b: Kommo-o|50/100 brn|[from] brn
|upkeep
|turn|9
|inactive|xdi8723 has 30 seconds left.
|
|t:|1757104298
|move|p1a: Volcarona|Tera Blast|p2b: Kommo-o|[anim] Tera Blast Fairy
|-supereffective|p2b: Kommo-o
|-damage|p2b: Kommo-o|0 fnt
|faint|p2b: Kommo-o
|move|p1b: Electabuzz|Thunderbolt|p2a: Manolo
|-resisted|p2a: Manolo
|-damage|p2a: Manolo|1/100
|move|p2a: Manolo|Pollen Puff|p1b: Electabuzz
|-damage|p1b: Electabuzz|52/100
|
|-heal|p1a: Volcarona|97/100|[from] item: Leftovers
|upkeep
|
|t:|1757104310
|switch|p2b: Incineroar|Incineroar, L50, M|12/100
|-ability|p2b: Incineroar|Intimidate|boost
|-unboost|p1a: Volcarona|atk|1
|-unboost|p1b: Electabuzz|atk|1
|turn|10
|
|t:|1757104323
|move|p1a: Volcarona|Heat Wave|p2a: Manolo|[spread] p2b
|-miss|p1a: Volcarona|p2a: Manolo
|-resisted|p2b: Incineroar
|-damage|p2b: Incineroar|0 fnt
|faint|p2b: Incineroar
|move|p1b: Electabuzz|Thunderbolt|p2a: Manolo
|-resisted|p2a: Manolo
|-damage|p2a: Manolo|0 fnt
|faint|p2a: Manolo
|
|win|frozenflamem4
||frozenflamem4 is ready for game 2.
||xdi8723 is ready for game 2.
|uhtml|next|Next: Game 2 of 3
