|j|☆Ruben1452
|j|☆Cristante terabug
|html|Ruben1452Cristante terabug    
|uhtml|bestof|Game 1 of a best-of-3
|t:|1756929923
|gametype|doubles
|player|p1|Ruben1452|hilbert-wonderlauncher|1178
|player|p2|Cristante terabug|kieran-champion|1265
|gen|9
|tier|[Gen 9] VGC 2025 Reg H (Bo3)
|rated|
|rule|Species Clause: Limit one of each Pokémon
|rule|Item Clause: Limit 1 of each item
|clearpoke
|poke|p1|Archaludon, L50, M|
|poke|p1|Gholdengo, L50|
|poke|p1|Pelipper, L50, M|
|poke|p1|Ursaluna, L50, F|
|poke|p1|Sinistcha, L50|
|poke|p1|Dragonite, L50, F|
|poke|p2|Incineroar, L50, F|
|poke|p2|Pelipper, L50, M|
|poke|p2|Archaludon, L50, M|
|poke|p2|Dragonite, L50, M|
|poke|p2|Sinistcha, L50|
|poke|p2|Ursaluna, L50, M|
|teampreview|4
|showteam|p1|Archaludon||AssaultVest|Stamina|FlashCannon,ElectroShot,BodyPress,Snarl|||M|||50|,,,,,Fighting]Gholdengo||ChoiceScarf|GoodasGold|MakeItRain,ShadowBall,ThunderWave,Trick||||||50|,,,,,Flying]Pelipper||SafetyGoggles|Drizzle|WeatherBall,Hurricane,Tailwind,Protect|||M|||50|,,,,,Steel]Ursaluna||FlameOrb|Guts|Facade,HeadlongRush,Earthquake,Protect|||F|||50|,,,,,Dragon]Sinistcha||SitrusBerry|Hospitality|MatchaGotcha,LifeDew,RagePowder,TrickRoom||||||50|,,,,,Fire]Dragonite||LoadedDice|Multiscale|ScaleShot,Tailwind,Haze,Protect|||F|||50|,,,,,Fairy
|showteam|p2|Incineroar||SafetyGoggles|Intimidate|FakeOut,PartingShot,KnockOff,Taunt|||F|||50|,,,,,Ghost]Pelipper||FocusSash|Drizzle|Hurricane,MuddyWater,Tailwind,Protect|||M|||50|,,,,,Ghost]Archaludon||AssaultVest|Stamina|ElectroShot,Snarl,FlashCannon,BodyPress|||M|||50|,,,,,Fighting]Dragonite||LoadedDice|Multiscale|ScaleShot,Tailwind,Haze,Protect|||M|||50|,,,,,Fairy]Sinistcha||SitrusBerry|Hospitality|MatchaGotcha,RagePowder,LifeDew,TrickRoom||||||50|,,,,,Dark]Ursaluna||FlameOrb|Guts|Earthquake,Facade,HeadlongRush,Protect|||M|||50|,,,,,Ghost
|inactive|Battle timer is ON: inactive players will automatically lose when time's up. (requested by Ruben1452)
|inactive|Cristante terabug has 60 seconds left.
|
|t:|1756929984
|teamsize|p1|4
|teamsize|p2|4
|start
|switch|p1a: Gholdengo|Gholdengo, L50|100/100
|switch|p1b: Sinistcha|Sinistcha, L50|100/100
|switch|p2a: De Marinis|Incineroar, L50, F|100/100
|switch|p2b: Paolo|Dragonite, L50, M|100/100
|-ability|p2a: De Marinis|Intimidate|boost
|-unboost|p1a: Gholdengo|atk|1
|-unboost|p1b: Sinistcha|atk|1
|turn|1
|inactive|Ruben1452 has 30 seconds left.
|inactive|Ruben1452 has 20 seconds left.
|inactive|Ruben1452 has 15 seconds left.
|inactive|Ruben1452 has 10 seconds left.
|inactive|Ruben1452 has 5 seconds left.
|
|t:|1756930036
|-terastallize|p1b: Sinistcha|Fire
|move|p1a: Gholdengo|Trick|p2a: De Marinis
|-activate|p1a: Gholdengo|move: Trick|[of] p2a: De Marinis
|-item|p2a: De Marinis|Choice Scarf|[from] move: Trick
|-item|p1a: Gholdengo|Safety Goggles|[from] move: Trick
|move|p2b: Paolo|Scale Shot|p1a: Gholdengo
|-resisted|p1a: Gholdengo
|-damage|p1a: Gholdengo|93/100
|-resisted|p1a: Gholdengo
|-damage|p1a: Gholdengo|85/100
|-resisted|p1a: Gholdengo
|-damage|p1a: Gholdengo|77/100
|-resisted|p1a: Gholdengo
|-crit|p1a: Gholdengo
|-damage|p1a: Gholdengo|65/100
|-hitcount|p1a: Gholdengo|4
|-unboost|p2b: Paolo|def|1
|-boost|p2b: Paolo|spe|1
|move|p2a: De Marinis|Knock Off|p1a: Gholdengo
|-supereffective|p1a: Gholdengo
|-damage|p1a: Gholdengo|0 fnt
|-enditem|p1a: Gholdengo|Safety Goggles|[from] move: Knock Off|[of] p2a: De Marinis
|faint|p1a: Gholdengo
|move|p1b: Sinistcha|Trick Room|p1b: Sinistcha
|-fieldstart|move: Trick Room|[of] p1b: Sinistcha
|
|upkeep
|
|t:|1756930055
|switch|p1a: Ursaluna|Ursaluna, L50, F|100/100
|turn|2
|inactive|Ruben1452 has 30 seconds left.
|inactive|Ruben1452 has 20 seconds left.
|
|t:|1756930093
|switch|p2a: Luca|Archaludon, L50, M|100/100
|move|p1a: Ursaluna|Protect|p1a: Ursaluna
|-singleturn|p1a: Ursaluna|Protect
|move|p1b: Sinistcha|Matcha Gotcha|p2a: Luca|[spread] p2a
|-miss|p1b: Sinistcha|p2b: Paolo
|-resisted|p2a: Luca
|-damage|p2a: Luca|96/100
|-ability|p2a: Luca|Stamina|boost
|-boost|p2a: Luca|def|1
|move|p2b: Paolo|Scale Shot|p2a: Luca
|-damage|p2a: Luca|90/100
|-ability|p2a: Luca|Stamina|boost
|-boost|p2a: Luca|def|1
|-damage|p2a: Luca|85/100
|-ability|p2a: Luca|Stamina|boost
|-boost|p2a: Luca|def|1
|-damage|p2a: Luca|82/100
|-ability|p2a: Luca|Stamina|boost
|-boost|p2a: Luca|def|1
|-damage|p2a: Luca|79/100
|-ability|p2a: Luca|Stamina|boost
|-boost|p2a: Luca|def|1
|-hitcount|p2a: Luca|4
|-unboost|p2b: Paolo|def|1
|-boost|p2b: Paolo|spe|1
|
|-status|p1a: Ursaluna|brn|[from] item: Flame Orb
|upkeep
|turn|3
|inactive|Ruben1452 has 30 seconds left.
|
|t:|1756930123
|switch|p2b: De Marinis|Incineroar, L50, F|100/100
|-ability|p2b: De Marinis|Intimidate|boost
|-unboost|p1a: Ursaluna|atk|1
|-unboost|p1b: Sinistcha|atk|1
|-terastallize|p2a: Luca|Fighting
|move|p1b: Sinistcha|Rage Powder|p1b: Sinistcha
|-singleturn|p1b: Sinistcha|move: Rage Powder
|move|p1a: Ursaluna|Headlong Rush|p2a: Luca
|-damage|p2a: Luca|65/100
|-unboost|p1a: Ursaluna|def|1
|-unboost|p1a: Ursaluna|spd|1
|-ability|p2a: Luca|Stamina|boost
|-boost|p2a: Luca|def|1
|move|p2a: Luca|Body Press|p1b: Sinistcha
|-damage|p1b: Sinistcha|0 fnt
|faint|p1b: Sinistcha
|
|-damage|p1a: Ursaluna|95/100 brn|[from] brn
|upkeep
|
|t:|1756930135
|switch|p1b: Archaludon|Archaludon, L50, M|100/100
|turn|4
|inactive|Cristante terabug has 30 seconds left.
|
|t:|1756930163
|move|p1a: Ursaluna|Protect|p1a: Ursaluna
|-singleturn|p1a: Ursaluna|Protect
|move|p2b: De Marinis|Fake Out|p1a: Ursaluna
|-activate|p1a: Ursaluna|move: Protect
|move|p2a: Luca|Body Press|p1b: Archaludon
|-supereffective|p1b: Archaludon
|-damage|p1b: Archaludon|0 fnt
|faint|p1b: Archaludon
|
|-damage|p1a: Ursaluna|89/100 brn|[from] brn
|upkeep
|turn|5
|
|t:|1756930177
|switch|p2b: Paolo|Dragonite, L50, M|100/100
|move|p1a: Ursaluna|Facade|p2a: Luca
|-damage|p2a: Luca|52/100
|move|p2a: Luca|Body Press|p1a: Ursaluna
|-supereffective|p1a: Ursaluna
|-damage|p1a: Ursaluna|0 fnt
|faint|p1a: Ursaluna
|
|win|Cristante terabug
||Ruben1452 is ready for game 2.
|inactive|Cristante terabug has 30 seconds to confirm battle start!
