|j|☆tajinvgc
|j|☆tmmc01
|html|tajinvgctmmc01    
|uhtml|bestof|Game 1 of a best-of-3
|t:|1784323137
|gametype|doubles
|player|p1|tajinvgc|palmer|1108
|player|p2|tmmc01|artist|1204
|gen|9
|tier|[Gen 9 Champions] VGC 2026 Reg M-B (Bo3)
|rated|
|rule|Species Clause: Limit one of each Pokémon
|rule|Item Clause: Limit 1 of each item
|clearpoke
|poke|p1|Venusaur, L50, F, shiny|
|poke|p1|Charizard, L50, F, shiny|
|poke|p1|Pelipper, L50, F, shiny|
|poke|p1|Grimmsnarl, L50, M, shiny|
|poke|p1|Archaludon, L50, F, shiny|
|poke|p1|Basculegion, L50, M|
|poke|p2|Charizard, L50, F|
|poke|p2|Farigiraf, L50, F|
|poke|p2|Basculegion, L50, M|
|poke|p2|Kingambit, L50, M|
|poke|p2|Kangaskhan, L50, F|
|poke|p2|Vileplume, L50, M|
|teampreview|4
|showteam|p1|Venusaur||FocusSash|Chlorophyll|Protect,SludgeBomb,EarthPower,SleepPowder|Modest||F|||50|]Charizard||CharizarditeY|Blaze|Protect,HeatWave,WeatherBall,SolarBeam|Modest||F|||50|]Pelipper||SitrusBerry|Drizzle|Hurricane,Tailwind,WeatherBall,WideGuard|Modest||F|||50|]Grimmsnarl||LightClay|Prankster|SpiritBreak,Reflect,LightScreen,PartingShot|Sassy||M|||50|]Archaludon||Leftovers|Stamina|ElectroShot,Protect,DragonPulse,FlashCannon|Calm||F|||50|]Basculegion||ChoiceScarf|Adaptability|WaveCrash,AquaJet,FlipTurn,LastRespects|Jolly||M|||50|
|showteam|p2|Charizard||CharizarditeY|Blaze|Protect,HeatWave,SolarBeam,WeatherBall|Modest||F|||50|]Farigiraf||SitrusBerry|ArmorTail|TrickRoom,HelpingHand,PsychicFangs,Thunderbolt|Relaxed||F|||50|]Basculegion||ChoiceScarf|Adaptability|LastRespects,WaveCrash,FlipTurn,Soak|Jolly||M|||50|]Kingambit||BlackGlasses|Defiant|SwordsDance,Protect,KowtowCleave,SuckerPunch|Brave||M|||50|]Kangaskhan||Kangaskhanite|Scrappy|FakeOut,HammerArm,DoubleEdge,SuckerPunch|Brave||F|||50|]Vileplume||FocusSash|Chlorophyll|Protect,SleepPowder,SludgeBomb,AfterYou|Timid||M|||50|
|inactive|Battle timer is ON: inactive players will automatically lose when time's up. (requested by tajinvgc)
|inactive|tajinvgc has 60 seconds left.
|inactive|tmmc01 has 60 seconds left.
|
|t:|1784323190
|teamsize|p1|4
|teamsize|p2|4
|start
|switch|p1a: Venusaur|Venusaur, L50, F, shiny|100/100
|switch|p1b: Charizard|Charizard, L50, F, shiny|100/100
|switch|p2a: Basculegion|Basculegion, L50, M|100/100
|switch|p2b: Charizard|Charizard, L50, F|100/100
|turn|1
|inactive|tajinvgc has 30 seconds left.
|inactive|tajinvgc has 20 seconds left.
|
|t:|1784323226
|switch|p1b: Archaludon|Archaludon, L50, F, shiny|100/100
|switch|p1a: Pelipper|Pelipper, L50, F, shiny|100/100
|-weather|RainDance|[from] ability: Drizzle|[of] p1a: Pelipper
|detailschange|p2b: Charizard|Charizard-Mega-Y, L50, F
|-mega|p2b: Charizard|Charizard|Charizardite Y
|-weather|SunnyDay|[from] ability: Drought|[of] p2b: Charizard
|move|p2a: Basculegion|Soak|p1b: Archaludon
|-start|p1b: Archaludon|typechange|Water
|move|p2b: Charizard|Solar Beam||[still]
|-prepare|p2b: Charizard|Solar Beam
|-anim|p2b: Charizard|Solar Beam|p1b: Archaludon
|-supereffective|p1b: Archaludon|1
|-damage|p1b: Archaludon|17/100
|-ability|p1b: Archaludon|Stamina|boost
|-boost|p1b: Archaludon|def|1
|
|-weather|SunnyDay|[upkeep]
|-heal|p1b: Archaludon|24/100|[from] item: Leftovers
|upkeep
|turn|2
|inactive|tajinvgc has 30 seconds left.
|inactive|tajinvgc has 20 seconds left.
|inactive|tmmc01 has 30 seconds left.
|inactive|tmmc01 has 20 seconds left.
|inactive|tmmc01 has 15 seconds left.
|
|t:|1784323277
|switch|p2a: Vileplume|Vileplume, L50, M|100/100
|switch|p1a: Venusaur|Venusaur, L50, F, shiny|100/100
|move|p1b: Archaludon|Protect|p1b: Archaludon
|-singleturn|p1b: Archaludon|Protect
|move|p2b: Charizard|Heat Wave|p1b: Archaludon|[spread] p1a
|-activate|p1b: Archaludon|move: Protect
|-supereffective|p1a: Venusaur|1
|-enditem|p1a: Venusaur|Focus Sash
|-damage|p1a: Venusaur|1/100
|
|-weather|SunnyDay|[upkeep]
|-heal|p1b: Archaludon|30/100|[from] item: Leftovers
|upkeep
|turn|3
|
|t:|1784323296
|switch|p1a: Pelipper|Pelipper, L50, F, shiny|100/100
|-weather|RainDance|[from] ability: Drizzle|[of] p1a: Pelipper
|move|p2b: Charizard|Protect|p2b: Charizard
|-singleturn|p2b: Charizard|Protect
|move|p1b: Archaludon|Electro Shot||[still]
|-prepare|p1b: Archaludon|Electro Shot
|-boost|p1b: Archaludon|spa|1
|-anim|p1b: Archaludon|Electro Shot|p2b: Charizard
|-activate|p2b: Charizard|move: Protect
|move|p2a: Vileplume|Sleep Powder|p1b: Archaludon
|-status|p1b: Archaludon|slp|[from] move: Sleep Powder
|
|-weather|RainDance|[upkeep]
|-heal|p1b: Archaludon|36/100 slp|[from] item: Leftovers
|upkeep
|turn|4
|
|t:|1784323319
|switch|p2b: Basculegion|Basculegion, L50, M|100/100
|cant|p1b: Archaludon|slp
|move|p2a: Vileplume|Sludge Bomb|p1b: Archaludon
|-damage|p1b: Archaludon|1/100 slp
|-ability|p1b: Archaludon|Stamina|boost
|-boost|p1b: Archaludon|def|1
|move|p1a: Pelipper|Tailwind|p1a: Pelipper
|-sidestart|p1: tajinvgc|move: Tailwind
|
|-weather|RainDance|[upkeep]
|-heal|p1b: Archaludon|6/100 slp|[from] item: Leftovers
|upkeep
|turn|5
|
|t:|1784323341
|-curestatus|p1b: Archaludon|slp|[msg]
|move|p1b: Archaludon|Electro Shot||[still]
|-prepare|p1b: Archaludon|Electro Shot
|-boost|p1b: Archaludon|spa|1
|-anim|p1b: Archaludon|Electro Shot|p2b: Basculegion
|-supereffective|p2b: Basculegion|1
|-damage|p2b: Basculegion|0 fnt
|faint|p2b: Basculegion
|move|p1a: Pelipper|Hurricane|p2a: Vileplume
|-supereffective|p2a: Vileplume|1
|-enditem|p2a: Vileplume|Focus Sash
|-damage|p2a: Vileplume|1/100
|move|p2a: Vileplume|Sludge Bomb|p1b: Archaludon
|-damage|p1b: Archaludon|0 fnt
|faint|p1b: Archaludon
|
|-weather|RainDance|[upkeep]
|upkeep
|
|t:|1784323363
|switch|p2b: Kingambit|Kingambit, L50, M|100/100
|switch|p1b: Venusaur|Venusaur, L50, F, shiny|1/100
|turn|6
|
|t:|1784323375
|move|p2b: Kingambit|Protect|p2b: Kingambit
|-singleturn|p2b: Kingambit|Protect
|move|p1b: Venusaur|Sleep Powder|p2b: Kingambit
|-activate|p2b: Kingambit|move: Protect
|move|p1a: Pelipper|Weather Ball|p2a: Vileplume
|-resisted|p2a: Vileplume|1
|-damage|p2a: Vileplume|0 fnt
|faint|p2a: Vileplume
|
|-weather|RainDance|[upkeep]
|upkeep
|
|t:|1784323383
|switch|p2a: Charizard|Charizard-Mega-Y, L50, F|100/100
|-weather|SunnyDay|[from] ability: Drought|[of] p2a: Charizard
|turn|7
|inactive|tajinvgc has 30 seconds left.
|inactive|tajinvgc has 20 seconds left.
|inactive|tajinvgc has 15 seconds left.
|
|t:|1784323428
|move|p1b: Venusaur|Sleep Powder|p2a: Charizard
|-status|p2a: Charizard|slp|[from] move: Sleep Powder
|move|p1a: Pelipper|Weather Ball|p2b: Kingambit
|-supereffective|p2b: Kingambit|1
|-damage|p2b: Kingambit|29/100
|cant|p2a: Charizard|slp
|move|p2b: Kingambit|Kowtow Cleave|p1b: Venusaur
|-damage|p1b: Venusaur|0 fnt
|faint|p1b: Venusaur
|
|-weather|SunnyDay|[upkeep]
|-sideend|p1: tajinvgc|move: Tailwind
|upkeep
|
|t:|1784323440
|switch|p1b: Charizard|Charizard, L50, F, shiny|100/100
|turn|8
|
|t:|1784323455
|detailschange|p1b: Charizard|Charizard-Mega-Y, L50, F, shiny
|-mega|p1b: Charizard|Charizard|Charizardite Y
|move|p2b: Kingambit|Protect|p2b: Kingambit
|-singleturn|p2b: Kingambit|Protect
|move|p1b: Charizard|Heat Wave|p2a: Charizard|[spread] p2a
|-activate|p2b: Kingambit|move: Protect
|-resisted|p2a: Charizard|1
|-damage|p2a: Charizard|73/100 slp
|cant|p2a: Charizard|slp
|move|p1a: Pelipper|Tailwind|p1a: Pelipper
|-sidestart|p1: tajinvgc|move: Tailwind
|
|-weather|SunnyDay|[upkeep]
|upkeep
|turn|9
|
|t:|1784323472
|move|p2b: Kingambit|Sucker Punch|p1b: Charizard
|-damage|p1b: Charizard|46/100
|move|p1b: Charizard|Weather Ball|p2a: Charizard
|-resisted|p2a: Charizard|1
|-damage|p2a: Charizard|36/100 slp
|move|p1a: Pelipper|Weather Ball|p2b: Kingambit
|-supereffective|p2b: Kingambit|1
|-damage|p2b: Kingambit|0 fnt
|faint|p2b: Kingambit
|-curestatus|p2a: Charizard|slp|[msg]
|move|p2a: Charizard|Weather Ball|p1b: Charizard
|-resisted|p1b: Charizard|1
|-damage|p1b: Charizard|4/100
|
|-weather|SunnyDay|[upkeep]
|upkeep
|turn|10
|
|t:|1784323490
|move|p1b: Charizard|Weather Ball|p2a: Charizard
|-resisted|p2a: Charizard|1
|-damage|p2a: Charizard|1/100
|move|p1a: Pelipper|Weather Ball|p2a: Charizard
|-resisted|p2a: Charizard|1
|-damage|p2a: Charizard|0 fnt
|faint|p2a: Charizard
|
|win|tajinvgc
||tajinvgc is ready for game 2.
||tmmc01 is ready for game 2.
|uhtml|next|Next: Game 2 of 3
