|j|☆meekmatt
|j|☆Jahreed
|html|meekmattJahreed    
|uhtml|bestof|Game 2 of a best-of-3
|t:|1756153083
|gametype|doubles
|player|p1|meekmatt|265|1139
|player|p2|Jahreed|2|1049
|gen|9
|tier|[Gen 9] VGC 2025 Reg H (Bo3)
|rated|
|rule|Species Clause: Limit one of each Pokémon
|rule|Item Clause: Limit 1 of each item
|clearpoke
|poke|p1|Whimsicott, L50, M|
|poke|p1|Annihilape, L50, F|
|poke|p1|Typhlosion-Hisui, L50, F|
|poke|p1|Lilligant-Hisui, L50, F|
|poke|p1|Incineroar, L50, M|
|poke|p1|Gholdengo, L50|
|poke|p2|Gholdengo, L50|
|poke|p2|Rillaboom, L50, F|
|poke|p2|Incineroar, L50, M|
|poke|p2|Ursaluna, L50, F|
|poke|p2|Porygon2, L50|
|poke|p2|Whimsicott, L50, F|
|teampreview|4
|showteam|p1|Whimsicott||CovertCloak|Prankster|Moonblast,Tailwind,Taunt,SunnyDay|||M|||50|,,,,,Fairy]Annihilape||FocusSash|Defiant|FinalGambit,CloseCombat,RageFist,Protect|||F|||50|,,,,,Grass]Typhlosion-Hisui||ChoiceSpecs|Blaze|Eruption,HeatWave,ShadowBall,Overheat|||F|||50|,,,,,Fire]Lilligant-Hisui||HeavyDutyBoots|Chlorophyll|HelpingHand,AfterYou,CloseCombat,Encore|||F|||50|,,,,,Fighting]Incineroar||SafetyGoggles|Intimidate|FakeOut,HelpingHand,FlareBlitz,KnockOff|||M|||50|,,,,,Ghost]Gholdengo||LifeOrb|GoodasGold|MakeItRain,Protect,ShadowBall,DazzlingGleam||||||50|,,,,,Fairy
|showteam|p2|Gholdengo||GrassySeed|GoodasGold|MakeItRain,ShadowBall,NastyPlot,Protect||||||50|,,,,,Dragon]Rillaboom||AssaultVest|GrassySurge|FakeOut,WoodHammer,GrassyGlide,Uturn|||F|||50|,,,,,Fire]Incineroar||SafetyGoggles|Intimidate|FakeOut,KnockOff,FlareBlitz,PartingShot|||M|||50|,,,,,Ghost]Ursaluna||FlameOrb|Guts|Facade,HeadlongRush,Earthquake,Protect|||F|||50|,,,,,Ghost]Porygon2||Eviolite|Download|TrickRoom,TeraBlast,IceBeam,Recover||||||50|,,,,,Flying]Whimsicott||FocusSash|Prankster|Moonblast,Tailwind,Encore,Taunt|||F|||50|,,,,,Ghost
|inactive|Battle timer is ON: inactive players will automatically lose when time's up. (requested by Jahreed)
|
|t:|1756153112
|teamsize|p1|4
|teamsize|p2|4
|start
|switch|p1a: Lovely Bastards|Whimsicott, L50, M|100/100
|switch|p1b: Monkey|Annihilape, L50, F|100/100
|switch|p2a: Ursaluna|Ursaluna, L50, F|100/100
|switch|p2b: Whimsicott|Whimsicott, L50, F|100/100
|turn|1
|inactive|meekmatt has 30 seconds left.
|inactive|Jahreed has 30 seconds left.
|inactive|Jahreed has 20 seconds left.
|inactive|Jahreed has 15 seconds left.
|inactive|Jahreed has 10 seconds left.
|
|t:|1756153158
|switch|p1b: Kerosene|Incineroar, L50, M|100/100
|-ability|p1b: Kerosene|Intimidate|boost
|-unboost|p2a: Ursaluna|atk|1
|-unboost|p2b: Whimsicott|atk|1
|move|p2a: Ursaluna|Protect|p2a: Ursaluna
|-singleturn|p2a: Ursaluna|Protect
|move|p2b: Whimsicott|Moonblast|p1b: Kerosene
|-damage|p1b: Kerosene|67/100
|-unboost|p1b: Kerosene|spa|1
|move|p1a: Lovely Bastards|Moonblast|p2b: Whimsicott
|-damage|p2b: Whimsicott|59/100
|
|-status|p2a: Ursaluna|brn|[from] item: Flame Orb
|upkeep
|turn|2
|inactive|meekmatt has 30 seconds left.
|
|t:|1756153187
|switch|p2b: Incineroar|Incineroar, L50, M|100/100
|-ability|p2b: Incineroar|Intimidate|boost
|-unboost|p1a: Lovely Bastards|atk|1
|-unboost|p1b: Kerosene|atk|1
|-terastallize|p2a: Ursaluna|Ghost
|move|p1b: Kerosene|Fake Out|p2a: Ursaluna
|-immune|p2a: Ursaluna
|move|p1a: Lovely Bastards|Taunt|p2b: Incineroar
|-hint|Since gen 7, Dark is immune to Prankster moves.
|-immune|p2b: Incineroar
|move|p2a: Ursaluna|Headlong Rush|p1b: Kerosene
|-supereffective|p1b: Kerosene
|-damage|p1b: Kerosene|0 fnt
|-unboost|p2a: Ursaluna|def|1
|-unboost|p2a: Ursaluna|spd|1
|faint|p1b: Kerosene
|
|-damage|p2a: Ursaluna|95/100 brn|[from] brn
|upkeep
|
|t:|1756153200
|switch|p1b: Hot Dog|Typhlosion-Hisui, L50, F|100/100
|turn|3
|
|t:|1756153215
|move|p2a: Ursaluna|Protect|p2a: Ursaluna
|-singleturn|p2a: Ursaluna|Protect
|move|p1a: Lovely Bastards|Sunny Day|p1a: Lovely Bastards
|-weather|SunnyDay
|move|p1b: Hot Dog|Eruption|p2b: Incineroar|[spread] p2b
|-activate|p2a: Ursaluna|move: Protect
|-resisted|p2b: Incineroar
|-damage|p2b: Incineroar|51/100
|move|p2b: Incineroar|Flare Blitz|p1a: Lovely Bastards
|-supereffective|p1a: Lovely Bastards
|-crit|p1a: Lovely Bastards
|-damage|p1a: Lovely Bastards|0 fnt
|faint|p1a: Lovely Bastards
|-damage|p2b: Incineroar|26/100|[from] Recoil
|
|-weather|SunnyDay|[upkeep]
|-damage|p2a: Ursaluna|89/100 brn|[from] brn
|upkeep
|
|t:|1756153227
|switch|p1a: Monkey|Annihilape, L50, F|100/100
|turn|4
|
|t:|1756153233
|switch|p2a: Porygon2|Porygon2, L50|100/100
|-ability|p2a: Porygon2|Download|boost
|-boost|p2a: Porygon2|atk|1
|-terastallize|p1b: Hot Dog|Fire
|move|p1b: Hot Dog|Eruption|p2b: Incineroar|[spread] p2a,p2b
|-resisted|p2b: Incineroar
|-damage|p2a: Porygon2|5/100
|-damage|p2b: Incineroar|0 fnt
|faint|p2b: Incineroar
|move|p1a: Monkey|Rage Fist|p2a: Porygon2
|-immune|p2a: Porygon2
|
|-weather|SunnyDay|[upkeep]
|upkeep
|
|t:|1756153241
|switch|p2b: Whimsicott|Whimsicott, L50, F|59/100
|turn|5
|
|t:|1756153252
|move|p2b: Whimsicott|Tailwind|p2b: Whimsicott
|-sidestart|p2: Jahreed|move: Tailwind
|move|p1b: Hot Dog|Eruption|p2b: Whimsicott|[spread] p2a,p2b
|-supereffective|p2b: Whimsicott
|-damage|p2a: Porygon2|0 fnt
|-damage|p2b: Whimsicott|0 fnt
|faint|p2a: Porygon2
|faint|p2b: Whimsicott
|move|p1a: Monkey|Rage Fist|p2: Porygon2|[notarget]
|-fail|p1a: Monkey
|
|-weather|SunnyDay|[upkeep]
|upkeep
|
|t:|1756153255
|switch|p2b: Ursaluna|Ursaluna, L50, F, tera:Ghost|89/100 brn
|turn|6
|
|t:|1756153265
|move|p2b: Ursaluna|Earthquake|p1a: Monkey|[spread] p1a,p1b
|-supereffective|p1b: Hot Dog
|-damage|p1a: Monkey|19/100
|-damage|p1b: Hot Dog|0 fnt
|faint|p1b: Hot Dog
|move|p1a: Monkey|Rage Fist|p2b: Ursaluna
|-supereffective|p2b: Ursaluna
|-damage|p2b: Ursaluna|14/100 brn
|
|-weather|SunnyDay|[upkeep]
|-damage|p2b: Ursaluna|8/100 brn|[from] brn
|upkeep
|turn|7
|
|t:|1756153275
|move|p1a: Monkey|Protect|p1a: Monkey
|-singleturn|p1a: Monkey|Protect
|move|p2b: Ursaluna|Earthquake|p1a: Monkey
|-activate|p1a: Monkey|move: Protect
|
|-weather|none
|-damage|p2b: Ursaluna|2/100 brn|[from] brn
|upkeep
|turn|8
|
|t:|1756153284
|move|p1a: Monkey|Protect||[still]
|-fail|p1a: Monkey
|move|p2b: Ursaluna|Earthquake|p1a: Monkey
|-damage|p1a: Monkey|0 fnt
|faint|p1a: Monkey
|
|win|Jahreed
|raw|meekmatt's rating: 1139 → 1108(-31 for losing)
|raw|Jahreed's rating: 1049 → 1090(+41 for winning)
|c|☆Jahreed|gg
|l|☆meekmatt
|player|p1|
