|j|☆3illyEdgar
|j|☆Garden Monke
|html|3illyEdgarGarden Monke    
|uhtml|bestof|Game 2 of a best-of-3
|t:|1785103767
|gametype|doubles
|player|p1|3illyEdgar|169|1059
|player|p2|Garden Monke|giacomo|1153
|gen|9
|tier|[Gen 9 Champions] VGC 2026 Reg M-B (Bo3)
|rated|
|rule|Species Clause: Limit one of each Pokémon
|rule|Item Clause: Limit 1 of each item
|clearpoke
|poke|p1|Charizard, L50, M|
|poke|p1|Sneasler, L50, F|
|poke|p1|Corviknight, L50, M|
|poke|p1|Garchomp, L50, F|
|poke|p1|Ceruledge, L50, F|
|poke|p1|Eelektross, L50, F|
|poke|p2|Garchomp, L50, M|
|poke|p2|Venusaur, L50, M|
|poke|p2|Incineroar, L50, F|
|poke|p2|Charizard, L50, M|
|poke|p2|Toxapex, L50, F|
|poke|p2|Annihilape, L50, M|
|teampreview|4
|showteam|p1|Charizard||CharizarditeY|Blaze|Protect,HeatWave,WeatherBall,AirSlash|Timid||M|||50|]Sneasler||WhiteHerb|Unburden|CloseCombat,DireClaw,Protect,FakeOut|Jolly||F|||50|]Corviknight||Leftovers|MirrorArmor|Tailwind,Protect,BulkUp,DualWingbeat|Careful||M|||50|]Garchomp||LifeOrb|RoughSkin|Earthquake,Protect,RockSlide,ScaleShot|Adamant||F|||50|]Ceruledge||ColburBerry|FlashFire|BitterBlade,Protect,ShadowSneak,BulkUp|Adamant||F|||50|]Eelektross||Eelektrossite|Levitate|Coil,KnockOff,DrainPunch,SupercellSlam|Careful||F|||50|
|showteam|p2|Garchomp||ChoiceScarf|RoughSkin|Earthquake,RockSlide,DragonClaw,StompingTantrum|Adamant||M|||50|]Venusaur||LifeOrb|Chlorophyll|SludgeBomb,SolarBeam,EarthPower,Protect|Modest||M|||50|]Incineroar||SitrusBerry|Intimidate|FakeOut,FlareBlitz,ThroatChop,PartingShot|Impish||F|||50|]Charizard||CharizarditeY|Blaze|HeatWave,WeatherBall,Protect,HelpingHand|Modest||M|||50|]Toxapex||Leftovers|Regenerator|Infestation,Toxic,WideGuard,BanefulBunker|Impish||F|||50|]Annihilape||FocusSash|Defiant|CloseCombat,PhantomForce,RockTomb,Protect|Jolly||M|||50|
|inactive|Battle timer is ON: inactive players will automatically lose when time's up. (requested by Garden Monke)
|
|t:|1785103798
|teamsize|p1|4
|teamsize|p2|4
|start
|switch|p1a: Eelektross|Eelektross, L50, F|100/100
|switch|p1b: Ceruledge|Ceruledge, L50, F|100/100
|switch|p2a: Incineroar|Incineroar, L50, F|100/100
|switch|p2b: Charizard|Charizard, L50, M|100/100
|-ability|p2a: Incineroar|Intimidate|boost
|-unboost|p1a: Eelektross|atk|1
|-unboost|p1b: Ceruledge|atk|1
|turn|1
|inactive|3illyEdgar has 30 seconds left.
|inactive|3illyEdgar has 20 seconds left.
|inactive|3illyEdgar has 15 seconds left.
|
|t:|1785103843
|switch|p1a: Garchomp|Garchomp, L50, F|100/100
|detailschange|p2b: Charizard|Charizard-Mega-Y, L50, M
|-mega|p2b: Charizard|Charizard|Charizardite Y
|-weather|SunnyDay|[from] ability: Drought|[of] p2b: Charizard
|move|p2a: Incineroar|Fake Out|p1a: Garchomp
|-damage|p1a: Garchomp|88/100
|-damage|p2a: Incineroar|87/100|[from] ability: Rough Skin|[of] p1a: Garchomp
|move|p2b: Charizard|Weather Ball|p1a: Garchomp
|-resisted|p1a: Garchomp|1
|-damage|p1a: Garchomp|40/100
|move|p1b: Ceruledge|Bulk Up|p1b: Ceruledge
|-boost|p1b: Ceruledge|atk|1
|-boost|p1b: Ceruledge|def|1
|
|-weather|SunnyDay|[upkeep]
|upkeep
|turn|2
|inactive|3illyEdgar has 30 seconds left.
|
|t:|1785103871
|switch|p2a: Garchomp|Garchomp, L50, M|100/100
|move|p2b: Charizard|Protect|p2b: Charizard
|-singleturn|p2b: Charizard|Protect
|move|p1a: Garchomp|Rock Slide|p2b: Charizard|[spread] p2a
|-activate|p2b: Charizard|move: Protect
|-resisted|p2a: Garchomp|1
|-damage|p2a: Garchomp|88/100
|-damage|p1a: Garchomp|30/100|[from] item: Life Orb
|move|p1b: Ceruledge|Bulk Up|p1b: Ceruledge
|-boost|p1b: Ceruledge|atk|1
|-boost|p1b: Ceruledge|def|1
|
|-weather|SunnyDay|[upkeep]
|upkeep
|turn|3
|
|t:|1785103888
|move|p2b: Charizard|Helping Hand|p2a: Garchomp
|-singleturn|p2a: Garchomp|Helping Hand|[of] p2b: Charizard
|move|p1a: Garchomp|Protect|p1a: Garchomp
|-singleturn|p1a: Garchomp|Protect
|move|p2a: Garchomp|Earthquake|p1b: Ceruledge|[spread] p1b
|-activate|p1a: Garchomp|move: Protect
|-immune|p2b: Charizard
|-supereffective|p1b: Ceruledge|1
|-damage|p1b: Ceruledge|26/100
|move|p1b: Ceruledge|Bitter Blade|p2a: Garchomp
|-resisted|p2a: Garchomp|1
|-damage|p2a: Garchomp|35/100
|-heal|p1b: Ceruledge|55/100|[from] drain|[of] p2a: Garchomp
|-damage|p1b: Ceruledge|43/100|[from] ability: Rough Skin|[of] p2a: Garchomp
|
|-weather|SunnyDay|[upkeep]
|upkeep
|turn|4
|
|t:|1785103912
|switch|p1a: Eelektross|Eelektross, L50, F|100/100
|switch|p2b: Incineroar|Incineroar, L50, F|87/100
|-ability|p2b: Incineroar|Intimidate|boost
|-unboost|p1a: Eelektross|atk|1
|-unboost|p1b: Ceruledge|atk|1
|move|p1b: Ceruledge|Shadow Sneak|p2a: Garchomp
|-damage|p2a: Garchomp|13/100
|-damage|p1b: Ceruledge|31/100|[from] ability: Rough Skin|[of] p2a: Garchomp
|move|p2a: Garchomp|Earthquake|p1b: Ceruledge|[spread] p2b,p1b
|-immune|p1a: Eelektross|[from] ability: Levitate
|-supereffective|p2b: Incineroar|1
|-supereffective|p1b: Ceruledge|1
|-damage|p2b: Incineroar|24/100
|-damage|p1b: Ceruledge|0 fnt
|-enditem|p2b: Incineroar|Sitrus Berry|[eat]
|-heal|p2b: Incineroar|49/100|[from] item: Sitrus Berry
|faint|p1b: Ceruledge
|
|-weather|SunnyDay|[upkeep]
|upkeep
|
|t:|1785103932
|switch|p1b: Corviknight|Corviknight, L50, M|100/100
|turn|5
|
|t:|1785103950
|switch|p2a: Charizard|Charizard-Mega-Y, L50, M|100/100
|switch|p1a: Garchomp|Garchomp, L50, F|30/100
|move|p2b: Incineroar|Fake Out|p1b: Corviknight
|-resisted|p1b: Corviknight|1
|-damage|p1b: Corviknight|95/100
|cant|p1b: Corviknight|flinch
|
|-weather|none
|-heal|p1b: Corviknight|100/100|[from] item: Leftovers
|upkeep
|turn|6
|inactive|Garden Monke has 30 seconds left.
|
|t:|1785103984
|switch|p2a: Toxapex|Toxapex, L50, F|100/100
|move|p1a: Garchomp|Rock Slide|p2b: Incineroar|[spread] p2a,p2b
|-supereffective|p2b: Incineroar|1
|-damage|p2a: Toxapex|82/100
|-damage|p2b: Incineroar|10/100
|-damage|p1a: Garchomp|20/100y|[from] item: Life Orb
|move|p1b: Corviknight|Tailwind|p1b: Corviknight
|-sidestart|p1: 3illyEdgar|move: Tailwind
|move|p2b: Incineroar|Parting Shot|p1a: Garchomp
|-unboost|p1a: Garchomp|atk|1
|-unboost|p1a: Garchomp|spa|1
|
|t:|1785103999
|switch|p2b: Charizard|Charizard-Mega-Y, L50, M|100/100|[from] Parting Shot
|-weather|SunnyDay|[from] ability: Drought|[of] p2b: Charizard
|
|-weather|SunnyDay|[upkeep]
|-heal|p2a: Toxapex|88/100|[from] item: Leftovers
|upkeep
|turn|7
|
|t:|1785104016
|switch|p1a: Eelektross|Eelektross, L50, F|100/100
|move|p2a: Toxapex|Wide Guard|p2a: Toxapex
|-singleturn|p2a: Toxapex|Wide Guard
|move|p1b: Corviknight|Dual Wingbeat|p2b: Charizard
|-damage|p2b: Charizard|88/100
|-damage|p2b: Charizard|75/100
|-hitcount|p2b: Charizard|2
|move|p2b: Charizard|Heat Wave|p1a: Eelektross|[spread] p1a
|-miss|p2b: Charizard|p1b: Corviknight
|-damage|p1a: Eelektross|53/100
|
|-weather|SunnyDay|[upkeep]
|-heal|p2a: Toxapex|94/100|[from] item: Leftovers
|upkeep
|turn|8
|inactive|3illyEdgar has 30 seconds left.
|inactive|3illyEdgar has 20 seconds left.
|inactive|3illyEdgar has 15 seconds left.
|
|t:|1785104060
|-heal|p2a: Toxapex|100/100|[from] ability: Regenerator|[silent]
|switch|p2a: Incineroar|Incineroar, L50, F|10/100
|-ability|p2a: Incineroar|Intimidate|boost
|-unboost|p1a: Eelektross|atk|1
|-ability|p1b: Corviknight|Mirror Armor
|-unboost|p2a: Incineroar|atk|1
|detailschange|p1a: Eelektross|Eelektross-Mega, L50, F
|-mega|p1a: Eelektross|Eelektross|Eelektrossite
|move|p1b: Corviknight|Protect|p1b: Corviknight
|-singleturn|p1b: Corviknight|Protect
|move|p2b: Charizard|Protect|p2b: Charizard
|-singleturn|p2b: Charizard|Protect
|move|p1a: Eelektross|Supercell Slam|p2a: Incineroar
|-damage|p2a: Incineroar|0 fnt
|faint|p2a: Incineroar
|-ability|p1a: Eelektross|Eelevate|boost
|-boost|p1a: Eelektross|atk|1
|
|-weather|SunnyDay|[upkeep]
|upkeep
|
|t:|1785104084
|switch|p2a: Toxapex|Toxapex, L50, F|100/100
|turn|9
|
|t:|1785104103
|switch|p2b: Garchomp|Garchomp, L50, M|13/100
|move|p2a: Toxapex|Baneful Bunker|p2a: Toxapex
|-singleturn|p2a: Toxapex|move: Protect
|move|p1a: Eelektross|Supercell Slam|p2b: Garchomp
|-immune|p2b: Garchomp
|-damage|p1a: Eelektross|3/100|[from] supercellslam
|move|p1b: Corviknight|Bulk Up|p1b: Corviknight
|-boost|p1b: Corviknight|atk|1
|-boost|p1b: Corviknight|def|1
|
|-weather|SunnyDay|[upkeep]
|-sideend|p1: 3illyEdgar|move: Tailwind
|upkeep
|turn|10
|inactive|3illyEdgar has 30 seconds left.
|
|t:|1785104135
|move|p2a: Toxapex|Wide Guard|p2a: Toxapex
|-singleturn|p2a: Toxapex|Wide Guard
|move|p2b: Garchomp|Earthquake|p1b: Corviknight|[spread] 
|-activate|p2a: Toxapex|move: Wide Guard
|-immune|p1a: Eelektross|[from] ability: Eelevate
|-immune|p1b: Corviknight
|move|p1a: Eelektross|Supercell Slam|p2a: Toxapex
|-supereffective|p2a: Toxapex|1
|-damage|p2a: Toxapex|41/100
|move|p1b: Corviknight|Tailwind|p1b: Corviknight
|-sidestart|p1: 3illyEdgar|move: Tailwind
|
|-weather|none
|-heal|p2a: Toxapex|47/100|[from] item: Leftovers
|upkeep
|turn|11
|c|☆3illyEdgar|?
|inactive|3illyEdgar has 30 seconds left.
|inactive|3illyEdgar has 20 seconds left.
|
|t:|1785104171
|switch|p2b: Charizard|Charizard-Mega-Y, L50, M|75/100
|-weather|SunnyDay|[from] ability: Drought|[of] p2b: Charizard
|move|p1a: Eelektross|Knock Off|p2b: Charizard
|-damage|p2b: Charizard|56/100
|move|p1b: Corviknight|Dual Wingbeat|p2b: Charizard
|-crit|p2b: Charizard
|-damage|p2b: Charizard|29/100
|-damage|p2b: Charizard|11/100
|-hitcount|p2b: Charizard|2
|move|p2a: Toxapex|Infestation|p1a: Eelektross
|-damage|p1a: Eelektross|1/100
|-activate|p1a: Eelektross|move: Infestation|[of] p2a: Toxapex
|
|-weather|SunnyDay|[upkeep]
|-heal|p2a: Toxapex|52/100|[from] item: Leftovers
|-damage|p1a: Eelektross|0 fnt|[from] move: Infestation|[partiallytrapped]
|faint|p1a: Eelektross
|upkeep
|
|t:|1785104181
|switch|p1a: Garchomp|Garchomp, L50, F|20/100y
|turn|12
|inactive|Garden Monke has 30 seconds left.
|
|t:|1785104211
|move|p2b: Charizard|Protect|p2b: Charizard
|-singleturn|p2b: Charizard|Protect
|move|p1a: Garchomp|Earthquake|p2b: Charizard|[spread] p2a
|-activate|p2b: Charizard|move: Protect
|-immune|p1b: Corviknight
|-supereffective|p2a: Toxapex|1
|-damage|p2a: Toxapex|0 fnt
|faint|p2a: Toxapex
|-damage|p1a: Garchomp|10/100|[from] item: Life Orb
|move|p1b: Corviknight|Dual Wingbeat|p2b: Charizard
|-activate|p2b: Charizard|move: Protect
|
|-weather|SunnyDay|[upkeep]
|upkeep
|
|t:|1785104219
|switch|p2a: Garchomp|Garchomp, L50, M|13/100
|turn|13
|
|t:|1785104232
|move|p1a: Garchomp|Earthquake|p2b: Charizard|[spread] p2a
|-immune|p1b: Corviknight
|-immune|p2b: Charizard
|-damage|p2a: Garchomp|0 fnt
|faint|p2a: Garchomp
|-damage|p1a: Garchomp|1/100|[from] item: Life Orb
|move|p1b: Corviknight|Dual Wingbeat|p2b: Charizard
|-damage|p2b: Charizard|0 fnt
|faint|p2b: Charizard
|-hitcount|p2: Charizard|1
|
|win|3illyEdgar
||3illyEdgar is ready for game 3.
|inactive|Garden Monke has 30 seconds to confirm battle start!
||Garden Monke is ready for game 3.
|uhtml|next|Next: Game 3 of 3
|l|☆3illyEdgar
|player|p1|
