|j|☆lettitripppp
|j|☆throat chop user
|html|lettitrippppthroat chop user    
|uhtml|bestof|Game 1 of a best-of-3
|t:|1783885597
|gametype|doubles
|player|p1|lettitripppp|lucas|1222
|player|p2|throat chop user|may|1361
|gen|9
|tier|[Gen 9 Champions] VGC 2026 Reg M-B (Bo3)
|rated|
|rule|Species Clause: Limit one of each Pokémon
|rule|Item Clause: Limit 1 of each item
|clearpoke
|poke|p1|Charizard, L50, M|
|poke|p1|Floette-Eternal, L50, F|
|poke|p1|Basculegion, L50, M|
|poke|p1|Whimsicott, L50, M, shiny|
|poke|p1|Garchomp, L50, M, shiny|
|poke|p1|Kingambit, L50, M, shiny|
|poke|p2|Aerodactyl, L50, F|
|poke|p2|Incineroar, L50, M|
|poke|p2|Garchomp, L50, M|
|poke|p2|Charizard, L50, M|
|poke|p2|Kingambit, L50, M|
|poke|p2|Sylveon, L50, F|
|teampreview|4
|showteam|p1|Charizard||CharizarditeY|Blaze|WeatherBall,SolarBeam,HeatWave,Protect|Modest||M|||50|]Floette-Eternal||Floettite|FlowerVeil|DazzlingGleam,LightofRuin,Moonblast,Protect|Modest||F|||50|]Basculegion||MysticWater|Adaptability|LastRespects,WaveCrash,AquaJet,Protect|Adamant||M|||50|]Whimsicott||FocusSash|Prankster|Moonblast,Tailwind,Encore,Protect|Timid||M|||50|]Garchomp||LifeOrb|RoughSkin|DragonClaw,Earthquake,RockSlide,Protect|Jolly||M|||50|]Kingambit||ChopleBerry|Defiant|KowtowCleave,SuckerPunch,IronHead,LowKick|Adamant||M|||50|
|showteam|p2|Aerodactyl||Aerodactylite|Unnerve|Tailwind,RockSlide,IceFang,WideGuard|Jolly||F|||50|]Incineroar||SitrusBerry|Intimidate|FakeOut,FlareBlitz,DarkestLariat,PartingShot|Impish||M|||50|]Garchomp||LifeOrb|RoughSkin|Earthquake,DragonClaw,RockSlide,Protect|Jolly||M|||50|]Charizard||CharizarditeY|Blaze|HeatWave,WeatherBall,SolarBeam,Protect|Modest||M|||50|]Kingambit||FocusSash|Defiant|KowtowCleave,SuckerPunch,IronHead,Protect|Adamant||M|||50|]Sylveon||FairyFeather|Pixilate|HyperVoice,HyperBeam,QuickAttack,Detect|Modest||F|||50|
|inactive|Battle timer is ON: inactive players will automatically lose when time's up. (requested by lettitripppp)
|inactive|lettitripppp has 60 seconds left.
|inactive|throat chop user has 60 seconds left.
|inactive|lettitripppp has 30 seconds left.
|inactive|throat chop user has 30 seconds left.
|inactive|lettitripppp has 20 seconds left.
|inactive|throat chop user has 20 seconds left.
|inactive|lettitripppp has 15 seconds left.
|inactive|throat chop user has 15 seconds left.
|inactive|lettitripppp has 10 seconds left.
|inactive|throat chop user has 10 seconds left.
|
|t:|1783885682
|teamsize|p1|4
|teamsize|p2|4
|start
|switch|p1a: RUINOUS LIGHT|Floette-Eternal, L50, F|100/100
|switch|p1b: LETS GO GO|Whimsicott, L50, M, shiny|100/100
|switch|p2a: Incineroar|Incineroar, L50, M|100/100
|switch|p2b: Charizard|Charizard, L50, M|100/100
|-ability|p2a: Incineroar|Intimidate|boost
|-unboost|p1a: RUINOUS LIGHT|atk|1
|-block|p1b: LETS GO GO|ability: Flower Veil|[of] p1a: RUINOUS LIGHT
|turn|1
|
|t:|1783885698
|detailschange|p2b: Charizard|Charizard-Mega-Y, L50, M
|-mega|p2b: Charizard|Charizard|Charizardite Y
|-weather|SunnyDay|[from] ability: Drought|[of] p2b: Charizard
|move|p1b: LETS GO GO|Protect|p1b: LETS GO GO
|-singleturn|p1b: LETS GO GO|Protect
|move|p1a: RUINOUS LIGHT|Protect|p1a: RUINOUS LIGHT
|-singleturn|p1a: RUINOUS LIGHT|Protect
|move|p2b: Charizard|Heat Wave|p1b: LETS GO GO|[spread] 
|-activate|p1a: RUINOUS LIGHT|move: Protect
|-activate|p1b: LETS GO GO|move: Protect
|move|p2a: Incineroar|Parting Shot|p1a: RUINOUS LIGHT
|-activate|p1a: RUINOUS LIGHT|move: Protect
|
|-weather|SunnyDay|[upkeep]
|upkeep
|turn|2
|
|t:|1783885711
|detailschange|p1a: RUINOUS LIGHT|Floette-Mega, L50, F
|-mega|p1a: RUINOUS LIGHT|Floette|Floettite
|-ability|p1a: RUINOUS LIGHT|Fairy Aura
|move|p1b: LETS GO GO|Moonblast|p2a: Incineroar
|-damage|p2a: Incineroar|67/100
|move|p1a: RUINOUS LIGHT|Moonblast|p2a: Incineroar
|-damage|p2a: Incineroar|0 fnt
|faint|p2a: Incineroar
|move|p2b: Charizard|Heat Wave|p1b: LETS GO GO|[spread] p1a,p1b
|-supereffective|p1b: LETS GO GO|1
|-damage|p1a: RUINOUS LIGHT|49/100
|-enditem|p1b: LETS GO GO|Focus Sash
|-damage|p1b: LETS GO GO|1/100
|
|-weather|SunnyDay|[upkeep]
|upkeep
|
|t:|1783885724
|switch|p2a: Aerodactyl|Aerodactyl, L50, F|100/100
|-ability|p2a: Aerodactyl|Unnerve
|turn|3
|
|t:|1783885748
|switch|p2a: Sylveon|Sylveon, L50, F|100/100
|move|p1b: LETS GO GO|Tailwind|p1b: LETS GO GO
|-sidestart|p1: lettitripppp|move: Tailwind
|move|p1a: RUINOUS LIGHT|Moonblast|p2a: Sylveon
|-damage|p2a: Sylveon|42/100
|move|p2b: Charizard|Heat Wave|p1b: LETS GO GO|[spread] p1a,p1b
|-supereffective|p1b: LETS GO GO|1
|-damage|p1a: RUINOUS LIGHT|0 fnt
|-damage|p1b: LETS GO GO|0 fnt
|faint|p1a: RUINOUS LIGHT
|faint|p1b: LETS GO GO
|
|-weather|SunnyDay|[upkeep]
|upkeep
|
|t:|1783885757
|switch|p1b: GENERAL BLADUS|Kingambit, L50, M, shiny|100/100
|switch|p1a: GHOSTWAVE|Basculegion, L50, M|100/100
|turn|4
|
|t:|1783885779
|move|p2b: Charizard|Protect|p2b: Charizard
|-singleturn|p2b: Charizard|Protect
|move|p2a: Sylveon|Detect|p2a: Sylveon
|-singleturn|p2a: Sylveon|Protect
|move|p1a: GHOSTWAVE|Last Respects|p2b: Charizard
|-activate|p2b: Charizard|move: Protect
|move|p1b: GENERAL BLADUS|Iron Head|p2a: Sylveon
|-activate|p2a: Sylveon|move: Protect
|
|-weather|SunnyDay|[upkeep]
|upkeep
|turn|5
|
|t:|1783885789
|switch|p2b: Aerodactyl|Aerodactyl, L50, F|100/100
|-ability|p2b: Aerodactyl|Unnerve
|move|p2a: Sylveon|Detect|p2a: Sylveon
|-singleturn|p2a: Sylveon|Protect
|move|p1a: GHOSTWAVE|Last Respects|p2b: Aerodactyl
|-damage|p2b: Aerodactyl|0 fnt
|faint|p2b: Aerodactyl
|move|p1b: GENERAL BLADUS|Kowtow Cleave|p2a: Sylveon
|-activate|p2a: Sylveon|move: Protect
|
|-weather|none
|upkeep
|-message|throat chop user forfeited.
|
|win|lettitripppp
||throat chop user is ready for game 2.
