|j|☆luckycricket0326
|j|☆ttsui234
|html|luckycricket0326ttsui234    
|uhtml|bestof|Game 2 of a best-of-3
|t:|1786117062
|gametype|doubles
|player|p1|luckycricket0326|169|
|player|p2|ttsui234|265|
|gen|9
|tier|[Gen 9 Champions] VGC 2026 Reg M-B (Bo3)
|rule|Species Clause: Limit one of each Pokémon
|rule|Item Clause: Limit 1 of each item
|clearpoke
|poke|p1|Raichu, L50, M|
|poke|p1|Sinistcha, L50|
|poke|p1|Incineroar, L50, M|
|poke|p1|Sylveon, L50, M|
|poke|p1|Hydreigon, L50, M, shiny|
|poke|p1|Metagross, L50|
|poke|p2|Raichu, L50, F|
|poke|p2|Staraptor, L50, F|
|poke|p2|Arcanine-Hisui, L50, M|
|poke|p2|Farigiraf, L50, M|
|poke|p2|Sylveon, L50, F|
|poke|p2|Kingambit, L50, M|
|teampreview|4
|showteam|p1|Raichu||RaichuniteY|LightningRod|FakeOut,ZapCannon,FocusBlast,Protect|Timid||M|||50|]Sinistcha||SitrusBerry|Hospitality|MatchaGotcha,RagePowder,TrickRoom,Protect|Bold|||||50|]Incineroar||ShucaBerry|Intimidate|FlareBlitz,DarkestLariat,PartingShot,FakeOut|Careful||M|||50|]Sylveon||LifeOrb|Pixilate|HyperVoice,HyperBeam,CalmMind,Protect|Modest||M|||50|]Hydreigon||ChoiceScarf|Levitate|DracoMeteor,DarkPulse,EarthPower,Snarl|Modest||M|||50|]Metagross||Metagrossite|ClearBody|HardPress,BodyPress,PsychicFangs,Protect|Adamant|||||50|
|showteam|p2|Raichu||RaichuniteY|LightningRod|ZapCannon,FocusBlast,FakeOut,Protect|Timid||F|||50|]Staraptor||Staraptite|Intimidate|CloseCombat,DualWingbeat,Tailwind,Protect|Jolly||F|||50|]Arcanine-Hisui||FocusSash|RockHead|FlareBlitz,HeadSmash,ExtremeSpeed,Protect|Jolly||M|||50|]Farigiraf||SitrusBerry|ArmorTail|Psychic,HelpingHand,TrickRoom,Protect|Calm||M|||50|]Sylveon||FairyFeather|Pixilate|HyperVoice,QuickAttack,HyperBeam,Detect|Modest||F|||50|]Kingambit||LifeOrb|Defiant|KowtowCleave,SuckerPunch,SwordsDance,Protect|Adamant||M|||50|
|j| gamerkidnow
|l| gamerkidnow
|j| gamerkidnow
|l| gamerkidnow
|j| Onion2731
|inactive|Battle timer is ON: inactive players will automatically lose when time's up. (requested by luckycricket0326)
|j| gamerkidnow
|l| gamerkidnow
|inactive|ttsui234 has 60 seconds left.
|
|t:|1786117145
|teamsize|p1|4
|teamsize|p2|4
|start
|switch|p1a: Raichu|Raichu, L50, M|100/100
|switch|p1b: Sylveon|Sylveon, L50, M|100/100
|switch|p2a: Sylveon|Sylveon, L50, F|100/100
|switch|p2b: Farigiraf|Farigiraf, L50, M|100/100
|turn|1
|inactive|ttsui234 has 30 seconds left.
|j| Sjy3310
|j| HEDGEHOGMEOW
|inactive|ttsui234 has 20 seconds left.
|inactive|ttsui234 has 15 seconds left.
|
|t:|1786117189
|detailschange|p1a: Raichu|Raichu-Mega-Y, L50, M
|-mega|p1a: Raichu|Raichu|Raichunite Y
|move|p1a: Raichu|Zap Cannon|p2a: Sylveon
|-damage|p2a: Sylveon|50/100g
|-status|p2a: Sylveon|par
|move|p1b: Sylveon|Calm Mind|p1b: Sylveon
|-boost|p1b: Sylveon|spa|1
|-boost|p1b: Sylveon|spd|1
|move|p2a: Sylveon|Hyper Voice|p1a: Raichu|[spread] p1a,p1b
|-crit|p1b: Sylveon
|-damage|p1a: Raichu|41/100
|-damage|p1b: Sylveon|51/100
|move|p2b: Farigiraf|Trick Room|p2b: Farigiraf
|-fieldstart|move: Trick Room|[of] p2b: Farigiraf
|
|upkeep
|turn|2
|inactive|luckycricket0326 has 30 seconds left.
|
|t:|1786117222
|switch|p1a: Sinistcha|Sinistcha, L50|100/100
|-heal|p1b: Sylveon|76/100|[from] ability: Hospitality|[of] p1a: Sinistcha
|move|p2b: Farigiraf|Helping Hand|p2a: Sylveon
|-singleturn|p2a: Sylveon|Helping Hand|[of] p2b: Farigiraf
|move|p2a: Sylveon|Hyper Voice|p1b: Sylveon|[spread] p1a,p1b
|-damage|p1a: Sinistcha|39/100
|-damage|p1b: Sylveon|41/100
|-enditem|p1a: Sinistcha|Sitrus Berry|[eat]
|-heal|p1a: Sinistcha|64/100|[from] item: Sitrus Berry
|move|p1b: Sylveon|Hyper Voice|p2a: Sylveon|[spread] p2a,p2b
|-crit|p2a: Sylveon
|-damage|p2a: Sylveon|0 fnt
|-damage|p2b: Farigiraf|37/100
|-enditem|p2b: Farigiraf|Sitrus Berry|[eat]
|-heal|p2b: Farigiraf|62/100|[from] item: Sitrus Berry
|faint|p2a: Sylveon
|-damage|p1b: Sylveon|31/100|[from] item: Life Orb
|
|upkeep
|
|t:|1786117240
|switch|p2a: Arcanine|Arcanine-Hisui, L50, M|100/100
|turn|3
|inactive|ttsui234 has 30 seconds left.
|
|t:|1786117270
|move|p2b: Farigiraf|Protect|p2b: Farigiraf
|-singleturn|p2b: Farigiraf|Protect
|move|p1a: Sinistcha|Protect|p1a: Sinistcha
|-singleturn|p1a: Sinistcha|Protect
|move|p1b: Sylveon|Protect|p1b: Sylveon
|-singleturn|p1b: Sylveon|Protect
|move|p2a: Arcanine|Flare Blitz|p1a: Sinistcha
|-activate|p1a: Sinistcha|move: Protect
|
|upkeep
|turn|4
|
|t:|1786117292
|move|p2b: Farigiraf|Helping Hand|p2a: Arcanine
|-singleturn|p2a: Arcanine|Helping Hand|[of] p2b: Farigiraf
|move|p2a: Arcanine|Extreme Speed|p1b: Sylveon
|-damage|p1b: Sylveon|0 fnt
|faint|p1b: Sylveon
|move|p1a: Sinistcha|Matcha Gotcha|p2b: Farigiraf|[spread] p2a,p2b
|-damage|p2a: Arcanine|68/100
|-heal|p1a: Sinistcha|79/100|[from] drain|[of] p2a: Arcanine
|-damage|p2b: Farigiraf|41/100
|-heal|p1a: Sinistcha|92/100|[from] drain|[of] p2b: Farigiraf
|-status|p2b: Farigiraf|brn
|
|-damage|p2b: Farigiraf|35/100 brn|[from] brn
|upkeep
|
|t:|1786117310
|switch|p1b: Raichu|Raichu-Mega-Y, L50, M|41/100
|turn|5
|
|t:|1786117329
|switch|p2b: Raichu|Raichu, L50, F|100/100
|move|p1a: Sinistcha|Protect|p1a: Sinistcha
|-singleturn|p1a: Sinistcha|Protect
|move|p1b: Raichu|Protect|p1b: Raichu
|-singleturn|p1b: Raichu|Protect
|move|p2a: Arcanine|Flare Blitz|p1a: Sinistcha
|-activate|p1a: Sinistcha|move: Protect
|
|-fieldend|move: Trick Room
|upkeep
|turn|6
|inactive|ttsui234 has 30 seconds left.
|inactive|ttsui234 has 20 seconds left.
|
|t:|1786117366
|move|p2b: Raichu|Fake Out|p1b: Raichu
|-damage|p1b: Raichu|29/100
|move|p1a: Sinistcha|Rage Powder|p1a: Sinistcha
|-singleturn|p1a: Sinistcha|move: Rage Powder
|cant|p1b: Raichu|flinch
|move|p2a: Arcanine|Flare Blitz|p1a: Sinistcha
|-supereffective|p1a: Sinistcha|1
|-damage|p1a: Sinistcha|1/100
|
|upkeep
|turn|7
|
|t:|1786117382
|detailschange|p2b: Raichu|Raichu-Mega-Y, L50, F
|-mega|p2b: Raichu|Raichu|Raichunite Y
|move|p2a: Arcanine|Extreme Speed|p1b: Raichu
|-damage|p1b: Raichu|0 fnt
|faint|p1b: Raichu
|move|p1a: Sinistcha|Rage Powder|p1a: Sinistcha
|-singleturn|p1a: Sinistcha|move: Rage Powder
|move|p2b: Raichu|Zap Cannon|p1a: Sinistcha
|-resisted|p1a: Sinistcha|1
|-damage|p1a: Sinistcha|0 fnt
|faint|p1a: Sinistcha
|
|upkeep
|
|t:|1786117396
|switch|p1b: Hydreigon|Hydreigon, L50, M, shiny|100/100
|turn|8
|
|t:|1786117412
|move|p1b: Hydreigon|Earth Power|p2b: Raichu
|-supereffective|p2b: Raichu|1
|-damage|p2b: Raichu|17/100
|move|p2b: Raichu|Focus Blast|p1b: Hydreigon
|-supereffective|p1b: Hydreigon|1
|-damage|p1b: Hydreigon|5/100
|move|p2a: Arcanine|Head Smash|p1b: Hydreigon
|-damage|p1b: Hydreigon|0 fnt
|faint|p1b: Hydreigon
|
|win|ttsui234
||ttsui234 is ready for game 3.
|inactive|luckycricket0326 has 30 seconds to confirm battle start!
||luckycricket0326 is ready for game 3.
|uhtml|next|Next: Game 3 of 3
|l| HEDGEHOGMEOW
|l|☆luckycricket0326
|player|p1|
|l| Onion2731
