|j|‽Hydye
|j|☆ashnext
|html|Hydyeashnext    
|uhtml|bestof|Game 3 of a best-of-3
|t:|1756922960
|gametype|doubles
|player|p1|Hydye|102|1048
|player|p2|ashnext|101|1000
|gen|9
|tier|[Gen 9] VGC 2025 Reg H (Bo3)
|rated|
|rule|Species Clause: Limit one of each Pokémon
|rule|Item Clause: Limit 1 of each item
|clearpoke
|poke|p1|Gholdengo, L50|
|poke|p1|Incineroar, L50, F|
|poke|p1|Rillaboom, L50, F|
|poke|p1|Ursaluna-Bloodmoon, L50, M|
|poke|p1|Blastoise, L50, M|
|poke|p1|Dragonite, L50, F|
|poke|p2|Dragonite, L50, M|
|poke|p2|Volcarona, L50, M|
|poke|p2|Sneasler, L50, M|
|poke|p2|Rillaboom, L50, F|
|poke|p2|Electabuzz, L50, F|
|poke|p2|Kingambit, L50, M|
|teampreview|4
|showteam|p1|Gholdengo||FocusSash|GoodasGold|MakeItRain,NastyPlot,ShadowBall,Protect||||||50|,,,,,Steel]Incineroar||SitrusBerry|Intimidate|FakeOut,KnockOff,Snarl,PartingShot|||F|||50|,,,,,Grass]Rillaboom||AssaultVest|GrassySurge|FakeOut,GrassyGlide,Uturn,WoodHammer|||F|||50|,,,,,Grass]Ursaluna-Bloodmoon||CovertCloak|MindsEye|BloodMoon,HyperVoice,EarthPower,Protect|||M|||50|,,,,,Normal]Blastoise||LifeOrb|Torrent|FakeOut,AuraSphere,Haze,MuddyWater|||M|||50|,,,,,Water]Dragonite||LoadedDice|Multiscale|ScaleShot,Tailwind,Protect,TeraBlast|||F|||50|,,,,,Fairy
|showteam|p2|Dragonite||LoadedDice|Multiscale|ScaleShot,ExtremeSpeed,Haze,Protect|||M|||50|,,,,,Fairy]Volcarona||CovertCloak|FlameBody|Protect,HeatWave,QuiverDance,GigaDrain|||M|||50|,,,,,Fairy]Sneasler||FocusSash|Unburden|CloseCombat,DireClaw,Protect,ThroatChop|||M|||50|,,,,,Dark]Rillaboom||AssaultVest|GrassySurge|GrassyGlide,FakeOut,WoodHammer,HighHorsepower|||F|||50|,,,,,Fire]Electabuzz||Eviolite|VitalSpirit|FollowMe,Protect,Taunt,Electroweb|||F|||50|,,,,,Ghost]Kingambit||BlackGlasses|Defiant|SuckerPunch,KowtowCleave,Protect,SwordsDance|||M|||50|,,,,,Dark
|inactive|Battle timer is ON: inactive players will automatically lose when time's up. (requested by Hydye)
|inactive|Hydye has 60 seconds left.
|inactive|ashnext has 60 seconds left.
|
|t:|1756923007
|teamsize|p1|4
|teamsize|p2|4
|start
|switch|p1a: Gholdengo|Gholdengo, L50|100/100
|switch|p1b: Ursaluna|Ursaluna-Bloodmoon, L50, M|100/100
|switch|p2a: Volcarona|Volcarona, L50, M|100/100
|switch|p2b: Electabuzz|Electabuzz, L50, F|100/100
|turn|1
|inactive|ashnext has 30 seconds left.
|
|t:|1756923038
|move|p2b: Electabuzz|Protect|p2b: Electabuzz
|-singleturn|p2b: Electabuzz|Protect
|move|p2a: Volcarona|Giga Drain|p1b: Ursaluna
|-supereffective|p1b: Ursaluna
|-damage|p1b: Ursaluna|39/100
|move|p1a: Gholdengo|Nasty Plot|p1a: Gholdengo
|-boost|p1a: Gholdengo|spa|2
|move|p1b: Ursaluna|Earth Power|p2b: Electabuzz
|-activate|p2b: Electabuzz|move: Protect
|
|upkeep
|turn|2
|inactive|ashnext has 30 seconds left.
|inactive|ashnext has 20 seconds left.
|inactive|ashnext has 15 seconds left.
|inactive|ashnext has 10 seconds left.
|inactive|ashnext has 5 seconds left.
|
|t:|1756923089
|-terastallize|p2a: Volcarona|Fairy
|-terastallize|p1b: Ursaluna|Normal
|move|p2b: Electabuzz|Protect|p2b: Electabuzz
|-singleturn|p2b: Electabuzz|Protect
|move|p2a: Volcarona|Heat Wave|p1a: Gholdengo|[spread] p1b
|-miss|p2a: Volcarona|p1a: Gholdengo
|-damage|p1b: Ursaluna|0 fnt
|faint|p1b: Ursaluna
|move|p1a: Gholdengo|Make It Rain|p2a: Volcarona|[spread] p2a
|-activate|p2b: Electabuzz|move: Protect
|-supereffective|p2a: Volcarona
|-damage|p2a: Volcarona|0 fnt
|-unboost|p1a: Gholdengo|spa|1
|faint|p2a: Volcarona
|
|upkeep
|inactive|ashnext has 30 seconds left.
|
|t:|1756923115
|switch|p2a: Kingambit|Kingambit, L50, M|100/100
|switch|p1b: Blastoise|Blastoise, L50, M|100/100
|turn|3
|inactive|ashnext has 30 seconds left.
|inactive|ashnext has 20 seconds left.
|inactive|ashnext has 15 seconds left.
|inactive|ashnext has 10 seconds left.
|
|t:|1756923162
|move|p1b: Blastoise|Fake Out|p2a: Kingambit
|-resisted|p2a: Kingambit
|-damage|p2a: Kingambit|97/100
|-damage|p1b: Blastoise|91/100|[from] item: Life Orb
|move|p2b: Electabuzz|Follow Me|p2b: Electabuzz
|-singleturn|p2b: Electabuzz|move: Follow Me
|move|p1a: Gholdengo|Nasty Plot|p1a: Gholdengo
|-boost|p1a: Gholdengo|spa|2
|cant|p2a: Kingambit|flinch
|
|upkeep
|turn|4
|inactive|ashnext has 30 seconds left.
|
|t:|1756923188
|move|p2a: Kingambit|Sucker Punch|p1a: Gholdengo
|-supereffective|p1a: Gholdengo
|-enditem|p1a: Gholdengo|Focus Sash
|-damage|p1a: Gholdengo|1/100
|move|p2b: Electabuzz|Electroweb|p1b: Blastoise|[spread] p1a,p1b
|-supereffective|p1b: Blastoise
|-damage|p1a: Gholdengo|0 fnt
|-damage|p1b: Blastoise|64/100
|-unboost|p1b: Blastoise|spe|1
|faint|p1a: Gholdengo
|move|p1b: Blastoise|Aura Sphere|p2a: Kingambit
|-supereffective|p2a: Kingambit
|-damage|p2a: Kingambit|0 fnt
|faint|p2a: Kingambit
|-damage|p1b: Blastoise|54/100|[from] item: Life Orb
|
|upkeep
|
|t:|1756923203
|switch|p1a: Incineroar|Incineroar, L50, F|100/100
|switch|p2a: Rillaboom|Rillaboom, L50, F|100/100
|-fieldstart|move: Grassy Terrain|[from] ability: Grassy Surge|[of] p2a: Rillaboom
|-ability|p1a: Incineroar|Intimidate|boost
|-unboost|p2a: Rillaboom|atk|1
|-unboost|p2b: Electabuzz|atk|1
|turn|5
|
|t:|1756923228
|move|p2a: Rillaboom|Fake Out|p1a: Incineroar
|-damage|p1a: Incineroar|92/100
|cant|p1a: Incineroar|flinch
|move|p2b: Electabuzz|Electroweb|p1a: Incineroar|[spread] p1a,p1b
|-supereffective|p1b: Blastoise
|-damage|p1a: Incineroar|78/100
|-damage|p1b: Blastoise|30/100
|-unboost|p1a: Incineroar|spe|1
|-unboost|p1b: Blastoise|spe|1
|move|p1b: Blastoise|Muddy Water|p2b: Electabuzz|[spread] p2a,p2b
|-resisted|p2a: Rillaboom
|-damage|p2a: Rillaboom|81/100
|-damage|p2b: Electabuzz|54/100
|-unboost|p2a: Rillaboom|accuracy|1
|-damage|p1b: Blastoise|20/100|[from] item: Life Orb
|
|-heal|p2b: Electabuzz|60/100|[from] Grassy Terrain
|-heal|p2a: Rillaboom|87/100|[from] Grassy Terrain
|-heal|p1a: Incineroar|84/100|[from] Grassy Terrain
|-heal|p1b: Blastoise|26/100|[from] Grassy Terrain
|upkeep
|turn|6
|
|t:|1756923251
|move|p2b: Electabuzz|Follow Me|p2b: Electabuzz
|-singleturn|p2b: Electabuzz|move: Follow Me
|move|p2a: Rillaboom|Grassy Glide|p1b: Blastoise
|-supereffective|p1b: Blastoise
|-crit|p1b: Blastoise
|-damage|p1b: Blastoise|0 fnt
|faint|p1b: Blastoise
|move|p1a: Incineroar|Knock Off|p2b: Electabuzz
|-damage|p2b: Electabuzz|21/100
|-enditem|p2b: Electabuzz|Eviolite|[from] move: Knock Off|[of] p1a: Incineroar
|
|-heal|p2b: Electabuzz|27/100|[from] Grassy Terrain
|-heal|p2a: Rillaboom|93/100|[from] Grassy Terrain
|-heal|p1a: Incineroar|90/100|[from] Grassy Terrain
|upkeep
|turn|7
|inactive|ashnext has 30 seconds left.
|
|t:|1756923277
|move|p2b: Electabuzz|Follow Me|p2b: Electabuzz
|-singleturn|p2b: Electabuzz|move: Follow Me
|move|p2a: Rillaboom|High Horsepower|p1a: Incineroar
|-supereffective|p1a: Incineroar
|-damage|p1a: Incineroar|51/100
|move|p1a: Incineroar|Knock Off|p2b: Electabuzz
|-damage|p2b: Electabuzz|0 fnt
|faint|p2b: Electabuzz
|
|-heal|p2a: Rillaboom|99/100|[from] Grassy Terrain
|-heal|p1a: Incineroar|57/100|[from] Grassy Terrain
|upkeep
|turn|8
|
|t:|1756923295
|move|p2a: Rillaboom|High Horsepower|p1a: Incineroar|[miss]
|-miss|p2a: Rillaboom|p1a: Incineroar
|move|p1a: Incineroar|Knock Off|p2a: Rillaboom
|-damage|p2a: Rillaboom|61/100
|-enditem|p2a: Rillaboom|Assault Vest|[from] move: Knock Off|[of] p1a: Incineroar
|
|-heal|p2a: Rillaboom|67/100|[from] Grassy Terrain
|-heal|p1a: Incineroar|63/100|[from] Grassy Terrain
|upkeep
|turn|9
|
|t:|1756923307
|move|p2a: Rillaboom|High Horsepower|p1a: Incineroar
|-supereffective|p1a: Incineroar
|-damage|p1a: Incineroar|27/100
|-enditem|p1a: Incineroar|Sitrus Berry|[eat]
|-heal|p1a: Incineroar|51/100|[from] item: Sitrus Berry
|move|p1a: Incineroar|Parting Shot|p2a: Rillaboom
|-unboost|p2a: Rillaboom|atk|1
|-unboost|p2a: Rillaboom|spa|1
|
|-heal|p2a: Rillaboom|72/100|[from] Grassy Terrain
|-heal|p1a: Incineroar|57/100|[from] Grassy Terrain
|-fieldend|move: Grassy Terrain
|upkeep
|turn|10
|
|t:|1756923321
|move|p2a: Rillaboom|High Horsepower|p1a: Incineroar
|-supereffective|p1a: Incineroar
|-damage|p1a: Incineroar|27/100
|move|p1a: Incineroar|Knock Off|p2a: Rillaboom
|-damage|p2a: Rillaboom|48/100
|
|upkeep
|turn|11
|
|t:|1756923329
|move|p2a: Rillaboom|High Horsepower|p1a: Incineroar|[miss]
|-miss|p2a: Rillaboom|p1a: Incineroar
|move|p1a: Incineroar|Knock Off|p2a: Rillaboom
|-damage|p2a: Rillaboom|24/100
|
|upkeep
|turn|12
|
|t:|1756923336
|move|p2a: Rillaboom|High Horsepower|p1a: Incineroar|[miss]
|-miss|p2a: Rillaboom|p1a: Incineroar
|move|p1a: Incineroar|Knock Off|p2a: Rillaboom
|-damage|p2a: Rillaboom|1/100
|
|upkeep
|turn|13
|
|t:|1756923343
|move|p2a: Rillaboom|High Horsepower|p1a: Incineroar|[miss]
|-miss|p2a: Rillaboom|p1a: Incineroar
|move|p1a: Incineroar|Knock Off|p2a: Rillaboom
|-damage|p2a: Rillaboom|0 fnt
|faint|p2a: Rillaboom
|
|win|Hydye
|raw|Hydye's rating: 1048 → 1076(+28 for winning)
|raw|ashnext's rating: 1000 → 1000(+0 for losing)
|l|‽Hydye
|player|p1|
|c|☆ashnext|GG
