|j|☆SandroSSB
|j|☆gunkqing
|html|SandroSSBgunkqing    
|uhtml|bestof|Game 1 of a best-of-3
|t:|1756323815
|gametype|doubles
|player|p1|SandroSSB|brycen|
|player|p2|gunkqing|striker|
|gen|9
|tier|[Gen 9] VGC 2025 Reg H (Bo3)
|rule|Species Clause: Limit one of each Pokémon
|rule|Item Clause: Limit 1 of each item
|clearpoke
|poke|p1|Dragapult, L50, M|
|poke|p1|Typhlosion-Hisui, L50, M|
|poke|p1|Whimsicott, L50, F|
|poke|p1|Electabuzz, L50, M|
|poke|p1|Flamigo, L50, M|
|poke|p1|Incineroar, L50, F|
|poke|p2|Charizard, L50, F|
|poke|p2|Jumpluff, L50, F|
|poke|p2|Torkoal, L50, F|
|poke|p2|Ursaluna, L50, M|
|poke|p2|Incineroar, L50, M|
|poke|p2|Duskull, L50, M|
|teampreview|4
|showteam|p1|Dragapult||ChoiceBand|ClearBody|DragonDarts,Outrage,PhantomForce,Uturn|||M|||50|,,,,,Dragon]Typhlosion-Hisui||ChoiceSpecs|Blaze|Eruption,HeatWave,Overheat,ShadowBall|||M|||50|,,,,,Fire]Whimsicott||CovertCloak|Prankster|Moonblast,Tailwind,SunnyDay,Encore|||F|||50|,,,,,Water]Electabuzz||Eviolite|VitalSpirit|FollowMe,Thunderbolt,Taunt,Protect|||M|||50|,,,,,Ghost]Flamigo||FocusSash|Scrappy|CloseCombat,BraveBird,Feint,Protect|||M|||50|,,,,,Ghost]Incineroar||AssaultVest|Intimidate|FakeOut,KnockOff,FlareBlitz,Uturn|||F|||50|,,,,,Grass
|showteam|p2|Charizard||ChoiceSpecs|SolarPower|HeatWave,Overheat,WeatherBall,DragonPulse|||F|||50|,,,,,Ghost]Jumpluff||CovertCloak|Chlorophyll|SleepPowder,Tailwind,RagePowder,SunnyDay|||F|||50|,,,,,Water]Torkoal||EjectPack|Drought|Overheat,Eruption,ClearSmog,Protect|||F|||50|,,,,,Fire]Ursaluna||FlameOrb|Guts|Facade,HeadlongRush,Earthquake,Protect|||M|||50|,,,,,Ghost]Incineroar||AssaultVest|Intimidate|FakeOut,FlareBlitz,KnockOff,Uturn|||M|||50|,,,,,Ghost]Duskull||Eviolite|Levitate|NightShade,TrickRoom,Taunt,PainSplit|||M|||50|,,,,,Steel
|inactive|Battle timer is ON: inactive players will automatically lose when time's up. (requested by gunkqing)
|c|☆gunkqing|glhf
|c|☆SandroSSB|glhf
|inactive|SandroSSB has 60 seconds left.
|inactive|gunkqing has 60 seconds left.
|inactive|gunkqing has 30 seconds left.
|inactive|gunkqing has 20 seconds left.
|inactive|gunkqing has 15 seconds left.
|
|t:|1756323895
|teamsize|p1|4
|teamsize|p2|4
|start
|switch|p1a: Typhlosion|Typhlosion-Hisui, L50, M|100/100
|switch|p1b: Incineroar|Incineroar, L50, F|100/100
|switch|p2a: Incineroar|Incineroar, L50, M|100/100
|switch|p2b: Duskull|Duskull, L50, M, shiny|100/100
|-ability|p1b: Incineroar|Intimidate|boost
|-unboost|p2a: Incineroar|atk|1
|-unboost|p2b: Duskull|atk|1
|-ability|p2a: Incineroar|Intimidate|boost
|-unboost|p1a: Typhlosion|atk|1
|-unboost|p1b: Incineroar|atk|1
|turn|1
|inactive|SandroSSB has 30 seconds left.
|inactive|SandroSSB has 20 seconds left.
|inactive|SandroSSB has 15 seconds left.
|inactive|SandroSSB has 10 seconds left.
|
|t:|1756323941
|move|p1b: Incineroar|Fake Out|p2a: Incineroar
|-damage|p2a: Incineroar|92/100
|move|p1a: Typhlosion|Eruption|p2b: Duskull|[spread] p2a,p2b
|-resisted|p2a: Incineroar
|-damage|p2a: Incineroar|66/100
|-damage|p2b: Duskull|25/100
|cant|p2a: Incineroar|flinch
|move|p2b: Duskull|Trick Room|p2b: Duskull
|-fieldstart|move: Trick Room|[of] p2b: Duskull
|
|upkeep
|turn|2
|inactive|SandroSSB has 30 seconds left.
|inactive|gunkqing has 30 seconds left.
|inactive|SandroSSB has 20 seconds left.
|inactive|SandroSSB has 15 seconds left.
|
|t:|1756323982
|switch|p1a: Flamigo|Flamigo, L50, M|100/100
|move|p2b: Duskull|Pain Split|p1b: Incineroar
|-sethp|p1b: Incineroar|59/100|[from] move: Pain Split|[silent]
|-sethp|p2b: Duskull|85/100|[from] move: Pain Split
|move|p2a: Incineroar|Knock Off|p1a: Flamigo
|-resisted|p1a: Flamigo
|-damage|p1a: Flamigo|78/100
|-enditem|p1a: Flamigo|Focus Sash|[from] move: Knock Off|[of] p2a: Incineroar
|move|p1b: Incineroar|Knock Off|p2b: Duskull
|-supereffective|p2b: Duskull
|-damage|p2b: Duskull|28/100
|-enditem|p2b: Duskull|Eviolite|[from] move: Knock Off|[of] p1b: Incineroar
|
|upkeep
|turn|3
|inactive|SandroSSB has 30 seconds left.
|
|t:|1756324015
|move|p2b: Duskull|Pain Split|p1a: Flamigo
|-sethp|p1a: Flamigo|50/100|[from] move: Pain Split|[silent]
|-sethp|p2b: Duskull|62/100|[from] move: Pain Split
|move|p2a: Incineroar|U-turn|p1b: Incineroar
|-damage|p1b: Incineroar|43/100
|
|t:|1756324021
|switch|p2a: Torkoal|Torkoal, L50, F, shiny|100/100|[from] U-turn
|-weather|SunnyDay|[from] ability: Drought|[of] p2a: Torkoal
|move|p1b: Incineroar|U-turn|p2b: Duskull
|-resisted|p2b: Duskull
|-damage|p2b: Duskull|52/100
|
|t:|1756324029
|switch|p1b: Typhlosion|Typhlosion-Hisui, L50, M|100/100|[from] U-turn
|move|p1a: Flamigo|Close Combat|p2a: Torkoal
|-damage|p2a: Torkoal|60/100
|-unboost|p1a: Flamigo|def|1
|-unboost|p1a: Flamigo|spd|1
|
|-weather|SunnyDay|[upkeep]
|upkeep
|turn|4
|inactive|SandroSSB has 30 seconds left.
|inactive|SandroSSB has 20 seconds left.
|inactive|SandroSSB has 15 seconds left.
|inactive|SandroSSB has 10 seconds left.
|inactive|SandroSSB has 5 seconds left.
|
|t:|1756324081
|move|p1a: Flamigo|Protect|p1a: Flamigo
|-singleturn|p1a: Flamigo|Protect
|move|p2b: Duskull|Pain Split|p1b: Typhlosion
|-sethp|p1b: Typhlosion|72/100|[from] move: Pain Split|[silent]
|-sethp|p2b: Duskull|85/100|[from] move: Pain Split
|move|p2a: Torkoal|Overheat|p1a: Flamigo
|-activate|p1a: Flamigo|move: Protect
|move|p1b: Typhlosion|Heat Wave|p2a: Torkoal|[spread] p2a,p2b
|-resisted|p2a: Torkoal
|-damage|p2a: Torkoal|6/100
|-damage|p2b: Duskull|0 fnt
|faint|p2b: Duskull
|
|-weather|SunnyDay|[upkeep]
|upkeep
|
|t:|1756324090
|switch|p2b: Ursaluna|Ursaluna, L50, M, shiny|100/100
|turn|5
|inactive|SandroSSB has 30 seconds left.
|
|t:|1756324126
|switch|p1b: Incineroar|Incineroar, L50, F|43/100
|-ability|p1b: Incineroar|Intimidate|boost
|-unboost|p2a: Torkoal|atk|1
|-unboost|p2b: Ursaluna|atk|1
|-enditem|p2a: Torkoal|Eject Pack
|
|t:|1756324130
|switch|p2a: Incineroar|Incineroar, L50, M|66/100
|-ability|p2a: Incineroar|Intimidate|boost
|-fail|p1a: Flamigo|unboost|Attack|[from] ability: Scrappy|[of] p1a: Flamigo
|-unboost|p1b: Incineroar|atk|1
|move|p1a: Flamigo|Feint|p2a: Incineroar
|-crit|p2a: Incineroar
|-damage|p2a: Incineroar|54/100
|move|p2b: Ursaluna|Facade|p1a: Flamigo
|-damage|p1a: Flamigo|0 fnt
|faint|p1a: Flamigo
|
|-weather|SunnyDay|[upkeep]
|-fieldend|move: Trick Room
|-status|p2b: Ursaluna|brn|[from] item: Flame Orb
|upkeep
|
|t:|1756324149
|switch|p1a: Typhlosion|Typhlosion-Hisui, L50, M|72/100
|turn|6
|
|t:|1756324163
|move|p2b: Ursaluna|Protect|p2b: Ursaluna
|-singleturn|p2b: Ursaluna|Protect
|move|p1b: Incineroar|Fake Out|p2a: Incineroar
|-damage|p2a: Incineroar|45/100
|move|p1a: Typhlosion|Eruption|p2a: Incineroar|[spread] p2a
|-activate|p2b: Ursaluna|move: Protect
|-resisted|p2a: Incineroar
|-damage|p2a: Incineroar|14/100
|cant|p2a: Incineroar|flinch
|
|-weather|SunnyDay|[upkeep]
|-damage|p2b: Ursaluna|94/100 brn|[from] brn
|upkeep
|turn|7
|
|t:|1756324183
|switch|p2b: Torkoal|Torkoal, L50, F, shiny|6/100
|-terastallize|p1a: Typhlosion|Fire
|move|p1a: Typhlosion|Eruption|p2b: Torkoal|[spread] p2a,p2b
|-resisted|p2a: Incineroar
|-resisted|p2b: Torkoal
|-damage|p2a: Incineroar|0 fnt
|-damage|p2b: Torkoal|0 fnt
|faint|p2a: Incineroar
|faint|p2b: Torkoal
|move|p1b: Incineroar|Knock Off|p2: Incineroar|[notarget]
|-fail|p1b: Incineroar
|
|-weather|none
|upkeep
|
|t:|1756324185
|switch|p2b: Ursaluna|Ursaluna, L50, M, shiny|94/100 brn
|turn|8
|
|t:|1756324192
|move|p1a: Typhlosion|Eruption|p2b: Ursaluna
|-damage|p2b: Ursaluna|0 fnt
|faint|p2b: Ursaluna
|
|win|SandroSSB
||gunkqing is ready for game 2.
||SandroSSB is ready for game 2.
|uhtml|next|Next: Game 2 of 3
