|j|☆rip bozo lol lmao
|j|☆Dawei No
|html|rip bozo lol lmaoDawei No    
|uhtml|bestof|Game 1 of a best-of-3
|t:|1757646495
|gametype|doubles
|player|p1|rip bozo lol lmao|miku-fairy|1100
|player|p2|Dawei No|lady|1108
|gen|9
|tier|[Gen 9] VGC 2025 Reg H (Bo3)
|rated|
|rule|Species Clause: Limit one of each Pokémon
|rule|Item Clause: Limit 1 of each item
|clearpoke
|poke|p1|Ceruledge, L50, M|
|poke|p1|Indeedee, L50, M|
|poke|p1|Tyranitar, L50, M|
|poke|p1|Excadrill, L50, F|
|poke|p1|Sneasler, L50, F|
|poke|p1|Sinistcha, L50|
|poke|p2|Gholdengo, L50|
|poke|p2|Amoonguss, L50, F|
|poke|p2|Incineroar, L50, F|
|poke|p2|Porygon2, L50|
|poke|p2|Ursaluna, L50, M|
|poke|p2|Flamigo, L50, F|
|teampreview|4
|showteam|p1|Ceruledge||Leftovers|FlashFire|BitterBlade,ShadowClaw,BulkUp,Protect|||M|||50|,,,,,Grass]Indeedee||ChoiceScarf|PsychicSurge|ExpandingForce,TeraBlast,Trick,DazzlingGleam|||M|||50|,,,,,Psychic]Tyranitar||AssaultVest|SandStream|RockSlide,KnockOff,TeraBlast,LowKick|||M|||50|,,,,,Flying]Excadrill||FocusSash|SandRush|Earthquake,IronHead,SwordsDance,Protect|||F|||50|,,,,,Ground]Sneasler||PsychicSeed|Unburden|DireClaw,CloseCombat,Coaching,Protect|||F|||50|,,,,,Ghost]Sinistcha||SitrusBerry|Hospitality|MatchaGotcha,RagePowder,Curse,LifeDew||||||50|,,,,,Dark
|showteam|p2|Gholdengo||LifeOrb|GoodasGold|MakeItRain,NastyPlot,Protect,ShadowBall||||||50|,,,,,Dragon]Amoonguss||SitrusBerry|Regenerator|Spore,RagePowder,SludgeBomb,Protect|||F|||50|,,,,,Water]Incineroar||SafetyGoggles|Intimidate|FlareBlitz,KnockOff,PartingShot,FakeOut|||F|||50|,,,,,Ghost]Porygon2||Eviolite|Download|Recover,TeraBlast,IceBeam,TrickRoom||||||50|,,,,,Fighting]Ursaluna||FlameOrb|Guts|HeadlongRush,Facade,Protect,Earthquake|||M|||50|,,,,,Dragon]Flamigo||FocusSash|Scrappy|CloseCombat,BraveBird,Tailwind,Protect|||F|||50|,,,,,Steel
|inactive|Battle timer is ON: inactive players will automatically lose when time's up. (requested by Dawei No)
|inactive|Dawei No has 60 seconds left.
|
|t:|1757646540
|teamsize|p1|4
|teamsize|p2|4
|start
|switch|p1a: Inthony Deetano|Indeedee, L50, M|100/100
|switch|p1b: I hate this mon|Sneasler, L50, F|100/100
|switch|p2a: Incineroar|Incineroar, L50, F|100/100
|switch|p2b: Porygon2|Porygon2, L50, shiny|100/100
|-fieldstart|move: Psychic Terrain|[from] ability: Psychic Surge|[of] p1a: Inthony Deetano
|-enditem|p1b: I hate this mon|Psychic Seed
|-boost|p1b: I hate this mon|spd|1|[from] item: Psychic Seed
|-ability|p2a: Incineroar|Intimidate|boost
|-unboost|p1a: Inthony Deetano|atk|1
|-unboost|p1b: I hate this mon|atk|1
|-ability|p2b: Porygon2|Download|boost
|-boost|p2b: Porygon2|atk|1
|turn|1
|inactive|Dawei No has 30 seconds left.
|
|t:|1757646568
|move|p1b: I hate this mon|Dire Claw|p2a: Incineroar
|-damage|p2a: Incineroar|78/100
|-status|p2a: Incineroar|par
|move|p1a: Inthony Deetano|Trick|p2b: Porygon2
|-activate|p1a: Inthony Deetano|move: Trick|[of] p2b: Porygon2
|-item|p2b: Porygon2|Choice Scarf|[from] move: Trick
|-item|p1a: Inthony Deetano|Eviolite|[from] move: Trick
|move|p2a: Incineroar|Parting Shot|p1b: I hate this mon
|-unboost|p1b: I hate this mon|atk|1
|-unboost|p1b: I hate this mon|spa|1
|
|t:|1757646581
|switch|p2a: Amoonguss|Amoonguss, L50, F, shiny|100/100|[from] Parting Shot
|move|p2b: Porygon2|Trick Room|p2b: Porygon2
|-fieldstart|move: Trick Room|[of] p2b: Porygon2
|
|upkeep
|turn|2
|
|t:|1757646604
|switch|p2b: Ursaluna|Ursaluna, L50, M|100/100
|switch|p1a: Sword Arm Online|Ceruledge, L50, M|100/100
|move|p2a: Amoonguss|Spore|p1a: Sword Arm Online
|-status|p1a: Sword Arm Online|slp|[from] move: Spore
|move|p1b: I hate this mon|Coaching|p1a: Sword Arm Online
|-boost|p1a: Sword Arm Online|atk|1
|-boost|p1a: Sword Arm Online|def|1
|
|-status|p2b: Ursaluna|brn|[from] item: Flame Orb
|upkeep
|turn|3
|
|t:|1757646621
|switch|p1b: Four Loko|Sinistcha, L50|100/100
|-terastallize|p1a: Sword Arm Online|Grass
|cant|p1a: Sword Arm Online|slp
|move|p2a: Amoonguss|Spore|p1b: Four Loko
|-immune|p1b: Four Loko
|move|p2b: Ursaluna|Earthquake|p1b: Four Loko|[spread] p2a,p1a,p1b
|-resisted|p1a: Sword Arm Online
|-resisted|p1b: Four Loko
|-damage|p2a: Amoonguss|53/100
|-damage|p1a: Sword Arm Online|77/100 slp
|-damage|p1b: Four Loko|75/100
|
|-heal|p1a: Sword Arm Online|83/100 slp|[from] item: Leftovers
|-damage|p2b: Ursaluna|95/100 brn|[from] brn
|upkeep
|turn|4
|
|t:|1757646638
|switch|p2a: Incineroar|Incineroar, L50, F|78/100 par
|-ability|p2a: Incineroar|Intimidate|boost
|-unboost|p1a: Sword Arm Online|atk|1
|-unboost|p1b: Four Loko|atk|1
|move|p1b: Four Loko|Rage Powder|p1b: Four Loko
|-singleturn|p1b: Four Loko|move: Rage Powder
|move|p2b: Ursaluna|Facade|p1b: Four Loko
|-immune|p1b: Four Loko
|cant|p1a: Sword Arm Online|slp
|
|-heal|p1a: Sword Arm Online|89/100 slp|[from] item: Leftovers
|-damage|p2b: Ursaluna|89/100 brn|[from] brn
|upkeep
|turn|5
|
|t:|1757646654
|move|p2a: Incineroar|Knock Off|p1b: Four Loko
|-supereffective|p1b: Four Loko
|-damage|p1b: Four Loko|3/100
|-enditem|p1b: Four Loko|Sitrus Berry|[from] move: Knock Off|[of] p2a: Incineroar
|move|p2b: Ursaluna|Facade|p1a: Sword Arm Online
|-damage|p1a: Sword Arm Online|0 fnt
|faint|p1a: Sword Arm Online
|move|p1b: Four Loko|Curse|p2b: Ursaluna
|-start|p2b: Ursaluna|Curse|[of] p1b: Four Loko
|-damage|p1b: Four Loko|0 fnt
|faint|p1b: Four Loko
|
|-damage|p2b: Ursaluna|83/100 brn|[from] brn
|-damage|p2b: Ursaluna|58/100 brn|[from] Curse
|-fieldend|move: Trick Room
|-fieldend|move: Psychic Terrain
|upkeep
|
|t:|1757646658
|switch|p1a: Inthony Deetano|Indeedee, L50, M|100/100
|switch|p1b: I hate this mon|Sneasler, L50, F|100/100
|-fieldstart|move: Psychic Terrain|[from] ability: Psychic Surge|[of] p1a: Inthony Deetano
|turn|6
|inactive|Dawei No has 30 seconds left.
|
|t:|1757646683
|switch|p2b: Porygon2|Porygon2, L50, shiny|100/100
|-ability|p2b: Porygon2|Download|boost
|-boost|p2b: Porygon2|atk|1
|switch|p2a: Amoonguss|Amoonguss, L50, F, shiny|87/100
|move|p1b: I hate this mon|Close Combat|p2a: Amoonguss
|-resisted|p2a: Amoonguss
|-damage|p2a: Amoonguss|62/100
|-unboost|p1b: I hate this mon|def|1
|-unboost|p1b: I hate this mon|spd|1
|move|p1a: Inthony Deetano|Expanding Force|p2b: Porygon2|[spread] p2a,p2b
|-supereffective|p2a: Amoonguss
|-damage|p2a: Amoonguss|0 fnt
|-damage|p2b: Porygon2|64/100
|faint|p2a: Amoonguss
|
|upkeep
|
|t:|1757646697
|switch|p2a: Incineroar|Incineroar, L50, F|78/100 par
|-ability|p2a: Incineroar|Intimidate|boost
|-unboost|p1a: Inthony Deetano|atk|1
|-unboost|p1b: I hate this mon|atk|1
|turn|7
|
|t:|1757646719
|move|p1b: I hate this mon|Close Combat|p2a: Incineroar
|-supereffective|p2a: Incineroar
|-damage|p2a: Incineroar|3/100 par
|-unboost|p1b: I hate this mon|def|1
|-unboost|p1b: I hate this mon|spd|1
|move|p1a: Inthony Deetano|Expanding Force|p2a: Incineroar|[spread] p2b
|-immune|p2a: Incineroar
|-damage|p2b: Porygon2|25/100
|move|p2b: Porygon2|Ice Beam|p1b: I hate this mon
|-damage|p1b: I hate this mon|34/100
|move|p2a: Incineroar|Knock Off|p1a: Inthony Deetano
|-supereffective|p1a: Inthony Deetano
|-damage|p1a: Inthony Deetano|0 fnt
|-enditem|p1a: Inthony Deetano|Eviolite|[from] move: Knock Off|[of] p2a: Incineroar
|faint|p1a: Inthony Deetano
|
|upkeep
|turn|8
|-message|rip bozo lol lmao forfeited.
|
|win|Dawei No
