|j|‽JovemPontePreta
|j|☆ToastedArt
|html|JovemPontePretaToastedArt    
|uhtml|bestof|Game 1 of a best-of-3
|t:|1784400815
|gametype|doubles
|player|p1|JovemPontePreta|169|1117
|player|p2|ToastedArt|iris|1116
|gen|9
|tier|[Gen 9 Champions] VGC 2026 Reg M-B (Bo3)
|rated|
|rule|Species Clause: Limit one of each Pokémon
|rule|Item Clause: Limit 1 of each item
|clearpoke
|poke|p1|Garchomp, L50, F|
|poke|p1|Incineroar, L50, F|
|poke|p1|Gholdengo, L50|
|poke|p1|Farigiraf, L50, M|
|poke|p1|Drampa, L50, M|
|poke|p1|Staraptor, L50, M|
|poke|p2|Falinks, L50, shiny|
|poke|p2|Gholdengo, L50|
|poke|p2|Hydreigon, L50, M, shiny|
|poke|p2|Sneasler, L50, M|
|poke|p2|Talonflame, L50, M, shiny|
|poke|p2|Kingambit, L50, M|
|teampreview|4
|showteam|p1|Garchomp||LifeOrb|RoughSkin|SwordsDance,Earthquake,DragonClaw,Protect|Jolly||F|||50|]Incineroar||SitrusBerry|Intimidate|FakeOut,FlareBlitz,PartingShot,DarkestLariat|Brave||F|||50|]Gholdengo||FocusSash|GoodasGold|NastyPlot,ShadowBall,MakeItRain,Protect|Modest|||||50|]Farigiraf||Leftovers|ArmorTail|Imprison,Psychic,TrickRoom,Protect|Calm||M|||50|]Drampa||Drampanite|CloudNine|DracoMeteor,IceBeam,HyperVoice,Protect|Quiet||M|||50|]Staraptor||Staraptite|Intimidate|Tailwind,CloseCombat,BraveBird,Roost|Adamant||M|||50|
|showteam|p2|Falinks||Falinksite|Defiant|NoRetreat,BulkUp,CloseCombat,Protect|Careful|||||50|]Gholdengo||SpellTag|GoodasGold|MakeItRain,ShadowBall,NastyPlot,Protect|Modest|||||50|]Hydreigon||LifeOrb|Levitate|DracoMeteor,Snarl,EarthPower,DarkPulse|Modest||M|||50|]Sneasler||FocusSash|PoisonTouch|CloseCombat,PoisonJab,Coaching,FakeOut|Jolly||M|||50|]Talonflame||SharpBeak|GaleWings|BraveBird,Tailwind,Uturn,QuickGuard|Adamant||M|||50|]Kingambit||BlackGlasses|Defiant|KowtowCleave,SuckerPunch,SwordsDance,Protect|Adamant||M|||50|
|inactive|Battle timer is ON: inactive players will automatically lose when time's up. (requested by ToastedArt)
|inactive|ToastedArt has 60 seconds left.
|inactive|ToastedArt has 30 seconds left.
|inactive|ToastedArt has 20 seconds left.
|inactive|ToastedArt has 15 seconds left.
|inactive|ToastedArt has 10 seconds left.
|inactive|ToastedArt has 5 seconds left.
|
|t:|1784400902
|teamsize|p1|4
|teamsize|p2|4
|start
|switch|p1a: Farigiraf|Farigiraf, L50, M|100/100
|switch|p1b: Incineroar|Incineroar, L50, F|100/100
|switch|p2a: Sneasler|Sneasler, L50, M|100/100
|switch|p2b: Kingambit|Kingambit, L50, M|100/100
|-ability|p1b: Incineroar|Intimidate|boost
|-unboost|p2a: Sneasler|atk|1
|-unboost|p2b: Kingambit|atk|1
|-ability|p2b: Kingambit|Defiant|boost
|-boost|p2b: Kingambit|atk|2
|turn|1
|
|t:|1784400926
|move|p2b: Kingambit|Protect|p2b: Kingambit
|-singleturn|p2b: Kingambit|Protect
|move|p1b: Incineroar|Fake Out|p2b: Kingambit
|-activate|p2b: Kingambit|move: Protect
|move|p2a: Sneasler|Coaching|p2b: Kingambit
|-boost|p2b: Kingambit|atk|1
|-boost|p2b: Kingambit|def|1
|move|p1a: Farigiraf|Trick Room|p1a: Farigiraf
|-fieldstart|move: Trick Room|[of] p1a: Farigiraf
|
|upkeep
|turn|2
|
|t:|1784400945
|move|p2b: Kingambit|Swords Dance|p2b: Kingambit
|-boost|p2b: Kingambit|atk|2
|move|p1b: Incineroar|Flare Blitz|p2b: Kingambit
|-supereffective|p2b: Kingambit|1
|-damage|p2b: Kingambit|43/100
|-damage|p1b: Incineroar|81/100|[from] Recoil
|move|p1a: Farigiraf|Psychic|p2a: Sneasler
|-supereffective|p2a: Sneasler|2
|-enditem|p2a: Sneasler|Focus Sash
|-damage|p2a: Sneasler|1/100
|move|p2a: Sneasler|Coaching|p2b: Kingambit
|-boost|p2b: Kingambit|atk|1
|-boost|p2b: Kingambit|def|1
|
|upkeep
|turn|3
|
|t:|1784400960
|move|p2b: Kingambit|Kowtow Cleave|p1b: Incineroar
|-resisted|p1b: Incineroar|1
|-damage|p1b: Incineroar|0 fnt
|faint|p1b: Incineroar
|move|p1a: Farigiraf|Psychic|p2a: Sneasler
|-supereffective|p2a: Sneasler|2
|-damage|p2a: Sneasler|0 fnt
|faint|p2a: Sneasler
|
|upkeep
|
|t:|1784400972
|switch|p1b: Drampa|Drampa, L50, M|100/100
|switch|p2a: Talonflame|Talonflame, L50, M, shiny|100/100
|-ability|p1b: Drampa|Cloud Nine
|turn|4
|
|t:|1784400995
|detailschange|p1b: Drampa|Drampa-Mega, L50, M
|-mega|p1b: Drampa|Drampa|Drampanite
|move|p2b: Kingambit|Protect|p2b: Kingambit
|-singleturn|p2b: Kingambit|Protect
|move|p1b: Drampa|Draco Meteor|p2b: Kingambit
|-activate|p2b: Kingambit|move: Protect
|move|p1a: Farigiraf|Psychic|p2a: Talonflame
|-damage|p2a: Talonflame|47/100
|move|p2a: Talonflame|U-turn|p1a: Farigiraf
|-supereffective|p1a: Farigiraf|1
|-damage|p1a: Farigiraf|60/100
|
|t:|1784401006
|switch|p2a: Hydreigon|Hydreigon, L50, M, shiny|100/100|[from] U-turn
|
|-heal|p1a: Farigiraf|66/100|[from] item: Leftovers
|upkeep
|turn|5
|
|t:|1784401026
|move|p2b: Kingambit|Protect||[still]
|-fail|p2b: Kingambit
|move|p1b: Drampa|Draco Meteor|p2b: Kingambit
|-resisted|p2b: Kingambit|1
|-damage|p2b: Kingambit|7/100
|-unboost|p1b: Drampa|spa|2
|move|p1a: Farigiraf|Imprison|p1a: Farigiraf
|-start|p1a: Farigiraf|move: Imprison
|move|p2a: Hydreigon|Snarl|p1b: Drampa|[spread] p1a,p1b
|-supereffective|p1a: Farigiraf|1
|-damage|p1a: Farigiraf|25/100
|-damage|p1b: Drampa|78/100
|-unboost|p1a: Farigiraf|spa|1
|-unboost|p1b: Drampa|spa|1
|-damage|p2a: Hydreigon|90/100|[from] item: Life Orb
|
|-heal|p1a: Farigiraf|31/100|[from] item: Leftovers
|-fieldend|move: Trick Room
|upkeep
|turn|6
|
|t:|1784401045
|move|p1b: Drampa|Protect|p1b: Drampa
|-singleturn|p1b: Drampa|Protect
|move|p2a: Hydreigon|Dark Pulse|p1a: Farigiraf
|-supereffective|p1a: Farigiraf|1
|-damage|p1a: Farigiraf|0 fnt
|faint|p1a: Farigiraf
|-damage|p2a: Hydreigon|81/100|[from] item: Life Orb
|move|p2b: Kingambit|Kowtow Cleave|p1b: Drampa
|-activate|p1b: Drampa|move: Protect
|
|upkeep
|
|t:|1784401053
|switch|p1a: Gholdengo|Gholdengo, L50|100/100
|turn|7
|
|t:|1784401058
|move|p2b: Kingambit|Sucker Punch|p1a: Gholdengo
|-supereffective|p1a: Gholdengo|1
|-enditem|p1a: Gholdengo|Focus Sash
|-damage|p1a: Gholdengo|1/100
|move|p2a: Hydreigon|Draco Meteor|p1b: Drampa
|-supereffective|p1b: Drampa|1
|-damage|p1b: Drampa|0 fnt
|-unboost|p2a: Hydreigon|spa|2
|faint|p1b: Drampa
|-damage|p2a: Hydreigon|71/100|[from] item: Life Orb
|move|p1a: Gholdengo|Shadow Ball|p2b: Kingambit
|-resisted|p2b: Kingambit|1
|-damage|p2b: Kingambit|0 fnt
|faint|p2b: Kingambit
|
|upkeep
|
|t:|1784401064
|switch|p2b: Talonflame|Talonflame, L50, M, shiny|47/100
|turn|8
|-message|JovemPontePreta forfeited.
|
|win|ToastedArt
