|j|☆Uuuuhh fhjjhjj
|j|☆Govek314
|html|Uuuuhh fhjjhjjGovek314    
|uhtml|bestof|Game 1 of a best-of-3
|t:|1784809474
|gametype|doubles
|player|p1|Uuuuhh fhjjhjj|101|1000
|player|p2|Govek314|169|1000
|gen|9
|tier|[Gen 9 Champions] VGC 2026 Reg M-B (Bo3)
|rated|
|rule|Species Clause: Limit one of each Pokémon
|rule|Item Clause: Limit 1 of each item
|clearpoke
|poke|p1|Rotom-Heat, L50|
|poke|p1|Ninetales-Alola, L50, M|
|poke|p1|Politoed, L50, M|
|poke|p1|Annihilape, L50, M|
|poke|p1|Scovillain, L50, F|
|poke|p1|Sableye, L50, F|
|poke|p2|Tyranitar, L50, F|
|poke|p2|Excadrill, L50, F|
|poke|p2|Milotic, L50, M|
|poke|p2|Sinistcha, L50|
|poke|p2|Staraptor, L50, M|
|poke|p2|Gholdengo, L50|
|teampreview|4
|showteam|p1|Rotom-Heat||FocusSash|Levitate|NastyPlot,Thunder,Overheat,VoltSwitch|Timid|||||50|]Ninetales-Alola||LightClay|SnowWarning|Blizzard,FreezeDry,AuroraVeil,DazzlingGleam|Modest||M|||50|]Politoed||MysticWater|Drizzle|Protect,Haze,WeatherBall,MuddyWater|Bold||M|||50|]Annihilape||ChoiceScarf|Defiant|ShadowClaw,PoisonJab,CloseCombat,BrickBreak|Adamant||M|||50|]Scovillain||Scovillainite|Moody|GigaDrain,RagePowder,Protect,BurningJealousy|Bold||F|||50|]Sableye||Leftovers|Prankster|Encore,LightScreen,Reflect,Snarl|Calm||F|||50|
|showteam|p2|Tyranitar||Tyranitarite|SandStream|KnockOff,RockSlide,HighHorsepower,Protect|Jolly||F|||50|]Excadrill||FocusSash|SandRush|Earthquake,IronHead,RockSlide,Protect|Adamant||F|||50|]Milotic||SitrusBerry|Competitive|Scald,IcyWind,Haze,Protect|Calm||M|||50|]Sinistcha||ColburBerry|Hospitality|MatchaGotcha,ShadowBall,Protect,RagePowder|Bold|||||50|]Staraptor||Staraptite|Intimidate|CloseCombat,BraveBird,Tailwind,Protect|Jolly||M|||50|]Gholdengo||LifeOrb|GoodasGold|MakeItRain,ShadowBall,NastyPlot,Protect|Modest|||||50|
|inactive|Battle timer is ON: inactive players will automatically lose when time's up. (requested by Uuuuhh fhjjhjj)
|
|t:|1784809536
|teamsize|p1|4
|teamsize|p2|4
|start
|switch|p1a: Annihilape|Annihilape, L50, M|100/100
|switch|p1b: Scovillain|Scovillain, L50, F|100/100
|switch|p2a: Staraptor|Staraptor, L50, M|100/100
|switch|p2b: Gholdengo|Gholdengo, L50|100/100
|-ability|p2a: Staraptor|Intimidate|boost
|-unboost|p1a: Annihilape|atk|1
|-ability|p1a: Annihilape|Defiant|boost
|-boost|p1a: Annihilape|atk|2
|-unboost|p1b: Scovillain|atk|1
|turn|1
|inactive|Govek314 has 30 seconds left.
|
|t:|1784809561
|detailschange|p1b: Scovillain|Scovillain-Mega, L50, F
|-mega|p1b: Scovillain|Scovillain|Scovillainite
|move|p1b: Scovillain|Protect|p1b: Scovillain
|-singleturn|p1b: Scovillain|Protect
|move|p1a: Annihilape|Shadow Claw|p2b: Gholdengo
|-supereffective|p2b: Gholdengo|1
|-crit|p2b: Gholdengo
|-damage|p2b: Gholdengo|0 fnt
|faint|p2b: Gholdengo
|move|p2a: Staraptor|Tailwind|p2a: Staraptor
|-sidestart|p2: Govek314|move: Tailwind
|
|upkeep
|
|t:|1784809573
|switch|p2b: Milotic|Milotic, L50, M|100/100
|turn|2
|inactive|Uuuuhh fhjjhjj has 30 seconds left.
|inactive|Uuuuhh fhjjhjj has 20 seconds left.
|inactive|Uuuuhh fhjjhjj has 15 seconds left.
|inactive|Uuuuhh fhjjhjj has 10 seconds left.
|inactive|Uuuuhh fhjjhjj has 5 seconds left.
|
|t:|1784809626
|switch|p1b: Sableye|Sableye, L50, F|100/100
|detailschange|p2a: Staraptor|Staraptor-Mega, L50, M
|-mega|p2a: Staraptor|Staraptor|Staraptite
|move|p2a: Staraptor|Brave Bird|p1a: Annihilape
|-supereffective|p1a: Annihilape|1
|-damage|p1a: Annihilape|0 fnt
|faint|p1a: Annihilape
|-damage|p2a: Staraptor|67/100|[from] Recoil
|move|p2b: Milotic|Haze|p2b: Milotic
|-clearallboost
|
|upkeep
|
|t:|1784809640
|switch|p1a: Scovillain|Scovillain-Mega, L50, F|100/100
|turn|3
|
|t:|1784809656
|move|p1a: Scovillain|Rage Powder|p1a: Scovillain
|-singleturn|p1a: Scovillain|move: Rage Powder
|move|p1b: Sableye|Reflect|p1b: Sableye
|-sidestart|p1: Uuuuhh fhjjhjj|Reflect
|move|p2a: Staraptor|Brave Bird|p1a: Scovillain
|-supereffective|p1a: Scovillain|1
|-damage|p1a: Scovillain|22/100
|-status|p2a: Staraptor|brn|[from] ability: Spicy Spray|[of] p1a: Scovillain
|-damage|p2a: Staraptor|43/100 brn|[from] Recoil
|move|p2b: Milotic|Scald|p1a: Scovillain
|-crit|p1a: Scovillain
|-damage|p1a: Scovillain|0 fnt
|-status|p2b: Milotic|brn|[from] ability: Spicy Spray|[of] p1a: Scovillain
|faint|p1a: Scovillain
|
|-damage|p2a: Staraptor|38/100 brn|[from] brn
|-damage|p2b: Milotic|94/100 brn|[from] brn
|upkeep
|
|t:|1784809674
|switch|p1a: Politoed|Politoed, L50, M|100/100
|-weather|RainDance|[from] ability: Drizzle|[of] p1a: Politoed
|turn|4
|
|t:|1784809691
|move|p1b: Sableye|Light Screen|p1b: Sableye
|-sidestart|p1: Uuuuhh fhjjhjj|move: Light Screen
|move|p2a: Staraptor|Close Combat|p1a: Politoed
|-damage|p1a: Politoed|83/100
|-boost|p2a: Staraptor|def|1
|-boost|p2a: Staraptor|spd|1
|move|p2b: Milotic|Scald|p1a: Politoed
|-resisted|p1a: Politoed|1
|-damage|p1a: Politoed|67/100
|-status|p1a: Politoed|brn
|move|p1a: Politoed|Weather Ball|p2b: Milotic
|-resisted|p2b: Milotic|1
|-damage|p2b: Milotic|67/100 brn
|
|-weather|RainDance|[upkeep]
|-damage|p2a: Staraptor|32/100 brn|[from] brn
|-damage|p2b: Milotic|61/100 brn|[from] brn
|-damage|p1a: Politoed|61/100 brn|[from] brn
|-sideend|p2: Govek314|move: Tailwind
|upkeep
|turn|5
|inactive|Uuuuhh fhjjhjj has 30 seconds left.
|
|t:|1784809719
|move|p1b: Sableye|Encore|p2b: Milotic
|-start|p2b: Milotic|Encore
|move|p2a: Staraptor|Tailwind|p2a: Staraptor
|-sidestart|p2: Govek314|move: Tailwind
|move|p2b: Milotic|Scald|p1a: Politoed
|-resisted|p1a: Politoed|1
|-damage|p1a: Politoed|44/100 brn
|move|p1a: Politoed|Weather Ball|p2b: Milotic
|-resisted|p2b: Milotic|1
|-damage|p2b: Milotic|37/100 brn
|-enditem|p2b: Milotic|Sitrus Berry|[eat]
|-heal|p2b: Milotic|62/100 brn|[from] item: Sitrus Berry
|
|-weather|RainDance|[upkeep]
|-damage|p2a: Staraptor|26/100 brn|[from] brn
|-damage|p2b: Milotic|56/100 brn|[from] brn
|-damage|p1a: Politoed|38/100 brn|[from] brn
|upkeep
|turn|6
|inactive|Uuuuhh fhjjhjj has 30 seconds left.
|
|t:|1784809749
|move|p2a: Staraptor|Close Combat|p1a: Politoed
|-damage|p1a: Politoed|20/100y brn
|-boost|p2a: Staraptor|def|1
|-boost|p2a: Staraptor|spd|1
|move|p2b: Milotic|Scald|p1a: Politoed
|-resisted|p1a: Politoed|1
|-damage|p1a: Politoed|5/100 brn
|move|p1a: Politoed|Weather Ball|p2b: Milotic
|-resisted|p2b: Milotic|1
|-crit|p2b: Milotic
|-damage|p2b: Milotic|21/100 brn
|move|p1b: Sableye|Snarl|p2a: Staraptor|[spread] p2a,p2b
|-resisted|p2a: Staraptor|1
|-damage|p2a: Staraptor|23/100 brn
|-damage|p2b: Milotic|14/100 brn
|-boost|p2a: Staraptor|spa|1
|-unboost|p2b: Milotic|spa|1
|-ability|p2b: Milotic|Competitive|boost
|-boost|p2b: Milotic|spa|2
|
|-weather|RainDance|[upkeep]
|-damage|p2a: Staraptor|17/100 brn|[from] brn
|-damage|p2b: Milotic|8/100 brn|[from] brn
|-damage|p1a: Politoed|0 fnt|[from] brn
|faint|p1a: Politoed
|upkeep
|turn|7
|
|t:|1784809773
|move|p2a: Staraptor|Brave Bird|p1b: Sableye
|-damage|p1b: Sableye|78/100
|-damage|p2a: Staraptor|12/100 brn|[from] Recoil
|move|p2b: Milotic|Scald|p1b: Sableye
|-damage|p1b: Sableye|27/100
|move|p1b: Sableye|Snarl|p2b: Milotic|[spread] p2a,p2b
|-resisted|p2a: Staraptor|1
|-damage|p2a: Staraptor|9/100 brn
|-damage|p2b: Milotic|1/100 brn
|-boost|p2a: Staraptor|spa|1
|-unboost|p2b: Milotic|spa|1
|-ability|p2b: Milotic|Competitive|boost
|-boost|p2b: Milotic|spa|2
|
|-weather|RainDance|[upkeep]
|-heal|p1b: Sableye|33/100|[from] item: Leftovers
|-damage|p2a: Staraptor|3/100 brn|[from] brn
|-damage|p2b: Milotic|0 fnt|[from] brn
|faint|p2b: Milotic
|-sideend|p1: Uuuuhh fhjjhjj|Reflect
|upkeep
|
|t:|1784809790
|switch|p2b: Tyranitar|Tyranitar, L50, F|100/100
|-weather|Sandstorm|[from] ability: Sand Stream|[of] p2b: Tyranitar
|turn|8
|
|t:|1784809802
|move|p1b: Sableye|Reflect|p1b: Sableye
|-sidestart|p1: Uuuuhh fhjjhjj|Reflect
|move|p2a: Staraptor|Brave Bird|p1b: Sableye
|-damage|p1b: Sableye|12/100
|-damage|p2a: Staraptor|0 fnt|[from] Recoil
|faint|p2a: Staraptor
|move|p2b: Tyranitar|Knock Off|p1b: Sableye
|-damage|p1b: Sableye|0 fnt
|-enditem|p1b: Sableye|Leftovers|[from] move: Knock Off|[of] p2b: Tyranitar
|faint|p1b: Sableye
|
|win|Govek314
|inactive|Uuuuhh fhjjhjj has 30 seconds to confirm battle start!
|inactive|Govek314 has 30 seconds to confirm battle start!
|l|☆Uuuuhh fhjjhjj
|player|p1|
||Uuuuhh fhjjhjj is ready for game 2.
|inactive|Govek314 has 20 seconds to confirm battle start!
|inactive|Govek314 has 10 seconds to confirm battle start!
|l|☆Govek314
|player|p2|
||Govek314 is ready for game 2.
|uhtml|next|Next: Game 2 of 3
|j|☆Govek314
|player|p2|Govek314|169|
|l|☆Govek314
|player|p2|
|j|☆Govek314
|player|p2|Govek314|169|
