|j|☆MudByChu
|j|☆dukeenzo
|html|MudByChudukeenzo    
|uhtml|bestof|Game 2 of a best-of-3
|t:|1757829855
|gametype|doubles
|player|p1|MudByChu|kieran|
|player|p2|dukeenzo|irida|
|gen|9
|tier|[Gen 9] VGC 2025 Reg H (Bo3)
|rule|Species Clause: Limit one of each Pokémon
|rule|Item Clause: Limit 1 of each item
|clearpoke
|poke|p1|Archaludon, L50, F|
|poke|p1|Farigiraf, L50, M|
|poke|p1|Indeedee-F, L50, F|
|poke|p1|Ursaluna, L50, M|
|poke|p1|Politoed, L50, M|
|poke|p1|Meowscarada, L50, M|
|poke|p2|Barraskewda, L50, M|
|poke|p2|Farigiraf, L50, M|
|poke|p2|Ursaluna-Bloodmoon, L50, M|
|poke|p2|Dragapult, L50, M|
|poke|p2|Rillaboom, L50, M|
|poke|p2|Ninetales-Alola, L50, F|
|teampreview|4
|showteam|p1|Archaludon||AssaultVest|Stamina|ElectroShot,BodyPress,DracoMeteor,FlashCannon|||F|||50|,,,,,Fairy]Farigiraf||PsychicSeed|ArmorTail|TrickRoom,Psychic,Protect,FoulPlay|||M|||50|,,,,,Dark]Indeedee-F||SafetyGoggles|PsychicSurge|FollowMe,Psychic,Protect,TrickRoom|||F|||50|,,,,,Psychic]Ursaluna||FlameOrb|Guts|Facade,HeadlongRush,Protect,CloseCombat|||M|||50|,,,,,Normal]Politoed||SitrusBerry|Drizzle|WeatherBall,Protect,Encore,HelpingHand|||M|||50|,,,,,Water]Meowscarada||ChoiceScarf|Protean|FlowerTrick,KnockOff,PlayRough,Uturn|||M|||50|,,,,,Grass
|showteam|p2|Barraskewda||ChoiceBand|PropellerTail|CloseCombat,PsychicFangs,Waterfall,ThroatChop|||M|||50|,,,,,Fighting]Farigiraf||SitrusBerry|ArmorTail|AllySwitch,HyperVoice,Protect,TrickRoom|||M|||50|,,,,,Dark]Ursaluna-Bloodmoon||AssaultVest|MindsEye|BloodMoon,HyperVoice,EarthPower,VacuumWave|||M|||50|,,,,,Normal]Dragapult||PowerHerb|ClearBody|DragonDarts,Protect,PhantomForce,Uturn|||M|||50|,,,,,Dragon]Rillaboom||GrassySeed|GrassySurge|WoodHammer,Uturn,GrassyGlide,FakeOut|||M|||50|,,,,,Fire]Ninetales-Alola||LightClay|SnowWarning|AuroraVeil,FreezeDry,IcyWind,Protect|||F|||50|,,,,,Dark
|inactive|Battle timer is ON: inactive players will automatically lose when time's up. (requested by MudByChu)
|inactive|MudByChu has 60 seconds left.
|inactive|MudByChu has 30 seconds left.
|inactive|MudByChu has 20 seconds left.
|inactive|MudByChu has 15 seconds left.
|inactive|MudByChu has 10 seconds left.
|
|t:|1757829941
|teamsize|p1|4
|teamsize|p2|4
|start
|switch|p1a: Meowscarada|Meowscarada, L50, M|100/100
|switch|p1b: Archaludon|Archaludon, L50, F|100/100
|switch|p2a: Ninetales|Ninetales-Alola, L50, F|100/100
|switch|p2b: Farigiraf|Farigiraf, L50, M|100/100
|-weather|Snowscape|[from] ability: Snow Warning|[of] p2a: Ninetales
|turn|1
|inactive|MudByChu has 30 seconds left.
|inactive|MudByChu has 20 seconds left.
|inactive|MudByChu has 15 seconds left.
|
|t:|1757829982
|move|p2b: Farigiraf|Protect|p2b: Farigiraf
|-singleturn|p2b: Farigiraf|Protect
|move|p1a: Meowscarada|Knock Off|p2a: Ninetales
|-start|p1a: Meowscarada|typechange|Dark|[from] ability: Protean
|-resisted|p2a: Ninetales
|-damage|p2a: Ninetales|78/100
|-enditem|p2a: Ninetales|Light Clay|[from] move: Knock Off|[of] p1a: Meowscarada
|move|p2a: Ninetales|Aurora Veil|p2a: Ninetales
|-sidestart|p2: dukeenzo|move: Aurora Veil
|move|p1b: Archaludon|Flash Cannon|p2b: Farigiraf
|-activate|p2b: Farigiraf|move: Protect
|
|-weather|Snowscape|[upkeep]
|upkeep
|turn|2
|
|t:|1757830002
|move|p2b: Farigiraf|Protect||[still]
|-fail|p2b: Farigiraf
|move|p1a: Meowscarada|Knock Off|p2b: Farigiraf
|-supereffective|p2b: Farigiraf
|-damage|p2b: Farigiraf|32/100
|-enditem|p2b: Farigiraf|Sitrus Berry|[from] move: Knock Off|[of] p1a: Meowscarada
|move|p2a: Ninetales|Freeze-Dry|p1a: Meowscarada
|-damage|p1a: Meowscarada|57/100
|move|p1b: Archaludon|Flash Cannon|p2a: Ninetales
|-supereffective|p2a: Ninetales
|-damage|p2a: Ninetales|0 fnt
|faint|p2a: Ninetales
|
|-weather|Snowscape|[upkeep]
|upkeep
|
|t:|1757830020
|switch|p2a: Barraskewda|Barraskewda, L50, M|100/100
|turn|3
|inactive|MudByChu has 30 seconds left.
|inactive|MudByChu has 20 seconds left.
|inactive|MudByChu has 15 seconds left.
|inactive|MudByChu has 10 seconds left.
|
|t:|1757830068
|-terastallize|p2a: Barraskewda|Fighting
|-terastallize|p1b: Archaludon|Fairy
|move|p2b: Farigiraf|Protect|p2b: Farigiraf
|-singleturn|p2b: Farigiraf|Protect
|move|p1a: Meowscarada|Knock Off|p2a: Barraskewda
|-resisted|p2a: Barraskewda
|-damage|p2a: Barraskewda|70/100
|-enditem|p2a: Barraskewda|Choice Band|[from] move: Knock Off|[of] p1a: Meowscarada
|move|p2a: Barraskewda|Close Combat|p1b: Archaludon
|-resisted|p1b: Archaludon
|-damage|p1b: Archaludon|75/100
|-unboost|p2a: Barraskewda|def|1
|-unboost|p2a: Barraskewda|spd|1
|-ability|p1b: Archaludon|Stamina|boost
|-boost|p1b: Archaludon|def|1
|move|p1b: Archaludon|Electro Shot||[still]
|-prepare|p1b: Archaludon|Electro Shot
|-boost|p1b: Archaludon|spa|1
|
|-weather|Snowscape|[upkeep]
|upkeep
|turn|4
|inactive|dukeenzo has 30 seconds left.
|inactive|dukeenzo has 20 seconds left.
|inactive|dukeenzo has 15 seconds left.
|
|t:|1757830111
|move|p1a: Meowscarada|Knock Off|p2a: Barraskewda
|-resisted|p2a: Barraskewda
|-damage|p2a: Barraskewda|41/100
|move|p2a: Barraskewda|Close Combat|p1a: Meowscarada
|-supereffective|p1a: Meowscarada
|-damage|p1a: Meowscarada|0 fnt
|-unboost|p2a: Barraskewda|def|1
|-unboost|p2a: Barraskewda|spd|1
|faint|p1a: Meowscarada
|move|p1b: Archaludon|Electro Shot|p2b: Farigiraf|[from] lockedmove
|-damage|p2b: Farigiraf|0 fnt
|faint|p2b: Farigiraf
|
|-weather|Snowscape|[upkeep]
|upkeep
|inactive|MudByChu has 30 seconds left.
|
|t:|1757830136
|switch|p1a: Farigiraf|Farigiraf, L50, M|100/100
|switch|p2b: Rillaboom|Rillaboom, L50, M|100/100
|-fieldstart|move: Grassy Terrain|[from] ability: Grassy Surge|[of] p2b: Rillaboom
|-enditem|p2b: Rillaboom|Grassy Seed
|-boost|p2b: Rillaboom|def|1|[from] item: Grassy Seed
|turn|5
|inactive|dukeenzo has 30 seconds left.
|
|t:|1757830162
|move|p1a: Farigiraf|Protect|p1a: Farigiraf
|-singleturn|p1a: Farigiraf|Protect
|move|p2a: Barraskewda|Waterfall|p1b: Archaludon
|-damage|p1b: Archaludon|53/100
|-ability|p1b: Archaludon|Stamina|boost
|-boost|p1b: Archaludon|def|1
|move|p2b: Rillaboom|Wood Hammer|p1b: Archaludon
|-damage|p1b: Archaludon|16/100
|-ability|p1b: Archaludon|Stamina|boost
|-boost|p1b: Archaludon|def|1
|-damage|p2b: Rillaboom|91/100|[from] Recoil
|move|p1b: Archaludon|Flash Cannon|p2a: Barraskewda
|-damage|p2a: Barraskewda|0 fnt
|faint|p2a: Barraskewda
|
|-weather|none
|-heal|p2b: Rillaboom|97/100|[from] Grassy Terrain
|-heal|p1b: Archaludon|22/100|[from] Grassy Terrain
|-sideend|p2: dukeenzo|move: Aurora Veil
|upkeep
|turn|6
|inactive|MudByChu has 30 seconds left.
|
|t:|1757830194
|move|p2b: Rillaboom|Wood Hammer|p1b: Archaludon
|-damage|p1b: Archaludon|0 fnt
|faint|p1b: Archaludon
|-damage|p2b: Rillaboom|91/100|[from] Recoil
|move|p1a: Farigiraf|Trick Room|p1a: Farigiraf
|-fieldstart|move: Trick Room|[of] p1a: Farigiraf
|
|-heal|p2b: Rillaboom|97/100|[from] Grassy Terrain
|upkeep
|
|t:|1757830199
|switch|p1b: Indeedee|Indeedee-F, L50, F|100/100
|-fieldstart|move: Psychic Terrain|[from] ability: Psychic Surge|[of] p1b: Indeedee
|-enditem|p1a: Farigiraf|Psychic Seed
|-boost|p1a: Farigiraf|spd|1|[from] item: Psychic Seed
|turn|7
|inactive|dukeenzo has 30 seconds left.
|
|t:|1757830226
|move|p1a: Farigiraf|Psychic|p2b: Rillaboom
|-damage|p2b: Rillaboom|53/100
|move|p1b: Indeedee|Psychic|p2b: Rillaboom
|-damage|p2b: Rillaboom|14/100
|move|p2b: Rillaboom|Wood Hammer|p1b: Indeedee
|-damage|p1b: Indeedee|17/100
|-damage|p2b: Rillaboom|0 fnt|[from] Recoil
|faint|p2b: Rillaboom
|
|win|MudByChu
|l|☆dukeenzo
|player|p2|
|l|☆MudByChu
|player|p1|
