|j|‽sudoz
|j|☆Perhaps Perish?
|html|sudozPerhaps Perish?    
|uhtml|bestof|Game 3 of a best-of-3
|t:|1756228292
|gametype|doubles
|player|p1|sudoz|101|
|player|p2|Perhaps Perish?|steven|
|gen|9
|tier|[Gen 9] VGC 2025 Reg H (Bo3)
|rated|Tournament battle
|rule|Species Clause: Limit one of each Pokémon
|rule|Item Clause: Limit 1 of each item
|clearpoke
|poke|p1|Incineroar, L50, F|
|poke|p1|Gholdengo, L50|
|poke|p1|Amoonguss, L50, F|
|poke|p1|Hydreigon, L50, M|
|poke|p1|Porygon2, L50|
|poke|p1|Ursaluna, L50, M|
|poke|p2|Grimmsnarl, L50, M|
|poke|p2|Greninja-*, L50, F|
|poke|p2|Archaludon, L50, F|
|poke|p2|Sinistcha, L50|
|poke|p2|Pelipper, L50, M|
|poke|p2|Annihilape, L50, M|
|teampreview|4
|showteam|p1|Incineroar||SitrusBerry|Intimidate|FakeOut,KnockOff,FlareBlitz,PartingShot|||F|||50|,,,,,Ghost]Gholdengo||MetalCoat|GoodasGold|Protect,NastyPlot,MakeItRain,ShadowBall||||||50|,,,,,Water]Amoonguss||RockyHelmet|Regenerator|Protect,Spore,RagePowder,PollenPuff|||F|||50|,,,,,Fairy]Hydreigon||SafetyGoggles|Levitate|Protect,DracoMeteor,Snarl,Tailwind|||M|||50|,,,,,Ghost]Porygon2||Eviolite|Download|Recover,IceBeam,TeraBlast,TrickRoom||||||50|,,,,,Fighting]Ursaluna||FlameOrb|Guts|Protect,Earthquake,Facade,HeadlongRush|||M|||50|,,,,,Ghost
|showteam|p2|Grimmsnarl||LightClay|Prankster|Reflect,LightScreen,SpiritBreak,MistyTerrain|||M|||50|,,,,,Ghost]Greninja||LoadedDice|Torrent|WaterShuriken,DarkPulse,Haze,Taunt|||F|||50|,,,,,Ghost]Archaludon||AssaultVest|Stamina|ElectroShot,DragonPulse,Snarl,BodyPress|||F|||50|,,,,,Bug]Sinistcha||SitrusBerry|Hospitality|LifeDew,TrickRoom,RagePowder,MatchaGotcha||||||50|,,,,,Water]Pelipper||CovertCloak|Drizzle|WeatherBall,Hurricane,WideGuard,Protect|||M|||50|,,,,,Grass]Annihilape||ChoiceScarf|Defiant|FinalGambit,CloseCombat,RageFist,Uturn|||M|||50|,,,,,Grass
|j| Dr.Bejan
|j| TheOneAndOnlyChat
|
|t:|1756228319
|teamsize|p1|4
|teamsize|p2|4
|start
|switch|p1a: Porygon2|Porygon2, L50|100/100
|switch|p1b: Amoonguss|Amoonguss, L50, F|100/100
|switch|p2a: good pokemon|Greninja, L50, F, shiny|100/100
|switch|p2b: Bridge/Stapeler?|Archaludon, L50, F, shiny|100/100
|-ability|p1a: Porygon2|Download|boost
|-boost|p1a: Porygon2|spa|1
|turn|1
|
|t:|1756228358
|move|p2a: good pokemon|Taunt|p1a: Porygon2
|-start|p1a: Porygon2|move: Taunt
|move|p2b: Bridge/Stapeler?|Body Press|p1a: Porygon2
|-supereffective|p1a: Porygon2
|-crit|p1a: Porygon2
|-damage|p1a: Porygon2|57/100
|move|p1b: Amoonguss|Spore|p2b: Bridge/Stapeler?
|-status|p2b: Bridge/Stapeler?|slp|[from] move: Spore
|cant|p1a: Porygon2|move: Taunt|Trick Room
|
|upkeep
|turn|2
|j| thewanderer55
|
|t:|1756228372
|-terastallize|p1a: Porygon2|Fighting
|move|p2a: good pokemon|Taunt|p1b: Amoonguss
|-start|p1b: Amoonguss|move: Taunt
|cant|p2b: Bridge/Stapeler?|slp
|move|p1a: Porygon2|Tera Blast|p2a: good pokemon|[anim] Tera Blast Fighting
|-supereffective|p2a: good pokemon
|-damage|p2a: good pokemon|0 fnt
|faint|p2a: good pokemon
|move|p1b: Amoonguss|Pollen Puff|p1a: Porygon2
|-heal|p1a: Porygon2|100/100
|
|upkeep
|
|t:|1756228377
|switch|p2a: Inflated Toucan|Pelipper, L50, M, shiny|100/100
|-weather|RainDance|[from] ability: Drizzle|[of] p2a: Inflated Toucan
|turn|3
|j| GreenCaptain252
|l| GreenCaptain252
|l| thewanderer55
|
|t:|1756228413
|switch|p1b: Gholdengo|Gholdengo, L50|100/100
|move|p2a: Inflated Toucan|Hurricane|p1b: Gholdengo
|-resisted|p1b: Gholdengo
|-damage|p1b: Gholdengo|74/100
|cant|p2b: Bridge/Stapeler?|slp
|move|p1a: Porygon2|Ice Beam|p2a: Inflated Toucan
|-damage|p2a: Inflated Toucan|36/100
|
|-weather|RainDance|[upkeep]
|-end|p1a: Porygon2|move: Taunt
|upkeep
|turn|4
|j| blnkflre1234#
|
|t:|1756228429
|move|p1b: Gholdengo|Shadow Ball|p2a: Inflated Toucan
|-damage|p2a: Inflated Toucan|0 fnt
|faint|p2a: Inflated Toucan
|cant|p2b: Bridge/Stapeler?|slp
|move|p1a: Porygon2|Tera Blast|p2b: Bridge/Stapeler?|[anim] Tera Blast Fighting
|-supereffective|p2b: Bridge/Stapeler?
|-damage|p2b: Bridge/Stapeler?|42/100 slp
|-ability|p2b: Bridge/Stapeler?|Stamina|boost
|-boost|p2b: Bridge/Stapeler?|def|1
|
|-weather|RainDance|[upkeep]
|upkeep
|
|t:|1756228434
|switch|p2a: cupa|Sinistcha, L50|100/100
|-heal|p2b: Bridge/Stapeler?|66/100 slp|[from] ability: Hospitality|[of] p2a: cupa
|turn|5
|l| Dr.Bejan
|l|‽sudoz
|player|p1|
|j| Dr.Bejan
|j|‽sudoz
|player|p1|sudoz|101|
|n|‽sudoz|sudoz
|n|‽sudoz|sudoz
|
|t:|1756228498
|switch|p1b: Amoonguss|Amoonguss, L50, F|100/100
|-curestatus|p2b: Bridge/Stapeler?|slp|[msg]
|move|p2b: Bridge/Stapeler?|Electro Shot||[still]
|-prepare|p2b: Bridge/Stapeler?|Electro Shot
|-boost|p2b: Bridge/Stapeler?|spa|1
|-anim|p2b: Bridge/Stapeler?|Electro Shot|p1b: Amoonguss
|-resisted|p1b: Amoonguss
|-damage|p1b: Amoonguss|78/100
|move|p2a: cupa|Life Dew||[still]|[spread] p2a,p2b
|-fail|p2a: cupa|heal
|-heal|p2b: Bridge/Stapeler?|91/100
|move|p1a: Porygon2|Trick Room|p1a: Porygon2
|-fieldstart|move: Trick Room|[of] p1a: Porygon2
|
|-weather|RainDance|[upkeep]
|upkeep
|turn|6
|inactive|Battle timer is ON: inactive players will automatically lose when time's up. (requested by sudoz)
|
|t:|1756228521
|-terastallize|p2a: cupa|Water
|move|p1b: Amoonguss|Spore|p2b: Bridge/Stapeler?
|-status|p2b: Bridge/Stapeler?|slp|[from] move: Spore
|move|p1a: Porygon2|Ice Beam|p2a: cupa
|-resisted|p2a: cupa
|-damage|p2a: cupa|84/100
|move|p2a: cupa|Life Dew|p2a: cupa|[spread] p2a,p2b
|-heal|p2a: cupa|100/100
|-heal|p2b: Bridge/Stapeler?|100/100 slp
|cant|p2b: Bridge/Stapeler?|slp
|
|-weather|RainDance|[upkeep]
|upkeep
|turn|7
|l| blnkflre1234#
|
|t:|1756228534
|move|p1b: Amoonguss|Spore|p2a: cupa
|-status|p2a: cupa|slp|[from] move: Spore
|move|p1a: Porygon2|Tera Blast|p2a: cupa|[anim] Tera Blast Fighting
|-damage|p2a: cupa|53/100 slp
|cant|p2b: Bridge/Stapeler?|slp
|cant|p2a: cupa|slp
|
|-weather|none
|upkeep
|turn|8
|
|t:|1756228550
|move|p1b: Amoonguss|Pollen Puff|p2a: cupa
|-damage|p2a: cupa|36/100 slp
|-enditem|p2a: cupa|Sitrus Berry|[eat]
|-heal|p2a: cupa|61/100 slp|[from] item: Sitrus Berry
|move|p1a: Porygon2|Tera Blast|p2a: cupa|[anim] Tera Blast Fighting
|-damage|p2a: cupa|14/100 slp
|cant|p2b: Bridge/Stapeler?|slp
|cant|p2a: cupa|slp
|
|upkeep
|turn|9
|
|t:|1756228571
|move|p1b: Amoonguss|Pollen Puff|p2a: cupa
|-damage|p2a: cupa|0 fnt
|faint|p2a: cupa
|move|p1a: Porygon2|Tera Blast|p2b: Bridge/Stapeler?|[anim] Tera Blast Fighting
|-supereffective|p2b: Bridge/Stapeler?
|-damage|p2b: Bridge/Stapeler?|37/100 slp
|-ability|p2b: Bridge/Stapeler?|Stamina|boost
|-boost|p2b: Bridge/Stapeler?|def|1
|-curestatus|p2b: Bridge/Stapeler?|slp|[msg]
|move|p2b: Bridge/Stapeler?|Dragon Pulse|p1b: Amoonguss
|-damage|p1b: Amoonguss|29/100
|
|-fieldend|move: Trick Room
|upkeep
|turn|10
|l| Dr.Bejan
|c|☆Perhaps Perish?|gg
|
|t:|1756228584
|move|p1b: Amoonguss|Protect|p1b: Amoonguss
|-singleturn|p1b: Amoonguss|Protect
|move|p2b: Bridge/Stapeler?|Body Press|p1a: Porygon2
|-damage|p1a: Porygon2|71/100
|move|p1a: Porygon2|Trick Room|p1a: Porygon2
|-fieldstart|move: Trick Room|[of] p1a: Porygon2
|
|upkeep
|turn|11
|
|t:|1756228591
|move|p1b: Amoonguss|Spore|p2b: Bridge/Stapeler?
|-status|p2b: Bridge/Stapeler?|slp|[from] move: Spore
|move|p1a: Porygon2|Tera Blast|p2b: Bridge/Stapeler?|[anim] Tera Blast Fighting
|-supereffective|p2b: Bridge/Stapeler?
|-damage|p2b: Bridge/Stapeler?|0 fnt
|faint|p2b: Bridge/Stapeler?
|
|win|sudoz
|l|☆Perhaps Perish?
|player|p2|
