|j|☆Echoes630
|j|☆KodeBeast0526
|html|Echoes630KodeBeast0526    
|uhtml|bestof|Game 2 of a best-of-3
|t:|1784773965
|gametype|doubles
|player|p1|Echoes630|ingo|1250
|player|p2|KodeBeast0526|hiker|1157
|gen|9
|tier|[Gen 9 Champions] VGC 2026 Reg M-B (Bo3)
|rated|
|rule|Species Clause: Limit one of each Pokémon
|rule|Item Clause: Limit 1 of each item
|clearpoke
|poke|p1|Grimmsnarl, L50, M|
|poke|p1|Froslass, L50, F|
|poke|p1|Maushold, L50|
|poke|p1|Archaludon, L50, M|
|poke|p1|Pelipper, L50, F|
|poke|p1|Swampert, L50, F|
|poke|p2|Aerodactyl, L50, M, shiny|
|poke|p2|Kingambit, L50, M, shiny|
|poke|p2|Sylveon, L50, M, shiny|
|poke|p2|Garchomp, L50, M, shiny|
|poke|p2|Charizard, L50, M, shiny|
|poke|p2|Farigiraf, L50, M, shiny|
|teampreview|4
|showteam|p1|Grimmsnarl||LightClay|Prankster|FakeOut,SpiritBreak,LightScreen,PartingShot|Careful||M|||50|]Froslass||Froslassite|SnowCloak|Blizzard,ShadowBall,NastyPlot,Protect|Modest||F|||50|]Maushold||ChopleBerry|FriendGuard|SuperFang,Feint,FollowMe,Taunt|Jolly|||||50|]Archaludon||Leftovers|Stamina|ElectroShot,FlashCannon,Protect,DragonPulse|Modest||M|||50|]Pelipper||SitrusBerry|Drizzle|WeatherBall,Hurricane,Tailwind,Protect|Modest||F|||50|]Swampert||Swampertite|Torrent|WaveCrash,HighHorsepower,IcePunch,Earthquake|Adamant||F|||50|
|showteam|p2|Aerodactyl||Aerodactylite|Unnerve|RockSlide,IceFang,Tailwind,WideGuard|Jolly||M|||50|]Kingambit||FocusSash|Defiant|KowtowCleave,SuckerPunch,IronHead,LowKick|Adamant||M|||50|]Sylveon||FairyFeather|Pixilate|Detect,HyperVoice,HyperBeam,QuickAttack|Modest||M|||50|]Garchomp||LifeOrb|RoughSkin|Earthquake,DragonClaw,StompingTantrum,Protect|Jolly||M|||50|]Charizard||CharizarditeY|Blaze|Protect,HeatWave,SolarBeam,WeatherBall|Modest||M|||50|]Farigiraf||SitrusBerry|ArmorTail|Thunderbolt,PsychicNoise,TrickRoom,HelpingHand|Bold||M|||50|
|
|t:|1784774006
|teamsize|p1|4
|teamsize|p2|4
|start
|switch|p1a: Maushold|Maushold, L50|100/100
|switch|p1b: Swampert|Swampert, L50, F|100/100
|switch|p2a: Aerodactyl|Aerodactyl, L50, M, shiny|100/100
|switch|p2b: Charizard|Charizard, L50, M, shiny|100/100
|-ability|p2a: Aerodactyl|Unnerve
|turn|1
|
|t:|1784774018
|detailschange|p2b: Charizard|Charizard-Mega-Y, L50, M, shiny
|-mega|p2b: Charizard|Charizard|Charizardite Y
|-weather|SunnyDay|[from] ability: Drought|[of] p2b: Charizard
|detailschange|p1b: Swampert|Swampert-Mega, L50, F
|-mega|p1b: Swampert|Swampert|Swampertite
|move|p1a: Maushold|Follow Me|p1a: Maushold
|-singleturn|p1a: Maushold|move: Follow Me
|move|p2a: Aerodactyl|Tailwind|p2a: Aerodactyl
|-sidestart|p2: KodeBeast0526|move: Tailwind
|move|p2b: Charizard|Solar Beam||[still]
|-prepare|p2b: Charizard|Solar Beam
|-anim|p2b: Charizard|Solar Beam|p1a: Maushold
|-damage|p1a: Maushold|38/100
|move|p1b: Swampert|Wave Crash|p2a: Aerodactyl
|-supereffective|p2a: Aerodactyl|1
|-damage|p2a: Aerodactyl|11/100
|-damage|p1b: Swampert|70/100|[from] Recoil
|
|-weather|SunnyDay|[upkeep]
|upkeep
|turn|2
|
|t:|1784774035
|switch|p1a: Pelipper|Pelipper, L50, F|100/100
|-weather|RainDance|[from] ability: Drizzle|[of] p1a: Pelipper
|move|p2a: Aerodactyl|Rock Slide|p1b: Swampert|[spread] p1a,p1b
|-supereffective|p1a: Pelipper|1
|-resisted|p1b: Swampert|1
|-damage|p1a: Pelipper|51/100
|-damage|p1b: Swampert|59/100
|move|p2b: Charizard|Heat Wave|p1a: Pelipper|[spread] p1a,p1b
|-resisted|p1a: Pelipper|1
|-resisted|p1b: Swampert|1
|-damage|p1a: Pelipper|39/100
|-damage|p1b: Swampert|49/100
|move|p1b: Swampert|Wave Crash|p2b: Charizard
|-supereffective|p2b: Charizard|1
|-damage|p2b: Charizard|0 fnt
|faint|p2b: Charizard
|-damage|p1b: Swampert|16/100|[from] Recoil
|
|-weather|RainDance|[upkeep]
|upkeep
|
|t:|1784774054
|switch|p2b: Sylveon|Sylveon, L50, M, shiny|100/100
|turn|3
|
|t:|1784774064
|switch|p1a: Maushold|Maushold, L50|38/100
|move|p2a: Aerodactyl|Rock Slide|p1b: Swampert|[spread] p1a,p1b
|-resisted|p1b: Swampert|1
|-damage|p1a: Maushold|9/100
|-damage|p1b: Swampert|9/100
|move|p1b: Swampert|Wave Crash|p2b: Sylveon
|-damage|p2b: Sylveon|0 fnt
|faint|p2b: Sylveon
|-damage|p1b: Swampert|0 fnt|[from] Recoil
|faint|p1b: Swampert
|
|-weather|RainDance|[upkeep]
|upkeep
|
|t:|1784774072
|switch|p1b: Archaludon|Archaludon, L50, M|100/100
|switch|p2b: Garchomp|Garchomp, L50, M, shiny|100/100
|turn|4
|
|t:|1784774080
|move|p1a: Maushold|Feint|p2a: Aerodactyl
|-resisted|p2a: Aerodactyl|1
|-damage|p2a: Aerodactyl|6/100
|move|p2a: Aerodactyl|Rock Slide|p1a: Maushold|[spread] p1a,p1b
|-resisted|p1b: Archaludon|1
|-damage|p1a: Maushold|0 fnt
|-damage|p1b: Archaludon|94/100
|-ability|p1b: Archaludon|Stamina|boost
|-boost|p1b: Archaludon|def|1
|faint|p1a: Maushold
|move|p2b: Garchomp|Earthquake|p1b: Archaludon|[spread] p1b
|-immune|p2a: Aerodactyl
|-supereffective|p1b: Archaludon|1
|-damage|p1b: Archaludon|42/100
|-ability|p1b: Archaludon|Stamina|boost
|-boost|p1b: Archaludon|def|1
|-damage|p2b: Garchomp|90/100|[from] item: Life Orb
|move|p1b: Archaludon|Flash Cannon|p2a: Aerodactyl
|-supereffective|p2a: Aerodactyl|1
|-damage|p2a: Aerodactyl|0 fnt
|faint|p2a: Aerodactyl
|
|-weather|RainDance|[upkeep]
|-heal|p1b: Archaludon|48/100|[from] item: Leftovers
|-sideend|p2: KodeBeast0526|move: Tailwind
|upkeep
|
|t:|1784774083
|switch|p1a: Pelipper|Pelipper, L50, F|39/100
|-enditem|p1a: Pelipper|Sitrus Berry|[eat]
|-heal|p1a: Pelipper|63/100|[from] item: Sitrus Berry
|turn|5
|
|t:|1784774086
|move|p2b: Garchomp|Earthquake|p1a: Pelipper|[spread] p1b
|-immune|p1a: Pelipper
|-supereffective|p1b: Archaludon|1
|-crit|p1b: Archaludon
|-damage|p1b: Archaludon|0 fnt
|faint|p1b: Archaludon
|-damage|p2b: Garchomp|80/100|[from] item: Life Orb
|move|p1a: Pelipper|Tailwind|p1a: Pelipper
|-sidestart|p1: Echoes630|move: Tailwind
|
|-weather|RainDance|[upkeep]
|upkeep
|turn|6
|
|t:|1784774091
|move|p1a: Pelipper|Weather Ball|p2b: Garchomp
|-damage|p2b: Garchomp|13/100
|move|p2b: Garchomp|Dragon Claw|p1a: Pelipper
|-damage|p1a: Pelipper|9/100
|-damage|p2b: Garchomp|3/100|[from] item: Life Orb
|
|-weather|none
|upkeep
|turn|7
|
|t:|1784774096
|move|p2b: Garchomp|Protect|p2b: Garchomp
|-singleturn|p2b: Garchomp|Protect
|move|p1a: Pelipper|Weather Ball|p2b: Garchomp
|-activate|p2b: Garchomp|move: Protect
|
|upkeep
|turn|8
|c|☆Echoes630|bro what the bail
|
|t:|1784774104
|move|p2b: Garchomp|Protect||[still]
|-fail|p2b: Garchomp
|move|p1a: Pelipper|Weather Ball|p2b: Garchomp
|-damage|p2b: Garchomp|0 fnt
|faint|p2b: Garchomp
|
|win|Echoes630
||Echoes630 is ready for game 3.
