|j|☆Ng010394
|j|☆Mclovingods
|html|Ng010394Mclovingods    
|uhtml|bestof|Game 2 of a best-of-3
|t:|1782590769
|gametype|doubles
|player|p1|Ng010394|1|1149
|player|p2|Mclovingods|169|1195
|gen|9
|tier|[Gen 9 Champions] VGC 2026 Reg M-B (Bo3)
|rated|
|rule|Species Clause: Limit one of each Pokémon
|rule|Item Clause: Limit 1 of each item
|clearpoke
|poke|p1|Corviknight, L50, F|
|poke|p1|Raichu, L50, F|
|poke|p1|Primarina, L50, M|
|poke|p1|Dragapult, L50, M|
|poke|p1|Incineroar, L50, F|
|poke|p1|Starmie, L50|
|poke|p2|Delphox, L50, F|
|poke|p2|Basculegion, L50, M|
|poke|p2|Sinistcha, L50|
|poke|p2|Incineroar, L50, M|
|poke|p2|Garchomp, L50, F|
|poke|p2|Staraptor, L50, M|
|teampreview|4
|showteam|p1|Corviknight||Leftovers|MirrorArmor|Tailwind,BodyPress,IronHead,BulkUp|Impish||F|||50|]Raichu||RaichuniteY|LightningRod|ZapCannon,FocusBlast,FakeOut,Protect|Hasty||F|||50|]Primarina||MysticWater|LiquidVoice|Moonblast,Protect,HyperVoice,EnergyBall|Modest||M|||50|]Dragapult||LifeOrb|ClearBody|DragonDarts,ShadowBall,Flamethrower,Protect|Hasty||M|||50|]Incineroar||SitrusBerry|Intimidate|FakeOut,PartingShot,ThroatChop,FlareBlitz|Careful||F|||50|]Starmie||Starminite|NaturalCure|AquaJet,Waterfall,ZenHeadbutt,IceSpinner|Jolly|||||50|
|showteam|p2|Delphox||Delphoxite|Blaze|NastyPlot,HeatWave,Psychic,Protect|Timid||F|||50|]Basculegion||MysticWater|Adaptability|WaveCrash,AquaJet,LastRespects,Protect|Jolly||M|||50|]Sinistcha||CobaBerry|Hospitality|MatchaGotcha,RagePowder,LifeDew,TrickRoom|Calm|||||50|]Incineroar||SitrusBerry|Intimidate|FakeOut,PartingShot,FlareBlitz,DarkestLariat|Careful||M|||50|]Garchomp||LifeOrb|RoughSkin|Earthquake,DragonClaw,RockSlide,Protect|Jolly||F|||50|]Staraptor||Staraptite|Intimidate|CloseCombat,BraveBird,Protect,Roost|Jolly||M|||50|
|
|t:|1782590785
|teamsize|p1|4
|teamsize|p2|4
|start
|switch|p1a: Primarina|Primarina, L50, M|100/100
|switch|p1b: Incineroar|Incineroar, L50, F|100/100
|switch|p2a: Delphox|Delphox, L50, F|100/100
|switch|p2b: Sinistcha|Sinistcha, L50|100/100
|-ability|p1b: Incineroar|Intimidate|boost
|-unboost|p2a: Delphox|atk|1
|-unboost|p2b: Sinistcha|atk|1
|turn|1
|
|t:|1782590798
|detailschange|p2a: Delphox|Delphox-Mega, L50, F
|-mega|p2a: Delphox|Delphox|Delphoxite
|move|p2a: Delphox|Protect|p2a: Delphox
|-singleturn|p2a: Delphox|Protect
|move|p1b: Incineroar|Fake Out|p2a: Delphox
|-activate|p2a: Delphox|move: Protect
|move|p2b: Sinistcha|Matcha Gotcha|p1b: Incineroar|[spread] p1a,p1b
|-supereffective|p1a: Primarina|1
|-resisted|p1b: Incineroar|1
|-damage|p1a: Primarina|57/100
|-damage|p1b: Incineroar|90/100
|move|p1a: Primarina|Hyper Voice|p2b: Sinistcha|[spread] p2b
|-activate|p2a: Delphox|move: Protect
|-resisted|p2b: Sinistcha|1
|-damage|p2b: Sinistcha|80/100
|
|upkeep
|turn|2
|
|t:|1782590825
|switch|p2a: Garchomp|Garchomp, L50, F|100/100
|move|p2b: Sinistcha|Matcha Gotcha|p1b: Incineroar|[spread] p1a,p1b
|-supereffective|p1a: Primarina|1
|-resisted|p1b: Incineroar|1
|-damage|p1a: Primarina|17/100
|-heal|p2b: Sinistcha|100/100|[from] drain|[of] p1a: Primarina
|-damage|p1b: Incineroar|82/100
|-status|p1a: Primarina|brn
|move|p1b: Incineroar|Throat Chop|p2a: Garchomp
|-damage|p2a: Garchomp|68/100
|-start|p2a: Garchomp|Throat Chop|[silent]
|-damage|p1b: Incineroar|70/100|[from] ability: Rough Skin|[of] p2a: Garchomp
|move|p1a: Primarina|Hyper Voice|p2b: Sinistcha|[spread] p2a,p2b
|-resisted|p2b: Sinistcha|1
|-damage|p2a: Garchomp|19/100
|-damage|p2b: Sinistcha|80/100
|
|-damage|p1a: Primarina|11/100 brn|[from] brn
|upkeep
|turn|3
|
|t:|1782590847
|switch|p1b: Corviknight|Corviknight, L50, F|100/100
|move|p2a: Garchomp|Protect|p2a: Garchomp
|-singleturn|p2a: Garchomp|Protect
|move|p1a: Primarina|Protect|p1a: Primarina
|-singleturn|p1a: Primarina|Protect
|move|p2b: Sinistcha|Life Dew|p2b: Sinistcha|[spread] p2a,p2b
|-heal|p2a: Garchomp|44/100
|-heal|p2b: Sinistcha|100/100
|
|-damage|p1a: Primarina|5/100 brn|[from] brn
|-end|p2a: Garchomp|Throat Chop|[silent]
|upkeep
|turn|4
|
|t:|1782590865
|move|p2a: Garchomp|Rock Slide|p1a: Primarina|[spread] p1a,p1b
|-damage|p1a: Primarina|0 fnt
|-damage|p1b: Corviknight|82/100
|faint|p1a: Primarina
|-damage|p2a: Garchomp|34/100|[from] item: Life Orb
|move|p2b: Sinistcha|Life Dew||[still]|[spread] p2a,p2b
|-heal|p2a: Garchomp|59/100
|-fail|p2b: Sinistcha|heal
|move|p1b: Corviknight|Tailwind|p1b: Corviknight
|-sidestart|p1: Ng010394|move: Tailwind
|
|-heal|p1b: Corviknight|88/100|[from] item: Leftovers
|upkeep
|
|t:|1782590869
|switch|p1a: Incineroar|Incineroar, L50, F|70/100
|-ability|p1a: Incineroar|Intimidate|boost
|-unboost|p2a: Garchomp|atk|1
|-unboost|p2b: Sinistcha|atk|1
|turn|5
|
|t:|1782590878
|switch|p2a: Incineroar|Incineroar, L50, M|100/100
|-ability|p2a: Incineroar|Intimidate|boost
|-unboost|p1a: Incineroar|atk|1
|-ability|p1b: Corviknight|Mirror Armor
|-unboost|p2a: Incineroar|atk|1
|move|p1a: Incineroar|Fake Out|p2a: Incineroar
|-damage|p2a: Incineroar|93/100
|move|p1b: Corviknight|Iron Head|p2b: Sinistcha
|-damage|p2b: Sinistcha|77/100
|move|p2b: Sinistcha|Trick Room|p2b: Sinistcha
|-fieldstart|move: Trick Room|[of] p2b: Sinistcha
|
|-heal|p1b: Corviknight|94/100|[from] item: Leftovers
|upkeep
|turn|6
|
|t:|1782590904
|switch|p2b: Delphox|Delphox-Mega, L50, F|100/100
|move|p2a: Incineroar|Fake Out|p1b: Corviknight
|-resisted|p1b: Corviknight|1
|-damage|p1b: Corviknight|91/100
|move|p1a: Incineroar|Throat Chop|p2b: Delphox
|-supereffective|p2b: Delphox|1
|-damage|p2b: Delphox|35/100
|-start|p2b: Delphox|Throat Chop|[silent]
|cant|p1b: Corviknight|flinch
|
|-heal|p1b: Corviknight|97/100|[from] item: Leftovers
|upkeep
|turn|7
|
|t:|1782590919
|switch|p2a: Sinistcha|Sinistcha, L50|77/100
|-heal|p2b: Delphox|60/100|[from] ability: Hospitality|[of] p2a: Sinistcha
|move|p1a: Incineroar|Throat Chop|p2b: Delphox
|-supereffective|p2b: Delphox|1
|-damage|p2b: Delphox|0 fnt
|faint|p2b: Delphox
|move|p1b: Corviknight|Body Press|p2a: Sinistcha
|-immune|p2a: Sinistcha
|
|-heal|p1b: Corviknight|100/100|[from] item: Leftovers
|-sideend|p1: Ng010394|move: Tailwind
|upkeep
|
|t:|1782590928
|switch|p2b: Incineroar|Incineroar, L50, M|93/100
|-ability|p2b: Incineroar|Intimidate|boost
|-unboost|p1a: Incineroar|atk|1
|-ability|p1b: Corviknight|Mirror Armor
|-unboost|p2b: Incineroar|atk|1
|turn|8
|
|t:|1782590943
|switch|p1a: Dragapult|Dragapult, L50, M|100/100
|move|p2a: Sinistcha|Rage Powder|p2a: Sinistcha
|-singleturn|p2a: Sinistcha|move: Rage Powder
|move|p2b: Incineroar|Flare Blitz|p1b: Corviknight
|-supereffective|p1b: Corviknight|1
|-damage|p1b: Corviknight|56/100
|-damage|p2b: Incineroar|78/100|[from] Recoil
|move|p1b: Corviknight|Bulk Up|p1b: Corviknight
|-boost|p1b: Corviknight|atk|1
|-boost|p1b: Corviknight|def|1
|
|-heal|p1b: Corviknight|61/100|[from] item: Leftovers
|upkeep
|turn|9
|
|t:|1782590963
|move|p1a: Dragapult|Protect|p1a: Dragapult
|-singleturn|p1a: Dragapult|Protect
|move|p2b: Incineroar|Darkest Lariat|p1a: Dragapult
|-activate|p1a: Dragapult|move: Protect
|move|p1b: Corviknight|Bulk Up|p1b: Corviknight
|-boost|p1b: Corviknight|atk|1
|-boost|p1b: Corviknight|def|1
|move|p2a: Sinistcha|Life Dew|p2a: Sinistcha|[spread] p2a,p2b
|-heal|p2a: Sinistcha|100/100
|-heal|p2b: Incineroar|100/100
|
|-heal|p1b: Corviknight|67/100|[from] item: Leftovers
|-fieldend|move: Trick Room
|upkeep
|turn|10
|
|t:|1782590978
|move|p1a: Dragapult|Shadow Ball|p2a: Sinistcha
|-supereffective|p2a: Sinistcha|1
|-damage|p2a: Sinistcha|15/100
|-damage|p1a: Dragapult|90/100|[from] item: Life Orb
|move|p1b: Corviknight|Body Press|p2b: Incineroar
|-supereffective|p2b: Incineroar|1
|-damage|p2b: Incineroar|21/100
|-enditem|p2b: Incineroar|Sitrus Berry|[eat]
|-heal|p2b: Incineroar|46/100|[from] item: Sitrus Berry
|move|p2b: Incineroar|Darkest Lariat|p1a: Dragapult
|-supereffective|p1a: Dragapult|1
|-damage|p1a: Dragapult|19/100
|move|p2a: Sinistcha|Trick Room|p2a: Sinistcha
|-fieldstart|move: Trick Room|[of] p2a: Sinistcha
|
|-heal|p1b: Corviknight|73/100|[from] item: Leftovers
|upkeep
|turn|11
|
|t:|1782590993
|switch|p1a: Incineroar|Incineroar, L50, F|70/100
|-ability|p1a: Incineroar|Intimidate|boost
|-unboost|p2a: Sinistcha|atk|1
|-unboost|p2b: Incineroar|atk|1
|move|p2b: Incineroar|Flare Blitz|p1b: Corviknight
|-supereffective|p1b: Corviknight|1
|-damage|p1b: Corviknight|56/100
|-status|p1b: Corviknight|brn
|-damage|p2b: Incineroar|40/100|[from] Recoil
|move|p1b: Corviknight|Body Press|p2b: Incineroar
|-supereffective|p2b: Incineroar|1
|-damage|p2b: Incineroar|3/100
|move|p2a: Sinistcha|Life Dew|p2a: Sinistcha|[spread] p2a,p2b
|-heal|p2a: Sinistcha|40/100
|-heal|p2b: Incineroar|28/100
|
|-heal|p1b: Corviknight|61/100 brn|[from] item: Leftovers
|-damage|p1b: Corviknight|56/100 brn|[from] brn
|upkeep
|turn|12
|
|t:|1782591012
|switch|p2b: Garchomp|Garchomp, L50, F|59/100
|move|p1a: Incineroar|Throat Chop|p2a: Sinistcha
|-supereffective|p2a: Sinistcha|1
|-damage|p2a: Sinistcha|0 fnt
|faint|p2a: Sinistcha
|move|p1b: Corviknight|Body Press|p2b: Garchomp
|-damage|p2b: Garchomp|38/100
|-damage|p1b: Corviknight|43/100 brn|[from] ability: Rough Skin|[of] p2b: Garchomp
|
|-heal|p1b: Corviknight|49/100 brn|[from] item: Leftovers
|-damage|p1b: Corviknight|43/100 brn|[from] brn
|upkeep
|
|t:|1782591018
|switch|p2a: Incineroar|Incineroar, L50, M|28/100
|-ability|p2a: Incineroar|Intimidate|boost
|-unboost|p1a: Incineroar|atk|1
|-ability|p1b: Corviknight|Mirror Armor
|-unboost|p2a: Incineroar|atk|1
|turn|13
|
|t:|1782591028
|move|p2a: Incineroar|Fake Out|p1a: Incineroar
|-damage|p1a: Incineroar|62/100
|cant|p1a: Incineroar|flinch
|move|p1b: Corviknight|Body Press|p2a: Incineroar
|-supereffective|p2a: Incineroar|1
|-damage|p2a: Incineroar|0 fnt
|faint|p2a: Incineroar
|move|p2b: Garchomp|Rock Slide|p1b: Corviknight|[spread] p1a,p1b
|-supereffective|p1a: Incineroar|1
|-damage|p1a: Incineroar|12/100
|-damage|p1b: Corviknight|35/100 brn
|-enditem|p1a: Incineroar|Sitrus Berry|[eat]
|-heal|p1a: Incineroar|37/100|[from] item: Sitrus Berry
|-damage|p2b: Garchomp|28/100|[from] item: Life Orb
|
|-heal|p1b: Corviknight|40/100 brn|[from] item: Leftovers
|-damage|p1b: Corviknight|35/100 brn|[from] brn
|upkeep
|turn|14
|-message|Mclovingods forfeited.
|
|win|Ng010394
||Mclovingods is ready for game 3.
||Ng010394 is ready for game 3.
|uhtml|next|Next: Game 3 of 3
