|j|‽Jelloxc
|j|☆natsukivgc
|html|Jelloxcnatsukivgc    
|uhtml|bestof|Game 3 of a best-of-3
|t:|1785465077
|gametype|doubles
|player|p1|Jelloxc|169|1091
|player|p2|natsukivgc|1|1029
|gen|9
|tier|[Gen 9 Champions] VGC 2026 Reg M-B (Bo3)
|rated|
|rule|Species Clause: Limit one of each Pokémon
|rule|Item Clause: Limit 1 of each item
|clearpoke
|poke|p1|Froslass, L50, F|
|poke|p1|Abomasnow, L50, F|
|poke|p1|Avalugg-Hisui, L50, F|
|poke|p1|Ninetales-Alola, L50, M|
|poke|p1|Zoroark-Hisui, L50, F|
|poke|p1|Beartic, L50, M|
|poke|p2|Charizard, L50, M|
|poke|p2|Sneasler, L50, M|
|poke|p2|Kingambit, L50, F|
|poke|p2|Dragonite, L50, F|
|poke|p2|Floette-Eternal, L50, F|
|poke|p2|Whimsicott, L50, F|
|teampreview|4
|showteam|p1|Froslass||Froslassite|SnowCloak|Protect,Blizzard,ShadowBall,Taunt|Timid||F|||50|]Abomasnow||Abomasite|SnowWarning|Blizzard,EarthPower,LeechSeed,Protect|Sassy||F|||50|]Avalugg-Hisui||ExpertBelt|Sturdy|HeavySlam,RockSlide,BodyPress,Protect|Impish||F|||50|]Ninetales-Alola||FocusSash|SnowWarning|AuroraVeil,Protect,Moonblast,Blizzard|Timid||M|||50|]Zoroark-Hisui||ChoiceScarf|Illusion|BitterMalice,DarkPulse,Psychic,SludgeBomb|Modest||F|||50|]Beartic||HardStone|SlushRush|RockSlide,AquaJet,IcicleCrash,BrickBreak|Adamant||M|||50|
|showteam|p2|Charizard||CharizarditeY|Blaze|HeatWave,SolarBeam,WeatherBall,Protect|Modest||M|||50|]Sneasler||WhiteHerb|Unburden|CloseCombat,DireClaw,FakeOut,Coaching|Jolly||M|||50|]Kingambit||BlackGlasses|Defiant|KowtowCleave,SuckerPunch,SwordsDance,Protect|Adamant||F|||50|]Dragonite||LifeOrb|InnerFocus|DragonClaw,LowKick,ExtremeSpeed,Protect|Adamant||F|||50|]Floette-Eternal||Floettite|FlowerVeil|Moonblast,DazzlingGleam,LightofRuin,Protect|Modest||F|||50|]Whimsicott||FocusSash|Prankster|Moonblast,Tailwind,Encore,Protect|Timid||F|||50|
|
|t:|1785465096
|teamsize|p1|4
|teamsize|p2|4
|start
|switch|p1a: Ninetales|Ninetales-Alola, L50, M|100/100
|switch|p1b: Avalugg|Avalugg-Hisui, L50, F|100/100
|switch|p2a: Whimsicott|Whimsicott, L50, F|100/100
|switch|p2b: Charizard|Charizard, L50, M|100/100
|-weather|Snowscape|[from] ability: Snow Warning|[of] p1a: Ninetales
|turn|1
|
|t:|1785465132
|move|p2b: Charizard|Protect|p2b: Charizard
|-singleturn|p2b: Charizard|Protect
|move|p2a: Whimsicott|Moonblast|p1b: Avalugg
|-damage|p1b: Avalugg|28/100
|move|p1a: Ninetales|Blizzard|p2a: Whimsicott|[spread] p2a
|-activate|p2b: Charizard|move: Protect
|-supereffective|p2a: Whimsicott|1
|-enditem|p2a: Whimsicott|Focus Sash
|-damage|p2a: Whimsicott|1/100
|move|p1b: Avalugg|Rock Slide|p2a: Whimsicott|[spread] p2a
|-activate|p2b: Charizard|move: Protect
|-crit|p2a: Whimsicott
|-damage|p2a: Whimsicott|0 fnt
|faint|p2a: Whimsicott
|
|-weather|Snowscape|[upkeep]
|upkeep
|
|t:|1785465148
|switch|p2a: Sneasler|Sneasler, L50, M|100/100
|turn|2
|
|t:|1785465157
|detailschange|p2b: Charizard|Charizard-Mega-Y, L50, M
|-mega|p2b: Charizard|Charizard|Charizardite Y
|-weather|SunnyDay|[from] ability: Drought|[of] p2b: Charizard
|move|p2a: Sneasler|Fake Out|p1a: Ninetales
|-damage|p1a: Ninetales|77/100
|cant|p1a: Ninetales|flinch
|move|p2b: Charizard|Heat Wave|p1a: Ninetales|[spread] p1a,p1b
|-supereffective|p1a: Ninetales|1
|-crit|p1a: Ninetales
|-damage|p1a: Ninetales|0 fnt
|-damage|p1b: Avalugg|0 fnt
|faint|p1a: Ninetales
|faint|p1b: Avalugg
|
|-weather|SunnyDay|[upkeep]
|upkeep
|
|t:|1785465166
|switch|p1a: Froslass|Froslass, L50, F|100/100
|switch|p1b: Beartic|Beartic, L50, M|100/100
|turn|3
|
|t:|1785465207
|switch|p2b: Kingambit|Kingambit, L50, F|100/100
|detailschange|p1a: Froslass|Froslass-Mega, L50, F
|-mega|p1a: Froslass|Froslass|Froslassite
|-weather|Snowscape|[from] ability: Snow Warning|[of] p1a: Froslass
|move|p1b: Beartic|Rock Slide|p2b: Kingambit|[spread] p2a,p2b
|-resisted|p2a: Sneasler|1
|-resisted|p2b: Kingambit|1
|-damage|p2a: Sneasler|77/100
|-damage|p2b: Kingambit|90/100
|move|p1a: Froslass|Blizzard|p2a: Sneasler|[spread] p2a,p2b
|-resisted|p2b: Kingambit|1
|-damage|p2a: Sneasler|17/100
|-damage|p2b: Kingambit|74/100
|-status|p2a: Sneasler|frz
|cant|p2a: Sneasler|frz
|
|-weather|Snowscape|[upkeep]
|upkeep
|turn|4
|
|t:|1785465237
|move|p1b: Beartic|Brick Break|p2b: Kingambit
|-supereffective|p2b: Kingambit|2
|-damage|p2b: Kingambit|0 fnt
|faint|p2b: Kingambit
|cant|p2a: Sneasler|frz
|move|p1a: Froslass|Shadow Ball|p2a: Sneasler
|-damage|p2a: Sneasler|0 fnt
|faint|p2a: Sneasler
|
|-weather|Snowscape|[upkeep]
|upkeep
|
|t:|1785465247
|switch|p2a: Charizard|Charizard-Mega-Y, L50, M|100/100
|-weather|SunnyDay|[from] ability: Drought|[of] p2a: Charizard
|turn|5
|
|t:|1785465256
|move|p1b: Beartic|Aqua Jet|p2a: Charizard
|-supereffective|p2a: Charizard|1
|-damage|p2a: Charizard|84/100
|move|p1a: Froslass|Shadow Ball|p2a: Charizard
|-damage|p2a: Charizard|44/100
|move|p2a: Charizard|Heat Wave|p1b: Beartic|[spread] p1a,p1b
|-supereffective|p1a: Froslass|1
|-crit|p1a: Froslass
|-supereffective|p1b: Beartic|1
|-damage|p1a: Froslass|0 fnt
|-damage|p1b: Beartic|0 fnt
|faint|p1a: Froslass
|faint|p1b: Beartic
|
|win|natsukivgc
|raw|Jelloxc's rating: 1091 → 1063(-28 for losing)
|raw|natsukivgc's rating: 1029 → 1071(+42 for winning)
