|j|☆testingqueen001
|j|☆RagCheese
|html|testingqueen001RagCheese    
|uhtml|bestof|Game 2 of a best-of-3
|t:|1784971077
|gametype|doubles
|player|p1|testingqueen001|265|1222
|player|p2|RagCheese|bellelba|1143
|gen|9
|tier|[Gen 9 Champions] VGC 2026 Reg M-B (Bo3)
|rated|
|rule|Species Clause: Limit one of each Pokémon
|rule|Item Clause: Limit 1 of each item
|clearpoke
|poke|p1|Floette-Eternal, L50, F|
|poke|p1|Garchomp, L50, F|
|poke|p1|Sinistcha, L50|
|poke|p1|Sneasler, L50, M|
|poke|p1|Kingambit, L50, F|
|poke|p1|Incineroar, L50, M|
|poke|p2|Raichu, L50, M|
|poke|p2|Pelipper, L50, M|
|poke|p2|Garchomp, L50, F|
|poke|p2|Archaludon, L50, F|
|poke|p2|Orthworm, L50, F|
|poke|p2|Slowbro, L50, F|
|teampreview|4
|showteam|p1|Floette-Eternal||Floettite|FlowerVeil|DazzlingGleam,DrainingKiss,CalmMind,Protect|Timid||F|||50|]Garchomp||Garchompite|SandVeil|StompingTantrum,ScaleShot,RockSlide,Protect|Adamant||F|||50|]Sinistcha||Leftovers|Hospitality|MatchaGotcha,RagePowder,LifeDew,Protect|Calm|||||50|]Sneasler||MentalHerb|Unburden|FakeOut,Coaching,DireClaw,CloseCombat|Jolly||M|||50|]Kingambit||LifeOrb|Defiant|IronHead,SuckerPunch,KowtowCleave,Protect|Adamant||F|||50|]Incineroar||SitrusBerry|Intimidate|ThroatChop,FlareBlitz,FakeOut,PartingShot|Careful||M|||50|
|showteam|p2|Raichu||RaichuniteX|LightningRod|Protect,FakeOut,Encore,RisingVoltage|Modest||M|||50|]Pelipper||FocusSash|Drizzle|Hurricane,WeatherBall,Tailwind,WideGuard|Modest||M|||50|]Garchomp||ChoiceScarf|RoughSkin|Earthquake,StompingTantrum,DragonClaw,RockSlide|Adamant||F|||50|]Archaludon||LifeOrb|Stamina|DracoMeteor,ElectroShot,FlashCannon,Protect|Modest||F|||50|]Orthworm||SitrusBerry|EarthEater|ShedTail,HelpingHand,BodyPress,IronHead|Adamant||F|||50|]Slowbro||Slowbronite|Regenerator|MuddyWater,Yawn,TrickRoom,Protect|Quiet||F|||50|
|inactive|Battle timer is ON: inactive players will automatically lose when time's up. (requested by testingqueen001)
|inactive|RagCheese has 60 seconds left.
|
|t:|1784971118
|teamsize|p1|4
|teamsize|p2|4
|start
|switch|p1a: Sneasler|Sneasler, L50, M|100/100
|switch|p1b: Garchomp|Garchomp, L50, F|100/100
|switch|p2a: Slowbro|Slowbro, L50, F|100/100
|switch|p2b: Garchomp|Garchomp, L50, F|100/100
|turn|1
|
|t:|1784971128
|detailschange|p1b: Garchomp|Garchomp-Mega, L50, F
|-mega|p1b: Garchomp|Garchomp|Garchompite
|detailschange|p2a: Slowbro|Slowbro-Mega, L50, F
|-mega|p2a: Slowbro|Slowbro|Slowbronite
|move|p1a: Sneasler|Fake Out|p2b: Garchomp
|-damage|p2b: Garchomp|88/100
|-damage|p1a: Sneasler|87/100|[from] ability: Rough Skin|[of] p2b: Garchomp
|cant|p2b: Garchomp|flinch
|move|p1b: Garchomp|Scale Shot|p2b: Garchomp
|-supereffective|p2b: Garchomp|1
|-damage|p2b: Garchomp|58/100
|-supereffective|p2b: Garchomp|1
|-damage|p2b: Garchomp|28/100
|-supereffective|p2b: Garchomp|1
|-damage|p2b: Garchomp|0 fnt
|faint|p2b: Garchomp
|-hitcount|p2: Garchomp|3
|-unboost|p1b: Garchomp|def|1
|-boost|p1b: Garchomp|spe|1
|move|p2a: Slowbro|Trick Room|p2a: Slowbro
|-fieldstart|move: Trick Room|[of] p2a: Slowbro
|
|upkeep
|
|t:|1784971151
|switch|p2b: Archaludon|Archaludon, L50, F|100/100
|turn|2
|
|t:|1784971160
|move|p1b: Garchomp|Protect|p1b: Garchomp
|-singleturn|p1b: Garchomp|Protect
|move|p2a: Slowbro|Muddy Water|p1a: Sneasler|[spread] p1a
|-activate|p1b: Garchomp|move: Protect
|-crit|p1a: Sneasler
|-damage|p1a: Sneasler|29/100
|move|p2b: Archaludon|Draco Meteor|p1b: Garchomp
|-activate|p1b: Garchomp|move: Protect
|move|p1a: Sneasler|Coaching|p1b: Garchomp
|-boost|p1b: Garchomp|atk|1
|-boost|p1b: Garchomp|def|1
|
|upkeep
|turn|3
|
|t:|1784971179
|move|p2a: Slowbro|Muddy Water|p1a: Sneasler|[spread] p1a,p1b
|-damage|p1a: Sneasler|0 fnt
|-damage|p1b: Garchomp|68/100
|faint|p1a: Sneasler
|move|p2b: Archaludon|Draco Meteor|p1b: Garchomp
|-supereffective|p1b: Garchomp|1
|-damage|p1b: Garchomp|0 fnt
|-unboost|p2b: Archaludon|spa|2
|faint|p1b: Garchomp
|-damage|p2b: Archaludon|90/100|[from] item: Life Orb
|
|upkeep
|
|t:|1784971183
|switch|p1b: Incineroar|Incineroar, L50, M|100/100
|switch|p1a: Sinistcha|Sinistcha, L50|100/100
|-ability|p1b: Incineroar|Intimidate|boost
|-unboost|p2a: Slowbro|atk|1
|-unboost|p2b: Archaludon|atk|1
|turn|4
|
|t:|1784971201
|switch|p2b: Pelipper|Pelipper, L50, M|100/100
|-weather|RainDance|[from] ability: Drizzle|[of] p2b: Pelipper
|move|p1b: Incineroar|Fake Out|p2b: Pelipper
|-damage|p2b: Pelipper|84/100
|move|p2a: Slowbro|Muddy Water|p1b: Incineroar|[spread] p1a
|-miss|p2a: Slowbro|p1b: Incineroar
|-resisted|p1a: Sinistcha|1
|-damage|p1a: Sinistcha|75/100
|-unboost|p1a: Sinistcha|accuracy|1
|move|p1a: Sinistcha|Matcha Gotcha|p2a: Slowbro|[spread] p2a,p2b
|-supereffective|p2a: Slowbro|1
|-damage|p2a: Slowbro|57/100
|-heal|p1a: Sinistcha|98/100|[from] drain|[of] p2a: Slowbro
|-damage|p2b: Pelipper|45/100
|-heal|p1a: Sinistcha|100/100|[from] drain|[of] p2b: Pelipper
|
|-weather|RainDance|[upkeep]
|upkeep
|turn|5
|
|t:|1784971225
|move|p2a: Slowbro|Muddy Water|p1b: Incineroar|[spread] p1a,p1b
|-resisted|p1a: Sinistcha|1
|-supereffective|p1b: Incineroar|1
|-damage|p1a: Sinistcha|74/100
|-damage|p1b: Incineroar|16/100
|-enditem|p1b: Incineroar|Sitrus Berry|[eat]
|-heal|p1b: Incineroar|41/100|[from] item: Sitrus Berry
|move|p1b: Incineroar|Throat Chop|p2a: Slowbro
|-supereffective|p2a: Slowbro|1
|-damage|p2a: Slowbro|21/100
|-start|p2a: Slowbro|Throat Chop|[silent]
|move|p1a: Sinistcha|Matcha Gotcha|p2b: Pelipper|[spread] p2a
|-miss|p1a: Sinistcha|p2b: Pelipper
|-supereffective|p2a: Slowbro|1
|-damage|p2a: Slowbro|0 fnt
|-heal|p1a: Sinistcha|86/100|[from] drain|[of] p2a: Slowbro
|faint|p2a: Slowbro
|move|p2b: Pelipper|Hurricane|p1a: Sinistcha
|-supereffective|p1a: Sinistcha|1
|-damage|p1a: Sinistcha|0 fnt
|faint|p1a: Sinistcha
|
|-weather|RainDance|[upkeep]
|-fieldend|move: Trick Room
|upkeep
|
|t:|1784971243
|switch|p2a: Archaludon|Archaludon, L50, F|90/100
|turn|6
|
|t:|1784971264
|move|p2b: Pelipper|Weather Ball|p1b: Incineroar
|-supereffective|p1b: Incineroar|1
|-crit|p1b: Incineroar
|-damage|p1b: Incineroar|0 fnt
|faint|p1b: Incineroar
|
|win|RagCheese
||testingqueen001 is ready for game 3.
|inactive|RagCheese has 30 seconds to confirm battle start!
|inactive|RagCheese has 20 seconds to confirm battle start!
||RagCheese is ready for game 3.
|uhtml|next|Next: Game 3 of 3
|l|☆RagCheese
|player|p2|
