|j|☆asjhfsjdfhdsjf
|j|☆raineyluvsu
|html|asjhfsjdfhdsjfraineyluvsu    
|uhtml|bestof|Game 3 of a best-of-3
|t:|1782741695
|gametype|doubles
|player|p1|asjhfsjdfhdsjf|101|1000
|player|p2|raineyluvsu|1|1108
|gen|9
|tier|[Gen 9 Champions] VGC 2026 Reg M-B (Bo3)
|rated|
|rule|Species Clause: Limit one of each Pokémon
|rule|Item Clause: Limit 1 of each item
|clearpoke
|poke|p1|Mawile, L50, F|
|poke|p1|Slowking-Galar, L50, F|
|poke|p1|Torkoal, L50, M|
|poke|p1|Drampa, L50, F|
|poke|p1|Hatterene, L50, F|
|poke|p1|Kingambit, L50, F|
|poke|p2|Metagross, L50|
|poke|p2|Basculegion, L50, M|
|poke|p2|Blaziken, L50, M|
|poke|p2|Politoed, L50, M|
|poke|p2|Tsareena, L50, F|
|poke|p2|Kingambit, L50, M|
|teampreview|4
|showteam|p1|Mawile||Mawilite|Intimidate|IronHead,PlayRough,IcePunch,SuckerPunch|Adamant||F|||50|]Slowking-Galar||Leftovers|Regenerator|SludgeBomb,Psychic,TrickRoom,ChillyReception|Quiet||F|||50|]Torkoal||Charcoal|Drought|Eruption,Flamethrower,EarthPower,SolarBeam|Modest||M|||50|]Drampa||LifeOrb|Berserk|HyperVoice,DracoMeteor,IceBeam,Thunderbolt|Modest||F|||50|]Hatterene||SitrusBerry|MagicBounce|Psychic,DazzlingGleam,Reflect,TrickRoom|Quiet||F|||50|]Kingambit||BlackGlasses|SupremeOverlord|KowtowCleave,IronHead,SuckerPunch,Protect|Adamant||F|||50|
|showteam|p2|Metagross||Metagrossite|ClearBody|IronHead,PsychicFangs,StompingTantrum,Protect|Jolly|||||50|]Basculegion||LifeOrb|Adaptability|WaveCrash,LastRespects,AquaJet,Protect|Jolly||M|||50|]Blaziken||FocusSash|SpeedBoost|Overheat,AuraSphere,Coaching,Detect|Modest||M|||50|]Politoed||SitrusBerry|Drizzle|WeatherBall,IceBeam,PerishSong,Protect|Bold||M|||50|]Tsareena||ChoiceScarf|QueenlyMajesty|TropKick,TripleAxel,LowKick,Uturn|Jolly||F|||50|]Kingambit||BlackGlasses|Defiant|KowtowCleave,SuckerPunch,SwordsDance,Protect|Brave||M|||50|
|inactive|Battle timer is ON: inactive players will automatically lose when time's up. (requested by asjhfsjdfhdsjf)
|
|t:|1782741704
|teamsize|p1|4
|teamsize|p2|4
|start
|switch|p1a: Slowking|Slowking-Galar, L50, F|100/100
|switch|p1b: Torkoal|Torkoal, L50, M|100/100
|switch|p2a: Metagross|Metagross, L50|100/100
|switch|p2b: Blaziken|Blaziken, L50, M|100/100
|-weather|SunnyDay|[from] ability: Drought|[of] p1b: Torkoal
|turn|1
|
|t:|1782741728
|detailschange|p2a: Metagross|Metagross-Mega, L50
|-mega|p2a: Metagross|Metagross|Metagrossite
|move|p2a: Metagross|Stomping Tantrum|p1b: Torkoal
|-supereffective|p1b: Torkoal|1
|-damage|p1b: Torkoal|41/100
|move|p2b: Blaziken|Aura Sphere|p1b: Torkoal
|-damage|p1b: Torkoal|0 fnt
|faint|p1b: Torkoal
|move|p1a: Slowking|Trick Room|p1a: Slowking
|-fieldstart|move: Trick Room|[of] p1a: Slowking
|
|-weather|SunnyDay|[upkeep]
|-ability|p2b: Blaziken|Speed Boost|boost
|-boost|p2b: Blaziken|spe|1
|upkeep
|
|t:|1782741736
|switch|p1b: Mawile|Mawile, L50, F|100/100
|-ability|p1b: Mawile|Intimidate|boost
|-unboost|p2a: Metagross|atk|1
|-unboost|p2b: Blaziken|atk|1
|turn|2
|
|t:|1782741745
|detailschange|p1b: Mawile|Mawile-Mega, L50, F
|-mega|p1b: Mawile|Mawile|Mawilite
|move|p2a: Metagross|Protect|p2a: Metagross
|-singleturn|p2a: Metagross|Protect
|move|p1a: Slowking|Psychic|p2b: Blaziken
|-supereffective|p2b: Blaziken|1
|-enditem|p2b: Blaziken|Focus Sash
|-damage|p2b: Blaziken|1/100
|move|p1b: Mawile|Iron Head|p2a: Metagross
|-activate|p2a: Metagross|move: Protect
|move|p2b: Blaziken|Coaching|p2a: Metagross
|-boost|p2a: Metagross|atk|1
|-boost|p2a: Metagross|def|1
|
|-weather|SunnyDay|[upkeep]
|-ability|p2b: Blaziken|Speed Boost|boost
|-boost|p2b: Blaziken|spe|1
|upkeep
|turn|3
|
|t:|1782741765
|move|p2b: Blaziken|Detect|p2b: Blaziken
|-singleturn|p2b: Blaziken|Protect
|move|p1a: Slowking|Sludge Bomb|p2b: Blaziken
|-activate|p2b: Blaziken|move: Protect
|move|p1b: Mawile|Iron Head|p2a: Metagross
|-resisted|p2a: Metagross|1
|-damage|p2a: Metagross|79/100
|move|p2a: Metagross|Stomping Tantrum|p1b: Mawile
|-supereffective|p1b: Mawile|1
|-damage|p1b: Mawile|31/100
|
|-weather|SunnyDay|[upkeep]
|-ability|p2b: Blaziken|Speed Boost|boost
|-boost|p2b: Blaziken|spe|1
|upkeep
|turn|4
|
|t:|1782741788
|move|p2b: Blaziken|Detect|p2b: Blaziken
|-singleturn|p2b: Blaziken|Protect
|move|p1a: Slowking|Sludge Bomb|p2b: Blaziken
|-activate|p2b: Blaziken|move: Protect
|move|p1b: Mawile|Iron Head|p2a: Metagross
|-resisted|p2a: Metagross|1
|-damage|p2a: Metagross|59/100
|move|p2a: Metagross|Stomping Tantrum|p1b: Mawile
|-supereffective|p1b: Mawile|1
|-damage|p1b: Mawile|0 fnt
|faint|p1b: Mawile
|
|-weather|SunnyDay|[upkeep]
|-ability|p2b: Blaziken|Speed Boost|boost
|-boost|p2b: Blaziken|spe|1
|upkeep
|
|t:|1782741810
|switch|p1b: Kingambit|Kingambit, L50, F|100/100
|-activate|p1b: Kingambit|ability: Supreme Overlord
|-start|p1b: Kingambit|fallen2|[silent]
|turn|5
|
|t:|1782741823
|switch|p2b: Basculegion|Basculegion, L50, M|100/100
|move|p2a: Metagross|Protect|p2a: Metagross
|-singleturn|p2a: Metagross|Protect
|move|p1a: Slowking|Sludge Bomb|p2b: Basculegion
|-resisted|p2b: Basculegion|1
|-damage|p2b: Basculegion|78/100
|move|p1b: Kingambit|Kowtow Cleave|p2a: Metagross
|-activate|p2a: Metagross|move: Protect
|
|-weather|none
|-fieldend|move: Trick Room
|upkeep
|turn|6
|
|t:|1782741839
|move|p2b: Basculegion|Aqua Jet|p1b: Kingambit
|-damage|p1b: Kingambit|74/100
|-damage|p2b: Basculegion|69/100|[from] item: Life Orb
|move|p2a: Metagross|Stomping Tantrum|p1b: Kingambit
|-supereffective|p1b: Kingambit|1
|-damage|p1b: Kingambit|18/100
|move|p1b: Kingambit|Kowtow Cleave|p2b: Basculegion
|-supereffective|p2b: Basculegion|1
|-damage|p2b: Basculegion|0 fnt
|faint|p2b: Basculegion
|move|p1a: Slowking|Trick Room|p1a: Slowking
|-fieldstart|move: Trick Room|[of] p1a: Slowking
|
|upkeep
|
|t:|1782741850
|switch|p2b: Blaziken|Blaziken, L50, M|1/100
|turn|7
|
|t:|1782741858
|move|p2a: Metagross|Protect|p2a: Metagross
|-singleturn|p2a: Metagross|Protect
|move|p1a: Slowking|Psychic|p2a: Metagross
|-activate|p2a: Metagross|move: Protect
|move|p1b: Kingambit|Kowtow Cleave|p2a: Metagross
|-activate|p2a: Metagross|move: Protect
|move|p2b: Blaziken|Coaching|p2a: Metagross
|-boost|p2a: Metagross|atk|1
|-boost|p2a: Metagross|def|1
|
|-ability|p2b: Blaziken|Speed Boost|boost
|-boost|p2b: Blaziken|spe|1
|upkeep
|turn|8
|inactive|raineyluvsu has 30 seconds left.
|
|t:|1782741884
|move|p2b: Blaziken|Detect|p2b: Blaziken
|-singleturn|p2b: Blaziken|Protect
|move|p1a: Slowking|Psychic|p2b: Blaziken
|-activate|p2b: Blaziken|move: Protect
|move|p1b: Kingambit|Kowtow Cleave|p2a: Metagross
|-supereffective|p2a: Metagross|1
|-damage|p2a: Metagross|6/100
|move|p2a: Metagross|Stomping Tantrum|p1b: Kingambit
|-supereffective|p1b: Kingambit|1
|-damage|p1b: Kingambit|0 fnt
|faint|p1b: Kingambit
|-end|p1b: Kingambit|fallen2|[silent]
|
|-ability|p2b: Blaziken|Speed Boost|boost
|-boost|p2b: Blaziken|spe|1
|upkeep
|turn|9
|
|t:|1782741899
|move|p1a: Slowking|Psychic|p2a: Metagross
|-resisted|p2a: Metagross|2
|-damage|p2a: Metagross|0 fnt
|faint|p2a: Metagross
|move|p2b: Blaziken|Overheat|p1a: Slowking
|-damage|p1a: Slowking|52/100
|-unboost|p2b: Blaziken|spa|2
|
|-heal|p1a: Slowking|58/100|[from] item: Leftovers
|-ability|p2b: Blaziken|Speed Boost|boost
|-boost|p2b: Blaziken|spe|1
|upkeep
|
|t:|1782741903
|switch|p2a: Tsareena|Tsareena, L50, F|100/100
|turn|10
|
|t:|1782741913
|move|p1a: Slowking|Sludge Bomb|p2a: Tsareena
|-supereffective|p2a: Tsareena|1
|-damage|p2a: Tsareena|11/100
|move|p2a: Tsareena|Triple Axel|p1a: Slowking
|-damage|p1a: Slowking|51/100
|-damage|p1a: Slowking|36/100
|-damage|p1a: Slowking|15/100
|-hitcount|p1a: Slowking|3
|move|p2b: Blaziken|Coaching|p2a: Tsareena
|-boost|p2a: Tsareena|atk|1
|-boost|p2a: Tsareena|def|1
|
|-heal|p1a: Slowking|21/100|[from] item: Leftovers
|-fieldend|move: Trick Room
|-ability|p2b: Blaziken|Speed Boost|boost
|-boost|p2b: Blaziken|spe|1
|upkeep
|turn|11
|
|t:|1782741924
|move|p2b: Blaziken|Overheat|p1a: Slowking
|-damage|p1a: Slowking|0 fnt
|-unboost|p2b: Blaziken|spa|2
|faint|p1a: Slowking
|
|win|raineyluvsu
|raw|asjhfsjdfhdsjf's rating: 1000 → 1000(+0 for losing)
|raw|raineyluvsu's rating: 1108 → 1125(+17 for winning)
