|j|☆Wo-Chien<3
|j|☆PutoLen35
|html|Wo-Chien<3PutoLen35    
|uhtml|bestof|Game 1 of a best-of-3
|t:|1756317657
|gametype|doubles
|player|p1|Wo-Chien<3|miku-ground|1046
|player|p2|PutoLen35|preschooler|1117
|gen|9
|tier|[Gen 9] VGC 2025 Reg H (Bo3)
|rated|
|rule|Species Clause: Limit one of each Pokémon
|rule|Item Clause: Limit 1 of each item
|clearpoke
|poke|p1|Ninetales-Alola, L50, M|
|poke|p1|Electabuzz, L50, F|
|poke|p1|Dragonite, L50, F|
|poke|p1|Frosmoth, L50, F|
|poke|p1|Rillaboom, L50, M|
|poke|p1|Kingambit, L50, M|
|poke|p2|Primeape, L50, M|
|poke|p2|Smeargle, L50, M|
|poke|p2|Krookodile, L50, F|
|poke|p2|Cryogonal, L50|
|poke|p2|Gholdengo, L50|
|poke|p2|Whimsicott, L50, F|
|teampreview|4
|showteam|p1|Ninetales-Alola||CovertCloak|SnowWarning|Blizzard,Moonblast,AuroraVeil,Encore|||M|||50|,,,,,Poison]Electabuzz||Eviolite|VitalSpirit|FollowMe,Protect,Thunderbolt,Taunt|||F|||50|,,,,,Ghost]Dragonite||LoadedDice|Multiscale|LowKick,ScaleShot,Protect,Haze|||F|||50|,,,,,Fairy]Frosmoth||Leftovers|IceScales|QuiverDance,Protect,Blizzard,TeraBlast|||F|||50|,,,,,Water]Rillaboom||AssaultVest|GrassySurge|FakeOut,GrassyGlide,WoodHammer,Uturn|||M|||50|,,,,,Fire]Kingambit||BlackGlasses|Defiant|SuckerPunch,KowtowCleave,Protect,SwordsDance|||M|||50|,,,,,Water
|showteam|p2|Primeape||Eviolite|AngerPoint|DrainPunch,RageFist,Taunt,Protect|||M|||50|,,,,,Ghost]Smeargle||FocusSash|Moody|FakeOut,FollowMe,Spore,WickedBlow|||M|||50|,,,,,Ghost]Krookodile||AssaultVest|AngerPoint|Earthquake,HighHorsepower,PowerTrip,RockSlide|||F|||50|,,,,,Fire]Cryogonal||CovertCloak|Levitate|FrostBreath,IcyWind,Haze,FreezeDry||||||50|,,,,,Fairy]Gholdengo||WeaknessPolicy|GoodasGold|MakeItRain,ShadowBall,NastyPlot,Protect||||||50|,,,,,Water]Whimsicott||ScopeLens|Prankster|Tailwind,Taunt,BeatUp,Moonblast|||F|||50|,,,,,Ghost
|
|t:|1756317721
|teamsize|p1|4
|teamsize|p2|4
|start
|switch|p1a: Electabuzz|Electabuzz, L50, F|100/100
|switch|p1b: Shiver Wing|Frosmoth, L50, F|100/100
|switch|p2a: Primeape|Primeape, L50, M|100/100
|switch|p2b: Gholdengo|Gholdengo, L50|100/100
|turn|1
|
|t:|1756317753
|move|p1b: Shiver Wing|Protect|p1b: Shiver Wing
|-singleturn|p1b: Shiver Wing|Protect
|move|p2a: Primeape|Taunt|p1a: Electabuzz
|-start|p1a: Electabuzz|move: Taunt
|cant|p1a: Electabuzz|move: Taunt|Taunt
|move|p2b: Gholdengo|Nasty Plot|p2b: Gholdengo
|-boost|p2b: Gholdengo|spa|2
|
|upkeep
|turn|2
|
|t:|1756317796
|-terastallize|p1b: Shiver Wing|Water
|move|p2a: Primeape|Rage Fist|p2b: Gholdengo
|-supereffective|p2b: Gholdengo
|-damage|p2b: Gholdengo|74/100
|-enditem|p2b: Gholdengo|Weakness Policy
|-boost|p2b: Gholdengo|atk|2|[from] item: Weakness Policy
|-boost|p2b: Gholdengo|spa|2|[from] item: Weakness Policy
|move|p1a: Electabuzz|Thunderbolt|p2a: Primeape
|-damage|p2a: Primeape|74/100
|move|p1b: Shiver Wing|Tera Blast|p2a: Primeape|[anim] Tera Blast Water
|-damage|p2a: Primeape|39/100
|move|p2b: Gholdengo|Shadow Ball|p1b: Shiver Wing
|-damage|p1b: Shiver Wing|20/100
|
|-heal|p1b: Shiver Wing|26/100|[from] item: Leftovers
|upkeep
|turn|3
|inactive|Battle timer is ON: inactive players will automatically lose when time's up. (requested by Wo-Chien<3)
|
|t:|1756317850
|-terastallize|p2a: Primeape|Ghost
|move|p2b: Gholdengo|Protect|p2b: Gholdengo
|-singleturn|p2b: Gholdengo|Protect
|move|p2a: Primeape|Rage Fist|p1a: Electabuzz
|-damage|p1a: Electabuzz|51/100
|move|p1a: Electabuzz|Thunderbolt|p2b: Gholdengo
|-activate|p2b: Gholdengo|move: Protect
|move|p1b: Shiver Wing|Tera Blast|p2a: Primeape|[anim] Tera Blast Water
|-damage|p2a: Primeape|6/100
|
|-heal|p1b: Shiver Wing|32/100|[from] item: Leftovers
|-end|p1a: Electabuzz|move: Taunt
|upkeep
|turn|4
|
|t:|1756317870
|move|p1a: Electabuzz|Follow Me|p1a: Electabuzz
|-singleturn|p1a: Electabuzz|move: Follow Me
|move|p2a: Primeape|Rage Fist|p1a: Electabuzz
|-damage|p1a: Electabuzz|0 fnt
|faint|p1a: Electabuzz
|move|p1b: Shiver Wing|Quiver Dance|p1b: Shiver Wing
|-boost|p1b: Shiver Wing|spa|1
|-boost|p1b: Shiver Wing|spd|1
|-boost|p1b: Shiver Wing|spe|1
|move|p2b: Gholdengo|Make It Rain|p1b: Shiver Wing
|-resisted|p1b: Shiver Wing
|-damage|p1b: Shiver Wing|0 fnt
|-unboost|p2b: Gholdengo|spa|1
|faint|p1b: Shiver Wing
|
|upkeep
|
|t:|1756317879
|switch|p1a: Ninetales|Ninetales-Alola, L50, M|100/100
|switch|p1b: Kingambit|Kingambit, L50, M|100/100
|-weather|Snowscape|[from] ability: Snow Warning|[of] p1a: Ninetales
|turn|5
|inactive|PutoLen35 has 30 seconds left.
|inactive|Wo-Chien<3 has 30 seconds left.
|inactive|PutoLen35 has 20 seconds left.
|inactive|PutoLen35 has 15 seconds left.
|
|t:|1756317922
|move|p1b: Kingambit|Sucker Punch|p2b: Gholdengo
|-supereffective|p2b: Gholdengo
|-damage|p2b: Gholdengo|0 fnt
|faint|p2b: Gholdengo
|move|p1a: Ninetales|Blizzard|p2a: Primeape
|-damage|p2a: Primeape|0 fnt
|faint|p2a: Primeape
|
|-weather|Snowscape|[upkeep]
|upkeep
|
|t:|1756317928
|switch|p2a: Cryogonal|Cryogonal, L50|100/100
|switch|p2b: Whimsicott|Whimsicott, L50, F|100/100
|turn|6
|-message|PutoLen35 forfeited.
|
|win|Wo-Chien<3
