|j|☆grrimm32
|j|‽LovelyDovelyMoment
|html|grrimm32LovelyDovelyMoment    
|uhtml|bestof|Game 3 of a best-of-3
|t:|1786194387
|gametype|doubles
|player|p1|grrimm32|iono-masters|
|player|p2|LovelyDovelyMoment|iris-gen5bw2|
|gen|9
|tier|[Gen 9 Champions] VGC 2026 Reg M-B (Bo3)
|rule|Species Clause: Limit one of each Pokémon
|rule|Item Clause: Limit 1 of each item
|clearpoke
|poke|p1|Runerigus, L50, F|
|poke|p1|Slowbro, L50, F|
|poke|p1|Emboar, L50, F, shiny|
|poke|p1|Abomasnow, L50, M, shiny|
|poke|p1|Steelix, L50, F|
|poke|p1|Sableye, L50, F|
|poke|p2|Tinkaton, L50, F|
|poke|p2|Runerigus, L50, M|
|poke|p2|Sableye, L50, M|
|poke|p2|Heliolisk, L50, M|
|poke|p2|Simisear, L50, F|
|poke|p2|Emboar, L50, F, shiny|
|teampreview|4
|showteam|p1|Runerigus||MentalHerb|WanderingSpirit|TrickRoom,Taunt,WillOWisp,Poltergeist|Sassy||F|||50|]Slowbro||Leftovers|Regenerator|TrickRoom,Scald,CalmMind,SlackOff|Relaxed||F|||50|]Emboar||LifeOrb|Reckless|FlareBlitz,CloseCombat,WildCharge,Protect|Brave||F|||50|]Abomasnow||Abomasite|SnowWarning|Blizzard,EarthPower,GigaDrain,Protect|Quiet||M|||50|]Steelix||Steelixite|Sturdy|GyroBall,HighHorsepower,Curse,Protect|Brave||F|||50|]Sableye||LightClay|Prankster|LightScreen,Reflect,Quash,FakeOut|Calm||F|||50|
|showteam|p2|Tinkaton||SitrusBerry|Pickpocket|FakeOut,GigatonHammer,PlayRough,Protect|Adamant||F|||50|]Runerigus||Leftovers|WanderingSpirit|Imprison,TrickRoom,Protect,Earthquake|Sassy||M|||50|]Sableye||FocusSash|Prankster|Encore,FakeOut,Taunt,Detect|Relaxed||M|||50|]Heliolisk||LifeOrb|SolarPower|HyperVoice,Discharge,Protect,GrassKnot|Timid||M|||50|]Simisear||ChoiceScarf|Blaze|Overheat,FocusBlast,SunnyDay,HeatWave|Modest||F|||50|]Emboar||IronBall|Reckless|FlareBlitz,WildCharge,DrainPunch,Protect|Brave||F|||50|
|
|t:|1786194437
|teamsize|p1|4
|teamsize|p2|4
|start
|switch|p1a: Slowbro|Slowbro, L50, F|100/100
|switch|p1b: Abomasnow|Abomasnow, L50, M, shiny|100/100
|switch|p2a: Runerigus|Runerigus, L50, M|100/100
|switch|p2b: Tinkaton|Tinkaton, L50, F|100/100
|-weather|Snowscape|[from] ability: Snow Warning|[of] p1b: Abomasnow
|turn|1
|
|t:|1786194451
|move|p1b: Abomasnow|Protect|p1b: Abomasnow
|-singleturn|p1b: Abomasnow|Protect
|move|p2b: Tinkaton|Fake Out|p1b: Abomasnow
|-activate|p1b: Abomasnow|move: Protect
|move|p2a: Runerigus|Imprison|p2a: Runerigus
|-start|p2a: Runerigus|move: Imprison
|move|p1a: Slowbro|Scald|p2a: Runerigus
|-supereffective|p2a: Runerigus|1
|-damage|p2a: Runerigus|56/100
|
|-weather|Snowscape|[upkeep]
|-heal|p2a: Runerigus|62/100|[from] item: Leftovers
|upkeep
|turn|2
|
|t:|1786194479
|switch|p1b: Emboar|Emboar, L50, F, shiny|100/100
|move|p2a: Runerigus|Protect|p2a: Runerigus
|-singleturn|p2a: Runerigus|Protect
|move|p2b: Tinkaton|Gigaton Hammer|p1b: Emboar
|-resisted|p1b: Emboar|1
|-damage|p1b: Emboar|65/100
|move|p1a: Slowbro|Calm Mind|p1a: Slowbro
|-boost|p1a: Slowbro|spa|1
|-boost|p1a: Slowbro|spd|1
|
|-weather|Snowscape|[upkeep]
|-heal|p2a: Runerigus|68/100|[from] item: Leftovers
|upkeep
|turn|3
|
|t:|1786194497
|move|p2b: Tinkaton|Protect|p2b: Tinkaton
|-singleturn|p2b: Tinkaton|Protect
|move|p1b: Emboar|Flare Blitz|p2a: Runerigus
|-damage|p2a: Runerigus|0 fnt
|-activate|p1b: Emboar|Skill Swap|Wandering Spirit|Reckless|[of] p2a: Runerigus
|faint|p2a: Runerigus
|-damage|p1b: Emboar|48/100|[from] Recoil
|-damage|p1b: Emboar|38/100|[from] item: Life Orb
|move|p1a: Slowbro|Calm Mind|p1a: Slowbro
|-boost|p1a: Slowbro|spa|1
|-boost|p1a: Slowbro|spd|1
|
|-weather|Snowscape|[upkeep]
|upkeep
|
|t:|1786194502
|switch|p2a: Simisear|Simisear, L50, F|100/100
|turn|4
|
|t:|1786194529
|move|p2a: Simisear|Sunny Day|p2a: Simisear
|-weather|SunnyDay
|move|p2b: Tinkaton|Gigaton Hammer|p1b: Emboar
|-resisted|p1b: Emboar|1
|-damage|p1b: Emboar|5/100
|move|p1b: Emboar|Flare Blitz|p2b: Tinkaton
|-supereffective|p2b: Tinkaton|1
|-damage|p2b: Tinkaton|0 fnt
|faint|p2b: Tinkaton
|-damage|p1b: Emboar|0 fnt|[from] Recoil
|faint|p1b: Emboar
|move|p1a: Slowbro|Trick Room|p1a: Slowbro
|-fieldstart|move: Trick Room|[of] p1a: Slowbro
|
|-weather|SunnyDay|[upkeep]
|upkeep
|
|t:|1786194535
|switch|p1b: Abomasnow|Abomasnow, L50, M, shiny|100/100
|switch|p2b: Heliolisk|Heliolisk, L50, M|100/100
|-weather|Snowscape|[from] ability: Snow Warning|[of] p1b: Abomasnow
|turn|5
|
|t:|1786194545
|detailschange|p1b: Abomasnow|Abomasnow-Mega, L50, M, shiny
|-mega|p1b: Abomasnow|Abomasnow|Abomasite
|move|p1b: Abomasnow|Earth Power|p2b: Heliolisk
|-supereffective|p2b: Heliolisk|1
|-damage|p2b: Heliolisk|10/100
|move|p1a: Slowbro|Scald|p2b: Heliolisk
|-damage|p2b: Heliolisk|0 fnt
|faint|p2b: Heliolisk
|move|p2a: Simisear|Sunny Day|p2a: Simisear
|-weather|SunnyDay
|
|-weather|SunnyDay|[upkeep]
|upkeep
|turn|6
|
|t:|1786194553
|move|p1a: Slowbro|Scald|p2a: Simisear
|-supereffective|p2a: Simisear|1
|-damage|p2a: Simisear|11/100
|move|p1b: Abomasnow|Earth Power|p2a: Simisear
|-supereffective|p2a: Simisear|1
|-damage|p2a: Simisear|0 fnt
|faint|p2a: Simisear
|
|win|grrimm32
|c|☆grrimm32|gg
