|j|☆noriaki kasai
|j|☆Arnau3Kum
|html|noriaki kasaiArnau3Kum    
|uhtml|bestof|Game 3 of a best-of-3
|t:|1757105132
|gametype|doubles
|player|p1|noriaki kasai|swimmer-gen4dp|1287
|player|p2|Arnau3Kum|2|1177
|gen|9
|tier|[Gen 9] VGC 2025 Reg H (Bo3)
|rated|
|rule|Species Clause: Limit one of each Pokémon
|rule|Item Clause: Limit 1 of each item
|clearpoke
|poke|p1|Annihilape, L50, F|
|poke|p1|Sinistcha, L50|
|poke|p1|Maushold-Four, L50|
|poke|p1|Klefki, L50, M|
|poke|p1|Ursaluna-Bloodmoon, L50, M|
|poke|p1|Ninetales-Alola, L50, F|
|poke|p2|Charizard, L50, M|
|poke|p2|Torkoal, L50, M|
|poke|p2|Porygon2, L50|
|poke|p2|Incineroar, L50, F|
|poke|p2|Jumpluff, L50, F|
|poke|p2|Ursaluna, L50, M|
|teampreview|4
|showteam|p1|Annihilape||Leftovers|Defiant|Protect,BulkUp,DrainPunch,RageFist|||F|||50|,,,,,Fire]Sinistcha||SitrusBerry|Hospitality|MatchaGotcha,TrickRoom,LifeDew,RagePowder||||||50|,,,,,Water]Maushold-Four||FocusSash|FriendGuard|FollowMe,Taunt,BeatUp,Protect||||||50|,,,,,Ghost]Klefki||LightClay|Prankster|Reflect,LightScreen,MistyTerrain,DazzlingGleam|||M|||50|,,,,,Ghost]Ursaluna-Bloodmoon||AssaultVest|MindsEye|BloodMoon,HyperVoice,EarthPower,VacuumWave|||M|||50|,,,,,Water]Ninetales-Alola||ChoiceSpecs|SnowWarning|Blizzard,IcyWind,FreezeDry,Moonblast|||F|||50|,,,,,Ghost
|showteam|p2|Charizard||ChoiceSpecs|SolarPower|HeatWave,Overheat,WeatherBall,AirSlash|||M|||50|,,,,,Ghost]Torkoal||EjectPack|Drought|Eruption,Overheat,HelpingHand,Protect|||M|||50|,,,,,Fire]Porygon2||Eviolite|Download|TeraBlast,IceBeam,Recover,TrickRoom||||||50|,,,,,Fighting]Incineroar||SitrusBerry|Intimidate|FlareBlitz,KnockOff,FakeOut,PartingShot|||F|||50|,,,,,Ghost]Jumpluff||CovertCloak|Chlorophyll|SleepPowder,SunnyDay,RagePowder,Tailwind|||F|||50|,,,,,Water]Ursaluna||FlameOrb|Guts|HeadlongRush,Facade,Earthquake,Protect|||M|||50|,,,,,Ghost
|inactive|Battle timer is ON: inactive players will automatically lose when time's up. (requested by Arnau3Kum)
|
|t:|1757105143
|teamsize|p1|4
|teamsize|p2|4
|start
|switch|p1a: Klefki|Klefki, L50, M|100/100
|switch|p1b: Ursaluna|Ursaluna-Bloodmoon, L50, M|100/100
|switch|p2a: Jumpluff|Jumpluff, L50, F|100/100
|switch|p2b: Torkoal|Torkoal, L50, M|100/100
|-weather|SunnyDay|[from] ability: Drought|[of] p2b: Torkoal
|turn|1
|inactive|noriaki kasai has 30 seconds left.
|inactive|Arnau3Kum has 30 seconds left.
|
|t:|1757105176
|switch|p2b: Ursaluna|Ursaluna, L50, M|100/100
|move|p1a: Klefki|Misty Terrain|p1a: Klefki
|-fieldstart|move: Misty Terrain
|move|p2a: Jumpluff|Sleep Powder|p1a: Klefki
|-activate|p1a: Klefki|move: Misty Terrain
|move|p1b: Ursaluna|Blood Moon|p2b: Ursaluna
|-damage|p2b: Ursaluna|38/100
|
|-weather|SunnyDay|[upkeep]
|upkeep
|turn|2
|inactive|noriaki kasai has 30 seconds left.
|
|t:|1757105203
|move|p1a: Klefki|Light Screen|p1a: Klefki
|-sidestart|p1: noriaki kasai|move: Light Screen
|move|p2a: Jumpluff|Tailwind|p2a: Jumpluff
|-sidestart|p2: Arnau3Kum|move: Tailwind
|move|p2b: Ursaluna|Earthquake|p1b: Ursaluna|[spread] p1a,p1b
|-immune|p2a: Jumpluff
|-supereffective|p1a: Klefki
|-damage|p1a: Klefki|11/100
|-damage|p1b: Ursaluna|69/100
|move|p1b: Ursaluna|Hyper Voice|p2b: Ursaluna|[spread] p2a,p2b
|-damage|p2a: Jumpluff|62/100
|-damage|p2b: Ursaluna|8/100
|
|-weather|SunnyDay|[upkeep]
|upkeep
|turn|3
|inactive|noriaki kasai has 30 seconds left.
|inactive|noriaki kasai has 20 seconds left.
|
|t:|1757105243
|move|p2a: Jumpluff|Rage Powder|p2a: Jumpluff
|-singleturn|p2a: Jumpluff|move: Rage Powder
|move|p1a: Klefki|Reflect|p1a: Klefki
|-sidestart|p1: noriaki kasai|Reflect
|move|p2b: Ursaluna|Earthquake|p1b: Ursaluna|[spread] p1a,p1b
|-immune|p2a: Jumpluff
|-supereffective|p1a: Klefki
|-damage|p1a: Klefki|0 fnt
|-damage|p1b: Ursaluna|48/100
|faint|p1a: Klefki
|move|p1b: Ursaluna|Blood Moon|p2a: Jumpluff
|-damage|p2a: Jumpluff|0 fnt
|faint|p2a: Jumpluff
|
|-weather|SunnyDay|[upkeep]
|upkeep
|
|t:|1757105258
|switch|p2a: Charizard|Charizard, L50, M, shiny|100/100
|switch|p1a: Sinistcha|Sinistcha, L50|100/100
|-heal|p1b: Ursaluna|73/100|[from] ability: Hospitality|[of] p1a: Sinistcha
|turn|4
|inactive|noriaki kasai has 30 seconds left.
|inactive|noriaki kasai has 20 seconds left.
|inactive|noriaki kasai has 15 seconds left.
|inactive|noriaki kasai has 10 seconds left.
|
|t:|1757105306
|switch|p2b: Torkoal|Torkoal, L50, M|100/100
|-terastallize|p1a: Sinistcha|Water
|move|p1b: Ursaluna|Vacuum Wave|p2b: Torkoal
|-damage|p2b: Torkoal|82/100
|move|p2a: Charizard|Heat Wave|p1b: Ursaluna|[spread] p1a,p1b
|-resisted|p1a: Sinistcha
|-damage|p1a: Sinistcha|66/100
|-damage|p1b: Ursaluna|28/100
|move|p1a: Sinistcha|Life Dew|p1a: Sinistcha|[spread] p1a,p1b
|-heal|p1a: Sinistcha|92/100
|-heal|p1b: Ursaluna|53/100
|
|-weather|SunnyDay|[upkeep]
|-damage|p2a: Charizard|88/100|[from] ability: Solar Power|[of] p2a: Charizard
|upkeep
|turn|5
|
|t:|1757105327
|move|p2b: Torkoal|Helping Hand|p2a: Charizard
|-singleturn|p2a: Charizard|Helping Hand|[of] p2b: Torkoal
|move|p2a: Charizard|Heat Wave|p1b: Ursaluna|[spread] p1b
|-miss|p2a: Charizard|p1a: Sinistcha
|-damage|p1b: Ursaluna|0 fnt
|faint|p1b: Ursaluna
|move|p1a: Sinistcha|Life Dew|p1a: Sinistcha
|-heal|p1a: Sinistcha|100/100
|
|-weather|none
|-sideend|p2: Arnau3Kum|move: Tailwind
|-fieldend|Misty Terrain
|upkeep
|
|t:|1757105333
|switch|p1b: Ninetales|Ninetales-Alola, L50, F, shiny|100/100
|-weather|Snowscape|[from] ability: Snow Warning|[of] p1b: Ninetales
|turn|6
|
|t:|1757105349
|-terastallize|p2b: Torkoal|Fire
|move|p1b: Ninetales|Blizzard|p2b: Torkoal|[spread] p2a,p2b
|-resisted|p2b: Torkoal
|-damage|p2a: Charizard|28/100
|-damage|p2b: Torkoal|53/100
|move|p2a: Charizard|Heat Wave|p1a: Sinistcha|[spread] p1a
|-miss|p2a: Charizard|p1b: Ninetales
|-resisted|p1a: Sinistcha
|-damage|p1a: Sinistcha|85/100
|move|p1a: Sinistcha|Matcha Gotcha|p2b: Torkoal|[spread] p2a,p2b
|-resisted|p2a: Charizard
|-resisted|p2b: Torkoal
|-damage|p2a: Charizard|21/100
|-heal|p1a: Sinistcha|89/100|[from] drain|[of] p2a: Charizard
|-damage|p2b: Torkoal|38/100
|-heal|p1a: Sinistcha|97/100|[from] drain|[of] p2b: Torkoal
|move|p2b: Torkoal|Overheat|p1b: Ninetales|[miss]
|-miss|p2b: Torkoal|p1b: Ninetales
|
|-weather|Snowscape|[upkeep]
|upkeep
|turn|7
|inactive|noriaki kasai has 30 seconds left.
|inactive|noriaki kasai has 20 seconds left.
|inactive|noriaki kasai has 15 seconds left.
|
|t:|1757105391
|move|p1a: Sinistcha|Rage Powder|p1a: Sinistcha
|-singleturn|p1a: Sinistcha|move: Rage Powder
|move|p1b: Ninetales|Blizzard|p2b: Torkoal|[spread] p2a,p2b
|-resisted|p2b: Torkoal
|-damage|p2a: Charizard|0 fnt
|-damage|p2b: Torkoal|8/100
|faint|p2a: Charizard
|move|p2b: Torkoal|Overheat|p1a: Sinistcha|[miss]
|-miss|p2b: Torkoal|p1a: Sinistcha
|
|-weather|Snowscape|[upkeep]
|upkeep
|
|t:|1757105396
|switch|p2a: Ursaluna|Ursaluna, L50, M|8/100
|turn|8
|-message|Arnau3Kum forfeited.
|
|win|noriaki kasai
|raw|noriaki kasai's rating: 1287 → 1304(+17 for winning)
|raw|Arnau3Kum's rating: 1177 → 1160(-17 for losing)
