|j|☆Deharo94vgc
|j|☆spiritneko666
|html|Deharo94vgcspiritneko666    
|uhtml|bestof|Game 3 of a best-of-3
|t:|1756862905
|gametype|doubles
|player|p1|Deharo94vgc|lucas|1153
|player|p2|spiritneko666|psychic-gen4|1200
|gen|9
|tier|[Gen 9] VGC 2025 Reg H (Bo3)
|rated|
|rule|Species Clause: Limit one of each Pokémon
|rule|Item Clause: Limit 1 of each item
|clearpoke
|poke|p1|Kingambit, L50, M|
|poke|p1|Sneasler, L50, F|
|poke|p1|Electabuzz, L50, F|
|poke|p1|Primarina, L50, M|
|poke|p1|Rillaboom, L50, F|
|poke|p1|Dragonite, L50, M|
|poke|p2|Sneasler, L50, F|
|poke|p2|Indeedee, L50, M|
|poke|p2|Ursaluna-Bloodmoon, L50, M|
|poke|p2|Talonflame, L50, F|
|poke|p2|Primarina, L50, M|
|poke|p2|Arcanine-Hisui, L50, F|
|teampreview|4
|showteam|p1|Kingambit||BlackGlasses|Defiant|Protect,SwordsDance,KowtowCleave,SuckerPunch|||M|||50|,,,,,Dark]Sneasler||FocusSash|Unburden|Protect,CloseCombat,DireClaw,Coaching|||F|||50|,,,,,Stellar]Electabuzz||Eviolite|VitalSpirit|Protect,FollowMe,Thunderbolt,Taunt|||F|||50|,,,,,Ghost]Primarina||SitrusBerry|LiquidVoice|Protect,Moonblast,HelpingHand,HyperVoice|||M|||50|,,,,,Poison]Rillaboom||AssaultVest|GrassySurge|FakeOut,GrassyGlide,HighHorsepower,WoodHammer|||F|||50|,,,,,Fire]Dragonite||LoadedDice|Multiscale|ScaleShot,Tailwind,Protect,Haze|||M|||50|,,,,,Fairy
|showteam|p2|Sneasler||PsychicSeed|Unburden|CloseCombat,DireClaw,ThroatChop,Protect|||F|||50|,,,,,Dark]Indeedee||FocusSash|PsychicSurge|ExpandingForce,TrickRoom,HelpingHand,Protect|||M|||50|,,,,,Psychic]Ursaluna-Bloodmoon||LifeOrb|MindsEye|BloodMoon,HyperVoice,EarthPower,Protect|||M|||50|,,,,,Normal]Talonflame||CovertCloak|GaleWings|FlareBlitz,DualWingbeat,WillOWisp,Tailwind|||F|||50|,,,,,Fairy]Primarina||SitrusBerry|LiquidVoice|HyperVoice,Moonblast,Haze,Protect|||M|||50|,,,,,Grass]Arcanine-Hisui||ChoiceBand|Intimidate|FlareBlitz,ExtremeSpeed,CloseCombat,RockSlide|||F|||50|,,,,,Grass
|inactive|Battle timer is ON: inactive players will automatically lose when time's up. (requested by spiritneko666)
|inactive|Deharo94vgc also wants the timer to be on.
|
|t:|1756862930
|teamsize|p1|4
|teamsize|p2|4
|start
|switch|p1a: Primarina|Primarina, L50, M|100/100
|switch|p1b: Dragonite|Dragonite, L50, M|100/100
|switch|p2a: Maple|Ursaluna-Bloodmoon, L50, M|100/100
|switch|p2b: Shrike|Talonflame, L50, F|100/100
|turn|1
|
|t:|1756862946
|-terastallize|p2a: Maple|Normal
|move|p2b: Shrike|Tailwind|p2b: Shrike
|-sidestart|p2: spiritneko666|move: Tailwind
|move|p2a: Maple|Blood Moon|p1a: Primarina
|-damage|p1a: Primarina|0 fnt
|faint|p1a: Primarina
|-damage|p2a: Maple|91/100|[from] item: Life Orb
|move|p1b: Dragonite|Scale Shot|p2b: Shrike
|-damage|p2b: Shrike|79/100
|-damage|p2b: Shrike|59/100
|-damage|p2b: Shrike|40/100
|-damage|p2b: Shrike|16/100
|-hitcount|p2b: Shrike|4
|-unboost|p1b: Dragonite|def|1
|-boost|p1b: Dragonite|spe|1
|
|upkeep
|
|t:|1756862964
|switch|p1a: Sneasler|Sneasler, L50, F|100/100
|turn|2
|
|t:|1756862978
|move|p1a: Sneasler|Protect|p1a: Sneasler
|-singleturn|p1a: Sneasler|Protect
|move|p2b: Shrike|Dual Wingbeat|p1a: Sneasler
|-activate|p1a: Sneasler|move: Protect
|move|p2a: Maple|Hyper Voice|p1b: Dragonite|[spread] p1b
|-activate|p1a: Sneasler|move: Protect
|-damage|p1b: Dragonite|67/100
|-damage|p2a: Maple|81/100|[from] item: Life Orb
|move|p1b: Dragonite|Scale Shot|p2b: Shrike
|-damage|p2b: Shrike|0 fnt
|faint|p2b: Shrike
|-hitcount|p2: Shrike|1
|-unboost|p1b: Dragonite|def|1
|-boost|p1b: Dragonite|spe|1
|
|upkeep
|
|t:|1756862982
|switch|p2b: Arcanine|Arcanine-Hisui, L50, F|100/100
|-ability|p2b: Arcanine|Intimidate|boost
|-unboost|p1a: Sneasler|atk|1
|-unboost|p1b: Dragonite|atk|1
|turn|3
|inactive|Deharo94vgc has 30 seconds left.
|
|t:|1756863012
|move|p1b: Dragonite|Protect|p1b: Dragonite
|-singleturn|p1b: Dragonite|Protect
|move|p2b: Arcanine|Rock Slide|p1b: Dragonite|[spread] p1a
|-activate|p1b: Dragonite|move: Protect
|-resisted|p1a: Sneasler
|-damage|p1a: Sneasler|72/100
|move|p2a: Maple|Hyper Voice|p1a: Sneasler|[spread] p1a
|-activate|p1b: Dragonite|move: Protect
|-damage|p1a: Sneasler|0 fnt
|faint|p1a: Sneasler
|-damage|p2a: Maple|72/100|[from] item: Life Orb
|
|upkeep
|
|t:|1756863022
|switch|p1a: Rillaboom|Rillaboom, L50, F|100/100
|-fieldstart|move: Grassy Terrain|[from] ability: Grassy Surge|[of] p1a: Rillaboom
|turn|4
|inactive|Deharo94vgc has 30 seconds left.
|
|t:|1756863055
|switch|p2b: Alfred|Indeedee, L50, M|100/100
|-fieldstart|move: Psychic Terrain|[from] ability: Psychic Surge|[of] p2b: Alfred
|-terastallize|p1a: Rillaboom|Fire
|move|p1b: Dragonite|Scale Shot|p2a: Maple
|-damage|p2a: Maple|64/100
|-damage|p2a: Maple|56/100
|-damage|p2a: Maple|49/100
|-damage|p2a: Maple|41/100
|-damage|p2a: Maple|33/100
|-hitcount|p2a: Maple|5
|-unboost|p1b: Dragonite|def|1
|-boost|p1b: Dragonite|spe|1
|move|p2a: Maple|Blood Moon|p1b: Dragonite
|-damage|p1b: Dragonite|0 fnt
|faint|p1b: Dragonite
|-damage|p2a: Maple|24/100|[from] item: Life Orb
|move|p1a: Rillaboom|High Horsepower|p2b: Alfred
|-damage|p2b: Alfred|27/100
|
|-sideend|p2: spiritneko666|move: Tailwind
|upkeep
|turn|5
|
|t:|1756863071
|move|p2b: Alfred|Expanding Force|p1a: Rillaboom
|-damage|p1a: Rillaboom|48/100
|move|p1a: Rillaboom|Wood Hammer|p2a: Maple
|-damage|p2a: Maple|0 fnt
|faint|p2a: Maple
|-damage|p1a: Rillaboom|41/100|[from] Recoil
|
|upkeep
|
|t:|1756863074
|switch|p2a: Arcanine|Arcanine-Hisui, L50, F|100/100
|-ability|p2a: Arcanine|Intimidate|boost
|-unboost|p1a: Rillaboom|atk|1
|turn|6
|
|t:|1756863081
|move|p2b: Alfred|Expanding Force|p1a: Rillaboom
|-damage|p1a: Rillaboom|0 fnt
|faint|p1a: Rillaboom
|
|win|spiritneko666
|raw|Deharo94vgc's rating: 1153 → 1131(-22 for losing)
|raw|spiritneko666's rating: 1200 → 1222(+22 for winning)
