|j|☆chavo666
|j|☆failandimprove5
|html|chavo666failandimprove5    
|uhtml|bestof|Game 2 of a best-of-3
|t:|1784742203
|gametype|doubles
|player|p1|chavo666|biker|
|player|p2|failandimprove5|2|
|gen|9
|tier|[Gen 9 Champions] VGC 2026 Reg M-B (Bo3)
|rule|Species Clause: Limit one of each Pokémon
|rule|Item Clause: Limit 1 of each item
|clearpoke
|poke|p1|Incineroar, L50, M|
|poke|p1|Corviknight, L50, M|
|poke|p1|Politoed, L50, M|
|poke|p1|Gengar, L50, M, shiny|
|poke|p1|Swampert, L50, F|
|poke|p1|Sneasler, L50, F|
|poke|p2|Kingambit, L50, F|
|poke|p2|Sneasler, L50, F|
|poke|p2|Froslass, L50, F|
|poke|p2|Lycanroc-Dusk, L50, M|
|poke|p2|Basculegion, L50, M|
|poke|p2|Scovillain, L50, M|
|teampreview|4
|showteam|p1|Incineroar||ChopleBerry|Intimidate|FakeOut,PartingShot,DarkestLariat,FlareBlitz|Adamant||M|||50|]Corviknight||Leftovers|MirrorArmor|BodyPress,IronDefense,Roost,BraveBird|Impish||M|||50|]Politoed||SitrusBerry|Drizzle|IceBeam,PerishSong,Protect,WeatherBall|Modest||M|||50|]Gengar||Gengarite|CursedBody|ShadowBall,PerishSong,Protect,SludgeBomb|Timid||M|||50|]Swampert||Swampertite|Damp|WaveCrash,RockSlide,Earthquake,Protect|Adamant||F|||50|]Sneasler||FocusSash|Unburden|DireClaw,CloseCombat,FakeOut,Coaching|Jolly||F|||50|
|showteam|p2|Kingambit||LifeOrb|Defiant|KowtowCleave,SuckerPunch,SwordsDance,Protect|Adamant||F|||50|]Sneasler||WhiteHerb|Unburden|FakeOut,CloseCombat,GunkShot,Protect|Adamant||F|||50|]Froslass||Froslassite|SnowCloak|Blizzard,AuroraVeil,ShadowBall,Protect|Timid||F|||50|]Lycanroc-Dusk||FocusSash|ToughClaws|CloseCombat,RockSlide,Accelerock,Protect|Adamant||M|||50|]Basculegion||SitrusBerry|Adaptability|LastRespects,AquaJet,WaveCrash,Protect|Adamant||M|||50|]Scovillain||Scovillainite|Moody|Overheat,GigaDrain,RagePowder,Protect|Bold||M|||50|
|inactive|Battle timer is ON: inactive players will automatically lose when time's up. (requested by failandimprove5)
|
|t:|1784742227
|teamsize|p1|4
|teamsize|p2|4
|start
|switch|p1a: Swampert|Swampert, L50, F|100/100
|switch|p1b: Sneasler|Sneasler, L50, F|100/100
|switch|p2a: Basculegion|Basculegion, L50, M|100/100
|switch|p2b: Sneasler|Sneasler, L50, F|100/100
|turn|1
|inactive|chavo666 has 30 seconds left.
|
|t:|1784742257
|switch|p1b: Politoed|Politoed, L50, M|100/100
|-weather|RainDance|[from] ability: Drizzle|[of] p1b: Politoed
|detailschange|p1a: Swampert|Swampert-Mega, L50, F
|-mega|p1a: Swampert|Swampert|Swampertite
|move|p2b: Sneasler|Fake Out|p1b: Politoed
|-damage|p1b: Politoed|85/100
|move|p1a: Swampert|Wave Crash|p2a: Basculegion
|-resisted|p2a: Basculegion|1
|-damage|p2a: Basculegion|43/100
|-enditem|p2a: Basculegion|Sitrus Berry|[eat]
|-heal|p2a: Basculegion|68/100|[from] item: Sitrus Berry
|-damage|p1a: Swampert|76/100|[from] Recoil
|move|p2a: Basculegion|Wave Crash|p1a: Swampert
|-damage|p1a: Swampert|0 fnt
|faint|p1a: Swampert
|-damage|p2a: Basculegion|47/100|[from] Recoil
|
|-weather|RainDance|[upkeep]
|upkeep
|j| enzo022
|
|t:|1784742278
|switch|p1a: Sneasler|Sneasler, L50, F|100/100
|turn|2
|
|t:|1784742296
|switch|p2a: Froslass|Froslass, L50, F|100/100
|switch|p1b: Corviknight|Corviknight, L50, M|100/100
|move|p2b: Sneasler|Protect|p2b: Sneasler
|-singleturn|p2b: Sneasler|Protect
|move|p1a: Sneasler|Coaching|p1b: Corviknight
|-boost|p1b: Corviknight|atk|1
|-boost|p1b: Corviknight|def|1
|
|-weather|RainDance|[upkeep]
|upkeep
|turn|3
|
|t:|1784742312
|detailschange|p2a: Froslass|Froslass-Mega, L50, F
|-mega|p2a: Froslass|Froslass|Froslassite
|-weather|Snowscape|[from] ability: Snow Warning|[of] p2a: Froslass
|move|p1a: Sneasler|Coaching|p1b: Corviknight
|-boost|p1b: Corviknight|atk|1
|-boost|p1b: Corviknight|def|1
|move|p2a: Froslass|Blizzard|p1b: Corviknight|[spread] p1a,p1b
|-damage|p1a: Sneasler|50/100g
|-damage|p1b: Corviknight|62/100
|move|p2b: Sneasler|Close Combat|p1a: Sneasler
|-resisted|p1a: Sneasler|1
|-damage|p1a: Sneasler|0 fnt
|-unboost|p2b: Sneasler|def|1
|-unboost|p2b: Sneasler|spd|1
|faint|p1a: Sneasler
|-enditem|p2b: Sneasler|White Herb
|-clearnegativeboost|p2b: Sneasler|[silent]
|move|p1b: Corviknight|Brave Bird|p2a: Froslass
|-damage|p2a: Froslass|40/100
|-damage|p1b: Corviknight|43/100|[from] Recoil
|
|-weather|Snowscape|[upkeep]
|-heal|p1b: Corviknight|49/100|[from] item: Leftovers
|upkeep
|
|t:|1784742336
|switch|p1a: Politoed|Politoed, L50, M|85/100
|-weather|RainDance|[from] ability: Drizzle|[of] p1a: Politoed
|turn|4
|
|t:|1784742349
|switch|p2a: Basculegion|Basculegion, L50, M|47/100
|move|p2b: Sneasler|Gunk Shot|p1a: Politoed|[miss]
|-miss|p2b: Sneasler|p1a: Politoed
|move|p1a: Politoed|Weather Ball|p2b: Sneasler
|-crit|p2b: Sneasler
|-damage|p2b: Sneasler|0 fnt
|faint|p2b: Sneasler
|move|p1b: Corviknight|Roost|p1b: Corviknight
|-heal|p1b: Corviknight|99/100
|-singleturn|p1b: Corviknight|move: Roost
|
|-weather|RainDance|[upkeep]
|-heal|p1b: Corviknight|100/100|[from] item: Leftovers
|upkeep
|
|t:|1784742366
|switch|p2b: Froslass|Froslass-Mega, L50, F|40/100
|-weather|Snowscape|[from] ability: Snow Warning|[of] p2b: Froslass
|turn|5
|
|t:|1784742380
|move|p1a: Politoed|Protect|p1a: Politoed
|-singleturn|p1a: Politoed|Protect
|move|p2b: Froslass|Blizzard|p1a: Politoed|[spread] p1b
|-activate|p1a: Politoed|move: Protect
|-damage|p1b: Corviknight|67/100
|move|p2a: Basculegion|Last Respects|p1a: Politoed
|-activate|p1a: Politoed|move: Protect
|move|p1b: Corviknight|Brave Bird|p2a: Basculegion
|-damage|p2a: Basculegion|0 fnt
|faint|p2a: Basculegion
|-damage|p1b: Corviknight|48/100|[from] Recoil
|
|-weather|Snowscape|[upkeep]
|-heal|p1b: Corviknight|53/100|[from] item: Leftovers
|upkeep
|
|t:|1784742383
|switch|p2a: Scovillain|Scovillain, L50, M|100/100
|turn|6
|
|t:|1784742403
|move|p2b: Froslass|Shadow Ball|p1a: Politoed
|-damage|p1a: Politoed|49/100
|-enditem|p1a: Politoed|Sitrus Berry|[eat]
|-heal|p1a: Politoed|73/100|[from] item: Sitrus Berry
|move|p2a: Scovillain|Overheat|p1b: Corviknight
|-supereffective|p1b: Corviknight|1
|-damage|p1b: Corviknight|0 fnt
|-unboost|p2a: Scovillain|spa|2
|faint|p1b: Corviknight
|move|p1a: Politoed|Weather Ball|p2a: Scovillain
|-damage|p2a: Scovillain|62/100
|
|-weather|Snowscape|[upkeep]
|-ability|p2a: Scovillain|Moody|boost
|-boost|p2a: Scovillain|atk|2
|-unboost|p2a: Scovillain|spa|1
|upkeep
|turn|7
|
|t:|1784742418
|move|p2b: Froslass|Shadow Ball|p1a: Politoed
|-damage|p1a: Politoed|33/100
|move|p2a: Scovillain|Giga Drain|p1a: Politoed
|-supereffective|p1a: Politoed|1
|-damage|p1a: Politoed|12/100
|-heal|p2a: Scovillain|72/100|[from] drain|[of] p1a: Politoed
|move|p1a: Politoed|Perish Song|p1a: Politoed
|-start|p1a: Politoed|perish3|[silent]
|-start|p2a: Scovillain|perish3|[silent]
|-start|p2b: Froslass|perish3|[silent]
|-fieldactivate|move: Perish Song
|
|-weather|Snowscape|[upkeep]
|-start|p2b: Froslass|perish3
|-start|p2a: Scovillain|perish3
|-start|p1a: Politoed|perish3
|-ability|p2a: Scovillain|Moody|boost
|-boost|p2a: Scovillain|spa|2
|-unboost|p2a: Scovillain|def|1
|upkeep
|turn|8
|
|t:|1784742425
|move|p1a: Politoed|Protect|p1a: Politoed
|-singleturn|p1a: Politoed|Protect
|move|p2b: Froslass|Shadow Ball|p1a: Politoed
|-activate|p1a: Politoed|move: Protect
|move|p2a: Scovillain|Giga Drain|p1a: Politoed
|-activate|p1a: Politoed|move: Protect
|
|-weather|Snowscape|[upkeep]
|-start|p2b: Froslass|perish2
|-start|p2a: Scovillain|perish2
|-start|p1a: Politoed|perish2
|-ability|p2a: Scovillain|Moody|boost
|-boost|p2a: Scovillain|spe|2
|-unboost|p2a: Scovillain|def|1
|upkeep
|turn|9
|l| enzo022
|
|t:|1784742433
|move|p2a: Scovillain|Giga Drain|p1a: Politoed
|-supereffective|p1a: Politoed|1
|-damage|p1a: Politoed|0 fnt
|-heal|p2a: Scovillain|78/100|[from] drain|[of] p1a: Politoed
|faint|p1a: Politoed
|
|win|failandimprove5
