|j|☆Lauris
|j|☆bosilek
|html|Laurisbosilek    
|uhtml|bestof|Game 1 of a best-of-3
|t:|1756514206
|gametype|doubles
|player|p1|Lauris|102|1243
|player|p2|bosilek|hilbert-wonderlauncher|1183
|gen|9
|tier|[Gen 9] VGC 2025 Reg H (Bo3)
|rated|
|rule|Species Clause: Limit one of each Pokémon
|rule|Item Clause: Limit 1 of each item
|clearpoke
|poke|p1|Incineroar, L50, M|
|poke|p1|Amoonguss, L50, F|
|poke|p1|Porygon2, L50|
|poke|p1|Gholdengo, L50|
|poke|p1|Ursaluna, L50, F|
|poke|p1|Hydreigon, L50, F|
|poke|p2|Garchomp, L50, F|
|poke|p2|Talonflame, L50, F|
|poke|p2|Gholdengo, L50|
|poke|p2|Ninetales-Alola, L50, M|
|poke|p2|Hydreigon, L50, F|
|poke|p2|Annihilape, L50, F|
|teampreview|4
|showteam|p1|Incineroar||SitrusBerry|Intimidate|FlareBlitz,KnockOff,PartingShot,FakeOut|||M|||50|,,,,,Ghost]Amoonguss||RockyHelmet|Regenerator|RagePowder,PollenPuff,Spore,Protect|||F|||50|,,,,,Fairy]Porygon2||Eviolite|Download|Recover,IceBeam,TeraBlast,TrickRoom||||||50|,,,,,Fighting]Gholdengo||LifeOrb|GoodasGold|ShadowBall,MakeItRain,NastyPlot,Protect||||||50|,,,,,Water]Ursaluna||FlameOrb|Guts|Facade,HeadlongRush,Earthquake,Protect|||F|||50|,,,,,Ghost]Hydreigon||SafetyGoggles|Levitate|DracoMeteor,Snarl,Tailwind,Protect|||F|||50|,,,,,Ghost
|showteam|p2|Garchomp||LifeOrb|RoughSkin|Protect,Earthquake,DragonClaw,StompingTantrum|||F|||50|,,,,,Steel]Talonflame||CovertCloak|GaleWings|BraveBird,Taunt,WillOWisp,Tailwind|||F|||50|,,,,,Grass]Gholdengo||MetalCoat|GoodasGold|MakeItRain,ShadowBall,Protect,NastyPlot||||||50|,,,,,Water]Ninetales-Alola||FocusSash|SnowWarning|Blizzard,FreezeDry,Encore,Protect|||M|||50|,,,,,Water]Hydreigon||ChoiceSpecs|Levitate|HeatWave,Snarl,EarthPower,DragonPulse|||F|||50|,,,,,Fire]Annihilape||SafetyGoggles|Defiant|FinalGambit,RageFist,CloseCombat,Protect|||F|||50|,,,,,Fire
|
|t:|1756514258
|teamsize|p1|4
|teamsize|p2|4
|start
|switch|p1a: Gholdengo|Gholdengo, L50|100/100
|switch|p1b: Hydreigon|Hydreigon, L50, F|100/100
|switch|p2a: Talonflame|Talonflame, L50, F|100/100
|switch|p2b: Annihilape|Annihilape, L50, F|100/100
|turn|1
|
|t:|1756514288
|move|p2b: Annihilape|Protect|p2b: Annihilape
|-singleturn|p2b: Annihilape|Protect
|move|p2a: Talonflame|Taunt|p1b: Hydreigon
|-start|p1b: Hydreigon|move: Taunt
|move|p1b: Hydreigon|Draco Meteor|p2b: Annihilape
|-activate|p2b: Annihilape|move: Protect
|move|p1a: Gholdengo|Shadow Ball|p2b: Annihilape
|-activate|p2b: Annihilape|move: Protect
|
|upkeep
|turn|2
|
|t:|1756514312
|switch|p1b: Amoonguss|Amoonguss, L50, F|100/100
|move|p2a: Talonflame|Tailwind|p2a: Talonflame
|-sidestart|p2: bosilek|move: Tailwind
|move|p2b: Annihilape|Final Gambit|p1b: Amoonguss
|-damage|p1b: Amoonguss|3/100
|faint|p2b: Annihilape
|move|p1a: Gholdengo|Shadow Ball|p2a: Talonflame
|-damage|p2a: Talonflame|19/100
|-damage|p1a: Gholdengo|91/100|[from] item: Life Orb
|
|upkeep
|
|t:|1756514323
|switch|p2b: Hydreigon|Hydreigon, L50, F|100/100
|turn|3
|
|t:|1756514342
|-terastallize|p2b: Hydreigon|Fire
|-terastallize|p1a: Gholdengo|Water
|move|p1b: Amoonguss|Rage Powder|p1b: Amoonguss
|-singleturn|p1b: Amoonguss|move: Rage Powder
|move|p2a: Talonflame|Brave Bird|p1b: Amoonguss
|-supereffective|p1b: Amoonguss
|-damage|p1b: Amoonguss|0 fnt
|-damage|p2a: Talonflame|2/100|[from] item: Rocky Helmet|[of] p1b: Amoonguss
|faint|p1b: Amoonguss
|-damage|p2a: Talonflame|1/100|[from] Recoil
|move|p2b: Hydreigon|Heat Wave|p1a: Gholdengo
|-resisted|p1a: Gholdengo
|-damage|p1a: Gholdengo|46/100
|move|p1a: Gholdengo|Make It Rain|p2b: Hydreigon|[spread] p2a,p2b
|-resisted|p2a: Talonflame
|-resisted|p2b: Hydreigon
|-damage|p2a: Talonflame|0 fnt
|-damage|p2b: Hydreigon|64/100
|-unboost|p1a: Gholdengo|spa|1
|faint|p2a: Talonflame
|-damage|p1a: Gholdengo|36/100|[from] item: Life Orb
|
|upkeep
|
|t:|1756514362
|switch|p2a: Ninetales|Ninetales-Alola, L50, M|100/100
|switch|p1b: Incineroar|Incineroar, L50, M|100/100
|-weather|Snowscape|[from] ability: Snow Warning|[of] p2a: Ninetales
|-ability|p1b: Incineroar|Intimidate|boost
|-unboost|p2a: Ninetales|atk|1
|-unboost|p2b: Hydreigon|atk|1
|turn|4
|c|☆bosilek|i misplayed bad there
|
|t:|1756514394
|move|p2a: Ninetales|Protect|p2a: Ninetales
|-singleturn|p2a: Ninetales|Protect
|move|p1a: Gholdengo|Protect|p1a: Gholdengo
|-singleturn|p1a: Gholdengo|Protect
|move|p2b: Hydreigon|Heat Wave|p1a: Gholdengo|[spread] p1b
|-activate|p1a: Gholdengo|move: Protect
|-resisted|p1b: Incineroar
|-damage|p1b: Incineroar|79/100
|move|p1b: Incineroar|Flare Blitz|p2a: Ninetales
|-activate|p2a: Ninetales|move: Protect
|
|-weather|Snowscape|[upkeep]
|upkeep
|turn|5
|
|t:|1756514416
|move|p2a: Ninetales|Blizzard|p1a: Gholdengo|[spread] p1a,p1b
|-resisted|p1a: Gholdengo
|-resisted|p1b: Incineroar
|-damage|p1a: Gholdengo|18/100
|-damage|p1b: Incineroar|67/100
|move|p2b: Hydreigon|Heat Wave|p1b: Incineroar|[spread] p1a,p1b
|-resisted|p1a: Gholdengo
|-resisted|p1b: Incineroar
|-damage|p1a: Gholdengo|0 fnt
|-damage|p1b: Incineroar|45/100
|-enditem|p1b: Incineroar|Sitrus Berry|[eat]
|-heal|p1b: Incineroar|69/100|[from] item: Sitrus Berry
|faint|p1a: Gholdengo
|move|p1b: Incineroar|Flare Blitz|p2a: Ninetales
|-supereffective|p2a: Ninetales
|-damage|p2a: Ninetales|8/100
|-damage|p1b: Incineroar|47/100|[from] Recoil
|
|-weather|Snowscape|[upkeep]
|-sideend|p2: bosilek|move: Tailwind
|upkeep
|
|t:|1756514429
|switch|p1a: Hydreigon|Hydreigon, L50, F|100/100
|turn|6
|
|t:|1756514443
|move|p2a: Ninetales|Blizzard|p1a: Hydreigon|[spread] p1a,p1b
|-supereffective|p1a: Hydreigon
|-resisted|p1b: Incineroar
|-damage|p1a: Hydreigon|21/100
|-damage|p1b: Incineroar|33/100
|move|p1a: Hydreigon|Tailwind|p1a: Hydreigon
|-sidestart|p1: Lauris|move: Tailwind
|move|p1b: Incineroar|Knock Off|p2b: Hydreigon
|-damage|p2b: Hydreigon|16/100
|-enditem|p2b: Hydreigon|Choice Specs|[from] move: Knock Off|[of] p1b: Incineroar
|move|p2b: Hydreigon|Heat Wave|p1b: Incineroar|[spread] p1a,p1b
|-resisted|p1a: Hydreigon
|-resisted|p1b: Incineroar
|-damage|p1a: Hydreigon|1/100
|-damage|p1b: Incineroar|18/100
|-status|p1a: Hydreigon|brn
|
|-weather|Snowscape|[upkeep]
|-damage|p1a: Hydreigon|0 fnt|[from] brn
|faint|p1a: Hydreigon
|upkeep
|turn|7
|
|t:|1756514462
|move|p1b: Incineroar|Knock Off|p2b: Hydreigon
|-damage|p2b: Hydreigon|0 fnt
|faint|p2b: Hydreigon
|move|p2a: Ninetales|Blizzard|p1b: Incineroar
|-resisted|p1b: Incineroar
|-damage|p1b: Incineroar|2/100
|
|-weather|Snowscape|[upkeep]
|upkeep
|turn|8
|
|t:|1756514477
|move|p2a: Ninetales|Protect|p2a: Ninetales
|-singleturn|p2a: Ninetales|Protect
|move|p1b: Incineroar|Knock Off|p2a: Ninetales
|-activate|p2a: Ninetales|move: Protect
|
|-weather|none
|upkeep
|turn|9
|
|t:|1756514485
|move|p2a: Ninetales|Protect|p2a: Ninetales
|-singleturn|p2a: Ninetales|Protect
|move|p1b: Incineroar|Knock Off|p2a: Ninetales
|-activate|p2a: Ninetales|move: Protect
|
|-sideend|p1: Lauris|move: Tailwind
|upkeep
|turn|10
|-message|Lauris forfeited.
|
|win|bosilek
||Lauris is ready for game 2.
