|j|☆wishlocals
|j|☆hexagonfoot
|html|wishlocalshexagonfoot    
|uhtml|bestof|Game 3 of a best-of-3
|t:|1756494197
|gametype|doubles
|player|p1|wishlocals|102|1154
|player|p2|hexagonfoot|caitlin|1194
|gen|9
|tier|[Gen 9] VGC 2025 Reg H (Bo3)
|rated|
|rule|Species Clause: Limit one of each Pokémon
|rule|Item Clause: Limit 1 of each item
|clearpoke
|poke|p1|Archaludon, L50, M|
|poke|p1|Sneasler, L50, F|
|poke|p1|Rillaboom, L50, M|
|poke|p1|Incineroar, L50, M|
|poke|p1|Primarina, L50, F|
|poke|p1|Dragonite, L50, M|
|poke|p2|Kingambit, L50, F|
|poke|p2|Primarina, L50, M|
|poke|p2|Sneasler, L50, F|
|poke|p2|Magmar, L50, F|
|poke|p2|Rillaboom, L50, F|
|poke|p2|Dragapult, L50, F|
|teampreview|4
|showteam|p1|Archaludon||PowerHerb|Sturdy|ElectroShot,Protect,FlashCannon,DracoMeteor|||M|||50|,,,,,Stellar]Sneasler||FocusSash|Unburden|CloseCombat,DireClaw,Coaching,Protect|||F|||50|,,,,,Ghost]Rillaboom||MiracleSeed|GrassySurge|FakeOut,GrassyGlide,WoodHammer,Protect|||M|||50|,,,,,Fire]Incineroar||AssaultVest|Intimidate|FakeOut,FlareBlitz,KnockOff,Uturn|||M|||50|,,,,,Ghost]Primarina||Leftovers|LiquidVoice|HyperVoice,Moonblast,CalmMind,Protect|||F|||50|,,,,,Poison]Dragonite||LoadedDice|Multiscale|ScaleShot,Protect,Tailwind,Haze|||M|||50|,,,,,Steel
|showteam|p2|Kingambit||BlackGlasses|Defiant|KowtowCleave,SuckerPunch,SwordsDance,Protect|||F|||50|,,,,,Ghost]Primarina||SitrusBerry|LiquidVoice|HyperVoice,Moonblast,Haze,Protect|||M|||50|,,,,,Water]Sneasler||FocusSash|PoisonTouch|CloseCombat,DireClaw,FakeOut,Protect|||F|||50|,,,,,Stellar]Magmar||Eviolite|VitalSpirit|Overheat,WillOWisp,FollowMe,Protect|||F|||50|,,,,,Ghost]Rillaboom||AssaultVest|GrassySurge|WoodHammer,GrassyGlide,HighHorsepower,FakeOut|||F|||50|,,,,,Fire]Dragapult||ChoiceBand|ClearBody|DragonDarts,PhantomForce,TeraBlast,Uturn|||F|||50|,,,,,Ghost
|inactive|Battle timer is ON: inactive players will automatically lose when time's up. (requested by hexagonfoot)
|inactive|wishlocals has 60 seconds left.
|
|t:|1756494235
|teamsize|p1|4
|teamsize|p2|4
|start
|switch|p1a: Sneasler|Sneasler, L50, F|100/100
|switch|p1b: Dragonite|Dragonite, L50, M|100/100
|switch|p2a: Primarina|Primarina, L50, M|100/100
|switch|p2b: Dragapult|Dragapult, L50, F|100/100
|turn|1
|j| SvenV2
|l| SvenV2
|inactive|hexagonfoot has 30 seconds left.
|
|t:|1756494265
|-terastallize|p1b: Dragonite|Steel
|move|p2b: Dragapult|U-turn|p1b: Dragonite
|-resisted|p1b: Dragonite
|-damage|p1b: Dragonite|92/100
|
|t:|1756494269
|switch|p2b: Magmar|Magmar, L50, F|100/100|[from] U-turn
|move|p1a: Sneasler|Coaching|p1b: Dragonite
|-boost|p1b: Dragonite|atk|1
|-boost|p1b: Dragonite|def|1
|move|p1b: Dragonite|Scale Shot|p2b: Magmar
|-damage|p2b: Magmar|86/100
|-damage|p2b: Magmar|71/100
|-damage|p2b: Magmar|55/100
|-damage|p2b: Magmar|41/100
|-hitcount|p2b: Magmar|4
|-unboost|p1b: Dragonite|def|1
|-boost|p1b: Dragonite|spe|1
|move|p2a: Primarina|Moonblast|p1b: Dragonite
|-resisted|p1b: Dragonite
|-damage|p1b: Dragonite|71/100
|
|upkeep
|turn|2
|
|t:|1756494294
|-terastallize|p2a: Primarina|Water
|move|p2b: Magmar|Follow Me|p2b: Magmar
|-singleturn|p2b: Magmar|move: Follow Me
|move|p1a: Sneasler|Dire Claw|p2b: Magmar
|-crit|p2b: Magmar
|-damage|p2b: Magmar|0 fnt
|faint|p2b: Magmar
|move|p1b: Dragonite|Scale Shot|p2a: Primarina|[miss]
|-miss|p1b: Dragonite|p2a: Primarina
|move|p2a: Primarina|Hyper Voice|p1a: Sneasler|[spread] p1a,p1b
|-damage|p1a: Sneasler|48/100
|-damage|p1b: Dragonite|36/100
|
|upkeep
|
|t:|1756494297
|switch|p2b: Kingambit|Kingambit, L50, F|100/100
|turn|3
|
|t:|1756494312
|move|p1a: Sneasler|Protect|p1a: Sneasler
|-singleturn|p1a: Sneasler|Protect
|move|p2b: Kingambit|Sucker Punch|p1b: Dragonite
|-damage|p1b: Dragonite|0 fnt
|faint|p1b: Dragonite
|move|p2a: Primarina|Hyper Voice|p1a: Sneasler
|-activate|p1a: Sneasler|move: Protect
|
|upkeep
|
|t:|1756494320
|switch|p1b: Primarina|Primarina, L50, F|100/100
|turn|4
|inactive|wishlocals has 30 seconds left.
|inactive|wishlocals has 20 seconds left.
|inactive|wishlocals has 15 seconds left.
|inactive|wishlocals has 10 seconds left.
|
|t:|1756494366
|move|p1a: Sneasler|Protect||[still]
|-fail|p1a: Sneasler
|move|p2b: Kingambit|Protect|p2b: Kingambit
|-singleturn|p2b: Kingambit|Protect
|move|p2a: Primarina|Hyper Voice|p1a: Sneasler|[spread] p1a,p1b
|-resisted|p1b: Primarina
|-damage|p1a: Sneasler|0 fnt
|-damage|p1b: Primarina|84/100
|faint|p1a: Sneasler
|move|p1b: Primarina|Calm Mind|p1b: Primarina
|-boost|p1b: Primarina|spa|1
|-boost|p1b: Primarina|spd|1
|
|-heal|p1b: Primarina|90/100|[from] item: Leftovers
|upkeep
|
|t:|1756494369
|switch|p1a: Incineroar|Incineroar, L50, M|100/100
|-ability|p1a: Incineroar|Intimidate|boost
|-unboost|p2a: Primarina|atk|1
|-unboost|p2b: Kingambit|atk|1
|-ability|p2b: Kingambit|Defiant|boost
|-boost|p2b: Kingambit|atk|2
|turn|5
|inactive|wishlocals has 30 seconds left.
|
|t:|1756494402
|move|p2a: Primarina|Hyper Voice|p1a: Incineroar|[spread] p1a,p1b
|-supereffective|p1a: Incineroar
|-resisted|p1b: Primarina
|-damage|p1a: Incineroar|45/100
|-damage|p1b: Primarina|77/100
|move|p1b: Primarina|Hyper Voice|p2a: Primarina|[spread] p2a,p2b
|-resisted|p2a: Primarina
|-damage|p2a: Primarina|79/100
|-damage|p2b: Kingambit|58/100
|move|p1a: Incineroar|Flare Blitz|p2b: Kingambit
|-supereffective|p2b: Kingambit
|-damage|p2b: Kingambit|0 fnt
|faint|p2b: Kingambit
|-damage|p1a: Incineroar|27/100|[from] Recoil
|
|-heal|p1b: Primarina|83/100|[from] item: Leftovers
|upkeep
|
|t:|1756494407
|switch|p2b: Dragapult|Dragapult, L50, F|100/100
|turn|6
|
|t:|1756494419
|move|p2b: Dragapult|Phantom Force||[still]
|-prepare|p2b: Dragapult|Phantom Force
|move|p2a: Primarina|Hyper Voice|p1b: Primarina|[spread] p1a,p1b
|-supereffective|p1a: Incineroar
|-resisted|p1b: Primarina
|-damage|p1a: Incineroar|0 fnt
|-damage|p1b: Primarina|72/100
|faint|p1a: Incineroar
|move|p1b: Primarina|Moonblast|p2b: Dragapult|[miss]
|-miss|p1b: Primarina|p2b: Dragapult
|
|-heal|p1b: Primarina|78/100|[from] item: Leftovers
|upkeep
|turn|7
|
|t:|1756494440
|move|p2b: Dragapult|Phantom Force|p1b: Primarina|[from] lockedmove
|-damage|p1b: Primarina|2/100
|move|p2a: Primarina|Moonblast|p1b: Primarina
|-damage|p1b: Primarina|0 fnt
|faint|p1b: Primarina
|
|win|hexagonfoot
|raw|wishlocals's rating: 1154 → 1132(-22 for losing)
|raw|hexagonfoot's rating: 1194 → 1216(+22 for winning)
