|j|☆littlepotato13
|j|☆Schmixed_007
|html|littlepotato13Schmixed_007    
|uhtml|bestof|Game 2 of a best-of-3
|t:|1784569332
|gametype|doubles
|player|p1|littlepotato13|1|1311
|player|p2|Schmixed_007|101|1291
|gen|9
|tier|[Gen 9 Champions] VGC 2026 Reg M-B (Bo3)
|rated|
|rule|Species Clause: Limit one of each Pokémon
|rule|Item Clause: Limit 1 of each item
|clearpoke
|poke|p1|Whimsicott, L50, F|
|poke|p1|Floette-Eternal, L50, F|
|poke|p1|Garchomp, L50, F|
|poke|p1|Charizard, L50, F|
|poke|p1|Basculegion, L50, M|
|poke|p1|Kingambit, L50, F|
|poke|p2|Delphox, L50, M|
|poke|p2|Garchomp, L50, M, shiny|
|poke|p2|Whimsicott, L50, M, shiny|
|poke|p2|Staraptor, L50, F, shiny|
|poke|p2|Kingambit, L50, M, shiny|
|poke|p2|Sinistcha-Masterpiece, L50|
|teampreview|4
|showteam|p1|Whimsicott||FocusSash|Prankster|Protect,Tailwind,Encore,Moonblast|Timid||F|||50|]Floette-Eternal||Floettite|FlowerVeil|Protect,DazzlingGleam,Moonblast,LightofRuin|Modest||F|||50|]Garchomp||LifeOrb|RoughSkin|Protect,RockSlide,DragonClaw,Earthquake|Jolly||F|||50|]Charizard||CharizarditeY|Blaze|Protect,SolarBeam,HeatWave,WeatherBall|Modest||F|||50|]Basculegion||ChoiceScarf|Adaptability|AquaJet,FlipTurn,WaveCrash,LastRespects|Jolly||M|||50|]Kingambit||BlackGlasses|Defiant|Protect,KowtowCleave,SuckerPunch,IronHead|Adamant||F|||50|
|showteam|p2|Delphox||Delphoxite|Blaze|HeatWave,Psyshock,NastyPlot,Protect|Timid||M|||50|]Garchomp||LifeOrb|RoughSkin|Earthquake,DragonClaw,RockSlide,Protect|Jolly||M|||50|]Whimsicott||OccaBerry|Prankster|Tailwind,Encore,Moonblast,Charm|Bold||M|||50|]Staraptor||Staraptite|Intimidate|BraveBird,CloseCombat,Roost,Protect|Adamant||F|||50|]Kingambit||BlackGlasses|Defiant|SuckerPunch,KowtowCleave,LowKick,Protect|Adamant||M|||50|]Sinistcha-Masterpiece||SitrusBerry|Hospitality|RagePowder,MatchaGotcha,TrickRoom,Protect|Relaxed|||||50|
|inactive|Battle timer is ON: inactive players will automatically lose when time's up. (requested by littlepotato13)
|
|t:|1784569354
|teamsize|p1|4
|teamsize|p2|4
|start
|switch|p1a: Whimsicott|Whimsicott, L50, F|100/100
|switch|p1b: Garchomp|Garchomp, L50, F|100/100
|switch|p2a: Delphox|Delphox, L50, M|100/100
|switch|p2b: Sinistcha|Sinistcha-Masterpiece, L50|100/100
|turn|1
|
|t:|1784569370
|switch|p2a: Kingambit|Kingambit, L50, M, shiny|100/100
|move|p1a: Whimsicott|Protect|p1a: Whimsicott
|-singleturn|p1a: Whimsicott|Protect
|move|p1b: Garchomp|Rock Slide|p2b: Sinistcha|[spread] p2a,p2b
|-resisted|p2a: Kingambit|1
|-damage|p2a: Kingambit|91/100
|-damage|p2b: Sinistcha|80/100
|-damage|p1b: Garchomp|90/100|[from] item: Life Orb
|move|p2b: Sinistcha|Matcha Gotcha|p1b: Garchomp|[spread] p1b
|-activate|p1a: Whimsicott|move: Protect
|-damage|p1b: Garchomp|62/100
|-heal|p2b: Sinistcha|95/100|[from] drain|[of] p1b: Garchomp
|
|upkeep
|turn|2
|
|t:|1784569390
|move|p2a: Kingambit|Protect|p2a: Kingambit
|-singleturn|p2a: Kingambit|Protect
|move|p1a: Whimsicott|Moonblast|p2a: Kingambit
|-activate|p2a: Kingambit|move: Protect
|move|p1b: Garchomp|Earthquake|p2a: Kingambit|[spread] p1a,p2b
|-activate|p2a: Kingambit|move: Protect
|-resisted|p1a: Whimsicott|1
|-resisted|p2b: Sinistcha|1
|-damage|p1a: Whimsicott|61/100
|-damage|p2b: Sinistcha|75/100
|-damage|p1b: Garchomp|52/100|[from] item: Life Orb
|move|p2b: Sinistcha|Trick Room|p2b: Sinistcha
|-fieldstart|move: Trick Room|[of] p2b: Sinistcha
|
|upkeep
|turn|3
|
|t:|1784569405
|move|p1b: Garchomp|Protect|p1b: Garchomp
|-singleturn|p1b: Garchomp|Protect
|move|p2b: Sinistcha|Rage Powder|p2b: Sinistcha
|-singleturn|p2b: Sinistcha|move: Rage Powder
|move|p1a: Whimsicott|Encore|p2b: Sinistcha
|-start|p2b: Sinistcha|Encore
|move|p2a: Kingambit|Kowtow Cleave|p1b: Garchomp
|-activate|p1b: Garchomp|move: Protect
|
|upkeep
|turn|4
|
|t:|1784569421
|switch|p2b: Whimsicott|Whimsicott, L50, M, shiny|100/100
|switch|p1b: Floette|Floette-Eternal, L50, F|100/100
|move|p2a: Kingambit|Kowtow Cleave|p1b: Floette
|-resisted|p1b: Floette|1
|-damage|p1b: Floette|63/100
|move|p1a: Whimsicott|Moonblast|p2a: Kingambit
|-damage|p2a: Kingambit|54/100
|
|upkeep
|turn|5
|inactive|littlepotato13 has 30 seconds left.
|
|t:|1784569455
|switch|p1a: Kingambit|Kingambit, L50, F|100/100
|detailschange|p1b: Floette|Floette-Mega, L50, F
|-mega|p1b: Floette|Floette|Floettite
|-ability|p1b: Floette|Fairy Aura
|move|p2a: Kingambit|Kowtow Cleave|p1b: Floette
|-resisted|p1b: Floette|1
|-damage|p1b: Floette|30/100
|move|p1b: Floette|Moonblast|p2a: Kingambit
|-damage|p2a: Kingambit|0 fnt
|faint|p2a: Kingambit
|move|p2b: Whimsicott|Moonblast|p1b: Floette
|-damage|p1b: Floette|1/100
|
|upkeep
|
|t:|1784569468
|switch|p2a: Sinistcha|Sinistcha-Masterpiece, L50|75/100
|turn|6
|
|t:|1784569485
|move|p2a: Sinistcha|Protect|p2a: Sinistcha
|-singleturn|p2a: Sinistcha|Protect
|move|p2b: Whimsicott|Tailwind|p2b: Whimsicott
|-sidestart|p2: Schmixed_007|move: Tailwind
|move|p1a: Kingambit|Kowtow Cleave|p2a: Sinistcha
|-activate|p2a: Sinistcha|move: Protect
|move|p1b: Floette|Moonblast|p2b: Whimsicott
|-damage|p2b: Whimsicott|2/100
|
|-fieldend|move: Trick Room
|upkeep
|turn|7
|
|t:|1784569510
|move|p1a: Kingambit|Sucker Punch|p2a: Sinistcha
|-supereffective|p2a: Sinistcha|1
|-damage|p2a: Sinistcha|3/100
|-enditem|p2a: Sinistcha|Sitrus Berry|[eat]
|-heal|p2a: Sinistcha|28/100|[from] item: Sitrus Berry
|move|p2b: Whimsicott|Moonblast|p1a: Kingambit
|-damage|p1a: Kingambit|66/100
|move|p2a: Sinistcha|Matcha Gotcha|p1b: Floette|[spread] p1a,p1b
|-resisted|p1a: Kingambit|1
|-damage|p1a: Kingambit|54/100
|-heal|p2a: Sinistcha|34/100|[from] drain|[of] p1a: Kingambit
|-damage|p1b: Floette|0 fnt
|-heal|p2a: Sinistcha|35/100|[from] drain|[of] p1b: Floette
|faint|p1b: Floette
|
|upkeep
|
|t:|1784569523
|switch|p1b: Whimsicott|Whimsicott, L50, F|61/100
|turn|8
|
|t:|1784569534
|move|p2a: Sinistcha|Protect|p2a: Sinistcha
|-singleturn|p2a: Sinistcha|Protect
|move|p1a: Kingambit|Sucker Punch||[still]
|-fail|p1a: Kingambit
|move|p2b: Whimsicott|Moonblast|p1a: Kingambit
|-damage|p1a: Kingambit|27/100
|move|p1b: Whimsicott|Moonblast|p2b: Whimsicott
|-damage|p2b: Whimsicott|0 fnt
|faint|p2b: Whimsicott
|
|upkeep
|
|t:|1784569540
|switch|p2b: Delphox|Delphox, L50, M|100/100
|turn|9
|inactive|littlepotato13 has 30 seconds left.
|inactive|littlepotato13 has 20 seconds left.
|
|t:|1784569576
|detailschange|p2b: Delphox|Delphox-Mega, L50, M
|-mega|p2b: Delphox|Delphox|Delphoxite
|move|p1a: Kingambit|Protect|p1a: Kingambit
|-singleturn|p1a: Kingambit|Protect
|move|p2a: Sinistcha|Rage Powder|p2a: Sinistcha
|-singleturn|p2a: Sinistcha|move: Rage Powder
|move|p1b: Whimsicott|Tailwind|p1b: Whimsicott
|-sidestart|p1: littlepotato13|move: Tailwind
|move|p2b: Delphox|Heat Wave|p1a: Kingambit|[spread] p1b
|-activate|p1a: Kingambit|move: Protect
|-supereffective|p1b: Whimsicott|1
|-damage|p1b: Whimsicott|0 fnt
|faint|p1b: Whimsicott
|
|-sideend|p2: Schmixed_007|move: Tailwind
|upkeep
|
|t:|1784569580
|switch|p1b: Garchomp|Garchomp, L50, F|52/100
|turn|10
|
|t:|1784569598
|move|p2a: Sinistcha|Rage Powder|p2a: Sinistcha
|-singleturn|p2a: Sinistcha|move: Rage Powder
|move|p1a: Kingambit|Sucker Punch||[still]
|-fail|p1a: Kingambit
|move|p1b: Garchomp|Rock Slide|p2b: Delphox|[spread] p2a,p2b
|-supereffective|p2b: Delphox|1
|-damage|p2a: Sinistcha|16/100
|-damage|p2b: Delphox|27/100
|-damage|p1b: Garchomp|42/100|[from] item: Life Orb
|move|p2b: Delphox|Heat Wave|p1b: Garchomp|[spread] p1a,p1b
|-supereffective|p1a: Kingambit|1
|-resisted|p1b: Garchomp|1
|-damage|p1a: Kingambit|0 fnt
|-damage|p1b: Garchomp|20/100y
|faint|p1a: Kingambit
|
|upkeep
|turn|11
|
|t:|1784569618
|move|p2b: Delphox|Protect|p2b: Delphox
|-singleturn|p2b: Delphox|Protect
|move|p1b: Garchomp|Rock Slide|p2a: Sinistcha|[spread] p2a
|-activate|p2b: Delphox|move: Protect
|-damage|p2a: Sinistcha|0 fnt
|faint|p2a: Sinistcha
|-damage|p1b: Garchomp|10/100|[from] item: Life Orb
|
|upkeep
|turn|12
|
|t:|1784569623
|move|p2b: Delphox|Protect||[still]
|-fail|p2b: Delphox
|move|p1b: Garchomp|Dragon Claw|p2b: Delphox
|-damage|p2b: Delphox|0 fnt
|faint|p2b: Delphox
|-damage|p1b: Garchomp|1/100|[from] item: Life Orb
|
|win|littlepotato13
|raw|littlepotato13's rating: 1311 → 1330(+19 for winning)
|raw|Schmixed_007's rating: 1291 → 1267(-24 for losing)
|l|☆Schmixed_007
|player|p2|
