|j|☆yenjang
|j|☆Cjpremo
|html|yenjangCjpremo    
|uhtml|bestof|Game 2 of a best-of-3
|t:|1786177616
|gametype|doubles
|player|p1|yenjang|cynthia-gen4|1109
|player|p2|Cjpremo|265|1037
|gen|9
|tier|[Gen 9 Champions] VGC 2026 Reg M-B (Bo3)
|rated|
|rule|Species Clause: Limit one of each Pokémon
|rule|Item Clause: Limit 1 of each item
|clearpoke
|poke|p1|Raichu, L50, M, shiny|
|poke|p1|Sylveon, L50, F, shiny|
|poke|p1|Arcanine-Hisui, L50, M, shiny|
|poke|p1|Kingambit, L50, M, shiny|
|poke|p1|Farigiraf, L50, F, shiny|
|poke|p1|Staraptor, L50, M, shiny|
|poke|p2|Whimsicott, L50, F|
|poke|p2|Staraptor, L50, F|
|poke|p2|Garchomp, L50, M|
|poke|p2|Gholdengo, L50|
|poke|p2|Palafin, L50, M|
|poke|p2|Typhlosion-Hisui, L50, M|
|teampreview|4
|showteam|p1|Raichu||RaichuniteY|LightningRod|ZapCannon,FocusBlast,Protect,FakeOut|Timid||M|||50|]Sylveon||FairyFeather|Pixilate|HyperVoice,HyperBeam,Detect,QuickAttack|Modest||F|||50|]Arcanine-Hisui||FocusSash|RockHead|HeadSmash,FlareBlitz,Protect,ExtremeSpeed|Jolly||M|||50|]Kingambit||LifeOrb|Defiant|SuckerPunch,KowtowCleave,LowKick,Protect|Adamant||M|||50|]Farigiraf||SitrusBerry|ArmorTail|Thunderbolt,Psychic,HelpingHand,TrickRoom|Calm||F|||50|]Staraptor||Staraptite|Intimidate|CloseCombat,DualWingbeat,Protect,Tailwind|Jolly||M|||50|
|showteam|p2|Whimsicott||FocusSash|Prankster|Tickle,Tailwind,Moonblast,FakeTears|Timid||F|||50|]Staraptor||Staraptite|Intimidate|BraveBird,CloseCombat,Roost,Protect|Jolly||F|||50|]Garchomp||RoseliBerry|RoughSkin|DragonClaw,StompingTantrum,RockTomb,PoisonJab|Jolly||M|||50|]Gholdengo||LifeOrb|GoodasGold|MakeItRain,ShadowBall,PowerGem,Protect|Modest|||||50|]Palafin||MysticWater|ZerotoHero|FlipTurn,WaveCrash,Protect,JetPunch|Adamant||M|||50|]Typhlosion-Hisui||ChoiceScarf|Frisk|Eruption,HeatWave,BurnUp,ShadowBall|Modest||M|||50|
|inactive|Battle timer is ON: inactive players will automatically lose when time's up. (requested by Cjpremo)
|inactive|yenjang has 60 seconds left.
|inactive|Cjpremo has 60 seconds left.
|inactive|yenjang has 30 seconds left.
|inactive|yenjang has 20 seconds left.
|
|t:|1786177689
|teamsize|p1|4
|teamsize|p2|4
|start
|switch|p1a: Farigiraf|Farigiraf, L50, F, shiny|100/100
|switch|p1b: Arcanine|Arcanine-Hisui, L50, M, shiny|100/100
|switch|p2a: Whimsicott|Whimsicott, L50, F|100/100
|switch|p2b: Palafin|Palafin, L50, M|100/100
|turn|1
|inactive|yenjang has 30 seconds left.
|inactive|Cjpremo has 30 seconds left.
|inactive|yenjang has 20 seconds left.
|inactive|yenjang has 15 seconds left.
|
|t:|1786177731
|move|p2a: Whimsicott|Moonblast|p1a: Farigiraf
|-damage|p1a: Farigiraf|72/100
|move|p1b: Arcanine|Flare Blitz|p2a: Whimsicott
|-supereffective|p2a: Whimsicott|1
|-crit|p2a: Whimsicott
|-enditem|p2a: Whimsicott|Focus Sash
|-damage|p2a: Whimsicott|1/100
|move|p2b: Palafin|Flip Turn|p1a: Farigiraf
|-damage|p1a: Farigiraf|47/100
|-enditem|p1a: Farigiraf|Sitrus Berry|[eat]
|-heal|p1a: Farigiraf|72/100|[from] item: Sitrus Berry
|
|t:|1786177744
|detailschange|p2b: Palafin|Palafin-Hero, L50, M
|switch|p2b: Staraptor|Staraptor, L50, F|100/100|[from] Flip Turn
|-ability|p2b: Staraptor|Intimidate|boost
|-unboost|p1a: Farigiraf|atk|1
|-unboost|p1b: Arcanine|atk|1
|move|p1a: Farigiraf|Psychic|p2a: Whimsicott
|-damage|p2a: Whimsicott|0 fnt
|faint|p2a: Whimsicott
|
|upkeep
|
|t:|1786177752
|switch|p2a: Garchomp|Garchomp, L50, M|100/100
|turn|2
|inactive|yenjang has 30 seconds left.
|inactive|yenjang has 20 seconds left.
|
|t:|1786177796
|detailschange|p2b: Staraptor|Staraptor-Mega, L50, F
|-mega|p2b: Staraptor|Staraptor|Staraptite
|move|p2b: Staraptor|Close Combat|p1a: Farigiraf
|-damage|p1a: Farigiraf|12/100
|-boost|p2b: Staraptor|def|1
|-boost|p2b: Staraptor|spd|1
|move|p2a: Garchomp|Stomping Tantrum|p1a: Farigiraf
|-damage|p1a: Farigiraf|0 fnt
|faint|p1a: Farigiraf
|move|p1b: Arcanine|Head Smash|p2b: Staraptor
|-crit|p2b: Staraptor
|-damage|p2b: Staraptor|0 fnt
|faint|p2b: Staraptor
|
|upkeep
|
|t:|1786177813
|switch|p2b: Palafin|Palafin-Hero, L50, M|100/100
|switch|p1a: Sylveon|Sylveon, L50, F, shiny|100/100
|-activate|p2b: Palafin|ability: Zero to Hero
|turn|3
|inactive|yenjang has 30 seconds left.
|inactive|yenjang has 20 seconds left.
|inactive|yenjang has 15 seconds left.
|inactive|yenjang has 10 seconds left.
|
|t:|1786177859
|move|p2b: Palafin|Jet Punch|p1a: Sylveon
|-crit|p1a: Sylveon
|-damage|p1a: Sylveon|18/100
|move|p2a: Garchomp|Poison Jab|p1a: Sylveon
|-supereffective|p1a: Sylveon|1
|-damage|p1a: Sylveon|0 fnt
|faint|p1a: Sylveon
|move|p1b: Arcanine|Head Smash|p2b: Palafin
|-damage|p2b: Palafin|56/100
|
|upkeep
|
|t:|1786177869
|switch|p1a: Raichu|Raichu, L50, M, shiny|100/100
|turn|4
|inactive|yenjang has 30 seconds left.
|
|t:|1786177903
|detailschange|p1a: Raichu|Raichu-Mega-Y, L50, M, shiny
|-mega|p1a: Raichu|Raichu|Raichunite Y
|move|p2b: Palafin|Protect|p2b: Palafin
|-singleturn|p2b: Palafin|Protect
|move|p1a: Raichu|Fake Out|p2a: Garchomp
|-damage|p2a: Garchomp|92/100
|-damage|p1a: Raichu|88/100|[from] ability: Rough Skin|[of] p2a: Garchomp
|cant|p2a: Garchomp|flinch
|move|p1b: Arcanine|Head Smash|p2a: Garchomp
|-resisted|p2a: Garchomp|1
|-damage|p2a: Garchomp|68/100
|-damage|p1b: Arcanine|87/100|[from] ability: Rough Skin|[of] p2a: Garchomp
|
|upkeep
|turn|5
|inactive|yenjang has 30 seconds left.
|inactive|yenjang has 20 seconds left.
|inactive|yenjang has 15 seconds left.
|inactive|yenjang has 10 seconds left.
|inactive|yenjang has 5 seconds left.
|
|t:|1786177956
|move|p1b: Arcanine|Extreme Speed|p2a: Garchomp
|-damage|p2a: Garchomp|51/100
|-damage|p1b: Arcanine|75/100|[from] ability: Rough Skin|[of] p2a: Garchomp
|move|p2b: Palafin|Jet Punch|p1b: Arcanine
|-supereffective|p1b: Arcanine|2
|-damage|p1b: Arcanine|0 fnt
|faint|p1b: Arcanine
|move|p1a: Raichu|Focus Blast|p2a: Garchomp
|-damage|p2a: Garchomp|7/100
|move|p2a: Garchomp|Stomping Tantrum|p1a: Raichu
|-supereffective|p1a: Raichu|1
|-damage|p1a: Raichu|0 fnt
|faint|p1a: Raichu
|
|win|Cjpremo
