|j|☆new mental
|j|☆Dr_Cups
|html|new mentalDr_Cups    
|uhtml|bestof|Game 1 of a best-of-3
|t:|1784918278
|gametype|doubles
|player|p1|new mental|volkner|1304
|player|p2|Dr_Cups|102|1269
|gen|9
|tier|[Gen 9 Champions] VGC 2026 Reg M-B (Bo3)
|rated|
|rule|Species Clause: Limit one of each Pokémon
|rule|Item Clause: Limit 1 of each item
|clearpoke
|poke|p1|Charizard, L50, M|
|poke|p1|Garchomp, L50, F|
|poke|p1|Incineroar, L50, F|
|poke|p1|Venusaur, L50, F|
|poke|p1|Toxapex, L50, M|
|poke|p1|Sylveon, L50, F|
|poke|p2|Staraptor, L50, M|
|poke|p2|Vanilluxe, L50, M|
|poke|p2|Farigiraf, L50, F|
|poke|p2|Blastoise, L50, M|
|poke|p2|Kingambit, L50, M|
|poke|p2|Camerupt, L50, F|
|teampreview|4
|showteam|p1|Charizard||CharizarditeY|SolarPower|WeatherBall,HeatWave,AncientPower,Protect|Modest||M|||50|]Garchomp||ChoiceScarf|RoughSkin|RockSlide,DragonClaw,Earthquake,StompingTantrum|Adamant||F|||50|]Incineroar||SitrusBerry|Intimidate|FlareBlitz,FakeOut,DarkestLariat,PartingShot|Impish||F|||50|]Venusaur||LifeOrb|Chlorophyll|SludgeBomb,LeafStorm,EarthPower,Protect|Modest||F|||50|]Toxapex||Leftovers|Regenerator|Infestation,Toxic,WideGuard,BanefulBunker|Bold||M|||50|]Sylveon||FairyFeather|Pixilate|HyperVoice,QuickAttack,Yawn,Detect|Modest||F|||50|
|showteam|p2|Staraptor||ChoiceScarf|Intimidate|FinalGambit,BraveBird,CloseCombat,Uturn|Jolly||M|||50|]Vanilluxe||NeverMeltIce|SnowWarning|Blizzard,FreezeDry,Protect,IceShard|Quiet||M|||50|]Farigiraf||SitrusBerry|ArmorTail|PsychicFangs,HyperVoice,HelpingHand,TrickRoom|Relaxed||F|||50|]Blastoise||Blastoisinite|RainDish|FakeOut,WaterSpout,AuraSphere,DarkPulse|Quiet||M|||50|]Kingambit||LifeOrb|Defiant|KowtowCleave,IronHead,Protect,SuckerPunch|Brave||M|||50|]Camerupt||Cameruptite|SolidRock|HeatWave,EarthPower,Protect,AncientPower|Quiet||F|||50|
|inactive|Battle timer is ON: inactive players will automatically lose when time's up. (requested by new mental)
|
|t:|1784918313
|teamsize|p1|4
|teamsize|p2|4
|start
|switch|p1a: Toxapex|Toxapex, L50, M|100/100
|switch|p1b: Sylveon|Sylveon, L50, F|100/100
|switch|p2a: Farigiraf|Farigiraf, L50, F|100/100
|switch|p2b: Kingambit|Kingambit, L50, M|100/100
|turn|1
|
|t:|1784918321
|move|p1b: Sylveon|Yawn|p2b: Kingambit
|-start|p2b: Kingambit|move: Yawn|[of] p1b: Sylveon
|move|p2b: Kingambit|Iron Head|p1b: Sylveon
|-supereffective|p1b: Sylveon|1
|-damage|p1b: Sylveon|0 fnt
|faint|p1b: Sylveon
|-damage|p2b: Kingambit|90/100|[from] item: Life Orb
|move|p1a: Toxapex|Infestation|p2b: Kingambit
|-damage|p2b: Kingambit|86/100
|-activate|p2b: Kingambit|move: Infestation|[of] p1a: Toxapex
|move|p2a: Farigiraf|Trick Room|p2a: Farigiraf
|-fieldstart|move: Trick Room|[of] p2a: Farigiraf
|
|-damage|p2b: Kingambit|74/100|[from] move: Infestation|[partiallytrapped]
|upkeep
|
|t:|1784918330
|switch|p1b: Garchomp|Garchomp, L50, F|100/100
|turn|2
|
|t:|1784918345
|move|p2a: Farigiraf|Helping Hand|p2b: Kingambit
|-singleturn|p2b: Kingambit|Helping Hand|[of] p2a: Farigiraf
|move|p1a: Toxapex|Infestation|p2a: Farigiraf
|-supereffective|p2a: Farigiraf|1
|-crit|p2a: Farigiraf
|-damage|p2a: Farigiraf|91/100
|-activate|p2a: Farigiraf|move: Infestation|[of] p1a: Toxapex
|move|p2b: Kingambit|Kowtow Cleave|p1b: Garchomp
|-damage|p1b: Garchomp|8/100
|-damage|p2b: Kingambit|62/100|[from] ability: Rough Skin|[of] p1b: Garchomp
|-damage|p2b: Kingambit|53/100|[from] item: Life Orb
|move|p1b: Garchomp|Stomping Tantrum|p2a: Farigiraf
|-damage|p2a: Farigiraf|57/100
|
|-damage|p2b: Kingambit|41/100|[from] move: Infestation|[partiallytrapped]
|-damage|p2a: Farigiraf|45/100|[from] move: Infestation|[partiallytrapped]
|-end|p2b: Kingambit|move: Yawn|[silent]
|-status|p2b: Kingambit|slp
|upkeep
|-enditem|p2a: Farigiraf|Sitrus Berry|[eat]
|-heal|p2a: Farigiraf|70/100|[from] item: Sitrus Berry
|turn|3
|
|t:|1784918368
|switch|p1b: Charizard|Charizard, L50, M|100/100
|move|p1a: Toxapex|Toxic|p2a: Farigiraf
|-status|p2a: Farigiraf|tox
|cant|p2b: Kingambit|slp
|move|p2a: Farigiraf|Hyper Voice|p1b: Charizard|[spread] p1a,p1b
|-damage|p1a: Toxapex|82/100
|-damage|p1b: Charizard|70/100
|
|-heal|p1a: Toxapex|88/100|[from] item: Leftovers
|-damage|p2a: Farigiraf|63/100 tox|[from] psn
|-damage|p2b: Kingambit|28/100 slp|[from] move: Infestation|[partiallytrapped]
|-damage|p2a: Farigiraf|51/100 tox|[from] move: Infestation|[partiallytrapped]
|upkeep
|turn|4
|
|t:|1784918387
|detailschange|p1b: Charizard|Charizard-Mega-Y, L50, M
|-mega|p1b: Charizard|Charizard|Charizardite Y
|-weather|SunnyDay|[from] ability: Drought|[of] p1b: Charizard
|move|p1a: Toxapex|Infestation|p2b: Kingambit
|-crit|p2b: Kingambit
|-damage|p2b: Kingambit|23/100 slp
|cant|p2b: Kingambit|slp
|move|p2a: Farigiraf|Hyper Voice|p1b: Charizard|[spread] p1a,p1b
|-damage|p1a: Toxapex|70/100
|-damage|p1b: Charizard|46/100
|move|p1b: Charizard|Ancient Power|p2a: Farigiraf
|-damage|p2a: Farigiraf|30/100 tox
|
|-weather|SunnyDay|[upkeep]
|-heal|p1a: Toxapex|76/100|[from] item: Leftovers
|-damage|p2a: Farigiraf|18/100 tox|[from] psn
|-damage|p2b: Kingambit|11/100 slp|[from] move: Infestation|[partiallytrapped]
|-damage|p2a: Farigiraf|5/100 tox|[from] move: Infestation|[partiallytrapped]
|upkeep
|turn|5
|inactive|Dr_Cups has 30 seconds left.
|
|t:|1784918413
|move|p1a: Toxapex|Wide Guard|p1a: Toxapex
|-singleturn|p1a: Toxapex|Wide Guard
|-curestatus|p2b: Kingambit|slp|[msg]
|move|p2b: Kingambit|Kowtow Cleave|p1b: Charizard
|-damage|p1b: Charizard|0 fnt
|faint|p1b: Charizard
|-damage|p2b: Kingambit|1/100|[from] item: Life Orb
|move|p2a: Farigiraf|Hyper Voice|p1a: Toxapex
|-activate|p1a: Toxapex|move: Wide Guard
|
|-weather|SunnyDay|[upkeep]
|-heal|p1a: Toxapex|82/100|[from] item: Leftovers
|-damage|p2a: Farigiraf|0 fnt|[from] psn
|faint|p2a: Farigiraf
|-damage|p2b: Kingambit|0 fnt|[from] move: Infestation|[partiallytrapped]
|faint|p2b: Kingambit
|-fieldend|move: Trick Room
|upkeep
|
|t:|1784918425
|switch|p1b: Garchomp|Garchomp, L50, F|8/100
|switch|p2a: Vanilluxe|Vanilluxe, L50, M|100/100
|switch|p2b: Camerupt|Camerupt, L50, F|100/100
|-weather|Snowscape|[from] ability: Snow Warning|[of] p2a: Vanilluxe
|turn|6
|
|t:|1784918447
|detailschange|p2b: Camerupt|Camerupt-Mega, L50, F
|-mega|p2b: Camerupt|Camerupt|Cameruptite
|move|p2a: Vanilluxe|Ice Shard|p1b: Garchomp
|-supereffective|p1b: Garchomp|2
|-damage|p1b: Garchomp|0 fnt
|faint|p1b: Garchomp
|move|p1a: Toxapex|Toxic|p2b: Camerupt
|-status|p2b: Camerupt|tox
|move|p2b: Camerupt|Earth Power|p1a: Toxapex
|-supereffective|p1a: Toxapex|1
|-damage|p1a: Toxapex|0 fnt
|faint|p1a: Toxapex
|
|win|Dr_Cups
