|j|â˜†merrypasta
|j|â˜†sheepie_sheep
|html|merrypastasheepie_sheep    
|uhtml|bestof|Game 1 of a best-of-3
|t:|1756851426
|gametype|doubles
|player|p1|merrypasta|carmine|
|player|p2|sheepie_sheep|allister-unmasked|
|gen|9
|tier|[Gen 9] VGC 2025 Reg H (Bo3)
|rule|Species Clause: Limit one of each PokÃ©mon
|rule|Item Clause: Limit 1 of each item
|clearpoke
|poke|p1|Gothitelle, L50, F|
|poke|p1|Farigiraf, L50, F|
|poke|p1|Politoed, L50, M|
|poke|p1|Torracat, L50, M|
|poke|p1|Primarina, L50, F|
|poke|p1|Meowscarada, L50, F|
|poke|p2|Dragapult, L50, F|
|poke|p2|Gardevoir, L50, M|
|poke|p2|Toxtricity, L50, F|
|poke|p2|Murkrow, L50, F|
|poke|p2|Baxcalibur, L50, M|
|poke|p2|Brambleghast, L50, M|
|teampreview|4
|showteam|p1|Gothitelle||SitrusBerry|ShadowTag|Psychic,FakeOut,Protect,TrickRoom|||F|||50|,,,,,Water]Farigiraf||ThroatSpray|ArmorTail|HyperVoice,Psychic,Protect,TrickRoom|||F|||50|,,,,,Fairy]Politoed||Leftovers|Drizzle|WeatherBall,HelpingHand,Protect,PerishSong|||M|||50|,,,,,Grass]Torracat||Eviolite|Intimidate|FakeOut,HelpingHand,Protect,PartingShot|||M|||50|,,,,,Dark]Primarina||LifeOrb|LiquidVoice|WaterPledge,HyperVoice,Protect,Moonblast|||F|||50|,,,,,Poison]Meowscarada||FocusSash|Overgrow|FlowerTrick,GrassPledge,Protect,KnockOff|||F|||50|,,,,,Ghost
|showteam|p2|Dragapult||ChoiceBand|ClearBody|DragonDarts,Uturn,Outrage,PhantomForce|||F|||50|,,,,,Dragon]Gardevoir||ChoiceScarf|Telepathy|Moonblast,Psychic,Trick,Thunderbolt|||M|||50|,,,,,Fairy]Toxtricity||ChoiceSpecs|PunkRock|Boomburst,Overdrive,SludgeBomb,VoltSwitch|||F|||50|,,,,,Normal]Murkrow||Eviolite|Prankster|Tailwind,Quash,FoulPlay,Taunt|||F|||50|,,,,,Ghost]Baxcalibur||LoadedDice|ThermalExchange|IcicleSpear,ScaleShot,Protect,SwordsDance|||M|||50|,,,,,Water]Brambleghast||FocusSash|WindRider|Poltergeist,PowerWhip,ShadowSneak,Protect|||M|||50|,,,,,Grass
|inactive|Battle timer is ON: inactive players will automatically lose when time's up. (requested by sheepie_sheep)
|c|â˜†sheepie_sheep|glhf
|c|â˜†merrypasta|glhf
|inactive|merrypasta has 60 seconds left.
|
|t:|1756851458
|teamsize|p1|4
|teamsize|p2|4
|start
|switch|p1a: Gothitelle|Gothitelle, L50, F|100/100
|switch|p1b: Farigiraf|Farigiraf, L50, F|100/100
|switch|p2a: Dragapult|Dragapult, L50, F|100/100
|switch|p2b: Toxtricity|Toxtricity, L50, F|100/100
|turn|1
|
|t:|1756851474
|move|p1a: Gothitelle|Fake Out|p2b: Toxtricity
|-damage|p2b: Toxtricity|90/100
|move|p2a: Dragapult|U-turn|p1a: Gothitelle
|-supereffective|p1a: Gothitelle
|-damage|p1a: Gothitelle|33/100
|-enditem|p1a: Gothitelle|Sitrus Berry|[eat]
|-heal|p1a: Gothitelle|58/100|[from] item: Sitrus Berry
|
|t:|1756851480
|switch|p2a: Baxcalibur|Baxcalibur, L50, M|100/100|[from] U-turn
|cant|p2b: Toxtricity|flinch
|move|p1b: Farigiraf|Trick Room|p1b: Farigiraf
|-fieldstart|move: Trick Room|[of] p1b: Farigiraf
|
|upkeep
|turn|2
|
|t:|1756851494
|-terastallize|p2b: Toxtricity|Normal
|move|p1b: Farigiraf|Hyper Voice|p2b: Toxtricity|[spread] p2a,p2b
|-crit|p2b: Toxtricity
|-damage|p2a: Baxcalibur|72/100
|-damage|p2b: Toxtricity|60/100
|-enditem|p1b: Farigiraf|Throat Spray
|-boost|p1b: Farigiraf|spa|1|[from] item: Throat Spray
|move|p1a: Gothitelle|Psychic|p2b: Toxtricity
|-damage|p2b: Toxtricity|13/100
|move|p2b: Toxtricity|Overdrive|p1a: Gothitelle|[spread] p1a,p1b
|-damage|p1a: Gothitelle|10/100
|-damage|p1b: Farigiraf|49/100
|move|p2a: Baxcalibur|Swords Dance|p2a: Baxcalibur
|-boost|p2a: Baxcalibur|atk|2
|
|upkeep
|turn|3
|c|â˜†merrypasta|what the fuck toxtricity is bulky?
|c|â˜†merrypasta|or is hyper voice just weak
|
|t:|1756851516
|move|p1b: Farigiraf|Hyper Voice|p2a: Baxcalibur|[spread] p2a,p2b
|-damage|p2a: Baxcalibur|29/100
|-damage|p2b: Toxtricity|0 fnt
|faint|p2b: Toxtricity
|move|p1a: Gothitelle|Psychic|p2a: Baxcalibur
|-damage|p2a: Baxcalibur|0 fnt
|faint|p2a: Baxcalibur
|
|upkeep
|
|t:|1756851519
|switch|p2b: Gardevoir|Gardevoir, L50, M|100/100
|switch|p2a: Dragapult|Dragapult, L50, F|100/100
|turn|4
|
|t:|1756851531
|move|p1b: Farigiraf|Psychic|p2a: Dragapult
|-damage|p2a: Dragapult|30/100
|move|p1a: Gothitelle|Psychic|p2a: Dragapult
|-damage|p2a: Dragapult|0 fnt
|faint|p2a: Dragapult
|move|p2b: Gardevoir|Moonblast|p1b: Farigiraf
|-damage|p1b: Farigiraf|7/100
|-unboost|p1b: Farigiraf|spa|1
|
|upkeep
|turn|5
|
|t:|1756851541
|move|p1b: Farigiraf|Hyper Voice|p2b: Gardevoir
|-damage|p2b: Gardevoir|64/100
|move|p1a: Gothitelle|Psychic|p2b: Gardevoir
|-resisted|p2b: Gardevoir
|-damage|p2b: Gardevoir|49/100
|move|p2b: Gardevoir|Moonblast|p1b: Farigiraf
|-damage|p1b: Farigiraf|0 fnt
|faint|p1b: Farigiraf
|
|-fieldend|move: Trick Room
|upkeep
|
|t:|1756851543
|switch|p1b: Politoed|Politoed, L50, M|100/100
|-weather|RainDance|[from] ability: Drizzle|[of] p1b: Politoed
|turn|6
|
|t:|1756851548
|move|p1a: Gothitelle|Protect|p1a: Gothitelle
|-singleturn|p1a: Gothitelle|Protect
|move|p2b: Gardevoir|Moonblast|p1b: Politoed
|-damage|p1b: Politoed|57/100
|move|p1b: Politoed|Perish Song|p1b: Politoed
|-start|p1a: Gothitelle|perish3|[silent]
|-start|p1b: Politoed|perish3|[silent]
|-start|p2b: Gardevoir|perish3|[silent]
|-fieldactivate|move: Perish Song
|
|-weather|RainDance|[upkeep]
|-heal|p1b: Politoed|63/100|[from] item: Leftovers
|-start|p2b: Gardevoir|perish3
|-start|p1b: Politoed|perish3
|-start|p1a: Gothitelle|perish3
|upkeep
|turn|7
|
|t:|1756851559
|switch|p1a: Primarina|Primarina, L50, F|100/100
|move|p2b: Gardevoir|Moonblast|p1a: Primarina
|-damage|p1a: Primarina|62/100
|move|p1b: Politoed|Perish Song|p1b: Politoed
|-start|p1a: Primarina|perish3|[silent]
|-fieldactivate|move: Perish Song
|
|-weather|RainDance|[upkeep]
|-heal|p1b: Politoed|70/100|[from] item: Leftovers
|-start|p2b: Gardevoir|perish2
|-start|p1b: Politoed|perish2
|-start|p1a: Primarina|perish3
|upkeep
|turn|8
|-message|sheepie_sheep forfeited.
|
|win|merrypasta
||sheepie_sheep is ready for game 2.
||merrypasta is ready for game 2.
|uhtml|next|Next: Game 2 of 3
