|j|☆Ronansting
|j|☆danielp4l4d1n0
|html|Ronanstingdanielp4l4d1n0    
|uhtml|bestof|Game 1 of a best-of-3
|t:|1755629784
|gametype|doubles
|player|p1|Ronansting|baker|1491
|player|p2|danielp4l4d1n0|265|1503
|gen|9
|tier|[Gen 9] VGC 2025 Reg H (Bo3)
|rated|
|rule|Species Clause: Limit one of each Pokémon
|rule|Item Clause: Limit 1 of each item
|clearpoke
|poke|p1|Archaludon, L50, F|
|poke|p1|Pelipper, L50, M|
|poke|p1|Indeedee, L50, M|
|poke|p1|Amoonguss, L50, M|
|poke|p1|Basculegion, L50, M|
|poke|p1|Hydreigon, L50, M|
|poke|p2|Archaludon, L50, M|
|poke|p2|Pelipper, L50, M|
|poke|p2|Gholdengo, L50|
|poke|p2|Basculegion, L50, M|
|poke|p2|Incineroar, L50, M|
|poke|p2|Amoonguss, L50, M|
|teampreview|4
|showteam|p1|Archaludon||AssaultVest|Stamina|ElectroShot,DracoMeteor,BodyPress,FlashCannon|||F|||50|,,,,,Grass]Pelipper||FocusSash|Drizzle|WeatherBall,Hurricane,Tailwind,Protect|||M|||50|,,,,,Ghost]Indeedee||ChoiceScarf|PsychicSurge|ExpandingForce,TeraBlast,Trick,DazzlingGleam|||M|||50|,,,,,Ground]Amoonguss||SitrusBerry|Regenerator|Spore,SludgeBomb,Protect,RagePowder|||M|||50|,,,,,Water]Basculegion||ChoiceBand|SwiftSwim|FlipTurn,WaveCrash,LastRespects,AquaJet|||M|||50|,,,,,Poison]Hydreigon||CovertCloak|Levitate|Taunt,Snarl,DracoMeteor,EarthPower|||M|||50|,,,,,Fairy
|showteam|p2|Archaludon||AssaultVest|Stamina|ElectroShot,BodyPress,DragonPulse,Snarl|||M|||50|,,,,,Bug]Pelipper||FocusSash|Drizzle|MuddyWater,Hurricane,Tailwind,Protect|||M|||50|,,,,,Stellar]Gholdengo||LifeOrb|GoodasGold|MakeItRain,ShadowBall,NastyPlot,Protect||||||50|,,,,,Steel]Basculegion||ChoiceBand|SwiftSwim|WaveCrash,FlipTurn,TeraBlast,LastRespects|||M|||50|,,,,,Grass]Incineroar||SafetyGoggles|Intimidate|KnockOff,FakeOut,PartingShot,Taunt|||M|||50|,,,,,Ghost]Amoonguss||CovertCloak|EffectSpore|PollenPuff,RagePowder,Spore,Protect|||M|||50|,,,,,Fairy
|
|t:|1755629841
|teamsize|p1|4
|teamsize|p2|4
|start
|switch|p1a: Piedragon|Hydreigon, L50, M|100/100
|switch|p1b: Arching|Archaludon, L50, F|100/100
|switch|p2a: Archaludon|Archaludon, L50, M|100/100
|switch|p2b: Amoonguss|Amoonguss, L50, M|100/100
|turn|1
|
|t:|1755629886
|-terastallize|p1a: Piedragon|Fairy
|move|p2b: Amoonguss|Rage Powder|p2b: Amoonguss
|-singleturn|p2b: Amoonguss|move: Rage Powder
|move|p1a: Piedragon|Taunt|p2b: Amoonguss
|-start|p2b: Amoonguss|move: Taunt
|move|p1b: Arching|Flash Cannon|p2b: Amoonguss
|-damage|p2b: Amoonguss|72/100
|move|p2a: Archaludon|Snarl|p1b: Arching|[spread] p1a,p1b
|-resisted|p1a: Piedragon
|-damage|p1a: Piedragon|94/100
|-damage|p1b: Arching|92/100
|-unboost|p1b: Arching|spa|1
|-ability|p1b: Arching|Stamina|boost
|-boost|p1b: Arching|def|1
|
|upkeep
|turn|2
|
|t:|1755629909
|move|p1a: Piedragon|Snarl|p2b: Amoonguss|[spread] p2a,p2b
|-damage|p2a: Archaludon|88/100
|-damage|p2b: Amoonguss|57/100
|-unboost|p2a: Archaludon|spa|1
|-ability|p2a: Archaludon|Stamina|boost
|-boost|p2a: Archaludon|def|1
|move|p1b: Arching|Flash Cannon|p2b: Amoonguss
|-damage|p2b: Amoonguss|38/100
|move|p2a: Archaludon|Electro Shot||[still]
|-prepare|p2a: Archaludon|Electro Shot
|-boost|p2a: Archaludon|spa|1
|move|p2b: Amoonguss|Pollen Puff|p2a: Archaludon
|-heal|p2a: Archaludon|100/100
|
|upkeep
|turn|3
|
|t:|1755629926
|switch|p2b: Incineroar|Incineroar, L50, M|100/100
|-ability|p2b: Incineroar|Intimidate|boost
|-unboost|p1a: Piedragon|atk|1
|-unboost|p1b: Arching|atk|1
|move|p1a: Piedragon|Earth Power|p2a: Archaludon
|-supereffective|p2a: Archaludon
|-damage|p2a: Archaludon|60/100
|-ability|p2a: Archaludon|Stamina|boost
|-boost|p2a: Archaludon|def|1
|move|p1b: Arching|Body Press|p2a: Archaludon
|-supereffective|p2a: Archaludon
|-damage|p2a: Archaludon|36/100
|-ability|p2a: Archaludon|Stamina|boost
|-boost|p2a: Archaludon|def|1
|move|p2a: Archaludon|Electro Shot|p1a: Piedragon|[from] lockedmove
|-damage|p1a: Piedragon|49/100
|
|upkeep
|turn|4
|
|t:|1755629971
|move|p2b: Incineroar|Fake Out|p1b: Arching
|-resisted|p1b: Arching
|-damage|p1b: Arching|90/100
|-ability|p1b: Arching|Stamina|boost
|-boost|p1b: Arching|def|1
|move|p1a: Piedragon|Draco Meteor|p2a: Archaludon
|-damage|p2a: Archaludon|0 fnt
|-unboost|p1a: Piedragon|spa|2
|faint|p2a: Archaludon
|cant|p1b: Arching|flinch
|
|upkeep
|
|t:|1755629983
|switch|p2a: Basculegion|Basculegion, L50, M|100/100
|turn|5
|
|t:|1755629994
|switch|p2b: Amoonguss|Amoonguss, L50, M|38/100
|move|p1a: Piedragon|Taunt|p2b: Amoonguss
|-start|p2b: Amoonguss|move: Taunt
|move|p2a: Basculegion|Flip Turn|p1a: Piedragon
|-damage|p1a: Piedragon|9/100
|
|t:|1755630003
|switch|p2a: Incineroar|Incineroar, L50, M|100/100|[from] Flip Turn
|-ability|p2a: Incineroar|Intimidate|boost
|-unboost|p1a: Piedragon|atk|1
|-unboost|p1b: Arching|atk|1
|move|p1b: Arching|Body Press|p2b: Amoonguss
|-resisted|p2b: Amoonguss
|-damage|p2b: Amoonguss|15/100
|
|upkeep
|turn|6
|
|t:|1755630022
|switch|p1a: Schmooner|Amoonguss, L50, M|100/100
|switch|p2b: Basculegion|Basculegion, L50, M|100/100
|-terastallize|p2a: Incineroar|Ghost
|move|p2a: Incineroar|Fake Out|p1a: Schmooner
|-damage|p1a: Schmooner|92/100
|move|p1b: Arching|Body Press|p2a: Incineroar
|-immune|p2a: Incineroar
|
|upkeep
|turn|7
|
|t:|1755630047
|move|p1a: Schmooner|Protect|p1a: Schmooner
|-singleturn|p1a: Schmooner|Protect
|move|p2b: Basculegion|Last Respects|p1a: Schmooner
|-activate|p1a: Schmooner|move: Protect
|move|p1b: Arching|Electro Shot||[still]
|-prepare|p1b: Arching|Electro Shot
|-boost|p1b: Arching|spa|1
|move|p2a: Incineroar|Taunt|p1a: Schmooner
|-activate|p1a: Schmooner|move: Protect
|
|upkeep
|turn|8
|
|t:|1755630069
|switch|p2b: Amoonguss|Amoonguss, L50, M|15/100
|move|p1b: Arching|Electro Shot|p2b: Amoonguss|[from] lockedmove
|-resisted|p2b: Amoonguss
|-damage|p2b: Amoonguss|1/100
|move|p2a: Incineroar|Knock Off|p1a: Schmooner
|-damage|p1a: Schmooner|60/100
|-enditem|p1a: Schmooner|Sitrus Berry|[from] move: Knock Off|[of] p2a: Incineroar
|move|p1a: Schmooner|Sludge Bomb|p2a: Incineroar
|-resisted|p2a: Incineroar
|-damage|p2a: Incineroar|90/100
|-status|p2a: Incineroar|psn
|
|-damage|p2a: Incineroar|77/100 psn|[from] psn
|upkeep
|turn|9
|-message|danielp4l4d1n0 forfeited.
|raw|Ronansting's rating: 1491 → 1512(+21 for winning)
|raw|danielp4l4d1n0's rating: 1503 → 1482(-21 for losing)
|
|win|Ronansting
|l|☆danielp4l4d1n0
|player|p2|
