|j|☆Keeper08
|j|☆char_labs
|html|Keeper08char_labs    
|uhtml|bestof|Game 2 of a best-of-3
|t:|1757852294
|gametype|doubles
|player|p1|Keeper08|lance|1080
|player|p2|char_labs|clerkf|1164
|gen|9
|tier|[Gen 9] VGC 2025 Reg H (Bo3)
|rated|
|rule|Species Clause: Limit one of each Pokémon
|rule|Item Clause: Limit 1 of each item
|clearpoke
|poke|p1|Dusclops, L50, M|
|poke|p1|Hydreigon, L50, F|
|poke|p1|Rillaboom, L50, F|
|poke|p1|Electivire, L50, M|
|poke|p1|Volcarona, L50, F|
|poke|p1|Grimmsnarl, L50, M|
|poke|p2|Dragonite, L50, F|
|poke|p2|Vivillon, L50, F|
|poke|p2|Ursaluna, L50, F|
|poke|p2|Gholdengo, L50|
|poke|p2|Incineroar, L50, M|
|poke|p2|Primarina, L50, M|
|teampreview|4
|showteam|p1|Dusclops||Eviolite|Pressure|NightShade,Protect,IcyWind,WillOWisp|||M|||50|,,,,,Normal]Hydreigon||CovertCloak|Levitate|DracoMeteor,Snarl,Tailwind,DarkPulse|||F|||50|,,,,,Poison]Rillaboom||AssaultVest|GrassySurge|FakeOut,WoodHammer,GrassyGlide,HighHorsepower|||F|||50|,,,,,Ground]Electivire||ChoiceBand|VitalSpirit|SupercellSlam,IcePunch,KnockOff,LowKick|||M|||50|,,,,,Flying]Volcarona||SitrusBerry|FlameBody|HeatWave,BugBuzz,QuiverDance,Protect|||F|||50|,,,,,Water]Grimmsnarl||LightClay|Prankster|Reflect,LightScreen,SpiritBreak,ThunderWave|||M|||50|,,,,,Psychic
|showteam|p2|Dragonite||LoadedDice|Multiscale|ScaleShot,Protect,Haze,LowKick|||F|||50|,,,,,Fairy]Vivillon||FocusSash|CompoundEyes|Tailwind,Protect,Hurricane,SleepPowder|||F|||50|,,,,,Ghost]Ursaluna||FlameOrb|Guts|Protect,Facade,Earthquake,HeadlongRush|||F|||50|,,,,,Ghost]Gholdengo||Leftovers|GoodasGold|MakeItRain,ShadowBall,NastyPlot,Protect||||||50|,,,,,Water]Incineroar||SafetyGoggles|Intimidate|FakeOut,PartingShot,KnockOff,FlareBlitz|||M|||50|,,,,,Dragon]Primarina||SitrusBerry|LiquidVoice|Protect,DazzlingGleam,Moonblast,HyperVoice|||M|||50|,,,,,Steel
|inactive|Battle timer is ON: inactive players will automatically lose when time's up. (requested by char_labs)
|
|t:|1757852316
|teamsize|p1|4
|teamsize|p2|4
|start
|switch|p1a: Rillaboom|Rillaboom, L50, F, shiny|100/100
|switch|p1b: Grimmsnarl|Grimmsnarl, L50, M, shiny|100/100
|switch|p2a: Vivillon|Vivillon, L50, F|100/100
|switch|p2b: Ursaluna|Ursaluna, L50, F|100/100
|-fieldstart|move: Grassy Terrain|[from] ability: Grassy Surge|[of] p1a: Rillaboom
|turn|1
|
|t:|1757852334
|switch|p2a: Incineroar|Incineroar, L50, M|100/100
|-ability|p2a: Incineroar|Intimidate|boost
|-unboost|p1a: Rillaboom|atk|1
|-unboost|p1b: Grimmsnarl|atk|1
|move|p2b: Ursaluna|Protect|p2b: Ursaluna
|-singleturn|p2b: Ursaluna|Protect
|move|p1a: Rillaboom|Fake Out|p2a: Incineroar
|-damage|p2a: Incineroar|93/100
|move|p1b: Grimmsnarl|Reflect|p1b: Grimmsnarl
|-sidestart|p1: Keeper08|Reflect
|
|-heal|p2a: Incineroar|99/100|[from] Grassy Terrain
|-status|p2b: Ursaluna|brn|[from] item: Flame Orb
|upkeep
|turn|2
|inactive|Keeper08 has 30 seconds left.
|inactive|char_labs has 30 seconds left.
|
|t:|1757852362
|move|p2a: Incineroar|Fake Out|p1a: Rillaboom
|-damage|p1a: Rillaboom|94/100
|cant|p1a: Rillaboom|flinch
|move|p2b: Ursaluna|Facade|p1b: Grimmsnarl
|-damage|p1b: Grimmsnarl|6/100
|move|p1b: Grimmsnarl|Spirit Break|p2a: Incineroar
|-damage|p2a: Incineroar|83/100
|-unboost|p2a: Incineroar|spa|1
|
|-heal|p1a: Rillaboom|99/100|[from] Grassy Terrain
|-heal|p2a: Incineroar|89/100|[from] Grassy Terrain
|-heal|p1b: Grimmsnarl|11/100|[from] Grassy Terrain
|-damage|p2b: Ursaluna|95/100 brn|[from] brn
|upkeep
|turn|3
|
|t:|1757852387
|move|p2b: Ursaluna|Protect|p2b: Ursaluna
|-singleturn|p2b: Ursaluna|Protect
|move|p1b: Grimmsnarl|Light Screen|p1b: Grimmsnarl
|-sidestart|p1: Keeper08|move: Light Screen
|move|p1a: Rillaboom|High Horsepower|p2a: Incineroar
|-supereffective|p2a: Incineroar
|-damage|p2a: Incineroar|59/100
|move|p2a: Incineroar|Parting Shot|p1a: Rillaboom
|-unboost|p1a: Rillaboom|atk|1
|-unboost|p1a: Rillaboom|spa|1
|
|t:|1757852393
|switch|p2a: Vivillon|Vivillon, L50, F|100/100|[from] Parting Shot
|
|-heal|p1a: Rillaboom|100/100|[from] Grassy Terrain
|-heal|p2b: Ursaluna|100/100 brn|[from] Grassy Terrain
|-heal|p1b: Grimmsnarl|17/100|[from] Grassy Terrain
|-damage|p2b: Ursaluna|95/100 brn|[from] brn
|upkeep
|turn|4
|
|t:|1757852407
|switch|p1a: Electivire|Electivire, L50, M, shiny|100/100
|move|p1b: Grimmsnarl|Thunder Wave|p2a: Vivillon
|-status|p2a: Vivillon|par
|move|p2b: Ursaluna|Facade|p1a: Electivire
|-damage|p1a: Electivire|0 fnt
|faint|p1a: Electivire
|move|p2a: Vivillon|Tailwind|p2a: Vivillon
|-sidestart|p2: char_labs|move: Tailwind
|
|-heal|p2b: Ursaluna|100/100 brn|[from] Grassy Terrain
|-heal|p1b: Grimmsnarl|23/100|[from] Grassy Terrain
|-damage|p2b: Ursaluna|95/100 brn|[from] brn
|upkeep
|
|t:|1757852414
|switch|p1a: Rillaboom|Rillaboom, L50, F, shiny|100/100
|turn|5
|
|t:|1757852422
|switch|p2b: Incineroar|Incineroar, L50, M|59/100
|-ability|p2b: Incineroar|Intimidate|boost
|-unboost|p1a: Rillaboom|atk|1
|-unboost|p1b: Grimmsnarl|atk|1
|move|p2a: Vivillon|Hurricane|p1b: Grimmsnarl
|-damage|p1b: Grimmsnarl|0 fnt
|faint|p1b: Grimmsnarl
|move|p1a: Rillaboom|Wood Hammer|p2a: Vivillon
|-resisted|p2a: Vivillon
|-damage|p2a: Vivillon|73/100 par
|-damage|p1a: Rillaboom|93/100|[from] Recoil
|
|-heal|p2b: Incineroar|65/100|[from] Grassy Terrain
|-heal|p1a: Rillaboom|99/100|[from] Grassy Terrain
|-fieldend|move: Grassy Terrain
|upkeep
|
|t:|1757852432
|switch|p1b: Volcarona|Volcarona, L50, F, shiny|100/100
|turn|6
|
|t:|1757852447
|-terastallize|p1b: Volcarona|Water
|move|p2b: Incineroar|Flare Blitz|p1a: Rillaboom
|-supereffective|p1a: Rillaboom
|-damage|p1a: Rillaboom|47/100
|-damage|p2b: Incineroar|49/100|[from] Recoil
|move|p2a: Vivillon|Hurricane|p1b: Volcarona
|-damage|p1b: Volcarona|69/100
|move|p1b: Volcarona|Quiver Dance|p1b: Volcarona
|-boost|p1b: Volcarona|spa|1
|-boost|p1b: Volcarona|spd|1
|-boost|p1b: Volcarona|spe|1
|move|p1a: Rillaboom|High Horsepower|p2b: Incineroar
|-supereffective|p2b: Incineroar
|-damage|p2b: Incineroar|19/100
|
|upkeep
|turn|7
|inactive|Keeper08 has 30 seconds left.
|
|t:|1757852474
|move|p1b: Volcarona|Quiver Dance|p1b: Volcarona
|-boost|p1b: Volcarona|spa|1
|-boost|p1b: Volcarona|spd|1
|-boost|p1b: Volcarona|spe|1
|move|p2b: Incineroar|Parting Shot|p1a: Rillaboom
|-unboost|p1a: Rillaboom|atk|1
|-unboost|p1a: Rillaboom|spa|1
|
|t:|1757852479
|switch|p2b: Primarina|Primarina, L50, M|100/100|[from] Parting Shot
|move|p2a: Vivillon|Sleep Powder|p1b: Volcarona
|-status|p1b: Volcarona|slp|[from] move: Sleep Powder
|move|p1a: Rillaboom|High Horsepower|p2b: Primarina
|-damage|p2b: Primarina|83/100
|
|-sideend|p2: char_labs|move: Tailwind
|upkeep
|turn|8
|
|t:|1757852494
|cant|p1b: Volcarona|slp
|move|p1a: Rillaboom|Wood Hammer|p2b: Primarina
|-supereffective|p2b: Primarina
|-damage|p2b: Primarina|12/100
|-enditem|p2b: Primarina|Sitrus Berry|[eat]
|-heal|p2b: Primarina|36/100|[from] item: Sitrus Berry
|-damage|p1a: Rillaboom|24/100|[from] Recoil
|move|p2b: Primarina|Moonblast|p1a: Rillaboom
|-damage|p1a: Rillaboom|2/100
|cant|p2a: Vivillon|par
|
|-sideend|p1: Keeper08|Reflect
|upkeep
|turn|9
|
|t:|1757852511
|cant|p1b: Volcarona|slp
|move|p1a: Rillaboom|Wood Hammer|p2b: Primarina
|-supereffective|p2b: Primarina
|-damage|p2b: Primarina|0 fnt
|faint|p2b: Primarina
|-damage|p1a: Rillaboom|0 fnt|[from] Recoil
|faint|p1a: Rillaboom
|cant|p2a: Vivillon|par
|
|upkeep
|
|t:|1757852518
|switch|p2b: Incineroar|Incineroar, L50, M|19/100
|-ability|p2b: Incineroar|Intimidate|boost
|-unboost|p1b: Volcarona|atk|1
|turn|10
|
|t:|1757852521
|move|p2b: Incineroar|Fake Out|p1b: Volcarona
|-damage|p1b: Volcarona|54/100 slp
|cant|p1b: Volcarona|slp
|move|p2a: Vivillon|Tailwind|p2a: Vivillon
|-sidestart|p2: char_labs|move: Tailwind
|
|-sideend|p1: Keeper08|move: Light Screen
|upkeep
|turn|11
|
|t:|1757852528
|-curestatus|p1b: Volcarona|slp|[msg]
|move|p1b: Volcarona|Heat Wave|p2a: Vivillon|[spread] p2a,p2b
|-supereffective|p2a: Vivillon
|-resisted|p2b: Incineroar
|-damage|p2a: Vivillon|0 fnt
|-damage|p2b: Incineroar|0 fnt
|faint|p2a: Vivillon
|faint|p2b: Incineroar
|
|upkeep
|
|t:|1757852533
|switch|p2b: Ursaluna|Ursaluna, L50, F|95/100 brn
|turn|12
|
|t:|1757852539
|move|p1b: Volcarona|Protect|p1b: Volcarona
|-singleturn|p1b: Volcarona|Protect
|move|p2b: Ursaluna|Facade|p1b: Volcarona
|-activate|p1b: Volcarona|move: Protect
|
|-damage|p2b: Ursaluna|89/100 brn|[from] brn
|upkeep
|turn|13
|
|t:|1757852551
|move|p1b: Volcarona|Heat Wave|p2b: Ursaluna
|-damage|p2b: Ursaluna|0 fnt
|faint|p2b: Ursaluna
|
|win|Keeper08
||Keeper08 is ready for game 3.
||char_labs is ready for game 3.
|uhtml|next|Next: Game 3 of 3
|l|☆Keeper08
|player|p1|
