|j|☆BigfootBender
|j|‽BurnStatists
|html|BigfootBenderBurnStatists    
|uhtml|bestof|Game 2 of a best-of-3
|t:|1757727486
|gametype|doubles
|player|p1|BigfootBender|rocketgruntf|1038
|player|p2|BurnStatists|alder|1034
|gen|9
|tier|[Gen 9] VGC 2025 Reg H (Bo3)
|rated|
|rule|Species Clause: Limit one of each Pokémon
|rule|Item Clause: Limit 1 of each item
|clearpoke
|poke|p1|Gholdengo, L50|
|poke|p1|Maushold-Four, L50|
|poke|p1|Annihilape, L50, F|
|poke|p1|Salamence, L50, M|
|poke|p1|Whimsicott, L50, F|
|poke|p1|Archaludon, L50, M|
|poke|p2|Blaziken, L50, M|
|poke|p2|Honchkrow, L50, M|
|poke|p2|Tyranitar, L50, M|
|poke|p2|Gyarados, L50, F|
|poke|p2|Gholdengo, L50|
|poke|p2|Archaludon, L50, F|
|teampreview|4
|showteam|p1|Gholdengo||ChoiceScarf|GoodasGold|ShadowBall,MakeItRain,Thunderbolt,TeraBlast||||||50|,,,,,Stellar]Maushold-Four||SafetyGoggles|FriendGuard|BeatUp,FollowMe,HelpingHand,PopulationBomb||||||50|,,,,,Flying]Annihilape||Leftovers|Defiant|Protect,RageFist,CloseCombat,Earthquake|||F|||50|,,,,,Ground]Salamence||AssaultVest|Intimidate|RockSlide,DracoMeteor,Hurricane,HeatWave|||M|||50|,,,,,Fire]Whimsicott||CovertCloak|Prankster|MistyTerrain,Tailwind,Moonblast,Encore|||F|||50|,,,,,Dark]Archaludon||PowerHerb|Stamina|ElectroShot,DracoMeteor,BodyPress,Protect|||M|||50|,,,,,Steel
|showteam|p2|Blaziken||FocusSash|SpeedBoost|BlazeKick,CloseCombat,UpperHand,RockSlide|||M|||50|,,,,,Rock]Honchkrow||ScopeLens|SuperLuck|SuckerPunch,NightSlash,BraveBird,TeraBlast|||M|||50|,,,,,Ground]Tyranitar||AssaultVest|SandStream|IronHead,RockSlide,HighHorsepower,KnockOff|||M|||50|,,,,,Ghost]Gyarados||ClearAmulet|Moxie|DragonDance,Waterfall,Earthquake,IceFang|||F|||50|,,,,,Ground]Gholdengo||MetalCoat|GoodasGold|NastyPlot,MakeItRain,ShadowBall,Protect||||||50|,,,,,Steel]Archaludon||PowerHerb|Stamina|ElectroShot,DragonPulse,FlashCannon,Thunderbolt|||F|||50|,,,,,Electric
|inactive|Battle timer is ON: inactive players will automatically lose when time's up. (requested by BigfootBender)
|
|t:|1757727513
|teamsize|p1|4
|teamsize|p2|4
|start
|switch|p1a: Whimsicott|Whimsicott, L50, F|100/100
|switch|p1b: Salamence|Salamence, L50, M|100/100
|switch|p2a: Blaziken|Blaziken, L50, M|100/100
|switch|p2b: Honchkrow|Honchkrow, L50, M|100/100
|-ability|p1b: Salamence|Intimidate|boost
|-unboost|p2a: Blaziken|atk|1
|-unboost|p2b: Honchkrow|atk|1
|turn|1
|inactive|BigfootBender has 30 seconds left.
|inactive|BurnStatists has 30 seconds left.
|inactive|BigfootBender has 20 seconds left.
|inactive|BurnStatists has 20 seconds left.
|inactive|BurnStatists has 15 seconds left.
|
|t:|1757727556
|switch|p2a: Tyranitar|Tyranitar, L50, M|100/100
|-weather|Sandstorm|[from] ability: Sand Stream|[of] p2a: Tyranitar
|move|p1a: Whimsicott|Tailwind|p1a: Whimsicott
|-sidestart|p1: BigfootBender|move: Tailwind
|move|p1b: Salamence|Draco Meteor|p2a: Tyranitar
|-damage|p2a: Tyranitar|73/100
|-unboost|p1b: Salamence|spa|2
|move|p2b: Honchkrow|Brave Bird|p1a: Whimsicott
|-supereffective|p1a: Whimsicott
|-damage|p1a: Whimsicott|0 fnt
|faint|p1a: Whimsicott
|-damage|p2b: Honchkrow|74/100|[from] Recoil
|
|-weather|Sandstorm|[upkeep]
|-damage|p1b: Salamence|95/100|[from] Sandstorm
|-damage|p2b: Honchkrow|68/100|[from] Sandstorm
|upkeep
|
|t:|1757727575
|switch|p1a: Archaludon|Archaludon, L50, M|100/100
|turn|2
|
|t:|1757727592
|switch|p1b: Gholdengo|Gholdengo, L50|100/100
|move|p1a: Archaludon|Electro Shot||[still]
|-prepare|p1a: Archaludon|Electro Shot
|-boost|p1a: Archaludon|spa|1
|-enditem|p1a: Archaludon|Power Herb
|-anim|p1a: Archaludon|Electro Shot|p2b: Honchkrow
|-supereffective|p2b: Honchkrow
|-damage|p2b: Honchkrow|0 fnt
|faint|p2b: Honchkrow
|move|p2a: Tyranitar|Knock Off|p1b: Gholdengo
|-supereffective|p1b: Gholdengo
|-damage|p1b: Gholdengo|0 fnt
|-enditem|p1b: Gholdengo|Choice Scarf|[from] move: Knock Off|[of] p2a: Tyranitar
|faint|p1b: Gholdengo
|
|-weather|Sandstorm|[upkeep]
|upkeep
|
|t:|1757727606
|switch|p1b: Salamence|Salamence, L50, M|95/100
|switch|p2b: Blaziken|Blaziken, L50, M|100/100
|-ability|p1b: Salamence|Intimidate|boost
|-unboost|p2a: Tyranitar|atk|1
|-unboost|p2b: Blaziken|atk|1
|turn|3
|inactive|BurnStatists has 30 seconds left.
|inactive|BurnStatists has 20 seconds left.
|inactive|BurnStatists has 15 seconds left.
|
|t:|1757727648
|-terastallize|p2b: Blaziken|Rock
|move|p1b: Salamence|Rock Slide|p2b: Blaziken|[spread] p2a,p2b
|-damage|p2a: Tyranitar|57/100
|-damage|p2b: Blaziken|78/100
|move|p1a: Archaludon|Body Press|p2a: Tyranitar
|-supereffective|p2a: Tyranitar
|-damage|p2a: Tyranitar|0 fnt
|faint|p2a: Tyranitar
|move|p2b: Blaziken|Close Combat|p1a: Archaludon
|-supereffective|p1a: Archaludon
|-damage|p1a: Archaludon|49/100
|-unboost|p2b: Blaziken|def|1
|-unboost|p2b: Blaziken|spd|1
|-ability|p1a: Archaludon|Stamina|boost
|-boost|p1a: Archaludon|def|1
|
|-weather|Sandstorm|[upkeep]
|-damage|p1b: Salamence|89/100|[from] Sandstorm
|-ability|p2b: Blaziken|Speed Boost|boost
|-boost|p2b: Blaziken|spe|1
|upkeep
|
|t:|1757727660
|switch|p2a: Gyarados|Gyarados, L50, F|100/100
|turn|4
|
|t:|1757727682
|move|p1b: Salamence|Rock Slide|p2a: Gyarados|[spread] p2a,p2b
|-supereffective|p2a: Gyarados
|-crit|p2b: Blaziken
|-damage|p2a: Gyarados|64/100
|-damage|p2b: Blaziken|32/100
|cant|p2b: Blaziken|flinch
|move|p1a: Archaludon|Body Press|p2b: Blaziken
|-supereffective|p2b: Blaziken
|-crit|p2b: Blaziken
|-damage|p2b: Blaziken|0 fnt
|faint|p2b: Blaziken
|move|p2a: Gyarados|Dragon Dance|p2a: Gyarados
|-boost|p2a: Gyarados|atk|1
|-boost|p2a: Gyarados|spe|1
|
|-weather|Sandstorm|[upkeep]
|-damage|p1b: Salamence|83/100|[from] Sandstorm
|-damage|p2a: Gyarados|58/100|[from] Sandstorm
|-sideend|p1: BigfootBender|move: Tailwind
|upkeep
|turn|5
|inactive|BigfootBender has 30 seconds left.
|
|t:|1757727709
|move|p2a: Gyarados|Ice Fang|p1b: Salamence
|-supereffective|p1b: Salamence
|-damage|p1b: Salamence|0 fnt
|faint|p1b: Salamence
|-ability|p2a: Gyarados|Moxie|boost
|-boost|p2a: Gyarados|atk|1
|move|p1a: Archaludon|Draco Meteor|p2a: Gyarados
|-damage|p2a: Gyarados|0 fnt
|-unboost|p1a: Archaludon|spa|2
|faint|p2a: Gyarados
|
|win|BigfootBender
||BigfootBender is ready for game 3.
|l|☆BigfootBender
|player|p1|
||BurnStatists is ready for game 3.
|uhtml|next|Next: Game 3 of 3
|l|‽BurnStatists
|player|p2|
