|j|â˜†Sawadaburner
|j|â˜†idkvgc21
|html|Sawadaburneridkvgc21    
|uhtml|bestof|Game 3 of a best-of-3
|t:|1756471321
|gametype|doubles
|player|p1|Sawadaburner|102|1280
|player|p2|idkvgc21|ethan|1228
|gen|9
|tier|[Gen 9] VGC 2025 Reg H (Bo3)
|rated|
|rule|Species Clause: Limit one of each PokÃ©mon
|rule|Item Clause: Limit 1 of each item
|clearpoke
|poke|p1|Porygon2, L50|
|poke|p1|Incineroar, L50, M|
|poke|p1|Ursaluna, L50, F|
|poke|p1|Jumpluff, L50, M|
|poke|p1|Charizard, L50, M|
|poke|p1|Torkoal, L50, M|
|poke|p2|Indeedee, L50, M|
|poke|p2|Ursaluna-Bloodmoon, L50, M|
|poke|p2|Sneasler, L50, M|
|poke|p2|Electabuzz, L50, M|
|poke|p2|Arcanine-Hisui, L50, F|
|poke|p2|Samurott-Hisui, L50, F|
|teampreview|4
|showteam|p1|Porygon2||Eviolite|Download|TeraBlast,IceBeam,TrickRoom,Recover||||||50|,,,,,Fighting]Incineroar||SitrusBerry|Intimidate|FakeOut,KnockOff,FlareBlitz,PartingShot|||M|||50|,,,,,Ghost]Ursaluna||FlameOrb|Guts|HeadlongRush,Facade,Earthquake,Protect|||F|||50|,,,,,Ghost]Jumpluff||CovertCloak|Chlorophyll|RagePowder,SunnyDay,Tailwind,SleepPowder|||M|||50|,,,,,Water]Charizard||ChoiceSpecs|SolarPower|HeatWave,Overheat,WeatherBall,AirSlash|||M|||50|,,,,,Ghost]Torkoal||EjectPack|Drought|Overheat,Eruption,HelpingHand,Protect|||M|||50|,,,,,Fire
|showteam|p2|Indeedee||FocusSash|PsychicSurge|ExpandingForce,Protect,HelpingHand,TrickRoom|||M|||50|,,,,,Psychic]Ursaluna-Bloodmoon||LifeOrb|MindsEye|BloodMoon,HyperVoice,EarthPower,Protect|||M|||50|,,,,,Normal]Sneasler||PsychicSeed|Unburden|DireClaw,CloseCombat,ThroatChop,Protect|||M|||50|,,,,,Dark]Electabuzz||Eviolite|VitalSpirit|Electroweb,Taunt,FollowMe,Protect|||M|||50|,,,,,Dragon]Arcanine-Hisui||ChoiceBand|Intimidate|RockSlide,HeadSmash,FlareBlitz,ExtremeSpeed|||F|||50|,,,,,Normal]Samurott-Hisui||AssaultVest|Torrent|SacredSword,AquaCutter,CeaselessEdge,TeraBlast|||F|||50|,,,,,Bug
|
|t:|1756471349
|teamsize|p1|4
|teamsize|p2|4
|start
|switch|p1a: Jumpluff|Jumpluff, L50, M|100/100
|switch|p1b: Incineroar|Incineroar, L50, M|100/100
|switch|p2a: Ursaluna|Ursaluna-Bloodmoon, L50, M|100/100
|switch|p2b: Electabuzz|Electabuzz, L50, M, shiny|100/100
|-ability|p1b: Incineroar|Intimidate|boost
|-unboost|p2a: Ursaluna|atk|1
|-unboost|p2b: Electabuzz|atk|1
|turn|1
|
|t:|1756471367
|move|p1b: Incineroar|Fake Out|p2b: Electabuzz
|-damage|p2b: Electabuzz|84/100
|move|p1a: Jumpluff|Sleep Powder|p2a: Ursaluna
|-status|p2a: Ursaluna|slp|[from] move: Sleep Powder
|cant|p2b: Electabuzz|flinch
|cant|p2a: Ursaluna|slp
|
|upkeep
|turn|2
|
|t:|1756471375
|switch|p1a: Porygon2|Porygon2, L50|100/100
|-ability|p1a: Porygon2|Download|boost
|-boost|p1a: Porygon2|spa|1
|move|p2b: Electabuzz|Taunt|p1a: Porygon2
|-start|p1a: Porygon2|move: Taunt
|-curestatus|p2a: Ursaluna|slp|[msg]
|move|p2a: Ursaluna|Earth Power|p1b: Incineroar
|-supereffective|p1b: Incineroar
|-damage|p1b: Incineroar|0 fnt
|faint|p1b: Incineroar
|-damage|p2a: Ursaluna|91/100|[from] item: Life Orb
|
|upkeep
|
|t:|1756471391
|switch|p1b: Jumpluff|Jumpluff, L50, M|100/100
|turn|3
|
|t:|1756471403
|-terastallize|p1a: Porygon2|Fighting
|move|p2b: Electabuzz|Follow Me|p2b: Electabuzz
|-singleturn|p2b: Electabuzz|move: Follow Me
|move|p1b: Jumpluff|Tailwind|p1b: Jumpluff
|-sidestart|p1: Sawadaburner|move: Tailwind
|move|p1a: Porygon2|Tera Blast|p2b: Electabuzz|[anim] Tera Blast Fighting
|-damage|p2b: Electabuzz|33/100
|move|p2a: Ursaluna|Blood Moon|p1b: Jumpluff
|-damage|p1b: Jumpluff|0 fnt
|faint|p1b: Jumpluff
|-damage|p2a: Ursaluna|81/100|[from] item: Life Orb
|
|upkeep
|
|t:|1756471407
|switch|p1b: Ursaluna|Ursaluna, L50, F|100/100
|turn|4
|
|t:|1756471460
|move|p2b: Electabuzz|Protect|p2b: Electabuzz
|-singleturn|p2b: Electabuzz|Protect
|move|p2a: Ursaluna|Protect|p2a: Ursaluna
|-singleturn|p2a: Ursaluna|Protect
|move|p1b: Ursaluna|Earthquake|p2a: Ursaluna|[spread] p1a
|-activate|p2a: Ursaluna|move: Protect
|-activate|p2b: Electabuzz|move: Protect
|-damage|p1a: Porygon2|72/100
|move|p1a: Porygon2|Tera Blast|p2a: Ursaluna|[anim] Tera Blast Fighting
|-activate|p2a: Ursaluna|move: Protect
|
|-end|p1a: Porygon2|move: Taunt
|-status|p1b: Ursaluna|brn|[from] item: Flame Orb
|upkeep
|turn|5
|
|t:|1756471488
|move|p2b: Electabuzz|Taunt|p1a: Porygon2
|-start|p1a: Porygon2|move: Taunt
|move|p1b: Ursaluna|Facade|p2b: Electabuzz
|-damage|p2b: Electabuzz|0 fnt
|faint|p2b: Electabuzz
|move|p1a: Porygon2|Tera Blast|p2a: Ursaluna|[anim] Tera Blast Fighting
|-supereffective|p2a: Ursaluna
|-damage|p2a: Ursaluna|0 fnt
|faint|p2a: Ursaluna
|
|-damage|p1b: Ursaluna|95/100 brn|[from] brn
|upkeep
|
|t:|1756471494
|switch|p2b: Arcanine|Arcanine-Hisui, L50, F|100/100
|switch|p2a: Indeedee|Indeedee, L50, M, shiny|100/100
|-fieldstart|move: Psychic Terrain|[from] ability: Psychic Surge|[of] p2a: Indeedee
|-ability|p2b: Arcanine|Intimidate|boost
|-unboost|p1a: Porygon2|atk|1
|-unboost|p1b: Ursaluna|atk|1
|turn|6
|c|â˜†Sawadaburner|172 speed Electabuzz
|c|â˜†Sawadaburner|Cumming
|
|t:|1756471547
|move|p2a: Indeedee|Protect|p2a: Indeedee
|-singleturn|p2a: Indeedee|Protect
|move|p1b: Ursaluna|Facade|p2a: Indeedee
|-activate|p2a: Indeedee|move: Protect
|move|p1a: Porygon2|Tera Blast|p2b: Arcanine|[anim] Tera Blast Fighting
|-supereffective|p2b: Arcanine
|-damage|p2b: Arcanine|0 fnt
|faint|p2b: Arcanine
|
|-damage|p1b: Ursaluna|89/100 brn|[from] brn
|-sideend|p1: Sawadaburner|move: Tailwind
|upkeep
|turn|7
|
|t:|1756471559
|-terastallize|p2a: Indeedee|Psychic
|move|p2a: Indeedee|Expanding Force|p1b: Ursaluna|[spread] p1a,p1b
|-supereffective|p1a: Porygon2
|-damage|p1a: Porygon2|0 fnt
|-damage|p1b: Ursaluna|15/100 brn
|faint|p1a: Porygon2
|move|p1b: Ursaluna|Facade|p2a: Indeedee
|-enditem|p2a: Indeedee|Focus Sash
|-damage|p2a: Indeedee|1/100
|
|-damage|p1b: Ursaluna|9/100 brn|[from] brn
|upkeep
|turn|8
|-message|Sawadaburner forfeited.
|
|win|idkvgc21
|raw|Sawadaburner's rating: 1280 → 1251(-29 for losing)
|raw|idkvgc21's rating: 1228 → 1257(+29 for winning)
|l|â˜†Sawadaburner
|player|p1|
|c|â˜†idkvgc21|its actually pretty common now
