|j|☆Im_Neutro
|j|☆Jakobtc
|html|Im_NeutroJakobtc    
|uhtml|bestof|Game 2 of a best-of-3
|t:|1784415860
|gametype|doubles
|player|p1|Im_Neutro|noland|1226
|player|p2|Jakobtc|riley|1133
|gen|9
|tier|[Gen 9 Champions] VGC 2026 Reg M-B (Bo3)
|rated|
|rule|Species Clause: Limit one of each Pokémon
|rule|Item Clause: Limit 1 of each item
|clearpoke
|poke|p1|Gengar, L50, F|
|poke|p1|Kingambit, L50, F|
|poke|p1|Incineroar, L50, M|
|poke|p1|Farigiraf, L50, F|
|poke|p1|Primarina, L50, F|
|poke|p1|Kommo-o, L50, F|
|poke|p2|Archaludon, L50, M|
|poke|p2|Pelipper, L50, F|
|poke|p2|Azumarill, L50, M|
|poke|p2|Sinistcha-Masterpiece, L50|
|poke|p2|Incineroar, L50, F|
|poke|p2|Kangaskhan, L50, F|
|teampreview|4
|showteam|p1|Gengar||Gengarite|CursedBody|PerishSong,Protect,ShadowBall,Disable|Timid||F|||50|]Kingambit||BlackGlasses|Defiant|KowtowCleave,IronHead,SuckerPunch,Protect|Brave||F|||50|]Incineroar||PasshoBerry|Intimidate|FlareBlitz,FakeOut,PartingShot,Protect|Relaxed||M|||50|]Farigiraf||ColburBerry|ArmorTail|TrickRoom,Roar,Protect,TwinBeam|Sassy||F|||50|]Primarina||SitrusBerry|LiquidVoice|HyperVoice,PerishSong,Protect,Encore|Sassy||F|||50|]Kommo-o||Leftovers|Soundproof|ClangorousSoul,ClangingScales,AuraSphere,Protect|Modest||F|||50|
|showteam|p2|Archaludon||SitrusBerry|Stamina|ElectroShot,FlashCannon,DragonPulse,Protect|Modest||M|||50|]Pelipper||FocusSash|Drizzle|WeatherBall,Hurricane,Tailwind,Protect|Timid||F|||50|]Azumarill||LifeOrb|HugePower|Liquidation,PlayRough,AquaJet,Protect|Adamant||M|||50|]Sinistcha-Masterpiece||ColburBerry|Hospitality|MatchaGotcha,RagePowder,TrickRoom,Protect|Relaxed|||||50|]Incineroar||PasshoBerry|Intimidate|FakeOut,DarkestLariat,PartingShot,WillOWisp|Relaxed||F|||50|]Kangaskhan||Kangaskhanite|Scrappy|FakeOut,DrainPunch,IcePunch,DoubleEdge|Adamant||F|||50|
|inactive|Battle timer is ON: inactive players will automatically lose when time's up. (requested by Jakobtc)
|inactive|Im_Neutro also wants the timer to be on.
|inactive|Jakobtc has 60 seconds left.
|inactive|Jakobtc has 30 seconds left.
|
|t:|1784415924
|teamsize|p1|4
|teamsize|p2|4
|start
|switch|p1a: Gengar|Gengar, L50, F|100/100
|switch|p1b: Kommo-o|Kommo-o, L50, F|100/100
|switch|p2a: Incineroar|Incineroar, L50, F|100/100
|switch|p2b: Kangaskhan|Kangaskhan, L50, F|100/100
|-ability|p2a: Incineroar|Intimidate|boost
|-unboost|p1a: Gengar|atk|1
|-unboost|p1b: Kommo-o|atk|1
|turn|1
|inactive|Jakobtc has 30 seconds left.
|inactive|Jakobtc has 20 seconds left.
|inactive|Jakobtc has 15 seconds left.
|
|t:|1784415965
|detailschange|p1a: Gengar|Gengar-Mega, L50, F
|-mega|p1a: Gengar|Gengar|Gengarite
|detailschange|p2b: Kangaskhan|Kangaskhan-Mega, L50, F
|-mega|p2b: Kangaskhan|Kangaskhan|Kangaskhanite
|move|p1a: Gengar|Protect|p1a: Gengar
|-singleturn|p1a: Gengar|Protect
|move|p1b: Kommo-o|Protect|p1b: Kommo-o
|-singleturn|p1b: Kommo-o|Protect
|move|p2a: Incineroar|Fake Out|p1b: Kommo-o
|-activate|p1b: Kommo-o|move: Protect
|move|p2b: Kangaskhan|Ice Punch|p1b: Kommo-o
|-activate|p1b: Kommo-o|move: Protect
|
|upkeep
|turn|2
|
|t:|1784415984
|move|p1a: Gengar|Perish Song|p1a: Gengar
|-start|p1a: Gengar|perish3|[silent]
|-immune|p1b: Kommo-o|[from] ability: Soundproof
|-start|p2a: Incineroar|perish3|[silent]
|-start|p2b: Kangaskhan|perish3|[silent]
|-fieldactivate|move: Perish Song
|move|p1b: Kommo-o|Clangorous Soul|p1b: Kommo-o
|-boost|p1b: Kommo-o|atk|1
|-boost|p1b: Kommo-o|def|1
|-boost|p1b: Kommo-o|spa|1
|-boost|p1b: Kommo-o|spd|1
|-boost|p1b: Kommo-o|spe|1
|-damage|p1b: Kommo-o|67/100
|move|p2b: Kangaskhan|Drain Punch|p1b: Kommo-o
|-damage|p1b: Kommo-o|48/100
|-crit|p1b: Kommo-o
|-damage|p1b: Kommo-o|40/100
|-hitcount|p1b: Kommo-o|2
|move|p2a: Incineroar|Parting Shot|p1a: Gengar
|-unboost|p1a: Gengar|atk|1
|-unboost|p1a: Gengar|spa|1
|inactive|Jakobtc has 30 seconds left.
|
|t:|1784416012
|switch|p2a: Pelipper|Pelipper, L50, F|100/100|[from] Parting Shot
|-weather|RainDance|[from] ability: Drizzle|[of] p2a: Pelipper
|
|-weather|RainDance|[upkeep]
|-heal|p1b: Kommo-o|46/100|[from] item: Leftovers
|-start|p1a: Gengar|perish3
|-start|p2b: Kangaskhan|perish3
|upkeep
|turn|3
|
|t:|1784416022
|switch|p1a: Incineroar|Incineroar, L50, M|100/100
|-ability|p1a: Incineroar|Intimidate|boost
|-unboost|p2a: Pelipper|atk|1
|-unboost|p2b: Kangaskhan|atk|1
|move|p1b: Kommo-o|Protect|p1b: Kommo-o
|-singleturn|p1b: Kommo-o|Protect
|move|p2a: Pelipper|Protect|p2a: Pelipper
|-singleturn|p2a: Pelipper|Protect
|move|p2b: Kangaskhan|Ice Punch|p1b: Kommo-o
|-activate|p1b: Kommo-o|move: Protect
|
|-weather|RainDance|[upkeep]
|-heal|p1b: Kommo-o|52/100|[from] item: Leftovers
|-start|p2b: Kangaskhan|perish2
|upkeep
|turn|4
|inactive|Im_Neutro has 30 seconds left.
|inactive|Jakobtc has 30 seconds left.
|
|t:|1784416055
|switch|p2a: Incineroar|Incineroar, L50, F|100/100
|-ability|p2a: Incineroar|Intimidate|boost
|-unboost|p1a: Incineroar|atk|1
|-unboost|p1b: Kommo-o|atk|1
|switch|p2b: Archaludon|Archaludon, L50, M|100/100
|move|p1a: Incineroar|Fake Out|p2a: Incineroar
|-damage|p2a: Incineroar|94/100
|move|p1b: Kommo-o|Aura Sphere|p2b: Archaludon
|-supereffective|p2b: Archaludon|1
|-damage|p2b: Archaludon|0 fnt
|faint|p2b: Archaludon
|
|-weather|RainDance|[upkeep]
|-heal|p1b: Kommo-o|58/100|[from] item: Leftovers
|upkeep
|
|t:|1784416078
|switch|p2b: Pelipper|Pelipper, L50, F|100/100
|turn|5
|inactive|Jakobtc has 30 seconds left.
|
|t:|1784416107
|move|p1b: Kommo-o|Protect|p1b: Kommo-o
|-singleturn|p1b: Kommo-o|Protect
|move|p2b: Pelipper|Tailwind|p2b: Pelipper
|-sidestart|p2: Jakobtc|move: Tailwind
|move|p2a: Incineroar|Parting Shot|p1a: Incineroar
|-unboost|p1a: Incineroar|atk|1
|-unboost|p1a: Incineroar|spa|1
|
|t:|1784416114
|switch|p2a: Kangaskhan|Kangaskhan-Mega, L50, F|100/100|[from] Parting Shot
|move|p1a: Incineroar|Parting Shot|p2b: Pelipper
|-unboost|p2b: Pelipper|atk|1
|-unboost|p2b: Pelipper|spa|1
|
|t:|1784416124
|switch|p1a: Gengar|Gengar-Mega, L50, F|100/100|[from] Parting Shot
|
|-weather|RainDance|[upkeep]
|-heal|p1b: Kommo-o|65/100|[from] item: Leftovers
|upkeep
|turn|6
|
|t:|1784416142
|move|p2b: Pelipper|Hurricane|p1a: Gengar
|-damage|p1a: Gengar|67/100
|move|p2a: Kangaskhan|Ice Punch|p1a: Gengar
|-damage|p1a: Gengar|32/100
|-damage|p1a: Gengar|25/100
|-hitcount|p1a: Gengar|2
|move|p1b: Kommo-o|Aura Sphere|p2a: Kangaskhan
|-supereffective|p2a: Kangaskhan|1
|-damage|p2a: Kangaskhan|15/100
|move|p1a: Gengar|Perish Song|p1a: Gengar
|-start|p1a: Gengar|perish3|[silent]
|-immune|p1b: Kommo-o|[from] ability: Soundproof
|-start|p2a: Kangaskhan|perish3|[silent]
|-start|p2b: Pelipper|perish3|[silent]
|-fieldactivate|move: Perish Song
|
|-weather|none
|-heal|p1b: Kommo-o|71/100|[from] item: Leftovers
|-start|p2b: Pelipper|perish3
|-start|p2a: Kangaskhan|perish3
|-start|p1a: Gengar|perish3
|upkeep
|turn|7
|
|t:|1784416161
|move|p1b: Kommo-o|Protect|p1b: Kommo-o
|-singleturn|p1b: Kommo-o|Protect
|move|p1a: Gengar|Protect|p1a: Gengar
|-singleturn|p1a: Gengar|Protect
|move|p2b: Pelipper|Hurricane|p1b: Kommo-o
|-activate|p1b: Kommo-o|move: Protect
|move|p2a: Kangaskhan|Ice Punch|p1b: Kommo-o
|-activate|p1b: Kommo-o|move: Protect
|
|-heal|p1b: Kommo-o|77/100|[from] item: Leftovers
|-start|p2b: Pelipper|perish2
|-start|p2a: Kangaskhan|perish2
|-start|p1a: Gengar|perish2
|upkeep
|turn|8
|inactive|Jakobtc has 30 seconds left.
|
|t:|1784416193
|switch|p1a: Incineroar|Incineroar, L50, M|100/100
|-ability|p1a: Incineroar|Intimidate|boost
|-unboost|p2a: Kangaskhan|atk|1
|-unboost|p2b: Pelipper|atk|1
|move|p2b: Pelipper|Hurricane|p1b: Kommo-o|[miss]
|-miss|p2b: Pelipper|p1b: Kommo-o
|move|p2a: Kangaskhan|Ice Punch|p1b: Kommo-o
|-supereffective|p1b: Kommo-o|1
|-damage|p1b: Kommo-o|55/100
|-supereffective|p1b: Kommo-o|1
|-damage|p1b: Kommo-o|50/100y
|-status|p1b: Kommo-o|frz
|-hitcount|p1b: Kommo-o|2
|cant|p1b: Kommo-o|frz
|
|-heal|p1b: Kommo-o|56/100 frz|[from] item: Leftovers
|-start|p2b: Pelipper|perish1
|-start|p2a: Kangaskhan|perish1
|-sideend|p2: Jakobtc|move: Tailwind
|upkeep
|turn|9
|inactive|Im_Neutro has 30 seconds left.
|inactive|Jakobtc has 30 seconds left.
|
|t:|1784416220
|switch|p2b: Incineroar|Incineroar, L50, F|94/100
|-ability|p2b: Incineroar|Intimidate|boost
|-unboost|p1a: Incineroar|atk|1
|-unboost|p1b: Kommo-o|atk|1
|move|p1a: Incineroar|Fake Out|p2a: Kangaskhan
|-damage|p2a: Kangaskhan|8/100
|cant|p1b: Kommo-o|frz
|cant|p2a: Kangaskhan|flinch
|
|-heal|p1b: Kommo-o|62/100 frz|[from] item: Leftovers
|-start|p2a: Kangaskhan|perish0
|upkeep
|faint|p2a: Kangaskhan
|
|t:|1784416231
|switch|p2a: Pelipper|Pelipper, L50, F|100/100
|-weather|RainDance|[from] ability: Drizzle|[of] p2a: Pelipper
|turn|10
|
|t:|1784416238
|-curestatus|p1b: Kommo-o|frz|[msg]
|move|p1b: Kommo-o|Protect|p1b: Kommo-o
|-singleturn|p1b: Kommo-o|Protect
|move|p2b: Incineroar|Fake Out|p1a: Incineroar
|-damage|p1a: Incineroar|91/100
|move|p2a: Pelipper|Tailwind|p2a: Pelipper
|-sidestart|p2: Jakobtc|move: Tailwind
|cant|p1a: Incineroar|flinch
|
|-weather|RainDance|[upkeep]
|-heal|p1b: Kommo-o|68/100|[from] item: Leftovers
|upkeep
|turn|11
|
|t:|1784416256
|move|p2a: Pelipper|Hurricane|p1b: Kommo-o
|-supereffective|p1b: Kommo-o|1
|-damage|p1b: Kommo-o|0 fnt
|faint|p1b: Kommo-o
|move|p2b: Incineroar|Darkest Lariat|p1a: Incineroar
|-resisted|p1a: Incineroar|1
|-damage|p1a: Incineroar|79/100
|move|p1a: Incineroar|Parting Shot|p2a: Pelipper
|-unboost|p2a: Pelipper|atk|1
|-unboost|p2a: Pelipper|spa|1
|
|t:|1784416268
|switch|p1a: Gengar|Gengar-Mega, L50, F|25/100|[from] Parting Shot
|
|-weather|RainDance|[upkeep]
|upkeep
|
|t:|1784416270
|switch|p1b: Incineroar|Incineroar, L50, M|79/100
|-ability|p1b: Incineroar|Intimidate|boost
|-unboost|p2a: Pelipper|atk|1
|-unboost|p2b: Incineroar|atk|1
|turn|12
|
|t:|1784416283
|move|p1a: Gengar|Protect|p1a: Gengar
|-singleturn|p1a: Gengar|Protect
|move|p1b: Incineroar|Fake Out|p2a: Pelipper
|-damage|p2a: Pelipper|86/100
|cant|p2a: Pelipper|flinch
|move|p2b: Incineroar|Darkest Lariat|p1a: Gengar
|-activate|p1a: Gengar|move: Protect
|
|-weather|RainDance|[upkeep]
|upkeep
|turn|13
|inactive|Jakobtc has 30 seconds left.
|inactive|Jakobtc has 20 seconds left.
|
|t:|1784416322
|switch|p1a: Kingambit|Kingambit, L50, F|100/100
|move|p2a: Pelipper|Weather Ball|p1b: Incineroar
|-supereffective|p1b: Incineroar|1
|-enditem|p1b: Incineroar|Passho Berry|[eat]
|-enditem|p1b: Incineroar|Passho Berry|[weaken]
|-damage|p1b: Incineroar|36/100
|move|p2b: Incineroar|Will-O-Wisp|p1a: Kingambit
|-status|p1a: Kingambit|brn
|move|p1b: Incineroar|Parting Shot|p2a: Pelipper
|-unboost|p2a: Pelipper|atk|1
|-unboost|p2a: Pelipper|spa|1
|
|t:|1784416331
|switch|p1b: Gengar|Gengar-Mega, L50, F|25/100|[from] Parting Shot
|
|-weather|RainDance|[upkeep]
|-damage|p1a: Kingambit|94/100 brn|[from] brn
|-sideend|p2: Jakobtc|move: Tailwind
|upkeep
|turn|14
|
|t:|1784416344
|move|p1b: Gengar|Perish Song|p1b: Gengar
|-start|p1a: Kingambit|perish3|[silent]
|-start|p1b: Gengar|perish3|[silent]
|-start|p2a: Pelipper|perish3|[silent]
|-start|p2b: Incineroar|perish3|[silent]
|-fieldactivate|move: Perish Song
|move|p2a: Pelipper|Hurricane|p1b: Gengar
|-damage|p1b: Gengar|0 fnt
|faint|p1b: Gengar
|move|p2b: Incineroar|Darkest Lariat|p1a: Kingambit
|-resisted|p1a: Kingambit|1
|-damage|p1a: Kingambit|85/100 brn
|move|p1a: Kingambit|Kowtow Cleave|p2a: Pelipper
|-damage|p2a: Pelipper|45/100
|
|-weather|none
|-damage|p1a: Kingambit|80/100 brn|[from] brn
|-start|p2a: Pelipper|perish3
|-start|p2b: Incineroar|perish3
|-start|p1a: Kingambit|perish3
|upkeep
|
|t:|1784416346
|switch|p1b: Incineroar|Incineroar, L50, M|36/100
|-ability|p1b: Incineroar|Intimidate|boost
|-unboost|p2a: Pelipper|atk|1
|-unboost|p2b: Incineroar|atk|1
|turn|15
|c|☆Jakobtc|gg i hate perish lol
|c|☆Im_Neutro|gg
|
|t:|1784416368
|move|p1b: Incineroar|Protect|p1b: Incineroar
|-singleturn|p1b: Incineroar|Protect
|move|p1a: Kingambit|Protect|p1a: Kingambit
|-singleturn|p1a: Kingambit|Protect
|move|p2a: Pelipper|Hurricane|p1a: Kingambit
|-activate|p1a: Kingambit|move: Protect
|move|p2b: Incineroar|Darkest Lariat|p1a: Kingambit
|-activate|p1a: Kingambit|move: Protect
|
|-damage|p1a: Kingambit|74/100 brn|[from] brn
|-start|p2a: Pelipper|perish2
|-start|p2b: Incineroar|perish2
|-start|p1a: Kingambit|perish2
|upkeep
|turn|16
|
|t:|1784416385
|move|p1b: Incineroar|Protect|p1b: Incineroar
|-singleturn|p1b: Incineroar|Protect
|move|p1a: Kingambit|Protect|p1a: Kingambit
|-singleturn|p1a: Kingambit|Protect
|move|p2a: Pelipper|Hurricane|p1b: Incineroar
|-activate|p1b: Incineroar|move: Protect
|move|p2b: Incineroar|Darkest Lariat|p1b: Incineroar
|-activate|p1b: Incineroar|move: Protect
|
|-damage|p1a: Kingambit|68/100 brn|[from] brn
|-start|p2a: Pelipper|perish1
|-start|p2b: Incineroar|perish1
|-start|p1a: Kingambit|perish1
|upkeep
|turn|17
|
|t:|1784416400
|move|p1b: Incineroar|Protect||[still]
|-fail|p1b: Incineroar
|move|p1a: Kingambit|Protect||[still]
|-fail|p1a: Kingambit
|move|p2a: Pelipper|Hurricane|p1b: Incineroar
|-damage|p1b: Incineroar|13/100
|move|p2b: Incineroar|Darkest Lariat|p1b: Incineroar
|-resisted|p1b: Incineroar|1
|-damage|p1b: Incineroar|6/100
|
|-damage|p1a: Kingambit|62/100 brn|[from] brn
|-start|p2a: Pelipper|perish0
|-start|p2b: Incineroar|perish0
|-start|p1a: Kingambit|perish0
|upkeep
|faint|p2a: Pelipper
|faint|p2b: Incineroar
|faint|p1a: Kingambit
|
|win|Im_Neutro
|raw|Im_Neutro's rating: 1226 → 1244(+18 for winning)
|raw|Jakobtc's rating: 1133 → 1115(-18 for losing)
|l|☆Im_Neutro
|player|p1|
