|j|☆nuzzum
|j|☆blackstormgames
|html|nuzzumblackstormgames    
|uhtml|bestof|Game 2 of a best-of-3
|t:|1782415019
|gametype|doubles
|player|p1|nuzzum|veteran|1131
|player|p2|blackstormgames|lance|1262
|gen|9
|tier|[Gen 9 Champions] VGC 2026 Reg M-B (Bo3)
|rated|
|rule|Species Clause: Limit one of each Pokémon
|rule|Item Clause: Limit 1 of each item
|clearpoke
|poke|p1|Raichu, L50, F|
|poke|p1|Archaludon, L50, M|
|poke|p1|Pelipper, L50, F|
|poke|p1|Swampert, L50, M|
|poke|p1|Meowscarada, L50, M|
|poke|p1|Scizor, L50, F|
|poke|p2|Blaziken, L50, M|
|poke|p2|Aerodactyl, L50, M|
|poke|p2|Kingambit, L50, F|
|poke|p2|Basculegion, L50, M|
|poke|p2|Sylveon, L50, F|
|poke|p2|Torkoal, L50, F|
|teampreview|4
|showteam|p1|Raichu||RaichuniteX|Static|RisingVoltage,VoltSwitch,FakeOut,AlluringVoice|Modest||F|||50|]Archaludon||WhiteHerb|Stamina|ElectroShot,DracoMeteor,FlashCannon,AuraSphere|Modest||M|||50|]Pelipper||DampRock|Drizzle|Hurricane,HydroPump,Roost,Tailwind|Relaxed||F|||50|]Swampert||Swampertite|Torrent|WaveCrash,HighHorsepower,IcePunch,Protect|Adamant||M|||50|]Meowscarada||ChoiceScarf|Protean|KnockOff,FlowerTrick,TripleAxel,Uturn|Jolly||M|||50|]Scizor||LifeOrb|Technician|DualWingbeat,BulletPunch,CloseCombat,Protect|Adamant||F|||50|
|showteam|p2|Blaziken||Blazikenite|SpeedBoost|FlareBlitz,CloseCombat,RockSlide,Protect|Adamant||M|||50|]Aerodactyl||Aerodactylite|Unnerve|RockSlide,DualWingbeat,IceFang,Tailwind|Jolly||M|||50|]Kingambit||LifeOrb|Defiant|KowtowCleave,SuckerPunch,IronHead,Protect|Adamant||F|||50|]Basculegion||FocusSash|Adaptability|Liquidation,AquaJet,LastRespects,Protect|Adamant||M|||50|]Sylveon||FairyFeather|Pixilate|HyperVoice,HyperBeam,QuickAttack,Detect|Modest||F|||50|]Torkoal||Leftovers|Drought|Eruption,Yawn,WeatherBall,Protect|Quiet||F|||50|
|
|t:|1782415036
|teamsize|p1|4
|teamsize|p2|4
|start
|switch|p1a: Archaludon|Archaludon, L50, M|100/100
|switch|p1b: Pelipper|Pelipper, L50, F|100/100
|switch|p2a: Blaziken|Blaziken, L50, M|100/100
|switch|p2b: Sylveon|Sylveon, L50, F|100/100
|-weather|RainDance|[from] ability: Drizzle|[of] p1b: Pelipper
|turn|1
|
|t:|1782415050
|switch|p1a: Swampert|Swampert, L50, M|100/100
|switch|p2b: Torkoal|Torkoal, L50, F|100/100
|-weather|SunnyDay|[from] ability: Drought|[of] p2b: Torkoal
|detailschange|p2a: Blaziken|Blaziken-Mega, L50, M
|-mega|p2a: Blaziken|Blaziken|Blazikenite
|move|p2a: Blaziken|Close Combat|p1a: Swampert
|-damage|p1a: Swampert|24/100
|-unboost|p2a: Blaziken|def|1
|-unboost|p2a: Blaziken|spd|1
|move|p1b: Pelipper|Tailwind|p1b: Pelipper
|-sidestart|p1: nuzzum|move: Tailwind
|
|-weather|SunnyDay|[upkeep]
|-ability|p2a: Blaziken|Speed Boost|boost
|-boost|p2a: Blaziken|spe|1
|upkeep
|turn|2
|
|t:|1782415074
|switch|p1b: Archaludon|Archaludon, L50, M|100/100
|move|p2a: Blaziken|Protect|p2a: Blaziken
|-singleturn|p2a: Blaziken|Protect
|move|p1a: Swampert|Protect|p1a: Swampert
|-singleturn|p1a: Swampert|Protect
|move|p2b: Torkoal|Weather Ball|p1a: Swampert
|-activate|p1a: Swampert|move: Protect
|
|-weather|SunnyDay|[upkeep]
|-ability|p2a: Blaziken|Speed Boost|boost
|-boost|p2a: Blaziken|spe|1
|upkeep
|turn|3
|
|t:|1782415091
|switch|p1a: Pelipper|Pelipper, L50, F|100/100
|-weather|RainDance|[from] ability: Drizzle|[of] p1a: Pelipper
|switch|p2b: Sylveon|Sylveon, L50, F|100/100
|move|p2a: Blaziken|Close Combat|p1b: Archaludon
|-supereffective|p1b: Archaludon|1
|-damage|p1b: Archaludon|0 fnt
|-unboost|p2a: Blaziken|def|1
|-unboost|p2a: Blaziken|spd|1
|faint|p1b: Archaludon
|
|-weather|RainDance|[upkeep]
|-ability|p2a: Blaziken|Speed Boost|boost
|-boost|p2a: Blaziken|spe|1
|upkeep
|
|t:|1782415104
|switch|p1b: Swampert|Swampert, L50, M|24/100
|turn|4
|
|t:|1782415117
|switch|p2b: Torkoal|Torkoal, L50, F|100/100
|-weather|SunnyDay|[from] ability: Drought|[of] p2b: Torkoal
|detailschange|p1b: Swampert|Swampert-Mega, L50, M
|-mega|p1b: Swampert|Swampert|Swampertite
|move|p2a: Blaziken|Close Combat|p1b: Swampert
|-damage|p1b: Swampert|0 fnt
|-unboost|p2a: Blaziken|def|1
|-unboost|p2a: Blaziken|spd|1
|faint|p1b: Swampert
|move|p1a: Pelipper|Hydro Pump|p2a: Blaziken
|-supereffective|p2a: Blaziken|1
|-damage|p2a: Blaziken|0 fnt
|faint|p2a: Blaziken
|
|-weather|SunnyDay|[upkeep]
|-sideend|p1: nuzzum|move: Tailwind
|upkeep
|
|t:|1782415132
|switch|p2a: Sylveon|Sylveon, L50, F|100/100
|switch|p1b: Scizor|Scizor, L50, F|100/100
|turn|5
|
|t:|1782415146
|move|p1b: Scizor|Protect|p1b: Scizor
|-singleturn|p1b: Scizor|Protect
|move|p2a: Sylveon|Hyper Voice|p1b: Scizor|[spread] p1a
|-activate|p1b: Scizor|move: Protect
|-damage|p1a: Pelipper|34/100
|move|p1a: Pelipper|Hydro Pump|p2b: Torkoal
|-supereffective|p2b: Torkoal|1
|-damage|p2b: Torkoal|61/100
|move|p2b: Torkoal|Weather Ball|p1b: Scizor
|-activate|p1b: Scizor|move: Protect
|
|-weather|SunnyDay|[upkeep]
|-heal|p2b: Torkoal|67/100|[from] item: Leftovers
|upkeep
|turn|6
|
|t:|1782415162
|move|p1b: Scizor|Bullet Punch|p2a: Sylveon
|-supereffective|p2a: Sylveon|1
|-damage|p2a: Sylveon|0 fnt
|faint|p2a: Sylveon
|-damage|p1b: Scizor|90/100|[from] item: Life Orb
|move|p1a: Pelipper|Roost|p1a: Pelipper
|-heal|p1a: Pelipper|85/100
|-singleturn|p1a: Pelipper|move: Roost
|move|p2b: Torkoal|Weather Ball|p1b: Scizor
|-supereffective|p1b: Scizor|2
|-damage|p1b: Scizor|0 fnt
|faint|p1b: Scizor
|
|-weather|SunnyDay|[upkeep]
|-heal|p2b: Torkoal|73/100|[from] item: Leftovers
|upkeep
|
|t:|1782415176
|switch|p2a: Basculegion|Basculegion, L50, M|100/100
|turn|7
|
|t:|1782415181
|move|p2a: Basculegion|Last Respects|p1a: Pelipper
|-damage|p1a: Pelipper|1/100
|move|p1a: Pelipper|Roost|p1a: Pelipper
|-heal|p1a: Pelipper|51/100
|-singleturn|p1a: Pelipper|move: Roost
|move|p2b: Torkoal|Yawn|p1a: Pelipper
|-start|p1a: Pelipper|move: Yawn|[of] p2b: Torkoal
|
|-weather|SunnyDay|[upkeep]
|-heal|p2b: Torkoal|80/100|[from] item: Leftovers
|upkeep
|turn|8
|
|t:|1782415196
|move|p2a: Basculegion|Last Respects|p1a: Pelipper
|-damage|p1a: Pelipper|0 fnt
|faint|p1a: Pelipper
|
|win|blackstormgames
|raw|nuzzum's rating: 1131 → 1115(-16 for losing)
|raw|blackstormgames's rating: 1262 → 1278(+16 for winning)
|c|☆nuzzum|gg
|l|☆nuzzum
|player|p1|
