|j|☆Roadto15oo
|j|☆Dr Gaster PHD
|html|Roadto15ooDr Gaster PHD    
|uhtml|bestof|Game 2 of a best-of-3
|t:|1783938762
|gametype|doubles
|player|p1|Roadto15oo|#bdplxmausholds|
|player|p2|Dr Gaster PHD|ghetsis|
|gen|9
|tier|[Gen 9 Champions] VGC 2026 Reg M-B (Bo3)
|rule|Species Clause: Limit one of each Pokémon
|rule|Item Clause: Limit 1 of each item
|clearpoke
|poke|p1|Charizard, L50, M|
|poke|p1|Garchomp, L50, F|
|poke|p1|Whimsicott, L50, M|
|poke|p1|Basculegion, L50, M|
|poke|p1|Kingambit, L50, F|
|poke|p1|Floette-Eternal, L50, F|
|poke|p2|Staraptor, L50, M|
|poke|p2|Metagross, L50|
|poke|p2|Farigiraf, L50, M|
|poke|p2|Whimsicott, L50, F|
|poke|p2|Garchomp, L50, F|
|poke|p2|Ceruledge, L50, F|
|teampreview|4
|showteam|p1|Charizard||CharizarditeY|Blaze|HeatWave,WeatherBall,SolarBeam,Protect|Modest||M|||50|]Garchomp||SitrusBerry|RoughSkin|DragonTail,StompingTantrum,RockSlide,PoisonJab|Adamant||F|||50|]Whimsicott||FocusSash|Prankster|Tailwind,Moonblast,Encore,Protect|Timid||M|||50|]Basculegion||ChoiceScarf|Adaptability|WaveCrash,LastRespects,AquaJet,FlipTurn|Jolly||M|||50|]Kingambit||LifeOrb|Defiant|KowtowCleave,IronHead,SuckerPunch,LowKick|Adamant||F|||50|]Floette-Eternal||Floettite|FlowerVeil|DazzlingGleam,Moonblast,LightofRuin,Protect|Modest||F|||50|
|showteam|p2|Staraptor||Staraptite|Intimidate|Protect,CloseCombat,BraveBird,Roost|Jolly||M|||50|]Metagross||Metagrossite|ClearBody|Protect,IronHead,PsychicFangs,StompingTantrum|Adamant|||||50|]Farigiraf||SitrusBerry|ArmorTail|Psychic,Thunderbolt,HelpingHand,TrickRoom|Serious||M|||50|]Whimsicott||FocusSash|Prankster|Tailwind,Charm,Encore,Moonblast|Timid||F|||50|]Garchomp||LifeOrb|RoughSkin|Protect,StompingTantrum,DragonClaw,RockSlide|Jolly||F|||50|]Ceruledge||ColburBerry|FlashFire|Protect,BitterBlade,ShadowSneak,BulkUp|Adamant||F|||50|
|inactive|Battle timer is ON: inactive players will automatically lose when time's up. (requested by Roadto15oo)
|inactive|Roadto15oo has 60 seconds left.
|
|t:|1783938809
|teamsize|p1|4
|teamsize|p2|4
|start
|switch|p1a: Charizard|Charizard, L50, M|100/100
|switch|p1b: Whimsicott|Whimsicott, L50, M|100/100
|switch|p2a: Whimsicott|Whimsicott, L50, F|100/100
|switch|p2b: Garchomp|Garchomp, L50, F|100/100
|turn|1
|
|t:|1783938829
|move|p1a: Charizard|Protect|p1a: Charizard
|-singleturn|p1a: Charizard|Protect
|move|p2a: Whimsicott|Tailwind|p2a: Whimsicott
|-sidestart|p2: Dr Gaster PHD|move: Tailwind
|move|p1b: Whimsicott|Tailwind|p1b: Whimsicott
|-sidestart|p1: Roadto15oo|move: Tailwind
|move|p2b: Garchomp|Rock Slide|p1b: Whimsicott|[spread] p1b
|-activate|p1a: Charizard|move: Protect
|-damage|p1b: Whimsicott|62/100
|-damage|p2b: Garchomp|90/100|[from] item: Life Orb
|
|upkeep
|turn|2
|inactive|Dr Gaster PHD has 30 seconds left.
|
|t:|1783938855
|switch|p1b: Basculegion|Basculegion, L50, M|100/100
|switch|p1a: Garchomp|Garchomp, L50, F|100/100
|move|p2a: Whimsicott|Encore||[still]
|-fail|p2a: Whimsicott
|move|p2b: Garchomp|Rock Slide|p1b: Basculegion|[spread] p1a,p1b
|-resisted|p1a: Garchomp|1
|-damage|p1a: Garchomp|91/100
|-damage|p1b: Basculegion|68/100
|-damage|p2b: Garchomp|80/100|[from] item: Life Orb
|
|upkeep
|turn|3
|inactive|Roadto15oo has 30 seconds left.
|
|t:|1783938881
|move|p1b: Basculegion|Wave Crash|p2b: Garchomp
|-damage|p2b: Garchomp|10/100
|-damage|p1b: Basculegion|56/100|[from] ability: Rough Skin|[of] p2b: Garchomp
|-damage|p1b: Basculegion|34/100|[from] Recoil
|move|p2a: Whimsicott|Moonblast|p1a: Garchomp
|-supereffective|p1a: Garchomp|1
|-damage|p1a: Garchomp|26/100
|-enditem|p1a: Garchomp|Sitrus Berry|[eat]
|-heal|p1a: Garchomp|50/100g|[from] item: Sitrus Berry
|move|p2b: Garchomp|Dragon Claw|p1b: Basculegion
|-damage|p1b: Basculegion|0 fnt
|faint|p1b: Basculegion
|-damage|p2b: Garchomp|1/100|[from] item: Life Orb
|move|p1a: Garchomp|Rock Slide|p2a: Whimsicott|[spread] p2b
|-miss|p1a: Garchomp|p2a: Whimsicott
|-resisted|p2b: Garchomp|1
|-damage|p2b: Garchomp|0 fnt
|faint|p2b: Garchomp
|
|upkeep
|
|t:|1783938903
|switch|p2b: Tobias|Staraptor, L50, M|100/100
|switch|p1b: Charizard|Charizard, L50, M|100/100
|-ability|p2b: Tobias|Intimidate|boost
|-unboost|p1a: Garchomp|atk|1
|-unboost|p1b: Charizard|atk|1
|turn|4
|
|t:|1783938914
|detailschange|p2b: Tobias|Staraptor-Mega, L50, M
|-mega|p2b: Tobias|Staraptor|Staraptite
|detailschange|p1b: Charizard|Charizard-Mega-Y, L50, M
|-mega|p1b: Charizard|Charizard|Charizardite Y
|-weather|SunnyDay|[from] ability: Drought|[of] p1b: Charizard
|move|p2a: Whimsicott|Charm|p2b: Tobias
|-boost|p2b: Tobias|atk|2
|move|p2b: Tobias|Close Combat|p1a: Garchomp
|-damage|p1a: Garchomp|0 fnt
|-boost|p2b: Tobias|def|1
|-boost|p2b: Tobias|spd|1
|-damage|p2b: Tobias|87/100|[from] ability: Rough Skin|[of] p1a: Garchomp
|faint|p1a: Garchomp
|move|p1b: Charizard|Heat Wave|p2a: Whimsicott|[spread] p2a,p2b
|-supereffective|p2a: Whimsicott|1
|-enditem|p2a: Whimsicott|Focus Sash
|-damage|p2a: Whimsicott|1/100
|-damage|p2b: Tobias|47/100
|
|-weather|SunnyDay|[upkeep]
|-sideend|p2: Dr Gaster PHD|move: Tailwind
|-sideend|p1: Roadto15oo|move: Tailwind
|upkeep
|
|t:|1783938931
|switch|p1a: Whimsicott|Whimsicott, L50, M|62/100
|turn|5
|
|t:|1783938944
|move|p2a: Whimsicott|Tailwind|p2a: Whimsicott
|-sidestart|p2: Dr Gaster PHD|move: Tailwind
|move|p1a: Whimsicott|Encore|p2b: Tobias
|-start|p2b: Tobias|Encore
|move|p2b: Tobias|Close Combat|p1a: Whimsicott
|-resisted|p1a: Whimsicott|1
|-damage|p1a: Whimsicott|0 fnt
|-boost|p2b: Tobias|def|1
|-boost|p2b: Tobias|spd|1
|faint|p1a: Whimsicott
|move|p1b: Charizard|Heat Wave|p2b: Tobias|[spread] p2b
|-miss|p1b: Charizard|p2a: Whimsicott
|-damage|p2b: Tobias|13/100
|
|-weather|SunnyDay|[upkeep]
|upkeep
|turn|6
|
|t:|1783938956
|move|p2a: Whimsicott|Charm|p2b: Tobias
|-boost|p2b: Tobias|atk|2
|move|p2b: Tobias|Close Combat|p1b: Charizard
|-resisted|p1b: Charizard|1
|-damage|p1b: Charizard|16/100
|-boost|p2b: Tobias|def|1
|-boost|p2b: Tobias|spd|1
|move|p1b: Charizard|Heat Wave|p2b: Tobias|[spread] p2a,p2b
|-supereffective|p2a: Whimsicott|1
|-damage|p2a: Whimsicott|0 fnt
|-damage|p2b: Tobias|0 fnt
|faint|p2a: Whimsicott
|faint|p2b: Tobias
|
|-weather|SunnyDay|[upkeep]
|upkeep
|
|t:|1783938960
|switch|p2b: Ceruledge|Ceruledge, L50, F|100/100
|turn|7
|-message|Roadto15oo forfeited.
|
|win|Dr Gaster PHD
|l|☆Dr Gaster PHD
|player|p2|
||Roadto15oo is ready for game 3.
||Dr Gaster PHD is ready for game 3.
|uhtml|next|Next: Game 3 of 3
