|j|☆Quinten165
|j|☆moth.o
|html|Quinten165moth.o    
|uhtml|bestof|Game 2 of a best-of-3
|t:|1785746288
|gametype|doubles
|player|p1|Quinten165|102|1247
|player|p2|moth.o|roxie|1276
|gen|9
|tier|[Gen 9 Champions] VGC 2026 Reg M-B (Bo3)
|rated|
|rule|Species Clause: Limit one of each Pokémon
|rule|Item Clause: Limit 1 of each item
|clearpoke
|poke|p1|Blaziken, L50, F|
|poke|p1|Kingambit, L50, F|
|poke|p1|Ninetales-Alola, L50, F|
|poke|p1|Basculegion, L50, M|
|poke|p1|Venusaur, L50, M|
|poke|p1|Lycanroc-Dusk, L50, F|
|poke|p2|Houndoom, L50, F|
|poke|p2|Garchomp, L50, M|
|poke|p2|Staraptor, L50, M|
|poke|p2|Farigiraf, L50, M|
|poke|p2|Torkoal, L50, M|
|poke|p2|Whimsicott, L50, M|
|teampreview|4
|showteam|p1|Blaziken||Blazikenite|SpeedBoost|FlareBlitz,CloseCombat,RockSlide,Protect|Adamant||F|||50|]Kingambit||ChopleBerry|Defiant|KowtowCleave,SuckerPunch,IronHead,Protect|Adamant||F|||50|]Ninetales-Alola||NeverMeltIce|SnowWarning|Blizzard,FreezeDry,Encore,Protect|Timid||F|||50|]Basculegion||ChoiceScarf|Adaptability|WaveCrash,LastRespects,AquaJet,FlipTurn|Adamant||M|||50|]Venusaur||Venusaurite|Overgrow|GigaDrain,SludgeBomb,EarthPower,Protect|Modest||M|||50|]Lycanroc-Dusk||FocusSash|ToughClaws|Accelerock,RockSlide,CloseCombat,Protect|Adamant||F|||50|
|showteam|p2|Houndoom||Houndoominite|FlashFire|Protect,HeatWave,Flamethrower,DarkPulse|Timid||F|||50|]Garchomp||LifeOrb|RoughSkin|Protect,RockSlide,StompingTantrum,DragonClaw|Jolly||M|||50|]Staraptor||Staraptite|Intimidate|Protect,CloseCombat,BraveBird,Roost|Jolly||M|||50|]Farigiraf||SitrusBerry|ArmorTail|HelpingHand,PsychicFangs,TrickRoom,Imprison|Impish||M|||50|]Torkoal||Charcoal|Drought|Protect,Eruption,EarthPower,BurningJealousy|Modest||M|||50|]Whimsicott||FocusSash|Prankster|Protect,SunnyDay,Moonblast,Tailwind|Timid||M|||50|
|inactive|Battle timer is ON: inactive players will automatically lose when time's up. (requested by Quinten165)
|
|t:|1785746311
|teamsize|p1|4
|teamsize|p2|4
|start
|switch|p1a: Kingambit|Kingambit, L50, F|100/100
|switch|p1b: Lycanroc|Lycanroc-Dusk, L50, F|100/100
|switch|p2a: Staraptor|Staraptor, L50, M|100/100
|switch|p2b: Whimsicott|Whimsicott, L50, M|100/100
|-ability|p2a: Staraptor|Intimidate|boost
|-unboost|p1a: Kingambit|atk|1
|-ability|p1a: Kingambit|Defiant|boost
|-boost|p1a: Kingambit|atk|2
|-unboost|p1b: Lycanroc|atk|1
|turn|1
|
|t:|1785746331
|detailschange|p2a: Staraptor|Staraptor-Mega, L50, M
|-mega|p2a: Staraptor|Staraptor|Staraptite
|move|p2b: Whimsicott|Tailwind|p2b: Whimsicott
|-sidestart|p2: moth.o|move: Tailwind
|move|p2a: Staraptor|Close Combat|p1b: Lycanroc
|-supereffective|p1b: Lycanroc|1
|-enditem|p1b: Lycanroc|Focus Sash
|-damage|p1b: Lycanroc|1/100
|-boost|p2a: Staraptor|def|1
|-boost|p2a: Staraptor|spd|1
|move|p1b: Lycanroc|Rock Slide|p2a: Staraptor|[spread] p2a,p2b
|-damage|p2a: Staraptor|87/100
|-damage|p2b: Whimsicott|71/100
|move|p1a: Kingambit|Iron Head|p2b: Whimsicott
|-supereffective|p2b: Whimsicott|1
|-damage|p2b: Whimsicott|0 fnt
|faint|p2b: Whimsicott
|
|upkeep
|
|t:|1785746346
|switch|p2b: Garchomp|Garchomp, L50, M|100/100
|turn|2
|
|t:|1785746354
|move|p1b: Lycanroc|Protect|p1b: Lycanroc
|-singleturn|p1b: Lycanroc|Protect
|move|p1a: Kingambit|Protect|p1a: Kingambit
|-singleturn|p1a: Kingambit|Protect
|move|p2a: Staraptor|Close Combat|p1a: Kingambit
|-activate|p1a: Kingambit|move: Protect
|move|p2b: Garchomp|Rock Slide|p1b: Lycanroc|[spread] 
|-activate|p1a: Kingambit|move: Protect
|-activate|p1b: Lycanroc|move: Protect
|
|upkeep
|turn|3
|
|t:|1785746375
|move|p1b: Lycanroc|Accelerock|p2a: Staraptor
|-damage|p2a: Staraptor|74/100
|move|p1a: Kingambit|Sucker Punch|p2b: Garchomp
|-damage|p2b: Garchomp|43/100
|-damage|p1a: Kingambit|87/100|[from] ability: Rough Skin|[of] p2b: Garchomp
|move|p2a: Staraptor|Close Combat|p1a: Kingambit
|-supereffective|p1a: Kingambit|2
|-enditem|p1a: Kingambit|Chople Berry|[eat]
|-enditem|p1a: Kingambit|Chople Berry|[weaken]
|-damage|p1a: Kingambit|11/100
|-boost|p2a: Staraptor|def|1
|-boost|p2a: Staraptor|spd|1
|move|p2b: Garchomp|Rock Slide|p1a: Kingambit|[spread] p1a,p1b
|-resisted|p1a: Kingambit|1
|-damage|p1a: Kingambit|2/100
|-damage|p1b: Lycanroc|0 fnt
|faint|p1b: Lycanroc
|-damage|p2b: Garchomp|33/100|[from] item: Life Orb
|
|upkeep
|inactive|Quinten165 has 30 seconds left.
|inactive|Quinten165 has 20 seconds left.
|
|t:|1785746414
|switch|p1b: Ninetales|Ninetales-Alola, L50, F|100/100
|-weather|Snowscape|[from] ability: Snow Warning|[of] p1b: Ninetales
|turn|4
|
|t:|1785746435
|switch|p2b: Torkoal|Torkoal, L50, M|100/100
|-weather|SunnyDay|[from] ability: Drought|[of] p2b: Torkoal
|move|p1a: Kingambit|Sucker Punch||[still]
|-fail|p1a: Kingambit
|move|p2a: Staraptor|Close Combat|p1b: Ninetales
|-crit|p1b: Ninetales
|-damage|p1b: Ninetales|0 fnt
|-boost|p2a: Staraptor|def|1
|-boost|p2a: Staraptor|spd|1
|faint|p1b: Ninetales
|
|-weather|SunnyDay|[upkeep]
|-sideend|p2: moth.o|move: Tailwind
|upkeep
|
|t:|1785746443
|switch|p1b: Venusaur|Venusaur, L50, M|100/100
|turn|5
|
|t:|1785746461
|detailschange|p1b: Venusaur|Venusaur-Mega, L50, M
|-mega|p1b: Venusaur|Venusaur|Venusaurite
|move|p2b: Torkoal|Protect|p2b: Torkoal
|-singleturn|p2b: Torkoal|Protect
|move|p1a: Kingambit|Sucker Punch||[still]
|-fail|p1a: Kingambit
|move|p2a: Staraptor|Close Combat|p1a: Kingambit
|-supereffective|p1a: Kingambit|2
|-damage|p1a: Kingambit|0 fnt
|-boost|p2a: Staraptor|def|1
|-boost|p2a: Staraptor|spd|1
|faint|p1a: Kingambit
|move|p1b: Venusaur|Sludge Bomb|p2a: Staraptor
|-damage|p2a: Staraptor|59/100
|
|-weather|SunnyDay|[upkeep]
|upkeep
|turn|6
|-message|Quinten165 forfeited.
|
|win|moth.o
|raw|Quinten165's rating: 1247 → 1224(-23 for losing)
|raw|moth.o's rating: 1276 → 1299(+23 for winning)
|l|☆Quinten165
|player|p1|
