|j|☆MrTedno
|j|☆Unga unga vgc
|html|MrTednoUnga unga vgc    
|uhtml|bestof|Game 2 of a best-of-3
|t:|1756897972
|gametype|doubles
|player|p1|MrTedno|barry|1282
|player|p2|Unga unga vgc|youngster-gen4dp|1205
|gen|9
|tier|[Gen 9] VGC 2025 Reg H (Bo3)
|rated|
|rule|Species Clause: Limit one of each Pokémon
|rule|Item Clause: Limit 1 of each item
|clearpoke
|poke|p1|Ninetales-Alola, L50, F|
|poke|p1|Garchomp, L50, M|
|poke|p1|Dragonite, L50, F|
|poke|p1|Incineroar, L50, M|
|poke|p1|Gholdengo, L50|
|poke|p1|Farigiraf, L50, M|
|poke|p2|Tyranitar, L50, M|
|poke|p2|Garchomp, L50, M|
|poke|p2|Kilowattrel, L50, F|
|poke|p2|Gastrodon, L50, M|
|poke|p2|Gholdengo, L50|
|poke|p2|Amoonguss, L50, F|
|teampreview|4
|showteam|p1|Ninetales-Alola||FocusSash|SnowWarning|Encore,Blizzard,FreezeDry,Protect|||F|||50|,,,,,Ghost]Garchomp||ClearAmulet|RoughSkin|Earthquake,DragonClaw,StompingTantrum,Protect|||M|||50|,,,,,Ground]Dragonite||LumBerry|InnerFocus|TeraBlast,LowKick,ExtremeSpeed,Protect|||F|||50|,,,,,Flying]Incineroar||SafetyGoggles|Intimidate|FakeOut,PartingShot,FlareBlitz,KnockOff|||M|||50|,,,,,Ghost]Gholdengo||LifeOrb|GoodasGold|ShadowBall,MakeItRain,NastyPlot,Protect||||||50|,,,,,Flying]Farigiraf||SitrusBerry|ArmorTail|TrickRoom,Protect,TeraBlast,PsychicNoise|||M|||50|,,,,,Fighting
|showteam|p2|Tyranitar||AssaultVest|SandStream|RockSlide,LowKick,KnockOff,TeraBlast|||M|||50|,,,,,Flying]Garchomp||BrightPowder|SandVeil|SwordsDance,RockSlide,StompingTantrum,Protect|||M|||50|,,,,,Ground]Kilowattrel||LifeOrb|Competitive|Tailwind,Thunderbolt,AirSlash,Protect|||F|||50|,,,,,Steel]Gastrodon||Leftovers|StormDrain|Protect,Yawn,EarthPower,MuddyWater|||M|||50|,,,,,Grass]Gholdengo||ChoiceSpecs|GoodasGold|MakeItRain,ShadowBall,Trick,FocusBlast||||||50|,,,,,Steel]Amoonguss||SitrusBerry|Regenerator|Spore,RagePowder,Protect,PollenPuff|||F|||50|,,,,,Water
|inactive|Battle timer is ON: inactive players will automatically lose when time's up. (requested by MrTedno)
|inactive|MrTedno has 60 seconds left.
|inactive|MrTedno has 30 seconds left.
|
|t:|1756898041
|teamsize|p1|4
|teamsize|p2|4
|start
|switch|p1a: Alex|Garchomp, L50, M|100/100
|switch|p1b: Skipper|Gholdengo, L50|100/100
|switch|p2a: Kilowattrel|Kilowattrel, L50, F|100/100
|switch|p2b: Gholdengo|Gholdengo, L50|100/100
|turn|1
|inactive|MrTedno has 30 seconds left.
|inactive|Unga unga vgc has 30 seconds left.
|inactive|Unga unga vgc has 20 seconds left.
|
|t:|1756898078
|move|p2a: Kilowattrel|Tailwind|p2a: Kilowattrel
|-sidestart|p2: Unga unga vgc|move: Tailwind
|move|p2b: Gholdengo|Shadow Ball|p1b: Skipper
|-supereffective|p1b: Skipper
|-damage|p1b: Skipper|0 fnt
|faint|p1b: Skipper
|move|p1a: Alex|Dragon Claw|p2a: Kilowattrel
|-damage|p2a: Kilowattrel|22/100
|
|upkeep
|inactive|MrTedno has 30 seconds left.
|
|t:|1756898104
|switch|p1b: Gloria|Ninetales-Alola, L50, F|100/100
|-weather|Snowscape|[from] ability: Snow Warning|[of] p1b: Gloria
|turn|2
|
|t:|1756898119
|move|p1a: Alex|Protect|p1a: Alex
|-singleturn|p1a: Alex|Protect
|move|p2a: Kilowattrel|Air Slash|p1a: Alex
|-activate|p1a: Alex|move: Protect
|move|p2b: Gholdengo|Shadow Ball|p1a: Alex
|-activate|p1a: Alex|move: Protect
|move|p1b: Gloria|Blizzard|p2b: Gholdengo|[spread] p2a,p2b
|-supereffective|p2a: Kilowattrel
|-resisted|p2b: Gholdengo
|-damage|p2a: Kilowattrel|0 fnt
|-damage|p2b: Gholdengo|83/100
|faint|p2a: Kilowattrel
|
|-weather|Snowscape|[upkeep]
|upkeep
|
|t:|1756898128
|switch|p2a: Garchomp|Garchomp, L50, M|100/100
|turn|3
|
|t:|1756898139
|switch|p1a: Julien|Incineroar, L50, M|100/100
|-ability|p1a: Julien|Intimidate|boost
|-unboost|p2a: Garchomp|atk|1
|-unboost|p2b: Gholdengo|atk|1
|-terastallize|p2a: Garchomp|Ground
|move|p1b: Gloria|Protect|p1b: Gloria
|-singleturn|p1b: Gloria|Protect
|move|p2a: Garchomp|Stomping Tantrum|p1a: Julien
|-supereffective|p1a: Julien
|-damage|p1a: Julien|29/100
|move|p2b: Gholdengo|Shadow Ball|p1a: Julien
|-resisted|p1a: Julien
|-damage|p1a: Julien|6/100
|
|-weather|Snowscape|[upkeep]
|upkeep
|turn|4
|inactive|MrTedno has 30 seconds left.
|inactive|MrTedno has 20 seconds left.
|inactive|MrTedno has 15 seconds left.
|inactive|MrTedno has 10 seconds left.
|inactive|MrTedno has 5 seconds left.
|
|t:|1756898195
|move|p2a: Garchomp|Protect|p2a: Garchomp
|-singleturn|p2a: Garchomp|Protect
|move|p1a: Julien|Fake Out|p2a: Garchomp
|-activate|p2a: Garchomp|move: Protect
|move|p2b: Gholdengo|Shadow Ball|p1b: Gloria
|-damage|p1b: Gloria|17/100
|move|p1b: Gloria|Blizzard|p2b: Gholdengo|[spread] p2b
|-activate|p2a: Garchomp|move: Protect
|-resisted|p2b: Gholdengo
|-damage|p2b: Gholdengo|65/100
|
|-weather|Snowscape|[upkeep]
|-sideend|p2: Unga unga vgc|move: Tailwind
|upkeep
|turn|5
|
|t:|1756898219
|move|p1b: Gloria|Protect|p1b: Gloria
|-singleturn|p1b: Gloria|Protect
|move|p2a: Garchomp|Rock Slide|p1b: Gloria|[spread] p1a
|-activate|p1b: Gloria|move: Protect
|-supereffective|p1a: Julien
|-damage|p1a: Julien|0 fnt
|faint|p1a: Julien
|move|p2b: Gholdengo|Shadow Ball|p1b: Gloria
|-activate|p1b: Gloria|move: Protect
|
|-weather|Snowscape|[upkeep]
|upkeep
|
|t:|1756898222
|switch|p1a: Alex|Garchomp, L50, M|100/100
|turn|6
|inactive|MrTedno has 30 seconds left.
|
|t:|1756898250
|switch|p2b: Tyranitar|Tyranitar, L50, M|100/100
|-weather|Sandstorm|[from] ability: Sand Stream|[of] p2b: Tyranitar
|-terastallize|p1a: Alex|Ground
|move|p1b: Gloria|Blizzard|p2a: Garchomp|[spread] p2b
|-miss|p1b: Gloria|p2a: Garchomp
|-damage|p2b: Tyranitar|90/100
|move|p2a: Garchomp|Rock Slide|p1a: Alex|[spread] p1a,p1b
|-resisted|p1a: Alex
|-supereffective|p1b: Gloria
|-damage|p1a: Alex|93/100
|-damage|p1b: Gloria|0 fnt
|faint|p1b: Gloria
|move|p1a: Alex|Stomping Tantrum|p2b: Tyranitar
|-supereffective|p2b: Tyranitar
|-damage|p2b: Tyranitar|0 fnt
|faint|p2b: Tyranitar
|
|-weather|Sandstorm|[upkeep]
|upkeep
|
|t:|1756898268
|switch|p2b: Gholdengo|Gholdengo, L50|65/100
|turn|7
|
|t:|1756898290
|move|p1a: Alex|Protect|p1a: Alex
|-singleturn|p1a: Alex|Protect
|move|p2a: Garchomp|Swords Dance|p2a: Garchomp
|-boost|p2a: Garchomp|atk|2
|move|p2b: Gholdengo|Shadow Ball|p1a: Alex
|-activate|p1a: Alex|move: Protect
|
|-weather|Sandstorm|[upkeep]
|upkeep
|turn|8
|
|t:|1756898296
|move|p1a: Alex|Earthquake|p2b: Gholdengo|[spread] p2a,p2b
|-supereffective|p2b: Gholdengo
|-damage|p2a: Garchomp|53/100
|-damage|p2b: Gholdengo|0 fnt
|faint|p2b: Gholdengo
|move|p2a: Garchomp|Stomping Tantrum|p1a: Alex
|-damage|p1a: Alex|13/100
|-damage|p2a: Garchomp|40/100|[from] ability: Rough Skin|[of] p1a: Alex
|
|-weather|Sandstorm|[upkeep]
|upkeep
|turn|9
|
|t:|1756898320
|move|p2a: Garchomp|Stomping Tantrum|p1a: Alex
|-damage|p1a: Alex|0 fnt
|-damage|p2a: Garchomp|28/100|[from] ability: Rough Skin|[of] p1a: Alex
|faint|p1a: Alex
|
|win|Unga unga vgc
||Unga unga vgc is ready for game 3.
||MrTedno is ready for game 3.
|uhtml|next|Next: Game 3 of 3
