|j|☆Drunk express
|j|☆gundot
|html|Drunk expressgundot    
|uhtml|bestof|Game 2 of a best-of-3
|t:|1783529620
|gametype|doubles
|player|p1|Drunk express|102|1091
|player|p2|gundot|ethan-gen2|1198
|gen|9
|tier|[Gen 9 Champions] VGC 2026 Reg M-B (Bo3)
|rated|
|rule|Species Clause: Limit one of each Pokémon
|rule|Item Clause: Limit 1 of each item
|clearpoke
|poke|p1|Tyranitar, L50, F|
|poke|p1|Pelipper, L50, M, shiny|
|poke|p1|Raichu, L50, F|
|poke|p1|Archaludon, L50, F|
|poke|p1|Sinistcha, L50|
|poke|p1|Volcarona, L50, F|
|poke|p2|Charizard, L50, F, shiny|
|poke|p2|Whimsicott, L50, F|
|poke|p2|Farigiraf, L50, F, shiny|
|poke|p2|Garchomp, L50, M|
|poke|p2|Mawile, L50, F, shiny|
|poke|p2|Basculegion, L50, M|
|teampreview|4
|showteam|p1|Tyranitar||Tyranitarite|Unnerve|DragonDance,RockSlide,Protect,KnockOff|Adamant||F|||50|]Pelipper||FocusSash|Drizzle|Tailwind,Hurricane,WeatherBall,WideGuard|Modest||M|||50|]Raichu||RaichuniteY|LightningRod|FakeOut,FocusBlast,ZapCannon,Protect|Timid||F|||50|]Archaludon||ShucaBerry|Stalwart|ElectroShot,DracoMeteor,Protect,FlashCannon|Modest||F|||50|]Sinistcha||KasibBerry|Hospitality|RagePowder,TrickRoom,MatchaGotcha,LifeDew|Relaxed|||||50|]Volcarona||SitrusBerry|FlameBody|RagePowder,Protect,HeatWave,GigaDrain|Timid||F|||50|
|showteam|p2|Charizard||CharizarditeY|SolarPower|HeatWave,WeatherBall,SolarBeam,Protect|Modest||F|||50|]Whimsicott||FocusSash|Prankster|Moonblast,Tailwind,Encore,Protect|Timid||F|||50|]Farigiraf||SitrusBerry|ArmorTail|Psychic,Thunderbolt,TrickRoom,HelpingHand|Modest||F|||50|]Garchomp||LifeOrb|RoughSkin|Earthquake,DragonClaw,RockSlide,Protect|Jolly||M|||50|]Mawile||Mawilite|Intimidate|PlayRough,RockSlide,SuckerPunch,Protect|Adamant||F|||50|]Basculegion||MysticWater|Adaptability|WaveCrash,AquaJet,LastRespects,Protect|Adamant||M|||50|
|inactive|Battle timer is ON: inactive players will automatically lose when time's up. (requested by gundot)
|j| ui rain
|j| GoPlayCatch
|l| GoPlayCatch
|inactive|gundot has 60 seconds left.
|l| ui rain
|
|t:|1783529671
|teamsize|p1|4
|teamsize|p2|4
|start
|switch|p1a: Raichu|Raichu, L50, F|100/100
|switch|p1b: Pelipper|Pelipper, L50, M, shiny|100/100
|switch|p2a: Whimsicott|Whimsicott, L50, F|100/100
|switch|p2b: Basculegion|Basculegion, L50, M|100/100
|-weather|RainDance|[from] ability: Drizzle|[of] p1b: Pelipper
|turn|1
|
|t:|1783529694
|move|p2a: Whimsicott|Protect|p2a: Whimsicott
|-singleturn|p2a: Whimsicott|Protect
|move|p1a: Raichu|Protect|p1a: Raichu
|-singleturn|p1a: Raichu|Protect
|move|p2b: Basculegion|Aqua Jet|p1a: Raichu
|-activate|p1a: Raichu|move: Protect
|move|p1b: Pelipper|Hurricane|p2a: Whimsicott
|-activate|p2a: Whimsicott|move: Protect
|
|-weather|RainDance|[upkeep]
|upkeep
|turn|2
|
|t:|1783529703
|switch|p1a: Sinistcha|Sinistcha, L50|100/100
|move|p2a: Whimsicott|Encore||[still]
|-fail|p2a: Whimsicott
|move|p2b: Basculegion|Wave Crash|p1b: Pelipper
|-resisted|p1b: Pelipper|1
|-damage|p1b: Pelipper|14/100
|-damage|p2b: Basculegion|77/100|[from] Recoil
|move|p1b: Pelipper|Hurricane|p2b: Basculegion
|-damage|p2b: Basculegion|24/100
|-start|p2b: Basculegion|confusion
|
|-weather|RainDance|[upkeep]
|upkeep
|turn|3
|
|t:|1783529724
|switch|p1b: Archaludon|Archaludon, L50, F|100/100
|move|p2a: Whimsicott|Moonblast|p1b: Archaludon
|-damage|p1b: Archaludon|49/100
|-activate|p2b: Basculegion|confusion
|move|p2b: Basculegion|Wave Crash|p1a: Sinistcha
|-resisted|p1a: Sinistcha|1
|-damage|p1a: Sinistcha|46/100
|-damage|p2b: Basculegion|9/100|[from] Recoil
|move|p1a: Sinistcha|Matcha Gotcha|p2b: Basculegion|[spread] p2a,p2b
|-resisted|p2a: Whimsicott|1
|-supereffective|p2b: Basculegion|1
|-damage|p2a: Whimsicott|80/100
|-heal|p1a: Sinistcha|54/100|[from] drain|[of] p2a: Whimsicott
|-damage|p2b: Basculegion|0 fnt
|-heal|p1a: Sinistcha|60/100|[from] drain|[of] p2b: Basculegion
|-status|p2a: Whimsicott|brn
|faint|p2b: Basculegion
|
|-weather|RainDance|[upkeep]
|-damage|p2a: Whimsicott|74/100 brn|[from] brn
|upkeep
|inactive|gundot has 30 seconds left.
|
|t:|1783529750
|switch|p2b: Mawile|Mawile, L50, F, shiny|100/100
|-ability|p2b: Mawile|Intimidate|boost
|-unboost|p1a: Sinistcha|atk|1
|-unboost|p1b: Archaludon|atk|1
|turn|4
|
|t:|1783529761
|detailschange|p2b: Mawile|Mawile-Mega, L50, F, shiny
|-mega|p2b: Mawile|Mawile|Mawilite
|move|p2a: Whimsicott|Moonblast|p1b: Archaludon
|-damage|p1b: Archaludon|0 fnt
|faint|p1b: Archaludon
|move|p1a: Sinistcha|Life Dew|p1a: Sinistcha
|-heal|p1a: Sinistcha|85/100
|move|p2b: Mawile|Play Rough|p1a: Sinistcha
|-damage|p1a: Sinistcha|19/100
|
|-weather|RainDance|[upkeep]
|-damage|p2a: Whimsicott|68/100 brn|[from] brn
|upkeep
|
|t:|1783529771
|switch|p1b: Raichu|Raichu, L50, F|100/100
|turn|5
|
|t:|1783529778
|detailschange|p1b: Raichu|Raichu-Mega-Y, L50, F
|-mega|p1b: Raichu|Raichu|Raichunite Y
|move|p2a: Whimsicott|Protect|p2a: Whimsicott
|-singleturn|p2a: Whimsicott|Protect
|move|p2b: Mawile|Protect|p2b: Mawile
|-singleturn|p2b: Mawile|Protect
|move|p1b: Raichu|Zap Cannon|p2b: Mawile
|-activate|p2b: Mawile|move: Protect
|move|p1a: Sinistcha|Matcha Gotcha|p2b: Mawile|[spread] 
|-activate|p2a: Whimsicott|move: Protect
|-activate|p2b: Mawile|move: Protect
|
|-weather|none
|-damage|p2a: Whimsicott|62/100 brn|[from] brn
|upkeep
|turn|6
|
|t:|1783529793
|move|p1a: Sinistcha|Rage Powder|p1a: Sinistcha
|-singleturn|p1a: Sinistcha|move: Rage Powder
|move|p1b: Raichu|Zap Cannon|p2b: Mawile
|-damage|p2b: Mawile|21/100
|-status|p2b: Mawile|par
|move|p2a: Whimsicott|Moonblast|p1a: Sinistcha
|-damage|p1a: Sinistcha|0 fnt
|faint|p1a: Sinistcha
|move|p2b: Mawile|Play Rough|p1b: Raichu
|-damage|p1b: Raichu|0 fnt
|faint|p1b: Raichu
|
|-damage|p2a: Whimsicott|56/100 brn|[from] brn
|upkeep
|
|t:|1783529802
|switch|p1b: Pelipper|Pelipper, L50, M, shiny|14/100
|-weather|RainDance|[from] ability: Drizzle|[of] p1b: Pelipper
|turn|7
|
|t:|1783529811
|move|p2b: Mawile|Sucker Punch|p1b: Pelipper
|-damage|p1b: Pelipper|0 fnt
|faint|p1b: Pelipper
|
|win|gundot
|raw|Drunk express's rating: 1091 → 1074(-17 for losing)
|raw|gundot's rating: 1198 → 1216(+18 for winning)
