|j|☆gtgnimbus
|j|☆Pelosis
|html|gtgnimbusPelosis    
|uhtml|bestof|Game 3 of a best-of-3
|t:|1784138538
|gametype|doubles
|player|p1|gtgnimbus|wallace|1183
|player|p2|Pelosis|101|1179
|gen|9
|tier|[Gen 9 Champions] VGC 2026 Reg M-B (Bo3)
|rated|
|rule|Species Clause: Limit one of each Pokémon
|rule|Item Clause: Limit 1 of each item
|clearpoke
|poke|p1|Incineroar, L50, F|
|poke|p1|Blastoise, L50, F|
|poke|p1|Sinistcha, L50|
|poke|p1|Kingambit, L50, F|
|poke|p1|Delphox, L50, F|
|poke|p1|Sneasler, L50, M|
|poke|p2|Mawile, L50, M|
|poke|p2|Farigiraf, L50, M|
|poke|p2|Incineroar, L50, F|
|poke|p2|Torkoal, L50, F|
|poke|p2|Venusaur, L50, M|
|poke|p2|Scrafty, L50, M|
|teampreview|4
|showteam|p1|Incineroar||SitrusBerry|Intimidate|FlareBlitz,HelpingHand,PartingShot,FakeOut|Careful||F|||50|]Blastoise||Blastoisinite|RainDish|WaterSpout,DarkPulse,ShellSmash,Protect|Modest||F|||50|]Sinistcha||KasibBerry|Hospitality|MatchaGotcha,TrickRoom,RagePowder,Protect|Bold|||||50|]Kingambit||BlackGlasses|Defiant|KowtowCleave,SuckerPunch,SwordsDance,Protect|Adamant||F|||50|]Delphox||Delphoxite|Blaze|HeatWave,Psyshock,NastyPlot,Protect|Modest||F|||50|]Sneasler||FocusSash|PoisonTouch|CloseCombat,PoisonJab,QuickGuard,FakeOut|Jolly||M|||50|
|showteam|p2|Mawile||Mawilite|HyperCutter|Protect,PlayRough,SwordsDance,SuckerPunch|Brave||M|||50|]Farigiraf||SitrusBerry|ArmorTail|TrickRoom,TwinBeam,Thunderbolt,HelpingHand|Quiet||M|||50|]Incineroar||WhiteHerb|Intimidate|FakeOut,CloseCombat,FlareBlitz,DarkestLariat|Brave||F|||50|]Torkoal||Charcoal|Drought|Protect,Eruption,HeatWave,WeatherBall|Quiet||F|||50|]Venusaur||FocusSash|Chlorophyll|SleepPowder,EarthPower,EnergyBall,SludgeBomb|Modest||M|||50|]Scrafty||Scraftinite|Intimidate|FakeOut,CloseCombat,KnockOff,IcePunch|Brave||M|||50|
|inactive|Battle timer is ON: inactive players will automatically lose when time's up. (requested by Pelosis)
|inactive|Pelosis has 60 seconds left.
|
|t:|1784138600
|teamsize|p1|4
|teamsize|p2|4
|start
|switch|p1a: Sneasler|Sneasler, L50, M|100/100
|switch|p1b: Delphox|Delphox, L50, F|100/100
|switch|p2a: Torkoal|Torkoal, L50, F|100/100
|switch|p2b: Venusaur|Venusaur, L50, M|100/100
|-weather|SunnyDay|[from] ability: Drought|[of] p2a: Torkoal
|turn|1
|
|t:|1784138624
|switch|p2a: Farigiraf|Farigiraf, L50, M|100/100
|detailschange|p1b: Delphox|Delphox-Mega, L50, F
|-mega|p1b: Delphox|Delphox|Delphoxite
|move|p2b: Venusaur|Sleep Powder|p1b: Delphox
|-status|p1b: Delphox|slp|[from] move: Sleep Powder
|move|p1a: Sneasler|Poison Jab|p2b: Venusaur
|-damage|p2b: Venusaur|42/100
|cant|p1b: Delphox|slp
|
|-weather|SunnyDay|[upkeep]
|upkeep
|turn|2
|
|t:|1784138647
|move|p2b: Venusaur|Sleep Powder|p1a: Sneasler|[miss]
|-miss|p2b: Venusaur|p1a: Sneasler
|move|p1a: Sneasler|Poison Jab|p2a: Farigiraf
|-damage|p2a: Farigiraf|59/100
|-status|p2a: Farigiraf|psn
|cant|p1b: Delphox|slp
|move|p2a: Farigiraf|Trick Room|p2a: Farigiraf
|-fieldstart|move: Trick Room|[of] p2a: Farigiraf
|
|-weather|SunnyDay|[upkeep]
|-damage|p2a: Farigiraf|46/100 psn|[from] psn
|upkeep
|-enditem|p2a: Farigiraf|Sitrus Berry|[eat]
|-heal|p2a: Farigiraf|71/100 psn|[from] item: Sitrus Berry
|turn|3
|
|t:|1784138664
|switch|p1a: Incineroar|Incineroar, L50, F|100/100
|-ability|p1a: Incineroar|Intimidate|boost
|-unboost|p2a: Farigiraf|atk|1
|-unboost|p2b: Venusaur|atk|1
|switch|p2b: Torkoal|Torkoal, L50, F|100/100
|move|p2a: Farigiraf|Twin Beam|p1a: Incineroar
|-immune|p1a: Incineroar
|-curestatus|p1b: Delphox|slp|[msg]
|move|p1b: Delphox|Heat Wave|p2b: Torkoal|[spread] p2a,p2b
|-resisted|p2b: Torkoal|1
|-damage|p2a: Farigiraf|14/100 psn
|-damage|p2b: Torkoal|63/100
|
|-weather|SunnyDay|[upkeep]
|-damage|p2a: Farigiraf|1/100 psn|[from] psn
|upkeep
|turn|4
|inactive|Pelosis has 30 seconds left.
|
|t:|1784138692
|move|p2a: Farigiraf|Helping Hand|p2b: Torkoal
|-singleturn|p2b: Torkoal|Helping Hand|[of] p2a: Farigiraf
|move|p1b: Delphox|Protect|p1b: Delphox
|-singleturn|p1b: Delphox|Protect
|move|p2b: Torkoal|Eruption|p1b: Delphox|[spread] p1a
|-activate|p1b: Delphox|move: Protect
|-resisted|p1a: Incineroar|1
|-damage|p1a: Incineroar|68/100
|move|p1a: Incineroar|Parting Shot|p2b: Torkoal
|-unboost|p2b: Torkoal|atk|1
|-unboost|p2b: Torkoal|spa|1
|
|t:|1784138702
|switch|p1a: Sneasler|Sneasler, L50, M|100/100|[from] Parting Shot
|
|-weather|SunnyDay|[upkeep]
|-damage|p2a: Farigiraf|0 fnt|[from] psn
|faint|p2a: Farigiraf
|upkeep
|
|t:|1784138712
|switch|p2a: Mawile|Mawile, L50, M|100/100
|turn|5
|
|t:|1784138731
|switch|p2b: Venusaur|Venusaur, L50, M|42/100
|detailschange|p2a: Mawile|Mawile-Mega, L50, M
|-mega|p2a: Mawile|Mawile|Mawilite
|move|p1a: Sneasler|Fake Out|p2a: Mawile
|-resisted|p2a: Mawile|1
|-damage|p2a: Mawile|93/100
|cant|p2a: Mawile|flinch
|move|p1b: Delphox|Heat Wave|p2a: Mawile|[spread] p2a,p2b
|-supereffective|p2a: Mawile|1
|-supereffective|p2b: Venusaur|1
|-damage|p2a: Mawile|0 fnt
|-damage|p2b: Venusaur|0 fnt
|faint|p2a: Mawile
|faint|p2b: Venusaur
|
|-weather|none
|upkeep
|c|☆gtgnimbus|biff
|c|☆gtgnimbus|master class
|
|t:|1784138746
|switch|p2b: Torkoal|Torkoal, L50, F|63/100
|-weather|SunnyDay|[from] ability: Drought|[of] p2b: Torkoal
|turn|6
|c|☆Pelosis|q te calle payaso
|c|☆gtgnimbus|Jajaja
|c|☆gtgnimbus|que malo eres
|
|t:|1784138760
|switch|p1a: Incineroar|Incineroar, L50, F|68/100
|-ability|p1a: Incineroar|Intimidate|boost
|-unboost|p2b: Torkoal|atk|1
|move|p1b: Delphox|Protect|p1b: Delphox
|-singleturn|p1b: Delphox|Protect
|move|p2b: Torkoal|Heat Wave|p1a: Incineroar|[spread] p1a
|-activate|p1b: Delphox|move: Protect
|-resisted|p1a: Incineroar|1
|-damage|p1a: Incineroar|46/100
|-enditem|p1a: Incineroar|Sitrus Berry|[eat]
|-heal|p1a: Incineroar|70/100|[from] item: Sitrus Berry
|
|-weather|SunnyDay|[upkeep]
|-fieldend|move: Trick Room
|upkeep
|turn|7
|c|☆Pelosis|que te jodan desgraciao
|c|☆gtgnimbus|jajaja
|
|t:|1784138773
|move|p1a: Incineroar|Fake Out|p2b: Torkoal
|-damage|p2b: Torkoal|55/100
|move|p1b: Delphox|Nasty Plot|p1b: Delphox
|-boost|p1b: Delphox|spa|2
|cant|p2b: Torkoal|flinch
|
|-weather|SunnyDay|[upkeep]
|upkeep
|turn|8
|c|☆gtgnimbus|llora mas
|c|☆Pelosis|baja los humos
|c|☆Pelosis|pringao
|
|t:|1784138786
|move|p1a: Incineroar|Helping Hand|p1b: Delphox
|-singleturn|p1b: Delphox|Helping Hand|[of] p1a: Incineroar
|move|p1b: Delphox|Psyshock|p2b: Torkoal
|-damage|p2b: Torkoal|0 fnt
|faint|p2b: Torkoal
|
|win|gtgnimbus
|raw|gtgnimbus's rating: 1183 → 1208(+25 for winning)
|raw|Pelosis's rating: 1179 → 1154(-25 for losing)
|c|☆gtgnimbus|me encanta
|c|☆gtgnimbus|como lloras
|c|☆gtgnimbus|1180
|c|☆gtgnimbus|aprende a jugar
|c|☆Pelosis|pa eso estoy aqui
|c|☆Pelosis|tonto
|c|☆gtgnimbus|jajaja
|c|☆Pelosis|a un par de guantazos en la calle ya veriamos quien gana
|c|☆Pelosis|XD
|c|☆Pelosis|q seguro q ers un pajero
|c|☆gtgnimbus|jajaja
|c|☆gtgnimbus|ya te gustaria
|c|☆Pelosis|te destruyo de una
|c|☆Pelosis|jajaja
|c|☆Pelosis|venga tio gg XDD
