|j|☆Ribombees believer
|j|☆Mirokart 8 Deluxe
|html|Ribombees believerMirokart 8 Deluxe    
|uhtml|bestof|Game 1 of a best-of-3
|t:|1757690721
|gametype|doubles
|player|p1|Ribombees believer|skier|1477
|player|p2|Mirokart 8 Deluxe|169|1429
|gen|9
|tier|[Gen 9] VGC 2025 Reg H (Bo3)
|rated|
|rule|Species Clause: Limit one of each Pokémon
|rule|Item Clause: Limit 1 of each item
|clearpoke
|poke|p1|Dondozo, L50, F|
|poke|p1|Tatsugiri, L50, M|
|poke|p1|Indeedee, L50, M|
|poke|p1|Dragapult, L50, F|
|poke|p1|Ribombee, L50, M|
|poke|p1|Gholdengo, L50|
|poke|p2|Rillaboom, L50, M|
|poke|p2|Kingambit, L50, M|
|poke|p2|Dragapult, L50, M|
|poke|p2|Sneasler, L50, F|
|poke|p2|Primarina, L50, F|
|poke|p2|Electabuzz, L50, F|
|teampreview|4
|showteam|p1|Dondozo||Leftovers|Unaware|WaveCrash,Earthquake,OrderUp,Protect|||F|||50|,,,,,Grass]Tatsugiri||ChoiceScarf|Commander|MuddyWater,DracoMeteor,DragonPulse,TeraBlast|||M|||50|,,,,,Fairy]Indeedee||FocusSash|PsychicSurge|ExpandingForce,TeraBlast,HyperVoice,Protect|||M|||50|,,,,,Fighting]Dragapult||ChoiceBand|ClearBody|DragonDarts,Outrage,PhantomForce,Uturn|||F|||50|,,,,,Dragon]Ribombee||ChoiceSpecs|ShieldDust|Moonblast,PollenPuff,DazzlingGleam,TeraBlast|||M|||50|,,,,,Ground]Gholdengo||LifeOrb|GoodasGold|MakeItRain,ShadowBall,Thunderbolt,Protect||||||50|,,,,,Water
|showteam|p2|Rillaboom||AssaultVest|GrassySurge|FakeOut,GrassyGlide,WoodHammer,HighHorsepower|||M|||50|,,,,,Fire]Kingambit||SafetyGoggles|Defiant|KowtowCleave,SuckerPunch,SwordsDance,Protect|||M|||50|,,,,,Ghost]Dragapult||ChoiceBand|ClearBody|DragonDarts,Outrage,Uturn,PhantomForce|||M|||50|,,,,,Dragon]Sneasler||FocusSash|Unburden|DireClaw,CloseCombat,FakeOut,Protect|||F|||50|,,,,,Stellar]Primarina||ThroatSpray|LiquidVoice|HyperVoice,Moonblast,Haze,Protect|||F|||50|,,,,,Poison]Electabuzz||Eviolite|VitalSpirit|FollowMe,Taunt,Electroweb,Protect|||F|||50|,,,,,Fairy
|inactive|Battle timer is ON: inactive players will automatically lose when time's up. (requested by Ribombees believer)
|inactive|Mirokart 8 Deluxe has 60 seconds left.
|
|t:|1757690763
|teamsize|p1|4
|teamsize|p2|4
|start
|switch|p1a: ilaunchmybro|Dragapult, L50, F|100/100
|switch|p1b: Main Character|Ribombee, L50, M|100/100
|switch|p2a: Dragapult|Dragapult, L50, M|100/100
|switch|p2b: Sneasler|Sneasler, L50, F|100/100
|turn|1
|inactive|Ribombees believer has 30 seconds left.
|
|t:|1757690791
|switch|p1a: Big Back|Dondozo, L50, F|100/100
|move|p2a: Dragapult|Dragon Darts|p1a: Big Back
|-damage|p1a: Big Back|74/100
|-anim|p2a: Dragapult|Dragon Darts|p1a: Big Back
|-damage|p1a: Big Back|47/100
|move|p1b: Main Character|Dazzling Gleam|p2a: Dragapult|[spread] p2a,p2b
|-supereffective|p2a: Dragapult
|-damage|p2a: Dragapult|0 fnt
|-damage|p2b: Sneasler|52/100
|faint|p2a: Dragapult
|move|p2b: Sneasler|Dire Claw|p1b: Main Character
|-supereffective|p1b: Main Character
|-damage|p1b: Main Character|0 fnt
|faint|p1b: Main Character
|
|-heal|p1a: Big Back|53/100|[from] item: Leftovers
|upkeep
|
|t:|1757690811
|switch|p2a: Primarina|Primarina, L50, F|100/100
|switch|p1b: ilaunchmybro|Dragapult, L50, F|100/100
|turn|2
|
|t:|1757690831
|move|p2b: Sneasler|Protect|p2b: Sneasler
|-singleturn|p2b: Sneasler|Protect
|move|p2a: Primarina|Protect|p2a: Primarina
|-singleturn|p2a: Primarina|Protect
|move|p1b: ilaunchmybro|U-turn|p2a: Primarina
|-activate|p2a: Primarina|move: Protect
|move|p1a: Big Back|Earthquake|p2b: Sneasler|[spread] p1b
|-activate|p2a: Primarina|move: Protect
|-activate|p2b: Sneasler|move: Protect
|-damage|p1b: ilaunchmybro|71/100
|
|-heal|p1a: Big Back|59/100|[from] item: Leftovers
|upkeep
|turn|3
|
|t:|1757690855
|switch|p2b: Rillaboom|Rillaboom, L50, M|100/100
|-fieldstart|move: Grassy Terrain|[from] ability: Grassy Surge|[of] p2b: Rillaboom
|move|p1b: ilaunchmybro|U-turn|p2a: Primarina
|-resisted|p2a: Primarina
|-damage|p2a: Primarina|78/100
|
|t:|1757690863
|switch|p1b: Alaskan Roll|Tatsugiri, L50, M|100/100|[from] U-turn
|-activate|p1b: Alaskan Roll|ability: Commander|[of] p1a: Big Back
|-boost|p1a: Big Back|atk|2
|-boost|p1a: Big Back|spa|2
|-boost|p1a: Big Back|spe|2
|-boost|p1a: Big Back|def|2
|-boost|p1a: Big Back|spd|2
|move|p1a: Big Back|Wave Crash|p2a: Primarina
|-resisted|p2a: Primarina
|-damage|p2a: Primarina|25/100
|-damage|p1a: Big Back|45/100|[from] Recoil
|move|p2a: Primarina|Haze|p2a: Primarina
|-clearallboost
|
|-heal|p1a: Big Back|51/100|[from] Grassy Terrain
|-heal|p1a: Big Back|57/100|[from] item: Leftovers
|-heal|p2a: Primarina|31/100|[from] Grassy Terrain
|upkeep
|turn|4
|inactive|Ribombees believer has 30 seconds left.
|inactive|Ribombees believer has 20 seconds left.
|
|t:|1757690902
|-terastallize|p1a: Big Back|Grass
|move|p2b: Rillaboom|Fake Out|p1a: Big Back
|-damage|p1a: Big Back|47/100
|cant|p1a: Big Back|flinch
|move|p2a: Primarina|Hyper Voice|p1a: Big Back|[spread] p1a
|-miss|p2a: Primarina|p1b: Alaskan Roll
|-resisted|p1a: Big Back
|-damage|p1a: Big Back|27/100
|-enditem|p2a: Primarina|Throat Spray
|-boost|p2a: Primarina|spa|1|[from] item: Throat Spray
|
|-heal|p1a: Big Back|33/100|[from] Grassy Terrain
|-heal|p1a: Big Back|39/100|[from] item: Leftovers
|-heal|p2a: Primarina|37/100|[from] Grassy Terrain
|upkeep
|turn|5
|
|t:|1757690915
|move|p2a: Primarina|Protect|p2a: Primarina
|-singleturn|p2a: Primarina|Protect
|move|p2b: Rillaboom|Wood Hammer|p1a: Big Back
|-resisted|p1a: Big Back
|-damage|p1a: Big Back|13/100
|-damage|p2b: Rillaboom|91/100|[from] Recoil
|move|p1a: Big Back|Wave Crash|p2a: Primarina
|-activate|p2a: Primarina|move: Protect
|
|-heal|p2b: Rillaboom|97/100|[from] Grassy Terrain
|-heal|p1a: Big Back|19/100|[from] Grassy Terrain
|-heal|p1a: Big Back|25/100|[from] item: Leftovers
|-heal|p2a: Primarina|43/100|[from] Grassy Terrain
|upkeep
|turn|6
|
|t:|1757690925
|move|p2b: Rillaboom|Wood Hammer|p1a: Big Back
|-resisted|p1a: Big Back
|-damage|p1a: Big Back|0 fnt
|faint|p1a: Big Back
|-damage|p2b: Rillaboom|87/100|[from] Recoil
|move|p2a: Primarina|Moonblast|p1b: Alaskan Roll
|-supereffective|p1b: Alaskan Roll
|-damage|p1b: Alaskan Roll|0 fnt
|faint|p1b: Alaskan Roll
|
|-heal|p2b: Rillaboom|93/100|[from] Grassy Terrain
|-heal|p2a: Primarina|49/100|[from] Grassy Terrain
|upkeep
|-message|Ribombees believer forfeited.
|
|win|Mirokart 8 Deluxe
||Mirokart 8 Deluxe is ready for game 2.
|inactive|Ribombees believer has 30 seconds to confirm battle start!
||Ribombees believer is ready for game 2.
|uhtml|next|Next: Game 2 of 3
