|j|☆Jadedragon61
|j|☆snvyy
|html|Jadedragon61snvyy    
|uhtml|bestof|Game 1 of a best-of-3
|t:|1756678290
|gametype|doubles
|player|p1|Jadedragon61|beni-ninja|1092
|player|p2|snvyy|caitlin|1016
|gen|9
|tier|[Gen 9] VGC 2025 Reg H (Bo3)
|rated|
|rule|Species Clause: Limit one of each Pokémon
|rule|Item Clause: Limit 1 of each item
|clearpoke
|poke|p1|Basculegion, L50, M|
|poke|p1|Garchomp, L50, M|
|poke|p1|Archaludon, L50, M|
|poke|p1|Pelipper, L50, F|
|poke|p1|Amoonguss, L50, F|
|poke|p1|Incineroar, L50, M|
|poke|p2|Serperior, L50, M|
|poke|p2|Ceruledge, L50, M|
|poke|p2|Sneasler, L50, F|
|poke|p2|Indeedee-F, L50, F|
|poke|p2|Ursaluna-Bloodmoon, L50, M|
|poke|p2|Hydreigon, L50, M|
|teampreview|4
|showteam|p1|Basculegion||ChoiceBand|SwiftSwim|WaveCrash,LastRespects,AquaJet,FlipTurn|||M|||50|,,,,,Water]Garchomp||ClearAmulet|RoughSkin|Earthquake,StompingTantrum,DragonClaw,Protect|||M|||50|,,,,,Fire]Archaludon||AssaultVest|Stamina|FlashCannon,DragonPulse,ElectroShot,BodyPress|||M|||50|,,,,,Grass]Pelipper||FocusSash|Drizzle|Hurricane,WeatherBall,Tailwind,Protect|||F|||50|,,,,,Ghost]Amoonguss||CovertCloak|Regenerator|RagePowder,PollenPuff,Spore,Protect|||F|||50|,,,,,Water]Incineroar||SafetyGoggles|Intimidate|FakeOut,KnockOff,Taunt,PartingShot|||M|||50|,,,,,Ghost
|showteam|p2|Serperior||LightClay|Contrary|LeafStorm,LightScreen,Reflect,Glare|||M|||50|,,,,,Water]Ceruledge||ClearAmulet|FlashFire|BulkUp,BitterBlade,Poltergeist,Protect|||M|||50|,,,,,Dark]Sneasler||PsychicSeed|Unburden|CloseCombat,DireClaw,ThroatChop,SwordsDance|||F|||50|,,,,,Dark]Indeedee-F||SitrusBerry|PsychicSurge|FollowMe,Protect,HelpingHand,Psychic|||F|||50|,,,,,Grass]Ursaluna-Bloodmoon||AssaultVest|MindsEye|BloodMoon,HyperVoice,EarthPower,VacuumWave|||M|||50|,,,,,Ghost]Hydreigon||ScopeLens|Levitate|FocusEnergy,DracoMeteor,Protect,DarkPulse|||M|||50|,,,,,Steel
|inactive|Battle timer is ON: inactive players will automatically lose when time's up. (requested by Jadedragon61)
|inactive|snvyy also wants the timer to be on.
|inactive|Jadedragon61 has 60 seconds left.
|
|t:|1756678337
|teamsize|p1|4
|teamsize|p2|4
|start
|switch|p1a: Arf|Garchomp, L50, M, shiny|100/100
|switch|p1b: Toilet|Pelipper, L50, F, shiny|100/100
|switch|p2a: Serperior|Serperior, L50, M, shiny|100/100
|switch|p2b: Ceruledge|Ceruledge, L50, M|100/100
|-weather|RainDance|[from] ability: Drizzle|[of] p1b: Toilet
|turn|1
|
|t:|1756678358
|-terastallize|p2b: Ceruledge|Dark
|move|p2a: Serperior|Reflect|p2a: Serperior
|-sidestart|p2: snvyy|Reflect
|move|p1a: Arf|Earthquake|p2b: Ceruledge|[spread] p2a,p2b
|-immune|p1b: Toilet
|-resisted|p2a: Serperior
|-damage|p2a: Serperior|85/100
|-damage|p2b: Ceruledge|70/100
|move|p1b: Toilet|Hurricane|p2a: Serperior
|-supereffective|p2a: Serperior
|-damage|p2a: Serperior|0 fnt
|faint|p2a: Serperior
|move|p2b: Ceruledge|Bulk Up|p2b: Ceruledge
|-boost|p2b: Ceruledge|atk|1
|-boost|p2b: Ceruledge|def|1
|
|-weather|RainDance|[upkeep]
|upkeep
|
|t:|1756678375
|switch|p2a: Indeedee|Indeedee-F, L50, F|100/100
|-fieldstart|move: Psychic Terrain|[from] ability: Psychic Surge|[of] p2a: Indeedee
|turn|2
|
|t:|1756678385
|move|p2a: Indeedee|Follow Me|p2a: Indeedee
|-singleturn|p2a: Indeedee|move: Follow Me
|move|p1a: Arf|Earthquake|p2a: Indeedee|[spread] p2a,p2b
|-immune|p1b: Toilet
|-damage|p2a: Indeedee|68/100
|-damage|p2b: Ceruledge|47/100
|move|p1b: Toilet|Tailwind|p1b: Toilet
|-sidestart|p1: Jadedragon61|move: Tailwind
|move|p2b: Ceruledge|Poltergeist|p1a: Arf
|-activate|p1a: Arf|move: Poltergeist|Clear Amulet
|-damage|p1a: Arf|20/100
|
|-weather|RainDance|[upkeep]
|upkeep
|turn|3
|
|t:|1756678404
|move|p2b: Ceruledge|Protect|p2b: Ceruledge
|-singleturn|p2b: Ceruledge|Protect
|move|p1a: Arf|Earthquake|p2a: Indeedee|[spread] p2a
|-activate|p2b: Ceruledge|move: Protect
|-immune|p1b: Toilet
|-damage|p2a: Indeedee|33/100
|-enditem|p2a: Indeedee|Sitrus Berry|[eat]
|-heal|p2a: Indeedee|58/100|[from] item: Sitrus Berry
|move|p1b: Toilet|Weather Ball|p2b: Ceruledge
|-activate|p2b: Ceruledge|move: Protect
|move|p2a: Indeedee|Psychic|p1a: Arf
|-damage|p1a: Arf|0 fnt
|faint|p1a: Arf
|
|-weather|RainDance|[upkeep]
|upkeep
|
|t:|1756678410
|switch|p1a: Bridge|Archaludon, L50, M, shiny|100/100
|turn|4
|
|t:|1756678428
|move|p2a: Indeedee|Follow Me|p2a: Indeedee
|-singleturn|p2a: Indeedee|move: Follow Me
|move|p1b: Toilet|Weather Ball|p2a: Indeedee
|-damage|p2a: Indeedee|4/100
|move|p1a: Bridge|Electro Shot||[still]
|-prepare|p1a: Bridge|Electro Shot
|-boost|p1a: Bridge|spa|1
|-anim|p1a: Bridge|Electro Shot|p2a: Indeedee
|-damage|p2a: Indeedee|0 fnt
|faint|p2a: Indeedee
|move|p2b: Ceruledge|Bitter Blade|p1a: Bridge
|-crit|p1a: Bridge
|-damage|p1a: Bridge|61/100
|-heal|p2b: Ceruledge|69/100|[from] drain|[of] p1a: Bridge
|-ability|p1a: Bridge|Stamina|boost
|-boost|p1a: Bridge|def|1
|
|-weather|RainDance|[upkeep]
|upkeep
|
|t:|1756678447
|switch|p2a: Sneasler|Sneasler, L50, F|100/100
|-enditem|p2a: Sneasler|Psychic Seed
|-boost|p2a: Sneasler|spd|1|[from] item: Psychic Seed
|turn|5
|inactive|Jadedragon61 has 30 seconds left.
|
|t:|1756678480
|switch|p1b: Hazel|Incineroar, L50, M, shiny|100/100
|-ability|p1b: Hazel|Intimidate|boost
|-unboost|p2a: Sneasler|atk|1
|-fail|p2b: Ceruledge|unboost|[from] item: Clear Amulet|[of] p2b: Ceruledge
|-terastallize|p1a: Bridge|Grass
|move|p2b: Ceruledge|Protect|p2b: Ceruledge
|-singleturn|p2b: Ceruledge|Protect
|move|p2a: Sneasler|Close Combat|p1a: Bridge
|-damage|p1a: Bridge|37/100
|-unboost|p2a: Sneasler|def|1
|-unboost|p2a: Sneasler|spd|1
|-ability|p1a: Bridge|Stamina|boost
|-boost|p1a: Bridge|def|1
|move|p1a: Bridge|Electro Shot||[still]
|-prepare|p1a: Bridge|Electro Shot
|-boost|p1a: Bridge|spa|1
|-anim|p1a: Bridge|Electro Shot|p2a: Sneasler
|-damage|p2a: Sneasler|0 fnt
|faint|p2a: Sneasler
|
|-weather|none
|-sideend|p1: Jadedragon61|move: Tailwind
|upkeep
|turn|6
|inactive|Jadedragon61 has 30 seconds left.
|inactive|snvyy has 30 seconds left.
|inactive|Jadedragon61 has 20 seconds left.
|
|t:|1756678520
|move|p1b: Hazel|Taunt|p2b: Ceruledge
|-start|p2b: Ceruledge|move: Taunt
|move|p1a: Bridge|Electro Shot||[still]
|-prepare|p1a: Bridge|Electro Shot
|-boost|p1a: Bridge|spa|1
|move|p2b: Ceruledge|Bitter Blade|p1a: Bridge
|-supereffective|p1a: Bridge
|-damage|p1a: Bridge|0 fnt
|-heal|p2b: Ceruledge|88/100|[from] drain|[of] p1a: Bridge
|faint|p1a: Bridge
|
|-fieldend|move: Psychic Terrain
|upkeep
|
|t:|1756678529
|switch|p1a: Toilet|Pelipper, L50, F, shiny|100/100
|-weather|RainDance|[from] ability: Drizzle|[of] p1a: Toilet
|turn|7
|
|t:|1756678538
|move|p1a: Toilet|Weather Ball|p2b: Ceruledge
|-damage|p2b: Ceruledge|30/100
|move|p1b: Hazel|Knock Off|p2b: Ceruledge
|-resisted|p2b: Ceruledge
|-damage|p2b: Ceruledge|21/100
|-enditem|p2b: Ceruledge|Clear Amulet|[from] move: Knock Off|[of] p1b: Hazel
|move|p2b: Ceruledge|Poltergeist|p1a: Toilet
|-activate|p1a: Toilet|move: Poltergeist|Focus Sash
|-enditem|p1a: Toilet|Focus Sash
|-damage|p1a: Toilet|1/100
|
|-weather|RainDance|[upkeep]
|upkeep
|turn|8
|
|t:|1756678556
|move|p1a: Toilet|Weather Ball|p2b: Ceruledge
|-damage|p2b: Ceruledge|0 fnt
|faint|p2b: Ceruledge
|
|win|Jadedragon61
