|j|☆dondozo ate my son
|j|☆Pyos
|html|dondozo ate my sonPyos    
|uhtml|bestof|Game 1 of a best-of-3
|t:|1784928851
|gametype|doubles
|player|p1|dondozo ate my son|2|
|player|p2|Pyos|tulip|
|gen|9
|tier|[Gen 9 Champions] VGC 2026 Reg M-B (Bo3)
|rule|Species Clause: Limit one of each Pokémon
|rule|Item Clause: Limit 1 of each item
|clearpoke
|poke|p1|Gengar, L50, F|
|poke|p1|Swampert, L50, F|
|poke|p1|Incineroar, L50, F|
|poke|p1|Politoed, L50, F|
|poke|p1|Archaludon, L50, M|
|poke|p1|Vivillon, L50, F|
|poke|p2|Grimmsnarl, L50, M|
|poke|p2|Politoed, L50, F|
|poke|p2|Archaludon, L50, F|
|poke|p2|Venusaur, L50, F|
|poke|p2|Sneasler, L50, F|
|poke|p2|Basculegion, L50, M|
|teampreview|4
|showteam|p1|Gengar||Gengarite|CursedBody|ShadowBall,PerishSong,SludgeBomb,Protect|Timid||F|||50|]Swampert||Swampertite|Torrent|WaveCrash,Earthquake,IcePunch,Protect|Adamant||F|||50|]Incineroar||PasshoBerry|Intimidate|ThroatChop,PartingShot,FakeOut,Protect|Sassy||F|||50|]Politoed||SitrusBerry|Drizzle|WeatherBall,PerishSong,Encore,Protect|Calm||F|||50|]Archaludon||Leftovers|Stamina|DragonPulse,FlashCannon,ElectroShot,Protect|Bold||M|||50|]Vivillon||FocusSash|CompoundEyes|Hurricane,SleepPowder,RagePowder,Protect|Timid||F|||50|
|showteam|p2|Grimmsnarl||LightClay|Prankster|FoulPlay,Reflect,LightScreen,PartingShot|Careful||M|||50|]Politoed||SitrusBerry|Drizzle|WeatherBall,IceBeam,Encore,Protect|Calm||F|||50|]Archaludon||Leftovers|Stamina|ElectroShot,DragonPulse,FlashCannon,Protect|Modest||F|||50|]Venusaur||Venusaurite|Chlorophyll|GigaDrain,SludgeBomb,EarthPower,Protect|Modest||F|||50|]Sneasler||FocusSash|Unburden|CloseCombat,DireClaw,FakeOut,Protect|Jolly||F|||50|]Basculegion||ChoiceScarf|Adaptability|WaveCrash,LastRespects,AquaJet,FlipTurn|Jolly||M|||50|
|
|t:|1784928919
|teamsize|p1|4
|teamsize|p2|4
|start
|switch|p1a: Vivillon|Vivillon, L50, F|100/100
|switch|p1b: Big Pert|Swampert, L50, F|100/100
|switch|p2a: Grimmsnarl|Grimmsnarl, L50, M|100/100
|switch|p2b: Politoed|Politoed, L50, F|100/100
|-weather|RainDance|[from] ability: Drizzle|[of] p2b: Politoed
|turn|1
|
|t:|1784928951
|detailschange|p1b: Big Pert|Swampert-Mega, L50, F
|-mega|p1b: Big Pert|Swampert|Swampertite
|move|p2b: Politoed|Protect|p2b: Politoed
|-singleturn|p2b: Politoed|Protect
|move|p2a: Grimmsnarl|Reflect|p2a: Grimmsnarl
|-sidestart|p2: Pyos|Reflect
|move|p1b: Big Pert|Wave Crash|p2a: Grimmsnarl
|-damage|p2a: Grimmsnarl|9/100
|-damage|p1b: Big Pert|67/100|[from] Recoil
|move|p1a: Vivillon|Sleep Powder|p2b: Politoed
|-activate|p2b: Politoed|move: Protect
|
|-weather|RainDance|[upkeep]
|upkeep
|turn|2
|
|t:|1784928969
|move|p2a: Grimmsnarl|Parting Shot|p1b: Big Pert
|-unboost|p1b: Big Pert|atk|1
|-unboost|p1b: Big Pert|spa|1
|
|t:|1784928973
|switch|p2a: Archaludon|Archaludon, L50, F|100/100|[from] Parting Shot
|move|p1b: Big Pert|Earthquake|p2a: Archaludon|[spread] p2a,p2b
|-immune|p1a: Vivillon
|-supereffective|p2a: Archaludon|1
|-damage|p2a: Archaludon|67/100
|-damage|p2b: Politoed|79/100
|-ability|p2a: Archaludon|Stamina|boost
|-boost|p2a: Archaludon|def|1
|move|p1a: Vivillon|Hurricane|p2b: Politoed
|-damage|p2b: Politoed|41/100
|-enditem|p2b: Politoed|Sitrus Berry|[eat]
|-heal|p2b: Politoed|66/100|[from] item: Sitrus Berry
|move|p2b: Politoed|Weather Ball|p1a: Vivillon
|-crit|p1a: Vivillon
|-enditem|p1a: Vivillon|Focus Sash
|-damage|p1a: Vivillon|1/100
|
|-weather|RainDance|[upkeep]
|-heal|p2a: Archaludon|73/100|[from] item: Leftovers
|upkeep
|turn|3
|
|t:|1784929010
|move|p1b: Big Pert|Earthquake|p2b: Politoed|[spread] p2a,p2b
|-immune|p1a: Vivillon
|-supereffective|p2a: Archaludon|1
|-damage|p2a: Archaludon|52/100
|-damage|p2b: Politoed|45/100
|-ability|p2a: Archaludon|Stamina|boost
|-boost|p2a: Archaludon|def|1
|move|p1a: Vivillon|Sleep Powder|p2a: Archaludon
|-status|p2a: Archaludon|slp|[from] move: Sleep Powder
|cant|p2a: Archaludon|slp
|move|p2b: Politoed|Weather Ball|p1b: Big Pert
|-damage|p1b: Big Pert|25/100
|
|-weather|RainDance|[upkeep]
|-heal|p2a: Archaludon|58/100 slp|[from] item: Leftovers
|upkeep
|turn|4
|
|t:|1784929053
|switch|p1b: Archaludon|Archaludon, L50, M|100/100
|move|p1a: Vivillon|Sleep Powder|p2b: Politoed
|-status|p2b: Politoed|slp|[from] move: Sleep Powder
|cant|p2a: Archaludon|slp
|cant|p2b: Politoed|slp
|
|-weather|RainDance|[upkeep]
|-heal|p2a: Archaludon|65/100 slp|[from] item: Leftovers
|upkeep
|turn|5
|
|t:|1784929065
|-curestatus|p2a: Archaludon|slp|[msg]
|move|p2a: Archaludon|Protect|p2a: Archaludon
|-singleturn|p2a: Archaludon|Protect
|move|p1a: Vivillon|Hurricane|p2b: Politoed
|-damage|p2b: Politoed|10/100 slp
|move|p1b: Archaludon|Electro Shot||[still]
|-prepare|p1b: Archaludon|Electro Shot
|-boost|p1b: Archaludon|spa|1
|-anim|p1b: Archaludon|Electro Shot|p2b: Politoed
|-supereffective|p2b: Politoed|1
|-damage|p2b: Politoed|0 fnt
|faint|p2b: Politoed
|
|-weather|none
|-heal|p2a: Archaludon|71/100|[from] item: Leftovers
|upkeep
|
|t:|1784929077
|switch|p2b: Grimmsnarl|Grimmsnarl, L50, M|9/100
|turn|6
|
|t:|1784929100
|move|p2b: Grimmsnarl|Parting Shot|p1b: Archaludon
|-unboost|p1b: Archaludon|atk|1
|-unboost|p1b: Archaludon|spa|1
|
|t:|1784929103
|switch|p2b: Basculegion|Basculegion, L50, M|100/100|[from] Parting Shot
|move|p1a: Vivillon|Sleep Powder|p2a: Archaludon
|-status|p2a: Archaludon|slp|[from] move: Sleep Powder
|cant|p2a: Archaludon|slp
|move|p1b: Archaludon|Flash Cannon|p2b: Basculegion
|-resisted|p2b: Basculegion|1
|-damage|p2b: Basculegion|80/100
|
|-heal|p2a: Archaludon|77/100 slp|[from] item: Leftovers
|upkeep
|turn|7
|
|t:|1784929136
|switch|p1a: Politoed|Politoed, L50, F|100/100
|-weather|RainDance|[from] ability: Drizzle|[of] p1a: Politoed
|move|p2b: Basculegion|Flip Turn|p2a: Archaludon
|-resisted|p2a: Archaludon|1
|-damage|p2a: Archaludon|70/100 slp
|-ability|p2a: Archaludon|Stamina|boost
|-boost|p2a: Archaludon|def|1
|
|t:|1784929144
|switch|p2b: Grimmsnarl|Grimmsnarl, L50, M|9/100|[from] Flip Turn
|cant|p2a: Archaludon|slp
|move|p1b: Archaludon|Electro Shot||[still]
|-prepare|p1b: Archaludon|Electro Shot
|-boost|p1b: Archaludon|spa|1
|-anim|p1b: Archaludon|Electro Shot|p2b: Grimmsnarl
|-damage|p2b: Grimmsnarl|0 fnt
|faint|p2b: Grimmsnarl
|
|-weather|RainDance|[upkeep]
|-heal|p2a: Archaludon|76/100 slp|[from] item: Leftovers
|upkeep
|
|t:|1784929156
|switch|p2b: Basculegion|Basculegion, L50, M|80/100
|turn|8
|
|t:|1784929165
|move|p2b: Basculegion|Last Respects|p1b: Archaludon
|-damage|p1b: Archaludon|37/100
|-ability|p1b: Archaludon|Stamina|boost
|-boost|p1b: Archaludon|def|1
|-curestatus|p2a: Archaludon|slp|[msg]
|move|p2a: Archaludon|Dragon Pulse|p1b: Archaludon
|-damage|p1b: Archaludon|0 fnt
|faint|p1b: Archaludon
|move|p1a: Politoed|Perish Song|p1a: Politoed
|-start|p1a: Politoed|perish3|[silent]
|-start|p2a: Archaludon|perish3|[silent]
|-start|p2b: Basculegion|perish3|[silent]
|-fieldactivate|move: Perish Song
|
|-weather|RainDance|[upkeep]
|-heal|p2a: Archaludon|82/100|[from] item: Leftovers
|-start|p2b: Basculegion|perish3
|-start|p2a: Archaludon|perish3
|-start|p1a: Politoed|perish3
|-sideend|p2: Pyos|Reflect
|upkeep
|
|t:|1784929176
|switch|p1b: Vivillon|Vivillon, L50, F|1/100
|turn|9
|-message|Pyos forfeited.
|
|win|dondozo ate my son
||Pyos is ready for game 2.
||dondozo ate my son is ready for game 2.
|uhtml|next|Next: Game 2 of 3
|l|☆dondozo ate my son
|player|p1|
