|j|☆lalalaing
|j|☆natsukivgc
|html|lalalaingnatsukivgc    
|uhtml|bestof|Game 1 of a best-of-3
|t:|1785889223
|gametype|doubles
|player|p1|lalalaing|chili|1368
|player|p2|natsukivgc|1|1245
|gen|9
|tier|[Gen 9 Champions] VGC 2026 Reg M-B (Bo3)
|rated|
|rule|Species Clause: Limit one of each Pokémon
|rule|Item Clause: Limit 1 of each item
|clearpoke
|poke|p1|Gengar, L50, M|
|poke|p1|Swampert, L50, F|
|poke|p1|Archaludon, L50, F|
|poke|p1|Politoed, L50, F|
|poke|p1|Vivillon-Marine, L50, M|
|poke|p1|Incineroar, L50, F|
|poke|p2|Garchomp, L50, M|
|poke|p2|Venusaur, L50, F|
|poke|p2|Incineroar, L50, F|
|poke|p2|Charizard, L50, F|
|poke|p2|Toxapex, L50, M|
|poke|p2|Annihilape, L50, F|
|teampreview|4
|showteam|p1|Gengar||Gengarite|CursedBody|ShadowBall,PerishSong,Disable,Protect|Modest||M|||50|]Swampert||Swampertite|Torrent|WaveCrash,Earthquake,IcePunch,Protect|Adamant||F|||50|]Archaludon||Leftovers|Stamina|FlashCannon,DragonPulse,ElectroShot,Protect|Modest||F|||50|]Politoed||SitrusBerry|Drizzle|WeatherBall,Encore,PerishSong,Protect|Calm||F|||50|]Vivillon-Marine||FocusSash|CompoundEyes|Hurricane,SleepPowder,RagePowder,Protect|Timid||M|||50|]Incineroar||ChopleBerry|Intimidate|DarkestLariat,FakeOut,PartingShot,Protect|Impish||F|||50|
|showteam|p2|Garchomp||ChoiceScarf|RoughSkin|Earthquake,DragonClaw,StompingTantrum,RockSlide|Adamant||M|||50|]Venusaur||LifeOrb|Chlorophyll|SolarBeam,SludgeBomb,EarthPower,Protect|Modest||F|||50|]Incineroar||SitrusBerry|Intimidate|FlareBlitz,ThroatChop,FakeOut,PartingShot|Impish||F|||50|]Charizard||CharizarditeY|Blaze|HeatWave,WeatherBall,HelpingHand,Protect|Modest||F|||50|]Toxapex||Leftovers|Regenerator|Infestation,Toxic,WideGuard,BanefulBunker|Bold||M|||50|]Annihilape||FocusSash|Defiant|CloseCombat,PhantomForce,StealthRock,Protect|Jolly||F|||50|
|
|t:|1785889256
|teamsize|p1|4
|teamsize|p2|4
|start
|switch|p1a: Gengar|Gengar, L50, M|100/100
|switch|p1b: Vivillon|Vivillon-Marine, L50, M|100/100
|switch|p2a: Charizard|Charizard, L50, F|100/100
|switch|p2b: Venusaur|Venusaur, L50, F|100/100
|turn|1
|inactive|Battle timer is ON: inactive players will automatically lose when time's up. (requested by lalalaing)
|
|t:|1785889285
|detailschange|p1a: Gengar|Gengar-Mega, L50, M
|-mega|p1a: Gengar|Gengar|Gengarite
|detailschange|p2a: Charizard|Charizard-Mega-Y, L50, F
|-mega|p2a: Charizard|Charizard|Charizardite Y
|-weather|SunnyDay|[from] ability: Drought|[of] p2a: Charizard
|move|p2b: Venusaur|Earth Power|p1a: Gengar
|-supereffective|p1a: Gengar|1
|-damage|p1a: Gengar|11/100
|-damage|p2b: Venusaur|90/100|[from] item: Life Orb
|move|p1a: Gengar|Perish Song|p1a: Gengar
|-start|p1a: Gengar|perish3|[silent]
|-start|p1b: Vivillon|perish3|[silent]
|-start|p2a: Charizard|perish3|[silent]
|-start|p2b: Venusaur|perish3|[silent]
|-fieldactivate|move: Perish Song
|move|p1b: Vivillon|Sleep Powder|p2a: Charizard
|-status|p2a: Charizard|slp|[from] move: Sleep Powder
|cant|p2a: Charizard|slp
|
|-weather|SunnyDay|[upkeep]
|-start|p2b: Venusaur|perish3
|-start|p1a: Gengar|perish3
|-start|p1b: Vivillon|perish3
|-start|p2a: Charizard|perish3
|upkeep
|turn|2
|inactive|lalalaing has 30 seconds left.
|inactive|natsukivgc has 30 seconds left.
|inactive|lalalaing has 20 seconds left.
|inactive|lalalaing has 15 seconds left.
|inactive|lalalaing has 10 seconds left.
|inactive|natsukivgc has 20 seconds left.
|inactive|natsukivgc has 15 seconds left.
|inactive|natsukivgc has 10 seconds left.
|
|t:|1785889341
|move|p1a: Gengar|Protect|p1a: Gengar
|-singleturn|p1a: Gengar|Protect
|move|p2b: Venusaur|Earth Power|p1b: Vivillon
|-immune|p1b: Vivillon
|move|p1b: Vivillon|Hurricane|p2b: Venusaur
|-supereffective|p2b: Venusaur|1
|-damage|p2b: Venusaur|0 fnt
|faint|p2b: Venusaur
|cant|p2a: Charizard|slp
|
|-weather|SunnyDay|[upkeep]
|-start|p1a: Gengar|perish2
|-start|p1b: Vivillon|perish2
|-start|p2a: Charizard|perish2
|upkeep
|
|t:|1785889365
|switch|p2b: Annihilape|Annihilape, L50, F|100/100
|turn|3
|inactive|natsukivgc has 30 seconds left.
|
|t:|1785889392
|switch|p1a: Politoed|Politoed, L50, F|100/100
|-weather|RainDance|[from] ability: Drizzle|[of] p1a: Politoed
|move|p2b: Annihilape|Stealth Rock|p1a: Politoed
|-sidestart|p1: lalalaing|move: Stealth Rock
|move|p1b: Vivillon|Sleep Powder|p2b: Annihilape
|-status|p2b: Annihilape|slp|[from] move: Sleep Powder
|-curestatus|p2a: Charizard|slp|[msg]
|move|p2a: Charizard|Heat Wave|p1b: Vivillon|[spread] p1a,p1b
|-resisted|p1a: Politoed|1
|-supereffective|p1b: Vivillon|1
|-damage|p1a: Politoed|93/100
|-damage|p1b: Vivillon|19/100
|-status|p1a: Politoed|brn
|
|-weather|RainDance|[upkeep]
|-damage|p1a: Politoed|87/100 brn|[from] brn
|-start|p1b: Vivillon|perish1
|-start|p2a: Charizard|perish1
|upkeep
|turn|4
|inactive|lalalaing has 30 seconds left.
|inactive|natsukivgc has 30 seconds left.
|
|t:|1785889420
|switch|p2a: Incineroar|Incineroar, L50, F|100/100
|-ability|p2a: Incineroar|Intimidate|boost
|-unboost|p1a: Politoed|atk|1
|-unboost|p1b: Vivillon|atk|1
|cant|p2b: Annihilape|slp
|move|p1b: Vivillon|Hurricane|p2b: Annihilape
|-supereffective|p2b: Annihilape|1
|-damage|p2b: Annihilape|12/100 slp
|-start|p2b: Annihilape|confusion
|move|p1a: Politoed|Weather Ball|p2b: Annihilape
|-damage|p2b: Annihilape|0 fnt
|faint|p2b: Annihilape
|
|-weather|RainDance|[upkeep]
|-damage|p1a: Politoed|81/100 brn|[from] brn
|-start|p1b: Vivillon|perish0
|upkeep
|faint|p1b: Vivillon
|
|t:|1785889435
|switch|p2b: Charizard|Charizard-Mega-Y, L50, F|100/100
|switch|p1b: Archaludon|Archaludon, L50, F|100/100
|-weather|SunnyDay|[from] ability: Drought|[of] p2b: Charizard
|-damage|p1b: Archaludon|93/100|[from] Stealth Rock
|turn|5
|
|t:|1785889452
|switch|p1a: Gengar|Gengar-Mega, L50, M|11/100
|-damage|p1a: Gengar|0 fnt|[from] Stealth Rock
|faint|p1a: Gengar
|move|p1b: Archaludon|Protect|p1b: Archaludon
|-singleturn|p1b: Archaludon|Protect
|move|p2b: Charizard|Heat Wave|p1b: Archaludon
|-activate|p1b: Archaludon|move: Protect
|move|p2a: Incineroar|Throat Chop|p1b: Archaludon
|-activate|p1b: Archaludon|move: Protect
|
|-weather|SunnyDay|[upkeep]
|-heal|p1b: Archaludon|100/100|[from] item: Leftovers
|upkeep
|
|t:|1785889457
|switch|p1a: Politoed|Politoed, L50, F|81/100 brn
|-damage|p1a: Politoed|68/100 brn|[from] Stealth Rock
|-weather|RainDance|[from] ability: Drizzle|[of] p1a: Politoed
|turn|6
|inactive|natsukivgc has 30 seconds left.
|
|t:|1785889490
|move|p2b: Charizard|Weather Ball|p1a: Politoed
|-resisted|p1a: Politoed|1
|-damage|p1a: Politoed|45/100 brn
|-enditem|p1a: Politoed|Sitrus Berry|[eat]
|-heal|p1a: Politoed|70/100 brn|[from] item: Sitrus Berry
|move|p1b: Archaludon|Electro Shot||[still]
|-prepare|p1b: Archaludon|Electro Shot
|-boost|p1b: Archaludon|spa|1
|-anim|p1b: Archaludon|Electro Shot|p2a: Incineroar
|-damage|p2a: Incineroar|38/100
|-enditem|p2a: Incineroar|Sitrus Berry|[eat]
|-heal|p2a: Incineroar|63/100|[from] item: Sitrus Berry
|move|p1a: Politoed|Weather Ball|p2a: Incineroar
|-supereffective|p2a: Incineroar|1
|-damage|p2a: Incineroar|0 fnt
|faint|p2a: Incineroar
|
|-weather|RainDance|[upkeep]
|-damage|p1a: Politoed|64/100 brn|[from] brn
|upkeep
|turn|7
|
|t:|1785889508
|move|p2b: Charizard|Heat Wave|p1b: Archaludon|[spread] p1a,p1b
|-resisted|p1a: Politoed|1
|-damage|p1a: Politoed|58/100 brn
|-damage|p1b: Archaludon|78/100
|-ability|p1b: Archaludon|Stamina|boost
|-boost|p1b: Archaludon|def|1
|move|p1b: Archaludon|Electro Shot||[still]
|-prepare|p1b: Archaludon|Electro Shot
|-boost|p1b: Archaludon|spa|1
|-anim|p1b: Archaludon|Electro Shot|p2b: Charizard
|-supereffective|p2b: Charizard|1
|-damage|p2b: Charizard|0 fnt
|faint|p2b: Charizard
|
|win|lalalaing
