|j|☆randomguy1114s
|j|☆wet blanket song
|html|randomguy1114swet blanket song    
|uhtml|bestof|Game 3 of a best-of-3
|t:|1756273033
|gametype|doubles
|player|p1|randomguy1114s|lillie-masters|1174
|player|p2|wet blanket song|miku-water|1151
|gen|9
|tier|[Gen 9] VGC 2025 Reg H (Bo3)
|rated|
|rule|Species Clause: Limit one of each Pokémon
|rule|Item Clause: Limit 1 of each item
|clearpoke
|poke|p1|Ninetales-Alola, L50, M|
|poke|p1|Arcanine-Hisui, L50, M|
|poke|p1|Dragonite, L50, F|
|poke|p1|Indeedee, L50, M|
|poke|p1|Sneasler, L50, M|
|poke|p1|Amoonguss, L50, M|
|poke|p2|Archaludon, L50, M|
|poke|p2|Rillaboom, L50, F|
|poke|p2|Politoed, L50, M|
|poke|p2|Gholdengo, L50|
|poke|p2|Toedscruel, L50, M|
|teampreview|4
|showteam|p1|Ninetales-Alola||ChoiceSpecs|SnowWarning|Blizzard,IcyWind,Moonblast,FreezeDry|||M|||50|,,,,,Ice]Arcanine-Hisui||ClearAmulet|Intimidate|RockSlide,FlareBlitz,ExtremeSpeed,Protect|||M|||50|,,,,,Water]Dragonite||LoadedDice|Multiscale|ScaleShot,StompingTantrum,Tailwind,Protect|||F|||50|,,,,,Ground]Indeedee||FocusSash|PsychicSurge|ExpandingForce,TrickRoom,Imprison,HelpingHand|||M|||50|,,,,,Psychic]Sneasler||PsychicSeed|Unburden|CloseCombat,DireClaw,ThroatChop,Protect|||M|||50|,,,,,Dark]Amoonguss||RockyHelmet|Regenerator|RagePowder,PollenPuff,Spore,Protect|||M|||50|,,,,,Water
|showteam|p2|Archaludon||AssaultVest|Stamina|ElectroShot,DracoMeteor,Snarl,BodyPress|||M|||50|,,,,,Grass]Rillaboom||MiracleSeed|GrassySurge|Protect,FakeOut,GrassyGlide,Uturn|||F|||50|,,,,,Ghost]Politoed||SitrusBerry|Drizzle|Protect,Encore,PerishSong,WeatherBall|||M|||50|,,,,,Grass]Gholdengo||Leftovers|GoodasGold|Protect,NastyPlot,MakeItRain,ShadowBall||||||50|,,,,,Dragon]Toedscruel||CovertCloak|MyceliumMight|Protect,Spore,EarthPower,KnockOff|||M|||50|,,,,,Steel
|
|t:|1756273058
|teamsize|p1|4
|teamsize|p2|4
|start
|switch|p1a: Indeedee|Indeedee, L50, M, shiny|100/100
|switch|p1b: menacetosociety|Sneasler, L50, M, shiny|100/100
|switch|p2a: Archaludon|Archaludon, L50, M, shiny|100/100
|switch|p2b: Toedscruel|Toedscruel, L50, M, shiny|100/100
|-fieldstart|move: Psychic Terrain|[from] ability: Psychic Surge|[of] p1a: Indeedee
|-enditem|p1b: menacetosociety|Psychic Seed
|-boost|p1b: menacetosociety|spd|1|[from] item: Psychic Seed
|turn|1
|
|t:|1756273077
|-terastallize|p2b: Toedscruel|Steel
|move|p1b: menacetosociety|Close Combat|p2a: Archaludon
|-supereffective|p2a: Archaludon
|-damage|p2a: Archaludon|0 fnt
|-unboost|p1b: menacetosociety|def|1
|-unboost|p1b: menacetosociety|spd|1
|faint|p2a: Archaludon
|move|p1a: Indeedee|Expanding Force|p2b: Toedscruel
|-resisted|p2b: Toedscruel
|-damage|p2b: Toedscruel|70/100
|move|p2b: Toedscruel|Spore|p1b: menacetosociety
|-status|p1b: menacetosociety|slp|[from] move: Spore
|
|upkeep
|
|t:|1756273094
|switch|p2a: Rillaboom|Rillaboom, L50, F, shiny|100/100
|-fieldstart|move: Grassy Terrain|[from] ability: Grassy Surge|[of] p2a: Rillaboom
|turn|2
|
|t:|1756273108
|cant|p1b: menacetosociety|slp
|move|p2b: Toedscruel|Earth Power|p1b: menacetosociety
|-supereffective|p1b: menacetosociety
|-damage|p1b: menacetosociety|23/100 slp
|move|p1a: Indeedee|Expanding Force|p2b: Toedscruel
|-resisted|p2b: Toedscruel
|-damage|p2b: Toedscruel|54/100
|move|p2a: Rillaboom|U-turn|p1a: Indeedee
|-supereffective|p1a: Indeedee
|-damage|p1a: Indeedee|14/100
|
|t:|1756273118
|switch|p2a: Politoed|Politoed, L50, M, shiny|100/100|[from] U-turn
|-weather|RainDance|[from] ability: Drizzle|[of] p2a: Politoed
|
|-weather|RainDance|[upkeep]
|-heal|p1b: menacetosociety|29/100 slp|[from] Grassy Terrain
|-heal|p2b: Toedscruel|60/100|[from] Grassy Terrain
|-heal|p1a: Indeedee|20/100|[from] Grassy Terrain
|upkeep
|turn|3
|
|t:|1756273129
|switch|p1a: Dragonite|Dragonite, L50, F|100/100
|cant|p1b: menacetosociety|slp
|move|p2b: Toedscruel|Earth Power|p1b: menacetosociety
|-supereffective|p1b: menacetosociety
|-damage|p1b: menacetosociety|0 fnt
|faint|p1b: menacetosociety
|move|p2a: Politoed|Weather Ball|p1a: Dragonite
|-resisted|p1a: Dragonite
|-damage|p1a: Dragonite|88/100
|
|-weather|RainDance|[upkeep]
|-heal|p2b: Toedscruel|66/100|[from] Grassy Terrain
|upkeep
|
|t:|1756273146
|switch|p1b: Arcanine|Arcanine-Hisui, L50, M, shiny|100/100
|-ability|p1b: Arcanine|Intimidate|boost
|-unboost|p2a: Politoed|atk|1
|-unboost|p2b: Toedscruel|atk|1
|turn|4
|
|t:|1756273163
|-terastallize|p1b: Arcanine|Water
|move|p1b: Arcanine|Rock Slide|p2b: Toedscruel|[spread] p2a,p2b
|-resisted|p2b: Toedscruel
|-damage|p2a: Politoed|80/100
|-damage|p2b: Toedscruel|50/100
|move|p1a: Dragonite|Stomping Tantrum|p2b: Toedscruel
|-supereffective|p2b: Toedscruel
|-damage|p2b: Toedscruel|0 fnt
|faint|p2b: Toedscruel
|cant|p2a: Politoed|flinch
|
|-weather|RainDance|[upkeep]
|-heal|p2a: Politoed|86/100|[from] Grassy Terrain
|upkeep
|
|t:|1756273172
|switch|p2b: Rillaboom|Rillaboom, L50, F, shiny|100/100
|turn|5
|
|t:|1756273187
|switch|p1a: Indeedee|Indeedee, L50, M, shiny|20/100
|-fieldstart|move: Psychic Terrain|[from] ability: Psychic Surge|[of] p1a: Indeedee
|move|p1b: Arcanine|Rock Slide|p2a: Politoed|[spread] p2a,p2b
|-damage|p2a: Politoed|66/100
|-damage|p2b: Rillaboom|77/100
|cant|p2b: Rillaboom|flinch
|cant|p2a: Politoed|flinch
|
|-weather|RainDance|[upkeep]
|upkeep
|turn|6
|
|t:|1756273201
|move|p1b: Arcanine|Protect|p1b: Arcanine
|-singleturn|p1b: Arcanine|Protect
|move|p2a: Politoed|Protect|p2a: Politoed
|-singleturn|p2a: Politoed|Protect
|move|p1a: Indeedee|Expanding Force|p2a: Politoed|[spread] p2b
|-activate|p2a: Politoed|move: Protect
|-damage|p2b: Rillaboom|29/100
|move|p2b: Rillaboom|U-turn|p1a: Indeedee
|-supereffective|p1a: Indeedee
|-damage|p1a: Indeedee|0 fnt
|faint|p1a: Indeedee
|
|-weather|none
|upkeep
|
|t:|1756273210
|switch|p1a: Dragonite|Dragonite, L50, F|88/100
|turn|7
|
|t:|1756273217
|move|p2b: Rillaboom|Protect|p2b: Rillaboom
|-singleturn|p2b: Rillaboom|Protect
|move|p1b: Arcanine|Flare Blitz|p2b: Rillaboom
|-activate|p2b: Rillaboom|move: Protect
|move|p1a: Dragonite|Scale Shot|p2a: Politoed
|-crit|p2a: Politoed
|-damage|p2a: Politoed|49/100
|-enditem|p2a: Politoed|Sitrus Berry|[eat]
|-heal|p2a: Politoed|74/100|[from] item: Sitrus Berry
|-damage|p2a: Politoed|61/100
|-damage|p2a: Politoed|48/100
|-damage|p2a: Politoed|36/100
|-damage|p2a: Politoed|23/100
|-hitcount|p2a: Politoed|5
|-unboost|p1a: Dragonite|def|1
|-boost|p1a: Dragonite|spe|1
|move|p2a: Politoed|Perish Song|p2a: Politoed
|-start|p1a: Dragonite|perish3|[silent]
|-start|p1b: Arcanine|perish3|[silent]
|-start|p2a: Politoed|perish3|[silent]
|-start|p2b: Rillaboom|perish3|[silent]
|-fieldactivate|move: Perish Song
|
|-start|p1a: Dragonite|perish3
|-start|p1b: Arcanine|perish3
|-start|p2b: Rillaboom|perish3
|-start|p2a: Politoed|perish3
|upkeep
|turn|8
|
|t:|1756273234
|move|p2b: Rillaboom|Protect|p2b: Rillaboom
|-singleturn|p2b: Rillaboom|Protect
|move|p2a: Politoed|Protect|p2a: Politoed
|-singleturn|p2a: Politoed|Protect
|move|p1a: Dragonite|Stomping Tantrum|p2a: Politoed
|-activate|p2a: Politoed|move: Protect
|move|p1b: Arcanine|Flare Blitz|p2b: Rillaboom
|-activate|p2b: Rillaboom|move: Protect
|
|-start|p1a: Dragonite|perish2
|-start|p1b: Arcanine|perish2
|-start|p2b: Rillaboom|perish2
|-start|p2a: Politoed|perish2
|upkeep
|turn|9
|
|t:|1756273250
|move|p2a: Politoed|Protect||[still]
|-fail|p2a: Politoed
|move|p1a: Dragonite|Stomping Tantrum|p2a: Politoed
|-damage|p2a: Politoed|0 fnt
|faint|p2a: Politoed
|move|p1b: Arcanine|Flare Blitz|p2b: Rillaboom
|-supereffective|p2b: Rillaboom
|-crit|p2b: Rillaboom
|-damage|p2b: Rillaboom|0 fnt
|faint|p2b: Rillaboom
|-damage|p1b: Arcanine|89/100|[from] Recoil
|
|win|randomguy1114s
|raw|randomguy1114s's rating: 1174 → 1197(+23 for winning)
|raw|wet blanket song's rating: 1151 → 1128(-23 for losing)
|l|☆wet blanket song
|player|p2|
