|j|☆axcoquette
|j|☆foxytabby
|html|axcoquettefoxytabby    
|uhtml|bestof|Game 1 of a best-of-3
|t:|1783970633
|gametype|doubles
|player|p1|axcoquette|maid|1140
|player|p2|foxytabby|iris-gen5bw2|1035
|gen|9
|tier|[Gen 9 Champions] VGC 2026 Reg M-B (Bo3)
|rated|
|rule|Species Clause: Limit one of each Pokémon
|rule|Item Clause: Limit 1 of each item
|clearpoke
|poke|p1|Ceruledge, L50, F|
|poke|p1|Glimmora, L50, M|
|poke|p1|Weavile, L50, M|
|poke|p1|Raichu, L50, M|
|poke|p1|Tsareena, L50, F|
|poke|p1|Milotic, L50, F|
|poke|p2|Raichu, L50, F|
|poke|p2|Pikachu, L50, M|
|poke|p2|Pelipper, L50, F|
|poke|p2|Swampert, L50, M|
|poke|p2|Archaludon, L50, M|
|poke|p2|Corviknight, L50, F|
|teampreview|4
|showteam|p1|Ceruledge||ColburBerry|FlashFire|BitterBlade,ShadowSneak,BulkUp,Protect|Impish||F|||50|]Glimmora||Glimmoranite|ToxicDebris|SpikyShield,PowerGem,EarthPower,SludgeBomb|Timid||M|||50|]Weavile||FocusSash|Pressure|IcePunch,FakeOut,Protect,KnockOff|Jolly||M|||50|]Raichu||RaichuniteY|LightningRod|FakeOut,FocusBlast,ZapCannon,Protect|Timid||M|||50|]Tsareena||ChoiceScarf|QueenlyMajesty|TropKick,LowKick,Uturn,GigaImpact|Jolly||F|||50|]Milotic||Leftovers|Competitive|Coil,Hypnosis,MuddyWater,Recover|Calm||F|||50|
|showteam|p2|Raichu||RaichuniteX|LightningRod|VoltSwitch,LightScreen,Nuzzle,FakeOut|Jolly||F|||50|]Pikachu||LightBall|Static|RisingVoltage,GrassKnot,AlluringVoice,Protect|Modest||M|||50|]Pelipper||FocusSash|Drizzle|WeatherBall,Hurricane,Tailwind,WideGuard|Timid||F|||50|]Swampert||Swampertite|Torrent|WaveCrash,HighHorsepower,IcePunch,Protect|Adamant||M|||50|]Archaludon||LifeOrb|Stamina|FlashCannon,DracoMeteor,ElectroShot,Protect|Timid||M|||50|]Corviknight||Leftovers|Pressure|BraveBird,IronHead,BodyPress,IronDefense|Impish||F|||50|
|inactive|Battle timer is ON: inactive players will automatically lose when time's up. (requested by axcoquette)
|inactive|axcoquette has 60 seconds left.
|inactive|foxytabby has 60 seconds left.
|
|t:|1783970674
|teamsize|p1|4
|teamsize|p2|4
|start
|switch|p1a: Raichu|Raichu, L50, M|100/100
|switch|p1b: Glimmora|Glimmora, L50, M|100/100
|switch|p2a: Pelipper|Pelipper, L50, F|100/100
|switch|p2b: Swampert|Swampert, L50, M|100/100
|-weather|RainDance|[from] ability: Drizzle|[of] p2a: Pelipper
|turn|1
|inactive|axcoquette has 30 seconds left.
|inactive|foxytabby has 30 seconds left.
|inactive|axcoquette has 20 seconds left.
|inactive|foxytabby has 20 seconds left.
|
|t:|1783970710
|switch|p2a: Raichu|Raichu, L50, F|100/100
|detailschange|p2b: Swampert|Swampert-Mega, L50, M
|-mega|p2b: Swampert|Swampert|Swampertite
|move|p1a: Raichu|Fake Out|p2b: Swampert
|-damage|p2b: Swampert|93/100
|cant|p2b: Swampert|flinch
|move|p1b: Glimmora|Power Gem|p2a: Raichu
|-damage|p2a: Raichu|41/100
|
|-weather|RainDance|[upkeep]
|upkeep
|turn|2
|
|t:|1783970734
|switch|p1a: Milotic|Milotic, L50, F|100/100
|move|p1b: Glimmora|Spiky Shield|p1b: Glimmora
|-singleturn|p1b: Glimmora|move: Protect
|move|p2b: Swampert|High Horsepower|p1a: Milotic
|-damage|p1a: Milotic|50/100g
|move|p2a: Raichu|Light Screen|p2a: Raichu
|-sidestart|p2: foxytabby|move: Light Screen
|
|-weather|RainDance|[upkeep]
|-heal|p1a: Milotic|56/100|[from] item: Leftovers
|upkeep
|turn|3
|inactive|axcoquette has 30 seconds left.
|inactive|axcoquette has 20 seconds left.
|
|t:|1783970774
|switch|p2a: Corviknight|Corviknight, L50, F|100/100
|-ability|p2a: Corviknight|Pressure
|switch|p1b: Raichu|Raichu, L50, M|100/100
|move|p2b: Swampert|High Horsepower|p1b: Raichu
|-supereffective|p1b: Raichu|1
|-damage|p1b: Raichu|0 fnt
|faint|p1b: Raichu
|move|p1a: Milotic|Coil|p1a: Milotic
|-boost|p1a: Milotic|atk|1
|-boost|p1a: Milotic|def|1
|-boost|p1a: Milotic|accuracy|1
|
|-weather|RainDance|[upkeep]
|-heal|p1a: Milotic|62/100|[from] item: Leftovers
|upkeep
|
|t:|1783970795
|switch|p1b: Ceruledge|Ceruledge, L50, F|100/100
|turn|4
|
|t:|1783970812
|move|p1b: Ceruledge|Protect|p1b: Ceruledge
|-singleturn|p1b: Ceruledge|Protect
|move|p2b: Swampert|Wave Crash|p1b: Ceruledge
|-activate|p1b: Ceruledge|move: Protect
|move|p1a: Milotic|Hypnosis|p2b: Swampert
|-status|p2b: Swampert|slp|[from] move: Hypnosis
|move|p2a: Corviknight|Body Press|p1a: Milotic
|-damage|p1a: Milotic|49/100
|
|-weather|RainDance|[upkeep]
|-heal|p1a: Milotic|55/100|[from] item: Leftovers
|upkeep
|turn|5
|inactive|axcoquette has 30 seconds left.
|inactive|foxytabby has 30 seconds left.
|
|t:|1783970840
|cant|p2b: Swampert|slp
|move|p1b: Ceruledge|Bitter Blade|p2a: Corviknight
|-supereffective|p2a: Corviknight|1
|-damage|p2a: Corviknight|78/100
|move|p1a: Milotic|Recover|p1a: Milotic
|-heal|p1a: Milotic|100/100
|move|p2a: Corviknight|Brave Bird|p1b: Ceruledge
|-damage|p1b: Ceruledge|62/100
|-damage|p2a: Corviknight|67/100|[from] Recoil
|
|-weather|none
|-heal|p2a: Corviknight|73/100|[from] item: Leftovers
|upkeep
|turn|6
|
|t:|1783970858
|switch|p2a: Pelipper|Pelipper, L50, F|100/100
|-weather|RainDance|[from] ability: Drizzle|[of] p2a: Pelipper
|cant|p2b: Swampert|slp
|move|p1b: Ceruledge|Bitter Blade|p2a: Pelipper
|-resisted|p2a: Pelipper|1
|-damage|p2a: Pelipper|89/100
|-heal|p1b: Ceruledge|66/100|[from] drain|[of] p2a: Pelipper
|move|p1a: Milotic|Coil|p1a: Milotic
|-boost|p1a: Milotic|atk|1
|-boost|p1a: Milotic|def|1
|-boost|p1a: Milotic|accuracy|1
|
|-weather|RainDance|[upkeep]
|-sideend|p2: foxytabby|move: Light Screen
|upkeep
|turn|7
|
|t:|1783970878
|move|p1b: Ceruledge|Protect|p1b: Ceruledge
|-singleturn|p1b: Ceruledge|Protect
|-curestatus|p2b: Swampert|slp|[msg]
|move|p2b: Swampert|High Horsepower|p1b: Ceruledge
|-activate|p1b: Ceruledge|move: Protect
|move|p2a: Pelipper|Hurricane|p1a: Milotic
|-damage|p1a: Milotic|70/100
|move|p1a: Milotic|Coil|p1a: Milotic
|-boost|p1a: Milotic|atk|1
|-boost|p1a: Milotic|def|1
|-boost|p1a: Milotic|accuracy|1
|
|-weather|RainDance|[upkeep]
|-heal|p1a: Milotic|76/100|[from] item: Leftovers
|upkeep
|turn|8
|inactive|foxytabby has 30 seconds left.
|
|t:|1783970904
|move|p1b: Ceruledge|Shadow Sneak|p2b: Swampert
|-damage|p2b: Swampert|79/100
|move|p2b: Swampert|High Horsepower|p1b: Ceruledge
|-supereffective|p1b: Ceruledge|1
|-damage|p1b: Ceruledge|0 fnt
|faint|p1b: Ceruledge
|move|p2a: Pelipper|Hurricane|p1a: Milotic
|-damage|p1a: Milotic|48/100
|move|p1a: Milotic|Hypnosis|p2b: Swampert
|-status|p2b: Swampert|slp|[from] move: Hypnosis
|
|-weather|RainDance|[upkeep]
|-heal|p1a: Milotic|53/100|[from] item: Leftovers
|upkeep
|
|t:|1783970916
|switch|p1b: Glimmora|Glimmora, L50, M|100/100
|turn|9
|
|t:|1783970925
|switch|p2a: Raichu|Raichu, L50, F|41/100
|cant|p2b: Swampert|slp
|move|p1b: Glimmora|Power Gem|p2a: Raichu
|-damage|p2a: Raichu|0 fnt
|faint|p2a: Raichu
|move|p1a: Milotic|Recover|p1a: Milotic
|-heal|p1a: Milotic|100/100
|
|-weather|RainDance|[upkeep]
|upkeep
|
|t:|1783970935
|switch|p2a: Corviknight|Corviknight, L50, F|73/100
|-ability|p2a: Corviknight|Pressure
|turn|10
|
|t:|1783970953
|detailschange|p1b: Glimmora|Glimmora-Mega, L50, M
|-mega|p1b: Glimmora|Glimmora|Glimmoranite
|move|p1b: Glimmora|Spiky Shield|p1b: Glimmora
|-singleturn|p1b: Glimmora|move: Protect
|cant|p2b: Swampert|slp
|move|p1a: Milotic|Muddy Water|p2a: Corviknight|[spread] p2a,p2b
|-damage|p2a: Corviknight|42/100
|-damage|p2b: Swampert|50/100y slp
|-unboost|p2a: Corviknight|accuracy|1
|-unboost|p2b: Swampert|accuracy|1
|move|p2a: Corviknight|Iron Defense|p2a: Corviknight
|-boost|p2a: Corviknight|def|2
|
|-weather|none
|-heal|p2a: Corviknight|48/100|[from] item: Leftovers
|upkeep
|turn|11
|
|t:|1783970970
|-curestatus|p2b: Swampert|slp|[msg]
|move|p2b: Swampert|Protect|p2b: Swampert
|-singleturn|p2b: Swampert|Protect
|move|p1b: Glimmora|Power Gem|p2a: Corviknight
|-damage|p2a: Corviknight|0 fnt
|faint|p2a: Corviknight
|move|p1a: Milotic|Muddy Water|p2b: Swampert
|-activate|p2b: Swampert|move: Protect
|
|upkeep
|
|t:|1783970977
|switch|p2a: Pelipper|Pelipper, L50, F|89/100
|-weather|RainDance|[from] ability: Drizzle|[of] p2a: Pelipper
|turn|12
|
|t:|1783970986
|move|p2b: Swampert|Protect||[still]
|-fail|p2b: Swampert
|move|p1b: Glimmora|Spiky Shield|p1b: Glimmora
|-singleturn|p1b: Glimmora|move: Protect
|move|p2a: Pelipper|Hurricane|p1a: Milotic
|-damage|p1a: Milotic|67/100
|move|p1a: Milotic|Hypnosis|p2b: Swampert
|-status|p2b: Swampert|slp|[from] move: Hypnosis
|
|-weather|RainDance|[upkeep]
|-heal|p1a: Milotic|73/100|[from] item: Leftovers
|upkeep
|turn|13
|-message|foxytabby forfeited.
|
|win|axcoquette
