|j|☆Jetboy57
|j|☆arnau3kum
|html|Jetboy57arnau3kum    
|uhtml|bestof|Game 3 of a best-of-3
|t:|1756577407
|gametype|doubles
|player|p1|Jetboy57|n|1051
|player|p2|arnau3kum|266|1131
|gen|9
|tier|[Gen 9] VGC 2025 Reg H (Bo3)
|rated|
|rule|Species Clause: Limit one of each Pokémon
|rule|Item Clause: Limit 1 of each item
|clearpoke
|poke|p1|Tyranitar, L50, F|
|poke|p1|Corviknight, L50, F|
|poke|p1|Indeedee, L50, M|
|poke|p1|Amoonguss, L50, F|
|poke|p1|Sneasler, L50, F|
|poke|p1|Garchomp, L50, M|
|poke|p2|Sneasler, L50, M|
|poke|p2|Dragapult, L50, M|
|poke|p2|Primarina, L50, M|
|poke|p2|Rillaboom, L50, F|
|poke|p2|Kingambit, L50, M|
|poke|p2|Magmar, L50, F|
|teampreview|4
|showteam|p1|Tyranitar||AssaultVest|SandStream|RockSlide,KnockOff,TeraBlast,LowKick|||F|||50|,,,,,Flying]Corviknight||Leftovers|MirrorArmor|BulkUp,BraveBird,Tailwind,Roost|||F|||50|,,,,,Dragon]Indeedee||FocusSash|PsychicSurge|TrickRoom,ExpandingForce,Imprison,Protect|||M|||50|,,,,,Psychic]Amoonguss||RockyHelmet|Regenerator|Spore,RagePowder,ClearSmog,Protect|||F|||50|,,,,,Water]Sneasler||PsychicSeed|Unburden|ThroatChop,DireClaw,CloseCombat,Protect|||F|||50|,,,,,Dark]Garchomp||LifeOrb|SandVeil|Earthquake,DragonClaw,RockSlide,Protect|||M|||50|,,,,,Fairy
|showteam|p2|Sneasler||FocusSash|PoisonTouch|CloseCombat,DireClaw,FakeOut,Protect|||M|||50|,,,,,Stellar]Dragapult||ChoiceBand|ClearBody|DragonDarts,TeraBlast,PhantomForce,Uturn|||M|||50|,,,,,Ghost]Primarina||SitrusBerry|LiquidVoice|HyperVoice,Moonblast,Haze,Protect|||M|||50|,,,,,Water]Rillaboom||AssaultVest|GrassySurge|WoodHammer,GrassyGlide,HighHorsepower,FakeOut|||F|||50|,,,,,Fire]Kingambit||BlackGlasses|Defiant|KowtowCleave,SuckerPunch,SwordsDance,Protect|||M|||50|,,,,,Ghost]Magmar||Eviolite|VitalSpirit|Overheat,WillOWisp,FollowMe,Protect|||F|||50|,,,,,Ghost
|inactive|Battle timer is ON: inactive players will automatically lose when time's up. (requested by arnau3kum)
|inactive|Jetboy57 has 60 seconds left.
|inactive|Jetboy57 has 30 seconds left.
|
|t:|1756577471
|teamsize|p1|4
|teamsize|p2|4
|start
|switch|p1a: Tyranitar|Tyranitar, L50, F|100/100
|switch|p1b: Garchomp|Garchomp, L50, M|100/100
|switch|p2a: Magmar|Magmar, L50, F|100/100
|switch|p2b: Rillaboom|Rillaboom, L50, F|100/100
|-weather|Sandstorm|[from] ability: Sand Stream|[of] p1a: Tyranitar
|-fieldstart|move: Grassy Terrain|[from] ability: Grassy Surge|[of] p2b: Rillaboom
|turn|1
|
|t:|1756577495
|-terastallize|p1a: Tyranitar|Flying
|move|p1b: Garchomp|Protect|p1b: Garchomp
|-singleturn|p1b: Garchomp|Protect
|move|p2b: Rillaboom|Fake Out|p1b: Garchomp
|-activate|p1b: Garchomp|move: Protect
|move|p2a: Magmar|Will-O-Wisp|p1a: Tyranitar
|-status|p1a: Tyranitar|brn
|move|p1a: Tyranitar|Rock Slide|p2b: Rillaboom|[spread] p2a,p2b
|-supereffective|p2a: Magmar
|-damage|p2a: Magmar|73/100
|-damage|p2b: Rillaboom|87/100
|
|-weather|Sandstorm|[upkeep]
|-damage|p2a: Magmar|67/100|[from] Sandstorm
|-damage|p1a: Tyranitar|95/100 brn|[from] Sandstorm
|-damage|p2b: Rillaboom|82/100|[from] Sandstorm
|-heal|p2a: Magmar|73/100|[from] Grassy Terrain
|-heal|p2b: Rillaboom|87/100|[from] Grassy Terrain
|-damage|p1a: Tyranitar|89/100 brn|[from] brn
|upkeep
|turn|2
|inactive|Jetboy57 has 30 seconds left.
|
|t:|1756577520
|move|p1b: Garchomp|Rock Slide|p2b: Rillaboom|[spread] p2b
|-miss|p1b: Garchomp|p2a: Magmar
|-damage|p2b: Rillaboom|68/100
|-damage|p1b: Garchomp|91/100|[from] item: Life Orb
|move|p2a: Magmar|Will-O-Wisp|p1b: Garchomp
|-status|p1b: Garchomp|brn
|move|p1a: Tyranitar|Rock Slide|p2b: Rillaboom|[spread] p2a,p2b
|-supereffective|p2a: Magmar
|-damage|p2a: Magmar|48/100
|-damage|p2b: Rillaboom|55/100
|cant|p2b: Rillaboom|flinch
|
|-weather|Sandstorm|[upkeep]
|-damage|p2a: Magmar|42/100|[from] Sandstorm
|-damage|p1a: Tyranitar|83/100 brn|[from] Sandstorm
|-damage|p2b: Rillaboom|49/100|[from] Sandstorm
|-heal|p1b: Garchomp|97/100 brn|[from] Grassy Terrain
|-heal|p2a: Magmar|48/100|[from] Grassy Terrain
|-heal|p2b: Rillaboom|55/100|[from] Grassy Terrain
|-damage|p1b: Garchomp|91/100 brn|[from] brn
|-damage|p1a: Tyranitar|78/100 brn|[from] brn
|upkeep
|turn|3
|inactive|arnau3kum has 30 seconds left.
|
|t:|1756577554
|move|p1b: Garchomp|Rock Slide|p2b: Rillaboom|[spread] p2a,p2b
|-supereffective|p2a: Magmar
|-damage|p2a: Magmar|27/100
|-damage|p2b: Rillaboom|43/100
|-damage|p1b: Garchomp|81/100 brn|[from] item: Life Orb
|cant|p2a: Magmar|flinch
|move|p1a: Tyranitar|Rock Slide|p2b: Rillaboom|[spread] p2b
|-miss|p1a: Tyranitar|p2a: Magmar
|-damage|p2b: Rillaboom|30/100
|cant|p2b: Rillaboom|flinch
|
|-weather|Sandstorm|[upkeep]
|-damage|p2a: Magmar|21/100|[from] Sandstorm
|-damage|p1a: Tyranitar|72/100 brn|[from] Sandstorm
|-damage|p2b: Rillaboom|25/100|[from] Sandstorm
|-heal|p1b: Garchomp|87/100 brn|[from] Grassy Terrain
|-heal|p2a: Magmar|27/100|[from] Grassy Terrain
|-heal|p2b: Rillaboom|30/100|[from] Grassy Terrain
|-damage|p1b: Garchomp|81/100 brn|[from] brn
|-damage|p1a: Tyranitar|66/100 brn|[from] brn
|upkeep
|turn|4
|inactive|Jetboy57 has 30 seconds left.
|
|t:|1756577581
|move|p2a: Magmar|Protect|p2a: Magmar
|-singleturn|p2a: Magmar|Protect
|move|p1b: Garchomp|Rock Slide|p2b: Rillaboom|[spread] p2b
|-activate|p2a: Magmar|move: Protect
|-damage|p2b: Rillaboom|20/100
|-damage|p1b: Garchomp|71/100 brn|[from] item: Life Orb
|move|p1a: Tyranitar|Knock Off|p2a: Magmar
|-activate|p2a: Magmar|move: Protect
|move|p2b: Rillaboom|Wood Hammer|p1b: Garchomp|[miss]
|-miss|p2b: Rillaboom|p1b: Garchomp
|
|-weather|Sandstorm|[upkeep]
|-damage|p2a: Magmar|21/100|[from] Sandstorm
|-damage|p1a: Tyranitar|60/100 brn|[from] Sandstorm
|-damage|p2b: Rillaboom|15/100|[from] Sandstorm
|-heal|p1b: Garchomp|77/100 brn|[from] Grassy Terrain
|-heal|p2a: Magmar|27/100|[from] Grassy Terrain
|-heal|p2b: Rillaboom|20/100|[from] Grassy Terrain
|-damage|p1b: Garchomp|71/100 brn|[from] brn
|-damage|p1a: Tyranitar|55/100 brn|[from] brn
|upkeep
|turn|5
|inactive|arnau3kum has 30 seconds left.
|
|t:|1756577610
|move|p2b: Rillaboom|Grassy Glide|p1b: Garchomp
|-damage|p1b: Garchomp|38/100 brn
|move|p1b: Garchomp|Rock Slide|p2a: Magmar|[spread] p2b
|-miss|p1b: Garchomp|p2a: Magmar
|-damage|p2b: Rillaboom|10/100
|-damage|p1b: Garchomp|28/100 brn|[from] item: Life Orb
|move|p2a: Magmar|Overheat|p1a: Tyranitar
|-damage|p1a: Tyranitar|23/100 brn
|-unboost|p2a: Magmar|spa|2
|move|p1a: Tyranitar|Rock Slide|p2b: Rillaboom|[spread] p2a,p2b
|-supereffective|p2a: Magmar
|-damage|p2a: Magmar|0 fnt
|-damage|p2b: Rillaboom|0 fnt
|faint|p2a: Magmar
|faint|p2b: Rillaboom
|
|-weather|none
|-heal|p1b: Garchomp|34/100 brn|[from] Grassy Terrain
|-damage|p1b: Garchomp|28/100 brn|[from] brn
|-damage|p1a: Tyranitar|18/100 brn|[from] brn
|-fieldend|move: Grassy Terrain
|upkeep
|
|t:|1756577631
|switch|p2a: Sneasler|Sneasler, L50, M|100/100
|switch|p2b: Dragapult|Dragapult, L50, M|100/100
|turn|6
|
|t:|1756577653
|switch|p1b: Amoonguss|Amoonguss, L50, F|100/100
|switch|p1a: Corviknight|Corviknight, L50, F|100/100
|move|p2b: Dragapult|Dragon Darts|p1a: Corviknight
|-resisted|p1a: Corviknight
|-damage|p1a: Corviknight|88/100
|-anim|p2b: Dragapult|Dragon Darts|p1b: Amoonguss
|-damage|p1b: Amoonguss|69/100
|move|p2a: Sneasler|Dire Claw|p1b: Amoonguss
|-damage|p1b: Amoonguss|38/100
|-status|p1b: Amoonguss|slp
|-damage|p2a: Sneasler|84/100|[from] item: Rocky Helmet|[of] p1b: Amoonguss
|
|-heal|p1a: Corviknight|94/100|[from] item: Leftovers
|upkeep
|turn|7
|inactive|arnau3kum has 30 seconds left.
|inactive|arnau3kum has 20 seconds left.
|
|t:|1756577695
|switch|p1b: Tyranitar|Tyranitar, L50, F, tera:Flying|18/100 brn
|-weather|Sandstorm|[from] ability: Sand Stream|[of] p1b: Tyranitar
|-terastallize|p2a: Sneasler|Stellar
|move|p2b: Dragapult|Dragon Darts|p1b: Tyranitar
|-damage|p1b: Tyranitar|0 fnt
|-anim|p2b: Dragapult|Dragon Darts|p1a: Corviknight
|-resisted|p1a: Corviknight
|-damage|p1a: Corviknight|80/100
|faint|p1b: Tyranitar
|move|p2a: Sneasler|Close Combat|p1a: Corviknight
|-damage|p1a: Corviknight|20/100
|-unboost|p2a: Sneasler|def|1
|-unboost|p2a: Sneasler|spd|1
|move|p1a: Corviknight|Bulk Up|p1a: Corviknight
|-boost|p1a: Corviknight|atk|1
|-boost|p1a: Corviknight|def|1
|
|-weather|Sandstorm|[upkeep]
|-damage|p2b: Dragapult|94/100|[from] Sandstorm
|-damage|p2a: Sneasler|78/100|[from] Sandstorm
|-heal|p1a: Corviknight|25/100|[from] item: Leftovers
|upkeep
|inactive|Jetboy57 has 30 seconds left.
|
|t:|1756577723
|switch|p1b: Amoonguss|Amoonguss, L50, F|71/100 slp
|turn|8
|
|t:|1756577735
|cant|p1b: Amoonguss|slp
|move|p2b: Dragapult|Dragon Darts|p1b: Amoonguss
|-damage|p1b: Amoonguss|39/100 slp
|-anim|p2b: Dragapult|Dragon Darts|p1a: Corviknight
|-resisted|p1a: Corviknight
|-damage|p1a: Corviknight|17/100
|move|p2a: Sneasler|Close Combat|p1a: Corviknight
|-damage|p1a: Corviknight|0 fnt
|-unboost|p2a: Sneasler|def|1
|-unboost|p2a: Sneasler|spd|1
|faint|p1a: Corviknight
|
|-weather|Sandstorm|[upkeep]
|-damage|p2b: Dragapult|88/100|[from] Sandstorm
|-damage|p2a: Sneasler|72/100|[from] Sandstorm
|-damage|p1b: Amoonguss|33/100 slp|[from] Sandstorm
|upkeep
|
|t:|1756577743
|switch|p1a: Garchomp|Garchomp, L50, M|28/100 brn
|turn|9
|
|t:|1756577753
|cant|p1b: Amoonguss|slp
|move|p2b: Dragapult|Dragon Darts|p1b: Amoonguss
|-damage|p1b: Amoonguss|1/100 slp
|-anim|p2b: Dragapult|Dragon Darts|p1a: Garchomp
|-supereffective|p1a: Garchomp
|-damage|p1a: Garchomp|0 fnt
|faint|p1a: Garchomp
|move|p2a: Sneasler|Dire Claw|p1b: Amoonguss
|-damage|p1b: Amoonguss|0 fnt
|-damage|p2a: Sneasler|56/100|[from] item: Rocky Helmet|[of] p1b: Amoonguss
|faint|p1b: Amoonguss
|
|win|arnau3kum
|raw|Jetboy57's rating: 1051 → 1037(-14 for losing)
|raw|arnau3kum's rating: 1131 → 1150(+19 for winning)
