|j|☆Archanile
|j|☆igres17
|html|Archanileigres17    
|uhtml|bestof|Game 1 of a best-of-3
|t:|1757925805
|gametype|doubles
|player|p1|Archanile|hilbert|1108
|player|p2|igres17|265|1189
|gen|9
|tier|[Gen 9] VGC 2025 Reg H (Bo3)
|rated|
|rule|Species Clause: Limit one of each Pokémon
|rule|Item Clause: Limit 1 of each item
|clearpoke
|poke|p1|Dragonite, L50, F|
|poke|p1|Ursaluna-Bloodmoon, L50, M|
|poke|p1|Gholdengo, L50|
|poke|p1|Maushold-Four, L50|
|poke|p1|Annihilape, L50, F|
|poke|p1|Rillaboom, L50, F|
|poke|p2|Politoed, L50, F|
|poke|p2|Gothitelle, L50, F|
|poke|p2|Incineroar, L50, F|
|poke|p2|Amoonguss, L50, F|
|poke|p2|Kingdra, L50, M|
|poke|p2|Archaludon, L50, F|
|teampreview|4
|showteam|p1|Dragonite||LoadedDice|Multiscale|ScaleShot,Tailwind,Haze,Protect|||F|||50|,,,,,Fairy]Ursaluna-Bloodmoon||AssaultVest|MindsEye|BloodMoon,EarthPower,HyperVoice,VacuumWave|||M|||50|,,,,,Water]Gholdengo||LifeOrb|GoodasGold|MakeItRain,ShadowBall,NastyPlot,Protect||||||50|,,,,,Dragon]Maushold-Four||FocusSash|FriendGuard|Taunt,FollowMe,BeatUp,Protect||||||50|,,,,,Ghost]Annihilape||SitrusBerry|Defiant|RageFist,DrainPunch,BulkUp,Protect|||F|||50|,,,,,Fire]Rillaboom||MiracleSeed|GrassySurge|WoodHammer,GrassyGlide,HighHorsepower,FakeOut|||F|||50|,,,,,Fire
|showteam|p2|Politoed||Leftovers|Drizzle|Protect,WeatherBall,PerishSong,Encore|||F|||50|,,,,,Grass]Gothitelle||SitrusBerry|ShadowTag|Protect,Psychic,FakeOut,TrickRoom|||F|||50|,,,,,Dark]Incineroar||SafetyGoggles|Intimidate|Protect,KnockOff,FakeOut,PartingShot|||F|||50|,,,,,Ghost]Amoonguss||EjectButton|Regenerator|Protect,RagePowder,PollenPuff,Spore|||F|||50|,,,,,Fairy]Kingdra||LifeOrb|SwiftSwim|Protect,WeatherBall,DracoMeteor,MuddyWater|||M|||50|,,,,,Stellar]Archaludon||PowerHerb|Sturdy|Protect,ElectroShot,DragonPulse,FlashCannon|||F|||50|,,,,,Electric
|inactive|Battle timer is ON: inactive players will automatically lose when time's up. (requested by Archanile)
|inactive|Archanile has 60 seconds left.
|inactive|igres17 has 60 seconds left.
|inactive|Archanile has 30 seconds left.
|inactive|Archanile has 20 seconds left.
|inactive|Archanile has 15 seconds left.
|inactive|Archanile has 10 seconds left.
|inactive|Archanile has 5 seconds left.
|
|t:|1757925896
|teamsize|p1|4
|teamsize|p2|4
|start
|switch|p1a: Maushold|Maushold-Four, L50|100/100
|switch|p1b: Annihilape|Annihilape, L50, F|100/100
|switch|p2a: Kingdra|Kingdra, L50, M|100/100
|switch|p2b: Politoed|Politoed, L50, F|100/100
|-weather|RainDance|[from] ability: Drizzle|[of] p2b: Politoed
|turn|1
|inactive|Archanile has 30 seconds left.
|inactive|igres17 has 30 seconds left.
|inactive|Archanile has 20 seconds left.
|inactive|Archanile has 15 seconds left.
|inactive|Archanile has 10 seconds left.
|inactive|Archanile has 5 seconds left.
|
|t:|1757925951
|-terastallize|p2a: Kingdra|Stellar
|move|p1a: Maushold|Follow Me|p1a: Maushold
|-singleturn|p1a: Maushold|move: Follow Me
|move|p2a: Kingdra|Weather Ball|p1a: Maushold
|-enditem|p1a: Maushold|Focus Sash
|-damage|p1a: Maushold|1/100
|-damage|p2a: Kingdra|91/100|[from] item: Life Orb
|move|p1b: Annihilape|Drain Punch|p2a: Kingdra
|-damage|p2a: Kingdra|54/100
|move|p2b: Politoed|Encore|p1a: Maushold
|-start|p1a: Maushold|Encore
|
|-weather|RainDance|[upkeep]
|upkeep
|turn|2
|inactive|Archanile has 30 seconds left.
|
|t:|1757925982
|switch|p1a: Dragonite|Dragonite, L50, F|100/100
|move|p1b: Annihilape|Protect|p1b: Annihilape
|-singleturn|p1b: Annihilape|Protect
|move|p2a: Kingdra|Muddy Water|p1a: Dragonite|[spread] p1a
|-activate|p1b: Annihilape|move: Protect
|-resisted|p1a: Dragonite
|-damage|p1a: Dragonite|83/100
|-damage|p2a: Kingdra|44/100|[from] item: Life Orb
|move|p2b: Politoed|Encore|p1b: Annihilape
|-activate|p1b: Annihilape|move: Protect
|
|-weather|RainDance|[upkeep]
|upkeep
|turn|3
|inactive|Archanile has 30 seconds left.
|
|t:|1757926013
|move|p2a: Kingdra|Draco Meteor|p1b: Annihilape
|-crit|p1b: Annihilape
|-damage|p1b: Annihilape|0 fnt
|-unboost|p2a: Kingdra|spa|2
|faint|p1b: Annihilape
|-damage|p2a: Kingdra|34/100|[from] item: Life Orb
|move|p1a: Dragonite|Scale Shot|p2a: Kingdra
|-supereffective|p2a: Kingdra
|-damage|p2a: Kingdra|0 fnt
|faint|p2a: Kingdra
|-hitcount|p2: Kingdra|1
|-unboost|p1a: Dragonite|def|1
|-boost|p1a: Dragonite|spe|1
|move|p2b: Politoed|Encore|p1a: Dragonite
|-start|p1a: Dragonite|Encore
|
|-weather|RainDance|[upkeep]
|upkeep
|
|t:|1757926033
|switch|p1b: Gholdengo|Gholdengo, L50|100/100
|switch|p2a: Archaludon|Archaludon, L50, F|100/100
|turn|4
|inactive|Archanile has 30 seconds left.
|
|t:|1757926066
|move|p1a: Dragonite|Scale Shot|p2a: Archaludon
|-damage|p2a: Archaludon|89/100
|-damage|p2a: Archaludon|78/100
|-damage|p2a: Archaludon|64/100
|-damage|p2a: Archaludon|53/100
|-hitcount|p2a: Archaludon|4
|-unboost|p1a: Dragonite|def|1
|-boost|p1a: Dragonite|spe|1
|move|p2a: Archaludon|Electro Shot||[still]
|-prepare|p2a: Archaludon|Electro Shot
|-boost|p2a: Archaludon|spa|1
|-anim|p2a: Archaludon|Electro Shot|p1b: Gholdengo
|-damage|p1b: Gholdengo|22/100
|move|p1b: Gholdengo|Shadow Ball|p2a: Archaludon
|-damage|p2a: Archaludon|0 fnt
|faint|p2a: Archaludon
|-damage|p1b: Gholdengo|13/100|[from] item: Life Orb
|move|p2b: Politoed|Weather Ball|p1b: Gholdengo
|-damage|p1b: Gholdengo|0 fnt
|faint|p1b: Gholdengo
|
|-weather|RainDance|[upkeep]
|upkeep
|
|t:|1757926086
|switch|p2a: Incineroar|Incineroar, L50, F|100/100
|switch|p1b: Maushold|Maushold-Four, L50|1/100
|-ability|p2a: Incineroar|Intimidate|boost
|-unboost|p1a: Dragonite|atk|1
|-unboost|p1b: Maushold|atk|1
|turn|5
|inactive|Archanile has 30 seconds left.
|inactive|igres17 has 30 seconds left.
|
|t:|1757926119
|move|p2a: Incineroar|Fake Out|p1a: Dragonite
|-damage|p1a: Dragonite|65/100
|cant|p1a: Dragonite|flinch
|move|p1b: Maushold|Taunt|p2b: Politoed
|-start|p2b: Politoed|move: Taunt
|move|p2b: Politoed|Weather Ball|p1b: Maushold
|-damage|p1b: Maushold|0 fnt
|faint|p1b: Maushold
|
|-weather|none
|upkeep
|turn|6
|
|t:|1757926133
|-terastallize|p1a: Dragonite|Fairy
|move|p1a: Dragonite|Scale Shot|p2a: Incineroar
|-damage|p2a: Incineroar|91/100
|-damage|p2a: Incineroar|82/100
|-damage|p2a: Incineroar|73/100
|-damage|p2a: Incineroar|64/100
|-damage|p2a: Incineroar|53/100
|-hitcount|p2a: Incineroar|5
|-unboost|p1a: Dragonite|def|1
|-boost|p1a: Dragonite|spe|1
|move|p2b: Politoed|Weather Ball|p1a: Dragonite
|-damage|p1a: Dragonite|53/100
|move|p2a: Incineroar|Knock Off|p1a: Dragonite
|-resisted|p1a: Dragonite
|-damage|p1a: Dragonite|5/100
|-enditem|p1a: Dragonite|Loaded Dice|[from] move: Knock Off|[of] p2a: Incineroar
|
|-end|p1a: Dragonite|Encore
|upkeep
|turn|7
|
|t:|1757926150
|move|p1a: Dragonite|Scale Shot|p2a: Incineroar
|-damage|p2a: Incineroar|44/100
|-crit|p2a: Incineroar
|-damage|p2a: Incineroar|24/100
|-damage|p2a: Incineroar|13/100
|-hitcount|p2a: Incineroar|3
|-unboost|p1a: Dragonite|def|1
|-boost|p1a: Dragonite|spe|1
|move|p2b: Politoed|Weather Ball|p1a: Dragonite
|-damage|p1a: Dragonite|0 fnt
|faint|p1a: Dragonite
|
|win|igres17
||Archanile is ready for game 2.
||igres17 is ready for game 2.
|uhtml|next|Next: Game 2 of 3
