|j|☆UnicornGrinder
|j|☆Divine Monkey King
|html|UnicornGrinderDivine Monkey King    
|uhtml|bestof|Game 2 of a best-of-3
|t:|1782623616
|gametype|doubles
|player|p1|UnicornGrinder|sabrina|1009
|player|p2|Divine Monkey King|rocketgrunt|1074
|gen|9
|tier|[Gen 9 Champions] VGC 2026 Reg M-B (Bo3)
|rated|
|rule|Species Clause: Limit one of each Pokémon
|rule|Item Clause: Limit 1 of each item
|clearpoke
|poke|p1|Bellibolt, L50, F|
|poke|p1|Jolteon, L50, F|
|poke|p1|Pikachu, L50, M|
|poke|p1|Raichu, L50, M|
|poke|p1|Rhyperior, L50, M|
|poke|p1|Sceptile, L50, M|
|poke|p2|Whimsicott, L50, F, shiny|
|poke|p2|Lucario, L50, M, shiny|
|poke|p2|Pelipper, L50, M, shiny|
|poke|p2|Beedrill, L50, M, shiny|
|poke|p2|Annihilape, L50, M, shiny|
|poke|p2|Basculegion, L50, M, shiny|
|teampreview|4
|showteam|p1|Bellibolt||ShellBell|Electromorphosis|ParabolicCharge,Protect,LightScreen,Reflect|Sassy||F|||50|]Jolteon||ShucaBerry|VoltAbsorb|Protect,WeatherBall,Discharge,Wish|Modest||F|||50|]Pikachu||LightBall|LightningRod|Thunder,FakeOut,GrassKnot,Discharge|Modest||M|||50|]Raichu||RaichuniteX|LightningRod|RisingVoltage,DrainPunch,FakeOut,PlayRough|Hasty||M|||50|]Rhyperior||QuickClaw|LightningRod|EarthPower,Thunder,Blizzard,FireBlast|Quiet||M|||50|]Sceptile||Sceptilite|Overgrow|DragonPulse,EarthPower,LeafStorm,GigaDrain|Timid||M|||50|
|showteam|p2|Whimsicott||FocusSash|Prankster|Moonblast,Protect,Tailwind,BeatUp|Timid||F|||50|]Lucario||Lucarionite|Justified|Crunch,DrainPunch,PoisonJab,Protect|Jolly||M|||50|]Pelipper||SitrusBerry|Drizzle|Hurricane,IceBeam,Protect,WeatherBall|Timid||M|||50|]Beedrill||Beedrillite|Sniper|DrillRun,PoisonJab,Protect,FellStinger|Jolly||M|||50|]Annihilape||Leftovers|Defiant|BulkUp,DrainPunch,RageFist,RockSlide|Adamant||M|||50|]Basculegion||MysticWater|SwiftSwim|AquaJet,FlipTurn,LastRespects,Protect|Adamant||M|||50|
|
|t:|1782623629
|teamsize|p1|4
|teamsize|p2|4
|start
|switch|p1a: Bellibolt|Bellibolt, L50, F|100/100
|switch|p1b: Rhyperior|Rhyperior, L50, M|100/100
|switch|p2a: Pelipper|Pelipper, L50, M, shiny|100/100
|switch|p2b: Basculegion|Basculegion, L50, M, shiny|100/100
|-weather|RainDance|[from] ability: Drizzle|[of] p2a: Pelipper
|turn|1
|
|t:|1782623652
|move|p2b: Basculegion|Aqua Jet|p1b: Rhyperior
|-supereffective|p1b: Rhyperior|2
|-damage|p1b: Rhyperior|11/100
|move|p2a: Pelipper|Weather Ball|p1a: Bellibolt
|-damage|p1a: Bellibolt|46/100
|-start|p1a: Bellibolt|Charge|Weather Ball|[from] ability: Electromorphosis
|move|p1a: Bellibolt|Parabolic Charge|p2a: Pelipper|[spread] p2a,p2b
|-ability|p1b: Rhyperior|Lightning Rod|boost
|-boost|p1b: Rhyperior|spa|1
|-supereffective|p2a: Pelipper|2
|-supereffective|p2b: Basculegion|1
|-damage|p2a: Pelipper|0 fnt
|-heal|p1a: Bellibolt|82/100|[from] drain|[of] p2a: Pelipper
|-damage|p2b: Basculegion|7/100
|-heal|p1a: Bellibolt|100/100|[from] drain|[of] p2b: Basculegion
|faint|p2a: Pelipper
|-end|p1a: Bellibolt|Charge|[silent]
|move|p1b: Rhyperior|Thunder|p2b: Basculegion
|-supereffective|p2b: Basculegion|1
|-damage|p2b: Basculegion|0 fnt
|faint|p2b: Basculegion
|
|-weather|RainDance|[upkeep]
|upkeep
|
|t:|1782623664
|switch|p2b: Lucario|Lucario, L50, M, shiny|100/100
|switch|p2a: Whimsicott|Whimsicott, L50, F, shiny|100/100
|turn|2
|
|t:|1782623702
|move|p2a: Whimsicott|Beat Up|p2b: Lucario
|-resisted|p2b: Lucario|1
|-crit|p2b: Lucario
|-damage|p2b: Lucario|97/100
|-ability|p2b: Lucario|Justified|boost
|-boost|p2b: Lucario|atk|1
|-resisted|p2b: Lucario|1
|-damage|p2b: Lucario|95/100
|-ability|p2b: Lucario|Justified|boost
|-boost|p2b: Lucario|atk|1
|-hitcount|p2b: Lucario|2
|move|p2b: Lucario|Drain Punch|p1b: Rhyperior
|-supereffective|p1b: Rhyperior|1
|-damage|p1b: Rhyperior|0 fnt
|-heal|p2b: Lucario|100/100|[from] drain|[of] p1b: Rhyperior
|faint|p1b: Rhyperior
|move|p1a: Bellibolt|Reflect|p1a: Bellibolt
|-sidestart|p1: UnicornGrinder|Reflect
|
|-weather|RainDance|[upkeep]
|upkeep
|
|t:|1782623733
|switch|p1b: Jolteon|Jolteon, L50, F|100/100
|turn|3
|
|t:|1782623751
|detailschange|p2b: Lucario|Lucario-Mega, L50, M, shiny
|-mega|p2b: Lucario|Lucario|Lucarionite
|move|p1b: Jolteon|Protect|p1b: Jolteon
|-singleturn|p1b: Jolteon|Protect
|move|p2a: Whimsicott|Tailwind|p2a: Whimsicott
|-sidestart|p2: Divine Monkey King|move: Tailwind
|move|p2b: Lucario|Drain Punch|p1b: Jolteon
|-activate|p1b: Jolteon|move: Protect
|move|p1a: Bellibolt|Parabolic Charge|p2b: Lucario|[spread] p2a,p2b
|-activate|p1b: Jolteon|move: Protect
|-resisted|p2a: Whimsicott|1
|-damage|p2a: Whimsicott|81/100
|-damage|p2b: Lucario|67/100
|
|-weather|RainDance|[upkeep]
|upkeep
|turn|4
|
|t:|1782623773
|move|p2a: Whimsicott|Moonblast|p1b: Jolteon
|-damage|p1b: Jolteon|54/100
|move|p2b: Lucario|Drain Punch|p1b: Jolteon
|-damage|p1b: Jolteon|0 fnt
|-heal|p2b: Lucario|93/100|[from] drain|[of] p1b: Jolteon
|faint|p1b: Jolteon
|move|p1a: Bellibolt|Parabolic Charge|p2a: Whimsicott|[spread] p2a,p2b
|-resisted|p2a: Whimsicott|1
|-damage|p2a: Whimsicott|62/100
|-damage|p2b: Lucario|57/100
|
|-weather|RainDance|[upkeep]
|upkeep
|
|t:|1782623779
|switch|p1b: Sceptile|Sceptile, L50, M|100/100
|turn|5
|
|t:|1782623811
|detailschange|p1b: Sceptile|Sceptile-Mega, L50, M
|-mega|p1b: Sceptile|Sceptile|Sceptilite
|move|p2a: Whimsicott|Moonblast|p1b: Sceptile
|-supereffective|p1b: Sceptile|1
|-damage|p1b: Sceptile|0 fnt
|faint|p1b: Sceptile
|move|p2b: Lucario|Drain Punch|p1a: Bellibolt
|-damage|p1a: Bellibolt|22/100
|-heal|p2b: Lucario|100/100|[from] drain|[of] p1a: Bellibolt
|-start|p1a: Bellibolt|Charge|Drain Punch|[from] ability: Electromorphosis
|move|p1a: Bellibolt|Parabolic Charge|p2a: Whimsicott|[spread] p2a,p2b
|-resisted|p2a: Whimsicott|1
|-damage|p2a: Whimsicott|23/100
|-heal|p1a: Bellibolt|36/100|[from] drain|[of] p2a: Whimsicott
|-damage|p2b: Lucario|36/100
|-heal|p1a: Bellibolt|61/100|[from] drain|[of] p2b: Lucario
|-heal|p1a: Bellibolt|70/100|[from] item: Shell Bell|[of] p2b: Lucario
|-end|p1a: Bellibolt|Charge|[silent]
|
|-weather|none
|upkeep
|turn|6
|
|t:|1782623837
|move|p2a: Whimsicott|Moonblast|p1a: Bellibolt
|-damage|p1a: Bellibolt|43/100
|-start|p1a: Bellibolt|Charge|Moonblast|[from] ability: Electromorphosis
|move|p2b: Lucario|Drain Punch|p1a: Bellibolt
|-crit|p1a: Bellibolt
|-damage|p1a: Bellibolt|0 fnt
|-heal|p2b: Lucario|63/100|[from] drain|[of] p1a: Bellibolt
|faint|p1a: Bellibolt
|
|win|Divine Monkey King
|raw|UnicornGrinder's rating: 1009 → 1000(-9 for losing)
|raw|Divine Monkey King's rating: 1074 → 1098(+24 for winning)
|c|☆Divine Monkey King|Gg
|l|☆UnicornGrinder
|player|p1|
