|j|☆Mvine11
|j|☆Googy11
|html|Mvine11Googy11    
|uhtml|bestof|Game 1 of a best-of-3
|t:|1785785932
|gametype|doubles
|player|p1|Mvine11|169|
|player|p2|Googy11|ethan|
|gen|9
|tier|[Gen 9 Champions] VGC 2026 Reg M-B (Bo3)
|rule|Species Clause: Limit one of each Pokémon
|rule|Item Clause: Limit 1 of each item
|clearpoke
|poke|p1|Vivillon-Polar, L50, F|
|poke|p1|Raichu, L50, F|
|poke|p1|Decidueye-Hisui, L50, F|
|poke|p1|Primarina, L50, M|
|poke|p1|Sneasler, L50, F|
|poke|p1|Arcanine-Hisui, L50, M, shiny|
|poke|p2|Basculegion, L50, M|
|poke|p2|Sceptile, L50, M|
|poke|p2|Rotom-Heat, L50|
|poke|p2|Tinkaton, L50, F|
|poke|p2|Mamoswine, L50, M|
|poke|p2|Gardevoir, L50, F|
|teampreview|4
|showteam|p1|Vivillon-Polar||FocusSash|ShieldDust|SleepPowder,Protect,Hurricane,Tailwind|Timid||F|||50|]Raichu||RaichuniteY|Static|ZapCannon,FocusBlast,Protect,VoltSwitch|Timid||F|||50|]Decidueye-Hisui||LifeOrb|Scrappy|TripleArrows,LeafBlade,Protect,SuckerPunch|Adamant||F|||50|]Primarina||Leftovers|LiquidVoice|Protect,Moonblast,CalmMind,HyperVoice|Modest||M|||50|]Sneasler||WhiteHerb|Unburden|CloseCombat,DireClaw,FakeOut,Protect|Jolly||F|||50|]Arcanine-Hisui||ChoiceScarf|RockHead|FlareBlitz,RockSlide,HeadSmash,WillOWisp|Jolly||M|||50|
|showteam|p2|Basculegion||WacanBerry|SwiftSwim|WaveCrash,LastRespects,AquaJet,Protect|Adamant||M|||50|]Sceptile||Sceptilite|Overgrow|EnergyBall,DragonPulse,EarthPower,Protect|Timid||M|||50|]Rotom-Heat||ChoiceScarf|Levitate|Electroweb,Discharge,Overheat,VoltSwitch|Timid|||||50|]Tinkaton||OccaBerry|MoldBreaker|FakeOut,RockSlide,GigatonHammer,KnockOff|Adamant||F|||50|]Mamoswine||FocusSash|Oblivious|HighHorsepower,IcicleCrash,IceShard,Protect|Jolly||M|||50|]Gardevoir||Gardevoirite|Synchronize|HyperVoice,Psychic,EnergyBall,Protect|Bold||F|||50|
|
|t:|1785785969
|teamsize|p1|4
|teamsize|p2|4
|start
|switch|p1a: Arcanine|Arcanine-Hisui, L50, M, shiny|100/100
|switch|p1b: Sneasler|Sneasler, L50, F|100/100
|switch|p2a: Rotom|Rotom-Heat, L50|100/100
|switch|p2b: Sceptile|Sceptile, L50, M|100/100
|turn|1
|
|t:|1785786011
|detailschange|p2b: Sceptile|Sceptile-Mega, L50, M
|-mega|p2b: Sceptile|Sceptile|Sceptilite
|move|p2b: Sceptile|Protect|p2b: Sceptile
|-singleturn|p2b: Sceptile|Protect
|move|p1b: Sneasler|Fake Out|p2b: Sceptile
|-activate|p2b: Sceptile|move: Protect
|move|p1a: Arcanine|Head Smash|p2a: Rotom
|-supereffective|p2a: Rotom|1
|-damage|p2a: Rotom|0 fnt
|faint|p2a: Rotom
|
|upkeep
|
|t:|1785786031
|switch|p2a: Mamoswine|Mamoswine, L50, M|100/100
|turn|2
|
|t:|1785786057
|switch|p1a: Decidueye|Decidueye-Hisui, L50, F|100/100
|move|p2b: Sceptile|Earth Power|p1b: Sneasler
|-supereffective|p1b: Sneasler|1
|-damage|p1b: Sneasler|17/100
|move|p1b: Sneasler|Close Combat|p2a: Mamoswine
|-supereffective|p2a: Mamoswine|1
|-enditem|p2a: Mamoswine|Focus Sash
|-damage|p2a: Mamoswine|1/100
|-unboost|p1b: Sneasler|def|1
|-unboost|p1b: Sneasler|spd|1
|-enditem|p1b: Sneasler|White Herb
|-clearnegativeboost|p1b: Sneasler|[silent]
|move|p2a: Mamoswine|High Horsepower|p1a: Decidueye
|-resisted|p1a: Decidueye|1
|-damage|p1a: Decidueye|66/100
|
|upkeep
|turn|3
|
|t:|1785786091
|move|p2a: Mamoswine|Ice Shard|p1b: Sneasler
|-damage|p1b: Sneasler|0 fnt
|faint|p1b: Sneasler
|move|p1a: Decidueye|Sucker Punch||[still]
|-fail|p1a: Decidueye
|move|p2b: Sceptile|Dragon Pulse|p1a: Decidueye
|-damage|p1a: Decidueye|8/100
|
|upkeep
|
|t:|1785786100
|switch|p1b: Arcanine|Arcanine-Hisui, L50, M, shiny|100/100
|turn|4
|
|t:|1785786153
|move|p2b: Sceptile|Protect|p2b: Sceptile
|-singleturn|p2b: Sceptile|Protect
|move|p1a: Decidueye|Protect|p1a: Decidueye
|-singleturn|p1a: Decidueye|Protect
|move|p2a: Mamoswine|Ice Shard|p1a: Decidueye
|-activate|p1a: Decidueye|move: Protect
|move|p1b: Arcanine|Rock Slide|p2b: Sceptile|[spread] p2a
|-activate|p2b: Sceptile|move: Protect
|-damage|p2a: Mamoswine|0 fnt
|faint|p2a: Mamoswine
|
|upkeep
|
|t:|1785786161
|switch|p2a: Basculegion|Basculegion, L50, M|100/100
|turn|5
|
|t:|1785786191
|move|p2a: Basculegion|Aqua Jet|p1a: Decidueye
|-resisted|p1a: Decidueye|1
|-damage|p1a: Decidueye|0 fnt
|faint|p1a: Decidueye
|move|p1b: Arcanine|Rock Slide|p2b: Sceptile|[spread] p2a,p2b
|-damage|p2a: Basculegion|71/100
|-damage|p2b: Sceptile|61/100
|move|p2b: Sceptile|Earth Power|p1b: Arcanine
|-supereffective|p1b: Arcanine|2
|-damage|p1b: Arcanine|0 fnt
|faint|p1b: Arcanine
|
|upkeep
|
|t:|1785786203
|switch|p1a: Raichu|Raichu, L50, F|100/100
|turn|6
|
|t:|1785786217
|detailschange|p1a: Raichu|Raichu-Mega-Y, L50, F
|-mega|p1a: Raichu|Raichu|Raichunite Y
|move|p2a: Basculegion|Aqua Jet|p1a: Raichu
|-damage|p1a: Raichu|62/100
|move|p2b: Sceptile|Earth Power|p1a: Raichu
|-supereffective|p1a: Raichu|1
|-damage|p1a: Raichu|0 fnt
|faint|p1a: Raichu
|
|win|Googy11
