|j|☆battle sim trainer
|j|☆Golden_Regidrago
|html|battle sim trainerGolden_Regidrago    
|uhtml|bestof|Game 2 of a best-of-3
|t:|1783710228
|gametype|doubles
|player|p1|battle sim trainer|turo|1151
|player|p2|Golden_Regidrago|ghetsis|1165
|gen|9
|tier|[Gen 9 Champions] VGC 2026 Reg M-B (Bo3)
|rated|
|rule|Species Clause: Limit one of each Pokémon
|rule|Item Clause: Limit 1 of each item
|clearpoke
|poke|p1|Swampert, L50, F|
|poke|p1|Pelipper, L50, F|
|poke|p1|Archaludon, L50, M|
|poke|p1|Grimmsnarl, L50, M|
|poke|p1|Venusaur, L50, F|
|poke|p1|Charizard, L50, F|
|poke|p2|Floette-Eternal, L50, F|
|poke|p2|Incineroar, L50, F|
|poke|p2|Sneasler, L50, F|
|poke|p2|Sinistcha, L50|
|poke|p2|Delphox, L50, F|
|poke|p2|Kingambit, L50, F|
|teampreview|4
|showteam|p1|Swampert||Swampertite|Damp|WaveCrash,Earthquake,IcePunch,Protect|Adamant||F|||50|]Pelipper||SitrusBerry|Drizzle|Hurricane,WeatherBall,Tailwind,Protect|Modest||F|||50|]Archaludon||Leftovers|Stamina|ElectroShot,DragonPulse,FlashCannon,Protect|Modest||M|||50|]Grimmsnarl||LightClay|Prankster|SpiritBreak,Reflect,LightScreen,PartingShot|Careful||M|||50|]Venusaur||LifeOrb|Chlorophyll|GigaDrain,EarthPower,SludgeBomb,Protect|Modest||F|||50|]Charizard||CharizarditeY|Blaze|WeatherBall,SolarBeam,Hurricane,Protect|Modest||F|||50|
|showteam|p2|Floette-Eternal||Floettite|FlowerVeil|DazzlingGleam,CalmMind,Moonblast,Protect|Modest||F|||50|]Incineroar||PasshoBerry|Intimidate|FlareBlitz,PartingShot,ThroatChop,FakeOut|Brave||F|||50|]Sneasler||FocusSash|PoisonTouch|FakeOut,DireClaw,CloseCombat,QuickGuard|Jolly||F|||50|]Sinistcha||SitrusBerry|Hospitality|MatchaGotcha,TrickRoom,Protect,RagePowder|Relaxed|||||50|]Delphox||Delphoxite|Blaze|HeatWave,Psyshock,NastyPlot,Protect|Timid||F|||50|]Kingambit||BlackGlasses|Defiant|SuckerPunch,KowtowCleave,IronHead,SwordsDance|Brave||F|||50|
|inactive|Battle timer is ON: inactive players will automatically lose when time's up. (requested by Golden_Regidrago)
|inactive|battle sim trainer has 60 seconds left.
|inactive|Golden_Regidrago has 60 seconds left.
|
|t:|1783710280
|teamsize|p1|4
|teamsize|p2|4
|start
|switch|p1a: Grimmsnarl|Grimmsnarl, L50, M|100/100
|switch|p1b: Venusaur|Venusaur, L50, F|100/100
|switch|p2a: Sinistcha|Sinistcha, L50|100/100
|switch|p2b: Sneasler|Sneasler, L50, F|100/100
|turn|1
|inactive|Golden_Regidrago has 30 seconds left.
|
|t:|1783710313
|move|p2b: Sneasler|Fake Out|p1b: Venusaur
|-damage|p1b: Venusaur|85/100
|move|p1a: Grimmsnarl|Reflect|p1a: Grimmsnarl
|-sidestart|p1: battle sim trainer|Reflect
|cant|p1b: Venusaur|flinch
|move|p2a: Sinistcha|Matcha Gotcha|p1a: Grimmsnarl|[spread] p1a
|-miss|p2a: Sinistcha|p1b: Venusaur
|-damage|p1a: Grimmsnarl|78/100
|
|upkeep
|turn|2
|inactive|battle sim trainer has 30 seconds left.
|inactive|battle sim trainer has 20 seconds left.
|inactive|battle sim trainer has 15 seconds left.
|inactive|battle sim trainer has 10 seconds left.
|inactive|Golden_Regidrago has 30 seconds left.
|inactive|battle sim trainer has 5 seconds left.
|
|t:|1783710364
|switch|p2a: Incineroar|Incineroar, L50, F|100/100
|-ability|p2a: Incineroar|Intimidate|boost
|-unboost|p1a: Grimmsnarl|atk|1
|-unboost|p1b: Venusaur|atk|1
|move|p1a: Grimmsnarl|Light Screen|p1a: Grimmsnarl
|-sidestart|p1: battle sim trainer|move: Light Screen
|move|p2b: Sneasler|Dire Claw|p1a: Grimmsnarl
|-supereffective|p1a: Grimmsnarl|1
|-damage|p1a: Grimmsnarl|22/100
|move|p1b: Venusaur|Sludge Bomb|p2a: Incineroar
|-crit|p2a: Incineroar
|-damage|p2a: Incineroar|37/100
|-damage|p1b: Venusaur|75/100|[from] item: Life Orb
|
|upkeep
|turn|3
|inactive|battle sim trainer has 30 seconds left.
|inactive|Golden_Regidrago has 30 seconds left.
|inactive|battle sim trainer has 20 seconds left.
|inactive|battle sim trainer has 15 seconds left.
|
|t:|1783710409
|move|p2a: Incineroar|Fake Out|p1b: Venusaur
|-damage|p1b: Venusaur|66/100
|move|p1a: Grimmsnarl|Parting Shot|p2b: Sneasler
|-unboost|p2b: Sneasler|atk|1
|-unboost|p2b: Sneasler|spa|1
|
|t:|1783710419
|switch|p1a: Swampert|Swampert, L50, F|100/100|[from] Parting Shot
|move|p2b: Sneasler|Dire Claw|p1b: Venusaur
|-damage|p1b: Venusaur|45/100
|cant|p1b: Venusaur|flinch
|
|upkeep
|turn|4
|inactive|Golden_Regidrago has 30 seconds left.
|
|t:|1783710445
|switch|p2b: Sinistcha|Sinistcha, L50|100/100
|-heal|p2a: Incineroar|62/100|[from] ability: Hospitality|[of] p2b: Sinistcha
|switch|p1b: Pelipper|Pelipper, L50, F|100/100
|-weather|RainDance|[from] ability: Drizzle|[of] p1b: Pelipper
|switch|p2a: Floette|Floette-Eternal, L50, F|100/100
|detailschange|p1a: Swampert|Swampert-Mega, L50, F
|-mega|p1a: Swampert|Swampert|Swampertite
|move|p1a: Swampert|Earthquake|p2a: Floette|[spread] p2a,p2b
|-immune|p1b: Pelipper
|-resisted|p2b: Sinistcha|1
|-damage|p2a: Floette|33/100
|-damage|p2b: Sinistcha|81/100
|
|-weather|RainDance|[upkeep]
|upkeep
|turn|5
|inactive|battle sim trainer has 30 seconds left.
|
|t:|1783710474
|switch|p2a: Incineroar|Incineroar, L50, F|62/100
|-ability|p2a: Incineroar|Intimidate|boost
|-unboost|p1a: Swampert|atk|1
|-unboost|p1b: Pelipper|atk|1
|move|p1a: Swampert|Protect|p1a: Swampert
|-singleturn|p1a: Swampert|Protect
|move|p2b: Sinistcha|Protect|p2b: Sinistcha
|-singleturn|p2b: Sinistcha|Protect
|move|p1b: Pelipper|Tailwind|p1b: Pelipper
|-sidestart|p1: battle sim trainer|move: Tailwind
|
|-weather|RainDance|[upkeep]
|upkeep
|turn|6
|
|t:|1783710494
|switch|p1a: Venusaur|Venusaur, L50, F|45/100
|move|p2a: Incineroar|Fake Out|p1b: Pelipper
|-damage|p1b: Pelipper|92/100
|cant|p1b: Pelipper|flinch
|move|p2b: Sinistcha|Matcha Gotcha|p1a: Venusaur|[spread] p1a,p1b
|-resisted|p1a: Venusaur|2
|-damage|p1a: Venusaur|41/100
|-heal|p2b: Sinistcha|83/100|[from] drain|[of] p1a: Venusaur
|-damage|p1b: Pelipper|75/100
|-heal|p2b: Sinistcha|91/100|[from] drain|[of] p1b: Pelipper
|
|-weather|RainDance|[upkeep]
|upkeep
|turn|7
|inactive|Golden_Regidrago has 30 seconds left.
|
|t:|1783710524
|move|p2b: Sinistcha|Protect|p2b: Sinistcha
|-singleturn|p2b: Sinistcha|Protect
|move|p1a: Venusaur|Sludge Bomb|p2b: Sinistcha
|-activate|p2b: Sinistcha|move: Protect
|move|p1b: Pelipper|Hurricane|p2b: Sinistcha
|-activate|p2b: Sinistcha|move: Protect
|move|p2a: Incineroar|Parting Shot|p1b: Pelipper
|-unboost|p1b: Pelipper|atk|1
|-unboost|p1b: Pelipper|spa|1
|
|t:|1783710535
|switch|p2a: Floette|Floette-Eternal, L50, F|33/100|[from] Parting Shot
|
|-weather|RainDance|[upkeep]
|upkeep
|turn|8
|inactive|Golden_Regidrago has 30 seconds left.
|
|t:|1783710563
|detailschange|p2a: Floette|Floette-Mega, L50, F
|-mega|p2a: Floette|Floette|Floettite
|-ability|p2a: Floette|Fairy Aura
|move|p2b: Sinistcha|Rage Powder|p2b: Sinistcha
|-singleturn|p2b: Sinistcha|move: Rage Powder
|move|p1a: Venusaur|Sludge Bomb|p2a: Floette
|-supereffective|p2a: Floette|1
|-damage|p2a: Floette|0 fnt
|faint|p2a: Floette
|-damage|p1a: Venusaur|32/100|[from] item: Life Orb
|move|p1b: Pelipper|Hurricane|p2b: Sinistcha
|-supereffective|p2b: Sinistcha|1
|-damage|p2b: Sinistcha|30/100
|-enditem|p2b: Sinistcha|Sitrus Berry|[eat]
|-heal|p2b: Sinistcha|55/100|[from] item: Sitrus Berry
|
|-weather|none
|-sideend|p1: battle sim trainer|Reflect
|-sideend|p1: battle sim trainer|move: Tailwind
|upkeep
|
|t:|1783710585
|switch|p2a: Sneasler|Sneasler, L50, F|100/100
|turn|9
|
|t:|1783710596
|switch|p2b: Incineroar|Incineroar, L50, F|62/100
|-ability|p2b: Incineroar|Intimidate|boost
|-unboost|p1a: Venusaur|atk|1
|-unboost|p1b: Pelipper|atk|1
|move|p1a: Venusaur|Protect|p1a: Venusaur
|-singleturn|p1a: Venusaur|Protect
|move|p2a: Sneasler|Dire Claw|p1a: Venusaur
|-activate|p1a: Venusaur|move: Protect
|move|p1b: Pelipper|Tailwind|p1b: Pelipper
|-sidestart|p1: battle sim trainer|move: Tailwind
|
|-sideend|p1: battle sim trainer|move: Light Screen
|upkeep
|turn|10
|
|t:|1783710615
|switch|p1b: Swampert|Swampert-Mega, L50, F|100/100
|move|p2b: Incineroar|Fake Out|p1a: Venusaur
|-damage|p1a: Venusaur|18/100
|cant|p1a: Venusaur|flinch
|move|p2a: Sneasler|Close Combat|p1b: Swampert
|-damage|p1b: Swampert|41/100
|-unboost|p2a: Sneasler|def|1
|-unboost|p2a: Sneasler|spd|1
|
|upkeep
|turn|11
|
|t:|1783710634
|switch|p1a: Pelipper|Pelipper, L50, F|75/100
|-weather|RainDance|[from] ability: Drizzle|[of] p1a: Pelipper
|switch|p2b: Sinistcha|Sinistcha, L50|55/100
|move|p1b: Swampert|Earthquake|p2a: Sneasler|[spread] p2a,p2b
|-immune|p1a: Pelipper
|-supereffective|p2a: Sneasler|1
|-resisted|p2b: Sinistcha|1
|-enditem|p2a: Sneasler|Focus Sash
|-damage|p2a: Sneasler|1/100
|-damage|p2b: Sinistcha|38/100
|move|p2a: Sneasler|Close Combat|p1a: Pelipper
|-resisted|p1a: Pelipper|1
|-damage|p1a: Pelipper|43/100
|-unboost|p2a: Sneasler|def|1
|-unboost|p2a: Sneasler|spd|1
|-enditem|p1a: Pelipper|Sitrus Berry|[eat]
|-heal|p1a: Pelipper|68/100|[from] item: Sitrus Berry
|
|-weather|RainDance|[upkeep]
|upkeep
|turn|12
|inactive|battle sim trainer has 30 seconds left.
|
|t:|1783710668
|move|p2b: Sinistcha|Protect|p2b: Sinistcha
|-singleturn|p2b: Sinistcha|Protect
|move|p1b: Swampert|Earthquake|p2b: Sinistcha|[spread] p2a
|-activate|p2b: Sinistcha|move: Protect
|-immune|p1a: Pelipper
|-supereffective|p2a: Sneasler|1
|-crit|p2a: Sneasler
|-damage|p2a: Sneasler|0 fnt
|faint|p2a: Sneasler
|move|p1a: Pelipper|Hurricane|p2b: Sinistcha
|-activate|p2b: Sinistcha|move: Protect
|
|-weather|RainDance|[upkeep]
|-sideend|p1: battle sim trainer|move: Tailwind
|upkeep
|
|t:|1783710680
|switch|p2a: Incineroar|Incineroar, L50, F|62/100
|-ability|p2a: Incineroar|Intimidate|boost
|-unboost|p1a: Pelipper|atk|1
|-unboost|p1b: Swampert|atk|1
|turn|13
|
|t:|1783710685
|move|p2a: Incineroar|Fake Out|p1a: Pelipper
|-damage|p1a: Pelipper|56/100
|move|p1b: Swampert|Ice Punch|p2b: Sinistcha
|-supereffective|p2b: Sinistcha|1
|-damage|p2b: Sinistcha|6/100
|cant|p1a: Pelipper|flinch
|move|p2b: Sinistcha|Trick Room|p2b: Sinistcha
|-fieldstart|move: Trick Room|[of] p2b: Sinistcha
|
|-weather|RainDance|[upkeep]
|upkeep
|turn|14
|
|t:|1783710698
|switch|p1b: Grimmsnarl|Grimmsnarl, L50, M|22/100
|move|p2a: Incineroar|Throat Chop|p1a: Pelipper
|-damage|p1a: Pelipper|18/100
|-start|p1a: Pelipper|Throat Chop|[silent]
|move|p2b: Sinistcha|Matcha Gotcha|p1b: Grimmsnarl|[spread] p1a
|-miss|p2b: Sinistcha|p1b: Grimmsnarl
|-damage|p1a: Pelipper|0 fnt
|-heal|p2b: Sinistcha|14/100|[from] drain|[of] p1a: Pelipper
|faint|p1a: Pelipper
|
|-weather|RainDance|[upkeep]
|upkeep
|
|t:|1783710705
|switch|p1a: Venusaur|Venusaur, L50, F|18/100
|turn|15
|
|t:|1783710726
|move|p2b: Sinistcha|Protect|p2b: Sinistcha
|-singleturn|p2b: Sinistcha|Protect
|move|p2a: Incineroar|Flare Blitz|p1b: Grimmsnarl
|-damage|p1b: Grimmsnarl|0 fnt
|faint|p1b: Grimmsnarl
|-damage|p2a: Incineroar|55/100|[from] Recoil
|move|p1a: Venusaur|Earth Power|p2b: Sinistcha
|-activate|p2b: Sinistcha|move: Protect
|
|-weather|none
|upkeep
|
|t:|1783710735
|switch|p1b: Swampert|Swampert-Mega, L50, F|41/100
|turn|16
|
|t:|1783710755
|move|p1a: Venusaur|Protect|p1a: Venusaur
|-singleturn|p1a: Venusaur|Protect
|move|p1b: Swampert|Protect|p1b: Swampert
|-singleturn|p1b: Swampert|Protect
|move|p2a: Incineroar|Flare Blitz|p1a: Venusaur
|-activate|p1a: Venusaur|move: Protect
|move|p2b: Sinistcha|Matcha Gotcha|p1a: Venusaur|[spread] 
|-activate|p1a: Venusaur|move: Protect
|-activate|p1b: Swampert|move: Protect
|
|upkeep
|turn|17
|
|t:|1783710763
|move|p1a: Venusaur|Protect||[still]
|-fail|p1a: Venusaur
|move|p1b: Swampert|Protect||[still]
|-fail|p1b: Swampert
|move|p2a: Incineroar|Flare Blitz|p1a: Venusaur
|-supereffective|p1a: Venusaur|1
|-damage|p1a: Venusaur|0 fnt
|faint|p1a: Venusaur
|-damage|p2a: Incineroar|48/100|[from] Recoil
|move|p2b: Sinistcha|Matcha Gotcha|p1b: Swampert
|-supereffective|p1b: Swampert|2
|-damage|p1b: Swampert|0 fnt
|-heal|p2b: Sinistcha|35/100|[from] drain|[of] p1b: Swampert
|faint|p1b: Swampert
|
|win|Golden_Regidrago
||battle sim trainer is ready for game 3.
||Golden_Regidrago is ready for game 3.
|uhtml|next|Next: Game 3 of 3
|l|☆Golden_Regidrago
|player|p2|
|j|☆Golden_Regidrago
|player|p2|Golden_Regidrago|ghetsis|
