|j|☆nman101010
|j|☆avalos jr
|html|nman101010avalos jr    
|uhtml|bestof|Game 2 of a best-of-3
|t:|1783268155
|gametype|doubles
|player|p1|nman101010|1|1138
|player|p2|avalos jr|miku-ghost|1193
|gen|9
|tier|[Gen 9 Champions] VGC 2026 Reg M-B (Bo3)
|rated|
|rule|Species Clause: Limit one of each Pokémon
|rule|Item Clause: Limit 1 of each item
|clearpoke
|poke|p1|Metagross, L50|
|poke|p1|Hydreigon, L50, M|
|poke|p1|Farigiraf, L50, M|
|poke|p1|Sylveon, L50, F|
|poke|p1|Gholdengo, L50|
|poke|p1|Dragonite, L50, M|
|poke|p2|Floette-Eternal, L50, F|
|poke|p2|Incineroar, L50, F, shiny|
|poke|p2|Sinistcha, L50, shiny|
|poke|p2|Garchomp, L50, M, shiny|
|poke|p2|Whimsicott, L50, F, shiny|
|poke|p2|Delphox, L50, F, shiny|
|teampreview|4
|showteam|p1|Metagross||Metagrossite|ClearBody|PsychicFangs,BulletPunch,HammerArm,Protect|Adamant|||||50|]Hydreigon||ChoiceScarf|Levitate|DracoMeteor,DarkPulse,Snarl,EarthPower|Modest||M|||50|]Farigiraf||SitrusBerry|ArmorTail|Psychic,HelpingHand,TrickRoom,Protect|Bold||M|||50|]Sylveon||FairyFeather|Pixilate|HyperVoice,HyperBeam,QuickAttack,Protect|Modest||F|||50|]Gholdengo||LifeOrb|GoodasGold|ShadowBall,MakeItRain,PowerGem,Protect|Modest|||||50|]Dragonite||Dragoninite|Multiscale|Tailwind,AirSlash,DracoMeteor,Haze|Modest||M|||50|
|showteam|p2|Floette-Eternal||Floettite|FlowerVeil|DrainingKiss,DazzlingGleam,CalmMind,Protect|Modest||F|||50|]Incineroar||Charcoal|Intimidate|FakeOut,ThroatChop,FlareBlitz,PartingShot|Adamant||F|||50|]Sinistcha||CobaBerry|Hospitality|MatchaGotcha,RagePowder,LifeDew,TrickRoom|Bold|||||50|]Garchomp||LifeOrb|RoughSkin|RockSlide,Earthquake,DragonClaw,Protect|Jolly||M|||50|]Whimsicott||FairyFeather|Prankster|Moonblast,Tailwind,Encore,Protect|Timid||F|||50|]Delphox||Delphoxite|Blaze|HeatWave,Psychic,NastyPlot,Protect|Timid||F|||50|
|inactive|Battle timer is ON: inactive players will automatically lose when time's up. (requested by avalos jr)
|
|t:|1783268184
|teamsize|p1|4
|teamsize|p2|4
|start
|switch|p1a: Metagross|Metagross, L50|100/100
|switch|p1b: Hydreigon|Hydreigon, L50, M|100/100
|switch|p2a: Psychopomp|Delphox, L50, F, shiny|100/100
|switch|p2b: Flaure|Whimsicott, L50, F, shiny|100/100
|turn|1
|inactive|nman101010 has 30 seconds left.
|
|t:|1783268214
|detailschange|p2a: Psychopomp|Delphox-Mega, L50, F, shiny
|-mega|p2a: Psychopomp|Delphox|Delphoxite
|detailschange|p1a: Metagross|Metagross-Mega, L50
|-mega|p1a: Metagross|Metagross|Metagrossite
|move|p2a: Psychopomp|Protect|p2a: Psychopomp
|-singleturn|p2a: Psychopomp|Protect
|move|p1a: Metagross|Bullet Punch|p2b: Flaure
|-supereffective|p2b: Flaure|1
|-damage|p2b: Flaure|21/100
|move|p1b: Hydreigon|Dark Pulse|p2a: Psychopomp
|-activate|p2a: Psychopomp|move: Protect
|move|p2b: Flaure|Moonblast|p1b: Hydreigon
|-supereffective|p1b: Hydreigon|2
|-damage|p1b: Hydreigon|0 fnt
|faint|p1b: Hydreigon
|
|upkeep
|
|t:|1783268236
|switch|p1b: Sylveon|Sylveon, L50, F|100/100
|turn|2
|
|t:|1783268252
|move|p1a: Metagross|Bullet Punch|p2b: Flaure
|-supereffective|p2b: Flaure|1
|-damage|p2b: Flaure|0 fnt
|faint|p2b: Flaure
|move|p2a: Psychopomp|Heat Wave|p1b: Sylveon|[spread] p1a,p1b
|-supereffective|p1a: Metagross|1
|-crit|p1b: Sylveon
|-damage|p1a: Metagross|29/100
|-damage|p1b: Sylveon|59/100
|move|p1b: Sylveon|Hyper Beam|p2a: Psychopomp
|-resisted|p2a: Psychopomp|1
|-damage|p2a: Psychopomp|50/100g
|-mustrecharge|p1b: Sylveon
|
|upkeep
|
|t:|1783268260
|switch|p2b: Beri|Sinistcha, L50, shiny|100/100
|-heal|p2a: Psychopomp|75/100|[from] ability: Hospitality|[of] p2b: Beri
|turn|3
|
|t:|1783268269
|move|p1a: Metagross|Bullet Punch|p2b: Beri
|-damage|p2b: Beri|74/100
|move|p2a: Psychopomp|Heat Wave|p1b: Sylveon|[spread] p1a,p1b
|-supereffective|p1a: Metagross|1
|-damage|p1a: Metagross|0 fnt
|-damage|p1b: Sylveon|31/100
|faint|p1a: Metagross
|move|p2b: Beri|Life Dew|p2b: Beri|[spread] p2a,p2b
|-heal|p2a: Psychopomp|100/100
|-heal|p2b: Beri|99/100
|cant|p1b: Sylveon|recharge
|
|upkeep
|
|t:|1783268282
|switch|p1a: Gholdengo|Gholdengo, L50|100/100
|turn|4
|
|t:|1783268292
|move|p2b: Beri|Rage Powder|p2b: Beri
|-singleturn|p2b: Beri|move: Rage Powder
|move|p2a: Psychopomp|Heat Wave|p1a: Gholdengo|[spread] p1a,p1b
|-supereffective|p1a: Gholdengo|1
|-damage|p1a: Gholdengo|14/100
|-damage|p1b: Sylveon|0 fnt
|faint|p1b: Sylveon
|move|p1a: Gholdengo|Shadow Ball|p2b: Beri
|-supereffective|p2b: Beri|1
|-damage|p2b: Beri|0 fnt
|faint|p2b: Beri
|-damage|p1a: Gholdengo|4/100|[from] item: Life Orb
|
|upkeep
|
|t:|1783268298
|switch|p2b: Dandelion|Floette-Eternal, L50, F|100/100
|turn|5
|
|t:|1783268306
|move|p2a: Psychopomp|Psychic|p1a: Gholdengo
|-resisted|p1a: Gholdengo|1
|-damage|p1a: Gholdengo|0 fnt
|faint|p1a: Gholdengo
|
|win|avalos jr
