|j|☆iceshard00
|j|☆Yoters
|html|iceshard00Yoters    
|uhtml|bestof|Game 3 of a best-of-3
|t:|1756152316
|gametype|doubles
|player|p1|iceshard00|lucas|1055
|player|p2|Yoters|veteranf|1044
|gen|9
|tier|[Gen 9] VGC 2025 Reg H (Bo3)
|rated|
|rule|Species Clause: Limit one of each Pokémon
|rule|Item Clause: Limit 1 of each item
|clearpoke
|poke|p1|Ninetales-Alola, L50, M|
|poke|p1|Baxcalibur, L50, F|
|poke|p1|Empoleon, L50, F|
|poke|p1|Volcarona, L50, M|
|poke|p1|Talonflame, L50, M|
|poke|p1|Rillaboom, L50, M|
|poke|p2|Torkoal, L50, M|
|poke|p2|Lilligant-Hisui, L50, F|
|poke|p2|Golem-Alola, L50, M|
|poke|p2|Corviknight, L50, M|
|poke|p2|Gliscor, L50, F|
|poke|p2|Dragapult, L50, F|
|teampreview|4
|showteam|p1|Ninetales-Alola||LightClay|SnowWarning|Blizzard,IcyWind,AuroraVeil,HelpingHand|||M|||50|,,,,,Water]Baxcalibur||ClearAmulet|ThermalExchange|IcicleCrash,GlaiveRush,HighHorsepower,Protect|||F|||50|,,,,,Fire]Empoleon||Leftovers|Competitive|WaterPledge,FlashCannon,Haze,Protect|||F|||50|,,,,,Fairy]Volcarona||SitrusBerry|FlameBody|HeatWave,GigaDrain,QuiverDance,Protect|||M|||50|,,,,,Grass]Talonflame||CovertCloak|GaleWings|DualWingbeat,FlareBlitz,Tailwind,Taunt|||M|||50|,,,,,Stellar]Rillaboom||AssaultVest|GrassySurge|WoodHammer,GrassyGlide,FakeOut,HighHorsepower|||M|||50|,,,,,Fire
|showteam|p2|Torkoal||EjectPack|Drought|Overheat,ClearSmog,EarthPower,Protect|||M|||50|,,,,,Grass]Lilligant-Hisui||LifeOrb|Chlorophyll|SolarBlade,IceSpinner,AfterYou,Protect|||F|||50|,,,,,Fire]Golem-Alola||ClearAmulet|Galvanize|Explosion,DoubleEdge,Protect,RockSlide|||M|||50|,,,,,Electric]Corviknight||RockyHelmet|MirrorArmor|LightScreen,Tailwind,BodyPress,Uturn|||M|||50|,,,,,Dragon]Gliscor||ToxicOrb|PoisonHeal|KnockOff,HighHorsepower,Protect,SunnyDay|||F|||50|,,,,,Steel]Dragapult||AssaultVest|ClearBody|DragonDarts,PsychicFangs,SuckerPunch,Uturn|||F|||50|,,,,,Fairy
|
|t:|1756152359
|teamsize|p1|4
|teamsize|p2|4
|start
|switch|p1a: Ninetales|Ninetales-Alola, L50, M|100/100
|switch|p1b: Baxcalibur|Baxcalibur, L50, F|100/100
|switch|p2a: Dragapult|Dragapult, L50, F|100/100
|switch|p2b: Golem|Golem-Alola, L50, M|100/100
|-weather|Snowscape|[from] ability: Snow Warning|[of] p1a: Ninetales
|turn|1
|
|t:|1756152403
|switch|p2b: Torkoal|Torkoal, L50, M|100/100
|-weather|SunnyDay|[from] ability: Drought|[of] p2b: Torkoal
|-terastallize|p2a: Dragapult|Fairy
|move|p1b: Baxcalibur|Protect|p1b: Baxcalibur
|-singleturn|p1b: Baxcalibur|Protect
|move|p2a: Dragapult|Dragon Darts|p1b: Baxcalibur
|-immune|p1a: Ninetales
|move|p1a: Ninetales|Blizzard|p2a: Dragapult|[spread] 
|-miss|p1a: Ninetales|p2a: Dragapult
|-miss|p1a: Ninetales|p2b: Torkoal
|
|-weather|SunnyDay|[upkeep]
|upkeep
|turn|2
|
|t:|1756152441
|-terastallize|p1b: Baxcalibur|Fire
|move|p1a: Ninetales|Helping Hand|p1b: Baxcalibur
|-singleturn|p1b: Baxcalibur|Helping Hand|[of] p1a: Ninetales
|move|p2a: Dragapult|Dragon Darts|p1b: Baxcalibur
|-damage|p1b: Baxcalibur|74/100
|-anim|p2a: Dragapult|Dragon Darts|p1b: Baxcalibur
|-damage|p1b: Baxcalibur|50/100
|move|p1b: Baxcalibur|High Horsepower|p2b: Torkoal
|-supereffective|p2b: Torkoal
|-damage|p2b: Torkoal|9/100
|move|p2b: Torkoal|Overheat|p1a: Ninetales
|-supereffective|p1a: Ninetales
|-damage|p1a: Ninetales|0 fnt
|-unboost|p2b: Torkoal|spa|2
|faint|p1a: Ninetales
|-enditem|p2b: Torkoal|Eject Pack
|
|t:|1756152456
|switch|p2b: Gliscor|Gliscor, L50, F|100/100
|
|-weather|SunnyDay|[upkeep]
|-status|p2b: Gliscor|tox|[from] item: Toxic Orb
|upkeep
|
|t:|1756152468
|switch|p1a: Empoleon|Empoleon, L50, F, shiny|100/100
|turn|3
|
|t:|1756152489
|move|p1b: Baxcalibur|Protect|p1b: Baxcalibur
|-singleturn|p1b: Baxcalibur|Protect
|move|p2b: Gliscor|Protect|p2b: Gliscor
|-singleturn|p2b: Gliscor|Protect
|move|p1a: Empoleon|Protect|p1a: Empoleon
|-singleturn|p1a: Empoleon|Protect
|move|p2a: Dragapult|Dragon Darts|p1b: Baxcalibur
|-activate|p1a: Empoleon|move: Protect
|
|-weather|SunnyDay|[upkeep]
|upkeep
|turn|4
|
|t:|1756152526
|move|p2a: Dragapult|Psychic Fangs|p1b: Baxcalibur
|-damage|p1b: Baxcalibur|23/100
|move|p1b: Baxcalibur|Icicle Crash|p2b: Gliscor
|-supereffective|p2b: Gliscor
|-damage|p2b: Gliscor|0 fnt
|faint|p2b: Gliscor
|move|p1a: Empoleon|Flash Cannon|p2a: Dragapult
|-supereffective|p2a: Dragapult
|-damage|p2a: Dragapult|36/100
|
|-weather|SunnyDay|[upkeep]
|upkeep
|
|t:|1756152536
|switch|p2b: Golem|Golem-Alola, L50, M|100/100
|turn|5
|
|t:|1756152558
|switch|p2a: Torkoal|Torkoal, L50, M|9/100
|move|p1b: Baxcalibur|Protect|p1b: Baxcalibur
|-singleturn|p1b: Baxcalibur|Protect
|move|p1a: Empoleon|Protect|p1a: Empoleon
|-singleturn|p1a: Empoleon|Protect
|move|p2b: Golem|Double-Edge|p1a: Empoleon
|-activate|p1a: Empoleon|move: Protect
|
|-weather|none
|upkeep
|turn|6
|
|t:|1756152591
|move|p2b: Golem|Protect|p2b: Golem
|-singleturn|p2b: Golem|Protect
|move|p1b: Baxcalibur|High Horsepower|p2b: Golem
|-activate|p2b: Golem|move: Protect
|move|p1a: Empoleon|Water Pledge|p2a: Torkoal
|-supereffective|p2a: Torkoal
|-damage|p2a: Torkoal|0 fnt
|faint|p2a: Torkoal
|
|upkeep
|
|t:|1756152599
|switch|p2a: Dragapult|Dragapult, L50, F, tera:Fairy|36/100
|turn|7
|
|t:|1756152618
|move|p1a: Empoleon|Protect|p1a: Empoleon
|-singleturn|p1a: Empoleon|Protect
|move|p2a: Dragapult|Dragon Darts|p1b: Baxcalibur
|-damage|p1b: Baxcalibur|0 fnt
|faint|p1b: Baxcalibur
|move|p2b: Golem|Double-Edge|p1a: Empoleon
|-activate|p1a: Empoleon|move: Protect
|
|upkeep
|
|t:|1756152626
|switch|p1b: Talonflame|Talonflame, L50, M|100/100
|turn|8
|
|t:|1756152659
|move|p2b: Golem|Protect|p2b: Golem
|-singleturn|p2b: Golem|Protect
|move|p1b: Talonflame|Dual Wingbeat|p2b: Golem
|-activate|p2b: Golem|move: Protect
|move|p2a: Dragapult|Psychic Fangs|p1b: Talonflame
|-damage|p1b: Talonflame|54/100
|move|p1a: Empoleon|Flash Cannon|p2a: Dragapult
|-supereffective|p2a: Dragapult
|-damage|p2a: Dragapult|0 fnt
|faint|p2a: Dragapult
|
|upkeep
|turn|9
|
|t:|1756152686
|move|p1b: Talonflame|Dual Wingbeat|p2b: Golem
|-resisted|p2b: Golem
|-damage|p2b: Golem|98/100
|-resisted|p2b: Golem
|-crit|p2b: Golem
|-damage|p2b: Golem|93/100
|-hitcount|p2b: Golem|2
|move|p1a: Empoleon|Flash Cannon|p2b: Golem
|-damage|p2b: Golem|40/100
|move|p2b: Golem|Double-Edge|p1a: Empoleon
|-supereffective|p1a: Empoleon
|-damage|p1a: Empoleon|0 fnt
|faint|p1a: Empoleon
|-damage|p2b: Golem|2/100|[from] Recoil
|
|upkeep
|turn|10
|
|t:|1756152718
|move|p1b: Talonflame|Dual Wingbeat|p2b: Golem
|-resisted|p2b: Golem
|-damage|p2b: Golem|0 fnt
|faint|p2b: Golem
|-hitcount|p2: Golem|1
|
|win|iceshard00
|raw|iceshard00's rating: 1055 → 1086(+31 for winning)
|raw|Yoters's rating: 1044 → 1028(-16 for losing)
|l|☆Yoters
|player|p2|
