|j|ŌśåiiFWM
|j|ŌśåPuniHina
|html|iiFWMPuniHina    
|uhtml|bestof|Game 2 of a best-of-3
|t:|1755355222
|gametype|doubles
|player|p1|iiFWM|cyrus|1424
|player|p2|PuniHina|lacey|1342
|gen|9
|tier|[Gen 9] VGC 2025 Reg H (Bo3)
|rated|
|rule|Species Clause: Limit one of each Pok├®mon
|rule|Item Clause: Limit 1 of each item
|clearpoke
|poke|p1|Sneasler, L50, F|
|poke|p1|Dragapult, L50, F|
|poke|p1|Primarina, L50, F|
|poke|p1|Rillaboom, L50, F|
|poke|p1|Kingambit, L50, M|
|poke|p1|Magmar, L50, M|
|poke|p2|Kingambit, L50, F|
|poke|p2|Volcarona, L50, F|
|poke|p2|Sneasler, L50, F|
|poke|p2|Rillaboom, L50, M|
|poke|p2|Electabuzz, L50, F|
|poke|p2|Dragonite, L50, M|
|teampreview|4
|showteam|p1|Sneasler||FocusSash|PoisonTouch|CloseCombat,DireClaw,FakeOut,Protect|||F|||50|,,,,,Stellar]Dragapult||ChoiceBand|ClearBody|DragonDarts,TeraBlast,PhantomForce,Uturn|||F|||50|,,,,,Ghost]Primarina||SitrusBerry|LiquidVoice|HyperVoice,Moonblast,Haze,Protect|||F|||50|,,,,,Water]Rillaboom||AssaultVest|GrassySurge|WoodHammer,GrassyGlide,HighHorsepower,FakeOut|||F|||50|,,,,,Fire]Kingambit||DreadPlate|Defiant|KowtowCleave,SuckerPunch,SwordsDance,Protect|||M|||50|,,,,,Ghost]Magmar||Eviolite|VitalSpirit|Overheat,WillOWisp,FollowMe,Protect|||M|||50|,,,,,Ghost
|showteam|p2|Kingambit||BlackGlasses|Defiant|KowtowCleave,SuckerPunch,Protect,SwordsDance|||F|||50|,,,,,Dark]Volcarona||CovertCloak|FlameBody|GigaDrain,HeatWave,WillOWisp,QuiverDance|||F|||50|,,,,,Fairy]Sneasler||FocusSash|Unburden|DireClaw,CloseCombat,Taunt,Coaching|||F|||50|,,,,,Ghost]Rillaboom||AssaultVest|GrassySurge|WoodHammer,GrassyGlide,FakeOut,HighHorsepower|||M|||50|,,,,,Fire]Electabuzz||Eviolite|VitalSpirit|Electroweb,HelpingHand,Protect,FollowMe|||F|||50|,,,,,Dragon]Dragonite||LoadedDice|Multiscale|ScaleShot,StompingTantrum,Protect,Haze|||M|||50|,,,,,Ground
|inactive|Battle timer is ON: inactive players will automatically lose when time's up. (requested by iiFWM)
|inactive|PuniHina has 60 seconds left.
|
|t:|1755355256
|teamsize|p1|4
|teamsize|p2|4
|start
|switch|p1a: Dragapult|Dragapult, L50, F, shiny|100/100
|switch|p1b: Sneasler|Sneasler, L50, F, shiny|100/100
|switch|p2a: Kingambit|Kingambit, L50, F|100/100
|switch|p2b: ŌØż’ĖÄLeahŌØż’ĖÄ|Sneasler, L50, F|100/100
|turn|1
|inactive|iiFWM has 30 seconds left.
|
|t:|1755355289
|switch|p1a: Magmar|Magmar, L50, M, shiny|100/100
|move|p2a: Kingambit|Protect|p2a: Kingambit
|-singleturn|p2a: Kingambit|Protect
|move|p1b: Sneasler|Close Combat|p2a: Kingambit
|-activate|p2a: Kingambit|move: Protect
|move|p2b: ŌØż’ĖÄLeahŌØż’ĖÄ|Coaching|p2a: Kingambit
|-boost|p2a: Kingambit|atk|1
|-boost|p2a: Kingambit|def|1
|
|upkeep
|turn|2
|
|t:|1755355301
|-terastallize|p1b: Sneasler|Stellar
|-terastallize|p2a: Kingambit|Dark
|move|p2b: ŌØż’ĖÄLeahŌØż’ĖÄ|Taunt|p1a: Magmar
|-start|p1a: Magmar|move: Taunt
|move|p1b: Sneasler|Close Combat|p2a: Kingambit
|-supereffective|p2a: Kingambit
|-damage|p2a: Kingambit|19/100
|-unboost|p1b: Sneasler|def|1
|-unboost|p1b: Sneasler|spd|1
|cant|p1a: Magmar|move: Taunt|Will-O-Wisp
|move|p2a: Kingambit|Kowtow Cleave|p1b: Sneasler
|-resisted|p1b: Sneasler
|-enditem|p1b: Sneasler|Focus Sash
|-damage|p1b: Sneasler|1/100
|
|upkeep
|turn|3
|
|t:|1755355318
|move|p2a: Kingambit|Protect|p2a: Kingambit
|-singleturn|p2a: Kingambit|Protect
|move|p1b: Sneasler|Dire Claw|p2b: ŌØż’ĖÄLeahŌØż’ĖÄ
|-resisted|p2b: ŌØż’ĖÄLeahŌØż’ĖÄ
|-damage|p2b: ŌØż’ĖÄLeahŌØż’ĖÄ|51/100
|move|p2b: ŌØż’ĖÄLeahŌØż’ĖÄ|Dire Claw|p1b: Sneasler
|-resisted|p1b: Sneasler
|-damage|p1b: Sneasler|0 fnt
|faint|p1b: Sneasler
|move|p1a: Magmar|Overheat|p2a: Kingambit
|-activate|p2a: Kingambit|move: Protect
|
|upkeep
|
|t:|1755355334
|switch|p1b: Dragapult|Dragapult, L50, F, shiny|100/100
|turn|4
|
|t:|1755355351
|switch|p1b: Primarina|Primarina, L50, F|100/100
|move|p2a: Kingambit|Sucker Punch|p1a: Magmar
|-damage|p1a: Magmar|20/100
|move|p2b: ŌØż’ĖÄLeahŌØż’ĖÄ|Close Combat|p1a: Magmar
|-damage|p1a: Magmar|0 fnt
|-unboost|p2b: ŌØż’ĖÄLeahŌØż’ĖÄ|def|1
|-unboost|p2b: ŌØż’ĖÄLeahŌØż’ĖÄ|spd|1
|faint|p1a: Magmar
|
|upkeep
|
|t:|1755355358
|switch|p1a: Dragapult|Dragapult, L50, F, shiny|100/100
|turn|5
|
|t:|1755355364
|move|p2a: Kingambit|Sucker Punch|p1a: Dragapult
|-supereffective|p1a: Dragapult
|-damage|p1a: Dragapult|0 fnt
|faint|p1a: Dragapult
|move|p2b: ŌØż’ĖÄLeahŌØż’ĖÄ|Dire Claw|p1b: Primarina
|-supereffective|p1b: Primarina
|-damage|p1b: Primarina|11/100
|-status|p1b: Primarina|slp
|-enditem|p1b: Primarina|Sitrus Berry|[eat]
|-heal|p1b: Primarina|36/100 slp|[from] item: Sitrus Berry
|cant|p1b: Primarina|slp
|
|upkeep
|turn|6
|-message|iiFWM forfeited.
|
|win|PuniHina
|raw|iiFWM's rating: 1424 → 1399(-25 for losing)
|raw|PuniHina's rating: 1342 → 1367(+25 for winning)
|l|ŌśåiiFWM
|player|p1|
