|j|☆randomsnore_gam
|j|☆abadanriyi92
|html|randomsnore_gamabadanriyi92    
|uhtml|bestof|Game 1 of a best-of-3
|t:|1784598623
|gametype|doubles
|player|p1|randomsnore_gam|chili|1276
|player|p2|abadanriyi92|colress|1267
|gen|9
|tier|[Gen 9 Champions] VGC 2026 Reg M-B (Bo3)
|rated|
|rule|Species Clause: Limit one of each Pokémon
|rule|Item Clause: Limit 1 of each item
|clearpoke
|poke|p1|Chandelure, L50, M|
|poke|p1|Whimsicott, L50, F|
|poke|p1|Rotom-Wash, L50|
|poke|p1|Garchomp, L50, F|
|poke|p1|Annihilape, L50, M|
|poke|p1|Kingambit, L50, M|
|poke|p2|Venusaur, L50, F|
|poke|p2|Grimmsnarl, L50, M|
|poke|p2|Politoed, L50, M|
|poke|p2|Archaludon, L50, M|
|poke|p2|Kingambit, L50, F|
|poke|p2|Aerodactyl, L50, F|
|teampreview|4
|showteam|p1|Chandelure||Chandelurite|FlashFire|HeatWave,ShadowBall,EnergyBall,Protect|Modest||M|||50|]Whimsicott||FairyFeather|Prankster|Moonblast,Tailwind,SunnyDay,Protect|Timid||F|||50|]Rotom-Wash||Leftovers|Levitate|HydroPump,VoltSwitch,WillOWisp,Protect|Calm|||||50|]Garchomp||LifeOrb|RoughSkin|StompingTantrum,DragonClaw,RockSlide,Protect|Jolly||F|||50|]Annihilape||ChoiceScarf|Defiant|CloseCombat,PhantomForce,Coaching,FirePunch|Jolly||M|||50|]Kingambit||FocusSash|Defiant|SuckerPunch,KowtowCleave,IronHead,Protect|Adamant||M|||50|
|showteam|p2|Venusaur||Venusaurite|Chlorophyll|GigaDrain,SludgeBomb,EarthPower,Protect|Modest||F|||50|]Grimmsnarl||LightClay|Prankster|PartingShot,Reflect,LightScreen,FoulPlay|Relaxed||M|||50|]Politoed||SitrusBerry|Drizzle|WeatherBall,PerishSong,Encore,Protect|Sassy||M|||50|]Archaludon||Leftovers|Stamina|ElectroShot,FlashCannon,DracoMeteor,Protect|Modest||M|||50|]Kingambit||BlackGlasses|Defiant|KowtowCleave,SuckerPunch,SwordsDance,Protect|Brave||F|||50|]Aerodactyl||Aerodactylite|Unnerve|RockSlide,DualWingbeat,Tailwind,Protect|Jolly||F|||50|
|inactive|Battle timer is ON: inactive players will automatically lose when time's up. (requested by randomsnore_gam)
|inactive|abadanriyi92 has 60 seconds left.
|
|t:|1784598669
|teamsize|p1|4
|teamsize|p2|4
|start
|switch|p1a: Hufflepuff|Whimsicott, L50, F|100/100
|switch|p1b: CHOMP CHOMP!|Garchomp, L50, F|100/100
|switch|p2a: Grimmsnarl|Grimmsnarl, L50, M|100/100
|switch|p2b: Venusaur|Venusaur, L50, F|100/100
|turn|1
|inactive|abadanriyi92 has 30 seconds left.
|inactive|abadanriyi92 has 20 seconds left.
|
|t:|1784598705
|switch|p1b: F u swamps|Annihilape, L50, M|100/100
|detailschange|p2b: Venusaur|Venusaur-Mega, L50, F
|-mega|p2b: Venusaur|Venusaur|Venusaurite
|move|p1a: Hufflepuff|Protect|p1a: Hufflepuff
|-singleturn|p1a: Hufflepuff|Protect
|move|p2a: Grimmsnarl|Reflect|p2a: Grimmsnarl
|-sidestart|p2: abadanriyi92|Reflect
|move|p2b: Venusaur|Giga Drain|p1b: F u swamps
|-damage|p1b: F u swamps|55/100
|
|upkeep
|turn|2
|inactive|abadanriyi92 has 30 seconds left.
|inactive|abadanriyi92 has 20 seconds left.
|
|t:|1784598742
|move|p1a: Hufflepuff|Sunny Day|p1a: Hufflepuff
|-weather|SunnyDay
|move|p1b: F u swamps|Fire Punch|p2b: Venusaur
|-supereffective|p2b: Venusaur|1
|-damage|p2b: Venusaur|80/100
|move|p2b: Venusaur|Sludge Bomb|p1a: Hufflepuff
|-supereffective|p1a: Hufflepuff|2
|-damage|p1a: Hufflepuff|0 fnt
|faint|p1a: Hufflepuff
|move|p2a: Grimmsnarl|Foul Play|p1b: F u swamps
|-damage|p1b: F u swamps|8/100
|
|-weather|SunnyDay|[upkeep]
|upkeep
|
|t:|1784598749
|switch|p1a: Woah...|Chandelure, L50, M|100/100
|turn|3
|inactive|abadanriyi92 has 30 seconds left.
|
|t:|1784598778
|switch|p1b: CHOMP CHOMP!|Garchomp, L50, F|100/100
|detailschange|p1a: Woah...|Chandelure-Mega, L50, M
|-mega|p1a: Woah...|Chandelure|Chandelurite
|move|p2a: Grimmsnarl|Light Screen|p2a: Grimmsnarl
|-sidestart|p2: abadanriyi92|move: Light Screen
|move|p1a: Woah...|Shadow Ball|p2b: Venusaur
|-damage|p2b: Venusaur|36/100
|move|p2b: Venusaur|Giga Drain|p1b: CHOMP CHOMP!
|-damage|p1b: CHOMP CHOMP!|54/100
|-heal|p2b: Venusaur|59/100|[from] drain|[of] p1b: CHOMP CHOMP!
|
|-weather|SunnyDay|[upkeep]
|upkeep
|turn|4
|
|t:|1784598798
|move|p2a: Grimmsnarl|Parting Shot|p1a: Woah...
|-unboost|p1a: Woah...|atk|1
|-unboost|p1a: Woah...|spa|1
|
|t:|1784598802
|switch|p2a: Politoed|Politoed, L50, M|100/100|[from] Parting Shot
|-weather|RainDance|[from] ability: Drizzle|[of] p2a: Politoed
|move|p1b: CHOMP CHOMP!|Stomping Tantrum|p2a: Politoed
|-damage|p2a: Politoed|70/100
|-damage|p1b: CHOMP CHOMP!|44/100|[from] item: Life Orb
|move|p1a: Woah...|Heat Wave|p2b: Venusaur|[spread] p2a,p2b
|-resisted|p2a: Politoed|1
|-supereffective|p2b: Venusaur|1
|-damage|p2a: Politoed|65/100
|-damage|p2b: Venusaur|49/100
|-status|p2b: Venusaur|brn
|move|p2b: Venusaur|Giga Drain|p1b: CHOMP CHOMP!
|-damage|p1b: CHOMP CHOMP!|1/100
|-heal|p2b: Venusaur|71/100 brn|[from] drain|[of] p1b: CHOMP CHOMP!
|
|-weather|RainDance|[upkeep]
|-damage|p2b: Venusaur|65/100 brn|[from] brn
|upkeep
|turn|5
|-message|randomsnore_gam forfeited.
|
|win|abadanriyi92
||randomsnore_gam is ready for game 2.
