|j|☆Ziik
|j|☆bimbo mafioso
|html|Ziikbimbo mafioso    
|uhtml|bestof|Game 1 of a best-of-3
|t:|1756750707
|gametype|doubles
|player|p1|Ziik|170|1074
|player|p2|bimbo mafioso|swimmerf|1160
|gen|9
|tier|[Gen 9] VGC 2025 Reg H (Bo3)
|rated|
|rule|Species Clause: Limit one of each Pokémon
|rule|Item Clause: Limit 1 of each item
|clearpoke
|poke|p1|Amoonguss, L50, F|
|poke|p1|Archaludon, L50, M|
|poke|p1|Basculegion, L50, M|
|poke|p1|Electabuzz, L50, M|
|poke|p1|Pelipper, L50, F|
|poke|p1|Rillaboom, L50, F|
|poke|p2|Gholdengo, L50|
|poke|p2|Amoonguss, L50, M|
|poke|p2|Basculegion, L50, M|
|poke|p2|Pelipper, L50, F|
|poke|p2|Incineroar, L50, F|
|poke|p2|Archaludon, L50, M|
|teampreview|4
|showteam|p1|Amoonguss||SitrusBerry|Regenerator|RagePowder,Spore,PollenPuff,ClearSmog|||F|||50|,,,,,Fire]Archaludon||AssaultVest|Stamina|ElectroShot,FlashCannon,DracoMeteor,BodyPress|||M|||50|,,,,,Bug]Basculegion||LifeOrb|SwiftSwim|WaveCrash,LastRespects,AquaJet,Protect|||M|||50|,,,,,Water]Electabuzz||Eviolite|VitalSpirit|FollowMe,Feint,Taunt,Electroweb|||M|||50|,,,,,Ghost]Pelipper||FocusSash|Drizzle|Protect,WeatherBall,Hurricane,Tailwind|||F|||50|,,,,,Stellar]Rillaboom||MiracleSeed|GrassySurge|FakeOut,GrassyGlide,WoodHammer,Uturn|||F|||50|,,,,,Fire
|showteam|p2|Gholdengo||LifeOrb|GoodasGold|MakeItRain,ShadowBall,NastyPlot,Protect||||||50|,,,,,Water]Amoonguss||SitrusBerry|Regenerator|Spore,RagePowder,PollenPuff,Protect|||M|||50|,,,,,Water]Basculegion||ChoiceBand|SwiftSwim|WaveCrash,AquaJet,LastRespects,FlipTurn|||M|||50|,,,,,Water]Pelipper||FocusSash|Drizzle|WeatherBall,Hurricane,Tailwind,Protect|||F|||50|,,,,,Ground]Incineroar||SafetyGoggles|Intimidate|FakeOut,KnockOff,Taunt,PartingShot|||F|||50|,,,,,Ghost]Archaludon||AssaultVest|Stamina|ElectroShot,FlashCannon,DracoMeteor,BodyPress|||M|||50|,,,,,Bug
|inactive|Battle timer is ON: inactive players will automatically lose when time's up. (requested by bimbo mafioso)
|inactive|Ziik has 60 seconds left.
|inactive|bimbo mafioso has 60 seconds left.
|
|t:|1756750747
|teamsize|p1|4
|teamsize|p2|4
|start
|switch|p1a: Ringoboom|Rillaboom, L50, F|100/100
|switch|p1b: Bridge|Archaludon, L50, M|100/100
|switch|p2a: Pelipper|Pelipper, L50, F|100/100
|switch|p2b: Basculegion|Basculegion, L50, M|100/100
|-fieldstart|move: Grassy Terrain|[from] ability: Grassy Surge|[of] p1a: Ringoboom
|-weather|RainDance|[from] ability: Drizzle|[of] p2a: Pelipper
|turn|1
|inactive|Ziik has 30 seconds left.
|
|t:|1756750777
|switch|p2b: Archaludon|Archaludon, L50, M|100/100
|move|p2a: Pelipper|Protect|p2a: Pelipper
|-singleturn|p2a: Pelipper|Protect
|move|p1a: Ringoboom|Grassy Glide|p2b: Archaludon
|-resisted|p2b: Archaludon
|-damage|p2b: Archaludon|92/100
|-ability|p2b: Archaludon|Stamina|boost
|-boost|p2b: Archaludon|def|1
|move|p1b: Bridge|Electro Shot||[still]
|-prepare|p1b: Bridge|Electro Shot
|-boost|p1b: Bridge|spa|1
|-anim|p1b: Bridge|Electro Shot|p2a: Pelipper
|-activate|p2a: Pelipper|move: Protect
|
|-weather|RainDance|[upkeep]
|-heal|p2b: Archaludon|98/100|[from] Grassy Terrain
|upkeep
|turn|2
|inactive|bimbo mafioso has 30 seconds left.
|inactive|bimbo mafioso has 20 seconds left.
|
|t:|1756750814
|switch|p2a: Amoonguss|Amoonguss, L50, M|100/100
|move|p2b: Archaludon|Body Press|p1b: Bridge
|-supereffective|p1b: Bridge
|-crit|p1b: Bridge
|-damage|p1b: Bridge|27/100
|-ability|p1b: Bridge|Stamina|boost
|-boost|p1b: Bridge|def|1
|move|p1a: Ringoboom|U-turn|p1b: Bridge
|-resisted|p1b: Bridge
|-damage|p1b: Bridge|22/100
|-ability|p1b: Bridge|Stamina|boost
|-boost|p1b: Bridge|def|1
|
|t:|1756750825
|switch|p1a: Shrooms|Amoonguss, L50, F|100/100|[from] U-turn
|move|p1b: Bridge|Electro Shot||[still]
|-prepare|p1b: Bridge|Electro Shot
|-boost|p1b: Bridge|spa|1
|-anim|p1b: Bridge|Electro Shot|p2a: Amoonguss
|-resisted|p2a: Amoonguss
|-damage|p2a: Amoonguss|68/100
|
|-weather|RainDance|[upkeep]
|-heal|p2b: Archaludon|100/100|[from] Grassy Terrain
|-heal|p1b: Bridge|28/100|[from] Grassy Terrain
|-heal|p2a: Amoonguss|74/100|[from] Grassy Terrain
|upkeep
|turn|3
|inactive|Ziik has 30 seconds left.
|
|t:|1756750854
|-terastallize|p1b: Bridge|Bug
|move|p2b: Archaludon|Draco Meteor|p1a: Shrooms
|-damage|p1a: Shrooms|55/100
|-unboost|p2b: Archaludon|spa|2
|move|p1b: Bridge|Electro Shot||[still]
|-prepare|p1b: Bridge|Electro Shot
|-boost|p1b: Bridge|spa|1
|-anim|p1b: Bridge|Electro Shot|p2a: Amoonguss
|-resisted|p2a: Amoonguss
|-damage|p2a: Amoonguss|30/100
|-enditem|p2a: Amoonguss|Sitrus Berry|[eat]
|-heal|p2a: Amoonguss|55/100|[from] item: Sitrus Berry
|move|p2a: Amoonguss|Spore|p1b: Bridge
|-status|p1b: Bridge|slp|[from] move: Spore
|move|p1a: Shrooms|Spore|p2b: Archaludon
|-status|p2b: Archaludon|slp|[from] move: Spore
|
|-weather|RainDance|[upkeep]
|-heal|p1b: Bridge|34/100 slp|[from] Grassy Terrain
|-heal|p2a: Amoonguss|60/100|[from] Grassy Terrain
|-heal|p1a: Shrooms|61/100|[from] Grassy Terrain
|upkeep
|turn|4
|inactive|Ziik has 30 seconds left.
|inactive|bimbo mafioso has 30 seconds left.
|inactive|bimbo mafioso has 20 seconds left.
|
|t:|1756750894
|switch|p2b: Basculegion|Basculegion, L50, M|100/100
|switch|p1a: Birb|Pelipper, L50, F|100/100
|cant|p1b: Bridge|slp
|move|p2a: Amoonguss|Pollen Puff|p2b: Basculegion
|
|-weather|RainDance|[upkeep]
|-heal|p1b: Bridge|40/100 slp|[from] Grassy Terrain
|-heal|p2a: Amoonguss|66/100|[from] Grassy Terrain
|upkeep
|turn|5
|inactive|Ziik has 30 seconds left.
|inactive|bimbo mafioso has 30 seconds left.
|inactive|bimbo mafioso has 20 seconds left.
|inactive|bimbo mafioso has 15 seconds left.
|inactive|bimbo mafioso has 10 seconds left.
|
|t:|1756750941
|switch|p2a: Archaludon|Archaludon, L50, M|100/100 slp
|-terastallize|p2b: Basculegion|Water
|move|p2b: Basculegion|Flip Turn|p1b: Bridge
|-damage|p1b: Bridge|8/100 slp
|-ability|p1b: Bridge|Stamina|boost
|-boost|p1b: Bridge|def|1
|
|t:|1756750950
|switch|p2b: Pelipper|Pelipper, L50, F|100/100|[from] Flip Turn
|cant|p1b: Bridge|slp
|move|p1a: Birb|Tailwind|p1a: Birb
|-sidestart|p1: Ziik|move: Tailwind
|
|-weather|none
|-heal|p1b: Bridge|14/100 slp|[from] Grassy Terrain
|-fieldend|move: Grassy Terrain
|upkeep
|turn|6
|
|t:|1756750968
|switch|p1a: Ringoboom|Rillaboom, L50, F|100/100
|-fieldstart|move: Grassy Terrain|[from] ability: Grassy Surge|[of] p1a: Ringoboom
|switch|p2a: Amoonguss|Amoonguss, L50, M|99/100
|cant|p1b: Bridge|slp
|move|p2b: Pelipper|Tailwind|p2b: Pelipper
|-sidestart|p2: bimbo mafioso|move: Tailwind
|
|-heal|p1b: Bridge|20/100 slp|[from] Grassy Terrain
|-heal|p2a: Amoonguss|100/100|[from] Grassy Terrain
|upkeep
|turn|7
|
|t:|1756750987
|move|p2b: Pelipper|Protect|p2b: Pelipper
|-singleturn|p2b: Pelipper|Protect
|move|p1a: Ringoboom|Fake Out|p2b: Pelipper
|-activate|p2b: Pelipper|move: Protect
|-curestatus|p1b: Bridge|slp|[msg]
|move|p1b: Bridge|Draco Meteor|p2a: Amoonguss
|-damage|p2a: Amoonguss|0 fnt
|-unboost|p1b: Bridge|spa|2
|faint|p2a: Amoonguss
|
|-heal|p1b: Bridge|26/100|[from] Grassy Terrain
|upkeep
|
|t:|1756751001
|switch|p2a: Archaludon|Archaludon, L50, M|100/100 slp
|turn|8
|inactive|Ziik has 30 seconds left.
|
|t:|1756751029
|cant|p2a: Archaludon|slp
|move|p1a: Ringoboom|U-turn|p2b: Pelipper
|-resisted|p2b: Pelipper
|-damage|p2b: Pelipper|84/100
|
|t:|1756751035
|switch|p1a: Shrooms|Amoonguss, L50, F|94/100|[from] U-turn
|move|p1b: Bridge|Body Press|p2a: Archaludon
|-supereffective|p2a: Archaludon
|-damage|p2a: Archaludon|10/100 slp
|-ability|p2a: Archaludon|Stamina|boost
|-boost|p2a: Archaludon|def|1
|move|p2b: Pelipper|Hurricane|p1b: Bridge
|-supereffective|p1b: Bridge
|-crit|p1b: Bridge
|-damage|p1b: Bridge|0 fnt
|faint|p1b: Bridge
|
|-heal|p2a: Archaludon|16/100 slp|[from] Grassy Terrain
|-heal|p1a: Shrooms|99/100|[from] Grassy Terrain
|-sideend|p1: Ziik|move: Tailwind
|upkeep
|
|t:|1756751051
|switch|p1b: Birb|Pelipper, L50, F|100/100
|-weather|RainDance|[from] ability: Drizzle|[of] p1b: Birb
|turn|9
|
|t:|1756751075
|move|p1a: Shrooms|Rage Powder|p1a: Shrooms
|-singleturn|p1a: Shrooms|move: Rage Powder
|cant|p2a: Archaludon|slp
|move|p2b: Pelipper|Hurricane|p1a: Shrooms
|-supereffective|p1a: Shrooms
|-damage|p1a: Shrooms|16/100
|-enditem|p1a: Shrooms|Sitrus Berry|[eat]
|-heal|p1a: Shrooms|41/100|[from] item: Sitrus Berry
|move|p1b: Birb|Weather Ball|p2a: Archaludon
|-resisted|p2a: Archaludon
|-damage|p2a: Archaludon|0 fnt
|faint|p2a: Archaludon
|
|-weather|RainDance|[upkeep]
|-heal|p1a: Shrooms|47/100|[from] Grassy Terrain
|-sideend|p2: bimbo mafioso|move: Tailwind
|upkeep
|
|t:|1756751085
|switch|p2a: Basculegion|Basculegion, L50, M, tera:Water|100/100
|turn|10
|
|t:|1756751100
|move|p2a: Basculegion|Last Respects|p1a: Shrooms
|-damage|p1a: Shrooms|0 fnt
|faint|p1a: Shrooms
|move|p2b: Pelipper|Tailwind|p2b: Pelipper
|-sidestart|p2: bimbo mafioso|move: Tailwind
|move|p1b: Birb|Tailwind|p1b: Birb
|-sidestart|p1: Ziik|move: Tailwind
|
|-weather|RainDance|[upkeep]
|-fieldend|move: Grassy Terrain
|upkeep
|
|t:|1756751110
|switch|p1a: Ringoboom|Rillaboom, L50, F|100/100
|-fieldstart|move: Grassy Terrain|[from] ability: Grassy Surge|[of] p1a: Ringoboom
|turn|11
|
|t:|1756751128
|move|p1a: Ringoboom|Grassy Glide|p2a: Basculegion
|-supereffective|p2a: Basculegion
|-damage|p2a: Basculegion|0 fnt
|faint|p2a: Basculegion
|move|p2b: Pelipper|Hurricane|p1a: Ringoboom
|-supereffective|p1a: Ringoboom
|-damage|p1a: Ringoboom|0 fnt
|faint|p1a: Ringoboom
|move|p1b: Birb|Hurricane|p2b: Pelipper
|-damage|p2b: Pelipper|1/100
|
|-weather|RainDance|[upkeep]
|upkeep
|turn|12
|
|t:|1756751142
|move|p1b: Birb|Weather Ball|p2b: Pelipper
|-resisted|p2b: Pelipper
|-damage|p2b: Pelipper|0 fnt
|faint|p2b: Pelipper
|
|win|Ziik
||bimbo mafioso is ready for game 2.
||Ziik is ready for game 2.
|uhtml|next|Next: Game 2 of 3
