|j|☆Leon000
|j|☆eevee1ynn
|html|Leon000eevee1ynn    
|uhtml|bestof|Game 1 of a best-of-3
|t:|1785344638
|gametype|doubles
|player|p1|Leon000|serena|
|player|p2|eevee1ynn|serena-masters3|
|gen|9
|tier|[Gen 9 Champions] VGC 2026 Reg M-B (Bo3)
|rule|Species Clause: Limit one of each Pokémon
|rule|Item Clause: Limit 1 of each item
|clearpoke
|poke|p1|Floette-Eternal, L50, F|
|poke|p1|Charizard, L50, F|
|poke|p1|Whimsicott, L50, F|
|poke|p1|Garchomp, L50, F|
|poke|p1|Basculegion, L50, M|
|poke|p1|Kingambit, L50, F|
|poke|p2|Kangaskhan, L50, F|
|poke|p2|Ceruledge, L50, M|
|poke|p2|Ninetales-Alola, L50, M|
|poke|p2|Sinistcha, L50|
|poke|p2|Spiritomb, L50, M|
|poke|p2|Raichu, L50, M|
|teampreview|4
|showteam|p1|Floette-Eternal||Floettite|FlowerVeil|Moonblast,DazzlingGleam,LightofRuin,Protect|Modest||F|||50|]Charizard||CharizarditeY|Blaze|HeatWave,WeatherBall,SolarBeam,Protect|Modest||F|||50|]Whimsicott||FocusSash|Prankster|Moonblast,Encore,Tailwind,Protect|Timid||F|||50|]Garchomp||LifeOrb|RoughSkin|DragonClaw,Earthquake,Protect,RockSlide|Jolly||F|||50|]Basculegion||MysticWater|Adaptability|WaveCrash,LastRespects,AquaJet,Protect|Adamant||M|||50|]Kingambit||BlackGlasses|Defiant|KowtowCleave,IronHead,SuckerPunch,Protect|Adamant||F|||50|
|showteam|p2|Kangaskhan||Kangaskhanite|Scrappy|BodySlam,LowKick,SuckerPunch,FakeOut|Adamant||F|||50|]Ceruledge||ColburBerry|FlashFire|Protect,BitterBlade,ShadowSneak,BulkUp|Adamant||M|||50|]Ninetales-Alola||NeverMeltIce|SnowWarning|Protect,FreezeDry,IcyWind,Encore|Timid||M|||50|]Sinistcha||FocusSash|Hospitality|Protect,MatchaGotcha,Hex,RagePowder|Modest|||||50|]Spiritomb||RoseliBerry|Pressure|FoulPlay,PainSplit,WillOWisp,TrickRoom|Relaxed||M|||50|]Raichu||RaichuniteY|LightningRod|Protect,ZapCannon,FocusBlast,FakeOut|Timid||M|||50|
|c|☆eevee1ynn|glhf
|c|☆Leon000|y2
|
|t:|1785344672
|teamsize|p1|4
|teamsize|p2|4
|start
|switch|p1a: Floette|Floette-Eternal, L50, F|100/100
|switch|p1b: Whimsicott|Whimsicott, L50, F|100/100
|switch|p2a: Kangaskhan|Kangaskhan, L50, F|100/100
|switch|p2b: Spiritomb|Spiritomb, L50, M|100/100
|-ability|p2b: Spiritomb|Pressure
|turn|1
|
|t:|1785344696
|switch|p2b: Ceruledge|Ceruledge, L50, M|100/100
|detailschange|p1a: Floette|Floette-Mega, L50, F
|-mega|p1a: Floette|Floette|Floettite
|-ability|p1a: Floette|Fairy Aura
|detailschange|p2a: Kangaskhan|Kangaskhan-Mega, L50, F
|-mega|p2a: Kangaskhan|Kangaskhan|Kangaskhanite
|move|p2a: Kangaskhan|Fake Out|p1a: Floette
|-damage|p1a: Floette|73/100
|-damage|p1a: Floette|66/100
|-hitcount|p1a: Floette|2
|move|p1b: Whimsicott|Moonblast|p2b: Ceruledge
|-resisted|p2b: Ceruledge|1
|-damage|p2b: Ceruledge|78/100
|cant|p1a: Floette|flinch
|
|upkeep
|turn|2
|
|t:|1785344721
|switch|p2a: Ninetales|Ninetales-Alola, L50, M|100/100
|-weather|Snowscape|[from] ability: Snow Warning|[of] p2a: Ninetales
|move|p1b: Whimsicott|Moonblast|p2a: Ninetales
|-damage|p2a: Ninetales|47/100
|move|p1a: Floette|Moonblast|p2a: Ninetales
|-damage|p2a: Ninetales|0 fnt
|faint|p2a: Ninetales
|move|p2b: Ceruledge|Bitter Blade|p1b: Whimsicott
|-supereffective|p1b: Whimsicott|1
|-enditem|p1b: Whimsicott|Focus Sash
|-damage|p1b: Whimsicott|1/100
|-heal|p2b: Ceruledge|100/100|[from] drain|[of] p1b: Whimsicott
|
|-weather|Snowscape|[upkeep]
|upkeep
|
|t:|1785344730
|switch|p2a: Kangaskhan|Kangaskhan-Mega, L50, F|100/100
|turn|3
|
|t:|1785344743
|switch|p1b: Basculegion|Basculegion, L50, M|100/100
|move|p1a: Floette|Protect|p1a: Floette
|-singleturn|p1a: Floette|Protect
|move|p2a: Kangaskhan|Body Slam|p1b: Basculegion
|-immune|p1b: Basculegion
|move|p2b: Ceruledge|Bulk Up|p2b: Ceruledge
|-boost|p2b: Ceruledge|atk|1
|-boost|p2b: Ceruledge|def|1
|
|-weather|Snowscape|[upkeep]
|upkeep
|turn|4
|
|t:|1785344758
|move|p2b: Ceruledge|Protect|p2b: Ceruledge
|-singleturn|p2b: Ceruledge|Protect
|move|p1b: Basculegion|Aqua Jet|p2b: Ceruledge
|-activate|p2b: Ceruledge|move: Protect
|move|p1a: Floette|Light of Ruin|p2a: Kangaskhan
|-damage|p2a: Kangaskhan|1/100
|-damage|p1a: Floette|0 fnt|[from] Recoil
|faint|p1a: Floette
|move|p2a: Kangaskhan|Body Slam|p1b: Basculegion
|-immune|p1b: Basculegion
|
|-weather|Snowscape|[upkeep]
|upkeep
|
|t:|1785344767
|switch|p1a: Whimsicott|Whimsicott, L50, F|1/100
|turn|5
|
|t:|1785344775
|switch|p2b: Spiritomb|Spiritomb, L50, M|100/100
|-ability|p2b: Spiritomb|Pressure
|move|p1a: Whimsicott|Encore|p2b: Spiritomb
|-hint|Since gen 7, Dark is immune to Prankster moves.
|-immune|p2b: Spiritomb
|move|p1b: Basculegion|Aqua Jet|p2a: Kangaskhan
|-damage|p2a: Kangaskhan|0 fnt
|faint|p2a: Kangaskhan
|
|-weather|Snowscape|[upkeep]
|upkeep
|
|t:|1785344782
|switch|p2a: Ceruledge|Ceruledge, L50, M|100/100
|turn|6
|
|t:|1785344794
|move|p1a: Whimsicott|Protect|p1a: Whimsicott
|-singleturn|p1a: Whimsicott|Protect
|move|p2a: Ceruledge|Shadow Sneak|p1a: Whimsicott
|-activate|p1a: Whimsicott|move: Protect
|move|p1b: Basculegion|Wave Crash|p2b: Spiritomb
|-damage|p2b: Spiritomb|17/100
|-damage|p1b: Basculegion|78/100|[from] Recoil
|move|p2b: Spiritomb|Foul Play|p1b: Basculegion
|-supereffective|p1b: Basculegion|1
|-crit|p1b: Basculegion
|-damage|p1b: Basculegion|0 fnt
|faint|p1b: Basculegion
|
|-weather|none
|upkeep
|
|t:|1785344803
|switch|p1b: Garchomp|Garchomp, L50, F|100/100
|turn|7
|
|t:|1785344812
|move|p2a: Ceruledge|Shadow Sneak|p1a: Whimsicott
|-damage|p1a: Whimsicott|0 fnt
|faint|p1a: Whimsicott
|move|p1b: Garchomp|Earthquake|p2a: Ceruledge|[spread] p2a,p2b
|-supereffective|p2a: Ceruledge|1
|-damage|p2a: Ceruledge|8/100
|-damage|p2b: Spiritomb|0 fnt
|faint|p2b: Spiritomb
|-damage|p1b: Garchomp|90/100|[from] item: Life Orb
|
|upkeep
|turn|8
|
|t:|1785344817
|move|p2a: Ceruledge|Shadow Sneak|p1b: Garchomp
|-damage|p1b: Garchomp|70/100
|-damage|p2a: Ceruledge|0 fnt|[from] ability: Rough Skin|[of] p1b: Garchomp
|faint|p2a: Ceruledge
|
|win|Leon000
