|j|☆Oreo_Stars
|j|☆spongebob601
|html|Oreo_Starsspongebob601    
|uhtml|bestof|Game 1 of a best-of-3
|t:|1757829143
|gametype|doubles
|player|p1|Oreo_Stars|102|1239
|player|p2|spongebob601|266|1170
|gen|9
|tier|[Gen 9] VGC 2025 Reg H (Bo3)
|rated|
|rule|Species Clause: Limit one of each Pokémon
|rule|Item Clause: Limit 1 of each item
|clearpoke
|poke|p1|Dondozo, L50, F|
|poke|p1|Rillaboom, L50, M|
|poke|p1|Ursaluna-Bloodmoon, L50, M|
|poke|p1|Sneasler, L50, M|
|poke|p1|Electabuzz, L50, F|
|poke|p1|Gholdengo, L50|
|poke|p2|Incineroar, L50, M|
|poke|p2|Sneasler, L50, F|
|poke|p2|Ursaluna-Bloodmoon, L50, M|
|poke|p2|Gholdengo, L50|
|poke|p2|Ninetales-Alola, L50, F|
|poke|p2|Rillaboom, L50, M|
|teampreview|4
|showteam|p1|Dondozo||Leftovers|Unaware|Protect,Yawn,WaveCrash,Fissure|||F|||50|,,,,,Poison]Rillaboom||MiracleSeed|GrassySurge|FakeOut,WoodHammer,GrassyGlide,HighHorsepower|||M|||50|,,,,,Fire]Ursaluna-Bloodmoon||ChoiceSpecs|MindsEye|BloodMoon,EarthPower,HyperVoice,Snarl|||M|||50|,,,,,Ghost]Sneasler||GrassySeed|Unburden|Protect,Acrobatics,CloseCombat,DireClaw|||M|||50|,,,,,Flying]Electabuzz||Eviolite|VitalSpirit|Protect,Electroweb,Thunderbolt,FollowMe|||F|||50|,,,,,Fairy]Gholdengo||LifeOrb|GoodasGold|Protect,MakeItRain,ShadowBall,NastyPlot||||||50|,,,,,Water
|showteam|p2|Incineroar||SitrusBerry|Intimidate|FakeOut,PartingShot,KnockOff,FlareBlitz|||M|||50|,,,,,Grass]Sneasler||GrassySeed|Unburden|CloseCombat,Protect,SwordsDance,Acrobatics|||F|||50|,,,,,Flying]Ursaluna-Bloodmoon||Leftovers|MindsEye|Protect,Yawn,BloodMoon,EarthPower|||M|||50|,,,,,Water]Gholdengo||LifeOrb|GoodasGold|MakeItRain,ShadowBall,NastyPlot,Protect||||||50|,,,,,Water]Ninetales-Alola||LightClay|SnowWarning|Blizzard,AuroraVeil,Encore,IcyWind|||F|||50|,,,,,Ghost]Rillaboom||AssaultVest|GrassySurge|FakeOut,GrassyGlide,DrumBeating,Uturn|||M|||50|,,,,,Fire
|inactive|Battle timer is ON: inactive players will automatically lose when time's up. (requested by Oreo_Stars)
|inactive|Oreo_Stars has 60 seconds left.
|inactive|spongebob601 has 60 seconds left.
|inactive|spongebob601 has 30 seconds left.
|inactive|spongebob601 has 20 seconds left.
|
|t:|1757829220
|teamsize|p1|4
|teamsize|p2|4
|start
|switch|p1a: Gholdengo|Gholdengo, L50|100/100
|switch|p1b: Rillaboom|Rillaboom, L50, M|100/100
|switch|p2a: Ninetales|Ninetales-Alola, L50, F|100/100
|switch|p2b: Gholdengo|Gholdengo, L50|100/100
|-weather|Snowscape|[from] ability: Snow Warning|[of] p2a: Ninetales
|-fieldstart|move: Grassy Terrain|[from] ability: Grassy Surge|[of] p1b: Rillaboom
|turn|1
|inactive|spongebob601 has 30 seconds left.
|inactive|spongebob601 has 20 seconds left.
|
|t:|1757829260
|switch|p2b: Incineroar|Incineroar, L50, M|100/100
|-ability|p2b: Incineroar|Intimidate|boost
|-unboost|p1a: Gholdengo|atk|1
|-unboost|p1b: Rillaboom|atk|1
|-terastallize|p2a: Ninetales|Ghost
|-terastallize|p1a: Gholdengo|Water
|move|p2a: Ninetales|Aurora Veil|p2a: Ninetales
|-sidestart|p2: spongebob601|move: Aurora Veil
|move|p1a: Gholdengo|Shadow Ball|p2b: Incineroar
|-resisted|p2b: Incineroar
|-damage|p2b: Incineroar|86/100
|-damage|p1a: Gholdengo|91/100|[from] item: Life Orb
|move|p1b: Rillaboom|High Horsepower|p2b: Incineroar
|-supereffective|p2b: Incineroar
|-damage|p2b: Incineroar|65/100
|
|-weather|Snowscape|[upkeep]
|-heal|p1a: Gholdengo|97/100|[from] Grassy Terrain
|-heal|p2b: Incineroar|71/100|[from] Grassy Terrain
|upkeep
|turn|2
|inactive|spongebob601 has 30 seconds left.
|inactive|spongebob601 has 20 seconds left.
|inactive|spongebob601 has 15 seconds left.
|inactive|spongebob601 has 10 seconds left.
|
|t:|1757829309
|switch|p1b: Dondozo|Dondozo, L50, F|100/100
|move|p2a: Ninetales|Blizzard|p1a: Gholdengo|[spread] p1a,p1b
|-resisted|p1a: Gholdengo
|-resisted|p1b: Dondozo
|-damage|p1a: Gholdengo|86/100
|-damage|p1b: Dondozo|92/100
|move|p1a: Gholdengo|Shadow Ball|p2a: Ninetales
|-supereffective|p2a: Ninetales
|-damage|p2a: Ninetales|36/100
|-damage|p1a: Gholdengo|76/100|[from] item: Life Orb
|move|p2b: Incineroar|Knock Off|p1a: Gholdengo
|-damage|p1a: Gholdengo|41/100
|-enditem|p1a: Gholdengo|Life Orb|[from] move: Knock Off|[of] p2b: Incineroar
|
|-weather|Snowscape|[upkeep]
|-heal|p2a: Ninetales|42/100|[from] Grassy Terrain
|-heal|p1a: Gholdengo|47/100|[from] Grassy Terrain
|-heal|p2b: Incineroar|77/100|[from] Grassy Terrain
|-heal|p1b: Dondozo|99/100|[from] Grassy Terrain
|-heal|p1b: Dondozo|100/100|[from] item: Leftovers
|upkeep
|turn|3
|inactive|spongebob601 has 30 seconds left.
|inactive|spongebob601 has 20 seconds left.
|
|t:|1757829347
|move|p2a: Ninetales|Icy Wind|p1b: Dondozo|[spread] p1a,p1b
|-resisted|p1a: Gholdengo
|-resisted|p1b: Dondozo
|-damage|p1a: Gholdengo|41/100
|-damage|p1b: Dondozo|97/100
|-unboost|p1a: Gholdengo|spe|1
|-unboost|p1b: Dondozo|spe|1
|move|p1a: Gholdengo|Nasty Plot|p1a: Gholdengo
|-boost|p1a: Gholdengo|spa|2
|move|p2b: Incineroar|Knock Off|p1b: Dondozo
|-damage|p1b: Dondozo|74/100
|-enditem|p1b: Dondozo|Leftovers|[from] move: Knock Off|[of] p2b: Incineroar
|move|p1b: Dondozo|Yawn|p2b: Incineroar
|-start|p2b: Incineroar|move: Yawn|[of] p1b: Dondozo
|
|-weather|Snowscape|[upkeep]
|-heal|p2a: Ninetales|48/100|[from] Grassy Terrain
|-heal|p1a: Gholdengo|47/100|[from] Grassy Terrain
|-heal|p2b: Incineroar|83/100|[from] Grassy Terrain
|-heal|p1b: Dondozo|81/100|[from] Grassy Terrain
|upkeep
|turn|4
|inactive|spongebob601 has 30 seconds left.
|inactive|spongebob601 has 20 seconds left.
|inactive|spongebob601 has 15 seconds left.
|inactive|spongebob601 has 10 seconds left.
|
|t:|1757829394
|move|p2a: Ninetales|Blizzard|p1b: Dondozo|[spread] p1a,p1b
|-resisted|p1a: Gholdengo
|-resisted|p1b: Dondozo
|-damage|p1a: Gholdengo|36/100
|-damage|p1b: Dondozo|73/100
|move|p1a: Gholdengo|Shadow Ball|p2a: Ninetales
|-supereffective|p2a: Ninetales
|-damage|p2a: Ninetales|0 fnt
|faint|p2a: Ninetales
|move|p2b: Incineroar|Parting Shot|p1b: Dondozo
|-unboost|p1b: Dondozo|atk|1
|-unboost|p1b: Dondozo|spa|1
|
|t:|1757829410
|switch|p2b: Rillaboom|Rillaboom, L50, M|100/100|[from] Parting Shot
|move|p1b: Dondozo|Yawn|p2b: Rillaboom
|-start|p2b: Rillaboom|move: Yawn|[of] p1b: Dondozo
|
|-weather|Snowscape|[upkeep]
|-heal|p1a: Gholdengo|42/100|[from] Grassy Terrain
|-heal|p1b: Dondozo|79/100|[from] Grassy Terrain
|upkeep
|
|t:|1757829428
|switch|p2a: Gholdengo|Gholdengo, L50|100/100
|turn|5
|
|t:|1757829446
|move|p1a: Gholdengo|Protect|p1a: Gholdengo
|-singleturn|p1a: Gholdengo|Protect
|move|p1b: Dondozo|Protect|p1b: Dondozo
|-singleturn|p1b: Dondozo|Protect
|move|p2b: Rillaboom|Drum Beating|p1b: Dondozo
|-activate|p1b: Dondozo|move: Protect
|move|p2a: Gholdengo|Shadow Ball|p1a: Gholdengo
|-activate|p1a: Gholdengo|move: Protect
|
|-weather|none
|-heal|p1a: Gholdengo|48/100|[from] Grassy Terrain
|-heal|p1b: Dondozo|85/100|[from] Grassy Terrain
|-end|p2b: Rillaboom|move: Yawn|[silent]
|-status|p2b: Rillaboom|slp
|-fieldend|move: Grassy Terrain
|upkeep
|turn|6
|inactive|spongebob601 has 30 seconds left.
|
|t:|1757829480
|cant|p2b: Rillaboom|slp
|move|p2a: Gholdengo|Shadow Ball|p1a: Gholdengo
|-damage|p1a: Gholdengo|7/100
|-damage|p2a: Gholdengo|91/100|[from] item: Life Orb
|move|p1a: Gholdengo|Shadow Ball|p2a: Gholdengo
|-supereffective|p2a: Gholdengo
|-damage|p2a: Gholdengo|16/100
|-unboost|p2a: Gholdengo|spd|1
|move|p1b: Dondozo|Fissure|p2a: Gholdengo|[miss]
|-miss|p1b: Dondozo|p2a: Gholdengo
|
|upkeep
|turn|7
|inactive|Oreo_Stars has 30 seconds left.
|inactive|spongebob601 has 30 seconds left.
|inactive|spongebob601 has 20 seconds left.
|
|t:|1757829518
|switch|p1a: Rillaboom|Rillaboom, L50, M|100/100
|-fieldstart|move: Grassy Terrain|[from] ability: Grassy Surge|[of] p1a: Rillaboom
|cant|p2b: Rillaboom|slp
|move|p2a: Gholdengo|Make It Rain|p1b: Dondozo|[spread] p1a,p1b
|-resisted|p1b: Dondozo
|-damage|p1a: Rillaboom|48/100
|-damage|p1b: Dondozo|68/100
|-unboost|p2a: Gholdengo|spa|1
|-damage|p2a: Gholdengo|6/100|[from] item: Life Orb
|move|p1b: Dondozo|Wave Crash|p2a: Gholdengo
|-damage|p2a: Gholdengo|0 fnt
|faint|p2a: Gholdengo
|-damage|p1b: Dondozo|67/100|[from] Recoil
|
|-heal|p1a: Rillaboom|54/100|[from] Grassy Terrain
|-heal|p1b: Dondozo|73/100|[from] Grassy Terrain
|upkeep
|inactive|spongebob601 has 30 seconds left.
|
|t:|1757829547
|switch|p2a: Incineroar|Incineroar, L50, M|83/100
|-ability|p2a: Incineroar|Intimidate|boost
|-unboost|p1a: Rillaboom|atk|1
|-unboost|p1b: Dondozo|atk|1
|turn|8
|inactive|spongebob601 has 30 seconds left.
|
|t:|1757829577
|switch|p1a: Gholdengo|Gholdengo, L50, tera:Water|7/100
|move|p1b: Dondozo|Protect|p1b: Dondozo
|-singleturn|p1b: Dondozo|Protect
|move|p2a: Incineroar|Fake Out|p1b: Dondozo
|-activate|p1b: Dondozo|move: Protect
|cant|p2b: Rillaboom|slp
|
|-heal|p1a: Gholdengo|14/100|[from] Grassy Terrain
|-heal|p2a: Incineroar|89/100|[from] Grassy Terrain
|-heal|p1b: Dondozo|79/100|[from] Grassy Terrain
|-sideend|p2: spongebob601|move: Aurora Veil
|upkeep
|turn|9
|
|t:|1757829600
|move|p1a: Gholdengo|Protect|p1a: Gholdengo
|-singleturn|p1a: Gholdengo|Protect
|-curestatus|p2b: Rillaboom|slp|[msg]
|move|p2b: Rillaboom|Grassy Glide|p1a: Gholdengo
|-activate|p1a: Gholdengo|move: Protect
|move|p2a: Incineroar|Parting Shot|p1b: Dondozo
|-unboost|p1b: Dondozo|atk|1
|-unboost|p1b: Dondozo|spa|1
|move|p1b: Dondozo|Yawn|p2b: Rillaboom
|-start|p2b: Rillaboom|move: Yawn|[of] p1b: Dondozo
|
|-heal|p1a: Gholdengo|20/100|[from] Grassy Terrain
|-heal|p2a: Incineroar|95/100|[from] Grassy Terrain
|-heal|p1b: Dondozo|85/100|[from] Grassy Terrain
|upkeep
|turn|10
|inactive|spongebob601 has 30 seconds left.
|inactive|spongebob601 has 20 seconds left.
|
|t:|1757829636
|switch|p1a: Rillaboom|Rillaboom, L50, M|54/100
|move|p2b: Rillaboom|Grassy Glide|p1a: Rillaboom
|-resisted|p1a: Rillaboom
|-damage|p1a: Rillaboom|36/100
|move|p2a: Incineroar|Parting Shot|p1b: Dondozo
|-unboost|p1b: Dondozo|atk|1
|-unboost|p1b: Dondozo|spa|1
|move|p1b: Dondozo|Yawn|p2a: Incineroar
|-start|p2a: Incineroar|move: Yawn|[of] p1b: Dondozo
|
|-heal|p1a: Rillaboom|43/100|[from] Grassy Terrain
|-heal|p2a: Incineroar|100/100|[from] Grassy Terrain
|-heal|p1b: Dondozo|92/100|[from] Grassy Terrain
|-end|p2b: Rillaboom|move: Yawn|[silent]
|-status|p2b: Rillaboom|slp
|upkeep
|turn|11
|inactive|spongebob601 has 30 seconds left.
|inactive|spongebob601 has 20 seconds left.
|inactive|spongebob601 has 15 seconds left.
|inactive|spongebob601 has 10 seconds left.
|
|t:|1757829668
|move|p1a: Rillaboom|Fake Out|p2a: Incineroar
|-crit|p2a: Incineroar
|-damage|p2a: Incineroar|86/100
|cant|p2b: Rillaboom|slp
|cant|p2a: Incineroar|flinch
|move|p1b: Dondozo|Fissure|p2b: Rillaboom
|-damage|p2b: Rillaboom|0 fnt
|faint|p2b: Rillaboom
|-ohko
|
|-heal|p1a: Rillaboom|49/100|[from] Grassy Terrain
|-heal|p2a: Incineroar|92/100|[from] Grassy Terrain
|-heal|p1b: Dondozo|98/100|[from] Grassy Terrain
|-end|p2a: Incineroar|move: Yawn|[silent]
|-status|p2a: Incineroar|slp
|-fieldend|move: Grassy Terrain
|upkeep
|turn|12
|inactive|spongebob601 has 10 seconds left this turn.
|
|t:|1757829674
|switch|p1a: Gholdengo|Gholdengo, L50, tera:Water|20/100
|cant|p2a: Incineroar|slp
|move|p1b: Dondozo|Fissure|p2a: Incineroar|[miss]
|-miss|p1b: Dondozo|p2a: Incineroar
|
|upkeep
|turn|13
|inactive|spongebob601 has 10 seconds left this turn.
|inactive|spongebob601 has 5 seconds left.
|-message|spongebob601 lost due to inactivity.
|
|win|Oreo_Stars
||Oreo_Stars is ready for game 2.
