|j|☆Vomit247
|j|☆predatorssg
|html|Vomit247predatorssg    
|uhtml|bestof|Game 2 of a best-of-3
|t:|1785941129
|gametype|doubles
|player|p1|Vomit247|265|1107
|player|p2|predatorssg|2|1215
|gen|9
|tier|[Gen 9 Champions] VGC 2026 Reg M-B (Bo3)
|rated|
|rule|Species Clause: Limit one of each Pokémon
|rule|Item Clause: Limit 1 of each item
|clearpoke
|poke|p1|Farigiraf, L50, F|
|poke|p1|Incineroar, L50, F|
|poke|p1|Sylveon, L50, F|
|poke|p1|Staraptor, L50, M|
|poke|p1|Basculegion, L50, M|
|poke|p1|Whimsicott, L50, F|
|poke|p2|Archaludon, L50, F|
|poke|p2|Pelipper, L50, M|
|poke|p2|Grimmsnarl, L50, M|
|poke|p2|Swampert, L50, F|
|poke|p2|Talonflame, L50, M|
|poke|p2|Floette-Eternal, L50, F|
|teampreview|4
|showteam|p1|Farigiraf||SitrusBerry|ArmorTail|Protect,HyperVoice,Psychic,TrickRoom|Sassy||F|||50|]Incineroar||WhiteHerb|Intimidate|FakeOut,FlareBlitz,DarkestLariat,CloseCombat|Brave||F|||50|]Sylveon||LifeOrb|Pixilate|Detect,Moonblast,HyperVoice,ShadowBall|Modest||F|||50|]Staraptor||Staraptite|Intimidate|Protect,BraveBird,CloseCombat,Roost|Adamant||M|||50|]Basculegion||ChoiceScarf|Adaptability|WaveCrash,FlipTurn,AquaJet,LastRespects|Adamant||M|||50|]Whimsicott||FocusSash|Prankster|Charm,Moonblast,Encore,Tailwind|Timid||F|||50|
|showteam|p2|Archaludon||Leftovers|Stamina|ElectroShot,AuraSphere,FlashCannon,Protect|Modest||F|||50|]Pelipper||SitrusBerry|Drizzle|HelpingHand,WeatherBall,Hurricane,WideGuard|Modest||M|||50|]Grimmsnarl||LightClay|Prankster|PartingShot,SpiritBreak,Reflect,LightScreen|Calm||M|||50|]Swampert||Swampertite|Torrent|WaveCrash,Earthquake,IcePunch,Protect|Adamant||F|||50|]Talonflame||SharpBeak|GaleWings|Protect,Tailwind,RainDance,DualWingbeat|Jolly||M|||50|]Floette-Eternal||Floettite|FlowerVeil|DazzlingGleam,Moonblast,LightofRuin,Protect|Modest||F|||50|
|
|t:|1785941144
|teamsize|p1|4
|teamsize|p2|4
|start
|switch|p1a: Farigiraf|Farigiraf, L50, F|100/100
|switch|p1b: Incineroar|Incineroar, L50, F|100/100
|switch|p2a: Talonflame|Talonflame, L50, M|100/100
|switch|p2b: Floette|Floette-Eternal, L50, F|100/100
|-ability|p1b: Incineroar|Intimidate|boost
|-unboost|p2a: Talonflame|atk|1
|-unboost|p2b: Floette|atk|1
|turn|1
|
|t:|1785941158
|switch|p2a: Archaludon|Archaludon, L50, F|100/100
|detailschange|p2b: Floette|Floette-Mega, L50, F
|-mega|p2b: Floette|Floette|Floettite
|-ability|p2b: Floette|Fairy Aura
|move|p1b: Incineroar|Fake Out|p2b: Floette
|-damage|p2b: Floette|80/100
|cant|p2b: Floette|flinch
|move|p1a: Farigiraf|Trick Room|p1a: Farigiraf
|-fieldstart|move: Trick Room|[of] p1a: Farigiraf
|
|upkeep
|turn|2
|
|t:|1785941181
|switch|p1a: Sylveon|Sylveon, L50, F|100/100
|switch|p2b: Pelipper|Pelipper, L50, M|100/100
|-weather|RainDance|[from] ability: Drizzle|[of] p2b: Pelipper
|move|p1b: Incineroar|Flare Blitz|p2b: Pelipper
|-resisted|p2b: Pelipper|1
|-damage|p2b: Pelipper|82/100
|-damage|p1b: Incineroar|95/100|[from] Recoil
|move|p2a: Archaludon|Electro Shot||[still]
|-prepare|p2a: Archaludon|Electro Shot
|-boost|p2a: Archaludon|spa|1
|-anim|p2a: Archaludon|Electro Shot|p1a: Sylveon
|-damage|p1a: Sylveon|53/100
|
|-weather|RainDance|[upkeep]
|upkeep
|turn|3
|
|t:|1785941196
|move|p1b: Incineroar|Close Combat|p2a: Archaludon
|-supereffective|p2a: Archaludon|1
|-damage|p2a: Archaludon|41/100
|-unboost|p1b: Incineroar|def|1
|-unboost|p1b: Incineroar|spd|1
|-ability|p2a: Archaludon|Stamina|boost
|-boost|p2a: Archaludon|def|1
|-enditem|p1b: Incineroar|White Herb
|-clearnegativeboost|p1b: Incineroar|[silent]
|move|p1a: Sylveon|Hyper Voice|p2b: Pelipper|[spread] p2a,p2b
|-damage|p2a: Archaludon|0 fnt
|-damage|p2b: Pelipper|29/100
|-enditem|p2b: Pelipper|Sitrus Berry|[eat]
|-heal|p2b: Pelipper|54/100|[from] item: Sitrus Berry
|faint|p2a: Archaludon
|-damage|p1a: Sylveon|43/100|[from] item: Life Orb
|move|p2b: Pelipper|Weather Ball|p1b: Incineroar
|-supereffective|p1b: Incineroar|1
|-damage|p1b: Incineroar|0 fnt
|faint|p1b: Incineroar
|
|-weather|RainDance|[upkeep]
|upkeep
|
|t:|1785941209
|switch|p1b: Farigiraf|Farigiraf, L50, F|100/100
|switch|p2a: Floette|Floette-Mega, L50, F|80/100
|-ability|p2a: Floette|Fairy Aura
|turn|4
|
|t:|1785941213
|move|p2b: Pelipper|Wide Guard|p2b: Pelipper
|-singleturn|p2b: Pelipper|Wide Guard
|move|p1b: Farigiraf|Hyper Voice|p2b: Pelipper|[spread] 
|-activate|p2a: Floette|move: Wide Guard
|-activate|p2b: Pelipper|move: Wide Guard
|move|p1a: Sylveon|Hyper Voice|p2a: Floette|[spread] 
|-activate|p2a: Floette|move: Wide Guard
|-activate|p2b: Pelipper|move: Wide Guard
|move|p2a: Floette|Dazzling Gleam|p1a: Sylveon|[spread] p1a,p1b
|-damage|p1a: Sylveon|7/100
|-damage|p1b: Farigiraf|54/100
|
|-weather|RainDance|[upkeep]
|upkeep
|turn|5
|
|t:|1785941230
|move|p2a: Floette|Protect|p2a: Floette
|-singleturn|p2a: Floette|Protect
|move|p1b: Farigiraf|Psychic|p2a: Floette
|-activate|p2a: Floette|move: Protect
|move|p1a: Sylveon|Moonblast|p2a: Floette
|-activate|p2a: Floette|move: Protect
|move|p2b: Pelipper|Weather Ball|p1b: Farigiraf
|-damage|p1b: Farigiraf|5/100
|-enditem|p1b: Farigiraf|Sitrus Berry|[eat]
|-heal|p1b: Farigiraf|29/100|[from] item: Sitrus Berry
|
|-weather|RainDance|[upkeep]
|-fieldend|move: Trick Room
|upkeep
|turn|6
|
|t:|1785941243
|move|p2b: Pelipper|Helping Hand|p2a: Floette
|-singleturn|p2a: Floette|Helping Hand|[of] p2b: Pelipper
|move|p2a: Floette|Dazzling Gleam|p1b: Farigiraf|[spread] p1a,p1b
|-damage|p1a: Sylveon|0 fnt
|-damage|p1b: Farigiraf|0 fnt
|faint|p1a: Sylveon
|faint|p1b: Farigiraf
|
|-weather|none
|upkeep
|
|t:|1785941248
|switch|p1b: Basculegion|Basculegion, L50, M|100/100
|turn|7
|
|t:|1785941251
|switch|p2b: Talonflame|Talonflame, L50, M|100/100
|move|p2a: Floette|Protect|p2a: Floette
|-singleturn|p2a: Floette|Protect
|move|p1b: Basculegion|Last Respects|p2a: Floette
|-activate|p2a: Floette|move: Protect
|
|upkeep
|turn|8
|
|t:|1785941262
|switch|p2a: Pelipper|Pelipper, L50, M|54/100
|-weather|RainDance|[from] ability: Drizzle|[of] p2a: Pelipper
|move|p2b: Talonflame|Dual Wingbeat|p1b: Basculegion
|-damage|p1b: Basculegion|80/100
|-damage|p1b: Basculegion|57/100
|-hitcount|p1b: Basculegion|2
|move|p1b: Basculegion|Last Respects|p2b: Talonflame
|-damage|p2b: Talonflame|0 fnt
|faint|p2b: Talonflame
|
|-weather|RainDance|[upkeep]
|upkeep
|
|t:|1785941272
|switch|p2b: Floette|Floette-Mega, L50, F|80/100
|-ability|p2b: Floette|Fairy Aura
|turn|9
|
|t:|1785941278
|move|p1b: Basculegion|Last Respects|p2a: Pelipper
|-damage|p2a: Pelipper|0 fnt
|faint|p2a: Pelipper
|move|p2b: Floette|Moonblast|p1b: Basculegion
|-damage|p1b: Basculegion|0 fnt
|faint|p1b: Basculegion
|
|win|predatorssg
|raw|Vomit247's rating: 1107 → 1090(-17 for losing)
|raw|predatorssg's rating: 1215 → 1232(+17 for winning)
|l|☆Vomit247
|player|p1|
