|j|☆2BStellar
|j|☆Inkerious
|html|2BStellarInkerious    
|uhtml|bestof|Game 1 of a best-of-3
|t:|1785982393
|gametype|doubles
|player|p1|2BStellar|hilbert-wonderlauncher|1179
|player|p2|Inkerious|102|1160
|gen|9
|tier|[Gen 9 Champions] VGC 2026 Reg M-B (Bo3)
|rated|
|rule|Species Clause: Limit one of each Pokémon
|rule|Item Clause: Limit 1 of each item
|clearpoke
|poke|p1|Sylveon, L50, F, shiny|
|poke|p1|Garchomp, L50, M, shiny|
|poke|p1|Kingambit, L50, M, shiny|
|poke|p1|Charizard, L50, M, shiny|
|poke|p1|Aerodactyl, L50, M, shiny|
|poke|p1|Farigiraf, L50, F, shiny|
|poke|p2|Gholdengo, L50|
|poke|p2|Tyranitar, L50, M|
|poke|p2|Excadrill, L50, M|
|poke|p2|Milotic, L50, M|
|poke|p2|Staraptor, L50, M|
|poke|p2|Sinistcha, L50|
|teampreview|4
|showteam|p1|Sylveon||FairyFeather|Pixilate|Detect,HyperVoice,QuickAttack,HyperBeam|Modest||F|||50|]Garchomp||LifeOrb|RoughSkin|Protect,Earthquake,DragonClaw,StoneEdge|Jolly||M|||50|]Kingambit||FocusSash|Defiant|SuckerPunch,KowtowCleave,IronHead,BrickBreak|Jolly||M|||50|]Charizard||CharizarditeY|Blaze|Protect,HeatWave,SolarBeam,WeatherBall|Modest||M|||50|]Aerodactyl||Aerodactylite|Unnerve|Tailwind,RockSlide,IceFang,DualWingbeat|Jolly||M|||50|]Farigiraf||SitrusBerry|ArmorTail|Protect,Thunderbolt,TwinBeam,TrickRoom|Bold||F|||50|
|showteam|p2|Gholdengo||LifeOrb|GoodasGold|MakeItRain,ShadowBall,NastyPlot,Protect|Modest|||||50|]Tyranitar||Tyranitarite|SandStream|RockSlide,KnockOff,HighHorsepower,Protect|Jolly||M|||50|]Excadrill||FocusSash|SandRush|IronHead,HighHorsepower,RockSlide,Protect|Jolly||M|||50|]Milotic||SitrusBerry|Competitive|Scald,IcyWind,Haze,Protect|Calm||M|||50|]Staraptor||Staraptite|Intimidate|CloseCombat,BraveBird,Tailwind,Protect|Jolly||M|||50|]Sinistcha||ColburBerry|Hospitality|MatchaGotcha,ShadowBall,RagePowder,Protect|Bold|||||50|
|inactive|Battle timer is ON: inactive players will automatically lose when time's up. (requested by Inkerious)
|inactive|2BStellar has 60 seconds left.
|inactive|Inkerious has 60 seconds left.
|
|t:|1785982444
|teamsize|p1|4
|teamsize|p2|4
|start
|switch|p1a: giraf|Farigiraf, L50, F, shiny|100/100
|switch|p1b: e4e5f4|Kingambit, L50, M, shiny|100/100
|switch|p2a: Milotic|Milotic, L50, M|100/100
|switch|p2b: Gholdengo|Gholdengo, L50|100/100
|turn|1
|
|t:|1785982466
|move|p2a: Milotic|Scald|p1b: e4e5f4
|-damage|p1b: e4e5f4|67/100
|-status|p1b: e4e5f4|brn
|move|p2b: Gholdengo|Nasty Plot|p2b: Gholdengo
|-boost|p2b: Gholdengo|spa|2
|move|p1b: e4e5f4|Kowtow Cleave|p2b: Gholdengo
|-supereffective|p2b: Gholdengo|1
|-damage|p2b: Gholdengo|65/100
|move|p1a: giraf|Trick Room|p1a: giraf
|-fieldstart|move: Trick Room|[of] p1a: giraf
|
|-damage|p1b: e4e5f4|61/100 brn|[from] brn
|upkeep
|turn|2
|inactive|2BStellar has 30 seconds left.
|inactive|2BStellar has 20 seconds left.
|
|t:|1785982507
|move|p1a: giraf|Thunderbolt|p2b: Gholdengo
|-damage|p2b: Gholdengo|41/100
|move|p1b: e4e5f4|Kowtow Cleave|p2b: Gholdengo
|-supereffective|p2b: Gholdengo|1
|-damage|p2b: Gholdengo|3/100
|move|p2b: Gholdengo|Make It Rain|p1a: giraf|[spread] p1a,p1b
|-resisted|p1b: e4e5f4|1
|-damage|p1a: giraf|0 fnt
|-damage|p1b: e4e5f4|0 fnt
|-unboost|p2b: Gholdengo|spa|2
|faint|p1a: giraf
|faint|p1b: e4e5f4
|-damage|p2b: Gholdengo|0 fnt|[from] item: Life Orb
|faint|p2b: Gholdengo
|move|p2a: Milotic|Scald|p1: giraf|[notarget]
|-fail|p2a: Milotic
|
|upkeep
|
|t:|1785982529
|switch|p1a: piano|Garchomp, L50, M, shiny|100/100
|switch|p1b: zzzzzz|Charizard, L50, M, shiny|100/100
|switch|p2b: Staraptor|Staraptor, L50, M|100/100
|-ability|p2b: Staraptor|Intimidate|boost
|-unboost|p1a: piano|atk|1
|-unboost|p1b: zzzzzz|atk|1
|turn|3
|inactive|2BStellar has 30 seconds left.
|
|t:|1785982555
|detailschange|p1b: zzzzzz|Charizard-Mega-Y, L50, M, shiny
|-mega|p1b: zzzzzz|Charizard|Charizardite Y
|-weather|SunnyDay|[from] ability: Drought|[of] p1b: zzzzzz
|detailschange|p2b: Staraptor|Staraptor-Mega, L50, M
|-mega|p2b: Staraptor|Staraptor|Staraptite
|move|p1a: piano|Protect|p1a: piano
|-singleturn|p1a: piano|Protect
|move|p2a: Milotic|Icy Wind|p1b: zzzzzz|[spread] p1b
|-activate|p1a: piano|move: Protect
|-damage|p1b: zzzzzz|91/100
|-unboost|p1b: zzzzzz|spe|1
|move|p1b: zzzzzz|Solar Beam||[still]
|-prepare|p1b: zzzzzz|Solar Beam
|-anim|p1b: zzzzzz|Solar Beam|p2a: Milotic
|-supereffective|p2a: Milotic|1
|-damage|p2a: Milotic|32/100
|-enditem|p2a: Milotic|Sitrus Berry|[eat]
|-heal|p2a: Milotic|57/100|[from] item: Sitrus Berry
|move|p2b: Staraptor|Close Combat|p1b: zzzzzz
|-resisted|p1b: zzzzzz|1
|-damage|p1b: zzzzzz|68/100
|-boost|p2b: Staraptor|def|1
|-boost|p2b: Staraptor|spd|1
|
|-weather|SunnyDay|[upkeep]
|upkeep
|turn|4
|inactive|2BStellar has 30 seconds left.
|inactive|Inkerious has 30 seconds left.
|inactive|2BStellar has 20 seconds left.
|inactive|Inkerious has 20 seconds left.
|inactive|2BStellar has 15 seconds left.
|inactive|2BStellar has 10 seconds left.
|inactive|2BStellar has 5 seconds left.
|
|t:|1785982609
|move|p1b: zzzzzz|Heat Wave|p2b: Staraptor|[spread] p2b
|-miss|p1b: zzzzzz|p2a: Milotic
|-damage|p2b: Staraptor|59/100
|move|p2a: Milotic|Icy Wind|p1b: zzzzzz|[spread] p1b
|-miss|p2a: Milotic|p1a: piano
|-damage|p1b: zzzzzz|59/100
|-unboost|p1b: zzzzzz|spe|1
|move|p1a: piano|Stone Edge|p2b: Staraptor|[miss]
|-miss|p1a: piano|p2b: Staraptor
|move|p2b: Staraptor|Close Combat|p1b: zzzzzz
|-resisted|p1b: zzzzzz|1
|-crit|p1b: zzzzzz
|-damage|p1b: zzzzzz|21/100
|-boost|p2b: Staraptor|def|1
|-boost|p2b: Staraptor|spd|1
|
|-weather|SunnyDay|[upkeep]
|upkeep
|turn|5
|inactive|2BStellar has 30 seconds left.
|inactive|2BStellar has 20 seconds left.
|
|t:|1785982645
|move|p2b: Staraptor|Protect|p2b: Staraptor
|-singleturn|p2b: Staraptor|Protect
|move|p1b: zzzzzz|Heat Wave|p2a: Milotic|[spread] 
|-activate|p2b: Staraptor|move: Protect
|-miss|p1b: zzzzzz|p2a: Milotic
|move|p2a: Milotic|Icy Wind|p1a: piano|[spread] p1a,p1b
|-supereffective|p1a: piano|2
|-damage|p1a: piano|54/100
|-damage|p1b: zzzzzz|13/100
|-unboost|p1a: piano|spe|1
|-unboost|p1b: zzzzzz|spe|1
|move|p1a: piano|Dragon Claw|p2b: Staraptor
|-activate|p2b: Staraptor|move: Protect
|
|-weather|SunnyDay|[upkeep]
|-fieldend|move: Trick Room
|upkeep
|turn|6
|inactive|Inkerious has 30 seconds left.
|
|t:|1785982671
|move|p1b: zzzzzz|Protect|p1b: zzzzzz
|-singleturn|p1b: zzzzzz|Protect
|move|p2b: Staraptor|Close Combat|p1a: piano
|-damage|p1a: piano|0 fnt
|-boost|p2b: Staraptor|def|1
|-boost|p2b: Staraptor|spd|1
|-damage|p2b: Staraptor|47/100|[from] ability: Rough Skin|[of] p1a: piano
|faint|p1a: piano
|move|p2a: Milotic|Icy Wind|p1b: zzzzzz
|-activate|p1b: zzzzzz|move: Protect
|
|-weather|SunnyDay|[upkeep]
|upkeep
|turn|7
|-message|2BStellar forfeited.
|
|win|Inkerious
||Inkerious is ready for game 2.
||2BStellar is ready for game 2.
|uhtml|next|Next: Game 2 of 3
