|j|☆Notaplaceofhonor
|j|☆MiraiPidgeon
|html|NotaplaceofhonorMiraiPidgeon    
|uhtml|bestof|Game 1 of a best-of-3
|t:|1757113464
|gametype|doubles
|player|p1|Notaplaceofhonor|juan-gen3|1196
|player|p2|MiraiPidgeon|102|1280
|gen|9
|tier|[Gen 9] VGC 2025 Reg H (Bo3)
|rated|
|rule|Species Clause: Limit one of each Pokémon
|rule|Item Clause: Limit 1 of each item
|clearpoke
|poke|p1|Dondozo, L50, M|
|poke|p1|Tatsugiri, L50, F|
|poke|p1|Glimmora, L50, F|
|poke|p1|Talonflame, L50, F|
|poke|p1|Gholdengo, L50|
|poke|p1|Annihilape, L50, F|
|poke|p2|Talonflame, L50, F|
|poke|p2|Garchomp, L50, M|
|poke|p2|Annihilape, L50, M|
|poke|p2|Tyranitar, L50, M|
|poke|p2|Gholdengo, L50|
|poke|p2|Amoonguss, L50, M|
|teampreview|4
|showteam|p1|Dondozo||Leftovers|Unaware|Protect,WaveCrash,OrderUp,Earthquake|||M|||50|,,,,,Grass]Tatsugiri||FocusSash|Commander|Protect,DragonPulse,DracoMeteor,MuddyWater|||F|||50|,,,,,Stellar]Glimmora||PowerHerb|ToxicDebris|SpikyShield,MeteorBeam,SludgeBomb,EarthPower|||F|||50|,,,,,Grass]Talonflame||LifeOrb|GaleWings|Protect,Tailwind,BraveBird,FlareBlitz|||F|||50|,,,,,Flying]Gholdengo||ChoiceSpecs|GoodasGold|MakeItRain,ShadowBall,Thunderbolt,Trick||||||50|,,,,,Steel]Annihilape||SafetyGoggles|Defiant|CloseCombat,FinalGambit,RageFist,Taunt|||F|||50|,,,,,Fire
|showteam|p2|Talonflame||SharpBeak|GaleWings|Tailwind,DualWingbeat,WillOWisp,Protect|||F|||50|,,,,,Ghost]Garchomp||LoadedDice|RoughSkin|Earthquake,ScaleShot,Protect,StompingTantrum|||M|||50|,,,,,Fairy]Annihilape||FocusSash|Defiant|CloseCombat,RageFist,Coaching,Taunt|||M|||50|,,,,,Water]Tyranitar||AssaultVest|SandStream|KnockOff,RockSlide,LowKick,TeraBlast|||M|||50|,,,,,Flying]Gholdengo||MetalCoat|GoodasGold|MakeItRain,ShadowBall,NastyPlot,Protect||||||50|,,,,,Water]Amoonguss||SitrusBerry|Regenerator|Spore,RagePowder,PollenPuff,ClearSmog|||M|||50|,,,,,Water
|
|t:|1757113522
|teamsize|p1|4
|teamsize|p2|4
|start
|switch|p1a: Talonflame|Talonflame, L50, F|100/100
|switch|p1b: Annihilape|Annihilape, L50, F|100/100
|switch|p2a: Talonflame|Talonflame, L50, F|100/100
|switch|p2b: Garchomp|Garchomp, L50, M|100/100
|turn|1
|
|t:|1757113555
|switch|p1b: Dondozo|Dondozo, L50, M|100/100
|move|p2a: Talonflame|Tailwind|p2a: Talonflame
|-sidestart|p2: MiraiPidgeon|move: Tailwind
|move|p1a: Talonflame|Tailwind|p1a: Talonflame
|-sidestart|p1: Notaplaceofhonor|move: Tailwind
|move|p2b: Garchomp|Scale Shot|p1a: Talonflame
|-damage|p1a: Talonflame|82/100
|-damage|p1a: Talonflame|63/100
|-damage|p1a: Talonflame|43/100
|-damage|p1a: Talonflame|21/100
|-hitcount|p1a: Talonflame|4
|-unboost|p2b: Garchomp|def|1
|-boost|p2b: Garchomp|spe|1
|
|upkeep
|turn|2
|
|t:|1757113581
|switch|p2b: Amoonguss|Amoonguss, L50, M|100/100
|move|p1b: Dondozo|Protect|p1b: Dondozo
|-singleturn|p1b: Dondozo|Protect
|move|p2a: Talonflame|Dual Wingbeat|p1a: Talonflame
|-damage|p1a: Talonflame|0 fnt
|faint|p1a: Talonflame
|-hitcount|p1: Talonflame|1
|
|upkeep
|
|t:|1757113586
|switch|p1a: Annihilape|Annihilape, L50, F|100/100
|turn|3
|
|t:|1757113625
|move|p2a: Talonflame|Will-O-Wisp|p1b: Dondozo
|-status|p1b: Dondozo|brn
|move|p1a: Annihilape|Final Gambit|p2b: Amoonguss
|-damage|p2b: Amoonguss|6/100
|-enditem|p2b: Amoonguss|Sitrus Berry|[eat]
|-heal|p2b: Amoonguss|30/100|[from] item: Sitrus Berry
|faint|p1a: Annihilape
|move|p1b: Dondozo|Order Up|p2b: Amoonguss
|-damage|p2b: Amoonguss|22/100
|move|p2b: Amoonguss|Clear Smog|p1b: Dondozo
|-damage|p1b: Dondozo|86/100 brn
|-clearboost|p1b: Dondozo
|
|-heal|p1b: Dondozo|92/100 brn|[from] item: Leftovers
|-damage|p1b: Dondozo|86/100 brn|[from] brn
|upkeep
|
|t:|1757113636
|switch|p1a: Tatsugiri|Tatsugiri, L50, F|100/100
|-activate|p1a: Tatsugiri|ability: Commander|[of] p1b: Dondozo
|-boost|p1b: Dondozo|atk|2
|-boost|p1b: Dondozo|spa|2
|-boost|p1b: Dondozo|spe|2
|-boost|p1b: Dondozo|def|2
|-boost|p1b: Dondozo|spd|2
|turn|4
|
|t:|1757113658
|switch|p2b: Garchomp|Garchomp, L50, M|100/100
|move|p2a: Talonflame|Dual Wingbeat|p1b: Dondozo
|-damage|p1b: Dondozo|78/100 brn
|-damage|p1b: Dondozo|70/100 brn
|-hitcount|p1b: Dondozo|2
|move|p1b: Dondozo|Order Up|p2b: Garchomp
|-supereffective|p2b: Garchomp
|-damage|p2b: Garchomp|57/100
|-boost|p1b: Dondozo|atk|1
|
|-heal|p1b: Dondozo|76/100 brn|[from] item: Leftovers
|-damage|p1b: Dondozo|70/100 brn|[from] brn
|-sideend|p2: MiraiPidgeon|move: Tailwind
|-sideend|p1: Notaplaceofhonor|move: Tailwind
|upkeep
|turn|5
|
|t:|1757113674
|move|p2a: Talonflame|Tailwind|p2a: Talonflame
|-sidestart|p2: MiraiPidgeon|move: Tailwind
|move|p2b: Garchomp|Scale Shot|p1b: Dondozo
|-damage|p1b: Dondozo|65/100 brn
|-damage|p1b: Dondozo|60/100 brn
|-damage|p1b: Dondozo|54/100 brn
|-damage|p1b: Dondozo|49/100 brn
|-crit|p1b: Dondozo
|-damage|p1b: Dondozo|36/100 brn
|-hitcount|p1b: Dondozo|5
|-unboost|p2b: Garchomp|def|1
|-boost|p2b: Garchomp|spe|1
|move|p1b: Dondozo|Wave Crash|p2a: Talonflame
|-supereffective|p2a: Talonflame
|-damage|p2a: Talonflame|0 fnt
|faint|p2a: Talonflame
|-damage|p1b: Dondozo|13/100 brn|[from] Recoil
|
|-heal|p1b: Dondozo|19/100 brn|[from] item: Leftovers
|-damage|p1b: Dondozo|13/100 brn|[from] brn
|upkeep
|
|t:|1757113690
|switch|p2a: Amoonguss|Amoonguss, L50, M|55/100
|turn|6
|
|t:|1757113697
|move|p2a: Amoonguss|Rage Powder|p2a: Amoonguss
|-singleturn|p2a: Amoonguss|move: Rage Powder
|move|p2b: Garchomp|Scale Shot|p1b: Dondozo|[miss]
|-miss|p2b: Garchomp|p1b: Dondozo
|move|p1b: Dondozo|Earthquake|p2a: Amoonguss|[spread] p2a,p2b
|-miss|p1b: Dondozo|p1a: Tatsugiri
|-crit|p2b: Garchomp
|-damage|p2a: Amoonguss|37/100
|-damage|p2b: Garchomp|22/100
|
|-heal|p1b: Dondozo|19/100 brn|[from] item: Leftovers
|-damage|p1b: Dondozo|13/100 brn|[from] brn
|upkeep
|turn|7
|
|t:|1757113711
|move|p2b: Garchomp|Stomping Tantrum|p1b: Dondozo
|-damage|p1b: Dondozo|0 fnt
|faint|p1b: Dondozo
|move|p2a: Amoonguss|Pollen Puff|p2b: Garchomp
|-heal|p2b: Garchomp|72/100
|
|upkeep
|turn|8
|
|t:|1757113724
|-terastallize|p2b: Garchomp|Fairy
|move|p2b: Garchomp|Scale Shot|p1a: Tatsugiri
|-supereffective|p1a: Tatsugiri
|-damage|p1a: Tatsugiri|53/100
|-supereffective|p1a: Tatsugiri
|-damage|p1a: Tatsugiri|7/100
|-supereffective|p1a: Tatsugiri
|-damage|p1a: Tatsugiri|0 fnt
|faint|p1a: Tatsugiri
|-hitcount|p1: Tatsugiri|3
|
|win|MiraiPidgeon
