|j|☆3rdPlaceTennis
|j|☆Bandoboi
|html|3rdPlaceTennisBandoboi    
|uhtml|bestof|Game 3 of a best-of-3
|t:|1756762900
|gametype|doubles
|player|p1|3rdPlaceTennis|bugcatcher-gen4dp|1095
|player|p2|Bandoboi|alder|1105
|gen|9
|tier|[Gen 9] VGC 2025 Reg H (Bo3)
|rated|
|rule|Species Clause: Limit one of each Pokémon
|rule|Item Clause: Limit 1 of each item
|clearpoke
|poke|p1|Dragonite, L50, F|
|poke|p1|Ribombee, L50, F|
|poke|p1|Archaludon, L50, F|
|poke|p1|Mimikyu, L50, F|
|poke|p1|Incineroar, L50, F|
|poke|p1|Typhlosion-Hisui, L50, F|
|poke|p2|Porygon2, L50|
|poke|p2|Ursaluna, L50, M|
|poke|p2|Torkoal, L50, F|
|poke|p2|Incineroar, L50, M|
|poke|p2|Charizard, L50, M|
|poke|p2|Jumpluff, L50, F|
|teampreview|4
|showteam|p1|Dragonite||LoadedDice|Multiscale|ScaleShot,LowKick,ExtremeSpeed,Protect|||F|||50|,,,,,Fairy]Ribombee||FocusSash|ShieldDust|Moonblast,Tailwind,FakeTears,Protect|||F|||50|,,,,,Fairy]Archaludon||PowerHerb|Sturdy|ElectroShot,DracoMeteor,Thunderbolt,Protect|||F|||50|,,,,,Electric]Mimikyu||LifeOrb|Disguise|WoodHammer,ShadowSneak,PlayRough,TrickRoom|||F|||50|,,,,,Grass]Incineroar||AssaultVest|Intimidate|FlareBlitz,KnockOff,Uturn,FakeOut|||F|||50|,,,,,Bug]Typhlosion-Hisui||ChoiceSpecs|Blaze|Eruption,Overheat,ShadowBall,HeatWave|||F|||50|,,,,,Fire
|showteam|p2|Porygon2||Eviolite|Download|TrickRoom,Recover,IceBeam,TeraBlast||||||50|,,,,,Fighting]Ursaluna||FlameOrb|Guts|Facade,HeadlongRush,Protect,Earthquake|||M|||50|,,,,,Ghost]Torkoal||EjectPack|Drought|Eruption,Overheat,HelpingHand,Protect|||F|||50|,,,,,Fire]Incineroar||SafetyGoggles|Intimidate|KnockOff,PartingShot,FakeOut,FlareBlitz|||M|||50|,,,,,Fire]Charizard||ChoiceSpecs|SolarPower|HeatWave,Overheat,AirSlash,WeatherBall|||M|||50|,,,,,Ghost]Jumpluff||CovertCloak|Chlorophyll|Tailwind,SleepPowder,RagePowder,SunnyDay|||F|||50|,,,,,Water
|
|t:|1756762916
|teamsize|p1|4
|teamsize|p2|4
|start
|switch|p1a: Archaludon|Archaludon, L50, F, shiny|100/100
|switch|p1b: Typhlosion|Typhlosion-Hisui, L50, F, shiny|100/100
|switch|p2a: Porygon2|Porygon2, L50, shiny|100/100
|switch|p2b: Incineroar|Incineroar, L50, M|100/100
|-ability|p2b: Incineroar|Intimidate|boost
|-unboost|p1a: Archaludon|atk|1
|-unboost|p1b: Typhlosion|atk|1
|-ability|p2a: Porygon2|Download|boost
|-boost|p2a: Porygon2|spa|1
|turn|1
|
|t:|1756762934
|-terastallize|p1a: Archaludon|Electric
|move|p1b: Typhlosion|Eruption|p2a: Porygon2|[spread] p2a,p2b
|-resisted|p2b: Incineroar
|-damage|p2a: Porygon2|56/100
|-damage|p2b: Incineroar|72/100
|move|p1a: Archaludon|Electro Shot||[still]
|-prepare|p1a: Archaludon|Electro Shot
|-boost|p1a: Archaludon|spa|1
|-enditem|p1a: Archaludon|Power Herb
|-anim|p1a: Archaludon|Electro Shot|p2a: Porygon2
|-damage|p2a: Porygon2|5/100
|move|p2b: Incineroar|Knock Off|p1b: Typhlosion
|-supereffective|p1b: Typhlosion
|-damage|p1b: Typhlosion|0 fnt
|-enditem|p1b: Typhlosion|Choice Specs|[from] move: Knock Off|[of] p2b: Incineroar
|faint|p1b: Typhlosion
|move|p2a: Porygon2|Trick Room|p2a: Porygon2
|-fieldstart|move: Trick Room|[of] p2a: Porygon2
|
|upkeep
|
|t:|1756762941
|switch|p1b: Mimikyu|Mimikyu, L50, F, shiny|100/100
|turn|2
|
|t:|1756762970
|move|p1a: Archaludon|Protect|p1a: Archaludon
|-singleturn|p1a: Archaludon|Protect
|move|p2a: Porygon2|Recover|p2a: Porygon2
|-heal|p2a: Porygon2|55/100
|move|p2b: Incineroar|Parting Shot|p1b: Mimikyu
|-unboost|p1b: Mimikyu|atk|1
|-unboost|p1b: Mimikyu|spa|1
|
|t:|1756762979
|switch|p2b: Ursaluna|Ursaluna, L50, M|100/100|[from] Parting Shot
|move|p1b: Mimikyu|Trick Room|p1b: Mimikyu
|-fieldend|move: Trick Room
|
|-status|p2b: Ursaluna|brn|[from] item: Flame Orb
|upkeep
|turn|3
|
|t:|1756762998
|move|p2b: Ursaluna|Protect|p2b: Ursaluna
|-singleturn|p2b: Ursaluna|Protect
|move|p1a: Archaludon|Thunderbolt|p2a: Porygon2
|-damage|p2a: Porygon2|19/100
|move|p1b: Mimikyu|Play Rough|p2a: Porygon2
|-damage|p2a: Porygon2|2/100
|-damage|p1b: Mimikyu|91/100|[from] item: Life Orb
|move|p2a: Porygon2|Trick Room|p2a: Porygon2
|-fieldstart|move: Trick Room|[of] p2a: Porygon2
|
|-damage|p2b: Ursaluna|95/100 brn|[from] brn
|upkeep
|turn|4
|
|t:|1756763016
|move|p1a: Archaludon|Protect|p1a: Archaludon
|-singleturn|p1a: Archaludon|Protect
|move|p2b: Ursaluna|Earthquake|p1a: Archaludon|[spread] p2a,p1b
|-activate|p1a: Archaludon|move: Protect
|-damage|p2a: Porygon2|0 fnt
|-activate|p1b: Mimikyu|ability: Disguise
|-damage|p1b: Mimikyu|91/100
|detailschange|p1b: Mimikyu|Mimikyu-Busted, L50, F, shiny
|-damage|p1b: Mimikyu|79/100|[from] pokemon: Mimikyu-Busted
|faint|p2a: Porygon2
|move|p1b: Mimikyu|Trick Room|p1b: Mimikyu
|-fieldend|move: Trick Room
|
|-damage|p2b: Ursaluna|89/100 brn|[from] brn
|upkeep
|
|t:|1756763033
|switch|p2a: Incineroar|Incineroar, L50, M|72/100
|-ability|p2a: Incineroar|Intimidate|boost
|-unboost|p1a: Archaludon|atk|1
|-unboost|p1b: Mimikyu|atk|1
|turn|5
|
|t:|1756763043
|switch|p1b: Literature|Incineroar, L50, F|100/100
|-ability|p1b: Literature|Intimidate|boost
|-unboost|p2a: Incineroar|atk|1
|-unboost|p2b: Ursaluna|atk|1
|move|p1a: Archaludon|Protect||[still]
|-fail|p1a: Archaludon
|move|p2a: Incineroar|Fake Out|p1a: Archaludon
|-damage|p1a: Archaludon|94/100
|move|p2b: Ursaluna|Facade|p1b: Literature
|-damage|p1b: Literature|29/100
|
|-damage|p2b: Ursaluna|83/100 brn|[from] brn
|upkeep
|turn|6
|
|t:|1756763065
|move|p1b: Literature|Fake Out|p2b: Ursaluna
|-damage|p2b: Ursaluna|73/100 brn
|move|p1a: Archaludon|Thunderbolt|p2a: Incineroar
|-damage|p2a: Incineroar|23/100
|move|p2a: Incineroar|Parting Shot|p1a: Archaludon
|-unboost|p1a: Archaludon|atk|1
|-unboost|p1a: Archaludon|spa|1
|
|t:|1756763069
|switch|p2a: Charizard|Charizard, L50, M, shiny|100/100|[from] Parting Shot
|cant|p2b: Ursaluna|flinch
|
|-damage|p2b: Ursaluna|68/100 brn|[from] brn
|upkeep
|turn|7
|
|t:|1756763087
|move|p1a: Archaludon|Protect|p1a: Archaludon
|-singleturn|p1a: Archaludon|Protect
|move|p2a: Charizard|Heat Wave|p1b: Literature|[spread] p1b
|-activate|p1a: Archaludon|move: Protect
|-resisted|p1b: Literature
|-damage|p1b: Literature|14/100
|move|p1b: Literature|Knock Off|p2b: Ursaluna
|-damage|p2b: Ursaluna|37/100 brn
|-enditem|p2b: Ursaluna|Flame Orb|[from] move: Knock Off|[of] p1b: Literature
|move|p2b: Ursaluna|Earthquake|p1a: Archaludon|[spread] p1b
|-activate|p1a: Archaludon|move: Protect
|-immune|p2a: Charizard
|-supereffective|p1b: Literature
|-damage|p1b: Literature|0 fnt
|faint|p1b: Literature
|
|-damage|p2b: Ursaluna|31/100 brn|[from] brn
|upkeep
|
|t:|1756763088
|switch|p1b: Mimikyu|Mimikyu-Busted, L50, F, shiny|79/100
|turn|8
|
|t:|1756763106
|switch|p2b: Incineroar|Incineroar, L50, M|23/100
|-ability|p2b: Incineroar|Intimidate|boost
|-unboost|p1a: Archaludon|atk|1
|-unboost|p1b: Mimikyu|atk|1
|move|p2a: Charizard|Heat Wave|p1b: Mimikyu|[spread] p1a,p1b
|-damage|p1a: Archaludon|19/100
|-damage|p1b: Mimikyu|22/100
|move|p1a: Archaludon|Thunderbolt|p2a: Charizard
|-supereffective|p2a: Charizard
|-damage|p2a: Charizard|0 fnt
|faint|p2a: Charizard
|move|p1b: Mimikyu|Play Rough|p2b: Incineroar
|-damage|p2b: Incineroar|0 fnt
|faint|p2b: Incineroar
|-damage|p1b: Mimikyu|13/100|[from] item: Life Orb
|
|upkeep
|
|t:|1756763124
|switch|p2b: Ursaluna|Ursaluna, L50, M|31/100 brn
|turn|9
|
|t:|1756763130
|-terastallize|p2b: Ursaluna|Ghost
|move|p1a: Archaludon|Draco Meteor|p2b: Ursaluna
|-damage|p2b: Ursaluna|0 fnt
|-unboost|p1a: Archaludon|spa|2
|faint|p2b: Ursaluna
|
|win|3rdPlaceTennis
|raw|3rdPlaceTennis's rating: 1095 → 1121(+26 for winning)
|raw|Bandoboi's rating: 1105 → 1079(-26 for losing)
