|j|☆learning to perish
|j|☆swarmhostuser
|html|learning to perishswarmhostuser    
|uhtml|bestof|Game 3 of a best-of-3
|t:|1756919103
|gametype|doubles
|player|p1|learning to perish|1|1063
|player|p2|swarmhostuser|2|1015
|gen|9
|tier|[Gen 9] VGC 2025 Reg H (Bo3)
|rated|
|rule|Species Clause: Limit one of each Pokémon
|rule|Item Clause: Limit 1 of each item
|clearpoke
|poke|p1|Azumarill, L50, M|
|poke|p1|Gothitelle, L50, M|
|poke|p1|Incineroar, L50, M|
|poke|p1|Ursaluna-Bloodmoon, L50, M|
|poke|p1|Rillaboom, L50, M|
|poke|p1|Hydreigon, L50, F|
|poke|p2|Sneasler, L50, M|
|poke|p2|Kingambit, L50, F|
|poke|p2|Rillaboom, L50, M|
|poke|p2|Dragonite, L50, F|
|poke|p2|Volcarona, L50, F|
|poke|p2|Electabuzz, L50, M|
|teampreview|4
|showteam|p1|Azumarill||Leftovers|SapSipper|PlayRough,PerishSong,Encore,Protect|||M|||50|,,,,,Ground]Gothitelle||SitrusBerry|ShadowTag|Psychic,TrickRoom,FakeOut,Protect|||M|||50|,,,,,Dark]Incineroar||ChopleBerry|Intimidate|KnockOff,PartingShot,FakeOut,Protect|||M|||50|,,,,,Grass]Ursaluna-Bloodmoon||LifeOrb|MindsEye|BloodMoon,HyperVoice,EarthPower,Protect|||M|||50|,,,,,Normal]Rillaboom||MiracleSeed|GrassySurge|WoodHammer,GrassyGlide,FakeOut,Protect|||M|||50|,,,,,Grass]Hydreigon||BlackGlasses|Levitate|DracoMeteor,DarkPulse,Snarl,Protect|||F|||50|,,,,,Fire
|showteam|p2|Sneasler||FocusSash|Unburden|DireClaw,CloseCombat,Coaching,FakeOut|||M|||50|,,,,,Stellar]Kingambit||BlackGlasses|Defiant|KowtowCleave,SwordsDance,SuckerPunch,Protect|||F|||50|,,,,,Dark]Rillaboom||AssaultVest|GrassySurge|FakeOut,WoodHammer,GrassyGlide,HighHorsepower|||M|||50|,,,,,Fire]Dragonite||LoadedDice|Multiscale|ScaleShot,ExtremeSpeed,Haze,Protect|||F|||50|,,,,,Fairy]Volcarona||CovertCloak|FlameBody|HeatWave,TeraBlast,QuiverDance,Protect|||F|||50|,,,,,Fairy]Electabuzz||Eviolite|VitalSpirit|Electroweb,FollowMe,Taunt,Protect|||M|||50|,,,,,Ghost
|inactive|Battle timer is ON: inactive players will automatically lose when time's up. (requested by learning to perish)
|inactive|learning to perish has 60 seconds left.
|inactive|learning to perish has 30 seconds left.
|inactive|learning to perish has 20 seconds left.
|inactive|learning to perish has 15 seconds left.
|inactive|learning to perish has 10 seconds left.
|
|t:|1756919187
|teamsize|p1|4
|teamsize|p2|4
|start
|switch|p1a: Azumarill|Azumarill, L50, M|100/100
|switch|p1b: Gothitelle|Gothitelle, L50, M|100/100
|switch|p2a: Kingambit|Kingambit, L50, F|100/100
|switch|p2b: Sneasler|Sneasler, L50, M|100/100
|turn|1
|inactive|swarmhostuser has 30 seconds left.
|inactive|swarmhostuser has 20 seconds left.
|inactive|swarmhostuser has 15 seconds left.
|inactive|swarmhostuser has 10 seconds left.
|
|t:|1756919235
|move|p1b: Gothitelle|Protect|p1b: Gothitelle
|-singleturn|p1b: Gothitelle|Protect
|move|p2b: Sneasler|Fake Out|p1a: Azumarill
|-damage|p1a: Azumarill|88/100
|move|p2a: Kingambit|Kowtow Cleave|p1b: Gothitelle
|-activate|p1b: Gothitelle|move: Protect
|cant|p1a: Azumarill|flinch
|
|-heal|p1a: Azumarill|94/100|[from] item: Leftovers
|upkeep
|turn|2
|inactive|swarmhostuser has 30 seconds left.
|inactive|swarmhostuser has 20 seconds left.
|inactive|swarmhostuser has 15 seconds left.
|
|t:|1756919276
|-terastallize|p1b: Gothitelle|Dark
|move|p2b: Sneasler|Dire Claw|p1a: Azumarill
|-supereffective|p1a: Azumarill
|-damage|p1a: Azumarill|23/100
|move|p2a: Kingambit|Kowtow Cleave|p1b: Gothitelle
|-resisted|p1b: Gothitelle
|-damage|p1b: Gothitelle|76/100
|move|p1a: Azumarill|Perish Song|p1a: Azumarill
|-start|p1a: Azumarill|perish3|[silent]
|-start|p1b: Gothitelle|perish3|[silent]
|-start|p2a: Kingambit|perish3|[silent]
|-start|p2b: Sneasler|perish3|[silent]
|-fieldactivate|move: Perish Song
|move|p1b: Gothitelle|Trick Room|p1b: Gothitelle
|-fieldstart|move: Trick Room|[of] p1b: Gothitelle
|
|-heal|p1a: Azumarill|29/100|[from] item: Leftovers
|-start|p1a: Azumarill|perish3
|-start|p1b: Gothitelle|perish3
|-start|p2a: Kingambit|perish3
|-start|p2b: Sneasler|perish3
|upkeep
|turn|3
|inactive|learning to perish has 30 seconds left.
|inactive|swarmhostuser has 30 seconds left.
|inactive|swarmhostuser has 20 seconds left.
|inactive|swarmhostuser has 15 seconds left.
|inactive|swarmhostuser has 10 seconds left.
|
|t:|1756919321
|switch|p1a: Incineroar|Incineroar, L50, M|100/100
|-ability|p1a: Incineroar|Intimidate|boost
|-unboost|p2a: Kingambit|atk|1
|-ability|p2a: Kingambit|Defiant|boost
|-boost|p2a: Kingambit|atk|2
|-unboost|p2b: Sneasler|atk|1
|move|p1b: Gothitelle|Protect|p1b: Gothitelle
|-singleturn|p1b: Gothitelle|Protect
|move|p2a: Kingambit|Kowtow Cleave|p1a: Incineroar
|-resisted|p1a: Incineroar
|-damage|p1a: Incineroar|60/100
|move|p2b: Sneasler|Dire Claw|p1b: Gothitelle
|-activate|p1b: Gothitelle|move: Protect
|
|-start|p1b: Gothitelle|perish2
|-start|p2a: Kingambit|perish2
|-start|p2b: Sneasler|perish2
|upkeep
|turn|4
|inactive|swarmhostuser has 30 seconds left.
|
|t:|1756919347
|move|p1a: Incineroar|Fake Out|p2b: Sneasler
|-damage|p2b: Sneasler|84/100
|move|p2a: Kingambit|Sucker Punch|p1b: Gothitelle
|-resisted|p1b: Gothitelle
|-crit|p1b: Gothitelle
|-damage|p1b: Gothitelle|26/100
|-enditem|p1b: Gothitelle|Sitrus Berry|[eat]
|-heal|p1b: Gothitelle|51/100|[from] item: Sitrus Berry
|move|p1b: Gothitelle|Psychic|p2b: Sneasler
|-supereffective|p2b: Sneasler
|-damage|p2b: Sneasler|0 fnt
|faint|p2b: Sneasler
|
|-start|p1b: Gothitelle|perish1
|-start|p2a: Kingambit|perish1
|upkeep
|
|t:|1756919363
|switch|p2b: Dragonite|Dragonite, L50, F|100/100
|turn|5
|
|t:|1756919387
|-terastallize|p2a: Kingambit|Dark
|move|p1b: Gothitelle|Protect|p1b: Gothitelle
|-singleturn|p1b: Gothitelle|Protect
|move|p1a: Incineroar|Knock Off|p2b: Dragonite
|-damage|p2b: Dragonite|80/100
|-enditem|p2b: Dragonite|Loaded Dice|[from] move: Knock Off|[of] p1a: Incineroar
|move|p2a: Kingambit|Kowtow Cleave|p1b: Gothitelle
|-activate|p1b: Gothitelle|move: Protect
|move|p2b: Dragonite|Scale Shot|p1a: Incineroar
|-damage|p1a: Incineroar|46/100
|-damage|p1a: Incineroar|32/100
|-damage|p1a: Incineroar|17/100
|-hitcount|p1a: Incineroar|3
|-unboost|p2b: Dragonite|def|1
|-boost|p2b: Dragonite|spe|1
|
|-start|p1b: Gothitelle|perish0
|-start|p2a: Kingambit|perish0
|faint|p1b: Gothitelle
|faint|p2a: Kingambit
|upkeep
|
|t:|1756919399
|switch|p1b: Azumarill|Azumarill, L50, M|29/100
|switch|p2a: Rillaboom|Rillaboom, L50, M|100/100
|-fieldstart|move: Grassy Terrain|[from] ability: Grassy Surge|[of] p2a: Rillaboom
|turn|6
|inactive|swarmhostuser has 30 seconds left.
|inactive|swarmhostuser has 20 seconds left.
|inactive|swarmhostuser has 15 seconds left.
|inactive|swarmhostuser has 10 seconds left.
|
|t:|1756919444
|move|p2b: Dragonite|Extreme Speed|p1a: Incineroar
|-damage|p1a: Incineroar|0 fnt
|faint|p1a: Incineroar
|move|p2a: Rillaboom|Grassy Glide|p1b: Azumarill
|-ability|p1b: Azumarill|Sap Sipper|boost
|-boost|p1b: Azumarill|atk|1
|move|p1b: Azumarill|Perish Song|p1b: Azumarill
|-start|p1b: Azumarill|perish3|[silent]
|-start|p2a: Rillaboom|perish3|[silent]
|-start|p2b: Dragonite|perish3|[silent]
|-fieldactivate|move: Perish Song
|
|-heal|p1b: Azumarill|35/100|[from] Grassy Terrain
|-heal|p1b: Azumarill|41/100|[from] item: Leftovers
|-start|p1b: Azumarill|perish3
|-start|p2a: Rillaboom|perish3
|-start|p2b: Dragonite|perish3
|-fieldend|move: Trick Room
|upkeep
|
|t:|1756919450
|switch|p1a: Ursaluna|Ursaluna-Bloodmoon, L50, M|100/100
|turn|7
|inactive|swarmhostuser has 30 seconds left.
|inactive|swarmhostuser has 20 seconds left.
|inactive|swarmhostuser has 15 seconds left.
|
|t:|1756919495
|move|p1a: Ursaluna|Protect|p1a: Ursaluna
|-singleturn|p1a: Ursaluna|Protect
|move|p2b: Dragonite|Scale Shot|p1a: Ursaluna
|-activate|p1a: Ursaluna|move: Protect
|move|p2a: Rillaboom|Wood Hammer|p1a: Ursaluna
|-activate|p1a: Ursaluna|move: Protect
|move|p1b: Azumarill|Play Rough|p2b: Dragonite
|-supereffective|p2b: Dragonite
|-damage|p2b: Dragonite|0 fnt
|faint|p2b: Dragonite
|
|-heal|p1b: Azumarill|46/100|[from] Grassy Terrain
|-heal|p1b: Azumarill|52/100|[from] item: Leftovers
|-start|p2a: Rillaboom|perish2
|-start|p1b: Azumarill|perish2
|upkeep
|turn|8
|
|t:|1756919510
|move|p2a: Rillaboom|Wood Hammer|p1a: Ursaluna
|-supereffective|p1a: Ursaluna
|-damage|p1a: Ursaluna|0 fnt
|faint|p1a: Ursaluna
|-damage|p2a: Rillaboom|66/100|[from] Recoil
|move|p1b: Azumarill|Encore|p2a: Rillaboom
|-start|p2a: Rillaboom|Encore
|
|-heal|p2a: Rillaboom|72/100|[from] Grassy Terrain
|-heal|p1b: Azumarill|58/100|[from] Grassy Terrain
|-heal|p1b: Azumarill|64/100|[from] item: Leftovers
|-start|p2a: Rillaboom|perish1
|-start|p1b: Azumarill|perish1
|upkeep
|turn|9
|
|t:|1756919521
|move|p2a: Rillaboom|Wood Hammer|p1b: Azumarill
|-ability|p1b: Azumarill|Sap Sipper|boost
|-boost|p1b: Azumarill|atk|1
|move|p1b: Azumarill|Play Rough|p2a: Rillaboom
|-damage|p2a: Rillaboom|38/100
|
|-heal|p2a: Rillaboom|44/100|[from] Grassy Terrain
|-heal|p1b: Azumarill|70/100|[from] Grassy Terrain
|-heal|p1b: Azumarill|75/100|[from] item: Leftovers
|-start|p2a: Rillaboom|perish0
|-start|p1b: Azumarill|perish0
|faint|p2a: Rillaboom
|faint|p1b: Azumarill
|
|win|learning to perish
|raw|learning to perish's rating: 1063 → 1089(+26 for winning)
|raw|swarmhostuser's rating: 1015 → 1004(-11 for losing)
