|j|☆JvinsVGC
|j|☆meikh_neiht
|html|JvinsVGCmeikh_neiht    
|uhtml|bestof|Game 2 of a best-of-3
|t:|1783266950
|gametype|doubles
|player|p1|JvinsVGC|2|1400
|player|p2|meikh_neiht|lucas|1325
|gen|9
|tier|[Gen 9 Champions] VGC 2026 Reg M-B (Bo3)
|rated|
|rule|Species Clause: Limit one of each Pokémon
|rule|Item Clause: Limit 1 of each item
|clearpoke
|poke|p1|Staraptor, L50, F|
|poke|p1|Grimmsnarl, L50, M|
|poke|p1|Arcanine-Hisui, L50, F|
|poke|p1|Garchomp, L50, F|
|poke|p1|Gholdengo, L50|
|poke|p1|Maushold-Four, L50|
|poke|p2|Staraptor, L50, F|
|poke|p2|Sinistcha, L50|
|poke|p2|Maushold, L50|
|poke|p2|Kingambit, L50, M|
|poke|p2|Sneasler, L50, M|
|poke|p2|Delphox, L50, M|
|teampreview|4
|showteam|p1|Staraptor||Staraptite|Intimidate|CloseCombat,BraveBird,Tailwind,Roost|Adamant||F|||50|]Grimmsnarl||LightClay|Prankster|LightScreen,Reflect,SpiritBreak,PartingShot|Careful||M|||50|]Arcanine-Hisui||HardStone|RockHead|FlareBlitz,RockSlide,HeadSmash,Protect|Adamant||F|||50|]Garchomp||SoftSand|RoughSkin|Earthquake,DragonClaw,SwordsDance,Protect|Adamant||F|||50|]Gholdengo||SitrusBerry|GoodasGold|MakeItRain,ShadowBall,NastyPlot,Protect|Modest|||||50|]Maushold-Four||FocusSash|FriendGuard|FollowMe,SuperFang,Charm,Protect|Timid|||||50|
|showteam|p2|Staraptor||Staraptite|Intimidate|CloseCombat,BraveBird,Roost,Protect|Adamant||F|||50|]Sinistcha||SitrusBerry|Hospitality|RagePowder,MatchaGotcha,StrengthSap,LifeDew|Calm|||||50|]Maushold||ChopleBerry|FriendGuard|Encore,Charm,FollowMe,Protect|Timid|||||50|]Kingambit||BlackGlasses|Defiant|KowtowCleave,SuckerPunch,SwordsDance,Protect|Adamant||M|||50|]Sneasler||WhiteHerb|Unburden|CloseCombat,DireClaw,FakeOut,Protect|Jolly||M|||50|]Delphox||Delphoxite|Blaze|HeatWave,Psyshock,NastyPlot,Protect|Timid||M|||50|
|
|t:|1783266973
|teamsize|p1|4
|teamsize|p2|4
|start
|switch|p1a: Maushold|Maushold-Four, L50|100/100
|switch|p1b: Gholdengo|Gholdengo, L50|100/100
|switch|p2a: Delphox|Delphox, L50, M|100/100
|switch|p2b: Maushold|Maushold, L50|100/100
|turn|1
|
|t:|1783266980
|switch|p1b: Arcanine|Arcanine-Hisui, L50, F|100/100
|detailschange|p2a: Delphox|Delphox-Mega, L50, M
|-mega|p2a: Delphox|Delphox|Delphoxite
|move|p2b: Maushold|Follow Me|p2b: Maushold
|-singleturn|p2b: Maushold|move: Follow Me
|move|p2a: Delphox|Nasty Plot|p2a: Delphox
|-boost|p2a: Delphox|spa|2
|move|p1a: Maushold|Super Fang|p2b: Maushold
|-damage|p2b: Maushold|50/100y
|
|upkeep
|turn|2
|
|t:|1783266996
|move|p2a: Delphox|Protect|p2a: Delphox
|-singleturn|p2a: Delphox|Protect
|move|p1a: Maushold|Protect|p1a: Maushold
|-singleturn|p1a: Maushold|Protect
|move|p2b: Maushold|Charm|p1b: Arcanine
|-unboost|p1b: Arcanine|atk|2
|move|p1b: Arcanine|Rock Slide|p2a: Delphox|[spread] 
|-activate|p2a: Delphox|move: Protect
|-miss|p1b: Arcanine|p2b: Maushold
|
|upkeep
|turn|3
|
|t:|1783267016
|move|p2a: Delphox|Heat Wave|p1a: Maushold|[spread] p1a,p1b
|-resisted|p1b: Arcanine|2
|-damage|p1a: Maushold|3/100
|-damage|p1b: Arcanine|84/100
|move|p1a: Maushold|Super Fang|p2a: Delphox
|-damage|p2a: Delphox|50/100g
|move|p2b: Maushold|Encore|p1a: Maushold
|-start|p1a: Maushold|Encore
|move|p1b: Arcanine|Rock Slide|p2b: Maushold|[spread] p2a,p2b
|-supereffective|p2a: Delphox|1
|-damage|p2a: Delphox|16/100
|-damage|p2b: Maushold|28/100
|
|upkeep
|turn|4
|
|t:|1783267033
|switch|p1a: Staraptor|Staraptor, L50, F|100/100
|-ability|p1a: Staraptor|Intimidate|boost
|-unboost|p2a: Delphox|atk|1
|-unboost|p2b: Maushold|atk|1
|switch|p2b: Sneasler|Sneasler, L50, M|100/100
|switch|p1b: Gholdengo|Gholdengo, L50|100/100
|move|p2a: Delphox|Protect||[still]
|-fail|p2a: Delphox
|
|upkeep
|turn|5
|
|t:|1783267051
|switch|p1a: Arcanine|Arcanine-Hisui, L50, F|84/100
|move|p1b: Gholdengo|Protect|p1b: Gholdengo
|-singleturn|p1b: Gholdengo|Protect
|move|p2b: Sneasler|Fake Out|p1a: Arcanine
|-resisted|p1a: Arcanine|1
|-damage|p1a: Arcanine|76/100
|move|p2a: Delphox|Heat Wave|p1a: Arcanine|[spread] p1a
|-activate|p1b: Gholdengo|move: Protect
|-resisted|p1a: Arcanine|2
|-damage|p1a: Arcanine|57/100
|
|upkeep
|turn|6
|
|t:|1783267062
|switch|p1a: Maushold|Maushold-Four, L50|3/100
|move|p2a: Delphox|Heat Wave|p1a: Maushold|[spread] p1a,p1b
|-supereffective|p1b: Gholdengo|1
|-damage|p1a: Maushold|0 fnt
|-damage|p1b: Gholdengo|0 fnt
|faint|p1a: Maushold
|faint|p1b: Gholdengo
|move|p2b: Sneasler|Close Combat|p1: Maushold|[notarget]
|-fail|p2b: Sneasler
|
|upkeep
|-message|JvinsVGC forfeited.
|raw|JvinsVGC's rating: 1400 → 1376(-24 for losing)
|raw|meikh_neiht's rating: 1325 → 1349(+24 for winning)
|
|win|meikh_neiht
|l|☆JvinsVGC
|player|p1|
