|j|☆lettitripppp
|j|☆TheHiidden
|html|lettitrippppTheHiidden    
|uhtml|bestof|Game 1 of a best-of-3
|t:|1783195119
|gametype|doubles
|player|p1|lettitripppp|lucas|1222
|player|p2|TheHiidden|169|1123
|gen|9
|tier|[Gen 9 Champions] VGC 2026 Reg M-B (Bo3)
|rated|
|rule|Species Clause: Limit one of each Pokémon
|rule|Item Clause: Limit 1 of each item
|clearpoke
|poke|p1|Charizard, L50, F|
|poke|p1|Floette-Eternal, L50, F|
|poke|p1|Basculegion, L50, M|
|poke|p1|Whimsicott, L50, M, shiny|
|poke|p1|Garchomp, L50, F, shiny|
|poke|p1|Kingambit, L50, F, shiny|
|poke|p2|Metagross, L50|
|poke|p2|Altaria, L50, F|
|poke|p2|Gyarados, L50, M|
|poke|p2|Hydreigon, L50, F|
|poke|p2|Blaziken, L50, M|
|poke|p2|Floette-Eternal, L50, F|
|teampreview|4
|showteam|p1|Charizard||CharizarditeY|Blaze|WeatherBall,SolarBeam,HeatWave,Protect|Modest||F|||50|]Floette-Eternal||Floettite|FlowerVeil|DazzlingGleam,LightofRuin,Moonblast,Protect|Timid||F|||50|]Basculegion||MysticWater|Adaptability|LastRespects,WaveCrash,AquaJet,Protect|Adamant||M|||50|]Whimsicott||FocusSash|Prankster|Moonblast,Tailwind,Encore,Protect|Timid||M|||50|]Garchomp||LifeOrb|RoughSkin|DragonClaw,Earthquake,RockSlide,Protect|Jolly||F|||50|]Kingambit||OccaBerry|Defiant|KowtowCleave,SuckerPunch,IronHead,Protect|Adamant||F|||50|
|showteam|p2|Metagross||Metagrossite|ClearBody|Protect,PsychicFangs,BulletPunch,StompingTantrum|Jolly|||||50|]Altaria||RoseliBerry|CloudNine|Tailwind,WillOWisp,Haze,BraveBird|Jolly||F|||50|]Gyarados||BlackBelt|Intimidate|Waterfall,Protect,PowerWhip,IceFang|Adamant||M|||50|]Hydreigon||LifeOrb|Levitate|DracoMeteor,DarkPulse,Protect,EarthPower|Modest||F|||50|]Blaziken||FocusSash|SpeedBoost|Coaching,AuraSphere,Protect,HeatWave|Timid||M|||50|]Floette-Eternal||Floettite|FlowerVeil|Protect,LightofRuin,DazzlingGleam,Moonblast|Timid||F|||50|
|inactive|Battle timer is ON: inactive players will automatically lose when time's up. (requested by lettitripppp)
|inactive|lettitripppp has 60 seconds left.
|inactive|TheHiidden has 60 seconds left.
|inactive|TheHiidden has 30 seconds left.
|inactive|TheHiidden has 20 seconds left.
|inactive|TheHiidden has 15 seconds left.
|
|t:|1783195195
|teamsize|p1|4
|teamsize|p2|4
|start
|switch|p1a: GENERAL BLADUS|Kingambit, L50, F, shiny|100/100
|switch|p1b: LETS GO GO|Whimsicott, L50, M, shiny|100/100
|switch|p2a: Altaria|Altaria, L50, F|100/100
|switch|p2b: Hydreigon|Hydreigon, L50, F|100/100
|-ability|p2a: Altaria|Cloud Nine
|turn|1
|inactive|TheHiidden has 30 seconds left.
|
|t:|1783195229
|move|p1a: GENERAL BLADUS|Protect|p1a: GENERAL BLADUS
|-singleturn|p1a: GENERAL BLADUS|Protect
|move|p1b: LETS GO GO|Moonblast|p2a: Altaria
|-supereffective|p2a: Altaria|1
|-enditem|p2a: Altaria|Roseli Berry|[eat]
|-enditem|p2a: Altaria|Roseli Berry|[weaken]
|-damage|p2a: Altaria|71/100
|move|p2b: Hydreigon|Draco Meteor|p1a: GENERAL BLADUS
|-activate|p1a: GENERAL BLADUS|move: Protect
|move|p2a: Altaria|Tailwind|p2a: Altaria
|-sidestart|p2: TheHiidden|move: Tailwind
|
|upkeep
|turn|2
|inactive|TheHiidden has 30 seconds left.
|
|t:|1783195260
|move|p1b: LETS GO GO|Protect|p1b: LETS GO GO
|-singleturn|p1b: LETS GO GO|Protect
|move|p2b: Hydreigon|Earth Power|p1a: GENERAL BLADUS
|-supereffective|p1a: GENERAL BLADUS|1
|-damage|p1a: GENERAL BLADUS|11/100
|-damage|p2b: Hydreigon|90/100|[from] item: Life Orb
|move|p2a: Altaria|Brave Bird|p1b: LETS GO GO
|-activate|p1b: LETS GO GO|move: Protect
|move|p1a: GENERAL BLADUS|Kowtow Cleave|p2a: Altaria
|-damage|p2a: Altaria|19/100
|
|upkeep
|turn|3
|inactive|TheHiidden has 30 seconds left.
|inactive|TheHiidden has 20 seconds left.
|inactive|TheHiidden has 15 seconds left.
|inactive|TheHiidden has 10 seconds left.
|inactive|TheHiidden has 5 seconds left.
|
|t:|1783195315
|move|p1b: LETS GO GO|Tailwind|p1b: LETS GO GO
|-sidestart|p1: lettitripppp|move: Tailwind
|move|p2b: Hydreigon|Dark Pulse|p1a: GENERAL BLADUS
|-resisted|p1a: GENERAL BLADUS|1
|-damage|p1a: GENERAL BLADUS|0 fnt
|faint|p1a: GENERAL BLADUS
|-damage|p2b: Hydreigon|81/100|[from] item: Life Orb
|move|p2a: Altaria|Brave Bird|p1b: LETS GO GO
|-supereffective|p1b: LETS GO GO|1
|-damage|p1b: LETS GO GO|17/100
|-damage|p2a: Altaria|0 fnt|[from] Recoil
|faint|p2a: Altaria
|
|upkeep
|
|t:|1783195331
|switch|p2a: Gyarados|Gyarados, L50, M|100/100
|switch|p1a: RUINOUS LIGHT|Floette-Eternal, L50, F|100/100
|-ability|p2a: Gyarados|Intimidate|boost
|-unboost|p1a: RUINOUS LIGHT|atk|1
|-block|p1b: LETS GO GO|ability: Flower Veil|[of] p1a: RUINOUS LIGHT
|turn|4
|
|t:|1783195352
|detailschange|p1a: RUINOUS LIGHT|Floette-Mega, L50, F
|-mega|p1a: RUINOUS LIGHT|Floette|Floettite
|-ability|p1a: RUINOUS LIGHT|Fairy Aura
|move|p2b: Hydreigon|Protect|p2b: Hydreigon
|-singleturn|p2b: Hydreigon|Protect
|move|p1b: LETS GO GO|Moonblast|p2a: Gyarados
|-damage|p2a: Gyarados|62/100
|move|p1a: RUINOUS LIGHT|Dazzling Gleam|p2a: Gyarados|[spread] p2a
|-activate|p2b: Hydreigon|move: Protect
|-damage|p2a: Gyarados|16/100
|move|p2a: Gyarados|Waterfall|p1a: RUINOUS LIGHT
|-damage|p1a: RUINOUS LIGHT|46/100
|
|-sideend|p2: TheHiidden|move: Tailwind
|upkeep
|turn|5
|
|t:|1783195369
|switch|p2b: Metagross|Metagross, L50|100/100
|move|p2a: Gyarados|Protect|p2a: Gyarados
|-singleturn|p2a: Gyarados|Protect
|move|p1b: LETS GO GO|Moonblast|p2b: Metagross
|-resisted|p2b: Metagross|1
|-damage|p2b: Metagross|78/100
|move|p1a: RUINOUS LIGHT|Dazzling Gleam|p2a: Gyarados|[spread] p2b
|-activate|p2a: Gyarados|move: Protect
|-resisted|p2b: Metagross|1
|-damage|p2b: Metagross|51/100
|
|upkeep
|turn|6
|
|t:|1783195393
|detailschange|p2b: Metagross|Metagross-Mega, L50
|-mega|p2b: Metagross|Metagross|Metagrossite
|move|p1b: LETS GO GO|Moonblast|p2a: Gyarados
|-damage|p2a: Gyarados|0 fnt
|faint|p2a: Gyarados
|move|p1a: RUINOUS LIGHT|Dazzling Gleam|p2b: Metagross
|-resisted|p2b: Metagross|1
|-damage|p2b: Metagross|21/100
|move|p2b: Metagross|Psychic Fangs|p1a: RUINOUS LIGHT
|-damage|p1a: RUINOUS LIGHT|0 fnt
|faint|p1a: RUINOUS LIGHT
|
|-sideend|p1: lettitripppp|move: Tailwind
|upkeep
|
|t:|1783195404
|switch|p1a: CRUSH SHARK|Garchomp, L50, F, shiny|100/100
|switch|p2a: Hydreigon|Hydreigon, L50, F|81/100
|turn|7
|
|t:|1783195420
|move|p2a: Hydreigon|Protect|p2a: Hydreigon
|-singleturn|p2a: Hydreigon|Protect
|move|p1b: LETS GO GO|Tailwind|p1b: LETS GO GO
|-sidestart|p1: lettitripppp|move: Tailwind
|move|p2b: Metagross|Bullet Punch|p1b: LETS GO GO
|-supereffective|p1b: LETS GO GO|1
|-damage|p1b: LETS GO GO|0 fnt
|faint|p1b: LETS GO GO
|move|p1a: CRUSH SHARK|Dragon Claw|p2a: Hydreigon
|-activate|p2a: Hydreigon|move: Protect
|
|upkeep
|turn|8
|
|t:|1783195434
|move|p1a: CRUSH SHARK|Dragon Claw|p2a: Hydreigon
|-supereffective|p2a: Hydreigon|1
|-damage|p2a: Hydreigon|0 fnt
|faint|p2a: Hydreigon
|-damage|p1a: CRUSH SHARK|90/100|[from] item: Life Orb
|move|p2b: Metagross|Psychic Fangs|p1a: CRUSH SHARK
|-damage|p1a: CRUSH SHARK|31/100
|-damage|p2b: Metagross|9/100|[from] ability: Rough Skin|[of] p1a: CRUSH SHARK
|
|upkeep
|turn|9
|
|t:|1783195444
|move|p2b: Metagross|Bullet Punch|p1a: CRUSH SHARK
|-damage|p1a: CRUSH SHARK|3/100
|-damage|p2b: Metagross|0 fnt|[from] ability: Rough Skin|[of] p1a: CRUSH SHARK
|faint|p2b: Metagross
|
|win|lettitripppp
