|j|☆DannyPokemonPgh
|j|☆Trafalgar-Froakie
|html|DannyPokemonPghTrafalgar-Froakie    
|uhtml|bestof|Game 1 of a best-of-3
|t:|1756853232
|gametype|doubles
|player|p1|DannyPokemonPgh|1|1000
|player|p2|Trafalgar-Froakie|marshal|1062
|gen|9
|tier|[Gen 9] VGC 2025 Reg H (Bo3)
|rated|
|rule|Species Clause: Limit one of each Pokémon
|rule|Item Clause: Limit 1 of each item
|clearpoke
|poke|p1|Indeedee-F, L50, F|
|poke|p1|Torkoal, L50, M|
|poke|p1|Gallade, L50, M|
|poke|p1|Hatterene, L50, F|
|poke|p1|Ursaluna, L50, F|
|poke|p1|Politoed, L50, M|
|poke|p2|Archaludon, L50, M|
|poke|p2|Pelipper, L50, F|
|poke|p2|Sinistcha, L50|
|poke|p2|Ursaluna, L50, M|
|poke|p2|Dragonite, L50, F|
|poke|p2|Gholdengo, L50|
|teampreview|4
|showteam|p1|Indeedee-F||PsychicSeed|PsychicSurge|TrickRoom,HelpingHand,FollowMe,DazzlingGleam|||F|||50|,,,,,Grass]Torkoal||Charcoal|Drought|WeatherBall,Eruption,Protect,HeatWave|||M|||50|,,,,,Fire]Gallade||ClearAmulet|Sharpness|SacredSword,PsychoCut,WideGuard,TrickRoom|||M|||50|,,,,,Grass]Hatterene||LifeOrb|MagicBounce|ExpandingForce,DazzlingGleam,TrickRoom,Protect|||F|||50|,,,,,Psychic]Ursaluna||FlameOrb|Guts|Facade,HeadlongRush,Protect,Roar|||F|||50|,,,,,Ground]Politoed||ChoiceSpecs|Drizzle|WeatherBall,MuddyWater,EarthPower,IceBeam|||M|||50|,,,,,Water
|showteam|p2|Archaludon||AssaultVest|Stamina|FlashCannon,BodyPress,ElectroShot,Snarl|||M|||50|,,,,,Fighting]Pelipper||FocusSash|Drizzle|Hurricane,MuddyWater,Tailwind,WideGuard|||F|||50|,,,,,Ghost]Sinistcha||SitrusBerry|Hospitality|MatchaGotcha,RagePowder,LifeDew,TrickRoom||||||50|,,,,,Dark]Ursaluna||FlameOrb|Guts|Facade,HeadlongRush,Earthquake,Protect|||M|||50|,,,,,Ghost]Dragonite||LoadedDice|Multiscale|Tailwind,Haze,ScaleShot,Protect|||F|||50|,,,,,Fairy]Gholdengo||ChoiceScarf|GoodasGold|MakeItRain,ShadowBall,TeraBlast,Trick||||||50|,,,,,Water
|inactive|Battle timer is ON: inactive players will automatically lose when time's up. (requested by DannyPokemonPgh)
|inactive|Trafalgar-Froakie has 60 seconds left.
|inactive|Trafalgar-Froakie has 30 seconds left.
|inactive|Trafalgar-Froakie has 20 seconds left.
|inactive|Trafalgar-Froakie has 15 seconds left.
|inactive|Trafalgar-Froakie has 10 seconds left.
|inactive|Trafalgar-Froakie has 5 seconds left.
|
|t:|1756853340
|teamsize|p1|4
|teamsize|p2|4
|start
|switch|p1a: Indeedee|Indeedee-F, L50, F|100/100
|switch|p1b: Ursaluna|Ursaluna, L50, F|100/100
|switch|p2a: Sinistcha|Sinistcha, L50|100/100
|switch|p2b: Ursaluna|Ursaluna, L50, M|100/100
|-fieldstart|move: Psychic Terrain|[from] ability: Psychic Surge|[of] p1a: Indeedee
|-enditem|p1a: Indeedee|Psychic Seed
|-boost|p1a: Indeedee|spd|1|[from] item: Psychic Seed
|turn|1
|inactive|DannyPokemonPgh has 30 seconds left.
|inactive|Trafalgar-Froakie has 30 seconds left.
|inactive|DannyPokemonPgh has 20 seconds left.
|inactive|Trafalgar-Froakie has 20 seconds left.
|inactive|Trafalgar-Froakie has 15 seconds left.
|
|t:|1756853380
|switch|p1b: Torkoal|Torkoal, L50, M|100/100
|-weather|SunnyDay|[from] ability: Drought|[of] p1b: Torkoal
|move|p1a: Indeedee|Follow Me|p1a: Indeedee
|-singleturn|p1a: Indeedee|move: Follow Me
|move|p2a: Sinistcha|Matcha Gotcha|p1a: Indeedee|[spread] p1b
|-miss|p2a: Sinistcha|p1a: Indeedee
|-resisted|p1b: Torkoal
|-damage|p1b: Torkoal|84/100
|move|p2b: Ursaluna|Headlong Rush|p1a: Indeedee
|-damage|p1a: Indeedee|30/100
|-unboost|p2b: Ursaluna|def|1
|-unboost|p2b: Ursaluna|spd|1
|
|-weather|SunnyDay|[upkeep]
|-status|p2b: Ursaluna|brn|[from] item: Flame Orb
|upkeep
|turn|2
|
|t:|1756853402
|switch|p2a: Pelipper|Pelipper, L50, F|100/100
|-weather|RainDance|[from] ability: Drizzle|[of] p2a: Pelipper
|-terastallize|p1b: Torkoal|Fire
|move|p1a: Indeedee|Follow Me|p1a: Indeedee
|-singleturn|p1a: Indeedee|move: Follow Me
|move|p2b: Ursaluna|Earthquake|p1a: Indeedee|[spread] p1a,p1b
|-immune|p2a: Pelipper
|-supereffective|p1b: Torkoal
|-damage|p1a: Indeedee|0 fnt
|-damage|p1b: Torkoal|0 fnt
|faint|p1a: Indeedee
|faint|p1b: Torkoal
|
|-weather|RainDance|[upkeep]
|-damage|p2b: Ursaluna|95/100 brn|[from] brn
|upkeep
|
|t:|1756853418
|switch|p1a: Ursaluna|Ursaluna, L50, F|100/100
|switch|p1b: Hatterene|Hatterene, L50, F|100/100
|turn|3
|
|t:|1756853437
|move|p1a: Ursaluna|Protect|p1a: Ursaluna
|-singleturn|p1a: Ursaluna|Protect
|move|p2a: Pelipper|Wide Guard|p2a: Pelipper
|-singleturn|p2a: Pelipper|Wide Guard
|move|p2b: Ursaluna|Earthquake|p1b: Hatterene|[spread] p1b
|-activate|p2a: Pelipper|move: Wide Guard
|-activate|p1a: Ursaluna|move: Protect
|-damage|p1b: Hatterene|29/100
|move|p1b: Hatterene|Trick Room|p1b: Hatterene
|-fieldstart|move: Trick Room|[of] p1b: Hatterene
|
|-weather|RainDance|[upkeep]
|-damage|p2b: Ursaluna|89/100 brn|[from] brn
|-status|p1a: Ursaluna|brn|[from] item: Flame Orb
|upkeep
|turn|4
|inactive|DannyPokemonPgh has 30 seconds left.
|inactive|Trafalgar-Froakie has 30 seconds left.
|inactive|DannyPokemonPgh has 20 seconds left.
|inactive|Trafalgar-Froakie has 20 seconds left.
|inactive|DannyPokemonPgh has 15 seconds left.
|inactive|Trafalgar-Froakie has 15 seconds left.
|inactive|DannyPokemonPgh has 10 seconds left.
|inactive|Trafalgar-Froakie has 10 seconds left.
|inactive|DannyPokemonPgh has 5 seconds left.
|
|t:|1756853492
|-terastallize|p2b: Ursaluna|Ghost
|move|p2a: Pelipper|Wide Guard|p2a: Pelipper
|-singleturn|p2a: Pelipper|Wide Guard
|move|p1b: Hatterene|Expanding Force|p2a: Pelipper|[spread] 
|-activate|p2a: Pelipper|move: Wide Guard
|-activate|p2b: Ursaluna|move: Wide Guard
|move|p1a: Ursaluna|Facade|p2a: Pelipper
|-crit|p2a: Pelipper
|-enditem|p2a: Pelipper|Focus Sash
|-damage|p2a: Pelipper|1/100
|move|p2b: Ursaluna|Earthquake|p1b: Hatterene|[spread] p1a,p1b
|-activate|p2a: Pelipper|move: Wide Guard
|-crit|p1b: Hatterene
|-damage|p1a: Ursaluna|51/100 brn
|-damage|p1b: Hatterene|0 fnt
|faint|p1b: Hatterene
|
|-weather|RainDance|[upkeep]
|-damage|p1a: Ursaluna|45/100 brn|[from] brn
|-damage|p2b: Ursaluna|83/100 brn|[from] brn
|upkeep
|turn|5
|inactive|DannyPokemonPgh has 30 seconds left.
|inactive|Trafalgar-Froakie has 30 seconds left.
|inactive|DannyPokemonPgh has 20 seconds left.
|inactive|Trafalgar-Froakie has 20 seconds left.
|
|t:|1756853528
|switch|p2b: Sinistcha|Sinistcha, L50|100/100
|-heal|p2a: Pelipper|26/100|[from] ability: Hospitality|[of] p2b: Sinistcha
|move|p1a: Ursaluna|Facade|p2a: Pelipper
|-damage|p2a: Pelipper|0 fnt
|faint|p2a: Pelipper
|
|-weather|RainDance|[upkeep]
|-damage|p1a: Ursaluna|39/100 brn|[from] brn
|-fieldend|move: Psychic Terrain
|upkeep
|
|t:|1756853538
|switch|p2a: Ursaluna|Ursaluna, L50, M, tera:Ghost|83/100 brn
|turn|6
|
|t:|1756853549
|move|p2a: Ursaluna|Protect|p2a: Ursaluna
|-singleturn|p2a: Ursaluna|Protect
|move|p1a: Ursaluna|Facade|p2a: Ursaluna
|-activate|p2a: Ursaluna|move: Protect
|move|p2b: Sinistcha|Trick Room|p2b: Sinistcha
|-fieldend|move: Trick Room
|
|-weather|none
|-damage|p2a: Ursaluna|77/100 brn|[from] brn
|-damage|p1a: Ursaluna|33/100 brn|[from] brn
|upkeep
|turn|7
|
|t:|1756853563
|move|p2b: Sinistcha|Matcha Gotcha|p1a: Ursaluna
|-supereffective|p1a: Ursaluna
|-damage|p1a: Ursaluna|0 fnt
|faint|p1a: Ursaluna
|
|win|Trafalgar-Froakie
||Trafalgar-Froakie is ready for game 2.
|inactive|DannyPokemonPgh has 30 seconds to confirm battle start!
|inactive|DannyPokemonPgh has 20 seconds to confirm battle start!
|inactive|DannyPokemonPgh has 10 seconds to confirm battle start!
|l|☆DannyPokemonPgh
|player|p1|
|uhtml|next|Next: Game 2 of 3
