|j|☆JAMieC_123
|j|☆dr_sugus_vgc
|html|JAMieC_123dr_sugus_vgc    
|uhtml|bestof|Game 1 of a best-of-3
|t:|1756636551
|gametype|doubles
|player|p1|JAMieC_123|265|1000
|player|p2|dr_sugus_vgc|169|1097
|gen|9
|tier|[Gen 9] VGC 2025 Reg H (Bo3)
|rated|
|rule|Species Clause: Limit one of each Pokémon
|rule|Item Clause: Limit 1 of each item
|clearpoke
|poke|p1|Volcarona, L50, F|
|poke|p1|Kingambit, L50, M|
|poke|p1|Dragonite, L50, M|
|poke|p1|Sneasler, L50, F|
|poke|p1|Rillaboom, L50, M|
|poke|p1|Electabuzz, L50, M|
|poke|p2|Tyranitar, L50, F|
|poke|p2|Clefable, L50, M|
|poke|p2|Excadrill, L50, F|
|poke|p2|Salamence, L50, F|
|poke|p2|Rillaboom, L50, F|
|poke|p2|Skeledirge, L50, M|
|teampreview|4
|showteam|p1|Volcarona||Leftovers|FlameBody|HeatWave,TeraBlast,QuiverDance,Protect|||F|||50|,,,,,Fairy]Kingambit||BlackGlasses|Defiant|KowtowCleave,SuckerPunch,SwordsDance,Protect|||M|||50|,,,,,Dark]Dragonite||LoadedDice|Multiscale|ScaleShot,ExtremeSpeed,Haze,Protect|||M|||50|,,,,,Steel]Sneasler||FocusSash|PoisonTouch|CloseCombat,DireClaw,FakeOut,Coaching|||F|||50|,,,,,Stellar]Rillaboom||AssaultVest|GrassySurge|WoodHammer,GrassyGlide,HighHorsepower,FakeOut|||M|||50|,,,,,Fire]Electabuzz||Eviolite|VitalSpirit|Thunderbolt,Taunt,FollowMe,Protect|||M|||50|,,,,,Ghost
|showteam|p2|Tyranitar||ClearAmulet|SandStream|RockSlide,KnockOff,Taunt,Protect|||F|||50|,,,,,Fire]Clefable||SitrusBerry|Unaware|AlluringVoice,ThunderWave,FollowMe,Protect|||M|||50|,,,,,Grass]Excadrill||FocusSash|SandRush|HighHorsepower,IronHead,SwordsDance,Protect|||F|||50|,,,,,Steel]Salamence||CovertCloak|Intimidate|DragonPulse,HeatWave,Tailwind,Protect|||F|||50|,,,,,Fairy]Rillaboom||AssaultVest|GrassySurge|FakeOut,GrassyGlide,WoodHammer,Uturn|||F|||50|,,,,,Fire]Skeledirge||SafetyGoggles|Unaware|TorchSong,Yawn,ShadowBall,Protect|||M|||50|,,,,,Fairy
|inactive|Battle timer is ON: inactive players will automatically lose when time's up. (requested by JAMieC_123)
|c|☆JAMieC_123|glhf! :)
|c|☆dr_sugus_vgc|gl hf
|inactive|JAMieC_123 has 60 seconds left.
|inactive|dr_sugus_vgc has 60 seconds left.
|inactive|JAMieC_123 has 30 seconds left.
|inactive|JAMieC_123 has 20 seconds left.
|inactive|JAMieC_123 has 15 seconds left.
|inactive|JAMieC_123 has 10 seconds left.
|
|t:|1756636639
|teamsize|p1|4
|teamsize|p2|4
|start
|switch|p1a: Sneasler|Sneasler, L50, F|100/100
|switch|p1b: Rillaboom|Rillaboom, L50, M|100/100
|switch|p2a: Tyranitar|Tyranitar, L50, F|100/100
|switch|p2b: Clefable|Clefable, L50, M|100/100
|-fieldstart|move: Grassy Terrain|[from] ability: Grassy Surge|[of] p1b: Rillaboom
|-weather|Sandstorm|[from] ability: Sand Stream|[of] p2a: Tyranitar
|turn|1
|inactive|JAMieC_123 has 30 seconds left.
|inactive|dr_sugus_vgc has 30 seconds left.
|inactive|JAMieC_123 has 20 seconds left.
|inactive|JAMieC_123 has 15 seconds left.
|
|t:|1756636683
|switch|p2a: Salamence|Salamence, L50, F|100/100
|-ability|p2a: Salamence|Intimidate|boost
|-unboost|p1a: Sneasler|atk|1
|-unboost|p1b: Rillaboom|atk|1
|move|p2b: Clefable|Protect|p2b: Clefable
|-singleturn|p2b: Clefable|Protect
|move|p1a: Sneasler|Coaching|p1b: Rillaboom
|-boost|p1b: Rillaboom|atk|1
|-boost|p1b: Rillaboom|def|1
|move|p1b: Rillaboom|Wood Hammer|p2a: Salamence
|-resisted|p2a: Salamence
|-damage|p2a: Salamence|77/100
|-damage|p1b: Rillaboom|93/100|[from] Recoil
|
|-weather|Sandstorm|[upkeep]
|-damage|p1a: Sneasler|95/100|[from] Sandstorm
|-damage|p2a: Salamence|71/100|[from] Sandstorm
|-damage|p1b: Rillaboom|87/100|[from] Sandstorm
|-damage|p2b: Clefable|94/100|[from] Sandstorm
|-heal|p1a: Sneasler|100/100|[from] Grassy Terrain
|-heal|p1b: Rillaboom|93/100|[from] Grassy Terrain
|-heal|p2b: Clefable|100/100|[from] Grassy Terrain
|upkeep
|turn|2
|inactive|JAMieC_123 has 30 seconds left.
|inactive|dr_sugus_vgc has 30 seconds left.
|inactive|JAMieC_123 has 20 seconds left.
|
|t:|1756636719
|switch|p1a: Kingambit|Kingambit, L50, M|100/100
|-terastallize|p1b: Rillaboom|Fire
|move|p2a: Salamence|Heat Wave|p1a: Kingambit|[spread] p1a,p1b
|-supereffective|p1a: Kingambit
|-resisted|p1b: Rillaboom
|-damage|p1a: Kingambit|55/100
|-damage|p1b: Rillaboom|85/100
|move|p1b: Rillaboom|Wood Hammer|p2b: Clefable
|-damage|p2b: Clefable|27/100
|-enditem|p2b: Clefable|Sitrus Berry|[eat]
|-heal|p2b: Clefable|52/100|[from] item: Sitrus Berry
|-damage|p1b: Rillaboom|60/100|[from] Recoil
|move|p2b: Clefable|Thunder Wave|p1a: Kingambit
|-status|p1a: Kingambit|par
|
|-weather|Sandstorm|[upkeep]
|-damage|p2a: Salamence|65/100|[from] Sandstorm
|-damage|p1b: Rillaboom|54/100|[from] Sandstorm
|-damage|p2b: Clefable|46/100|[from] Sandstorm
|-heal|p1b: Rillaboom|60/100|[from] Grassy Terrain
|-heal|p2b: Clefable|52/100|[from] Grassy Terrain
|-heal|p1a: Kingambit|61/100 par|[from] Grassy Terrain
|upkeep
|turn|3
|inactive|JAMieC_123 has 30 seconds left.
|inactive|dr_sugus_vgc has 30 seconds left.
|inactive|JAMieC_123 has 20 seconds left.
|inactive|dr_sugus_vgc has 20 seconds left.
|
|t:|1756636755
|-terastallize|p2b: Clefable|Grass
|cant|p1a: Kingambit|par
|move|p2a: Salamence|Tailwind|p2a: Salamence
|-sidestart|p2: dr_sugus_vgc|move: Tailwind
|move|p2b: Clefable|Alluring Voice|p1a: Kingambit
|-damage|p1a: Kingambit|35/100 par
|move|p1b: Rillaboom|Wood Hammer|p2b: Clefable
|-resisted|p2b: Clefable
|-damage|p2b: Clefable|15/100
|-damage|p1b: Rillaboom|48/100|[from] Recoil
|
|-weather|Sandstorm|[upkeep]
|-damage|p2a: Salamence|59/100|[from] Sandstorm
|-damage|p2b: Clefable|9/100|[from] Sandstorm
|-damage|p1b: Rillaboom|42/100|[from] Sandstorm
|-heal|p2b: Clefable|15/100|[from] Grassy Terrain
|-heal|p1b: Rillaboom|48/100|[from] Grassy Terrain
|-heal|p1a: Kingambit|41/100 par|[from] Grassy Terrain
|upkeep
|turn|4
|inactive|dr_sugus_vgc has 30 seconds left.
|inactive|JAMieC_123 has 30 seconds left.
|inactive|dr_sugus_vgc has 20 seconds left.
|inactive|JAMieC_123 has 20 seconds left.
|
|t:|1756636803
|move|p2b: Clefable|Follow Me|p2b: Clefable
|-singleturn|p2b: Clefable|move: Follow Me
|move|p1b: Rillaboom|Grassy Glide|p2b: Clefable
|-resisted|p2b: Clefable
|-damage|p2b: Clefable|0 fnt
|faint|p2b: Clefable
|move|p1a: Kingambit|Sucker Punch|p2a: Salamence
|-damage|p2a: Salamence|0 fnt
|faint|p2a: Salamence
|
|-weather|Sandstorm|[upkeep]
|-damage|p1b: Rillaboom|42/100|[from] Sandstorm
|-heal|p1b: Rillaboom|48/100|[from] Grassy Terrain
|-heal|p1a: Kingambit|46/100 par|[from] Grassy Terrain
|upkeep
|
|t:|1756636815
|switch|p2a: Skeledirge|Skeledirge, L50, M|100/100
|switch|p2b: Tyranitar|Tyranitar, L50, F|100/100
|turn|5
|
|t:|1756636837
|switch|p1b: Sneasler|Sneasler, L50, F|100/100
|cant|p1a: Kingambit|par
|move|p2b: Tyranitar|Rock Slide|p1a: Kingambit|[spread] p1a,p1b
|-resisted|p1a: Kingambit
|-resisted|p1b: Sneasler
|-damage|p1a: Kingambit|35/100 par
|-damage|p1b: Sneasler|75/100
|move|p2a: Skeledirge|Torch Song|p1a: Kingambit
|-supereffective|p1a: Kingambit
|-damage|p1a: Kingambit|0 fnt
|-boost|p2a: Skeledirge|spa|1
|faint|p1a: Kingambit
|
|-weather|none
|-heal|p1b: Sneasler|81/100|[from] Grassy Terrain
|-fieldend|move: Grassy Terrain
|upkeep
|inactive|JAMieC_123 has 30 seconds left.
|
|t:|1756636863
|switch|p1a: Rillaboom|Rillaboom, L50, M, tera:Fire|48/100
|-fieldstart|move: Grassy Terrain|[from] ability: Grassy Surge|[of] p1a: Rillaboom
|turn|6
|
|t:|1756636887
|move|p2b: Tyranitar|Rock Slide|p1b: Sneasler|[spread] p1a,p1b
|-supereffective|p1a: Rillaboom
|-resisted|p1b: Sneasler
|-damage|p1a: Rillaboom|0 fnt
|-damage|p1b: Sneasler|58/100
|faint|p1a: Rillaboom
|move|p2a: Skeledirge|Torch Song|p1b: Sneasler
|-damage|p1b: Sneasler|0 fnt
|-boost|p2a: Skeledirge|spa|1
|faint|p1b: Sneasler
|
|-sideend|p2: dr_sugus_vgc|move: Tailwind
|upkeep
|inactive|JAMieC_123 has 30 seconds left.
|inactive|JAMieC_123 has 20 seconds left.
|-message|JAMieC_123 forfeited.
|
|win|dr_sugus_vgc
|l|☆JAMieC_123
|player|p1|
||dr_sugus_vgc is ready for game 2.
||JAMieC_123 is ready for game 2.
|uhtml|next|Next: Game 2 of 3
