|j|☆exessvgc
|j|☆Maffles
|html|exessvgcMaffles    
|uhtml|bestof|Game 3 of a best-of-3
|t:|1783863059
|gametype|doubles
|player|p1|exessvgc|169|1158
|player|p2|Maffles|101|1244
|gen|9
|tier|[Gen 9 Champions] VGC 2026 Reg M-B (Bo3)
|rated|
|rule|Species Clause: Limit one of each Pokémon
|rule|Item Clause: Limit 1 of each item
|clearpoke
|poke|p1|Blaziken, L50, F|
|poke|p1|Aerodactyl, L50, M|
|poke|p1|Kingambit, L50, M|
|poke|p1|Basculegion, L50, M|
|poke|p1|Sylveon, L50, F|
|poke|p1|Torkoal, L50, F|
|poke|p2|Gengar, L50, F|
|poke|p2|Kingambit, L50, M|
|poke|p2|Ninetales-Alola, L50, F|
|poke|p2|Toxapex, L50, F|
|poke|p2|Basculegion, L50, M|
|poke|p2|Lopunny, L50, M|
|teampreview|4
|showteam|p1|Blaziken||Blazikenite|SpeedBoost|FlareBlitz,CloseCombat,Protect,RockSlide|Adamant||F|||50|]Aerodactyl||Aerodactylite|Unnerve|RockSlide,DualWingbeat,IceFang,Tailwind|Jolly||M|||50|]Kingambit||LifeOrb|Defiant|KowtowCleave,Protect,IronHead,SuckerPunch|Adamant||M|||50|]Basculegion||FocusSash|Adaptability|Liquidation,Protect,LastRespects,AquaJet|Adamant||M|||50|]Sylveon||FairyFeather|Pixilate|HyperVoice,Moonblast,QuickAttack,Protect|Modest||F|||50|]Torkoal||Leftovers|Drought|BurningJealousy,WeatherBall,Protect,Yawn|Relaxed||F|||50|
|showteam|p2|Gengar||Gengarite|CursedBody|SludgeBomb,Disable,PerishSong,Protect|Timid||F|||50|]Kingambit||ChopleBerry|Defiant|KowtowCleave,SuckerPunch,SwordsDance,Protect|Brave||M|||50|]Ninetales-Alola||FocusSash|SnowWarning|Blizzard,Moonblast,Encore,Protect|Timid||F|||50|]Toxapex||Leftovers|Regenerator|Infestation,Toxic,WideGuard,BanefulBunker|Bold||F|||50|]Basculegion||SitrusBerry|Adaptability|LastRespects,FlipTurn,Soak,Protect|Sassy||M|||50|]Lopunny||Lopunnite|CuteCharm|CloseCombat,FakeOut,Encore,Protect|Jolly||M|||50|
|
|t:|1783863083
|teamsize|p1|4
|teamsize|p2|4
|start
|switch|p1a: Blaziken|Blaziken, L50, F|100/100
|switch|p1b: Kingambit|Kingambit, L50, M|100/100
|switch|p2a: Gengar|Gengar, L50, F|100/100
|switch|p2b: Basculegion|Basculegion, L50, M|100/100
|turn|1
|
|t:|1783863112
|detailschange|p2a: Gengar|Gengar-Mega, L50, F
|-mega|p2a: Gengar|Gengar|Gengarite
|move|p1a: Blaziken|Protect|p1a: Blaziken
|-singleturn|p1a: Blaziken|Protect
|move|p2a: Gengar|Perish Song|p2a: Gengar
|-start|p1a: Blaziken|perish3|[silent]
|-start|p1b: Kingambit|perish3|[silent]
|-start|p2a: Gengar|perish3|[silent]
|-start|p2b: Basculegion|perish3|[silent]
|-fieldactivate|move: Perish Song
|move|p2b: Basculegion|Flip Turn|p1a: Blaziken
|-activate|p1a: Blaziken|move: Protect
|move|p1b: Kingambit|Kowtow Cleave|p2a: Gengar
|-supereffective|p2a: Gengar|1
|-damage|p2a: Gengar|0 fnt
|faint|p2a: Gengar
|-damage|p1b: Kingambit|90/100|[from] item: Life Orb
|
|-start|p1a: Blaziken|perish3
|-start|p2b: Basculegion|perish3
|-start|p1b: Kingambit|perish3
|-ability|p1a: Blaziken|Speed Boost|boost
|-boost|p1a: Blaziken|spe|1
|upkeep
|
|t:|1783863119
|switch|p2a: Kingambit|Kingambit, L50, M|100/100
|turn|2
|
|t:|1783863146
|detailschange|p1a: Blaziken|Blaziken-Mega, L50, F
|-mega|p1a: Blaziken|Blaziken|Blazikenite
|move|p2a: Kingambit|Protect|p2a: Kingambit
|-singleturn|p2a: Kingambit|Protect
|move|p1b: Kingambit|Sucker Punch||[still]
|-fail|p1b: Kingambit
|move|p1a: Blaziken|Flare Blitz|p2a: Kingambit
|-activate|p2a: Kingambit|move: Protect
|move|p2b: Basculegion|Soak|p1a: Blaziken
|-start|p1a: Blaziken|typechange|Water
|
|-start|p1a: Blaziken|perish2
|-start|p2b: Basculegion|perish2
|-start|p1b: Kingambit|perish2
|-ability|p1a: Blaziken|Speed Boost|boost
|-boost|p1a: Blaziken|spe|1
|upkeep
|turn|3
|
|t:|1783863179
|switch|p1a: Basculegion|Basculegion, L50, M|100/100
|switch|p2b: Toxapex|Toxapex, L50, F|100/100
|move|p1b: Kingambit|Kowtow Cleave|p2b: Toxapex
|-damage|p2b: Toxapex|56/100
|-damage|p1b: Kingambit|80/100|[from] item: Life Orb
|move|p2a: Kingambit|Swords Dance|p2a: Kingambit
|-boost|p2a: Kingambit|atk|2
|
|-heal|p2b: Toxapex|62/100|[from] item: Leftovers
|-start|p1b: Kingambit|perish1
|upkeep
|turn|4
|
|t:|1783863212
|switch|p1b: Aerodactyl|Aerodactyl, L50, M|100/100
|-ability|p1b: Aerodactyl|Unnerve
|move|p1a: Basculegion|Protect|p1a: Basculegion
|-singleturn|p1a: Basculegion|Protect
|move|p2a: Kingambit|Kowtow Cleave|p1b: Aerodactyl
|-damage|p1b: Aerodactyl|0 fnt
|faint|p1b: Aerodactyl
|move|p2b: Toxapex|Toxic|p1a: Basculegion
|-activate|p1a: Basculegion|move: Protect
|
|-heal|p2b: Toxapex|68/100|[from] item: Leftovers
|upkeep
|
|t:|1783863225
|switch|p1b: Blaziken|Blaziken-Mega, L50, F|100/100
|turn|5
|
|t:|1783863247
|move|p2a: Kingambit|Protect|p2a: Kingambit
|-singleturn|p2a: Kingambit|Protect
|move|p1b: Blaziken|Flare Blitz|p2a: Kingambit
|-activate|p2a: Kingambit|move: Protect
|move|p1a: Basculegion|Last Respects|p2b: Toxapex
|-damage|p2b: Toxapex|22/100
|move|p2b: Toxapex|Infestation|p1b: Blaziken
|-resisted|p1b: Blaziken|2
|-damage|p1b: Blaziken|99/100
|-activate|p1b: Blaziken|move: Infestation|[of] p2b: Toxapex
|
|-heal|p2b: Toxapex|28/100|[from] item: Leftovers
|-damage|p1b: Blaziken|87/100|[from] move: Infestation|[partiallytrapped]
|-ability|p1b: Blaziken|Speed Boost|boost
|-boost|p1b: Blaziken|spe|1
|upkeep
|turn|6
|
|t:|1783863270
|-heal|p2b: Toxapex|61/100|[from] ability: Regenerator|[silent]
|switch|p2b: Basculegion|Basculegion, L50, M|100/100
|move|p1a: Basculegion|Protect|p1a: Basculegion
|-singleturn|p1a: Basculegion|Protect
|move|p2a: Kingambit|Sucker Punch|p1b: Blaziken
|-resisted|p1b: Blaziken|1
|-damage|p1b: Blaziken|35/100
|move|p1b: Blaziken|Flare Blitz|p2a: Kingambit
|-supereffective|p2a: Kingambit|1
|-damage|p2a: Kingambit|0 fnt
|faint|p2a: Kingambit
|-damage|p1b: Blaziken|0 fnt|[from] Recoil
|faint|p1b: Blaziken
|
|upkeep
|
|t:|1783863279
|switch|p1b: Kingambit|Kingambit, L50, M|80/100
|switch|p2a: Toxapex|Toxapex, L50, F|61/100
|turn|7
|
|t:|1783863295
|move|p1b: Kingambit|Sucker Punch||[still]
|-fail|p1b: Kingambit
|move|p1a: Basculegion|Last Respects|p2b: Basculegion
|-supereffective|p2b: Basculegion|1
|-damage|p2b: Basculegion|0 fnt
|faint|p2b: Basculegion
|move|p2a: Toxapex|Toxic|p1a: Basculegion
|-status|p1a: Basculegion|tox
|
|-heal|p2a: Toxapex|66/100|[from] item: Leftovers
|-damage|p1a: Basculegion|93/100 tox|[from] psn
|upkeep
|turn|8
|
|t:|1783863306
|move|p1a: Basculegion|Last Respects|p2a: Toxapex
|-damage|p2a: Toxapex|5/100
|move|p1b: Kingambit|Kowtow Cleave|p2a: Toxapex
|-damage|p2a: Toxapex|0 fnt
|faint|p2a: Toxapex
|-damage|p1b: Kingambit|71/100|[from] item: Life Orb
|
|win|exessvgc
|raw|exessvgc's rating: 1158 → 1189(+31 for winning)
|raw|Maffles's rating: 1244 → 1213(-31 for losing)
|l|☆Maffles
|player|p2|
