|j|☆MasterSkillsalt
|j|☆bphind722
|html|MasterSkillsaltbphind722    
|uhtml|bestof|Game 1 of a best-of-3
|t:|1784953790
|gametype|doubles
|player|p1|MasterSkillsalt|170|
|player|p2|bphind722|265|
|gen|9
|tier|[Gen 9 Champions] VGC 2026 Reg M-B (Bo3)
|rule|Species Clause: Limit one of each Pokémon
|rule|Item Clause: Limit 1 of each item
|clearpoke
|poke|p1|Gholdengo, L50|
|poke|p1|Meowscarada, L50, M|
|poke|p1|Starmie, L50|
|poke|p1|Liepard, L50, M|
|poke|p1|Archaludon, L50, F|
|poke|p1|Politoed, L50, F|
|poke|p2|Charizard, L50, M, shiny|
|poke|p2|Milotic, L50, F, shiny|
|poke|p2|Greninja, L50, M|
|poke|p2|Rotom-Mow, L50|
|poke|p2|Tinkaton, L50, F|
|poke|p2|Excadrill, L50, M|
|teampreview|4
|showteam|p1|Gholdengo||LifeOrb|GoodasGold|Protect,MakeItRain,ShadowBall,NastyPlot|Modest|||||50|]Meowscarada||ChoiceScarf|Protean|FlowerTrick,KnockOff,TripleAxel,Uturn|Adamant||M|||50|]Starmie||Starminite|Illuminate|AquaJet,IceSpinner,Liquidation,Protect|Adamant|||||50|]Liepard||FocusSash|Prankster|FakeTears,Encore,FakeOut,RainDance|Timid||M|||50|]Archaludon||Leftovers|Stamina|Protect,ElectroShot,FlashCannon,DragonPulse|Modest||F|||50|]Politoed||SitrusBerry|Drizzle|IcyWind,HelpingHand,WeatherBall,ChillingWater|Calm||F|||50|
|showteam|p2|Charizard||CharizarditeY|Blaze|HeatWave,SolarBeam,Protect,Overheat|Timid||M|||50|]Milotic||LifeOrb|Competitive|Scald,Recover,Protect,IceBeam|Timid||F|||50|]Greninja||ExpertBelt|Protean|LowKick,IceBeam,DarkPulse,Protect|Hasty||M|||50|]Rotom-Mow||FocusSash|Levitate|VoltSwitch,Thunderbolt,LeafStorm,WillOWisp|Timid|||||50|]Tinkaton||Leftovers|OwnTempo|FakeOut,PlayRough,GigatonHammer,Protect|Jolly||F|||50|]Excadrill||ChoiceScarf|MoldBreaker|HighHorsepower,IronHead,RockSlide,Protect|Jolly||M|||50|
|inactive|Battle timer is ON: inactive players will automatically lose when time's up. (requested by bphind722)
|inactiveoff|Battle timer is now OFF.
|c|☆MasterSkillsalt|can you send link I don't have discord on laptop
|c|☆bphind722|yeah i got it
|c|☆MasterSkillsalt|thanks buddy
|c|☆MasterSkillsalt|sorry I can't chat
|c|☆bphind722|youre goo
|c|☆bphind722|good
|c|☆bphind722|just reading your stuff rq
|c|☆MasterSkillsalt|same
|
|t:|1784954024
|teamsize|p1|4
|teamsize|p2|4
|start
|switch|p1a: Archaludon|Archaludon, L50, F|100/100
|switch|p1b: Liepard|Liepard, L50, M|100/100
|switch|p2a: Tinkaton|Tinkaton, L50, F|100/100
|switch|p2b: Rotom|Rotom-Mow, L50|100/100
|turn|1
|
|t:|1784954111
|move|p1b: Liepard|Fake Out|p2b: Rotom
|-damage|p2b: Rotom|89/100
|move|p2a: Tinkaton|Fake Out|p1a: Archaludon
|-resisted|p1a: Archaludon|1
|-damage|p1a: Archaludon|95/100
|-ability|p1a: Archaludon|Stamina|boost
|-boost|p1a: Archaludon|def|1
|cant|p2b: Rotom|flinch
|cant|p1a: Archaludon|flinch
|
|-heal|p1a: Archaludon|100/100|[from] item: Leftovers
|upkeep
|turn|2
|
|t:|1784954145
|move|p1b: Liepard|Encore|p2a: Tinkaton
|-start|p2a: Tinkaton|Encore
|move|p2a: Tinkaton|Fake Out||[still]
|-hint|Fake Out only works on your first turn out.
|-fail|p2a: Tinkaton
|move|p2b: Rotom|Leaf Storm|p1b: Liepard
|-enditem|p1b: Liepard|Focus Sash
|-damage|p1b: Liepard|1/100
|-unboost|p2b: Rotom|spa|2
|move|p1a: Archaludon|Dragon Pulse|p2b: Rotom
|-damage|p2b: Rotom|20/100y
|
|upkeep
|turn|3
|
|t:|1784954171
|switch|p1b: Politoed|Politoed, L50, F|100/100
|-weather|RainDance|[from] ability: Drizzle|[of] p1b: Politoed
|-activate|p2a: Tinkaton|move: Struggle
|move|p2a: Tinkaton|Struggle|p1a: Archaludon
|-damage|p1a: Archaludon|92/100
|-ability|p1a: Archaludon|Stamina|boost
|-boost|p1a: Archaludon|def|1
|-damage|p2a: Tinkaton|74/100|[from] recoil
|move|p2b: Rotom|Volt Switch|p1b: Politoed
|-supereffective|p1b: Politoed|1
|-damage|p1b: Politoed|78/100
|
|t:|1784954197
|switch|p2b: Excadrill|Excadrill, L50, M|100/100|[from] Volt Switch
|-ability|p2b: Excadrill|Mold Breaker
|move|p1a: Archaludon|Electro Shot||[still]
|-prepare|p1a: Archaludon|Electro Shot
|-boost|p1a: Archaludon|spa|1
|-anim|p1a: Archaludon|Electro Shot|p2a: Tinkaton
|-crit|p2a: Tinkaton
|-damage|p2a: Tinkaton|0 fnt
|faint|p2a: Tinkaton
|
|-weather|RainDance|[upkeep]
|-heal|p1a: Archaludon|98/100|[from] item: Leftovers
|upkeep
|
|t:|1784954213
|switch|p2a: Charizard|Charizard, L50, M, shiny|100/100
|turn|4
|
|t:|1784954234
|detailschange|p2a: Charizard|Charizard-Mega-Y, L50, M, shiny
|-mega|p2a: Charizard|Charizard|Charizardite Y
|-weather|SunnyDay|[from] ability: Drought|[of] p2a: Charizard
|move|p1a: Archaludon|Protect|p1a: Archaludon
|-singleturn|p1a: Archaludon|Protect
|move|p2b: Excadrill|High Horsepower|p1a: Archaludon
|-activate|p1a: Archaludon|move: Protect
|move|p2a: Charizard|Solar Beam||[still]
|-prepare|p2a: Charizard|Solar Beam
|-anim|p2a: Charizard|Solar Beam|p1b: Politoed
|-supereffective|p1b: Politoed|1
|-damage|p1b: Politoed|19/100
|-enditem|p1b: Politoed|Sitrus Berry|[eat]
|-heal|p1b: Politoed|44/100|[from] item: Sitrus Berry
|move|p1b: Politoed|Weather Ball|p2b: Excadrill
|-supereffective|p2b: Excadrill|1
|-damage|p2b: Excadrill|12/100
|
|-weather|SunnyDay|[upkeep]
|-heal|p1a: Archaludon|100/100|[from] item: Leftovers
|upkeep
|turn|5
|
|t:|1784954336
|move|p2b: Excadrill|High Horsepower|p1a: Archaludon
|-supereffective|p1a: Archaludon|1
|-damage|p1a: Archaludon|55/100
|-ability|p1a: Archaludon|Stamina|boost
|-boost|p1a: Archaludon|def|1
|move|p2a: Charizard|Solar Beam||[still]
|-prepare|p2a: Charizard|Solar Beam
|-anim|p2a: Charizard|Solar Beam|p1b: Politoed
|-supereffective|p1b: Politoed|1
|-damage|p1b: Politoed|0 fnt
|faint|p1b: Politoed
|move|p1a: Archaludon|Dragon Pulse|p2b: Excadrill
|-resisted|p2b: Excadrill|1
|-damage|p2b: Excadrill|0 fnt
|faint|p2b: Excadrill
|
|-weather|SunnyDay|[upkeep]
|-heal|p1a: Archaludon|61/100|[from] item: Leftovers
|upkeep
|
|t:|1784954370
|switch|p2b: Rotom|Rotom-Mow, L50|20/100y
|switch|p1b: Starmie|Starmie, L50|100/100
|turn|6
|
|t:|1784954413
|detailschange|p1b: Starmie|Starmie-Mega, L50
|-mega|p1b: Starmie|Starmie|Starminite
|move|p1b: Starmie|Liquidation|p2a: Charizard
|-supereffective|p2a: Charizard|1
|-damage|p2a: Charizard|0 fnt
|faint|p2a: Charizard
|move|p2b: Rotom|Thunderbolt|p1b: Starmie
|-supereffective|p1b: Starmie|1
|-damage|p1b: Starmie|0 fnt
|faint|p1b: Starmie
|move|p1a: Archaludon|Dragon Pulse|p2b: Rotom
|-damage|p2b: Rotom|0 fnt
|faint|p2b: Rotom
|
|win|MasterSkillsalt
|inactive|MasterSkillsalt has 30 seconds to confirm battle start!
|inactive|bphind722 has 30 seconds to confirm battle start!
||bphind722 is ready for game 2.
||MasterSkillsalt is ready for game 2.
|uhtml|next|Next: Game 2 of 3
