|j|☆TsitOoO
|j|☆GenoxVGC
|html|TsitOoOGenoxVGC    
|uhtml|bestof|Game 2 of a best-of-3
|t:|1783350114
|gametype|doubles
|player|p1|TsitOoO|169|1026
|player|p2|GenoxVGC|ethan|1000
|gen|9
|tier|[Gen 9 Champions] VGC 2026 Reg M-B (Bo3)
|rated|
|rule|Species Clause: Limit one of each Pokémon
|rule|Item Clause: Limit 1 of each item
|clearpoke
|poke|p1|Kangaskhan, L50, F|
|poke|p1|Incineroar, L50, F|
|poke|p1|Torkoal, L50, F|
|poke|p1|Sinistcha, L50|
|poke|p1|Raichu, L50, F|
|poke|p1|Whimsicott, L50, F|
|poke|p2|Froslass, L50, F, shiny|
|poke|p2|Whimsicott, L50, F|
|poke|p2|Glimmora, L50, F|
|poke|p2|Garchomp, L50, F|
|poke|p2|Gyarados, L50, F, shiny|
|poke|p2|Kingambit, L50, F|
|teampreview|4
|showteam|p1|Kangaskhan||Kangaskhanite|Scrappy|FakeOut,LastResort|Adamant||F|||50|]Incineroar||SitrusBerry|Intimidate|FakeOut,FlareBlitz,DarkestLariat,PartingShot|Careful||F|||50|]Torkoal||Charcoal|Drought|Eruption,AncientPower,Protect,SolarBeam|Quiet||F|||50|]Sinistcha||Leftovers|Hospitality|MatchaGotcha,Protect,StrengthSap,ShadowBall|Calm|||||50|]Raichu||RaichuniteY|LightningRod|FocusBlast,FakeOut,ZapCannon,Protect|Modest||F|||50|]Whimsicott||FocusSash|Prankster|Tailwind,Moonblast,Protect,Encore|Modest||F|||50|
|showteam|p2|Froslass||Froslassite|CursedBody|Blizzard,ShadowBall,AuroraVeil,Protect|Timid||F|||50|]Whimsicott||FairyFeather|Prankster|Moonblast,Tailwind,Encore,Protect|Bold||F|||50|]Glimmora||FocusSash|ToxicDebris|PowerGem,SludgeBomb,EarthPower,SpikyShield|Modest||F|||50|]Garchomp||LifeOrb|RoughSkin|StompingTantrum,DragonClaw,RockSlide,Protect|Adamant||F|||50|]Gyarados||SitrusBerry|Intimidate|Waterfall,PowerWhip,DragonDance,Protect|Adamant||F|||50|]Kingambit||BlackGlasses|Defiant|KowtowCleave,SuckerPunch,SwordsDance,Protect|Adamant||F|||50|
|
|t:|1783350146
|teamsize|p1|4
|teamsize|p2|4
|start
|switch|p1a: Torkoal|Torkoal, L50, F|100/100
|switch|p1b: Kangaskhan|Kangaskhan, L50, F|100/100
|switch|p2a: Froslass|Froslass, L50, F, shiny|100/100
|switch|p2b: Whimsicott|Whimsicott, L50, F|100/100
|-weather|SunnyDay|[from] ability: Drought|[of] p1a: Torkoal
|turn|1
|
|t:|1783350190
|switch|p2a: Garchomp|Garchomp, L50, F|100/100
|move|p2b: Whimsicott|Protect|p2b: Whimsicott
|-singleturn|p2b: Whimsicott|Protect
|move|p1b: Kangaskhan|Fake Out|p2a: Garchomp
|-damage|p2a: Garchomp|83/100
|-damage|p1b: Kangaskhan|87/100|[from] ability: Rough Skin|[of] p2a: Garchomp
|move|p1a: Torkoal|Eruption|p2b: Whimsicott|[spread] p2a
|-activate|p2b: Whimsicott|move: Protect
|-resisted|p2a: Garchomp|1
|-damage|p2a: Garchomp|41/100
|
|-weather|SunnyDay|[upkeep]
|upkeep
|turn|2
|
|t:|1783350224
|detailschange|p1b: Kangaskhan|Kangaskhan-Mega, L50, F
|-mega|p1b: Kangaskhan|Kangaskhan|Kangaskhanite
|move|p2b: Whimsicott|Encore|p1b: Kangaskhan
|-start|p1b: Kangaskhan|Encore
|move|p1b: Kangaskhan|Fake Out||[still]
|-hint|Fake Out only works on your first turn out.
|-fail|p1b: Kangaskhan
|move|p2a: Garchomp|Stomping Tantrum|p1a: Torkoal
|-supereffective|p1a: Torkoal|1
|-damage|p1a: Torkoal|8/100
|-damage|p2a: Garchomp|31/100|[from] item: Life Orb
|move|p1a: Torkoal|Solar Beam||[still]
|-prepare|p1a: Torkoal|Solar Beam
|-anim|p1a: Torkoal|Solar Beam|p2a: Garchomp
|-damage|p2a: Garchomp|0 fnt
|faint|p2a: Garchomp
|
|-weather|SunnyDay|[upkeep]
|upkeep
|
|t:|1783350240
|switch|p2a: Froslass|Froslass, L50, F, shiny|100/100
|turn|3
|
|t:|1783350267
|switch|p1b: Whimsicott|Whimsicott, L50, F|100/100
|detailschange|p2a: Froslass|Froslass-Mega, L50, F, shiny
|-mega|p2a: Froslass|Froslass|Froslassite
|-weather|Snowscape|[from] ability: Snow Warning|[of] p2a: Froslass
|move|p2a: Froslass|Blizzard|p1b: Whimsicott|[spread] p1a,p1b
|-resisted|p1a: Torkoal|1
|-supereffective|p1b: Whimsicott|1
|-damage|p1a: Torkoal|0 fnt
|-enditem|p1b: Whimsicott|Focus Sash
|-damage|p1b: Whimsicott|1/100
|faint|p1a: Torkoal
|move|p2b: Whimsicott|Moonblast|p1b: Whimsicott
|-damage|p1b: Whimsicott|0 fnt
|faint|p1b: Whimsicott
|
|-weather|Snowscape|[upkeep]
|upkeep
|
|t:|1783350285
|switch|p1b: Kangaskhan|Kangaskhan-Mega, L50, F|87/100
|switch|p1a: Raichu|Raichu, L50, F|100/100
|turn|4
|
|t:|1783350301
|move|p2b: Whimsicott|Protect|p2b: Whimsicott
|-singleturn|p2b: Whimsicott|Protect
|move|p2a: Froslass|Protect|p2a: Froslass
|-singleturn|p2a: Froslass|Protect
|move|p1a: Raichu|Fake Out|p2b: Whimsicott
|-activate|p2b: Whimsicott|move: Protect
|move|p1b: Kangaskhan|Last Resort||[still]
|-fail|p1b: Kangaskhan
|
|-weather|Snowscape|[upkeep]
|upkeep
|turn|5
|-message|TsitOoO forfeited.
|raw|TsitOoO's rating: 1026 → 1011(-15 for losing)
|raw|GenoxVGC's rating: 1000 → 1043(+43 for winning)
|
|win|GenoxVGC
|l|☆TsitOoO
|player|p1|
