|j|☆ThierryVGC
|j|☆gargatest
|html|ThierryVGCgargatest    
|uhtml|bestof|Game 2 of a best-of-3
|t:|1756467822
|gametype|doubles
|player|p1|ThierryVGC|101|1125
|player|p2|gargatest|cyclist|1125
|gen|9
|tier|[Gen 9] VGC 2025 Reg H (Bo3)
|rated|
|rule|Species Clause: Limit one of each Pokémon
|rule|Item Clause: Limit 1 of each item
|clearpoke
|poke|p1|Garchomp, L50, M|
|poke|p1|Drifblim, L50, F|
|poke|p1|Indeedee, L50, M|
|poke|p1|Sneasler, L50, M|
|poke|p1|Corviknight, L50, F|
|poke|p1|Rotom-Wash, L50|
|poke|p2|Gyarados, L50, M|
|poke|p2|Sneasler, L50, M|
|poke|p2|Indeedee, L50, M|
|poke|p2|Volcarona, L50, F|
|poke|p2|Ursaluna-Bloodmoon, L50, M|
|poke|p2|Tyranitar, L50, M|
|teampreview|4
|showteam|p1|Garchomp||LifeOrb|RoughSkin|Earthquake,StompingTantrum,DragonClaw,Protect|||M|||50|,,,,,Ground]Drifblim||PsychicSeed|Unburden|Acrobatics,Disable,Tailwind,Haze|||F|||50|,,,,,Grass]Indeedee||FocusSash|PsychicSurge|ExpandingForce,TeraBlast,Imprison,TrickRoom|||M|||50|,,,,,Ground]Sneasler||WhiteHerb|Unburden|DireClaw,CloseCombat,ThroatChop,Protect|||M|||50|,,,,,Dark]Corviknight||LumBerry|MirrorArmor|BraveBird,BodyPress,BulkUp,Roost|||F|||50|,,,,,Dragon]Rotom-Wash||SafetyGoggles|Levitate|Thunderbolt,HydroPump,WillOWisp,Protect||||||50|,,,,,Electric
|showteam|p2|Gyarados||SafetyGoggles|Intimidate|Taunt,ThunderWave,Waterfall,Protect|||M|||50|,,,,,Steel]Sneasler||PsychicSeed|Unburden|CloseCombat,DireClaw,ThroatChop,Protect|||M|||50|,,,,,Dark]Indeedee||ChoiceScarf|PsychicSurge|ExpandingForce,TeraBlast,Trick,Protect|||M|||50|,,,,,Psychic]Volcarona||SitrusBerry|FlameBody|Overheat,StruggleBug,RagePowder,Tailwind|||F|||50|,,,,,Grass]Ursaluna-Bloodmoon||LifeOrb|MindsEye|HyperVoice,BloodMoon,EarthPower,Protect|||M|||50|,,,,,Normal]Tyranitar||AssaultVest|SandStream|LowKick,TeraBlast,KnockOff,RockSlide|||M|||50|,,,,,Flying
|
|t:|1756467843
|teamsize|p1|4
|teamsize|p2|4
|start
|switch|p1a: Rotom|Rotom-Wash, L50|100/100
|switch|p1b: Sneasler|Sneasler, L50, M|100/100
|switch|p2a: Gyarados|Gyarados, L50, M, shiny|100/100
|switch|p2b: Tyranitar|Tyranitar, L50, M, shiny|100/100
|-ability|p2a: Gyarados|Intimidate|boost
|-unboost|p1a: Rotom|atk|1
|-unboost|p1b: Sneasler|atk|1
|-weather|Sandstorm|[from] ability: Sand Stream|[of] p2b: Tyranitar
|-enditem|p1b: Sneasler|White Herb
|-clearnegativeboost|p1b: Sneasler|[silent]
|turn|1
|
|t:|1756467869
|switch|p2a: Volcarona|Volcarona, L50, F, shiny|100/100
|move|p1b: Sneasler|Protect|p1b: Sneasler
|-singleturn|p1b: Sneasler|Protect
|move|p1a: Rotom|Will-O-Wisp|p2b: Tyranitar
|-status|p2b: Tyranitar|brn
|move|p2b: Tyranitar|Rock Slide|p1a: Rotom|[spread] p1a
|-activate|p1b: Sneasler|move: Protect
|-crit|p1a: Rotom
|-damage|p1a: Rotom|74/100
|
|-weather|Sandstorm|[upkeep]
|-damage|p1b: Sneasler|95/100|[from] Sandstorm
|-damage|p2a: Volcarona|94/100|[from] Sandstorm
|-damage|p2b: Tyranitar|95/100 brn|[from] brn
|upkeep
|turn|2
|
|t:|1756467900
|move|p1b: Sneasler|Dire Claw|p2a: Volcarona
|-damage|p2a: Volcarona|45/100
|-status|p2a: Volcarona|psn
|-status|p1b: Sneasler|brn|[from] ability: Flame Body|[of] p2a: Volcarona
|-enditem|p2a: Volcarona|Sitrus Berry|[eat]
|-heal|p2a: Volcarona|70/100 psn|[from] item: Sitrus Berry
|move|p2a: Volcarona|Tailwind|p2a: Volcarona
|-sidestart|p2: gargatest|move: Tailwind
|move|p2b: Tyranitar|Knock Off|p1a: Rotom
|-damage|p1a: Rotom|45/100
|-enditem|p1a: Rotom|Safety Goggles|[from] move: Knock Off|[of] p2b: Tyranitar
|move|p1a: Rotom|Thunderbolt|p2a: Volcarona
|-damage|p2a: Volcarona|37/100 psn
|
|-weather|Sandstorm|[upkeep]
|-damage|p1b: Sneasler|89/100 brn|[from] Sandstorm
|-damage|p2a: Volcarona|31/100 psn|[from] Sandstorm
|-damage|p1a: Rotom|39/100|[from] Sandstorm
|-damage|p2a: Volcarona|18/100 psn|[from] psn
|-damage|p1b: Sneasler|83/100 brn|[from] brn
|-damage|p2b: Tyranitar|89/100 brn|[from] brn
|upkeep
|turn|3
|
|t:|1756467930
|switch|p2b: Indeedee|Indeedee, L50, M, shiny|100/100
|-fieldstart|move: Psychic Terrain|[from] ability: Psychic Surge|[of] p2b: Indeedee
|move|p1b: Sneasler|Protect|p1b: Sneasler
|-singleturn|p1b: Sneasler|Protect
|move|p1a: Rotom|Protect|p1a: Rotom
|-singleturn|p1a: Rotom|Protect
|move|p2a: Volcarona|Overheat|p1b: Sneasler
|-activate|p1b: Sneasler|move: Protect
|
|-weather|Sandstorm|[upkeep]
|-damage|p2b: Indeedee|95/100|[from] Sandstorm
|-damage|p1b: Sneasler|78/100 brn|[from] Sandstorm
|-damage|p2a: Volcarona|12/100 psn|[from] Sandstorm
|-damage|p1a: Rotom|34/100|[from] Sandstorm
|-damage|p2a: Volcarona|0 fnt|[from] psn
|faint|p2a: Volcarona
|-damage|p1b: Sneasler|72/100 brn|[from] brn
|upkeep
|
|t:|1756467937
|switch|p2a: Gyarados|Gyarados, L50, M, shiny|100/100
|-ability|p2a: Gyarados|Intimidate|boost
|-unboost|p1a: Rotom|atk|1
|-unboost|p1b: Sneasler|atk|1
|turn|4
|
|t:|1756467954
|-terastallize|p1b: Sneasler|Dark
|move|p2b: Indeedee|Expanding Force|p1a: Rotom|[spread] p1a
|-immune|p1b: Sneasler
|-damage|p1a: Rotom|0 fnt
|faint|p1a: Rotom
|move|p1b: Sneasler|Throat Chop|p2b: Indeedee
|-supereffective|p2b: Indeedee
|-damage|p2b: Indeedee|33/100
|-start|p2b: Indeedee|Throat Chop|[silent]
|move|p2a: Gyarados|Waterfall|p1b: Sneasler
|-damage|p1b: Sneasler|22/100 brn
|
|-weather|Sandstorm|[upkeep]
|-damage|p2b: Indeedee|27/100|[from] Sandstorm
|-damage|p1b: Sneasler|16/100 brn|[from] Sandstorm
|-damage|p1b: Sneasler|11/100 brn|[from] brn
|upkeep
|
|t:|1756467970
|switch|p1a: Garchomp|Garchomp, L50, M|100/100
|turn|5
|
|t:|1756468002
|switch|p2b: Tyranitar|Tyranitar, L50, M, shiny|89/100 brn
|move|p1b: Sneasler|Protect|p1b: Sneasler
|-singleturn|p1b: Sneasler|Protect
|move|p1a: Garchomp|Protect|p1a: Garchomp
|-singleturn|p1a: Garchomp|Protect
|move|p2a: Gyarados|Waterfall|p1b: Sneasler
|-activate|p1b: Sneasler|move: Protect
|
|-weather|none
|-damage|p1b: Sneasler|5/100 brn|[from] brn
|-damage|p2b: Tyranitar|83/100 brn|[from] brn
|-sideend|p2: gargatest|move: Tailwind
|upkeep
|turn|6
|
|t:|1756468027
|-terastallize|p2b: Tyranitar|Flying
|move|p1b: Sneasler|Close Combat|p2b: Tyranitar
|-resisted|p2b: Tyranitar
|-damage|p2b: Tyranitar|74/100 brn
|-unboost|p1b: Sneasler|def|1
|-unboost|p1b: Sneasler|spd|1
|move|p1a: Garchomp|Dragon Claw|p2b: Tyranitar
|-damage|p2b: Tyranitar|29/100 brn
|-damage|p1a: Garchomp|91/100|[from] item: Life Orb
|move|p2a: Gyarados|Waterfall|p1a: Garchomp
|-damage|p1a: Garchomp|57/100
|-damage|p2a: Gyarados|88/100|[from] ability: Rough Skin|[of] p1a: Garchomp
|move|p2b: Tyranitar|Knock Off|p1a: Garchomp
|-damage|p1a: Garchomp|29/100
|-damage|p2b: Tyranitar|17/100 brn|[from] ability: Rough Skin|[of] p1a: Garchomp
|-enditem|p1a: Garchomp|Life Orb|[from] move: Knock Off|[of] p2b: Tyranitar
|
|-damage|p1b: Sneasler|0 fnt|[from] brn
|faint|p1b: Sneasler
|-damage|p2b: Tyranitar|11/100 brn|[from] brn
|upkeep
|
|t:|1756468040
|switch|p1b: Indeedee|Indeedee, L50, M|100/100
|turn|7
|
|t:|1756468056
|switch|p2b: Indeedee|Indeedee, L50, M, shiny|27/100
|move|p1a: Garchomp|Dragon Claw|p2a: Gyarados
|-damage|p2a: Gyarados|52/100
|move|p1b: Indeedee|Expanding Force|p2b: Indeedee|[spread] p2a,p2b
|-resisted|p2b: Indeedee
|-damage|p2a: Gyarados|3/100
|-damage|p2b: Indeedee|0 fnt
|faint|p2b: Indeedee
|move|p2a: Gyarados|Waterfall|p1a: Garchomp
|-damage|p1a: Garchomp|0 fnt
|-damage|p2a: Gyarados|0 fnt|[from] ability: Rough Skin|[of] p1a: Garchomp
|faint|p1a: Garchomp
|faint|p2a: Gyarados
|
|-fieldend|move: Psychic Terrain
|upkeep
|
|t:|1756468065
|switch|p2b: Tyranitar|Tyranitar, L50, M, shiny, tera:Flying|11/100 brn
|-weather|Sandstorm|[from] ability: Sand Stream|[of] p2b: Tyranitar
|turn|8
|
|t:|1756468072
|move|p1b: Indeedee|Expanding Force|p2b: Tyranitar
|-damage|p2b: Tyranitar|0 fnt
|faint|p2b: Tyranitar
|
|win|ThierryVGC
||ThierryVGC is ready for game 3.
||gargatest is ready for game 3.
|uhtml|next|Next: Game 3 of 3
