|j|☆tozireaction
|j|☆EmiALCT
|html|tozireactionEmiALCT    
|uhtml|bestof|Game 2 of a best-of-3
|t:|1757743567
|gametype|doubles
|player|p1|tozireaction|artist|
|player|p2|EmiALCT|benga|
|gen|9
|tier|[Gen 9] VGC 2025 Reg H (Bo3)
|rule|Species Clause: Limit one of each Pokémon
|rule|Item Clause: Limit 1 of each item
|clearpoke
|poke|p1|Incineroar, L50, M|
|poke|p1|Pelipper, L50, F|
|poke|p1|Basculegion, L50, M|
|poke|p1|Amoonguss, L50, M|
|poke|p1|Maushold-Four, L50|
|poke|p1|Archaludon, L50, M|
|poke|p2|Ursaluna, L50, M|
|poke|p2|Indeedee-F, L50, F|
|poke|p2|Exeggutor, L50, F|
|poke|p2|Torkoal, L50, F|
|poke|p2|Gallade, L50, M|
|poke|p2|Zoroark-Hisui, L50, F|
|teampreview|4
|showteam|p1|Incineroar||SafetyGoggles|Intimidate|FakeOut,FlareBlitz,KnockOff,PartingShot|||M|||50|,,,,,Ghost]Pelipper||FocusSash|Drizzle|Hurricane,WeatherBall,Tailwind,Protect|||F|||50|,,,,,Ghost]Basculegion||MysticWater|SwiftSwim|Protect,WaveCrash,AquaJet,LastRespects|||M|||50|,,,,,Water]Amoonguss||SitrusBerry|Regenerator|Spore,RagePowder,PollenPuff,ClearSmog|||M|||50|,,,,,Water]Maushold-Four||WideLens|Technician|PopulationBomb,FollowMe,Taunt,Protect||||||50|,,,,,Grass]Archaludon||AssaultVest|Stamina|ElectroShot,DragonPulse,FlashCannon,BodyPress|||M|||50|,,,,,Grass
|showteam|p2|Ursaluna||FlameOrb|Guts|Protect,Facade,Earthquake,HeadlongRush|||M|||50|,,,,,Ghost]Indeedee-F||PsychicSeed|PsychicSurge|TrickRoom,Psychic,FollowMe,HelpingHand|||F|||50|,,,,,Grass]Exeggutor||FocusSash|Chlorophyll|TrickRoom,ExpandingForce,EnergyBall,SleepPowder|||F|||50|,,,,,Psychic]Torkoal||Charcoal|Drought|Eruption,ClearSmog,Protect,WeatherBall|||F|||50|,,,,,Fire]Gallade||ClearAmulet|Sharpness|PsychoCut,TrickRoom,WideGuard,SacredSword|||M|||50|,,,,,Fire]Zoroark-Hisui||ChoiceSpecs|Illusion|HyperVoice,Flamethrower,ShadowBall,TeraBlast|||F|||50|,,,,,Stellar
|
|t:|1757743585
|teamsize|p1|4
|teamsize|p2|4
|start
|switch|p1a: Maushold|Maushold-Four, L50|100/100
|switch|p1b: Archaludon|Archaludon, L50, M|100/100
|switch|p2a: Indeedee|Indeedee-F, L50, F|100/100
|switch|p2b: Torkoal|Torkoal, L50, F|100/100
|-fieldstart|move: Psychic Terrain|[from] ability: Psychic Surge|[of] p2a: Indeedee
|-enditem|p2a: Indeedee|Psychic Seed
|-boost|p2a: Indeedee|spd|1|[from] item: Psychic Seed
|turn|1
|
|t:|1757743633
|move|p1a: Maushold|Population Bomb|p2b: Torkoal
|-immune|p2b: Torkoal
|move|p2b: Torkoal|Flamethrower|p1b: Archaludon
|-damage|p1b: Archaludon|69/100
|-ability|p1b: Archaludon|Stamina|boost
|-boost|p1b: Archaludon|def|1
|move|p1b: Archaludon|Dragon Pulse|p2b: Torkoal
|-damage|p2b: Torkoal|15/100
|replace|p2b: Zoroark|Zoroark-Hisui, L50, F
|-end|p2b: Zoroark|Illusion
|move|p2a: Indeedee|Psychic|p1a: Maushold
|-damage|p1a: Maushold|38/100
|
|upkeep
|turn|2
|
|t:|1757743658
|move|p2a: Indeedee|Helping Hand|p2b: Zoroark
|-singleturn|p2b: Zoroark|Helping Hand|[of] p2a: Indeedee
|move|p1a: Maushold|Population Bomb|p1b: Archaludon
|-resisted|p1b: Archaludon
|-damage|p1b: Archaludon|66/100
|-ability|p1b: Archaludon|Stamina|boost
|-boost|p1b: Archaludon|def|1
|-resisted|p1b: Archaludon
|-damage|p1b: Archaludon|64/100
|-ability|p1b: Archaludon|Stamina|boost
|-boost|p1b: Archaludon|def|1
|-resisted|p1b: Archaludon
|-damage|p1b: Archaludon|63/100
|-ability|p1b: Archaludon|Stamina|boost
|-boost|p1b: Archaludon|def|1
|-resisted|p1b: Archaludon
|-damage|p1b: Archaludon|61/100
|-ability|p1b: Archaludon|Stamina|boost
|-boost|p1b: Archaludon|def|1
|-resisted|p1b: Archaludon
|-damage|p1b: Archaludon|60/100
|-ability|p1b: Archaludon|Stamina|boost
|-boost|p1b: Archaludon|def|1
|-resisted|p1b: Archaludon
|-damage|p1b: Archaludon|59/100
|-resisted|p1b: Archaludon
|-damage|p1b: Archaludon|58/100
|-resisted|p1b: Archaludon
|-damage|p1b: Archaludon|57/100
|-resisted|p1b: Archaludon
|-damage|p1b: Archaludon|56/100
|-resisted|p1b: Archaludon
|-damage|p1b: Archaludon|55/100
|-hitcount|p1b: Archaludon|10
|move|p2b: Zoroark|Flamethrower|p1b: Archaludon
|-crit|p1b: Archaludon
|-damage|p1b: Archaludon|0 fnt
|faint|p1b: Archaludon
|
|upkeep
|j| sam smithy
|
|t:|1757743689
|switch|p1b: Incineroar|Incineroar, L50, M|100/100
|-ability|p1b: Incineroar|Intimidate|boost
|-unboost|p2a: Indeedee|atk|1
|-unboost|p2b: Zoroark|atk|1
|turn|3
|
|t:|1757743703
|move|p1a: Maushold|Population Bomb|p2a: Indeedee
|-damage|p2a: Indeedee|90/100
|-damage|p2a: Indeedee|78/100
|-damage|p2a: Indeedee|67/100
|-damage|p2a: Indeedee|56/100
|-damage|p2a: Indeedee|45/100
|-damage|p2a: Indeedee|34/100
|-damage|p2a: Indeedee|22/100
|-damage|p2a: Indeedee|11/100
|-damage|p2a: Indeedee|1/100
|-damage|p2a: Indeedee|0 fnt
|faint|p2a: Indeedee
|-hitcount|p2: Indeedee|10
|move|p2b: Zoroark|Flamethrower|p1a: Maushold
|-damage|p1a: Maushold|0 fnt
|faint|p1a: Maushold
|move|p1b: Incineroar|Knock Off|p2b: Zoroark
|-supereffective|p2b: Zoroark
|-damage|p2b: Zoroark|0 fnt
|-enditem|p2b: Zoroark|Choice Specs|[from] move: Knock Off|[of] p1b: Incineroar
|faint|p2b: Zoroark
|
|upkeep
|
|t:|1757743725
|switch|p1a: Pelipper|Pelipper, L50, F|100/100
|switch|p2b: Torkoal|Torkoal, L50, F|100/100
|switch|p2a: Ursaluna|Ursaluna, L50, M|100/100
|-weather|RainDance|[from] ability: Drizzle|[of] p1a: Pelipper
|-weather|SunnyDay|[from] ability: Drought|[of] p2b: Torkoal
|turn|4
|l| sam smithy
|
|t:|1757743758
|-terastallize|p1b: Incineroar|Ghost
|move|p2b: Torkoal|Protect|p2b: Torkoal
|-singleturn|p2b: Torkoal|Protect
|move|p1a: Pelipper|Hurricane|p2a: Ursaluna|[miss]
|-miss|p1a: Pelipper|p2a: Ursaluna
|move|p1b: Incineroar|Knock Off|p2a: Ursaluna
|-damage|p2a: Ursaluna|67/100
|-enditem|p2a: Ursaluna|Flame Orb|[from] move: Knock Off|[of] p1b: Incineroar
|move|p2a: Ursaluna|Headlong Rush|p1b: Incineroar
|-damage|p1b: Incineroar|29/100
|-unboost|p2a: Ursaluna|def|1
|-unboost|p2a: Ursaluna|spd|1
|
|-weather|SunnyDay|[upkeep]
|upkeep
|turn|5
|
|t:|1757743781
|move|p2a: Ursaluna|Protect|p2a: Ursaluna
|-singleturn|p2a: Ursaluna|Protect
|move|p1a: Pelipper|Hurricane|p2b: Torkoal
|-damage|p2b: Torkoal|38/100
|move|p1b: Incineroar|Parting Shot|p2b: Torkoal
|-unboost|p2b: Torkoal|atk|1
|-unboost|p2b: Torkoal|spa|1
|move|p2b: Torkoal|Weather Ball|p1b: Incineroar
|-damage|p1b: Incineroar|0 fnt
|faint|p1b: Incineroar
|
|-weather|SunnyDay|[upkeep]
|-fieldend|move: Psychic Terrain
|upkeep
|turn|6
|
|t:|1757743807
|-terastallize|p2a: Ursaluna|Ghost
|move|p2b: Torkoal|Protect|p2b: Torkoal
|-singleturn|p2b: Torkoal|Protect
|move|p1a: Pelipper|Hurricane|p2a: Ursaluna|[miss]
|-miss|p1a: Pelipper|p2a: Ursaluna
|move|p2a: Ursaluna|Facade|p1a: Pelipper
|-damage|p1a: Pelipper|49/100
|
|-weather|SunnyDay|[upkeep]
|upkeep
|turn|7
|
|t:|1757743821
|move|p1a: Pelipper|Protect|p1a: Pelipper
|-singleturn|p1a: Pelipper|Protect
|move|p2a: Ursaluna|Facade|p1a: Pelipper
|-activate|p1a: Pelipper|move: Protect
|move|p2b: Torkoal|Weather Ball|p1a: Pelipper
|-activate|p1a: Pelipper|move: Protect
|
|-weather|SunnyDay|[upkeep]
|upkeep
|turn|8
|
|t:|1757743832
|move|p1a: Pelipper|Hurricane|p2a: Ursaluna|[miss]
|-miss|p1a: Pelipper|p2a: Ursaluna
|move|p2a: Ursaluna|Facade|p1a: Pelipper
|-damage|p1a: Pelipper|0 fnt
|faint|p1a: Pelipper
|
|win|EmiALCT
||tozireaction is ready for game 3.
||EmiALCT is ready for game 3.
|uhtml|next|Next: Game 3 of 3
