|j|☆embajador
|j|☆RamonTheKiller
|html|embajadorRamonTheKiller    
|uhtml|bestof|Game 2 of a best-of-3
|t:|1756846113
|gametype|doubles
|player|p1|embajador|dawn|1168
|player|p2|RamonTheKiller|palmer|1217
|gen|9
|tier|[Gen 9] VGC 2025 Reg H (Bo3)
|rated|
|rule|Species Clause: Limit one of each Pokémon
|rule|Item Clause: Limit 1 of each item
|clearpoke
|poke|p1|Indeedee-F, L50, F|
|poke|p1|Hatterene, L50, F|
|poke|p1|Gallade, L50, M|
|poke|p1|Ursaluna, L50, M|
|poke|p1|Lilligant-Hisui, L50, F|
|poke|p1|Torkoal, L50, M|
|poke|p2|Incineroar, L50, F|
|poke|p2|Amoonguss, L50, M|
|poke|p2|Gholdengo, L50|
|poke|p2|Dragonite, L50, M|
|poke|p2|Sneasler, L50, F|
|poke|p2|Primarina, L50, M|
|teampreview|4
|showteam|p1|Indeedee-F||PsychicSeed|PsychicSurge|TrickRoom,FollowMe,HelpingHand,DazzlingGleam|||F|||50|,,,,,Fire]Hatterene||LifeOrb|MagicBounce|ExpandingForce,TrickRoom,DazzlingGleam,Protect|||F|||50|,,,,,Psychic]Gallade||ClearAmulet|Sharpness|PsychoCut,TrickRoom,SacredSword,WideGuard|||M|||50|,,,,,Grass]Ursaluna||FlameOrb|Guts|HeadlongRush,Facade,SwordsDance,Protect|||M|||50|,,,,,Ghost]Lilligant-Hisui||FocusSash|Chlorophyll|SolarBlade,SleepPowder,CloseCombat,AfterYou|||F|||50|,,,,,Ghost]Torkoal||ChoiceSpecs|Drought|Eruption,HeatWave,WeatherBall,EarthPower|||M|||50|,,,,,Fire
|showteam|p2|Incineroar||SafetyGoggles|Intimidate|KnockOff,FakeOut,PartingShot,FlareBlitz|||F|||50|,,,,,Ghost]Amoonguss||RockyHelmet|Regenerator|RagePowder,PollenPuff,Spore,Protect|||M|||50|,,,,,Fairy]Gholdengo||LifeOrb|GoodasGold|MakeItRain,ShadowBall,NastyPlot,Protect||||||50|,,,,,Water]Dragonite||LoadedDice|Multiscale|ScaleShot,Protect,Tailwind,Haze|||M|||50|,,,,,Fairy]Sneasler||FocusSash|Unburden|DireClaw,CloseCombat,Protect,ThroatChop|||F|||50|,,,,,Stellar]Primarina||AssaultVest|LiquidVoice|HyperVoice,Moonblast,IcyWind,TeraBlast|||M|||50|,,,,,Poison
|inactive|Battle timer is ON: inactive players will automatically lose when time's up. (requested by embajador)
|inactive|embajador has 60 seconds left.
|
|t:|1756846164
|teamsize|p1|4
|teamsize|p2|4
|start
|switch|p1a: 紫竽超可愛|Indeedee-F, L50, F, shiny|100/100
|switch|p1b: 紫竽敲可愛|Hatterene, L50, F, shiny|100/100
|switch|p2a: Amoonguss|Amoonguss, L50, M|100/100
|switch|p2b: Gholdengo|Gholdengo, L50|100/100
|-fieldstart|move: Psychic Terrain|[from] ability: Psychic Surge|[of] p1a: 紫竽超可愛
|-enditem|p1a: 紫竽超可愛|Psychic Seed
|-boost|p1a: 紫竽超可愛|spd|1|[from] item: Psychic Seed
|turn|1
|inactive|embajador has 30 seconds left.
|
|t:|1756846195
|-terastallize|p1b: 紫竽敲可愛|Psychic
|move|p1a: 紫竽超可愛|Follow Me|p1a: 紫竽超可愛
|-singleturn|p1a: 紫竽超可愛|move: Follow Me
|move|p2b: Gholdengo|Nasty Plot|p2b: Gholdengo
|-boost|p2b: Gholdengo|spa|2
|move|p2a: Amoonguss|Spore|p1a: 紫竽超可愛
|-status|p1a: 紫竽超可愛|slp|[from] move: Spore
|move|p1b: 紫竽敲可愛|Expanding Force|p2a: Amoonguss|[spread] p2a,p2b
|-supereffective|p2a: Amoonguss
|-crit|p2a: Amoonguss
|-resisted|p2b: Gholdengo
|-damage|p2a: Amoonguss|0 fnt
|-damage|p2b: Gholdengo|37/100
|faint|p2a: Amoonguss
|-damage|p1b: 紫竽敲可愛|91/100|[from] item: Life Orb
|
|upkeep
|
|t:|1756846213
|switch|p2a: Primarina|Primarina, L50, M|100/100
|turn|2
|
|t:|1756846223
|move|p1b: 紫竽敲可愛|Protect|p1b: 紫竽敲可愛
|-singleturn|p1b: 紫竽敲可愛|Protect
|move|p2b: Gholdengo|Make It Rain|p1b: 紫竽敲可愛|[spread] p1a
|-activate|p1b: 紫竽敲可愛|move: Protect
|-damage|p1a: 紫竽超可愛|17/100 slp
|-unboost|p2b: Gholdengo|spa|1
|-damage|p2b: Gholdengo|28/100|[from] item: Life Orb
|move|p2a: Primarina|Hyper Voice|p1a: 紫竽超可愛|[spread] p1a
|-activate|p1b: 紫竽敲可愛|move: Protect
|-damage|p1a: 紫竽超可愛|0 fnt
|faint|p1a: 紫竽超可愛
|
|upkeep
|
|t:|1756846244
|switch|p1a: 一拳月月熊|Ursaluna, L50, M, shiny|100/100
|turn|3
|
|t:|1756846254
|move|p1a: 一拳月月熊|Protect|p1a: 一拳月月熊
|-singleturn|p1a: 一拳月月熊|Protect
|move|p2b: Gholdengo|Make It Rain|p1a: 一拳月月熊|[spread] p1b
|-activate|p1a: 一拳月月熊|move: Protect
|-damage|p1b: 紫竽敲可愛|0 fnt
|-unboost|p2b: Gholdengo|spa|1
|faint|p1b: 紫竽敲可愛
|-damage|p2b: Gholdengo|18/100|[from] item: Life Orb
|move|p2a: Primarina|Hyper Voice|p1a: 一拳月月熊
|-activate|p1a: 一拳月月熊|move: Protect
|
|-status|p1a: 一拳月月熊|brn|[from] item: Flame Orb
|upkeep
|
|t:|1756846265
|switch|p1b: 太樂巴戈斯|Torkoal, L50, M, shiny|100/100
|-weather|SunnyDay|[from] ability: Drought|[of] p1b: 太樂巴戈斯
|turn|4
|
|t:|1756846276
|move|p2b: Gholdengo|Protect|p2b: Gholdengo
|-singleturn|p2b: Gholdengo|Protect
|move|p2a: Primarina|Hyper Voice|p1a: 一拳月月熊|[spread] p1a,p1b
|-supereffective|p1a: 一拳月月熊
|-supereffective|p1b: 太樂巴戈斯
|-damage|p1a: 一拳月月熊|72/100 brn
|-damage|p1b: 太樂巴戈斯|55/100
|move|p1a: 一拳月月熊|Facade|p2a: Primarina
|-damage|p2a: Primarina|0 fnt
|faint|p2a: Primarina
|move|p1b: 太樂巴戈斯|Heat Wave|p2b: Gholdengo
|-activate|p2b: Gholdengo|move: Protect
|
|-weather|SunnyDay|[upkeep]
|-damage|p1a: 一拳月月熊|66/100 brn|[from] brn
|upkeep
|
|t:|1756846292
|switch|p2a: Incineroar|Incineroar, L50, F|100/100
|-ability|p2a: Incineroar|Intimidate|boost
|-unboost|p1a: 一拳月月熊|atk|1
|-unboost|p1b: 太樂巴戈斯|atk|1
|turn|5
|
|t:|1756846308
|-terastallize|p2a: Incineroar|Ghost
|move|p2b: Gholdengo|Make It Rain|p1a: 一拳月月熊|[spread] p1a,p1b
|-resisted|p1b: 太樂巴戈斯
|-damage|p1a: 一拳月月熊|15/100 brn
|-damage|p1b: 太樂巴戈斯|16/100
|-unboost|p2b: Gholdengo|spa|1
|-damage|p2b: Gholdengo|9/100|[from] item: Life Orb
|move|p2a: Incineroar|Knock Off|p1b: 太樂巴戈斯
|-damage|p1b: 太樂巴戈斯|0 fnt
|-enditem|p1b: 太樂巴戈斯|Choice Specs|[from] move: Knock Off|[of] p2a: Incineroar
|faint|p1b: 太樂巴戈斯
|move|p1a: 一拳月月熊|Headlong Rush|p2b: Gholdengo
|-supereffective|p2b: Gholdengo
|-damage|p2b: Gholdengo|0 fnt
|-unboost|p1a: 一拳月月熊|def|1
|-unboost|p1a: 一拳月月熊|spd|1
|faint|p2b: Gholdengo
|
|-weather|SunnyDay|[upkeep]
|-damage|p1a: 一拳月月熊|9/100 brn|[from] brn
|-fieldend|move: Psychic Terrain
|upkeep
|turn|6
|inactive|RamonTheKiller has 30 seconds left.
|
|t:|1756846333
|move|p2a: Incineroar|Knock Off|p1a: 一拳月月熊
|-damage|p1a: 一拳月月熊|0 fnt
|-enditem|p1a: 一拳月月熊|Flame Orb|[from] move: Knock Off|[of] p2a: Incineroar
|faint|p1a: 一拳月月熊
|
|win|RamonTheKiller
||embajador is ready for game 3.
|inactive|RamonTheKiller has 30 seconds to confirm battle start!
