|j|☆BaronAaronVGC
|j|☆MrTedno
|html|BaronAaronVGCMrTedno    
|uhtml|bestof|Game 2 of a best-of-3
|t:|1756160462
|gametype|doubles
|player|p1|BaronAaronVGC|ghetsis|1168
|player|p2|MrTedno|barry|1212
|gen|9
|tier|[Gen 9] VGC 2025 Reg H (Bo3)
|rated|
|rule|Species Clause: Limit one of each Pokémon
|rule|Item Clause: Limit 1 of each item
|clearpoke
|poke|p1|Garchomp, L50, F|
|poke|p1|Typhlosion-Hisui, L50, M|
|poke|p1|Torkoal, L50, M|
|poke|p1|Jumpluff, L50, M|
|poke|p1|Kingambit, L50, F|
|poke|p1|Dragonite, L50, M|
|poke|p2|Dondozo, L50, F|
|poke|p2|Tatsugiri, L50, M|
|poke|p2|Politoed, L50, F|
|poke|p2|Archaludon, L50, M|
|poke|p2|Amoonguss, L50, F|
|poke|p2|Overqwil, L50, F|
|teampreview|4
|showteam|p1|Garchomp||LifeOrb|RoughSkin|StompingTantrum,Earthquake,DragonClaw,Protect|||F|||50|,,,,,Fire]Typhlosion-Hisui||ChoiceSpecs|Blaze|Eruption,HeatWave,Overheat,ShadowBall|||M|||50|,,,,,Fire]Torkoal||EjectPack|Drought|Overheat,HelpingHand,BurningJealousy,Protect|||M|||50|,,,,,Flying]Jumpluff||CovertCloak|Chlorophyll|SleepPowder,Tailwind,Encore,LeafStorm|||M|||50|,,,,,Poison]Kingambit||AssaultVest|Defiant|KowtowCleave,IronHead,SuckerPunch,LowKick|||F|||50|,,,,,Flying]Dragonite||LoadedDice|Multiscale|ScaleShot,ExtremeSpeed,IceSpinner,Protect|||M|||50|,,,,,Fairy
|showteam|p2|Dondozo||LifeOrb|Unaware|Surf,Protect,SleepTalk|||F|||50|,,,,,Water]Tatsugiri||FocusSash|Commander|DracoMeteor,Protect,MuddyWater,Taunt|||M|||50|,,,,,Stellar]Politoed||SitrusBerry|Drizzle|WeatherBall,IceBeam,Haze,Protect|||F|||50|,,,,,Ghost]Archaludon||AssaultVest|Stamina|BodyPress,ElectroShot,DragonPulse,FlashCannon|||M|||50|,,,,,Grass]Amoonguss||RockyHelmet|Regenerator|Spore,RagePowder,PollenPuff,Protect|||F|||50|,,,,,Fairy]Overqwil||ChoiceBand|SwiftSwim|PoisonJab,ThroatChop,Liquidation,PinMissile|||F|||50|,,,,,Ghost
|j| the winking dol
|inactive|Battle timer is ON: inactive players will automatically lose when time's up. (requested by BaronAaronVGC)
|
|t:|1756160527
|teamsize|p1|4
|teamsize|p2|4
|start
|switch|p1a: Torkoal|Torkoal, L50, M|100/100
|switch|p1b: Jumpluff|Jumpluff, L50, M|100/100
|switch|p2a: Shellington|Overqwil, L50, F|100/100
|switch|p2b: Barnacles|Archaludon, L50, M|100/100
|-weather|SunnyDay|[from] ability: Drought|[of] p1a: Torkoal
|turn|1
|inactive|MrTedno has 30 seconds left.
|
|t:|1756160556
|switch|p2b: Tweak|Politoed, L50, F|100/100
|-weather|RainDance|[from] ability: Drizzle|[of] p2b: Tweak
|move|p2a: Shellington|Liquidation|p1a: Torkoal
|-supereffective|p1a: Torkoal
|-damage|p1a: Torkoal|6/100
|move|p1b: Jumpluff|Tailwind|p1b: Jumpluff
|-sidestart|p1: BaronAaronVGC|move: Tailwind
|move|p1a: Torkoal|Overheat|p2a: Shellington
|-damage|p2a: Shellington|55/100
|-unboost|p1a: Torkoal|spa|2
|-enditem|p1a: Torkoal|Eject Pack
|
|t:|1756160570
|switch|p1a: Typhlosion|Typhlosion-Hisui, L50, M|100/100
|
|-weather|RainDance|[upkeep]
|upkeep
|turn|2
|inactive|MrTedno has 30 seconds left.
|inactive|MrTedno has 20 seconds left.
|inactive|MrTedno has 15 seconds left.
|
|t:|1756160611
|switch|p1b: Torkoal|Torkoal, L50, M|6/100
|-weather|SunnyDay|[from] ability: Drought|[of] p1b: Torkoal
|-terastallize|p1a: Typhlosion|Fire
|move|p1a: Typhlosion|Eruption|p2a: Shellington|[spread] p2a,p2b
|-resisted|p2b: Tweak
|-damage|p2a: Shellington|0 fnt
|-damage|p2b: Tweak|41/100
|-enditem|p2b: Tweak|Sitrus Berry|[eat]
|-heal|p2b: Tweak|66/100|[from] item: Sitrus Berry
|faint|p2a: Shellington
|move|p2b: Tweak|Ice Beam|p1b: Torkoal
|-resisted|p1b: Torkoal
|-crit|p1b: Torkoal
|-damage|p1b: Torkoal|0 fnt
|faint|p1b: Torkoal
|
|-weather|SunnyDay|[upkeep]
|upkeep
|
|t:|1756160628
|switch|p2a: Peso|Tatsugiri, L50, M|100/100
|switch|p1b: Kingambit|Kingambit, L50, F|100/100
|turn|3
|
|t:|1756160644
|switch|p2b: Barnacles|Archaludon, L50, M|100/100
|move|p2a: Peso|Protect|p2a: Peso
|-singleturn|p2a: Peso|Protect
|move|p1b: Kingambit|Sucker Punch||[still]
|-fail|p1b: Kingambit
|move|p1a: Typhlosion|Eruption|p2b: Barnacles|[spread] p2b
|-activate|p2a: Peso|move: Protect
|-damage|p2b: Barnacles|0 fnt
|faint|p2b: Barnacles
|
|-weather|SunnyDay|[upkeep]
|upkeep
|
|t:|1756160651
|switch|p2b: Tweak|Politoed, L50, F|66/100
|-weather|RainDance|[from] ability: Drizzle|[of] p2b: Tweak
|turn|4
|
|t:|1756160671
|move|p2a: Peso|Protect||[still]
|-fail|p2a: Peso
|move|p1b: Kingambit|Sucker Punch||[still]
|-fail|p1b: Kingambit
|move|p1a: Typhlosion|Eruption|p2a: Peso|[spread] p2a,p2b
|-resisted|p2a: Peso
|-resisted|p2b: Tweak
|-damage|p2a: Peso|83/100
|-damage|p2b: Tweak|45/100
|move|p2b: Tweak|Weather Ball|p1a: Typhlosion
|-supereffective|p1a: Typhlosion
|-damage|p1a: Typhlosion|0 fnt
|faint|p1a: Typhlosion
|
|-weather|RainDance|[upkeep]
|-sideend|p1: BaronAaronVGC|move: Tailwind
|upkeep
|
|t:|1756160684
|switch|p1a: Jumpluff|Jumpluff, L50, M|100/100
|turn|5
|
|t:|1756160707
|-terastallize|p2a: Peso|Stellar
|move|p1b: Kingambit|Sucker Punch|p2a: Peso
|-damage|p2a: Peso|6/100
|move|p1a: Jumpluff|Sleep Powder|p2b: Tweak
|-status|p2b: Tweak|slp|[from] move: Sleep Powder
|move|p2a: Peso|Muddy Water|p1a: Jumpluff|[spread] p1a,p1b
|-resisted|p1a: Jumpluff
|-damage|p1a: Jumpluff|68/100
|-damage|p1b: Kingambit|53/100
|-unboost|p1b: Kingambit|accuracy|1
|-ability|p1b: Kingambit|Defiant|boost
|-boost|p1b: Kingambit|atk|2
|cant|p2b: Tweak|slp
|
|-weather|RainDance|[upkeep]
|upkeep
|turn|6
|
|t:|1756160731
|move|p2a: Peso|Protect|p2a: Peso
|-singleturn|p2a: Peso|Protect
|move|p1b: Kingambit|Sucker Punch||[still]
|-fail|p1b: Kingambit
|move|p1a: Jumpluff|Leaf Storm|p2b: Tweak
|-supereffective|p2b: Tweak
|-damage|p2b: Tweak|3/100 slp
|-unboost|p1a: Jumpluff|spa|2
|cant|p2b: Tweak|slp
|
|-weather|RainDance|[upkeep]
|upkeep
|turn|7
|
|t:|1756160748
|move|p1a: Jumpluff|Leaf Storm|p2b: Tweak|[miss]
|-miss|p1a: Jumpluff|p2b: Tweak
|move|p2a: Peso|Muddy Water|p1b: Kingambit|[spread] p1a,p1b
|-resisted|p1a: Jumpluff
|-damage|p1a: Jumpluff|42/100
|-damage|p1b: Kingambit|23/100
|-unboost|p1b: Kingambit|accuracy|1
|-ability|p1b: Kingambit|Defiant|boost
|-boost|p1b: Kingambit|atk|2
|-curestatus|p2b: Tweak|slp|[msg]
|move|p2b: Tweak|Ice Beam|p1a: Jumpluff
|-supereffective|p1a: Jumpluff
|-damage|p1a: Jumpluff|0 fnt
|faint|p1a: Jumpluff
|move|p1b: Kingambit|Iron Head|p2a: Peso
|-resisted|p2a: Peso
|-damage|p2a: Peso|0 fnt
|faint|p2a: Peso
|
|-weather|RainDance|[upkeep]
|upkeep
|turn|8
|inactive|MrTedno has 30 seconds left.
|inactive|BaronAaronVGC has 30 seconds left.
|
|t:|1756160783
|move|p2b: Tweak|Weather Ball|p1b: Kingambit
|-damage|p1b: Kingambit|0 fnt
|faint|p1b: Kingambit
|
|win|MrTedno
|raw|BaronAaronVGC's rating: 1168 → 1146(-22 for losing)
|raw|MrTedno's rating: 1212 → 1234(+22 for winning)
|l|☆BaronAaronVGC
|player|p1|
|c|☆MrTedno|ggwp
