|j|☆ronansting
|j|☆Gambling42699
|html|ronanstingGambling42699    
|uhtml|bestof|Game 2 of a best-of-3
|t:|1754508808
|gametype|doubles
|player|p1|ronansting|baker|1342
|player|p2|Gambling42699|giovanni|1325
|gen|9
|tier|[Gen 9] VGC 2025 Reg H (Bo3)
|rated|
|rule|Species Clause: Limit one of each Pokémon
|rule|Item Clause: Limit 1 of each item
|clearpoke
|poke|p1|Archaludon, L50, F|
|poke|p1|Pelipper, L50, M|
|poke|p1|Indeedee, L50, M|
|poke|p1|Amoonguss, L50, F|
|poke|p1|Basculegion, L50, M|
|poke|p1|Hydreigon, L50, M|
|poke|p2|Ninetales-Alola, L50, F|
|poke|p2|Ursaluna-Bloodmoon, L50, M|
|poke|p2|Maushold-Four, L50|
|poke|p2|Annihilape, L50, F|
|poke|p2|Klefki, L50, M|
|poke|p2|Sinistcha-Masterpiece, L50|
|teampreview|4
|showteam|p1|Archaludon||AssaultVest|Stamina|ElectroShot,DracoMeteor,BodyPress,FlashCannon|||F|||50|,,,,,Grass]Pelipper||FocusSash|Drizzle|WeatherBall,Hurricane,Tailwind,Protect|||M|||50|,,,,,Ghost]Indeedee||ChoiceScarf|PsychicSurge|ExpandingForce,TeraBlast,Trick,DazzlingGleam|||M|||50|,,,,,Ground]Amoonguss||SitrusBerry|Regenerator|Spore,SludgeBomb,Protect,RagePowder|||F|||50|,,,,,Water]Basculegion||ChoiceBand|SwiftSwim|FlipTurn,WaveCrash,LastRespects,AquaJet|||M|||50|,,,,,Poison]Hydreigon||CovertCloak|Levitate|Taunt,Snarl,DracoMeteor,EarthPower|||M|||50|,,,,,Fairy
|showteam|p2|Ninetales-Alola||FocusSash|SnowWarning|Blizzard,FreezeDry,Encore,Protect|||F|||50|,,,,,Ghost]Ursaluna-Bloodmoon||AssaultVest|MindsEye|BloodMoon,EarthPower,HyperVoice,VacuumWave|||M|||50|,,,,,Water]Maushold-Four||SafetyGoggles|FriendGuard|BeatUp,Taunt,FollowMe,Protect||||||50|,,,,,Ghost]Annihilape||Leftovers|Defiant|DrainPunch,RageFist,BulkUp,Protect|||F|||50|,,,,,Fire]Klefki||LightClay|Prankster|DazzlingGleam,Reflect,LightScreen,MistyTerrain|||M|||50|,,,,,Ghost]Sinistcha-Masterpiece||SitrusBerry|Hospitality|MatchaGotcha,RagePowder,LifeDew,TrickRoom||||||50|,,,,,Water
|inactive|Battle timer is ON: inactive players will automatically lose when time's up. (requested by Gambling42699)
|
|t:|1754508826
|teamsize|p1|4
|teamsize|p2|4
|start
|switch|p1a: Goodee|Indeedee, L50, M|100/100
|switch|p1b: Smellypper|Pelipper, L50, M|100/100
|switch|p2a: Ursaluna|Ursaluna-Bloodmoon, L50, M|100/100
|switch|p2b: Klefki|Klefki, L50, M|100/100
|-fieldstart|move: Psychic Terrain|[from] ability: Psychic Surge|[of] p1a: Goodee
|-weather|RainDance|[from] ability: Drizzle|[of] p1b: Smellypper
|turn|1
|
|t:|1754508833
|-terastallize|p2a: Ursaluna|Water
|move|p2b: Klefki|Light Screen|p2b: Klefki
|-sidestart|p2: Gambling42699|move: Light Screen
|move|p1a: Goodee|Trick|p2b: Klefki
|-activate|p1a: Goodee|move: Trick|[of] p2b: Klefki
|-item|p2b: Klefki|Choice Scarf|[from] move: Trick
|-item|p1a: Goodee|Light Clay|[from] move: Trick
|move|p1b: Smellypper|Weather Ball|p2a: Ursaluna
|-resisted|p2a: Ursaluna
|-damage|p2a: Ursaluna|86/100
|move|p2a: Ursaluna|Hyper Voice|p1b: Smellypper|[spread] p1a,p1b
|-damage|p1a: Goodee|52/100
|-damage|p1b: Smellypper|34/100
|
|-weather|RainDance|[upkeep]
|upkeep
|turn|2
|inactive|Gambling42699 has 30 seconds left.
|inactive|Gambling42699 has 20 seconds left.
|
|t:|1754508870
|switch|p2b: Ninetales|Ninetales-Alola, L50, F|100/100
|-weather|Snowscape|[from] ability: Snow Warning|[of] p2b: Ninetales
|switch|p1b: Arching|Archaludon, L50, F|100/100
|move|p1a: Goodee|Trick|p2a: Ursaluna
|-activate|p1a: Goodee|move: Trick|[of] p2a: Ursaluna
|-item|p2a: Ursaluna|Light Clay|[from] move: Trick
|-item|p1a: Goodee|Assault Vest|[from] move: Trick
|move|p2a: Ursaluna|Hyper Voice|p1b: Arching|[spread] p1a,p1b
|-resisted|p1b: Arching
|-damage|p1a: Goodee|19/100
|-damage|p1b: Arching|89/100
|-ability|p1b: Arching|Stamina|boost
|-boost|p1b: Arching|def|1
|
|-weather|Snowscape|[upkeep]
|upkeep
|turn|3
|
|t:|1754508889
|move|p2b: Ninetales|Freeze-Dry|p1a: Goodee
|-damage|p1a: Goodee|0 fnt
|faint|p1a: Goodee
|move|p1b: Arching|Flash Cannon|p2b: Ninetales
|-supereffective|p2b: Ninetales
|-enditem|p2b: Ninetales|Focus Sash
|-damage|p2b: Ninetales|1/100
|move|p2a: Ursaluna|Earth Power|p1b: Arching
|-supereffective|p1b: Arching
|-damage|p1b: Arching|32/100
|-ability|p1b: Arching|Stamina|boost
|-boost|p1b: Arching|def|1
|
|-weather|Snowscape|[upkeep]
|upkeep
|
|t:|1754508900
|switch|p1a: Smellypper|Pelipper, L50, M|34/100
|-weather|RainDance|[from] ability: Drizzle|[of] p1a: Smellypper
|turn|4
|
|t:|1754508919
|switch|p2b: Sinistcha|Sinistcha-Masterpiece, L50|100/100
|-heal|p2a: Ursaluna|100/100|[from] ability: Hospitality|[of] p2b: Sinistcha
|move|p1a: Smellypper|Hurricane|p2b: Sinistcha
|-supereffective|p2b: Sinistcha
|-damage|p2b: Sinistcha|40/100
|-enditem|p2b: Sinistcha|Sitrus Berry|[eat]
|-heal|p2b: Sinistcha|65/100|[from] item: Sitrus Berry
|move|p1b: Arching|Electro Shot||[still]
|-prepare|p1b: Arching|Electro Shot
|-boost|p1b: Arching|spa|1
|-anim|p1b: Arching|Electro Shot|p2a: Ursaluna
|-supereffective|p2a: Ursaluna
|-damage|p2a: Ursaluna|22/100
|move|p2a: Ursaluna|Earth Power|p1b: Arching
|-supereffective|p1b: Arching
|-damage|p1b: Arching|0 fnt
|faint|p1b: Arching
|
|-weather|RainDance|[upkeep]
|upkeep
|
|t:|1754508935
|switch|p1b: Empire|Basculegion, L50, M|100/100
|turn|5
|
|t:|1754508955
|switch|p2a: Klefki|Klefki, L50, M|100/100
|move|p1b: Empire|Last Respects|p2b: Sinistcha
|-supereffective|p2b: Sinistcha
|-damage|p2b: Sinistcha|0 fnt
|faint|p2b: Sinistcha
|move|p1a: Smellypper|Hurricane|p2a: Klefki
|-resisted|p2a: Klefki
|-damage|p2a: Klefki|83/100
|
|-weather|RainDance|[upkeep]
|-fieldend|move: Psychic Terrain
|upkeep
|
|t:|1754508967
|switch|p2b: Ninetales|Ninetales-Alola, L50, F|1/100
|-weather|Snowscape|[from] ability: Snow Warning|[of] p2b: Ninetales
|turn|6
|
|t:|1754508976
|-terastallize|p1b: Empire|Poison
|move|p2b: Ninetales|Protect|p2b: Ninetales
|-singleturn|p2b: Ninetales|Protect
|move|p1a: Smellypper|Protect|p1a: Smellypper
|-singleturn|p1a: Smellypper|Protect
|move|p2a: Klefki|Reflect|p2a: Klefki
|-sidestart|p2: Gambling42699|Reflect
|move|p1b: Empire|Last Respects|p2b: Ninetales
|-activate|p2b: Ninetales|move: Protect
|
|-weather|Snowscape|[upkeep]
|upkeep
|turn|7
|
|t:|1754508993
|switch|p2a: Ursaluna|Ursaluna-Bloodmoon, L50, M, tera:Water|22/100
|move|p2b: Ninetales|Blizzard|p1a: Smellypper|[spread] p1a,p1b
|-damage|p1a: Smellypper|0 fnt
|-damage|p1b: Empire|66/100
|faint|p1a: Smellypper
|move|p1b: Empire|Last Respects|p2b: Ninetales
|-damage|p2b: Ninetales|0 fnt
|faint|p2b: Ninetales
|
|-weather|Snowscape|[upkeep]
|upkeep
|
|t:|1754508995
|switch|p2b: Klefki|Klefki, L50, M|83/100
|turn|8
|
|t:|1754509006
|move|p2b: Klefki|Dazzling Gleam|p1b: Empire
|-resisted|p1b: Empire
|-damage|p1b: Empire|54/100
|move|p1b: Empire|Last Respects|p2a: Ursaluna
|-damage|p2a: Ursaluna|0 fnt
|faint|p2a: Ursaluna
|
|-weather|Snowscape|[upkeep]
|-sideend|p2: Gambling42699|move: Light Screen
|upkeep
|turn|9
|-message|Gambling42699 forfeited.
|
|win|ronansting
|raw|ronansting's rating: 1342 → 1361(+19 for winning)
|raw|Gambling42699's rating: 1325 → 1306(-19 for losing)
|l|☆Gambling42699
|player|p2|
|c|☆ronansting|gg
