|j|☆Pakaan64
|j|☆raksbachtesting1
|html|Pakaan64raksbachtesting1    
|uhtml|bestof|Game 2 of a best-of-3
|t:|1785848564
|gametype|doubles
|player|p1|Pakaan64|265|1199
|player|p2|raksbachtesting1|doubleteam|1155
|gen|9
|tier|[Gen 9 Champions] VGC 2026 Reg M-B (Bo3)
|rated|
|rule|Species Clause: Limit one of each Pokémon
|rule|Item Clause: Limit 1 of each item
|clearpoke
|poke|p1|Gyarados, L50, F|
|poke|p1|Sinistcha, L50|
|poke|p1|Pelipper, L50, F|
|poke|p1|Drampa, L50, F|
|poke|p1|Grimmsnarl, L50, M|
|poke|p1|Staraptor, L50, F|
|poke|p2|Staraptor, L50, M|
|poke|p2|Glimmora, L50, F|
|poke|p2|Whimsicott, L50, F|
|poke|p2|Kingambit, L50, M|
|poke|p2|Garchomp, L50, M|
|poke|p2|Delphox, L50, M|
|teampreview|4
|showteam|p1|Gyarados||Gyaradosite|Intimidate|DragonDance,Waterfall,Protect,Earthquake|Adamant||F|||50|]Sinistcha||Leftovers|Hospitality|RagePowder,Protect,MatchaGotcha,LifeDew|Bold|||||50|]Pelipper||SitrusBerry|Drizzle|HelpingHand,Protect,WideGuard,Hurricane|Bold||F|||50|]Drampa||LifeOrb|CloudNine|EarthPower,Protect,DragonPulse,HyperVoice|Modest||F|||50|]Grimmsnarl||LightClay|Prankster|LightScreen,Reflect,PartingShot,FakeOut|Careful||M|||50|]Staraptor||Staraptite|Intimidate|CloseCombat,Protect,Roost,DualWingbeat|Adamant||F|||50|
|showteam|p2|Staraptor||Staraptite|Intimidate|CloseCombat,BraveBird,Roost,Protect|Jolly||M|||50|]Glimmora||FocusSash|ToxicDebris|PowerGem,SludgeBomb,EarthPower,SpikyShield|Modest||F|||50|]Whimsicott||OccaBerry|Prankster|Tailwind,Moonblast,Charm,LightScreen|Timid||F|||50|]Kingambit||ChopleBerry|Defiant|KowtowCleave,IronHead,LowKick,SuckerPunch|Adamant||M|||50|]Garchomp||LifeOrb|RoughSkin|Earthquake,DragonClaw,RockSlide,Protect|Adamant||M|||50|]Delphox||Delphoxite|Blaze|HeatWave,Psychic,Encore,Protect|Timid||M|||50|
|inactive|Battle timer is ON: inactive players will automatically lose when time's up. (requested by raksbachtesting1)
|
|t:|1785848582
|teamsize|p1|4
|teamsize|p2|4
|start
|switch|p1a: Gyarados|Gyarados, L50, F|100/100
|switch|p1b: Sinistcha|Sinistcha, L50|100/100
|switch|p2a: Whimsicott|Whimsicott, L50, F|100/100
|switch|p2b: Staraptor|Staraptor, L50, M|100/100
|-ability|p2b: Staraptor|Intimidate|boost
|-unboost|p1a: Gyarados|atk|1
|-unboost|p1b: Sinistcha|atk|1
|-ability|p1a: Gyarados|Intimidate|boost
|-unboost|p2a: Whimsicott|atk|1
|-unboost|p2b: Staraptor|atk|1
|turn|1
|
|t:|1785848607
|switch|p1b: Pelipper|Pelipper, L50, F|100/100
|-weather|RainDance|[from] ability: Drizzle|[of] p1b: Pelipper
|detailschange|p2b: Staraptor|Staraptor-Mega, L50, M
|-mega|p2b: Staraptor|Staraptor|Staraptite
|move|p2a: Whimsicott|Charm|p2b: Staraptor
|-boost|p2b: Staraptor|atk|2
|move|p2b: Staraptor|Close Combat|p1a: Gyarados
|-resisted|p1a: Gyarados|1
|-damage|p1a: Gyarados|53/100
|-boost|p2b: Staraptor|def|1
|-boost|p2b: Staraptor|spd|1
|move|p1a: Gyarados|Dragon Dance|p1a: Gyarados
|-boost|p1a: Gyarados|atk|1
|-boost|p1a: Gyarados|spe|1
|
|-weather|RainDance|[upkeep]
|upkeep
|turn|2
|inactive|Pakaan64 has 30 seconds left.
|inactive|raksbachtesting1 has 30 seconds left.
|inactive|Pakaan64 has 20 seconds left.
|inactive|Pakaan64 has 15 seconds left.
|inactive|Pakaan64 has 10 seconds left.
|
|t:|1785848656
|move|p1a: Gyarados|Protect|p1a: Gyarados
|-singleturn|p1a: Gyarados|Protect
|move|p2a: Whimsicott|Charm|p2b: Staraptor
|-boost|p2b: Staraptor|atk|2
|move|p2b: Staraptor|Brave Bird|p1b: Pelipper
|-damage|p1b: Pelipper|0 fnt
|faint|p1b: Pelipper
|-damage|p2b: Staraptor|71/100|[from] Recoil
|
|-weather|RainDance|[upkeep]
|upkeep
|
|t:|1785848661
|switch|p1b: Sinistcha|Sinistcha, L50|100/100
|-heal|p1a: Gyarados|78/100|[from] ability: Hospitality|[of] p1b: Sinistcha
|turn|3
|
|t:|1785848676
|detailschange|p1a: Gyarados|Gyarados-Mega, L50, F
|-mega|p1a: Gyarados|Gyarados|Gyaradosite
|-ability|p1a: Gyarados|Mold Breaker
|move|p1b: Sinistcha|Protect|p1b: Sinistcha
|-singleturn|p1b: Sinistcha|Protect
|move|p2a: Whimsicott|Tailwind|p2a: Whimsicott
|-sidestart|p2: raksbachtesting1|move: Tailwind
|move|p2b: Staraptor|Brave Bird|p1a: Gyarados
|-damage|p1a: Gyarados|0 fnt
|faint|p1a: Gyarados
|-damage|p2b: Staraptor|43/100|[from] Recoil
|
|-weather|RainDance|[upkeep]
|upkeep
|
|t:|1785848687
|switch|p1a: Grimmsnarl|Grimmsnarl, L50, M|100/100
|turn|4
|
|t:|1785848696
|move|p1a: Grimmsnarl|Fake Out|p2b: Staraptor
|-damage|p2b: Staraptor|37/100
|move|p2a: Whimsicott|Light Screen|p2a: Whimsicott
|-sidestart|p2: raksbachtesting1|move: Light Screen
|cant|p2b: Staraptor|flinch
|move|p1b: Sinistcha|Matcha Gotcha|p2b: Staraptor|[spread] p2a
|-miss|p1b: Sinistcha|p2b: Staraptor
|-resisted|p2a: Whimsicott|1
|-damage|p2a: Whimsicott|89/100
|
|-weather|RainDance|[upkeep]
|upkeep
|turn|5
|
|t:|1785848710
|move|p2a: Whimsicott|Charm|p2b: Staraptor
|-boost|p2b: Staraptor|atk|2
|move|p1a: Grimmsnarl|Reflect|p1a: Grimmsnarl
|-sidestart|p1: Pakaan64|Reflect
|move|p2b: Staraptor|Close Combat|p1a: Grimmsnarl
|-damage|p1a: Grimmsnarl|0 fnt
|-boost|p2b: Staraptor|def|1
|-boost|p2b: Staraptor|spd|1
|faint|p1a: Grimmsnarl
|move|p1b: Sinistcha|Matcha Gotcha|p2b: Staraptor|[spread] p2a,p2b
|-resisted|p2a: Whimsicott|1
|-resisted|p2b: Staraptor|1
|-damage|p2a: Whimsicott|77/100
|-damage|p2b: Staraptor|32/100
|-status|p2b: Staraptor|brn
|
|-weather|none
|-damage|p2b: Staraptor|27/100 brn|[from] brn
|upkeep
|turn|6
|
|t:|1785848729
|switch|p2a: Kingambit|Kingambit, L50, M|100/100
|move|p2b: Staraptor|Brave Bird|p1b: Sinistcha
|-supereffective|p1b: Sinistcha|1
|-damage|p1b: Sinistcha|8/100
|-damage|p2b: Staraptor|0 fnt|[from] Recoil
|faint|p2b: Staraptor
|move|p1b: Sinistcha|Matcha Gotcha|p2a: Kingambit
|-resisted|p2a: Kingambit|1
|-damage|p2a: Kingambit|90/100
|-heal|p1b: Sinistcha|14/100|[from] drain|[of] p2a: Kingambit
|
|-heal|p1b: Sinistcha|20/100y|[from] item: Leftovers
|-sideend|p2: raksbachtesting1|move: Tailwind
|upkeep
|
|t:|1785848732
|switch|p2b: Garchomp|Garchomp, L50, M|100/100
|turn|7
|
|t:|1785848738
|move|p2b: Garchomp|Dragon Claw|p1b: Sinistcha
|-damage|p1b: Sinistcha|0 fnt
|faint|p1b: Sinistcha
|-damage|p2b: Garchomp|90/100|[from] item: Life Orb
|
|win|raksbachtesting1
