|j|â˜†fr3aky b1lly
|j|â˜†SeymoursLeftToeVGC
|html|fr3aky b1llySeymoursLeftToeVGC    
|uhtml|bestof|Game 2 of a best-of-3
|t:|1783348265
|gametype|doubles
|player|p1|fr3aky b1lly|jacinthe|1149
|player|p2|SeymoursLeftToeVGC|ninjaboy|1185
|gen|9
|tier|[Gen 9 Champions] VGC 2026 Reg M-B (Bo3)
|rated|
|rule|Species Clause: Limit one of each PokÃ©mon
|rule|Item Clause: Limit 1 of each item
|clearpoke
|poke|p1|Archaludon, L50, F, shiny|
|poke|p1|Incineroar, L50, M|
|poke|p1|Politoed, L50, M|
|poke|p1|Gengar, L50, M, shiny|
|poke|p1|Swampert, L50, M|
|poke|p1|Sinistcha, L50|
|poke|p2|Tyranitar, L50, F, shiny|
|poke|p2|Excadrill, L50, F, shiny|
|poke|p2|Kangaskhan, L50, F, shiny|
|poke|p2|Tsareena, L50, F, shiny|
|poke|p2|Clefable, L50, M, shiny|
|poke|p2|Talonflame, L50, F, shiny|
|teampreview|4
|showteam|p1|Archaludon||Leftovers|Stamina|ElectroShot,FlashCannon,DracoMeteor,Protect|Modest||F|||50|]Incineroar||PasshoBerry|Intimidate|ThroatChop,FakeOut,PartingShot,Taunt|Careful||M|||50|]Politoed||SitrusBerry|Drizzle|WeatherBall,Encore,IceBeam,IcyWind|Modest||M|||50|]Gengar||Gengarite|CursedBody|SludgeBomb,ShadowBall,WillOWisp,Protect|Timid||M|||50|]Swampert||Swampertite|Damp|WaveCrash,HighHorsepower,IcePunch,Protect|Adamant||M|||50|]Sinistcha||ColburBerry|Hospitality|MatchaGotcha,RagePowder,TrickRoom,LifeDew|Bold|||||50|
|showteam|p2|Tyranitar||Tyranitarite|SandStream|RockSlide,Protect,DragonDance,KnockOff|Adamant||F|||50|]Excadrill||FocusSash|SandRush|Earthquake,IronHead,Protect,HighHorsepower|Adamant||F|||50|]Kangaskhan||Kangaskhanite|Scrappy|FakeOut,LastResort|Adamant||F|||50|]Tsareena||LifeOrb|QueenlyMajesty|LowKick,Protect,TropKick,Uturn|Adamant||F|||50|]Clefable||SitrusBerry|Unaware|FollowMe,IceBeam,Protect,HelpingHand|Modest||M|||50|]Talonflame||SharpBeak|GaleWings|DualWingbeat,Tailwind,Protect,Taunt|Adamant||F|||50|
|inactive|Battle timer is ON: inactive players will automatically lose when time's up. (requested by SeymoursLeftToeVGC)
|
|t:|1783348293
|teamsize|p1|4
|teamsize|p2|4
|start
|switch|p1a: Glimmer|Archaludon, L50, F, shiny|100/100
|switch|p1b: Big Pert|Swampert, L50, M|100/100
|switch|p2a: Kangaskhan|Kangaskhan, L50, F, shiny|100/100
|switch|p2b: Tsareena|Tsareena, L50, F, shiny|100/100
|turn|1
|inactive|fr3aky b1lly has 30 seconds left.
|inactive|fr3aky b1lly has 20 seconds left.
|
|t:|1783348333
|switch|p1b: Forg|Politoed, L50, M|100/100
|-weather|RainDance|[from] ability: Drizzle|[of] p1b: Forg
|move|p2a: Kangaskhan|Fake Out|p1a: Glimmer
|-resisted|p1a: Glimmer|1
|-damage|p1a: Glimmer|93/100
|-ability|p1a: Glimmer|Stamina|boost
|-boost|p1a: Glimmer|def|1
|cant|p1a: Glimmer|flinch
|move|p2b: Tsareena|Low Kick|p1a: Glimmer
|-supereffective|p1a: Glimmer|1
|-damage|p1a: Glimmer|59/100
|-ability|p1a: Glimmer|Stamina|boost
|-boost|p1a: Glimmer|def|1
|-damage|p2b: Tsareena|90/100|[from] item: Life Orb
|
|-weather|RainDance|[upkeep]
|-heal|p1a: Glimmer|65/100|[from] item: Leftovers
|upkeep
|turn|2
|inactive|fr3aky b1lly has 30 seconds left.
|
|t:|1783348362
|switch|p1b: UwU So Scary!|Incineroar, L50, M|100/100
|-ability|p1b: UwU So Scary!|Intimidate|boost
|-fail|p2a: Kangaskhan|unboost|Attack|[from] ability: Scrappy|[of] p2a: Kangaskhan
|-unboost|p2b: Tsareena|atk|1
|move|p1a: Glimmer|Electro Shot||[still]
|-prepare|p1a: Glimmer|Electro Shot
|-boost|p1a: Glimmer|spa|1
|-anim|p1a: Glimmer|Electro Shot|p2a: Kangaskhan
|-damage|p2a: Kangaskhan|42/100
|move|p2b: Tsareena|Low Kick|p1a: Glimmer
|-supereffective|p1a: Glimmer|1
|-damage|p1a: Glimmer|44/100
|-ability|p1a: Glimmer|Stamina|boost
|-boost|p1a: Glimmer|def|1
|-damage|p2b: Tsareena|80/100|[from] item: Life Orb
|move|p2a: Kangaskhan|Last Resort|p1b: UwU So Scary!
|-damage|p1b: UwU So Scary!|48/100
|
|-weather|RainDance|[upkeep]
|-heal|p1a: Glimmer|50/100g|[from] item: Leftovers
|upkeep
|turn|3
|inactive|fr3aky b1lly has 30 seconds left.
|inactive|fr3aky b1lly has 20 seconds left.
|inactive|fr3aky b1lly has 15 seconds left.
|inactive|fr3aky b1lly has 10 seconds left.
|
|t:|1783348408
|switch|p2b: Tyranitar|Tyranitar, L50, F, shiny|100/100
|-weather|Sandstorm|[from] ability: Sand Stream|[of] p2b: Tyranitar
|move|p1a: Glimmer|Flash Cannon|p2a: Kangaskhan
|-damage|p2a: Kangaskhan|0 fnt
|faint|p2a: Kangaskhan
|move|p1b: UwU So Scary!|Parting Shot|p2b: Tyranitar
|-unboost|p2b: Tyranitar|atk|1
|-unboost|p2b: Tyranitar|spa|1
|
|t:|1783348416
|switch|p1b: Forg|Politoed, L50, M|100/100|[from] Parting Shot
|-weather|RainDance|[from] ability: Drizzle|[of] p1b: Forg
|
|-weather|RainDance|[upkeep]
|-heal|p1a: Glimmer|56/100|[from] item: Leftovers
|upkeep
|
|t:|1783348423
|switch|p2a: Clefable|Clefable, L50, M, shiny|100/100
|turn|4
|inactive|fr3aky b1lly has 30 seconds left.
|
|t:|1783348455
|detailschange|p2b: Tyranitar|Tyranitar-Mega, L50, F, shiny
|-mega|p2b: Tyranitar|Tyranitar|Tyranitarite
|-weather|Sandstorm|[from] ability: Sand Stream|[of] p2b: Tyranitar
|move|p1a: Glimmer|Flash Cannon|p2a: Clefable
|-supereffective|p2a: Clefable|1
|-damage|p2a: Clefable|24/100
|-enditem|p2a: Clefable|Sitrus Berry|[eat]
|-heal|p2a: Clefable|49/100|[from] item: Sitrus Berry
|move|p2b: Tyranitar|Rock Slide|p1b: Forg|[spread] p1a,p1b
|-resisted|p1a: Glimmer|1
|-crit|p1a: Glimmer
|-damage|p1a: Glimmer|35/100
|-damage|p1b: Forg|75/100
|-ability|p1a: Glimmer|Stamina|boost
|-boost|p1a: Glimmer|def|1
|cant|p1b: Forg|flinch
|move|p2a: Clefable|Ice Beam|p1a: Glimmer
|-crit|p1a: Glimmer
|-damage|p1a: Glimmer|0 fnt
|faint|p1a: Glimmer
|
|-weather|Sandstorm|[upkeep]
|-damage|p1b: Forg|69/100|[from] Sandstorm
|-damage|p2a: Clefable|43/100|[from] Sandstorm
|upkeep
|
|t:|1783348478
|switch|p1a: Big Pert|Swampert, L50, M|100/100
|turn|5
|inactive|fr3aky b1lly has 30 seconds left.
|
|t:|1783348504
|switch|p1b: UwU So Scary!|Incineroar, L50, M|48/100
|-ability|p1b: UwU So Scary!|Intimidate|boost
|-unboost|p2a: Clefable|atk|1
|-unboost|p2b: Tyranitar|atk|1
|detailschange|p1a: Big Pert|Swampert-Mega, L50, M
|-mega|p1a: Big Pert|Swampert|Swampertite
|move|p2a: Clefable|Follow Me|p2a: Clefable
|-singleturn|p2a: Clefable|move: Follow Me
|move|p1a: Big Pert|High Horsepower|p2a: Clefable
|-damage|p2a: Clefable|0 fnt
|faint|p2a: Clefable
|move|p2b: Tyranitar|Dragon Dance|p2b: Tyranitar
|-boost|p2b: Tyranitar|atk|1
|-boost|p2b: Tyranitar|spe|1
|
|-weather|Sandstorm|[upkeep]
|-damage|p1b: UwU So Scary!|42/100|[from] Sandstorm
|upkeep
|
|t:|1783348517
|switch|p2a: Tsareena|Tsareena, L50, F, shiny|80/100
|turn|6
|
|t:|1783348528
|move|p2b: Tyranitar|Protect|p2b: Tyranitar
|-singleturn|p2b: Tyranitar|Protect
|move|p1a: Big Pert|Protect|p1a: Big Pert
|-singleturn|p1a: Big Pert|Protect
|move|p2a: Tsareena|Trop Kick|p1a: Big Pert
|-activate|p1a: Big Pert|move: Protect
|move|p1b: UwU So Scary!|Parting Shot|p2a: Tsareena
|-unboost|p2a: Tsareena|atk|1
|-unboost|p2a: Tsareena|spa|1
|
|t:|1783348539
|switch|p1b: Forg|Politoed, L50, M|69/100|[from] Parting Shot
|-weather|RainDance|[from] ability: Drizzle|[of] p1b: Forg
|
|-weather|RainDance|[upkeep]
|upkeep
|turn|7
|
|t:|1783348563
|switch|p1b: UwU So Scary!|Incineroar, L50, M|42/100
|-ability|p1b: UwU So Scary!|Intimidate|boost
|-unboost|p2a: Tsareena|atk|1
|-unboost|p2b: Tyranitar|atk|1
|move|p1a: Big Pert|Ice Punch|p2a: Tsareena
|-supereffective|p2a: Tsareena|1
|-damage|p2a: Tsareena|6/100
|move|p2b: Tyranitar|Knock Off|p1b: UwU So Scary!
|-resisted|p1b: UwU So Scary!|1
|-damage|p1b: UwU So Scary!|30/100
|-enditem|p1b: UwU So Scary!|Passho Berry|[from] move: Knock Off|[of] p2b: Tyranitar
|move|p2a: Tsareena|Trop Kick|p1a: Big Pert
|-supereffective|p1a: Big Pert|2
|-damage|p1a: Big Pert|0 fnt
|faint|p1a: Big Pert
|-damage|p2a: Tsareena|0 fnt|[from] item: Life Orb
|faint|p2a: Tsareena
|
|-weather|RainDance|[upkeep]
|upkeep
|
|t:|1783348580
|switch|p1a: Forg|Politoed, L50, M|69/100
|turn|8
|
|t:|1783348588
|move|p2b: Tyranitar|Protect|p2b: Tyranitar
|-singleturn|p2b: Tyranitar|Protect
|move|p1b: UwU So Scary!|Fake Out|p2b: Tyranitar
|-activate|p2b: Tyranitar|move: Protect
|move|p1a: Forg|Weather Ball|p2b: Tyranitar
|-activate|p2b: Tyranitar|move: Protect
|
|-weather|RainDance|[upkeep]
|upkeep
|turn|9
|
|t:|1783348598
|move|p2b: Tyranitar|Rock Slide|p1b: UwU So Scary!|[spread] p1a,p1b
|-supereffective|p1b: UwU So Scary!|1
|-damage|p1a: Forg|50/100g
|-damage|p1b: UwU So Scary!|0 fnt
|faint|p1b: UwU So Scary!
|move|p1a: Forg|Weather Ball|p2b: Tyranitar
|-supereffective|p2b: Tyranitar|1
|-damage|p2b: Tyranitar|0 fnt
|faint|p2b: Tyranitar
|
|win|fr3aky b1lly
|raw|fr3aky b1lly's rating: 1149 → 1177(+28 for winning)
|raw|SeymoursLeftToeVGC's rating: 1185 → 1157(-28 for losing)
