|j|☆Quill86
|j|☆Sonja Hilmer
|html|Quill86Sonja Hilmer    
|uhtml|bestof|Game 2 of a best-of-3
|t:|1756168861
|gametype|doubles
|player|p1|Quill86|lucas|1324
|player|p2|Sonja Hilmer|lady|1370
|gen|9
|tier|[Gen 9] VGC 2025 Reg H (Bo3)
|rated|
|rule|Species Clause: Limit one of each Pokémon
|rule|Item Clause: Limit 1 of each item
|clearpoke
|poke|p1|Indeedee-F, L50, F|
|poke|p1|Gallade, L50, M|
|poke|p1|Torkoal, L50, F|
|poke|p1|Ursaluna, L50, M|
|poke|p1|Hatterene, L50, F|
|poke|p1|Smeargle, L50, M|
|poke|p2|Dachsbun, L50, F|
|poke|p2|Typhlosion-Hisui, L50, F|
|poke|p2|Kingambit, L50, M|
|poke|p2|Jumpluff, L50, M|
|poke|p2|Rillaboom, L50, M|
|poke|p2|Torkoal, L50, F|
|teampreview|4
|showteam|p1|Indeedee-F||PsychicSeed|PsychicSurge|FollowMe,TrickRoom,HelpingHand,DazzlingGleam|||F|||50|,,,,,Fairy]Gallade||ClearAmulet|Sharpness|SacredSword,PsychoCut,WideGuard,TrickRoom|||M|||50|,,,,,Grass]Torkoal||ChoiceSpecs|Drought|Eruption,WeatherBall,EarthPower,HeatWave|||F|||50|,,,,,Fire]Ursaluna||FlameOrb|Guts|Protect,HeadlongRush,Facade,Earthquake|||M|||50|,,,,,Ghost]Hatterene||LifeOrb|MagicBounce|DazzlingGleam,ExpandingForce,MysticalFire,TrickRoom|||F|||50|,,,,,Fire]Smeargle||FocusSash|Technician|FakeOut,Spore,Decorate,FollowMe|||M|||50|,,,,,Ghost
|showteam|p2|Dachsbun||Leftovers|WellBakedBody|BodyPress,Snarl,HelpingHand,Protect|||F|||50|,,,,,Steel]Typhlosion-Hisui||ChoiceSpecs|Blaze|Eruption,LavaPlume,Overheat,ShadowBall|||F|||50|,,,,,Fire]Kingambit||SafetyGoggles|Defiant|Protect,KowtowCleave,SuckerPunch,SwordsDance|||M|||50|,,,,,Dark]Jumpluff||CovertCloak|Chlorophyll|SleepPowder,SunnyDay,RagePowder,Tailwind|||M|||50|,,,,,Water]Rillaboom||AssaultVest|GrassySurge|WoodHammer,GrassyGlide,FakeOut,HighHorsepower|||M|||50|,,,,,Water]Torkoal||SitrusBerry|Drought|HeatWave,LavaPlume,ClearSmog,Protect|||F|||50|,,,,,Fairy
|inactive|Battle timer is ON: inactive players will automatically lose when time's up. (requested by Sonja Hilmer)
|
|t:|1756168880
|teamsize|p1|4
|teamsize|p2|4
|start
|switch|p1a: Indeedee|Indeedee-F, L50, F|100/100
|switch|p1b: Gallade|Gallade, L50, M|100/100
|switch|p2a: Typhlosion|Typhlosion-Hisui, L50, F|100/100
|switch|p2b: Torkoal|Torkoal, L50, F|100/100
|-fieldstart|move: Psychic Terrain|[from] ability: Psychic Surge|[of] p1a: Indeedee
|-enditem|p1a: Indeedee|Psychic Seed
|-boost|p1a: Indeedee|spd|1|[from] item: Psychic Seed
|-weather|SunnyDay|[from] ability: Drought|[of] p2b: Torkoal
|turn|1
|
|t:|1756168888
|-terastallize|p2a: Typhlosion|Fire
|move|p1b: Gallade|Wide Guard|p1b: Gallade
|-singleturn|p1b: Gallade|Wide Guard
|move|p2a: Typhlosion|Eruption|p1b: Gallade|[spread] 
|-activate|p1a: Indeedee|move: Wide Guard
|-activate|p1b: Gallade|move: Wide Guard
|move|p2b: Torkoal|Heat Wave|p1a: Indeedee|[spread] 
|-activate|p1a: Indeedee|move: Wide Guard
|-activate|p1b: Gallade|move: Wide Guard
|move|p1a: Indeedee|Trick Room|p1a: Indeedee
|-fieldstart|move: Trick Room|[of] p1a: Indeedee
|
|-weather|SunnyDay|[upkeep]
|upkeep
|turn|2
|
|t:|1756168905
|switch|p1a: Torkoal|Torkoal, L50, F|100/100
|switch|p2a: Dachsbun|Dachsbun, L50, F|100/100
|move|p1b: Gallade|Wide Guard|p1b: Gallade
|-singleturn|p1b: Gallade|Wide Guard
|move|p2b: Torkoal|Lava Plume|p1a: Torkoal|[spread] 
|-activate|p1a: Torkoal|move: Wide Guard
|-activate|p1b: Gallade|move: Wide Guard
|-ability|p2a: Dachsbun|Well-Baked Body|boost
|-boost|p2a: Dachsbun|def|2
|
|-weather|SunnyDay|[upkeep]
|upkeep
|turn|3
|
|t:|1756168925
|move|p2b: Torkoal|Protect|p2b: Torkoal
|-singleturn|p2b: Torkoal|Protect
|move|p1a: Torkoal|Earth Power|p2b: Torkoal
|-activate|p2b: Torkoal|move: Protect
|move|p1b: Gallade|Psycho Cut|p2a: Dachsbun
|-crit|p2a: Dachsbun
|-damage|p2a: Dachsbun|11/100
|move|p2a: Dachsbun|Body Press|p1a: Torkoal
|-damage|p1a: Torkoal|61/100
|
|-weather|SunnyDay|[upkeep]
|-heal|p2a: Dachsbun|17/100|[from] item: Leftovers
|upkeep
|turn|4
|
|t:|1756168935
|move|p2a: Dachsbun|Protect|p2a: Dachsbun
|-singleturn|p2a: Dachsbun|Protect
|move|p1a: Torkoal|Earth Power|p2b: Torkoal
|-supereffective|p2b: Torkoal
|-damage|p2b: Torkoal|13/100
|-unboost|p2b: Torkoal|spd|1
|-enditem|p2b: Torkoal|Sitrus Berry|[eat]
|-heal|p2b: Torkoal|38/100|[from] item: Sitrus Berry
|move|p2b: Torkoal|Heat Wave|p1b: Gallade|[spread] p1a,p1b
|-resisted|p1a: Torkoal
|-damage|p1a: Torkoal|41/100
|-damage|p1b: Gallade|71/100
|move|p1b: Gallade|Psycho Cut|p2a: Dachsbun
|-activate|p2a: Dachsbun|move: Protect
|
|-weather|SunnyDay|[upkeep]
|-heal|p2a: Dachsbun|23/100|[from] item: Leftovers
|upkeep
|turn|5
|
|t:|1756168957
|switch|p2a: Rillaboom|Rillaboom, L50, M|100/100
|-fieldstart|move: Grassy Terrain|[from] ability: Grassy Surge|[of] p2a: Rillaboom
|move|p1a: Torkoal|Earth Power|p2b: Torkoal
|-supereffective|p2b: Torkoal
|-damage|p2b: Torkoal|0 fnt
|faint|p2b: Torkoal
|move|p1b: Gallade|Psycho Cut|p2a: Rillaboom
|-crit|p2a: Rillaboom
|-damage|p2a: Rillaboom|8/100
|
|-weather|none
|-heal|p1a: Torkoal|47/100|[from] Grassy Terrain
|-heal|p1b: Gallade|76/100|[from] Grassy Terrain
|-heal|p2a: Rillaboom|14/100|[from] Grassy Terrain
|-fieldend|move: Trick Room
|upkeep
|
|t:|1756168965
|switch|p2b: Typhlosion|Typhlosion-Hisui, L50, F, tera:Fire|100/100
|turn|6
|
|t:|1756168982
|move|p1b: Gallade|Wide Guard|p1b: Gallade
|-singleturn|p1b: Gallade|Wide Guard
|move|p2b: Typhlosion|Shadow Ball|p1a: Torkoal
|-damage|p1a: Torkoal|0 fnt
|faint|p1a: Torkoal
|move|p2a: Rillaboom|Wood Hammer|p1b: Gallade
|-damage|p1b: Gallade|0 fnt
|faint|p1b: Gallade
|-damage|p2a: Rillaboom|0 fnt|[from] Recoil
|faint|p2a: Rillaboom
|
|upkeep
|
|t:|1756168991
|switch|p2a: Dachsbun|Dachsbun, L50, F|23/100
|switch|p1b: Hatterene|Hatterene, L50, F|100/100
|switch|p1a: Indeedee|Indeedee-F, L50, F|100/100
|-fieldstart|move: Psychic Terrain|[from] ability: Psychic Surge|[of] p1a: Indeedee
|turn|7
|
|t:|1756169000
|move|p1a: Indeedee|Follow Me|p1a: Indeedee
|-singleturn|p1a: Indeedee|move: Follow Me
|move|p2b: Typhlosion|Shadow Ball|p1a: Indeedee
|-immune|p1a: Indeedee
|move|p2a: Dachsbun|Snarl|p1b: Hatterene|[spread] p1a,p1b
|-supereffective|p1a: Indeedee
|-damage|p1a: Indeedee|90/100
|-damage|p1b: Hatterene|94/100
|-unboost|p1a: Indeedee|spa|1
|-unboost|p1b: Hatterene|spa|1
|move|p1b: Hatterene|Expanding Force|p2a: Dachsbun|[spread] p2a,p2b
|-damage|p2a: Dachsbun|0 fnt
|-damage|p2b: Typhlosion|24/100
|faint|p2a: Dachsbun
|-damage|p1b: Hatterene|85/100|[from] item: Life Orb
|
|upkeep
|turn|8
|
|t:|1756169008
|move|p1a: Indeedee|Follow Me|p1a: Indeedee
|-singleturn|p1a: Indeedee|move: Follow Me
|move|p2b: Typhlosion|Shadow Ball|p1a: Indeedee
|-immune|p1a: Indeedee
|move|p1b: Hatterene|Expanding Force|p2b: Typhlosion
|-damage|p2b: Typhlosion|0 fnt
|faint|p2b: Typhlosion
|-damage|p1b: Hatterene|75/100|[from] item: Life Orb
|
|win|Quill86
|raw|Quill86's rating: 1324 → 1347(+23 for winning)
|raw|Sonja Hilmer's rating: 1370 → 1347(-23 for losing)
|l|☆Sonja Hilmer
|player|p2|
