|j|☆natsukivgc
|j|☆sidhuistic
|html|natsukivgcsidhuistic    
|uhtml|bestof|Game 1 of a best-of-3
|t:|1785947800
|gametype|doubles
|player|p1|natsukivgc|265|1182
|player|p2|sidhuistic|richboy-gen4|1236
|gen|9
|tier|[Gen 9 Champions] VGC 2026 Reg M-B (Bo3)
|rated|
|rule|Species Clause: Limit one of each Pokémon
|rule|Item Clause: Limit 1 of each item
|clearpoke
|poke|p1|Hydreigon, L50, F|
|poke|p1|Garchomp, L50, M|
|poke|p1|Metagross, L50|
|poke|p1|Charizard, L50, M|
|poke|p1|Grimmsnarl, L50, M|
|poke|p1|Toxapex, L50, M|
|poke|p2|Delphox, L50, F|
|poke|p2|Blastoise, L50, M|
|poke|p2|Vivillon, L50, M|
|poke|p2|Maushold, L50|
|poke|p2|Incineroar, L50, M|
|poke|p2|Sinistcha, L50|
|teampreview|4
|showteam|p1|Hydreigon||ChoiceScarf|Levitate|HeatWave,DarkPulse,DracoMeteor,Snarl|Modest||F|||50|]Garchomp||SitrusBerry|RoughSkin|Earthquake,RockSlide,DragonClaw,Protect|Adamant||M|||50|]Metagross||Metagrossite|ClearBody|IronHead,HammerArm,BulletPunch,Protect|Adamant|||||50|]Charizard||CharizarditeY|Blaze|Protect,HeatWave,SolarBeam,WeatherBall|Timid||M|||50|]Grimmsnarl||RoseliBerry|Prankster|FakeOut,FoulPlay,Reflect,PartingShot|Sassy||M|||50|]Toxapex||Leftovers|Regenerator|Infestation,Toxic,BanefulBunker,WideGuard|Bold||M|||50|
|showteam|p2|Delphox||Delphoxite|Blaze|HeatWave,NastyPlot,Psyshock,Protect|Modest||F|||50|]Blastoise||Blastoisinite|RainDish|DarkPulse,WaterSpout,ShellSmash,Protect|Modest||M|||50|]Vivillon||ChoiceScarf|CompoundEyes|SleepPowder,Hurricane,RagePowder,PollenPuff|Timid||M|||50|]Maushold||WideLens|Technician|PopulationBomb,FollowMe,Feint,Protect|Jolly|||||50|]Incineroar||SitrusBerry|Intimidate|FlareBlitz,HelpingHand,PartingShot,FakeOut|Careful||M|||50|]Sinistcha||KasibBerry|Hospitality|MatchaGotcha,RagePowder,TrickRoom,Protect|Bold|||||50|
|inactive|Battle timer is ON: inactive players will automatically lose when time's up. (requested by sidhuistic)
|inactive|sidhuistic has 60 seconds left.
|
|t:|1785947836
|teamsize|p1|4
|teamsize|p2|4
|start
|switch|p1a: Grimmsnarl|Grimmsnarl, L50, M|100/100
|switch|p1b: Hydreigon|Hydreigon, L50, F|100/100
|switch|p2a: Blastoise|Blastoise, L50, M|100/100
|switch|p2b: Vivillon|Vivillon, L50, M|100/100
|turn|1
|
|t:|1785947856
|detailschange|p2a: Blastoise|Blastoise-Mega, L50, M
|-mega|p2a: Blastoise|Blastoise|Blastoisinite
|move|p1a: Grimmsnarl|Fake Out|p2b: Vivillon
|-damage|p2b: Vivillon|78/100
|cant|p2b: Vivillon|flinch
|move|p1b: Hydreigon|Snarl|p2a: Blastoise|[spread] p2a,p2b
|-damage|p2a: Blastoise|78/100
|-damage|p2b: Vivillon|33/100
|-unboost|p2a: Blastoise|spa|1
|-unboost|p2b: Vivillon|spa|1
|move|p2a: Blastoise|Shell Smash|p2a: Blastoise
|-unboost|p2a: Blastoise|def|1
|-unboost|p2a: Blastoise|spd|1
|-boost|p2a: Blastoise|atk|2
|-boost|p2a: Blastoise|spa|2
|-boost|p2a: Blastoise|spe|2
|
|upkeep
|turn|2
|inactive|natsukivgc has 30 seconds left.
|
|t:|1785947883
|move|p2a: Blastoise|Water Spout|p1b: Hydreigon|[spread] p1a,p1b
|-resisted|p1b: Hydreigon|1
|-damage|p1a: Grimmsnarl|27/100
|-damage|p1b: Hydreigon|53/100
|move|p2b: Vivillon|Sleep Powder|p1b: Hydreigon
|-status|p1b: Hydreigon|slp|[from] move: Sleep Powder
|cant|p1b: Hydreigon|slp
|move|p1a: Grimmsnarl|Foul Play|p2a: Blastoise
|-damage|p2a: Blastoise|0 fnt
|faint|p2a: Blastoise
|
|upkeep
|
|t:|1785947893
|switch|p2a: Maushold|Maushold, L50|100/100
|turn|3
|inactive|natsukivgc has 30 seconds left.
|
|t:|1785947920
|move|p1a: Grimmsnarl|Reflect|p1a: Grimmsnarl
|-sidestart|p1: natsukivgc|Reflect
|move|p2b: Vivillon|Sleep Powder|p1a: Grimmsnarl
|-status|p1a: Grimmsnarl|slp|[from] move: Sleep Powder
|cant|p1b: Hydreigon|slp
|move|p2a: Maushold|Population Bomb|p1b: Hydreigon
|-damage|p1b: Hydreigon|45/100 slp
|-damage|p1b: Hydreigon|37/100 slp
|-damage|p1b: Hydreigon|29/100 slp
|-damage|p1b: Hydreigon|21/100 slp
|-damage|p1b: Hydreigon|12/100 slp
|-damage|p1b: Hydreigon|3/100 slp
|-damage|p1b: Hydreigon|0 fnt
|faint|p1b: Hydreigon
|-hitcount|p1: Hydreigon|7
|
|upkeep
|inactive|natsukivgc has 30 seconds left.
|
|t:|1785947955
|switch|p1b: Charizard|Charizard, L50, M|100/100
|turn|4
|
|t:|1785947967
|move|p1b: Charizard|Protect|p1b: Charizard
|-singleturn|p1b: Charizard|Protect
|move|p2b: Vivillon|Sleep Powder|p1b: Charizard
|-activate|p1b: Charizard|move: Protect
|move|p2a: Maushold|Population Bomb|p1a: Grimmsnarl
|-damage|p1a: Grimmsnarl|19/100 slp
|-damage|p1a: Grimmsnarl|12/100 slp
|-damage|p1a: Grimmsnarl|4/100 slp
|-damage|p1a: Grimmsnarl|0 fnt
|faint|p1a: Grimmsnarl
|-hitcount|p1: Grimmsnarl|4
|
|upkeep
|
|t:|1785947979
|switch|p1a: Toxapex|Toxapex, L50, M|100/100
|turn|5
|
|t:|1785947997
|detailschange|p1b: Charizard|Charizard-Mega-Y, L50, M
|-mega|p1b: Charizard|Charizard|Charizardite Y
|-weather|SunnyDay|[from] ability: Drought|[of] p1b: Charizard
|move|p2b: Vivillon|Sleep Powder|p1a: Toxapex
|-status|p1a: Toxapex|slp|[from] move: Sleep Powder
|move|p2a: Maushold|Population Bomb|p1b: Charizard
|-damage|p1b: Charizard|91/100
|-damage|p1b: Charizard|83/100
|-damage|p1b: Charizard|75/100
|-damage|p1b: Charizard|68/100
|-hitcount|p1b: Charizard|4
|move|p1b: Charizard|Heat Wave|p2b: Vivillon|[spread] p2a,p2b
|-supereffective|p2b: Vivillon|1
|-damage|p2a: Maushold|12/100
|-damage|p2b: Vivillon|0 fnt
|faint|p2b: Vivillon
|cant|p1a: Toxapex|slp
|
|-weather|SunnyDay|[upkeep]
|upkeep
|
|t:|1785948011
|switch|p2b: Sinistcha|Sinistcha, L50|100/100
|-heal|p2a: Maushold|37/100|[from] ability: Hospitality|[of] p2b: Sinistcha
|turn|6
|
|t:|1785948029
|move|p1b: Charizard|Protect|p1b: Charizard
|-singleturn|p1b: Charizard|Protect
|move|p2a: Maushold|Population Bomb|p1b: Charizard
|-activate|p1b: Charizard|move: Protect
|move|p2b: Sinistcha|Matcha Gotcha|p1a: Toxapex|[spread] p1a
|-activate|p1b: Charizard|move: Protect
|-damage|p1a: Toxapex|82/100 slp
|-curestatus|p1a: Toxapex|slp|[msg]
|move|p1a: Toxapex|Infestation|p2a: Maushold
|-damage|p2a: Maushold|32/100
|-activate|p2a: Maushold|move: Infestation|[of] p1a: Toxapex
|
|-weather|SunnyDay|[upkeep]
|-heal|p1a: Toxapex|88/100|[from] item: Leftovers
|-damage|p2a: Maushold|20/100y|[from] move: Infestation|[partiallytrapped]
|upkeep
|turn|7
|
|t:|1785948050
|move|p2a: Maushold|Population Bomb|p1b: Charizard
|-damage|p1b: Charizard|60/100
|-damage|p1b: Charizard|52/100
|-damage|p1b: Charizard|43/100
|-hitcount|p1b: Charizard|3
|move|p1b: Charizard|Weather Ball|p2b: Sinistcha
|-supereffective|p2b: Sinistcha|1
|-damage|p2b: Sinistcha|0 fnt
|faint|p2b: Sinistcha
|move|p1a: Toxapex|Toxic|p2a: Maushold
|-status|p2a: Maushold|tox
|
|-weather|SunnyDay|[upkeep]
|-heal|p1a: Toxapex|94/100|[from] item: Leftovers
|-damage|p2a: Maushold|14/100 tox|[from] psn
|-damage|p2a: Maushold|2/100 tox|[from] move: Infestation|[partiallytrapped]
|-sideend|p1: natsukivgc|Reflect
|upkeep
|turn|8
|-message|sidhuistic forfeited.
|
|win|natsukivgc
