|j|☆Vicentefc2
|j|☆SlaymonSays
|html|Vicentefc2SlaymonSays    
|uhtml|bestof|Game 1 of a best-of-3
|t:|1757812114
|gametype|doubles
|player|p1|Vicentefc2|hilbert|1319
|player|p2|SlaymonSays|102|1323
|gen|9
|tier|[Gen 9] VGC 2025 Reg H (Bo3)
|rated|
|rule|Species Clause: Limit one of each Pokémon
|rule|Item Clause: Limit 1 of each item
|clearpoke
|poke|p1|Rillaboom, L50, M|
|poke|p1|Annihilape, L50, M|
|poke|p1|Politoed, L50, M|
|poke|p1|Murkrow, L50, M|
|poke|p1|Archaludon, L50, M|
|poke|p1|Sneasler, L50, M|
|poke|p2|Ursaluna-Bloodmoon, L50, M|
|poke|p2|Dragonite, L50, F|
|poke|p2|Gholdengo, L50|
|poke|p2|Rillaboom, L50, M|
|poke|p2|Incineroar, L50, M|
|poke|p2|Ninetales-Alola, L50, M|
|teampreview|4
|showteam|p1|Rillaboom||AssaultVest|GrassySurge|WoodHammer,GrassyGlide,Uturn,FakeOut|||M|||50|,,,,,Fire]Annihilape||SafetyGoggles|Defiant|DrainPunch,RageFist,BulkUp,Protect|||M|||50|,,,,,Fire]Politoed||LifeOrb|Drizzle|WeatherBall,IceBeam,EarthPower,Protect|||M|||50|,,,,,Grass]Murkrow||Eviolite|Prankster|FoulPlay,Taunt,Haze,Tailwind|||M|||50|,,,,,Steel]Archaludon||PowerHerb|Sturdy|ElectroShot,DracoMeteor,FlashCannon,Protect|||M|||50|,,,,,Electric]Sneasler||FocusSash|Unburden|CloseCombat,DireClaw,FakeOut,Coaching|||M|||50|,,,,,Ghost
|showteam|p2|Ursaluna-Bloodmoon||ChoiceSpecs|MindsEye|BloodMoon,HyperVoice,EarthPower,VacuumWave|||M|||50|,,,,,Normal]Dragonite||LoadedDice|InnerFocus|ScaleShot,Haze,Tailwind,Protect|||F|||50|,,,,,Fairy]Gholdengo||Leftovers|GoodasGold|MakeItRain,ShadowBall,NastyPlot,Protect||||||50|,,,,,Water]Rillaboom||AssaultVest|GrassySurge|FakeOut,GrassyGlide,WoodHammer,HighHorsepower|||M|||50|,,,,,Fire]Incineroar||SafetyGoggles|Intimidate|FakeOut,FlareBlitz,KnockOff,PartingShot|||M|||50|,,,,,Ghost]Ninetales-Alola||CovertCloak|SnowWarning|Blizzard,Disable,Encore,AuroraVeil|||M|||50|,,,,,Fire
|inactive|Battle timer is ON: inactive players will automatically lose when time's up. (requested by Vicentefc2)
|
|t:|1757812149
|teamsize|p1|4
|teamsize|p2|4
|start
|switch|p1a: rocky|Annihilape, L50, M|100/100
|switch|p1b: Sneasler|Sneasler, L50, M|100/100
|switch|p2a: Ninetales|Ninetales-Alola, L50, M|100/100
|switch|p2b: Gholdengo|Gholdengo, L50|100/100
|-weather|Snowscape|[from] ability: Snow Warning|[of] p2a: Ninetales
|turn|1
|inactive|Vicentefc2 has 30 seconds left.
|
|t:|1757812183
|switch|p1a: gamabunta|Politoed, L50, M, shiny|100/100
|-weather|RainDance|[from] ability: Drizzle|[of] p1a: gamabunta
|move|p1b: Sneasler|Dire Claw|p2a: Ninetales
|-supereffective|p2a: Ninetales
|-damage|p2a: Ninetales|0 fnt
|faint|p2a: Ninetales
|move|p2b: Gholdengo|Nasty Plot|p2b: Gholdengo
|-boost|p2b: Gholdengo|spa|2
|
|-weather|RainDance|[upkeep]
|upkeep
|
|t:|1757812193
|switch|p2a: Rillaboom|Rillaboom, L50, M|100/100
|-fieldstart|move: Grassy Terrain|[from] ability: Grassy Surge|[of] p2a: Rillaboom
|turn|2
|
|t:|1757812216
|-terastallize|p1b: Sneasler|Ghost
|move|p2a: Rillaboom|Fake Out|p1a: gamabunta
|-damage|p1a: gamabunta|82/100
|move|p1b: Sneasler|Dire Claw|p2a: Rillaboom
|-supereffective|p2a: Rillaboom
|-damage|p2a: Rillaboom|18/100
|move|p2b: Gholdengo|Shadow Ball|p1b: Sneasler
|-supereffective|p1b: Sneasler
|-enditem|p1b: Sneasler|Focus Sash
|-damage|p1b: Sneasler|1/100
|-unboost|p1b: Sneasler|spd|1
|cant|p1a: gamabunta|flinch
|
|-weather|RainDance|[upkeep]
|-heal|p1b: Sneasler|7/100|[from] Grassy Terrain
|-heal|p2a: Rillaboom|24/100|[from] Grassy Terrain
|-heal|p1a: gamabunta|88/100|[from] Grassy Terrain
|upkeep
|turn|3
|
|t:|1757812238
|move|p1a: gamabunta|Protect|p1a: gamabunta
|-singleturn|p1a: gamabunta|Protect
|move|p2a: Rillaboom|Grassy Glide|p1b: Sneasler
|-crit|p1b: Sneasler
|-damage|p1b: Sneasler|0 fnt
|faint|p1b: Sneasler
|move|p2b: Gholdengo|Shadow Ball|p1a: gamabunta
|-activate|p1a: gamabunta|move: Protect
|
|-weather|RainDance|[upkeep]
|-heal|p2a: Rillaboom|29/100|[from] Grassy Terrain
|-heal|p1a: gamabunta|94/100|[from] Grassy Terrain
|upkeep
|
|t:|1757812245
|switch|p1b: megadramon|Archaludon, L50, M|100/100
|turn|4
|
|t:|1757812264
|move|p2b: Gholdengo|Protect|p2b: Gholdengo
|-singleturn|p2b: Gholdengo|Protect
|move|p2a: Rillaboom|Grassy Glide|p1a: gamabunta
|-supereffective|p1a: gamabunta
|-damage|p1a: gamabunta|0 fnt
|faint|p1a: gamabunta
|move|p1b: megadramon|Electro Shot||[still]
|-prepare|p1b: megadramon|Electro Shot
|-boost|p1b: megadramon|spa|1
|-anim|p1b: megadramon|Electro Shot|p2b: Gholdengo
|-activate|p2b: Gholdengo|move: Protect
|
|-weather|RainDance|[upkeep]
|-heal|p2a: Rillaboom|35/100|[from] Grassy Terrain
|upkeep
|
|t:|1757812271
|switch|p1a: rocky|Annihilape, L50, M|100/100
|turn|5
|
|t:|1757812285
|switch|p2b: Incineroar|Incineroar, L50, M|100/100
|-ability|p2b: Incineroar|Intimidate|boost
|-unboost|p1a: rocky|atk|1
|-ability|p1a: rocky|Defiant|boost
|-boost|p1a: rocky|atk|2
|-unboost|p1b: megadramon|atk|1
|move|p1a: rocky|Rage Fist|p2b: Incineroar
|-resisted|p2b: Incineroar
|-damage|p2b: Incineroar|84/100
|move|p1b: megadramon|Electro Shot||[still]
|-prepare|p1b: megadramon|Electro Shot
|-boost|p1b: megadramon|spa|1
|-anim|p1b: megadramon|Electro Shot|p2b: Incineroar
|-damage|p2b: Incineroar|21/100
|move|p2a: Rillaboom|Wood Hammer|p1a: rocky
|-damage|p1a: rocky|14/100
|-damage|p2a: Rillaboom|5/100|[from] Recoil
|
|-weather|none
|-heal|p1a: rocky|20/100|[from] Grassy Terrain
|-heal|p2a: Rillaboom|10/100|[from] Grassy Terrain
|-heal|p2b: Incineroar|27/100|[from] Grassy Terrain
|upkeep
|turn|6
|
|t:|1757812305
|move|p1a: rocky|Protect|p1a: rocky
|-singleturn|p1a: rocky|Protect
|move|p1b: megadramon|Protect|p1b: megadramon
|-singleturn|p1b: megadramon|Protect
|move|p2b: Incineroar|Fake Out|p1b: megadramon
|-activate|p1b: megadramon|move: Protect
|move|p2a: Rillaboom|Grassy Glide|p1a: rocky
|-activate|p1a: rocky|move: Protect
|
|-heal|p1a: rocky|25/100|[from] Grassy Terrain
|-heal|p2a: Rillaboom|16/100|[from] Grassy Terrain
|-heal|p2b: Incineroar|33/100|[from] Grassy Terrain
|-fieldend|move: Grassy Terrain
|upkeep
|turn|7
|
|t:|1757812323
|-terastallize|p2b: Incineroar|Ghost
|move|p1a: rocky|Drain Punch|p2b: Incineroar
|-immune|p2b: Incineroar
|move|p1b: megadramon|Flash Cannon|p2a: Rillaboom
|-damage|p2a: Rillaboom|0 fnt
|faint|p2a: Rillaboom
|move|p2b: Incineroar|Knock Off|p1a: rocky
|-damage|p1a: rocky|0 fnt
|-enditem|p1a: rocky|Safety Goggles|[from] move: Knock Off|[of] p2b: Incineroar
|faint|p1a: rocky
|
|upkeep
|
|t:|1757812330
|switch|p2a: Gholdengo|Gholdengo, L50|100/100
|turn|8
|
|t:|1757812337
|move|p1b: megadramon|Flash Cannon|p2b: Incineroar
|-damage|p2b: Incineroar|0 fnt
|faint|p2b: Incineroar
|move|p2a: Gholdengo|Nasty Plot|p2a: Gholdengo
|-boost|p2a: Gholdengo|spa|2
|
|upkeep
|turn|9
|
|t:|1757812344
|move|p1b: megadramon|Electro Shot||[still]
|-prepare|p1b: megadramon|Electro Shot
|-boost|p1b: megadramon|spa|1
|-enditem|p1b: megadramon|Power Herb
|-anim|p1b: megadramon|Electro Shot|p2a: Gholdengo
|-damage|p2a: Gholdengo|6/100
|move|p2a: Gholdengo|Shadow Ball|p1b: megadramon
|-ability|p1b: megadramon|Sturdy
|-damage|p1b: megadramon|1/100
|
|-heal|p2a: Gholdengo|12/100|[from] item: Leftovers
|upkeep
|turn|10
|
|t:|1757812359
|move|p1b: megadramon|Flash Cannon|p2a: Gholdengo
|-resisted|p2a: Gholdengo
|-damage|p2a: Gholdengo|0 fnt
|faint|p2a: Gholdengo
|
|win|Vicentefc2
||SlaymonSays is ready for game 2.
||Vicentefc2 is ready for game 2.
|uhtml|next|Next: Game 2 of 3
