|j|☆doingVGCthings
|j|☆SleepySilver07
|html|doingVGCthingsSleepySilver07    
|uhtml|bestof|Game 3 of a best-of-3
|t:|1756682630
|gametype|doubles
|player|p1|doingVGCthings|swimmer-gen4dp|1167
|player|p2|SleepySilver07|265|1059
|gen|9
|tier|[Gen 9] VGC 2025 Reg H (Bo3)
|rated|
|rule|Species Clause: Limit one of each Pokémon
|rule|Item Clause: Limit 1 of each item
|clearpoke
|poke|p1|Volcarona, L50, M|
|poke|p1|Electabuzz, L50, M|
|poke|p1|Kingambit, L50, F|
|poke|p1|Sneasler, L50, M|
|poke|p1|Rillaboom, L50, M|
|poke|p1|Dragonite, L50, F|
|poke|p2|Garchomp, L50, F|
|poke|p2|Talonflame, L50, F|
|poke|p2|Gothitelle, L50, M|
|poke|p2|Sylveon, L50, M|
|poke|p2|Tyranitar, L50, F|
|poke|p2|Gholdengo, L50|
|teampreview|4
|showteam|p1|Volcarona||CovertCloak|FlameBody|Protect,HeatWave,TeraBlast,QuiverDance|||M|||50|,,,,,Fairy]Electabuzz||Eviolite|VitalSpirit|Protect,Thunderbolt,Taunt,FollowMe|||M|||50|,,,,,Ghost]Kingambit||SafetyGoggles|Defiant|Protect,KowtowCleave,SuckerPunch,SwordsDance|||F|||50|,,,,,Dark]Sneasler||FocusSash|Unburden|Protect,DireClaw,CloseCombat,Coaching|||M|||50|,,,,,Stellar]Rillaboom||AssaultVest|GrassySurge|WoodHammer,GrassyGlide,HighHorsepower,FakeOut|||M|||50|,,,,,Fire]Dragonite||LoadedDice|InnerFocus|Protect,ScaleShot,ExtremeSpeed,Haze|||F|||50|,,,,,Normal
|showteam|p2|Garchomp||LifeOrb|SandVeil|Earthquake,DragonClaw,StompingTantrum,Protect|||F|||50|,,,,,Steel]Talonflame||CovertCloak|GaleWings|BraveBird,Taunt,Tailwind,Defog|||F|||50|,,,,,Grass]Gothitelle||SafetyGoggles|ShadowTag|Psychic,FakeOut,HelpingHand,TrickRoom|||M|||50|,,,,,Steel]Sylveon||ChoiceSpecs|Pixilate|HyperVoice,HyperBeam,TeraBlast,ShadowBall|||M|||50|,,,,,Stellar]Tyranitar||AssaultVest|SandStream|RockSlide,KnockOff,TeraBlast,LowKick|||F|||50|,,,,,Flying]Gholdengo||SitrusBerry|GoodasGold|MakeItRain,ShadowBall,Protect,NastyPlot||||||50|,,,,,Flying
|inactive|Battle timer is ON: inactive players will automatically lose when time's up. (requested by doingVGCthings)
|
|t:|1756682646
|teamsize|p1|4
|teamsize|p2|4
|start
|switch|p1a: Volcarona|Volcarona, L50, M|100/100
|switch|p1b: Electabuzz|Electabuzz, L50, M|100/100
|switch|p2a: Gothitelle|Gothitelle, L50, M|100/100
|switch|p2b: Tyranitar|Tyranitar, L50, F|100/100
|-weather|Sandstorm|[from] ability: Sand Stream|[of] p2b: Tyranitar
|turn|1
|
|t:|1756682664
|move|p1b: Electabuzz|Protect|p1b: Electabuzz
|-singleturn|p1b: Electabuzz|Protect
|move|p1a: Volcarona|Protect|p1a: Volcarona
|-singleturn|p1a: Volcarona|Protect
|move|p2a: Gothitelle|Fake Out|p1b: Electabuzz
|-activate|p1b: Electabuzz|move: Protect
|move|p2b: Tyranitar|Rock Slide|p1b: Electabuzz|[spread] 
|-activate|p1a: Volcarona|move: Protect
|-activate|p1b: Electabuzz|move: Protect
|
|-weather|Sandstorm|[upkeep]
|-damage|p1b: Electabuzz|95/100|[from] Sandstorm
|-damage|p1a: Volcarona|95/100|[from] Sandstorm
|upkeep
|turn|2
|
|t:|1756682682
|-terastallize|p1a: Volcarona|Fairy
|move|p1b: Electabuzz|Taunt|p2a: Gothitelle
|-start|p2a: Gothitelle|move: Taunt
|move|p1a: Volcarona|Quiver Dance|p1a: Volcarona
|-boost|p1a: Volcarona|spa|1
|-boost|p1a: Volcarona|spd|1
|-boost|p1a: Volcarona|spe|1
|move|p2b: Tyranitar|Knock Off|p1b: Electabuzz
|-damage|p1b: Electabuzz|48/100
|-enditem|p1b: Electabuzz|Eviolite|[from] move: Knock Off|[of] p2b: Tyranitar
|cant|p2a: Gothitelle|move: Taunt|Trick Room
|
|-weather|Sandstorm|[upkeep]
|-damage|p1a: Volcarona|89/100|[from] Sandstorm
|-damage|p1b: Electabuzz|42/100|[from] Sandstorm
|upkeep
|turn|3
|
|t:|1756682697
|move|p1b: Electabuzz|Follow Me|p1b: Electabuzz
|-singleturn|p1b: Electabuzz|move: Follow Me
|move|p1a: Volcarona|Quiver Dance|p1a: Volcarona
|-boost|p1a: Volcarona|spa|1
|-boost|p1a: Volcarona|spd|1
|-boost|p1a: Volcarona|spe|1
|move|p2a: Gothitelle|Psychic|p1b: Electabuzz
|-damage|p1b: Electabuzz|2/100
|move|p2b: Tyranitar|Rock Slide|p1a: Volcarona|[spread] p1a,p1b
|-damage|p1a: Volcarona|54/100
|-damage|p1b: Electabuzz|0 fnt
|faint|p1b: Electabuzz
|
|-weather|Sandstorm|[upkeep]
|-damage|p1a: Volcarona|48/100|[from] Sandstorm
|upkeep
|
|t:|1756682712
|switch|p1b: Rillaboom|Rillaboom, L50, M|100/100
|-fieldstart|move: Grassy Terrain|[from] ability: Grassy Surge|[of] p1b: Rillaboom
|turn|4
|
|t:|1756682731
|switch|p2b: Garchomp|Garchomp, L50, F|100/100
|move|p1b: Rillaboom|Fake Out|p2b: Garchomp
|-damage|p2b: Garchomp|87/100
|move|p1a: Volcarona|Heat Wave|p2b: Garchomp|[spread] p2a,p2b
|-resisted|p2b: Garchomp
|-damage|p2a: Gothitelle|35/100
|-damage|p2b: Garchomp|49/100
|move|p2a: Gothitelle|Psychic|p1a: Volcarona
|-damage|p1a: Volcarona|31/100
|
|-weather|Sandstorm|[upkeep]
|-damage|p1a: Volcarona|25/100|[from] Sandstorm
|-damage|p1b: Rillaboom|95/100|[from] Sandstorm
|-heal|p1a: Volcarona|31/100|[from] Grassy Terrain
|-heal|p2b: Garchomp|55/100|[from] Grassy Terrain
|-heal|p1b: Rillaboom|100/100|[from] Grassy Terrain
|-heal|p2a: Gothitelle|41/100|[from] Grassy Terrain
|-end|p2a: Gothitelle|move: Taunt
|upkeep
|turn|5
|
|t:|1756682758
|move|p1a: Volcarona|Heat Wave|p2a: Gothitelle|[spread] p2a
|-miss|p1a: Volcarona|p2b: Garchomp
|-damage|p2a: Gothitelle|0 fnt
|faint|p2a: Gothitelle
|move|p2b: Garchomp|Stomping Tantrum|p1a: Volcarona
|-damage|p1a: Volcarona|0 fnt
|-status|p2b: Garchomp|brn|[from] ability: Flame Body|[of] p1a: Volcarona
|faint|p1a: Volcarona
|-damage|p2b: Garchomp|45/100 brn|[from] item: Life Orb
|move|p1b: Rillaboom|Wood Hammer|p2b: Garchomp
|-damage|p2b: Garchomp|0 fnt
|faint|p2b: Garchomp
|-damage|p1b: Rillaboom|87/100|[from] Recoil
|
|-weather|none
|-heal|p1b: Rillaboom|93/100|[from] Grassy Terrain
|upkeep
|
|t:|1756682774
|switch|p2b: Tyranitar|Tyranitar, L50, F|100/100
|switch|p1a: Sneasler|Sneasler, L50, M|100/100
|switch|p2a: Sylveon|Sylveon, L50, M|100/100
|-weather|Sandstorm|[from] ability: Sand Stream|[of] p2b: Tyranitar
|turn|6
|inactive|doingVGCthings has 30 seconds left.
|
|t:|1756682806
|-terastallize|p2b: Tyranitar|Flying
|move|p1a: Sneasler|Dire Claw|p2a: Sylveon
|-supereffective|p2a: Sylveon
|-damage|p2a: Sylveon|0 fnt
|faint|p2a: Sylveon
|move|p1b: Rillaboom|Wood Hammer|p2b: Tyranitar
|-resisted|p2b: Tyranitar
|-damage|p2b: Tyranitar|69/100
|-damage|p1b: Rillaboom|84/100|[from] Recoil
|move|p2b: Tyranitar|Tera Blast|p1a: Sneasler|[anim] Tera Blast Flying
|-supereffective|p1a: Sneasler
|-enditem|p1a: Sneasler|Focus Sash
|-damage|p1a: Sneasler|1/100
|
|-weather|Sandstorm|[upkeep]
|-damage|p1a: Sneasler|0 fnt|[from] Sandstorm
|-damage|p1b: Rillaboom|78/100|[from] Sandstorm
|-damage|p2b: Tyranitar|63/100|[from] Sandstorm
|faint|p1a: Sneasler
|-heal|p1b: Rillaboom|84/100|[from] Grassy Terrain
|upkeep
|turn|7
|
|t:|1756682826
|move|p1b: Rillaboom|Wood Hammer|p2b: Tyranitar
|-resisted|p2b: Tyranitar
|-damage|p2b: Tyranitar|31/100
|-damage|p1b: Rillaboom|74/100|[from] Recoil
|move|p2b: Tyranitar|Tera Blast|p1b: Rillaboom|[anim] Tera Blast Flying
|-supereffective|p1b: Rillaboom
|-damage|p1b: Rillaboom|0 fnt
|faint|p1b: Rillaboom
|
|win|SleepySilver07
|raw|doingVGCthings's rating: 1167 → 1134(-33 for losing)
|raw|SleepySilver07's rating: 1059 → 1100(+41 for winning)
