|j|☆Akalaman
|j|☆LegionVGC
|html|AkalamanLegionVGC    
|uhtml|bestof|Game 3 of a best-of-3
|t:|1757862339
|gametype|doubles
|player|p1|Akalaman|266|1190
|player|p2|LegionVGC|170|1172
|gen|9
|tier|[Gen 9] VGC 2025 Reg H (Bo3)
|rated|
|rule|Species Clause: Limit one of each Pokémon
|rule|Item Clause: Limit 1 of each item
|clearpoke
|poke|p1|Typhlosion-Hisui, L50, M|
|poke|p1|Ninetales, L50, F|
|poke|p1|Venusaur, L50, M|
|poke|p1|Garganacl, L50, F|
|poke|p1|Whimsicott, L50, F|
|poke|p1|Pawmot, L50, F|
|poke|p2|Jumpluff, L50, M|
|poke|p2|Charizard, L50, M|
|poke|p2|Incineroar, L50, M|
|poke|p2|Ursaluna, L50, M|
|poke|p2|Porygon2, L50|
|poke|p2|Torkoal, L50, M|
|teampreview|4
|showteam|p1|Typhlosion-Hisui||ChoiceScarf|Blaze|Eruption,HeatWave,ShadowBall,Poltergeist|||M|||50|,,,,,Fire]Ninetales||EjectPack|Drought|Overheat,WillOWisp,EnergyBall,Protect|||F|||50|,,,,,Fairy]Venusaur||WideLens|Chlorophyll|SleepPowder,LeafStorm,SludgeBomb,Protect|||M|||50|,,,,,Poison]Garganacl||Leftovers|PurifyingSalt|SaltCure,IronDefense,Recover,BodyPress|||F|||50|,,,,,Ghost]Whimsicott||CovertCloak|Prankster|SunnyDay,Taunt,Tailwind,Moonblast|||F|||50|,,,,,Dark]Pawmot||FocusSash|IronFist|ThunderPunch,DoubleShock,CloseCombat,Protect|||F|||50|,,,,,Electric
|showteam|p2|Jumpluff||CovertCloak|Chlorophyll|RagePowder,SleepPowder,SunnyDay,Tailwind|||M|||50|,,,,,Water]Charizard||ChoiceSpecs|SolarPower|HeatWave,Overheat,WeatherBall,AirSlash|||M|||50|,,,,,Ghost]Incineroar||SafetyGoggles|Intimidate|FlareBlitz,KnockOff,FakeOut,PartingShot|||M|||50|,,,,,Ghost]Ursaluna||FlameOrb|Guts|HeadlongRush,Facade,Earthquake,Protect|||M|||50|,,,,,Ghost]Porygon2||Eviolite|Download|TeraBlast,IceBeam,Recover,TrickRoom||||||50|,,,,,Fighting]Torkoal||EjectPack|Drought|Eruption,Overheat,HelpingHand,Protect|||M|||50|,,,,,Fire
|inactive|Battle timer is ON: inactive players will automatically lose when time's up. (requested by LegionVGC)
|
|t:|1757862371
|teamsize|p1|4
|teamsize|p2|4
|start
|switch|p1a: Garganacl|Garganacl, L50, F|100/100
|switch|p1b: Venusaur|Venusaur, L50, M|100/100
|switch|p2a: Scat Pack|Incineroar, L50, M|100/100
|switch|p2b: Starbreaker|Porygon2, L50|100/100
|-ability|p2a: Scat Pack|Intimidate|boost
|-unboost|p1a: Garganacl|atk|1
|-unboost|p1b: Venusaur|atk|1
|-ability|p2b: Starbreaker|Download|boost
|-boost|p2b: Starbreaker|atk|1
|turn|1
|
|t:|1757862394
|move|p2a: Scat Pack|Flare Blitz|p1b: Venusaur
|-supereffective|p1b: Venusaur
|-damage|p1b: Venusaur|0 fnt
|faint|p1b: Venusaur
|-damage|p2a: Scat Pack|70/100|[from] Recoil
|move|p1a: Garganacl|Salt Cure|p2a: Scat Pack
|-supereffective|p2a: Scat Pack
|-damage|p2a: Scat Pack|51/100
|-start|p2a: Scat Pack|Salt Cure
|move|p2b: Starbreaker|Trick Room|p2b: Starbreaker
|-fieldstart|move: Trick Room|[of] p2b: Starbreaker
|
|-damage|p2a: Scat Pack|39/100|[from] Salt Cure
|upkeep
|
|t:|1757862407
|switch|p1b: Pawmot|Pawmot, L50, F|100/100
|turn|2
|
|t:|1757862435
|-terastallize|p2b: Starbreaker|Fighting
|move|p1a: Garganacl|Body Press|p2a: Scat Pack
|-supereffective|p2a: Scat Pack
|-damage|p2a: Scat Pack|0 fnt
|faint|p2a: Scat Pack
|move|p2b: Starbreaker|Ice Beam|p1a: Garganacl
|-damage|p1a: Garganacl|81/100
|move|p1b: Pawmot|Close Combat|p2b: Starbreaker
|-damage|p2b: Starbreaker|65/100
|-unboost|p1b: Pawmot|def|1
|-unboost|p1b: Pawmot|spd|1
|
|-heal|p1a: Garganacl|87/100|[from] item: Leftovers
|upkeep
|
|t:|1757862448
|switch|p2a: Turtle|Torkoal, L50, M|100/100
|-weather|SunnyDay|[from] ability: Drought|[of] p2a: Turtle
|turn|3
|inactive|LegionVGC has 30 seconds left.
|
|t:|1757862476
|move|p1b: Pawmot|Protect|p1b: Pawmot
|-singleturn|p1b: Pawmot|Protect
|move|p2a: Turtle|Eruption|p1b: Pawmot|[spread] p1a
|-activate|p1b: Pawmot|move: Protect
|-resisted|p1a: Garganacl
|-damage|p1a: Garganacl|62/100
|move|p1a: Garganacl|Salt Cure|p2a: Turtle
|-supereffective|p2a: Turtle
|-damage|p2a: Turtle|87/100
|-start|p2a: Turtle|Salt Cure
|move|p2b: Starbreaker|Ice Beam|p1a: Garganacl
|-damage|p1a: Garganacl|43/100
|
|-weather|SunnyDay|[upkeep]
|-heal|p1a: Garganacl|49/100|[from] item: Leftovers
|-damage|p2a: Turtle|75/100|[from] Salt Cure
|upkeep
|turn|4
|inactive|LegionVGC has 30 seconds left.
|
|t:|1757862509
|move|p2a: Turtle|Eruption|p1a: Garganacl|[spread] p1a,p1b
|-resisted|p1a: Garganacl
|-damage|p1a: Garganacl|30/100
|-enditem|p1b: Pawmot|Focus Sash
|-damage|p1b: Pawmot|1/100
|move|p1a: Garganacl|Recover|p1a: Garganacl
|-heal|p1a: Garganacl|80/100
|move|p2b: Starbreaker|Tera Blast|p1a: Garganacl|[anim] Tera Blast Fighting
|-supereffective|p1a: Garganacl
|-damage|p1a: Garganacl|25/100
|move|p1b: Pawmot|Close Combat|p2b: Starbreaker
|-damage|p2b: Starbreaker|28/100
|-unboost|p1b: Pawmot|def|1
|-unboost|p1b: Pawmot|spd|1
|
|-weather|SunnyDay|[upkeep]
|-heal|p1a: Garganacl|31/100|[from] item: Leftovers
|-damage|p2a: Turtle|62/100|[from] Salt Cure
|upkeep
|turn|5
|
|t:|1757862532
|move|p1b: Pawmot|Protect|p1b: Pawmot
|-singleturn|p1b: Pawmot|Protect
|move|p2a: Turtle|Overheat|p1a: Garganacl
|-resisted|p1a: Garganacl
|-damage|p1a: Garganacl|4/100
|-unboost|p2a: Turtle|spa|2
|-enditem|p2a: Turtle|Eject Pack
|
|t:|1757862540
|switch|p2a: Baloo|Ursaluna, L50, M, shiny|100/100
|move|p1a: Garganacl|Salt Cure|p2b: Starbreaker
|-resisted|p2b: Starbreaker
|-damage|p2b: Starbreaker|24/100
|-start|p2b: Starbreaker|Salt Cure
|move|p2b: Starbreaker|Recover|p2b: Starbreaker
|-heal|p2b: Starbreaker|74/100
|
|-weather|SunnyDay|[upkeep]
|-heal|p1a: Garganacl|10/100|[from] item: Leftovers
|-damage|p2b: Starbreaker|62/100|[from] Salt Cure
|-fieldend|move: Trick Room
|-status|p2a: Baloo|brn|[from] item: Flame Orb
|upkeep
|turn|6
|inactive|LegionVGC has 30 seconds left.
|inactive|LegionVGC has 20 seconds left.
|inactive|LegionVGC has 15 seconds left.
|inactive|Akalaman has 30 seconds left.
|
|t:|1757862585
|-terastallize|p1b: Pawmot|Electric
|move|p2a: Baloo|Protect|p2a: Baloo
|-singleturn|p2a: Baloo|Protect
|move|p1b: Pawmot|Double Shock|p2b: Starbreaker
|-damage|p2b: Starbreaker|8/100
|-start|p1b: Pawmot|typechange|Electric|[from] move: Double Shock
|move|p2b: Starbreaker|Ice Beam|p1a: Garganacl
|-damage|p1a: Garganacl|0 fnt
|faint|p1a: Garganacl
|
|-weather|SunnyDay|[upkeep]
|-damage|p2a: Baloo|95/100 brn|[from] brn
|-damage|p2b: Starbreaker|0 fnt|[from] Salt Cure
|faint|p2b: Starbreaker
|upkeep
|
|t:|1757862598
|switch|p2b: Turtle|Torkoal, L50, M|62/100
|switch|p1a: Typhlosion|Typhlosion-Hisui, L50, M|100/100
|turn|7
|
|t:|1757862609
|move|p2b: Turtle|Helping Hand|p2a: Baloo
|-singleturn|p2a: Baloo|Helping Hand|[of] p2b: Turtle
|move|p1a: Typhlosion|Eruption|p2b: Turtle|[spread] p2a,p2b
|-resisted|p2b: Turtle
|-damage|p2a: Baloo|11/100 brn
|-damage|p2b: Turtle|3/100
|move|p1b: Pawmot|Close Combat|p2a: Baloo
|-supereffective|p2a: Baloo
|-damage|p2a: Baloo|0 fnt
|-unboost|p1b: Pawmot|def|1
|-unboost|p1b: Pawmot|spd|1
|faint|p2a: Baloo
|
|-weather|none
|upkeep
|turn|8
|c|☆Akalaman|Gg
|inactive|LegionVGC has 30 seconds left.
|
|t:|1757862639
|move|p2b: Turtle|Helping Hand|p2: Baloo|[notarget]
|-fail|p2b: Turtle
|move|p1a: Typhlosion|Eruption|p2b: Turtle
|-resisted|p2b: Turtle
|-damage|p2b: Turtle|0 fnt
|faint|p2b: Turtle
|
|win|Akalaman
|raw|Akalaman's rating: 1190 → 1214(+24 for winning)
|raw|LegionVGC's rating: 1172 → 1148(-24 for losing)
|l|☆Akalaman
|player|p1|
