|j|☆Picoti
|j|☆Hntf
|html|PicotiHntf    
|uhtml|bestof|Game 1 of a best-of-3
|t:|1783646751
|gametype|doubles
|player|p1|Picoti|170|1078
|player|p2|Hntf|265|1095
|gen|9
|tier|[Gen 9 Champions] VGC 2026 Reg M-B (Bo3)
|rated|
|rule|Species Clause: Limit one of each Pokémon
|rule|Item Clause: Limit 1 of each item
|clearpoke
|poke|p1|Blaziken, L50, M|
|poke|p1|Aerodactyl, L50, F|
|poke|p1|Kingambit, L50, F|
|poke|p1|Basculegion, L50, M|
|poke|p1|Sylveon, L50, F|
|poke|p1|Torkoal, L50, F|
|poke|p2|Mawile, L50, F|
|poke|p2|Farigiraf, L50, F|
|poke|p2|Torkoal, L50, M|
|poke|p2|Annihilape, L50, F|
|poke|p2|Tyranitar, L50, M|
|poke|p2|Whimsicott, L50, F|
|teampreview|4
|showteam|p1|Blaziken||Blazikenite|SpeedBoost|FlareBlitz,CloseCombat,Protect,RockSlide|Adamant||M|||50|]Aerodactyl||Aerodactylite|Unnerve|RockSlide,DualWingbeat,Tailwind,WideGuard|Jolly||F|||50|]Kingambit||LifeOrb|Defiant|KowtowCleave,Protect,IronHead,SuckerPunch|Adamant||F|||50|]Basculegion||FocusSash|Adaptability|Liquidation,Protect,LastRespects,AquaJet|Adamant||M|||50|]Sylveon||FairyFeather|Pixilate|HyperVoice,Moonblast,QuickAttack,Protect|Modest||F|||50|]Torkoal||Leftovers|Drought|BurningJealousy,WeatherBall,Protect,Yawn|Relaxed||F|||50|
|showteam|p2|Mawile||Mawilite|Intimidate|PlayRough,SuckerPunch,IronHead,Protect|Adamant||F|||50|]Farigiraf||ColburBerry|ArmorTail|TrickRoom,Thunderbolt,Psychic,HelpingHand|Relaxed||F|||50|]Torkoal||Charcoal|Drought|Eruption,SolarBeam,WeatherBall,Protect|Quiet||M|||50|]Annihilape||LifeOrb|Defiant|RageFist,DrainPunch,CloseCombat,Protect|Adamant||F|||50|]Tyranitar||Tyranitarite|SandStream|IcePunch,RockSlide,KnockOff,Protect|Adamant||M|||50|]Whimsicott||FocusSash|Prankster|SunnyDay,EnergyBall,Tailwind,Encore|Modest||F|||50|
|inactive|Battle timer is ON: inactive players will automatically lose when time's up. (requested by Picoti)
|
|t:|1783646763
|teamsize|p1|4
|teamsize|p2|4
|start
|switch|p1a: Blaziken|Blaziken, L50, M|100/100
|switch|p1b: Kingambit|Kingambit, L50, F|100/100
|switch|p2a: Annihilape|Annihilape, L50, F|100/100
|switch|p2b: Farigiraf|Farigiraf, L50, F|100/100
|turn|1
|
|t:|1783646777
|switch|p1b: Torkoal|Torkoal, L50, F|100/100
|-weather|SunnyDay|[from] ability: Drought|[of] p1b: Torkoal
|detailschange|p1a: Blaziken|Blaziken-Mega, L50, M
|-mega|p1a: Blaziken|Blaziken|Blazikenite
|move|p1a: Blaziken|Flare Blitz|p2b: Farigiraf
|-damage|p2b: Farigiraf|2/100
|-damage|p1a: Blaziken|53/100|[from] Recoil
|move|p2a: Annihilape|Drain Punch|p1b: Torkoal
|-damage|p1b: Torkoal|68/100
|-damage|p2a: Annihilape|90/100|[from] item: Life Orb
|move|p2b: Farigiraf|Trick Room|p2b: Farigiraf
|-fieldstart|move: Trick Room|[of] p2b: Farigiraf
|
|-weather|SunnyDay|[upkeep]
|-heal|p1b: Torkoal|74/100|[from] item: Leftovers
|-ability|p1a: Blaziken|Speed Boost|boost
|-boost|p1a: Blaziken|spe|1
|upkeep
|turn|2
|inactive|Hntf has 30 seconds left.
|
|t:|1783646808
|switch|p2b: Tyranitar|Tyranitar, L50, M|100/100
|-weather|Sandstorm|[from] ability: Sand Stream|[of] p2b: Tyranitar
|move|p1b: Torkoal|Burning Jealousy|p2b: Tyranitar|[spread] p2a,p2b
|-resisted|p2b: Tyranitar|1
|-damage|p2a: Annihilape|75/100
|-damage|p2b: Tyranitar|95/100
|move|p2a: Annihilape|Close Combat|p1a: Blaziken
|-damage|p1a: Blaziken|0 fnt
|-unboost|p2a: Annihilape|def|1
|-unboost|p2a: Annihilape|spd|1
|faint|p1a: Blaziken
|-damage|p2a: Annihilape|65/100|[from] item: Life Orb
|
|-weather|Sandstorm|[upkeep]
|-damage|p1b: Torkoal|68/100|[from] Sandstorm
|-damage|p2a: Annihilape|59/100|[from] Sandstorm
|-heal|p1b: Torkoal|74/100|[from] item: Leftovers
|upkeep
|
|t:|1783646820
|switch|p1a: Kingambit|Kingambit, L50, F|100/100
|turn|3
|
|t:|1783646833
|switch|p2b: Farigiraf|Farigiraf, L50, F|2/100
|move|p1b: Torkoal|Yawn|p2b: Farigiraf
|-start|p2b: Farigiraf|move: Yawn|[of] p1b: Torkoal
|move|p1a: Kingambit|Kowtow Cleave|p2a: Annihilape
|-damage|p2a: Annihilape|0 fnt
|faint|p2a: Annihilape
|-damage|p1a: Kingambit|90/100|[from] item: Life Orb
|
|-weather|Sandstorm|[upkeep]
|-damage|p1b: Torkoal|68/100|[from] Sandstorm
|-damage|p2b: Farigiraf|0 fnt|[from] Sandstorm
|faint|p2b: Farigiraf
|-heal|p1b: Torkoal|74/100|[from] item: Leftovers
|upkeep
|
|t:|1783646850
|switch|p2b: Mawile|Mawile, L50, F|100/100
|switch|p2a: Tyranitar|Tyranitar, L50, M|95/100
|-ability|p2b: Mawile|Intimidate|boost
|-unboost|p1a: Kingambit|atk|1
|-ability|p1a: Kingambit|Defiant|boost
|-boost|p1a: Kingambit|atk|2
|-unboost|p1b: Torkoal|atk|1
|turn|4
|
|t:|1783646862
|detailschange|p2b: Mawile|Mawile-Mega, L50, F
|-mega|p2b: Mawile|Mawile|Mawilite
|move|p1b: Torkoal|Yawn|p2a: Tyranitar
|-start|p2a: Tyranitar|move: Yawn|[of] p1b: Torkoal
|move|p1a: Kingambit|Iron Head|p2b: Mawile
|-damage|p2b: Mawile|10/100
|-damage|p1a: Kingambit|80/100|[from] item: Life Orb
|move|p2a: Tyranitar|Rock Slide|p1a: Kingambit|[spread] p1a
|-miss|p2a: Tyranitar|p1b: Torkoal
|-resisted|p1a: Kingambit|1
|-damage|p1a: Kingambit|67/100
|cant|p2b: Mawile|flinch
|
|-weather|Sandstorm|[upkeep]
|-damage|p1b: Torkoal|68/100|[from] Sandstorm
|-heal|p1b: Torkoal|74/100|[from] item: Leftovers
|upkeep
|turn|5
|-message|Hntf forfeited.
|
|win|Picoti
|l|☆Hntf
|player|p2|
