|j|☆Lildrewq
|j|☆clearmomdotcom
|html|Lildrewqclearmomdotcom    
|uhtml|bestof|Game 3 of a best-of-3
|t:|1754110535
|gametype|doubles
|player|p1|Lildrewq|170|1138
|player|p2|clearmomdotcom|waitress|1242
|gen|9
|tier|[Gen 9] VGC 2025 Reg H (Bo3)
|rated|
|rule|Species Clause: Limit one of each Pokémon
|rule|Item Clause: Limit 1 of each item
|clearpoke
|poke|p1|Gholdengo, L50|
|poke|p1|Garchomp, L50, F|
|poke|p1|Hydreigon, L50, F|
|poke|p1|Amoonguss, L50, F|
|poke|p1|Incineroar, L50, M|
|poke|p1|Sneasler, L50, F|
|poke|p2|Indeedee, L50, M|
|poke|p2|Sneasler, L50, M|
|poke|p2|Torkoal, L50, F|
|poke|p2|Exeggutor, L50, F|
|poke|p2|Lilligant-Hisui, L50, F|
|poke|p2|Ursaluna-Bloodmoon, L50, M|
|teampreview|4
|showteam|p1|Gholdengo||MetalCoat|GoodasGold|MakeItRain,ShadowBall,NastyPlot,Protect||||||50|,,,,,Water]Garchomp||LifeOrb|RoughSkin|Earthquake,DragonClaw,Protect,StompingTantrum|||F|||50|,,,,,Fire]Hydreigon||SafetyGoggles|Levitate|DracoMeteor,Snarl,Protect,Tailwind|||F|||50|,,,,,Ghost]Amoonguss||CovertCloak|Regenerator|PollenPuff,Spore,RagePowder,Protect|||F|||50|,,,,,Fairy]Incineroar||AssaultVest|Intimidate|FlareBlitz,KnockOff,Uturn,FakeOut|||M|||50|,,,,,Grass]Sneasler||FocusSash|Unburden|CloseCombat,DireClaw,Coaching,Protect|||F|||50|,,,,,Ghost
|showteam|p2|Indeedee||FocusSash|PsychicSurge|ExpandingForce,Imprison,Protect,TrickRoom|||M|||50|,,,,,Psychic]Sneasler||PsychicSeed|Unburden|ThroatChop,CloseCombat,DireClaw,Protect|||M|||50|,,,,,Dark]Torkoal||EjectPack|Drought|Eruption,Overheat,Protect,HelpingHand|||F|||50|,,,,,Fire]Exeggutor||LifeOrb|Chlorophyll|ExpandingForce,SleepPowder,Protect,EnergyBall|||F|||50|,,,,,Psychic]Lilligant-Hisui||ClearAmulet|Chlorophyll|CloseCombat,AfterYou,TripleAxel,Protect|||F|||50|,,,,,Ghost]Ursaluna-Bloodmoon||AssaultVest|MindsEye|BloodMoon,EarthPower,HyperVoice,VacuumWave|||M|||50|,,,,,Water
|
|t:|1754110568
|teamsize|p1|4
|teamsize|p2|4
|start
|switch|p1a: Hydreigon|Hydreigon, L50, F|100/100
|switch|p1b: Garchomp|Garchomp, L50, F|100/100
|switch|p2a: Lilligant|Lilligant-Hisui, L50, F|100/100
|switch|p2b: Torkoal|Torkoal, L50, F|100/100
|-weather|SunnyDay|[from] ability: Drought|[of] p2b: Torkoal
|turn|1
|
|t:|1754110593
|-terastallize|p1b: Garchomp|Fire
|move|p1a: Hydreigon|Protect|p1a: Hydreigon
|-singleturn|p1a: Hydreigon|Protect
|move|p2a: Lilligant|Close Combat|p1a: Hydreigon
|-activate|p1a: Hydreigon|move: Protect
|move|p1b: Garchomp|Earthquake|p2b: Torkoal|[spread] p2a,p2b
|-activate|p1a: Hydreigon|move: Protect
|-resisted|p2a: Lilligant
|-supereffective|p2b: Torkoal
|-damage|p2a: Lilligant|63/100
|-damage|p2b: Torkoal|24/100
|-damage|p1b: Garchomp|91/100|[from] item: Life Orb
|move|p2b: Torkoal|Overheat|p1b: Garchomp|[miss]
|-miss|p2b: Torkoal|p1b: Garchomp
|
|-weather|SunnyDay|[upkeep]
|upkeep
|turn|2
|
|t:|1754110622
|switch|p1a: Gholdengo|Gholdengo, L50|100/100
|move|p2a: Lilligant|Protect|p2a: Lilligant
|-singleturn|p2a: Lilligant|Protect
|move|p1b: Garchomp|Dragon Claw|p2a: Lilligant
|-activate|p2a: Lilligant|move: Protect
|move|p2b: Torkoal|Overheat|p1a: Gholdengo
|-supereffective|p1a: Gholdengo
|-damage|p1a: Gholdengo|0 fnt
|-unboost|p2b: Torkoal|spa|2
|faint|p1a: Gholdengo
|-enditem|p2b: Torkoal|Eject Pack
|
|t:|1754110633
|switch|p2b: Sneasler|Sneasler, L50, M|100/100
|
|-weather|SunnyDay|[upkeep]
|upkeep
|
|t:|1754110638
|switch|p1a: Incineroar|Incineroar, L50, M|100/100
|-ability|p1a: Incineroar|Intimidate|boost
|-fail|p2a: Lilligant|unboost|[from] item: Clear Amulet|[of] p2a: Lilligant
|-unboost|p2b: Sneasler|atk|1
|turn|3
|
|t:|1754110669
|switch|p2b: Torkoal|Torkoal, L50, F|24/100
|switch|p1a: Hydreigon|Hydreigon, L50, F|100/100
|-terastallize|p2a: Lilligant|Ghost
|move|p2a: Lilligant|Close Combat|p1a: Hydreigon
|-supereffective|p1a: Hydreigon
|-damage|p1a: Hydreigon|0 fnt
|-unboost|p2a: Lilligant|def|1
|-unboost|p2a: Lilligant|spd|1
|faint|p1a: Hydreigon
|move|p1b: Garchomp|Dragon Claw|p2a: Lilligant
|-damage|p2a: Lilligant|0 fnt
|faint|p2a: Lilligant
|-damage|p1b: Garchomp|81/100|[from] item: Life Orb
|
|-weather|SunnyDay|[upkeep]
|upkeep
|
|t:|1754110683
|switch|p1a: Incineroar|Incineroar, L50, M|100/100
|switch|p2a: Indeedee|Indeedee, L50, M|100/100
|-fieldstart|move: Psychic Terrain|[from] ability: Psychic Surge|[of] p2a: Indeedee
|-ability|p1a: Incineroar|Intimidate|boost
|-unboost|p2a: Indeedee|atk|1
|-unboost|p2b: Torkoal|atk|1
|turn|4
|
|t:|1754110696
|move|p2b: Torkoal|Helping Hand|p2a: Indeedee
|-singleturn|p2a: Indeedee|Helping Hand|[of] p2b: Torkoal
|move|p1b: Garchomp|Protect|p1b: Garchomp
|-singleturn|p1b: Garchomp|Protect
|move|p2a: Indeedee|Expanding Force|p1b: Garchomp|[spread] 
|-activate|p1b: Garchomp|move: Protect
|-immune|p1a: Incineroar
|move|p1a: Incineroar|Knock Off|p2a: Indeedee
|-supereffective|p2a: Indeedee
|-enditem|p2a: Indeedee|Focus Sash
|-damage|p2a: Indeedee|1/100
|
|-weather|SunnyDay|[upkeep]
|upkeep
|turn|5
|
|t:|1754110709
|move|p2a: Indeedee|Protect|p2a: Indeedee
|-singleturn|p2a: Indeedee|Protect
|move|p1b: Garchomp|Dragon Claw|p2a: Indeedee
|-activate|p2a: Indeedee|move: Protect
|move|p1a: Incineroar|Knock Off|p2b: Torkoal
|-damage|p2b: Torkoal|3/100
|move|p2b: Torkoal|Overheat|p1b: Garchomp|[miss]
|-miss|p2b: Torkoal|p1b: Garchomp
|
|-weather|none
|upkeep
|turn|6
|
|t:|1754110728
|switch|p2a: Sneasler|Sneasler, L50, M|100/100
|-enditem|p2a: Sneasler|Psychic Seed
|-boost|p2a: Sneasler|spd|1|[from] item: Psychic Seed
|move|p2b: Torkoal|Protect|p2b: Torkoal
|-singleturn|p2b: Torkoal|Protect
|move|p1b: Garchomp|Dragon Claw|p2a: Sneasler
|-damage|p2a: Sneasler|0 fnt
|faint|p2a: Sneasler
|-damage|p1b: Garchomp|71/100|[from] item: Life Orb
|move|p1a: Incineroar|Flare Blitz|p2b: Torkoal
|-activate|p2b: Torkoal|move: Protect
|
|upkeep
|-message|clearmomdotcom forfeited.
|
|win|Lildrewq
|raw|Lildrewq's rating: 1138 → 1170(+32 for winning)
|raw|clearmomdotcom's rating: 1242 → 1210(-32 for losing)
|l|☆clearmomdotcom
|player|p2|
