|j|☆parsley<3
|j|☆kdan_7
|html|parsley<3kdan_7    
|uhtml|bestof|Game 1 of a best-of-3
|t:|1756443861
|gametype|doubles
|player|p1|parsley<3|lacey|1261
|player|p2|kdan_7|shauntal|1270
|gen|9
|tier|[Gen 9] VGC 2025 Reg H (Bo3)
|rated|
|rule|Species Clause: Limit one of each Pokémon
|rule|Item Clause: Limit 1 of each item
|clearpoke
|poke|p1|Maushold, L50|
|poke|p1|Annihilape, L50, M|
|poke|p1|Gholdengo, L50|
|poke|p1|Ursaluna-Bloodmoon, L50, M|
|poke|p1|Dragonite, L50, M|
|poke|p1|Sneasler, L50, F|
|poke|p2|Amoonguss, L50, M|
|poke|p2|Sneasler, L50, M|
|poke|p2|Gholdengo, L50|
|poke|p2|Incineroar, L50, M|
|poke|p2|Ursaluna-Bloodmoon, L50, M|
|poke|p2|Dragonite, L50, M|
|teampreview|4
|showteam|p1|Maushold||SafetyGoggles|FriendGuard|SuperFang,BeatUp,Protect,FollowMe||||||50|,,,,,Ghost]Annihilape||SitrusBerry|Defiant|RageFist,CloseCombat,Protect,FinalGambit|||M|||50|,,,,,Fire]Gholdengo||LifeOrb|GoodasGold|MakeItRain,ShadowBall,Protect,NastyPlot||||||50|,,,,,Water]Ursaluna-Bloodmoon||AssaultVest|MindsEye|HyperVoice,BloodMoon,EarthPower,VacuumWave|||M|||50|,,,,,Ghost]Dragonite||LoadedDice|Multiscale|ScaleShot,Tailwind,Protect,Haze|||M|||50|,,,,,Fairy]Sneasler||FocusSash|Unburden|DireClaw,CloseCombat,Protect,ThroatChop|||F|||50|,,,,,Stellar
|showteam|p2|Amoonguss||SitrusBerry|Regenerator|RagePowder,Spore,PollenPuff,Protect|||M|||50|,,,,,Psychic]Sneasler||FocusSash|Unburden|Protect,DireClaw,CloseCombat,ThroatChop|||M|||50|,,,,,Stellar]Gholdengo||LifeOrb|GoodasGold|Protect,MakeItRain,ShadowBall,NastyPlot||||||50|,,,,,Water]Incineroar||SafetyGoggles|Intimidate|KnockOff,PartingShot,FlareBlitz,FakeOut|||M|||50|,,,,,Ghost]Ursaluna-Bloodmoon||AssaultVest|MindsEye|BloodMoon,EarthPower,VacuumWave,HyperVoice|||M|||50|,,,,,Water]Dragonite||LoadedDice|Multiscale|ScaleShot,Tailwind,Haze,Protect|||M|||50|,,,,,Fairy
|
|t:|1756443926
|teamsize|p1|4
|teamsize|p2|4
|start
|switch|p1a: mishdengo|Gholdengo, L50|100/100
|switch|p1b: mishold|Maushold, L50|100/100
|switch|p2a: Say Cheese|Gholdengo, L50|100/100
|switch|p2b: Zzzzzzzz|Amoonguss, L50, M|100/100
|turn|1
|
|t:|1756443945
|move|p1b: mishold|Follow Me|p1b: mishold
|-singleturn|p1b: mishold|move: Follow Me
|move|p2b: Zzzzzzzz|Rage Powder|p2b: Zzzzzzzz
|-singleturn|p2b: Zzzzzzzz|move: Rage Powder
|move|p2a: Say Cheese|Nasty Plot|p2a: Say Cheese
|-boost|p2a: Say Cheese|spa|2
|move|p1a: mishdengo|Nasty Plot|p1a: mishdengo
|-boost|p1a: mishdengo|spa|2
|
|upkeep
|turn|2
|
|t:|1756443984
|move|p1b: mishold|Follow Me|p1b: mishold
|-singleturn|p1b: mishold|move: Follow Me
|move|p2b: Zzzzzzzz|Rage Powder|p2b: Zzzzzzzz
|-singleturn|p2b: Zzzzzzzz|move: Rage Powder
|move|p2a: Say Cheese|Make It Rain|p1a: mishdengo|[spread] p1a,p1b
|-resisted|p1a: mishdengo
|-damage|p1a: mishdengo|56/100
|-damage|p1b: mishold|0 fnt
|-unboost|p2a: Say Cheese|spa|1
|faint|p1b: mishold
|-damage|p2a: Say Cheese|91/100|[from] item: Life Orb
|move|p1a: mishdengo|Shadow Ball|p2b: Zzzzzzzz
|-damage|p2b: Zzzzzzzz|13/100
|-unboost|p2b: Zzzzzzzz|spd|1
|-enditem|p2b: Zzzzzzzz|Sitrus Berry|[eat]
|-heal|p2b: Zzzzzzzz|38/100|[from] item: Sitrus Berry
|-damage|p1a: mishdengo|46/100|[from] item: Life Orb
|
|upkeep
|inactive|Battle timer is ON: inactive players will automatically lose when time's up. (requested by kdan_7)
|
|t:|1756444001
|switch|p1b: mishaluna|Ursaluna-Bloodmoon, L50, M|100/100
|turn|3
|
|t:|1756444025
|switch|p2b: Tony|Ursaluna-Bloodmoon, L50, M|100/100
|move|p2a: Say Cheese|Protect|p2a: Say Cheese
|-singleturn|p2a: Say Cheese|Protect
|move|p1a: mishdengo|Protect|p1a: mishdengo
|-singleturn|p1a: mishdengo|Protect
|move|p1b: mishaluna|Hyper Voice|p2b: Tony|[spread] p2b
|-activate|p2a: Say Cheese|move: Protect
|-damage|p2b: Tony|76/100
|
|upkeep
|turn|4
|inactive|parsley<3 has 30 seconds left.
|inactive|kdan_7 has 30 seconds left.
|
|t:|1756444053
|-terastallize|p2a: Say Cheese|Water
|move|p2a: Say Cheese|Make It Rain|p1a: mishdengo|[spread] p1a,p1b
|-resisted|p1a: mishdengo
|-damage|p1a: mishdengo|0 fnt
|-damage|p1b: mishaluna|41/100
|-unboost|p2a: Say Cheese|spa|1
|faint|p1a: mishdengo
|-damage|p2a: Say Cheese|82/100|[from] item: Life Orb
|move|p1b: mishaluna|Earth Power|p2a: Say Cheese
|-damage|p2a: Say Cheese|29/100
|move|p2b: Tony|Hyper Voice|p1b: mishaluna
|-damage|p1b: mishaluna|7/100
|
|upkeep
|
|t:|1756444064
|switch|p1a: mishonite|Dragonite, L50, M|100/100
|turn|5
|
|t:|1756444087
|move|p1b: mishaluna|Vacuum Wave|p2b: Tony
|-supereffective|p2b: Tony
|-damage|p2b: Tony|57/100
|move|p2b: Tony|Vacuum Wave|p1b: mishaluna
|-supereffective|p1b: mishaluna
|-damage|p1b: mishaluna|0 fnt
|faint|p1b: mishaluna
|move|p2a: Say Cheese|Make It Rain|p1a: mishonite
|-damage|p1a: mishonite|61/100
|-unboost|p2a: Say Cheese|spa|1
|-damage|p2a: Say Cheese|19/100|[from] item: Life Orb
|move|p1a: mishonite|Scale Shot|p2b: Tony
|-damage|p2b: Tony|46/100
|-damage|p2b: Tony|36/100
|-damage|p2b: Tony|24/100
|-damage|p2b: Tony|14/100
|-damage|p2b: Tony|3/100
|-hitcount|p2b: Tony|5
|-unboost|p1a: mishonite|def|1
|-boost|p1a: mishonite|spe|1
|
|upkeep
|turn|6
|-message|parsley<3 forfeited.
|
|win|kdan_7
