|j|‽zifisha
|j|☆VenuDaAscoInRain
|html|zifishaVenuDaAscoInRain    
|uhtml|bestof|Game 1 of a best-of-3
|t:|1783523819
|gametype|doubles
|player|p1|zifisha|101|1283
|player|p2|VenuDaAscoInRain|li|1351
|gen|9
|tier|[Gen 9 Champions] VGC 2026 Reg M-B (Bo3)
|rated|
|rule|Species Clause: Limit one of each Pokémon
|rule|Item Clause: Limit 1 of each item
|clearpoke
|poke|p1|Raichu, L50, F, shiny|
|poke|p1|Primarina, L50, F, shiny|
|poke|p1|Scovillain, L50, F, shiny|
|poke|p1|Aerodactyl, L50, F|
|poke|p1|Gholdengo, L50, shiny|
|poke|p1|Incineroar, L50, F, shiny|
|poke|p2|Blaziken, L50, M, shiny|
|poke|p2|Whimsicott, L50, M, shiny|
|poke|p2|Kingambit, L50, M, shiny|
|poke|p2|Basculegion, L50, M, shiny|
|poke|p2|Floette-Eternal, L50, F|
|poke|p2|Glimmora, L50, M, shiny|
|teampreview|4
|showteam|p1|Raichu||RaichuniteY|LightningRod|FakeOut,ZapCannon,FocusBlast,Encore|Timid||F|||50|]Primarina||SitrusBerry|LiquidVoice|Protect,HyperVoice,DazzlingGleam,CalmMind|Modest||F|||50|]Scovillain||Scovillainite|Chlorophyll|LeafStorm,Overheat,RagePowder,Protect|Calm||F|||50|]Aerodactyl||FocusSash|Unnerve|RockSlide,Tailwind,WideGuard,Protect|Jolly||F|||50|]Gholdengo||LifeOrb|GoodasGold|MakeItRain,ShadowBall,NastyPlot,Protect|Modest|||||50|]Incineroar||Charcoal|Intimidate|FakeOut,FlareBlitz,DarkestLariat,Protect|Adamant||F|||50|
|showteam|p2|Blaziken||Blazikenite|SpeedBoost|FlareBlitz,CloseCombat,RockTomb,Protect|Adamant||M|||50|]Whimsicott||CobaBerry|Prankster|Moonblast,Encore,Tailwind,Protect|Timid||M|||50|]Kingambit||BlackGlasses|Defiant|KowtowCleave,SuckerPunch,IronHead,Protect|Adamant||M|||50|]Basculegion||LifeOrb|Adaptability|WaveCrash,AquaJet,LastRespects,Protect|Adamant||M|||50|]Floette-Eternal||Floettite|FlowerVeil|Moonblast,DazzlingGleam,LightofRuin,Protect|Timid||F|||50|]Glimmora||FocusSash|ToxicDebris|PowerGem,SludgeBomb,EnergyBall,SpikyShield|Timid||M|||50|
|inactive|Battle timer is ON: inactive players will automatically lose when time's up. (requested by VenuDaAscoInRain)
|inactive|zifisha has 60 seconds left.
|inactive|VenuDaAscoInRain has 60 seconds left.
|
|t:|1783523868
|teamsize|p1|4
|teamsize|p2|4
|start
|switch|p1a: Raichu|Raichu, L50, F, shiny|100/100
|switch|p1b: Gholdengo|Gholdengo, L50, shiny|100/100
|switch|p2a: Whimsicott|Whimsicott, L50, M, shiny|100/100
|switch|p2b: Glimmora|Glimmora, L50, M, shiny|100/100
|turn|1
|inactive|VenuDaAscoInRain has 30 seconds left.
|
|t:|1783523894
|detailschange|p1a: Raichu|Raichu-Mega-Y, L50, F, shiny
|-mega|p1a: Raichu|Raichu|Raichunite Y
|move|p2a: Whimsicott|Protect|p2a: Whimsicott
|-singleturn|p2a: Whimsicott|Protect
|move|p1a: Raichu|Fake Out|p2b: Glimmora
|-resisted|p2b: Glimmora|1
|-damage|p2b: Glimmora|94/100
|-activate|p2b: Glimmora|ability: Toxic Debris
|-sidestart|p1: zifisha|move: Toxic Spikes
|cant|p2b: Glimmora|flinch
|move|p1b: Gholdengo|Nasty Plot|p1b: Gholdengo
|-boost|p1b: Gholdengo|spa|2
|
|upkeep
|turn|2
|inactive|zifisha has 30 seconds left.
|
|t:|1783523925
|switch|p1a: Incineroar|Incineroar, L50, F, shiny|100/100
|-status|p1a: Incineroar|psn
|-ability|p1a: Incineroar|Intimidate|boost
|-unboost|p2a: Whimsicott|atk|1
|-unboost|p2b: Glimmora|atk|1
|move|p2b: Glimmora|Spiky Shield|p2b: Glimmora
|-singleturn|p2b: Glimmora|move: Protect
|move|p2a: Whimsicott|Tailwind|p2a: Whimsicott
|-sidestart|p2: VenuDaAscoInRain|move: Tailwind
|move|p1b: Gholdengo|Make It Rain|p2a: Whimsicott|[spread] p2a
|-activate|p2b: Glimmora|move: Protect
|-supereffective|p2a: Whimsicott|1
|-damage|p2a: Whimsicott|0 fnt
|-unboost|p1b: Gholdengo|spa|2
|faint|p2a: Whimsicott
|-damage|p1b: Gholdengo|90/100|[from] item: Life Orb
|
|-damage|p1a: Incineroar|87/100 psn|[from] psn
|upkeep
|
|t:|1783523929
|switch|p2a: Basculegion|Basculegion, L50, M, shiny|100/100
|turn|3
|
|t:|1783523951
|move|p2b: Glimmora|Power Gem|p1a: Incineroar
|-supereffective|p1a: Incineroar|1
|-damage|p1a: Incineroar|5/100 psn
|move|p2a: Basculegion|Last Respects|p1b: Gholdengo
|-supereffective|p1b: Gholdengo|1
|-damage|p1b: Gholdengo|0 fnt
|faint|p1b: Gholdengo
|-damage|p2a: Basculegion|90/100|[from] item: Life Orb
|move|p1a: Incineroar|Darkest Lariat|p2a: Basculegion
|-supereffective|p2a: Basculegion|1
|-damage|p2a: Basculegion|0 fnt
|faint|p2a: Basculegion
|
|-damage|p1a: Incineroar|0 fnt|[from] psn
|faint|p1a: Incineroar
|upkeep
|
|t:|1783523959
|switch|p1b: Primarina|Primarina, L50, F, shiny|100/100
|switch|p2a: Blaziken|Blaziken, L50, M, shiny|100/100
|switch|p1a: Raichu|Raichu-Mega-Y, L50, F, shiny|100/100
|-status|p1a: Raichu|psn
|-status|p1b: Primarina|psn
|turn|4
|
|t:|1783523966
|detailschange|p2a: Blaziken|Blaziken-Mega, L50, M, shiny
|-mega|p2a: Blaziken|Blaziken|Blazikenite
|move|p2a: Blaziken|Protect|p2a: Blaziken
|-singleturn|p2a: Blaziken|Protect
|move|p2b: Glimmora|Spiky Shield|p2b: Glimmora
|-singleturn|p2b: Glimmora|move: Protect
|move|p1a: Raichu|Fake Out|p2b: Glimmora
|-activate|p2b: Glimmora|move: Protect
|-damage|p1a: Raichu|87/100 psn|[from] Spiky Shield|[of] p2b: Glimmora
|move|p1b: Primarina|Calm Mind|p1b: Primarina
|-boost|p1b: Primarina|spa|1
|-boost|p1b: Primarina|spd|1
|
|-damage|p1a: Raichu|75/100 psn|[from] psn
|-damage|p1b: Primarina|87/100 psn|[from] psn
|-ability|p2a: Blaziken|Speed Boost|boost
|-boost|p2a: Blaziken|spe|1
|upkeep
|turn|5
|inactive|VenuDaAscoInRain has 30 seconds left.
|inactive|VenuDaAscoInRain has 20 seconds left.
|
|t:|1783524006
|move|p2a: Blaziken|Flare Blitz|p1b: Primarina
|-resisted|p1b: Primarina|1
|-damage|p1b: Primarina|43/100 psn
|-enditem|p1b: Primarina|Sitrus Berry|[eat]
|-heal|p1b: Primarina|68/100 psn|[from] item: Sitrus Berry
|-damage|p2a: Blaziken|84/100|[from] Recoil
|move|p2b: Glimmora|Sludge Bomb|p1b: Primarina
|-supereffective|p1b: Primarina|1
|-damage|p1b: Primarina|10/100 psn
|move|p1a: Raichu|Zap Cannon|p2b: Glimmora
|-damage|p2b: Glimmora|7/100
|-status|p2b: Glimmora|par
|move|p1b: Primarina|Hyper Voice|p2b: Glimmora|[spread] p2a,p2b
|-supereffective|p2a: Blaziken|1
|-supereffective|p2b: Glimmora|1
|-damage|p2a: Blaziken|0 fnt
|-damage|p2b: Glimmora|0 fnt
|faint|p2a: Blaziken
|faint|p2b: Glimmora
|
|win|zifisha
