|j|☆Joriot
|j|☆Mrlotobvious
|html|JoriotMrlotobvious    
|uhtml|bestof|Game 1 of a best-of-3
|t:|1785762800
|gametype|doubles
|player|p1|Joriot|falkner|1184
|player|p2|Mrlotobvious|swimmer-gen4dp|1106
|gen|9
|tier|[Gen 9 Champions] VGC 2026 Reg M-B (Bo3)
|rated|
|rule|Species Clause: Limit one of each Pokémon
|rule|Item Clause: Limit 1 of each item
|clearpoke
|poke|p1|Staraptor, L50, M|
|poke|p1|Arcanine-Hisui, L50, M|
|poke|p1|Kingambit, L50, M|
|poke|p1|Raichu, L50, F|
|poke|p1|Farigiraf, L50, M|
|poke|p1|Sylveon, L50, M|
|poke|p2|Charizard, L50, M|
|poke|p2|Venusaur, L50, F|
|poke|p2|Rotom-Wash, L50|
|poke|p2|Gliscor, L50, M|
|poke|p2|Kingambit, L50, F|
|poke|p2|Arcanine-Hisui, L50, M|
|teampreview|4
|showteam|p1|Staraptor||Staraptite|Intimidate|DualWingbeat,CloseCombat,Tailwind,Protect|Jolly||M|||50|]Arcanine-Hisui||FocusSash|RockHead|FlareBlitz,HeadSmash,ExtremeSpeed,Protect|Jolly||M|||50|]Kingambit||LifeOrb|Defiant|KowtowCleave,SuckerPunch,SwordsDance,Protect|Adamant||M|||50|]Raichu||RaichuniteY|LightningRod|ZapCannon,FocusBlast,FakeOut,Protect|Timid||F|||50|]Farigiraf||SitrusBerry|ArmorTail|Psychic,HelpingHand,TrickRoom,Protect|Calm||M|||50|]Sylveon||FairyFeather|Pixilate|HyperVoice,HyperBeam,QuickAttack,Detect|Modest||M|||50|
|showteam|p2|Charizard||CharizarditeY|Blaze|HeatWave,WeatherBall,SolarBeam,Protect|Calm||M|||50|]Venusaur||Leftovers|Chlorophyll|SunnyDay,EarthPower,SolarBeam,SludgeBomb|Modest||F|||50|]Rotom-Wash||QuickClaw|Levitate|HydroPump,VoltSwitch,Electroweb,ShadowBall|Timid|||||50|]Gliscor||FocusSash|HyperCutter|HighHorsepower,RockSlide,Tailwind,DualWingbeat|Adamant||M|||50|]Kingambit||ExpertBelt|Defiant|KowtowCleave,IronHead,SwordsDance,SuckerPunch|Jolly||F|||50|]Arcanine-Hisui||LifeOrb|RockHead|HeadSmash,FlareBlitz,Outrage,SolarBeam|Adamant||M|||50|
|
|t:|1785762850
|teamsize|p1|4
|teamsize|p2|4
|start
|switch|p1a: Arcanine|Arcanine-Hisui, L50, M|100/100
|switch|p1b: Raichu|Raichu, L50, F|100/100
|switch|p2a: Charizard|Charizard, L50, M|100/100
|switch|p2b: Arcanine|Arcanine-Hisui, L50, M|100/100
|turn|1
|
|t:|1785762896
|detailschange|p1b: Raichu|Raichu-Mega-Y, L50, F
|-mega|p1b: Raichu|Raichu|Raichunite Y
|detailschange|p2a: Charizard|Charizard-Mega-Y, L50, M
|-mega|p2a: Charizard|Charizard|Charizardite Y
|-weather|SunnyDay|[from] ability: Drought|[of] p2a: Charizard
|move|p2a: Charizard|Protect|p2a: Charizard
|-singleturn|p2a: Charizard|Protect
|move|p1b: Raichu|Zap Cannon|p2a: Charizard
|-activate|p2a: Charizard|move: Protect
|move|p1a: Arcanine|Head Smash|p2b: Arcanine
|-supereffective|p2b: Arcanine|1
|-damage|p2b: Arcanine|0 fnt
|faint|p2b: Arcanine
|
|-weather|SunnyDay|[upkeep]
|upkeep
|
|t:|1785762913
|switch|p2b: Gliscor|Gliscor, L50, M|100/100
|turn|2
|
|t:|1785762951
|switch|p1b: Farigiraf|Farigiraf, L50, M|100/100
|move|p1a: Arcanine|Head Smash|p2a: Charizard
|-supereffective|p2a: Charizard|2
|-damage|p2a: Charizard|0 fnt
|faint|p2a: Charizard
|move|p2b: Gliscor|Tailwind|p2b: Gliscor
|-sidestart|p2: Mrlotobvious|move: Tailwind
|
|-weather|SunnyDay|[upkeep]
|upkeep
|
|t:|1785762960
|switch|p2a: Kingambit|Kingambit, L50, F|100/100
|turn|3
|
|t:|1785762987
|move|p1a: Arcanine|Extreme Speed|p2b: Gliscor
|-damage|p2b: Gliscor|80/100
|move|p2a: Kingambit|Sucker Punch||[still]
|cant|p1b: Farigiraf|ability: Armor Tail|Sucker Punch|[of] p2a: Kingambit
|move|p2b: Gliscor|Rock Slide|p1a: Arcanine|[spread] p1a,p1b
|-supereffective|p1a: Arcanine|1
|-damage|p1a: Arcanine|63/100
|-damage|p1b: Farigiraf|87/100
|cant|p1b: Farigiraf|flinch
|
|-weather|SunnyDay|[upkeep]
|upkeep
|turn|4
|
|t:|1785763015
|move|p2b: Gliscor|Rock Slide|p1a: Arcanine|[spread] p1a,p1b
|-supereffective|p1a: Arcanine|1
|-damage|p1a: Arcanine|26/100
|-damage|p1b: Farigiraf|74/100
|move|p2a: Kingambit|Kowtow Cleave|p1b: Farigiraf
|-supereffective|p1b: Farigiraf|1
|-damage|p1b: Farigiraf|0 fnt
|faint|p1b: Farigiraf
|move|p1a: Arcanine|Flare Blitz|p2a: Kingambit
|-supereffective|p2a: Kingambit|1
|-damage|p2a: Kingambit|0 fnt
|faint|p2a: Kingambit
|
|-weather|SunnyDay|[upkeep]
|upkeep
|
|t:|1785763025
|switch|p1b: Raichu|Raichu-Mega-Y, L50, F|100/100
|turn|5
|
|t:|1785763035
|move|p1b: Raichu|Fake Out|p2b: Gliscor
|-damage|p2b: Gliscor|72/100
|cant|p2b: Gliscor|flinch
|move|p1a: Arcanine|Flare Blitz|p2b: Gliscor
|-crit|p2b: Gliscor
|-damage|p2b: Gliscor|0 fnt
|faint|p2b: Gliscor
|
|win|Joriot
