|j|☆salmoncashew
|j|☆PsiqueSpamEnjoyer
|html|salmoncashewPsiqueSpamEnjoyer    
|uhtml|bestof|Game 2 of a best-of-3
|t:|1783741510
|gametype|doubles
|player|p1|salmoncashew|caitlin|1232
|player|p2|PsiqueSpamEnjoyer|2|1104
|gen|9
|tier|[Gen 9 Champions] VGC 2026 Reg M-B (Bo3)
|rated|
|rule|Species Clause: Limit one of each Pokémon
|rule|Item Clause: Limit 1 of each item
|clearpoke
|poke|p1|Whimsicott, L50, F|
|poke|p1|Sneasler, L50, F|
|poke|p1|Basculegion, L50, M|
|poke|p1|Incineroar, L50, M, shiny|
|poke|p1|Pyroar, L50, F, shiny|
|poke|p1|Garchomp, L50, M|
|poke|p2|Tyranitar, L50, F|
|poke|p2|Excadrill, L50, F|
|poke|p2|Sneasler, L50, M|
|poke|p2|Basculegion, L50, M|
|poke|p2|Floette-Eternal, L50, F|
|poke|p2|Talonflame, L50, M|
|teampreview|4
|showteam|p1|Whimsicott||FocusSash|Prankster|Protect,Tailwind,SunnyDay,Moonblast|Timid||F|||50|]Sneasler||WhiteHerb|Unburden|Protect,CloseCombat,ThroatChop,GunkShot|Adamant||F|||50|]Basculegion||ChoiceScarf|Adaptability|LastRespects,FlipTurn,WaveCrash,AquaJet|Jolly||M|||50|]Incineroar||SitrusBerry|Intimidate|FakeOut,PartingShot,ThroatChop,FlareBlitz|Adamant||M|||50|]Pyroar||Pyroarite|Unnerve|Protect,HeatWave,Overheat,SolarBeam|Timid||F|||50|]Garchomp||LifeOrb|RoughSkin|Earthquake,DragonClaw,StompingTantrum,Protect|Adamant||M|||50|
|showteam|p2|Tyranitar||Tyranitarite|SandStream|Protect,RockSlide,KnockOff,DragonDance|Adamant||F|||50|]Excadrill||FocusSash|SandRush|Protect,RockSlide,IronHead,Earthquake|Jolly||F|||50|]Sneasler||WhiteHerb|Unburden|CloseCombat,DireClaw,FakeOut,Protect|Adamant||M|||50|]Basculegion||LifeOrb|Adaptability|AquaJet,LastRespects,WaveCrash,Protect|Adamant||M|||50|]Floette-Eternal||Floettite|FlowerVeil|Protect,DazzlingGleam,CalmMind,LightofRuin|Timid||F|||50|]Talonflame||MentalHerb|GaleWings|DualWingbeat,WillOWisp,Tailwind,Protect|Jolly||M|||50|
|inactive|Battle timer is ON: inactive players will automatically lose when time's up. (requested by salmoncashew)
|
|t:|1783741530
|teamsize|p1|4
|teamsize|p2|4
|start
|switch|p1a: Pyroar|Pyroar, L50, F, shiny|100/100
|switch|p1b: Whimsicott|Whimsicott, L50, F|100/100
|switch|p2a: Sneasler|Sneasler, L50, M|100/100
|switch|p2b: Talonflame|Talonflame, L50, M|100/100
|-ability|p1a: Pyroar|Unnerve
|turn|1
|
|t:|1783741555
|switch|p1b: Basculegion|Basculegion, L50, M|100/100
|detailschange|p1a: Pyroar|Pyroar-Mega, L50, F, shiny
|-mega|p1a: Pyroar|Pyroar|Pyroarite
|move|p2b: Talonflame|Dual Wingbeat|p1b: Basculegion
|-damage|p1b: Basculegion|81/100
|-damage|p1b: Basculegion|59/100
|-hitcount|p1b: Basculegion|2
|move|p1a: Pyroar|Heat Wave|p2a: Sneasler|[spread] p2a,p2b
|-resisted|p2b: Talonflame|1
|-damage|p2a: Sneasler|29/100
|-damage|p2b: Talonflame|58/100
|move|p2a: Sneasler|Close Combat|p1a: Pyroar
|-supereffective|p1a: Pyroar|1
|-damage|p1a: Pyroar|0 fnt
|-unboost|p2a: Sneasler|def|1
|-unboost|p2a: Sneasler|spd|1
|faint|p1a: Pyroar
|-enditem|p2a: Sneasler|White Herb
|-clearnegativeboost|p2a: Sneasler|[silent]
|
|upkeep
|
|t:|1783741569
|switch|p1a: Sneasler|Sneasler, L50, F|100/100
|turn|2
|
|t:|1783741586
|move|p2b: Talonflame|Protect|p2b: Talonflame
|-singleturn|p2b: Talonflame|Protect
|move|p2a: Sneasler|Dire Claw|p1b: Basculegion
|-resisted|p1b: Basculegion|1
|-damage|p1b: Basculegion|36/100
|move|p1b: Basculegion|Flip Turn|p2b: Talonflame
|-activate|p2b: Talonflame|move: Protect
|move|p1a: Sneasler|Close Combat|p2a: Sneasler
|-resisted|p2a: Sneasler|1
|-damage|p2a: Sneasler|0 fnt
|-unboost|p1a: Sneasler|def|1
|-unboost|p1a: Sneasler|spd|1
|faint|p2a: Sneasler
|-enditem|p1a: Sneasler|White Herb
|-clearnegativeboost|p1a: Sneasler|[silent]
|
|upkeep
|
|t:|1783741602
|switch|p2a: Basculegion|Basculegion, L50, M|100/100
|turn|3
|
|t:|1783741624
|switch|p2b: Tyranitar|Tyranitar, L50, F|100/100
|-weather|Sandstorm|[from] ability: Sand Stream|[of] p2b: Tyranitar
|move|p1a: Sneasler|Throat Chop|p2a: Basculegion
|-supereffective|p2a: Basculegion|1
|-damage|p2a: Basculegion|37/100
|-start|p2a: Basculegion|Throat Chop|[silent]
|move|p1b: Basculegion|Flip Turn|p2a: Basculegion
|-resisted|p2a: Basculegion|1
|-damage|p2a: Basculegion|18/100
|
|t:|1783741631
|switch|p1b: Whimsicott|Whimsicott, L50, F|100/100|[from] Flip Turn
|move|p2a: Basculegion|Last Respects|p1b: Whimsicott
|-enditem|p1b: Whimsicott|Focus Sash
|-damage|p1b: Whimsicott|1/100
|-damage|p2a: Basculegion|8/100|[from] item: Life Orb
|
|-weather|Sandstorm|[upkeep]
|-damage|p1a: Sneasler|94/100|[from] Sandstorm
|-damage|p1b: Whimsicott|0 fnt|[from] Sandstorm
|-damage|p2a: Basculegion|2/100|[from] Sandstorm
|faint|p1b: Whimsicott
|upkeep
|
|t:|1783741634
|switch|p1b: Basculegion|Basculegion, L50, M|36/100
|turn|4
|
|t:|1783741658
|move|p2b: Tyranitar|Protect|p2b: Tyranitar
|-singleturn|p2b: Tyranitar|Protect
|move|p2a: Basculegion|Aqua Jet|p1a: Sneasler
|-crit|p1a: Sneasler
|-damage|p1a: Sneasler|12/100
|-damage|p2a: Basculegion|0 fnt|[from] item: Life Orb
|faint|p2a: Basculegion
|move|p1a: Sneasler|Close Combat|p2b: Tyranitar
|-activate|p2b: Tyranitar|move: Protect
|move|p1b: Basculegion|Last Respects|p2b: Tyranitar
|-activate|p2b: Tyranitar|move: Protect
|
|-weather|Sandstorm|[upkeep]
|-damage|p1a: Sneasler|6/100|[from] Sandstorm
|-damage|p1b: Basculegion|29/100|[from] Sandstorm
|upkeep
|
|t:|1783741675
|switch|p2a: Talonflame|Talonflame, L50, M|58/100
|turn|5
|
|t:|1783741683
|move|p2a: Talonflame|Protect|p2a: Talonflame
|-singleturn|p2a: Talonflame|Protect
|move|p2b: Tyranitar|Protect||[still]
|-fail|p2b: Tyranitar
|move|p1a: Sneasler|Close Combat|p2b: Tyranitar
|-supereffective|p2b: Tyranitar|2
|-damage|p2b: Tyranitar|0 fnt
|-unboost|p1a: Sneasler|def|1
|-unboost|p1a: Sneasler|spd|1
|faint|p2b: Tyranitar
|move|p1b: Basculegion|Last Respects|p2a: Talonflame
|-activate|p2a: Talonflame|move: Protect
|
|-weather|Sandstorm|[upkeep]
|-damage|p1a: Sneasler|1/100|[from] Sandstorm
|-damage|p1b: Basculegion|23/100|[from] Sandstorm
|-damage|p2a: Talonflame|52/100|[from] Sandstorm
|upkeep
|turn|6
|
|t:|1783741690
|move|p2a: Talonflame|Protect||[still]
|-fail|p2a: Talonflame
|move|p1a: Sneasler|Gunk Shot|p2a: Talonflame
|-damage|p2a: Talonflame|0 fnt
|faint|p2a: Talonflame
|
|win|salmoncashew
|raw|salmoncashew's rating: 1232 → 1248(+16 for winning)
|raw|PsiqueSpamEnjoyer's rating: 1104 → 1088(-16 for losing)
|l|☆PsiqueSpamEnjoyer
|player|p2|
