|j|☆mr/14/m*
|j|☆marsky
|html|mr/14/m*marsky    
|uhtml|bestof|Game 1 of a best-of-3
|t:|1784136570
|gametype|doubles
|player|p1|mr/14/m*|1|
|player|p2|marsky|marshal|
|gen|9
|tier|[Gen 9 Champions] VGC 2026 Reg M-B (Bo3)
|rule|Species Clause: Limit one of each Pokémon
|rule|Item Clause: Limit 1 of each item
|clearpoke
|poke|p1|Politoed, L50, F|
|poke|p1|Swampert, L50, F|
|poke|p1|Archaludon, L50, M|
|poke|p1|Talonflame, L50, M|
|poke|p1|Sylveon, L50, M|
|poke|p1|Charizard, L50, M|
|poke|p2|Charizard, L50, M|
|poke|p2|Farigiraf, L50, F|
|poke|p2|Garchomp, L50, M|
|poke|p2|Aerodactyl, L50, M|
|poke|p2|Sylveon, L50, F|
|poke|p2|Kingambit, L50, F|
|teampreview|4
|showteam|p1|Politoed||SitrusBerry|Drizzle|Protect,WeatherBall,IcyWind,Haze|Calm||F|||50|]Swampert||Swampertite|Damp|WaveCrash,IcePunch,Protect,Earthquake|Adamant||F|||50|]Archaludon||Leftovers|Stamina|ElectroShot,FlashCannon,Protect,DragonPulse|Modest||M|||50|]Talonflame||FocusSash|GaleWings|Tailwind,FlareBlitz,Protect,DualWingbeat|Jolly||M|||50|]Sylveon||FairyFeather|Pixilate|HyperVoice,HyperBeam,QuickAttack,Detect|Modest||M|||50|]Charizard||CharizarditeY|Blaze|SolarBeam,HeatWave,WeatherBall,Protect|Timid||M|||50|
|showteam|p2|Charizard||CharizarditeY|Blaze|HeatWave,SolarBeam,WeatherBall,Protect|Modest||M|||50|]Farigiraf||SitrusBerry|ArmorTail|Psychic,Thunderbolt,TrickRoom,Protect|Bold||F|||50|]Garchomp||LifeOrb|RoughSkin|Earthquake,DragonClaw,StompingTantrum,Protect|Jolly||M|||50|]Aerodactyl||Aerodactylite|Unnerve|RockSlide,DualWingbeat,IceFang,Tailwind|Jolly||M|||50|]Sylveon||FairyFeather|Pixilate|HyperVoice,HyperBeam,QuickAttack,Protect|Modest||F|||50|]Kingambit||FocusSash|Defiant|KowtowCleave,IronHead,SuckerPunch,LowKick|Adamant||F|||50|
|
|t:|1784136625
|teamsize|p1|4
|teamsize|p2|4
|start
|switch|p1a: Archaludon|Archaludon, L50, M|100/100
|switch|p1b: Talonflame|Talonflame, L50, M|100/100
|switch|p2a: Charizard|Charizard, L50, M|100/100
|switch|p2b: Sylveon|Sylveon, L50, F|100/100
|turn|1
|inactive|Battle timer is ON: inactive players will automatically lose when time's up. (requested by marsky)
|
|t:|1784136650
|move|p1b: Talonflame|Tailwind|p1b: Talonflame
|-sidestart|p1: mr/14/m*|move: Tailwind
|move|p1a: Archaludon|Flash Cannon|p2b: Sylveon
|-supereffective|p2b: Sylveon|1
|-damage|p2b: Sylveon|34/100
|-unboost|p2b: Sylveon|spd|1
|move|p2a: Charizard|Heat Wave|p1b: Talonflame|[spread] p1b
|-miss|p2a: Charizard|p1a: Archaludon
|-resisted|p1b: Talonflame|1
|-damage|p1b: Talonflame|78/100
|move|p2b: Sylveon|Hyper Voice|p1a: Archaludon|[spread] p1a,p1b
|-resisted|p1b: Talonflame|1
|-damage|p1a: Archaludon|55/100
|-damage|p1b: Talonflame|40/100
|-ability|p1a: Archaludon|Stamina|boost
|-boost|p1a: Archaludon|def|1
|
|-heal|p1a: Archaludon|61/100|[from] item: Leftovers
|upkeep
|turn|2
|inactive|mr/14/m* has 30 seconds left.
|inactive|mr/14/m* has 20 seconds left.
|
|t:|1784136687
|switch|p1b: Politoed|Politoed, L50, F|100/100
|-weather|RainDance|[from] ability: Drizzle|[of] p1b: Politoed
|move|p2a: Charizard|Protect|p2a: Charizard
|-singleturn|p2a: Charizard|Protect
|move|p2b: Sylveon|Protect|p2b: Sylveon
|-singleturn|p2b: Sylveon|Protect
|move|p1a: Archaludon|Electro Shot||[still]
|-prepare|p1a: Archaludon|Electro Shot
|-boost|p1a: Archaludon|spa|1
|-anim|p1a: Archaludon|Electro Shot|p2a: Charizard
|-activate|p2a: Charizard|move: Protect
|
|-weather|RainDance|[upkeep]
|-heal|p1a: Archaludon|67/100|[from] item: Leftovers
|upkeep
|turn|3
|
|t:|1784136712
|detailschange|p2a: Charizard|Charizard-Mega-Y, L50, M
|-mega|p2a: Charizard|Charizard|Charizardite Y
|-weather|SunnyDay|[from] ability: Drought|[of] p2a: Charizard
|move|p1a: Archaludon|Electro Shot||[still]
|-prepare|p1a: Archaludon|Electro Shot
|-boost|p1a: Archaludon|spa|1
|move|p1b: Politoed|Weather Ball|p2b: Sylveon
|-damage|p2b: Sylveon|0 fnt
|faint|p2b: Sylveon
|move|p2a: Charizard|Heat Wave|p1b: Politoed|[spread] p1a
|-miss|p2a: Charizard|p1b: Politoed
|-damage|p1a: Archaludon|11/100
|-status|p1a: Archaludon|brn
|-ability|p1a: Archaludon|Stamina|boost
|-boost|p1a: Archaludon|def|1
|
|-weather|SunnyDay|[upkeep]
|-heal|p1a: Archaludon|17/100 brn|[from] item: Leftovers
|-damage|p1a: Archaludon|11/100 brn|[from] brn
|upkeep
|
|t:|1784136732
|switch|p2b: Garchomp|Garchomp, L50, M|100/100
|turn|4
|inactive|mr/14/m* has 30 seconds left.
|
|t:|1784136761
|move|p1b: Politoed|Protect|p1b: Politoed
|-singleturn|p1b: Politoed|Protect
|move|p2a: Charizard|Protect|p2a: Charizard
|-singleturn|p2a: Charizard|Protect
|move|p1a: Archaludon|Electro Shot|p2a: Charizard|[from] lockedmove
|-activate|p2a: Charizard|move: Protect
|move|p2b: Garchomp|Earthquake|p1b: Politoed|[spread] p1a
|-activate|p2a: Charizard|move: Protect
|-activate|p1b: Politoed|move: Protect
|-supereffective|p1a: Archaludon|1
|-damage|p1a: Archaludon|0 fnt
|faint|p1a: Archaludon
|-damage|p2b: Garchomp|90/100|[from] item: Life Orb
|
|-weather|SunnyDay|[upkeep]
|-sideend|p1: mr/14/m*|move: Tailwind
|upkeep
|
|t:|1784136768
|switch|p1a: Talonflame|Talonflame, L50, M|40/100
|turn|5
|
|t:|1784136791
|move|p1a: Talonflame|Tailwind|p1a: Talonflame
|-sidestart|p1: mr/14/m*|move: Tailwind
|move|p1b: Politoed|Icy Wind|p2b: Garchomp|[spread] p2a,p2b
|-supereffective|p2b: Garchomp|2
|-damage|p2a: Charizard|91/100
|-damage|p2b: Garchomp|49/100
|-unboost|p2a: Charizard|spe|1
|-unboost|p2b: Garchomp|spe|1
|move|p2b: Garchomp|Dragon Claw|p1a: Talonflame
|-damage|p1a: Talonflame|0 fnt
|faint|p1a: Talonflame
|-damage|p2b: Garchomp|39/100|[from] item: Life Orb
|move|p2a: Charizard|Solar Beam||[still]
|-prepare|p2a: Charizard|Solar Beam
|-anim|p2a: Charizard|Solar Beam|p1b: Politoed
|-supereffective|p1b: Politoed|1
|-damage|p1b: Politoed|33/100
|-enditem|p1b: Politoed|Sitrus Berry|[eat]
|-heal|p1b: Politoed|58/100|[from] item: Sitrus Berry
|
|-weather|SunnyDay|[upkeep]
|upkeep
|
|t:|1784136809
|switch|p1a: Sylveon|Sylveon, L50, M|100/100
|turn|6
|inactive|marsky has 30 seconds left.
|
|t:|1784136834
|move|p1b: Politoed|Protect|p1b: Politoed
|-singleturn|p1b: Politoed|Protect
|move|p2b: Garchomp|Protect|p2b: Garchomp
|-singleturn|p2b: Garchomp|Protect
|move|p1a: Sylveon|Hyper Voice|p2a: Charizard|[spread] p2a
|-activate|p2b: Garchomp|move: Protect
|-resisted|p2a: Charizard|1
|-damage|p2a: Charizard|70/100
|move|p2a: Charizard|Solar Beam||[still]
|-prepare|p2a: Charizard|Solar Beam
|-anim|p2a: Charizard|Solar Beam|p1b: Politoed
|-activate|p1b: Politoed|move: Protect
|
|-weather|SunnyDay|[upkeep]
|upkeep
|turn|7
|
|t:|1784136850
|switch|p2b: Farigiraf|Farigiraf, L50, F|100/100
|move|p1b: Politoed|Icy Wind|p2b: Farigiraf|[spread] p2a,p2b
|-damage|p2a: Charizard|62/100
|-damage|p2b: Farigiraf|92/100
|-unboost|p2a: Charizard|spe|1
|-unboost|p2b: Farigiraf|spe|1
|move|p1a: Sylveon|Hyper Voice|p2a: Charizard|[spread] p2a,p2b
|-resisted|p2a: Charizard|1
|-damage|p2a: Charizard|41/100
|-damage|p2b: Farigiraf|51/100
|move|p2a: Charizard|Solar Beam||[still]
|-prepare|p2a: Charizard|Solar Beam
|-anim|p2a: Charizard|Solar Beam|p1b: Politoed
|-supereffective|p1b: Politoed|1
|-damage|p1b: Politoed|0 fnt
|faint|p1b: Politoed
|
|-weather|none
|upkeep
|turn|8
|inactive|mr/14/m* has 30 seconds left.
|inactive|mr/14/m* has 20 seconds left.
|inactive|mr/14/m* has 15 seconds left.
|
|t:|1784136892
|move|p1a: Sylveon|Hyper Voice|p2a: Charizard|[spread] p2a,p2b
|-resisted|p2a: Charizard|1
|-crit|p2b: Farigiraf
|-damage|p2a: Charizard|20/100y
|-damage|p2b: Farigiraf|0 fnt
|faint|p2b: Farigiraf
|move|p2a: Charizard|Heat Wave|p1a: Sylveon
|-damage|p1a: Sylveon|62/100
|
|-sideend|p1: mr/14/m*|move: Tailwind
|upkeep
|
|t:|1784136900
|switch|p2b: Garchomp|Garchomp, L50, M|39/100
|turn|9
|
|t:|1784136913
|move|p2b: Garchomp|Protect|p2b: Garchomp
|-singleturn|p2b: Garchomp|Protect
|move|p1a: Sylveon|Quick Attack|p2b: Garchomp
|-activate|p2b: Garchomp|move: Protect
|move|p2a: Charizard|Heat Wave|p1a: Sylveon
|-damage|p1a: Sylveon|22/100
|-status|p1a: Sylveon|brn
|
|-damage|p1a: Sylveon|16/100 brn|[from] brn
|upkeep
|turn|10
|
|t:|1784136926
|move|p1a: Sylveon|Quick Attack|p2b: Garchomp
|-supereffective|p2b: Garchomp|1
|-damage|p2b: Garchomp|26/100
|-damage|p1a: Sylveon|4/100 brn|[from] ability: Rough Skin|[of] p2b: Garchomp
|move|p2b: Garchomp|Stomping Tantrum|p1a: Sylveon
|-damage|p1a: Sylveon|0 fnt
|faint|p1a: Sylveon
|-damage|p2b: Garchomp|16/100|[from] item: Life Orb
|
|win|marsky
||marsky is ready for game 2.
|c|☆mr/14/m*|gg
|inactive|mr/14/m* has 30 seconds to confirm battle start!
