|j|☆LooDeecolo
|j|☆Beeetch
|html|LooDeecoloBeeetch    
|uhtml|bestof|Game 2 of a best-of-3
|t:|1756865942
|gametype|doubles
|player|p1|LooDeecolo|brycenman|1067
|player|p2|Beeetch|beauty-gen4dp|1167
|gen|9
|tier|[Gen 9] VGC 2025 Reg H (Bo3)
|rated|
|rule|Species Clause: Limit one of each Pokémon
|rule|Item Clause: Limit 1 of each item
|clearpoke
|poke|p1|Electabuzz, L50, F|
|poke|p1|Annihilape, L50, F|
|poke|p1|Amoonguss, L50, F|
|poke|p1|Arcanine-Hisui, L50, F|
|poke|p1|Whimsicott, L50, F|
|poke|p1|Gholdengo, L50|
|poke|p2|Excadrill, L50, F|
|poke|p2|Tyranitar, L50, M|
|poke|p2|Sneasler, L50, M|
|poke|p2|Indeedee, L50, M|
|poke|p2|Corviknight, L50, M|
|poke|p2|Annihilape, L50, M|
|teampreview|4
|showteam|p1|Electabuzz||Eviolite|VitalSpirit|Electroweb,Protect,FollowMe,Thunderbolt|||F|||50|,,,,,Dark]Annihilape||PayapaBerry|Defiant|NightSlash,Protect,RageFist,CloseCombat|||F|||50|,,,,,Fighting]Amoonguss||SitrusBerry|Regenerator|RagePowder,Protect,SludgeBomb,Spore|||F|||50|,,,,,Fire]Arcanine-Hisui||ClearAmulet|Intimidate|FlareBlitz,RockSlide,WillOWisp,Protect|||F|||50|,,,,,Grass]Whimsicott||CovertCloak|Prankster|Tailwind,Encore,DazzlingGleam,Taunt|||F|||50|,,,,,Fairy]Gholdengo||LifeOrb|GoodasGold|MakeItRain,ShadowBall,Protect,NastyPlot||||||50|,,,,,Water
|showteam|p2|Excadrill||FocusSash|SandRush|IronHead,HighHorsepower,Earthquake,Protect|||F|||50|,,,,,Stellar]Tyranitar||AssaultVest|SandStream|RockSlide,KnockOff,TeraBlast,LowKick|||M|||50|,,,,,Flying]Sneasler||PsychicSeed|Unburden|DireClaw,CloseCombat,ThroatChop,Protect|||M|||50|,,,,,Dark]Indeedee||ChoiceScarf|PsychicSurge|ExpandingForce,TeraBlast,Protect,Trick|||M|||50|,,,,,Psychic]Corviknight||Leftovers|MirrorArmor|BraveBird,BulkUp,Roost,Tailwind|||M|||50|,,,,,Dragon]Annihilape||SafetyGoggles|Defiant|CloseCombat,FinalGambit,RageFist,Taunt|||M|||50|,,,,,Water
|inactive|Battle timer is ON: inactive players will automatically lose when time's up. (requested by LooDeecolo)
|inactive|Beeetch has 60 seconds left.
|
|t:|1756865979
|teamsize|p1|4
|teamsize|p2|4
|start
|switch|p1a: Electabuzz|Electabuzz, L50, F|100/100
|switch|p1b: Annihilape|Annihilape, L50, F|100/100
|switch|p2a: Indeedee|Indeedee, L50, M, shiny|100/100
|switch|p2b: Annihilape|Annihilape, L50, M|100/100
|-fieldstart|move: Psychic Terrain|[from] ability: Psychic Surge|[of] p2a: Indeedee
|turn|1
|
|t:|1756866004
|switch|p2a: Tyranitar|Tyranitar, L50, M, shiny|100/100
|-weather|Sandstorm|[from] ability: Sand Stream|[of] p2a: Tyranitar
|move|p1a: Electabuzz|Protect|p1a: Electabuzz
|-singleturn|p1a: Electabuzz|Protect
|move|p2b: Annihilape|Final Gambit|p1a: Electabuzz
|-activate|p1a: Electabuzz|move: Protect
|move|p1b: Annihilape|Night Slash|p2a: Tyranitar
|-resisted|p2a: Tyranitar
|-damage|p2a: Tyranitar|90/100
|
|-weather|Sandstorm|[upkeep]
|-damage|p1a: Electabuzz|95/100|[from] Sandstorm
|-damage|p1b: Annihilape|95/100|[from] Sandstorm
|upkeep
|turn|2
|inactive|LooDeecolo has 30 seconds left.
|inactive|LooDeecolo has 20 seconds left.
|
|t:|1756866043
|switch|p1b: Arcanine|Arcanine-Hisui, L50, F|100/100
|-ability|p1b: Arcanine|Intimidate|boost
|-unboost|p2a: Tyranitar|atk|1
|-unboost|p2b: Annihilape|atk|1
|-ability|p2b: Annihilape|Defiant|boost
|-boost|p2b: Annihilape|atk|2
|-terastallize|p2a: Tyranitar|Flying
|move|p2b: Annihilape|Final Gambit|p1a: Electabuzz
|-damage|p1a: Electabuzz|0 fnt
|faint|p2b: Annihilape
|faint|p1a: Electabuzz
|move|p2a: Tyranitar|Tera Blast|p1b: Arcanine|[anim] Tera Blast Flying
|-resisted|p1b: Arcanine
|-damage|p1b: Arcanine|83/100
|
|-weather|Sandstorm|[upkeep]
|-damage|p2a: Tyranitar|84/100|[from] Sandstorm
|upkeep
|
|t:|1756866055
|switch|p2b: Excadrill|Excadrill, L50, F, shiny|100/100
|switch|p1a: Annihilape|Annihilape, L50, F|95/100
|turn|3
|inactive|LooDeecolo has 30 seconds left.
|
|t:|1756866089
|-terastallize|p1b: Arcanine|Grass
|move|p1a: Annihilape|Protect|p1a: Annihilape
|-singleturn|p1a: Annihilape|Protect
|move|p2b: Excadrill|Earthquake|p1a: Annihilape|[spread] p1b
|-activate|p1a: Annihilape|move: Protect
|-immune|p2a: Tyranitar
|-resisted|p1b: Arcanine
|-damage|p1b: Arcanine|58/100
|move|p1b: Arcanine|Will-O-Wisp|p2b: Excadrill
|-status|p2b: Excadrill|brn
|move|p2a: Tyranitar|Tera Blast|p1b: Arcanine|[anim] Tera Blast Flying
|-supereffective|p1b: Arcanine
|-damage|p1b: Arcanine|0 fnt
|faint|p1b: Arcanine
|
|-weather|Sandstorm|[upkeep]
|-damage|p1a: Annihilape|89/100|[from] Sandstorm
|-damage|p2a: Tyranitar|78/100|[from] Sandstorm
|-damage|p2b: Excadrill|95/100 brn|[from] brn
|upkeep
|
|t:|1756866101
|switch|p1b: Gholdengo|Gholdengo, L50|100/100
|turn|4
|inactive|LooDeecolo has 30 seconds left.
|
|t:|1756866127
|move|p2b: Excadrill|Earthquake|p1a: Annihilape|[spread] p1a,p1b
|-immune|p2a: Tyranitar
|-supereffective|p1b: Gholdengo
|-damage|p1a: Annihilape|69/100
|-damage|p1b: Gholdengo|50/100
|move|p1b: Gholdengo|Make It Rain|p2b: Excadrill|[spread] p2a,p2b
|-resisted|p2b: Excadrill
|-damage|p2a: Tyranitar|39/100
|-damage|p2b: Excadrill|55/100 brn
|-unboost|p1b: Gholdengo|spa|1
|-damage|p1b: Gholdengo|40/100|[from] item: Life Orb
|move|p1a: Annihilape|Close Combat|p2b: Excadrill
|-supereffective|p2b: Excadrill
|-damage|p2b: Excadrill|0 fnt
|-unboost|p1a: Annihilape|def|1
|-unboost|p1a: Annihilape|spd|1
|faint|p2b: Excadrill
|move|p2a: Tyranitar|Knock Off|p1a: Annihilape
|-damage|p1a: Annihilape|14/100
|-enditem|p1a: Annihilape|Payapa Berry|[from] move: Knock Off|[of] p2a: Tyranitar
|
|-weather|Sandstorm|[upkeep]
|-damage|p1a: Annihilape|8/100|[from] Sandstorm
|-damage|p2a: Tyranitar|33/100|[from] Sandstorm
|upkeep
|
|t:|1756866148
|switch|p2b: Indeedee|Indeedee, L50, M, shiny|100/100
|turn|5
|
|t:|1756866163
|move|p1b: Gholdengo|Protect|p1b: Gholdengo
|-singleturn|p1b: Gholdengo|Protect
|move|p1a: Annihilape|Protect|p1a: Annihilape
|-singleturn|p1a: Annihilape|Protect
|move|p2b: Indeedee|Expanding Force|p1b: Gholdengo|[spread] 
|-activate|p1a: Annihilape|move: Protect
|-activate|p1b: Gholdengo|move: Protect
|move|p2a: Tyranitar|Knock Off|p1b: Gholdengo
|-activate|p1b: Gholdengo|move: Protect
|
|-weather|none
|-fieldend|move: Psychic Terrain
|upkeep
|turn|6
|
|t:|1756866184
|move|p2b: Indeedee|Expanding Force|p1a: Annihilape
|-supereffective|p1a: Annihilape
|-damage|p1a: Annihilape|0 fnt
|faint|p1a: Annihilape
|move|p1b: Gholdengo|Make It Rain|p2a: Tyranitar|[spread] p2a,p2b
|-damage|p2a: Tyranitar|6/100
|-damage|p2b: Indeedee|45/100
|-unboost|p1b: Gholdengo|spa|1
|-damage|p1b: Gholdengo|30/100|[from] item: Life Orb
|move|p2a: Tyranitar|Knock Off|p1b: Gholdengo
|-supereffective|p1b: Gholdengo
|-damage|p1b: Gholdengo|0 fnt
|-enditem|p1b: Gholdengo|Life Orb|[from] move: Knock Off|[of] p2a: Tyranitar
|faint|p1b: Gholdengo
|
|win|Beeetch
|raw|LooDeecolo's rating: 1067 → 1053(-14 for losing)
|raw|Beeetch's rating: 1167 → 1185(+18 for winning)
|l|☆LooDeecolo
|player|p1|
