|j|☆FabioVelho
|j|☆xMiQux
|html|FabioVelhoxMiQux    
|uhtml|bestof|Game 2 of a best-of-3
|t:|1782656911
|gametype|doubles
|player|p1|FabioVelho|sage|1010
|player|p2|xMiQux|red|1052
|gen|9
|tier|[Gen 9 Champions] VGC 2026 Reg M-B (Bo3)
|rated|
|rule|Species Clause: Limit one of each Pokémon
|rule|Item Clause: Limit 1 of each item
|clearpoke
|poke|p1|Metagross, L50|
|poke|p1|Kommo-o, L50, F|
|poke|p1|Sylveon, L50, M|
|poke|p1|Aerodactyl, L50, M|
|poke|p1|Incineroar, L50, M|
|poke|p1|Milotic, L50, M|
|poke|p2|Staraptor, L50, F, shiny|
|poke|p2|Whimsicott, L50, M|
|poke|p2|Basculegion, L50, M|
|poke|p2|Garchomp, L50, F|
|poke|p2|Raichu, L50, F, shiny|
|poke|p2|Espathra, L50, F|
|teampreview|4
|showteam|p1|Metagross||Metagrossite|ClearBody|IronHead,PsychicFangs,StompingTantrum,Protect|Adamant|||||50|]Kommo-o||Leftovers|Soundproof|ClangingScales,AuraSphere,ClangorousSoul,Protect|Modest||F|||50|]Sylveon||FairyFeather|Pixilate|HyperVoice,HyperBeam,QuickAttack,Detect|Modest||M|||50|]Aerodactyl||Aerodactylite|Unnerve|RockSlide,DualWingbeat,Tailwind,Protect|Jolly||M|||50|]Incineroar||PasshoBerry|Intimidate|FlareBlitz,ThroatChop,PartingShot,FakeOut|Careful||M|||50|]Milotic||SitrusBerry|Competitive|Scald,IcyWind,LifeDew,Protect|Modest||M|||50|
|showteam|p2|Staraptor||Staraptite|Intimidate|CloseCombat,Protect,SteelWing,AerialAce|Jolly||F|||50|]Whimsicott||FocusSash|Prankster|Charm,Tailwind,Protect,Moonblast|Timid||M|||50|]Basculegion||ChoiceScarf|Adaptability|WaveCrash,AquaJet,FlipTurn,LastRespects|Adamant||M|||50|]Garchomp||LifeOrb|RoughSkin|DragonClaw,Crunch,RockSlide,Earthquake|Adamant||F|||50|]Raichu||Leftovers|LightningRod|VoltSwitch,FakeOut,IronTail,Nuzzle|Jolly||F|||50|]Espathra||LightClay|Frisk|Reflect,Hypnosis,LightScreen,SkillSwap|Timid||F|||50|
|
|t:|1782656930
|teamsize|p1|4
|teamsize|p2|4
|start
|switch|p1a: Metagross|Metagross, L50|100/100
|switch|p1b: Sylveon|Sylveon, L50, M|100/100
|switch|p2a: Staraptor|Staraptor, L50, F, shiny|100/100
|switch|p2b: Raichu|Raichu, L50, F, shiny|100/100
|-ability|p2a: Staraptor|Intimidate|boost
|-fail|p1a: Metagross|unboost|[from] ability: Clear Body|[of] p1a: Metagross
|-unboost|p1b: Sylveon|atk|1
|turn|1
|
|t:|1782656945
|detailschange|p2a: Staraptor|Staraptor-Mega, L50, F, shiny
|-mega|p2a: Staraptor|Staraptor|Staraptite
|detailschange|p1a: Metagross|Metagross-Mega, L50
|-mega|p1a: Metagross|Metagross|Metagrossite
|move|p2b: Raichu|Fake Out|p1b: Sylveon
|-damage|p1b: Sylveon|87/100
|move|p2a: Staraptor|Steel Wing|p1b: Sylveon
|-supereffective|p1b: Sylveon|1
|-damage|p1b: Sylveon|28/100
|move|p1a: Metagross|Stomping Tantrum|p2b: Raichu
|-supereffective|p2b: Raichu|1
|-damage|p2b: Raichu|0 fnt
|faint|p2b: Raichu
|cant|p1b: Sylveon|flinch
|
|upkeep
|
|t:|1782656963
|switch|p2b: Basculegion|Basculegion, L50, M|100/100
|turn|2
|
|t:|1782656979
|move|p1a: Metagross|Protect|p1a: Metagross
|-singleturn|p1a: Metagross|Protect
|move|p2b: Basculegion|Last Respects|p1a: Metagross
|-activate|p1a: Metagross|move: Protect
|move|p2a: Staraptor|Close Combat|p1b: Sylveon
|-resisted|p1b: Sylveon|1
|-damage|p1b: Sylveon|0 fnt
|-boost|p2a: Staraptor|def|1
|-boost|p2a: Staraptor|spd|1
|faint|p1b: Sylveon
|
|upkeep
|
|t:|1782656988
|switch|p1b: Milotic|Milotic, L50, M|100/100
|turn|3
|
|t:|1782656997
|switch|p1a: Incineroar|Incineroar, L50, M|100/100
|-ability|p1a: Incineroar|Intimidate|boost
|-boost|p2a: Staraptor|atk|1
|-unboost|p2b: Basculegion|atk|1
|move|p2b: Basculegion|Last Respects|p1a: Incineroar
|-resisted|p1a: Incineroar|1
|-damage|p1a: Incineroar|79/100
|move|p2a: Staraptor|Close Combat|p1b: Milotic
|-damage|p1b: Milotic|10/100
|-boost|p2a: Staraptor|def|1
|-boost|p2a: Staraptor|spd|1
|-enditem|p1b: Milotic|Sitrus Berry|[eat]
|-heal|p1b: Milotic|35/100|[from] item: Sitrus Berry
|move|p1b: Milotic|Icy Wind|p2b: Basculegion|[spread] p2a,p2b
|-supereffective|p2a: Staraptor|1
|-resisted|p2b: Basculegion|1
|-damage|p2a: Staraptor|85/100
|-damage|p2b: Basculegion|93/100
|-boost|p2a: Staraptor|spe|1
|-unboost|p2b: Basculegion|spe|1
|
|upkeep
|turn|4
|
|t:|1782657024
|move|p1a: Incineroar|Fake Out|p2a: Staraptor
|-damage|p2a: Staraptor|79/100
|cant|p2a: Staraptor|flinch
|move|p2b: Basculegion|Last Respects|p1b: Milotic
|-damage|p1b: Milotic|0 fnt
|faint|p1b: Milotic
|
|upkeep
|
|t:|1782657032
|switch|p1b: Metagross|Metagross-Mega, L50|100/100
|turn|5
|
|t:|1782657040
|move|p2a: Staraptor|Close Combat|p1a: Incineroar
|-supereffective|p1a: Incineroar|1
|-damage|p1a: Incineroar|0 fnt
|-boost|p2a: Staraptor|def|1
|-boost|p2a: Staraptor|spd|1
|faint|p1a: Incineroar
|move|p1b: Metagross|Psychic Fangs|p2a: Staraptor
|-supereffective|p2a: Staraptor|1
|-damage|p2a: Staraptor|23/100
|move|p2b: Basculegion|Last Respects|p1b: Metagross
|-supereffective|p1b: Metagross|1
|-damage|p1b: Metagross|21/100
|
|upkeep
|turn|6
|
|t:|1782657053
|move|p2a: Staraptor|Close Combat|p1b: Metagross
|-damage|p1b: Metagross|0 fnt
|-boost|p2a: Staraptor|def|1
|-boost|p2a: Staraptor|spd|1
|faint|p1b: Metagross
|
|win|xMiQux
