|j|‽I love one hot ko
|j|☆villani123
|html|I love one hot kovillani123    
|uhtml|bestof|Game 1 of a best-of-3
|t:|1785361804
|gametype|doubles
|player|p1|I love one hot ko|boarder|1000
|player|p2|villani123|ghetsis|1138
|gen|9
|tier|[Gen 9 Champions] VGC 2026 Reg M-B (Bo3)
|rated|
|rule|Species Clause: Limit one of each Pokémon
|rule|Item Clause: Limit 1 of each item
|clearpoke
|poke|p1|Hawlucha, L50, F|
|poke|p1|Snorlax, L50, M|
|poke|p1|Vanilluxe, L50, F|
|poke|p1|Maushold-Four, L50|
|poke|p1|Kleavor, L50, M|
|poke|p1|Oranguru, L50, M|
|poke|p2|Raichu, L50, M|
|poke|p2|Whimsicott, L50, M, shiny|
|poke|p2|Drampa, L50, F|
|poke|p2|Primarina, L50, F, shiny|
|poke|p2|Farigiraf, L50, M, shiny|
|poke|p2|Kingambit, L50, F, shiny|
|teampreview|4
|showteam|p1|Hawlucha||Hawluchanite|Limber|CloseCombat,BraveBird,Entrainment,Detect|Jolly||F|||50|]Snorlax||Leftovers|ThickFat|Fissure,BodyPress,Protect,Stockpile|Careful||M|||50|]Vanilluxe||NeverMeltIce|SnowWarning|Blizzard,SheerCold,FreezeDry,Protect|Modest||F|||50|]Maushold-Four||FocusSash|FriendGuard|FollowMe,SuperFang,HelpingHand,Protect|Timid|||||50|]Kleavor||LifeOrb|Sharpness|RockSlide,StoneAxe,XScissor,Protect|Jolly||M|||50|]Oranguru||SitrusBerry|InnerFocus|TrickRoom,Instruct,HyperVoice,Psychic|Quiet||M|||50|
|showteam|p2|Raichu||RaichuniteY|LightningRod|FakeOut,Protect,FocusBlast,ZapCannon|Modest||M|||50|]Whimsicott||FocusSash|Prankster|Encore,Moonblast,Tailwind,Taunt|Bold||M|||50|]Drampa||Drampanite|CloudNine|DragonPulse,EarthPower,HyperVoice,Protect|Quiet||F|||50|]Primarina||MysticWater|LiquidVoice|IceBeam,HyperVoice,HydroPump,Reflect|Modest||F|||50|]Farigiraf||Leftovers|ArmorTail|Psychic,TrickRoom,LightScreen,Protect|Calm||M|||50|]Kingambit||BlackGlasses|Defiant|KowtowCleave,IronHead,Protect,SuckerPunch|Adamant||F|||50|
|inactive|Battle timer is ON: inactive players will automatically lose when time's up. (requested by villani123)
|inactive|I love one hot ko has 60 seconds left.
|
|t:|1785361843
|teamsize|p1|4
|teamsize|p2|4
|start
|switch|p1a: Maushold|Maushold-Four, L50|100/100
|switch|p1b: Kleavor|Kleavor, L50, M|100/100
|switch|p2a: Raichu|Raichu, L50, M|100/100
|switch|p2b: Whimsicott|Whimsicott, L50, M, shiny|100/100
|turn|1
|inactive|villani123 has 30 seconds left.
|
|t:|1785361875
|move|p2a: Raichu|Fake Out|p1b: Kleavor
|-resisted|p1b: Kleavor|1
|-damage|p1b: Kleavor|96/100
|move|p1a: Maushold|Follow Me|p1a: Maushold
|-singleturn|p1a: Maushold|move: Follow Me
|move|p2b: Whimsicott|Taunt|p1a: Maushold
|-start|p1a: Maushold|move: Taunt
|cant|p1b: Kleavor|flinch
|
|upkeep
|turn|2
|
|t:|1785361891
|detailschange|p2a: Raichu|Raichu-Mega-Y, L50, M
|-mega|p2a: Raichu|Raichu|Raichunite Y
|move|p2b: Whimsicott|Encore|p1a: Maushold
|-start|p1a: Maushold|Encore
|cant|p1a: Maushold|move: Taunt|Follow Me
|move|p2a: Raichu|Zap Cannon|p1b: Kleavor
|-damage|p1b: Kleavor|4/100
|-status|p1b: Kleavor|par
|move|p1b: Kleavor|Stone Axe|p2a: Raichu
|-damage|p2a: Raichu|0 fnt
|-sidestart|p2: villani123|move: Stealth Rock
|faint|p2a: Raichu
|-damage|p1b: Kleavor|0 fnt|[from] item: Life Orb
|faint|p1b: Kleavor
|
|upkeep
|
|t:|1785361914
|switch|p2a: Farigiraf|Farigiraf, L50, M, shiny|100/100
|switch|p1b: Vanilluxe|Vanilluxe, L50, F|100/100
|-weather|Snowscape|[from] ability: Snow Warning|[of] p1b: Vanilluxe
|-damage|p2a: Farigiraf|87/100|[from] Stealth Rock
|turn|3
|
|t:|1785361927
|switch|p2b: Primarina|Primarina, L50, F, shiny|100/100
|-damage|p2b: Primarina|87/100|[from] Stealth Rock
|-activate|p1a: Maushold|move: Struggle
|move|p1a: Maushold|Struggle|p2a: Farigiraf
|-damage|p2a: Farigiraf|78/100
|-damage|p1a: Maushold|75/100|[from] recoil
|move|p1b: Vanilluxe|Blizzard|p2b: Primarina|[spread] p2a,p2b
|-resisted|p2b: Primarina|1
|-damage|p2a: Farigiraf|40/100
|-damage|p2b: Primarina|68/100
|move|p2a: Farigiraf|Trick Room|p2a: Farigiraf
|-fieldstart|move: Trick Room|[of] p2a: Farigiraf
|
|-weather|Snowscape|[upkeep]
|-heal|p2a: Farigiraf|46/100|[from] item: Leftovers
|upkeep
|turn|4
|
|t:|1785361948
|move|p2a: Farigiraf|Psychic|p1b: Vanilluxe
|-damage|p1b: Vanilluxe|67/100
|move|p2b: Primarina|Hydro Pump|p1b: Vanilluxe|[miss]
|-miss|p2b: Primarina|p1b: Vanilluxe
|move|p1b: Vanilluxe|Freeze-Dry|p2b: Primarina
|-supereffective|p2b: Primarina|1
|-damage|p2b: Primarina|2/100
|-activate|p1a: Maushold|move: Struggle
|move|p1a: Maushold|Struggle|p2a: Farigiraf
|-damage|p2a: Farigiraf|35/100
|-damage|p1a: Maushold|50/100g|[from] recoil
|
|-weather|Snowscape|[upkeep]
|-heal|p2a: Farigiraf|41/100|[from] item: Leftovers
|-end|p1a: Maushold|move: Taunt
|-end|p1a: Maushold|Encore
|upkeep
|turn|5
|inactive|I love one hot ko has 30 seconds left.
|
|t:|1785361974
|move|p1a: Maushold|Helping Hand|p1b: Vanilluxe
|-singleturn|p1b: Vanilluxe|Helping Hand|[of] p1a: Maushold
|move|p2b: Primarina|Hyper Voice|p1a: Maushold|[spread] p1a,p1b
|-damage|p1a: Maushold|3/100
|-damage|p1b: Vanilluxe|34/100
|move|p2a: Farigiraf|Psychic|p1b: Vanilluxe
|-damage|p1b: Vanilluxe|0 fnt
|faint|p1b: Vanilluxe
|
|-weather|Snowscape|[upkeep]
|-heal|p2a: Farigiraf|47/100|[from] item: Leftovers
|upkeep
|
|t:|1785361982
|switch|p1b: Hawlucha|Hawlucha, L50, F|100/100
|turn|6
|
|t:|1785362002
|detailschange|p1b: Hawlucha|Hawlucha-Mega, L50, F
|-mega|p1b: Hawlucha|Hawlucha|Hawluchanite
|move|p1a: Maushold|Protect|p1a: Maushold
|-singleturn|p1a: Maushold|Protect
|move|p1b: Hawlucha|Detect|p1b: Hawlucha
|-singleturn|p1b: Hawlucha|Protect
|move|p2a: Farigiraf|Psychic|p1b: Hawlucha
|-activate|p1b: Hawlucha|move: Protect
|move|p2b: Primarina|Hyper Voice|p1b: Hawlucha|[spread] 
|-activate|p1a: Maushold|move: Protect
|-activate|p1b: Hawlucha|move: Protect
|
|-weather|Snowscape|[upkeep]
|-heal|p2a: Farigiraf|53/100|[from] item: Leftovers
|upkeep
|turn|7
|
|t:|1785362025
|move|p1a: Maushold|Protect||[still]
|-fail|p1a: Maushold
|move|p1b: Hawlucha|Detect|p1b: Hawlucha
|-singleturn|p1b: Hawlucha|Protect
|move|p2a: Farigiraf|Psychic|p1b: Hawlucha
|-activate|p1b: Hawlucha|move: Protect
|move|p2b: Primarina|Hyper Voice|p1a: Maushold|[spread] p1a
|-activate|p1b: Hawlucha|move: Protect
|-damage|p1a: Maushold|0 fnt
|faint|p1a: Maushold
|
|-weather|none
|-heal|p2a: Farigiraf|59/100|[from] item: Leftovers
|-fieldend|move: Trick Room
|upkeep
|turn|8
|
|t:|1785362044
|switch|p2b: Whimsicott|Whimsicott, L50, M, shiny|100/100
|-damage|p2b: Whimsicott|88/100|[from] Stealth Rock
|move|p1b: Hawlucha|Brave Bird|p2a: Farigiraf
|-damage|p2a: Farigiraf|0 fnt
|faint|p2a: Farigiraf
|-damage|p1b: Hawlucha|74/100|[from] Recoil
|
|upkeep
|
|t:|1785362052
|switch|p2a: Primarina|Primarina, L50, F, shiny|2/100
|-damage|p2a: Primarina|0 fnt|[from] Stealth Rock
|faint|p2a: Primarina
|turn|9
|
|t:|1785362060
|move|p1b: Hawlucha|Brave Bird|p2b: Whimsicott
|-supereffective|p2b: Whimsicott|1
|-damage|p2b: Whimsicott|0 fnt
|faint|p2b: Whimsicott
|-damage|p1b: Hawlucha|43/100|[from] Recoil
|
|win|I love one hot ko
|l|☆villani123
|player|p2|
||villani123 is ready for game 2.
|inactive|I love one hot ko has 30 seconds to confirm battle start!
|inactive|I love one hot ko has 20 seconds to confirm battle start!
