|j|☆WaRiii0
|j|☆Slim Shady LPVGC
|html|WaRiii0Slim Shady LPVGC    
|uhtml|bestof|Game 2 of a best-of-3
|t:|1756661666
|gametype|doubles
|player|p1|WaRiii0|101|1087
|player|p2|Slim Shady LPVGC|cynthia|1172
|gen|9
|tier|[Gen 9] VGC 2025 Reg H (Bo3)
|rated|
|rule|Species Clause: Limit one of each Pokémon
|rule|Item Clause: Limit 1 of each item
|clearpoke
|poke|p1|Indeedee, L50, M|
|poke|p1|Sneasler, L50, F|
|poke|p1|Excadrill, L50, F|
|poke|p1|Magmar, L50, M|
|poke|p1|Corviknight, L50, F|
|poke|p1|Tyranitar, L50, F|
|poke|p2|Sneasler, L50, M|
|poke|p2|Gholdengo, L50|
|poke|p2|Dragapult, L50, F|
|poke|p2|Hydreigon, L50, M|
|poke|p2|Torkoal, L50, M|
|poke|p2|Whimsicott, L50, M|
|teampreview|4
|showteam|p1|Indeedee||ChoiceScarf|PsychicSurge|ExpandingForce,TeraBlast,Trick,Protect|||M|||50|,,,,,Psychic]Sneasler||WhiteHerb|Unburden|FakeOut,CloseCombat,DireClaw,Coaching|||F|||50|,,,,,Flying]Excadrill||FocusSash|SandRush|Earthquake,IronHead,SwordsDance,Protect|||F|||50|,,,,,Ground]Magmar||Eviolite|VitalSpirit|HeatWave,FollowMe,WillOWisp,Protect|||M|||50|,,,,,Flying]Corviknight||PsychicSeed|MirrorArmor|BraveBird,PowerTrip,BulkUp,Roost|||F|||50|,,,,,Water]Tyranitar||AssaultVest|SandStream|RockSlide,KnockOff,LowKick,TeraBlast|||F|||50|,,,,,Flying
|showteam|p2|Sneasler||WhiteHerb|Unburden|Protect,DireClaw,CloseCombat,FakeOut|||M|||50|,,,,,Stellar]Gholdengo||MetalCoat|GoodasGold|Protect,MakeItRain,ShadowBall,NastyPlot||||||50|,,,,,Steel]Dragapult||ChoiceBand|ClearBody|DragonDarts,PhantomForce,SuckerPunch,Uturn|||F|||50|,,,,,Dragon]Hydreigon||LifeOrb|Levitate|Protect,DracoMeteor,DarkPulse,EarthPower|||M|||50|,,,,,Ghost]Torkoal||Charcoal|Drought|Protect,Eruption,HeatWave,HelpingHand|||M|||50|,,,,,Fire]Whimsicott||CovertCloak|Prankster|Moonblast,Tailwind,Encore,FakeTears|||M|||50|,,,,,Dark
|inactive|Battle timer is ON: inactive players will automatically lose when time's up. (requested by Slim Shady LPVGC)
|j| LLOYD_2289
|
|t:|1756661693
|teamsize|p1|4
|teamsize|p2|4
|start
|switch|p1a: Corviknight|Corviknight, L50, F|100/100
|switch|p1b: Indeedee|Indeedee, L50, M|100/100
|switch|p2a: Whimsicott|Whimsicott, L50, M|100/100
|switch|p2b: Dragapult|Dragapult, L50, F|100/100
|-fieldstart|move: Psychic Terrain|[from] ability: Psychic Surge|[of] p1b: Indeedee
|-enditem|p1a: Corviknight|Psychic Seed
|-boost|p1a: Corviknight|spd|1|[from] item: Psychic Seed
|turn|1
|inactive|WaRiii0 has 30 seconds left.
|inactive|Slim Shady LPVGC has 30 seconds left.
|inactive|Slim Shady LPVGC has 20 seconds left.
|inactive|WaRiii0 has 20 seconds left.
|inactive|Slim Shady LPVGC has 15 seconds left.
|inactive|Slim Shady LPVGC has 10 seconds left.
|
|t:|1756661738
|move|p1b: Indeedee|Protect|p1b: Indeedee
|-singleturn|p1b: Indeedee|Protect
|move|p2a: Whimsicott|Tailwind|p2a: Whimsicott
|-sidestart|p2: Slim Shady LPVGC|move: Tailwind
|move|p2b: Dragapult|U-turn|p1b: Indeedee
|-activate|p1b: Indeedee|move: Protect
|move|p1a: Corviknight|Bulk Up|p1a: Corviknight
|-boost|p1a: Corviknight|atk|1
|-boost|p1a: Corviknight|def|1
|
|upkeep
|turn|2
|
|t:|1756661760
|switch|p2a: Gholdengo|Gholdengo, L50|100/100
|switch|p1b: Magmar|Magmar, L50, M|100/100
|move|p2b: Dragapult|U-turn|p1b: Magmar
|-resisted|p1b: Magmar
|-crit|p1b: Magmar
|-damage|p1b: Magmar|75/100
|
|t:|1756661769
|switch|p2b: Whimsicott|Whimsicott, L50, M|100/100|[from] U-turn
|move|p1a: Corviknight|Brave Bird|p2b: Whimsicott
|-supereffective|p2b: Whimsicott
|-damage|p2b: Whimsicott|0 fnt
|faint|p2b: Whimsicott
|-damage|p1a: Corviknight|79/100|[from] Recoil
|
|upkeep
|c|☆Slim Shady LPVGC|Wp
|
|t:|1756661783
|switch|p2b: Dragapult|Dragapult, L50, F|100/100
|turn|3
|
|t:|1756661805
|-terastallize|p2a: Gholdengo|Steel
|move|p2b: Dragapult|Dragon Darts|p1b: Magmar
|-damage|p1b: Magmar|42/100
|-anim|p2b: Dragapult|Dragon Darts|p1a: Corviknight
|-resisted|p1a: Corviknight
|-damage|p1a: Corviknight|67/100
|move|p2a: Gholdengo|Nasty Plot|p2a: Gholdengo
|-boost|p2a: Gholdengo|spa|2
|move|p1b: Magmar|Will-O-Wisp|p2b: Dragapult
|-status|p2b: Dragapult|brn
|move|p1a: Corviknight|Brave Bird|p2b: Dragapult
|-damage|p2b: Dragapult|7/100 brn
|-damage|p1a: Corviknight|42/100|[from] Recoil
|
|-damage|p2b: Dragapult|0 fnt|[from] brn
|faint|p2b: Dragapult
|upkeep
|
|t:|1756661822
|switch|p2b: Hydreigon|Hydreigon, L50, M|100/100
|turn|4
|inactive|WaRiii0 has 30 seconds left.
|inactive|Slim Shady LPVGC has 30 seconds left.
|inactive|WaRiii0 has 20 seconds left.
|
|t:|1756661858
|move|p2b: Hydreigon|Dark Pulse|p1b: Magmar
|-damage|p1b: Magmar|0 fnt
|faint|p1b: Magmar
|-damage|p2b: Hydreigon|91/100|[from] item: Life Orb
|move|p2a: Gholdengo|Shadow Ball|p1a: Corviknight
|-damage|p1a: Corviknight|0 fnt
|faint|p1a: Corviknight
|
|-sideend|p2: Slim Shady LPVGC|move: Tailwind
|upkeep
|
|t:|1756661870
|switch|p1b: Sneasler|Sneasler, L50, F|100/100
|switch|p1a: Indeedee|Indeedee, L50, M|100/100
|turn|5
|inactive|Slim Shady LPVGC has 30 seconds left.
|
|t:|1756661900
|-terastallize|p1b: Sneasler|Flying
|move|p1a: Indeedee|Expanding Force|p2b: Hydreigon|[spread] p2a
|-immune|p2b: Hydreigon
|-resisted|p2a: Gholdengo
|-damage|p2a: Gholdengo|71/100
|move|p1b: Sneasler|Dire Claw|p2b: Hydreigon
|-damage|p2b: Hydreigon|40/100
|move|p2b: Hydreigon|Draco Meteor|p1b: Sneasler
|-damage|p1b: Sneasler|0 fnt
|-unboost|p2b: Hydreigon|spa|2
|faint|p1b: Sneasler
|-damage|p2b: Hydreigon|30/100|[from] item: Life Orb
|move|p2a: Gholdengo|Make It Rain|p1a: Indeedee
|-damage|p1a: Indeedee|0 fnt
|-unboost|p2a: Gholdengo|spa|1
|faint|p1a: Indeedee
|
|win|Slim Shady LPVGC
|raw|WaRiii0's rating: 1087 → 1069(-18 for losing)
|raw|Slim Shady LPVGC's rating: 1172 → 1191(+19 for winning)
|c|☆Slim Shady LPVGC|Gg
|l|☆WaRiii0
|player|p1|
|l|☆Slim Shady LPVGC
|player|p2|
