|j|☆Shanky26
|j|☆Lrobie
|html|Shanky26Lrobie    
|uhtml|bestof|Game 1 of a best-of-3
|t:|1783805897
|gametype|doubles
|player|p1|Shanky26|2|
|player|p2|Lrobie|1|
|gen|9
|tier|[Gen 9 Champions] VGC 2026 Reg M-B (Bo3)
|rule|Species Clause: Limit one of each Pokémon
|rule|Item Clause: Limit 1 of each item
|clearpoke
|poke|p1|Gengar, L50, M, shiny|
|poke|p1|Incineroar, L50, M|
|poke|p1|Sableye, L50, F, shiny|
|poke|p1|Kommo-o, L50, M|
|poke|p1|Meowscarada, L50, F|
|poke|p1|Heliolisk, L50, F|
|poke|p2|Whimsicott, L50, F|
|poke|p2|Archaludon, L50, F|
|poke|p2|Basculegion, L50, M|
|poke|p2|Raichu, L50, F|
|poke|p2|Staraptor, L50, M|
|poke|p2|Charizard, L50, F|
|teampreview|4
|showteam|p1|Gengar||Gengarite|CursedBody|Protect,ShadowBall,PerishSong,Disable|Modest||M|||50|]Incineroar||ChopleBerry|Intimidate|Protect,FakeOut,PartingShot,FlareBlitz|Relaxed||M|||50|]Sableye||FocusSash|Prankster|Protect,FakeOut,Quash,Swagger|Impish||F|||50|]Kommo-o||HabanBerry|Soundproof|Protect,CloseCombat,PoisonJab,IcePunch|Jolly||M|||50|]Meowscarada||ChoiceScarf|Protean|TripleAxel,FlowerTrick,Uturn,KnockOff|Adamant||F|||50|]Heliolisk||LifeOrb|DrySkin|HyperVoice,VoltSwitch,Thunderbolt,Protect|Timid||F|||50|
|showteam|p2|Whimsicott||FocusSash|Prankster|Tailwind,Moonblast,Encore,Protect|Timid||F|||50|]Archaludon||Leftovers|Stamina|ElectroShot,FlashCannon,Protect,DragonPulse|Modest||F|||50|]Basculegion||ChoiceScarf|Adaptability|LastRespects,AquaJet,WaveCrash,FlipTurn|Adamant||M|||50|]Raichu||ShucaBerry|LightningRod|FakeOut,Protect,ZapCannon,FocusBlast|Timid||F|||50|]Staraptor||Staraptite|Intimidate|CloseCombat,Protect,BraveBird,Roost|Serious||M|||50|]Charizard||CharizarditeX|Blaze|FlareBlitz,DragonClaw,Protect,ScorchingSands|Serious||F|||50|
|j| ZAMNZAPDOS
|inactive|Battle timer is ON: inactive players will automatically lose when time's up. (requested by Shanky26)
|
|t:|1783806025
|teamsize|p1|4
|teamsize|p2|4
|start
|switch|p1a: Gengar|Gengar, L50, M, shiny|100/100
|switch|p1b: Sableye|Sableye, L50, F, shiny|100/100
|switch|p2a: Whimsicott|Whimsicott, L50, F|100/100
|switch|p2b: Archaludon|Archaludon, L50, F|100/100
|turn|1
|c| ZAMNZAPDOS|hi oafs
|inactive|Lrobie has 30 seconds left.
|
|t:|1783806057
|detailschange|p1a: Gengar|Gengar-Mega, L50, M, shiny
|-mega|p1a: Gengar|Gengar|Gengarite
|move|p1b: Sableye|Fake Out|p2b: Archaludon
|-resisted|p2b: Archaludon|1
|-damage|p2b: Archaludon|96/100
|-ability|p2b: Archaludon|Stamina|boost
|-boost|p2b: Archaludon|def|1
|move|p2a: Whimsicott|Moonblast|p1b: Sableye
|-supereffective|p1b: Sableye|1
|-enditem|p1b: Sableye|Focus Sash
|-damage|p1b: Sableye|1/100
|move|p1a: Gengar|Perish Song|p1a: Gengar
|-start|p1a: Gengar|perish3|[silent]
|-start|p1b: Sableye|perish3|[silent]
|-start|p2a: Whimsicott|perish3|[silent]
|-start|p2b: Archaludon|perish3|[silent]
|-fieldactivate|move: Perish Song
|cant|p2b: Archaludon|flinch
|
|-heal|p2b: Archaludon|100/100|[from] item: Leftovers
|-start|p2a: Whimsicott|perish3
|-start|p1a: Gengar|perish3
|-start|p2b: Archaludon|perish3
|-start|p1b: Sableye|perish3
|upkeep
|turn|2
|inactive|Shanky26 has 30 seconds left.
|inactive|Lrobie has 30 seconds left.
|inactive|Shanky26 has 20 seconds left.
|inactive|Shanky26 has 15 seconds left.
|
|t:|1783806099
|switch|p1b: Heliolisk|Heliolisk, L50, F|100/100
|move|p1a: Gengar|Protect|p1a: Gengar
|-singleturn|p1a: Gengar|Protect
|move|p2a: Whimsicott|Tailwind|p2a: Whimsicott
|-sidestart|p2: Lrobie|move: Tailwind
|move|p2b: Archaludon|Dragon Pulse|p1b: Heliolisk
|-damage|p1b: Heliolisk|46/100
|
|-start|p2a: Whimsicott|perish2
|-start|p2b: Archaludon|perish2
|-start|p1a: Gengar|perish2
|upkeep
|turn|3
|inactive|Shanky26 has 30 seconds left.
|inactive|Lrobie has 30 seconds left.
|inactive|Shanky26 has 20 seconds left.
|inactive|Shanky26 has 15 seconds left.
|inactive|Lrobie has 20 seconds left.
|inactive|Shanky26 has 10 seconds left.
|inactive|Lrobie has 15 seconds left.
|
|t:|1783806153
|switch|p1a: Sableye|Sableye, L50, F, shiny|1/100
|move|p2a: Whimsicott|Moonblast|p1a: Sableye
|-supereffective|p1a: Sableye|1
|-damage|p1a: Sableye|0 fnt
|faint|p1a: Sableye
|move|p2b: Archaludon|Dragon Pulse|p1b: Heliolisk
|-damage|p1b: Heliolisk|0 fnt
|faint|p1b: Heliolisk
|
|-start|p2a: Whimsicott|perish1
|-start|p2b: Archaludon|perish1
|upkeep
|
|t:|1783806164
|switch|p1b: Meowscarada|Meowscarada, L50, F|100/100
|switch|p1a: Gengar|Gengar-Mega, L50, M, shiny|100/100
|turn|4
|
|t:|1783806189
|move|p2a: Whimsicott|Moonblast|p1b: Meowscarada
|-supereffective|p1b: Meowscarada|1
|-damage|p1b: Meowscarada|10/100
|move|p2b: Archaludon|Flash Cannon|p1a: Gengar
|-damage|p1a: Gengar|60/100
|move|p1b: Meowscarada|Triple Axel|p2a: Whimsicott
|-start|p1b: Meowscarada|typechange|Ice|[from] ability: Protean
|-supereffective|p2a: Whimsicott|1
|-damage|p2a: Whimsicott|64/100
|-supereffective|p2a: Whimsicott|1
|-damage|p2a: Whimsicott|8/100
|-supereffective|p2a: Whimsicott|1
|-damage|p2a: Whimsicott|0 fnt
|faint|p2a: Whimsicott
|-hitcount|p2: Whimsicott|3
|move|p1a: Gengar|Disable|p2b: Archaludon
|-start|p2b: Archaludon|Disable|Flash Cannon
|
|-start|p2b: Archaludon|perish0
|faint|p2b: Archaludon
|upkeep
|
|t:|1783806206
|switch|p2a: Raichu|Raichu, L50, F|100/100
|switch|p2b: Basculegion|Basculegion, L50, M|100/100
|turn|5
|inactive|Lrobie has 30 seconds left.
|inactive|Lrobie has 20 seconds left.
|
|t:|1783806245
|move|p1a: Gengar|Protect|p1a: Gengar
|-singleturn|p1a: Gengar|Protect
|move|p2a: Raichu|Fake Out|p1b: Meowscarada
|-damage|p1b: Meowscarada|1/100
|move|p2b: Basculegion|Last Respects|p1a: Gengar
|-activate|p1a: Gengar|move: Protect
|cant|p1b: Meowscarada|flinch
|
|-sideend|p2: Lrobie|move: Tailwind
|upkeep
|turn|6
|inactive|Shanky26 has 30 seconds left.
|inactive|Shanky26 has 20 seconds left.
|inactive|Shanky26 has 15 seconds left.
|inactive|Shanky26 has 10 seconds left.
|inactive|Shanky26 has 5 seconds left.
|
|t:|1783806296
|move|p1b: Meowscarada|Triple Axel|p2a: Raichu
|-crit|p2a: Raichu
|-damage|p2a: Raichu|64/100
|-damage|p2a: Raichu|20/100y
|-damage|p2a: Raichu|0 fnt
|faint|p2a: Raichu
|-hitcount|p2: Raichu|3
|move|p2b: Basculegion|Last Respects|p1a: Gengar
|-supereffective|p1a: Gengar|1
|-damage|p1a: Gengar|0 fnt
|faint|p1a: Gengar
|
|upkeep
|turn|7
|
|t:|1783806309
|move|p1b: Meowscarada|Triple Axel|p2b: Basculegion|[miss]
|-miss|p1b: Meowscarada|p2b: Basculegion
|move|p2b: Basculegion|Last Respects|p1b: Meowscarada
|-damage|p1b: Meowscarada|0 fnt
|faint|p1b: Meowscarada
|
|win|Lrobie
|inactive|Shanky26 has 30 seconds to confirm battle start!
|inactive|Lrobie has 30 seconds to confirm battle start!
||Lrobie is ready for game 2.
||Shanky26 is ready for game 2.
|uhtml|next|Next: Game 2 of 3
|l| ZAMNZAPDOS
|l|☆Lrobie
|player|p2|
|j|☆Lrobie
|player|p2|Lrobie|1|
|l|☆Lrobie
|player|p2|
