|j|☆MiCasa3112
|j|☆Frafri
|html|MiCasa3112Frafri    
|uhtml|bestof|Game 2 of a best-of-3
|t:|1784917141
|gametype|doubles
|player|p1|MiCasa3112|lucas|
|player|p2|Frafri|170|
|gen|9
|tier|[Gen 9 Champions] VGC 2026 Reg M-B (Bo3)
|rule|Species Clause: Limit one of each Pokémon
|rule|Item Clause: Limit 1 of each item
|clearpoke
|poke|p1|Archaludon, L50, F|
|poke|p1|Sableye, L50, M|
|poke|p1|Incineroar, L50, M|
|poke|p1|Basculegion-F, L50, F|
|poke|p1|Floette-Eternal, L50, F|
|poke|p1|Sinistcha, L50|
|poke|p2|Gyarados, L50, F|
|poke|p2|Gholdengo, L50|
|poke|p2|Raichu, L50, M|
|poke|p2|Sneasler, L50, F|
|poke|p2|Sinistcha, L50|
|poke|p2|Pelipper, L50, F|
|teampreview|4
|showteam|p1|Archaludon||Leftovers|Stamina|ElectroShot,FlashCannon,DragonPulse,Protect|Modest||F|||50|]Sableye||RoseliBerry|Prankster|WillOWisp,LightScreen,Quash,RainDance|Impish||M|||50|]Incineroar||ChopleBerry|Intimidate|FakeOut,FlareBlitz,CloseCombat,PartingShot|Adamant||M|||50|]Basculegion-F||FocusSash|SwiftSwim|MuddyWater,AquaJet,ShadowBall,IcyWind|Modest||F|||50|]Floette-Eternal||Floettite|FlowerVeil|DazzlingGleam,DrainingKiss,CalmMind,Protect|Modest||F|||50|]Sinistcha||ColburBerry|Hospitality|MatchaGotcha,RagePowder,TrickRoom,LifeDew|Bold|||||50|
|showteam|p2|Gyarados||Gyaradosite|Intimidate|DragonDance,Waterfall,Crunch,Protect|Adamant||F|||50|]Gholdengo||Leftovers|GoodasGold|ShadowBall,MakeItRain,NastyPlot,Protect|Modest|||||50|]Raichu||RaichuniteY|LightningRod|FakeOut,Protect,ZapCannon,FocusBlast|Timid||M|||50|]Sneasler||FocusSash|Unburden|FakeOut,DireClaw,CloseCombat,Coaching|Jolly||F|||50|]Sinistcha||ColburBerry|Hospitality|MatchaGotcha,LifeDew,RagePowder,TrickRoom|Sassy|||||50|]Pelipper||SitrusBerry|Drizzle|Hurricane,WeatherBall,WideGuard,Tailwind|Modest||F|||50|
|
|t:|1784917189
|teamsize|p1|4
|teamsize|p2|4
|start
|switch|p1a: Incineroar|Incineroar, L50, M|100/100
|switch|p1b: Basculegion|Basculegion-F, L50, F|100/100
|switch|p2a: Gyarados|Gyarados, L50, F|100/100
|switch|p2b: Sneasler|Sneasler, L50, F|100/100
|-ability|p2a: Gyarados|Intimidate|boost
|-unboost|p1a: Incineroar|atk|1
|-unboost|p1b: Basculegion|atk|1
|-ability|p1a: Incineroar|Intimidate|boost
|-unboost|p2a: Gyarados|atk|1
|-unboost|p2b: Sneasler|atk|1
|turn|1
|
|t:|1784917239
|switch|p1a: Archaludon|Archaludon, L50, F|100/100
|move|p2b: Sneasler|Coaching|p2a: Gyarados
|-boost|p2a: Gyarados|atk|1
|-boost|p2a: Gyarados|def|1
|move|p2a: Gyarados|Dragon Dance|p2a: Gyarados
|-boost|p2a: Gyarados|atk|1
|-boost|p2a: Gyarados|spe|1
|move|p1b: Basculegion|Icy Wind|p2b: Sneasler|[spread] p2a,p2b
|-damage|p2a: Gyarados|86/100
|-damage|p2b: Sneasler|83/100
|-unboost|p2a: Gyarados|spe|1
|-unboost|p2b: Sneasler|spe|1
|
|upkeep
|turn|2
|
|t:|1784917268
|switch|p1a: Incineroar|Incineroar, L50, M|100/100
|-ability|p1a: Incineroar|Intimidate|boost
|-unboost|p2a: Gyarados|atk|1
|-unboost|p2b: Sneasler|atk|1
|detailschange|p2a: Gyarados|Gyarados-Mega, L50, F
|-mega|p2a: Gyarados|Gyarados|Gyaradosite
|-ability|p2a: Gyarados|Mold Breaker
|move|p2a: Gyarados|Crunch|p1b: Basculegion
|-supereffective|p1b: Basculegion|1
|-enditem|p1b: Basculegion|Focus Sash
|-damage|p1b: Basculegion|1/100
|move|p2b: Sneasler|Coaching|p2a: Gyarados
|-boost|p2a: Gyarados|atk|1
|-boost|p2a: Gyarados|def|1
|move|p1b: Basculegion|Shadow Ball|p2b: Sneasler
|-damage|p2b: Sneasler|33/100
|
|upkeep
|turn|3
|
|t:|1784917311
|switch|p2b: Sinistcha|Sinistcha, L50|100/100
|-heal|p2a: Gyarados|100/100|[from] ability: Hospitality|[of] p2b: Sinistcha
|move|p1a: Incineroar|Fake Out|p2a: Gyarados
|-damage|p2a: Gyarados|93/100
|cant|p2a: Gyarados|flinch
|move|p1b: Basculegion|Icy Wind|p2a: Gyarados|[spread] p2a,p2b
|-resisted|p2a: Gyarados|1
|-supereffective|p2b: Sinistcha|1
|-damage|p2a: Gyarados|88/100
|-damage|p2b: Sinistcha|76/100
|-unboost|p2a: Gyarados|spe|1
|-unboost|p2b: Sinistcha|spe|1
|
|upkeep
|turn|4
|
|t:|1784917341
|switch|p2b: Raichu|Raichu, L50, M|100/100
|move|p1b: Basculegion|Shadow Ball|p2b: Raichu
|-damage|p2b: Raichu|49/100
|move|p2a: Gyarados|Dragon Dance|p2a: Gyarados
|-boost|p2a: Gyarados|atk|1
|-boost|p2a: Gyarados|spe|1
|move|p1a: Incineroar|Parting Shot|p2a: Gyarados
|-unboost|p2a: Gyarados|atk|1
|-unboost|p2a: Gyarados|spa|1
|
|t:|1784917352
|switch|p1a: Sableye|Sableye, L50, M|100/100|[from] Parting Shot
|
|upkeep
|turn|5
|
|t:|1784917378
|switch|p2b: Sinistcha|Sinistcha, L50|76/100
|-heal|p2a: Gyarados|100/100|[from] ability: Hospitality|[of] p2b: Sinistcha
|move|p1a: Sableye|Rain Dance|p1a: Sableye
|-weather|RainDance
|move|p1b: Basculegion|Muddy Water|p2b: Sinistcha|[spread] p2a,p2b
|-resisted|p2a: Gyarados|1
|-resisted|p2b: Sinistcha|1
|-damage|p2a: Gyarados|80/100
|-damage|p2b: Sinistcha|56/100
|move|p2a: Gyarados|Dragon Dance|p2a: Gyarados
|-boost|p2a: Gyarados|atk|1
|-boost|p2a: Gyarados|spe|1
|
|-weather|RainDance|[upkeep]
|upkeep
|turn|6
|
|t:|1784917407
|switch|p1b: Incineroar|Incineroar, L50, M|100/100
|-ability|p1b: Incineroar|Intimidate|boost
|-unboost|p2a: Gyarados|atk|1
|-unboost|p2b: Sinistcha|atk|1
|switch|p2b: Raichu|Raichu, L50, M|49/100
|switch|p1a: Archaludon|Archaludon, L50, F|100/100
|move|p2a: Gyarados|Dragon Dance|p2a: Gyarados
|-boost|p2a: Gyarados|atk|1
|-boost|p2a: Gyarados|spe|1
|
|-weather|RainDance|[upkeep]
|upkeep
|turn|7
|
|t:|1784917433
|switch|p1b: Basculegion|Basculegion-F, L50, F|1/100
|move|p2b: Raichu|Fake Out|p1b: Basculegion
|-immune|p1b: Basculegion
|move|p2a: Gyarados|Dragon Dance|p2a: Gyarados
|-boost|p2a: Gyarados|atk|1
|-boost|p2a: Gyarados|spe|1
|move|p1a: Archaludon|Dragon Pulse|p2b: Raichu
|-damage|p2b: Raichu|0 fnt
|faint|p2b: Raichu
|
|-weather|RainDance|[upkeep]
|upkeep
|
|t:|1784917452
|switch|p2b: Sinistcha|Sinistcha, L50|56/100
|-heal|p2a: Gyarados|100/100|[from] ability: Hospitality|[of] p2b: Sinistcha
|turn|8
|
|t:|1784917483
|switch|p2b: Sneasler|Sneasler, L50, F|33/100
|move|p2a: Gyarados|Waterfall|p1b: Basculegion
|-resisted|p1b: Basculegion|1
|-damage|p1b: Basculegion|0 fnt
|faint|p1b: Basculegion
|move|p1a: Archaludon|Electro Shot||[still]
|-prepare|p1a: Archaludon|Electro Shot
|-boost|p1a: Archaludon|spa|1
|-anim|p1a: Archaludon|Electro Shot|p2a: Gyarados
|-supereffective|p2a: Gyarados|1
|-damage|p2a: Gyarados|0 fnt
|faint|p2a: Gyarados
|
|-weather|RainDance|[upkeep]
|upkeep
|c|☆Frafri|damn
|c|☆Frafri|vabbè gg
|
|t:|1784917504
|switch|p2a: Sinistcha|Sinistcha, L50|56/100
|switch|p1b: Incineroar|Incineroar, L50, M|100/100
|-ability|p1b: Incineroar|Intimidate|boost
|-unboost|p2a: Sinistcha|atk|1
|-unboost|p2b: Sneasler|atk|1
|-heal|p2b: Sneasler|58/100|[from] ability: Hospitality|[of] p2a: Sinistcha
|turn|9
|
|t:|1784917526
|move|p1b: Incineroar|Fake Out|p2b: Sneasler
|-damage|p2b: Sneasler|35/100
|cant|p2b: Sneasler|flinch
|move|p1a: Archaludon|Electro Shot||[still]
|-prepare|p1a: Archaludon|Electro Shot
|-boost|p1a: Archaludon|spa|1
|-anim|p1a: Archaludon|Electro Shot|p2b: Sneasler
|-damage|p2b: Sneasler|0 fnt
|faint|p2b: Sneasler
|move|p2a: Sinistcha|Matcha Gotcha|p1a: Archaludon|[spread] p1a,p1b
|-resisted|p1a: Archaludon|2
|-resisted|p1b: Incineroar|1
|-damage|p1a: Archaludon|93/100
|-heal|p2a: Sinistcha|59/100|[from] drain|[of] p1a: Archaludon
|-damage|p1b: Incineroar|90/100
|-heal|p2a: Sinistcha|65/100|[from] drain|[of] p1b: Incineroar
|-ability|p1a: Archaludon|Stamina|boost
|-boost|p1a: Archaludon|def|1
|
|-weather|none
|-heal|p1a: Archaludon|99/100|[from] item: Leftovers
|upkeep
|turn|10
|-message|Frafri forfeited.
|
|win|MiCasa3112
