|j|☆Pfendy
|j|☆NotAfrogGaming
|html|PfendyNotAfrogGaming    
|uhtml|bestof|Game 2 of a best-of-3
|t:|1785510082
|gametype|doubles
|player|p1|Pfendy|birdkeeper|1094
|player|p2|NotAfrogGaming|boarder|1168
|gen|9
|tier|[Gen 9 Champions] VGC 2026 Reg M-B (Bo3)
|rated|
|rule|Species Clause: Limit one of each Pokémon
|rule|Item Clause: Limit 1 of each item
|clearpoke
|poke|p1|Floette-Eternal, L50, F|
|poke|p1|Incineroar, L50, F, shiny|
|poke|p1|Sneasler, L50, M|
|poke|p1|Reuniclus, L50, F, shiny|
|poke|p1|Whimsicott, L50, M|
|poke|p1|Basculegion, L50, M|
|poke|p2|Gengar, L50, F|
|poke|p2|Aerodactyl, L50, M|
|poke|p2|Mamoswine, L50, M|
|poke|p2|Raichu, L50, F|
|poke|p2|Incineroar, L50, M, shiny|
|poke|p2|Decidueye-Hisui, L50, M|
|teampreview|4
|showteam|p1|Floette-Eternal||Floettite|FlowerVeil|Moonblast,CalmMind,Protect,DazzlingGleam|Bold||F|||50|]Incineroar||PasshoBerry|Intimidate|FakeOut,FlareBlitz,ThroatChop,PartingShot|Adamant||F|||50|]Sneasler||WhiteHerb|Unburden|FakeOut,DireClaw,Protect,CloseCombat|Jolly||M|||50|]Reuniclus||SitrusBerry|Regenerator|TrickRoom,Psychic,FocusBlast,HelpingHand|Quiet||F|||50|]Whimsicott||FocusSash|Prankster|Protect,Tailwind,Moonblast,Encore|Timid||M|||50|]Basculegion||MysticWater|Adaptability|Protect,WaveCrash,LastRespects,AquaJet|Adamant||M|||50|
|showteam|p2|Gengar||Gengarite|CursedBody|ShadowBall,SludgeBomb,Disable,Protect|Timid||F|||50|]Aerodactyl||FocusSash|Unnerve|RockSlide,DualWingbeat,Tailwind,Protect|Jolly||M|||50|]Mamoswine||LifeOrb|Oblivious|IcicleCrash,HighHorsepower,IceShard,Protect|Jolly||M|||50|]Raichu||RaichuniteY|LightningRod|ZapCannon,FocusBlast,FakeOut,Protect|Timid||F|||50|]Incineroar||SitrusBerry|Intimidate|FlareBlitz,DarkestLariat,PartingShot,FakeOut|Careful||M|||50|]Decidueye-Hisui||ScopeLens|Scrappy|TripleArrows,LeafBlade,KnockOff,Protect|Adamant||M|||50|
|inactive|Battle timer is ON: inactive players will automatically lose when time's up. (requested by Pfendy)
|inactive|NotAfrogGaming has 60 seconds left.
|
|t:|1785510125
|teamsize|p1|4
|teamsize|p2|4
|start
|switch|p1a: Incineroar|Incineroar, L50, F, shiny|100/100
|switch|p1b: Reuniclus|Reuniclus, L50, F, shiny|100/100
|switch|p2a: Zappy|Raichu, L50, F|100/100
|switch|p2b: Incineroar|Incineroar, L50, M, shiny|100/100
|-ability|p1a: Incineroar|Intimidate|boost
|-unboost|p2a: Zappy|atk|1
|-unboost|p2b: Incineroar|atk|1
|-ability|p2b: Incineroar|Intimidate|boost
|-unboost|p1a: Incineroar|atk|1
|-unboost|p1b: Reuniclus|atk|1
|turn|1
|inactive|NotAfrogGaming has 30 seconds left.
|
|t:|1785510157
|switch|p1b: Floette|Floette-Eternal, L50, F|100/100
|move|p2a: Zappy|Fake Out|p1a: Incineroar
|-damage|p1a: Incineroar|95/100
|cant|p1a: Incineroar|flinch
|move|p2b: Incineroar|Darkest Lariat|p1b: Floette
|-resisted|p1b: Floette|1
|-damage|p1b: Floette|88/100
|
|upkeep
|turn|2
|inactive|NotAfrogGaming has 30 seconds left.
|inactive|NotAfrogGaming has 20 seconds left.
|
|t:|1785510195
|detailschange|p2a: Zappy|Raichu-Mega-Y, L50, F
|-mega|p2a: Zappy|Raichu|Raichunite Y
|detailschange|p1b: Floette|Floette-Mega, L50, F
|-mega|p1b: Floette|Floette|Floettite
|-ability|p1b: Floette|Fairy Aura
|move|p2a: Zappy|Focus Blast|p1a: Incineroar
|-supereffective|p1a: Incineroar|1
|-damage|p1a: Incineroar|13/100
|move|p1b: Floette|Dazzling Gleam|p2a: Zappy|[spread] p2a,p2b
|-damage|p2a: Zappy|36/100
|-damage|p2b: Incineroar|65/100
|move|p1a: Incineroar|Parting Shot|p2b: Incineroar
|-unboost|p2b: Incineroar|atk|1
|-unboost|p2b: Incineroar|spa|1
|
|t:|1785510208
|switch|p1a: Reuniclus|Reuniclus, L50, F, shiny|100/100|[from] Parting Shot
|move|p2b: Incineroar|Parting Shot|p1b: Floette
|-unboost|p1b: Floette|atk|1
|-unboost|p1b: Floette|spa|1
|
|t:|1785510220
|switch|p2b: Manny|Mamoswine, L50, M|100/100|[from] Parting Shot
|
|upkeep
|turn|3
|inactive|NotAfrogGaming has 30 seconds left.
|
|t:|1785510249
|switch|p2a: Incineroar|Incineroar, L50, M, shiny|65/100
|-ability|p2a: Incineroar|Intimidate|boost
|-unboost|p1a: Reuniclus|atk|1
|-unboost|p1b: Floette|atk|1
|move|p1a: Reuniclus|Helping Hand|p1b: Floette
|-singleturn|p1b: Floette|Helping Hand|[of] p1a: Reuniclus
|move|p2b: Manny|High Horsepower|p1a: Reuniclus
|-damage|p1a: Reuniclus|38/100
|-enditem|p1a: Reuniclus|Sitrus Berry|[eat]
|-heal|p1a: Reuniclus|63/100|[from] item: Sitrus Berry
|-damage|p2b: Manny|90/100|[from] item: Life Orb
|move|p1b: Floette|Dazzling Gleam|p2a: Incineroar|[spread] p2a,p2b
|-damage|p2a: Incineroar|28/100
|-damage|p2b: Manny|31/100
|-enditem|p2a: Incineroar|Sitrus Berry|[eat]
|-heal|p2a: Incineroar|52/100|[from] item: Sitrus Berry
|
|upkeep
|turn|4
|inactive|NotAfrogGaming has 30 seconds left.
|
|t:|1785510280
|-heal|p1a: Reuniclus|96/100|[from] ability: Regenerator|[silent]
|switch|p1a: Incineroar|Incineroar, L50, F, shiny|13/100
|-ability|p1a: Incineroar|Intimidate|boost
|-unboost|p2a: Incineroar|atk|1
|-fail|p2b: Manny|unboost|Attack|[from] ability: Oblivious|[of] p2b: Manny
|move|p1b: Floette|Protect|p1b: Floette
|-singleturn|p1b: Floette|Protect
|move|p2b: Manny|High Horsepower|p1b: Floette
|-activate|p1b: Floette|move: Protect
|move|p2a: Incineroar|Darkest Lariat|p1a: Incineroar
|-resisted|p1a: Incineroar|1
|-damage|p1a: Incineroar|2/100
|
|upkeep
|turn|5
|inactive|Pfendy has 30 seconds left.
|
|t:|1785510310
|move|p2b: Manny|Protect|p2b: Manny
|-singleturn|p2b: Manny|Protect
|move|p1a: Incineroar|Fake Out|p2b: Manny
|-activate|p2b: Manny|move: Protect
|move|p1b: Floette|Moonblast|p2a: Incineroar
|-damage|p2a: Incineroar|18/100
|move|p2a: Incineroar|Parting Shot|p1b: Floette
|-unboost|p1b: Floette|atk|1
|-unboost|p1b: Floette|spa|1
|inactive|NotAfrogGaming has 30 seconds left.
|
|t:|1785510340
|switch|p2a: Zappy|Raichu-Mega-Y, L50, F|36/100|[from] Parting Shot
|
|upkeep
|turn|6
|
|t:|1785510360
|switch|p2b: Incineroar|Incineroar, L50, M, shiny|18/100
|-ability|p2b: Incineroar|Intimidate|boost
|-unboost|p1a: Incineroar|atk|1
|-unboost|p1b: Floette|atk|1
|move|p1b: Floette|Protect|p1b: Floette
|-singleturn|p1b: Floette|Protect
|move|p2a: Zappy|Zap Cannon|p1b: Floette
|-activate|p1b: Floette|move: Protect
|move|p1a: Incineroar|Throat Chop|p2a: Zappy
|-damage|p2a: Zappy|0 fnt
|faint|p2a: Zappy
|
|upkeep
|
|t:|1785510374
|switch|p2a: Decidueye|Decidueye-Hisui, L50, M|100/100
|turn|7
|
|t:|1785510390
|switch|p1b: Reuniclus|Reuniclus, L50, F, shiny|96/100
|move|p2b: Incineroar|Fake Out|p1b: Reuniclus
|-damage|p1b: Reuniclus|86/100
|move|p2a: Decidueye|Leaf Blade|p1b: Reuniclus
|-crit|p1b: Reuniclus
|-damage|p1b: Reuniclus|15/100
|move|p1a: Incineroar|Flare Blitz|p2a: Decidueye
|-supereffective|p2a: Decidueye|1
|-damage|p2a: Decidueye|13/100
|-status|p2a: Decidueye|brn
|-damage|p1a: Incineroar|0 fnt|[from] Recoil
|faint|p1a: Incineroar
|
|-damage|p2a: Decidueye|7/100 brn|[from] brn
|upkeep
|
|t:|1785510403
|switch|p1a: Floette|Floette-Mega, L50, F|88/100
|-ability|p1a: Floette|Fairy Aura
|turn|8
|
|t:|1785510419
|move|p1b: Reuniclus|Helping Hand|p1a: Floette
|-singleturn|p1a: Floette|Helping Hand|[of] p1b: Reuniclus
|move|p1a: Floette|Dazzling Gleam|p2a: Decidueye|[spread] p2a,p2b
|-supereffective|p2a: Decidueye|1
|-crit|p2b: Incineroar
|-damage|p2a: Decidueye|0 fnt
|-damage|p2b: Incineroar|0 fnt
|faint|p2a: Decidueye
|faint|p2b: Incineroar
|
|upkeep
|
|t:|1785510427
|switch|p2a: Manny|Mamoswine, L50, M|31/100
|turn|9
|
|t:|1785510431
|move|p2a: Manny|High Horsepower|p1a: Floette
|-damage|p1a: Floette|34/100
|-damage|p2a: Manny|22/100|[from] item: Life Orb
|move|p1a: Floette|Moonblast|p2a: Manny
|-damage|p2a: Manny|0 fnt
|faint|p2a: Manny
|
|win|Pfendy
||NotAfrogGaming is ready for game 3.
||Pfendy is ready for game 3.
|uhtml|next|Next: Game 3 of 3
|l|☆NotAfrogGaming
|player|p2|
