|j|☆The Bradicus
|j|☆abgesaftet
|html|The Bradicusabgesaftet    
|uhtml|bestof|Game 3 of a best-of-3
|t:|1785794223
|gametype|doubles
|player|p1|The Bradicus|richboy-gen6xy|1278
|player|p2|abgesaftet|ballguy|1416
|gen|9
|tier|[Gen 9 Champions] VGC 2026 Reg M-B (Bo3)
|rated|
|rule|Species Clause: Limit one of each Pokémon
|rule|Item Clause: Limit 1 of each item
|clearpoke
|poke|p1|Glimmora, L50, F|
|poke|p1|Chesnaught, L50, M|
|poke|p1|Farigiraf, L50, F|
|poke|p1|Ninetales-Alola, L50, M|
|poke|p1|Whimsicott, L50, F|
|poke|p1|Typhlosion, L50, M|
|poke|p2|Sneasler, L50, M|
|poke|p2|Sinistcha, L50|
|poke|p2|Incineroar, L50, M|
|poke|p2|Kingambit, L50, F|
|poke|p2|Delphox, L50, F|
|poke|p2|Blastoise, L50, F|
|teampreview|4
|showteam|p1|Glimmora||Glimmoranite|ToxicDebris|SludgeBomb,PowerGem,EarthPower,SpikyShield|Timid||F|||50|]Chesnaught||Chesnaughtite|Bulletproof|BodyPress,WoodHammer,WideGuard,SpikyShield|Relaxed||M|||50|]Farigiraf||Leftovers|ArmorTail|HyperVoice,TwinBeam,TrickRoom,Protect|Bold||F|||50|]Ninetales-Alola||NeverMeltIce|SnowWarning|Blizzard,FreezeDry,Moonblast,Protect|Timid||M|||50|]Whimsicott||FocusSash|Prankster|Moonblast,SunnyDay,Tailwind,Protect|Bold||F|||50|]Typhlosion||Charcoal|FlashFire|Eruption,Flamethrower,SolarBeam,Protect|Modest||M|||50|
|showteam|p2|Sneasler||FocusSash|PoisonTouch|FakeOut,CloseCombat,PoisonJab,QuickGuard|Jolly||M|||50|]Sinistcha||OccaBerry|Hospitality|MatchaGotcha,RagePowder,TrickRoom,Protect|Bold|||||50|]Incineroar||SitrusBerry|Intimidate|FakeOut,FlareBlitz,ThroatChop,PartingShot|Careful||M|||50|]Kingambit||LifeOrb|Defiant|KowtowCleave,SuckerPunch,SwordsDance,Protect|Adamant||F|||50|]Delphox||Delphoxite|Blaze|HeatWave,Psychic,NastyPlot,Protect|Timid||F|||50|]Blastoise||Blastoisinite|RainDish|WaterSpout,DarkPulse,ShellSmash,Protect|Modest||F|||50|
|inactive|Battle timer is ON: inactive players will automatically lose when time's up. (requested by The Bradicus)
|inactive|The Bradicus has 60 seconds left.
|
|t:|1785794268
|teamsize|p1|4
|teamsize|p2|4
|start
|switch|p1a: Farigiraf|Farigiraf, L50, F|100/100
|switch|p1b: Ninetales|Ninetales-Alola, L50, M|100/100
|switch|p2a: Blastoise|Blastoise, L50, F|100/100
|switch|p2b: Incineroar|Incineroar, L50, M|100/100
|-weather|Snowscape|[from] ability: Snow Warning|[of] p1b: Ninetales
|-ability|p2b: Incineroar|Intimidate|boost
|-unboost|p1a: Farigiraf|atk|1
|-unboost|p1b: Ninetales|atk|1
|turn|1
|
|t:|1785794278
|detailschange|p2a: Blastoise|Blastoise-Mega, L50, F
|-mega|p2a: Blastoise|Blastoise|Blastoisinite
|move|p2a: Blastoise|Protect|p2a: Blastoise
|-singleturn|p2a: Blastoise|Protect
|move|p1a: Farigiraf|Protect|p1a: Farigiraf
|-singleturn|p1a: Farigiraf|Protect
|move|p1b: Ninetales|Freeze-Dry|p2a: Blastoise
|-activate|p2a: Blastoise|move: Protect
|move|p2b: Incineroar|Flare Blitz|p1b: Ninetales
|-supereffective|p1b: Ninetales|1
|-damage|p1b: Ninetales|2/100
|-damage|p2b: Incineroar|75/100|[from] Recoil
|
|-weather|Snowscape|[upkeep]
|upkeep
|turn|2
|
|t:|1785794301
|switch|p2a: Sneasler|Sneasler, L50, M|100/100
|move|p1b: Ninetales|Freeze-Dry|p2a: Sneasler
|-damage|p2a: Sneasler|57/100
|move|p2b: Incineroar|Throat Chop|p1a: Farigiraf
|-supereffective|p1a: Farigiraf|1
|-damage|p1a: Farigiraf|52/100
|-start|p1a: Farigiraf|Throat Chop|[silent]
|move|p1a: Farigiraf|Trick Room|p1a: Farigiraf
|-fieldstart|move: Trick Room|[of] p1a: Farigiraf
|
|-weather|Snowscape|[upkeep]
|-heal|p1a: Farigiraf|58/100|[from] item: Leftovers
|upkeep
|turn|3
|
|t:|1785794322
|switch|p1b: Glimmora|Glimmora, L50, F|100/100
|switch|p2a: Blastoise|Blastoise-Mega, L50, F|100/100
|move|p1a: Farigiraf|Twin Beam|p2a: Blastoise
|-damage|p2a: Blastoise|85/100
|-damage|p2a: Blastoise|70/100
|-hitcount|p2a: Blastoise|2
|move|p2b: Incineroar|Flare Blitz|p1b: Glimmora
|-resisted|p1b: Glimmora|1
|-damage|p1b: Glimmora|72/100
|-activate|p1b: Glimmora|ability: Toxic Debris
|-sidestart|p2: abgesaftet|move: Toxic Spikes
|-damage|p2b: Incineroar|68/100|[from] Recoil
|
|-weather|Snowscape|[upkeep]
|-heal|p1a: Farigiraf|64/100|[from] item: Leftovers
|-end|p1a: Farigiraf|Throat Chop|[silent]
|upkeep
|turn|4
|
|t:|1785794344
|switch|p1b: Ninetales|Ninetales-Alola, L50, M|2/100
|move|p1a: Farigiraf|Hyper Voice|p2a: Blastoise|[spread] p2a,p2b
|-damage|p2a: Blastoise|42/100
|-damage|p2b: Incineroar|46/100
|-enditem|p2b: Incineroar|Sitrus Berry|[eat]
|-heal|p2b: Incineroar|71/100|[from] item: Sitrus Berry
|move|p2b: Incineroar|Throat Chop|p1b: Ninetales
|-resisted|p1b: Ninetales|1
|-damage|p1b: Ninetales|0 fnt
|faint|p1b: Ninetales
|move|p2a: Blastoise|Water Spout|p1a: Farigiraf
|-damage|p1a: Farigiraf|29/100
|
|-weather|Snowscape|[upkeep]
|-heal|p1a: Farigiraf|36/100|[from] item: Leftovers
|upkeep
|
|t:|1785794349
|switch|p1b: Chesnaught|Chesnaught, L50, M|100/100
|turn|5
|
|t:|1785794360
|switch|p2b: Sneasler|Sneasler, L50, M|57/100
|-sideend|p2: abgesaftet|move: Toxic Spikes|[of] p2b: Sneasler
|detailschange|p1b: Chesnaught|Chesnaught-Mega, L50, M
|-mega|p1b: Chesnaught|Chesnaught|Chesnaughtite
|move|p2a: Blastoise|Protect|p2a: Blastoise
|-singleturn|p2a: Blastoise|Protect
|move|p1b: Chesnaught|Body Press|p2b: Sneasler
|-resisted|p2b: Sneasler|1
|-damage|p2b: Sneasler|6/100
|move|p1a: Farigiraf|Hyper Voice|p2b: Sneasler|[spread] p2b
|-activate|p2a: Blastoise|move: Protect
|-damage|p2b: Sneasler|0 fnt
|faint|p2b: Sneasler
|
|-weather|none
|-heal|p1a: Farigiraf|42/100|[from] item: Leftovers
|upkeep
|inactive|abgesaftet has 30 seconds left.
|
|t:|1785794393
|switch|p2b: Incineroar|Incineroar, L50, M|71/100
|-ability|p2b: Incineroar|Intimidate|boost
|-unboost|p1a: Farigiraf|atk|1
|-unboost|p1b: Chesnaught|atk|1
|turn|6
|
|t:|1785794412
|switch|p2b: Sinistcha|Sinistcha, L50|100/100
|-heal|p2a: Blastoise|67/100|[from] ability: Hospitality|[of] p2b: Sinistcha
|move|p2a: Blastoise|Protect||[still]
|-fail|p2a: Blastoise
|move|p1b: Chesnaught|Body Press|p2b: Sinistcha
|-immune|p2b: Sinistcha
|move|p1a: Farigiraf|Hyper Voice|p2b: Sinistcha|[spread] p2a
|-immune|p2b: Sinistcha
|-damage|p2a: Blastoise|44/100
|
|-heal|p1a: Farigiraf|48/100|[from] item: Leftovers
|-fieldend|move: Trick Room
|upkeep
|turn|7
|inactive|abgesaftet has 30 seconds left.
|inactive|abgesaftet has 20 seconds left.
|
|t:|1785794451
|switch|p2a: Incineroar|Incineroar, L50, M|71/100
|-ability|p2a: Incineroar|Intimidate|boost
|-unboost|p1a: Farigiraf|atk|1
|-unboost|p1b: Chesnaught|atk|1
|move|p1a: Farigiraf|Protect|p1a: Farigiraf
|-singleturn|p1a: Farigiraf|Protect
|move|p2b: Sinistcha|Matcha Gotcha|p1b: Chesnaught|[spread] p1b
|-activate|p1a: Farigiraf|move: Protect
|-resisted|p1b: Chesnaught|1
|-damage|p1b: Chesnaught|90/100
|move|p1b: Chesnaught|Body Press|p2a: Incineroar
|-supereffective|p2a: Incineroar|1
|-crit|p2a: Incineroar
|-damage|p2a: Incineroar|0 fnt
|faint|p2a: Incineroar
|
|-heal|p1a: Farigiraf|54/100|[from] item: Leftovers
|upkeep
|
|t:|1785794457
|switch|p2a: Blastoise|Blastoise-Mega, L50, F|44/100
|turn|8
|
|t:|1785794476
|switch|p1b: Glimmora|Glimmora, L50, F|72/100
|move|p2a: Blastoise|Dark Pulse|p1a: Farigiraf
|-supereffective|p1a: Farigiraf|1
|-damage|p1a: Farigiraf|0 fnt
|faint|p1a: Farigiraf
|move|p2b: Sinistcha|Matcha Gotcha|p1b: Glimmora
|-damage|p1b: Glimmora|28/100
|
|upkeep
|
|t:|1785794481
|switch|p1a: Chesnaught|Chesnaught-Mega, L50, M|90/100
|turn|9
|
|t:|1785794495
|move|p2a: Blastoise|Protect|p2a: Blastoise
|-singleturn|p2a: Blastoise|Protect
|move|p2b: Sinistcha|Protect|p2b: Sinistcha
|-singleturn|p2b: Sinistcha|Protect
|move|p1b: Glimmora|Sludge Bomb|p2b: Sinistcha
|-activate|p2b: Sinistcha|move: Protect
|move|p1a: Chesnaught|Wood Hammer|p2a: Blastoise
|-activate|p2a: Blastoise|move: Protect
|
|upkeep
|turn|10
|
|t:|1785794507
|move|p1b: Glimmora|Spiky Shield|p1b: Glimmora
|-singleturn|p1b: Glimmora|move: Protect
|move|p2b: Sinistcha|Rage Powder|p2b: Sinistcha
|-singleturn|p2b: Sinistcha|move: Rage Powder
|move|p2a: Blastoise|Water Spout|p1b: Glimmora|[spread] p1a
|-activate|p1b: Glimmora|move: Protect
|-resisted|p1a: Chesnaught|1
|-damage|p1a: Chesnaught|79/100
|move|p1a: Chesnaught|Wood Hammer|p2a: Blastoise
|-supereffective|p2a: Blastoise|1
|-crit|p2a: Blastoise
|-damage|p2a: Blastoise|0 fnt
|faint|p2a: Blastoise
|-damage|p1a: Chesnaught|67/100|[from] Recoil
|
|upkeep
|turn|11
|
|t:|1785794529
|move|p1b: Glimmora|Sludge Bomb|p2b: Sinistcha
|-damage|p2b: Sinistcha|47/100
|move|p2b: Sinistcha|Matcha Gotcha|p1b: Glimmora|[spread] p1a,p1b
|-resisted|p1a: Chesnaught|1
|-crit|p1a: Chesnaught
|-damage|p1a: Chesnaught|51/100
|-heal|p2b: Sinistcha|56/100|[from] drain|[of] p1a: Chesnaught
|-damage|p1b: Glimmora|0 fnt
|-heal|p2b: Sinistcha|69/100|[from] drain|[of] p1b: Glimmora
|-status|p1a: Chesnaught|brn
|faint|p1b: Glimmora
|move|p1a: Chesnaught|Wood Hammer|p2b: Sinistcha
|-resisted|p2b: Sinistcha|1
|-damage|p2b: Sinistcha|58/100
|-damage|p1a: Chesnaught|48/100 brn|[from] Recoil
|
|-damage|p1a: Chesnaught|42/100 brn|[from] brn
|upkeep
|turn|12
|
|t:|1785794545
|move|p2b: Sinistcha|Protect|p2b: Sinistcha
|-singleturn|p2b: Sinistcha|Protect
|move|p1a: Chesnaught|Wood Hammer|p2b: Sinistcha
|-activate|p2b: Sinistcha|move: Protect
|
|-damage|p1a: Chesnaught|36/100 brn|[from] brn
|upkeep
|turn|13
|
|t:|1785794549
|move|p2b: Sinistcha|Matcha Gotcha|p1a: Chesnaught
|-resisted|p1a: Chesnaught|1
|-damage|p1a: Chesnaught|22/100 brn
|-heal|p2b: Sinistcha|66/100|[from] drain|[of] p1a: Chesnaught
|move|p1a: Chesnaught|Wood Hammer|p2b: Sinistcha
|-resisted|p2b: Sinistcha|1
|-damage|p2b: Sinistcha|56/100
|-damage|p1a: Chesnaught|19/100 brn|[from] Recoil
|
|-damage|p1a: Chesnaught|13/100 brn|[from] brn
|upkeep
|turn|14
|
|t:|1785794555
|move|p2b: Sinistcha|Protect|p2b: Sinistcha
|-singleturn|p2b: Sinistcha|Protect
|move|p1a: Chesnaught|Wood Hammer|p2b: Sinistcha
|-activate|p2b: Sinistcha|move: Protect
|
|-damage|p1a: Chesnaught|7/100 brn|[from] brn
|upkeep
|turn|15
|
|t:|1785794559
|move|p1a: Chesnaught|Wide Guard|p1a: Chesnaught
|-singleturn|p1a: Chesnaught|Wide Guard
|move|p2b: Sinistcha|Matcha Gotcha|p1a: Chesnaught
|-activate|p1a: Chesnaught|move: Wide Guard
|
|-damage|p1a: Chesnaught|1/100 brn|[from] brn
|upkeep
|turn|16
|
|t:|1785794563
|move|p1a: Chesnaught|Wide Guard|p1a: Chesnaught
|-singleturn|p1a: Chesnaught|Wide Guard
|move|p2b: Sinistcha|Matcha Gotcha|p1a: Chesnaught
|-activate|p1a: Chesnaught|move: Wide Guard
|
|-damage|p1a: Chesnaught|0 fnt|[from] brn
|faint|p1a: Chesnaught
|
|win|abgesaftet
