|j|☆Pfendy
|j|☆NotAfrogGaming
|html|PfendyNotAfrogGaming    
|uhtml|bestof|Game 3 of a best-of-3
|t:|1785510435
|gametype|doubles
|player|p1|Pfendy|birdkeeper|1094
|player|p2|NotAfrogGaming|boarder|1168
|gen|9
|tier|[Gen 9 Champions] VGC 2026 Reg M-B (Bo3)
|rated|
|rule|Species Clause: Limit one of each Pokémon
|rule|Item Clause: Limit 1 of each item
|clearpoke
|poke|p1|Floette-Eternal, L50, F|
|poke|p1|Incineroar, L50, F, shiny|
|poke|p1|Sneasler, L50, M|
|poke|p1|Reuniclus, L50, F, shiny|
|poke|p1|Whimsicott, L50, F|
|poke|p1|Basculegion, L50, M|
|poke|p2|Gengar, L50, F|
|poke|p2|Aerodactyl, L50, F|
|poke|p2|Mamoswine, L50, M|
|poke|p2|Raichu, L50, F|
|poke|p2|Incineroar, L50, M, shiny|
|poke|p2|Decidueye-Hisui, L50, M|
|teampreview|4
|showteam|p1|Floette-Eternal||Floettite|FlowerVeil|Moonblast,CalmMind,Protect,DazzlingGleam|Bold||F|||50|]Incineroar||PasshoBerry|Intimidate|FakeOut,FlareBlitz,ThroatChop,PartingShot|Adamant||F|||50|]Sneasler||WhiteHerb|Unburden|FakeOut,DireClaw,Protect,CloseCombat|Jolly||M|||50|]Reuniclus||SitrusBerry|Regenerator|TrickRoom,Psychic,FocusBlast,HelpingHand|Quiet||F|||50|]Whimsicott||FocusSash|Prankster|Protect,Tailwind,Moonblast,Encore|Timid||F|||50|]Basculegion||MysticWater|Adaptability|Protect,WaveCrash,LastRespects,AquaJet|Adamant||M|||50|
|showteam|p2|Gengar||Gengarite|CursedBody|ShadowBall,SludgeBomb,Disable,Protect|Timid||F|||50|]Aerodactyl||FocusSash|Unnerve|RockSlide,DualWingbeat,Tailwind,Protect|Jolly||F|||50|]Mamoswine||LifeOrb|Oblivious|IcicleCrash,HighHorsepower,IceShard,Protect|Jolly||M|||50|]Raichu||RaichuniteY|LightningRod|ZapCannon,FocusBlast,FakeOut,Protect|Timid||F|||50|]Incineroar||SitrusBerry|Intimidate|FlareBlitz,DarkestLariat,PartingShot,FakeOut|Careful||M|||50|]Decidueye-Hisui||ScopeLens|Scrappy|TripleArrows,LeafBlade,KnockOff,Protect|Adamant||M|||50|
|inactive|Battle timer is ON: inactive players will automatically lose when time's up. (requested by Pfendy)
|
|t:|1785510508
|teamsize|p1|4
|teamsize|p2|4
|start
|switch|p1a: Incineroar|Incineroar, L50, F, shiny|100/100
|switch|p1b: Reuniclus|Reuniclus, L50, F, shiny|100/100
|switch|p2a: Galaxy|Gengar, L50, F|100/100
|switch|p2b: Incineroar|Incineroar, L50, M, shiny|100/100
|-ability|p1a: Incineroar|Intimidate|boost
|-unboost|p2a: Galaxy|atk|1
|-unboost|p2b: Incineroar|atk|1
|-ability|p2b: Incineroar|Intimidate|boost
|-unboost|p1a: Incineroar|atk|1
|-unboost|p1b: Reuniclus|atk|1
|turn|1
|inactive|NotAfrogGaming has 30 seconds left.
|
|t:|1785510541
|detailschange|p2a: Galaxy|Gengar-Mega, L50, F
|-mega|p2a: Galaxy|Gengar|Gengarite
|move|p1a: Incineroar|Fake Out|p2b: Incineroar
|-damage|p2b: Incineroar|92/100
|cant|p2b: Incineroar|flinch
|move|p2a: Galaxy|Shadow Ball|p1b: Reuniclus
|-supereffective|p1b: Reuniclus|1
|-damage|p1b: Reuniclus|19/100
|-unboost|p1b: Reuniclus|spd|1
|-enditem|p1b: Reuniclus|Sitrus Berry|[eat]
|-heal|p1b: Reuniclus|44/100|[from] item: Sitrus Berry
|move|p1b: Reuniclus|Trick Room|p1b: Reuniclus
|-fieldstart|move: Trick Room|[of] p1b: Reuniclus
|
|upkeep
|turn|2
|inactive|NotAfrogGaming has 30 seconds left.
|inactive|Pfendy has 30 seconds left.
|inactive|NotAfrogGaming has 20 seconds left.
|inactive|Pfendy has 20 seconds left.
|
|t:|1785510584
|move|p2a: Galaxy|Protect|p2a: Galaxy
|-singleturn|p2a: Galaxy|Protect
|move|p1b: Reuniclus|Focus Blast|p2b: Incineroar
|-supereffective|p2b: Incineroar|1
|-damage|p2b: Incineroar|31/100
|-enditem|p2b: Incineroar|Sitrus Berry|[eat]
|-heal|p2b: Incineroar|55/100|[from] item: Sitrus Berry
|move|p2b: Incineroar|Darkest Lariat|p1b: Reuniclus
|-supereffective|p1b: Reuniclus|1
|-damage|p1b: Reuniclus|0 fnt
|faint|p1b: Reuniclus
|move|p1a: Incineroar|Throat Chop|p2a: Galaxy
|-activate|p2a: Galaxy|move: Protect
|
|upkeep
|inactive|Pfendy has 30 seconds left.
|inactive|Pfendy has 20 seconds left.
|inactive|Pfendy has 15 seconds left.
|
|t:|1785510625
|switch|p1b: Basculegion|Basculegion, L50, M|100/100
|turn|3
|
|t:|1785510642
|switch|p2a: Decidueye|Decidueye-Hisui, L50, M|100/100
|move|p2b: Incineroar|Parting Shot|p1b: Basculegion
|-unboost|p1b: Basculegion|atk|1
|-unboost|p1b: Basculegion|spa|1
|
|t:|1785510655
|switch|p2b: Galaxy|Gengar-Mega, L50, F|100/100|[from] Parting Shot
|move|p1a: Incineroar|Parting Shot|p2b: Galaxy
|-unboost|p2b: Galaxy|atk|1
|-unboost|p2b: Galaxy|spa|1
|
|t:|1785510661
|switch|p1a: Floette|Floette-Eternal, L50, F|100/100|[from] Parting Shot
|move|p1b: Basculegion|Last Respects|p2a: Decidueye
|-damage|p2a: Decidueye|43/100
|
|upkeep
|turn|4
|inactive|NotAfrogGaming has 30 seconds left.
|inactive|NotAfrogGaming has 20 seconds left.
|
|t:|1785510697
|switch|p1b: Incineroar|Incineroar, L50, F, shiny|100/100
|-ability|p1b: Incineroar|Intimidate|boost
|-fail|p2a: Decidueye|unboost|Attack|[from] ability: Scrappy|[of] p2a: Decidueye
|-unboost|p2b: Galaxy|atk|1
|switch|p2b: Incineroar|Incineroar, L50, M, shiny|55/100
|-ability|p2b: Incineroar|Intimidate|boost
|-unboost|p1a: Floette|atk|1
|-unboost|p1b: Incineroar|atk|1
|detailschange|p1a: Floette|Floette-Mega, L50, F
|-mega|p1a: Floette|Floette|Floettite
|-ability|p1a: Floette|Fairy Aura
|move|p2a: Decidueye|Leaf Blade|p1b: Incineroar
|-resisted|p1b: Incineroar|1
|-crit|p1b: Incineroar
|-damage|p1b: Incineroar|66/100
|move|p1a: Floette|Dazzling Gleam|p2a: Decidueye|[spread] p2a,p2b
|-supereffective|p2a: Decidueye|1
|-damage|p2a: Decidueye|0 fnt
|-damage|p2b: Incineroar|24/100
|faint|p2a: Decidueye
|
|upkeep
|inactive|NotAfrogGaming has 30 seconds left.
|
|t:|1785510726
|switch|p2a: Galaxy|Gengar-Mega, L50, F|100/100
|turn|5
|
|t:|1785510739
|move|p2a: Galaxy|Protect|p2a: Galaxy
|-singleturn|p2a: Galaxy|Protect
|move|p2b: Incineroar|Fake Out|p1a: Floette
|-damage|p1a: Floette|90/100
|move|p1b: Incineroar|Parting Shot|p2b: Incineroar
|-unboost|p2b: Incineroar|atk|1
|-unboost|p2b: Incineroar|spa|1
|
|t:|1785510746
|switch|p1b: Basculegion|Basculegion, L50, M|100/100|[from] Parting Shot
|cant|p1a: Floette|flinch
|
|-fieldend|move: Trick Room
|upkeep
|turn|6
|inactive|Pfendy has 30 seconds left.
|
|t:|1785510776
|switch|p1b: Incineroar|Incineroar, L50, F, shiny|66/100
|-ability|p1b: Incineroar|Intimidate|boost
|-unboost|p2a: Galaxy|atk|1
|-unboost|p2b: Incineroar|atk|1
|switch|p2b: Manny|Mamoswine, L50, M|100/100
|move|p2a: Galaxy|Shadow Ball|p1b: Incineroar
|-resisted|p1b: Incineroar|1
|-damage|p1b: Incineroar|46/100
|move|p1a: Floette|Moonblast|p2b: Manny
|-damage|p2b: Manny|2/100
|
|upkeep
|turn|7
|inactive|Pfendy has 30 seconds left.
|inactive|Pfendy has 20 seconds left.
|inactive|Pfendy has 15 seconds left.
|inactive|Pfendy has 10 seconds left.
|inactive|Pfendy has 5 seconds left.
|
|t:|1785510830
|move|p2b: Manny|Protect|p2b: Manny
|-singleturn|p2b: Manny|Protect
|move|p1b: Incineroar|Fake Out|p2b: Manny
|-activate|p2b: Manny|move: Protect
|move|p2a: Galaxy|Sludge Bomb|p1b: Incineroar
|-damage|p1b: Incineroar|2/100
|-status|p1b: Incineroar|psn
|move|p1a: Floette|Moonblast|p2a: Galaxy
|-resisted|p2a: Galaxy|1
|-damage|p2a: Galaxy|61/100
|
|-damage|p1b: Incineroar|0 fnt|[from] psn
|faint|p1b: Incineroar
|upkeep
|
|t:|1785510843
|switch|p1b: Basculegion|Basculegion, L50, M|100/100
|turn|8
|
|t:|1785510863
|switch|p2a: Incineroar|Incineroar, L50, M, shiny|24/100
|-ability|p2a: Incineroar|Intimidate|boost
|-unboost|p1a: Floette|atk|1
|-unboost|p1b: Basculegion|atk|1
|move|p1b: Basculegion|Protect|p1b: Basculegion
|-singleturn|p1b: Basculegion|Protect
|move|p2b: Manny|High Horsepower|p1a: Floette|[miss]
|-miss|p2b: Manny|p1a: Floette
|move|p1a: Floette|Moonblast|p2a: Incineroar
|-damage|p2a: Incineroar|0 fnt
|faint|p2a: Incineroar
|
|upkeep
|
|t:|1785510875
|switch|p2a: Galaxy|Gengar-Mega, L50, F|61/100
|turn|9
|
|t:|1785510885
|move|p1b: Basculegion|Aqua Jet|p2a: Galaxy
|-damage|p2a: Galaxy|32/100
|move|p2a: Galaxy|Shadow Ball|p1b: Basculegion
|-supereffective|p1b: Basculegion|1
|-damage|p1b: Basculegion|8/100
|move|p2b: Manny|High Horsepower|p1a: Floette
|-damage|p1a: Floette|35/100
|-damage|p2b: Manny|0 fnt|[from] item: Life Orb
|faint|p2b: Manny
|move|p1a: Floette|Moonblast|p2a: Galaxy
|-resisted|p2a: Galaxy|1
|-damage|p2a: Galaxy|0 fnt
|faint|p2a: Galaxy
|
|win|Pfendy
|raw|Pfendy's rating: 1094 → 1125(+31 for winning)
|raw|NotAfrogGaming's rating: 1168 → 1138(-30 for losing)
|c|☆Pfendy|gg
|c|☆NotAfrogGaming|gg
|l|☆NotAfrogGaming
|player|p2|
