|j|☆GS Barnabe
|j|☆Cro1998
|html|GS BarnabeCro1998    
|uhtml|bestof|Game 3 of a best-of-3
|t:|1785797667
|gametype|doubles
|player|p1|GS Barnabe|170|1264
|player|p2|Cro1998|gambler|1143
|gen|9
|tier|[Gen 9 Champions] VGC 2026 Reg M-B (Bo3)
|rated|
|rule|Species Clause: Limit one of each Pokémon
|rule|Item Clause: Limit 1 of each item
|clearpoke
|poke|p1|Clefable, L50, M|
|poke|p1|Tyranitar, L50, F|
|poke|p1|Garchomp, L50, F|
|poke|p1|Gholdengo, L50|
|poke|p1|Rotom-Wash, L50|
|poke|p1|Aerodactyl, L50, F|
|poke|p2|Garchomp, L50, F|
|poke|p2|Sylveon, L50, F|
|poke|p2|Farigiraf, L50, F|
|poke|p2|Kingambit, L50, M|
|poke|p2|Aerodactyl, L50, F|
|poke|p2|Charizard, L50, F|
|teampreview|4
|showteam|p1|Clefable||SitrusBerry|Unaware|Moonblast,FollowMe,HealPulse,Protect|Bold||M|||50|]Tyranitar||ChoiceScarf|SandStream|RockSlide,KnockOff,IcePunch,Superpower|Jolly||F|||50|]Garchomp||Garchompite|SandVeil|DracoMeteor,EarthPower,PowerGem,Protect|Modest||F|||50|]Gholdengo||LifeOrb|GoodasGold|MakeItRain,ShadowBall,NastyPlot,Protect|Modest|||||50|]Rotom-Wash||Leftovers|Levitate|HydroPump,VoltSwitch,WillOWisp,Protect|Calm|||||50|]Aerodactyl||Aerodactylite|RockHead|RockSlide,DualWingbeat,Tailwind,Protect|Jolly||F|||50|
|showteam|p2|Garchomp||LifeOrb|RoughSkin|Earthquake,StompingTantrum,Protect,DragonClaw|Jolly||F|||50|]Sylveon||FairyFeather|Pixilate|HyperVoice,HyperBeam,QuickAttack,Detect|Modest||F|||50|]Farigiraf||SitrusBerry|ArmorTail|Psychic,Protect,Thunderbolt,TrickRoom|Bold||F|||50|]Kingambit||FocusSash|Defiant|KowtowCleave,SuckerPunch,LowKick,IronHead|Adamant||M|||50|]Aerodactyl||Aerodactylite|Unnerve|RockSlide,DualWingbeat,Tailwind,IceFang|Jolly||F|||50|]Charizard||CharizarditeY|SolarPower|WeatherBall,HeatWave,SolarBeam,Protect|Modest||F|||50|
|inactive|Battle timer is ON: inactive players will automatically lose when time's up. (requested by GS Barnabe)
|
|t:|1785797729
|teamsize|p1|4
|teamsize|p2|4
|start
|switch|p1a: Gholdengo|Gholdengo, L50|100/100
|switch|p1b: Rotom|Rotom-Wash, L50|100/100
|switch|p2a: Sylveon|Sylveon, L50, F|100/100
|switch|p2b: Kingambit|Kingambit, L50, M|100/100
|turn|1
|inactive|Cro1998 has 30 seconds left.
|inactive|Cro1998 has 20 seconds left.
|
|t:|1785797767
|switch|p2b: Charizard|Charizard, L50, F|100/100
|move|p2a: Sylveon|Detect|p2a: Sylveon
|-singleturn|p2a: Sylveon|Protect
|move|p1b: Rotom|Will-O-Wisp|p2b: Charizard|[miss]
|-miss|p1b: Rotom|p2b: Charizard
|move|p1a: Gholdengo|Make It Rain|p2b: Charizard|[spread] p2b
|-activate|p2a: Sylveon|move: Protect
|-resisted|p2b: Charizard|1
|-damage|p2b: Charizard|71/100
|-unboost|p1a: Gholdengo|spa|2
|-damage|p1a: Gholdengo|90/100|[from] item: Life Orb
|
|upkeep
|turn|2
|inactive|GS Barnabe has 30 seconds left.
|inactive|Cro1998 has 30 seconds left.
|
|t:|1785797797
|detailschange|p2b: Charizard|Charizard-Mega-Y, L50, F
|-mega|p2b: Charizard|Charizard|Charizardite Y
|-weather|SunnyDay|[from] ability: Drought|[of] p2b: Charizard
|move|p1a: Gholdengo|Protect|p1a: Gholdengo
|-singleturn|p1a: Gholdengo|Protect
|move|p1b: Rotom|Volt Switch|p2b: Charizard
|-supereffective|p2b: Charizard|1
|-damage|p2b: Charizard|24/100
|
|t:|1785797807
|switch|p1b: Tyranitar|Tyranitar, L50, F|100/100|[from] Volt Switch
|-weather|Sandstorm|[from] ability: Sand Stream|[of] p1b: Tyranitar
|move|p2b: Charizard|Heat Wave|p1a: Gholdengo|[spread] p1b
|-activate|p1a: Gholdengo|move: Protect
|-resisted|p1b: Tyranitar|1
|-damage|p1b: Tyranitar|86/100
|move|p2a: Sylveon|Hyper Beam|p1b: Tyranitar
|-supereffective|p1b: Tyranitar|1
|-damage|p1b: Tyranitar|0 fnt
|-mustrecharge|p2a: Sylveon
|faint|p1b: Tyranitar
|
|-weather|Sandstorm|[upkeep]
|-damage|p2b: Charizard|18/100|[from] Sandstorm
|-damage|p2a: Sylveon|94/100|[from] Sandstorm
|upkeep
|inactive|GS Barnabe has 30 seconds left.
|
|t:|1785797835
|switch|p1b: Garchomp|Garchomp, L50, F|100/100
|turn|3
|inactive|Cro1998 has 30 seconds left.
|
|t:|1785797866
|switch|p2b: Farigiraf|Farigiraf, L50, F|100/100
|detailschange|p1b: Garchomp|Garchomp-Mega, L50, F
|-mega|p1b: Garchomp|Garchomp|Garchompite
|move|p1b: Garchomp|Earth Power|p2a: Sylveon
|-damage|p2a: Sylveon|39/100
|move|p1a: Gholdengo|Make It Rain|p2a: Sylveon|[spread] p2a,p2b
|-supereffective|p2a: Sylveon|1
|-damage|p2a: Sylveon|0 fnt
|-damage|p2b: Farigiraf|74/100
|-unboost|p1a: Gholdengo|spa|2
|faint|p2a: Sylveon
|-damage|p1a: Gholdengo|80/100|[from] item: Life Orb
|
|-weather|Sandstorm|[upkeep]
|-damage|p2b: Farigiraf|68/100|[from] Sandstorm
|upkeep
|
|t:|1785797883
|switch|p2a: Charizard|Charizard-Mega-Y, L50, F|18/100
|-weather|SunnyDay|[from] ability: Drought|[of] p2a: Charizard
|turn|4
|inactive|GS Barnabe has 30 seconds left.
|
|t:|1785797909
|switch|p1a: Rotom|Rotom-Wash, L50|100/100
|move|p2a: Charizard|Protect|p2a: Charizard
|-singleturn|p2a: Charizard|Protect
|move|p1b: Garchomp|Power Gem|p2a: Charizard
|-activate|p2a: Charizard|move: Protect
|move|p2b: Farigiraf|Trick Room|p2b: Farigiraf
|-fieldstart|move: Trick Room|[of] p2b: Farigiraf
|
|-weather|SunnyDay|[upkeep]
|upkeep
|turn|5
|inactive|GS Barnabe has 30 seconds left.
|inactive|Cro1998 has 30 seconds left.
|
|t:|1785797938
|move|p2b: Farigiraf|Psychic|p1b: Garchomp
|-damage|p1b: Garchomp|66/100
|move|p2a: Charizard|Solar Beam||[still]
|-prepare|p2a: Charizard|Solar Beam
|-anim|p2a: Charizard|Solar Beam|p1a: Rotom
|-supereffective|p1a: Rotom|1
|-damage|p1a: Rotom|23/100
|move|p1a: Rotom|Will-O-Wisp|p2b: Farigiraf
|-status|p2b: Farigiraf|brn
|move|p1b: Garchomp|Earth Power|p2a: Charizard
|-immune|p2a: Charizard
|
|-weather|SunnyDay|[upkeep]
|-heal|p1a: Rotom|28/100|[from] item: Leftovers
|-damage|p2b: Farigiraf|63/100 brn|[from] brn
|upkeep
|turn|6
|inactive|GS Barnabe has 30 seconds left.
|inactive|Cro1998 has 30 seconds left.
|inactive|Cro1998 has 20 seconds left.
|inactive|Cro1998 has 15 seconds left.
|
|t:|1785797980
|move|p1a: Rotom|Protect|p1a: Rotom
|-singleturn|p1a: Rotom|Protect
|move|p2b: Farigiraf|Psychic|p1b: Garchomp
|-damage|p1b: Garchomp|33/100
|move|p2a: Charizard|Weather Ball|p1b: Garchomp
|-resisted|p1b: Garchomp|1
|-damage|p1b: Garchomp|0 fnt
|faint|p1b: Garchomp
|
|-weather|SunnyDay|[upkeep]
|-heal|p1a: Rotom|34/100|[from] item: Leftovers
|-damage|p2b: Farigiraf|57/100 brn|[from] brn
|upkeep
|
|t:|1785797994
|switch|p1b: Gholdengo|Gholdengo, L50|80/100
|turn|7
|inactive|GS Barnabe has 30 seconds left.
|
|t:|1785798020
|move|p2b: Farigiraf|Psychic|p1a: Rotom
|-damage|p1a: Rotom|5/100
|move|p1b: Gholdengo|Nasty Plot|p1b: Gholdengo
|-boost|p1b: Gholdengo|spa|2
|move|p2a: Charizard|Heat Wave|p1a: Rotom|[spread] p1a,p1b
|-resisted|p1a: Rotom|1
|-supereffective|p1b: Gholdengo|1
|-damage|p1a: Rotom|0 fnt
|-damage|p1b: Gholdengo|0 fnt
|faint|p1a: Rotom
|faint|p1b: Gholdengo
|
|win|Cro1998
|raw|GS Barnabe's rating: 1264 → 1231(-33 for losing)
|raw|Cro1998's rating: 1143 → 1176(+33 for winning)
|c|☆Cro1998|gg
