|j|☆magicalarcher
|j|☆Ingresses
|html|magicalarcherIngresses    
|uhtml|bestof|Game 2 of a best-of-3
|t:|1782651963
|gametype|doubles
|player|p1|magicalarcher|diantha|1129
|player|p2|Ingresses|steven|1033
|gen|9
|tier|[Gen 9 Champions] VGC 2026 Reg M-B (Bo3)
|rated|
|rule|Species Clause: Limit one of each Pokémon
|rule|Item Clause: Limit 1 of each item
|clearpoke
|poke|p1|Raichu, L50, M, shiny|
|poke|p1|Garchomp, L50, F, shiny|
|poke|p1|Whimsicott, L50, F, shiny|
|poke|p1|Kingambit, L50, M, shiny|
|poke|p1|Basculegion, L50, M, shiny|
|poke|p1|Charizard, L50, M, shiny|
|poke|p2|Raichu, L50, F|
|poke|p2|Staraptor, L50, F|
|poke|p2|Whimsicott, L50, F|
|poke|p2|Dragapult, L50, F|
|poke|p2|Volcarona, L50, F|
|poke|p2|Incineroar, L50, M|
|teampreview|4
|showteam|p1|Raichu||RaichuniteY|LightningRod|FakeOut,FocusBlast,ZapCannon,Protect|Timid||M|||50|]Garchomp||LifeOrb|RoughSkin|DragonClaw,Earthquake,StompingTantrum,Protect|Jolly||F|||50|]Whimsicott||FocusSash|Prankster|Moonblast,Tailwind,SunnyDay,Encore|Timid||F|||50|]Kingambit||BlackGlasses|Defiant|SuckerPunch,KowtowCleave,IronHead,Protect|Adamant||M|||50|]Basculegion||MysticWater|Adaptability|LastRespects,WaveCrash,Protect,AquaJet|Jolly||M|||50|]Charizard||CharizarditeY|Blaze|WeatherBall,SolarBeam,HeatWave,Protect|Modest||M|||50|
|showteam|p2|Raichu||RaichuniteY|Static|ZapCannon,DrainingKiss,Protect,FakeOut|Hasty||F|||50|]Staraptor||Staraptite|Intimidate|CloseCombat,Protect,Roost,BraveBird|Adamant||F|||50|]Whimsicott||FocusSash|Prankster|Charm,Tailwind,Encore,Moonblast|Bold||F|||50|]Dragapult||ChoiceScarf|ClearBody|DragonDarts,Thunderbolt,Uturn,ShadowBall|Hasty||F|||50|]Volcarona||Leftovers|FlameBody|BugBuzz,FieryDance,QuiverDance,Protect|Modest||F|||50|]Incineroar||SitrusBerry|Intimidate|PartingShot,ThroatChop,FakeOut,Protect|Careful||M|||50|
|inactive|Battle timer is ON: inactive players will automatically lose when time's up. (requested by magicalarcher)
|j| zannara
|
|t:|1782651979
|teamsize|p1|4
|teamsize|p2|4
|start
|switch|p1a: Circe|Whimsicott, L50, F, shiny|100/100
|switch|p1b: Hermes|Raichu, L50, M, shiny|100/100
|switch|p2a: Whimsicott|Whimsicott, L50, F|100/100
|switch|p2b: Dragapult|Dragapult, L50, F|100/100
|turn|1
|inactive|magicalarcher has 30 seconds left.
|
|t:|1782652005
|detailschange|p1b: Hermes|Raichu-Mega-Y, L50, M, shiny
|-mega|p1b: Hermes|Raichu|Raichunite Y
|move|p1b: Hermes|Fake Out|p2a: Whimsicott
|-damage|p2a: Whimsicott|92/100
|move|p1a: Circe|Tailwind|p1a: Circe
|-sidestart|p1: magicalarcher|move: Tailwind
|cant|p2a: Whimsicott|flinch
|move|p2b: Dragapult|Shadow Ball|p1a: Circe
|-damage|p1a: Circe|46/100
|
|upkeep
|turn|2
|
|t:|1782652023
|move|p2a: Whimsicott|Tailwind|p2a: Whimsicott
|-sidestart|p2: Ingresses|move: Tailwind
|move|p2b: Dragapult|Shadow Ball|p1a: Circe
|-damage|p1a: Circe|0 fnt
|faint|p1a: Circe
|move|p1b: Hermes|Zap Cannon|p2a: Whimsicott
|-resisted|p2a: Whimsicott|1
|-damage|p2a: Whimsicott|49/100
|-status|p2a: Whimsicott|par
|
|upkeep
|
|t:|1782652045
|switch|p1a: Odysseus|Kingambit, L50, M, shiny|100/100
|turn|3
|
|t:|1782652057
|move|p1a: Odysseus|Sucker Punch|p2b: Dragapult
|-supereffective|p2b: Dragapult|1
|-damage|p2b: Dragapult|0 fnt
|faint|p2b: Dragapult
|move|p1b: Hermes|Zap Cannon|p2a: Whimsicott
|-resisted|p2a: Whimsicott|1
|-damage|p2a: Whimsicott|7/100 par
|move|p2a: Whimsicott|Moonblast|p1a: Odysseus
|-damage|p1a: Odysseus|71/100
|
|upkeep
|
|t:|1782652064
|switch|p2b: Volcarona|Volcarona, L50, F|100/100
|turn|4
|
|t:|1782652074
|move|p1a: Odysseus|Sucker Punch|p2b: Volcarona
|-damage|p2b: Volcarona|27/100
|move|p1b: Hermes|Zap Cannon|p2b: Volcarona
|-damage|p2b: Volcarona|0 fnt
|faint|p2b: Volcarona
|move|p2a: Whimsicott|Moonblast|p1a: Odysseus
|-damage|p1a: Odysseus|46/100
|-unboost|p1a: Odysseus|spa|1
|-ability|p1a: Odysseus|Defiant|boost
|-boost|p1a: Odysseus|atk|2
|
|-sideend|p1: magicalarcher|move: Tailwind
|upkeep
|
|t:|1782652079
|switch|p2b: Staraptor|Staraptor, L50, F|100/100
|-ability|p2b: Staraptor|Intimidate|boost
|-unboost|p1a: Odysseus|atk|1
|-ability|p1a: Odysseus|Defiant|boost
|-boost|p1a: Odysseus|atk|2
|-unboost|p1b: Hermes|atk|1
|turn|5
|
|t:|1782652099
|switch|p1b: Basculegion|Basculegion, L50, M, shiny|100/100
|detailschange|p2b: Staraptor|Staraptor-Mega, L50, F
|-mega|p2b: Staraptor|Staraptor|Staraptite
|move|p2b: Staraptor|Protect|p2b: Staraptor
|-singleturn|p2b: Staraptor|Protect
|move|p1a: Odysseus|Protect|p1a: Odysseus
|-singleturn|p1a: Odysseus|Protect
|move|p2a: Whimsicott|Moonblast|p1a: Odysseus
|-activate|p1a: Odysseus|move: Protect
|
|-sideend|p2: Ingresses|move: Tailwind
|upkeep
|turn|6
|inactive|magicalarcher has 30 seconds left.
|
|t:|1782652132
|move|p2a: Whimsicott|Tailwind|p2a: Whimsicott
|-sidestart|p2: Ingresses|move: Tailwind
|move|p2b: Staraptor|Close Combat|p1a: Odysseus
|-supereffective|p1a: Odysseus|2
|-damage|p1a: Odysseus|0 fnt
|-boost|p2b: Staraptor|def|1
|-boost|p2b: Staraptor|spd|1
|faint|p1a: Odysseus
|move|p1b: Basculegion|Last Respects|p2b: Staraptor
|-damage|p2b: Staraptor|45/100
|
|upkeep
|
|t:|1782652136
|switch|p1a: Hermes|Raichu-Mega-Y, L50, M, shiny|100/100
|turn|7
|
|t:|1782652154
|move|p1a: Hermes|Fake Out|p2a: Whimsicott
|-damage|p2a: Whimsicott|0 fnt
|faint|p2a: Whimsicott
|move|p2b: Staraptor|Close Combat|p1a: Hermes
|-damage|p1a: Hermes|0 fnt
|-boost|p2b: Staraptor|def|1
|-boost|p2b: Staraptor|spd|1
|faint|p1a: Hermes
|move|p1b: Basculegion|Last Respects|p2b: Staraptor
|-damage|p2b: Staraptor|0 fnt
|faint|p2b: Staraptor
|
|win|magicalarcher
|raw|magicalarcher's rating: 1129 → 1147(+18 for winning)
|raw|Ingresses's rating: 1033 → 1022(-11 for losing)
