|j|☆Brendu04
|j|☆Iwassilverfish
|html|Brendu04Iwassilverfish    
|uhtml|bestof|Game 3 of a best-of-3
|t:|1754624145
|gametype|doubles
|player|p1|Brendu04|gambler|1329
|player|p2|Iwassilverfish|benga|1459
|gen|9
|tier|[Gen 9] VGC 2025 Reg H (Bo3)
|rated|
|rule|Species Clause: Limit one of each Pokémon
|rule|Item Clause: Limit 1 of each item
|clearpoke
|poke|p1|Sneasler, L50, M|
|poke|p1|Baxcalibur, L50, M|
|poke|p1|Volcarona, L50, M|
|poke|p1|Rillaboom, L50, M|
|poke|p1|Kingambit, L50, M|
|poke|p1|Dondozo, L50, F|
|poke|p2|Incineroar, L50, M|
|poke|p2|Porygon2, L50|
|poke|p2|Gholdengo, L50|
|poke|p2|Hydreigon, L50, M|
|poke|p2|Amoonguss, L50, F|
|poke|p2|Basculegion, L50, M|
|teampreview|4
|showteam|p1|Sneasler||FocusSash|Unburden|FakeOut,CloseCombat,DireClaw,Coaching|||M|||50|,,,,,Ghost]Baxcalibur||LoadedDice|ThermalExchange|Protect,IceShard,ScaleShot,IcicleSpear|||M|||50|,,,,,Ghost]Volcarona||CovertCloak|FlameBody|QuiverDance,HeatWave,TeraBlast,RagePowder|||M|||50|,,,,,Fairy]Rillaboom||AssaultVest|GrassySurge|GrassyGlide,FakeOut,HighHorsepower,WoodHammer|||M|||50|,,,,,Fire]Kingambit||SafetyGoggles|Defiant|Protect,SwordsDance,SuckerPunch,KowtowCleave|||M|||50|,,,,,Dark]Dondozo||Leftovers|Unaware|WaveCrash,Fissure,Yawn,Protect|||F|||50|,,,,,Grass
|showteam|p2|Incineroar||AssaultVest|Intimidate|FlareBlitz,KnockOff,Uturn,FakeOut|||M|||50|,,,,,Ghost]Porygon2||Eviolite|Download|TeraBlast,IceBeam,Recover,TrickRoom||||||50|,,,,,Fighting]Gholdengo||LifeOrb|GoodasGold|MakeItRain,ShadowBall,NastyPlot,Protect||||||50|,,,,,Water]Hydreigon||SafetyGoggles|Levitate|DracoMeteor,Snarl,Tailwind,Protect|||M|||50|,,,,,Ghost]Amoonguss||CovertCloak|Regenerator|Spore,RagePowder,PollenPuff,Protect|||F|||50|,,,,,Fairy]Basculegion||ChoiceScarf|Adaptability|WaveCrash,FlipTurn,LastRespects,TeraBlast|||M|||50|,,,,,Flying
|inactive|Battle timer is ON: inactive players will automatically lose when time's up. (requested by Iwassilverfish)
|inactive|Iwassilverfish has 60 seconds left.
|inactive|Iwassilverfish has 30 seconds left.
|inactive|Iwassilverfish has 20 seconds left.
|
|t:|1754624219
|teamsize|p1|4
|teamsize|p2|4
|start
|switch|p1a: Volcarona|Volcarona, L50, M|100/100
|switch|p1b: Sneasler|Sneasler, L50, M|100/100
|switch|p2a: Animal Style|Incineroar, L50, M|100/100
|switch|p2b: ALT+F4|Porygon2, L50|100/100
|-ability|p2a: Animal Style|Intimidate|boost
|-unboost|p1a: Volcarona|atk|1
|-unboost|p1b: Sneasler|atk|1
|-ability|p2b: ALT+F4|Download|boost
|-boost|p2b: ALT+F4|atk|1
|turn|1
|
|t:|1754624238
|move|p1b: Sneasler|Fake Out|p2b: ALT+F4
|-damage|p2b: ALT+F4|95/100
|move|p1a: Volcarona|Quiver Dance|p1a: Volcarona
|-boost|p1a: Volcarona|spa|1
|-boost|p1a: Volcarona|spd|1
|-boost|p1a: Volcarona|spe|1
|move|p2a: Animal Style|Knock Off|p1a: Volcarona
|-damage|p1a: Volcarona|49/100
|-enditem|p1a: Volcarona|Covert Cloak|[from] move: Knock Off|[of] p2a: Animal Style
|cant|p2b: ALT+F4|flinch
|
|upkeep
|turn|2
|inactive|Iwassilverfish has 30 seconds left.
|
|t:|1754624267
|switch|p2b: Charging Station|Amoonguss, L50, F|100/100
|-terastallize|p1a: Volcarona|Fairy
|move|p1a: Volcarona|Tera Blast|p2b: Charging Station|[anim] Tera Blast Fairy
|-resisted|p2b: Charging Station
|-damage|p2b: Charging Station|75/100
|move|p1b: Sneasler|Close Combat|p2b: Charging Station
|-resisted|p2b: Charging Station
|-damage|p2b: Charging Station|57/100
|-unboost|p1b: Sneasler|def|1
|-unboost|p1b: Sneasler|spd|1
|move|p2a: Animal Style|Flare Blitz|p1a: Volcarona
|-damage|p1a: Volcarona|0 fnt
|faint|p1a: Volcarona
|-damage|p2a: Animal Style|85/100|[from] Recoil
|
|upkeep
|
|t:|1754624270
|switch|p1a: Kingambit|Kingambit, L50, M|100/100
|turn|3
|inactive|Iwassilverfish has 30 seconds left.
|inactive|Iwassilverfish has 20 seconds left.
|inactive|Iwassilverfish has 15 seconds left.
|
|t:|1754624312
|move|p1b: Sneasler|Close Combat|p2a: Animal Style
|-supereffective|p2a: Animal Style
|-damage|p2a: Animal Style|4/100
|-unboost|p1b: Sneasler|def|1
|-unboost|p1b: Sneasler|spd|1
|move|p2a: Animal Style|Knock Off|p1a: Kingambit
|-resisted|p1a: Kingambit
|-damage|p1a: Kingambit|86/100
|-enditem|p1a: Kingambit|Safety Goggles|[from] move: Knock Off|[of] p2a: Animal Style
|move|p1a: Kingambit|Swords Dance|p1a: Kingambit
|-boost|p1a: Kingambit|atk|2
|move|p2b: Charging Station|Spore|p1a: Kingambit
|-status|p1a: Kingambit|slp|[from] move: Spore
|
|upkeep
|turn|4
|
|t:|1754624337
|move|p2b: Charging Station|Rage Powder|p2b: Charging Station
|-singleturn|p2b: Charging Station|move: Rage Powder
|move|p1b: Sneasler|Dire Claw|p2b: Charging Station
|-damage|p2b: Charging Station|32/100
|move|p2a: Animal Style|Flare Blitz|p1a: Kingambit
|-supereffective|p1a: Kingambit
|-damage|p1a: Kingambit|13/100 slp
|-damage|p2a: Animal Style|0 fnt|[from] Recoil
|faint|p2a: Animal Style
|cant|p1a: Kingambit|slp
|
|upkeep
|inactive|Iwassilverfish has 30 seconds left.
|
|t:|1754624370
|switch|p2a: ALT+F4|Porygon2, L50|95/100
|-ability|p2a: ALT+F4|Download|boost
|-boost|p2a: ALT+F4|spa|1
|turn|5
|
|t:|1754624383
|switch|p2b: STRING CHEESE|Gholdengo, L50|100/100
|-terastallize|p2a: ALT+F4|Fighting
|move|p1b: Sneasler|Dire Claw|p2a: ALT+F4
|-damage|p2a: ALT+F4|76/100
|move|p2a: ALT+F4|Tera Blast|p1a: Kingambit|[anim] Tera Blast Fighting
|-supereffective|p1a: Kingambit
|-damage|p1a: Kingambit|0 fnt
|faint|p1a: Kingambit
|
|upkeep
|
|t:|1754624390
|switch|p1a: Dondozo|Dondozo, L50, F|100/100
|turn|6
|inactive|Iwassilverfish has 30 seconds left.
|
|t:|1754624421
|move|p1b: Sneasler|Coaching|p1a: Dondozo
|-boost|p1a: Dondozo|atk|1
|-boost|p1a: Dondozo|def|1
|move|p2b: STRING CHEESE|Make It Rain|p1b: Sneasler|[spread] p1a,p1b
|-resisted|p1a: Dondozo
|-crit|p1b: Sneasler
|-damage|p1a: Dondozo|77/100
|-enditem|p1b: Sneasler|Focus Sash
|-damage|p1b: Sneasler|1/100
|-unboost|p2b: STRING CHEESE|spa|1
|-damage|p2b: STRING CHEESE|91/100|[from] item: Life Orb
|move|p2a: ALT+F4|Ice Beam|p1b: Sneasler
|-damage|p1b: Sneasler|0 fnt
|faint|p1b: Sneasler
|move|p1a: Dondozo|Fissure|p2a: ALT+F4|[miss]
|-miss|p1a: Dondozo|p2a: ALT+F4
|
|-heal|p1a: Dondozo|83/100|[from] item: Leftovers
|upkeep
|turn|7
|
|t:|1754624445
|move|p2b: STRING CHEESE|Shadow Ball|p1a: Dondozo
|-damage|p1a: Dondozo|39/100
|-unboost|p1a: Dondozo|spd|1
|-damage|p2b: STRING CHEESE|81/100|[from] item: Life Orb
|move|p2a: ALT+F4|Tera Blast|p1a: Dondozo|[anim] Tera Blast Fighting
|-damage|p1a: Dondozo|0 fnt
|faint|p1a: Dondozo
|
|win|Iwassilverfish
|raw|Brendu04's rating: 1329 → 1316(-13 for losing)
|raw|Iwassilverfish's rating: 1459 → 1472(+13 for winning)
|l|☆Brendu04
|player|p1|
|l|☆Iwassilverfish
|player|p2|
|j|☆Iwassilverfish
|player|p2|Iwassilverfish|benga|
|l|☆Iwassilverfish
|player|p2|
|j|☆Iwassilverfish
|player|p2|Iwassilverfish|benga|
