|j|☆LyricSum
|j|☆snailboss
|html|LyricSumsnailboss    
|uhtml|bestof|Game 2 of a best-of-3
|t:|1756670377
|gametype|doubles
|player|p1|LyricSum|veteran|1234
|player|p2|snailboss|102|1176
|gen|9
|tier|[Gen 9] VGC 2025 Reg H (Bo3)
|rated|
|rule|Species Clause: Limit one of each Pokémon
|rule|Item Clause: Limit 1 of each item
|clearpoke
|poke|p1|Krookodile, L50, M|
|poke|p1|Kommo-o, L50, F|
|poke|p1|Talonflame, L50, M|
|poke|p1|Sinistcha-Masterpiece, L50|
|poke|p1|Archaludon, L50, F|
|poke|p1|Primarina, L50, F|
|poke|p2|Zoroark-Hisui, L50, M|
|poke|p2|Tyranitar, L50, F|
|poke|p2|Excadrill, L50, F|
|poke|p2|Indeedee-F, L50, F|
|poke|p2|Gallade, L50, M|
|poke|p2|Talonflame, L50, M|
|teampreview|4
|showteam|p1|Krookodile||AssaultVest|Intimidate|KnockOff,Snarl,HighHorsepower,GunkShot|||M|||50|,,,,,Poison]Kommo-o||ThroatSpray|Overcoat|ClangorousSoul,ClangingScales,AuraSphere,Protect|||F|||50|,,,,,Steel]Talonflame||FocusSash|GaleWings|Tailwind,UpperHand,DualWingbeat,Taunt|||M|||50|,,,,,Ghost]Sinistcha-Masterpiece||SitrusBerry|Hospitality|MatchaGotcha,ShadowBall,RagePowder,LifeDew||||||50|,,,,,Fairy]Archaludon||PowerHerb|Stalwart|ElectroShot,Thunderbolt,DragonPulse,Protect|||F|||50|,,,,,Electric]Primarina||LifeOrb|LiquidVoice|HyperVoice,Moonblast,Haze,Protect|||F|||50|,,,,,Steel
|showteam|p2|Zoroark-Hisui||ChoiceSpecs|Illusion|HyperVoice,Flamethrower,ShadowBall,HyperBeam|||M|||50|,,,,,Normal]Tyranitar||AssaultVest|SandStream|RockSlide,KnockOff,LowKick,TeraBlast|||F|||50|,,,,,Flying]Excadrill||FocusSash|SandRush|IronHead,Protect,SwordsDance,Earthquake|||F|||50|,,,,,Ground]Indeedee-F||SafetyGoggles|PsychicSurge|TrickRoom,FollowMe,Psychic,HelpingHand|||F|||50|,,,,,Fairy]Gallade||ClearAmulet|Sharpness|PsychoCut,TrickRoom,WideGuard,SacredSword|||M|||50|,,,,,Grass]Talonflame||CovertCloak|GaleWings|Tailwind,BraveBird,FlareBlitz,Taunt|||M|||50|,,,,,Grass
|inactive|Battle timer is ON: inactive players will automatically lose when time's up. (requested by LyricSum)
|inactive|LyricSum has 60 seconds left.
|
|t:|1756670432
|teamsize|p1|4
|teamsize|p2|4
|start
|switch|p1a: Talonflame|Talonflame, L50, M|100/100
|switch|p1b: Primarina|Primarina, L50, F|100/100
|switch|p2a: Alice|Tyranitar, L50, F|100/100
|switch|p2b: Alistair|Gallade, L50, M|100/100
|-weather|Sandstorm|[from] ability: Sand Stream|[of] p2a: Alice
|turn|1
|inactive|snailboss has 30 seconds left.
|
|t:|1756670458
|switch|p2b: Butter|Indeedee-F, L50, F|100/100
|-fieldstart|move: Psychic Terrain|[from] ability: Psychic Surge|[of] p2b: Butter
|-terastallize|p2a: Alice|Flying
|move|p1a: Talonflame|Dual Wingbeat|p2b: Butter
|-activate|p2b: Butter|move: Psychic Terrain
|move|p2a: Alice|Rock Slide|p1a: Talonflame|[spread] p1a,p1b
|-supereffective|p1a: Talonflame
|-crit|p1a: Talonflame
|-enditem|p1a: Talonflame|Focus Sash
|-damage|p1a: Talonflame|1/100
|-damage|p1b: Primarina|67/100
|move|p1b: Primarina|Hyper Voice|p2a: Alice|[spread] p2a,p2b
|-damage|p2a: Alice|71/100
|-damage|p2b: Butter|56/100
|-damage|p1b: Primarina|57/100|[from] item: Life Orb
|
|-weather|Sandstorm|[upkeep]
|-damage|p1a: Talonflame|0 fnt|[from] Sandstorm
|-damage|p2a: Alice|65/100|[from] Sandstorm
|-damage|p1b: Primarina|51/100|[from] Sandstorm
|faint|p1a: Talonflame
|upkeep
|
|t:|1756670462
|switch|p1a: Krookodile|Krookodile, L50, M|100/100
|-ability|p1a: Krookodile|Intimidate|boost
|-unboost|p2a: Alice|atk|1
|-unboost|p2b: Butter|atk|1
|turn|2
|inactive|snailboss has 30 seconds left.
|inactive|snailboss has 20 seconds left.
|
|t:|1756670497
|-terastallize|p1b: Primarina|Steel
|move|p1a: Krookodile|Knock Off|p2b: Butter
|-supereffective|p2b: Butter
|-damage|p2b: Butter|0 fnt
|-enditem|p2b: Butter|Safety Goggles|[from] move: Knock Off|[of] p1a: Krookodile
|faint|p2b: Butter
|move|p2a: Alice|Knock Off|p1b: Primarina
|-damage|p1b: Primarina|10/100
|-enditem|p1b: Primarina|Life Orb|[from] move: Knock Off|[of] p2a: Alice
|move|p1b: Primarina|Moonblast|p2a: Alice
|-damage|p2a: Alice|30/100
|-unboost|p2a: Alice|spa|1
|
|-weather|Sandstorm|[upkeep]
|-damage|p2a: Alice|24/100|[from] Sandstorm
|upkeep
|
|t:|1756670512
|switch|p2b: Dr. Drills|Excadrill, L50, F|100/100
|turn|3
|
|t:|1756670536
|switch|p1b: Sinistcha|Sinistcha-Masterpiece, L50|100/100
|move|p2b: Dr. Drills|Swords Dance|p2b: Dr. Drills
|-boost|p2b: Dr. Drills|atk|2
|move|p1a: Krookodile|Knock Off|p2a: Alice
|-damage|p2a: Alice|0 fnt
|-enditem|p2a: Alice|Assault Vest|[from] move: Knock Off|[of] p1a: Krookodile
|faint|p2a: Alice
|
|-weather|Sandstorm|[upkeep]
|-damage|p1b: Sinistcha|94/100|[from] Sandstorm
|upkeep
|
|t:|1756670545
|switch|p2a: Alistair|Gallade, L50, M|100/100
|turn|4
|
|t:|1756670567
|move|p2a: Alistair|Wide Guard|p2a: Alistair
|-singleturn|p2a: Alistair|Wide Guard
|move|p2b: Dr. Drills|Earthquake|p1a: Krookodile|[spread] p1a,p1b
|-activate|p2a: Alistair|move: Wide Guard
|-resisted|p1b: Sinistcha
|-damage|p1a: Krookodile|7/100
|-damage|p1b: Sinistcha|60/100
|move|p1a: Krookodile|Knock Off|p2a: Alistair
|-damage|p2a: Alistair|41/100
|-enditem|p2a: Alistair|Clear Amulet|[from] move: Knock Off|[of] p1a: Krookodile
|move|p1b: Sinistcha|Matcha Gotcha|p2a: Alistair|[spread] 
|-activate|p2a: Alistair|move: Wide Guard
|-activate|p2b: Dr. Drills|move: Wide Guard
|
|-weather|Sandstorm|[upkeep]
|-damage|p1b: Sinistcha|54/100|[from] Sandstorm
|-damage|p2a: Alistair|36/100|[from] Sandstorm
|upkeep
|turn|5
|
|t:|1756670589
|switch|p1a: Primarina|Primarina, L50, F, tera:Steel|10/100
|move|p2b: Dr. Drills|Iron Head|p1a: Primarina
|-resisted|p1a: Primarina
|-damage|p1a: Primarina|0 fnt
|faint|p1a: Primarina
|move|p1b: Sinistcha|Shadow Ball|p2a: Alistair
|-supereffective|p2a: Alistair
|-damage|p2a: Alistair|0 fnt
|faint|p2a: Alistair
|
|-weather|none
|-fieldend|move: Psychic Terrain
|upkeep
|
|t:|1756670592
|switch|p1a: Krookodile|Krookodile, L50, M|7/100
|-ability|p1a: Krookodile|Intimidate|boost
|-unboost|p2b: Dr. Drills|atk|1
|turn|6
|
|t:|1756670603
|move|p1a: Krookodile|High Horsepower|p2b: Dr. Drills
|-supereffective|p2b: Dr. Drills
|-enditem|p2b: Dr. Drills|Focus Sash
|-damage|p2b: Dr. Drills|1/100
|move|p2b: Dr. Drills|Earthquake|p1a: Krookodile|[spread] p1a,p1b
|-resisted|p1b: Sinistcha
|-crit|p1b: Sinistcha
|-damage|p1a: Krookodile|0 fnt
|-damage|p1b: Sinistcha|14/100
|-enditem|p1b: Sinistcha|Sitrus Berry|[eat]
|-heal|p1b: Sinistcha|39/100|[from] item: Sitrus Berry
|faint|p1a: Krookodile
|move|p1b: Sinistcha|Life Dew|p1b: Sinistcha
|-heal|p1b: Sinistcha|64/100
|
|upkeep
|turn|7
|
|t:|1756670617
|move|p2b: Dr. Drills|Iron Head|p1b: Sinistcha
|-damage|p1b: Sinistcha|6/100
|cant|p1b: Sinistcha|flinch
|
|upkeep
|turn|8
|
|t:|1756670623
|move|p2b: Dr. Drills|Iron Head|p1b: Sinistcha
|-damage|p1b: Sinistcha|0 fnt
|faint|p1b: Sinistcha
|
|win|snailboss
||LyricSum is ready for game 3.
