|j|☆NightshadeAI
|j|☆EpiclyEpicGamerW
|html|NightshadeAIEpiclyEpicGamerW    
|uhtml|bestof|Game 2 of a best-of-3
|t:|1783557518
|gametype|doubles
|player|p1|NightshadeAI|265|1113
|player|p2|EpiclyEpicGamerW|red-masters|1185
|gen|9
|tier|[Gen 9 Champions] VGC 2026 Reg M-B (Bo3)
|rated|
|rule|Species Clause: Limit one of each Pokémon
|rule|Item Clause: Limit 1 of each item
|clearpoke
|poke|p1|Whimsicott, L50, M|
|poke|p1|Charizard, L50, F|
|poke|p1|Basculegion, L50, M|
|poke|p1|Garchomp, L50, M|
|poke|p1|Floette-Eternal, L50, F|
|poke|p1|Kingambit, L50, M|
|poke|p2|Charizard, L50, M|
|poke|p2|Venusaur, L50, F|
|poke|p2|Garchomp, L50, M|
|poke|p2|Milotic, L50, M|
|poke|p2|Kingambit, L50, F|
|poke|p2|Aerodactyl, L50, M|
|teampreview|4
|showteam|p1|Whimsicott||FocusSash|Prankster|Moonblast,Tailwind,Encore,Protect|Timid||M|||50|]Charizard||CharizarditeY|Blaze|WeatherBall,SolarBeam,HeatWave,Protect|Modest||F|||50|]Basculegion||MysticWater|Adaptability|LastRespects,WaveCrash,AquaJet,Protect|Adamant||M|||50|]Garchomp||LifeOrb|RoughSkin|DragonClaw,Earthquake,RockSlide,Protect|Adamant||M|||50|]Floette-Eternal||Floettite|FlowerVeil|DazzlingGleam,LightofRuin,Moonblast,Protect|Modest||F|||50|]Kingambit||ChopleBerry|Defiant|KowtowCleave,SuckerPunch,IronHead,LowKick|Adamant||M|||50|
|showteam|p2|Charizard||CharizarditeY|Blaze|WeatherBall,HeatWave,SolarBeam,Protect|Modest||M|||50|]Venusaur||LifeOrb|Chlorophyll|LeafStorm,SludgeBomb,EarthPower,Protect|Modest||F|||50|]Garchomp||SitrusBerry|RoughSkin|DragonClaw,Earthquake,RockSlide,Protect|Adamant||M|||50|]Milotic||Leftovers|Competitive|Scald,IcyWind,Haze,Protect|Modest||M|||50|]Kingambit||FocusSash|Defiant|KowtowCleave,SuckerPunch,LowKick,Protect|Jolly||F|||50|]Aerodactyl||Aerodactylite|Unnerve|RockSlide,IceFang,Tailwind,WideGuard|Jolly||M|||50|
|inactive|Battle timer is ON: inactive players will automatically lose when time's up. (requested by NightshadeAI)
|inactive|EpiclyEpicGamerW also wants the timer to be on.
|inactive|EpiclyEpicGamerW has 60 seconds left.
|
|t:|1783557576
|teamsize|p1|4
|teamsize|p2|4
|start
|switch|p1a: Basculegion|Basculegion, L50, M|100/100
|switch|p1b: Whimsicott|Whimsicott, L50, M|100/100
|switch|p2a: Milotic|Milotic, L50, M|100/100
|switch|p2b: Venusaur|Venusaur, L50, F|100/100
|turn|1
|
|t:|1783557593
|move|p1b: Whimsicott|Tailwind|p1b: Whimsicott
|-sidestart|p1: NightshadeAI|move: Tailwind
|move|p1a: Basculegion|Wave Crash|p2a: Milotic
|-resisted|p2a: Milotic|1
|-damage|p2a: Milotic|51/100
|-damage|p1a: Basculegion|84/100|[from] Recoil
|move|p2b: Venusaur|Sludge Bomb|p1b: Whimsicott
|-supereffective|p1b: Whimsicott|2
|-enditem|p1b: Whimsicott|Focus Sash
|-damage|p1b: Whimsicott|1/100
|-damage|p2b: Venusaur|90/100|[from] item: Life Orb
|move|p2a: Milotic|Icy Wind|p1b: Whimsicott|[spread] p1a,p1b
|-resisted|p1a: Basculegion|1
|-supereffective|p1b: Whimsicott|1
|-damage|p1a: Basculegion|78/100
|-damage|p1b: Whimsicott|0 fnt
|-unboost|p1a: Basculegion|spe|1
|faint|p1b: Whimsicott
|
|-heal|p2a: Milotic|57/100|[from] item: Leftovers
|upkeep
|
|t:|1783557593
|switch|p1b: Garchomp|Garchomp, L50, M|100/100
|turn|2
|inactive|EpiclyEpicGamerW has 30 seconds left.
|
|t:|1783557623
|switch|p2b: Kingambit|Kingambit, L50, F|100/100
|move|p1b: Garchomp|Earthquake|p2a: Milotic|[spread] p1a,p2a,p2b
|-supereffective|p2b: Kingambit|1
|-damage|p1a: Basculegion|16/100
|-damage|p2a: Milotic|4/100
|-damage|p2b: Kingambit|6/100
|-damage|p1b: Garchomp|90/100|[from] item: Life Orb
|move|p1a: Basculegion|Last Respects|p2b: Kingambit
|-resisted|p2b: Kingambit|1
|-damage|p2b: Kingambit|0 fnt
|faint|p2b: Kingambit
|move|p2a: Milotic|Icy Wind|p1b: Garchomp|[spread] p1a
|-miss|p2a: Milotic|p1b: Garchomp
|-resisted|p1a: Basculegion|1
|-crit|p1a: Basculegion
|-damage|p1a: Basculegion|7/100
|-unboost|p1a: Basculegion|spe|1
|
|-heal|p2a: Milotic|10/100|[from] item: Leftovers
|upkeep
|
|t:|1783557642
|switch|p2b: Venusaur|Venusaur, L50, F|90/100
|turn|3
|inactive|EpiclyEpicGamerW has 30 seconds left.
|
|t:|1783557669
|move|p1b: Garchomp|Rock Slide|p2b: Venusaur|[spread] p2a,p2b
|-damage|p2a: Milotic|0 fnt
|-damage|p2b: Venusaur|54/100
|faint|p2a: Milotic
|-damage|p1b: Garchomp|80/100|[from] item: Life Orb
|move|p2b: Venusaur|Sludge Bomb|p1a: Basculegion
|-resisted|p1a: Basculegion|1
|-damage|p1a: Basculegion|0 fnt
|faint|p1a: Basculegion
|-damage|p2b: Venusaur|45/100|[from] item: Life Orb
|
|upkeep
|
|t:|1783557677
|switch|p1a: Floette|Floette-Eternal, L50, F|100/100
|switch|p2a: Charizard|Charizard, L50, M|100/100
|turn|4
|
|t:|1783557679
|detailschange|p1a: Floette|Floette-Mega, L50, F
|-mega|p1a: Floette|Floette|Floettite
|-ability|p1a: Floette|Fairy Aura
|move|p2a: Charizard|Protect|p2a: Charizard
|-singleturn|p2a: Charizard|Protect
|move|p2b: Venusaur|Protect|p2b: Venusaur
|-singleturn|p2b: Venusaur|Protect
|move|p1b: Garchomp|Rock Slide|p2b: Venusaur|[spread] 
|-activate|p2a: Charizard|move: Protect
|-activate|p2b: Venusaur|move: Protect
|move|p1a: Floette|Dazzling Gleam|p2b: Venusaur|[spread] 
|-activate|p2a: Charizard|move: Protect
|-activate|p2b: Venusaur|move: Protect
|
|-sideend|p1: NightshadeAI|move: Tailwind
|upkeep
|turn|5
|
|t:|1783557700
|detailschange|p2a: Charizard|Charizard-Mega-Y, L50, M
|-mega|p2a: Charizard|Charizard|Charizardite Y
|-weather|SunnyDay|[from] ability: Drought|[of] p2a: Charizard
|move|p2b: Venusaur|Leaf Storm|p1b: Garchomp
|-damage|p1b: Garchomp|1/100
|-unboost|p2b: Venusaur|spa|2
|-damage|p2b: Venusaur|35/100|[from] item: Life Orb
|move|p1b: Garchomp|Rock Slide|p2a: Charizard|[spread] p2a,p2b
|-supereffective|p2a: Charizard|2
|-damage|p2a: Charizard|0 fnt
|-damage|p2b: Venusaur|0 fnt
|faint|p2a: Charizard
|faint|p2b: Venusaur
|-damage|p1b: Garchomp|0 fnt|[from] item: Life Orb
|faint|p1b: Garchomp
|
|win|NightshadeAI
|inactive|NightshadeAI has 30 seconds to confirm battle start!
|inactive|EpiclyEpicGamerW has 30 seconds to confirm battle start!
||EpiclyEpicGamerW is ready for game 3.
|inactive|NightshadeAI has 20 seconds to confirm battle start!
|inactive|NightshadeAI has 10 seconds to confirm battle start!
|uhtml|next|Next: Game 3 of 3
