|j|☆kdan_7
|j|☆QUELON
|html|kdan_7QUELON    
|uhtml|bestof|Game 3 of a best-of-3
|t:|1757010430
|gametype|doubles
|player|p1|kdan_7|shauntal|1177
|player|p2|QUELON|cyrus|1346
|gen|9
|tier|[Gen 9] VGC 2025 Reg H (Bo3)
|rated|
|rule|Species Clause: Limit one of each Pokémon
|rule|Item Clause: Limit 1 of each item
|clearpoke
|poke|p1|Amoonguss, L50, F|
|poke|p1|Sneasler, L50, F|
|poke|p1|Gholdengo, L50|
|poke|p1|Incineroar, L50, F|
|poke|p1|Ursaluna-Bloodmoon, L50, M|
|poke|p1|Dragonite, L50, M|
|poke|p2|Gholdengo, L50|
|poke|p2|Sneasler, L50, F|
|poke|p2|Incineroar, L50, M|
|poke|p2|Amoonguss, L50, M|
|poke|p2|Dragonite, L50, M|
|poke|p2|Ursaluna-Bloodmoon, L50, M|
|teampreview|4
|showteam|p1|Amoonguss||SitrusBerry|Regenerator|RagePowder,Spore,PollenPuff,Protect|||F|||50|,,,,,Psychic]Sneasler||FocusSash|Unburden|Protect,DireClaw,CloseCombat,ThroatChop|||F|||50|,,,,,Stellar]Gholdengo||LifeOrb|GoodasGold|Protect,MakeItRain,ShadowBall,NastyPlot||||||50|,,,,,Water]Incineroar||SafetyGoggles|Intimidate|KnockOff,PartingShot,FlareBlitz,FakeOut|||F|||50|,,,,,Ghost]Ursaluna-Bloodmoon||AssaultVest|MindsEye|BloodMoon,EarthPower,VacuumWave,HyperVoice|||M|||50|,,,,,Water]Dragonite||LoadedDice|Multiscale|ScaleShot,Tailwind,Haze,Protect|||M|||50|,,,,,Fairy
|showteam|p2|Gholdengo||LifeOrb|GoodasGold|MakeItRain,ShadowBall,NastyPlot,Protect||||||50|,,,,,Steel]Sneasler||FocusSash|PoisonTouch|FakeOut,CloseCombat,DireClaw,Protect|||F|||50|,,,,,Stellar]Incineroar||SafetyGoggles|Intimidate|FakeOut,FlareBlitz,KnockOff,PartingShot|||M|||50|,,,,,Ghost]Amoonguss||SitrusBerry|Regenerator|Spore,RagePowder,SludgeBomb,Protect|||M|||50|,,,,,Water]Dragonite||LoadedDice|Multiscale|ScaleShot,Haze,Tailwind,ExtremeSpeed|||M|||50|,,,,,Fairy]Ursaluna-Bloodmoon||AssaultVest|MindsEye|HyperVoice,BloodMoon,EarthPower,VacuumWave|||M|||50|,,,,,Normal
|
|t:|1757010450
|teamsize|p1|4
|teamsize|p2|4
|start
|switch|p1a: Say Cheese|Gholdengo, L50|100/100
|switch|p1b: Luffy|Incineroar, L50, F|100/100
|switch|p2a: Incineroar|Incineroar, L50, M, shiny|100/100
|switch|p2b: Gholdengo|Gholdengo, L50|100/100
|-ability|p1b: Luffy|Intimidate|boost
|-unboost|p2a: Incineroar|atk|1
|-unboost|p2b: Gholdengo|atk|1
|-ability|p2a: Incineroar|Intimidate|boost
|-unboost|p1a: Say Cheese|atk|1
|-unboost|p1b: Luffy|atk|1
|turn|1
|inactive|Battle timer is ON: inactive players will automatically lose when time's up. (requested by kdan_7)
|inactive|QUELON has 60 seconds left.
|
|t:|1757010507
|move|p1a: Say Cheese|Protect|p1a: Say Cheese
|-singleturn|p1a: Say Cheese|Protect
|move|p2b: Gholdengo|Shadow Ball|p1a: Say Cheese
|-activate|p1a: Say Cheese|move: Protect
|move|p1b: Luffy|Flare Blitz|p2b: Gholdengo
|-supereffective|p2b: Gholdengo
|-damage|p2b: Gholdengo|14/100
|-damage|p1b: Luffy|78/100|[from] Recoil
|move|p2a: Incineroar|Knock Off|p1a: Say Cheese
|-activate|p1a: Say Cheese|move: Protect
|
|upkeep
|turn|2
|inactive|kdan_7 has 30 seconds left.
|inactive|QUELON has 30 seconds left.
|inactive|QUELON has 20 seconds left.
|inactive|QUELON has 15 seconds left.
|
|t:|1757010561
|switch|p1a: Golden Wind|Dragonite, L50, M|100/100
|move|p2b: Gholdengo|Shadow Ball|p1a: Golden Wind
|-damage|p1a: Golden Wind|71/100
|-damage|p2b: Gholdengo|4/100|[from] item: Life Orb
|move|p1b: Luffy|Parting Shot|p2a: Incineroar
|-unboost|p2a: Incineroar|atk|1
|-unboost|p2a: Incineroar|spa|1
|
|t:|1757010576
|switch|p1b: 8|Sneasler, L50, F|100/100|[from] Parting Shot
|move|p2a: Incineroar|Knock Off|p1a: Golden Wind
|-damage|p1a: Golden Wind|50/100
|-enditem|p1a: Golden Wind|Loaded Dice|[from] move: Knock Off|[of] p2a: Incineroar
|
|upkeep
|turn|3
|inactive|QUELON has 30 seconds left.
|inactive|QUELON has 20 seconds left.
|
|t:|1757010612
|switch|p2a: Sneasler|Sneasler, L50, F|100/100
|move|p1b: 8|Throat Chop|p2b: Gholdengo
|-supereffective|p2b: Gholdengo
|-damage|p2b: Gholdengo|0 fnt
|faint|p2b: Gholdengo
|move|p1a: Golden Wind|Tailwind|p1a: Golden Wind
|-sidestart|p1: kdan_7|move: Tailwind
|
|upkeep
|
|t:|1757010619
|switch|p2b: Incineroar|Incineroar, L50, M, shiny|100/100
|-ability|p2b: Incineroar|Intimidate|boost
|-unboost|p1a: Golden Wind|atk|1
|-unboost|p1b: 8|atk|1
|turn|4
|inactive|QUELON has 30 seconds left.
|inactive|QUELON has 20 seconds left.
|inactive|QUELON has 15 seconds left.
|inactive|QUELON has 10 seconds left.
|
|t:|1757010667
|move|p1b: 8|Protect|p1b: 8
|-singleturn|p1b: 8|Protect
|move|p1a: Golden Wind|Protect|p1a: Golden Wind
|-singleturn|p1a: Golden Wind|Protect
|move|p2a: Sneasler|Protect|p2a: Sneasler
|-singleturn|p2a: Sneasler|Protect
|move|p2b: Incineroar|Parting Shot|p1b: 8
|-activate|p1b: 8|move: Protect
|
|upkeep
|turn|5
|inactive|QUELON has 30 seconds left.
|
|t:|1757010710
|-terastallize|p1b: 8|Stellar
|move|p1b: 8|Close Combat|p2b: Incineroar
|-supereffective|p2b: Incineroar
|-crit|p2b: Incineroar
|-damage|p2b: Incineroar|0 fnt
|-unboost|p1b: 8|def|1
|-unboost|p1b: 8|spd|1
|faint|p2b: Incineroar
|move|p1a: Golden Wind|Scale Shot|p2a: Sneasler
|-damage|p2a: Sneasler|84/100
|-damage|p2a: Sneasler|67/100
|-damage|p2a: Sneasler|51/100
|-hitcount|p2a: Sneasler|3
|-unboost|p1a: Golden Wind|def|1
|-boost|p1a: Golden Wind|spe|1
|move|p2a: Sneasler|Dire Claw|p1a: Golden Wind
|-damage|p1a: Golden Wind|0 fnt
|faint|p1a: Golden Wind
|
|upkeep
|
|t:|1757010726
|switch|p1a: Luffy|Incineroar, L50, F|78/100
|switch|p2b: Dragonite|Dragonite, L50, M|100/100
|-ability|p1a: Luffy|Intimidate|boost
|-unboost|p2a: Sneasler|atk|1
|-unboost|p2b: Dragonite|atk|1
|turn|6
|inactive|QUELON has 30 seconds left.
|
|t:|1757010759
|switch|p1a: Say Cheese|Gholdengo, L50|100/100
|move|p1b: 8|Dire Claw|p2b: Dragonite
|-damage|p2b: Dragonite|80/100
|-status|p2b: Dragonite|par
|move|p2a: Sneasler|Close Combat|p1a: Say Cheese
|-immune|p1a: Say Cheese
|move|p2b: Dragonite|Scale Shot|p1b: 8
|-crit|p1b: 8
|-damage|p1b: 8|39/100
|-damage|p1b: 8|14/100
|-damage|p1b: 8|0 fnt
|faint|p1b: 8
|-hitcount|p1: 8|3
|-unboost|p2b: Dragonite|def|1
|-boost|p2b: Dragonite|spe|1
|
|-sideend|p1: kdan_7|move: Tailwind
|upkeep
|j| auysdf
|
|t:|1757010770
|switch|p1b: Luffy|Incineroar, L50, F|78/100
|-ability|p1b: Luffy|Intimidate|boost
|-unboost|p2a: Sneasler|atk|1
|-unboost|p2b: Dragonite|atk|1
|turn|7
|j| roman_legend
|
|t:|1757010781
|move|p2a: Sneasler|Protect|p2a: Sneasler
|-singleturn|p2a: Sneasler|Protect
|move|p1b: Luffy|Fake Out|p2b: Dragonite
|-damage|p2b: Dragonite|58/100 par
|move|p1a: Say Cheese|Nasty Plot|p1a: Say Cheese
|-boost|p1a: Say Cheese|spa|2
|cant|p2b: Dragonite|flinch
|
|upkeep
|turn|8
|
|t:|1757010792
|move|p2a: Sneasler|Close Combat|p1b: Luffy
|-supereffective|p1b: Luffy
|-damage|p1b: Luffy|11/100
|-unboost|p2a: Sneasler|def|1
|-unboost|p2a: Sneasler|spd|1
|-status|p1b: Luffy|psn|[from] ability: Poison Touch|[of] p2a: Sneasler
|move|p1a: Say Cheese|Make It Rain|p2b: Dragonite|[spread] p2a,p2b
|-damage|p2a: Sneasler|0 fnt
|-damage|p2b: Dragonite|0 fnt
|-unboost|p1a: Say Cheese|spa|1
|faint|p2a: Sneasler
|faint|p2b: Dragonite
|-damage|p1a: Say Cheese|91/100|[from] item: Life Orb
|
|win|kdan_7
|raw|kdan_7's rating: 1177 → 1213(+36 for winning)
|raw|QUELON's rating: 1346 → 1317(-29 for losing)
|l|☆kdan_7
|player|p1|
