|j|☆yeetawheat
|j|☆Chaotic Raos
|html|yeetawheatChaotic Raos    
|uhtml|bestof|Game 2 of a best-of-3
|t:|1756254963
|gametype|doubles
|player|p1|yeetawheat|102|
|player|p2|Chaotic Raos|bellelba|
|gen|9
|tier|[Gen 9] VGC 2025 Reg H (Bo3)
|rule|Species Clause: Limit one of each Pokémon
|rule|Item Clause: Limit 1 of each item
|clearpoke
|poke|p1|Annihilape, L50, F|
|poke|p1|Rillaboom, L50, M|
|poke|p1|Incineroar, L50, M|
|poke|p1|Whimsicott, L50, F|
|poke|p1|Primarina, L50, F|
|poke|p1|Maushold, L50|
|poke|p2|Archaludon, L50, F|
|poke|p2|Basculegion, L50, M|
|poke|p2|Pelipper, L50, F|
|poke|p2|Incineroar, L50, M|
|poke|p2|Maushold, L50|
|poke|p2|Sinistcha, L50|
|teampreview|4
|showteam|p1|Annihilape||CovertCloak|Defiant|BulkUp,DrainPunch,RageFist,Protect|||F|||50|,,,,,Fire]Rillaboom||ChoiceBand|GrassySurge|HighHorsepower,WoodHammer,Uturn,GrassyGlide|||M|||50|,,,,,Grass]Incineroar||SitrusBerry|Intimidate|FakeOut,FlareBlitz,KnockOff,PartingShot|||M|||50|,,,,,Water]Whimsicott||FocusSash|Prankster|Protect,Tailwind,BeatUp,LightScreen|||F|||50|,,,,,Ghost]Primarina||MysticWater|LiquidVoice|HyperVoice,Moonblast,DazzlingGleam,Protect|||F|||50|,,,,,Poison]Maushold||WideLens|Technician|PopulationBomb,FollowMe,Encore,Protect||||||50|,,,,,Normal
|showteam|p2|Archaludon||AssaultVest|Stamina|ElectroShot,DragonPulse,FlashCannon,BodyPress|||F|||50|,,,,,Fairy]Basculegion||MysticWater|SwiftSwim|Protect,WaveCrash,AquaJet,LastRespects|||M|||50|,,,,,Water]Pelipper||FocusSash|Drizzle|Hurricane,WeatherBall,Tailwind,Protect|||F|||50|,,,,,Ghost]Incineroar||SafetyGoggles|Intimidate|FakeOut,FlareBlitz,KnockOff,PartingShot|||M|||50|,,,,,Ghost]Maushold||WideLens|Technician|PopulationBomb,FollowMe,Taunt,Protect||||||50|,,,,,Grass]Sinistcha||RockyHelmet|Hospitality|MatchaGotcha,RagePowder,StrengthSap,Protect||||||50|,,,,,Water
|inactive|Battle timer is ON: inactive players will automatically lose when time's up. (requested by yeetawheat)
|inactiveoff|Battle timer is now OFF.
|
|t:|1756254991
|teamsize|p1|4
|teamsize|p2|4
|start
|switch|p1a: Rillaboom|Rillaboom, L50, M|100/100
|switch|p1b: Maushold|Maushold, L50|100/100
|switch|p2a: Mackinac|Archaludon, L50, F|100/100
|switch|p2b: Them|Maushold, L50|100/100
|-fieldstart|move: Grassy Terrain|[from] ability: Grassy Surge|[of] p1a: Rillaboom
|turn|1
|
|t:|1756255013
|switch|p2b: Surfin' Bird|Pelipper, L50, F|100/100
|-weather|RainDance|[from] ability: Drizzle|[of] p2b: Surfin' Bird
|switch|p1a: Annihilape|Annihilape, L50, F|100/100
|move|p1b: Maushold|Population Bomb|p2b: Surfin' Bird
|-damage|p2b: Surfin' Bird|87/100
|-damage|p2b: Surfin' Bird|73/100
|-damage|p2b: Surfin' Bird|59/100
|-damage|p2b: Surfin' Bird|43/100
|-damage|p2b: Surfin' Bird|27/100
|-damage|p2b: Surfin' Bird|13/100
|-damage|p2b: Surfin' Bird|0 fnt
|faint|p2b: Surfin' Bird
|-hitcount|p2: Surfin' Bird|7
|move|p2a: Mackinac|Electro Shot||[still]
|-prepare|p2a: Mackinac|Electro Shot
|-boost|p2a: Mackinac|spa|1
|-anim|p2a: Mackinac|Electro Shot|p1b: Maushold
|-damage|p1b: Maushold|9/100
|
|-weather|RainDance|[upkeep]
|-heal|p1b: Maushold|15/100|[from] Grassy Terrain
|upkeep
|
|t:|1756255040
|switch|p2b: Them|Maushold, L50|100/100
|turn|2
|
|t:|1756255066
|move|p1b: Maushold|Population Bomb|p2b: Them
|-damage|p2b: Them|82/100
|-damage|p2b: Them|66/100
|-crit|p2b: Them
|-damage|p2b: Them|38/100
|-damage|p2b: Them|21/100
|-damage|p2b: Them|4/100
|-damage|p2b: Them|0 fnt
|faint|p2b: Them
|-hitcount|p2: Them|6
|move|p1a: Annihilape|Bulk Up|p1a: Annihilape
|-boost|p1a: Annihilape|atk|1
|-boost|p1a: Annihilape|def|1
|move|p2a: Mackinac|Electro Shot||[still]
|-prepare|p2a: Mackinac|Electro Shot
|-boost|p2a: Mackinac|spa|1
|-anim|p2a: Mackinac|Electro Shot|p1a: Annihilape
|-damage|p1a: Annihilape|21/100
|
|-weather|RainDance|[upkeep]
|-heal|p1b: Maushold|21/100|[from] Grassy Terrain
|-heal|p1a: Annihilape|27/100|[from] Grassy Terrain
|upkeep
|
|t:|1756255070
|switch|p2b: Salmon Run|Basculegion, L50, M|100/100
|turn|3
|
|t:|1756255107
|-terastallize|p2a: Mackinac|Fairy
|move|p1a: Annihilape|Protect|p1a: Annihilape
|-singleturn|p1a: Annihilape|Protect
|move|p1b: Maushold|Follow Me|p1b: Maushold
|-singleturn|p1b: Maushold|move: Follow Me
|move|p2b: Salmon Run|Aqua Jet|p1b: Maushold
|-damage|p1b: Maushold|0 fnt
|faint|p1b: Maushold
|move|p2a: Mackinac|Electro Shot||[still]
|-prepare|p2a: Mackinac|Electro Shot
|-boost|p2a: Mackinac|spa|1
|-anim|p2a: Mackinac|Electro Shot|p1a: Annihilape
|-activate|p1a: Annihilape|move: Protect
|
|-weather|RainDance|[upkeep]
|-heal|p1a: Annihilape|33/100|[from] Grassy Terrain
|upkeep
|
|t:|1756255122
|switch|p1b: Rillaboom|Rillaboom, L50, M|100/100
|turn|4
|
|t:|1756255142
|-terastallize|p1b: Rillaboom|Grass
|move|p2b: Salmon Run|Last Respects|p1a: Annihilape
|-supereffective|p1a: Annihilape
|-damage|p1a: Annihilape|0 fnt
|faint|p1a: Annihilape
|move|p1b: Rillaboom|Wood Hammer|p2a: Mackinac
|-damage|p2a: Mackinac|0 fnt
|faint|p2a: Mackinac
|-damage|p1b: Rillaboom|66/100|[from] Recoil
|
|-weather|RainDance|[upkeep]
|-heal|p1b: Rillaboom|72/100|[from] Grassy Terrain
|upkeep
|
|t:|1756255146
|switch|p1a: Primarina|Primarina, L50, F|100/100
|turn|5
|
|t:|1756255157
|move|p2b: Salmon Run|Protect|p2b: Salmon Run
|-singleturn|p2b: Salmon Run|Protect
|move|p1b: Rillaboom|Wood Hammer|p2b: Salmon Run
|-activate|p2b: Salmon Run|move: Protect
|move|p1a: Primarina|Moonblast|p2b: Salmon Run
|-activate|p2b: Salmon Run|move: Protect
|
|-weather|none
|-heal|p1b: Rillaboom|78/100|[from] Grassy Terrain
|-fieldend|move: Grassy Terrain
|upkeep
|turn|6
|
|t:|1756255169
|move|p1b: Rillaboom|Wood Hammer|p2b: Salmon Run
|-supereffective|p2b: Salmon Run
|-damage|p2b: Salmon Run|0 fnt
|faint|p2b: Salmon Run
|-damage|p1b: Rillaboom|40/100|[from] Recoil
|
|win|yeetawheat
||yeetawheat is ready for game 3.
||Chaotic Raos is ready for game 3.
|uhtml|next|Next: Game 3 of 3
