|j|☆GS Barnabe
|j|☆grtnpwrfl
|html|GS Barnabegrtnpwrfl    
|uhtml|bestof|Game 2 of a best-of-3
|t:|1785416674
|gametype|doubles
|player|p1|GS Barnabe|101|1088
|player|p2|grtnpwrfl|170|1077
|gen|9
|tier|[Gen 9 Champions] VGC 2026 Reg M-B (Bo3)
|rated|
|rule|Species Clause: Limit one of each Pokémon
|rule|Item Clause: Limit 1 of each item
|clearpoke
|poke|p1|Meowstic, L50, M|
|poke|p1|Tyranitar, L50, F|
|poke|p1|Scovillain, L50, M|
|poke|p1|Houndstone, L50, M|
|poke|p1|Corviknight, L50, M|
|poke|p1|Garchomp, L50, F|
|poke|p2|Palafin, L50, M|
|poke|p2|Aegislash, L50, F|
|poke|p2|Garchomp, L50, F|
|poke|p2|Hatterene, L50, F|
|poke|p2|Pelipper, L50, M|
|poke|p2|Metagross, L50|
|teampreview|4
|showteam|p1|Meowstic||LightClay|Prankster|FakeOut,Reflect,LightScreen,PsychicNoise|Bold||M|||50|]Tyranitar||ChoiceScarf|SandStream|RockSlide,KnockOff,IcePunch,Superpower|Jolly||F|||50|]Scovillain||Scovillainite|Moody|Overheat,LeechSeed,RagePowder,Protect|Calm||M|||50|]Houndstone||SitrusBerry|SandRush|LastRespects,Disable,AllySwitch,Protect|Adamant||M|||50|]Corviknight||LifeOrb|MirrorArmor|IronHead,BraveBird,Tailwind,Protect|Adamant||M|||50|]Garchomp||Garchompite|RoughSkin|DracoMeteor,EarthPower,PowerGem,Protect|Modest||F|||50|
|showteam|p2|Palafin||ChoiceScarf|ZerotoHero|FlipTurn,JetPunch,IcePunch,WaveCrash|Jolly||M|||50|]Aegislash||LifeOrb|StanceChange|CloseCombat,KingsShield,IronHead,ShadowSneak|Adamant||F|||50|]Garchomp||Leftovers|SandVeil|RockSlide,DragonClaw,Protect,Earthquake|Jolly||F|||50|]Hatterene||ColburBerry|MagicBounce|CalmMind,TrickRoom,Psychic,DrainingKiss|Quiet||F|||50|]Pelipper||FocusSash|Drizzle|ChillingWater,Tailwind,Hurricane,Protect|Bold||M|||50|]Metagross||Metagrossite|ClearBody|BulletPunch,Protect,MeteorMash,RockSlide|Jolly|||||50|
|inactive|Battle timer is ON: inactive players will automatically lose when time's up. (requested by grtnpwrfl)
|
|t:|1785416693
|teamsize|p1|4
|teamsize|p2|4
|start
|switch|p1a: Scovillain|Scovillain, L50, M|100/100
|switch|p1b: Meowstic|Meowstic, L50, M|100/100
|switch|p2a: Hatterene|Hatterene, L50, F|100/100
|switch|p2b: Palafin|Palafin, L50, M|100/100
|turn|1
|
|t:|1785416711
|detailschange|p2b: Palafin|Palafin-Hero, L50, M
|switch|p2b: Metagross|Metagross, L50|100/100
|detailschange|p1a: Scovillain|Scovillain-Mega, L50, M
|-mega|p1a: Scovillain|Scovillain|Scovillainite
|move|p1b: Meowstic|Fake Out|p2b: Metagross
|-resisted|p2b: Metagross|1
|-damage|p2b: Metagross|98/100
|move|p1a: Scovillain|Leech Seed|p2a: Hatterene
|move|p2a: Hatterene|Leech Seed|p1a: Scovillain|[from] ability: Magic Bounce
|-immune|p1a: Scovillain
|move|p2a: Hatterene|Trick Room|p2a: Hatterene
|-fieldstart|move: Trick Room|[of] p2a: Hatterene
|
|upkeep
|turn|2
|inactive|GS Barnabe has 30 seconds left.
|inactive|GS Barnabe has 20 seconds left.
|
|t:|1785416751
|move|p2b: Metagross|Protect|p2b: Metagross
|-singleturn|p2b: Metagross|Protect
|move|p1b: Meowstic|Light Screen|p1b: Meowstic
|-sidestart|p1: GS Barnabe|move: Light Screen
|move|p2a: Hatterene|Calm Mind|p2a: Hatterene
|-boost|p2a: Hatterene|spa|1
|-boost|p2a: Hatterene|spd|1
|move|p1a: Scovillain|Overheat|p2b: Metagross
|-activate|p2b: Metagross|move: Protect
|
|upkeep
|turn|3
|inactive|GS Barnabe has 30 seconds left.
|
|t:|1785416777
|switch|p2b: Pelipper|Pelipper, L50, M|100/100
|-weather|RainDance|[from] ability: Drizzle|[of] p2b: Pelipper
|move|p1b: Meowstic|Reflect|p1b: Meowstic
|-sidestart|p1: GS Barnabe|Reflect
|move|p2a: Hatterene|Psychic|p1a: Scovillain
|-damage|p1a: Scovillain|45/100
|-status|p2a: Hatterene|brn|[from] ability: Spicy Spray|[of] p1a: Scovillain
|move|p1a: Scovillain|Leech Seed|p2b: Pelipper
|-start|p2b: Pelipper|move: Leech Seed
|
|-weather|RainDance|[upkeep]
|-damage|p2b: Pelipper|88/100|[from] Leech Seed|[of] p1a: Scovillain
|-heal|p1a: Scovillain|56/100|[silent]
|-damage|p2a: Hatterene|93/100 brn|[from] brn
|upkeep
|turn|4
|inactive|GS Barnabe has 30 seconds left.
|
|t:|1785416809
|switch|p1b: Tyranitar|Tyranitar, L50, F|100/100
|-weather|Sandstorm|[from] ability: Sand Stream|[of] p1b: Tyranitar
|move|p1a: Scovillain|Protect|p1a: Scovillain
|-singleturn|p1a: Scovillain|Protect
|move|p2a: Hatterene|Calm Mind|p2a: Hatterene
|-boost|p2a: Hatterene|spa|1
|-boost|p2a: Hatterene|spd|1
|move|p2b: Pelipper|Hurricane|p1b: Tyranitar
|-resisted|p1b: Tyranitar|1
|-damage|p1b: Tyranitar|90/100
|
|-weather|Sandstorm|[upkeep]
|-damage|p2a: Hatterene|87/100 brn|[from] Sandstorm
|-damage|p2b: Pelipper|82/100|[from] Sandstorm
|-damage|p1a: Scovillain|51/100|[from] Sandstorm
|-damage|p2b: Pelipper|70/100|[from] Leech Seed|[of] p1a: Scovillain
|-heal|p1a: Scovillain|62/100|[silent]
|-damage|p2a: Hatterene|81/100 brn|[from] brn
|upkeep
|turn|5
|inactive|GS Barnabe has 30 seconds left.
|inactive|GS Barnabe has 20 seconds left.
|inactive|GS Barnabe has 15 seconds left.
|inactive|GS Barnabe has 10 seconds left.
|inactive|GS Barnabe has 5 seconds left.
|
|t:|1785416864
|switch|p2b: Palafin|Palafin-Hero, L50, M|100/100
|-activate|p2b: Palafin|ability: Zero to Hero
|move|p2a: Hatterene|Draining Kiss|p1b: Tyranitar
|-supereffective|p1b: Tyranitar|1
|-damage|p1b: Tyranitar|37/100
|-heal|p2a: Hatterene|100/100 brn|[from] drain|[of] p1b: Tyranitar
|move|p1a: Scovillain|Overheat|p2b: Palafin
|-resisted|p2b: Palafin|1
|-damage|p2b: Palafin|66/100
|-unboost|p1a: Scovillain|spa|2
|move|p1b: Tyranitar|Rock Slide|p2a: Hatterene|[spread] p2a,p2b
|-damage|p2a: Hatterene|68/100 brn
|-damage|p2b: Palafin|37/100
|
|-weather|Sandstorm|[upkeep]
|-damage|p2a: Hatterene|62/100 brn|[from] Sandstorm
|-damage|p1a: Scovillain|56/100|[from] Sandstorm
|-damage|p2b: Palafin|31/100|[from] Sandstorm
|-damage|p2a: Hatterene|56/100 brn|[from] brn
|-fieldend|move: Trick Room
|upkeep
|turn|6
|inactive|GS Barnabe has 30 seconds left.
|inactive|GS Barnabe has 20 seconds left.
|
|t:|1785416902
|move|p1a: Scovillain|Rage Powder|p1a: Scovillain
|-singleturn|p1a: Scovillain|move: Rage Powder
|move|p2b: Palafin|Jet Punch|p1a: Scovillain
|-damage|p1a: Scovillain|32/100
|-status|p2b: Palafin|brn|[from] ability: Spicy Spray|[of] p1a: Scovillain
|move|p1b: Tyranitar|Rock Slide|p2b: Palafin|[spread] p2a,p2b
|-damage|p2a: Hatterene|25/100 brn
|-damage|p2b: Palafin|2/100 brn
|move|p2a: Hatterene|Trick Room|p2a: Hatterene
|-fieldstart|move: Trick Room|[of] p2a: Hatterene
|
|-weather|Sandstorm|[upkeep]
|-damage|p2a: Hatterene|18/100 brn|[from] Sandstorm
|-damage|p1a: Scovillain|26/100|[from] Sandstorm
|-damage|p2b: Palafin|0 fnt|[from] Sandstorm
|faint|p2b: Palafin
|-damage|p2a: Hatterene|12/100 brn|[from] brn
|upkeep
|
|t:|1785416913
|switch|p2b: Metagross|Metagross, L50|98/100
|turn|7
|inactive|GS Barnabe has 30 seconds left.
|
|t:|1785416949
|switch|p1b: Meowstic|Meowstic, L50, M|100/100
|move|p2b: Metagross|Protect|p2b: Metagross
|-singleturn|p2b: Metagross|Protect
|move|p2a: Hatterene|Draining Kiss|p1b: Meowstic
|-damage|p1b: Meowstic|64/100
|-heal|p2a: Hatterene|42/100 brn|[from] drain|[of] p1b: Meowstic
|move|p1a: Scovillain|Overheat|p2b: Metagross
|-activate|p2b: Metagross|move: Protect
|
|-weather|Sandstorm|[upkeep]
|-damage|p2a: Hatterene|36/100 brn|[from] Sandstorm
|-damage|p1a: Scovillain|20/100y|[from] Sandstorm
|-damage|p1b: Meowstic|58/100|[from] Sandstorm
|-damage|p2a: Hatterene|30/100 brn|[from] brn
|upkeep
|turn|8
|inactive|GS Barnabe has 30 seconds left.
|
|t:|1785416977
|detailschange|p2b: Metagross|Metagross-Mega, L50
|-mega|p2b: Metagross|Metagross|Metagrossite
|move|p1b: Meowstic|Fake Out|p2a: Hatterene
|-damage|p2a: Hatterene|24/100 brn
|cant|p2a: Hatterene|flinch
|move|p1a: Scovillain|Leech Seed|p2b: Metagross
|-start|p2b: Metagross|move: Leech Seed
|move|p2b: Metagross|Rock Slide|p1b: Meowstic|[spread] p1a,p1b
|-supereffective|p1a: Scovillain|1
|-crit|p1b: Meowstic
|-damage|p1a: Scovillain|0 fnt
|-damage|p1b: Meowstic|24/100
|-status|p2b: Metagross|brn|[from] ability: Spicy Spray|[of] p1a: Scovillain
|faint|p1a: Scovillain
|
|-weather|none
|-damage|p2a: Hatterene|18/100 brn|[from] brn
|-damage|p2b: Metagross|92/100 brn|[from] brn
|upkeep
|inactive|GS Barnabe has 30 seconds left.
|
|t:|1785417010
|switch|p1a: Houndstone|Houndstone, L50, M|100/100
|turn|9
|inactive|GS Barnabe has 30 seconds left.
|
|t:|1785417043
|move|p2a: Hatterene|Psychic|p1a: Houndstone
|-damage|p1a: Houndstone|20/100y
|-enditem|p1a: Houndstone|Sitrus Berry|[eat]
|-heal|p1a: Houndstone|45/100|[from] item: Sitrus Berry
|move|p1a: Houndstone|Last Respects|p2a: Hatterene
|-supereffective|p2a: Hatterene|1
|-crit|p2a: Hatterene
|-damage|p2a: Hatterene|0 fnt
|faint|p2a: Hatterene
|move|p1b: Meowstic|Psychic Noise|p2b: Metagross
|-resisted|p2b: Metagross|2
|-damage|p2b: Metagross|85/100 brn
|-start|p2b: Metagross|move: Heal Block
|move|p2b: Metagross|Meteor Mash|p1a: Houndstone
|-damage|p1a: Houndstone|22/100
|
|-damage|p2b: Metagross|73/100 brn|[from] Leech Seed|[of] p1a: Houndstone
|-heal|p1a: Houndstone|33/100|[silent]
|-damage|p2b: Metagross|68/100 brn|[from] brn
|-sideend|p1: GS Barnabe|move: Light Screen
|upkeep
|
|t:|1785417058
|switch|p2a: Pelipper|Pelipper, L50, M|70/100
|-weather|RainDance|[from] ability: Drizzle|[of] p2a: Pelipper
|turn|10
|
|t:|1785417079
|move|p1a: Houndstone|Protect|p1a: Houndstone
|-singleturn|p1a: Houndstone|Protect
|move|p1b: Meowstic|Light Screen|p1b: Meowstic
|-sidestart|p1: GS Barnabe|move: Light Screen
|move|p2a: Pelipper|Hurricane|p1a: Houndstone
|-activate|p1a: Houndstone|move: Protect
|move|p2b: Metagross|Meteor Mash|p1a: Houndstone
|-activate|p1a: Houndstone|move: Protect
|
|-weather|RainDance|[upkeep]
|-damage|p2b: Metagross|56/100 brn|[from] Leech Seed|[of] p1a: Houndstone
|-heal|p1a: Houndstone|44/100|[silent]
|-damage|p2b: Metagross|50/100g brn|[from] brn
|-end|p2b: Metagross|move: Heal Block
|-sideend|p1: GS Barnabe|Reflect
|-fieldend|move: Trick Room
|upkeep
|turn|11
|inactive|GS Barnabe has 30 seconds left.
|inactive|GS Barnabe has 20 seconds left.
|inactive|GS Barnabe has 15 seconds left.
|inactive|GS Barnabe has 10 seconds left.
|
|t:|1785417127
|switch|p1b: Tyranitar|Tyranitar, L50, F|37/100
|-weather|Sandstorm|[from] ability: Sand Stream|[of] p1b: Tyranitar
|move|p2b: Metagross|Protect|p2b: Metagross
|-singleturn|p2b: Metagross|Protect
|move|p1a: Houndstone|Last Respects|p2a: Pelipper
|-damage|p2a: Pelipper|35/100
|move|p2a: Pelipper|Tailwind|p2a: Pelipper
|-sidestart|p2: grtnpwrfl|move: Tailwind
|
|-weather|Sandstorm|[upkeep]
|-damage|p2a: Pelipper|29/100|[from] Sandstorm
|-damage|p2b: Metagross|38/100 brn|[from] Leech Seed|[of] p1a: Houndstone
|-heal|p1a: Houndstone|55/100|[silent]
|-damage|p2b: Metagross|32/100 brn|[from] brn
|upkeep
|turn|12
|inactive|GS Barnabe has 30 seconds left.
|inactive|GS Barnabe has 20 seconds left.
|inactive|GS Barnabe has 15 seconds left.
|inactive|GS Barnabe has 10 seconds left.
|inactive|GS Barnabe has 5 seconds left.
|-message|GS Barnabe lost due to inactivity.
|
|win|grtnpwrfl
|raw|GS Barnabe's rating: 1088 → 1064(-24 for losing)
|raw|grtnpwrfl's rating: 1077 → 1106(+29 for winning)
|l|☆grtnpwrfl
|player|p2|
