|j|☆Imaginary Iris
|j|☆ultrog
|html|Imaginary Irisultrog    
|uhtml|bestof|Game 1 of a best-of-3
|t:|1757815391
|gametype|doubles
|player|p1|Imaginary Iris|lady|1183
|player|p2|ultrog|fisherman|1232
|gen|9
|tier|[Gen 9] VGC 2025 Reg H (Bo3)
|rated|
|rule|Species Clause: Limit one of each Pokémon
|rule|Item Clause: Limit 1 of each item
|clearpoke
|poke|p1|Ninetales-Alola, L50, F|
|poke|p1|Ursaluna-Bloodmoon, L50, M|
|poke|p1|Talonflame, L50, F|
|poke|p1|Gholdengo, L50|
|poke|p1|Rillaboom, L50, F|
|poke|p1|Annihilape, L50, F|
|poke|p2|Indeedee-F, L50, F|
|poke|p2|Armarouge, L50, M|
|poke|p2|Pelipper, L50, F|
|poke|p2|Araquanid, L50, F|
|poke|p2|Archaludon, L50, M|
|poke|p2|Sneasler, L50, F|
|teampreview|4
|showteam|p1|Ninetales-Alola||FocusSash|SnowWarning|Blizzard,AuroraVeil,FreezeDry,IcicleSpear|||F|||50|,,,,,Ghost]Ursaluna-Bloodmoon||SilkScarf|MindsEye|Protect,BloodMoon,EarthPower,HyperVoice|||M|||50|,,,,,Normal]Talonflame||CovertCloak|GaleWings|BraveBird,Tailwind,Taunt,WillOWisp|||F|||50|,,,,,Ghost]Gholdengo||LifeOrb|GoodasGold|Protect,MakeItRain,NastyPlot,ShadowBall||||||50|,,,,,Water]Rillaboom||LoadedDice|GrassySurge|BulletSeed,FakeOut,GrassyGlide,HighHorsepower|||F|||50|,,,,,Stellar]Annihilape||Leftovers|Defiant|Protect,BulkUp,DrainPunch,RageFist|||F|||50|,,,,,Grass
|showteam|p2|Indeedee-F||SafetyGoggles|PsychicSurge|Psychic,HelpingHand,FollowMe,TrickRoom|||F|||50|,,,,,Fairy]Armarouge||LifeOrb|FlashFire|ArmorCannon,ExpandingForce,TrickRoom,Protect|||M|||50|,,,,,Psychic]Pelipper||FocusSash|Drizzle|Hurricane,WeatherBall,Tailwind,Protect|||F|||50|,,,,,Stellar]Araquanid||MysticWater|WaterBubble|Liquidation,Infestation,WideGuard,Protect|||F|||50|,,,,,Water]Archaludon||PowerHerb|Sturdy|ElectroShot,DragonPulse,FlashCannon,Protect|||M|||50|,,,,,Stellar]Sneasler||PsychicSeed|Unburden|DireClaw,CloseCombat,ThroatChop,Protect|||F|||50|,,,,,Dark
|inactive|Battle timer is ON: inactive players will automatically lose when time's up. (requested by ultrog)
|inactive|Imaginary Iris has 60 seconds left.
|inactive|ultrog has 60 seconds left.
|inactive|ultrog has 30 seconds left.
|
|t:|1757815451
|teamsize|p1|4
|teamsize|p2|4
|start
|switch|p1a: Ninetales|Ninetales-Alola, L50, F, shiny|100/100
|switch|p1b: Annihilape|Annihilape, L50, F, shiny|100/100
|switch|p2a: Indeedee|Indeedee-F, L50, F|100/100
|switch|p2b: Armarouge|Armarouge, L50, M|100/100
|-weather|Snowscape|[from] ability: Snow Warning|[of] p1a: Ninetales
|-fieldstart|move: Psychic Terrain|[from] ability: Psychic Surge|[of] p2a: Indeedee
|turn|1
|inactive|Imaginary Iris has 30 seconds left.
|inactive|Imaginary Iris has 20 seconds left.
|inactive|Imaginary Iris has 15 seconds left.
|inactive|Imaginary Iris has 10 seconds left.
|inactive|Imaginary Iris has 5 seconds left.
|
|t:|1757815504
|switch|p1b: Gholdengo|Gholdengo, L50|100/100
|move|p2a: Indeedee|Follow Me|p2a: Indeedee
|-singleturn|p2a: Indeedee|move: Follow Me
|move|p1a: Ninetales|Aurora Veil|p1a: Ninetales
|-sidestart|p1: Imaginary Iris|move: Aurora Veil
|move|p2b: Armarouge|Trick Room|p2b: Armarouge
|-fieldstart|move: Trick Room|[of] p2b: Armarouge
|
|-weather|Snowscape|[upkeep]
|upkeep
|turn|2
|inactive|Imaginary Iris has 30 seconds left.
|inactive|Imaginary Iris has 20 seconds left.
|inactive|Imaginary Iris has 15 seconds left.
|
|t:|1757815549
|switch|p1a: Rillaboom|Rillaboom, L50, F, shiny|100/100
|-fieldstart|move: Grassy Terrain|[from] ability: Grassy Surge|[of] p1a: Rillaboom
|-terastallize|p2b: Armarouge|Psychic
|-terastallize|p1b: Gholdengo|Water
|move|p2a: Indeedee|Psychic|p1a: Rillaboom
|-damage|p1a: Rillaboom|77/100
|move|p2b: Armarouge|Expanding Force|p1a: Rillaboom
|-damage|p1a: Rillaboom|16/100
|-damage|p2b: Armarouge|91/100|[from] item: Life Orb
|move|p1b: Gholdengo|Nasty Plot|p1b: Gholdengo
|-boost|p1b: Gholdengo|spa|2
|
|-weather|Snowscape|[upkeep]
|-heal|p1a: Rillaboom|22/100|[from] Grassy Terrain
|-heal|p2b: Armarouge|97/100|[from] Grassy Terrain
|upkeep
|turn|3
|inactive|Imaginary Iris has 30 seconds left.
|inactive|ultrog has 30 seconds left.
|inactive|Imaginary Iris has 20 seconds left.
|inactive|Imaginary Iris has 15 seconds left.
|
|t:|1757815592
|move|p2b: Armarouge|Protect|p2b: Armarouge
|-singleturn|p2b: Armarouge|Protect
|move|p2a: Indeedee|Psychic|p1a: Rillaboom
|-damage|p1a: Rillaboom|0 fnt
|faint|p1a: Rillaboom
|move|p1b: Gholdengo|Make It Rain|p2a: Indeedee|[spread] p2a
|-activate|p2b: Armarouge|move: Protect
|-damage|p2a: Indeedee|0 fnt
|-unboost|p1b: Gholdengo|spa|1
|faint|p2a: Indeedee
|-damage|p1b: Gholdengo|91/100|[from] item: Life Orb
|
|-weather|Snowscape|[upkeep]
|-heal|p2b: Armarouge|100/100|[from] Grassy Terrain
|-heal|p1b: Gholdengo|97/100|[from] Grassy Terrain
|upkeep
|
|t:|1757815607
|switch|p2a: Archaludon|Archaludon, L50, M, shiny|100/100
|switch|p1a: Ninetales|Ninetales-Alola, L50, F, shiny|100/100
|turn|4
|inactive|ultrog has 30 seconds left.
|
|t:|1757815634
|move|p1b: Gholdengo|Protect|p1b: Gholdengo
|-singleturn|p1b: Gholdengo|Protect
|move|p2b: Armarouge|Expanding Force|p1a: Ninetales
|-damage|p1a: Ninetales|43/100
|-damage|p2b: Armarouge|91/100|[from] item: Life Orb
|move|p2a: Archaludon|Electro Shot||[still]
|-prepare|p2a: Archaludon|Electro Shot
|-boost|p2a: Archaludon|spa|1
|-enditem|p2a: Archaludon|Power Herb
|-anim|p2a: Archaludon|Electro Shot|p1b: Gholdengo
|-activate|p1b: Gholdengo|move: Protect
|move|p1a: Ninetales|Blizzard|p2b: Armarouge|[spread] p2a,p2b
|-damage|p2a: Archaludon|51/100
|-damage|p2b: Armarouge|46/100
|-status|p2a: Archaludon|frz
|
|-weather|Snowscape|[upkeep]
|-heal|p2b: Armarouge|52/100|[from] Grassy Terrain
|-heal|p1b: Gholdengo|100/100|[from] Grassy Terrain
|-heal|p2a: Archaludon|57/100 frz|[from] Grassy Terrain
|-heal|p1a: Ninetales|49/100|[from] Grassy Terrain
|upkeep
|turn|5
|inactive|ultrog has 30 seconds left.
|inactive|ultrog has 20 seconds left.
|
|t:|1757815672
|move|p2b: Armarouge|Expanding Force|p1b: Gholdengo
|-damage|p1b: Gholdengo|44/100
|-damage|p2b: Armarouge|42/100|[from] item: Life Orb
|move|p1b: Gholdengo|Make It Rain|p2b: Armarouge|[spread] p2a,p2b
|-resisted|p2a: Archaludon
|-crit|p2b: Armarouge
|-damage|p2a: Archaludon|0 fnt
|-damage|p2b: Armarouge|0 fnt
|-unboost|p1b: Gholdengo|spa|1
|faint|p2a: Archaludon
|faint|p2b: Armarouge
|-damage|p1b: Gholdengo|35/100|[from] item: Life Orb
|move|p1a: Ninetales|Blizzard|p2: Archaludon|[notarget]
|-fail|p1a: Ninetales
|
|-weather|none
|-heal|p1b: Gholdengo|41/100|[from] Grassy Terrain
|-heal|p1a: Ninetales|56/100|[from] Grassy Terrain
|-sideend|p1: Imaginary Iris|move: Aurora Veil
|-fieldend|move: Trick Room
|upkeep
|-message|ultrog forfeited.
|
|win|Imaginary Iris
|l|☆ultrog
|player|p2|
||Imaginary Iris is ready for game 2.
||ultrog is ready for game 2.
|uhtml|next|Next: Game 2 of 3
