|j|☆sorecruiser
|j|☆jar55
|html|sorecruiserjar55    
|uhtml|bestof|Game 1 of a best-of-3
|t:|1756932656
|gametype|doubles
|player|p1|sorecruiser|furisodegirl-black|1072
|player|p2|jar55|bugsy|1035
|gen|9
|tier|[Gen 9] VGC 2025 Reg H (Bo3)
|rated|
|rule|Species Clause: Limit one of each Pokémon
|rule|Item Clause: Limit 1 of each item
|clearpoke
|poke|p1|Gholdengo, L50|
|poke|p1|Whimsicott, L50, M|
|poke|p1|Sneasler, L50, M|
|poke|p1|Basculegion, L50, M|
|poke|p1|Hydreigon, L50, M|
|poke|p1|Magmar, L50, M|
|poke|p2|Gengar, L50, F|
|poke|p2|Porygon2, L50|
|poke|p2|Gothitelle, L50, M|
|poke|p2|Rillaboom, L50, M|
|poke|p2|Amoonguss, L50, F|
|poke|p2|Ursaluna, L50, F|
|teampreview|4
|showteam|p1|Gholdengo||MetalCoat|GoodasGold|MakeItRain,ShadowBall,NastyPlot,Protect||||||50|,,,,,Steel]Whimsicott||CovertCloak|Prankster|Tailwind,Encore,FakeTears,Moonblast|||M|||50|,,,,,Dark]Sneasler||FocusSash|PoisonTouch|Protect,CloseCombat,DireClaw,ThroatChop|||M|||50|,,,,,Dark]Basculegion||ChoiceScarf|Adaptability|LastRespects,WaveCrash,AquaJet,FlipTurn|||M|||50|,,,,,Ghost]Hydreigon||ChoiceSpecs|Levitate|DarkPulse,DracoMeteor,Snarl,HeatWave|||M|||50|,,,,,Fire]Magmar||Eviolite|VitalSpirit|Protect,FollowMe,HeatWave,Taunt|||M|||50|,,,,,Water
|showteam|p2|Gengar||FocusSash|CursedBody|ShadowBall,SludgeBomb,Encore,PerishSong|||F|||50|,,,,,Ghost]Porygon2||Eviolite|Download|IceBeam,TeraBlast,TrickRoom,Recover||||||50|,,,,,Fighting]Gothitelle||SitrusBerry|ShadowTag|FakeOut,Psychic,TrickRoom,Protect|||M|||50|,,,,,Dark]Rillaboom||AssaultVest|GrassySurge|FakeOut,WoodHammer,GrassyGlide,Uturn|||M|||50|,,,,,Fire]Amoonguss||RockyHelmet|Regenerator|Spore,PollenPuff,RagePowder,Protect|||F|||50|,,,,,Water]Ursaluna||FlameOrb|Guts|Facade,HeadlongRush,Earthquake,Protect|||F|||50|,,,,,Ghost
|
|t:|1756932712
|teamsize|p1|4
|teamsize|p2|4
|start
|switch|p1a: Gholdengo|Gholdengo, L50|100/100
|switch|p1b: Hydreigon|Hydreigon, L50, M|100/100
|switch|p2a: Gengar|Gengar, L50, F|100/100
|switch|p2b: Porygon2|Porygon2, L50|100/100
|-ability|p2b: Porygon2|Download|boost
|-boost|p2b: Porygon2|spa|1
|turn|1
|inactive|Battle timer is ON: inactive players will automatically lose when time's up. (requested by jar55)
|inactive|jar55 has 60 seconds left.
|inactive|sorecruiser has 60 seconds left.
|
|t:|1756932751
|-terastallize|p1a: Gholdengo|Steel
|move|p2a: Gengar|Shadow Ball|p1a: Gholdengo
|-damage|p1a: Gholdengo|52/100
|move|p1b: Hydreigon|Dark Pulse|p2a: Gengar
|-supereffective|p2a: Gengar
|-crit|p2a: Gengar
|-enditem|p2a: Gengar|Focus Sash
|-damage|p2a: Gengar|1/100
|move|p1a: Gholdengo|Make It Rain|p2b: Porygon2|[spread] p2a,p2b
|-damage|p2a: Gengar|0 fnt
|-damage|p2b: Porygon2|62/100
|-unboost|p1a: Gholdengo|spa|1
|faint|p2a: Gengar
|move|p2b: Porygon2|Ice Beam|p1b: Hydreigon
|-supereffective|p1b: Hydreigon
|-damage|p1b: Hydreigon|23/100
|
|upkeep
|
|t:|1756932773
|switch|p2a: Gothitelle|Gothitelle, L50, M|100/100
|turn|2
|inactive|jar55 has 30 seconds left.
|
|t:|1756932807
|move|p2a: Gothitelle|Fake Out|p1b: Hydreigon
|-damage|p1b: Hydreigon|16/100
|cant|p1b: Hydreigon|flinch
|move|p1a: Gholdengo|Nasty Plot|p1a: Gholdengo
|-boost|p1a: Gholdengo|spa|2
|move|p2b: Porygon2|Trick Room|p2b: Porygon2
|-fieldstart|move: Trick Room|[of] p2b: Porygon2
|
|upkeep
|turn|3
|inactive|jar55 has 30 seconds left.
|inactive|sorecruiser has 30 seconds left.
|
|t:|1756932841
|-terastallize|p2b: Porygon2|Fighting
|move|p2a: Gothitelle|Protect|p2a: Gothitelle
|-singleturn|p2a: Gothitelle|Protect
|move|p2b: Porygon2|Tera Blast|p1a: Gholdengo|[anim] Tera Blast Fighting
|-supereffective|p1a: Gholdengo
|-damage|p1a: Gholdengo|0 fnt
|faint|p1a: Gholdengo
|move|p1b: Hydreigon|Dark Pulse|p2a: Gothitelle
|-activate|p2a: Gothitelle|move: Protect
|
|upkeep
|
|t:|1756932844
|switch|p1a: Sneasler|Sneasler, L50, M|100/100
|turn|4
|
|t:|1756932860
|move|p1a: Sneasler|Protect|p1a: Sneasler
|-singleturn|p1a: Sneasler|Protect
|move|p2b: Porygon2|Ice Beam|p1b: Hydreigon
|-supereffective|p1b: Hydreigon
|-damage|p1b: Hydreigon|0 fnt
|faint|p1b: Hydreigon
|move|p2a: Gothitelle|Psychic|p1a: Sneasler
|-activate|p1a: Sneasler|move: Protect
|
|upkeep
|
|t:|1756932869
|switch|p1b: Basculegion|Basculegion, L50, M|100/100
|turn|5
|
|t:|1756932887
|move|p2b: Porygon2|Recover|p2b: Porygon2
|-heal|p2b: Porygon2|100/100
|move|p2a: Gothitelle|Psychic|p1a: Sneasler
|-supereffective|p1a: Sneasler
|-enditem|p1a: Sneasler|Focus Sash
|-damage|p1a: Sneasler|1/100
|move|p1a: Sneasler|Dire Claw|p2b: Porygon2
|-damage|p2b: Porygon2|74/100
|move|p1b: Basculegion|Wave Crash|p2b: Porygon2
|-damage|p2b: Porygon2|28/100
|-damage|p1b: Basculegion|86/100|[from] Recoil
|
|upkeep
|turn|6
|inactive|jar55 has 30 seconds left.
|
|t:|1756932916
|move|p1a: Sneasler|Protect|p1a: Sneasler
|-singleturn|p1a: Sneasler|Protect
|move|p2b: Porygon2|Ice Beam|p1b: Basculegion
|-resisted|p1b: Basculegion
|-damage|p1b: Basculegion|66/100
|move|p2a: Gothitelle|Psychic|p1a: Sneasler
|-activate|p1a: Sneasler|move: Protect
|move|p1b: Basculegion|Wave Crash|p2b: Porygon2
|-damage|p2b: Porygon2|0 fnt
|faint|p2b: Porygon2
|-damage|p1b: Basculegion|57/100|[from] Recoil
|
|-fieldend|move: Trick Room
|upkeep
|
|t:|1756932919
|switch|p2b: Ursaluna|Ursaluna, L50, F|100/100
|turn|7
|inactive|sorecruiser has 30 seconds left.
|inactive|jar55 has 30 seconds left.
|
|t:|1756932949
|move|p2b: Ursaluna|Protect|p2b: Ursaluna
|-singleturn|p2b: Ursaluna|Protect
|move|p1b: Basculegion|Wave Crash|p2b: Ursaluna
|-activate|p2b: Ursaluna|move: Protect
|move|p1a: Sneasler|Dire Claw|p2a: Gothitelle
|-damage|p2a: Gothitelle|56/100
|move|p2a: Gothitelle|Trick Room|p2a: Gothitelle
|-fieldstart|move: Trick Room|[of] p2a: Gothitelle
|
|-status|p2b: Ursaluna|brn|[from] item: Flame Orb
|upkeep
|turn|8
|
|t:|1756932964
|move|p2b: Ursaluna|Headlong Rush|p1b: Basculegion
|-damage|p1b: Basculegion|0 fnt
|-unboost|p2b: Ursaluna|def|1
|-unboost|p2b: Ursaluna|spd|1
|faint|p1b: Basculegion
|move|p2a: Gothitelle|Psychic|p1a: Sneasler
|-supereffective|p1a: Sneasler
|-damage|p1a: Sneasler|0 fnt
|faint|p1a: Sneasler
|
|win|jar55
