|j|☆iiFWM
|j|☆uglybeast
|html|iiFWMuglybeast    
|uhtml|bestof|Game 2 of a best-of-3
|t:|1756050955
|gametype|doubles
|player|p1|iiFWM|cyrus|1299
|player|p2|uglybeast|lucas-gen4pt|1323
|gen|9
|tier|[Gen 9] VGC 2025 Reg H (Bo3)
|rated|
|rule|Species Clause: Limit one of each Pokémon
|rule|Item Clause: Limit 1 of each item
|clearpoke
|poke|p1|Gholdengo, L50|
|poke|p1|Sneasler, L50, M|
|poke|p1|Rillaboom, L50, M|
|poke|p1|Dragonite, L50, F|
|poke|p1|Ninetales-Alola, L50, F|
|poke|p1|Arcanine-Hisui, L50, F|
|poke|p2|Murkrow, L50, F|
|poke|p2|Ursaluna-Bloodmoon, L50, M|
|poke|p2|Sneasler, L50, F|
|poke|p2|Dragapult, L50, F|
|poke|p2|Armarouge, L50, F|
|poke|p2|Indeedee-F, L50, F|
|teampreview|4
|showteam|p1|Gholdengo||GrassySeed|GoodasGold|NastyPlot,MakeItRain,ShadowBall,Protect||||||50|,,,,,Water]Sneasler||WhiteHerb|Unburden|CloseCombat,DireClaw,Coaching,Protect|||M|||50|,,,,,Ghost]Rillaboom||AssaultVest|GrassySurge|FakeOut,GrassyGlide,DrumBeating,HighHorsepower|||M|||50|,,,,,Fire]Dragonite||LoadedDice|Multiscale|ScaleShot,StompingTantrum,Tailwind,Protect|||F|||50|,,,,,Steel]Ninetales-Alola||FocusSash|SnowWarning|Blizzard,IcyWind,Encore,AuroraVeil|||F|||50|,,,,,Ghost]Arcanine-Hisui||ClearAmulet|Intimidate|RockSlide,FlareBlitz,ExtremeSpeed,Protect|||F|||50|,,,,,Water
|showteam|p2|Murkrow||Eviolite|Prankster|Haze,SunnyDay,Tailwind,BraveBird|||F|||50|,,,,,Ghost]Ursaluna-Bloodmoon||LifeOrb|MindsEye|BloodMoon,HyperVoice,Protect,EarthPower|||M|||50|,,,,,Normal]Sneasler||PsychicSeed|Unburden|ThroatChop,DireClaw,CloseCombat,Protect|||F|||50|,,,,,Dark]Dragapult||ChoiceBand|ClearBody|DragonDarts,Outrage,Uturn,PhantomForce|||F|||50|,,,,,Dragon]Armarouge||PowerHerb|FlashFire|HeatWave,MeteorBeam,ExpandingForce,Protect|||F|||50|,,,,,Grass]Indeedee-F||RockyHelmet|PsychicSurge|DazzlingGleam,FollowMe,HelpingHand,TrickRoom|||F|||50|,,,,,Grass
|inactive|Battle timer is ON: inactive players will automatically lose when time's up. (requested by iiFWM)
|
|t:|1756050971
|teamsize|p1|4
|teamsize|p2|4
|start
|switch|p1a: Ninetales|Ninetales-Alola, L50, F, shiny|100/100
|switch|p1b: Arcanine|Arcanine-Hisui, L50, F|100/100
|switch|p2a: Kwstas|Murkrow, L50, F|100/100
|switch|p2b: Giandam|Armarouge, L50, F|100/100
|-weather|Snowscape|[from] ability: Snow Warning|[of] p1a: Ninetales
|-ability|p1b: Arcanine|Intimidate|boost
|-unboost|p2a: Kwstas|atk|1
|-unboost|p2b: Giandam|atk|1
|turn|1
|inactive|uglybeast has 30 seconds left.
|
|t:|1756051001
|-terastallize|p2b: Giandam|Grass
|move|p2a: Kwstas|Sunny Day|p2a: Kwstas
|-weather|SunnyDay
|move|p1a: Ninetales|Blizzard|p2b: Giandam|[spread] p2a,p2b
|-supereffective|p2a: Kwstas
|-supereffective|p2b: Giandam
|-damage|p2a: Kwstas|25/100
|-damage|p2b: Giandam|10/100
|move|p1b: Arcanine|Rock Slide|p2b: Giandam|[spread] p2b
|-miss|p1b: Arcanine|p2a: Kwstas
|-damage|p2b: Giandam|0 fnt
|faint|p2b: Giandam
|
|-weather|SunnyDay|[upkeep]
|upkeep
|
|t:|1756051019
|switch|p2b: Anagnoman|Sneasler, L50, F|100/100
|turn|2
|
|t:|1756051043
|switch|p2a: Blade|Indeedee-F, L50, F|100/100
|-fieldstart|move: Psychic Terrain|[from] ability: Psychic Surge|[of] p2a: Blade
|-enditem|p2b: Anagnoman|Psychic Seed
|-boost|p2b: Anagnoman|spd|1|[from] item: Psychic Seed
|move|p1b: Arcanine|Extreme Speed|p2a: Blade
|-activate|p2a: Blade|move: Psychic Terrain
|move|p2b: Anagnoman|Dire Claw|p1a: Ninetales
|-supereffective|p1a: Ninetales
|-enditem|p1a: Ninetales|Focus Sash
|-damage|p1a: Ninetales|1/100
|-status|p1a: Ninetales|slp
|cant|p1a: Ninetales|slp
|
|-weather|SunnyDay|[upkeep]
|upkeep
|turn|3
|inactive|uglybeast has 30 seconds left.
|
|t:|1756051069
|move|p1b: Arcanine|Protect|p1b: Arcanine
|-singleturn|p1b: Arcanine|Protect
|move|p2b: Anagnoman|Close Combat|p1b: Arcanine
|-activate|p1b: Arcanine|move: Protect
|cant|p1a: Ninetales|slp
|move|p2a: Blade|Dazzling Gleam|p1b: Arcanine|[spread] p1a
|-activate|p1b: Arcanine|move: Protect
|-damage|p1a: Ninetales|0 fnt
|faint|p1a: Ninetales
|
|-weather|SunnyDay|[upkeep]
|upkeep
|
|t:|1756051077
|switch|p1a: Rillaboom|Rillaboom, L50, M|100/100
|-fieldstart|move: Grassy Terrain|[from] ability: Grassy Surge|[of] p1a: Rillaboom
|turn|4
|inactive|iiFWM has 30 seconds left.
|
|t:|1756051103
|switch|p2a: Kwstas|Murkrow, L50, F|25/100
|-terastallize|p1b: Arcanine|Water
|move|p2b: Anagnoman|Protect|p2b: Anagnoman
|-singleturn|p2b: Anagnoman|Protect
|move|p1b: Arcanine|Flare Blitz|p2a: Kwstas
|-damage|p2a: Kwstas|0 fnt
|faint|p2a: Kwstas
|-damage|p1b: Arcanine|93/100|[from] Recoil
|move|p1a: Rillaboom|Drum Beating|p2b: Anagnoman
|-activate|p2b: Anagnoman|move: Protect
|
|-weather|SunnyDay|[upkeep]
|-heal|p1b: Arcanine|99/100|[from] Grassy Terrain
|upkeep
|
|t:|1756051114
|switch|p2a: Blade|Indeedee-F, L50, F|100/100
|-fieldstart|move: Psychic Terrain|[from] ability: Psychic Surge|[of] p2a: Blade
|turn|5
|
|t:|1756051134
|move|p2a: Blade|Helping Hand|p2b: Anagnoman
|-singleturn|p2b: Anagnoman|Helping Hand|[of] p2a: Blade
|move|p2b: Anagnoman|Dire Claw|p1b: Arcanine
|-damage|p1b: Arcanine|12/100
|-status|p1b: Arcanine|psn
|move|p1b: Arcanine|Flare Blitz|p2a: Blade
|-damage|p2a: Blade|15/100
|-damage|p1b: Arcanine|0 fnt|[from] item: Rocky Helmet|[of] p2a: Blade
|faint|p1b: Arcanine
|move|p1a: Rillaboom|Drum Beating|p2a: Blade
|-damage|p2a: Blade|0 fnt
|faint|p2a: Blade
|
|-weather|none
|upkeep
|
|t:|1756051145
|switch|p1b: Dragonite|Dragonite, L50, F|100/100
|turn|6
|
|t:|1756051165
|move|p2b: Anagnoman|Dire Claw|p1a: Rillaboom
|-supereffective|p1a: Rillaboom
|-damage|p1a: Rillaboom|4/100
|-status|p1a: Rillaboom|slp
|cant|p1a: Rillaboom|slp
|move|p1b: Dragonite|Stomping Tantrum|p2b: Anagnoman
|-supereffective|p2b: Anagnoman
|-damage|p2b: Anagnoman|0 fnt
|faint|p2b: Anagnoman
|
|win|iiFWM
|raw|iiFWM's rating: 1299 → 1326(+27 for winning)
|raw|uglybeast's rating: 1323 → 1302(-21 for losing)
