|j|☆2whitefl
|j|☆Sincubii
|html|2whiteflSincubii    
|uhtml|bestof|Game 2 of a best-of-3
|t:|1757675435
|gametype|doubles
|player|p1|2whitefl|blue|1208
|player|p2|Sincubii|palmer|1208
|gen|9
|tier|[Gen 9] VGC 2025 Reg H (Bo3)
|rated|
|rule|Species Clause: Limit one of each Pokémon
|rule|Item Clause: Limit 1 of each item
|clearpoke
|poke|p1|Corviknight, L50, M|
|poke|p1|Gholdengo, L50|
|poke|p1|Raichu, L50, F|
|poke|p1|Rillaboom, L50, M|
|poke|p1|Annihilape, L50, M|
|poke|p1|Maushold, L50|
|poke|p2|Weavile, L50, M|
|poke|p2|Weezing-Galar, L50, M|
|poke|p2|Rotom-Heat, L50|
|poke|p2|Tyranitar, L50, M|
|poke|p2|Primarina, L50, M|
|poke|p2|Rillaboom, L50, M|
|teampreview|4
|showteam|p1|Corviknight||SitrusBerry|MirrorArmor|BraveBird,Tailwind,BulkUp,Roost|||M|||50|,,,,,Water]Gholdengo||LifeOrb|GoodasGold|MakeItRain,ShadowBall,NastyPlot,Protect||||||50|,,,,,Water]Raichu||FocusSash|Static|FakeOut,Electroweb,Feint,Protect|||F|||50|,,,,,Ghost]Rillaboom||AssaultVest|GrassySurge|FakeOut,GrassyGlide,HighHorsepower,WoodHammer|||M|||50|,,,,,Fire]Annihilape||Leftovers|Defiant|RageFist,DrainPunch,BulkUp,Protect|||M|||50|,,,,,Fire]Maushold||SafetyGoggles|FriendGuard|SuperFang,BeatUp,FollowMe,Protect||||||50|,,,,,Ghost
|showteam|p2|Weavile||LifeOrb|Pressure|FakeOut,IceSpinner,KnockOff,LowKick|||M|||50|,,,,,Ghost]Weezing-Galar||SafetyGoggles|NeutralizingGas|StrangeSteam,WillOWisp,Taunt,Protect|||M|||50|,,,,,Fire]Rotom-Heat||ChoiceScarf|Levitate|Electroweb,VoltSwitch,Trick,Overheat||||||50|,,,,,Electric]Tyranitar||AssaultVest|SandStream|KnockOff,RockSlide,TeraBlast,LowKick|||M|||50|,,,,,Flying]Primarina||ThroatSpray|LiquidVoice|HyperVoice,Moonblast,Haze,Protect|||M|||50|,,,,,Poison]Rillaboom||MiracleSeed|GrassySurge|WoodHammer,GrassyGlide,FakeOut,Uturn|||M|||50|,,,,,Grass
|inactive|Battle timer is ON: inactive players will automatically lose when time's up. (requested by 2whitefl)
|inactive|2whitefl has 60 seconds left.
|inactive|Sincubii has 60 seconds left.
|
|t:|1757675479
|teamsize|p1|4
|teamsize|p2|4
|start
|switch|p1a: Raichu|Raichu, L50, F|100/100
|switch|p1b: Gholdengo|Gholdengo, L50|100/100
|switch|p2a: Rotom|Rotom-Heat, L50|100/100
|switch|p2b: Weezing|Weezing-Galar, L50, M|100/100
|-ability|p2b: Weezing|Neutralizing Gas
|turn|1
|
|t:|1757675503
|-end|p2b: Weezing|ability: Neutralizing Gas
|switch|p2b: Rillaboom|Rillaboom, L50, M|100/100
|-fieldstart|move: Grassy Terrain|[from] ability: Grassy Surge|[of] p2b: Rillaboom
|move|p1a: Raichu|Fake Out|p2a: Rotom
|-damage|p2a: Rotom|90/100
|cant|p2a: Rotom|flinch
|move|p1b: Gholdengo|Nasty Plot|p1b: Gholdengo
|-boost|p1b: Gholdengo|spa|2
|
|upkeep
|turn|2
|
|t:|1757675527
|-terastallize|p1a: Raichu|Ghost
|move|p1b: Gholdengo|Protect|p1b: Gholdengo
|-singleturn|p1b: Gholdengo|Protect
|move|p2b: Rillaboom|Grassy Glide|p1b: Gholdengo
|-activate|p1b: Gholdengo|move: Protect
|move|p2a: Rotom|Overheat|p1b: Gholdengo
|-activate|p1b: Gholdengo|move: Protect
|move|p1a: Raichu|Electroweb|p2b: Rillaboom|[spread] p2a,p2b
|-resisted|p2a: Rotom
|-resisted|p2b: Rillaboom
|-damage|p2a: Rotom|80/100
|-damage|p2b: Rillaboom|91/100
|-unboost|p2a: Rotom|spe|1
|-unboost|p2b: Rillaboom|spe|1
|
|-heal|p2b: Rillaboom|97/100|[from] Grassy Terrain
|upkeep
|turn|3
|inactive|Sincubii has 30 seconds left.
|
|t:|1757675558
|switch|p2a: Weavile|Weavile, L50, M|100/100
|-ability|p2a: Weavile|Pressure
|move|p1a: Raichu|Electroweb|p2a: Weavile|[spread] p2a,p2b
|-resisted|p2b: Rillaboom
|-damage|p2a: Weavile|78/100
|-damage|p2b: Rillaboom|88/100
|-unboost|p2a: Weavile|spe|1
|-unboost|p2b: Rillaboom|spe|1
|move|p1b: Gholdengo|Shadow Ball|p2a: Weavile
|-resisted|p2a: Weavile
|-damage|p2a: Weavile|9/100
|-damage|p1b: Gholdengo|91/100|[from] item: Life Orb
|move|p2b: Rillaboom|U-turn|p1a: Raichu
|-resisted|p1a: Raichu
|-damage|p1a: Raichu|73/100
|
|t:|1757675570
|switch|p2b: Rotom|Rotom-Heat, L50|80/100|[from] U-turn
|
|-heal|p1a: Raichu|78/100|[from] Grassy Terrain
|-heal|p1b: Gholdengo|97/100|[from] Grassy Terrain
|-heal|p2a: Weavile|16/100|[from] Grassy Terrain
|upkeep
|turn|4
|
|t:|1757675586
|move|p1b: Gholdengo|Protect|p1b: Gholdengo
|-singleturn|p1b: Gholdengo|Protect
|move|p2b: Rotom|Electroweb|p1a: Raichu|[spread] p1a
|-activate|p1b: Gholdengo|move: Protect
|-damage|p1a: Raichu|48/100
|-unboost|p1a: Raichu|spe|1
|move|p2a: Weavile|Knock Off|p1b: Gholdengo
|-activate|p1b: Gholdengo|move: Protect
|move|p1a: Raichu|Electroweb|p2b: Rotom|[spread] p2a,p2b
|-resisted|p2b: Rotom
|-damage|p2a: Weavile|0 fnt
|-damage|p2b: Rotom|69/100
|-unboost|p2b: Rotom|spe|1
|faint|p2a: Weavile
|
|-heal|p1b: Gholdengo|100/100|[from] Grassy Terrain
|-heal|p1a: Raichu|53/100|[from] Grassy Terrain
|upkeep
|
|t:|1757675591
|switch|p2a: Rillaboom|Rillaboom, L50, M|88/100
|turn|5
|-message|Sincubii forfeited.
|
|win|2whitefl
|raw|2whitefl's rating: 1208 → 1233(+25 for winning)
|raw|Sincubii's rating: 1208 → 1183(-25 for losing)
|l|☆Sincubii
|player|p2|
|l|☆2whitefl
|player|p1|
