|j|â˜†Valdens
|j|â˜†Discocardshark
|html|ValdensDiscocardshark    
|uhtml|bestof|Game 2 of a best-of-3
|t:|1756164819
|gametype|doubles
|player|p1|Valdens|ltsurge|
|player|p2|Discocardshark|1|
|gen|9
|tier|[Gen 9] VGC 2025 Reg H (Bo3)
|rule|Species Clause: Limit one of each PokÃ©mon
|rule|Item Clause: Limit 1 of each item
|clearpoke
|poke|p1|Sandslash-Alola, L50, M|
|poke|p1|Ninetales-Alola, L50, F|
|poke|p1|Indeedee-F, L50, F|
|poke|p1|Persian-Alola, L50, M|
|poke|p1|Arcanine-Hisui, L50, F|
|poke|p1|Hawlucha, L50, F|
|poke|p2|Farigiraf, L50, F|
|poke|p2|Torkoal, L50, F|
|poke|p2|Chandelure, L50, F|
|poke|p2|Lilligant-Hisui, L50, F|
|poke|p2|Krookodile, L50, M|
|poke|p2|Oricorio-Pom-Pom, L50, M|
|teampreview|4
|showteam|p1|Sandslash-Alola||FocusSash|SlushRush|SwordsDance,IceSpinner,BrickBreak,DrillRun|||M|||50|,,,,,Water]Ninetales-Alola||IciclePlate|SnowWarning|Blizzard,AuroraVeil,Hypnosis,Encore|||F|||50|,,,,,Water]Indeedee-F||RedCard|PsychicSurge|FollowMe,LightScreen,ShadowBall,HyperVoice|||F|||50|,,,,,Psychic]Persian-Alola||WideLens|FurCoat|FakeOut,PartingShot,Snarl,Hypnosis|||M|||50|,,,,,Poison]Arcanine-Hisui||AirBalloon|Intimidate|RockSlide,ExtremeSpeed,FlareBlitz,Roar|||F|||50|,,,,,Flying]Hawlucha||PsychicSeed|Unburden|SwordsDance,Acrobatics,RockSlide,CloseCombat|||F|||50|,,,,,Dark
|showteam|p2|Farigiraf||Leftovers|ArmorTail|HyperVoice,HelpingHand,AllySwitch,ExpandingForce|||F|||50|,,,,,Ghost]Torkoal||Charcoal|Drought|Eruption,EarthPower,Protect,Flamethrower|||F|||50|,,,,,Fire]Chandelure||AssaultVest|FlashFire|HeatWave,ShadowBall,EnergyBall,TeraBlast|||F|||50|,,,,,Steel]Lilligant-Hisui||FocusSash|Chlorophyll|LeafBlade,IceSpinner,BrickBreak,AfterYou|||F|||50|,,,,,Steel]Krookodile||ClearAmulet|Intimidate|HighHorsepower,KnockOff,FireFang,Protect|||M|||50|,,,,,Fire]Oricorio-Pom-Pom||SitrusBerry|Dancer|RevelationDance,AirSlash,IcyWind,Protect|||M|||50|,,,,,Steel
|j| ScoutFlower
|j| karratti
|
|t:|1756164888
|teamsize|p1|4
|teamsize|p2|4
|start
|switch|p1a: Ninetales|Ninetales-Alola, L50, F|100/100
|switch|p1b: Persian|Persian-Alola, L50, M|100/100
|switch|p2a: Kingeregnik|Farigiraf, L50, F|100/100
|switch|p2b: Ragathant|Lilligant-Hisui, L50, F|100/100
|-weather|Snowscape|[from] ability: Snow Warning|[of] p1a: Ninetales
|turn|1
|
|t:|1756164911
|switch|p2a: Bubboal|Torkoal, L50, F|100/100
|-weather|SunnyDay|[from] ability: Drought|[of] p2a: Bubboal
|move|p2b: Ragathant|Brick Break|p1b: Persian
|-supereffective|p1b: Persian
|-damage|p1b: Persian|34/100
|move|p1a: Ninetales|Blizzard|p2b: Ragathant|[spread] p2b
|-miss|p1a: Ninetales|p2a: Bubboal
|-supereffective|p2b: Ragathant
|-damage|p2b: Ragathant|9/100
|move|p1b: Persian|Snarl|p2b: Ragathant|[spread] p2a,p2b
|-resisted|p2b: Ragathant
|-damage|p2a: Bubboal|85/100
|-damage|p2b: Ragathant|0 fnt
|-unboost|p2a: Bubboal|spa|1
|faint|p2b: Ragathant
|
|-weather|SunnyDay|[upkeep]
|upkeep
|
|t:|1756164929
|switch|p2b: Kingeregnik|Farigiraf, L50, F|100/100
|turn|2
|
|t:|1756164945
|switch|p2a: Kainodile|Krookodile, L50, M|100/100
|-ability|p2a: Kainodile|Intimidate|boost
|-unboost|p1a: Ninetales|atk|1
|-unboost|p1b: Persian|atk|1
|move|p1b: Persian|Snarl|p2b: Kingeregnik|[spread] p2a,p2b
|-resisted|p2a: Kainodile
|-supereffective|p2b: Kingeregnik
|-damage|p2a: Kainodile|93/100
|-damage|p2b: Kingeregnik|76/100
|-unboost|p2b: Kingeregnik|spa|1
|move|p1a: Ninetales|Hypnosis|p2a: Kainodile|[miss]
|-miss|p1a: Ninetales|p2a: Kainodile
|move|p2b: Kingeregnik|Hyper Voice|p1a: Ninetales|[spread] p1a,p1b
|-damage|p1a: Ninetales|76/100
|-damage|p1b: Persian|5/100
|
|-weather|SunnyDay|[upkeep]
|-heal|p2b: Kingeregnik|82/100|[from] item: Leftovers
|upkeep
|turn|3
|
|t:|1756164971
|switch|p1a: Indeedee|Indeedee-F, L50, F|100/100
|-fieldstart|move: Psychic Terrain|[from] ability: Psychic Surge|[of] p1a: Indeedee
|move|p1b: Persian|Hypnosis|p2a: Kainodile|[miss]
|-miss|p1b: Persian|p2a: Kainodile
|move|p2a: Kainodile|Fire Fang|p1a: Indeedee
|-damage|p1a: Indeedee|53/100
|-enditem|p1a: Indeedee|Red Card|[of] p2a: Kainodile
|drag|p2a: Bubboal|Torkoal, L50, F|85/100
|move|p2b: Kingeregnik|Hyper Voice|p1a: Indeedee|[spread] p1a,p1b
|-damage|p1a: Indeedee|29/100
|-damage|p1b: Persian|0 fnt
|faint|p1b: Persian
|
|-weather|SunnyDay|[upkeep]
|-heal|p2b: Kingeregnik|88/100|[from] item: Leftovers
|upkeep
|
|t:|1756164976
|switch|p1b: Ninetales|Ninetales-Alola, L50, F|76/100
|-weather|Snowscape|[from] ability: Snow Warning|[of] p1b: Ninetales
|turn|4
|
|t:|1756164999
|-terastallize|p1b: Ninetales|Water
|move|p1b: Ninetales|Blizzard|p2a: Bubboal|[spread] p2a,p2b
|-resisted|p2a: Bubboal
|-damage|p2a: Bubboal|64/100
|-damage|p2b: Kingeregnik|57/100
|move|p1a: Indeedee|Light Screen|p1a: Indeedee
|-sidestart|p1: Valdens|move: Light Screen
|move|p2b: Kingeregnik|Expanding Force|p1b: Ninetales|[spread] p1a,p1b
|-resisted|p1a: Indeedee
|-damage|p1a: Indeedee|18/100
|-damage|p1b: Ninetales|51/100
|move|p2a: Bubboal|Eruption|p1b: Ninetales|[spread] p1a,p1b
|-resisted|p1b: Ninetales
|-damage|p1a: Indeedee|0 fnt
|-damage|p1b: Ninetales|38/100
|faint|p1a: Indeedee
|
|-weather|Snowscape|[upkeep]
|-heal|p2b: Kingeregnik|63/100|[from] item: Leftovers
|upkeep
|
|t:|1756165003
|switch|p1a: Sandslash|Sandslash-Alola, L50, M|100/100
|turn|5
|
|t:|1756165033
|switch|p2a: Kainodile|Krookodile, L50, M|93/100
|-ability|p2a: Kainodile|Intimidate|boost
|-unboost|p1a: Sandslash|atk|1
|-unboost|p1b: Ninetales|atk|1
|move|p2b: Kingeregnik|Ally Switch|p2b: Kingeregnik
|swap|p2b: Kingeregnik|0|[from] move: Ally Switch
|move|p1a: Sandslash|Swords Dance|p1a: Sandslash
|-boost|p1a: Sandslash|atk|2
|move|p1b: Ninetales|Hypnosis|p2a: Kingeregnik|[miss]
|-miss|p1b: Ninetales|p2a: Kingeregnik
|
|-weather|Snowscape|[upkeep]
|-heal|p2a: Kingeregnik|70/100|[from] item: Leftovers
|upkeep
|turn|6
|
|t:|1756165059
|switch|p2a: Bubboal|Torkoal, L50, F|64/100
|-weather|SunnyDay|[from] ability: Drought|[of] p2a: Bubboal
|-terastallize|p2b: Kainodile|Fire
|move|p1b: Ninetales|Hypnosis|p2a: Bubboal|[miss]
|-miss|p1b: Ninetales|p2a: Bubboal
|move|p2b: Kainodile|High Horsepower|p1a: Sandslash
|-supereffective|p1a: Sandslash
|-damage|p1a: Sandslash|24/100
|move|p1a: Sandslash|Ice Spinner|p2b: Kainodile
|-resisted|p2b: Kainodile
|-damage|p2b: Kainodile|60/100
|-fieldend|move: Psychic Terrain
|
|-weather|SunnyDay|[upkeep]
|upkeep
|turn|7
|
|t:|1756165094
|move|p1b: Ninetales|Hypnosis|p2b: Kainodile
|-status|p2b: Kainodile|slp|[from] move: Hypnosis
|cant|p2b: Kainodile|slp
|move|p1a: Sandslash|Drill Run|p2a: Bubboal
|-supereffective|p2a: Bubboal
|-damage|p2a: Bubboal|7/100
|move|p2a: Bubboal|Earth Power|p1b: Ninetales
|-damage|p1b: Ninetales|20/100
|
|-weather|SunnyDay|[upkeep]
|upkeep
|turn|8
|c|â˜†Discocardshark|oh man not like this
|c|â˜†Valdens|I think you're good
|
|t:|1756165150
|move|p2a: Bubboal|Protect|p2a: Bubboal
|-singleturn|p2a: Bubboal|Protect
|move|p1b: Ninetales|Blizzard|p2a: Bubboal|[spread] p2b
|-activate|p2a: Bubboal|move: Protect
|-resisted|p2b: Kainodile
|-damage|p2b: Kainodile|39/100 slp
|-curestatus|p2b: Kainodile|slp|[msg]
|move|p2b: Kainodile|Knock Off|p1a: Sandslash
|-damage|p1a: Sandslash|0 fnt
|-enditem|p1a: Sandslash|Focus Sash|[from] move: Knock Off|[of] p2b: Kainodile
|faint|p1a: Sandslash
|
|-weather|SunnyDay|[upkeep]
|-sideend|p1: Valdens|move: Light Screen
|upkeep
|turn|9
|c|â˜†Valdens|see!
|c|â˜†Discocardshark|called shot i see
|
|t:|1756165185
|move|p1b: Ninetales|Blizzard|p2a: Bubboal|[spread] p2a,p2b
|-resisted|p2a: Bubboal
|-resisted|p2b: Kainodile
|-damage|p2a: Bubboal|0 fnt
|-damage|p2b: Kainodile|20/100
|faint|p2a: Bubboal
|move|p2b: Kainodile|Knock Off|p1b: Ninetales
|-damage|p1b: Ninetales|0 fnt
|-enditem|p1b: Ninetales|Icicle Plate|[from] move: Knock Off|[of] p2b: Kainodile
|faint|p1b: Ninetales
|
|win|Discocardshark
|c|â˜†Valdens|ggs
|c|â˜†Discocardshark|ggs
|c|â˜†Discocardshark|i'll do the post
|c|â˜†Valdens|hell yeah
|l| ScoutFlower
|l| karratti
