|j|☆meepchat
|j|☆lettitripppp
|html|meepchatlettitripppp    
|uhtml|bestof|Game 2 of a best-of-3
|t:|1783114505
|gametype|doubles
|player|p1|meepchat|2|1221
|player|p2|lettitripppp|lucas|1237
|gen|9
|tier|[Gen 9 Champions] VGC 2026 Reg M-B (Bo3)
|rated|
|rule|Species Clause: Limit one of each Pokémon
|rule|Item Clause: Limit 1 of each item
|clearpoke
|poke|p1|Charizard, L50, F|
|poke|p1|Farigiraf, L50, M|
|poke|p1|Venusaur, L50, F|
|poke|p1|Garchomp, L50, F|
|poke|p1|Incineroar, L50, F|
|poke|p1|Sylveon, L50, M|
|poke|p2|Charizard, L50, M|
|poke|p2|Floette-Eternal, L50, F|
|poke|p2|Basculegion, L50, M, shiny|
|poke|p2|Garchomp, L50, F|
|poke|p2|Whimsicott, L50, M, shiny|
|poke|p2|Kingambit, L50, F|
|teampreview|4
|showteam|p1|Charizard||CharizarditeY|Blaze|HeatWave,WeatherBall,SolarBeam,Protect|Modest||F|||50|]Farigiraf||ColburBerry|ArmorTail|Psychic,Thunderbolt,HelpingHand,TrickRoom|Modest||M|||50|]Venusaur||FocusSash|Chlorophyll|LeafStorm,SludgeBomb,SleepPowder,Protect|Modest||F|||50|]Garchomp||LifeOrb|RoughSkin|RockSlide,DragonClaw,Earthquake,Protect|Jolly||F|||50|]Incineroar||SitrusBerry|Intimidate|FlareBlitz,DarkestLariat,PartingShot,FakeOut|Careful||F|||50|]Sylveon||FairyFeather|Pixilate|HyperVoice,HyperBeam,QuickAttack,Protect|Modest||M|||50|
|showteam|p2|Charizard||CharizarditeY|Blaze|WeatherBall,SolarBeam,HeatWave,Protect|Modest||M|||50|]Floette-Eternal||Floettite|FlowerVeil|DazzlingGleam,LightofRuin,Moonblast,Protect|Timid||F|||50|]Basculegion||MysticWater|Adaptability|LastRespects,WaveCrash,AquaJet,Protect|Adamant||M|||50|]Garchomp||LifeOrb|RoughSkin|DragonClaw,Earthquake,RockSlide,Protect|Jolly||F|||50|]Whimsicott||FocusSash|Prankster|Moonblast,Tailwind,Encore,Protect|Timid||M|||50|]Kingambit||OccaBerry|Defiant|KowtowCleave,SuckerPunch,IronHead,LowKick|Adamant||F|||50|
|inactive|Battle timer is ON: inactive players will automatically lose when time's up. (requested by lettitripppp)
|inactive|meepchat also wants the timer to be on.
|inactive|meepchat has 60 seconds left.
|
|t:|1783114544
|teamsize|p1|4
|teamsize|p2|4
|start
|switch|p1a: Incineroar|Incineroar, L50, F|100/100
|switch|p1b: Farigiraf|Farigiraf, L50, M|100/100
|switch|p2a: GHOSTWAVE|Basculegion, L50, M, shiny|100/100
|switch|p2b: LETS GO GO|Whimsicott, L50, M, shiny|100/100
|-ability|p1a: Incineroar|Intimidate|boost
|-unboost|p2a: GHOSTWAVE|atk|1
|-unboost|p2b: LETS GO GO|atk|1
|turn|1
|inactive|meepchat has 30 seconds left.
|
|t:|1783114569
|switch|p2b: CRUSH SHARK|Garchomp, L50, F|100/100
|switch|p1a: Garchomp|Garchomp, L50, F|100/100
|move|p2a: GHOSTWAVE|Wave Crash|p1a: Garchomp
|-damage|p1a: Garchomp|40/100
|-damage|p2a: GHOSTWAVE|87/100|[from] ability: Rough Skin|[of] p1a: Garchomp
|-damage|p2a: GHOSTWAVE|70/100|[from] Recoil
|move|p1b: Farigiraf|Trick Room|p1b: Farigiraf
|-fieldstart|move: Trick Room|[of] p1b: Farigiraf
|
|upkeep
|turn|2
|
|t:|1783114587
|switch|p1a: Incineroar|Incineroar, L50, F|100/100
|-ability|p1a: Incineroar|Intimidate|boost
|-unboost|p2a: GHOSTWAVE|atk|1
|-unboost|p2b: CRUSH SHARK|atk|1
|move|p1b: Farigiraf|Thunderbolt|p2a: GHOSTWAVE
|-supereffective|p2a: GHOSTWAVE|1
|-damage|p2a: GHOSTWAVE|5/100
|move|p2a: GHOSTWAVE|Wave Crash|p1a: Incineroar
|-supereffective|p1a: Incineroar|1
|-crit|p1a: Incineroar
|-damage|p1a: Incineroar|0 fnt
|faint|p1a: Incineroar
|-damage|p2a: GHOSTWAVE|0 fnt|[from] Recoil
|faint|p2a: GHOSTWAVE
|move|p2b: CRUSH SHARK|Dragon Claw|p1b: Farigiraf
|-damage|p1b: Farigiraf|61/100
|-damage|p2b: CRUSH SHARK|90/100|[from] item: Life Orb
|
|upkeep
|
|t:|1783114606
|switch|p1a: Charizard|Charizard, L50, F|100/100
|switch|p2a: AGNI|Charizard, L50, M|100/100
|turn|3
|
|t:|1783114612
|detailschange|p1a: Charizard|Charizard-Mega-Y, L50, F
|-mega|p1a: Charizard|Charizard|Charizardite Y
|-weather|SunnyDay|[from] ability: Drought|[of] p1a: Charizard
|detailschange|p2a: AGNI|Charizard-Mega-Y, L50, M
|-mega|p2a: AGNI|Charizard|Charizardite Y
|move|p1b: Farigiraf|Helping Hand|p1a: Charizard
|-singleturn|p1a: Charizard|Helping Hand|[of] p1b: Farigiraf
|move|p1a: Charizard|Weather Ball|p2b: CRUSH SHARK
|-resisted|p2b: CRUSH SHARK|1
|-damage|p2b: CRUSH SHARK|10/100
|move|p2a: AGNI|Weather Ball|p1b: Farigiraf
|-damage|p1b: Farigiraf|0 fnt
|faint|p1b: Farigiraf
|move|p2b: CRUSH SHARK|Rock Slide|p1a: Charizard|[miss]
|-miss|p2b: CRUSH SHARK|p1a: Charizard
|
|-weather|SunnyDay|[upkeep]
|upkeep
|
|t:|1783114616
|switch|p1b: Garchomp|Garchomp, L50, F|40/100
|turn|4
|
|t:|1783114635
|switch|p2b: LETS GO GO|Whimsicott, L50, M, shiny|100/100
|move|p1a: Charizard|Heat Wave|p2a: AGNI|[spread] p2b
|-miss|p1a: Charizard|p2a: AGNI
|-supereffective|p2b: LETS GO GO|1
|-enditem|p2b: LETS GO GO|Focus Sash
|-damage|p2b: LETS GO GO|1/100
|move|p2a: AGNI|Solar Beam||[still]
|-prepare|p2a: AGNI|Solar Beam
|-anim|p2a: AGNI|Solar Beam|p1b: Garchomp
|-damage|p1b: Garchomp|0 fnt
|faint|p1b: Garchomp
|
|-weather|SunnyDay|[upkeep]
|upkeep
|turn|5
|-message|meepchat forfeited.
|
|win|lettitripppp
||meepchat is ready for game 3.
||lettitripppp is ready for game 3.
|uhtml|next|Next: Game 3 of 3
