|j|☆thaduck
|j|☆SleepD2
|html|thaduckSleepD2    
|uhtml|bestof|Game 2 of a best-of-3
|t:|1783687430
|gametype|doubles
|player|p1|thaduck|morty|1251
|player|p2|SleepD2|1|1310
|gen|9
|tier|[Gen 9 Champions] VGC 2026 Reg M-B (Bo3)
|rated|
|rule|Species Clause: Limit one of each Pokémon
|rule|Item Clause: Limit 1 of each item
|clearpoke
|poke|p1|Delphox, L50, F|
|poke|p1|Sneasler, L50, M|
|poke|p1|Incineroar, L50, F|
|poke|p1|Sinistcha, L50|
|poke|p1|Blastoise, L50, F|
|poke|p1|Kingambit, L50, F|
|poke|p2|Basculegion, L50, M|
|poke|p2|Sylveon, L50, F|
|poke|p2|Hydreigon, L50, M|
|poke|p2|Venusaur, L50, M|
|poke|p2|Camerupt, L50, M|
|poke|p2|Farigiraf, L50, F|
|teampreview|4
|showteam|p1|Delphox||Delphoxite|Blaze|HeatWave,Psyshock,NastyPlot,Protect|Timid||F|||50|]Sneasler||FocusSash|PoisonTouch|QuickGuard,FakeOut,PoisonJab,CloseCombat|Jolly||M|||50|]Incineroar||SitrusBerry|Intimidate|FakeOut,PartingShot,HelpingHand,FlareBlitz|Impish||F|||50|]Sinistcha||OccaBerry|Hospitality|MatchaGotcha,RagePowder,TrickRoom,Protect|Bold|||||50|]Blastoise||Blastoisinite|RainDish|WaterSpout,DarkPulse,ShellSmash,Protect|Modest||F|||50|]Kingambit||BlackGlasses|Defiant|Protect,SwordsDance,KowtowCleave,SuckerPunch|Adamant||F|||50|
|showteam|p2|Basculegion||MysticWater|Adaptability|WaveCrash,AquaJet,LastRespects,Protect|Adamant||M|||50|]Sylveon||FairyFeather|Pixilate|Protect,HyperVoice,HyperBeam,QuickAttack|Modest||F|||50|]Hydreigon||ChoiceScarf|Levitate|Snarl,DarkPulse,HeatWave,DracoMeteor|Modest||M|||50|]Venusaur||LifeOrb|Chlorophyll|Protect,EarthPower,SludgeBomb,SleepPowder|Timid||M|||50|]Camerupt||Cameruptite|SolidRock|Protect,Eruption,EarthPower,AncientPower|Quiet||M|||50|]Farigiraf||SitrusBerry|ArmorTail|TrickRoom,Thunderbolt,Roar,Psychic|Bold||F|||50|
|inactive|Battle timer is ON: inactive players will automatically lose when time's up. (requested by SleepD2)
|
|t:|1783687453
|teamsize|p1|4
|teamsize|p2|4
|start
|switch|p1a: Incineroar|Incineroar, L50, F|100/100
|switch|p1b: Kingambit|Kingambit, L50, F|100/100
|switch|p2a: Basculegion|Basculegion, L50, M|100/100
|switch|p2b: Hydreigon|Hydreigon, L50, M|100/100
|-ability|p1a: Incineroar|Intimidate|boost
|-unboost|p2a: Basculegion|atk|1
|-unboost|p2b: Hydreigon|atk|1
|turn|1
|inactive|thaduck has 30 seconds left.
|
|t:|1783687485
|move|p1b: Kingambit|Sucker Punch|p2a: Basculegion
|-supereffective|p2a: Basculegion|1
|-damage|p2a: Basculegion|0 fnt
|faint|p2a: Basculegion
|move|p2b: Hydreigon|Heat Wave|p1a: Incineroar|[spread] p1a,p1b
|-resisted|p1a: Incineroar|1
|-supereffective|p1b: Kingambit|1
|-damage|p1a: Incineroar|89/100
|-damage|p1b: Kingambit|44/100
|move|p1a: Incineroar|Parting Shot|p2b: Hydreigon
|-unboost|p2b: Hydreigon|atk|1
|-unboost|p2b: Hydreigon|spa|1
|
|t:|1783687490
|switch|p1a: Sinistcha|Sinistcha, L50|100/100|[from] Parting Shot
|-heal|p1b: Kingambit|69/100|[from] ability: Hospitality|[of] p1a: Sinistcha
|
|upkeep
|
|t:|1783687494
|switch|p2a: Venusaur|Venusaur, L50, M|100/100
|turn|2
|
|t:|1783687505
|switch|p1a: Incineroar|Incineroar, L50, F|89/100
|-ability|p1a: Incineroar|Intimidate|boost
|-unboost|p2a: Venusaur|atk|1
|-unboost|p2b: Hydreigon|atk|1
|move|p1b: Kingambit|Protect|p1b: Kingambit
|-singleturn|p1b: Kingambit|Protect
|move|p2b: Hydreigon|Heat Wave|p1a: Incineroar|[spread] 
|-activate|p1b: Kingambit|move: Protect
|-miss|p2b: Hydreigon|p1a: Incineroar
|move|p2a: Venusaur|Sludge Bomb|p1a: Incineroar
|-damage|p1a: Incineroar|52/100
|-damage|p2a: Venusaur|90/100|[from] item: Life Orb
|
|upkeep
|turn|3
|inactive|thaduck has 30 seconds left.
|inactive|thaduck has 20 seconds left.
|
|t:|1783687542
|move|p2a: Venusaur|Protect|p2a: Venusaur
|-singleturn|p2a: Venusaur|Protect
|move|p1a: Incineroar|Fake Out|p2b: Hydreigon
|-damage|p2b: Hydreigon|87/100
|cant|p2b: Hydreigon|flinch
|move|p1b: Kingambit|Swords Dance|p1b: Kingambit
|-boost|p1b: Kingambit|atk|2
|
|upkeep
|turn|4
|
|t:|1783687560
|switch|p2b: Farigiraf|Farigiraf, L50, F|100/100
|move|p1b: Kingambit|Sucker Punch||[still]
|cant|p2b: Farigiraf|ability: Armor Tail|Sucker Punch|[of] p1b: Kingambit
|move|p2a: Venusaur|Earth Power|p1b: Kingambit
|-supereffective|p1b: Kingambit|1
|-damage|p1b: Kingambit|0 fnt
|faint|p1b: Kingambit
|-damage|p2a: Venusaur|80/100|[from] item: Life Orb
|move|p1a: Incineroar|Parting Shot|p2a: Venusaur
|-unboost|p2a: Venusaur|atk|1
|-unboost|p2a: Venusaur|spa|1
|
|t:|1783687567
|switch|p1a: Blastoise|Blastoise, L50, F|100/100|[from] Parting Shot
|
|upkeep
|
|t:|1783687569
|switch|p1b: Sinistcha|Sinistcha, L50|100/100
|turn|5
|
|t:|1783687587
|detailschange|p1a: Blastoise|Blastoise-Mega, L50, F
|-mega|p1a: Blastoise|Blastoise|Blastoisinite
|move|p2a: Venusaur|Sleep Powder|p1a: Blastoise|[miss]
|-miss|p2a: Venusaur|p1a: Blastoise
|move|p1a: Blastoise|Shell Smash|p1a: Blastoise
|-unboost|p1a: Blastoise|def|1
|-unboost|p1a: Blastoise|spd|1
|-boost|p1a: Blastoise|atk|2
|-boost|p1a: Blastoise|spa|2
|-boost|p1a: Blastoise|spe|2
|move|p2b: Farigiraf|Roar|p2a: Venusaur
|drag|p2a: Hydreigon|Hydreigon, L50, M|87/100
|move|p1b: Sinistcha|Trick Room|p1b: Sinistcha
|-fieldstart|move: Trick Room|[of] p1b: Sinistcha
|
|upkeep
|turn|6
|
|t:|1783687610
|move|p1b: Sinistcha|Rage Powder|p1b: Sinistcha
|-singleturn|p1b: Sinistcha|move: Rage Powder
|move|p2a: Hydreigon|Snarl|p1a: Blastoise|[spread] p1a,p1b
|-supereffective|p1b: Sinistcha|1
|-damage|p1a: Blastoise|69/100
|-damage|p1b: Sinistcha|56/100
|-unboost|p1a: Blastoise|spa|1
|-unboost|p1b: Sinistcha|spa|1
|move|p1a: Blastoise|Water Spout|p2b: Farigiraf|[spread] p2a,p2b
|-resisted|p2a: Hydreigon|1
|-damage|p2a: Hydreigon|49/100
|-damage|p2b: Farigiraf|36/100
|-enditem|p2b: Farigiraf|Sitrus Berry|[eat]
|-heal|p2b: Farigiraf|61/100|[from] item: Sitrus Berry
|move|p2b: Farigiraf|Roar|p1b: Sinistcha
|drag|p1b: Incineroar|Incineroar, L50, F|52/100
|-ability|p1b: Incineroar|Intimidate|boost
|-unboost|p2a: Hydreigon|atk|1
|-unboost|p2b: Farigiraf|atk|1
|
|upkeep
|turn|7
|inactive|thaduck has 30 seconds left.
|inactive|SleepD2 has 30 seconds left.
|inactive|thaduck has 20 seconds left.
|inactive|thaduck has 15 seconds left.
|inactive|thaduck has 10 seconds left.
|
|t:|1783687658
|switch|p1b: Sinistcha|Sinistcha, L50|56/100
|-heal|p1a: Blastoise|94/100|[from] ability: Hospitality|[of] p1b: Sinistcha
|move|p2b: Farigiraf|Thunderbolt|p1a: Blastoise
|-supereffective|p1a: Blastoise|1
|-damage|p1a: Blastoise|26/100
|move|p2a: Hydreigon|Snarl|p1a: Blastoise|[spread] p1a,p1b
|-supereffective|p1b: Sinistcha|1
|-damage|p1a: Blastoise|0 fnt
|-damage|p1b: Sinistcha|11/100
|-unboost|p1b: Sinistcha|spa|1
|faint|p1a: Blastoise
|
|upkeep
|-message|thaduck forfeited.
|
|win|SleepD2
|raw|thaduck's rating: 1251 → 1230(-21 for losing)
|raw|SleepD2's rating: 1310 → 1327(+17 for winning)
|l|☆SleepD2
|player|p2|
|j|☆SleepD2
|player|p2|SleepD2|1|
