|j|☆Sark_RL
|j|☆Bellbottoms
|html|Sark_RLBellbottoms    
|uhtml|bestof|Game 1 of a best-of-3
|t:|1757243002
|gametype|doubles
|player|p1|Sark_RL|rika|
|player|p2|Bellbottoms|pokemonbreederf-gen4|
|gen|9
|tier|[Gen 9] VGC 2025 Reg H (Bo3)
|rule|Species Clause: Limit one of each Pokémon
|rule|Item Clause: Limit 1 of each item
|clearpoke
|poke|p1|Tyranitar, L50, M|
|poke|p1|Corviknight, L50, M|
|poke|p1|Dragapult, L50, M|
|poke|p1|Kilowattrel, L50, M|
|poke|p1|Garchomp, L50, M|
|poke|p1|Amoonguss, L50, F|
|poke|p2|Gholdengo, L50|
|poke|p2|Rillaboom, L50, F|
|poke|p2|Arcanine-Hisui, L50, F|
|poke|p2|Sneasler, L50, F|
|poke|p2|Dragonite, L50, F|
|poke|p2|Ninetales-Alola, L50, F|
|teampreview|4
|showteam|p1|Tyranitar||AssaultVest|SandStream|RockSlide,KnockOff,LowKick,TeraBlast|||M|||50|,,,,,Flying]Corviknight||SitrusBerry|MirrorArmor|BraveBird,BodyPress,Tailwind,Roost|||M|||50|,,,,,Fire]Dragapult||LifeOrb|Infiltrator|ShadowBall,DracoMeteor,Flamethrower,Protect|||M|||50|,,,,,Stellar]Kilowattrel||FocusSash|Competitive|Thunderbolt,AirSlash,Tailwind,Protect|||M|||50|,,,,,Stellar]Garchomp||Leftovers|SandVeil|Earthquake,DragonClaw,Substitute,Protect|||M|||50|,,,,,Steel]Amoonguss||CovertCloak|Regenerator|PollenPuff,SludgeBomb,RagePowder,Spore|||F|||50|,,,,,Fairy
|showteam|p2|Gholdengo||GrassySeed|GoodasGold|MakeItRain,NastyPlot,ShadowBall,Protect||||||50|,,,,,Water]Rillaboom||AssaultVest|GrassySurge|DrumBeating,GrassyGlide,FakeOut,HighHorsepower|||F|||50|,,,,,Fire]Arcanine-Hisui||ClearAmulet|Intimidate|RockSlide,FlareBlitz,ExtremeSpeed,Protect|||F|||50|,,,,,Water]Sneasler||WhiteHerb|Unburden|CloseCombat,DireClaw,Coaching,Protect|||F|||50|,,,,,Ghost]Dragonite||LoadedDice|Multiscale|ScaleShot,StompingTantrum,Protect,Tailwind|||F|||50|,,,,,Ground]Ninetales-Alola||FocusSash|SnowWarning|Blizzard,IcyWind,AuroraVeil,Encore|||F|||50|,,,,,Ghost
|
|t:|1757243038
|teamsize|p1|4
|teamsize|p2|4
|start
|switch|p1a: Telephone|Kilowattrel, L50, M|100/100
|switch|p1b: Poker Face|Garchomp, L50, M|100/100
|switch|p2a: Gold Ship|Gholdengo, L50, shiny|100/100
|switch|p2b: AgnesTachyon|Dragonite, L50, F, shiny|100/100
|turn|1
|
|t:|1757243058
|-terastallize|p2b: AgnesTachyon|Ground
|move|p1a: Telephone|Thunderbolt|p2a: Gold Ship
|-damage|p2a: Gold Ship|62/100
|move|p1b: Poker Face|Earthquake|p2a: Gold Ship|[spread] p2a,p2b
|-immune|p1a: Telephone
|-supereffective|p2a: Gold Ship
|-damage|p2a: Gold Ship|0 fnt
|-damage|p2b: AgnesTachyon|80/100
|faint|p2a: Gold Ship
|move|p2b: AgnesTachyon|Scale Shot|p1b: Poker Face
|-supereffective|p1b: Poker Face
|-damage|p1b: Poker Face|77/100
|-supereffective|p1b: Poker Face
|-damage|p1b: Poker Face|52/100
|-supereffective|p1b: Poker Face
|-damage|p1b: Poker Face|30/100
|-supereffective|p1b: Poker Face
|-damage|p1b: Poker Face|7/100
|-hitcount|p1b: Poker Face|4
|-unboost|p2b: AgnesTachyon|def|1
|-boost|p2b: AgnesTachyon|spe|1
|
|-heal|p1b: Poker Face|13/100|[from] item: Leftovers
|upkeep
|
|t:|1757243065
|switch|p2a: Oguri Cap|Ninetales-Alola, L50, F|100/100
|-weather|Snowscape|[from] ability: Snow Warning|[of] p2a: Oguri Cap
|turn|2
|
|t:|1757243094
|switch|p1b: Paparazzi|Corviknight, L50, M|100/100
|move|p1a: Telephone|Protect|p1a: Telephone
|-singleturn|p1a: Telephone|Protect
|move|p2b: AgnesTachyon|Scale Shot|p1a: Telephone
|-activate|p1a: Telephone|move: Protect
|move|p2a: Oguri Cap|Icy Wind|p1a: Telephone|[spread] p1b
|-activate|p1a: Telephone|move: Protect
|-damage|p1b: Paparazzi|86/100
|-ability|p1b: Paparazzi|Mirror Armor
|-unboost|p2a: Oguri Cap|spe|1
|
|-weather|Snowscape|[upkeep]
|upkeep
|turn|3
|
|t:|1757243126
|move|p2b: AgnesTachyon|Scale Shot|p1a: Telephone
|-damage|p1a: Telephone|75/100
|-damage|p1a: Telephone|45/100
|-damage|p1a: Telephone|18/100
|-damage|p1a: Telephone|0 fnt
|faint|p1a: Telephone
|-hitcount|p1: Telephone|4
|-unboost|p2b: AgnesTachyon|def|1
|-boost|p2b: AgnesTachyon|spe|1
|move|p2a: Oguri Cap|Aurora Veil|p2a: Oguri Cap
|-sidestart|p2: Bellbottoms|move: Aurora Veil
|move|p1b: Paparazzi|Brave Bird|p2b: AgnesTachyon
|-damage|p2b: AgnesTachyon|28/100
|-damage|p1b: Paparazzi|71/100|[from] Recoil
|
|-weather|Snowscape|[upkeep]
|upkeep
|
|t:|1757243166
|switch|p1a: Poker Face|Garchomp, L50, M|13/100
|turn|4
|
|t:|1757243172
|move|p2b: AgnesTachyon|Protect|p2b: AgnesTachyon
|-singleturn|p2b: AgnesTachyon|Protect
|move|p1a: Poker Face|Earthquake|p2a: Oguri Cap|[spread] p2a
|-activate|p2b: AgnesTachyon|move: Protect
|-immune|p1b: Paparazzi
|-damage|p2a: Oguri Cap|76/100
|move|p2a: Oguri Cap|Encore|p1b: Paparazzi
|-start|p1b: Paparazzi|Encore
|move|p1b: Paparazzi|Brave Bird|p2a: Oguri Cap
|-crit|p2a: Oguri Cap
|-damage|p2a: Oguri Cap|19/100
|-damage|p1b: Paparazzi|56/100|[from] Recoil
|
|-weather|Snowscape|[upkeep]
|-heal|p1a: Poker Face|19/100|[from] item: Leftovers
|upkeep
|turn|5
|
|t:|1757243187
|move|p2b: AgnesTachyon|Scale Shot|p1b: Paparazzi|[miss]
|-miss|p2b: AgnesTachyon|p1b: Paparazzi
|move|p1a: Poker Face|Earthquake|p2b: AgnesTachyon|[spread] p2a,p2b
|-immune|p1b: Paparazzi
|-damage|p2a: Oguri Cap|0 fnt
|-damage|p2b: AgnesTachyon|0 fnt
|faint|p2a: Oguri Cap
|faint|p2b: AgnesTachyon
|move|p1b: Paparazzi|Brave Bird|p2: Oguri Cap|[notarget]
|-fail|p1b: Paparazzi
|
|-weather|Snowscape|[upkeep]
|-heal|p1a: Poker Face|25/100|[from] item: Leftovers
|upkeep
|-message|Bellbottoms forfeited.
|
|win|Sark_RL
||Bellbottoms is ready for game 2.
||Sark_RL is ready for game 2.
|uhtml|next|Next: Game 2 of 3
