|j|☆Kripo405
|j|☆jussdoit
|html|Kripo405jussdoit    
|uhtml|bestof|Game 2 of a best-of-3
|t:|1756387067
|gametype|doubles
|player|p1|Kripo405|266|1072
|player|p2|jussdoit|steven|1049
|gen|9
|tier|[Gen 9] VGC 2025 Reg H (Bo3)
|rated|
|rule|Species Clause: Limit one of each Pokémon
|rule|Item Clause: Limit 1 of each item
|clearpoke
|poke|p1|Smeargle, L50, M|
|poke|p1|Hydreigon, L50, F|
|poke|p1|Garchomp, L50, F|
|poke|p1|Whimsicott, L50, M|
|poke|p1|Incineroar, L50, F|
|poke|p1|Primarina, L50, M|
|poke|p2|Glaceon, L50, M|
|poke|p2|Ninetales-Alola, L50, M|
|poke|p2|Ceruledge, L50, M|
|poke|p2|Sneasler, L50, F|
|poke|p2|Greninja-*, L50, F|
|poke|p2|Sinistcha, L50|
|teampreview|4
|showteam|p1|Smeargle||FocusSash|Moody|FakeOut,Decorate,FollowMe,Spore|||M|||50|,,,,,Grass]Hydreigon||SafetyGoggles|Levitate|DracoMeteor,DarkPulse,Protect,Snarl|||F|||50|,,,,,Poison]Garchomp||LifeOrb|RoughSkin|Earthquake,StompingTantrum,DragonClaw,Protect|||F|||50|,,,,,Steel]Whimsicott||CovertCloak|Prankster|Moonblast,Tailwind,LightScreen,HelpingHand|||M|||50|,,,,,Dark]Incineroar||AssaultVest|Intimidate|KnockOff,FlareBlitz,Uturn,FakeOut|||F|||50|,,,,,Ghost]Primarina||ThroatSpray|LiquidVoice|Protect,Moonblast,HyperVoice,Haze|||M|||50|,,,,,Fire
|showteam|p2|Glaceon||ChoiceSpecs|SnowCloak|Blizzard,IceBeam,TeraBlast,WeatherBall|||M|||50|,,,,,Fighting]Ninetales-Alola||CovertCloak|SnowWarning|AuroraVeil,HelpingHand,Moonblast,Encore|||M|||50|,,,,,Ice]Ceruledge||BigRoot|FlashFire|BitterBlade,ShadowSneak,SwordsDance,Protect|||M|||50|,,,,,Grass]Sneasler||NormalGem|Unburden|DireClaw,FakeOut,SwordsDance,CloseCombat|||F|||50|,,,,,Stellar]Greninja||LifeOrb|Protean|WaterShuriken,DarkPulse,Extrasensory,Blizzard|||F|||50|,,,,,Steel]Sinistcha||WeaknessPolicy|Hospitality|LifeDew,MatchaGotcha,StrengthSap,Protect||||||50|,,,,,Fire
|inactive|Battle timer is ON: inactive players will automatically lose when time's up. (requested by jussdoit)
|inactive|Kripo405 has 60 seconds left.
|inactive|Kripo405 has 30 seconds left.
|
|t:|1756387134
|teamsize|p1|4
|teamsize|p2|4
|start
|switch|p1a: Garchomp|Garchomp, L50, F|100/100
|switch|p1b: Smeargle|Smeargle, L50, M|100/100
|switch|p2a: Glaceon|Glaceon, L50, M|100/100
|switch|p2b: Ninetales|Ninetales-Alola, L50, M|100/100
|-weather|Snowscape|[from] ability: Snow Warning|[of] p2b: Ninetales
|turn|1
|inactive|Kripo405 has 30 seconds left.
|inactive|jussdoit has 30 seconds left.
|inactive|Kripo405 has 20 seconds left.
|inactive|jussdoit has 20 seconds left.
|inactive|Kripo405 has 15 seconds left.
|inactive|jussdoit has 15 seconds left.
|inactive|jussdoit has 10 seconds left.
|inactive|jussdoit has 5 seconds left.
|
|t:|1756387189
|move|p1a: Garchomp|Protect|p1a: Garchomp
|-singleturn|p1a: Garchomp|Protect
|move|p2b: Ninetales|Aurora Veil|p2b: Ninetales
|-sidestart|p2: jussdoit|move: Aurora Veil
|move|p1b: Smeargle|Decorate|p1a: Garchomp
|-boost|p1a: Garchomp|atk|2
|-boost|p1a: Garchomp|spa|2
|move|p2a: Glaceon|Blizzard|p1b: Smeargle|[spread] p1b
|-activate|p1a: Garchomp|move: Protect
|-enditem|p1b: Smeargle|Focus Sash
|-damage|p1b: Smeargle|1/100
|
|-weather|Snowscape|[upkeep]
|-ability|p1b: Smeargle|Moody|boost
|-boost|p1b: Smeargle|spa|2
|-unboost|p1b: Smeargle|def|1
|upkeep
|turn|2
|
|t:|1756387213
|-terastallize|p1a: Garchomp|Steel
|move|p1b: Smeargle|Follow Me|p1b: Smeargle
|-singleturn|p1b: Smeargle|move: Follow Me
|move|p1a: Garchomp|Earthquake|p2a: Glaceon|[spread] p1b,p2a,p2b
|-damage|p1b: Smeargle|0 fnt
|-damage|p2a: Glaceon|53/100
|-damage|p2b: Ninetales|46/100
|faint|p1b: Smeargle
|-damage|p1a: Garchomp|91/100|[from] item: Life Orb
|move|p2b: Ninetales|Encore|p1a: Garchomp
|-start|p1a: Garchomp|Encore
|move|p2a: Glaceon|Blizzard|p1a: Garchomp
|-resisted|p1a: Garchomp
|-damage|p1a: Garchomp|43/100
|
|-weather|Snowscape|[upkeep]
|upkeep
|
|t:|1756387227
|switch|p1b: Hydreigon|Hydreigon, L50, F|100/100
|turn|3
|
|t:|1756387246
|move|p1b: Hydreigon|Protect|p1b: Hydreigon
|-singleturn|p1b: Hydreigon|Protect
|move|p1a: Garchomp|Earthquake|p2b: Ninetales|[spread] p2a,p2b
|-activate|p1b: Hydreigon|move: Protect
|-damage|p2a: Glaceon|11/100
|-damage|p2b: Ninetales|0 fnt
|faint|p2b: Ninetales
|-damage|p1a: Garchomp|33/100|[from] item: Life Orb
|move|p2a: Glaceon|Blizzard|p1b: Hydreigon|[spread] p1a
|-activate|p1b: Hydreigon|move: Protect
|-resisted|p1a: Garchomp
|-damage|p1a: Garchomp|0 fnt
|faint|p1a: Garchomp
|
|-weather|Snowscape|[upkeep]
|upkeep
|
|t:|1756387260
|switch|p1a: Whimsicott|Whimsicott, L50, M|100/100
|switch|p2b: Sneasler|Sneasler, L50, F|100/100
|turn|4
|inactive|Kripo405 has 30 seconds left.
|inactive|Kripo405 has 20 seconds left.
|inactive|Kripo405 has 15 seconds left.
|inactive|Kripo405 has 10 seconds left.
|
|t:|1756387309
|move|p1b: Hydreigon|Protect||[still]
|-fail|p1b: Hydreigon
|move|p2b: Sneasler|Fake Out|p1b: Hydreigon
|-enditem|p2b: Sneasler|Normal Gem|[from] gem
|-damage|p1b: Hydreigon|80/100
|move|p1a: Whimsicott|Moonblast|p2a: Glaceon
|-damage|p2a: Glaceon|0 fnt
|faint|p2a: Glaceon
|
|-weather|Snowscape|[upkeep]
|upkeep
|
|t:|1756387318
|switch|p2a: Ceruledge|Ceruledge, L50, M|100/100
|turn|5
|inactive|Kripo405 has 30 seconds left.
|
|t:|1756387349
|-terastallize|p2a: Ceruledge|Grass
|move|p1a: Whimsicott|Helping Hand|p1b: Hydreigon
|-singleturn|p1b: Hydreigon|Helping Hand|[of] p1a: Whimsicott
|move|p2a: Ceruledge|Shadow Sneak|p1b: Hydreigon
|-resisted|p1b: Hydreigon
|-damage|p1b: Hydreigon|68/100
|move|p2b: Sneasler|Dire Claw|p1a: Whimsicott
|-supereffective|p1a: Whimsicott
|-damage|p1a: Whimsicott|0 fnt
|faint|p1a: Whimsicott
|move|p1b: Hydreigon|Draco Meteor|p2b: Sneasler
|-damage|p2b: Sneasler|3/100
|-unboost|p1b: Hydreigon|spa|2
|
|-weather|none
|-sideend|p2: jussdoit|move: Aurora Veil
|upkeep
|turn|6
|inactive|Kripo405 has 30 seconds left.
|
|t:|1756387384
|move|p2b: Sneasler|Dire Claw|p1b: Hydreigon
|-damage|p1b: Hydreigon|23/100
|move|p1b: Hydreigon|Snarl|p2b: Sneasler|[spread] p2a,p2b
|-resisted|p2b: Sneasler
|-damage|p2a: Ceruledge|88/100
|-damage|p2b: Sneasler|0 fnt
|-unboost|p2a: Ceruledge|spa|1
|faint|p2b: Sneasler
|move|p2a: Ceruledge|Bitter Blade|p1b: Hydreigon
|-resisted|p1b: Hydreigon
|-damage|p1b: Hydreigon|0 fnt
|-heal|p2a: Ceruledge|100/100|[from] drain|[of] p1b: Hydreigon
|faint|p1b: Hydreigon
|
|win|jussdoit
||Kripo405 is ready for game 3.
|inactive|jussdoit has 30 seconds to confirm battle start!
||jussdoit is ready for game 3.
|uhtml|next|Next: Game 3 of 3
|l|☆jussdoit
|player|p2|
