|j|☆BountyOG
|j|☆Rin Rin Renacuaja
|html|BountyOGRin Rin Renacuaja    
|uhtml|bestof|Game 2 of a best-of-3
|t:|1783176235
|gametype|doubles
|player|p1|BountyOG|2|1257
|player|p2|Rin Rin Renacuaja|lacey|1339
|gen|9
|tier|[Gen 9 Champions] VGC 2026 Reg M-B (Bo3)
|rated|
|rule|Species Clause: Limit one of each Pokémon
|rule|Item Clause: Limit 1 of each item
|clearpoke
|poke|p1|Farigiraf, L50, F|
|poke|p1|Vivillon-Monsoon, L50, F, shiny|
|poke|p1|Venusaur, L50, F, shiny|
|poke|p1|Camerupt, L50, F, shiny|
|poke|p1|Sylveon, L50, F|
|poke|p1|Kingambit, L50, F|
|poke|p2|Charizard, L50, M|
|poke|p2|Incineroar, L50, M|
|poke|p2|Garchomp, L50, F|
|poke|p2|Farigiraf, L50, F|
|poke|p2|Mawile, L50, F|
|poke|p2|Basculegion, L50, M|
|teampreview|4
|showteam|p1|Farigiraf||SitrusBerry|ArmorTail|PsychicFangs,Thunder,TrickRoom,Protect|Relaxed||F|||50|]Vivillon-Monsoon||FocusSash|CompoundEyes|SleepPowder,Hurricane,RagePowder,Protect|Timid||F|||50|]Venusaur||Venusaurite|Chlorophyll|Protect,EnergyBall,SludgeBomb,EarthPower|Modest||F|||50|]Camerupt||Cameruptite|SolidRock|AncientPower,EarthPower,HeatWave,Protect|Quiet||F|||50|]Sylveon||LifeOrb|Pixilate|QuickAttack,HyperVoice,HyperBeam,Detect|Quiet||F|||50|]Kingambit||BlackGlasses|Defiant|SuckerPunch,SwordsDance,Protect,KowtowCleave|Adamant||F|||50|
|showteam|p2|Charizard||CharizarditeY|Blaze|HeatWave,WeatherBall,Protect,SolarBeam|Modest||M|||50|]Incineroar||PasshoBerry|Intimidate|FakeOut,ThroatChop,FlareBlitz,PartingShot|Careful||M|||50|]Garchomp||LifeOrb|RoughSkin|StompingTantrum,DragonClaw,RockSlide,Protect|Jolly||F|||50|]Farigiraf||SitrusBerry|ArmorTail|TwinBeam,TrickRoom,Thunderbolt,HelpingHand|Modest||F|||50|]Mawile||Mawilite|HyperCutter|PlayRough,IronHead,SuckerPunch,Protect|Adamant||F|||50|]Basculegion||ChoiceScarf|Adaptability|WaveCrash,LastRespects,FlipTurn,AquaJet|Jolly||M|||50|
|inactive|Battle timer is ON: inactive players will automatically lose when time's up. (requested by Rin Rin Renacuaja)
|
|t:|1783176273
|teamsize|p1|4
|teamsize|p2|4
|start
|switch|p1a: Vivillon|Vivillon-Monsoon, L50, F, shiny|100/100
|switch|p1b: Kingambit|Kingambit, L50, F|100/100
|switch|p2a: Garchomp|Garchomp, L50, F|100/100
|switch|p2b: Mawile|Mawile, L50, F|100/100
|turn|1
|inactive|BountyOG has 30 seconds left.
|inactive|BountyOG has 20 seconds left.
|
|t:|1783176311
|detailschange|p2b: Mawile|Mawile-Mega, L50, F
|-mega|p2b: Mawile|Mawile|Mawilite
|move|p2a: Garchomp|Rock Slide|p1b: Kingambit|[spread] p1b
|-miss|p2a: Garchomp|p1a: Vivillon
|-resisted|p1b: Kingambit|1
|-damage|p1b: Kingambit|90/100
|-damage|p2a: Garchomp|90/100|[from] item: Life Orb
|move|p1a: Vivillon|Sleep Powder|p2a: Garchomp
|-status|p2a: Garchomp|slp|[from] move: Sleep Powder
|cant|p1b: Kingambit|flinch
|move|p2b: Mawile|Play Rough|p1b: Kingambit|[miss]
|-miss|p2b: Mawile|p1b: Kingambit
|
|upkeep
|turn|2
|
|t:|1783176328
|switch|p1b: Camerupt|Camerupt, L50, F, shiny|100/100
|move|p2b: Mawile|Protect|p2b: Mawile
|-singleturn|p2b: Mawile|Protect
|cant|p2a: Garchomp|slp
|move|p1a: Vivillon|Sleep Powder|p2b: Mawile
|-activate|p2b: Mawile|move: Protect
|
|upkeep
|turn|3
|
|t:|1783176342
|detailschange|p1b: Camerupt|Camerupt-Mega, L50, F, shiny
|-mega|p1b: Camerupt|Camerupt|Cameruptite
|move|p2b: Mawile|Sucker Punch|p1b: Camerupt
|-damage|p1b: Camerupt|53/100
|-curestatus|p2a: Garchomp|slp|[msg]
|move|p2a: Garchomp|Stomping Tantrum|p1b: Camerupt
|-supereffective|p1b: Camerupt|1
|-damage|p1b: Camerupt|0 fnt
|faint|p1b: Camerupt
|-damage|p2a: Garchomp|80/100|[from] item: Life Orb
|move|p1a: Vivillon|Sleep Powder|p2b: Mawile
|-status|p2b: Mawile|slp|[from] move: Sleep Powder
|
|upkeep
|
|t:|1783176355
|switch|p1b: Kingambit|Kingambit, L50, F|90/100
|turn|4
|
|t:|1783176371
|move|p2a: Garchomp|Protect|p2a: Garchomp
|-singleturn|p2a: Garchomp|Protect
|move|p1b: Kingambit|Protect|p1b: Kingambit
|-singleturn|p1b: Kingambit|Protect
|move|p1a: Vivillon|Sleep Powder|p2a: Garchomp
|-activate|p2a: Garchomp|move: Protect
|cant|p2b: Mawile|slp
|
|upkeep
|turn|5
|
|t:|1783176386
|move|p1a: Vivillon|Rage Powder|p1a: Vivillon
|-singleturn|p1a: Vivillon|move: Rage Powder
|move|p2a: Garchomp|Rock Slide|p1a: Vivillon|[spread] p1a,p1b
|-supereffective|p1a: Vivillon|2
|-resisted|p1b: Kingambit|1
|-enditem|p1a: Vivillon|Focus Sash
|-damage|p1a: Vivillon|1/100
|-damage|p1b: Kingambit|81/100
|-damage|p2a: Garchomp|70/100|[from] item: Life Orb
|cant|p2b: Mawile|slp
|move|p1b: Kingambit|Kowtow Cleave|p2a: Garchomp
|-damage|p2a: Garchomp|9/100
|-damage|p1b: Kingambit|69/100|[from] ability: Rough Skin|[of] p2a: Garchomp
|
|upkeep
|turn|6
|inactive|BountyOG has 30 seconds left.
|
|t:|1783176419
|move|p2a: Garchomp|Protect|p2a: Garchomp
|-singleturn|p2a: Garchomp|Protect
|move|p1a: Vivillon|Rage Powder|p1a: Vivillon
|-singleturn|p1a: Vivillon|move: Rage Powder
|move|p1b: Kingambit|Sucker Punch||[still]
|-fail|p1b: Kingambit
|-curestatus|p2b: Mawile|slp|[msg]
|move|p2b: Mawile|Play Rough|p1a: Vivillon
|-damage|p1a: Vivillon|0 fnt
|faint|p1a: Vivillon
|
|upkeep
|
|t:|1783176429
|switch|p1a: Farigiraf|Farigiraf, L50, F|100/100
|turn|7
|
|t:|1783176437
|switch|p2b: Farigiraf|Farigiraf, L50, F|100/100
|move|p1b: Kingambit|Sucker Punch||[still]
|cant|p2b: Farigiraf|ability: Armor Tail|Sucker Punch|[of] p1b: Kingambit
|move|p2a: Garchomp|Stomping Tantrum|p1b: Kingambit
|-supereffective|p1b: Kingambit|1
|-damage|p1b: Kingambit|0 fnt
|faint|p1b: Kingambit
|-damage|p2a: Garchomp|0 fnt|[from] item: Life Orb
|faint|p2a: Garchomp
|move|p1a: Farigiraf|Thunder|p2b: Farigiraf
|-damage|p2b: Farigiraf|71/100
|
|upkeep
|-message|BountyOG forfeited.
|
|win|Rin Rin Renacuaja
|l|☆BountyOG
|player|p1|
||BountyOG is ready for game 3.
||Rin Rin Renacuaja is ready for game 3.
|uhtml|next|Next: Game 3 of 3
