|j|☆Hippopotas Fritas
|j|☆FL4M3F1R3
|html|Hippopotas FritasFL4M3F1R3    
|uhtml|bestof|Game 1 of a best-of-3
|t:|1783015424
|gametype|doubles
|player|p1|Hippopotas Fritas|richboy-gen4|1061
|player|p2|FL4M3F1R3|101|1000
|gen|9
|tier|[Gen 9 Champions] VGC 2026 Reg M-B (Bo3)
|rated|
|rule|Species Clause: Limit one of each Pokémon
|rule|Item Clause: Limit 1 of each item
|clearpoke
|poke|p1|Charizard, L50, M|
|poke|p1|Floette-Eternal, L50, F|
|poke|p1|Whimsicott, L50, M|
|poke|p1|Kingambit, L50, M|
|poke|p1|Garchomp, L50, F|
|poke|p1|Basculegion, L50, M|
|poke|p2|Aegislash, L50, M, shiny|
|poke|p2|Eelektross, L50, F, shiny|
|poke|p2|Dragalge, L50, M, shiny|
|poke|p2|Toxapex, L50, F, shiny|
|poke|p2|Hydreigon, L50, M, shiny|
|poke|p2|Whimsicott, L50, F|
|teampreview|4
|showteam|p1|Charizard||CharizarditeY|Blaze|HeatWave,WeatherBall,SolarBeam,Protect|Modest||M|||50|]Floette-Eternal||Floettite|FlowerVeil|DazzlingGleam,Protect,Moonblast,LightofRuin|Modest||F|||50|]Whimsicott||FocusSash|Prankster|Moonblast,Protect,Tailwind,Encore|Timid||M|||50|]Kingambit||ChopleBerry|Defiant|KowtowCleave,SuckerPunch,IronHead,Protect|Adamant||M|||50|]Garchomp||RoseliBerry|RoughSkin|DragonClaw,Earthquake,RockSlide,PoisonJab|Jolly||F|||50|]Basculegion||LifeOrb|Adaptability|WaveCrash,LastRespects,AquaJet,Protect|Adamant||M|||50|
|showteam|p2|Aegislash||KasibBerry|StanceChange|KingsShield,WideGuard,ShadowBall,FlashCannon|Bold||M|||50|]Eelektross||Eelektrossite|Levitate|Protect,WildCharge,DrainPunch,Crunch|Jolly||F|||50|]Dragalge||Dragalgite|Adaptability|Protect,SludgeBomb,DragonPulse,Toxic|Bold||M|||50|]Toxapex||Leftovers|Regenerator|BanefulBunker,Toxic,Infestation,Recover|Bold||F|||50|]Hydreigon||ChoiceScarf|Levitate|DracoMeteor,DarkPulse,EarthPower,Snarl|Calm||M|||50|]Whimsicott||FocusSash|Prankster|Protect,Encore,Tailwind,Moonblast|Calm||F|||50|
|
|t:|1783015455
|teamsize|p1|4
|teamsize|p2|4
|start
|switch|p1a: Guns out|Charizard, L50, M|100/100
|switch|p1b: Whimbo Cottbo|Whimsicott, L50, M|100/100
|switch|p2a: Dragalge|Dragalge, L50, M, shiny|100/100
|switch|p2b: Aegislash|Aegislash, L50, M, shiny|100/100
|turn|1
|inactive|Battle timer is ON: inactive players will automatically lose when time's up. (requested by Hippopotas Fritas)
|
|t:|1783015480
|switch|p2b: Toxapex|Toxapex, L50, F, shiny|100/100
|detailschange|p1a: Guns out|Charizard-Mega-Y, L50, M
|-mega|p1a: Guns out|Charizard|Charizardite Y
|-weather|SunnyDay|[from] ability: Drought|[of] p1a: Guns out
|detailschange|p2a: Dragalge|Dragalge-Mega, L50, M, shiny
|-mega|p2a: Dragalge|Dragalge|Dragalgite
|move|p1b: Whimbo Cottbo|Moonblast|p2a: Dragalge
|-crit|p2a: Dragalge
|-damage|p2a: Dragalge|66/100
|move|p1a: Guns out|Weather Ball|p2b: Toxapex
|-resisted|p2b: Toxapex|1
|-damage|p2b: Toxapex|68/100
|move|p2a: Dragalge|Sludge Bomb|p1b: Whimbo Cottbo
|-supereffective|p1b: Whimbo Cottbo|2
|-enditem|p1b: Whimbo Cottbo|Focus Sash
|-damage|p1b: Whimbo Cottbo|1/100
|
|-weather|SunnyDay|[upkeep]
|-heal|p2b: Toxapex|74/100|[from] item: Leftovers
|upkeep
|turn|2
|inactive|Hippopotas Fritas has 30 seconds left.
|inactive|FL4M3F1R3 has 30 seconds left.
|inactive|Hippopotas Fritas has 20 seconds left.
|inactive|Hippopotas Fritas has 15 seconds left.
|
|t:|1783015520
|move|p1b: Whimbo Cottbo|Moonblast|p2a: Dragalge
|-damage|p2a: Dragalge|43/100
|move|p1a: Guns out|Heat Wave|p2a: Dragalge|[spread] p2a,p2b
|-resisted|p2a: Dragalge|1
|-resisted|p2b: Toxapex|1
|-damage|p2a: Dragalge|23/100
|-damage|p2b: Toxapex|52/100
|move|p2a: Dragalge|Sludge Bomb|p1a: Guns out
|-damage|p1a: Guns out|63/100
|-status|p1a: Guns out|psn
|move|p2b: Toxapex|Infestation|p1b: Whimbo Cottbo
|-damage|p1b: Whimbo Cottbo|0 fnt
|faint|p1b: Whimbo Cottbo
|
|-weather|SunnyDay|[upkeep]
|-heal|p2b: Toxapex|58/100|[from] item: Leftovers
|-damage|p1a: Guns out|51/100 psn|[from] psn
|upkeep
|
|t:|1783015525
|switch|p1b: Simon & Garchomple|Garchomp, L50, F|100/100
|turn|3
|
|t:|1783015549
|-heal|p2a: Dragalge|56/100|[from] ability: Regenerator|[silent]
|switch|p2a: Hydreigon|Hydreigon, L50, M, shiny|100/100
|move|p1b: Simon & Garchomple|Earthquake|p2b: Toxapex|[spread] p2b
|-immune|p1a: Guns out
|-immune|p2a: Hydreigon|[from] ability: Levitate
|-supereffective|p2b: Toxapex|1
|-damage|p2b: Toxapex|5/100
|move|p1a: Guns out|Weather Ball|p2b: Toxapex
|-resisted|p2b: Toxapex|1
|-damage|p2b: Toxapex|0 fnt
|faint|p2b: Toxapex
|
|-weather|SunnyDay|[upkeep]
|-damage|p1a: Guns out|38/100 psn|[from] psn
|upkeep
|
|t:|1783015565
|switch|p2b: Aegislash|Aegislash, L50, M, shiny|100/100
|turn|4
|inactive|Hippopotas Fritas has 30 seconds left.
|
|t:|1783015591
|switch|p1b: Bascline Junkie|Basculegion, L50, M|100/100
|move|p2b: Aegislash|Wide Guard|p2b: Aegislash
|-singleturn|p2b: Aegislash|Wide Guard
|move|p2a: Hydreigon|Draco Meteor|p1b: Bascline Junkie
|-damage|p1b: Bascline Junkie|36/100
|-unboost|p2a: Hydreigon|spa|2
|move|p1a: Guns out|Weather Ball|p2b: Aegislash
|-supereffective|p2b: Aegislash|1
|-damage|p2b: Aegislash|0 fnt
|faint|p2b: Aegislash
|
|-weather|SunnyDay|[upkeep]
|-damage|p1a: Guns out|26/100 psn|[from] psn
|upkeep
|
|t:|1783015604
|switch|p2b: Dragalge|Dragalge-Mega, L50, M, shiny|56/100
|turn|5
|-message|FL4M3F1R3 forfeited.
|
|win|Hippopotas Fritas
||FL4M3F1R3 is ready for game 2.
