|j|☆J4yz1lla
|j|☆noka47
|html|J4yz1llanoka47    
|uhtml|bestof|Game 2 of a best-of-3
|t:|1782237540
|gametype|doubles
|player|p1|J4yz1lla|riley|1073
|player|p2|noka47|101|1205
|gen|9
|tier|[Gen 9 Champions] VGC 2026 Reg M-B (Bo3)
|rated|
|rule|Species Clause: Limit one of each Pokémon
|rule|Item Clause: Limit 1 of each item
|clearpoke
|poke|p1|Tyranitar, L50, M|
|poke|p1|Rotom-Wash, L50|
|poke|p1|Corviknight, L50, M|
|poke|p1|Oranguru, L50, M|
|poke|p1|Garchomp, L50, F|
|poke|p1|Excadrill, L50, M|
|poke|p2|Mawile, L50, M|
|poke|p2|Incineroar, L50, F|
|poke|p2|Sneasler, L50, M|
|poke|p2|Pelipper, L50, F|
|poke|p2|Farigiraf, L50, F|
|poke|p2|Sinistcha, L50|
|teampreview|4
|showteam|p1|Tyranitar||Tyranitarite|SandStream|Curse,Protect,RockSlide,KnockOff|Adamant||M|||50|]Rotom-Wash||Leftovers|Levitate|Discharge,HydroPump,WillOWisp,Protect|Modest|||||50|]Corviknight||OccaBerry|MirrorArmor|BodyPress,BulkUp,PowerTrip,Tailwind|Impish||M|||50|]Oranguru||ColburBerry|Telepathy|Instruct,TrickRoom,Psychic,HyperVoice|Sassy||M|||50|]Garchomp||LifeOrb|RoughSkin|RockSlide,Earthquake,DragonClaw,Protect|Adamant||F|||50|]Excadrill||FocusSash|SandRush|Earthquake,IronHead,Protect,SwordsDance|Adamant||M|||50|
|showteam|p2|Mawile||Mawilite|Intimidate|IronHead,PlayRough,SuckerPunch,Protect|Adamant||M|||50|]Incineroar||PasshoBerry|Intimidate|FlareBlitz,DarkestLariat,FakeOut,PartingShot|Adamant||F|||50|]Sneasler||WhiteHerb|Unburden|CloseCombat,DireClaw,FakeOut,Protect|Adamant||M|||50|]Pelipper||LifeOrb|Drizzle|Hurricane,WeatherBall,IceBeam,Protect|Modest||F|||50|]Farigiraf||ColburBerry|ArmorTail|Psychic,Thunderbolt,TrickRoom,Protect|Quiet||F|||50|]Sinistcha||SitrusBerry|Hospitality|MatchaGotcha,RagePowder,TrickRoom,ShadowBall|Relaxed|||||50|
|
|t:|1782237561
|teamsize|p1|4
|teamsize|p2|4
|start
|switch|p1a: Oranguru|Oranguru, L50, M|100/100
|switch|p1b: Rotom|Rotom-Wash, L50|100/100
|switch|p2a: Pelipper|Pelipper, L50, F|100/100
|switch|p2b: Sneasler|Sneasler, L50, M|100/100
|-weather|RainDance|[from] ability: Drizzle|[of] p2a: Pelipper
|turn|1
|
|t:|1782237580
|move|p2b: Sneasler|Fake Out|p1b: Rotom
|-damage|p1b: Rotom|81/100
|cant|p1b: Rotom|flinch
|move|p2a: Pelipper|Weather Ball|p1a: Oranguru
|-damage|p1a: Oranguru|38/100
|-damage|p2a: Pelipper|90/100|[from] item: Life Orb
|move|p1a: Oranguru|Trick Room|p1a: Oranguru
|-fieldstart|move: Trick Room|[of] p1a: Oranguru
|
|-weather|RainDance|[upkeep]
|-heal|p1b: Rotom|87/100|[from] item: Leftovers
|upkeep
|turn|2
|
|t:|1782237598
|switch|p2b: Sinistcha|Sinistcha, L50|100/100
|-heal|p2a: Pelipper|100/100|[from] ability: Hospitality|[of] p2b: Sinistcha
|move|p2a: Pelipper|Protect|p2a: Pelipper
|-singleturn|p2a: Pelipper|Protect
|move|p1a: Oranguru|Psychic|p2b: Sinistcha
|-damage|p2b: Sinistcha|59/100
|move|p1b: Rotom|Discharge|p2b: Sinistcha|[spread] p2b
|-activate|p2a: Pelipper|move: Protect
|-activate|p1a: Oranguru|ability: Telepathy
|-resisted|p2b: Sinistcha|1
|-damage|p2b: Sinistcha|42/100
|-enditem|p2b: Sinistcha|Sitrus Berry|[eat]
|-heal|p2b: Sinistcha|67/100|[from] item: Sitrus Berry
|
|-weather|RainDance|[upkeep]
|-heal|p1b: Rotom|93/100|[from] item: Leftovers
|upkeep
|turn|3
|
|t:|1782237624
|move|p1a: Oranguru|Psychic|p2a: Pelipper
|-damage|p2a: Pelipper|52/100
|-unboost|p2a: Pelipper|spd|1
|move|p2b: Sinistcha|Matcha Gotcha|p1a: Oranguru|[spread] p1a,p1b
|-supereffective|p1b: Rotom|1
|-damage|p1a: Oranguru|18/100
|-heal|p2b: Sinistcha|78/100|[from] drain|[of] p1a: Oranguru
|-damage|p1b: Rotom|45/100
|-heal|p2b: Sinistcha|98/100|[from] drain|[of] p1b: Rotom
|move|p2a: Pelipper|Weather Ball|p1b: Rotom
|-resisted|p1b: Rotom|1
|-crit|p1b: Rotom
|-damage|p1b: Rotom|0 fnt
|faint|p1b: Rotom
|-damage|p2a: Pelipper|43/100|[from] item: Life Orb
|
|-weather|RainDance|[upkeep]
|upkeep
|
|t:|1782237649
|switch|p1b: Tyranitar|Tyranitar, L50, M|100/100
|-weather|Sandstorm|[from] ability: Sand Stream|[of] p1b: Tyranitar
|turn|4
|
|t:|1782237666
|move|p2a: Pelipper|Protect|p2a: Pelipper
|-singleturn|p2a: Pelipper|Protect
|move|p1a: Oranguru|Psychic|p2b: Sinistcha
|-damage|p2b: Sinistcha|57/100
|move|p1b: Tyranitar|Curse|p1b: Tyranitar
|-unboost|p1b: Tyranitar|spe|1
|-boost|p1b: Tyranitar|atk|1
|-boost|p1b: Tyranitar|def|1
|move|p2b: Sinistcha|Matcha Gotcha|p1b: Tyranitar|[spread] p1a,p1b
|-supereffective|p1b: Tyranitar|1
|-damage|p1a: Oranguru|0 fnt
|-heal|p2b: Sinistcha|67/100|[from] drain|[of] p1a: Oranguru
|-damage|p1b: Tyranitar|70/100
|-heal|p2b: Sinistcha|84/100|[from] drain|[of] p1b: Tyranitar
|faint|p1a: Oranguru
|
|-weather|Sandstorm|[upkeep]
|-damage|p2b: Sinistcha|78/100|[from] Sandstorm
|-damage|p2a: Pelipper|37/100|[from] Sandstorm
|upkeep
|
|t:|1782237668
|switch|p1a: Garchomp|Garchomp, L50, F|100/100
|turn|5
|
|t:|1782237703
|move|p1a: Garchomp|Protect|p1a: Garchomp
|-singleturn|p1a: Garchomp|Protect
|move|p2b: Sinistcha|Rage Powder|p2b: Sinistcha
|-singleturn|p2b: Sinistcha|move: Rage Powder
|move|p1b: Tyranitar|Rock Slide|p2b: Sinistcha|[spread] p2a,p2b
|-supereffective|p2a: Pelipper|1
|-damage|p2a: Pelipper|0 fnt
|-damage|p2b: Sinistcha|46/100
|faint|p2a: Pelipper
|
|-weather|Sandstorm|[upkeep]
|-damage|p2b: Sinistcha|39/100|[from] Sandstorm
|-fieldend|move: Trick Room
|upkeep
|
|t:|1782237716
|switch|p2a: Mawile|Mawile, L50, M|100/100
|-ability|p2a: Mawile|Intimidate|boost
|-unboost|p1a: Garchomp|atk|1
|-unboost|p1b: Tyranitar|atk|1
|turn|6
|
|t:|1782237731
|detailschange|p2a: Mawile|Mawile-Mega, L50, M
|-mega|p2a: Mawile|Mawile|Mawilite
|detailschange|p1b: Tyranitar|Tyranitar-Mega, L50, M
|-mega|p1b: Tyranitar|Tyranitar|Tyranitarite
|move|p2a: Mawile|Protect|p2a: Mawile
|-singleturn|p2a: Mawile|Protect
|move|p1a: Garchomp|Dragon Claw|p2b: Sinistcha
|-damage|p2b: Sinistcha|13/100
|-damage|p1a: Garchomp|90/100|[from] item: Life Orb
|move|p1b: Tyranitar|Curse|p1b: Tyranitar
|-unboost|p1b: Tyranitar|spe|1
|-boost|p1b: Tyranitar|atk|1
|-boost|p1b: Tyranitar|def|1
|move|p2b: Sinistcha|Trick Room|p2b: Sinistcha
|-fieldstart|move: Trick Room|[of] p2b: Sinistcha
|
|-weather|Sandstorm|[upkeep]
|-damage|p2b: Sinistcha|7/100|[from] Sandstorm
|upkeep
|turn|7
|
|t:|1782237755
|move|p2b: Sinistcha|Rage Powder|p2b: Sinistcha
|-singleturn|p2b: Sinistcha|move: Rage Powder
|move|p1b: Tyranitar|Rock Slide|p2b: Sinistcha|[spread] p2a
|-miss|p1b: Tyranitar|p2b: Sinistcha
|-resisted|p2a: Mawile|1
|-damage|p2a: Mawile|74/100
|cant|p2a: Mawile|flinch
|move|p1a: Garchomp|Rock Slide|p2b: Sinistcha|[spread] p2a,p2b
|-resisted|p2a: Mawile|1
|-damage|p2a: Mawile|66/100
|-damage|p2b: Sinistcha|0 fnt
|faint|p2b: Sinistcha
|-damage|p1a: Garchomp|80/100|[from] item: Life Orb
|
|-weather|Sandstorm|[upkeep]
|upkeep
|
|t:|1782237768
|switch|p2b: Sneasler|Sneasler, L50, M|100/100
|turn|8
|
|t:|1782237808
|move|p1b: Tyranitar|Protect|p1b: Tyranitar
|-singleturn|p1b: Tyranitar|Protect
|move|p1a: Garchomp|Protect|p1a: Garchomp
|-singleturn|p1a: Garchomp|Protect
|move|p2b: Sneasler|Fake Out|p1b: Tyranitar
|-activate|p1b: Tyranitar|move: Protect
|move|p2a: Mawile|Play Rough|p1a: Garchomp
|-activate|p1a: Garchomp|move: Protect
|
|-weather|none
|upkeep
|turn|9
|
|t:|1782237832
|move|p1b: Tyranitar|Rock Slide|p2b: Sneasler|[spread] p2a,p2b
|-resisted|p2a: Mawile|1
|-resisted|p2b: Sneasler|1
|-damage|p2a: Mawile|39/100
|-damage|p2b: Sneasler|49/100
|move|p2a: Mawile|Play Rough|p1a: Garchomp
|-supereffective|p1a: Garchomp|1
|-damage|p1a: Garchomp|0 fnt
|-damage|p2a: Mawile|27/100|[from] ability: Rough Skin|[of] p1a: Garchomp
|faint|p1a: Garchomp
|move|p2b: Sneasler|Close Combat|p1b: Tyranitar
|-supereffective|p1b: Tyranitar|2
|-damage|p1b: Tyranitar|0 fnt
|-unboost|p2b: Sneasler|def|1
|-unboost|p2b: Sneasler|spd|1
|faint|p1b: Tyranitar
|
|win|noka47
|raw|J4yz1lla's rating: 1073 → 1060(-13 for losing)
|raw|noka47's rating: 1205 → 1221(+16 for winning)
|l|☆J4yz1lla
|player|p1|
