|j|☆droqblade
|j|☆szczurek2137
|html|droqbladeszczurek2137    
|uhtml|bestof|Game 1 of a best-of-3
|t:|1785836000
|gametype|doubles
|player|p1|droqblade|larry|1017
|player|p2|szczurek2137|2|1032
|gen|9
|tier|[Gen 9 Champions] VGC 2026 Reg M-B (Bo3)
|rated|
|rule|Species Clause: Limit one of each Pokémon
|rule|Item Clause: Limit 1 of each item
|clearpoke
|poke|p1|Sinistcha, L50|
|poke|p1|Toxapex, L50, F|
|poke|p1|Klefki, L50, M|
|poke|p1|Scizor, L50, M|
|poke|p1|Mimikyu, L50, F|
|poke|p1|Swampert, L50, F|
|poke|p2|Staraptor, L50, M|
|poke|p2|Tyranitar, L50, M|
|poke|p2|Maushold, L50|
|poke|p2|Sinistcha, L50|
|poke|p2|Excadrill, L50, M|
|poke|p2|Grimmsnarl, L50, M|
|teampreview|4
|showteam|p1|Sinistcha||MentalHerb|Hospitality|MatchaGotcha,RagePowder,StrengthSap,TrickRoom|Calm|||||50|]Toxapex||Leftovers|Regenerator|BanefulBunker,WideGuard,Infestation,Toxic|Bold||F|||50|]Klefki||LightClay|Prankster|Reflect,LightScreen,RainDance,TrickRoom|Relaxed||M|||50|]Scizor||MuscleBand|Technician|SwordsDance,BulletPunch,Protect,DualWingbeat|Adamant||M|||50|]Mimikyu||IronBall|Disguise|TrickRoom,SwordsDance,ShadowSneak,PlayRough|Brave||F|||50|]Swampert||Swampertite|Damp|Protect,WaveCrash,HighHorsepower,FlipTurn|Adamant||F|||50|
|showteam|p2|Staraptor||Staraptite|Intimidate|Tailwind,CloseCombat,DualWingbeat,Protect|Adamant||M|||50|]Tyranitar||ChoiceScarf|SandStream|RockSlide,KnockOff,Earthquake,IcePunch|Serious||M|||50|]Maushold||ChopleBerry|FriendGuard|FollowMe,Protect,SuperFang,Charm|Jolly|||||50|]Sinistcha||SitrusBerry|Hospitality|RagePowder,MatchaGotcha,Protect,LifeDew|Calm|||||50|]Excadrill||FocusSash|SandRush|RockSlide,IronHead,Earthquake,Protect|Adamant||M|||50|]Grimmsnarl||RoseliBerry|Prankster|Reflect,LightScreen,PartingShot,SpiritBreak|Impish||M|||50|
|
|t:|1785836076
|teamsize|p1|4
|teamsize|p2|4
|start
|switch|p1a: Toxapex|Toxapex, L50, F|100/100
|switch|p1b: Mimikyu|Mimikyu, L50, F|100/100
|switch|p2a: Staraptor|Staraptor, L50, M|100/100
|switch|p2b: Excadrill|Excadrill, L50, M|100/100
|-ability|p2a: Staraptor|Intimidate|boost
|-unboost|p1a: Toxapex|atk|1
|-unboost|p1b: Mimikyu|atk|1
|turn|1
|
|t:|1785836105
|detailschange|p2a: Staraptor|Staraptor-Mega, L50, M
|-mega|p2a: Staraptor|Staraptor|Staraptite
|move|p1a: Toxapex|Wide Guard|p1a: Toxapex
|-singleturn|p1a: Toxapex|Wide Guard
|move|p2a: Staraptor|Close Combat|p1a: Toxapex
|-resisted|p1a: Toxapex|1
|-damage|p1a: Toxapex|80/100
|-boost|p2a: Staraptor|def|1
|-boost|p2a: Staraptor|spd|1
|move|p2b: Excadrill|Earthquake|p1a: Toxapex|[spread] 
|-activate|p1a: Toxapex|move: Wide Guard
|-activate|p1b: Mimikyu|move: Wide Guard
|-immune|p2a: Staraptor
|move|p1b: Mimikyu|Trick Room|p1b: Mimikyu
|-fieldstart|move: Trick Room|[of] p1b: Mimikyu
|
|-heal|p1a: Toxapex|85/100|[from] item: Leftovers
|upkeep
|turn|2
|
|t:|1785836135
|move|p1a: Toxapex|Baneful Bunker||[still]
|-fail|p1a: Toxapex
|move|p2a: Staraptor|Protect|p2a: Staraptor
|-singleturn|p2a: Staraptor|Protect
|move|p1b: Mimikyu|Swords Dance|p1b: Mimikyu
|-boost|p1b: Mimikyu|atk|2
|move|p2b: Excadrill|Earthquake|p1b: Mimikyu|[spread] p1a,p1b
|-activate|p2a: Staraptor|move: Protect
|-supereffective|p1a: Toxapex|1
|-damage|p1a: Toxapex|35/100
|-activate|p1b: Mimikyu|ability: Disguise
|-damage|p1b: Mimikyu|100/100
|detailschange|p1b: Mimikyu|Mimikyu-Busted, L50, F
|-damage|p1b: Mimikyu|87/100|[from] pokemon: Mimikyu-Busted
|
|-heal|p1a: Toxapex|40/100|[from] item: Leftovers
|upkeep
|turn|3
|
|t:|1785836161
|move|p1a: Toxapex|Baneful Bunker|p1a: Toxapex
|-singleturn|p1a: Toxapex|move: Protect
|move|p1b: Mimikyu|Play Rough|p2a: Staraptor
|-supereffective|p2a: Staraptor|1
|-damage|p2a: Staraptor|20/100y
|move|p2b: Excadrill|Earthquake|p1b: Mimikyu|[spread] p1b
|-activate|p1a: Toxapex|move: Protect
|-immune|p2a: Staraptor
|-damage|p1b: Mimikyu|31/100
|move|p2a: Staraptor|Close Combat|p1a: Toxapex
|-activate|p1a: Toxapex|move: Protect
|-status|p2a: Staraptor|psn
|
|-heal|p1a: Toxapex|46/100|[from] item: Leftovers
|-damage|p2a: Staraptor|8/100 psn|[from] psn
|upkeep
|turn|4
|
|t:|1785836186
|switch|p2a: Maushold|Maushold, L50|100/100
|move|p1a: Toxapex|Wide Guard|p1a: Toxapex
|-singleturn|p1a: Toxapex|Wide Guard
|move|p1b: Mimikyu|Shadow Sneak|p2a: Maushold
|-immune|p2a: Maushold
|move|p2b: Excadrill|Earthquake|p1b: Mimikyu|[spread] p2a
|-activate|p1a: Toxapex|move: Wide Guard
|-activate|p1b: Mimikyu|move: Wide Guard
|-damage|p2a: Maushold|38/100
|
|-heal|p1a: Toxapex|52/100|[from] item: Leftovers
|upkeep
|turn|5
|
|t:|1785836216
|switch|p2a: Tyranitar|Tyranitar, L50, M|100/100
|-weather|Sandstorm|[from] ability: Sand Stream|[of] p2a: Tyranitar
|move|p1b: Mimikyu|Play Rough|p2a: Tyranitar
|-supereffective|p2a: Tyranitar|1
|-damage|p2a: Tyranitar|0 fnt
|faint|p2a: Tyranitar
|move|p1a: Toxapex|Infestation|p2b: Excadrill
|-resisted|p2b: Excadrill|1
|-damage|p2b: Excadrill|97/100
|-activate|p2b: Excadrill|move: Infestation|[of] p1a: Toxapex
|move|p2b: Excadrill|Iron Head|p1b: Mimikyu
|-supereffective|p1b: Mimikyu|1
|-damage|p1b: Mimikyu|0 fnt
|faint|p1b: Mimikyu
|
|-weather|Sandstorm|[upkeep]
|-damage|p1a: Toxapex|46/100|[from] Sandstorm
|-heal|p1a: Toxapex|52/100|[from] item: Leftovers
|-damage|p2b: Excadrill|85/100|[from] move: Infestation|[partiallytrapped]
|-fieldend|move: Trick Room
|upkeep
|
|t:|1785836237
|switch|p2a: Staraptor|Staraptor-Mega, L50, M|8/100 psn
|switch|p1b: Klefki|Klefki, L50, M|100/100
|turn|6
|
|t:|1785836253
|move|p1a: Toxapex|Wide Guard|p1a: Toxapex
|-singleturn|p1a: Toxapex|Wide Guard
|move|p1b: Klefki|Rain Dance|p1b: Klefki
|-weather|RainDance
|move|p2a: Staraptor|Close Combat|p1b: Klefki
|-damage|p1b: Klefki|46/100
|-boost|p2a: Staraptor|def|1
|-boost|p2a: Staraptor|spd|1
|move|p2b: Excadrill|Iron Head|p1b: Klefki
|-damage|p1b: Klefki|9/100
|
|-weather|RainDance|[upkeep]
|-heal|p1a: Toxapex|57/100|[from] item: Leftovers
|-damage|p2a: Staraptor|0 fnt|[from] psn
|faint|p2a: Staraptor
|-damage|p2b: Excadrill|73/100|[from] move: Infestation|[partiallytrapped]
|upkeep
|
|t:|1785836268
|switch|p2a: Maushold|Maushold, L50|38/100
|turn|7
|
|t:|1785836286
|-heal|p1a: Toxapex|91/100|[from] ability: Regenerator|[silent]
|switch|p1a: Swampert|Swampert, L50, F|100/100
|move|p2a: Maushold|Follow Me|p2a: Maushold
|-singleturn|p2a: Maushold|move: Follow Me
|move|p1b: Klefki|Reflect|p1b: Klefki
|-sidestart|p1: droqblade|Reflect
|move|p2b: Excadrill|Earthquake|p1b: Klefki|[spread] p2a,p1a,p1b
|-supereffective|p1b: Klefki|1
|-damage|p2a: Maushold|0 fnt
|-damage|p1a: Swampert|72/100
|-damage|p1b: Klefki|0 fnt
|faint|p2a: Maushold
|faint|p1b: Klefki
|
|-weather|RainDance|[upkeep]
|-end|p2b: Excadrill|Infestation|[partiallytrapped]|[silent]
|upkeep
|
|t:|1785836294
|switch|p1b: Toxapex|Toxapex, L50, F|91/100
|turn|8
|-message|szczurek2137 forfeited.
|
|win|droqblade
|l|☆szczurek2137
|player|p2|
||szczurek2137 is ready for game 2.
||droqblade is ready for game 2.
|uhtml|next|Next: Game 2 of 3
|l|☆droqblade
|player|p1|
|j|☆droqblade
|player|p1|droqblade|larry|
