|j|☆Advertisementish
|j|☆Andrea Pirlo 2
|html|AdvertisementishAndrea Pirlo 2    
|uhtml|bestof|Game 2 of a best-of-3
|t:|1782404353
|gametype|doubles
|player|p1|Advertisementish|ghetsis|1198
|player|p2|Andrea Pirlo 2|volkner|1361
|gen|9
|tier|[Gen 9 Champions] VGC 2026 Reg M-B (Bo3)
|rated|
|rule|Species Clause: Limit one of each Pokémon
|rule|Item Clause: Limit 1 of each item
|clearpoke
|poke|p1|Floette-Eternal, L50, F|
|poke|p1|Charizard, L50, F|
|poke|p1|Kingambit, L50, F|
|poke|p1|Whimsicott, L50, M|
|poke|p1|Basculegion, L50, M|
|poke|p1|Garchomp, L50, F|
|poke|p2|Swampert, L50, F|
|poke|p2|Pelipper, L50, M|
|poke|p2|Archaludon, L50, M|
|poke|p2|Sneasler, L50, F|
|poke|p2|Gholdengo, L50|
|poke|p2|Sableye, L50, F|
|teampreview|4
|showteam|p1|Floette-Eternal||Floettite|FlowerVeil|Protect,LightofRuin,Moonblast,DazzlingGleam|Timid||F|||50|]Charizard||CharizarditeY|Blaze|SolarBeam,HeatWave,WeatherBall,Protect|Modest||F|||50|]Kingambit||BlackGlasses|Defiant|IronHead,Protect,KowtowCleave,SuckerPunch|Adamant||F|||50|]Whimsicott||FocusSash|Prankster|Moonblast,Tailwind,Encore,Protect|Timid||M|||50|]Basculegion||MysticWater|Adaptability|WaveCrash,Protect,LastRespects,AquaJet|Adamant||M|||50|]Garchomp||LifeOrb|RoughSkin|Earthquake,RockSlide,Protect,DragonClaw|Jolly||F|||50|
|showteam|p2|Swampert||Swampertite|Torrent|HighHorsepower,WaveCrash,IcePunch,Protect|Adamant||F|||50|]Pelipper||LifeOrb|Drizzle|WeatherBall,Hurricane,Tailwind,Protect|Modest||M|||50|]Archaludon||Leftovers|Stamina|ElectroShot,DragonPulse,FlashCannon,Protect|Modest||M|||50|]Sneasler||FocusSash|Unburden|CloseCombat,DireClaw,FakeOut,Protect|Jolly||F|||50|]Gholdengo||MetalCoat|GoodasGold|MakeItRain,ShadowBall,NastyPlot,Protect|Timid|||||50|]Sableye||RoseliBerry|Prankster|Encore,WillOWisp,LightScreen,RainDance|Calm||F|||50|
|inactive|Battle timer is ON: inactive players will automatically lose when time's up. (requested by Advertisementish)
|
|t:|1782404367
|teamsize|p1|4
|teamsize|p2|4
|start
|switch|p1a: Floette|Floette-Eternal, L50, F|100/100
|switch|p1b: Whimsicott|Whimsicott, L50, M|100/100
|switch|p2a: Sneasler|Sneasler, L50, F|100/100
|switch|p2b: Swampert|Swampert, L50, F|100/100
|turn|1
|
|t:|1782404379
|detailschange|p2b: Swampert|Swampert-Mega, L50, F
|-mega|p2b: Swampert|Swampert|Swampertite
|move|p1b: Whimsicott|Protect|p1b: Whimsicott
|-singleturn|p1b: Whimsicott|Protect
|move|p1a: Floette|Protect|p1a: Floette
|-singleturn|p1a: Floette|Protect
|move|p2a: Sneasler|Dire Claw|p1a: Floette
|-activate|p1a: Floette|move: Protect
|move|p2b: Swampert|Ice Punch|p1b: Whimsicott
|-activate|p1b: Whimsicott|move: Protect
|
|upkeep
|turn|2
|
|t:|1782404399
|detailschange|p1a: Floette|Floette-Mega, L50, F
|-mega|p1a: Floette|Floette|Floettite
|-ability|p1a: Floette|Fairy Aura
|move|p1b: Whimsicott|Tailwind|p1b: Whimsicott
|-sidestart|p1: Advertisementish|move: Tailwind
|move|p1a: Floette|Dazzling Gleam|p2a: Sneasler|[spread] p2a,p2b
|-damage|p2a: Sneasler|34/100
|-damage|p2b: Swampert|61/100
|move|p2a: Sneasler|Dire Claw|p1a: Floette
|-supereffective|p1a: Floette|1
|-damage|p1a: Floette|0 fnt
|faint|p1a: Floette
|move|p2b: Swampert|Ice Punch|p1b: Whimsicott
|-supereffective|p1b: Whimsicott|1
|-damage|p1b: Whimsicott|14/100
|
|upkeep
|
|t:|1782404404
|switch|p1a: Basculegion|Basculegion, L50, M|100/100
|turn|3
|
|t:|1782404422
|switch|p2b: Archaludon|Archaludon, L50, M|100/100
|move|p2a: Sneasler|Protect|p2a: Sneasler
|-singleturn|p2a: Sneasler|Protect
|move|p1b: Whimsicott|Moonblast|p2a: Sneasler
|-activate|p2a: Sneasler|move: Protect
|move|p1a: Basculegion|Wave Crash|p2b: Archaludon
|-resisted|p2b: Archaludon|1
|-damage|p2b: Archaludon|66/100
|-ability|p2b: Archaludon|Stamina|boost
|-boost|p2b: Archaludon|def|1
|-damage|p1a: Basculegion|89/100|[from] Recoil
|
|-heal|p2b: Archaludon|72/100|[from] item: Leftovers
|upkeep
|turn|4
|inactive|Advertisementish has 30 seconds left.
|
|t:|1782404447
|switch|p2a: Pelipper|Pelipper, L50, M|100/100
|-weather|RainDance|[from] ability: Drizzle|[of] p2a: Pelipper
|move|p1a: Basculegion|Aqua Jet|p2a: Pelipper
|-resisted|p2a: Pelipper|1
|-damage|p2a: Pelipper|71/100
|move|p1b: Whimsicott|Moonblast|p2b: Archaludon
|-damage|p2b: Archaludon|36/100
|-ability|p2b: Archaludon|Stamina|boost
|-boost|p2b: Archaludon|def|1
|move|p2b: Archaludon|Electro Shot||[still]
|-prepare|p2b: Archaludon|Electro Shot
|-boost|p2b: Archaludon|spa|1
|-anim|p2b: Archaludon|Electro Shot|p1b: Whimsicott
|-resisted|p1b: Whimsicott|1
|-damage|p1b: Whimsicott|0 fnt
|faint|p1b: Whimsicott
|
|-weather|RainDance|[upkeep]
|-heal|p2b: Archaludon|42/100|[from] item: Leftovers
|upkeep
|
|t:|1782404450
|switch|p1b: Kingambit|Kingambit, L50, F|100/100
|turn|5
|
|t:|1782404459
|move|p2b: Archaludon|Protect|p2b: Archaludon
|-singleturn|p2b: Archaludon|Protect
|move|p1b: Kingambit|Sucker Punch||[still]
|-fail|p1b: Kingambit
|move|p1a: Basculegion|Last Respects|p2b: Archaludon
|-activate|p2b: Archaludon|move: Protect
|move|p2a: Pelipper|Tailwind|p2a: Pelipper
|-sidestart|p2: Andrea Pirlo 2|move: Tailwind
|
|-weather|RainDance|[upkeep]
|-heal|p2b: Archaludon|48/100|[from] item: Leftovers
|-sideend|p1: Advertisementish|move: Tailwind
|upkeep
|turn|6
|
|t:|1782404467
|move|p1b: Kingambit|Sucker Punch|p2b: Archaludon
|-damage|p2b: Archaludon|31/100
|-ability|p2b: Archaludon|Stamina|boost
|-boost|p2b: Archaludon|def|1
|move|p2b: Archaludon|Electro Shot||[still]
|-prepare|p2b: Archaludon|Electro Shot
|-boost|p2b: Archaludon|spa|1
|-anim|p2b: Archaludon|Electro Shot|p1a: Basculegion
|-supereffective|p1a: Basculegion|1
|-damage|p1a: Basculegion|0 fnt
|faint|p1a: Basculegion
|move|p2a: Pelipper|Weather Ball|p1b: Kingambit
|-damage|p1b: Kingambit|39/100
|-damage|p2a: Pelipper|61/100|[from] item: Life Orb
|
|-weather|RainDance|[upkeep]
|-heal|p2b: Archaludon|37/100|[from] item: Leftovers
|upkeep
|turn|7
|-message|Advertisementish forfeited.
|
|win|Andrea Pirlo 2
|raw|Advertisementish's rating: 1198 → 1184(-14 for losing)
|raw|Andrea Pirlo 2's rating: 1361 → 1372(+11 for winning)
