|j|☆rpr1020
|j|☆ladderingwithcalys
|html|rpr1020ladderingwithcalys    
|uhtml|bestof|Game 3 of a best-of-3
|t:|1756832841
|gametype|doubles
|player|p1|rpr1020|169|1173
|player|p2|ladderingwithcalys|1|1254
|gen|9
|tier|[Gen 9] VGC 2025 Reg H (Bo3)
|rated|
|rule|Species Clause: Limit one of each Pokémon
|rule|Item Clause: Limit 1 of each item
|clearpoke
|poke|p1|Charizard, L50, M|
|poke|p1|Torkoal, L50, F|
|poke|p1|Porygon2, L50|
|poke|p1|Incineroar, L50, F|
|poke|p1|Jumpluff, L50, F|
|poke|p1|Ursaluna, L50, M|
|poke|p2|Archaludon, L50, F|
|poke|p2|Pelipper, L50, F|
|poke|p2|Kingdra, L50, F|
|poke|p2|Toedscruel, L50, F|
|poke|p2|Comfey, L50, M|
|poke|p2|Weezing-Galar, L50, F|
|teampreview|4
|showteam|p1|Charizard||ChoiceSpecs|SolarPower|HeatWave,Overheat,WeatherBall,AirSlash|||M|||50|,,,,,Ghost]Torkoal||EjectPack|Drought|Eruption,Overheat,HelpingHand,Protect|||F|||50|,,,,,Fire]Porygon2||Eviolite|Download|TeraBlast,IceBeam,Recover,TrickRoom||||||50|,,,,,Fighting]Incineroar||SitrusBerry|Intimidate|FlareBlitz,KnockOff,FakeOut,PartingShot|||F|||50|,,,,,Ghost]Jumpluff||CovertCloak|Chlorophyll|SleepPowder,SunnyDay,RagePowder,Tailwind|||F|||50|,,,,,Water]Ursaluna||FlameOrb|Guts|HeadlongRush,Facade,Earthquake,Protect|||M|||50|,,,,,Ghost
|showteam|p2|Archaludon||AssaultVest|Stamina|ElectroShot,BodyPress,FlashCannon,Snarl|||F|||50|,,,,,Grass]Pelipper||ChoiceScarf|Drizzle|Tailwind,Hurricane,WeatherBall,Uturn|||F|||50|,,,,,Ghost]Kingdra||LifeOrb|SwiftSwim|Protect,WeatherBall,DracoMeteor,Surf|||F|||50|,,,,,Stellar]Toedscruel||CovertCloak|MyceliumMight|Spore,EarthPower,BulletSeed,RagePowder|||F|||50|,,,,,Water]Comfey||SafetyGoggles|Triage|DrainingKiss,FloralHealing,LightScreen,Protect|||M|||50|,,,,,Steel]Weezing-Galar||ChoiceSpecs|NeutralizingGas|AromaticMist,SludgeBomb,ClearSmog,DazzlingGleam|||F|||50|,,,,,Ghost
|
|t:|1756832864
|teamsize|p1|4
|teamsize|p2|4
|start
|switch|p1a: Jumpluff|Jumpluff, L50, F|100/100
|switch|p1b: Ursaluna|Ursaluna, L50, M|100/100
|switch|p2a: Toedscruel|Toedscruel, L50, F|100/100
|switch|p2b: Weezing|Weezing-Galar, L50, F|100/100
|-ability|p2b: Weezing|Neutralizing Gas
|turn|1
|
|t:|1756832884
|move|p1a: Jumpluff|Tailwind|p1a: Jumpluff
|-sidestart|p1: rpr1020|move: Tailwind
|move|p1b: Ursaluna|Headlong Rush|p2b: Weezing
|-supereffective|p2b: Weezing
|-damage|p2b: Weezing|0 fnt
|-unboost|p1b: Ursaluna|def|1
|-unboost|p1b: Ursaluna|spd|1
|faint|p2b: Weezing
|-end|p2b: Weezing|ability: Neutralizing Gas
|move|p2a: Toedscruel|Spore|p1b: Ursaluna
|-status|p1b: Ursaluna|slp|[from] move: Spore
|
|upkeep
|
|t:|1756832904
|switch|p2b: Archaludon|Archaludon, L50, F|100/100
|turn|2
|
|t:|1756832924
|-terastallize|p2b: Archaludon|Grass
|move|p1a: Jumpluff|Rage Powder|p1a: Jumpluff
|-singleturn|p1a: Jumpluff|move: Rage Powder
|cant|p1b: Ursaluna|slp
|move|p2a: Toedscruel|Bullet Seed|p2b: Archaludon
|-resisted|p2b: Archaludon
|-damage|p2b: Archaludon|98/100
|-ability|p2b: Archaludon|Stamina|boost
|-boost|p2b: Archaludon|def|1
|-resisted|p2b: Archaludon
|-damage|p2b: Archaludon|97/100
|-ability|p2b: Archaludon|Stamina|boost
|-boost|p2b: Archaludon|def|1
|-resisted|p2b: Archaludon
|-damage|p2b: Archaludon|96/100
|-ability|p2b: Archaludon|Stamina|boost
|-boost|p2b: Archaludon|def|1
|-hitcount|p2b: Archaludon|3
|move|p2b: Archaludon|Body Press|p1b: Ursaluna
|-supereffective|p1b: Ursaluna
|-crit|p1b: Ursaluna
|-damage|p1b: Ursaluna|0 fnt
|faint|p1b: Ursaluna
|
|upkeep
|
|t:|1756832945
|switch|p1b: Torkoal|Torkoal, L50, F|100/100
|-weather|SunnyDay|[from] ability: Drought|[of] p1b: Torkoal
|turn|3
|
|t:|1756832958
|switch|p1a: Porygon2|Porygon2, L50|100/100
|-ability|p1a: Porygon2|Download|boost
|-boost|p1a: Porygon2|spa|1
|move|p1b: Torkoal|Protect|p1b: Torkoal
|-singleturn|p1b: Torkoal|Protect
|move|p2a: Toedscruel|Earth Power|p1b: Torkoal
|-activate|p1b: Torkoal|move: Protect
|move|p2b: Archaludon|Body Press|p1b: Torkoal
|-activate|p1b: Torkoal|move: Protect
|
|-weather|SunnyDay|[upkeep]
|upkeep
|turn|4
|
|t:|1756832995
|switch|p2a: Pelipper|Pelipper, L50, F|100/100
|-weather|RainDance|[from] ability: Drizzle|[of] p2a: Pelipper
|switch|p1b: Jumpluff|Jumpluff, L50, F|100/100
|-terastallize|p1a: Porygon2|Fighting
|move|p1a: Porygon2|Ice Beam|p2a: Pelipper
|-damage|p2a: Pelipper|31/100
|move|p2b: Archaludon|Body Press|p1a: Porygon2
|-damage|p1a: Porygon2|64/100
|
|-weather|RainDance|[upkeep]
|-sideend|p1: rpr1020|move: Tailwind
|upkeep
|turn|5
|
|t:|1756833018
|switch|p2a: Toedscruel|Toedscruel, L50, F|100/100
|switch|p1a: Torkoal|Torkoal, L50, F|100/100
|-weather|SunnyDay|[from] ability: Drought|[of] p1a: Torkoal
|move|p1b: Jumpluff|Sleep Powder|p2a: Toedscruel
|-immune|p2a: Toedscruel
|move|p2b: Archaludon|Snarl|p1a: Torkoal|[spread] p1a,p1b
|-damage|p1a: Torkoal|85/100
|-damage|p1b: Jumpluff|88/100
|-unboost|p1a: Torkoal|spa|1
|-enditem|p1a: Torkoal|Eject Pack
|
|t:|1756833030
|switch|p1a: Porygon2|Porygon2, L50, tera:Fighting|64/100
|-ability|p1a: Porygon2|Download|boost
|-boost|p1a: Porygon2|spa|1
|
|-weather|SunnyDay|[upkeep]
|upkeep
|turn|6
|
|t:|1756833060
|switch|p2a: Pelipper|Pelipper, L50, F|31/100
|-weather|RainDance|[from] ability: Drizzle|[of] p2a: Pelipper
|move|p1b: Jumpluff|Sleep Powder|p2a: Pelipper
|-status|p2a: Pelipper|slp|[from] move: Sleep Powder
|move|p2b: Archaludon|Snarl|p1a: Porygon2|[spread] p1a,p1b
|-resisted|p1a: Porygon2
|-damage|p1a: Porygon2|61/100
|-damage|p1b: Jumpluff|76/100
|-unboost|p1a: Porygon2|spa|1
|move|p1a: Porygon2|Trick Room|p1a: Porygon2
|-fieldstart|move: Trick Room|[of] p1a: Porygon2
|
|-weather|RainDance|[upkeep]
|upkeep
|turn|7
|
|t:|1756833081
|switch|p1b: Torkoal|Torkoal, L50, F|85/100
|-weather|SunnyDay|[from] ability: Drought|[of] p1b: Torkoal
|switch|p2a: Toedscruel|Toedscruel, L50, F|100/100
|move|p1a: Porygon2|Ice Beam|p2a: Toedscruel
|-supereffective|p2a: Toedscruel
|-crit|p2a: Toedscruel
|-damage|p2a: Toedscruel|0 fnt
|faint|p2a: Toedscruel
|move|p2b: Archaludon|Body Press|p1a: Porygon2
|-damage|p1a: Porygon2|20/100
|
|-weather|SunnyDay|[upkeep]
|upkeep
|
|t:|1756833094
|switch|p2a: Pelipper|Pelipper, L50, F|31/100 slp
|-weather|RainDance|[from] ability: Drizzle|[of] p2a: Pelipper
|turn|8
|
|t:|1756833117
|move|p1b: Torkoal|Eruption|p2b: Archaludon|[spread] p2a,p2b
|-resisted|p2a: Pelipper
|-supereffective|p2b: Archaludon
|-damage|p2a: Pelipper|13/100 slp
|-damage|p2b: Archaludon|73/100
|-ability|p2b: Archaludon|Stamina|boost
|-boost|p2b: Archaludon|def|1
|move|p1a: Porygon2|Ice Beam|p2a: Pelipper
|-damage|p2a: Pelipper|0 fnt
|faint|p2a: Pelipper
|move|p2b: Archaludon|Electro Shot||[still]
|-prepare|p2b: Archaludon|Electro Shot
|-boost|p2b: Archaludon|spa|1
|-anim|p2b: Archaludon|Electro Shot|p1a: Porygon2
|-crit|p1a: Porygon2
|-damage|p1a: Porygon2|0 fnt
|faint|p1a: Porygon2
|
|-weather|RainDance|[upkeep]
|upkeep
|
|t:|1756833132
|switch|p1a: Jumpluff|Jumpluff, L50, F|76/100
|turn|9
|
|t:|1756833139
|move|p1b: Torkoal|Protect|p1b: Torkoal
|-singleturn|p1b: Torkoal|Protect
|move|p2b: Archaludon|Electro Shot||[still]
|-prepare|p2b: Archaludon|Electro Shot
|-boost|p2b: Archaludon|spa|1
|-anim|p2b: Archaludon|Electro Shot|p1a: Jumpluff
|-damage|p1a: Jumpluff|1/100
|move|p1a: Jumpluff|Sunny Day|p1a: Jumpluff
|-weather|SunnyDay
|
|-weather|SunnyDay|[upkeep]
|upkeep
|turn|10
|c|☆ladderingwithcalys|Are you kidding me bro
|c|☆ladderingwithcalys|First the ice beam crit now this
|
|t:|1756833174
|move|p1b: Torkoal|Eruption|p2b: Archaludon
|-supereffective|p2b: Archaludon
|-damage|p2b: Archaludon|0 fnt
|faint|p2b: Archaludon
|
|win|rpr1020
|raw|rpr1020's rating: 1173 → 1204(+31 for winning)
|raw|ladderingwithcalys's rating: 1254 → 1223(-31 for losing)
|c|☆ladderingwithcalys|I hate this game
|c|☆ladderingwithcalys|wp
|c|☆rpr1020|bruh that crit on toeds did not matter \
|c|☆rpr1020|theresno way
|c|☆ladderingwithcalys|I run a lot of bulk
