|j|☆phi11y
|j|☆EbinaYoke
|html|phi11yEbinaYoke    
|uhtml|bestof|Game 2 of a best-of-3
|t:|1783029748
|gametype|doubles
|player|p1|phi11y|n|1017
|player|p2|EbinaYoke|silver|1044
|gen|9
|tier|[Gen 9 Champions] VGC 2026 Reg M-B (Bo3)
|rated|
|rule|Species Clause: Limit one of each Pokémon
|rule|Item Clause: Limit 1 of each item
|clearpoke
|poke|p1|Sneasler, L50, F|
|poke|p1|Floette-Eternal, L50, F|
|poke|p1|Incineroar, L50, F|
|poke|p1|Gholdengo, L50|
|poke|p1|Venusaur, L50, F|
|poke|p1|Charizard, L50, F|
|poke|p2|Crabominable, L50, M|
|poke|p2|Farigiraf, L50, F|
|poke|p2|Ninetales-Alola, L50, F|
|poke|p2|Incineroar, L50, F|
|poke|p2|Gholdengo, L50|
|poke|p2|Staraptor, L50, M|
|teampreview|4
|showteam|p1|Sneasler||FocusSash|Unburden|CloseCombat,DireClaw,FakeOut,Protect|Jolly||F|||50|]Floette-Eternal||Floettite|FlowerVeil|Moonblast,DazzlingGleam,CalmMind,Protect|Modest||F|||50|]Incineroar||SitrusBerry|Intimidate|FlareBlitz,PartingShot,FakeOut,Protect|Impish||F|||50|]Gholdengo||ChoiceScarf|GoodasGold|MakeItRain,ShadowBall,Thunderbolt,Trick|Timid|||||50|]Venusaur||LifeOrb|Chlorophyll|SludgeBomb,EarthPower,SleepPowder,Protect|Modest||F|||50|]Charizard||CharizarditeY|SolarPower|FlareBlitz,SolarBeam,WeatherBall,Protect|Modest||F|||50|
|showteam|p2|Crabominable||Crabominite|IronFist|ThunderPunch,IceHammer,DrainPunch,BulkUp|Brave||M|||50|]Farigiraf||ColburBerry|ArmorTail|TrickRoom,TwinBeam,HyperVoice,CalmMind|Quiet||F|||50|]Ninetales-Alola||NeverMeltIce|SnowWarning|AuroraVeil,Blizzard,DazzlingGleam,Extrasensory|Timid||F|||50|]Incineroar||SitrusBerry|Intimidate|DarkestLariat,PartingShot,FlareBlitz,LeechLife|Adamant||F|||50|]Gholdengo||Leftovers|GoodasGold|NastyPlot,MakeItRain,Protect,ShadowBall|Timid|||||50|]Staraptor||FocusSash|Intimidate|Acrobatics,CloseCombat,QuickAttack,Uturn|Brave||M|||50|
|j| tyho45
|inactive|Battle timer is ON: inactive players will automatically lose when time's up. (requested by EbinaYoke)
|
|t:|1783029781
|teamsize|p1|4
|teamsize|p2|4
|start
|switch|p1a: Incineroar|Incineroar, L50, F|100/100
|switch|p1b: Sneasler|Sneasler, L50, F|100/100
|switch|p2a: : ^ )|Incineroar, L50, F|100/100
|switch|p2b: Telly Dish|Farigiraf, L50, F|100/100
|-ability|p1a: Incineroar|Intimidate|boost
|-unboost|p2a: : ^ )|atk|1
|-unboost|p2b: Telly Dish|atk|1
|-ability|p2a: : ^ )|Intimidate|boost
|-unboost|p1a: Incineroar|atk|1
|-unboost|p1b: Sneasler|atk|1
|turn|1
|
|t:|1783029811
|move|p1b: Sneasler|Protect|p1b: Sneasler
|-singleturn|p1b: Sneasler|Protect
|move|p1a: Incineroar|Parting Shot|p2b: Telly Dish
|-unboost|p2b: Telly Dish|atk|1
|-unboost|p2b: Telly Dish|spa|1
|
|t:|1783029821
|switch|p1a: Gholdengo|Gholdengo, L50|100/100|[from] Parting Shot
|move|p2a: : ^ )|Flare Blitz|p1b: Sneasler
|-activate|p1b: Sneasler|move: Protect
|move|p2b: Telly Dish|Trick Room|p2b: Telly Dish
|-fieldstart|move: Trick Room|[of] p2b: Telly Dish
|
|upkeep
|turn|2
|inactive|phi11y has 30 seconds left.
|inactive|EbinaYoke has 30 seconds left.
|
|t:|1783029850
|switch|p1a: Incineroar|Incineroar, L50, F|100/100
|-ability|p1a: Incineroar|Intimidate|boost
|-unboost|p2a: : ^ )|atk|1
|-unboost|p2b: Telly Dish|atk|1
|move|p2b: Telly Dish|Calm Mind|p2b: Telly Dish
|-boost|p2b: Telly Dish|spa|1
|-boost|p2b: Telly Dish|spd|1
|move|p2a: : ^ )|Flare Blitz|p1a: Incineroar
|-resisted|p1a: Incineroar|1
|-damage|p1a: Incineroar|86/100
|-damage|p2a: : ^ )|95/100|[from] Recoil
|move|p1b: Sneasler|Close Combat|p2b: Telly Dish
|-damage|p2b: Telly Dish|59/100
|-unboost|p1b: Sneasler|def|1
|-unboost|p1b: Sneasler|spd|1
|
|upkeep
|turn|3
|inactive|EbinaYoke has 30 seconds left.
|
|t:|1783029879
|switch|p1b: Gholdengo|Gholdengo, L50|100/100
|move|p2b: Telly Dish|Twin Beam|p1b: Gholdengo
|-resisted|p1b: Gholdengo|1
|-damage|p1b: Gholdengo|87/100
|-resisted|p1b: Gholdengo|1
|-damage|p1b: Gholdengo|76/100
|-hitcount|p1b: Gholdengo|2
|move|p2a: : ^ )|Parting Shot|p1a: Incineroar
|-unboost|p1a: Incineroar|atk|1
|-unboost|p1a: Incineroar|spa|1
|
|t:|1783029891
|switch|p2a: Bountey|Crabominable, L50, M|100/100|[from] Parting Shot
|move|p1a: Incineroar|Parting Shot|p2b: Telly Dish
|-unboost|p2b: Telly Dish|atk|1
|-unboost|p2b: Telly Dish|spa|1
|
|t:|1783029914
|switch|p1a: Sneasler|Sneasler, L50, F|100/100|[from] Parting Shot
|
|upkeep
|turn|4
|inactive|phi11y has 30 seconds left.
|inactive|EbinaYoke has 30 seconds left.
|inactive|EbinaYoke has 20 seconds left.
|inactive|EbinaYoke has 15 seconds left.
|
|t:|1783029957
|switch|p1a: Incineroar|Incineroar, L50, F|86/100
|-ability|p1a: Incineroar|Intimidate|boost
|-unboost|p2a: Bountey|atk|1
|-unboost|p2b: Telly Dish|atk|1
|detailschange|p2a: Bountey|Crabominable-Mega, L50, M
|-mega|p2a: Bountey|Crabominable|Crabominite
|move|p2a: Bountey|Thunder Punch|p1b: Gholdengo
|-damage|p1b: Gholdengo|46/100
|move|p2b: Telly Dish|Twin Beam|p1a: Incineroar
|-immune|p1a: Incineroar
|move|p1b: Gholdengo|Make It Rain|p2a: Bountey|[spread] p2a,p2b
|-supereffective|p2a: Bountey|1
|-damage|p2a: Bountey|25/100
|-damage|p2b: Telly Dish|28/100
|-unboost|p1b: Gholdengo|spa|2
|
|upkeep
|turn|5
|inactive|phi11y has 30 seconds left.
|inactive|EbinaYoke has 30 seconds left.
|
|t:|1783029988
|switch|p2b: : ^ )|Incineroar, L50, F|95/100
|-ability|p2b: : ^ )|Intimidate|boost
|-unboost|p1a: Incineroar|atk|1
|-unboost|p1b: Gholdengo|atk|1
|move|p2a: Bountey|Drain Punch|p1a: Incineroar
|-supereffective|p1a: Incineroar|1
|-damage|p1a: Incineroar|17/100
|-heal|p2a: Bountey|58/100|[from] drain|[of] p1a: Incineroar
|-enditem|p1a: Incineroar|Sitrus Berry|[eat]
|-heal|p1a: Incineroar|42/100|[from] item: Sitrus Berry
|move|p1a: Incineroar|Flare Blitz|p2a: Bountey
|-supereffective|p2a: Bountey|1
|-crit|p2a: Bountey
|-damage|p2a: Bountey|0 fnt
|faint|p2a: Bountey
|-damage|p1a: Incineroar|22/100|[from] Recoil
|move|p1b: Gholdengo|Make It Rain|p2b: : ^ )
|-resisted|p2b: : ^ )|1
|-damage|p2b: : ^ )|81/100
|-unboost|p1b: Gholdengo|spa|2
|
|-fieldend|move: Trick Room
|upkeep
|
|t:|1783030008
|switch|p2a: Telly Dish|Farigiraf, L50, F|28/100
|turn|6
|
|t:|1783030020
|switch|p1b: Charizard|Charizard, L50, F|100/100
|move|p1a: Incineroar|Parting Shot|p2a: Telly Dish
|-unboost|p2a: Telly Dish|atk|1
|-unboost|p2a: Telly Dish|spa|1
|
|t:|1783030030
|switch|p1a: Sneasler|Sneasler, L50, F|100/100|[from] Parting Shot
|move|p2b: : ^ )|Flare Blitz|p1b: Charizard
|-resisted|p1b: Charizard|1
|-damage|p1b: Charizard|62/100
|-damage|p2b: : ^ )|71/100|[from] Recoil
|move|p2a: Telly Dish|Trick Room|p2a: Telly Dish
|-fieldstart|move: Trick Room|[of] p2a: Telly Dish
|
|upkeep
|turn|7
|
|t:|1783030054
|detailschange|p1b: Charizard|Charizard-Mega-Y, L50, F
|-mega|p1b: Charizard|Charizard|Charizardite Y
|-weather|SunnyDay|[from] ability: Drought|[of] p1b: Charizard
|move|p1a: Sneasler|Protect|p1a: Sneasler
|-singleturn|p1a: Sneasler|Protect
|move|p2a: Telly Dish|Twin Beam|p1a: Sneasler
|-activate|p1a: Sneasler|move: Protect
|move|p2b: : ^ )|Parting Shot|p1a: Sneasler
|-activate|p1a: Sneasler|move: Protect
|move|p1b: Charizard|Weather Ball|p2a: Telly Dish
|-damage|p2a: Telly Dish|0 fnt
|faint|p2a: Telly Dish
|
|-weather|SunnyDay|[upkeep]
|upkeep
|
|t:|1783030067
|switch|p2a: Roku|Ninetales-Alola, L50, F|100/100
|-weather|Snowscape|[from] ability: Snow Warning|[of] p2a: Roku
|turn|8
|
|t:|1783030084
|switch|p1b: Incineroar|Incineroar, L50, F|22/100
|-ability|p1b: Incineroar|Intimidate|boost
|-unboost|p2a: Roku|atk|1
|-unboost|p2b: : ^ )|atk|1
|move|p2b: : ^ )|Flare Blitz|p1b: Incineroar
|-resisted|p1b: Incineroar|1
|-damage|p1b: Incineroar|5/100
|-damage|p2b: : ^ )|65/100|[from] Recoil
|move|p2a: Roku|Aurora Veil|p2a: Roku
|-sidestart|p2: EbinaYoke|move: Aurora Veil
|move|p1a: Sneasler|Close Combat|p2b: : ^ )
|-supereffective|p2b: : ^ )|1
|-damage|p2b: : ^ )|0 fnt
|-unboost|p1a: Sneasler|def|1
|-unboost|p1a: Sneasler|spd|1
|faint|p2b: : ^ )
|
|-weather|Snowscape|[upkeep]
|upkeep
|turn|9
|
|t:|1783030103
|move|p1b: Incineroar|Fake Out|p2a: Roku
|-damage|p2a: Roku|92/100
|cant|p2a: Roku|flinch
|move|p1a: Sneasler|Dire Claw|p2a: Roku
|-supereffective|p2a: Roku|1
|-damage|p2a: Roku|33/100
|-status|p2a: Roku|psn
|
|-weather|Snowscape|[upkeep]
|-damage|p2a: Roku|20/100y psn|[from] psn
|upkeep
|turn|10
|inactive|EbinaYoke has 30 seconds left.
|
|t:|1783030132
|switch|p1b: Charizard|Charizard-Mega-Y, L50, F|62/100
|-weather|SunnyDay|[from] ability: Drought|[of] p1b: Charizard
|move|p1a: Sneasler|Protect|p1a: Sneasler
|-singleturn|p1a: Sneasler|Protect
|move|p2a: Roku|Dazzling Gleam|p1b: Charizard|[spread] p1b
|-activate|p1a: Sneasler|move: Protect
|-resisted|p1b: Charizard|1
|-damage|p1b: Charizard|53/100
|
|-weather|SunnyDay|[upkeep]
|-damage|p2a: Roku|8/100 psn|[from] psn
|-fieldend|move: Trick Room
|upkeep
|turn|11
|
|t:|1783030148
|move|p1a: Sneasler|Dire Claw|p2a: Roku
|-supereffective|p2a: Roku|1
|-damage|p2a: Roku|0 fnt
|faint|p2a: Roku
|
|win|phi11y
||phi11y is ready for game 3.
