|j|☆Dippiedaan
|j|☆pedriesta
|html|Dippiedaanpedriesta    
|uhtml|bestof|Game 2 of a best-of-3
|t:|1783196360
|gametype|doubles
|player|p1|Dippiedaan|skyla|
|player|p2|pedriesta|169|
|gen|9
|tier|[Gen 9 Champions] VGC 2026 Reg M-B (Bo3)
|rule|Species Clause: Limit one of each Pokémon
|rule|Item Clause: Limit 1 of each item
|clearpoke
|poke|p1|Basculegion, L50, M|
|poke|p1|Garchomp, L50, M|
|poke|p1|Kingambit, L50, M|
|poke|p1|Sylveon, L50, M|
|poke|p1|Aerodactyl, L50, F|
|poke|p1|Charizard, L50, F|
|poke|p2|Aerodactyl, L50, M|
|poke|p2|Sylveon, L50, M|
|poke|p2|Charizard, L50, F|
|poke|p2|Garchomp, L50, F|
|poke|p2|Farigiraf, L50, F|
|poke|p2|Incineroar, L50, M|
|teampreview|4
|showteam|p1|Basculegion||FocusSash|Adaptability|Protect,LastRespects,AquaJet,Liquidation|Jolly||M|||50|]Garchomp||LifeOrb|RoughSkin|RockTomb,Earthquake,DragonClaw,Protect|Jolly||M|||50|]Kingambit||ChopleBerry|Defiant|SuckerPunch,KowtowCleave,LowKick,IronHead|Adamant||M|||50|]Sylveon||FairyFeather|Pixilate|Detect,HyperVoice,Moonblast,QuickAttack|Modest||M|||50|]Aerodactyl||Aerodactylite|Unnerve|Tailwind,DualWingbeat,RockSlide,Protect|Jolly||F|||50|]Charizard||CharizarditeY|Blaze|HeatWave,SolarBeam,WeatherBall,Protect|Modest||F|||50|
|showteam|p2|Aerodactyl||FocusSash|Unnerve|RockSlide,Tailwind,Sandstorm,WideGuard|Jolly||M|||50|]Sylveon||LifeOrb|Pixilate|HyperVoice,HyperBeam,QuickAttack,Detect|Modest||M|||50|]Charizard||CharizarditeY|Blaze|HeatWave,WeatherBall,SolarBeam,Protect|Modest||F|||50|]Garchomp||Garchompite|RoughSkin|StompingTantrum,DragonClaw,Earthquake,Protect|Adamant||F|||50|]Farigiraf||SitrusBerry|ArmorTail|TwinBeam,Thunderbolt,TrickRoom,HelpingHand|Quiet||F|||50|]Incineroar||PasshoBerry|Intimidate|FlareBlitz,ThroatChop,PartingShot,FakeOut|Adamant||M|||50|
|inactive|Battle timer is ON: inactive players will automatically lose when time's up. (requested by pedriesta)
|c|☆pedriesta|but crit didnt matter
|c|☆Dippiedaan|now the luck is starting to go unto my side
|c|☆Dippiedaan|yeah crit didnt matter year
|c|☆Dippiedaan|yeah*
|c|☆Dippiedaan|even if i didnt kill
|inactive|Dippiedaan has 60 seconds left.
|c|☆Dippiedaan|slide or quick attack whouldve done it
|
|t:|1783196412
|teamsize|p1|4
|teamsize|p2|4
|start
|switch|p1a: Kingambit|Kingambit, L50, M|100/100
|switch|p1b: Aerodactyl|Aerodactyl, L50, F|100/100
|switch|p2a: Sylveon|Sylveon, L50, M|100/100
|switch|p2b: Farigiraf|Farigiraf, L50, F|100/100
|-ability|p1b: Aerodactyl|Unnerve
|turn|1
|inactive|pedriesta has 30 seconds left.
|inactive|pedriesta has 20 seconds left.
|inactive|pedriesta has 15 seconds left.
|
|t:|1783196454
|detailschange|p1b: Aerodactyl|Aerodactyl-Mega, L50, F
|-mega|p1b: Aerodactyl|Aerodactyl|Aerodactylite
|move|p1b: Aerodactyl|Dual Wingbeat|p2a: Sylveon|[miss]
|-miss|p1b: Aerodactyl|p2a: Sylveon
|move|p2a: Sylveon|Hyper Beam|p1a: Kingambit
|-crit|p1a: Kingambit
|-damage|p1a: Kingambit|0 fnt
|-mustrecharge|p2a: Sylveon
|faint|p1a: Kingambit
|-damage|p2a: Sylveon|90/100|[from] item: Life Orb
|move|p2b: Farigiraf|Trick Room|p2b: Farigiraf
|-fieldstart|move: Trick Room|[of] p2b: Farigiraf
|
|upkeep
|c|☆Dippiedaan|i
|c|☆pedriesta|lol
|
|t:|1783196470
|switch|p1a: Garchomp|Garchomp, L50, M|100/100
|turn|2
|c|☆pedriesta|your aero is blind today
|c|☆Dippiedaan|he is
|c|☆Dippiedaan|he is better blind today than at world
|c|☆Dippiedaan|s
|
|t:|1783196495
|move|p2b: Farigiraf|Thunderbolt|p1b: Aerodactyl
|-supereffective|p1b: Aerodactyl|1
|-damage|p1b: Aerodactyl|40/100
|-status|p1b: Aerodactyl|par
|cant|p2a: Sylveon|recharge
|move|p1b: Aerodactyl|Dual Wingbeat|p2a: Sylveon
|-damage|p2a: Sylveon|62/100
|-damage|p2a: Sylveon|32/100
|-hitcount|p2a: Sylveon|2
|move|p1a: Garchomp|Earthquake|p2a: Sylveon|[spread] p2a,p2b
|-immune|p1b: Aerodactyl
|-damage|p2a: Sylveon|0 fnt
|-damage|p2b: Farigiraf|53/100
|faint|p2a: Sylveon
|-damage|p1a: Garchomp|90/100|[from] item: Life Orb
|
|upkeep
|inactive|pedriesta has 30 seconds left.
|
|t:|1783196530
|switch|p2a: Charizard|Charizard, L50, F|100/100
|turn|3
|
|t:|1783196539
|detailschange|p2a: Charizard|Charizard-Mega-Y, L50, F
|-mega|p2a: Charizard|Charizard|Charizardite Y
|-weather|SunnyDay|[from] ability: Drought|[of] p2a: Charizard
|move|p2b: Farigiraf|Thunderbolt|p1b: Aerodactyl
|-supereffective|p1b: Aerodactyl|1
|-damage|p1b: Aerodactyl|0 fnt
|faint|p1b: Aerodactyl
|move|p2a: Charizard|Solar Beam||[still]
|-prepare|p2a: Charizard|Solar Beam
|-anim|p2a: Charizard|Solar Beam|p1a: Garchomp
|-damage|p1a: Garchomp|41/100
|move|p1a: Garchomp|Rock Tomb|p2a: Charizard
|-supereffective|p2a: Charizard|2
|-damage|p2a: Charizard|1/100
|-unboost|p2a: Charizard|spe|1
|-damage|p1a: Garchomp|31/100|[from] item: Life Orb
|
|-weather|SunnyDay|[upkeep]
|upkeep
|
|t:|1783196554
|switch|p1b: Sylveon|Sylveon, L50, M|100/100
|turn|4
|
|t:|1783196571
|move|p1a: Garchomp|Protect|p1a: Garchomp
|-singleturn|p1a: Garchomp|Protect
|move|p2b: Farigiraf|Twin Beam|p1a: Garchomp
|-activate|p1a: Garchomp|move: Protect
|move|p2a: Charizard|Heat Wave|p1b: Sylveon|[spread] p1b
|-activate|p1a: Garchomp|move: Protect
|-damage|p1b: Sylveon|55/100
|move|p1b: Sylveon|Hyper Voice|p2a: Charizard|[spread] p2a,p2b
|-resisted|p2a: Charizard|1
|-damage|p2a: Charizard|0 fnt
|-damage|p2b: Farigiraf|13/100
|-enditem|p2b: Farigiraf|Sitrus Berry|[eat]
|-heal|p2b: Farigiraf|38/100|[from] item: Sitrus Berry
|faint|p2a: Charizard
|
|-weather|SunnyDay|[upkeep]
|upkeep
|
|t:|1783196582
|switch|p2a: Incineroar|Incineroar, L50, M|100/100
|-ability|p2a: Incineroar|Intimidate|boost
|-unboost|p1a: Garchomp|atk|1
|-unboost|p1b: Sylveon|atk|1
|turn|5
|
|t:|1783196590
|move|p1a: Garchomp|Protect||[still]
|-fail|p1a: Garchomp
|move|p2a: Incineroar|Fake Out|p1b: Sylveon
|-damage|p1b: Sylveon|42/100
|move|p2b: Farigiraf|Twin Beam|p1a: Garchomp
|-damage|p1a: Garchomp|12/100
|-damage|p1a: Garchomp|0 fnt
|faint|p1a: Garchomp
|-hitcount|p1: Garchomp|2
|cant|p1b: Sylveon|flinch
|
|-weather|SunnyDay|[upkeep]
|-fieldend|move: Trick Room
|upkeep
|turn|6
|
|t:|1783196607
|move|p2b: Farigiraf|Helping Hand|p2a: Incineroar
|-singleturn|p2a: Incineroar|Helping Hand|[of] p2b: Farigiraf
|move|p2a: Incineroar|Flare Blitz|p1b: Sylveon
|-damage|p1b: Sylveon|0 fnt
|faint|p1b: Sylveon
|-damage|p2a: Incineroar|86/100|[from] Recoil
|
|win|pedriesta
||Dippiedaan is ready for game 3.
|inactive|pedriesta has 30 seconds to confirm battle start!
||pedriesta is ready for game 3.
|uhtml|next|Next: Game 3 of 3
|l|☆Dippiedaan
|player|p1|
