|j|☆PinkSpaceDragon
|j|☆kyromax777
|html|PinkSpaceDragonkyromax777    
|uhtml|bestof|Game 1 of a best-of-3
|t:|1785791038
|gametype|doubles
|player|p1|PinkSpaceDragon|irida-masters2|1143
|player|p2|kyromax777|ingo|1062
|gen|9
|tier|[Gen 9 Champions] VGC 2026 Reg M-B (Bo3)
|rated|
|rule|Species Clause: Limit one of each Pokémon
|rule|Item Clause: Limit 1 of each item
|clearpoke
|poke|p1|Charizard, L50, M|
|poke|p1|Tsareena, L50, F|
|poke|p1|Aromatisse, L50, F|
|poke|p1|Garchomp, L50, F|
|poke|p1|Kingambit, L50, M|
|poke|p1|Aerodactyl, L50, M|
|poke|p2|Arcanine-Hisui, L50, M|
|poke|p2|Staraptor, L50, M, shiny|
|poke|p2|Farigiraf, L50, M|
|poke|p2|Sylveon, L50, M|
|poke|p2|Kingambit, L50, F|
|poke|p2|Raichu, L50, F|
|teampreview|4
|showteam|p1|Charizard||CharizarditeY|Blaze|Protect,WeatherBall,HeatWave,SolarBeam|Modest||M|||50|]Tsareena||WideLens|QueenlyMajesty|Protect,PowerWhip,TripleAxel,LowKick|Adamant||F|||50|]Aromatisse||SitrusBerry|AromaVeil|Moonblast,HelpingHand,Encore,TrickRoom|Sassy||F|||50|]Garchomp||LifeOrb|RoughSkin|Protect,DragonClaw,Earthquake,RockSlide|Jolly||F|||50|]Kingambit||FocusSash|Defiant|KowtowCleave,IronHead,LowKick,SuckerPunch|Adamant||M|||50|]Aerodactyl||Aerodactylite|Unnerve|WideGuard,RockSlide,DualWingbeat,Tailwind|Jolly||M|||50|
|showteam|p2|Arcanine-Hisui||FocusSash|RockHead|Protect,ExtremeSpeed,HeadSmash,FlareBlitz|Jolly||M|||50|]Staraptor||Staraptite|Intimidate|Tailwind,Protect,CloseCombat,DualWingbeat|Jolly||M|||50|]Farigiraf||SitrusBerry|ArmorTail|Protect,Psychic,TrickRoom,HelpingHand|Calm||M|||50|]Sylveon||FairyFeather|Pixilate|Protect,HyperBeam,HyperVoice,QuickAttack|Modest||M|||50|]Kingambit||LifeOrb|Defiant|Protect,KowtowCleave,SwordsDance,SuckerPunch|Adamant||F|||50|]Raichu||RaichuniteY|LightningRod|Protect,ZapCannon,FakeOut,FocusBlast|Timid||F|||50|
|
|t:|1785791093
|teamsize|p1|4
|teamsize|p2|4
|start
|switch|p1a: Garchomp|Garchomp, L50, F|100/100
|switch|p1b: Aerodactyl|Aerodactyl, L50, M|100/100
|switch|p2a: Raichu|Raichu, L50, F|100/100
|switch|p2b: Sylveon|Sylveon, L50, M|100/100
|-ability|p1b: Aerodactyl|Unnerve
|turn|1
|
|t:|1785791122
|switch|p1b: Tsareena|Tsareena, L50, F|100/100
|detailschange|p2a: Raichu|Raichu-Mega-Y, L50, F
|-mega|p2a: Raichu|Raichu|Raichunite Y
|move|p2a: Raichu|Zap Cannon|p1b: Tsareena
|-resisted|p1b: Tsareena|1
|-damage|p1b: Tsareena|68/100
|-status|p1b: Tsareena|par
|move|p1a: Garchomp|Earthquake|p2a: Raichu|[spread] p1b,p2a,p2b
|-resisted|p1b: Tsareena|1
|-supereffective|p2a: Raichu|1
|-damage|p1b: Tsareena|45/100 par
|-damage|p2a: Raichu|0 fnt
|-damage|p2b: Sylveon|40/100
|faint|p2a: Raichu
|-damage|p1a: Garchomp|90/100|[from] item: Life Orb
|move|p2b: Sylveon|Hyper Beam|p1a: Garchomp
|-supereffective|p1a: Garchomp|1
|-damage|p1a: Garchomp|0 fnt
|-mustrecharge|p2b: Sylveon
|faint|p1a: Garchomp
|
|upkeep
|
|t:|1785791142
|switch|p2a: Kingambit|Kingambit, L50, F|100/100
|switch|p1a: Aerodactyl|Aerodactyl, L50, M|100/100
|-ability|p1a: Aerodactyl|Unnerve
|turn|2
|
|t:|1785791159
|detailschange|p1a: Aerodactyl|Aerodactyl-Mega, L50, M
|-mega|p1a: Aerodactyl|Aerodactyl|Aerodactylite
|move|p1a: Aerodactyl|Dual Wingbeat|p2b: Sylveon|[miss]
|-miss|p1a: Aerodactyl|p2b: Sylveon
|cant|p2b: Sylveon|recharge
|move|p2a: Kingambit|Swords Dance|p2a: Kingambit
|-boost|p2a: Kingambit|atk|2
|move|p1b: Tsareena|Low Kick|p2a: Kingambit
|-supereffective|p2a: Kingambit|2
|-damage|p2a: Kingambit|5/100
|
|upkeep
|turn|3
|
|t:|1785791176
|move|p2a: Kingambit|Protect|p2a: Kingambit
|-singleturn|p2a: Kingambit|Protect
|move|p1a: Aerodactyl|Rock Slide|p2b: Sylveon|[spread] p2b
|-activate|p2a: Kingambit|move: Protect
|-damage|p2b: Sylveon|7/100
|move|p2b: Sylveon|Hyper Voice|p1b: Tsareena|[spread] p1a,p1b
|-damage|p1a: Aerodactyl|52/100
|-damage|p1b: Tsareena|0 fnt
|faint|p1b: Tsareena
|
|upkeep
|
|t:|1785791184
|switch|p1b: Kingambit|Kingambit, L50, M|100/100
|turn|4
|
|t:|1785791197
|switch|p2b: Arcanine|Arcanine-Hisui, L50, M|100/100
|move|p1b: Kingambit|Sucker Punch|p2a: Kingambit
|-resisted|p2a: Kingambit|1
|-crit|p2a: Kingambit
|-damage|p2a: Kingambit|0 fnt
|faint|p2a: Kingambit
|move|p1a: Aerodactyl|Rock Slide|p2b: Arcanine
|-supereffective|p2b: Arcanine|1
|-damage|p2b: Arcanine|1/100
|
|upkeep
|
|t:|1785791207
|switch|p2a: Sylveon|Sylveon, L50, M|7/100
|turn|5
|
|t:|1785791225
|move|p2b: Arcanine|Extreme Speed|p1a: Aerodactyl
|-resisted|p1a: Aerodactyl|1
|-damage|p1a: Aerodactyl|37/100
|move|p1b: Kingambit|Sucker Punch||[still]
|-fail|p1b: Kingambit
|move|p2a: Sylveon|Quick Attack|p1a: Aerodactyl
|-damage|p1a: Aerodactyl|21/100
|move|p1a: Aerodactyl|Rock Slide|p2b: Arcanine|[spread] p2a,p2b
|-crit|p2a: Sylveon
|-supereffective|p2b: Arcanine|1
|-damage|p2a: Sylveon|0 fnt
|-damage|p2b: Arcanine|0 fnt
|faint|p2a: Sylveon
|faint|p2b: Arcanine
|
|win|PinkSpaceDragon
