|j|☆testprofile_elec
|j|☆XelaMaster
|html|testprofile_elecXelaMaster    
|uhtml|bestof|Game 3 of a best-of-3
|t:|1782324467
|gametype|doubles
|player|p1|testprofile_elec|ethan|1164
|player|p2|XelaMaster|volkner|1080
|gen|9
|tier|[Gen 9 Champions] VGC 2026 Reg M-B (Bo3)
|rated|
|rule|Species Clause: Limit one of each Pokémon
|rule|Item Clause: Limit 1 of each item
|clearpoke
|poke|p1|Tyranitar, L50, F|
|poke|p1|Farigiraf, L50, M|
|poke|p1|Garchomp, L50, M|
|poke|p1|Charizard, L50, M|
|poke|p1|Whimsicott, L50, F|
|poke|p1|Mawile, L50, F|
|poke|p2|Gardevoir, L50, M|
|poke|p2|Maushold-Four, L50|
|poke|p2|Basculegion, L50, M|
|poke|p2|Kingambit, L50, M|
|poke|p2|Talonflame, L50, F|
|poke|p2|Garchomp, L50, F|
|teampreview|4
|showteam|p1|Tyranitar||ChopleBerry|SandStream|Protect,KnockOff,RockSlide,Earthquake|Brave||F|||50|]Farigiraf||MentalHerb|ArmorTail|Psychic,HelpingHand,TrickRoom,Thunder|Relaxed||M|||50|]Garchomp||LifeOrb|SandVeil|Protect,Earthquake,DragonClaw,PoisonJab|Adamant||M|||50|]Charizard||CharizarditeY|SolarPower|HeatWave,Protect,WeatherBall,SolarBeam|Timid||M|||50|]Whimsicott||FocusSash|Prankster|Tailwind,Moonblast,Protect,Encore|Timid||F|||50|]Mawile||Mawilite|HyperCutter|Protect,PlayRough,IronHead,SuckerPunch|Sassy||F|||50|
|showteam|p2|Gardevoir||Gardevoirite|Telepathy|HyperVoice,Protect,Psyshock,TrickRoom|Modest||M|||50|]Maushold-Four||FocusSash|FriendGuard|FollowMe,Encore,SuperFang,Protect|Jolly|||||50|]Basculegion||SitrusBerry|Adaptability|AquaJet,LastRespects,WaveCrash,Protect|Adamant||M|||50|]Kingambit||ChopleBerry|Defiant|Protect,SuckerPunch,KowtowCleave,IronHead|Adamant||M|||50|]Talonflame|||GaleWings|Tailwind,WillOWisp,Acrobatics,Protect|Jolly||F|||50|]Garchomp||LifeOrb|RoughSkin|Earthquake,RockSlide,DragonClaw,Protect|Adamant||F|||50|
|inactive|Battle timer is ON: inactive players will automatically lose when time's up. (requested by XelaMaster)
|inactive|testprofile_elec has 60 seconds left.
|inactive|XelaMaster has 60 seconds left.
|
|t:|1782324502
|teamsize|p1|4
|teamsize|p2|4
|start
|switch|p1a: Tyranitar|Tyranitar, L50, F|100/100
|switch|p1b: Farigiraf|Farigiraf, L50, M|100/100
|switch|p2a: Garchomp|Garchomp, L50, F|100/100
|switch|p2b: Talonflame|Talonflame, L50, F|100/100
|-weather|Sandstorm|[from] ability: Sand Stream|[of] p1a: Tyranitar
|turn|1
|
|t:|1782324526
|move|p2b: Talonflame|Will-O-Wisp|p1a: Tyranitar
|-status|p1a: Tyranitar|brn
|move|p2a: Garchomp|Earthquake|p1a: Tyranitar|[spread] p1a,p1b
|-immune|p2b: Talonflame
|-supereffective|p1a: Tyranitar|1
|-damage|p1a: Tyranitar|28/100 brn
|-damage|p1b: Farigiraf|56/100
|-damage|p2a: Garchomp|90/100|[from] item: Life Orb
|move|p1a: Tyranitar|Rock Slide|p2a: Garchomp|[spread] p2a,p2b
|-resisted|p2a: Garchomp|1
|-supereffective|p2b: Talonflame|2
|-damage|p2a: Garchomp|83/100
|-damage|p2b: Talonflame|5/100
|move|p1b: Farigiraf|Trick Room|p1b: Farigiraf
|-fieldstart|move: Trick Room|[of] p1b: Farigiraf
|
|-weather|Sandstorm|[upkeep]
|-damage|p1b: Farigiraf|50/100y|[from] Sandstorm
|-damage|p2b: Talonflame|0 fnt|[from] Sandstorm
|faint|p2b: Talonflame
|-damage|p1a: Tyranitar|22/100 brn|[from] brn
|upkeep
|
|t:|1782324548
|switch|p2b: Gardevoir|Gardevoir, L50, M|100/100
|turn|2
|
|t:|1782324562
|switch|p2a: Maushold|Maushold-Four, L50|100/100
|detailschange|p2b: Gardevoir|Gardevoir-Mega, L50, M
|-mega|p2b: Gardevoir|Gardevoir|Gardevoirite
|move|p1b: Farigiraf|Psychic|p2a: Maushold
|-damage|p2a: Maushold|61/100
|move|p1a: Tyranitar|Rock Slide|p2b: Gardevoir|[spread] p2a
|-miss|p1a: Tyranitar|p2b: Gardevoir
|-damage|p2a: Maushold|41/100
|move|p2b: Gardevoir|Hyper Voice|p1a: Tyranitar|[spread] p1a,p1b
|-supereffective|p1a: Tyranitar|1
|-damage|p1a: Tyranitar|0 fnt
|-damage|p1b: Farigiraf|6/100
|faint|p1a: Tyranitar
|
|-weather|Sandstorm|[upkeep]
|-damage|p1b: Farigiraf|1/100|[from] Sandstorm
|-damage|p2b: Gardevoir|94/100|[from] Sandstorm
|-damage|p2a: Maushold|35/100|[from] Sandstorm
|upkeep
|
|t:|1782324579
|switch|p1a: Mawile|Mawile, L50, F|100/100
|turn|3
|inactive|XelaMaster has 30 seconds left.
|
|t:|1782324612
|switch|p2b: Garchomp|Garchomp, L50, F|83/100
|detailschange|p1a: Mawile|Mawile-Mega, L50, F
|-mega|p1a: Mawile|Mawile|Mawilite
|move|p2a: Maushold|Protect|p2a: Maushold
|-singleturn|p2a: Maushold|Protect
|move|p1a: Mawile|Iron Head|p2b: Garchomp
|-damage|p2b: Garchomp|37/100
|-damage|p1a: Mawile|87/100|[from] ability: Rough Skin|[of] p2b: Garchomp
|move|p1b: Farigiraf|Psychic|p2a: Maushold
|-activate|p2a: Maushold|move: Protect
|
|-weather|Sandstorm|[upkeep]
|-damage|p1b: Farigiraf|0 fnt|[from] Sandstorm
|-damage|p2a: Maushold|29/100|[from] Sandstorm
|faint|p1b: Farigiraf
|upkeep
|
|t:|1782324626
|switch|p1b: Garchomp|Garchomp, L50, M|100/100
|turn|4
|
|t:|1782324641
|switch|p2a: Gardevoir|Gardevoir-Mega, L50, M|94/100
|move|p2b: Garchomp|Protect|p2b: Garchomp
|-singleturn|p2b: Garchomp|Protect
|move|p1a: Mawile|Iron Head|p2b: Garchomp
|-activate|p2b: Garchomp|move: Protect
|move|p1b: Garchomp|Dragon Claw|p2b: Garchomp
|-activate|p2b: Garchomp|move: Protect
|
|-weather|Sandstorm|[upkeep]
|-damage|p2a: Gardevoir|88/100|[from] Sandstorm
|upkeep
|turn|5
|inactive|XelaMaster has 30 seconds left.
|inactive|XelaMaster has 20 seconds left.
|inactive|testprofile_elec has 30 seconds left.
|inactive|XelaMaster has 15 seconds left.
|inactive|testprofile_elec has 20 seconds left.
|
|t:|1782324692
|switch|p2b: Maushold|Maushold-Four, L50|29/100
|move|p2a: Gardevoir|Protect|p2a: Gardevoir
|-singleturn|p2a: Gardevoir|Protect
|move|p1a: Mawile|Sucker Punch||[still]
|-fail|p1a: Mawile
|move|p1b: Garchomp|Poison Jab|p2a: Gardevoir
|-activate|p2a: Gardevoir|move: Protect
|
|-weather|none
|-fieldend|move: Trick Room
|upkeep
|turn|6
|
|t:|1782324715
|move|p2b: Maushold|Follow Me|p2b: Maushold
|-singleturn|p2b: Maushold|move: Follow Me
|move|p1a: Mawile|Sucker Punch||[still]
|-fail|p1a: Mawile
|move|p1b: Garchomp|Poison Jab|p2b: Maushold
|-damage|p2b: Maushold|0 fnt
|faint|p2b: Maushold
|-damage|p1b: Garchomp|90/100|[from] item: Life Orb
|move|p2a: Gardevoir|Hyper Voice|p1b: Garchomp|[spread] p1a,p1b
|-resisted|p1a: Mawile|1
|-supereffective|p1b: Garchomp|1
|-damage|p1a: Mawile|62/100
|-damage|p1b: Garchomp|0 fnt
|faint|p1b: Garchomp
|
|upkeep
|
|t:|1782324731
|switch|p2b: Garchomp|Garchomp, L50, F|37/100
|turn|7
|inactive|XelaMaster has 30 seconds left.
|
|t:|1782324765
|move|p2a: Gardevoir|Protect|p2a: Gardevoir
|-singleturn|p2a: Gardevoir|Protect
|move|p1a: Mawile|Protect|p1a: Mawile
|-singleturn|p1a: Mawile|Protect
|move|p2b: Garchomp|Earthquake|p1a: Mawile|[spread] 
|-activate|p2a: Gardevoir|move: Protect
|-activate|p1a: Mawile|move: Protect
|
|upkeep
|turn|8
|
|t:|1782324782
|move|p1a: Mawile|Sucker Punch|p2b: Garchomp
|-damage|p2b: Garchomp|2/100
|-damage|p1a: Mawile|50/100g|[from] ability: Rough Skin|[of] p2b: Garchomp
|move|p2b: Garchomp|Earthquake|p1a: Mawile|[spread] p2a,p1a
|-supereffective|p1a: Mawile|1
|-damage|p2a: Gardevoir|17/100
|-damage|p1a: Mawile|0 fnt
|faint|p1a: Mawile
|-damage|p2b: Garchomp|0 fnt|[from] item: Life Orb
|faint|p2b: Garchomp
|
|win|XelaMaster
|raw|testprofile_elec's rating: 1164 → 1133(-31 for losing)
|raw|XelaMaster's rating: 1080 → 1115(+35 for winning)
|c|☆testprofile_elec|gg
|c|☆XelaMaster|Gg
