|j|☆TreTrainer5252
|j|☆mrdevinegg
|html|TreTrainer5252mrdevinegg    
|uhtml|bestof|Game 1 of a best-of-3
|t:|1756834763
|gametype|doubles
|player|p1|TreTrainer5252|linebacker|1068
|player|p2|mrdevinegg|266|1000
|gen|9
|tier|[Gen 9] VGC 2025 Reg H (Bo3)
|rated|
|rule|Species Clause: Limit one of each Pokémon
|rule|Item Clause: Limit 1 of each item
|clearpoke
|poke|p1|Maushold-Four, L50|
|poke|p1|Primarina, L50, F|
|poke|p1|Archaludon, L50, F|
|poke|p1|Annihilape, L50, M|
|poke|p1|Amoonguss, L50, M|
|poke|p1|Incineroar, L50, M|
|poke|p2|Exeggutor-Alola, L50, F|
|poke|p2|Torkoal, L50, M|
|poke|p2|Rillaboom, L50, F|
|poke|p2|Incineroar, L50, M|
|poke|p2|Amoonguss, L50, F|
|teampreview|4
|showteam|p1|Maushold-Four||FocusSash|FriendGuard|BeatUp,Protect,FollowMe,PopulationBomb||||||50|,,,,,Ghost]Primarina||ThroatSpray|LiquidVoice|Haze,Protect,Moonblast,HyperVoice|||F|||50|,,,,,Grass]Archaludon||PowerHerb|Stamina|Snarl,BodyPress,ElectroShot,FlashCannon|||F|||50|,,,,,Fairy]Annihilape||Leftovers|Defiant|Protect,RageFist,DrainPunch,FinalGambit|||M|||50|,,,,,Fire]Amoonguss||SitrusBerry|Regenerator|Spore,Protect,PollenPuff,RagePowder|||M|||50|,,,,,Water]Incineroar||AssaultVest|Intimidate|Uturn,KnockOff,FlareBlitz,FakeOut|||M|||50|,,,,,Grass
|showteam|p2|Exeggutor-Alola||SitrusBerry|Harvest|TrickRoom,GigaDrain,DragonPulse,SolarBeam|||F|||50|,,,,,Water]Torkoal|||Drought|Protect,BodyPress,Overheat,Eruption|||M|||50|,,,,,Fire]Rillaboom||AssaultVest|Overgrow|GrassyGlide,FakeOut,DrumBeating,BrickBreak|||F|||50|,,,,,Grass]Incineroar||SafetyGoggles|Intimidate|FlareBlitz,PartingShot,FakeOut,KnockOff|||M|||50|,,,,,Fire]Amoonguss||MentalHerb|Regenerator|RagePowder,Protect,Spore,PollenPuff|||F|||50|,,,,,Grass
|inactive|Battle timer is ON: inactive players will automatically lose when time's up. (requested by TreTrainer5252)
|
|t:|1756834791
|teamsize|p1|4
|teamsize|p2|4
|start
|switch|p1a: Reunion|Maushold-Four, L50|100/100
|switch|p1b: Pazoo|Annihilape, L50, M, shiny|100/100
|switch|p2a: Exeggutor|Exeggutor-Alola, L50, F|100/100
|switch|p2b: Amoonguss|Amoonguss, L50, F|100/100
|turn|1
|
|t:|1756834817
|-terastallize|p1b: Pazoo|Fire
|move|p2b: Amoonguss|Rage Powder|p2b: Amoonguss
|-singleturn|p2b: Amoonguss|move: Rage Powder
|move|p1a: Reunion|Beat Up|p2b: Amoonguss
|-damage|p2b: Amoonguss|98/100
|-damage|p2b: Amoonguss|95/100
|-damage|p2b: Amoonguss|92/100
|-damage|p2b: Amoonguss|90/100
|-hitcount|p2b: Amoonguss|4
|move|p1b: Pazoo|Rage Fist|p2b: Amoonguss
|-damage|p2b: Amoonguss|67/100
|move|p2a: Exeggutor|Trick Room|p2a: Exeggutor
|-fieldstart|move: Trick Room|[of] p2a: Exeggutor
|
|upkeep
|turn|2
|inactive|mrdevinegg has 30 seconds left.
|
|t:|1756834842
|switch|p2b: Torkoal|Torkoal, L50, M|100/100
|-weather|SunnyDay|[from] ability: Drought|[of] p2b: Torkoal
|move|p2a: Exeggutor|Solar Beam||[still]
|-prepare|p2a: Exeggutor|Solar Beam
|-anim|p2a: Exeggutor|Solar Beam|p1a: Reunion
|-damage|p1a: Reunion|37/100
|move|p1b: Pazoo|Rage Fist|p2b: Torkoal
|-damage|p2b: Torkoal|87/100
|move|p1a: Reunion|Population Bomb|p2b: Torkoal
|-damage|p2b: Torkoal|84/100
|-damage|p2b: Torkoal|80/100
|-damage|p2b: Torkoal|77/100
|-damage|p2b: Torkoal|73/100
|-damage|p2b: Torkoal|70/100
|-damage|p2b: Torkoal|67/100
|-hitcount|p2b: Torkoal|6
|
|-weather|SunnyDay|[upkeep]
|upkeep
|turn|3
|inactive|mrdevinegg has 30 seconds left.
|inactive|mrdevinegg has 20 seconds left.
|
|t:|1756834881
|move|p2b: Torkoal|Body Press|p1b: Pazoo
|-damage|p1b: Pazoo|79/100
|move|p2a: Exeggutor|Solar Beam||[still]
|-prepare|p2a: Exeggutor|Solar Beam
|-anim|p2a: Exeggutor|Solar Beam|p1a: Reunion
|-damage|p1a: Reunion|0 fnt
|faint|p1a: Reunion
|move|p1b: Pazoo|Rage Fist|p2b: Torkoal
|-damage|p2b: Torkoal|41/100
|
|-weather|SunnyDay|[upkeep]
|-heal|p1b: Pazoo|85/100|[from] item: Leftovers
|upkeep
|
|t:|1756834896
|switch|p1a: Massacre|Incineroar, L50, M, shiny|100/100
|-ability|p1a: Massacre|Intimidate|boost
|-unboost|p2a: Exeggutor|atk|1
|-unboost|p2b: Torkoal|atk|1
|turn|4
|inactive|mrdevinegg has 30 seconds left.
|
|t:|1756834924
|move|p2b: Torkoal|Protect|p2b: Torkoal
|-singleturn|p2b: Torkoal|Protect
|move|p2a: Exeggutor|Dragon Pulse|p1b: Pazoo
|-damage|p1b: Pazoo|50/100
|move|p1a: Massacre|Flare Blitz|p2a: Exeggutor
|-damage|p2a: Exeggutor|0 fnt
|faint|p2a: Exeggutor
|-damage|p1a: Massacre|72/100|[from] Recoil
|move|p1b: Pazoo|Rage Fist|p2b: Torkoal
|-activate|p2b: Torkoal|move: Protect
|
|-weather|SunnyDay|[upkeep]
|-heal|p1b: Pazoo|56/100|[from] item: Leftovers
|upkeep
|
|t:|1756834938
|switch|p2a: Rillaboom|Rillaboom, L50, F|100/100
|turn|5
|
|t:|1756834963
|move|p1b: Pazoo|Protect|p1b: Pazoo
|-singleturn|p1b: Pazoo|Protect
|move|p2a: Rillaboom|Fake Out|p1b: Pazoo
|-activate|p1b: Pazoo|move: Protect
|move|p2b: Torkoal|Body Press|p1a: Massacre
|-supereffective|p1a: Massacre
|-damage|p1a: Massacre|13/100
|move|p1a: Massacre|Flare Blitz|p2a: Rillaboom
|-supereffective|p2a: Rillaboom
|-damage|p2a: Rillaboom|0 fnt
|faint|p2a: Rillaboom
|-damage|p1a: Massacre|0 fnt|[from] Recoil
|faint|p1a: Massacre
|
|-weather|SunnyDay|[upkeep]
|-heal|p1b: Pazoo|63/100|[from] item: Leftovers
|-fieldend|move: Trick Room
|upkeep
|
|t:|1756834978
|switch|p2a: Amoonguss|Amoonguss, L50, F|99/100
|switch|p1a: Seeyuh|Primarina, L50, F, shiny|100/100
|turn|6
|
|t:|1756835001
|move|p1a: Seeyuh|Protect|p1a: Seeyuh
|-singleturn|p1a: Seeyuh|Protect
|move|p2b: Torkoal|Protect|p2b: Torkoal
|-singleturn|p2b: Torkoal|Protect
|move|p1b: Pazoo|Rage Fist|p2a: Amoonguss
|-damage|p2a: Amoonguss|28/100
|move|p2a: Amoonguss|Spore|p1a: Seeyuh
|-activate|p1a: Seeyuh|move: Protect
|
|-weather|none
|-heal|p1b: Pazoo|69/100|[from] item: Leftovers
|upkeep
|turn|7
|inactive|mrdevinegg has 30 seconds left.
|
|t:|1756835029
|-terastallize|p2b: Torkoal|Fire
|move|p2a: Amoonguss|Protect|p2a: Amoonguss
|-singleturn|p2a: Amoonguss|Protect
|move|p1b: Pazoo|Rage Fist|p2a: Amoonguss
|-activate|p2a: Amoonguss|move: Protect
|move|p1a: Seeyuh|Hyper Voice|p2b: Torkoal|[spread] p2b
|-activate|p2a: Amoonguss|move: Protect
|-supereffective|p2b: Torkoal
|-damage|p2b: Torkoal|0 fnt
|faint|p2b: Torkoal
|-enditem|p1a: Seeyuh|Throat Spray
|-boost|p1a: Seeyuh|spa|1|[from] item: Throat Spray
|
|-heal|p1b: Pazoo|75/100|[from] item: Leftovers
|upkeep
|turn|8
|inactive|mrdevinegg has 30 seconds left.
|
|t:|1756835058
|move|p2a: Amoonguss|Rage Powder|p2a: Amoonguss
|-singleturn|p2a: Amoonguss|move: Rage Powder
|move|p1b: Pazoo|Rage Fist|p2a: Amoonguss
|-damage|p2a: Amoonguss|0 fnt
|faint|p2a: Amoonguss
|
|win|TreTrainer5252
||mrdevinegg is ready for game 2.
|inactive|TreTrainer5252 has 30 seconds to confirm battle start!
