|j|☆plaidhaxx
|j|☆lucarmi
|html|plaidhaxxlucarmi    
|uhtml|bestof|Game 1 of a best-of-3
|t:|1756547911
|gametype|doubles
|player|p1|plaidhaxx|grimsley|1060
|player|p2|lucarmi|1|1122
|gen|9
|tier|[Gen 9] VGC 2025 Reg H (Bo3)
|rated|
|rule|Species Clause: Limit one of each Pokémon
|rule|Item Clause: Limit 1 of each item
|clearpoke
|poke|p1|Sneasler, L50, F|
|poke|p1|Dragapult, L50, M|
|poke|p1|Primarina, L50, M|
|poke|p1|Rillaboom, L50, M|
|poke|p1|Kingambit, L50, F|
|poke|p1|Magmar, L50, F|
|poke|p2|Charizard, L50, F|
|poke|p2|Jumpluff, L50, F|
|poke|p2|Torkoal, L50, M|
|poke|p2|Porygon2, L50|
|poke|p2|Ursaluna, L50, M|
|poke|p2|Incineroar, L50, M|
|teampreview|4
|showteam|p1|Sneasler||FocusSash|PoisonTouch|CloseCombat,DireClaw,FakeOut,Protect|||F|||50|,,,,,Stellar]Dragapult||ChoiceBand|ClearBody|DragonDarts,TeraBlast,PhantomForce,Uturn|||M|||50|,,,,,Ghost]Primarina||SitrusBerry|LiquidVoice|HyperVoice,Moonblast,Haze,Protect|||M|||50|,,,,,Water]Rillaboom||AssaultVest|GrassySurge|WoodHammer,GrassyGlide,HighHorsepower,FakeOut|||M|||50|,,,,,Fire]Kingambit||BlackGlasses|Defiant|KowtowCleave,SuckerPunch,SwordsDance,Protect|||F|||50|,,,,,Ghost]Magmar||Eviolite|VitalSpirit|Overheat,WillOWisp,FollowMe,Protect|||F|||50|,,,,,Ghost
|showteam|p2|Charizard||ChoiceSpecs|SolarPower|HeatWave,Overheat,WeatherBall,AirSlash|||F|||50|,,,,,Ghost]Jumpluff||CovertCloak|Chlorophyll|SleepPowder,RagePowder,Tailwind,SunnyDay|||F|||50|,,,,,Water]Torkoal||EjectPack|Drought|Eruption,Overheat,HelpingHand,Protect|||M|||50|,,,,,Fire]Porygon2||Eviolite|Download|TeraBlast,IceBeam,Recover,TrickRoom||||||50|,,,,,Fighting]Ursaluna||FlameOrb|Guts|Facade,HeadlongRush,Earthquake,Protect|||M|||50|,,,,,Ghost]Incineroar||SafetyGoggles|Intimidate|FakeOut,PartingShot,KnockOff,FlareBlitz|||M|||50|,,,,,Ghost
|inactive|Battle timer is ON: inactive players will automatically lose when time's up. (requested by lucarmi)
|
|t:|1756547970
|teamsize|p1|4
|teamsize|p2|4
|start
|switch|p1a: Magmar|Magmar, L50, F|100/100
|switch|p1b: Dragapult|Dragapult, L50, M|100/100
|switch|p2a: Jumpluff|Jumpluff, L50, F, shiny|100/100
|switch|p2b: Porygon2|Porygon2, L50|100/100
|-ability|p2b: Porygon2|Download|boost
|-boost|p2b: Porygon2|atk|1
|turn|1
|inactive|lucarmi has 30 seconds left.
|
|t:|1756548004
|move|p2a: Jumpluff|Rage Powder|p2a: Jumpluff
|-singleturn|p2a: Jumpluff|move: Rage Powder
|move|p1a: Magmar|Follow Me|p1a: Magmar
|-singleturn|p1a: Magmar|move: Follow Me
|move|p1b: Dragapult|Dragon Darts|p2a: Jumpluff
|-damage|p2a: Jumpluff|58/100
|-anim|p1b: Dragapult|Dragon Darts|p2a: Jumpluff
|-damage|p2a: Jumpluff|16/100
|move|p2b: Porygon2|Trick Room|p2b: Porygon2
|-fieldstart|move: Trick Room|[of] p2b: Porygon2
|
|upkeep
|turn|2
|inactive|lucarmi has 30 seconds left.
|
|t:|1756548037
|move|p1a: Magmar|Follow Me|p1a: Magmar
|-singleturn|p1a: Magmar|move: Follow Me
|move|p2b: Porygon2|Ice Beam|p1a: Magmar
|-resisted|p1a: Magmar
|-damage|p1a: Magmar|89/100
|move|p2a: Jumpluff|Sleep Powder|p1a: Magmar
|-immune|p1a: Magmar|[from] ability: Vital Spirit
|move|p1b: Dragapult|Dragon Darts|p2a: Jumpluff
|-crit|p2a: Jumpluff
|-damage|p2a: Jumpluff|0 fnt
|-anim|p1b: Dragapult|Dragon Darts|p2b: Porygon2
|-damage|p2b: Porygon2|75/100
|faint|p2a: Jumpluff
|
|upkeep
|inactive|lucarmi has 30 seconds left.
|
|t:|1756548067
|switch|p2a: Ursaluna|Ursaluna, L50, M|100/100
|turn|3
|
|t:|1756548087
|move|p1a: Magmar|Follow Me|p1a: Magmar
|-singleturn|p1a: Magmar|move: Follow Me
|move|p2a: Ursaluna|Headlong Rush|p1a: Magmar
|-supereffective|p1a: Magmar
|-damage|p1a: Magmar|0 fnt
|-unboost|p2a: Ursaluna|def|1
|-unboost|p2a: Ursaluna|spd|1
|faint|p1a: Magmar
|move|p2b: Porygon2|Ice Beam|p1b: Dragapult
|-supereffective|p1b: Dragapult
|-damage|p1b: Dragapult|20/100
|move|p1b: Dragapult|Dragon Darts|p2b: Porygon2
|-damage|p2b: Porygon2|52/100
|-anim|p1b: Dragapult|Dragon Darts|p2a: Ursaluna
|-damage|p2a: Ursaluna|58/100
|
|-status|p2a: Ursaluna|brn|[from] item: Flame Orb
|upkeep
|
|t:|1756548109
|switch|p1a: Kingambit|Kingambit, L50, F|100/100
|turn|4
|inactive|lucarmi has 30 seconds left.
|inactive|lucarmi has 20 seconds left.
|inactive|lucarmi has 15 seconds left.
|
|t:|1756548151
|-terastallize|p1a: Kingambit|Ghost
|-terastallize|p2b: Porygon2|Fighting
|move|p2a: Ursaluna|Protect|p2a: Ursaluna
|-singleturn|p2a: Ursaluna|Protect
|move|p1a: Kingambit|Sucker Punch||[still]
|-fail|p1a: Kingambit
|move|p2b: Porygon2|Tera Blast|p1a: Kingambit|[anim] Tera Blast Fighting
|-immune|p1a: Kingambit
|move|p1b: Dragapult|Dragon Darts|p2b: Porygon2
|-crit|p2b: Porygon2
|-damage|p2b: Porygon2|14/100
|-anim|p1b: Dragapult|Dragon Darts|p2b: Porygon2
|-damage|p2b: Porygon2|0 fnt
|faint|p2b: Porygon2
|
|-damage|p2a: Ursaluna|52/100 brn|[from] brn
|upkeep
|
|t:|1756548166
|switch|p2b: Torkoal|Torkoal, L50, M|100/100
|-weather|SunnyDay|[from] ability: Drought|[of] p2b: Torkoal
|turn|5
|
|t:|1756548187
|move|p2a: Ursaluna|Protect||[still]
|-fail|p2a: Ursaluna
|move|p1a: Kingambit|Sucker Punch|p2b: Torkoal
|-crit|p2b: Torkoal
|-damage|p2b: Torkoal|44/100
|move|p2b: Torkoal|Eruption|p1a: Kingambit|[spread] p1a,p1b
|-resisted|p1b: Dragapult
|-damage|p1a: Kingambit|70/100
|-damage|p1b: Dragapult|0 fnt
|faint|p1b: Dragapult
|
|-weather|SunnyDay|[upkeep]
|-damage|p2a: Ursaluna|46/100 brn|[from] brn
|-fieldend|move: Trick Room
|upkeep
|
|t:|1756548198
|switch|p1b: Sneasler|Sneasler, L50, F|100/100
|turn|6
|
|t:|1756548222
|move|p2b: Torkoal|Helping Hand|p2a: Ursaluna
|-singleturn|p2a: Ursaluna|Helping Hand|[of] p2b: Torkoal
|move|p1b: Sneasler|Dire Claw|p2a: Ursaluna
|-resisted|p2a: Ursaluna
|-damage|p2a: Ursaluna|24/100 brn
|move|p2a: Ursaluna|Earthquake|p1b: Sneasler|[spread] p2b,p1a,p1b
|-supereffective|p2b: Torkoal
|-supereffective|p1b: Sneasler
|-damage|p2b: Torkoal|0 fnt
|-damage|p1a: Kingambit|0 fnt
|-enditem|p1b: Sneasler|Focus Sash
|-damage|p1b: Sneasler|1/100
|faint|p2b: Torkoal
|faint|p1a: Kingambit
|
|-weather|SunnyDay|[upkeep]
|-damage|p2a: Ursaluna|18/100 brn|[from] brn
|upkeep
|turn|7
|
|t:|1756548245
|move|p1b: Sneasler|Dire Claw|p2a: Ursaluna
|-resisted|p2a: Ursaluna
|-damage|p2a: Ursaluna|0 fnt
|faint|p2a: Ursaluna
|
|win|plaidhaxx
