|j|☆Brutalandathebozz
|j|☆shilips
|html|Brutalandathebozzshilips    
|uhtml|bestof|Game 3 of a best-of-3
|t:|1756731323
|gametype|doubles
|player|p1|Brutalandathebozz|266|1186
|player|p2|shilips|ninjaboy|1080
|gen|9
|tier|[Gen 9] VGC 2025 Reg H (Bo3)
|rated|
|rule|Species Clause: Limit one of each Pokémon
|rule|Item Clause: Limit 1 of each item
|clearpoke
|poke|p1|Sneasler, L50, M|
|poke|p1|Electabuzz, L50, F|
|poke|p1|Rillaboom, L50, F|
|poke|p1|Primarina, L50, F|
|poke|p1|Kingambit, L50, F|
|poke|p1|Volcarona, L50, F|
|poke|p2|Inteleon, L50, M|
|poke|p2|Dragonite, L50, M|
|poke|p2|Indeedee, L50, M|
|poke|p2|Pelipper, L50, M|
|poke|p2|Archaludon, L50, M|
|poke|p2|Sinistcha, L50|
|teampreview|4
|showteam|p1|Sneasler||FocusSash|PoisonTouch|FakeOut,CloseCombat,DireClaw,Protect|||M|||50|,,,,,Ghost]Electabuzz||Eviolite|VitalSpirit|Protect,Taunt,FollowMe,Electroweb|||F|||50|,,,,,Ghost]Rillaboom||AssaultVest|GrassySurge|WoodHammer,GrassyGlide,FakeOut,HighHorsepower|||F|||50|,,,,,Fire]Primarina||SitrusBerry|LiquidVoice|HyperVoice,Moonblast,Protect,Haze|||F|||50|,,,,,Poison]Kingambit||BlackGlasses|Defiant|KowtowCleave,SuckerPunch,Protect,SwordsDance|||F|||50|,,,,,Dark]Volcarona||CovertCloak|FlameBody|HeatWave,TeraBlast,QuiverDance,Protect|||F|||50|,,,,,Fairy
|showteam|p2|Inteleon||ChoiceSpecs|Torrent|IceBeam,SnipeShot,MuddyWater,VacuumWave|||M|||50|,,,,,Water]Dragonite||LoadedDice|InnerFocus|Protect,ScaleShot,IceSpinner,Haze|||M|||50|,,,,,Fairy]Indeedee||ChoiceScarf|PsychicSurge|ShadowBall,ExpandingForce,HyperVoice,Trick|||M|||50|,,,,,Ghost]Pelipper||FocusSash|Drizzle|Hurricane,WeatherBall,Tailwind,WideGuard|||M|||50|,,,,,Grass]Archaludon||AssaultVest|Stamina|DragonPulse,ElectroShot,BodyPress,FlashCannon|||M|||50|,,,,,Bug]Sinistcha||SitrusBerry|Hospitality|MatchaGotcha,RagePowder,LifeDew,TrickRoom||||||50|,,,,,Dark
|inactive|Battle timer is ON: inactive players will automatically lose when time's up. (requested by Brutalandathebozz)
|
|t:|1756731338
|teamsize|p1|4
|teamsize|p2|4
|start
|switch|p1a: Kingambit|Kingambit, L50, F|100/100
|switch|p1b: Electabuzz|Electabuzz, L50, F|100/100
|switch|p2a: Inteleon|Inteleon, L50, M, shiny|100/100
|switch|p2b: Pelipper|Pelipper, L50, M, shiny|100/100
|-weather|RainDance|[from] ability: Drizzle|[of] p2b: Pelipper
|turn|1
|
|t:|1756731362
|switch|p2b: Indeedee|Indeedee, L50, M, shiny|100/100
|-fieldstart|move: Psychic Terrain|[from] ability: Psychic Surge|[of] p2b: Indeedee
|switch|p1a: Rillaboom|Rillaboom, L50, F|100/100
|-fieldstart|move: Grassy Terrain|[from] ability: Grassy Surge|[of] p1a: Rillaboom
|move|p2a: Inteleon|Muddy Water|p1b: Electabuzz|[spread] p1a,p1b
|-resisted|p1a: Rillaboom
|-damage|p1a: Rillaboom|73/100
|-damage|p1b: Electabuzz|40/100
|-unboost|p1a: Rillaboom|accuracy|1
|move|p1b: Electabuzz|Electroweb|p2a: Inteleon|[spread] p2a,p2b
|-supereffective|p2a: Inteleon
|-damage|p2a: Inteleon|54/100
|-damage|p2b: Indeedee|82/100
|-unboost|p2a: Inteleon|spe|1
|-unboost|p2b: Indeedee|spe|1
|
|-weather|RainDance|[upkeep]
|-heal|p1b: Electabuzz|46/100|[from] Grassy Terrain
|-heal|p1a: Rillaboom|79/100|[from] Grassy Terrain
|-heal|p2b: Indeedee|88/100|[from] Grassy Terrain
|-heal|p2a: Inteleon|60/100|[from] Grassy Terrain
|upkeep
|turn|2
|inactive|Brutalandathebozz has 30 seconds left.
|inactive|shilips has 30 seconds left.
|inactive|Brutalandathebozz has 20 seconds left.
|inactive|shilips has 20 seconds left.
|inactive|Brutalandathebozz has 15 seconds left.
|inactive|shilips has 15 seconds left.
|inactive|Brutalandathebozz has 10 seconds left.
|inactive|shilips has 10 seconds left.
|inactive|shilips has 5 seconds left.
|
|t:|1756731412
|switch|p1b: Sneasler|Sneasler, L50, M|100/100
|switch|p2a: Dragonite|Dragonite, L50, M, shiny|100/100
|move|p1a: Rillaboom|Wood Hammer|p2b: Indeedee|[miss]
|-miss|p1a: Rillaboom|p2b: Indeedee
|move|p2b: Indeedee|Hyper Voice|p1b: Sneasler|[spread] p1a,p1b
|-damage|p1a: Rillaboom|52/100
|-damage|p1b: Sneasler|58/100
|
|-weather|RainDance|[upkeep]
|-heal|p1b: Sneasler|64/100|[from] Grassy Terrain
|-heal|p1a: Rillaboom|58/100|[from] Grassy Terrain
|-heal|p2b: Indeedee|94/100|[from] Grassy Terrain
|upkeep
|turn|3
|
|t:|1756731434
|switch|p2b: Pelipper|Pelipper, L50, M, shiny|100/100
|move|p1b: Sneasler|Fake Out|p2a: Dragonite
|-damage|p2a: Dragonite|86/100
|move|p1a: Rillaboom|Wood Hammer|p2b: Pelipper
|-damage|p2b: Pelipper|5/100
|-damage|p1a: Rillaboom|36/100|[from] Recoil
|move|p2a: Dragonite|Scale Shot|p1b: Sneasler
|-damage|p1b: Sneasler|39/100
|-damage|p1b: Sneasler|15/100
|-damage|p1b: Sneasler|0 fnt
|faint|p1b: Sneasler
|-hitcount|p1: Sneasler|3
|-unboost|p2a: Dragonite|def|1
|-boost|p2a: Dragonite|spe|1
|
|-weather|RainDance|[upkeep]
|-heal|p1a: Rillaboom|42/100|[from] Grassy Terrain
|upkeep
|
|t:|1756731444
|switch|p1b: Kingambit|Kingambit, L50, F|100/100
|turn|4
|inactive|shilips has 30 seconds left.
|inactive|Brutalandathebozz has 30 seconds left.
|
|t:|1756731487
|switch|p1a: Electabuzz|Electabuzz, L50, F|46/100
|move|p1b: Kingambit|Sucker Punch|p2b: Pelipper
|-damage|p2b: Pelipper|0 fnt
|faint|p2b: Pelipper
|move|p2a: Dragonite|Scale Shot|p1a: Electabuzz
|-damage|p1a: Electabuzz|33/100
|-damage|p1a: Electabuzz|20/100
|-damage|p1a: Electabuzz|5/100
|-damage|p1a: Electabuzz|0 fnt
|faint|p1a: Electabuzz
|-hitcount|p1: Electabuzz|4
|-unboost|p2a: Dragonite|def|1
|-boost|p2a: Dragonite|spe|1
|
|-weather|RainDance|[upkeep]
|upkeep
|inactive|shilips has 30 seconds left.
|
|t:|1756731516
|switch|p1a: Rillaboom|Rillaboom, L50, F|42/100
|switch|p2b: Indeedee|Indeedee, L50, M, shiny|94/100
|-fieldstart|move: Psychic Terrain|[from] ability: Psychic Surge|[of] p2b: Indeedee
|-fieldstart|move: Grassy Terrain|[from] ability: Grassy Surge|[of] p1a: Rillaboom
|turn|5
|inactive|Brutalandathebozz has 30 seconds left.
|inactive|shilips has 30 seconds left.
|inactive|shilips has 20 seconds left.
|inactive|shilips has 15 seconds left.
|inactive|shilips has 10 seconds left.
|
|t:|1756731565
|-terastallize|p2a: Dragonite|Fairy
|move|p1a: Rillaboom|Fake Out|p2a: Dragonite
|-damage|p2a: Dragonite|61/100
|move|p2a: Dragonite|Ice Spinner|p1a: Rillaboom
|-supereffective|p1a: Rillaboom
|-damage|p1a: Rillaboom|0 fnt
|-fieldend|move: Grassy Terrain
|faint|p1a: Rillaboom
|move|p2b: Indeedee|Hyper Voice|p1b: Kingambit
|-resisted|p1b: Kingambit
|-damage|p1b: Kingambit|75/100
|move|p1b: Kingambit|Kowtow Cleave|p2b: Indeedee
|-supereffective|p2b: Indeedee
|-damage|p2b: Indeedee|0 fnt
|faint|p2b: Indeedee
|
|-weather|none
|upkeep
|
|t:|1756731583
|switch|p2b: Inteleon|Inteleon, L50, M, shiny|60/100
|turn|6
|
|t:|1756731595
|move|p1b: Kingambit|Protect|p1b: Kingambit
|-singleturn|p1b: Kingambit|Protect
|move|p2b: Inteleon|Vacuum Wave|p2a: Dragonite
|-resisted|p2a: Dragonite
|-damage|p2a: Dragonite|49/100
|move|p2a: Dragonite|Scale Shot|p1b: Kingambit
|-activate|p1b: Kingambit|move: Protect
|
|upkeep
|turn|7
|inactive|Brutalandathebozz has 30 seconds left.
|
|t:|1756731629
|-terastallize|p1b: Kingambit|Dark
|move|p2b: Inteleon|Vacuum Wave|p1b: Kingambit
|-supereffective|p1b: Kingambit
|-damage|p1b: Kingambit|31/100
|move|p1b: Kingambit|Sucker Punch|p2a: Dragonite
|-resisted|p2a: Dragonite
|-damage|p2a: Dragonite|0 fnt
|faint|p2a: Dragonite
|
|upkeep
|turn|8
|
|t:|1756731641
|move|p2b: Inteleon|Vacuum Wave|p1b: Kingambit
|-supereffective|p1b: Kingambit
|-damage|p1b: Kingambit|0 fnt
|faint|p1b: Kingambit
|
|win|shilips
|raw|Brutalandathebozz's rating: 1186 → 1154(-32 for losing)
|raw|shilips's rating: 1080 → 1116(+36 for winning)
|l|☆Brutalandathebozz
|player|p1|
