|j|☆Caaammm0410
|j|☆toughlogvgc
|html|Caaammm0410toughlogvgc    
|uhtml|bestof|Game 1 of a best-of-3
|t:|1785689134
|gametype|doubles
|player|p1|Caaammm0410|cynthia-gen4|1156
|player|p2|toughlogvgc|266|1206
|gen|9
|tier|[Gen 9 Champions] VGC 2026 Reg M-B (Bo3)
|rated|
|rule|Species Clause: Limit one of each Pokémon
|rule|Item Clause: Limit 1 of each item
|clearpoke
|poke|p1|Pelipper, L50, F|
|poke|p1|Archaludon, L50, M|
|poke|p1|Swampert, L50, F|
|poke|p1|Staraptor, L50, M|
|poke|p1|Sylveon, L50, F|
|poke|p1|Scizor, L50, M|
|poke|p2|Charizard, L50, M|
|poke|p2|Garchomp, L50, M|
|poke|p2|Basculegion, L50, M|
|poke|p2|Whimsicott, L50, F|
|poke|p2|Kingambit, L50, F|
|poke|p2|Floette-Eternal, L50, F|
|teampreview|4
|showteam|p1|Pelipper||FocusSash|Drizzle|WeatherBall,Tailwind,Hurricane,Uturn|Modest||F|||50|]Archaludon||SitrusBerry|Stamina|ElectroShot,DragonPulse,FlashCannon,Protect|Timid||M|||50|]Swampert||Swampertite|Torrent|Earthquake,FlipTurn,WaveCrash,Protect|Careful||F|||50|]Staraptor||Staraptite|Intimidate|CloseCombat,BraveBird,Tailwind,Protect|Jolly||M|||50|]Sylveon||FairyFeather|Pixilate|QuickAttack,HyperVoice,Protect,Psychic|Sassy||F|||50|]Scizor||OccaBerry|Technician|BulletPunch,Pounce,BugBite,Protect|Adamant||M|||50|
|showteam|p2|Charizard||CharizarditeY|Blaze|HeatWave,SolarBeam,Protect,WeatherBall|Modest||M|||50|]Garchomp||LifeOrb|RoughSkin|DragonClaw,Earthquake,RockSlide,Protect|Jolly||M|||50|]Basculegion||ChoiceScarf|Adaptability|WaveCrash,AquaJet,FlipTurn,LastRespects|Adamant||M|||50|]Whimsicott||FocusSash|Prankster|Moonblast,Tailwind,Protect,Encore|Timid||F|||50|]Kingambit||BlackGlasses|Defiant|IronHead,KowtowCleave,Protect,SuckerPunch|Adamant||F|||50|]Floette-Eternal||Floettite|FlowerVeil|Moonblast,LightofRuin,DazzlingGleam,Protect|Modest||F|||50|
|
|t:|1785689176
|teamsize|p1|4
|teamsize|p2|4
|start
|switch|p1a: Staraptor|Staraptor, L50, M|100/100
|switch|p1b: Sylveon|Sylveon, L50, F|100/100
|switch|p2a: Whimsicott|Whimsicott, L50, F|100/100
|switch|p2b: Charizard|Charizard, L50, M|100/100
|-ability|p1a: Staraptor|Intimidate|boost
|-unboost|p2a: Whimsicott|atk|1
|-unboost|p2b: Charizard|atk|1
|turn|1
|inactive|Battle timer is ON: inactive players will automatically lose when time's up. (requested by toughlogvgc)
|
|t:|1785689215
|detailschange|p2b: Charizard|Charizard-Mega-Y, L50, M
|-mega|p2b: Charizard|Charizard|Charizardite Y
|-weather|SunnyDay|[from] ability: Drought|[of] p2b: Charizard
|move|p2a: Whimsicott|Tailwind|p2a: Whimsicott
|-sidestart|p2: toughlogvgc|move: Tailwind
|move|p2b: Charizard|Heat Wave|p1a: Staraptor|[spread] p1a,p1b
|-damage|p1a: Staraptor|0 fnt
|-damage|p1b: Sylveon|66/100
|faint|p1a: Staraptor
|move|p1b: Sylveon|Hyper Voice|p2a: Whimsicott|[spread] p2a,p2b
|-crit|p2a: Whimsicott
|-resisted|p2b: Charizard|1
|-damage|p2a: Whimsicott|16/100
|-damage|p2b: Charizard|82/100
|
|-weather|SunnyDay|[upkeep]
|upkeep
|
|t:|1785689227
|switch|p1a: Archaludon|Archaludon, L50, M|100/100
|turn|2
|
|t:|1785689236
|move|p1b: Sylveon|Quick Attack|p2a: Whimsicott
|-crit|p2a: Whimsicott
|-damage|p2a: Whimsicott|0 fnt
|faint|p2a: Whimsicott
|move|p2b: Charizard|Heat Wave|p1a: Archaludon|[spread] p1a,p1b
|-damage|p1a: Archaludon|19/100
|-damage|p1b: Sylveon|32/100
|-ability|p1a: Archaludon|Stamina|boost
|-boost|p1a: Archaludon|def|1
|-enditem|p1a: Archaludon|Sitrus Berry|[eat]
|-heal|p1a: Archaludon|43/100|[from] item: Sitrus Berry
|move|p1a: Archaludon|Dragon Pulse|p2b: Charizard
|-damage|p2b: Charizard|42/100
|
|-weather|SunnyDay|[upkeep]
|upkeep
|
|t:|1785689250
|switch|p2a: Basculegion|Basculegion, L50, M|100/100
|turn|3
|
|t:|1785689261
|move|p1b: Sylveon|Protect|p1b: Sylveon
|-singleturn|p1b: Sylveon|Protect
|move|p2a: Basculegion|Aqua Jet|p1b: Sylveon
|-activate|p1b: Sylveon|move: Protect
|move|p2b: Charizard|Heat Wave|p1a: Archaludon|[spread] p1a
|-activate|p1b: Sylveon|move: Protect
|-damage|p1a: Archaludon|0 fnt
|faint|p1a: Archaludon
|
|-weather|SunnyDay|[upkeep]
|upkeep
|
|t:|1785689264
|switch|p1a: Scizor|Scizor, L50, M|100/100
|turn|4
|
|t:|1785689280
|switch|p2a: Kingambit|Kingambit, L50, F|100/100
|move|p1a: Scizor|Bullet Punch|p2b: Charizard
|-resisted|p2b: Charizard|1
|-damage|p2b: Charizard|23/100
|move|p1b: Sylveon|Quick Attack|p2b: Charizard
|-resisted|p2b: Charizard|1
|-damage|p2b: Charizard|16/100
|move|p2b: Charizard|Heat Wave|p1a: Scizor|[spread] p1b
|-miss|p2b: Charizard|p1a: Scizor
|-damage|p1b: Sylveon|0 fnt
|faint|p1b: Sylveon
|
|-weather|SunnyDay|[upkeep]
|-sideend|p2: toughlogvgc|move: Tailwind
|upkeep
|turn|5
|
|t:|1785689299
|move|p1a: Scizor|Bullet Punch|p2b: Charizard
|-resisted|p2b: Charizard|1
|-damage|p2b: Charizard|0 fnt
|faint|p2b: Charizard
|move|p2a: Kingambit|Kowtow Cleave|p1a: Scizor
|-damage|p1a: Scizor|40/100
|
|-weather|none
|upkeep
|
|t:|1785689305
|switch|p2b: Basculegion|Basculegion, L50, M|100/100
|turn|6
|
|t:|1785689313
|move|p2a: Kingambit|Sucker Punch|p1a: Scizor
|-damage|p1a: Scizor|0 fnt
|faint|p1a: Scizor
|
|win|toughlogvgc
||Caaammm0410 is ready for game 2.
||toughlogvgc is ready for game 2.
|uhtml|next|Next: Game 2 of 3
