|j|☆1'mNicuu
|j|☆acmilanvgc
|html|1'mNicuuacmilanvgc    
|uhtml|bestof|Game 1 of a best-of-3
|t:|1757739319
|gametype|doubles
|player|p1|1'mNicuu|2|
|player|p2|acmilanvgc|buck|
|gen|9
|tier|[Gen 9] VGC 2025 Reg H (Bo3)
|rule|Species Clause: Limit one of each Pokémon
|rule|Item Clause: Limit 1 of each item
|clearpoke
|poke|p1|Quaquaval, L50, F|
|poke|p1|Oricorio-Pom-Pom, L50, F|
|poke|p1|Cinderace, L50, F|
|poke|p1|Volcarona, L50, M|
|poke|p1|Dragapult, L50, M|
|poke|p1|Meowscarada, L50, M|
|poke|p2|Dragonite, L50, F|
|poke|p2|Sinistcha, L50|
|poke|p2|Archaludon, L50, F|
|poke|p2|Ursaluna, L50, M|
|poke|p2|Gholdengo, L50|
|poke|p2|Pelipper, L50, F|
|teampreview|4
|showteam|p1|Quaquaval||MuscleBand|Moxie|AquaStep,IceSpinner,CloseCombat,BrickBreak|||F|||50|,,,,,Ice]Oricorio-Pom-Pom||BindingBand|Dancer|RevelationDance,HelpingHand,Hurricane,Tailwind|||F|||50|,,,,,Electric]Cinderace||BlackBelt|Libero|PyroBall,Uturn,HighJumpKick,ZenHeadbutt|||F|||50|,,,,,Grass]Volcarona||FocusBand|FlameBody|QuiverDance,RagePowder,FieryDance,GigaDrain|||M|||50|,,,,,Grass]Dragapult||ChoiceBand|ClearBody|Uturn,DragonDarts,PhantomForce,TeraBlast|||M|||50|,,,,,Steel]Meowscarada||ChoiceScarf|Protean|Uturn,PlayRough,LowKick,FlowerTrick|||M|||50|,,,,,Grass
|showteam|p2|Dragonite||LoadedDice|Multiscale|ScaleShot,Protect,Tailwind,Haze|||F|||50|,,,,,Fairy]Sinistcha||SitrusBerry|Hospitality|MatchaGotcha,RagePowder,TrickRoom,LifeDew||||||50|,,,,,Dark]Archaludon||AssaultVest|Stamina|DracoMeteor,BodyPress,ElectroShot,Snarl|||F|||50|,,,,,Bug]Ursaluna||FlameOrb|Guts|Earthquake,Facade,HeadlongRush,Protect|||M|||50|,,,,,Ghost]Gholdengo||ChoiceScarf|GoodasGold|MakeItRain,ShadowBall,Protect,Trick||||||50|,,,,,Flying]Pelipper||SafetyGoggles|Drizzle|WeatherBall,Hurricane,Protect,Tailwind|||F|||50|,,,,,Steel
|
|t:|1757739393
|teamsize|p1|4
|teamsize|p2|4
|start
|switch|p1a: Acid|Dragapult, L50, M, shiny|100/100
|switch|p1b: Meowscarada|Meowscarada, L50, M, shiny|100/100
|switch|p2a: Dragonite|Dragonite, L50, F|100/100
|switch|p2b: Gholdengo|Gholdengo, L50|100/100
|turn|1
|
|t:|1757739426
|-terastallize|p2a: Dragonite|Fairy
|move|p1b: Meowscarada|Play Rough|p2a: Dragonite
|-start|p1b: Meowscarada|typechange|Fairy|[from] ability: Protean
|-damage|p2a: Dragonite|77/100
|move|p1a: Acid|Phantom Force||[still]
|-prepare|p1a: Acid|Phantom Force
|move|p2b: Gholdengo|Shadow Ball|p1a: Acid|[miss]
|-miss|p2b: Gholdengo|p1a: Acid
|move|p2a: Dragonite|Scale Shot|p1b: Meowscarada
|-immune|p1b: Meowscarada
|
|upkeep
|turn|2
|
|t:|1757739467
|switch|p2b: Archaludon|Archaludon, L50, F|100/100
|move|p1b: Meowscarada|Play Rough|p2a: Dragonite|[miss]
|-miss|p1b: Meowscarada|p2a: Dragonite
|move|p1a: Acid|Phantom Force|p2b: Archaludon|[from] lockedmove
|-crit|p2b: Archaludon
|-damage|p2b: Archaludon|35/100
|-ability|p2b: Archaludon|Stamina|boost
|-boost|p2b: Archaludon|def|1
|move|p2a: Dragonite|Scale Shot|p1a: Acid
|-supereffective|p1a: Acid
|-damage|p1a: Acid|55/100
|-supereffective|p1a: Acid
|-damage|p1a: Acid|6/100
|-supereffective|p1a: Acid
|-damage|p1a: Acid|0 fnt
|faint|p1a: Acid
|-hitcount|p1: Acid|3
|-unboost|p2a: Dragonite|def|1
|-boost|p2a: Dragonite|spe|1
|
|upkeep
|
|t:|1757739478
|switch|p1a: Flama <3|Cinderace, L50, F|100/100
|turn|3
|
|t:|1757739501
|switch|p1b: Magma|Volcarona, L50, M|100/100
|move|p2a: Dragonite|Tailwind|p2a: Dragonite
|-sidestart|p2: acmilanvgc|move: Tailwind
|move|p2b: Archaludon|Body Press|p1a: Flama <3
|-damage|p1a: Flama <3|53/100
|move|p1a: Flama <3|Pyro Ball|p2b: Archaludon
|-damage|p2b: Archaludon|9/100
|-ability|p2b: Archaludon|Stamina|boost
|-boost|p2b: Archaludon|def|1
|
|upkeep
|turn|4
|
|t:|1757739519
|-terastallize|p1b: Magma|Grass
|move|p2a: Dragonite|Scale Shot|p1a: Flama <3
|-damage|p1a: Flama <3|32/100
|-damage|p1a: Flama <3|11/100
|-damage|p1a: Flama <3|0 fnt
|faint|p1a: Flama <3
|-hitcount|p1: Flama <3|3
|-unboost|p2a: Dragonite|def|1
|-boost|p2a: Dragonite|spe|1
|move|p2b: Archaludon|Draco Meteor|p1b: Magma
|-damage|p1b: Magma|30/100
|-unboost|p2b: Archaludon|spa|2
|move|p1b: Magma|Giga Drain|p2a: Dragonite
|-damage|p2a: Dragonite|29/100
|-heal|p1b: Magma|56/100|[from] drain|[of] p2a: Dragonite
|
|upkeep
|
|t:|1757739535
|switch|p1a: Meowscarada|Meowscarada, L50, M, shiny|100/100
|turn|5
|
|t:|1757739553
|move|p2a: Dragonite|Scale Shot|p1b: Magma
|-damage|p1b: Magma|31/100
|-damage|p1b: Magma|2/100
|-damage|p1b: Magma|0 fnt
|faint|p1b: Magma
|-hitcount|p1: Magma|3
|-unboost|p2a: Dragonite|def|1
|-boost|p2a: Dragonite|spe|1
|move|p1a: Meowscarada|Flower Trick|p2b: Archaludon
|-start|p1a: Meowscarada|typechange|Grass|[from] ability: Protean
|-resisted|p2b: Archaludon
|-crit|p2b: Archaludon
|-damage|p2b: Archaludon|0 fnt
|faint|p2b: Archaludon
|
|upkeep
|
|t:|1757739561
|switch|p2b: Pelipper|Pelipper, L50, F|100/100
|-weather|RainDance|[from] ability: Drizzle|[of] p2b: Pelipper
|turn|6
|
|t:|1757739568
|move|p2a: Dragonite|Scale Shot|p1a: Meowscarada
|-damage|p1a: Meowscarada|76/100
|-damage|p1a: Meowscarada|54/100
|-damage|p1a: Meowscarada|30/100
|-damage|p1a: Meowscarada|6/100
|-hitcount|p1a: Meowscarada|4
|-unboost|p2a: Dragonite|def|1
|-boost|p2a: Dragonite|spe|1
|move|p1a: Meowscarada|Flower Trick|p2b: Pelipper
|-crit|p2b: Pelipper
|-damage|p2b: Pelipper|48/100
|move|p2b: Pelipper|Hurricane|p1a: Meowscarada
|-supereffective|p1a: Meowscarada
|-damage|p1a: Meowscarada|0 fnt
|faint|p1a: Meowscarada
|
|win|acmilanvgc
||acmilanvgc is ready for game 2.
|inactive|1'mNicuu has 30 seconds to confirm battle start!
|inactive|1'mNicuu has 20 seconds to confirm battle start!
|l|☆1'mNicuu
|player|p1|
|inactive|1'mNicuu has 10 seconds to confirm battle start!
|inactive|1'mNicuu has 0 seconds to confirm battle start!
|uhtml|next|Next: Game 2 of 3
