|j|☆Person_McSomeone
|j|☆banjofalcon
|html|Person_McSomeonebanjofalcon    
|uhtml|bestof|Game 1 of a best-of-3
|t:|1784341519
|gametype|doubles
|player|p1|Person_McSomeone|miku-psychic|1079
|player|p2|banjofalcon|ninjaboy|1073
|gen|9
|tier|[Gen 9 Champions] VGC 2026 Reg M-B (Bo3)
|rated|
|rule|Species Clause: Limit one of each Pokémon
|rule|Item Clause: Limit 1 of each item
|clearpoke
|poke|p1|Maushold, L50|
|poke|p1|Gengar, L50, F|
|poke|p1|Arcanine-Hisui, L50, M|
|poke|p1|Talonflame, L50, F|
|poke|p1|Charizard, L50, M|
|poke|p1|Garchomp, L50, M|
|poke|p2|Staraptor, L50, F|
|poke|p2|Floette-Eternal, L50, F|
|poke|p2|Whimsicott, L50, F|
|poke|p2|Sinistcha, L50|
|poke|p2|Ceruledge, L50, F|
|poke|p2|Farigiraf, L50, M|
|teampreview|4
|showteam|p1|Maushold||WideLens|Technician|PopulationBomb,Bite,Protect,TidyUp|Jolly|||||50|]Gengar||Gengarite|CursedBody|WillOWisp,SludgeBomb,ShadowBall,Protect|Timid||F|||50|]Arcanine-Hisui||ChoiceScarf|Intimidate|FlareBlitz,RockSlide,ExtremeSpeed,IronHead|Adamant||M|||50|]Talonflame||FocusSash|GaleWings|Tailwind,DualWingbeat,Protect,Taunt|Jolly||F|||50|]Charizard||CharizarditeY|Blaze|HeatWave,WeatherBall,SolarBeam,Protect|Timid||M|||50|]Garchomp||LifeOrb|RoughSkin|StompingTantrum,DragonClaw,IronHead,Protect|Jolly||M|||50|
|showteam|p2|Staraptor||Staraptite|Intimidate|CloseCombat,BraveBird,Protect,Roost|Jolly||F|||50|]Floette-Eternal||Floettite|FlowerVeil|DazzlingGleam,Moonblast,Protect,LightofRuin|Timid||F|||50|]Whimsicott||FocusSash|Prankster|Charm,Tailwind,FakeTears,Moonblast|Timid||F|||50|]Sinistcha||CobaBerry|Hospitality|MatchaGotcha,RagePowder,StrengthSap,Protect|Calm|||||50|]Ceruledge||Leftovers|FlashFire|BulkUp,BitterBlade,ShadowSneak,Protect|Adamant||F|||50|]Farigiraf||SitrusBerry|ArmorTail|TrickRoom,Thunderbolt,Protect,HelpingHand|Calm||M|||50|
|inactive|Battle timer is ON: inactive players will automatically lose when time's up. (requested by Person_McSomeone)
|inactive|Person_McSomeone has 60 seconds left.
|
|t:|1784341552
|teamsize|p1|4
|teamsize|p2|4
|start
|switch|p1a: Gengar|Gengar, L50, F|100/100
|switch|p1b: Talonflame|Talonflame, L50, F|100/100
|switch|p2a: Staraptor|Staraptor, L50, F|100/100
|switch|p2b: Whimsicott|Whimsicott, L50, F|100/100
|-ability|p2a: Staraptor|Intimidate|boost
|-unboost|p1a: Gengar|atk|1
|-unboost|p1b: Talonflame|atk|1
|turn|1
|
|t:|1784341563
|detailschange|p1a: Gengar|Gengar-Mega, L50, F
|-mega|p1a: Gengar|Gengar|Gengarite
|detailschange|p2a: Staraptor|Staraptor-Mega, L50, F
|-mega|p2a: Staraptor|Staraptor|Staraptite
|move|p1b: Talonflame|Tailwind|p1b: Talonflame
|-sidestart|p1: Person_McSomeone|move: Tailwind
|move|p2b: Whimsicott|Fake Tears|p2a: Staraptor
|-boost|p2a: Staraptor|spd|2
|move|p1a: Gengar|Will-O-Wisp|p2a: Staraptor
|-status|p2a: Staraptor|brn
|move|p2a: Staraptor|Close Combat|p1b: Talonflame
|-resisted|p1b: Talonflame|1
|-damage|p1b: Talonflame|80/100
|-boost|p2a: Staraptor|def|1
|-boost|p2a: Staraptor|spd|1
|
|-damage|p2a: Staraptor|93/100 brn|[from] brn
|upkeep
|turn|2
|
|t:|1784341582
|move|p2b: Whimsicott|Charm|p2a: Staraptor
|-boost|p2a: Staraptor|atk|2
|move|p1a: Gengar|Sludge Bomb|p2b: Whimsicott
|-supereffective|p2b: Whimsicott|2
|-enditem|p2b: Whimsicott|Focus Sash
|-damage|p2b: Whimsicott|1/100
|-status|p2b: Whimsicott|psn
|move|p1b: Talonflame|Dual Wingbeat|p2a: Staraptor
|-supereffective|p2a: Staraptor|1
|-damage|p2a: Staraptor|81/100 brn
|-supereffective|p2a: Staraptor|1
|-damage|p2a: Staraptor|68/100 brn
|-hitcount|p2a: Staraptor|2
|move|p2a: Staraptor|Close Combat|p1b: Talonflame
|-resisted|p1b: Talonflame|1
|-damage|p1b: Talonflame|35/100
|-boost|p2a: Staraptor|def|1
|-boost|p2a: Staraptor|spd|1
|
|-damage|p2b: Whimsicott|0 fnt|[from] psn
|faint|p2b: Whimsicott
|-damage|p2a: Staraptor|62/100 brn|[from] brn
|upkeep
|
|t:|1784341600
|switch|p2b: Sinistcha|Sinistcha, L50|100/100
|-heal|p2a: Staraptor|87/100 brn|[from] ability: Hospitality|[of] p2b: Sinistcha
|turn|3
|
|t:|1784341607
|move|p1a: Gengar|Shadow Ball|p2b: Sinistcha
|-supereffective|p2b: Sinistcha|1
|-damage|p2b: Sinistcha|12/100
|move|p1b: Talonflame|Dual Wingbeat|p2b: Sinistcha
|-supereffective|p2b: Sinistcha|1
|-enditem|p2b: Sinistcha|Coba Berry|[eat]
|-enditem|p2b: Sinistcha|Coba Berry|[weaken]
|-damage|p2b: Sinistcha|2/100
|-supereffective|p2b: Sinistcha|1
|-damage|p2b: Sinistcha|0 fnt
|faint|p2b: Sinistcha
|-hitcount|p2: Sinistcha|2
|move|p2a: Staraptor|Close Combat|p1b: Talonflame
|-resisted|p1b: Talonflame|1
|-damage|p1b: Talonflame|0 fnt
|-boost|p2a: Staraptor|def|1
|-boost|p2a: Staraptor|spd|1
|faint|p1b: Talonflame
|
|-damage|p2a: Staraptor|81/100 brn|[from] brn
|upkeep
|
|t:|1784341620
|switch|p1b: Garchomp|Garchomp, L50, M|100/100
|switch|p2b: Ceruledge|Ceruledge, L50, F|100/100
|turn|4
|
|t:|1784341632
|move|p2b: Ceruledge|Protect|p2b: Ceruledge
|-singleturn|p2b: Ceruledge|Protect
|move|p1a: Gengar|Shadow Ball|p2b: Ceruledge
|-activate|p2b: Ceruledge|move: Protect
|move|p1b: Garchomp|Dragon Claw|p2a: Staraptor
|-damage|p2a: Staraptor|60/100 brn
|-damage|p1b: Garchomp|90/100|[from] item: Life Orb
|move|p2a: Staraptor|Brave Bird|p1a: Gengar
|-damage|p1a: Gengar|9/100
|-damage|p2a: Staraptor|39/100 brn|[from] Recoil
|
|-damage|p2a: Staraptor|33/100 brn|[from] brn
|-sideend|p1: Person_McSomeone|move: Tailwind
|upkeep
|turn|5
|
|t:|1784341648
|move|p1a: Gengar|Protect|p1a: Gengar
|-singleturn|p1a: Gengar|Protect
|move|p2b: Ceruledge|Shadow Sneak|p1a: Gengar
|-activate|p1a: Gengar|move: Protect
|move|p2a: Staraptor|Roost|p2a: Staraptor
|-heal|p2a: Staraptor|83/100 brn
|-singleturn|p2a: Staraptor|move: Roost
|move|p1b: Garchomp|Dragon Claw|p2a: Staraptor
|-damage|p2a: Staraptor|60/100 brn
|-damage|p1b: Garchomp|80/100|[from] item: Life Orb
|
|-damage|p2a: Staraptor|54/100 brn|[from] brn
|upkeep
|turn|6
|
|t:|1784341669
|switch|p1a: Maushold|Maushold, L50|100/100
|move|p2a: Staraptor|Close Combat|p1b: Garchomp
|-damage|p1b: Garchomp|24/100
|-boost|p2a: Staraptor|def|1
|-boost|p2a: Staraptor|spd|1
|-damage|p2a: Staraptor|41/100 brn|[from] ability: Rough Skin|[of] p1b: Garchomp
|move|p1b: Garchomp|Stomping Tantrum|p2b: Ceruledge
|-supereffective|p2b: Ceruledge|1
|-damage|p2b: Ceruledge|0 fnt
|faint|p2b: Ceruledge
|-damage|p1b: Garchomp|15/100|[from] item: Life Orb
|
|-damage|p2a: Staraptor|35/100 brn|[from] brn
|upkeep
|turn|7
|
|t:|1784341688
|move|p1a: Maushold|Tidy Up|p1a: Maushold
|-boost|p1a: Maushold|atk|1
|-boost|p1a: Maushold|spe|1
|move|p2a: Staraptor|Roost|p2a: Staraptor
|-heal|p2a: Staraptor|85/100 brn
|-singleturn|p2a: Staraptor|move: Roost
|move|p1b: Garchomp|Dragon Claw|p2a: Staraptor
|-damage|p2a: Staraptor|67/100 brn
|-damage|p1b: Garchomp|5/100|[from] item: Life Orb
|
|-damage|p2a: Staraptor|60/100 brn|[from] brn
|upkeep
|turn|8
|
|t:|1784341699
|move|p1a: Maushold|Population Bomb|p2a: Staraptor
|-damage|p2a: Staraptor|55/100 brn
|-damage|p2a: Staraptor|50/100g brn
|-damage|p2a: Staraptor|45/100 brn
|-damage|p2a: Staraptor|40/100 brn
|-damage|p2a: Staraptor|34/100 brn
|-damage|p2a: Staraptor|30/100 brn
|-damage|p2a: Staraptor|23/100 brn
|-damage|p2a: Staraptor|18/100 brn
|-damage|p2a: Staraptor|12/100 brn
|-damage|p2a: Staraptor|7/100 brn
|-hitcount|p2a: Staraptor|10
|move|p2a: Staraptor|Close Combat|p1a: Maushold
|-supereffective|p1a: Maushold|1
|-damage|p1a: Maushold|0 fnt
|-boost|p2a: Staraptor|def|1
|faint|p1a: Maushold
|move|p1b: Garchomp|Dragon Claw|p2a: Staraptor
|-damage|p2a: Staraptor|0 fnt
|faint|p2a: Staraptor
|-damage|p1b: Garchomp|0 fnt|[from] item: Life Orb
|faint|p1b: Garchomp
|
|win|Person_McSomeone
||banjofalcon is ready for game 2.
|l|☆banjofalcon
|player|p2|
|raw|Person_McSomeone's rating: 1079 → 1107(+28 for winning)
|raw|banjofalcon's rating: 1073 → 1052(-21 for losing)
