|j|‽Hgdsdfhkjj
|j|☆artyowls
|html|Hgdsdfhkjjartyowls    
|uhtml|bestof|Game 2 of a best-of-3
|t:|1756292128
|gametype|doubles
|player|p1|Hgdsdfhkjj|266|1104
|player|p2|artyowls|plasmagrunt|1159
|gen|9
|tier|[Gen 9] VGC 2025 Reg H (Bo3)
|rated|
|rule|Species Clause: Limit one of each Pokémon
|rule|Item Clause: Limit 1 of each item
|clearpoke
|poke|p1|Sneasler, L50, M|
|poke|p1|Rillaboom, L50, M|
|poke|p1|Kingambit, L50, F|
|poke|p1|Dragapult, L50, M|
|poke|p1|Ninetales-Alola, L50, M|
|poke|p1|Magmar, L50, F|
|poke|p2|Archaludon, L50, F|
|poke|p2|Electabuzz, L50, M|
|poke|p2|Rillaboom, L50, F|
|poke|p2|Kingambit, L50, M|
|poke|p2|Pelipper, L50, M|
|poke|p2|Dragapult, L50, F|
|teampreview|4
|showteam|p1|Sneasler||FocusSash|PoisonTouch|FakeOut,DireClaw,CloseCombat,Protect|||M|||50|,,,,,Stellar]Rillaboom||AssaultVest|GrassySurge|FakeOut,GrassyGlide,WoodHammer,HighHorsepower|||M|||50|,,,,,Fire]Kingambit||DreadPlate|Defiant|KowtowCleave,SuckerPunch,SwordsDance,Protect|||F|||50|,,,,,Dark]Dragapult||ChoiceBand|ClearBody|DragonDarts,TeraBlast,PhantomForce,Uturn|||M|||50|,,,,,Ghost]Ninetales-Alola||NeverMeltIce|SnowWarning|AuroraVeil,Blizzard,FreezeDry,Protect|||M|||50|,,,,,Steel]Magmar||Eviolite|VitalSpirit|FollowMe,Overheat,WillOWisp,Protect|||F|||50|,,,,,Ghost
|showteam|p2|Archaludon||AssaultVest|Stamina|BodyPress,ElectroShot,DracoMeteor,FlashCannon|||F|||50|,,,,,Flying]Electabuzz||Eviolite|VitalSpirit|FollowMe,Protect,Taunt,Thunderbolt|||M|||50|,,,,,Fairy]Rillaboom||LoadedDice|GrassySurge|FakeOut,GrassyGlide,BulletSeed,HighHorsepower|||F|||50|,,,,,Water]Kingambit||SafetyGoggles|Defiant|SuckerPunch,SwordsDance,KowtowCleave,Protect|||M|||50|,,,,,Dark]Pelipper||FocusSash|Drizzle|Hurricane,WeatherBall,Protect,Tailwind|||M|||50|,,,,,Stellar]Dragapult||ChoiceBand|ClearBody|DragonDarts,PhantomForce,Outrage,Uturn|||F|||50|,,,,,Dragon
|inactive|Battle timer is ON: inactive players will automatically lose when time's up. (requested by Hgdsdfhkjj)
|
|t:|1756292165
|teamsize|p1|4
|teamsize|p2|4
|start
|switch|p1a: Sneasler|Sneasler, L50, M|100/100
|switch|p1b: Dragapult|Dragapult, L50, M|100/100
|switch|p2a: Rillaboom|Rillaboom, L50, F|100/100
|switch|p2b: Archaludon|Archaludon, L50, F|100/100
|-fieldstart|move: Grassy Terrain|[from] ability: Grassy Surge|[of] p2a: Rillaboom
|turn|1
|inactive|artyowls has 30 seconds left.
|inactive|artyowls has 20 seconds left.
|
|t:|1756292204
|move|p1a: Sneasler|Fake Out|p2a: Rillaboom
|-damage|p2a: Rillaboom|86/100
|move|p1b: Dragapult|Phantom Force||[still]
|-prepare|p1b: Dragapult|Phantom Force
|cant|p2a: Rillaboom|flinch
|move|p2b: Archaludon|Body Press|p1a: Sneasler
|-resisted|p1a: Sneasler
|-damage|p1a: Sneasler|81/100
|
|-heal|p1a: Sneasler|87/100|[from] Grassy Terrain
|-heal|p2a: Rillaboom|92/100|[from] Grassy Terrain
|upkeep
|turn|2
|inactive|artyowls has 30 seconds left.
|inactive|Hgdsdfhkjj has 30 seconds left.
|inactive|artyowls has 20 seconds left.
|inactive|Hgdsdfhkjj has 20 seconds left.
|inactive|Hgdsdfhkjj has 15 seconds left.
|
|t:|1756292256
|switch|p2a: Pelipper|Pelipper, L50, M|100/100
|-weather|RainDance|[from] ability: Drizzle|[of] p2a: Pelipper
|move|p1b: Dragapult|Phantom Force|p2a: Pelipper|[from] lockedmove
|-damage|p2a: Pelipper|8/100
|move|p1a: Sneasler|Close Combat|p2b: Archaludon
|-supereffective|p2b: Archaludon
|-damage|p2b: Archaludon|12/100
|-unboost|p1a: Sneasler|def|1
|-unboost|p1a: Sneasler|spd|1
|-ability|p2b: Archaludon|Stamina|boost
|-boost|p2b: Archaludon|def|1
|move|p2b: Archaludon|Electro Shot||[still]
|-prepare|p2b: Archaludon|Electro Shot
|-boost|p2b: Archaludon|spa|1
|-anim|p2b: Archaludon|Electro Shot|p1a: Sneasler
|-damage|p1a: Sneasler|0 fnt
|faint|p1a: Sneasler
|
|-weather|RainDance|[upkeep]
|-heal|p2b: Archaludon|18/100|[from] Grassy Terrain
|upkeep
|inactive|Hgdsdfhkjj has 30 seconds left.
|
|t:|1756292281
|switch|p1a: Ninetales|Ninetales-Alola, L50, M|100/100
|-weather|Snowscape|[from] ability: Snow Warning|[of] p1a: Ninetales
|turn|3
|
|t:|1756292301
|move|p1b: Dragapult|Phantom Force||[still]
|-prepare|p1b: Dragapult|Phantom Force
|move|p1a: Ninetales|Blizzard|p2b: Archaludon|[spread] p2a,p2b
|-damage|p2a: Pelipper|0 fnt
|-damage|p2b: Archaludon|0 fnt
|faint|p2a: Pelipper
|faint|p2b: Archaludon
|
|-weather|Snowscape|[upkeep]
|upkeep
|
|t:|1756292305
|switch|p2a: Rillaboom|Rillaboom, L50, F|92/100
|switch|p2b: Dragapult|Dragapult, L50, F|100/100
|turn|4
|
|t:|1756292324
|-terastallize|p2b: Dragapult|Dragon
|move|p2a: Rillaboom|Fake Out|p1a: Ninetales
|-damage|p1a: Ninetales|86/100
|move|p2b: Dragapult|Dragon Darts|p1b: Dragapult
|-immune|p1a: Ninetales
|move|p1b: Dragapult|Phantom Force|p2b: Dragapult|[from] lockedmove
|-damage|p2b: Dragapult|5/100
|cant|p1a: Ninetales|flinch
|
|-weather|Snowscape|[upkeep]
|-heal|p2b: Dragapult|11/100|[from] Grassy Terrain
|-heal|p1a: Ninetales|92/100|[from] Grassy Terrain
|-heal|p2a: Rillaboom|98/100|[from] Grassy Terrain
|upkeep
|turn|5
|
|t:|1756292347
|move|p1b: Dragapult|Phantom Force||[still]
|-prepare|p1b: Dragapult|Phantom Force
|move|p2b: Dragapult|Dragon Darts|p1b: Dragapult
|-immune|p1a: Ninetales
|move|p1a: Ninetales|Aurora Veil|p1a: Ninetales
|-sidestart|p1: Hgdsdfhkjj|move: Aurora Veil
|move|p2a: Rillaboom|Bullet Seed|p1b: Dragapult|[miss]
|-miss|p2a: Rillaboom|p1b: Dragapult
|
|-weather|Snowscape|[upkeep]
|-heal|p2b: Dragapult|18/100|[from] Grassy Terrain
|-heal|p1a: Ninetales|98/100|[from] Grassy Terrain
|-heal|p2a: Rillaboom|100/100|[from] Grassy Terrain
|-fieldend|move: Grassy Terrain
|upkeep
|turn|6
|
|t:|1756292359
|move|p1b: Dragapult|Phantom Force|p2a: Rillaboom|[from] lockedmove
|-damage|p2a: Rillaboom|36/100
|move|p2b: Dragapult|Dragon Darts|p1b: Dragapult
|-supereffective|p1b: Dragapult
|-damage|p1b: Dragapult|4/100
|-anim|p2b: Dragapult|Dragon Darts|p1b: Dragapult
|-supereffective|p1b: Dragapult
|-damage|p1b: Dragapult|0 fnt
|faint|p1b: Dragapult
|move|p1a: Ninetales|Blizzard|p2b: Dragapult|[spread] p2a,p2b
|-supereffective|p2a: Rillaboom
|-supereffective|p2b: Dragapult
|-crit|p2b: Dragapult
|-damage|p2a: Rillaboom|0 fnt
|-damage|p2b: Dragapult|0 fnt
|faint|p2a: Rillaboom
|faint|p2b: Dragapult
|
|win|Hgdsdfhkjj
|raw|Hgdsdfhkjj's rating: 1104 → 1133(+29 for winning)
|raw|artyowls's rating: 1159 → 1130(-29 for losing)
|l|‽Hgdsdfhkjj
|player|p1|
