|j|☆Elyihas
|j|☆dodovgc
|html|Elyihasdodovgc    
|uhtml|bestof|Game 2 of a best-of-3
|t:|1784323463
|gametype|doubles
|player|p1|Elyihas|101|
|player|p2|dodovgc|2|
|gen|9
|tier|[Gen 9 Champions] VGC 2026 Reg M-B (Bo3)
|rule|Species Clause: Limit one of each Pokémon
|rule|Item Clause: Limit 1 of each item
|clearpoke
|poke|p1|Staraptor, L50, M|
|poke|p1|Incineroar, L50, M|
|poke|p1|Basculegion, L50, M|
|poke|p1|Whimsicott, L50, F|
|poke|p1|Farigiraf, L50, M|
|poke|p1|Garchomp, L50, F|
|poke|p2|Kingambit, L50, F|
|poke|p2|Garchomp, L50, M|
|poke|p2|Whimsicott, L50, M|
|poke|p2|Staraptor, L50, M|
|poke|p2|Pyroar, L50, F|
|poke|p2|Gholdengo, L50|
|teampreview|4
|showteam|p1|Staraptor||Staraptite|Intimidate|Protect,DualWingbeat,CloseCombat,Roost|Adamant||M|||50|]Incineroar||SitrusBerry|Intimidate|FakeOut,FlareBlitz,ThroatChop,PartingShot|Adamant||M|||50|]Basculegion||MysticWater|Adaptability|LastRespects,Protect,AquaJet,WaveCrash|Jolly||M|||50|]Whimsicott||FocusSash|Prankster|Tailwind,Encore,Charm,Moonblast|Timid||F|||50|]Farigiraf||Leftovers|ArmorTail|FoulPlay,Endeavor,TrickRoom,Protect|Sassy||M|||50|]Garchomp||LifeOrb|RoughSkin|Protect,StompingTantrum,RockSlide,DragonClaw|Jolly||F|||50|
|showteam|p2|Kingambit||ChopleBerry|Defiant|Protect,KowtowCleave,SuckerPunch,IronHead|Adamant||F|||50|]Garchomp||LifeOrb|RoughSkin|Earthquake,RockSlide,DragonClaw,Liquidation|Jolly||M|||50|]Whimsicott||FocusSash|Prankster|Protect,Tailwind,Moonblast,Charm|Modest||M|||50|]Staraptor||Staraptite|Intimidate|BraveBird,CloseCombat,Roost,Protect|Jolly||M|||50|]Pyroar||Pyroarite|Unnerve|Protect,ScorchingSands,Overheat,HeatWave|Timid||F|||50|]Gholdengo||ExpertBelt|GoodasGold|MakeItRain,ShadowBall,PowerGem,Protect|Modest|||||50|
|c|☆dodovgc|Me acabo de dar cuenta de que tengo al garchomp con los movimiento mal jajajaja
|c|☆dodovgc|bueno happens
|c|☆Elyihas|Lleva Liquidation WTF??
|c|☆dodovgc|Ya sí
|c|☆dodovgc|jajajajaj
|c|☆Elyihas|Ni sabía que lo aprendía
|c|☆dodovgc|Una cosa que probé, claramente salió mal y no me acordé de cambiar, debería tener un protect ahí jajaja
|c|☆Elyihas|Soy muy fan de equipos con movimientos extraños
|
|t:|1784323596
|teamsize|p1|4
|teamsize|p2|4
|start
|switch|p1a: Whimsicott|Whimsicott, L50, F|100/100
|switch|p1b: Garchomp|Garchomp, L50, F|100/100
|switch|p2a: Gholdengo|Gholdengo, L50|100/100
|switch|p2b: Whimsicott|Whimsicott, L50, M|100/100
|turn|1
|
|t:|1784323621
|switch|p2a: Staraptor|Staraptor, L50, M|100/100
|-ability|p2a: Staraptor|Intimidate|boost
|-unboost|p1a: Whimsicott|atk|1
|-unboost|p1b: Garchomp|atk|1
|move|p1a: Whimsicott|Tailwind|p1a: Whimsicott
|-sidestart|p1: Elyihas|move: Tailwind
|move|p2b: Whimsicott|Tailwind|p2b: Whimsicott
|-sidestart|p2: dodovgc|move: Tailwind
|move|p1b: Garchomp|Stomping Tantrum|p2a: Staraptor
|-immune|p2a: Staraptor
|
|upkeep
|turn|2
|
|t:|1784323653
|detailschange|p2a: Staraptor|Staraptor-Mega, L50, M
|-mega|p2a: Staraptor|Staraptor|Staraptite
|move|p1a: Whimsicott|Encore|p2b: Whimsicott
|-start|p2b: Whimsicott|Encore
|move|p2b: Whimsicott|Tailwind||[still]
|-fail|p2b: Whimsicott
|move|p2a: Staraptor|Close Combat|p1a: Whimsicott
|-resisted|p1a: Whimsicott|1
|-damage|p1a: Whimsicott|56/100
|-boost|p2a: Staraptor|def|1
|-boost|p2a: Staraptor|spd|1
|move|p1b: Garchomp|Rock Slide|p2b: Whimsicott|[spread] p2a,p2b
|-crit|p2b: Whimsicott
|-damage|p2a: Staraptor|87/100
|-damage|p2b: Whimsicott|40/100
|-damage|p1b: Garchomp|90/100|[from] item: Life Orb
|
|upkeep
|turn|3
|
|t:|1784323691
|switch|p2b: Garchomp|Garchomp, L50, M|100/100
|move|p2a: Staraptor|Protect|p2a: Staraptor
|-singleturn|p2a: Staraptor|Protect
|move|p1a: Whimsicott|Moonblast|p2a: Staraptor
|-activate|p2a: Staraptor|move: Protect
|move|p1b: Garchomp|Stomping Tantrum|p2b: Garchomp
|-damage|p2b: Garchomp|66/100
|-damage|p1b: Garchomp|77/100|[from] ability: Rough Skin|[of] p2b: Garchomp
|-damage|p1b: Garchomp|67/100|[from] item: Life Orb
|
|upkeep
|turn|4
|
|t:|1784323730
|move|p1a: Whimsicott|Moonblast|p2b: Garchomp
|-supereffective|p2b: Garchomp|1
|-damage|p2b: Garchomp|0 fnt
|faint|p2b: Garchomp
|move|p2a: Staraptor|Brave Bird|p1a: Whimsicott
|-supereffective|p1a: Whimsicott|1
|-damage|p1a: Whimsicott|0 fnt
|faint|p1a: Whimsicott
|-damage|p2a: Staraptor|74/100|[from] Recoil
|move|p1b: Garchomp|Dragon Claw|p2a: Staraptor
|-damage|p2a: Staraptor|48/100
|-damage|p1b: Garchomp|58/100|[from] item: Life Orb
|
|-sideend|p2: dodovgc|move: Tailwind
|-sideend|p1: Elyihas|move: Tailwind
|upkeep
|
|t:|1784323748
|switch|p1a: Incineroar|Incineroar, L50, M|100/100
|switch|p2b: Whimsicott|Whimsicott, L50, M|40/100
|-ability|p1a: Incineroar|Intimidate|boost
|-boost|p2a: Staraptor|atk|1
|-unboost|p2b: Whimsicott|atk|1
|turn|5
|
|t:|1784323795
|move|p2b: Whimsicott|Protect|p2b: Whimsicott
|-singleturn|p2b: Whimsicott|Protect
|move|p1a: Incineroar|Fake Out|p2a: Staraptor
|-damage|p2a: Staraptor|39/100
|cant|p2a: Staraptor|flinch
|move|p1b: Garchomp|Rock Slide|p2a: Staraptor|[spread] p2a
|-activate|p2b: Whimsicott|move: Protect
|-damage|p2a: Staraptor|27/100
|-damage|p1b: Garchomp|48/100|[from] item: Life Orb
|
|upkeep
|turn|6
|
|t:|1784323819
|switch|p1b: Basculegion|Basculegion, L50, M|100/100
|move|p2b: Whimsicott|Tailwind|p2b: Whimsicott
|-sidestart|p2: dodovgc|move: Tailwind
|move|p2a: Staraptor|Roost|p2a: Staraptor
|-heal|p2a: Staraptor|77/100
|-singleturn|p2a: Staraptor|move: Roost
|move|p1a: Incineroar|Flare Blitz|p2a: Staraptor
|-damage|p2a: Staraptor|44/100
|-damage|p1a: Incineroar|90/100|[from] Recoil
|
|upkeep
|turn|7
|
|t:|1784323844
|move|p2b: Whimsicott|Charm|p1b: Basculegion
|-unboost|p1b: Basculegion|atk|2
|move|p2a: Staraptor|Roost|p2a: Staraptor
|-heal|p2a: Staraptor|94/100
|-singleturn|p2a: Staraptor|move: Roost
|move|p1b: Basculegion|Last Respects|p2a: Staraptor
|-damage|p2a: Staraptor|74/100
|move|p1a: Incineroar|Flare Blitz|p2b: Whimsicott
|-supereffective|p2b: Whimsicott|1
|-damage|p2b: Whimsicott|0 fnt
|faint|p2b: Whimsicott
|-damage|p1a: Incineroar|81/100|[from] Recoil
|
|upkeep
|
|t:|1784323854
|switch|p2b: Gholdengo|Gholdengo, L50|100/100
|turn|8
|
|t:|1784323862
|switch|p1b: Garchomp|Garchomp, L50, F|48/100
|move|p2a: Staraptor|Close Combat|p1a: Incineroar
|-supereffective|p1a: Incineroar|1
|-damage|p1a: Incineroar|0 fnt
|-boost|p2a: Staraptor|def|1
|-boost|p2a: Staraptor|spd|1
|faint|p1a: Incineroar
|move|p2b: Gholdengo|Shadow Ball|p1b: Garchomp
|-damage|p1b: Garchomp|4/100
|
|upkeep
|
|t:|1784323873
|switch|p1a: Basculegion|Basculegion, L50, M|100/100
|turn|9
|
|t:|1784323889
|move|p1a: Basculegion|Protect|p1a: Basculegion
|-singleturn|p1a: Basculegion|Protect
|move|p2a: Staraptor|Close Combat|p1b: Garchomp
|-damage|p1b: Garchomp|0 fnt
|-boost|p2a: Staraptor|def|1
|-boost|p2a: Staraptor|spd|1
|-damage|p2a: Staraptor|62/100|[from] ability: Rough Skin|[of] p1b: Garchomp
|faint|p1b: Garchomp
|move|p2b: Gholdengo|Shadow Ball|p1a: Basculegion
|-activate|p1a: Basculegion|move: Protect
|
|-sideend|p2: dodovgc|move: Tailwind
|upkeep
|turn|10
|
|t:|1784323908
|move|p2a: Staraptor|Brave Bird|p1a: Basculegion
|-damage|p1a: Basculegion|0 fnt
|faint|p1a: Basculegion
|-damage|p2a: Staraptor|27/100|[from] Recoil
|
|win|dodovgc
|c|☆dodovgc|gg"
|c|☆Elyihas|ggs
|c|☆dodovgc|!
|c|☆dodovgc|buenas partidas
|c|☆Elyihas|Igualmente!!
|c|☆Elyihas|Staraptor es top
|c|☆dodovgc|Reporto yo a Samu si quieres
|c|☆dodovgc|Ya ves jajaja
|c|☆dodovgc|Es mi pokémon favorito
|c|☆Elyihas|Vale, yo le mando siempre las repeticiones de todos modos
|c|☆dodovgc|Desde que salió solo juego esto jajaja
|c|☆dodovgc|vale perfecto
|c|☆Elyihas|Y el pyroar tambien mola
|c|☆Elyihas|Por lo menos no es el puto Charizard de siempre
|c|☆Elyihas|JAJAJAJAJAJAJJAJA
