|j|☆BombatWombat33
|j|☆itsmako psoe
|html|BombatWombat33itsmako psoe    
|uhtml|bestof|Game 2 of a best-of-3
|t:|1785603480
|gametype|doubles
|player|p1|BombatWombat33|hiker-gen4|1119
|player|p2|itsmako psoe|benga|1162
|gen|9
|tier|[Gen 9 Champions] VGC 2026 Reg M-B (Bo3)
|rated|
|rule|Species Clause: Limit one of each Pokémon
|rule|Item Clause: Limit 1 of each item
|clearpoke
|poke|p1|Tyranitar, L50, F|
|poke|p1|Excadrill, L50, F|
|poke|p1|Ninetales-Alola, L50, M|
|poke|p1|Corviknight, L50, F|
|poke|p1|Houndstone, L50, M|
|poke|p1|Venusaur, L50, M|
|poke|p2|Basculegion, L50, M|
|poke|p2|Whimsicott, L50, F|
|poke|p2|Charizard, L50, F|
|poke|p2|Floette-Eternal, L50, F|
|poke|p2|Kingambit, L50, F|
|poke|p2|Garchomp, L50, F|
|teampreview|4
|showteam|p1|Tyranitar||Tyranitarite|SandStream|KnockOff,RockSlide,DragonDance,Protect|Adamant||F|||50|]Excadrill||FocusSash|SandRush|RockSlide,IronHead,Protect,Earthquake|Adamant||F|||50|]Ninetales-Alola||ChoiceScarf|SnowWarning|AuroraVeil,Blizzard,Moonblast,FreezeDry|Modest||M|||50|]Corviknight||SitrusBerry|MirrorArmor|Protect,Tailwind,BulkUp,BraveBird|Adamant||F|||50|]Houndstone||KasibBerry|SandRush|LastRespects,Disable,Protect,WillOWisp|Adamant||M|||50|]Venusaur||Venusaurite|Chlorophyll|SludgeBomb,Protect,SleepPowder,GigaDrain|Serious||M|||50|
|showteam|p2|Basculegion||ChoiceScarf|Adaptability|LastRespects,PsychicFangs,WaveCrash,AquaJet|Jolly||M|||50|]Whimsicott||FocusSash|Prankster|Tailwind,Moonblast,Encore,Protect|Timid||F|||50|]Charizard||CharizarditeY|Blaze|HeatWave,SolarBeam,AirSlash,Protect|Modest||F|||50|]Floette-Eternal||Floettite|FlowerVeil|DazzlingGleam,DrainingKiss,LightofRuin,Protect|Modest||F|||50|]Kingambit||BlackGlasses|Defiant|SuckerPunch,KowtowCleave,Protect,SwordsDance|Adamant||F|||50|]Garchomp||LifeOrb|RoughSkin|Earthquake,RockSlide,Protect,DragonClaw|Jolly||F|||50|
|inactive|Battle timer is ON: inactive players will automatically lose when time's up. (requested by BombatWombat33)
|inactive|itsmako psoe also wants the timer to be on.
|
|t:|1785603502
|teamsize|p1|4
|teamsize|p2|4
|start
|switch|p1a: Excadrill|Excadrill, L50, F|100/100
|switch|p1b: Corviknight|Corviknight, L50, F|100/100
|switch|p2a: Whimsicott|Whimsicott, L50, F|100/100
|switch|p2b: Charizard|Charizard, L50, F|100/100
|turn|1
|inactive|itsmako psoe has 30 seconds left.
|
|t:|1785603530
|move|p2b: Charizard|Protect|p2b: Charizard
|-singleturn|p2b: Charizard|Protect
|move|p2a: Whimsicott|Tailwind|p2a: Whimsicott
|-sidestart|p2: itsmako psoe|move: Tailwind
|move|p1a: Excadrill|Rock Slide|p2a: Whimsicott|[spread] p2a
|-activate|p2b: Charizard|move: Protect
|-damage|p2a: Whimsicott|67/100
|move|p1b: Corviknight|Tailwind|p1b: Corviknight
|-sidestart|p1: BombatWombat33|move: Tailwind
|
|upkeep
|turn|2
|inactive|BombatWombat33 has 30 seconds left.
|
|t:|1785603563
|switch|p2b: Basculegion|Basculegion, L50, M|100/100
|move|p1a: Excadrill|Protect|p1a: Excadrill
|-singleturn|p1a: Excadrill|Protect
|move|p1b: Corviknight|Protect|p1b: Corviknight
|-singleturn|p1b: Corviknight|Protect
|move|p2a: Whimsicott|Encore|p1b: Corviknight
|-activate|p1b: Corviknight|move: Protect
|
|upkeep
|turn|3
|
|t:|1785603586
|switch|p1a: Ninetales|Ninetales-Alola, L50, M|100/100
|-weather|Snowscape|[from] ability: Snow Warning|[of] p1a: Ninetales
|move|p2a: Whimsicott|Encore||[still]
|-fail|p2a: Whimsicott
|move|p2b: Basculegion|Wave Crash|p1a: Ninetales
|-damage|p1a: Ninetales|16/100
|-damage|p2b: Basculegion|79/100|[from] Recoil
|move|p1b: Corviknight|Brave Bird|p2a: Whimsicott
|-supereffective|p2a: Whimsicott|1
|-damage|p2a: Whimsicott|0 fnt
|faint|p2a: Whimsicott
|-damage|p1b: Corviknight|84/100|[from] Recoil
|
|-weather|Snowscape|[upkeep]
|upkeep
|
|t:|1785603599
|switch|p2a: Charizard|Charizard, L50, F|100/100
|turn|4
|
|t:|1785603619
|detailschange|p2a: Charizard|Charizard-Mega-Y, L50, F
|-mega|p2a: Charizard|Charizard|Charizardite Y
|-weather|SunnyDay|[from] ability: Drought|[of] p2a: Charizard
|move|p1b: Corviknight|Protect|p1b: Corviknight
|-singleturn|p1b: Corviknight|Protect
|move|p1a: Ninetales|Freeze-Dry|p2b: Basculegion
|-supereffective|p2b: Basculegion|1
|-damage|p2b: Basculegion|8/100
|move|p2b: Basculegion|Wave Crash|p1b: Corviknight
|-activate|p1b: Corviknight|move: Protect
|move|p2a: Charizard|Heat Wave|p1a: Ninetales|[spread] p1a
|-activate|p1b: Corviknight|move: Protect
|-supereffective|p1a: Ninetales|1
|-damage|p1a: Ninetales|0 fnt
|faint|p1a: Ninetales
|
|-weather|SunnyDay|[upkeep]
|-sideend|p2: itsmako psoe|move: Tailwind
|-sideend|p1: BombatWombat33|move: Tailwind
|upkeep
|
|t:|1785603636
|switch|p1a: Tyranitar|Tyranitar, L50, F|100/100
|-weather|Sandstorm|[from] ability: Sand Stream|[of] p1a: Tyranitar
|turn|5
|
|t:|1785603650
|switch|p2a: Garchomp|Garchomp, L50, F|100/100
|move|p1a: Tyranitar|Protect|p1a: Tyranitar
|-singleturn|p1a: Tyranitar|Protect
|move|p2b: Basculegion|Wave Crash|p1a: Tyranitar
|-activate|p1a: Tyranitar|move: Protect
|move|p1b: Corviknight|Brave Bird|p2b: Basculegion
|-damage|p2b: Basculegion|0 fnt
|faint|p2b: Basculegion
|-damage|p1b: Corviknight|82/100|[from] Recoil
|
|-weather|Sandstorm|[upkeep]
|upkeep
|
|t:|1785603661
|switch|p2b: Charizard|Charizard-Mega-Y, L50, F|100/100
|-weather|SunnyDay|[from] ability: Drought|[of] p2b: Charizard
|turn|6
|inactive|BombatWombat33 has 30 seconds left.
|
|t:|1785603686
|detailschange|p1a: Tyranitar|Tyranitar-Mega, L50, F
|-mega|p1a: Tyranitar|Tyranitar|Tyranitarite
|-weather|Sandstorm|[from] ability: Sand Stream|[of] p1a: Tyranitar
|move|p2a: Garchomp|Earthquake|p1b: Corviknight|[spread] p1a
|-immune|p2b: Charizard
|-immune|p1b: Corviknight
|-supereffective|p1a: Tyranitar|1
|-damage|p1a: Tyranitar|32/100
|-damage|p2a: Garchomp|90/100|[from] item: Life Orb
|move|p2b: Charizard|Heat Wave|p1b: Corviknight|[spread] p1a
|-miss|p2b: Charizard|p1b: Corviknight
|-resisted|p1a: Tyranitar|1
|-damage|p1a: Tyranitar|23/100
|move|p1a: Tyranitar|Rock Slide|p2a: Garchomp|[spread] p2a,p2b
|-resisted|p2a: Garchomp|1
|-supereffective|p2b: Charizard|2
|-damage|p2a: Garchomp|70/100
|-damage|p2b: Charizard|0 fnt
|faint|p2b: Charizard
|move|p1b: Corviknight|Tailwind|p1b: Corviknight
|-sidestart|p1: BombatWombat33|move: Tailwind
|
|-weather|Sandstorm|[upkeep]
|upkeep
|turn|7
|inactive|BombatWombat33 has 30 seconds left.
|
|t:|1785603712
|move|p1a: Tyranitar|Knock Off|p2a: Garchomp
|-damage|p2a: Garchomp|3/100
|-damage|p1a: Tyranitar|11/100|[from] ability: Rough Skin|[of] p2a: Garchomp
|-enditem|p2a: Garchomp|Life Orb|[from] move: Knock Off|[of] p1a: Tyranitar
|move|p1b: Corviknight|Bulk Up|p1b: Corviknight
|-boost|p1b: Corviknight|atk|1
|-boost|p1b: Corviknight|def|1
|move|p2a: Garchomp|Rock Slide|p1b: Corviknight|[spread] p1a,p1b
|-damage|p1a: Tyranitar|0 fnt
|-damage|p1b: Corviknight|72/100
|faint|p1a: Tyranitar
|
|-weather|Sandstorm|[upkeep]
|upkeep
|-message|itsmako psoe forfeited.
|raw|BombatWombat33's rating: 1119 → 1147(+28 for winning)
|raw|itsmako psoe's rating: 1162 → 1134(-28 for losing)
|
|win|BombatWombat33
|l|☆itsmako psoe
|player|p2|
