|j|☆zfan3o
|j|☆spicy mcchikin
|html|zfan3ospicy mcchikin    
|uhtml|bestof|Game 1 of a best-of-3
|t:|1784996355
|gametype|doubles
|player|p1|zfan3o|miku-fire|1117
|player|p2|spicy mcchikin|palmer|1144
|gen|9
|tier|[Gen 9 Champions] VGC 2026 Reg M-B (Bo3)
|rated|
|rule|Species Clause: Limit one of each Pokémon
|rule|Item Clause: Limit 1 of each item
|clearpoke
|poke|p1|Excadrill, L50, F|
|poke|p1|Tyranitar, L50, F, shiny|
|poke|p1|Sinistcha, L50|
|poke|p1|Milotic, L50, M|
|poke|p1|Gholdengo, L50|
|poke|p1|Staraptor, L50, F|
|poke|p2|Charizard, L50, F|
|poke|p2|Garchomp, L50, F|
|poke|p2|Kingambit, L50, M|
|poke|p2|Toxapex, L50, M|
|poke|p2|Whimsicott, L50, M|
|poke|p2|Basculegion, L50, M|
|teampreview|4
|showteam|p1|Excadrill||FocusSash|SandRush|HighHorsepower,Protect,RockSlide,IronHead|Adamant||F|||50|]Tyranitar||Tyranitarite|SandStream|KnockOff,LowKick,Protect,RockSlide|Adamant||F|||50|]Sinistcha||SitrusBerry|Hospitality|MatchaGotcha,RagePowder,TrickRoom,Protect|Relaxed|||||50|]Milotic||Leftovers|Competitive|Scald,IceBeam,IcyWind,Protect|Modest||M|||50|]Gholdengo||LifeOrb|GoodasGold|MakeItRain,NastyPlot,ShadowBall,Protect|Timid|||||50|]Staraptor||Staraptite|Intimidate|Tailwind,CloseCombat,BraveBird,Protect|Jolly||F|||50|
|showteam|p2|Charizard||CharizarditeY|Blaze|HeatWave,WeatherBall,SolarBeam,Protect|Modest||F|||50|]Garchomp||SitrusBerry|RoughSkin|DragonClaw,Earthquake,Protect,RockSlide|Adamant||F|||50|]Kingambit||ChopleBerry|Defiant|KowtowCleave,LowKick,SuckerPunch,Protect|Adamant||M|||50|]Toxapex||Leftovers|Regenerator|BanefulBunker,Toxic,Infestation,WideGuard|Bold||M|||50|]Whimsicott||FocusSash|Prankster|Moonblast,Encore,Tailwind,Protect|Timid||M|||50|]Basculegion||LifeOrb|Adaptability|WaveCrash,LastRespects,AquaJet,Protect|Adamant||M|||50|
|inactive|Battle timer is ON: inactive players will automatically lose when time's up. (requested by spicy mcchikin)
|inactive|zfan3o has 60 seconds left.
|inactive|spicy mcchikin has 60 seconds left.
|inactive|zfan3o has 30 seconds left.
|inactive|zfan3o has 20 seconds left.
|inactive|zfan3o has 15 seconds left.
|
|t:|1784996434
|teamsize|p1|4
|teamsize|p2|4
|start
|switch|p1a: Sinistcha|Sinistcha, L50|100/100
|switch|p1b: Milotic|Milotic, L50, M|100/100
|switch|p2a: Whimsicott|Whimsicott, L50, M|100/100
|switch|p2b: Kingambit|Kingambit, L50, M|100/100
|turn|1
|inactive|zfan3o has 30 seconds left.
|inactive|zfan3o has 20 seconds left.
|
|t:|1784996471
|move|p2a: Whimsicott|Moonblast|p1a: Sinistcha
|-damage|p1a: Sinistcha|66/100
|move|p1b: Milotic|Scald|p2b: Kingambit
|-damage|p2b: Kingambit|73/100
|-status|p2b: Kingambit|brn
|move|p2b: Kingambit|Kowtow Cleave|p1a: Sinistcha
|-supereffective|p1a: Sinistcha|1
|-damage|p1a: Sinistcha|28/100
|-enditem|p1a: Sinistcha|Sitrus Berry|[eat]
|-heal|p1a: Sinistcha|53/100|[from] item: Sitrus Berry
|move|p1a: Sinistcha|Trick Room|p1a: Sinistcha
|-fieldstart|move: Trick Room|[of] p1a: Sinistcha
|
|-damage|p2b: Kingambit|67/100 brn|[from] brn
|upkeep
|turn|2
|inactive|zfan3o has 30 seconds left.
|inactive|spicy mcchikin has 30 seconds left.
|
|t:|1784996498
|switch|p2a: Toxapex|Toxapex, L50, M|100/100
|move|p2b: Kingambit|Kowtow Cleave|p1b: Milotic
|-damage|p1b: Milotic|78/100
|move|p1a: Sinistcha|Matcha Gotcha|p2a: Toxapex|[spread] p2a,p2b
|-resisted|p2b: Kingambit|1
|-damage|p2a: Toxapex|82/100
|-heal|p1a: Sinistcha|61/100|[from] drain|[of] p2a: Toxapex
|-damage|p2b: Kingambit|57/100 brn
|-heal|p1a: Sinistcha|66/100|[from] drain|[of] p2b: Kingambit
|move|p1b: Milotic|Ice Beam|p2a: Toxapex
|-resisted|p2a: Toxapex|1
|-damage|p2a: Toxapex|71/100
|
|-heal|p2a: Toxapex|77/100|[from] item: Leftovers
|-heal|p1b: Milotic|84/100|[from] item: Leftovers
|-damage|p2b: Kingambit|52/100 brn|[from] brn
|upkeep
|turn|3
|inactive|zfan3o has 30 seconds left.
|
|t:|1784996526
|switch|p1b: Excadrill|Excadrill, L50, F|100/100
|move|p2a: Toxapex|Toxic|p1b: Excadrill
|-immune|p1b: Excadrill
|move|p2b: Kingambit|Kowtow Cleave|p1a: Sinistcha
|-supereffective|p1a: Sinistcha|1
|-damage|p1a: Sinistcha|29/100
|move|p1a: Sinistcha|Trick Room|p1a: Sinistcha
|-fieldend|move: Trick Room
|
|-heal|p2a: Toxapex|83/100|[from] item: Leftovers
|-damage|p2b: Kingambit|46/100 brn|[from] brn
|upkeep
|turn|4
|inactive|zfan3o has 30 seconds left.
|inactive|spicy mcchikin has 30 seconds left.
|inactive|zfan3o has 20 seconds left.
|inactive|spicy mcchikin has 20 seconds left.
|inactive|zfan3o has 15 seconds left.
|inactive|spicy mcchikin has 15 seconds left.
|
|t:|1784996568
|switch|p1a: BIG FELLA|Tyranitar, L50, F, shiny|100/100
|-weather|Sandstorm|[from] ability: Sand Stream|[of] p1a: BIG FELLA
|move|p1b: Excadrill|High Horsepower|p2a: Toxapex|[miss]
|-miss|p1b: Excadrill|p2a: Toxapex
|move|p2b: Kingambit|Low Kick|p1b: Excadrill
|-supereffective|p1b: Excadrill|1
|-damage|p1b: Excadrill|68/100
|move|p2a: Toxapex|Infestation|p1a: BIG FELLA
|-supereffective|p1a: BIG FELLA|1
|-damage|p1a: BIG FELLA|95/100
|-activate|p1a: BIG FELLA|move: Infestation|[of] p2a: Toxapex
|
|-weather|Sandstorm|[upkeep]
|-damage|p2a: Toxapex|77/100|[from] Sandstorm
|-heal|p2a: Toxapex|83/100|[from] item: Leftovers
|-damage|p2b: Kingambit|40/100 brn|[from] brn
|-damage|p1a: BIG FELLA|83/100|[from] move: Infestation|[partiallytrapped]
|upkeep
|turn|5
|inactive|zfan3o has 30 seconds left.
|inactive|spicy mcchikin has 30 seconds left.
|inactive|spicy mcchikin has 20 seconds left.
|inactive|spicy mcchikin has 15 seconds left.
|inactive|spicy mcchikin has 10 seconds left.
|inactive|spicy mcchikin has 5 seconds left.
|
|t:|1784996619
|move|p2a: Toxapex|Baneful Bunker|p2a: Toxapex
|-singleturn|p2a: Toxapex|move: Protect
|move|p2b: Kingambit|Sucker Punch|p1b: Excadrill
|-damage|p1b: Excadrill|42/100
|move|p1b: Excadrill|High Horsepower|p2a: Toxapex
|-activate|p2a: Toxapex|move: Protect
|move|p1a: BIG FELLA|Low Kick|p2b: Kingambit
|-supereffective|p2b: Kingambit|2
|-crit|p2b: Kingambit
|-enditem|p2b: Kingambit|Chople Berry|[eat]
|-enditem|p2b: Kingambit|Chople Berry|[weaken]
|-damage|p2b: Kingambit|0 fnt
|faint|p2b: Kingambit
|
|-weather|Sandstorm|[upkeep]
|-damage|p2a: Toxapex|77/100|[from] Sandstorm
|-heal|p2a: Toxapex|83/100|[from] item: Leftovers
|-damage|p1a: BIG FELLA|71/100|[from] move: Infestation|[partiallytrapped]
|upkeep
|
|t:|1784996639
|switch|p2b: Charizard|Charizard, L50, F|100/100
|turn|6
|inactive|zfan3o has 30 seconds left.
|inactive|zfan3o has 20 seconds left.
|
|t:|1784996679
|detailschange|p1a: BIG FELLA|Tyranitar-Mega, L50, F, shiny
|-mega|p1a: BIG FELLA|Tyranitar|Tyranitarite
|move|p2a: Toxapex|Wide Guard|p2a: Toxapex
|-singleturn|p2a: Toxapex|Wide Guard
|move|p1b: Excadrill|High Horsepower|p2a: Toxapex|[miss]
|-miss|p1b: Excadrill|p2a: Toxapex
|move|p2b: Charizard|Heat Wave|p1b: Excadrill|[spread] p1a,p1b
|-resisted|p1a: BIG FELLA|1
|-supereffective|p1b: Excadrill|1
|-damage|p1a: BIG FELLA|63/100
|-damage|p1b: Excadrill|0 fnt
|faint|p1b: Excadrill
|move|p1a: BIG FELLA|Knock Off|p2a: Toxapex
|-damage|p2a: Toxapex|39/100
|-enditem|p2a: Toxapex|Leftovers|[from] move: Knock Off|[of] p1a: BIG FELLA
|
|-weather|Sandstorm|[upkeep]
|-damage|p2b: Charizard|94/100|[from] Sandstorm
|-damage|p2a: Toxapex|33/100|[from] Sandstorm
|-damage|p1a: BIG FELLA|51/100|[from] move: Infestation|[partiallytrapped]
|upkeep
|
|t:|1784996696
|switch|p1b: Milotic|Milotic, L50, M|84/100
|turn|7
|
|t:|1784996711
|detailschange|p2b: Charizard|Charizard-Mega-Y, L50, F
|-mega|p2b: Charizard|Charizard|Charizardite Y
|-weather|SunnyDay|[from] ability: Drought|[of] p2b: Charizard
|move|p1a: BIG FELLA|Protect|p1a: BIG FELLA
|-singleturn|p1a: BIG FELLA|Protect
|move|p2a: Toxapex|Wide Guard|p2a: Toxapex
|-singleturn|p2a: Toxapex|Wide Guard
|move|p2b: Charizard|Solar Beam||[still]
|-prepare|p2b: Charizard|Solar Beam
|-anim|p2b: Charizard|Solar Beam|p1b: Milotic
|-supereffective|p1b: Milotic|1
|-damage|p1b: Milotic|17/100
|move|p1b: Milotic|Icy Wind|p2a: Toxapex|[spread] 
|-activate|p2a: Toxapex|move: Wide Guard
|-activate|p2b: Charizard|move: Wide Guard
|
|-weather|SunnyDay|[upkeep]
|-heal|p1b: Milotic|23/100|[from] item: Leftovers
|-damage|p1a: BIG FELLA|39/100|[from] move: Infestation|[partiallytrapped]
|upkeep
|turn|8
|inactive|zfan3o has 30 seconds left.
|inactive|spicy mcchikin has 30 seconds left.
|
|t:|1784996740
|switch|p1b: Sinistcha|Sinistcha, L50|29/100
|-heal|p1a: BIG FELLA|64/100|[from] ability: Hospitality|[of] p1b: Sinistcha
|move|p2b: Charizard|Solar Beam||[still]
|-prepare|p2b: Charizard|Solar Beam
|-anim|p2b: Charizard|Solar Beam|p1a: BIG FELLA
|-supereffective|p1a: BIG FELLA|1
|-damage|p1a: BIG FELLA|0 fnt
|faint|p1a: BIG FELLA
|move|p2a: Toxapex|Toxic|p1b: Sinistcha
|-status|p1b: Sinistcha|tox
|
|-weather|SunnyDay|[upkeep]
|-damage|p1b: Sinistcha|23/100 tox|[from] psn
|upkeep
|-message|zfan3o forfeited.
|
|win|spicy mcchikin
|l|☆zfan3o
|player|p1|
||zfan3o is ready for game 2.
