|j|☆Doomnik
|j|☆kalebloving
|html|Doomnikkalebloving    
|uhtml|bestof|Game 1 of a best-of-3
|t:|1782231219
|gametype|doubles
|player|p1|Doomnik|volkner|1147
|player|p2|kalebloving|lucas|1082
|gen|9
|tier|[Gen 9 Champions] VGC 2026 Reg M-B (Bo3)
|rated|
|rule|Species Clause: Limit one of each Pokémon
|rule|Item Clause: Limit 1 of each item
|clearpoke
|poke|p1|Sinistcha, L50|
|poke|p1|Incineroar, L50, M|
|poke|p1|Milotic, L50, F|
|poke|p1|Raichu, L50, M|
|poke|p1|Floette-Eternal, L50, F|
|poke|p1|Ceruledge, L50, F|
|poke|p2|Garchomp, L50, F|
|poke|p2|Whimsicott, L50, M, shiny|
|poke|p2|Scovillain, L50, F|
|poke|p2|Clefable, L50, M|
|poke|p2|Raichu, L50, F|
|poke|p2|Gholdengo, L50|
|teampreview|4
|showteam|p1|Sinistcha||KasibBerry|Hospitality|MatchaGotcha,LifeDew,RagePowder,Protect|Relaxed|||||50|]Incineroar||SitrusBerry|Intimidate|FlareBlitz,ThroatChop,FakeOut,PartingShot|Impish||M|||50|]Milotic||Leftovers|Competitive|MuddyWater,Coil,Hypnosis,Protect|Calm||F|||50|]Raichu||RaichuniteY|LightningRod|ZapCannon,FocusBlast,FakeOut,Protect|Timid||M|||50|]Floette-Eternal||Floettite|FlowerVeil|DazzlingGleam,DrainingKiss,CalmMind,Protect|Timid||F|||50|]Ceruledge||ColburBerry|FlashFire|BitterBlade,ShadowSneak,BulkUp,Protect|Adamant||F|||50|
|showteam|p2|Garchomp||LifeOrb|RoughSkin|StompingTantrum,RockSlide,DragonClaw,PoisonJab|Adamant||F|||50|]Whimsicott||FocusSash|Prankster|Encore,Tailwind,Moonblast,GrassKnot|Timid||M|||50|]Scovillain||Scovillainite|Moody|Protect,FireBlast,RagePowder,EnergyBall|Calm||F|||50|]Clefable||Leftovers|Unaware|AlluringVoice,StealthRock,Protect,Wish|Sassy||M|||50|]Raichu||RaichuniteY|LightningRod|FocusBlast,FakeOut,Protect,ZapCannon|Timid||F|||50|]Gholdengo||OccaBerry|GoodasGold|NastyPlot,MakeItRain,Protect,ShadowBall|Calm|||||50|
|inactive|Battle timer is ON: inactive players will automatically lose when time's up. (requested by Doomnik)
|inactive|kalebloving also wants the timer to be on.
|inactive|Doomnik has 60 seconds left.
|inactive|Doomnik has 30 seconds left.
|
|t:|1782231280
|teamsize|p1|4
|teamsize|p2|4
|start
|switch|p1a: Ceruledge|Ceruledge, L50, F|100/100
|switch|p1b: Incineroar|Incineroar, L50, M|100/100
|switch|p2a: Whimsicott|Whimsicott, L50, M, shiny|100/100
|switch|p2b: Raichu|Raichu, L50, F|100/100
|-ability|p1b: Incineroar|Intimidate|boost
|-unboost|p2a: Whimsicott|atk|1
|-unboost|p2b: Raichu|atk|1
|turn|1
|inactive|kalebloving has 30 seconds left.
|
|t:|1782231306
|move|p2b: Raichu|Protect|p2b: Raichu
|-singleturn|p2b: Raichu|Protect
|move|p1a: Ceruledge|Protect|p1a: Ceruledge
|-singleturn|p1a: Ceruledge|Protect
|move|p2a: Whimsicott|Tailwind|p2a: Whimsicott
|-sidestart|p2: kalebloving|move: Tailwind
|move|p1b: Incineroar|Parting Shot|p2b: Raichu
|-activate|p2b: Raichu|move: Protect
|
|upkeep
|turn|2
|
|t:|1782231324
|switch|p1b: Sinistcha|Sinistcha, L50|100/100
|detailschange|p2b: Raichu|Raichu-Mega-Y, L50, F
|-mega|p2b: Raichu|Raichu|Raichunite Y
|move|p2a: Whimsicott|Encore|p1a: Ceruledge
|-start|p1a: Ceruledge|Encore
|move|p1a: Ceruledge|Protect|p1a: Ceruledge
|-singleturn|p1a: Ceruledge|Protect
|move|p2b: Raichu|Focus Blast|p1b: Sinistcha
|-immune|p1b: Sinistcha
|
|upkeep
|turn|3
|
|t:|1782231339
|switch|p1a: Floette|Floette-Eternal, L50, F|100/100
|move|p1b: Sinistcha|Protect|p1b: Sinistcha
|-singleturn|p1b: Sinistcha|Protect
|move|p2b: Raichu|Zap Cannon|p1a: Floette
|-crit|p1a: Floette
|-damage|p1a: Floette|5/100
|-status|p1a: Floette|par
|move|p2a: Whimsicott|Moonblast|p1b: Sinistcha
|-activate|p1b: Sinistcha|move: Protect
|
|upkeep
|turn|4
|
|t:|1782231356
|switch|p1a: Ceruledge|Ceruledge, L50, F|100/100
|move|p1b: Sinistcha|Protect|p1b: Sinistcha
|-singleturn|p1b: Sinistcha|Protect
|move|p2b: Raichu|Zap Cannon|p1b: Sinistcha
|-activate|p1b: Sinistcha|move: Protect
|move|p2a: Whimsicott|Moonblast|p1a: Ceruledge
|-resisted|p1a: Ceruledge|1
|-damage|p1a: Ceruledge|81/100
|
|-sideend|p2: kalebloving|move: Tailwind
|upkeep
|turn|5
|
|t:|1782231379
|move|p1b: Sinistcha|Rage Powder|p1b: Sinistcha
|-singleturn|p1b: Sinistcha|move: Rage Powder
|move|p2a: Whimsicott|Encore|p1b: Sinistcha
|-start|p1b: Sinistcha|Encore
|move|p2b: Raichu|Zap Cannon|p1b: Sinistcha
|-resisted|p1b: Sinistcha|1
|-damage|p1b: Sinistcha|65/100
|-status|p1b: Sinistcha|par
|move|p1a: Ceruledge|Bitter Blade|p2a: Whimsicott
|-supereffective|p2a: Whimsicott|1
|-enditem|p2a: Whimsicott|Focus Sash
|-damage|p2a: Whimsicott|1/100
|-heal|p1a: Ceruledge|100/100|[from] drain|[of] p2a: Whimsicott
|
|upkeep
|turn|6
|
|t:|1782231400
|move|p2b: Raichu|Protect|p2b: Raichu
|-singleturn|p2b: Raichu|Protect
|move|p1b: Sinistcha|Rage Powder|p1b: Sinistcha
|-singleturn|p1b: Sinistcha|move: Rage Powder
|move|p2a: Whimsicott|Tailwind|p2a: Whimsicott
|-sidestart|p2: kalebloving|move: Tailwind
|move|p1a: Ceruledge|Bitter Blade|p2b: Raichu
|-activate|p2b: Raichu|move: Protect
|
|upkeep
|turn|7
|
|t:|1782231413
|switch|p2b: Clefable|Clefable, L50, M|100/100
|move|p1b: Sinistcha|Rage Powder|p1b: Sinistcha
|-singleturn|p1b: Sinistcha|move: Rage Powder
|move|p2a: Whimsicott|Moonblast|p1b: Sinistcha
|-damage|p1b: Sinistcha|34/100 par
|move|p1a: Ceruledge|Bitter Blade|p2a: Whimsicott
|-supereffective|p2a: Whimsicott|1
|-damage|p2a: Whimsicott|0 fnt
|faint|p2a: Whimsicott
|
|upkeep
|
|t:|1782231422
|switch|p2a: Garchomp|Garchomp, L50, F|100/100
|turn|8
|
|t:|1782231430
|switch|p1b: Incineroar|Incineroar, L50, M|100/100
|-ability|p1b: Incineroar|Intimidate|boost
|-unboost|p2a: Garchomp|atk|1
|-unboost|p2b: Clefable|atk|1
|move|p1a: Ceruledge|Protect|p1a: Ceruledge
|-singleturn|p1a: Ceruledge|Protect
|move|p2a: Garchomp|Rock Slide|p1b: Incineroar|[spread] p1b
|-activate|p1a: Ceruledge|move: Protect
|-supereffective|p1b: Incineroar|1
|-damage|p1b: Incineroar|74/100
|-damage|p2a: Garchomp|90/100|[from] item: Life Orb
|move|p2b: Clefable|Stealth Rock|p1a: Ceruledge
|-sidestart|p1: Doomnik|move: Stealth Rock
|
|upkeep
|turn|9
|
|t:|1782231453
|move|p1b: Incineroar|Fake Out|p2a: Garchomp
|-damage|p2a: Garchomp|80/100
|-damage|p1b: Incineroar|61/100|[from] ability: Rough Skin|[of] p2a: Garchomp
|cant|p2a: Garchomp|flinch
|move|p2b: Clefable|Alluring Voice|p1a: Ceruledge
|-resisted|p1a: Ceruledge|1
|-damage|p1a: Ceruledge|87/100
|move|p1a: Ceruledge|Bitter Blade|p2b: Clefable
|-damage|p2b: Clefable|47/100
|-heal|p1a: Ceruledge|100/100|[from] drain|[of] p2b: Clefable
|
|-heal|p2b: Clefable|52/100|[from] item: Leftovers
|-sideend|p2: kalebloving|move: Tailwind
|upkeep
|turn|10
|
|t:|1782231469
|move|p1a: Ceruledge|Protect|p1a: Ceruledge
|-singleturn|p1a: Ceruledge|Protect
|move|p2a: Garchomp|Rock Slide|p1b: Incineroar|[spread] p1b
|-activate|p1a: Ceruledge|move: Protect
|-supereffective|p1b: Incineroar|1
|-damage|p1b: Incineroar|36/100
|-enditem|p1b: Incineroar|Sitrus Berry|[eat]
|-heal|p1b: Incineroar|60/100|[from] item: Sitrus Berry
|-damage|p2a: Garchomp|70/100|[from] item: Life Orb
|move|p1b: Incineroar|Parting Shot|p2a: Garchomp
|-unboost|p2a: Garchomp|atk|1
|-unboost|p2a: Garchomp|spa|1
|
|t:|1782231481
|switch|p1b: Floette|Floette-Eternal, L50, F|5/100 par|[from] Parting Shot
|-damage|p1b: Floette|0 fnt|[from] Stealth Rock
|faint|p1b: Floette
|move|p2b: Clefable|Wish|p2b: Clefable
|
|-heal|p2b: Clefable|58/100|[from] item: Leftovers
|upkeep
|
|t:|1782231483
|switch|p1b: Incineroar|Incineroar, L50, M|60/100
|-damage|p1b: Incineroar|36/100|[from] Stealth Rock
|-ability|p1b: Incineroar|Intimidate|boost
|-unboost|p2a: Garchomp|atk|1
|-unboost|p2b: Clefable|atk|1
|turn|11
|
|t:|1782231503
|switch|p2b: Raichu|Raichu-Mega-Y, L50, F|100/100
|move|p1b: Incineroar|Fake Out|p2a: Garchomp
|-damage|p2a: Garchomp|59/100
|-damage|p1b: Incineroar|23/100|[from] ability: Rough Skin|[of] p2a: Garchomp
|cant|p2a: Garchomp|flinch
|move|p1a: Ceruledge|Bulk Up|p1a: Ceruledge
|-boost|p1a: Ceruledge|atk|1
|-boost|p1a: Ceruledge|def|1
|
|upkeep
|turn|12
|
|t:|1782231527
|switch|p1b: Sinistcha|Sinistcha, L50|34/100 par
|-damage|p1b: Sinistcha|21/100 par|[from] Stealth Rock
|move|p2b: Raichu|Zap Cannon|p1a: Ceruledge
|-damage|p1a: Ceruledge|31/100
|-status|p1a: Ceruledge|par
|move|p2a: Garchomp|Rock Slide|p1a: Ceruledge|[spread] p1a,p1b
|-supereffective|p1a: Ceruledge|1
|-damage|p1a: Ceruledge|15/100 par
|-damage|p1b: Sinistcha|12/100 par
|-damage|p2a: Garchomp|49/100|[from] item: Life Orb
|cant|p1a: Ceruledge|flinch
|
|upkeep
|turn|13
|
|t:|1782231544
|switch|p2a: Clefable|Clefable, L50, M|58/100
|move|p2b: Raichu|Protect|p2b: Raichu
|-singleturn|p2b: Raichu|Protect
|cant|p1b: Sinistcha|par
|move|p1a: Ceruledge|Bitter Blade|p2b: Raichu
|-activate|p2b: Raichu|move: Protect
|
|-heal|p2a: Clefable|64/100|[from] item: Leftovers
|upkeep
|turn|14
|
|t:|1782231562
|cant|p1b: Sinistcha|par
|move|p2b: Raichu|Zap Cannon|p1a: Ceruledge
|-damage|p1a: Ceruledge|0 fnt
|faint|p1a: Ceruledge
|move|p2a: Clefable|Alluring Voice|p1b: Sinistcha
|-crit|p1b: Sinistcha
|-damage|p1b: Sinistcha|0 fnt
|faint|p1b: Sinistcha
|
|-heal|p2a: Clefable|70/100|[from] item: Leftovers
|upkeep
|
|t:|1782231570
|switch|p1b: Incineroar|Incineroar, L50, M|23/100
|-damage|p1b: Incineroar|0 fnt|[from] Stealth Rock
|faint|p1b: Incineroar
|
|win|kalebloving
