|j|☆MercuryVGC2
|j|☆spellbreakvgc
|html|MercuryVGC2spellbreakvgc    
|uhtml|bestof|Game 1 of a best-of-3
|t:|1756747388
|gametype|doubles
|player|p1|MercuryVGC2|102|1000
|player|p2|spellbreakvgc|lance|1044
|gen|9
|tier|[Gen 9] VGC 2025 Reg H (Bo3)
|rated|
|rule|Species Clause: Limit one of each Pokémon
|rule|Item Clause: Limit 1 of each item
|clearpoke
|poke|p1|Basculegion, L50, M|
|poke|p1|Pelipper, L50, M|
|poke|p1|Sneasler, L50, F|
|poke|p1|Rillaboom, L50, F|
|poke|p1|Archaludon, L50, F|
|poke|p1|Incineroar, L50, M|
|poke|p2|Rillaboom, L50, F|
|poke|p2|Electabuzz, L50, M|
|poke|p2|Archaludon, L50, F|
|poke|p2|Kingambit, L50, M|
|poke|p2|Pelipper, L50, F|
|poke|p2|Basculegion, L50, M|
|teampreview|4
|showteam|p1|Basculegion||ClearAmulet|SwiftSwim|LastRespects,WaveCrash,Protect,ZenHeadbutt|||M|||50|,,,,,Water]Pelipper||CovertCloak|Drizzle|Hurricane,Tailwind,Protect,WideGuard|||M|||50|,,,,,Ground]Sneasler||GrassySeed|Unburden|FakeOut,DireClaw,CloseCombat,Protect|||F|||50|,,,,,Ghost]Rillaboom||EjectPack|GrassySurge|GrassyGlide,WoodHammer,Protect,FakeOut|||F|||50|,,,,,Grass]Archaludon||AssaultVest|Stamina|ElectroShot,BodyPress,DracoMeteor,FlashCannon|||F|||50|,,,,,Electric]Incineroar||SafetyGoggles|Intimidate|FakeOut,FlareBlitz,PartingShot,KnockOff|||M|||50|,,,,,Ghost
|showteam|p2|Rillaboom||LoadedDice|GrassySurge|HighHorsepower,BulletSeed,GrassyGlide,FakeOut|||F|||50|,,,,,Fire]Electabuzz||Eviolite|VitalSpirit|Electroweb,Taunt,Protect,FollowMe|||M|||50|,,,,,Ghost]Archaludon||AssaultVest|Stamina|ElectroShot,BodyPress,FlashCannon,DracoMeteor|||F|||50|,,,,,Bug]Kingambit||BlackGlasses|Defiant|Protect,KowtowCleave,SwordsDance,SuckerPunch|||M|||50|,,,,,Dark]Pelipper||FocusSash|Drizzle|WeatherBall,Hurricane,Tailwind,Protect|||F|||50|,,,,,Ghost]Basculegion||ChoiceBand|SwiftSwim|WaveCrash,AquaJet,Protect,LastRespects|||M|||50|,,,,,Grass
|
|t:|1756747441
|teamsize|p1|4
|teamsize|p2|4
|start
|switch|p1a: Sneasler|Sneasler, L50, F|100/100
|switch|p1b: Rillaboom|Rillaboom, L50, F|100/100
|switch|p2a: Electabuzz|Electabuzz, L50, M|100/100
|switch|p2b: Kingambit|Kingambit, L50, M|100/100
|-fieldstart|move: Grassy Terrain|[from] ability: Grassy Surge|[of] p1b: Rillaboom
|-enditem|p1a: Sneasler|Grassy Seed
|-boost|p1a: Sneasler|def|1|[from] item: Grassy Seed
|turn|1
|inactive|Battle timer is ON: inactive players will automatically lose when time's up. (requested by MercuryVGC2)
|inactive|MercuryVGC2 has 60 seconds left.
|
|t:|1756747491
|move|p2b: Kingambit|Protect|p2b: Kingambit
|-singleturn|p2b: Kingambit|Protect
|move|p1b: Rillaboom|Fake Out|p2b: Kingambit
|-activate|p2b: Kingambit|move: Protect
|move|p1a: Sneasler|Dire Claw|p2a: Electabuzz
|-damage|p2a: Electabuzz|67/100
|move|p2a: Electabuzz|Electroweb|p1b: Rillaboom|[spread] p1a,p1b
|-resisted|p1b: Rillaboom
|-damage|p1a: Sneasler|82/100
|-damage|p1b: Rillaboom|92/100
|-unboost|p1a: Sneasler|spe|1
|-unboost|p1b: Rillaboom|spe|1
|-enditem|p1b: Rillaboom|Eject Pack
|
|t:|1756747505
|switch|p1b: Archaludon|Archaludon, L50, F|100/100
|
|-heal|p1a: Sneasler|88/100|[from] Grassy Terrain
|-heal|p2a: Electabuzz|73/100|[from] Grassy Terrain
|upkeep
|turn|2
|
|t:|1756747523
|move|p2a: Electabuzz|Follow Me|p2a: Electabuzz
|-singleturn|p2a: Electabuzz|move: Follow Me
|move|p1a: Sneasler|Dire Claw|p2a: Electabuzz
|-damage|p2a: Electabuzz|38/100
|move|p1b: Archaludon|Body Press|p2a: Electabuzz
|-damage|p2a: Electabuzz|21/100
|move|p2b: Kingambit|Swords Dance|p2b: Kingambit
|-boost|p2b: Kingambit|atk|2
|
|-heal|p1a: Sneasler|94/100|[from] Grassy Terrain
|-heal|p2a: Electabuzz|27/100|[from] Grassy Terrain
|upkeep
|turn|3
|
|t:|1756747541
|-terastallize|p2b: Kingambit|Dark
|move|p2a: Electabuzz|Protect|p2a: Electabuzz
|-singleturn|p2a: Electabuzz|Protect
|move|p1a: Sneasler|Dire Claw|p2a: Electabuzz
|-activate|p2a: Electabuzz|move: Protect
|move|p1b: Archaludon|Body Press|p2b: Kingambit
|-supereffective|p2b: Kingambit
|-damage|p2b: Kingambit|63/100
|move|p2b: Kingambit|Swords Dance|p2b: Kingambit
|-boost|p2b: Kingambit|atk|2
|
|-heal|p1a: Sneasler|99/100|[from] Grassy Terrain
|-heal|p2a: Electabuzz|32/100|[from] Grassy Terrain
|-heal|p2b: Kingambit|69/100|[from] Grassy Terrain
|upkeep
|turn|4
|
|t:|1756747565
|move|p2a: Electabuzz|Follow Me|p2a: Electabuzz
|-singleturn|p2a: Electabuzz|move: Follow Me
|move|p2b: Kingambit|Sucker Punch|p1a: Sneasler
|-resisted|p1a: Sneasler
|-damage|p1a: Sneasler|0 fnt
|faint|p1a: Sneasler
|move|p1b: Archaludon|Body Press|p2a: Electabuzz
|-damage|p2a: Electabuzz|16/100
|
|-heal|p2a: Electabuzz|21/100|[from] Grassy Terrain
|-heal|p2b: Kingambit|74/100|[from] Grassy Terrain
|upkeep
|
|t:|1756747578
|switch|p1a: Rillaboom|Rillaboom, L50, F|92/100
|turn|5
|
|t:|1756747583
|move|p2a: Electabuzz|Protect|p2a: Electabuzz
|-singleturn|p2a: Electabuzz|Protect
|move|p2b: Kingambit|Protect|p2b: Kingambit
|-singleturn|p2b: Kingambit|Protect
|move|p1a: Rillaboom|Fake Out|p2a: Electabuzz
|-activate|p2a: Electabuzz|move: Protect
|move|p1b: Archaludon|Body Press|p2b: Kingambit
|-activate|p2b: Kingambit|move: Protect
|
|-heal|p2a: Electabuzz|27/100|[from] Grassy Terrain
|-heal|p1a: Rillaboom|98/100|[from] Grassy Terrain
|-heal|p2b: Kingambit|80/100|[from] Grassy Terrain
|-fieldend|move: Grassy Terrain
|upkeep
|turn|6
|inactive|spellbreakvgc has 30 seconds left.
|
|t:|1756747612
|switch|p1b: Basculegion|Basculegion, L50, M|100/100
|-terastallize|p1a: Rillaboom|Grass
|move|p2a: Electabuzz|Follow Me|p2a: Electabuzz
|-singleturn|p2a: Electabuzz|move: Follow Me
|move|p2b: Kingambit|Sucker Punch||[still]
|-fail|p2b: Kingambit
|move|p1a: Rillaboom|Wood Hammer|p2a: Electabuzz
|-damage|p2a: Electabuzz|0 fnt
|faint|p2a: Electabuzz
|-damage|p1a: Rillaboom|91/100|[from] Recoil
|
|upkeep
|
|t:|1756747624
|switch|p2a: Rillaboom|Rillaboom, L50, F|100/100
|-fieldstart|move: Grassy Terrain|[from] ability: Grassy Surge|[of] p2a: Rillaboom
|turn|7
|inactive|spellbreakvgc has 30 seconds left.
|
|t:|1756747650
|switch|p1b: Archaludon|Archaludon, L50, F|100/100
|move|p2a: Rillaboom|Fake Out|p1a: Rillaboom
|-damage|p1a: Rillaboom|77/100
|cant|p1a: Rillaboom|flinch
|move|p2b: Kingambit|Kowtow Cleave|p1b: Archaludon
|-damage|p1b: Archaludon|0 fnt
|faint|p1b: Archaludon
|
|-heal|p1a: Rillaboom|83/100|[from] Grassy Terrain
|-heal|p2b: Kingambit|86/100|[from] Grassy Terrain
|upkeep
|
|t:|1756747661
|switch|p1b: Basculegion|Basculegion, L50, M|100/100
|turn|8
|
|t:|1756747680
|move|p1b: Basculegion|Protect|p1b: Basculegion
|-singleturn|p1b: Basculegion|Protect
|move|p2b: Kingambit|Protect|p2b: Kingambit
|-singleturn|p2b: Kingambit|Protect
|move|p2a: Rillaboom|Grassy Glide|p1b: Basculegion
|-activate|p1b: Basculegion|move: Protect
|move|p1a: Rillaboom|Wood Hammer|p2b: Kingambit
|-activate|p2b: Kingambit|move: Protect
|
|-heal|p1a: Rillaboom|90/100|[from] Grassy Terrain
|-heal|p2b: Kingambit|92/100|[from] Grassy Terrain
|upkeep
|turn|9
|-message|MercuryVGC2 forfeited.
|
|win|spellbreakvgc
||MercuryVGC2 is ready for game 2.
||spellbreakvgc is ready for game 2.
|uhtml|next|Next: Game 2 of 3
