|j|☆thatonecanto
|j|☆mixxserenade
|html|thatonecantomixxserenade    
|uhtml|bestof|Game 1 of a best-of-3
|t:|1782439066
|gametype|doubles
|player|p1|thatonecanto|hugh|1048
|player|p2|mixxserenade|101|1012
|gen|9
|tier|[Gen 9 Champions] VGC 2026 Reg M-B (Bo3)
|rated|
|rule|Species Clause: Limit one of each Pokémon
|rule|Item Clause: Limit 1 of each item
|clearpoke
|poke|p1|Camerupt, L50, M|
|poke|p1|Kingambit, L50, M|
|poke|p1|Hatterene, L50, F|
|poke|p1|Gallade, L50, M|
|poke|p1|Grimmsnarl, L50, M|
|poke|p1|Farigiraf, L50, F|
|poke|p2|Floette-Eternal, L50, F|
|poke|p2|Whimsicott, L50, F|
|poke|p2|Basculegion, L50, M|
|poke|p2|Charizard, L50, F|
|poke|p2|Kingambit, L50, M|
|poke|p2|Garchomp, L50, F|
|teampreview|4
|showteam|p1|Camerupt||Cameruptite|SolidRock|EarthPower,AncientPower,HeatWave,Protect|Quiet||M|||50|]Kingambit||BlackGlasses|Defiant|KowtowCleave,SuckerPunch,IronHead,Protect|Adamant||M|||50|]Hatterene||LifeOrb|MagicBounce|TrickRoom,DazzlingGleam,Psychic,Protect|Quiet||F|||50|]Gallade||FocusSash|Sharpness|TrickRoom,SacredSword,LeafBlade,Protect|Brave||M|||50|]Grimmsnarl||LightClay|Prankster|FakeOut,Reflect,LightScreen,SpiritBreak|Impish||M|||50|]Farigiraf||ColburBerry|ArmorTail|Psychic,TrickRoom,HelpingHand,Protect|Relaxed||F|||50|
|showteam|p2|Floette-Eternal||Floettite|FlowerVeil|DazzlingGleam,Moonblast,LightofRuin,Protect|Timid||F|||50|]Whimsicott||FocusSash|Prankster|Moonblast,Encore,Tailwind,Protect|Timid||F|||50|]Basculegion||MysticWater|Adaptability|WaveCrash,AquaJet,LastRespects,Protect|Adamant||M|||50|]Charizard||CharizarditeY|Blaze|HeatWave,WeatherBall,SolarBeam,Protect|Modest||F|||50|]Kingambit||OccaBerry|Defiant|KowtowCleave,SuckerPunch,IronHead,Protect|Adamant||M|||50|]Garchomp||RoseliBerry|RoughSkin|Earthquake,DragonClaw,RockSlide,PoisonJab|Jolly||F|||50|
|
|t:|1782439100
|teamsize|p1|4
|teamsize|p2|4
|start
|switch|p1a: Grimmsnarl|Grimmsnarl, L50, M|100/100
|switch|p1b: Farigiraf|Farigiraf, L50, F|100/100
|switch|p2a: Basculegion|Basculegion, L50, M|100/100
|switch|p2b: Kingambit|Kingambit, L50, M|100/100
|turn|1
|inactive|Battle timer is ON: inactive players will automatically lose when time's up. (requested by thatonecanto)
|inactive|mixxserenade has 60 seconds left.
|
|t:|1782439193
|switch|p2a: Floette|Floette-Eternal, L50, F|100/100
|move|p1a: Grimmsnarl|Fake Out|p2b: Kingambit
|-resisted|p2b: Kingambit|1
|-damage|p2b: Kingambit|95/100
|cant|p2b: Kingambit|flinch
|move|p1b: Farigiraf|Trick Room|p1b: Farigiraf
|-fieldstart|move: Trick Room|[of] p1b: Farigiraf
|
|upkeep
|turn|2
|inactive|mixxserenade has 30 seconds left.
|
|t:|1782439228
|switch|p1b: Camerupt|Camerupt, L50, M|100/100
|move|p1a: Grimmsnarl|Light Screen|p1a: Grimmsnarl
|-sidestart|p1: thatonecanto|move: Light Screen
|move|p2b: Kingambit|Kowtow Cleave|p1b: Camerupt
|-damage|p1b: Camerupt|45/100
|move|p2a: Floette|Light of Ruin|p1a: Grimmsnarl
|-supereffective|p1a: Grimmsnarl|1
|-damage|p1a: Grimmsnarl|22/100
|-damage|p2a: Floette|47/100|[from] Recoil
|
|upkeep
|turn|3
|inactive|thatonecanto has 30 seconds left.
|inactive|mixxserenade has 30 seconds left.
|inactive|mixxserenade has 20 seconds left.
|inactive|mixxserenade has 15 seconds left.
|
|t:|1782439271
|switch|p2b: Charizard|Charizard, L50, F|100/100
|switch|p1a: Kingambit|Kingambit, L50, M|100/100
|detailschange|p1b: Camerupt|Camerupt-Mega, L50, M
|-mega|p1b: Camerupt|Camerupt|Cameruptite
|move|p1b: Camerupt|Protect|p1b: Camerupt
|-singleturn|p1b: Camerupt|Protect
|move|p2a: Floette|Protect||[still]
|-fail|p2a: Floette
|
|upkeep
|turn|4
|inactive|thatonecanto has 30 seconds left.
|inactive|mixxserenade has 30 seconds left.
|
|t:|1782439301
|switch|p2a: Basculegion|Basculegion, L50, M|100/100
|detailschange|p2b: Charizard|Charizard-Mega-Y, L50, F
|-mega|p2b: Charizard|Charizard|Charizardite Y
|-weather|SunnyDay|[from] ability: Drought|[of] p2b: Charizard
|move|p1b: Camerupt|Ancient Power|p2b: Charizard
|-supereffective|p2b: Charizard|2
|-damage|p2b: Charizard|0 fnt
|faint|p2b: Charizard
|move|p1a: Kingambit|Kowtow Cleave|p2a: Basculegion
|-supereffective|p2a: Basculegion|1
|-damage|p2a: Basculegion|0 fnt
|faint|p2a: Basculegion
|
|-weather|SunnyDay|[upkeep]
|upkeep
|
|t:|1782439318
|switch|p2a: Floette|Floette-Eternal, L50, F|47/100
|switch|p2b: Kingambit|Kingambit, L50, M|95/100
|turn|5
|inactive|thatonecanto has 30 seconds left.
|
|t:|1782439357
|switch|p1b: Farigiraf|Farigiraf, L50, F|100/100
|move|p1a: Kingambit|Iron Head|p2a: Floette
|-supereffective|p2a: Floette|1
|-damage|p2a: Floette|0 fnt
|faint|p2a: Floette
|move|p2b: Kingambit|Kowtow Cleave|p1b: Farigiraf
|-supereffective|p1b: Farigiraf|1
|-enditem|p1b: Farigiraf|Colbur Berry|[eat]
|-enditem|p1b: Farigiraf|Colbur Berry|[weaken]
|-damage|p1b: Farigiraf|69/100
|
|-weather|SunnyDay|[upkeep]
|-fieldend|move: Trick Room
|upkeep
|turn|6
|inactive|mixxserenade has 30 seconds left.
|
|t:|1782439391
|move|p2b: Kingambit|Sucker Punch||[still]
|cant|p1b: Farigiraf|ability: Armor Tail|Sucker Punch|[of] p2b: Kingambit
|move|p1a: Kingambit|Kowtow Cleave|p2b: Kingambit
|-resisted|p2b: Kingambit|1
|-damage|p2b: Kingambit|66/100
|move|p1b: Farigiraf|Trick Room|p1b: Farigiraf
|-fieldstart|move: Trick Room|[of] p1b: Farigiraf
|
|-weather|SunnyDay|[upkeep]
|upkeep
|turn|7
|
|t:|1782439408
|switch|p1b: Camerupt|Camerupt-Mega, L50, M|45/100
|move|p1a: Kingambit|Kowtow Cleave|p2b: Kingambit
|-resisted|p2b: Kingambit|1
|-damage|p2b: Kingambit|41/100
|move|p2b: Kingambit|Kowtow Cleave|p1b: Camerupt
|-damage|p1b: Camerupt|4/100
|
|-weather|SunnyDay|[upkeep]
|upkeep
|turn|8
|inactive|mixxserenade has 30 seconds left.
|inactive|mixxserenade has 20 seconds left.
|
|t:|1782439447
|switch|p1a: Farigiraf|Farigiraf, L50, F|69/100
|move|p1b: Camerupt|Earth Power|p2b: Kingambit
|-supereffective|p2b: Kingambit|1
|-damage|p2b: Kingambit|0 fnt
|faint|p2b: Kingambit
|
|win|thatonecanto
|inactive|thatonecanto has 30 seconds to confirm battle start!
|inactive|mixxserenade has 30 seconds to confirm battle start!
||mixxserenade is ready for game 2.
|inactive|thatonecanto has 20 seconds to confirm battle start!
||thatonecanto is ready for game 2.
|uhtml|next|Next: Game 2 of 3
|l|☆mixxserenade
|player|p2|
