|j|☆sophiadeclare
|j|☆hactor-gv128
|html|sophiadeclarehactor-gv128    
|uhtml|bestof|Game 2 of a best-of-3
|t:|1784214631
|gametype|doubles
|player|p1|sophiadeclare|hilbert-wonderlauncher|1081
|player|p2|hactor-gv128|1|1138
|gen|9
|tier|[Gen 9 Champions] VGC 2026 Reg M-B (Bo3)
|rated|
|rule|Species Clause: Limit one of each Pokémon
|rule|Item Clause: Limit 1 of each item
|clearpoke
|poke|p1|Kingambit, L50, M, shiny|
|poke|p1|Garchomp, L50, M, shiny|
|poke|p1|Farigiraf, L50, F, shiny|
|poke|p1|Sylveon, L50, F, shiny|
|poke|p1|Aerodactyl, L50, F, shiny|
|poke|p1|Charizard, L50, M, shiny|
|poke|p2|Farigiraf, L50, M|
|poke|p2|Charizard, L50, F|
|poke|p2|Garchomp, L50, M|
|poke|p2|Aerodactyl, L50, M|
|poke|p2|Sylveon, L50, F|
|poke|p2|Kingambit, L50, F|
|teampreview|4
|showteam|p1|Kingambit||FocusSash|Defiant|SuckerPunch,KowtowCleave,LowKick,IronHead|Adamant||M|||50|]Garchomp||LifeOrb|RoughSkin|Earthquake,DragonClaw,StompingTantrum,Protect|Jolly||M|||50|]Farigiraf||SitrusBerry|ArmorTail|Psychic,Thunderbolt,TrickRoom,Protect|Bold||F|||50|]Sylveon||FairyFeather|Pixilate|HyperVoice,HyperBeam,QuickAttack,Detect|Modest||F|||50|]Aerodactyl||Aerodactylite|Unnerve|Tailwind,RockSlide,DualWingbeat,IceFang|Jolly||F|||50|]Charizard||CharizarditeY|SolarPower|Protect,HeatWave,WeatherBall,SolarBeam|Modest||M|||50|
|showteam|p2|Farigiraf||SitrusBerry|ArmorTail|TrickRoom,TwinBeam,Thunderbolt,HelpingHand|Relaxed||M|||50|]Charizard||CharizarditeY|SolarPower|SolarBeam,WeatherBall,HeatWave,Protect|Modest||F|||50|]Garchomp||LifeOrb|RoughSkin|StompingTantrum,DragonClaw,Earthquake,Protect|Jolly||M|||50|]Aerodactyl||Aerodactylite|Unnerve|Tailwind,DualWingbeat,IceFang,RockSlide|Jolly||M|||50|]Sylveon||FairyFeather|Pixilate|HyperBeam,HyperVoice,QuickAttack,Protect|Modest||F|||50|]Kingambit||BlackGlasses|Defiant|KowtowCleave,IronHead,LowKick,SuckerPunch|Jolly||F|||50|
|
|t:|1784214644
|teamsize|p1|4
|teamsize|p2|4
|start
|switch|p1a: bố meta|Aerodactyl, L50, F, shiny|100/100
|switch|p1b: cha già|Kingambit, L50, M, shiny|100/100
|switch|p2a: Farigiraf|Farigiraf, L50, M|100/100
|switch|p2b: Kingambit|Kingambit, L50, F|100/100
|-ability|p1a: bố meta|Unnerve
|turn|1
|
|t:|1784214764
|switch|p2b: Sylveon|Sylveon, L50, F|100/100
|detailschange|p1a: bố meta|Aerodactyl-Mega, L50, F, shiny
|-mega|p1a: bố meta|Aerodactyl|Aerodactylite
|move|p1a: bố meta|Tailwind|p1a: bố meta
|-sidestart|p1: sophiadeclare|move: Tailwind
|move|p1b: cha già|Low Kick|p2b: Sylveon
|-resisted|p2b: Sylveon|1
|-damage|p2b: Sylveon|92/100
|move|p2a: Farigiraf|Trick Room|p2a: Farigiraf
|-fieldstart|move: Trick Room|[of] p2a: Farigiraf
|
|upkeep
|turn|2
|
|t:|1784214785
|move|p2a: Farigiraf|Thunderbolt|p1a: bố meta
|-supereffective|p1a: bố meta|1
|-damage|p1a: bố meta|52/100
|move|p2b: Sylveon|Hyper Voice|p1b: cha già|[spread] p1a,p1b
|-damage|p1a: bố meta|9/100
|-damage|p1b: cha già|47/100
|move|p1b: cha già|Iron Head|p2b: Sylveon
|-supereffective|p2b: Sylveon|1
|-damage|p2b: Sylveon|0 fnt
|faint|p2b: Sylveon
|move|p1a: bố meta|Dual Wingbeat|p2a: Farigiraf
|-damage|p2a: Farigiraf|82/100
|-damage|p2a: Farigiraf|62/100
|-hitcount|p2a: Farigiraf|2
|
|upkeep
|
|t:|1784214792
|switch|p2b: Kingambit|Kingambit, L50, F|100/100
|turn|3
|
|t:|1784214828
|switch|p1b: sủa|Sylveon, L50, F, shiny|100/100
|move|p2a: Farigiraf|Twin Beam|p1a: bố meta
|-damage|p1a: bố meta|0 fnt
|faint|p1a: bố meta
|-hitcount|p1: bố meta|1
|move|p2b: Kingambit|Low Kick|p1b: sủa
|-resisted|p1b: sủa|1
|-damage|p1b: sủa|91/100
|
|upkeep
|
|t:|1784214860
|switch|p1a: cha già|Kingambit, L50, M, shiny|47/100
|turn|4
|
|t:|1784214921
|move|p2a: Farigiraf|Twin Beam|p1b: sủa
|-damage|p1b: sủa|78/100
|-damage|p1b: sủa|64/100
|-hitcount|p1b: sủa|2
|move|p2b: Kingambit|Low Kick|p1a: cha già
|-supereffective|p1a: cha già|2
|-damage|p1a: cha già|0 fnt
|faint|p1a: cha già
|move|p1b: sủa|Hyper Voice|p2a: Farigiraf|[spread] p2a,p2b
|-damage|p2a: Farigiraf|14/100
|-damage|p2b: Kingambit|45/100
|-enditem|p2a: Farigiraf|Sitrus Berry|[eat]
|-heal|p2a: Farigiraf|39/100|[from] item: Sitrus Berry
|
|-sideend|p1: sophiadeclare|move: Tailwind
|upkeep
|
|t:|1784214934
|switch|p1a: đấm đau|Garchomp, L50, M, shiny|100/100
|turn|5
|
|t:|1784214950
|move|p2a: Farigiraf|Helping Hand|p2b: Kingambit
|-singleturn|p2b: Kingambit|Helping Hand|[of] p2a: Farigiraf
|move|p1b: sủa|Hyper Voice|p2a: Farigiraf|[spread] p2a,p2b
|-damage|p2a: Farigiraf|0 fnt
|-damage|p2b: Kingambit|0 fnt
|faint|p2a: Farigiraf
|faint|p2b: Kingambit
|move|p1a: đấm đau|Stomping Tantrum|p2: Farigiraf|[notarget]
|-fail|p1a: đấm đau
|
|-fieldend|move: Trick Room
|upkeep
|
|t:|1784214956
|switch|p2a: Charizard|Charizard, L50, F|100/100
|turn|6
|
|t:|1784214969
|detailschange|p2a: Charizard|Charizard-Mega-Y, L50, F
|-mega|p2a: Charizard|Charizard|Charizardite Y
|-weather|SunnyDay|[from] ability: Drought|[of] p2a: Charizard
|move|p1a: đấm đau|Dragon Claw|p2a: Charizard
|-damage|p2a: Charizard|50/100g
|-damage|p1a: đấm đau|90/100|[from] item: Life Orb
|move|p2a: Charizard|Heat Wave|p1a: đấm đau|[spread] p1a,p1b
|-resisted|p1a: đấm đau|1
|-damage|p1a: đấm đau|57/100
|-damage|p1b: sủa|13/100
|move|p1b: sủa|Hyper Voice|p2a: Charizard
|-resisted|p2a: Charizard|1
|-damage|p2a: Charizard|22/100
|
|-weather|SunnyDay|[upkeep]
|upkeep
|turn|7
|
|t:|1784214987
|move|p1b: sủa|Quick Attack|p2a: Charizard
|-resisted|p2a: Charizard|1
|-damage|p2a: Charizard|16/100
|move|p1a: đấm đau|Dragon Claw|p2a: Charizard
|-damage|p2a: Charizard|0 fnt
|faint|p2a: Charizard
|-damage|p1a: đấm đau|48/100|[from] item: Life Orb
|
|win|sophiadeclare
|c|☆hactor-gv128|Gg
||hactor-gv128 is ready for game 3.
|inactive|sophiadeclare has 30 seconds to confirm battle start!
||sophiadeclare is ready for game 3.
|uhtml|next|Next: Game 3 of 3
|l|☆hactor-gv128
|player|p2|
