|j|☆Turin0-3Spritz
|j|☆Prepucio Santos
|html|Turin0-3SpritzPrepucio Santos    
|uhtml|bestof|Game 2 of a best-of-3
|t:|1783528254
|gametype|doubles
|player|p1|Turin0-3Spritz|1|1268
|player|p2|Prepucio Santos|striker|1315
|gen|9
|tier|[Gen 9 Champions] VGC 2026 Reg M-B (Bo3)
|rated|
|rule|Species Clause: Limit one of each Pokémon
|rule|Item Clause: Limit 1 of each item
|clearpoke
|poke|p1|Pelipper, L50, M|
|poke|p1|Archaludon, L50, F|
|poke|p1|Grimmsnarl, L50, M|
|poke|p1|Basculegion, L50, M|
|poke|p1|Venusaur, L50, F|
|poke|p1|Aegislash, L50, F|
|poke|p2|Incineroar, L50, M|
|poke|p2|Sinistcha-Masterpiece, L50, shiny|
|poke|p2|Floette-Eternal, L50, F|
|poke|p2|Kingambit, L50, M|
|poke|p2|Sneasler, L50, M|
|poke|p2|Delphox, L50, M, shiny|
|teampreview|4
|showteam|p1|Pelipper||SitrusBerry|Drizzle|WeatherBall,Hurricane,Tailwind,WideGuard|Modest||M|||50|]Archaludon||Leftovers|Stamina|ElectroShot,DragonPulse,FlashCannon,Protect|Calm||F|||50|]Grimmsnarl||LightClay|Prankster|FoulPlay,LightScreen,Reflect,PartingShot|Calm||M|||50|]Basculegion||ChoiceScarf|Adaptability|WaveCrash,FlipTurn,LastRespects,AquaJet|Jolly||M|||50|]Venusaur||Venusaurite|Chlorophyll|GigaDrain,SludgeBomb,EarthPower,Protect|Modest||F|||50|]Aegislash||FocusSash|StanceChange|IronHead,ShadowSneak,CloseCombat,KingsShield|Adamant||F|||50|
|showteam|p2|Incineroar||SitrusBerry|Intimidate|FakeOut,PartingShot,ThroatChop,FlareBlitz|Careful||M|||50|]Sinistcha-Masterpiece||KasibBerry|Hospitality|MatchaGotcha,LifeDew,RagePowder,TrickRoom|Bold|||||50|]Floette-Eternal||Floettite|FlowerVeil|Moonblast,DazzlingGleam,CalmMind,Protect|Modest||F|||50|]Kingambit||BlackGlasses|Defiant|KowtowCleave,SuckerPunch,SwordsDance,Protect|Adamant||M|||50|]Sneasler||FocusSash|PoisonTouch|FakeOut,CloseCombat,DireClaw,QuickGuard|Jolly||M|||50|]Delphox||Delphoxite|Blaze|HeatWave,Psyshock,NastyPlot,Protect|Timid||M|||50|
|inactive|Battle timer is ON: inactive players will automatically lose when time's up. (requested by Prepucio Santos)
|
|t:|1783528269
|teamsize|p1|4
|teamsize|p2|4
|start
|switch|p1a: Venusaur|Venusaur, L50, F|100/100
|switch|p1b: Basculegion|Basculegion, L50, M|100/100
|switch|p2a: Kingambit|Kingambit, L50, M|100/100
|switch|p2b: Floette|Floette-Eternal, L50, F|100/100
|turn|1
|
|t:|1783528289
|detailschange|p1a: Venusaur|Venusaur-Mega, L50, F
|-mega|p1a: Venusaur|Venusaur|Venusaurite
|detailschange|p2b: Floette|Floette-Mega, L50, F
|-mega|p2b: Floette|Floette|Floettite
|-ability|p2b: Floette|Fairy Aura
|move|p1b: Basculegion|Aqua Jet|p2a: Kingambit
|-damage|p2a: Kingambit|81/100
|move|p2a: Kingambit|Sucker Punch||[still]
|-fail|p2a: Kingambit
|move|p2b: Floette|Calm Mind|p2b: Floette
|-boost|p2b: Floette|spa|1
|-boost|p2b: Floette|spd|1
|move|p1a: Venusaur|Earth Power|p2a: Kingambit
|-supereffective|p2a: Kingambit|1
|-damage|p2a: Kingambit|25/100
|
|upkeep
|turn|2
|
|t:|1783528304
|switch|p1b: Aegislash|Aegislash, L50, F|100/100
|switch|p2a: Incineroar|Incineroar, L50, M|100/100
|-ability|p2a: Incineroar|Intimidate|boost
|-unboost|p1a: Venusaur|atk|1
|-unboost|p1b: Aegislash|atk|1
|move|p2b: Floette|Calm Mind|p2b: Floette
|-boost|p2b: Floette|spa|1
|-boost|p2b: Floette|spd|1
|move|p1a: Venusaur|Earth Power|p2a: Incineroar
|-supereffective|p2a: Incineroar|1
|-damage|p2a: Incineroar|52/100
|
|upkeep
|turn|3
|
|t:|1783528318
|move|p2b: Floette|Dazzling Gleam|p1b: Aegislash|[spread] p1a,p1b
|-resisted|p1a: Venusaur|1
|-resisted|p1b: Aegislash|1
|-damage|p1a: Venusaur|59/100
|-damage|p1b: Aegislash|54/100
|move|p1a: Venusaur|Sludge Bomb|p2b: Floette
|-supereffective|p2b: Floette|1
|-damage|p2b: Floette|65/100
|-formechange|p1b: Aegislash|Aegislash-Blade|
|move|p1b: Aegislash|Iron Head|p2b: Floette
|-supereffective|p2b: Floette|1
|-damage|p2b: Floette|2/100
|move|p2a: Incineroar|Parting Shot|p1b: Aegislash
|-unboost|p1b: Aegislash|atk|1
|-unboost|p1b: Aegislash|spa|1
|
|t:|1783528329
|switch|p2a: Sinistcha|Sinistcha-Masterpiece, L50, shiny|100/100|[from] Parting Shot
|-heal|p2b: Floette|27/100|[from] ability: Hospitality|[of] p2a: Sinistcha
|
|upkeep
|turn|4
|
|t:|1783528341
|move|p2b: Floette|Protect|p2b: Floette
|-singleturn|p2b: Floette|Protect
|move|p1b: Aegislash|Shadow Sneak|p2a: Sinistcha
|-supereffective|p2a: Sinistcha|1
|-enditem|p2a: Sinistcha|Kasib Berry|[eat]
|-enditem|p2a: Sinistcha|Kasib Berry|[weaken]
|-damage|p2a: Sinistcha|89/100
|move|p1a: Venusaur|Sludge Bomb|p2a: Sinistcha
|-damage|p2a: Sinistcha|41/100
|move|p2a: Sinistcha|Life Dew|p2a: Sinistcha|[spread] p2a,p2b
|-heal|p2a: Sinistcha|66/100
|-heal|p2b: Floette|52/100
|
|upkeep
|turn|5
|
|t:|1783528356
|switch|p2a: Incineroar|Incineroar, L50, M|52/100
|-ability|p2a: Incineroar|Intimidate|boost
|-unboost|p1a: Venusaur|atk|1
|-unboost|p1b: Aegislash|atk|1
|-formechange|p1b: Aegislash|Aegislash|
|move|p1b: Aegislash|King's Shield|p1b: Aegislash
|-singleturn|p1b: Aegislash|Protect
|move|p2b: Floette|Moonblast|p1a: Venusaur
|-resisted|p1a: Venusaur|1
|-damage|p1a: Venusaur|1/100
|move|p1a: Venusaur|Sludge Bomb|p2b: Floette
|-supereffective|p2b: Floette|1
|-damage|p2b: Floette|21/100
|
|upkeep
|turn|6
|
|t:|1783528380
|switch|p2a: Sinistcha|Sinistcha-Masterpiece, L50, shiny|66/100
|-heal|p2b: Floette|46/100|[from] ability: Hospitality|[of] p2a: Sinistcha
|move|p1a: Venusaur|Protect|p1a: Venusaur
|-singleturn|p1a: Venusaur|Protect
|move|p2b: Floette|Dazzling Gleam|p1a: Venusaur|[spread] p1b
|-activate|p1a: Venusaur|move: Protect
|-resisted|p1b: Aegislash|1
|-damage|p1b: Aegislash|3/100
|-formechange|p1b: Aegislash|Aegislash-Blade|
|move|p1b: Aegislash|Iron Head|p2b: Floette
|-supereffective|p2b: Floette|1
|-damage|p2b: Floette|9/100
|
|upkeep
|turn|7
|inactive|Turin0-3Spritz has 30 seconds left.
|inactive|Turin0-3Spritz has 20 seconds left.
|inactive|Turin0-3Spritz has 15 seconds left.
|inactive|Turin0-3Spritz has 10 seconds left.
|
|t:|1783528426
|move|p2b: Floette|Protect|p2b: Floette
|-singleturn|p2b: Floette|Protect
|move|p1b: Aegislash|Shadow Sneak|p2b: Floette
|-activate|p2b: Floette|move: Protect
|move|p1a: Venusaur|Sludge Bomb|p2b: Floette
|-activate|p2b: Floette|move: Protect
|move|p2a: Sinistcha|Life Dew|p2a: Sinistcha|[spread] p2a,p2b
|-heal|p2a: Sinistcha|92/100
|-heal|p2b: Floette|34/100
|
|upkeep
|turn|8
|
|t:|1783528437
|switch|p2a: Incineroar|Incineroar, L50, M|52/100
|-ability|p2a: Incineroar|Intimidate|boost
|-unboost|p1a: Venusaur|atk|1
|-unboost|p1b: Aegislash|atk|1
|move|p1b: Aegislash|Shadow Sneak|p2a: Incineroar
|-resisted|p2a: Incineroar|1
|-damage|p2a: Incineroar|48/100
|-enditem|p2a: Incineroar|Sitrus Berry|[eat]
|-heal|p2a: Incineroar|73/100|[from] item: Sitrus Berry
|move|p2b: Floette|Dazzling Gleam|p1b: Aegislash|[spread] p1a,p1b
|-resisted|p1a: Venusaur|1
|-resisted|p1b: Aegislash|1
|-damage|p1a: Venusaur|0 fnt
|-damage|p1b: Aegislash|0 fnt
|faint|p1a: Venusaur
|faint|p1b: Aegislash
|
|upkeep
|
|t:|1783528440
|switch|p1a: Basculegion|Basculegion, L50, M|100/100
|switch|p1b: Pelipper|Pelipper, L50, M|100/100
|-weather|RainDance|[from] ability: Drizzle|[of] p1b: Pelipper
|turn|9
|
|t:|1783528455
|move|p2b: Floette|Protect|p2b: Floette
|-singleturn|p2b: Floette|Protect
|move|p1a: Basculegion|Last Respects|p2b: Floette
|-activate|p2b: Floette|move: Protect
|move|p1b: Pelipper|Weather Ball|p2a: Incineroar
|-supereffective|p2a: Incineroar|1
|-damage|p2a: Incineroar|0 fnt
|faint|p2a: Incineroar
|
|-weather|RainDance|[upkeep]
|upkeep
|
|t:|1783528462
|switch|p2a: Kingambit|Kingambit, L50, M|25/100
|turn|10
|
|t:|1783528472
|move|p2a: Kingambit|Sucker Punch|p1a: Basculegion
|-supereffective|p1a: Basculegion|1
|-damage|p1a: Basculegion|0 fnt
|faint|p1a: Basculegion
|move|p2b: Floette|Moonblast|p1b: Pelipper
|-crit|p1b: Pelipper
|-damage|p1b: Pelipper|0 fnt
|faint|p1b: Pelipper
|
|win|Prepucio Santos
