|j|☆0oBRUNCHo0
|j|☆klphh
|html|0oBRUNCHo0klphh    
|uhtml|bestof|Game 1 of a best-of-3
|t:|1786191937
|gametype|doubles
|player|p1|0oBRUNCHo0|unknown|1105
|player|p2|klphh|102|1123
|gen|9
|tier|[Gen 9 Champions] VGC 2026 Reg M-B (Bo3)
|rated|
|rule|Species Clause: Limit one of each Pokémon
|rule|Item Clause: Limit 1 of each item
|clearpoke
|poke|p1|Charizard, L50, F|
|poke|p1|Archaludon, L50, M|
|poke|p1|Venusaur, L50, F|
|poke|p1|Pelipper, L50, F|
|poke|p1|Grimmsnarl, L50, M|
|poke|p1|Basculegion, L50, M|
|poke|p2|Chimecho, L50, F|
|poke|p2|Grimmsnarl, L50, M|
|poke|p2|Palafin, L50, F|
|poke|p2|Tyranitar, L50, F|
|poke|p2|Incineroar, L50, M|
|poke|p2|Sinistcha-Masterpiece, L50|
|teampreview|4
|showteam|p1|Charizard||CharizarditeY|Blaze|HeatWave,WeatherBall,SolarBeam,Protect|Modest||F|||50|]Archaludon||Leftovers|Stamina|ElectroShot,FlashCannon,DragonPulse,Protect|Modest||M|||50|]Venusaur||Venusaurite|Chlorophyll|EarthPower,GigaDrain,SludgeBomb,Protect|Modest||F|||50|]Pelipper||FocusSash|Drizzle|WeatherBall,Hurricane,Tailwind,WideGuard|Timid||F|||50|]Grimmsnarl||LightClay|Prankster|SpiritBreak,PartingShot,Reflect,LightScreen|Careful||M|||50|]Basculegion||ChoiceScarf|Adaptability|WaveCrash,FlipTurn,AquaJet,LastRespects|Jolly||M|||50|
|showteam|p2|Chimecho||Chimechite|Levitate|Protect,TrickRoom,Psychic,FlashCannon|Quiet||F|||50|]Grimmsnarl||LightClay|Prankster|LightScreen,Reflect,FakeOut,SpiritBreak|Impish||M|||50|]Palafin||ChoiceScarf|ZerotoHero|JetPunch,CloseCombat,FlipTurn,WaveCrash|Adamant||F|||50|]Tyranitar||Tyranitarite|SandStream|RockSlide,Crunch,Protect,Earthquake|Brave||F|||50|]Incineroar||SitrusBerry|Intimidate|PartingShot,Protect,FakeOut,FlareBlitz|Brave||M|||50|]Sinistcha-Masterpiece||ColburBerry|Hospitality|MatchaGotcha,Protect,RagePowder,TrickRoom|Relaxed|||||50|
|inactive|Battle timer is ON: inactive players will automatically lose when time's up. (requested by klphh)
|inactive|klphh has 60 seconds left.
|
|t:|1786192053
|teamsize|p1|4
|teamsize|p2|4
|start
|switch|p1a: Venusaur|Venusaur, L50, F|100/100
|switch|p1b: Grimmsnarl|Grimmsnarl, L50, M|100/100
|switch|p2a: Sinistcha|Sinistcha-Masterpiece, L50|100/100
|switch|p2b: Incineroar|Incineroar, L50, M|100/100
|-ability|p2b: Incineroar|Intimidate|boost
|-unboost|p1a: Venusaur|atk|1
|-unboost|p1b: Grimmsnarl|atk|1
|turn|1
|inactive|0oBRUNCHo0 has 30 seconds left.
|inactive|0oBRUNCHo0 has 20 seconds left.
|inactive|0oBRUNCHo0 has 15 seconds left.
|
|t:|1786192094
|detailschange|p1a: Venusaur|Venusaur-Mega, L50, F
|-mega|p1a: Venusaur|Venusaur|Venusaurite
|move|p1a: Venusaur|Protect|p1a: Venusaur
|-singleturn|p1a: Venusaur|Protect
|move|p2b: Incineroar|Fake Out|p1a: Venusaur
|-activate|p1a: Venusaur|move: Protect
|move|p1b: Grimmsnarl|Reflect|p1b: Grimmsnarl
|-sidestart|p1: 0oBRUNCHo0|Reflect
|move|p2a: Sinistcha|Trick Room|p2a: Sinistcha
|-fieldstart|move: Trick Room|[of] p2a: Sinistcha
|
|upkeep
|turn|2
|inactive|0oBRUNCHo0 has 30 seconds left.
|inactive|klphh has 30 seconds left.
|inactive|klphh has 20 seconds left.
|inactive|klphh has 15 seconds left.
|inactive|klphh has 10 seconds left.
|
|t:|1786192143
|switch|p2b: Chimecho|Chimecho, L50, F|100/100
|switch|p2a: Tyranitar|Tyranitar, L50, F|100/100
|-weather|Sandstorm|[from] ability: Sand Stream|[of] p2a: Tyranitar
|move|p1b: Grimmsnarl|Spirit Break|p2a: Tyranitar
|-supereffective|p2a: Tyranitar|1
|-damage|p2a: Tyranitar|68/100
|-unboost|p2a: Tyranitar|spa|1
|move|p1a: Venusaur|Earth Power|p2b: Chimecho
|-immune|p2b: Chimecho|[from] ability: Levitate
|
|-weather|Sandstorm|[upkeep]
|-damage|p2b: Chimecho|93/100|[from] Sandstorm
|-damage|p1b: Grimmsnarl|94/100|[from] Sandstorm
|-damage|p1a: Venusaur|94/100|[from] Sandstorm
|upkeep
|turn|3
|inactive|0oBRUNCHo0 has 30 seconds left.
|inactive|klphh has 30 seconds left.
|inactive|0oBRUNCHo0 has 20 seconds left.
|inactive|klphh has 20 seconds left.
|inactive|klphh has 15 seconds left.
|inactive|0oBRUNCHo0 has 15 seconds left.
|inactive|klphh has 10 seconds left.
|inactive|0oBRUNCHo0 has 10 seconds left.
|
|t:|1786192196
|switch|p2a: Incineroar|Incineroar, L50, M|100/100
|-ability|p2a: Incineroar|Intimidate|boost
|-unboost|p1a: Venusaur|atk|1
|-unboost|p1b: Grimmsnarl|atk|1
|detailschange|p2b: Chimecho|Chimecho-Mega, L50, F
|-mega|p2b: Chimecho|Chimecho|Chimechite
|move|p1b: Grimmsnarl|Light Screen|p1b: Grimmsnarl
|-sidestart|p1: 0oBRUNCHo0|move: Light Screen
|move|p2b: Chimecho|Flash Cannon|p1b: Grimmsnarl
|-supereffective|p1b: Grimmsnarl|1
|-damage|p1b: Grimmsnarl|36/100
|move|p1a: Venusaur|Giga Drain|p2a: Incineroar
|-resisted|p2a: Incineroar|1
|-damage|p2a: Incineroar|81/100
|-heal|p1a: Venusaur|100/100|[from] drain|[of] p2a: Incineroar
|
|-weather|Sandstorm|[upkeep]
|-damage|p2a: Incineroar|75/100|[from] Sandstorm
|-damage|p1b: Grimmsnarl|30/100|[from] Sandstorm
|-damage|p1a: Venusaur|94/100|[from] Sandstorm
|upkeep
|turn|4
|inactive|0oBRUNCHo0 has 30 seconds left.
|inactive|klphh has 30 seconds left.
|
|t:|1786192222
|switch|p1a: Pelipper|Pelipper, L50, F|100/100
|-weather|RainDance|[from] ability: Drizzle|[of] p1a: Pelipper
|move|p2a: Incineroar|Fake Out|p1b: Grimmsnarl
|-damage|p1b: Grimmsnarl|21/100
|cant|p1b: Grimmsnarl|flinch
|move|p2b: Chimecho|Psychic|p1a: Pelipper
|-damage|p1a: Pelipper|41/100
|
|-weather|RainDance|[upkeep]
|upkeep
|turn|5
|inactive|0oBRUNCHo0 has 30 seconds left.
|inactive|klphh has 30 seconds left.
|inactive|klphh has 20 seconds left.
|inactive|klphh has 15 seconds left.
|inactive|klphh has 10 seconds left.
|inactive|klphh has 5 seconds left.
|
|t:|1786192273
|move|p1b: Grimmsnarl|Parting Shot|p2b: Chimecho
|-unboost|p2b: Chimecho|atk|1
|-unboost|p2b: Chimecho|spa|1
|
|t:|1786192283
|switch|p1b: Basculegion|Basculegion, L50, M|100/100|[from] Parting Shot
|move|p2a: Incineroar|Parting Shot|p1b: Basculegion
|-unboost|p1b: Basculegion|atk|1
|-unboost|p1b: Basculegion|spa|1
|
|t:|1786192293
|switch|p2a: Sinistcha|Sinistcha-Masterpiece, L50|100/100|[from] Parting Shot
|-heal|p2b: Chimecho|100/100|[from] ability: Hospitality|[of] p2a: Sinistcha
|move|p2b: Chimecho|Psychic|p1a: Pelipper
|-damage|p1a: Pelipper|0 fnt
|faint|p1a: Pelipper
|
|-weather|RainDance|[upkeep]
|-fieldend|move: Trick Room
|upkeep
|
|t:|1786192298
|switch|p1a: Venusaur|Venusaur-Mega, L50, F|94/100
|turn|6
|inactive|klphh has 30 seconds left.
|inactive|klphh has 20 seconds left.
|inactive|klphh has 15 seconds left.
|inactive|klphh has 10 seconds left.
|inactive|klphh has 5 seconds left.
|
|t:|1786192348
|move|p1b: Basculegion|Last Respects|p2a: Sinistcha
|-supereffective|p2a: Sinistcha|1
|-damage|p2a: Sinistcha|41/100
|move|p1a: Venusaur|Sludge Bomb|p2a: Sinistcha
|-damage|p2a: Sinistcha|0 fnt
|faint|p2a: Sinistcha
|move|p2b: Chimecho|Trick Room|p2b: Chimecho
|-fieldstart|move: Trick Room|[of] p2b: Chimecho
|
|-weather|RainDance|[upkeep]
|upkeep
|
|t:|1786192362
|switch|p2a: Tyranitar|Tyranitar, L50, F|68/100
|-weather|Sandstorm|[from] ability: Sand Stream|[of] p2a: Tyranitar
|turn|7
|inactive|klphh has 30 seconds left.
|inactive|klphh has 20 seconds left.
|
|t:|1786192397
|move|p2a: Tyranitar|Crunch|p1b: Basculegion
|-supereffective|p1b: Basculegion|1
|-damage|p1b: Basculegion|23/100
|move|p2b: Chimecho|Psychic|p1b: Basculegion
|-damage|p1b: Basculegion|0 fnt
|faint|p1b: Basculegion
|move|p1a: Venusaur|Giga Drain|p2a: Tyranitar
|-supereffective|p2a: Tyranitar|1
|-damage|p2a: Tyranitar|20/100y
|-heal|p1a: Venusaur|100/100|[from] drain|[of] p2a: Tyranitar
|
|-weather|Sandstorm|[upkeep]
|-damage|p1a: Venusaur|94/100|[from] Sandstorm
|upkeep
|
|t:|1786192403
|switch|p1b: Grimmsnarl|Grimmsnarl, L50, M|21/100
|turn|8
|inactive|0oBRUNCHo0 has 30 seconds left.
|inactive|0oBRUNCHo0 has 20 seconds left.
|
|t:|1786192440
|move|p2a: Tyranitar|Earthquake|p1a: Venusaur|[spread] p1a,p1b
|-immune|p2b: Chimecho|[from] ability: Levitate
|-damage|p1a: Venusaur|79/100
|-damage|p1b: Grimmsnarl|1/100
|move|p2b: Chimecho|Flash Cannon|p1b: Grimmsnarl
|-supereffective|p1b: Grimmsnarl|1
|-damage|p1b: Grimmsnarl|0 fnt
|faint|p1b: Grimmsnarl
|move|p1a: Venusaur|Giga Drain|p2b: Chimecho
|-resisted|p2b: Chimecho|1
|-damage|p2b: Chimecho|82/100
|-heal|p1a: Venusaur|88/100|[from] drain|[of] p2b: Chimecho
|
|-weather|Sandstorm|[upkeep]
|-damage|p1a: Venusaur|82/100|[from] Sandstorm
|-sideend|p1: 0oBRUNCHo0|Reflect
|upkeep
|turn|9
|
|t:|1786192459
|move|p2a: Tyranitar|Crunch|p1a: Venusaur
|-damage|p1a: Venusaur|44/100
|-unboost|p1a: Venusaur|def|1
|move|p2b: Chimecho|Psychic|p1a: Venusaur
|-supereffective|p1a: Venusaur|1
|-damage|p1a: Venusaur|8/100
|move|p1a: Venusaur|Giga Drain|p2a: Tyranitar
|-supereffective|p2a: Tyranitar|1
|-damage|p2a: Tyranitar|0 fnt
|-heal|p1a: Venusaur|20/100y|[from] drain|[of] p2a: Tyranitar
|faint|p2a: Tyranitar
|
|-weather|Sandstorm|[upkeep]
|-damage|p1a: Venusaur|14/100|[from] Sandstorm
|upkeep
|-message|0oBRUNCHo0 forfeited.
|
|win|klphh
|l|☆0oBRUNCHo0
|player|p1|
||0oBRUNCHo0 is ready for game 2.
||klphh is ready for game 2.
|uhtml|next|Next: Game 2 of 3
|j|☆0oBRUNCHo0
|player|p1|0oBRUNCHo0|unknown|
