|j|☆Luke693VGC
|j|☆ADri 2022
|html|Luke693VGCADri 2022    
|uhtml|bestof|Game 2 of a best-of-3
|t:|1756649303
|gametype|doubles
|player|p1|Luke693VGC|cyclist-gen4|1085
|player|p2|ADri 2022|plasmagrunt|1000
|gen|9
|tier|[Gen 9] VGC 2025 Reg H (Bo3)
|rated|
|rule|Species Clause: Limit one of each Pokémon
|rule|Item Clause: Limit 1 of each item
|clearpoke
|poke|p1|Pelipper, L50, M|
|poke|p1|Archaludon, L50, F|
|poke|p1|Sinistcha, L50|
|poke|p1|Ursaluna, L50, F|
|poke|p1|Dragonite, L50, F|
|poke|p1|Incineroar, L50, F|
|poke|p2|Gholdengo, L50|
|poke|p2|Murkrow, L50, F|
|poke|p2|Dragonite, L50, F|
|poke|p2|Sneasler, L50, M|
|poke|p2|Ninetales-Alola, L50, M|
|poke|p2|Rillaboom, L50, M|
|teampreview|4
|showteam|p1|Pelipper||FocusSash|Drizzle|MuddyWater,Hurricane,WideGuard,Tailwind|||M|||50|,,,,,Ghost]Archaludon||AssaultVest|Stamina|FlashCannon,BodyPress,ElectroShot,Snarl|||F|||50|,,,,,Fighting]Sinistcha||SitrusBerry|Hospitality|MatchaGotcha,LifeDew,RagePowder,TrickRoom||||||50|,,,,,Dark]Ursaluna||FlameOrb|Guts|Protect,Facade,HeadlongRush,Earthquake|||F|||50|,,,,,Ghost]Dragonite||LoadedDice|Multiscale|Protect,ScaleShot,Haze,Tailwind|||F|||50|,,,,,Fairy]Incineroar||SafetyGoggles|Intimidate|FlareBlitz,KnockOff,FakeOut,PartingShot|||F|||50|,,,,,Ghost
|showteam|p2|Gholdengo||LifeOrb|GoodasGold|MakeItRain,ShadowBall,Protect,NastyPlot||||||50|,,,,,Water]Murkrow||Eviolite|Prankster|Tailwind,FoulPlay,SunnyDay,Haze|||F|||50|,,,,,Ground]Dragonite||ChoiceBand|InnerFocus|ScaleShot,Outrage,StompingTantrum,ExtremeSpeed|||F|||50|,,,,,Normal]Sneasler||FocusSash|Pressure|DireClaw,FakeOut,CloseCombat,Protect|||M|||50|,,,,,Fighting]Ninetales-Alola||LightClay|SnowCloak|Blizzard,Protect,AuroraBeam,IcyWind|||M|||50|,,,,,Steel]Rillaboom||AssaultVest|GrassySurge|FakeOut,WoodHammer,GrassyGlide,StompingTantrum|||M|||50|,,,,,Fire
|
|t:|1756649365
|teamsize|p1|4
|teamsize|p2|4
|start
|switch|p1a: Ursaluna|Ursaluna, L50, F|100/100
|switch|p1b: Sinistcha|Sinistcha, L50|100/100
|switch|p2a: Gholdengo|Gholdengo, L50|100/100
|switch|p2b: Murkrow|Murkrow, L50, F|100/100
|turn|1
|inactive|Battle timer is ON: inactive players will automatically lose when time's up. (requested by Luke693VGC)
|
|t:|1756649394
|switch|p2a: Ninetales|Ninetales-Alola, L50, M|100/100
|switch|p2b: Sneasler|Sneasler, L50, M|100/100
|-ability|p2b: Sneasler|Pressure
|-terastallize|p1b: Sinistcha|Dark
|move|p1a: Ursaluna|Protect|p1a: Ursaluna
|-singleturn|p1a: Ursaluna|Protect
|move|p1b: Sinistcha|Trick Room|p1b: Sinistcha
|-fieldstart|move: Trick Room|[of] p1b: Sinistcha
|
|-status|p1a: Ursaluna|brn|[from] item: Flame Orb
|upkeep
|turn|2
|inactive|ADri 2022 has 30 seconds left.
|
|t:|1756649421
|switch|p1b: Pelipper|Pelipper, L50, M|100/100
|-weather|RainDance|[from] ability: Drizzle|[of] p1b: Pelipper
|move|p2b: Sneasler|Fake Out|p1a: Ursaluna
|-damage|p1a: Ursaluna|89/100 brn
|cant|p1a: Ursaluna|flinch
|move|p2a: Ninetales|Blizzard|p1a: Ursaluna|[spread] p1a,p1b
|-supereffective|p1a: Ursaluna
|-damage|p1a: Ursaluna|30/100 brn
|-damage|p1b: Pelipper|46/100
|
|-weather|RainDance|[upkeep]
|-damage|p1a: Ursaluna|24/100 brn|[from] brn
|upkeep
|turn|3
|
|t:|1756649445
|move|p2a: Ninetales|Protect|p2a: Ninetales
|-singleturn|p2a: Ninetales|Protect
|move|p2b: Sneasler|Protect|p2b: Sneasler
|-singleturn|p2b: Sneasler|Protect
|move|p1b: Pelipper|Wide Guard|p1b: Pelipper
|-singleturn|p1b: Pelipper|Wide Guard
|move|p1a: Ursaluna|Earthquake|p2b: Sneasler|[spread] 
|-activate|p1b: Pelipper|move: Wide Guard
|-activate|p2a: Ninetales|move: Protect
|-activate|p2b: Sneasler|move: Protect
|
|-weather|RainDance|[upkeep]
|-damage|p1a: Ursaluna|18/100 brn|[from] brn
|upkeep
|turn|4
|inactive|ADri 2022 has 30 seconds left.
|inactive|ADri 2022 has 20 seconds left.
|inactive|ADri 2022 has 15 seconds left.
|
|t:|1756649488
|switch|p2a: Murkrow|Murkrow, L50, F|100/100
|move|p1b: Pelipper|Wide Guard|p1b: Pelipper
|-singleturn|p1b: Pelipper|Wide Guard
|move|p1a: Ursaluna|Earthquake|p2b: Sneasler|[spread] p2b
|-activate|p1b: Pelipper|move: Wide Guard
|-immune|p2a: Murkrow
|-supereffective|p2b: Sneasler
|-enditem|p2b: Sneasler|Focus Sash
|-damage|p2b: Sneasler|1/100
|move|p2b: Sneasler|Dire Claw|p1a: Ursaluna
|-resisted|p1a: Ursaluna
|-damage|p1a: Ursaluna|2/100 brn
|
|-weather|RainDance|[upkeep]
|-damage|p1a: Ursaluna|0 fnt|[from] brn
|faint|p1a: Ursaluna
|upkeep
|
|t:|1756649504
|switch|p1a: Archaludon|Archaludon, L50, F|100/100
|turn|5
|
|t:|1756649526
|move|p2b: Sneasler|Protect|p2b: Sneasler
|-singleturn|p2b: Sneasler|Protect
|move|p2a: Murkrow|Sunny Day|p2a: Murkrow
|-weather|SunnyDay
|move|p1a: Archaludon|Snarl|p2a: Murkrow|[spread] p2a
|-activate|p2b: Sneasler|move: Protect
|-resisted|p2a: Murkrow
|-damage|p2a: Murkrow|96/100
|-unboost|p2a: Murkrow|spa|1
|move|p1b: Pelipper|Tailwind|p1b: Pelipper
|-sidestart|p1: Luke693VGC|move: Tailwind
|
|-weather|SunnyDay|[upkeep]
|-fieldend|move: Trick Room
|upkeep
|turn|6
|inactive|Luke693VGC has 30 seconds left.
|inactive|Luke693VGC has 20 seconds left.
|inactive|Luke693VGC has 15 seconds left.
|
|t:|1756649568
|switch|p1a: Sinistcha|Sinistcha, L50, tera:Dark|100/100
|-heal|p1b: Pelipper|71/100|[from] ability: Hospitality|[of] p1a: Sinistcha
|move|p1b: Pelipper|Wide Guard|p1b: Pelipper
|-singleturn|p1b: Pelipper|Wide Guard
|move|p2a: Murkrow|Tailwind|p2a: Murkrow
|-sidestart|p2: ADri 2022|move: Tailwind
|move|p2b: Sneasler|Dire Claw|p1b: Pelipper
|-damage|p1b: Pelipper|19/100
|
|-weather|SunnyDay|[upkeep]
|upkeep
|turn|7
|
|t:|1756649589
|move|p2b: Sneasler|Close Combat|p1a: Sinistcha
|-supereffective|p1a: Sinistcha
|-damage|p1a: Sinistcha|0 fnt
|-unboost|p2b: Sneasler|def|1
|-unboost|p2b: Sneasler|spd|1
|faint|p1a: Sinistcha
|move|p1b: Pelipper|Muddy Water|p2b: Sneasler|[spread] p2a,p2b
|-damage|p2a: Murkrow|83/100
|-damage|p2b: Sneasler|0 fnt
|-unboost|p2a: Murkrow|accuracy|1
|faint|p2b: Sneasler
|move|p2a: Murkrow|Foul Play|p1b: Pelipper|[miss]
|-miss|p2a: Murkrow|p1b: Pelipper
|
|-weather|SunnyDay|[upkeep]
|upkeep
|-message|Luke693VGC forfeited.
|
|win|ADri 2022
|raw|Luke693VGC's rating: 1085 → 1057(-28 for losing)
|raw|ADri 2022's rating: 1000 → 1050(+50 for winning)
