|j|☆allgasnoblake
|j|☆viatles
|html|allgasnoblakeviatles    
|uhtml|bestof|Game 2 of a best-of-3
|t:|1756935165
|gametype|doubles
|player|p1|allgasnoblake|102|1062
|player|p2|viatles|hiker|1123
|gen|9
|tier|[Gen 9] VGC 2025 Reg H (Bo3)
|rated|
|rule|Species Clause: Limit one of each Pokémon
|rule|Item Clause: Limit 1 of each item
|clearpoke
|poke|p1|Dragonite, L50, M|
|poke|p1|Ursaluna-Bloodmoon, L50, M|
|poke|p1|Gholdengo, L50|
|poke|p1|Grimmsnarl, L50, M|
|poke|p1|Annihilape, L50, M|
|poke|p1|Volcarona, L50, M|
|poke|p2|Serperior, L50, M|
|poke|p2|Grimmsnarl, L50, M|
|poke|p2|Empoleon, L50, M|
|poke|p2|Garchomp, L50, M|
|poke|p2|Araquanid, L50, F|
|poke|p2|Garganacl, L50, M|
|teampreview|4
|showteam|p1|Dragonite||LoadedDice|InnerFocus|ExtremeSpeed,ScaleShot,Haze,Protect|||M|||50|,,,,,Steel]Ursaluna-Bloodmoon||AssaultVest|MindsEye|BloodMoon,HyperVoice,VacuumWave,EarthPower|||M|||50|,,,,,Water]Gholdengo||MetalCoat|GoodasGold|MakeItRain,ShadowBall,NastyPlot,Protect||||||50|,,,,,Water]Grimmsnarl|||Prankster|FoulPlay,ThunderWave,LightScreen,Reflect|||M|||50|,,,,,Ghost]Annihilape||Leftovers|Defiant|DrainPunch,RageFist,BulkUp,Protect|||M|||50|,,,,,Fighting]Volcarona||SitrusBerry|FlameBody|HeatWave,TeraBlast,QuiverDance,Protect|||M|||50|,,,,,Fairy
|showteam|p2|Serperior||CovertCloak|Contrary|Protect,LeafStorm,TeraBlast,GrassPledge|||M|||50|,,,,,Stellar]Grimmsnarl||LightClay|Prankster|LightScreen,Reflect,SpiritBreak,ThunderWave|||M|||50|,,,,,Ghost]Empoleon||ChopleBerry|Competitive|WaterPledge,FlashCannon,Haze,Protect|||M|||50|,,,,,Grass]Garchomp||LoadedDice|RoughSkin|ScaleShot,Earthquake,IronHead,Protect|||M|||50|,,,,,Steel]Araquanid||SafetyGoggles|WaterBubble|WideGuard,Protect,Liquidation,Infestation|||F|||50|,,,,,Grass]Garganacl||Leftovers|PurifyingSalt|SaltCure,Recover,Protect,ThunderPunch|||M|||50|,,,,,Water
|inactive|Battle timer is ON: inactive players will automatically lose when time's up. (requested by viatles)
|
|t:|1756935196
|teamsize|p1|4
|teamsize|p2|4
|start
|switch|p1a: Ursaluna|Ursaluna-Bloodmoon, L50, M|100/100
|switch|p1b: Grimmsnarl|Grimmsnarl, L50, M, shiny|100/100
|switch|p2a: Serperior|Serperior, L50, M|100/100
|switch|p2b: Empoleon|Empoleon, L50, M|100/100
|turn|1
|inactive|viatles has 30 seconds left.
|
|t:|1756935221
|switch|p1a: Annihilape|Annihilape, L50, M, shiny|100/100
|move|p2b: Empoleon|Protect|p2b: Empoleon
|-singleturn|p2b: Empoleon|Protect
|move|p1b: Grimmsnarl|Thunder Wave|p2b: Empoleon
|-activate|p2b: Empoleon|move: Protect
|move|p2a: Serperior|Leaf Storm|p1a: Annihilape
|-damage|p1a: Annihilape|52/100
|-boost|p2a: Serperior|spa|2
|
|-heal|p1a: Annihilape|58/100|[from] item: Leftovers
|upkeep
|turn|2
|inactive|allgasnoblake has 30 seconds left.
|inactive|viatles has 30 seconds left.
|
|t:|1756935253
|move|p1a: Annihilape|Protect|p1a: Annihilape
|-singleturn|p1a: Annihilape|Protect
|move|p1b: Grimmsnarl|Light Screen|p1b: Grimmsnarl
|-sidestart|p1: allgasnoblake|move: Light Screen
|move|p2a: Serperior|Grass Pledge|p1a: Annihilape
|-waiting|p2a: Serperior|p2b: Empoleon
|move|p2b: Empoleon|Water Pledge|p1a: Annihilape|[from] move: Grass Pledge
|-activate|p1a: Annihilape|move: Protect
|
|-heal|p1a: Annihilape|64/100|[from] item: Leftovers
|upkeep
|turn|3
|
|t:|1756935272
|move|p1b: Grimmsnarl|Thunder Wave|p2b: Empoleon
|-status|p2b: Empoleon|par
|move|p2a: Serperior|Grass Pledge|p1a: Annihilape
|-waiting|p2a: Serperior|p2b: Empoleon
|move|p2b: Empoleon|Water Pledge|p1a: Annihilape|[from] move: Grass Pledge
|-combine
|-damage|p1a: Annihilape|30/100
|-sidestart|p1: allgasnoblake|Grass Pledge
|move|p1a: Annihilape|Bulk Up|p1a: Annihilape
|-boost|p1a: Annihilape|atk|1
|-boost|p1a: Annihilape|def|1
|
|-heal|p1a: Annihilape|36/100|[from] item: Leftovers
|upkeep
|turn|4
|inactive|allgasnoblake has 30 seconds left.
|inactive|allgasnoblake has 20 seconds left.
|
|t:|1756935308
|move|p2a: Serperior|Protect|p2a: Serperior
|-singleturn|p2a: Serperior|Protect
|move|p1a: Annihilape|Protect|p1a: Annihilape
|-singleturn|p1a: Annihilape|Protect
|move|p2b: Empoleon|Haze|p2b: Empoleon
|-clearallboost
|move|p1b: Grimmsnarl|Foul Play|p2a: Serperior
|-activate|p2a: Serperior|move: Protect
|
|-heal|p1a: Annihilape|42/100|[from] item: Leftovers
|upkeep
|turn|5
|
|t:|1756935324
|move|p1b: Grimmsnarl|Thunder Wave|p2a: Serperior
|-status|p2a: Serperior|par
|cant|p2a: Serperior|par
|move|p2b: Empoleon|Water Pledge|p1a: Annihilape
|-damage|p1a: Annihilape|22/100
|move|p1a: Annihilape|Drain Punch|p2b: Empoleon
|-supereffective|p2b: Empoleon
|-enditem|p2b: Empoleon|Chople Berry|[eat]
|-enditem|p2b: Empoleon|Chople Berry|[weaken]
|-damage|p2b: Empoleon|67/100 par
|-heal|p1a: Annihilape|36/100|[from] drain|[of] p2b: Empoleon
|
|-heal|p1a: Annihilape|42/100|[from] item: Leftovers
|upkeep
|turn|6
|
|t:|1756935347
|move|p1b: Grimmsnarl|Reflect|p1b: Grimmsnarl
|-sidestart|p1: allgasnoblake|Reflect
|move|p2a: Serperior|Leaf Storm|p1b: Grimmsnarl
|-damage|p1b: Grimmsnarl|76/100
|-boost|p2a: Serperior|spa|2
|cant|p2b: Empoleon|par
|move|p1a: Annihilape|Drain Punch|p2b: Empoleon
|-supereffective|p2b: Empoleon
|-damage|p2b: Empoleon|0 fnt
|-heal|p1a: Annihilape|71/100|[from] drain|[of] p2b: Empoleon
|faint|p2b: Empoleon
|
|-heal|p1a: Annihilape|77/100|[from] item: Leftovers
|-sideend|p1: allgasnoblake|move: Light Screen
|-sideend|p1: allgasnoblake|Grass Pledge
|upkeep
|
|t:|1756935363
|switch|p2b: Garganacl|Garganacl, L50, M|100/100
|turn|7
|
|t:|1756935386
|move|p1b: Grimmsnarl|Light Screen|p1b: Grimmsnarl
|-sidestart|p1: allgasnoblake|move: Light Screen
|move|p1a: Annihilape|Drain Punch|p2b: Garganacl
|-supereffective|p2b: Garganacl
|-damage|p2b: Garganacl|48/100
|-heal|p1a: Annihilape|100/100|[from] drain|[of] p2b: Garganacl
|cant|p2a: Serperior|par
|move|p2b: Garganacl|Recover|p2b: Garganacl
|-heal|p2b: Garganacl|99/100
|
|-heal|p2b: Garganacl|100/100|[from] item: Leftovers
|upkeep
|turn|8
|
|t:|1756935405
|move|p1a: Annihilape|Bulk Up|p1a: Annihilape
|-boost|p1a: Annihilape|atk|1
|-boost|p1a: Annihilape|def|1
|move|p2a: Serperior|Leaf Storm|p1a: Annihilape
|-crit|p1a: Annihilape
|-damage|p1a: Annihilape|0 fnt
|-boost|p2a: Serperior|spa|2
|faint|p1a: Annihilape
|move|p1b: Grimmsnarl|Foul Play|p2b: Garganacl
|-crit|p2b: Garganacl
|-damage|p2b: Garganacl|64/100
|move|p2b: Garganacl|Salt Cure|p1b: Grimmsnarl
|-damage|p1b: Grimmsnarl|64/100
|-start|p1b: Grimmsnarl|Salt Cure
|
|-heal|p2b: Garganacl|70/100|[from] item: Leftovers
|-damage|p1b: Grimmsnarl|51/100|[from] Salt Cure
|upkeep
|
|t:|1756935417
|switch|p1a: Ursaluna|Ursaluna-Bloodmoon, L50, M|100/100
|turn|9
|
|t:|1756935438
|move|p2a: Serperior|Protect|p2a: Serperior
|-singleturn|p2a: Serperior|Protect
|move|p1b: Grimmsnarl|Foul Play|p2b: Garganacl
|-damage|p2b: Garganacl|46/100
|move|p1a: Ursaluna|Blood Moon|p2b: Garganacl
|-resisted|p2b: Garganacl
|-damage|p2b: Garganacl|20/100
|move|p2b: Garganacl|Recover|p2b: Garganacl
|-heal|p2b: Garganacl|70/100
|
|-heal|p2b: Garganacl|76/100|[from] item: Leftovers
|-damage|p1b: Grimmsnarl|39/100|[from] Salt Cure
|upkeep
|turn|10
|inactive|allgasnoblake has 30 seconds left.
|
|t:|1756935466
|switch|p1b: Dragonite|Dragonite, L50, M|100/100
|move|p2b: Garganacl|Protect|p2b: Garganacl
|-singleturn|p2b: Garganacl|Protect
|move|p2a: Serperior|Leaf Storm|p1a: Ursaluna
|-supereffective|p1a: Ursaluna
|-damage|p1a: Ursaluna|0 fnt
|-boost|p2a: Serperior|spa|2
|faint|p1a: Ursaluna
|
|-heal|p2b: Garganacl|82/100|[from] item: Leftovers
|-sideend|p1: allgasnoblake|Reflect
|upkeep
|
|t:|1756935468
|switch|p1a: Grimmsnarl|Grimmsnarl, L50, M, shiny|39/100
|turn|11
|inactive|viatles has 30 seconds left.
|
|t:|1756935494
|-terastallize|p2a: Serperior|Stellar
|move|p1a: Grimmsnarl|Reflect|p1a: Grimmsnarl
|-sidestart|p1: allgasnoblake|Reflect
|move|p1b: Dragonite|Haze|p1b: Dragonite
|-clearallboost
|move|p2a: Serperior|Tera Blast|p1b: Dragonite|[anim] Tera Blast Stellar
|-damage|p1b: Dragonite|78/100
|-boost|p2a: Serperior|atk|1
|-boost|p2a: Serperior|spa|1
|move|p2b: Garganacl|Salt Cure|p1b: Dragonite
|-supereffective|p1b: Dragonite
|-damage|p1b: Dragonite|57/100
|-start|p1b: Dragonite|Salt Cure
|
|-heal|p2b: Garganacl|87/100|[from] item: Leftovers
|-damage|p1b: Dragonite|44/100|[from] Salt Cure
|-sideend|p1: allgasnoblake|move: Light Screen
|upkeep
|turn|12
|inactive|allgasnoblake has 30 seconds left.
|inactive|viatles has 30 seconds left.
|
|t:|1756935525
|-terastallize|p1b: Dragonite|Steel
|move|p1a: Grimmsnarl|Light Screen|p1a: Grimmsnarl
|-sidestart|p1: allgasnoblake|move: Light Screen
|move|p1b: Dragonite|Scale Shot|p2a: Serperior
|-damage|p2a: Serperior|83/100 par
|-damage|p2a: Serperior|66/100 par
|-damage|p2a: Serperior|48/100 par
|-damage|p2a: Serperior|32/100 par
|-hitcount|p2a: Serperior|4
|-unboost|p1b: Dragonite|def|1
|-boost|p1b: Dragonite|spe|1
|move|p2a: Serperior|Leaf Storm|p1a: Grimmsnarl
|-damage|p1a: Grimmsnarl|0 fnt
|-boost|p2a: Serperior|spa|2
|faint|p1a: Grimmsnarl
|move|p2b: Garganacl|Thunder Punch|p1b: Dragonite
|-damage|p1b: Dragonite|26/100
|
|-heal|p2b: Garganacl|93/100|[from] item: Leftovers
|-damage|p1b: Dragonite|1/100|[from] Salt Cure
|upkeep
|turn|13
|
|t:|1756935547
|move|p2a: Serperior|Protect|p2a: Serperior
|-singleturn|p2a: Serperior|Protect
|move|p2b: Garganacl|Protect|p2b: Garganacl
|-singleturn|p2b: Garganacl|Protect
|move|p1b: Dragonite|Extreme Speed|p2a: Serperior
|-activate|p2a: Serperior|move: Protect
|
|-heal|p2b: Garganacl|99/100|[from] item: Leftovers
|-damage|p1b: Dragonite|0 fnt|[from] Salt Cure
|faint|p1b: Dragonite
|
|win|viatles
|raw|allgasnoblake's rating: 1062 → 1046(-16 for losing)
|raw|viatles's rating: 1123 → 1144(+21 for winning)
|l|☆allgasnoblake
|player|p1|
