|j|☆annoptan
|j|☆KodeBeast0526
|html|annoptanKodeBeast0526    
|uhtml|bestof|Game 2 of a best-of-3
|t:|1785901739
|gametype|doubles
|player|p1|annoptan|2|1202
|player|p2|KodeBeast0526|wattson|1301
|gen|9
|tier|[Gen 9 Champions] VGC 2026 Reg M-B (Bo3)
|rated|
|rule|Species Clause: Limit one of each Pokémon
|rule|Item Clause: Limit 1 of each item
|clearpoke
|poke|p1|Gengar, L50, M|
|poke|p1|Archaludon, L50, M|
|poke|p1|Politoed, L50, F|
|poke|p1|Swampert, L50, F|
|poke|p1|Vivillon-Fancy, L50, M|
|poke|p1|Incineroar, L50, F|
|poke|p2|Basculegion, L50, M|
|poke|p2|Garchomp, L50, F|
|poke|p2|Scizor, L50, F|
|poke|p2|Tyranitar, L50, F|
|poke|p2|Sneasler, L50, F|
|poke|p2|Corviknight, L50, F|
|teampreview|4
|showteam|p1|Gengar||Gengarite|CursedBody|ShadowBall,SludgeBomb,PerishSong,Protect|Modest||M|||50|]Archaludon||Leftovers|Stamina|ElectroShot,DragonPulse,FlashCannon,Protect|Bold||M|||50|]Politoed||SitrusBerry|Drizzle|WeatherBall,Hypnosis,PerishSong,Protect|Calm||F|||50|]Swampert||Swampertite|Torrent|Earthquake,WaveCrash,IcePunch,Protect|Adamant||F|||50|]Vivillon-Fancy||FocusSash|CompoundEyes|Hurricane,SleepPowder,RagePowder,Protect|Timid||M|||50|]Incineroar||PasshoBerry|Intimidate|ThroatChop,FakeOut,PartingShot,Protect|Impish||F|||50|
|showteam|p2|Basculegion||SitrusBerry|Adaptability|WaveCrash,LastRespects,AquaJet,Protect|Jolly||M|||50|]Garchomp||Garchompite|RoughSkin|EarthPower,DracoMeteor,PowerGem,Protect|Modest||F|||50|]Scizor||LifeOrb|Technician|BulletPunch,BugBite,SwordsDance,Protect|Adamant||F|||50|]Tyranitar||ChoiceScarf|SandStream|RockSlide,KnockOff,IcePunch,Superpower|Jolly||F|||50|]Sneasler||FocusSash|PoisonTouch|PoisonJab,CloseCombat,FakeOut,Protect|Jolly||F|||50|]Corviknight||Leftovers|MirrorArmor|IronHead,BraveBird,Tailwind,Protect|Impish||F|||50|
|inactive|Battle timer is ON: inactive players will automatically lose when time's up. (requested by annoptan)
|
|t:|1785901770
|teamsize|p1|4
|teamsize|p2|4
|start
|switch|p1a: Gengar|Gengar, L50, M|100/100
|switch|p1b: Incineroar|Incineroar, L50, F|100/100
|switch|p2a: Corviknight|Corviknight, L50, F|100/100
|switch|p2b: Sneasler|Sneasler, L50, F|100/100
|-ability|p1b: Incineroar|Intimidate|boost
|-ability|p2a: Corviknight|Mirror Armor
|-unboost|p1b: Incineroar|atk|1
|-unboost|p2b: Sneasler|atk|1
|turn|1
|
|t:|1785901784
|detailschange|p1a: Gengar|Gengar-Mega, L50, M
|-mega|p1a: Gengar|Gengar|Gengarite
|move|p1b: Incineroar|Protect|p1b: Incineroar
|-singleturn|p1b: Incineroar|Protect
|move|p2b: Sneasler|Fake Out|p1b: Incineroar
|-activate|p1b: Incineroar|move: Protect
|move|p1a: Gengar|Perish Song|p1a: Gengar
|-start|p1a: Gengar|perish3|[silent]
|-start|p1b: Incineroar|perish3|[silent]
|-start|p2a: Corviknight|perish3|[silent]
|-start|p2b: Sneasler|perish3|[silent]
|-fieldactivate|move: Perish Song
|move|p2a: Corviknight|Tailwind|p2a: Corviknight
|-sidestart|p2: KodeBeast0526|move: Tailwind
|
|-start|p2b: Sneasler|perish3
|-start|p2a: Corviknight|perish3
|-start|p1a: Gengar|perish3
|-start|p1b: Incineroar|perish3
|upkeep
|turn|2
|inactive|annoptan has 30 seconds left.
|
|t:|1785901812
|move|p1a: Gengar|Protect|p1a: Gengar
|-singleturn|p1a: Gengar|Protect
|move|p2b: Sneasler|Close Combat|p1b: Incineroar
|-supereffective|p1b: Incineroar|1
|-damage|p1b: Incineroar|34/100
|-unboost|p2b: Sneasler|def|1
|-unboost|p2b: Sneasler|spd|1
|-status|p1b: Incineroar|psn|[from] ability: Poison Touch|[of] p2b: Sneasler
|move|p2a: Corviknight|Brave Bird|p1b: Incineroar
|-damage|p1b: Incineroar|1/100 psn
|-damage|p2a: Corviknight|89/100|[from] Recoil
|move|p1b: Incineroar|Parting Shot|p2b: Sneasler
|-unboost|p2b: Sneasler|atk|1
|-unboost|p2b: Sneasler|spa|1
|
|t:|1785901828
|switch|p1b: Archaludon|Archaludon, L50, M|100/100|[from] Parting Shot
|
|-heal|p2a: Corviknight|95/100|[from] item: Leftovers
|-start|p2b: Sneasler|perish2
|-start|p2a: Corviknight|perish2
|-start|p1a: Gengar|perish2
|upkeep
|turn|3
|
|t:|1785901851
|switch|p1a: Incineroar|Incineroar, L50, F|1/100 psn
|-ability|p1a: Incineroar|Intimidate|boost
|-ability|p2a: Corviknight|Mirror Armor
|-unboost|p1a: Incineroar|atk|1
|-unboost|p2b: Sneasler|atk|1
|move|p2b: Sneasler|Close Combat|p1b: Archaludon
|-supereffective|p1b: Archaludon|1
|-damage|p1b: Archaludon|65/100
|-unboost|p2b: Sneasler|def|1
|-unboost|p2b: Sneasler|spd|1
|-ability|p1b: Archaludon|Stamina|boost
|-boost|p1b: Archaludon|def|1
|move|p2a: Corviknight|Brave Bird|p1b: Archaludon
|-resisted|p1b: Archaludon|1
|-damage|p1b: Archaludon|57/100
|-ability|p1b: Archaludon|Stamina|boost
|-boost|p1b: Archaludon|def|1
|-damage|p2a: Corviknight|92/100|[from] Recoil
|move|p1b: Archaludon|Electro Shot||[still]
|-prepare|p1b: Archaludon|Electro Shot
|-boost|p1b: Archaludon|spa|1
|
|-heal|p2a: Corviknight|98/100|[from] item: Leftovers
|-heal|p1b: Archaludon|63/100|[from] item: Leftovers
|-damage|p1a: Incineroar|0 fnt|[from] psn
|faint|p1a: Incineroar
|-start|p2b: Sneasler|perish1
|-start|p2a: Corviknight|perish1
|upkeep
|
|t:|1785901875
|switch|p1a: Gengar|Gengar-Mega, L50, M|100/100
|turn|4
|
|t:|1785901880
|move|p1a: Gengar|Protect|p1a: Gengar
|-singleturn|p1a: Gengar|Protect
|move|p2b: Sneasler|Close Combat|p1b: Archaludon
|-supereffective|p1b: Archaludon|1
|-damage|p1b: Archaludon|45/100
|-unboost|p2b: Sneasler|def|1
|-unboost|p2b: Sneasler|spd|1
|-ability|p1b: Archaludon|Stamina|boost
|-boost|p1b: Archaludon|def|1
|move|p2a: Corviknight|Brave Bird|p1b: Archaludon
|-resisted|p1b: Archaludon|1
|-damage|p1b: Archaludon|41/100
|-ability|p1b: Archaludon|Stamina|boost
|-boost|p1b: Archaludon|def|1
|-damage|p2a: Corviknight|97/100|[from] Recoil
|move|p1b: Archaludon|Electro Shot|p2a: Corviknight|[from] lockedmove
|-supereffective|p2a: Corviknight|1
|-damage|p2a: Corviknight|4/100
|
|-heal|p2a: Corviknight|10/100|[from] item: Leftovers
|-heal|p1b: Archaludon|47/100|[from] item: Leftovers
|-start|p2b: Sneasler|perish0
|-start|p2a: Corviknight|perish0
|-sideend|p2: KodeBeast0526|move: Tailwind
|faint|p2b: Sneasler
|faint|p2a: Corviknight
|upkeep
|
|t:|1785901887
|switch|p2b: Basculegion|Basculegion, L50, M|100/100
|switch|p2a: Garchomp|Garchomp, L50, F|100/100
|turn|5
|inactive|annoptan has 30 seconds left.
|inactive|annoptan has 20 seconds left.
|
|t:|1785901924
|detailschange|p2a: Garchomp|Garchomp-Mega, L50, F
|-mega|p2a: Garchomp|Garchomp|Garchompite
|move|p1a: Gengar|Protect||[still]
|-fail|p1a: Gengar
|move|p1b: Archaludon|Protect|p1b: Archaludon
|-singleturn|p1b: Archaludon|Protect
|move|p2a: Garchomp|Earth Power|p1b: Archaludon
|-activate|p1b: Archaludon|move: Protect
|move|p2b: Basculegion|Last Respects|p1a: Gengar
|-supereffective|p1a: Gengar|1
|-damage|p1a: Gengar|0 fnt
|faint|p1a: Gengar
|
|-heal|p1b: Archaludon|53/100|[from] item: Leftovers
|upkeep
|-message|annoptan forfeited.
|
|win|KodeBeast0526
