|j|☆NicoHax
|j|☆IngeVGC
|html|NicoHaxIngeVGC    
|uhtml|bestof|Game 2 of a best-of-3
|t:|1756485432
|gametype|doubles
|player|p1|NicoHax|ethan|1328
|player|p2|IngeVGC|fisherman-gen4|1447
|gen|9
|tier|[Gen 9] VGC 2025 Reg H (Bo3)
|rated|
|rule|Species Clause: Limit one of each Pokémon
|rule|Item Clause: Limit 1 of each item
|clearpoke
|poke|p1|Sneasler, L50, M|
|poke|p1|Volcarona, L50, F|
|poke|p1|Baxcalibur, L50, F|
|poke|p1|Rillaboom, L50, M|
|poke|p1|Kingambit, L50, M|
|poke|p1|Dondozo, L50, M|
|poke|p2|Kingambit, L50, F|
|poke|p2|Rillaboom, L50, M|
|poke|p2|Electabuzz, L50, M|
|poke|p2|Volcarona, L50, F|
|poke|p2|Sneasler, L50, F|
|poke|p2|Dragonite, L50, F|
|teampreview|4
|showteam|p1|Sneasler||FocusSash|Unburden|CloseCombat,DireClaw,Coaching,Protect|||M|||50|,,,,,Stellar]Volcarona||CovertCloak|FlameBody|QuiverDance,HeatWave,TeraBlast,Protect|||F|||50|,,,,,Fairy]Baxcalibur||LoadedDice|ThermalExchange|Protect,IceShard,ScaleShot,IcicleSpear|||F|||50|,,,,,Ghost]Rillaboom||AssaultVest|GrassySurge|WoodHammer,GrassyGlide,HighHorsepower,FakeOut|||M|||50|,,,,,Water]Kingambit||SafetyGoggles|Defiant|KowtowCleave,SuckerPunch,SwordsDance,Protect|||M|||50|,,,,,Ghost]Dondozo||Leftovers|Unaware|Protect,Yawn,Liquidation,Fissure|||M|||50|,,,,,Poison
|showteam|p2|Kingambit||BlackGlasses|Defiant|Protect,KowtowCleave,SuckerPunch,SwordsDance|||F|||50|,,,,,Dark]Rillaboom||AssaultVest|GrassySurge|WoodHammer,GrassyGlide,HighHorsepower,FakeOut|||M|||50|,,,,,Fire]Electabuzz||Eviolite|VitalSpirit|Protect,Thunderbolt,HelpingHand,FollowMe|||M|||50|,,,,,Ghost]Volcarona||CovertCloak|FlameBody|Protect,HeatWave,TeraBlast,QuiverDance|||F|||50|,,,,,Fairy]Sneasler||FocusSash|Unburden|CloseCombat,DireClaw,Coaching,FakeOut|||F|||50|,,,,,Stellar]Dragonite||LoadedDice|Multiscale|ScaleShot,Haze,ExtremeSpeed,Protect|||F|||50|,,,,,Fairy
|
|t:|1756485446
|teamsize|p1|4
|teamsize|p2|4
|start
|switch|p1a: Laertes|Sneasler, L50, M|100/100
|switch|p1b: Siddartha|Baxcalibur, L50, F|100/100
|switch|p2a: Nobunaga|Kingambit, L50, F, shiny|100/100
|switch|p2b: Vanessa|Sneasler, L50, F|100/100
|turn|1
|
|t:|1756485463
|switch|p1b: Carmy|Dondozo, L50, M|100/100
|-terastallize|p2a: Nobunaga|Dark
|move|p2b: Vanessa|Fake Out|p1a: Laertes
|-damage|p1a: Laertes|80/100
|cant|p1a: Laertes|flinch
|move|p2a: Nobunaga|Kowtow Cleave|p1b: Carmy
|-damage|p1b: Carmy|54/100
|
|-heal|p1b: Carmy|61/100|[from] item: Leftovers
|upkeep
|turn|2
|
|t:|1756485483
|-terastallize|p1b: Carmy|Poison
|move|p1a: Laertes|Coaching|p1b: Carmy
|-boost|p1b: Carmy|atk|1
|-boost|p1b: Carmy|def|1
|move|p2b: Vanessa|Coaching|p2a: Nobunaga
|-boost|p2a: Nobunaga|atk|1
|-boost|p2a: Nobunaga|def|1
|move|p2a: Nobunaga|Kowtow Cleave|p1a: Laertes
|-resisted|p1a: Laertes
|-damage|p1a: Laertes|0 fnt
|faint|p1a: Laertes
|move|p1b: Carmy|Liquidation|p2b: Vanessa
|-damage|p2b: Vanessa|19/100
|
|-heal|p1b: Carmy|67/100|[from] item: Leftovers
|upkeep
|
|t:|1756485499
|switch|p1a: Kaisen|Kingambit, L50, M|100/100
|turn|3
|
|t:|1756485507
|move|p1a: Kaisen|Sucker Punch|p2b: Vanessa
|-resisted|p2b: Vanessa
|-damage|p2b: Vanessa|0 fnt
|faint|p2b: Vanessa
|move|p2a: Nobunaga|Kowtow Cleave|p1b: Carmy
|-damage|p1b: Carmy|36/100
|move|p1b: Carmy|Yawn|p2a: Nobunaga
|-start|p2a: Nobunaga|move: Yawn|[of] p1b: Carmy
|
|-heal|p1b: Carmy|42/100|[from] item: Leftovers
|upkeep
|
|t:|1756485512
|switch|p2b: Snarf|Electabuzz, L50, M|100/100
|turn|4
|
|t:|1756485521
|move|p1b: Carmy|Protect|p1b: Carmy
|-singleturn|p1b: Carmy|Protect
|move|p2b: Snarf|Thunderbolt|p1b: Carmy
|-activate|p1b: Carmy|move: Protect
|move|p2a: Nobunaga|Kowtow Cleave|p1b: Carmy
|-activate|p1b: Carmy|move: Protect
|move|p1a: Kaisen|Swords Dance|p1a: Kaisen
|-boost|p1a: Kaisen|atk|2
|
|-heal|p1b: Carmy|48/100|[from] item: Leftovers
|-end|p2a: Nobunaga|move: Yawn|[silent]
|-status|p2a: Nobunaga|slp
|upkeep
|turn|5
|
|t:|1756485531
|switch|p2b: Cassie|Dragonite, L50, F|100/100
|cant|p2a: Nobunaga|slp
|move|p1a: Kaisen|Kowtow Cleave|p2b: Cassie
|-damage|p2b: Cassie|45/100
|move|p1b: Carmy|Liquidation|p2b: Cassie
|-resisted|p2b: Cassie
|-damage|p2b: Cassie|18/100
|
|-heal|p1b: Carmy|54/100|[from] item: Leftovers
|upkeep
|turn|6
|l|☆IngeVGC
|player|p2|
|j|☆IngeVGC
|player|p2|IngeVGC|fisherman-gen4|
|
|t:|1756485588
|move|p2b: Cassie|Haze|p2b: Cassie
|-clearallboost
|-curestatus|p2a: Nobunaga|slp|[msg]
|move|p2a: Nobunaga|Kowtow Cleave|p1b: Carmy
|-damage|p1b: Carmy|11/100
|move|p1a: Kaisen|Kowtow Cleave|p2b: Cassie
|-damage|p2b: Cassie|0 fnt
|faint|p2b: Cassie
|move|p1b: Carmy|Liquidation|p2a: Nobunaga
|-damage|p2a: Nobunaga|80/100
|-unboost|p2a: Nobunaga|def|1
|-ability|p2a: Nobunaga|Defiant|boost
|-boost|p2a: Nobunaga|atk|2
|
|-heal|p1b: Carmy|18/100|[from] item: Leftovers
|upkeep
|
|t:|1756485597
|switch|p2b: Snarf|Electabuzz, L50, M|100/100
|turn|7
|c|☆NicoHax|oof
|
|t:|1756485612
|move|p1b: Carmy|Protect|p1b: Carmy
|-singleturn|p1b: Carmy|Protect
|move|p2b: Snarf|Thunderbolt|p1a: Kaisen
|-damage|p1a: Kaisen|70/100
|move|p2a: Nobunaga|Kowtow Cleave|p1a: Kaisen
|-resisted|p1a: Kaisen
|-damage|p1a: Kaisen|10/100
|move|p1a: Kaisen|Swords Dance|p1a: Kaisen
|-boost|p1a: Kaisen|atk|2
|
|-heal|p1b: Carmy|24/100|[from] item: Leftovers
|upkeep
|turn|8
|
|t:|1756485636
|move|p2a: Nobunaga|Sucker Punch|p1a: Kaisen
|-resisted|p1a: Kaisen
|-damage|p1a: Kaisen|0 fnt
|faint|p1a: Kaisen
|move|p2b: Snarf|Thunderbolt|p1b: Carmy
|-damage|p1b: Carmy|3/100
|move|p1b: Carmy|Yawn|p2a: Nobunaga
|-start|p2a: Nobunaga|move: Yawn|[of] p1b: Carmy
|
|-heal|p1b: Carmy|9/100|[from] item: Leftovers
|upkeep
|
|t:|1756485638
|switch|p1a: Siddartha|Baxcalibur, L50, F|100/100
|turn|9
|
|t:|1756485657
|move|p1a: Siddartha|Protect|p1a: Siddartha
|-singleturn|p1a: Siddartha|Protect
|move|p1b: Carmy|Protect|p1b: Carmy
|-singleturn|p1b: Carmy|Protect
|move|p2b: Snarf|Thunderbolt|p1a: Siddartha
|-activate|p1a: Siddartha|move: Protect
|move|p2a: Nobunaga|Kowtow Cleave|p1a: Siddartha
|-activate|p1a: Siddartha|move: Protect
|
|-heal|p1b: Carmy|15/100|[from] item: Leftovers
|-end|p2a: Nobunaga|move: Yawn|[silent]
|-status|p2a: Nobunaga|slp
|upkeep
|turn|10
|
|t:|1756485667
|move|p2b: Snarf|Follow Me|p2b: Snarf
|-singleturn|p2b: Snarf|move: Follow Me
|move|p1a: Siddartha|Scale Shot|p2b: Snarf
|-damage|p2b: Snarf|89/100
|-damage|p2b: Snarf|78/100
|-damage|p2b: Snarf|66/100
|-damage|p2b: Snarf|54/100
|-damage|p2b: Snarf|42/100
|-hitcount|p2b: Snarf|5
|-unboost|p1a: Siddartha|def|1
|-boost|p1a: Siddartha|spe|1
|cant|p2a: Nobunaga|slp
|move|p1b: Carmy|Liquidation|p2b: Snarf
|-damage|p2b: Snarf|21/100
|
|-heal|p1b: Carmy|22/100|[from] item: Leftovers
|upkeep
|turn|11
|
|t:|1756485729
|move|p1a: Siddartha|Ice Shard|p2b: Snarf
|-damage|p2b: Snarf|3/100
|cant|p2a: Nobunaga|slp
|move|p2b: Snarf|Thunderbolt|p1b: Carmy
|-damage|p1b: Carmy|2/100
|move|p1b: Carmy|Fissure|p2a: Nobunaga|[miss]
|-miss|p1b: Carmy|p2a: Nobunaga
|
|-heal|p1b: Carmy|9/100|[from] item: Leftovers
|upkeep
|turn|12
|
|t:|1756485744
|move|p2b: Snarf|Protect|p2b: Snarf
|-singleturn|p2b: Snarf|Protect
|move|p1b: Carmy|Protect|p1b: Carmy
|-singleturn|p1b: Carmy|Protect
|move|p1a: Siddartha|Icicle Spear|p2a: Nobunaga
|-damage|p2a: Nobunaga|64/100 slp
|-damage|p2a: Nobunaga|46/100 slp
|-damage|p2a: Nobunaga|29/100 slp
|-damage|p2a: Nobunaga|12/100 slp
|-damage|p2a: Nobunaga|0 fnt
|faint|p2a: Nobunaga
|-hitcount|p2: Nobunaga|5
|
|-heal|p1b: Carmy|15/100|[from] item: Leftovers
|upkeep
|turn|13
|
|t:|1756485758
|move|p1a: Siddartha|Ice Shard|p2b: Snarf
|-damage|p2b: Snarf|0 fnt
|faint|p2b: Snarf
|
|win|NicoHax
|raw|NicoHax's rating: 1328 → 1355(+27 for winning)
|raw|IngeVGC's rating: 1447 → 1420(-27 for losing)
|l|☆NicoHax
|player|p1|
