|j|☆gabzeraroadtoglory
|j|☆copicentrovgc
|html|gabzeraroadtoglorycopicentrovgc    
|uhtml|bestof|Game 1 of a best-of-3
|t:|1756423630
|gametype|doubles
|player|p1|gabzeraroadtoglory|youngster-gen4dp|
|player|p2|copicentrovgc|ingo|
|gen|9
|tier|[Gen 9] VGC 2025 Reg H (Bo3)
|rule|Species Clause: Limit one of each Pokémon
|rule|Item Clause: Limit 1 of each item
|clearpoke
|poke|p1|Incineroar, L50, M|
|poke|p1|Sneasler, L50, F|
|poke|p1|Rillaboom, L50, M|
|poke|p1|Ursaluna-Bloodmoon, L50, M|
|poke|p1|Dragonite, L50, F|
|poke|p1|Gholdengo, L50|
|poke|p2|Garganacl, L50, F|
|poke|p2|Dondozo, L50, F|
|poke|p2|Sneasler, L50, M|
|poke|p2|Gholdengo, L50|
|poke|p2|Ninetales-Alola, L50, M|
|poke|p2|Incineroar, L50, M|
|teampreview|4
|showteam|p1|Incineroar||SafetyGoggles|Intimidate|FlareBlitz,FakeOut,Uturn,KnockOff|||M|||50|,,,,,Ghost]Sneasler||WhiteHerb|Unburden|CloseCombat,DireClaw,Protect,FakeOut|||F|||50|,,,,,Stellar]Rillaboom||AssaultVest|GrassySurge|WoodHammer,FakeOut,Uturn,GrassyGlide|||M|||50|,,,,,Water]Ursaluna-Bloodmoon||LifeOrb|MindsEye|BloodMoon,HyperVoice,EarthPower,Protect|||M|||50|,,,,,Normal]Dragonite||LoadedDice|Multiscale|ScaleShot,Tailwind,Encore,Protect|||F|||50|,,,,,Fairy]Gholdengo||GrassySeed|GoodasGold|ShadowBall,MakeItRain,NastyPlot,Protect||||||50|,,,,,Water
|showteam|p2|Garganacl||MarangaBerry|PurifyingSalt|SaltCure,StealthRock,Protect,Recover|||F|||50|,,,,,Flying]Dondozo||Leftovers|Unaware|Liquidation,Yawn,Curse,Protect|||F|||50|,,,,,Poison]Sneasler||FocusSash|PoisonTouch|DireClaw,CloseCombat,Coaching,Protect|||M|||50|,,,,,Ghost]Gholdengo||ChoiceScarf|GoodasGold|MakeItRain,ShadowBall,Trick,PowerGem||||||50|,,,,,Steel]Ninetales-Alola||NeverMeltIce|SnowWarning|Blizzard,FreezeDry,Protect,AuroraVeil|||M|||50|,,,,,Ice]Incineroar||AssaultVest|Intimidate|FlareBlitz,KnockOff,FakeOut,DrainPunch|||M|||50|,,,,,Grass
|inactive|Battle timer is ON: inactive players will automatically lose when time's up. (requested by gabzeraroadtoglory)
|inactive|gabzeraroadtoglory has 60 seconds left.
|
|t:|1756423675
|teamsize|p1|4
|teamsize|p2|4
|start
|switch|p1a: Incineroar|Incineroar, L50, M|100/100
|switch|p1b: Sneasler|Sneasler, L50, F|100/100
|switch|p2a: Gholdengo|Gholdengo, L50|100/100
|switch|p2b: Incineroar|Incineroar, L50, M|100/100
|-ability|p1a: Incineroar|Intimidate|boost
|-unboost|p2a: Gholdengo|atk|1
|-unboost|p2b: Incineroar|atk|1
|-ability|p2b: Incineroar|Intimidate|boost
|-unboost|p1a: Incineroar|atk|1
|-unboost|p1b: Sneasler|atk|1
|-enditem|p1b: Sneasler|White Herb
|-clearnegativeboost|p1b: Sneasler|[silent]
|turn|1
|inactive|copicentrovgc has 30 seconds left.
|inactive|copicentrovgc has 20 seconds left.
|inactive|copicentrovgc has 15 seconds left.
|inactive|copicentrovgc has 10 seconds left.
|
|t:|1756423724
|switch|p2b: Dondozo|Dondozo, L50, F|100/100
|move|p1a: Incineroar|Fake Out|p2b: Dondozo
|-damage|p2b: Dondozo|93/100
|move|p1b: Sneasler|Close Combat|p2b: Dondozo
|-damage|p2b: Dondozo|57/100
|-unboost|p1b: Sneasler|def|1
|-unboost|p1b: Sneasler|spd|1
|move|p2a: Gholdengo|Trick|p1a: Incineroar
|-activate|p2a: Gholdengo|move: Trick|[of] p1a: Incineroar
|-item|p1a: Incineroar|Choice Scarf|[from] move: Trick
|-item|p2a: Gholdengo|Safety Goggles|[from] move: Trick
|
|-heal|p2b: Dondozo|63/100|[from] item: Leftovers
|upkeep
|turn|2
|j| Arkhept
|inactive|gabzeraroadtoglory has 30 seconds left.
|inactive|copicentrovgc has 30 seconds left.
|l| Arkhept
|
|t:|1756423755
|switch|p1b: Gholdengo|Gholdengo, L50|100/100
|move|p1a: Incineroar|U-turn|p2b: Dondozo
|-damage|p2b: Dondozo|53/100
|
|t:|1756423774
|switch|p1a: Sneasler|Sneasler, L50, F|100/100|[from] U-turn
|move|p2a: Gholdengo|Shadow Ball|p1b: Gholdengo
|-supereffective|p1b: Gholdengo
|-damage|p1b: Gholdengo|15/100
|move|p2b: Dondozo|Curse|p2b: Dondozo
|-unboost|p2b: Dondozo|spe|1
|-boost|p2b: Dondozo|atk|1
|-boost|p2b: Dondozo|def|1
|
|-heal|p2b: Dondozo|59/100|[from] item: Leftovers
|upkeep
|turn|3
|inactive|gabzeraroadtoglory has 30 seconds left.
|inactive|copicentrovgc has 30 seconds left.
|inactive|gabzeraroadtoglory has 20 seconds left.
|inactive|gabzeraroadtoglory has 15 seconds left.
|inactive|gabzeraroadtoglory has 10 seconds left.
|
|t:|1756423820
|switch|p2a: Incineroar|Incineroar, L50, M|100/100
|-ability|p2a: Incineroar|Intimidate|boost
|-unboost|p1a: Sneasler|atk|1
|-unboost|p1b: Gholdengo|atk|1
|move|p1a: Sneasler|Close Combat|p2a: Incineroar
|-supereffective|p2a: Incineroar
|-damage|p2a: Incineroar|25/100
|-unboost|p1a: Sneasler|def|1
|-unboost|p1a: Sneasler|spd|1
|move|p1b: Gholdengo|Nasty Plot|p1b: Gholdengo
|-boost|p1b: Gholdengo|spa|2
|move|p2b: Dondozo|Liquidation|p1a: Sneasler
|-damage|p1a: Sneasler|35/100
|
|-heal|p2b: Dondozo|65/100|[from] item: Leftovers
|upkeep
|turn|4
|inactive|gabzeraroadtoglory has 30 seconds left.
|inactive|copicentrovgc has 30 seconds left.
|inactive|copicentrovgc has 20 seconds left.
|inactive|copicentrovgc has 15 seconds left.
|inactive|copicentrovgc has 10 seconds left.
|
|t:|1756423867
|switch|p1a: Incineroar|Incineroar, L50, M|100/100
|-ability|p1a: Incineroar|Intimidate|boost
|-unboost|p2a: Incineroar|atk|1
|-unboost|p2b: Dondozo|atk|1
|move|p1b: Gholdengo|Protect|p1b: Gholdengo
|-singleturn|p1b: Gholdengo|Protect
|move|p2b: Dondozo|Protect|p2b: Dondozo
|-singleturn|p2b: Dondozo|Protect
|move|p2a: Incineroar|Fake Out|p1a: Incineroar
|-damage|p1a: Incineroar|92/100
|
|-heal|p2b: Dondozo|71/100|[from] item: Leftovers
|upkeep
|turn|5
|inactive|copicentrovgc has 30 seconds left.
|inactive|copicentrovgc has 20 seconds left.
|inactive|copicentrovgc has 15 seconds left.
|
|t:|1756423908
|switch|p2a: Gholdengo|Gholdengo, L50|100/100
|move|p1a: Incineroar|Fake Out|p2b: Dondozo
|-damage|p2b: Dondozo|65/100
|move|p1b: Gholdengo|Shadow Ball|p2a: Gholdengo
|-supereffective|p2a: Gholdengo
|-damage|p2a: Gholdengo|0 fnt
|faint|p2a: Gholdengo
|cant|p2b: Dondozo|flinch
|
|-heal|p2b: Dondozo|71/100|[from] item: Leftovers
|upkeep
|
|t:|1756423926
|switch|p2a: Ninetales|Ninetales-Alola, L50, M|100/100
|-weather|Snowscape|[from] ability: Snow Warning|[of] p2a: Ninetales
|turn|6
|inactive|gabzeraroadtoglory has 30 seconds left.
|
|t:|1756423958
|switch|p1a: Ursaluna|Ursaluna-Bloodmoon, L50, M|100/100
|move|p2a: Ninetales|Blizzard|p1b: Gholdengo|[spread] p1a,p1b
|-supereffective|p1a: Ursaluna
|-resisted|p1b: Gholdengo
|-damage|p1a: Ursaluna|4/100
|-damage|p1b: Gholdengo|0 fnt
|faint|p1b: Gholdengo
|move|p2b: Dondozo|Liquidation|p1a: Ursaluna
|-supereffective|p1a: Ursaluna
|-damage|p1a: Ursaluna|0 fnt
|faint|p1a: Ursaluna
|
|-weather|Snowscape|[upkeep]
|-heal|p2b: Dondozo|78/100|[from] item: Leftovers
|upkeep
|
|t:|1756423968
|switch|p1b: Sneasler|Sneasler, L50, F|35/100
|switch|p1a: Incineroar|Incineroar, L50, M|92/100
|-ability|p1a: Incineroar|Intimidate|boost
|-unboost|p2a: Ninetales|atk|1
|-unboost|p2b: Dondozo|atk|1
|turn|7
|-message|gabzeraroadtoglory forfeited.
|
|win|copicentrovgc
||gabzeraroadtoglory is ready for game 2.
||copicentrovgc is ready for game 2.
|uhtml|next|Next: Game 2 of 3
