|j|☆momoechis
|j|☆Gabros.010
|html|momoechisGabros.010    
|uhtml|bestof|Game 1 of a best-of-3
|t:|1756169139
|gametype|doubles
|player|p1|momoechis|iris|1083
|player|p2|Gabros.010|169|1072
|gen|9
|tier|[Gen 9] VGC 2025 Reg H (Bo3)
|rated|
|rule|Species Clause: Limit one of each Pokémon
|rule|Item Clause: Limit 1 of each item
|clearpoke
|poke|p1|Charizard, L50, F|
|poke|p1|Torkoal, L50, M|
|poke|p1|Porygon2, L50|
|poke|p1|Incineroar, L50, M|
|poke|p1|Jumpluff, L50, F|
|poke|p1|Ursaluna, L50, M|
|poke|p2|Sneasler, L50, M|
|poke|p2|Indeedee, L50, M|
|poke|p2|Ursaluna-Bloodmoon, L50, M|
|poke|p2|Electabuzz, L50, M|
|poke|p2|Incineroar, L50, M|
|poke|p2|Talonflame, L50, M|
|teampreview|4
|showteam|p1|Charizard||ChoiceSpecs|SolarPower|HeatWave,Overheat,WeatherBall,AirSlash|||F|||50|,,,,,Ghost]Torkoal||EjectPack|Drought|Eruption,Overheat,HelpingHand,Protect|||M|||50|,,,,,Fire]Porygon2||Eviolite|Download|IceBeam,TeraBlast,TrickRoom,Recover||||||50|,,,,,Fighting]Incineroar||SitrusBerry|Intimidate|FlareBlitz,KnockOff,FakeOut,PartingShot|||M|||50|,,,,,Ghost]Jumpluff||CovertCloak|Chlorophyll|SleepPowder,SunnyDay,RagePowder,Tailwind|||F|||50|,,,,,Water]Ursaluna||FlameOrb|Guts|HeadlongRush,Facade,Earthquake,Protect|||M|||50|,,,,,Ghost
|showteam|p2|Sneasler||PsychicSeed|Unburden|CloseCombat,DireClaw,ThroatChop,Protect|||M|||50|,,,,,Dark]Indeedee||FocusSash|PsychicSurge|ExpandingForce,TrickRoom,HelpingHand,Protect|||M|||50|,,,,,Psychic]Ursaluna-Bloodmoon||LifeOrb|MindsEye|BloodMoon,HyperVoice,EarthPower,Protect|||M|||50|,,,,,Normal]Electabuzz||Eviolite|VitalSpirit|Electroweb,FollowMe,Taunt,Protect|||M|||50|,,,,,Dragon]Incineroar||SafetyGoggles|Intimidate|FlareBlitz,KnockOff,PartingShot,FakeOut|||M|||50|,,,,,Ghost]Talonflame||CovertCloak|GaleWings|FlareBlitz,DualWingbeat,WillOWisp,Tailwind|||M|||50|,,,,,Fairy
|inactive|Battle timer is ON: inactive players will automatically lose when time's up. (requested by Gabros.010)
|inactive|momoechis has 60 seconds left.
|
|t:|1756169197
|teamsize|p1|4
|teamsize|p2|4
|start
|switch|p1a: Porygon2|Porygon2, L50|100/100
|switch|p1b: Torkoal|Torkoal, L50, M|100/100
|switch|p2a: Yung Beef|Sneasler, L50, M, shiny|100/100
|switch|p2b: Hoke|Indeedee, L50, M, shiny|100/100
|-fieldstart|move: Psychic Terrain|[from] ability: Psychic Surge|[of] p2b: Hoke
|-enditem|p2a: Yung Beef|Psychic Seed
|-boost|p2a: Yung Beef|spd|1|[from] item: Psychic Seed
|-ability|p1a: Porygon2|Download|boost
|-boost|p1a: Porygon2|atk|1
|-weather|SunnyDay|[from] ability: Drought|[of] p1b: Torkoal
|turn|1
|inactive|momoechis has 30 seconds left.
|
|t:|1756169232
|switch|p1b: Incineroar|Incineroar, L50, M|100/100
|-ability|p1b: Incineroar|Intimidate|boost
|-unboost|p2a: Yung Beef|atk|1
|-unboost|p2b: Hoke|atk|1
|move|p2b: Hoke|Helping Hand|p2a: Yung Beef
|-singleturn|p2a: Yung Beef|Helping Hand|[of] p2b: Hoke
|move|p2a: Yung Beef|Close Combat|p1a: Porygon2
|-supereffective|p1a: Porygon2
|-damage|p1a: Porygon2|7/100
|-unboost|p2a: Yung Beef|def|1
|-unboost|p2a: Yung Beef|spd|1
|move|p1a: Porygon2|Trick Room|p1a: Porygon2
|-fieldstart|move: Trick Room|[of] p1a: Porygon2
|
|-weather|SunnyDay|[upkeep]
|upkeep
|turn|2
|inactive|momoechis has 30 seconds left.
|inactive|momoechis has 20 seconds left.
|
|t:|1756169268
|move|p2a: Yung Beef|Protect|p2a: Yung Beef
|-singleturn|p2a: Yung Beef|Protect
|move|p1b: Incineroar|Fake Out|p2a: Yung Beef
|-activate|p2a: Yung Beef|move: Psychic Terrain
|move|p1a: Porygon2|Recover|p1a: Porygon2
|-heal|p1a: Porygon2|57/100
|move|p2b: Hoke|Trick Room|p2b: Hoke
|-fieldend|move: Trick Room
|
|-weather|SunnyDay|[upkeep]
|upkeep
|turn|3
|inactive|momoechis has 30 seconds left.
|inactive|momoechis has 20 seconds left.
|inactive|momoechis has 15 seconds left.
|
|t:|1756169308
|switch|p2b: JC Reyes|Incineroar, L50, M, shiny|100/100
|-ability|p2b: JC Reyes|Intimidate|boost
|-unboost|p1a: Porygon2|atk|1
|-unboost|p1b: Incineroar|atk|1
|-terastallize|p1b: Incineroar|Ghost
|move|p2a: Yung Beef|Close Combat|p1a: Porygon2
|-supereffective|p1a: Porygon2
|-damage|p1a: Porygon2|0 fnt
|-unboost|p2a: Yung Beef|def|1
|-unboost|p2a: Yung Beef|spd|1
|faint|p1a: Porygon2
|move|p1b: Incineroar|Parting Shot|p2a: Yung Beef
|-unboost|p2a: Yung Beef|atk|1
|-unboost|p2a: Yung Beef|spa|1
|
|t:|1756169323
|switch|p1b: Ursaluna|Ursaluna, L50, M|100/100|[from] Parting Shot
|
|-weather|SunnyDay|[upkeep]
|-status|p1b: Ursaluna|brn|[from] item: Flame Orb
|upkeep
|
|t:|1756169327
|switch|p1a: Incineroar|Incineroar, L50, M, tera:Ghost|100/100
|-ability|p1a: Incineroar|Intimidate|boost
|-unboost|p2a: Yung Beef|atk|1
|-unboost|p2b: JC Reyes|atk|1
|turn|4
|inactive|momoechis has 30 seconds left.
|
|t:|1756169352
|switch|p2a: Hoke|Indeedee, L50, M, shiny|100/100
|move|p2b: JC Reyes|Fake Out|p1b: Ursaluna
|-activate|p1b: Ursaluna|move: Psychic Terrain
|move|p1a: Incineroar|Fake Out|p2a: Hoke
|-activate|p2a: Hoke|move: Psychic Terrain
|move|p1b: Ursaluna|Headlong Rush|p2b: JC Reyes
|-supereffective|p2b: JC Reyes
|-damage|p2b: JC Reyes|0 fnt
|-unboost|p1b: Ursaluna|def|1
|-unboost|p1b: Ursaluna|spd|1
|faint|p2b: JC Reyes
|
|-weather|SunnyDay|[upkeep]
|-damage|p1b: Ursaluna|95/100 brn|[from] brn
|upkeep
|
|t:|1756169366
|switch|p2b: Yung Beef|Sneasler, L50, M, shiny|100/100
|turn|5
|inactive|momoechis has 30 seconds left.
|
|t:|1756169394
|move|p2a: Hoke|Helping Hand|p2b: Yung Beef
|-singleturn|p2b: Yung Beef|Helping Hand|[of] p2a: Hoke
|move|p2b: Yung Beef|Close Combat|p1b: Ursaluna
|-supereffective|p1b: Ursaluna
|-damage|p1b: Ursaluna|0 fnt
|-unboost|p2b: Yung Beef|def|1
|-unboost|p2b: Yung Beef|spd|1
|faint|p1b: Ursaluna
|move|p1a: Incineroar|Parting Shot|p2b: Yung Beef
|-unboost|p2b: Yung Beef|atk|1
|-unboost|p2b: Yung Beef|spa|1
|
|t:|1756169404
|switch|p1a: Torkoal|Torkoal, L50, M|100/100|[from] Parting Shot
|
|-weather|none
|-fieldend|move: Psychic Terrain
|upkeep
|
|t:|1756169406
|switch|p1b: Incineroar|Incineroar, L50, M, tera:Ghost|100/100
|-ability|p1b: Incineroar|Intimidate|boost
|-unboost|p2a: Hoke|atk|1
|-unboost|p2b: Yung Beef|atk|1
|turn|6
|
|t:|1756169430
|move|p2a: Hoke|Helping Hand|p2b: Yung Beef
|-singleturn|p2b: Yung Beef|Helping Hand|[of] p2a: Hoke
|move|p1b: Incineroar|Fake Out|p2b: Yung Beef
|-damage|p2b: Yung Beef|68/100
|cant|p2b: Yung Beef|flinch
|move|p1a: Torkoal|Eruption|p2a: Hoke|[spread] p2a,p2b
|-damage|p2a: Hoke|36/100
|-damage|p2b: Yung Beef|0 fnt
|faint|p2b: Yung Beef
|
|upkeep
|
|t:|1756169440
|switch|p2b: Quevedo|Ursaluna-Bloodmoon, L50, M|100/100
|turn|7
|
|t:|1756169455
|-terastallize|p2b: Quevedo|Normal
|move|p2a: Hoke|Helping Hand|p2b: Quevedo
|-singleturn|p2b: Quevedo|Helping Hand|[of] p2a: Hoke
|move|p1b: Incineroar|Knock Off|p2a: Hoke
|-supereffective|p2a: Hoke
|-damage|p2a: Hoke|0 fnt
|-enditem|p2a: Hoke|Focus Sash|[from] move: Knock Off|[of] p1b: Incineroar
|faint|p2a: Hoke
|move|p2b: Quevedo|Hyper Voice|p1a: Torkoal|[spread] p1a,p1b
|-crit|p1b: Incineroar
|-damage|p1a: Torkoal|0 fnt
|-damage|p1b: Incineroar|0 fnt
|faint|p1a: Torkoal
|faint|p1b: Incineroar
|-damage|p2b: Quevedo|91/100|[from] item: Life Orb
|
|win|Gabros.010
||Gabros.010 is ready for game 2.
|inactive|momoechis has 30 seconds to confirm battle start!
||momoechis is ready for game 2.
|uhtml|next|Next: Game 2 of 3
