|j|☆Leebsie
|j|☆SabinoRaw
|html|LeebsieSabinoRaw    
|uhtml|bestof|Game 1 of a best-of-3
|t:|1786144629
|gametype|doubles
|player|p1|Leebsie|plasmagrunt|1000
|player|p2|SabinoRaw|noland-gen3|1249
|gen|9
|tier|[Gen 9 Champions] VGC 2026 Reg M-B (Bo3)
|rated|
|rule|Species Clause: Limit one of each Pokémon
|rule|Item Clause: Limit 1 of each item
|clearpoke
|poke|p1|Delphox, L50, M|
|poke|p1|Rotom-Wash, L50|
|poke|p1|Scizor, L50, F|
|poke|p1|Staraptor, L50, M|
|poke|p1|Grimmsnarl, L50, M|
|poke|p1|Slowbro-Galar, L50, F|
|poke|p2|Swampert, L50, M|
|poke|p2|Floette-Eternal, L50, F|
|poke|p2|Pelipper, L50, F|
|poke|p2|Grimmsnarl, L50, M|
|poke|p2|Sinistcha, L50|
|poke|p2|Archaludon, L50, M|
|teampreview|4
|showteam|p1|Delphox||Delphoxite|Blaze|HeatWave,Flamethrower,Psychic,Protect|Timid||M|||50|]Rotom-Wash||RindoBerry|Levitate|Thunderbolt,HydroPump,VoltSwitch,Electroweb|Modest|||||50|]Scizor||LifeOrb|Technician|BulletPunch,Uturn,CloseCombat,DualWingbeat|Adamant||F|||50|]Staraptor||Staraptite|Intimidate|CloseCombat,BraveBird,Tailwind,Protect|Jolly||M|||50|]Grimmsnarl||BabiriBerry|Prankster|SpiritBreak,FakeOut,PartingShot,Reflect|Impish||M|||50|]Slowbro-Galar||SitrusBerry|Regenerator|TrickRoom,SludgeBomb,IceBeam,Protect|Calm||F|||50|
|showteam|p2|Swampert||Swampertite|Torrent|WaveCrash,Earthquake,IcePunch,Protect|Adamant||M|||50|]Floette-Eternal||Floettite|FlowerVeil|Moonblast,DazzlingGleam,CalmMind,Protect|Modest||F|||50|]Pelipper||SitrusBerry|Drizzle|Hurricane,WeatherBall,Tailwind,WideGuard|Modest||F|||50|]Grimmsnarl||LightClay|Prankster|LightScreen,Reflect,FoulPlay,PartingShot|Calm||M|||50|]Sinistcha||CobaBerry|Hospitality|MatchaGotcha,LifeDew,TrickRoom,RagePowder|Relaxed|||||50|]Archaludon||Leftovers|Stamina|ElectroShot,DragonPulse,FlashCannon,Protect|Modest||M|||50|
|
|t:|1786144694
|teamsize|p1|4
|teamsize|p2|4
|start
|switch|p1a: Staraptor|Staraptor, L50, M|100/100
|switch|p1b: Grimmsnarl|Grimmsnarl, L50, M|100/100
|switch|p2a: Archaludon|Archaludon, L50, M|100/100
|switch|p2b: Sinistcha|Sinistcha, L50|100/100
|-ability|p1a: Staraptor|Intimidate|boost
|-unboost|p2a: Archaludon|atk|1
|-unboost|p2b: Sinistcha|atk|1
|turn|1
|
|t:|1786144721
|switch|p2a: Grimmsnarl|Grimmsnarl, L50, M|100/100
|detailschange|p1a: Staraptor|Staraptor-Mega, L50, M
|-mega|p1a: Staraptor|Staraptor|Staraptite
|move|p1b: Grimmsnarl|Fake Out|p2a: Grimmsnarl
|-damage|p2a: Grimmsnarl|85/100
|move|p1a: Staraptor|Close Combat|p2a: Grimmsnarl
|-damage|p2a: Grimmsnarl|10/100
|-boost|p1a: Staraptor|def|1
|-boost|p1a: Staraptor|spd|1
|move|p2b: Sinistcha|Trick Room|p2b: Sinistcha
|-fieldstart|move: Trick Room|[of] p2b: Sinistcha
|
|upkeep
|turn|2
|
|t:|1786144738
|switch|p2b: Archaludon|Archaludon, L50, M|100/100
|move|p1a: Staraptor|Protect|p1a: Staraptor
|-singleturn|p1a: Staraptor|Protect
|move|p1b: Grimmsnarl|Parting Shot|p1a: Staraptor
|-activate|p1a: Staraptor|move: Protect
|move|p2a: Grimmsnarl|Reflect|p2a: Grimmsnarl
|-sidestart|p2: SabinoRaw|Reflect
|
|upkeep
|turn|3
|
|t:|1786144764
|switch|p1a: Slowbro|Slowbro-Galar, L50, F|100/100
|move|p2b: Archaludon|Protect|p2b: Archaludon
|-singleturn|p2b: Archaludon|Protect
|move|p2a: Grimmsnarl|Foul Play|p1a: Slowbro
|-supereffective|p1a: Slowbro|1
|-damage|p1a: Slowbro|42/100
|-enditem|p1a: Slowbro|Sitrus Berry|[eat]
|-heal|p1a: Slowbro|67/100|[from] item: Sitrus Berry
|move|p1b: Grimmsnarl|Spirit Break|p2a: Grimmsnarl
|-supereffective|p2a: Grimmsnarl|1
|-damage|p2a: Grimmsnarl|0 fnt
|faint|p2a: Grimmsnarl
|
|upkeep
|
|t:|1786144775
|switch|p2a: Pelipper|Pelipper, L50, F|100/100
|-weather|RainDance|[from] ability: Drizzle|[of] p2a: Pelipper
|turn|4
|
|t:|1786144795
|switch|p1b: Staraptor|Staraptor-Mega, L50, M|100/100
|move|p2a: Pelipper|Weather Ball|p1b: Staraptor
|-damage|p1b: Staraptor|31/100
|move|p2b: Archaludon|Electro Shot||[still]
|-prepare|p2b: Archaludon|Electro Shot
|-boost|p2b: Archaludon|spa|1
|-anim|p2b: Archaludon|Electro Shot|p1a: Slowbro
|-damage|p1a: Slowbro|15/100
|move|p1a: Slowbro|Trick Room|p1a: Slowbro
|-fieldend|move: Trick Room
|
|-weather|RainDance|[upkeep]
|upkeep
|turn|5
|
|t:|1786144818
|switch|p2a: Sinistcha|Sinistcha, L50|100/100
|-heal|p1a: Slowbro|49/100|[from] ability: Regenerator|[silent]
|switch|p1a: Grimmsnarl|Grimmsnarl, L50, M|100/100
|move|p2b: Archaludon|Protect|p2b: Archaludon
|-singleturn|p2b: Archaludon|Protect
|move|p1b: Staraptor|Tailwind|p1b: Staraptor
|-sidestart|p1: Leebsie|move: Tailwind
|
|-weather|RainDance|[upkeep]
|upkeep
|turn|6
|-message|Leebsie forfeited.
|
|win|SabinoRaw
|l|☆Leebsie
|player|p1|
