|j|☆znivs
|j|☆ilovemigu
|html|znivsilovemigu    
|uhtml|bestof|Game 2 of a best-of-3
|t:|1784442458
|gametype|doubles
|player|p1|znivs|1|1172
|player|p2|ilovemigu|102|1052
|gen|9
|tier|[Gen 9 Champions] VGC 2026 Reg M-B (Bo3)
|rated|
|rule|Species Clause: Limit one of each Pokémon
|rule|Item Clause: Limit 1 of each item
|clearpoke
|poke|p1|Venusaur, L50, F|
|poke|p1|Charizard, L50, M|
|poke|p1|Grimmsnarl, L50, M|
|poke|p1|Archaludon, L50, F|
|poke|p1|Basculegion, L50, M|
|poke|p1|Pelipper, L50, M|
|poke|p2|Gallade, L50, M|
|poke|p2|Farigiraf, L50, M|
|poke|p2|Clefable, L50, M|
|poke|p2|Sneasler, L50, F|
|poke|p2|Espathra, L50, M|
|poke|p2|Torkoal, L50, F|
|teampreview|4
|showteam|p1|Venusaur||FocusSash|Chlorophyll|SludgeBomb,EarthPower,Protect,SleepPowder|Modest||F|||50|]Charizard||CharizarditeY|SolarPower|Protect,HeatWave,SolarBeam,WeatherBall|Modest||M|||50|]Grimmsnarl||LightClay|Prankster|SpiritBreak,Reflect,LightScreen,PartingShot|Sassy||M|||50|]Archaludon||Leftovers|Stamina|ElectroShot,Protect,FlashCannon,DragonPulse|Calm||F|||50|]Basculegion||ChoiceScarf|Adaptability|WaveCrash,LastRespects,AquaJet,FlipTurn|Jolly||M|||50|]Pelipper||SitrusBerry|Drizzle|WeatherBall,Hurricane,Tailwind,WideGuard|Modest||M|||50|
|showteam|p2|Gallade||Galladite|Justified|DrainPunch,ShadowSneak,RockSlide,Protect|Adamant||M|||50|]Farigiraf||SitrusBerry|ArmorTail|AllySwitch,Psychic,HelpingHand,BeatUp|Relaxed||M|||50|]Clefable||Leftovers|MagicGuard|FollowMe,Protect,CosmicPower,BatonPass|Bold||M|||50|]Sneasler||FocusSash|Unburden|Coaching,FakeOut,DireClaw,CloseCombat|Adamant||F|||50|]Espathra||MentalHerb|SpeedBoost|BatonPass,CalmMind,Protect,ExpandingForce|Bold||M|||50|]Torkoal||Charcoal|Drought|Eruption,Protect,SolarBeam,WeatherBall|Quiet||F|||50|
|
|t:|1784442496
|teamsize|p1|4
|teamsize|p2|4
|start
|switch|p1a: Charizard|Charizard, L50, M|100/100
|switch|p1b: Venusaur|Venusaur, L50, F|100/100
|switch|p2a: Sneasler|Sneasler, L50, F|100/100
|switch|p2b: Clefable|Clefable, L50, M|100/100
|turn|1
|
|t:|1784442520
|detailschange|p1a: Charizard|Charizard-Mega-Y, L50, M
|-mega|p1a: Charizard|Charizard|Charizardite Y
|-weather|SunnyDay|[from] ability: Drought|[of] p1a: Charizard
|move|p2a: Sneasler|Fake Out|p1a: Charizard
|-damage|p1a: Charizard|84/100
|move|p1b: Venusaur|Sleep Powder|p2b: Clefable
|-status|p2b: Clefable|slp|[from] move: Sleep Powder
|cant|p1a: Charizard|flinch
|cant|p2b: Clefable|slp
|
|-weather|SunnyDay|[upkeep]
|upkeep
|turn|2
|
|t:|1784442530
|cant|p2b: Clefable|slp
|move|p1b: Venusaur|Earth Power|p2a: Sneasler
|-supereffective|p2a: Sneasler|1
|-damage|p2a: Sneasler|23/100
|move|p2a: Sneasler|Coaching|p2b: Clefable
|-boost|p2b: Clefable|atk|1
|-boost|p2b: Clefable|def|1
|move|p1a: Charizard|Heat Wave|p2b: Clefable|[spread] p2a,p2b
|-damage|p2a: Sneasler|0 fnt
|-damage|p2b: Clefable|44/100 slp
|faint|p2a: Sneasler
|
|-weather|SunnyDay|[upkeep]
|-heal|p2b: Clefable|50/100g slp|[from] item: Leftovers
|upkeep
|
|t:|1784442547
|switch|p2a: Farigiraf|Farigiraf, L50, M|100/100
|turn|3
|
|t:|1784442560
|move|p1b: Venusaur|Earth Power|p2a: Farigiraf
|-damage|p2a: Farigiraf|74/100
|move|p1a: Charizard|Weather Ball|p2a: Farigiraf
|-damage|p2a: Farigiraf|0 fnt
|faint|p2a: Farigiraf
|-curestatus|p2b: Clefable|slp|[msg]
|move|p2b: Clefable|Baton Pass|p2b: Clefable
|
|t:|1784442570
|switch|p2b: Gallade|Gallade, L50, M|100/100|[from] Baton Pass
|
|-weather|SunnyDay|[upkeep]
|upkeep
|
|t:|1784442576
|switch|p2a: Clefable|Clefable, L50, M|50/100g
|turn|4
|
|t:|1784442589
|switch|p1a: Archaludon|Archaludon, L50, F|100/100
|detailschange|p2b: Gallade|Gallade-Mega, L50, M
|-mega|p2b: Gallade|Gallade|Galladite
|move|p2a: Clefable|Follow Me|p2a: Clefable
|-singleturn|p2a: Clefable|move: Follow Me
|move|p1b: Venusaur|Sludge Bomb|p2a: Clefable
|-supereffective|p2a: Clefable|1
|-damage|p2a: Clefable|0 fnt
|faint|p2a: Clefable
|move|p2b: Gallade|Drain Punch|p1a: Archaludon
|-supereffective|p1a: Archaludon|1
|-crit|p1a: Archaludon
|-damage|p1a: Archaludon|0 fnt
|faint|p1a: Archaludon
|
|-weather|SunnyDay|[upkeep]
|upkeep
|
|t:|1784442603
|switch|p1a: Pelipper|Pelipper, L50, M|100/100
|-weather|RainDance|[from] ability: Drizzle|[of] p1a: Pelipper
|turn|5
|
|t:|1784442614
|move|p1b: Venusaur|Sleep Powder|p2b: Gallade
|-status|p2b: Gallade|slp|[from] move: Sleep Powder
|cant|p2b: Gallade|slp
|move|p1a: Pelipper|Tailwind|p1a: Pelipper
|-sidestart|p1: znivs|move: Tailwind
|
|-weather|RainDance|[upkeep]
|upkeep
|turn|6
|
|t:|1784442622
|move|p1b: Venusaur|Earth Power|p2b: Gallade
|-damage|p2b: Gallade|71/100 slp
|move|p1a: Pelipper|Hurricane|p2b: Gallade
|-supereffective|p2b: Gallade|1
|-damage|p2b: Gallade|0 fnt
|faint|p2b: Gallade
|
|win|znivs
|raw|znivs's rating: 1172 → 1189(+17 for winning)
|raw|ilovemigu's rating: 1052 → 1040(-12 for losing)
|c|☆znivs|gg
