|j|☆odio esta reg
|j|☆zetababy4
|html|odio esta regzetababy4    
|uhtml|bestof|Game 3 of a best-of-3
|t:|1785686720
|gametype|doubles
|player|p1|odio esta reg|101|1176
|player|p2|zetababy4|169|1195
|gen|9
|tier|[Gen 9 Champions] VGC 2026 Reg M-B (Bo3)
|rated|
|rule|Species Clause: Limit one of each Pokémon
|rule|Item Clause: Limit 1 of each item
|clearpoke
|poke|p1|Charizard, L50, F|
|poke|p1|Grimmsnarl, L50, M|
|poke|p1|Pelipper, L50, M|
|poke|p1|Archaludon, L50, M|
|poke|p1|Basculegion, L50, M|
|poke|p1|Venusaur, L50, M|
|poke|p2|Gholdengo, L50|
|poke|p2|Whimsicott, L50, M|
|poke|p2|Hydreigon, L50, M|
|poke|p2|Floette-Eternal, L50, F|
|poke|p2|Incineroar, L50, M|
|poke|p2|Sneasler, L50, M|
|teampreview|4
|showteam|p1|Charizard||CharizarditeY|Blaze|Protect,HeatWave,WeatherBall,SolarBeam|Modest||F|||50|]Grimmsnarl||LightClay|Prankster|SpiritBreak,Reflect,LightScreen,PartingShot|Sassy||M|||50|]Pelipper||SitrusBerry|Drizzle|Hurricane,WeatherBall,Tailwind,WideGuard|Modest||M|||50|]Archaludon||Leftovers|Stamina|Protect,ElectroShot,DragonPulse,FlashCannon|Calm||M|||50|]Basculegion||ChoiceScarf|Adaptability|FlipTurn,WaveCrash,AquaJet,LastRespects|Jolly||M|||50|]Venusaur||FocusSash|Chlorophyll|Protect,SleepPowder,SludgeBomb,EarthPower|Modest||M|||50|
|showteam|p2|Gholdengo||FocusSash|GoodasGold|Protect,PowerGem,MakeItRain,ShadowBall|Timid|||||50|]Whimsicott||FairyFeather|Prankster|Moonblast,Tailwind,Encore,Protect|Bold||M|||50|]Hydreigon||ChoiceScarf|Levitate|DracoMeteor,EarthPower,Snarl,DarkPulse|Timid||M|||50|]Floette-Eternal||Floettite|FlowerVeil|Protect,CalmMind,DazzlingGleam,Moonblast|Timid||F|||50|]Incineroar||SitrusBerry|Intimidate|FakeOut,PartingShot,ThroatChop,FlareBlitz|Adamant||M|||50|]Sneasler||LifeOrb|Pressure|FakeOut,CloseCombat,DireClaw,Protect|Jolly||M|||50|
|inactive|Battle timer is ON: inactive players will automatically lose when time's up. (requested by odio esta reg)
|inactive|odio esta reg has 60 seconds left.
|
|t:|1785686772
|teamsize|p1|4
|teamsize|p2|4
|start
|switch|p1a: Grimmsnarl|Grimmsnarl, L50, M|100/100
|switch|p1b: Basculegion|Basculegion, L50, M|100/100
|switch|p2a: Hydreigon|Hydreigon, L50, M|100/100
|switch|p2b: Sneasler|Sneasler, L50, M|100/100
|-ability|p2b: Sneasler|Pressure
|turn|1
|inactive|odio esta reg has 30 seconds left.
|inactive|zetababy4 has 30 seconds left.
|
|t:|1785686799
|switch|p1b: Charizard|Charizard, L50, F|100/100
|move|p2a: Hydreigon|Earth Power|p1a: Grimmsnarl
|-damage|p1a: Grimmsnarl|74/100
|move|p2b: Sneasler|Dire Claw|p1a: Grimmsnarl
|-supereffective|p1a: Grimmsnarl|1
|-damage|p1a: Grimmsnarl|0 fnt
|faint|p1a: Grimmsnarl
|-damage|p2b: Sneasler|90/100|[from] item: Life Orb
|
|upkeep
|
|t:|1785686806
|switch|p1a: Venusaur|Venusaur, L50, M|100/100
|turn|2
|
|t:|1785686823
|detailschange|p1b: Charizard|Charizard-Mega-Y, L50, F
|-mega|p1b: Charizard|Charizard|Charizardite Y
|-weather|SunnyDay|[from] ability: Drought|[of] p1b: Charizard
|move|p1a: Venusaur|Sleep Powder|p2b: Sneasler
|-status|p2b: Sneasler|slp|[from] move: Sleep Powder
|move|p2a: Hydreigon|Earth Power|p1a: Venusaur
|-damage|p1a: Venusaur|66/100
|-unboost|p1a: Venusaur|spd|1
|cant|p2b: Sneasler|slp
|move|p1b: Charizard|Heat Wave|p2b: Sneasler|[spread] p2a,p2b
|-resisted|p2a: Hydreigon|1
|-damage|p2a: Hydreigon|62/100
|-damage|p2b: Sneasler|13/100 slp
|
|-weather|SunnyDay|[upkeep]
|upkeep
|turn|3
|
|t:|1785686843
|move|p1a: Venusaur|Sleep Powder|p2a: Hydreigon|[miss]
|-miss|p1a: Venusaur|p2a: Hydreigon
|move|p2a: Hydreigon|Earth Power|p1a: Venusaur
|-damage|p1a: Venusaur|10/100
|cant|p2b: Sneasler|slp
|move|p1b: Charizard|Heat Wave|p2a: Hydreigon|[spread] p2a,p2b
|-resisted|p2a: Hydreigon|1
|-damage|p2a: Hydreigon|27/100
|-damage|p2b: Sneasler|0 fnt
|faint|p2b: Sneasler
|
|-weather|SunnyDay|[upkeep]
|upkeep
|
|t:|1785686859
|switch|p2b: Floette|Floette-Eternal, L50, F|100/100
|turn|4
|
|t:|1785686871
|detailschange|p2b: Floette|Floette-Mega, L50, F
|-mega|p2b: Floette|Floette|Floettite
|-ability|p2b: Floette|Fairy Aura
|move|p1a: Venusaur|Sludge Bomb|p2a: Hydreigon
|-damage|p2a: Hydreigon|0 fnt
|faint|p2a: Hydreigon
|move|p2b: Floette|Dazzling Gleam|p1a: Venusaur|[spread] p1a,p1b
|-resisted|p1a: Venusaur|1
|-resisted|p1b: Charizard|1
|-damage|p1a: Venusaur|0 fnt
|-damage|p1b: Charizard|77/100
|faint|p1a: Venusaur
|move|p1b: Charizard|Weather Ball|p2b: Floette
|-damage|p2b: Floette|26/100
|
|-weather|SunnyDay|[upkeep]
|upkeep
|
|t:|1785686887
|switch|p2a: Gholdengo|Gholdengo, L50|100/100
|switch|p1a: Basculegion|Basculegion, L50, M|100/100
|turn|5
|inactive|odio esta reg has 30 seconds left.
|inactive|odio esta reg has 20 seconds left.
|inactive|odio esta reg has 15 seconds left.
|inactive|odio esta reg has 10 seconds left.
|
|t:|1785686934
|move|p1a: Basculegion|Last Respects|p2a: Gholdengo
|-supereffective|p2a: Gholdengo|1
|-enditem|p2a: Gholdengo|Focus Sash
|-damage|p2a: Gholdengo|1/100
|move|p2b: Floette|Dazzling Gleam|p1b: Charizard|[spread] p1a,p1b
|-resisted|p1b: Charizard|1
|-damage|p1a: Basculegion|44/100
|-damage|p1b: Charizard|58/100
|move|p2a: Gholdengo|Power Gem|p1b: Charizard
|-supereffective|p1b: Charizard|2
|-damage|p1b: Charizard|0 fnt
|faint|p1b: Charizard
|
|-weather|SunnyDay|[upkeep]
|upkeep
|turn|6
|
|t:|1785686954
|move|p1a: Basculegion|Last Respects|p2a: Gholdengo
|-supereffective|p2a: Gholdengo|1
|-damage|p2a: Gholdengo|0 fnt
|faint|p2a: Gholdengo
|move|p2b: Floette|Moonblast|p1a: Basculegion
|-damage|p1a: Basculegion|0 fnt
|faint|p1a: Basculegion
|
|win|zetababy4
|raw|odio esta reg's rating: 1176 → 1152(-24 for losing)
|raw|zetababy4's rating: 1195 → 1219(+24 for winning)
