|j|☆isthis6thgood
|j|☆Anazawa Nizimi
|html|isthis6thgoodAnazawa Nizimi    
|uhtml|bestof|Game 2 of a best-of-3
|t:|1785680663
|gametype|doubles
|player|p1|isthis6thgood|170|1230
|player|p2|Anazawa Nizimi|102|1271
|gen|9
|tier|[Gen 9 Champions] VGC 2026 Reg M-B (Bo3)
|rated|
|rule|Species Clause: Limit one of each Pokémon
|rule|Item Clause: Limit 1 of each item
|clearpoke
|poke|p1|Swampert, L50, F|
|poke|p1|Mawile, L50, F|
|poke|p1|Pelipper, L50, M|
|poke|p1|Archaludon, L50, F|
|poke|p1|Sableye, L50, M, shiny|
|poke|p1|Farigiraf, L50, F, shiny|
|poke|p2|Staraptor, L50, F|
|poke|p2|Delphox, L50, F|
|poke|p2|Sinistcha, L50|
|poke|p2|Excadrill, L50, M|
|poke|p2|Tyranitar, L50, M|
|poke|p2|Sneasler, L50, M|
|teampreview|4
|showteam|p1|Swampert||Swampertite|Damp|Protect,IcePunch,WaveCrash,Earthquake|Adamant||F|||50|]Mawile||Mawilite|Intimidate|Protect,RockSlide,SuckerPunch,PlayRough|Adamant||F|||50|]Pelipper||FocusSash|Drizzle|Tailwind,WideGuard,WeatherBall,Hurricane|Modest||M|||50|]Archaludon||Leftovers|Stamina|Protect,ElectroShot,FlashCannon,DragonPulse|Modest||F|||50|]Sableye||RoseliBerry|Prankster|LightScreen,FoulPlay,RainDance,Reflect|Sassy||M|||50|]Farigiraf||SitrusBerry|ArmorTail|Roar,TrickRoom,Psychic,Thunderbolt|Relaxed||F|||50|
|showteam|p2|Staraptor||Staraptite|Intimidate|BraveBird,CloseCombat,Tailwind,Protect|Jolly||F|||50|]Delphox||Delphoxite|Blaze|HeatWave,Psychic,NastyPlot,Protect|Timid||F|||50|]Sinistcha||SitrusBerry|Hospitality|LifeDew,MatchaGotcha,RagePowder,Protect|Bold|||||50|]Excadrill||FocusSash|SandRush|Earthquake,IronHead,RockSlide,Protect|Adamant||M|||50|]Tyranitar||ChoiceScarf|SandStream|KnockOff,LowKick,IcePunch,RockSlide|Jolly||M|||50|]Sneasler||WhiteHerb|Unburden|CloseCombat,GunkShot,FakeOut,QuickGuard|Jolly||M|||50|
|inactive|Battle timer is ON: inactive players will automatically lose when time's up. (requested by isthis6thgood)
|
|t:|1785680703
|teamsize|p1|4
|teamsize|p2|4
|start
|switch|p1a: Mawile|Mawile, L50, F|100/100
|switch|p1b: Farigiraf|Farigiraf, L50, F, shiny|100/100
|switch|p2a: Staraptor|Staraptor, L50, F|100/100
|switch|p2b: Sneasler|Sneasler, L50, M|100/100
|-ability|p2a: Staraptor|Intimidate|boost
|-unboost|p1a: Mawile|atk|1
|-unboost|p1b: Farigiraf|atk|1
|-ability|p1a: Mawile|Intimidate|boost
|-unboost|p2a: Staraptor|atk|1
|-unboost|p2b: Sneasler|atk|1
|-enditem|p2b: Sneasler|White Herb
|-clearnegativeboost|p2b: Sneasler|[silent]
|turn|1
|inactive|Anazawa Nizimi has 30 seconds left.
|
|t:|1785680731
|detailschange|p2a: Staraptor|Staraptor-Mega, L50, F
|-mega|p2a: Staraptor|Staraptor|Staraptite
|detailschange|p1a: Mawile|Mawile-Mega, L50, F
|-mega|p1a: Mawile|Mawile|Mawilite
|move|p2b: Sneasler|Close Combat|p1a: Mawile
|-damage|p1a: Mawile|48/100
|-unboost|p2b: Sneasler|def|1
|-unboost|p2b: Sneasler|spd|1
|move|p2a: Staraptor|Close Combat|p1a: Mawile
|-damage|p1a: Mawile|6/100
|-boost|p2a: Staraptor|def|1
|-boost|p2a: Staraptor|spd|1
|move|p1a: Mawile|Play Rough|p2a: Staraptor
|-supereffective|p2a: Staraptor|1
|-damage|p2a: Staraptor|30/100
|move|p1b: Farigiraf|Trick Room|p1b: Farigiraf
|-fieldstart|move: Trick Room|[of] p1b: Farigiraf
|
|upkeep
|turn|2
|inactive|Anazawa Nizimi has 30 seconds left.
|
|t:|1785680757
|switch|p2b: Sinistcha|Sinistcha, L50|100/100
|-heal|p2a: Staraptor|54/100|[from] ability: Hospitality|[of] p2b: Sinistcha
|move|p2a: Staraptor|Protect|p2a: Staraptor
|-singleturn|p2a: Staraptor|Protect
|move|p1b: Farigiraf|Psychic|p2b: Sinistcha
|-damage|p2b: Sinistcha|64/100
|move|p1a: Mawile|Play Rough|p2a: Staraptor
|-activate|p2a: Staraptor|move: Protect
|
|upkeep
|turn|3
|inactive|Anazawa Nizimi has 30 seconds left.
|
|t:|1785680783
|move|p2b: Sinistcha|Rage Powder|p2b: Sinistcha
|-singleturn|p2b: Sinistcha|move: Rage Powder
|move|p1b: Farigiraf|Psychic|p2b: Sinistcha
|-damage|p2b: Sinistcha|28/100
|-enditem|p2b: Sinistcha|Sitrus Berry|[eat]
|-heal|p2b: Sinistcha|53/100|[from] item: Sitrus Berry
|move|p1a: Mawile|Play Rough|p2b: Sinistcha
|-damage|p2b: Sinistcha|9/100
|-unboost|p2b: Sinistcha|atk|1
|move|p2a: Staraptor|Close Combat|p1a: Mawile
|-damage|p1a: Mawile|0 fnt
|-boost|p2a: Staraptor|def|1
|-boost|p2a: Staraptor|spd|1
|faint|p1a: Mawile
|
|upkeep
|
|t:|1785680798
|switch|p1a: Pelipper|Pelipper, L50, M|100/100
|-weather|RainDance|[from] ability: Drizzle|[of] p1a: Pelipper
|turn|4
|
|t:|1785680817
|switch|p2b: Tyranitar|Tyranitar, L50, M|100/100
|-weather|Sandstorm|[from] ability: Sand Stream|[of] p2b: Tyranitar
|move|p1b: Farigiraf|Thunderbolt|p2b: Tyranitar
|-damage|p2b: Tyranitar|85/100
|move|p1a: Pelipper|Hurricane|p2a: Staraptor|[miss]
|-miss|p1a: Pelipper|p2a: Staraptor
|move|p2a: Staraptor|Close Combat|p1b: Farigiraf
|-damage|p1b: Farigiraf|67/100
|-boost|p2a: Staraptor|def|1
|-boost|p2a: Staraptor|spd|1
|
|-weather|Sandstorm|[upkeep]
|-damage|p1b: Farigiraf|61/100|[from] Sandstorm
|-damage|p1a: Pelipper|94/100|[from] Sandstorm
|-damage|p2a: Staraptor|49/100|[from] Sandstorm
|upkeep
|turn|5
|inactive|Anazawa Nizimi has 30 seconds left.
|inactive|Anazawa Nizimi has 20 seconds left.
|
|t:|1785680852
|switch|p1b: Archaludon|Archaludon, L50, F|100/100
|switch|p2a: Sinistcha|Sinistcha, L50|9/100
|-heal|p2b: Tyranitar|100/100|[from] ability: Hospitality|[of] p2a: Sinistcha
|move|p1a: Pelipper|Hurricane|p2a: Sinistcha|[miss]
|-miss|p1a: Pelipper|p2a: Sinistcha
|move|p2b: Tyranitar|Knock Off|p1b: Archaludon
|-damage|p1b: Archaludon|58/100
|-ability|p1b: Archaludon|Stamina|boost
|-boost|p1b: Archaludon|def|1
|-enditem|p1b: Archaludon|Leftovers|[from] move: Knock Off|[of] p2b: Tyranitar
|
|-weather|Sandstorm|[upkeep]
|-damage|p2a: Sinistcha|3/100|[from] Sandstorm
|-damage|p1a: Pelipper|88/100|[from] Sandstorm
|-fieldend|move: Trick Room
|upkeep
|turn|6
|
|t:|1785680872
|switch|p1a: Farigiraf|Farigiraf, L50, F, shiny|61/100
|move|p2b: Tyranitar|Knock Off|p1a: Farigiraf
|-supereffective|p1a: Farigiraf|1
|-damage|p1a: Farigiraf|0 fnt
|-enditem|p1a: Farigiraf|Sitrus Berry|[from] move: Knock Off|[of] p2b: Tyranitar
|faint|p1a: Farigiraf
|move|p1b: Archaludon|Flash Cannon|p2b: Tyranitar
|-supereffective|p2b: Tyranitar|1
|-damage|p2b: Tyranitar|45/100
|move|p2a: Sinistcha|Matcha Gotcha|p1b: Archaludon
|-resisted|p1b: Archaludon|2
|-damage|p1b: Archaludon|50/100g
|-heal|p2a: Sinistcha|7/100|[from] drain|[of] p1b: Archaludon
|-status|p1b: Archaludon|brn
|-ability|p1b: Archaludon|Stamina|boost
|-boost|p1b: Archaludon|def|1
|
|-weather|Sandstorm|[upkeep]
|-damage|p2a: Sinistcha|1/100|[from] Sandstorm
|-damage|p1b: Archaludon|44/100 brn|[from] brn
|upkeep
|
|t:|1785680891
|switch|p1a: Pelipper|Pelipper, L50, M|88/100
|-weather|RainDance|[from] ability: Drizzle|[of] p1a: Pelipper
|turn|7
|inactive|Anazawa Nizimi has 30 seconds left.
|
|t:|1785680922
|switch|p2b: Sneasler|Sneasler, L50, M|100/100
|switch|p2a: Staraptor|Staraptor-Mega, L50, F|49/100
|move|p1a: Pelipper|Tailwind|p1a: Pelipper
|-sidestart|p1: isthis6thgood|move: Tailwind
|move|p1b: Archaludon|Electro Shot||[still]
|-prepare|p1b: Archaludon|Electro Shot
|-boost|p1b: Archaludon|spa|1
|-anim|p1b: Archaludon|Electro Shot|p2a: Staraptor
|-supereffective|p2a: Staraptor|1
|-damage|p2a: Staraptor|0 fnt
|faint|p2a: Staraptor
|
|-weather|RainDance|[upkeep]
|-damage|p1b: Archaludon|38/100 brn|[from] brn
|upkeep
|
|t:|1785680941
|switch|p2a: Tyranitar|Tyranitar, L50, M|45/100
|-weather|Sandstorm|[from] ability: Sand Stream|[of] p2a: Tyranitar
|turn|8
|inactive|isthis6thgood has 30 seconds left.
|inactive|Anazawa Nizimi has 30 seconds left.
|
|t:|1785680967
|move|p2b: Sneasler|Fake Out|p1b: Archaludon
|-resisted|p1b: Archaludon|1
|-damage|p1b: Archaludon|36/100 brn
|-ability|p1b: Archaludon|Stamina|boost
|-boost|p1b: Archaludon|def|1
|move|p1a: Pelipper|Hurricane|p2b: Sneasler
|-supereffective|p2b: Sneasler|1
|-damage|p2b: Sneasler|0 fnt
|faint|p2b: Sneasler
|cant|p1b: Archaludon|flinch
|move|p2a: Tyranitar|Rock Slide|p1b: Archaludon|[spread] p1a
|-miss|p2a: Tyranitar|p1b: Archaludon
|-supereffective|p1a: Pelipper|1
|-damage|p1a: Pelipper|13/100
|
|-weather|Sandstorm|[upkeep]
|-damage|p1a: Pelipper|8/100|[from] Sandstorm
|-damage|p1b: Archaludon|29/100 brn|[from] brn
|upkeep
|
|t:|1785680986
|switch|p2b: Sinistcha|Sinistcha, L50|1/100
|-heal|p2a: Tyranitar|70/100|[from] ability: Hospitality|[of] p2b: Sinistcha
|turn|9
|inactive|isthis6thgood has 30 seconds left.
|inactive|isthis6thgood has 20 seconds left.
|inactive|isthis6thgood has 15 seconds left.
|
|t:|1785681027
|move|p2b: Sinistcha|Rage Powder|p2b: Sinistcha
|-singleturn|p2b: Sinistcha|move: Rage Powder
|move|p1a: Pelipper|Weather Ball|p2b: Sinistcha
|-damage|p2b: Sinistcha|0 fnt
|faint|p2b: Sinistcha
|move|p1b: Archaludon|Flash Cannon|p2a: Tyranitar
|-supereffective|p2a: Tyranitar|1
|-damage|p2a: Tyranitar|0 fnt
|faint|p2a: Tyranitar
|
|win|isthis6thgood
