|j|☆slopmachine
|j|☆strawhatronin
|html|slopmachinestrawhatronin    
|uhtml|bestof|Game 3 of a best-of-3
|t:|1785752054
|gametype|doubles
|player|p1|slopmachine|medium|1209
|player|p2|strawhatronin|morty|1193
|gen|9
|tier|[Gen 9 Champions] VGC 2026 Reg M-B (Bo3)
|rated|
|rule|Species Clause: Limit one of each Pokémon
|rule|Item Clause: Limit 1 of each item
|clearpoke
|poke|p1|Floette-Eternal, L50, F|
|poke|p1|Whimsicott, L50, F|
|poke|p1|Charizard, L50, M|
|poke|p1|Basculegion, L50, M|
|poke|p1|Garchomp, L50, F|
|poke|p1|Incineroar, L50, M|
|poke|p2|Pelipper, L50, M|
|poke|p2|Incineroar, L50, M|
|poke|p2|Archaludon, L50, F|
|poke|p2|Maushold, L50|
|poke|p2|Gengar, L50, M|
|poke|p2|Raichu, L50, M|
|teampreview|4
|showteam|p1|Floette-Eternal||Floettite|FlowerVeil|Protect,DazzlingGleam,DrainingKiss,CalmMind|Modest||F|||50|]Whimsicott||FocusSash|Prankster|Protect,Moonblast,Tailwind,Encore|Timid||F|||50|]Charizard||CharizarditeY|Blaze|Protect,WeatherBall,SolarBeam,HeatWave|Modest||M|||50|]Basculegion||ChoiceScarf|Adaptability|FlipTurn,WaveCrash,LastRespects,AquaJet|Jolly||M|||50|]Garchomp||LifeOrb|RoughSkin|Protect,Earthquake,DragonClaw,RockSlide|Jolly||F|||50|]Incineroar||SitrusBerry|Intimidate|FlareBlitz,ThroatChop,FakeOut,PartingShot|Careful||M|||50|
|showteam|p2|Pelipper||FocusSash|Drizzle|WideGuard,Tailwind,WeatherBall,Hurricane|Timid||M|||50|]Incineroar||SitrusBerry|Intimidate|Protect,FakeOut,PartingShot,FlareBlitz|Adamant||M|||50|]Archaludon||Leftovers|Stamina|Protect,ElectroShot,FlashCannon,DragonPulse|Modest||F|||50|]Maushold||ChopleBerry|FriendGuard|Protect,FollowMe,BeatUp,SuperFang|Jolly|||||50|]Gengar||Gengarite|CursedBody|Protect,PerishSong,SludgeBomb,ShadowBall|Timid||M|||50|]Raichu||RaichuniteX|LightningRod|Protect,FakeOut,VoltSwitch,RisingVoltage|Timid||M|||50|
|inactive|Battle timer is ON: inactive players will automatically lose when time's up. (requested by strawhatronin)
|inactive|slopmachine has 60 seconds left.
|inactive|strawhatronin has 60 seconds left.
|
|t:|1785752089
|teamsize|p1|4
|teamsize|p2|4
|start
|switch|p1a: Charizard|Charizard, L50, M|100/100
|switch|p1b: Incineroar|Incineroar, L50, M|100/100
|switch|p2a: Gengar|Gengar, L50, M|100/100
|switch|p2b: Maushold|Maushold, L50|100/100
|-ability|p1b: Incineroar|Intimidate|boost
|-unboost|p2a: Gengar|atk|1
|-unboost|p2b: Maushold|atk|1
|turn|1
|inactive|slopmachine has 30 seconds left.
|inactive|slopmachine has 20 seconds left.
|
|t:|1785752127
|switch|p2b: Archaludon|Archaludon, L50, F|100/100
|switch|p2a: Pelipper|Pelipper, L50, M|100/100
|-weather|RainDance|[from] ability: Drizzle|[of] p2a: Pelipper
|detailschange|p1a: Charizard|Charizard-Mega-Y, L50, M
|-mega|p1a: Charizard|Charizard|Charizardite Y
|-weather|SunnyDay|[from] ability: Drought|[of] p1a: Charizard
|move|p1b: Incineroar|Fake Out|p2b: Archaludon
|-resisted|p2b: Archaludon|1
|-damage|p2b: Archaludon|95/100
|-ability|p2b: Archaludon|Stamina|boost
|-boost|p2b: Archaludon|def|1
|move|p1a: Charizard|Weather Ball|p2a: Pelipper
|-resisted|p2a: Pelipper|1
|-damage|p2a: Pelipper|20/100r
|
|-weather|SunnyDay|[upkeep]
|-heal|p2b: Archaludon|100/100|[from] item: Leftovers
|upkeep
|turn|2
|inactive|slopmachine has 30 seconds left.
|inactive|slopmachine has 20 seconds left.
|inactive|slopmachine has 15 seconds left.
|inactive|slopmachine has 10 seconds left.
|inactive|slopmachine has 5 seconds left.
|
|t:|1785752182
|switch|p2a: Maushold|Maushold, L50|100/100
|move|p1a: Charizard|Protect|p1a: Charizard
|-singleturn|p1a: Charizard|Protect
|move|p2b: Archaludon|Protect|p2b: Archaludon
|-singleturn|p2b: Archaludon|Protect
|move|p1b: Incineroar|Flare Blitz|p2a: Maushold
|-damage|p2a: Maushold|12/100
|-damage|p1b: Incineroar|74/100|[from] Recoil
|
|-weather|SunnyDay|[upkeep]
|upkeep
|turn|3
|inactive|slopmachine has 30 seconds left.
|inactive|slopmachine has 20 seconds left.
|
|t:|1785752221
|switch|p1a: Garchomp|Garchomp, L50, F|100/100
|move|p2a: Maushold|Beat Up|p2b: Archaludon
|-damage|p2b: Archaludon|98/100
|-ability|p2b: Archaludon|Stamina|boost
|-boost|p2b: Archaludon|def|1
|-damage|p2b: Archaludon|97/100
|-ability|p2b: Archaludon|Stamina|boost
|-boost|p2b: Archaludon|def|1
|-damage|p2b: Archaludon|97/100
|-ability|p2b: Archaludon|Stamina|boost
|-boost|p2b: Archaludon|def|1
|-damage|p2b: Archaludon|96/100
|-ability|p2b: Archaludon|Stamina|boost
|-boost|p2b: Archaludon|def|1
|-hitcount|p2b: Archaludon|4
|move|p2b: Archaludon|Dragon Pulse|p1a: Garchomp
|-supereffective|p1a: Garchomp|1
|-damage|p1a: Garchomp|4/100
|move|p1b: Incineroar|Throat Chop|p2a: Maushold
|-damage|p2a: Maushold|0 fnt
|faint|p2a: Maushold
|
|-weather|SunnyDay|[upkeep]
|-heal|p2b: Archaludon|100/100|[from] item: Leftovers
|upkeep
|
|t:|1785752245
|switch|p2a: Gengar|Gengar, L50, M|100/100
|turn|4
|inactive|slopmachine has 30 seconds left.
|inactive|slopmachine has 20 seconds left.
|inactive|slopmachine has 15 seconds left.
|
|t:|1785752288
|detailschange|p2a: Gengar|Gengar-Mega, L50, M
|-mega|p2a: Gengar|Gengar|Gengarite
|move|p2a: Gengar|Sludge Bomb|p1b: Incineroar
|-damage|p1b: Incineroar|35/100
|-enditem|p1b: Incineroar|Sitrus Berry|[eat]
|-heal|p1b: Incineroar|59/100|[from] item: Sitrus Berry
|move|p1a: Garchomp|Dragon Claw|p2a: Gengar
|-damage|p2a: Gengar|35/100
|-damage|p1a: Garchomp|0 fnt|[from] item: Life Orb
|faint|p1a: Garchomp
|move|p2b: Archaludon|Dragon Pulse|p1b: Incineroar
|-crit|p1b: Incineroar
|-damage|p1b: Incineroar|7/100
|move|p1b: Incineroar|Parting Shot|p2a: Gengar
|-unboost|p2a: Gengar|atk|1
|-unboost|p2a: Gengar|spa|1
|
|t:|1785752313
|switch|p1b: Basculegion|Basculegion, L50, M|100/100|[from] Parting Shot
|
|-weather|SunnyDay|[upkeep]
|upkeep
|
|t:|1785752328
|switch|p1a: Incineroar|Incineroar, L50, M|7/100
|-ability|p1a: Incineroar|Intimidate|boost
|-unboost|p2a: Gengar|atk|1
|-unboost|p2b: Archaludon|atk|1
|turn|5
|
|t:|1785752347
|move|p2a: Gengar|Protect|p2a: Gengar
|-singleturn|p2a: Gengar|Protect
|move|p1a: Incineroar|Fake Out|p2b: Archaludon
|-resisted|p2b: Archaludon|1
|-damage|p2b: Archaludon|98/100
|-ability|p2b: Archaludon|Stamina|boost
|-boost|p2b: Archaludon|def|1
|move|p1b: Basculegion|Last Respects|p2a: Gengar
|-activate|p2a: Gengar|move: Protect
|cant|p2b: Archaludon|flinch
|
|-weather|none
|-heal|p2b: Archaludon|100/100|[from] item: Leftovers
|upkeep
|turn|6
|inactive|slopmachine has 30 seconds left.
|
|t:|1785752376
|switch|p2a: Pelipper|Pelipper, L50, M|20/100r
|-weather|RainDance|[from] ability: Drizzle|[of] p2a: Pelipper
|move|p1b: Basculegion|Last Respects|p2a: Pelipper
|-crit|p2a: Pelipper
|-damage|p2a: Pelipper|0 fnt
|faint|p2a: Pelipper
|move|p2b: Archaludon|Electro Shot||[still]
|-prepare|p2b: Archaludon|Electro Shot
|-boost|p2b: Archaludon|spa|1
|-anim|p2b: Archaludon|Electro Shot|p1b: Basculegion
|-supereffective|p1b: Basculegion|1
|-damage|p1b: Basculegion|0 fnt
|faint|p1b: Basculegion
|move|p1a: Incineroar|Parting Shot|p2b: Archaludon
|-unboost|p2b: Archaludon|atk|1
|-unboost|p2b: Archaludon|spa|1
|
|t:|1785752390
|switch|p1a: Charizard|Charizard-Mega-Y, L50, M|100/100|[from] Parting Shot
|-weather|SunnyDay|[from] ability: Drought|[of] p1a: Charizard
|
|-weather|SunnyDay|[upkeep]
|upkeep
|
|t:|1785752398
|switch|p1b: Incineroar|Incineroar, L50, M|7/100
|switch|p2a: Gengar|Gengar-Mega, L50, M|35/100
|-ability|p1b: Incineroar|Intimidate|boost
|-unboost|p2a: Gengar|atk|1
|-unboost|p2b: Archaludon|atk|1
|turn|7
|
|t:|1785752417
|move|p2a: Gengar|Protect|p2a: Gengar
|-singleturn|p2a: Gengar|Protect
|move|p2b: Archaludon|Protect|p2b: Archaludon
|-singleturn|p2b: Archaludon|Protect
|move|p1b: Incineroar|Fake Out|p2b: Archaludon
|-activate|p2b: Archaludon|move: Protect
|move|p1a: Charizard|Heat Wave|p2b: Archaludon|[spread] 
|-activate|p2a: Gengar|move: Protect
|-activate|p2b: Archaludon|move: Protect
|
|-weather|SunnyDay|[upkeep]
|upkeep
|turn|8
|inactive|slopmachine has 30 seconds left.
|
|t:|1785752442
|move|p2a: Gengar|Sludge Bomb|p1b: Incineroar
|-damage|p1b: Incineroar|0 fnt
|faint|p1b: Incineroar
|move|p1a: Charizard|Heat Wave|p2a: Gengar|[spread] p2a,p2b
|-damage|p2a: Gengar|0 fnt
|-damage|p2b: Archaludon|32/100
|faint|p2a: Gengar
|move|p2b: Archaludon|Electro Shot||[still]
|-prepare|p2b: Archaludon|Electro Shot
|-boost|p2b: Archaludon|spa|1
|
|-weather|SunnyDay|[upkeep]
|-heal|p2b: Archaludon|38/100|[from] item: Leftovers
|upkeep
|turn|9
|
|t:|1785752455
|move|p1a: Charizard|Weather Ball|p2b: Archaludon
|-damage|p2b: Archaludon|0 fnt
|faint|p2b: Archaludon
|
|win|slopmachine
|raw|slopmachine's rating: 1209 → 1233(+24 for winning)
|raw|strawhatronin's rating: 1193 → 1169(-24 for losing)
|l|☆strawhatronin
|player|p2|
