|j|☆Alysonz
|j|☆palle synchro
|html|Alysonzpalle synchro    
|uhtml|bestof|Game 2 of a best-of-3
|t:|1783352331
|gametype|doubles
|player|p1|Alysonz|steven|1117
|player|p2|palle synchro|volkner|1094
|gen|9
|tier|[Gen 9 Champions] VGC 2026 Reg M-B (Bo3)
|rated|
|rule|Species Clause: Limit one of each Pokémon
|rule|Item Clause: Limit 1 of each item
|clearpoke
|poke|p1|Gengar, L50, M|
|poke|p1|Whimsicott, L50, M|
|poke|p1|Vanilluxe, L50, F|
|poke|p1|Grimmsnarl, L50, M|
|poke|p1|Scizor, L50, M|
|poke|p1|Greninja, L50, M|
|poke|p2|Swampert, L50, M|
|poke|p2|Pelipper, L50, F|
|poke|p2|Archaludon, L50, F|
|poke|p2|Venusaur, L50, M|
|poke|p2|Maushold-Four, L50|
|poke|p2|Gholdengo, L50|
|teampreview|4
|showteam|p1|Gengar||Gengarite|CursedBody|PerishSong,Protect,AcidSpray,ShadowBall|Timid||M|||50|]Whimsicott||FocusSash|Prankster|Encore,Tailwind,EnergyBall,Moonblast|Timid||M|||50|]Vanilluxe||IcyRock|SnowWarning|FreezeDry,Blizzard,AuroraVeil,Protect|Modest||F|||50|]Grimmsnarl||LightClay|Prankster|PartingShot,Reflect,LightScreen,FakeOut|Impish||M|||50|]Scizor||Leftovers|Technician|BulletPunch,CloseCombat,BugBite,Protect|Adamant||M|||50|]Greninja||Greninjite|Protean|Blizzard,DarkPulse,Surf,SludgeWave|Modest||M|||50|
|showteam|p2|Swampert||Swampertite|Torrent|WaveCrash,HighHorsepower,IcePunch,Protect|Adamant||M|||50|]Pelipper||SitrusBerry|Drizzle|WeatherBall,Hurricane,Tailwind,WideGuard|Modest||F|||50|]Archaludon||Leftovers|Stamina|ElectroShot,DragonPulse,FlashCannon,Protect|Calm||F|||50|]Venusaur||Venusaurite|Chlorophyll|GigaDrain,EarthPower,SludgeBomb,Protect|Modest||M|||50|]Maushold-Four||FocusSash|FriendGuard|FollowMe,SuperFang,RainDance,Protect|Timid|||||50|]Gholdengo||LifeOrb|GoodasGold|MakeItRain,ShadowBall,NastyPlot,Protect|Modest|||||50|
|inactive|Battle timer is ON: inactive players will automatically lose when time's up. (requested by Alysonz)
|inactive|Alysonz has 60 seconds left.
|
|t:|1783352365
|teamsize|p1|4
|teamsize|p2|4
|start
|switch|p1a: Ryuk|Gengar, L50, M|100/100
|switch|p1b: Scizor|Scizor, L50, M|100/100
|switch|p2a: Maushold|Maushold-Four, L50|100/100
|switch|p2b: Gold&go|Gholdengo, L50|100/100
|turn|1
|
|t:|1783352382
|detailschange|p1a: Ryuk|Gengar-Mega, L50, M
|-mega|p1a: Ryuk|Gengar|Gengarite
|move|p2a: Maushold|Protect|p2a: Maushold
|-singleturn|p2a: Maushold|Protect
|move|p1a: Ryuk|Shadow Ball|p2b: Gold&go
|-supereffective|p2b: Gold&go|1
|-damage|p2b: Gold&go|34/100
|move|p2b: Gold&go|Nasty Plot|p2b: Gold&go
|-boost|p2b: Gold&go|spa|2
|move|p1b: Scizor|Close Combat|p2a: Maushold
|-activate|p2a: Maushold|move: Protect
|
|upkeep
|turn|2
|
|t:|1783352400
|move|p2a: Maushold|Follow Me|p2a: Maushold
|-singleturn|p2a: Maushold|move: Follow Me
|move|p1a: Ryuk|Shadow Ball|p2a: Maushold
|-immune|p2a: Maushold
|move|p2b: Gold&go|Shadow Ball|p1a: Ryuk
|-supereffective|p1a: Ryuk|1
|-damage|p1a: Ryuk|0 fnt
|faint|p1a: Ryuk
|-damage|p2b: Gold&go|24/100|[from] item: Life Orb
|move|p1b: Scizor|Close Combat|p2a: Maushold
|-supereffective|p2a: Maushold|1
|-enditem|p2a: Maushold|Focus Sash
|-damage|p2a: Maushold|1/100
|-unboost|p1b: Scizor|def|1
|-unboost|p1b: Scizor|spd|1
|
|upkeep
|
|t:|1783352416
|switch|p1a: Echidna|Whimsicott, L50, M|100/100
|turn|3
|
|t:|1783352427
|switch|p2a: Archaludon|Archaludon, L50, F|100/100
|move|p1b: Scizor|Bullet Punch|p2a: Archaludon
|-resisted|p2a: Archaludon|1
|-damage|p2a: Archaludon|86/100
|-ability|p2a: Archaludon|Stamina|boost
|-boost|p2a: Archaludon|def|1
|move|p1a: Echidna|Moonblast|p2b: Gold&go
|-resisted|p2b: Gold&go|1
|-damage|p2b: Gold&go|5/100
|move|p2b: Gold&go|Make It Rain|p1a: Echidna|[spread] p1a,p1b
|-supereffective|p1a: Echidna|1
|-resisted|p1b: Scizor|1
|-enditem|p1a: Echidna|Focus Sash
|-damage|p1a: Echidna|1/100
|-damage|p1b: Scizor|0 fnt
|-unboost|p2b: Gold&go|spa|2
|faint|p1b: Scizor
|-damage|p2b: Gold&go|0 fnt|[from] item: Life Orb
|faint|p2b: Gold&go
|
|-heal|p2a: Archaludon|92/100|[from] item: Leftovers
|upkeep
|
|t:|1783352447
|switch|p2b: Pelipper|Pelipper, L50, F|100/100
|switch|p1b: Regulus|Vanilluxe, L50, F|100/100
|-weather|Snowscape|[from] ability: Snow Warning|[of] p1b: Regulus
|-weather|RainDance|[from] ability: Drizzle|[of] p2b: Pelipper
|turn|4
|
|t:|1783352458
|switch|p2b: Maushold|Maushold-Four, L50|1/100
|move|p1a: Echidna|Tailwind|p1a: Echidna
|-sidestart|p1: Alysonz|move: Tailwind
|move|p1b: Regulus|Freeze-Dry|p2b: Maushold
|-damage|p2b: Maushold|0 fnt
|faint|p2b: Maushold
|move|p2a: Archaludon|Electro Shot||[still]
|-prepare|p2a: Archaludon|Electro Shot
|-boost|p2a: Archaludon|spa|1
|-anim|p2a: Archaludon|Electro Shot|p1a: Echidna
|-resisted|p1a: Echidna|1
|-damage|p1a: Echidna|0 fnt
|faint|p1a: Echidna
|
|-weather|RainDance|[upkeep]
|-heal|p2a: Archaludon|98/100|[from] item: Leftovers
|upkeep
|
|t:|1783352460
|switch|p2b: Pelipper|Pelipper, L50, F|100/100
|turn|5
|
|t:|1783352475
|move|p1b: Regulus|Freeze-Dry|p2b: Pelipper
|-supereffective|p2b: Pelipper|2
|-damage|p2b: Pelipper|0 fnt
|faint|p2b: Pelipper
|move|p2a: Archaludon|Flash Cannon|p1b: Regulus
|-supereffective|p1b: Regulus|1
|-damage|p1b: Regulus|0 fnt
|faint|p1b: Regulus
|
|win|palle synchro
|raw|Alysonz's rating: 1117 → 1090(-27 for losing)
|raw|palle synchro's rating: 1094 → 1122(+28 for winning)
