|j|â˜†Frisk Azzy
|j|â˜†LittleSunLight
|html|Frisk AzzyLittleSunLight    
|uhtml|bestof|Game 3 of a best-of-3
|t:|1784839387
|gametype|doubles
|player|p1|Frisk Azzy|riley|
|player|p2|LittleSunLight|beauty|
|gen|9
|tier|[Gen 9 Champions] VGC 2026 Reg M-B (Bo3)
|rule|Species Clause: Limit one of each PokÃ©mon
|rule|Item Clause: Limit 1 of each item
|clearpoke
|poke|p1|Charizard, L50, M, shiny|
|poke|p1|Venusaur, L50, M|
|poke|p1|Whimsicott, L50, M|
|poke|p1|Luxray, L50, M, shiny|
|poke|p1|Aegislash, L50, M|
|poke|p1|Garchomp, L50, F, shiny|
|poke|p2|Froslass, L50, F|
|poke|p2|Kingambit, L50, M|
|poke|p2|Ninetales-Alola, L50, M|
|poke|p2|Basculegion, L50, M|
|poke|p2|Sneasler, L50, M|
|poke|p2|Dragonite, L50, M, shiny|
|teampreview|4
|showteam|p1|Charizard||CharizarditeY|SolarPower|AirSlash,HeatWave,Protect,SolarBeam|Timid||M|||50|]Venusaur||LifeOrb|Chlorophyll|GigaDrain,Protect,EarthPower,SludgeBomb|Modest||M|||50|]Whimsicott||FocusSash|Prankster|Taunt,Tailwind,SunnyDay,Moonblast|Timid||M|||50|]Luxray||SitrusBerry|Intimidate|WildCharge,Protect,VoltSwitch,Crunch|Sassy||M|||50|]Aegislash||SpellTag|StanceChange|ShadowSneak,KingsShield,WideGuard,IronHead|Adamant||M|||50|]Garchomp||YacheBerry|RoughSkin|DragonClaw,RockSlide,Earthquake,Protect|Jolly||F|||50|
|showteam|p2|Froslass||Froslassite|CursedBody|FrostBreath,Blizzard,ShadowBall,AuroraVeil|Timid||F|||50|]Kingambit||ChopleBerry|Defiant|Protect,IronHead,SuckerPunch,LowKick|Adamant||M|||50|]Ninetales-Alola||FocusSash|SnowWarning|Blizzard,FreezeDry,RainDance,AuroraVeil|Timid||M|||50|]Basculegion||ChoiceScarf|Adaptability|FlipTurn,WaveCrash,AquaJet,LastRespects|Adamant||M|||50|]Sneasler||WhiteHerb|Unburden|Protect,CloseCombat,DireClaw,FakeOut|Jolly||M|||50|]Dragonite||Dragoninite|Multiscale|Protect,Tailwind,DragonPulse,Flamethrower|Modest||M|||50|
|inactive|Battle timer is ON: inactive players will automatically lose when time's up. (requested by LittleSunLight)
|c|â˜†LittleSunLight|GLHF
|c|â˜†Frisk Azzy|glhf
|inactive|LittleSunLight has 60 seconds left.
|
|t:|1784839423
|teamsize|p1|4
|teamsize|p2|4
|start
|switch|p1a: Dr While|Whimsicott, L50, M|100/100
|switch|p1b: Bow|Garchomp, L50, F, shiny|100/100
|switch|p2a: TMarr|Froslass, L50, F|100/100
|switch|p2b: Mochi|Sneasler, L50, M|100/100
|turn|1
|c|â˜†Frisk Azzy|this has been a close set
|c|â˜†LittleSunLight|for sure
|inactive|LittleSunLight has 30 seconds left.
|inactive|LittleSunLight has 20 seconds left.
|inactive|LittleSunLight has 15 seconds left.
|
|t:|1784839464
|detailschange|p2a: TMarr|Froslass-Mega, L50, F
|-mega|p2a: TMarr|Froslass|Froslassite
|-weather|Snowscape|[from] ability: Snow Warning|[of] p2a: TMarr
|move|p1b: Bow|Protect|p1b: Bow
|-singleturn|p1b: Bow|Protect
|move|p2b: Mochi|Fake Out|p1a: Dr While
|-damage|p1a: Dr While|80/100
|cant|p1a: Dr While|flinch
|move|p2a: TMarr|Blizzard|p1b: Bow|[spread] p1a
|-activate|p1b: Bow|move: Protect
|-supereffective|p1a: Dr While|1
|-damage|p1a: Dr While|0 fnt
|faint|p1a: Dr While
|
|-weather|Snowscape|[upkeep]
|upkeep
|
|t:|1784839480
|switch|p1a: Dragoniod|Charizard, L50, M, shiny|100/100
|turn|2
|
|t:|1784839488
|switch|p2b: Frisk!|Ninetales-Alola, L50, M|100/100
|detailschange|p1a: Dragoniod|Charizard-Mega-Y, L50, M, shiny
|-mega|p1a: Dragoniod|Charizard|Charizardite Y
|-weather|SunnyDay|[from] ability: Drought|[of] p1a: Dragoniod
|move|p2a: TMarr|Blizzard|p1a: Dragoniod|[spread] 
|-miss|p2a: TMarr|p1a: Dragoniod
|-miss|p2a: TMarr|p1b: Bow
|move|p1b: Bow|Earthquake|p2b: Frisk!|[spread] p2a,p2b
|-immune|p1a: Dragoniod
|-damage|p2a: TMarr|34/100
|-damage|p2b: Frisk!|43/100
|move|p1a: Dragoniod|Heat Wave|p2a: TMarr|[spread] p2a,p2b
|-supereffective|p2a: TMarr|1
|-supereffective|p2b: Frisk!|1
|-damage|p2a: TMarr|0 fnt
|-damage|p2b: Frisk!|0 fnt
|faint|p2a: TMarr
|faint|p2b: Frisk!
|
|-weather|SunnyDay|[upkeep]
|upkeep
|
|t:|1784839509
|switch|p2a: Mochi|Sneasler, L50, M|100/100
|switch|p2b: Glitter!|Dragonite, L50, M, shiny|100/100
|turn|3
|
|t:|1784839539
|move|p2a: Mochi|Fake Out|p1b: Bow
|-damage|p1b: Bow|84/100
|-damage|p2a: Mochi|87/100|[from] ability: Rough Skin|[of] p1b: Bow
|cant|p1b: Bow|flinch
|move|p1a: Dragoniod|Air Slash|p2a: Mochi
|-supereffective|p2a: Mochi|1
|-damage|p2a: Mochi|0 fnt
|faint|p2a: Mochi
|move|p2b: Glitter!|Tailwind|p2b: Glitter!
|-sidestart|p2: LittleSunLight|move: Tailwind
|
|-weather|SunnyDay|[upkeep]
|upkeep
|turn|4
|
|t:|1784839557
|move|p2b: Glitter!|Dragon Pulse|p1b: Bow
|-supereffective|p1b: Bow|1
|-damage|p1b: Bow|0 fnt
|faint|p1b: Bow
|move|p1a: Dragoniod|Air Slash|p2b: Glitter!
|-damage|p2b: Glitter!|77/100
|
|-weather|SunnyDay|[upkeep]
|upkeep
|c|â˜†LittleSunLight|oof gg
|
|t:|1784839564
|switch|p1b: Hexcalibern|Aegislash, L50, M|100/100
|turn|5
|
|t:|1784839575
|-formechange|p1b: Hexcalibern|Aegislash-Blade|
|move|p1b: Hexcalibern|Shadow Sneak|p2b: Glitter!
|-damage|p2b: Glitter!|46/100
|move|p2b: Glitter!|Dragon Pulse|p1a: Dragoniod
|-damage|p1a: Dragoniod|56/100
|move|p1a: Dragoniod|Air Slash|p2b: Glitter!
|-damage|p2b: Glitter!|0 fnt
|faint|p2b: Glitter!
|
|win|Frisk Azzy
|c|â˜†Frisk Azzy|ggwp
|c|â˜†LittleSunLight|gg
