|j|☆tipolucha
|j|☆sturmkitten69
|html|tipoluchasturmkitten69    
|uhtml|bestof|Game 2 of a best-of-3
|t:|1783418424
|gametype|doubles
|player|p1|tipolucha|101|1149
|player|p2|sturmkitten69|fisherman-gen4|1074
|gen|9
|tier|[Gen 9 Champions] VGC 2026 Reg M-B (Bo3)
|rated|
|rule|Species Clause: Limit one of each Pokémon
|rule|Item Clause: Limit 1 of each item
|clearpoke
|poke|p1|Whimsicott, L50, F|
|poke|p1|Froslass, L50, F|
|poke|p1|Pelipper, L50, M|
|poke|p1|Incineroar, L50, M|
|poke|p1|Milotic, L50, F|
|poke|p1|Sneasler, L50, F|
|poke|p2|Slowbro-Galar, L50, M|
|poke|p2|Pelipper, L50, F|
|poke|p2|Weavile, L50, M|
|poke|p2|Archaludon, L50, F|
|poke|p2|Farigiraf, L50, F, shiny|
|poke|p2|Delphox, L50, F|
|teampreview|4
|showteam|p1|Whimsicott||FocusSash|Prankster|Tailwind,Encore,Moonblast,FakeTears|Timid||F|||50|]Froslass||Froslassite|SnowCloak|Blizzard,AuroraVeil,ShadowBall,Protect|Timid||F|||50|]Pelipper||SitrusBerry|Drizzle|WideGuard,Protect,WeatherBall,Hurricane|Relaxed||M|||50|]Incineroar||LifeOrb|Blaze|PartingShot,FakeOut,FlareBlitz,DarkestLariat|Adamant||M|||50|]Milotic||MysticWater|Competitive|AlluringVoice,Scald,IcyWind,Protect|Modest||F|||50|]Sneasler||WhiteHerb|Unburden|RockSlide,FakeOut,CloseCombat,DireClaw|Adamant||F|||50|
|showteam|p2|Slowbro-Galar||LifeOrb|QuickDraw|Protect,ShellSideArm,IceBeam,Flamethrower|Modest||M|||50|]Pelipper||SitrusBerry|Drizzle|WideGuard,Hurricane,WeatherBall,Tailwind|Calm||F|||50|]Weavile||FocusSash|Pressure|FakeOut,KnockOff,Protect,IceShard|Adamant||M|||50|]Archaludon||Leftovers|Stamina|DragonPulse,Protect,ElectroShot,FlashCannon|Modest||F|||50|]Farigiraf||ColburBerry|ArmorTail|Psychic,Thunderbolt,HelpingHand,TrickRoom|Bold||F|||50|]Delphox||Delphoxite|Blaze|CalmMind,Protect,HeatWave,Psychic|Modest||F|||50|
|
|t:|1783418466
|teamsize|p1|4
|teamsize|p2|4
|start
|switch|p1a: Sneasler|Sneasler, L50, F|100/100
|switch|p1b: Froslass|Froslass, L50, F|100/100
|switch|p2a: Delphox|Delphox, L50, F|100/100
|switch|p2b: Weavile|Weavile, L50, M|100/100
|-ability|p2b: Weavile|Pressure
|turn|1
|
|t:|1783418480
|switch|p1b: Incineroar|Incineroar, L50, M|100/100
|switch|p2b: Farigiraf|Farigiraf, L50, F, shiny|100/100
|detailschange|p2a: Delphox|Delphox-Mega, L50, F
|-mega|p2a: Delphox|Delphox|Delphoxite
|move|p1a: Sneasler|Fake Out||[still]
|cant|p2b: Farigiraf|ability: Armor Tail|Fake Out|[of] p1a: Sneasler
|move|p2a: Delphox|Calm Mind|p2a: Delphox
|-boost|p2a: Delphox|spa|1
|-boost|p2a: Delphox|spd|1
|
|upkeep
|turn|2
|
|t:|1783418502
|move|p2b: Farigiraf|Helping Hand|p2a: Delphox
|-singleturn|p2a: Delphox|Helping Hand|[of] p2b: Farigiraf
|move|p2a: Delphox|Heat Wave|p1a: Sneasler|[spread] p1a,p1b
|-resisted|p1b: Incineroar|1
|-damage|p1a: Sneasler|0 fnt
|-damage|p1b: Incineroar|49/100
|faint|p1a: Sneasler
|move|p1b: Incineroar|Darkest Lariat|p2a: Delphox
|-supereffective|p2a: Delphox|1
|-damage|p2a: Delphox|0 fnt
|faint|p2a: Delphox
|-damage|p1b: Incineroar|39/100|[from] item: Life Orb
|
|upkeep
|
|t:|1783418518
|switch|p2a: Slowbro|Slowbro-Galar, L50, M|100/100
|switch|p1a: Froslass|Froslass, L50, F|100/100
|turn|3
|-activate|p2a: Slowbro|ability: Quick Draw
|
|t:|1783418530
|detailschange|p1a: Froslass|Froslass-Mega, L50, F
|-mega|p1a: Froslass|Froslass|Froslassite
|-weather|Snowscape|[from] ability: Snow Warning|[of] p1a: Froslass
|move|p2a: Slowbro|Flamethrower|p1a: Froslass
|-supereffective|p1a: Froslass|1
|-damage|p1a: Froslass|6/100
|-damage|p2a: Slowbro|90/100|[from] item: Life Orb
|move|p1a: Froslass|Aurora Veil|p1a: Froslass
|-sidestart|p1: tipolucha|move: Aurora Veil
|move|p1b: Incineroar|Darkest Lariat|p2b: Farigiraf
|-supereffective|p2b: Farigiraf|1
|-crit|p2b: Farigiraf
|-enditem|p2b: Farigiraf|Colbur Berry|[eat]
|-enditem|p2b: Farigiraf|Colbur Berry|[weaken]
|-damage|p2b: Farigiraf|21/100
|-damage|p1b: Incineroar|29/100|[from] item: Life Orb
|move|p2b: Farigiraf|Trick Room|p2b: Farigiraf
|-fieldstart|move: Trick Room|[of] p2b: Farigiraf
|
|-weather|Snowscape|[upkeep]
|upkeep
|turn|4
|
|t:|1783418562
|move|p2a: Slowbro|Shell Side Arm|p1b: Incineroar|[anim] Shell Side Arm Special
|-damage|p1b: Incineroar|0 fnt
|-hint|Special Shell Side Arm
|faint|p1b: Incineroar
|-damage|p2a: Slowbro|80/100|[from] item: Life Orb
|move|p2b: Farigiraf|Thunderbolt|p1a: Froslass
|-damage|p1a: Froslass|0 fnt
|faint|p1a: Froslass
|
|-weather|Snowscape|[upkeep]
|upkeep
|
|t:|1783418577
|switch|p1b: Whimsicott|Whimsicott, L50, F|100/100
|turn|5
|-message|tipolucha forfeited.
|
|win|sturmkitten69
|l|☆tipolucha
|player|p1|
