|j|☆ben harpic
|j|☆SupernovaSZ8
|html|ben harpicSupernovaSZ8    
|uhtml|bestof|Game 2 of a best-of-3
|t:|1757785815
|gametype|doubles
|player|p1|ben harpic|170|1168
|player|p2|SupernovaSZ8|nessa|1239
|gen|9
|tier|[Gen 9] VGC 2025 Reg H (Bo3)
|rated|
|rule|Species Clause: Limit one of each Pokémon
|rule|Item Clause: Limit 1 of each item
|clearpoke
|poke|p1|Archaludon, L50, M|
|poke|p1|Dragapult, L50, M|
|poke|p1|Rillaboom, L50, M|
|poke|p1|Annihilape, L50, F|
|poke|p1|Maushold-Four, L50|
|poke|p1|Weezing, L50, F|
|poke|p2|Indeedee, L50, M|
|poke|p2|Sneasler, L50, F|
|poke|p2|Excadrill, L50, M|
|poke|p2|Magmar, L50, F|
|poke|p2|Corviknight, L50, M|
|poke|p2|Tyranitar, L50, M|
|teampreview|4
|showteam|p1|Archaludon||CovertCloak|Stalwart|DragonTail,Protect,Roar,StealthRock|||M|||50|,,,,,Dragon]Dragapult||LightClay|ClearBody|DragonDarts,Reflect,LightScreen,ThunderWave|||M|||50|,,,,,Steel]Rillaboom||MiracleSeed|GrassySurge|WoodHammer,FakeOut,WorrySeed,GrassyGlide|||M|||50|,,,,,Grass]Annihilape||Leftovers|Defiant|RageFist,Protect,BulkUp,DrainPunch|||F|||50|,,,,,Normal]Maushold-Four||WideLens|FriendGuard|PopulationBomb,Protect,FollowMe,ThunderWave||||||50|,,,,,Ghost]Weezing||WikiBerry|NeutralizingGas|SludgeBomb,Protect,Taunt,WillOWisp|||F|||50|,,,,,Ghost
|showteam|p2|Indeedee||ChoiceScarf|PsychicSurge|ExpandingForce,TeraBlast,Trick,Protect|||M|||50|,,,,,Psychic]Sneasler||WhiteHerb|Unburden|DireClaw,CloseCombat,Coaching,Protect|||F|||50|,,,,,Flying]Excadrill||FocusSash|SandRush|Earthquake,IronHead,SwordsDance,Protect|||M|||50|,,,,,Ground]Magmar||Eviolite|VitalSpirit|HeatWave,FollowMe,HelpingHand,Protect|||F|||50|,,,,,Flying]Corviknight||PsychicSeed|MirrorArmor|BraveBird,PowerTrip,BulkUp,Roost|||M|||50|,,,,,Water]Tyranitar||AssaultVest|SandStream|RockSlide,KnockOff,LowKick,TeraBlast|||M|||50|,,,,,Flying
|
|t:|1757785838
|teamsize|p1|4
|teamsize|p2|4
|start
|switch|p1a: Dragapult|Dragapult, L50, M|100/100
|switch|p1b: Weezing|Weezing, L50, F|100/100
|switch|p2a: Sneasler|Sneasler, L50, F|100/100
|switch|p2b: Excadrill|Excadrill, L50, M|100/100
|-ability|p1b: Weezing|Neutralizing Gas
|turn|1
|
|t:|1757785859
|-terastallize|p2a: Sneasler|Flying
|move|p1a: Dragapult|Thunder Wave|p2a: Sneasler
|-status|p2a: Sneasler|par
|move|p2b: Excadrill|Earthquake|p1a: Dragapult|[spread] p1a,p1b
|-immune|p2a: Sneasler
|-supereffective|p1b: Weezing
|-damage|p1a: Dragapult|50/100
|-damage|p1b: Weezing|30/100
|move|p1b: Weezing|Taunt|p2a: Sneasler
|-start|p2a: Sneasler|move: Taunt
|cant|p2a: Sneasler|move: Taunt|Coaching
|
|upkeep
|turn|2
|
|t:|1757785880
|move|p1b: Weezing|Protect|p1b: Weezing
|-singleturn|p1b: Weezing|Protect
|move|p1a: Dragapult|Reflect|p1a: Dragapult
|-sidestart|p1: ben harpic|Reflect
|move|p2b: Excadrill|Earthquake|p1b: Weezing|[spread] p1a
|-activate|p1b: Weezing|move: Protect
|-immune|p2a: Sneasler
|-damage|p1a: Dragapult|18/100
|move|p2a: Sneasler|Dire Claw|p1b: Weezing
|-activate|p1b: Weezing|move: Protect
|
|upkeep
|turn|3
|
|t:|1757785896
|switch|p1a: Maushold|Maushold-Four, L50|100/100
|-end|p1b: Weezing|ability: Neutralizing Gas
|switch|p1b: Annihilape|Annihilape, L50, F|100/100
|move|p2b: Excadrill|Swords Dance|p2b: Excadrill
|-boost|p2b: Excadrill|atk|2
|move|p2a: Sneasler|Dire Claw|p1b: Annihilape
|-resisted|p1b: Annihilape
|-damage|p1b: Annihilape|90/100
|-status|p1b: Annihilape|psn
|
|-heal|p1b: Annihilape|97/100 psn|[from] item: Leftovers
|-damage|p1b: Annihilape|84/100 psn|[from] psn
|-end|p2a: Sneasler|move: Taunt
|upkeep
|turn|4
|
|t:|1757785937
|move|p1a: Maushold|Population Bomb|p2a: Sneasler
|-crit|p2a: Sneasler
|-damage|p2a: Sneasler|88/100 par
|-damage|p2a: Sneasler|78/100 par
|-damage|p2a: Sneasler|69/100 par
|-damage|p2a: Sneasler|60/100 par
|-damage|p2a: Sneasler|51/100 par
|-damage|p2a: Sneasler|42/100 par
|-damage|p2a: Sneasler|32/100 par
|-damage|p2a: Sneasler|24/100 par
|-damage|p2a: Sneasler|15/100 par
|-damage|p2a: Sneasler|6/100 par
|-hitcount|p2a: Sneasler|10
|move|p2b: Excadrill|Earthquake|p1b: Annihilape|[spread] p1a,p1b
|-immune|p2a: Sneasler
|-damage|p1a: Maushold|22/100
|-damage|p1b: Annihilape|47/100 psn
|move|p1b: Annihilape|Bulk Up|p1b: Annihilape
|-boost|p1b: Annihilape|atk|1
|-boost|p1b: Annihilape|def|1
|move|p2a: Sneasler|Close Combat|p1a: Maushold
|-supereffective|p1a: Maushold
|-damage|p1a: Maushold|0 fnt
|-unboost|p2a: Sneasler|def|1
|-unboost|p2a: Sneasler|spd|1
|faint|p1a: Maushold
|-enditem|p2a: Sneasler|White Herb
|-clearnegativeboost|p2a: Sneasler|[silent]
|
|-heal|p1b: Annihilape|53/100 psn|[from] item: Leftovers
|-damage|p1b: Annihilape|41/100 psn|[from] psn
|upkeep
|
|t:|1757785963
|switch|p1a: Dragapult|Dragapult, L50, M|18/100
|turn|5
|
|t:|1757785976
|move|p2a: Sneasler|Protect|p2a: Sneasler
|-singleturn|p2a: Sneasler|Protect
|move|p1a: Dragapult|Dragon Darts|p2b: Excadrill
|-resisted|p2b: Excadrill
|-damage|p2b: Excadrill|85/100
|-anim|p1a: Dragapult|Dragon Darts|p2b: Excadrill
|-resisted|p2b: Excadrill
|-damage|p2b: Excadrill|71/100
|move|p2b: Excadrill|Earthquake|p1a: Dragapult|[spread] p1a,p1b
|-activate|p2a: Sneasler|move: Protect
|-damage|p1a: Dragapult|0 fnt
|-damage|p1b: Annihilape|6/100 psn
|faint|p1a: Dragapult
|move|p1b: Annihilape|Drain Punch|p2b: Excadrill
|-supereffective|p2b: Excadrill
|-damage|p2b: Excadrill|0 fnt
|-heal|p1b: Annihilape|38/100 psn|[from] drain|[of] p2b: Excadrill
|faint|p2b: Excadrill
|
|-heal|p1b: Annihilape|44/100 psn|[from] item: Leftovers
|-damage|p1b: Annihilape|32/100 psn|[from] psn
|upkeep
|
|t:|1757785996
|switch|p1a: Weezing|Weezing, L50, F|30/100
|switch|p2b: Indeedee|Indeedee, L50, M|100/100
|-ability|p1a: Weezing|Neutralizing Gas
|turn|6
|
|t:|1757786007
|-terastallize|p1b: Annihilape|Normal
|move|p1a: Weezing|Protect|p1a: Weezing
|-singleturn|p1a: Weezing|Protect
|move|p2b: Indeedee|Expanding Force|p1b: Annihilape
|-damage|p1b: Annihilape|4/100 psn
|move|p1b: Annihilape|Drain Punch|p2b: Indeedee
|-damage|p2b: Indeedee|5/100
|-heal|p1b: Annihilape|35/100 psn|[from] drain|[of] p2b: Indeedee
|move|p2a: Sneasler|Dire Claw|p1a: Weezing
|-activate|p1a: Weezing|move: Protect
|
|-heal|p1b: Annihilape|41/100 psn|[from] item: Leftovers
|-damage|p1b: Annihilape|29/100 psn|[from] psn
|upkeep
|turn|7
|
|t:|1757786021
|move|p2b: Indeedee|Expanding Force|p1a: Weezing
|-supereffective|p1a: Weezing
|-damage|p1a: Weezing|0 fnt
|faint|p1a: Weezing
|-end|p1a: Weezing|ability: Neutralizing Gas
|-fieldstart|move: Psychic Terrain|[from] ability: Psychic Surge|[of] p2b: Indeedee
|move|p2a: Sneasler|Close Combat|p1b: Annihilape
|-supereffective|p1b: Annihilape
|-damage|p1b: Annihilape|0 fnt
|-unboost|p2a: Sneasler|def|1
|-unboost|p2a: Sneasler|spd|1
|faint|p1b: Annihilape
|
|win|SupernovaSZ8
|raw|ben harpic's rating: 1168 → 1148(-20 for losing)
|raw|SupernovaSZ8's rating: 1239 → 1259(+20 for winning)
|l|☆ben harpic
|player|p1|
