|j|☆inv2021
|j|☆SHyperdestroyerVGC
|html|inv2021SHyperdestroyerVGC    
|uhtml|bestof|Game 3 of a best-of-3
|t:|1783523501
|gametype|doubles
|player|p1|inv2021|266|1200
|player|p2|SHyperdestroyerVGC|lady|1180
|gen|9
|tier|[Gen 9 Champions] VGC 2026 Reg M-B (Bo3)
|rated|
|rule|Species Clause: Limit one of each Pokémon
|rule|Item Clause: Limit 1 of each item
|clearpoke
|poke|p1|Swampert, L50, M|
|poke|p1|Pelipper, L50, M|
|poke|p1|Sableye, L50, M|
|poke|p1|Archaludon, L50, F|
|poke|p1|Sinistcha, L50|
|poke|p1|Mawile, L50, F|
|poke|p2|Froslass, L50, F|
|poke|p2|Kingambit, L50, M|
|poke|p2|Sneasler, L50, M|
|poke|p2|Rotom-Heat, L50|
|poke|p2|Whimsicott, L50, M|
|poke|p2|Basculegion, L50, M|
|teampreview|4
|showteam|p1|Swampert||Swampertite|Damp|WaveCrash,HighHorsepower,RockSlide,Protect|Adamant||M|||50|]Pelipper||FocusSash|Drizzle|Hurricane,WeatherBall,Tailwind,WideGuard|Modest||M|||50|]Sableye||LightClay|Prankster|LightScreen,Reflect,RainDance,Quash|Calm||M|||50|]Archaludon||Leftovers|Stamina|FlashCannon,DragonPulse,ElectroShot,Protect|Modest||F|||50|]Sinistcha||CobaBerry|Hospitality|MatchaGotcha,LifeDew,RagePowder,TrickRoom|Sassy|||||50|]Mawile||Mawilite|Intimidate|PlayRough,SuckerPunch,SwordsDance,Protect|Adamant||F|||50|
|showteam|p2|Froslass||Froslassite|SnowCloak|Blizzard,AuroraVeil,ShadowBall,Protect|Timid||F|||50|]Kingambit||BlackGlasses|Defiant|KowtowCleave,SuckerPunch,IronHead,Protect|Adamant||M|||50|]Sneasler||WhiteHerb|Unburden|FakeOut,DireClaw,CloseCombat,Protect|Adamant||M|||50|]Rotom-Heat||SitrusBerry|Levitate|Overheat,Thunderbolt,VoltSwitch,Protect|Timid|||||50|]Whimsicott||FocusSash|Prankster|Tailwind,Encore,EnergyBall,Protect|Timid||M|||50|]Basculegion||MysticWater|Adaptability|WaveCrash,LastRespects,AquaJet,Protect|Adamant||M|||50|
|inactive|Battle timer is ON: inactive players will automatically lose when time's up. (requested by inv2021)
|inactive|inv2021 has 60 seconds left.
|
|t:|1783523572
|teamsize|p1|4
|teamsize|p2|4
|start
|switch|p1a: Archaludon|Archaludon, L50, F|100/100
|switch|p1b: Pelipper|Pelipper, L50, M|100/100
|switch|p2a: Sneasler|Sneasler, L50, M|100/100
|switch|p2b: Kingambit|Kingambit, L50, M|100/100
|-weather|RainDance|[from] ability: Drizzle|[of] p1b: Pelipper
|turn|1
|inactive|inv2021 has 30 seconds left.
|
|t:|1783523600
|switch|p1b: Sinistcha|Sinistcha, L50|100/100
|move|p1a: Archaludon|Protect|p1a: Archaludon
|-singleturn|p1a: Archaludon|Protect
|move|p2a: Sneasler|Fake Out|p1b: Sinistcha
|-immune|p1b: Sinistcha
|move|p2b: Kingambit|Kowtow Cleave|p1b: Sinistcha
|-supereffective|p1b: Sinistcha|1
|-damage|p1b: Sinistcha|0 fnt
|faint|p1b: Sinistcha
|
|-weather|RainDance|[upkeep]
|upkeep
|
|t:|1783523609
|switch|p1b: Swampert|Swampert, L50, M|100/100
|turn|2
|
|t:|1783523618
|switch|p1a: Pelipper|Pelipper, L50, M|100/100
|detailschange|p1b: Swampert|Swampert-Mega, L50, M
|-mega|p1b: Swampert|Swampert|Swampertite
|move|p2a: Sneasler|Protect|p2a: Sneasler
|-singleturn|p2a: Sneasler|Protect
|move|p1b: Swampert|High Horsepower|p2b: Kingambit
|-supereffective|p2b: Kingambit|1
|-damage|p2b: Kingambit|7/100
|move|p2b: Kingambit|Kowtow Cleave|p1b: Swampert
|-damage|p1b: Swampert|46/100
|
|-weather|RainDance|[upkeep]
|upkeep
|turn|3
|
|t:|1783523642
|switch|p2a: Whimsicott|Whimsicott, L50, M|100/100
|move|p2b: Kingambit|Sucker Punch|p1b: Swampert
|-damage|p1b: Swampert|1/100
|move|p1b: Swampert|High Horsepower|p2a: Whimsicott
|-resisted|p2a: Whimsicott|1
|-damage|p2a: Whimsicott|67/100
|move|p1a: Pelipper|Tailwind|p1a: Pelipper
|-sidestart|p1: inv2021|move: Tailwind
|
|-weather|RainDance|[upkeep]
|upkeep
|turn|4
|
|t:|1783523663
|switch|p1b: Archaludon|Archaludon, L50, F|100/100
|move|p2a: Whimsicott|Encore|p1a: Pelipper
|-start|p1a: Pelipper|Encore
|move|p2b: Kingambit|Sucker Punch||[still]
|-fail|p2b: Kingambit
|move|p1a: Pelipper|Tailwind||[still]
|-fail|p1a: Pelipper
|
|-weather|RainDance|[upkeep]
|upkeep
|turn|5
|
|t:|1783523677
|switch|p2b: Froslass|Froslass, L50, F|100/100
|move|p1b: Archaludon|Electro Shot||[still]
|-prepare|p1b: Archaludon|Electro Shot
|-boost|p1b: Archaludon|spa|1
|-anim|p1b: Archaludon|Electro Shot|p2b: Froslass
|-damage|p2b: Froslass|10/100
|move|p2a: Whimsicott|Energy Ball|p1a: Pelipper
|-damage|p1a: Pelipper|66/100
|move|p1a: Pelipper|Tailwind||[still]
|-fail|p1a: Pelipper
|
|-weather|none
|upkeep
|turn|6
|inactive|inv2021 has 30 seconds left.
|inactive|inv2021 has 20 seconds left.
|inactive|inv2021 has 15 seconds left.
|inactive|inv2021 has 10 seconds left.
|inactive|inv2021 has 5 seconds left.
|
|t:|1783523732
|detailschange|p2b: Froslass|Froslass-Mega, L50, F
|-mega|p2b: Froslass|Froslass|Froslassite
|-weather|Snowscape|[from] ability: Snow Warning|[of] p2b: Froslass
|move|p2a: Whimsicott|Encore|p1b: Archaludon
|-start|p1b: Archaludon|Encore
|move|p1b: Archaludon|Electro Shot||[still]
|-prepare|p1b: Archaludon|Electro Shot
|-boost|p1b: Archaludon|spa|1
|move|p2b: Froslass|Blizzard|p1b: Archaludon|[spread] p1a,p1b
|-damage|p1a: Pelipper|4/100
|-damage|p1b: Archaludon|58/100
|-ability|p1b: Archaludon|Stamina|boost
|-boost|p1b: Archaludon|def|1
|move|p1a: Pelipper|Tailwind||[still]
|-fail|p1a: Pelipper
|
|-weather|Snowscape|[upkeep]
|-heal|p1b: Archaludon|65/100|[from] item: Leftovers
|-end|p1a: Pelipper|Encore
|-sideend|p1: inv2021|move: Tailwind
|upkeep
|turn|7
|inactive|inv2021 has 30 seconds left.
|inactive|inv2021 has 20 seconds left.
|inactive|inv2021 has 15 seconds left.
|inactive|inv2021 has 10 seconds left.
|inactive|inv2021 has 5 seconds left.
|
|t:|1783523788
|move|p2b: Froslass|Protect|p2b: Froslass
|-singleturn|p2b: Froslass|Protect
|move|p2a: Whimsicott|Energy Ball|p1a: Pelipper
|-damage|p1a: Pelipper|0 fnt
|faint|p1a: Pelipper
|move|p1b: Archaludon|Electro Shot|p2a: Whimsicott|[from] lockedmove
|-resisted|p2a: Whimsicott|1
|-damage|p2a: Whimsicott|14/100
|
|-weather|Snowscape|[upkeep]
|-heal|p1b: Archaludon|71/100|[from] item: Leftovers
|upkeep
|
|t:|1783523806
|switch|p1a: Swampert|Swampert-Mega, L50, M|1/100
|turn|8
|
|t:|1783523819
|move|p2b: Froslass|Blizzard|p1b: Archaludon|[spread] p1a,p1b
|-crit|p1b: Archaludon
|-damage|p1a: Swampert|0 fnt
|-damage|p1b: Archaludon|10/100
|-ability|p1b: Archaludon|Stamina|boost
|-boost|p1b: Archaludon|def|1
|faint|p1a: Swampert
|move|p2a: Whimsicott|Energy Ball|p1b: Archaludon
|-resisted|p1b: Archaludon|2
|-damage|p1b: Archaludon|4/100
|-ability|p1b: Archaludon|Stamina|boost
|-boost|p1b: Archaludon|def|1
|move|p1b: Archaludon|Electro Shot||[still]
|-prepare|p1b: Archaludon|Electro Shot
|-boost|p1b: Archaludon|spa|1
|
|-weather|Snowscape|[upkeep]
|-heal|p1b: Archaludon|10/100|[from] item: Leftovers
|-end|p1b: Archaludon|Encore
|upkeep
|turn|9
|
|t:|1783523833
|move|p2a: Whimsicott|Encore|p1b: Archaludon
|-start|p1b: Archaludon|Encore
|move|p2b: Froslass|Blizzard|p1b: Archaludon
|-damage|p1b: Archaludon|0 fnt
|faint|p1b: Archaludon
|
|win|SHyperdestroyerVGC
|raw|inv2021's rating: 1200 → 1174(-26 for losing)
|raw|SHyperdestroyerVGC's rating: 1180 → 1206(+26 for winning)
|l|☆inv2021
|player|p1|
