|j|☆aviles0036
|j|☆OhNoValentine
|html|aviles0036OhNoValentine    
|uhtml|bestof|Game 1 of a best-of-3
|t:|1756993370
|gametype|doubles
|player|p1|aviles0036|noland-gen3|1273
|player|p2|OhNoValentine|170|1200
|gen|9
|tier|[Gen 9] VGC 2025 Reg H (Bo3)
|rated|
|rule|Species Clause: Limit one of each Pokémon
|rule|Item Clause: Limit 1 of each item
|clearpoke
|poke|p1|Amoonguss, L50, F|
|poke|p1|Sneasler, L50, M|
|poke|p1|Gholdengo, L50|
|poke|p1|Incineroar, L50, M|
|poke|p1|Ursaluna-Bloodmoon, L50, M|
|poke|p1|Dragonite, L50, F|
|poke|p2|Talonflame, L50, F|
|poke|p2|Rillaboom, L50, F|
|poke|p2|Primarina, L50, M|
|poke|p2|Sneasler, L50, F|
|poke|p2|Dragonite, L50, F|
|poke|p2|Gholdengo, L50|
|teampreview|4
|showteam|p1|Amoonguss||SitrusBerry|Regenerator|RagePowder,Spore,ClearSmog,Protect|||F|||50|,,,,,Psychic]Sneasler||FocusSash|Unburden|Protect,DireClaw,CloseCombat,ThroatChop|||M|||50|,,,,,Stellar]Gholdengo||LifeOrb|GoodasGold|Protect,MakeItRain,ShadowBall,NastyPlot||||||50|,,,,,Water]Incineroar||SafetyGoggles|Intimidate|KnockOff,PartingShot,FlareBlitz,FakeOut|||M|||50|,,,,,Ghost]Ursaluna-Bloodmoon||AssaultVest|MindsEye|BloodMoon,EarthPower,VacuumWave,HyperVoice|||M|||50|,,,,,Water]Dragonite||LoadedDice|Multiscale|ScaleShot,Tailwind,TeraBlast,Protect|||F|||50|,,,,,Fairy
|showteam|p2|Talonflame||CovertCloak|GaleWings|BraveBird,Tailwind,WillOWisp,Taunt|||F|||50|,,,,,Flying]Rillaboom||AssaultVest|GrassySurge|FakeOut,WoodHammer,Uturn,GrassyGlide|||F|||50|,,,,,Fire]Primarina||ThroatSpray|LiquidVoice|HyperVoice,Haze,Moonblast,Protect|||M|||50|,,,,,Steel]Sneasler||GrassySeed|Unburden|Protect,CloseCombat,DireClaw,ThroatChop|||F|||50|,,,,,Dark]Dragonite||ChoiceBand|InnerFocus|ExtremeSpeed,Outrage,IceSpinner,StompingTantrum|||F|||50|,,,,,Normal]Gholdengo||LifeOrb|GoodasGold|MakeItRain,ShadowBall,NastyPlot,Protect||||||50|,,,,,Water
|
|t:|1756993414
|teamsize|p1|4
|teamsize|p2|4
|start
|switch|p1a: Gholdengo|Gholdengo, L50|100/100
|switch|p1b: Incineroar|Incineroar, L50, M|100/100
|switch|p2a: Gholdengo|Gholdengo, L50, shiny|100/100
|switch|p2b: Rillaboom|Rillaboom, L50, F|100/100
|-fieldstart|move: Grassy Terrain|[from] ability: Grassy Surge|[of] p2b: Rillaboom
|-ability|p1b: Incineroar|Intimidate|boost
|-unboost|p2a: Gholdengo|atk|1
|-unboost|p2b: Rillaboom|atk|1
|turn|1
|inactive|Battle timer is ON: inactive players will automatically lose when time's up. (requested by aviles0036)
|
|t:|1756993453
|-terastallize|p2a: Gholdengo|Water
|move|p2a: Gholdengo|Nasty Plot|p2a: Gholdengo
|-boost|p2a: Gholdengo|spa|2
|move|p1a: Gholdengo|Nasty Plot|p1a: Gholdengo
|-boost|p1a: Gholdengo|spa|2
|move|p2b: Rillaboom|Wood Hammer|p1a: Gholdengo
|-resisted|p1a: Gholdengo
|-damage|p1a: Gholdengo|69/100
|-damage|p2b: Rillaboom|91/100|[from] Recoil
|move|p1b: Incineroar|Flare Blitz|p2b: Rillaboom
|-supereffective|p2b: Rillaboom
|-damage|p2b: Rillaboom|0 fnt
|faint|p2b: Rillaboom
|-damage|p1b: Incineroar|71/100|[from] Recoil
|
|-heal|p1a: Gholdengo|75/100|[from] Grassy Terrain
|-heal|p1b: Incineroar|77/100|[from] Grassy Terrain
|upkeep
|
|t:|1756993459
|switch|p2b: Talonflame|Talonflame, L50, F|100/100
|turn|2
|
|t:|1756993480
|move|p1a: Gholdengo|Protect|p1a: Gholdengo
|-singleturn|p1a: Gholdengo|Protect
|move|p2b: Talonflame|Tailwind|p2b: Talonflame
|-sidestart|p2: OhNoValentine|move: Tailwind
|move|p2a: Gholdengo|Nasty Plot|p2a: Gholdengo
|-boost|p2a: Gholdengo|spa|2
|move|p1b: Incineroar|Knock Off|p2a: Gholdengo
|-damage|p2a: Gholdengo|50/100
|-enditem|p2a: Gholdengo|Life Orb|[from] move: Knock Off|[of] p1b: Incineroar
|
|-heal|p2a: Gholdengo|56/100|[from] Grassy Terrain
|-heal|p1a: Gholdengo|81/100|[from] Grassy Terrain
|-heal|p1b: Incineroar|83/100|[from] Grassy Terrain
|upkeep
|turn|3
|
|t:|1756993494
|move|p1a: Gholdengo|Protect||[still]
|-fail|p1a: Gholdengo
|move|p2b: Talonflame|Taunt|p1b: Incineroar
|-start|p1b: Incineroar|move: Taunt
|move|p2a: Gholdengo|Shadow Ball|p1a: Gholdengo
|-supereffective|p1a: Gholdengo
|-crit|p1a: Gholdengo
|-damage|p1a: Gholdengo|0 fnt
|faint|p1a: Gholdengo
|move|p1b: Incineroar|Knock Off|p2a: Gholdengo
|-damage|p2a: Gholdengo|21/100
|
|-heal|p2a: Gholdengo|27/100|[from] Grassy Terrain
|-heal|p1b: Incineroar|89/100|[from] Grassy Terrain
|upkeep
|
|t:|1756993502
|switch|p1a: Dragonite|Dragonite, L50, F|100/100
|turn|4
|
|t:|1756993512
|move|p1a: Dragonite|Protect|p1a: Dragonite
|-singleturn|p1a: Dragonite|Protect
|move|p2b: Talonflame|Brave Bird|p1b: Incineroar
|-damage|p1b: Incineroar|43/100
|-damage|p2b: Talonflame|80/100|[from] Recoil
|move|p2a: Gholdengo|Make It Rain|p1b: Incineroar|[spread] p1b
|-activate|p1a: Dragonite|move: Protect
|-resisted|p1b: Incineroar
|-damage|p1b: Incineroar|0 fnt
|-unboost|p2a: Gholdengo|spa|1
|faint|p1b: Incineroar
|
|-heal|p2a: Gholdengo|33/100|[from] Grassy Terrain
|upkeep
|
|t:|1756993520
|switch|p1b: Sneasler|Sneasler, L50, M|100/100
|turn|5
|
|t:|1756993530
|-terastallize|p1b: Sneasler|Stellar
|move|p2b: Talonflame|Brave Bird|p1a: Dragonite
|-damage|p1a: Dragonite|75/100
|-damage|p2b: Talonflame|71/100|[from] Recoil
|move|p2a: Gholdengo|Make It Rain|p1a: Dragonite|[spread] p1a,p1b
|-damage|p1a: Dragonite|0 fnt
|-enditem|p1b: Sneasler|Focus Sash
|-damage|p1b: Sneasler|1/100
|-unboost|p2a: Gholdengo|spa|1
|faint|p1a: Dragonite
|move|p1b: Sneasler|Dire Claw|p2b: Talonflame
|-damage|p2b: Talonflame|0 fnt
|faint|p2b: Talonflame
|
|-heal|p1b: Sneasler|7/100|[from] Grassy Terrain
|-heal|p2a: Gholdengo|39/100|[from] Grassy Terrain
|-sideend|p2: OhNoValentine|move: Tailwind
|-fieldend|move: Grassy Terrain
|upkeep
|
|t:|1756993537
|switch|p2b: Dragonite|Dragonite, L50, F|100/100
|turn|6
|
|t:|1756993542
|move|p2b: Dragonite|Extreme Speed|p1b: Sneasler
|-damage|p1b: Sneasler|0 fnt
|faint|p1b: Sneasler
|
|win|OhNoValentine
