|j|☆NoCalcsJustVibes
|j|☆AndySB
|html|NoCalcsJustVibesAndySB    
|uhtml|bestof|Game 1 of a best-of-3
|t:|1757780698
|gametype|doubles
|player|p1|NoCalcsJustVibes|gambler|1266
|player|p2|AndySB|2|1142
|gen|9
|tier|[Gen 9] VGC 2025 Reg H (Bo3)
|rated|
|rule|Species Clause: Limit one of each Pokémon
|rule|Item Clause: Limit 1 of each item
|clearpoke
|poke|p1|Pelipper, L50, F|
|poke|p1|Archaludon, L50, F|
|poke|p1|Basculegion, L50, M|
|poke|p1|Sinistcha, L50|
|poke|p1|Electrode-Hisui, L50|
|poke|p1|Incineroar, L50, F|
|poke|p2|Incineroar, L50, M|
|poke|p2|Weezing-Galar, L50, F|
|poke|p2|Dondozo, L50, M|
|poke|p2|Tatsugiri-Droopy, L50, M|
|teampreview|4
|showteam|p1|Pelipper||FocusSash|Drizzle|WeatherBall,Hurricane,Tailwind,WideGuard|||F|||50|,,,,,Ghost]Archaludon||AssaultVest|Stamina|ElectroShot,BodyPress,FlashCannon,DragonPulse|||F|||50|,,,,,Bug]Basculegion||ChoiceBand|SwiftSwim|WaveCrash,FlipTurn,LastRespects,AquaJet|||M|||50|,,,,,Water]Sinistcha||SitrusBerry|Hospitality|MatchaGotcha,RagePowder,TrickRoom,LifeDew||||||50|,,,,,Dark]Electrode-Hisui||LoadedDice|Soundproof|BulletSeed,ThunderWave,Taunt,RainDance||||||50|,,,,,Ghost]Incineroar||SafetyGoggles|Intimidate|FlareBlitz,KnockOff,FakeOut,PartingShot|||F|||50|,,,,,Ghost
|showteam|p2|Incineroar||CovertCloak|Intimidate|FakeOut,FlareBlitz,KnockOff,PartingShot|||M|||50|,,,,,Grass]Weezing-Galar||RockyHelmet|NeutralizingGas|DazzlingGleam,ToxicSpikes,PoisonGas,Protect|||F|||50|,,,,,Water]Dondozo||Leftovers|Unaware|OrderUp,BodyPress,Earthquake,Protect|||M|||50|,,,,,Grass]Tatsugiri-Droopy||FocusSash|Commander|DracoMeteor,MuddyWater,HelpingHand,Protect|||M|||50|,,,,,Fairy
|inactive|Battle timer is ON: inactive players will automatically lose when time's up. (requested by NoCalcsJustVibes)
|c|☆NoCalcsJustVibes|err
|c|☆NoCalcsJustVibes|you seem to be missing 2 mons
|inactive|NoCalcsJustVibes has 60 seconds left.
|
|t:|1757780731
|teamsize|p1|4
|teamsize|p2|4
|start
|switch|p1a: Electrode|Electrode-Hisui, L50|100/100
|switch|p1b: Archaludon|Archaludon, L50, F|100/100
|switch|p2a: Weezing|Weezing-Galar, L50, F|100/100
|switch|p2b: Incineroar|Incineroar, L50, M|100/100
|-ability|p2a: Weezing|Neutralizing Gas
|turn|1
|inactive|NoCalcsJustVibes has 30 seconds left.
|inactive|AndySB has 30 seconds left.
|inactive|AndySB has 20 seconds left.
|inactive|AndySB has 15 seconds left.
|inactive|AndySB has 10 seconds left.
|
|t:|1757780779
|-terastallize|p1a: Electrode|Ghost
|move|p2a: Weezing|Protect|p2a: Weezing
|-singleturn|p2a: Weezing|Protect
|move|p1a: Electrode|Taunt|p2a: Weezing
|-activate|p2a: Weezing|move: Protect
|move|p1b: Archaludon|Dragon Pulse|p2b: Incineroar
|-damage|p2b: Incineroar|64/100
|move|p2b: Incineroar|Flare Blitz|p1a: Electrode
|-damage|p1a: Electrode|28/100
|-damage|p2b: Incineroar|45/100|[from] Recoil
|
|upkeep
|turn|2
|
|t:|1757780803
|-end|p2a: Weezing|ability: Neutralizing Gas
|-ability|p2b: Incineroar|Intimidate|boost
|-unboost|p1a: Electrode|atk|1
|-unboost|p1b: Archaludon|atk|1
|switch|p2a: Tatsugiri|Tatsugiri-Droopy, L50, M|100/100
|move|p1a: Electrode|Rain Dance|p1a: Electrode
|-weather|RainDance
|move|p1b: Archaludon|Electro Shot||[still]
|-prepare|p1b: Archaludon|Electro Shot
|-boost|p1b: Archaludon|spa|1
|-anim|p1b: Archaludon|Electro Shot|p2b: Incineroar
|-damage|p2b: Incineroar|0 fnt
|faint|p2b: Incineroar
|
|-weather|RainDance|[upkeep]
|upkeep
|
|t:|1757780824
|switch|p2b: Weezing|Weezing-Galar, L50, F|100/100
|-ability|p2b: Weezing|Neutralizing Gas
|turn|3
|
|t:|1757780839
|-terastallize|p2a: Tatsugiri|Fairy
|move|p2b: Weezing|Protect|p2b: Weezing
|-singleturn|p2b: Weezing|Protect
|move|p1a: Electrode|Bullet Seed|p1b: Archaludon
|-resisted|p1b: Archaludon
|-damage|p1b: Archaludon|99/100
|-resisted|p1b: Archaludon
|-damage|p1b: Archaludon|99/100
|-resisted|p1b: Archaludon
|-damage|p1b: Archaludon|99/100
|-resisted|p1b: Archaludon
|-damage|p1b: Archaludon|98/100
|-resisted|p1b: Archaludon
|-damage|p1b: Archaludon|98/100
|-hitcount|p1b: Archaludon|5
|move|p2a: Tatsugiri|Muddy Water|p1a: Electrode|[spread] p1a,p1b
|-resisted|p1b: Archaludon
|-damage|p1a: Electrode|0 fnt
|-damage|p1b: Archaludon|81/100
|-unboost|p1b: Archaludon|accuracy|1
|faint|p1a: Electrode
|move|p1b: Archaludon|Electro Shot||[still]
|-prepare|p1b: Archaludon|Electro Shot
|-boost|p1b: Archaludon|spa|1
|-anim|p1b: Archaludon|Electro Shot|p2b: Weezing
|-activate|p2b: Weezing|move: Protect
|
|-weather|RainDance|[upkeep]
|upkeep
|
|t:|1757780849
|switch|p1a: Sinistcha|Sinistcha, L50|100/100
|turn|4
|
|t:|1757780867
|move|p2a: Tatsugiri|Muddy Water|p1b: Archaludon|[spread] p1a
|-miss|p2a: Tatsugiri|p1b: Archaludon
|-resisted|p1a: Sinistcha
|-damage|p1a: Sinistcha|74/100
|move|p1b: Archaludon|Flash Cannon|p2a: Tatsugiri
|-supereffective|p2a: Tatsugiri
|-enditem|p2a: Tatsugiri|Focus Sash
|-damage|p2a: Tatsugiri|1/100
|move|p1a: Sinistcha|Matcha Gotcha|p2a: Tatsugiri|[spread] p2a,p2b
|-resisted|p2b: Weezing
|-damage|p2a: Tatsugiri|0 fnt
|-heal|p1a: Sinistcha|74/100|[from] drain|[of] p2a: Tatsugiri
|-damage|p2b: Weezing|86/100
|-heal|p1a: Sinistcha|81/100|[from] drain|[of] p2b: Weezing
|faint|p2a: Tatsugiri
|move|p2b: Weezing|Poison Gas|p1b: Archaludon|[spread] p1a,p1b
|-status|p1a: Sinistcha|psn
|-immune|p1b: Archaludon
|
|-weather|RainDance|[upkeep]
|-damage|p1a: Sinistcha|68/100 psn|[from] psn
|upkeep
|
|t:|1757780887
|switch|p2a: Dondozo|Dondozo, L50, M|100/100
|turn|5
|
|t:|1757780904
|switch|p1a: Incineroar|Incineroar, L50, F|100/100
|move|p1b: Archaludon|Electro Shot||[still]
|-prepare|p1b: Archaludon|Electro Shot
|-boost|p1b: Archaludon|spa|1
|-anim|p1b: Archaludon|Electro Shot|p2a: Dondozo
|-supereffective|p2a: Dondozo
|-damage|p2a: Dondozo|0 fnt
|faint|p2a: Dondozo
|move|p2b: Weezing|Dazzling Gleam|p1a: Incineroar|[spread] p1a,p1b
|-damage|p1a: Incineroar|86/100
|-damage|p1b: Archaludon|68/100
|
|-weather|RainDance|[upkeep]
|upkeep
|turn|6
|
|t:|1757780910
|switch|p1a: Sinistcha|Sinistcha, L50|68/100 psn
|move|p1b: Archaludon|Flash Cannon|p2b: Weezing
|-supereffective|p2b: Weezing
|-damage|p2b: Weezing|0 fnt
|faint|p2b: Weezing
|-end|p2b: Weezing|ability: Neutralizing Gas
|-heal|p1b: Archaludon|93/100|[from] ability: Hospitality|[of] p1a: Sinistcha
|
|win|NoCalcsJustVibes
||AndySB is ready for game 2.
||NoCalcsJustVibes is ready for game 2.
|uhtml|next|Next: Game 2 of 3
