|j|☆the killer1234
|j|☆lux raimundi
|html|the killer1234lux raimundi    
|uhtml|bestof|Game 2 of a best-of-3
|t:|1784237908
|gametype|doubles
|player|p1|the killer1234|170|1132
|player|p2|lux raimundi|2|1055
|gen|9
|tier|[Gen 9 Champions] VGC 2026 Reg M-B (Bo3)
|rated|
|rule|Species Clause: Limit one of each Pokémon
|rule|Item Clause: Limit 1 of each item
|clearpoke
|poke|p1|Charizard, L50, F|
|poke|p1|Tyranitar, L50, F|
|poke|p1|Milotic, L50, M|
|poke|p1|Incineroar, L50, F|
|poke|p1|Sinistcha, L50|
|poke|p1|Sneasler, L50, M|
|poke|p2|Sneasler, L50, M|
|poke|p2|Blastoise, L50, M|
|poke|p2|Kingambit, L50, M|
|poke|p2|Incineroar, L50, M|
|poke|p2|Delphox, L50, F|
|poke|p2|Sinistcha, L50|
|teampreview|4
|showteam|p1|Charizard||CharizarditeY|Blaze|HeatWave,WeatherBall,SolarBeam,Protect|Modest||F|||50|]Tyranitar||Tyranitarite|SandStream|RockSlide,Crunch,Protect,HighHorsepower|Adamant||F|||50|]Milotic||Leftovers|Competitive|IcyWind,Scald,Protect,Recover|Calm||M|||50|]Incineroar||SitrusBerry|Intimidate|FakeOut,FlareBlitz,PartingShot,ThroatChop|Adamant||F|||50|]Sinistcha||CobaBerry|Hospitality|MatchaGotcha,RagePowder,LifeDew,TrickRoom|Bold|||||50|]Sneasler||WhiteHerb|Unburden|FakeOut,CloseCombat,DireClaw,Coaching|Adamant||M|||50|
|showteam|p2|Sneasler||FocusSash|PoisonTouch|PoisonJab,CloseCombat,FakeOut,QuickGuard|Jolly||M|||50|]Blastoise||Blastoisinite|RainDish|DarkPulse,WaterSpout,ShellSmash,Protect|Modest||M|||50|]Kingambit||BlackGlasses|Defiant|KowtowCleave,SuckerPunch,SwordsDance,Protect|Adamant||M|||50|]Incineroar||SitrusBerry|Intimidate|FlareBlitz,HelpingHand,PartingShot,FakeOut|Careful||M|||50|]Delphox||Delphoxite|Blaze|HeatWave,NastyPlot,Psyshock,Protect|Modest||F|||50|]Sinistcha||KasibBerry|Hospitality|MatchaGotcha,RagePowder,TrickRoom,Protect|Bold|||||50|
|inactive|Battle timer is ON: inactive players will automatically lose when time's up. (requested by the killer1234)
|inactive|the killer1234 has 60 seconds left.
|inactive|the killer1234 has 30 seconds left.
|
|t:|1784237976
|teamsize|p1|4
|teamsize|p2|4
|start
|switch|p1a: Sinistcha|Sinistcha, L50|100/100
|switch|p1b: Sneasler|Sneasler, L50, M|100/100
|switch|p2a: Sneasler|Sneasler, L50, M|100/100
|switch|p2b: Blastoise|Blastoise, L50, M|100/100
|turn|1
|
|t:|1784237997
|detailschange|p2b: Blastoise|Blastoise-Mega, L50, M
|-mega|p2b: Blastoise|Blastoise|Blastoisinite
|move|p2a: Sneasler|Fake Out|p1b: Sneasler
|-damage|p1b: Sneasler|74/100
|cant|p1b: Sneasler|flinch
|move|p2b: Blastoise|Dark Pulse|p1a: Sinistcha
|-supereffective|p1a: Sinistcha|1
|-damage|p1a: Sinistcha|18/100
|move|p1a: Sinistcha|Trick Room|p1a: Sinistcha
|-fieldstart|move: Trick Room|[of] p1a: Sinistcha
|
|upkeep
|turn|2
|inactive|the killer1234 has 30 seconds left.
|
|t:|1784238027
|switch|p1a: Tyranitar|Tyranitar, L50, F|100/100
|-weather|Sandstorm|[from] ability: Sand Stream|[of] p1a: Tyranitar
|switch|p2a: Sinistcha|Sinistcha, L50|100/100
|move|p2b: Blastoise|Water Spout|p1b: Sneasler|[spread] p1a,p1b
|-supereffective|p1a: Tyranitar|1
|-damage|p1a: Tyranitar|15/100
|-damage|p1b: Sneasler|0 fnt
|faint|p1b: Sneasler
|
|-weather|Sandstorm|[upkeep]
|-damage|p2a: Sinistcha|93/100|[from] Sandstorm
|-damage|p2b: Blastoise|94/100|[from] Sandstorm
|upkeep
|
|t:|1784238046
|switch|p1b: Sinistcha|Sinistcha, L50|18/100
|-heal|p1a: Tyranitar|40/100|[from] ability: Hospitality|[of] p1b: Sinistcha
|turn|3
|
|t:|1784238054
|detailschange|p1a: Tyranitar|Tyranitar-Mega, L50, F
|-mega|p1a: Tyranitar|Tyranitar|Tyranitarite
|move|p1b: Sinistcha|Life Dew|p1b: Sinistcha|[spread] p1a,p1b
|-heal|p1a: Tyranitar|65/100
|-heal|p1b: Sinistcha|43/100
|move|p2a: Sinistcha|Matcha Gotcha|p1a: Tyranitar|[spread] p1a,p1b
|-supereffective|p1a: Tyranitar|1
|-resisted|p1b: Sinistcha|1
|-damage|p1a: Tyranitar|40/100
|-heal|p2a: Sinistcha|100/100|[from] drain|[of] p1a: Tyranitar
|-damage|p1b: Sinistcha|31/100
|move|p1a: Tyranitar|Rock Slide|p2b: Blastoise|[spread] p2a,p2b
|-damage|p2a: Sinistcha|71/100
|-damage|p2b: Blastoise|54/100
|move|p2b: Blastoise|Dark Pulse|p1b: Sinistcha
|-supereffective|p1b: Sinistcha|1
|-damage|p1b: Sinistcha|0 fnt
|faint|p1b: Sinistcha
|
|-weather|Sandstorm|[upkeep]
|-damage|p2a: Sinistcha|65/100|[from] Sandstorm
|-damage|p2b: Blastoise|49/100|[from] Sandstorm
|upkeep
|
|t:|1784238074
|switch|p1b: Milotic|Milotic, L50, M|100/100
|turn|4
|
|t:|1784238096
|switch|p2a: Kingambit|Kingambit, L50, M|100/100
|move|p2b: Blastoise|Protect|p2b: Blastoise
|-singleturn|p2b: Blastoise|Protect
|move|p1a: Tyranitar|Rock Slide|p2a: Kingambit|[spread] p2a
|-activate|p2b: Blastoise|move: Protect
|-resisted|p2a: Kingambit|1
|-damage|p2a: Kingambit|86/100
|move|p1b: Milotic|Scald|p2b: Blastoise
|-activate|p2b: Blastoise|move: Protect
|
|-weather|Sandstorm|[upkeep]
|-damage|p1b: Milotic|93/100|[from] Sandstorm
|-damage|p2b: Blastoise|43/100|[from] Sandstorm
|-heal|p1b: Milotic|100/100|[from] item: Leftovers
|upkeep
|turn|5
|
|t:|1784238119
|switch|p2a: Sinistcha|Sinistcha, L50|65/100
|-heal|p2b: Blastoise|67/100|[from] ability: Hospitality|[of] p2a: Sinistcha
|switch|p2b: Sneasler|Sneasler, L50, M|100/100
|move|p1a: Tyranitar|Rock Slide|p2b: Sneasler|[spread] p2a,p2b
|-resisted|p2b: Sneasler|1
|-damage|p2a: Sinistcha|32/100
|-damage|p2b: Sneasler|66/100
|move|p1b: Milotic|Scald|p2a: Sinistcha
|-resisted|p2a: Sinistcha|1
|-damage|p2a: Sinistcha|20/100y
|
|-weather|Sandstorm|[upkeep]
|-damage|p2a: Sinistcha|14/100|[from] Sandstorm
|-damage|p1b: Milotic|93/100|[from] Sandstorm
|-damage|p2b: Sneasler|61/100|[from] Sandstorm
|-heal|p1b: Milotic|100/100|[from] item: Leftovers
|-fieldend|move: Trick Room
|upkeep
|turn|6
|
|t:|1784238138
|move|p1a: Tyranitar|Protect|p1a: Tyranitar
|-singleturn|p1a: Tyranitar|Protect
|move|p2b: Sneasler|Fake Out|p1b: Milotic
|-damage|p1b: Milotic|87/100
|-status|p1b: Milotic|psn|[from] ability: Poison Touch|[of] p2b: Sneasler
|cant|p1b: Milotic|flinch
|move|p2a: Sinistcha|Matcha Gotcha|p1a: Tyranitar|[spread] p1b
|-activate|p1a: Tyranitar|move: Protect
|-supereffective|p1b: Milotic|1
|-damage|p1b: Milotic|50/100g psn
|-heal|p2a: Sinistcha|34/100|[from] drain|[of] p1b: Milotic
|
|-weather|none
|-heal|p1b: Milotic|56/100 psn|[from] item: Leftovers
|-damage|p1b: Milotic|44/100 psn|[from] psn
|upkeep
|turn|7
|
|t:|1784238159
|move|p1a: Tyranitar|Protect||[still]
|-fail|p1a: Tyranitar
|move|p2b: Sneasler|Close Combat|p1a: Tyranitar
|-supereffective|p1a: Tyranitar|2
|-damage|p1a: Tyranitar|0 fnt
|-unboost|p2b: Sneasler|def|1
|-unboost|p2b: Sneasler|spd|1
|faint|p1a: Tyranitar
|move|p1b: Milotic|Scald|p2b: Sneasler
|-damage|p2b: Sneasler|1/100
|move|p2a: Sinistcha|Matcha Gotcha|p1b: Milotic
|-supereffective|p1b: Milotic|1
|-damage|p1b: Milotic|0 fnt
|-heal|p2a: Sinistcha|59/100|[from] drain|[of] p1b: Milotic
|faint|p1b: Milotic
|
|win|lux raimundi
