|j|☆franny6767
|j|☆ExtraPlanet51
|html|franny6767ExtraPlanet51    
|uhtml|bestof|Game 2 of a best-of-3
|t:|1756949952
|gametype|doubles
|player|p1|franny6767|266|1117
|player|p2|ExtraPlanet51|bugcatcher-gen4dp|1045
|gen|9
|tier|[Gen 9] VGC 2025 Reg H (Bo3)
|rated|
|rule|Species Clause: Limit one of each Pokémon
|rule|Item Clause: Limit 1 of each item
|clearpoke
|poke|p1|Dragonite, L50, M|
|poke|p1|Annihilape, L50, F|
|poke|p1|Garchomp, L50, F|
|poke|p1|Whimsicott, L50, M|
|poke|p1|Incineroar, L50, F|
|poke|p1|Gholdengo, L50|
|poke|p2|Basculegion, L50, M|
|poke|p2|Sinistcha, L50|
|poke|p2|Rillaboom, L50, M|
|poke|p2|Incineroar, L50, M|
|poke|p2|Pelipper, L50, F|
|poke|p2|Archaludon, L50, F|
|teampreview|4
|showteam|p1|Dragonite||LoadedDice|Multiscale|ScaleShot,Protect,Tailwind,Haze|||M|||50|,,,,,Fairy]Annihilape||SafetyGoggles|Defiant|CloseCombat,FinalGambit,RageFist,Coaching|||F|||50|,,,,,Fire]Garchomp||LifeOrb|RoughSkin|Earthquake,DragonClaw,StompingTantrum,Protect|||F|||50|,,,,,Fairy]Whimsicott||FocusSash|Prankster|Moonblast,Encore,Tailwind,BeatUp|||M|||50|,,,,,Ghost]Incineroar||MirrorHerb|Intimidate|KnockOff,FlareBlitz,FakeOut,PartingShot|||F|||50|,,,,,Ghost]Gholdengo||ChoiceSpecs|GoodasGold|MakeItRain,SteelBeam,ShadowBall,PowerGem||||||50|,,,,,Flying
|showteam|p2|Basculegion||ChoiceBand|SwiftSwim|AquaJet,FlipTurn,WaveCrash,LastRespects|||M|||50|,,,,,Normal]Sinistcha||SitrusBerry|Hospitality|MatchaGotcha,TrickRoom,LifeDew,RagePowder||||||50|,,,,,Water]Rillaboom||LoadedDice|GrassySurge|FakeOut,GrassyGlide,BulletSeed,HighHorsepower|||M|||50|,,,,,Ground]Incineroar||SafetyGoggles|Intimidate|FakeOut,KnockOff,HelpingHand,PartingShot|||M|||50|,,,,,Grass]Pelipper||FocusSash|Drizzle|Hurricane,WeatherBall,Tailwind,Protect|||F|||50|,,,,,Ghost]Archaludon||AssaultVest|Stamina|ElectroShot,FlashCannon,DracoMeteor,BodyPress|||F|||50|,,,,,Grass
|inactive|Battle timer is ON: inactive players will automatically lose when time's up. (requested by franny6767)
|inactive|ExtraPlanet51 has 60 seconds left.
|
|t:|1756949984
|teamsize|p1|4
|teamsize|p2|4
|start
|switch|p1a: Dragonite|Dragonite, L50, M|100/100
|switch|p1b: Annihilape|Annihilape, L50, F|100/100
|switch|p2a: Rillaboom|Rillaboom, L50, M|100/100
|switch|p2b: Basculegion|Basculegion, L50, M|100/100
|-fieldstart|move: Grassy Terrain|[from] ability: Grassy Surge|[of] p2a: Rillaboom
|turn|1
|
|t:|1756950002
|switch|p1b: Whimsicott|Whimsicott, L50, M|100/100
|move|p1a: Dragonite|Scale Shot|p2b: Basculegion
|-damage|p2b: Basculegion|81/100
|-damage|p2b: Basculegion|62/100
|-damage|p2b: Basculegion|43/100
|-damage|p2b: Basculegion|24/100
|-hitcount|p2b: Basculegion|4
|-unboost|p1a: Dragonite|def|1
|-boost|p1a: Dragonite|spe|1
|move|p2b: Basculegion|Flip Turn|p1b: Whimsicott
|-resisted|p1b: Whimsicott
|-damage|p1b: Whimsicott|64/100
|
|t:|1756950015
|switch|p2b: Archaludon|Archaludon, L50, F|100/100|[from] Flip Turn
|move|p2a: Rillaboom|Bullet Seed|p2b: Archaludon
|-resisted|p2b: Archaludon
|-damage|p2b: Archaludon|97/100
|-ability|p2b: Archaludon|Stamina|boost
|-boost|p2b: Archaludon|def|1
|-resisted|p2b: Archaludon
|-damage|p2b: Archaludon|95/100
|-ability|p2b: Archaludon|Stamina|boost
|-boost|p2b: Archaludon|def|1
|-resisted|p2b: Archaludon
|-damage|p2b: Archaludon|94/100
|-ability|p2b: Archaludon|Stamina|boost
|-boost|p2b: Archaludon|def|1
|-resisted|p2b: Archaludon
|-damage|p2b: Archaludon|92/100
|-ability|p2b: Archaludon|Stamina|boost
|-boost|p2b: Archaludon|def|1
|-resisted|p2b: Archaludon
|-damage|p2b: Archaludon|91/100
|-ability|p2b: Archaludon|Stamina|boost
|-boost|p2b: Archaludon|def|1
|-hitcount|p2b: Archaludon|5
|
|-heal|p1b: Whimsicott|70/100|[from] Grassy Terrain
|-heal|p2b: Archaludon|97/100|[from] Grassy Terrain
|upkeep
|turn|2
|inactive|ExtraPlanet51 has 30 seconds left.
|inactive|franny6767 has 30 seconds left.
|inactive|ExtraPlanet51 has 20 seconds left.
|inactive|ExtraPlanet51 has 15 seconds left.
|inactive|ExtraPlanet51 has 10 seconds left.
|
|t:|1756950060
|-terastallize|p1a: Dragonite|Fairy
|move|p1b: Whimsicott|Tailwind|p1b: Whimsicott
|-sidestart|p1: franny6767|move: Tailwind
|move|p2a: Rillaboom|Grassy Glide|p1a: Dragonite
|-damage|p1a: Dragonite|66/100
|move|p1a: Dragonite|Scale Shot|p2a: Rillaboom
|-damage|p2a: Rillaboom|85/100
|-damage|p2a: Rillaboom|70/100
|-damage|p2a: Rillaboom|54/100
|-damage|p2a: Rillaboom|40/100
|-damage|p2a: Rillaboom|25/100
|-hitcount|p2a: Rillaboom|5
|-unboost|p1a: Dragonite|def|1
|-boost|p1a: Dragonite|spe|1
|move|p2b: Archaludon|Flash Cannon|p1b: Whimsicott
|-supereffective|p1b: Whimsicott
|-damage|p1b: Whimsicott|0 fnt
|faint|p1b: Whimsicott
|
|-heal|p1a: Dragonite|72/100|[from] Grassy Terrain
|-heal|p2a: Rillaboom|31/100|[from] Grassy Terrain
|-heal|p2b: Archaludon|100/100|[from] Grassy Terrain
|upkeep
|
|t:|1756950075
|switch|p1b: Annihilape|Annihilape, L50, F|100/100
|turn|3
|inactive|ExtraPlanet51 has 30 seconds left.
|inactive|ExtraPlanet51 has 20 seconds left.
|inactive|ExtraPlanet51 has 15 seconds left.
|inactive|ExtraPlanet51 has 10 seconds left.
|
|t:|1756950122
|switch|p1b: Gholdengo|Gholdengo, L50|100/100
|-terastallize|p2b: Archaludon|Grass
|move|p1a: Dragonite|Scale Shot|p2a: Rillaboom
|-damage|p2a: Rillaboom|16/100
|-damage|p2a: Rillaboom|0 fnt
|faint|p2a: Rillaboom
|-hitcount|p2: Rillaboom|2
|-unboost|p1a: Dragonite|def|1
|-boost|p1a: Dragonite|spe|1
|move|p2b: Archaludon|Body Press|p1b: Gholdengo
|-immune|p1b: Gholdengo
|
|-heal|p1a: Dragonite|78/100|[from] Grassy Terrain
|upkeep
|
|t:|1756950141
|switch|p2a: Pelipper|Pelipper, L50, F|100/100
|-weather|RainDance|[from] ability: Drizzle|[of] p2a: Pelipper
|turn|4
|inactive|ExtraPlanet51 has 30 seconds left.
|inactive|franny6767 has 30 seconds left.
|
|t:|1756950175
|move|p1a: Dragonite|Protect|p1a: Dragonite
|-singleturn|p1a: Dragonite|Protect
|move|p1b: Gholdengo|Make It Rain|p2b: Archaludon|[spread] p2a,p2b
|-resisted|p2a: Pelipper
|-damage|p2a: Pelipper|34/100
|-damage|p2b: Archaludon|43/100
|-unboost|p1b: Gholdengo|spa|1
|-ability|p2b: Archaludon|Stamina|boost
|-boost|p2b: Archaludon|def|1
|move|p2a: Pelipper|Weather Ball|p1b: Gholdengo
|-damage|p1b: Gholdengo|28/100
|move|p2b: Archaludon|Flash Cannon|p1a: Dragonite
|-activate|p1a: Dragonite|move: Protect
|
|-weather|RainDance|[upkeep]
|-heal|p1a: Dragonite|84/100|[from] Grassy Terrain
|-heal|p1b: Gholdengo|34/100|[from] Grassy Terrain
|-heal|p2b: Archaludon|49/100|[from] Grassy Terrain
|upkeep
|turn|5
|inactive|ExtraPlanet51 has 30 seconds left.
|
|t:|1756950205
|move|p1a: Dragonite|Scale Shot|p2b: Archaludon
|-damage|p2b: Archaludon|46/100
|-damage|p2b: Archaludon|43/100
|-damage|p2b: Archaludon|40/100
|-damage|p2b: Archaludon|36/100
|-damage|p2b: Archaludon|33/100
|-hitcount|p2b: Archaludon|5
|-unboost|p1a: Dragonite|def|1
|-boost|p1a: Dragonite|spe|1
|move|p1b: Gholdengo|Make It Rain|p2b: Archaludon|[spread] p2a,p2b
|-resisted|p2a: Pelipper
|-damage|p2a: Pelipper|0 fnt
|-damage|p2b: Archaludon|0 fnt
|-unboost|p1b: Gholdengo|spa|1
|faint|p2a: Pelipper
|faint|p2b: Archaludon
|
|-weather|RainDance|[upkeep]
|-heal|p1a: Dragonite|90/100|[from] Grassy Terrain
|-heal|p1b: Gholdengo|40/100|[from] Grassy Terrain
|-sideend|p1: franny6767|move: Tailwind
|-fieldend|move: Grassy Terrain
|upkeep
|
|t:|1756950227
|switch|p2b: Basculegion|Basculegion, L50, M|24/100
|turn|6
|
|t:|1756950236
|move|p1a: Dragonite|Scale Shot|p2b: Basculegion|[miss]
|-miss|p1a: Dragonite|p2b: Basculegion
|move|p2b: Basculegion|Last Respects|p1a: Dragonite
|-damage|p1a: Dragonite|0 fnt
|faint|p1a: Dragonite
|move|p1b: Gholdengo|Make It Rain|p2b: Basculegion
|-resisted|p2b: Basculegion
|-damage|p2b: Basculegion|0 fnt
|-unboost|p1b: Gholdengo|spa|1
|faint|p2b: Basculegion
|
|win|franny6767
||ExtraPlanet51 is ready for game 3.
||franny6767 is ready for game 3.
|uhtml|next|Next: Game 3 of 3
