|j|☆Gideon1177
|j|☆Dawsonschris
|html|Gideon1177Dawsonschris    
|uhtml|bestof|Game 1 of a best-of-3
|t:|1756481761
|gametype|doubles
|player|p1|Gideon1177|102|1094
|player|p2|Dawsonschris|artist-gen4|1080
|gen|9
|tier|[Gen 9] VGC 2025 Reg H (Bo3)
|rated|
|rule|Species Clause: Limit one of each Pokémon
|rule|Item Clause: Limit 1 of each item
|clearpoke
|poke|p1|Weezing-Galar, L50, M|
|poke|p1|Tyranitar, L50, M|
|poke|p1|Clefairy, L50, F|
|poke|p1|Dragonite, L50, F|
|poke|p1|Incineroar, L50, M|
|poke|p1|Excadrill, L50, M|
|poke|p2|Ursaluna-Bloodmoon, L50, M|
|poke|p2|Electabuzz, L50, M|
|poke|p2|Sneasler, L50, F|
|poke|p2|Indeedee, L50, M|
|poke|p2|Incineroar, L50, F|
|poke|p2|Talonflame, L50, F|
|teampreview|4
|showteam|p1|Weezing-Galar||ChoiceSpecs|Levitate|DazzlingGleam,HeatWave,SludgeBomb,Thunder|||M|||50|,,,,,Fire]Tyranitar||Leftovers|SandStream|Protect,BodyPress,IcyWind,RockSlide|||M|||50|,,,,,Flying]Clefairy||Eviolite|FriendGuard|FollowMe,AfterYou,HelpingHand,Protect|||F|||50|,,,,,Fairy]Dragonite||LoadedDice|InnerFocus|ExtremeSpeed,Protect,BreakingSwipe,ScaleShot|||F|||50|,,,,,Normal]Incineroar||AssaultVest|Intimidate|FakeOut,Uturn,FlareBlitz,KnockOff|||M|||50|,,,,,Grass]Excadrill||SafetyGoggles|SandRush|Protect,SwordsDance,BrickBreak,Earthquake|||M|||50|,,,,,Water
|showteam|p2|Ursaluna-Bloodmoon||LifeOrb|MindsEye|Protect,BloodMoon,EarthPower,HyperVoice|||M|||50|,,,,,Normal]Electabuzz||Eviolite|VitalSpirit|FollowMe,Taunt,Electroweb,Protect|||M|||50|,,,,,Dragon]Sneasler||PsychicSeed|Unburden|ThroatChop,DireClaw,CloseCombat,Protect|||F|||50|,,,,,Dark]Indeedee||FocusSash|PsychicSurge|ExpandingForce,TrickRoom,HelpingHand,Protect|||M|||50|,,,,,Psychic]Incineroar||SafetyGoggles|Intimidate|FakeOut,KnockOff,PartingShot,FlareBlitz|||F|||50|,,,,,Dragon]Talonflame||CovertCloak|GaleWings|FlareBlitz,DualWingbeat,WillOWisp,Tailwind|||F|||50|,,,,,Fairy
|inactive|Battle timer is ON: inactive players will automatically lose when time's up. (requested by Dawsonschris)
|
|t:|1756481815
|teamsize|p1|4
|teamsize|p2|4
|start
|switch|p1a: Tyranitar|Tyranitar, L50, M|100/100
|switch|p1b: Excadrill|Excadrill, L50, M|100/100
|switch|p2a: Incineroar|Incineroar, L50, F|100/100
|switch|p2b: Ursaluna|Ursaluna-Bloodmoon, L50, M|100/100
|-ability|p2a: Incineroar|Intimidate|boost
|-unboost|p1a: Tyranitar|atk|1
|-unboost|p1b: Excadrill|atk|1
|-weather|Sandstorm|[from] ability: Sand Stream|[of] p1a: Tyranitar
|turn|1
|inactive|Gideon1177 has 30 seconds left.
|inactive|Dawsonschris has 30 seconds left.
|inactive|Dawsonschris has 20 seconds left.
|
|t:|1756481852
|switch|p1a: Dragonite|Dragonite, L50, F|100/100
|move|p1b: Excadrill|Protect|p1b: Excadrill
|-singleturn|p1b: Excadrill|Protect
|move|p2a: Incineroar|Fake Out|p1a: Dragonite
|-damage|p1a: Dragonite|89/100
|move|p2b: Ursaluna|Hyper Voice|p1b: Excadrill|[spread] p1a
|-activate|p1b: Excadrill|move: Protect
|-damage|p1a: Dragonite|43/100
|-damage|p2b: Ursaluna|91/100|[from] item: Life Orb
|
|-weather|Sandstorm|[upkeep]
|-damage|p1a: Dragonite|37/100|[from] Sandstorm
|upkeep
|turn|2
|inactive|Dawsonschris has 30 seconds left.
|
|t:|1756481880
|move|p1a: Dragonite|Protect|p1a: Dragonite
|-singleturn|p1a: Dragonite|Protect
|move|p2b: Ursaluna|Protect|p2b: Ursaluna
|-singleturn|p2b: Ursaluna|Protect
|move|p1b: Excadrill|Earthquake|p2b: Ursaluna|[spread] p2a
|-activate|p1a: Dragonite|move: Protect
|-activate|p2b: Ursaluna|move: Protect
|-supereffective|p2a: Incineroar
|-damage|p2a: Incineroar|44/100
|move|p2a: Incineroar|Parting Shot|p1b: Excadrill
|-unboost|p1b: Excadrill|atk|1
|-unboost|p1b: Excadrill|spa|1
|
|t:|1756481894
|switch|p2a: Talonflame|Talonflame, L50, F|100/100|[from] Parting Shot
|
|-weather|Sandstorm|[upkeep]
|-damage|p2a: Talonflame|95/100|[from] Sandstorm
|-damage|p1a: Dragonite|31/100|[from] Sandstorm
|upkeep
|turn|3
|inactive|Gideon1177 has 30 seconds left.
|
|t:|1756481923
|switch|p2b: Incineroar|Incineroar, L50, F|44/100
|-ability|p2b: Incineroar|Intimidate|boost
|-fail|p1a: Dragonite|unboost|Attack|[from] ability: Inner Focus|[of] p1a: Dragonite
|-unboost|p1b: Excadrill|atk|1
|move|p1b: Excadrill|Brick Break|p2a: Talonflame
|-resisted|p2a: Talonflame
|-crit|p2a: Talonflame
|-damage|p2a: Talonflame|65/100
|move|p2a: Talonflame|Tailwind|p2a: Talonflame
|-sidestart|p2: Dawsonschris|move: Tailwind
|move|p1a: Dragonite|Scale Shot|p2a: Talonflame
|-damage|p2a: Talonflame|47/100
|-damage|p2a: Talonflame|30/100
|-damage|p2a: Talonflame|11/100
|-damage|p2a: Talonflame|0 fnt
|faint|p2a: Talonflame
|-hitcount|p2: Talonflame|4
|-unboost|p1a: Dragonite|def|1
|-boost|p1a: Dragonite|spe|1
|
|-weather|Sandstorm|[upkeep]
|-damage|p1a: Dragonite|25/100|[from] Sandstorm
|upkeep
|
|t:|1756481947
|switch|p2a: Sneasler|Sneasler, L50, F|100/100
|turn|4
|
|t:|1756481970
|switch|p1b: Clefairy|Clefairy, L50, F|100/100
|move|p2b: Incineroar|Fake Out|p1b: Clefairy
|-damage|p1b: Clefairy|89/100
|move|p2a: Sneasler|Dire Claw|p1a: Dragonite
|-crit|p1a: Dragonite
|-damage|p1a: Dragonite|0 fnt
|faint|p1a: Dragonite
|
|-weather|Sandstorm|[upkeep]
|-damage|p2a: Sneasler|95/100|[from] Sandstorm
|-damage|p1b: Clefairy|83/100|[from] Sandstorm
|upkeep
|
|t:|1756481985
|switch|p1a: Excadrill|Excadrill, L50, M|100/100
|turn|5
|inactive|Dawsonschris has 30 seconds left.
|
|t:|1756482010
|switch|p2b: Ursaluna|Ursaluna-Bloodmoon, L50, M|91/100
|-terastallize|p2a: Sneasler|Dark
|move|p1a: Excadrill|Protect|p1a: Excadrill
|-singleturn|p1a: Excadrill|Protect
|move|p1b: Clefairy|Protect|p1b: Clefairy
|-singleturn|p1b: Clefairy|Protect
|move|p2a: Sneasler|Dire Claw|p1b: Clefairy
|-activate|p1b: Clefairy|move: Protect
|
|-weather|none
|upkeep
|turn|6
|inactive|Gideon1177 has 30 seconds left.
|inactive|Dawsonschris has 30 seconds left.
|
|t:|1756482042
|switch|p1b: Tyranitar|Tyranitar, L50, M|100/100
|-weather|Sandstorm|[from] ability: Sand Stream|[of] p1b: Tyranitar
|move|p2a: Sneasler|Dire Claw|p1b: Tyranitar
|-resisted|p1b: Tyranitar
|-damage|p1b: Tyranitar|86/100
|move|p1a: Excadrill|Swords Dance|p1a: Excadrill
|-boost|p1a: Excadrill|atk|2
|move|p2b: Ursaluna|Blood Moon|p1a: Excadrill
|-resisted|p1a: Excadrill
|-damage|p1a: Excadrill|40/100
|-damage|p2b: Ursaluna|81/100|[from] item: Life Orb
|
|-weather|Sandstorm|[upkeep]
|-damage|p2a: Sneasler|89/100|[from] Sandstorm
|-heal|p1b: Tyranitar|92/100|[from] item: Leftovers
|-sideend|p2: Dawsonschris|move: Tailwind
|upkeep
|turn|7
|inactive|Dawsonschris has 30 seconds left.
|inactive|Dawsonschris has 20 seconds left.
|
|t:|1756482077
|switch|p2a: Incineroar|Incineroar, L50, F|44/100
|-ability|p2a: Incineroar|Intimidate|boost
|-unboost|p1a: Excadrill|atk|1
|-unboost|p1b: Tyranitar|atk|1
|move|p1b: Tyranitar|Protect|p1b: Tyranitar
|-singleturn|p1b: Tyranitar|Protect
|move|p1a: Excadrill|Earthquake|p2a: Incineroar|[spread] p2a,p2b
|-activate|p1b: Tyranitar|move: Protect
|-supereffective|p2a: Incineroar
|-crit|p2a: Incineroar
|-damage|p2a: Incineroar|0 fnt
|-damage|p2b: Ursaluna|28/100
|faint|p2a: Incineroar
|move|p2b: Ursaluna|Hyper Voice|p1a: Excadrill|[spread] p1a
|-activate|p1b: Tyranitar|move: Protect
|-resisted|p1a: Excadrill
|-damage|p1a: Excadrill|11/100
|-damage|p2b: Ursaluna|19/100|[from] item: Life Orb
|
|-weather|Sandstorm|[upkeep]
|-heal|p1b: Tyranitar|98/100|[from] item: Leftovers
|upkeep
|
|t:|1756482096
|switch|p2a: Sneasler|Sneasler, L50, F, tera:Dark|89/100
|turn|8
|inactive|Gideon1177 has 30 seconds left.
|j| rosmarino1
|
|t:|1756482126
|-terastallize|p1b: Tyranitar|Flying
|move|p2b: Ursaluna|Protect|p2b: Ursaluna
|-singleturn|p2b: Ursaluna|Protect
|move|p1a: Excadrill|Earthquake|p2a: Sneasler|[spread] p2a
|-activate|p2b: Ursaluna|move: Protect
|-immune|p1b: Tyranitar
|-damage|p2a: Sneasler|0 fnt
|faint|p2a: Sneasler
|move|p1b: Tyranitar|Icy Wind|p2b: Ursaluna
|-activate|p2b: Ursaluna|move: Protect
|
|-weather|Sandstorm|[upkeep]
|-damage|p1b: Tyranitar|92/100|[from] Sandstorm
|-heal|p1b: Tyranitar|98/100|[from] item: Leftovers
|upkeep
|turn|9
|
|t:|1756482142
|move|p1b: Tyranitar|Protect|p1b: Tyranitar
|-singleturn|p1b: Tyranitar|Protect
|move|p1a: Excadrill|Earthquake|p2b: Ursaluna|[spread] p2b
|-activate|p1b: Tyranitar|move: Protect
|-damage|p2b: Ursaluna|0 fnt
|faint|p2b: Ursaluna
|
|win|Gideon1177
||Gideon1177 is ready for game 2.
