|j|☆Xamgel
|j|☆sturmkitten69
|html|Xamgelsturmkitten69    
|uhtml|bestof|Game 1 of a best-of-3
|t:|1783661304
|gametype|doubles
|player|p1|Xamgel|101|1169
|player|p2|sturmkitten69|fisherman-gen4|1074
|gen|9
|tier|[Gen 9 Champions] VGC 2026 Reg M-B (Bo3)
|rated|
|rule|Species Clause: Limit one of each Pokémon
|rule|Item Clause: Limit 1 of each item
|clearpoke
|poke|p1|Charizard, L50, M, shiny|
|poke|p1|Aerodactyl, L50, M|
|poke|p1|Kingambit, L50, F|
|poke|p1|Sylveon, L50, M|
|poke|p1|Garchomp, L50, F|
|poke|p1|Farigiraf, L50, F|
|poke|p2|Meganium, L50, F|
|poke|p2|Aerodactyl, L50, F|
|poke|p2|Sableye, L50, M|
|poke|p2|Samurott-Hisui, L50, M|
|poke|p2|Aegislash, L50, M|
|poke|p2|Archaludon, L50, M|
|teampreview|4
|showteam|p1|Charizard||CharizarditeY|SolarPower|Protect,HeatWave,SolarBeam,WeatherBall|Modest||M|||50|]Aerodactyl||Aerodactylite|Unnerve|Tailwind,DualWingbeat,RockSlide,IceFang|Jolly||M|||50|]Kingambit||BlackGlasses|Defiant|SuckerPunch,LowKick,KowtowCleave,IronHead|Adamant||F|||50|]Sylveon||FairyFeather|Pixilate|HyperVoice,HyperBeam,QuickAttack,Detect|Quiet||M|||50|]Garchomp||LifeOrb|RoughSkin|DragonClaw,Earthquake,StompingTantrum,Protect|Jolly||F|||50|]Farigiraf||SitrusBerry|ArmorTail|TrickRoom,Thunderbolt,TwinBeam,GrassKnot|Sassy||F|||50|
|showteam|p2|Meganium||Meganiumite|LeafGuard|SolarBeam,Protect,DazzlingGleam,WeatherBall|Calm||F|||50|]Aerodactyl||Aerodactylite|Unnerve|RockSlide,Protect,Tailwind,DualWingbeat|Jolly||F|||50|]Sableye||LightClay|Prankster|LightScreen,Reflect,RainDance,Encore|Bold||M|||50|]Samurott-Hisui||FocusSash|Sharpness|CeaselessEdge,AquaJet,SacredSword,Protect|Adamant||M|||50|]Aegislash||LifeOrb|StanceChange|SacredSword,ShadowSneak,KingsShield,IronHead|Adamant||M|||50|]Archaludon||Leftovers|Stamina|ElectroShot,Protect,DragonPulse,AuraSphere|Calm||M|||50|
|inactive|Battle timer is ON: inactive players will automatically lose when time's up. (requested by Xamgel)
|inactive|sturmkitten69 has 60 seconds left.
|l|☆sturmkitten69
|inactive|sturmkitten69 disconnected and has a minute to reconnect!
|player|p2|
|inactive|sturmkitten69 has 30 seconds left.
|inactive|sturmkitten69 has 20 seconds left.
|inactive|sturmkitten69 has 15 seconds left.
|j|☆sturmkitten69
|inactive|sturmkitten69 reconnected and has 15 seconds left.
|player|p2|sturmkitten69|fisherman-gen4|
|inactive|sturmkitten69 has 10 seconds left.
|inactive|sturmkitten69 has 5 seconds left.
|
|t:|1783661418
|teamsize|p1|4
|teamsize|p2|4
|start
|switch|p1a: Farigiraf|Farigiraf, L50, F|100/100
|switch|p1b: Sylveon|Sylveon, L50, M|100/100
|switch|p2a: Aerodactyl|Aerodactyl, L50, F|100/100
|switch|p2b: Samurott|Samurott-Hisui, L50, M|100/100
|-ability|p2a: Aerodactyl|Unnerve
|turn|1
|
|t:|1783661442
|switch|p2b: Aegislash|Aegislash, L50, M|100/100
|detailschange|p2a: Aerodactyl|Aerodactyl-Mega, L50, F
|-mega|p2a: Aerodactyl|Aerodactyl|Aerodactylite
|move|p2a: Aerodactyl|Rock Slide|p1a: Farigiraf|[spread] p1a
|-miss|p2a: Aerodactyl|p1b: Sylveon
|-damage|p1a: Farigiraf|74/100
|move|p1b: Sylveon|Hyper Voice|p2b: Aegislash|[spread] p2a,p2b
|-resisted|p2b: Aegislash|1
|-damage|p2a: Aerodactyl|49/100
|-damage|p2b: Aegislash|83/100
|move|p1a: Farigiraf|Trick Room|p1a: Farigiraf
|-fieldstart|move: Trick Room|[of] p1a: Farigiraf
|
|upkeep
|turn|2
|
|t:|1783661462
|move|p2a: Aerodactyl|Protect|p2a: Aerodactyl
|-singleturn|p2a: Aerodactyl|Protect
|move|p1b: Sylveon|Hyper Voice|p2b: Aegislash|[spread] p2b
|-activate|p2a: Aerodactyl|move: Protect
|-resisted|p2b: Aegislash|1
|-damage|p2b: Aegislash|65/100
|move|p1a: Farigiraf|Thunderbolt|p2b: Aegislash
|-damage|p2b: Aegislash|46/100
|-formechange|p2b: Aegislash|Aegislash-Blade|
|move|p2b: Aegislash|Iron Head|p1b: Sylveon
|-supereffective|p1b: Sylveon|1
|-damage|p1b: Sylveon|0 fnt
|faint|p1b: Sylveon
|-damage|p2b: Aegislash|37/100|[from] item: Life Orb
|
|upkeep
|
|t:|1783661479
|switch|p1b: Charizard|Charizard, L50, M, shiny|100/100
|turn|3
|
|t:|1783661500
|switch|p2a: Samurott|Samurott-Hisui, L50, M|100/100
|detailschange|p1b: Charizard|Charizard-Mega-Y, L50, M, shiny
|-mega|p1b: Charizard|Charizard|Charizardite Y
|-weather|SunnyDay|[from] ability: Drought|[of] p1b: Charizard
|-formechange|p2b: Aegislash|Aegislash|
|move|p2b: Aegislash|King's Shield|p2b: Aegislash
|-singleturn|p2b: Aegislash|Protect
|move|p1a: Farigiraf|Thunderbolt|p2a: Samurott
|-supereffective|p2a: Samurott|1
|-damage|p2a: Samurott|29/100
|move|p1b: Charizard|Heat Wave|p2a: Samurott|[spread] 
|-activate|p2b: Aegislash|move: Protect
|-miss|p1b: Charizard|p2a: Samurott
|
|-weather|SunnyDay|[upkeep]
|upkeep
|turn|4
|inactive|sturmkitten69 has 30 seconds left.
|inactive|sturmkitten69 has 20 seconds left.
|inactive|Xamgel has 30 seconds left.
|inactive|sturmkitten69 has 15 seconds left.
|inactive|sturmkitten69 has 10 seconds left.
|inactive|sturmkitten69 has 5 seconds left.
|
|t:|1783661550
|move|p1b: Charizard|Protect|p1b: Charizard
|-singleturn|p1b: Charizard|Protect
|move|p2a: Samurott|Protect|p2a: Samurott
|-singleturn|p2a: Samurott|Protect
|move|p1a: Farigiraf|Thunderbolt|p2a: Samurott
|-activate|p2a: Samurott|move: Protect
|-formechange|p2b: Aegislash|Aegislash-Blade|
|move|p2b: Aegislash|Iron Head|p1a: Farigiraf
|-damage|p1a: Farigiraf|19/100
|-enditem|p1a: Farigiraf|Sitrus Berry|[eat]
|-heal|p1a: Farigiraf|44/100|[from] item: Sitrus Berry
|-damage|p2b: Aegislash|27/100|[from] item: Life Orb
|
|-weather|SunnyDay|[upkeep]
|upkeep
|turn|5
|
|t:|1783661574
|switch|p1a: Garchomp|Garchomp, L50, F|100/100
|switch|p2a: Archaludon|Archaludon, L50, M|100/100
|move|p2b: Aegislash|Iron Head|p1a: Garchomp
|-damage|p1a: Garchomp|37/100
|-damage|p2b: Aegislash|15/100|[from] ability: Rough Skin|[of] p1a: Garchomp
|-damage|p2b: Aegislash|6/100|[from] item: Life Orb
|move|p1b: Charizard|Solar Beam||[still]
|-prepare|p1b: Charizard|Solar Beam
|-anim|p1b: Charizard|Solar Beam|p2a: Archaludon
|-resisted|p2a: Archaludon|2
|-crit|p2a: Archaludon
|-damage|p2a: Archaludon|82/100
|-ability|p2a: Archaludon|Stamina|boost
|-boost|p2a: Archaludon|def|1
|
|-weather|SunnyDay|[upkeep]
|-heal|p2a: Archaludon|89/100|[from] item: Leftovers
|-fieldend|move: Trick Room
|upkeep
|turn|6
|inactive|sturmkitten69 has 30 seconds left.
|
|t:|1783661602
|move|p2b: Aegislash|Shadow Sneak|p1a: Garchomp
|-damage|p1a: Garchomp|6/100
|-damage|p2b: Aegislash|0 fnt|[from] ability: Rough Skin|[of] p1a: Garchomp
|faint|p2b: Aegislash
|move|p1a: Garchomp|Earthquake|p2a: Archaludon|[spread] p2a
|-immune|p1b: Charizard
|-supereffective|p2a: Archaludon|1
|-damage|p2a: Archaludon|43/100
|-ability|p2a: Archaludon|Stamina|boost
|-boost|p2a: Archaludon|def|1
|-damage|p1a: Garchomp|0 fnt|[from] item: Life Orb
|faint|p1a: Garchomp
|move|p1b: Charizard|Heat Wave|p2a: Archaludon|[miss]
|-miss|p1b: Charizard|p2a: Archaludon
|move|p2a: Archaludon|Dragon Pulse|p1b: Charizard
|-damage|p1b: Charizard|66/100
|
|-weather|SunnyDay|[upkeep]
|-heal|p2a: Archaludon|49/100|[from] item: Leftovers
|upkeep
|
|t:|1783661619
|switch|p1a: Farigiraf|Farigiraf, L50, F|44/100
|switch|p2b: Aerodactyl|Aerodactyl-Mega, L50, F|49/100
|turn|7
|
|t:|1783661630
|move|p2b: Aerodactyl|Rock Slide|p1a: Farigiraf|[spread] p1a,p1b
|-supereffective|p1b: Charizard|2
|-damage|p1a: Farigiraf|19/100
|-damage|p1b: Charizard|0 fnt
|faint|p1b: Charizard
|move|p2a: Archaludon|Dragon Pulse|p1a: Farigiraf
|-damage|p1a: Farigiraf|0 fnt
|faint|p1a: Farigiraf
|
|win|sturmkitten69
