|j|☆MrManlyMeep
|j|☆rennui-
|html|MrManlyMeeprennui-    
|uhtml|bestof|Game 2 of a best-of-3
|t:|1785007977
|gametype|doubles
|player|p1|MrManlyMeep|1|1170
|player|p2|rennui-|cheryl|1114
|gen|9
|tier|[Gen 9 Champions] VGC 2026 Reg M-B (Bo3)
|rated|
|rule|Species Clause: Limit one of each Pokémon
|rule|Item Clause: Limit 1 of each item
|clearpoke
|poke|p1|Clefable, L50, M|
|poke|p1|Tyranitar, L50, F|
|poke|p1|Gholdengo, L50|
|poke|p1|Ceruledge, L50, F|
|poke|p1|Lucario, L50, M|
|poke|p1|Hydreigon, L50, F|
|poke|p2|Kingambit, L50, F, shiny|
|poke|p2|Charizard, L50, M, shiny|
|poke|p2|Aerodactyl, L50, M|
|poke|p2|Farigiraf, L50, F, shiny|
|poke|p2|Garchomp, L50, F|
|poke|p2|Sylveon, L50, F|
|teampreview|4
|showteam|p1|Clefable||Clefablite|Unaware|FollowMe,CalmMind,Moonblast,Protect|Bold||M|||50|]Tyranitar||LumBerry|SandStream|StealthRock,KnockOff,RockSlide,Protect|Careful||F|||50|]Gholdengo||LifeOrb|GoodasGold|NastyPlot,MakeItRain,ShadowBall,Protect|Modest|||||50|]Ceruledge||ShucaBerry|FlashFire|BitterBlade,DragonClaw,ShadowSneak,Protect|Adamant||F|||50|]Lucario||Lucarionite|InnerFocus|AuraSphere,VacuumWave,FlashCannon,Protect|Timid||M|||50|]Hydreigon||ChoiceScarf|Levitate|DracoMeteor,DarkPulse,EarthPower,Snarl|Timid||F|||50|
|showteam|p2|Kingambit||FocusSash|Defiant|KowtowCleave,IronHead,SuckerPunch,LowKick|Adamant||F|||50|]Charizard||CharizarditeY|Blaze|HeatWave,SolarBeam,WeatherBall,Protect|Modest||M|||50|]Aerodactyl||Aerodactylite|Unnerve|RockSlide,DualWingbeat,IceFang,Tailwind|Jolly||M|||50|]Farigiraf||SitrusBerry|ArmorTail|TwinBeam,HelpingHand,TrickRoom,Protect|Bold||F|||50|]Garchomp||LifeOrb|RoughSkin|RockTomb,DragonClaw,StompingTantrum,Protect|Jolly||F|||50|]Sylveon||FairyFeather|Pixilate|HyperVoice,HyperBeam,QuickAttack,Protect|Modest||F|||50|
|inactive|Battle timer is ON: inactive players will automatically lose when time's up. (requested by rennui-)
|
|t:|1785007994
|teamsize|p1|4
|teamsize|p2|4
|start
|switch|p1a: Tyranitar|Tyranitar, L50, F|100/100
|switch|p1b: Hydreigon|Hydreigon, L50, F|100/100
|switch|p2a: Aerodactyl|Aerodactyl, L50, M|100/100
|switch|p2b: Garchomp|Garchomp, L50, F|100/100
|-ability|p2a: Aerodactyl|Unnerve
|-weather|Sandstorm|[from] ability: Sand Stream|[of] p1a: Tyranitar
|turn|1
|
|t:|1785008009
|detailschange|p2a: Aerodactyl|Aerodactyl-Mega, L50, M
|-mega|p2a: Aerodactyl|Aerodactyl|Aerodactylite
|move|p2b: Garchomp|Protect|p2b: Garchomp
|-singleturn|p2b: Garchomp|Protect
|move|p1b: Hydreigon|Draco Meteor|p2b: Garchomp
|-activate|p2b: Garchomp|move: Protect
|move|p2a: Aerodactyl|Tailwind|p2a: Aerodactyl
|-sidestart|p2: rennui-|move: Tailwind
|move|p1a: Tyranitar|Stealth Rock|p2b: Garchomp
|-sidestart|p2: rennui-|move: Stealth Rock
|
|-weather|Sandstorm|[upkeep]
|-damage|p1b: Hydreigon|94/100|[from] Sandstorm
|upkeep
|turn|2
|
|t:|1785008027
|switch|p2a: Kingambit|Kingambit, L50, F, shiny|100/100
|-damage|p2a: Kingambit|93/100|[from] Stealth Rock
|switch|p1b: Ceruledge|Ceruledge, L50, F|100/100
|move|p2b: Garchomp|Dragon Claw|p1b: Ceruledge
|-damage|p1b: Ceruledge|32/100
|-damage|p2b: Garchomp|90/100|[from] item: Life Orb
|move|p1a: Tyranitar|Rock Slide|p2a: Kingambit|[spread] p2a,p2b
|-resisted|p2a: Kingambit|1
|-resisted|p2b: Garchomp|1
|-damage|p2a: Kingambit|83/100
|-damage|p2b: Garchomp|77/100
|
|-weather|Sandstorm|[upkeep]
|-damage|p1b: Ceruledge|26/100|[from] Sandstorm
|upkeep
|turn|3
|
|t:|1785008050
|move|p1b: Ceruledge|Protect|p1b: Ceruledge
|-singleturn|p1b: Ceruledge|Protect
|move|p2b: Garchomp|Stomping Tantrum|p1a: Tyranitar
|-supereffective|p1a: Tyranitar|1
|-damage|p1a: Tyranitar|19/100
|-damage|p2b: Garchomp|67/100|[from] item: Life Orb
|move|p2a: Kingambit|Kowtow Cleave|p1b: Ceruledge
|-activate|p1b: Ceruledge|move: Protect
|move|p1a: Tyranitar|Knock Off|p2b: Garchomp
|-damage|p2b: Garchomp|23/100
|-damage|p1a: Tyranitar|7/100|[from] ability: Rough Skin|[of] p2b: Garchomp
|-enditem|p2b: Garchomp|Life Orb|[from] move: Knock Off|[of] p1a: Tyranitar
|
|-weather|Sandstorm|[upkeep]
|-damage|p1b: Ceruledge|20/100y|[from] Sandstorm
|upkeep
|turn|4
|
|t:|1785008068
|move|p1b: Ceruledge|Shadow Sneak|p2b: Garchomp
|-damage|p2b: Garchomp|0 fnt
|-damage|p1b: Ceruledge|8/100|[from] ability: Rough Skin|[of] p2b: Garchomp
|faint|p2b: Garchomp
|move|p2a: Kingambit|Kowtow Cleave|p1b: Ceruledge
|-supereffective|p1b: Ceruledge|1
|-damage|p1b: Ceruledge|0 fnt
|faint|p1b: Ceruledge
|move|p1a: Tyranitar|Knock Off|p2a: Kingambit
|-resisted|p2a: Kingambit|1
|-damage|p2a: Kingambit|62/100
|-enditem|p2a: Kingambit|Focus Sash|[from] move: Knock Off|[of] p1a: Tyranitar
|
|-weather|Sandstorm|[upkeep]
|-sideend|p2: rennui-|move: Tailwind
|upkeep
|
|t:|1785008082
|switch|p2b: Aerodactyl|Aerodactyl-Mega, L50, M|100/100
|switch|p1b: Lucario|Lucario, L50, M|100/100
|-damage|p2b: Aerodactyl|75/100|[from] Stealth Rock
|turn|5
|
|t:|1785008096
|detailschange|p1b: Lucario|Lucario-Mega, L50, M
|-mega|p1b: Lucario|Lucario|Lucarionite
|move|p2a: Kingambit|Sucker Punch|p1a: Tyranitar
|-resisted|p1a: Tyranitar|1
|-damage|p1a: Tyranitar|0 fnt
|faint|p1a: Tyranitar
|move|p2b: Aerodactyl|Tailwind|p2b: Aerodactyl
|-sidestart|p2: rennui-|move: Tailwind
|move|p1b: Lucario|Flash Cannon|p2b: Aerodactyl
|-supereffective|p2b: Aerodactyl|1
|-damage|p2b: Aerodactyl|0 fnt
|faint|p2b: Aerodactyl
|
|-weather|none
|upkeep
|
|t:|1785008104
|switch|p2b: Sylveon|Sylveon, L50, F|100/100
|switch|p1a: Hydreigon|Hydreigon, L50, F|94/100
|-damage|p2b: Sylveon|88/100|[from] Stealth Rock
|turn|6
|
|t:|1785008118
|move|p1a: Hydreigon|Earth Power|p2a: Kingambit
|-supereffective|p2a: Kingambit|1
|-damage|p2a: Kingambit|0 fnt
|faint|p2a: Kingambit
|move|p1b: Lucario|Flash Cannon|p2b: Sylveon
|-supereffective|p2b: Sylveon|1
|-damage|p2b: Sylveon|0 fnt
|faint|p2b: Sylveon
|
|win|MrManlyMeep
