|j|☆azuredreamer vg
|j|☆pabloblo
|html|azuredreamer vgpabloblo    
|uhtml|bestof|Game 2 of a best-of-3
|t:|1756825542
|gametype|doubles
|player|p1|azuredreamer vg|1|1306
|player|p2|pabloblo|guitarist|1316
|gen|9
|tier|[Gen 9] VGC 2025 Reg H (Bo3)
|rated|
|rule|Species Clause: Limit one of each Pokémon
|rule|Item Clause: Limit 1 of each item
|clearpoke
|poke|p1|Annihilape, L50, F|
|poke|p1|Archaludon, L50, M|
|poke|p1|Whimsicott, L50, M|
|poke|p1|Pelipper, L50, F|
|poke|p1|Indeedee, L50, M|
|poke|p1|Sneasler, L50, F|
|poke|p2|Torkoal, L50, M|
|poke|p2|Indeedee-F, L50, F|
|poke|p2|Armarouge, L50, F|
|poke|p2|Ursaluna, L50, F|
|poke|p2|Kingambit, L50, M|
|poke|p2|Maushold, L50|
|teampreview|4
|showteam|p1|Annihilape||ChoiceScarf|Defiant|FinalGambit,RageFist,Uturn,CloseCombat|||F|||50|,,,,,Grass]Archaludon||AssaultVest|Stamina|BodyPress,FlashCannon,ElectroShot,DracoMeteor|||M|||50|,,,,,Water]Whimsicott||CovertCloak|Prankster|Moonblast,BeatUp,Tailwind,Taunt|||M|||50|,,,,,Ghost]Pelipper||SafetyGoggles|Drizzle|WeatherBall,Hurricane,WideGuard,Protect|||F|||50|,,,,,Ground]Indeedee||FocusSash|PsychicSurge|ExpandingForce,TeraBlast,TrickRoom,Protect|||M|||50|,,,,,Fairy]Sneasler||PsychicSeed|Unburden|DireClaw,ThroatChop,CloseCombat,Protect|||F|||50|,,,,,Dark
|showteam|p2|Torkoal||Charcoal|Drought|Eruption,Overheat,HelpingHand,Protect|||M|||50|,,,,,Fire]Indeedee-F||SafetyGoggles|PsychicSurge|FollowMe,Psychic,TrickRoom,HelpingHand|||F|||50|,,,,,Water]Armarouge||PowerHerb|FlashFire|ArmorCannon,MeteorBeam,ExpandingForce,TrickRoom|||F|||50|,,,,,Grass]Ursaluna||FlameOrb|Guts|Facade,HeadlongRush,Earthquake,Protect|||F|||50|,,,,,Ghost]Kingambit||AssaultVest|Defiant|KowtowCleave,IronHead,SuckerPunch,LowKick|||M|||50|,,,,,Flying]Maushold||WideLens|Technician|PopulationBomb,FollowMe,Taunt,Protect||||||50|,,,,,Ghost
|inactive|Battle timer is ON: inactive players will automatically lose when time's up. (requested by azuredreamer vg)
|
|t:|1756825569
|teamsize|p1|4
|teamsize|p2|4
|start
|switch|p1a: Archaludon|Archaludon, L50, M, shiny|100/100
|switch|p1b: Whimsicott|Whimsicott, L50, M|100/100
|switch|p2a: Indeedee|Indeedee-F, L50, F|100/100
|switch|p2b: Maushold|Maushold, L50|100/100
|-fieldstart|move: Psychic Terrain|[from] ability: Psychic Surge|[of] p2a: Indeedee
|turn|1
|inactive|azuredreamer vg has 30 seconds left.
|inactive|pabloblo has 30 seconds left.
|inactive|azuredreamer vg has 20 seconds left.
|inactive|pabloblo has 20 seconds left.
|inactive|azuredreamer vg has 15 seconds left.
|inactive|azuredreamer vg has 10 seconds left.
|inactive|azuredreamer vg has 5 seconds left.
|
|t:|1756825623
|move|p2b: Maushold|Follow Me|p2b: Maushold
|-singleturn|p2b: Maushold|move: Follow Me
|move|p1b: Whimsicott|Moonblast|p2b: Maushold
|-damage|p2b: Maushold|44/100
|move|p1a: Archaludon|Flash Cannon|p2b: Maushold
|-damage|p2b: Maushold|0 fnt
|faint|p2b: Maushold
|move|p2a: Indeedee|Trick Room|p2a: Indeedee
|-fieldstart|move: Trick Room|[of] p2a: Indeedee
|
|upkeep
|
|t:|1756825641
|switch|p2b: Armarouge|Armarouge, L50, F|100/100
|turn|2
|inactive|azuredreamer vg has 30 seconds left.
|inactive|azuredreamer vg has 20 seconds left.
|inactive|azuredreamer vg has 15 seconds left.
|inactive|azuredreamer vg has 10 seconds left.
|inactive|azuredreamer vg has 5 seconds left.
|
|t:|1756825692
|move|p2b: Armarouge|Meteor Beam||[still]
|-prepare|p2b: Armarouge|Meteor Beam
|-boost|p2b: Armarouge|spa|1
|-enditem|p2b: Armarouge|Power Herb
|-anim|p2b: Armarouge|Meteor Beam|p1b: Whimsicott
|-damage|p1b: Whimsicott|0 fnt
|faint|p1b: Whimsicott
|move|p2a: Indeedee|Psychic|p1a: Archaludon
|-resisted|p1a: Archaludon
|-damage|p1a: Archaludon|87/100
|-unboost|p1a: Archaludon|spd|1
|-ability|p1a: Archaludon|Stamina|boost
|-boost|p1a: Archaludon|def|1
|move|p1a: Archaludon|Flash Cannon|p2a: Indeedee
|-damage|p2a: Indeedee|63/100
|
|upkeep
|
|t:|1756825705
|switch|p1b: Pelipper|Pelipper, L50, F|100/100
|-weather|RainDance|[from] ability: Drizzle|[of] p1b: Pelipper
|turn|3
|inactive|azuredreamer vg has 30 seconds left.
|inactive|pabloblo has 30 seconds left.
|
|t:|1756825738
|-terastallize|p1a: Archaludon|Water
|move|p1b: Pelipper|Wide Guard|p1b: Pelipper
|-singleturn|p1b: Pelipper|Wide Guard
|move|p2a: Indeedee|Follow Me|p2a: Indeedee
|-singleturn|p2a: Indeedee|move: Follow Me
|move|p2b: Armarouge|Armor Cannon|p1a: Archaludon
|-resisted|p1a: Archaludon
|-damage|p1a: Archaludon|62/100
|-unboost|p2b: Armarouge|def|1
|-unboost|p2b: Armarouge|spd|1
|-ability|p1a: Archaludon|Stamina|boost
|-boost|p1a: Archaludon|def|1
|move|p1a: Archaludon|Electro Shot||[still]
|-prepare|p1a: Archaludon|Electro Shot
|-boost|p1a: Archaludon|spa|1
|-anim|p1a: Archaludon|Electro Shot|p2a: Indeedee
|-damage|p2a: Indeedee|8/100
|
|-weather|RainDance|[upkeep]
|upkeep
|turn|4
|inactive|azuredreamer vg has 30 seconds left.
|inactive|pabloblo has 30 seconds left.
|
|t:|1756825764
|switch|p2b: Ursaluna|Ursaluna, L50, F|100/100
|switch|p1b: Sneasler|Sneasler, L50, F, shiny|100/100
|-enditem|p1b: Sneasler|Psychic Seed
|-boost|p1b: Sneasler|spd|1|[from] item: Psychic Seed
|move|p2a: Indeedee|Follow Me|p2a: Indeedee
|-singleturn|p2a: Indeedee|move: Follow Me
|move|p1a: Archaludon|Electro Shot||[still]
|-prepare|p1a: Archaludon|Electro Shot
|-boost|p1a: Archaludon|spa|1
|-anim|p1a: Archaludon|Electro Shot|p2a: Indeedee
|-damage|p2a: Indeedee|0 fnt
|faint|p2a: Indeedee
|
|-weather|RainDance|[upkeep]
|-status|p2b: Ursaluna|brn|[from] item: Flame Orb
|upkeep
|
|t:|1756825770
|switch|p2a: Armarouge|Armarouge, L50, F|100/100
|turn|5
|inactive|azuredreamer vg has 30 seconds left.
|inactive|azuredreamer vg has 20 seconds left.
|inactive|azuredreamer vg has 15 seconds left.
|
|t:|1756825811
|move|p1b: Sneasler|Protect|p1b: Sneasler
|-singleturn|p1b: Sneasler|Protect
|move|p2b: Ursaluna|Facade|p1a: Archaludon
|-damage|p1a: Archaludon|18/100
|-ability|p1a: Archaludon|Stamina|boost
|-boost|p1a: Archaludon|def|1
|move|p2a: Armarouge|Expanding Force|p1b: Sneasler|[spread] p1a
|-activate|p1b: Sneasler|move: Protect
|-crit|p1a: Archaludon
|-damage|p1a: Archaludon|0 fnt
|faint|p1a: Archaludon
|
|-weather|RainDance|[upkeep]
|-damage|p2b: Ursaluna|95/100 brn|[from] brn
|-fieldend|move: Trick Room
|-fieldend|move: Psychic Terrain
|upkeep
|
|t:|1756825821
|switch|p1a: Pelipper|Pelipper, L50, F|100/100
|turn|6
|inactive|azuredreamer vg has 30 seconds left.
|inactive|azuredreamer vg has 20 seconds left.
|inactive|azuredreamer vg has 15 seconds left.
|inactive|azuredreamer vg has 10 seconds left.
|
|t:|1756825870
|-terastallize|p2b: Ursaluna|Ghost
|move|p1b: Sneasler|Dire Claw|p2a: Armarouge
|-damage|p2a: Armarouge|56/100
|move|p1a: Pelipper|Weather Ball|p2a: Armarouge
|-supereffective|p2a: Armarouge
|-damage|p2a: Armarouge|0 fnt
|faint|p2a: Armarouge
|move|p2b: Ursaluna|Facade|p1b: Sneasler
|-damage|p1b: Sneasler|0 fnt
|faint|p1b: Sneasler
|
|-weather|RainDance|[upkeep]
|-damage|p2b: Ursaluna|89/100 brn|[from] brn
|upkeep
|turn|7
|
|t:|1756825882
|move|p2b: Ursaluna|Protect|p2b: Ursaluna
|-singleturn|p2b: Ursaluna|Protect
|move|p1a: Pelipper|Hurricane|p2b: Ursaluna
|-activate|p2b: Ursaluna|move: Protect
|
|-weather|none
|-damage|p2b: Ursaluna|83/100 brn|[from] brn
|upkeep
|turn|8
|
|t:|1756825886
|move|p1a: Pelipper|Hurricane|p2b: Ursaluna
|-damage|p2b: Ursaluna|40/100 brn
|-start|p2b: Ursaluna|confusion
|-activate|p2b: Ursaluna|confusion
|move|p2b: Ursaluna|Facade|p1a: Pelipper
|-damage|p1a: Pelipper|0 fnt
|faint|p1a: Pelipper
|
|win|pabloblo
||pabloblo is ready for game 3.
