|j|☆TheLordNebiros
|j|☆broleevee
|html|TheLordNebirosbroleevee    
|uhtml|bestof|Game 1 of a best-of-3
|t:|1756272325
|gametype|doubles
|player|p1|TheLordNebiros|265|1143
|player|p2|broleevee|striker|1144
|gen|9
|tier|[Gen 9] VGC 2025 Reg H (Bo3)
|rated|
|rule|Species Clause: Limit one of each Pokémon
|rule|Item Clause: Limit 1 of each item
|clearpoke
|poke|p1|Basculegion, L50, M|
|poke|p1|Archaludon, L50, M|
|poke|p1|Pelipper, L50, M|
|poke|p1|Incineroar, L50, M|
|poke|p1|Gholdengo, L50|
|poke|p1|Amoonguss, L50, F|
|poke|p2|Charizard, L50, F|
|poke|p2|Jumpluff, L50, M|
|poke|p2|Torkoal, L50, F|
|poke|p2|Ursaluna, L50, F|
|poke|p2|Incineroar, L50, M|
|poke|p2|Duskull, L50, M|
|teampreview|4
|showteam|p1|Basculegion||ChoiceBand|SwiftSwim|FlipTurn,WaveCrash,AquaJet,LastRespects|||M|||50|,,,,,Water]Archaludon||AssaultVest|Stamina|ElectroShot,DracoMeteor,FlashCannon,BodyPress|||M|||50|,,,,,Grass]Pelipper||FocusSash|Drizzle|Protect,Tailwind,Hurricane,WeatherBall|||M|||50|,,,,,Ghost]Incineroar||SafetyGoggles|Intimidate|FakeOut,KnockOff,PartingShot,Taunt|||M|||50|,,,,,Ghost]Gholdengo||LifeOrb|GoodasGold|Protect,NastyPlot,MakeItRain,ShadowBall||||||50|,,,,,Water]Amoonguss||RockyHelmet|Regenerator|Protect,RagePowder,Spore,PollenPuff|||F|||50|,,,,,Dark
|showteam|p2|Charizard||ChoiceSpecs|SolarPower|HeatWave,Overheat,WeatherBall,DragonPulse|||F|||50|,,,,,Ghost]Jumpluff||CovertCloak|Chlorophyll|SleepPowder,Tailwind,RagePowder,SunnyDay|||M|||50|,,,,,Water]Torkoal||EjectPack|Drought|Overheat,Eruption,ClearSmog,Protect|||F|||50|,,,,,Fire]Ursaluna||FlameOrb|Guts|Facade,HeadlongRush,Earthquake,Protect|||F|||50|,,,,,Ghost]Incineroar||AssaultVest|Intimidate|FakeOut,FlareBlitz,KnockOff,Uturn|||M|||50|,,,,,Ghost]Duskull||Eviolite|Levitate|NightShade,TrickRoom,Haze,PainSplit|||M|||50|,,,,,Steel
|inactive|Battle timer is ON: inactive players will automatically lose when time's up. (requested by broleevee)
|inactive|TheLordNebiros also wants the timer to be on.
|inactive|TheLordNebiros has 60 seconds left.
|inactive|broleevee has 60 seconds left.
|inactive|TheLordNebiros has 30 seconds left.
|
|t:|1756272391
|teamsize|p1|4
|teamsize|p2|4
|start
|switch|p1a: Incineroar|Incineroar, L50, M, shiny|100/100
|switch|p1b: Basculegion|Basculegion, L50, M, shiny|100/100
|switch|p2a: Jumpluff|Jumpluff, L50, M|100/100
|switch|p2b: Torkoal|Torkoal, L50, F|100/100
|-ability|p1a: Incineroar|Intimidate|boost
|-unboost|p2a: Jumpluff|atk|1
|-unboost|p2b: Torkoal|atk|1
|-weather|SunnyDay|[from] ability: Drought|[of] p2b: Torkoal
|-enditem|p2b: Torkoal|Eject Pack
|
|t:|1756272410
|switch|p2b: Incineroar|Incineroar, L50, M|100/100
|-ability|p2b: Incineroar|Intimidate|boost
|-unboost|p1a: Incineroar|atk|1
|-unboost|p1b: Basculegion|atk|1
|turn|1
|
|t:|1756272431
|switch|p1a: Pelipper|Pelipper, L50, M, shiny|100/100
|-weather|RainDance|[from] ability: Drizzle|[of] p1a: Pelipper
|move|p1b: Basculegion|Flip Turn|p2b: Incineroar
|-supereffective|p2b: Incineroar
|-damage|p2b: Incineroar|10/100
|
|t:|1756272439
|switch|p1b: Incineroar|Incineroar, L50, M, shiny|100/100|[from] Flip Turn
|-ability|p1b: Incineroar|Intimidate|boost
|-unboost|p2a: Jumpluff|atk|1
|-unboost|p2b: Incineroar|atk|1
|move|p2a: Jumpluff|Tailwind|p2a: Jumpluff
|-sidestart|p2: broleevee|move: Tailwind
|move|p2b: Incineroar|U-turn|p1b: Incineroar
|-damage|p1b: Incineroar|89/100
|
|t:|1756272449
|switch|p2b: Torkoal|Torkoal, L50, F|100/100|[from] U-turn
|-weather|SunnyDay|[from] ability: Drought|[of] p2b: Torkoal
|
|-weather|SunnyDay|[upkeep]
|upkeep
|turn|2
|inactive|TheLordNebiros has 30 seconds left.
|inactive|broleevee has 30 seconds left.
|
|t:|1756272478
|move|p1b: Incineroar|Fake Out|p2b: Torkoal
|-damage|p2b: Torkoal|91/100
|move|p2a: Jumpluff|Sleep Powder|p1a: Pelipper
|-status|p1a: Pelipper|slp|[from] move: Sleep Powder
|cant|p1a: Pelipper|slp
|cant|p2b: Torkoal|flinch
|
|-weather|SunnyDay|[upkeep]
|upkeep
|turn|3
|inactive|broleevee has 30 seconds left.
|
|t:|1756272507
|switch|p2a: Incineroar|Incineroar, L50, M|10/100
|-ability|p2a: Incineroar|Intimidate|boost
|-unboost|p1a: Pelipper|atk|1
|-unboost|p1b: Incineroar|atk|1
|switch|p1a: Amoonguss|Amoonguss, L50, F, shiny|100/100
|move|p1b: Incineroar|Taunt|p2a: Incineroar
|-start|p2a: Incineroar|move: Taunt
|move|p2b: Torkoal|Eruption|p1b: Incineroar|[spread] p1a,p1b
|-supereffective|p1a: Amoonguss
|-resisted|p1b: Incineroar
|-damage|p1a: Amoonguss|0 fnt
|-damage|p1b: Incineroar|62/100
|faint|p1a: Amoonguss
|
|-weather|SunnyDay|[upkeep]
|upkeep
|
|t:|1756272525
|switch|p1a: Basculegion|Basculegion, L50, M, shiny|100/100
|turn|4
|inactive|TheLordNebiros has 30 seconds left.
|inactive|TheLordNebiros has 20 seconds left.
|
|t:|1756272560
|switch|p1b: Pelipper|Pelipper, L50, M, shiny|100/100 slp
|-weather|RainDance|[from] ability: Drizzle|[of] p1b: Pelipper
|switch|p2b: Jumpluff|Jumpluff, L50, M|100/100
|move|p2a: Incineroar|Fake Out|p1b: Pelipper
|-damage|p1b: Pelipper|84/100 slp
|move|p1a: Basculegion|Flip Turn|p2a: Incineroar
|-supereffective|p2a: Incineroar
|-damage|p2a: Incineroar|0 fnt
|faint|p2a: Incineroar
|
|t:|1756272571
|switch|p1a: Incineroar|Incineroar, L50, M, shiny|62/100|[from] Flip Turn
|-ability|p1a: Incineroar|Intimidate|boost
|-unboost|p2b: Jumpluff|atk|1
|
|-weather|RainDance|[upkeep]
|-sideend|p2: broleevee|move: Tailwind
|upkeep
|
|t:|1756272581
|switch|p2a: Charizard|Charizard, L50, F|100/100
|turn|5
|
|t:|1756272597
|switch|p1b: Basculegion|Basculegion, L50, M, shiny|100/100
|-terastallize|p2a: Charizard|Ghost
|move|p1a: Incineroar|Fake Out|p2b: Jumpluff
|-damage|p2b: Jumpluff|88/100
|move|p2b: Jumpluff|Tailwind|p2b: Jumpluff
|-sidestart|p2: broleevee|move: Tailwind
|move|p2a: Charizard|Weather Ball|p1a: Incineroar
|-supereffective|p1a: Incineroar
|-damage|p1a: Incineroar|0 fnt
|faint|p1a: Incineroar
|
|-weather|RainDance|[upkeep]
|upkeep
|
|t:|1756272608
|switch|p1a: Pelipper|Pelipper, L50, M, shiny|84/100 slp
|turn|6
|
|t:|1756272630
|switch|p2a: Torkoal|Torkoal, L50, F|91/100
|-weather|SunnyDay|[from] ability: Drought|[of] p2a: Torkoal
|-terastallize|p1b: Basculegion|Water
|move|p2b: Jumpluff|Sleep Powder|p1b: Basculegion|[miss]
|-miss|p2b: Jumpluff|p1b: Basculegion
|move|p1b: Basculegion|Last Respects|p2b: Jumpluff
|-damage|p2b: Jumpluff|0 fnt
|faint|p2b: Jumpluff
|cant|p1a: Pelipper|slp
|
|-weather|SunnyDay|[upkeep]
|upkeep
|
|t:|1756272638
|switch|p2b: Charizard|Charizard, L50, F, tera:Ghost|100/100
|turn|7
|inactive|broleevee has 30 seconds left.
|inactive|broleevee has 20 seconds left.
|inactive|broleevee has 15 seconds left.
|
|t:|1756272679
|move|p2b: Charizard|Overheat|p1b: Basculegion
|-resisted|p1b: Basculegion
|-damage|p1b: Basculegion|0 fnt
|-unboost|p2b: Charizard|spa|2
|faint|p1b: Basculegion
|-curestatus|p1a: Pelipper|slp|[msg]
|move|p1a: Pelipper|Tailwind|p1a: Pelipper
|-sidestart|p1: TheLordNebiros|move: Tailwind
|move|p2a: Torkoal|Eruption|p1a: Pelipper
|-resisted|p1a: Pelipper
|-damage|p1a: Pelipper|13/100
|
|-weather|SunnyDay|[upkeep]
|-damage|p2b: Charizard|88/100|[from] ability: Solar Power|[of] p2b: Charizard
|upkeep
|turn|8
|
|t:|1756272693
|move|p1a: Pelipper|Protect|p1a: Pelipper
|-singleturn|p1a: Pelipper|Protect
|move|p2b: Charizard|Overheat|p1a: Pelipper
|-activate|p1a: Pelipper|move: Protect
|move|p2a: Torkoal|Eruption|p1a: Pelipper
|-activate|p1a: Pelipper|move: Protect
|
|-weather|SunnyDay|[upkeep]
|-damage|p2b: Charizard|76/100|[from] ability: Solar Power|[of] p2b: Charizard
|-sideend|p2: broleevee|move: Tailwind
|upkeep
|turn|9
|
|t:|1756272709
|move|p1a: Pelipper|Weather Ball|p2b: Charizard
|-damage|p2b: Charizard|21/100
|move|p2b: Charizard|Overheat|p1a: Pelipper
|-resisted|p1a: Pelipper
|-damage|p1a: Pelipper|0 fnt
|-unboost|p2b: Charizard|spa|2
|faint|p1a: Pelipper
|
|win|broleevee
||TheLordNebiros is ready for game 2.
||broleevee is ready for game 2.
|uhtml|next|Next: Game 2 of 3
