|j|☆spearow's nest
|j|☆wait for swarley
|html|spearow's nestwait for swarley    
|uhtml|bestof|Game 2 of a best-of-3
|t:|1756775175
|gametype|doubles
|player|p1|spearow's nest|lance|1330
|player|p2|wait for swarley|volo|1384
|gen|9
|tier|[Gen 9] VGC 2025 Reg H (Bo3)
|rated|
|rule|Species Clause: Limit one of each Pokémon
|rule|Item Clause: Limit 1 of each item
|clearpoke
|poke|p1|Dragonite, L50, M|
|poke|p1|Annihilape, L50, F|
|poke|p1|Glimmora, L50, F|
|poke|p1|Incineroar, L50, F|
|poke|p1|Dondozo, L50, M|
|poke|p1|Tatsugiri-Droopy, L50, F|
|poke|p2|Dachsbun, L50, M|
|poke|p2|Torkoal, L50, M|
|poke|p2|Typhlosion-Hisui, L50, F|
|poke|p2|Kingambit, L50, M|
|poke|p2|Rillaboom, L50, F|
|poke|p2|Zoroark-Hisui, L50, M|
|teampreview|4
|showteam|p1|Dragonite||LoadedDice|Multiscale|Protect,ScaleShot,Tailwind,Haze|||M|||50|,,,,,Fairy]Annihilape||SafetyGoggles|Defiant|DrainPunch,RageFist,FinalGambit,Coaching|||F|||50|,,,,,Fighting]Glimmora||PowerHerb|ToxicDebris|SpikyShield,MeteorBeam,SludgeBomb,PowerGem|||F|||50|,,,,,Grass]Incineroar||AssaultVest|Intimidate|FlareBlitz,KnockOff,FakeOut,Uturn|||F|||50|,,,,,Water]Dondozo||CovertCloak|Oblivious|Protect,WaveCrash,Earthquake,Substitute|||M|||50|,,,,,Dark]Tatsugiri-Droopy||ChoiceScarf|Commander|DracoMeteor,MuddyWater,IcyWind,DragonPulse|||F|||50|,,,,,Dragon
|showteam|p2|Dachsbun||Leftovers|WellBakedBody|BodyPress,Snarl,Rest,Yawn|||M|||50|,,,,,Steel]Torkoal||SitrusBerry|Drought|WeatherBall,Eruption,LavaPlume,Protect|||M|||50|,,,,,Fire]Typhlosion-Hisui||ChoiceScarf|Blaze|Eruption,ShadowBall,LavaPlume,Overheat|||F|||50|,,,,,Dark]Kingambit||SafetyGoggles|Defiant|SuckerPunch,Assurance,Protect,SwordsDance|||M|||50|,,,,,Dark]Rillaboom||AssaultVest|GrassySurge|FakeOut,GrassyGlide,WoodHammer,Uturn|||F|||50|,,,,,Grass]Zoroark-Hisui||ChoiceSpecs|Illusion|Snarl,BitterMalice,HyperVoice,HyperBeam|||M|||50|,,,,,Normal
|inactive|Battle timer is ON: inactive players will automatically lose when time's up. (requested by wait for swarley)
|inactive|spearow's nest has 60 seconds left.
|inactive|wait for swarley has 60 seconds left.
|
|t:|1756775231
|teamsize|p1|4
|teamsize|p2|4
|start
|switch|p1a: Glimmora|Glimmora, L50, F, shiny|100/100
|switch|p1b: Annihilape|Annihilape, L50, F|100/100
|switch|p2a: Typhlosion|Typhlosion-Hisui, L50, F|100/100
|switch|p2b: Kingambit|Kingambit, L50, M, shiny|100/100
|turn|1
|
|t:|1756775251
|-terastallize|p1b: Annihilape|Fighting
|move|p2b: Kingambit|Protect|p2b: Kingambit
|-singleturn|p2b: Kingambit|Protect
|move|p2a: Typhlosion|Eruption|p1b: Annihilape|[spread] p1a,p1b
|-resisted|p1a: Glimmora
|-damage|p1a: Glimmora|63/100
|-damage|p1b: Annihilape|50/100
|move|p1b: Annihilape|Drain Punch|p2b: Kingambit
|-activate|p2b: Kingambit|move: Protect
|move|p1a: Glimmora|Meteor Beam||[still]
|-prepare|p1a: Glimmora|Meteor Beam
|-boost|p1a: Glimmora|spa|1
|-enditem|p1a: Glimmora|Power Herb
|-anim|p1a: Glimmora|Meteor Beam|p2a: Typhlosion
|-supereffective|p2a: Typhlosion
|-damage|p2a: Typhlosion|0 fnt
|faint|p2a: Typhlosion
|
|upkeep
|
|t:|1756775274
|switch|p2a: Rillaboom|Rillaboom, L50, F, shiny|100/100
|turn|2
|inactive|spearow's nest has 30 seconds left.
|
|t:|1756775300
|move|p2b: Kingambit|Sucker Punch|p1a: Glimmora
|-damage|p1a: Glimmora|13/100
|-activate|p1a: Glimmora|ability: Toxic Debris
|-sidestart|p2: wait for swarley|move: Toxic Spikes
|move|p2a: Rillaboom|Bitter Malice|p1b: Annihilape
|-damage|p1b: Annihilape|0 fnt
|faint|p1b: Annihilape
|move|p1a: Glimmora|Power Gem|p2a: Rillaboom
|-damage|p2a: Rillaboom|0 fnt
|replace|p2a: Zoroark|Zoroark-Hisui, L50, M, shiny
|-end|p2a: Zoroark|Illusion
|faint|p2a: Zoroark
|
|upkeep
|
|t:|1756775315
|switch|p2a: Rillaboom|Rillaboom, L50, F, shiny|100/100
|switch|p1b: Dondozo|Dondozo, L50, M|100/100
|-status|p2a: Rillaboom|psn
|-fieldstart|move: Grassy Terrain|[from] ability: Grassy Surge|[of] p2a: Rillaboom
|turn|3
|
|t:|1756775338
|move|p1b: Dondozo|Protect|p1b: Dondozo
|-singleturn|p1b: Dondozo|Protect
|move|p2a: Rillaboom|Grassy Glide|p1a: Glimmora
|-damage|p1a: Glimmora|0 fnt
|-activate|p1a: Glimmora|ability: Toxic Debris
|-sidestart|p2: wait for swarley|move: Toxic Spikes
|faint|p1a: Glimmora
|move|p2b: Kingambit|Swords Dance|p2b: Kingambit
|-boost|p2b: Kingambit|atk|2
|
|-damage|p2a: Rillaboom|88/100 psn|[from] psn
|upkeep
|
|t:|1756775347
|switch|p1a: Tatsugiri|Tatsugiri-Droopy, L50, F|100/100
|-activate|p1a: Tatsugiri|ability: Commander|[of] p1b: Dondozo
|-boost|p1b: Dondozo|atk|2
|-boost|p1b: Dondozo|spa|2
|-boost|p1b: Dondozo|spe|2
|-boost|p1b: Dondozo|def|2
|-boost|p1b: Dondozo|spd|2
|turn|4
|
|t:|1756775370
|-terastallize|p2a: Rillaboom|Grass
|move|p1b: Dondozo|Substitute|p1b: Dondozo
|-start|p1b: Dondozo|Substitute
|-damage|p1b: Dondozo|76/100
|move|p2a: Rillaboom|Wood Hammer|p1b: Dondozo
|-supereffective|p1b: Dondozo
|-end|p1b: Dondozo|Substitute
|-damage|p2a: Rillaboom|79/100 psn|[from] Recoil|[of] p1b: Dondozo
|move|p2b: Kingambit|Assurance|p1b: Dondozo
|-damage|p1b: Dondozo|53/100
|
|-heal|p1b: Dondozo|59/100|[from] Grassy Terrain
|-heal|p2a: Rillaboom|85/100 psn|[from] Grassy Terrain
|-damage|p2a: Rillaboom|73/100 psn|[from] psn
|upkeep
|turn|5
|
|t:|1756775385
|move|p1b: Dondozo|Protect|p1b: Dondozo
|-singleturn|p1b: Dondozo|Protect
|move|p2a: Rillaboom|Grassy Glide|p1b: Dondozo
|-activate|p1b: Dondozo|move: Protect
|move|p2b: Kingambit|Assurance|p1b: Dondozo
|-activate|p1b: Dondozo|move: Protect
|
|-heal|p1b: Dondozo|65/100|[from] Grassy Terrain
|-heal|p2a: Rillaboom|79/100 psn|[from] Grassy Terrain
|-damage|p2a: Rillaboom|67/100 psn|[from] psn
|upkeep
|turn|6
|
|t:|1756775394
|move|p2a: Rillaboom|Grassy Glide|p1b: Dondozo
|-supereffective|p1b: Dondozo
|-damage|p1b: Dondozo|27/100
|move|p1b: Dondozo|Substitute|p1b: Dondozo
|-start|p1b: Dondozo|Substitute
|-damage|p1b: Dondozo|3/100
|move|p2b: Kingambit|Assurance|p1b: Dondozo
|-end|p1b: Dondozo|Substitute
|
|-heal|p1b: Dondozo|9/100|[from] Grassy Terrain
|-heal|p2a: Rillaboom|72/100 psn|[from] Grassy Terrain
|-damage|p2a: Rillaboom|60/100 psn|[from] psn
|upkeep
|turn|7
|
|t:|1756775405
|move|p1b: Dondozo|Protect|p1b: Dondozo
|-singleturn|p1b: Dondozo|Protect
|move|p2a: Rillaboom|Grassy Glide|p1b: Dondozo
|-activate|p1b: Dondozo|move: Protect
|move|p2b: Kingambit|Swords Dance|p2b: Kingambit
|-boost|p2b: Kingambit|atk|2
|
|-heal|p1b: Dondozo|15/100|[from] Grassy Terrain
|-heal|p2a: Rillaboom|66/100 psn|[from] Grassy Terrain
|-damage|p2a: Rillaboom|54/100 psn|[from] psn
|-fieldend|move: Grassy Terrain
|upkeep
|turn|8
|
|t:|1756775421
|move|p1b: Dondozo|Protect||[still]
|-fail|p1b: Dondozo
|move|p2a: Rillaboom|Wood Hammer|p1b: Dondozo
|-supereffective|p1b: Dondozo
|-damage|p1b: Dondozo|0 fnt
|faint|p1b: Dondozo
|-damage|p2a: Rillaboom|49/100 psn|[from] Recoil
|move|p2b: Kingambit|Assurance|p1a: Tatsugiri
|-damage|p1a: Tatsugiri|0 fnt
|faint|p1a: Tatsugiri
|
|win|wait for swarley
