|j|☆TrafalgarLaw773
|j|☆ziggleroid_don
|html|TrafalgarLaw773ziggleroid_don    
|uhtml|bestof|Game 2 of a best-of-3
|t:|1785836250
|gametype|doubles
|player|p1|TrafalgarLaw773|1|
|player|p2|ziggleroid_don|170|
|gen|9
|tier|[Gen 9 Champions] VGC 2026 Reg M-B (Bo3)
|rule|Species Clause: Limit one of each Pokémon
|rule|Item Clause: Limit 1 of each item
|clearpoke
|poke|p1|Garbodor, L50, F|
|poke|p1|Heliolisk, L50, M|
|poke|p1|Simisear, L50, F|
|poke|p1|Slowbro, L50, F|
|poke|p1|Toucannon, L50, F|
|poke|p1|Zoroark, L50, M|
|poke|p2|Heliolisk, L50, F|
|poke|p2|Simisear, L50, M|
|poke|p2|Zoroark, L50, M|
|poke|p2|Tinkaton, L50, F|
|poke|p2|Emboar, L50, F|
|poke|p2|Slowbro, L50, M|
|teampreview|4
|showteam|p1|Garbodor||WhiteHerb|WeakArmor|GunkShot,StompingTantrum,Explosion,Protect|Adamant||F|||50|]Heliolisk||FocusSash|DrySkin|HyperVoice,Electroweb,GrassKnot,Protect|Timid||M|||50|]Simisear||Charcoal|Blaze|FlareBlitz,FakeOut,WillOWisp,Protect|Jolly||F|||50|]Slowbro||Leftovers|Regenerator|Blizzard,Surf,SlackOff,PsychicNoise|Bold||F|||50|]Toucannon||SitrusBerry|SkillLink|BraveBird,BulletSeed,Tailwind,Protect|Adamant||F|||50|]Zoroark||LifeOrb|Illusion|DarkPulse,Flamethrower,NastyPlot,Protect|Timid||M|||50|
|showteam|p2|Heliolisk||ChoiceScarf|SolarPower|Thunderbolt,VoltSwitch,Uturn,GrassKnot|Timid||F|||50|]Simisear||LifeOrb|Gluttony|RockSlide,FlameCharge,FlareBlitz,Protect|Jolly||M|||50|]Zoroark||HeatRock|Illusion|SunnyDay,Crunch,Protect,Uturn|Jolly||M|||50|]Tinkaton||Leftovers|MoldBreaker|FakeOut,GigatonHammer,KnockOff,Encore|Serious||F|||50|]Emboar||Emboarite|Blaze|FlareBlitz,BulkUp,DrainPunch,Protect|Adamant||F|||50|]Slowbro||SitrusBerry|Regenerator|Scald,Yawn,Protect,SunnyDay|Bold||M|||50|
|
|t:|1785836311
|teamsize|p1|4
|teamsize|p2|4
|start
|switch|p1a: Toucannon|Toucannon, L50, F|100/100
|switch|p1b: Simisear|Simisear, L50, F|100/100
|switch|p2a: Tinkaton|Tinkaton, L50, F|100/100
|switch|p2b: Simisear|Simisear, L50, M|100/100
|turn|1
|
|t:|1785836341
|move|p1b: Simisear|Fake Out|p2b: Simisear
|-damage|p2b: Simisear|84/100
|move|p2a: Tinkaton|Sunny Day|p2a: Tinkaton
|-weather|SunnyDay
|cant|p2b: Simisear|flinch
|move|p1a: Toucannon|Brave Bird|p2b: Simisear
|-damage|p2b: Simisear|0 fnt
|faint|p2b: Simisear
|-damage|p1a: Toucannon|77/100|[from] Recoil
|
|-weather|SunnyDay|[upkeep]
|upkeep
|
|t:|1785836364
|switch|p2b: Emboar|Emboar, L50, F|100/100
|turn|2
|
|t:|1785836397
|switch|p2b: Tinkaton|Tinkaton, L50, F|100/100
|-ability|p2b: Tinkaton|Mold Breaker
|move|p2a: Tinkaton|U-turn|p1a: Toucannon
|-resisted|p1a: Toucannon|1
|-damage|p1a: Toucannon|64/100
|
|t:|1785836403
|switch|p2a: Emboar|Emboar, L50, F|100/100|[from] U-turn
|move|p1b: Simisear|Will-O-Wisp|p2a: Emboar
|-immune|p2a: Emboar
|move|p1a: Toucannon|Brave Bird|p2b: Tinkaton
|-resisted|p2b: Tinkaton|1
|-damage|p2b: Tinkaton|61/100
|-damage|p1a: Toucannon|51/100|[from] Recoil
|
|-weather|SunnyDay|[upkeep]
|-heal|p2b: Tinkaton|67/100|[from] item: Leftovers
|upkeep
|turn|3
|
|t:|1785836432
|detailschange|p2a: Emboar|Emboar-Mega, L50, F
|-mega|p2a: Emboar|Emboar|Emboarite
|-ability|p2a: Emboar|Mold Breaker
|move|p1a: Toucannon|Protect|p1a: Toucannon
|-singleturn|p1a: Toucannon|Protect
|move|p2b: Tinkaton|Fake Out|p1a: Toucannon
|-activate|p1a: Toucannon|move: Protect
|move|p1b: Simisear|Flare Blitz|p2b: Tinkaton
|-supereffective|p2b: Tinkaton|1
|-damage|p2b: Tinkaton|0 fnt
|faint|p2b: Tinkaton
|-damage|p1b: Simisear|76/100|[from] Recoil
|move|p2a: Emboar|Flare Blitz|p1a: Toucannon
|-activate|p1a: Toucannon|move: Protect
|
|-weather|SunnyDay|[upkeep]
|upkeep
|
|t:|1785836447
|switch|p2b: Zoroark|Zoroark, L50, M|100/100
|turn|4
|
|t:|1785836459
|move|p2a: Emboar|Protect|p2a: Emboar
|-singleturn|p2a: Emboar|Protect
|move|p2b: Zoroark|Crunch|p1a: Toucannon
|-damage|p1a: Toucannon|3/100
|-enditem|p1a: Toucannon|Sitrus Berry|[eat]
|-heal|p1a: Toucannon|28/100|[from] item: Sitrus Berry
|move|p1b: Simisear|Flare Blitz|p2b: Zoroark
|-damage|p2b: Zoroark|0 fnt
|faint|p2b: Zoroark
|-damage|p1b: Simisear|51/100|[from] Recoil
|move|p1a: Toucannon|Brave Bird|p2a: Emboar
|-activate|p2a: Emboar|move: Protect
|
|-weather|SunnyDay|[upkeep]
|upkeep
|turn|5
|-message|ziggleroid_don forfeited.
|
|win|TrafalgarLaw773
