|j|☆ShmebKing
|j|☆GuardianGamer101
|html|ShmebKingGuardianGamer101    
|uhtml|bestof|Game 2 of a best-of-3
|t:|1783311414
|gametype|doubles
|player|p1|ShmebKing|juan|
|player|p2|GuardianGamer101|lass-gen4dp|
|gen|9
|tier|[Gen 9 Champions] VGC 2026 Reg M-B (Bo3)
|rule|Species Clause: Limit one of each Pokémon
|rule|Item Clause: Limit 1 of each item
|clearpoke
|poke|p1|Scolipede, L50, M|
|poke|p1|Staraptor, L50, M|
|poke|p1|Zoroark-Hisui, L50, F|
|poke|p1|Aerodactyl, L50, M|
|poke|p1|Sylveon, L50, F|
|poke|p1|Liepard, L50, M|
|poke|p2|Scovillain, L50, F|
|poke|p2|Feraligatr, L50, M|
|poke|p2|Sylveon, L50, F|
|poke|p2|Kingambit, L50, F|
|poke|p2|Ceruledge, L50, M, shiny|
|poke|p2|Aerodactyl, L50, F|
|teampreview|4
|showteam|p1|Scolipede||FocusSash|SpeedBoost|Megahorn,Round,Protect,RockSlide|Jolly||M|||50|]Staraptor||Staraptite|Reckless|CloseCombat,BraveBird,Protect,Roost|Jolly||M|||50|]Zoroark-Hisui||ChoiceScarf|Illusion|Round,BitterMalice,Flamethrower,Trick|Timid||F|||50|]Aerodactyl||ChartiBerry|RockHead|RockSlide,IceFang,Protect,Tailwind|Jolly||M|||50|]Sylveon||LifeOrb|Pixilate|Round,QuickAttack,HyperVoice,Protect|Quiet||F|||50|]Liepard||MentalHerb|Prankster|FakeOut,KnockOff,Protect,Copycat|Jolly||M|||50|
|showteam|p2|Scovillain||Scovillainite|Moody|Overheat,LeechSeed,RagePowder,Protect|Calm||F|||50|]Feraligatr||LifeOrb|SheerForce|Liquidation,RockSlide,DragonDance,Protect|Adamant||M|||50|]Sylveon||FairyFeather|Pixilate|HyperVoice,HyperBeam,QuickAttack,Detect|Modest||F|||50|]Kingambit||ChopleBerry|Defiant|SuckerPunch,KowtowCleave,IronHead,Protect|Adamant||F|||50|]Ceruledge||Charcoal|FlashFire|BitterBlade,ThroatChop,BulkUp,Protect|Adamant||M|||50|]Aerodactyl||FocusSash|Unnerve|RockSlide,DualWingbeat,Tailwind,WideGuard|Jolly||F|||50|
|inactive|Battle timer is ON: inactive players will automatically lose when time's up. (requested by ShmebKing)
|inactive|GuardianGamer101 also wants the timer to be on.
|j| bananamandoge421
|inactive|ShmebKing has 60 seconds left.
|inactive|GuardianGamer101 has 60 seconds left.
|j| Diglett1
|inactive|ShmebKing has 30 seconds left.
|
|t:|1783311481
|teamsize|p1|4
|teamsize|p2|4
|start
|switch|p1a: Bane|Scolipede, L50, M|100/100
|switch|p1b: Dynamic|Aerodactyl, L50, M|100/100
|switch|p2a: Scovillain|Scovillain, L50, F|100/100
|switch|p2b: Sylveon|Sylveon, L50, F|100/100
|turn|1
|
|t:|1783311503
|detailschange|p2a: Scovillain|Scovillain-Mega, L50, F
|-mega|p2a: Scovillain|Scovillain|Scovillainite
|move|p1b: Dynamic|Tailwind|p1b: Dynamic
|-sidestart|p1: ShmebKing|move: Tailwind
|move|p1a: Bane|Rock Slide|p2a: Scovillain|[spread] p2b
|-miss|p1a: Bane|p2a: Scovillain
|-crit|p2b: Sylveon
|-damage|p2b: Sylveon|69/100
|move|p2a: Scovillain|Overheat|p1a: Bane
|-supereffective|p1a: Bane|1
|-enditem|p1a: Bane|Focus Sash
|-damage|p1a: Bane|1/100
|-unboost|p2a: Scovillain|spa|2
|move|p2b: Sylveon|Hyper Voice|p1b: Dynamic|[spread] p1a,p1b
|-resisted|p1a: Bane|1
|-damage|p1a: Bane|0 fnt
|-damage|p1b: Dynamic|32/100
|faint|p1a: Bane
|
|upkeep
|inactive|ShmebKing has 30 seconds left.
|inactive|ShmebKing has 20 seconds left.
|
|t:|1783311540
|switch|p1a: Applause|Sylveon, L50, F|100/100
|turn|2
|
|t:|1783311557
|move|p2b: Sylveon|Detect|p2b: Sylveon
|-singleturn|p2b: Sylveon|Protect
|move|p1b: Dynamic|Rock Slide|p2a: Scovillain|[spread] p2a
|-activate|p2b: Sylveon|move: Protect
|-supereffective|p2a: Scovillain|1
|-damage|p2a: Scovillain|51/100
|-status|p1b: Dynamic|brn|[from] ability: Spicy Spray|[of] p2a: Scovillain
|move|p1a: Applause|Hyper Voice|p2b: Sylveon|[spread] p2a
|-activate|p2b: Sylveon|move: Protect
|-resisted|p2a: Scovillain|1
|-damage|p2a: Scovillain|27/100
|-status|p1a: Applause|brn|[from] ability: Spicy Spray|[of] p2a: Scovillain
|-damage|p1a: Applause|90/100 brn|[from] item: Life Orb
|cant|p2a: Scovillain|flinch
|
|-damage|p1b: Dynamic|26/100 brn|[from] brn
|-damage|p1a: Applause|84/100 brn|[from] brn
|upkeep
|turn|3
|inactive|ShmebKing has 30 seconds left.
|inactive|GuardianGamer101 has 30 seconds left.
|
|t:|1783311589
|move|p2a: Scovillain|Protect|p2a: Scovillain
|-singleturn|p2a: Scovillain|Protect
|move|p1b: Dynamic|Rock Slide|p2b: Sylveon|[spread] p2b
|-activate|p2a: Scovillain|move: Protect
|-damage|p2b: Sylveon|53/100
|move|p1a: Applause|Hyper Voice|p2a: Scovillain|[spread] p2b
|-activate|p2a: Scovillain|move: Protect
|-damage|p2b: Sylveon|10/100
|-damage|p1a: Applause|74/100 brn|[from] item: Life Orb
|move|p2b: Sylveon|Hyper Voice|p1a: Applause|[spread] p1a,p1b
|-damage|p1a: Applause|32/100 brn
|-damage|p1b: Dynamic|0 fnt
|faint|p1b: Dynamic
|
|-damage|p1a: Applause|26/100 brn|[from] brn
|upkeep
|
|t:|1783311598
|switch|p1b: Hi Andy|Zoroark-Hisui, L50, F|100/100
|turn|4
|inactive|ShmebKing has 30 seconds left.
|inactive|GuardianGamer101 has 30 seconds left.
|inactive|ShmebKing has 20 seconds left.
|
|t:|1783311634
|move|p2a: Scovillain|Rage Powder|p2a: Scovillain
|-singleturn|p2a: Scovillain|move: Rage Powder
|move|p2b: Sylveon|Quick Attack|p1a: Applause
|-damage|p1a: Applause|12/100 brn
|move|p1b: Hi Andy|Bitter Malice|p2a: Scovillain
|-damage|p2a: Scovillain|0 fnt
|-status|p1b: Hi Andy|brn|[from] ability: Spicy Spray|[of] p2a: Scovillain
|faint|p2a: Scovillain
|move|p1a: Applause|Hyper Voice|p2b: Sylveon
|-damage|p2b: Sylveon|0 fnt
|faint|p2b: Sylveon
|-damage|p1a: Applause|2/100 brn|[from] item: Life Orb
|
|-damage|p1b: Hi Andy|94/100 brn|[from] brn
|-damage|p1a: Applause|0 fnt|[from] brn
|faint|p1a: Applause
|-sideend|p1: ShmebKing|move: Tailwind
|upkeep
|
|t:|1783311652
|switch|p2a: Aerodactyl|Aerodactyl, L50, F|100/100
|switch|p2b: Ceruledge|Ceruledge, L50, M, shiny|100/100
|-ability|p2a: Aerodactyl|Unnerve
|turn|5
|
|t:|1783311673
|move|p1b: Hi Andy|Bitter Malice|p2b: Ceruledge
|-supereffective|p2b: Ceruledge|1
|-damage|p2b: Ceruledge|22/100
|-unboost|p2b: Ceruledge|atk|1
|move|p2a: Aerodactyl|Tailwind|p2a: Aerodactyl
|-sidestart|p2: GuardianGamer101|move: Tailwind
|move|p2b: Ceruledge|Throat Chop|p1b: Hi Andy
|-supereffective|p1b: Hi Andy|1
|-damage|p1b: Hi Andy|35/100 brn
|-start|p1b: Hi Andy|Throat Chop|[silent]
|
|-damage|p1b: Hi Andy|29/100 brn|[from] brn
|upkeep
|turn|6
|
|t:|1783311688
|move|p2a: Aerodactyl|Rock Slide|p1b: Hi Andy|[miss]
|-miss|p2a: Aerodactyl|p1b: Hi Andy
|move|p1b: Hi Andy|Bitter Malice|p2b: Ceruledge
|-supereffective|p2b: Ceruledge|1
|-damage|p2b: Ceruledge|0 fnt
|faint|p2b: Ceruledge
|
|-damage|p1b: Hi Andy|24/100 brn|[from] brn
|-end|p1b: Hi Andy|Throat Chop|[silent]
|upkeep
|turn|7
|
|t:|1783311705
|move|p2a: Aerodactyl|Rock Slide|p1b: Hi Andy|[miss]
|-miss|p2a: Aerodactyl|p1b: Hi Andy
|move|p1b: Hi Andy|Bitter Malice|p2a: Aerodactyl
|-damage|p2a: Aerodactyl|48/100
|-unboost|p2a: Aerodactyl|atk|1
|
|-damage|p1b: Hi Andy|18/100 brn|[from] brn
|upkeep
|turn|8
|
|t:|1783311715
|move|p2a: Aerodactyl|Rock Slide|p1b: Hi Andy
|-damage|p1b: Hi Andy|0 fnt
|faint|p1b: Hi Andy
|
|win|GuardianGamer101
|l| bananamandoge421
|l| Diglett1
