|j|☆FrancoilCieco777
|j|☆JuanGuerrero09
|html|FrancoilCieco777JuanGuerrero09    
|uhtml|bestof|Game 1 of a best-of-3
|t:|1757003603
|gametype|doubles
|player|p1|FrancoilCieco777|baker|1118
|player|p2|JuanGuerrero09|1|1070
|gen|9
|tier|[Gen 9] VGC 2025 Reg H (Bo3)
|rated|
|rule|Species Clause: Limit one of each Pokémon
|rule|Item Clause: Limit 1 of each item
|clearpoke
|poke|p1|Volcarona, L50, F|
|poke|p1|Electabuzz, L50, F|
|poke|p1|Sneasler, L50, M|
|poke|p1|Kingambit, L50, F|
|poke|p1|Dragonite, L50, M|
|poke|p1|Rillaboom, L50, F|
|poke|p2|Sneasler, L50, M|
|poke|p2|Indeedee, L50, M|
|poke|p2|Tyranitar, L50, M|
|poke|p2|Excadrill, L50, M|
|poke|p2|Gholdengo, L50|
|poke|p2|Incineroar, L50, F|
|teampreview|4
|showteam|p1|Volcarona||CovertCloak|FlameBody|HeatWave,TeraBlast,QuiverDance,Protect|||F|||50|,,,,,Fairy]Electabuzz||Eviolite|VitalSpirit|Thunderbolt,FollowMe,Taunt,Protect|||F|||50|,,,,,Ghost]Sneasler||FocusSash|Unburden|FakeOut,CloseCombat,DireClaw,Coaching|||M|||50|,,,,,Stellar]Kingambit||BlackGlasses|Defiant|KowtowCleave,SuckerPunch,SwordsDance,Protect|||F|||50|,,,,,Dark]Dragonite||LoadedDice|Multiscale|ScaleShot,ExtremeSpeed,Haze,Protect|||M|||50|,,,,,Normal]Rillaboom||AssaultVest|GrassySurge|WoodHammer,GrassyGlide,HighHorsepower,FakeOut|||F|||50|,,,,,Fire
|showteam|p2|Sneasler||WhiteHerb|Unburden|CloseCombat,DireClaw,FakeOut,Protect|||M|||50|,,,,,Dark]Indeedee||ChoiceScarf|PsychicSurge|ExpandingForce,TeraBlast,Trick,Protect|||M|||50|,,,,,Fire]Tyranitar||AssaultVest|SandStream|RockSlide,KnockOff,TeraBlast,LowKick|||M|||50|,,,,,Flying]Excadrill||FocusSash|SandRush|HighHorsepower,Earthquake,IronHead,Protect|||M|||50|,,,,,Ground]Gholdengo||MetalCoat|GoodasGold|ShadowBall,Protect,MakeItRain,NastyPlot||||||50|,,,,,Water]Incineroar||SafetyGoggles|Intimidate|FakeOut,KnockOff,FlareBlitz,PartingShot|||F|||50|,,,,,Ghost
|inactive|Battle timer is ON: inactive players will automatically lose when time's up. (requested by FrancoilCieco777)
|inactive|JuanGuerrero09 has 60 seconds left.
|
|t:|1757003659
|teamsize|p1|4
|teamsize|p2|4
|start
|switch|p1a: Dragonite|Dragonite, L50, M, shiny|100/100
|switch|p1b: Kingambit|Kingambit, L50, F, shiny|100/100
|switch|p2a: Tyranitar|Tyranitar, L50, M|100/100
|switch|p2b: Excadrill|Excadrill, L50, M|100/100
|-weather|Sandstorm|[from] ability: Sand Stream|[of] p2a: Tyranitar
|turn|1
|inactive|FrancoilCieco777 has 30 seconds left.
|inactive|JuanGuerrero09 has 30 seconds left.
|
|t:|1757003686
|-terastallize|p1b: Kingambit|Dark
|move|p1a: Dragonite|Extreme Speed|p2b: Excadrill
|-resisted|p2b: Excadrill
|-damage|p2b: Excadrill|76/100
|move|p1b: Kingambit|Sucker Punch|p2b: Excadrill
|-damage|p2b: Excadrill|0 fnt
|faint|p2b: Excadrill
|move|p2a: Tyranitar|Rock Slide|p1b: Kingambit|[spread] p1a,p1b
|-supereffective|p1a: Dragonite
|-damage|p1a: Dragonite|60/100
|-damage|p1b: Kingambit|75/100
|
|-weather|Sandstorm|[upkeep]
|-damage|p1a: Dragonite|54/100|[from] Sandstorm
|-damage|p1b: Kingambit|70/100|[from] Sandstorm
|upkeep
|
|t:|1757003702
|switch|p2b: Indeedee|Indeedee, L50, M|100/100
|-fieldstart|move: Psychic Terrain|[from] ability: Psychic Surge|[of] p2b: Indeedee
|turn|2
|
|t:|1757003727
|switch|p1b: Rillaboom|Rillaboom, L50, F|100/100
|-fieldstart|move: Grassy Terrain|[from] ability: Grassy Surge|[of] p1b: Rillaboom
|move|p2b: Indeedee|Protect|p2b: Indeedee
|-singleturn|p2b: Indeedee|Protect
|move|p1a: Dragonite|Scale Shot|p2b: Indeedee
|-activate|p2b: Indeedee|move: Protect
|move|p2a: Tyranitar|Low Kick|p1b: Rillaboom
|-damage|p1b: Rillaboom|71/100
|
|-weather|Sandstorm|[upkeep]
|-damage|p2b: Indeedee|95/100|[from] Sandstorm
|-damage|p1a: Dragonite|48/100|[from] Sandstorm
|-damage|p1b: Rillaboom|65/100|[from] Sandstorm
|-heal|p2b: Indeedee|100/100|[from] Grassy Terrain
|-heal|p1b: Rillaboom|71/100|[from] Grassy Terrain
|upkeep
|turn|3
|
|t:|1757003745
|switch|p2b: Incineroar|Incineroar, L50, F|100/100
|-ability|p2b: Incineroar|Intimidate|boost
|-unboost|p1a: Dragonite|atk|1
|-unboost|p1b: Rillaboom|atk|1
|-terastallize|p2a: Tyranitar|Flying
|move|p1b: Rillaboom|Fake Out|p2a: Tyranitar
|-damage|p2a: Tyranitar|94/100
|move|p1a: Dragonite|Scale Shot|p2b: Incineroar
|-damage|p2b: Incineroar|92/100
|-damage|p2b: Incineroar|84/100
|-damage|p2b: Incineroar|75/100
|-damage|p2b: Incineroar|66/100
|-damage|p2b: Incineroar|58/100
|-hitcount|p2b: Incineroar|5
|-unboost|p1a: Dragonite|def|1
|-boost|p1a: Dragonite|spe|1
|cant|p2a: Tyranitar|flinch
|
|-weather|Sandstorm|[upkeep]
|-damage|p1a: Dragonite|42/100|[from] Sandstorm
|-damage|p1b: Rillaboom|65/100|[from] Sandstorm
|-damage|p2a: Tyranitar|88/100|[from] Sandstorm
|-heal|p1b: Rillaboom|71/100|[from] Grassy Terrain
|-heal|p2b: Incineroar|64/100|[from] Grassy Terrain
|upkeep
|turn|4
|
|t:|1757003765
|switch|p1a: Kingambit|Kingambit, L50, F, shiny, tera:Dark|70/100
|move|p1b: Rillaboom|High Horsepower|p2b: Incineroar
|-supereffective|p2b: Incineroar
|-crit|p2b: Incineroar
|-damage|p2b: Incineroar|0 fnt
|faint|p2b: Incineroar
|move|p2a: Tyranitar|Rock Slide|p1b: Rillaboom|[spread] p1a,p1b
|-damage|p1a: Kingambit|46/100
|-damage|p1b: Rillaboom|41/100
|
|-weather|Sandstorm|[upkeep]
|-damage|p1b: Rillaboom|35/100|[from] Sandstorm
|-damage|p1a: Kingambit|40/100|[from] Sandstorm
|-damage|p2a: Tyranitar|82/100|[from] Sandstorm
|-heal|p1b: Rillaboom|41/100|[from] Grassy Terrain
|-heal|p1a: Kingambit|46/100|[from] Grassy Terrain
|upkeep
|
|t:|1757003780
|switch|p2b: Indeedee|Indeedee, L50, M|100/100
|-fieldstart|move: Psychic Terrain|[from] ability: Psychic Surge|[of] p2b: Indeedee
|turn|5
|
|t:|1757003803
|switch|p1b: Dragonite|Dragonite, L50, M, shiny|42/100
|move|p1a: Kingambit|Sucker Punch|p2a: Tyranitar
|-hint|Psychic Terrain doesn't affect Pokémon immune to Ground.
|-damage|p2a: Tyranitar|26/100
|move|p2b: Indeedee|Trick|p1a: Kingambit
|-activate|p2b: Indeedee|move: Trick|[of] p1a: Kingambit
|-item|p1a: Kingambit|Choice Scarf|[from] move: Trick
|-item|p2b: Indeedee|Black Glasses|[from] move: Trick
|move|p2a: Tyranitar|Rock Slide|p1b: Dragonite|[spread] p1a,p1b
|-supereffective|p1b: Dragonite
|-damage|p1a: Kingambit|20/100
|-damage|p1b: Dragonite|0 fnt
|faint|p1b: Dragonite
|
|-weather|none
|upkeep
|
|t:|1757003813
|switch|p1b: Rillaboom|Rillaboom, L50, F|41/100
|-fieldstart|move: Grassy Terrain|[from] ability: Grassy Surge|[of] p1b: Rillaboom
|turn|6
|
|t:|1757003834
|move|p1b: Rillaboom|Fake Out|p2b: Indeedee
|-damage|p2b: Indeedee|72/100
|move|p1a: Kingambit|Sucker Punch|p2a: Tyranitar
|-damage|p2a: Tyranitar|0 fnt
|faint|p2a: Tyranitar
|cant|p2b: Indeedee|flinch
|
|-heal|p2b: Indeedee|78/100|[from] Grassy Terrain
|-heal|p1b: Rillaboom|47/100|[from] Grassy Terrain
|-heal|p1a: Kingambit|26/100|[from] Grassy Terrain
|upkeep
|turn|7
|
|t:|1757003843
|move|p1a: Kingambit|Sucker Punch|p2b: Indeedee
|-supereffective|p2b: Indeedee
|-damage|p2b: Indeedee|0 fnt
|faint|p2b: Indeedee
|
|win|FrancoilCieco777
