|j|☆spellbreakvgc
|j|☆TreyBayBay
|html|spellbreakvgcTreyBayBay    
|uhtml|bestof|Game 2 of a best-of-3
|t:|1757937048
|gametype|doubles
|player|p1|spellbreakvgc|lance|1101
|player|p2|TreyBayBay|ninjaboy|1059
|gen|9
|tier|[Gen 9] VGC 2025 Reg H (Bo3)
|rated|
|rule|Species Clause: Limit one of each Pokémon
|rule|Item Clause: Limit 1 of each item
|clearpoke
|poke|p1|Incineroar, L50, M|
|poke|p1|Tyranitar, L50, F|
|poke|p1|Porygon2, L50|
|poke|p1|Ursaluna, L50, M|
|poke|p1|Indeedee-F, L50, F|
|poke|p1|Gholdengo, L50|
|poke|p2|Ninetales-Alola, L50, M|
|poke|p2|Farigiraf, L50, M|
|poke|p2|Sneasler, L50, M|
|poke|p2|Incineroar, L50, F|
|poke|p2|Archaludon, L50, F|
|poke|p2|Hydreigon, L50, F|
|teampreview|4
|showteam|p1|Incineroar||SitrusBerry|Intimidate|PartingShot,FakeOut,KnockOff,Snarl|||M|||50|,,,,,Water]Tyranitar||AssaultVest|SandStream|RockSlide,KnockOff,LowKick,Outrage|||F|||50|,,,,,Flying]Porygon2||Eviolite|Download|TrickRoom,Recover,IceBeam,TeraBlast||||||50|,,,,,Ghost]Ursaluna||FlameOrb|Guts|Earthquake,HeadlongRush,Facade,Protect|||M|||50|,,,,,Fairy]Indeedee-F||PsychicSeed|PsychicSurge|FollowMe,HelpingHand,Psychic,TrickRoom|||F|||50|,,,,,Grass]Gholdengo||Leftovers|GoodasGold|MakeItRain,ShadowBall,NastyPlot,Protect||||||50|,,,,,Dragon
|showteam|p2|Ninetales-Alola||LightClay|SnowWarning|Protect,Blizzard,Moonblast,AuroraVeil|||M|||50|,,,,,Ghost]Farigiraf||ThroatSpray|ArmorTail|ExpandingForce,HyperVoice,TrickRoom,Imprison|||M|||50|,,,,,Fairy]Sneasler||FocusSash|PoisonTouch|FakeOut,DireClaw,CloseCombat,Taunt|||M|||50|,,,,,Stellar]Incineroar||SafetyGoggles|Intimidate|FakeOut,FlareBlitz,KnockOff,WillOWisp|||F|||50|,,,,,Ghost]Archaludon||AssaultVest|Stamina|DracoMeteor,FlashCannon,BodyPress,Thunderbolt|||F|||50|,,,,,Bug]Hydreigon||CovertCloak|Levitate|Snarl,EarthPower,HeatWave,Tailwind|||F|||50|,,,,,Ghost
|inactive|Battle timer is ON: inactive players will automatically lose when time's up. (requested by spellbreakvgc)
|inactive|spellbreakvgc has 60 seconds left.
|inactive|TreyBayBay has 60 seconds left.
|
|t:|1757937094
|teamsize|p1|4
|teamsize|p2|4
|start
|switch|p1a: Porygon2|Porygon2, L50|100/100
|switch|p1b: Incineroar|Incineroar, L50, M|100/100
|switch|p2a: Farigiraf|Farigiraf, L50, M, shiny|100/100
|switch|p2b: Hydreigon|Hydreigon, L50, F, shiny|100/100
|-ability|p1b: Incineroar|Intimidate|boost
|-unboost|p2a: Farigiraf|atk|1
|-unboost|p2b: Hydreigon|atk|1
|-ability|p1a: Porygon2|Download|boost
|-boost|p1a: Porygon2|spa|1
|turn|1
|
|t:|1757937111
|move|p2b: Hydreigon|Tailwind|p2b: Hydreigon
|-sidestart|p2: TreyBayBay|move: Tailwind
|move|p2a: Farigiraf|Imprison|p2a: Farigiraf
|-start|p2a: Farigiraf|move: Imprison
|move|p1a: Porygon2|Ice Beam|p2b: Hydreigon
|-supereffective|p2b: Hydreigon
|-damage|p2b: Hydreigon|0 fnt
|faint|p2b: Hydreigon
|move|p1b: Incineroar|Knock Off|p2a: Farigiraf
|-supereffective|p2a: Farigiraf
|-damage|p2a: Farigiraf|42/100
|-enditem|p2a: Farigiraf|Throat Spray|[from] move: Knock Off|[of] p1b: Incineroar
|
|upkeep
|
|t:|1757937122
|switch|p2b: Archaludon|Archaludon, L50, F, shiny|100/100
|turn|2
|
|t:|1757937136
|move|p2b: Archaludon|Body Press|p1a: Porygon2
|-supereffective|p1a: Porygon2
|-damage|p1a: Porygon2|71/100
|move|p2a: Farigiraf|Hyper Voice|p1b: Incineroar|[spread] p1a,p1b
|-damage|p1a: Porygon2|55/100
|-damage|p1b: Incineroar|83/100
|move|p1b: Incineroar|Parting Shot|p2b: Archaludon
|-unboost|p2b: Archaludon|atk|1
|-unboost|p2b: Archaludon|spa|1
|
|t:|1757937147
|switch|p1b: Gholdengo|Gholdengo, L50|100/100|[from] Parting Shot
|move|p1a: Porygon2|Ice Beam|p2a: Farigiraf
|-damage|p2a: Farigiraf|4/100
|
|upkeep
|turn|3
|inactive|spellbreakvgc has 30 seconds left.
|
|t:|1757937179
|move|p2b: Archaludon|Draco Meteor|p1b: Gholdengo
|-resisted|p1b: Gholdengo
|-damage|p1b: Gholdengo|86/100
|-unboost|p2b: Archaludon|spa|2
|move|p2a: Farigiraf|Hyper Voice|p1b: Gholdengo|[spread] p1a
|-immune|p1b: Gholdengo
|-damage|p1a: Porygon2|40/100
|move|p1b: Gholdengo|Nasty Plot|p1b: Gholdengo
|-boost|p1b: Gholdengo|spa|2
|move|p1a: Porygon2|Recover|p1a: Porygon2
|-heal|p1a: Porygon2|90/100
|
|-heal|p1b: Gholdengo|92/100|[from] item: Leftovers
|upkeep
|turn|4
|
|t:|1757937201
|move|p2b: Archaludon|Thunderbolt|p1b: Gholdengo
|-crit|p1b: Gholdengo
|-damage|p1b: Gholdengo|57/100
|move|p2a: Farigiraf|Expanding Force|p1b: Gholdengo
|-resisted|p1b: Gholdengo
|-damage|p1b: Gholdengo|45/100
|move|p1b: Gholdengo|Nasty Plot|p1b: Gholdengo
|-boost|p1b: Gholdengo|spa|2
|move|p1a: Porygon2|Ice Beam|p2a: Farigiraf
|-damage|p2a: Farigiraf|0 fnt
|faint|p2a: Farigiraf
|
|-heal|p1b: Gholdengo|52/100|[from] item: Leftovers
|-sideend|p2: TreyBayBay|move: Tailwind
|upkeep
|
|t:|1757937213
|switch|p2a: Sneasler|Sneasler, L50, M|100/100
|turn|5
|
|t:|1757937237
|-terastallize|p2a: Sneasler|Stellar
|-terastallize|p1a: Porygon2|Ghost
|move|p2a: Sneasler|Close Combat|p1a: Porygon2
|-immune|p1a: Porygon2
|move|p2b: Archaludon|Body Press|p1a: Porygon2
|-immune|p1a: Porygon2
|move|p1b: Gholdengo|Shadow Ball|p2b: Archaludon
|-damage|p2b: Archaludon|37/100
|-unboost|p2b: Archaludon|spd|1
|-ability|p2b: Archaludon|Stamina|boost
|-boost|p2b: Archaludon|def|1
|move|p1a: Porygon2|Trick Room|p1a: Porygon2
|-fieldstart|move: Trick Room|[of] p1a: Porygon2
|
|-heal|p1b: Gholdengo|58/100|[from] item: Leftovers
|upkeep
|turn|6
|
|t:|1757937261
|move|p1a: Porygon2|Ice Beam|p2a: Sneasler
|-damage|p2a: Sneasler|47/100
|move|p1b: Gholdengo|Make It Rain|p2a: Sneasler|[spread] p2a,p2b
|-resisted|p2b: Archaludon
|-damage|p2a: Sneasler|0 fnt
|-damage|p2b: Archaludon|0 fnt
|-unboost|p1b: Gholdengo|spa|1
|faint|p2a: Sneasler
|faint|p2b: Archaludon
|
|win|spellbreakvgc
||spellbreakvgc is ready for game 3.
|inactive|TreyBayBay has 30 seconds to confirm battle start!
||TreyBayBay is ready for game 3.
|uhtml|next|Next: Game 3 of 3
