|j|☆TsitOoO
|j|☆GenoxVGC
|html|TsitOoOGenoxVGC    
|uhtml|bestof|Game 1 of a best-of-3
|t:|1783349691
|gametype|doubles
|player|p1|TsitOoO|169|1026
|player|p2|GenoxVGC|ethan|1000
|gen|9
|tier|[Gen 9 Champions] VGC 2026 Reg M-B (Bo3)
|rated|
|rule|Species Clause: Limit one of each Pokémon
|rule|Item Clause: Limit 1 of each item
|clearpoke
|poke|p1|Kangaskhan, L50, F|
|poke|p1|Incineroar, L50, F|
|poke|p1|Torkoal, L50, M|
|poke|p1|Sinistcha, L50|
|poke|p1|Raichu, L50, M|
|poke|p1|Whimsicott, L50, F|
|poke|p2|Froslass, L50, F, shiny|
|poke|p2|Whimsicott, L50, F|
|poke|p2|Glimmora, L50, M|
|poke|p2|Garchomp, L50, F|
|poke|p2|Gyarados, L50, F, shiny|
|poke|p2|Kingambit, L50, F|
|teampreview|4
|showteam|p1|Kangaskhan||Kangaskhanite|Scrappy|FakeOut,LastResort|Adamant||F|||50|]Incineroar||SitrusBerry|Intimidate|FakeOut,FlareBlitz,DarkestLariat,PartingShot|Careful||F|||50|]Torkoal||Charcoal|Drought|Eruption,AncientPower,Protect,SolarBeam|Quiet||M|||50|]Sinistcha||Leftovers|Hospitality|MatchaGotcha,Protect,StrengthSap,ShadowBall|Calm|||||50|]Raichu||RaichuniteY|LightningRod|FocusBlast,FakeOut,ZapCannon,Protect|Modest||M|||50|]Whimsicott||FocusSash|Prankster|Tailwind,Moonblast,Protect,Encore|Modest||F|||50|
|showteam|p2|Froslass||Froslassite|CursedBody|Blizzard,ShadowBall,AuroraVeil,Protect|Timid||F|||50|]Whimsicott||FairyFeather|Prankster|Moonblast,Tailwind,Encore,Protect|Bold||F|||50|]Glimmora||FocusSash|ToxicDebris|PowerGem,SludgeBomb,EarthPower,SpikyShield|Modest||M|||50|]Garchomp||LifeOrb|RoughSkin|StompingTantrum,DragonClaw,RockSlide,Protect|Adamant||F|||50|]Gyarados||SitrusBerry|Intimidate|Waterfall,PowerWhip,DragonDance,Protect|Adamant||F|||50|]Kingambit||BlackGlasses|Defiant|KowtowCleave,SuckerPunch,SwordsDance,Protect|Adamant||F|||50|
|j| Rederer
|l| Rederer
|
|t:|1783349765
|teamsize|p1|4
|teamsize|p2|4
|start
|switch|p1a: Torkoal|Torkoal, L50, M|100/100
|switch|p1b: Raichu|Raichu, L50, M|100/100
|switch|p2a: Froslass|Froslass, L50, F, shiny|100/100
|switch|p2b: Whimsicott|Whimsicott, L50, F|100/100
|-weather|SunnyDay|[from] ability: Drought|[of] p1a: Torkoal
|turn|1
|
|t:|1783349812
|detailschange|p1b: Raichu|Raichu-Mega-Y, L50, M
|-mega|p1b: Raichu|Raichu|Raichunite Y
|detailschange|p2a: Froslass|Froslass-Mega, L50, F, shiny
|-mega|p2a: Froslass|Froslass|Froslassite
|-weather|Snowscape|[from] ability: Snow Warning|[of] p2a: Froslass
|move|p2b: Whimsicott|Tailwind|p2b: Whimsicott
|-sidestart|p2: GenoxVGC|move: Tailwind
|move|p2a: Froslass|Shadow Ball|p1a: Torkoal
|-damage|p1a: Torkoal|35/100
|-unboost|p1a: Torkoal|spd|1
|move|p1b: Raichu|Zap Cannon|p2a: Froslass
|-damage|p2a: Froslass|12/100
|-status|p2a: Froslass|par
|move|p1a: Torkoal|Eruption|p2b: Whimsicott|[spread] p2a,p2b
|-supereffective|p2a: Froslass|1
|-supereffective|p2b: Whimsicott|1
|-damage|p2a: Froslass|0 fnt
|-damage|p2b: Whimsicott|53/100
|faint|p2a: Froslass
|
|-weather|Snowscape|[upkeep]
|upkeep
|
|t:|1783349837
|switch|p2a: Glimmora|Glimmora, L50, M|100/100
|turn|2
|
|t:|1783349860
|switch|p1b: Sinistcha|Sinistcha, L50|100/100
|-heal|p1a: Torkoal|60/100|[from] ability: Hospitality|[of] p1b: Sinistcha
|move|p1a: Torkoal|Protect|p1a: Torkoal
|-singleturn|p1a: Torkoal|Protect
|move|p2a: Glimmora|Earth Power|p1b: Sinistcha
|-resisted|p1b: Sinistcha|1
|-damage|p1b: Sinistcha|84/100
|move|p2b: Whimsicott|Moonblast|p1b: Sinistcha
|-damage|p1b: Sinistcha|54/100
|-unboost|p1b: Sinistcha|spa|1
|
|-weather|Snowscape|[upkeep]
|-heal|p1b: Sinistcha|60/100|[from] item: Leftovers
|upkeep
|turn|3
|
|t:|1783349909
|switch|p1b: Whimsicott|Whimsicott, L50, F|100/100
|move|p2a: Glimmora|Earth Power|p1a: Torkoal
|-supereffective|p1a: Torkoal|1
|-damage|p1a: Torkoal|0 fnt
|faint|p1a: Torkoal
|move|p2b: Whimsicott|Moonblast|p1b: Whimsicott
|-damage|p1b: Whimsicott|45/100
|
|-weather|Snowscape|[upkeep]
|upkeep
|
|t:|1783349920
|switch|p1a: Raichu|Raichu-Mega-Y, L50, M|100/100
|turn|4
|
|t:|1783349951
|move|p1b: Whimsicott|Protect|p1b: Whimsicott
|-singleturn|p1b: Whimsicott|Protect
|move|p2a: Glimmora|Spiky Shield|p2a: Glimmora
|-singleturn|p2a: Glimmora|move: Protect
|move|p1a: Raichu|Protect|p1a: Raichu
|-singleturn|p1a: Raichu|Protect
|move|p2b: Whimsicott|Moonblast|p1a: Raichu
|-activate|p1a: Raichu|move: Protect
|
|-weather|Snowscape|[upkeep]
|-sideend|p2: GenoxVGC|move: Tailwind
|upkeep
|turn|5
|
|t:|1783349982
|move|p1b: Whimsicott|Tailwind|p1b: Whimsicott
|-sidestart|p1: TsitOoO|move: Tailwind
|move|p2b: Whimsicott|Encore|p1b: Whimsicott
|-start|p1b: Whimsicott|Encore
|move|p1a: Raichu|Zap Cannon|p2a: Glimmora
|-enditem|p2a: Glimmora|Focus Sash
|-damage|p2a: Glimmora|1/100
|-status|p2a: Glimmora|par
|move|p2a: Glimmora|Earth Power|p1a: Raichu
|-supereffective|p1a: Raichu|1
|-damage|p1a: Raichu|0 fnt
|faint|p1a: Raichu
|
|-weather|none
|upkeep
|
|t:|1783349995
|switch|p1a: Sinistcha|Sinistcha, L50|60/100
|-heal|p1b: Whimsicott|70/100|[from] ability: Hospitality|[of] p1a: Sinistcha
|turn|6
|
|t:|1783350015
|move|p1b: Whimsicott|Tailwind||[still]
|-fail|p1b: Whimsicott
|move|p1a: Sinistcha|Matcha Gotcha|p2b: Whimsicott|[spread] p2a,p2b
|-resisted|p2b: Whimsicott|1
|-damage|p2a: Glimmora|0 fnt
|-heal|p1a: Sinistcha|61/100|[from] drain|[of] p2a: Glimmora
|-damage|p2b: Whimsicott|38/100
|-heal|p1a: Sinistcha|68/100|[from] drain|[of] p2b: Whimsicott
|-status|p2b: Whimsicott|brn
|faint|p2a: Glimmora
|move|p2b: Whimsicott|Moonblast|p1a: Sinistcha
|-damage|p1a: Sinistcha|38/100
|
|-heal|p1a: Sinistcha|44/100|[from] item: Leftovers
|-damage|p2b: Whimsicott|32/100 brn|[from] brn
|upkeep
|
|t:|1783350030
|switch|p2a: Kingambit|Kingambit, L50, F|100/100
|turn|7
|
|t:|1783350050
|move|p1b: Whimsicott|Tailwind||[still]
|-fail|p1b: Whimsicott
|move|p1a: Sinistcha|Matcha Gotcha|p2a: Kingambit|[spread] p2a,p2b
|-resisted|p2a: Kingambit|1
|-resisted|p2b: Whimsicott|1
|-damage|p2a: Kingambit|89/100
|-heal|p1a: Sinistcha|50/100g|[from] drain|[of] p2a: Kingambit
|-damage|p2b: Whimsicott|16/100 brn
|-heal|p1a: Sinistcha|57/100|[from] drain|[of] p2b: Whimsicott
|move|p2b: Whimsicott|Moonblast|p1a: Sinistcha
|-damage|p1a: Sinistcha|27/100
|move|p2a: Kingambit|Kowtow Cleave|p1a: Sinistcha
|-supereffective|p1a: Sinistcha|1
|-damage|p1a: Sinistcha|0 fnt
|faint|p1a: Sinistcha
|
|-damage|p2b: Whimsicott|10/100 brn|[from] brn
|upkeep
|turn|8
|
|t:|1783350073
|move|p1b: Whimsicott|Tailwind||[still]
|-fail|p1b: Whimsicott
|move|p2b: Whimsicott|Moonblast|p1b: Whimsicott
|-damage|p1b: Whimsicott|13/100
|move|p2a: Kingambit|Kowtow Cleave|p1b: Whimsicott
|-resisted|p1b: Whimsicott|1
|-damage|p1b: Whimsicott|0 fnt
|faint|p1b: Whimsicott
|
|win|GenoxVGC
|inactive|TsitOoO has 30 seconds to confirm battle start!
|inactive|GenoxVGC has 30 seconds to confirm battle start!
