|j|☆anastasiax
|j|☆chefbenboyrd
|html|anastasiaxchefbenboyrd    
|uhtml|bestof|Game 1 of a best-of-3
|t:|1757125310
|gametype|doubles
|player|p1|anastasiax|dana|1125
|player|p2|chefbenboyrd|brawly|1179
|gen|9
|tier|[Gen 9] VGC 2025 Reg H (Bo3)
|rated|
|rule|Species Clause: Limit one of each Pokémon
|rule|Item Clause: Limit 1 of each item
|clearpoke
|poke|p1|Kingambit, L50, F|
|poke|p1|Arcanine-Hisui, L50, F|
|poke|p1|Whimsicott, L50, F|
|poke|p1|Dragonite, L50, M|
|poke|p1|Sneasler, L50, M|
|poke|p1|Ursaluna-Bloodmoon, L50, M|
|poke|p2|Whimsicott, L50, M|
|poke|p2|Hydreigon, L50, M|
|poke|p2|Incineroar, L50, F|
|poke|p2|Gholdengo, L50|
|poke|p2|Basculegion, L50, M|
|poke|p2|Dragonite, L50, M|
|teampreview|4
|showteam|p1|Kingambit||SafetyGoggles|Defiant|KowtowCleave,Protect,SuckerPunch,SwordsDance|||F|||50|,,,,,Fire]Arcanine-Hisui||SitrusBerry|Intimidate|Howl,FlareBlitz,RockSlide,Protect|||F|||50|,,,,,Grass]Whimsicott||CovertCloak|Prankster|Protect,Moonblast,Encore,Tailwind|||F|||50|,,,,,Water]Dragonite||ChoiceBand|InnerFocus|TeraBlast,Outrage,StompingTantrum,ExtremeSpeed|||M|||50|,,,,,Flying]Sneasler||FocusSash|PoisonTouch|FakeOut,CloseCombat,DireClaw,Protect|||M|||50|,,,,,Grass]Ursaluna-Bloodmoon||LifeOrb|MindsEye|HyperVoice,BloodMoon,EarthPower,Protect|||M|||50|,,,,,Normal
|showteam|p2|Whimsicott||FocusSash|Prankster|SunnyDay,Encore,Tailwind,Moonblast|||M|||50|,,,,,Ghost]Hydreigon||ChoiceSpecs|Levitate|HeatWave,DracoMeteor,Snarl,DarkPulse|||M|||50|,,,,,Fire]Incineroar||SafetyGoggles|Intimidate|KnockOff,FakeOut,PartingShot,FlareBlitz|||F|||50|,,,,,Ghost]Gholdengo||LifeOrb|GoodasGold|Protect,MakeItRain,ShadowBall,NastyPlot||||||50|,,,,,Water]Basculegion||ChoiceScarf|Adaptability|LastRespects,WaveCrash,AquaJet,FlipTurn|||M|||50|,,,,,Water]Dragonite||LoadedDice|Multiscale|ScaleShot,Protect,ExtremeSpeed,Haze|||M|||50|,,,,,Fairy
|inactive|Battle timer is ON: inactive players will automatically lose when time's up. (requested by anastasiax)
|
|t:|1757125359
|teamsize|p1|4
|teamsize|p2|4
|start
|switch|p1a: Kingambit|Kingambit, L50, F|100/100
|switch|p1b: Arcanine|Arcanine-Hisui, L50, F|100/100
|switch|p2a: Whimsicott|Whimsicott, L50, M|100/100
|switch|p2b: Hydreigon|Hydreigon, L50, M|100/100
|-ability|p1b: Arcanine|Intimidate|boost
|-unboost|p2a: Whimsicott|atk|1
|-unboost|p2b: Hydreigon|atk|1
|turn|1
|inactive|chefbenboyrd has 30 seconds left.
|
|t:|1757125386
|-terastallize|p2b: Hydreigon|Fire
|move|p2a: Whimsicott|Tailwind|p2a: Whimsicott
|-sidestart|p2: chefbenboyrd|move: Tailwind
|move|p2b: Hydreigon|Heat Wave|p1b: Arcanine|[spread] p1a,p1b
|-supereffective|p1a: Kingambit
|-resisted|p1b: Arcanine
|-damage|p1a: Kingambit|0 fnt
|-damage|p1b: Arcanine|85/100
|faint|p1a: Kingambit
|move|p1b: Arcanine|Howl|p1b: Arcanine
|-boost|p1b: Arcanine|atk|1
|
|upkeep
|
|t:|1757125395
|switch|p1a: Sneasler|Sneasler, L50, M|100/100
|turn|2
|
|t:|1757125400
|move|p1a: Sneasler|Fake Out|p2a: Whimsicott
|-damage|p2a: Whimsicott|78/100
|cant|p2a: Whimsicott|flinch
|move|p2b: Hydreigon|Heat Wave|p1a: Sneasler|[spread] p1a,p1b
|-resisted|p1b: Arcanine
|-damage|p1a: Sneasler|19/100
|-damage|p1b: Arcanine|69/100
|move|p1b: Arcanine|Rock Slide|p2a: Whimsicott|[spread] p2a,p2b
|-supereffective|p2b: Hydreigon
|-damage|p2a: Whimsicott|25/100
|-damage|p2b: Hydreigon|25/100
|
|upkeep
|turn|3
|
|t:|1757125422
|move|p1a: Sneasler|Protect|p1a: Sneasler
|-singleturn|p1a: Sneasler|Protect
|move|p2a: Whimsicott|Moonblast|p1b: Arcanine
|-resisted|p1b: Arcanine
|-damage|p1b: Arcanine|48/100
|-enditem|p1b: Arcanine|Sitrus Berry|[eat]
|-heal|p1b: Arcanine|73/100|[from] item: Sitrus Berry
|move|p2b: Hydreigon|Heat Wave|p1b: Arcanine|[spread] p1b
|-activate|p1a: Sneasler|move: Protect
|-resisted|p1b: Arcanine
|-damage|p1b: Arcanine|56/100
|move|p1b: Arcanine|Rock Slide|p2a: Whimsicott|[spread] p2a,p2b
|-supereffective|p2b: Hydreigon
|-damage|p2a: Whimsicott|0 fnt
|-damage|p2b: Hydreigon|0 fnt
|faint|p2a: Whimsicott
|faint|p2b: Hydreigon
|
|upkeep
|
|t:|1757125435
|switch|p2a: Incineroar|Incineroar, L50, F|100/100
|switch|p2b: Basculegion|Basculegion, L50, M|100/100
|-ability|p2a: Incineroar|Intimidate|boost
|-unboost|p1a: Sneasler|atk|1
|-unboost|p1b: Arcanine|atk|1
|turn|4
|
|t:|1757125460
|move|p1b: Arcanine|Protect|p1b: Arcanine
|-singleturn|p1b: Arcanine|Protect
|move|p2b: Basculegion|Wave Crash|p1b: Arcanine
|-activate|p1b: Arcanine|move: Protect
|move|p2a: Incineroar|Knock Off|p1a: Sneasler
|-resisted|p1a: Sneasler
|-damage|p1a: Sneasler|0 fnt
|-enditem|p1a: Sneasler|Focus Sash|[from] move: Knock Off|[of] p2a: Incineroar
|faint|p1a: Sneasler
|
|-sideend|p2: chefbenboyrd|move: Tailwind
|upkeep
|
|t:|1757125466
|switch|p1a: Dragonite|Dragonite, L50, M|100/100
|turn|5
|
|t:|1757125485
|-terastallize|p1b: Arcanine|Grass
|move|p2b: Basculegion|Wave Crash|p1b: Arcanine
|-resisted|p1b: Arcanine
|-damage|p1b: Arcanine|17/100
|-damage|p2b: Basculegion|88/100|[from] Recoil
|move|p1b: Arcanine|Howl|p1b: Arcanine|[spread] p1a,p1b
|-boost|p1a: Dragonite|atk|1
|-boost|p1b: Arcanine|atk|1
|move|p1a: Dragonite|Outrage|p2b: Basculegion
|-damage|p2b: Basculegion|0 fnt
|faint|p2b: Basculegion
|move|p2a: Incineroar|Parting Shot|p1a: Dragonite
|-unboost|p1a: Dragonite|atk|1
|-unboost|p1a: Dragonite|spa|1
|
|upkeep
|turn|6
|
|t:|1757125501
|move|p1b: Arcanine|Rock Slide|p2a: Incineroar
|-supereffective|p2a: Incineroar
|-damage|p2a: Incineroar|19/100
|move|p1a: Dragonite|Outrage|p2a: Incineroar|[from] lockedmove
|-damage|p2a: Incineroar|0 fnt
|faint|p2a: Incineroar
|-start|p1a: Dragonite|confusion|[fatigue]
|
|win|anastasiax
