|j|☆insuff1cient
|j|☆MrrLonely
|html|insuff1cientMrrLonely    
|uhtml|bestof|Game 3 of a best-of-3
|t:|1785827636
|gametype|doubles
|player|p1|insuff1cient|102|
|player|p2|MrrLonely|preschooler|
|gen|9
|tier|[Gen 9 Champions] VGC 2026 Reg M-B (Bo3)
|rule|Species Clause: Limit one of each Pokémon
|rule|Item Clause: Limit 1 of each item
|clearpoke
|poke|p1|Torkoal, L50, M|
|poke|p1|Venusaur, L50, F|
|poke|p1|Hydreigon, L50, F|
|poke|p1|Milotic, L50, F|
|poke|p1|Tinkaton, L50, F|
|poke|p1|Gliscor, L50, M|
|poke|p2|Gengar, L50, M, shiny|
|poke|p2|Abomasnow, L50, F|
|poke|p2|Dragonite, L50, M|
|poke|p2|Krookodile, L50, F|
|poke|p2|Volcarona, L50, F|
|poke|p2|Espeon, L50, F|
|teampreview|4
|showteam|p1|Torkoal||Charcoal|Drought|Eruption,HeatWave,AncientPower,Protect|Quiet||M|||50|]Venusaur||LifeOrb|Chlorophyll|GigaDrain,SludgeBomb,SleepPowder,Protect|Modest||F|||50|]Hydreigon||ExpertBelt|Levitate|DarkPulse,DracoMeteor,HeatWave,Protect|Timid||F|||50|]Milotic||Leftovers|Competitive|Scald,IceBeam,Recover,Protect|Bold||F|||50|]Tinkaton||SitrusBerry|MoldBreaker|GigatonHammer,KnockOff,FakeOut,Protect|Jolly||F|||50|]Gliscor||YacheBerry|HyperCutter|Earthquake,DualWingbeat,Protect,SwordsDance|Serious||M|||50|
|showteam|p2|Gengar||Gengarite|CursedBody|Disable,Protect,SludgeWave,ShadowBall|Timid||M|||50|]Abomasnow||FocusSash|SnowWarning|AuroraVeil,Blizzard,IceShard,Protect|Sassy||F|||50|]Dragonite||LifeOrb|Multiscale|Protect,DragonClaw,Earthquake,ExtremeSpeed|Jolly||M|||50|]Krookodile||ChoiceScarf|Intimidate|KnockOff,Earthquake,RockSlide,HighHorsepower|Jolly||F|||50|]Volcarona||Leftovers|FlameBody|FieryDance,QuiverDance,Protect,BugBuzz|Modest||F|||50|]Espeon||LightClay|MagicBounce|Reflect,LightScreen,DazzlingGleam,Protect|Timid||F|||50|
|
|t:|1785827810
|teamsize|p1|4
|teamsize|p2|4
|start
|switch|p1a: Hydreigon|Hydreigon, L50, F|100/100
|switch|p1b: Tinkaton|Tinkaton, L50, F|100/100
|switch|p2a: Gengar|Gengar, L50, M, shiny|100/100
|switch|p2b: Krookodile|Krookodile, L50, F|100/100
|-ability|p2b: Krookodile|Intimidate|boost
|-unboost|p1a: Hydreigon|atk|1
|-unboost|p1b: Tinkaton|atk|1
|-ability|p1b: Tinkaton|Mold Breaker
|turn|1
|
|t:|1785827926
|detailschange|p2a: Gengar|Gengar-Mega, L50, M, shiny
|-mega|p2a: Gengar|Gengar|Gengarite
|move|p2a: Gengar|Protect|p2a: Gengar
|-singleturn|p2a: Gengar|Protect
|move|p1b: Tinkaton|Fake Out|p2b: Krookodile
|-damage|p2b: Krookodile|92/100
|cant|p2b: Krookodile|flinch
|move|p1a: Hydreigon|Dark Pulse|p2a: Gengar
|-activate|p2a: Gengar|move: Protect
|
|upkeep
|turn|2
|
|t:|1785827968
|switch|p2a: Abomasnow|Abomasnow, L50, F|100/100
|-weather|Snowscape|[from] ability: Snow Warning|[of] p2a: Abomasnow
|move|p1b: Tinkaton|Protect|p1b: Tinkaton
|-singleturn|p1b: Tinkaton|Protect
|move|p2b: Krookodile|High Horsepower|p1b: Tinkaton
|-activate|p1b: Tinkaton|move: Protect
|move|p1a: Hydreigon|Draco Meteor|p2a: Abomasnow
|-damage|p2a: Abomasnow|49/100
|-unboost|p1a: Hydreigon|spa|2
|
|-weather|Snowscape|[upkeep]
|upkeep
|turn|3
|
|t:|1785828008
|switch|p1b: Torkoal|Torkoal, L50, M|100/100
|-weather|SunnyDay|[from] ability: Drought|[of] p1b: Torkoal
|move|p2a: Abomasnow|Protect|p2a: Abomasnow
|-singleturn|p2a: Abomasnow|Protect
|move|p2b: Krookodile|High Horsepower|p1b: Torkoal
|-supereffective|p1b: Torkoal|1
|-damage|p1b: Torkoal|31/100
|move|p1a: Hydreigon|Heat Wave|p2b: Krookodile|[spread] p2b
|-activate|p2a: Abomasnow|move: Protect
|-damage|p2b: Krookodile|69/100
|
|-weather|SunnyDay|[upkeep]
|upkeep
|turn|4
|
|t:|1785828102
|switch|p1a: Venusaur|Venusaur, L50, F|100/100
|switch|p2a: Volcarona|Volcarona, L50, F|100/100
|move|p2b: Krookodile|High Horsepower|p1b: Torkoal
|-supereffective|p1b: Torkoal|1
|-damage|p1b: Torkoal|0 fnt
|faint|p1b: Torkoal
|
|-weather|SunnyDay|[upkeep]
|upkeep
|
|t:|1785828113
|switch|p1b: Hydreigon|Hydreigon, L50, F|100/100
|turn|5
|
|t:|1785828158
|move|p2a: Volcarona|Protect|p2a: Volcarona
|-singleturn|p2a: Volcarona|Protect
|move|p1a: Venusaur|Sludge Bomb|p2a: Volcarona
|-activate|p2a: Volcarona|move: Protect
|move|p2b: Krookodile|High Horsepower|p1a: Venusaur
|-damage|p1a: Venusaur|42/100
|move|p1b: Hydreigon|Dark Pulse|p2b: Krookodile
|-resisted|p2b: Krookodile|1
|-damage|p2b: Krookodile|43/100
|
|-weather|SunnyDay|[upkeep]
|upkeep
|turn|6
|
|t:|1785828183
|move|p1a: Venusaur|Giga Drain|p2b: Krookodile
|-supereffective|p2b: Krookodile|1
|-damage|p2b: Krookodile|0 fnt
|-heal|p1a: Venusaur|66/100|[from] drain|[of] p2b: Krookodile
|faint|p2b: Krookodile
|-damage|p1a: Venusaur|56/100|[from] item: Life Orb
|move|p1b: Hydreigon|Heat Wave|p2a: Volcarona
|-damage|p2a: Volcarona|48/100
|move|p2a: Volcarona|Bug Buzz|p1b: Hydreigon
|-supereffective|p1b: Hydreigon|1
|-damage|p1b: Hydreigon|0 fnt
|faint|p1b: Hydreigon
|
|-weather|SunnyDay|[upkeep]
|-heal|p2a: Volcarona|54/100|[from] item: Leftovers
|upkeep
|
|t:|1785828227
|switch|p1b: Tinkaton|Tinkaton, L50, F|100/100
|switch|p2b: Abomasnow|Abomasnow, L50, F|49/100
|-ability|p1b: Tinkaton|Mold Breaker
|-weather|Snowscape|[from] ability: Snow Warning|[of] p2b: Abomasnow
|turn|7
|
|t:|1785828330
|move|p2a: Volcarona|Fiery Dance|p1a: Venusaur
|-supereffective|p1a: Venusaur|1
|-damage|p1a: Venusaur|0 fnt
|-boost|p2a: Volcarona|spa|1
|faint|p1a: Venusaur
|move|p1b: Tinkaton|Gigaton Hammer|p2b: Abomasnow
|-supereffective|p2b: Abomasnow|1
|-damage|p2b: Abomasnow|0 fnt
|faint|p2b: Abomasnow
|
|-weather|Snowscape|[upkeep]
|-heal|p2a: Volcarona|61/100|[from] item: Leftovers
|upkeep
|
|t:|1785828343
|switch|p2b: Gengar|Gengar-Mega, L50, M, shiny|100/100
|turn|8
|
|t:|1785828387
|move|p2b: Gengar|Shadow Ball|p1b: Tinkaton
|-damage|p1b: Tinkaton|53/100
|move|p2a: Volcarona|Fiery Dance|p1b: Tinkaton
|-supereffective|p1b: Tinkaton|1
|-damage|p1b: Tinkaton|0 fnt
|faint|p1b: Tinkaton
|
|win|MrrLonely
