|j|☆LuizVGC
|j|☆jmbasson
|html|LuizVGCjmbasson    
|uhtml|bestof|Game 1 of a best-of-3
|t:|1756770719
|gametype|doubles
|player|p1|LuizVGC|101|1101
|player|p2|jmbasson|elesa|1219
|gen|9
|tier|[Gen 9] VGC 2025 Reg H (Bo3)
|rated|
|rule|Species Clause: Limit one of each Pokémon
|rule|Item Clause: Limit 1 of each item
|clearpoke
|poke|p1|Annihilape, L50, F|
|poke|p1|Sneasler, L50, F|
|poke|p1|Dragonite, L50, M|
|poke|p1|Indeedee, L50, M|
|poke|p1|Ninetales-Alola, L50, F|
|poke|p1|Garchomp, L50, M|
|poke|p2|Electabuzz, L50, M|
|poke|p2|Kingambit, L50, F|
|poke|p2|Volcarona, L50, F|
|poke|p2|Dragonite, L50, M|
|poke|p2|Sneasler, L50, F|
|poke|p2|Rillaboom, L50, F|
|teampreview|4
|showteam|p1|Annihilape||ChoiceScarf|Defiant|FinalGambit,CloseCombat,Coaching,Uturn|||F|||50|,,,,,Flying]Sneasler||PsychicSeed|Unburden|Protect,ThroatChop,DireClaw,CloseCombat|||F|||50|,,,,,Dark]Dragonite||LoadedDice|Multiscale|ScaleShot,Haze,Protect,StompingTantrum|||M|||50|,,,,,Fairy]Indeedee||FocusSash|PsychicSurge|ExpandingForce,HelpingHand,TrickRoom,Imprison|||M|||50|,,,,,Fairy]Ninetales-Alola||NeverMeltIce|SnowWarning|Blizzard,Protect,Encore,AuroraVeil|||F|||50|,,,,,Ice]Garchomp||LifeOrb|RoughSkin|Protect,Earthquake,DragonClaw,StompingTantrum|||M|||50|,,,,,Steel
|showteam|p2|Electabuzz||Eviolite|VitalSpirit|FollowMe,Thunderbolt,Taunt,Protect|||M|||50|,,,,,Ghost]Kingambit||BlackGlasses|Defiant|KowtowCleave,SuckerPunch,SwordsDance,Protect|||F|||50|,,,,,Dark]Volcarona||Leftovers|FlameBody|HeatWave,TeraBlast,QuiverDance,Protect|||F|||50|,,,,,Fairy]Dragonite||LoadedDice|Multiscale|ScaleShot,ExtremeSpeed,Haze,Protect|||M|||50|,,,,,Fairy]Sneasler||FocusSash|Unburden|DireClaw,CloseCombat,Coaching,FakeOut|||F|||50|,,,,,Stellar]Rillaboom||AssaultVest|GrassySurge|FakeOut,WoodHammer,GrassyGlide,HighHorsepower|||F|||50|,,,,,Fire
|inactive|Battle timer is ON: inactive players will automatically lose when time's up. (requested by LuizVGC)
|
|t:|1756770777
|teamsize|p1|4
|teamsize|p2|4
|start
|switch|p1a: Dragonite|Dragonite, L50, M|100/100
|switch|p1b: Garchomp|Garchomp, L50, M|100/100
|switch|p2a: Electabuzz|Electabuzz, L50, M|100/100
|switch|p2b: Volcarona|Volcarona, L50, F|100/100
|turn|1
|
|t:|1756770801
|-terastallize|p2b: Volcarona|Fairy
|move|p1b: Garchomp|Earthquake|p2b: Volcarona|[spread] p2a,p2b
|-immune|p1a: Dragonite
|-supereffective|p2a: Electabuzz
|-damage|p2a: Electabuzz|31/100
|-damage|p2b: Volcarona|55/100
|-damage|p1b: Garchomp|91/100|[from] item: Life Orb
|move|p2b: Volcarona|Quiver Dance|p2b: Volcarona
|-boost|p2b: Volcarona|spa|1
|-boost|p2b: Volcarona|spd|1
|-boost|p2b: Volcarona|spe|1
|move|p2a: Electabuzz|Taunt|p1a: Dragonite
|-start|p1a: Dragonite|move: Taunt
|move|p1a: Dragonite|Scale Shot|p2b: Volcarona
|-immune|p2b: Volcarona
|
|-heal|p2b: Volcarona|61/100|[from] item: Leftovers
|upkeep
|turn|2
|inactive|LuizVGC has 30 seconds left.
|inactive|jmbasson has 30 seconds left.
|
|t:|1756770830
|-terastallize|p1b: Garchomp|Steel
|move|p2b: Volcarona|Protect|p2b: Volcarona
|-singleturn|p2b: Volcarona|Protect
|move|p2a: Electabuzz|Protect|p2a: Electabuzz
|-singleturn|p2a: Electabuzz|Protect
|move|p1b: Garchomp|Earthquake|p2b: Volcarona|[spread] 
|-activate|p2a: Electabuzz|move: Protect
|-activate|p2b: Volcarona|move: Protect
|-immune|p1a: Dragonite
|move|p1a: Dragonite|Stomping Tantrum|p2b: Volcarona
|-activate|p2b: Volcarona|move: Protect
|
|-heal|p2b: Volcarona|68/100|[from] item: Leftovers
|upkeep
|turn|3
|
|t:|1756770854
|switch|p2a: Rillaboom|Rillaboom, L50, F|100/100
|-fieldstart|move: Grassy Terrain|[from] ability: Grassy Surge|[of] p2a: Rillaboom
|move|p2b: Volcarona|Heat Wave|p1a: Dragonite|[spread] p1a,p1b
|-resisted|p1a: Dragonite
|-supereffective|p1b: Garchomp
|-damage|p1a: Dragonite|89/100
|-damage|p1b: Garchomp|0 fnt
|-status|p1a: Dragonite|brn
|faint|p1b: Garchomp
|move|p1a: Dragonite|Scale Shot|p2b: Volcarona
|-immune|p2b: Volcarona
|
|-heal|p2b: Volcarona|74/100|[from] Grassy Terrain
|-heal|p2b: Volcarona|80/100|[from] item: Leftovers
|-damage|p1a: Dragonite|83/100 brn|[from] brn
|-end|p1a: Dragonite|move: Taunt
|upkeep
|
|t:|1756770873
|switch|p1b: Sneasler|Sneasler, L50, F|100/100
|turn|4
|
|t:|1756770889
|switch|p1a: Indeedee|Indeedee, L50, M|100/100
|-fieldstart|move: Psychic Terrain|[from] ability: Psychic Surge|[of] p1a: Indeedee
|-enditem|p1b: Sneasler|Psychic Seed
|-boost|p1b: Sneasler|spd|1|[from] item: Psychic Seed
|move|p2a: Rillaboom|Fake Out|p1b: Sneasler
|-activate|p1b: Sneasler|move: Psychic Terrain
|move|p1b: Sneasler|Dire Claw|p2b: Volcarona
|-supereffective|p2b: Volcarona
|-damage|p2b: Volcarona|0 fnt
|faint|p2b: Volcarona
|
|upkeep
|
|t:|1756770903
|switch|p2b: Sneasler|Sneasler, L50, F|100/100
|turn|5
|
|t:|1756770917
|switch|p2a: Electabuzz|Electabuzz, L50, M|31/100
|move|p1b: Sneasler|Dire Claw|p2a: Electabuzz
|-damage|p2a: Electabuzz|1/100
|move|p2b: Sneasler|Close Combat|p1a: Indeedee
|-enditem|p1a: Indeedee|Focus Sash
|-damage|p1a: Indeedee|1/100
|-unboost|p2b: Sneasler|def|1
|-unboost|p2b: Sneasler|spd|1
|move|p1a: Indeedee|Expanding Force|p2a: Electabuzz|[spread] p2a,p2b
|-supereffective|p2b: Sneasler
|-damage|p2a: Electabuzz|0 fnt
|-enditem|p2b: Sneasler|Focus Sash
|-damage|p2b: Sneasler|1/100
|faint|p2a: Electabuzz
|
|upkeep
|
|t:|1756770929
|switch|p2a: Rillaboom|Rillaboom, L50, F|100/100
|-fieldstart|move: Grassy Terrain|[from] ability: Grassy Surge|[of] p2a: Rillaboom
|turn|6
|inactive|jmbasson has 30 seconds left.
|
|t:|1756770962
|switch|p1a: Dragonite|Dragonite, L50, M|83/100 brn
|move|p1b: Sneasler|Protect|p1b: Sneasler
|-singleturn|p1b: Sneasler|Protect
|move|p2a: Rillaboom|Fake Out|p1b: Sneasler
|-activate|p1b: Sneasler|move: Protect
|move|p2b: Sneasler|Close Combat|p1b: Sneasler
|-activate|p1b: Sneasler|move: Protect
|
|-heal|p2b: Sneasler|7/100|[from] Grassy Terrain
|-damage|p1a: Dragonite|77/100 brn|[from] brn
|upkeep
|turn|7
|inactive|LuizVGC has 30 seconds left.
|
|t:|1756770992
|move|p2b: Sneasler|Dire Claw|p1b: Sneasler
|-resisted|p1b: Sneasler
|-damage|p1b: Sneasler|68/100
|move|p1b: Sneasler|Dire Claw|p2b: Sneasler
|-resisted|p2b: Sneasler
|-damage|p2b: Sneasler|0 fnt
|faint|p2b: Sneasler
|move|p1a: Dragonite|Scale Shot|p2a: Rillaboom
|-damage|p2a: Rillaboom|95/100
|-damage|p2a: Rillaboom|89/100
|-damage|p2a: Rillaboom|83/100
|-damage|p2a: Rillaboom|76/100
|-damage|p2a: Rillaboom|70/100
|-hitcount|p2a: Rillaboom|5
|-unboost|p1a: Dragonite|def|1
|-boost|p1a: Dragonite|spe|1
|move|p2a: Rillaboom|Wood Hammer|p1b: Sneasler
|-resisted|p1b: Sneasler
|-damage|p1b: Sneasler|8/100
|-damage|p2a: Rillaboom|54/100|[from] Recoil
|
|-heal|p1b: Sneasler|14/100|[from] Grassy Terrain
|-heal|p2a: Rillaboom|60/100|[from] Grassy Terrain
|-damage|p1a: Dragonite|71/100 brn|[from] brn
|upkeep
|turn|8
|inactive|LuizVGC has 30 seconds left.
|
|t:|1756771022
|switch|p1b: Indeedee|Indeedee, L50, M|1/100
|-fieldstart|move: Psychic Terrain|[from] ability: Psychic Surge|[of] p1b: Indeedee
|move|p1a: Dragonite|Scale Shot|p2a: Rillaboom
|-damage|p2a: Rillaboom|53/100
|-damage|p2a: Rillaboom|47/100
|-damage|p2a: Rillaboom|41/100
|-damage|p2a: Rillaboom|35/100
|-damage|p2a: Rillaboom|29/100
|-hitcount|p2a: Rillaboom|5
|-unboost|p1a: Dragonite|def|1
|-boost|p1a: Dragonite|spe|1
|move|p2a: Rillaboom|Grassy Glide|p1b: Indeedee
|-crit|p1b: Indeedee
|-damage|p1b: Indeedee|0 fnt
|faint|p1b: Indeedee
|
|-damage|p1a: Dragonite|65/100 brn|[from] brn
|upkeep
|-message|jmbasson forfeited.
|
|win|LuizVGC
|l|☆jmbasson
|player|p2|
||jmbasson is ready for game 2.
|inactive|LuizVGC has 30 seconds to confirm battle start!
