|j|☆HEDGEHOGMEOW
|j|☆ferchoxx
|html|HEDGEHOGMEOWferchoxx    
|uhtml|bestof|Game 2 of a best-of-3
|t:|1786036680
|gametype|doubles
|player|p1|HEDGEHOGMEOW|266|1313
|player|p2|ferchoxx|ghetsis|1349
|gen|9
|tier|[Gen 9 Champions] VGC 2026 Reg M-B (Bo3)
|rated|
|rule|Species Clause: Limit one of each Pokémon
|rule|Item Clause: Limit 1 of each item
|clearpoke
|poke|p1|Froslass, L50, F|
|poke|p1|Scovillain, L50, F|
|poke|p1|Lycanroc-Dusk, L50, M|
|poke|p1|Sneasler, L50, F|
|poke|p1|Kingambit, L50, M|
|poke|p1|Basculegion, L50, M|
|poke|p2|Tyranitar, L50, M|
|poke|p2|Staraptor, L50, M|
|poke|p2|Excadrill, L50, F|
|poke|p2|Gholdengo, L50|
|poke|p2|Milotic, L50, F|
|poke|p2|Sinistcha, L50|
|teampreview|4
|showteam|p1|Froslass||Froslassite|CursedBody|Blizzard,ShadowBall,AuroraVeil,Protect|Modest||F|||50|]Scovillain||Scovillainite|Moody|Overheat,GigaDrain,RagePowder,Protect|Bold||F|||50|]Lycanroc-Dusk||FocusSash|ToughClaws|Accelerock,RockSlide,CloseCombat,Protect|Adamant||M|||50|]Sneasler||WhiteHerb|Unburden|FakeOut,CloseCombat,DireClaw,Protect|Jolly||F|||50|]Kingambit||BlackGlasses|Defiant|SuckerPunch,KowtowCleave,SwordsDance,Protect|Adamant||M|||50|]Basculegion||SitrusBerry|Adaptability|WaveCrash,AquaJet,LastRespects,Protect|Adamant||M|||50|
|showteam|p2|Tyranitar||Tyranitarite|SandStream|RockSlide,KnockOff,HighHorsepower,Protect|Adamant||M|||50|]Staraptor||Staraptite|Intimidate|BraveBird,CloseCombat,Tailwind,Protect|Jolly||M|||50|]Excadrill||FocusSash|SandRush|HighHorsepower,IronHead,RockSlide,Protect|Jolly||F|||50|]Gholdengo||LifeOrb|GoodasGold|MakeItRain,ShadowBall,NastyPlot,Protect|Timid|||||50|]Milotic||SitrusBerry|Competitive|Protect,IceBeam,Scald,IcyWind|Bold||F|||50|]Sinistcha||ColburBerry|Hospitality|MatchaGotcha,RagePowder,TrickRoom,Protect|Bold|||||50|
|inactive|Battle timer is ON: inactive players will automatically lose when time's up. (requested by HEDGEHOGMEOW)
|inactive|ferchoxx has 60 seconds left.
|inactive|ferchoxx has 30 seconds left.
|
|t:|1786036751
|teamsize|p1|4
|teamsize|p2|4
|start
|switch|p1a: Scovillain|Scovillain, L50, F|100/100
|switch|p1b: Kingambit|Kingambit, L50, M|100/100
|switch|p2a: Milotic|Milotic, L50, F|100/100
|switch|p2b: Tyranitar|Tyranitar, L50, M|100/100
|-weather|Sandstorm|[from] ability: Sand Stream|[of] p2b: Tyranitar
|turn|1
|
|t:|1786036773
|detailschange|p2b: Tyranitar|Tyranitar-Mega, L50, M
|-mega|p2b: Tyranitar|Tyranitar|Tyranitarite
|detailschange|p1a: Scovillain|Scovillain-Mega, L50, F
|-mega|p1a: Scovillain|Scovillain|Scovillainite
|move|p2b: Tyranitar|Rock Slide|p1b: Kingambit|[spread] p1a,p1b
|-supereffective|p1a: Scovillain|1
|-resisted|p1b: Kingambit|1
|-damage|p1a: Scovillain|29/100
|-damage|p1b: Kingambit|86/100
|-status|p2b: Tyranitar|brn|[from] ability: Spicy Spray|[of] p1a: Scovillain
|move|p1a: Scovillain|Giga Drain|p2a: Milotic
|-supereffective|p2a: Milotic|1
|-damage|p2a: Milotic|49/100
|-heal|p1a: Scovillain|57/100|[from] drain|[of] p2a: Milotic
|-enditem|p2a: Milotic|Sitrus Berry|[eat]
|-heal|p2a: Milotic|74/100|[from] item: Sitrus Berry
|move|p2a: Milotic|Scald|p1b: Kingambit
|-damage|p1b: Kingambit|54/100
|move|p1b: Kingambit|Swords Dance|p1b: Kingambit
|-boost|p1b: Kingambit|atk|2
|
|-weather|Sandstorm|[upkeep]
|-damage|p1a: Scovillain|51/100|[from] Sandstorm
|-damage|p2a: Milotic|68/100|[from] Sandstorm
|-damage|p2b: Tyranitar|93/100 brn|[from] brn
|upkeep
|turn|2
|c|☆ferchoxx|come on scald
|c|☆ferchoxx|burn something
|inactive|HEDGEHOGMEOW has 30 seconds left.
|inactive|ferchoxx has 30 seconds left.
|inactive|HEDGEHOGMEOW has 20 seconds left.
|inactive|ferchoxx has 20 seconds left.
|inactive|HEDGEHOGMEOW has 15 seconds left.
|inactive|ferchoxx has 15 seconds left.
|inactive|HEDGEHOGMEOW has 10 seconds left.
|inactive|HEDGEHOGMEOW has 5 seconds left.
|
|t:|1786036824
|move|p2a: Milotic|Protect|p2a: Milotic
|-singleturn|p2a: Milotic|Protect
|move|p2b: Tyranitar|High Horsepower|p1b: Kingambit
|-supereffective|p1b: Kingambit|1
|-damage|p1b: Kingambit|20/100y
|move|p1a: Scovillain|Giga Drain|p2b: Tyranitar
|-supereffective|p2b: Tyranitar|1
|-damage|p2b: Tyranitar|53/100 brn
|-heal|p1a: Scovillain|72/100|[from] drain|[of] p2b: Tyranitar
|move|p1b: Kingambit|Kowtow Cleave|p2a: Milotic
|-activate|p2a: Milotic|move: Protect
|
|-weather|Sandstorm|[upkeep]
|-damage|p1a: Scovillain|66/100|[from] Sandstorm
|-damage|p2a: Milotic|62/100|[from] Sandstorm
|-damage|p2b: Tyranitar|47/100 brn|[from] brn
|upkeep
|turn|3
|inactive|HEDGEHOGMEOW has 30 seconds left.
|
|t:|1786036859
|switch|p2a: Excadrill|Excadrill, L50, F|100/100
|move|p1a: Scovillain|Rage Powder|p1a: Scovillain
|-singleturn|p1a: Scovillain|move: Rage Powder
|move|p2b: Tyranitar|High Horsepower|p1a: Scovillain
|-damage|p1a: Scovillain|45/100
|move|p1b: Kingambit|Kowtow Cleave|p2a: Excadrill
|-enditem|p2a: Excadrill|Focus Sash
|-damage|p2a: Excadrill|1/100
|
|-weather|Sandstorm|[upkeep]
|-damage|p1a: Scovillain|40/100|[from] Sandstorm
|-damage|p2b: Tyranitar|41/100 brn|[from] brn
|upkeep
|turn|4
|inactive|HEDGEHOGMEOW has 30 seconds left.
|
|t:|1786036885
|switch|p2a: Milotic|Milotic, L50, F|62/100
|move|p1a: Scovillain|Rage Powder|p1a: Scovillain
|-singleturn|p1a: Scovillain|move: Rage Powder
|move|p2b: Tyranitar|Rock Slide|p1a: Scovillain|[spread] p1a,p1b
|-supereffective|p1a: Scovillain|1
|-resisted|p1b: Kingambit|1
|-damage|p1a: Scovillain|5/100
|-damage|p1b: Kingambit|13/100
|move|p1b: Kingambit|Kowtow Cleave|p2b: Tyranitar
|-resisted|p2b: Tyranitar|1
|-damage|p2b: Tyranitar|0 fnt
|faint|p2b: Tyranitar
|
|-weather|Sandstorm|[upkeep]
|-damage|p1a: Scovillain|0 fnt|[from] Sandstorm
|-damage|p2a: Milotic|55/100|[from] Sandstorm
|faint|p1a: Scovillain
|upkeep
|
|t:|1786036904
|switch|p2b: Gholdengo|Gholdengo, L50|100/100
|switch|p1a: Basculegion|Basculegion, L50, M|100/100
|turn|5
|
|t:|1786036929
|move|p1b: Kingambit|Protect|p1b: Kingambit
|-singleturn|p1b: Kingambit|Protect
|move|p2b: Gholdengo|Make It Rain|p1b: Kingambit|[spread] p1a
|-activate|p1b: Kingambit|move: Protect
|-resisted|p1a: Basculegion|1
|-damage|p1a: Basculegion|72/100
|-unboost|p2b: Gholdengo|spa|2
|-damage|p2b: Gholdengo|90/100|[from] item: Life Orb
|move|p1a: Basculegion|Last Respects|p2a: Milotic
|-damage|p2a: Milotic|0 fnt
|faint|p2a: Milotic
|
|-weather|none
|upkeep
|-message|ferchoxx forfeited.
|
|win|HEDGEHOGMEOW
|raw|HEDGEHOGMEOW's rating: 1313 → 1335(+22 for winning)
|raw|ferchoxx's rating: 1349 → 1327(-22 for losing)
|l|☆ferchoxx
|player|p2|
|j|☆ferchoxx
|player|p2|ferchoxx|ghetsis|
