|j|☆Blaccmoneytree
|j|☆raksbach123
|html|Blaccmoneytreeraksbach123    
|uhtml|bestof|Game 1 of a best-of-3
|t:|1784645137
|gametype|doubles
|player|p1|Blaccmoneytree|169|1120
|player|p2|raksbach123|266|1094
|gen|9
|tier|[Gen 9 Champions] VGC 2026 Reg M-B (Bo3)
|rated|
|rule|Species Clause: Limit one of each Pokémon
|rule|Item Clause: Limit 1 of each item
|clearpoke
|poke|p1|Gengar, L50, M, shiny|
|poke|p1|Archaludon, L50, M|
|poke|p1|Politoed, L50, F, shiny|
|poke|p1|Swampert, L50, M, shiny|
|poke|p1|Vivillon-Pokeball, L50, F|
|poke|p1|Incineroar, L50, F, shiny|
|poke|p2|Incineroar, L50, F|
|poke|p2|Kingambit, L50, M|
|poke|p2|Sinistcha, L50|
|poke|p2|Sneasler, L50, M|
|poke|p2|Blastoise, L50, F|
|poke|p2|Delphox, L50, M|
|teampreview|4
|showteam|p1|Gengar||Gengarite|CursedBody|ShadowBall,SludgeBomb,PerishSong,Protect|Modest||M|||50|]Archaludon||Leftovers|Stamina|ElectroShot,DragonPulse,FlashCannon,Protect|Bold||M|||50|]Politoed||SitrusBerry|Drizzle|WeatherBall,Hypnosis,PerishSong,Protect|Calm||F|||50|]Swampert||Swampertite|Torrent|WaveCrash,Earthquake,IcePunch,Protect|Adamant||M|||50|]Vivillon-Pokeball||FocusSash|CompoundEyes|Hurricane,SleepPowder,RagePowder,Protect|Timid||F|||50|]Incineroar||PasshoBerry|Intimidate|ThroatChop,FakeOut,PartingShot,Protect|Impish||F|||50|
|showteam|p2|Incineroar||SitrusBerry|Intimidate|FakeOut,FlareBlitz,ThroatChop,PartingShot|Impish||F|||50|]Kingambit||BlackGlasses|Defiant|KowtowCleave,SuckerPunch,SwordsDance,Protect|Adamant||M|||50|]Sinistcha||OccaBerry|Hospitality|MatchaGotcha,RagePowder,TrickRoom,Protect|Relaxed|||||50|]Sneasler||FocusSash|PoisonTouch|FakeOut,CloseCombat,PoisonJab,QuickGuard|Jolly||M|||50|]Blastoise||Blastoisinite|RainDish|WaterSpout,DarkPulse,ShellSmash,Protect|Modest||F|||50|]Delphox||Delphoxite|Blaze|HeatWave,Psychic,NastyPlot,Protect|Timid||M|||50|
|inactive|Battle timer is ON: inactive players will automatically lose when time's up. (requested by raksbach123)
|inactive|Blaccmoneytree has 60 seconds left.
|j| pandahp
|
|t:|1784645180
|teamsize|p1|4
|teamsize|p2|4
|start
|switch|p1a: Archaludon|Archaludon, L50, M|100/100
|switch|p1b: Politoed|Politoed, L50, F, shiny|100/100
|switch|p2a: Sneasler|Sneasler, L50, M|100/100
|switch|p2b: Blastoise|Blastoise, L50, F|100/100
|-weather|RainDance|[from] ability: Drizzle|[of] p1b: Politoed
|turn|1
|inactive|Blaccmoneytree has 30 seconds left.
|
|t:|1784645206
|detailschange|p2b: Blastoise|Blastoise-Mega, L50, F
|-mega|p2b: Blastoise|Blastoise|Blastoisinite
|move|p2a: Sneasler|Close Combat|p1a: Archaludon
|-supereffective|p1a: Archaludon|1
|-damage|p1a: Archaludon|20/100y
|-unboost|p2a: Sneasler|def|1
|-unboost|p2a: Sneasler|spd|1
|-ability|p1a: Archaludon|Stamina|boost
|-boost|p1a: Archaludon|def|1
|move|p2b: Blastoise|Water Spout|p1a: Archaludon|[spread] p1a,p1b
|-resisted|p1a: Archaludon|1
|-resisted|p1b: Politoed|1
|-damage|p1a: Archaludon|0 fnt
|-damage|p1b: Politoed|62/100
|faint|p1a: Archaludon
|move|p1b: Politoed|Perish Song|p1b: Politoed
|-start|p1b: Politoed|perish3|[silent]
|-start|p2a: Sneasler|perish3|[silent]
|-start|p2b: Blastoise|perish3|[silent]
|-fieldactivate|move: Perish Song
|
|-weather|RainDance|[upkeep]
|-start|p2a: Sneasler|perish3
|-start|p2b: Blastoise|perish3
|-start|p1b: Politoed|perish3
|upkeep
|
|t:|1784645229
|switch|p1a: Gengar|Gengar, L50, M, shiny|100/100
|turn|2
|
|t:|1784645248
|detailschange|p1a: Gengar|Gengar-Mega, L50, M, shiny
|-mega|p1a: Gengar|Gengar|Gengarite
|move|p1b: Politoed|Protect|p1b: Politoed
|-singleturn|p1b: Politoed|Protect
|move|p2a: Sneasler|Close Combat|p1b: Politoed
|-activate|p1b: Politoed|move: Protect
|move|p1a: Gengar|Shadow Ball|p2a: Sneasler
|-enditem|p2a: Sneasler|Focus Sash
|-damage|p2a: Sneasler|1/100
|move|p2b: Blastoise|Shell Smash|p2b: Blastoise
|-unboost|p2b: Blastoise|def|1
|-unboost|p2b: Blastoise|spd|1
|-boost|p2b: Blastoise|atk|2
|-boost|p2b: Blastoise|spa|2
|-boost|p2b: Blastoise|spe|2
|
|-weather|RainDance|[upkeep]
|-start|p2b: Blastoise|perish2
|-start|p2a: Sneasler|perish2
|-start|p1b: Politoed|perish2
|upkeep
|turn|3
|inactive|Blaccmoneytree has 30 seconds left.
|inactive|raksbach123 has 30 seconds left.
|
|t:|1784645274
|switch|p1b: Vivillon|Vivillon-Pokeball, L50, F|100/100
|move|p1a: Gengar|Protect|p1a: Gengar
|-singleturn|p1a: Gengar|Protect
|move|p2b: Blastoise|Water Spout|p1b: Vivillon|[spread] p1b
|-activate|p1a: Gengar|move: Protect
|-enditem|p1b: Vivillon|Focus Sash
|-damage|p1b: Vivillon|1/100
|move|p2a: Sneasler|Close Combat|p1b: Vivillon
|-resisted|p1b: Vivillon|2
|-damage|p1b: Vivillon|0 fnt
|-unboost|p2a: Sneasler|def|1
|-unboost|p2a: Sneasler|spd|1
|faint|p1b: Vivillon
|
|-weather|RainDance|[upkeep]
|-start|p2b: Blastoise|perish1
|-start|p2a: Sneasler|perish1
|upkeep
|
|t:|1784645293
|switch|p1b: Politoed|Politoed, L50, F, shiny|62/100
|turn|4
|
|t:|1784645300
|move|p1a: Gengar|Protect||[still]
|-fail|p1a: Gengar
|move|p1b: Politoed|Protect|p1b: Politoed
|-singleturn|p1b: Politoed|Protect
|move|p2b: Blastoise|Water Spout|p1b: Politoed|[spread] p1a
|-activate|p1b: Politoed|move: Protect
|-damage|p1a: Gengar|0 fnt
|faint|p1a: Gengar
|move|p2a: Sneasler|Close Combat|p1b: Politoed
|-activate|p1b: Politoed|move: Protect
|
|-weather|RainDance|[upkeep]
|-start|p2b: Blastoise|perish0
|-start|p2a: Sneasler|perish0
|faint|p2b: Blastoise
|faint|p2a: Sneasler
|upkeep
|
|t:|1784645314
|switch|p2a: Sinistcha|Sinistcha, L50|100/100
|switch|p2b: Kingambit|Kingambit, L50, M|100/100
|turn|5
|-message|Blaccmoneytree forfeited.
|
|win|raksbach123
