|j|☆browt.bonnet.
|j|☆parmesanlugubre206
|html|browt.bonnet.parmesanlugubre206    
|uhtml|bestof|Game 2 of a best-of-3
|t:|1783955674
|gametype|doubles
|player|p1|browt.bonnet.|dancer|1218
|player|p2|parmesanlugubre206|ethan|1219
|gen|9
|tier|[Gen 9 Champions] VGC 2026 Reg M-B (Bo3)
|rated|
|rule|Species Clause: Limit one of each Pokémon
|rule|Item Clause: Limit 1 of each item
|clearpoke
|poke|p1|Delphox, L50, M|
|poke|p1|Incineroar, L50, F|
|poke|p1|Sinistcha, L50|
|poke|p1|Blastoise, L50, F|
|poke|p1|Kingambit, L50, F|
|poke|p1|Sneasler, L50, M|
|poke|p2|Alakazam, L50, F|
|poke|p2|Tyranitar, L50, F|
|poke|p2|Sneasler, L50, F|
|poke|p2|Corviknight, L50, F|
|poke|p2|Tsareena, L50, F|
|poke|p2|Palafin, L50, F|
|teampreview|4
|showteam|p1|Delphox||Delphoxite|Blaze|HeatWave,Psyshock,Protect,NastyPlot|Timid||M|||50|]Incineroar||SitrusBerry|Intimidate|FakeOut,PartingShot,FlareBlitz,HelpingHand|Careful||F|||50|]Sinistcha||OccaBerry|Hospitality|MatchaGotcha,RagePowder,Protect,TrickRoom|Bold|||||50|]Blastoise||Blastoisinite|Torrent|WaterSpout,DarkPulse,ShellSmash,Protect|Modest||F|||50|]Kingambit||BlackGlasses|Defiant|KowtowCleave,Protect,SuckerPunch,SwordsDance|Brave||F|||50|]Sneasler||FocusSash|Unburden|CloseCombat,FakeOut,QuickGuard,DireClaw|Jolly||M|||50|
|showteam|p2|Alakazam||Alakazite|InnerFocus|Psychic,Encore,ShadowBall,Protect|Timid||F|||50|]Tyranitar||LifeOrb|SandStream|RockSlide,KnockOff,DragonDance,Protect|Adamant||F|||50|]Sneasler||WhiteHerb|Unburden|CloseCombat,DireClaw,FakeOut,Protect|Jolly||F|||50|]Corviknight||Leftovers|MirrorArmor|BodyPress,BulkUp,BraveBird,Tailwind|Careful||F|||50|]Tsareena||ChoiceScarf|QueenlyMajesty|TropKick,TripleAxel,Uturn,LowKick|Jolly||F|||50|]Palafin||MysticWater|ZerotoHero|WaveCrash,CloseCombat,JetPunch,Protect|Adamant||F|||50|
|inactive|Battle timer is ON: inactive players will automatically lose when time's up. (requested by parmesanlugubre206)
|
|t:|1783955700
|teamsize|p1|4
|teamsize|p2|4
|start
|switch|p1a: Incineroar|Incineroar, L50, F|100/100
|switch|p1b: Sneasler|Sneasler, L50, M|100/100
|switch|p2a: Tyranitar|Tyranitar, L50, F|100/100
|switch|p2b: Alakazam|Alakazam, L50, F|100/100
|-weather|Sandstorm|[from] ability: Sand Stream|[of] p2a: Tyranitar
|-ability|p1a: Incineroar|Intimidate|boost
|-unboost|p2a: Tyranitar|atk|1
|-fail|p2b: Alakazam|unboost|Attack|[from] ability: Inner Focus|[of] p2b: Alakazam
|turn|1
|
|t:|1783955718
|switch|p1b: Kingambit|Kingambit, L50, F|100/100
|switch|p2a: Sneasler|Sneasler, L50, F|100/100
|detailschange|p2b: Alakazam|Alakazam-Mega, L50, F
|-mega|p2b: Alakazam|Alakazam|Alakazite
|-ability|p2b: Alakazam|Defiant|Trace|[from] ability: Trace|[of] p1b: Kingambit
|move|p2b: Alakazam|Protect|p2b: Alakazam
|-singleturn|p2b: Alakazam|Protect
|move|p1a: Incineroar|Parting Shot|p2b: Alakazam
|-activate|p2b: Alakazam|move: Protect
|
|-weather|Sandstorm|[upkeep]
|-damage|p2b: Alakazam|93/100|[from] Sandstorm
|-damage|p2a: Sneasler|94/100|[from] Sandstorm
|-damage|p1a: Incineroar|94/100|[from] Sandstorm
|upkeep
|turn|2
|inactive|browt.bonnet. has 30 seconds left.
|
|t:|1783955753
|switch|p2b: Tyranitar|Tyranitar, L50, F|100/100
|switch|p1a: Sneasler|Sneasler, L50, M|100/100
|move|p1b: Kingambit|Protect|p1b: Kingambit
|-singleturn|p1b: Kingambit|Protect
|move|p2a: Sneasler|Close Combat|p1a: Sneasler
|-resisted|p1a: Sneasler|1
|-damage|p1a: Sneasler|50/100g
|-unboost|p2a: Sneasler|def|1
|-unboost|p2a: Sneasler|spd|1
|-enditem|p2a: Sneasler|White Herb
|-clearnegativeboost|p2a: Sneasler|[silent]
|
|-weather|Sandstorm|[upkeep]
|-damage|p2a: Sneasler|88/100|[from] Sandstorm
|-damage|p1a: Sneasler|44/100|[from] Sandstorm
|upkeep
|turn|3
|
|t:|1783955761
|switch|p2b: Tsareena|Tsareena, L50, F|100/100
|move|p1b: Kingambit|Sucker Punch||[still]
|cant|p2b: Tsareena|ability: Queenly Majesty|Sucker Punch|[of] p1b: Kingambit
|move|p2a: Sneasler|Close Combat|p1b: Kingambit
|-supereffective|p1b: Kingambit|2
|-damage|p1b: Kingambit|0 fnt
|-unboost|p2a: Sneasler|def|1
|-unboost|p2a: Sneasler|spd|1
|faint|p1b: Kingambit
|move|p1a: Sneasler|Close Combat|p2b: Tsareena
|-damage|p2b: Tsareena|25/100
|-unboost|p1a: Sneasler|def|1
|-unboost|p1a: Sneasler|spd|1
|
|-weather|Sandstorm|[upkeep]
|-damage|p2a: Sneasler|82/100|[from] Sandstorm
|-damage|p2b: Tsareena|19/100|[from] Sandstorm
|-damage|p1a: Sneasler|38/100|[from] Sandstorm
|upkeep
|
|t:|1783955768
|switch|p1b: Incineroar|Incineroar, L50, F|94/100
|-ability|p1b: Incineroar|Intimidate|boost
|-unboost|p2a: Sneasler|atk|1
|-unboost|p2b: Tsareena|atk|1
|turn|4
|
|t:|1783955787
|switch|p1a: Sinistcha|Sinistcha, L50|100/100
|-heal|p1b: Incineroar|100/100|[from] ability: Hospitality|[of] p1a: Sinistcha
|move|p2a: Sneasler|Close Combat|p1b: Incineroar
|-supereffective|p1b: Incineroar|1
|-damage|p1b: Incineroar|31/100
|-unboost|p2a: Sneasler|def|1
|-unboost|p2a: Sneasler|spd|1
|-enditem|p1b: Incineroar|Sitrus Berry|[eat]
|-heal|p1b: Incineroar|56/100|[from] item: Sitrus Berry
|move|p2b: Tsareena|Triple Axel|p1a: Sinistcha
|-supereffective|p1a: Sinistcha|1
|-damage|p1a: Sinistcha|91/100
|-supereffective|p1a: Sinistcha|1
|-damage|p1a: Sinistcha|74/100
|-supereffective|p1a: Sinistcha|1
|-damage|p1a: Sinistcha|52/100
|-hitcount|p1a: Sinistcha|3
|move|p1b: Incineroar|Flare Blitz|p2a: Sneasler
|-damage|p2a: Sneasler|0 fnt
|faint|p2a: Sneasler
|-damage|p1b: Incineroar|35/100|[from] Recoil
|
|-weather|Sandstorm|[upkeep]
|-damage|p2b: Tsareena|13/100|[from] Sandstorm
|-damage|p1a: Sinistcha|46/100|[from] Sandstorm
|-damage|p1b: Incineroar|29/100|[from] Sandstorm
|upkeep
|
|t:|1783955798
|switch|p2a: Alakazam|Alakazam-Mega, L50, F|93/100
|-ability|p2a: Alakazam|Intimidate|Trace|[from] ability: Trace|[of] p1b: Incineroar
|-ability|p2a: Alakazam|Intimidate|boost
|-unboost|p1a: Sinistcha|atk|1
|-unboost|p1b: Incineroar|atk|1
|turn|5
|
|t:|1783955807
|switch|p2b: Tyranitar|Tyranitar, L50, F|100/100
|move|p1a: Sinistcha|Protect|p1a: Sinistcha
|-singleturn|p1a: Sinistcha|Protect
|move|p2a: Alakazam|Psychic|p1a: Sinistcha
|-activate|p1a: Sinistcha|move: Protect
|move|p1b: Incineroar|Flare Blitz|p2a: Alakazam
|-damage|p2a: Alakazam|38/100
|-damage|p1b: Incineroar|17/100|[from] Recoil
|
|-weather|none
|upkeep
|turn|6
|inactive|browt.bonnet. has 30 seconds left.
|
|t:|1783955835
|switch|p1a: Sneasler|Sneasler, L50, M|38/100
|move|p2a: Alakazam|Psychic|p1a: Sneasler
|-supereffective|p1a: Sneasler|2
|-damage|p1a: Sneasler|0 fnt
|faint|p1a: Sneasler
|move|p2b: Tyranitar|Rock Slide|p1b: Incineroar
|-supereffective|p1b: Incineroar|1
|-damage|p1b: Incineroar|0 fnt
|faint|p1b: Incineroar
|-damage|p2b: Tyranitar|90/100|[from] item: Life Orb
|
|upkeep
|
|t:|1783955840
|switch|p1a: Sinistcha|Sinistcha, L50|46/100
|turn|7
|-message|browt.bonnet. forfeited.
|
|win|parmesanlugubre206
||parmesanlugubre206 is ready for game 3.
||browt.bonnet. is ready for game 3.
|uhtml|next|Next: Game 3 of 3
|l|☆parmesanlugubre206
|player|p2|
