|j|☆doingVGCthings
|j|☆Letmein191
|html|doingVGCthingsLetmein191    
|uhtml|bestof|Game 2 of a best-of-3
|t:|1756170247
|gametype|doubles
|player|p1|doingVGCthings|swimmer-gen4dp|1170
|player|p2|Letmein191|265|1225
|gen|9
|tier|[Gen 9] VGC 2025 Reg H (Bo3)
|rated|
|rule|Species Clause: Limit one of each Pokémon
|rule|Item Clause: Limit 1 of each item
|clearpoke
|poke|p1|Volcarona, L50, F|
|poke|p1|Electabuzz, L50, M|
|poke|p1|Tyranitar, L50, M|
|poke|p1|Amoonguss, L50, M|
|poke|p1|Annihilape, L50, M|
|poke|p1|Mamoswine, L50, F|
|poke|p2|Electabuzz, L50, F|
|poke|p2|Kingambit, L50, F|
|poke|p2|Volcarona, L50, M|
|poke|p2|Dragonite, L50, M|
|poke|p2|Sneasler, L50, M|
|poke|p2|Rillaboom, L50, F|
|teampreview|4
|showteam|p1|Volcarona||CovertCloak|FlameBody|Protect,HeatWave,GigaDrain,QuiverDance|||F|||50|,,,,,Grass]Electabuzz||Eviolite|VitalSpirit|Protect,Electroweb,Taunt,FollowMe|||M|||50|,,,,,Ghost]Tyranitar||AssaultVest|SandStream|RockSlide,KnockOff,LowKick,TeraBlast|||M|||50|,,,,,Flying]Amoonguss||SitrusBerry|Regenerator|Protect,PollenPuff,Spore,RagePowder|||M|||50|,,,,,Fairy]Annihilape||SafetyGoggles|Defiant|Protect,RageFist,CloseCombat,Coaching|||M|||50|,,,,,Water]Mamoswine||FocusSash|Oblivious|Protect,IcicleCrash,HighHorsepower,IceShard|||F|||50|,,,,,Stellar
|showteam|p2|Electabuzz||Eviolite|VitalSpirit|FollowMe,Thunderbolt,Taunt,Protect|||F|||50|,,,,,Ghost]Kingambit||BlackGlasses|Defiant|KowtowCleave,SuckerPunch,SwordsDance,Protect|||F|||50|,,,,,Dark]Volcarona||Leftovers|FlameBody|HeatWave,GigaDrain,QuiverDance,Protect|||M|||50|,,,,,Fairy]Dragonite||LoadedDice|Multiscale|ScaleShot,ExtremeSpeed,Haze,Protect|||M|||50|,,,,,Fairy]Sneasler||FocusSash|Unburden|DireClaw,CloseCombat,Coaching,FakeOut|||M|||50|,,,,,Stellar]Rillaboom||AssaultVest|GrassySurge|FakeOut,WoodHammer,GrassyGlide,HighHorsepower|||F|||50|,,,,,Fire
|inactive|Battle timer is ON: inactive players will automatically lose when time's up. (requested by doingVGCthings)
|inactive|Letmein191 has 60 seconds left.
|
|t:|1756170296
|teamsize|p1|4
|teamsize|p2|4
|start
|switch|p1a: Tyranitar|Tyranitar, L50, M|100/100
|switch|p1b: Electabuzz|Electabuzz, L50, M|100/100
|switch|p2a: Volcarona|Volcarona, L50, M|100/100
|switch|p2b: Sneasler|Sneasler, L50, M|100/100
|-weather|Sandstorm|[from] ability: Sand Stream|[of] p1a: Tyranitar
|turn|1
|inactive|Letmein191 has 30 seconds left.
|inactive|Letmein191 has 20 seconds left.
|
|t:|1756170331
|move|p2a: Volcarona|Protect|p2a: Volcarona
|-singleturn|p2a: Volcarona|Protect
|move|p1b: Electabuzz|Follow Me|p1b: Electabuzz
|-singleturn|p1b: Electabuzz|move: Follow Me
|move|p2b: Sneasler|Dire Claw|p1b: Electabuzz
|-damage|p1b: Electabuzz|64/100
|move|p1a: Tyranitar|Rock Slide|p2b: Sneasler|[spread] p2b
|-activate|p2a: Volcarona|move: Protect
|-resisted|p2b: Sneasler
|-damage|p2b: Sneasler|77/100
|
|-weather|Sandstorm|[upkeep]
|-damage|p2b: Sneasler|71/100|[from] Sandstorm
|-damage|p1b: Electabuzz|58/100|[from] Sandstorm
|-damage|p2a: Volcarona|94/100|[from] Sandstorm
|-heal|p2a: Volcarona|100/100|[from] item: Leftovers
|upkeep
|turn|2
|
|t:|1756170353
|switch|p2a: Rillaboom|Rillaboom, L50, F|100/100
|-fieldstart|move: Grassy Terrain|[from] ability: Grassy Surge|[of] p2a: Rillaboom
|move|p1b: Electabuzz|Follow Me|p1b: Electabuzz
|-singleturn|p1b: Electabuzz|move: Follow Me
|move|p2b: Sneasler|Dire Claw|p1b: Electabuzz
|-damage|p1b: Electabuzz|22/100
|move|p1a: Tyranitar|Rock Slide|p2b: Sneasler|[spread] p2a,p2b
|-resisted|p2b: Sneasler
|-damage|p2a: Rillaboom|74/100
|-damage|p2b: Sneasler|48/100
|
|-weather|Sandstorm|[upkeep]
|-damage|p2b: Sneasler|42/100|[from] Sandstorm
|-damage|p1b: Electabuzz|16/100|[from] Sandstorm
|-damage|p2a: Rillaboom|68/100|[from] Sandstorm
|-heal|p2b: Sneasler|48/100|[from] Grassy Terrain
|-heal|p1b: Electabuzz|22/100|[from] Grassy Terrain
|-heal|p2a: Rillaboom|74/100|[from] Grassy Terrain
|upkeep
|turn|3
|
|t:|1756170374
|switch|p1a: Volcarona|Volcarona, L50, F|100/100
|move|p1b: Electabuzz|Protect|p1b: Electabuzz
|-singleturn|p1b: Electabuzz|Protect
|move|p2b: Sneasler|Dire Claw|p1b: Electabuzz
|-activate|p1b: Electabuzz|move: Protect
|move|p2a: Rillaboom|Wood Hammer|p1a: Volcarona
|-resisted|p1a: Volcarona
|-damage|p1a: Volcarona|79/100
|-damage|p2a: Rillaboom|68/100|[from] Recoil
|
|-weather|Sandstorm|[upkeep]
|-damage|p2b: Sneasler|42/100|[from] Sandstorm
|-damage|p1b: Electabuzz|16/100|[from] Sandstorm
|-damage|p1a: Volcarona|73/100|[from] Sandstorm
|-damage|p2a: Rillaboom|63/100|[from] Sandstorm
|-heal|p2b: Sneasler|48/100|[from] Grassy Terrain
|-heal|p1b: Electabuzz|22/100|[from] Grassy Terrain
|-heal|p1a: Volcarona|79/100|[from] Grassy Terrain
|-heal|p2a: Rillaboom|68/100|[from] Grassy Terrain
|upkeep
|turn|4
|
|t:|1756170399
|move|p2a: Rillaboom|Grassy Glide|p1b: Electabuzz
|-damage|p1b: Electabuzz|0 fnt
|faint|p1b: Electabuzz
|move|p2b: Sneasler|Dire Claw|p1a: Volcarona
|-damage|p1a: Volcarona|30/100
|-status|p2b: Sneasler|brn|[from] ability: Flame Body|[of] p1a: Volcarona
|move|p1a: Volcarona|Quiver Dance|p1a: Volcarona
|-boost|p1a: Volcarona|spa|1
|-boost|p1a: Volcarona|spd|1
|-boost|p1a: Volcarona|spe|1
|
|-weather|Sandstorm|[upkeep]
|-damage|p1a: Volcarona|24/100|[from] Sandstorm
|-damage|p2b: Sneasler|42/100 brn|[from] Sandstorm
|-damage|p2a: Rillaboom|63/100|[from] Sandstorm
|-heal|p1a: Volcarona|30/100|[from] Grassy Terrain
|-heal|p2b: Sneasler|48/100 brn|[from] Grassy Terrain
|-heal|p2a: Rillaboom|68/100|[from] Grassy Terrain
|-damage|p2b: Sneasler|42/100 brn|[from] brn
|upkeep
|
|t:|1756170415
|switch|p1b: Tyranitar|Tyranitar, L50, M|100/100
|turn|5
|inactive|Letmein191 has 30 seconds left.
|
|t:|1756170441
|-terastallize|p1b: Tyranitar|Flying
|move|p1a: Volcarona|Heat Wave|p2b: Sneasler|[spread] p2a,p2b
|-supereffective|p2a: Rillaboom
|-damage|p2a: Rillaboom|0 fnt
|-damage|p2b: Sneasler|0 fnt
|faint|p2a: Rillaboom
|faint|p2b: Sneasler
|move|p1b: Tyranitar|Rock Slide|p2: Rillaboom|[notarget]
|-fail|p1b: Tyranitar
|
|-weather|none
|-heal|p1a: Volcarona|36/100|[from] Grassy Terrain
|upkeep
|
|t:|1756170452
|switch|p2b: Volcarona|Volcarona, L50, M|100/100
|switch|p2a: Dragonite|Dragonite, L50, M|100/100
|turn|6
|
|t:|1756170466
|-terastallize|p2a: Dragonite|Fairy
|move|p2b: Volcarona|Protect|p2b: Volcarona
|-singleturn|p2b: Volcarona|Protect
|move|p1a: Volcarona|Heat Wave|p2b: Volcarona|[spread] p2a
|-activate|p2b: Volcarona|move: Protect
|-damage|p2a: Dragonite|72/100
|move|p2a: Dragonite|Scale Shot|p1a: Volcarona
|-damage|p1a: Volcarona|20/100
|-damage|p1a: Volcarona|4/100
|-damage|p1a: Volcarona|0 fnt
|faint|p1a: Volcarona
|-hitcount|p1: Volcarona|3
|-unboost|p2a: Dragonite|def|1
|-boost|p2a: Dragonite|spe|1
|move|p1b: Tyranitar|Rock Slide|p2b: Volcarona|[spread] p2a
|-activate|p2b: Volcarona|move: Protect
|-damage|p2a: Dragonite|18/100
|
|-heal|p2a: Dragonite|24/100|[from] Grassy Terrain
|-fieldend|move: Grassy Terrain
|upkeep
|
|t:|1756170475
|switch|p1a: Mamoswine|Mamoswine, L50, F|100/100
|turn|7
|inactive|Letmein191 has 30 seconds left.
|
|t:|1756170506
|move|p2a: Dragonite|Protect|p2a: Dragonite
|-singleturn|p2a: Dragonite|Protect
|move|p1a: Mamoswine|Ice Shard|p2a: Dragonite
|-activate|p2a: Dragonite|move: Protect
|move|p2b: Volcarona|Heat Wave|p1a: Mamoswine|[spread] p1a,p1b
|-supereffective|p1a: Mamoswine
|-enditem|p1a: Mamoswine|Focus Sash
|-damage|p1a: Mamoswine|1/100
|-damage|p1b: Tyranitar|81/100
|move|p1b: Tyranitar|Tera Blast|p2b: Volcarona|[anim] Tera Blast Flying
|-supereffective|p2b: Volcarona
|-damage|p2b: Volcarona|15/100
|
|-heal|p2b: Volcarona|21/100|[from] item: Leftovers
|upkeep
|turn|8
|
|t:|1756170523
|move|p1a: Mamoswine|Protect|p1a: Mamoswine
|-singleturn|p1a: Mamoswine|Protect
|move|p2a: Dragonite|Extreme Speed|p1a: Mamoswine
|-activate|p1a: Mamoswine|move: Protect
|move|p2b: Volcarona|Heat Wave|p1a: Mamoswine|[spread] p1b
|-activate|p1a: Mamoswine|move: Protect
|-damage|p1b: Tyranitar|61/100
|move|p1b: Tyranitar|Rock Slide|p2a: Dragonite|[spread] p2a,p2b
|-supereffective|p2b: Volcarona
|-damage|p2a: Dragonite|0 fnt
|-damage|p2b: Volcarona|0 fnt
|faint|p2a: Dragonite
|faint|p2b: Volcarona
|
|win|doingVGCthings
||doingVGCthings is ready for game 3.
|inactive|Letmein191 has 30 seconds to confirm battle start!
||Letmein191 is ready for game 3.
|uhtml|next|Next: Game 3 of 3
|l|☆Letmein191
|player|p2|
