|j|☆Cines Yelmo
|j|☆TR Setter
|html|Cines YelmoTR Setter    
|uhtml|bestof|Game 3 of a best-of-3
|t:|1756066125
|gametype|doubles
|player|p1|Cines Yelmo|cameraman|1193
|player|p2|TR Setter|zinzolin|1299
|gen|9
|tier|[Gen 9] VGC 2025 Reg H (Bo3)
|rated|
|rule|Species Clause: Limit one of each Pokémon
|rule|Item Clause: Limit 1 of each item
|clearpoke
|poke|p1|Amoonguss, L50, F|
|poke|p1|Garchomp, L50, F|
|poke|p1|Gholdengo, L50|
|poke|p1|Incineroar, L50, F|
|poke|p1|Murkrow, L50, F|
|poke|p1|Tyranitar, L50, F|
|poke|p2|Indeedee-F, L50, F|
|poke|p2|Hatterene, L50, F|
|poke|p2|Gallade, L50, M|
|poke|p2|Annihilape, L50, M|
|poke|p2|Torkoal, L50, M|
|poke|p2|Kingambit, L50, M|
|teampreview|4
|showteam|p1|Amoonguss||CovertCloak|Regenerator|Protect,SludgeBomb,RagePowder,Spore|||F|||50|,,,,,Water]Garchomp||LifeOrb|SandVeil|Protect,Earthquake,DragonClaw,RockSlide|||F|||50|,,,,,Fairy]Gholdengo||ChoiceSpecs|GoodasGold|MakeItRain,ShadowBall,Thunderbolt,Trick||||||50|,,,,,Steel]Incineroar||SafetyGoggles|Intimidate|FakeOut,FlareBlitz,KnockOff,PartingShot|||F|||50|,,,,,Bug]Murkrow||Eviolite|Prankster|FoulPlay,Tailwind,Quash,Haze|||F|||50|,,,,,Ghost]Tyranitar||AssaultVest|SandStream|RockSlide,KnockOff,LowKick,TeraBlast|||F|||50|,,,,,Flying
|showteam|p2|Indeedee-F||PsychicSeed|PsychicSurge|HelpingHand,Psychic,TrickRoom,FollowMe|||F|||50|,,,,,Grass]Hatterene||LifeOrb|MagicBounce|ExpandingForce,DazzlingGleam,TrickRoom,Protect|||F|||50|,,,,,Fire]Gallade||ClearAmulet|Sharpness|PsychoCut,SacredSword,WideGuard,TrickRoom|||M|||50|,,,,,Steel]Annihilape||ChoiceScarf|Defiant|FinalGambit,CloseCombat,RageFist,Uturn|||M|||50|,,,,,Grass]Torkoal||Charcoal|Drought|Eruption,WeatherBall,Protect,EarthPower|||M|||50|,,,,,Fire]Kingambit||SafetyGoggles|Defiant|SuckerPunch,KowtowCleave,LowKick,Protect|||M|||50|,,,,,Dark
|inactive|Battle timer is ON: inactive players will automatically lose when time's up. (requested by TR Setter)
|
|t:|1756066161
|teamsize|p1|4
|teamsize|p2|4
|start
|switch|p1a: Garchomp|Garchomp, L50, F|100/100
|switch|p1b: Tyranitar|Tyranitar, L50, F|100/100
|switch|p2a: Gallade|Gallade, L50, M|100/100
|switch|p2b: Indeedee|Indeedee-F, L50, F|100/100
|-weather|Sandstorm|[from] ability: Sand Stream|[of] p1b: Tyranitar
|-fieldstart|move: Psychic Terrain|[from] ability: Psychic Surge|[of] p2b: Indeedee
|-enditem|p2b: Indeedee|Psychic Seed
|-boost|p2b: Indeedee|spd|1|[from] item: Psychic Seed
|turn|1
|inactive|Cines Yelmo has 30 seconds left.
|
|t:|1756066195
|-terastallize|p1b: Tyranitar|Flying
|move|p2a: Gallade|Wide Guard|p2a: Gallade
|-singleturn|p2a: Gallade|Wide Guard
|move|p1a: Garchomp|Earthquake|p2a: Gallade|[spread] 
|-activate|p2a: Gallade|move: Wide Guard
|-activate|p2b: Indeedee|move: Wide Guard
|-immune|p1b: Tyranitar
|move|p1b: Tyranitar|Tera Blast|p2a: Gallade|[anim] Tera Blast Flying
|-supereffective|p2a: Gallade
|-damage|p2a: Gallade|0 fnt
|faint|p2a: Gallade
|move|p2b: Indeedee|Trick Room|p2b: Indeedee
|-fieldstart|move: Trick Room|[of] p2b: Indeedee
|
|-weather|Sandstorm|[upkeep]
|-damage|p2b: Indeedee|94/100|[from] Sandstorm
|-damage|p1b: Tyranitar|94/100|[from] Sandstorm
|upkeep
|
|t:|1756066209
|switch|p2a: Hatterene|Hatterene, L50, F|100/100
|turn|2
|inactive|Cines Yelmo has 30 seconds left.
|
|t:|1756066240
|switch|p2b: Kingambit|Kingambit, L50, M|100/100
|move|p2a: Hatterene|Protect|p2a: Hatterene
|-singleturn|p2a: Hatterene|Protect
|move|p1a: Garchomp|Protect|p1a: Garchomp
|-singleturn|p1a: Garchomp|Protect
|move|p1b: Tyranitar|Rock Slide|p2b: Kingambit|[spread] 
|-activate|p2a: Hatterene|move: Protect
|-miss|p1b: Tyranitar|p2b: Kingambit
|
|-weather|Sandstorm|[upkeep]
|-damage|p2a: Hatterene|94/100|[from] Sandstorm
|-damage|p1b: Tyranitar|88/100|[from] Sandstorm
|upkeep
|turn|3
|inactive|Cines Yelmo has 30 seconds left.
|
|t:|1756066268
|switch|p1a: Amoonguss|Amoonguss, L50, F|100/100
|move|p2a: Hatterene|Expanding Force|p1a: Amoonguss|[spread] p1a,p1b
|-supereffective|p1a: Amoonguss
|-damage|p1a: Amoonguss|0 fnt
|-damage|p1b: Tyranitar|35/100
|faint|p1a: Amoonguss
|-damage|p2a: Hatterene|85/100|[from] item: Life Orb
|move|p2b: Kingambit|Kowtow Cleave|p1b: Tyranitar
|-damage|p1b: Tyranitar|0 fnt
|faint|p1b: Tyranitar
|
|-weather|Sandstorm|[upkeep]
|-damage|p2a: Hatterene|79/100|[from] Sandstorm
|upkeep
|
|t:|1756066284
|switch|p1a: Garchomp|Garchomp, L50, F|100/100
|switch|p1b: Gholdengo|Gholdengo, L50|100/100
|turn|4
|
|t:|1756066307
|move|p1a: Garchomp|Protect|p1a: Garchomp
|-singleturn|p1a: Garchomp|Protect
|move|p2a: Hatterene|Dazzling Gleam|p1a: Garchomp|[spread] p1b
|-activate|p1a: Garchomp|move: Protect
|-resisted|p1b: Gholdengo
|-damage|p1b: Gholdengo|72/100
|-damage|p2a: Hatterene|69/100|[from] item: Life Orb
|move|p2b: Kingambit|Kowtow Cleave|p1b: Gholdengo
|-supereffective|p1b: Gholdengo
|-damage|p1b: Gholdengo|0 fnt
|faint|p1b: Gholdengo
|
|-weather|Sandstorm|[upkeep]
|-damage|p2a: Hatterene|63/100|[from] Sandstorm
|upkeep
|turn|5
|c|☆TR Setter|gg
|
|t:|1756066324
|-terastallize|p2b: Kingambit|Dark
|move|p2a: Hatterene|Dazzling Gleam|p1a: Garchomp
|-supereffective|p1a: Garchomp
|-damage|p1a: Garchomp|0 fnt
|faint|p1a: Garchomp
|-damage|p2a: Hatterene|53/100|[from] item: Life Orb
|
|win|TR Setter
|raw|Cines Yelmo's rating: 1193 → 1175(-18 for losing)
|raw|TR Setter's rating: 1299 → 1317(+18 for winning)
