|j|☆OssiGT
|j|☆TopekaMelon
|html|OssiGTTopekaMelon    
|uhtml|bestof|Game 3 of a best-of-3
|t:|1783958241
|gametype|doubles
|player|p1|OssiGT|colress|1241
|player|p2|TopekaMelon|sabrina|1312
|gen|9
|tier|[Gen 9 Champions] VGC 2026 Reg M-B (Bo3)
|rated|
|rule|Species Clause: Limit one of each Pokémon
|rule|Item Clause: Limit 1 of each item
|clearpoke
|poke|p1|Raichu, L50, M|
|poke|p1|Mawile, L50, F|
|poke|p1|Sinistcha, L50|
|poke|p1|Ceruledge, L50, F|
|poke|p1|Milotic, L50, M|
|poke|p1|Incineroar, L50, M|
|poke|p2|Farigiraf, L50, M|
|poke|p2|Torkoal, L50, M|
|poke|p2|Incineroar, L50, M|
|poke|p2|Vivillon-Elegant, L50, F|
|poke|p2|Gardevoir, L50, F|
|poke|p2|Mudsdale, L50, F|
|teampreview|4
|showteam|p1|Raichu||RaichuniteY|LightningRod|ZapCannon,FocusBlast,FakeOut,Protect|Timid||M|||50|]Mawile||Mawilite|HyperCutter|PlayRough,SuckerPunch,SwordsDance,Protect|Adamant||F|||50|]Sinistcha||KasibBerry|Hospitality|MatchaGotcha,LifeDew,RagePowder,Protect|Relaxed|||||50|]Ceruledge||ColburBerry|FlashFire|BitterBlade,ShadowSneak,BulkUp,Protect|Adamant||F|||50|]Milotic||Leftovers|Competitive|MuddyWater,Coil,Hypnosis,Protect|Calm||M|||50|]Incineroar||SitrusBerry|Intimidate|FlareBlitz,ThroatChop,FakeOut,PartingShot|Impish||M|||50|
|showteam|p2|Farigiraf||SitrusBerry|ArmorTail|Protect,TrickRoom,Thunderbolt,Psychic|Sassy||M|||50|]Torkoal||Charcoal|Drought|Protect,SolarBeam,WeatherBall,Eruption|Quiet||M|||50|]Incineroar||WhiteHerb|Intimidate|FlareBlitz,DarkestLariat,CloseCombat,FakeOut|Brave||M|||50|]Vivillon-Elegant||FocusSash|CompoundEyes|Protect,RagePowder,SleepPowder,Hurricane|Timid||F|||50|]Gardevoir||Gardevoirite|Telepathy|Protect,TrickRoom,Psychic,HyperVoice|Quiet||F|||50|]Mudsdale||LifeOrb|InnerFocus|Earthquake,HighHorsepower,HeavySlam,RockSlide|Brave||F|||50|
|inactive|Battle timer is ON: inactive players will automatically lose when time's up. (requested by OssiGT)
|
|t:|1783958273
|teamsize|p1|4
|teamsize|p2|4
|start
|switch|p1a: Milotic|Milotic, L50, M|100/100
|switch|p1b: Sinistcha|Sinistcha, L50|100/100
|switch|p2a: Vivillon|Vivillon-Elegant, L50, F|100/100
|switch|p2b: Gardevoir|Gardevoir, L50, F|100/100
|turn|1
|
|t:|1783958287
|detailschange|p2b: Gardevoir|Gardevoir-Mega, L50, F
|-mega|p2b: Gardevoir|Gardevoir|Gardevoirite
|move|p1b: Sinistcha|Rage Powder|p1b: Sinistcha
|-singleturn|p1b: Sinistcha|move: Rage Powder
|move|p2a: Vivillon|Hurricane|p1b: Sinistcha
|-supereffective|p1b: Sinistcha|1
|-damage|p1b: Sinistcha|21/100
|move|p2b: Gardevoir|Hyper Voice|p1a: Milotic|[spread] p1a,p1b
|-damage|p1a: Milotic|66/100
|-damage|p1b: Sinistcha|0 fnt
|faint|p1b: Sinistcha
|move|p1a: Milotic|Coil|p1a: Milotic
|-boost|p1a: Milotic|atk|1
|-boost|p1a: Milotic|def|1
|-boost|p1a: Milotic|accuracy|1
|
|-heal|p1a: Milotic|72/100|[from] item: Leftovers
|upkeep
|
|t:|1783958294
|switch|p1b: Incineroar|Incineroar, L50, M|100/100
|-ability|p1b: Incineroar|Intimidate|boost
|-unboost|p2a: Vivillon|atk|1
|-unboost|p2b: Gardevoir|atk|1
|turn|2
|
|t:|1783958312
|move|p2a: Vivillon|Protect|p2a: Vivillon
|-singleturn|p2a: Vivillon|Protect
|move|p2b: Gardevoir|Protect|p2b: Gardevoir
|-singleturn|p2b: Gardevoir|Protect
|move|p1a: Milotic|Muddy Water|p2a: Vivillon|[spread] 
|-activate|p2a: Vivillon|move: Protect
|-activate|p2b: Gardevoir|move: Protect
|move|p1b: Incineroar|Flare Blitz|p2b: Gardevoir
|-activate|p2b: Gardevoir|move: Protect
|
|-heal|p1a: Milotic|78/100|[from] item: Leftovers
|upkeep
|turn|3
|
|t:|1783958332
|move|p2a: Vivillon|Sleep Powder|p1a: Milotic
|-status|p1a: Milotic|slp|[from] move: Sleep Powder
|move|p2b: Gardevoir|Hyper Voice|p1a: Milotic|[spread] p1a,p1b
|-crit|p1a: Milotic
|-damage|p1a: Milotic|23/100 slp
|-damage|p1b: Incineroar|52/100
|cant|p1a: Milotic|slp
|move|p1b: Incineroar|Throat Chop|p2b: Gardevoir
|-damage|p2b: Gardevoir|53/100
|-start|p2b: Gardevoir|Throat Chop|[silent]
|
|-heal|p1a: Milotic|29/100 slp|[from] item: Leftovers
|upkeep
|turn|4
|
|t:|1783958350
|move|p2a: Vivillon|Hurricane|p1b: Incineroar|[miss]
|-miss|p2a: Vivillon|p1b: Incineroar
|move|p2b: Gardevoir|Psychic|p1a: Milotic
|-damage|p1a: Milotic|0 fnt
|faint|p1a: Milotic
|move|p1b: Incineroar|Flare Blitz|p2a: Vivillon
|-supereffective|p2a: Vivillon|1
|-enditem|p2a: Vivillon|Focus Sash
|-damage|p2a: Vivillon|1/100
|-damage|p1b: Incineroar|27/100|[from] Recoil
|-enditem|p1b: Incineroar|Sitrus Berry|[eat]
|-heal|p1b: Incineroar|51/100|[from] item: Sitrus Berry
|
|-end|p2b: Gardevoir|Throat Chop|[silent]
|upkeep
|
|t:|1783958356
|switch|p1a: Raichu|Raichu, L50, M|100/100
|turn|5
|inactive|TopekaMelon has 30 seconds left.
|
|t:|1783958385
|detailschange|p1a: Raichu|Raichu-Mega-Y, L50, M
|-mega|p1a: Raichu|Raichu|Raichunite Y
|move|p2a: Vivillon|Rage Powder|p2a: Vivillon
|-singleturn|p2a: Vivillon|move: Rage Powder
|move|p1a: Raichu|Zap Cannon|p2a: Vivillon
|-supereffective|p2a: Vivillon|1
|-damage|p2a: Vivillon|0 fnt
|faint|p2a: Vivillon
|move|p2b: Gardevoir|Hyper Voice|p1b: Incineroar|[spread] p1a,p1b
|-damage|p1a: Raichu|32/100
|-damage|p1b: Incineroar|5/100
|move|p1b: Incineroar|Flare Blitz|p2b: Gardevoir
|-damage|p2b: Gardevoir|0 fnt
|faint|p2b: Gardevoir
|-damage|p1b: Incineroar|0 fnt|[from] Recoil
|faint|p1b: Incineroar
|
|upkeep
|
|t:|1783958399
|switch|p2a: Mudsdale|Mudsdale, L50, F|100/100
|switch|p2b: Farigiraf|Farigiraf, L50, M|100/100
|turn|6
|
|t:|1783958411
|move|p2b: Farigiraf|Protect|p2b: Farigiraf
|-singleturn|p2b: Farigiraf|Protect
|move|p1a: Raichu|Focus Blast|p2a: Mudsdale
|-damage|p2a: Mudsdale|62/100
|move|p2a: Mudsdale|Earthquake|p1a: Raichu|[spread] p1a
|-activate|p2b: Farigiraf|move: Protect
|-supereffective|p1a: Raichu|1
|-damage|p1a: Raichu|0 fnt
|faint|p1a: Raichu
|-damage|p2a: Mudsdale|52/100|[from] item: Life Orb
|
|win|TopekaMelon
|raw|OssiGT's rating: 1241 → 1221(-20 for losing)
|raw|TopekaMelon's rating: 1312 → 1328(+16 for winning)
|l|☆OssiGT
|player|p1|
