|j|☆davirru5
|j|☆KChiefs7
|html|davirru5KChiefs7    
|uhtml|bestof|Game 1 of a best-of-3
|t:|1756478136
|gametype|doubles
|player|p1|davirru5|ghetsis|1000
|player|p2|KChiefs7|swimmer-gen4|1027
|gen|9
|tier|[Gen 9] VGC 2025 Reg H (Bo3)
|rated|
|rule|Species Clause: Limit one of each Pokémon
|rule|Item Clause: Limit 1 of each item
|clearpoke
|poke|p1|Sneasler, L50, F|
|poke|p1|Rillaboom, L50, F|
|poke|p1|Electabuzz, L50, M|
|poke|p1|Dragonite, L50, F|
|poke|p1|Volcarona, L50, F|
|poke|p1|Kingambit, L50, M|
|poke|p2|Incineroar, L50, F|
|poke|p2|Gholdengo, L50|
|poke|p2|Amoonguss, L50, F|
|poke|p2|Hydreigon, L50, M|
|poke|p2|Porygon2, L50|
|poke|p2|Ursaluna, L50, F|
|teampreview|4
|showteam|p1|Sneasler||FocusSash|PoisonTouch|CloseCombat,DireClaw,Coaching,FakeOut|||F|||50|,,,,,Ghost]Rillaboom||AssaultVest|GrassySurge|WoodHammer,GrassyGlide,HighHorsepower,FakeOut|||F|||50|,,,,,Fire]Electabuzz||Eviolite|VitalSpirit|Thunderbolt,FollowMe,Taunt,Protect|||M|||50|,,,,,Ghost]Dragonite||LoadedDice|Multiscale|ScaleShot,ExtremeSpeed,Haze,Protect|||F|||50|,,,,,Fairy]Volcarona||Leftovers|FlameBody|HeatWave,TeraBlast,QuiverDance,Protect|||F|||50|,,,,,Fairy]Kingambit||BlackGlasses|Defiant|KowtowCleave,SuckerPunch,SwordsDance,Protect|||M|||50|,,,,,Dark
|showteam|p2|Incineroar||SitrusBerry|Intimidate|KnockOff,FakeOut,FlareBlitz,PartingShot|||F|||50|,,,,,Ghost]Gholdengo||MetalCoat|GoodasGold|Protect,NastyPlot,MakeItRain,ShadowBall||||||50|,,,,,Water]Amoonguss||RockyHelmet|Regenerator|Spore,RagePowder,PollenPuff,Protect|||F|||50|,,,,,Fairy]Hydreigon||SafetyGoggles|Levitate|DracoMeteor,Snarl,Tailwind,Protect|||M|||50|,,,,,Ghost]Porygon2||Eviolite|Download|Recover,IceBeam,TeraBlast,TrickRoom||||||50|,,,,,Fighting]Ursaluna||FlameOrb|Guts|Earthquake,Facade,HeadlongRush,Protect|||F|||50|,,,,,Ghost
|inactive|Battle timer is ON: inactive players will automatically lose when time's up. (requested by davirru5)
|inactive|KChiefs7 also wants the timer to be on.
|inactive|davirru5 has 60 seconds left.
|inactive|KChiefs7 has 60 seconds left.
|inactive|KChiefs7 has 30 seconds left.
|inactive|KChiefs7 has 20 seconds left.
|
|t:|1756478207
|teamsize|p1|4
|teamsize|p2|4
|start
|switch|p1a: Electabuzz|Electabuzz, L50, M|100/100
|switch|p1b: Volcarona|Volcarona, L50, F|100/100
|switch|p2a: Porygon2|Porygon2, L50|100/100
|switch|p2b: Incineroar|Incineroar, L50, F|100/100
|-ability|p2a: Porygon2|Download|boost
|-boost|p2a: Porygon2|atk|1
|-ability|p2b: Incineroar|Intimidate|boost
|-unboost|p1a: Electabuzz|atk|1
|-unboost|p1b: Volcarona|atk|1
|turn|1
|inactive|KChiefs7 has 30 seconds left.
|
|t:|1756478242
|-terastallize|p1a: Electabuzz|Ghost
|move|p1a: Electabuzz|Taunt|p2a: Porygon2
|-start|p2a: Porygon2|move: Taunt
|move|p1b: Volcarona|Quiver Dance|p1b: Volcarona
|-boost|p1b: Volcarona|spa|1
|-boost|p1b: Volcarona|spd|1
|-boost|p1b: Volcarona|spe|1
|move|p2b: Incineroar|Knock Off|p1a: Electabuzz
|-supereffective|p1a: Electabuzz
|-damage|p1a: Electabuzz|40/100
|-enditem|p1a: Electabuzz|Eviolite|[from] move: Knock Off|[of] p2b: Incineroar
|cant|p2a: Porygon2|move: Taunt|Trick Room
|
|upkeep
|turn|2
|
|t:|1756478265
|switch|p2a: Amoonguss|Amoonguss, L50, F|100/100
|move|p1a: Electabuzz|Follow Me|p1a: Electabuzz
|-singleturn|p1a: Electabuzz|move: Follow Me
|move|p1b: Volcarona|Quiver Dance|p1b: Volcarona
|-boost|p1b: Volcarona|spa|1
|-boost|p1b: Volcarona|spd|1
|-boost|p1b: Volcarona|spe|1
|move|p2b: Incineroar|Parting Shot|p1a: Electabuzz
|-unboost|p1a: Electabuzz|atk|1
|-unboost|p1a: Electabuzz|spa|1
|
|t:|1756478276
|switch|p2b: Porygon2|Porygon2, L50|100/100|[from] Parting Shot
|-ability|p2b: Porygon2|Download|boost
|-boost|p2b: Porygon2|atk|1
|
|upkeep
|turn|3
|
|t:|1756478297
|-terastallize|p2a: Amoonguss|Fairy
|move|p2a: Amoonguss|Rage Powder|p2a: Amoonguss
|-singleturn|p2a: Amoonguss|move: Rage Powder
|move|p1b: Volcarona|Heat Wave|p2a: Amoonguss|[spread] p2a,p2b
|-damage|p2a: Amoonguss|35/100
|-damage|p2b: Porygon2|55/100
|-status|p2b: Porygon2|brn
|move|p1a: Electabuzz|Taunt|p2a: Amoonguss
|-start|p2a: Amoonguss|move: Taunt
|move|p2b: Porygon2|Trick Room|p2b: Porygon2
|-fieldstart|move: Trick Room|[of] p2b: Porygon2
|
|-damage|p2b: Porygon2|49/100 brn|[from] brn
|upkeep
|turn|4
|inactive|KChiefs7 has 30 seconds left.
|
|t:|1756478329
|switch|p2a: Ursaluna|Ursaluna, L50, F|100/100
|move|p1a: Electabuzz|Follow Me|p1a: Electabuzz
|-singleturn|p1a: Electabuzz|move: Follow Me
|move|p2b: Porygon2|Recover|p2b: Porygon2
|-heal|p2b: Porygon2|99/100 brn
|move|p1b: Volcarona|Quiver Dance|p1b: Volcarona
|-boost|p1b: Volcarona|spa|1
|-boost|p1b: Volcarona|spd|1
|-boost|p1b: Volcarona|spe|1
|
|-damage|p2b: Porygon2|93/100 brn|[from] brn
|-status|p2a: Ursaluna|brn|[from] item: Flame Orb
|upkeep
|turn|5
|inactive|KChiefs7 has 30 seconds left.
|
|t:|1756478355
|move|p1a: Electabuzz|Protect|p1a: Electabuzz
|-singleturn|p1a: Electabuzz|Protect
|move|p1b: Volcarona|Protect|p1b: Volcarona
|-singleturn|p1b: Volcarona|Protect
|move|p2a: Ursaluna|Earthquake|p1a: Electabuzz|[spread] p2b
|-activate|p1a: Electabuzz|move: Protect
|-activate|p1b: Volcarona|move: Protect
|-damage|p2b: Porygon2|47/100 brn
|move|p2b: Porygon2|Recover|p2b: Porygon2
|-heal|p2b: Porygon2|97/100 brn
|
|-damage|p2a: Ursaluna|95/100 brn|[from] brn
|-damage|p2b: Porygon2|91/100 brn|[from] brn
|upkeep
|turn|6
|inactive|KChiefs7 has 30 seconds left.
|
|t:|1756478387
|move|p1a: Electabuzz|Follow Me|p1a: Electabuzz
|-singleturn|p1a: Electabuzz|move: Follow Me
|move|p2a: Ursaluna|Earthquake|p1a: Electabuzz|[spread] p2b,p1a,p1b
|-damage|p2b: Porygon2|45/100 brn
|-damage|p1a: Electabuzz|0 fnt
|-damage|p1b: Volcarona|25/100
|faint|p1a: Electabuzz
|move|p2b: Porygon2|Recover|p2b: Porygon2
|-heal|p2b: Porygon2|95/100 brn
|move|p1b: Volcarona|Heat Wave|p2a: Ursaluna|[spread] p2a,p2b
|-damage|p2a: Ursaluna|16/100 brn
|-damage|p2b: Porygon2|35/100 brn
|
|-heal|p1b: Volcarona|30/100|[from] item: Leftovers
|-damage|p2a: Ursaluna|10/100 brn|[from] brn
|-damage|p2b: Porygon2|29/100 brn|[from] brn
|upkeep
|
|t:|1756478412
|switch|p1a: Rillaboom|Rillaboom, L50, F|100/100
|-fieldstart|move: Grassy Terrain|[from] ability: Grassy Surge|[of] p1a: Rillaboom
|turn|7
|inactive|KChiefs7 has 30 seconds left.
|inactive|KChiefs7 has 20 seconds left.
|
|t:|1756478455
|switch|p2b: Amoonguss|Amoonguss, L50, F, tera:Fairy|68/100
|move|p2a: Ursaluna|Protect|p2a: Ursaluna
|-singleturn|p2a: Ursaluna|Protect
|move|p1b: Volcarona|Protect|p1b: Volcarona
|-singleturn|p1b: Volcarona|Protect
|move|p1a: Rillaboom|Fake Out|p2a: Ursaluna
|-activate|p2a: Ursaluna|move: Protect
|
|-heal|p2b: Amoonguss|74/100|[from] Grassy Terrain
|-heal|p2a: Ursaluna|16/100 brn|[from] Grassy Terrain
|-heal|p1b: Volcarona|36/100|[from] Grassy Terrain
|-heal|p1b: Volcarona|42/100|[from] item: Leftovers
|-damage|p2a: Ursaluna|10/100 brn|[from] brn
|-fieldend|move: Trick Room
|upkeep
|turn|8
|
|t:|1756478469
|switch|p2b: Incineroar|Incineroar, L50, F|100/100
|-ability|p2b: Incineroar|Intimidate|boost
|-unboost|p1a: Rillaboom|atk|1
|-unboost|p1b: Volcarona|atk|1
|move|p1b: Volcarona|Heat Wave|p2b: Incineroar|[spread] p2b
|-miss|p1b: Volcarona|p2a: Ursaluna
|-resisted|p2b: Incineroar
|-damage|p2b: Incineroar|65/100
|move|p1a: Rillaboom|Wood Hammer|p2b: Incineroar
|-resisted|p2b: Incineroar
|-damage|p2b: Incineroar|40/100
|-enditem|p2b: Incineroar|Sitrus Berry|[eat]
|-heal|p2b: Incineroar|65/100|[from] item: Sitrus Berry
|-damage|p1a: Rillaboom|93/100|[from] Recoil
|move|p2a: Ursaluna|Facade|p1a: Rillaboom
|-damage|p1a: Rillaboom|0 fnt
|faint|p1a: Rillaboom
|
|-heal|p1b: Volcarona|48/100|[from] Grassy Terrain
|-heal|p1b: Volcarona|54/100|[from] item: Leftovers
|-heal|p2b: Incineroar|71/100|[from] Grassy Terrain
|-heal|p2a: Ursaluna|16/100 brn|[from] Grassy Terrain
|-damage|p2a: Ursaluna|10/100 brn|[from] brn
|upkeep
|
|t:|1756478477
|switch|p1a: Kingambit|Kingambit, L50, M|100/100
|turn|9
|inactive|KChiefs7 has 30 seconds left.
|inactive|KChiefs7 has 20 seconds left.
|inactive|KChiefs7 has 15 seconds left.
|
|t:|1756478522
|switch|p2a: Amoonguss|Amoonguss, L50, F, tera:Fairy|100/100
|move|p1b: Volcarona|Protect|p1b: Volcarona
|-singleturn|p1b: Volcarona|Protect
|move|p1a: Kingambit|Protect|p1a: Kingambit
|-singleturn|p1a: Kingambit|Protect
|move|p2b: Incineroar|Flare Blitz|p1a: Kingambit
|-activate|p1a: Kingambit|move: Protect
|
|-heal|p1b: Volcarona|59/100|[from] Grassy Terrain
|-heal|p1b: Volcarona|65/100|[from] item: Leftovers
|-heal|p2b: Incineroar|77/100|[from] Grassy Terrain
|upkeep
|turn|10
|inactive|KChiefs7 has 30 seconds left.
|
|t:|1756478554
|move|p1b: Volcarona|Heat Wave|p2b: Incineroar|[spread] p2a,p2b
|-resisted|p2b: Incineroar
|-crit|p2b: Incineroar
|-damage|p2a: Amoonguss|17/100
|-damage|p2b: Incineroar|23/100
|move|p2b: Incineroar|Flare Blitz|p1a: Kingambit
|-supereffective|p1a: Kingambit
|-damage|p1a: Kingambit|23/100
|-damage|p2b: Incineroar|0 fnt|[from] Recoil
|faint|p2b: Incineroar
|move|p1a: Kingambit|Kowtow Cleave|p2a: Amoonguss
|-resisted|p2a: Amoonguss
|-damage|p2a: Amoonguss|0 fnt
|-damage|p1a: Kingambit|7/100|[from] item: Rocky Helmet|[of] p2a: Amoonguss
|faint|p2a: Amoonguss
|
|-heal|p1b: Volcarona|71/100|[from] Grassy Terrain
|-heal|p1b: Volcarona|77/100|[from] item: Leftovers
|-heal|p1a: Kingambit|13/100|[from] Grassy Terrain
|upkeep
|
|t:|1756478565
|switch|p2b: Ursaluna|Ursaluna, L50, F|10/100 brn
|switch|p2a: Porygon2|Porygon2, L50|29/100 brn
|-ability|p2a: Porygon2|Download|boost
|-boost|p2a: Porygon2|atk|1
|turn|11
|
|t:|1756478571
|move|p2b: Ursaluna|Protect|p2b: Ursaluna
|-singleturn|p2b: Ursaluna|Protect
|move|p1a: Kingambit|Sucker Punch||[still]
|-fail|p1a: Kingambit
|move|p1b: Volcarona|Tera Blast|p2a: Porygon2
|-damage|p2a: Porygon2|0 fnt
|faint|p2a: Porygon2
|
|-heal|p1b: Volcarona|83/100|[from] Grassy Terrain
|-heal|p1b: Volcarona|88/100|[from] item: Leftovers
|-heal|p1a: Kingambit|19/100|[from] Grassy Terrain
|-heal|p2b: Ursaluna|16/100 brn|[from] Grassy Terrain
|-damage|p2b: Ursaluna|10/100 brn|[from] brn
|-fieldend|move: Grassy Terrain
|upkeep
|turn|12
|
|t:|1756478586
|move|p1a: Kingambit|Sucker Punch|p2b: Ursaluna
|-damage|p2b: Ursaluna|0 fnt
|faint|p2b: Ursaluna
|
|win|davirru5
||KChiefs7 is ready for game 2.
||davirru5 is ready for game 2.
|uhtml|next|Next: Game 2 of 3
