|j|☆dr_sugus_vgc
|j|‽Cm3112
|html|dr_sugus_vgcCm3112    
|uhtml|bestof|Game 3 of a best-of-3
|t:|1756390674
|gametype|doubles
|player|p1|dr_sugus_vgc|265|1142
|player|p2|Cm3112|266|1171
|gen|9
|tier|[Gen 9] VGC 2025 Reg H (Bo3)
|rated|
|rule|Species Clause: Limit one of each Pokémon
|rule|Item Clause: Limit 1 of each item
|clearpoke
|poke|p1|Politoed, L50, M|
|poke|p1|Gothitelle, L50, M|
|poke|p1|Incineroar, L50, M|
|poke|p1|Amoonguss, L50, F|
|poke|p1|Dragapult, L50, M|
|poke|p1|Kingambit, L50, F|
|poke|p2|Pelipper, L50, F|
|poke|p2|Archaludon, L50, M|
|poke|p2|Annihilape, L50, F|
|poke|p2|Maushold-Four, L50|
|poke|p2|Rillaboom, L50, F|
|poke|p2|Hydreigon, L50, F|
|teampreview|4
|showteam|p1|Politoed||Leftovers|Drizzle|Protect,WeatherBall,PerishSong,Encore|||M|||50|,,,,,Grass]Gothitelle||SitrusBerry|ShadowTag|Protect,Psychic,FakeOut,TrickRoom|||M|||50|,,,,,Dark]Incineroar||SafetyGoggles|Intimidate|Protect,KnockOff,FakeOut,PartingShot|||M|||50|,,,,,Ghost]Amoonguss||EjectButton|Regenerator|Protect,RagePowder,PollenPuff,Spore|||F|||50|,,,,,Fairy]Dragapult||ChoiceBand|ClearBody|DragonDarts,Outrage,PhantomForce,Disable|||M|||50|,,,,,Dragon]Kingambit||BlackGlasses|Defiant|SwordsDance,KowtowCleave,SuckerPunch,Protect|||F|||50|,,,,,Dark
|showteam|p2|Pelipper||FocusSash|Drizzle|MuddyWater,Hurricane,WideGuard,Protect|||F|||50|,,,,,Grass]Archaludon||AssaultVest|Stamina|FlashCannon,ElectroShot,DracoMeteor,BodyPress|||M|||50|,,,,,Fairy]Annihilape||SafetyGoggles|Defiant|DrainPunch,RageFist,BulkUp,Protect|||F|||50|,,,,,Dragon]Maushold-Four||WideLens|Technician|PopulationBomb,BeatUp,FollowMe,Protect||||||50|,,,,,Ghost]Rillaboom||LoadedDice|GrassySurge|BulletSeed,Uturn,FakeOut,GrassyGlide|||F|||50|,,,,,Water]Hydreigon||LifeOrb|Levitate|NastyPlot,Snarl,DracoMeteor,HeatWave|||F|||50|,,,,,Fire
|inactive|Battle timer is ON: inactive players will automatically lose when time's up. (requested by Cm3112)
|
|t:|1756390705
|teamsize|p1|4
|teamsize|p2|4
|start
|switch|p1a: Gothitelle|Gothitelle, L50, M|100/100
|switch|p1b: Politoed|Politoed, L50, M|100/100
|switch|p2a: Pelipper|Pelipper, L50, F|100/100
|switch|p2b: Archaludon|Archaludon, L50, M|100/100
|-weather|RainDance|[from] ability: Drizzle|[of] p2a: Pelipper
|turn|1
|
|t:|1756390718
|move|p1a: Gothitelle|Fake Out|p2b: Archaludon
|-resisted|p2b: Archaludon
|-damage|p2b: Archaludon|98/100
|-ability|p2b: Archaludon|Stamina|boost
|-boost|p2b: Archaludon|def|1
|move|p2a: Pelipper|Hurricane|p1a: Gothitelle
|-damage|p1a: Gothitelle|59/100
|cant|p2b: Archaludon|flinch
|move|p1b: Politoed|Perish Song|p1b: Politoed
|-start|p1a: Gothitelle|perish3|[silent]
|-start|p1b: Politoed|perish3|[silent]
|-start|p2a: Pelipper|perish3|[silent]
|-start|p2b: Archaludon|perish3|[silent]
|-fieldactivate|move: Perish Song
|
|-weather|RainDance|[upkeep]
|-start|p2a: Pelipper|perish3
|-start|p1b: Politoed|perish3
|-start|p2b: Archaludon|perish3
|-start|p1a: Gothitelle|perish3
|upkeep
|turn|2
|
|t:|1756390742
|move|p1b: Politoed|Protect|p1b: Politoed
|-singleturn|p1b: Politoed|Protect
|move|p1a: Gothitelle|Protect|p1a: Gothitelle
|-singleturn|p1a: Gothitelle|Protect
|move|p2a: Pelipper|Hurricane|p1b: Politoed
|-activate|p1b: Politoed|move: Protect
|move|p2b: Archaludon|Electro Shot||[still]
|-prepare|p2b: Archaludon|Electro Shot
|-boost|p2b: Archaludon|spa|1
|-anim|p2b: Archaludon|Electro Shot|p1b: Politoed
|-activate|p1b: Politoed|move: Protect
|
|-weather|RainDance|[upkeep]
|-start|p2a: Pelipper|perish2
|-start|p2b: Archaludon|perish2
|-start|p1b: Politoed|perish2
|-start|p1a: Gothitelle|perish2
|upkeep
|turn|3
|inactive|dr_sugus_vgc has 30 seconds left.
|
|t:|1756390771
|switch|p1a: Amoonguss|Amoonguss, L50, F|100/100
|move|p2a: Pelipper|Hurricane|p1b: Politoed
|-damage|p1b: Politoed|62/100
|move|p2b: Archaludon|Draco Meteor|p1a: Amoonguss
|-damage|p1a: Amoonguss|10/100
|-unboost|p2b: Archaludon|spa|2
|-enditem|p1a: Amoonguss|Eject Button
|
|t:|1756390780
|switch|p1a: Gothitelle|Gothitelle, L50, M|59/100
|move|p1b: Politoed|Encore|p2b: Archaludon
|-start|p2b: Archaludon|Encore
|
|-weather|RainDance|[upkeep]
|-heal|p1b: Politoed|69/100|[from] item: Leftovers
|-start|p2a: Pelipper|perish1
|-start|p2b: Archaludon|perish1
|-start|p1b: Politoed|perish1
|upkeep
|turn|4
|
|t:|1756390800
|switch|p1b: Amoonguss|Amoonguss, L50, F|43/100
|move|p1a: Gothitelle|Protect|p1a: Gothitelle
|-singleturn|p1a: Gothitelle|Protect
|move|p2a: Pelipper|Hurricane|p1a: Gothitelle
|-activate|p1a: Gothitelle|move: Protect
|move|p2b: Archaludon|Draco Meteor|p1a: Gothitelle
|-activate|p1a: Gothitelle|move: Protect
|
|-weather|RainDance|[upkeep]
|-start|p2a: Pelipper|perish0
|-start|p2b: Archaludon|perish0
|faint|p2a: Pelipper
|faint|p2b: Archaludon
|upkeep
|
|t:|1756390805
|switch|p2a: Maushold|Maushold-Four, L50|100/100
|switch|p2b: Annihilape|Annihilape, L50, F|100/100
|turn|5
|inactive|Cm3112 has 30 seconds left.
|
|t:|1756390837
|move|p1b: Amoonguss|Protect|p1b: Amoonguss
|-singleturn|p1b: Amoonguss|Protect
|move|p2a: Maushold|Population Bomb|p1b: Amoonguss
|-activate|p1b: Amoonguss|move: Protect
|move|p2b: Annihilape|Bulk Up|p2b: Annihilape
|-boost|p2b: Annihilape|atk|1
|-boost|p2b: Annihilape|def|1
|move|p1a: Gothitelle|Trick Room|p1a: Gothitelle
|-fieldstart|move: Trick Room|[of] p1a: Gothitelle
|
|-weather|none
|upkeep
|turn|6
|
|t:|1756390861
|switch|p1a: Politoed|Politoed, L50, M|69/100
|-weather|RainDance|[from] ability: Drizzle|[of] p1a: Politoed
|move|p2a: Maushold|Protect|p2a: Maushold
|-singleturn|p2a: Maushold|Protect
|move|p1b: Amoonguss|Spore|p2a: Maushold
|-activate|p2a: Maushold|move: Protect
|move|p2b: Annihilape|Drain Punch|p1b: Amoonguss
|-resisted|p1b: Amoonguss
|-damage|p1b: Amoonguss|26/100
|
|-weather|RainDance|[upkeep]
|-heal|p1a: Politoed|75/100|[from] item: Leftovers
|upkeep
|turn|7
|
|t:|1756390877
|move|p1b: Amoonguss|Spore|p2a: Maushold
|-status|p2a: Maushold|slp|[from] move: Spore
|move|p1a: Politoed|Perish Song|p1a: Politoed
|-start|p1a: Politoed|perish3|[silent]
|-start|p1b: Amoonguss|perish3|[silent]
|-start|p2a: Maushold|perish3|[silent]
|-start|p2b: Annihilape|perish3|[silent]
|-fieldactivate|move: Perish Song
|move|p2b: Annihilape|Drain Punch|p1a: Politoed
|-damage|p1a: Politoed|27/100
|cant|p2a: Maushold|slp
|
|-weather|RainDance|[upkeep]
|-heal|p1a: Politoed|33/100|[from] item: Leftovers
|-start|p1b: Amoonguss|perish3
|-start|p1a: Politoed|perish3
|-start|p2b: Annihilape|perish3
|-start|p2a: Maushold|perish3
|upkeep
|turn|8
|
|t:|1756390895
|move|p1b: Amoonguss|Protect|p1b: Amoonguss
|-singleturn|p1b: Amoonguss|Protect
|move|p1a: Politoed|Protect|p1a: Politoed
|-singleturn|p1a: Politoed|Protect
|move|p2b: Annihilape|Rage Fist|p1b: Amoonguss
|-activate|p1b: Amoonguss|move: Protect
|cant|p2a: Maushold|slp
|
|-weather|RainDance|[upkeep]
|-heal|p1a: Politoed|40/100|[from] item: Leftovers
|-start|p1b: Amoonguss|perish2
|-start|p1a: Politoed|perish2
|-start|p2b: Annihilape|perish2
|-start|p2a: Maushold|perish2
|upkeep
|turn|9
|-message|Cm3112 forfeited.
|raw|dr_sugus_vgc's rating: 1142 → 1169(+27 for winning)
|raw|Cm3112's rating: 1171 → 1144(-27 for losing)
|
|win|dr_sugus_vgc
|l|‽Cm3112
|player|p2|
