|j|☆ctjn17
|j|☆jit444
|html|ctjn17jit444    
|uhtml|bestof|Game 2 of a best-of-3
|t:|1784578316
|gametype|doubles
|player|p1|ctjn17|102|1271
|player|p2|jit444|dawn|1265
|gen|9
|tier|[Gen 9 Champions] VGC 2026 Reg M-B (Bo3)
|rated|
|rule|Species Clause: Limit one of each Pokémon
|rule|Item Clause: Limit 1 of each item
|clearpoke
|poke|p1|Rotom-Wash, L50|
|poke|p1|Talonflame, L50, F|
|poke|p1|Tyranitar, L50, M|
|poke|p1|Gholdengo, L50|
|poke|p1|Floette-Eternal, L50, F|
|poke|p1|Garchomp, L50, M|
|poke|p2|Blaziken, L50, M|
|poke|p2|Floette-Eternal, L50, F|
|poke|p2|Kingambit, L50, M|
|poke|p2|Incineroar, L50, M|
|poke|p2|Sinistcha-Masterpiece, L50|
|poke|p2|Altaria, L50, M|
|teampreview|4
|showteam|p1|Rotom-Wash||LightClay|Levitate|LightScreen,Reflect,VoltSwitch,HydroPump|Calm|||||50|]Talonflame||SharpBeak|GaleWings|Tailwind,DualWingbeat,FlareBlitz,QuickGuard|Jolly||F|||50|]Tyranitar||Tyranitarite|SandStream|RockSlide,KnockOff,LowKick,Protect|Jolly||M|||50|]Gholdengo||LifeOrb|GoodasGold|MakeItRain,ShadowBall,NastyPlot,Protect|Timid|||||50|]Floette-Eternal||Floettite|FlowerVeil|DazzlingGleam,LightofRuin,Moonblast,Protect|Timid||F|||50|]Garchomp||ChoiceScarf|RoughSkin|Earthquake,StompingTantrum,DragonClaw,RockTomb|Adamant||M|||50|
|showteam|p2|Blaziken||Blazikenite|SpeedBoost|FlareBlitz,CloseCombat,RockSlide,Detect|Adamant||M|||50|]Floette-Eternal||Floettite|FlowerVeil|Moonblast,DazzlingGleam,LightofRuin,Protect|Timid||F|||50|]Kingambit||BlackGlasses|Defiant|KowtowCleave,SuckerPunch,SwordsDance,Protect|Adamant||M|||50|]Incineroar||SitrusBerry|Intimidate|FlareBlitz,DarkestLariat,PartingShot,FakeOut|Impish||M|||50|]Sinistcha-Masterpiece||OccaBerry|Hospitality|MatchaGotcha,RagePowder,TrickRoom,Protect|Bold|||||50|]Altaria||BrightPowder|CloudNine|BraveBird,HelpingHand,WillOWisp,Tailwind|Jolly||M|||50|
|inactive|Battle timer is ON: inactive players will automatically lose when time's up. (requested by jit444)
|inactive|ctjn17 has 60 seconds left.
|
|t:|1784578362
|teamsize|p1|4
|teamsize|p2|4
|start
|switch|p1a: Rotom|Rotom-Wash, L50|100/100
|switch|p1b: Talonflame|Talonflame, L50, F|100/100
|switch|p2a: Blaziken|Blaziken, L50, M|100/100
|switch|p2b: Incineroar|Incineroar, L50, M|100/100
|-ability|p2b: Incineroar|Intimidate|boost
|-unboost|p1a: Rotom|atk|1
|-unboost|p1b: Talonflame|atk|1
|turn|1
|inactive|jit444 has 30 seconds left.
|
|t:|1784578391
|detailschange|p2a: Blaziken|Blaziken-Mega, L50, M
|-mega|p2a: Blaziken|Blaziken|Blazikenite
|move|p2b: Incineroar|Fake Out|p1a: Rotom
|-damage|p1a: Rotom|89/100
|move|p1b: Talonflame|Tailwind|p1b: Talonflame
|-sidestart|p1: ctjn17|move: Tailwind
|cant|p1a: Rotom|flinch
|move|p2a: Blaziken|Rock Slide|p1b: Talonflame|[spread] p1a,p1b
|-supereffective|p1b: Talonflame|2
|-damage|p1a: Rotom|64/100
|-damage|p1b: Talonflame|0 fnt
|faint|p1b: Talonflame
|
|-ability|p2a: Blaziken|Speed Boost|boost
|-boost|p2a: Blaziken|spe|1
|upkeep
|
|t:|1784578400
|switch|p1b: Floette|Floette-Eternal, L50, F|100/100
|turn|2
|
|t:|1784578420
|detailschange|p1b: Floette|Floette-Mega, L50, F
|-mega|p1b: Floette|Floette|Floettite
|-ability|p1b: Floette|Fairy Aura
|move|p2a: Blaziken|Detect|p2a: Blaziken
|-singleturn|p2a: Blaziken|Protect
|move|p1b: Floette|Moonblast|p2b: Incineroar
|-damage|p2b: Incineroar|32/100
|-enditem|p2b: Incineroar|Sitrus Berry|[eat]
|-heal|p2b: Incineroar|57/100|[from] item: Sitrus Berry
|move|p1a: Rotom|Reflect|p1a: Rotom
|-sidestart|p1: ctjn17|Reflect
|move|p2b: Incineroar|Parting Shot|p1b: Floette
|-unboost|p1b: Floette|atk|1
|-unboost|p1b: Floette|spa|1
|
|t:|1784578433
|switch|p2b: Sinistcha|Sinistcha-Masterpiece, L50|100/100|[from] Parting Shot
|
|-ability|p2a: Blaziken|Speed Boost|boost
|-boost|p2a: Blaziken|spe|1
|upkeep
|turn|3
|inactive|ctjn17 has 30 seconds left.
|
|t:|1784578465
|move|p1b: Floette|Moonblast|p2a: Blaziken
|-damage|p2a: Blaziken|35/100
|move|p2a: Blaziken|Flare Blitz|p1b: Floette
|-damage|p1b: Floette|26/100
|-damage|p2a: Blaziken|12/100|[from] Recoil
|move|p1a: Rotom|Volt Switch|p2a: Blaziken
|-damage|p2a: Blaziken|0 fnt
|faint|p2a: Blaziken
|
|t:|1784578474
|switch|p1a: Garchomp|Garchomp, L50, M|100/100|[from] Volt Switch
|move|p2b: Sinistcha|Matcha Gotcha|p1a: Garchomp|[spread] p1a,p1b
|-damage|p1a: Garchomp|74/100
|-damage|p1b: Floette|6/100
|-status|p1a: Garchomp|brn
|
|-damage|p1a: Garchomp|68/100 brn|[from] brn
|upkeep
|
|t:|1784578484
|switch|p2a: Kingambit|Kingambit, L50, M|100/100
|turn|4
|
|t:|1784578492
|switch|p1b: Rotom|Rotom-Wash, L50|64/100
|move|p2a: Kingambit|Sucker Punch||[still]
|-fail|p2a: Kingambit
|move|p1a: Garchomp|Earthquake|p2a: Kingambit|[spread] p2a,p2b
|-immune|p1b: Rotom|[from] ability: Levitate
|-supereffective|p2a: Kingambit|1
|-resisted|p2b: Sinistcha|1
|-damage|p2a: Kingambit|69/100
|-damage|p2b: Sinistcha|91/100
|move|p2b: Sinistcha|Trick Room|p2b: Sinistcha
|-fieldstart|move: Trick Room|[of] p2b: Sinistcha
|
|-damage|p1a: Garchomp|62/100 brn|[from] brn
|-sideend|p1: ctjn17|move: Tailwind
|upkeep
|turn|5
|inactive|ctjn17 has 30 seconds left.
|
|t:|1784578517
|move|p2a: Kingambit|Kowtow Cleave|p1b: Rotom
|-damage|p1b: Rotom|28/100
|move|p2b: Sinistcha|Matcha Gotcha|p1b: Rotom|[spread] p1a,p1b
|-supereffective|p1b: Rotom|1
|-damage|p1a: Garchomp|36/100 brn
|-heal|p2b: Sinistcha|100/100|[from] drain|[of] p1a: Garchomp
|-damage|p1b: Rotom|0 fnt
|faint|p1b: Rotom
|move|p1a: Garchomp|Earthquake|p2b: Sinistcha|[spread] p2a,p2b
|-supereffective|p2a: Kingambit|1
|-resisted|p2b: Sinistcha|1
|-damage|p2a: Kingambit|39/100
|-damage|p2b: Sinistcha|92/100
|
|-damage|p1a: Garchomp|30/100 brn|[from] brn
|upkeep
|
|t:|1784578526
|switch|p1b: Floette|Floette-Mega, L50, F|6/100
|-ability|p1b: Floette|Fairy Aura
|turn|6
|-message|ctjn17 forfeited.
|
|win|jit444
|raw|ctjn17's rating: 1271 → 1246(-25 for losing)
|raw|jit444's rating: 1265 → 1290(+25 for winning)
|l|☆jit444
|player|p2|
|n|☆ctjn17|ctjn17
