|j|☆endK649
|j|☆gianisking
|html|endK649gianisking    
|uhtml|bestof|Game 1 of a best-of-3
|t:|1756565644
|gametype|doubles
|player|p1|endK649|gambler|1295
|player|p2|gianisking|bugcatcher-gen4dp|1293
|gen|9
|tier|[Gen 9] VGC 2025 Reg H (Bo3)
|rated|
|rule|Species Clause: Limit one of each Pokémon
|rule|Item Clause: Limit 1 of each item
|clearpoke
|poke|p1|Feraligatr, L50, M|
|poke|p1|Gholdengo, L50|
|poke|p1|Politoed, L50, M|
|poke|p1|Rillaboom, L50, F|
|poke|p1|Incineroar, L50, M|
|poke|p1|Amoonguss, L50, M|
|poke|p2|Dragonite, L50, F|
|poke|p2|Annihilape, L50, M|
|poke|p2|Ursaluna-Bloodmoon, L50, M|
|poke|p2|Amoonguss, L50, F|
|poke|p2|Incineroar, L50, F|
|poke|p2|Volcarona, L50, F|
|teampreview|4
|showteam|p1|Feraligatr||LifeOrb|SheerForce|Liquidation,Crunch,DragonDance,Protect|||M|||50|,,,,,Dark]Gholdengo||Leftovers|GoodasGold|MakeItRain,ShadowBall,NastyPlot,Protect||||||50|,,,,,Dragon]Politoed||SitrusBerry|Drizzle|WeatherBall,IcyWind,Haze,Protect|||M|||50|,,,,,Grass]Rillaboom||AssaultVest|GrassySurge|WoodHammer,GrassyGlide,FakeOut,Uturn|||F|||50|,,,,,Fire]Incineroar||SafetyGoggles|Intimidate|KnockOff,FakeOut,Taunt,PartingShot|||M|||50|,,,,,Ghost]Amoonguss||CovertCloak|Regenerator|PollenPuff,Spore,RagePowder,Protect|||M|||50|,,,,,Water
|showteam|p2|Dragonite||LoadedDice|Multiscale|ScaleShot,Tailwind,Protect,Haze|||F|||50|,,,,,Fairy]Annihilape||BlackBelt|Defiant|CloseCombat,RageFist,Taunt,FinalGambit|||M|||50|,,,,,Grass]Ursaluna-Bloodmoon||LifeOrb|MindsEye|BloodMoon,HyperVoice,EarthPower,Protect|||M|||50|,,,,,Normal]Amoonguss||SitrusBerry|Regenerator|Spore,SludgeBomb,RagePowder,Protect|||F|||50|,,,,,Psychic]Incineroar||SafetyGoggles|Intimidate|KnockOff,PartingShot,FakeOut,FlareBlitz|||F|||50|,,,,,Ghost]Volcarona||Leftovers|FlameBody|QuiverDance,FieryDance,TeraBlast,Protect|||F|||50|,,,,,Fairy
|inactive|Battle timer is ON: inactive players will automatically lose when time's up. (requested by endK649)
|
|t:|1756565699
|teamsize|p1|4
|teamsize|p2|4
|start
|switch|p1a: Amoonguss|Amoonguss, L50, M, shiny|100/100
|switch|p1b: Gholdengo|Gholdengo, L50|100/100
|switch|p2a: Dragonite|Dragonite, L50, F|100/100
|switch|p2b: Incineroar|Incineroar, L50, F|100/100
|-ability|p2b: Incineroar|Intimidate|boost
|-unboost|p1a: Amoonguss|atk|1
|-unboost|p1b: Gholdengo|atk|1
|turn|1
|inactive|endK649 has 30 seconds left.
|inactive|gianisking has 30 seconds left.
|inactive|gianisking has 20 seconds left.
|inactive|gianisking has 15 seconds left.
|
|t:|1756565739
|move|p1b: Gholdengo|Protect|p1b: Gholdengo
|-singleturn|p1b: Gholdengo|Protect
|move|p2a: Dragonite|Protect|p2a: Dragonite
|-singleturn|p2a: Dragonite|Protect
|move|p2b: Incineroar|Knock Off|p1b: Gholdengo
|-activate|p1b: Gholdengo|move: Protect
|move|p1a: Amoonguss|Spore|p2a: Dragonite
|-activate|p2a: Dragonite|move: Protect
|
|upkeep
|turn|2
|inactive|endK649 has 30 seconds left.
|inactive|endK649 has 20 seconds left.
|
|t:|1756565779
|move|p1b: Gholdengo|Nasty Plot|p1b: Gholdengo
|-boost|p1b: Gholdengo|spa|2
|move|p2a: Dragonite|Scale Shot|p1b: Gholdengo
|-resisted|p1b: Gholdengo
|-damage|p1b: Gholdengo|93/100
|-resisted|p1b: Gholdengo
|-damage|p1b: Gholdengo|85/100
|-resisted|p1b: Gholdengo
|-damage|p1b: Gholdengo|76/100
|-resisted|p1b: Gholdengo
|-damage|p1b: Gholdengo|69/100
|-resisted|p1b: Gholdengo
|-damage|p1b: Gholdengo|60/100
|-hitcount|p1b: Gholdengo|5
|-unboost|p2a: Dragonite|def|1
|-boost|p2a: Dragonite|spe|1
|move|p2b: Incineroar|Knock Off|p1b: Gholdengo
|-supereffective|p1b: Gholdengo
|-damage|p1b: Gholdengo|0 fnt
|-enditem|p1b: Gholdengo|Leftovers|[from] move: Knock Off|[of] p2b: Incineroar
|faint|p1b: Gholdengo
|move|p1a: Amoonguss|Spore|p2a: Dragonite
|-status|p2a: Dragonite|slp|[from] move: Spore
|
|upkeep
|inactive|endK649 has 30 seconds left.
|
|t:|1756565804
|switch|p1b: Politoed|Politoed, L50, M|100/100
|-weather|RainDance|[from] ability: Drizzle|[of] p1b: Politoed
|turn|3
|
|t:|1756565829
|switch|p2a: Amoonguss|Amoonguss, L50, F|100/100
|switch|p1a: Rillaboom|Rillaboom, L50, F, shiny|100/100
|-fieldstart|move: Grassy Terrain|[from] ability: Grassy Surge|[of] p1a: Rillaboom
|-terastallize|p2b: Incineroar|Ghost
|move|p1b: Politoed|Icy Wind|p2a: Amoonguss|[spread] p2a,p2b
|-supereffective|p2a: Amoonguss
|-damage|p2a: Amoonguss|80/100
|-damage|p2b: Incineroar|90/100
|-unboost|p2a: Amoonguss|spe|1
|-unboost|p2b: Incineroar|spe|1
|move|p2b: Incineroar|Knock Off|p1a: Rillaboom
|-damage|p1a: Rillaboom|61/100
|-enditem|p1a: Rillaboom|Assault Vest|[from] move: Knock Off|[of] p2b: Incineroar
|
|-weather|RainDance|[upkeep]
|-heal|p1a: Rillaboom|67/100|[from] Grassy Terrain
|-heal|p2b: Incineroar|96/100|[from] Grassy Terrain
|-heal|p2a: Amoonguss|85/100|[from] Grassy Terrain
|upkeep
|turn|4
|inactive|endK649 has 30 seconds left.
|
|t:|1756565863
|switch|p1b: Amoonguss|Amoonguss, L50, M, shiny|100/100
|switch|p2b: Dragonite|Dragonite, L50, F|100/100 slp
|move|p2a: Amoonguss|Protect|p2a: Amoonguss
|-singleturn|p2a: Amoonguss|Protect
|move|p1a: Rillaboom|Wood Hammer|p2b: Dragonite
|-resisted|p2b: Dragonite
|-damage|p2b: Dragonite|90/100 slp
|-damage|p1a: Rillaboom|64/100|[from] Recoil
|
|-weather|RainDance|[upkeep]
|-heal|p1a: Rillaboom|70/100|[from] Grassy Terrain
|-heal|p2a: Amoonguss|91/100|[from] Grassy Terrain
|upkeep
|turn|5
|
|t:|1756565886
|cant|p2b: Dragonite|slp
|move|p1a: Rillaboom|Wood Hammer|p2a: Amoonguss
|-resisted|p2a: Amoonguss
|-damage|p2a: Amoonguss|75/100
|-damage|p1a: Rillaboom|64/100|[from] Recoil
|move|p1b: Amoonguss|Pollen Puff|p1a: Rillaboom
|-heal|p1a: Rillaboom|100/100
|move|p2a: Amoonguss|Sludge Bomb|p1a: Rillaboom
|-supereffective|p1a: Rillaboom
|-damage|p1a: Rillaboom|51/100
|
|-weather|RainDance|[upkeep]
|-heal|p1a: Rillaboom|57/100|[from] Grassy Terrain
|-heal|p2a: Amoonguss|81/100|[from] Grassy Terrain
|upkeep
|turn|6
|
|t:|1756565904
|cant|p2b: Dragonite|slp
|move|p1a: Rillaboom|U-turn|p2a: Amoonguss
|-damage|p2a: Amoonguss|62/100
|
|t:|1756565907
|switch|p1a: Politoed|Politoed, L50, M|100/100|[from] U-turn
|move|p1b: Amoonguss|Pollen Puff|p1a: Politoed
|move|p2a: Amoonguss|Sludge Bomb|p1a: Politoed
|-damage|p1a: Politoed|72/100
|
|-weather|RainDance|[upkeep]
|-heal|p1a: Politoed|78/100|[from] Grassy Terrain
|-heal|p2a: Amoonguss|68/100|[from] Grassy Terrain
|upkeep
|turn|7
|
|t:|1756565915
|-curestatus|p2b: Dragonite|slp|[msg]
|move|p2b: Dragonite|Scale Shot|p1b: Amoonguss
|-damage|p1b: Amoonguss|89/100
|-damage|p1b: Amoonguss|77/100
|-damage|p1b: Amoonguss|64/100
|-damage|p1b: Amoonguss|53/100
|-hitcount|p1b: Amoonguss|4
|-unboost|p2b: Dragonite|def|1
|-boost|p2b: Dragonite|spe|1
|move|p1a: Politoed|Icy Wind|p2b: Dragonite|[spread] p2a,p2b
|-supereffective|p2a: Amoonguss
|-supereffective|p2b: Dragonite
|-damage|p2a: Amoonguss|48/100
|-damage|p2b: Dragonite|32/100
|-unboost|p2a: Amoonguss|spe|1
|-unboost|p2b: Dragonite|spe|1
|-enditem|p2a: Amoonguss|Sitrus Berry|[eat]
|-heal|p2a: Amoonguss|73/100|[from] item: Sitrus Berry
|move|p1b: Amoonguss|Spore|p2b: Dragonite
|-status|p2b: Dragonite|slp|[from] move: Spore
|move|p2a: Amoonguss|Sludge Bomb|p1b: Amoonguss
|-damage|p1b: Amoonguss|29/100
|
|-weather|none
|-heal|p1a: Politoed|84/100|[from] Grassy Terrain
|-heal|p1b: Amoonguss|34/100|[from] Grassy Terrain
|-heal|p2a: Amoonguss|79/100|[from] Grassy Terrain
|-fieldend|move: Grassy Terrain
|upkeep
|turn|8
|
|t:|1756565935
|switch|p2b: Incineroar|Incineroar, L50, F, tera:Ghost|96/100
|-ability|p2b: Incineroar|Intimidate|boost
|-unboost|p1a: Politoed|atk|1
|-unboost|p1b: Amoonguss|atk|1
|switch|p1b: Rillaboom|Rillaboom, L50, F, shiny|57/100
|-fieldstart|move: Grassy Terrain|[from] ability: Grassy Surge|[of] p1b: Rillaboom
|move|p1a: Politoed|Icy Wind|p2a: Amoonguss|[spread] p2a,p2b
|-supereffective|p2a: Amoonguss
|-damage|p2a: Amoonguss|57/100
|-damage|p2b: Incineroar|84/100
|-unboost|p2a: Amoonguss|spe|1
|-unboost|p2b: Incineroar|spe|1
|move|p2a: Amoonguss|Sludge Bomb|p1b: Rillaboom
|-supereffective|p1b: Rillaboom
|-damage|p1b: Rillaboom|4/100
|
|-heal|p1a: Politoed|90/100|[from] Grassy Terrain
|-heal|p1b: Rillaboom|10/100|[from] Grassy Terrain
|-heal|p2b: Incineroar|90/100|[from] Grassy Terrain
|-heal|p2a: Amoonguss|63/100|[from] Grassy Terrain
|upkeep
|turn|9
|
|t:|1756565959
|switch|p1b: Amoonguss|Amoonguss, L50, M, shiny|67/100
|move|p1a: Politoed|Protect|p1a: Politoed
|-singleturn|p1a: Politoed|Protect
|move|p2b: Incineroar|Flare Blitz|p1a: Politoed
|-activate|p1a: Politoed|move: Protect
|move|p2a: Amoonguss|Sludge Bomb|p1b: Amoonguss
|-damage|p1b: Amoonguss|44/100
|
|-heal|p1a: Politoed|97/100|[from] Grassy Terrain
|-heal|p2b: Incineroar|96/100|[from] Grassy Terrain
|-heal|p1b: Amoonguss|50/100|[from] Grassy Terrain
|-heal|p2a: Amoonguss|69/100|[from] Grassy Terrain
|upkeep
|turn|10
|
|t:|1756565981
|switch|p1a: Rillaboom|Rillaboom, L50, F, shiny|10/100
|move|p2b: Incineroar|Flare Blitz|p1a: Rillaboom
|-supereffective|p1a: Rillaboom
|-damage|p1a: Rillaboom|0 fnt
|faint|p1a: Rillaboom
|-damage|p2b: Incineroar|93/100|[from] Recoil
|move|p1b: Amoonguss|Pollen Puff|p1: Rillaboom|[notarget]
|-fail|p1b: Amoonguss
|move|p2a: Amoonguss|Spore|p1b: Amoonguss
|-immune|p1b: Amoonguss
|
|-heal|p2b: Incineroar|99/100|[from] Grassy Terrain
|-heal|p1b: Amoonguss|56/100|[from] Grassy Terrain
|-heal|p2a: Amoonguss|75/100|[from] Grassy Terrain
|upkeep
|
|t:|1756565985
|switch|p1a: Politoed|Politoed, L50, M|97/100
|-weather|RainDance|[from] ability: Drizzle|[of] p1a: Politoed
|turn|11
|
|t:|1756565993
|move|p1a: Politoed|Weather Ball|p2b: Incineroar
|-damage|p2b: Incineroar|32/100
|move|p2b: Incineroar|Flare Blitz|p1b: Amoonguss
|-supereffective|p1b: Amoonguss
|-damage|p1b: Amoonguss|17/100
|-damage|p2b: Incineroar|18/100|[from] Recoil
|move|p1b: Amoonguss|Pollen Puff|p2a: Amoonguss
|-damage|p2a: Amoonguss|59/100
|move|p2a: Amoonguss|Sludge Bomb|p1b: Amoonguss
|-damage|p1b: Amoonguss|0 fnt
|faint|p1b: Amoonguss
|
|-weather|RainDance|[upkeep]
|-heal|p1a: Politoed|100/100|[from] Grassy Terrain
|-heal|p2b: Incineroar|24/100|[from] Grassy Terrain
|-heal|p2a: Amoonguss|65/100|[from] Grassy Terrain
|upkeep
|turn|12
|
|t:|1756566003
|move|p1a: Politoed|Icy Wind|p2b: Incineroar|[spread] p2a,p2b
|-supereffective|p2a: Amoonguss
|-damage|p2a: Amoonguss|41/100
|-damage|p2b: Incineroar|12/100
|-unboost|p2a: Amoonguss|spe|1
|-unboost|p2b: Incineroar|spe|1
|move|p2b: Incineroar|Parting Shot|p1a: Politoed
|-unboost|p1a: Politoed|atk|1
|-unboost|p1a: Politoed|spa|1
|
|t:|1756566005
|switch|p2b: Ursaluna|Ursaluna-Bloodmoon, L50, M|100/100|[from] Parting Shot
|move|p2a: Amoonguss|Spore|p1a: Politoed
|-status|p1a: Politoed|slp|[from] move: Spore
|
|-weather|RainDance|[upkeep]
|-heal|p2a: Amoonguss|47/100|[from] Grassy Terrain
|-fieldend|move: Grassy Terrain
|upkeep
|turn|13
|
|t:|1756566008
|cant|p1a: Politoed|slp
|move|p2b: Ursaluna|Blood Moon|p1a: Politoed
|-damage|p1a: Politoed|1/100 slp
|-enditem|p1a: Politoed|Sitrus Berry|[eat]
|-heal|p1a: Politoed|26/100 slp|[from] item: Sitrus Berry
|-damage|p2b: Ursaluna|91/100|[from] item: Life Orb
|move|p2a: Amoonguss|Sludge Bomb|p1a: Politoed
|-damage|p1a: Politoed|0 fnt
|faint|p1a: Politoed
|
|win|gianisking
||endK649 is ready for game 2.
||gianisking is ready for game 2.
|uhtml|next|Next: Game 2 of 3
|l|☆gianisking
|player|p2|
