|j|☆MegaHappyDragonite
|j|☆homerj71
|html|MegaHappyDragonitehomerj71    
|uhtml|bestof|Game 1 of a best-of-3
|t:|1785769129
|gametype|doubles
|player|p1|MegaHappyDragonite|corbeau|1156
|player|p2|homerj71|169|1068
|gen|9
|tier|[Gen 9 Champions] VGC 2026 Reg M-B (Bo3)
|rated|
|rule|Species Clause: Limit one of each Pokémon
|rule|Item Clause: Limit 1 of each item
|clearpoke
|poke|p1|Dragonite, L50, F|
|poke|p1|Mawile, L50, M|
|poke|p1|Ninetales-Alola, L50, F|
|poke|p1|Sinistcha, L50|
|poke|p1|Incineroar, L50, M|
|poke|p1|Basculegion, L50, M|
|poke|p2|Tyranitar, L50, M|
|poke|p2|Staraptor, L50, F|
|poke|p2|Gholdengo, L50|
|poke|p2|Excadrill, L50, M|
|poke|p2|Sinistcha, L50|
|poke|p2|Milotic, L50, M|
|teampreview|4
|showteam|p1|Dragonite||Dragoninite|Multiscale|Thunderbolt,DragonPulse,Protect,HeatWave|Modest||F|||50|]Mawile||Mawilite|HyperCutter|PlayRough,SwordsDance,SuckerPunch,Protect|Brave||M|||50|]Ninetales-Alola||FocusSash|SnowWarning|Blizzard,FreezeDry,Protect,AuroraVeil|Timid||F|||50|]Sinistcha||KasibBerry|Hospitality|RagePowder,Protect,TrickRoom,MatchaGotcha|Relaxed|||||50|]Incineroar||PasshoBerry|Intimidate|FlareBlitz,DarkestLariat,FakeOut,PartingShot|Relaxed||M|||50|]Basculegion||ChoiceScarf|Adaptability|WaveCrash,LastRespects,AquaJet,FlipTurn|Jolly||M|||50|
|showteam|p2|Tyranitar||Tyranitarite|SandStream|KnockOff,RockSlide,Protect,LowKick|Jolly||M|||50|]Staraptor||Staraptite|Intimidate|DualWingbeat,CloseCombat,Protect,Tailwind|Jolly||F|||50|]Gholdengo||LifeOrb|GoodasGold|MakeItRain,NastyPlot,Protect,ShadowBall|Timid|||||50|]Excadrill||FocusSash|SandRush|HighHorsepower,IronHead,RockSlide,Protect|Adamant||M|||50|]Sinistcha||SitrusBerry|Hospitality|MatchaGotcha,RagePowder,ShadowBall,Protect|Calm|||||50|]Milotic||Leftovers|Competitive|Scald,IcyWind,Protect,IceBeam|Modest||M|||50|
|inactive|Battle timer is ON: inactive players will automatically lose when time's up. (requested by homerj71)
|
|t:|1785769159
|teamsize|p1|4
|teamsize|p2|4
|start
|switch|p1a: Incineroar|Incineroar, L50, M|100/100
|switch|p1b: Basculegion|Basculegion, L50, M|100/100
|switch|p2a: Staraptor|Staraptor, L50, F|100/100
|switch|p2b: Milotic|Milotic, L50, M|100/100
|-ability|p2a: Staraptor|Intimidate|boost
|-unboost|p1a: Incineroar|atk|1
|-unboost|p1b: Basculegion|atk|1
|-ability|p1a: Incineroar|Intimidate|boost
|-unboost|p2a: Staraptor|atk|1
|-unboost|p2b: Milotic|atk|1
|-ability|p2b: Milotic|Competitive|boost
|-boost|p2b: Milotic|spa|2
|turn|1
|inactive|MegaHappyDragonite has 30 seconds left.
|inactive|MegaHappyDragonite has 20 seconds left.
|inactive|MegaHappyDragonite has 15 seconds left.
|inactive|MegaHappyDragonite has 10 seconds left.
|inactive|MegaHappyDragonite has 5 seconds left.
|
|t:|1785769214
|detailschange|p2a: Staraptor|Staraptor-Mega, L50, F
|-mega|p2a: Staraptor|Staraptor|Staraptite
|move|p1b: Basculegion|Wave Crash|p2b: Milotic
|-resisted|p2b: Milotic|1
|-crit|p2b: Milotic
|-damage|p2b: Milotic|49/100
|-damage|p1b: Basculegion|82/100|[from] Recoil
|move|p2a: Staraptor|Tailwind|p2a: Staraptor
|-sidestart|p2: homerj71|move: Tailwind
|move|p2b: Milotic|Scald|p1a: Incineroar
|-supereffective|p1a: Incineroar|1
|-enditem|p1a: Incineroar|Passho Berry|[eat]
|-enditem|p1a: Incineroar|Passho Berry|[weaken]
|-damage|p1a: Incineroar|43/100
|move|p1a: Incineroar|Flare Blitz|p2a: Staraptor
|-damage|p2a: Staraptor|68/100
|-damage|p1a: Incineroar|34/100|[from] Recoil
|
|-heal|p2b: Milotic|54/100|[from] item: Leftovers
|upkeep
|turn|2
|inactive|MegaHappyDragonite has 30 seconds left.
|inactive|homerj71 has 30 seconds left.
|
|t:|1785769242
|switch|p1a: Sinistcha|Sinistcha, L50|100/100
|-heal|p1b: Basculegion|100/100|[from] ability: Hospitality|[of] p1a: Sinistcha
|move|p2a: Staraptor|Close Combat|p1a: Sinistcha
|-immune|p1a: Sinistcha
|move|p1b: Basculegion|Wave Crash|p2a: Staraptor
|-damage|p2a: Staraptor|14/100
|-damage|p1b: Basculegion|84/100|[from] Recoil
|move|p2b: Milotic|Scald|p1b: Basculegion
|-resisted|p1b: Basculegion|1
|-damage|p1b: Basculegion|50/100g
|-status|p1b: Basculegion|brn
|
|-heal|p2b: Milotic|60/100|[from] item: Leftovers
|-damage|p1b: Basculegion|44/100 brn|[from] brn
|upkeep
|turn|3
|
|t:|1785769258
|move|p1a: Sinistcha|Rage Powder|p1a: Sinistcha
|-singleturn|p1a: Sinistcha|move: Rage Powder
|move|p2a: Staraptor|Dual Wingbeat|p1a: Sinistcha
|-supereffective|p1a: Sinistcha|1
|-damage|p1a: Sinistcha|76/100
|-supereffective|p1a: Sinistcha|1
|-damage|p1a: Sinistcha|51/100
|-hitcount|p1a: Sinistcha|2
|move|p1b: Basculegion|Wave Crash|p2a: Staraptor
|-damage|p2a: Staraptor|0 fnt
|faint|p2a: Staraptor
|-damage|p1b: Basculegion|40/100 brn|[from] Recoil
|move|p2b: Milotic|Scald|p1a: Sinistcha
|-resisted|p1a: Sinistcha|1
|-damage|p1a: Sinistcha|20/100y
|
|-heal|p2b: Milotic|66/100|[from] item: Leftovers
|-damage|p1b: Basculegion|34/100 brn|[from] brn
|upkeep
|
|t:|1785769266
|switch|p2a: Tyranitar|Tyranitar, L50, M|100/100
|-weather|Sandstorm|[from] ability: Sand Stream|[of] p2a: Tyranitar
|turn|4
|
|t:|1785769281
|move|p1a: Sinistcha|Rage Powder|p1a: Sinistcha
|-singleturn|p1a: Sinistcha|move: Rage Powder
|move|p2a: Tyranitar|Knock Off|p1a: Sinistcha
|-supereffective|p1a: Sinistcha|1
|-damage|p1a: Sinistcha|0 fnt
|-enditem|p1a: Sinistcha|Kasib Berry|[from] move: Knock Off|[of] p2a: Tyranitar
|faint|p1a: Sinistcha
|move|p1b: Basculegion|Wave Crash|p2a: Tyranitar
|-supereffective|p2a: Tyranitar|1
|-damage|p2a: Tyranitar|55/100
|-damage|p1b: Basculegion|20/100y brn|[from] Recoil
|move|p2b: Milotic|Scald|p1b: Basculegion
|-resisted|p1b: Basculegion|1
|-damage|p1b: Basculegion|0 fnt
|faint|p1b: Basculegion
|
|-weather|Sandstorm|[upkeep]
|-damage|p2b: Milotic|60/100|[from] Sandstorm
|-heal|p2b: Milotic|66/100|[from] item: Leftovers
|-sideend|p2: homerj71|move: Tailwind
|upkeep
|
|t:|1785769286
|switch|p1b: Incineroar|Incineroar, L50, M|34/100
|switch|p1a: Dragonite|Dragonite, L50, F|100/100
|-ability|p1b: Incineroar|Intimidate|boost
|-unboost|p2a: Tyranitar|atk|1
|-unboost|p2b: Milotic|atk|1
|-ability|p2b: Milotic|Competitive|boost
|-boost|p2b: Milotic|spa|2
|turn|5
|
|t:|1785769296
|detailschange|p1a: Dragonite|Dragonite-Mega, L50, F
|-mega|p1a: Dragonite|Dragonite|Dragoninite
|move|p2a: Tyranitar|Protect|p2a: Tyranitar
|-singleturn|p2a: Tyranitar|Protect
|move|p2b: Milotic|Protect|p2b: Milotic
|-singleturn|p2b: Milotic|Protect
|move|p1b: Incineroar|Fake Out|p2a: Tyranitar
|-activate|p2a: Tyranitar|move: Protect
|move|p1a: Dragonite|Thunderbolt|p2b: Milotic
|-activate|p2b: Milotic|move: Protect
|
|-weather|Sandstorm|[upkeep]
|-damage|p1a: Dragonite|94/100|[from] Sandstorm
|-damage|p2b: Milotic|60/100|[from] Sandstorm
|-damage|p1b: Incineroar|28/100|[from] Sandstorm
|-heal|p2b: Milotic|66/100|[from] item: Leftovers
|upkeep
|turn|6
|
|t:|1785769305
|move|p1a: Dragonite|Thunderbolt|p2b: Milotic
|-supereffective|p2b: Milotic|1
|-damage|p2b: Milotic|17/100
|-status|p2b: Milotic|par
|move|p2a: Tyranitar|Rock Slide|p1b: Incineroar|[spread] p1b
|-miss|p2a: Tyranitar|p1a: Dragonite
|-supereffective|p1b: Incineroar|1
|-damage|p1b: Incineroar|1/100
|move|p1b: Incineroar|Darkest Lariat|p2b: Milotic
|-damage|p2b: Milotic|0 fnt
|faint|p2b: Milotic
|
|-weather|Sandstorm|[upkeep]
|-damage|p1a: Dragonite|88/100|[from] Sandstorm
|-damage|p1b: Incineroar|0 fnt|[from] Sandstorm
|faint|p1b: Incineroar
|upkeep
|
|t:|1785769315
|switch|p2b: Excadrill|Excadrill, L50, M|100/100
|turn|7
|
|t:|1785769323
|move|p2b: Excadrill|Rock Slide|p1a: Dragonite
|-supereffective|p1a: Dragonite|1
|-damage|p1a: Dragonite|34/100
|move|p1a: Dragonite|Heat Wave|p2b: Excadrill|[spread] p2a,p2b
|-resisted|p2a: Tyranitar|1
|-supereffective|p2b: Excadrill|1
|-damage|p2a: Tyranitar|47/100
|-damage|p2b: Excadrill|30/100
|move|p2a: Tyranitar|Rock Slide|p1a: Dragonite
|-supereffective|p1a: Dragonite|1
|-damage|p1a: Dragonite|0 fnt
|faint|p1a: Dragonite
|
|win|homerj71
