|j|☆boodsy
|j|☆mavrickbfr
|html|boodsymavrickbfr    
|uhtml|bestof|Game 3 of a best-of-3
|t:|1785031517
|gametype|doubles
|player|p1|boodsy|roxie|1000
|player|p2|mavrickbfr|gentleman-gen4|1109
|gen|9
|tier|[Gen 9 Champions] VGC 2026 Reg M-B (Bo3)
|rated|
|rule|Species Clause: Limit one of each Pokémon
|rule|Item Clause: Limit 1 of each item
|clearpoke
|poke|p1|Froslass, L50, F, shiny|
|poke|p1|Ninetales-Alola, L50, M|
|poke|p1|Lucario, L50, M|
|poke|p1|Gengar, L50, M|
|poke|p1|Bastiodon, L50, F|
|poke|p1|Sneasler, L50, F|
|poke|p2|Scrafty, L50, F, shiny|
|poke|p2|Vileplume, L50, M, shiny|
|poke|p2|Malamar, L50, F, shiny|
|poke|p2|Basculegion, L50, M, shiny|
|poke|p2|Torkoal, L50, M, shiny|
|poke|p2|Farigiraf, L50, F|
|teampreview|4
|showteam|p1|Froslass||Froslassite|CursedBody|Blizzard,ShadowBall,Protect,WeatherBall|Timid||F|||50|]Ninetales-Alola||LightClay|SnowCloak|Blizzard,AuroraVeil,Moonblast,Disable|Timid||M|||50|]Lucario||SitrusBerry|Justified|BulletPunch,CloseCombat,RockSlide,Protect|Jolly||M|||50|]Gengar||LifeOrb|CursedBody|ShadowBall,SludgeBomb,Taunt,DestinyBond|Timid||M|||50|]Bastiodon||ShucaBerry|Sturdy|BodyPress,HeavySlam,WideGuard,Protect|Impish||F|||50|]Sneasler||FocusSash|Unburden|CloseCombat,DireClaw,FakeOut,RockSlide|Adamant||F|||50|
|showteam|p2|Scrafty||Scraftinite|Intimidate|FakeOut,DrainPunch,KnockOff,BulkUp|Impish||F|||50|]Vileplume||FocusSash|Chlorophyll|WeatherBall,GigaDrain,AfterYou,SludgeBomb|Calm||M|||50|]Malamar||SitrusBerry|Contrary|Superpower,TrickRoom,KnockOff,PsychoCut|Sassy||F|||50|]Basculegion||ChoiceScarf|Adaptability|WaveCrash,LastRespects,FlipTurn,IceFang|Adamant||M|||50|]Torkoal||Charcoal|Drought|Eruption,RockSlide,Overheat,Protect|Modest||M|||50|]Farigiraf||ColburBerry|ArmorTail|TwinBeam,Thunderbolt,HyperVoice,TrickRoom|Sassy||F|||50|
|
|t:|1785031548
|teamsize|p1|4
|teamsize|p2|4
|start
|switch|p1a: Froslass|Froslass, L50, F, shiny|100/100
|switch|p1b: Ninetales|Ninetales-Alola, L50, M|100/100
|switch|p2a: Basculegion|Basculegion, L50, M, shiny|100/100
|switch|p2b: Scrafty|Scrafty, L50, F, shiny|100/100
|-ability|p2b: Scrafty|Intimidate|boost
|-unboost|p1a: Froslass|atk|1
|-unboost|p1b: Ninetales|atk|1
|turn|1
|
|t:|1785031566
|detailschange|p1a: Froslass|Froslass-Mega, L50, F, shiny
|-mega|p1a: Froslass|Froslass|Froslassite
|-weather|Snowscape|[from] ability: Snow Warning|[of] p1a: Froslass
|detailschange|p2b: Scrafty|Scrafty-Mega, L50, F, shiny
|-mega|p2b: Scrafty|Scrafty|Scraftinite
|-ability|p2b: Scrafty|Intimidate|boost
|-unboost|p1a: Froslass|atk|1
|-unboost|p1b: Ninetales|atk|1
|move|p2b: Scrafty|Fake Out|p1b: Ninetales
|-damage|p1b: Ninetales|86/100
|move|p1a: Froslass|Shadow Ball|p2a: Basculegion
|-supereffective|p2a: Basculegion|1
|-damage|p2a: Basculegion|1/100
|cant|p1b: Ninetales|flinch
|move|p2a: Basculegion|Last Respects|p1a: Froslass
|-supereffective|p1a: Froslass|1
|-damage|p1a: Froslass|21/100
|
|-weather|Snowscape|[upkeep]
|upkeep
|turn|2
|
|t:|1785031598
|move|p1a: Froslass|Blizzard|p2a: Basculegion|[spread] p2a,p2b
|-resisted|p2a: Basculegion|1
|-damage|p2a: Basculegion|0 fnt
|-damage|p2b: Scrafty|65/100
|faint|p2a: Basculegion
|move|p1b: Ninetales|Moonblast|p2b: Scrafty
|-supereffective|p2b: Scrafty|2
|-damage|p2b: Scrafty|0 fnt
|faint|p2b: Scrafty
|
|-weather|Snowscape|[upkeep]
|upkeep
|
|t:|1785031608
|switch|p2a: Vileplume|Vileplume, L50, M, shiny|100/100
|switch|p2b: Torkoal|Torkoal, L50, M, shiny|100/100
|-weather|SunnyDay|[from] ability: Drought|[of] p2b: Torkoal
|turn|3
|
|t:|1785031621
|switch|p1a: Gengar|Gengar, L50, M|100/100
|move|p2a: Vileplume|After You|p2b: Torkoal
|-activate|p2b: Torkoal|move: After You
|move|p2b: Torkoal|Eruption|p1b: Ninetales|[spread] p1a,p1b
|-crit|p1a: Gengar
|-supereffective|p1b: Ninetales|1
|-damage|p1a: Gengar|0 fnt
|-damage|p1b: Ninetales|0 fnt
|-start|p2b: Torkoal|Disable|Eruption|[from] ability: Cursed Body|[of] p1a: Gengar
|faint|p1a: Gengar
|faint|p1b: Ninetales
|
|-weather|SunnyDay|[upkeep]
|upkeep
|
|t:|1785031628
|switch|p1a: Froslass|Froslass-Mega, L50, F, shiny|21/100
|switch|p1b: Sneasler|Sneasler, L50, F|100/100
|-weather|Snowscape|[from] ability: Snow Warning|[of] p1a: Froslass
|turn|4
|
|t:|1785031646
|move|p1b: Sneasler|Fake Out|p2b: Torkoal
|-damage|p2b: Torkoal|88/100
|move|p1a: Froslass|Blizzard|p2a: Vileplume|[spread] p2a,p2b
|-supereffective|p2a: Vileplume|1
|-resisted|p2b: Torkoal|1
|-damage|p2a: Vileplume|12/100
|-damage|p2b: Torkoal|60/100
|-status|p2b: Torkoal|frz
|move|p2a: Vileplume|Sludge Bomb|p1a: Froslass
|-resisted|p1a: Froslass|1
|-damage|p1a: Froslass|0 fnt
|faint|p1a: Froslass
|cant|p2b: Torkoal|frz
|
|-weather|Snowscape|[upkeep]
|upkeep
|turn|5
|
|t:|1785031665
|move|p1b: Sneasler|Dire Claw|p2a: Vileplume
|-damage|p2a: Vileplume|0 fnt
|faint|p2a: Vileplume
|cant|p2b: Torkoal|frz
|
|-weather|Snowscape|[upkeep]
|upkeep
|turn|6
|
|t:|1785031676
|move|p1b: Sneasler|Close Combat|p2b: Torkoal
|-damage|p2b: Torkoal|5/100 frz
|-unboost|p1b: Sneasler|def|1
|-unboost|p1b: Sneasler|spd|1
|-curestatus|p2b: Torkoal|frz|[msg]
|move|p2b: Torkoal|Overheat|p1b: Sneasler
|-enditem|p1b: Sneasler|Focus Sash
|-damage|p1b: Sneasler|1/100
|-unboost|p2b: Torkoal|spa|2
|
|-weather|Snowscape|[upkeep]
|-end|p2b: Torkoal|Disable
|upkeep
|turn|7
|c|☆boodsy|ggs
|
|t:|1785031693
|move|p1b: Sneasler|Dire Claw|p2b: Torkoal
|-damage|p2b: Torkoal|0 fnt
|faint|p2b: Torkoal
|
|win|boodsy
|raw|boodsy's rating: 1000 → 1052(+52 for winning)
|raw|mavrickbfr's rating: 1109 → 1076(-33 for losing)
|l|☆boodsy
|player|p1|
