|j|☆crosseczek
|j|☆Vividedenne
|html|crosseczekVividedenne    
|uhtml|bestof|Game 1 of a best-of-3
|t:|1785350342
|gametype|doubles
|player|p1|crosseczek|maid|
|player|p2|Vividedenne|#npl2023|
|gen|9
|tier|[Gen 9 Champions] VGC 2026 Reg M-B (Bo3)
|rule|Species Clause: Limit one of each Pokémon
|rule|Item Clause: Limit 1 of each item
|clearpoke
|poke|p1|Mawile, L50, F|
|poke|p1|Maushold, L50|
|poke|p1|Whimsicott, L50, F|
|poke|p1|Raichu, L50, F|
|poke|p1|Incineroar, L50, M|
|poke|p1|Farigiraf, L50, F|
|poke|p2|Froslass, L50, F|
|poke|p2|Glimmora, L50, M|
|poke|p2|Incineroar, L50, M|
|poke|p2|Kommo-o, L50, F|
|poke|p2|Basculegion, L50, M|
|poke|p2|Kingambit, L50, F|
|teampreview|4
|showteam|p1|Mawile||Mawilite|HyperCutter|PlayRough,SuckerPunch,RockSlide,SwordsDance|Brave||F|||50|]Maushold||WideLens|Technician|PopulationBomb,FollowMe,Taunt,Protect|Adamant|||||50|]Whimsicott||FocusSash|Prankster|Moonblast,HelpingHand,Tailwind,Encore|Modest||F|||50|]Raichu||RaichuniteY|LightningRod|ZapCannon,FocusBlast,GrassKnot,Protect|Modest||F|||50|]Incineroar||Charcoal|Intimidate|FlareBlitz,DarkestLariat,PartingShot,FakeOut|Adamant||M|||50|]Farigiraf||ColburBerry|ArmorTail|Psychic,Imprison,TrickRoom,Protect|Modest||F|||50|
|showteam|p2|Froslass||Froslassite|CursedBody|Blizzard,IceBeam,ShadowBall,Protect|Timid||F|||50|]Glimmora||FocusSash|ToxicDebris|PowerGem,SludgeBomb,EarthPower,SpikyShield|Timid||M|||50|]Incineroar||SitrusBerry|Intimidate|FlareBlitz,ThroatChop,PartingShot,FakeOut|Impish||M|||50|]Kommo-o||LifeOrb|Soundproof|ClangingScales,VacuumWave,AuraSphere,Protect|Modest||F|||50|]Basculegion||ChoiceScarf|Adaptability|WaveCrash,FlipTurn,AquaJet,LastRespects|Jolly||M|||50|]Kingambit||ChopleBerry|Defiant|KowtowCleave,SuckerPunch,LowKick,Protect|Jolly||F|||50|
|c|☆crosseczek|Thx for waiting
|c|☆crosseczek|Gl hf
|c|☆Vividedenne|Hf
|
|t:|1785350403
|teamsize|p1|4
|teamsize|p2|4
|start
|switch|p1a: Farigiraf|Farigiraf, L50, F|100/100
|switch|p1b: Incineroar|Incineroar, L50, M|100/100
|switch|p2a: Froslass|Froslass, L50, F|100/100
|switch|p2b: Glimmora|Glimmora, L50, M|100/100
|-ability|p1b: Incineroar|Intimidate|boost
|-unboost|p2a: Froslass|atk|1
|-unboost|p2b: Glimmora|atk|1
|turn|1
|
|t:|1785350438
|detailschange|p2a: Froslass|Froslass-Mega, L50, F
|-mega|p2a: Froslass|Froslass|Froslassite
|-weather|Snowscape|[from] ability: Snow Warning|[of] p2a: Froslass
|move|p1b: Incineroar|Fake Out|p2b: Glimmora
|-resisted|p2b: Glimmora|1
|-damage|p2b: Glimmora|91/100
|-activate|p2b: Glimmora|ability: Toxic Debris
|-sidestart|p1: crosseczek|move: Toxic Spikes
|move|p2a: Froslass|Blizzard|p1a: Farigiraf|[spread] p1a,p1b
|-resisted|p1b: Incineroar|1
|-damage|p1a: Farigiraf|61/100
|-damage|p1b: Incineroar|82/100
|cant|p2b: Glimmora|flinch
|move|p1a: Farigiraf|Trick Room|p1a: Farigiraf
|-fieldstart|move: Trick Room|[of] p1a: Farigiraf
|
|-weather|Snowscape|[upkeep]
|upkeep
|turn|2
|
|t:|1785350493
|switch|p2b: Incineroar|Incineroar, L50, M|100/100
|-ability|p2b: Incineroar|Intimidate|boost
|-unboost|p1a: Farigiraf|atk|1
|-unboost|p1b: Incineroar|atk|1
|move|p1b: Incineroar|Flare Blitz|p2a: Froslass
|-supereffective|p2a: Froslass|1
|-damage|p2a: Froslass|11/100
|-damage|p1b: Incineroar|57/100|[from] Recoil
|move|p1a: Farigiraf|Psychic|p2b: Incineroar
|-immune|p2b: Incineroar
|move|p2a: Froslass|Shadow Ball|p1b: Incineroar
|-resisted|p1b: Incineroar|1
|-damage|p1b: Incineroar|36/100
|
|-weather|Snowscape|[upkeep]
|upkeep
|turn|3
|
|t:|1785350523
|switch|p2a: Basculegion|Basculegion, L50, M|100/100
|move|p1a: Farigiraf|Protect|p1a: Farigiraf
|-singleturn|p1a: Farigiraf|Protect
|move|p1b: Incineroar|Parting Shot|p2b: Incineroar
|-unboost|p2b: Incineroar|atk|1
|-unboost|p2b: Incineroar|spa|1
|
|t:|1785350531
|switch|p1b: Mawile|Mawile, L50, F|100/100|[from] Parting Shot
|move|p2b: Incineroar|Flare Blitz|p1b: Mawile
|-supereffective|p1b: Mawile|1
|-damage|p1b: Mawile|18/100
|-damage|p2b: Incineroar|79/100|[from] Recoil
|
|-weather|Snowscape|[upkeep]
|upkeep
|turn|4
|
|t:|1785350570
|switch|p2a: Glimmora|Glimmora, L50, M|91/100
|detailschange|p1b: Mawile|Mawile-Mega, L50, F
|-mega|p1b: Mawile|Mawile|Mawilite
|move|p1b: Mawile|Play Rough|p2b: Incineroar
|-damage|p2b: Incineroar|19/100
|-unboost|p2b: Incineroar|atk|1
|-enditem|p2b: Incineroar|Sitrus Berry|[eat]
|-heal|p2b: Incineroar|44/100|[from] item: Sitrus Berry
|move|p1a: Farigiraf|Psychic|p2a: Glimmora
|-supereffective|p2a: Glimmora|1
|-damage|p2a: Glimmora|0 fnt
|faint|p2a: Glimmora
|move|p2b: Incineroar|Throat Chop|p1a: Farigiraf
|-supereffective|p1a: Farigiraf|1
|-enditem|p1a: Farigiraf|Colbur Berry|[eat]
|-enditem|p1a: Farigiraf|Colbur Berry|[weaken]
|-damage|p1a: Farigiraf|44/100
|-start|p1a: Farigiraf|Throat Chop|[silent]
|
|-weather|Snowscape|[upkeep]
|upkeep
|
|t:|1785350593
|switch|p2a: Froslass|Froslass-Mega, L50, F|11/100
|turn|5
|
|t:|1785350613
|move|p1b: Mawile|Play Rough|p2b: Incineroar|[miss]
|-miss|p1b: Mawile|p2b: Incineroar
|move|p1a: Farigiraf|Psychic|p2a: Froslass
|-damage|p2a: Froslass|0 fnt
|faint|p2a: Froslass
|move|p2b: Incineroar|Flare Blitz|p1b: Mawile
|-supereffective|p1b: Mawile|1
|-damage|p1b: Mawile|0 fnt
|faint|p1b: Mawile
|-damage|p2b: Incineroar|39/100|[from] Recoil
|
|-weather|none
|-end|p1a: Farigiraf|Throat Chop|[silent]
|-fieldend|move: Trick Room
|upkeep
|
|t:|1785350622
|switch|p2a: Basculegion|Basculegion, L50, M|100/100
|switch|p1b: Incineroar|Incineroar, L50, M|36/100
|-status|p1b: Incineroar|psn
|-ability|p1b: Incineroar|Intimidate|boost
|-unboost|p2a: Basculegion|atk|1
|-unboost|p2b: Incineroar|atk|1
|turn|6
|
|t:|1785350646
|move|p2a: Basculegion|Wave Crash|p1a: Farigiraf
|-damage|p1a: Farigiraf|0 fnt
|faint|p1a: Farigiraf
|-damage|p2a: Basculegion|83/100|[from] Recoil
|move|p2b: Incineroar|Flare Blitz|p1b: Incineroar
|-resisted|p1b: Incineroar|1
|-damage|p1b: Incineroar|26/100 psn
|-damage|p2b: Incineroar|35/100|[from] Recoil
|move|p1b: Incineroar|Darkest Lariat|p2a: Basculegion
|-supereffective|p2a: Basculegion|1
|-damage|p2a: Basculegion|0 fnt
|faint|p2a: Basculegion
|
|-damage|p1b: Incineroar|14/100 psn|[from] psn
|upkeep
|
|t:|1785350649
|switch|p1a: Whimsicott|Whimsicott, L50, F|100/100
|-status|p1a: Whimsicott|psn
|turn|7
|c|☆crosseczek|GG
|
|t:|1785350661
|move|p1a: Whimsicott|Moonblast|p2b: Incineroar
|-damage|p2b: Incineroar|4/100
|move|p2b: Incineroar|Flare Blitz|p1a: Whimsicott
|-supereffective|p1a: Whimsicott|1
|-damage|p1a: Whimsicott|52/100 psn
|-damage|p2b: Incineroar|0 fnt|[from] Recoil
|faint|p2b: Incineroar
|
|win|crosseczek
||crosseczek is ready for game 2.
||Vividedenne is ready for game 2.
|uhtml|next|Next: Game 2 of 3
|l|☆Vividedenne
|player|p2|
|l|☆crosseczek
|player|p1|
|j|☆crosseczek
|player|p1|crosseczek|maid|
