|j|☆marcosdeltasena31
|j|☆ladderingwithcalys
|html|marcosdeltasena31ladderingwithcalys    
|uhtml|bestof|Game 1 of a best-of-3
|t:|1756849801
|gametype|doubles
|player|p1|marcosdeltasena31|hilbert|1386
|player|p2|ladderingwithcalys|101|1266
|gen|9
|tier|[Gen 9] VGC 2025 Reg H (Bo3)
|rated|
|rule|Species Clause: Limit one of each Pokémon
|rule|Item Clause: Limit 1 of each item
|clearpoke
|poke|p1|Dragonite, L50, F|
|poke|p1|Porygon2, L50|
|poke|p1|Ursaluna, L50, F|
|poke|p1|Incineroar, L50, F|
|poke|p1|Amoonguss, L50, F|
|poke|p1|Gholdengo, L50|
|poke|p2|Archaludon, L50, M|
|poke|p2|Pelipper, L50, M|
|poke|p2|Kingdra, L50, M|
|poke|p2|Toedscruel, L50, M|
|poke|p2|Comfey, L50, F|
|poke|p2|Weezing-Galar, L50, M|
|teampreview|4
|showteam|p1|Dragonite||LoadedDice|Multiscale|ScaleShot,Tailwind,Haze,Protect|||F|||50|,,,,,Fairy]Porygon2||Eviolite|Download|TeraBlast,IceBeam,TrickRoom,Recover||||||50|,,,,,Fighting]Ursaluna||FlameOrb|Guts|HeadlongRush,Facade,Earthquake,Protect|||F|||50|,,,,,Ghost]Incineroar||SafetyGoggles|Intimidate|FlareBlitz,FakeOut,PartingShot,KnockOff|||F|||50|,,,,,Ghost]Amoonguss||SitrusBerry|Regenerator|PollenPuff,Spore,RagePowder,Protect|||F|||50|,,,,,Water]Gholdengo||LifeOrb|GoodasGold|MakeItRain,ShadowBall,NastyPlot,Protect||||||50|,,,,,Steel
|showteam|p2|Archaludon||AssaultVest|Stamina|ElectroShot,BodyPress,FlashCannon,Snarl|||M|||50|,,,,,Grass]Pelipper||ChoiceScarf|Drizzle|Tailwind,Hurricane,WeatherBall,Uturn|||M|||50|,,,,,Ghost]Kingdra||LifeOrb|SwiftSwim|Protect,WeatherBall,DracoMeteor,Surf|||M|||50|,,,,,Stellar]Toedscruel||CovertCloak|MyceliumMight|Spore,EarthPower,BulletSeed,RagePowder|||M|||50|,,,,,Water]Comfey||SafetyGoggles|Triage|DrainingKiss,FloralHealing,LightScreen,Protect|||F|||50|,,,,,Steel]Weezing-Galar||ChoiceSpecs|NeutralizingGas|AromaticMist,SludgeBomb,ClearSmog,DazzlingGleam|||M|||50|,,,,,Ghost
|
|t:|1756849856
|teamsize|p1|4
|teamsize|p2|4
|start
|switch|p1a: Porygon2|Porygon2, L50|100/100
|switch|p1b: Amoonguss|Amoonguss, L50, F|100/100
|switch|p2a: Pelipper|Pelipper, L50, M|100/100
|switch|p2b: Kingdra|Kingdra, L50, M, shiny|100/100
|-weather|RainDance|[from] ability: Drizzle|[of] p2a: Pelipper
|-ability|p1a: Porygon2|Download|boost
|-boost|p1a: Porygon2|spa|1
|turn|1
|
|t:|1756849877
|switch|p2a: Archaludon|Archaludon, L50, M|100/100
|move|p2b: Kingdra|Surf|p1a: Porygon2|[spread] p2a,p1a,p1b
|-resisted|p2a: Archaludon
|-resisted|p1b: Amoonguss
|-damage|p2a: Archaludon|80/100
|-damage|p1a: Porygon2|66/100
|-damage|p1b: Amoonguss|78/100
|-ability|p2a: Archaludon|Stamina|boost
|-boost|p2a: Archaludon|def|1
|-damage|p2b: Kingdra|91/100|[from] item: Life Orb
|move|p1b: Amoonguss|Spore|p2b: Kingdra
|-status|p2b: Kingdra|slp|[from] move: Spore
|move|p1a: Porygon2|Trick Room|p1a: Porygon2
|-fieldstart|move: Trick Room|[of] p1a: Porygon2
|
|-weather|RainDance|[upkeep]
|upkeep
|turn|2
|
|t:|1756849899
|switch|p2b: Comfey|Comfey, L50, F|100/100
|-terastallize|p2a: Archaludon|Grass
|move|p1b: Amoonguss|Pollen Puff|p2a: Archaludon
|-supereffective|p2a: Archaludon
|-damage|p2a: Archaludon|59/100
|-ability|p2a: Archaludon|Stamina|boost
|-boost|p2a: Archaludon|def|1
|move|p1a: Porygon2|Ice Beam|p2a: Archaludon
|-supereffective|p2a: Archaludon
|-damage|p2a: Archaludon|7/100
|-ability|p2a: Archaludon|Stamina|boost
|-boost|p2a: Archaludon|def|1
|move|p2a: Archaludon|Snarl|p1a: Porygon2|[spread] p1a,p1b
|-damage|p1a: Porygon2|59/100
|-damage|p1b: Amoonguss|68/100
|-unboost|p1a: Porygon2|spa|1
|-unboost|p1b: Amoonguss|spa|1
|
|-weather|RainDance|[upkeep]
|upkeep
|turn|3
|
|t:|1756849936
|move|p2b: Comfey|Floral Healing|p2a: Archaludon
|-heal|p2a: Archaludon|57/100
|move|p1b: Amoonguss|Pollen Puff|p1a: Porygon2
|-heal|p1a: Porygon2|100/100
|move|p1a: Porygon2|Ice Beam|p2a: Archaludon
|-supereffective|p2a: Archaludon
|-damage|p2a: Archaludon|24/100
|-status|p2a: Archaludon|frz
|-ability|p2a: Archaludon|Stamina|boost
|-boost|p2a: Archaludon|def|1
|cant|p2a: Archaludon|frz
|
|-weather|RainDance|[upkeep]
|upkeep
|turn|4
|
|t:|1756849949
|move|p2b: Comfey|Floral Healing|p2a: Archaludon
|-heal|p2a: Archaludon|74/100 frz
|move|p1b: Amoonguss|Pollen Puff|p2a: Archaludon
|-supereffective|p2a: Archaludon
|-damage|p2a: Archaludon|59/100 frz
|-ability|p2a: Archaludon|Stamina|boost
|-boost|p2a: Archaludon|def|1
|move|p1a: Porygon2|Ice Beam|p2a: Archaludon
|-supereffective|p2a: Archaludon
|-crit|p2a: Archaludon
|-damage|p2a: Archaludon|5/100 frz
|-ability|p2a: Archaludon|Stamina|boost
|-boost|p2a: Archaludon|def|1
|cant|p2a: Archaludon|frz
|
|-weather|RainDance|[upkeep]
|upkeep
|turn|5
|c|☆ladderingwithcalys|:/
|
|t:|1756849979
|move|p2b: Comfey|Floral Healing|p2a: Archaludon
|-heal|p2a: Archaludon|55/100 frz
|move|p1b: Amoonguss|Pollen Puff|p2a: Archaludon
|-supereffective|p2a: Archaludon
|-damage|p2a: Archaludon|38/100 frz
|move|p1a: Porygon2|Ice Beam|p2a: Archaludon
|-supereffective|p2a: Archaludon
|-damage|p2a: Archaludon|6/100 frz
|cant|p2a: Archaludon|frz
|
|-weather|none
|-fieldend|move: Trick Room
|upkeep
|turn|6
|
|t:|1756849995
|move|p2b: Comfey|Floral Healing|p2a: Archaludon
|-heal|p2a: Archaludon|56/100 frz
|cant|p2a: Archaludon|frz
|move|p1a: Porygon2|Ice Beam|p2a: Archaludon
|-supereffective|p2a: Archaludon
|-damage|p2a: Archaludon|24/100 frz
|move|p1b: Amoonguss|Pollen Puff|p2a: Archaludon
|-supereffective|p2a: Archaludon
|-damage|p2a: Archaludon|8/100 frz
|
|upkeep
|turn|7
|
|t:|1756850013
|move|p2b: Comfey|Floral Healing|p2a: Archaludon
|-heal|p2a: Archaludon|58/100 frz
|cant|p2a: Archaludon|frz
|move|p1b: Amoonguss|Pollen Puff|p2a: Archaludon
|-supereffective|p2a: Archaludon
|-damage|p2a: Archaludon|42/100 frz
|move|p1a: Porygon2|Trick Room|p1a: Porygon2
|-fieldstart|move: Trick Room|[of] p1a: Porygon2
|
|upkeep
|turn|8
|
|t:|1756850039
|switch|p1b: Ursaluna|Ursaluna, L50, F|100/100
|move|p2b: Comfey|Floral Healing|p2a: Archaludon
|-heal|p2a: Archaludon|92/100 frz
|move|p1a: Porygon2|Ice Beam|p2a: Archaludon
|-supereffective|p2a: Archaludon
|-damage|p2a: Archaludon|56/100 frz
|cant|p2a: Archaludon|frz
|
|-status|p1b: Ursaluna|brn|[from] item: Flame Orb
|upkeep
|turn|9
|
|t:|1756850056
|-terastallize|p1b: Ursaluna|Ghost
|move|p2b: Comfey|Protect|p2b: Comfey
|-singleturn|p2b: Comfey|Protect
|move|p1a: Porygon2|Ice Beam|p2a: Archaludon
|-supereffective|p2a: Archaludon
|-damage|p2a: Archaludon|21/100 frz
|move|p1b: Ursaluna|Facade|p2b: Comfey
|-activate|p2b: Comfey|move: Protect
|cant|p2a: Archaludon|frz
|
|-damage|p1b: Ursaluna|94/100 brn|[from] brn
|upkeep
|turn|10
|
|t:|1756850071
|move|p2b: Comfey|Floral Healing|p2a: Archaludon
|-heal|p2a: Archaludon|71/100 frz
|move|p1a: Porygon2|Ice Beam|p2a: Archaludon
|-supereffective|p2a: Archaludon
|-damage|p2a: Archaludon|36/100 frz
|move|p1b: Ursaluna|Facade|p2b: Comfey
|-damage|p2b: Comfey|0 fnt
|faint|p2b: Comfey
|cant|p2a: Archaludon|frz
|
|-damage|p1b: Ursaluna|88/100 brn|[from] brn
|upkeep
|c|☆ladderingwithcalys|9 freezes in a row
|c|☆ladderingwithcalys|Have some shame
|
|t:|1756850104
|switch|p2b: Kingdra|Kingdra, L50, M, shiny|91/100 slp
|turn|11
|
|t:|1756850112
|switch|p2b: Pelipper|Pelipper, L50, M|100/100
|-weather|RainDance|[from] ability: Drizzle|[of] p2b: Pelipper
|move|p1a: Porygon2|Ice Beam|p2a: Archaludon
|-supereffective|p2a: Archaludon
|-damage|p2a: Archaludon|0 fnt
|faint|p2a: Archaludon
|move|p1b: Ursaluna|Facade|p2b: Pelipper
|-damage|p2b: Pelipper|0 fnt
|faint|p2b: Pelipper
|
|-weather|RainDance|[upkeep]
|-damage|p1b: Ursaluna|82/100 brn|[from] brn
|-fieldend|move: Trick Room
|upkeep
|-message|ladderingwithcalys forfeited.
|
|win|marcosdeltasena31
||marcosdeltasena31 is ready for game 2.
|inactive|ladderingwithcalys has 30 seconds to confirm battle start!
||ladderingwithcalys is ready for game 2.
|uhtml|next|Next: Game 2 of 3
|l|☆marcosdeltasena31
|player|p1|
