|j|☆ismelllikesocksbro
|j|☆Arman136821
|html|ismelllikesocksbroArman136821    
|uhtml|bestof|Game 1 of a best-of-3
|t:|1783914489
|gametype|doubles
|player|p1|ismelllikesocksbro|roxie|1224
|player|p2|Arman136821|steven|1086
|gen|9
|tier|[Gen 9 Champions] VGC 2026 Reg M-B (Bo3)
|rated|
|rule|Species Clause: Limit one of each Pokémon
|rule|Item Clause: Limit 1 of each item
|clearpoke
|poke|p1|Raichu, L50, M|
|poke|p1|Garchomp, L50, F|
|poke|p1|Whimsicott, L50, F|
|poke|p1|Sylveon, L50, M|
|poke|p1|Incineroar, L50, M|
|poke|p1|Sceptile, L50, F|
|poke|p2|Blaziken, L50, M|
|poke|p2|Maushold-Four, L50|
|poke|p2|Torkoal, L50, M|
|poke|p2|Basculegion, L50, M|
|poke|p2|Incineroar, L50, M|
|poke|p2|Floette-Eternal, L50, F|
|teampreview|4
|showteam|p1|Raichu||RaichuniteY|LightningRod|NastyPlot,ZapCannon,FocusBlast,Protect|Modest||M|||50|]Garchomp||LifeOrb|RoughSkin|DragonClaw,RockSlide,StompingTantrum,Protect|Adamant||F|||50|]Whimsicott||FocusSash|Prankster|Tailwind,Moonblast,Encore,Protect|Modest||F|||50|]Sylveon||FairyFeather|Pixilate|HyperBeam,HyperVoice,QuickAttack,Detect|Modest||M|||50|]Incineroar||Charcoal|Intimidate|FakeOut,FlareBlitz,ThroatChop,PartingShot|Adamant||M|||50|]Sceptile||Sceptilite|Overgrow|EnergyBall,EarthPower,DragonPulse,Protect|Timid||F|||50|
|showteam|p2|Blaziken||Blazikenite|SpeedBoost|Protect,FlareBlitz,CloseCombat,ThunderPunch|Adamant||M|||50|]Maushold-Four||WideLens|Technician|PopulationBomb,FollowMe,SuperFang,BulletSeed|Adamant|||||50|]Torkoal||QuickClaw|Drought|Eruption,EarthPower,HeatWave,Protect|Modest||M|||50|]Basculegion||MysticWater|Adaptability|LastRespects,WaveCrash,AquaJet,PsychicFangs|Adamant||M|||50|]Incineroar||SitrusBerry|Intimidate|FakeOut,PartingShot,FlareBlitz,DarkestLariat|Adamant||M|||50|]Floette-Eternal||Floettite|FlowerVeil|LightofRuin,DazzlingGleam,Psychic,SolarBeam|Modest||F|||50|
|inactive|Battle timer is ON: inactive players will automatically lose when time's up. (requested by Arman136821)
|inactive|ismelllikesocksbro also wants the timer to be on.
|
|t:|1783914513
|teamsize|p1|4
|teamsize|p2|4
|start
|switch|p1a: Fredrizzy|Whimsicott, L50, F|100/100
|switch|p1b: Chewy steaks|Garchomp, L50, F|100/100
|switch|p2a: Maushold|Maushold-Four, L50|100/100
|switch|p2b: Torkoal|Torkoal, L50, M|100/100
|-weather|SunnyDay|[from] ability: Drought|[of] p2b: Torkoal
|turn|1
|
|t:|1783914529
|move|p1a: Fredrizzy|Protect|p1a: Fredrizzy
|-singleturn|p1a: Fredrizzy|Protect
|move|p2a: Maushold|Super Fang|p1b: Chewy steaks
|-damage|p1b: Chewy steaks|50/100g
|-damage|p2a: Maushold|88/100|[from] ability: Rough Skin|[of] p1b: Chewy steaks
|move|p1b: Chewy steaks|Stomping Tantrum|p2b: Torkoal
|-supereffective|p2b: Torkoal|1
|-damage|p2b: Torkoal|10/100
|-damage|p1b: Chewy steaks|40/100|[from] item: Life Orb
|move|p2b: Torkoal|Eruption|p1a: Fredrizzy|[spread] p1b
|-activate|p1a: Fredrizzy|move: Protect
|-resisted|p1b: Chewy steaks|1
|-damage|p1b: Chewy steaks|36/100
|
|-weather|SunnyDay|[upkeep]
|upkeep
|turn|2
|inactive|Arman136821 has 30 seconds left.
|
|t:|1783914555
|move|p2a: Maushold|Follow Me|p2a: Maushold
|-singleturn|p2a: Maushold|move: Follow Me
|move|p1a: Fredrizzy|Encore|p2a: Maushold
|-start|p2a: Maushold|Encore
|move|p1b: Chewy steaks|Rock Slide|p2a: Maushold|[spread] p2a,p2b
|-supereffective|p2b: Torkoal|1
|-damage|p2a: Maushold|45/100
|-damage|p2b: Torkoal|0 fnt
|faint|p2b: Torkoal
|-damage|p1b: Chewy steaks|26/100|[from] item: Life Orb
|
|-weather|SunnyDay|[upkeep]
|upkeep
|
|t:|1783914567
|switch|p2b: Basculegion|Basculegion, L50, M|100/100
|turn|3
|
|t:|1783914579
|move|p2a: Maushold|Follow Me|p2a: Maushold
|-singleturn|p2a: Maushold|move: Follow Me
|move|p1a: Fredrizzy|Tailwind|p1a: Fredrizzy
|-sidestart|p1: ismelllikesocksbro|move: Tailwind
|move|p1b: Chewy steaks|Stomping Tantrum|p2a: Maushold
|-damage|p2a: Maushold|0 fnt
|faint|p2a: Maushold
|-damage|p1b: Chewy steaks|17/100|[from] item: Life Orb
|move|p2b: Basculegion|Last Respects|p1b: Chewy steaks
|-damage|p1b: Chewy steaks|0 fnt
|faint|p1b: Chewy steaks
|
|-weather|SunnyDay|[upkeep]
|upkeep
|
|t:|1783914594
|switch|p2a: Blaziken|Blaziken, L50, M|100/100
|switch|p1b: Brown Monster|Sylveon, L50, M|100/100
|turn|4
|
|t:|1783914611
|detailschange|p2a: Blaziken|Blaziken-Mega, L50, M
|-mega|p2a: Blaziken|Blaziken|Blazikenite
|move|p1a: Fredrizzy|Moonblast|p2b: Basculegion
|-damage|p2b: Basculegion|58/100
|move|p1b: Brown Monster|Hyper Voice|p2a: Blaziken|[spread] p2a,p2b
|-damage|p2a: Blaziken|47/100
|-damage|p2b: Basculegion|8/100
|move|p2b: Basculegion|Last Respects|p1a: Fredrizzy
|-enditem|p1a: Fredrizzy|Focus Sash
|-damage|p1a: Fredrizzy|1/100
|move|p2a: Blaziken|Flare Blitz|p1b: Brown Monster
|-damage|p1b: Brown Monster|0 fnt
|faint|p1b: Brown Monster
|-damage|p2a: Blaziken|16/100|[from] Recoil
|
|-weather|SunnyDay|[upkeep]
|-ability|p2a: Blaziken|Speed Boost|boost
|-boost|p2a: Blaziken|spe|1
|upkeep
|
|t:|1783914623
|switch|p1b: AC|Raichu, L50, M|100/100
|turn|5
|
|t:|1783914637
|detailschange|p1b: AC|Raichu-Mega-Y, L50, M
|-mega|p1b: AC|Raichu|Raichunite Y
|move|p1a: Fredrizzy|Protect|p1a: Fredrizzy
|-singleturn|p1a: Fredrizzy|Protect
|move|p2b: Basculegion|Aqua Jet|p1a: Fredrizzy
|-activate|p1a: Fredrizzy|move: Protect
|move|p1b: AC|Zap Cannon|p2b: Basculegion
|-supereffective|p2b: Basculegion|1
|-damage|p2b: Basculegion|0 fnt
|faint|p2b: Basculegion
|move|p2a: Blaziken|Close Combat|p1b: AC
|-damage|p1b: AC|0 fnt
|-unboost|p2a: Blaziken|def|1
|-unboost|p2a: Blaziken|spd|1
|faint|p1b: AC
|
|-weather|none
|-ability|p2a: Blaziken|Speed Boost|boost
|-boost|p2a: Blaziken|spe|1
|upkeep
|turn|6
|
|t:|1783914657
|move|p2a: Blaziken|Protect|p2a: Blaziken
|-singleturn|p2a: Blaziken|Protect
|move|p1a: Fredrizzy|Moonblast|p2a: Blaziken
|-activate|p2a: Blaziken|move: Protect
|
|-sideend|p1: ismelllikesocksbro|move: Tailwind
|-ability|p2a: Blaziken|Speed Boost|boost
|-boost|p2a: Blaziken|spe|1
|upkeep
|turn|7
|
|t:|1783914669
|move|p1a: Fredrizzy|Encore|p2a: Blaziken
|-start|p2a: Blaziken|Encore
|move|p2a: Blaziken|Protect||[still]
|-fail|p2a: Blaziken
|
|-ability|p2a: Blaziken|Speed Boost|boost
|-boost|p2a: Blaziken|spe|1
|upkeep
|turn|8
|
|t:|1783914677
|move|p2a: Blaziken|Protect|p2a: Blaziken
|-singleturn|p2a: Blaziken|Protect
|move|p1a: Fredrizzy|Moonblast|p2a: Blaziken
|-activate|p2a: Blaziken|move: Protect
|
|-ability|p2a: Blaziken|Speed Boost|boost
|-boost|p2a: Blaziken|spe|1
|upkeep
|turn|9
|
|t:|1783914686
|move|p2a: Blaziken|Protect|p2a: Blaziken
|-singleturn|p2a: Blaziken|Protect
|move|p1a: Fredrizzy|Moonblast|p2a: Blaziken
|-activate|p2a: Blaziken|move: Protect
|
|-end|p2a: Blaziken|Encore
|-ability|p2a: Blaziken|Speed Boost|boost
|-boost|p2a: Blaziken|spe|1
|upkeep
|turn|10
|
|t:|1783914701
|move|p1a: Fredrizzy|Encore|p2a: Blaziken
|-start|p2a: Blaziken|Encore
|move|p2a: Blaziken|Protect||[still]
|-fail|p2a: Blaziken
|
|upkeep
|turn|11
|
|t:|1783914708
|move|p2a: Blaziken|Protect|p2a: Blaziken
|-singleturn|p2a: Blaziken|Protect
|move|p1a: Fredrizzy|Tailwind|p1a: Fredrizzy
|-sidestart|p1: ismelllikesocksbro|move: Tailwind
|
|upkeep
|turn|12
|
|t:|1783914714
|move|p2a: Blaziken|Protect||[still]
|-fail|p2a: Blaziken
|move|p1a: Fredrizzy|Moonblast|p2a: Blaziken
|-crit|p2a: Blaziken
|-damage|p2a: Blaziken|0 fnt
|faint|p2a: Blaziken
|
|win|ismelllikesocksbro
||ismelllikesocksbro is ready for game 2.
||Arman136821 is ready for game 2.
|uhtml|next|Next: Game 2 of 3
