|j|☆Qicide
|j|☆browe
|html|Qicidebrowe    
|uhtml|bestof|Game 2 of a best-of-3
|t:|1755794830
|gametype|doubles
|player|p1|Qicide|red|1196
|player|p2|browe|shadowtriad|1210
|gen|9
|tier|[Gen 9] VGC 2025 Reg H (Bo3)
|rated|
|rule|Species Clause: Limit one of each Pokémon
|rule|Item Clause: Limit 1 of each item
|clearpoke
|poke|p1|Porygon2, L50|
|poke|p1|Incineroar, L50, F|
|poke|p1|Ursaluna, L50, F|
|poke|p1|Jumpluff, L50, F|
|poke|p1|Charizard, L50, F|
|poke|p1|Torkoal, L50, M|
|poke|p2|Baxcalibur, L50, M|
|poke|p2|Ninetales-Alola, L50, F|
|poke|p2|Gholdengo, L50|
|poke|p2|Rillaboom, L50, F|
|poke|p2|Volcarona, L50, M|
|poke|p2|Tauros-Paldea-Aqua, L50, M|
|teampreview|4
|showteam|p1|Porygon2||Eviolite|Download|TeraBlast,IceBeam,TrickRoom,Recover||||||50|,,,,,Fighting]Incineroar||SitrusBerry|Intimidate|FakeOut,KnockOff,FlareBlitz,PartingShot|||F|||50|,,,,,Ghost]Ursaluna||FlameOrb|Guts|HeadlongRush,Facade,Earthquake,Protect|||F|||50|,,,,,Ghost]Jumpluff||CovertCloak|Chlorophyll|RagePowder,PollenPuff,Tailwind,SleepPowder|||F|||50|,,,,,Water]Charizard||ChoiceSpecs|SolarPower|HeatWave,Overheat,WeatherBall,DragonPulse|||F|||50|,,,,,Ghost]Torkoal||EjectPack|Drought|Overheat,Eruption,HelpingHand,Protect|||M|||50|,,,,,Fire
|showteam|p2|Baxcalibur||ClearAmulet|ThermalExchange|IcicleCrash,GlaiveRush,IceShard,Protect|||M|||50|,,,,,Water]Ninetales-Alola||LightClay|SnowWarning|Blizzard,IcyWind,AuroraVeil,Moonblast|||F|||50|,,,,,Ghost]Gholdengo||Leftovers|GoodasGold|MakeItRain,ShadowBall,NastyPlot,Protect||||||50|,,,,,Dragon]Rillaboom||AssaultVest|GrassySurge|FakeOut,WoodHammer,GrassyGlide,Uturn|||F|||50|,,,,,Fire]Volcarona||SitrusBerry|FlameBody|HeatWave,GigaDrain,QuiverDance,Protect|||M|||50|,,,,,Grass]Tauros-Paldea-Aqua||MirrorHerb|Intimidate|RagingBull,CloseCombat,AquaJet,Protect|||M|||50|,,,,,Grass
|inactive|Battle timer is ON: inactive players will automatically lose when time's up. (requested by Qicide)
|inactive|browe has 60 seconds left.
|
|t:|1755794864
|teamsize|p1|4
|teamsize|p2|4
|start
|switch|p1a: Porygon2|Porygon2, L50, shiny|100/100
|switch|p1b: Incineroar|Incineroar, L50, F|100/100
|switch|p2a: Baxcalibur|Baxcalibur, L50, M|100/100
|switch|p2b: Rillaboom|Rillaboom, L50, F|100/100
|-fieldstart|move: Grassy Terrain|[from] ability: Grassy Surge|[of] p2b: Rillaboom
|-ability|p1b: Incineroar|Intimidate|boost
|-fail|p2a: Baxcalibur|unboost|[from] item: Clear Amulet|[of] p2a: Baxcalibur
|-unboost|p2b: Rillaboom|atk|1
|-ability|p1a: Porygon2|Download|boost
|-boost|p1a: Porygon2|spa|1
|turn|1
|
|t:|1755794881
|move|p2b: Rillaboom|Fake Out|p1a: Porygon2
|-damage|p1a: Porygon2|94/100
|move|p2a: Baxcalibur|Glaive Rush|p1a: Porygon2
|-damage|p1a: Porygon2|49/100
|-singlemove|p2a: Baxcalibur|Glaive Rush|[silent]
|move|p1b: Incineroar|Knock Off|p2a: Baxcalibur
|-damage|p2a: Baxcalibur|17/100
|-enditem|p2a: Baxcalibur|Clear Amulet|[from] move: Knock Off|[of] p1b: Incineroar
|cant|p1a: Porygon2|flinch
|
|-heal|p2a: Baxcalibur|23/100|[from] Grassy Terrain
|-heal|p1a: Porygon2|56/100|[from] Grassy Terrain
|upkeep
|turn|2
|inactive|Qicide has 30 seconds left.
|inactive|browe has 30 seconds left.
|inactive|Qicide has 20 seconds left.
|
|t:|1755794917
|switch|p1a: Torkoal|Torkoal, L50, M|100/100
|-weather|SunnyDay|[from] ability: Drought|[of] p1a: Torkoal
|-terastallize|p2b: Rillaboom|Fire
|move|p2a: Baxcalibur|Glaive Rush|p1a: Torkoal
|-damage|p1a: Torkoal|41/100
|-singlemove|p2a: Baxcalibur|Glaive Rush|[silent]
|move|p2b: Rillaboom|Wood Hammer|p1a: Torkoal
|-resisted|p1a: Torkoal
|-damage|p1a: Torkoal|21/100
|-damage|p2b: Rillaboom|94/100|[from] Recoil
|move|p1b: Incineroar|Flare Blitz|p2b: Rillaboom
|-resisted|p2b: Rillaboom
|-damage|p2b: Rillaboom|53/100
|-damage|p1b: Incineroar|88/100|[from] Recoil
|
|-weather|SunnyDay|[upkeep]
|-heal|p2a: Baxcalibur|29/100|[from] Grassy Terrain
|-heal|p2b: Rillaboom|59/100|[from] Grassy Terrain
|-heal|p1b: Incineroar|94/100|[from] Grassy Terrain
|-heal|p1a: Torkoal|27/100|[from] Grassy Terrain
|upkeep
|turn|3
|inactive|browe has 30 seconds left.
|
|t:|1755794946
|switch|p2a: Tauros|Tauros-Paldea-Aqua, L50, M|100/100
|-ability|p2a: Tauros|Intimidate|boost
|-unboost|p1a: Torkoal|atk|1
|-unboost|p1b: Incineroar|atk|1
|-enditem|p1a: Torkoal|Eject Pack
|
|t:|1755794953
|switch|p1a: Ursaluna|Ursaluna, L50, F|100/100
|move|p2b: Rillaboom|U-turn|p1b: Incineroar
|-damage|p1b: Incineroar|77/100
|
|t:|1755794961
|switch|p2b: Ninetales|Ninetales-Alola, L50, F|100/100|[from] U-turn
|-weather|Snowscape|[from] ability: Snow Warning|[of] p2b: Ninetales
|move|p1b: Incineroar|Parting Shot|p2b: Ninetales
|-unboost|p2b: Ninetales|atk|1
|-unboost|p2b: Ninetales|spa|1
|
|t:|1755794966
|switch|p1b: Torkoal|Torkoal, L50, M|27/100|[from] Parting Shot
|-weather|SunnyDay|[from] ability: Drought|[of] p1b: Torkoal
|
|-weather|SunnyDay|[upkeep]
|-heal|p1b: Torkoal|33/100|[from] Grassy Terrain
|-status|p1a: Ursaluna|brn|[from] item: Flame Orb
|upkeep
|turn|4
|inactive|browe has 30 seconds left.
|inactive|browe has 20 seconds left.
|
|t:|1755795002
|switch|p1b: Incineroar|Incineroar, L50, F|77/100
|-ability|p1b: Incineroar|Intimidate|boost
|-unboost|p2a: Tauros|atk|1
|-unboost|p2b: Ninetales|atk|1
|-terastallize|p1a: Ursaluna|Ghost
|move|p2b: Ninetales|Moonblast|p1a: Ursaluna
|-damage|p1a: Ursaluna|81/100 brn
|-unboost|p1a: Ursaluna|spa|1
|move|p2a: Tauros|Raging Bull|p1a: Ursaluna
|-damage|p1a: Ursaluna|70/100 brn
|move|p1a: Ursaluna|Facade|p2b: Ninetales
|-damage|p2b: Ninetales|0 fnt
|faint|p2b: Ninetales
|
|-weather|SunnyDay|[upkeep]
|-heal|p1a: Ursaluna|76/100 brn|[from] Grassy Terrain
|-heal|p1b: Incineroar|83/100|[from] Grassy Terrain
|-damage|p1a: Ursaluna|70/100 brn|[from] brn
|upkeep
|
|t:|1755795013
|switch|p2b: Rillaboom|Rillaboom, L50, F, tera:Fire|59/100
|turn|5
|
|t:|1755795035
|switch|p2a: Baxcalibur|Baxcalibur, L50, M|29/100
|move|p1b: Incineroar|Fake Out|p2b: Rillaboom
|-damage|p2b: Rillaboom|45/100
|cant|p2b: Rillaboom|flinch
|move|p1a: Ursaluna|Facade|p2b: Rillaboom
|-damage|p2b: Rillaboom|0 fnt
|faint|p2b: Rillaboom
|
|-weather|SunnyDay|[upkeep]
|-heal|p2a: Baxcalibur|36/100|[from] Grassy Terrain
|-heal|p1a: Ursaluna|76/100 brn|[from] Grassy Terrain
|-heal|p1b: Incineroar|89/100|[from] Grassy Terrain
|-damage|p1a: Ursaluna|70/100 brn|[from] brn
|-fieldend|move: Grassy Terrain
|upkeep
|
|t:|1755795046
|switch|p2b: Tauros|Tauros-Paldea-Aqua, L50, M|100/100
|-ability|p2b: Tauros|Intimidate|boost
|-unboost|p1a: Ursaluna|atk|1
|-unboost|p1b: Incineroar|atk|1
|turn|6
|
|t:|1755795054
|switch|p1b: Torkoal|Torkoal, L50, M|33/100
|move|p1a: Ursaluna|Protect|p1a: Ursaluna
|-singleturn|p1a: Ursaluna|Protect
|move|p2b: Tauros|Close Combat|p1b: Torkoal
|-damage|p1b: Torkoal|0 fnt
|-unboost|p2b: Tauros|def|1
|-unboost|p2b: Tauros|spd|1
|faint|p1b: Torkoal
|move|p2a: Baxcalibur|Glaive Rush|p1a: Ursaluna
|-activate|p1a: Ursaluna|move: Protect
|
|-weather|SunnyDay|[upkeep]
|-damage|p1a: Ursaluna|64/100 brn|[from] brn
|upkeep
|
|t:|1755795062
|switch|p1b: Incineroar|Incineroar, L50, F|89/100
|-ability|p1b: Incineroar|Intimidate|boost
|-unboost|p2a: Baxcalibur|atk|1
|-unboost|p2b: Tauros|atk|1
|turn|7
|
|t:|1755795071
|switch|p1a: Porygon2|Porygon2, L50, shiny|56/100
|-ability|p1a: Porygon2|Download|boost
|-boost|p1a: Porygon2|spa|1
|-enditem|p2b: Tauros|Mirror Herb
|-boost|p2b: Tauros|spa|1|[from] item: Mirror Herb
|move|p2b: Tauros|Close Combat|p1b: Incineroar
|-supereffective|p1b: Incineroar
|-damage|p1b: Incineroar|20/100
|-unboost|p2b: Tauros|def|1
|-unboost|p2b: Tauros|spd|1
|-enditem|p1b: Incineroar|Sitrus Berry|[eat]
|-heal|p1b: Incineroar|45/100|[from] item: Sitrus Berry
|move|p2a: Baxcalibur|Glaive Rush|p1a: Porygon2
|-damage|p1a: Porygon2|29/100
|-singlemove|p2a: Baxcalibur|Glaive Rush|[silent]
|move|p1b: Incineroar|Flare Blitz|p2a: Baxcalibur
|-damage|p2a: Baxcalibur|0 fnt
|faint|p2a: Baxcalibur
|-damage|p1b: Incineroar|33/100|[from] Recoil
|
|-weather|none
|upkeep
|turn|8
|
|t:|1755795091
|move|p2b: Tauros|Close Combat|p1b: Incineroar
|-supereffective|p1b: Incineroar
|-damage|p1b: Incineroar|0 fnt
|-unboost|p2b: Tauros|def|1
|-unboost|p2b: Tauros|spd|1
|faint|p1b: Incineroar
|move|p1a: Porygon2|Recover|p1a: Porygon2
|-heal|p1a: Porygon2|79/100
|
|upkeep
|
|t:|1755795095
|switch|p1b: Ursaluna|Ursaluna, L50, F, tera:Ghost|64/100 brn
|turn|9
|
|t:|1755795104
|move|p1b: Ursaluna|Protect|p1b: Ursaluna
|-singleturn|p1b: Ursaluna|Protect
|move|p2b: Tauros|Close Combat|p1a: Porygon2
|-supereffective|p1a: Porygon2
|-crit|p1a: Porygon2
|-damage|p1a: Porygon2|0 fnt
|-unboost|p2b: Tauros|def|1
|-unboost|p2b: Tauros|spd|1
|faint|p1a: Porygon2
|
|-damage|p1b: Ursaluna|58/100 brn|[from] brn
|upkeep
|turn|10
|
|t:|1755795115
|move|p2b: Tauros|Raging Bull|p1b: Ursaluna
|-damage|p1b: Ursaluna|38/100 brn
|move|p1b: Ursaluna|Facade|p2b: Tauros
|-damage|p2b: Tauros|0 fnt
|faint|p2b: Tauros
|
|win|Qicide
|raw|Qicide's rating: 1196 → 1222(+26 for winning)
|raw|browe's rating: 1210 → 1184(-26 for losing)
|c|☆Qicide|gg
|c|☆browe|ggwp
|l|☆Qicide
|player|p1|
