|j|☆wowzerslol
|j|☆Yankiken
|html|wowzerslolYankiken    
|uhtml|bestof|Game 2 of a best-of-3
|t:|1756640900
|gametype|doubles
|player|p1|wowzerslol|lady-gen4|
|player|p2|Yankiken|unknown|
|gen|9
|tier|[Gen 9] VGC 2025 Reg H (Bo3)
|rule|Species Clause: Limit one of each Pokémon
|rule|Item Clause: Limit 1 of each item
|clearpoke
|poke|p1|Ceruledge, L50, M|
|poke|p1|Rillaboom, L50, M|
|poke|p1|Sneasler, L50, M|
|poke|p1|Hydreigon, L50, F|
|poke|p1|Electabuzz, L50, M|
|poke|p1|Ninetales-Alola, L50, M|
|poke|p2|Indeedee, L50, M|
|poke|p2|Sneasler, L50, M|
|poke|p2|Murkrow, L50, F|
|poke|p2|Ursaluna-Bloodmoon, L50, M|
|poke|p2|Dondozo, L50, F|
|poke|p2|Tatsugiri, L50, F|
|teampreview|4
|showteam|p1|Ceruledge||ClearAmulet|FlashFire|BulkUp,BitterBlade,ShadowSneak,Protect|||M|||50|,,,,,Grass]Rillaboom||AssaultVest|GrassySurge|FakeOut,WoodHammer,GrassyGlide,HighHorsepower|||M|||50|,,,,,Fire]Sneasler||WhiteHerb|Unburden|DireClaw,CloseCombat,Coaching,Protect|||M|||50|,,,,,Stellar]Hydreigon||ChoiceSpecs|Levitate|DarkPulse,DracoMeteor,Snarl,EarthPower|||F|||50|,,,,,Ghost]Electabuzz||Eviolite|VitalSpirit|FollowMe,Electroweb,Taunt,Protect|||M|||50|,,,,,Dragon]Ninetales-Alola||FocusSash|SnowWarning|Blizzard,FreezeDry,AuroraVeil,Protect|||M|||50|,,,,,Ice
|showteam|p2|Indeedee||FocusSash|PsychicSurge|Imprison,TrickRoom,TeraBlast,ExpandingForce|||M|||50|,,,,,Grass]Sneasler||PsychicSeed|Unburden|Protect,DireClaw,CloseCombat,ThroatChop|||M|||50|,,,,,Dark]Murkrow||Eviolite|Prankster|Quash,FoulPlay,Tailwind,Haze|||F|||50|,,,,,Dark]Ursaluna-Bloodmoon||LifeOrb|MindsEye|HyperVoice,EarthPower,BloodMoon,Protect|||M|||50|,,,,,Normal]Dondozo||Leftovers|Unaware|Protect,OrderUp,WaveCrash,Earthquake|||F|||50|,,,,,Grass]Tatsugiri||ChoiceScarf|Commander|MuddyWater,DragonPulse,DracoMeteor,IcyWind|||F|||50|,,,,,Steel
|inactive|Battle timer is ON: inactive players will automatically lose when time's up. (requested by Yankiken)
|inactive|wowzerslol also wants the timer to be on.
|j| SpeShadow
|inactive|wowzerslol has 60 seconds left.
|
|t:|1756640935
|teamsize|p1|4
|teamsize|p2|4
|start
|switch|p1a: Hydreigon|Hydreigon, L50, F|100/100
|switch|p1b: Rillaboom|Rillaboom, L50, M|100/100
|switch|p2a: Ursaluna|Ursaluna-Bloodmoon, L50, M|100/100
|switch|p2b: Murkrow|Murkrow, L50, F|100/100
|-fieldstart|move: Grassy Terrain|[from] ability: Grassy Surge|[of] p1b: Rillaboom
|turn|1
|inactive|wowzerslol has 30 seconds left.
|
|t:|1756640965
|move|p2a: Ursaluna|Protect|p2a: Ursaluna
|-singleturn|p2a: Ursaluna|Protect
|move|p1b: Rillaboom|Fake Out|p2b: Murkrow
|-damage|p2b: Murkrow|82/100
|cant|p2b: Murkrow|flinch
|move|p1a: Hydreigon|Draco Meteor|p2b: Murkrow
|-damage|p2b: Murkrow|0 fnt
|-unboost|p1a: Hydreigon|spa|2
|faint|p2b: Murkrow
|
|upkeep
|
|t:|1756640975
|switch|p2b: Sneasler|Sneasler, L50, M|100/100
|turn|2
|inactive|Yankiken has 30 seconds left.
|inactive|wowzerslol has 30 seconds left.
|
|t:|1756641010
|switch|p1b: Sneasler|Sneasler, L50, M|100/100
|-terastallize|p1a: Hydreigon|Ghost
|-terastallize|p2a: Ursaluna|Normal
|move|p2b: Sneasler|Dire Claw|p1b: Sneasler
|-resisted|p1b: Sneasler
|-damage|p1b: Sneasler|68/100
|-status|p1b: Sneasler|slp
|move|p1a: Hydreigon|Draco Meteor|p2a: Ursaluna
|-damage|p2a: Ursaluna|37/100
|-unboost|p1a: Hydreigon|spa|2
|move|p2a: Ursaluna|Blood Moon|p1a: Hydreigon
|-damage|p1a: Hydreigon|0 fnt
|faint|p1a: Hydreigon
|-damage|p2a: Ursaluna|27/100|[from] item: Life Orb
|
|-heal|p1b: Sneasler|73/100 slp|[from] Grassy Terrain
|-heal|p2a: Ursaluna|33/100|[from] Grassy Terrain
|upkeep
|
|t:|1756641030
|switch|p1a: Ninetales|Ninetales-Alola, L50, M|100/100
|-weather|Snowscape|[from] ability: Snow Warning|[of] p1a: Ninetales
|turn|3
|
|t:|1756641050
|switch|p2a: Indeedee|Indeedee, L50, M|100/100
|-fieldstart|move: Psychic Terrain|[from] ability: Psychic Surge|[of] p2a: Indeedee
|-enditem|p2b: Sneasler|Psychic Seed
|-boost|p2b: Sneasler|spd|1|[from] item: Psychic Seed
|move|p2b: Sneasler|Dire Claw|p1a: Ninetales
|-supereffective|p1a: Ninetales
|-damage|p1a: Ninetales|19/100
|move|p1a: Ninetales|Blizzard|p2a: Indeedee|[spread] p2a,p2b
|-damage|p2a: Indeedee|60/100
|-damage|p2b: Sneasler|73/100
|cant|p1b: Sneasler|slp
|
|-weather|Snowscape|[upkeep]
|upkeep
|turn|4
|inactive|wowzerslol has 30 seconds left.
|
|t:|1756641078
|switch|p1b: Rillaboom|Rillaboom, L50, M|100/100
|-fieldstart|move: Grassy Terrain|[from] ability: Grassy Surge|[of] p1b: Rillaboom
|move|p2b: Sneasler|Dire Claw|p1a: Ninetales
|-supereffective|p1a: Ninetales
|-damage|p1a: Ninetales|0 fnt
|faint|p1a: Ninetales
|move|p2a: Indeedee|Expanding Force|p1b: Rillaboom
|-damage|p1b: Rillaboom|77/100
|
|-weather|Snowscape|[upkeep]
|-heal|p2b: Sneasler|79/100|[from] Grassy Terrain
|-heal|p2a: Indeedee|66/100|[from] Grassy Terrain
|-heal|p1b: Rillaboom|83/100|[from] Grassy Terrain
|upkeep
|
|t:|1756641085
|switch|p1a: Sneasler|Sneasler, L50, M|73/100 slp
|turn|5
|
|t:|1756641101
|move|p1b: Rillaboom|Fake Out|p2b: Sneasler
|-damage|p2b: Sneasler|55/100
|cant|p2b: Sneasler|flinch
|cant|p1a: Sneasler|slp
|move|p2a: Indeedee|Expanding Force|p1a: Sneasler
|-supereffective|p1a: Sneasler
|-damage|p1a: Sneasler|0 fnt
|faint|p1a: Sneasler
|
|-weather|Snowscape|[upkeep]
|-heal|p2b: Sneasler|61/100|[from] Grassy Terrain
|-heal|p2a: Indeedee|72/100|[from] Grassy Terrain
|-heal|p1b: Rillaboom|88/100|[from] Grassy Terrain
|upkeep
|turn|6
|
|t:|1756641112
|move|p2b: Sneasler|Dire Claw|p1b: Rillaboom
|-supereffective|p1b: Rillaboom
|-damage|p1b: Rillaboom|7/100
|move|p2a: Indeedee|Expanding Force|p1b: Rillaboom
|-damage|p1b: Rillaboom|0 fnt
|faint|p1b: Rillaboom
|
|win|Yankiken
|c|☆wowzerslol|gg
|c|☆Yankiken|gg
|l|☆wowzerslol
|player|p1|
