|j|☆snocks
|j|☆Koraidonkoalition
|html|snocksKoraidonkoalition    
|uhtml|bestof|Game 2 of a best-of-3
|t:|1785141563
|gametype|doubles
|player|p1|snocks|169|1129
|player|p2|Koraidonkoalition|colress|1155
|gen|9
|tier|[Gen 9 Champions] VGC 2026 Reg M-B (Bo3)
|rated|
|rule|Species Clause: Limit one of each Pokémon
|rule|Item Clause: Limit 1 of each item
|clearpoke
|poke|p1|Charizard, L50, M|
|poke|p1|Venusaur, L50, M|
|poke|p1|Incineroar, L50, F|
|poke|p1|Garchomp, L50, F|
|poke|p1|Whimsicott, L50, F, shiny|
|poke|p1|Basculegion, L50, M|
|poke|p2|Charizard, L50, M, shiny|
|poke|p2|Sylveon, L50, F|
|poke|p2|Garchomp, L50, M|
|poke|p2|Farigiraf, L50, M|
|poke|p2|Kingambit, L50, F|
|poke|p2|Aerodactyl, L50, F|
|teampreview|4
|showteam|p1|Charizard||CharizarditeY|Blaze|HeatWave,Protect,SolarBeam,WeatherBall|Modest||M|||50|]Venusaur||Venusaurite|Chlorophyll|SludgeBomb,SleepPowder,Protect,GigaDrain|Modest||M|||50|]Incineroar||ChopleBerry|Intimidate|FlareBlitz,FakeOut,PartingShot,ThroatChop|Careful||F|||50|]Garchomp||LifeOrb|RoughSkin|DragonClaw,Protect,Earthquake,RockSlide|Adamant||F|||50|]Whimsicott||OccaBerry|Prankster|Tailwind,Encore,HelpingHand,Moonblast|Timid||F|||50|]Basculegion||FocusSash|Adaptability|AquaJet,Protect,LastRespects,Liquidation|Jolly||M|||50|
|showteam|p2|Charizard||CharizarditeY|Blaze|HeatWave,WeatherBall,SolarBeam,Protect|Modest||M|||50|]Sylveon||FairyFeather|Pixilate|HyperVoice,HyperBeam,Detect,QuickAttack|Modest||F|||50|]Garchomp||LifeOrb|RoughSkin|Earthquake,DragonClaw,RockSlide,Protect|Jolly||M|||50|]Farigiraf||SitrusBerry|ArmorTail|HelpingHand,Psychic,Thunderbolt,TrickRoom|Relaxed||M|||50|]Kingambit||FocusSash|Defiant|IronHead,KowtowCleave,LowKick,SuckerPunch|Adamant||F|||50|]Aerodactyl||Aerodactylite|Unnerve|RockSlide,Tailwind,DualWingbeat,IceFang|Jolly||F|||50|
|inactive|Battle timer is ON: inactive players will automatically lose when time's up. (requested by snocks)
|
|t:|1785141585
|teamsize|p1|4
|teamsize|p2|4
|start
|switch|p1a: Venusaur|Venusaur, L50, M|100/100
|switch|p1b: Charizard|Charizard, L50, M|100/100
|switch|p2a: Kingambit|Kingambit, L50, F|100/100
|switch|p2b: Aerodactyl|Aerodactyl, L50, F|100/100
|-ability|p2b: Aerodactyl|Unnerve
|turn|1
|
|t:|1785141607
|detailschange|p2b: Aerodactyl|Aerodactyl-Mega, L50, F
|-mega|p2b: Aerodactyl|Aerodactyl|Aerodactylite
|detailschange|p1b: Charizard|Charizard-Mega-Y, L50, M
|-mega|p1b: Charizard|Charizard|Charizardite Y
|-weather|SunnyDay|[from] ability: Drought|[of] p1b: Charizard
|move|p1b: Charizard|Protect|p1b: Charizard
|-singleturn|p1b: Charizard|Protect
|move|p2b: Aerodactyl|Dual Wingbeat|p1a: Venusaur|[miss]
|-miss|p2b: Aerodactyl|p1a: Venusaur
|move|p1a: Venusaur|Sleep Powder|p2b: Aerodactyl
|-status|p2b: Aerodactyl|slp|[from] move: Sleep Powder
|move|p2a: Kingambit|Kowtow Cleave|p1b: Charizard
|-activate|p1b: Charizard|move: Protect
|
|-weather|SunnyDay|[upkeep]
|upkeep
|turn|2
|
|t:|1785141631
|switch|p2a: Garchomp|Garchomp, L50, M|100/100
|cant|p2b: Aerodactyl|slp
|move|p1a: Venusaur|Giga Drain|p2a: Garchomp
|-damage|p2a: Garchomp|67/100
|move|p1b: Charizard|Heat Wave|p2b: Aerodactyl|[spread] p2a
|-miss|p1b: Charizard|p2b: Aerodactyl
|-resisted|p2a: Garchomp|1
|-damage|p2a: Garchomp|35/100
|
|-weather|SunnyDay|[upkeep]
|upkeep
|turn|3
|c|☆Koraidonkoalition|Nooooo
|
|t:|1785141645
|switch|p1b: Garchomp|Garchomp, L50, F|100/100
|cant|p2b: Aerodactyl|slp
|move|p1a: Venusaur|Sleep Powder|p2a: Garchomp
|-status|p2a: Garchomp|slp|[from] move: Sleep Powder
|cant|p2a: Garchomp|slp
|
|-weather|SunnyDay|[upkeep]
|upkeep
|turn|4
|
|t:|1785141667
|-curestatus|p2b: Aerodactyl|slp|[msg]
|move|p2b: Aerodactyl|Dual Wingbeat|p1a: Venusaur
|-supereffective|p1a: Venusaur|1
|-damage|p1a: Venusaur|42/100
|-supereffective|p1a: Venusaur|1
|-damage|p1a: Venusaur|0 fnt
|faint|p1a: Venusaur
|-hitcount|p1: Venusaur|2
|cant|p2a: Garchomp|slp
|move|p1b: Garchomp|Rock Slide|p2b: Aerodactyl|[spread] p2a,p2b
|-resisted|p2a: Garchomp|1
|-supereffective|p2b: Aerodactyl|1
|-damage|p2a: Garchomp|23/100 slp
|-damage|p2b: Aerodactyl|40/100
|-damage|p1b: Garchomp|90/100|[from] item: Life Orb
|
|-weather|SunnyDay|[upkeep]
|upkeep
|
|t:|1785141678
|switch|p1a: Whimsicott|Whimsicott, L50, F, shiny|100/100
|turn|5
|
|t:|1785141689
|move|p1a: Whimsicott|Tailwind|p1a: Whimsicott
|-sidestart|p1: snocks|move: Tailwind
|move|p1b: Garchomp|Rock Slide|p2a: Garchomp|[spread] p2a,p2b
|-resisted|p2a: Garchomp|1
|-supereffective|p2b: Aerodactyl|1
|-crit|p2b: Aerodactyl
|-damage|p2a: Garchomp|12/100 slp
|-damage|p2b: Aerodactyl|0 fnt
|faint|p2b: Aerodactyl
|-damage|p1b: Garchomp|80/100|[from] item: Life Orb
|-curestatus|p2a: Garchomp|slp|[msg]
|cant|p2a: Garchomp|flinch
|
|-weather|none
|upkeep
|-message|Koraidonkoalition forfeited.
|
|win|snocks
