|j|☆SORES
|j|☆SeeYouInSf
|html|SORESSeeYouInSf    
|uhtml|bestof|Game 2 of a best-of-3
|t:|1756406452
|gametype|doubles
|player|p1|SORES|veteran|1146
|player|p2|SeeYouInSf|unknown|1218
|gen|9
|tier|[Gen 9] VGC 2025 Reg H (Bo3)
|rated|
|rule|Species Clause: Limit one of each Pokémon
|rule|Item Clause: Limit 1 of each item
|clearpoke
|poke|p1|Grimmsnarl, L50, M|
|poke|p1|Annihilape, L50, M|
|poke|p1|Rillaboom, L50, M|
|poke|p1|Maushold-Four, L50|
|poke|p1|Archaludon, L50, F|
|poke|p1|Pelipper, L50, F|
|poke|p2|Amoonguss, L50, F|
|poke|p2|Gholdengo, L50|
|poke|p2|Porygon2, L50|
|poke|p2|Incineroar, L50, M|
|poke|p2|Ursaluna, L50, M|
|poke|p2|Tyranitar, L50, M|
|teampreview|4
|showteam|p1|Grimmsnarl||CovertCloak|Prankster|PartingShot,Taunt,ThunderWave,SpiritBreak|||M|||50|,,,,,Steel]Annihilape||Leftovers|Defiant|DrainPunch,RageFist,BulkUp,Protect|||M|||50|,,,,,Water]Rillaboom||LoadedDice|GrassySurge|FakeOut,GrassyGlide,BulletSeed,HighHorsepower|||M|||50|,,,,,Fire]Maushold-Four||WideLens|FriendGuard|FollowMe,PopulationBomb,BeatUp,Protect||||||50|,,,,,Ghost]Archaludon||AssaultVest|Stamina|ElectroShot,FlashCannon,BodyPress,Snarl|||F|||50|,,,,,Bug]Pelipper||FocusSash|Drizzle|Hurricane,WeatherBall,Tailwind,Protect|||F|||50|,,,,,Stellar
|showteam|p2|Amoonguss||RockyHelmet|Regenerator|Spore,RagePowder,PollenPuff,Protect|||F|||50|,,,,,Water]Gholdengo||LifeOrb|GoodasGold|MakeItRain,ShadowBall,NastyPlot,Protect||||||50|,,,,,Dragon]Porygon2||Eviolite|Download|TeraBlast,TrickRoom,Recover,IceBeam||||||50|,,,,,Fighting]Incineroar||SafetyGoggles|Intimidate|PartingShot,KnockOff,FlareBlitz,FakeOut|||M|||50|,,,,,Ghost]Ursaluna||FlameOrb|Guts|Facade,HeadlongRush,Substitute,Protect|||M|||50|,,,,,Ghost]Tyranitar||AssaultVest|SandStream|LowKick,TeraBlast,RockSlide,KnockOff|||M|||50|,,,,,Fairy
|inactive|Battle timer is ON: inactive players will automatically lose when time's up. (requested by SeeYouInSf)
|inactive|SeeYouInSf has 60 seconds left.
|inactive|SeeYouInSf has 30 seconds left.
|inactive|SeeYouInSf has 20 seconds left.
|
|t:|1756406525
|teamsize|p1|4
|teamsize|p2|4
|start
|switch|p1a: Rillaboom|Rillaboom, L50, M|100/100
|switch|p1b: Grimmsnarl|Grimmsnarl, L50, M|100/100
|switch|p2a: Porygon2|Porygon2, L50|100/100
|switch|p2b: Gholdengo|Gholdengo, L50|100/100
|-fieldstart|move: Grassy Terrain|[from] ability: Grassy Surge|[of] p1a: Rillaboom
|-ability|p2a: Porygon2|Download|boost
|-boost|p2a: Porygon2|spa|1
|turn|1
|inactive|SORES has 30 seconds left.
|inactive|SeeYouInSf has 30 seconds left.
|inactive|SORES has 20 seconds left.
|inactive|SeeYouInSf has 20 seconds left.
|
|t:|1756406562
|-terastallize|p1b: Grimmsnarl|Steel
|move|p2b: Gholdengo|Make It Rain|p1a: Rillaboom|[spread] p1a,p1b
|-resisted|p1b: Grimmsnarl
|-damage|p1a: Rillaboom|20/100
|-damage|p1b: Grimmsnarl|70/100
|-unboost|p2b: Gholdengo|spa|1
|-damage|p2b: Gholdengo|91/100|[from] item: Life Orb
|move|p1a: Rillaboom|High Horsepower|p2b: Gholdengo
|-supereffective|p2b: Gholdengo
|-damage|p2b: Gholdengo|6/100
|move|p1b: Grimmsnarl|Spirit Break|p2a: Porygon2
|-damage|p2a: Porygon2|80/100
|-unboost|p2a: Porygon2|spa|1
|move|p2a: Porygon2|Ice Beam|p1a: Rillaboom
|-supereffective|p1a: Rillaboom
|-damage|p1a: Rillaboom|0 fnt
|faint|p1a: Rillaboom
|
|-heal|p2b: Gholdengo|12/100|[from] Grassy Terrain
|-heal|p1b: Grimmsnarl|76/100|[from] Grassy Terrain
|-heal|p2a: Porygon2|86/100|[from] Grassy Terrain
|upkeep
|
|t:|1756406582
|switch|p1a: Annihilape|Annihilape, L50, M|100/100
|turn|2
|inactive|SeeYouInSf has 30 seconds left.
|
|t:|1756406611
|-terastallize|p2a: Porygon2|Fighting
|move|p2b: Gholdengo|Protect|p2b: Gholdengo
|-singleturn|p2b: Gholdengo|Protect
|move|p1b: Grimmsnarl|Taunt|p2a: Porygon2
|-start|p2a: Porygon2|move: Taunt
|move|p1a: Annihilape|Rage Fist|p2b: Gholdengo
|-activate|p2b: Gholdengo|move: Protect
|move|p2a: Porygon2|Tera Blast|p1b: Grimmsnarl|[anim] Tera Blast Fighting
|-supereffective|p1b: Grimmsnarl
|-damage|p1b: Grimmsnarl|22/100
|
|-heal|p2b: Gholdengo|18/100|[from] Grassy Terrain
|-heal|p1b: Grimmsnarl|28/100|[from] Grassy Terrain
|-heal|p2a: Porygon2|92/100|[from] Grassy Terrain
|upkeep
|turn|3
|inactive|SORES has 30 seconds left.
|inactive|SeeYouInSf has 30 seconds left.
|
|t:|1756406640
|move|p1a: Annihilape|Bulk Up|p1a: Annihilape
|-boost|p1a: Annihilape|atk|1
|-boost|p1a: Annihilape|def|1
|move|p2b: Gholdengo|Make It Rain|p1b: Grimmsnarl|[spread] p1a,p1b
|-resisted|p1b: Grimmsnarl
|-damage|p1a: Annihilape|65/100
|-damage|p1b: Grimmsnarl|5/100
|-unboost|p2b: Gholdengo|spa|1
|-damage|p2b: Gholdengo|8/100|[from] item: Life Orb
|move|p1b: Grimmsnarl|Spirit Break|p2a: Porygon2
|-supereffective|p2a: Porygon2
|-damage|p2a: Porygon2|57/100
|-unboost|p2a: Porygon2|spa|1
|move|p2a: Porygon2|Tera Blast|p1b: Grimmsnarl|[anim] Tera Blast Fighting
|-supereffective|p1b: Grimmsnarl
|-damage|p1b: Grimmsnarl|0 fnt
|faint|p1b: Grimmsnarl
|
|-heal|p1a: Annihilape|71/100|[from] Grassy Terrain
|-heal|p1a: Annihilape|77/100|[from] item: Leftovers
|-heal|p2b: Gholdengo|14/100|[from] Grassy Terrain
|-heal|p2a: Porygon2|63/100|[from] Grassy Terrain
|upkeep
|
|t:|1756406642
|switch|p1b: Maushold|Maushold-Four, L50|100/100
|turn|4
|inactive|SeeYouInSf has 30 seconds left.
|inactive|SORES has 30 seconds left.
|
|t:|1756406679
|move|p1b: Maushold|Population Bomb|p2a: Porygon2
|-damage|p2a: Porygon2|58/100
|-damage|p2a: Porygon2|53/100
|-crit|p2a: Porygon2
|-damage|p2a: Porygon2|45/100
|-damage|p2a: Porygon2|40/100
|-damage|p2a: Porygon2|34/100
|-damage|p2a: Porygon2|29/100
|-damage|p2a: Porygon2|24/100
|-damage|p2a: Porygon2|19/100
|-damage|p2a: Porygon2|14/100
|-damage|p2a: Porygon2|9/100
|-hitcount|p2a: Porygon2|10
|move|p1a: Annihilape|Rage Fist|p2b: Gholdengo
|-supereffective|p2b: Gholdengo
|-damage|p2b: Gholdengo|0 fnt
|faint|p2b: Gholdengo
|move|p2a: Porygon2|Tera Blast|p1b: Maushold|[anim] Tera Blast Fighting
|-supereffective|p1b: Maushold
|-damage|p1b: Maushold|24/100
|
|-heal|p1b: Maushold|30/100|[from] Grassy Terrain
|-heal|p1a: Annihilape|84/100|[from] Grassy Terrain
|-heal|p1a: Annihilape|90/100|[from] item: Leftovers
|-heal|p2a: Porygon2|15/100|[from] Grassy Terrain
|-end|p2a: Porygon2|move: Taunt
|upkeep
|inactive|SeeYouInSf has 30 seconds left.
|
|t:|1756406705
|switch|p2b: Ursaluna|Ursaluna, L50, M|100/100
|turn|5
|inactive|SORES has 30 seconds left.
|inactive|SORES has 20 seconds left.
|
|t:|1756406741
|move|p1b: Maushold|Protect|p1b: Maushold
|-singleturn|p1b: Maushold|Protect
|move|p1a: Annihilape|Drain Punch|p2a: Porygon2
|-damage|p2a: Porygon2|0 fnt
|-heal|p1a: Annihilape|97/100|[from] drain|[of] p2a: Porygon2
|faint|p2a: Porygon2
|move|p2b: Ursaluna|Substitute|p2b: Ursaluna
|-start|p2b: Ursaluna|Substitute
|-damage|p2b: Ursaluna|76/100
|
|-heal|p1b: Maushold|36/100|[from] Grassy Terrain
|-heal|p1a: Annihilape|100/100|[from] Grassy Terrain
|-heal|p2b: Ursaluna|82/100|[from] Grassy Terrain
|-fieldend|move: Grassy Terrain
|-status|p2b: Ursaluna|brn|[from] item: Flame Orb
|upkeep
|
|t:|1756406749
|switch|p2a: Tyranitar|Tyranitar, L50, M|100/100
|-weather|Sandstorm|[from] ability: Sand Stream|[of] p2a: Tyranitar
|turn|6
|inactive|SeeYouInSf has 30 seconds left.
|
|t:|1756406780
|move|p1b: Maushold|Population Bomb|p2b: Ursaluna
|-activate|p2b: Ursaluna|move: Substitute|[damage]
|-activate|p2b: Ursaluna|move: Substitute|[damage]
|-activate|p2b: Ursaluna|move: Substitute|[damage]
|-activate|p2b: Ursaluna|move: Substitute|[damage]
|-end|p2b: Ursaluna|Substitute
|-damage|p2b: Ursaluna|76/100 brn
|-damage|p2b: Ursaluna|70/100 brn
|-damage|p2b: Ursaluna|64/100 brn
|-damage|p2b: Ursaluna|58/100 brn
|-damage|p2b: Ursaluna|53/100 brn
|-hitcount|p2b: Ursaluna|10
|move|p1a: Annihilape|Drain Punch|p2a: Tyranitar
|-supereffective|p2a: Tyranitar
|-damage|p2a: Tyranitar|0 fnt
|faint|p2a: Tyranitar
|move|p2b: Ursaluna|Facade|p1b: Maushold
|-damage|p1b: Maushold|0 fnt
|faint|p1b: Maushold
|
|-weather|Sandstorm|[upkeep]
|-damage|p1a: Annihilape|94/100|[from] Sandstorm
|-heal|p1a: Annihilape|100/100|[from] item: Leftovers
|-damage|p2b: Ursaluna|47/100 brn|[from] brn
|upkeep
|turn|7
|
|t:|1756406802
|move|p1a: Annihilape|Drain Punch|p2b: Ursaluna
|-supereffective|p2b: Ursaluna
|-damage|p2b: Ursaluna|0 fnt
|faint|p2b: Ursaluna
|
|win|SORES
||SORES is ready for game 3.
||SeeYouInSf is ready for game 3.
|uhtml|next|Next: Game 3 of 3
|l|☆SORES
|player|p1|
