|j|☆ESCharge
|j|‽YarikFireDragon
|html|ESChargeYarikFireDragon    
|uhtml|bestof|Game 2 of a best-of-3
|t:|1785867332
|gametype|doubles
|player|p1|ESCharge|byron|
|player|p2|YarikFireDragon|firebreather|
|gen|9
|tier|[Gen 9 Champions] VGC 2026 Reg M-B (Bo3)
|rule|Species Clause: Limit one of each Pokémon
|rule|Item Clause: Limit 1 of each item
|clearpoke
|poke|p1|Heliolisk, L50, M|
|poke|p1|Slowbro, L50, M|
|poke|p1|Simisage, L50, M|
|poke|p1|Runerigus, L50, F, shiny|
|poke|p1|Zoroark, L50, F|
|poke|p1|Tinkaton, L50, F|
|poke|p2|Runerigus, L50, M|
|poke|p2|Abomasnow, L50, F|
|poke|p2|Mr. Rime, L50, M|
|poke|p2|Slowbro, L50, F|
|poke|p2|Steelix, L50, M|
|poke|p2|Toucannon, L50, M|
|teampreview|4
|showteam|p1|Heliolisk||WiseGlasses|SolarPower|Discharge,MorningSun,Substitute,HyperVoice|Timid||M|||50|]Slowbro||Slowbronite|Oblivious|SlackOff,IronDefense,Amnesia,StoredPower|Calm||M|||50|]Simisage||HeatRock|Gluttony|FakeOut,SunnyDay,SolarBlade,ThroatChop|Jolly||M|||50|]Runerigus||ColburBerry|WanderingSpirit|IronDefense,BodyPress,DestinyBond,TrickRoom|Calm||F|||50|]Zoroark||ExpertBelt|Illusion|Snarl,FocusBlast,Protect,CalmMind|Timid||F|||50|]Tinkaton||Leftovers|OwnTempo|GigatonHammer,IceHammer,PlayRough,FakeOut|Adamant||F|||50|
|showteam|p2|Runerigus||SitrusBerry|WanderingSpirit|TrickRoom,BodyPress,Earthquake,Poltergeist|Sassy||M|||50|]Abomasnow||Abomasite|SnowWarning|Blizzard,IceBeam,Earthquake,Protect|Quiet||F|||50|]Mr. Rime||LightClay|IceBody|LightScreen,Reflect,Psychic,TrickRoom|Sassy||M|||50|]Slowbro||LifeOrb|Oblivious|TrickRoom,ExpandingForce,HydroPump,PsychicTerrain|Quiet||F|||50|]Steelix||Steelixite|RockHead|BodyPress,HeavySlam,WideGuard,HighHorsepower|Relaxed||M|||50|]Toucannon||FocusSash|SkillLink|Acrobatics,RockBlast,KnockOff,BulletSeed|Brave||M|||50|
|inactive|Battle timer is ON: inactive players will automatically lose when time's up. (requested by ESCharge)
|
|t:|1785867360
|teamsize|p1|4
|teamsize|p2|4
|start
|switch|p1a: Runerigus|Runerigus, L50, F, shiny|100/100
|switch|p1b: Tinkaton|Tinkaton, L50, F|100/100
|switch|p2a: Runerigus|Runerigus, L50, M|100/100
|switch|p2b: Abomasnow|Abomasnow, L50, F|100/100
|-weather|Snowscape|[from] ability: Snow Warning|[of] p2b: Abomasnow
|turn|1
|
|t:|1785867384
|move|p2b: Abomasnow|Protect|p2b: Abomasnow
|-singleturn|p2b: Abomasnow|Protect
|move|p1b: Tinkaton|Gigaton Hammer|p2b: Abomasnow
|-activate|p2b: Abomasnow|move: Protect
|move|p1a: Runerigus|Iron Defense|p1a: Runerigus
|-boost|p1a: Runerigus|def|2
|move|p2a: Runerigus|Earthquake|p1a: Runerigus|[spread] p1a,p1b
|-activate|p2b: Abomasnow|move: Protect
|-supereffective|p1b: Tinkaton|1
|-damage|p1a: Runerigus|89/100
|-damage|p1b: Tinkaton|39/100
|
|-weather|Snowscape|[upkeep]
|-heal|p1b: Tinkaton|45/100|[from] item: Leftovers
|upkeep
|turn|2
|
|t:|1785867407
|detailschange|p2b: Abomasnow|Abomasnow-Mega, L50, F
|-mega|p2b: Abomasnow|Abomasnow|Abomasite
|move|p1b: Tinkaton|Ice Hammer|p2a: Runerigus|[miss]
|-miss|p1b: Tinkaton|p2a: Runerigus
|move|p1a: Runerigus|Body Press|p2b: Abomasnow
|-supereffective|p2b: Abomasnow|1
|-crit|p2b: Abomasnow
|-damage|p2b: Abomasnow|6/100
|move|p2b: Abomasnow|Blizzard|p1b: Tinkaton|[spread] p1a,p1b
|-supereffective|p1a: Runerigus|1
|-resisted|p1b: Tinkaton|1
|-damage|p1a: Runerigus|12/100
|-damage|p1b: Tinkaton|27/100
|move|p2a: Runerigus|Trick Room|p2a: Runerigus
|-fieldstart|move: Trick Room|[of] p2a: Runerigus
|
|-weather|Snowscape|[upkeep]
|-heal|p1b: Tinkaton|33/100|[from] item: Leftovers
|upkeep
|turn|3
|inactive|YarikFireDragon has 30 seconds left.
|
|t:|1785867433
|move|p2a: Runerigus|Poltergeist|p1a: Runerigus|[miss]
|-miss|p2a: Runerigus|p1a: Runerigus
|move|p2b: Abomasnow|Blizzard|p1a: Runerigus|[spread] p1a,p1b
|-supereffective|p1a: Runerigus|1
|-resisted|p1b: Tinkaton|1
|-damage|p1a: Runerigus|0 fnt
|-damage|p1b: Tinkaton|11/100
|faint|p1a: Runerigus
|move|p1b: Tinkaton|Ice Hammer|p2a: Runerigus
|-supereffective|p2a: Runerigus|1
|-damage|p2a: Runerigus|58/100
|-unboost|p1b: Tinkaton|spe|1
|-activate|p1b: Tinkaton|Skill Swap|Wandering Spirit|Own Tempo|[of] p2a: Runerigus
|
|-weather|Snowscape|[upkeep]
|-heal|p1b: Tinkaton|17/100|[from] item: Leftovers
|upkeep
|
|t:|1785867452
|switch|p1a: Slowgobrrr|Slowbro, L50, M|100/100
|turn|4
|
|t:|1785867475
|detailschange|p1a: Slowgobrrr|Slowbro-Mega, L50, M
|-mega|p1a: Slowgobrrr|Slowbro|Slowbronite
|move|p2b: Abomasnow|Earthquake|p1a: Slowgobrrr|[spread] p2a,p1a,p1b
|-supereffective|p1b: Tinkaton|1
|-damage|p2a: Runerigus|41/100
|-damage|p1a: Slowgobrrr|87/100
|-damage|p1b: Tinkaton|0 fnt
|-enditem|p2a: Runerigus|Sitrus Berry|[eat]
|-heal|p2a: Runerigus|66/100|[from] item: Sitrus Berry
|faint|p1b: Tinkaton
|move|p2a: Runerigus|Poltergeist|p1a: Slowgobrrr
|-activate|p1a: Slowgobrrr|move: Poltergeist|Slowbronite
|-supereffective|p1a: Slowgobrrr|1
|-damage|p1a: Slowgobrrr|49/100
|move|p1a: Slowgobrrr|Amnesia|p1a: Slowgobrrr
|-boost|p1a: Slowgobrrr|spd|2
|
|-weather|Snowscape|[upkeep]
|upkeep
|
|t:|1785867493
|switch|p1b: Nicola|Heliolisk, L50, M|100/100
|turn|5
|inactive|ESCharge has 30 seconds left.
|
|t:|1785867518
|move|p2b: Abomasnow|Earthquake|p1b: Nicola|[spread] p2a,p1a,p1b
|-supereffective|p1b: Nicola|1
|-damage|p2a: Runerigus|49/100
|-damage|p1a: Slowgobrrr|37/100
|-damage|p1b: Nicola|10/100
|move|p2a: Runerigus|Body Press|p1b: Nicola
|-supereffective|p1b: Nicola|1
|-damage|p1b: Nicola|0 fnt
|faint|p1b: Nicola
|move|p1a: Slowgobrrr|Iron Defense|p1a: Slowgobrrr
|-boost|p1a: Slowgobrrr|def|2
|
|-weather|none
|upkeep
|turn|6
|
|t:|1785867537
|move|p2a: Runerigus|Poltergeist|p1a: Slowgobrrr
|-activate|p1a: Slowgobrrr|move: Poltergeist|Slowbronite
|-supereffective|p1a: Slowgobrrr|1
|-damage|p1a: Slowgobrrr|16/100
|move|p2b: Abomasnow|Ice Beam|p1a: Slowgobrrr
|-resisted|p1a: Slowgobrrr|1
|-damage|p1a: Slowgobrrr|6/100
|move|p1a: Slowgobrrr|Slack Off|p1a: Slowgobrrr
|-heal|p1a: Slowgobrrr|56/100
|
|-fieldend|move: Trick Room
|upkeep
|turn|7
|
|t:|1785867559
|move|p1a: Slowgobrrr|Iron Defense|p1a: Slowgobrrr
|-boost|p1a: Slowgobrrr|def|2
|move|p2b: Abomasnow|Ice Beam|p1a: Slowgobrrr
|-resisted|p1a: Slowgobrrr|1
|-damage|p1a: Slowgobrrr|48/100
|move|p2a: Runerigus|Poltergeist|p1a: Slowgobrrr
|-activate|p1a: Slowgobrrr|move: Poltergeist|Slowbronite
|-supereffective|p1a: Slowgobrrr|1
|-damage|p1a: Slowgobrrr|35/100
|
|upkeep
|turn|8
|
|t:|1785867583
|move|p1a: Slowgobrrr|Slack Off|p1a: Slowgobrrr
|-heal|p1a: Slowgobrrr|85/100
|move|p2a: Runerigus|Poltergeist|p1a: Slowgobrrr
|-activate|p1a: Slowgobrrr|move: Poltergeist|Slowbronite
|-supereffective|p1a: Slowgobrrr|1
|-damage|p1a: Slowgobrrr|70/100
|move|p2b: Abomasnow|Ice Beam|p1a: Slowgobrrr
|-resisted|p1a: Slowgobrrr|1
|-damage|p1a: Slowgobrrr|60/100
|
|upkeep
|turn|9
|
|t:|1785867597
|move|p1a: Slowgobrrr|Iron Defense|p1a: Slowgobrrr
|-boost|p1a: Slowgobrrr|def|2
|move|p2b: Abomasnow|Ice Beam|p1a: Slowgobrrr
|-resisted|p1a: Slowgobrrr|1
|-damage|p1a: Slowgobrrr|51/100
|move|p2a: Runerigus|Poltergeist|p1a: Slowgobrrr|[miss]
|-miss|p2a: Runerigus|p1a: Slowgobrrr
|
|upkeep
|turn|10
|
|t:|1785867610
|move|p1a: Slowgobrrr|Slack Off|p1a: Slowgobrrr
|-heal|p1a: Slowgobrrr|100/100
|move|p2a: Runerigus|Poltergeist|p1a: Slowgobrrr
|-activate|p1a: Slowgobrrr|move: Poltergeist|Slowbronite
|-supereffective|p1a: Slowgobrrr|1
|-damage|p1a: Slowgobrrr|90/100
|move|p2b: Abomasnow|Ice Beam|p1a: Slowgobrrr
|-resisted|p1a: Slowgobrrr|1
|-damage|p1a: Slowgobrrr|80/100
|-status|p1a: Slowgobrrr|frz
|
|upkeep
|turn|11
|
|t:|1785867631
|switch|p2b: Toucannon|Toucannon, L50, M|100/100
|cant|p1a: Slowgobrrr|frz
|move|p2a: Runerigus|Poltergeist|p1a: Slowgobrrr|[miss]
|-miss|p2a: Runerigus|p1a: Slowgobrrr
|
|upkeep
|turn|12
|
|t:|1785867647
|move|p2b: Toucannon|Bullet Seed|p1a: Slowgobrrr
|-supereffective|p1a: Slowgobrrr|1
|-damage|p1a: Slowgobrrr|77/100 frz
|-supereffective|p1a: Slowgobrrr|1
|-damage|p1a: Slowgobrrr|74/100 frz
|-supereffective|p1a: Slowgobrrr|1
|-damage|p1a: Slowgobrrr|71/100 frz
|-supereffective|p1a: Slowgobrrr|1
|-damage|p1a: Slowgobrrr|68/100 frz
|-supereffective|p1a: Slowgobrrr|1
|-damage|p1a: Slowgobrrr|65/100 frz
|-hitcount|p1a: Slowgobrrr|5
|-curestatus|p1a: Slowgobrrr|frz|[msg]
|move|p1a: Slowgobrrr|Amnesia|p1a: Slowgobrrr
|-boost|p1a: Slowgobrrr|spd|2
|move|p2a: Runerigus|Earthquake|p1a: Slowgobrrr|[spread] p1a
|-immune|p2b: Toucannon
|-damage|p1a: Slowgobrrr|61/100
|
|upkeep
|turn|13
|inactive|YarikFireDragon has 30 seconds left.
|
|t:|1785867674
|move|p2b: Toucannon|Bullet Seed|p1a: Slowgobrrr
|-supereffective|p1a: Slowgobrrr|1
|-damage|p1a: Slowgobrrr|58/100
|-supereffective|p1a: Slowgobrrr|1
|-damage|p1a: Slowgobrrr|55/100
|-supereffective|p1a: Slowgobrrr|1
|-damage|p1a: Slowgobrrr|52/100
|-supereffective|p1a: Slowgobrrr|1
|-damage|p1a: Slowgobrrr|49/100
|-supereffective|p1a: Slowgobrrr|1
|-damage|p1a: Slowgobrrr|46/100
|-hitcount|p1a: Slowgobrrr|5
|move|p1a: Slowgobrrr|Amnesia|p1a: Slowgobrrr
|-boost|p1a: Slowgobrrr|spd|2
|move|p2a: Runerigus|Earthquake|p1a: Slowgobrrr|[spread] p1a
|-immune|p2b: Toucannon
|-damage|p1a: Slowgobrrr|42/100
|
|upkeep
|turn|14
|
|t:|1785867691
|move|p2b: Toucannon|Bullet Seed|p1a: Slowgobrrr
|-supereffective|p1a: Slowgobrrr|1
|-damage|p1a: Slowgobrrr|39/100
|-supereffective|p1a: Slowgobrrr|1
|-damage|p1a: Slowgobrrr|36/100
|-supereffective|p1a: Slowgobrrr|1
|-damage|p1a: Slowgobrrr|32/100
|-supereffective|p1a: Slowgobrrr|1
|-damage|p1a: Slowgobrrr|29/100
|-supereffective|p1a: Slowgobrrr|1
|-damage|p1a: Slowgobrrr|26/100
|-hitcount|p1a: Slowgobrrr|5
|move|p1a: Slowgobrrr|Slack Off|p1a: Slowgobrrr
|-heal|p1a: Slowgobrrr|76/100
|move|p2a: Runerigus|Earthquake|p1a: Slowgobrrr|[spread] p1a
|-immune|p2b: Toucannon
|-damage|p1a: Slowgobrrr|73/100
|
|upkeep
|turn|15
|
|t:|1785867711
|move|p2b: Toucannon|Bullet Seed|p1a: Slowgobrrr
|-supereffective|p1a: Slowgobrrr|1
|-damage|p1a: Slowgobrrr|70/100
|-supereffective|p1a: Slowgobrrr|1
|-damage|p1a: Slowgobrrr|67/100
|-supereffective|p1a: Slowgobrrr|1
|-damage|p1a: Slowgobrrr|64/100
|-supereffective|p1a: Slowgobrrr|1
|-damage|p1a: Slowgobrrr|61/100
|-supereffective|p1a: Slowgobrrr|1
|-damage|p1a: Slowgobrrr|58/100
|-hitcount|p1a: Slowgobrrr|5
|move|p1a: Slowgobrrr|Stored Power|p2b: Toucannon
|-enditem|p2b: Toucannon|Focus Sash
|-damage|p2b: Toucannon|1/100
|move|p2a: Runerigus|Earthquake|p1a: Slowgobrrr|[spread] p1a
|-immune|p2b: Toucannon
|-damage|p1a: Slowgobrrr|54/100
|
|upkeep
|turn|16
|
|t:|1785867735
|move|p2b: Toucannon|Bullet Seed|p1a: Slowgobrrr
|-supereffective|p1a: Slowgobrrr|1
|-damage|p1a: Slowgobrrr|50/100g
|-supereffective|p1a: Slowgobrrr|1
|-damage|p1a: Slowgobrrr|48/100
|-supereffective|p1a: Slowgobrrr|1
|-damage|p1a: Slowgobrrr|45/100
|-supereffective|p1a: Slowgobrrr|1
|-damage|p1a: Slowgobrrr|42/100
|-supereffective|p1a: Slowgobrrr|1
|-damage|p1a: Slowgobrrr|39/100
|-hitcount|p1a: Slowgobrrr|5
|move|p1a: Slowgobrrr|Slack Off|p1a: Slowgobrrr
|-heal|p1a: Slowgobrrr|89/100
|move|p2a: Runerigus|Earthquake|p1a: Slowgobrrr|[spread] p1a
|-immune|p2b: Toucannon
|-damage|p1a: Slowgobrrr|85/100
|
|upkeep
|turn|17
|
|t:|1785867753
|move|p2b: Toucannon|Bullet Seed|p1a: Slowgobrrr
|-supereffective|p1a: Slowgobrrr|1
|-damage|p1a: Slowgobrrr|82/100
|-supereffective|p1a: Slowgobrrr|1
|-damage|p1a: Slowgobrrr|79/100
|-supereffective|p1a: Slowgobrrr|1
|-damage|p1a: Slowgobrrr|76/100
|-supereffective|p1a: Slowgobrrr|1
|-damage|p1a: Slowgobrrr|73/100
|-supereffective|p1a: Slowgobrrr|1
|-damage|p1a: Slowgobrrr|70/100
|-hitcount|p1a: Slowgobrrr|5
|move|p1a: Slowgobrrr|Stored Power|p2a: Runerigus
|-damage|p2a: Runerigus|0 fnt
|faint|p2a: Runerigus
|
|upkeep
|
|t:|1785867764
|switch|p2a: Abomasnow|Abomasnow-Mega, L50, F|6/100
|-weather|Snowscape|[from] ability: Snow Warning|[of] p2a: Abomasnow
|turn|18
|inactive|ESCharge has 30 seconds left.
|c|☆ESCharge|Ужасно конечно будет, если ты взял зороарка, хах
|
|t:|1785867795
|switch|p2b: Mr. Rime|Mr. Rime, L50, M|100/100
|move|p1a: Slowgobrrr|Stored Power|p2a: Abomasnow
|-damage|p2a: Abomasnow|0 fnt
|faint|p2a: Abomasnow
|
|-weather|Snowscape|[upkeep]
|upkeep
|
|t:|1785867804
|switch|p2a: Toucannon|Toucannon, L50, M|1/100
|turn|19
|
|t:|1785867813
|move|p2b: Mr. Rime|Psychic|p1a: Slowgobrrr
|-resisted|p1a: Slowgobrrr|1
|-damage|p1a: Slowgobrrr|67/100
|-unboost|p1a: Slowgobrrr|spd|1
|move|p2a: Toucannon|Bullet Seed|p1a: Slowgobrrr
|-supereffective|p1a: Slowgobrrr|1
|-damage|p1a: Slowgobrrr|64/100
|-supereffective|p1a: Slowgobrrr|1
|-damage|p1a: Slowgobrrr|61/100
|-supereffective|p1a: Slowgobrrr|1
|-damage|p1a: Slowgobrrr|58/100
|-supereffective|p1a: Slowgobrrr|1
|-damage|p1a: Slowgobrrr|55/100
|-supereffective|p1a: Slowgobrrr|1
|-damage|p1a: Slowgobrrr|52/100
|-hitcount|p1a: Slowgobrrr|5
|move|p1a: Slowgobrrr|Stored Power|p2a: Toucannon
|-damage|p2a: Toucannon|0 fnt
|faint|p2a: Toucannon
|
|-weather|Snowscape|[upkeep]
|upkeep
|turn|20
|
|t:|1785867835
|move|p2b: Mr. Rime|Psychic|p1a: Slowgobrrr
|-resisted|p1a: Slowgobrrr|1
|-damage|p1a: Slowgobrrr|49/100
|move|p1a: Slowgobrrr|Slack Off|p1a: Slowgobrrr
|-heal|p1a: Slowgobrrr|99/100
|
|-weather|Snowscape|[upkeep]
|upkeep
|turn|21
|
|t:|1785867844
|move|p2b: Mr. Rime|Psychic|p1a: Slowgobrrr
|-resisted|p1a: Slowgobrrr|1
|-damage|p1a: Slowgobrrr|95/100
|move|p1a: Slowgobrrr|Stored Power|p2b: Mr. Rime
|-resisted|p2b: Mr. Rime|1
|-damage|p2b: Mr. Rime|51/100
|
|-weather|Snowscape|[upkeep]
|-heal|p2b: Mr. Rime|57/100|[from] ability: Ice Body
|upkeep
|turn|22
|
|t:|1785867855
|move|p2b: Mr. Rime|Psychic|p1a: Slowgobrrr
|-resisted|p1a: Slowgobrrr|1
|-damage|p1a: Slowgobrrr|90/100
|move|p1a: Slowgobrrr|Amnesia|p1a: Slowgobrrr
|-boost|p1a: Slowgobrrr|spd|1
|
|-weather|none
|upkeep
|turn|23
|
|t:|1785867865
|move|p2b: Mr. Rime|Psychic|p1a: Slowgobrrr
|-resisted|p1a: Slowgobrrr|1
|-damage|p1a: Slowgobrrr|87/100
|move|p1a: Slowgobrrr|Stored Power|p2b: Mr. Rime
|-resisted|p2b: Mr. Rime|1
|-damage|p2b: Mr. Rime|10/100
|
|upkeep
|turn|24
|
|t:|1785867874
|move|p2b: Mr. Rime|Psychic|p1a: Slowgobrrr
|-resisted|p1a: Slowgobrrr|1
|-damage|p1a: Slowgobrrr|84/100
|move|p1a: Slowgobrrr|Stored Power|p2b: Mr. Rime
|-resisted|p2b: Mr. Rime|1
|-damage|p2b: Mr. Rime|0 fnt
|faint|p2b: Mr. Rime
|
|win|ESCharge
||ESCharge is ready for game 3.
