|j|☆KingCorba
|j|☆Los Ramirez
|html|KingCorbaLos Ramirez    
|uhtml|bestof|Game 1 of a best-of-3
|t:|1783008654
|gametype|doubles
|player|p1|KingCorba|266|1312
|player|p2|Los Ramirez|will|1270
|gen|9
|tier|[Gen 9 Champions] VGC 2026 Reg M-B (Bo3)
|rated|
|rule|Species Clause: Limit one of each Pokémon
|rule|Item Clause: Limit 1 of each item
|clearpoke
|poke|p1|Pelipper, L50, M|
|poke|p1|Archaludon, L50, F|
|poke|p1|Basculegion, L50, M|
|poke|p1|Grimmsnarl, L50, M|
|poke|p1|Venusaur, L50, M|
|poke|p1|Raichu, L50, M|
|poke|p2|Floette-Eternal, L50, F|
|poke|p2|Incineroar, L50, F|
|poke|p2|Sinistcha, L50|
|poke|p2|Ditto, L50|
|poke|p2|Blaziken, L50, M|
|poke|p2|Sneasler, L50, M|
|teampreview|4
|showteam|p1|Pelipper||FocusSash|Drizzle|Hurricane,WeatherBall,Tailwind,Protect|Modest||M|||50|]Archaludon||Leftovers|Stamina|ElectroShot,DragonPulse,FlashCannon,Protect|Modest||F|||50|]Basculegion||LifeOrb|SwiftSwim|Protect,WaveCrash,LastRespects,AquaJet|Adamant||M|||50|]Grimmsnarl||LightClay|Prankster|SpiritBreak,Reflect,LightScreen,PartingShot|Careful||M|||50|]Venusaur||Venusaurite|Chlorophyll|GigaDrain,SludgeBomb,EarthPower,Protect|Modest||M|||50|]Raichu||RaichuniteY|LightningRod|FocusBlast,ZapCannon,VoltSwitch,FakeOut|Timid||M|||50|
|showteam|p2|Floette-Eternal||Floettite|FlowerVeil|Protect,DazzlingGleam,CalmMind,DrainingKiss|Modest||F|||50|]Incineroar||PasshoBerry|Intimidate|FakeOut,FlareBlitz,PartingShot,ThroatChop|Impish||F|||50|]Sinistcha||KasibBerry|Hospitality|LifeDew,MatchaGotcha,RagePowder,TrickRoom|Calm|||||50|]Ditto||FocusSash|Imposter|Transform|Timid|||||50|]Blaziken||Blazikenite|SpeedBoost|Protect,FlareBlitz,CloseCombat,SwordsDance|Adamant||M|||50|]Sneasler||WhiteHerb|Unburden|Protect,CloseCombat,DireClaw,FakeOut|Jolly||M|||50|
|inactive|Battle timer is ON: inactive players will automatically lose when time's up. (requested by Los Ramirez)
|inactive|KingCorba has 60 seconds left.
|inactive|Los Ramirez has 60 seconds left.
|
|t:|1783008708
|teamsize|p1|4
|teamsize|p2|4
|start
|switch|p1a: Raichu|Raichu, L50, M|100/100
|switch|p1b: Pelipper|Pelipper, L50, M|100/100
|switch|p2a: Sneasler|Sneasler, L50, M|100/100
|switch|p2b: Floette|Floette-Eternal, L50, F|100/100
|-weather|RainDance|[from] ability: Drizzle|[of] p1b: Pelipper
|turn|1
|
|t:|1783008730
|detailschange|p1a: Raichu|Raichu-Mega-Y, L50, M
|-mega|p1a: Raichu|Raichu|Raichunite Y
|detailschange|p2b: Floette|Floette-Mega, L50, F
|-mega|p2b: Floette|Floette|Floettite
|-ability|p2b: Floette|Fairy Aura
|move|p1a: Raichu|Fake Out|p2b: Floette
|-damage|p2b: Floette|91/100
|move|p2a: Sneasler|Fake Out|p1b: Pelipper
|-damage|p1b: Pelipper|81/100
|cant|p2b: Floette|flinch
|cant|p1b: Pelipper|flinch
|
|-weather|RainDance|[upkeep]
|upkeep
|turn|2
|inactive|KingCorba has 30 seconds left.
|inactive|Los Ramirez has 30 seconds left.
|
|t:|1783008760
|move|p1a: Raichu|Zap Cannon|p2a: Sneasler
|-damage|p2a: Sneasler|10/100
|-status|p2a: Sneasler|par
|move|p2b: Floette|Dazzling Gleam|p1b: Pelipper|[spread] p1a,p1b
|-damage|p1a: Raichu|40/100
|-damage|p1b: Pelipper|1/100
|move|p1b: Pelipper|Weather Ball|p2a: Sneasler
|-crit|p2a: Sneasler
|-damage|p2a: Sneasler|0 fnt
|faint|p2a: Sneasler
|
|-weather|RainDance|[upkeep]
|upkeep
|
|t:|1783008770
|switch|p2a: Sinistcha|Sinistcha, L50|100/100
|-heal|p2b: Floette|100/100|[from] ability: Hospitality|[of] p2a: Sinistcha
|turn|3
|
|t:|1783008779
|move|p1b: Pelipper|Protect|p1b: Pelipper
|-singleturn|p1b: Pelipper|Protect
|move|p2a: Sinistcha|Rage Powder|p2a: Sinistcha
|-singleturn|p2a: Sinistcha|move: Rage Powder
|move|p1a: Raichu|Volt Switch|p2a: Sinistcha
|-resisted|p2a: Sinistcha|1
|-damage|p2a: Sinistcha|84/100
|
|t:|1783008786
|switch|p1a: Venusaur|Venusaur, L50, M|100/100|[from] Volt Switch
|move|p2b: Floette|Dazzling Gleam|p1a: Venusaur|[spread] p1a
|-activate|p1b: Pelipper|move: Protect
|-resisted|p1a: Venusaur|1
|-damage|p1a: Venusaur|77/100
|
|-weather|RainDance|[upkeep]
|upkeep
|turn|4
|
|t:|1783008803
|move|p2b: Floette|Calm Mind|p2b: Floette
|-boost|p2b: Floette|spa|1
|-boost|p2b: Floette|spd|1
|move|p1a: Venusaur|Sludge Bomb|p2b: Floette
|-supereffective|p2b: Floette|1
|-damage|p2b: Floette|63/100
|-status|p2b: Floette|psn
|move|p1b: Pelipper|Weather Ball|p2a: Sinistcha
|-resisted|p2a: Sinistcha|1
|-damage|p2a: Sinistcha|52/100
|move|p2a: Sinistcha|Matcha Gotcha|p1a: Venusaur|[spread] p1a,p1b
|-resisted|p1a: Venusaur|2
|-damage|p1a: Venusaur|71/100
|-heal|p2a: Sinistcha|56/100|[from] drain|[of] p1a: Venusaur
|-damage|p1b: Pelipper|0 fnt
|-heal|p2a: Sinistcha|56/100|[from] drain|[of] p1b: Pelipper
|-status|p1a: Venusaur|brn
|faint|p1b: Pelipper
|
|-weather|RainDance|[upkeep]
|-damage|p2b: Floette|51/100 psn|[from] psn
|-damage|p1a: Venusaur|65/100 brn|[from] brn
|upkeep
|inactive|KingCorba has 30 seconds left.
|inactive|KingCorba has 20 seconds left.
|
|t:|1783008840
|switch|p1b: Basculegion|Basculegion, L50, M|100/100
|turn|5
|
|t:|1783008859
|move|p2a: Sinistcha|Rage Powder|p2a: Sinistcha
|-singleturn|p2a: Sinistcha|move: Rage Powder
|move|p1b: Basculegion|Wave Crash|p2a: Sinistcha
|-resisted|p2a: Sinistcha|1
|-damage|p2a: Sinistcha|5/100
|-damage|p1b: Basculegion|84/100|[from] Recoil
|-damage|p1b: Basculegion|74/100|[from] item: Life Orb
|move|p2b: Floette|Draining Kiss|p1a: Venusaur
|-resisted|p1a: Venusaur|1
|-damage|p1a: Venusaur|38/100 brn
|-heal|p2b: Floette|72/100 psn|[from] drain|[of] p1a: Venusaur
|move|p1a: Venusaur|Sludge Bomb|p2b: Floette
|-supereffective|p2b: Floette|1
|-damage|p2b: Floette|37/100 psn
|
|-weather|none
|-damage|p2b: Floette|25/100 psn|[from] psn
|-damage|p1a: Venusaur|32/100 brn|[from] brn
|upkeep
|turn|6
|inactive|KingCorba has 30 seconds left.
|inactive|Los Ramirez has 30 seconds left.
|
|t:|1783008889
|switch|p1b: Raichu|Raichu-Mega-Y, L50, M|40/100
|move|p1a: Venusaur|Protect|p1a: Venusaur
|-singleturn|p1a: Venusaur|Protect
|move|p2a: Sinistcha|Rage Powder|p2a: Sinistcha
|-singleturn|p2a: Sinistcha|move: Rage Powder
|move|p2b: Floette|Dazzling Gleam|p1b: Raichu|[spread] p1b
|-activate|p1a: Venusaur|move: Protect
|-damage|p1b: Raichu|0 fnt
|faint|p1b: Raichu
|
|-damage|p2b: Floette|13/100 psn|[from] psn
|-damage|p1a: Venusaur|26/100 brn|[from] brn
|upkeep
|
|t:|1783008902
|switch|p1b: Basculegion|Basculegion, L50, M|74/100
|turn|7
|
|t:|1783008916
|move|p2a: Sinistcha|Rage Powder|p2a: Sinistcha
|-singleturn|p2a: Sinistcha|move: Rage Powder
|move|p1b: Basculegion|Aqua Jet|p2a: Sinistcha
|-resisted|p2a: Sinistcha|1
|-damage|p2a: Sinistcha|0 fnt
|faint|p2a: Sinistcha
|-damage|p1b: Basculegion|65/100|[from] item: Life Orb
|move|p2b: Floette|Dazzling Gleam|p1b: Basculegion|[spread] p1a,p1b
|-resisted|p1a: Venusaur|1
|-damage|p1a: Venusaur|0 fnt
|-damage|p1b: Basculegion|0 fnt
|faint|p1a: Venusaur
|faint|p1b: Basculegion
|
|win|Los Ramirez
