|j|☆battle sim trainer
|j|☆isamino
|html|battle sim trainerisamino    
|uhtml|bestof|Game 1 of a best-of-3
|t:|1783712055
|gametype|doubles
|player|p1|battle sim trainer|turo|1177
|player|p2|isamino|nate|1209
|gen|9
|tier|[Gen 9 Champions] VGC 2026 Reg M-B (Bo3)
|rated|
|rule|Species Clause: Limit one of each Pokémon
|rule|Item Clause: Limit 1 of each item
|clearpoke
|poke|p1|Swampert, L50, M|
|poke|p1|Pelipper, L50, M|
|poke|p1|Archaludon, L50, F|
|poke|p1|Grimmsnarl, L50, M|
|poke|p1|Venusaur, L50, M|
|poke|p1|Charizard, L50, F|
|poke|p2|Delphox, L50, F|
|poke|p2|Sylveon, L50, F|
|poke|p2|Aerodactyl, L50, F|
|poke|p2|Rotom-Wash, L50|
|poke|p2|Garchomp, L50, M|
|poke|p2|Kangaskhan, L50, F|
|teampreview|4
|showteam|p1|Swampert||Swampertite|Damp|WaveCrash,Earthquake,IcePunch,Protect|Adamant||M|||50|]Pelipper||SitrusBerry|Drizzle|Hurricane,WeatherBall,Tailwind,Protect|Modest||M|||50|]Archaludon||Leftovers|Stamina|ElectroShot,DragonPulse,FlashCannon,Protect|Modest||F|||50|]Grimmsnarl||LightClay|Prankster|SpiritBreak,Reflect,LightScreen,PartingShot|Careful||M|||50|]Venusaur||LifeOrb|Chlorophyll|GigaDrain,EarthPower,SludgeBomb,Protect|Modest||M|||50|]Charizard||CharizarditeY|Blaze|WeatherBall,SolarBeam,Hurricane,Protect|Modest||F|||50|
|showteam|p2|Delphox||Delphoxite|Blaze|HeatWave,Psychic,Protect,GrassKnot|Modest||F|||50|]Sylveon||FairyFeather|Pixilate|HyperVoice,HyperBeam,Detect,Yawn|Modest||F|||50|]Aerodactyl||FocusSash|Unnerve|RockSlide,DualWingbeat,Tailwind,WideGuard|Jolly||F|||50|]Rotom-Wash||SitrusBerry|Levitate|LightScreen,WillOWisp,HydroPump,Thunderbolt|Calm|||||50|]Garchomp||LifeOrb|RoughSkin|Earthquake,Protect,RockSlide,DragonClaw|Jolly||M|||50|]Kangaskhan||Kangaskhanite|Scrappy|FakeOut,DrainPunch,DoubleEdge,SuckerPunch|Adamant||F|||50|
|inactive|Battle timer is ON: inactive players will automatically lose when time's up. (requested by isamino)
|inactive|battle sim trainer has 60 seconds left.
|
|t:|1783712090
|teamsize|p1|4
|teamsize|p2|4
|start
|switch|p1a: Swampert|Swampert, L50, M|100/100
|switch|p1b: Pelipper|Pelipper, L50, M|100/100
|switch|p2a: Kangaskhan|Kangaskhan, L50, F|100/100
|switch|p2b: Aerodactyl|Aerodactyl, L50, F|100/100
|-ability|p2b: Aerodactyl|Unnerve
|-weather|RainDance|[from] ability: Drizzle|[of] p1b: Pelipper
|turn|1
|inactive|battle sim trainer has 30 seconds left.
|inactive|battle sim trainer has 20 seconds left.
|
|t:|1783712128
|detailschange|p2a: Kangaskhan|Kangaskhan-Mega, L50, F
|-mega|p2a: Kangaskhan|Kangaskhan|Kangaskhanite
|detailschange|p1a: Swampert|Swampert-Mega, L50, M
|-mega|p1a: Swampert|Swampert|Swampertite
|move|p2a: Kangaskhan|Fake Out|p1a: Swampert
|-damage|p1a: Swampert|81/100
|-crit|p1a: Swampert
|-damage|p1a: Swampert|75/100
|-hitcount|p1a: Swampert|2
|cant|p1a: Swampert|flinch
|move|p2b: Aerodactyl|Tailwind|p2b: Aerodactyl
|-sidestart|p2: isamino|move: Tailwind
|move|p1b: Pelipper|Tailwind|p1b: Pelipper
|-sidestart|p1: battle sim trainer|move: Tailwind
|
|-weather|RainDance|[upkeep]
|upkeep
|turn|2
|
|t:|1783712152
|move|p2a: Kangaskhan|Sucker Punch|p1a: Swampert
|-damage|p1a: Swampert|51/100
|-damage|p1a: Swampert|46/100
|-hitcount|p1a: Swampert|2
|move|p1a: Swampert|Wave Crash|p2b: Aerodactyl
|-supereffective|p2b: Aerodactyl|1
|-enditem|p2b: Aerodactyl|Focus Sash
|-damage|p2b: Aerodactyl|1/100
|-damage|p1a: Swampert|18/100|[from] Recoil
|move|p2b: Aerodactyl|Rock Slide|p1b: Pelipper|[spread] p1b
|-miss|p2b: Aerodactyl|p1a: Swampert
|-supereffective|p1b: Pelipper|1
|-damage|p1b: Pelipper|42/100
|move|p1b: Pelipper|Hurricane|p2a: Kangaskhan
|-damage|p2a: Kangaskhan|69/100
|
|-weather|RainDance|[upkeep]
|upkeep
|turn|3
|
|t:|1783712177
|switch|p1a: Archaludon|Archaludon, L50, F|100/100
|switch|p1b: Venusaur|Venusaur, L50, M|100/100
|move|p2a: Kangaskhan|Sucker Punch||[still]
|-fail|p2a: Kangaskhan
|move|p2b: Aerodactyl|Rock Slide|p1b: Venusaur|[spread] p1a,p1b
|-resisted|p1a: Archaludon|1
|-damage|p1a: Archaludon|90/100
|-damage|p1b: Venusaur|72/100
|-ability|p1a: Archaludon|Stamina|boost
|-boost|p1a: Archaludon|def|1
|
|-weather|RainDance|[upkeep]
|-heal|p1a: Archaludon|96/100|[from] item: Leftovers
|upkeep
|turn|4
|inactive|battle sim trainer has 30 seconds left.
|
|t:|1783712205
|switch|p2a: Sylveon|Sylveon, L50, F|100/100
|move|p2b: Aerodactyl|Dual Wingbeat|p1b: Venusaur|[miss]
|-miss|p2b: Aerodactyl|p1b: Venusaur
|move|p1b: Venusaur|Sludge Bomb|p2b: Aerodactyl
|-resisted|p2b: Aerodactyl|1
|-damage|p2b: Aerodactyl|0 fnt
|faint|p2b: Aerodactyl
|-damage|p1b: Venusaur|63/100|[from] item: Life Orb
|move|p1a: Archaludon|Electro Shot||[still]
|-prepare|p1a: Archaludon|Electro Shot
|-boost|p1a: Archaludon|spa|1
|-anim|p1a: Archaludon|Electro Shot|p2a: Sylveon
|-damage|p2a: Sylveon|48/100
|
|-weather|RainDance|[upkeep]
|-heal|p1a: Archaludon|100/100|[from] item: Leftovers
|-sideend|p2: isamino|move: Tailwind
|-sideend|p1: battle sim trainer|move: Tailwind
|upkeep
|
|t:|1783712216
|switch|p2b: Kangaskhan|Kangaskhan-Mega, L50, F|69/100
|turn|5
|inactive|isamino has 30 seconds left.
|
|t:|1783712241
|move|p2b: Kangaskhan|Fake Out|p1b: Venusaur
|-damage|p1b: Venusaur|38/100
|-damage|p1b: Venusaur|33/100
|-hitcount|p1b: Venusaur|2
|cant|p1b: Venusaur|flinch
|move|p1a: Archaludon|Flash Cannon|p2a: Sylveon
|-supereffective|p2a: Sylveon|1
|-damage|p2a: Sylveon|0 fnt
|faint|p2a: Sylveon
|
|-weather|none
|upkeep
|
|t:|1783712248
|switch|p2a: Rotom|Rotom-Wash, L50|100/100
|turn|6
|
|t:|1783712265
|switch|p1b: Pelipper|Pelipper, L50, M|42/100
|-enditem|p1b: Pelipper|Sitrus Berry|[eat]
|-heal|p1b: Pelipper|66/100|[from] item: Sitrus Berry
|-weather|RainDance|[from] ability: Drizzle|[of] p1b: Pelipper
|move|p2b: Kangaskhan|Drain Punch|p1a: Archaludon
|-supereffective|p1a: Archaludon|1
|-damage|p1a: Archaludon|75/100
|-heal|p2b: Kangaskhan|81/100|[from] drain|[of] p1a: Archaludon
|-ability|p1a: Archaludon|Stamina|boost
|-boost|p1a: Archaludon|def|1
|-supereffective|p1a: Archaludon|1
|-damage|p1a: Archaludon|71/100
|-heal|p2b: Kangaskhan|83/100|[from] drain|[of] p1a: Archaludon
|-ability|p1a: Archaludon|Stamina|boost
|-boost|p1a: Archaludon|def|1
|-hitcount|p1a: Archaludon|2
|move|p2a: Rotom|Light Screen|p2a: Rotom
|-sidestart|p2: isamino|move: Light Screen
|move|p1a: Archaludon|Electro Shot||[still]
|-prepare|p1a: Archaludon|Electro Shot
|-boost|p1a: Archaludon|spa|1
|-anim|p1a: Archaludon|Electro Shot|p2b: Kangaskhan
|-damage|p2b: Kangaskhan|37/100
|
|-weather|RainDance|[upkeep]
|-heal|p1a: Archaludon|77/100|[from] item: Leftovers
|upkeep
|turn|7
|
|t:|1783712288
|move|p2b: Kangaskhan|Drain Punch|p1a: Archaludon
|-supereffective|p1a: Archaludon|1
|-damage|p1a: Archaludon|61/100
|-heal|p2b: Kangaskhan|44/100|[from] drain|[of] p1a: Archaludon
|-ability|p1a: Archaludon|Stamina|boost
|-boost|p1a: Archaludon|def|1
|-supereffective|p1a: Archaludon|1
|-damage|p1a: Archaludon|58/100
|-heal|p2b: Kangaskhan|46/100|[from] drain|[of] p1a: Archaludon
|-ability|p1a: Archaludon|Stamina|boost
|-boost|p1a: Archaludon|def|1
|-hitcount|p1a: Archaludon|2
|move|p2a: Rotom|Thunderbolt|p1b: Pelipper
|-supereffective|p1b: Pelipper|2
|-damage|p1b: Pelipper|0 fnt
|faint|p1b: Pelipper
|move|p1a: Archaludon|Electro Shot||[still]
|-prepare|p1a: Archaludon|Electro Shot
|-boost|p1a: Archaludon|spa|1
|-anim|p1a: Archaludon|Electro Shot|p2b: Kangaskhan
|-damage|p2b: Kangaskhan|0 fnt
|faint|p2b: Kangaskhan
|
|-weather|RainDance|[upkeep]
|-heal|p1a: Archaludon|64/100|[from] item: Leftovers
|upkeep
|
|t:|1783712293
|switch|p1b: Venusaur|Venusaur, L50, M|33/100
|turn|8
|-message|isamino forfeited.
|raw|battle sim trainer's rating: 1177 → 1204(+27 for winning)
|raw|isamino's rating: 1209 → 1182(-27 for losing)
|
|win|battle sim trainer
|l|☆isamino
|player|p2|
