|j|☆Pevere1l
|j|☆ILoveMIR
|html|Pevere1lILoveMIR    
|uhtml|bestof|Game 2 of a best-of-3
|t:|1783635822
|gametype|doubles
|player|p1|Pevere1l|steven|1295
|player|p2|ILoveMIR|shauntal|1453
|gen|9
|tier|[Gen 9 Champions] VGC 2026 Reg M-B (Bo3)
|rated|
|rule|Species Clause: Limit one of each Pokémon
|rule|Item Clause: Limit 1 of each item
|clearpoke
|poke|p1|Sneasler, L50, M|
|poke|p1|Kingambit, L50, M|
|poke|p1|Blastoise, L50, F|
|poke|p1|Incineroar, L50, M|
|poke|p1|Delphox, L50, M|
|poke|p1|Sinistcha-Masterpiece, L50|
|poke|p2|Blaziken, L50, M|
|poke|p2|Ninetales-Alola, L50, F|
|poke|p2|Tsareena, L50, F|
|poke|p2|Milotic, L50, F|
|poke|p2|Talonflame, L50, F|
|poke|p2|Glimmora, L50, F|
|teampreview|4
|showteam|p1|Sneasler||FocusSash|PoisonTouch|FakeOut,PoisonJab,CloseCombat,QuickGuard|Jolly||M|||50|]Kingambit||BlackGlasses|Defiant|KowtowCleave,SuckerPunch,SwordsDance,Protect|Adamant||M|||50|]Blastoise||Blastoisinite|RainDish|WaterSpout,DarkPulse,ShellSmash,Protect|Modest||F|||50|]Incineroar||SitrusBerry|Intimidate|FakeOut,FlareBlitz,HelpingHand,PartingShot|Careful||M|||50|]Delphox||Delphoxite|Blaze|HeatWave,Psyshock,NastyPlot,Protect|Modest||M|||50|]Sinistcha-Masterpiece||KasibBerry|Hospitality|MatchaGotcha,RagePowder,TrickRoom,Protect|Bold|||||50|
|showteam|p2|Blaziken||Blazikenite|SpeedBoost|FlareBlitz,CloseCombat,RockSlide,Detect|Adamant||M|||50|]Ninetales-Alola||NeverMeltIce|SnowWarning|Blizzard,FreezeDry,Encore,Protect|Timid||F|||50|]Tsareena||WideLens|QueenlyMajesty|PowerWhip,TripleAxel,LowKick,Protect|Adamant||F|||50|]Milotic||ExpertBelt|Competitive|Scald,IceBeam,Recover,Protect|Modest||F|||50|]Talonflame|||GaleWings|Acrobatics,WillOWisp,Tailwind,Protect|Jolly||F|||50|]Glimmora||FocusSash|ToxicDebris|SludgeBomb,PowerGem,EarthPower,SpikyShield|Modest||F|||50|
|inactive|Battle timer is ON: inactive players will automatically lose when time's up. (requested by ILoveMIR)
|inactive|Pevere1l also wants the timer to be on.
|inactive|ILoveMIR has 60 seconds left.
|
|t:|1783635870
|teamsize|p1|4
|teamsize|p2|4
|start
|switch|p1a: Blastoise|Blastoise, L50, F|100/100
|switch|p1b: Sneasler|Sneasler, L50, M|100/100
|switch|p2a: Glimmora|Glimmora, L50, F|100/100
|switch|p2b: Talonflame|Talonflame, L50, F|100/100
|turn|1
|
|t:|1783635887
|move|p2b: Talonflame|Protect|p2b: Talonflame
|-singleturn|p2b: Talonflame|Protect
|move|p1b: Sneasler|Fake Out|p2b: Talonflame
|-activate|p2b: Talonflame|move: Protect
|move|p2a: Glimmora|Sludge Bomb|p1a: Blastoise
|-damage|p1a: Blastoise|47/100
|move|p1a: Blastoise|Shell Smash|p1a: Blastoise
|-unboost|p1a: Blastoise|def|1
|-unboost|p1a: Blastoise|spd|1
|-boost|p1a: Blastoise|atk|2
|-boost|p1a: Blastoise|spa|2
|-boost|p1a: Blastoise|spe|2
|
|upkeep
|turn|2
|
|t:|1783635905
|switch|p1b: Sinistcha|Sinistcha-Masterpiece, L50|100/100
|-heal|p1a: Blastoise|71/100|[from] ability: Hospitality|[of] p1b: Sinistcha
|detailschange|p1a: Blastoise|Blastoise-Mega, L50, F
|-mega|p1a: Blastoise|Blastoise|Blastoisinite
|move|p1a: Blastoise|Protect|p1a: Blastoise
|-singleturn|p1a: Blastoise|Protect
|move|p2b: Talonflame|Tailwind|p2b: Talonflame
|-sidestart|p2: ILoveMIR|move: Tailwind
|move|p2a: Glimmora|Sludge Bomb|p1a: Blastoise
|-activate|p1a: Blastoise|move: Protect
|
|upkeep
|turn|3
|
|t:|1783635912
|move|p1b: Sinistcha|Rage Powder|p1b: Sinistcha
|-singleturn|p1b: Sinistcha|move: Rage Powder
|move|p2b: Talonflame|Acrobatics|p1b: Sinistcha
|-supereffective|p1b: Sinistcha|1
|-damage|p1b: Sinistcha|28/100
|move|p2a: Glimmora|Sludge Bomb|p1b: Sinistcha
|-damage|p1b: Sinistcha|0 fnt
|faint|p1b: Sinistcha
|move|p1a: Blastoise|Water Spout|p2b: Talonflame|[spread] p2a,p2b
|-supereffective|p2a: Glimmora|1
|-supereffective|p2b: Talonflame|1
|-enditem|p2a: Glimmora|Focus Sash
|-damage|p2a: Glimmora|1/100
|-damage|p2b: Talonflame|0 fnt
|faint|p2b: Talonflame
|
|upkeep
|
|t:|1783635922
|switch|p2b: Blaziken|Blaziken, L50, M|100/100
|switch|p1b: Sneasler|Sneasler, L50, M|100/100
|turn|4
|
|t:|1783635934
|detailschange|p2b: Blaziken|Blaziken-Mega, L50, M
|-mega|p2b: Blaziken|Blaziken|Blazikenite
|move|p1a: Blastoise|Protect|p1a: Blastoise
|-singleturn|p1a: Blastoise|Protect
|move|p2b: Blaziken|Close Combat|p1a: Blastoise
|-activate|p1a: Blastoise|move: Protect
|move|p2a: Glimmora|Sludge Bomb|p1a: Blastoise
|-activate|p1a: Blastoise|move: Protect
|move|p1b: Sneasler|Close Combat|p2b: Blaziken
|-damage|p2b: Blaziken|14/100
|-unboost|p1b: Sneasler|def|1
|-unboost|p1b: Sneasler|spd|1
|
|-ability|p2b: Blaziken|Speed Boost|boost
|-boost|p2b: Blaziken|spe|1
|upkeep
|turn|5
|
|t:|1783635958
|move|p2b: Blaziken|Close Combat|p1a: Blastoise
|-damage|p1a: Blastoise|0 fnt
|-unboost|p2b: Blaziken|def|1
|-unboost|p2b: Blaziken|spd|1
|faint|p1a: Blastoise
|move|p2a: Glimmora|Earth Power|p1b: Sneasler
|-supereffective|p1b: Sneasler|1
|-enditem|p1b: Sneasler|Focus Sash
|-damage|p1b: Sneasler|1/100
|move|p1b: Sneasler|Poison Jab|p2a: Glimmora
|-resisted|p2a: Glimmora|2
|-damage|p2a: Glimmora|0 fnt
|-activate|p2a: Glimmora|ability: Toxic Debris
|-sidestart|p1: Pevere1l|move: Toxic Spikes
|faint|p2a: Glimmora
|
|-sideend|p2: ILoveMIR|move: Tailwind
|-ability|p2b: Blaziken|Speed Boost|boost
|-boost|p2b: Blaziken|spe|1
|upkeep
|
|t:|1783635965
|switch|p2a: Milotic|Milotic, L50, F|100/100
|switch|p1a: Kingambit|Kingambit, L50, M|100/100
|turn|6
|
|t:|1783635974
|move|p1a: Kingambit|Sucker Punch|p2b: Blaziken
|-resisted|p2b: Blaziken|1
|-damage|p2b: Blaziken|0 fnt
|faint|p2b: Blaziken
|move|p1b: Sneasler|Poison Jab|p2a: Milotic
|-damage|p2a: Milotic|56/100
|move|p2a: Milotic|Scald|p1b: Sneasler
|-damage|p1b: Sneasler|0 fnt
|faint|p1b: Sneasler
|
|upkeep
|turn|7
|
|t:|1783635984
|move|p2a: Milotic|Scald|p1a: Kingambit
|-damage|p1a: Kingambit|71/100
|-status|p1a: Kingambit|brn
|move|p1a: Kingambit|Kowtow Cleave|p2a: Milotic
|-damage|p2a: Milotic|30/100
|
|-damage|p1a: Kingambit|66/100 brn|[from] brn
|upkeep
|turn|8
|
|t:|1783635992
|move|p2a: Milotic|Recover|p2a: Milotic
|-heal|p2a: Milotic|80/100
|move|p1a: Kingambit|Swords Dance|p1a: Kingambit
|-boost|p1a: Kingambit|atk|2
|
|-damage|p1a: Kingambit|60/100 brn|[from] brn
|upkeep
|turn|9
|
|t:|1783635994
|move|p2a: Milotic|Scald|p1a: Kingambit
|-damage|p1a: Kingambit|32/100 brn
|move|p1a: Kingambit|Swords Dance|p1a: Kingambit
|-boost|p1a: Kingambit|atk|2
|
|-damage|p1a: Kingambit|27/100 brn|[from] brn
|upkeep
|turn|10
|
|t:|1783636003
|move|p2a: Milotic|Protect|p2a: Milotic
|-singleturn|p2a: Milotic|Protect
|move|p1a: Kingambit|Kowtow Cleave|p2a: Milotic
|-activate|p2a: Milotic|move: Protect
|
|-damage|p1a: Kingambit|21/100 brn|[from] brn
|upkeep
|turn|11
|
|t:|1783636006
|move|p2a: Milotic|Scald|p1a: Kingambit
|-damage|p1a: Kingambit|0 fnt
|faint|p1a: Kingambit
|
|win|ILoveMIR
