|j|ŌśåMetal Legs Solid
|j|Ōśågentlemangarby
|html|Metal Legs Solidgentlemangarby    
|uhtml|bestof|Game 1 of a best-of-3
|t:|1785285965
|gametype|doubles
|player|p1|Metal Legs Solid|byron|
|player|p2|gentlemangarby|crasherwake|
|gen|9
|tier|[Gen 9 Champions] VGC 2026 Reg M-B (Bo3)
|rule|Species Clause: Limit one of each Pok├®mon
|rule|Item Clause: Limit 1 of each item
|clearpoke
|poke|p1|Venusaur, L50, M|
|poke|p1|Charizard, L50, F|
|poke|p1|Archaludon, L50, M|
|poke|p1|Pelipper, L50, M|
|poke|p1|Grimmsnarl, L50, M|
|poke|p1|Basculegion, L50, M|
|poke|p2|Sneasler, L50, M|
|poke|p2|Farigiraf, L50, M|
|poke|p2|Camerupt, L50, M|
|poke|p2|Primarina, L50, F|
|poke|p2|Sinistcha, L50|
|poke|p2|Kingambit, L50, F|
|teampreview|4
|showteam|p1|Venusaur||FocusSash|Chlorophyll|EarthPower,SludgeBomb,SleepPowder,Protect|Modest||M|||50|]Charizard||CharizarditeY|Blaze|WeatherBall,HeatWave,SolarBeam,Protect|Modest||F|||50|]Archaludon||Leftovers|Stamina|ElectroShot,DragonPulse,FlashCannon,Protect|Calm||M|||50|]Pelipper||SitrusBerry|Drizzle|WeatherBall,Tailwind,Hurricane,WideGuard|Modest||M|||50|]Grimmsnarl||LightClay|Prankster|PartingShot,LightScreen,Reflect,SpiritBreak|Sassy||M|||50|]Basculegion||ChoiceScarf|Adaptability|LastRespects,FlipTurn,AquaJet,WaveCrash|Jolly||M|||50|
|showteam|p2|Sneasler||IronBall|Unburden|CloseCombat,GunkShot,Fling,FakeOut|Adamant||M|||50|]Farigiraf||SitrusBerry|ArmorTail|Psychic,Thunderbolt,Protect,TrickRoom|Bold||M|||50|]Camerupt||Cameruptite|SolidRock|HeatWave,EarthPower,AncientPower,Protect|Quiet||M|||50|]Primarina||LifeOrb|LiquidVoice|HyperVoice,Moonblast,AquaJet,Protect|Quiet||F|||50|]Sinistcha||FocusSash|Hospitality|MatchaGotcha,ShadowBall,RagePowder,TrickRoom|Quiet|||||50|]Kingambit||BlackGlasses|Defiant|KowtowCleave,SuckerPunch,IronHead,SwordsDance|Brave||F|||50|
|c|ŌśåMetal Legs Solid|just posting this in my team discord
|c|ŌśåMetal Legs Solid|one sec
|c|ŌśåMetal Legs Solid|ok im good if you are
|c|Ōśågentlemangarby|np just did the same
|c|ŌśåMetal Legs Solid|also glhf!
|c|Ōśågentlemangarby|g2g starting timer
|inactive|Battle timer is ON: inactive players will automatically lose when time's up. (requested by Metal Legs Solid)
|c|Ōśågentlemangarby|glhf
|inactive|Metal Legs Solid has 60 seconds left.
|inactive|Metal Legs Solid has 30 seconds left.
|
|t:|1785286080
|teamsize|p1|4
|teamsize|p2|4
|start
|switch|p1a: Venusaur|Venusaur, L50, M|100/100
|switch|p1b: Basculegion|Basculegion, L50, M|100/100
|switch|p2a: Sneasler|Sneasler, L50, M|100/100
|switch|p2b: Farigiraf|Farigiraf, L50, M|100/100
|turn|1
|inactive|Metal Legs Solid has 30 seconds left.
|inactive|Metal Legs Solid has 20 seconds left.
|inactive|Metal Legs Solid has 15 seconds left.
|inactive|Metal Legs Solid has 10 seconds left.
|
|t:|1785286128
|switch|p1a: Archaludon|Archaludon, L50, M|100/100
|move|p2a: Sneasler|Fake Out|p1a: Archaludon
|-resisted|p1a: Archaludon|1
|-damage|p1a: Archaludon|94/100
|-ability|p1a: Archaludon|Stamina|boost
|-boost|p1a: Archaludon|def|1
|move|p1b: Basculegion|Flip Turn|p2a: Sneasler
|-damage|p2a: Sneasler|57/100
|
|t:|1785286139
|switch|p1b: Venusaur|Venusaur, L50, M|100/100|[from] Flip Turn
|move|p2b: Farigiraf|Trick Room|p2b: Farigiraf
|-fieldstart|move: Trick Room|[of] p2b: Farigiraf
|
|-heal|p1a: Archaludon|100/100|[from] item: Leftovers
|upkeep
|turn|2
|inactive|Metal Legs Solid has 30 seconds left.
|
|t:|1785286168
|switch|p2a: Camerupt|Camerupt, L50, M|100/100
|switch|p1b: Pelipper|Pelipper, L50, M|100/100
|-weather|RainDance|[from] ability: Drizzle|[of] p1b: Pelipper
|move|p2b: Farigiraf|Psychic|p1b: Pelipper
|-damage|p1b: Pelipper|47/100
|-enditem|p1b: Pelipper|Sitrus Berry|[eat]
|-heal|p1b: Pelipper|72/100|[from] item: Sitrus Berry
|move|p1a: Archaludon|Electro Shot||[still]
|-prepare|p1a: Archaludon|Electro Shot
|-boost|p1a: Archaludon|spa|1
|-anim|p1a: Archaludon|Electro Shot|p2a: Camerupt
|-immune|p2a: Camerupt
|
|-weather|RainDance|[upkeep]
|upkeep
|turn|3
|j| Local_shinobi
|inactive|Metal Legs Solid has 30 seconds left.
|inactive|Metal Legs Solid has 20 seconds left.
|inactive|Metal Legs Solid has 15 seconds left.
|inactive|Metal Legs Solid has 10 seconds left.
|
|t:|1785286218
|switch|p1b: Venusaur|Venusaur, L50, M|100/100
|detailschange|p2a: Camerupt|Camerupt-Mega, L50, M
|-mega|p2a: Camerupt|Camerupt|Cameruptite
|move|p1a: Archaludon|Protect|p1a: Archaludon
|-singleturn|p1a: Archaludon|Protect
|move|p2a: Camerupt|Earth Power|p1a: Archaludon
|-activate|p1a: Archaludon|move: Protect
|move|p2b: Farigiraf|Thunderbolt|p1b: Venusaur
|-resisted|p1b: Venusaur|1
|-damage|p1b: Venusaur|86/100
|
|-weather|RainDance|[upkeep]
|upkeep
|turn|4
|inactive|Metal Legs Solid has 30 seconds left.
|inactive|Metal Legs Solid has 20 seconds left.
|
|t:|1785286262
|switch|p1a: Pelipper|Pelipper, L50, M|72/100
|move|p2a: Camerupt|Earth Power|p1a: Pelipper
|-immune|p1a: Pelipper
|move|p2b: Farigiraf|Thunderbolt|p1a: Pelipper
|-supereffective|p1a: Pelipper|2
|-damage|p1a: Pelipper|0 fnt
|faint|p1a: Pelipper
|move|p1b: Venusaur|Earth Power|p2a: Camerupt
|-supereffective|p2a: Camerupt|1
|-damage|p2a: Camerupt|43/100
|
|-weather|RainDance|[upkeep]
|upkeep
|
|t:|1785286281
|switch|p1a: Archaludon|Archaludon, L50, M|100/100
|turn|5
|inactive|Metal Legs Solid has 30 seconds left.
|inactive|Metal Legs Solid has 20 seconds left.
|inactive|Metal Legs Solid has 15 seconds left.
|inactive|Metal Legs Solid has 10 seconds left.
|
|t:|1785286330
|switch|p2a: Kingambit|Kingambit, L50, F|100/100
|move|p1b: Venusaur|Protect|p1b: Venusaur
|-singleturn|p1b: Venusaur|Protect
|move|p2b: Farigiraf|Psychic|p1b: Venusaur
|-activate|p1b: Venusaur|move: Protect
|move|p1a: Archaludon|Electro Shot||[still]
|-prepare|p1a: Archaludon|Electro Shot
|-boost|p1a: Archaludon|spa|1
|-anim|p1a: Archaludon|Electro Shot|p2a: Kingambit
|-damage|p2a: Kingambit|50/100g
|
|-weather|RainDance|[upkeep]
|-fieldend|move: Trick Room
|upkeep
|turn|6
|
|t:|1785286354
|switch|p2a: Sneasler|Sneasler, L50, M|57/100
|move|p2b: Farigiraf|Protect|p2b: Farigiraf
|-singleturn|p2b: Farigiraf|Protect
|move|p1b: Venusaur|Sleep Powder|p2b: Farigiraf
|-activate|p2b: Farigiraf|move: Protect
|move|p1a: Archaludon|Electro Shot||[still]
|-prepare|p1a: Archaludon|Electro Shot
|-boost|p1a: Archaludon|spa|1
|-anim|p1a: Archaludon|Electro Shot|p2b: Farigiraf
|-activate|p2b: Farigiraf|move: Protect
|
|-weather|none
|upkeep
|turn|7
|
|t:|1785286373
|move|p2a: Sneasler|Fake Out|p1b: Venusaur
|-damage|p1b: Venusaur|66/100
|cant|p1b: Venusaur|flinch
|move|p1a: Archaludon|Dragon Pulse|p2b: Farigiraf
|-damage|p2b: Farigiraf|33/100
|-enditem|p2b: Farigiraf|Sitrus Berry|[eat]
|-heal|p2b: Farigiraf|58/100|[from] item: Sitrus Berry
|move|p2b: Farigiraf|Trick Room|p2b: Farigiraf
|-fieldstart|move: Trick Room|[of] p2b: Farigiraf
|
|upkeep
|turn|8
|inactive|Metal Legs Solid has 30 seconds left.
|inactive|Metal Legs Solid has 20 seconds left.
|
|t:|1785286413
|switch|p2a: Camerupt|Camerupt-Mega, L50, M|43/100
|move|p2b: Farigiraf|Psychic|p1b: Venusaur
|-supereffective|p1b: Venusaur|1
|-damage|p1b: Venusaur|0 fnt
|faint|p1b: Venusaur
|move|p1a: Archaludon|Dragon Pulse|p2b: Farigiraf
|-damage|p2b: Farigiraf|0 fnt
|faint|p2b: Farigiraf
|
|upkeep
|
|t:|1785286424
|switch|p2b: Kingambit|Kingambit, L50, F|50/100g
|switch|p1b: Basculegion|Basculegion, L50, M|100/100
|turn|9
|j| Sloth diesel
|inactive|Metal Legs Solid has 30 seconds left.
|inactive|Metal Legs Solid has 20 seconds left.
|inactive|Metal Legs Solid has 15 seconds left.
|
|t:|1785286468
|move|p2a: Camerupt|Protect|p2a: Camerupt
|-singleturn|p2a: Camerupt|Protect
|move|p1b: Basculegion|Aqua Jet|p2b: Kingambit
|-damage|p2b: Kingambit|33/100
|move|p2b: Kingambit|Kowtow Cleave|p1b: Basculegion
|-supereffective|p1b: Basculegion|1
|-damage|p1b: Basculegion|0 fnt
|faint|p1b: Basculegion
|move|p1a: Archaludon|Dragon Pulse|p2b: Kingambit
|-resisted|p2b: Kingambit|1
|-damage|p2b: Kingambit|0 fnt
|faint|p2b: Kingambit
|
|upkeep
|
|t:|1785286475
|switch|p2b: Sneasler|Sneasler, L50, M|57/100
|turn|10
|
|t:|1785286484
|move|p1a: Archaludon|Protect|p1a: Archaludon
|-singleturn|p1a: Archaludon|Protect
|move|p2a: Camerupt|Earth Power|p1a: Archaludon
|-activate|p1a: Archaludon|move: Protect
|move|p2b: Sneasler|Close Combat|p1a: Archaludon
|-activate|p1a: Archaludon|move: Protect
|
|upkeep
|turn|11
|
|t:|1785286495
|move|p1a: Archaludon|Protect||[still]
|-fail|p1a: Archaludon
|move|p2a: Camerupt|Earth Power|p1a: Archaludon
|-supereffective|p1a: Archaludon|1
|-damage|p1a: Archaludon|0 fnt
|faint|p1a: Archaludon
|
|win|gentlemangarby
||Metal Legs Solid is ready for game 2.
||gentlemangarby is ready for game 2.
|uhtml|next|Next: Game 2 of 3
|l| Sloth diesel
|l| Local_shinobi
|l|ŌśåMetal Legs Solid
|player|p1|
