|j|☆galloway2001
|j|☆sessoepalle
|html|galloway2001sessoepalle    
|uhtml|bestof|Game 2 of a best-of-3
|t:|1785945008
|gametype|doubles
|player|p1|galloway2001|265|1283
|player|p2|sessoepalle|lance|1362
|gen|9
|tier|[Gen 9 Champions] VGC 2026 Reg M-B (Bo3)
|rated|
|rule|Species Clause: Limit one of each Pokémon
|rule|Item Clause: Limit 1 of each item
|clearpoke
|poke|p1|Whimsicott, L50, M|
|poke|p1|Basculegion, L50, M|
|poke|p1|Floette-Eternal, L50, F|
|poke|p1|Garchomp, L50, M|
|poke|p1|Kingambit, L50, M|
|poke|p1|Charizard, L50, M|
|poke|p2|Charizard, L50, M|
|poke|p2|Kingambit, L50, F|
|poke|p2|Dragonite, L50, F|
|poke|p2|Basculegion, L50, M|
|poke|p2|Whimsicott, L50, F|
|poke|p2|Garchomp, L50, F|
|teampreview|4
|showteam|p1|Whimsicott||FocusSash|Prankster|Protect,Tailwind,Moonblast,Encore|Timid||M|||50|]Basculegion||LifeOrb|Adaptability|Protect,WaveCrash,LastRespects,AquaJet|Adamant||M|||50|]Floette-Eternal||Floettite|FlowerVeil|Protect,HelpingHand,Moonblast,DazzlingGleam|Timid||F|||50|]Garchomp||SitrusBerry|RoughSkin|DragonClaw,Earthquake,PoisonJab,RockSlide|Adamant||M|||50|]Kingambit||ChopleBerry|Defiant|IronHead,KowtowCleave,SuckerPunch,LowKick|Adamant||M|||50|]Charizard||CharizarditeY|Blaze|Protect,HeatWave,WeatherBall,SolarBeam|Modest||M|||50|
|showteam|p2|Charizard||CharizarditeY|Blaze|HeatWave,WeatherBall,SolarBeam,Protect|Modest||M|||50|]Kingambit||ChopleBerry|Defiant|IronHead,KowtowCleave,SuckerPunch,LowKick|Adamant||F|||50|]Dragonite||Dragoninite|Multiscale|DragonPulse,HeatWave,Thunderbolt,Protect|Timid||F|||50|]Basculegion||LifeOrb|Adaptability|LastRespects,AquaJet,WaveCrash,Protect|Adamant||M|||50|]Whimsicott||FocusSash|Prankster|Moonblast,Tailwind,Encore,Protect|Timid||F|||50|]Garchomp||RoseliBerry|RoughSkin|DragonClaw,Earthquake,PoisonJab,RockSlide|Jolly||F|||50|
|
|t:|1785945024
|teamsize|p1|4
|teamsize|p2|4
|start
|switch|p1a: Whimsicott|Whimsicott, L50, M|100/100
|switch|p1b: Garchomp|Garchomp, L50, M|100/100
|switch|p2a: Whimsicott|Whimsicott, L50, F|100/100
|switch|p2b: Garchomp|Garchomp, L50, F|100/100
|turn|1
|inactive|Battle timer is ON: inactive players will automatically lose when time's up. (requested by galloway2001)
|
|t:|1785945042
|move|p2a: Whimsicott|Tailwind|p2a: Whimsicott
|-sidestart|p2: sessoepalle|move: Tailwind
|move|p1a: Whimsicott|Tailwind|p1a: Whimsicott
|-sidestart|p1: galloway2001|move: Tailwind
|move|p2b: Garchomp|Poison Jab|p1a: Whimsicott
|-supereffective|p1a: Whimsicott|2
|-enditem|p1a: Whimsicott|Focus Sash
|-damage|p1a: Whimsicott|1/100
|move|p1b: Garchomp|Dragon Claw|p2b: Garchomp
|-supereffective|p2b: Garchomp|1
|-damage|p2b: Garchomp|18/100
|-damage|p1b: Garchomp|87/100|[from] ability: Rough Skin|[of] p2b: Garchomp
|
|upkeep
|turn|2
|inactive|galloway2001 has 30 seconds left.
|
|t:|1785945070
|switch|p1a: Basculegion|Basculegion, L50, M|100/100
|switch|p1b: Floette|Floette-Eternal, L50, F|100/100
|move|p2a: Whimsicott|Moonblast|p1a: Basculegion
|-damage|p1a: Basculegion|59/100
|move|p2b: Garchomp|Dragon Claw|p1b: Floette
|-immune|p1b: Floette
|
|upkeep
|turn|3
|
|t:|1785945090
|move|p1a: Basculegion|Aqua Jet|p2a: Whimsicott
|-resisted|p2a: Whimsicott|1
|-damage|p2a: Whimsicott|72/100
|-damage|p1a: Basculegion|49/100|[from] item: Life Orb
|move|p2a: Whimsicott|Moonblast|p1a: Basculegion
|-damage|p1a: Basculegion|7/100
|move|p2b: Garchomp|Poison Jab|p1b: Floette
|-supereffective|p1b: Floette|1
|-damage|p1b: Floette|21/100
|move|p1b: Floette|Dazzling Gleam|p2b: Garchomp|[spread] p2a,p2b
|-supereffective|p2b: Garchomp|1
|-enditem|p2b: Garchomp|Roseli Berry|[eat]
|-enditem|p2b: Garchomp|Roseli Berry|[weaken]
|-damage|p2a: Whimsicott|21/100
|-damage|p2b: Garchomp|0 fnt
|faint|p2b: Garchomp
|
|upkeep
|
|t:|1785945115
|switch|p2b: Charizard|Charizard, L50, M|100/100
|turn|4
|
|t:|1785945138
|switch|p1a: Garchomp|Garchomp, L50, M|87/100
|detailschange|p1b: Floette|Floette-Mega, L50, F
|-mega|p1b: Floette|Floette|Floettite
|-ability|p1b: Floette|Fairy Aura
|detailschange|p2b: Charizard|Charizard-Mega-Y, L50, M
|-mega|p2b: Charizard|Charizard|Charizardite Y
|-weather|SunnyDay|[from] ability: Drought|[of] p2b: Charizard
|move|p2a: Whimsicott|Protect|p2a: Whimsicott
|-singleturn|p2a: Whimsicott|Protect
|move|p1b: Floette|Dazzling Gleam|p2a: Whimsicott|[spread] p2b
|-activate|p2a: Whimsicott|move: Protect
|-resisted|p2b: Charizard|1
|-damage|p2b: Charizard|78/100
|move|p2b: Charizard|Heat Wave|p1b: Floette|[spread] p1a,p1b
|-resisted|p1a: Garchomp|1
|-damage|p1a: Garchomp|58/100
|-damage|p1b: Floette|0 fnt
|faint|p1b: Floette
|
|-weather|SunnyDay|[upkeep]
|-sideend|p2: sessoepalle|move: Tailwind
|-sideend|p1: galloway2001|move: Tailwind
|upkeep
|
|t:|1785945157
|switch|p1b: Whimsicott|Whimsicott, L50, M|1/100
|turn|5
|
|t:|1785945162
|switch|p2a: Kingambit|Kingambit, L50, F|100/100
|move|p2b: Charizard|Protect|p2b: Charizard
|-singleturn|p2b: Charizard|Protect
|move|p1b: Whimsicott|Tailwind|p1b: Whimsicott
|-sidestart|p1: galloway2001|move: Tailwind
|move|p1a: Garchomp|Rock Slide|p2b: Charizard|[spread] p2a
|-activate|p2b: Charizard|move: Protect
|-resisted|p2a: Kingambit|1
|-damage|p2a: Kingambit|93/100
|
|-weather|SunnyDay|[upkeep]
|upkeep
|turn|6
|
|t:|1785945182
|move|p1b: Whimsicott|Moonblast|p2a: Kingambit
|-damage|p2a: Kingambit|57/100
|move|p1a: Garchomp|Earthquake|p2b: Charizard|[spread] p1b,p2a
|-immune|p2b: Charizard
|-resisted|p1b: Whimsicott|1
|-supereffective|p2a: Kingambit|1
|-damage|p1b: Whimsicott|0 fnt
|-damage|p2a: Kingambit|10/100
|faint|p1b: Whimsicott
|move|p2b: Charizard|Heat Wave|p1a: Garchomp
|-resisted|p1a: Garchomp|1
|-damage|p1a: Garchomp|19/100
|-enditem|p1a: Garchomp|Sitrus Berry|[eat]
|-heal|p1a: Garchomp|43/100|[from] item: Sitrus Berry
|move|p2a: Kingambit|Kowtow Cleave|p1a: Garchomp
|-damage|p1a: Garchomp|8/100
|-damage|p2a: Kingambit|0 fnt|[from] ability: Rough Skin|[of] p1a: Garchomp
|faint|p2a: Kingambit
|
|-weather|SunnyDay|[upkeep]
|upkeep
|
|t:|1785945199
|switch|p1b: Basculegion|Basculegion, L50, M|7/100
|switch|p2a: Whimsicott|Whimsicott, L50, F|21/100
|turn|7
|
|t:|1785945219
|move|p2b: Charizard|Protect|p2b: Charizard
|-singleturn|p2b: Charizard|Protect
|move|p2a: Whimsicott|Encore|p1a: Garchomp
|-start|p1a: Garchomp|Encore
|move|p1a: Garchomp|Earthquake|p2b: Charizard|[spread] p1b,p2a
|-activate|p2b: Charizard|move: Protect
|-resisted|p2a: Whimsicott|1
|-damage|p1b: Basculegion|0 fnt
|-damage|p2a: Whimsicott|0 fnt
|faint|p1b: Basculegion
|faint|p2a: Whimsicott
|
|-weather|SunnyDay|[upkeep]
|upkeep
|turn|8
|-message|galloway2001 forfeited.
|
|win|sessoepalle
||sessoepalle is ready for game 3.
||galloway2001 is ready for game 3.
|uhtml|next|Next: Game 3 of 3
