|j|☆KudenaVGC
|j|☆Chknadobovgc
|html|KudenaVGCChknadobovgc    
|uhtml|bestof|Game 3 of a best-of-3
|t:|1756904342
|gametype|doubles
|player|p1|KudenaVGC|ethan|1295
|player|p2|Chknadobovgc|2|1237
|gen|9
|tier|[Gen 9] VGC 2025 Reg H (Bo3)
|rated|
|rule|Species Clause: Limit one of each Pokémon
|rule|Item Clause: Limit 1 of each item
|clearpoke
|poke|p1|Dragonite, L50, M|
|poke|p1|Gholdengo, L50|
|poke|p1|Rillaboom, L50, M|
|poke|p1|Ursaluna-Bloodmoon, L50, M|
|poke|p1|Maushold-Four, L50|
|poke|p1|Annihilape, L50, M|
|poke|p2|Indeedee, L50, M|
|poke|p2|Sneasler, L50, F|
|poke|p2|Excadrill, L50, M|
|poke|p2|Annihilape, L50, M|
|poke|p2|Corviknight, L50, F|
|poke|p2|Tyranitar, L50, M|
|teampreview|4
|showteam|p1|Dragonite||LoadedDice|Multiscale|Tailwind,Haze,Protect,ScaleShot|||M|||50|,,,,,Fairy]Gholdengo||LifeOrb|GoodasGold|MakeItRain,ShadowBall,NastyPlot,Protect||||||50|,,,,,Water]Rillaboom||MiracleSeed|GrassySurge|WoodHammer,GrassyGlide,FakeOut,HighHorsepower|||M|||50|,,,,,Fire]Ursaluna-Bloodmoon||AssaultVest|MindsEye|BloodMoon,EarthPower,HyperVoice,VacuumWave|||M|||50|,,,,,Water]Maushold-Four||FocusSash|FriendGuard|Taunt,FollowMe,BeatUp,Protect||||||50|,,,,,Ghost]Annihilape||SitrusBerry|Defiant|RageFist,DrainPunch,BulkUp,Protect|||M|||50|,,,,,Fire
|showteam|p2|Indeedee||ChoiceScarf|PsychicSurge|ExpandingForce,TeraBlast,Trick,Protect|||M|||50|,,,,,Psychic]Sneasler||PsychicSeed|Unburden|CloseCombat,DireClaw,ThroatChop,Protect|||F|||50|,,,,,Dark]Excadrill||FocusSash|SandRush|Earthquake,IronHead,HighHorsepower,Protect|||M|||50|,,,,,Stellar]Annihilape||SafetyGoggles|Defiant|CloseCombat,RageFist,Taunt,FinalGambit|||M|||50|,,,,,Water]Corviknight||Leftovers|MirrorArmor|BraveBird,Tailwind,BulkUp,Roost|||F|||50|,,,,,Dragon]Tyranitar||AssaultVest|SandStream|RockSlide,KnockOff,LowKick,TeraBlast|||M|||50|,,,,,Flying
|inactive|Battle timer is ON: inactive players will automatically lose when time's up. (requested by Chknadobovgc)
|
|t:|1756904393
|teamsize|p1|4
|teamsize|p2|4
|start
|switch|p1a: Maushold|Maushold-Four, L50|100/100
|switch|p1b: Annihilape|Annihilape, L50, M|100/100
|switch|p2a: Indeedee|Indeedee, L50, M|100/100
|switch|p2b: Tyranitar|Tyranitar, L50, M, shiny|100/100
|-fieldstart|move: Psychic Terrain|[from] ability: Psychic Surge|[of] p2a: Indeedee
|-weather|Sandstorm|[from] ability: Sand Stream|[of] p2b: Tyranitar
|turn|1
|inactive|Chknadobovgc has 30 seconds left.
|
|t:|1756904420
|switch|p1b: Rillaboom|Rillaboom, L50, M|100/100
|-fieldstart|move: Grassy Terrain|[from] ability: Grassy Surge|[of] p1b: Rillaboom
|switch|p2b: Annihilape|Annihilape, L50, M, shiny|100/100
|move|p1a: Maushold|Follow Me|p1a: Maushold
|-singleturn|p1a: Maushold|move: Follow Me
|move|p2a: Indeedee|Expanding Force|p1a: Maushold
|-damage|p1a: Maushold|49/100
|
|-weather|Sandstorm|[upkeep]
|-damage|p2a: Indeedee|95/100|[from] Sandstorm
|-damage|p1a: Maushold|43/100|[from] Sandstorm
|-damage|p1b: Rillaboom|95/100|[from] Sandstorm
|-heal|p2a: Indeedee|100/100|[from] Grassy Terrain
|-heal|p1a: Maushold|49/100|[from] Grassy Terrain
|-heal|p1b: Rillaboom|100/100|[from] Grassy Terrain
|upkeep
|turn|2
|
|t:|1756904438
|switch|p2a: Tyranitar|Tyranitar, L50, M, shiny|100/100
|move|p1a: Maushold|Follow Me|p1a: Maushold
|-singleturn|p1a: Maushold|move: Follow Me
|move|p2b: Annihilape|Taunt|p1a: Maushold
|-start|p1a: Maushold|move: Taunt
|move|p1b: Rillaboom|Wood Hammer|p2b: Annihilape
|-damage|p2b: Annihilape|6/100
|-damage|p1b: Rillaboom|68/100|[from] Recoil
|
|-weather|Sandstorm|[upkeep]
|-damage|p1a: Maushold|43/100|[from] Sandstorm
|-damage|p1b: Rillaboom|62/100|[from] Sandstorm
|-heal|p1a: Maushold|49/100|[from] Grassy Terrain
|-heal|p2b: Annihilape|12/100|[from] Grassy Terrain
|-heal|p1b: Rillaboom|68/100|[from] Grassy Terrain
|upkeep
|turn|3
|inactive|KudenaVGC has 30 seconds left.
|inactive|Chknadobovgc has 30 seconds left.
|
|t:|1756904481
|switch|p1b: Ursaluna|Ursaluna-Bloodmoon, L50, M|100/100
|switch|p2a: Indeedee|Indeedee, L50, M|100/100
|-fieldstart|move: Psychic Terrain|[from] ability: Psychic Surge|[of] p2a: Indeedee
|move|p1a: Maushold|Beat Up|p2b: Annihilape
|-damage|p2b: Annihilape|10/100
|-damage|p2b: Annihilape|7/100
|-damage|p2b: Annihilape|4/100
|-damage|p2b: Annihilape|1/100
|-hitcount|p2b: Annihilape|4
|move|p2b: Annihilape|Close Combat|p1b: Ursaluna
|-supereffective|p1b: Ursaluna
|-damage|p1b: Ursaluna|45/100
|-unboost|p2b: Annihilape|def|1
|-unboost|p2b: Annihilape|spd|1
|
|-weather|Sandstorm|[upkeep]
|-damage|p2a: Indeedee|95/100|[from] Sandstorm
|-damage|p1a: Maushold|43/100|[from] Sandstorm
|upkeep
|turn|4
|inactive|Chknadobovgc has 30 seconds left.
|
|t:|1756904508
|switch|p1b: Rillaboom|Rillaboom, L50, M|68/100
|-fieldstart|move: Grassy Terrain|[from] ability: Grassy Surge|[of] p1b: Rillaboom
|move|p2a: Indeedee|Expanding Force|p1a: Maushold
|-damage|p1a: Maushold|0 fnt
|faint|p1a: Maushold
|move|p2b: Annihilape|Close Combat|p1b: Rillaboom
|-damage|p1b: Rillaboom|17/100
|-unboost|p2b: Annihilape|def|1
|-unboost|p2b: Annihilape|spd|1
|
|-weather|Sandstorm|[upkeep]
|-damage|p2a: Indeedee|89/100|[from] Sandstorm
|-damage|p1b: Rillaboom|11/100|[from] Sandstorm
|-heal|p2a: Indeedee|95/100|[from] Grassy Terrain
|-heal|p2b: Annihilape|7/100|[from] Grassy Terrain
|-heal|p1b: Rillaboom|17/100|[from] Grassy Terrain
|upkeep
|
|t:|1756904518
|switch|p1a: Ursaluna|Ursaluna-Bloodmoon, L50, M|45/100
|turn|5
|
|t:|1756904527
|switch|p2a: Tyranitar|Tyranitar, L50, M, shiny|100/100
|switch|p2b: Excadrill|Excadrill, L50, M|100/100
|move|p1b: Rillaboom|Grassy Glide|p2a: Tyranitar
|-supereffective|p2a: Tyranitar
|-damage|p2a: Tyranitar|34/100
|move|p1a: Ursaluna|Vacuum Wave|p2b: Excadrill
|-supereffective|p2b: Excadrill
|-damage|p2b: Excadrill|60/100
|
|-weather|none
|-heal|p2b: Excadrill|66/100|[from] Grassy Terrain
|-heal|p1b: Rillaboom|23/100|[from] Grassy Terrain
|-heal|p2a: Tyranitar|39/100|[from] Grassy Terrain
|-heal|p1a: Ursaluna|51/100|[from] Grassy Terrain
|upkeep
|turn|6
|inactive|KudenaVGC has 30 seconds left.
|inactive|Chknadobovgc has 30 seconds left.
|inactive|KudenaVGC has 20 seconds left.
|inactive|KudenaVGC has 15 seconds left.
|
|t:|1756904567
|switch|p1b: Annihilape|Annihilape, L50, M|100/100
|move|p2b: Excadrill|Iron Head|p1b: Annihilape
|-damage|p1b: Annihilape|60/100
|move|p2a: Tyranitar|Low Kick|p1a: Ursaluna
|-supereffective|p1a: Ursaluna
|-damage|p1a: Ursaluna|0 fnt
|faint|p1a: Ursaluna
|
|-heal|p2b: Excadrill|72/100|[from] Grassy Terrain
|-heal|p1b: Annihilape|66/100|[from] Grassy Terrain
|-heal|p2a: Tyranitar|45/100|[from] Grassy Terrain
|upkeep
|
|t:|1756904578
|switch|p1a: Rillaboom|Rillaboom, L50, M|23/100
|turn|7
|
|t:|1756904586
|move|p2b: Excadrill|Protect|p2b: Excadrill
|-singleturn|p2b: Excadrill|Protect
|move|p1a: Rillaboom|Grassy Glide|p2b: Excadrill
|-activate|p2b: Excadrill|move: Protect
|move|p1b: Annihilape|Drain Punch|p2b: Excadrill
|-activate|p2b: Excadrill|move: Protect
|move|p2a: Tyranitar|Low Kick|p1a: Rillaboom
|-damage|p1a: Rillaboom|0 fnt
|faint|p1a: Rillaboom
|
|-heal|p2b: Excadrill|78/100|[from] Grassy Terrain
|-heal|p1b: Annihilape|72/100|[from] Grassy Terrain
|-heal|p2a: Tyranitar|51/100|[from] Grassy Terrain
|upkeep
|turn|8
|
|t:|1756904600
|switch|p2b: Annihilape|Annihilape, L50, M, shiny|7/100
|-terastallize|p2a: Tyranitar|Flying
|move|p1b: Annihilape|Drain Punch|p2b: Annihilape
|-immune|p2b: Annihilape
|move|p2a: Tyranitar|Tera Blast|p1b: Annihilape|[anim] Tera Blast Flying
|-supereffective|p1b: Annihilape
|-damage|p1b: Annihilape|0 fnt
|faint|p1b: Annihilape
|
|win|Chknadobovgc
|raw|KudenaVGC's rating: 1295 → 1266(-29 for losing)
|raw|Chknadobovgc's rating: 1237 → 1266(+29 for winning)
|l|☆KudenaVGC
|player|p1|
