|j|☆marcosdeltasena31
|j|☆Marvcolor
|html|marcosdeltasena31Marvcolor    
|uhtml|bestof|Game 1 of a best-of-3
|t:|1784094246
|gametype|doubles
|player|p1|marcosdeltasena31|hilbert|1419
|player|p2|Marvcolor|giovanni|1310
|gen|9
|tier|[Gen 9 Champions] VGC 2026 Reg M-B (Bo3)
|rated|
|rule|Species Clause: Limit one of each Pokémon
|rule|Item Clause: Limit 1 of each item
|clearpoke
|poke|p1|Charizard, L50, M, shiny|
|poke|p1|Venusaur, L50, M|
|poke|p1|Pelipper, L50, M|
|poke|p1|Archaludon, L50, M|
|poke|p1|Grimmsnarl, L50, M|
|poke|p1|Basculegion, L50, M|
|poke|p2|Gengar, L50, M, shiny|
|poke|p2|Politoed, L50, F, shiny|
|poke|p2|Archaludon, L50, F, shiny|
|poke|p2|Swampert, L50, F, shiny|
|poke|p2|Incineroar, L50, F, shiny|
|poke|p2|Vivillon, L50, F, shiny|
|teampreview|4
|showteam|p1|Charizard||CharizarditeY|Blaze|Protect,HeatWave,WeatherBall,SolarBeam|Modest||M|||50|]Venusaur||FocusSash|Chlorophyll|Protect,SleepPowder,SludgeBomb,EarthPower|Modest||M|||50|]Pelipper||SitrusBerry|Drizzle|Hurricane,WeatherBall,Tailwind,WideGuard|Modest||M|||50|]Archaludon||Leftovers|Stamina|Protect,ElectroShot,DragonPulse,FlashCannon|Calm||M|||50|]Grimmsnarl||LightClay|Prankster|SpiritBreak,Reflect,LightScreen,PartingShot|Careful||M|||50|]Basculegion||ChoiceScarf|Adaptability|FlipTurn,WaveCrash,AquaJet,LastRespects|Jolly||M|||50|
|showteam|p2|Gengar||Gengarite|CursedBody|ShadowBall,SludgeBomb,PerishSong,Protect|Timid||M|||50|]Politoed||SitrusBerry|Drizzle|WeatherBall,PerishSong,Encore,Protect|Calm||F|||50|]Archaludon||Leftovers|Stamina|ElectroShot,DragonPulse,FlashCannon,Protect|Bold||F|||50|]Swampert||Swampertite|Damp|WaveCrash,Earthquake,IcePunch,Protect|Adamant||F|||50|]Incineroar||PasshoBerry|Intimidate|ThroatChop,PartingShot,Protect,FakeOut|Sassy||F|||50|]Vivillon||FocusSash|CompoundEyes|Hurricane,SleepPowder,RagePowder,Protect|Timid||F|||50|
|inactive|Battle timer is ON: inactive players will automatically lose when time's up. (requested by Marvcolor)
|inactive|Marvcolor has 60 seconds left.
|
|t:|1784094296
|teamsize|p1|4
|teamsize|p2|4
|start
|switch|p1a: Basculegion|Basculegion, L50, M|100/100
|switch|p1b: Pelipper|Pelipper, L50, M|100/100
|switch|p2a: 3R|Swampert, L50, F, shiny|100/100
|switch|p2b: Time Walk|Vivillon, L50, F, shiny|100/100
|-weather|RainDance|[from] ability: Drizzle|[of] p1b: Pelipper
|turn|1
|inactive|Marvcolor has 30 seconds left.
|inactive|Marvcolor has 20 seconds left.
|
|t:|1784094334
|detailschange|p2a: 3R|Swampert-Mega, L50, F, shiny
|-mega|p2a: 3R|Swampert|Swampertite
|move|p2a: 3R|Wave Crash|p1a: Basculegion
|-resisted|p1a: Basculegion|1
|-damage|p1a: Basculegion|23/100
|-damage|p2a: 3R|72/100|[from] Recoil
|move|p1a: Basculegion|Wave Crash|p2a: 3R
|-damage|p2a: 3R|0 fnt
|faint|p2a: 3R
|-damage|p1a: Basculegion|1/100|[from] Recoil
|move|p2b: Time Walk|Sleep Powder|p1b: Pelipper
|-status|p1b: Pelipper|slp|[from] move: Sleep Powder
|cant|p1b: Pelipper|slp
|
|-weather|RainDance|[upkeep]
|upkeep
|
|t:|1784094347
|switch|p2a: Connect|Politoed, L50, F, shiny|100/100
|turn|2
|
|t:|1784094363
|move|p1a: Basculegion|Wave Crash|p2b: Time Walk
|-enditem|p2b: Time Walk|Focus Sash
|-damage|p2b: Time Walk|1/100
|-damage|p1a: Basculegion|0 fnt|[from] Recoil
|faint|p1a: Basculegion
|move|p2b: Time Walk|Hurricane|p1b: Pelipper
|-damage|p1b: Pelipper|50/100g slp
|-start|p1b: Pelipper|confusion
|cant|p1b: Pelipper|slp
|move|p2a: Connect|Weather Ball|p1b: Pelipper
|-resisted|p1b: Pelipper|1
|-damage|p1b: Pelipper|23/100 slp
|-enditem|p1b: Pelipper|Sitrus Berry|[eat]
|-heal|p1b: Pelipper|48/100 slp|[from] item: Sitrus Berry
|
|-weather|RainDance|[upkeep]
|upkeep
|
|t:|1784094379
|switch|p1a: Archaludon|Archaludon, L50, M|100/100
|turn|3
|inactive|Marvcolor has 30 seconds left.
|
|t:|1784094405
|move|p2b: Time Walk|Sleep Powder|p1a: Archaludon
|-status|p1a: Archaludon|slp|[from] move: Sleep Powder
|cant|p1a: Archaludon|slp
|-curestatus|p1b: Pelipper|slp|[msg]
|-activate|p1b: Pelipper|confusion
|move|p1b: Pelipper|Hurricane|p2b: Time Walk
|-supereffective|p2b: Time Walk|1
|-damage|p2b: Time Walk|0 fnt
|faint|p2b: Time Walk
|move|p2a: Connect|Weather Ball|p1b: Pelipper
|-resisted|p1b: Pelipper|1
|-damage|p1b: Pelipper|19/100
|
|-weather|RainDance|[upkeep]
|upkeep
|
|t:|1784094417
|switch|p2b: Mankira|Incineroar, L50, F, shiny|100/100
|-ability|p2b: Mankira|Intimidate|boost
|-unboost|p1a: Archaludon|atk|1
|-unboost|p1b: Pelipper|atk|1
|turn|4
|
|t:|1784094426
|move|p2b: Mankira|Fake Out|p1b: Pelipper
|-damage|p1b: Pelipper|7/100
|cant|p1a: Archaludon|slp
|cant|p1b: Pelipper|flinch
|move|p2a: Connect|Weather Ball|p1b: Pelipper
|-resisted|p1b: Pelipper|1
|-damage|p1b: Pelipper|0 fnt
|faint|p1b: Pelipper
|
|-weather|RainDance|[upkeep]
|upkeep
|
|t:|1784094431
|switch|p1b: Charizard|Charizard, L50, M, shiny|100/100
|turn|5
|
|t:|1784094451
|move|p1b: Charizard|Weather Ball|p2b: Mankira
|-supereffective|p2b: Mankira|1
|-enditem|p2b: Mankira|Passho Berry|[eat]
|-enditem|p2b: Mankira|Passho Berry|[weaken]
|-damage|p2b: Mankira|69/100
|-curestatus|p1a: Archaludon|slp|[msg]
|move|p1a: Archaludon|Electro Shot||[still]
|-prepare|p1a: Archaludon|Electro Shot
|-boost|p1a: Archaludon|spa|1
|-anim|p1a: Archaludon|Electro Shot|p2a: Connect
|-supereffective|p2a: Connect|1
|-damage|p2a: Connect|14/100
|-enditem|p2a: Connect|Sitrus Berry|[eat]
|-heal|p2a: Connect|39/100|[from] item: Sitrus Berry
|move|p2a: Connect|Perish Song|p2a: Connect
|-start|p1a: Archaludon|perish3|[silent]
|-start|p1b: Charizard|perish3|[silent]
|-start|p2a: Connect|perish3|[silent]
|-start|p2b: Mankira|perish3|[silent]
|-fieldactivate|move: Perish Song
|move|p2b: Mankira|Parting Shot|p1a: Archaludon
|-unboost|p1a: Archaludon|atk|1
|-unboost|p1a: Archaludon|spa|1
|
|-weather|none
|-start|p1b: Charizard|perish3
|-start|p1a: Archaludon|perish3
|-start|p2a: Connect|perish3
|-start|p2b: Mankira|perish3
|upkeep
|turn|6
|inactive|marcosdeltasena31 has 30 seconds left.
|
|t:|1784094477
|detailschange|p1b: Charizard|Charizard-Mega-Y, L50, M, shiny
|-mega|p1b: Charizard|Charizard|Charizardite Y
|-weather|SunnyDay|[from] ability: Drought|[of] p1b: Charizard
|move|p2a: Connect|Protect|p2a: Connect
|-singleturn|p2a: Connect|Protect
|move|p2b: Mankira|Protect|p2b: Mankira
|-singleturn|p2b: Mankira|Protect
|move|p1b: Charizard|Solar Beam||[still]
|-prepare|p1b: Charizard|Solar Beam
|-anim|p1b: Charizard|Solar Beam|p2a: Connect
|-activate|p2a: Connect|move: Protect
|move|p1a: Archaludon|Dragon Pulse|p2b: Mankira
|-activate|p2b: Mankira|move: Protect
|
|-weather|SunnyDay|[upkeep]
|-start|p1b: Charizard|perish2
|-start|p1a: Archaludon|perish2
|-start|p2a: Connect|perish2
|-start|p2b: Mankira|perish2
|upkeep
|turn|7
|inactive|Marvcolor has 30 seconds left.
|
|t:|1784094507
|move|p1b: Charizard|Solar Beam||[still]
|-prepare|p1b: Charizard|Solar Beam
|-anim|p1b: Charizard|Solar Beam|p2a: Connect
|-supereffective|p2a: Connect|1
|-damage|p2a: Connect|0 fnt
|faint|p2a: Connect
|move|p1a: Archaludon|Dragon Pulse|p2b: Mankira
|-crit|p2b: Mankira
|-damage|p2b: Mankira|22/100
|move|p2b: Mankira|Parting Shot|p1a: Archaludon
|-unboost|p1a: Archaludon|atk|1
|-unboost|p1a: Archaludon|spa|1
|
|-weather|SunnyDay|[upkeep]
|-start|p1b: Charizard|perish1
|-start|p1a: Archaludon|perish1
|-start|p2b: Mankira|perish1
|upkeep
|turn|8
|
|t:|1784094521
|move|p2b: Mankira|Protect|p2b: Mankira
|-singleturn|p2b: Mankira|Protect
|move|p1b: Charizard|Weather Ball|p2b: Mankira
|-activate|p2b: Mankira|move: Protect
|move|p1a: Archaludon|Dragon Pulse|p2b: Mankira
|-activate|p2b: Mankira|move: Protect
|
|-weather|SunnyDay|[upkeep]
|-start|p1b: Charizard|perish0
|-start|p1a: Archaludon|perish0
|-start|p2b: Mankira|perish0
|faint|p1b: Charizard
|faint|p1a: Archaludon
|faint|p2b: Mankira
|
|win|Marvcolor
||marcosdeltasena31 is ready for game 2.
|inactive|Marvcolor has 30 seconds to confirm battle start!
||Marvcolor is ready for game 2.
|uhtml|next|Next: Game 2 of 3
|l|☆marcosdeltasena31
|player|p1|
