|j|☆gamer3DRider
|j|☆letcheflan
|html|gamer3DRiderletcheflan    
|uhtml|bestof|Game 1 of a best-of-3
|t:|1757656534
|gametype|doubles
|player|p1|gamer3DRider|266|1089
|player|p2|letcheflan|n|1120
|gen|9
|tier|[Gen 9] VGC 2025 Reg H (Bo3)
|rated|
|rule|Species Clause: Limit one of each Pokémon
|rule|Item Clause: Limit 1 of each item
|clearpoke
|poke|p1|Archaludon, L50, M|
|poke|p1|Tinkaton, L50, F|
|poke|p1|Gholdengo, L50|
|poke|p1|Basculegion, L50, M|
|poke|p1|Amoonguss, L50, M|
|poke|p1|Pelipper, L50, M|
|poke|p2|Azumarill, L50, F|
|poke|p2|Sinistcha, L50|
|poke|p2|Farigiraf, L50, F|
|poke|p2|Incineroar, L50, M|
|poke|p2|Ursaluna-Bloodmoon, L50, M|
|poke|p2|Dragonite, L50, F|
|teampreview|4
|showteam|p1|Archaludon||AssaultVest|Stamina|ElectroShot,FlashCannon,BodyPress,DracoMeteor|||M|||50|,,,,,Fairy]Tinkaton||Leftovers|OwnTempo|FakeOut,GigatonHammer,ThunderWave,PlayRough|||F|||50|,,,,,Ghost]Gholdengo||LifeOrb|GoodasGold|MakeItRain,NastyPlot,ShadowBall,Protect||||||50|,,,,,Fairy]Basculegion||ChoiceBand|SwiftSwim|FlipTurn,Liquidation,LastRespects,IceFang|||M|||50|,,,,,Water]Amoonguss||RockyHelmet|Regenerator|SludgeBomb,Protect,Spore,RagePowder|||M|||50|,,,,,Water]Pelipper||CovertCloak|Drizzle|WeatherBall,Hurricane,Protect,Tailwind|||M|||50|,,,,,Ground
|showteam|p2|Azumarill||SitrusBerry|HugePower|AquaJet,Liquidation,BellyDrum,Protect|||F|||50|,,,,,Poison]Sinistcha||Leftovers|Hospitality|MatchaGotcha,ShadowBall,RagePowder,LifeDew||||||50|,,,,,Water]Farigiraf||LumBerry|ArmorTail|Psychic,FoulPlay,HelpingHand,TrickRoom|||F|||50|,,,,,Grass]Incineroar||SafetyGoggles|Intimidate|FakeOut,FlareBlitz,KnockOff,PartingShot|||M|||50|,,,,,Ghost]Ursaluna-Bloodmoon||LifeOrb|MindsEye|BloodMoon,EarthPower,HyperVoice,Protect|||M|||50|,,,,,Normal]Dragonite||LoadedDice|Multiscale|ExtremeSpeed,ScaleShot,Tailwind,Protect|||F|||50|,,,,,Fairy
|inactive|Battle timer is ON: inactive players will automatically lose when time's up. (requested by gamer3DRider)
|
|t:|1757656561
|teamsize|p1|4
|teamsize|p2|4
|start
|switch|p1a: Basculegion|Basculegion, L50, M|100/100
|switch|p1b: Pelipper|Pelipper, L50, M|100/100
|switch|p2a: Luca's Farigiraf|Farigiraf, L50, F|100/100
|switch|p2b: Kiwi|Ursaluna-Bloodmoon, L50, M|100/100
|-weather|RainDance|[from] ability: Drizzle|[of] p1b: Pelipper
|turn|1
|inactive|gamer3DRider has 30 seconds left.
|
|t:|1757656590
|move|p2b: Kiwi|Protect|p2b: Kiwi
|-singleturn|p2b: Kiwi|Protect
|move|p1a: Basculegion|Flip Turn|p2b: Kiwi
|-activate|p2b: Kiwi|move: Protect
|move|p1b: Pelipper|Hurricane|p2a: Luca's Farigiraf
|-damage|p2a: Luca's Farigiraf|65/100
|move|p2a: Luca's Farigiraf|Trick Room|p2a: Luca's Farigiraf
|-fieldstart|move: Trick Room|[of] p2a: Luca's Farigiraf
|
|-weather|RainDance|[upkeep]
|upkeep
|turn|2
|
|t:|1757656610
|move|p2a: Luca's Farigiraf|Foul Play|p1a: Basculegion
|-supereffective|p1a: Basculegion
|-damage|p1a: Basculegion|22/100
|move|p1b: Pelipper|Hurricane|p2a: Luca's Farigiraf
|-crit|p2a: Luca's Farigiraf
|-damage|p2a: Luca's Farigiraf|10/100
|move|p2b: Kiwi|Hyper Voice|p1a: Basculegion|[spread] p1a,p1b
|-damage|p1a: Basculegion|0 fnt
|-damage|p1b: Pelipper|38/100
|faint|p1a: Basculegion
|-damage|p2b: Kiwi|91/100|[from] item: Life Orb
|
|-weather|RainDance|[upkeep]
|upkeep
|
|t:|1757656619
|switch|p1a: Archaludon|Archaludon, L50, M|100/100
|turn|3
|
|t:|1757656634
|switch|p2a: lil' retail|Sinistcha, L50|100/100
|-heal|p2b: Kiwi|100/100|[from] ability: Hospitality|[of] p2a: lil' retail
|move|p1b: Pelipper|Weather Ball|p2b: Kiwi
|-supereffective|p2b: Kiwi
|-damage|p2b: Kiwi|0 fnt
|faint|p2b: Kiwi
|move|p1a: Archaludon|Body Press|p2a: lil' retail
|-immune|p2a: lil' retail
|
|-weather|RainDance|[upkeep]
|upkeep
|inactive|letcheflan has 30 seconds left.
|inactive|letcheflan has 20 seconds left.
|
|t:|1757656670
|switch|p2b: mango|Azumarill, L50, F, shiny|100/100
|turn|4
|
|t:|1757656680
|move|p2a: lil' retail|Rage Powder|p2a: lil' retail
|-singleturn|p2a: lil' retail|move: Rage Powder
|move|p2b: mango|Belly Drum|p2b: mango
|-damage|p2b: mango|50/100
|-setboost|p2b: mango|atk|6|[from] move: Belly Drum
|-enditem|p2b: mango|Sitrus Berry|[eat]
|-heal|p2b: mango|75/100|[from] item: Sitrus Berry
|move|p1b: Pelipper|Hurricane|p2a: lil' retail
|-supereffective|p2a: lil' retail
|-damage|p2a: lil' retail|22/100
|move|p1a: Archaludon|Electro Shot||[still]
|-prepare|p1a: Archaludon|Electro Shot
|-boost|p1a: Archaludon|spa|1
|-anim|p1a: Archaludon|Electro Shot|p2a: lil' retail
|-resisted|p2a: lil' retail
|-damage|p2a: lil' retail|0 fnt
|faint|p2a: lil' retail
|
|-weather|RainDance|[upkeep]
|upkeep
|
|t:|1757656696
|switch|p2a: Luca's Farigiraf|Farigiraf, L50, F|10/100
|turn|5
|
|t:|1757656718
|move|p2b: mango|Liquidation|p1a: Archaludon
|-resisted|p1a: Archaludon
|-damage|p1a: Archaludon|0 fnt
|faint|p1a: Archaludon
|move|p2a: Luca's Farigiraf|Psychic|p1b: Pelipper
|-damage|p1b: Pelipper|0 fnt
|faint|p1b: Pelipper
|
|-weather|none
|-fieldend|move: Trick Room
|upkeep
|
|t:|1757656725
|switch|p1b: Gholdengo|Gholdengo, L50|100/100
|turn|6
|
|t:|1757656731
|move|p2b: mango|Aqua Jet|p1b: Gholdengo
|-damage|p1b: Gholdengo|0 fnt
|faint|p1b: Gholdengo
|
|win|letcheflan
|raw|gamer3DRider's rating: 1089 → 1068(-21 for losing)
|raw|letcheflan's rating: 1120 → 1143(+23 for winning)
|l|☆gamer3DRider
|player|p1|
|l|☆letcheflan
|player|p2|
|j|☆letcheflan
|player|p2|letcheflan|n|
|l|☆letcheflan
|player|p2|
