|j|☆DrXJ13
|j|☆potatoman09017
|html|DrXJ13potatoman09017    
|uhtml|bestof|Game 2 of a best-of-3
|t:|1756986937
|gametype|doubles
|player|p1|DrXJ13|102|1085
|player|p2|potatoman09017|265|1076
|gen|9
|tier|[Gen 9] VGC 2025 Reg H (Bo3)
|rated|
|rule|Species Clause: Limit one of each Pokémon
|rule|Item Clause: Limit 1 of each item
|clearpoke
|poke|p1|Sinistcha, L50|
|poke|p1|Ursaluna-Bloodmoon, L50, M|
|poke|p1|Incineroar, L50, M|
|poke|p1|Sneasler, L50, M|
|poke|p1|Dragonite, L50, F|
|poke|p1|Corviknight, L50, F|
|poke|p2|Bruxish, L50, F|
|poke|p2|Torkoal, L50, F|
|poke|p2|Maushold-Four, L50|
|poke|p2|Dragapult, L50, F|
|poke|p2|Porygon2, L50|
|poke|p2|Ursaluna, L50, F|
|teampreview|4
|showteam|p1|Sinistcha||RockyHelmet|Hospitality|MatchaGotcha,ShadowBall,TrickRoom,RagePowder||||||50|,,,,,Water]Ursaluna-Bloodmoon||Leftovers|MindsEye|HyperVoice,EarthPower,CalmMind,Protect|||M|||50|,,,,,Water]Incineroar||SafetyGoggles|Intimidate|FakeOut,KnockOff,FlareBlitz,PartingShot|||M|||50|,,,,,Ghost]Sneasler||FocusSash|Unburden|Coaching,DireClaw,CloseCombat,Protect|||M|||50|,,,,,Stellar]Dragonite||LoadedDice|Multiscale|ScaleShot,ExtremeSpeed,Haze,Protect|||F|||50|,,,,,Fairy]Corviknight||CovertCloak|MirrorArmor|DualWingbeat,Tailwind,IronHead,Taunt|||F|||50|,,,,,Dragon
|showteam|p2|Bruxish||FocusSash|Dazzling|PsychicFangs,AquaJet,TrickRoom,Protect|||F|||50|,,,,,Grass]Torkoal||WeaknessPolicy|Drought|Eruption,HeatWave,EarthPower,Protect|||F|||50|,,,,,Fire]Maushold-Four||WideLens|Technician|PopulationBomb,Taunt,FollowMe,Uturn||||||50|,,,,,Normal]Dragapult||LifeOrb|ClearBody|DragonDarts,Uturn,TeraBlast,Protect|||F|||50|,,,,,Ghost]Porygon2||Eviolite|Download|Thunderbolt,IceBeam,TrickRoom,Protect||||||50|,,,,,Normal]Ursaluna||FlameOrb|Guts|Facade,HeadlongRush,RockSlide,Protect|||F|||50|,,,,,Ghost
|inactive|Battle timer is ON: inactive players will automatically lose when time's up. (requested by DrXJ13)
|
|t:|1756986944
|teamsize|p1|4
|teamsize|p2|4
|start
|switch|p1a: Té (en) tazas|Sinistcha, L50|100/100
|switch|p1b: Wellington|Ursaluna-Bloodmoon, L50, M|100/100
|switch|p2a: Dragapult|Dragapult, L50, F|100/100
|switch|p2b: Maushold|Maushold-Four, L50|100/100
|turn|1
|inactive|DrXJ13 has 30 seconds left.
|
|t:|1756986969
|-terastallize|p2a: Dragapult|Ghost
|-terastallize|p1a: Té (en) tazas|Water
|move|p1a: Té (en) tazas|Rage Powder|p1a: Té (en) tazas
|-singleturn|p1a: Té (en) tazas|move: Rage Powder
|move|p2a: Dragapult|Tera Blast|p1a: Té (en) tazas|[anim] Tera Blast Ghost
|-damage|p1a: Té (en) tazas|40/100
|-damage|p2a: Dragapult|91/100|[from] item: Life Orb
|move|p2b: Maushold|Population Bomb|p1a: Té (en) tazas
|-damage|p1a: Té (en) tazas|30/100
|-damage|p2b: Maushold|84/100|[from] item: Rocky Helmet|[of] p1a: Té (en) tazas
|-damage|p1a: Té (en) tazas|20/100
|-damage|p2b: Maushold|68/100|[from] item: Rocky Helmet|[of] p1a: Té (en) tazas
|-damage|p1a: Té (en) tazas|9/100
|-damage|p2b: Maushold|52/100|[from] item: Rocky Helmet|[of] p1a: Té (en) tazas
|-crit|p1a: Té (en) tazas
|-damage|p1a: Té (en) tazas|0 fnt
|-damage|p2b: Maushold|36/100|[from] item: Rocky Helmet|[of] p1a: Té (en) tazas
|faint|p1a: Té (en) tazas
|-hitcount|p1: Té (en) tazas|4
|move|p1b: Wellington|Calm Mind|p1b: Wellington
|-boost|p1b: Wellington|spa|1
|-boost|p1b: Wellington|spd|1
|
|upkeep
|inactive|DrXJ13 has 30 seconds left.
|
|t:|1756986996
|switch|p1a: Toño|Incineroar, L50, M|100/100
|-ability|p1a: Toño|Intimidate|boost
|-fail|p2a: Dragapult|unboost|[from] ability: Clear Body|[of] p2a: Dragapult
|-unboost|p2b: Maushold|atk|1
|turn|2
|
|t:|1756987010
|move|p2a: Dragapult|Dragon Darts|p1b: Wellington
|-crit|p1b: Wellington
|-damage|p1b: Wellington|66/100
|-anim|p2a: Dragapult|Dragon Darts|p1a: Toño
|-damage|p1a: Toño|73/100
|-damage|p2a: Dragapult|81/100|[from] item: Life Orb
|move|p2b: Maushold|Population Bomb|p1b: Wellington
|-damage|p1b: Wellington|62/100
|-damage|p1b: Wellington|57/100
|-damage|p1b: Wellington|51/100
|-damage|p1b: Wellington|46/100
|-crit|p1b: Wellington
|-damage|p1b: Wellington|35/100
|-damage|p1b: Wellington|30/100
|-damage|p1b: Wellington|25/100
|-damage|p1b: Wellington|20/100
|-damage|p1b: Wellington|14/100
|-damage|p1b: Wellington|8/100
|-hitcount|p1b: Wellington|10
|move|p1a: Toño|Knock Off|p2b: Maushold
|-damage|p2b: Maushold|0 fnt
|-enditem|p2b: Maushold|Wide Lens|[from] move: Knock Off|[of] p1a: Toño
|faint|p2b: Maushold
|move|p1b: Wellington|Hyper Voice|p2a: Dragapult
|-damage|p2a: Dragapult|0 fnt
|faint|p2a: Dragapult
|
|-heal|p1b: Wellington|14/100|[from] item: Leftovers
|upkeep
|inactive|potatoman09017 has 30 seconds left.
|inactive|potatoman09017 has 20 seconds left.
|
|t:|1756987050
|switch|p2a: Porygon2|Porygon2, L50|100/100
|switch|p2b: Ursaluna|Ursaluna, L50, F|100/100
|-ability|p2a: Porygon2|Download|boost
|-boost|p2a: Porygon2|atk|1
|turn|3
|
|t:|1756987071
|move|p2b: Ursaluna|Protect|p2b: Ursaluna
|-singleturn|p2b: Ursaluna|Protect
|move|p1a: Toño|Knock Off|p2a: Porygon2
|-damage|p2a: Porygon2|75/100
|-enditem|p2a: Porygon2|Eviolite|[from] move: Knock Off|[of] p1a: Toño
|move|p1b: Wellington|Hyper Voice|p2b: Ursaluna|[spread] p2a
|-activate|p2b: Ursaluna|move: Protect
|-damage|p2a: Porygon2|37/100
|move|p2a: Porygon2|Trick Room|p2a: Porygon2
|-fieldstart|move: Trick Room|[of] p2a: Porygon2
|
|-heal|p1b: Wellington|21/100|[from] item: Leftovers
|-status|p2b: Ursaluna|brn|[from] item: Flame Orb
|upkeep
|turn|4
|inactive|potatoman09017 has 30 seconds left.
|inactive|potatoman09017 has 20 seconds left.
|
|t:|1756987107
|switch|p1a: Tuex|Sneasler, L50, M|100/100
|move|p1b: Wellington|Protect|p1b: Wellington
|-singleturn|p1b: Wellington|Protect
|move|p2b: Ursaluna|Rock Slide|p1a: Tuex|[spread] p1a
|-activate|p1b: Wellington|move: Protect
|-resisted|p1a: Tuex
|-damage|p1a: Tuex|70/100
|move|p2a: Porygon2|Thunderbolt|p1a: Tuex
|-damage|p1a: Tuex|38/100
|
|-heal|p1b: Wellington|27/100|[from] item: Leftovers
|-damage|p2b: Ursaluna|95/100 brn|[from] brn
|upkeep
|turn|5
|inactive|DrXJ13 has 30 seconds left.
|inactive|DrXJ13 has 20 seconds left.
|
|t:|1756987146
|move|p2b: Ursaluna|Facade|p1b: Wellington
|-damage|p1b: Wellington|0 fnt
|faint|p1b: Wellington
|move|p2a: Porygon2|Thunderbolt|p1a: Tuex
|-damage|p1a: Tuex|9/100
|move|p1a: Tuex|Close Combat|p2b: Ursaluna
|-supereffective|p2b: Ursaluna
|-damage|p2b: Ursaluna|11/100 brn
|-unboost|p1a: Tuex|def|1
|-unboost|p1a: Tuex|spd|1
|
|-damage|p2b: Ursaluna|5/100 brn|[from] brn
|upkeep
|
|t:|1756987151
|switch|p1b: Toño|Incineroar, L50, M|73/100
|-ability|p1b: Toño|Intimidate|boost
|-unboost|p2a: Porygon2|atk|1
|-unboost|p2b: Ursaluna|atk|1
|turn|6
|
|t:|1756987158
|move|p1a: Tuex|Protect|p1a: Tuex
|-singleturn|p1a: Tuex|Protect
|move|p1b: Toño|Fake Out|p2b: Ursaluna
|-damage|p2b: Ursaluna|0 fnt
|faint|p2b: Ursaluna
|move|p2a: Porygon2|Thunderbolt|p1a: Tuex
|-activate|p1a: Tuex|move: Protect
|
|upkeep
|turn|7
|
|t:|1756987169
|move|p2a: Porygon2|Thunderbolt|p1b: Toño
|-damage|p1b: Toño|55/100
|move|p1b: Toño|Flare Blitz|p2a: Porygon2
|-damage|p2a: Porygon2|0 fnt
|faint|p2a: Porygon2
|-damage|p1b: Toño|43/100|[from] Recoil
|
|win|DrXJ13
|raw|DrXJ13's rating: 1085 → 1112(+27 for winning)
|raw|potatoman09017's rating: 1076 → 1055(-21 for losing)
|l|☆potatoman09017
|player|p2|
