|j|☆HADES055
|j|☆ShadowJeffX
|html|HADES055ShadowJeffX    
|uhtml|bestof|Game 1 of a best-of-3
|t:|1757738323
|gametype|doubles
|player|p1|HADES055|pokemaniac|1142
|player|p2|ShadowJeffX|ethan|1138
|gen|9
|tier|[Gen 9] VGC 2025 Reg H (Bo3)
|rated|
|rule|Species Clause: Limit one of each Pokémon
|rule|Item Clause: Limit 1 of each item
|clearpoke
|poke|p1|Gholdengo, L50|
|poke|p1|Sneasler, L50, M|
|poke|p1|Rillaboom, L50, M|
|poke|p1|Dragonite, L50, M|
|poke|p1|Ninetales-Alola, L50, F|
|poke|p1|Arcanine-Hisui, L50, M|
|poke|p2|Excadrill, L50, M|
|poke|p2|Tyranitar, L50, F|
|poke|p2|Sneasler, L50, F|
|poke|p2|Indeedee, L50, M|
|poke|p2|Dondozo, L50, F|
|poke|p2|Tatsugiri, L50, F|
|teampreview|4
|showteam|p1|Gholdengo||GrassySeed|GoodasGold|NastyPlot,MakeItRain,ShadowBall,Protect||||||50|,,,,,Water]Sneasler||WhiteHerb|Unburden|CloseCombat,DireClaw,Coaching,Protect|||M|||50|,,,,,Ghost]Rillaboom||AssaultVest|GrassySurge|FakeOut,GrassyGlide,DrumBeating,HighHorsepower|||M|||50|,,,,,Fire]Dragonite||LoadedDice|Multiscale|ScaleShot,StompingTantrum,Tailwind,Protect|||M|||50|,,,,,Ground]Ninetales-Alola||FocusSash|SnowWarning|Blizzard,IcyWind,Encore,AuroraVeil|||F|||50|,,,,,Ghost]Arcanine-Hisui||ClearAmulet|Intimidate|RockSlide,FlareBlitz,ExtremeSpeed,Protect|||M|||50|,,,,,Water
|showteam|p2|Excadrill||FocusSash|SandRush|IronHead,HighHorsepower,Earthquake,Protect|||M|||50|,,,,,Stellar]Tyranitar||AssaultVest|SandStream|RockSlide,KnockOff,TeraBlast,LowKick|||F|||50|,,,,,Flying]Sneasler||PsychicSeed|Unburden|DireClaw,CloseCombat,ThroatChop,Protect|||F|||50|,,,,,Dark]Indeedee||ChoiceScarf|PsychicSurge|ExpandingForce,TeraBlast,Protect,Trick|||M|||50|,,,,,Psychic]Dondozo||Leftovers|Unaware|Earthquake,WaveCrash,Protect,OrderUp|||F|||50|,,,,,Grass]Tatsugiri||LifeOrb|Commander|MuddyWater,DracoMeteor,DragonPulse,Protect|||F|||50|,,,,,Dragon
|inactive|Battle timer is ON: inactive players will automatically lose when time's up. (requested by HADES055)
|
|t:|1757738346
|teamsize|p1|4
|teamsize|p2|4
|start
|switch|p1a: Gholdengo|Gholdengo, L50|100/100
|switch|p1b: Rillaboom|Rillaboom, L50, M|100/100
|switch|p2a: Sneasler|Sneasler, L50, F|100/100
|switch|p2b: Indeedee|Indeedee, L50, M|100/100
|-fieldstart|move: Psychic Terrain|[from] ability: Psychic Surge|[of] p2b: Indeedee
|-enditem|p2a: Sneasler|Psychic Seed
|-boost|p2a: Sneasler|spd|1|[from] item: Psychic Seed
|-fieldstart|move: Grassy Terrain|[from] ability: Grassy Surge|[of] p1b: Rillaboom
|-enditem|p1a: Gholdengo|Grassy Seed
|-boost|p1a: Gholdengo|def|1|[from] item: Grassy Seed
|turn|1
|inactive|ShadowJeffX has 30 seconds left.
|inactive|HADES055 has 30 seconds left.
|inactive|ShadowJeffX has 20 seconds left.
|inactive|HADES055 has 20 seconds left.
|
|t:|1757738391
|switch|p2a: Dondozo|Dondozo, L50, F|100/100
|switch|p2b: Tatsugiri|Tatsugiri, L50, F|100/100
|-activate|p2b: Tatsugiri|ability: Commander|[of] p2a: Dondozo
|-boost|p2a: Dondozo|atk|2
|-boost|p2a: Dondozo|spa|2
|-boost|p2a: Dondozo|spe|2
|-boost|p2a: Dondozo|def|2
|-boost|p2a: Dondozo|spd|2
|switch|p1b: Arcanine|Arcanine-Hisui, L50, M|100/100
|-ability|p1b: Arcanine|Intimidate|boost
|-unboost|p2a: Dondozo|atk|1
|-unboost|p2b: Tatsugiri|atk|1
|move|p1a: Gholdengo|Protect||[still]
|-fail|p1a: Gholdengo
|
|upkeep
|turn|2
|inactive|HADES055 has 30 seconds left.
|
|t:|1757738423
|switch|p1b: Ninetales|Ninetales-Alola, L50, F|100/100
|-weather|Snowscape|[from] ability: Snow Warning|[of] p1b: Ninetales
|-terastallize|p1a: Gholdengo|Water
|move|p2a: Dondozo|Order Up|p1b: Ninetales
|-immune|p1b: Ninetales
|move|p1a: Gholdengo|Shadow Ball|p2a: Dondozo
|-damage|p2a: Dondozo|83/100
|
|-weather|Snowscape|[upkeep]
|-heal|p2a: Dondozo|89/100|[from] Grassy Terrain
|-heal|p2a: Dondozo|95/100|[from] item: Leftovers
|upkeep
|turn|3
|
|t:|1757738443
|move|p2a: Dondozo|Order Up|p1a: Gholdengo
|-damage|p1a: Gholdengo|71/100
|-boost|p2a: Dondozo|atk|1
|move|p1b: Ninetales|Aurora Veil|p1b: Ninetales
|-sidestart|p1: HADES055|move: Aurora Veil
|move|p1a: Gholdengo|Nasty Plot|p1a: Gholdengo
|-boost|p1a: Gholdengo|spa|2
|
|-weather|Snowscape|[upkeep]
|-heal|p2a: Dondozo|100/100|[from] Grassy Terrain
|-heal|p1a: Gholdengo|77/100|[from] Grassy Terrain
|upkeep
|turn|4
|
|t:|1757738456
|switch|p1b: Arcanine|Arcanine-Hisui, L50, M|100/100
|-ability|p1b: Arcanine|Intimidate|boost
|-unboost|p2a: Dondozo|atk|1
|-unboost|p2b: Tatsugiri|atk|1
|move|p2a: Dondozo|Order Up|p1a: Gholdengo
|-damage|p1a: Gholdengo|58/100
|-boost|p2a: Dondozo|atk|1
|move|p1a: Gholdengo|Shadow Ball|p2a: Dondozo
|-damage|p2a: Dondozo|83/100
|
|-weather|Snowscape|[upkeep]
|-heal|p2a: Dondozo|89/100|[from] Grassy Terrain
|-heal|p2a: Dondozo|95/100|[from] item: Leftovers
|-heal|p1a: Gholdengo|65/100|[from] Grassy Terrain
|upkeep
|turn|5
|
|t:|1757738474
|switch|p1b: Rillaboom|Rillaboom, L50, M|100/100
|move|p2a: Dondozo|Order Up|p1a: Gholdengo
|-damage|p1a: Gholdengo|40/100
|-boost|p2a: Dondozo|atk|1
|move|p1a: Gholdengo|Shadow Ball|p2a: Dondozo
|-damage|p2a: Dondozo|77/100
|
|-weather|Snowscape|[upkeep]
|-heal|p2a: Dondozo|84/100|[from] Grassy Terrain
|-heal|p2a: Dondozo|90/100|[from] item: Leftovers
|-heal|p1a: Gholdengo|46/100|[from] Grassy Terrain
|-fieldend|move: Grassy Terrain
|upkeep
|turn|6
|
|t:|1757738492
|move|p2a: Dondozo|Protect|p2a: Dondozo
|-singleturn|p2a: Dondozo|Protect
|move|p1b: Rillaboom|Fake Out|p2a: Dondozo
|-activate|p2a: Dondozo|move: Protect
|move|p1a: Gholdengo|Nasty Plot|p1a: Gholdengo
|-boost|p1a: Gholdengo|spa|2
|
|-weather|none
|-heal|p2a: Dondozo|96/100|[from] item: Leftovers
|upkeep
|turn|7
|
|t:|1757738504
|move|p1a: Gholdengo|Protect|p1a: Gholdengo
|-singleturn|p1a: Gholdengo|Protect
|move|p2a: Dondozo|Earthquake|p1b: Rillaboom|[spread] p1b
|-miss|p2a: Dondozo|p2b: Tatsugiri
|-activate|p1a: Gholdengo|move: Protect
|-resisted|p1b: Rillaboom
|-damage|p1b: Rillaboom|85/100
|move|p1b: Rillaboom|Drum Beating|p2a: Dondozo
|-supereffective|p2a: Dondozo
|-damage|p2a: Dondozo|70/100
|-unboost|p2a: Dondozo|spe|1
|
|-heal|p2a: Dondozo|76/100|[from] item: Leftovers
|-sideend|p1: HADES055|move: Aurora Veil
|upkeep
|turn|8
|
|t:|1757738525
|move|p1b: Rillaboom|Drum Beating|p2a: Dondozo
|-supereffective|p2a: Dondozo
|-damage|p2a: Dondozo|49/100
|-unboost|p2a: Dondozo|spe|1
|move|p1a: Gholdengo|Shadow Ball|p2a: Dondozo
|-damage|p2a: Dondozo|33/100
|-unboost|p2a: Dondozo|spd|1
|move|p2a: Dondozo|Order Up|p1b: Rillaboom
|-damage|p1b: Rillaboom|36/100
|-boost|p2a: Dondozo|atk|1
|
|-heal|p2a: Dondozo|39/100|[from] item: Leftovers
|upkeep
|turn|9
|inactive|ShadowJeffX has 30 seconds left.
|
|t:|1757738550
|move|p2a: Dondozo|Protect|p2a: Dondozo
|-singleturn|p2a: Dondozo|Protect
|move|p1b: Rillaboom|Drum Beating|p2a: Dondozo
|-activate|p2a: Dondozo|move: Protect
|move|p1a: Gholdengo|Shadow Ball|p2a: Dondozo
|-activate|p2a: Dondozo|move: Protect
|
|-heal|p2a: Dondozo|45/100|[from] item: Leftovers
|upkeep
|turn|10
|
|t:|1757738564
|-terastallize|p2a: Dondozo|Grass
|move|p1b: Rillaboom|Drum Beating|p2a: Dondozo
|-resisted|p2a: Dondozo
|-damage|p2a: Dondozo|39/100
|-unboost|p2a: Dondozo|spe|1
|move|p1a: Gholdengo|Shadow Ball|p2a: Dondozo
|-damage|p2a: Dondozo|13/100
|-unboost|p2a: Dondozo|spd|1
|move|p2a: Dondozo|Order Up|p1b: Rillaboom
|-damage|p1b: Rillaboom|0 fnt
|faint|p1b: Rillaboom
|-boost|p2a: Dondozo|atk|1
|
|-heal|p2a: Dondozo|20/100|[from] item: Leftovers
|upkeep
|
|t:|1757738574
|switch|p1b: Ninetales|Ninetales-Alola, L50, F|100/100
|-weather|Snowscape|[from] ability: Snow Warning|[of] p1b: Ninetales
|turn|11
|
|t:|1757738587
|move|p2a: Dondozo|Protect|p2a: Dondozo
|-singleturn|p2a: Dondozo|Protect
|move|p1b: Ninetales|Blizzard|p2b: Tatsugiri|[spread] 
|-miss|p1b: Ninetales|p2b: Tatsugiri
|-activate|p2a: Dondozo|move: Protect
|move|p1a: Gholdengo|Nasty Plot|p1a: Gholdengo
|-boost|p1a: Gholdengo|spa|2
|
|-weather|Snowscape|[upkeep]
|-heal|p2a: Dondozo|26/100|[from] item: Leftovers
|upkeep
|turn|12
|
|t:|1757738601
|move|p1b: Ninetales|Blizzard|p2a: Dondozo|[spread] p2a
|-miss|p1b: Ninetales|p2b: Tatsugiri
|-supereffective|p2a: Dondozo
|-damage|p2a: Dondozo|0 fnt
|faint|p2a: Dondozo
|move|p1a: Gholdengo|Shadow Ball|p2b: Tatsugiri
|-damage|p2b: Tatsugiri|0 fnt
|faint|p2b: Tatsugiri
|
|-weather|Snowscape|[upkeep]
|upkeep
|
|t:|1757738611
|switch|p2b: Sneasler|Sneasler, L50, F|100/100
|switch|p2a: Indeedee|Indeedee, L50, M|100/100
|-fieldstart|move: Psychic Terrain|[from] ability: Psychic Surge|[of] p2a: Indeedee
|turn|13
|inactive|HADES055 has 30 seconds left.
|
|t:|1757738639
|move|p1a: Gholdengo|Protect|p1a: Gholdengo
|-singleturn|p1a: Gholdengo|Protect
|move|p2a: Indeedee|Expanding Force|p1a: Gholdengo|[spread] p1b
|-activate|p1a: Gholdengo|move: Protect
|-damage|p1b: Ninetales|31/100
|move|p2b: Sneasler|Dire Claw|p1b: Ninetales
|-supereffective|p1b: Ninetales
|-damage|p1b: Ninetales|0 fnt
|faint|p1b: Ninetales
|
|-weather|Snowscape|[upkeep]
|upkeep
|
|t:|1757738655
|switch|p1b: Arcanine|Arcanine-Hisui, L50, M|100/100
|-ability|p1b: Arcanine|Intimidate|boost
|-unboost|p2a: Indeedee|atk|1
|-unboost|p2b: Sneasler|atk|1
|turn|14
|
|t:|1757738669
|move|p2a: Indeedee|Expanding Force|p1a: Gholdengo|[spread] p1a,p1b
|-damage|p1a: Gholdengo|0 fnt
|-damage|p1b: Arcanine|30/100
|faint|p1a: Gholdengo
|move|p2b: Sneasler|Close Combat|p1b: Arcanine
|-supereffective|p1b: Arcanine
|-damage|p1b: Arcanine|0 fnt
|-unboost|p2b: Sneasler|def|1
|-unboost|p2b: Sneasler|spd|1
|faint|p1b: Arcanine
|
|win|ShadowJeffX
||HADES055 is ready for game 2.
||ShadowJeffX is ready for game 2.
|uhtml|next|Next: Game 2 of 3
|l|☆HADES055
|player|p1|
|l|☆ShadowJeffX
|player|p2|
