|j|☆Voldemorten
|j|☆mysteryperson101
|html|Voldemortenmysteryperson101    
|uhtml|bestof|Game 3 of a best-of-3
|t:|1783457825
|gametype|doubles
|player|p1|Voldemorten|rocketgrunt|1108
|player|p2|mysteryperson101|lucas|1154
|gen|9
|tier|[Gen 9 Champions] VGC 2026 Reg M-B (Bo3)
|rated|
|rule|Species Clause: Limit one of each Pokémon
|rule|Item Clause: Limit 1 of each item
|clearpoke
|poke|p1|Garbodor, L50, M|
|poke|p1|Farigiraf, L50, M|
|poke|p1|Incineroar, L50, M, shiny|
|poke|p1|Basculegion-F, L50, F|
|poke|p1|Sinistcha, L50|
|poke|p1|Clefable, L50, F|
|poke|p2|Sinistcha, L50|
|poke|p2|Garchomp, L50, F|
|poke|p2|Metagross, L50|
|poke|p2|Charizard, L50, F|
|poke|p2|Sylveon, L50, M|
|poke|p2|Toxapex, L50, F|
|teampreview|4
|showteam|p1|Garbodor||Leftovers|Stench|Curse,PoisonJab,DrainPunch,Protect|Adamant||M|||50|]Farigiraf||ColburBerry|ArmorTail|TwinBeam,TrickRoom,HelpingHand,Protect|Bold||M|||50|]Incineroar||ChopleBerry|Intimidate|FlareBlitz,FakeOut,PartingShot,ThroatChop|Adamant||M|||50|]Basculegion-F||LifeOrb|Adaptability|MuddyWater,AquaJet,ShadowBall,Protect|Quiet||F|||50|]Sinistcha||SitrusBerry|Hospitality|RagePowder,TrickRoom,MatchaGotcha,LifeDew|Relaxed|||||50|]Clefable||Clefablite|Unaware|DazzlingGleam,IceBeam,CalmMind,Protect|Modest||F|||50|
|showteam|p2|Sinistcha||OccaBerry|Hospitality|RagePowder,MatchaGotcha,LifeDew,StrengthSap|Sassy|||||50|]Garchomp||SitrusBerry|RoughSkin|Earthquake,RockSlide,DragonClaw,Protect|Adamant||F|||50|]Metagross||Metagrossite|ClearBody|IronHead,HammerArm,BulletPunch,Protect|Adamant|||||50|]Charizard||CharizarditeY|Blaze|Protect,HeatWave,SolarBeam,WeatherBall|Timid||F|||50|]Sylveon||FairyFeather|Pixilate|Protect,HyperBeam,HyperVoice,QuickAttack|Quiet||M|||50|]Toxapex||Leftovers|Regenerator|Infestation,Toxic,BanefulBunker,WideGuard|Bold||F|||50|
|inactive|Battle timer is ON: inactive players will automatically lose when time's up. (requested by Voldemorten)
|
|t:|1783457849
|teamsize|p1|4
|teamsize|p2|4
|start
|switch|p1a: Danni-B|Incineroar, L50, M, shiny|100/100
|switch|p1b: Farigiraf|Farigiraf, L50, M|100/100
|switch|p2a: Charizard|Charizard, L50, F|100/100
|switch|p2b: Sylveon|Sylveon, L50, M|100/100
|-ability|p1a: Danni-B|Intimidate|boost
|-unboost|p2a: Charizard|atk|1
|-unboost|p2b: Sylveon|atk|1
|turn|1
|
|t:|1783457865
|detailschange|p2a: Charizard|Charizard-Mega-Y, L50, F
|-mega|p2a: Charizard|Charizard|Charizardite Y
|-weather|SunnyDay|[from] ability: Drought|[of] p2a: Charizard
|move|p2a: Charizard|Heat Wave|p1a: Danni-B|[spread] p1a,p1b
|-resisted|p1a: Danni-B|1
|-damage|p1a: Danni-B|72/100
|-damage|p1b: Farigiraf|46/100
|move|p1a: Danni-B|Flare Blitz|p2b: Sylveon
|-damage|p2b: Sylveon|0 fnt
|faint|p2b: Sylveon
|-damage|p1a: Danni-B|41/100|[from] Recoil
|move|p1b: Farigiraf|Trick Room|p1b: Farigiraf
|-fieldstart|move: Trick Room|[of] p1b: Farigiraf
|
|-weather|SunnyDay|[upkeep]
|upkeep
|
|t:|1783457868
|switch|p2b: Garchomp|Garchomp, L50, F|100/100
|turn|2
|inactive|Voldemorten has 30 seconds left.
|
|t:|1783457898
|move|p1b: Farigiraf|Twin Beam|p2b: Garchomp
|-damage|p2b: Garchomp|84/100
|-damage|p2b: Garchomp|71/100
|-hitcount|p2b: Garchomp|2
|move|p1a: Danni-B|Throat Chop|p2b: Garchomp
|-damage|p2b: Garchomp|36/100
|-start|p2b: Garchomp|Throat Chop|[silent]
|-damage|p1a: Danni-B|28/100|[from] ability: Rough Skin|[of] p2b: Garchomp
|-enditem|p2b: Garchomp|Sitrus Berry|[eat]
|-heal|p2b: Garchomp|61/100|[from] item: Sitrus Berry
|move|p2b: Garchomp|Earthquake|p1b: Farigiraf|[spread] p1a,p1b
|-immune|p2a: Charizard
|-supereffective|p1a: Danni-B|1
|-damage|p1a: Danni-B|0 fnt
|-damage|p1b: Farigiraf|16/100
|faint|p1a: Danni-B
|move|p2a: Charizard|Heat Wave|p1b: Farigiraf
|-damage|p1b: Farigiraf|0 fnt
|faint|p1b: Farigiraf
|
|-weather|SunnyDay|[upkeep]
|upkeep
|
|t:|1783457903
|switch|p1b: Garbodor|Garbodor, L50, M|100/100
|switch|p1a: Basculegion|Basculegion-F, L50, F|100/100
|turn|3
|
|t:|1783457912
|move|p1a: Basculegion|Shadow Ball|p2b: Garchomp
|-damage|p2b: Garchomp|0 fnt
|faint|p2b: Garchomp
|-damage|p1a: Basculegion|90/100|[from] item: Life Orb
|move|p1b: Garbodor|Poison Jab|p2a: Charizard
|-damage|p2a: Charizard|56/100
|move|p2a: Charizard|Solar Beam||[still]
|-prepare|p2a: Charizard|Solar Beam
|-anim|p2a: Charizard|Solar Beam|p1a: Basculegion
|-supereffective|p1a: Basculegion|1
|-damage|p1a: Basculegion|3/100
|
|-weather|SunnyDay|[upkeep]
|upkeep
|
|t:|1783457915
|switch|p2b: Toxapex|Toxapex, L50, F|100/100
|turn|4
|
|t:|1783457927
|move|p1a: Basculegion|Protect|p1a: Basculegion
|-singleturn|p1a: Basculegion|Protect
|move|p2a: Charizard|Protect|p2a: Charizard
|-singleturn|p2a: Charizard|Protect
|move|p2b: Toxapex|Infestation|p1a: Basculegion
|-activate|p1a: Basculegion|move: Protect
|move|p1b: Garbodor|Poison Jab|p2a: Charizard
|-activate|p2a: Charizard|move: Protect
|
|-weather|SunnyDay|[upkeep]
|upkeep
|turn|5
|
|t:|1783457943
|move|p2b: Toxapex|Infestation|p1a: Basculegion
|-resisted|p1a: Basculegion|1
|-damage|p1a: Basculegion|2/100
|-activate|p1a: Basculegion|move: Infestation|[of] p2b: Toxapex
|move|p1a: Basculegion|Shadow Ball|p2a: Charizard
|-damage|p2a: Charizard|0 fnt
|faint|p2a: Charizard
|-damage|p1a: Basculegion|0 fnt|[from] item: Life Orb
|faint|p1a: Basculegion
|move|p1b: Garbodor|Poison Jab|p2b: Toxapex
|-resisted|p2b: Toxapex|1
|-damage|p2b: Toxapex|87/100
|
|-weather|none
|-heal|p2b: Toxapex|92/100|[from] item: Leftovers
|-fieldend|move: Trick Room
|upkeep
|turn|6
|
|t:|1783457957
|move|p1b: Garbodor|Curse|p1b: Garbodor
|-unboost|p1b: Garbodor|spe|1
|-boost|p1b: Garbodor|atk|1
|-boost|p1b: Garbodor|def|1
|move|p2b: Toxapex|Infestation|p1b: Garbodor
|-resisted|p1b: Garbodor|1
|-damage|p1b: Garbodor|98/100
|-activate|p1b: Garbodor|move: Infestation|[of] p2b: Toxapex
|
|-heal|p1b: Garbodor|100/100|[from] item: Leftovers
|-heal|p2b: Toxapex|98/100|[from] item: Leftovers
|-damage|p1b: Garbodor|88/100|[from] move: Infestation|[partiallytrapped]
|upkeep
|turn|7
|
|t:|1783457964
|move|p1b: Garbodor|Curse|p1b: Garbodor
|-unboost|p1b: Garbodor|spe|1
|-boost|p1b: Garbodor|atk|1
|-boost|p1b: Garbodor|def|1
|move|p2b: Toxapex|Infestation|p1b: Garbodor
|-resisted|p1b: Garbodor|1
|-damage|p1b: Garbodor|86/100
|
|-heal|p2b: Toxapex|100/100|[from] item: Leftovers
|-heal|p1b: Garbodor|92/100|[from] item: Leftovers
|-damage|p1b: Garbodor|80/100|[from] move: Infestation|[partiallytrapped]
|upkeep
|turn|8
|
|t:|1783457967
|move|p2b: Toxapex|Baneful Bunker|p2b: Toxapex
|-singleturn|p2b: Toxapex|move: Protect
|move|p1b: Garbodor|Curse|p1b: Garbodor
|-unboost|p1b: Garbodor|spe|1
|-boost|p1b: Garbodor|atk|1
|-boost|p1b: Garbodor|def|1
|
|-heal|p1b: Garbodor|85/100|[from] item: Leftovers
|-damage|p1b: Garbodor|73/100|[from] move: Infestation|[partiallytrapped]
|upkeep
|turn|9
|
|t:|1783457974
|move|p2b: Toxapex|Infestation|p1b: Garbodor
|-resisted|p1b: Garbodor|1
|-damage|p1b: Garbodor|72/100
|move|p1b: Garbodor|Drain Punch|p2b: Toxapex
|-resisted|p2b: Toxapex|1
|-damage|p2b: Toxapex|79/100
|-heal|p1b: Garbodor|81/100|[from] drain|[of] p2b: Toxapex
|
|-heal|p2b: Toxapex|85/100|[from] item: Leftovers
|-heal|p1b: Garbodor|86/100|[from] item: Leftovers
|-damage|p1b: Garbodor|74/100|[from] move: Infestation|[partiallytrapped]
|upkeep
|turn|10
|
|t:|1783457978
|move|p2b: Toxapex|Infestation|p1b: Garbodor
|-resisted|p1b: Garbodor|1
|-damage|p1b: Garbodor|73/100
|move|p1b: Garbodor|Curse|p1b: Garbodor
|-unboost|p1b: Garbodor|spe|1
|-boost|p1b: Garbodor|atk|1
|-boost|p1b: Garbodor|def|1
|
|-heal|p2b: Toxapex|91/100|[from] item: Leftovers
|-heal|p1b: Garbodor|78/100|[from] item: Leftovers
|-end|p1b: Garbodor|Infestation|[partiallytrapped]
|upkeep
|turn|11
|
|t:|1783457983
|move|p2b: Toxapex|Baneful Bunker|p2b: Toxapex
|-singleturn|p2b: Toxapex|move: Protect
|move|p1b: Garbodor|Curse|p1b: Garbodor
|-unboost|p1b: Garbodor|spe|1
|-boost|p1b: Garbodor|atk|1
|-boost|p1b: Garbodor|def|1
|
|-heal|p2b: Toxapex|96/100|[from] item: Leftovers
|-heal|p1b: Garbodor|84/100|[from] item: Leftovers
|upkeep
|turn|12
|
|t:|1783457987
|move|p2b: Toxapex|Infestation|p1b: Garbodor
|-resisted|p1b: Garbodor|1
|-damage|p1b: Garbodor|82/100
|-activate|p1b: Garbodor|move: Infestation|[of] p2b: Toxapex
|move|p1b: Garbodor|Drain Punch|p2b: Toxapex
|-resisted|p2b: Toxapex|1
|-crit|p2b: Toxapex
|-damage|p2b: Toxapex|54/100
|-heal|p1b: Garbodor|100/100|[from] drain|[of] p2b: Toxapex
|
|-heal|p2b: Toxapex|59/100|[from] item: Leftovers
|-damage|p1b: Garbodor|88/100|[from] move: Infestation|[partiallytrapped]
|upkeep
|turn|13
|
|t:|1783457990
|move|p2b: Toxapex|Baneful Bunker|p2b: Toxapex
|-singleturn|p2b: Toxapex|move: Protect
|move|p1b: Garbodor|Curse|p1b: Garbodor
|-unboost|p1b: Garbodor|spe|1
|-boost|p1b: Garbodor|atk|1
|-boost|p1b: Garbodor|def|1
|
|-heal|p2b: Toxapex|65/100|[from] item: Leftovers
|-heal|p1b: Garbodor|93/100|[from] item: Leftovers
|-damage|p1b: Garbodor|81/100|[from] move: Infestation|[partiallytrapped]
|upkeep
|turn|14
|
|t:|1783458001
|move|p2b: Toxapex|Infestation|p1b: Garbodor
|-resisted|p1b: Garbodor|1
|-damage|p1b: Garbodor|80/100
|move|p1b: Garbodor|Poison Jab|p2b: Toxapex
|-resisted|p2b: Toxapex|1
|-damage|p2b: Toxapex|21/100
|
|-heal|p2b: Toxapex|27/100|[from] item: Leftovers
|-heal|p1b: Garbodor|85/100|[from] item: Leftovers
|-damage|p1b: Garbodor|73/100|[from] move: Infestation|[partiallytrapped]
|upkeep
|turn|15
|l|☆mysteryperson101
|inactive|mysteryperson101 disconnected and has a minute to reconnect!
|player|p2|
|inactive|mysteryperson101 has 30 seconds left.
|inactive|mysteryperson101 has 20 seconds left.
|inactive|mysteryperson101 has 15 seconds left.
|inactive|mysteryperson101 has 10 seconds left.
|inactive|mysteryperson101 has 5 seconds left.
|-message|mysteryperson101 lost due to inactivity.
|
|win|Voldemorten
|raw|Voldemorten's rating: 1108 → 1136(+28 for winning)
|raw|mysteryperson101's rating: 1154 → 1126(-28 for losing)
