|j|☆devil may larp
|j|☆cooledoregon
|html|devil may larpcooledoregon    
|uhtml|bestof|Game 3 of a best-of-3
|t:|1783090977
|gametype|doubles
|player|p1|devil may larp|roxie-masters|1284
|player|p2|cooledoregon|170|1287
|gen|9
|tier|[Gen 9 Champions] VGC 2026 Reg M-B (Bo3)
|rated|
|rule|Species Clause: Limit one of each Pokémon
|rule|Item Clause: Limit 1 of each item
|clearpoke
|poke|p1|Charizard, L50, M|
|poke|p1|Farigiraf, L50, F|
|poke|p1|Greninja, L50, M, shiny|
|poke|p1|Sylveon, L50, F, shiny|
|poke|p1|Garchomp, L50, F|
|poke|p1|Aerodactyl, L50, M|
|poke|p2|Incineroar, L50, M|
|poke|p2|Aerodactyl, L50, M|
|poke|p2|Meganium, L50, M|
|poke|p2|Basculegion, L50, M|
|poke|p2|Garchomp, L50, M|
|poke|p2|Charizard, L50, M|
|teampreview|4
|showteam|p1|Charizard||CharizarditeY|Blaze|HeatWave,SolarBeam,Protect,WeatherBall|Modest||M|||50|]Farigiraf||ColburBerry|ArmorTail|TwinBeam,TrickRoom,HelpingHand,Thunderbolt|Bold||F|||50|]Greninja||Greninjite|Protean|DarkPulse,GrassKnot,HydroPump,Protect|Modest||M|||50|]Sylveon||FairyFeather|Pixilate|HyperBeam,HyperVoice,QuickAttack,Protect|Modest||F|||50|]Garchomp||LifeOrb|RoughSkin|DragonClaw,Protect,Earthquake,RockTomb|Jolly||F|||50|]Aerodactyl||FocusSash|Unnerve|Tailwind,RockSlide,WideGuard,Protect|Jolly||M|||50|
|showteam|p2|Incineroar||SitrusBerry|Intimidate|PartingShot,FakeOut,ThroatChop,FlareBlitz|Careful||M|||50|]Aerodactyl||FocusSash|Unnerve|RockSlide,DualWingbeat,Tailwind,Protect|Jolly||M|||50|]Meganium||Meganiumite|Overgrow|SolarBeam,WeatherBall,DazzlingGleam,Protect|Modest||M|||50|]Basculegion||ChoiceScarf|Adaptability|FlipTurn,WaveCrash,LastRespects,AquaJet|Jolly||M|||50|]Garchomp||LifeOrb|RoughSkin|Earthquake,DragonClaw,StompingTantrum,Protect|Jolly||M|||50|]Charizard||CharizarditeY|Blaze|HeatWave,WeatherBall,SolarBeam,Protect|Modest||M|||50|
|inactive|Battle timer is ON: inactive players will automatically lose when time's up. (requested by devil may larp)
|inactive|cooledoregon also wants the timer to be on.
|
|t:|1783091002
|teamsize|p1|4
|teamsize|p2|4
|start
|switch|p1a: Big Y|Charizard, L50, M|100/100
|switch|p1b: Yan|Aerodactyl, L50, M|100/100
|switch|p2a: Basculegion|Basculegion, L50, M|100/100
|switch|p2b: Aerodactyl|Aerodactyl, L50, M|100/100
|-ability|p2b: Aerodactyl|Unnerve
|-ability|p1b: Yan|Unnerve
|turn|1
|
|t:|1783091019
|detailschange|p1a: Big Y|Charizard-Mega-Y, L50, M
|-mega|p1a: Big Y|Charizard|Charizardite Y
|-weather|SunnyDay|[from] ability: Drought|[of] p1a: Big Y
|move|p1a: Big Y|Protect|p1a: Big Y
|-singleturn|p1a: Big Y|Protect
|move|p2a: Basculegion|Wave Crash|p1a: Big Y
|-activate|p1a: Big Y|move: Protect
|move|p2b: Aerodactyl|Dual Wingbeat|p1a: Big Y
|-activate|p1a: Big Y|move: Protect
|move|p1b: Yan|Tailwind|p1b: Yan
|-sidestart|p1: devil may larp|move: Tailwind
|
|-weather|SunnyDay|[upkeep]
|upkeep
|turn|2
|
|t:|1783091039
|switch|p1a: Garchomp|Garchomp, L50, F|100/100
|switch|p2a: Incineroar|Incineroar, L50, M|100/100
|-ability|p2a: Incineroar|Intimidate|boost
|-unboost|p1a: Garchomp|atk|1
|-unboost|p1b: Yan|atk|1
|move|p1b: Yan|Rock Slide|p2b: Aerodactyl|[spread] p2b
|-miss|p1b: Yan|p2a: Incineroar
|-supereffective|p2b: Aerodactyl|1
|-damage|p2b: Aerodactyl|52/100
|move|p2b: Aerodactyl|Tailwind|p2b: Aerodactyl
|-sidestart|p2: cooledoregon|move: Tailwind
|
|-weather|SunnyDay|[upkeep]
|upkeep
|turn|3
|
|t:|1783091062
|switch|p2b: Meganium|Meganium, L50, M|100/100
|move|p2a: Incineroar|Fake Out|p1b: Yan
|-resisted|p1b: Yan|1
|-damage|p1b: Yan|93/100
|cant|p1b: Yan|flinch
|move|p1a: Garchomp|Rock Tomb|p2b: Meganium
|-damage|p2b: Meganium|79/100
|-unboost|p2b: Meganium|spe|1
|-damage|p1a: Garchomp|90/100|[from] item: Life Orb
|
|-weather|SunnyDay|[upkeep]
|upkeep
|turn|4
|
|t:|1783091087
|detailschange|p2b: Meganium|Meganium-Mega, L50, M
|-mega|p2b: Meganium|Meganium|Meganiumite
|move|p1b: Yan|Wide Guard|p1b: Yan
|-singleturn|p1b: Yan|Wide Guard
|move|p1a: Garchomp|Earthquake|p2a: Incineroar|[spread] p2a,p2b
|-activate|p1b: Yan|move: Wide Guard
|-supereffective|p2a: Incineroar|1
|-resisted|p2b: Meganium|1
|-damage|p2a: Incineroar|46/100
|-damage|p2b: Meganium|65/100
|-damage|p1a: Garchomp|80/100|[from] item: Life Orb
|move|p2a: Incineroar|Parting Shot|p1a: Garchomp
|-unboost|p1a: Garchomp|atk|1
|-unboost|p1a: Garchomp|spa|1
|
|t:|1783091103
|switch|p2a: Aerodactyl|Aerodactyl, L50, M|52/100|[from] Parting Shot
|-ability|p2a: Aerodactyl|Unnerve
|move|p2b: Meganium|Solar Beam||[still]
|-prepare|p2b: Meganium|Solar Beam
|-anim|p2b: Meganium|Solar Beam|p1b: Yan
|-damage|p1b: Yan|5/100
|
|-weather|SunnyDay|[upkeep]
|-sideend|p1: devil may larp|move: Tailwind
|upkeep
|turn|5
|inactive|cooledoregon has 30 seconds left.
|inactive|cooledoregon has 20 seconds left.
|
|t:|1783091142
|switch|p2a: Incineroar|Incineroar, L50, M|46/100
|-ability|p2a: Incineroar|Intimidate|boost
|-unboost|p1a: Garchomp|atk|1
|-unboost|p1b: Yan|atk|1
|switch|p1b: Sylveon|Sylveon, L50, F, shiny|100/100
|-enditem|p2a: Incineroar|Sitrus Berry|[eat]
|-heal|p2a: Incineroar|70/100|[from] item: Sitrus Berry
|move|p1a: Garchomp|Rock Tomb|p2a: Incineroar|[miss]
|-miss|p1a: Garchomp|p2a: Incineroar
|move|p2b: Meganium|Dazzling Gleam|p1a: Garchomp|[spread] p1a,p1b
|-supereffective|p1a: Garchomp|1
|-damage|p1a: Garchomp|0 fnt
|-damage|p1b: Sylveon|67/100
|faint|p1a: Garchomp
|
|-weather|none
|-sideend|p2: cooledoregon|move: Tailwind
|upkeep
|
|t:|1783091166
|switch|p1a: Big Y|Charizard-Mega-Y, L50, M|100/100
|-weather|SunnyDay|[from] ability: Drought|[of] p1a: Big Y
|turn|6
|inactive|cooledoregon has 30 seconds left.
|inactive|cooledoregon has 20 seconds left.
|inactive|cooledoregon has 15 seconds left.
|inactive|cooledoregon has 10 seconds left.
|inactive|cooledoregon has 5 seconds left.
|
|t:|1783091217
|move|p2a: Incineroar|Fake Out|p1b: Sylveon
|-damage|p1b: Sylveon|54/100
|move|p1a: Big Y|Heat Wave|p2b: Meganium|[spread] p2a,p2b
|-resisted|p2a: Incineroar|1
|-supereffective|p2b: Meganium|1
|-damage|p2a: Incineroar|42/100
|-damage|p2b: Meganium|0 fnt
|faint|p2b: Meganium
|cant|p1b: Sylveon|flinch
|
|-weather|SunnyDay|[upkeep]
|upkeep
|
|t:|1783091222
|switch|p2b: Aerodactyl|Aerodactyl, L50, M|52/100
|-ability|p2b: Aerodactyl|Unnerve
|turn|7
|
|t:|1783091229
|move|p2b: Aerodactyl|Tailwind|p2b: Aerodactyl
|-sidestart|p2: cooledoregon|move: Tailwind
|move|p2a: Incineroar|Flare Blitz|p1b: Sylveon
|-damage|p1b: Sylveon|0 fnt
|faint|p1b: Sylveon
|-damage|p2a: Incineroar|27/100|[from] Recoil
|move|p1a: Big Y|Weather Ball|p2b: Aerodactyl
|-resisted|p2b: Aerodactyl|1
|-damage|p2b: Aerodactyl|0 fnt
|faint|p2b: Aerodactyl
|
|-weather|SunnyDay|[upkeep]
|upkeep
|
|t:|1783091233
|switch|p2b: Basculegion|Basculegion, L50, M|100/100
|switch|p1b: Yan|Aerodactyl, L50, M|5/100
|-ability|p1b: Yan|Unnerve
|turn|8
|
|t:|1783091252
|move|p2b: Basculegion|Last Respects|p1a: Big Y
|-damage|p1a: Big Y|0 fnt
|faint|p1a: Big Y
|move|p1b: Yan|Rock Slide|p2a: Incineroar|[spread] p2a,p2b
|-supereffective|p2a: Incineroar|1
|-damage|p2a: Incineroar|0 fnt
|-damage|p2b: Basculegion|74/100
|faint|p2a: Incineroar
|
|-weather|SunnyDay|[upkeep]
|upkeep
|turn|9
|-message|devil may larp forfeited.
|
|win|cooledoregon
|raw|devil may larp's rating: 1284 → 1259(-25 for losing)
|raw|cooledoregon's rating: 1287 → 1312(+25 for winning)
|l|☆devil may larp
|player|p1|
