|j|☆LookBackInBanger
|j|☆the crimson wooper
|html|LookBackInBangerthe crimson wooper    
|uhtml|bestof|Game 1 of a best-of-3
|t:|1756406878
|gametype|doubles
|player|p1|LookBackInBanger|mina|1089
|player|p2|the crimson wooper|caitlin-masters|1153
|gen|9
|tier|[Gen 9] VGC 2025 Reg H (Bo3)
|rated|
|rule|Species Clause: Limit one of each Pokémon
|rule|Item Clause: Limit 1 of each item
|clearpoke
|poke|p1|Dragonite, L50, F|
|poke|p1|Electabuzz, L50, M|
|poke|p1|Indeedee, L50, M|
|poke|p1|Sneasler, L50, F|
|poke|p1|Talonflame, L50, M|
|poke|p1|Ursaluna-Bloodmoon, L50, M|
|poke|p2|Dragonite, L50, M|
|poke|p2|Rillaboom, L50, M|
|poke|p2|Sneasler, L50, F|
|poke|p2|Volcarona, L50, M|
|poke|p2|Electabuzz, L50, M|
|poke|p2|Kingambit, L50, M|
|teampreview|4
|showteam|p1|Dragonite||LoadedDice|Multiscale|ScaleShot,StompingTantrum,Haze,Protect|||F|||50|,,,,,Fairy]Electabuzz||Eviolite|VitalSpirit|Electroweb,FollowMe,Taunt,Protect|||M|||50|,,,,,Dragon]Indeedee||FocusSash|PsychicSurge|ExpandingForce,HelpingHand,TrickRoom,Imprison|||M|||50|,,,,,Psychic]Sneasler||PsychicSeed|Unburden|DireClaw,CloseCombat,ThroatChop,Protect|||F|||50|,,,,,Stellar]Talonflame||CovertCloak|GaleWings|FlareBlitz,DualWingbeat,WillOWisp,Tailwind|||M|||50|,,,,,Stellar]Ursaluna-Bloodmoon||LifeOrb|MindsEye|BloodMoon,HyperVoice,EarthPower,Protect|||M|||50|,,,,,Normal
|showteam|p2|Dragonite||LoadedDice|Multiscale|ScaleShot,ExtremeSpeed,Haze,Protect|||M|||50|,,,,,Fairy]Rillaboom||AssaultVest|GrassySurge|WoodHammer,GrassyGlide,FakeOut,Uturn|||M|||50|,,,,,Fire]Sneasler||FocusSash|Unburden|CloseCombat,Coaching,DireClaw,FakeOut|||F|||50|,,,,,Stellar]Volcarona||GrassySeed|FlameBody|HeatWave,QuiverDance,GigaDrain,Protect|||M|||50|,,,,,Grass]Electabuzz||Eviolite|VitalSpirit|Thunderbolt,Taunt,FollowMe,Protect|||M|||50|,,,,,Ghost]Kingambit||SafetyGoggles|Defiant|KowtowCleave,SuckerPunch,SwordsDance,Protect|||M|||50|,,,,,Dark
|inactive|Battle timer is ON: inactive players will automatically lose when time's up. (requested by the crimson wooper)
|inactive|LookBackInBanger has 60 seconds left.
|inactive|the crimson wooper has 60 seconds left.
|
|t:|1756406932
|teamsize|p1|4
|teamsize|p2|4
|start
|switch|p1a: Dragonite|Dragonite, L50, F|100/100
|switch|p1b: Talonflame|Talonflame, L50, M, shiny|100/100
|switch|p2a: Sinatra|Volcarona, L50, M|100/100
|switch|p2b: Noxia|Sneasler, L50, F|100/100
|turn|1
|inactive|LookBackInBanger has 30 seconds left.
|inactive|LookBackInBanger has 20 seconds left.
|inactive|LookBackInBanger has 15 seconds left.
|inactive|LookBackInBanger has 10 seconds left.
|
|t:|1756406979
|switch|p1b: Indeedee|Indeedee, L50, M|100/100
|-fieldstart|move: Psychic Terrain|[from] ability: Psychic Surge|[of] p1b: Indeedee
|switch|p2a: Tokugawa|Kingambit, L50, M|100/100
|move|p2b: Noxia|Fake Out|p1a: Dragonite
|-hint|Psychic Terrain doesn't affect Pokémon immune to Ground.
|-crit|p1a: Dragonite
|-damage|p1a: Dragonite|90/100
|cant|p1a: Dragonite|flinch
|
|upkeep
|turn|2
|inactive|LookBackInBanger has 30 seconds left.
|inactive|LookBackInBanger has 20 seconds left.
|inactive|LookBackInBanger has 15 seconds left.
|
|t:|1756407023
|move|p2b: Noxia|Dire Claw|p1b: Indeedee
|-damage|p1b: Indeedee|7/100
|-status|p1b: Indeedee|psn
|move|p1b: Indeedee|Expanding Force|p2b: Noxia|[spread] p2b
|-immune|p2a: Tokugawa
|-supereffective|p2b: Noxia
|-enditem|p2b: Noxia|Focus Sash
|-damage|p2b: Noxia|1/100
|move|p1a: Dragonite|Scale Shot|p2b: Noxia
|-damage|p2b: Noxia|0 fnt
|faint|p2b: Noxia
|-hitcount|p2: Noxia|1
|-unboost|p1a: Dragonite|def|1
|-boost|p1a: Dragonite|spe|1
|move|p2a: Tokugawa|Kowtow Cleave|p1b: Indeedee
|-supereffective|p1b: Indeedee
|-damage|p1b: Indeedee|0 fnt
|faint|p1b: Indeedee
|
|upkeep
|inactive|LookBackInBanger has 30 seconds left.
|
|t:|1756407052
|switch|p2b: Harambe|Rillaboom, L50, M|100/100
|switch|p1b: Sneasler|Sneasler, L50, F|100/100
|-fieldstart|move: Grassy Terrain|[from] ability: Grassy Surge|[of] p2b: Harambe
|turn|3
|inactive|LookBackInBanger has 30 seconds left.
|
|t:|1756407084
|-terastallize|p2a: Tokugawa|Dark
|move|p1b: Sneasler|Protect|p1b: Sneasler
|-singleturn|p1b: Sneasler|Protect
|move|p2b: Harambe|Fake Out|p1b: Sneasler
|-activate|p1b: Sneasler|move: Protect
|move|p1a: Dragonite|Stomping Tantrum|p2a: Tokugawa
|-damage|p2a: Tokugawa|78/100
|move|p2a: Tokugawa|Kowtow Cleave|p1a: Dragonite
|-damage|p1a: Dragonite|0 fnt
|faint|p1a: Dragonite
|
|-heal|p2a: Tokugawa|84/100|[from] Grassy Terrain
|upkeep
|
|t:|1756407098
|switch|p1a: Talonflame|Talonflame, L50, M, shiny|100/100
|turn|4
|inactive|LookBackInBanger has 30 seconds left.
|
|t:|1756407130
|-terastallize|p1b: Sneasler|Stellar
|move|p1a: Talonflame|Will-O-Wisp|p2b: Harambe
|-status|p2b: Harambe|brn
|move|p1b: Sneasler|Close Combat|p2a: Tokugawa
|-supereffective|p2a: Tokugawa
|-damage|p2a: Tokugawa|0 fnt
|-unboost|p1b: Sneasler|def|1
|-unboost|p1b: Sneasler|spd|1
|faint|p2a: Tokugawa
|move|p2b: Harambe|Wood Hammer|p1b: Sneasler
|-resisted|p1b: Sneasler
|-damage|p1b: Sneasler|55/100
|-damage|p2b: Harambe|88/100 brn|[from] Recoil
|
|-heal|p1b: Sneasler|61/100|[from] Grassy Terrain
|-heal|p2b: Harambe|94/100 brn|[from] Grassy Terrain
|-damage|p2b: Harambe|88/100 brn|[from] brn
|upkeep
|
|t:|1756407137
|switch|p2a: Sinatra|Volcarona, L50, M|100/100
|-enditem|p2a: Sinatra|Grassy Seed
|-boost|p2a: Sinatra|def|1|[from] item: Grassy Seed
|turn|5
|inactive|LookBackInBanger has 30 seconds left.
|inactive|LookBackInBanger has 20 seconds left.
|inactive|LookBackInBanger has 15 seconds left.
|
|t:|1756407180
|move|p1a: Talonflame|Dual Wingbeat|p2a: Sinatra
|-supereffective|p2a: Sinatra
|-damage|p2a: Sinatra|73/100
|-supereffective|p2a: Sinatra
|-damage|p2a: Sinatra|49/100
|-hitcount|p2a: Sinatra|2
|move|p2b: Harambe|Grassy Glide|p1a: Talonflame
|-resisted|p1a: Talonflame
|-damage|p1a: Talonflame|93/100
|move|p1b: Sneasler|Dire Claw|p2a: Sinatra
|-damage|p2a: Sinatra|5/100
|move|p2a: Sinatra|Heat Wave|p1a: Talonflame|[spread] p1b
|-miss|p2a: Sinatra|p1a: Talonflame
|-damage|p1b: Sneasler|0 fnt
|faint|p1b: Sneasler
|
|-heal|p2a: Sinatra|11/100|[from] Grassy Terrain
|-heal|p2b: Harambe|94/100 brn|[from] Grassy Terrain
|-damage|p2b: Harambe|88/100 brn|[from] brn
|upkeep
|turn|6
|inactive|LookBackInBanger has 30 seconds left.
|
|t:|1756407210
|move|p2a: Sinatra|Protect|p2a: Sinatra
|-singleturn|p2a: Sinatra|Protect
|move|p1a: Talonflame|Dual Wingbeat|p2a: Sinatra
|-activate|p2a: Sinatra|move: Protect
|move|p2b: Harambe|Wood Hammer|p1a: Talonflame
|-resisted|p1a: Talonflame
|-damage|p1a: Talonflame|75/100
|-damage|p2b: Harambe|82/100 brn|[from] Recoil
|
|-heal|p2a: Sinatra|18/100|[from] Grassy Terrain
|-heal|p2b: Harambe|89/100 brn|[from] Grassy Terrain
|-damage|p2b: Harambe|82/100 brn|[from] brn
|upkeep
|turn|7
|
|t:|1756407224
|move|p1a: Talonflame|Dual Wingbeat|p2a: Sinatra
|-supereffective|p2a: Sinatra
|-damage|p2a: Sinatra|0 fnt
|faint|p2a: Sinatra
|-hitcount|p2: Sinatra|1
|move|p2b: Harambe|Wood Hammer|p1a: Talonflame
|-resisted|p1a: Talonflame
|-damage|p1a: Talonflame|59/100
|-damage|p2b: Harambe|78/100 brn|[from] Recoil
|
|-heal|p2b: Harambe|84/100 brn|[from] Grassy Terrain
|-damage|p2b: Harambe|78/100 brn|[from] brn
|-fieldend|move: Grassy Terrain
|upkeep
|turn|8
|-message|the crimson wooper forfeited.
|
|win|LookBackInBanger
|l|☆the crimson wooper
|player|p2|
||the crimson wooper is ready for game 2.
||LookBackInBanger is ready for game 2.
|uhtml|next|Next: Game 2 of 3
