|j|☆hkings234
|j|☆Hookmaster100
|html|hkings234Hookmaster100    
|uhtml|bestof|Game 2 of a best-of-3
|t:|1785482256
|gametype|doubles
|player|p1|hkings234|170|1082
|player|p2|Hookmaster100|1|1088
|gen|9
|tier|[Gen 9 Champions] VGC 2026 Reg M-B (Bo3)
|rated|
|rule|Species Clause: Limit one of each Pokémon
|rule|Item Clause: Limit 1 of each item
|clearpoke
|poke|p1|Raichu, L50, M|
|poke|p1|Heliolisk, L50, F|
|poke|p1|Garchomp, L50, M|
|poke|p1|Tyranitar, L50, M|
|poke|p1|Whimsicott, L50, M|
|poke|p1|Corviknight, L50, F|
|poke|p2|Milotic, L50, F|
|poke|p2|Weavile, L50, F|
|poke|p2|Gholdengo, L50|
|poke|p2|Staraptor, L50, M|
|poke|p2|Whimsicott, L50, M|
|poke|p2|Raichu, L50, M|
|teampreview|4
|showteam|p1|Raichu||RaichuniteY|LightningRod|ZapCannon,FakeOut,FocusBlast,Protect|Hasty||M|||50|]Heliolisk||FocusSash|SandVeil|Discharge,Electroweb,Protect,WeatherBall|Timid||F|||50|]Garchomp||Garchompite|RoughSkin|DragonClaw,Earthquake,Protect,RockSlide|Jolly||M|||50|]Tyranitar||SitrusBerry|SandStream|DragonDance,KnockOff,RockSlide,Protect|Adamant||M|||50|]Whimsicott||FairyFeather|Prankster|Tailwind,Moonblast,Encore,StunSpore|Bold||M|||50|]Corviknight||Leftovers|MirrorArmor|BulkUp,BodyPress,Roost,BraveBird|Careful||F|||50|
|showteam|p2|Milotic||Leftovers|Competitive|Haze,Scald,MirrorCoat,Protect|Calm||F|||50|]Weavile||FocusSash|Pickpocket|IceSpinner,IceShard,KnockOff,FakeOut|Jolly||F|||50|]Gholdengo||LifeOrb|GoodasGold|MakeItRain,ShadowBall,Thunderbolt,PowerGem|Modest|||||50|]Staraptor||Staraptite|Intimidate|CloseCombat,Tailwind,BraveBird,Protect|Adamant||M|||50|]Whimsicott||KebiaBerry|Prankster|Moonblast,Tailwind,Charm,Encore|Serious||M|||50|]Raichu||RaichuniteY|Static|FocusBlast,ZapCannon,FakeOut,Protect|Bold||M|||50|
|inactive|Battle timer is ON: inactive players will automatically lose when time's up. (requested by Hookmaster100)
|inactive|Hookmaster100 has 60 seconds left.
|l|☆hkings234
|inactive|hkings234 disconnected and has a minute to reconnect!
|player|p1|
|j|☆hkings234
|inactive|hkings234 reconnected.
|player|p1|hkings234|170|
|
|t:|1785482299
|teamsize|p1|4
|teamsize|p2|4
|start
|switch|p1a: Raichu|Raichu, L50, M|100/100
|switch|p1b: Heliolisk|Heliolisk, L50, F|100/100
|switch|p2a: Staraptor|Staraptor, L50, M|100/100
|switch|p2b: Whimsicott|Whimsicott, L50, M|100/100
|-ability|p2a: Staraptor|Intimidate|boost
|-unboost|p1a: Raichu|atk|1
|-unboost|p1b: Heliolisk|atk|1
|turn|1
|
|t:|1785482310
|detailschange|p1a: Raichu|Raichu-Mega-Y, L50, M
|-mega|p1a: Raichu|Raichu|Raichunite Y
|move|p2b: Whimsicott|Charm|p2a: Staraptor
|-unboost|p2a: Staraptor|atk|2
|move|p1a: Raichu|Zap Cannon|p2a: Staraptor
|-supereffective|p2a: Staraptor|1
|-damage|p2a: Staraptor|0 fnt
|faint|p2a: Staraptor
|move|p1b: Heliolisk|Electroweb|p2b: Whimsicott
|-resisted|p2b: Whimsicott|1
|-damage|p2b: Whimsicott|84/100
|-unboost|p2b: Whimsicott|spe|1
|
|upkeep
|c|☆hkings234|Eh?
|c|☆hkings234|Forgot to mega?
|inactive|Hookmaster100 has 30 seconds left.
|c|☆Hookmaster100|ummm
|c|☆Hookmaster100|no....
|inactive|Hookmaster100 has 20 seconds left.
|
|t:|1785482346
|switch|p2a: Weavile|Weavile, L50, F|100/100
|turn|2
|
|t:|1785482356
|move|p1a: Raichu|Protect|p1a: Raichu
|-singleturn|p1a: Raichu|Protect
|move|p1b: Heliolisk|Protect|p1b: Heliolisk
|-singleturn|p1b: Heliolisk|Protect
|move|p2a: Weavile|Ice Spinner|p1b: Heliolisk
|-activate|p1b: Heliolisk|move: Protect
|move|p2b: Whimsicott|Moonblast|p1b: Heliolisk
|-activate|p1b: Heliolisk|move: Protect
|
|upkeep
|turn|3
|
|t:|1785482368
|switch|p1a: Whimsicott|Whimsicott, L50, M|100/100
|move|p2a: Weavile|Ice Spinner|p1a: Whimsicott
|-supereffective|p1a: Whimsicott|1
|-damage|p1a: Whimsicott|26/100
|move|p1b: Heliolisk|Electroweb|p2a: Weavile|[spread] p2a,p2b
|-resisted|p2b: Whimsicott|1
|-damage|p2a: Weavile|76/100
|-damage|p2b: Whimsicott|73/100
|-unboost|p2a: Weavile|spe|1
|-unboost|p2b: Whimsicott|spe|1
|move|p2b: Whimsicott|Moonblast|p1a: Whimsicott
|-damage|p1a: Whimsicott|0 fnt
|faint|p1a: Whimsicott
|
|upkeep
|
|t:|1785482381
|switch|p1a: Raichu|Raichu-Mega-Y, L50, M|100/100
|turn|4
|
|t:|1785482397
|move|p2b: Whimsicott|Tailwind|p2b: Whimsicott
|-sidestart|p2: Hookmaster100|move: Tailwind
|move|p2a: Weavile|Ice Spinner|p1a: Raichu
|-damage|p1a: Raichu|3/100
|move|p1a: Raichu|Focus Blast|p2a: Weavile
|-supereffective|p2a: Weavile|2
|-damage|p2a: Weavile|0 fnt
|faint|p2a: Weavile
|move|p1b: Heliolisk|Discharge|p2b: Whimsicott|[spread] p1a,p2b
|-resisted|p1a: Raichu|1
|-resisted|p2b: Whimsicott|1
|-damage|p1a: Raichu|0 fnt
|-damage|p2b: Whimsicott|55/100
|faint|p1a: Raichu
|
|upkeep
|
|t:|1785482412
|switch|p1a: Tyranitar|Tyranitar, L50, M|100/100
|switch|p2a: Gholdengo|Gholdengo, L50|100/100
|-weather|Sandstorm|[from] ability: Sand Stream|[of] p1a: Tyranitar
|turn|5
|
|t:|1785482425
|move|p2a: Gholdengo|Power Gem|p1b: Heliolisk
|-damage|p1b: Heliolisk|43/100
|-damage|p2a: Gholdengo|90/100|[from] item: Life Orb
|move|p1b: Heliolisk|Electroweb|p2a: Gholdengo|[spread] p2a,p2b
|-resisted|p2b: Whimsicott|1
|-damage|p2a: Gholdengo|67/100
|-damage|p2b: Whimsicott|44/100
|-unboost|p2a: Gholdengo|spe|1
|-unboost|p2b: Whimsicott|spe|1
|move|p2b: Whimsicott|Moonblast|p1b: Heliolisk|[miss]
|-miss|p2b: Whimsicott|p1b: Heliolisk
|move|p1a: Tyranitar|Knock Off|p2a: Gholdengo
|-supereffective|p2a: Gholdengo|1
|-crit|p2a: Gholdengo
|-damage|p2a: Gholdengo|0 fnt
|-enditem|p2a: Gholdengo|Life Orb|[from] move: Knock Off|[of] p1a: Tyranitar
|faint|p2a: Gholdengo
|
|-weather|Sandstorm|[upkeep]
|-damage|p2b: Whimsicott|38/100|[from] Sandstorm
|upkeep
|turn|6
|
|t:|1785482446
|move|p1b: Heliolisk|Weather Ball|p2b: Whimsicott
|-damage|p2b: Whimsicott|2/100
|move|p2b: Whimsicott|Moonblast|p1b: Heliolisk|[miss]
|-miss|p2b: Whimsicott|p1b: Heliolisk
|move|p1a: Tyranitar|Rock Slide|p2b: Whimsicott
|-damage|p2b: Whimsicott|0 fnt
|faint|p2b: Whimsicott
|
|win|hkings234
|raw|hkings234's rating: 1082 → 1110(+28 for winning)
|raw|Hookmaster100's rating: 1088 → 1064(-24 for losing)
