|j|☆Jam6oree
|j|☆cazabichos cr7
|html|Jam6oreecazabichos cr7    
|uhtml|bestof|Game 1 of a best-of-3
|t:|1783090450
|gametype|doubles
|player|p1|Jam6oree|265|1043
|player|p2|cazabichos cr7|bugcatcher-gen4dp|1115
|gen|9
|tier|[Gen 9 Champions] VGC 2026 Reg M-B (Bo3)
|rated|
|rule|Species Clause: Limit one of each Pokémon
|rule|Item Clause: Limit 1 of each item
|clearpoke
|poke|p1|Malamar, L50, M|
|poke|p1|Maushold-Four, L50|
|poke|p1|Sinistcha-Masterpiece, L50|
|poke|p1|Grimmsnarl, L50, M|
|poke|p1|Metagross, L50|
|poke|p1|Aerodactyl, L50, F|
|poke|p2|Pyroar, L50, M|
|poke|p2|Scrafty, L50, F|
|poke|p2|Venusaur, L50, M|
|poke|p2|Torkoal, L50, F|
|poke|p2|Farigiraf, L50, F|
|poke|p2|Mamoswine, L50, M|
|teampreview|4
|showteam|p1|Malamar||Malamarite|Contrary|Superpower,ThroatChop,PoisonJab,Protect|Adamant||M|||50|]Maushold-Four||ChopleBerry|FriendGuard|SuperFang,FollowMe,Taunt,Protect|Jolly|||||50|]Sinistcha-Masterpiece||SitrusBerry|Hospitality|RagePowder,MatchaGotcha,LifeDew,Protect|Relaxed|||||50|]Grimmsnarl||RoseliBerry|Prankster|PartingShot,FakeTears,ScaryFace,FakeOut|Careful||M|||50|]Metagross||Metagrossite|ClearBody|MeteorMash,IcePunch,BodyPress,Protect|Jolly|||||50|]Aerodactyl||FocusSash|Unnerve|RockSlide,Tailwind,Protect,DualWingbeat|Jolly||F|||50|
|showteam|p2|Pyroar||Pyroarite|Rivalry|Overheat,HeatWave,Protect,Yawn|Timid||M|||50|]Scrafty||Scraftinite|Intimidate|KnockOff,DrainPunch,FakeOut,IcePunch|Adamant||F|||50|]Venusaur||LifeOrb|Chlorophyll|EnergyBall,SludgeBomb,Protect,EarthPower|Modest||M|||50|]Torkoal||HeatRock|Drought|Eruption,WeatherBall,Protect,HelpingHand|Quiet||F|||50|]Farigiraf||SitrusBerry|ArmorTail|Psychic,Thunderbolt,TrickRoom,Protect|Modest||F|||50|]Mamoswine||FocusSash|Oblivious|IceShard,HighHorsepower,Protect,RockSlide|Jolly||M|||50|
|inactive|Battle timer is ON: inactive players will automatically lose when time's up. (requested by Jam6oree)
|inactive|Jam6oree has 60 seconds left.
|inactive|cazabichos cr7 has 60 seconds left.
|inactive|cazabichos cr7 has 30 seconds left.
|
|t:|1783090515
|teamsize|p1|4
|teamsize|p2|4
|start
|switch|p1a: Malamar|Malamar, L50, M|100/100
|switch|p1b: Grimmsnarl|Grimmsnarl, L50, M|100/100
|switch|p2a: Farigiraf|Farigiraf, L50, F|100/100
|switch|p2b: Mamoswine|Mamoswine, L50, M|100/100
|turn|1
|inactive|cazabichos cr7 has 30 seconds left.
|
|t:|1783090546
|detailschange|p1a: Malamar|Malamar-Mega, L50, M
|-mega|p1a: Malamar|Malamar|Malamarite
|move|p2b: Mamoswine|Protect|p2b: Mamoswine
|-singleturn|p2b: Mamoswine|Protect
|move|p1b: Grimmsnarl|Parting Shot|p1a: Malamar
|-boost|p1a: Malamar|atk|1
|-boost|p1a: Malamar|spa|1
|
|t:|1783090552
|switch|p1b: Maushold|Maushold-Four, L50|100/100|[from] Parting Shot
|move|p1a: Malamar|Superpower|p2b: Mamoswine
|-activate|p2b: Mamoswine|move: Protect
|move|p2a: Farigiraf|Trick Room|p2a: Farigiraf
|-fieldstart|move: Trick Room|[of] p2a: Farigiraf
|
|upkeep
|turn|2
|
|t:|1783090568
|switch|p1b: Grimmsnarl|Grimmsnarl, L50, M|100/100
|move|p2a: Farigiraf|Psychic|p1b: Grimmsnarl
|-immune|p1b: Grimmsnarl
|move|p1a: Malamar|Superpower|p2b: Mamoswine
|-supereffective|p2b: Mamoswine|1
|-enditem|p2b: Mamoswine|Focus Sash
|-damage|p2b: Mamoswine|1/100
|-boost|p1a: Malamar|atk|1
|-boost|p1a: Malamar|def|1
|move|p2b: Mamoswine|Rock Slide|p1a: Malamar|[spread] p1a,p1b
|-damage|p1a: Malamar|87/100
|-damage|p1b: Grimmsnarl|78/100
|
|upkeep
|turn|3
|
|t:|1783090591
|move|p1b: Grimmsnarl|Fake Tears|p1a: Malamar
|-boost|p1a: Malamar|spd|2
|move|p2a: Farigiraf|Thunderbolt|p1a: Malamar
|-damage|p1a: Malamar|76/100
|move|p1a: Malamar|Superpower|p2b: Mamoswine
|-supereffective|p2b: Mamoswine|1
|-damage|p2b: Mamoswine|0 fnt
|-boost|p1a: Malamar|atk|1
|-boost|p1a: Malamar|def|1
|faint|p2b: Mamoswine
|
|upkeep
|
|t:|1783090603
|switch|p2b: Torkoal|Torkoal, L50, F|100/100
|-weather|SunnyDay|[from] ability: Drought|[of] p2b: Torkoal
|turn|4
|
|t:|1783090616
|move|p1b: Grimmsnarl|Fake Tears|p1a: Malamar
|-boost|p1a: Malamar|spd|2
|move|p2b: Torkoal|Eruption|p1a: Malamar|[spread] p1a,p1b
|-damage|p1a: Malamar|58/100
|-damage|p1b: Grimmsnarl|14/100
|move|p2a: Farigiraf|Thunderbolt|p1a: Malamar
|-damage|p1a: Malamar|51/100
|move|p1a: Malamar|Superpower|p2b: Torkoal
|-damage|p2b: Torkoal|32/100
|-boost|p1a: Malamar|atk|1
|-boost|p1a: Malamar|def|1
|
|-weather|SunnyDay|[upkeep]
|upkeep
|turn|5
|
|t:|1783090636
|switch|p1b: Sinistcha|Sinistcha-Masterpiece, L50|100/100
|-heal|p1a: Malamar|76/100|[from] ability: Hospitality|[of] p1b: Sinistcha
|move|p2b: Torkoal|Weather Ball|p1b: Sinistcha
|-supereffective|p1b: Sinistcha|1
|-damage|p1b: Sinistcha|0 fnt
|faint|p1b: Sinistcha
|move|p2a: Farigiraf|Thunderbolt|p1a: Malamar
|-crit|p1a: Malamar
|-damage|p1a: Malamar|47/100
|move|p1a: Malamar|Throat Chop|p2a: Farigiraf
|-supereffective|p2a: Farigiraf|1
|-damage|p2a: Farigiraf|0 fnt
|faint|p2a: Farigiraf
|
|-weather|SunnyDay|[upkeep]
|-fieldend|move: Trick Room
|upkeep
|
|t:|1783090653
|switch|p1b: Maushold|Maushold-Four, L50|100/100
|switch|p2a: Pyroar|Pyroar, L50, M|100/100
|turn|6
|
|t:|1783090665
|detailschange|p2a: Pyroar|Pyroar-Mega, L50, M
|-mega|p2a: Pyroar|Pyroar|Pyroarite
|move|p2b: Torkoal|Helping Hand|p2a: Pyroar
|-singleturn|p2a: Pyroar|Helping Hand|[of] p2b: Torkoal
|move|p1b: Maushold|Follow Me|p1b: Maushold
|-singleturn|p1b: Maushold|move: Follow Me
|move|p2a: Pyroar|Overheat|p1b: Maushold
|-damage|p1b: Maushold|0 fnt
|-unboost|p2a: Pyroar|spa|2
|faint|p1b: Maushold
|move|p1a: Malamar|Throat Chop|p2b: Torkoal
|-damage|p2b: Torkoal|0 fnt
|faint|p2b: Torkoal
|
|-weather|SunnyDay|[upkeep]
|upkeep
|
|t:|1783090667
|switch|p1b: Grimmsnarl|Grimmsnarl, L50, M|14/100
|turn|7
|
|t:|1783090684
|move|p2a: Pyroar|Protect|p2a: Pyroar
|-singleturn|p2a: Pyroar|Protect
|move|p1b: Grimmsnarl|Scary Face|p1a: Malamar
|-boost|p1a: Malamar|spe|2
|move|p1a: Malamar|Superpower|p2a: Pyroar
|-activate|p2a: Pyroar|move: Protect
|
|-weather|SunnyDay|[upkeep]
|upkeep
|turn|8
|
|t:|1783090694
|move|p1b: Grimmsnarl|Parting Shot|p1a: Malamar
|-boost|p1a: Malamar|atk|1
|-boost|p1a: Malamar|spa|1
|move|p1a: Malamar|Superpower|p2a: Pyroar
|-supereffective|p2a: Pyroar|1
|-damage|p2a: Pyroar|0 fnt
|-boost|p1a: Malamar|atk|1
|-boost|p1a: Malamar|def|1
|faint|p2a: Pyroar
|
|win|Jam6oree
||Jam6oree is ready for game 2.
||cazabichos cr7 is ready for game 2.
|uhtml|next|Next: Game 2 of 3
