|j|☆iloveships
|j|☆qaiseasy
|html|iloveshipsqaiseasy    
|uhtml|bestof|Game 2 of a best-of-3
|t:|1785506394
|gametype|doubles
|player|p1|iloveships|emmet|1187
|player|p2|qaiseasy|tuber|1213
|gen|9
|tier|[Gen 9 Champions] VGC 2026 Reg M-B (Bo3)
|rated|
|rule|Species Clause: Limit one of each Pokémon
|rule|Item Clause: Limit 1 of each item
|clearpoke
|poke|p1|Sinistcha, L50|
|poke|p1|Milotic, L50, M|
|poke|p1|Incineroar, L50, M|
|poke|p1|Raichu, L50, M|
|poke|p1|Mimikyu, L50, M|
|poke|p1|Ninetales-Alola, L50, M|
|poke|p2|Staraptor, L50, M|
|poke|p2|Tyranitar, L50, M|
|poke|p2|Excadrill, L50, M|
|poke|p2|Gholdengo, L50|
|poke|p2|Milotic, L50, F|
|poke|p2|Sinistcha, L50|
|teampreview|4
|showteam|p1|Sinistcha||KasibBerry|Hospitality|LifeDew,MatchaGotcha,RagePowder,Hex|Calm|||||50|]Milotic||Leftovers|Competitive|MuddyWater,Hypnosis,Coil,Recover|Calm||M|||50|]Incineroar||SitrusBerry|Intimidate|FakeOut,PartingShot,DarkestLariat,FlareBlitz|Adamant||M|||50|]Raichu||RaichuniteY|LightningRod|ZapCannon,FocusBlast,FakeOut,Protect|Timid||M|||50|]Mimikyu||LifeOrb|Disguise|PlayRough,ShadowSneak,Protect,SwordsDance|Adamant||M|||50|]Ninetales-Alola||FocusSash|SnowWarning|Blizzard,FreezeDry,Protect,Encore|Timid||M|||50|
|showteam|p2|Staraptor||Staraptite|Intimidate|CloseCombat,BraveBird,Tailwind,Protect|Jolly||M|||50|]Tyranitar||Tyranitarite|SandStream|RockSlide,KnockOff,LowKick,Protect|Jolly||M|||50|]Excadrill||FocusSash|SandRush|IronHead,HighHorsepower,RockSlide,Protect|Adamant||M|||50|]Gholdengo||LifeOrb|GoodasGold|MakeItRain,ShadowBall,NastyPlot,Protect|Modest|||||50|]Milotic||SitrusBerry|Competitive|Scald,IceBeam,Recover,Protect|Modest||F|||50|]Sinistcha||ColburBerry|Hospitality|MatchaGotcha,RagePowder,TrickRoom,Protect|Bold|||||50|
|inactive|Battle timer is ON: inactive players will automatically lose when time's up. (requested by iloveships)
|inactive|iloveships has 60 seconds left.
|inactive|qaiseasy has 60 seconds left.
|
|t:|1785506446
|teamsize|p1|4
|teamsize|p2|4
|start
|switch|p1a: Mimikyu|Mimikyu, L50, M|100/100
|switch|p1b: Milotic|Milotic, L50, M|100/100
|switch|p2a: Staraptor|Staraptor, L50, M|100/100
|switch|p2b: Sinistcha|Sinistcha, L50|100/100
|-ability|p2a: Staraptor|Intimidate|boost
|-unboost|p1a: Mimikyu|atk|1
|-unboost|p1b: Milotic|atk|1
|-ability|p1b: Milotic|Competitive|boost
|-boost|p1b: Milotic|spa|2
|turn|1
|inactive|iloveships has 30 seconds left.
|
|t:|1785506475
|detailschange|p2a: Staraptor|Staraptor-Mega, L50, M
|-mega|p2a: Staraptor|Staraptor|Staraptite
|move|p2a: Staraptor|Close Combat|p1b: Milotic
|-damage|p1b: Milotic|46/100
|-boost|p2a: Staraptor|def|1
|-boost|p2a: Staraptor|spd|1
|move|p1a: Mimikyu|Swords Dance|p1a: Mimikyu
|-boost|p1a: Mimikyu|atk|2
|move|p1b: Milotic|Muddy Water|p2b: Sinistcha|[spread] p2a
|-miss|p1b: Milotic|p2b: Sinistcha
|-damage|p2a: Staraptor|65/100
|-boost|p2a: Staraptor|accuracy|1
|move|p2b: Sinistcha|Matcha Gotcha|p1b: Milotic|[spread] p1a
|-miss|p2b: Sinistcha|p1b: Milotic
|-activate|p1a: Mimikyu|ability: Disguise
|-damage|p1a: Mimikyu|100/100
|detailschange|p1a: Mimikyu|Mimikyu-Busted, L50, M
|-damage|p1a: Mimikyu|87/100|[from] pokemon: Mimikyu-Busted
|
|-heal|p1b: Milotic|52/100|[from] item: Leftovers
|upkeep
|turn|2
|inactive|iloveships has 30 seconds left.
|inactive|qaiseasy has 30 seconds left.
|inactive|iloveships has 20 seconds left.
|inactive|qaiseasy has 20 seconds left.
|
|t:|1785506513
|move|p2b: Sinistcha|Rage Powder|p2b: Sinistcha
|-singleturn|p2b: Sinistcha|move: Rage Powder
|move|p2a: Staraptor|Close Combat|p1b: Milotic
|-damage|p1b: Milotic|0 fnt
|-boost|p2a: Staraptor|def|1
|-boost|p2a: Staraptor|spd|1
|faint|p1b: Milotic
|move|p1a: Mimikyu|Play Rough|p2b: Sinistcha
|-damage|p2b: Sinistcha|35/100
|-damage|p1a: Mimikyu|78/100|[from] item: Life Orb
|
|upkeep
|
|t:|1785506538
|switch|p1b: Raichu|Raichu, L50, M|100/100
|turn|3
|
|t:|1785506555
|detailschange|p1b: Raichu|Raichu-Mega-Y, L50, M
|-mega|p1b: Raichu|Raichu|Raichunite Y
|move|p2a: Staraptor|Protect|p2a: Staraptor
|-singleturn|p2a: Staraptor|Protect
|move|p2b: Sinistcha|Protect|p2b: Sinistcha
|-singleturn|p2b: Sinistcha|Protect
|move|p1b: Raichu|Fake Out|p2a: Staraptor
|-activate|p2a: Staraptor|move: Protect
|move|p1a: Mimikyu|Shadow Sneak|p2b: Sinistcha
|-activate|p2b: Sinistcha|move: Protect
|
|upkeep
|turn|4
|inactive|qaiseasy has 30 seconds left.
|inactive|qaiseasy has 20 seconds left.
|inactive|qaiseasy has 15 seconds left.
|inactive|qaiseasy has 10 seconds left.
|inactive|qaiseasy has 5 seconds left.
|
|t:|1785506610
|move|p2b: Sinistcha|Rage Powder|p2b: Sinistcha
|-singleturn|p2b: Sinistcha|move: Rage Powder
|move|p1a: Mimikyu|Shadow Sneak|p2b: Sinistcha
|-supereffective|p2b: Sinistcha|1
|-damage|p2b: Sinistcha|0 fnt
|faint|p2b: Sinistcha
|-damage|p1a: Mimikyu|69/100|[from] item: Life Orb
|move|p1b: Raichu|Zap Cannon|p2a: Staraptor
|-supereffective|p2a: Staraptor|1
|-damage|p2a: Staraptor|2/100
|-status|p2a: Staraptor|par
|move|p2a: Staraptor|Brave Bird|p1a: Mimikyu
|-damage|p1a: Mimikyu|0 fnt
|faint|p1a: Mimikyu
|-damage|p2a: Staraptor|0 fnt|[from] Recoil
|faint|p2a: Staraptor
|
|upkeep
|
|t:|1785506628
|switch|p2a: Milotic|Milotic, L50, F|100/100
|switch|p1a: Sinistcha|Sinistcha, L50|100/100
|switch|p2b: Gholdengo|Gholdengo, L50|100/100
|turn|5
|inactive|iloveships has 30 seconds left.
|
|t:|1785506656
|move|p1b: Raichu|Zap Cannon|p2b: Gholdengo
|-damage|p2b: Gholdengo|34/100
|-status|p2b: Gholdengo|par
|move|p2a: Milotic|Ice Beam|p1a: Sinistcha
|-supereffective|p1a: Sinistcha|1
|-damage|p1a: Sinistcha|52/100
|-status|p1a: Sinistcha|frz
|-curestatus|p1a: Sinistcha|frz|[msg]
|move|p1a: Sinistcha|Hex|p2b: Gholdengo
|-supereffective|p2b: Gholdengo|1
|-damage|p2b: Gholdengo|0 fnt
|faint|p2b: Gholdengo
|
|upkeep
|turn|6
|-message|qaiseasy forfeited.
|
|win|iloveships
|raw|iloveships's rating: 1187 → 1214(+27 for winning)
|raw|qaiseasy's rating: 1213 → 1186(-27 for losing)
