|j|☆Xodroont
|j|☆CRISP WHITE SHEETS
|html|XodroontCRISP WHITE SHEETS    
|uhtml|bestof|Game 1 of a best-of-3
|t:|1756823528
|gametype|doubles
|player|p1|Xodroont|rocketgrunt|1127
|player|p2|CRISP WHITE SHEETS|ghetsis|1194
|gen|9
|tier|[Gen 9] VGC 2025 Reg H (Bo3)
|rated|
|rule|Species Clause: Limit one of each Pokémon
|rule|Item Clause: Limit 1 of each item
|clearpoke
|poke|p1|Incineroar, L50, M|
|poke|p1|Pelipper, L50, F|
|poke|p1|Basculegion, L50, M|
|poke|p1|Amoonguss, L50, F|
|poke|p1|Maushold-Four, L50|
|poke|p1|Archaludon, L50, F|
|poke|p2|Dondozo, L50, F|
|poke|p2|Tatsugiri-Stretchy, L50, F|
|poke|p2|Pelipper, L50, M|
|poke|p2|Archaludon, L50, M|
|poke|p2|Maushold-Four, L50|
|poke|p2|Kilowattrel, L50, F|
|teampreview|4
|showteam|p1|Incineroar||SafetyGoggles|Intimidate|FakeOut,FlareBlitz,KnockOff,PartingShot|||M|||50|,,,,,Ghost]Pelipper||FocusSash|Drizzle|Hurricane,WeatherBall,Tailwind,Protect|||F|||50|,,,,,Ghost]Basculegion||MysticWater|SwiftSwim|Protect,WaveCrash,AquaJet,LastRespects|||M|||50|,,,,,Water]Amoonguss||SitrusBerry|Regenerator|Spore,RagePowder,PollenPuff,ClearSmog|||F|||50|,,,,,Water]Maushold-Four||WideLens|Technician|PopulationBomb,FollowMe,Taunt,Protect||||||50|,,,,,Grass]Archaludon||AssaultVest|Stamina|ElectroShot,DragonPulse,FlashCannon,BodyPress|||F|||50|,,,,,Grass
|showteam|p2|Dondozo||LifeOrb|Unaware|Surf,OrderUp,WaveCrash,Protect|||F|||50|,,,,,Water]Tatsugiri-Stretchy||FocusSash|Commander|MuddyWater,DracoMeteor,IcyWind,Protect|||F|||50|,,,,,Dragon]Pelipper||ChoiceScarf|Drizzle|Uturn,WeatherBall,Hurricane,MuddyWater|||M|||50|,,,,,Ghost]Archaludon||AssaultVest|Stamina|BodyPress,ElectroShot,FlashCannon,DracoMeteor|||M|||50|,,,,,Bug]Maushold-Four||WideLens|Technician|PopulationBomb,Bite,Protect,Encore||||||50|,,,,,Ghost]Kilowattrel||CovertCloak|Competitive|Hurricane,Thunderbolt,Tailwind,Protect|||F|||50|,,,,,Dark
|inactive|Battle timer is ON: inactive players will automatically lose when time's up. (requested by Xodroont)
|
|t:|1756823572
|teamsize|p1|4
|teamsize|p2|4
|start
|switch|p1a: Archaludon|Archaludon, L50, F|100/100
|switch|p1b: Maushold|Maushold-Four, L50|100/100
|switch|p2a: Quox|Maushold-Four, L50|100/100
|switch|p2b: Scream|Kilowattrel, L50, F, shiny|100/100
|turn|1
|
|t:|1756823588
|move|p1b: Maushold|Follow Me|p1b: Maushold
|-singleturn|p1b: Maushold|move: Follow Me
|move|p2b: Scream|Tailwind|p2b: Scream
|-sidestart|p2: CRISP WHITE SHEETS|move: Tailwind
|move|p2a: Quox|Population Bomb|p1b: Maushold
|-damage|p1b: Maushold|82/100
|-damage|p1b: Maushold|64/100
|-damage|p1b: Maushold|45/100
|-damage|p1b: Maushold|27/100
|-damage|p1b: Maushold|9/100
|-damage|p1b: Maushold|0 fnt
|faint|p1b: Maushold
|-hitcount|p1: Maushold|6
|move|p1a: Archaludon|Body Press|p2a: Quox
|-supereffective|p2a: Quox
|-damage|p2a: Quox|27/100
|
|upkeep
|
|t:|1756823604
|switch|p1b: Basculegion|Basculegion, L50, M|100/100
|turn|2
|
|t:|1756823615
|move|p1b: Basculegion|Aqua Jet|p1a: Archaludon
|-resisted|p1a: Archaludon
|-damage|p1a: Archaludon|92/100
|-ability|p1a: Archaludon|Stamina|boost
|-boost|p1a: Archaludon|def|1
|move|p2b: Scream|Thunderbolt|p1b: Basculegion
|-supereffective|p1b: Basculegion
|-crit|p1b: Basculegion
|-damage|p1b: Basculegion|0 fnt
|faint|p1b: Basculegion
|move|p2a: Quox|Bite|p1a: Archaludon
|-damage|p1a: Archaludon|82/100
|-ability|p1a: Archaludon|Stamina|boost
|-boost|p1a: Archaludon|def|1
|move|p1a: Archaludon|Body Press|p2a: Quox
|-supereffective|p2a: Quox
|-damage|p2a: Quox|0 fnt
|faint|p2a: Quox
|
|upkeep
|inactive|CRISP WHITE SHEETS has 30 seconds left.
|
|t:|1756823643
|switch|p2a: Gaiuss|Archaludon, L50, M, shiny|100/100
|switch|p1b: Amoonguss|Amoonguss, L50, F|100/100
|turn|3
|
|t:|1756823663
|switch|p2a: Rage|Pelipper, L50, M|100/100
|-weather|RainDance|[from] ability: Drizzle|[of] p2a: Rage
|move|p2b: Scream|Hurricane|p1b: Amoonguss
|-supereffective|p1b: Amoonguss
|-damage|p1b: Amoonguss|35/100
|-enditem|p1b: Amoonguss|Sitrus Berry|[eat]
|-heal|p1b: Amoonguss|60/100|[from] item: Sitrus Berry
|move|p1a: Archaludon|Body Press|p2a: Rage
|-resisted|p2a: Rage
|-damage|p2a: Rage|72/100
|move|p1b: Amoonguss|Pollen Puff|p1a: Archaludon
|-heal|p1a: Archaludon|100/100
|
|-weather|RainDance|[upkeep]
|upkeep
|turn|4
|inactive|Xodroont has 30 seconds left.
|
|t:|1756823694
|-terastallize|p1b: Amoonguss|Water
|move|p2b: Scream|Hurricane|p1b: Amoonguss
|-damage|p1b: Amoonguss|26/100
|-start|p1b: Amoonguss|confusion
|move|p2a: Rage|Muddy Water|p1a: Archaludon|[spread] p1a,p1b
|-resisted|p1a: Archaludon
|-resisted|p1b: Amoonguss
|-damage|p1a: Archaludon|86/100
|-damage|p1b: Amoonguss|11/100
|-unboost|p1a: Archaludon|accuracy|1
|-ability|p1a: Archaludon|Stamina|boost
|-boost|p1a: Archaludon|def|1
|move|p1a: Archaludon|Electro Shot||[still]
|-prepare|p1a: Archaludon|Electro Shot
|-boost|p1a: Archaludon|spa|1
|-anim|p1a: Archaludon|Electro Shot|p2a: Rage
|-supereffective|p2a: Rage
|-damage|p2a: Rage|0 fnt
|faint|p2a: Rage
|-activate|p1b: Amoonguss|confusion
|-damage|p1b: Amoonguss|3/100|[from] confusion
|
|-weather|RainDance|[upkeep]
|-sideend|p2: CRISP WHITE SHEETS|move: Tailwind
|upkeep
|
|t:|1756823697
|switch|p2a: Gaiuss|Archaludon, L50, M, shiny|100/100
|turn|5
|inactive|Xodroont has 30 seconds left.
|
|t:|1756823724
|move|p2b: Scream|Tailwind|p2b: Scream
|-sidestart|p2: CRISP WHITE SHEETS|move: Tailwind
|move|p2a: Gaiuss|Electro Shot||[still]
|-prepare|p2a: Gaiuss|Electro Shot
|-boost|p2a: Gaiuss|spa|1
|-anim|p2a: Gaiuss|Electro Shot|p1b: Amoonguss
|-supereffective|p1b: Amoonguss
|-crit|p1b: Amoonguss
|-damage|p1b: Amoonguss|0 fnt
|faint|p1b: Amoonguss
|move|p1a: Archaludon|Flash Cannon|p2a: Gaiuss|[miss]
|-miss|p1a: Archaludon|p2a: Gaiuss
|
|-weather|RainDance|[upkeep]
|upkeep
|turn|6
|
|t:|1756823737
|move|p2b: Scream|Hurricane|p1a: Archaludon
|-resisted|p1a: Archaludon
|-damage|p1a: Archaludon|70/100
|-ability|p1a: Archaludon|Stamina|boost
|-boost|p1a: Archaludon|def|1
|move|p2a: Gaiuss|Electro Shot||[still]
|-prepare|p2a: Gaiuss|Electro Shot
|-boost|p2a: Gaiuss|spa|1
|-anim|p2a: Gaiuss|Electro Shot|p1a: Archaludon
|-resisted|p1a: Archaludon
|-damage|p1a: Archaludon|41/100
|-ability|p1a: Archaludon|Stamina|boost
|-boost|p1a: Archaludon|def|1
|move|p1a: Archaludon|Body Press|p2a: Gaiuss
|-supereffective|p2a: Gaiuss
|-damage|p2a: Gaiuss|0 fnt
|faint|p2a: Gaiuss
|
|-weather|RainDance|[upkeep]
|upkeep
|turn|7
|
|t:|1756823756
|move|p2b: Scream|Hurricane|p1a: Archaludon
|-resisted|p1a: Archaludon
|-damage|p1a: Archaludon|23/100
|-start|p1a: Archaludon|confusion
|-ability|p1a: Archaludon|Stamina|boost
|-boost|p1a: Archaludon|def|1
|-activate|p1a: Archaludon|confusion
|-damage|p1a: Archaludon|22/100|[from] confusion
|
|-weather|none
|upkeep
|turn|8
|
|t:|1756823768
|move|p2b: Scream|Hurricane|p1a: Archaludon
|-resisted|p1a: Archaludon
|-crit|p1a: Archaludon
|-damage|p1a: Archaludon|0 fnt
|faint|p1a: Archaludon
|
|win|CRISP WHITE SHEETS
