|j|☆MegaJouleVGC
|j|☆Sylviana GL
|html|MegaJouleVGCSylviana GL    
|uhtml|bestof|Game 2 of a best-of-3
|t:|1784792437
|gametype|doubles
|player|p1|MegaJouleVGC|artist|1271
|player|p2|Sylviana GL|caitlin|1172
|gen|9
|tier|[Gen 9 Champions] VGC 2026 Reg M-B (Bo3)
|rated|
|rule|Species Clause: Limit one of each Pokémon
|rule|Item Clause: Limit 1 of each item
|clearpoke
|poke|p1|Staraptor, L50, M|
|poke|p1|Whimsicott, L50, M|
|poke|p1|Kingambit, L50, F|
|poke|p1|Toxapex, L50, F|
|poke|p1|Sinistcha, L50|
|poke|p1|Camerupt, L50, F|
|poke|p2|Aerodactyl, L50, F, shiny|
|poke|p2|Charizard, L50, M|
|poke|p2|Sylveon, L50, M|
|poke|p2|Garchomp, L50, M|
|poke|p2|Kingambit, L50, M|
|poke|p2|Incineroar, L50, M|
|teampreview|4
|showteam|p1|Staraptor||Staraptite|Intimidate|CloseCombat,BraveBird,Roost,Protect|Jolly||M|||50|]Whimsicott||FairyFeather|Prankster|Tailwind,Encore,Moonblast,Charm|Timid||M|||50|]Kingambit||FocusSash|Defiant|SuckerPunch,IronHead,SwordsDance,Protect|Adamant||F|||50|]Toxapex||Leftovers|Regenerator|WideGuard,Toxic,Infestation,BanefulBunker|Sassy||F|||50|]Sinistcha||CobaBerry|Hospitality|TrickRoom,RagePowder,MatchaGotcha,Protect|Relaxed|||||50|]Camerupt||Cameruptite|SolidRock|EarthPower,AncientPower,Eruption,Protect|Quiet||F|||50|
|showteam|p2|Aerodactyl||Aerodactylite|Unnerve|RockSlide,IceFang,Tailwind,WideGuard|Jolly||F|||50|]Charizard||CharizarditeY|Blaze|HeatWave,WeatherBall,SolarBeam,Protect|Modest||M|||50|]Sylveon||FairyFeather|Pixilate|HyperVoice,HyperBeam,QuickAttack,Detect|Modest||M|||50|]Garchomp||LifeOrb|RoughSkin|DragonClaw,Earthquake,StompingTantrum,Protect|Jolly||M|||50|]Kingambit||FocusSash|Defiant|SuckerPunch,KowtowCleave,IronHead,Protect|Adamant||M|||50|]Incineroar||SitrusBerry|Intimidate|FlareBlitz,ThroatChop,FakeOut,PartingShot|Impish||M|||50|
|inactive|Battle timer is ON: inactive players will automatically lose when time's up. (requested by MegaJouleVGC)
|inactive|MegaJouleVGC has 60 seconds left.
|inactive|MegaJouleVGC has 30 seconds left.
|
|t:|1784792499
|teamsize|p1|4
|teamsize|p2|4
|start
|switch|p1a: Toxapex|Toxapex, L50, F|100/100
|switch|p1b: Staraptor|Staraptor, L50, M|100/100
|switch|p2a: Aerodactyl|Aerodactyl, L50, F, shiny|100/100
|switch|p2b: Sylveon|Sylveon, L50, M|100/100
|-ability|p2a: Aerodactyl|Unnerve
|-ability|p1b: Staraptor|Intimidate|boost
|-unboost|p2a: Aerodactyl|atk|1
|-unboost|p2b: Sylveon|atk|1
|turn|1
|inactive|MegaJouleVGC has 30 seconds left.
|
|t:|1784792527
|move|p1b: Staraptor|Protect|p1b: Staraptor
|-singleturn|p1b: Staraptor|Protect
|move|p2a: Aerodactyl|Tailwind|p2a: Aerodactyl
|-sidestart|p2: Sylviana GL|move: Tailwind
|move|p2b: Sylveon|Hyper Beam|p1b: Staraptor
|-activate|p1b: Staraptor|move: Protect
|move|p1a: Toxapex|Infestation|p2a: Aerodactyl
|-resisted|p2a: Aerodactyl|1
|-damage|p2a: Aerodactyl|97/100
|-activate|p2a: Aerodactyl|move: Infestation|[of] p1a: Toxapex
|
|-damage|p2a: Aerodactyl|85/100|[from] move: Infestation|[partiallytrapped]
|upkeep
|turn|2
|
|t:|1784792547
|switch|p1b: Whimsicott|Whimsicott, L50, M|100/100
|move|p2a: Aerodactyl|Rock Slide|p1a: Toxapex|[spread] p1a,p1b
|-damage|p1a: Toxapex|89/100
|-damage|p1b: Whimsicott|75/100
|move|p2b: Sylveon|Hyper Beam|p1b: Whimsicott
|-damage|p1b: Whimsicott|0 fnt
|-mustrecharge|p2b: Sylveon
|faint|p1b: Whimsicott
|move|p1a: Toxapex|Toxic|p2a: Aerodactyl
|-status|p2a: Aerodactyl|tox
|
|-heal|p1a: Toxapex|95/100|[from] item: Leftovers
|-damage|p2a: Aerodactyl|79/100 tox|[from] psn
|-damage|p2a: Aerodactyl|67/100 tox|[from] move: Infestation|[partiallytrapped]
|upkeep
|
|t:|1784792557
|switch|p1b: Staraptor|Staraptor, L50, M|100/100
|-ability|p1b: Staraptor|Intimidate|boost
|-unboost|p2a: Aerodactyl|atk|1
|-unboost|p2b: Sylveon|atk|1
|turn|3
|
|t:|1784792574
|detailschange|p1b: Staraptor|Staraptor-Mega, L50, M
|-mega|p1b: Staraptor|Staraptor|Staraptite
|move|p2a: Aerodactyl|Rock Slide|p1a: Toxapex|[spread] p1a,p1b
|-damage|p1a: Toxapex|87/100
|-damage|p1b: Staraptor|90/100
|cant|p2b: Sylveon|recharge
|move|p1b: Staraptor|Brave Bird|p2b: Sylveon
|-crit|p2b: Sylveon
|-damage|p2b: Sylveon|7/100
|-damage|p1b: Staraptor|60/100|[from] Recoil
|move|p1a: Toxapex|Infestation|p2b: Sylveon
|-resisted|p2b: Sylveon|1
|-damage|p2b: Sylveon|5/100
|-activate|p2b: Sylveon|move: Infestation|[of] p1a: Toxapex
|
|-heal|p1a: Toxapex|92/100|[from] item: Leftovers
|-damage|p2a: Aerodactyl|55/100 tox|[from] psn
|-damage|p2a: Aerodactyl|43/100 tox|[from] move: Infestation|[partiallytrapped]
|-damage|p2b: Sylveon|0 fnt|[from] move: Infestation|[partiallytrapped]
|faint|p2b: Sylveon
|upkeep
|
|t:|1784792589
|switch|p2b: Garchomp|Garchomp, L50, M|100/100
|turn|4
|inactive|Sylviana GL has 30 seconds left.
|
|t:|1784792623
|move|p1a: Toxapex|Wide Guard|p1a: Toxapex
|-singleturn|p1a: Toxapex|Wide Guard
|move|p2a: Aerodactyl|Ice Fang|p1b: Staraptor
|-supereffective|p1b: Staraptor|1
|-damage|p1b: Staraptor|44/100
|-status|p1b: Staraptor|frz
|move|p2b: Garchomp|Stomping Tantrum|p1a: Toxapex
|-supereffective|p1a: Toxapex|1
|-damage|p1a: Toxapex|8/100
|-damage|p2b: Garchomp|90/100|[from] item: Life Orb
|cant|p1b: Staraptor|frz
|
|-heal|p1a: Toxapex|14/100|[from] item: Leftovers
|-damage|p2a: Aerodactyl|25/100 tox|[from] psn
|-damage|p2a: Aerodactyl|13/100 tox|[from] move: Infestation|[partiallytrapped]
|-sideend|p2: Sylviana GL|move: Tailwind
|upkeep
|turn|5
|inactive|MegaJouleVGC has 30 seconds left.
|
|t:|1784792649
|move|p1a: Toxapex|Baneful Bunker||[still]
|-fail|p1a: Toxapex
|move|p2a: Aerodactyl|Ice Fang|p1b: Staraptor
|-supereffective|p1b: Staraptor|1
|-damage|p1b: Staraptor|27/100 frz
|cant|p1b: Staraptor|frz
|move|p2b: Garchomp|Dragon Claw|p1b: Staraptor
|-damage|p1b: Staraptor|0 fnt
|faint|p1b: Staraptor
|-damage|p2b: Garchomp|80/100|[from] item: Life Orb
|
|-heal|p1a: Toxapex|19/100|[from] item: Leftovers
|-damage|p2a: Aerodactyl|0 fnt|[from] psn
|faint|p2a: Aerodactyl
|upkeep
|
|t:|1784792658
|switch|p2a: Charizard|Charizard, L50, M|100/100
|switch|p1b: Kingambit|Kingambit, L50, F|100/100
|turn|6
|inactive|Sylviana GL has 30 seconds left.
|
|t:|1784792683
|move|p2b: Garchomp|Protect|p2b: Garchomp
|-singleturn|p2b: Garchomp|Protect
|move|p2a: Charizard|Protect|p2a: Charizard
|-singleturn|p2a: Charizard|Protect
|move|p1a: Toxapex|Wide Guard|p1a: Toxapex
|-singleturn|p1a: Toxapex|Wide Guard
|move|p1b: Kingambit|Swords Dance|p1b: Kingambit
|-boost|p1b: Kingambit|atk|2
|
|-heal|p1a: Toxapex|25/100|[from] item: Leftovers
|upkeep
|turn|7
|inactive|MegaJouleVGC has 30 seconds left.
|inactive|MegaJouleVGC has 20 seconds left.
|
|t:|1784792722
|detailschange|p2a: Charizard|Charizard-Mega-Y, L50, M
|-mega|p2a: Charizard|Charizard|Charizardite Y
|-weather|SunnyDay|[from] ability: Drought|[of] p2a: Charizard
|move|p1b: Kingambit|Protect|p1b: Kingambit
|-singleturn|p1b: Kingambit|Protect
|move|p2b: Garchomp|Stomping Tantrum|p1b: Kingambit
|-activate|p1b: Kingambit|move: Protect
|move|p2a: Charizard|Weather Ball|p1b: Kingambit
|-activate|p1b: Kingambit|move: Protect
|move|p1a: Toxapex|Toxic|p2b: Garchomp
|-status|p2b: Garchomp|tox
|
|-weather|SunnyDay|[upkeep]
|-heal|p1a: Toxapex|31/100|[from] item: Leftovers
|-damage|p2b: Garchomp|74/100 tox|[from] psn
|upkeep
|turn|8
|inactive|MegaJouleVGC has 30 seconds left.
|inactive|MegaJouleVGC has 20 seconds left.
|inactive|MegaJouleVGC has 15 seconds left.
|inactive|MegaJouleVGC has 10 seconds left.
|
|t:|1784792769
|move|p1b: Kingambit|Sucker Punch|p2b: Garchomp
|-damage|p2b: Garchomp|0 fnt
|-damage|p1b: Kingambit|87/100|[from] ability: Rough Skin|[of] p2b: Garchomp
|faint|p2b: Garchomp
|move|p2a: Charizard|Weather Ball|p1b: Kingambit
|-supereffective|p1b: Kingambit|1
|-damage|p1b: Kingambit|0 fnt
|faint|p1b: Kingambit
|move|p1a: Toxapex|Toxic|p2a: Charizard
|-status|p2a: Charizard|tox
|
|-weather|SunnyDay|[upkeep]
|-heal|p1a: Toxapex|36/100|[from] item: Leftovers
|-damage|p2a: Charizard|93/100 tox|[from] psn
|upkeep
|turn|9
|
|t:|1784792778
|move|p1a: Toxapex|Baneful Bunker|p1a: Toxapex
|-singleturn|p1a: Toxapex|move: Protect
|move|p2a: Charizard|Solar Beam||[still]
|-prepare|p2a: Charizard|Solar Beam
|-anim|p2a: Charizard|Solar Beam|p1a: Toxapex
|-activate|p1a: Toxapex|move: Protect
|
|-weather|SunnyDay|[upkeep]
|-heal|p1a: Toxapex|42/100|[from] item: Leftovers
|-damage|p2a: Charizard|81/100 tox|[from] psn
|upkeep
|turn|10
|
|t:|1784792783
|move|p2a: Charizard|Solar Beam||[still]
|-prepare|p2a: Charizard|Solar Beam
|-anim|p2a: Charizard|Solar Beam|p1a: Toxapex
|-damage|p1a: Toxapex|12/100
|move|p1a: Toxapex|Infestation|p2a: Charizard
|-resisted|p2a: Charizard|2
|-damage|p2a: Charizard|80/100 tox
|-activate|p2a: Charizard|move: Infestation|[of] p1a: Toxapex
|
|-weather|SunnyDay|[upkeep]
|-heal|p1a: Toxapex|17/100|[from] item: Leftovers
|-damage|p2a: Charizard|62/100 tox|[from] psn
|-damage|p2a: Charizard|49/100 tox|[from] move: Infestation|[partiallytrapped]
|upkeep
|turn|11
|
|t:|1784792788
|move|p1a: Toxapex|Baneful Bunker|p1a: Toxapex
|-singleturn|p1a: Toxapex|move: Protect
|move|p2a: Charizard|Solar Beam||[still]
|-prepare|p2a: Charizard|Solar Beam
|-anim|p2a: Charizard|Solar Beam|p1a: Toxapex
|-activate|p1a: Toxapex|move: Protect
|
|-weather|none
|-heal|p1a: Toxapex|23/100|[from] item: Leftovers
|-damage|p2a: Charizard|24/100 tox|[from] psn
|-damage|p2a: Charizard|12/100 tox|[from] move: Infestation|[partiallytrapped]
|upkeep
|turn|12
|
|t:|1784792795
|move|p2a: Charizard|Weather Ball|p1a: Toxapex
|-damage|p1a: Toxapex|9/100
|move|p1a: Toxapex|Infestation|p2a: Charizard
|-resisted|p2a: Charizard|2
|-damage|p2a: Charizard|11/100 tox
|
|-heal|p1a: Toxapex|15/100|[from] item: Leftovers
|-damage|p2a: Charizard|0 fnt|[from] psn
|faint|p2a: Charizard
|
|win|MegaJouleVGC
||MegaJouleVGC is ready for game 3.
||Sylviana GL is ready for game 3.
|uhtml|next|Next: Game 3 of 3
|l|☆MegaJouleVGC
|player|p1|
