|j|☆Eggy’sDad
|j|☆axolotlwooper
|html|Eggy’sDadaxolotlwooper    
|uhtml|bestof|Game 2 of a best-of-3
|t:|1785222871
|gametype|doubles
|player|p1|Eggy’sDad|101|1130
|player|p2|axolotlwooper|linebacker|1102
|gen|9
|tier|[Gen 9 Champions] VGC 2026 Reg M-B (Bo3)
|rated|
|rule|Species Clause: Limit one of each Pokémon
|rule|Item Clause: Limit 1 of each item
|clearpoke
|poke|p1|Pyroar, L50, M|
|poke|p1|Whimsicott, L50, M|
|poke|p1|Ninetales, L50, M|
|poke|p1|Farigiraf, L50, M|
|poke|p1|Basculegion, L50, M|
|poke|p1|Floette-Eternal, L50, F|
|poke|p2|Farigiraf, L50, F|
|poke|p2|Maushold, L50|
|poke|p2|Camerupt, L50, M|
|poke|p2|Vanilluxe, L50, M|
|poke|p2|Mawile, L50, M|
|poke|p2|Araquanid, L50, M|
|teampreview|4
|showteam|p1|Pyroar||Pyroarite|Unnerve|HeatWave,SolarBeam,Overheat,Protect|Timid||M|||50|]Whimsicott||FocusSash|Prankster|Moonblast,Tailwind,SunnyDay,Protect|Timid||M|||50|]Ninetales||ChoiceScarf|Drought|Overheat,HeatWave,SolarBeam,FakeTears|Modest||M|||50|]Farigiraf||SitrusBerry|ArmorTail|Thunderbolt,TwinBeam,TrickRoom,HelpingHand|Bold||M|||50|]Basculegion||LifeOrb|Adaptability|WaveCrash,LastRespects,AquaJet,Protect|Adamant||M|||50|]Floette-Eternal||Floettite|FlowerVeil|Moonblast,DazzlingGleam,LightofRuin,Protect|Timid||F|||50|
|showteam|p2|Farigiraf||SitrusBerry|ArmorTail|PsychicFangs,HyperVoice,HelpingHand,TrickRoom|Relaxed||F|||50|]Maushold||FocusSash|FriendGuard|SuperFang,FollowMe,Uturn,Taunt|Relaxed|||||50|]Camerupt||Cameruptite|SolidRock|HeatWave,EarthPower,AncientPower,Protect|Quiet||M|||50|]Vanilluxe||NeverMeltIce|SnowWarning|Blizzard,FreezeDry,IceShard,Protect|Quiet||M|||50|]Mawile||Mawilite|HyperCutter|PlayRough,IronHead,SuckerPunch,Protect|Brave||M|||50|]Araquanid||LifeOrb|WaterBubble|Liquidation,PoisonJab,LeechLife,WideGuard|Brave||M|||50|
|inactive|Battle timer is ON: inactive players will automatically lose when time's up. (requested by axolotlwooper)
|inactive|Eggy’sDad has 60 seconds left.
|
|t:|1785222924
|teamsize|p1|4
|teamsize|p2|4
|start
|switch|p1a: Farigiraf|Farigiraf, L50, M|100/100
|switch|p1b: Ninetales|Ninetales, L50, M|100/100
|switch|p2a: Farigiraf|Farigiraf, L50, F|100/100
|switch|p2b: Maushold|Maushold, L50|100/100
|-weather|SunnyDay|[from] ability: Drought|[of] p1b: Ninetales
|turn|1
|inactive|Eggy’sDad has 30 seconds left.
|
|t:|1785222953
|move|p2a: Farigiraf|Helping Hand|p2b: Maushold
|-singleturn|p2b: Maushold|Helping Hand|[of] p2a: Farigiraf
|move|p1b: Ninetales|Overheat|p2a: Farigiraf
|-damage|p2a: Farigiraf|44/100
|-unboost|p1b: Ninetales|spa|2
|-enditem|p2a: Farigiraf|Sitrus Berry|[eat]
|-heal|p2a: Farigiraf|69/100|[from] item: Sitrus Berry
|move|p2b: Maushold|U-turn|p1a: Farigiraf
|-supereffective|p1a: Farigiraf|1
|-damage|p1a: Farigiraf|70/100
|
|t:|1785222963
|switch|p2b: Camerupt|Camerupt, L50, M|100/100|[from] U-turn
|move|p1a: Farigiraf|Thunderbolt|p2a: Farigiraf
|-damage|p2a: Farigiraf|47/100
|-status|p2a: Farigiraf|par
|
|-weather|SunnyDay|[upkeep]
|upkeep
|turn|2
|inactive|Eggy’sDad has 30 seconds left.
|inactive|Eggy’sDad has 20 seconds left.
|inactive|Eggy’sDad has 15 seconds left.
|
|t:|1785223004
|detailschange|p2b: Camerupt|Camerupt-Mega, L50, M
|-mega|p2b: Camerupt|Camerupt|Cameruptite
|move|p2a: Farigiraf|Helping Hand|p2b: Camerupt
|-singleturn|p2b: Camerupt|Helping Hand|[of] p2a: Farigiraf
|move|p1b: Ninetales|Overheat|p2b: Camerupt|[miss]
|-miss|p1b: Ninetales|p2b: Camerupt
|move|p1a: Farigiraf|Twin Beam|p2b: Camerupt
|-damage|p2b: Camerupt|85/100
|-damage|p2b: Camerupt|71/100
|-hitcount|p2b: Camerupt|2
|move|p2b: Camerupt|Earth Power|p1b: Ninetales
|-supereffective|p1b: Ninetales|1
|-damage|p1b: Ninetales|0 fnt
|faint|p1b: Ninetales
|
|-weather|SunnyDay|[upkeep]
|upkeep
|inactive|Eggy’sDad has 30 seconds left.
|inactive|Eggy’sDad has 20 seconds left.
|
|t:|1785223040
|switch|p1b: Pyroar|Pyroar, L50, M|100/100
|-ability|p1b: Pyroar|Unnerve
|turn|3
|
|t:|1785223065
|detailschange|p1b: Pyroar|Pyroar-Mega, L50, M
|-mega|p1b: Pyroar|Pyroar|Pyroarite
|move|p1a: Farigiraf|Helping Hand|p1b: Pyroar
|-singleturn|p1b: Pyroar|Helping Hand|[of] p1a: Farigiraf
|move|p1b: Pyroar|Heat Wave|p2b: Camerupt|[spread] p2a,p2b
|-resisted|p2b: Camerupt|1
|-damage|p2a: Farigiraf|0 fnt
|-damage|p2b: Camerupt|12/100
|faint|p2a: Farigiraf
|move|p2b: Camerupt|Earth Power|p1b: Pyroar
|-supereffective|p1b: Pyroar|1
|-damage|p1b: Pyroar|0 fnt
|faint|p1b: Pyroar
|
|-weather|SunnyDay|[upkeep]
|upkeep
|
|t:|1785223082
|switch|p1b: Basculegion|Basculegion, L50, M|100/100
|switch|p2a: Maushold|Maushold, L50|100/100
|turn|4
|inactive|Eggy’sDad has 30 seconds left.
|inactive|axolotlwooper has 30 seconds left.
|
|t:|1785223115
|move|p1b: Basculegion|Protect|p1b: Basculegion
|-singleturn|p1b: Basculegion|Protect
|move|p2b: Camerupt|Protect|p2b: Camerupt
|-singleturn|p2b: Camerupt|Protect
|move|p2a: Maushold|Super Fang|p1a: Farigiraf
|-damage|p1a: Farigiraf|35/100
|-enditem|p1a: Farigiraf|Sitrus Berry|[eat]
|-heal|p1a: Farigiraf|59/100|[from] item: Sitrus Berry
|move|p1a: Farigiraf|Twin Beam|p2b: Camerupt
|-activate|p2b: Camerupt|move: Protect
|
|-weather|SunnyDay|[upkeep]
|upkeep
|turn|5
|
|t:|1785223137
|move|p1b: Basculegion|Aqua Jet|p2b: Camerupt
|-supereffective|p2b: Camerupt|2
|-damage|p2b: Camerupt|0 fnt
|faint|p2b: Camerupt
|-damage|p1b: Basculegion|90/100|[from] item: Life Orb
|move|p2a: Maushold|Taunt|p1a: Farigiraf
|-start|p1a: Farigiraf|move: Taunt
|move|p1a: Farigiraf|Twin Beam|p2a: Maushold
|-damage|p2a: Maushold|82/100
|-damage|p2a: Maushold|64/100
|-hitcount|p2a: Maushold|2
|
|-weather|none
|upkeep
|
|t:|1785223149
|switch|p2b: Vanilluxe|Vanilluxe, L50, M|100/100
|-weather|Snowscape|[from] ability: Snow Warning|[of] p2b: Vanilluxe
|turn|6
|inactive|Eggy’sDad has 30 seconds left.
|inactive|Eggy’sDad has 20 seconds left.
|
|t:|1785223186
|move|p1b: Basculegion|Protect|p1b: Basculegion
|-singleturn|p1b: Basculegion|Protect
|move|p2a: Maushold|Follow Me|p2a: Maushold
|-singleturn|p2a: Maushold|move: Follow Me
|move|p2b: Vanilluxe|Freeze-Dry|p1b: Basculegion
|-activate|p1b: Basculegion|move: Protect
|move|p1a: Farigiraf|Twin Beam|p2a: Maushold
|-damage|p2a: Maushold|46/100
|-damage|p2a: Maushold|28/100
|-hitcount|p2a: Maushold|2
|
|-weather|Snowscape|[upkeep]
|upkeep
|turn|7
|
|t:|1785223210
|move|p1b: Basculegion|Protect|p1b: Basculegion
|-singleturn|p1b: Basculegion|Protect
|move|p2a: Maushold|Follow Me|p2a: Maushold
|-singleturn|p2a: Maushold|move: Follow Me
|move|p2b: Vanilluxe|Freeze-Dry|p1b: Basculegion
|-activate|p1b: Basculegion|move: Protect
|move|p1a: Farigiraf|Twin Beam|p2a: Maushold
|-damage|p2a: Maushold|9/100
|-damage|p2a: Maushold|0 fnt
|faint|p2a: Maushold
|-hitcount|p2: Maushold|2
|
|-weather|Snowscape|[upkeep]
|-end|p1a: Farigiraf|move: Taunt
|upkeep
|turn|8
|inactive|Eggy’sDad has 30 seconds left.
|inactive|Eggy’sDad has 20 seconds left.
|
|t:|1785223245
|move|p1a: Farigiraf|Helping Hand|p1b: Basculegion
|-singleturn|p1b: Basculegion|Helping Hand|[of] p1a: Farigiraf
|move|p1b: Basculegion|Last Respects|p2b: Vanilluxe
|-damage|p2b: Vanilluxe|0 fnt
|faint|p2b: Vanilluxe
|-damage|p1b: Basculegion|80/100|[from] item: Life Orb
|
|win|Eggy’sDad
