|j|☆Mclovingods
|j|☆mroreo328
|html|Mclovingodsmroreo328    
|uhtml|bestof|Game 2 of a best-of-3
|t:|1782687048
|gametype|doubles
|player|p1|Mclovingods|266|1197
|player|p2|mroreo328|youngster-gen4dp|1259
|gen|9
|tier|[Gen 9 Champions] VGC 2026 Reg M-B (Bo3)
|rated|
|rule|Species Clause: Limit one of each Pokémon
|rule|Item Clause: Limit 1 of each item
|clearpoke
|poke|p1|Delphox, L50, F|
|poke|p1|Basculegion, L50, M|
|poke|p1|Sinistcha, L50|
|poke|p1|Incineroar, L50, F|
|poke|p1|Garchomp, L50, F|
|poke|p1|Staraptor, L50, M|
|poke|p2|Hatterene, L50, F|
|poke|p2|Farigiraf, L50, F, shiny|
|poke|p2|Vivillon-Pokeball, L50, F, shiny|
|poke|p2|Staraptor, L50, M|
|poke|p2|Kangaskhan, L50, F|
|poke|p2|Camerupt, L50, M|
|teampreview|4
|showteam|p1|Delphox||Delphoxite|Blaze|NastyPlot,HeatWave,Psychic,Protect|Timid||F|||50|]Basculegion||MysticWater|Adaptability|WaveCrash,AquaJet,LastRespects,Protect|Jolly||M|||50|]Sinistcha||CobaBerry|Hospitality|MatchaGotcha,RagePowder,LifeDew,TrickRoom|Calm|||||50|]Incineroar||SitrusBerry|Intimidate|FakeOut,PartingShot,FlareBlitz,DarkestLariat|Careful||F|||50|]Garchomp||LifeOrb|RoughSkin|Earthquake,DragonClaw,RockSlide,Protect|Jolly||F|||50|]Staraptor||Staraptite|Intimidate|CloseCombat,BraveBird,Protect,Roost|Jolly||M|||50|
|showteam|p2|Hatterene||FocusSash|MagicBounce|DazzlingGleam,Psychic,ShadowBall,TrickRoom|Quiet||F|||50|]Farigiraf||ColburBerry|ArmorTail|Psychic,LowKick,SunnyDay,TrickRoom|Relaxed||F|||50|]Vivillon-Pokeball||ChoiceScarf|CompoundEyes|Hurricane,StruggleBug,PollenPuff,SleepPowder|Timid||F|||50|]Staraptor||Staraptite|Intimidate|CloseCombat,BraveBird,Roost,Protect|Brave||M|||50|]Kangaskhan||SilkScarf|Scrappy|LastResort,FakeOut|Brave||F|||50|]Camerupt||Cameruptite|SolidRock|Eruption,EarthPower,AncientPower,Protect|Quiet||M|||50|
|inactive|Battle timer is ON: inactive players will automatically lose when time's up. (requested by mroreo328)
|inactive|mroreo328 has 60 seconds left.
|
|t:|1782687081
|teamsize|p1|4
|teamsize|p2|4
|start
|switch|p1a: Delphox|Delphox, L50, F|100/100
|switch|p1b: Sinistcha|Sinistcha, L50|100/100
|switch|p2a: Vivillon|Vivillon-Pokeball, L50, F, shiny|100/100
|switch|p2b: Camerupt|Camerupt, L50, M|100/100
|turn|1
|
|t:|1782687098
|detailschange|p1a: Delphox|Delphox-Mega, L50, F
|-mega|p1a: Delphox|Delphox|Delphoxite
|detailschange|p2b: Camerupt|Camerupt-Mega, L50, M
|-mega|p2b: Camerupt|Camerupt|Cameruptite
|move|p1b: Sinistcha|Rage Powder|p1b: Sinistcha
|-singleturn|p1b: Sinistcha|move: Rage Powder
|move|p2a: Vivillon|Struggle Bug|p1b: Sinistcha|[spread] p1a,p1b
|-damage|p1a: Delphox|86/100
|-damage|p1b: Sinistcha|86/100
|-unboost|p1a: Delphox|spa|1
|-unboost|p1b: Sinistcha|spa|1
|move|p1a: Delphox|Nasty Plot|p1a: Delphox
|-boost|p1a: Delphox|spa|2
|move|p2b: Camerupt|Eruption|p1b: Sinistcha|[spread] p1a,p1b
|-resisted|p1a: Delphox|1
|-crit|p1a: Delphox
|-supereffective|p1b: Sinistcha|1
|-damage|p1a: Delphox|37/100
|-damage|p1b: Sinistcha|0 fnt
|faint|p1b: Sinistcha
|
|upkeep
|
|t:|1782687112
|switch|p1b: Garchomp|Garchomp, L50, F|100/100
|turn|2
|
|t:|1782687118
|switch|p2a: Farigiraf|Farigiraf, L50, F, shiny|100/100
|move|p2b: Camerupt|Protect|p2b: Camerupt
|-singleturn|p2b: Camerupt|Protect
|move|p1a: Delphox|Heat Wave|p2a: Farigiraf|[spread] p2a
|-activate|p2b: Camerupt|move: Protect
|-damage|p2a: Farigiraf|32/100
|move|p1b: Garchomp|Rock Slide|p2b: Camerupt|[spread] p2a
|-activate|p2b: Camerupt|move: Protect
|-damage|p2a: Farigiraf|15/100
|-damage|p1b: Garchomp|90/100|[from] item: Life Orb
|
|upkeep
|turn|3
|
|t:|1782687141
|move|p1a: Delphox|Heat Wave|p2b: Camerupt|[spread] p2a,p2b
|-resisted|p2b: Camerupt|1
|-damage|p2a: Farigiraf|0 fnt
|-damage|p2b: Camerupt|69/100
|faint|p2a: Farigiraf
|move|p1b: Garchomp|Earthquake|p2b: Camerupt|[spread] p2b
|-immune|p1a: Delphox|[from] ability: Levitate
|-supereffective|p2b: Camerupt|1
|-damage|p2b: Camerupt|0 fnt
|faint|p2b: Camerupt
|-damage|p1b: Garchomp|80/100|[from] item: Life Orb
|
|upkeep
|
|t:|1782687147
|switch|p2a: Vivillon|Vivillon-Pokeball, L50, F, shiny|100/100
|switch|p2b: Hatterene|Hatterene, L50, F|100/100
|turn|4
|
|t:|1782687158
|move|p2a: Vivillon|Sleep Powder|p1a: Delphox
|-status|p1a: Delphox|slp|[from] move: Sleep Powder
|cant|p1a: Delphox|slp
|move|p1b: Garchomp|Rock Slide|p2a: Vivillon|[spread] p2a,p2b
|-supereffective|p2a: Vivillon|2
|-damage|p2a: Vivillon|0 fnt
|-damage|p2b: Hatterene|70/100
|faint|p2a: Vivillon
|-damage|p1b: Garchomp|70/100|[from] item: Life Orb
|move|p2b: Hatterene|Dazzling Gleam|p1a: Delphox|[spread] p1a,p1b
|-resisted|p1a: Delphox|1
|-supereffective|p1b: Garchomp|1
|-damage|p1a: Delphox|19/100 slp
|-damage|p1b: Garchomp|0 fnt
|faint|p1b: Garchomp
|
|upkeep
|
|t:|1782687169
|switch|p1b: Basculegion|Basculegion, L50, M|100/100
|turn|5
|
|t:|1782687174
|cant|p1a: Delphox|slp
|move|p1b: Basculegion|Last Respects|p2b: Hatterene
|-supereffective|p2b: Hatterene|1
|-damage|p2b: Hatterene|0 fnt
|faint|p2b: Hatterene
|
|win|Mclovingods
||Mclovingods is ready for game 3.
||mroreo328 is ready for game 3.
|uhtml|next|Next: Game 3 of 3
|l|☆mroreo328
|player|p2|
