|j|☆new mental
|j|☆josedawp
|html|new mentaljosedawp    
|uhtml|bestof|Game 2 of a best-of-3
|t:|1783257183
|gametype|doubles
|player|p1|new mental|volkner|1164
|player|p2|josedawp|hilbert|1196
|gen|9
|tier|[Gen 9 Champions] VGC 2026 Reg M-B (Bo3)
|rated|
|rule|Species Clause: Limit one of each Pokémon
|rule|Item Clause: Limit 1 of each item
|clearpoke
|poke|p1|Aerodactyl, L50, M|
|poke|p1|Garchomp, L50, F|
|poke|p1|Kingambit, L50, M|
|poke|p1|Charizard, L50, M|
|poke|p1|Sylveon, L50, F|
|poke|p1|Farigiraf, L50, F|
|poke|p2|Whimsicott, L50, M|
|poke|p2|Gholdengo, L50|
|poke|p2|Garchomp, L50, F, shiny|
|poke|p2|Delphox, L50, M|
|poke|p2|Clefable, L50, F|
|poke|p2|Staraptor, L50, F|
|teampreview|4
|showteam|p1|Aerodactyl||Aerodactylite|Unnerve|IceFang,RockSlide,Tailwind,DualWingbeat|Jolly||M|||50|]Garchomp||LifeOrb|RoughSkin|DragonClaw,StompingTantrum,Earthquake,Protect|Jolly||F|||50|]Kingambit||FocusSash|Defiant|SuckerPunch,KowtowCleave,IronHead,LowKick|Adamant||M|||50|]Charizard||CharizarditeY|SolarPower|Protect,HeatWave,SolarBeam,WeatherBall|Timid||M|||50|]Sylveon||FairyFeather|Pixilate|Protect,HyperVoice,HyperBeam,QuickAttack|Modest||F|||50|]Farigiraf||SitrusBerry|ArmorTail|TrickRoom,Thunderbolt,Psychic,Roar|Bold||F|||50|
|showteam|p2|Whimsicott||FocusSash|Prankster|Tailwind,FakeTears,Moonblast,Charm|Timid||M|||50|]Gholdengo||SpellTag|GoodasGold|MakeItRain,ShadowBall,NastyPlot,Protect|Modest|||||50|]Garchomp||LifeOrb|RoughSkin|DragonClaw,Earthquake,RockSlide,Protect|Jolly||F|||50|]Delphox||Delphoxite|Blaze|HeatWave,Psychic,Substitute,Protect|Modest||M|||50|]Clefable||SitrusBerry|Unaware|FollowMe,Moonblast,Protect,Encore|Bold||F|||50|]Staraptor||Staraptite|Intimidate|CloseCombat,BraveBird,Protect,Roost|Adamant||F|||50|
|inactive|Battle timer is ON: inactive players will automatically lose when time's up. (requested by new mental)
|
|t:|1783257210
|teamsize|p1|4
|teamsize|p2|4
|start
|switch|p1a: Charizard|Charizard, L50, M|100/100
|switch|p1b: Kingambit|Kingambit, L50, M|100/100
|switch|p2a: Delphox|Delphox, L50, M|100/100
|switch|p2b: FelinexA9|Gholdengo, L50|100/100
|turn|1
|
|t:|1783257231
|switch|p2b: waffentragger|Garchomp, L50, F, shiny|100/100
|detailschange|p1a: Charizard|Charizard-Mega-Y, L50, M
|-mega|p1a: Charizard|Charizard|Charizardite Y
|-weather|SunnyDay|[from] ability: Drought|[of] p1a: Charizard
|detailschange|p2a: Delphox|Delphox-Mega, L50, M
|-mega|p2a: Delphox|Delphox|Delphoxite
|move|p2a: Delphox|Protect|p2a: Delphox
|-singleturn|p2a: Delphox|Protect
|move|p1a: Charizard|Heat Wave|p2b: waffentragger|[spread] p2b
|-activate|p2a: Delphox|move: Protect
|-resisted|p2b: waffentragger|1
|-damage|p2b: waffentragger|70/100
|move|p1b: Kingambit|Kowtow Cleave|p2a: Delphox
|-activate|p2a: Delphox|move: Protect
|
|-weather|SunnyDay|[upkeep]
|upkeep
|turn|2
|
|t:|1783257252
|switch|p2a: Clefable|Clefable, L50, F|100/100
|move|p1b: Kingambit|Sucker Punch||[still]
|-fail|p1b: Kingambit
|move|p2b: waffentragger|Rock Slide|p1a: Charizard|[spread] p1a
|-miss|p2b: waffentragger|p1b: Kingambit
|-supereffective|p1a: Charizard|2
|-damage|p1a: Charizard|12/100
|-damage|p2b: waffentragger|60/100|[from] item: Life Orb
|move|p1a: Charizard|Heat Wave|p2a: Clefable|[spread] p2a,p2b
|-resisted|p2b: waffentragger|1
|-damage|p2a: Clefable|50/100g
|-damage|p2b: waffentragger|31/100
|
|-weather|SunnyDay|[upkeep]
|upkeep
|turn|3
|
|t:|1783257274
|move|p2a: Clefable|Protect|p2a: Clefable
|-singleturn|p2a: Clefable|Protect
|move|p2b: waffentragger|Earthquake|p1a: Charizard|[spread] p1b
|-activate|p2a: Clefable|move: Protect
|-immune|p1a: Charizard
|-supereffective|p1b: Kingambit|1
|-damage|p1b: Kingambit|6/100
|-damage|p2b: waffentragger|21/100|[from] item: Life Orb
|move|p1a: Charizard|Heat Wave|p2a: Clefable|[spread] p2b
|-activate|p2a: Clefable|move: Protect
|-resisted|p2b: waffentragger|1
|-damage|p2b: waffentragger|0 fnt
|faint|p2b: waffentragger
|move|p1b: Kingambit|Iron Head|p2a: Clefable
|-activate|p2a: Clefable|move: Protect
|
|-weather|SunnyDay|[upkeep]
|upkeep
|
|t:|1783257281
|switch|p2b: Delphox|Delphox-Mega, L50, M|100/100
|turn|4
|
|t:|1783257305
|move|p2a: Clefable|Follow Me|p2a: Clefable
|-singleturn|p2a: Clefable|move: Follow Me
|move|p1b: Kingambit|Sucker Punch||[still]
|-fail|p1b: Kingambit
|move|p2b: Delphox|Heat Wave|p1a: Charizard|[spread] p1a,p1b
|-resisted|p1a: Charizard|1
|-supereffective|p1b: Kingambit|1
|-damage|p1a: Charizard|0 fnt
|-damage|p1b: Kingambit|0 fnt
|faint|p1a: Charizard
|faint|p1b: Kingambit
|
|-weather|SunnyDay|[upkeep]
|upkeep
|
|t:|1783257309
|switch|p1a: Sylveon|Sylveon, L50, F|100/100
|switch|p1b: Farigiraf|Farigiraf, L50, F|100/100
|turn|5
|
|t:|1783257323
|move|p2b: Delphox|Heat Wave|p1a: Sylveon|[spread] p1a,p1b
|-crit|p1b: Farigiraf
|-damage|p1a: Sylveon|43/100
|-damage|p1b: Farigiraf|2/100
|-enditem|p1b: Farigiraf|Sitrus Berry|[eat]
|-heal|p1b: Farigiraf|27/100|[from] item: Sitrus Berry
|move|p1a: Sylveon|Hyper Voice|p2b: Delphox|[spread] p2a,p2b
|-resisted|p2b: Delphox|1
|-damage|p2a: Clefable|10/100
|-damage|p2b: Delphox|76/100
|-enditem|p2a: Clefable|Sitrus Berry|[eat]
|-heal|p2a: Clefable|35/100|[from] item: Sitrus Berry
|move|p2a: Clefable|Moonblast|p1b: Farigiraf
|-damage|p1b: Farigiraf|0 fnt
|faint|p1b: Farigiraf
|
|-weather|none
|upkeep
|turn|6
|-message|new mental forfeited.
|
|win|josedawp
||new mental is ready for game 3.
||josedawp is ready for game 3.
|uhtml|next|Next: Game 3 of 3
|l|☆josedawp
|player|p2|
