|j|☆AlexIannoneVGC
|j|☆itmaybetime
|html|AlexIannoneVGCitmaybetime    
|uhtml|bestof|Game 2 of a best-of-3
|t:|1782179663
|gametype|doubles
|player|p1|AlexIannoneVGC|colress|1105
|player|p2|itmaybetime|266|1000
|gen|9
|tier|[Gen 9 Champions] VGC 2026 Reg M-B (Bo3)
|rated|
|rule|Species Clause: Limit one of each Pokémon
|rule|Item Clause: Limit 1 of each item
|clearpoke
|poke|p1|Pyroar, L50, F|
|poke|p1|Farigiraf, L50, M|
|poke|p1|Sneasler, L50, F|
|poke|p1|Torkoal, L50, M|
|poke|p1|Floette-Eternal, L50, F|
|poke|p1|Whimsicott, L50, F|
|poke|p2|Gholdengo, L50|
|poke|p2|Incineroar, L50, F|
|poke|p2|Garchomp, L50, F|
|poke|p2|Charizard, L50, M|
|poke|p2|Basculegion, L50, M|
|poke|p2|Whimsicott, L50, F|
|teampreview|4
|showteam|p1|Pyroar||Pyroarite|Unnerve|Overheat,HeatWave,Protect,Roar|Timid||F|||50|]Farigiraf||SitrusBerry|ArmorTail|Protect,HelpingHand,TrickRoom,HyperVoice|Bold||M|||50|]Sneasler||WhiteHerb|Unburden|FakeOut,DireClaw,CloseCombat,Protect|Jolly||F|||50|]Torkoal||Charcoal|Drought|Eruption,HeatWave,Protect,HelpingHand|Modest||M|||50|]Floette-Eternal||Floettite|FlowerVeil|DazzlingGleam,Moonblast,CalmMind,Protect|Timid||F|||50|]Whimsicott||FocusSash|Prankster|Moonblast,Tailwind,Encore,Protect|Timid||F|||50|
|showteam|p2|Gholdengo||SpellTag|GoodasGold|MakeItRain,ShadowBall,NastyPlot,Protect|Modest|||||50|]Incineroar||SitrusBerry|Intimidate|PartingShot,FlareBlitz,ThroatChop,FakeOut|Impish||F|||50|]Garchomp||LifeOrb|RoughSkin|Earthquake,DragonClaw,RockSlide,Protect|Jolly||F|||50|]Charizard||CharizarditeY|Blaze|HeatWave,SolarBeam,WeatherBall,Protect|Modest||M|||50|]Basculegion||ChoiceScarf|Adaptability|WaveCrash,LastRespects,AquaJet,FlipTurn|Jolly||M|||50|]Whimsicott||FocusSash|Prankster|Tailwind,Encore,Moonblast,Protect|Timid||F|||50|
|inactive|Battle timer is ON: inactive players will automatically lose when time's up. (requested by AlexIannoneVGC)
|
|t:|1782179687
|teamsize|p1|4
|teamsize|p2|4
|start
|switch|p1a: Whimsicott|Whimsicott, L50, F|100/100
|switch|p1b: Pyroar|Pyroar, L50, F|100/100
|switch|p2a: Garchomp|Garchomp, L50, F|100/100
|switch|p2b: Basculegion|Basculegion, L50, M|100/100
|-ability|p1b: Pyroar|Unnerve
|turn|1
|inactive|AlexIannoneVGC has 30 seconds left.
|inactive|itmaybetime has 30 seconds left.
|
|t:|1782179714
|switch|p2b: Charizard|Charizard, L50, M|100/100
|move|p1b: Pyroar|Protect|p1b: Pyroar
|-singleturn|p1b: Pyroar|Protect
|move|p1a: Whimsicott|Tailwind|p1a: Whimsicott
|-sidestart|p1: AlexIannoneVGC|move: Tailwind
|move|p2a: Garchomp|Earthquake|p1b: Pyroar|[spread] p1a
|-activate|p1b: Pyroar|move: Protect
|-immune|p2b: Charizard
|-resisted|p1a: Whimsicott|1
|-damage|p1a: Whimsicott|64/100
|-damage|p2a: Garchomp|90/100|[from] item: Life Orb
|
|upkeep
|turn|2
|
|t:|1782179736
|detailschange|p1b: Pyroar|Pyroar-Mega, L50, F
|-mega|p1b: Pyroar|Pyroar|Pyroarite
|move|p2b: Charizard|Protect|p2b: Charizard
|-singleturn|p2b: Charizard|Protect
|move|p1b: Pyroar|Heat Wave|p2a: Garchomp|[spread] p2a
|-activate|p2b: Charizard|move: Protect
|-resisted|p2a: Garchomp|1
|-damage|p2a: Garchomp|59/100
|move|p1a: Whimsicott|Moonblast|p2a: Garchomp
|-supereffective|p2a: Garchomp|1
|-damage|p2a: Garchomp|0 fnt
|faint|p2a: Garchomp
|
|upkeep
|
|t:|1782179749
|switch|p2a: Incineroar|Incineroar, L50, F|100/100
|-ability|p2a: Incineroar|Intimidate|boost
|-unboost|p1a: Whimsicott|atk|1
|-unboost|p1b: Pyroar|atk|1
|turn|3
|
|t:|1782179763
|move|p1a: Whimsicott|Encore|p2b: Charizard
|-start|p2b: Charizard|Encore
|move|p2b: Charizard|Protect|p2b: Charizard
|-singleturn|p2b: Charizard|Protect
|move|p1b: Pyroar|Heat Wave|p2b: Charizard|[spread] p2a
|-activate|p2b: Charizard|move: Protect
|-resisted|p2a: Incineroar|1
|-crit|p2a: Incineroar
|-damage|p2a: Incineroar|62/100
|move|p2a: Incineroar|Parting Shot|p1b: Pyroar
|-unboost|p1b: Pyroar|atk|1
|-unboost|p1b: Pyroar|spa|1
|
|t:|1782179773
|switch|p2a: Basculegion|Basculegion, L50, M|100/100|[from] Parting Shot
|
|upkeep
|turn|4
|
|t:|1782179783
|switch|p1b: Farigiraf|Farigiraf, L50, M|100/100
|switch|p2b: Incineroar|Incineroar, L50, F|62/100
|-ability|p2b: Incineroar|Intimidate|boost
|-unboost|p1a: Whimsicott|atk|1
|-unboost|p1b: Farigiraf|atk|1
|move|p1a: Whimsicott|Moonblast|p2a: Basculegion
|-damage|p2a: Basculegion|61/100
|move|p2a: Basculegion|Flip Turn|p1b: Farigiraf
|-crit|p1b: Farigiraf
|-damage|p1b: Farigiraf|55/100
|
|t:|1782179793
|switch|p2a: Charizard|Charizard, L50, M|100/100|[from] Flip Turn
|
|-sideend|p1: AlexIannoneVGC|move: Tailwind
|upkeep
|turn|5
|
|t:|1782179811
|detailschange|p2a: Charizard|Charizard-Mega-Y, L50, M
|-mega|p2a: Charizard|Charizard|Charizardite Y
|-weather|SunnyDay|[from] ability: Drought|[of] p2a: Charizard
|move|p1a: Whimsicott|Tailwind|p1a: Whimsicott
|-sidestart|p1: AlexIannoneVGC|move: Tailwind
|move|p1b: Farigiraf|Hyper Voice|p2b: Incineroar|[spread] p2a,p2b
|-crit|p2b: Incineroar
|-damage|p2a: Charizard|73/100
|-damage|p2b: Incineroar|26/100
|-enditem|p2b: Incineroar|Sitrus Berry|[eat]
|-heal|p2b: Incineroar|51/100|[from] item: Sitrus Berry
|move|p2a: Charizard|Heat Wave|p1a: Whimsicott|[spread] p1a
|-miss|p2a: Charizard|p1b: Farigiraf
|-supereffective|p1a: Whimsicott|1
|-damage|p1a: Whimsicott|0 fnt
|faint|p1a: Whimsicott
|move|p2b: Incineroar|Parting Shot|p1b: Farigiraf
|-unboost|p1b: Farigiraf|atk|1
|-unboost|p1b: Farigiraf|spa|1
|
|t:|1782179827
|switch|p2b: Basculegion|Basculegion, L50, M|61/100|[from] Parting Shot
|
|-weather|SunnyDay|[upkeep]
|upkeep
|
|t:|1782179830
|switch|p1a: Pyroar|Pyroar-Mega, L50, F|100/100
|turn|6
|
|t:|1782179851
|switch|p2b: Incineroar|Incineroar, L50, F|51/100
|-ability|p2b: Incineroar|Intimidate|boost
|-unboost|p1a: Pyroar|atk|1
|-unboost|p1b: Farigiraf|atk|1
|move|p1b: Farigiraf|Helping Hand|p1a: Pyroar
|-singleturn|p1a: Pyroar|Helping Hand|[of] p1b: Farigiraf
|move|p1a: Pyroar|Heat Wave|p2b: Incineroar|[spread] p2a,p2b
|-resisted|p2a: Charizard|1
|-resisted|p2b: Incineroar|1
|-damage|p2a: Charizard|21/100
|-damage|p2b: Incineroar|1/100
|move|p2a: Charizard|Heat Wave|p1a: Pyroar|[spread] p1b
|-miss|p2a: Charizard|p1a: Pyroar
|-damage|p1b: Farigiraf|0 fnt
|faint|p1b: Farigiraf
|
|-weather|SunnyDay|[upkeep]
|upkeep
|
|t:|1782179866
|switch|p1b: Sneasler|Sneasler, L50, F|100/100
|turn|7
|
|t:|1782179884
|move|p1b: Sneasler|Fake Out|p2b: Incineroar
|-damage|p2b: Incineroar|0 fnt
|faint|p2b: Incineroar
|move|p1a: Pyroar|Heat Wave|p2a: Charizard
|-resisted|p2a: Charizard|1
|-damage|p2a: Charizard|0 fnt
|faint|p2a: Charizard
|
|-weather|SunnyDay|[upkeep]
|upkeep
|
|t:|1782179893
|switch|p2b: Basculegion|Basculegion, L50, M|61/100
|turn|8
|
|t:|1782179899
|move|p1a: Pyroar|Overheat|p2b: Basculegion
|-resisted|p2b: Basculegion|1
|-damage|p2b: Basculegion|0 fnt
|-unboost|p1a: Pyroar|spa|2
|faint|p2b: Basculegion
|
|win|AlexIannoneVGC
|raw|AlexIannoneVGC's rating: 1105 → 1123(+18 for winning)
|raw|itmaybetime's rating: 1000 → 1000(+0 for losing)
|l|☆AlexIannoneVGC
|player|p1|
