|j|☆babydimelavelda
|j|☆teyvgc
|html|babydimelaveldateyvgc    
|uhtml|bestof|Game 1 of a best-of-3
|t:|1785197507
|gametype|doubles
|player|p1|babydimelavelda|265|1223
|player|p2|teyvgc|rood|1286
|gen|9
|tier|[Gen 9 Champions] VGC 2026 Reg M-B (Bo3)
|rated|
|rule|Species Clause: Limit one of each Pokémon
|rule|Item Clause: Limit 1 of each item
|clearpoke
|poke|p1|Mawile, L50, F|
|poke|p1|Farigiraf, L50, F|
|poke|p1|Milotic, L50, F|
|poke|p1|Incineroar, L50, M|
|poke|p1|Garchomp, L50, M|
|poke|p1|Raichu, L50, M|
|poke|p2|Kingambit, L50, F|
|poke|p2|Garchomp, L50, F|
|poke|p2|Farigiraf, L50, F|
|poke|p2|Charizard, L50, M|
|poke|p2|Sylveon, L50, F|
|poke|p2|Aerodactyl, L50, M|
|teampreview|4
|showteam|p1|Mawile||Mawilite|HyperCutter|Protect,BrickBreak,PlayRough,RockSlide|Brave||F|||50|]Farigiraf||ColburBerry|ArmorTail|TrickRoom,TwinBeam,Protect,GrassKnot|Bold||F|||50|]Milotic||Leftovers|MarvelScale|Scald,IceBeam,Haze,Protect|Modest||F|||50|]Incineroar||SitrusBerry|Intimidate|FlareBlitz,DarkestLariat,FakeOut,PartingShot|Adamant||M|||50|]Garchomp||LifeOrb|RoughSkin|Earthquake,DragonClaw,RockSlide,Protect|Jolly||M|||50|]Raichu||RaichuniteY|LightningRod|ZapCannon,FocusBlast,FakeOut,Protect|Timid||M|||50|
|showteam|p2|Kingambit||BlackGlasses|Defiant|Protect,IronHead,SuckerPunch,KowtowCleave|Brave||F|||50|]Garchomp||LifeOrb|RoughSkin|DragonClaw,Earthquake,RockSlide,Protect|Jolly||F|||50|]Farigiraf||SitrusBerry|ArmorTail|TwinBeam,Thunderbolt,TrickRoom,HelpingHand|Bold||F|||50|]Charizard||CharizarditeY|Blaze|Protect,HeatWave,SolarBeam,WeatherBall|Modest||M|||50|]Sylveon||FairyFeather|Pixilate|Detect,HyperBeam,HyperVoice,QuickAttack|Modest||F|||50|]Aerodactyl||Aerodactylite|Unnerve|WideGuard,RockSlide,DualWingbeat,Tailwind|Jolly||M|||50|
|
|t:|1785197549
|teamsize|p1|4
|teamsize|p2|4
|start
|switch|p1a: Garchomp|Garchomp, L50, M|100/100
|switch|p1b: Raichu|Raichu, L50, M|100/100
|switch|p2a: Nikki|Charizard, L50, M|100/100
|switch|p2b: Obsession|Aerodactyl, L50, M|100/100
|-ability|p2b: Obsession|Unnerve
|turn|1
|
|t:|1785197563
|switch|p2b: Sarah|Farigiraf, L50, F|100/100
|detailschange|p1b: Raichu|Raichu-Mega-Y, L50, M
|-mega|p1b: Raichu|Raichu|Raichunite Y
|detailschange|p2a: Nikki|Charizard-Mega-Y, L50, M
|-mega|p2a: Nikki|Charizard|Charizardite Y
|-weather|SunnyDay|[from] ability: Drought|[of] p2a: Nikki
|move|p1b: Raichu|Fake Out||[still]
|cant|p2b: Sarah|ability: Armor Tail|Fake Out|[of] p1b: Raichu
|move|p1a: Garchomp|Rock Slide|p2a: Nikki|[spread] p2b
|-miss|p1a: Garchomp|p2a: Nikki
|-damage|p2b: Sarah|80/100
|-damage|p1a: Garchomp|90/100|[from] item: Life Orb
|move|p2a: Nikki|Weather Ball|p1b: Raichu
|-damage|p1b: Raichu|0 fnt
|faint|p1b: Raichu
|
|-weather|SunnyDay|[upkeep]
|upkeep
|
|t:|1785197578
|switch|p1b: Incineroar|Incineroar, L50, M|100/100
|-ability|p1b: Incineroar|Intimidate|boost
|-unboost|p2a: Nikki|atk|1
|-unboost|p2b: Sarah|atk|1
|turn|2
|
|t:|1785197610
|move|p2b: Sarah|Helping Hand|p2a: Nikki
|-singleturn|p2a: Nikki|Helping Hand|[of] p2b: Sarah
|move|p1a: Garchomp|Rock Slide|p2a: Nikki|[spread] p2a,p2b
|-supereffective|p2a: Nikki|2
|-damage|p2a: Nikki|0 fnt
|-damage|p2b: Sarah|60/100
|faint|p2a: Nikki
|-damage|p1a: Garchomp|80/100|[from] item: Life Orb
|move|p1b: Incineroar|Darkest Lariat|p2b: Sarah
|-supereffective|p2b: Sarah|1
|-damage|p2b: Sarah|7/100
|-enditem|p2b: Sarah|Sitrus Berry|[eat]
|-heal|p2b: Sarah|32/100|[from] item: Sitrus Berry
|
|-weather|SunnyDay|[upkeep]
|upkeep
|
|t:|1785197620
|switch|p2a: One Wish Willow|Sylveon, L50, F|100/100
|turn|3
|
|t:|1785197642
|move|p1a: Garchomp|Dragon Claw|p2b: Sarah
|-damage|p2b: Sarah|0 fnt
|faint|p2b: Sarah
|-damage|p1a: Garchomp|70/100|[from] item: Life Orb
|move|p2a: One Wish Willow|Hyper Beam|p1b: Incineroar
|-damage|p1b: Incineroar|19/100
|-mustrecharge|p2a: One Wish Willow
|-enditem|p1b: Incineroar|Sitrus Berry|[eat]
|-heal|p1b: Incineroar|44/100|[from] item: Sitrus Berry
|move|p1b: Incineroar|Flare Blitz|p2a: One Wish Willow
|-damage|p2a: One Wish Willow|20/100y
|-damage|p1b: Incineroar|19/100|[from] Recoil
|
|-weather|SunnyDay|[upkeep]
|upkeep
|
|t:|1785197649
|switch|p2b: Obsession|Aerodactyl, L50, M|100/100
|-ability|p2b: Obsession|Unnerve
|turn|4
|
|t:|1785197673
|switch|p1b: Milotic|Milotic, L50, F|100/100
|move|p2b: Obsession|Rock Slide|p1b: Milotic|[spread] p1a,p1b
|-resisted|p1a: Garchomp|1
|-crit|p1b: Milotic
|-damage|p1a: Garchomp|60/100
|-damage|p1b: Milotic|71/100
|move|p1a: Garchomp|Rock Slide|p2a: One Wish Willow|[spread] 
|-miss|p1a: Garchomp|p2a: One Wish Willow
|-miss|p1a: Garchomp|p2b: Obsession
|cant|p2a: One Wish Willow|recharge
|
|-weather|SunnyDay|[upkeep]
|-heal|p1b: Milotic|77/100|[from] item: Leftovers
|upkeep
|turn|5
|
|t:|1785197698
|move|p1a: Garchomp|Protect|p1a: Garchomp
|-singleturn|p1a: Garchomp|Protect
|move|p2b: Obsession|Tailwind|p2b: Obsession
|-sidestart|p2: teyvgc|move: Tailwind
|move|p2a: One Wish Willow|Hyper Beam|p1b: Milotic
|-damage|p1b: Milotic|3/100
|-mustrecharge|p2a: One Wish Willow
|move|p1b: Milotic|Ice Beam|p2a: One Wish Willow
|-damage|p2a: One Wish Willow|1/100
|
|-weather|none
|-heal|p1b: Milotic|9/100|[from] item: Leftovers
|upkeep
|turn|6
|
|t:|1785197713
|move|p2b: Obsession|Rock Slide|p1b: Milotic|[spread] p1a,p1b
|-resisted|p1a: Garchomp|1
|-damage|p1a: Garchomp|48/100
|-damage|p1b: Milotic|0 fnt
|faint|p1b: Milotic
|move|p1a: Garchomp|Rock Slide|p2a: One Wish Willow|[spread] p2a,p2b
|-supereffective|p2b: Obsession|1
|-damage|p2a: One Wish Willow|0 fnt
|-damage|p2b: Obsession|38/100
|faint|p2a: One Wish Willow
|-damage|p1a: Garchomp|38/100|[from] item: Life Orb
|
|upkeep
|
|t:|1785197720
|switch|p1b: Incineroar|Incineroar, L50, M|19/100
|-ability|p1b: Incineroar|Intimidate|boost
|-unboost|p2b: Obsession|atk|1
|turn|7
|-message|teyvgc forfeited.
|
|win|babydimelavelda
