|j|☆klkconklwa
|j|☆monsoonisbest
|html|klkconklwamonsoonisbest    
|uhtml|bestof|Game 1 of a best-of-3
|t:|1784302833
|gametype|doubles
|player|p1|klkconklwa|265|1236
|player|p2|monsoonisbest|101|1233
|gen|9
|tier|[Gen 9 Champions] VGC 2026 Reg M-B (Bo3)
|rated|
|rule|Species Clause: Limit one of each Pokémon
|rule|Item Clause: Limit 1 of each item
|clearpoke
|poke|p1|Charizard, L50, M, shiny|
|poke|p1|Kingambit, L50, M, shiny|
|poke|p1|Incineroar, L50, M, shiny|
|poke|p1|Sylveon, L50, M, shiny|
|poke|p1|Garchomp, L50, F, shiny|
|poke|p1|Aerodactyl, L50, F, shiny|
|poke|p2|Gengar, L50, M|
|poke|p2|Swampert, L50, M|
|poke|p2|Incineroar, L50, F|
|poke|p2|Politoed, L50, F|
|poke|p2|Archaludon, L50, F|
|poke|p2|Vivillon-Monsoon, L50, F|
|teampreview|4
|showteam|p1|Charizard||CharizarditeY|Blaze|WeatherBall,HeatWave,SolarBeam,Protect|Modest||M|||50|]Kingambit||FocusSash|Defiant|IronHead,SuckerPunch,KowtowCleave,LowKick|Adamant||M|||50|]Incineroar||SitrusBerry|Intimidate|FlareBlitz,FakeOut,DarkestLariat,PartingShot|Impish||M|||50|]Sylveon||FairyFeather|Pixilate|HyperVoice,QuickAttack,Yawn,Detect|Modest||M|||50|]Garchomp||LifeOrb|RoughSkin|Protect,DragonClaw,Earthquake,StompingTantrum|Jolly||F|||50|]Aerodactyl||Aerodactylite|Unnerve|RockSlide,DualWingbeat,Tailwind,IceFang|Jolly||F|||50|
|showteam|p2|Gengar||Gengarite|CursedBody|ShadowBall,PerishSong,SludgeBomb,Protect|Timid||M|||50|]Swampert||Swampertite|Damp|WaveCrash,Earthquake,IcePunch,Protect|Adamant||M|||50|]Incineroar||PasshoBerry|Intimidate|ThroatChop,PartingShot,FakeOut,Protect|Sassy||F|||50|]Politoed||SitrusBerry|Drizzle|WeatherBall,PerishSong,Encore,Protect|Calm||F|||50|]Archaludon||Leftovers|Stamina|DragonPulse,FlashCannon,ElectroShot,Protect|Bold||F|||50|]Vivillon-Monsoon||FocusSash|CompoundEyes|Hurricane,SleepPowder,RagePowder,Protect|Timid||F|||50|
|
|t:|1784302898
|teamsize|p1|4
|teamsize|p2|4
|start
|switch|p1a: Incineroar|Incineroar, L50, M, shiny|100/100
|switch|p1b: Sylveon|Sylveon, L50, M, shiny|100/100
|switch|p2a: Vivillon|Vivillon-Monsoon, L50, F|100/100
|switch|p2b: Swampert|Swampert, L50, M|100/100
|-ability|p1a: Incineroar|Intimidate|boost
|-unboost|p2a: Vivillon|atk|1
|-unboost|p2b: Swampert|atk|1
|turn|1
|
|t:|1784302917
|detailschange|p2b: Swampert|Swampert-Mega, L50, M
|-mega|p2b: Swampert|Swampert|Swampertite
|move|p2a: Vivillon|Sleep Powder|p1a: Incineroar
|-status|p1a: Incineroar|slp|[from] move: Sleep Powder
|move|p2b: Swampert|Earthquake|p1b: Sylveon|[spread] p1a,p1b
|-immune|p2a: Vivillon
|-supereffective|p1a: Incineroar|1
|-damage|p1a: Incineroar|49/100 slp
|-damage|p1b: Sylveon|62/100
|-enditem|p1a: Incineroar|Sitrus Berry|[eat]
|-heal|p1a: Incineroar|74/100 slp|[from] item: Sitrus Berry
|move|p1b: Sylveon|Hyper Voice|p2b: Swampert|[spread] p2a,p2b
|-damage|p2a: Vivillon|10/100
|-damage|p2b: Swampert|55/100
|cant|p1a: Incineroar|slp
|
|upkeep
|turn|2
|
|t:|1784302935
|move|p1b: Sylveon|Quick Attack|p2a: Vivillon
|-damage|p2a: Vivillon|0 fnt
|faint|p2a: Vivillon
|move|p2b: Swampert|Earthquake|p1b: Sylveon|[spread] p1a,p1b
|-supereffective|p1a: Incineroar|1
|-damage|p1a: Incineroar|25/100 slp
|-damage|p1b: Sylveon|25/100
|cant|p1a: Incineroar|slp
|
|upkeep
|
|t:|1784302941
|switch|p2a: Politoed|Politoed, L50, F|100/100
|-weather|RainDance|[from] ability: Drizzle|[of] p2a: Politoed
|turn|3
|
|t:|1784302949
|switch|p1a: Kingambit|Kingambit, L50, M, shiny|100/100
|move|p2a: Politoed|Protect|p2a: Politoed
|-singleturn|p2a: Politoed|Protect
|move|p1b: Sylveon|Detect|p1b: Sylveon
|-singleturn|p1b: Sylveon|Protect
|move|p2b: Swampert|Earthquake|p1b: Sylveon|[spread] p1a
|-activate|p2a: Politoed|move: Protect
|-activate|p1b: Sylveon|move: Protect
|-supereffective|p1a: Kingambit|1
|-damage|p1a: Kingambit|48/100
|
|-weather|RainDance|[upkeep]
|upkeep
|turn|4
|
|t:|1784302966
|move|p2b: Swampert|Protect|p2b: Swampert
|-singleturn|p2b: Swampert|Protect
|move|p1a: Kingambit|Sucker Punch||[still]
|-fail|p1a: Kingambit
|move|p2a: Politoed|Weather Ball|p1a: Kingambit
|-damage|p1a: Kingambit|0 fnt
|faint|p1a: Kingambit
|move|p1b: Sylveon|Yawn|p2a: Politoed
|-start|p2a: Politoed|move: Yawn|[of] p1b: Sylveon
|
|-weather|RainDance|[upkeep]
|upkeep
|
|t:|1784302974
|switch|p1a: Charizard|Charizard, L50, M, shiny|100/100
|turn|5
|
|t:|1784302996
|switch|p2a: Archaludon|Archaludon, L50, F|100/100
|detailschange|p1a: Charizard|Charizard-Mega-Y, L50, M, shiny
|-mega|p1a: Charizard|Charizard|Charizardite Y
|-weather|SunnyDay|[from] ability: Drought|[of] p1a: Charizard
|move|p1a: Charizard|Heat Wave|p2a: Archaludon|[spread] p2a,p2b
|-crit|p2a: Archaludon
|-resisted|p2b: Swampert|1
|-damage|p2a: Archaludon|9/100
|-damage|p2b: Swampert|26/100
|-status|p2a: Archaludon|brn
|-ability|p2a: Archaludon|Stamina|boost
|-boost|p2a: Archaludon|def|1
|move|p2b: Swampert|Wave Crash|p1b: Sylveon
|-damage|p1b: Sylveon|0 fnt
|faint|p1b: Sylveon
|-damage|p2b: Swampert|18/100|[from] Recoil
|
|-weather|SunnyDay|[upkeep]
|-heal|p2a: Archaludon|15/100 brn|[from] item: Leftovers
|-damage|p2a: Archaludon|9/100 brn|[from] brn
|upkeep
|
|t:|1784303010
|switch|p1b: Incineroar|Incineroar, L50, M, shiny|25/100 slp
|-ability|p1b: Incineroar|Intimidate|boost
|-unboost|p2a: Archaludon|atk|1
|-unboost|p2b: Swampert|atk|1
|turn|6
|
|t:|1784303023
|switch|p2b: Politoed|Politoed, L50, F|100/100
|-weather|RainDance|[from] ability: Drizzle|[of] p2b: Politoed
|move|p2a: Archaludon|Protect|p2a: Archaludon
|-singleturn|p2a: Archaludon|Protect
|-curestatus|p1b: Incineroar|slp|[msg]
|move|p1b: Incineroar|Fake Out|p2b: Politoed
|-damage|p2b: Politoed|89/100
|move|p1a: Charizard|Heat Wave|p2a: Archaludon|[spread] p2b
|-activate|p2a: Archaludon|move: Protect
|-resisted|p2b: Politoed|1
|-damage|p2b: Politoed|82/100
|
|-weather|RainDance|[upkeep]
|-heal|p2a: Archaludon|15/100 brn|[from] item: Leftovers
|-damage|p2a: Archaludon|9/100 brn|[from] brn
|upkeep
|turn|7
|
|t:|1784303040
|move|p1a: Charizard|Heat Wave|p2b: Politoed|[spread] p2a,p2b
|-resisted|p2b: Politoed|1
|-damage|p2a: Archaludon|0 fnt
|-damage|p2b: Politoed|74/100
|faint|p2a: Archaludon
|move|p2b: Politoed|Weather Ball|p1b: Incineroar
|-supereffective|p1b: Incineroar|1
|-damage|p1b: Incineroar|0 fnt
|faint|p1b: Incineroar
|
|-weather|RainDance|[upkeep]
|upkeep
|
|t:|1784303046
|switch|p2a: Swampert|Swampert-Mega, L50, M|18/100
|turn|8
|-message|klkconklwa forfeited.
|
|win|monsoonisbest
