|j|☆jeanryupr
|j|☆CulantroVGC
|html|jeanryuprCulantroVGC    
|uhtml|bestof|Game 2 of a best-of-3
|t:|1785979404
|gametype|doubles
|player|p1|jeanryupr|169|1168
|player|p2|CulantroVGC|169|1363
|gen|9
|tier|[Gen 9 Champions] VGC 2026 Reg M-B (Bo3)
|rated|
|rule|Species Clause: Limit one of each Pokémon
|rule|Item Clause: Limit 1 of each item
|clearpoke
|poke|p1|Charizard, L50, F|
|poke|p1|Whimsicott, L50, M|
|poke|p1|Floette-Eternal, L50, F|
|poke|p1|Basculegion, L50, M|
|poke|p1|Garchomp, L50, F|
|poke|p1|Kingambit, L50, M, shiny|
|poke|p2|Sneasler, L50, F|
|poke|p2|Sinistcha, L50|
|poke|p2|Azumarill, L50, M|
|poke|p2|Delphox, L50, F, shiny|
|poke|p2|Tyranitar, L50, M|
|poke|p2|Farigiraf, L50, F, shiny|
|teampreview|4
|showteam|p1|Charizard||CharizarditeY|Blaze|HeatWave,SolarBeam,WeatherBall,Protect|Modest||F|||50|]Whimsicott||FocusSash|Prankster|Moonblast,Encore,Tailwind,Protect|Timid||M|||50|]Floette-Eternal||Floettite|FlowerVeil|Moonblast,DazzlingGleam,LightofRuin,Protect|Modest||F|||50|]Basculegion||MysticWater|Adaptability|WaveCrash,AquaJet,LastRespects,Protect|Adamant||M|||50|]Garchomp||LifeOrb|RoughSkin|DragonClaw,Earthquake,RockSlide,Protect|Jolly||F|||50|]Kingambit||OccaBerry|Defiant|KowtowCleave,SuckerPunch,IronHead,Protect|Adamant||M|||50|
|showteam|p2|Sneasler||WhiteHerb|Unburden|CloseCombat,FakeOut,Protect,DireClaw|Jolly||F|||50|]Sinistcha||KasibBerry|Hospitality|MatchaGotcha,RagePowder,Protect,TrickRoom|Bold|||||50|]Azumarill||SitrusBerry|HugePower|AquaJet,BellyDrum,Protect,PlayRough|Adamant||M|||50|]Delphox||Delphoxite|Blaze|Psychic,HeatWave,NastyPlot,Protect|Timid||F|||50|]Tyranitar||Tyranitarite|SandStream|RockSlide,KnockOff,LowKick,Protect|Adamant||M|||50|]Farigiraf||ColburBerry|ArmorTail|FoulPlay,Psychic,HelpingHand,TrickRoom|Modest||F|||50|
|inactive|Battle timer is ON: inactive players will automatically lose when time's up. (requested by CulantroVGC)
|
|t:|1785979429
|teamsize|p1|4
|teamsize|p2|4
|start
|switch|p1a: Whimsicott|Whimsicott, L50, M|100/100
|switch|p1b: Basculegion|Basculegion, L50, M|100/100
|switch|p2a: Azumarill|Azumarill, L50, M|100/100
|switch|p2b: Sneasler|Sneasler, L50, F|100/100
|turn|1
|
|t:|1785979447
|move|p1a: Whimsicott|Protect|p1a: Whimsicott
|-singleturn|p1a: Whimsicott|Protect
|move|p2b: Sneasler|Fake Out|p1a: Whimsicott
|-activate|p1a: Whimsicott|move: Protect
|move|p1b: Basculegion|Wave Crash|p2b: Sneasler
|-damage|p2b: Sneasler|0 fnt
|faint|p2b: Sneasler
|-damage|p1b: Basculegion|74/100|[from] Recoil
|move|p2a: Azumarill|Belly Drum|p2a: Azumarill
|-damage|p2a: Azumarill|50/100y
|-setboost|p2a: Azumarill|atk|6|[from] move: Belly Drum
|-enditem|p2a: Azumarill|Sitrus Berry|[eat]
|-heal|p2a: Azumarill|75/100|[from] item: Sitrus Berry
|
|upkeep
|inactive|CulantroVGC has 30 seconds left.
|
|t:|1785979478
|switch|p2b: Sinistcha|Sinistcha, L50|100/100
|-heal|p2a: Azumarill|100/100|[from] ability: Hospitality|[of] p2b: Sinistcha
|turn|2
|
|t:|1785979492
|switch|p2b: Farigiraf|Farigiraf, L50, F, shiny|100/100
|move|p1a: Whimsicott|Encore||[still]
|cant|p2b: Farigiraf|ability: Armor Tail|Encore|[of] p1a: Whimsicott
|move|p1b: Basculegion|Last Respects|p2a: Azumarill
|-damage|p2a: Azumarill|67/100
|move|p2a: Azumarill|Play Rough|p1b: Basculegion
|-damage|p1b: Basculegion|0 fnt
|faint|p1b: Basculegion
|
|upkeep
|
|t:|1785979501
|switch|p1b: Kingambit|Kingambit, L50, M, shiny|100/100
|turn|3
|
|t:|1785979519
|switch|p2b: Sinistcha|Sinistcha, L50|100/100
|-heal|p2a: Azumarill|92/100|[from] ability: Hospitality|[of] p2b: Sinistcha
|move|p1b: Kingambit|Protect|p1b: Kingambit
|-singleturn|p1b: Kingambit|Protect
|move|p1a: Whimsicott|Moonblast|p2a: Azumarill
|-damage|p2a: Azumarill|52/100
|move|p2a: Azumarill|Play Rough|p1b: Kingambit
|-activate|p1b: Kingambit|move: Protect
|
|upkeep
|turn|4
|inactive|CulantroVGC has 30 seconds left.
|inactive|CulantroVGC has 20 seconds left.
|
|t:|1785979556
|move|p2b: Sinistcha|Rage Powder|p2b: Sinistcha
|-singleturn|p2b: Sinistcha|move: Rage Powder
|move|p1a: Whimsicott|Moonblast|p2a: Azumarill
|-damage|p2a: Azumarill|17/100
|move|p2a: Azumarill|Play Rough|p1b: Kingambit
|-damage|p1b: Kingambit|0 fnt
|faint|p1b: Kingambit
|
|upkeep
|
|t:|1785979567
|switch|p1b: Floette|Floette-Eternal, L50, F|100/100
|turn|5
|
|t:|1785979586
|detailschange|p1b: Floette|Floette-Mega, L50, F
|-mega|p1b: Floette|Floette|Floettite
|-ability|p1b: Floette|Fairy Aura
|move|p1b: Floette|Protect|p1b: Floette
|-singleturn|p1b: Floette|Protect
|move|p2a: Azumarill|Protect|p2a: Azumarill
|-singleturn|p2a: Azumarill|Protect
|move|p1a: Whimsicott|Moonblast|p2a: Azumarill
|-activate|p2a: Azumarill|move: Protect
|move|p2b: Sinistcha|Trick Room|p2b: Sinistcha
|-fieldstart|move: Trick Room|[of] p2b: Sinistcha
|
|upkeep
|turn|6
|
|t:|1785979603
|move|p2a: Azumarill|Aqua Jet|p1b: Floette
|-damage|p1b: Floette|0 fnt
|faint|p1b: Floette
|move|p1a: Whimsicott|Encore|p2a: Azumarill
|-start|p2a: Azumarill|Encore
|move|p2b: Sinistcha|Matcha Gotcha|p1a: Whimsicott
|-resisted|p1a: Whimsicott|1
|-damage|p1a: Whimsicott|73/100
|-status|p1a: Whimsicott|brn
|
|-damage|p1a: Whimsicott|67/100 brn|[from] brn
|upkeep
|turn|7
|
|t:|1785979613
|move|p2a: Azumarill|Aqua Jet|p1a: Whimsicott
|-resisted|p1a: Whimsicott|1
|-damage|p1a: Whimsicott|0 fnt
|faint|p1a: Whimsicott
|
|win|CulantroVGC
