|j|☆Camilo997
|j|☆Dat guy In black
|html|Camilo997Dat guy In black    
|uhtml|bestof|Game 1 of a best-of-3
|t:|1757815680
|gametype|doubles
|player|p1|Camilo997|266|1163
|player|p2|Dat guy In black|170|1101
|gen|9
|tier|[Gen 9] VGC 2025 Reg H (Bo3)
|rated|
|rule|Species Clause: Limit one of each Pokémon
|rule|Item Clause: Limit 1 of each item
|clearpoke
|poke|p1|Hatterene, L50, F|
|poke|p1|Incineroar, L50, M|
|poke|p1|Dragonite, L50, F|
|poke|p1|Sneasler, L50, M|
|poke|p1|Gholdengo, L50|
|poke|p1|Indeedee, L50, M|
|poke|p2|Sneasler, L50, F|
|poke|p2|Dragapult, L50, F|
|poke|p2|Rillaboom, L50, M|
|poke|p2|Gastrodon-East, L50, F|
|poke|p2|Volcarona, L50, F|
|poke|p2|Electabuzz, L50, M|
|teampreview|4
|showteam|p1|Hatterene||CovertCloak|MagicBounce|TrickRoom,ExpandingForce,DrainingKiss,DarkPulse|||F|||50|,,,,,Water]Incineroar||SafetyGoggles|Intimidate|KnockOff,Snarl,PartingShot,FlareBlitz|||M|||50|,,,,,Dragon]Dragonite||LoadedDice|InnerFocus|ScaleShot,Haze,Tailwind,ExtremeSpeed|||F|||50|,,,,,Fairy]Sneasler||PsychicSeed|Unburden|ThroatChop,DireClaw,CloseCombat,Coaching|||M|||50|,,,,,Dark]Gholdengo||LifeOrb|GoodasGold|MakeItRain,DazzlingGleam,ShadowBall,Protect||||||50|,,,,,Water]Indeedee||FocusSash|PsychicSurge|ExpandingForce,TeraBlast,ShadowBall,CalmMind|||M|||50|,,,,,Fighting
|showteam|p2|Sneasler||FocusSash|PoisonTouch|DireClaw,CloseCombat,Coaching,Protect|||F|||50|,,,,,Ghost]Dragapult||ChoiceBand|ClearBody|DragonDarts,TeraBlast,PhantomForce,Uturn|||F|||50|,,,,,Fighting]Rillaboom||AssaultVest|GrassySurge|FakeOut,GrassyGlide,WoodHammer,Uturn|||M|||50|,,,,,Fire]GastrodonEast||GrassySeed|StormDrain|ClearSmog,EarthPower,IceBeam,Recover|||F|||50|,,,,,Poison]Volcarona||CovertCloak|FlameBody|HeatWave,TeraBlast,QuiverDance,Protect|||F|||50|,,,,,Fairy]Electabuzz||Eviolite|VitalSpirit|FollowMe,Electroweb,Taunt,Protect|||M|||50|,,,,,Ghost
|
|t:|1757815713
|teamsize|p1|4
|teamsize|p2|4
|start
|switch|p1a: Hatterene|Hatterene, L50, F|100/100
|switch|p1b: Incineroar|Incineroar, L50, M|100/100
|switch|p2a: Electabuzz|Electabuzz, L50, M|100/100
|switch|p2b: Volcarona|Volcarona, L50, F|100/100
|-ability|p1b: Incineroar|Intimidate|boost
|-unboost|p2a: Electabuzz|atk|1
|-unboost|p2b: Volcarona|atk|1
|turn|1
|
|t:|1757815733
|move|p2a: Electabuzz|Taunt|p1b: Incineroar
|-start|p1b: Incineroar|move: Taunt
|move|p2b: Volcarona|Quiver Dance|p2b: Volcarona
|-boost|p2b: Volcarona|spa|1
|-boost|p2b: Volcarona|spd|1
|-boost|p2b: Volcarona|spe|1
|cant|p1b: Incineroar|move: Taunt|Parting Shot
|move|p1a: Hatterene|Trick Room|p1a: Hatterene
|-fieldstart|move: Trick Room|[of] p1a: Hatterene
|
|upkeep
|turn|2
|
|t:|1757815743
|move|p2a: Electabuzz|Follow Me|p2a: Electabuzz
|-singleturn|p2a: Electabuzz|move: Follow Me
|move|p1a: Hatterene|Expanding Force|p2a: Electabuzz
|-damage|p2a: Electabuzz|64/100
|move|p1b: Incineroar|Knock Off|p2a: Electabuzz
|-damage|p2a: Electabuzz|13/100
|-enditem|p2a: Electabuzz|Eviolite|[from] move: Knock Off|[of] p1b: Incineroar
|move|p2b: Volcarona|Heat Wave|p1b: Incineroar|[spread] p1a,p1b
|-resisted|p1b: Incineroar
|-damage|p1a: Hatterene|47/100
|-damage|p1b: Incineroar|75/100
|
|upkeep
|turn|3
|
|t:|1757815762
|move|p2a: Electabuzz|Follow Me|p2a: Electabuzz
|-singleturn|p2a: Electabuzz|move: Follow Me
|move|p1a: Hatterene|Expanding Force|p2a: Electabuzz
|-damage|p2a: Electabuzz|0 fnt
|faint|p2a: Electabuzz
|move|p1b: Incineroar|Knock Off|p2b: Volcarona
|-damage|p2b: Volcarona|52/100
|-enditem|p2b: Volcarona|Covert Cloak|[from] move: Knock Off|[of] p1b: Incineroar
|move|p2b: Volcarona|Heat Wave|p1a: Hatterene|[spread] p1a,p1b
|-resisted|p1b: Incineroar
|-damage|p1a: Hatterene|0 fnt
|-damage|p1b: Incineroar|49/100
|faint|p1a: Hatterene
|
|-end|p1b: Incineroar|move: Taunt
|upkeep
|
|t:|1757815768
|switch|p1a: Dragonite|Dragonite, L50, F|100/100
|switch|p2a: Sneasler|Sneasler, L50, F|100/100
|turn|4
|
|t:|1757815777
|move|p2b: Volcarona|Protect|p2b: Volcarona
|-singleturn|p2b: Volcarona|Protect
|move|p1b: Incineroar|Snarl|p2b: Volcarona|[spread] p2a
|-activate|p2b: Volcarona|move: Protect
|-resisted|p2a: Sneasler
|-damage|p2a: Sneasler|94/100
|-unboost|p2a: Sneasler|spa|1
|move|p1a: Dragonite|Scale Shot|p2a: Sneasler
|-damage|p2a: Sneasler|70/100
|-damage|p2a: Sneasler|47/100
|-crit|p2a: Sneasler
|-damage|p2a: Sneasler|13/100
|-damage|p2a: Sneasler|0 fnt
|faint|p2a: Sneasler
|-hitcount|p2: Sneasler|4
|-unboost|p1a: Dragonite|def|1
|-boost|p1a: Dragonite|spe|1
|
|upkeep
|
|t:|1757815782
|switch|p2a: Dragapult|Dragapult, L50, F|100/100
|turn|5
|
|t:|1757815817
|-terastallize|p1a: Dragonite|Fairy
|-terastallize|p2a: Dragapult|Fighting
|move|p1b: Incineroar|Flare Blitz|p2b: Volcarona
|-damage|p2b: Volcarona|0 fnt
|faint|p2b: Volcarona
|-damage|p1b: Incineroar|33/100|[from] Recoil
|move|p1a: Dragonite|Tailwind|p1a: Dragonite
|-sidestart|p1: Camilo997|move: Tailwind
|move|p2a: Dragapult|Dragon Darts|p1b: Incineroar
|-damage|p1b: Incineroar|0 fnt
|faint|p1b: Incineroar
|
|-fieldend|move: Trick Room
|upkeep
|-message|Dat guy In black forfeited.
|
|win|Camilo997
||Dat guy In black is ready for game 2.
||Camilo997 is ready for game 2.
|uhtml|next|Next: Game 2 of 3
|l|☆Camilo997
|player|p1|
