|j|☆Calisto44
|j|☆ariel.mr_
|html|Calisto44ariel.mr_    
|uhtml|bestof|Game 2 of a best-of-3
|t:|1784178131
|gametype|doubles
|player|p1|Calisto44|101|1062
|player|p2|ariel.mr_|hilbert|1158
|gen|9
|tier|[Gen 9 Champions] VGC 2026 Reg M-B (Bo3)
|rated|
|rule|Species Clause: Limit one of each Pokémon
|rule|Item Clause: Limit 1 of each item
|clearpoke
|poke|p1|Politoed, L50, M|
|poke|p1|Lopunny, L50, M|
|poke|p1|Archaludon, L50, M|
|poke|p1|Kingambit, L50, M|
|poke|p1|Sinistcha, L50|
|poke|p1|Whimsicott, L50, M|
|poke|p2|Charizard, L50, M, shiny|
|poke|p2|Kingambit, L50, M|
|poke|p2|Sylveon, L50, F|
|poke|p2|Garchomp, L50, F|
|poke|p2|Aerodactyl, L50, F|
|poke|p2|Farigiraf, L50, M|
|teampreview|4
|showteam|p1|Politoed||SitrusBerry|Drizzle|Protect,WeatherBall,IcyWind,HelpingHand|Calm||M|||50|]Lopunny||Lopunnite|CuteCharm|FakeOut,CloseCombat,TripleAxel,IcePunch|Jolly||M|||50|]Archaludon||Leftovers|Stamina|ElectroShot,Protect,FlashCannon,DragonPulse|Modest||M|||50|]Kingambit||BlackGlasses|Defiant|SuckerPunch,KowtowCleave,Protect,IronHead|Adamant||M|||50|]Sinistcha||KasibBerry|Hospitality|MatchaGotcha,RagePowder,Protect,TrickRoom|Bold|||||50|]Whimsicott||FocusSash|Prankster|Tailwind,Moonblast,Protect,Encore|Timid||M|||50|
|showteam|p2|Charizard||CharizarditeY|SolarPower|Protect,HeatWave,SolarBeam,WeatherBall|Modest||M|||50|]Kingambit||FocusSash|Defiant|IronHead,SuckerPunch,KowtowCleave,LowKick|Adamant||M|||50|]Sylveon||FairyFeather|Pixilate|Protect,HyperVoice,HyperBeam,QuickAttack|Modest||F|||50|]Garchomp||LifeOrb|RoughSkin|Protect,DragonClaw,Earthquake,RockSlide|Jolly||F|||50|]Aerodactyl||Aerodactylite|Unnerve|IceFang,RockSlide,Tailwind,DualWingbeat|Jolly||F|||50|]Farigiraf||SitrusBerry|ArmorTail|TrickRoom,Psychic,Thunderbolt,Roar|Bold||M|||50|
|inactive|Battle timer is ON: inactive players will automatically lose when time's up. (requested by ariel.mr_)
|
|t:|1784178148
|teamsize|p1|4
|teamsize|p2|4
|start
|switch|p1a: Lopunny|Lopunny, L50, M|100/100
|switch|p1b: Whimsicott|Whimsicott, L50, M|100/100
|switch|p2a: Kingambit|Kingambit, L50, M|100/100
|switch|p2b: Sylveon|Sylveon, L50, F|100/100
|turn|1
|
|t:|1784178165
|switch|p2b: Farigiraf|Farigiraf, L50, M|100/100
|detailschange|p1a: Lopunny|Lopunny-Mega, L50, M
|-mega|p1a: Lopunny|Lopunny|Lopunnite
|move|p1b: Whimsicott|Tailwind|p1b: Whimsicott
|-sidestart|p1: Calisto44|move: Tailwind
|move|p1a: Lopunny|Close Combat|p2a: Kingambit
|-supereffective|p2a: Kingambit|2
|-enditem|p2a: Kingambit|Focus Sash
|-damage|p2a: Kingambit|1/100
|-unboost|p1a: Lopunny|def|1
|-unboost|p1a: Lopunny|spd|1
|move|p2a: Kingambit|Iron Head|p1b: Whimsicott
|-supereffective|p1b: Whimsicott|1
|-enditem|p1b: Whimsicott|Focus Sash
|-damage|p1b: Whimsicott|1/100
|
|upkeep
|turn|2
|inactive|Calisto44 has 30 seconds left.
|
|t:|1784178191
|move|p2a: Kingambit|Sucker Punch|p1a: Lopunny
|-resisted|p1a: Lopunny|1
|-damage|p1a: Lopunny|59/100
|move|p1a: Lopunny|Triple Axel|p2b: Farigiraf
|-damage|p2b: Farigiraf|94/100
|-damage|p2b: Farigiraf|82/100
|-damage|p2b: Farigiraf|67/100
|-hitcount|p2b: Farigiraf|3
|move|p1b: Whimsicott|Moonblast|p2a: Kingambit
|-damage|p2a: Kingambit|0 fnt
|faint|p2a: Kingambit
|move|p2b: Farigiraf|Thunderbolt|p1b: Whimsicott
|-resisted|p1b: Whimsicott|1
|-damage|p1b: Whimsicott|0 fnt
|faint|p1b: Whimsicott
|
|upkeep
|
|t:|1784178207
|switch|p1b: Politoed|Politoed, L50, M|100/100
|switch|p2a: Sylveon|Sylveon, L50, F|100/100
|-weather|RainDance|[from] ability: Drizzle|[of] p1b: Politoed
|turn|3
|
|t:|1784178227
|move|p1a: Lopunny|Triple Axel|p2a: Sylveon
|-damage|p2a: Sylveon|91/100
|-damage|p2a: Sylveon|74/100
|-damage|p2a: Sylveon|48/100
|-hitcount|p2a: Sylveon|3
|move|p1b: Politoed|Weather Ball|p2a: Sylveon
|-damage|p2a: Sylveon|7/100
|move|p2a: Sylveon|Hyper Beam|p1b: Politoed
|-damage|p1b: Politoed|26/100
|-mustrecharge|p2a: Sylveon
|-enditem|p1b: Politoed|Sitrus Berry|[eat]
|-heal|p1b: Politoed|51/100|[from] item: Sitrus Berry
|move|p2b: Farigiraf|Roar|p2a: Sylveon
|drag|p2a: Charizard|Charizard, L50, M, shiny|100/100
|
|-weather|RainDance|[upkeep]
|upkeep
|turn|4
|inactive|Calisto44 has 30 seconds left.
|
|t:|1784178253
|detailschange|p2a: Charizard|Charizard-Mega-Y, L50, M, shiny
|-mega|p2a: Charizard|Charizard|Charizardite Y
|-weather|SunnyDay|[from] ability: Drought|[of] p2a: Charizard
|move|p1a: Lopunny|Triple Axel|p2a: Charizard
|-damage|p2a: Charizard|92/100
|-damage|p2a: Charizard|77/100
|-damage|p2a: Charizard|56/100
|-hitcount|p2a: Charizard|3
|move|p1b: Politoed|Icy Wind|p2a: Charizard|[spread] p2a,p2b
|-damage|p2a: Charizard|48/100
|-damage|p2b: Farigiraf|59/100
|-unboost|p2a: Charizard|spe|1
|-unboost|p2b: Farigiraf|spe|1
|move|p2a: Charizard|Heat Wave|p1b: Politoed|[spread] p1b
|-miss|p2a: Charizard|p1a: Lopunny
|-resisted|p1b: Politoed|1
|-damage|p1b: Politoed|28/100
|move|p2b: Farigiraf|Thunderbolt|p1b: Politoed
|-supereffective|p1b: Politoed|1
|-damage|p1b: Politoed|0 fnt
|faint|p1b: Politoed
|
|-weather|SunnyDay|[upkeep]
|-sideend|p1: Calisto44|move: Tailwind
|upkeep
|
|t:|1784178273
|switch|p1b: Archaludon|Archaludon, L50, M|100/100
|turn|5
|
|t:|1784178297
|switch|p2a: Sylveon|Sylveon, L50, F|7/100
|move|p1a: Lopunny|Triple Axel|p2b: Farigiraf
|-damage|p2b: Farigiraf|53/100
|-crit|p2b: Farigiraf
|-damage|p2b: Farigiraf|35/100
|-enditem|p2b: Farigiraf|Sitrus Berry|[eat]
|-heal|p2b: Farigiraf|60/100|[from] item: Sitrus Berry
|-damage|p2b: Farigiraf|44/100
|-hitcount|p2b: Farigiraf|3
|move|p1b: Archaludon|Dragon Pulse|p2b: Farigiraf
|-crit|p2b: Farigiraf
|-damage|p2b: Farigiraf|0 fnt
|faint|p2b: Farigiraf
|
|-weather|SunnyDay|[upkeep]
|upkeep
|
|t:|1784178303
|switch|p2b: Charizard|Charizard-Mega-Y, L50, M, shiny|48/100
|turn|6
|
|t:|1784178322
|move|p1b: Archaludon|Protect|p1b: Archaludon
|-singleturn|p1b: Archaludon|Protect
|move|p1a: Lopunny|Triple Axel|p2b: Charizard|[miss]
|-miss|p1a: Lopunny|p2b: Charizard
|move|p2b: Charizard|Heat Wave|p1b: Archaludon|[spread] p1a
|-activate|p1b: Archaludon|move: Protect
|-damage|p1a: Lopunny|0 fnt
|faint|p1a: Lopunny
|move|p2a: Sylveon|Hyper Voice|p1b: Archaludon
|-activate|p1b: Archaludon|move: Protect
|
|-weather|SunnyDay|[upkeep]
|upkeep
|turn|7
|
|t:|1784178340
|move|p2b: Charizard|Weather Ball|p1b: Archaludon
|-damage|p1b: Archaludon|11/100
|-ability|p1b: Archaludon|Stamina|boost
|-boost|p1b: Archaludon|def|1
|move|p1b: Archaludon|Dragon Pulse|p2b: Charizard
|-crit|p2b: Charizard
|-damage|p2b: Charizard|0 fnt
|faint|p2b: Charizard
|move|p2a: Sylveon|Hyper Beam|p1b: Archaludon
|-damage|p1b: Archaludon|0 fnt
|-mustrecharge|p2a: Sylveon
|faint|p1b: Archaludon
|
|win|ariel.mr_
||Calisto44 is ready for game 3.
||ariel.mr_ is ready for game 3.
|uhtml|next|Next: Game 3 of 3
|l|☆Calisto44
|player|p1|
