|j|☆chawieeee
|j|☆sapitotech 2
|html|chawieeeesapitotech 2    
|uhtml|bestof|Game 1 of a best-of-3
|t:|1757817185
|gametype|doubles
|player|p1|chawieeee|102|1111
|player|p2|sapitotech 2|2|1088
|gen|9
|tier|[Gen 9] VGC 2025 Reg H (Bo3)
|rated|
|rule|Species Clause: Limit one of each Pokémon
|rule|Item Clause: Limit 1 of each item
|clearpoke
|poke|p1|Tinkaton, L50, F|
|poke|p1|Ursaluna-Bloodmoon, L50, M|
|poke|p1|Incineroar, L50, M|
|poke|p1|Politoed, L50, M|
|poke|p1|Beartic, L50, F|
|poke|p1|Kilowattrel, L50, M|
|poke|p2|Tyranitar, L50, F|
|poke|p2|Excadrill, L50, M|
|poke|p2|Kommo-o, L50, M|
|poke|p2|Sinistcha, L50|
|poke|p2|Gastrodon-East, L50, M|
|poke|p2|Rotom-Heat, L50|
|teampreview|4
|showteam|p1|Tinkaton||WideLens|MoldBreaker|FakeOut,ThunderWave,Encore,PlayRough|||F|||50|,,,,,Grass]Ursaluna-Bloodmoon||LifeOrb|MindsEye|BloodMoon,EarthPower,HyperVoice,Protect|||M|||50|,,,,,Ghost]Incineroar||SafetyGoggles|Intimidate|FakeOut,Uturn,KnockOff,Taunt|||M|||50|,,,,,Bug]Politoed||AssaultVest|Drizzle|MuddyWater,WeatherBall,IcyWind,IceBeam|||M|||50|,,,,,Grass]Beartic||LoadedDice|SwiftSwim|IcicleSpear,CloseCombat,Liquidation,Protect|||F|||50|,,,,,Water]Kilowattrel||FocusSash|Competitive|Tailwind,VoltSwitch,Hurricane,Protect|||M|||50|,,,,,Electric
|showteam|p2|Tyranitar||AssaultVest|SandStream|KnockOff,TeraBlast,RockSlide,LowKick|||F|||50|,,,,,Flying]Excadrill||FocusSash|SandRush|Earthquake,Protect,HighHorsepower,IronHead|||M|||50|,,,,,Ground]Kommo-o||ThroatSpray|Overcoat|Flamethrower,ClangorousSoul,ClangingScales,Protect|||M|||50|,,,,,Steel]Sinistcha||SitrusBerry|Hospitality|MatchaGotcha,RagePowder,TrickRoom,ShadowBall||||||50|,,,,,Water]Gastrodon-East||Leftovers|StormDrain|ClearSmog,EarthPower,Protect,Yawn|||M|||50|,,,,,Fire]Rotom-Heat||SafetyGoggles|Levitate|Overheat,FoulPlay,Thunderbolt,Protect||||||50|,,,,,Ghost
|inactive|Battle timer is ON: inactive players will automatically lose when time's up. (requested by chawieeee)
|
|t:|1757817228
|teamsize|p1|4
|teamsize|p2|4
|start
|switch|p1a: Incineroar|Incineroar, L50, M|100/100
|switch|p1b: Beartic|Beartic, L50, F|100/100
|switch|p2a: Kommo-o|Kommo-o, L50, M|100/100
|switch|p2b: Sinistcha|Sinistcha, L50|100/100
|-ability|p1a: Incineroar|Intimidate|boost
|-unboost|p2a: Kommo-o|atk|1
|-unboost|p2b: Sinistcha|atk|1
|turn|1
|inactive|chawieeee has 30 seconds left.
|inactive|chawieeee has 20 seconds left.
|inactive|chawieeee has 15 seconds left.
|
|t:|1757817271
|switch|p2b: Rotom|Rotom-Heat, L50|100/100
|move|p2a: Kommo-o|Protect|p2a: Kommo-o
|-singleturn|p2a: Kommo-o|Protect
|move|p1a: Incineroar|Fake Out|p2a: Kommo-o
|-activate|p2a: Kommo-o|move: Protect
|move|p1b: Beartic|Icicle Spear|p2b: Rotom
|-resisted|p2b: Rotom
|-crit|p2b: Rotom
|-damage|p2b: Rotom|88/100
|-resisted|p2b: Rotom
|-damage|p2b: Rotom|79/100
|-resisted|p2b: Rotom
|-damage|p2b: Rotom|71/100
|-resisted|p2b: Rotom
|-damage|p2b: Rotom|62/100
|-resisted|p2b: Rotom
|-damage|p2b: Rotom|54/100
|-hitcount|p2b: Rotom|5
|
|upkeep
|turn|2
|inactive|chawieeee has 30 seconds left.
|inactive|sapitotech 2 has 30 seconds left.
|
|t:|1757817303
|switch|p1a: Politoed|Politoed, L50, M|100/100
|-weather|RainDance|[from] ability: Drizzle|[of] p1a: Politoed
|-terastallize|p2a: Kommo-o|Steel
|move|p1b: Beartic|Icicle Spear|p2a: Kommo-o
|-resisted|p2a: Kommo-o
|-damage|p2a: Kommo-o|95/100
|-resisted|p2a: Kommo-o
|-damage|p2a: Kommo-o|88/100
|-resisted|p2a: Kommo-o
|-damage|p2a: Kommo-o|82/100
|-resisted|p2a: Kommo-o
|-damage|p2a: Kommo-o|76/100
|-resisted|p2a: Kommo-o
|-damage|p2a: Kommo-o|69/100
|-hitcount|p2a: Kommo-o|5
|move|p2b: Rotom|Overheat|p1b: Beartic
|-supereffective|p1b: Beartic
|-damage|p1b: Beartic|20/100
|-unboost|p2b: Rotom|spa|2
|move|p2a: Kommo-o|Clangorous Soul|p2a: Kommo-o
|-boost|p2a: Kommo-o|atk|1
|-boost|p2a: Kommo-o|def|1
|-boost|p2a: Kommo-o|spa|1
|-boost|p2a: Kommo-o|spd|1
|-boost|p2a: Kommo-o|spe|1
|-damage|p2a: Kommo-o|36/100
|-enditem|p2a: Kommo-o|Throat Spray
|-boost|p2a: Kommo-o|spa|1|[from] item: Throat Spray
|
|-weather|RainDance|[upkeep]
|upkeep
|turn|3
|
|t:|1757817328
|switch|p2b: Tyranitar|Tyranitar, L50, F|100/100
|-weather|Sandstorm|[from] ability: Sand Stream|[of] p2b: Tyranitar
|move|p2a: Kommo-o|Clanging Scales|p1b: Beartic|[spread] p1a,p1b
|-crit|p1a: Politoed
|-damage|p1a: Politoed|42/100
|-damage|p1b: Beartic|0 fnt
|faint|p1b: Beartic
|-unboost|p2a: Kommo-o|def|1
|move|p1a: Politoed|Weather Ball|p2b: Tyranitar
|-damage|p2b: Tyranitar|89/100
|
|-weather|Sandstorm|[upkeep]
|-damage|p1a: Politoed|36/100|[from] Sandstorm
|upkeep
|
|t:|1757817335
|switch|p1b: Incineroar|Incineroar, L50, M|100/100
|-ability|p1b: Incineroar|Intimidate|boost
|-unboost|p2a: Kommo-o|atk|1
|-unboost|p2b: Tyranitar|atk|1
|turn|4
|
|t:|1757817345
|switch|p2b: Rotom|Rotom-Heat, L50|54/100
|switch|p1a: Ursaluna|Ursaluna-Bloodmoon, L50, M|100/100
|move|p2a: Kommo-o|Protect|p2a: Kommo-o
|-singleturn|p2a: Kommo-o|Protect
|move|p1b: Incineroar|Fake Out|p2a: Kommo-o
|-activate|p2a: Kommo-o|move: Protect
|
|-weather|Sandstorm|[upkeep]
|upkeep
|turn|5
|inactive|chawieeee has 30 seconds left.
|
|t:|1757817371
|move|p2a: Kommo-o|Clanging Scales|p1a: Ursaluna|[spread] p1a,p1b
|-damage|p1a: Ursaluna|2/100
|-damage|p1b: Incineroar|39/100
|-unboost|p2a: Kommo-o|def|1
|move|p2b: Rotom|Overheat|p1a: Ursaluna
|-damage|p1a: Ursaluna|0 fnt
|-unboost|p2b: Rotom|spa|2
|faint|p1a: Ursaluna
|move|p1b: Incineroar|Knock Off|p2a: Kommo-o
|-damage|p2a: Kommo-o|0 fnt
|faint|p2a: Kommo-o
|
|-weather|Sandstorm|[upkeep]
|upkeep
|
|t:|1757817382
|switch|p2a: Sinistcha|Sinistcha, L50|100/100
|switch|p1a: Politoed|Politoed, L50, M|36/100
|-weather|RainDance|[from] ability: Drizzle|[of] p1a: Politoed
|-heal|p2b: Rotom|78/100|[from] ability: Hospitality|[of] p2a: Sinistcha
|turn|6
|
|t:|1757817405
|switch|p2b: Tyranitar|Tyranitar, L50, F|89/100
|-weather|Sandstorm|[from] ability: Sand Stream|[of] p2b: Tyranitar
|move|p2a: Sinistcha|Matcha Gotcha|p1a: Politoed|[spread] p1a,p1b
|-supereffective|p1a: Politoed
|-resisted|p1b: Incineroar
|-damage|p1a: Politoed|3/100
|-damage|p1b: Incineroar|24/100
|move|p1a: Politoed|Weather Ball|p2b: Tyranitar
|-damage|p2b: Tyranitar|76/100
|move|p1b: Incineroar|Knock Off|p2a: Sinistcha
|-supereffective|p2a: Sinistcha
|-damage|p2a: Sinistcha|27/100
|-enditem|p2a: Sinistcha|Sitrus Berry|[from] move: Knock Off|[of] p1b: Incineroar
|
|-weather|Sandstorm|[upkeep]
|-damage|p2a: Sinistcha|21/100|[from] Sandstorm
|-damage|p1a: Politoed|0 fnt|[from] Sandstorm
|faint|p1a: Politoed
|upkeep
|turn|7
|-message|chawieeee forfeited.
|
|win|sapitotech 2
|l|☆chawieeee
|player|p1|
|j|☆chawieeee
|player|p1|chawieeee|102|
||sapitotech 2 is ready for game 2.
||chawieeee is ready for game 2.
|uhtml|next|Next: Game 2 of 3
