|j|☆spellbreakvgc
|j|☆Eduard738838
|html|spellbreakvgcEduard738838    
|uhtml|bestof|Game 1 of a best-of-3
|t:|1757937490
|gametype|doubles
|player|p1|spellbreakvgc|lance|1073
|player|p2|Eduard738838|101|1026
|gen|9
|tier|[Gen 9] VGC 2025 Reg H (Bo3)
|rated|
|rule|Species Clause: Limit one of each Pokémon
|rule|Item Clause: Limit 1 of each item
|clearpoke
|poke|p1|Incineroar, L50, M|
|poke|p1|Tyranitar, L50, M|
|poke|p1|Porygon2, L50|
|poke|p1|Ursaluna, L50, M|
|poke|p1|Indeedee-F, L50, F|
|poke|p1|Gholdengo, L50|
|poke|p2|Incineroar, L50, M|
|poke|p2|Ursaluna-Bloodmoon, L50, M|
|poke|p2|Rillaboom, L50, M|
|poke|p2|Ninetales-Alola, L50, M|
|poke|p2|Sneasler, L50, M|
|poke|p2|Gholdengo, L50|
|teampreview|4
|showteam|p1|Incineroar||SitrusBerry|Intimidate|PartingShot,FakeOut,KnockOff,Snarl|||M|||50|,,,,,Water]Tyranitar||AssaultVest|SandStream|RockSlide,KnockOff,LowKick,Outrage|||M|||50|,,,,,Flying]Porygon2||Eviolite|Download|TrickRoom,Recover,IceBeam,TeraBlast||||||50|,,,,,Ghost]Ursaluna||FlameOrb|Guts|Earthquake,HeadlongRush,Facade,Protect|||M|||50|,,,,,Fairy]Indeedee-F||PsychicSeed|PsychicSurge|FollowMe,HelpingHand,Psychic,TrickRoom|||F|||50|,,,,,Grass]Gholdengo||Leftovers|GoodasGold|MakeItRain,ShadowBall,NastyPlot,Protect||||||50|,,,,,Dragon
|showteam|p2|Incineroar||SafetyGoggles|Intimidate|FakeOut,FlareBlitz,KnockOff,PartingShot|||M|||50|,,,,,Water]Ursaluna-Bloodmoon||Leftovers|MindsEye|BloodMoon,Yawn,EarthPower,Protect|||M|||50|,,,,,Electric]Rillaboom||AssaultVest|GrassySurge|WoodHammer,FakeOut,GrassyGlide,HighHorsepower|||M|||50|,,,,,Fire]Ninetales-Alola||FocusSash|SnowWarning|Blizzard,AuroraVeil,Encore,Protect|||M|||50|,,,,,Ghost]Sneasler||GrassySeed|Unburden|Acrobatics,Protect,SwordsDance,CloseCombat|||M|||50|,,,,,Flying]Gholdengo||LifeOrb|GoodasGold|MakeItRain,ShadowBall,NastyPlot,Protect||||||50|,,,,,Water
|inactive|Battle timer is ON: inactive players will automatically lose when time's up. (requested by spellbreakvgc)
|
|t:|1757937516
|teamsize|p1|4
|teamsize|p2|4
|start
|switch|p1a: Porygon2|Porygon2, L50|100/100
|switch|p1b: Incineroar|Incineroar, L50, M|100/100
|switch|p2a: Ursaluna|Ursaluna-Bloodmoon, L50, M|100/100
|switch|p2b: Rillaboom|Rillaboom, L50, M, shiny|100/100
|-fieldstart|move: Grassy Terrain|[from] ability: Grassy Surge|[of] p2b: Rillaboom
|-ability|p1b: Incineroar|Intimidate|boost
|-unboost|p2a: Ursaluna|atk|1
|-unboost|p2b: Rillaboom|atk|1
|-ability|p1a: Porygon2|Download|boost
|-boost|p1a: Porygon2|spa|1
|turn|1
|
|t:|1757937530
|-terastallize|p1a: Porygon2|Ghost
|move|p2b: Rillaboom|Fake Out|p1a: Porygon2
|-immune|p1a: Porygon2
|move|p1b: Incineroar|Fake Out|p2a: Ursaluna
|-damage|p2a: Ursaluna|93/100
|cant|p2a: Ursaluna|flinch
|move|p1a: Porygon2|Trick Room|p1a: Porygon2
|-fieldstart|move: Trick Room|[of] p1a: Porygon2
|
|-heal|p2a: Ursaluna|99/100|[from] Grassy Terrain
|-heal|p2a: Ursaluna|100/100|[from] item: Leftovers
|upkeep
|turn|2
|
|t:|1757937553
|move|p1b: Incineroar|Parting Shot|p2a: Ursaluna
|-unboost|p2a: Ursaluna|atk|1
|-unboost|p2a: Ursaluna|spa|1
|
|t:|1757937558
|switch|p1b: Ursaluna|Ursaluna, L50, M|100/100|[from] Parting Shot
|move|p1a: Porygon2|Ice Beam|p2b: Rillaboom
|-supereffective|p2b: Rillaboom
|-damage|p2b: Rillaboom|38/100
|move|p2a: Ursaluna|Yawn|p1b: Ursaluna
|-start|p1b: Ursaluna|move: Yawn|[of] p2a: Ursaluna
|move|p2b: Rillaboom|Wood Hammer|p1a: Porygon2
|-damage|p1a: Porygon2|62/100
|-damage|p2b: Rillaboom|26/100|[from] Recoil
|
|-heal|p1a: Porygon2|68/100|[from] Grassy Terrain
|-heal|p2b: Rillaboom|32/100|[from] Grassy Terrain
|-status|p1b: Ursaluna|brn|[from] item: Flame Orb
|upkeep
|turn|3
|
|t:|1757937578
|switch|p2b: Sneasler|Sneasler, L50, M|100/100
|-enditem|p2b: Sneasler|Grassy Seed
|-boost|p2b: Sneasler|def|1|[from] item: Grassy Seed
|move|p1b: Ursaluna|Facade|p2a: Ursaluna
|-damage|p2a: Ursaluna|24/100
|move|p1a: Porygon2|Ice Beam|p2b: Sneasler
|-damage|p2b: Sneasler|46/100
|move|p2a: Ursaluna|Blood Moon|p1a: Porygon2
|-damage|p1a: Porygon2|39/100
|
|-heal|p1a: Porygon2|45/100|[from] Grassy Terrain
|-heal|p2a: Ursaluna|30/100|[from] Grassy Terrain
|-heal|p2a: Ursaluna|35/100|[from] item: Leftovers
|-heal|p2b: Sneasler|52/100|[from] Grassy Terrain
|-damage|p1b: Ursaluna|95/100 brn|[from] brn
|-end|p1b: Ursaluna|move: Yawn|[silent]
|upkeep
|turn|4
|
|t:|1757937601
|move|p2a: Ursaluna|Protect|p2a: Ursaluna
|-singleturn|p2a: Ursaluna|Protect
|move|p2b: Sneasler|Protect|p2b: Sneasler
|-singleturn|p2b: Sneasler|Protect
|move|p1b: Ursaluna|Earthquake|p2a: Ursaluna|[spread] p1a
|-activate|p2a: Ursaluna|move: Protect
|-activate|p2b: Sneasler|move: Protect
|-damage|p1a: Porygon2|23/100
|move|p1a: Porygon2|Recover|p1a: Porygon2
|-heal|p1a: Porygon2|73/100
|
|-heal|p1b: Ursaluna|100/100 brn|[from] Grassy Terrain
|-heal|p1a: Porygon2|79/100|[from] Grassy Terrain
|-heal|p2a: Ursaluna|41/100|[from] Grassy Terrain
|-heal|p2a: Ursaluna|47/100|[from] item: Leftovers
|-heal|p2b: Sneasler|58/100|[from] Grassy Terrain
|-damage|p1b: Ursaluna|95/100 brn|[from] brn
|upkeep
|turn|5
|
|t:|1757937626
|switch|p2a: Rillaboom|Rillaboom, L50, M, shiny|32/100
|-terastallize|p2b: Sneasler|Flying
|move|p1b: Ursaluna|Earthquake|p2a: Rillaboom|[spread] p1a,p2a
|-immune|p2b: Sneasler
|-resisted|p2a: Rillaboom
|-damage|p1a: Porygon2|58/100
|-damage|p2a: Rillaboom|17/100
|move|p1a: Porygon2|Recover|p1a: Porygon2
|-heal|p1a: Porygon2|100/100
|move|p2b: Sneasler|Swords Dance|p2b: Sneasler
|-boost|p2b: Sneasler|atk|2
|
|-heal|p1b: Ursaluna|100/100 brn|[from] Grassy Terrain
|-heal|p2a: Rillaboom|23/100|[from] Grassy Terrain
|-damage|p1b: Ursaluna|95/100 brn|[from] brn
|-fieldend|move: Trick Room
|-fieldend|move: Grassy Terrain
|upkeep
|turn|6
|inactive|Eduard738838 has 30 seconds left.
|
|t:|1757937652
|switch|p1b: Incineroar|Incineroar, L50, M|100/100
|-ability|p1b: Incineroar|Intimidate|boost
|-unboost|p2a: Rillaboom|atk|1
|-unboost|p2b: Sneasler|atk|1
|move|p2a: Rillaboom|Fake Out|p1b: Incineroar
|-damage|p1b: Incineroar|90/100
|move|p2b: Sneasler|Acrobatics|p1a: Porygon2
|-crit|p1a: Porygon2
|-damage|p1a: Porygon2|24/100
|move|p1a: Porygon2|Trick Room|p1a: Porygon2
|-fieldstart|move: Trick Room|[of] p1a: Porygon2
|
|upkeep
|turn|7
|
|t:|1757937673
|switch|p2a: Incineroar|Incineroar, L50, M, shiny|100/100
|-ability|p2a: Incineroar|Intimidate|boost
|-unboost|p1a: Porygon2|atk|1
|-unboost|p1b: Incineroar|atk|1
|move|p2b: Sneasler|Protect|p2b: Sneasler
|-singleturn|p2b: Sneasler|Protect
|move|p1a: Porygon2|Recover|p1a: Porygon2
|-heal|p1a: Porygon2|74/100
|move|p1b: Incineroar|Parting Shot|p2b: Sneasler
|-activate|p2b: Sneasler|move: Protect
|
|upkeep
|turn|8
|
|t:|1757937690
|switch|p1b: Tyranitar|Tyranitar, L50, M|100/100
|-weather|Sandstorm|[from] ability: Sand Stream|[of] p1b: Tyranitar
|move|p1a: Porygon2|Recover|p1a: Porygon2
|-heal|p1a: Porygon2|100/100
|move|p2a: Incineroar|Knock Off|p1a: Porygon2
|-supereffective|p1a: Porygon2
|-damage|p1a: Porygon2|45/100
|-enditem|p1a: Porygon2|Eviolite|[from] move: Knock Off|[of] p2a: Incineroar
|move|p2b: Sneasler|Acrobatics|p1b: Tyranitar
|-resisted|p1b: Tyranitar
|-damage|p1b: Tyranitar|66/100
|
|-weather|Sandstorm|[upkeep]
|-damage|p1a: Porygon2|40/100|[from] Sandstorm
|-damage|p2b: Sneasler|52/100|[from] Sandstorm
|upkeep
|turn|9
|
|t:|1757937709
|move|p2b: Sneasler|Protect|p2b: Sneasler
|-singleturn|p2b: Sneasler|Protect
|move|p1a: Porygon2|Recover|p1a: Porygon2
|-heal|p1a: Porygon2|90/100
|move|p1b: Tyranitar|Outrage|p2a: Incineroar
|-damage|p2a: Incineroar|51/100
|move|p2a: Incineroar|Parting Shot|p1a: Porygon2
|-unboost|p1a: Porygon2|atk|1
|-unboost|p1a: Porygon2|spa|1
|
|t:|1757937721
|switch|p2a: Rillaboom|Rillaboom, L50, M, shiny|23/100|[from] Parting Shot
|-fieldstart|move: Grassy Terrain|[from] ability: Grassy Surge|[of] p2a: Rillaboom
|
|-weather|Sandstorm|[upkeep]
|-damage|p1a: Porygon2|84/100|[from] Sandstorm
|-damage|p2a: Rillaboom|17/100|[from] Sandstorm
|-damage|p2b: Sneasler|46/100|[from] Sandstorm
|-heal|p1a: Porygon2|90/100|[from] Grassy Terrain
|-heal|p1b: Tyranitar|72/100|[from] Grassy Terrain
|-heal|p2a: Rillaboom|23/100|[from] Grassy Terrain
|upkeep
|turn|10
|
|t:|1757937734
|move|p2a: Rillaboom|Fake Out|p1b: Tyranitar
|-resisted|p1b: Tyranitar
|-damage|p1b: Tyranitar|66/100
|move|p1a: Porygon2|Ice Beam|p2b: Sneasler
|-supereffective|p2b: Sneasler
|-damage|p2b: Sneasler|0 fnt
|faint|p2b: Sneasler
|cant|p1b: Tyranitar|flinch
|
|-weather|Sandstorm|[upkeep]
|-damage|p1a: Porygon2|84/100|[from] Sandstorm
|-damage|p2a: Rillaboom|17/100|[from] Sandstorm
|-heal|p1a: Porygon2|90/100|[from] Grassy Terrain
|-heal|p1b: Tyranitar|72/100|[from] Grassy Terrain
|-heal|p2a: Rillaboom|23/100|[from] Grassy Terrain
|-fieldend|move: Trick Room
|upkeep
|
|t:|1757937746
|switch|p2b: Incineroar|Incineroar, L50, M, shiny|51/100
|-ability|p2b: Incineroar|Intimidate|boost
|-unboost|p1a: Porygon2|atk|1
|-unboost|p1b: Tyranitar|atk|1
|turn|11
|
|t:|1757937755
|move|p2b: Incineroar|Fake Out|p1b: Tyranitar
|-resisted|p1b: Tyranitar
|-damage|p1b: Tyranitar|67/100
|move|p2a: Rillaboom|Grassy Glide|p1b: Tyranitar
|-supereffective|p1b: Tyranitar
|-damage|p1b: Tyranitar|5/100
|cant|p1b: Tyranitar|flinch
|move|p1a: Porygon2|Trick Room|p1a: Porygon2
|-fieldstart|move: Trick Room|[of] p1a: Porygon2
|
|-weather|Sandstorm|[upkeep]
|-damage|p1a: Porygon2|84/100|[from] Sandstorm
|-damage|p2a: Rillaboom|17/100|[from] Sandstorm
|-heal|p1a: Porygon2|90/100|[from] Grassy Terrain
|-heal|p1b: Tyranitar|11/100|[from] Grassy Terrain
|-heal|p2a: Rillaboom|23/100|[from] Grassy Terrain
|-heal|p2b: Incineroar|57/100|[from] Grassy Terrain
|upkeep
|turn|12
|
|t:|1757937778
|move|p2a: Rillaboom|Grassy Glide|p1b: Tyranitar
|-supereffective|p1b: Tyranitar
|-damage|p1b: Tyranitar|0 fnt
|faint|p1b: Tyranitar
|move|p1a: Porygon2|Ice Beam|p2a: Rillaboom
|-supereffective|p2a: Rillaboom
|-damage|p2a: Rillaboom|0 fnt
|faint|p2a: Rillaboom
|move|p2b: Incineroar|Knock Off|p1a: Porygon2
|-supereffective|p1a: Porygon2
|-damage|p1a: Porygon2|36/100
|
|-weather|none
|-heal|p1a: Porygon2|42/100|[from] Grassy Terrain
|-heal|p2b: Incineroar|63/100|[from] Grassy Terrain
|upkeep
|
|t:|1757937791
|switch|p1b: Incineroar|Incineroar, L50, M|90/100
|switch|p2a: Ursaluna|Ursaluna-Bloodmoon, L50, M|47/100
|-ability|p1b: Incineroar|Intimidate|boost
|-unboost|p2a: Ursaluna|atk|1
|-unboost|p2b: Incineroar|atk|1
|turn|13
|
|t:|1757937805
|move|p1b: Incineroar|Fake Out|p2b: Incineroar
|-damage|p2b: Incineroar|52/100
|move|p1a: Porygon2|Recover|p1a: Porygon2
|-heal|p1a: Porygon2|92/100
|move|p2a: Ursaluna|Blood Moon|p1b: Incineroar
|-damage|p1b: Incineroar|41/100
|-enditem|p1b: Incineroar|Sitrus Berry|[eat]
|-heal|p1b: Incineroar|66/100|[from] item: Sitrus Berry
|cant|p2b: Incineroar|flinch
|
|-heal|p1b: Incineroar|72/100|[from] Grassy Terrain
|-heal|p1a: Porygon2|98/100|[from] Grassy Terrain
|-heal|p2a: Ursaluna|53/100|[from] Grassy Terrain
|-heal|p2a: Ursaluna|59/100|[from] item: Leftovers
|-heal|p2b: Incineroar|58/100|[from] Grassy Terrain
|-fieldend|move: Grassy Terrain
|upkeep
|turn|14
|inactive|spellbreakvgc has 30 seconds left.
|inactive|Eduard738838 has 30 seconds left.
|
|t:|1757937833
|move|p2a: Ursaluna|Protect|p2a: Ursaluna
|-singleturn|p2a: Ursaluna|Protect
|move|p1a: Porygon2|Ice Beam|p2a: Ursaluna
|-activate|p2a: Ursaluna|move: Protect
|move|p1b: Incineroar|Parting Shot|p2b: Incineroar
|-unboost|p2b: Incineroar|atk|1
|-unboost|p2b: Incineroar|spa|1
|
|t:|1757937841
|switch|p1b: Ursaluna|Ursaluna, L50, M|95/100 brn|[from] Parting Shot
|move|p2b: Incineroar|Parting Shot|p1b: Ursaluna
|-unboost|p1b: Ursaluna|atk|1
|-unboost|p1b: Ursaluna|spa|1
|
|-heal|p2a: Ursaluna|65/100|[from] item: Leftovers
|-damage|p1b: Ursaluna|89/100 brn|[from] brn
|upkeep
|turn|15
|
|t:|1757937859
|move|p1b: Ursaluna|Facade|p2a: Ursaluna
|-damage|p2a: Ursaluna|11/100
|move|p1a: Porygon2|Ice Beam|p2a: Ursaluna
|-supereffective|p2a: Ursaluna
|-damage|p2a: Ursaluna|0 fnt
|faint|p2a: Ursaluna
|move|p2b: Incineroar|Knock Off|p1b: Ursaluna
|-damage|p1b: Ursaluna|73/100 brn
|-enditem|p1b: Ursaluna|Flame Orb|[from] move: Knock Off|[of] p2b: Incineroar
|
|-damage|p1b: Ursaluna|68/100 brn|[from] brn
|-fieldend|move: Trick Room
|upkeep
|turn|16
|
|t:|1757937866
|move|p2b: Incineroar|Flare Blitz|p1a: Porygon2
|-damage|p1a: Porygon2|70/100
|-damage|p2b: Incineroar|50/100|[from] Recoil
|move|p1b: Ursaluna|Headlong Rush|p2b: Incineroar
|-supereffective|p2b: Incineroar
|-damage|p2b: Incineroar|0 fnt
|-unboost|p1b: Ursaluna|def|1
|-unboost|p1b: Ursaluna|spd|1
|faint|p2b: Incineroar
|
|win|spellbreakvgc
|l|☆Eduard738838
|player|p2|
||spellbreakvgc is ready for game 2.
|j|☆Eduard738838
|player|p2|Eduard738838|101|
|inactive|Eduard738838 has 30 seconds to confirm battle start!
||Eduard738838 is ready for game 2.
|uhtml|next|Next: Game 2 of 3
