|j|☆Beatyful
|j|☆alccz0
|html|Beatyfulalccz0    
|uhtml|bestof|Game 3 of a best-of-3
|t:|1756676666
|gametype|doubles
|player|p1|Beatyful|swimmerf-gen4|1050
|player|p2|alccz0|ethan|1000
|gen|9
|tier|[Gen 9] VGC 2025 Reg H (Bo3)
|rated|
|rule|Species Clause: Limit one of each Pokémon
|rule|Item Clause: Limit 1 of each item
|clearpoke
|poke|p1|Volcarona, L50, F|
|poke|p1|Dragonite, L50, F|
|poke|p1|Annihilape, L50, M|
|poke|p1|Sneasler, L50, M|
|poke|p1|Rillaboom, L50, F|
|poke|p1|Incineroar, L50, F|
|poke|p2|Archaludon, L50, F|
|poke|p2|Pelipper, L50, F|
|poke|p2|Amoonguss, L50, F|
|poke|p2|Kingambit, L50, F|
|poke|p2|Sneasler, L50, M|
|poke|p2|Weezing-Galar, L50, M|
|teampreview|4
|showteam|p1|Volcarona||Leftovers|FlameBody|HeatWave,TeraBlast,QuiverDance,Protect|||F|||50|,,,,,Fairy]Dragonite||LoadedDice|Multiscale|ScaleShot,ExtremeSpeed,Haze,Protect|||F|||50|,,,,,Steel]Annihilape||SafetyGoggles|Defiant|CloseCombat,RageFist,Taunt,FinalGambit|||M|||50|,,,,,Fire]Sneasler||FocusSash|Unburden|CloseCombat,DireClaw,Coaching,Protect|||M|||50|,,,,,Stellar]Rillaboom||AssaultVest|GrassySurge|WoodHammer,GrassyGlide,HighHorsepower,FakeOut|||F|||50|,,,,,Fire]Incineroar||RockyHelmet|Intimidate|FakeOut,KnockOff,FlareBlitz,PartingShot|||F|||50|,,,,,Grass
|showteam|p2|Archaludon||PowerHerb|Stalwart|ElectroShot,FlashCannon,DragonPulse,Protect|||F|||50|,,,,,Grass]Pelipper||FocusSash|Drizzle|Hurricane,WeatherBall,Tailwind,Protect|||F|||50|,,,,,Stellar]Amoonguss||SitrusBerry|Regenerator|SludgeBomb,Protect,Spore,RagePowder|||F|||50|,,,,,Water]Kingambit||BlackGlasses|Defiant|KowtowCleave,SuckerPunch,LowKick,Protect|||F|||50|,,,,,Dark]Sneasler||WhiteHerb|Unburden|DireClaw,CloseCombat,FakeOut,Protect|||M|||50|,,,,,Stellar]Weezing-Galar||SafetyGoggles|NeutralizingGas|SludgeBomb,WillOWisp,DazzlingGleam,Protect|||M|||50|,,,,,Grass
|
|t:|1756676701
|teamsize|p1|4
|teamsize|p2|4
|start
|switch|p1a: Dragonite|Dragonite, L50, F|100/100
|switch|p1b: Sneasler|Sneasler, L50, M, shiny|100/100
|switch|p2a: Archaludon|Archaludon, L50, F|100/100
|switch|p2b: Sneasler|Sneasler, L50, M|100/100
|turn|1
|
|t:|1756676718
|move|p1b: Sneasler|Protect|p1b: Sneasler
|-singleturn|p1b: Sneasler|Protect
|move|p1a: Dragonite|Protect|p1a: Dragonite
|-singleturn|p1a: Dragonite|Protect
|move|p2b: Sneasler|Fake Out|p1b: Sneasler
|-activate|p1b: Sneasler|move: Protect
|move|p2a: Archaludon|Dragon Pulse|p1a: Dragonite
|-activate|p1a: Dragonite|move: Protect
|
|upkeep
|turn|2
|
|t:|1756676760
|-terastallize|p1a: Dragonite|Steel
|move|p2b: Sneasler|Protect|p2b: Sneasler
|-singleturn|p2b: Sneasler|Protect
|move|p1b: Sneasler|Coaching|p1a: Dragonite
|-boost|p1a: Dragonite|atk|1
|-boost|p1a: Dragonite|def|1
|move|p1a: Dragonite|Scale Shot|p2a: Archaludon
|-damage|p2a: Archaludon|85/100
|-damage|p2a: Archaludon|69/100
|-damage|p2a: Archaludon|51/100
|-damage|p2a: Archaludon|35/100
|-hitcount|p2a: Archaludon|4
|-unboost|p1a: Dragonite|def|1
|-boost|p1a: Dragonite|spe|1
|move|p2a: Archaludon|Dragon Pulse|p1a: Dragonite
|-resisted|p1a: Dragonite
|-damage|p1a: Dragonite|90/100
|
|upkeep
|turn|3
|
|t:|1756676801
|switch|p2b: Weezing|Weezing-Galar, L50, M|100/100
|-ability|p2b: Weezing|Neutralizing Gas
|move|p1a: Dragonite|Scale Shot|p2b: Weezing
|-immune|p2b: Weezing
|move|p1b: Sneasler|Close Combat|p2a: Archaludon
|-supereffective|p2a: Archaludon
|-damage|p2a: Archaludon|0 fnt
|-unboost|p1b: Sneasler|def|1
|-unboost|p1b: Sneasler|spd|1
|faint|p2a: Archaludon
|
|upkeep
|
|t:|1756676816
|switch|p2a: Sneasler|Sneasler, L50, M|100/100
|turn|4
|
|t:|1756676832
|move|p1a: Dragonite|Protect|p1a: Dragonite
|-singleturn|p1a: Dragonite|Protect
|move|p1b: Sneasler|Protect|p1b: Sneasler
|-singleturn|p1b: Sneasler|Protect
|move|p2a: Sneasler|Close Combat|p1a: Dragonite
|-activate|p1a: Dragonite|move: Protect
|move|p2b: Weezing|Will-O-Wisp|p1b: Sneasler
|-activate|p1b: Sneasler|move: Protect
|
|upkeep
|turn|5
|
|t:|1756676852
|move|p2a: Sneasler|Protect|p2a: Sneasler
|-singleturn|p2a: Sneasler|Protect
|move|p1a: Dragonite|Scale Shot|p2a: Sneasler
|-activate|p2a: Sneasler|move: Protect
|move|p1b: Sneasler|Dire Claw|p2b: Weezing
|-damage|p2b: Weezing|60/100
|move|p2b: Weezing|Will-O-Wisp|p1a: Dragonite
|-status|p1a: Dragonite|brn
|
|-damage|p1a: Dragonite|84/100 brn|[from] brn
|upkeep
|turn|6
|
|t:|1756676889
|move|p1a: Dragonite|Scale Shot|p2a: Sneasler
|-damage|p2a: Sneasler|82/100
|-damage|p2a: Sneasler|64/100
|-damage|p2a: Sneasler|47/100
|-damage|p2a: Sneasler|31/100
|-hitcount|p2a: Sneasler|4
|-unboost|p1a: Dragonite|def|1
|-boost|p1a: Dragonite|spe|1
|move|p1b: Sneasler|Close Combat|p2a: Sneasler
|-resisted|p2a: Sneasler
|-damage|p2a: Sneasler|0 fnt
|-unboost|p1b: Sneasler|def|1
|-unboost|p1b: Sneasler|spd|1
|faint|p2a: Sneasler
|move|p2b: Weezing|Will-O-Wisp|p1b: Sneasler
|-status|p1b: Sneasler|brn
|
|-damage|p1a: Dragonite|78/100 brn|[from] brn
|-damage|p1b: Sneasler|95/100 brn|[from] brn
|upkeep
|
|t:|1756676907
|switch|p2a: Pelipper|Pelipper, L50, F|100/100
|turn|7
|
|t:|1756676932
|-terastallize|p2a: Pelipper|Stellar
|move|p1a: Dragonite|Scale Shot|p2a: Pelipper
|-damage|p2a: Pelipper|86/100
|-damage|p2a: Pelipper|70/100
|-damage|p2a: Pelipper|56/100
|-crit|p2a: Pelipper
|-damage|p2a: Pelipper|34/100
|-damage|p2a: Pelipper|18/100
|-hitcount|p2a: Pelipper|5
|-unboost|p1a: Dragonite|def|1
|-boost|p1a: Dragonite|spe|1
|move|p1b: Sneasler|Dire Claw|p2b: Weezing
|-damage|p2b: Weezing|40/100
|move|p2a: Pelipper|Hurricane|p1a: Dragonite
|-resisted|p1a: Dragonite
|-damage|p1a: Dragonite|43/100 brn
|-start|p1a: Dragonite|confusion
|move|p2b: Weezing|Dazzling Gleam|p1b: Sneasler|[spread] p1a,p1b
|-resisted|p1a: Dragonite
|-damage|p1a: Dragonite|31/100 brn
|-damage|p1b: Sneasler|22/100 brn
|
|-damage|p1a: Dragonite|25/100 brn|[from] brn
|-damage|p1b: Sneasler|17/100 brn|[from] brn
|upkeep
|turn|8
|
|t:|1756676958
|move|p2a: Pelipper|Protect|p2a: Pelipper
|-singleturn|p2a: Pelipper|Protect
|move|p2b: Weezing|Protect|p2b: Weezing
|-singleturn|p2b: Weezing|Protect
|-activate|p1a: Dragonite|confusion
|move|p1a: Dragonite|Extreme Speed|p2a: Pelipper
|-activate|p2a: Pelipper|move: Protect
|move|p1b: Sneasler|Dire Claw|p2b: Weezing
|-activate|p2b: Weezing|move: Protect
|
|-damage|p1a: Dragonite|19/100 brn|[from] brn
|-damage|p1b: Sneasler|11/100 brn|[from] brn
|upkeep
|turn|9
|
|t:|1756676978
|move|p2b: Weezing|Protect|p2b: Weezing
|-singleturn|p2b: Weezing|Protect
|-activate|p1a: Dragonite|confusion
|-damage|p1a: Dragonite|0 fnt|[from] confusion
|faint|p1a: Dragonite
|move|p1b: Sneasler|Dire Claw|p2b: Weezing
|-activate|p2b: Weezing|move: Protect
|move|p2a: Pelipper|Hurricane|p1b: Sneasler
|-supereffective|p1b: Sneasler
|-damage|p1b: Sneasler|0 fnt
|faint|p1b: Sneasler
|
|upkeep
|
|t:|1756676992
|switch|p1b: Annihilape|Annihilape, L50, M, shiny|100/100
|switch|p1a: Volcarona|Volcarona, L50, F, shiny|100/100
|turn|10
|
|t:|1756677003
|move|p1b: Annihilape|Final Gambit|p2b: Weezing
|-damage|p2b: Weezing|0 fnt
|faint|p1b: Annihilape
|faint|p2b: Weezing
|-end|p2b: Weezing|ability: Neutralizing Gas
|-weather|RainDance|[from] ability: Drizzle|[of] p2a: Pelipper
|move|p1a: Volcarona|Tera Blast|p2a: Pelipper
|-damage|p2a: Pelipper|0 fnt
|faint|p2a: Pelipper
|
|win|Beatyful
|raw|Beatyful's rating: 1050 → 1078(+28 for winning)
|raw|alccz0's rating: 1000 → 1000(+0 for losing)
|l|☆alccz0
|player|p2|
