|j|☆SHLOK101
|j|☆jeanryupr
|html|SHLOK101jeanryupr    
|uhtml|bestof|Game 2 of a best-of-3
|t:|1785762233
|gametype|doubles
|player|p1|SHLOK101|cynthia|1247
|player|p2|jeanryupr|170|1187
|gen|9
|tier|[Gen 9 Champions] VGC 2026 Reg M-B (Bo3)
|rated|
|rule|Species Clause: Limit one of each Pokémon
|rule|Item Clause: Limit 1 of each item
|clearpoke
|poke|p1|Blaziken, L50, M|
|poke|p1|Tyranitar, L50, F|
|poke|p1|Lucario, L50, M|
|poke|p1|Mamoswine, L50, F|
|poke|p1|Ditto, L50|
|poke|p1|Houndstone, L50, M|
|poke|p2|Raichu, L50, M|
|poke|p2|Aerodactyl, L50, M|
|poke|p2|Floette-Eternal, L50, F|
|poke|p2|Basculegion, L50, M|
|poke|p2|Farigiraf, L50, M|
|poke|p2|Garchomp, L50, M|
|teampreview|4
|showteam|p1|Blaziken||FocusSash|SpeedBoost|HeatWave,AuraSphere,Coaching,Protect|Modest||M|||50|]Tyranitar||Tyranitarite|SandStream|KnockOff,RockSlide,DragonDance,Protect|Jolly||F|||50|]Lucario||Lucarionite|InnerFocus|MeteorMash,CloseCombat,ThunderPunch,Protect|Jolly||M|||50|]Mamoswine||LifeOrb|Oblivious|IcicleCrash,HighHorsepower,IceShard,Protect|Adamant||F|||50|]Ditto||MentalHerb|Imposter|Transform|Hasty|||||50|]Houndstone||ColburBerry|SandRush|LastRespects,PlayRough,Howl,Protect|Jolly||M|||50|
|showteam|p2|Raichu||RaichuniteY|LightningRod|ZapCannon,FocusBlast,FakeOut,Protect|Timid||M|||50|]Aerodactyl||FocusSash|Unnerve|WideGuard,DualWingbeat,RockSlide,Tailwind|Jolly||M|||50|]Floette-Eternal||Floettite|FlowerVeil|CalmMind,DazzlingGleam,DrainingKiss,Protect|Timid||F|||50|]Basculegion||MysticWater|Adaptability|WaveCrash,LastRespects,AquaJet,Protect|Adamant||M|||50|]Farigiraf||SitrusBerry|ArmorTail|TrickRoom,HelpingHand,Thunderbolt,Psychic|Bold||M|||50|]Garchomp||LifeOrb|RoughSkin|Protect,DragonClaw,StompingTantrum,RockSlide|Jolly||M|||50|
|inactive|Battle timer is ON: inactive players will automatically lose when time's up. (requested by SHLOK101)
|
|t:|1785762248
|teamsize|p1|4
|teamsize|p2|4
|start
|switch|p1a: Blaziken|Blaziken, L50, M|100/100
|switch|p1b: Mamoswine|Mamoswine, L50, F|100/100
|switch|p2a: Floette|Floette-Eternal, L50, F|100/100
|switch|p2b: Basculegion|Basculegion, L50, M|100/100
|turn|1
|
|t:|1785762268
|detailschange|p2a: Floette|Floette-Mega, L50, F
|-mega|p2a: Floette|Floette|Floettite
|-ability|p2a: Floette|Fairy Aura
|move|p1b: Mamoswine|Protect|p1b: Mamoswine
|-singleturn|p1b: Mamoswine|Protect
|move|p1a: Blaziken|Protect|p1a: Blaziken
|-singleturn|p1a: Blaziken|Protect
|move|p2a: Floette|Calm Mind|p2a: Floette
|-boost|p2a: Floette|spa|1
|-boost|p2a: Floette|spd|1
|move|p2b: Basculegion|Wave Crash|p1b: Mamoswine
|-activate|p1b: Mamoswine|move: Protect
|
|-ability|p1a: Blaziken|Speed Boost|boost
|-boost|p1a: Blaziken|spe|1
|upkeep
|turn|2
|
|t:|1785762281
|switch|p1b: Houndstone|Houndstone, L50, M|100/100
|move|p2a: Floette|Protect|p2a: Floette
|-singleturn|p2a: Floette|Protect
|move|p1a: Blaziken|Heat Wave|p2a: Floette|[spread] 
|-activate|p2a: Floette|move: Protect
|-miss|p1a: Blaziken|p2b: Basculegion
|move|p2b: Basculegion|Wave Crash|p1a: Blaziken
|-supereffective|p1a: Blaziken|1
|-enditem|p1a: Blaziken|Focus Sash
|-damage|p1a: Blaziken|1/100
|-damage|p2b: Basculegion|73/100|[from] Recoil
|
|-ability|p1a: Blaziken|Speed Boost|boost
|-boost|p1a: Blaziken|spe|1
|upkeep
|turn|3
|
|t:|1785762299
|switch|p2b: Farigiraf|Farigiraf, L50, M|100/100
|move|p1b: Houndstone|Protect|p1b: Houndstone
|-singleturn|p1b: Houndstone|Protect
|move|p1a: Blaziken|Coaching|p1b: Houndstone
|-boost|p1b: Houndstone|atk|1
|-boost|p1b: Houndstone|def|1
|move|p2a: Floette|Draining Kiss|p1b: Houndstone
|-activate|p1b: Houndstone|move: Protect
|
|-ability|p1a: Blaziken|Speed Boost|boost
|-boost|p1a: Blaziken|spe|1
|upkeep
|turn|4
|
|t:|1785762320
|move|p2a: Floette|Protect|p2a: Floette
|-singleturn|p2a: Floette|Protect
|move|p1a: Blaziken|Heat Wave|p2b: Farigiraf|[spread] p2b
|-activate|p2a: Floette|move: Protect
|-damage|p2b: Farigiraf|66/100
|move|p1b: Houndstone|Play Rough|p2a: Floette
|-activate|p2a: Floette|move: Protect
|move|p2b: Farigiraf|Trick Room|p2b: Farigiraf
|-fieldstart|move: Trick Room|[of] p2b: Farigiraf
|
|-ability|p1a: Blaziken|Speed Boost|boost
|-boost|p1a: Blaziken|spe|1
|upkeep
|turn|5
|
|t:|1785762338
|move|p1b: Houndstone|Protect|p1b: Houndstone
|-singleturn|p1b: Houndstone|Protect
|move|p2b: Farigiraf|Psychic|p1b: Houndstone
|-activate|p1b: Houndstone|move: Protect
|move|p2a: Floette|Dazzling Gleam|p1b: Houndstone|[spread] p1a
|-activate|p1b: Houndstone|move: Protect
|-damage|p1a: Blaziken|0 fnt
|faint|p1a: Blaziken
|
|upkeep
|
|t:|1785762350
|switch|p1a: Mamoswine|Mamoswine, L50, F|100/100
|turn|6
|
|t:|1785762371
|move|p2b: Farigiraf|Psychic|p1b: Houndstone
|-damage|p1b: Houndstone|55/100
|move|p1a: Mamoswine|High Horsepower|p2b: Farigiraf
|-damage|p2b: Farigiraf|11/100
|-enditem|p2b: Farigiraf|Sitrus Berry|[eat]
|-heal|p2b: Farigiraf|36/100|[from] item: Sitrus Berry
|-damage|p1a: Mamoswine|90/100|[from] item: Life Orb
|move|p1b: Houndstone|Last Respects|p2a: Floette
|-damage|p2a: Floette|17/100
|move|p2a: Floette|Draining Kiss|p1b: Houndstone
|-damage|p1b: Houndstone|0 fnt
|-heal|p2a: Floette|59/100|[from] drain|[of] p1b: Houndstone
|faint|p1b: Houndstone
|
|upkeep
|
|t:|1785762383
|switch|p1b: Tyranitar|Tyranitar, L50, F|100/100
|-weather|Sandstorm|[from] ability: Sand Stream|[of] p1b: Tyranitar
|turn|7
|
|t:|1785762394
|move|p2a: Floette|Protect|p2a: Floette
|-singleturn|p2a: Floette|Protect
|move|p1b: Tyranitar|Dragon Dance|p1b: Tyranitar
|-boost|p1b: Tyranitar|atk|1
|-boost|p1b: Tyranitar|spe|1
|move|p1a: Mamoswine|High Horsepower|p2a: Floette
|-activate|p2a: Floette|move: Protect
|move|p2b: Farigiraf|Trick Room|p2b: Farigiraf
|-fieldend|move: Trick Room
|
|-weather|Sandstorm|[upkeep]
|-damage|p2a: Floette|53/100|[from] Sandstorm
|-damage|p2b: Farigiraf|30/100|[from] Sandstorm
|upkeep
|turn|8
|
|t:|1785762415
|detailschange|p1b: Tyranitar|Tyranitar-Mega, L50, F
|-mega|p1b: Tyranitar|Tyranitar|Tyranitarite
|move|p2b: Farigiraf|Helping Hand|p2a: Floette
|-singleturn|p2a: Floette|Helping Hand|[of] p2b: Farigiraf
|move|p1b: Tyranitar|Rock Slide|p2a: Floette|[spread] p2a,p2b
|-damage|p2a: Floette|0 fnt
|-damage|p2b: Farigiraf|0 fnt
|faint|p2a: Floette
|faint|p2b: Farigiraf
|move|p1a: Mamoswine|High Horsepower|p2: Floette|[notarget]
|-fail|p1a: Mamoswine
|
|-weather|Sandstorm|[upkeep]
|upkeep
|
|t:|1785762423
|switch|p2a: Basculegion|Basculegion, L50, M|73/100
|switch|p2b: Aerodactyl|Aerodactyl, L50, M|100/100
|-ability|p2b: Aerodactyl|Unnerve
|turn|9
|
|t:|1785762440
|move|p2b: Aerodactyl|Wide Guard|p2b: Aerodactyl
|-singleturn|p2b: Aerodactyl|Wide Guard
|move|p1a: Mamoswine|Ice Shard|p2b: Aerodactyl
|-supereffective|p2b: Aerodactyl|1
|-damage|p2b: Aerodactyl|6/100
|-damage|p1a: Mamoswine|80/100|[from] item: Life Orb
|move|p1b: Tyranitar|Rock Slide|p2a: Basculegion|[spread] 
|-activate|p2a: Basculegion|move: Wide Guard
|-activate|p2b: Aerodactyl|move: Wide Guard
|move|p2a: Basculegion|Wave Crash|p1b: Tyranitar
|-supereffective|p1b: Tyranitar|1
|-damage|p1b: Tyranitar|0 fnt
|faint|p1b: Tyranitar
|-damage|p2a: Basculegion|44/100|[from] Recoil
|
|-weather|Sandstorm|[upkeep]
|-damage|p2a: Basculegion|37/100|[from] Sandstorm
|upkeep
|turn|10
|inactive|SHLOK101 has 30 seconds left.
|c|☆SHLOK101|that was wild
|
|t:|1785762473
|move|p2b: Aerodactyl|Rock Slide|p1a: Mamoswine
|-damage|p1a: Mamoswine|47/100
|move|p1a: Mamoswine|High Horsepower|p2a: Basculegion
|-damage|p2a: Basculegion|0 fnt
|faint|p2a: Basculegion
|-damage|p1a: Mamoswine|37/100|[from] item: Life Orb
|
|-weather|Sandstorm|[upkeep]
|upkeep
|turn|11
|c|☆SHLOK101|lol
|
|t:|1785762482
|move|p1a: Mamoswine|Ice Shard|p2b: Aerodactyl
|-supereffective|p2b: Aerodactyl|1
|-damage|p2b: Aerodactyl|0 fnt
|faint|p2b: Aerodactyl
|-damage|p1a: Mamoswine|27/100|[from] item: Life Orb
|
|win|SHLOK101
|raw|SHLOK101's rating: 1247 → 1268(+21 for winning)
|raw|jeanryupr's rating: 1187 → 1166(-21 for losing)
|l|☆SHLOK101
|player|p1|
|n|☆jeanryupr|jeanryupr
