|j|☆bighamsterbaseball
|j|☆Kongar
|html|bighamsterbaseballKongar    
|uhtml|bestof|Game 1 of a best-of-3
|t:|1784997732
|gametype|doubles
|player|p1|bighamsterbaseball|pokemaniac|1155
|player|p2|Kongar|2|1152
|gen|9
|tier|[Gen 9 Champions] VGC 2026 Reg M-B (Bo3)
|rated|
|rule|Species Clause: Limit one of each Pokémon
|rule|Item Clause: Limit 1 of each item
|clearpoke
|poke|p1|Pyroar, L50, F|
|poke|p1|Scrafty, L50, F|
|poke|p1|Torkoal, L50, F|
|poke|p1|Farigiraf, L50, F|
|poke|p1|Sneasler, L50, M|
|poke|p1|Mamoswine, L50, M|
|poke|p2|Sneasler, L50, F|
|poke|p2|Delphox, L50, M, shiny|
|poke|p2|Kingambit, L50, M, shiny|
|poke|p2|Sinistcha, L50, shiny|
|poke|p2|Incineroar, L50, M, shiny|
|poke|p2|Blastoise, L50, M|
|teampreview|4
|showteam|p1|Pyroar||Pyroarite|Unnerve|HeatWave,Overheat,SolarBeam,Protect|Timid||F|||50|]Scrafty||Scraftinite|Intimidate|FakeOut,DrainPunch,KnockOff,IcePunch|Adamant||F|||50|]Torkoal||Leftovers|Drought|HeatWave,Yawn,HelpingHand,Protect|Relaxed||F|||50|]Farigiraf||SitrusBerry|ArmorTail|Psychic,HyperVoice,TrickRoom,NastyPlot|Sassy||F|||50|]Sneasler||LifeOrb|PoisonTouch|CloseCombat,PoisonJab,RockSlide,Protect|Adamant||M|||50|]Mamoswine||FocusSash|Oblivious|IceShard,HighHorsepower,FreezeDry,Protect|Rash||M|||50|
|showteam|p2|Sneasler||FocusSash|PoisonTouch|PoisonJab,CloseCombat,FakeOut,QuickGuard|Jolly||F|||50|]Delphox||Delphoxite|Blaze|HeatWave,Psychic,NastyPlot,Protect|Timid||M|||50|]Kingambit||LifeOrb|Defiant|KowtowCleave,SuckerPunch,IronHead,Protect|Adamant||M|||50|]Sinistcha||ColburBerry|Hospitality|MatchaGotcha,RagePowder,TrickRoom,Protect|Bold|||||50|]Incineroar||SitrusBerry|Intimidate|FlareBlitz,HelpingHand,PartingShot,FakeOut|Impish||M|||50|]Blastoise||Blastoisinite|RainDish|WaterSpout,DarkPulse,ShellSmash,Protect|Modest||M|||50|
|
|t:|1784997821
|teamsize|p1|4
|teamsize|p2|4
|start
|switch|p1a: Sneasler|Sneasler, L50, M|100/100
|switch|p1b: Farigiraf|Farigiraf, L50, F|100/100
|switch|p2a: Sneasler|Sneasler, L50, F|100/100
|switch|p2b: Kingambit|Kingambit, L50, M, shiny|100/100
|turn|1
|inactive|Battle timer is ON: inactive players will automatically lose when time's up. (requested by Kongar)
|
|t:|1784997861
|switch|p2b: Sinistcha|Sinistcha, L50, shiny|100/100
|move|p2a: Sneasler|Poison Jab|p1b: Farigiraf
|-crit|p1b: Farigiraf
|-damage|p1b: Farigiraf|46/100
|-enditem|p1b: Farigiraf|Sitrus Berry|[eat]
|-heal|p1b: Farigiraf|71/100|[from] item: Sitrus Berry
|move|p1a: Sneasler|Close Combat|p2b: Sinistcha
|-immune|p2b: Sinistcha
|move|p1b: Farigiraf|Nasty Plot|p1b: Farigiraf
|-boost|p1b: Farigiraf|spa|2
|
|upkeep
|turn|2
|inactive|bighamsterbaseball has 30 seconds left.
|inactive|Kongar has 30 seconds left.
|inactive|bighamsterbaseball has 20 seconds left.
|
|t:|1784997898
|switch|p2b: Delphox|Delphox, L50, M, shiny|100/100
|move|p2a: Sneasler|Poison Jab|p1b: Farigiraf
|-damage|p1b: Farigiraf|33/100
|move|p1a: Sneasler|Poison Jab|p2b: Delphox
|-damage|p2b: Delphox|32/100
|-status|p2b: Delphox|psn|[from] ability: Poison Touch|[of] p1a: Sneasler
|-damage|p1a: Sneasler|90/100|[from] item: Life Orb
|move|p1b: Farigiraf|Hyper Voice|p2a: Sneasler|[spread] p2a,p2b
|-damage|p2a: Sneasler|33/100
|-damage|p2b: Delphox|0 fnt
|faint|p2b: Delphox
|
|upkeep
|
|t:|1784997911
|switch|p2b: Kingambit|Kingambit, L50, M, shiny|100/100
|turn|3
|inactive|bighamsterbaseball has 30 seconds left.
|inactive|bighamsterbaseball has 20 seconds left.
|inactive|bighamsterbaseball has 15 seconds left.
|inactive|bighamsterbaseball has 10 seconds left.
|inactive|bighamsterbaseball has 5 seconds left.
|
|t:|1784997963
|switch|p1b: Scrafty|Scrafty, L50, F|100/100
|-ability|p1b: Scrafty|Intimidate|boost
|-unboost|p2a: Sneasler|atk|1
|-unboost|p2b: Kingambit|atk|1
|-ability|p2b: Kingambit|Defiant|boost
|-boost|p2b: Kingambit|atk|2
|move|p2a: Sneasler|Poison Jab|p1a: Sneasler
|-resisted|p1a: Sneasler|1
|-crit|p1a: Sneasler
|-damage|p1a: Sneasler|35/100
|move|p1a: Sneasler|Poison Jab|p2a: Sneasler
|-resisted|p2a: Sneasler|1
|-damage|p2a: Sneasler|0 fnt
|faint|p2a: Sneasler
|-damage|p1a: Sneasler|25/100|[from] item: Life Orb
|move|p2b: Kingambit|Kowtow Cleave|p1b: Scrafty
|-resisted|p1b: Scrafty|2
|-damage|p1b: Scrafty|76/100
|-damage|p2b: Kingambit|90/100|[from] item: Life Orb
|
|upkeep
|
|t:|1784997979
|switch|p2a: Sinistcha|Sinistcha, L50, shiny|100/100
|-heal|p2b: Kingambit|100/100|[from] ability: Hospitality|[of] p2a: Sinistcha
|turn|4
|inactive|bighamsterbaseball has 30 seconds left.
|
|t:|1784998014
|move|p1a: Sneasler|Protect|p1a: Sneasler
|-singleturn|p1a: Sneasler|Protect
|move|p2b: Kingambit|Protect|p2b: Kingambit
|-singleturn|p2b: Kingambit|Protect
|move|p1b: Scrafty|Knock Off|p2a: Sinistcha
|-supereffective|p2a: Sinistcha|1
|-enditem|p2a: Sinistcha|Colbur Berry|[eat]
|-enditem|p2a: Sinistcha|Colbur Berry|[weaken]
|-damage|p2a: Sinistcha|64/100
|move|p2a: Sinistcha|Trick Room|p2a: Sinistcha
|-fieldstart|move: Trick Room|[of] p2a: Sinistcha
|
|upkeep
|turn|5
|inactive|Kongar has 30 seconds left.
|inactive|bighamsterbaseball has 30 seconds left.
|
|t:|1784998047
|switch|p1a: Farigiraf|Farigiraf, L50, F|33/100
|move|p2a: Sinistcha|Rage Powder|p2a: Sinistcha
|-singleturn|p2a: Sinistcha|move: Rage Powder
|move|p2b: Kingambit|Iron Head|p1a: Farigiraf
|-damage|p1a: Farigiraf|0 fnt
|faint|p1a: Farigiraf
|-damage|p2b: Kingambit|90/100|[from] item: Life Orb
|move|p1b: Scrafty|Knock Off|p2a: Sinistcha
|-supereffective|p2a: Sinistcha|1
|-damage|p2a: Sinistcha|13/100
|
|upkeep
|
|t:|1784998054
|switch|p1a: Torkoal|Torkoal, L50, F|100/100
|-weather|SunnyDay|[from] ability: Drought|[of] p1a: Torkoal
|turn|6
|
|t:|1784998069
|move|p2b: Kingambit|Sucker Punch|p1a: Torkoal
|-damage|p1a: Torkoal|55/100
|-damage|p2b: Kingambit|80/100|[from] item: Life Orb
|move|p1a: Torkoal|Heat Wave|p2b: Kingambit|[spread] p2b
|-miss|p1a: Torkoal|p2a: Sinistcha
|-supereffective|p2b: Kingambit|1
|-damage|p2b: Kingambit|16/100
|move|p1b: Scrafty|Drain Punch|p2b: Kingambit
|-supereffective|p2b: Kingambit|2
|-damage|p2b: Kingambit|0 fnt
|-heal|p1b: Scrafty|86/100|[from] drain|[of] p2b: Kingambit
|faint|p2b: Kingambit
|move|p2a: Sinistcha|Matcha Gotcha|p1a: Torkoal|[spread] p1a,p1b
|-resisted|p1a: Torkoal|1
|-damage|p1a: Torkoal|40/100
|-heal|p2a: Sinistcha|21/100|[from] drain|[of] p1a: Torkoal
|-damage|p1b: Scrafty|63/100
|-heal|p2a: Sinistcha|32/100|[from] drain|[of] p1b: Scrafty
|
|-weather|SunnyDay|[upkeep]
|-heal|p1a: Torkoal|46/100|[from] item: Leftovers
|upkeep
|turn|7
|inactive|Kongar has 30 seconds left.
|
|t:|1784998095
|detailschange|p1b: Scrafty|Scrafty-Mega, L50, F
|-mega|p1b: Scrafty|Scrafty|Scraftinite
|-ability|p1b: Scrafty|Intimidate|boost
|-unboost|p2a: Sinistcha|atk|1
|move|p1a: Torkoal|Heat Wave|p2a: Sinistcha
|-supereffective|p2a: Sinistcha|1
|-damage|p2a: Sinistcha|0 fnt
|faint|p2a: Sinistcha
|
|win|bighamsterbaseball
||bighamsterbaseball is ready for game 2.
|inactive|Kongar has 30 seconds to confirm battle start!
||Kongar is ready for game 2.
|uhtml|next|Next: Game 2 of 3
