|j|☆raksbachtesting1
|j|☆gdog6969
|html|raksbachtesting1gdog6969    
|uhtml|bestof|Game 1 of a best-of-3
|t:|1785226446
|gametype|doubles
|player|p1|raksbachtesting1|doubleteam|1120
|player|p2|gdog6969|102|1024
|gen|9
|tier|[Gen 9 Champions] VGC 2026 Reg M-B (Bo3)
|rated|
|rule|Species Clause: Limit one of each Pokémon
|rule|Item Clause: Limit 1 of each item
|clearpoke
|poke|p1|Charizard, L50, M|
|poke|p1|Garchomp, L50, M|
|poke|p1|Incineroar, L50, M|
|poke|p1|Venusaur, L50, F|
|poke|p1|Toxapex, L50, F|
|poke|p1|Sylveon, L50, F|
|poke|p2|Farigiraf, L50, M|
|poke|p2|Grimmsnarl, L50, M|
|poke|p2|Pelipper, L50, F|
|poke|p2|Archaludon, L50, M|
|poke|p2|Corviknight, L50, F|
|poke|p2|Sinistcha-Masterpiece, L50|
|teampreview|4
|showteam|p1|Charizard||CharizarditeY|SolarPower|WeatherBall,HeatWave,AncientPower,Protect|Modest||M|||50|]Garchomp||ChoiceScarf|RoughSkin|RockSlide,DragonClaw,Earthquake,StompingTantrum|Adamant||M|||50|]Incineroar||SitrusBerry|Intimidate|FlareBlitz,FakeOut,DarkestLariat,PartingShot|Impish||M|||50|]Venusaur||LifeOrb|Chlorophyll|SludgeBomb,LeafStorm,EarthPower,Protect|Modest||F|||50|]Toxapex||Leftovers|Regenerator|Infestation,Toxic,WideGuard,BanefulBunker|Bold||F|||50|]Sylveon||FairyFeather|Pixilate|HyperVoice,QuickAttack,Yawn,Detect|Modest||F|||50|
|showteam|p2|Farigiraf||ColburBerry|ArmorTail|Amnesia,BatonPass,Protect,TrickRoom|Bold||M|||50|]Grimmsnarl||LightClay|Prankster|FakeOut,Reflect,LightScreen,PartingShot|Careful||M|||50|]Pelipper||FocusSash|Drizzle|Tailwind,WideGuard,Hurricane,WeatherBall|Modest||F|||50|]Archaludon||Leftovers|Stamina|Protect,FlashCannon,DragonPulse,ElectroShot|Calm||M|||50|]Corviknight||SitrusBerry|MirrorArmor|BulkUp,BodyPress,PowerTrip,Roost|Careful||F|||50|]Sinistcha-Masterpiece||CobaBerry|Hospitality|LifeDew,RagePowder,TrickRoom,MatchaGotcha|Relaxed|||||50|
|inactive|Battle timer is ON: inactive players will automatically lose when time's up. (requested by raksbachtesting1)
|inactive|raksbachtesting1 has 60 seconds left.
|
|t:|1785226487
|teamsize|p1|4
|teamsize|p2|4
|start
|switch|p1a: Toxapex|Toxapex, L50, F|100/100
|switch|p1b: Charizard|Charizard, L50, M|100/100
|switch|p2a: Grimmsnarl|Grimmsnarl, L50, M|100/100
|switch|p2b: Farigiraf|Farigiraf, L50, M|100/100
|turn|1
|inactive|raksbachtesting1 has 30 seconds left.
|inactive|gdog6969 has 30 seconds left.
|
|t:|1785226517
|move|p2a: Grimmsnarl|Fake Out|p1b: Charizard
|-damage|p1b: Charizard|89/100
|cant|p1b: Charizard|flinch
|move|p2b: Farigiraf|Amnesia|p2b: Farigiraf
|-boost|p2b: Farigiraf|spd|2
|move|p1a: Toxapex|Infestation|p2b: Farigiraf
|-supereffective|p2b: Farigiraf|1
|-damage|p2b: Farigiraf|96/100
|-activate|p2b: Farigiraf|move: Infestation|[of] p1a: Toxapex
|
|-damage|p2b: Farigiraf|84/100|[from] move: Infestation|[partiallytrapped]
|upkeep
|turn|2
|
|t:|1785226534
|switch|p1b: Incineroar|Incineroar, L50, M|100/100
|-ability|p1b: Incineroar|Intimidate|boost
|-unboost|p2a: Grimmsnarl|atk|1
|-unboost|p2b: Farigiraf|atk|1
|move|p2a: Grimmsnarl|Light Screen|p2a: Grimmsnarl
|-sidestart|p2: gdog6969|move: Light Screen
|move|p2b: Farigiraf|Amnesia|p2b: Farigiraf
|-boost|p2b: Farigiraf|spd|2
|move|p1a: Toxapex|Toxic|p2b: Farigiraf
|-status|p2b: Farigiraf|tox
|
|-damage|p2b: Farigiraf|77/100 tox|[from] psn
|-damage|p2b: Farigiraf|65/100 tox|[from] move: Infestation|[partiallytrapped]
|upkeep
|turn|3
|inactive|raksbachtesting1 has 30 seconds left.
|
|t:|1785226561
|move|p2a: Grimmsnarl|Reflect|p2a: Grimmsnarl
|-sidestart|p2: gdog6969|Reflect
|move|p2b: Farigiraf|Baton Pass|p2b: Farigiraf
|
|t:|1785226564
|switch|p2b: Archaludon|Archaludon, L50, M|100/100|[from] Baton Pass
|move|p1b: Incineroar|Darkest Lariat|p2b: Archaludon
|-damage|p2b: Archaludon|80/100
|-ability|p2b: Archaludon|Stamina|boost
|-boost|p2b: Archaludon|def|1
|move|p1a: Toxapex|Infestation|p2a: Grimmsnarl
|-damage|p2a: Grimmsnarl|98/100
|-activate|p2a: Grimmsnarl|move: Infestation|[of] p1a: Toxapex
|
|-heal|p2b: Archaludon|86/100|[from] item: Leftovers
|-damage|p2b: Archaludon|74/100|[from] move: Infestation|[partiallytrapped]
|-damage|p2a: Grimmsnarl|85/100|[from] move: Infestation|[partiallytrapped]
|upkeep
|turn|4
|
|t:|1785226584
|move|p2b: Archaludon|Protect|p2b: Archaludon
|-singleturn|p2b: Archaludon|Protect
|move|p2a: Grimmsnarl|Parting Shot|p1a: Toxapex
|-unboost|p1a: Toxapex|atk|1
|-unboost|p1a: Toxapex|spa|1
|
|t:|1785226589
|switch|p2a: Pelipper|Pelipper, L50, F|100/100|[from] Parting Shot
|-weather|RainDance|[from] ability: Drizzle|[of] p2a: Pelipper
|move|p1b: Incineroar|Parting Shot|p2b: Archaludon
|-activate|p2b: Archaludon|move: Protect
|move|p1a: Toxapex|Infestation|p2b: Archaludon
|-activate|p2b: Archaludon|move: Protect
|
|-weather|RainDance|[upkeep]
|-heal|p2b: Archaludon|80/100|[from] item: Leftovers
|-damage|p2b: Archaludon|68/100|[from] move: Infestation|[partiallytrapped]
|upkeep
|turn|5
|
|t:|1785226611
|move|p2b: Archaludon|Electro Shot||[still]
|-prepare|p2b: Archaludon|Electro Shot
|-boost|p2b: Archaludon|spa|1
|-anim|p2b: Archaludon|Electro Shot|p1a: Toxapex
|-supereffective|p1a: Toxapex|1
|-damage|p1a: Toxapex|0 fnt
|faint|p1a: Toxapex
|move|p2a: Pelipper|Tailwind|p2a: Pelipper
|-sidestart|p2: gdog6969|move: Tailwind
|move|p1b: Incineroar|Parting Shot|p2b: Archaludon
|-unboost|p2b: Archaludon|atk|1
|-unboost|p2b: Archaludon|spa|1
|
|t:|1785226621
|switch|p1b: Charizard|Charizard, L50, M|89/100|[from] Parting Shot
|
|-weather|RainDance|[upkeep]
|-heal|p2b: Archaludon|74/100|[from] item: Leftovers
|-end|p2b: Archaludon|Infestation|[partiallytrapped]
|upkeep
|
|t:|1785226630
|switch|p1a: Venusaur|Venusaur, L50, F|100/100
|turn|6
|
|t:|1785226640
|switch|p2a: Grimmsnarl|Grimmsnarl, L50, M|85/100
|detailschange|p1b: Charizard|Charizard-Mega-Y, L50, M
|-mega|p1b: Charizard|Charizard|Charizardite Y
|-weather|SunnyDay|[from] ability: Drought|[of] p1b: Charizard
|move|p2b: Archaludon|Protect|p2b: Archaludon
|-singleturn|p2b: Archaludon|Protect
|move|p1a: Venusaur|Earth Power|p2b: Archaludon
|-activate|p2b: Archaludon|move: Protect
|move|p1b: Charizard|Heat Wave|p2a: Grimmsnarl|[spread] p2a
|-activate|p2b: Archaludon|move: Protect
|-damage|p2a: Grimmsnarl|51/100
|-status|p2a: Grimmsnarl|brn
|
|-weather|SunnyDay|[upkeep]
|-heal|p2b: Archaludon|80/100|[from] item: Leftovers
|-damage|p2a: Grimmsnarl|45/100 brn|[from] brn
|upkeep
|turn|7
|
|t:|1785226662
|switch|p1b: Incineroar|Incineroar, L50, M|100/100
|-ability|p1b: Incineroar|Intimidate|boost
|-unboost|p2a: Grimmsnarl|atk|1
|-unboost|p2b: Archaludon|atk|1
|move|p2a: Grimmsnarl|Parting Shot|p1a: Venusaur
|-unboost|p1a: Venusaur|atk|1
|-unboost|p1a: Venusaur|spa|1
|
|t:|1785226670
|switch|p2a: Pelipper|Pelipper, L50, F|100/100|[from] Parting Shot
|-weather|RainDance|[from] ability: Drizzle|[of] p2a: Pelipper
|move|p2b: Archaludon|Dragon Pulse|p1b: Incineroar
|-damage|p1b: Incineroar|65/100
|move|p1a: Venusaur|Earth Power|p2b: Archaludon
|-supereffective|p2b: Archaludon|1
|-damage|p2b: Archaludon|68/100
|-ability|p2b: Archaludon|Stamina|boost
|-boost|p2b: Archaludon|def|1
|-damage|p1a: Venusaur|90/100|[from] item: Life Orb
|
|-weather|RainDance|[upkeep]
|-heal|p2b: Archaludon|74/100|[from] item: Leftovers
|upkeep
|turn|8
|inactive|raksbachtesting1 has 30 seconds left.
|
|t:|1785226697
|move|p1b: Incineroar|Fake Out|p2a: Pelipper
|-damage|p2a: Pelipper|92/100
|move|p2b: Archaludon|Electro Shot||[still]
|-prepare|p2b: Archaludon|Electro Shot
|-boost|p2b: Archaludon|spa|1
|-anim|p2b: Archaludon|Electro Shot|p1b: Incineroar
|-damage|p1b: Incineroar|4/100
|-enditem|p1b: Incineroar|Sitrus Berry|[eat]
|-heal|p1b: Incineroar|29/100|[from] item: Sitrus Berry
|cant|p2a: Pelipper|flinch
|move|p1a: Venusaur|Sludge Bomb|p2a: Pelipper
|-damage|p2a: Pelipper|62/100
|-damage|p1a: Venusaur|81/100|[from] item: Life Orb
|
|-weather|RainDance|[upkeep]
|-heal|p2b: Archaludon|80/100|[from] item: Leftovers
|-sideend|p2: gdog6969|move: Tailwind
|upkeep
|turn|9
|
|t:|1785226715
|switch|p1a: Charizard|Charizard-Mega-Y, L50, M|89/100
|-weather|SunnyDay|[from] ability: Drought|[of] p1a: Charizard
|move|p2b: Archaludon|Protect|p2b: Archaludon
|-singleturn|p2b: Archaludon|Protect
|move|p2a: Pelipper|Tailwind|p2a: Pelipper
|-sidestart|p2: gdog6969|move: Tailwind
|move|p1b: Incineroar|Parting Shot|p2b: Archaludon
|-activate|p2b: Archaludon|move: Protect
|
|-weather|SunnyDay|[upkeep]
|-heal|p2b: Archaludon|86/100|[from] item: Leftovers
|-sideend|p2: gdog6969|move: Light Screen
|upkeep
|turn|10
|
|t:|1785226736
|switch|p2a: Farigiraf|Farigiraf, L50, M|65/100 tox
|move|p2b: Archaludon|Dragon Pulse|p1b: Incineroar
|-damage|p1b: Incineroar|0 fnt
|faint|p1b: Incineroar
|move|p1a: Charizard|Heat Wave|p2b: Archaludon|[spread] p2a,p2b
|-damage|p2a: Farigiraf|2/100 tox
|-damage|p2b: Archaludon|66/100
|-ability|p2b: Archaludon|Stamina|boost
|-boost|p2b: Archaludon|def|1
|
|-weather|SunnyDay|[upkeep]
|-heal|p2b: Archaludon|72/100|[from] item: Leftovers
|-damage|p2a: Farigiraf|0 fnt|[from] psn
|faint|p2a: Farigiraf
|-sideend|p2: gdog6969|Reflect
|upkeep
|-message|raksbachtesting1 forfeited.
|
|win|gdog6969
