|j|☆Sabasvgc
|j|☆The median voter
|html|SabasvgcThe median voter    
|uhtml|bestof|Game 1 of a best-of-3
|t:|1757816235
|gametype|doubles
|player|p1|Sabasvgc|101|1261
|player|p2|The median voter|scientist-gen4dp|1241
|gen|9
|tier|[Gen 9] VGC 2025 Reg H (Bo3)
|rated|
|rule|Species Clause: Limit one of each Pokémon
|rule|Item Clause: Limit 1 of each item
|clearpoke
|poke|p1|Dondozo, L50, F|
|poke|p1|Tatsugiri-Droopy, L50, F|
|poke|p1|Slaking, L50, M|
|poke|p1|Weezing, L50, F|
|poke|p1|Garchomp, L50, F|
|poke|p1|Kilowattrel, L50, F|
|poke|p2|Archaludon, L50, M|
|poke|p2|Dragonite, L50, F|
|poke|p2|Pelipper, L50, F|
|poke|p2|Ursaluna, L50, M|
|poke|p2|Sinistcha, L50|
|poke|p2|Gholdengo, L50|
|teampreview|4
|showteam|p1|Dondozo||Leftovers|Unaware|Protect,OrderUp,BodyPress,RockSlide|||F|||50|,,,,,Grass]Tatsugiri-Droopy||ChoiceScarf|Commander|HelpingHand,IcyWind,MuddyWater,DracoMeteor|||F|||50|,,,,,Steel]Slaking||SitrusBerry|Truant|PlayRough,HighHorsepower,KnockOff,Protect|||M|||50|,,,,,Psychic]Weezing||RockyHelmet|NeutralizingGas|Protect,Taunt,WillOWisp,SludgeBomb|||F|||50|,,,,,Flying]Garchomp||LifeOrb|RoughSkin|Earthquake,StompingTantrum,DragonClaw,Protect|||F|||50|,,,,,Ground]Kilowattrel||FocusSash|Competitive|Discharge,Tailwind,AirSlash,Protect|||F|||50|,,,,,Ghost
|showteam|p2|Archaludon||AssaultVest|Stamina|FlashCannon,BodyPress,ElectroShot,Snarl|||M|||50|,,,,,Fighting]Dragonite||LoadedDice|Multiscale|ScaleShot,Tailwind,Haze,Protect|||F|||50|,,,,,Steel]Pelipper||FocusSash|Drizzle|MuddyWater,Hurricane,Tailwind,Protect|||F|||50|,,,,,Ghost]Ursaluna||FlameOrb|Guts|Facade,HeadlongRush,Earthquake,Protect|||M|||50|,,,,,Ghost]Sinistcha||SitrusBerry|Hospitality|MatchaGotcha,LifeDew,RagePowder,TrickRoom||||||50|,,,,,Dark]Gholdengo||ChoiceScarf|GoodasGold|MakeItRain,ShadowBall,Trick,Protect||||||50|,,,,,Flying
|
|t:|1757816265
|teamsize|p1|4
|teamsize|p2|4
|start
|switch|p1a: Slaking|Slaking, L50, M, shiny|100/100
|switch|p1b: Weezing|Weezing, L50, F, shiny|100/100
|switch|p2a: Dragonite|Dragonite, L50, F|100/100
|switch|p2b: Gholdengo|Gholdengo, L50|100/100
|-ability|p1b: Weezing|Neutralizing Gas
|turn|1
|inactive|Battle timer is ON: inactive players will automatically lose when time's up. (requested by Sabasvgc)
|inactive|Sabasvgc has 60 seconds left.
|
|t:|1757816300
|switch|p2a: Archaludon|Archaludon, L50, M|100/100
|move|p1b: Weezing|Protect|p1b: Weezing
|-singleturn|p1b: Weezing|Protect
|move|p2b: Gholdengo|Make It Rain|p1a: Slaking|[spread] p1a
|-activate|p1b: Weezing|move: Protect
|-damage|p1a: Slaking|43/100
|-unboost|p2b: Gholdengo|spa|1
|-enditem|p1a: Slaking|Sitrus Berry|[eat]
|-heal|p1a: Slaking|68/100|[from] item: Sitrus Berry
|move|p1a: Slaking|Knock Off|p2b: Gholdengo
|-supereffective|p2b: Gholdengo
|-damage|p2b: Gholdengo|11/100
|-enditem|p2b: Gholdengo|Choice Scarf|[from] move: Knock Off|[of] p1a: Slaking
|
|upkeep
|turn|2
|inactive|Sabasvgc has 30 seconds left.
|inactive|The median voter has 30 seconds left.
|inactive|The median voter has 20 seconds left.
|
|t:|1757816342
|switch|p2b: Sinistcha|Sinistcha, L50|100/100
|move|p1a: Slaking|High Horsepower|p2a: Archaludon
|-supereffective|p2a: Archaludon
|-damage|p2a: Archaludon|45/100
|move|p2a: Archaludon|Snarl|p1b: Weezing|[spread] p1a,p1b
|-damage|p1a: Slaking|54/100
|-damage|p1b: Weezing|89/100
|-unboost|p1a: Slaking|spa|1
|-unboost|p1b: Weezing|spa|1
|move|p1b: Weezing|Will-O-Wisp|p2b: Sinistcha
|-status|p2b: Sinistcha|brn
|
|-damage|p2b: Sinistcha|94/100 brn|[from] brn
|upkeep
|turn|3
|inactive|Sabasvgc has 30 seconds left.
|
|t:|1757816374
|-terastallize|p2a: Archaludon|Fighting
|move|p1a: Slaking|Knock Off|p2b: Sinistcha
|-supereffective|p2b: Sinistcha
|-damage|p2b: Sinistcha|12/100 brn
|-enditem|p2b: Sinistcha|Sitrus Berry|[from] move: Knock Off|[of] p1a: Slaking
|move|p2a: Archaludon|Body Press|p1a: Slaking
|-supereffective|p1a: Slaking
|-damage|p1a: Slaking|0 fnt
|faint|p1a: Slaking
|move|p1b: Weezing|Taunt|p2b: Sinistcha
|-start|p2b: Sinistcha|move: Taunt
|cant|p2b: Sinistcha|move: Taunt|Trick Room
|
|-damage|p2b: Sinistcha|6/100 brn|[from] brn
|upkeep
|inactive|Sabasvgc has 30 seconds left.
|
|t:|1757816399
|switch|p1a: Garchomp|Garchomp, L50, F, shiny|100/100
|turn|4
|
|t:|1757816422
|switch|p2a: Dragonite|Dragonite, L50, F|100/100
|-end|p1b: Weezing|ability: Neutralizing Gas
|switch|p1b: Kilowattrel|Kilowattrel, L50, F, shiny|100/100
|-terastallize|p1a: Garchomp|Ground
|move|p1a: Garchomp|Earthquake|p2a: Dragonite|[spread] p2b
|-immune|p1b: Kilowattrel
|-immune|p2a: Dragonite
|-resisted|p2b: Sinistcha
|-damage|p2b: Sinistcha|0 fnt
|faint|p2b: Sinistcha
|-damage|p1a: Garchomp|91/100|[from] item: Life Orb
|
|upkeep
|
|t:|1757816425
|switch|p2b: Gholdengo|Gholdengo, L50|11/100
|turn|5
|
|t:|1757816447
|switch|p2a: Archaludon|Archaludon, L50, M, tera:Fighting|45/100
|move|p1b: Kilowattrel|Discharge|p2b: Gholdengo|[spread] p2a,p2b
|-immune|p1a: Garchomp
|-damage|p2a: Archaludon|24/100
|-damage|p2b: Gholdengo|0 fnt
|-ability|p2a: Archaludon|Stamina|boost
|-boost|p2a: Archaludon|def|1
|faint|p2b: Gholdengo
|move|p1a: Garchomp|Dragon Claw|p2a: Archaludon
|-damage|p2a: Archaludon|0 fnt
|faint|p2a: Archaludon
|-damage|p1a: Garchomp|81/100|[from] item: Life Orb
|
|upkeep
|-message|The median voter forfeited.
|
|win|Sabasvgc
|l|☆The median voter
|player|p2|
||The median voter is ready for game 2.
||Sabasvgc is ready for game 2.
|uhtml|next|Next: Game 2 of 3
