|j|☆Jonny5134
|j|☆clarocojones
|html|Jonny5134clarocojones    
|uhtml|bestof|Game 2 of a best-of-3
|t:|1785429780
|gametype|doubles
|player|p1|Jonny5134|102|1052
|player|p2|clarocojones|striker|1040
|gen|9
|tier|[Gen 9 Champions] VGC 2026 Reg M-B (Bo3)
|rated|
|rule|Species Clause: Limit one of each Pokémon
|rule|Item Clause: Limit 1 of each item
|clearpoke
|poke|p1|Whimsicott, L50, M|
|poke|p1|Glimmora, L50, F|
|poke|p1|Staraptor, L50, M|
|poke|p1|Garchomp, L50, F|
|poke|p1|Delphox, L50, F|
|poke|p1|Hydreigon, L50, M|
|poke|p2|Incineroar, L50, F, shiny|
|poke|p2|Floette-Eternal, L50, F|
|poke|p2|Sinistcha-Masterpiece, L50, shiny|
|poke|p2|Kommo-o, L50, F|
|poke|p2|Kingambit, L50, F, shiny|
|poke|p2|Aerodactyl, L50, F|
|teampreview|4
|showteam|p1|Whimsicott||OccaBerry|Prankster|Tailwind,Moonblast,Charm,LightScreen|Timid||M|||50|]Glimmora||FocusSash|ToxicDebris|PowerGem,SludgeBomb,EarthPower,SpikyShield|Modest||F|||50|]Staraptor||Staraptite|Intimidate|BraveBird,CloseCombat,Roost,Protect|Jolly||M|||50|]Garchomp||LifeOrb|RoughSkin|Earthquake,DragonClaw,RockSlide,Protect|Jolly||F|||50|]Delphox||Delphoxite|Blaze|HeatWave,Psychic,Substitute,Protect|Timid||F|||50|]Hydreigon||ChoiceScarf|Levitate|DracoMeteor,DarkPulse,Snarl,EarthPower|Modest||M|||50|
|showteam|p2|Incineroar||SitrusBerry|Intimidate|FakeOut,PartingShot,ThroatChop,FlareBlitz|Careful||F|||50|]Floette-Eternal||Floettite|FlowerVeil|Moonblast,DazzlingGleam,CalmMind,Protect|Modest||F|||50|]Sinistcha-Masterpiece||ColburBerry|Hospitality|MatchaGotcha,LifeDew,RagePowder,TrickRoom|Bold|||||50|]Kommo-o||Leftovers|Overcoat|ClangingScales,AuraSphere,ClangorousSoul,Protect|Modest||F|||50|]Kingambit||FocusSash|Defiant|KowtowCleave,SuckerPunch,IronHead,Protect|Adamant||F|||50|]Aerodactyl||Aerodactylite|Unnerve|Protect,RockSlide,Tailwind,DualWingbeat|Jolly||F|||50|
|inactive|Battle timer is ON: inactive players will automatically lose when time's up. (requested by Jonny5134)
|inactive|clarocojones has 60 seconds left.
|inactive|clarocojones has 30 seconds left.
|
|t:|1785429849
|teamsize|p1|4
|teamsize|p2|4
|start
|switch|p1a: Whimsicott|Whimsicott, L50, M|100/100
|switch|p1b: Glimmora|Glimmora, L50, F|100/100
|switch|p2a: Friends Take|Incineroar, L50, F, shiny|100/100
|switch|p2b: Felicidad|Floette-Eternal, L50, F|100/100
|-ability|p2a: Friends Take|Intimidate|boost
|-unboost|p1a: Whimsicott|atk|1
|-unboost|p1b: Glimmora|atk|1
|turn|1
|
|t:|1785429869
|detailschange|p2b: Felicidad|Floette-Mega, L50, F
|-mega|p2b: Felicidad|Floette|Floettite
|-ability|p2b: Felicidad|Fairy Aura
|move|p1b: Glimmora|Spiky Shield|p1b: Glimmora
|-singleturn|p1b: Glimmora|move: Protect
|move|p2a: Friends Take|Fake Out|p1a: Whimsicott
|-damage|p1a: Whimsicott|90/100
|cant|p1a: Whimsicott|flinch
|move|p2b: Felicidad|Calm Mind|p2b: Felicidad
|-boost|p2b: Felicidad|spa|1
|-boost|p2b: Felicidad|spd|1
|
|upkeep
|turn|2
|
|t:|1785429887
|move|p1a: Whimsicott|Light Screen|p1a: Whimsicott
|-sidestart|p1: Jonny5134|move: Light Screen
|move|p1b: Glimmora|Sludge Bomb|p2b: Felicidad
|-supereffective|p2b: Felicidad|1
|-damage|p2b: Felicidad|53/100
|move|p2b: Felicidad|Dazzling Gleam|p1b: Glimmora|[spread] p1a,p1b
|-resisted|p1b: Glimmora|1
|-damage|p1a: Whimsicott|29/100
|-damage|p1b: Glimmora|66/100
|move|p2a: Friends Take|Parting Shot|p1b: Glimmora
|-unboost|p1b: Glimmora|atk|1
|-unboost|p1b: Glimmora|spa|1
|
|t:|1785429896
|switch|p2a: DON JULIO|Sinistcha-Masterpiece, L50, shiny|100/100|[from] Parting Shot
|-heal|p2b: Felicidad|78/100|[from] ability: Hospitality|[of] p2a: DON JULIO
|
|upkeep
|turn|3
|
|t:|1785429904
|switch|p1a: Delphox|Delphox, L50, F|100/100
|move|p1b: Glimmora|Sludge Bomb|p2b: Felicidad
|-supereffective|p2b: Felicidad|1
|-damage|p2b: Felicidad|45/100
|-status|p2b: Felicidad|psn
|move|p2b: Felicidad|Calm Mind|p2b: Felicidad
|-boost|p2b: Felicidad|spa|1
|-boost|p2b: Felicidad|spd|1
|move|p2a: DON JULIO|Trick Room|p2a: DON JULIO
|-fieldstart|move: Trick Room|[of] p2a: DON JULIO
|
|-damage|p2b: Felicidad|33/100 psn|[from] psn
|upkeep
|turn|4
|
|t:|1785429923
|switch|p2a: Friends Take|Incineroar, L50, F, shiny|100/100
|-ability|p2a: Friends Take|Intimidate|boost
|-unboost|p1a: Delphox|atk|1
|-unboost|p1b: Glimmora|atk|1
|detailschange|p1a: Delphox|Delphox-Mega, L50, F
|-mega|p1a: Delphox|Delphox|Delphoxite
|move|p2b: Felicidad|Dazzling Gleam|p1b: Glimmora|[spread] p1a,p1b
|-resisted|p1a: Delphox|1
|-resisted|p1b: Glimmora|1
|-damage|p1a: Delphox|68/100
|-damage|p1b: Glimmora|27/100
|move|p1b: Glimmora|Sludge Bomb|p2a: Friends Take
|-damage|p2a: Friends Take|74/100
|move|p1a: Delphox|Heat Wave|p2b: Felicidad|[spread] p2a,p2b
|-resisted|p2a: Friends Take|1
|-damage|p2a: Friends Take|56/100
|-damage|p2b: Felicidad|16/100 psn
|
|-damage|p2b: Felicidad|4/100 psn|[from] psn
|upkeep
|turn|5
|inactive|Jonny5134 has 30 seconds left.
|
|t:|1785429956
|switch|p2a: DON JULIO|Sinistcha-Masterpiece, L50, shiny|100/100
|-heal|p2b: Felicidad|29/100 psn|[from] ability: Hospitality|[of] p2a: DON JULIO
|move|p1b: Glimmora|Spiky Shield|p1b: Glimmora
|-singleturn|p1b: Glimmora|move: Protect
|move|p1a: Delphox|Protect|p1a: Delphox
|-singleturn|p1a: Delphox|Protect
|move|p2b: Felicidad|Dazzling Gleam|p1b: Glimmora|[spread] 
|-activate|p1a: Delphox|move: Protect
|-activate|p1b: Glimmora|move: Protect
|
|-damage|p2b: Felicidad|17/100 psn|[from] psn
|upkeep
|turn|6
|
|t:|1785429974
|switch|p2a: Friends Take|Incineroar, L50, F, shiny|56/100
|-ability|p2a: Friends Take|Intimidate|boost
|-unboost|p1a: Delphox|atk|1
|-unboost|p1b: Glimmora|atk|1
|switch|p1b: Whimsicott|Whimsicott, L50, M|29/100
|move|p2b: Felicidad|Dazzling Gleam|p1a: Delphox|[spread] p1a,p1b
|-resisted|p1a: Delphox|1
|-damage|p1a: Delphox|37/100
|-damage|p1b: Whimsicott|0 fnt
|faint|p1b: Whimsicott
|move|p1a: Delphox|Heat Wave|p2a: Friends Take|[spread] p2a,p2b
|-resisted|p2a: Friends Take|1
|-damage|p2a: Friends Take|38/100
|-damage|p2b: Felicidad|2/100 psn
|-enditem|p2a: Friends Take|Sitrus Berry|[eat]
|-heal|p2a: Friends Take|63/100|[from] item: Sitrus Berry
|
|-damage|p2b: Felicidad|0 fnt|[from] psn
|faint|p2b: Felicidad
|-sideend|p1: Jonny5134|move: Light Screen
|upkeep
|
|t:|1785429989
|switch|p2b: DON JULIO|Sinistcha-Masterpiece, L50, shiny|100/100
|switch|p1b: Garchomp|Garchomp, L50, F|100/100
|-heal|p2a: Friends Take|88/100|[from] ability: Hospitality|[of] p2b: DON JULIO
|turn|7
|
|t:|1785430003
|switch|p2a: Kingambit|Kingambit, L50, F, shiny|100/100
|move|p1b: Garchomp|Protect|p1b: Garchomp
|-singleturn|p1b: Garchomp|Protect
|move|p1a: Delphox|Protect|p1a: Delphox
|-singleturn|p1a: Delphox|Protect
|move|p2b: DON JULIO|Matcha Gotcha|p1b: Garchomp|[spread] 
|-activate|p1a: Delphox|move: Protect
|-activate|p1b: Garchomp|move: Protect
|
|-fieldend|move: Trick Room
|upkeep
|turn|8
|
|t:|1785430022
|move|p2a: Kingambit|Sucker Punch||[still]
|-fail|p2a: Kingambit
|move|p1a: Delphox|Substitute|p1a: Delphox
|-start|p1a: Delphox|Substitute
|-damage|p1a: Delphox|12/100
|move|p1b: Garchomp|Earthquake|p2a: Kingambit|[spread] p2a,p2b
|-immune|p1a: Delphox|[from] ability: Levitate
|-supereffective|p2a: Kingambit|1
|-resisted|p2b: DON JULIO|1
|-damage|p2a: Kingambit|18/100
|-damage|p2b: DON JULIO|79/100
|-damage|p1b: Garchomp|90/100|[from] item: Life Orb
|move|p2b: DON JULIO|Trick Room|p2b: DON JULIO
|-fieldstart|move: Trick Room|[of] p2b: DON JULIO
|
|upkeep
|turn|9
|
|t:|1785430044
|move|p2b: DON JULIO|Matcha Gotcha|p1a: Delphox|[spread] p1a,p1b
|-resisted|p1a: Delphox|1
|-activate|p1a: Delphox|move: Substitute|[damage]
|-heal|p2b: DON JULIO|85/100|[from] drain|[of] p1a: Delphox
|-crit|p1b: Garchomp
|-damage|p1b: Garchomp|49/100
|-heal|p2b: DON JULIO|100/100|[from] drain|[of] p1b: Garchomp
|move|p2a: Kingambit|Kowtow Cleave|p1b: Garchomp
|-damage|p1b: Garchomp|1/100
|-damage|p2a: Kingambit|6/100|[from] ability: Rough Skin|[of] p1b: Garchomp
|move|p1b: Garchomp|Earthquake|p2b: DON JULIO|[spread] p2a,p2b
|-immune|p1a: Delphox|[from] ability: Levitate
|-supereffective|p2a: Kingambit|1
|-resisted|p2b: DON JULIO|1
|-crit|p2b: DON JULIO
|-damage|p2a: Kingambit|0 fnt
|-damage|p2b: DON JULIO|68/100
|faint|p2a: Kingambit
|-damage|p1b: Garchomp|0 fnt|[from] item: Life Orb
|faint|p1b: Garchomp
|move|p1a: Delphox|Heat Wave|p2b: DON JULIO
|-supereffective|p2b: DON JULIO|1
|-damage|p2b: DON JULIO|0 fnt
|faint|p2b: DON JULIO
|
|upkeep
|
|t:|1785430060
|switch|p2b: Friends Take|Incineroar, L50, F, shiny|88/100
|switch|p1b: Glimmora|Glimmora, L50, F|27/100
|-ability|p2b: Friends Take|Intimidate|boost
|-immune|p1a: Delphox
|-unboost|p1b: Glimmora|atk|1
|turn|10
|
|t:|1785430070
|move|p1b: Glimmora|Spiky Shield|p1b: Glimmora
|-singleturn|p1b: Glimmora|move: Protect
|move|p2b: Friends Take|Throat Chop|p1b: Glimmora
|-activate|p1b: Glimmora|move: Protect
|-damage|p2b: Friends Take|75/100|[from] Spiky Shield|[of] p1b: Glimmora
|move|p1a: Delphox|Heat Wave|p2b: Friends Take
|-resisted|p2b: Friends Take|1
|-damage|p2b: Friends Take|53/100
|
|upkeep
|turn|11
|
|t:|1785430085
|move|p1b: Glimmora|Spiky Shield||[still]
|-fail|p1b: Glimmora
|move|p2b: Friends Take|Throat Chop|p1b: Glimmora
|-damage|p1b: Glimmora|0 fnt
|-activate|p1b: Glimmora|ability: Toxic Debris
|-sidestart|p2: clarocojones|move: Toxic Spikes
|faint|p1b: Glimmora
|move|p1a: Delphox|Heat Wave|p2b: Friends Take
|-resisted|p2b: Friends Take|1
|-damage|p2b: Friends Take|29/100
|
|upkeep
|turn|12
|
|t:|1785430095
|move|p1a: Delphox|Protect|p1a: Delphox
|-singleturn|p1a: Delphox|Protect
|move|p2b: Friends Take|Throat Chop|p1a: Delphox
|-activate|p1a: Delphox|move: Protect
|
|-fieldend|move: Trick Room
|upkeep
|turn|13
|
|t:|1785430099
|move|p1a: Delphox|Heat Wave|p2b: Friends Take
|-resisted|p2b: Friends Take|1
|-damage|p2b: Friends Take|7/100
|move|p2b: Friends Take|Throat Chop|p1a: Delphox
|-supereffective|p1a: Delphox|1
|-end|p1a: Delphox|Substitute
|
|upkeep
|turn|14
|
|t:|1785430102
|move|p1a: Delphox|Heat Wave|p2b: Friends Take
|-resisted|p2b: Friends Take|1
|-damage|p2b: Friends Take|0 fnt
|faint|p2b: Friends Take
|
|win|Jonny5134
