|j|☆b7blastoise
|j|☆INT JAGUARR
|html|b7blastoiseINT JAGUARR    
|uhtml|bestof|Game 3 of a best-of-3
|t:|1784503588
|gametype|doubles
|player|p1|b7blastoise|lance|
|player|p2|INT JAGUARR|ethan|
|gen|9
|tier|[Gen 9 Champions] VGC 2026 Reg M-B (Bo3)
|rule|Species Clause: Limit one of each Pokémon
|rule|Item Clause: Limit 1 of each item
|clearpoke
|poke|p1|Staraptor, L50, M|
|poke|p1|Maushold-Four, L50|
|poke|p1|Basculegion, L50, M|
|poke|p1|Delphox, L50, F|
|poke|p1|Ninetales-Alola, L50, F|
|poke|p1|Kingambit, L50, F|
|poke|p2|Gardevoir, L50, F, shiny|
|poke|p2|Maushold, L50, shiny|
|poke|p2|Kingambit, L50, F, shiny|
|poke|p2|Talonflame, L50, M|
|poke|p2|Basculegion, L50, M|
|poke|p2|Kommo-o, L50, F|
|teampreview|4
|showteam|p1|Staraptor||Staraptite|Intimidate|Protect,Tailwind,CloseCombat,BraveBird|Adamant||M|||50|]Maushold-Four||FocusSash|FriendGuard|Protect,SuperFang,FollowMe,Encore|Jolly|||||50|]Basculegion||ChoiceScarf|Adaptability|WaveCrash,FlipTurn,AquaJet,LastRespects|Jolly||M|||50|]Delphox||Delphoxite|Blaze|Protect,Substitute,HeatWave,Psyshock|Timid||F|||50|]Ninetales-Alola||NeverMeltIce|SnowWarning|Protect,IcyWind,Blizzard,FreezeDry|Timid||F|||50|]Kingambit||BlackGlasses|Defiant|Protect,IronHead,SuckerPunch,KowtowCleave|Adamant||F|||50|
|showteam|p2|Gardevoir||Gardevoirite|Trace|HyperVoice,Protect,VacuumWave,Psyshock|Modest||F|||50|]Maushold||FocusSash|FriendGuard|FollowMe,Protect,Taunt,SuperFang|Timid|||||50|]Kingambit||BlackGlasses|Defiant|KowtowCleave,Protect,LowKick,SuckerPunch|Adamant||F|||50|]Talonflame||SharpBeak|GaleWings|BraveBird,Protect,Tailwind,QuickGuard|Adamant||M|||50|]Basculegion||ChoiceScarf|Adaptability|WaveCrash,FlipTurn,AquaJet,LastRespects|Jolly||M|||50|]Kommo-o||LifeOrb|Soundproof|ClangingScales,AuraSphere,DracoMeteor,Protect|Modest||F|||50|
|inactive|Battle timer is ON: inactive players will automatically lose when time's up. (requested by INT JAGUARR)
|inactive|INT JAGUARR has 60 seconds left.
|
|t:|1784503628
|teamsize|p1|4
|teamsize|p2|4
|start
|switch|p1a: Ninetales|Ninetales-Alola, L50, F|100/100
|switch|p1b: Delphox|Delphox, L50, F|100/100
|switch|p2a: Kingambit|Kingambit, L50, F, shiny|100/100
|switch|p2b: Basculegion|Basculegion, L50, M|100/100
|-weather|Snowscape|[from] ability: Snow Warning|[of] p1a: Ninetales
|turn|1
|inactive|INT JAGUARR has 30 seconds left.
|
|t:|1784503660
|switch|p2a: Maushold|Maushold, L50, shiny|100/100
|move|p1a: Ninetales|Protect|p1a: Ninetales
|-singleturn|p1a: Ninetales|Protect
|move|p1b: Delphox|Protect|p1b: Delphox
|-singleturn|p1b: Delphox|Protect
|move|p2b: Basculegion|Flip Turn|p1a: Ninetales
|-activate|p1a: Ninetales|move: Protect
|
|-weather|Snowscape|[upkeep]
|upkeep
|turn|2
|
|t:|1784503680
|switch|p1b: Basculegion|Basculegion, L50, M|100/100
|move|p2b: Basculegion|Flip Turn|p1b: Basculegion
|-resisted|p1b: Basculegion|1
|-damage|p1b: Basculegion|76/100
|
|t:|1784503686
|switch|p2b: Gardevoir|Gardevoir, L50, F, shiny|100/100|[from] Flip Turn
|-ability|p2b: Gardevoir|Adaptability|Trace|[from] ability: Trace|[of] p1b: Basculegion
|move|p2a: Maushold|Super Fang|p1a: Ninetales|[miss]
|-miss|p2a: Maushold|p1a: Ninetales
|move|p1a: Ninetales|Blizzard|p2b: Gardevoir|[spread] p2a,p2b
|-crit|p2a: Maushold
|-damage|p2a: Maushold|37/100
|-damage|p2b: Gardevoir|66/100
|
|-weather|Snowscape|[upkeep]
|upkeep
|turn|3
|
|t:|1784503706
|detailschange|p2b: Gardevoir|Gardevoir-Mega, L50, F, shiny
|-mega|p2b: Gardevoir|Gardevoir|Gardevoirite
|move|p2a: Maushold|Follow Me|p2a: Maushold
|-singleturn|p2a: Maushold|move: Follow Me
|move|p1b: Basculegion|Flip Turn|p2a: Maushold
|-damage|p2a: Maushold|0 fnt
|faint|p2a: Maushold
|
|t:|1784503712
|switch|p1b: Maushold|Maushold-Four, L50|100/100|[from] Flip Turn
|move|p1a: Ninetales|Blizzard|p2b: Gardevoir
|-damage|p2b: Gardevoir|16/100
|move|p2b: Gardevoir|Hyper Voice|p1b: Maushold|[spread] p1a,p1b
|-damage|p1a: Ninetales|51/100
|-damage|p1b: Maushold|33/100
|
|-weather|Snowscape|[upkeep]
|upkeep
|
|t:|1784503722
|switch|p2a: Basculegion|Basculegion, L50, M|100/100
|turn|4
|
|t:|1784503733
|move|p1b: Maushold|Protect|p1b: Maushold
|-singleturn|p1b: Maushold|Protect
|move|p2b: Gardevoir|Vacuum Wave|p1b: Maushold
|-activate|p1b: Maushold|move: Protect
|move|p2a: Basculegion|Last Respects|p1a: Ninetales
|-crit|p1a: Ninetales
|-damage|p1a: Ninetales|0 fnt
|faint|p1a: Ninetales
|
|-weather|Snowscape|[upkeep]
|upkeep
|
|t:|1784503743
|switch|p1a: Basculegion|Basculegion, L50, M|76/100
|turn|5
|
|t:|1784503751
|switch|p1b: Delphox|Delphox, L50, F|100/100
|move|p2b: Gardevoir|Vacuum Wave|p1b: Delphox
|-resisted|p1b: Delphox|1
|-damage|p1b: Delphox|89/100
|move|p2a: Basculegion|Last Respects|p1a: Basculegion
|-supereffective|p1a: Basculegion|1
|-damage|p1a: Basculegion|0 fnt
|faint|p1a: Basculegion
|
|-weather|none
|upkeep
|
|t:|1784503760
|switch|p1a: Maushold|Maushold-Four, L50|33/100
|turn|6
|
|t:|1784503771
|detailschange|p1b: Delphox|Delphox-Mega, L50, F
|-mega|p1b: Delphox|Delphox|Delphoxite
|move|p1a: Maushold|Follow Me|p1a: Maushold
|-singleturn|p1a: Maushold|move: Follow Me
|move|p2b: Gardevoir|Vacuum Wave|p1a: Maushold
|-supereffective|p1a: Maushold|1
|-damage|p1a: Maushold|0 fnt
|faint|p1a: Maushold
|move|p2a: Basculegion|Last Respects|p1b: Delphox
|-supereffective|p1b: Delphox|1
|-damage|p1b: Delphox|0 fnt
|faint|p1b: Delphox
|
|win|INT JAGUARR
|l|☆b7blastoise
|player|p1|
