|j|鈽唖piritnekovgc
|j|鈽咲rubird
|html|spiritnekovgcDrubird    
|uhtml|bestof|Game 1 of a best-of-3
|t:|1757205944
|gametype|doubles
|player|p1|spiritnekovgc|psychic-gen4|1076
|player|p2|Drubird|102|1064
|gen|9
|tier|[Gen 9] VGC 2025 Reg H (Bo3)
|rated|
|rule|Species Clause: Limit one of each Pok茅mon
|rule|Item Clause: Limit 1 of each item
|clearpoke
|poke|p1|Sneasler, L50, F|
|poke|p1|Indeedee, L50, M|
|poke|p1|Talonflame, L50, M|
|poke|p1|Ursaluna-Bloodmoon, L50, M|
|poke|p1|Incineroar, L50, M|
|poke|p1|Primarina, L50, M|
|poke|p2|Gothitelle, L50, M|
|poke|p2|Incineroar, L50, M|
|poke|p2|Rillaboom, L50, F|
|poke|p2|Amoonguss, L50, F|
|poke|p2|Primarina, L50, F|
|poke|p2|Pelipper, L50, M|
|teampreview|4
|showteam|p1|Sneasler||PsychicSeed|Unburden|CloseCombat,DireClaw,ThroatChop,Protect|||F|||50|,,,,,Dark]Indeedee||FocusSash|PsychicSurge|ExpandingForce,TrickRoom,HelpingHand,Protect|||M|||50|,,,,,Psychic]Talonflame||CovertCloak|GaleWings|FlareBlitz,DualWingbeat,WillOWisp,Tailwind|||M|||50|,,,,,Flying]Ursaluna-Bloodmoon||LifeOrb|MindsEye|BloodMoon,HyperVoice,EarthPower,Protect|||M|||50|,,,,,Normal]Incineroar||SafetyGoggles|Intimidate|FlareBlitz,KnockOff,PartingShot,FakeOut|||M|||50|,,,,,Ghost]Primarina||SitrusBerry|LiquidVoice|HyperVoice,Moonblast,Haze,Protect|||M|||50|,,,,,Poison
|showteam|p2|Gothitelle||CovertCloak|ShadowTag|FakeOut,FoulPlay,Taunt,HelpingHand|||M|||50|,,,,,Dark]Incineroar||SafetyGoggles|Intimidate|FakeOut,KnockOff,FlareBlitz,PartingShot|||M|||50|,,,,,Ghost]Rillaboom||AssaultVest|GrassySurge|Earthquake,GrassyGlide,FakeOut,Uturn|||F|||50|,,,,,Fire]Amoonguss||RockyHelmet|Regenerator|PollenPuff,Spore,RagePowder,SludgeBomb|||F|||50|,,,,,Water]Primarina||SitrusBerry|LiquidVoice|HyperVoice,DazzlingGleam,PerishSong,Protect|||F|||50|,,,,,Stellar]Pelipper||FocusSash|Drizzle|Hurricane,WeatherBall,Tailwind,Protect|||M|||50|,,,,,Grass
|inactive|Battle timer is ON: inactive players will automatically lose when time's up. (requested by spiritnekovgc)
|inactive|spiritnekovgc has 60 seconds left.
|inactive|spiritnekovgc has 30 seconds left.
|inactive|spiritnekovgc has 20 seconds left.
|inactive|spiritnekovgc has 15 seconds left.
|inactive|spiritnekovgc has 10 seconds left.
|
|t:|1757206026
|teamsize|p1|4
|teamsize|p2|4
|start
|switch|p1a: Alfred|Indeedee, L50, M|100/100
|switch|p1b: Shrike|Talonflame, L50, M, shiny|100/100
|switch|p2a: Pelipper|Pelipper, L50, M|100/100
|switch|p2b: Primarina|Primarina, L50, F|100/100
|-fieldstart|move: Psychic Terrain|[from] ability: Psychic Surge|[of] p1a: Alfred
|-weather|RainDance|[from] ability: Drizzle|[of] p2a: Pelipper
|turn|1
|inactive|spiritnekovgc has 30 seconds left.
|inactive|spiritnekovgc has 20 seconds left.
|
|t:|1757206063
|switch|p2b: Rillaboom|Rillaboom, L50, F|100/100
|-fieldstart|move: Grassy Terrain|[from] ability: Grassy Surge|[of] p2b: Rillaboom
|move|p1b: Shrike|Tailwind|p1b: Shrike
|-sidestart|p1: spiritnekovgc|move: Tailwind
|move|p1a: Alfred|Expanding Force|p2a: Pelipper
|-damage|p2a: Pelipper|36/100
|move|p2a: Pelipper|Weather Ball|p1b: Shrike
|-supereffective|p1b: Shrike
|-damage|p1b: Shrike|0 fnt
|faint|p1b: Shrike
|
|-weather|RainDance|[upkeep]
|upkeep
|
|t:|1757206073
|switch|p1b: Maple|Ursaluna-Bloodmoon, L50, M|100/100
|turn|2
|
|t:|1757206087
|-terastallize|p1b: Maple|Normal
|move|p2a: Pelipper|Protect|p2a: Pelipper
|-singleturn|p2a: Pelipper|Protect
|move|p2b: Rillaboom|Grassy Glide|p1b: Maple
|-damage|p1b: Maple|70/100
|move|p1a: Alfred|Expanding Force|p2a: Pelipper
|-activate|p2a: Pelipper|move: Protect
|move|p1b: Maple|Hyper Voice|p2b: Rillaboom|[spread] p2b
|-activate|p2a: Pelipper|move: Protect
|-damage|p2b: Rillaboom|53/100
|-damage|p1b: Maple|61/100|[from] item: Life Orb
|
|-weather|RainDance|[upkeep]
|-heal|p1b: Maple|67/100|[from] Grassy Terrain
|-heal|p2b: Rillaboom|58/100|[from] Grassy Terrain
|upkeep
|turn|3
|inactive|Drubird has 30 seconds left.
|
|t:|1757206115
|switch|p1a: Sonya|Sneasler, L50, F|100/100
|move|p2b: Rillaboom|Grassy Glide|p1b: Maple
|-crit|p1b: Maple
|-damage|p1b: Maple|25/100
|move|p1b: Maple|Hyper Voice|p2b: Rillaboom|[spread] p2a,p2b
|-damage|p2a: Pelipper|0 fnt
|-damage|p2b: Rillaboom|12/100
|faint|p2a: Pelipper
|-damage|p1b: Maple|15/100|[from] item: Life Orb
|
|-weather|RainDance|[upkeep]
|-heal|p1b: Maple|21/100|[from] Grassy Terrain
|-heal|p2b: Rillaboom|18/100|[from] Grassy Terrain
|upkeep
|inactive|Drubird has 30 seconds left.
|
|t:|1757206142
|switch|p2a: Amoonguss|Amoonguss, L50, F|100/100
|turn|4
|
|t:|1757206158
|switch|p1a: Alfred|Indeedee, L50, M|100/100
|-fieldstart|move: Psychic Terrain|[from] ability: Psychic Surge|[of] p1a: Alfred
|move|p1b: Maple|Hyper Voice|p2a: Amoonguss|[spread] p2a,p2b
|-damage|p2a: Amoonguss|40/100
|-damage|p2b: Rillaboom|0 fnt
|faint|p2b: Rillaboom
|-damage|p1b: Maple|12/100|[from] item: Life Orb
|move|p2a: Amoonguss|Spore|p1a: Alfred
|-status|p1a: Alfred|slp|[from] move: Spore
|
|-weather|RainDance|[upkeep]
|-sideend|p1: spiritnekovgc|move: Tailwind
|upkeep
|
|t:|1757206164
|switch|p2b: Primarina|Primarina, L50, F|100/100
|turn|5
|c|鈽唖piritnekovgc|oh i didnt relize primarina was still alive
|c|鈽唖piritnekovgc|fuck
|
|t:|1757206181
|-terastallize|p2a: Amoonguss|Water
|cant|p1a: Alfred|slp
|move|p1b: Maple|Hyper Voice|p2a: Amoonguss|[spread] p2a,p2b
|-damage|p2a: Amoonguss|0 fnt
|-damage|p2b: Primarina|44/100
|-enditem|p2b: Primarina|Sitrus Berry|[eat]
|-heal|p2b: Primarina|69/100|[from] item: Sitrus Berry
|faint|p2a: Amoonguss
|-damage|p1b: Maple|2/100|[from] item: Life Orb
|move|p2b: Primarina|Hyper Voice|p1a: Alfred|[spread] p1a,p1b
|-damage|p1a: Alfred|34/100 slp
|-damage|p1b: Maple|0 fnt
|faint|p1b: Maple
|
|-weather|none
|upkeep
|
|t:|1757206186
|switch|p1b: Sonya|Sneasler, L50, F|100/100
|-enditem|p1b: Sonya|Psychic Seed
|-boost|p1b: Sonya|spd|1|[from] item: Psychic Seed
|turn|6
|
|t:|1757206190
|move|p1b: Sonya|Dire Claw|p2b: Primarina
|-supereffective|p2b: Primarina
|-damage|p2b: Primarina|0 fnt
|faint|p2b: Primarina
|
|win|spiritnekovgc
|l|鈽咲rubird
|player|p2|
||spiritnekovgc is ready for game 2.
|inactive|Drubird has 30 seconds to confirm battle start!
|inactive|Drubird has 20 seconds to confirm battle start!
