|j|☆RayGatsby
|j|☆Caloteiros VGC
|html|RayGatsbyCaloteiros VGC    
|uhtml|bestof|Game 2 of a best-of-3
|t:|1785816393
|gametype|doubles
|player|p1|RayGatsby|265|1079
|player|p2|Caloteiros VGC|morty|1164
|gen|9
|tier|[Gen 9 Champions] VGC 2026 Reg M-B (Bo3)
|rated|
|rule|Species Clause: Limit one of each Pokémon
|rule|Item Clause: Limit 1 of each item
|clearpoke
|poke|p1|Tyranitar, L50, F|
|poke|p1|Milotic, L50, F|
|poke|p1|Staraptor, L50, M|
|poke|p1|Whimsicott, L50, M|
|poke|p1|Kingambit, L50, M|
|poke|p1|Meganium, L50, M|
|poke|p2|Raichu, L50, F|
|poke|p2|Sinistcha, L50|
|poke|p2|Incineroar, L50, M|
|poke|p2|Sylveon, L50, F|
|poke|p2|Hydreigon, L50, M|
|poke|p2|Metagross, L50|
|teampreview|4
|showteam|p1|Tyranitar||Tyranitarite|SandStream|RockSlide,KnockOff,HighHorsepower,Protect|Jolly||F|||50|]Milotic||SitrusBerry|Competitive|Scald,IcyWind,Haze,LifeDew|Calm||F|||50|]Staraptor||Staraptite|Intimidate|CloseCombat,BraveBird,Roost,Protect|Jolly||M|||50|]Whimsicott||FocusSash|Prankster|Moonblast,Tailwind,Charm,LightScreen|Timid||M|||50|]Kingambit||ChopleBerry|Defiant|KowtowCleave,SuckerPunch,IronHead,Protect|Adamant||M|||50|]Meganium||Meganiumite|Overgrow|WeatherBall,SolarBeam,DazzlingGleam,Protect|Modest||M|||50|
|showteam|p2|Raichu||RaichuniteY|LightningRod|ZapCannon,FocusBlast,FakeOut,Protect|Timid||F|||50|]Sinistcha||SitrusBerry|Hospitality|MatchaGotcha,RagePowder,TrickRoom,Protect|Bold|||||50|]Incineroar||ShucaBerry|Intimidate|FlareBlitz,DarkestLariat,PartingShot,FakeOut|Careful||M|||50|]Sylveon||FairyFeather|Pixilate|HyperVoice,Moonblast,CalmMind,Protect|Modest||F|||50|]Hydreigon||ChoiceScarf|Levitate|DracoMeteor,DarkPulse,EarthPower,Snarl|Modest||M|||50|]Metagross||Metagrossite|ClearBody|HardPress,BodyPress,PsychicFangs,Protect|Adamant|||||50|
|inactive|Battle timer is ON: inactive players will automatically lose when time's up. (requested by Caloteiros VGC)
|
|t:|1785816418
|teamsize|p1|4
|teamsize|p2|4
|start
|switch|p1a: Milotic|Milotic, L50, F|100/100
|switch|p1b: Staraptor|Staraptor, L50, M|100/100
|switch|p2a: Raichu|Raichu, L50, F|100/100
|switch|p2b: Sylveon|Sylveon, L50, F|100/100
|-ability|p1b: Staraptor|Intimidate|boost
|-unboost|p2a: Raichu|atk|1
|-unboost|p2b: Sylveon|atk|1
|turn|1
|
|t:|1785816435
|detailschange|p2a: Raichu|Raichu-Mega-Y, L50, F
|-mega|p2a: Raichu|Raichu|Raichunite Y
|detailschange|p1b: Staraptor|Staraptor-Mega, L50, M
|-mega|p1b: Staraptor|Staraptor|Staraptite
|move|p1b: Staraptor|Protect|p1b: Staraptor
|-singleturn|p1b: Staraptor|Protect
|move|p2a: Raichu|Zap Cannon|p1b: Staraptor
|-activate|p1b: Staraptor|move: Protect
|move|p1a: Milotic|Icy Wind|p2a: Raichu|[spread] p2a,p2b
|-damage|p2a: Raichu|88/100
|-damage|p2b: Sylveon|92/100
|-unboost|p2a: Raichu|spe|1
|-unboost|p2b: Sylveon|spe|1
|move|p2b: Sylveon|Calm Mind|p2b: Sylveon
|-boost|p2b: Sylveon|spa|1
|-boost|p2b: Sylveon|spd|1
|
|upkeep
|turn|2
|
|t:|1785816453
|switch|p2a: Sinistcha|Sinistcha, L50|100/100
|-heal|p2b: Sylveon|100/100|[from] ability: Hospitality|[of] p2a: Sinistcha
|move|p1b: Staraptor|Close Combat|p2a: Sinistcha
|-immune|p2a: Sinistcha
|move|p1a: Milotic|Icy Wind|p2a: Sinistcha|[spread] p2a,p2b
|-supereffective|p2a: Sinistcha|1
|-damage|p2a: Sinistcha|78/100
|-damage|p2b: Sylveon|95/100
|-unboost|p2a: Sinistcha|spe|1
|-unboost|p2b: Sylveon|spe|1
|move|p2b: Sylveon|Hyper Voice|p1a: Milotic|[spread] p1a,p1b
|-supereffective|p1b: Staraptor|1
|-crit|p1b: Staraptor
|-damage|p1a: Milotic|55/100
|-damage|p1b: Staraptor|0 fnt
|faint|p1b: Staraptor
|
|upkeep
|inactive|RayGatsby has 30 seconds left.
|
|t:|1785816479
|switch|p1b: Kingambit|Kingambit, L50, M|100/100
|turn|3
|inactive|Caloteiros VGC has 30 seconds left.
|inactive|RayGatsby has 30 seconds left.
|inactive|Caloteiros VGC has 20 seconds left.
|inactive|Caloteiros VGC has 15 seconds left.
|inactive|Caloteiros VGC has 10 seconds left.
|inactive|Caloteiros VGC has 5 seconds left.
|
|t:|1785816534
|move|p2a: Sinistcha|Rage Powder|p2a: Sinistcha
|-singleturn|p2a: Sinistcha|move: Rage Powder
|move|p1a: Milotic|Icy Wind|p2b: Sylveon|[spread] p2a,p2b
|-supereffective|p2a: Sinistcha|1
|-damage|p2a: Sinistcha|58/100
|-damage|p2b: Sylveon|90/100
|-unboost|p2a: Sinistcha|spe|1
|-unboost|p2b: Sylveon|spe|1
|move|p1b: Kingambit|Kowtow Cleave|p2a: Sinistcha
|-supereffective|p2a: Sinistcha|1
|-damage|p2a: Sinistcha|0 fnt
|faint|p2a: Sinistcha
|move|p2b: Sylveon|Moonblast|p1b: Kingambit
|-damage|p1b: Kingambit|18/100
|-unboost|p1b: Kingambit|spa|1
|-ability|p1b: Kingambit|Defiant|boost
|-boost|p1b: Kingambit|atk|2
|
|upkeep
|
|t:|1785816542
|switch|p2a: Raichu|Raichu-Mega-Y, L50, F|88/100
|turn|4
|
|t:|1785816563
|move|p1b: Kingambit|Sucker Punch|p2a: Raichu
|-damage|p2a: Raichu|0 fnt
|faint|p2a: Raichu
|move|p1a: Milotic|Life Dew|p1a: Milotic|[spread] p1a,p1b
|-heal|p1a: Milotic|81/100
|-heal|p1b: Kingambit|43/100
|move|p2b: Sylveon|Hyper Voice|p1b: Kingambit|[spread] p1a,p1b
|-damage|p1a: Milotic|31/100
|-damage|p1b: Kingambit|0 fnt
|-enditem|p1a: Milotic|Sitrus Berry|[eat]
|-heal|p1a: Milotic|56/100|[from] item: Sitrus Berry
|faint|p1b: Kingambit
|
|upkeep
|
|t:|1785816575
|switch|p2a: Incineroar|Incineroar, L50, M|100/100
|switch|p1b: Whimsicott|Whimsicott, L50, M|100/100
|-ability|p2a: Incineroar|Intimidate|boost
|-unboost|p1a: Milotic|atk|1
|-ability|p1a: Milotic|Competitive|boost
|-boost|p1a: Milotic|spa|2
|-unboost|p1b: Whimsicott|atk|1
|turn|5
|inactive|RayGatsby has 30 seconds left.
|inactive|RayGatsby has 20 seconds left.
|inactive|RayGatsby has 15 seconds left.
|inactive|RayGatsby has 10 seconds left.
|
|t:|1785816622
|move|p2a: Incineroar|Fake Out|p1a: Milotic
|-damage|p1a: Milotic|46/100
|move|p1b: Whimsicott|Light Screen|p1b: Whimsicott
|-sidestart|p1: RayGatsby|move: Light Screen
|cant|p1a: Milotic|flinch
|move|p2b: Sylveon|Moonblast|p1a: Milotic
|-damage|p1a: Milotic|9/100
|
|upkeep
|turn|6
|
|t:|1785816647
|move|p1b: Whimsicott|Moonblast|p2b: Sylveon
|-damage|p2b: Sylveon|75/100
|move|p1a: Milotic|Scald|p2a: Incineroar
|-supereffective|p2a: Incineroar|1
|-damage|p2a: Incineroar|15/100
|move|p2a: Incineroar|Flare Blitz|p1b: Whimsicott
|-supereffective|p1b: Whimsicott|1
|-enditem|p1b: Whimsicott|Focus Sash
|-damage|p1b: Whimsicott|1/100
|-damage|p2a: Incineroar|0 fnt|[from] Recoil
|faint|p2a: Incineroar
|move|p2b: Sylveon|Hyper Voice|p1a: Milotic|[spread] p1a,p1b
|-damage|p1a: Milotic|0 fnt
|-damage|p1b: Whimsicott|0 fnt
|faint|p1a: Milotic
|faint|p1b: Whimsicott
|
|win|Caloteiros VGC
||Caloteiros VGC is ready for game 3.
||RayGatsby is ready for game 3.
|uhtml|next|Next: Game 3 of 3
