|j|☆Gen4lover2
|j|☆Blizzzey
|html|Gen4lover2Blizzzey    
|uhtml|bestof|Game 3 of a best-of-3
|t:|1785783562
|gametype|doubles
|player|p1|Gen4lover2|wallace|1206
|player|p2|Blizzzey|266|1109
|gen|9
|tier|[Gen 9 Champions] VGC 2026 Reg M-B (Bo3)
|rated|
|rule|Species Clause: Limit one of each Pokémon
|rule|Item Clause: Limit 1 of each item
|clearpoke
|poke|p1|Tyranitar, L50, M|
|poke|p1|Excadrill, L50, F|
|poke|p1|Staraptor, L50, F|
|poke|p1|Milotic, L50, F|
|poke|p1|Gholdengo, L50|
|poke|p1|Sinistcha-Masterpiece, L50|
|poke|p2|Pyroar, L50, M|
|poke|p2|Vileplume, L50, F|
|poke|p2|Torkoal, L50, F|
|poke|p2|Incineroar, L50, F|
|poke|p2|Floette-Eternal, L50, F|
|poke|p2|Farigiraf, L50, F|
|teampreview|4
|showteam|p1|Tyranitar||Tyranitarite|SandStream|RockSlide,KnockOff,LowKick,Protect|Adamant||M|||50|]Excadrill||FocusSash|SandRush|HighHorsepower,IronHead,RockSlide,Protect|Adamant||F|||50|]Staraptor||Staraptite|Intimidate|BraveBird,CloseCombat,Tailwind,Protect|Jolly||F|||50|]Milotic||SitrusBerry|Competitive|Scald,IceBeam,Recover,Protect|Modest||F|||50|]Gholdengo||LifeOrb|GoodasGold|MakeItRain,ShadowBall,NastyPlot,Protect|Modest|||||50|]Sinistcha-Masterpiece||ColburBerry|Hospitality|MatchaGotcha,RagePowder,TrickRoom,Protect|Relaxed|||||50|
|showteam|p2|Pyroar||Pyroarite|Rivalry|HeatWave,SolarBeam,Overheat,Protect|Timid||M|||50|]Vileplume||FocusSash|Chlorophyll|SleepPowder,AfterYou,SludgeBomb,SolarBeam|Timid||F|||50|]Torkoal||Charcoal|Drought|Protect,Eruption,HelpingHand,WeatherBall|Quiet||F|||50|]Incineroar||WhiteHerb|Intimidate|FakeOut,DarkestLariat,FlareBlitz,CloseCombat|Brave||F|||50|]Floette-Eternal||Floettite|FlowerVeil|Protect,Moonblast,CalmMind,DrainingKiss|Modest||F|||50|]Farigiraf||SitrusBerry|ArmorTail|HelpingHand,Psychic,Thunderbolt,TrickRoom|Relaxed||F|||50|
|inactive|Battle timer is ON: inactive players will automatically lose when time's up. (requested by Gen4lover2)
|inactive|Gen4lover2 has 60 seconds left.
|
|t:|1785783596
|teamsize|p1|4
|teamsize|p2|4
|start
|switch|p1a: Milotic|Milotic, L50, F|100/100
|switch|p1b: Staraptor|Staraptor, L50, F|100/100
|switch|p2a: Vileplume|Vileplume, L50, F|100/100
|switch|p2b: Pyroar|Pyroar, L50, M|100/100
|-ability|p1b: Staraptor|Intimidate|boost
|-unboost|p2a: Vileplume|atk|1
|-unboost|p2b: Pyroar|atk|1
|turn|1
|
|t:|1785783610
|switch|p2b: Torkoal|Torkoal, L50, F|100/100
|-weather|SunnyDay|[from] ability: Drought|[of] p2b: Torkoal
|detailschange|p1b: Staraptor|Staraptor-Mega, L50, F
|-mega|p1b: Staraptor|Staraptor|Staraptite
|move|p2a: Vileplume|Sleep Powder|p1b: Staraptor
|-status|p1b: Staraptor|slp|[from] move: Sleep Powder
|cant|p1b: Staraptor|slp
|move|p1a: Milotic|Scald|p2b: Torkoal
|-supereffective|p2b: Torkoal|1
|-damage|p2b: Torkoal|61/100
|
|-weather|SunnyDay|[upkeep]
|upkeep
|turn|2
|inactive|Blizzzey has 30 seconds left.
|inactive|Blizzzey has 20 seconds left.
|inactive|Blizzzey has 15 seconds left.
|inactive|Blizzzey has 10 seconds left.
|inactive|Blizzzey has 5 seconds left.
|
|t:|1785783660
|switch|p1b: Tyranitar|Tyranitar, L50, M|100/100
|-weather|Sandstorm|[from] ability: Sand Stream|[of] p1b: Tyranitar
|move|p2a: Vileplume|Solar Beam||[still]
|-prepare|p2a: Vileplume|Solar Beam
|move|p1a: Milotic|Scald|p2b: Torkoal
|-supereffective|p2b: Torkoal|1
|-damage|p2b: Torkoal|0 fnt
|faint|p2b: Torkoal
|
|-weather|Sandstorm|[upkeep]
|-damage|p1a: Milotic|94/100|[from] Sandstorm
|-damage|p2a: Vileplume|94/100|[from] Sandstorm
|upkeep
|
|t:|1785783670
|switch|p2b: Farigiraf|Farigiraf, L50, F|100/100
|turn|3
|
|t:|1785783683
|switch|p1a: Staraptor|Staraptor-Mega, L50, F|100/100 slp
|move|p2b: Farigiraf|Helping Hand|p2a: Vileplume
|-singleturn|p2a: Vileplume|Helping Hand|[of] p2b: Farigiraf
|move|p1b: Tyranitar|Knock Off|p2b: Farigiraf
|-supereffective|p2b: Farigiraf|1
|-damage|p2b: Farigiraf|23/100
|-enditem|p2b: Farigiraf|Sitrus Berry|[from] move: Knock Off|[of] p1b: Tyranitar
|move|p2a: Vileplume|Solar Beam|p1a: Staraptor|[from] lockedmove
|-resisted|p1a: Staraptor|1
|-damage|p1a: Staraptor|76/100 slp
|
|-weather|Sandstorm|[upkeep]
|-damage|p1a: Staraptor|70/100 slp|[from] Sandstorm
|-damage|p2a: Vileplume|88/100|[from] Sandstorm
|-damage|p2b: Farigiraf|17/100|[from] Sandstorm
|upkeep
|turn|4
|
|t:|1785783706
|-curestatus|p1a: Staraptor|slp|[msg]
|move|p1a: Staraptor|Brave Bird|p2a: Vileplume
|-supereffective|p2a: Vileplume|1
|-damage|p2a: Vileplume|0 fnt
|faint|p2a: Vileplume
|-damage|p1a: Staraptor|46/100|[from] Recoil
|move|p1b: Tyranitar|Rock Slide|p2b: Farigiraf|[miss]
|-miss|p1b: Tyranitar|p2b: Farigiraf
|move|p2b: Farigiraf|Thunderbolt|p1b: Tyranitar
|-damage|p1b: Tyranitar|84/100
|
|-weather|Sandstorm|[upkeep]
|-damage|p1a: Staraptor|40/100|[from] Sandstorm
|-damage|p2b: Farigiraf|11/100|[from] Sandstorm
|upkeep
|
|t:|1785783710
|switch|p2a: Pyroar|Pyroar, L50, M|100/100
|turn|5
|
|t:|1785783726
|detailschange|p2a: Pyroar|Pyroar-Mega, L50, M
|-mega|p2a: Pyroar|Pyroar|Pyroarite
|move|p2b: Farigiraf|Helping Hand|p2a: Pyroar
|-singleturn|p2a: Pyroar|Helping Hand|[of] p2b: Farigiraf
|move|p2a: Pyroar|Heat Wave|p1b: Tyranitar|[spread] p1a,p1b
|-resisted|p1b: Tyranitar|1
|-damage|p1a: Staraptor|0 fnt
|-damage|p1b: Tyranitar|59/100
|faint|p1a: Staraptor
|move|p1b: Tyranitar|Rock Slide|p2b: Farigiraf|[spread] p2a,p2b
|-supereffective|p2a: Pyroar|1
|-damage|p2a: Pyroar|21/100
|-damage|p2b: Farigiraf|0 fnt
|faint|p2b: Farigiraf
|
|-weather|Sandstorm|[upkeep]
|-damage|p2a: Pyroar|15/100|[from] Sandstorm
|upkeep
|-message|Blizzzey forfeited.
|
|win|Gen4lover2
|raw|Gen4lover2's rating: 1206 → 1224(+18 for winning)
|raw|Blizzzey's rating: 1109 → 1091(-18 for losing)
|l|☆Blizzzey
|player|p2|
|l|☆Gen4lover2
|player|p1|
|j|☆Gen4lover2
|player|p1|Gen4lover2|wallace|
