|j|☆shmon
|j|☆MidoMidori
|html|shmonMidoMidori    
|uhtml|bestof|Game 2 of a best-of-3
|t:|1757853418
|gametype|doubles
|player|p1|shmon|roxie|
|player|p2|MidoMidori|roxanne-gen6|
|gen|9
|tier|[Gen 9] VGC 2025 Reg H (Bo3)
|rule|Species Clause: Limit one of each Pokémon
|rule|Item Clause: Limit 1 of each item
|clearpoke
|poke|p1|Indeedee, L50, M|
|poke|p1|Sneasler, L50, F|
|poke|p1|Excadrill, L50, F|
|poke|p1|Magmar, L50, F|
|poke|p1|Corviknight, L50, M|
|poke|p1|Tyranitar, L50, F|
|poke|p2|Tyranitar, L50, F|
|poke|p2|Gholdengo, L50|
|poke|p2|Annihilape, L50, M|
|poke|p2|Garchomp, L50, F|
|poke|p2|Amoonguss, L50, M|
|poke|p2|Kilowattrel, L50, F|
|teampreview|4
|showteam|p1|Indeedee||ChoiceScarf|PsychicSurge|ExpandingForce,TeraBlast,Trick,Protect|||M|||50|,,,,,Psychic]Sneasler||WhiteHerb|Unburden|FakeOut,CloseCombat,DireClaw,Coaching|||F|||50|,,,,,Flying]Excadrill||FocusSash|SandRush|Earthquake,IronHead,SwordsDance,Protect|||F|||50|,,,,,Ground]Magmar||Eviolite|VitalSpirit|HeatWave,FollowMe,HelpingHand,Protect|||F|||50|,,,,,Flying]Corviknight||PsychicSeed|MirrorArmor|BraveBird,PowerTrip,BulkUp,Roost|||M|||50|,,,,,Water]Tyranitar||AssaultVest|SandStream|RockSlide,KnockOff,LowKick,TeraBlast|||F|||50|,,,,,Flying
|showteam|p2|Tyranitar||AssaultVest|SandStream|RockSlide,KnockOff,LowKick,TeraBlast|||F|||50|,,,,,Flying]Gholdengo||LifeOrb|GoodasGold|MakeItRain,ShadowBall,NastyPlot,Protect||||||50|,,,,,Water]Annihilape||SafetyGoggles|Defiant|RageFist,CloseCombat,Coaching,FinalGambit|||M|||50|,,,,,Steel]Garchomp||ClearAmulet|RoughSkin|Earthquake,DragonClaw,StompingTantrum,Protect|||F|||50|,,,,,Steel]Amoonguss||SitrusBerry|Regenerator|Spore,RagePowder,PollenPuff,ClearSmog|||M|||50|,,,,,Psychic]Kilowattrel||CovertCloak|WindPower|Tailwind,Thunderbolt,AirSlash,Protect|||F|||50|,,,,,Stellar
|
|t:|1757853465
|teamsize|p1|4
|teamsize|p2|4
|start
|switch|p1a: Sneasler|Sneasler, L50, F|100/100
|switch|p1b: Corviknight|Corviknight, L50, M|100/100
|switch|p2a: Tyranitar|Tyranitar, L50, F|100/100
|switch|p2b: Garchomp|Garchomp, L50, F|100/100
|-weather|Sandstorm|[from] ability: Sand Stream|[of] p2a: Tyranitar
|turn|1
|
|t:|1757853487
|switch|p2a: Gholdengo|Gholdengo, L50|100/100
|move|p1a: Sneasler|Close Combat|p2b: Garchomp
|-crit|p2b: Garchomp
|-damage|p2b: Garchomp|6/100
|-unboost|p1a: Sneasler|def|1
|-unboost|p1a: Sneasler|spd|1
|-damage|p1a: Sneasler|88/100|[from] ability: Rough Skin|[of] p2b: Garchomp
|-enditem|p1a: Sneasler|White Herb
|-clearnegativeboost|p1a: Sneasler|[silent]
|move|p2b: Garchomp|Stomping Tantrum|p1a: Sneasler
|-supereffective|p1a: Sneasler
|-damage|p1a: Sneasler|0 fnt
|faint|p1a: Sneasler
|move|p1b: Corviknight|Bulk Up|p1b: Corviknight
|-boost|p1b: Corviknight|atk|1
|-boost|p1b: Corviknight|def|1
|
|-weather|Sandstorm|[upkeep]
|upkeep
|
|t:|1757853495
|switch|p1a: Excadrill|Excadrill, L50, F|100/100
|turn|2
|
|t:|1757853505
|switch|p2b: Amoonguss|Amoonguss, L50, M|100/100
|-terastallize|p2a: Gholdengo|Water
|move|p1a: Excadrill|Earthquake|p2b: Amoonguss|[spread] p2a,p2b
|-immune|p1b: Corviknight
|-damage|p2a: Gholdengo|56/100
|-damage|p2b: Amoonguss|61/100
|move|p2a: Gholdengo|Nasty Plot|p2a: Gholdengo
|-boost|p2a: Gholdengo|spa|2
|move|p1b: Corviknight|Brave Bird|p2a: Gholdengo
|-damage|p2a: Gholdengo|0 fnt
|faint|p2a: Gholdengo
|-damage|p1b: Corviknight|85/100|[from] Recoil
|
|-weather|Sandstorm|[upkeep]
|-damage|p2b: Amoonguss|55/100|[from] Sandstorm
|upkeep
|
|t:|1757853510
|switch|p2a: Tyranitar|Tyranitar, L50, F|100/100
|turn|3
|
|t:|1757853523
|move|p1a: Excadrill|Protect|p1a: Excadrill
|-singleturn|p1a: Excadrill|Protect
|move|p1b: Corviknight|Brave Bird|p2b: Amoonguss
|-supereffective|p2b: Amoonguss
|-damage|p2b: Amoonguss|0 fnt
|faint|p2b: Amoonguss
|-damage|p1b: Corviknight|65/100|[from] Recoil
|move|p2a: Tyranitar|Knock Off|p1b: Corviknight
|-crit|p1b: Corviknight
|-damage|p1b: Corviknight|0 fnt
|-enditem|p1b: Corviknight|Psychic Seed|[from] move: Knock Off|[of] p2a: Tyranitar
|faint|p1b: Corviknight
|
|-weather|Sandstorm|[upkeep]
|upkeep
|
|t:|1757853529
|switch|p1b: Indeedee|Indeedee, L50, M|100/100
|switch|p2b: Garchomp|Garchomp, L50, F|6/100
|-fieldstart|move: Psychic Terrain|[from] ability: Psychic Surge|[of] p1b: Indeedee
|turn|4
|
|t:|1757853548
|move|p2b: Garchomp|Protect|p2b: Garchomp
|-singleturn|p2b: Garchomp|Protect
|move|p1a: Excadrill|Iron Head|p2a: Tyranitar
|-supereffective|p2a: Tyranitar
|-damage|p2a: Tyranitar|33/100
|move|p1b: Indeedee|Expanding Force|p2b: Garchomp|[spread] 
|-activate|p2b: Garchomp|move: Protect
|-immune|p2a: Tyranitar
|move|p2a: Tyranitar|Knock Off|p1a: Excadrill
|-damage|p1a: Excadrill|23/100
|-enditem|p1a: Excadrill|Focus Sash|[from] move: Knock Off|[of] p2a: Tyranitar
|
|-weather|Sandstorm|[upkeep]
|-damage|p1b: Indeedee|95/100|[from] Sandstorm
|upkeep
|turn|5
|
|t:|1757853555
|move|p1a: Excadrill|Iron Head|p2a: Tyranitar
|-supereffective|p2a: Tyranitar
|-damage|p2a: Tyranitar|0 fnt
|faint|p2a: Tyranitar
|move|p1b: Indeedee|Expanding Force|p2b: Garchomp
|-damage|p2b: Garchomp|0 fnt
|faint|p2b: Garchomp
|
|win|shmon
||MidoMidori is ready for game 3.
||shmon is ready for game 3.
|uhtml|next|Next: Game 3 of 3
