|j|☆Eldrazii
|j|☆karma74
|html|Eldraziikarma74    
|uhtml|bestof|Game 2 of a best-of-3
|t:|1757777428
|gametype|doubles
|player|p1|Eldrazii|blue-masters2|
|player|p2|karma74|1|
|gen|9
|tier|[Gen 9] VGC 2025 Reg H (Bo3)
|rule|Species Clause: Limit one of each Pokémon
|rule|Item Clause: Limit 1 of each item
|clearpoke
|poke|p1|Ninetales-Alola, L50, M|
|poke|p1|Sneasler, L50, F|
|poke|p1|Ceruledge, L50, F|
|poke|p1|Rillaboom, L50, M|
|poke|p1|Primarina, L50, M|
|poke|p1|Hydreigon, L50, F|
|poke|p2|Kingambit, L50, F|
|poke|p2|Volcarona, L50, M|
|poke|p2|Salamence, L50, F|
|poke|p2|Basculegion, L50, M|
|poke|p2|Sneasler, L50, M|
|poke|p2|Rillaboom, L50, M|
|teampreview|4
|showteam|p1|Ninetales-Alola||CovertCloak|SnowWarning|Blizzard,AuroraVeil,Encore,Protect|||M|||50|,,,,,Poison]Sneasler||FocusSash|Unburden|DireClaw,CloseCombat,Coaching,Protect|||F|||50|,,,,,Ghost]Ceruledge||ClearAmulet|FlashFire|BitterBlade,Poltergeist,BulkUp,Protect|||F|||50|,,,,,Grass]Rillaboom||AssaultVest|GrassySurge|FakeOut,GrassyGlide,DrumBeating,HighHorsepower|||M|||50|,,,,,Fire]Primarina||ThroatSpray|LiquidVoice|HyperVoice,Moonblast,Haze,Protect|||M|||50|,,,,,Steel]Hydreigon||LifeOrb|Levitate|DracoMeteor,EarthPower,Tailwind,DarkPulse|||F|||50|,,,,,Ghost
|showteam|p2|Kingambit||SafetyGoggles|Defiant|KowtowCleave,SuckerPunch,Protect,SwordsDance|||F|||50|,,,,,Dark]Volcarona||SitrusBerry|FlameBody|RagePowder,Protect,HeatWave,BugBuzz|||M|||50|,,,,,Dragon]Salamence||LifeOrb|Intimidate|Tailwind,DracoMeteor,AirSlash,SunnyDay|||F|||50|,,,,,Steel]Basculegion||ChoiceScarf|Adaptability|WaveCrash,LastRespects,FlipTurn,AquaJet|||M|||50|,,,,,Water]Sneasler||GrassySeed|Unburden|Taunt,Protect,CloseCombat,DireClaw|||M|||50|,,,,,Stellar]Rillaboom||AssaultVest|GrassySurge|WoodHammer,FakeOut,GrassyGlide,Uturn|||M|||50|,,,,,Fire
|inactive|Battle timer is ON: inactive players will automatically lose when time's up. (requested by Eldrazii)
|inactive|Eldrazii has 60 seconds left.
|inactive|karma74 has 60 seconds left.
|inactive|karma74 has 30 seconds left.
|
|t:|1757777491
|teamsize|p1|4
|teamsize|p2|4
|start
|switch|p1a: Rillaboom|Rillaboom, L50, M|100/100
|switch|p1b: Primarina|Primarina, L50, M|100/100
|switch|p2a: Sneasler|Sneasler, L50, M|100/100
|switch|p2b: Rillaboom|Rillaboom, L50, M|100/100
|-fieldstart|move: Grassy Terrain|[from] ability: Grassy Surge|[of] p1a: Rillaboom
|-enditem|p2a: Sneasler|Grassy Seed
|-boost|p2a: Sneasler|def|1|[from] item: Grassy Seed
|turn|1
|inactive|Eldrazii has 30 seconds left.
|inactive|karma74 has 30 seconds left.
|inactive|Eldrazii has 20 seconds left.
|
|t:|1757777531
|switch|p1b: Ceruledge|Ceruledge, L50, F, shiny|100/100
|move|p1a: Rillaboom|Fake Out|p2a: Sneasler
|-damage|p2a: Sneasler|86/100
|move|p2b: Rillaboom|Fake Out|p1b: Ceruledge
|-immune|p1b: Ceruledge
|cant|p2a: Sneasler|flinch
|
|-heal|p2a: Sneasler|92/100|[from] Grassy Terrain
|upkeep
|turn|2
|inactive|Eldrazii has 30 seconds left.
|inactive|Eldrazii has 20 seconds left.
|inactive|Eldrazii has 15 seconds left.
|
|t:|1757777573
|switch|p1a: Hydreigon|Hydreigon, L50, F|100/100
|switch|p2b: Salamence|Salamence, L50, F|100/100
|-ability|p2b: Salamence|Intimidate|boost
|-unboost|p1a: Hydreigon|atk|1
|-fail|p1b: Ceruledge|unboost|[from] item: Clear Amulet|[of] p1b: Ceruledge
|move|p2a: Sneasler|Taunt|p1b: Ceruledge
|-start|p1b: Ceruledge|move: Taunt
|move|p1b: Ceruledge|Bitter Blade|p2b: Salamence
|-resisted|p2b: Salamence
|-damage|p2b: Salamence|75/100
|
|-heal|p2a: Sneasler|97/100|[from] Grassy Terrain
|upkeep
|turn|3
|inactive|Eldrazii has 30 seconds left.
|inactive|karma74 has 30 seconds left.
|inactive|Eldrazii has 20 seconds left.
|
|t:|1757777612
|switch|p1a: Primarina|Primarina, L50, M|100/100
|move|p2a: Sneasler|Taunt|p1a: Primarina
|-start|p1a: Primarina|move: Taunt
|move|p2b: Salamence|Draco Meteor|p1b: Ceruledge
|-damage|p1b: Ceruledge|32/100
|-unboost|p2b: Salamence|spa|2
|-damage|p2b: Salamence|66/100|[from] item: Life Orb
|move|p1b: Ceruledge|Bitter Blade|p2a: Sneasler
|-damage|p2a: Sneasler|49/100
|-heal|p1b: Ceruledge|53/100|[from] drain|[of] p2a: Sneasler
|
|-heal|p2a: Sneasler|54/100|[from] Grassy Terrain
|-heal|p1b: Ceruledge|59/100|[from] Grassy Terrain
|upkeep
|turn|4
|inactive|karma74 has 30 seconds left.
|inactive|Eldrazii has 30 seconds left.
|
|t:|1757777648
|switch|p1b: Hydreigon|Hydreigon, L50, F|100/100
|-terastallize|p1a: Primarina|Steel
|move|p2a: Sneasler|Protect|p2a: Sneasler
|-singleturn|p2a: Sneasler|Protect
|move|p2b: Salamence|Draco Meteor|p1b: Hydreigon
|-supereffective|p1b: Hydreigon
|-damage|p1b: Hydreigon|17/100
|-unboost|p2b: Salamence|spa|2
|-damage|p2b: Salamence|56/100|[from] item: Life Orb
|move|p1a: Primarina|Moonblast|p2a: Sneasler
|-activate|p2a: Sneasler|move: Protect
|
|-heal|p2a: Sneasler|60/100|[from] Grassy Terrain
|upkeep
|turn|5
|inactive|karma74 has 30 seconds left.
|inactive|karma74 has 20 seconds left.
|
|t:|1757777684
|switch|p2b: Rillaboom|Rillaboom, L50, M|100/100
|switch|p1b: Rillaboom|Rillaboom, L50, M|100/100
|move|p2a: Sneasler|Dire Claw|p1b: Rillaboom
|-supereffective|p1b: Rillaboom
|-damage|p1b: Rillaboom|3/100
|move|p1a: Primarina|Moonblast|p2a: Sneasler
|-crit|p2a: Sneasler
|-damage|p2a: Sneasler|0 fnt
|faint|p2a: Sneasler
|
|-heal|p1b: Rillaboom|9/100|[from] Grassy Terrain
|-end|p1a: Primarina|move: Taunt
|-fieldend|move: Grassy Terrain
|upkeep
|
|t:|1757777703
|switch|p2a: Basculegion|Basculegion, L50, M|100/100
|turn|6
|
|t:|1757777716
|move|p1a: Primarina|Protect|p1a: Primarina
|-singleturn|p1a: Primarina|Protect
|move|p1b: Rillaboom|Fake Out|p2b: Rillaboom
|-damage|p2b: Rillaboom|86/100
|cant|p2b: Rillaboom|flinch
|move|p2a: Basculegion|Last Respects|p1a: Primarina
|-activate|p1a: Primarina|move: Protect
|
|upkeep
|turn|7
|inactive|Eldrazii has 30 seconds left.
|
|t:|1757777744
|switch|p1b: Hydreigon|Hydreigon, L50, F|17/100
|move|p2a: Basculegion|Last Respects|p1b: Hydreigon
|-resisted|p1b: Hydreigon
|-damage|p1b: Hydreigon|0 fnt
|faint|p1b: Hydreigon
|move|p2b: Rillaboom|U-turn|p1a: Primarina
|-resisted|p1a: Primarina
|-damage|p1a: Primarina|87/100
|
|t:|1757777752
|switch|p2b: Salamence|Salamence, L50, F|56/100|[from] U-turn
|-ability|p2b: Salamence|Intimidate|boost
|-unboost|p1a: Primarina|atk|1
|move|p1a: Primarina|Moonblast|p2a: Basculegion
|-damage|p2a: Basculegion|42/100
|
|upkeep
|
|t:|1757777759
|switch|p1b: Rillaboom|Rillaboom, L50, M|9/100
|-fieldstart|move: Grassy Terrain|[from] ability: Grassy Surge|[of] p1b: Rillaboom
|turn|8
|inactive|karma74 has 30 seconds left.
|
|t:|1757777785
|switch|p2a: Rillaboom|Rillaboom, L50, M|86/100
|-terastallize|p2b: Salamence|Steel
|move|p1b: Rillaboom|Fake Out|p2b: Salamence
|-resisted|p2b: Salamence
|-damage|p2b: Salamence|48/100
|cant|p2b: Salamence|flinch
|move|p1a: Primarina|Moonblast|p2a: Rillaboom
|-damage|p2a: Rillaboom|53/100
|
|-heal|p2b: Salamence|54/100|[from] Grassy Terrain
|-heal|p1b: Rillaboom|15/100|[from] Grassy Terrain
|-heal|p2a: Rillaboom|59/100|[from] Grassy Terrain
|-heal|p1a: Primarina|93/100|[from] Grassy Terrain
|upkeep
|turn|9
|inactive|Eldrazii has 30 seconds left.
|inactive|Eldrazii has 20 seconds left.
|inactive|Eldrazii has 15 seconds left.
|
|t:|1757777830
|move|p2a: Rillaboom|Fake Out|p1a: Primarina
|-resisted|p1a: Primarina
|-damage|p1a: Primarina|85/100
|move|p2b: Salamence|Air Slash|p1b: Rillaboom
|-supereffective|p1b: Rillaboom
|-damage|p1b: Rillaboom|0 fnt
|faint|p1b: Rillaboom
|-damage|p2b: Salamence|44/100|[from] item: Life Orb
|cant|p1a: Primarina|flinch
|
|-heal|p2b: Salamence|50/100|[from] Grassy Terrain
|-heal|p2a: Rillaboom|66/100|[from] Grassy Terrain
|-heal|p1a: Primarina|91/100|[from] Grassy Terrain
|upkeep
|
|t:|1757777835
|switch|p1b: Ceruledge|Ceruledge, L50, F, shiny|59/100
|turn|10
|
|t:|1757777848
|move|p2b: Salamence|Draco Meteor|p1b: Ceruledge
|-damage|p1b: Ceruledge|0 fnt
|-unboost|p2b: Salamence|spa|2
|faint|p1b: Ceruledge
|-damage|p2b: Salamence|41/100|[from] item: Life Orb
|move|p2a: Rillaboom|Wood Hammer|p1a: Primarina
|-resisted|p1a: Primarina
|-damage|p1a: Primarina|41/100
|-damage|p2a: Rillaboom|49/100|[from] Recoil
|move|p1a: Primarina|Hyper Voice|p2a: Rillaboom|[spread] p2a,p2b
|-resisted|p2a: Rillaboom
|-damage|p2a: Rillaboom|35/100
|-damage|p2b: Salamence|0 fnt
|faint|p2b: Salamence
|-enditem|p1a: Primarina|Throat Spray
|-boost|p1a: Primarina|spa|1|[from] item: Throat Spray
|
|-heal|p2a: Rillaboom|42/100|[from] Grassy Terrain
|-heal|p1a: Primarina|46/100|[from] Grassy Terrain
|upkeep
|
|t:|1757777859
|switch|p2b: Basculegion|Basculegion, L50, M|42/100
|turn|11
|
|t:|1757777866
|move|p1a: Primarina|Protect|p1a: Primarina
|-singleturn|p1a: Primarina|Protect
|move|p2a: Rillaboom|Grassy Glide|p1a: Primarina
|-activate|p1a: Primarina|move: Protect
|move|p2b: Basculegion|Last Respects|p1a: Primarina
|-activate|p1a: Primarina|move: Protect
|
|-heal|p2b: Basculegion|48/100|[from] Grassy Terrain
|-heal|p2a: Rillaboom|48/100|[from] Grassy Terrain
|-heal|p1a: Primarina|52/100|[from] Grassy Terrain
|upkeep
|turn|12
|c|☆karma74|gg
|
|t:|1757777876
|move|p2b: Basculegion|Last Respects|p1a: Primarina
|-damage|p1a: Primarina|0 fnt
|faint|p1a: Primarina
|
|win|karma74
|c|☆Eldrazii|gg
