|j|☆baskingbear
|j|☆sturmkitten69
|html|baskingbearsturmkitten69    
|uhtml|bestof|Game 3 of a best-of-3
|t:|1784017499
|gametype|doubles
|player|p1|baskingbear|juggler-gen2|1214
|player|p2|sturmkitten69|fisherman-gen4|1183
|gen|9
|tier|[Gen 9 Champions] VGC 2026 Reg M-B (Bo3)
|rated|
|rule|Species Clause: Limit one of each Pokémon
|rule|Item Clause: Limit 1 of each item
|clearpoke
|poke|p1|Mawile, L50, F|
|poke|p1|Torkoal, L50, M|
|poke|p1|Farigiraf, L50, M|
|poke|p1|Tsareena, L50, F|
|poke|p1|Whimsicott, L50, F|
|poke|p1|Typhlosion-Hisui, L50, F|
|poke|p2|Blastoise, L50, M|
|poke|p2|Farigiraf, L50, F, shiny|
|poke|p2|Basculegion, L50, M|
|poke|p2|Aerodactyl, L50, F|
|poke|p2|Rotom-Heat, L50|
|poke|p2|Garchomp, L50, M|
|teampreview|4
|showteam|p1|Mawile||Mawilite|Intimidate|SwordsDance,RockSlide,PlayRough,SuckerPunch|Adamant||F|||50|]Torkoal||Charcoal|Drought|Eruption,WeatherBall,EarthPower,Protect|Quiet||M|||50|]Farigiraf||SitrusBerry|ArmorTail|TrickRoom,Psychic,Thunderbolt,HelpingHand|Quiet||M|||50|]Tsareena||WideLens|QueenlyMajesty|Protect,TripleAxel,PowerWhip,HelpingHand|Adamant||F|||50|]Whimsicott||FocusSash|Prankster|Tailwind,Moonblast,SunnyDay,Encore|Timid||F|||50|]Typhlosion-Hisui||ChoiceScarf|Blaze|Eruption,HeatWave,ShadowBall,Overheat|Timid||F|||50|
|showteam|p2|Blastoise||Blastoisinite|Torrent|DarkPulse,Protect,FakeOut,WaterSpout|Modest||M|||50|]Farigiraf||SitrusBerry|ArmorTail|RainDance,Thunderbolt,HelpingHand,TrickRoom|Bold||F|||50|]Basculegion||FocusSash|Adaptability|LastRespects,WaveCrash,Protect,AquaJet|Adamant||M|||50|]Aerodactyl||Aerodactylite|Unnerve|RockSlide,Protect,Tailwind,DualWingbeat|Jolly||F|||50|]Rotom-Heat||ChoiceScarf|Levitate|Overheat,VoltSwitch,Thunderbolt,WillOWisp|Timid|||||50|]Garchomp||LifeOrb|RoughSkin|RockSlide,Earthquake,DragonClaw,Protect|Jolly||M|||50|
|
|t:|1784017529
|teamsize|p1|4
|teamsize|p2|4
|start
|switch|p1a: Farigiraf|Farigiraf, L50, M|100/100
|switch|p1b: Torkoal|Torkoal, L50, M|100/100
|switch|p2a: Blastoise|Blastoise, L50, M|100/100
|switch|p2b: Rotom|Rotom-Heat, L50|100/100
|-weather|SunnyDay|[from] ability: Drought|[of] p1b: Torkoal
|turn|1
|
|t:|1784017548
|detailschange|p2a: Blastoise|Blastoise-Mega, L50, M
|-mega|p2a: Blastoise|Blastoise|Blastoisinite
|move|p2b: Rotom|Overheat|p1a: Farigiraf
|-damage|p1a: Farigiraf|24/100
|-unboost|p2b: Rotom|spa|2
|-enditem|p1a: Farigiraf|Sitrus Berry|[eat]
|-heal|p1a: Farigiraf|49/100|[from] item: Sitrus Berry
|move|p2a: Blastoise|Dark Pulse|p1a: Farigiraf
|-supereffective|p1a: Farigiraf|1
|-damage|p1a: Farigiraf|0 fnt
|faint|p1a: Farigiraf
|move|p1b: Torkoal|Eruption|p2b: Rotom|[spread] p2a,p2b
|-resisted|p2a: Blastoise|1
|-resisted|p2b: Rotom|1
|-damage|p2a: Blastoise|65/100
|-damage|p2b: Rotom|41/100
|
|-weather|SunnyDay|[upkeep]
|upkeep
|
|t:|1784017553
|switch|p1a: Tsareena|Tsareena, L50, F|100/100
|turn|2
|
|t:|1784017578
|move|p1b: Torkoal|Protect|p1b: Torkoal
|-singleturn|p1b: Torkoal|Protect
|move|p2b: Rotom|Overheat|p1a: Tsareena
|-supereffective|p1a: Tsareena|1
|-damage|p1a: Tsareena|16/100
|-unboost|p2b: Rotom|spa|2
|move|p2a: Blastoise|Water Spout|p1b: Torkoal|[spread] p1a
|-activate|p1b: Torkoal|move: Protect
|-resisted|p1a: Tsareena|1
|-damage|p1a: Tsareena|6/100
|move|p1a: Tsareena|Power Whip|p2a: Blastoise
|-supereffective|p2a: Blastoise|1
|-damage|p2a: Blastoise|0 fnt
|faint|p2a: Blastoise
|
|-weather|SunnyDay|[upkeep]
|upkeep
|
|t:|1784017594
|switch|p2a: Garchomp|Garchomp, L50, M|100/100
|turn|3
|
|t:|1784017607
|switch|p2b: Basculegion|Basculegion, L50, M|100/100
|move|p2a: Garchomp|Earthquake|p1a: Tsareena|[spread] p2b,p1a,p1b
|-resisted|p1a: Tsareena|1
|-supereffective|p1b: Torkoal|1
|-damage|p2b: Basculegion|37/100
|-damage|p1a: Tsareena|0 fnt
|-damage|p1b: Torkoal|29/100
|faint|p1a: Tsareena
|-damage|p2a: Garchomp|90/100|[from] item: Life Orb
|move|p1b: Torkoal|Weather Ball|p2a: Garchomp
|-resisted|p2a: Garchomp|1
|-damage|p2a: Garchomp|50/100g
|
|-weather|SunnyDay|[upkeep]
|upkeep
|
|t:|1784017622
|switch|p1a: Mawile|Mawile, L50, F|100/100
|-ability|p1a: Mawile|Intimidate|boost
|-unboost|p2a: Garchomp|atk|1
|-unboost|p2b: Basculegion|atk|1
|turn|4
|
|t:|1784017644
|switch|p2b: Rotom|Rotom-Heat, L50|41/100
|detailschange|p1a: Mawile|Mawile-Mega, L50, F
|-mega|p1a: Mawile|Mawile|Mawilite
|move|p2a: Garchomp|Earthquake|p1b: Torkoal|[spread] p1a,p1b
|-immune|p2b: Rotom|[from] ability: Levitate
|-supereffective|p1a: Mawile|1
|-supereffective|p1b: Torkoal|1
|-damage|p1a: Mawile|38/100
|-damage|p1b: Torkoal|0 fnt
|faint|p1b: Torkoal
|-damage|p2a: Garchomp|40/100|[from] item: Life Orb
|move|p1a: Mawile|Swords Dance|p1a: Mawile
|-boost|p1a: Mawile|atk|2
|
|-weather|SunnyDay|[upkeep]
|upkeep
|turn|5
|
|t:|1784017660
|move|p1a: Mawile|Sucker Punch|p2b: Rotom
|-damage|p2b: Rotom|0 fnt
|faint|p2b: Rotom
|move|p2a: Garchomp|Earthquake|p1a: Mawile
|-supereffective|p1a: Mawile|1
|-damage|p1a: Mawile|0 fnt
|faint|p1a: Mawile
|-damage|p2a: Garchomp|30/100|[from] item: Life Orb
|
|win|sturmkitten69
|raw|baskingbear's rating: 1214 → 1187(-27 for losing)
|raw|sturmkitten69's rating: 1183 → 1210(+27 for winning)
|l|☆baskingbear
|player|p1|
|c|☆sturmkitten69|hege]
