|j|☆huhvin
|j|☆NiL312
|html|huhvinNiL312    
|uhtml|bestof|Game 3 of a best-of-3
|t:|1784939188
|gametype|doubles
|player|p1|huhvin|169|
|player|p2|NiL312|102|
|gen|9
|tier|[Gen 9 Champions] VGC 2026 Reg M-B (Bo3)
|rule|Species Clause: Limit one of each Pokémon
|rule|Item Clause: Limit 1 of each item
|clearpoke
|poke|p1|Incineroar, L50, M, shiny|
|poke|p1|Sylveon, L50, M, shiny|
|poke|p1|Torkoal, L50, M|
|poke|p1|Typhlosion-Hisui, L50, F, shiny|
|poke|p1|Charizard, L50, F, shiny|
|poke|p1|Hatterene, L50, F, shiny|
|poke|p2|Farigiraf, L50, F|
|poke|p2|Garchomp, L50, F|
|poke|p2|Blastoise, L50, M|
|poke|p2|Talonflame, L50, F|
|poke|p2|Armarouge, L50, M|
|poke|p2|Mawile, L50, F|
|teampreview|4
|showteam|p1|Incineroar||SitrusBerry|Intimidate|PartingShot,FakeOut,DarkestLariat,Protect|Sassy||M|||50|]Sylveon||FairyFeather|Pixilate|HelpingHand,HyperVoice,HyperBeam,Protect|Modest||M|||50|]Torkoal||HeatRock|Drought|WeatherBall,Yawn,SolarBeam,Protect|Quiet||M|||50|]Typhlosion-Hisui||ChoiceScarf|Blaze|Protect,Eruption,SolarBeam,ShadowBall|Timid||F|||50|]Charizard||CharizarditeX|Blaze|Earthquake,Protect,FlareBlitz,DragonClaw|Adamant||F|||50|]Hatterene||Leftovers|MagicBounce|TrickRoom,DazzlingGleam,LifeDew,AfterYou|Quiet||F|||50|
|showteam|p2|Farigiraf||SitrusBerry|ArmorTail|HyperVoice,HelpingHand,ShadowBall,RainDance|Modest||F|||50|]Garchomp||LifeOrb|RoughSkin|Earthquake,RockSlide,DragonClaw,Protect|Jolly||F|||50|]Blastoise||Blastoisinite|RainDish|WaterSpout,DarkPulse,AuraSphere,FakeOut|Modest||M|||50|]Talonflame||FocusSash|GaleWings|Tailwind,DualWingbeat,Protect,RainDance|Jolly||F|||50|]Armarouge||KasibBerry|FlashFire|ArmorCannon,ShadowBall,WideGuard,Protect|Modest||M|||50|]Mawile||Mawilite|Intimidate|SuckerPunch,RockSlide,IronHead,Protect|Adamant||F|||50|
|j| Backwards_Aerial
|
|t:|1784939269
|teamsize|p1|4
|teamsize|p2|4
|start
|switch|p1a: Sylveon|Sylveon, L50, M, shiny|100/100
|switch|p1b: Incineroar|Incineroar, L50, M, shiny|100/100
|switch|p2a: savetheturtles|Blastoise, L50, M|100/100
|switch|p2b: bird game 4|Talonflame, L50, F|100/100
|-ability|p1b: Incineroar|Intimidate|boost
|-unboost|p2a: savetheturtles|atk|1
|-unboost|p2b: bird game 4|atk|1
|turn|1
|
|t:|1784939319
|detailschange|p2a: savetheturtles|Blastoise-Mega, L50, M
|-mega|p2a: savetheturtles|Blastoise|Blastoisinite
|move|p1b: Incineroar|Protect|p1b: Incineroar
|-singleturn|p1b: Incineroar|Protect
|move|p2b: bird game 4|Tailwind|p2b: bird game 4
|-sidestart|p2: NiL312|move: Tailwind
|move|p2a: savetheturtles|Water Spout|p1b: Incineroar|[spread] p1a
|-activate|p1b: Incineroar|move: Protect
|-damage|p1a: Sylveon|50/100g
|move|p1a: Sylveon|Hyper Beam|p2a: savetheturtles
|-crit|p2a: savetheturtles
|-damage|p2a: savetheturtles|0 fnt
|-mustrecharge|p1a: Sylveon
|faint|p2a: savetheturtles
|
|upkeep
|
|t:|1784939345
|switch|p2a: top lane|Garchomp, L50, F|100/100
|turn|2
|
|t:|1784939366
|move|p2b: bird game 4|Dual Wingbeat|p1a: Sylveon
|-damage|p1a: Sylveon|37/100
|-damage|p1a: Sylveon|23/100
|-hitcount|p1a: Sylveon|2
|move|p2a: top lane|Earthquake|p1a: Sylveon|[spread] p1a,p1b
|-immune|p2b: bird game 4
|-supereffective|p1b: Incineroar|1
|-damage|p1a: Sylveon|0 fnt
|-damage|p1b: Incineroar|7/100
|-enditem|p1b: Incineroar|Sitrus Berry|[eat]
|-heal|p1b: Incineroar|32/100|[from] item: Sitrus Berry
|faint|p1a: Sylveon
|-damage|p2a: top lane|90/100|[from] item: Life Orb
|move|p1b: Incineroar|Parting Shot|p2a: top lane
|-unboost|p2a: top lane|atk|1
|-unboost|p2a: top lane|spa|1
|
|t:|1784939380
|switch|p1b: Charizard|Charizard, L50, F, shiny|100/100|[from] Parting Shot
|
|upkeep
|
|t:|1784939384
|switch|p1a: Torkoal|Torkoal, L50, M|100/100
|-weather|SunnyDay|[from] ability: Drought|[of] p1a: Torkoal
|turn|3
|
|t:|1784939408
|detailschange|p1b: Charizard|Charizard-Mega-X, L50, F, shiny
|-mega|p1b: Charizard|Charizard|Charizardite X
|move|p2b: bird game 4|Rain Dance|p2b: bird game 4
|-weather|RainDance
|move|p2a: top lane|Rock Slide|p1b: Charizard|[spread] p1a,p1b
|-supereffective|p1a: Torkoal|1
|-supereffective|p1b: Charizard|1
|-damage|p1a: Torkoal|76/100
|-damage|p1b: Charizard|62/100
|-damage|p2a: top lane|80/100|[from] item: Life Orb
|cant|p1b: Charizard|flinch
|cant|p1a: Torkoal|flinch
|
|-weather|RainDance|[upkeep]
|upkeep
|turn|4
|
|t:|1784939467
|move|p2b: bird game 4|Dual Wingbeat|p1b: Charizard
|-damage|p1b: Charizard|52/100
|-damage|p1b: Charizard|41/100
|-hitcount|p1b: Charizard|2
|move|p2a: top lane|Earthquake|p1a: Torkoal|[spread] p1a,p1b
|-immune|p2b: bird game 4
|-supereffective|p1a: Torkoal|1
|-supereffective|p1b: Charizard|1
|-damage|p1a: Torkoal|23/100
|-damage|p1b: Charizard|0 fnt
|faint|p1b: Charizard
|-damage|p2a: top lane|70/100|[from] item: Life Orb
|move|p1a: Torkoal|Weather Ball|p2b: bird game 4
|-supereffective|p2b: bird game 4|1
|-enditem|p2b: bird game 4|Focus Sash
|-damage|p2b: bird game 4|1/100
|
|-weather|RainDance|[upkeep]
|-sideend|p2: NiL312|move: Tailwind
|upkeep
|
|t:|1784939482
|switch|p1b: Incineroar|Incineroar, L50, M, shiny|32/100
|-ability|p1b: Incineroar|Intimidate|boost
|-unboost|p2a: top lane|atk|1
|-unboost|p2b: bird game 4|atk|1
|turn|5
|
|t:|1784939509
|switch|p2b: do geese see god|Farigiraf, L50, F|100/100
|move|p2a: top lane|Earthquake|p1b: Incineroar|[spread] p2b,p1a,p1b
|-supereffective|p1a: Torkoal|1
|-supereffective|p1b: Incineroar|1
|-damage|p2b: do geese see god|74/100
|-damage|p1a: Torkoal|0 fnt
|-damage|p1b: Incineroar|0 fnt
|faint|p1a: Torkoal
|faint|p1b: Incineroar
|-damage|p2a: top lane|61/100|[from] item: Life Orb
|
|win|NiL312
