|j|☆genist
|j|☆French1
|html|genistFrench1    
|uhtml|bestof|Game 2 of a best-of-3
|t:|1784539990
|gametype|doubles
|player|p1|genist|psychic|1052
|player|p2|French1|102|1114
|gen|9
|tier|[Gen 9 Champions] VGC 2026 Reg M-B (Bo3)
|rated|
|rule|Species Clause: Limit one of each Pokémon
|rule|Item Clause: Limit 1 of each item
|clearpoke
|poke|p1|Reuniclus, L50, M|
|poke|p1|Malamar, L50, M|
|poke|p1|Eelektross, L50, M|
|poke|p1|Whimsicott, L50, F|
|poke|p1|Kangaskhan, L50, F|
|poke|p1|Skarmory, L50, M|
|poke|p2|Scrafty, L50, M|
|poke|p2|Milotic, L50, M|
|poke|p2|Rotom-Heat, L50|
|poke|p2|Sinistcha-Masterpiece, L50|
|poke|p2|Dragonite, L50, F|
|poke|p2|Metagross, L50|
|teampreview|4
|showteam|p1|Reuniclus||LifeOrb|MagicGuard|Psychic,TrickRoom,Recover,LightScreen|Modest||M|||50|]Malamar||SitrusBerry|Contrary|Superpower,BatonPass,KnockOff,PsychoCut|Impish||M|||50|]Eelektross||Eelektrossite|Levitate|DrainPunch,RockSlide,SupercellSlam,PsychicFangs|Adamant||M|||50|]Whimsicott||FocusSash|Prankster|DazzlingGleam,Encore,Tailwind,Tickle|Bold||F|||50|]Kangaskhan||SilkScarf|Scrappy|DoubleEdge,FakeOut,Protect,RockSlide|Adamant||F|||50|]Skarmory||Skarmorite|Sturdy|BraveBird,Roost,Feint,BodyPress|Adamant||M|||50|
|showteam|p2|Scrafty||Scraftinite|Intimidate|FakeOut,KnockOff,DrainPunch,Coaching|Adamant||M|||50|]Milotic||WacanBerry|Competitive|Scald,IceBeam,Recover,Protect|Calm||M|||50|]Rotom-Heat||Leftovers|Levitate|Overheat,Thunderbolt,WillOWisp,Protect|Modest|||||50|]Sinistcha-Masterpiece||SitrusBerry|Hospitality|MatchaGotcha,ShadowBall,RagePowder,TrickRoom|Bold|||||50|]Dragonite||LifeOrb|InnerFocus|Earthquake,ExtremeSpeed,Tailwind,Roost|Adamant||F|||50|]Metagross||Metagrossite|ClearBody|BulletPunch,PsychicFangs,IcePunch,Protect|Adamant|||||50|
|
|t:|1784540032
|teamsize|p1|4
|teamsize|p2|4
|start
|switch|p1a: Malamar|Malamar, L50, M|100/100
|switch|p1b: Whimsicott|Whimsicott, L50, F|100/100
|switch|p2a: Rotom|Rotom-Heat, L50|100/100
|switch|p2b: Dragonite|Dragonite, L50, F|100/100
|turn|1
|
|t:|1784540054
|move|p1b: Whimsicott|Tickle|p1a: Malamar
|-boost|p1a: Malamar|atk|1
|-boost|p1a: Malamar|def|1
|move|p2a: Rotom|Overheat|p1a: Malamar
|-damage|p1a: Malamar|48/100
|-unboost|p2a: Rotom|spa|2
|-enditem|p1a: Malamar|Sitrus Berry|[eat]
|-heal|p1a: Malamar|73/100|[from] item: Sitrus Berry
|move|p2b: Dragonite|Earthquake|p1b: Whimsicott|[spread] p1a,p1b
|-immune|p2a: Rotom|[from] ability: Levitate
|-resisted|p1b: Whimsicott|1
|-damage|p1a: Malamar|50/100g
|-damage|p1b: Whimsicott|84/100
|-damage|p2b: Dragonite|90/100|[from] item: Life Orb
|move|p1a: Malamar|Superpower|p2a: Rotom
|-damage|p2a: Rotom|54/100
|-boost|p1a: Malamar|atk|1
|-boost|p1a: Malamar|def|1
|
|-heal|p2a: Rotom|60/100|[from] item: Leftovers
|upkeep
|turn|2
|
|t:|1784540078
|move|p2b: Dragonite|Extreme Speed|p1a: Malamar
|-damage|p1a: Malamar|33/100
|-damage|p2b: Dragonite|80/100|[from] item: Life Orb
|move|p1b: Whimsicott|Dazzling Gleam|p2b: Dragonite|[spread] p2a,p2b
|-resisted|p2a: Rotom|1
|-supereffective|p2b: Dragonite|1
|-damage|p2a: Rotom|52/100
|-damage|p2b: Dragonite|49/100
|move|p2a: Rotom|Will-O-Wisp|p1a: Malamar|[miss]
|-miss|p2a: Rotom|p1a: Malamar
|move|p1a: Malamar|Superpower|p2a: Rotom
|-crit|p2a: Rotom
|-damage|p2a: Rotom|0 fnt
|-boost|p1a: Malamar|atk|1
|-boost|p1a: Malamar|def|1
|faint|p2a: Rotom
|
|upkeep
|
|t:|1784540091
|switch|p2a: Sinistcha|Sinistcha-Masterpiece, L50|100/100
|-heal|p2b: Dragonite|74/100|[from] ability: Hospitality|[of] p2a: Sinistcha
|turn|3
|
|t:|1784540104
|switch|p2a: Scrafty|Scrafty, L50, M|100/100
|-ability|p2a: Scrafty|Intimidate|boost
|-boost|p1a: Malamar|atk|1
|-unboost|p1b: Whimsicott|atk|1
|move|p2b: Dragonite|Extreme Speed|p1b: Whimsicott
|-damage|p1b: Whimsicott|48/100
|-damage|p2b: Dragonite|64/100|[from] item: Life Orb
|move|p1b: Whimsicott|Tailwind|p1b: Whimsicott
|-sidestart|p1: genist|move: Tailwind
|move|p1a: Malamar|Baton Pass|p1a: Malamar
|
|t:|1784540115
|switch|p1a: Skarmory|Skarmory, L50, M|100/100|[from] Baton Pass
|
|upkeep
|turn|4
|
|t:|1784540145
|switch|p2a: Sinistcha|Sinistcha-Masterpiece, L50|100/100
|-heal|p2b: Dragonite|89/100|[from] ability: Hospitality|[of] p2a: Sinistcha
|detailschange|p1a: Skarmory|Skarmory-Mega, L50, M
|-mega|p1a: Skarmory|Skarmory|Skarmorite
|move|p2b: Dragonite|Extreme Speed|p1b: Whimsicott
|-damage|p1b: Whimsicott|15/100
|-damage|p2b: Dragonite|79/100|[from] item: Life Orb
|move|p1b: Whimsicott|Dazzling Gleam|p2b: Dragonite|[spread] p2a,p2b
|-supereffective|p2b: Dragonite|1
|-damage|p2a: Sinistcha|80/100
|-damage|p2b: Dragonite|49/100
|move|p1a: Skarmory|Brave Bird|p2b: Dragonite
|-damage|p2b: Dragonite|0 fnt
|faint|p2b: Dragonite
|-damage|p1a: Skarmory|81/100|[from] Recoil
|
|upkeep
|
|t:|1784540154
|switch|p2b: Scrafty|Scrafty, L50, M|100/100
|-ability|p2b: Scrafty|Intimidate|boost
|-unboost|p1a: Skarmory|atk|1
|-unboost|p1b: Whimsicott|atk|1
|turn|5
|
|t:|1784540172
|move|p2b: Scrafty|Fake Out|p1a: Skarmory
|-resisted|p1a: Skarmory|1
|-damage|p1a: Skarmory|79/100
|move|p1b: Whimsicott|Dazzling Gleam|p2a: Sinistcha|[spread] p2a,p2b
|-supereffective|p2b: Scrafty|2
|-damage|p2a: Sinistcha|60/100
|-damage|p2b: Scrafty|48/100
|cant|p1a: Skarmory|flinch
|move|p2a: Sinistcha|Shadow Ball|p1a: Skarmory
|-damage|p1a: Skarmory|47/100
|
|upkeep
|turn|6
|
|t:|1784540199
|detailschange|p2b: Scrafty|Scrafty-Mega, L50, M
|-mega|p2b: Scrafty|Scrafty|Scraftinite
|-ability|p2b: Scrafty|Intimidate|boost
|-unboost|p1a: Skarmory|atk|1
|-unboost|p1b: Whimsicott|atk|1
|move|p1b: Whimsicott|Dazzling Gleam|p2a: Sinistcha|[spread] p2a,p2b
|-supereffective|p2b: Scrafty|2
|-damage|p2a: Sinistcha|42/100
|-damage|p2b: Scrafty|0 fnt
|-enditem|p2a: Sinistcha|Sitrus Berry|[eat]
|-heal|p2a: Sinistcha|67/100|[from] item: Sitrus Berry
|faint|p2b: Scrafty
|move|p1a: Skarmory|Brave Bird|p2a: Sinistcha
|-supereffective|p2a: Sinistcha|1
|-damage|p2a: Sinistcha|0 fnt
|faint|p2a: Sinistcha
|-damage|p1a: Skarmory|24/100|[from] Recoil
|
|win|genist
|raw|genist's rating: 1052 → 1090(+38 for winning)
|raw|French1's rating: 1114 → 1085(-29 for losing)
|l|☆French1
|player|p2|
