|j|☆NicoViBrittania
|j|☆merr123
|html|NicoViBrittaniamerr123    
|uhtml|bestof|Game 2 of a best-of-3
|t:|1757039436
|gametype|doubles
|player|p1|NicoViBrittania|169|1110
|player|p2|merr123|sisandbro|1301
|gen|9
|tier|[Gen 9] VGC 2025 Reg H (Bo3)
|rated|
|rule|Species Clause: Limit one of each Pokémon
|rule|Item Clause: Limit 1 of each item
|clearpoke
|poke|p1|Arboliva, L50, M|
|poke|p1|Annihilape, L50, F|
|poke|p1|Porygon2, L50|
|poke|p1|Primarina, L50, M|
|poke|p1|Ursaluna, L50, M|
|poke|p1|Torkoal, L50, F|
|poke|p2|Sneasler, L50, M|
|poke|p2|Gholdengo, L50|
|poke|p2|Amoonguss, L50, M|
|poke|p2|Incineroar, L50, F|
|poke|p2|Ursaluna-Bloodmoon, L50, M|
|poke|p2|Dragonite, L50, M|
|teampreview|4
|showteam|p1|Arboliva||SitrusBerry|Harvest|GigaDrain,EarthPower,Protect,HyperVoice|||M|||50|,,,,,Water]Annihilape||SafetyGoggles|Defiant|CloseCombat,RageFist,Taunt,FinalGambit|||F|||50|,,,,,Fire]Porygon2||Eviolite|Trace|TrickRoom,TriAttack,Protect,Recover||||||50|,,,,,Fairy]Primarina||ThroatSpray|LiquidVoice|Moonblast,Protect,HyperVoice,TeraBlast|||M|||50|,,,,,Ground]Ursaluna||FlameOrb|Guts|Facade,HeadlongRush,Protect,Earthquake|||M|||50|,,,,,Ghost]Torkoal||CovertCloak|Drought|HeatWave,SolarBeam,Protect,Eruption|||F|||50|,,,,,Fire
|showteam|p2|Sneasler||ClearAmulet|PoisonTouch|FakeOut,CloseCombat,DireClaw,Protect|||M|||50|,,,,,Water]Gholdengo||MetalCoat|GoodasGold|NastyPlot,MakeItRain,ShadowBall,Protect||||||50|,,,,,Water]Amoonguss||SitrusBerry|Regenerator|Spore,RagePowder,PollenPuff,Protect|||M|||50|,,,,,Water]Incineroar||SafetyGoggles|Intimidate|FakeOut,FlareBlitz,KnockOff,PartingShot|||F|||50|,,,,,Ghost]Ursaluna-Bloodmoon||LifeOrb|MindsEye|CalmMind,EarthPower,BloodMoon,Protect|||M|||50|,,,,,Poison]Dragonite||LoadedDice|Multiscale|ScaleShot,Haze,Tailwind,Protect|||M|||50|,,,,,Fairy
|inactive|Battle timer is ON: inactive players will automatically lose when time's up. (requested by merr123)
|inactive|merr123 has 60 seconds left.
|
|t:|1757039479
|teamsize|p1|4
|teamsize|p2|4
|start
|switch|p1a: Annihilape|Annihilape, L50, F|100/100
|switch|p1b: Porygon2|Porygon2, L50|100/100
|switch|p2a: Dragonite|Dragonite, L50, M|100/100
|switch|p2b: Ursaluna|Ursaluna-Bloodmoon, L50, M|100/100
|-ability|p1b: Porygon2|Mind's Eye|Trace|[from] ability: Trace|[of] p2b: Ursaluna
|turn|1
|inactive|NicoViBrittania has 30 seconds left.
|
|t:|1757039507
|move|p2b: Ursaluna|Protect|p2b: Ursaluna
|-singleturn|p2b: Ursaluna|Protect
|move|p1a: Annihilape|Final Gambit|p2b: Ursaluna
|-activate|p2b: Ursaluna|move: Protect
|move|p2a: Dragonite|Scale Shot|p1b: Porygon2
|-damage|p1b: Porygon2|91/100
|-damage|p1b: Porygon2|82/100
|-damage|p1b: Porygon2|73/100
|-damage|p1b: Porygon2|63/100
|-damage|p1b: Porygon2|53/100
|-hitcount|p1b: Porygon2|5
|-unboost|p2a: Dragonite|def|1
|-boost|p2a: Dragonite|spe|1
|move|p1b: Porygon2|Tri Attack|p2a: Dragonite
|-damage|p2a: Dragonite|84/100
|
|upkeep
|turn|2
|inactive|NicoViBrittania has 30 seconds left.
|inactive|merr123 has 30 seconds left.
|inactive|merr123 has 20 seconds left.
|inactive|merr123 has 15 seconds left.
|
|t:|1757039551
|move|p2a: Dragonite|Scale Shot|p1a: Annihilape
|-damage|p1a: Annihilape|84/100
|-damage|p1a: Annihilape|67/100
|-damage|p1a: Annihilape|51/100
|-damage|p1a: Annihilape|34/100
|-damage|p1a: Annihilape|17/100
|-hitcount|p1a: Annihilape|5
|-unboost|p2a: Dragonite|def|1
|-boost|p2a: Dragonite|spe|1
|move|p1a: Annihilape|Final Gambit|p2b: Ursaluna
|-damage|p2b: Ursaluna|85/100
|faint|p1a: Annihilape
|move|p2b: Ursaluna|Blood Moon|p1b: Porygon2
|-damage|p1b: Porygon2|2/100
|-damage|p2b: Ursaluna|75/100|[from] item: Life Orb
|move|p1b: Porygon2|Trick Room|p1b: Porygon2
|-fieldstart|move: Trick Room|[of] p1b: Porygon2
|
|upkeep
|
|t:|1757039573
|switch|p1a: Primarina|Primarina, L50, M|100/100
|turn|3
|inactive|merr123 has 30 seconds left.
|inactive|merr123 has 20 seconds left.
|inactive|merr123 has 15 seconds left.
|inactive|merr123 has 10 seconds left.
|
|t:|1757039621
|move|p1b: Porygon2|Protect|p1b: Porygon2
|-singleturn|p1b: Porygon2|Protect
|move|p2b: Ursaluna|Protect|p2b: Ursaluna
|-singleturn|p2b: Ursaluna|Protect
|move|p1a: Primarina|Hyper Voice|p2b: Ursaluna|[spread] p2a
|-activate|p2b: Ursaluna|move: Protect
|-resisted|p2a: Dragonite
|-damage|p2a: Dragonite|65/100
|-enditem|p1a: Primarina|Throat Spray
|-boost|p1a: Primarina|spa|1|[from] item: Throat Spray
|move|p2a: Dragonite|Scale Shot|p1b: Porygon2
|-activate|p1b: Porygon2|move: Protect
|
|upkeep
|turn|4
|inactive|NicoViBrittania has 30 seconds left.
|
|t:|1757039646
|switch|p2b: Amoonguss|Amoonguss, L50, M|100/100
|move|p1b: Porygon2|Recover|p1b: Porygon2
|-heal|p1b: Porygon2|52/100
|move|p1a: Primarina|Hyper Voice|p2b: Amoonguss|[spread] p2a,p2b
|-resisted|p2a: Dragonite
|-resisted|p2b: Amoonguss
|-damage|p2a: Dragonite|33/100
|-damage|p2b: Amoonguss|75/100
|move|p2a: Dragonite|Haze|p2a: Dragonite
|-clearallboost
|
|upkeep
|turn|5
|inactive|NicoViBrittania has 30 seconds left.
|
|t:|1757039676
|move|p1a: Primarina|Protect|p1a: Primarina
|-singleturn|p1a: Primarina|Protect
|move|p2b: Amoonguss|Spore|p1b: Porygon2
|-status|p1b: Porygon2|slp|[from] move: Spore
|cant|p1b: Porygon2|slp
|move|p2a: Dragonite|Scale Shot|p1b: Porygon2
|-damage|p1b: Porygon2|42/100 slp
|-damage|p1b: Porygon2|32/100 slp
|-damage|p1b: Porygon2|23/100 slp
|-damage|p1b: Porygon2|13/100 slp
|-hitcount|p1b: Porygon2|4
|-unboost|p2a: Dragonite|def|1
|-boost|p2a: Dragonite|spe|1
|
|upkeep
|turn|6
|
|t:|1757039697
|switch|p1b: Ursaluna|Ursaluna, L50, M|100/100
|move|p1a: Primarina|Protect|p1a: Primarina
|-singleturn|p1a: Primarina|Protect
|move|p2b: Amoonguss|Spore|p1a: Primarina
|-activate|p1a: Primarina|move: Protect
|move|p2a: Dragonite|Scale Shot|p1b: Ursaluna
|-damage|p1b: Ursaluna|91/100
|-damage|p1b: Ursaluna|81/100
|-damage|p1b: Ursaluna|71/100
|-damage|p1b: Ursaluna|60/100
|-damage|p1b: Ursaluna|50/100
|-hitcount|p1b: Ursaluna|5
|-unboost|p2a: Dragonite|def|1
|-boost|p2a: Dragonite|spe|1
|
|-fieldend|move: Trick Room
|-status|p1b: Ursaluna|brn|[from] item: Flame Orb
|upkeep
|turn|7
|inactive|NicoViBrittania has 30 seconds left.
|
|t:|1757039725
|switch|p1b: Porygon2|Porygon2, L50|13/100 slp
|-ability|p1b: Porygon2|Multiscale|Trace|[from] ability: Trace|[of] p2a: Dragonite
|move|p2b: Amoonguss|Rage Powder|p2b: Amoonguss
|-singleturn|p2b: Amoonguss|move: Rage Powder
|move|p2a: Dragonite|Scale Shot|p1b: Porygon2
|-damage|p1b: Porygon2|3/100 slp
|-damage|p1b: Porygon2|0 fnt
|faint|p1b: Porygon2
|-hitcount|p1: Porygon2|2
|-unboost|p2a: Dragonite|def|1
|-boost|p2a: Dragonite|spe|1
|move|p1a: Primarina|Moonblast|p2b: Amoonguss
|-resisted|p2b: Amoonguss
|-damage|p2b: Amoonguss|54/100
|
|upkeep
|
|t:|1757039742
|switch|p1b: Ursaluna|Ursaluna, L50, M|50/100 brn
|turn|8
|
|t:|1757039756
|move|p2a: Dragonite|Protect|p2a: Dragonite
|-singleturn|p2a: Dragonite|Protect
|move|p2b: Amoonguss|Protect|p2b: Amoonguss
|-singleturn|p2b: Amoonguss|Protect
|move|p1a: Primarina|Hyper Voice|p2a: Dragonite|[spread] 
|-activate|p2a: Dragonite|move: Protect
|-activate|p2b: Amoonguss|move: Protect
|move|p1b: Ursaluna|Facade|p2b: Amoonguss
|-activate|p2b: Amoonguss|move: Protect
|
|-damage|p1b: Ursaluna|44/100 brn|[from] brn
|upkeep
|turn|9
|
|t:|1757039773
|move|p1b: Ursaluna|Protect|p1b: Ursaluna
|-singleturn|p1b: Ursaluna|Protect
|move|p2b: Amoonguss|Rage Powder|p2b: Amoonguss
|-singleturn|p2b: Amoonguss|move: Rage Powder
|move|p2a: Dragonite|Scale Shot|p1b: Ursaluna
|-activate|p1b: Ursaluna|move: Protect
|move|p1a: Primarina|Moonblast|p2b: Amoonguss
|-resisted|p2b: Amoonguss
|-damage|p2b: Amoonguss|30/100
|-enditem|p2b: Amoonguss|Sitrus Berry|[eat]
|-heal|p2b: Amoonguss|55/100|[from] item: Sitrus Berry
|
|-damage|p1b: Ursaluna|38/100 brn|[from] brn
|upkeep
|turn|10
|
|t:|1757039789
|move|p1b: Ursaluna|Protect||[still]
|-fail|p1b: Ursaluna
|move|p2b: Amoonguss|Rage Powder|p2b: Amoonguss
|-singleturn|p2b: Amoonguss|move: Rage Powder
|move|p2a: Dragonite|Scale Shot|p1b: Ursaluna
|-damage|p1b: Ursaluna|27/100 brn
|-damage|p1b: Ursaluna|17/100 brn
|-damage|p1b: Ursaluna|6/100 brn
|-damage|p1b: Ursaluna|0 fnt
|faint|p1b: Ursaluna
|-hitcount|p1: Ursaluna|4
|-unboost|p2a: Dragonite|def|1
|-boost|p2a: Dragonite|spe|1
|move|p1a: Primarina|Moonblast|p2b: Amoonguss
|-resisted|p2b: Amoonguss
|-damage|p2b: Amoonguss|33/100
|
|upkeep
|turn|11
|
|t:|1757039806
|move|p2a: Dragonite|Protect|p2a: Dragonite
|-singleturn|p2a: Dragonite|Protect
|move|p1a: Primarina|Hyper Voice|p2b: Amoonguss|[spread] p2b
|-activate|p2a: Dragonite|move: Protect
|-resisted|p2b: Amoonguss
|-damage|p2b: Amoonguss|16/100
|move|p2b: Amoonguss|Spore|p1a: Primarina
|-status|p1a: Primarina|slp|[from] move: Spore
|
|upkeep
|turn|12
|
|t:|1757039825
|switch|p2a: Sneasler|Sneasler, L50, M|100/100
|switch|p2b: Ursaluna|Ursaluna-Bloodmoon, L50, M|75/100
|cant|p1a: Primarina|slp
|
|upkeep
|turn|13
|
|t:|1757039836
|-terastallize|p1a: Primarina|Ground
|move|p2a: Sneasler|Dire Claw|p1a: Primarina
|-resisted|p1a: Primarina
|-damage|p1a: Primarina|68/100 slp
|move|p2b: Ursaluna|Blood Moon|p1a: Primarina
|-damage|p1a: Primarina|0 fnt
|faint|p1a: Primarina
|-damage|p2b: Ursaluna|66/100|[from] item: Life Orb
|
|win|merr123
