|j|☆Vishalsankhla2205
|j|☆Pokeventurer
|html|Vishalsankhla2205Pokeventurer    
|uhtml|bestof|Game 2 of a best-of-3
|t:|1757105622
|gametype|doubles
|player|p1|Vishalsankhla2205|steven|1079
|player|p2|Pokeventurer|2|1176
|gen|9
|tier|[Gen 9] VGC 2025 Reg H (Bo3)
|rated|
|rule|Species Clause: Limit one of each Pokémon
|rule|Item Clause: Limit 1 of each item
|clearpoke
|poke|p1|Cinderace, L50, M|
|poke|p1|Amoonguss, L50, M|
|poke|p1|Whimsicott, L50, F|
|poke|p1|Ursaluna-Bloodmoon, L50, M|
|poke|p1|Armarouge, L50, F|
|poke|p1|Indeedee-F, L50, F|
|poke|p2|Basculegion, L50, M|
|poke|p2|Pelipper, L50, M|
|poke|p2|Archaludon, L50, F|
|poke|p2|Rillaboom, L50, M|
|poke|p2|Maushold, L50|
|poke|p2|Annihilape, L50, F|
|teampreview|4
|showteam|p1|Cinderace||WideLens|Libero|QuickAttack,Protect,HighJumpKick,PyroBall|||M|||50|,,,,,Fire]Amoonguss||SitrusBerry|Regenerator|RagePowder,SludgeBomb,Protect,Spore|||M|||50|,,,,,Dark]Whimsicott||CovertCloak|Prankster|Taunt,Moonblast,Encore,Tailwind|||F|||50|,,,,,Grass]Ursaluna-Bloodmoon||LifeOrb|MindsEye|Protect,BloodMoon,CalmMind,EarthPower|||M|||50|,,,,,Fairy]Armarouge||FocusSash|WeakArmor|TrickRoom,ExpandingForce,Protect,ArmorCannon|||F|||50|,,,,,Fire]Indeedee-F||PsychicSeed|PsychicSurge|Protect,DazzlingGleam,FollowMe,TrickRoom|||F|||50|,,,,,Psychic
|showteam|p2|Basculegion||ChoiceBand|SwiftSwim|WaveCrash,FlipTurn,LastRespects,AquaJet|||M|||50|,,,,,Water]Pelipper||FocusSash|Drizzle|WeatherBall,Hurricane,Tailwind,Protect|||M|||50|,,,,,Stellar]Archaludon||AssaultVest|Stamina|ElectroShot,FlashCannon,Snarl,BodyPress|||F|||50|,,,,,Grass]Rillaboom||CobaBerry|GrassySurge|FakeOut,GrassyGlide,WoodHammer,Uturn|||M|||50|,,,,,Steel]Maushold||CovertCloak|FriendGuard|FollowMe,BeatUp,SuperFang,Taunt||||||50|,,,,,Ghost]Annihilape||SafetyGoggles|Defiant|DrainPunch,RageFist,BulkUp,Protect|||F|||50|,,,,,Fire
|inactive|Battle timer is ON: inactive players will automatically lose when time's up. (requested by Pokeventurer)
|
|t:|1757105649
|teamsize|p1|4
|teamsize|p2|4
|start
|switch|p1a: Armarouge|Armarouge, L50, F|100/100
|switch|p1b: Amoonguss|Amoonguss, L50, M, shiny|100/100
|switch|p2a: Zoom!Wake|Basculegion, L50, M|100/100
|switch|p2b: BigMouth|Pelipper, L50, M|100/100
|-weather|RainDance|[from] ability: Drizzle|[of] p2b: BigMouth
|turn|1
|inactive|Vishalsankhla2205 has 30 seconds left.
|
|t:|1757105680
|move|p1a: Armarouge|Protect|p1a: Armarouge
|-singleturn|p1a: Armarouge|Protect
|move|p2a: Zoom!Wake|Flip Turn|p1a: Armarouge
|-activate|p1a: Armarouge|move: Protect
|move|p2b: BigMouth|Tailwind|p2b: BigMouth
|-sidestart|p2: Pokeventurer|move: Tailwind
|move|p1b: Amoonguss|Spore|p2a: Zoom!Wake
|-status|p2a: Zoom!Wake|slp|[from] move: Spore
|
|-weather|RainDance|[upkeep]
|upkeep
|turn|2
|
|t:|1757105702
|-terastallize|p2b: BigMouth|Stellar
|move|p1b: Amoonguss|Rage Powder|p1b: Amoonguss
|-singleturn|p1b: Amoonguss|move: Rage Powder
|cant|p2a: Zoom!Wake|slp
|move|p2b: BigMouth|Hurricane|p1b: Amoonguss
|-supereffective|p1b: Amoonguss
|-damage|p1b: Amoonguss|0 fnt
|faint|p1b: Amoonguss
|move|p1a: Armarouge|Trick Room|p1a: Armarouge
|-fieldstart|move: Trick Room|[of] p1a: Armarouge
|
|-weather|RainDance|[upkeep]
|upkeep
|
|t:|1757105717
|switch|p1b: Indeedee|Indeedee-F, L50, F|100/100
|-fieldstart|move: Psychic Terrain|[from] ability: Psychic Surge|[of] p1b: Indeedee
|-enditem|p1b: Indeedee|Psychic Seed
|-boost|p1b: Indeedee|spd|1|[from] item: Psychic Seed
|turn|3
|
|t:|1757105728
|switch|p2b: MonkeyDo2|Rillaboom, L50, M|100/100
|-fieldstart|move: Grassy Terrain|[from] ability: Grassy Surge|[of] p2b: MonkeyDo2
|move|p1b: Indeedee|Follow Me|p1b: Indeedee
|-singleturn|p1b: Indeedee|move: Follow Me
|move|p1a: Armarouge|Expanding Force|p2a: Zoom!Wake
|-damage|p2a: Zoom!Wake|49/100 slp
|cant|p2a: Zoom!Wake|slp
|
|-weather|RainDance|[upkeep]
|-heal|p2a: Zoom!Wake|55/100 slp|[from] Grassy Terrain
|upkeep
|turn|4
|inactive|Pokeventurer has 30 seconds left.
|
|t:|1757105753
|switch|p1b: Ursaluna|Ursaluna-Bloodmoon, L50, M|100/100
|move|p2b: MonkeyDo2|Fake Out|p1a: Armarouge
|-damage|p1a: Armarouge|88/100
|-ability|p1a: Armarouge|Weak Armor|boost
|-unboost|p1a: Armarouge|def|1
|-boost|p1a: Armarouge|spe|2
|cant|p1a: Armarouge|flinch
|cant|p2a: Zoom!Wake|slp
|
|-weather|RainDance|[upkeep]
|-heal|p1a: Armarouge|94/100|[from] Grassy Terrain
|-heal|p2a: Zoom!Wake|62/100 slp|[from] Grassy Terrain
|-sideend|p2: Pokeventurer|move: Tailwind
|upkeep
|turn|5
|inactive|Vishalsankhla2205 has 30 seconds left.
|inactive|Vishalsankhla2205 has 20 seconds left.
|inactive|Pokeventurer has 30 seconds left.
|
|t:|1757105792
|switch|p2a: London Paris&Tokyo|Archaludon, L50, F|100/100
|-terastallize|p1b: Ursaluna|Fairy
|move|p1a: Armarouge|Protect|p1a: Armarouge
|-singleturn|p1a: Armarouge|Protect
|move|p1b: Ursaluna|Blood Moon|p2a: London Paris&Tokyo
|-resisted|p2a: London Paris&Tokyo
|-damage|p2a: London Paris&Tokyo|52/100
|-ability|p2a: London Paris&Tokyo|Stamina|boost
|-boost|p2a: London Paris&Tokyo|def|1
|-damage|p1b: Ursaluna|90/100|[from] item: Life Orb
|move|p2b: MonkeyDo2|Wood Hammer|p1b: Ursaluna
|-damage|p1b: Ursaluna|41/100
|-damage|p2b: MonkeyDo2|83/100|[from] Recoil
|
|-weather|none
|-heal|p1b: Ursaluna|47/100|[from] Grassy Terrain
|-heal|p2b: MonkeyDo2|89/100|[from] Grassy Terrain
|-heal|p2a: London Paris&Tokyo|58/100|[from] Grassy Terrain
|-heal|p1a: Armarouge|100/100|[from] Grassy Terrain
|upkeep
|turn|6
|inactive|Vishalsankhla2205 has 30 seconds left.
|
|t:|1757105823
|switch|p2a: BigMouth|Pelipper, L50, M, tera:Stellar|100/100
|-weather|RainDance|[from] ability: Drizzle|[of] p2a: BigMouth
|switch|p1a: Indeedee|Indeedee-F, L50, F|100/100
|-fieldstart|move: Psychic Terrain|[from] ability: Psychic Surge|[of] p1a: Indeedee
|move|p1b: Ursaluna|Earth Power|p2a: BigMouth
|-immune|p2a: BigMouth
|move|p2b: MonkeyDo2|U-turn|p1a: Indeedee
|-supereffective|p1a: Indeedee
|-damage|p1a: Indeedee|58/100
|
|t:|1757105835
|switch|p2b: Zoom!Wake|Basculegion, L50, M|62/100 slp|[from] U-turn
|
|-weather|RainDance|[upkeep]
|-fieldend|move: Trick Room
|upkeep
|turn|7
|
|t:|1757105854
|-curestatus|p2b: Zoom!Wake|slp|[msg]
|move|p2b: Zoom!Wake|Flip Turn|p1a: Indeedee
|-damage|p1a: Indeedee|0 fnt
|faint|p1a: Indeedee
|
|t:|1757105865
|switch|p2b: MonkeyDo2|Rillaboom, L50, M|89/100|[from] Flip Turn
|-fieldstart|move: Grassy Terrain|[from] ability: Grassy Surge|[of] p2b: MonkeyDo2
|move|p2a: BigMouth|Weather Ball|p1b: Ursaluna
|-damage|p1b: Ursaluna|0 fnt
|faint|p1b: Ursaluna
|
|-weather|RainDance|[upkeep]
|-heal|p2b: MonkeyDo2|95/100|[from] Grassy Terrain
|upkeep
|
|t:|1757105874
|switch|p1b: Armarouge|Armarouge, L50, F|100/100
|turn|8
|
|t:|1757105882
|move|p2b: MonkeyDo2|Fake Out|p1b: Armarouge
|-damage|p1b: Armarouge|87/100
|-ability|p1b: Armarouge|Weak Armor|boost
|-unboost|p1b: Armarouge|def|1
|-boost|p1b: Armarouge|spe|2
|cant|p1b: Armarouge|flinch
|move|p2a: BigMouth|Tailwind|p2a: BigMouth
|-sidestart|p2: Pokeventurer|move: Tailwind
|
|-weather|RainDance|[upkeep]
|-heal|p1b: Armarouge|94/100|[from] Grassy Terrain
|-heal|p2b: MonkeyDo2|100/100|[from] Grassy Terrain
|upkeep
|turn|9
|
|t:|1757105888
|move|p2a: BigMouth|Weather Ball|p1b: Armarouge
|-supereffective|p1b: Armarouge
|-damage|p1b: Armarouge|0 fnt
|faint|p1b: Armarouge
|
|win|Pokeventurer
||Pokeventurer is ready for game 3.
|l|☆Vishalsankhla2205
|player|p1|
||Vishalsankhla2205 is ready for game 3.
|uhtml|next|Next: Game 3 of 3
|j|☆Vishalsankhla2205
|player|p1|Vishalsankhla2205|steven|
