|j|☆Broey_jiggs
|j|☆MikeShinobu
|html|Broey_jiggsMikeShinobu    
|uhtml|bestof|Game 1 of a best-of-3
|t:|1783086540
|gametype|doubles
|player|p1|Broey_jiggs|266|1007
|player|p2|MikeShinobu|ethan|1048
|gen|9
|tier|[Gen 9 Champions] VGC 2026 Reg M-B (Bo3)
|rated|
|rule|Species Clause: Limit one of each Pokémon
|rule|Item Clause: Limit 1 of each item
|clearpoke
|poke|p1|Toxapex, L50, F|
|poke|p1|Rotom-Wash, L50|
|poke|p1|Corviknight, L50, F|
|poke|p1|Sinistcha-Masterpiece, L50|
|poke|p1|Tyranitar, L50, M|
|poke|p1|Garchomp, L50, M|
|poke|p2|Whimsicott, L50, F|
|poke|p2|Garchomp, L50, F|
|poke|p2|Staraptor, L50, M|
|poke|p2|Blaziken, L50, F|
|poke|p2|Ninetales-Alola, L50, M|
|poke|p2|Excadrill, L50, M|
|teampreview|4
|showteam|p1|Toxapex||Leftovers|Regenerator|Toxic,BanefulBunker,Infestation,Recover|Bold||F|||50|]Rotom-Wash||Magnet|Levitate|HydroPump,Thunderbolt,WillOWisp,Protect|Calm|||||50|]Corviknight||OccaBerry|MirrorArmor|BodyPress,Roost,IronDefense,BraveBird|Careful||F|||50|]Sinistcha-Masterpiece||MiracleSeed|Hospitality|MatchaGotcha,LifeDew,Protect,TrickRoom|Relaxed|||||50|]Tyranitar||Tyranitarite|SandStream|RockSlide,Earthquake,KnockOff,Protect|Adamant||M|||50|]Garchomp||LifeOrb|SandVeil|Earthquake,EarthPower,Protect,DragonClaw|Jolly||M|||50|
|showteam|p2|Whimsicott||FocusSash|Prankster|Protect,Tailwind,Moonblast,Charm|Timid||F|||50|]Garchomp||LifeOrb|RoughSkin|DragonClaw,Earthquake,Protect,RockSlide|Jolly||F|||50|]Staraptor||Staraptite|Intimidate|CloseCombat,BraveBird,Roost,Protect|Jolly||M|||50|]Blaziken||Blazikenite|SpeedBoost|Coaching,Protect,CloseCombat,FlareBlitz|Adamant||F|||50|]Ninetales-Alola||LightClay|SnowWarning|Blizzard,Moonblast,AuroraVeil,Protect|Modest||M|||50|]Excadrill||Excadrite|MoldBreaker|Earthquake,HighHorsepower,IronHead,Protect|Jolly||M|||50|
|inactive|Battle timer is ON: inactive players will automatically lose when time's up. (requested by MikeShinobu)
|inactive|Broey_jiggs has 60 seconds left.
|
|t:|1783086575
|teamsize|p1|4
|teamsize|p2|4
|start
|switch|p1a: Corviknight|Corviknight, L50, F|100/100
|switch|p1b: Rotom|Rotom-Wash, L50|100/100
|switch|p2a: Blaziken|Blaziken, L50, F|100/100
|switch|p2b: Excadrill|Excadrill, L50, M|100/100
|-ability|p2b: Excadrill|Mold Breaker
|turn|1
|
|t:|1783086599
|move|p2b: Excadrill|High Horsepower|p1b: Rotom
|-supereffective|p1b: Rotom|1
|-damage|p1b: Rotom|0 fnt
|faint|p1b: Rotom
|move|p2a: Blaziken|Coaching|p2b: Excadrill
|-boost|p2b: Excadrill|atk|1
|-boost|p2b: Excadrill|def|1
|move|p1a: Corviknight|Iron Defense|p1a: Corviknight
|-boost|p1a: Corviknight|def|2
|
|-ability|p2a: Blaziken|Speed Boost|boost
|-boost|p2a: Blaziken|spe|1
|upkeep
|
|t:|1783086606
|switch|p1b: Garchomp|Garchomp, L50, M|100/100
|turn|2
|inactive|MikeShinobu has 30 seconds left.
|
|t:|1783086632
|detailschange|p2b: Excadrill|Excadrill-Mega, L50, M
|-mega|p2b: Excadrill|Excadrill|Excadrite
|move|p2a: Blaziken|Coaching|p2b: Excadrill
|-boost|p2b: Excadrill|atk|1
|-boost|p2b: Excadrill|def|1
|move|p2b: Excadrill|Iron Head|p1b: Garchomp
|-damage|p1b: Garchomp|7/100
|move|p1b: Garchomp|Earthquake|p2a: Blaziken|[spread] p2a,p2b
|-immune|p1a: Corviknight
|-supereffective|p2a: Blaziken|1
|-supereffective|p2b: Excadrill|1
|-damage|p2a: Blaziken|0 fnt
|-damage|p2b: Excadrill|52/100
|faint|p2a: Blaziken
|-damage|p1b: Garchomp|0 fnt|[from] item: Life Orb
|faint|p1b: Garchomp
|move|p1a: Corviknight|Body Press|p2b: Excadrill
|-supereffective|p2b: Excadrill|1
|-damage|p2b: Excadrill|15/100
|
|upkeep
|
|t:|1783086650
|switch|p1b: Tyranitar|Tyranitar, L50, M|100/100
|switch|p2a: Ninetales|Ninetales-Alola, L50, M|100/100
|-weather|Snowscape|[from] ability: Snow Warning|[of] p2a: Ninetales
|-weather|Sandstorm|[from] ability: Sand Stream|[of] p1b: Tyranitar
|turn|3
|
|t:|1783086664
|switch|p2a: Whimsicott|Whimsicott, L50, F|100/100
|move|p2b: Excadrill|Protect|p2b: Excadrill
|-singleturn|p2b: Excadrill|Protect
|move|p1b: Tyranitar|Protect|p1b: Tyranitar
|-singleturn|p1b: Tyranitar|Protect
|move|p1a: Corviknight|Body Press|p2b: Excadrill
|-activate|p2b: Excadrill|move: Protect
|
|-weather|Sandstorm|[upkeep]
|-damage|p2a: Whimsicott|94/100|[from] Sandstorm
|upkeep
|turn|4
|
|t:|1783086688
|move|p1b: Tyranitar|Protect||[still]
|-fail|p1b: Tyranitar
|move|p2a: Whimsicott|Charm|p1a: Corviknight
|-ability|p1a: Corviknight|Mirror Armor
|-unboost|p2a: Whimsicott|atk|2
|move|p2b: Excadrill|Iron Head|p1b: Tyranitar
|-supereffective|p1b: Tyranitar|1
|-damage|p1b: Tyranitar|0 fnt
|faint|p1b: Tyranitar
|move|p1a: Corviknight|Body Press|p2b: Excadrill
|-supereffective|p2b: Excadrill|1
|-damage|p2b: Excadrill|0 fnt
|faint|p2b: Excadrill
|
|-weather|Sandstorm|[upkeep]
|-damage|p2a: Whimsicott|88/100|[from] Sandstorm
|upkeep
|
|t:|1783086699
|switch|p2b: Ninetales|Ninetales-Alola, L50, M|100/100
|-weather|Snowscape|[from] ability: Snow Warning|[of] p2b: Ninetales
|turn|5
|
|t:|1783086711
|move|p2a: Whimsicott|Moonblast|p1a: Corviknight
|-resisted|p1a: Corviknight|1
|-damage|p1a: Corviknight|86/100
|move|p2b: Ninetales|Blizzard|p1a: Corviknight
|-damage|p1a: Corviknight|54/100
|move|p1a: Corviknight|Body Press|p2b: Ninetales
|-damage|p2b: Ninetales|64/100
|
|-weather|Snowscape|[upkeep]
|upkeep
|turn|6
|
|t:|1783086720
|move|p2a: Whimsicott|Moonblast|p1a: Corviknight
|-resisted|p1a: Corviknight|1
|-damage|p1a: Corviknight|42/100
|move|p2b: Ninetales|Blizzard|p1a: Corviknight
|-damage|p1a: Corviknight|7/100
|move|p1a: Corviknight|Body Press|p2b: Ninetales
|-damage|p2b: Ninetales|27/100
|
|-weather|Snowscape|[upkeep]
|upkeep
|turn|7
|
|t:|1783086729
|move|p2a: Whimsicott|Moonblast|p1a: Corviknight
|-resisted|p1a: Corviknight|1
|-damage|p1a: Corviknight|0 fnt
|faint|p1a: Corviknight
|
|win|MikeShinobu
