|j|☆gangaran
|j|☆SixHeroes
|html|gangaranSixHeroes    
|uhtml|bestof|Game 1 of a best-of-3
|t:|1757933181
|gametype|doubles
|player|p1|gangaran|sage|1068
|player|p2|SixHeroes|266|1038
|gen|9
|tier|[Gen 9] VGC 2025 Reg H (Bo3)
|rated|
|rule|Species Clause: Limit one of each Pokémon
|rule|Item Clause: Limit 1 of each item
|clearpoke
|poke|p1|Dragonite, L50, M|
|poke|p1|Gholdengo, L50|
|poke|p1|Ursaluna-Bloodmoon, L50, M|
|poke|p1|Annihilape, L50, M|
|poke|p1|Maushold-Four, L50|
|poke|p1|Rillaboom, L50, F|
|poke|p2|Abomasnow, L50, F|
|poke|p2|Ninetales-Alola, L50, F|
|poke|p2|Incineroar, L50, M|
|poke|p2|Greninja-*, L50, M|
|poke|p2|Sinistcha, L50|
|poke|p2|Slowking-Galar, L50, F|
|teampreview|4
|showteam|p1|Dragonite||LoadedDice|Multiscale|ScaleShot,Tailwind,Haze,Protect|||M|||50|,,,,,Fairy]Gholdengo||LifeOrb|GoodasGold|MakeItRain,ShadowBall,NastyPlot,Protect||||||50|,,,,,Water]Ursaluna-Bloodmoon||AssaultVest|MindsEye|BloodMoon,EarthPower,HyperVoice,VacuumWave|||M|||50|,,,,,Water]Annihilape||SitrusBerry|Defiant|DrainPunch,RageFist,BulkUp,Protect|||M|||50|,,,,,Fire]Maushold-Four||FocusSash|FriendGuard|SuperFang,BeatUp,FollowMe,Protect||||||50|,,,,,Ghost]Rillaboom||MiracleSeed|GrassySurge|WoodHammer,GrassyGlide,HighHorsepower,FakeOut|||F|||50|,,,,,Fire
|showteam|p2|Abomasnow||FocusSash|SnowWarning|Blizzard,LeafStorm,AuroraVeil,Protect|||F|||50|,,,,,Fire]Ninetales-Alola||Leftovers|SnowCloak|Blizzard,CalmMind,Protect,Substitute|||F|||50|,,,,,Ice]Incineroar||SafetyGoggles|Intimidate|FlareBlitz,FakeOut,KnockOff,PartingShot|||M|||50|,,,,,Ghost]Greninja||ChoiceSpecs|Protean|Blizzard,DarkPulse,HydroPump,Uturn|||M|||50|,,,,,Ice]Sinistcha||SitrusBerry|Hospitality|MatchaGotcha,ShadowBall,RagePowder,TrickRoom||||||50|,,,,,Water]Slowking-Galar||LifeOrb|Regenerator|SludgeBomb,Blizzard,ChillyReception,TrickRoom|||F|||50|,,,,,Ice
|
|t:|1757933246
|teamsize|p1|4
|teamsize|p2|4
|start
|switch|p1a: Annihilape|Annihilape, L50, M|100/100
|switch|p1b: Maushold|Maushold-Four, L50|100/100
|switch|p2a: Incineroar|Incineroar, L50, M|100/100
|switch|p2b: Abomasnow|Abomasnow, L50, F|100/100
|-ability|p2a: Incineroar|Intimidate|boost
|-unboost|p1a: Annihilape|atk|1
|-ability|p1a: Annihilape|Defiant|boost
|-boost|p1a: Annihilape|atk|2
|-unboost|p1b: Maushold|atk|1
|-weather|Snowscape|[from] ability: Snow Warning|[of] p2b: Abomasnow
|turn|1
|
|t:|1757933295
|move|p2a: Incineroar|Fake Out|p1b: Maushold
|-damage|p1b: Maushold|88/100
|cant|p1b: Maushold|flinch
|move|p1a: Annihilape|Drain Punch|p2a: Incineroar
|-supereffective|p2a: Incineroar
|-damage|p2a: Incineroar|31/100
|move|p2b: Abomasnow|Aurora Veil|p2b: Abomasnow
|-sidestart|p2: SixHeroes|move: Aurora Veil
|
|-weather|Snowscape|[upkeep]
|upkeep
|turn|2
|
|t:|1757933310
|switch|p2a: Ninetales|Ninetales-Alola, L50, F|100/100
|move|p1b: Maushold|Follow Me|p1b: Maushold
|-singleturn|p1b: Maushold|move: Follow Me
|move|p1a: Annihilape|Drain Punch|p2b: Abomasnow
|-supereffective|p2b: Abomasnow
|-damage|p2b: Abomasnow|57/100
|move|p2b: Abomasnow|Blizzard|p1b: Maushold|[spread] p1a,p1b
|-damage|p1a: Annihilape|76/100
|-damage|p1b: Maushold|44/100
|
|-weather|Snowscape|[upkeep]
|upkeep
|turn|3
|
|t:|1757933341
|-terastallize|p1a: Annihilape|Fire
|move|p1b: Maushold|Beat Up|p1a: Annihilape
|-damage|p1a: Annihilape|75/100
|-damage|p1a: Annihilape|73/100
|-damage|p1a: Annihilape|72/100
|-damage|p1a: Annihilape|70/100
|-hitcount|p1a: Annihilape|4
|move|p2a: Ninetales|Blizzard|p1b: Maushold|[spread] p1a,p1b
|-resisted|p1a: Annihilape
|-damage|p1a: Annihilape|60/100
|-damage|p1b: Maushold|6/100
|move|p1a: Annihilape|Rage Fist|p2b: Abomasnow
|-damage|p2b: Abomasnow|0 fnt
|faint|p2b: Abomasnow
|
|-weather|Snowscape|[upkeep]
|upkeep
|
|t:|1757933359
|switch|p2b: Incineroar|Incineroar, L50, M|31/100
|-ability|p2b: Incineroar|Intimidate|boost
|-unboost|p1a: Annihilape|atk|1
|-ability|p1a: Annihilape|Defiant|boost
|-boost|p1a: Annihilape|atk|2
|-unboost|p1b: Maushold|atk|1
|turn|4
|
|t:|1757933372
|move|p2b: Incineroar|Fake Out|p1b: Maushold
|-damage|p1b: Maushold|0 fnt
|faint|p1b: Maushold
|move|p2a: Ninetales|Substitute|p2a: Ninetales
|-start|p2a: Ninetales|Substitute
|-damage|p2a: Ninetales|76/100
|move|p1a: Annihilape|Drain Punch|p2a: Ninetales
|-end|p2a: Ninetales|Substitute
|-heal|p1a: Annihilape|70/100|[from] drain|[of] p2a: Ninetales
|
|-weather|Snowscape|[upkeep]
|-heal|p2a: Ninetales|82/100|[from] item: Leftovers
|upkeep
|
|t:|1757933396
|switch|p1b: Gholdengo|Gholdengo, L50|100/100
|turn|5
|
|t:|1757933409
|move|p2a: Ninetales|Substitute|p2a: Ninetales
|-start|p2a: Ninetales|Substitute
|-damage|p2a: Ninetales|57/100
|move|p1a: Annihilape|Rage Fist|p2b: Incineroar
|-resisted|p2b: Incineroar
|-damage|p2b: Incineroar|0 fnt
|faint|p2b: Incineroar
|move|p1b: Gholdengo|Make It Rain|p2a: Ninetales|[miss]
|-miss|p1b: Gholdengo|p2a: Ninetales
|
|-weather|none
|-heal|p2a: Ninetales|63/100|[from] item: Leftovers
|-sideend|p2: SixHeroes|move: Aurora Veil
|upkeep
|
|t:|1757933415
|switch|p2b: Greninja|Greninja, L50, M|100/100
|turn|6
|
|t:|1757933439
|move|p1a: Annihilape|Protect|p1a: Annihilape
|-singleturn|p1a: Annihilape|Protect
|move|p2b: Greninja|Dark Pulse|p1a: Annihilape
|-start|p2b: Greninja|typechange|Dark|[from] ability: Protean
|-activate|p1a: Annihilape|move: Protect
|move|p2a: Ninetales|Blizzard|p1b: Gholdengo|[spread] p1b
|-activate|p1a: Annihilape|move: Protect
|-resisted|p1b: Gholdengo
|-damage|p1b: Gholdengo|87/100
|move|p1b: Gholdengo|Shadow Ball|p2b: Greninja
|-resisted|p2b: Greninja
|-damage|p2b: Greninja|60/100
|-damage|p1b: Gholdengo|77/100|[from] item: Life Orb
|
|-heal|p2a: Ninetales|69/100|[from] item: Leftovers
|upkeep
|turn|7
|
|t:|1757933460
|move|p2b: Greninja|Dark Pulse|p1a: Annihilape
|-damage|p1a: Annihilape|17/100
|-enditem|p1a: Annihilape|Sitrus Berry|[eat]
|-heal|p1a: Annihilape|42/100|[from] item: Sitrus Berry
|move|p2a: Ninetales|Calm Mind|p2a: Ninetales
|-boost|p2a: Ninetales|spa|1
|-boost|p2a: Ninetales|spd|1
|move|p1a: Annihilape|Drain Punch|p2b: Greninja
|-supereffective|p2b: Greninja
|-damage|p2b: Greninja|0 fnt
|-heal|p1a: Annihilape|63/100|[from] drain|[of] p2b: Greninja
|faint|p2b: Greninja
|move|p1b: Gholdengo|Shadow Ball|p2a: Ninetales
|-end|p2a: Ninetales|Substitute
|-damage|p1b: Gholdengo|68/100|[from] item: Life Orb
|
|-heal|p2a: Ninetales|76/100|[from] item: Leftovers
|upkeep
|turn|8
|
|t:|1757933478
|move|p2a: Ninetales|Blizzard|p1a: Annihilape|[spread] p1a,p1b
|-resisted|p1a: Annihilape
|-resisted|p1b: Gholdengo
|-crit|p1b: Gholdengo
|-damage|p1a: Annihilape|43/100
|-damage|p1b: Gholdengo|35/100
|move|p1a: Annihilape|Rage Fist|p2a: Ninetales
|-damage|p2a: Ninetales|0 fnt
|faint|p2a: Ninetales
|
|win|gangaran
||SixHeroes is ready for game 2.
||gangaran is ready for game 2.
|uhtml|next|Next: Game 2 of 3
