|j|☆bexuanmailonto
|j|☆Luna_walking
|html|bexuanmailontoLuna_walking    
|uhtml|bestof|Game 1 of a best-of-3
|t:|1786107913
|gametype|doubles
|player|p1|bexuanmailonto|266|1058
|player|p2|Luna_walking|265|1123
|gen|9
|tier|[Gen 9 Champions] VGC 2026 Reg M-B (Bo3)
|rated|
|rule|Species Clause: Limit one of each Pokémon
|rule|Item Clause: Limit 1 of each item
|clearpoke
|poke|p1|Sinistcha, L50, shiny|
|poke|p1|Garchomp, L50, F, shiny|
|poke|p1|Sneasler, L50, M, shiny|
|poke|p1|Floette-Eternal, L50, F|
|poke|p1|Incineroar, L50, M, shiny|
|poke|p1|Kingambit, L50, F, shiny|
|poke|p2|Charizard, L50, F|
|poke|p2|Floette-Eternal, L50, F|
|poke|p2|Whimsicott, L50, M|
|poke|p2|Incineroar, L50, F|
|poke|p2|Basculegion, L50, M|
|poke|p2|Garchomp, L50, M|
|teampreview|4
|showteam|p1|Sinistcha||SitrusBerry|Hospitality|MatchaGotcha,TrickRoom,RagePowder,Protect|Bold|||||50|]Garchomp||Garchompite|RoughSkin|StompingTantrum,Earthquake,RockSlide,Protect|Adamant||F|||50|]Sneasler||FocusSash|Unburden|CloseCombat,DireClaw,FakeOut,Coaching|Jolly||M|||50|]Floette-Eternal||Floettite|FlowerVeil|DazzlingGleam,DrainingKiss,CalmMind,Protect|Timid||F|||50|]Incineroar||Leftovers|Intimidate|FakeOut,FlareBlitz,PartingShot,DarkestLariat|Sassy||M|||50|]Kingambit||ChopleBerry|Defiant|KowtowCleave,SuckerPunch,IronHead,Protect|Adamant||F|||50|
|showteam|p2|Charizard||CharizarditeY|Blaze|HeatWave,WeatherBall,SolarBeam,Protect|Modest||F|||50|]Floette-Eternal||Floettite|FlowerVeil|Moonblast,DazzlingGleam,LightofRuin,Protect|Modest||F|||50|]Whimsicott||FocusSash|Prankster|Moonblast,Encore,Tailwind,Protect|Timid||M|||50|]Incineroar||SitrusBerry|Intimidate|FlareBlitz,DarkestLariat,PartingShot,FakeOut|Adamant||F|||50|]Basculegion||MysticWater|Adaptability|WaveCrash,LastRespects,AquaJet,Protect|Adamant||M|||50|]Garchomp||LifeOrb|RoughSkin|DragonClaw,Earthquake,Protect,RockSlide|Jolly||M|||50|
|
|t:|1786107939
|teamsize|p1|4
|teamsize|p2|4
|start
|switch|p1a: Incineroar|Incineroar, L50, M, shiny|100/100
|switch|p1b: Floette|Floette-Eternal, L50, F|100/100
|switch|p2a: Whimsicott|Whimsicott, L50, M|100/100
|switch|p2b: Basculegion|Basculegion, L50, M|100/100
|-ability|p1a: Incineroar|Intimidate|boost
|-unboost|p2a: Whimsicott|atk|1
|-unboost|p2b: Basculegion|atk|1
|turn|1
|
|t:|1786107984
|detailschange|p1b: Floette|Floette-Mega, L50, F
|-mega|p1b: Floette|Floette|Floettite
|-ability|p1b: Floette|Fairy Aura
|move|p2a: Whimsicott|Protect|p2a: Whimsicott
|-singleturn|p2a: Whimsicott|Protect
|move|p1b: Floette|Dazzling Gleam|p2b: Basculegion|[spread] p2b
|-activate|p2a: Whimsicott|move: Protect
|-damage|p2b: Basculegion|52/100
|move|p2b: Basculegion|Wave Crash|p1b: Floette
|-damage|p1b: Floette|13/100
|-damage|p2b: Basculegion|31/100|[from] Recoil
|move|p1a: Incineroar|Darkest Lariat|p2b: Basculegion
|-supereffective|p2b: Basculegion|1
|-damage|p2b: Basculegion|0 fnt
|faint|p2b: Basculegion
|
|upkeep
|
|t:|1786107999
|switch|p2b: Charizard|Charizard, L50, F|100/100
|turn|2
|
|t:|1786108014
|switch|p1b: Sneasler|Sneasler, L50, M, shiny|100/100
|detailschange|p2b: Charizard|Charizard-Mega-Y, L50, F
|-mega|p2b: Charizard|Charizard|Charizardite Y
|-weather|SunnyDay|[from] ability: Drought|[of] p2b: Charizard
|move|p2a: Whimsicott|Tailwind|p2a: Whimsicott
|-sidestart|p2: Luna_walking|move: Tailwind
|move|p2b: Charizard|Heat Wave|p1a: Incineroar|[spread] p1a,p1b
|-resisted|p1a: Incineroar|1
|-damage|p1a: Incineroar|76/100
|-damage|p1b: Sneasler|15/100
|move|p1a: Incineroar|Flare Blitz|p2a: Whimsicott
|-supereffective|p2a: Whimsicott|1
|-enditem|p2a: Whimsicott|Focus Sash
|-damage|p2a: Whimsicott|1/100
|-damage|p1a: Incineroar|53/100|[from] Recoil
|
|-weather|SunnyDay|[upkeep]
|-heal|p1a: Incineroar|59/100|[from] item: Leftovers
|upkeep
|turn|3
|
|t:|1786108038
|move|p1b: Sneasler|Fake Out|p2b: Charizard
|-crit|p2b: Charizard
|-damage|p2b: Charizard|80/100
|move|p2a: Whimsicott|Moonblast|p1a: Incineroar
|-damage|p1a: Incineroar|32/100
|cant|p2b: Charizard|flinch
|move|p1a: Incineroar|Parting Shot|p2b: Charizard
|-unboost|p2b: Charizard|atk|1
|-unboost|p2b: Charizard|spa|1
|
|t:|1786108048
|switch|p1a: Floette|Floette-Mega, L50, F|13/100|[from] Parting Shot
|-ability|p1a: Floette|Fairy Aura
|
|-weather|SunnyDay|[upkeep]
|upkeep
|turn|4
|
|t:|1786108056
|switch|p1b: Sinistcha|Sinistcha, L50, shiny|100/100
|-heal|p1a: Floette|38/100|[from] ability: Hospitality|[of] p1b: Sinistcha
|move|p1a: Floette|Protect|p1a: Floette
|-singleturn|p1a: Floette|Protect
|move|p2a: Whimsicott|Moonblast|p1b: Sinistcha
|-damage|p1b: Sinistcha|48/100
|-enditem|p1b: Sinistcha|Sitrus Berry|[eat]
|-heal|p1b: Sinistcha|73/100|[from] item: Sitrus Berry
|move|p2b: Charizard|Weather Ball|p1a: Floette
|-activate|p1a: Floette|move: Protect
|
|-weather|SunnyDay|[upkeep]
|upkeep
|turn|5
|
|t:|1786108078
|switch|p1a: Incineroar|Incineroar, L50, M, shiny|32/100
|-ability|p1a: Incineroar|Intimidate|boost
|-unboost|p2a: Whimsicott|atk|1
|-unboost|p2b: Charizard|atk|1
|move|p2a: Whimsicott|Protect|p2a: Whimsicott
|-singleturn|p2a: Whimsicott|Protect
|move|p1b: Sinistcha|Protect|p1b: Sinistcha
|-singleturn|p1b: Sinistcha|Protect
|move|p2b: Charizard|Heat Wave|p1b: Sinistcha|[spread] p1a
|-activate|p1b: Sinistcha|move: Protect
|-resisted|p1a: Incineroar|1
|-damage|p1a: Incineroar|18/100
|
|-weather|SunnyDay|[upkeep]
|-heal|p1a: Incineroar|24/100|[from] item: Leftovers
|-sideend|p2: Luna_walking|move: Tailwind
|upkeep
|turn|6
|
|t:|1786108093
|switch|p2a: Garchomp|Garchomp, L50, M|100/100
|switch|p1b: Sneasler|Sneasler, L50, M, shiny|15/100
|move|p1a: Incineroar|Fake Out|p2a: Garchomp
|-damage|p2a: Garchomp|89/100
|-damage|p1a: Incineroar|11/100|[from] ability: Rough Skin|[of] p2a: Garchomp
|move|p2b: Charizard|Heat Wave|p1a: Incineroar|[spread] p1a,p1b
|-resisted|p1a: Incineroar|1
|-damage|p1a: Incineroar|0 fnt
|-damage|p1b: Sneasler|0 fnt
|faint|p1a: Incineroar
|faint|p1b: Sneasler
|
|-weather|none
|upkeep
|
|t:|1786108106
|switch|p1b: Sinistcha|Sinistcha, L50, shiny|73/100
|switch|p1a: Floette|Floette-Mega, L50, F|38/100
|-ability|p1a: Floette|Fairy Aura
|-heal|p1a: Floette|62/100|[from] ability: Hospitality|[of] p1b: Sinistcha
|turn|7
|
|t:|1786108128
|switch|p2b: Whimsicott|Whimsicott, L50, M|1/100
|move|p1a: Floette|Draining Kiss|p2a: Garchomp
|-supereffective|p2a: Garchomp|1
|-damage|p2a: Garchomp|1/100
|-heal|p1a: Floette|100/100|[from] drain|[of] p2a: Garchomp
|-damage|p1a: Floette|88/100|[from] ability: Rough Skin|[of] p2a: Garchomp
|move|p2a: Garchomp|Earthquake|p1b: Sinistcha|[spread] p2b,p1a,p1b
|-resisted|p2b: Whimsicott|1
|-resisted|p1b: Sinistcha|1
|-damage|p2b: Whimsicott|0 fnt
|-damage|p1a: Floette|19/100
|-damage|p1b: Sinistcha|55/100
|faint|p2b: Whimsicott
|-damage|p2a: Garchomp|0 fnt|[from] item: Life Orb
|faint|p2a: Garchomp
|move|p1b: Sinistcha|Matcha Gotcha|p2: Garchomp|[notarget]
|-fail|p1b: Sinistcha
|
|upkeep
|
|t:|1786108144
|switch|p2b: Charizard|Charizard-Mega-Y, L50, F|80/100
|-weather|SunnyDay|[from] ability: Drought|[of] p2b: Charizard
|turn|8
|
|t:|1786108156
|move|p1a: Floette|Dazzling Gleam|p2b: Charizard
|-resisted|p2b: Charizard|1
|-damage|p2b: Charizard|51/100
|move|p2b: Charizard|Heat Wave|p1b: Sinistcha|[spread] p1a
|-miss|p2b: Charizard|p1b: Sinistcha
|-damage|p1a: Floette|0 fnt
|faint|p1a: Floette
|move|p1b: Sinistcha|Matcha Gotcha|p2b: Charizard
|-resisted|p2b: Charizard|2
|-damage|p2b: Charizard|43/100
|-heal|p1b: Sinistcha|59/100|[from] drain|[of] p2b: Charizard
|
|-weather|SunnyDay|[upkeep]
|upkeep
|turn|9
|
|t:|1786108172
|move|p2b: Charizard|Weather Ball|p1b: Sinistcha
|-supereffective|p1b: Sinistcha|1
|-damage|p1b: Sinistcha|0 fnt
|faint|p1b: Sinistcha
|
|win|Luna_walking
