|j|☆daikyh
|j|☆DilluVGC
|html|daikyhDilluVGC    
|uhtml|bestof|Game 2 of a best-of-3
|t:|1784054602
|gametype|doubles
|player|p1|daikyh|169|1273
|player|p2|DilluVGC|byron|1172
|gen|9
|tier|[Gen 9 Champions] VGC 2026 Reg M-B (Bo3)
|rated|
|rule|Species Clause: Limit one of each Pokémon
|rule|Item Clause: Limit 1 of each item
|clearpoke
|poke|p1|Charizard, L50, M|
|poke|p1|Garchomp, L50, F, shiny|
|poke|p1|Incineroar, L50, F, shiny|
|poke|p1|Annihilape, L50, F|
|poke|p1|Toxapex, L50, M|
|poke|p1|Venusaur, L50, F|
|poke|p2|Delphox, L50, M|
|poke|p2|Sneasler, L50, F|
|poke|p2|Incineroar, L50, M|
|poke|p2|Sinistcha, L50|
|poke|p2|Blastoise, L50, F|
|poke|p2|Kingambit, L50, M, shiny|
|teampreview|4
|showteam|p1|Charizard||CharizarditeY|SolarPower|WeatherBall,HeatWave,Protect,HelpingHand|Modest||M|||50|]Garchomp||ChoiceScarf|RoughSkin|RockSlide,Earthquake,StompingTantrum,DragonClaw|Adamant||F|||50|]Incineroar||SitrusBerry|Intimidate|PartingShot,FakeOut,FlareBlitz,ThroatChop|Careful||F|||50|]Annihilape||FocusSash|Defiant|RageFist,Protect,CloseCombat,StoneEdge|Jolly||F|||50|]Toxapex||Leftovers|Regenerator|BanefulBunker,Infestation,Toxic,WideGuard|Bold||M|||50|]Venusaur||LifeOrb|Chlorophyll|LeafStorm,Protect,SludgeBomb,EarthPower|Modest||F|||50|
|showteam|p2|Delphox||Delphoxite|Blaze|HeatWave,Psyshock,NastyPlot,Protect|Timid||M|||50|]Sneasler||FocusSash|PoisonTouch|QuickGuard,FakeOut,PoisonJab,CloseCombat|Jolly||F|||50|]Incineroar||SitrusBerry|Intimidate|FakeOut,PartingShot,HelpingHand,FlareBlitz|Impish||M|||50|]Sinistcha||OccaBerry|Hospitality|MatchaGotcha,RagePowder,TrickRoom,Protect|Bold|||||50|]Blastoise||Blastoisinite|RainDish|WaterSpout,DarkPulse,ShellSmash,Protect|Modest||F|||50|]Kingambit||BlackGlasses|Defiant|Protect,SwordsDance,KowtowCleave,SuckerPunch|Adamant||M|||50|
|
|t:|1784054624
|teamsize|p1|4
|teamsize|p2|4
|start
|switch|p1a: Annihilape|Annihilape, L50, F|100/100
|switch|p1b: Toxapex|Toxapex, L50, M|100/100
|switch|p2a: The Hangman|Kingambit, L50, M, shiny|100/100
|switch|p2b: Maj. Warren|Sneasler, L50, F|100/100
|turn|1
|
|t:|1784054644
|move|p1a: Annihilape|Protect|p1a: Annihilape
|-singleturn|p1a: Annihilape|Protect
|move|p1b: Toxapex|Baneful Bunker|p1b: Toxapex
|-singleturn|p1b: Toxapex|move: Protect
|move|p2a: The Hangman|Sucker Punch||[still]
|-fail|p2a: The Hangman
|move|p2b: Maj. Warren|Poison Jab|p1a: Annihilape
|-activate|p1a: Annihilape|move: Protect
|
|upkeep
|turn|2
|
|t:|1784054662
|move|p2a: The Hangman|Sucker Punch|p1a: Annihilape
|-damage|p1a: Annihilape|44/100
|move|p2b: Maj. Warren|Poison Jab|p1a: Annihilape
|-resisted|p1a: Annihilape|1
|-damage|p1a: Annihilape|21/100
|move|p1a: Annihilape|Close Combat|p2a: The Hangman
|-supereffective|p2a: The Hangman|2
|-damage|p2a: The Hangman|0 fnt
|-unboost|p1a: Annihilape|def|1
|-unboost|p1a: Annihilape|spd|1
|faint|p2a: The Hangman
|move|p1b: Toxapex|Infestation|p2b: Maj. Warren
|-resisted|p2b: Maj. Warren|2
|-damage|p2b: Maj. Warren|99/100
|-activate|p2b: Maj. Warren|move: Infestation|[of] p1b: Toxapex
|
|-damage|p2b: Maj. Warren|87/100|[from] move: Infestation|[partiallytrapped]
|upkeep
|
|t:|1784054678
|switch|p2a: Domergue|Delphox, L50, M|100/100
|turn|3
|
|t:|1784054690
|detailschange|p2a: Domergue|Delphox-Mega, L50, M
|-mega|p2a: Domergue|Delphox|Delphoxite
|move|p1a: Annihilape|Protect|p1a: Annihilape
|-singleturn|p1a: Annihilape|Protect
|move|p2a: Domergue|Nasty Plot|p2a: Domergue
|-boost|p2a: Domergue|spa|2
|move|p2b: Maj. Warren|Poison Jab|p1a: Annihilape
|-activate|p1a: Annihilape|move: Protect
|move|p1b: Toxapex|Toxic|p2a: Domergue
|-status|p2a: Domergue|tox
|
|-damage|p2a: Domergue|94/100 tox|[from] psn
|-damage|p2b: Maj. Warren|75/100|[from] move: Infestation|[partiallytrapped]
|upkeep
|turn|4
|
|t:|1784054715
|move|p1b: Toxapex|Baneful Bunker|p1b: Toxapex
|-singleturn|p1b: Toxapex|move: Protect
|move|p2a: Domergue|Psyshock|p1b: Toxapex
|-activate|p1b: Toxapex|move: Protect
|move|p2b: Maj. Warren|Poison Jab|p1a: Annihilape
|-resisted|p1a: Annihilape|1
|-damage|p1a: Annihilape|0 fnt
|faint|p1a: Annihilape
|
|-damage|p2a: Domergue|82/100 tox|[from] psn
|-damage|p2b: Maj. Warren|63/100|[from] move: Infestation|[partiallytrapped]
|upkeep
|
|t:|1784054729
|switch|p1a: Charizard|Charizard, L50, M|100/100
|turn|5
|
|t:|1784054766
|detailschange|p1a: Charizard|Charizard-Mega-Y, L50, M
|-mega|p1a: Charizard|Charizard|Charizardite Y
|-weather|SunnyDay|[from] ability: Drought|[of] p1a: Charizard
|move|p2a: Domergue|Psyshock|p1b: Toxapex
|-supereffective|p1b: Toxapex|1
|-damage|p1b: Toxapex|0 fnt
|faint|p1b: Toxapex
|move|p2b: Maj. Warren|Poison Jab|p1a: Charizard
|-damage|p1a: Charizard|56/100
|-status|p1a: Charizard|psn
|move|p1a: Charizard|Weather Ball|p2a: Domergue
|-resisted|p2a: Domergue|1
|-damage|p2a: Domergue|44/100 tox
|
|-weather|SunnyDay|[upkeep]
|-damage|p2a: Domergue|26/100 tox|[from] psn
|-damage|p1a: Charizard|44/100 psn|[from] psn
|-end|p2b: Maj. Warren|Infestation|[partiallytrapped]|[silent]
|upkeep
|
|t:|1784054781
|switch|p1b: Venusaur|Venusaur, L50, F|100/100
|turn|6
|
|t:|1784054794
|switch|p2b: Chris Mannix|Incineroar, L50, M|100/100
|-ability|p2b: Chris Mannix|Intimidate|boost
|-unboost|p1a: Charizard|atk|1
|-unboost|p1b: Venusaur|atk|1
|move|p1b: Venusaur|Protect|p1b: Venusaur
|-singleturn|p1b: Venusaur|Protect
|move|p2a: Domergue|Protect|p2a: Domergue
|-singleturn|p2a: Domergue|Protect
|move|p1a: Charizard|Protect||[still]
|-fail|p1a: Charizard
|
|-weather|SunnyDay|[upkeep]
|-damage|p2a: Domergue|2/100 tox|[from] psn
|-damage|p1a: Charizard|32/100 psn|[from] psn
|upkeep
|turn|7
|
|t:|1784054816
|move|p1b: Venusaur|Protect||[still]
|-fail|p1b: Venusaur
|move|p2b: Chris Mannix|Fake Out|p1b: Venusaur
|-damage|p1b: Venusaur|84/100
|move|p2a: Domergue|Psyshock|p1b: Venusaur
|-supereffective|p1b: Venusaur|1
|-damage|p1b: Venusaur|0 fnt
|faint|p1b: Venusaur
|move|p1a: Charizard|Heat Wave|p2b: Chris Mannix|[spread] p2a,p2b
|-resisted|p2a: Domergue|1
|-resisted|p2b: Chris Mannix|1
|-damage|p2a: Domergue|0 fnt
|-damage|p2b: Chris Mannix|68/100
|faint|p2a: Domergue
|
|-weather|SunnyDay|[upkeep]
|-damage|p1a: Charizard|19/100 psn|[from] psn
|upkeep
|-message|daikyh forfeited.
|
|win|DilluVGC
|l|☆daikyh
|player|p1|
||daikyh is ready for game 3.
