|j|☆nanum56770
|j|☆odio esta reg
|html|nanum56770odio esta reg    
|uhtml|bestof|Game 1 of a best-of-3
|t:|1785491432
|gametype|doubles
|player|p1|nanum56770|170|1066
|player|p2|odio esta reg|101|1041
|gen|9
|tier|[Gen 9 Champions] VGC 2026 Reg M-B (Bo3)
|rated|
|rule|Species Clause: Limit one of each Pokémon
|rule|Item Clause: Limit 1 of each item
|clearpoke
|poke|p1|Ceruledge, L50, F|
|poke|p1|Malamar, L50, F|
|poke|p1|Milotic, L50, M|
|poke|p1|Farigiraf, L50, M|
|poke|p1|Sableye, L50, M|
|poke|p1|Basculegion, L50, M|
|poke|p2|Charizard, L50, F|
|poke|p2|Garchomp, L50, M|
|poke|p2|Incineroar, L50, M|
|poke|p2|Venusaur, L50, F|
|poke|p2|Toxapex, L50, F|
|poke|p2|Sylveon, L50, F|
|teampreview|4
|showteam|p1|Ceruledge||FocusSash|FlashFire|ShadowSneak,Protect,BulkUp,BitterBlade|Jolly||F|||50|]Malamar||Malamarite|Contrary|Superpower,PsychoCut,FoulPlay,Protect|Sassy||F|||50|]Milotic||Leftovers|Competitive|Coil,Hypnosis,Scald,Recover|Bold||M|||50|]Farigiraf||SitrusBerry|ArmorTail|Thunderbolt,Psychic,TrickRoom,HyperVoice|Quiet||M|||50|]Sableye||MentalHerb|Prankster|WillOWisp,Taunt,LightScreen,Reflect|Relaxed||M|||50|]Basculegion||QuickClaw|Adaptability|Protect,WaveCrash,AquaJet,LastRespects|Hasty||M|||50|
|showteam|p2|Charizard||CharizarditeY|SolarPower|WeatherBall,HeatWave,AncientPower,Protect|Modest||F|||50|]Garchomp||ChoiceScarf|RoughSkin|RockSlide,DragonClaw,Earthquake,StompingTantrum|Adamant||M|||50|]Incineroar||SitrusBerry|Intimidate|FlareBlitz,FakeOut,DarkestLariat,PartingShot|Impish||M|||50|]Venusaur||LifeOrb|Chlorophyll|SludgeBomb,LeafStorm,EarthPower,Protect|Modest||F|||50|]Toxapex||Leftovers|Regenerator|Infestation,Toxic,WideGuard,BanefulBunker|Bold||F|||50|]Sylveon||FairyFeather|Pixilate|HyperVoice,QuickAttack,Yawn,Detect|Modest||F|||50|
|inactive|Battle timer is ON: inactive players will automatically lose when time's up. (requested by odio esta reg)
|inactive|nanum56770 also wants the timer to be on.
|inactive|odio esta reg has 60 seconds left.
|inactive|odio esta reg has 30 seconds left.
|
|t:|1785491497
|teamsize|p1|4
|teamsize|p2|4
|start
|switch|p1a: Farigiraf|Farigiraf, L50, M|100/100
|switch|p1b: Ceruledge|Ceruledge, L50, F|100/100
|switch|p2a: Incineroar|Incineroar, L50, M|100/100
|switch|p2b: Toxapex|Toxapex, L50, F|100/100
|-ability|p2a: Incineroar|Intimidate|boost
|-unboost|p1a: Farigiraf|atk|1
|-unboost|p1b: Ceruledge|atk|1
|turn|1
|inactive|nanum56770 has 30 seconds left.
|inactive|nanum56770 has 20 seconds left.
|
|t:|1785491535
|move|p1b: Ceruledge|Bulk Up|p1b: Ceruledge
|-boost|p1b: Ceruledge|atk|1
|-boost|p1b: Ceruledge|def|1
|move|p2a: Incineroar|Darkest Lariat|p1b: Ceruledge
|-supereffective|p1b: Ceruledge|1
|-damage|p1b: Ceruledge|8/100
|move|p1a: Farigiraf|Hyper Voice|p2b: Toxapex|[spread] p2a,p2b
|-crit|p2b: Toxapex
|-damage|p2a: Incineroar|69/100
|-damage|p2b: Toxapex|59/100
|move|p2b: Toxapex|Infestation|p1a: Farigiraf
|-supereffective|p1a: Farigiraf|1
|-damage|p1a: Farigiraf|94/100
|-activate|p1a: Farigiraf|move: Infestation|[of] p2b: Toxapex
|
|-heal|p2b: Toxapex|64/100|[from] item: Leftovers
|-damage|p1a: Farigiraf|82/100|[from] move: Infestation|[partiallytrapped]
|upkeep
|turn|2
|inactive|nanum56770 has 30 seconds left.
|inactive|odio esta reg has 30 seconds left.
|
|t:|1785491569
|move|p2b: Toxapex|Baneful Bunker|p2b: Toxapex
|-singleturn|p2b: Toxapex|move: Protect
|move|p1b: Ceruledge|Bitter Blade|p2b: Toxapex
|-activate|p2b: Toxapex|move: Protect
|-status|p1b: Ceruledge|psn
|move|p2a: Incineroar|Darkest Lariat|p1a: Farigiraf
|-supereffective|p1a: Farigiraf|1
|-damage|p1a: Farigiraf|11/100
|-enditem|p1a: Farigiraf|Sitrus Berry|[eat]
|-heal|p1a: Farigiraf|35/100|[from] item: Sitrus Berry
|move|p1a: Farigiraf|Hyper Voice|p2b: Toxapex|[spread] p2a
|-activate|p2b: Toxapex|move: Protect
|-damage|p2a: Incineroar|39/100
|-enditem|p2a: Incineroar|Sitrus Berry|[eat]
|-heal|p2a: Incineroar|64/100|[from] item: Sitrus Berry
|
|-heal|p2b: Toxapex|70/100|[from] item: Leftovers
|-damage|p1b: Ceruledge|0 fnt|[from] psn
|faint|p1b: Ceruledge
|-damage|p1a: Farigiraf|23/100|[from] move: Infestation|[partiallytrapped]
|upkeep
|
|t:|1785491581
|switch|p1b: Malamar|Malamar, L50, F|100/100
|turn|3
|inactive|odio esta reg has 30 seconds left.
|
|t:|1785491609
|detailschange|p1b: Malamar|Malamar-Mega, L50, F
|-mega|p1b: Malamar|Malamar|Malamarite
|move|p1b: Malamar|Protect|p1b: Malamar
|-singleturn|p1b: Malamar|Protect
|move|p2a: Incineroar|Darkest Lariat|p1a: Farigiraf
|-supereffective|p1a: Farigiraf|1
|-damage|p1a: Farigiraf|0 fnt
|faint|p1a: Farigiraf
|move|p2b: Toxapex|Infestation|p1b: Malamar
|-activate|p1b: Malamar|move: Protect
|
|-heal|p2b: Toxapex|76/100|[from] item: Leftovers
|upkeep
|
|t:|1785491620
|switch|p1a: Basculegion|Basculegion, L50, M|100/100
|turn|4
|
|t:|1785491644
|move|p1a: Basculegion|Last Respects|p2b: Toxapex
|-damage|p2b: Toxapex|17/100
|move|p1b: Malamar|Superpower|p2a: Incineroar
|-supereffective|p2a: Incineroar|1
|-damage|p2a: Incineroar|17/100
|-boost|p1b: Malamar|atk|1
|-boost|p1b: Malamar|def|1
|move|p2a: Incineroar|Darkest Lariat|p1a: Basculegion
|-supereffective|p1a: Basculegion|1
|-damage|p1a: Basculegion|7/100
|move|p2b: Toxapex|Infestation|p1b: Malamar
|-supereffective|p1b: Malamar|2
|-damage|p1b: Malamar|91/100
|-activate|p1b: Malamar|move: Infestation|[of] p2b: Toxapex
|
|-heal|p2b: Toxapex|23/100|[from] item: Leftovers
|-damage|p1b: Malamar|79/100|[from] move: Infestation|[partiallytrapped]
|upkeep
|turn|5
|inactive|nanum56770 has 30 seconds left.
|
|t:|1785491671
|move|p2b: Toxapex|Baneful Bunker|p2b: Toxapex
|-singleturn|p2b: Toxapex|move: Protect
|move|p1a: Basculegion|Aqua Jet|p2a: Incineroar
|-supereffective|p2a: Incineroar|1
|-damage|p2a: Incineroar|0 fnt
|faint|p2a: Incineroar
|move|p1b: Malamar|Superpower|p2b: Toxapex
|-activate|p2b: Toxapex|move: Protect
|-status|p1b: Malamar|psn
|
|-heal|p2b: Toxapex|29/100|[from] item: Leftovers
|-damage|p1b: Malamar|66/100 psn|[from] psn
|-damage|p1b: Malamar|54/100 psn|[from] move: Infestation|[partiallytrapped]
|upkeep
|
|t:|1785491685
|switch|p2a: Charizard|Charizard, L50, F|100/100
|turn|6
|
|t:|1785491702
|move|p2a: Charizard|Protect|p2a: Charizard
|-singleturn|p2a: Charizard|Protect
|move|p1a: Basculegion|Wave Crash|p2a: Charizard
|-activate|p2a: Charizard|move: Protect
|move|p1b: Malamar|Psycho Cut|p2b: Toxapex
|-supereffective|p2b: Toxapex|1
|-damage|p2b: Toxapex|0 fnt
|faint|p2b: Toxapex
|
|-damage|p1b: Malamar|41/100 psn|[from] psn
|-end|p1b: Malamar|Infestation|[partiallytrapped]|[silent]
|upkeep
|
|t:|1785491709
|switch|p2b: Venusaur|Venusaur, L50, F|100/100
|turn|7
|-activate|p1a: Basculegion|item: Quick Claw
|
|t:|1785491729
|detailschange|p2a: Charizard|Charizard-Mega-Y, L50, F
|-mega|p2a: Charizard|Charizard|Charizardite Y
|-weather|SunnyDay|[from] ability: Drought|[of] p2a: Charizard
|move|p1a: Basculegion|Wave Crash|p2a: Charizard
|-supereffective|p2a: Charizard|1
|-damage|p2a: Charizard|35/100
|-damage|p1a: Basculegion|0 fnt|[from] Recoil
|faint|p1a: Basculegion
|move|p2b: Venusaur|Earth Power|p1b: Malamar
|-damage|p1b: Malamar|21/100 psn
|-boost|p1b: Malamar|spd|1
|-damage|p2b: Venusaur|90/100|[from] item: Life Orb
|move|p2a: Charizard|Weather Ball|p1b: Malamar
|-damage|p1b: Malamar|0 fnt
|faint|p1b: Malamar
|
|win|odio esta reg
