|j|Ōśånemadevil
|j|ŌśåSerendepityz
|html|nemadevilSerendepityz    
|uhtml|bestof|Game 2 of a best-of-3
|t:|1782487620
|gametype|doubles
|player|p1|nemadevil|102|1187
|player|p2|Serendepityz|265|1263
|gen|9
|tier|[Gen 9 Champions] VGC 2026 Reg M-B (Bo3)
|rated|
|rule|Species Clause: Limit one of each Pok├®mon
|rule|Item Clause: Limit 1 of each item
|clearpoke
|poke|p1|Swampert, L50, M|
|poke|p1|Pelipper, L50, F, shiny|
|poke|p1|Dragonite, L50, M|
|poke|p1|Archaludon, L50, M|
|poke|p1|Tsareena, L50, F, shiny|
|poke|p1|Incineroar, L50, F|
|poke|p2|Swampert, L50, M|
|poke|p2|Maushold, L50|
|poke|p2|Sinistcha, L50|
|poke|p2|Archaludon, L50, M|
|poke|p2|Sylveon, L50, F|
|poke|p2|Pelipper, L50, F|
|teampreview|4
|showteam|p1|Swampert||Swampertite|Torrent|WaveCrash,HighHorsepower,Protect,Earthquake|Adamant||M|||50|]Pelipper||FocusSash|Drizzle|WeatherBall,Hurricane,Protect,Tailwind|Modest||F|||50|]Dragonite||LifeOrb|InnerFocus|Hurricane,DracoMeteor,Protect,Tailwind|Timid||M|||50|]Archaludon||Magnet|Sturdy|ElectroShot,DracoMeteor,Protect,FlashCannon|Timid||M|||50|]Tsareena||KebiaBerry|QueenlyMajesty|TropKick,KnockOff,Protect,Taunt|Adamant||F|||50|]Incineroar||SitrusBerry|Intimidate|FakeOut,DarkestLariat,Taunt,PartingShot|Careful||F|||50|
|showteam|p2|Swampert||Swampertite|Damp|WaveCrash,HighHorsepower,IcePunch,Protect|Adamant||M|||50|]Maushold||FocusSash|FriendGuard|SuperFang,FollowMe,RainDance,Protect|Timid|||||50|]Sinistcha||KasibBerry|Hospitality|MatchaGotcha,RagePowder,Imprison,TrickRoom|Bold|||||50|]Archaludon||Leftovers|Stamina|ElectroShot,DragonPulse,FlashCannon,Protect|Calm||M|||50|]Sylveon||FairyFeather|Pixilate|HyperVoice,HyperBeam,CalmMind,Protect|Modest||F|||50|]Pelipper||SitrusBerry|Drizzle|Hurricane,WeatherBall,Tailwind,WideGuard|Bold||F|||50|
|inactive|Battle timer is ON: inactive players will automatically lose when time's up. (requested by Serendepityz)
|
|t:|1782487636
|teamsize|p1|4
|teamsize|p2|4
|start
|switch|p1a: Incineroar|Incineroar, L50, F|100/100
|switch|p1b: Dragonite|Dragonite, L50, M|100/100
|switch|p2a: Maushold|Maushold, L50|100/100
|switch|p2b: Archaludon|Archaludon, L50, M|100/100
|-ability|p1a: Incineroar|Intimidate|boost
|-unboost|p2a: Maushold|atk|1
|-unboost|p2b: Archaludon|atk|1
|turn|1
|
|t:|1782487658
|move|p2a: Maushold|Protect|p2a: Maushold
|-singleturn|p2a: Maushold|Protect
|move|p1a: Incineroar|Fake Out|p2a: Maushold
|-activate|p2a: Maushold|move: Protect
|move|p1b: Dragonite|Tailwind|p1b: Dragonite
|-sidestart|p1: nemadevil|move: Tailwind
|move|p2b: Archaludon|Electro Shot||[still]
|-prepare|p2b: Archaludon|Electro Shot
|-boost|p2b: Archaludon|spa|1
|
|upkeep
|turn|2
|inactive|Serendepityz has 30 seconds left.
|
|t:|1782487688
|move|p2a: Maushold|Follow Me|p2a: Maushold
|-singleturn|p2a: Maushold|move: Follow Me
|move|p1b: Dragonite|Draco Meteor|p2a: Maushold
|-crit|p2a: Maushold
|-enditem|p2a: Maushold|Focus Sash
|-damage|p2a: Maushold|1/100
|-unboost|p1b: Dragonite|spa|2
|-damage|p1b: Dragonite|90/100|[from] item: Life Orb
|move|p1a: Incineroar|Parting Shot|p2a: Maushold
|-unboost|p2a: Maushold|atk|1
|-unboost|p2a: Maushold|spa|1
|
|t:|1782487701
|switch|p1a: Swampert|Swampert, L50, M|100/100|[from] Parting Shot
|move|p2b: Archaludon|Electro Shot|p1b: Dragonite|[from] lockedmove
|-damage|p1b: Dragonite|26/100
|
|upkeep
|turn|3
|
|t:|1782487716
|detailschange|p1a: Swampert|Swampert-Mega, L50, M
|-mega|p1a: Swampert|Swampert|Swampertite
|move|p2a: Maushold|Protect|p2a: Maushold
|-singleturn|p2a: Maushold|Protect
|move|p1b: Dragonite|Draco Meteor|p2b: Archaludon|[miss]
|-miss|p1b: Dragonite|p2b: Archaludon
|move|p1a: Swampert|Earthquake|p2a: Maushold|[spread] p2b
|-activate|p2a: Maushold|move: Protect
|-immune|p1b: Dragonite
|-supereffective|p2b: Archaludon|1
|-damage|p2b: Archaludon|48/100
|-ability|p2b: Archaludon|Stamina|boost
|-boost|p2b: Archaludon|def|1
|move|p2b: Archaludon|Dragon Pulse|p1a: Swampert
|-damage|p1a: Swampert|45/100
|
|-heal|p2b: Archaludon|54/100|[from] item: Leftovers
|upkeep
|turn|4
|inactive|nemadevil has 30 seconds left.
|inactive|Serendepityz has 30 seconds left.
|
|t:|1782487751
|switch|p2a: Sinistcha|Sinistcha, L50|100/100
|-heal|p2b: Archaludon|79/100|[from] ability: Hospitality|[of] p2a: Sinistcha
|move|p1a: Swampert|Protect|p1a: Swampert
|-singleturn|p1a: Swampert|Protect
|move|p2b: Archaludon|Protect|p2b: Archaludon
|-singleturn|p2b: Archaludon|Protect
|move|p1b: Dragonite|Draco Meteor|p2b: Archaludon
|-activate|p2b: Archaludon|move: Protect
|
|-heal|p2b: Archaludon|85/100|[from] item: Leftovers
|-sideend|p1: nemadevil|move: Tailwind
|upkeep
|turn|5
|
|t:|1782487768
|switch|p1a: Incineroar|Incineroar, L50, F|100/100
|-ability|p1a: Incineroar|Intimidate|boost
|-unboost|p2a: Sinistcha|atk|1
|-unboost|p2b: Archaludon|atk|1
|move|p1b: Dragonite|Draco Meteor|p2b: Archaludon
|-crit|p2b: Archaludon
|-damage|p2b: Archaludon|0 fnt
|-unboost|p1b: Dragonite|spa|2
|faint|p2b: Archaludon
|-damage|p1b: Dragonite|17/100|[from] item: Life Orb
|move|p2a: Sinistcha|Trick Room|p2a: Sinistcha
|-fieldstart|move: Trick Room|[of] p2a: Sinistcha
|
|upkeep
|c|ŌśåSerendepityz|brother
|c|ŌśåSerendepityz|c
|c|ŌśåSerendepityz|ome on
|c|Ōśånemadevil|xd
|
|t:|1782487787
|switch|p2b: Swampert|Swampert, L50, M|100/100
|turn|6
|c|Ōśånemadevil|i missed one earlier tho
|c|ŌśåSerendepityz|crit is 4x dmg
|c|ŌśåSerendepityz|land both he doesnt die
|inactive|Serendepityz has 30 seconds left.
|inactive|Serendepityz has 20 seconds left.
|c|Ōśånemadevil|yea i was doubling with earthquake if it hit
|inactive|Serendepityz has 15 seconds left.
|
|t:|1782487830
|detailschange|p2b: Swampert|Swampert-Mega, L50, M
|-mega|p2b: Swampert|Swampert|Swampertite
|move|p1a: Incineroar|Taunt|p2a: Sinistcha
|-start|p2a: Sinistcha|move: Taunt
|move|p2b: Swampert|High Horsepower|p1a: Incineroar|[miss]
|-miss|p2b: Swampert|p1a: Incineroar
|move|p2a: Sinistcha|Matcha Gotcha|p1a: Incineroar|[spread] p1a,p1b
|-resisted|p1a: Incineroar|1
|-resisted|p1b: Dragonite|2
|-damage|p1a: Incineroar|89/100
|-damage|p1b: Dragonite|10/100
|move|p1b: Dragonite|Hurricane|p2a: Sinistcha
|-supereffective|p2a: Sinistcha|1
|-crit|p2a: Sinistcha
|-damage|p2a: Sinistcha|0 fnt
|faint|p2a: Sinistcha
|-damage|p1b: Dragonite|1/100|[from] item: Life Orb
|
|upkeep
|c|Ōśånemadevil|just wanted chip
|c|Ōśånemadevil|XDDDD
|-message|Serendepityz forfeited.
|
|win|nemadevil
|raw|nemadevil's rating: 1187 → 1217(+30 for winning)
|raw|Serendepityz's rating: 1263 → 1233(-30 for losing)
|l|ŌśåSerendepityz
|player|p2|
|l|Ōśånemadevil
|player|p1|
|j|Ōśånemadevil
|player|p1|nemadevil|102|
