|j|☆Hayz27727282828
|j|☆Refanner
|html|Hayz27727282828Refanner    
|uhtml|bestof|Game 2 of a best-of-3
|t:|1756745181
|gametype|doubles
|player|p1|Hayz27727282828|102|1182
|player|p2|Refanner|102|1191
|gen|9
|tier|[Gen 9] VGC 2025 Reg H (Bo3)
|rated|
|rule|Species Clause: Limit one of each Pokémon
|rule|Item Clause: Limit 1 of each item
|clearpoke
|poke|p1|Tyranitar, L50, M|
|poke|p1|Rillaboom, L50, M|
|poke|p1|Volcarona, L50, F|
|poke|p1|Primarina, L50, M|
|poke|p1|Sneasler, L50, M|
|poke|p1|Baxcalibur, L50, M|
|poke|p2|Garchomp, L50, M|
|poke|p2|Incineroar, L50, F|
|poke|p2|Hydreigon, L50, M|
|poke|p2|Gholdengo, L50|
|poke|p2|Milotic, L50, F|
|poke|p2|Amoonguss, L50, F|
|teampreview|4
|showteam|p1|Tyranitar||FocusSash|SandStream|RockSlide,KnockOff,Taunt,Protect|||M|||50|,,,,,Ghost]Rillaboom||AssaultVest|GrassySurge|HighHorsepower,Uturn,GrassyGlide,FakeOut|||M|||50|,,,,,Fire]Volcarona||Leftovers|FlameBody|FieryDance,QuiverDance,GigaDrain,Protect|||F|||50|,,,,,Dragon]Primarina||ThroatSpray|LiquidVoice|Moonblast,HyperVoice,Haze,Protect|||M|||50|,,,,,Ground]Sneasler||GrassySeed|Unburden|CloseCombat,DireClaw,Acrobatics,Protect|||M|||50|,,,,,Dark]Baxcalibur||ClearAmulet|ThermalExchange|IceShard,GlaiveRush,Protect,IcicleCrash|||M|||50|,,,,,Water
|showteam|p2|Garchomp||LoadedDice|RoughSkin|ScaleShot,Earthquake,StompingTantrum,Protect|||M|||50|,,,,,Fire]Incineroar||SitrusBerry|Intimidate|FlareBlitz,KnockOff,PartingShot,FakeOut|||F|||50|,,,,,Grass]Hydreigon||SafetyGoggles|Levitate|Snarl,DracoMeteor,Tailwind,Protect|||M|||50|,,,,,Ghost]Gholdengo||MetalCoat|GoodasGold|MakeItRain,ShadowBall,NastyPlot,Protect||||||50|,,,,,Flying]Milotic||Leftovers|Competitive|IcyWind,Scald,Haze,Protect|||F|||50|,,,,,Grass]Amoonguss||CovertCloak|Regenerator|PollenPuff,Spore,RagePowder,Protect|||F|||50|,,,,,Fire
|inactive|Battle timer is ON: inactive players will automatically lose when time's up. (requested by Hayz27727282828)
|inactive|Refanner has 60 seconds left.
|
|t:|1756745221
|teamsize|p1|4
|teamsize|p2|4
|start
|switch|p1a: Volcarona|Volcarona, L50, F|100/100
|switch|p1b: Rillaboom|Rillaboom, L50, M|100/100
|switch|p2a: Garchomp|Garchomp, L50, M|100/100
|switch|p2b: Gholdengo|Gholdengo, L50|100/100
|-fieldstart|move: Grassy Terrain|[from] ability: Grassy Surge|[of] p1b: Rillaboom
|turn|1
|inactive|Refanner has 30 seconds left.
|inactive|Refanner has 20 seconds left.
|inactive|Refanner has 15 seconds left.
|inactive|Refanner has 10 seconds left.
|
|t:|1756745266
|move|p1b: Rillaboom|Fake Out|p2a: Garchomp
|-damage|p2a: Garchomp|86/100
|-damage|p1b: Rillaboom|88/100|[from] ability: Rough Skin|[of] p2a: Garchomp
|cant|p2a: Garchomp|flinch
|move|p1a: Volcarona|Quiver Dance|p1a: Volcarona
|-boost|p1a: Volcarona|spa|1
|-boost|p1a: Volcarona|spd|1
|-boost|p1a: Volcarona|spe|1
|move|p2b: Gholdengo|Nasty Plot|p2b: Gholdengo
|-boost|p2b: Gholdengo|spa|2
|
|-heal|p2a: Garchomp|92/100|[from] Grassy Terrain
|-heal|p1b: Rillaboom|94/100|[from] Grassy Terrain
|upkeep
|turn|2
|inactive|Refanner has 30 seconds left.
|inactive|Hayz27727282828 has 30 seconds left.
|inactive|Refanner has 20 seconds left.
|inactive|Refanner has 15 seconds left.
|
|t:|1756745310
|-terastallize|p2b: Gholdengo|Flying
|move|p1a: Volcarona|Protect|p1a: Volcarona
|-singleturn|p1a: Volcarona|Protect
|move|p1b: Rillaboom|Grassy Glide|p2a: Garchomp
|-damage|p2a: Garchomp|52/100
|-damage|p1b: Rillaboom|82/100|[from] ability: Rough Skin|[of] p2a: Garchomp
|move|p2a: Garchomp|Stomping Tantrum|p1a: Volcarona
|-activate|p1a: Volcarona|move: Protect
|move|p2b: Gholdengo|Make It Rain|p1b: Rillaboom|[spread] p1b
|-activate|p1a: Volcarona|move: Protect
|-damage|p1b: Rillaboom|0 fnt
|-unboost|p2b: Gholdengo|spa|1
|faint|p1b: Rillaboom
|
|-heal|p2a: Garchomp|58/100|[from] Grassy Terrain
|upkeep
|inactive|Hayz27727282828 has 30 seconds left.
|
|t:|1756745338
|switch|p1b: Tyranitar|Tyranitar, L50, M|100/100
|-weather|Sandstorm|[from] ability: Sand Stream|[of] p1b: Tyranitar
|turn|3
|inactive|Refanner has 30 seconds left.
|inactive|Refanner has 20 seconds left.
|inactive|Refanner has 15 seconds left.
|inactive|Refanner has 10 seconds left.
|inactive|Refanner has 5 seconds left.
|
|t:|1756745388
|-terastallize|p1b: Tyranitar|Ghost
|move|p1a: Volcarona|Fiery Dance|p2b: Gholdengo
|-damage|p2b: Gholdengo|42/100
|-boost|p1a: Volcarona|spa|1
|move|p2a: Garchomp|Stomping Tantrum|p1a: Volcarona
|-damage|p1a: Volcarona|49/100
|-status|p2a: Garchomp|brn|[from] ability: Flame Body|[of] p1a: Volcarona
|move|p2b: Gholdengo|Make It Rain|p1b: Tyranitar|[spread] p1a,p1b
|-resisted|p1a: Volcarona
|-damage|p1a: Volcarona|25/100
|-damage|p1b: Tyranitar|17/100
|-unboost|p2b: Gholdengo|spa|1
|move|p1b: Tyranitar|Rock Slide|p2b: Gholdengo|[spread] p2a,p2b
|-resisted|p2a: Garchomp
|-supereffective|p2b: Gholdengo
|-damage|p2a: Garchomp|40/100 brn
|-damage|p2b: Gholdengo|0 fnt
|faint|p2b: Gholdengo
|
|-weather|Sandstorm|[upkeep]
|-damage|p1a: Volcarona|19/100|[from] Sandstorm
|-damage|p1b: Tyranitar|11/100|[from] Sandstorm
|-heal|p1a: Volcarona|25/100|[from] Grassy Terrain
|-heal|p1a: Volcarona|32/100|[from] item: Leftovers
|-heal|p2a: Garchomp|46/100 brn|[from] Grassy Terrain
|-heal|p1b: Tyranitar|17/100|[from] Grassy Terrain
|-damage|p2a: Garchomp|40/100 brn|[from] brn
|upkeep
|inactive|Refanner has 30 seconds left.
|
|t:|1756745416
|switch|p2b: Incineroar|Incineroar, L50, F|100/100
|-ability|p2b: Incineroar|Intimidate|boost
|-unboost|p1a: Volcarona|atk|1
|-unboost|p1b: Tyranitar|atk|1
|turn|4
|
|t:|1756745436
|switch|p1b: Sneasler|Sneasler, L50, M|100/100
|-enditem|p1b: Sneasler|Grassy Seed
|-boost|p1b: Sneasler|def|1|[from] item: Grassy Seed
|move|p1a: Volcarona|Protect|p1a: Volcarona
|-singleturn|p1a: Volcarona|Protect
|move|p2b: Incineroar|Fake Out|p1a: Volcarona
|-activate|p1a: Volcarona|move: Protect
|move|p2a: Garchomp|Scale Shot|p1b: Sneasler
|-damage|p1b: Sneasler|91/100
|-crit|p1b: Sneasler
|-damage|p1b: Sneasler|71/100
|-damage|p1b: Sneasler|62/100
|-damage|p1b: Sneasler|54/100
|-crit|p1b: Sneasler
|-damage|p1b: Sneasler|35/100
|-hitcount|p1b: Sneasler|5
|-unboost|p2a: Garchomp|def|1
|-boost|p2a: Garchomp|spe|1
|
|-weather|Sandstorm|[upkeep]
|-damage|p1b: Sneasler|30/100|[from] Sandstorm
|-damage|p1a: Volcarona|25/100|[from] Sandstorm
|-damage|p2b: Incineroar|94/100|[from] Sandstorm
|-heal|p1b: Sneasler|35/100|[from] Grassy Terrain
|-heal|p2a: Garchomp|46/100 brn|[from] Grassy Terrain
|-heal|p1a: Volcarona|32/100|[from] Grassy Terrain
|-heal|p1a: Volcarona|38/100|[from] item: Leftovers
|-heal|p2b: Incineroar|100/100|[from] Grassy Terrain
|-damage|p2a: Garchomp|40/100 brn|[from] brn
|upkeep
|turn|5
|inactive|Hayz27727282828 has 30 seconds left.
|inactive|Refanner has 30 seconds left.
|inactive|Hayz27727282828 has 20 seconds left.
|inactive|Refanner has 20 seconds left.
|inactive|Hayz27727282828 has 15 seconds left.
|inactive|Refanner has 15 seconds left.
|inactive|Hayz27727282828 has 10 seconds left.
|inactive|Refanner has 10 seconds left.
|inactive|Refanner has 5 seconds left.
|
|t:|1756745491
|move|p1a: Volcarona|Protect||[still]
|-fail|p1a: Volcarona
|move|p1b: Sneasler|Dire Claw|p2a: Garchomp
|-resisted|p2a: Garchomp
|-damage|p2a: Garchomp|9/100 brn
|-damage|p1b: Sneasler|23/100|[from] ability: Rough Skin|[of] p2a: Garchomp
|move|p2a: Garchomp|Scale Shot|p1a: Volcarona
|-damage|p1a: Volcarona|29/100
|-damage|p1a: Volcarona|19/100
|-damage|p1a: Volcarona|11/100
|-damage|p1a: Volcarona|3/100
|-hitcount|p1a: Volcarona|4
|-unboost|p2a: Garchomp|def|1
|-boost|p2a: Garchomp|spe|1
|move|p2b: Incineroar|Flare Blitz|p1a: Volcarona
|-damage|p1a: Volcarona|0 fnt
|faint|p1a: Volcarona
|-damage|p2b: Incineroar|99/100|[from] Recoil
|
|-weather|Sandstorm|[upkeep]
|-damage|p1b: Sneasler|17/100|[from] Sandstorm
|-damage|p2b: Incineroar|94/100|[from] Sandstorm
|-heal|p1b: Sneasler|23/100|[from] Grassy Terrain
|-heal|p2a: Garchomp|15/100 brn|[from] Grassy Terrain
|-heal|p2b: Incineroar|99/100|[from] Grassy Terrain
|-damage|p2a: Garchomp|9/100 brn|[from] brn
|-fieldend|move: Grassy Terrain
|upkeep
|inactive|Hayz27727282828 has 30 seconds left.
|
|t:|1756745518
|switch|p1a: Tyranitar|Tyranitar, L50, M, tera:Ghost|17/100
|turn|6
|
|t:|1756745538
|move|p1b: Sneasler|Close Combat|p2b: Incineroar
|-supereffective|p2b: Incineroar
|-damage|p2b: Incineroar|0 fnt
|-unboost|p1b: Sneasler|def|1
|-unboost|p1b: Sneasler|spd|1
|faint|p2b: Incineroar
|move|p2a: Garchomp|Scale Shot|p1b: Sneasler
|-damage|p1b: Sneasler|10/100
|-damage|p1b: Sneasler|0 fnt
|faint|p1b: Sneasler
|-hitcount|p1: Sneasler|2
|-unboost|p2a: Garchomp|def|1
|-boost|p2a: Garchomp|spe|1
|move|p1a: Tyranitar|Rock Slide|p2a: Garchomp
|-resisted|p2a: Garchomp
|-damage|p2a: Garchomp|0 fnt
|faint|p2a: Garchomp
|
|-weather|Sandstorm|[upkeep]
|-damage|p1a: Tyranitar|11/100|[from] Sandstorm
|upkeep
|
|t:|1756745548
|switch|p2b: Hydreigon|Hydreigon, L50, M|100/100
|turn|7
|
|t:|1756745563
|move|p2b: Hydreigon|Snarl|p1a: Tyranitar
|-supereffective|p1a: Tyranitar
|-damage|p1a: Tyranitar|0 fnt
|faint|p1a: Tyranitar
|
|win|Refanner
||Refanner is ready for game 3.
||Hayz27727282828 is ready for game 3.
|uhtml|next|Next: Game 3 of 3
|l|☆Hayz27727282828
|player|p1|
