|j|☆CappoFeFe
|j|☆LaxIsLoveLaxIsLife
|html|CappoFeFeLaxIsLoveLaxIsLife    
|uhtml|bestof|Game 1 of a best-of-3
|t:|1784805426
|gametype|doubles
|player|p1|CappoFeFe|101|1281
|player|p2|LaxIsLoveLaxIsLife|bugcatcher-gen4dp|1228
|gen|9
|tier|[Gen 9 Champions] VGC 2026 Reg M-B (Bo3)
|rated|
|rule|Species Clause: Limit one of each Pokémon
|rule|Item Clause: Limit 1 of each item
|clearpoke
|poke|p1|Gardevoir, L50, F, shiny|
|poke|p1|Maushold-Four, L50, shiny|
|poke|p1|Torkoal, L50, M, shiny|
|poke|p1|Basculegion, L50, M|
|poke|p1|Venusaur, L50, M, shiny|
|poke|p1|Incineroar, L50, F, shiny|
|poke|p2|Floette-Eternal, L50, F|
|poke|p2|Raichu, L50, M|
|poke|p2|Sinistcha, L50|
|poke|p2|Weavile, L50, M|
|poke|p2|Ceruledge, L50, F|
|poke|p2|Milotic, L50, F|
|teampreview|4
|showteam|p1|Gardevoir||Gardevoirite|Synchronize|HyperVoice,Psyshock,TrickRoom,Protect|Modest||F|||50|]Maushold-Four||ChopleBerry|FriendGuard|SuperFang,AfterYou,FollowMe,Protect|Jolly|||||50|]Torkoal||Charcoal|Drought|Eruption,HeatWave,AncientPower,Protect|Quiet||M|||50|]Basculegion||MysticWater|Adaptability|WaveCrash,LastRespects,AquaJet,Protect|Adamant||M|||50|]Venusaur||FocusSash|Chlorophyll|SludgeBomb,EarthPower,SleepPowder,Protect|Modest||M|||50|]Incineroar||SitrusBerry|Intimidate|FakeOut,PartingShot,FlareBlitz,ThroatChop|Adamant||F|||50|
|showteam|p2|Floette-Eternal||Floettite|FlowerVeil|Protect,DrainingKiss,DazzlingGleam,CalmMind|Modest||F|||50|]Raichu||RaichuniteY|LightningRod|ZapCannon,FocusBlast,Protect,FakeOut|Timid||M|||50|]Sinistcha||KasibBerry|Hospitality|MatchaGotcha,LifeDew,Protect,RagePowder|Relaxed|||||50|]Weavile||FocusSash|Pickpocket|KnockOff,TripleAxel,LowKick,FakeOut|Jolly||M|||50|]Ceruledge||ColburBerry|FlashFire|BitterBlade,ShadowSneak,Protect,BulkUp|Adamant||F|||50|]Milotic||Leftovers|Competitive|MuddyWater,Coil,Protect,Hypnosis|Calm||F|||50|
|inactive|Battle timer is ON: inactive players will automatically lose when time's up. (requested by CappoFeFe)
|inactive|LaxIsLoveLaxIsLife has 60 seconds left.
|inactive|LaxIsLoveLaxIsLife has 30 seconds left.
|inactive|LaxIsLoveLaxIsLife has 20 seconds left.
|
|t:|1784805536
|teamsize|p1|4
|teamsize|p2|4
|start
|switch|p1a: Gardevoir|Gardevoir, L50, F, shiny|100/100
|switch|p1b: Maushold|Maushold-Four, L50, shiny|100/100
|switch|p2a: Ceruledge|Ceruledge, L50, F|100/100
|switch|p2b: Milotic|Milotic, L50, F|100/100
|turn|1
|
|t:|1784805559
|detailschange|p1a: Gardevoir|Gardevoir-Mega, L50, F, shiny
|-mega|p1a: Gardevoir|Gardevoir|Gardevoirite
|move|p1b: Maushold|Super Fang|p2b: Milotic
|-damage|p2b: Milotic|50/100g
|move|p1a: Gardevoir|Hyper Voice|p2b: Milotic|[spread] p2a,p2b
|-resisted|p2a: Ceruledge|1
|-crit|p2a: Ceruledge
|-damage|p2a: Ceruledge|62/100
|-damage|p2b: Milotic|15/100
|move|p2b: Milotic|Coil|p2b: Milotic
|-boost|p2b: Milotic|atk|1
|-boost|p2b: Milotic|def|1
|-boost|p2b: Milotic|accuracy|1
|move|p2a: Ceruledge|Bulk Up|p2a: Ceruledge
|-boost|p2a: Ceruledge|atk|1
|-boost|p2a: Ceruledge|def|1
|
|-heal|p2b: Milotic|21/100|[from] item: Leftovers
|upkeep
|turn|2
|
|t:|1784805582
|switch|p1b: Incineroar|Incineroar, L50, F, shiny|100/100
|-ability|p1b: Incineroar|Intimidate|boost
|-unboost|p2a: Ceruledge|atk|1
|-unboost|p2b: Milotic|atk|1
|-ability|p2b: Milotic|Competitive|boost
|-boost|p2b: Milotic|spa|2
|move|p2b: Milotic|Protect|p2b: Milotic
|-singleturn|p2b: Milotic|Protect
|move|p1a: Gardevoir|Hyper Voice|p2a: Ceruledge|[spread] p2a
|-activate|p2b: Milotic|move: Protect
|-resisted|p2a: Ceruledge|1
|-damage|p2a: Ceruledge|34/100
|move|p2a: Ceruledge|Bitter Blade|p1a: Gardevoir
|-damage|p1a: Gardevoir|31/100
|-heal|p2a: Ceruledge|67/100|[from] drain|[of] p1a: Gardevoir
|
|-heal|p2b: Milotic|27/100|[from] item: Leftovers
|upkeep
|turn|3
|inactive|CappoFeFe has 30 seconds left.
|
|t:|1784805611
|move|p1b: Incineroar|Fake Out|p2b: Milotic
|-damage|p2b: Milotic|18/100
|move|p2a: Ceruledge|Shadow Sneak|p1a: Gardevoir
|-supereffective|p1a: Gardevoir|1
|-damage|p1a: Gardevoir|0 fnt
|faint|p1a: Gardevoir
|cant|p2b: Milotic|flinch
|
|-heal|p2b: Milotic|24/100|[from] item: Leftovers
|upkeep
|
|t:|1784805620
|switch|p1a: Basculegion|Basculegion, L50, M|100/100
|turn|4
|
|t:|1784805639
|move|p2b: Milotic|Protect|p2b: Milotic
|-singleturn|p2b: Milotic|Protect
|move|p2a: Ceruledge|Shadow Sneak|p1a: Basculegion
|-supereffective|p1a: Basculegion|1
|-damage|p1a: Basculegion|55/100
|move|p1a: Basculegion|Last Respects|p2b: Milotic
|-activate|p2b: Milotic|move: Protect
|move|p1b: Incineroar|Throat Chop|p2a: Ceruledge
|-supereffective|p2a: Ceruledge|1
|-enditem|p2a: Ceruledge|Colbur Berry|[eat]
|-enditem|p2a: Ceruledge|Colbur Berry|[weaken]
|-damage|p2a: Ceruledge|38/100
|-start|p2a: Ceruledge|Throat Chop|[silent]
|
|-heal|p2b: Milotic|30/100|[from] item: Leftovers
|upkeep
|turn|5
|
|t:|1784805656
|switch|p2a: Sinistcha|Sinistcha, L50|100/100
|-heal|p2b: Milotic|55/100|[from] ability: Hospitality|[of] p2a: Sinistcha
|move|p1a: Basculegion|Protect|p1a: Basculegion
|-singleturn|p1a: Basculegion|Protect
|move|p2b: Milotic|Hypnosis|p1a: Basculegion
|-activate|p1a: Basculegion|move: Protect
|move|p1b: Incineroar|Throat Chop|p2b: Milotic
|-damage|p2b: Milotic|29/100
|-start|p2b: Milotic|Throat Chop|[silent]
|
|-heal|p2b: Milotic|35/100|[from] item: Leftovers
|upkeep
|turn|6
|
|t:|1784805674
|switch|p1a: Maushold|Maushold-Four, L50, shiny|100/100
|move|p2a: Sinistcha|Rage Powder|p2a: Sinistcha
|-singleturn|p2a: Sinistcha|move: Rage Powder
|move|p2b: Milotic|Hypnosis|p1a: Maushold|[miss]
|-miss|p2b: Milotic|p1a: Maushold
|move|p1b: Incineroar|Flare Blitz|p2a: Sinistcha
|-supereffective|p2a: Sinistcha|1
|-damage|p2a: Sinistcha|1/100
|-damage|p1b: Incineroar|71/100|[from] Recoil
|
|-heal|p2b: Milotic|41/100|[from] item: Leftovers
|-end|p2b: Milotic|Throat Chop|[silent]
|upkeep
|turn|7
|
|t:|1784805693
|move|p2a: Sinistcha|Protect|p2a: Sinistcha
|-singleturn|p2a: Sinistcha|Protect
|move|p1a: Maushold|Follow Me|p1a: Maushold
|-singleturn|p1a: Maushold|move: Follow Me
|move|p2b: Milotic|Coil|p2b: Milotic
|-boost|p2b: Milotic|atk|1
|-boost|p2b: Milotic|def|1
|-boost|p2b: Milotic|accuracy|1
|move|p1b: Incineroar|Throat Chop|p2b: Milotic
|-damage|p2b: Milotic|22/100
|-start|p2b: Milotic|Throat Chop|[silent]
|
|-heal|p2b: Milotic|28/100|[from] item: Leftovers
|upkeep
|turn|8
|
|t:|1784805714
|move|p1a: Maushold|Follow Me|p1a: Maushold
|-singleturn|p1a: Maushold|move: Follow Me
|move|p2b: Milotic|Muddy Water|p1b: Incineroar|[spread] p1a,p1b
|-supereffective|p1b: Incineroar|1
|-damage|p1a: Maushold|38/100
|-damage|p1b: Incineroar|3/100
|-enditem|p1b: Incineroar|Sitrus Berry|[eat]
|-heal|p1b: Incineroar|28/100|[from] item: Sitrus Berry
|move|p2a: Sinistcha|Life Dew|p2a: Sinistcha|[spread] p2a,p2b
|-heal|p2a: Sinistcha|26/100
|-heal|p2b: Milotic|53/100
|move|p1b: Incineroar|Throat Chop|p2b: Milotic
|-damage|p2b: Milotic|33/100
|
|-heal|p2b: Milotic|39/100|[from] item: Leftovers
|-end|p2b: Milotic|Throat Chop|[silent]
|upkeep
|turn|9
|
|t:|1784805727
|switch|p1b: Basculegion|Basculegion, L50, M|55/100
|move|p1a: Maushold|Protect|p1a: Maushold
|-singleturn|p1a: Maushold|Protect
|move|p2b: Milotic|Muddy Water|p1a: Maushold|[spread] p1b
|-activate|p1a: Maushold|move: Protect
|-resisted|p1b: Basculegion|1
|-damage|p1b: Basculegion|36/100
|move|p2a: Sinistcha|Life Dew|p2a: Sinistcha|[spread] p2a,p2b
|-heal|p2a: Sinistcha|51/100
|-heal|p2b: Milotic|64/100
|
|-heal|p2b: Milotic|70/100|[from] item: Leftovers
|upkeep
|turn|10
|
|t:|1784805746
|move|p1a: Maushold|Protect||[still]
|-fail|p1a: Maushold
|move|p2a: Sinistcha|Rage Powder|p2a: Sinistcha
|-singleturn|p2a: Sinistcha|move: Rage Powder
|move|p2b: Milotic|Muddy Water|p1b: Basculegion|[spread] p1a,p1b
|-resisted|p1b: Basculegion|1
|-damage|p1a: Maushold|0 fnt
|-damage|p1b: Basculegion|18/100
|faint|p1a: Maushold
|move|p1b: Basculegion|Last Respects|p2a: Sinistcha
|-supereffective|p2a: Sinistcha|1
|-enditem|p2a: Sinistcha|Kasib Berry|[eat]
|-enditem|p2a: Sinistcha|Kasib Berry|[weaken]
|-damage|p2a: Sinistcha|0 fnt
|faint|p2a: Sinistcha
|
|-heal|p2b: Milotic|76/100|[from] item: Leftovers
|upkeep
|
|t:|1784805761
|switch|p1a: Incineroar|Incineroar, L50, F, shiny|28/100
|switch|p2a: Ceruledge|Ceruledge, L50, F|38/100
|-ability|p1a: Incineroar|Intimidate|boost
|-unboost|p2a: Ceruledge|atk|1
|-unboost|p2b: Milotic|atk|1
|-ability|p2b: Milotic|Competitive|boost
|-boost|p2b: Milotic|spa|2
|turn|11
|-message|CappoFeFe forfeited.
|
|win|LaxIsLoveLaxIsLife
|l|☆CappoFeFe
|player|p1|
||CappoFeFe is ready for game 2.
||LaxIsLoveLaxIsLife is ready for game 2.
|uhtml|next|Next: Game 2 of 3
