|j|☆Yusuf3000
|j|☆exessvgc
|html|Yusuf3000exessvgc    
|uhtml|bestof|Game 1 of a best-of-3
|t:|1784143120
|gametype|doubles
|player|p1|Yusuf3000|waiter-gen4|
|player|p2|exessvgc|lucas|
|gen|9
|tier|[Gen 9 Champions] VGC 2026 Reg M-B (Bo3)
|rule|Species Clause: Limit one of each Pokémon
|rule|Item Clause: Limit 1 of each item
|clearpoke
|poke|p1|Aerodactyl, L50, F|
|poke|p1|Kingambit, L50, M|
|poke|p1|Sylveon, L50, M|
|poke|p1|Garchomp, L50, M|
|poke|p1|Charizard, L50, F|
|poke|p1|Incineroar, L50, F|
|poke|p2|Farigiraf, L50, F|
|poke|p2|Aerodactyl, L50, F|
|poke|p2|Sylveon, L50, F|
|poke|p2|Kingambit, L50, F|
|poke|p2|Garchomp, L50, M|
|poke|p2|Charizard, L50, F|
|teampreview|4
|showteam|p1|Aerodactyl||Aerodactylite|Unnerve|RockSlide,IceFang,Tailwind,WideGuard|Jolly||F|||50|]Kingambit||FocusSash|Defiant|KowtowCleave,SuckerPunch,IronHead,Protect|Adamant||M|||50|]Sylveon||FairyFeather|Pixilate|Detect,HyperVoice,HyperBeam,QuickAttack|Modest||M|||50|]Garchomp||LifeOrb|RoughSkin|Earthquake,DragonClaw,StompingTantrum,Protect|Jolly||M|||50|]Charizard||CharizarditeY|Blaze|Protect,HeatWave,SolarBeam,WeatherBall|Modest||F|||50|]Incineroar||SitrusBerry|Intimidate|DarkestLariat,FlareBlitz,FakeOut,PartingShot|Impish||F|||50|
|showteam|p2|Farigiraf||SitrusBerry|ArmorTail|TrickRoom,TwinBeam,HelpingHand,Thunderbolt|Bold||F|||50|]Aerodactyl||Aerodactylite|Unnerve|RockSlide,Protect,Tailwind,Taunt|Jolly||F|||50|]Sylveon||FairyFeather|Pixilate|HyperVoice,HyperBeam,Protect,ShadowBall|Modest||F|||50|]Kingambit||FocusSash|Defiant|KowtowCleave,SuckerPunch,SwordsDance,Protect|Adamant||F|||50|]Garchomp||LifeOrb|RoughSkin|DragonClaw,Earthquake,RockSlide,Protect|Adamant||M|||50|]Charizard||CharizarditeY|Blaze|WeatherBall,HeatWave,SolarBeam,Protect|Modest||F|||50|
|inactive|Battle timer is ON: inactive players will automatically lose when time's up. (requested by Yusuf3000)
|c|☆Yusuf3000|glhf
|c|☆exessvgc|glhf
|inactive|exessvgc has 60 seconds left.
|j| norral
|inactive|exessvgc has 30 seconds left.
|inactive|exessvgc has 20 seconds left.
|inactive|exessvgc has 15 seconds left.
|inactive|exessvgc has 10 seconds left.
|inactive|exessvgc has 5 seconds left.
|
|t:|1784143241
|teamsize|p1|4
|teamsize|p2|4
|start
|switch|p1a: Aerodactyl|Aerodactyl, L50, F|100/100
|switch|p1b: Incineroar|Incineroar, L50, F|100/100
|switch|p2a: DINOSAUVO|Aerodactyl, L50, F|100/100
|switch|p2b: Garchomp|Garchomp, L50, M|100/100
|-ability|p2a: DINOSAUVO|Unnerve
|-ability|p1a: Aerodactyl|Unnerve
|-ability|p1b: Incineroar|Intimidate|boost
|-unboost|p2a: DINOSAUVO|atk|1
|-unboost|p2b: Garchomp|atk|1
|turn|1
|inactive|exessvgc has 30 seconds left.
|inactive|exessvgc has 20 seconds left.
|inactive|exessvgc has 15 seconds left.
|inactive|exessvgc has 10 seconds left.
|n| norrale|norral
|inactive|exessvgc has 5 seconds left.
|
|t:|1784143292
|detailschange|p2a: DINOSAUVO|Aerodactyl-Mega, L50, F
|-mega|p2a: DINOSAUVO|Aerodactyl|Aerodactylite
|detailschange|p1a: Aerodactyl|Aerodactyl-Mega, L50, F
|-mega|p1a: Aerodactyl|Aerodactyl|Aerodactylite
|move|p1b: Incineroar|Fake Out|p2a: DINOSAUVO
|-resisted|p2a: DINOSAUVO|1
|-damage|p2a: DINOSAUVO|92/100
|cant|p2a: DINOSAUVO|flinch
|move|p1a: Aerodactyl|Tailwind|p1a: Aerodactyl
|-sidestart|p1: Yusuf3000|move: Tailwind
|move|p2b: Garchomp|Rock Slide|p1a: Aerodactyl|[spread] p1a,p1b
|-supereffective|p1a: Aerodactyl|1
|-supereffective|p1b: Incineroar|1
|-damage|p1a: Aerodactyl|59/100
|-damage|p1b: Incineroar|74/100
|-damage|p2b: Garchomp|90/100|[from] item: Life Orb
|
|upkeep
|turn|2
|inactive|exessvgc has 30 seconds left.
|inactive|exessvgc has 20 seconds left.
|inactive|exessvgc has 15 seconds left.
|
|t:|1784143335
|move|p1a: Aerodactyl|Rock Slide|p2b: Garchomp|[spread] p2a,p2b
|-supereffective|p2a: DINOSAUVO|1
|-resisted|p2b: Garchomp|1
|-damage|p2a: DINOSAUVO|20/100y
|-damage|p2b: Garchomp|77/100
|move|p2a: DINOSAUVO|Taunt|p1b: Incineroar
|-start|p1b: Incineroar|move: Taunt
|move|p1b: Incineroar|Flare Blitz|p2a: DINOSAUVO
|-resisted|p2a: DINOSAUVO|1
|-crit|p2a: DINOSAUVO
|-damage|p2a: DINOSAUVO|0 fnt
|faint|p2a: DINOSAUVO
|-damage|p1b: Incineroar|68/100|[from] Recoil
|move|p2b: Garchomp|Rock Slide|p1b: Incineroar|[spread] p1a
|-miss|p2b: Garchomp|p1b: Incineroar
|-supereffective|p1a: Aerodactyl|1
|-damage|p1a: Aerodactyl|20/100y
|-damage|p2b: Garchomp|67/100|[from] item: Life Orb
|
|upkeep
|
|t:|1784143356
|switch|p2a: LA GIRAFFA|Farigiraf, L50, F|100/100
|turn|3
|inactive|exessvgc has 30 seconds left.
|
|t:|1784143383
|move|p1a: Aerodactyl|Ice Fang|p2b: Garchomp|[miss]
|-miss|p1a: Aerodactyl|p2b: Garchomp
|move|p1b: Incineroar|Darkest Lariat|p2a: LA GIRAFFA
|-supereffective|p2a: LA GIRAFFA|1
|-damage|p2a: LA GIRAFFA|49/100
|-enditem|p2a: LA GIRAFFA|Sitrus Berry|[eat]
|-heal|p2a: LA GIRAFFA|74/100|[from] item: Sitrus Berry
|move|p2b: Garchomp|Rock Slide|p1a: Aerodactyl|[spread] p1a,p1b
|-supereffective|p1a: Aerodactyl|1
|-supereffective|p1b: Incineroar|1
|-damage|p1a: Aerodactyl|0 fnt
|-damage|p1b: Incineroar|44/100
|-enditem|p1b: Incineroar|Sitrus Berry|[eat]
|-heal|p1b: Incineroar|69/100|[from] item: Sitrus Berry
|faint|p1a: Aerodactyl
|-damage|p2b: Garchomp|57/100|[from] item: Life Orb
|move|p2a: LA GIRAFFA|Trick Room|p2a: LA GIRAFFA
|-fieldstart|move: Trick Room|[of] p2a: LA GIRAFFA
|
|upkeep
|
|t:|1784143404
|switch|p1a: Sylveon|Sylveon, L50, M|100/100
|turn|4
|inactive|exessvgc has 30 seconds left.
|inactive|exessvgc has 20 seconds left.
|inactive|exessvgc has 15 seconds left.
|inactive|exessvgc has 10 seconds left.
|
|t:|1784143450
|move|p2a: LA GIRAFFA|Helping Hand|p2b: Garchomp
|-singleturn|p2b: Garchomp|Helping Hand|[of] p2a: LA GIRAFFA
|move|p2b: Garchomp|Earthquake|p1b: Incineroar|[spread] p2a,p1a,p1b
|-supereffective|p1b: Incineroar|1
|-damage|p2a: LA GIRAFFA|27/100
|-damage|p1a: Sylveon|35/100
|-damage|p1b: Incineroar|0 fnt
|faint|p1b: Incineroar
|-damage|p2b: Garchomp|47/100|[from] item: Life Orb
|move|p1a: Sylveon|Hyper Voice|p2a: LA GIRAFFA|[spread] p2a,p2b
|-supereffective|p2b: Garchomp|1
|-damage|p2a: LA GIRAFFA|0 fnt
|-damage|p2b: Garchomp|0 fnt
|faint|p2a: LA GIRAFFA
|faint|p2b: Garchomp
|
|-sideend|p1: Yusuf3000|move: Tailwind
|upkeep
|
|t:|1784143462
|switch|p2a: Charizard|Charizard, L50, F|100/100
|switch|p1b: Garchomp|Garchomp, L50, M|100/100
|turn|5
|j| trevYAH
|inactive|exessvgc has 30 seconds left.
|
|t:|1784143488
|move|p1a: Sylveon|Hyper Voice|p2a: Charizard
|-resisted|p2a: Charizard|1
|-crit|p2a: Charizard
|-damage|p2a: Charizard|44/100
|move|p2a: Charizard|Heat Wave|p1b: Garchomp|[spread] p1a,p1b
|-crit|p1a: Sylveon
|-resisted|p1b: Garchomp|1
|-damage|p1a: Sylveon|1/100
|-damage|p1b: Garchomp|83/100
|move|p1b: Garchomp|Dragon Claw|p2a: Charizard
|-damage|p2a: Charizard|0 fnt
|faint|p2a: Charizard
|-damage|p1b: Garchomp|73/100|[from] item: Life Orb
|
|win|Yusuf3000
||Yusuf3000 is ready for game 2.
|inactive|exessvgc has 30 seconds to confirm battle start!
||exessvgc is ready for game 2.
|uhtml|next|Next: Game 2 of 3
|l| norrale
|l| trevYAH
|j| norrale
|l| norrale
