|j|☆epicfailtesting
|j|☆sirgligar
|html|epicfailtestingsirgligar    
|uhtml|bestof|Game 3 of a best-of-3
|t:|1756774513
|gametype|doubles
|player|p1|epicfailtesting|1|1221
|player|p2|sirgligar|smasher|1089
|gen|9
|tier|[Gen 9] VGC 2025 Reg H (Bo3)
|rated|
|rule|Species Clause: Limit one of each Pokémon
|rule|Item Clause: Limit 1 of each item
|clearpoke
|poke|p1|Annihilape, L50, F|
|poke|p1|Sinistcha, L50|
|poke|p1|Maushold-Four, L50|
|poke|p1|Klefki, L50, F|
|poke|p1|Ursaluna-Bloodmoon, L50, M|
|poke|p1|Ninetales-Alola, L50, F|
|poke|p2|Gholdengo, L50|
|poke|p2|Incineroar, L50, M|
|poke|p2|Amoonguss, L50, F|
|poke|p2|Archaludon, L50, F|
|poke|p2|Pelipper, L50, F|
|poke|p2|Basculegion, L50, M|
|teampreview|4
|showteam|p1|Annihilape||Leftovers|Defiant|Protect,BulkUp,DrainPunch,RageFist|||F|||50|,,,,,Fire]Sinistcha||SitrusBerry|Hospitality|MatchaGotcha,TrickRoom,LifeDew,RagePowder||||||50|,,,,,Water]Maushold-Four||SafetyGoggles|FriendGuard|FollowMe,Taunt,BeatUp,Protect||||||50|,,,,,Ghost]Klefki||LightClay|Prankster|Reflect,LightScreen,MistyTerrain,DazzlingGleam|||F|||50|,,,,,Ghost]Ursaluna-Bloodmoon||AssaultVest|MindsEye|BloodMoon,HyperVoice,EarthPower,VacuumWave|||M|||50|,,,,,Water]Ninetales-Alola||FocusSash|SnowWarning|Protect,Encore,FreezeDry,Blizzard|||F|||50|,,,,,Ghost
|showteam|p2|Gholdengo||LifeOrb|GoodasGold|MakeItRain,ShadowBall,NastyPlot,Protect||||||50|,,,,,Water]Incineroar||RockyHelmet|Intimidate|Taunt,KnockOff,PartingShot,FakeOut|||M|||50|,,,,,Ghost]Amoonguss||SitrusBerry|Regenerator|PollenPuff,Spore,RagePowder,Protect|||F|||50|,,,,,Water]Archaludon||AssaultVest|Stamina|DragonPulse,FlashCannon,ElectroShot,BodyPress|||F|||50|,,,,,Bug]Pelipper||FocusSash|Drizzle|WeatherBall,Hurricane,Tailwind,Protect|||F|||50|,,,,,Ground]Basculegion||ChoiceBand|SwiftSwim|WaveCrash,LastRespects,FlipTurn,AquaJet|||M|||50|,,,,,Water
|
|t:|1756774538
|teamsize|p1|4
|teamsize|p2|4
|start
|switch|p1a: Annihilape|Annihilape, L50, F, shiny|100/100
|switch|p1b: Klefki|Klefki, L50, F|100/100
|switch|p2a: Incineroar|Incineroar, L50, M|100/100
|switch|p2b: Pelipper|Pelipper, L50, F|100/100
|-weather|RainDance|[from] ability: Drizzle|[of] p2b: Pelipper
|-ability|p2a: Incineroar|Intimidate|boost
|-unboost|p1a: Annihilape|atk|1
|-ability|p1a: Annihilape|Defiant|boost
|-boost|p1a: Annihilape|atk|2
|-unboost|p1b: Klefki|atk|1
|turn|1
|inactive|Battle timer is ON: inactive players will automatically lose when time's up. (requested by epicfailtesting)
|
|t:|1756774568
|move|p1a: Annihilape|Protect|p1a: Annihilape
|-singleturn|p1a: Annihilape|Protect
|move|p1b: Klefki|Light Screen|p1b: Klefki
|-sidestart|p1: epicfailtesting|move: Light Screen
|move|p2b: Pelipper|Hurricane|p1a: Annihilape
|-activate|p1a: Annihilape|move: Protect
|move|p2a: Incineroar|Parting Shot|p1a: Annihilape
|-activate|p1a: Annihilape|move: Protect
|
|-weather|RainDance|[upkeep]
|upkeep
|turn|2
|
|t:|1756774590
|switch|p1b: Ninetales|Ninetales-Alola, L50, F, shiny|100/100
|-weather|Snowscape|[from] ability: Snow Warning|[of] p1b: Ninetales
|move|p1a: Annihilape|Bulk Up|p1a: Annihilape
|-boost|p1a: Annihilape|atk|1
|-boost|p1a: Annihilape|def|1
|move|p2b: Pelipper|Tailwind|p2b: Pelipper
|-sidestart|p2: sirgligar|move: Tailwind
|move|p2a: Incineroar|Parting Shot|p1a: Annihilape
|-unboost|p1a: Annihilape|atk|1
|-ability|p1a: Annihilape|Defiant|boost
|-boost|p1a: Annihilape|atk|2
|-unboost|p1a: Annihilape|spa|1
|-ability|p1a: Annihilape|Defiant|boost
|-boost|p1a: Annihilape|atk|2
|
|t:|1756774604
|switch|p2a: Archaludon|Archaludon, L50, F|100/100|[from] Parting Shot
|
|-weather|Snowscape|[upkeep]
|upkeep
|turn|3
|inactive|epicfailtesting has 30 seconds left.
|inactive|sirgligar has 30 seconds left.
|inactive|epicfailtesting has 20 seconds left.
|
|t:|1756774641
|move|p2a: Archaludon|Flash Cannon|p1b: Ninetales
|-supereffective|p1b: Ninetales
|-enditem|p1b: Ninetales|Focus Sash
|-damage|p1b: Ninetales|1/100
|move|p2b: Pelipper|Hurricane|p1a: Annihilape|[miss]
|-miss|p2b: Pelipper|p1a: Annihilape
|move|p1b: Ninetales|Freeze-Dry|p2b: Pelipper
|-supereffective|p2b: Pelipper
|-enditem|p2b: Pelipper|Focus Sash
|-damage|p2b: Pelipper|1/100
|move|p1a: Annihilape|Drain Punch|p2a: Archaludon
|-supereffective|p2a: Archaludon
|-damage|p2a: Archaludon|0 fnt
|faint|p2a: Archaludon
|
|-weather|Snowscape|[upkeep]
|upkeep
|
|t:|1756774651
|switch|p2a: Basculegion|Basculegion, L50, M|100/100
|turn|4
|
|t:|1756774669
|switch|p2b: Incineroar|Incineroar, L50, M|100/100
|-ability|p2b: Incineroar|Intimidate|boost
|-unboost|p1a: Annihilape|atk|1
|-ability|p1a: Annihilape|Defiant|boost
|-boost|p1a: Annihilape|atk|2
|-unboost|p1b: Ninetales|atk|1
|move|p1a: Annihilape|Protect|p1a: Annihilape
|-singleturn|p1a: Annihilape|Protect
|move|p2a: Basculegion|Flip Turn|p1b: Ninetales
|-damage|p1b: Ninetales|0 fnt
|faint|p1b: Ninetales
|
|t:|1756774678
|switch|p2a: Pelipper|Pelipper, L50, F|1/100|[from] Flip Turn
|-weather|RainDance|[from] ability: Drizzle|[of] p2a: Pelipper
|
|-weather|RainDance|[upkeep]
|upkeep
|
|t:|1756774686
|switch|p1b: Klefki|Klefki, L50, F|100/100
|turn|5
|inactive|sirgligar has 30 seconds left.
|
|t:|1756774714
|-terastallize|p2b: Incineroar|Ghost
|move|p2b: Incineroar|Fake Out|p1a: Annihilape
|-immune|p1a: Annihilape
|move|p2a: Pelipper|Hurricane|p1a: Annihilape
|-supereffective|p1a: Annihilape
|-damage|p1a: Annihilape|37/100
|-start|p1a: Annihilape|confusion
|-activate|p1a: Annihilape|confusion
|move|p1a: Annihilape|Drain Punch|p2b: Incineroar
|-immune|p2b: Incineroar
|move|p1b: Klefki|Dazzling Gleam|p2a: Pelipper|[spread] p2a,p2b
|-damage|p2a: Pelipper|0 fnt
|-damage|p2b: Incineroar|84/100
|faint|p2a: Pelipper
|
|-weather|RainDance|[upkeep]
|-heal|p1a: Annihilape|43/100|[from] item: Leftovers
|-sideend|p2: sirgligar|move: Tailwind
|upkeep
|
|t:|1756774722
|switch|p2a: Basculegion|Basculegion, L50, M|100/100
|turn|6
|inactive|sirgligar has 30 seconds left.
|
|t:|1756774750
|switch|p1b: Sinistcha|Sinistcha, L50|100/100
|-heal|p1a: Annihilape|68/100|[from] ability: Hospitality|[of] p1b: Sinistcha
|-end|p1a: Annihilape|confusion
|move|p1a: Annihilape|Protect|p1a: Annihilape
|-singleturn|p1a: Annihilape|Protect
|move|p2a: Basculegion|Wave Crash|p1a: Annihilape
|-activate|p1a: Annihilape|move: Protect
|move|p2b: Incineroar|Taunt|p1b: Sinistcha
|-start|p1b: Sinistcha|move: Taunt
|
|-weather|RainDance|[upkeep]
|-heal|p1a: Annihilape|75/100|[from] item: Leftovers
|upkeep
|turn|7
|inactive|epicfailtesting has 30 seconds left.
|
|t:|1756774776
|-terastallize|p1b: Sinistcha|Water
|move|p2a: Basculegion|Wave Crash|p1a: Annihilape
|-damage|p1a: Annihilape|0 fnt
|faint|p1a: Annihilape
|-damage|p2a: Basculegion|74/100|[from] Recoil
|move|p2b: Incineroar|Knock Off|p1b: Sinistcha
|-damage|p1b: Sinistcha|65/100
|-enditem|p1b: Sinistcha|Sitrus Berry|[from] move: Knock Off|[of] p2b: Incineroar
|move|p1b: Sinistcha|Matcha Gotcha|p2b: Incineroar|[spread] p2a,p2b
|-supereffective|p2a: Basculegion
|-damage|p2a: Basculegion|21/100
|-heal|p1b: Sinistcha|94/100|[from] drain|[of] p2a: Basculegion
|-damage|p2b: Incineroar|62/100
|-heal|p1b: Sinistcha|100/100|[from] drain|[of] p2b: Incineroar
|
|-weather|RainDance|[upkeep]
|upkeep
|
|t:|1756774793
|switch|p1a: Klefki|Klefki, L50, F|100/100
|turn|8
|
|t:|1756774813
|move|p1a: Klefki|Reflect|p1a: Klefki
|-sidestart|p1: epicfailtesting|Reflect
|move|p2a: Basculegion|Wave Crash|p1a: Klefki
|-damage|p1a: Klefki|0 fnt
|faint|p1a: Klefki
|-damage|p2a: Basculegion|0 fnt|[from] Recoil
|faint|p2a: Basculegion
|move|p2b: Incineroar|Knock Off|p1b: Sinistcha
|-damage|p1b: Sinistcha|84/100
|move|p1b: Sinistcha|Matcha Gotcha|p2b: Incineroar
|-damage|p2b: Incineroar|28/100
|-heal|p1b: Sinistcha|100/100|[from] drain|[of] p2b: Incineroar
|
|-weather|none
|-end|p1b: Sinistcha|move: Taunt
|-sideend|p1: epicfailtesting|move: Light Screen
|upkeep
|turn|9
|-message|sirgligar forfeited.
|
|win|epicfailtesting
|raw|epicfailtesting's rating: 1221 → 1237(+16 for winning)
|raw|sirgligar's rating: 1089 → 1074(-15 for losing)
|c|☆sirgligar|ggs
|c|☆epicfailtesting|gg
|l|☆sirgligar
|player|p2|
