|j|☆BartwarVGC
|j|☆wingblade33
|html|BartwarVGCwingblade33    
|uhtml|bestof|Game 2 of a best-of-3
|t:|1784659526
|gametype|doubles
|player|p1|BartwarVGC|veteran|1205
|player|p2|wingblade33|101|1226
|gen|9
|tier|[Gen 9 Champions] VGC 2026 Reg M-B (Bo3)
|rated|
|rule|Species Clause: Limit one of each Pokémon
|rule|Item Clause: Limit 1 of each item
|clearpoke
|poke|p1|Hydreigon, L50, F|
|poke|p1|Sylveon, L50, F|
|poke|p1|Sneasler, L50, M|
|poke|p1|Aerodactyl, L50, M|
|poke|p1|Floette-Eternal, L50, F|
|poke|p1|Incineroar, L50, M|
|poke|p2|Tyranitar, L50, M|
|poke|p2|Milotic, L50, F|
|poke|p2|Sinistcha, L50|
|poke|p2|Gholdengo, L50|
|poke|p2|Excadrill, L50, M|
|poke|p2|Staraptor, L50, M|
|teampreview|4
|showteam|p1|Hydreigon||ChoiceScarf|Levitate|DarkPulse,DracoMeteor,EarthPower,Snarl|Modest||F|||50|]Sylveon||FairyFeather|Pixilate|HyperVoice,HyperBeam,QuickAttack,Protect|Modest||F|||50|]Sneasler||FocusSash|PoisonTouch|FakeOut,PoisonJab,CloseCombat,Protect|Jolly||M|||50|]Aerodactyl||Aerodactylite|RockHead|RockSlide,IceFang,DualWingbeat,Tailwind|Jolly||M|||50|]Floette-Eternal||Floettite|FlowerVeil|DrainingKiss,DazzlingGleam,CalmMind,Protect|Timid||F|||50|]Incineroar||SitrusBerry|Intimidate|FlareBlitz,DarkestLariat,PartingShot,FakeOut|Impish||M|||50|
|showteam|p2|Tyranitar||Tyranitarite|SandStream|KnockOff,DragonDance,RockSlide,Protect|Adamant||M|||50|]Milotic||Leftovers|Competitive|IcyWind,Scald,Haze,Protect|Calm||F|||50|]Sinistcha||KasibBerry|Hospitality|MatchaGotcha,Protect,RagePowder,TrickRoom|Calm|||||50|]Gholdengo||LifeOrb|GoodasGold|MakeItRain,ShadowBall,NastyPlot,Protect|Modest|||||50|]Excadrill||FocusSash|SandRush|HighHorsepower,IronHead,RockSlide,Protect|Adamant||M|||50|]Staraptor||Staraptite|Intimidate|CloseCombat,BraveBird,Roost,Protect|Jolly||M|||50|
|inactive|Battle timer is ON: inactive players will automatically lose when time's up. (requested by wingblade33)
|inactive|BartwarVGC has 60 seconds left.
|inactive|wingblade33 has 60 seconds left.
|
|t:|1784659583
|teamsize|p1|4
|teamsize|p2|4
|start
|switch|p1a: Hydreigon|Hydreigon, L50, F|100/100
|switch|p1b: Aerodactyl|Aerodactyl, L50, M|100/100
|switch|p2a: Gholdengo|Gholdengo, L50|100/100
|switch|p2b: Milotic|Milotic, L50, F|100/100
|turn|1
|
|t:|1784659603
|switch|p2a: Staraptor|Staraptor, L50, M|100/100
|-ability|p2a: Staraptor|Intimidate|boost
|-unboost|p1a: Hydreigon|atk|1
|-unboost|p1b: Aerodactyl|atk|1
|detailschange|p1b: Aerodactyl|Aerodactyl-Mega, L50, M
|-mega|p1b: Aerodactyl|Aerodactyl|Aerodactylite
|move|p1a: Hydreigon|Dark Pulse|p2b: Milotic
|-damage|p2b: Milotic|68/100
|move|p1b: Aerodactyl|Rock Slide|p2a: Staraptor|[spread] p2a,p2b
|-supereffective|p2a: Staraptor|1
|-damage|p2a: Staraptor|44/100
|-damage|p2b: Milotic|52/100
|move|p2b: Milotic|Icy Wind|p1b: Aerodactyl|[spread] p1a
|-miss|p2b: Milotic|p1b: Aerodactyl
|-supereffective|p1a: Hydreigon|1
|-damage|p1a: Hydreigon|77/100
|-unboost|p1a: Hydreigon|spe|1
|
|-heal|p2b: Milotic|58/100|[from] item: Leftovers
|upkeep
|turn|2
|inactive|BartwarVGC has 30 seconds left.
|inactive|wingblade33 has 30 seconds left.
|inactive|wingblade33 has 20 seconds left.
|
|t:|1784659640
|detailschange|p2a: Staraptor|Staraptor-Mega, L50, M
|-mega|p2a: Staraptor|Staraptor|Staraptite
|move|p1b: Aerodactyl|Rock Slide|p2b: Milotic|[spread] p2b
|-miss|p1b: Aerodactyl|p2a: Staraptor
|-damage|p2b: Milotic|42/100
|move|p2a: Staraptor|Roost|p2a: Staraptor
|-heal|p2a: Staraptor|94/100
|-singleturn|p2a: Staraptor|move: Roost
|move|p1a: Hydreigon|Dark Pulse|p2b: Milotic
|-damage|p2b: Milotic|12/100
|move|p2b: Milotic|Icy Wind|p1b: Aerodactyl|[spread] p1a,p1b
|-supereffective|p1a: Hydreigon|1
|-supereffective|p1b: Aerodactyl|1
|-damage|p1a: Hydreigon|53/100
|-damage|p1b: Aerodactyl|80/100
|-unboost|p1a: Hydreigon|spe|1
|-unboost|p1b: Aerodactyl|spe|1
|
|-heal|p2b: Milotic|19/100|[from] item: Leftovers
|upkeep
|turn|3
|inactive|BartwarVGC has 30 seconds left.
|inactive|wingblade33 has 30 seconds left.
|inactive|wingblade33 has 20 seconds left.
|inactive|wingblade33 has 15 seconds left.
|inactive|wingblade33 has 10 seconds left.
|
|t:|1784659685
|switch|p1a: Sneasler|Sneasler, L50, M|100/100
|move|p2a: Staraptor|Close Combat|p1b: Aerodactyl
|-damage|p1b: Aerodactyl|0 fnt
|-boost|p2a: Staraptor|def|1
|-boost|p2a: Staraptor|spd|1
|faint|p1b: Aerodactyl
|move|p2b: Milotic|Icy Wind|p1a: Sneasler
|-damage|p1a: Sneasler|80/100
|-unboost|p1a: Sneasler|spe|1
|
|-heal|p2b: Milotic|25/100|[from] item: Leftovers
|upkeep
|
|t:|1784659698
|switch|p1b: Hydreigon|Hydreigon, L50, F|53/100
|turn|4
|
|t:|1784659711
|move|p2a: Staraptor|Protect|p2a: Staraptor
|-singleturn|p2a: Staraptor|Protect
|move|p2b: Milotic|Protect|p2b: Milotic
|-singleturn|p2b: Milotic|Protect
|move|p1a: Sneasler|Fake Out|p2a: Staraptor
|-activate|p2a: Staraptor|move: Protect
|move|p1b: Hydreigon|Dark Pulse|p2b: Milotic
|-activate|p2b: Milotic|move: Protect
|
|-heal|p2b: Milotic|31/100|[from] item: Leftovers
|upkeep
|turn|5
|inactive|wingblade33 has 30 seconds left.
|
|t:|1784659743
|switch|p1b: Incineroar|Incineroar, L50, M|100/100
|-ability|p1b: Incineroar|Intimidate|boost
|-boost|p2a: Staraptor|atk|1
|-unboost|p2b: Milotic|atk|1
|-ability|p2b: Milotic|Competitive|boost
|-boost|p2b: Milotic|spa|2
|switch|p2b: Excadrill|Excadrill, L50, M|100/100
|move|p2a: Staraptor|Brave Bird|p1a: Sneasler
|-supereffective|p1a: Sneasler|1
|-damage|p1a: Sneasler|0 fnt
|faint|p1a: Sneasler
|-damage|p2a: Staraptor|68/100|[from] Recoil
|
|upkeep
|
|t:|1784659756
|switch|p1a: Hydreigon|Hydreigon, L50, F|53/100
|turn|6
|
|t:|1784659773
|move|p2a: Staraptor|Protect|p2a: Staraptor
|-singleturn|p2a: Staraptor|Protect
|move|p1a: Hydreigon|Draco Meteor|p2a: Staraptor
|-activate|p2a: Staraptor|move: Protect
|move|p2b: Excadrill|High Horsepower|p1b: Incineroar
|-supereffective|p1b: Incineroar|1
|-damage|p1b: Incineroar|16/100
|-enditem|p1b: Incineroar|Sitrus Berry|[eat]
|-heal|p1b: Incineroar|41/100|[from] item: Sitrus Berry
|move|p1b: Incineroar|Flare Blitz|p2b: Excadrill
|-supereffective|p2b: Excadrill|1
|-enditem|p2b: Excadrill|Focus Sash
|-damage|p2b: Excadrill|1/100
|-damage|p1b: Incineroar|10/100|[from] Recoil
|
|upkeep
|turn|7
|inactive|wingblade33 has 30 seconds left.
|inactive|wingblade33 has 20 seconds left.
|
|t:|1784659812
|move|p1a: Hydreigon|Draco Meteor|p2a: Staraptor
|-damage|p2a: Staraptor|7/100
|-unboost|p1a: Hydreigon|spa|2
|move|p2a: Staraptor|Close Combat|p1a: Hydreigon
|-supereffective|p1a: Hydreigon|1
|-damage|p1a: Hydreigon|0 fnt
|-boost|p2a: Staraptor|def|1
|-boost|p2a: Staraptor|spd|1
|faint|p1a: Hydreigon
|move|p2b: Excadrill|Rock Slide|p1b: Incineroar
|-supereffective|p1b: Incineroar|1
|-damage|p1b: Incineroar|0 fnt
|faint|p1b: Incineroar
|
|win|wingblade33
|raw|BartwarVGC's rating: 1205 → 1182(-23 for losing)
|raw|wingblade33's rating: 1226 → 1249(+23 for winning)
|l|☆BartwarVGC
|player|p1|
