|j|☆spellbreakvgc
|j|☆C0ozer
|html|spellbreakvgcC0ozer    
|uhtml|bestof|Game 2 of a best-of-3
|t:|1756754689
|gametype|doubles
|player|p1|spellbreakvgc|lance|1109
|player|p2|C0ozer|266|1025
|gen|9
|tier|[Gen 9] VGC 2025 Reg H (Bo3)
|rated|
|rule|Species Clause: Limit one of each Pokémon
|rule|Item Clause: Limit 1 of each item
|clearpoke
|poke|p1|Charizard, L50, F|
|poke|p1|Torkoal, L50, F|
|poke|p1|Porygon2, L50|
|poke|p1|Incineroar, L50, M|
|poke|p1|Jumpluff, L50, F|
|poke|p1|Ursaluna, L50, F|
|poke|p2|Ursaluna-Bloodmoon, L50, M|
|poke|p2|Gholdengo, L50|
|poke|p2|Dragonite, L50, M|
|poke|p2|Sneasler, L50, F|
|poke|p2|Incineroar, L50, M|
|poke|p2|Amoonguss, L50, M|
|teampreview|4
|showteam|p1|Charizard||ChoiceSpecs|SolarPower|HeatWave,DragonPulse,WeatherBall,AirSlash|||F|||50|,,,,,Ghost]Torkoal||EjectPack|Drought|Eruption,Overheat,HelpingHand,Protect|||F|||50|,,,,,Fire]Porygon2||Eviolite|Download|TeraBlast,IceBeam,Recover,TrickRoom||||||50|,,,,,Fighting]Incineroar||SitrusBerry|Intimidate|FlareBlitz,KnockOff,FakeOut,PartingShot|||M|||50|,,,,,Ghost]Jumpluff||CovertCloak|Chlorophyll|SleepPowder,SunnyDay,RagePowder,Tailwind|||F|||50|,,,,,Water]Ursaluna||FlameOrb|Guts|HeadlongRush,Facade,Earthquake,Protect|||F|||50|,,,,,Ghost
|showteam|p2|Ursaluna-Bloodmoon||AssaultVest|MindsEye|BloodMoon,EarthPower,VacuumWave,HyperVoice|||M|||50|,,,,,Water]Gholdengo||LifeOrb|GoodasGold|Protect,MakeItRain,ShadowBall,NastyPlot||||||50|,,,,,Water]Dragonite||LoadedDice|Multiscale|ScaleShot,Tailwind,Haze,Protect|||M|||50|,,,,,Fairy]Sneasler||FocusSash|Unburden|Protect,DireClaw,CloseCombat,ThroatChop|||F|||50|,,,,,Stellar]Incineroar||SafetyGoggles|Intimidate|KnockOff,PartingShot,FlareBlitz,FakeOut|||M|||50|,,,,,Ghost]Amoonguss||SitrusBerry|Regenerator|RagePowder,Spore,PollenPuff,Protect|||M|||50|,,,,,Psychic
|inactive|Battle timer is ON: inactive players will automatically lose when time's up. (requested by C0ozer)
|
|t:|1756754713
|teamsize|p1|4
|teamsize|p2|4
|start
|switch|p1a: Jumpluff|Jumpluff, L50, F|100/100
|switch|p1b: Charizard|Charizard, L50, F, shiny|100/100
|switch|p2a: Sneasler|Sneasler, L50, F, shiny|100/100
|switch|p2b: Incineroar|Incineroar, L50, M, shiny|100/100
|-ability|p2b: Incineroar|Intimidate|boost
|-unboost|p1a: Jumpluff|atk|1
|-unboost|p1b: Charizard|atk|1
|turn|1
|inactive|spellbreakvgc has 30 seconds left.
|
|t:|1756754744
|switch|p1b: Incineroar|Incineroar, L50, M|100/100
|-ability|p1b: Incineroar|Intimidate|boost
|-unboost|p2a: Sneasler|atk|1
|-unboost|p2b: Incineroar|atk|1
|-terastallize|p1a: Jumpluff|Water
|move|p2b: Incineroar|Fake Out|p1b: Incineroar
|-damage|p1b: Incineroar|93/100
|move|p2a: Sneasler|Dire Claw|p1a: Jumpluff
|-damage|p1a: Jumpluff|63/100
|move|p1a: Jumpluff|Sleep Powder|p2a: Sneasler
|-status|p2a: Sneasler|slp|[from] move: Sleep Powder
|
|upkeep
|turn|2
|inactive|C0ozer has 30 seconds left.
|
|t:|1756754770
|-terastallize|p2b: Incineroar|Ghost
|cant|p2a: Sneasler|slp
|move|p1a: Jumpluff|Tailwind|p1a: Jumpluff
|-sidestart|p1: spellbreakvgc|move: Tailwind
|move|p1b: Incineroar|Parting Shot|p2b: Incineroar
|-unboost|p2b: Incineroar|atk|1
|-unboost|p2b: Incineroar|spa|1
|
|t:|1756754786
|switch|p1b: Charizard|Charizard, L50, F, shiny|100/100|[from] Parting Shot
|move|p2b: Incineroar|Knock Off|p1a: Jumpluff
|-damage|p1a: Jumpluff|37/100
|-enditem|p1a: Jumpluff|Covert Cloak|[from] move: Knock Off|[of] p2b: Incineroar
|
|upkeep
|turn|3
|inactive|C0ozer has 30 seconds left.
|
|t:|1756754815
|move|p1a: Jumpluff|Sunny Day|p1a: Jumpluff
|-weather|SunnyDay
|move|p1b: Charizard|Heat Wave|p2a: Sneasler|[spread] p2a,p2b
|-enditem|p2a: Sneasler|Focus Sash
|-damage|p2a: Sneasler|1/100 slp
|-damage|p2b: Incineroar|7/100
|-status|p2b: Incineroar|brn
|cant|p2a: Sneasler|slp
|move|p2b: Incineroar|Parting Shot|p1b: Charizard
|-unboost|p1b: Charizard|atk|1
|-unboost|p1b: Charizard|spa|1
|
|t:|1756754829
|switch|p2b: Gholdengo|Gholdengo, L50, shiny|100/100|[from] Parting Shot
|
|-weather|SunnyDay|[upkeep]
|-damage|p1b: Charizard|88/100|[from] ability: Solar Power|[of] p1b: Charizard
|upkeep
|turn|4
|
|t:|1756754843
|switch|p1a: Incineroar|Incineroar, L50, M|93/100
|-ability|p1a: Incineroar|Intimidate|boost
|-unboost|p2a: Sneasler|atk|1
|-unboost|p2b: Gholdengo|atk|1
|move|p2b: Gholdengo|Protect|p2b: Gholdengo
|-singleturn|p2b: Gholdengo|Protect
|-curestatus|p2a: Sneasler|slp|[msg]
|move|p2a: Sneasler|Close Combat|p1b: Charizard
|-resisted|p1b: Charizard
|-damage|p1b: Charizard|67/100
|-unboost|p2a: Sneasler|def|1
|-unboost|p2a: Sneasler|spd|1
|move|p1b: Charizard|Heat Wave|p2b: Gholdengo|[spread] p2a
|-activate|p2b: Gholdengo|move: Protect
|-damage|p2a: Sneasler|0 fnt
|faint|p2a: Sneasler
|
|-weather|SunnyDay|[upkeep]
|-damage|p1b: Charizard|54/100|[from] ability: Solar Power|[of] p1b: Charizard
|upkeep
|
|t:|1756754862
|switch|p2a: Incineroar|Incineroar, L50, M, shiny, tera:Ghost|7/100 brn
|-ability|p2a: Incineroar|Intimidate|boost
|-unboost|p1a: Incineroar|atk|1
|-unboost|p1b: Charizard|atk|1
|turn|5
|
|t:|1756754878
|switch|p1b: Jumpluff|Jumpluff, L50, F, tera:Water|37/100
|move|p2a: Incineroar|Fake Out|p1b: Jumpluff
|-damage|p1b: Jumpluff|29/100
|move|p1a: Incineroar|Flare Blitz|p2b: Gholdengo
|-supereffective|p2b: Gholdengo
|-damage|p2b: Gholdengo|0 fnt
|faint|p2b: Gholdengo
|-damage|p1a: Incineroar|64/100|[from] Recoil
|
|-weather|SunnyDay|[upkeep]
|-damage|p2a: Incineroar|0 fnt|[from] brn
|faint|p2a: Incineroar
|-sideend|p1: spellbreakvgc|move: Tailwind
|upkeep
|-message|C0ozer forfeited.
|
|win|spellbreakvgc
|l|☆C0ozer
|player|p2|
||spellbreakvgc is ready for game 3.
||C0ozer is ready for game 3.
|uhtml|next|Next: Game 3 of 3
