|j|☆intromition
|j|☆shminki
|html|intromitionshminki    
|uhtml|bestof|Game 2 of a best-of-3
|t:|1756874330
|gametype|doubles
|player|p1|intromition|265|1053
|player|p2|shminki|ethan|1161
|gen|9
|tier|[Gen 9] VGC 2025 Reg H (Bo3)
|rated|
|rule|Species Clause: Limit one of each Pokémon
|rule|Item Clause: Limit 1 of each item
|clearpoke
|poke|p1|Politoed, L50, F|
|poke|p1|Archaludon, L50, F|
|poke|p1|Kingdra, L50, F|
|poke|p1|Incineroar, L50, M|
|poke|p1|Amoonguss, L50, M|
|poke|p1|Gothitelle, L50, M|
|poke|p2|Gholdengo, L50|
|poke|p2|Sneasler, L50, M|
|poke|p2|Rillaboom, L50, F|
|poke|p2|Dragonite, L50, M|
|poke|p2|Ninetales-Alola, L50, M|
|poke|p2|Arcanine-Hisui, L50, M|
|teampreview|4
|showteam|p1|Politoed||Leftovers|Drizzle|Protect,WeatherBall,PerishSong,Encore|||F|||50|,,,,,Grass]Archaludon||PowerHerb|Sturdy|Protect,ElectroShot,FlashCannon,DragonPulse|||F|||50|,,,,,Electric]Kingdra||LifeOrb|SwiftSwim|Protect,DracoMeteor,WeatherBall,MuddyWater|||F|||50|,,,,,Stellar]Incineroar||SafetyGoggles|Intimidate|FakeOut,KnockOff,PartingShot,Protect|||M|||50|,,,,,Ghost]Amoonguss||EjectButton|Regenerator|Protect,RagePowder,Spore,PollenPuff|||M|||50|,,,,,Fairy]Gothitelle||SitrusBerry|ShadowTag|Protect,Psychic,FakeOut,TrickRoom|||M|||50|,,,,,Dark
|showteam|p2|Gholdengo||GrassySeed|GoodasGold|NastyPlot,MakeItRain,ShadowBall,Protect||||||50|,,,,,Water]Sneasler||WhiteHerb|Unburden|CloseCombat,DireClaw,Coaching,Protect|||M|||50|,,,,,Ghost]Rillaboom||AssaultVest|GrassySurge|FakeOut,GrassyGlide,DrumBeating,HighHorsepower|||F|||50|,,,,,Fire]Dragonite||LoadedDice|Multiscale|ScaleShot,StompingTantrum,Tailwind,Protect|||M|||50|,,,,,Ground]Ninetales-Alola||FocusSash|SnowWarning|Blizzard,IcyWind,Encore,AuroraVeil|||M|||50|,,,,,Ghost]Arcanine-Hisui||ClearAmulet|Intimidate|RockSlide,FlareBlitz,ExtremeSpeed,Protect|||M|||50|,,,,,Water
|inactive|Battle timer is ON: inactive players will automatically lose when time's up. (requested by shminki)
|
|t:|1756874347
|teamsize|p1|4
|teamsize|p2|4
|start
|switch|p1a: Kingdra|Kingdra, L50, F|100/100
|switch|p1b: Politoed|Politoed, L50, F|100/100
|switch|p2a: Gholdengo|Gholdengo, L50|100/100
|switch|p2b: Rillaboom|Rillaboom, L50, F|100/100
|-fieldstart|move: Grassy Terrain|[from] ability: Grassy Surge|[of] p2b: Rillaboom
|-enditem|p2a: Gholdengo|Grassy Seed
|-boost|p2a: Gholdengo|def|1|[from] item: Grassy Seed
|-weather|RainDance|[from] ability: Drizzle|[of] p1b: Politoed
|turn|1
|
|t:|1756874361
|switch|p1b: Incineroar|Incineroar, L50, M|100/100
|-ability|p1b: Incineroar|Intimidate|boost
|-unboost|p2a: Gholdengo|atk|1
|-unboost|p2b: Rillaboom|atk|1
|-terastallize|p2a: Gholdengo|Water
|move|p1a: Kingdra|Protect|p1a: Kingdra
|-singleturn|p1a: Kingdra|Protect
|move|p2b: Rillaboom|Fake Out|p1a: Kingdra
|-activate|p1a: Kingdra|move: Protect
|move|p2a: Gholdengo|Nasty Plot|p2a: Gholdengo
|-boost|p2a: Gholdengo|spa|2
|
|-weather|RainDance|[upkeep]
|upkeep
|turn|2
|inactive|intromition has 30 seconds left.
|inactive|intromition has 20 seconds left.
|inactive|intromition has 15 seconds left.
|
|t:|1756874402
|switch|p2b: Ninetales|Ninetales-Alola, L50, M|100/100
|-weather|Snowscape|[from] ability: Snow Warning|[of] p2b: Ninetales
|-terastallize|p1a: Kingdra|Stellar
|move|p2a: Gholdengo|Protect|p2a: Gholdengo
|-singleturn|p2a: Gholdengo|Protect
|move|p1b: Incineroar|Fake Out|p2b: Ninetales
|-damage|p2b: Ninetales|90/100
|move|p1a: Kingdra|Draco Meteor|p2a: Gholdengo
|-activate|p2a: Gholdengo|move: Protect
|
|-weather|Snowscape|[upkeep]
|-heal|p2b: Ninetales|96/100|[from] Grassy Terrain
|upkeep
|turn|3
|inactive|shminki has 30 seconds left.
|inactive|shminki has 20 seconds left.
|inactive|shminki has 15 seconds left.
|inactive|shminki has 10 seconds left.
|inactive|shminki has 5 seconds left.
|
|t:|1756874455
|switch|p2a: Rillaboom|Rillaboom, L50, F|100/100
|switch|p1b: Politoed|Politoed, L50, F|100/100
|-weather|RainDance|[from] ability: Drizzle|[of] p1b: Politoed
|move|p1a: Kingdra|Draco Meteor|p2a: Rillaboom
|-damage|p2a: Rillaboom|21/100
|-unboost|p1a: Kingdra|spa|2
|-damage|p1a: Kingdra|91/100|[from] item: Life Orb
|move|p2b: Ninetales|Encore|p1a: Kingdra
|-start|p1a: Kingdra|Encore
|
|-weather|RainDance|[upkeep]
|-heal|p1a: Kingdra|97/100|[from] Grassy Terrain
|-heal|p2b: Ninetales|100/100|[from] Grassy Terrain
|-heal|p2a: Rillaboom|26/100|[from] Grassy Terrain
|upkeep
|turn|4
|
|t:|1756874480
|switch|p1a: Incineroar|Incineroar, L50, M|100/100
|-ability|p1a: Incineroar|Intimidate|boost
|-unboost|p2a: Rillaboom|atk|1
|-unboost|p2b: Ninetales|atk|1
|switch|p2a: Gholdengo|Gholdengo, L50, tera:Water|100/100
|switch|p1b: Amoonguss|Amoonguss, L50, M|100/100
|move|p2b: Ninetales|Icy Wind|p1a: Incineroar|[spread] p1a,p1b
|-resisted|p1a: Incineroar
|-supereffective|p1b: Amoonguss
|-damage|p1a: Incineroar|95/100
|-damage|p1b: Amoonguss|70/100
|-unboost|p1a: Incineroar|spe|1
|-unboost|p1b: Amoonguss|spe|1
|-enditem|p1b: Amoonguss|Eject Button
|
|t:|1756874497
|switch|p1b: Kingdra|Kingdra, L50, F, tera:Stellar|97/100
|
|-weather|RainDance|[upkeep]
|-heal|p1b: Kingdra|100/100|[from] Grassy Terrain
|-heal|p1a: Incineroar|100/100|[from] Grassy Terrain
|upkeep
|turn|5
|inactive|intromition has 30 seconds left.
|
|t:|1756874525
|move|p1a: Incineroar|Fake Out|p2b: Ninetales
|-damage|p2b: Ninetales|82/100
|move|p1b: Kingdra|Draco Meteor|p2a: Gholdengo
|-damage|p2a: Gholdengo|24/100
|-unboost|p1b: Kingdra|spa|2
|-damage|p1b: Kingdra|91/100|[from] item: Life Orb
|cant|p2b: Ninetales|flinch
|move|p2a: Gholdengo|Nasty Plot|p2a: Gholdengo
|-boost|p2a: Gholdengo|spa|2
|
|-weather|RainDance|[upkeep]
|-heal|p1b: Kingdra|97/100|[from] Grassy Terrain
|-heal|p2b: Ninetales|88/100|[from] Grassy Terrain
|-heal|p2a: Gholdengo|31/100|[from] Grassy Terrain
|-fieldend|move: Grassy Terrain
|upkeep
|turn|6
|inactive|shminki has 30 seconds left.
|
|t:|1756874553
|switch|p1a: Politoed|Politoed, L50, F|100/100
|move|p2a: Gholdengo|Protect|p2a: Gholdengo
|-singleturn|p2a: Gholdengo|Protect
|move|p1b: Kingdra|Weather Ball|p2a: Gholdengo
|-activate|p2a: Gholdengo|move: Protect
|move|p2b: Ninetales|Icy Wind|p1a: Politoed|[spread] p1a,p1b
|-resisted|p1a: Politoed
|-damage|p1a: Politoed|94/100
|-damage|p1b: Kingdra|75/100
|-unboost|p1a: Politoed|spe|1
|-unboost|p1b: Kingdra|spe|1
|
|-weather|RainDance|[upkeep]
|-heal|p1a: Politoed|100/100|[from] item: Leftovers
|upkeep
|turn|7
|
|t:|1756874572
|switch|p2b: Rillaboom|Rillaboom, L50, F|26/100
|-fieldstart|move: Grassy Terrain|[from] ability: Grassy Surge|[of] p2b: Rillaboom
|switch|p1a: Incineroar|Incineroar, L50, M|100/100
|-ability|p1a: Incineroar|Intimidate|boost
|-unboost|p2a: Gholdengo|atk|1
|-unboost|p2b: Rillaboom|atk|1
|move|p1b: Kingdra|Protect|p1b: Kingdra
|-singleturn|p1b: Kingdra|Protect
|move|p2a: Gholdengo|Shadow Ball|p1b: Kingdra
|-activate|p1b: Kingdra|move: Protect
|
|-weather|none
|-heal|p1b: Kingdra|81/100|[from] Grassy Terrain
|-heal|p2b: Rillaboom|32/100|[from] Grassy Terrain
|-heal|p2a: Gholdengo|37/100|[from] Grassy Terrain
|upkeep
|turn|8
|inactive|intromition has 30 seconds left.
|inactive|shminki has 30 seconds left.
|j| caramelpainn
|
|t:|1756874600
|switch|p1b: Amoonguss|Amoonguss, L50, M|100/100
|move|p2b: Rillaboom|Fake Out|p1a: Incineroar
|-damage|p1a: Incineroar|93/100
|move|p2a: Gholdengo|Shadow Ball|p1b: Amoonguss
|-damage|p1b: Amoonguss|36/100
|cant|p1a: Incineroar|flinch
|
|-heal|p2b: Rillaboom|38/100|[from] Grassy Terrain
|-heal|p2a: Gholdengo|43/100|[from] Grassy Terrain
|-heal|p1a: Incineroar|99/100|[from] Grassy Terrain
|-heal|p1b: Amoonguss|42/100|[from] Grassy Terrain
|upkeep
|turn|9
|inactive|shminki has 30 seconds left.
|
|t:|1756874628
|switch|p2b: Sneasler|Sneasler, L50, M|100/100
|move|p2a: Gholdengo|Nasty Plot|p2a: Gholdengo
|-boost|p2a: Gholdengo|spa|2
|move|p1a: Incineroar|Knock Off|p2a: Gholdengo
|-damage|p2a: Gholdengo|18/100
|move|p1b: Amoonguss|Pollen Puff|p2b: Sneasler
|-resisted|p2b: Sneasler
|-damage|p2b: Sneasler|95/100
|
|-heal|p2b: Sneasler|100/100|[from] Grassy Terrain
|-heal|p2a: Gholdengo|24/100|[from] Grassy Terrain
|-heal|p1a: Incineroar|100/100|[from] Grassy Terrain
|-heal|p1b: Amoonguss|48/100|[from] Grassy Terrain
|upkeep
|turn|10
|
|t:|1756874649
|move|p2b: Sneasler|Close Combat|p1a: Incineroar
|-supereffective|p1a: Incineroar
|-damage|p1a: Incineroar|0 fnt
|-unboost|p2b: Sneasler|def|1
|-unboost|p2b: Sneasler|spd|1
|faint|p1a: Incineroar
|-enditem|p2b: Sneasler|White Herb
|-clearnegativeboost|p2b: Sneasler|[silent]
|move|p2a: Gholdengo|Shadow Ball|p1b: Amoonguss
|-damage|p1b: Amoonguss|0 fnt
|faint|p1b: Amoonguss
|
|-heal|p2a: Gholdengo|31/100|[from] Grassy Terrain
|upkeep
|
|t:|1756874661
|switch|p1a: Kingdra|Kingdra, L50, F, tera:Stellar|81/100
|switch|p1b: Politoed|Politoed, L50, F|100/100
|-weather|RainDance|[from] ability: Drizzle|[of] p1b: Politoed
|turn|11
|
|t:|1756874675
|move|p2a: Gholdengo|Protect|p2a: Gholdengo
|-singleturn|p2a: Gholdengo|Protect
|move|p2b: Sneasler|Dire Claw|p1a: Kingdra
|-damage|p1a: Kingdra|31/100
|-status|p1a: Kingdra|par
|move|p1a: Kingdra|Muddy Water|p2b: Sneasler|[spread] p2b
|-activate|p2a: Gholdengo|move: Protect
|-damage|p2b: Sneasler|15/100
|-unboost|p2b: Sneasler|accuracy|1
|-damage|p1a: Kingdra|21/100 par|[from] item: Life Orb
|move|p1b: Politoed|Perish Song|p1b: Politoed
|-start|p1a: Kingdra|perish3|[silent]
|-start|p1b: Politoed|perish3|[silent]
|-immune|p2a: Gholdengo|[from] ability: Good as Gold
|-start|p2b: Sneasler|perish3|[silent]
|-fieldactivate|move: Perish Song
|
|-weather|RainDance|[upkeep]
|-heal|p2b: Sneasler|21/100|[from] Grassy Terrain
|-heal|p1a: Kingdra|27/100 par|[from] Grassy Terrain
|-heal|p2a: Gholdengo|37/100|[from] Grassy Terrain
|-start|p2b: Sneasler|perish3
|-start|p1a: Kingdra|perish3
|-start|p1b: Politoed|perish3
|-fieldend|move: Grassy Terrain
|upkeep
|turn|12
|
|t:|1756874697
|switch|p2b: Ninetales|Ninetales-Alola, L50, M|88/100
|-weather|Snowscape|[from] ability: Snow Warning|[of] p2b: Ninetales
|move|p2a: Gholdengo|Make It Rain|p1b: Politoed|[spread] p1a,p1b
|-resisted|p1a: Kingdra
|-resisted|p1b: Politoed
|-damage|p1a: Kingdra|0 fnt
|-damage|p1b: Politoed|47/100
|-unboost|p2a: Gholdengo|spa|1
|faint|p1a: Kingdra
|move|p1b: Politoed|Weather Ball|p2a: Gholdengo
|-resisted|p2a: Gholdengo
|-damage|p2a: Gholdengo|26/100
|
|-weather|Snowscape|[upkeep]
|-heal|p1b: Politoed|53/100|[from] item: Leftovers
|-start|p1b: Politoed|perish2
|upkeep
|turn|13
|-message|intromition forfeited.
|raw|intromition's rating: 1053 → 1040(-13 for losing)
|raw|shminki's rating: 1161 → 1178(+17 for winning)
|
|win|shminki
|l|☆intromition
|player|p1|
