|j|☆EZMELL
|j|☆papyth
|html|EZMELLpapyth    
|uhtml|bestof|Game 2 of a best-of-3
|t:|1784191068
|gametype|doubles
|player|p1|EZMELL|1|1000
|player|p2|papyth|101|1101
|gen|9
|tier|[Gen 9 Champions] VGC 2026 Reg M-B (Bo3)
|rated|
|rule|Species Clause: Limit one of each Pokémon
|rule|Item Clause: Limit 1 of each item
|clearpoke
|poke|p1|Aerodactyl, L50, F, shiny|
|poke|p1|Charizard, L50, M, shiny|
|poke|p1|Farigiraf, L50, F|
|poke|p1|Kingambit, L50, F|
|poke|p1|Sylveon, L50, F|
|poke|p1|Garchomp, L50, F|
|poke|p2|Drampa, L50, F|
|poke|p2|Farigiraf, L50, M|
|poke|p2|Torkoal, L50, F|
|poke|p2|Vivillon, L50, F|
|poke|p2|Garchomp, L50, F|
|poke|p2|Mawile, L50, F|
|teampreview|4
|showteam|p1|Aerodactyl||Aerodactylite|Unnerve|DualWingbeat,Tailwind,IceFang,RockSlide|Jolly||F|||50|]Charizard||CharizarditeY|Blaze|Protect,WeatherBall,SolarBeam,HeatWave|Modest||M|||50|]Farigiraf||SitrusBerry|ArmorTail|TrickRoom,Roar,Thunderbolt,TwinBeam|Bold||F|||50|]Kingambit||FocusSash|Defiant|SuckerPunch,IronHead,KowtowCleave,LowKick|Adamant||F|||50|]Sylveon||FairyFeather|Pixilate|Detect,HyperBeam,QuickAttack,HyperVoice|Modest||F|||50|]Garchomp||SoftSand|RoughSkin|Protect,Earthquake,DragonClaw,StompingTantrum|Jolly||F|||50|
|showteam|p2|Drampa||Drampanite|SapSipper|DracoMeteor,HyperBeam,Protect,HyperVoice|Modest||F|||50|]Farigiraf||Leftovers|ArmorTail|TrickRoom,HelpingHand,Thunderbolt,PsychicNoise|Quiet||M|||50|]Torkoal||SitrusBerry|Drought|Eruption,WeatherBall,IronDefense,BodyPress|Quiet||F|||50|]Vivillon||FocusSash|FriendGuard|Tailwind,SleepPowder,Uturn,BugBuzz|Timid||F|||50|]Garchomp||LifeOrb|RoughSkin|StompingTantrum,Protect,DragonRush,RockSlide|Jolly||F|||50|]Mawile||Mawilite|Intimidate|PlayRough,IronHead,IcePunch,Protect|Brave||F|||50|
|inactive|Battle timer is ON: inactive players will automatically lose when time's up. (requested by papyth)
|inactive|EZMELL has 60 seconds left.
|
|t:|1784191129
|teamsize|p1|4
|teamsize|p2|4
|start
|switch|p1a: Aerodactyl|Aerodactyl, L50, F, shiny|100/100
|switch|p1b: Kingambit|Kingambit, L50, F|100/100
|switch|p2a: Vivillon|Vivillon, L50, F|100/100
|switch|p2b: Garchomp|Garchomp, L50, F|100/100
|-ability|p1a: Aerodactyl|Unnerve
|turn|1
|
|t:|1784191152
|detailschange|p1a: Aerodactyl|Aerodactyl-Mega, L50, F, shiny
|-mega|p1a: Aerodactyl|Aerodactyl|Aerodactylite
|move|p1a: Aerodactyl|Rock Slide|p2b: Garchomp|[spread] p2a,p2b
|-supereffective|p2a: Vivillon|2
|-resisted|p2b: Garchomp|1
|-enditem|p2a: Vivillon|Focus Sash
|-damage|p2a: Vivillon|1/100
|-damage|p2b: Garchomp|89/100
|cant|p2b: Garchomp|flinch
|move|p2a: Vivillon|Sleep Powder|p1a: Aerodactyl|[miss]
|-miss|p2a: Vivillon|p1a: Aerodactyl
|move|p1b: Kingambit|Iron Head|p2a: Vivillon
|-damage|p2a: Vivillon|0 fnt
|faint|p2a: Vivillon
|
|upkeep
|
|t:|1784191167
|switch|p2a: Mawile|Mawile, L50, F|100/100
|-ability|p2a: Mawile|Intimidate|boost
|-unboost|p1a: Aerodactyl|atk|1
|-unboost|p1b: Kingambit|atk|1
|-ability|p1b: Kingambit|Defiant|boost
|-boost|p1b: Kingambit|atk|2
|turn|2
|inactive|EZMELL has 30 seconds left.
|
|t:|1784191195
|detailschange|p2a: Mawile|Mawile-Mega, L50, F
|-mega|p2a: Mawile|Mawile|Mawilite
|move|p1a: Aerodactyl|Tailwind|p1a: Aerodactyl
|-sidestart|p1: EZMELL|move: Tailwind
|move|p2b: Garchomp|Stomping Tantrum|p1b: Kingambit
|-supereffective|p1b: Kingambit|1
|-enditem|p1b: Kingambit|Focus Sash
|-damage|p1b: Kingambit|1/100
|-damage|p2b: Garchomp|80/100|[from] item: Life Orb
|move|p1b: Kingambit|Low Kick|p2a: Mawile
|-damage|p2a: Mawile|75/100
|move|p2a: Mawile|Ice Punch|p1a: Aerodactyl
|-supereffective|p1a: Aerodactyl|1
|-damage|p1a: Aerodactyl|0 fnt
|faint|p1a: Aerodactyl
|
|upkeep
|
|t:|1784191214
|switch|p1a: Sylveon|Sylveon, L50, F|100/100
|turn|3
|
|t:|1784191226
|switch|p1b: Garchomp|Garchomp, L50, F|100/100
|move|p1a: Sylveon|Hyper Voice|p2a: Mawile|[spread] p2a,p2b
|-resisted|p2a: Mawile|1
|-supereffective|p2b: Garchomp|1
|-crit|p2b: Garchomp
|-damage|p2a: Mawile|44/100
|-damage|p2b: Garchomp|0 fnt
|faint|p2b: Garchomp
|move|p2a: Mawile|Iron Head|p1a: Sylveon
|-supereffective|p1a: Sylveon|1
|-damage|p1a: Sylveon|0 fnt
|faint|p1a: Sylveon
|
|upkeep
|
|t:|1784191239
|switch|p2b: Torkoal|Torkoal, L50, F|100/100
|switch|p1a: Kingambit|Kingambit, L50, F|1/100
|-weather|SunnyDay|[from] ability: Drought|[of] p2b: Torkoal
|turn|4
|
|t:|1784191253
|move|p2a: Mawile|Protect|p2a: Mawile
|-singleturn|p2a: Mawile|Protect
|move|p1b: Garchomp|Earthquake|p2a: Mawile|[spread] p1a,p2b
|-activate|p2a: Mawile|move: Protect
|-supereffective|p1a: Kingambit|1
|-supereffective|p2b: Torkoal|1
|-damage|p1a: Kingambit|0 fnt
|-damage|p2b: Torkoal|31/100
|-enditem|p2b: Torkoal|Sitrus Berry|[eat]
|-heal|p2b: Torkoal|55/100|[from] item: Sitrus Berry
|faint|p1a: Kingambit
|move|p2b: Torkoal|Eruption|p1b: Garchomp
|-resisted|p1b: Garchomp|1
|-damage|p1b: Garchomp|67/100
|
|-weather|SunnyDay|[upkeep]
|upkeep
|turn|5
|inactive|papyth has 30 seconds left.
|
|t:|1784191281
|move|p1b: Garchomp|Earthquake|p2b: Torkoal|[spread] p2a,p2b
|-supereffective|p2a: Mawile|1
|-supereffective|p2b: Torkoal|1
|-damage|p2a: Mawile|0 fnt
|-damage|p2b: Torkoal|0 fnt
|faint|p2a: Mawile
|faint|p2b: Torkoal
|
|win|EZMELL
||papyth is ready for game 3.
||EZMELL is ready for game 3.
|uhtml|next|Next: Game 3 of 3
|l|☆papyth
|player|p2|
