|j|☆GexVGC
|j|☆lukashz
|html|GexVGClukashz    
|uhtml|bestof|Game 1 of a best-of-3
|t:|1783313835
|gametype|doubles
|player|p1|GexVGC|169|1219
|player|p2|lukashz|elesa|1316
|gen|9
|tier|[Gen 9 Champions] VGC 2026 Reg M-B (Bo3)
|rated|
|rule|Species Clause: Limit one of each Pokémon
|rule|Item Clause: Limit 1 of each item
|clearpoke
|poke|p1|Metagross, L50, shiny|
|poke|p1|Maushold, L50|
|poke|p1|Incineroar, L50, F|
|poke|p1|Delphox, L50, M|
|poke|p1|Sinistcha, L50|
|poke|p1|Grimmsnarl, L50, M|
|poke|p2|Chandelure, L50, F|
|poke|p2|Kangaskhan, L50, F|
|poke|p2|Basculegion, L50, M|
|poke|p2|Sylveon, L50, M|
|poke|p2|Kingambit, L50, F|
|poke|p2|Sneasler, L50, M|
|teampreview|4
|showteam|p1|Metagross||Metagrossite|ClearBody|IronDefense,IronHead,PsychicFangs,BodyPress|Jolly|||||50|]Maushold||ChopleBerry|FriendGuard|Feint,FollowMe,Protect,SuperFang|Impish|||||50|]Incineroar||PasshoBerry|Intimidate|DarkestLariat,PartingShot,FlareBlitz,FakeOut|Impish||F|||50|]Delphox||Delphoxite|Blaze|HeatWave,Psychic,Protect,NastyPlot|Timid||M|||50|]Sinistcha||KasibBerry|Hospitality|MatchaGotcha,RagePowder,Protect,TrickRoom|Bold|||||50|]Grimmsnarl||LightClay|Prankster|FoulPlay,Reflect,LightScreen,PartingShot|Calm||M|||50|
|showteam|p2|Chandelure||FocusSash|FlashFire|HeatWave,ShadowBall,TrickRoom,Taunt|Quiet||F|||50|]Kangaskhan||Kangaskhanite|InnerFocus|FakeOut,DoubleEdge,SuckerPunch,SunnyDay|Brave||F|||50|]Basculegion||MysticWater|Adaptability|WaveCrash,LastRespects,AquaJet,Protect|Brave||M|||50|]Sylveon||FairyFeather|Pixilate|HyperVoice,Protect,HyperBeam,QuickAttack|Quiet||M|||50|]Kingambit||BlackGlasses|Defiant|KowtowCleave,SuckerPunch,IronHead,LowKick|Brave||F|||50|]Sneasler||WhiteHerb|Unburden|FakeOut,Coaching,CloseCombat,DireClaw|Jolly||M|||50|
|inactive|Battle timer is ON: inactive players will automatically lose when time's up. (requested by GexVGC)
|inactive|GexVGC has 60 seconds left.
|inactive|lukashz has 60 seconds left.
|
|t:|1783313899
|teamsize|p1|4
|teamsize|p2|4
|start
|switch|p1a: Incineroar|Incineroar, L50, F|100/100
|switch|p1b: Delphox|Delphox, L50, M|100/100
|switch|p2a: Sneasler|Sneasler, L50, M|100/100
|switch|p2b: Basculegion|Basculegion, L50, M|100/100
|-ability|p1a: Incineroar|Intimidate|boost
|-unboost|p2a: Sneasler|atk|1
|-unboost|p2b: Basculegion|atk|1
|-enditem|p2a: Sneasler|White Herb
|-clearnegativeboost|p2a: Sneasler|[silent]
|turn|1
|inactive|lukashz has 30 seconds left.
|inactive|lukashz has 20 seconds left.
|inactive|lukashz has 15 seconds left.
|inactive|lukashz has 10 seconds left.
|
|t:|1783313949
|switch|p1b: Grimmsnarl|Grimmsnarl, L50, M|100/100
|move|p2a: Sneasler|Fake Out|p1a: Incineroar
|-damage|p1a: Incineroar|91/100
|cant|p1a: Incineroar|flinch
|move|p2b: Basculegion|Wave Crash|p1a: Incineroar
|-supereffective|p1a: Incineroar|1
|-enditem|p1a: Incineroar|Passho Berry|[eat]
|-enditem|p1a: Incineroar|Passho Berry|[weaken]
|-damage|p1a: Incineroar|42/100
|-damage|p2b: Basculegion|85/100|[from] Recoil
|
|upkeep
|turn|2
|
|t:|1783313966
|switch|p1a: Maushold|Maushold, L50|100/100
|move|p1b: Grimmsnarl|Reflect|p1b: Grimmsnarl
|-sidestart|p1: GexVGC|Reflect
|move|p2a: Sneasler|Close Combat|p1a: Maushold
|-supereffective|p1a: Maushold|1
|-enditem|p1a: Maushold|Chople Berry|[eat]
|-enditem|p1a: Maushold|Chople Berry|[weaken]
|-damage|p1a: Maushold|62/100
|-unboost|p2a: Sneasler|def|1
|-unboost|p2a: Sneasler|spd|1
|move|p2b: Basculegion|Wave Crash|p1b: Grimmsnarl
|-damage|p1b: Grimmsnarl|61/100
|-damage|p2b: Basculegion|75/100|[from] Recoil
|
|upkeep
|turn|3
|inactive|lukashz has 30 seconds left.
|
|t:|1783313991
|switch|p1a: Incineroar|Incineroar, L50, F|42/100
|-ability|p1a: Incineroar|Intimidate|boost
|-unboost|p2a: Sneasler|atk|1
|-unboost|p2b: Basculegion|atk|1
|switch|p2b: Kingambit|Kingambit, L50, F|100/100
|move|p1b: Grimmsnarl|Parting Shot|p2a: Sneasler
|-unboost|p2a: Sneasler|atk|1
|-unboost|p2a: Sneasler|spa|1
|
|t:|1783313999
|switch|p1b: Delphox|Delphox, L50, M|100/100|[from] Parting Shot
|move|p2a: Sneasler|Coaching|p2b: Kingambit
|-boost|p2b: Kingambit|atk|1
|-boost|p2b: Kingambit|def|1
|
|upkeep
|turn|4
|inactive|GexVGC has 30 seconds left.
|
|t:|1783314032
|switch|p2a: Chandelure|Chandelure, L50, F|100/100
|switch|p1a: Maushold|Maushold, L50|62/100
|switch|p2b: Basculegion|Basculegion, L50, M|75/100
|detailschange|p1b: Delphox|Delphox-Mega, L50, M
|-mega|p1b: Delphox|Delphox|Delphoxite
|move|p1b: Delphox|Nasty Plot|p1b: Delphox
|-boost|p1b: Delphox|spa|2
|
|upkeep
|turn|5
|inactive|lukashz has 30 seconds left.
|inactive|lukashz has 20 seconds left.
|inactive|lukashz has 15 seconds left.
|
|t:|1783314077
|switch|p2b: Kingambit|Kingambit, L50, F|100/100
|move|p1a: Maushold|Follow Me|p1a: Maushold
|-singleturn|p1a: Maushold|move: Follow Me
|move|p1b: Delphox|Psychic|p2b: Kingambit
|-immune|p2b: Kingambit
|move|p2a: Chandelure|Trick Room|p2a: Chandelure
|-fieldstart|move: Trick Room|[of] p2a: Chandelure
|
|upkeep
|turn|6
|
|t:|1783314098
|move|p1a: Maushold|Follow Me|p1a: Maushold
|-singleturn|p1a: Maushold|move: Follow Me
|move|p2b: Kingambit|Kowtow Cleave|p1a: Maushold
|-damage|p1a: Maushold|22/100
|move|p2a: Chandelure|Heat Wave|p1a: Maushold|[spread] p1a,p1b
|-resisted|p1b: Delphox|1
|-damage|p1a: Maushold|0 fnt
|-damage|p1b: Delphox|85/100
|faint|p1a: Maushold
|move|p1b: Delphox|Heat Wave|p2a: Chandelure|[spread] p2b
|-start|p2a: Chandelure|ability: Flash Fire
|-supereffective|p2b: Kingambit|1
|-damage|p2b: Kingambit|0 fnt
|faint|p2b: Kingambit
|
|upkeep
|
|t:|1783314112
|switch|p2b: Basculegion|Basculegion, L50, M|75/100
|switch|p1a: Incineroar|Incineroar, L50, F|42/100
|-ability|p1a: Incineroar|Intimidate|boost
|-unboost|p2a: Chandelure|atk|1
|-unboost|p2b: Basculegion|atk|1
|turn|7
|
|t:|1783314130
|switch|p1b: Grimmsnarl|Grimmsnarl, L50, M|61/100
|move|p1a: Incineroar|Darkest Lariat|p2a: Chandelure
|-supereffective|p2a: Chandelure|1
|-damage|p2a: Chandelure|24/100
|move|p2b: Basculegion|Wave Crash|p1a: Incineroar
|-supereffective|p1a: Incineroar|1
|-damage|p1a: Incineroar|0 fnt
|faint|p1a: Incineroar
|-damage|p2b: Basculegion|63/100|[from] Recoil
|move|p2a: Chandelure|Shadow Ball|p1b: Grimmsnarl
|-resisted|p1b: Grimmsnarl|1
|-damage|p1b: Grimmsnarl|38/100
|-unboost|p1b: Grimmsnarl|spd|1
|
|upkeep
|
|t:|1783314139
|switch|p1a: Delphox|Delphox-Mega, L50, M|85/100
|turn|8
|
|t:|1783314157
|move|p1b: Grimmsnarl|Light Screen|p1b: Grimmsnarl
|-sidestart|p1: GexVGC|move: Light Screen
|move|p2b: Basculegion|Wave Crash|p1a: Delphox
|-supereffective|p1a: Delphox|1
|-damage|p1a: Delphox|0 fnt
|faint|p1a: Delphox
|-damage|p2b: Basculegion|43/100|[from] Recoil
|move|p2a: Chandelure|Heat Wave|p1b: Grimmsnarl
|-damage|p1b: Grimmsnarl|0 fnt
|faint|p1b: Grimmsnarl
|
|win|lukashz
||lukashz is ready for game 2.
||GexVGC is ready for game 2.
|uhtml|next|Next: Game 2 of 3
|l|☆GexVGC
|player|p1|
