|j|☆graphman31
|j|☆freudianbreath
|html|graphman31freudianbreath    
|uhtml|bestof|Game 1 of a best-of-3
|t:|1783890709
|gametype|doubles
|player|p1|graphman31|alder|1000
|player|p2|freudianbreath|1|1079
|gen|9
|tier|[Gen 9 Champions] VGC 2026 Reg M-B (Bo3)
|rated|
|rule|Species Clause: Limit one of each Pokémon
|rule|Item Clause: Limit 1 of each item
|clearpoke
|poke|p1|Blastoise, L50, F|
|poke|p1|Sneasler, L50, F|
|poke|p1|Maushold, L50|
|poke|p1|Incineroar, L50, F|
|poke|p1|Sinistcha, L50|
|poke|p1|Blaziken, L50, M|
|poke|p2|Charizard, L50, F|
|poke|p2|Whimsicott, L50, M|
|poke|p2|Gholdengo, L50|
|poke|p2|Drampa, L50, F|
|poke|p2|Grimmsnarl, L50, M|
|poke|p2|Farigiraf, L50, M|
|teampreview|4
|showteam|p1|Blastoise||Blastoisinite|RainDish|DarkPulse,WaterSpout,ShellSmash,Protect|Modest||F|||50|]Sneasler||FocusSash|Unburden|FakeOut,RockTomb,CloseCombat,DireClaw|Jolly||F|||50|]Maushold||WideLens|Technician|PopulationBomb,FollowMe,TidyUp,Protect|Jolly|||||50|]Incineroar||SitrusBerry|Intimidate|FakeOut,HelpingHand,PartingShot,FlareBlitz|Careful||F|||50|]Sinistcha||KasibBerry|Hospitality|MatchaGotcha,RagePowder,TrickRoom,Protect|Sassy|||||50|]Blaziken||Blazikenite|SpeedBoost|SwordsDance,FlareBlitz,CloseCombat,Detect|Adamant||M|||50|
|showteam|p2|Charizard||CharizarditeX|SolarPower|FlareBlitz,DragonClaw,DragonDance,Protect|Adamant||F|||50|]Whimsicott||FocusSash|Prankster|Protect,Tailwind,SunnyDay,DazzlingGleam|Timid||M|||50|]Gholdengo||LifeOrb|GoodasGold|MakeItRain,NastyPlot,Protect,ShadowBall|Timid|||||50|]Drampa||Drampanite|Berserk|CalmMind,Roost,DracoMeteor,HyperVoice|Bold||F|||50|]Grimmsnarl||LightClay|Prankster|Reflect,LightScreen,SpiritBreak,FakeOut|Adamant||M|||50|]Farigiraf||SitrusBerry|ArmorTail|TrickRoom,HelpingHand,HyperVoice,PsychicNoise|Quiet||M|||50|
|c|☆graphman31|glhf
|inactive|Battle timer is ON: inactive players will automatically lose when time's up. (requested by graphman31)
|
|t:|1783890813
|teamsize|p1|4
|teamsize|p2|4
|start
|switch|p1a: Blastoise|Blastoise, L50, F|100/100
|switch|p1b: Sneasler|Sneasler, L50, F|100/100
|switch|p2a: Drampa|Drampa, L50, F|100/100
|switch|p2b: Grimmsnarl|Grimmsnarl, L50, M|100/100
|turn|1
|inactive|graphman31 has 30 seconds left.
|inactive|freudianbreath has 30 seconds left.
|
|t:|1783890843
|switch|p2a: Farigiraf|Farigiraf, L50, M|100/100
|detailschange|p1a: Blastoise|Blastoise-Mega, L50, F
|-mega|p1a: Blastoise|Blastoise|Blastoisinite
|move|p2b: Grimmsnarl|Light Screen|p2b: Grimmsnarl
|-sidestart|p2: freudianbreath|move: Light Screen
|move|p1b: Sneasler|Close Combat|p2a: Farigiraf
|-damage|p2a: Farigiraf|37/100
|-unboost|p1b: Sneasler|def|1
|-unboost|p1b: Sneasler|spd|1
|-enditem|p2a: Farigiraf|Sitrus Berry|[eat]
|-heal|p2a: Farigiraf|62/100|[from] item: Sitrus Berry
|move|p1a: Blastoise|Shell Smash|p1a: Blastoise
|-unboost|p1a: Blastoise|def|1
|-unboost|p1a: Blastoise|spd|1
|-boost|p1a: Blastoise|atk|2
|-boost|p1a: Blastoise|spa|2
|-boost|p1a: Blastoise|spe|2
|
|upkeep
|turn|2
|inactive|graphman31 has 30 seconds left.
|inactive|freudianbreath has 30 seconds left.
|inactive|freudianbreath has 20 seconds left.
|inactive|freudianbreath has 15 seconds left.
|inactive|freudianbreath has 10 seconds left.
|inactive|freudianbreath has 5 seconds left.
|
|t:|1783890898
|move|p2b: Grimmsnarl|Reflect|p2b: Grimmsnarl
|-sidestart|p2: freudianbreath|Reflect
|move|p1a: Blastoise|Water Spout|p2a: Farigiraf|[spread] p2a,p2b
|-damage|p2a: Farigiraf|0 fnt
|-damage|p2b: Grimmsnarl|5/100
|faint|p2a: Farigiraf
|move|p1b: Sneasler|Dire Claw|p2b: Grimmsnarl
|-supereffective|p2b: Grimmsnarl|1
|-damage|p2b: Grimmsnarl|0 fnt
|faint|p2b: Grimmsnarl
|
|upkeep
|
|t:|1783890909
|switch|p2b: Drampa|Drampa, L50, F|100/100
|switch|p2a: Charizard|Charizard, L50, F|100/100
|turn|3
|inactive|freudianbreath has 30 seconds left.
|inactive|freudianbreath has 20 seconds left.
|inactive|freudianbreath has 15 seconds left.
|
|t:|1783890949
|detailschange|p2b: Drampa|Drampa-Mega, L50, F
|-mega|p2b: Drampa|Drampa|Drampanite
|move|p2a: Charizard|Protect|p2a: Charizard
|-singleturn|p2a: Charizard|Protect
|move|p1a: Blastoise|Water Spout|p2b: Drampa|[spread] p2b
|-activate|p2a: Charizard|move: Protect
|-resisted|p2b: Drampa|1
|-damage|p2b: Drampa|61/100
|move|p1b: Sneasler|Rock Tomb|p2a: Charizard
|-activate|p2a: Charizard|move: Protect
|move|p2b: Drampa|Hyper Voice|p1b: Sneasler|[spread] p1a,p1b
|-damage|p1a: Blastoise|42/100
|-damage|p1b: Sneasler|32/100
|
|upkeep
|turn|4
|inactive|freudianbreath has 30 seconds left.
|inactive|freudianbreath has 20 seconds left.
|inactive|freudianbreath has 15 seconds left.
|
|t:|1783890989
|move|p1a: Blastoise|Dark Pulse|p2b: Drampa
|-damage|p2b: Drampa|7/100
|-ability|p2b: Drampa|Berserk|boost
|-boost|p2b: Drampa|spa|1
|move|p1b: Sneasler|Rock Tomb|p2a: Charizard
|-supereffective|p2a: Charizard|2
|-damage|p2a: Charizard|19/100
|-unboost|p2a: Charizard|spe|1
|move|p2a: Charizard|Dragon Claw|p1b: Sneasler
|-damage|p1b: Sneasler|0 fnt
|faint|p1b: Sneasler
|move|p2b: Drampa|Roost|p2b: Drampa
|-heal|p2b: Drampa|57/100
|-singleturn|p2b: Drampa|move: Roost
|
|upkeep
|
|t:|1783891003
|switch|p1b: Sinistcha|Sinistcha, L50|100/100
|-heal|p1a: Blastoise|67/100|[from] ability: Hospitality|[of] p1b: Sinistcha
|turn|5
|inactive|freudianbreath has 30 seconds left.
|
|t:|1783891036
|move|p1a: Blastoise|Water Spout|p2a: Charizard|[spread] p2a,p2b
|-supereffective|p2a: Charizard|1
|-resisted|p2b: Drampa|1
|-damage|p2a: Charizard|0 fnt
|-damage|p2b: Drampa|32/100
|faint|p2a: Charizard
|-ability|p2b: Drampa|Berserk|boost
|-boost|p2b: Drampa|spa|1
|move|p1b: Sinistcha|Matcha Gotcha|p2b: Drampa|[miss]
|-miss|p1b: Sinistcha|p2b: Drampa
|move|p2b: Drampa|Draco Meteor|p1a: Blastoise
|-damage|p1a: Blastoise|0 fnt
|-unboost|p2b: Drampa|spa|2
|faint|p1a: Blastoise
|
|upkeep
|
|t:|1783891047
|switch|p1a: Maushold|Maushold, L50|100/100
|turn|6
|inactive|freudianbreath has 30 seconds left.
|
|t:|1783891076
|move|p1a: Maushold|Population Bomb|p2b: Drampa
|-damage|p2b: Drampa|27/100
|-damage|p2b: Drampa|22/100
|-damage|p2b: Drampa|17/100
|-damage|p2b: Drampa|12/100
|-damage|p2b: Drampa|7/100
|-damage|p2b: Drampa|1/100
|-damage|p2b: Drampa|0 fnt
|faint|p2b: Drampa
|-hitcount|p2: Drampa|7
|
|win|graphman31
||graphman31 is ready for game 2.
|inactive|freudianbreath has 30 seconds to confirm battle start!
||freudianbreath is ready for game 2.
|uhtml|next|Next: Game 2 of 3
