|j|☆Slabadie
|j|☆EvioExess
|html|SlabadieEvioExess    
|uhtml|bestof|Game 2 of a best-of-3
|t:|1784900248
|gametype|doubles
|player|p1|Slabadie|169|1000
|player|p2|EvioExess|266|1076
|gen|9
|tier|[Gen 9 Champions] VGC 2026 Reg M-B (Bo3)
|rated|
|rule|Species Clause: Limit one of each Pokémon
|rule|Item Clause: Limit 1 of each item
|clearpoke
|poke|p1|Froslass, L50, F|
|poke|p1|Kingambit, L50, F|
|poke|p1|Sneasler, L50, F|
|poke|p1|Toxapex, L50, M|
|poke|p1|Aerodactyl, L50, M|
|poke|p1|Lycanroc-Dusk, L50, F|
|poke|p2|Farigiraf, L50, F|
|poke|p2|Aerodactyl, L50, M|
|poke|p2|Kingambit, L50, F|
|poke|p2|Garchomp, L50, F|
|poke|p2|Charizard, L50, M|
|poke|p2|Ninetales-Alola, L50, M|
|teampreview|4
|showteam|p1|Froslass||Froslassite|CursedBody|Blizzard,ShadowBall,Protect,AuroraVeil|Timid||F|||50|]Kingambit||BlackGlasses|Defiant|IronHead,SuckerPunch,KowtowCleave,Protect|Adamant||F|||50|]Sneasler||WhiteHerb|Unburden|CloseCombat,FakeOut,Protect,DireClaw|Adamant||F|||50|]Toxapex||Leftovers|Regenerator|Infestation,Recover,WideGuard,BanefulBunker|Bold||M|||50|]Aerodactyl||Aerodactylite|RockHead|DualWingbeat,RockSlide,Tailwind,Protect|Jolly||M|||50|]Lycanroc-Dusk||FocusSash|ToughClaws|CloseCombat,Accelerock,Protect,RockSlide|Jolly||F|||50|
|showteam|p2|Farigiraf||SitrusBerry|ArmorTail|TrickRoom,TwinBeam,HelpingHand,Thunderbolt|Bold||F|||50|]Aerodactyl||Aerodactylite|Unnerve|RockSlide,Protect,Tailwind,Taunt|Jolly||M|||50|]Kingambit||FocusSash|Defiant|IronHead,SuckerPunch,LowKick,Protect|Adamant||F|||50|]Garchomp||LifeOrb|RoughSkin|DragonClaw,Earthquake,StompingTantrum,Protect|Adamant||F|||50|]Charizard||CharizarditeY|Blaze|WeatherBall,HeatWave,SolarBeam,Protect|Modest||M|||50|]Ninetales-Alola||NeverMeltIce|SnowWarning|Blizzard,FreezeDry,Moonblast,Protect|Timid||M|||50|
|
|t:|1784900270
|teamsize|p1|4
|teamsize|p2|4
|start
|switch|p1a: Toxapex|Toxapex, L50, M|100/100
|switch|p1b: Aerodactyl|Aerodactyl, L50, M|100/100
|switch|p2a: LA GIRAFFA|Farigiraf, L50, F|100/100
|switch|p2b: DINOSAUVO|Aerodactyl, L50, M|100/100
|-ability|p2b: DINOSAUVO|Unnerve
|turn|1
|
|t:|1784900292
|switch|p2b: Chompy|Garchomp, L50, F|100/100
|detailschange|p1b: Aerodactyl|Aerodactyl-Mega, L50, M
|-mega|p1b: Aerodactyl|Aerodactyl|Aerodactylite
|move|p1b: Aerodactyl|Rock Slide|p2a: LA GIRAFFA|[spread] p2b
|-miss|p1b: Aerodactyl|p2a: LA GIRAFFA
|-resisted|p2b: Chompy|1
|-damage|p2b: Chompy|85/100
|move|p1a: Toxapex|Infestation|p2a: LA GIRAFFA
|-supereffective|p2a: LA GIRAFFA|1
|-damage|p2a: LA GIRAFFA|92/100
|-activate|p2a: LA GIRAFFA|move: Infestation|[of] p1a: Toxapex
|move|p2a: LA GIRAFFA|Trick Room|p2a: LA GIRAFFA
|-fieldstart|move: Trick Room|[of] p2a: LA GIRAFFA
|
|-damage|p2a: LA GIRAFFA|80/100|[from] move: Infestation|[partiallytrapped]
|upkeep
|turn|2
|
|t:|1784900329
|move|p1a: Toxapex|Baneful Bunker|p1a: Toxapex
|-singleturn|p1a: Toxapex|move: Protect
|move|p2a: LA GIRAFFA|Thunderbolt|p1a: Toxapex
|-activate|p1a: Toxapex|move: Protect
|move|p2b: Chompy|Stomping Tantrum|p1b: Aerodactyl
|-immune|p1b: Aerodactyl
|move|p1b: Aerodactyl|Dual Wingbeat|p2a: LA GIRAFFA
|-damage|p2a: LA GIRAFFA|58/100
|-crit|p2a: LA GIRAFFA
|-damage|p2a: LA GIRAFFA|27/100
|-enditem|p2a: LA GIRAFFA|Sitrus Berry|[eat]
|-heal|p2a: LA GIRAFFA|52/100|[from] item: Sitrus Berry
|-hitcount|p2a: LA GIRAFFA|2
|
|-damage|p2a: LA GIRAFFA|39/100|[from] move: Infestation|[partiallytrapped]
|upkeep
|turn|3
|
|t:|1784900348
|move|p2a: LA GIRAFFA|Helping Hand|p2b: Chompy
|-singleturn|p2b: Chompy|Helping Hand|[of] p2a: LA GIRAFFA
|move|p1a: Toxapex|Infestation|p2b: Chompy
|-damage|p2b: Chompy|82/100
|-activate|p2b: Chompy|move: Infestation|[of] p1a: Toxapex
|-damage|p1a: Toxapex|87/100|[from] ability: Rough Skin|[of] p2b: Chompy
|move|p2b: Chompy|Stomping Tantrum|p1a: Toxapex
|-supereffective|p1a: Toxapex|1
|-damage|p1a: Toxapex|0 fnt
|faint|p1a: Toxapex
|-damage|p2b: Chompy|72/100|[from] item: Life Orb
|move|p1b: Aerodactyl|Dual Wingbeat|p2a: LA GIRAFFA
|-damage|p2a: LA GIRAFFA|17/100
|-damage|p2a: LA GIRAFFA|0 fnt
|faint|p2a: LA GIRAFFA
|-hitcount|p2: LA GIRAFFA|2
|
|-end|p2b: Chompy|Infestation|[partiallytrapped]|[silent]
|upkeep
|
|t:|1784900366
|switch|p1a: Sneasler|Sneasler, L50, F|100/100
|switch|p2a: DINOSAUVO|Aerodactyl, L50, M|100/100
|-ability|p2a: DINOSAUVO|Unnerve
|turn|4
|
|t:|1784900377
|move|p2a: DINOSAUVO|Protect|p2a: DINOSAUVO
|-singleturn|p2a: DINOSAUVO|Protect
|move|p1a: Sneasler|Fake Out|p2b: Chompy
|-damage|p2b: Chompy|56/100
|-damage|p1a: Sneasler|87/100|[from] ability: Rough Skin|[of] p2b: Chompy
|cant|p2b: Chompy|flinch
|move|p1b: Aerodactyl|Rock Slide|p2a: DINOSAUVO|[spread] 
|-activate|p2a: DINOSAUVO|move: Protect
|-miss|p1b: Aerodactyl|p2b: Chompy
|
|upkeep
|turn|5
|
|t:|1784900397
|move|p2b: Chompy|Stomping Tantrum|p1a: Sneasler
|-supereffective|p1a: Sneasler|1
|-damage|p1a: Sneasler|0 fnt
|faint|p1a: Sneasler
|-damage|p2b: Chompy|46/100|[from] item: Life Orb
|move|p2a: DINOSAUVO|Tailwind|p2a: DINOSAUVO
|-sidestart|p2: EvioExess|move: Tailwind
|move|p1b: Aerodactyl|Rock Slide|p2b: Chompy|[spread] p2a,p2b
|-supereffective|p2a: DINOSAUVO|1
|-resisted|p2b: Chompy|1
|-damage|p2a: DINOSAUVO|4/100
|-damage|p2b: Chompy|32/100
|
|-fieldend|move: Trick Room
|upkeep
|
|t:|1784900409
|switch|p1a: Lycanroc|Lycanroc-Dusk, L50, F|100/100
|turn|6
|
|t:|1784900430
|move|p2a: DINOSAUVO|Protect|p2a: DINOSAUVO
|-singleturn|p2a: DINOSAUVO|Protect
|move|p1b: Aerodactyl|Protect|p1b: Aerodactyl
|-singleturn|p1b: Aerodactyl|Protect
|move|p1a: Lycanroc|Protect|p1a: Lycanroc
|-singleturn|p1a: Lycanroc|Protect
|move|p2b: Chompy|Stomping Tantrum|p1a: Lycanroc
|-activate|p1a: Lycanroc|move: Protect
|
|upkeep
|turn|7
|
|t:|1784900445
|move|p2a: DINOSAUVO|Protect||[still]
|-fail|p2a: DINOSAUVO
|move|p1a: Lycanroc|Accelerock|p2b: Chompy
|-resisted|p2b: Chompy|1
|-damage|p2b: Chompy|20/100y
|-damage|p1a: Lycanroc|87/100|[from] ability: Rough Skin|[of] p2b: Chompy
|move|p2b: Chompy|Stomping Tantrum|p1a: Lycanroc
|-supereffective|p1a: Lycanroc|1
|-damage|p1a: Lycanroc|0 fnt
|faint|p1a: Lycanroc
|-damage|p2b: Chompy|10/100|[from] item: Life Orb
|move|p1b: Aerodactyl|Rock Slide|p2a: DINOSAUVO|[spread] p2a,p2b
|-supereffective|p2a: DINOSAUVO|1
|-resisted|p2b: Chompy|1
|-damage|p2a: DINOSAUVO|0 fnt
|-damage|p2b: Chompy|0 fnt
|faint|p2a: DINOSAUVO
|faint|p2b: Chompy
|
|upkeep
|
|t:|1784900454
|switch|p2b: Charizard|Charizard, L50, M|100/100
|turn|8
|
|t:|1784900463
|detailschange|p2b: Charizard|Charizard-Mega-Y, L50, M
|-mega|p2b: Charizard|Charizard|Charizardite Y
|-weather|SunnyDay|[from] ability: Drought|[of] p2b: Charizard
|move|p2b: Charizard|Weather Ball|p1b: Aerodactyl
|-resisted|p1b: Aerodactyl|1
|-damage|p1b: Aerodactyl|48/100
|move|p1b: Aerodactyl|Rock Slide|p2b: Charizard
|-supereffective|p2b: Charizard|2
|-damage|p2b: Charizard|0 fnt
|faint|p2b: Charizard
|
|win|Slabadie
|raw|Slabadie's rating: 1000 → 1049(+49 for winning)
|raw|EvioExess's rating: 1076 → 1050(-26 for losing)
