|j|☆KodeBeast0526
|j|☆devilishphoneix
|html|KodeBeast0526devilishphoneix    
|uhtml|bestof|Game 2 of a best-of-3
|t:|1783390129
|gametype|doubles
|player|p1|KodeBeast0526|sailor|1117
|player|p2|devilishphoneix|169|1061
|gen|9
|tier|[Gen 9 Champions] VGC 2026 Reg M-B (Bo3)
|rated|
|rule|Species Clause: Limit one of each Pokémon
|rule|Item Clause: Limit 1 of each item
|clearpoke
|poke|p1|Gengar, L50, F, shiny|
|poke|p1|Swampert, L50, F, shiny|
|poke|p1|Incineroar, L50, M, shiny|
|poke|p1|Politoed, L50, M, shiny|
|poke|p1|Archaludon, L50, M|
|poke|p1|Vivillon-Ocean, L50, M|
|poke|p2|Metagross, L50|
|poke|p2|Farigiraf, L50, M|
|poke|p2|Garchomp, L50, F|
|poke|p2|Annihilape, L50, F|
|poke|p2|Whimsicott, L50, M|
|poke|p2|Toxapex, L50, F|
|teampreview|4
|showteam|p1|Gengar||Gengarite|CursedBody|ShadowBall,PerishSong,SludgeBomb,Protect|Timid||F|||50|]Swampert||Swampertite|Torrent|WaveCrash,Earthquake,IcePunch,Protect|Adamant||F|||50|]Incineroar||PasshoBerry|Intimidate|ThroatChop,PartingShot,FakeOut,Protect|Sassy||M|||50|]Politoed||SitrusBerry|Drizzle|WeatherBall,PerishSong,Encore,Protect|Calm||M|||50|]Archaludon||Leftovers|Stamina|DragonPulse,FlashCannon,ElectroShot,Protect|Bold||M|||50|]Vivillon-Ocean||FocusSash|CompoundEyes|Hurricane,SleepPowder,RagePowder,Protect|Timid||M|||50|
|showteam|p2|Metagross||Metagrossite|ClearBody|RockSlide,IronHead,PsychicFangs,Protect|Adamant|||||50|]Farigiraf||BrightPowder|ArmorTail|TrickRoom,TwinBeam,Thunderbolt,Protect|Relaxed||M|||50|]Garchomp||LifeOrb|RoughSkin|Earthquake,DragonClaw,RockSlide,Protect|Adamant||F|||50|]Annihilape||SitrusBerry|Defiant|RageFist,DrainPunch,BulkUp,Protect|Careful||F|||50|]Whimsicott||FocusSash|Prankster|Encore,Protect,Moonblast,Tailwind|Timid||M|||50|]Toxapex||Leftovers|Regenerator|Toxic,WideGuard,Infestation,BanefulBunker|Relaxed||F|||50|
|inactive|Battle timer is ON: inactive players will automatically lose when time's up. (requested by devilishphoneix)
|inactive|devilishphoneix has 60 seconds left.
|
|t:|1783390176
|teamsize|p1|4
|teamsize|p2|4
|start
|switch|p1a: Swampert|Swampert, L50, F, shiny|100/100
|switch|p1b: Politoed|Politoed, L50, M, shiny|100/100
|switch|p2a: Toxapex|Toxapex, L50, F|100/100
|switch|p2b: Metagross|Metagross, L50|100/100
|-weather|RainDance|[from] ability: Drizzle|[of] p1b: Politoed
|turn|1
|
|t:|1783390190
|switch|p1a: Archaludon|Archaludon, L50, M|100/100
|move|p2b: Metagross|Protect|p2b: Metagross
|-singleturn|p2b: Metagross|Protect
|move|p1b: Politoed|Perish Song|p1b: Politoed
|-start|p1a: Archaludon|perish3|[silent]
|-start|p1b: Politoed|perish3|[silent]
|-start|p2a: Toxapex|perish3|[silent]
|-start|p2b: Metagross|perish3|[silent]
|-fieldactivate|move: Perish Song
|move|p2a: Toxapex|Toxic|p1a: Archaludon
|-immune|p1a: Archaludon
|
|-weather|RainDance|[upkeep]
|-start|p2b: Metagross|perish3
|-start|p1a: Archaludon|perish3
|-start|p1b: Politoed|perish3
|-start|p2a: Toxapex|perish3
|upkeep
|turn|2
|
|t:|1783390205
|switch|p2b: Farigiraf|Farigiraf, L50, M|100/100
|move|p2a: Toxapex|Baneful Bunker|p2a: Toxapex
|-singleturn|p2a: Toxapex|move: Protect
|move|p1a: Archaludon|Electro Shot||[still]
|-prepare|p1a: Archaludon|Electro Shot
|-boost|p1a: Archaludon|spa|1
|-anim|p1a: Archaludon|Electro Shot|p2a: Toxapex
|-activate|p2a: Toxapex|move: Protect
|move|p1b: Politoed|Encore|p2a: Toxapex
|-activate|p2a: Toxapex|move: Protect
|
|-weather|RainDance|[upkeep]
|-start|p1a: Archaludon|perish2
|-start|p1b: Politoed|perish2
|-start|p2a: Toxapex|perish2
|upkeep
|turn|3
|
|t:|1783390222
|switch|p2a: Metagross|Metagross, L50|100/100
|move|p1a: Archaludon|Electro Shot||[still]
|-prepare|p1a: Archaludon|Electro Shot
|-boost|p1a: Archaludon|spa|1
|-anim|p1a: Archaludon|Electro Shot|p2b: Farigiraf
|-damage|p2b: Farigiraf|36/100
|move|p1b: Politoed|Weather Ball|p2b: Farigiraf
|-damage|p2b: Farigiraf|0 fnt
|faint|p2b: Farigiraf
|
|-weather|RainDance|[upkeep]
|-start|p1a: Archaludon|perish1
|-start|p1b: Politoed|perish1
|upkeep
|
|t:|1783390232
|switch|p2b: Toxapex|Toxapex, L50, F|100/100
|turn|4
|
|t:|1783390241
|switch|p1a: Swampert|Swampert, L50, F, shiny|100/100
|switch|p1b: Vivillon|Vivillon-Ocean, L50, M|100/100
|move|p2a: Metagross|Protect|p2a: Metagross
|-singleturn|p2a: Metagross|Protect
|move|p2b: Toxapex|Baneful Bunker||[still]
|-fail|p2b: Toxapex
|
|-weather|RainDance|[upkeep]
|upkeep
|turn|5
|
|t:|1783390263
|switch|p1a: Archaludon|Archaludon, L50, M|100/100
|detailschange|p2a: Metagross|Metagross-Mega, L50
|-mega|p2a: Metagross|Metagross|Metagrossite
|move|p2b: Toxapex|Wide Guard|p2b: Toxapex
|-singleturn|p2b: Toxapex|Wide Guard
|move|p2a: Metagross|Rock Slide|p1b: Vivillon|[spread] p1a,p1b
|-resisted|p1a: Archaludon|1
|-supereffective|p1b: Vivillon|2
|-damage|p1a: Archaludon|91/100
|-enditem|p1b: Vivillon|Focus Sash
|-damage|p1b: Vivillon|1/100
|-ability|p1a: Archaludon|Stamina|boost
|-boost|p1a: Archaludon|def|1
|move|p1b: Vivillon|Sleep Powder|p2a: Metagross
|-status|p2a: Metagross|slp|[from] move: Sleep Powder
|
|-weather|none
|-heal|p1a: Archaludon|97/100|[from] item: Leftovers
|upkeep
|turn|6
|inactive|devilishphoneix has 30 seconds left.
|
|t:|1783390289
|switch|p1a: Swampert|Swampert, L50, F, shiny|100/100
|switch|p2b: Annihilape|Annihilape, L50, F|100/100
|cant|p2a: Metagross|slp
|move|p1b: Vivillon|Sleep Powder|p2b: Annihilape
|-status|p2b: Annihilape|slp|[from] move: Sleep Powder
|
|upkeep
|turn|7
|
|t:|1783390301
|detailschange|p1a: Swampert|Swampert-Mega, L50, F, shiny
|-mega|p1a: Swampert|Swampert|Swampertite
|cant|p2a: Metagross|slp
|move|p1b: Vivillon|Hurricane|p2b: Annihilape
|-supereffective|p2b: Annihilape|1
|-damage|p2b: Annihilape|30/100 slp
|-enditem|p2b: Annihilape|Sitrus Berry|[eat]
|-heal|p2b: Annihilape|55/100 slp|[from] item: Sitrus Berry
|move|p1a: Swampert|Earthquake|p2a: Metagross|[spread] p2a,p2b
|-immune|p1b: Vivillon
|-supereffective|p2a: Metagross|1
|-damage|p2a: Metagross|27/100 slp
|-damage|p2b: Annihilape|7/100 slp
|cant|p2b: Annihilape|slp
|
|upkeep
|turn|8
|
|t:|1783390315
|switch|p1b: Politoed|Politoed, L50, M, shiny|100/100
|-weather|RainDance|[from] ability: Drizzle|[of] p1b: Politoed
|move|p1a: Swampert|Earthquake|p2a: Metagross|[spread] p1b,p2a,p2b
|-supereffective|p2a: Metagross|1
|-damage|p1b: Politoed|57/100
|-damage|p2a: Metagross|0 fnt
|-damage|p2b: Annihilape|0 fnt
|faint|p2a: Metagross
|faint|p2b: Annihilape
|
|-weather|RainDance|[upkeep]
|upkeep
|
|t:|1783390317
|switch|p2b: Toxapex|Toxapex, L50, F|100/100
|turn|9
|
|t:|1783390326
|switch|p1b: Vivillon|Vivillon-Ocean, L50, M|1/100
|move|p2b: Toxapex|Wide Guard|p2b: Toxapex
|-singleturn|p2b: Toxapex|Wide Guard
|move|p1a: Swampert|Earthquake|p2b: Toxapex|[spread] 
|-activate|p2b: Toxapex|move: Wide Guard
|-immune|p1b: Vivillon
|
|-weather|RainDance|[upkeep]
|upkeep
|turn|10
|
|t:|1783390338
|move|p1a: Swampert|Earthquake|p2b: Toxapex|[spread] p2b
|-immune|p1b: Vivillon
|-supereffective|p2b: Toxapex|1
|-damage|p2b: Toxapex|37/100
|move|p1b: Vivillon|Sleep Powder|p2b: Toxapex
|-status|p2b: Toxapex|slp|[from] move: Sleep Powder
|cant|p2b: Toxapex|slp
|
|-weather|RainDance|[upkeep]
|-heal|p2b: Toxapex|43/100 slp|[from] item: Leftovers
|upkeep
|turn|11
|
|t:|1783390346
|cant|p2b: Toxapex|slp
|move|p1a: Swampert|Earthquake|p2b: Toxapex|[spread] p2b
|-immune|p1b: Vivillon
|-supereffective|p2b: Toxapex|1
|-damage|p2b: Toxapex|0 fnt
|faint|p2b: Toxapex
|
|win|KodeBeast0526
|raw|KodeBeast0526's rating: 1117 → 1138(+21 for winning)
|raw|devilishphoneix's rating: 1061 → 1045(-16 for losing)
