|j|☆defaulttesting
|j|☆dambro222
|html|defaulttestingdambro222    
|uhtml|bestof|Game 1 of a best-of-3
|t:|1757065717
|gametype|doubles
|player|p1|defaulttesting|plasmagrunt-gen5bw|1138
|player|p2|dambro222|ethan|1252
|gen|9
|tier|[Gen 9] VGC 2025 Reg H (Bo3)
|rated|
|rule|Species Clause: Limit one of each Pokémon
|rule|Item Clause: Limit 1 of each item
|clearpoke
|poke|p1|Volcarona, L50, M|
|poke|p1|Raichu, L50, M|
|poke|p1|Gyarados, L50, F|
|poke|p1|Tyranitar, L50, F|
|poke|p1|Amoonguss, L50, M|
|poke|p1|Excadrill, L50, F|
|poke|p2|Dragonite, L50, M|
|poke|p2|Volcarona, L50, F|
|poke|p2|Sneasler, L50, M|
|poke|p2|Rillaboom, L50, M|
|poke|p2|Electabuzz, L50, M|
|poke|p2|Kingambit, L50, M|
|teampreview|4
|showteam|p1|Volcarona||SitrusBerry|FlameBody|QuiverDance,FieryDance,GigaDrain,Protect|||M|||50|,,,,,Grass]Raichu||AssaultVest|LightningRod|VoltSwitch,Endeavor,FakeOut,Nuzzle|||M|||50|,,,,,Ghost]Gyarados||SafetyGoggles|Intimidate|ThunderWave,Waterfall,Taunt,Protect|||F|||50|,,,,,Ghost]Tyranitar||ClearAmulet|SandStream|RockSlide,TeraBlast,KnockOff,Protect|||F|||50|,,,,,Flying]Amoonguss||RockyHelmet|Regenerator|RagePowder,PollenPuff,Spore,Protect|||M|||50|,,,,,Fire]Excadrill||LifeOrb|SandRush|HighHorsepower,Earthquake,IronHead,Protect|||F|||50|,,,,,Ground
|showteam|p2|Dragonite||LoadedDice|Multiscale|ScaleShot,ExtremeSpeed,Haze,Protect|||M|||50|,,,,,Fairy]Volcarona||CovertCloak|FlameBody|HeatWave,TeraBlast,QuiverDance,Protect|||F|||50|,,,,,Fairy]Sneasler||FocusSash|Unburden|CloseCombat,DireClaw,RockSlide,Protect|||M|||50|,,,,,Stellar]Rillaboom||AssaultVest|GrassySurge|WoodHammer,GrassyGlide,HighHorsepower,FakeOut|||M|||50|,,,,,Water]Electabuzz||Eviolite|VitalSpirit|Electroweb,FollowMe,Taunt,Protect|||M|||50|,,,,,Ghost]Kingambit||BlackGlasses|Defiant|KowtowCleave,SuckerPunch,SwordsDance,Protect|||M|||50|,,,,,Dark
|inactive|Battle timer is ON: inactive players will automatically lose when time's up. (requested by dambro222)
|inactive|defaulttesting also wants the timer to be on.
|inactive|defaulttesting has 60 seconds left.
|inactive|dambro222 has 60 seconds left.
|inactive|dambro222 has 30 seconds left.
|inactive|dambro222 has 20 seconds left.
|inactive|dambro222 has 15 seconds left.
|inactive|dambro222 has 10 seconds left.
|inactive|dambro222 has 5 seconds left.
|
|t:|1757065806
|teamsize|p1|4
|teamsize|p2|4
|start
|switch|p1a: Raichu|Raichu, L50, M|100/100
|switch|p1b: Tyranitar|Tyranitar, L50, F|100/100
|switch|p2a: Rillaboom|Rillaboom, L50, M|100/100
|switch|p2b: Dragonite|Dragonite, L50, M|100/100
|-fieldstart|move: Grassy Terrain|[from] ability: Grassy Surge|[of] p2a: Rillaboom
|-weather|Sandstorm|[from] ability: Sand Stream|[of] p1b: Tyranitar
|turn|1
|inactive|defaulttesting has 30 seconds left.
|inactive|defaulttesting has 20 seconds left.
|
|t:|1757065844
|switch|p2a: Electabuzz|Electabuzz, L50, M|100/100
|-terastallize|p1b: Tyranitar|Flying
|move|p2b: Dragonite|Protect|p2b: Dragonite
|-singleturn|p2b: Dragonite|Protect
|move|p1a: Raichu|Fake Out|p2b: Dragonite
|-activate|p2b: Dragonite|move: Protect
|move|p1b: Tyranitar|Knock Off|p2b: Dragonite
|-activate|p2b: Dragonite|move: Protect
|
|-weather|Sandstorm|[upkeep]
|-damage|p1a: Raichu|95/100|[from] Sandstorm
|-damage|p2a: Electabuzz|95/100|[from] Sandstorm
|-damage|p2b: Dragonite|95/100|[from] Sandstorm
|-damage|p1b: Tyranitar|94/100|[from] Sandstorm
|-heal|p1a: Raichu|100/100|[from] Grassy Terrain
|-heal|p2a: Electabuzz|100/100|[from] Grassy Terrain
|upkeep
|turn|2
|
|t:|1757065869
|move|p2a: Electabuzz|Follow Me|p2a: Electabuzz
|-singleturn|p2a: Electabuzz|move: Follow Me
|move|p1a: Raichu|Volt Switch|p2a: Electabuzz
|-resisted|p2a: Electabuzz
|-damage|p2a: Electabuzz|92/100
|
|t:|1757065874
|switch|p1a: Gyarados|Gyarados, L50, F|100/100|[from] Volt Switch
|-ability|p1a: Gyarados|Intimidate|boost
|-unboost|p2a: Electabuzz|atk|1
|-unboost|p2b: Dragonite|atk|1
|move|p2b: Dragonite|Scale Shot|p1b: Tyranitar
|-damage|p1b: Tyranitar|86/100
|-damage|p1b: Tyranitar|78/100
|-damage|p1b: Tyranitar|69/100
|-damage|p1b: Tyranitar|60/100
|-hitcount|p1b: Tyranitar|4
|-unboost|p2b: Dragonite|def|1
|-boost|p2b: Dragonite|spe|1
|move|p1b: Tyranitar|Knock Off|p2a: Electabuzz
|-damage|p2a: Electabuzz|52/100
|-enditem|p2a: Electabuzz|Eviolite|[from] move: Knock Off|[of] p1b: Tyranitar
|
|-weather|Sandstorm|[upkeep]
|-damage|p2b: Dragonite|89/100|[from] Sandstorm
|-damage|p2a: Electabuzz|46/100|[from] Sandstorm
|-damage|p1b: Tyranitar|54/100|[from] Sandstorm
|-heal|p2a: Electabuzz|52/100|[from] Grassy Terrain
|upkeep
|turn|3
|inactive|dambro222 has 30 seconds left.
|
|t:|1757065901
|switch|p1b: Raichu|Raichu, L50, M|100/100
|move|p2b: Dragonite|Protect|p2b: Dragonite
|-singleturn|p2b: Dragonite|Protect
|move|p2a: Electabuzz|Electroweb|p1a: Gyarados|[spread] p1a
|-ability|p1b: Raichu|Lightning Rod|boost
|-boost|p1b: Raichu|spa|1
|-supereffective|p1a: Gyarados
|-damage|p1a: Gyarados|53/100
|-unboost|p1a: Gyarados|spe|1
|move|p1a: Gyarados|Taunt|p2a: Electabuzz
|-start|p2a: Electabuzz|move: Taunt
|
|-weather|Sandstorm|[upkeep]
|-damage|p2b: Dragonite|83/100|[from] Sandstorm
|-damage|p1b: Raichu|95/100|[from] Sandstorm
|-damage|p2a: Electabuzz|46/100|[from] Sandstorm
|-heal|p1b: Raichu|100/100|[from] Grassy Terrain
|-heal|p2a: Electabuzz|52/100|[from] Grassy Terrain
|upkeep
|turn|4
|inactive|defaulttesting has 30 seconds left.
|inactive|dambro222 has 30 seconds left.
|inactive|dambro222 has 20 seconds left.
|inactive|dambro222 has 15 seconds left.
|inactive|dambro222 has 10 seconds left.
|
|t:|1757065949
|-terastallize|p2a: Electabuzz|Ghost
|move|p1a: Gyarados|Protect|p1a: Gyarados
|-singleturn|p1a: Gyarados|Protect
|move|p2b: Dragonite|Scale Shot|p1b: Raichu
|-damage|p1b: Raichu|86/100
|-crit|p1b: Raichu
|-damage|p1b: Raichu|54/100
|-damage|p1b: Raichu|39/100
|-damage|p1b: Raichu|26/100
|-damage|p1b: Raichu|13/100
|-hitcount|p1b: Raichu|5
|-unboost|p2b: Dragonite|def|1
|-boost|p2b: Dragonite|spe|1
|move|p1b: Raichu|Nuzzle|p2b: Dragonite
|-damage|p2b: Dragonite|70/100
|-status|p2b: Dragonite|par
|move|p2a: Electabuzz|Electroweb|p1a: Gyarados|[spread] 
|-activate|p1a: Gyarados|move: Protect
|-ability|p1b: Raichu|Lightning Rod|boost
|-boost|p1b: Raichu|spa|1
|
|-weather|Sandstorm|[upkeep]
|-damage|p1b: Raichu|7/100|[from] Sandstorm
|-damage|p2a: Electabuzz|46/100|[from] Sandstorm
|-damage|p2b: Dragonite|64/100 par|[from] Sandstorm
|-heal|p1b: Raichu|13/100|[from] Grassy Terrain
|-heal|p2a: Electabuzz|52/100|[from] Grassy Terrain
|upkeep
|turn|5
|inactive|defaulttesting has 30 seconds left.
|inactive|dambro222 has 30 seconds left.
|inactive|defaulttesting has 20 seconds left.
|
|t:|1757065986
|move|p2b: Dragonite|Extreme Speed|p1b: Raichu
|-damage|p1b: Raichu|0 fnt
|faint|p1b: Raichu
|move|p2a: Electabuzz|Electroweb|p1a: Gyarados
|-supereffective|p1a: Gyarados
|-damage|p1a: Gyarados|0 fnt
|faint|p1a: Gyarados
|
|-weather|none
|-heal|p2a: Electabuzz|58/100|[from] Grassy Terrain
|-fieldend|move: Grassy Terrain
|upkeep
|
|t:|1757065992
|switch|p1b: Volcarona|Volcarona, L50, M|100/100
|switch|p1a: Tyranitar|Tyranitar, L50, F, tera:Flying|54/100
|-weather|Sandstorm|[from] ability: Sand Stream|[of] p1a: Tyranitar
|turn|6
|inactive|dambro222 has 30 seconds left.
|
|t:|1757066022
|move|p1b: Volcarona|Quiver Dance|p1b: Volcarona
|-boost|p1b: Volcarona|spa|1
|-boost|p1b: Volcarona|spd|1
|-boost|p1b: Volcarona|spe|1
|move|p2a: Electabuzz|Electroweb|p1a: Tyranitar|[spread] p1a,p1b
|-supereffective|p1a: Tyranitar
|-damage|p1a: Tyranitar|26/100
|-damage|p1b: Volcarona|92/100
|-unboost|p1b: Volcarona|spe|1
|move|p2b: Dragonite|Scale Shot|p1a: Tyranitar
|-crit|p1a: Tyranitar
|-damage|p1a: Tyranitar|7/100
|-damage|p1a: Tyranitar|0 fnt
|faint|p1a: Tyranitar
|-hitcount|p1: Tyranitar|2
|-unboost|p2b: Dragonite|def|1
|-boost|p2b: Dragonite|spe|1
|
|-weather|Sandstorm|[upkeep]
|-damage|p2b: Dragonite|58/100 par|[from] Sandstorm
|-damage|p1b: Volcarona|86/100|[from] Sandstorm
|-damage|p2a: Electabuzz|52/100|[from] Sandstorm
|-end|p2a: Electabuzz|move: Taunt
|upkeep
|turn|7
|
|t:|1757066039
|move|p2b: Dragonite|Haze|p2b: Dragonite
|-clearallboost
|move|p1b: Volcarona|Quiver Dance|p1b: Volcarona
|-boost|p1b: Volcarona|spa|1
|-boost|p1b: Volcarona|spd|1
|-boost|p1b: Volcarona|spe|1
|move|p2a: Electabuzz|Electroweb|p1b: Volcarona|[miss]
|-miss|p2a: Electabuzz|p1b: Volcarona
|
|-weather|Sandstorm|[upkeep]
|-damage|p1b: Volcarona|80/100|[from] Sandstorm
|-damage|p2a: Electabuzz|46/100|[from] Sandstorm
|-damage|p2b: Dragonite|52/100 par|[from] Sandstorm
|upkeep
|turn|8
|-message|defaulttesting forfeited.
|
|win|dambro222
|l|☆defaulttesting
|player|p1|
||dambro222 is ready for game 2.
||defaulttesting is ready for game 2.
|uhtml|next|Next: Game 2 of 3
