|j|☆gaelstromm
|j|☆arielrai
|html|gaelstrommarielrai    
|uhtml|bestof|Game 2 of a best-of-3
|t:|1757855963
|gametype|doubles
|player|p1|gaelstromm|1|1166
|player|p2|arielrai|1|1000
|gen|9
|tier|[Gen 9] VGC 2025 Reg H (Bo3)
|rated|
|rule|Species Clause: Limit one of each Pokémon
|rule|Item Clause: Limit 1 of each item
|clearpoke
|poke|p1|Gholdengo, L50|
|poke|p1|Incineroar, L50, F|
|poke|p1|Amoonguss, L50, M|
|poke|p1|Archaludon, L50, M|
|poke|p1|Pelipper, L50, F|
|poke|p1|Basculegion, L50, M|
|poke|p2|Gothitelle, L50, F|
|poke|p2|Politoed, L50, M|
|poke|p2|Indeedee-F, L50, F|
|poke|p2|Sneasler, L50, F|
|poke|p2|Archaludon, L50, F|
|poke|p2|Incineroar, L50, M|
|teampreview|4
|showteam|p1|Gholdengo||LifeOrb|GoodasGold|MakeItRain,ShadowBall,NastyPlot,Protect||||||50|,,,,,Water]Incineroar||RockyHelmet|Intimidate|Taunt,KnockOff,PartingShot,FakeOut|||F|||50|,,,,,Ghost]Amoonguss||SitrusBerry|Regenerator|PollenPuff,Spore,RagePowder,Protect|||M|||50|,,,,,Water]Archaludon||AssaultVest|Stamina|DragonPulse,FlashCannon,ElectroShot,BodyPress|||M|||50|,,,,,Bug]Pelipper||FocusSash|Drizzle|WeatherBall,Hurricane,Tailwind,Protect|||F|||50|,,,,,Ground]Basculegion||ChoiceBand|SwiftSwim|WaveCrash,LastRespects,FlipTurn,AquaJet|||M|||50|,,,,,Water
|showteam|p2|Gothitelle||SitrusBerry|ShadowTag|HealPulse,FakeOut,ExpandingForce,TrickRoom|||F|||50|,,,,,Psychic]Politoed||Leftovers|Drizzle|Protect,MuddyWater,IceBeam,EarthPower|||M|||50|,,,,,Water]Indeedee-F||RockyHelmet|PsychicSurge|FollowMe,Protect,HealPulse,DazzlingGleam|||F|||50|,,,,,Psychic]Sneasler||PsychicSeed|Unburden|Protect,DireClaw,CloseCombat,ThroatChop|||F|||50|,,,,,Fighting]Archaludon||AssaultVest|Stamina|ElectroShot,FlashCannon,DracoMeteor,BodyPress|||F|||50|,,,,,Steel]Incineroar||SafetyGoggles|Intimidate|FlareBlitz,FakeOut,KnockOff,PartingShot|||M|||50|,,,,,Fire
|inactive|Battle timer is ON: inactive players will automatically lose when time's up. (requested by gaelstromm)
|inactive|arielrai has 60 seconds left.
|
|t:|1757856010
|teamsize|p1|4
|teamsize|p2|4
|start
|switch|p1a: Archaludon|Archaludon, L50, M|100/100
|switch|p1b: Basculegion|Basculegion, L50, M|100/100
|switch|p2a: Archaludon|Archaludon, L50, F|100/100
|switch|p2b: Gothitelle|Gothitelle, L50, F|100/100
|turn|1
|
|t:|1757856031
|move|p1b: Basculegion|Flip Turn|p1a: Archaludon
|-resisted|p1a: Archaludon
|-damage|p1a: Archaludon|82/100
|-ability|p1a: Archaludon|Stamina|boost
|-boost|p1a: Archaludon|def|1
|
|t:|1757856037
|switch|p1b: Pelipper|Pelipper, L50, F|100/100|[from] Flip Turn
|-weather|RainDance|[from] ability: Drizzle|[of] p1b: Pelipper
|move|p1a: Archaludon|Electro Shot||[still]
|-prepare|p1a: Archaludon|Electro Shot
|-boost|p1a: Archaludon|spa|1
|-anim|p1a: Archaludon|Electro Shot|p2b: Gothitelle
|-damage|p2b: Gothitelle|46/100
|-enditem|p2b: Gothitelle|Sitrus Berry|[eat]
|-heal|p2b: Gothitelle|71/100|[from] item: Sitrus Berry
|move|p2a: Archaludon|Electro Shot||[still]
|-prepare|p2a: Archaludon|Electro Shot
|-boost|p2a: Archaludon|spa|1
|-anim|p2a: Archaludon|Electro Shot|p1b: Pelipper
|-supereffective|p1b: Pelipper
|-enditem|p1b: Pelipper|Focus Sash
|-damage|p1b: Pelipper|1/100
|move|p2b: Gothitelle|Trick Room|p2b: Gothitelle
|-fieldstart|move: Trick Room|[of] p2b: Gothitelle
|
|-weather|RainDance|[upkeep]
|upkeep
|turn|2
|inactive|arielrai has 30 seconds left.
|
|t:|1757856064
|move|p1b: Pelipper|Protect|p1b: Pelipper
|-singleturn|p1b: Pelipper|Protect
|move|p2b: Gothitelle|Expanding Force|p1b: Pelipper
|-activate|p1b: Pelipper|move: Protect
|move|p2a: Archaludon|Draco Meteor|p1a: Archaludon|[miss]
|-miss|p2a: Archaludon|p1a: Archaludon
|move|p1a: Archaludon|Electro Shot||[still]
|-prepare|p1a: Archaludon|Electro Shot
|-boost|p1a: Archaludon|spa|1
|-anim|p1a: Archaludon|Electro Shot|p2b: Gothitelle
|-damage|p2b: Gothitelle|1/100
|
|-weather|RainDance|[upkeep]
|upkeep
|turn|3
|c|☆gaelstromm|mbad
|inactive|gaelstromm has 30 seconds left.
|inactive|arielrai has 30 seconds left.
|inactive|gaelstromm has 20 seconds left.
|inactive|gaelstromm has 15 seconds left.
|inactive|gaelstromm has 10 seconds left.
|
|t:|1757856111
|switch|p2b: Politoed|Politoed, L50, M|100/100
|move|p1b: Pelipper|Protect||[still]
|-fail|p1b: Pelipper
|move|p2a: Archaludon|Electro Shot||[still]
|-prepare|p2a: Archaludon|Electro Shot
|-boost|p2a: Archaludon|spa|1
|-anim|p2a: Archaludon|Electro Shot|p1b: Pelipper
|-supereffective|p1b: Pelipper
|-damage|p1b: Pelipper|0 fnt
|faint|p1b: Pelipper
|move|p1a: Archaludon|Electro Shot||[still]
|-prepare|p1a: Archaludon|Electro Shot
|-boost|p1a: Archaludon|spa|1
|-anim|p1a: Archaludon|Electro Shot|p2b: Politoed
|-supereffective|p2b: Politoed
|-damage|p2b: Politoed|0 fnt
|faint|p2b: Politoed
|
|-weather|RainDance|[upkeep]
|upkeep
|
|t:|1757856118
|switch|p2b: Gothitelle|Gothitelle, L50, F|1/100
|switch|p1b: Amoonguss|Amoonguss, L50, M|100/100
|turn|4
|
|t:|1757856125
|move|p2b: Gothitelle|Fake Out|p1b: Amoonguss
|-damage|p1b: Amoonguss|95/100
|cant|p1b: Amoonguss|flinch
|move|p2a: Archaludon|Draco Meteor|p1a: Archaludon
|-damage|p1a: Archaludon|0 fnt
|-unboost|p2a: Archaludon|spa|2
|faint|p1a: Archaludon
|
|-weather|RainDance|[upkeep]
|upkeep
|
|t:|1757856129
|switch|p1a: Basculegion|Basculegion, L50, M|100/100
|turn|5
|inactive|gaelstromm has 30 seconds left.
|
|t:|1757856157
|move|p1b: Amoonguss|Spore|p2a: Archaludon
|-status|p2a: Archaludon|slp|[from] move: Spore
|move|p2b: Gothitelle|Expanding Force|p2a: Archaludon
|-resisted|p2a: Archaludon
|-damage|p2a: Archaludon|92/100 slp
|-ability|p2a: Archaludon|Stamina|boost
|-boost|p2a: Archaludon|def|1
|cant|p2a: Archaludon|slp
|move|p1a: Basculegion|Last Respects|p2b: Gothitelle
|-supereffective|p2b: Gothitelle
|-damage|p2b: Gothitelle|0 fnt
|faint|p2b: Gothitelle
|
|-weather|none
|-fieldend|move: Trick Room
|upkeep
|
|t:|1757856169
|switch|p2b: Sneasler|Sneasler, L50, F|100/100
|turn|6
|inactive|gaelstromm has 30 seconds left.
|inactive|arielrai has 30 seconds left.
|
|t:|1757856195
|move|p1b: Amoonguss|Rage Powder|p1b: Amoonguss
|-singleturn|p1b: Amoonguss|move: Rage Powder
|move|p2b: Sneasler|Dire Claw|p1b: Amoonguss
|-damage|p1b: Amoonguss|57/100
|-status|p1b: Amoonguss|slp
|move|p1a: Basculegion|Last Respects|p2a: Archaludon
|-damage|p2a: Archaludon|39/100 slp
|-ability|p2a: Archaludon|Stamina|boost
|-boost|p2a: Archaludon|def|1
|cant|p2a: Archaludon|slp
|
|upkeep
|turn|7
|
|t:|1757856216
|-terastallize|p1a: Basculegion|Water
|cant|p1b: Amoonguss|slp
|move|p2b: Sneasler|Dire Claw|p1a: Basculegion
|-damage|p1a: Basculegion|44/100
|-status|p1a: Basculegion|psn
|move|p1a: Basculegion|Last Respects|p2b: Sneasler
|-damage|p2b: Sneasler|0 fnt
|faint|p2b: Sneasler
|cant|p2a: Archaludon|slp
|
|-damage|p1a: Basculegion|31/100 psn|[from] psn
|upkeep
|turn|8
|
|t:|1757856239
|-terastallize|p2a: Archaludon|Steel
|-curestatus|p1b: Amoonguss|slp|[msg]
|move|p1b: Amoonguss|Rage Powder|p1b: Amoonguss
|-singleturn|p1b: Amoonguss|move: Rage Powder
|move|p1a: Basculegion|Last Respects|p2a: Archaludon
|-damage|p2a: Archaludon|0 fnt
|faint|p2a: Archaludon
|
|win|gaelstromm
|raw|gaelstromm's rating: 1166 → 1180(+14 for winning)
|raw|arielrai's rating: 1000 → 1000(+0 for losing)
|l|☆arielrai
|player|p2|
