|j|☆NatRus3
|j|☆z3k32011
|html|NatRus3z3k32011    
|uhtml|bestof|Game 1 of a best-of-3
|t:|1757825847
|gametype|doubles
|player|p1|NatRus3|2|1121
|player|p2|z3k32011|lucas-gen4pt|1107
|gen|9
|tier|[Gen 9] VGC 2025 Reg H (Bo3)
|rated|
|rule|Species Clause: Limit one of each Pokémon
|rule|Item Clause: Limit 1 of each item
|clearpoke
|poke|p1|Pelipper, L50, F|
|poke|p1|Archaludon, L50, M|
|poke|p1|Flamigo, L50, M|
|poke|p1|Basculegion, L50, M|
|poke|p1|Incineroar, L50, M|
|poke|p1|Whimsicott, L50, F|
|poke|p2|Archaludon, L50, F|
|poke|p2|Pelipper, L50, M|
|poke|p2|Incineroar, L50, F|
|poke|p2|Amoonguss, L50, M|
|poke|p2|Basculegion, L50, M|
|poke|p2|Gholdengo, L50|
|teampreview|4
|showteam|p1|Pelipper||FocusSash|Drizzle|MuddyWater,Hurricane,WideGuard,Protect|||F|||50|,,,,,Ghost]Archaludon||AssaultVest|Stamina|ElectroShot,DragonPulse,FlashCannon,BodyPress|||M|||50|,,,,,Fairy]Flamigo||ClearAmulet|Scrappy|CloseCombat,BraveBird,Feint,Protect|||M|||50|,,,,,Ghost]Basculegion||LifeOrb|SwiftSwim|AquaJet,LastRespects,WaveCrash,Protect|||M|||50|,,,,,Water]Incineroar||RockyHelmet|Intimidate|FakeOut,KnockOff,FlareBlitz,PartingShot|||M|||50|,,,,,Grass]Whimsicott||CovertCloak|Prankster|Tailwind,Encore,BeatUp,Moonblast|||F|||50|,,,,,Flying
|showteam|p2|Archaludon||AssaultVest|Stamina|ElectroShot,BodyPress,DracoMeteor,FlashCannon|||F|||50|,,,,,Bug]Pelipper||FocusSash|Drizzle|WeatherBall,Hurricane,Tailwind,Protect|||M|||50|,,,,,Flying]Incineroar||SafetyGoggles|Intimidate|FlareBlitz,FakeOut,KnockOff,PartingShot|||F|||50|,,,,,Ghost]Amoonguss||SitrusBerry|Regenerator|Spore,RagePowder,GigaDrain,Protect|||M|||50|,,,,,Psychic]Basculegion||ChoiceBand|SwiftSwim|WaveCrash,FlipTurn,LastRespects,AquaJet|||M|||50|,,,,,Water]Gholdengo||LifeOrb|GoodasGold|MakeItRain,ShadowBall,NastyPlot,Protect||||||50|,,,,,Water
|inactive|Battle timer is ON: inactive players will automatically lose when time's up. (requested by NatRus3)
|inactive|NatRus3 has 60 seconds left.
|
|t:|1757825884
|teamsize|p1|4
|teamsize|p2|4
|start
|switch|p1a: Incineroar|Incineroar, L50, M|100/100
|switch|p1b: Archaludon|Archaludon, L50, M|100/100
|switch|p2a: Incineroar|Incineroar, L50, F|100/100
|switch|p2b: Gholdengo|Gholdengo, L50|100/100
|-ability|p1a: Incineroar|Intimidate|boost
|-unboost|p2a: Incineroar|atk|1
|-unboost|p2b: Gholdengo|atk|1
|-ability|p2a: Incineroar|Intimidate|boost
|-unboost|p1a: Incineroar|atk|1
|-unboost|p1b: Archaludon|atk|1
|turn|1
|inactive|NatRus3 has 30 seconds left.
|inactive|z3k32011 has 30 seconds left.
|inactive|NatRus3 has 20 seconds left.
|inactive|z3k32011 has 20 seconds left.
|
|t:|1757825921
|switch|p1b: Basculegion|Basculegion, L50, M|100/100
|-terastallize|p2b: Gholdengo|Water
|move|p2b: Gholdengo|Make It Rain|p1a: Incineroar|[spread] p1a,p1b
|-resisted|p1a: Incineroar
|-resisted|p1b: Basculegion
|-damage|p1a: Incineroar|76/100
|-damage|p1b: Basculegion|69/100
|-unboost|p2b: Gholdengo|spa|1
|-damage|p2b: Gholdengo|91/100|[from] item: Life Orb
|move|p1a: Incineroar|Flare Blitz|p2b: Gholdengo
|-resisted|p2b: Gholdengo
|-damage|p2b: Gholdengo|70/100
|-damage|p1a: Incineroar|70/100|[from] Recoil
|move|p2a: Incineroar|Parting Shot|p1b: Basculegion
|-unboost|p1b: Basculegion|atk|1
|-unboost|p1b: Basculegion|spa|1
|
|t:|1757825938
|switch|p2a: Amoonguss|Amoonguss, L50, M|100/100|[from] Parting Shot
|
|upkeep
|turn|2
|
|t:|1757825953
|switch|p2b: Incineroar|Incineroar, L50, F|100/100
|-ability|p2b: Incineroar|Intimidate|boost
|-unboost|p1a: Incineroar|atk|1
|-unboost|p1b: Basculegion|atk|1
|switch|p1b: Archaludon|Archaludon, L50, M|100/100
|move|p1a: Incineroar|Flare Blitz|p2a: Amoonguss
|-supereffective|p2a: Amoonguss
|-damage|p2a: Amoonguss|51/100
|-damage|p1a: Incineroar|52/100|[from] Recoil
|move|p2a: Amoonguss|Giga Drain|p1b: Archaludon
|-resisted|p1b: Archaludon
|-damage|p1b: Archaludon|96/100
|-heal|p2a: Amoonguss|54/100|[from] drain|[of] p1b: Archaludon
|-ability|p1b: Archaludon|Stamina|boost
|-boost|p1b: Archaludon|def|1
|
|upkeep
|turn|3
|inactive|z3k32011 has 30 seconds left.
|
|t:|1757825984
|switch|p1a: Pelipper|Pelipper, L50, F|100/100
|-weather|RainDance|[from] ability: Drizzle|[of] p1a: Pelipper
|move|p2b: Incineroar|Fake Out|p1a: Pelipper
|-damage|p1a: Pelipper|89/100
|move|p1b: Archaludon|Electro Shot||[still]
|-prepare|p1b: Archaludon|Electro Shot
|-boost|p1b: Archaludon|spa|1
|-anim|p1b: Archaludon|Electro Shot|p2b: Incineroar
|-damage|p2b: Incineroar|39/100
|move|p2a: Amoonguss|Spore|p1b: Archaludon
|-status|p1b: Archaludon|slp|[from] move: Spore
|
|-weather|RainDance|[upkeep]
|upkeep
|turn|4
|inactive|z3k32011 has 30 seconds left.
|
|t:|1757826011
|switch|p2b: Basculegion|Basculegion, L50, M|100/100
|cant|p1b: Archaludon|slp
|move|p1a: Pelipper|Muddy Water|p2a: Amoonguss|[spread] p2a,p2b
|-resisted|p2a: Amoonguss
|-resisted|p2b: Basculegion
|-damage|p2a: Amoonguss|40/100
|-damage|p2b: Basculegion|83/100
|-unboost|p2a: Amoonguss|accuracy|1
|-enditem|p2a: Amoonguss|Sitrus Berry|[eat]
|-heal|p2a: Amoonguss|65/100|[from] item: Sitrus Berry
|move|p2a: Amoonguss|Giga Drain|p1a: Pelipper|[miss]
|-miss|p2a: Amoonguss|p1a: Pelipper
|
|-weather|RainDance|[upkeep]
|upkeep
|turn|5
|inactive|z3k32011 has 30 seconds left.
|
|t:|1757826037
|move|p1a: Pelipper|Protect|p1a: Pelipper
|-singleturn|p1a: Pelipper|Protect
|move|p2b: Basculegion|Wave Crash|p1b: Archaludon
|-resisted|p1b: Archaludon
|-damage|p1b: Archaludon|67/100 slp
|-ability|p1b: Archaludon|Stamina|boost
|-boost|p1b: Archaludon|def|1
|-damage|p2b: Basculegion|73/100|[from] Recoil
|cant|p1b: Archaludon|slp
|move|p2a: Amoonguss|Giga Drain|p1a: Pelipper
|-activate|p1a: Pelipper|move: Protect
|
|-weather|RainDance|[upkeep]
|upkeep
|turn|6
|inactive|z3k32011 has 30 seconds left.
|
|t:|1757826064
|switch|p2b: Incineroar|Incineroar, L50, F|39/100
|-ability|p2b: Incineroar|Intimidate|boost
|-unboost|p1a: Pelipper|atk|1
|-unboost|p1b: Archaludon|atk|1
|switch|p1a: Incineroar|Incineroar, L50, M|52/100
|-ability|p1a: Incineroar|Intimidate|boost
|-unboost|p2a: Amoonguss|atk|1
|-unboost|p2b: Incineroar|atk|1
|cant|p1b: Archaludon|slp
|move|p2a: Amoonguss|Giga Drain|p1a: Incineroar
|-resisted|p1a: Incineroar
|-damage|p1a: Incineroar|41/100
|-heal|p2a: Amoonguss|70/100|[from] drain|[of] p1a: Incineroar
|
|-weather|RainDance|[upkeep]
|upkeep
|turn|7
|inactive|z3k32011 has 30 seconds left.
|
|t:|1757826096
|move|p1a: Incineroar|Fake Out|p2a: Amoonguss
|-damage|p2a: Amoonguss|59/100
|move|p2b: Incineroar|Fake Out|p1a: Incineroar
|-damage|p1a: Incineroar|33/100
|-damage|p2b: Incineroar|22/100|[from] item: Rocky Helmet|[of] p1a: Incineroar
|-curestatus|p1b: Archaludon|slp|[msg]
|move|p1b: Archaludon|Electro Shot||[still]
|-prepare|p1b: Archaludon|Electro Shot
|-boost|p1b: Archaludon|spa|1
|-anim|p1b: Archaludon|Electro Shot|p2b: Incineroar
|-damage|p2b: Incineroar|0 fnt
|faint|p2b: Incineroar
|cant|p2a: Amoonguss|flinch
|
|-weather|none
|upkeep
|
|t:|1757826102
|switch|p2b: Gholdengo|Gholdengo, L50, tera:Water|70/100
|turn|8
|
|t:|1757826130
|move|p2b: Gholdengo|Make It Rain|p1a: Incineroar|[spread] p1a,p1b
|-resisted|p1a: Incineroar
|-resisted|p1b: Archaludon
|-damage|p1a: Incineroar|7/100
|-damage|p1b: Archaludon|43/100
|-unboost|p2b: Gholdengo|spa|1
|-ability|p1b: Archaludon|Stamina|boost
|-boost|p1b: Archaludon|def|1
|-damage|p2b: Gholdengo|60/100|[from] item: Life Orb
|move|p1b: Archaludon|Flash Cannon|p2b: Gholdengo
|-resisted|p2b: Gholdengo
|-damage|p2b: Gholdengo|12/100
|move|p1a: Incineroar|Flare Blitz|p2a: Amoonguss
|-supereffective|p2a: Amoonguss
|-damage|p2a: Amoonguss|0 fnt
|faint|p2a: Amoonguss
|-damage|p1a: Incineroar|0 fnt|[from] Recoil
|faint|p1a: Incineroar
|
|upkeep
|
|t:|1757826155
|switch|p1a: Basculegion|Basculegion, L50, M|69/100
|switch|p2a: Basculegion|Basculegion, L50, M|73/100
|turn|9
|inactive|NatRus3 has 30 seconds left.
|
|t:|1757826184
|-terastallize|p1a: Basculegion|Water
|move|p2b: Gholdengo|Make It Rain|p1a: Basculegion|[spread] p1a,p1b
|-resisted|p1a: Basculegion
|-resisted|p1b: Archaludon
|-damage|p1a: Basculegion|48/100
|-damage|p1b: Archaludon|25/100
|-unboost|p2b: Gholdengo|spa|1
|-ability|p1b: Archaludon|Stamina|boost
|-boost|p1b: Archaludon|def|1
|-damage|p2b: Gholdengo|3/100|[from] item: Life Orb
|move|p2a: Basculegion|Last Respects|p1a: Basculegion
|-damage|p1a: Basculegion|0 fnt
|faint|p1a: Basculegion
|move|p1b: Archaludon|Dragon Pulse|p2b: Gholdengo
|-damage|p2b: Gholdengo|0 fnt
|faint|p2b: Gholdengo
|
|upkeep
|
|t:|1757826202
|switch|p1a: Pelipper|Pelipper, L50, F|89/100
|-weather|RainDance|[from] ability: Drizzle|[of] p1a: Pelipper
|turn|10
|j| Trestkon
|
|t:|1757826211
|move|p2a: Basculegion|Last Respects|p1b: Archaludon
|-crit|p1b: Archaludon
|-damage|p1b: Archaludon|0 fnt
|faint|p1b: Archaludon
|move|p1a: Pelipper|Hurricane|p2a: Basculegion
|-damage|p2a: Basculegion|36/100
|
|-weather|RainDance|[upkeep]
|upkeep
|turn|11
|
|t:|1757826225
|move|p2a: Basculegion|Last Respects|p1a: Pelipper
|-damage|p1a: Pelipper|0 fnt
|faint|p1a: Pelipper
|
|win|z3k32011
||z3k32011 is ready for game 2.
|l|☆NatRus3
|player|p1|
|inactive|NatRus3 has 30 seconds to confirm battle start!
||NatRus3 is ready for game 2.
|uhtml|next|Next: Game 2 of 3
|l| Trestkon
