|j|☆chessguru101
|j|☆Ljwarrior
|html|chessguru101Ljwarrior    
|uhtml|bestof|Game 2 of a best-of-3
|t:|1757094034
|gametype|doubles
|player|p1|chessguru101|170|
|player|p2|Ljwarrior|265|
|gen|9
|tier|[Gen 9] VGC 2025 Reg H (Bo3)
|rule|Species Clause: Limit one of each Pokémon
|rule|Item Clause: Limit 1 of each item
|clearpoke
|poke|p1|Garganacl, L50, F|
|poke|p1|Volcarona, L50, M|
|poke|p1|Dondozo, L50, F|
|poke|p1|Grimmsnarl, L50, M|
|poke|p1|Rillaboom, L50, F|
|poke|p1|Tyranitar, L50, F|
|poke|p2|Gholdengo, L50|
|poke|p2|Kommo-o, L50, F|
|poke|p2|Rillaboom, L50, F|
|poke|p2|Dondozo, L50, M|
|poke|p2|Sneasler, L50, M|
|poke|p2|Electabuzz, L50, M|
|teampreview|4
|showteam|p1|Garganacl||SitrusBerry|PurifyingSalt|SaltCure,Recover,WideGuard,Protect|||F|||50|,,,,,Poison]Volcarona||Leftovers|FlameBody|HeatWave,GigaDrain,QuiverDance,Protect|||M|||50|,,,,,Dragon]Dondozo||SafetyGoggles|Unaware|WaveCrash,HeavySlam,Yawn,Protect|||F|||50|,,,,,Dragon]Grimmsnarl||LightClay|Prankster|SpiritBreak,ThunderWave,Reflect,LightScreen|||M|||50|,,,,,Ghost]Rillaboom||MiracleSeed|GrassySurge|WoodHammer,GrassyGlide,Uturn,FakeOut|||F|||50|,,,,,Grass]Tyranitar||AssaultVest|SandStream|RockSlide,KnockOff,TeraBlast,SandTomb|||F|||50|,,,,,Flying
|showteam|p2|Gholdengo||ChoiceSpecs|GoodasGold|DazzlingGleam,MakeItRain,PowerGem,ShadowBall||||||50|,,,,,Fairy]Kommo-o||ThroatSpray|Soundproof|Protect,ClangorousSoul,ClangingScales,Flamethrower|||F|||50|,,,,,Fire]Rillaboom||AssaultVest|GrassySurge|FakeOut,DrumBeating,GrassyGlide,HighHorsepower|||F|||50|,,,,,Fire]Dondozo||Leftovers|Unaware|Protect,Fissure,Yawn,WaveCrash|||M|||50|,,,,,Flying]Sneasler||FocusSash|Unburden|Protect,FakeOut,DireClaw,CloseCombat|||M|||50|,,,,,Stellar]Electabuzz||Eviolite|VitalSpirit|Protect,HelpingHand,FollowMe,Electroweb|||M|||50|,,,,,Grass
|c|☆chessguru101|glhf g2
|inactive|Battle timer is ON: inactive players will automatically lose when time's up. (requested by chessguru101)
|j| colbyy
|inactive|Ljwarrior has 60 seconds left.
|
|t:|1757094070
|teamsize|p1|4
|teamsize|p2|4
|start
|switch|p1a: Grimmsnarl|Grimmsnarl, L50, M|100/100
|switch|p1b: Volcarona|Volcarona, L50, M|100/100
|switch|p2a: Sneasler|Sneasler, L50, M|100/100
|switch|p2b: Rillaboom|Rillaboom, L50, F|100/100
|-fieldstart|move: Grassy Terrain|[from] ability: Grassy Surge|[of] p2b: Rillaboom
|turn|1
|inactive|chessguru101 has 30 seconds left.
|
|t:|1757094096
|-terastallize|p2a: Sneasler|Stellar
|move|p2b: Rillaboom|Fake Out|p1b: Volcarona
|-damage|p1b: Volcarona|88/100
|-status|p2b: Rillaboom|brn|[from] ability: Flame Body|[of] p1b: Volcarona
|move|p1a: Grimmsnarl|Reflect|p1a: Grimmsnarl
|-sidestart|p1: chessguru101|Reflect
|move|p2a: Sneasler|Dire Claw|p1b: Volcarona
|-damage|p1b: Volcarona|53/100
|cant|p1b: Volcarona|flinch
|
|-heal|p1b: Volcarona|59/100|[from] Grassy Terrain
|-heal|p1b: Volcarona|65/100|[from] item: Leftovers
|-damage|p2b: Rillaboom|94/100 brn|[from] brn
|upkeep
|turn|2
|
|t:|1757094119
|move|p2a: Sneasler|Protect|p2a: Sneasler
|-singleturn|p2a: Sneasler|Protect
|move|p1b: Volcarona|Protect|p1b: Volcarona
|-singleturn|p1b: Volcarona|Protect
|move|p1a: Grimmsnarl|Thunder Wave|p2a: Sneasler
|-activate|p2a: Sneasler|move: Protect
|move|p2b: Rillaboom|Drum Beating|p1b: Volcarona
|-activate|p1b: Volcarona|move: Protect
|
|-heal|p2b: Rillaboom|100/100 brn|[from] Grassy Terrain
|-heal|p1b: Volcarona|71/100|[from] Grassy Terrain
|-heal|p1b: Volcarona|76/100|[from] item: Leftovers
|-damage|p2b: Rillaboom|94/100 brn|[from] brn
|upkeep
|turn|3
|j| Steveybobjoey
|
|t:|1757094136
|move|p1a: Grimmsnarl|Thunder Wave|p2a: Sneasler
|-status|p2a: Sneasler|par
|move|p2b: Rillaboom|Drum Beating|p1b: Volcarona
|-resisted|p1b: Volcarona
|-crit|p1b: Volcarona
|-damage|p1b: Volcarona|68/100
|-unboost|p1b: Volcarona|spe|1
|move|p2a: Sneasler|Dire Claw|p1b: Volcarona
|-damage|p1b: Volcarona|44/100
|-status|p1b: Volcarona|psn
|move|p1b: Volcarona|Quiver Dance|p1b: Volcarona
|-boost|p1b: Volcarona|spa|1
|-boost|p1b: Volcarona|spd|1
|-boost|p1b: Volcarona|spe|1
|
|-heal|p2b: Rillaboom|100/100 brn|[from] Grassy Terrain
|-heal|p1b: Volcarona|50/100 psn|[from] Grassy Terrain
|-heal|p1b: Volcarona|55/100 psn|[from] item: Leftovers
|-damage|p1b: Volcarona|43/100 psn|[from] psn
|-damage|p2b: Rillaboom|94/100 brn|[from] brn
|upkeep
|turn|4
|inactive|Ljwarrior has 30 seconds left.
|
|t:|1757094166
|move|p2b: Rillaboom|Drum Beating|p1a: Grimmsnarl
|-damage|p1a: Grimmsnarl|84/100
|-unboost|p1a: Grimmsnarl|spe|1
|move|p1b: Volcarona|Heat Wave|p2a: Sneasler|[spread] p2a
|-miss|p1b: Volcarona|p2b: Rillaboom
|-crit|p2a: Sneasler
|-damage|p2a: Sneasler|8/100 par
|move|p2a: Sneasler|Dire Claw|p1a: Grimmsnarl
|-supereffective|p1a: Grimmsnarl
|-damage|p1a: Grimmsnarl|32/100
|-status|p1a: Grimmsnarl|slp
|cant|p1a: Grimmsnarl|slp
|
|-heal|p2b: Rillaboom|100/100 brn|[from] Grassy Terrain
|-heal|p1b: Volcarona|49/100 psn|[from] Grassy Terrain
|-heal|p1b: Volcarona|55/100 psn|[from] item: Leftovers
|-heal|p2a: Sneasler|14/100 par|[from] Grassy Terrain
|-heal|p1a: Grimmsnarl|38/100 slp|[from] Grassy Terrain
|-damage|p1b: Volcarona|43/100 psn|[from] psn
|-damage|p2b: Rillaboom|94/100 brn|[from] brn
|upkeep
|turn|5
|inactive|chessguru101 has 30 seconds left.
|
|t:|1757094199
|switch|p2a: Dondozo|Dondozo, L50, M|100/100
|-curestatus|p1a: Grimmsnarl|slp|[msg]
|move|p1a: Grimmsnarl|Light Screen|p1a: Grimmsnarl
|-sidestart|p1: chessguru101|move: Light Screen
|move|p2b: Rillaboom|Drum Beating|p1b: Volcarona
|-resisted|p1b: Volcarona
|-damage|p1b: Volcarona|39/100 psn
|-unboost|p1b: Volcarona|spe|1
|move|p1b: Volcarona|Heat Wave|p2a: Dondozo|[spread] p2a,p2b
|-resisted|p2a: Dondozo
|-supereffective|p2b: Rillaboom
|-damage|p2a: Dondozo|88/100
|-damage|p2b: Rillaboom|28/100 brn
|
|-heal|p2b: Rillaboom|34/100 brn|[from] Grassy Terrain
|-heal|p1b: Volcarona|45/100 psn|[from] Grassy Terrain
|-heal|p1b: Volcarona|51/100 psn|[from] item: Leftovers
|-heal|p1a: Grimmsnarl|44/100|[from] Grassy Terrain
|-heal|p2a: Dondozo|94/100|[from] Grassy Terrain
|-heal|p2a: Dondozo|100/100|[from] item: Leftovers
|-damage|p1b: Volcarona|39/100 psn|[from] psn
|-damage|p2b: Rillaboom|28/100 brn|[from] brn
|-fieldend|move: Grassy Terrain
|upkeep
|turn|6
|inactive|chessguru101 has 30 seconds left.
|
|t:|1757094226
|move|p2b: Rillaboom|Drum Beating|p1b: Volcarona
|-resisted|p1b: Volcarona
|-damage|p1b: Volcarona|36/100 psn
|-unboost|p1b: Volcarona|spe|1
|move|p1b: Volcarona|Giga Drain|p2a: Dondozo
|-supereffective|p2a: Dondozo
|-damage|p2a: Dondozo|63/100
|-heal|p1b: Volcarona|61/100 psn|[from] drain|[of] p2a: Dondozo
|move|p1a: Grimmsnarl|Spirit Break|p2b: Rillaboom
|-damage|p2b: Rillaboom|0 fnt
|faint|p2b: Rillaboom
|move|p2a: Dondozo|Wave Crash|p1b: Volcarona
|-supereffective|p1b: Volcarona
|-damage|p1b: Volcarona|2/100 psn
|-status|p2a: Dondozo|brn|[from] ability: Flame Body|[of] p1b: Volcarona
|-damage|p2a: Dondozo|49/100 brn|[from] Recoil
|
|-heal|p1b: Volcarona|8/100 psn|[from] item: Leftovers
|-heal|p2a: Dondozo|55/100 brn|[from] item: Leftovers
|-damage|p1b: Volcarona|0 fnt|[from] psn
|faint|p1b: Volcarona
|-damage|p2a: Dondozo|49/100 brn|[from] brn
|upkeep
|
|t:|1757094247
|switch|p2b: Sneasler|Sneasler, L50, M, tera:Stellar|14/100 par
|switch|p1b: Tyranitar|Tyranitar, L50, F|100/100
|-weather|Sandstorm|[from] ability: Sand Stream|[of] p1b: Tyranitar
|turn|7
|
|t:|1757094269
|-terastallize|p1b: Tyranitar|Flying
|move|p2b: Sneasler|Dire Claw|p1b: Tyranitar
|-damage|p1b: Tyranitar|78/100
|-status|p1b: Tyranitar|psn
|move|p1b: Tyranitar|Knock Off|p2a: Dondozo
|-damage|p2a: Dondozo|17/100 brn
|-enditem|p2a: Dondozo|Leftovers|[from] move: Knock Off|[of] p1b: Tyranitar
|move|p1a: Grimmsnarl|Spirit Break|p2b: Sneasler
|-crit|p2b: Sneasler
|-damage|p2b: Sneasler|0 fnt
|faint|p2b: Sneasler
|move|p2a: Dondozo|Yawn||[still]
|-fail|p2a: Dondozo
|
|-weather|Sandstorm|[upkeep]
|-damage|p1b: Tyranitar|72/100 psn|[from] Sandstorm
|-damage|p1a: Grimmsnarl|38/100|[from] Sandstorm
|-damage|p2a: Dondozo|11/100 brn|[from] Sandstorm
|-damage|p1b: Tyranitar|59/100 psn|[from] psn
|-damage|p2a: Dondozo|4/100 brn|[from] brn
|upkeep
|
|t:|1757094277
|switch|p2b: Kommo-o|Kommo-o, L50, F|100/100
|turn|8
|inactive|Ljwarrior has 30 seconds left.
|
|t:|1757094305
|move|p2b: Kommo-o|Flamethrower|p1a: Grimmsnarl
|-damage|p1a: Grimmsnarl|23/100
|move|p1b: Tyranitar|Tera Blast|p2b: Kommo-o|[anim] Tera Blast Flying
|-supereffective|p2b: Kommo-o
|-damage|p2b: Kommo-o|28/100
|move|p1a: Grimmsnarl|Spirit Break|p2b: Kommo-o
|-supereffective|p2b: Kommo-o
|-damage|p2b: Kommo-o|0 fnt
|faint|p2b: Kommo-o
|move|p2a: Dondozo|Wave Crash|p1b: Tyranitar
|-damage|p1b: Tyranitar|46/100 psn
|-damage|p2a: Dondozo|1/100 brn|[from] Recoil
|
|-weather|Sandstorm|[upkeep]
|-damage|p1b: Tyranitar|41/100 psn|[from] Sandstorm
|-damage|p1a: Grimmsnarl|17/100|[from] Sandstorm
|-damage|p2a: Dondozo|0 fnt|[from] Sandstorm
|faint|p2a: Dondozo
|
|win|chessguru101
|c|☆chessguru101|ggs
|c|☆Ljwarrior|Gg
|l| colbyy
|l| Steveybobjoey
|l|☆Ljwarrior
|player|p2|
|l|☆chessguru101
|player|p1|
|j|☆Ljwarrior
|player|p2|Ljwarrior|265|
