|j|☆dracojackson
|j|☆vaxa_777
|html|dracojacksonvaxa_777    
|uhtml|bestof|Game 3 of a best-of-3
|t:|1754309083
|gametype|doubles
|player|p1|dracojackson|veteranf|1334
|player|p2|vaxa_777|miku-ghost|1343
|gen|9
|tier|[Gen 9] VGC 2025 Reg H (Bo3)
|rated|
|rule|Species Clause: Limit one of each Pokémon
|rule|Item Clause: Limit 1 of each item
|clearpoke
|poke|p1|Kommo-o, L50, F|
|poke|p1|Rillaboom, L50, F|
|poke|p1|Clefairy, L50, M|
|poke|p1|Gyarados, L50, M|
|poke|p1|Kingambit, L50, F|
|poke|p1|Sneasler, L50, M|
|poke|p2|Sneasler, L50, F|
|poke|p2|Primarina, L50, F|
|poke|p2|Kingambit, L50, M|
|poke|p2|Rillaboom, L50, M|
|poke|p2|Electabuzz, L50, M|
|poke|p2|Dragapult, L50, M|
|teampreview|4
|showteam|p1|Kommo-o||ThroatSpray|Overcoat|Protect,ClangingScales,ClangorousSoul,Flamethrower|||F|||50|,,,,,Fire]Rillaboom||AssaultVest|GrassySurge|FakeOut,WoodHammer,GrassyGlide,Uturn|||F|||50|,,,,,Fire]Clefairy||Eviolite|FriendGuard|FollowMe,HelpingHand,Protect,LifeDew|||M|||50|,,,,,Grass]Gyarados||CovertCloak|Intimidate|Waterfall,Taunt,IronHead,ThunderWave|||M|||50|,,,,,Fairy]Kingambit||BlackGlasses|Defiant|KowtowCleave,SuckerPunch,IronHead,Protect|||F|||50|,,,,,Ghost]Sneasler||GrassySeed|Unburden|FakeOut,CloseCombat,DireClaw,Coaching|||M|||50|,,,,,Ghost
|showteam|p2|Sneasler||FocusSash|PoisonTouch|DireClaw,CloseCombat,Protect,FakeOut|||F|||50|,,,,,Stellar]Primarina||ThroatSpray|LiquidVoice|Protect,HyperVoice,Moonblast,Haze|||F|||50|,,,,,Poison]Kingambit||BlackGlasses|Defiant|KowtowCleave,SwordsDance,SuckerPunch,Protect|||M|||50|,,,,,Dark]Rillaboom||AssaultVest|GrassySurge|WoodHammer,Uturn,GrassyGlide,FakeOut|||M|||50|,,,,,Fire]Electabuzz||Eviolite|VitalSpirit|Electroweb,Taunt,Protect,FollowMe|||M|||50|,,,,,Fairy]Dragapult||ChoiceBand|ClearBody|DragonDarts,Uturn,PhantomForce,Outrage|||M|||50|,,,,,Dragon
|
|t:|1754309117
|teamsize|p1|4
|teamsize|p2|4
|start
|switch|p1a: AJ|Rillaboom, L50, F, shiny|100/100
|switch|p1b: Jackson|Kingambit, L50, F|100/100
|switch|p2a: Primarina|Primarina, L50, F, shiny|100/100
|switch|p2b: Electabuzz|Electabuzz, L50, M, shiny|100/100
|-fieldstart|move: Grassy Terrain|[from] ability: Grassy Surge|[of] p1a: AJ
|turn|1
|
|t:|1754309152
|switch|p1a: Craig|Sneasler, L50, M|100/100
|-enditem|p1a: Craig|Grassy Seed
|-boost|p1a: Craig|def|1|[from] item: Grassy Seed
|move|p2b: Electabuzz|Follow Me|p2b: Electabuzz
|-singleturn|p2b: Electabuzz|move: Follow Me
|move|p2a: Primarina|Hyper Voice|p1b: Jackson|[spread] p1a,p1b
|-damage|p1a: Craig|54/100
|-damage|p1b: Jackson|70/100
|-enditem|p2a: Primarina|Throat Spray
|-boost|p2a: Primarina|spa|1|[from] item: Throat Spray
|move|p1b: Jackson|Iron Head|p2b: Electabuzz
|-resisted|p2b: Electabuzz
|-damage|p2b: Electabuzz|80/100
|
|-heal|p1a: Craig|59/100|[from] Grassy Terrain
|-heal|p2b: Electabuzz|86/100|[from] Grassy Terrain
|-heal|p1b: Jackson|75/100|[from] Grassy Terrain
|upkeep
|turn|2
|
|t:|1754309178
|move|p2b: Electabuzz|Protect|p2b: Electabuzz
|-singleturn|p2b: Electabuzz|Protect
|move|p2a: Primarina|Protect|p2a: Primarina
|-singleturn|p2a: Primarina|Protect
|move|p1a: Craig|Fake Out|p2a: Primarina
|-activate|p2a: Primarina|move: Protect
|move|p1b: Jackson|Kowtow Cleave|p2b: Electabuzz
|-activate|p2b: Electabuzz|move: Protect
|
|-heal|p1a: Craig|65/100|[from] Grassy Terrain
|-heal|p2b: Electabuzz|92/100|[from] Grassy Terrain
|-heal|p1b: Jackson|81/100|[from] Grassy Terrain
|upkeep
|turn|3
|
|t:|1754309188
|move|p2b: Electabuzz|Follow Me|p2b: Electabuzz
|-singleturn|p2b: Electabuzz|move: Follow Me
|move|p1a: Craig|Coaching|p1b: Jackson
|-boost|p1b: Jackson|atk|1
|-boost|p1b: Jackson|def|1
|move|p2a: Primarina|Hyper Voice|p1b: Jackson|[spread] p1a,p1b
|-crit|p1a: Craig
|-damage|p1a: Craig|0 fnt
|-damage|p1b: Jackson|33/100
|faint|p1a: Craig
|move|p1b: Jackson|Kowtow Cleave|p2b: Electabuzz
|-damage|p2b: Electabuzz|20/100
|
|-heal|p2b: Electabuzz|26/100|[from] Grassy Terrain
|-heal|p1b: Jackson|39/100|[from] Grassy Terrain
|upkeep
|
|t:|1754309202
|switch|p1a: AJ|Rillaboom, L50, F, shiny|100/100
|turn|4
|
|t:|1754309208
|move|p2b: Electabuzz|Protect|p2b: Electabuzz
|-singleturn|p2b: Electabuzz|Protect
|move|p2a: Primarina|Protect|p2a: Primarina
|-singleturn|p2a: Primarina|Protect
|move|p1a: AJ|Fake Out|p2a: Primarina
|-activate|p2a: Primarina|move: Protect
|move|p1b: Jackson|Kowtow Cleave|p2b: Electabuzz
|-activate|p2b: Electabuzz|move: Protect
|
|-heal|p2b: Electabuzz|31/100|[from] Grassy Terrain
|-heal|p1b: Jackson|44/100|[from] Grassy Terrain
|upkeep
|turn|5
|
|t:|1754309240
|move|p1b: Jackson|Protect|p1b: Jackson
|-singleturn|p1b: Jackson|Protect
|move|p2b: Electabuzz|Follow Me|p2b: Electabuzz
|-singleturn|p2b: Electabuzz|move: Follow Me
|move|p1a: AJ|Wood Hammer|p2b: Electabuzz
|-damage|p2b: Electabuzz|0 fnt
|faint|p2b: Electabuzz
|-damage|p1a: AJ|92/100|[from] Recoil
|move|p2a: Primarina|Moonblast|p1b: Jackson
|-activate|p1b: Jackson|move: Protect
|
|-heal|p1a: AJ|98/100|[from] Grassy Terrain
|-heal|p1b: Jackson|50/100|[from] Grassy Terrain
|-fieldend|move: Grassy Terrain
|upkeep
|
|t:|1754309246
|switch|p2b: Sneasler|Sneasler, L50, F, shiny|100/100
|turn|6
|
|t:|1754309300
|switch|p1b: Gyarados|Gyarados, L50, M, shiny|100/100
|-ability|p1b: Gyarados|Intimidate|boost
|-unboost|p2a: Primarina|atk|1
|-unboost|p2b: Sneasler|atk|1
|-terastallize|p2a: Primarina|Poison
|move|p2b: Sneasler|Dire Claw|p1b: Gyarados
|-damage|p1b: Gyarados|74/100
|move|p1a: AJ|Wood Hammer|p2a: Primarina
|-resisted|p2a: Primarina
|-damage|p2a: Primarina|64/100
|-damage|p1a: AJ|87/100|[from] Recoil
|move|p2a: Primarina|Hyper Voice|p1b: Gyarados|[spread] p1a,p1b
|-resisted|p1a: AJ
|-resisted|p1b: Gyarados
|-damage|p1a: AJ|71/100
|-damage|p1b: Gyarados|54/100
|
|upkeep
|turn|7
|
|t:|1754309323
|move|p2b: Sneasler|Dire Claw|p1a: AJ
|-supereffective|p1a: AJ
|-damage|p1a: AJ|13/100
|move|p1a: AJ|U-turn|p2b: Sneasler
|-resisted|p2b: Sneasler
|-damage|p2b: Sneasler|90/100
|
|t:|1754309329
|switch|p1a: Jackson|Kingambit, L50, F|50/100|[from] U-turn
|move|p2a: Primarina|Moonblast|p1b: Gyarados
|-damage|p1b: Gyarados|0 fnt
|faint|p1b: Gyarados
|
|upkeep
|
|t:|1754309336
|switch|p1b: AJ|Rillaboom, L50, F, shiny|13/100
|-fieldstart|move: Grassy Terrain|[from] ability: Grassy Surge|[of] p1b: AJ
|turn|8
|
|t:|1754309356
|move|p2b: Sneasler|Protect|p2b: Sneasler
|-singleturn|p2b: Sneasler|Protect
|move|p2a: Primarina|Protect|p2a: Primarina
|-singleturn|p2a: Primarina|Protect
|move|p1b: AJ|Fake Out|p2b: Sneasler
|-activate|p2b: Sneasler|move: Protect
|move|p1a: Jackson|Kowtow Cleave|p2b: Sneasler
|-activate|p2b: Sneasler|move: Protect
|
|-heal|p2b: Sneasler|96/100|[from] Grassy Terrain
|-heal|p1b: AJ|18/100|[from] Grassy Terrain
|-heal|p2a: Primarina|70/100|[from] Grassy Terrain
|-heal|p1a: Jackson|56/100|[from] Grassy Terrain
|upkeep
|turn|9
|
|t:|1754309371
|-terastallize|p1a: Jackson|Ghost
|move|p1b: AJ|Grassy Glide|p2a: Primarina
|-resisted|p2a: Primarina
|-damage|p2a: Primarina|48/100
|move|p1a: Jackson|Sucker Punch|p2a: Primarina
|-damage|p2a: Primarina|0 fnt
|faint|p2a: Primarina
|move|p2b: Sneasler|Dire Claw|p1b: AJ
|-supereffective|p1b: AJ
|-damage|p1b: AJ|0 fnt
|faint|p1b: AJ
|
|-heal|p2b: Sneasler|100/100|[from] Grassy Terrain
|-heal|p1a: Jackson|62/100|[from] Grassy Terrain
|upkeep
|
|t:|1754309379
|switch|p2a: Dragapult|Dragapult, L50, M, shiny|100/100
|turn|10
|
|t:|1754309382
|move|p1a: Jackson|Sucker Punch|p2a: Dragapult
|-supereffective|p2a: Dragapult
|-damage|p2a: Dragapult|0 fnt
|faint|p2a: Dragapult
|move|p2b: Sneasler|Dire Claw|p1a: Jackson
|-resisted|p1a: Jackson
|-damage|p1a: Jackson|52/100
|-status|p1a: Jackson|par
|
|-heal|p1a: Jackson|58/100 par|[from] Grassy Terrain
|upkeep
|turn|11
|
|t:|1754309394
|move|p2b: Sneasler|Dire Claw|p1a: Jackson
|-resisted|p1a: Jackson
|-damage|p1a: Jackson|47/100 par
|cant|p1a: Jackson|par
|
|-heal|p1a: Jackson|53/100 par|[from] Grassy Terrain
|upkeep
|turn|12
|
|t:|1754309401
|move|p2b: Sneasler|Dire Claw|p1a: Jackson
|-resisted|p1a: Jackson
|-damage|p1a: Jackson|43/100 par
|move|p1a: Jackson|Iron Head|p2b: Sneasler
|-damage|p2b: Sneasler|19/100
|
|-heal|p2b: Sneasler|24/100|[from] Grassy Terrain
|-heal|p1a: Jackson|49/100 par|[from] Grassy Terrain
|-fieldend|move: Grassy Terrain
|upkeep
|turn|13
|
|t:|1754309408
|move|p2b: Sneasler|Dire Claw|p1a: Jackson
|-resisted|p1a: Jackson
|-damage|p1a: Jackson|39/100 par
|move|p1a: Jackson|Iron Head|p2b: Sneasler
|-damage|p2b: Sneasler|0 fnt
|faint|p2b: Sneasler
|
|win|dracojackson
|raw|dracojackson's rating: 1334 → 1355(+21 for winning)
|raw|vaxa_777's rating: 1343 → 1322(-21 for losing)
|l|☆vaxa_777
|player|p2|
