|j|☆marines malevolent
|j|☆Vincykyu
|html|marines malevolentVincykyu    
|uhtml|bestof|Game 3 of a best-of-3
|t:|1785961157
|gametype|doubles
|player|p1|marines malevolent|hiker-gen2|
|player|p2|Vincykyu|elesa|
|gen|9
|tier|[Gen 9 Champions] VGC 2026 Reg M-B (Bo3)
|rule|Species Clause: Limit one of each Pokémon
|rule|Item Clause: Limit 1 of each item
|clearpoke
|poke|p1|Pidgeot, L50, M|
|poke|p1|Ninetales, L50, M|
|poke|p1|Garchomp, L50, F|
|poke|p1|Whimsicott, L50, F, shiny|
|poke|p1|Sinistcha, L50|
|poke|p1|Sneasler, L50, M|
|poke|p2|Feraligatr, L50, F|
|poke|p2|Sinistcha-Masterpiece, L50|
|poke|p2|Sneasler, L50, F|
|poke|p2|Clefable, L50, F|
|poke|p2|Incineroar, L50, F|
|poke|p2|Talonflame, L50, F|
|teampreview|4
|showteam|p1|Pidgeot||Pidgeotite|KeenEye|Hurricane,HeatWave,Protect,Uturn|Timid||M|||50|]Ninetales||HeatRock|Drought|HeatWave,Protect,HelpingHand,WillOWisp|Timid||M|||50|]Garchomp||SitrusBerry|RoughSkin|Earthquake,RockSlide,Protect,DragonClaw|Jolly||F|||50|]Whimsicott||FocusSash|Prankster|Moonblast,Taunt,Tailwind,FakeTears|Timid||F|||50|]Sinistcha||Leftovers|Hospitality|MatchaGotcha,RagePowder,Protect,ShadowBall|Bold|||||50|]Sneasler||WhiteHerb|Unburden|CloseCombat,Protect,FakeOut,GunkShot|Jolly||M|||50|
|showteam|p2|Feraligatr||Feraligite|Torrent|Protect,DoubleEdge,Liquidation,AquaJet|Adamant||F|||50|]Sinistcha-Masterpiece||OccaBerry|Hospitality|MatchaGotcha,LifeDew,Protect,RagePowder|Bold|||||50|]Sneasler||WhiteHerb|Unburden|CloseCombat,ThroatChop,Protect,FakeOut|Adamant||F|||50|]Clefable||Leftovers|MagicGuard|FollowMe,Moonblast,Protect,HelpingHand|Bold||F|||50|]Incineroar||SitrusBerry|Intimidate|FakeOut,PartingShot,ThroatChop,WillOWisp|Careful||F|||50|]Talonflame||SharpBeak|GaleWings|Tailwind,Taunt,FlareBlitz,BraveBird|Adamant||F|||50|
|l|☆Vincykyu
|player|p2|
|j| Raspree
|j|☆Vincykyu
|player|p2|Vincykyu|elesa|
|c| Raspree|Potete cominciare. Buona fortuna
|l|☆Vincykyu
|player|p2|
|j|☆Vincykyu
|player|p2|Vincykyu|elesa|
|n|☆Vincykyu|vincykyu
|
|t:|1785961231
|teamsize|p1|4
|teamsize|p2|4
|start
|switch|p1a: Sneasler|Sneasler, L50, M|100/100
|switch|p1b: Ninetales|Ninetales, L50, M|100/100
|switch|p2a: Feraligatr|Feraligatr, L50, F|100/100
|switch|p2b: Talonflame|Talonflame, L50, F|100/100
|-weather|SunnyDay|[from] ability: Drought|[of] p1b: Ninetales
|turn|1
|
|t:|1785961282
|move|p1b: Ninetales|Protect|p1b: Ninetales
|-singleturn|p1b: Ninetales|Protect
|move|p1a: Sneasler|Fake Out|p2a: Feraligatr
|-damage|p2a: Feraligatr|86/100
|move|p2b: Talonflame|Tailwind|p2b: Talonflame
|-sidestart|p2: Vincykyu|move: Tailwind
|cant|p2a: Feraligatr|flinch
|
|-weather|SunnyDay|[upkeep]
|upkeep
|turn|2
|
|t:|1785961306
|move|p1b: Ninetales|Helping Hand|p1a: Sneasler
|-singleturn|p1a: Sneasler|Helping Hand|[of] p1b: Ninetales
|move|p2b: Talonflame|Brave Bird|p1a: Sneasler
|-supereffective|p1a: Sneasler|1
|-crit|p1a: Sneasler
|-damage|p1a: Sneasler|0 fnt
|faint|p1a: Sneasler
|-damage|p2b: Talonflame|63/100|[from] Recoil
|move|p2a: Feraligatr|Aqua Jet|p1b: Ninetales
|-supereffective|p1b: Ninetales|1
|-damage|p1b: Ninetales|78/100
|
|-weather|SunnyDay|[upkeep]
|upkeep
|
|t:|1785961326
|switch|p1a: Garchomp|Garchomp, L50, F|100/100
|turn|3
|
|t:|1785961337
|detailschange|p2a: Feraligatr|Feraligatr-Mega, L50, F
|-mega|p2a: Feraligatr|Feraligatr|Feraligite
|move|p1b: Ninetales|Helping Hand|p1a: Garchomp
|-singleturn|p1a: Garchomp|Helping Hand|[of] p1b: Ninetales
|move|p2b: Talonflame|Taunt|p1a: Garchomp
|-start|p1a: Garchomp|move: Taunt
|move|p2a: Feraligatr|Double-Edge|p1b: Ninetales
|-damage|p1b: Ninetales|0 fnt
|faint|p1b: Ninetales
|-damage|p2a: Feraligatr|59/100|[from] Recoil
|move|p1a: Garchomp|Rock Slide|p2a: Feraligatr|[spread] p2a,p2b
|-supereffective|p2b: Talonflame|2
|-damage|p2a: Feraligatr|36/100
|-damage|p2b: Talonflame|0 fnt
|faint|p2b: Talonflame
|
|-weather|SunnyDay|[upkeep]
|upkeep
|
|t:|1785961359
|switch|p2b: Incineroar|Incineroar, L50, F|100/100
|switch|p1b: Sinistcha|Sinistcha, L50|100/100
|-ability|p2b: Incineroar|Intimidate|boost
|-unboost|p1a: Garchomp|atk|1
|-unboost|p1b: Sinistcha|atk|1
|turn|4
|
|t:|1785961386
|move|p2b: Incineroar|Fake Out|p1b: Sinistcha
|-immune|p1b: Sinistcha
|move|p2a: Feraligatr|Liquidation|p1a: Garchomp
|-damage|p1a: Garchomp|74/100
|-damage|p2a: Feraligatr|24/100|[from] ability: Rough Skin|[of] p1a: Garchomp
|move|p1a: Garchomp|Earthquake|p2a: Feraligatr|[spread] p1b,p2a,p2b
|-resisted|p1b: Sinistcha|1
|-supereffective|p2b: Incineroar|1
|-damage|p1b: Sinistcha|88/100
|-damage|p2a: Feraligatr|2/100
|-damage|p2b: Incineroar|54/100
|move|p1b: Sinistcha|Matcha Gotcha|p2a: Feraligatr|[spread] p2a
|-miss|p1b: Sinistcha|p2b: Incineroar
|-damage|p2a: Feraligatr|0 fnt
|-heal|p1b: Sinistcha|89/100|[from] drain|[of] p2a: Feraligatr
|faint|p2a: Feraligatr
|
|-weather|SunnyDay|[upkeep]
|-heal|p1b: Sinistcha|96/100|[from] item: Leftovers
|-sideend|p2: Vincykyu|move: Tailwind
|upkeep
|
|t:|1785961407
|switch|p2a: Sneasler|Sneasler, L50, F|100/100
|turn|5
|
|t:|1785961431
|move|p2a: Sneasler|Throat Chop|p1a: Garchomp
|-damage|p1a: Garchomp|44/100
|-start|p1a: Garchomp|Throat Chop|[silent]
|-damage|p2a: Sneasler|87/100|[from] ability: Rough Skin|[of] p1a: Garchomp
|-enditem|p1a: Garchomp|Sitrus Berry|[eat]
|-heal|p1a: Garchomp|69/100|[from] item: Sitrus Berry
|move|p1a: Garchomp|Earthquake|p2a: Sneasler|[spread] p1b,p2a,p2b
|-resisted|p1b: Sinistcha|1
|-supereffective|p2a: Sneasler|1
|-supereffective|p2b: Incineroar|1
|-damage|p1b: Sinistcha|85/100
|-damage|p2a: Sneasler|7/100
|-damage|p2b: Incineroar|9/100
|-enditem|p2b: Incineroar|Sitrus Berry|[eat]
|-heal|p2b: Incineroar|34/100|[from] item: Sitrus Berry
|move|p1b: Sinistcha|Shadow Ball|p2a: Sneasler
|-damage|p2a: Sneasler|0 fnt
|faint|p2a: Sneasler
|move|p2b: Incineroar|Throat Chop|p1b: Sinistcha
|-supereffective|p1b: Sinistcha|1
|-damage|p1b: Sinistcha|38/100
|-start|p1b: Sinistcha|Throat Chop|[silent]
|
|-weather|SunnyDay|[upkeep]
|-heal|p1b: Sinistcha|44/100|[from] item: Leftovers
|-end|p1a: Garchomp|move: Taunt
|upkeep
|turn|6
|
|t:|1785961475
|move|p1b: Sinistcha|Protect|p1b: Sinistcha
|-singleturn|p1b: Sinistcha|Protect
|move|p1a: Garchomp|Earthquake|p2b: Incineroar|[spread] p2b
|-activate|p1b: Sinistcha|move: Protect
|-supereffective|p2b: Incineroar|1
|-damage|p2b: Incineroar|0 fnt
|faint|p2b: Incineroar
|
|win|marines malevolent
