|j|â˜†ChimpDoppio
|j|â˜†TheLastMew
|html|ChimpDoppioTheLastMew    
|uhtml|bestof|Game 2 of a best-of-3
|t:|1757187189
|gametype|doubles
|player|p1|ChimpDoppio|ingo|1186
|player|p2|TheLastMew|steven|1148
|gen|9
|tier|[Gen 9] VGC 2025 Reg H (Bo3)
|rated|
|rule|Species Clause: Limit one of each PokÃ©mon
|rule|Item Clause: Limit 1 of each item
|clearpoke
|poke|p1|Porygon2, L50|
|poke|p1|Ursaluna, L50, F|
|poke|p1|Volcarona, L50, F|
|poke|p1|Grimmsnarl, L50, M|
|poke|p1|Annihilape, L50, M|
|poke|p1|Hydreigon, L50, F|
|poke|p2|Sneasler, L50, F|
|poke|p2|Incineroar, L50, M|
|poke|p2|Rillaboom, L50, M|
|poke|p2|Gholdengo, L50|
|poke|p2|Volcarona, L50, F|
|poke|p2|Kingambit, L50, F|
|teampreview|4
|showteam|p1|Porygon2||Eviolite|Download|IceBeam,TeraBlast,Recover,TrickRoom||||||50|,,,,,Flying]Ursaluna||FlameOrb|Guts|Facade,Earthquake,HeadlongRush,Protect|||F|||50|,,,,,Ghost]Volcarona||SitrusBerry|FlameBody|GigaDrain,HeatWave,QuiverDance,RagePowder|||F|||50|,,,,,Dragon]Grimmsnarl||LightClay|Prankster|SpiritBreak,Reflect,LightScreen,PartingShot|||M|||50|,,,,,Ghost]Annihilape||SafetyGoggles|Defiant|Protect,BulkUp,DrainPunch,RageFist|||M|||50|,,,,,Water]Hydreigon||AssaultVest|Levitate|DracoMeteor,DarkPulse,EarthPower,FlashCannon|||F|||50|,,,,,Steel
|showteam|p2|Sneasler||GrassySeed|Unburden|SwordsDance,CloseCombat,DireClaw,Protect|||F|||50|,,,,,Ghost]Incineroar||SitrusBerry|Intimidate|FakeOut,FlareBlitz,KnockOff,PartingShot|||M|||50|,,,,,Grass]Rillaboom||AssaultVest|GrassySurge|FakeOut,GrassyGlide,WoodHammer,HighHorsepower|||M|||50|,,,,,Fire]Gholdengo||ChoiceSpecs|GoodasGold|MakeItRain,ShadowBall,Thunderbolt,Trick||||||50|,,,,,Steel]Volcarona||Leftovers|FlameBody|QuiverDance,FieryDance,GigaDrain,Protect|||F|||50|,,,,,Water]Kingambit||BlackGlasses|Defiant|KowtowCleave,SuckerPunch,IronHead,Protect|||F|||50|,,,,,Flying
|inactive|Battle timer is ON: inactive players will automatically lose when time's up. (requested by ChimpDoppio)
|inactive|ChimpDoppio has 60 seconds left.
|
|t:|1757187242
|teamsize|p1|4
|teamsize|p2|4
|start
|switch|p1a: Grimmsnarl|Grimmsnarl, L50, M|100/100
|switch|p1b: Annihilape|Annihilape, L50, M, shiny|100/100
|switch|p2a: Volcarona|Volcarona, L50, F|100/100
|switch|p2b: Gholdengo|Gholdengo, L50|100/100
|turn|1
|
|t:|1757187262
|-terastallize|p1b: Annihilape|Water
|move|p1a: Grimmsnarl|Light Screen|p1a: Grimmsnarl
|-sidestart|p1: ChimpDoppio|move: Light Screen
|move|p2a: Volcarona|Quiver Dance|p2a: Volcarona
|-boost|p2a: Volcarona|spa|1
|-boost|p2a: Volcarona|spd|1
|-boost|p2a: Volcarona|spe|1
|move|p2b: Gholdengo|Make It Rain|p1b: Annihilape|[spread] p1a,p1b
|-supereffective|p1a: Grimmsnarl
|-resisted|p1b: Annihilape
|-damage|p1a: Grimmsnarl|29/100
|-damage|p1b: Annihilape|82/100
|-unboost|p2b: Gholdengo|spa|1
|move|p1b: Annihilape|Bulk Up|p1b: Annihilape
|-boost|p1b: Annihilape|atk|1
|-boost|p1b: Annihilape|def|1
|
|upkeep
|turn|2
|inactive|ChimpDoppio has 30 seconds left.
|
|t:|1757187296
|move|p1a: Grimmsnarl|Reflect|p1a: Grimmsnarl
|-sidestart|p1: ChimpDoppio|Reflect
|move|p2a: Volcarona|Giga Drain|p1b: Annihilape
|-supereffective|p1b: Annihilape
|-damage|p1b: Annihilape|45/100
|move|p2b: Gholdengo|Make It Rain|p1b: Annihilape|[spread] p1a,p1b
|-supereffective|p1a: Grimmsnarl
|-resisted|p1b: Annihilape
|-damage|p1a: Grimmsnarl|0 fnt
|-damage|p1b: Annihilape|34/100
|-unboost|p2b: Gholdengo|spa|1
|faint|p1a: Grimmsnarl
|move|p1b: Annihilape|Bulk Up|p1b: Annihilape
|-boost|p1b: Annihilape|atk|1
|-boost|p1b: Annihilape|def|1
|
|upkeep
|
|t:|1757187308
|switch|p1a: Porygon2|Porygon2, L50, shiny|100/100
|-ability|p1a: Porygon2|Download|boost
|-boost|p1a: Porygon2|atk|1
|turn|3
|l|â˜†TheLastMew
|inactive|TheLastMew disconnected and has a minute to reconnect!
|player|p2|
|inactive|TheLastMew has 30 seconds left.
|j|â˜†TheLastMew
|inactive|TheLastMew reconnected and has 25 seconds left.
|player|p2|TheLastMew|steven|
|inactive|TheLastMew has 20 seconds left.
|
|t:|1757187348
|switch|p2b: Rillaboom|Rillaboom, L50, M|100/100
|-fieldstart|move: Grassy Terrain|[from] ability: Grassy Surge|[of] p2b: Rillaboom
|move|p1b: Annihilape|Protect|p1b: Annihilape
|-singleturn|p1b: Annihilape|Protect
|move|p2a: Volcarona|Giga Drain|p1b: Annihilape
|-activate|p1b: Annihilape|move: Protect
|move|p1a: Porygon2|Trick Room|p1a: Porygon2
|-fieldstart|move: Trick Room|[of] p1a: Porygon2
|
|-heal|p1b: Annihilape|40/100|[from] Grassy Terrain
|upkeep
|turn|4
|
|t:|1757187371
|move|p1a: Porygon2|Ice Beam|p2b: Rillaboom
|-supereffective|p2b: Rillaboom
|-damage|p2b: Rillaboom|63/100
|-status|p2b: Rillaboom|frz
|cant|p2b: Rillaboom|frz
|move|p1b: Annihilape|Rage Fist|p2a: Volcarona
|-damage|p2a: Volcarona|0 fnt
|faint|p2a: Volcarona
|
|-heal|p2b: Rillaboom|69/100 frz|[from] Grassy Terrain
|-heal|p1b: Annihilape|46/100|[from] Grassy Terrain
|upkeep
|c|â˜†TheLastMew|:(
|
|t:|1757187395
|switch|p2a: Gholdengo|Gholdengo, L50|100/100
|turn|5
|c|â˜†ChimpDoppio|lol
|
|t:|1757187417
|-terastallize|p2a: Gholdengo|Steel
|cant|p2b: Rillaboom|frz
|move|p1a: Porygon2|Ice Beam|p2b: Rillaboom
|-supereffective|p2b: Rillaboom
|-damage|p2b: Rillaboom|32/100 frz
|move|p1b: Annihilape|Rage Fist|p2a: Gholdengo
|-damage|p2a: Gholdengo|0 fnt
|faint|p2a: Gholdengo
|
|-heal|p2b: Rillaboom|38/100 frz|[from] Grassy Terrain
|-heal|p1b: Annihilape|52/100|[from] Grassy Terrain
|upkeep
|
|t:|1757187425
|switch|p2a: Incineroar|Incineroar, L50, M|100/100
|-ability|p2a: Incineroar|Intimidate|boost
|-unboost|p1a: Porygon2|atk|1
|-unboost|p1b: Annihilape|atk|1
|-ability|p1b: Annihilape|Defiant|boost
|-boost|p1b: Annihilape|atk|2
|turn|6
|
|t:|1757187435
|move|p2a: Incineroar|Fake Out|p1b: Annihilape
|-damage|p1b: Annihilape|49/100
|move|p1a: Porygon2|Ice Beam|p2b: Rillaboom
|-supereffective|p2b: Rillaboom
|-damage|p2b: Rillaboom|1/100 frz
|cant|p2b: Rillaboom|frz
|cant|p1b: Annihilape|flinch
|
|-heal|p2b: Rillaboom|7/100 frz|[from] Grassy Terrain
|-heal|p1b: Annihilape|55/100|[from] Grassy Terrain
|upkeep
|turn|7
|c|â˜†TheLastMew|gg
|-message|TheLastMew forfeited.
|
|win|ChimpDoppio
|raw|ChimpDoppio's rating: 1186 → 1208(+22 for winning)
|raw|TheLastMew's rating: 1148 → 1126(-22 for losing)
|c|â˜†ChimpDoppio|gg
|l|â˜†TheLastMew
|player|p2|
