|j|☆Twittle Twister
|j|☆jesus saves the 1
|html|Twittle Twisterjesus saves the 1    
|uhtml|bestof|Game 2 of a best-of-3
|t:|1756613068
|gametype|doubles
|player|p1|Twittle Twister|2|1052
|player|p2|jesus saves the 1|266|1006
|gen|9
|tier|[Gen 9] VGC 2025 Reg H (Bo3)
|rated|
|rule|Species Clause: Limit one of each Pokémon
|rule|Item Clause: Limit 1 of each item
|clearpoke
|poke|p1|Volcarona, L50, F|
|poke|p1|Tyranitar, L50, F|
|poke|p1|Rillaboom, L50, F|
|poke|p1|Sneasler, L50, F|
|poke|p1|Dragonite, L50, M|
|poke|p1|Amoonguss, L50, F|
|poke|p2|Indeedee-F, L50, F|
|poke|p2|Hatterene, L50, F|
|poke|p2|Torkoal, L50, M|
|poke|p2|Lilligant-Hisui, L50, F|
|poke|p2|Ursaluna, L50, F|
|poke|p2|Gallade, L50, M|
|teampreview|4
|showteam|p1|Volcarona||SafetyGoggles|FlameBody|QuiverDance,HeatWave,GigaDrain,Protect|||F|||50|,,,,,Stellar]Tyranitar||AssaultVest|SandStream|RockSlide,KnockOff,TeraBlast,Earthquake|||F|||50|,,,,,Flying]Rillaboom||MiracleSeed|GrassySurge|KnockOff,Uturn,GrassyGlide,FakeOut|||F|||50|,,,,,Grass]Sneasler||GrassySeed|Unburden|DireClaw,Acrobatics,Protect,CloseCombat|||F|||50|,,,,,Flying]Dragonite||LoadedDice|Multiscale|Tailwind,ScaleShot,Haze,Protect|||M|||50|,,,,,Fairy]Amoonguss||RockyHelmet|Regenerator|RagePowder,Spore,Protect,PollenPuff|||F|||50|,,,,,Water
|showteam|p2|Indeedee-F||PsychicSeed|PsychicSurge|FollowMe,Psychic,HelpingHand,TrickRoom|||F|||50|,,,,,Grass]Hatterene||LifeOrb|MagicBounce|ExpandingForce,DazzlingGleam,TrickRoom,Protect|||F|||50|,,,,,Fire]Torkoal||Charcoal|Drought|Eruption,WeatherBall,ClearSmog,Protect|||M|||50|,,,,,Fire]Lilligant-Hisui||FocusSash|Chlorophyll|SleepPowder,AfterYou,LeafBlade,CloseCombat|||F|||50|,,,,,Ghost]Ursaluna||FlameOrb|Guts|HeadlongRush,Facade,SwordsDance,Protect|||F|||50|,,,,,Ghost]Gallade||ClearAmulet|Sharpness|SacredSword,PsychoCut,WideGuard,TrickRoom|||M|||50|,,,,,Grass
|inactive|Battle timer is ON: inactive players will automatically lose when time's up. (requested by jesus saves the 1)
|inactive|jesus saves the 1 has 60 seconds left.
|inactive|jesus saves the 1 has 30 seconds left.
|inactive|jesus saves the 1 has 20 seconds left.
|inactive|jesus saves the 1 has 15 seconds left.
|
|t:|1756613147
|teamsize|p1|4
|teamsize|p2|4
|start
|switch|p1a: Rillaboom|Rillaboom, L50, F|100/100
|switch|p1b: Sneasler|Sneasler, L50, F|100/100
|switch|p2a: Lilligant|Lilligant-Hisui, L50, F|100/100
|switch|p2b: Torkoal|Torkoal, L50, M|100/100
|-fieldstart|move: Grassy Terrain|[from] ability: Grassy Surge|[of] p1a: Rillaboom
|-enditem|p1b: Sneasler|Grassy Seed
|-boost|p1b: Sneasler|def|1|[from] item: Grassy Seed
|-weather|SunnyDay|[from] ability: Drought|[of] p2b: Torkoal
|turn|1
|inactive|Twittle Twister has 30 seconds left.
|inactive|jesus saves the 1 has 30 seconds left.
|inactive|Twittle Twister has 20 seconds left.
|inactive|jesus saves the 1 has 20 seconds left.
|inactive|Twittle Twister has 15 seconds left.
|inactive|jesus saves the 1 has 15 seconds left.
|inactive|Twittle Twister has 10 seconds left.
|inactive|Twittle Twister has 5 seconds left.
|
|t:|1756613202
|switch|p2a: Ursaluna|Ursaluna, L50, F|100/100
|move|p2b: Torkoal|Protect|p2b: Torkoal
|-singleturn|p2b: Torkoal|Protect
|move|p1b: Sneasler|Dire Claw|p2a: Ursaluna
|-resisted|p2a: Ursaluna
|-damage|p2a: Ursaluna|82/100
|-status|p2a: Ursaluna|slp
|move|p1a: Rillaboom|Knock Off|p2a: Ursaluna
|-damage|p2a: Ursaluna|53/100 slp
|-enditem|p2a: Ursaluna|Flame Orb|[from] move: Knock Off|[of] p1a: Rillaboom
|
|-weather|SunnyDay|[upkeep]
|-heal|p2a: Ursaluna|59/100 slp|[from] Grassy Terrain
|upkeep
|turn|2
|
|t:|1756613224
|-terastallize|p2b: Torkoal|Fire
|move|p1a: Rillaboom|Grassy Glide|p2a: Ursaluna
|-supereffective|p2a: Ursaluna
|-damage|p2a: Ursaluna|0 fnt
|faint|p2a: Ursaluna
|move|p1b: Sneasler|Close Combat|p2b: Torkoal
|-damage|p2b: Torkoal|46/100
|-unboost|p1b: Sneasler|def|1
|-unboost|p1b: Sneasler|spd|1
|move|p2b: Torkoal|Eruption|p1b: Sneasler|[spread] p1a,p1b
|-supereffective|p1a: Rillaboom
|-damage|p1a: Rillaboom|0 fnt
|-damage|p1b: Sneasler|0 fnt
|faint|p1a: Rillaboom
|faint|p1b: Sneasler
|
|-weather|SunnyDay|[upkeep]
|-heal|p2b: Torkoal|52/100|[from] Grassy Terrain
|upkeep
|
|t:|1756613247
|switch|p1b: Tyranitar|Tyranitar, L50, F|100/100
|switch|p1a: Amoonguss|Amoonguss, L50, F|100/100
|switch|p2a: Lilligant|Lilligant-Hisui, L50, F|100/100
|-weather|Sandstorm|[from] ability: Sand Stream|[of] p1b: Tyranitar
|turn|3
|
|t:|1756613264
|-terastallize|p1b: Tyranitar|Flying
|move|p2a: Lilligant|After You|p2b: Torkoal
|-activate|p2b: Torkoal|move: After You
|move|p2b: Torkoal|Eruption|p1a: Amoonguss|[spread] p1a,p1b
|-supereffective|p1a: Amoonguss
|-damage|p1a: Amoonguss|46/100
|-damage|p1b: Tyranitar|74/100
|move|p1b: Tyranitar|Tera Blast|p2a: Lilligant|[anim] Tera Blast Flying
|-supereffective|p2a: Lilligant
|-enditem|p2a: Lilligant|Focus Sash
|-damage|p2a: Lilligant|1/100
|move|p1a: Amoonguss|Spore|p2b: Torkoal
|-status|p2b: Torkoal|slp|[from] move: Spore
|
|-weather|Sandstorm|[upkeep]
|-damage|p2a: Lilligant|0 fnt|[from] Sandstorm
|-damage|p1b: Tyranitar|68/100|[from] Sandstorm
|-damage|p1a: Amoonguss|40/100|[from] Sandstorm
|-damage|p2b: Torkoal|46/100 slp|[from] Sandstorm
|faint|p2a: Lilligant
|-heal|p1a: Amoonguss|46/100|[from] Grassy Terrain
|-heal|p2b: Torkoal|52/100 slp|[from] Grassy Terrain
|upkeep
|
|t:|1756613278
|switch|p2a: Gallade|Gallade, L50, M|100/100
|turn|4
|
|t:|1756613294
|move|p1a: Amoonguss|Rage Powder|p1a: Amoonguss
|-singleturn|p1a: Amoonguss|move: Rage Powder
|move|p1b: Tyranitar|Tera Blast|p2a: Gallade|[anim] Tera Blast Flying
|-supereffective|p2a: Gallade
|-damage|p2a: Gallade|0 fnt
|faint|p2a: Gallade
|cant|p2b: Torkoal|slp
|
|-weather|Sandstorm|[upkeep]
|-damage|p1b: Tyranitar|63/100|[from] Sandstorm
|-damage|p1a: Amoonguss|40/100|[from] Sandstorm
|-damage|p2b: Torkoal|46/100 slp|[from] Sandstorm
|-heal|p1a: Amoonguss|46/100|[from] Grassy Terrain
|-heal|p2b: Torkoal|52/100 slp|[from] Grassy Terrain
|upkeep
|turn|5
|
|t:|1756613308
|move|p1b: Tyranitar|Rock Slide|p2b: Torkoal
|-supereffective|p2b: Torkoal
|-damage|p2b: Torkoal|0 fnt
|faint|p2b: Torkoal
|
|win|Twittle Twister
|raw|Twittle Twister's rating: 1052 → 1080(+28 for winning)
|raw|jesus saves the 1's rating: 1006 → 1000(-6 for losing)
|l|☆jesus saves the 1
|player|p2|
