|j|☆Cogao vascaino
|j|☆entei enthusiast
|html|Cogao vascainoentei enthusiast    
|uhtml|bestof|Game 3 of a best-of-3
|t:|1756571345
|gametype|doubles
|player|p1|Cogao vascaino|dancer|1234
|player|p2|entei enthusiast|265|1322
|gen|9
|tier|[Gen 9] VGC 2025 Reg H (Bo3)
|rated|
|rule|Species Clause: Limit one of each Pokémon
|rule|Item Clause: Limit 1 of each item
|clearpoke
|poke|p1|Maushold, L50|
|poke|p1|Sinistcha, L50|
|poke|p1|Pelipper, L50, F|
|poke|p1|Annihilape, L50, M|
|poke|p1|Basculegion, L50, M|
|poke|p1|Archaludon, L50, M|
|poke|p2|Gholdengo, L50|
|poke|p2|Sneasler, L50, M|
|poke|p2|Rillaboom, L50, F|
|poke|p2|Dragonite, L50, M|
|poke|p2|Ninetales-Alola, L50, M|
|poke|p2|Arcanine-Hisui, L50, F|
|teampreview|4
|showteam|p1|Maushold||SafetyGoggles|FriendGuard|BeatUp,FollowMe,Taunt,Protect||||||50|,,,,,Ghost]Sinistcha||RockyHelmet|Hospitality|MatchaGotcha,RagePowder,LifeDew,TrickRoom||||||50|,,,,,Fairy]Pelipper||FocusSash|Drizzle|WeatherBall,Hurricane,Tailwind,Protect|||F|||50|,,,,,Stellar]Annihilape||SpellTag|Defiant|DrainPunch,RageFist,BulkUp,Protect|||M|||50|,,,,,Fire]Basculegion||ChoiceBand|SwiftSwim|WaveCrash,AquaJet,LastRespects,FlipTurn|||M|||50|,,,,,Water]Archaludon||AssaultVest|Stamina|BodyPress,DracoMeteor,ElectroShot,FlashCannon|||M|||50|,,,,,Grass
|showteam|p2|Gholdengo||GrassySeed|GoodasGold|NastyPlot,MakeItRain,ShadowBall,Protect||||||50|,,,,,Water]Sneasler||WhiteHerb|Unburden|CloseCombat,DireClaw,Coaching,Protect|||M|||50|,,,,,Ghost]Rillaboom||AssaultVest|GrassySurge|FakeOut,GrassyGlide,DrumBeating,HighHorsepower|||F|||50|,,,,,Fire]Dragonite||LoadedDice|Multiscale|ScaleShot,StompingTantrum,Tailwind,Protect|||M|||50|,,,,,Ground]Ninetales-Alola||FocusSash|SnowWarning|Blizzard,IcyWind,Encore,AuroraVeil|||M|||50|,,,,,Ghost]Arcanine-Hisui||ClearAmulet|Intimidate|RockSlide,FlareBlitz,ExtremeSpeed,Protect|||F|||50|,,,,,Water
|inactive|Battle timer is ON: inactive players will automatically lose when time's up. (requested by entei enthusiast)
|
|t:|1756571365
|teamsize|p1|4
|teamsize|p2|4
|start
|switch|p1a: Maushold|Maushold, L50|100/100
|switch|p1b: Annihilape|Annihilape, L50, M|100/100
|switch|p2a: Sneasler|Sneasler, L50, M, shiny|100/100
|switch|p2b: Dragonite|Dragonite, L50, M|100/100
|turn|1
|inactive|Cogao vascaino has 30 seconds left.
|inactive|entei enthusiast has 30 seconds left.
|inactive|Cogao vascaino has 20 seconds left.
|inactive|entei enthusiast has 20 seconds left.
|inactive|entei enthusiast has 15 seconds left.
|inactive|entei enthusiast has 10 seconds left.
|inactive|entei enthusiast has 5 seconds left.
|
|t:|1756571417
|move|p1a: Maushold|Protect|p1a: Maushold
|-singleturn|p1a: Maushold|Protect
|move|p2a: Sneasler|Close Combat|p1a: Maushold
|-activate|p1a: Maushold|move: Protect
|move|p1b: Annihilape|Bulk Up|p1b: Annihilape
|-boost|p1b: Annihilape|atk|1
|-boost|p1b: Annihilape|def|1
|move|p2b: Dragonite|Scale Shot|p1b: Annihilape
|-crit|p1b: Annihilape
|-damage|p1b: Annihilape|83/100
|-damage|p1b: Annihilape|75/100
|-crit|p1b: Annihilape
|-damage|p1b: Annihilape|58/100
|-damage|p1b: Annihilape|50/100
|-damage|p1b: Annihilape|41/100
|-hitcount|p1b: Annihilape|5
|-unboost|p2b: Dragonite|def|1
|-boost|p2b: Dragonite|spe|1
|
|upkeep
|turn|2
|inactive|Cogao vascaino has 30 seconds left.
|inactive|entei enthusiast has 30 seconds left.
|inactive|Cogao vascaino has 20 seconds left.
|inactive|Cogao vascaino has 15 seconds left.
|inactive|Cogao vascaino has 10 seconds left.
|inactive|Cogao vascaino has 5 seconds left.
|
|t:|1756571470
|-terastallize|p1a: Maushold|Ghost
|move|p1a: Maushold|Follow Me|p1a: Maushold
|-singleturn|p1a: Maushold|move: Follow Me
|move|p2b: Dragonite|Scale Shot|p1a: Maushold
|-damage|p1a: Maushold|82/100
|-damage|p1a: Maushold|64/100
|-damage|p1a: Maushold|45/100
|-damage|p1a: Maushold|25/100
|-hitcount|p1a: Maushold|4
|-unboost|p2b: Dragonite|def|1
|-boost|p2b: Dragonite|spe|1
|move|p2a: Sneasler|Dire Claw|p1a: Maushold
|-resisted|p1a: Maushold
|-damage|p1a: Maushold|0 fnt
|faint|p1a: Maushold
|move|p1b: Annihilape|Rage Fist|p2a: Sneasler
|-damage|p2a: Sneasler|0 fnt
|faint|p2a: Sneasler
|
|upkeep
|
|t:|1756571487
|switch|p1a: Sinistcha|Sinistcha, L50|100/100
|switch|p2a: Ninetales|Ninetales-Alola, L50, M|100/100
|-weather|Snowscape|[from] ability: Snow Warning|[of] p2a: Ninetales
|-heal|p1b: Annihilape|66/100|[from] ability: Hospitality|[of] p1a: Sinistcha
|turn|3
|
|t:|1756571505
|move|p1b: Annihilape|Protect|p1b: Annihilape
|-singleturn|p1b: Annihilape|Protect
|move|p2b: Dragonite|Scale Shot|p1a: Sinistcha
|-damage|p1a: Sinistcha|87/100
|-damage|p1a: Sinistcha|73/100
|-damage|p1a: Sinistcha|58/100
|-damage|p1a: Sinistcha|43/100
|-crit|p1a: Sinistcha
|-damage|p1a: Sinistcha|23/100
|-hitcount|p1a: Sinistcha|5
|-unboost|p2b: Dragonite|def|1
|-boost|p2b: Dragonite|spe|1
|move|p2a: Ninetales|Blizzard|p1a: Sinistcha|[spread] p1a
|-activate|p1b: Annihilape|move: Protect
|-supereffective|p1a: Sinistcha
|-damage|p1a: Sinistcha|0 fnt
|faint|p1a: Sinistcha
|
|-weather|Snowscape|[upkeep]
|upkeep
|
|t:|1756571509
|switch|p1a: Basculegion|Basculegion, L50, M|100/100
|turn|4
|j| Trestkon
|
|t:|1756571530
|move|p1b: Annihilape|Protect|p1b: Annihilape
|-singleturn|p1b: Annihilape|Protect
|move|p2b: Dragonite|Scale Shot|p1a: Basculegion
|-damage|p1a: Basculegion|82/100
|-damage|p1a: Basculegion|62/100
|-damage|p1a: Basculegion|43/100
|-damage|p1a: Basculegion|24/100
|-damage|p1a: Basculegion|7/100
|-hitcount|p1a: Basculegion|5
|-unboost|p2b: Dragonite|def|1
|-boost|p2b: Dragonite|spe|1
|move|p2a: Ninetales|Encore|p1b: Annihilape
|-activate|p1b: Annihilape|move: Protect
|move|p1a: Basculegion|Last Respects|p2b: Dragonite
|-damage|p2b: Dragonite|0 fnt
|faint|p2b: Dragonite
|
|-weather|Snowscape|[upkeep]
|upkeep
|
|t:|1756571533
|switch|p2b: Gholdengo|Gholdengo, L50, shiny|100/100
|turn|5
|
|t:|1756571541
|-terastallize|p2b: Gholdengo|Water
|move|p2a: Ninetales|Encore|p1b: Annihilape
|-start|p1b: Annihilape|Encore
|move|p1b: Annihilape|Protect||[still]
|-fail|p1b: Annihilape
|move|p2b: Gholdengo|Nasty Plot|p2b: Gholdengo
|-boost|p2b: Gholdengo|spa|2
|move|p1a: Basculegion|Last Respects|p2b: Gholdengo
|-damage|p2b: Gholdengo|0 fnt
|faint|p2b: Gholdengo
|
|-weather|Snowscape|[upkeep]
|upkeep
|turn|6
|
|t:|1756571556
|move|p1b: Annihilape|Protect|p1b: Annihilape
|-singleturn|p1b: Annihilape|Protect
|move|p2a: Ninetales|Blizzard|p1a: Basculegion|[spread] p1a
|-activate|p1b: Annihilape|move: Protect
|-resisted|p1a: Basculegion
|-damage|p1a: Basculegion|0 fnt
|faint|p1a: Basculegion
|
|-weather|Snowscape|[upkeep]
|upkeep
|turn|7
|
|t:|1756571559
|move|p1b: Annihilape|Protect||[still]
|-fail|p1b: Annihilape
|move|p2a: Ninetales|Blizzard|p1b: Annihilape
|-damage|p1b: Annihilape|23/100
|
|-weather|none
|-end|p1b: Annihilape|Encore
|upkeep
|turn|8
|
|t:|1756571566
|move|p2a: Ninetales|Encore|p1b: Annihilape
|-start|p1b: Annihilape|Encore
|move|p1b: Annihilape|Protect||[still]
|-fail|p1b: Annihilape
|
|upkeep
|turn|9
|-message|Cogao vascaino forfeited.
|
|win|entei enthusiast
|raw|Cogao vascaino's rating: 1234 → 1215(-19 for losing)
|raw|entei enthusiast's rating: 1322 → 1337(+15 for winning)
