|j|☆Alecat
|j|☆EspeonEnthusiastUU
|html|AlecatEspeonEnthusiastUU    
|uhtml|bestof|Game 2 of a best-of-3
|t:|1757846672
|gametype|doubles
|player|p1|Alecat|scientistf|1058
|player|p2|EspeonEnthusiastUU|waiter-gen4dp|1015
|gen|9
|tier|[Gen 9] VGC 2025 Reg H (Bo3)
|rated|
|rule|Species Clause: Limit one of each Pokémon
|rule|Item Clause: Limit 1 of each item
|clearpoke
|poke|p1|Sneasler, L50, M|
|poke|p1|Magmar, L50, M|
|poke|p1|Rillaboom, L50, M|
|poke|p1|Espathra, L50, M|
|poke|p1|Kingambit, L50, M|
|poke|p1|Arcanine-Hisui, L50, M|
|poke|p2|Annihilape, L50, M|
|poke|p2|Rillaboom, L50, F|
|poke|p2|Palafin, L50, M|
|poke|p2|Incineroar, L50, F|
|poke|p2|Perrserker, L50, F|
|poke|p2|Gliscor, L50, M|
|teampreview|4
|showteam|p1|Sneasler||FocusSash|Unburden|FakeOut,CloseCombat,DireClaw,Coaching|||M|||50|,,,,,Ghost]Magmar||Eviolite|VitalSpirit|FollowMe,HeatWave,Taunt,Protect|||M|||50|,,,,,Dragon]Rillaboom||AssaultVest|GrassySurge|FakeOut,WoodHammer,GrassyGlide,HighHorsepower|||M|||50|,,,,,Fire]Espathra||GrassySeed|SpeedBoost|StoredPower,TeraBlast,CalmMind,Protect|||M|||50|,,,,,Fighting]Kingambit||SafetyGoggles|Defiant|KowtowCleave,SuckerPunch,SwordsDance,Protect|||M|||50|,,,,,Dark]Arcanine-Hisui||LoadedDice|Intimidate|FlareBlitz,RockBlast,ExtremeSpeed,Protect|||M|||50|,,,,,Ghost
|showteam|p2|Annihilape||SafetyGoggles|Defiant|Coaching,RageFist,CloseCombat,Uturn|||M|||50|,,,,,Fire]Rillaboom||MiracleSeed|GrassySurge|WoodHammer,FakeOut,Uturn,GrassyGlide|||F|||50|,,,,,Grass]Palafin||ClearAmulet|ZerotoHero|Haze,WaveCrash,JetPunch,FlipTurn|||M|||50|,,,,,Water]Incineroar||MirrorHerb|Intimidate|KnockOff,FakeOut,PartingShot,FlareBlitz|||F|||50|,,,,,Grass]Perrserker||AssaultVest|ToughClaws|IronHead,CloseCombat,FakeOut,Uturn|||F|||50|,,,,,Bug]Gliscor||ChoiceBand|HyperCutter|Uturn,HighHorsepower,TeraBlast,DualWingbeat|||M|||50|,,,,,Ice
|inactive|Battle timer is ON: inactive players will automatically lose when time's up. (requested by Alecat)
|
|t:|1757846687
|teamsize|p1|4
|teamsize|p2|4
|start
|switch|p1a: Espathra|Espathra, L50, M, shiny|100/100
|switch|p1b: Sneasler|Sneasler, L50, M|100/100
|switch|p2a: Gliscor|Gliscor, L50, M|100/100
|switch|p2b: Incineroar|Incineroar, L50, F|100/100
|-ability|p2b: Incineroar|Intimidate|boost
|-unboost|p1a: Espathra|atk|1
|-unboost|p1b: Sneasler|atk|1
|turn|1
|
|t:|1757846704
|move|p1b: Sneasler|Fake Out|p2a: Gliscor
|-damage|p2a: Gliscor|91/100
|cant|p2a: Gliscor|flinch
|move|p1a: Espathra|Calm Mind|p1a: Espathra
|-boost|p1a: Espathra|spa|1
|-boost|p1a: Espathra|spd|1
|-enditem|p2b: Incineroar|Mirror Herb
|-boost|p2b: Incineroar|spa|1|[from] item: Mirror Herb
|-boost|p2b: Incineroar|spd|1|[from] item: Mirror Herb
|move|p2b: Incineroar|Knock Off|p1a: Espathra
|-supereffective|p1a: Espathra
|-damage|p1a: Espathra|0 fnt
|-enditem|p1a: Espathra|Grassy Seed|[from] move: Knock Off|[of] p2b: Incineroar
|faint|p1a: Espathra
|
|upkeep
|
|t:|1757846721
|switch|p1a: Arcanine|Arcanine-Hisui, L50, M, shiny|100/100
|-ability|p1a: Arcanine|Intimidate|boost
|-fail|p2a: Gliscor|unboost|Attack|[from] ability: Hyper Cutter|[of] p2a: Gliscor
|-unboost|p2b: Incineroar|atk|1
|turn|2
|inactive|EspeonEnthusiastUU has 30 seconds left.
|inactive|EspeonEnthusiastUU has 20 seconds left.
|
|t:|1757846759
|switch|p1b: Magmar|Magmar, L50, M|100/100
|move|p1a: Arcanine|Protect|p1a: Arcanine
|-singleturn|p1a: Arcanine|Protect
|move|p2a: Gliscor|High Horsepower|p1b: Magmar
|-supereffective|p1b: Magmar
|-damage|p1b: Magmar|0 fnt
|faint|p1b: Magmar
|move|p2b: Incineroar|Parting Shot|p1a: Arcanine
|-activate|p1a: Arcanine|move: Protect
|
|upkeep
|
|t:|1757846770
|switch|p1b: Sneasler|Sneasler, L50, M|100/100
|turn|3
|
|t:|1757846779
|move|p1b: Sneasler|Fake Out|p2a: Gliscor
|-damage|p2a: Gliscor|78/100
|move|p1a: Arcanine|Rock Blast|p2a: Gliscor|[miss]
|-miss|p1a: Arcanine|p2a: Gliscor
|cant|p2a: Gliscor|flinch
|move|p2b: Incineroar|Parting Shot|p1b: Sneasler
|-unboost|p1b: Sneasler|atk|1
|-unboost|p1b: Sneasler|spa|1
|
|t:|1757846785
|switch|p2b: Palafin|Palafin, L50, M|100/100|[from] Parting Shot
|
|upkeep
|turn|4
|
|t:|1757846792
|-terastallize|p1a: Arcanine|Ghost
|move|p2b: Palafin|Jet Punch|p1a: Arcanine
|-damage|p1a: Arcanine|72/100
|move|p1b: Sneasler|Coaching|p1a: Arcanine
|-boost|p1a: Arcanine|atk|1
|-boost|p1a: Arcanine|def|1
|move|p1a: Arcanine|Rock Blast|p2a: Gliscor
|-damage|p2a: Gliscor|59/100
|-damage|p2a: Gliscor|40/100
|-damage|p2a: Gliscor|24/100
|-damage|p2a: Gliscor|5/100
|-damage|p2a: Gliscor|0 fnt
|faint|p2a: Gliscor
|-hitcount|p2: Gliscor|5
|
|upkeep
|
|t:|1757846799
|switch|p2a: Incineroar|Incineroar, L50, F|100/100
|-ability|p2a: Incineroar|Intimidate|boost
|-unboost|p1a: Arcanine|atk|1
|-unboost|p1b: Sneasler|atk|1
|turn|5
|inactive|EspeonEnthusiastUU has 30 seconds left.
|
|t:|1757846828
|move|p1b: Sneasler|Dire Claw|p2b: Palafin
|-damage|p2b: Palafin|73/100
|move|p2b: Palafin|Flip Turn|p1b: Sneasler
|-damage|p1b: Sneasler|58/100
|
|t:|1757846834
|detailschange|p2b: Palafin|Palafin-Hero, L50, M
|switch|p2b: Perrserker|Perrserker, L50, F|100/100|[from] Flip Turn
|move|p1a: Arcanine|Rock Blast|p2a: Incineroar
|-supereffective|p2a: Incineroar
|-damage|p2a: Incineroar|77/100
|-supereffective|p2a: Incineroar
|-damage|p2a: Incineroar|53/100
|-supereffective|p2a: Incineroar
|-damage|p2a: Incineroar|28/100
|-supereffective|p2a: Incineroar
|-damage|p2a: Incineroar|4/100
|-hitcount|p2a: Incineroar|4
|move|p2a: Incineroar|Knock Off|p1a: Arcanine
|-supereffective|p1a: Arcanine
|-damage|p1a: Arcanine|2/100
|-enditem|p1a: Arcanine|Loaded Dice|[from] move: Knock Off|[of] p2a: Incineroar
|
|upkeep
|turn|6
|
|t:|1757846855
|move|p1b: Sneasler|Dire Claw|p2a: Incineroar
|-damage|p2a: Incineroar|0 fnt
|faint|p2a: Incineroar
|move|p1a: Arcanine|Flare Blitz|p2b: Perrserker
|-supereffective|p2b: Perrserker
|-damage|p2b: Perrserker|0 fnt
|faint|p2b: Perrserker
|-damage|p1a: Arcanine|0 fnt|[from] Recoil
|faint|p1a: Arcanine
|
|upkeep
|
|t:|1757846859
|switch|p2b: Palafin|Palafin-Hero, L50, M|73/100
|-activate|p2b: Palafin|ability: Zero to Hero
|turn|7
|
|t:|1757846875
|-terastallize|p2b: Palafin|Water
|move|p1b: Sneasler|Dire Claw|p2b: Palafin
|-damage|p2b: Palafin|50/100
|-status|p2b: Palafin|psn
|move|p2b: Palafin|Wave Crash|p1b: Sneasler
|-damage|p1b: Sneasler|0 fnt
|faint|p1b: Sneasler
|-damage|p2b: Palafin|33/100 psn|[from] Recoil
|
|win|EspeonEnthusiastUU
|raw|Alecat's rating: 1058 → 1037(-21 for losing)
|raw|EspeonEnthusiastUU's rating: 1015 → 1057(+42 for winning)
|l|☆EspeonEnthusiastUU
|player|p2|
