|j|☆OwanTanSoup
|j|☆Capitan-N
|html|OwanTanSoupCapitan-N    
|uhtml|bestof|Game 1 of a best-of-3
|t:|1757823113
|gametype|doubles
|player|p1|OwanTanSoup|ingo|1052
|player|p2|Capitan-N|n|1061
|gen|9
|tier|[Gen 9] VGC 2025 Reg H (Bo3)
|rated|
|rule|Species Clause: Limit one of each Pokémon
|rule|Item Clause: Limit 1 of each item
|clearpoke
|poke|p1|Ursaluna-Bloodmoon, L50, M|
|poke|p1|Ceruledge, L50, M|
|poke|p1|Incineroar, L50, M|
|poke|p1|Rotom-Mow, L50|
|poke|p1|Garchomp, L50, M|
|poke|p1|Dragonite, L50, F|
|poke|p2|Morpeko, L50, F|
|poke|p2|Toucannon, L50, F|
|poke|p2|Arcanine, L50, F|
|poke|p2|Annihilape, L50, F|
|poke|p2|Porygon-Z, L50|
|poke|p2|Breloom, L50, F|
|teampreview|4
|showteam|p1|Ursaluna-Bloodmoon||CovertCloak|MindsEye|BloodMoon,Protect,HyperVoice,EarthPower|||M|||50|,,,,,Ground]Ceruledge||LifeOrb|FlashFire|BitterBlade,ShadowSneak,Protect,BulkUp|||M|||50|,,,,,Grass]Incineroar||AbilityShield|Intimidate|FakeOut,KnockOff,PartingShot,FlameCharge|||M|||50|,,,,,Fire]Rotom-Mow||WhiteHerb|Levitate|Electroweb,LeafStorm,Protect,VoltSwitch||||||50|,,,,,Grass]Garchomp||RockyHelmet|RoughSkin|SwordsDance,RockSlide,Earthquake,Protect|||M|||50|,,,,,Ground]Dragonite||Leftovers|InnerFocus|IceSpinner,Tailwind,ExtremeSpeed,Haze|||F|||50|,,,,,Normal
|showteam|p2|Morpeko||FocusSash|HungerSwitch|AuraWheel,FakeOut,Protect,Taunt|||F|||50|,,,,,Ghost]Toucannon||CovertCloak|SkillLink|BeakBlast,BulletSeed,Protect,RockBlast|||F|||50|,,,,,Grass]Arcanine||AssaultVest|Intimidate|Flamethrower,ScorchingSands,DragonPulse,Snarl|||F|||50|,,,,,Dragon]Annihilape||ChoiceScarf|Defiant|CloseCombat,PhantomForce,Uturn,FinalGambit|||F|||50|,,,,,Fire]Porygon-Z||ChoiceSpecs|Adaptability|TeraBlast,TriAttack,Thunderbolt,ShadowBall||||||50|,,,,,Fighting]Breloom||ToxicOrb|PoisonHeal|LeechSeed,Spore,Protect,DrainPunch|||F|||50|,,,,,Water
|
|t:|1757823142
|teamsize|p1|4
|teamsize|p2|4
|start
|switch|p1a: Garchomp|Garchomp, L50, M|100/100
|switch|p1b: Dragonite|Dragonite, L50, F|100/100
|switch|p2a: Breloom|Breloom, L50, F, shiny|100/100
|switch|p2b: Annihilape|Annihilape, L50, F, shiny|100/100
|turn|1
|
|t:|1757823166
|move|p2b: Annihilape|Final Gambit|p1b: Dragonite
|-damage|p1b: Dragonite|0 fnt
|faint|p2b: Annihilape
|faint|p1b: Dragonite
|move|p1a: Garchomp|Swords Dance|p1a: Garchomp
|-boost|p1a: Garchomp|atk|2
|move|p2a: Breloom|Spore|p1a: Garchomp
|-status|p1a: Garchomp|slp|[from] move: Spore
|
|-status|p2a: Breloom|tox|[from] item: Toxic Orb
|upkeep
|
|t:|1757823179
|switch|p1b: Ceruledge|Ceruledge, L50, M, shiny|100/100
|switch|p2b: Porygon-Z|Porygon-Z, L50, shiny|100/100
|turn|2
|
|t:|1757823204
|-terastallize|p1b: Ceruledge|Grass
|-terastallize|p2a: Breloom|Water
|cant|p1a: Garchomp|slp
|move|p1b: Ceruledge|Bitter Blade|p2b: Porygon-Z
|-damage|p2b: Porygon-Z|28/100
|-damage|p1b: Ceruledge|90/100|[from] item: Life Orb
|move|p2b: Porygon-Z|Shadow Ball|p1b: Ceruledge
|-damage|p1b: Ceruledge|34/100
|move|p2a: Breloom|Leech Seed|p1a: Garchomp
|-start|p1a: Garchomp|move: Leech Seed
|
|-damage|p1a: Garchomp|88/100 slp|[from] Leech Seed|[of] p2a: Breloom
|upkeep
|turn|3
|
|t:|1757823224
|switch|p2b: Arcanine|Arcanine, L50, F|100/100
|-ability|p2b: Arcanine|Intimidate|boost
|-unboost|p1a: Garchomp|atk|1
|-unboost|p1b: Ceruledge|atk|1
|move|p1b: Ceruledge|Protect|p1b: Ceruledge
|-singleturn|p1b: Ceruledge|Protect
|-curestatus|p1a: Garchomp|slp|[msg]
|move|p1a: Garchomp|Earthquake|p2a: Breloom|[spread] p2a,p2b
|-activate|p1b: Ceruledge|move: Protect
|-supereffective|p2b: Arcanine
|-damage|p2a: Breloom|44/100 tox
|-damage|p2b: Arcanine|0 fnt
|faint|p2b: Arcanine
|move|p2a: Breloom|Drain Punch|p1b: Ceruledge
|-activate|p1b: Ceruledge|move: Protect
|
|-damage|p1a: Garchomp|76/100|[from] Leech Seed|[of] p2a: Breloom
|-heal|p2a: Breloom|58/100 tox|[silent]
|-heal|p2a: Breloom|70/100 tox|[from] ability: Poison Heal
|upkeep
|
|t:|1757823242
|switch|p2b: Porygon-Z|Porygon-Z, L50, shiny|28/100
|turn|4
|
|t:|1757823256
|move|p1b: Ceruledge|Shadow Sneak|p2a: Breloom
|-damage|p2a: Breloom|49/100 tox
|-damage|p1b: Ceruledge|24/100|[from] item: Life Orb
|move|p1a: Garchomp|Rock Slide|p2a: Breloom|[spread] p2b
|-miss|p1a: Garchomp|p2a: Breloom
|-damage|p2b: Porygon-Z|0 fnt
|faint|p2b: Porygon-Z
|move|p2a: Breloom|Drain Punch|p1b: Ceruledge
|-damage|p1b: Ceruledge|0 fnt
|-heal|p2a: Breloom|60/100 tox|[from] drain|[of] p1b: Ceruledge
|faint|p1b: Ceruledge
|
|-damage|p1a: Garchomp|64/100|[from] Leech Seed|[of] p2a: Breloom
|-heal|p2a: Breloom|74/100 tox|[silent]
|-heal|p2a: Breloom|86/100 tox|[from] ability: Poison Heal
|upkeep
|
|t:|1757823274
|switch|p1b: Ursaluna|Ursaluna-Bloodmoon, L50, M|100/100
|turn|5
|
|t:|1757823293
|move|p1a: Garchomp|Rock Slide|p2a: Breloom
|-damage|p2a: Breloom|47/100 tox
|cant|p2a: Breloom|flinch
|move|p1b: Ursaluna|Hyper Voice|p2a: Breloom
|-damage|p2a: Breloom|0 fnt
|faint|p2a: Breloom
|
|win|OwanTanSoup
||OwanTanSoup is ready for game 2.
|l|☆Capitan-N
|player|p2|
||Capitan-N is ready for game 2.
|uhtml|next|Next: Game 2 of 3
