|j|‽Felon74
|j|☆Pumpkinman
|html|Felon74Pumpkinman    
|uhtml|bestof|Game 1 of a best-of-3
|t:|1757022621
|gametype|doubles
|player|p1|Felon74|crasherwake|1179
|player|p2|Pumpkinman|cyclist-gen4|1143
|gen|9
|tier|[Gen 9] VGC 2025 Reg H (Bo3)
|rated|
|rule|Species Clause: Limit one of each Pokémon
|rule|Item Clause: Limit 1 of each item
|clearpoke
|poke|p1|Kingambit, L50, M|
|poke|p1|Rillaboom, L50, M|
|poke|p1|Electabuzz, L50, M|
|poke|p1|Blaziken, L50, F|
|poke|p1|Dragapult, L50, M|
|poke|p1|Primarina, L50, M|
|poke|p2|Charizard, L50, F|
|poke|p2|Torkoal, L50, F|
|poke|p2|Porygon2, L50|
|poke|p2|Incineroar, L50, F|
|poke|p2|Jumpluff, L50, M|
|poke|p2|Ursaluna, L50, M|
|teampreview|4
|showteam|p1|Kingambit||AssaultVest|Defiant|KowtowCleave,IronHead,SuckerPunch,LowKick|||M|||50|,,,,,Fire]Rillaboom||MiracleSeed|GrassySurge|WoodHammer,GrassyGlide,Uturn,FakeOut|||M|||50|,,,,,Fire]Electabuzz||Eviolite|VitalSpirit|Thunderbolt,FollowMe,Taunt,Protect|||M|||50|,,,,,Dark]Blaziken||FocusSash|SpeedBoost|CloseCombat,FlareBlitz,Coaching,Protect|||F|||50|,,,,,Stellar]Dragapult||ChoiceBand|ClearBody|DragonDarts,PhantomForce,TeraBlast,Uturn|||M|||50|,,,,,Ghost]Primarina||SitrusBerry|LiquidVoice|HyperVoice,Moonblast,Haze,Protect|||M|||50|,,,,,Steel
|showteam|p2|Charizard||ChoiceSpecs|SolarPower|HeatWave,Overheat,WeatherBall,AirSlash|||F|||50|,,,,,Ghost]Torkoal||EjectPack|Drought|Eruption,Overheat,HelpingHand,Protect|||F|||50|,,,,,Fire]Porygon2||Eviolite|Download|TeraBlast,IceBeam,Recover,TrickRoom||||||50|,,,,,Fighting]Incineroar||SitrusBerry|Intimidate|FlareBlitz,KnockOff,FakeOut,PartingShot|||F|||50|,,,,,Ghost]Jumpluff||CovertCloak|Chlorophyll|SleepPowder,SunnyDay,RagePowder,Tailwind|||M|||50|,,,,,Water]Ursaluna||FlameOrb|Guts|HeadlongRush,Facade,Earthquake,Protect|||M|||50|,,,,,Ghost
|inactive|Battle timer is ON: inactive players will automatically lose when time's up. (requested by Pumpkinman)
|inactive|Pumpkinman has 60 seconds left.
|inactive|Pumpkinman has 30 seconds left.
|inactive|Pumpkinman has 20 seconds left.
|inactive|Pumpkinman has 15 seconds left.
|
|t:|1757022698
|teamsize|p1|4
|teamsize|p2|4
|start
|switch|p1a: Dragapult|Dragapult, L50, M|100/100
|switch|p1b: Kingambit|Kingambit, L50, M|100/100
|switch|p2a: Incineroar|Incineroar, L50, F|100/100
|switch|p2b: Porygon2|Porygon2, L50|100/100
|-ability|p2a: Incineroar|Intimidate|boost
|-fail|p1a: Dragapult|unboost|[from] ability: Clear Body|[of] p1a: Dragapult
|-unboost|p1b: Kingambit|atk|1
|-ability|p1b: Kingambit|Defiant|boost
|-boost|p1b: Kingambit|atk|2
|-ability|p2b: Porygon2|Download|boost
|-boost|p2b: Porygon2|spa|1
|turn|1
|inactive|Felon74 has 30 seconds left.
|inactive|Pumpkinman has 30 seconds left.
|inactive|Felon74 has 20 seconds left.
|inactive|Pumpkinman has 20 seconds left.
|inactive|Felon74 has 15 seconds left.
|inactive|Felon74 has 10 seconds left.
|inactive|Felon74 has 5 seconds left.
|
|t:|1757022749
|-terastallize|p2b: Porygon2|Fighting
|move|p2a: Incineroar|Fake Out|p1b: Kingambit
|-resisted|p1b: Kingambit
|-damage|p1b: Kingambit|96/100
|move|p1a: Dragapult|Dragon Darts|p2b: Porygon2
|-crit|p2b: Porygon2
|-damage|p2b: Porygon2|60/100
|-anim|p1a: Dragapult|Dragon Darts|p2a: Incineroar
|-damage|p2a: Incineroar|64/100
|move|p2b: Porygon2|Tera Blast|p1b: Kingambit|[anim] Tera Blast Fighting
|-supereffective|p1b: Kingambit
|-damage|p1b: Kingambit|0 fnt
|faint|p1b: Kingambit
|
|upkeep
|
|t:|1757022773
|switch|p1b: Primarina|Primarina, L50, M|100/100
|turn|2
|inactive|Pumpkinman has 30 seconds left.
|inactive|Pumpkinman has 20 seconds left.
|
|t:|1757022810
|move|p1a: Dragapult|Dragon Darts|p2b: Porygon2
|-damage|p2b: Porygon2|34/100
|-anim|p1a: Dragapult|Dragon Darts|p2a: Incineroar
|-damage|p2a: Incineroar|24/100
|-enditem|p2a: Incineroar|Sitrus Berry|[eat]
|-heal|p2a: Incineroar|49/100|[from] item: Sitrus Berry
|move|p2a: Incineroar|Knock Off|p1a: Dragapult
|-supereffective|p1a: Dragapult
|-damage|p1a: Dragapult|0 fnt
|-enditem|p1a: Dragapult|Choice Band|[from] move: Knock Off|[of] p2a: Incineroar
|faint|p1a: Dragapult
|move|p1b: Primarina|Moonblast|p2b: Porygon2
|-supereffective|p2b: Porygon2
|-damage|p2b: Porygon2|0 fnt
|faint|p2b: Porygon2
|
|upkeep
|inactive|Felon74 has 30 seconds left.
|inactive|Pumpkinman has 30 seconds left.
|inactive|Pumpkinman has 20 seconds left.
|inactive|Pumpkinman has 15 seconds left.
|
|t:|1757022851
|switch|p1a: Rillaboom|Rillaboom, L50, M|100/100
|switch|p2b: Ursaluna|Ursaluna, L50, M|100/100
|-fieldstart|move: Grassy Terrain|[from] ability: Grassy Surge|[of] p1a: Rillaboom
|turn|3
|inactive|Felon74 has 30 seconds left.
|inactive|Pumpkinman has 30 seconds left.
|inactive|Pumpkinman has 20 seconds left.
|inactive|Pumpkinman has 15 seconds left.
|inactive|Pumpkinman has 10 seconds left.
|inactive|Pumpkinman has 5 seconds left.
|
|t:|1757022905
|switch|p2a: Torkoal|Torkoal, L50, F|100/100
|-weather|SunnyDay|[from] ability: Drought|[of] p2a: Torkoal
|move|p1a: Rillaboom|Fake Out|p2a: Torkoal
|-damage|p2a: Torkoal|89/100
|move|p2b: Ursaluna|Headlong Rush|p1b: Primarina
|-damage|p1b: Primarina|22/100
|-unboost|p2b: Ursaluna|def|1
|-unboost|p2b: Ursaluna|spd|1
|-enditem|p1b: Primarina|Sitrus Berry|[eat]
|-heal|p1b: Primarina|47/100|[from] item: Sitrus Berry
|move|p1b: Primarina|Hyper Voice|p2b: Ursaluna|[spread] p2a,p2b
|-supereffective|p2a: Torkoal
|-supereffective|p2b: Ursaluna
|-damage|p2a: Torkoal|41/100
|-damage|p2b: Ursaluna|46/100
|
|-weather|SunnyDay|[upkeep]
|-heal|p2b: Ursaluna|52/100|[from] Grassy Terrain
|-heal|p1b: Primarina|53/100|[from] Grassy Terrain
|-heal|p2a: Torkoal|47/100|[from] Grassy Terrain
|-status|p2b: Ursaluna|brn|[from] item: Flame Orb
|upkeep
|turn|4
|inactive|Felon74 has 30 seconds left.
|inactive|Pumpkinman has 30 seconds left.
|inactive|Pumpkinman has 20 seconds left.
|inactive|Felon74 has 20 seconds left.
|inactive|Pumpkinman has 15 seconds left.
|inactive|Felon74 has 15 seconds left.
|inactive|Pumpkinman has 10 seconds left.
|inactive|Pumpkinman has 5 seconds left.
|
|t:|1757022958
|switch|p2a: Incineroar|Incineroar, L50, F|49/100
|-ability|p2a: Incineroar|Intimidate|boost
|-unboost|p1a: Rillaboom|atk|1
|-unboost|p1b: Primarina|atk|1
|-terastallize|p1a: Rillaboom|Fire
|move|p2b: Ursaluna|Protect|p2b: Ursaluna
|-singleturn|p2b: Ursaluna|Protect
|move|p1a: Rillaboom|Wood Hammer|p2b: Ursaluna
|-activate|p2b: Ursaluna|move: Protect
|move|p1b: Primarina|Hyper Voice|p2b: Ursaluna|[spread] p2a
|-activate|p2b: Ursaluna|move: Protect
|-supereffective|p2a: Incineroar
|-damage|p2a: Incineroar|15/100
|
|-weather|SunnyDay|[upkeep]
|-heal|p2a: Incineroar|21/100|[from] Grassy Terrain
|-heal|p2b: Ursaluna|57/100 brn|[from] Grassy Terrain
|-heal|p1b: Primarina|60/100|[from] Grassy Terrain
|-damage|p2b: Ursaluna|52/100 brn|[from] brn
|upkeep
|turn|5
|inactive|Pumpkinman has 30 seconds left.
|inactive|Pumpkinman has 20 seconds left.
|inactive|Felon74 has 30 seconds left.
|inactive|Pumpkinman has 15 seconds left.
|inactive|Pumpkinman has 10 seconds left.
|inactive|Pumpkinman has 5 seconds left.
|
|t:|1757023012
|move|p1b: Primarina|Protect|p1b: Primarina
|-singleturn|p1b: Primarina|Protect
|move|p2a: Incineroar|Fake Out|p1a: Rillaboom
|-damage|p1a: Rillaboom|87/100
|cant|p1a: Rillaboom|flinch
|move|p2b: Ursaluna|Headlong Rush|p1a: Rillaboom
|-supereffective|p1a: Rillaboom
|-damage|p1a: Rillaboom|0 fnt
|-unboost|p2b: Ursaluna|def|1
|-unboost|p2b: Ursaluna|spd|1
|faint|p1a: Rillaboom
|
|-weather|SunnyDay|[upkeep]
|-heal|p2a: Incineroar|27/100|[from] Grassy Terrain
|-heal|p2b: Ursaluna|57/100 brn|[from] Grassy Terrain
|-heal|p1b: Primarina|66/100|[from] Grassy Terrain
|-damage|p2b: Ursaluna|52/100 brn|[from] brn
|upkeep
|turn|6
|-message|Felon74 forfeited.
|
|win|Pumpkinman
|l|‽Felon74
|player|p1|
||Felon74 is ready for game 2.
|inactive|Pumpkinman has 30 seconds to confirm battle start!
|inactive|Pumpkinman has 20 seconds to confirm battle start!
||Pumpkinman is ready for game 2.
|uhtml|next|Next: Game 2 of 3
