|j|☆sbhaga34
|j|☆ultraclaw1
|html|sbhaga34ultraclaw1    
|uhtml|bestof|Game 2 of a best-of-3
|t:|1784211387
|gametype|doubles
|player|p1|sbhaga34|hugh|1291
|player|p2|ultraclaw1|brycenman|1346
|gen|9
|tier|[Gen 9 Champions] VGC 2026 Reg M-B (Bo3)
|rated|
|rule|Species Clause: Limit one of each Pokémon
|rule|Item Clause: Limit 1 of each item
|clearpoke
|poke|p1|Excadrill, L50, F|
|poke|p1|Tyranitar, L50, M|
|poke|p1|Corviknight, L50, F|
|poke|p1|Rotom-Wash, L50|
|poke|p1|Chandelure, L50, M|
|poke|p1|Clefable, L50, F|
|poke|p2|Maushold, L50|
|poke|p2|Kingambit, L50, M|
|poke|p2|Garchomp, L50, M|
|poke|p2|Basculegion, L50, M|
|poke|p2|Talonflame, L50, M|
|poke|p2|Floette-Eternal, L50, F|
|teampreview|4
|showteam|p1|Excadrill||FocusSash|SandRush|Earthquake,IronHead,SwordsDance,Protect|Adamant||F|||50|]Tyranitar||Tyranitarite|SandStream|RockSlide,KnockOff,LowKick,Protect|Adamant||M|||50|]Corviknight||SharpBeak|MirrorArmor|BraveBird,Tailwind,BulkUp,Roost|Careful||F|||50|]Rotom-Wash||ChoiceScarf|Levitate|VoltSwitch,Thunderbolt,Electroweb,HydroPump|Timid|||||50|]Chandelure||ShucaBerry|FlashFire|HeatWave,ShadowBall,TrickRoom,Protect|Modest||M|||50|]Clefable||Clefablite|MagicGuard|FollowMe,Moonblast,HealPulse,Protect|Modest||F|||50|
|showteam|p2|Maushold||FocusSash|FriendGuard|SuperFang,Taunt,FollowMe,Protect|Timid|||||50|]Kingambit||ChopleBerry|Defiant|KowtowCleave,SuckerPunch,LowKick,IronHead|Adamant||M|||50|]Garchomp||LifeOrb|RoughSkin|RockSlide,Earthquake,DragonClaw,Protect|Jolly||M|||50|]Basculegion||MysticWater|Adaptability|WaveCrash,LastRespects,AquaJet,Protect|Adamant||M|||50|]Talonflame||SharpBeak|GaleWings|QuickGuard,DualWingbeat,Tailwind,Protect|Jolly||M|||50|]Floette-Eternal||Floettite|FlowerVeil|LightofRuin,Protect,Moonblast,DazzlingGleam|Modest||F|||50|
|inactive|Battle timer is ON: inactive players will automatically lose when time's up. (requested by ultraclaw1)
|
|t:|1784211396
|teamsize|p1|4
|teamsize|p2|4
|start
|switch|p1a: Clefable|Clefable, L50, F|100/100
|switch|p1b: Chandelure|Chandelure, L50, M|100/100
|switch|p2a: Floette|Floette-Eternal, L50, F|100/100
|switch|p2b: Maushold|Maushold, L50|100/100
|turn|1
|
|t:|1784211417
|detailschange|p2a: Floette|Floette-Mega, L50, F
|-mega|p2a: Floette|Floette|Floettite
|-ability|p2a: Floette|Fairy Aura
|move|p1a: Clefable|Protect|p1a: Clefable
|-singleturn|p1a: Clefable|Protect
|move|p2b: Maushold|Super Fang|p1a: Clefable
|-activate|p1a: Clefable|move: Protect
|move|p2a: Floette|Moonblast|p1a: Clefable
|-activate|p1a: Clefable|move: Protect
|move|p1b: Chandelure|Heat Wave|p2b: Maushold|[spread] p2a,p2b
|-damage|p2a: Floette|74/100
|-damage|p2b: Maushold|45/100
|
|upkeep
|turn|2
|inactive|sbhaga34 has 30 seconds left.
|inactive|sbhaga34 has 20 seconds left.
|
|t:|1784211454
|switch|p1a: Tyranitar|Tyranitar, L50, M|100/100
|-weather|Sandstorm|[from] ability: Sand Stream|[of] p1a: Tyranitar
|move|p2b: Maushold|Super Fang|p1a: Tyranitar
|-damage|p1a: Tyranitar|50/100g
|move|p2a: Floette|Moonblast|p1a: Tyranitar
|-supereffective|p1a: Tyranitar|1
|-damage|p1a: Tyranitar|0 fnt
|faint|p1a: Tyranitar
|move|p1b: Chandelure|Trick Room|p1b: Chandelure
|-fieldstart|move: Trick Room|[of] p1b: Chandelure
|
|-weather|Sandstorm|[upkeep]
|-damage|p1b: Chandelure|94/100|[from] Sandstorm
|-damage|p2a: Floette|68/100|[from] Sandstorm
|-damage|p2b: Maushold|39/100|[from] Sandstorm
|upkeep
|
|t:|1784211462
|switch|p1a: Clefable|Clefable, L50, F|100/100
|turn|3
|
|t:|1784211481
|move|p1a: Clefable|Protect|p1a: Clefable
|-singleturn|p1a: Clefable|Protect
|move|p2b: Maushold|Follow Me|p2b: Maushold
|-singleturn|p2b: Maushold|move: Follow Me
|move|p1b: Chandelure|Heat Wave|p2b: Maushold|[spread] p2a,p2b
|-crit|p2a: Floette
|-damage|p2a: Floette|30/100
|-damage|p2b: Maushold|0 fnt
|faint|p2b: Maushold
|move|p2a: Floette|Moonblast|p1b: Chandelure
|-resisted|p1b: Chandelure|1
|-crit|p1b: Chandelure
|-damage|p1b: Chandelure|20/100y
|
|-weather|Sandstorm|[upkeep]
|-damage|p1b: Chandelure|14/100|[from] Sandstorm
|-damage|p2a: Floette|24/100|[from] Sandstorm
|upkeep
|
|t:|1784211486
|switch|p2b: Basculegion|Basculegion, L50, M|100/100
|turn|4
|
|t:|1784211499
|move|p2b: Basculegion|Protect|p2b: Basculegion
|-singleturn|p2b: Basculegion|Protect
|move|p2a: Floette|Protect|p2a: Floette
|-singleturn|p2a: Floette|Protect
|move|p1a: Clefable|Follow Me|p1a: Clefable
|-singleturn|p1a: Clefable|move: Follow Me
|move|p1b: Chandelure|Shadow Ball|p2b: Basculegion
|-activate|p2b: Basculegion|move: Protect
|
|-weather|Sandstorm|[upkeep]
|-damage|p1b: Chandelure|8/100|[from] Sandstorm
|-damage|p2b: Basculegion|93/100|[from] Sandstorm
|-damage|p2a: Floette|18/100|[from] Sandstorm
|upkeep
|turn|5
|
|t:|1784211514
|switch|p2b: Garchomp|Garchomp, L50, M|100/100
|move|p1a: Clefable|Follow Me|p1a: Clefable
|-singleturn|p1a: Clefable|move: Follow Me
|move|p1b: Chandelure|Heat Wave|p2a: Floette|[spread] p2a,p2b
|-resisted|p2b: Garchomp|1
|-damage|p2a: Floette|0 fnt
|-damage|p2b: Garchomp|77/100
|faint|p2a: Floette
|
|-weather|Sandstorm|[upkeep]
|-damage|p1b: Chandelure|2/100|[from] Sandstorm
|upkeep
|
|t:|1784211523
|switch|p2a: Basculegion|Basculegion, L50, M|93/100
|turn|6
|inactive|sbhaga34 has 30 seconds left.
|
|t:|1784211550
|detailschange|p1a: Clefable|Clefable-Mega, L50, F
|-mega|p1a: Clefable|Clefable|Clefablite
|move|p2a: Basculegion|Protect|p2a: Basculegion
|-singleturn|p2a: Basculegion|Protect
|move|p2b: Garchomp|Protect|p2b: Garchomp
|-singleturn|p2b: Garchomp|Protect
|move|p1a: Clefable|Moonblast|p2b: Garchomp
|-activate|p2b: Garchomp|move: Protect
|move|p1b: Chandelure|Shadow Ball|p2a: Basculegion
|-activate|p2a: Basculegion|move: Protect
|
|-weather|none
|-fieldend|move: Trick Room
|upkeep
|turn|7
|inactive|sbhaga34 has 30 seconds left.
|
|t:|1784211583
|move|p1b: Chandelure|Protect|p1b: Chandelure
|-singleturn|p1b: Chandelure|Protect
|move|p2b: Garchomp|Rock Slide|p1a: Clefable|[spread] p1a
|-activate|p1b: Chandelure|move: Protect
|-supereffective|p1a: Clefable|1
|-damage|p1a: Clefable|50/100g
|-damage|p2b: Garchomp|67/100|[from] item: Life Orb
|move|p2a: Basculegion|Last Respects|p1a: Clefable
|-damage|p1a: Clefable|0 fnt
|faint|p1a: Clefable
|
|upkeep
|-message|sbhaga34 forfeited.
|
|win|ultraclaw1
|raw|sbhaga34's rating: 1291 → 1270(-21 for losing)
|raw|ultraclaw1's rating: 1346 → 1363(+17 for winning)
