|j|☆BenjiRNG
|j|☆lettitripppp
|html|BenjiRNGlettitripppp    
|uhtml|bestof|Game 3 of a best-of-3
|t:|1783990682
|gametype|doubles
|player|p1|BenjiRNG|juan|1268
|player|p2|lettitripppp|lucas|1252
|gen|9
|tier|[Gen 9 Champions] VGC 2026 Reg M-B (Bo3)
|rated|
|rule|Species Clause: Limit one of each Pokémon
|rule|Item Clause: Limit 1 of each item
|clearpoke
|poke|p1|Charizard, L50, M|
|poke|p1|Typhlosion-Hisui, L50, F|
|poke|p1|Farigiraf, L50, M|
|poke|p1|Meganium, L50, M|
|poke|p1|Mamoswine, L50, M|
|poke|p1|Aerodactyl, L50, F|
|poke|p2|Charizard, L50, F|
|poke|p2|Basculegion, L50, M|
|poke|p2|Pelipper, L50, F|
|poke|p2|Venusaur, L50, F|
|poke|p2|Archaludon, L50, F|
|poke|p2|Grimmsnarl, L50, M|
|teampreview|4
|showteam|p1|Charizard||CharizarditeY|SolarPower|HeatWave,WeatherBall,SolarBeam,Protect|Modest||M|||50|]Typhlosion-Hisui||ChoiceScarf|Blaze|Eruption,ShadowBall,HeatWave,FocusBlast|Modest||F|||50|]Farigiraf||SitrusBerry|ArmorTail|TwinBeam,Thunderbolt,HelpingHand,TrickRoom|Modest||M|||50|]Meganium||Meganiumite|LeafGuard|SolarBeam,DazzlingGleam,EarthPower,Protect|Modest||M|||50|]Mamoswine||LifeOrb|Oblivious|HighHorsepower,IceShard,IcicleCrash,Protect|Adamant||M|||50|]Aerodactyl||FocusSash|Unnerve|RockSlide,DualWingbeat,Tailwind,Protect|Jolly||F|||50|
|showteam|p2|Charizard||CharizarditeY|Blaze|WeatherBall,SolarBeam,HeatWave,Protect|Modest||F|||50|]Basculegion||ChoiceScarf|Adaptability|LastRespects,WaveCrash,FlipTurn,AquaJet|Jolly||M|||50|]Pelipper||SitrusBerry|Drizzle|WeatherBall,WideGuard,Hurricane,Tailwind|Modest||F|||50|]Venusaur||FocusSash|Chlorophyll|SleepPowder,SludgeBomb,EarthPower,Protect|Modest||F|||50|]Archaludon||Leftovers|Stamina|FlashCannon,DragonPulse,ElectroShot,Protect|Calm||F|||50|]Grimmsnarl||LightClay|Prankster|PartingShot,LightScreen,SpiritBreak,Reflect|Relaxed||M|||50|
|inactive|Battle timer is ON: inactive players will automatically lose when time's up. (requested by lettitripppp)
|inactive|BenjiRNG has 60 seconds left.
|inactive|BenjiRNG has 30 seconds left.
|inactive|BenjiRNG has 20 seconds left.
|
|t:|1783990757
|teamsize|p1|4
|teamsize|p2|4
|start
|switch|p1a: Farigiraf|Farigiraf, L50, M|100/100
|switch|p1b: Aerodactyl|Aerodactyl, L50, F|100/100
|switch|p2a: AGNI|Charizard, L50, F|100/100
|switch|p2b: Venusaur|Venusaur, L50, F|100/100
|-ability|p1b: Aerodactyl|Unnerve
|turn|1
|
|t:|1783990772
|detailschange|p2a: AGNI|Charizard-Mega-Y, L50, F
|-mega|p2a: AGNI|Charizard|Charizardite Y
|-weather|SunnyDay|[from] ability: Drought|[of] p2a: AGNI
|move|p2b: Venusaur|Sleep Powder|p1b: Aerodactyl|[miss]
|-miss|p2b: Venusaur|p1b: Aerodactyl
|move|p1b: Aerodactyl|Dual Wingbeat|p2b: Venusaur
|-supereffective|p2b: Venusaur|1
|-damage|p2b: Venusaur|52/100
|-supereffective|p2b: Venusaur|1
|-damage|p2b: Venusaur|1/100
|-hitcount|p2b: Venusaur|2
|move|p2a: AGNI|Weather Ball|p1a: Farigiraf
|-damage|p1a: Farigiraf|0 fnt
|faint|p1a: Farigiraf
|
|-weather|SunnyDay|[upkeep]
|upkeep
|
|t:|1783990794
|switch|p1a: Charizard|Charizard, L50, M|100/100
|turn|2
|
|t:|1783990800
|detailschange|p1a: Charizard|Charizard-Mega-Y, L50, M
|-mega|p1a: Charizard|Charizard|Charizardite Y
|move|p2b: Venusaur|Sleep Powder|p1b: Aerodactyl
|-status|p1b: Aerodactyl|slp|[from] move: Sleep Powder
|cant|p1b: Aerodactyl|slp
|move|p1a: Charizard|Heat Wave|p2a: AGNI|[spread] p2a
|-miss|p1a: Charizard|p2b: Venusaur
|-resisted|p2a: AGNI|1
|-damage|p2a: AGNI|65/100
|move|p2a: AGNI|Weather Ball|p1a: Charizard
|-resisted|p1a: Charizard|1
|-damage|p1a: Charizard|50/100g
|
|-weather|SunnyDay|[upkeep]
|upkeep
|turn|3
|
|t:|1783990818
|move|p1a: Charizard|Protect|p1a: Charizard
|-singleturn|p1a: Charizard|Protect
|move|p2b: Venusaur|Sleep Powder|p1a: Charizard
|-activate|p1a: Charizard|move: Protect
|-curestatus|p1b: Aerodactyl|slp|[msg]
|move|p1b: Aerodactyl|Rock Slide|p2a: AGNI|[spread] p2a,p2b
|-supereffective|p2a: AGNI|2
|-damage|p2a: AGNI|0 fnt
|-damage|p2b: Venusaur|0 fnt
|faint|p2a: AGNI
|faint|p2b: Venusaur
|
|-weather|SunnyDay|[upkeep]
|upkeep
|
|t:|1783990827
|switch|p2a: Pelipper|Pelipper, L50, F|100/100
|switch|p2b: GHOSTWAVE|Basculegion, L50, M|100/100
|-weather|RainDance|[from] ability: Drizzle|[of] p2a: Pelipper
|turn|4
|inactive|BenjiRNG has 30 seconds left.
|
|t:|1783990854
|switch|p1a: Typhlosion|Typhlosion-Hisui, L50, F|100/100
|move|p2b: GHOSTWAVE|Last Respects|p1b: Aerodactyl
|-enditem|p1b: Aerodactyl|Focus Sash
|-damage|p1b: Aerodactyl|1/100
|move|p1b: Aerodactyl|Tailwind|p1b: Aerodactyl
|-sidestart|p1: BenjiRNG|move: Tailwind
|move|p2a: Pelipper|Tailwind|p2a: Pelipper
|-sidestart|p2: lettitripppp|move: Tailwind
|
|-weather|RainDance|[upkeep]
|upkeep
|turn|5
|
|t:|1783990875
|move|p1a: Typhlosion|Shadow Ball|p2b: GHOSTWAVE
|-supereffective|p2b: GHOSTWAVE|1
|-damage|p2b: GHOSTWAVE|7/100
|move|p2b: GHOSTWAVE|Last Respects|p1b: Aerodactyl
|-damage|p1b: Aerodactyl|0 fnt
|faint|p1b: Aerodactyl
|move|p2a: Pelipper|Weather Ball|p1a: Typhlosion
|-supereffective|p1a: Typhlosion|1
|-damage|p1a: Typhlosion|0 fnt
|faint|p1a: Typhlosion
|
|-weather|RainDance|[upkeep]
|upkeep
|
|t:|1783990885
|switch|p1b: Charizard|Charizard-Mega-Y, L50, M|50/100g
|-weather|SunnyDay|[from] ability: Drought|[of] p1b: Charizard
|turn|6
|inactive|lettitripppp has 30 seconds left.
|inactive|lettitripppp has 20 seconds left.
|inactive|lettitripppp has 15 seconds left.
|inactive|lettitripppp has 10 seconds left.
|inactive|lettitripppp has 5 seconds left.
|
|t:|1783990940
|move|p2b: GHOSTWAVE|Last Respects|p1b: Charizard
|-damage|p1b: Charizard|0 fnt
|faint|p1b: Charizard
|
|win|lettitripppp
|raw|BenjiRNG's rating: 1268 → 1242(-26 for losing)
|raw|lettitripppp's rating: 1252 → 1278(+26 for winning)
|l|☆BenjiRNG
|player|p1|
