|j|☆SakiVGC
|j|☆GholdenGonzaa
|html|SakiVGCGholdenGonzaa    
|uhtml|bestof|Game 1 of a best-of-3
|t:|1784657466
|gametype|doubles
|player|p1|SakiVGC|bellelba|
|player|p2|GholdenGonzaa|265|
|gen|9
|tier|[Gen 9 Champions] VGC 2026 Reg M-B (Bo3)
|rule|Species Clause: Limit one of each Pokémon
|rule|Item Clause: Limit 1 of each item
|clearpoke
|poke|p1|Incineroar, L50, F|
|poke|p1|Milotic, L50, M|
|poke|p1|Sinistcha-Masterpiece, L50|
|poke|p1|Sylveon, L50, M|
|poke|p1|Kingambit, L50, F|
|poke|p1|Blaziken, L50, M|
|poke|p2|Venusaur, L50, M|
|poke|p2|Charizard, L50, M|
|poke|p2|Grimmsnarl, L50, M|
|poke|p2|Archaludon, L50, F|
|poke|p2|Basculegion, L50, M|
|poke|p2|Pelipper, L50, F|
|teampreview|4
|showteam|p1|Incineroar||SitrusBerry|Intimidate|FlareBlitz,DarkestLariat,FakeOut,PartingShot|Careful||F|||50|]Milotic||Leftovers|Competitive|MuddyWater,Hypnosis,Coil,Protect|Bold||M|||50|]Sinistcha-Masterpiece||ColburBerry|Hospitality|MatchaGotcha,RagePowder,TrickRoom,LifeDew|Bold|||||50|]Sylveon||FairyFeather|Pixilate|HyperVoice,HyperBeam,QuickAttack,Protect|Modest||M|||50|]Kingambit||BlackGlasses|Defiant|SuckerPunch,KowtowCleave,SwordsDance,Protect|Adamant||F|||50|]Blaziken||Blazikenite|SpeedBoost|FlareBlitz,CloseCombat,RockSlide,Detect|Adamant||M|||50|
|showteam|p2|Venusaur||FocusSash|Chlorophyll|SludgeBomb,EarthPower,SleepPowder,Protect|Modest||M|||50|]Charizard||CharizarditeY|Blaze|Protect,HeatWave,SolarBeam,WeatherBall|Modest||M|||50|]Grimmsnarl||LightClay|Prankster|SpiritBreak,LightScreen,Reflect,PartingShot|Sassy||M|||50|]Archaludon||Leftovers|Stamina|ElectroShot,DragonPulse,FlashCannon,Protect|Calm||F|||50|]Basculegion||ChoiceScarf|Adaptability|WaveCrash,LastRespects,AquaJet,FlipTurn|Jolly||M|||50|]Pelipper||SitrusBerry|Drizzle|Hurricane,WeatherBall,Tailwind,WideGuard|Modest||F|||50|
|inactive|Battle timer is ON: inactive players will automatically lose when time's up. (requested by SakiVGC)
|inactive|SakiVGC has 60 seconds left.
|inactive|GholdenGonzaa has 60 seconds left.
|
|t:|1784657515
|teamsize|p1|4
|teamsize|p2|4
|start
|switch|p1a: Incineroar|Incineroar, L50, F|100/100
|switch|p1b: Blaziken|Blaziken, L50, M|100/100
|switch|p2a: Basculegion|Basculegion, L50, M|100/100
|switch|p2b: Pelipper|Pelipper, L50, F|100/100
|-weather|RainDance|[from] ability: Drizzle|[of] p2b: Pelipper
|-ability|p1a: Incineroar|Intimidate|boost
|-unboost|p2a: Basculegion|atk|1
|-unboost|p2b: Pelipper|atk|1
|turn|1
|
|t:|1784657533
|switch|p2b: Archaludon|Archaludon, L50, F|100/100
|move|p1b: Blaziken|Detect|p1b: Blaziken
|-singleturn|p1b: Blaziken|Protect
|move|p2a: Basculegion|Wave Crash|p1a: Incineroar
|-supereffective|p1a: Incineroar|1
|-damage|p1a: Incineroar|0 fnt
|faint|p1a: Incineroar
|-damage|p2a: Basculegion|66/100|[from] Recoil
|
|-weather|RainDance|[upkeep]
|-ability|p1b: Blaziken|Speed Boost|boost
|-boost|p1b: Blaziken|spe|1
|upkeep
|
|t:|1784657537
|switch|p1a: Sinistcha|Sinistcha-Masterpiece, L50|100/100
|turn|2
|inactive|SakiVGC has 30 seconds left.
|inactive|GholdenGonzaa has 30 seconds left.
|
|t:|1784657569
|switch|p2a: Pelipper|Pelipper, L50, F|100/100
|switch|p2b: Grimmsnarl|Grimmsnarl, L50, M|100/100
|detailschange|p1b: Blaziken|Blaziken-Mega, L50, M
|-mega|p1b: Blaziken|Blaziken|Blazikenite
|move|p1a: Sinistcha|Rage Powder|p1a: Sinistcha
|-singleturn|p1a: Sinistcha|move: Rage Powder
|move|p1b: Blaziken|Close Combat|p2b: Grimmsnarl
|-damage|p2b: Grimmsnarl|24/100
|-unboost|p1b: Blaziken|def|1
|-unboost|p1b: Blaziken|spd|1
|
|-weather|RainDance|[upkeep]
|-ability|p1b: Blaziken|Speed Boost|boost
|-boost|p1b: Blaziken|spe|1
|upkeep
|turn|3
|
|t:|1784657592
|switch|p1a: Sylveon|Sylveon, L50, M|100/100
|move|p1b: Blaziken|Detect|p1b: Blaziken
|-singleturn|p1b: Blaziken|Protect
|move|p2b: Grimmsnarl|Reflect|p2b: Grimmsnarl
|-sidestart|p2: GholdenGonzaa|Reflect
|move|p2a: Pelipper|Hurricane|p1b: Blaziken
|-activate|p1b: Blaziken|move: Protect
|
|-weather|RainDance|[upkeep]
|-ability|p1b: Blaziken|Speed Boost|boost
|-boost|p1b: Blaziken|spe|1
|upkeep
|turn|4
|
|t:|1784657617
|switch|p1b: Sinistcha|Sinistcha-Masterpiece, L50|100/100
|move|p2b: Grimmsnarl|Parting Shot|p1b: Sinistcha
|-unboost|p1b: Sinistcha|atk|1
|-unboost|p1b: Sinistcha|spa|1
|
|t:|1784657624
|switch|p2b: Basculegion|Basculegion, L50, M|66/100|[from] Parting Shot
|move|p2a: Pelipper|Hurricane|p1b: Sinistcha
|-supereffective|p1b: Sinistcha|1
|-damage|p1b: Sinistcha|0 fnt
|faint|p1b: Sinistcha
|move|p1a: Sylveon|Hyper Voice|p2b: Basculegion|[spread] p2a,p2b
|-damage|p2a: Pelipper|27/100
|-damage|p2b: Basculegion|11/100
|-enditem|p2a: Pelipper|Sitrus Berry|[eat]
|-heal|p2a: Pelipper|52/100|[from] item: Sitrus Berry
|
|-weather|RainDance|[upkeep]
|upkeep
|
|t:|1784657629
|switch|p1b: Blaziken|Blaziken-Mega, L50, M|100/100
|turn|5
|inactive|GholdenGonzaa has 30 seconds left.
|
|t:|1784657659
|move|p1b: Blaziken|Detect|p1b: Blaziken
|-singleturn|p1b: Blaziken|Protect
|move|p1a: Sylveon|Quick Attack|p2b: Basculegion
|-damage|p2b: Basculegion|1/100
|move|p2b: Basculegion|Flip Turn|p1a: Sylveon
|-crit|p1a: Sylveon
|-damage|p1a: Sylveon|5/100
|
|t:|1784657669
|switch|p2b: Grimmsnarl|Grimmsnarl, L50, M|24/100|[from] Flip Turn
|move|p2a: Pelipper|Hurricane|p1a: Sylveon
|-damage|p1a: Sylveon|0 fnt
|faint|p1a: Sylveon
|
|-weather|none
|-ability|p1b: Blaziken|Speed Boost|boost
|-boost|p1b: Blaziken|spe|1
|upkeep
|turn|6
|
|t:|1784657692
|move|p2b: Grimmsnarl|Parting Shot|p1b: Blaziken
|-unboost|p1b: Blaziken|atk|1
|-unboost|p1b: Blaziken|spa|1
|
|t:|1784657697
|switch|p2b: Archaludon|Archaludon, L50, F|100/100|[from] Parting Shot
|move|p1b: Blaziken|Rock Slide|p2b: Archaludon|[spread] p2a,p2b
|-supereffective|p2a: Pelipper|1
|-resisted|p2b: Archaludon|1
|-damage|p2a: Pelipper|29/100
|-damage|p2b: Archaludon|95/100
|-ability|p2b: Archaludon|Stamina|boost
|-boost|p2b: Archaludon|def|1
|move|p2a: Pelipper|Hurricane|p1b: Blaziken|[miss]
|-miss|p2a: Pelipper|p1b: Blaziken
|
|-heal|p2b: Archaludon|100/100|[from] item: Leftovers
|-ability|p1b: Blaziken|Speed Boost|boost
|-boost|p1b: Blaziken|spe|1
|upkeep
|turn|7
|
|t:|1784657719
|switch|p2a: Grimmsnarl|Grimmsnarl, L50, M|24/100
|move|p1b: Blaziken|Close Combat|p2b: Archaludon
|-supereffective|p2b: Archaludon|1
|-damage|p2b: Archaludon|61/100
|-unboost|p1b: Blaziken|def|1
|-unboost|p1b: Blaziken|spd|1
|-ability|p2b: Archaludon|Stamina|boost
|-boost|p2b: Archaludon|def|1
|move|p2b: Archaludon|Dragon Pulse|p1b: Blaziken
|-damage|p1b: Blaziken|23/100
|
|-heal|p2b: Archaludon|67/100|[from] item: Leftovers
|-ability|p1b: Blaziken|Speed Boost|boost
|-boost|p1b: Blaziken|spe|1
|upkeep
|turn|8
|
|t:|1784657737
|move|p2a: Grimmsnarl|Parting Shot|p1b: Blaziken
|-unboost|p1b: Blaziken|atk|1
|-unboost|p1b: Blaziken|spa|1
|
|t:|1784657741
|switch|p2a: Pelipper|Pelipper, L50, F|29/100|[from] Parting Shot
|-weather|RainDance|[from] ability: Drizzle|[of] p2a: Pelipper
|move|p1b: Blaziken|Close Combat|p2b: Archaludon
|-supereffective|p2b: Archaludon|1
|-damage|p2b: Archaludon|48/100
|-unboost|p1b: Blaziken|def|1
|-unboost|p1b: Blaziken|spd|1
|-ability|p2b: Archaludon|Stamina|boost
|-boost|p2b: Archaludon|def|1
|move|p2b: Archaludon|Dragon Pulse|p1b: Blaziken
|-crit|p1b: Blaziken
|-damage|p1b: Blaziken|0 fnt
|faint|p1b: Blaziken
|
|win|GholdenGonzaa
||SakiVGC is ready for game 2.
||GholdenGonzaa is ready for game 2.
|uhtml|next|Next: Game 2 of 3
