|j|☆Maziii
|j|☆Slowjow
|html|MaziiiSlowjow    
|uhtml|bestof|Game 2 of a best-of-3
|t:|1756580328
|gametype|doubles
|player|p1|Maziii|gentleman-gen4|1192
|player|p2|Slowjow|2|1200
|gen|9
|tier|[Gen 9] VGC 2025 Reg H (Bo3)
|rated|
|rule|Species Clause: Limit one of each Pokémon
|rule|Item Clause: Limit 1 of each item
|clearpoke
|poke|p1|Tyranitar, L50, F|
|poke|p1|Electabuzz, L50, F|
|poke|p1|Annihilape, L50, F|
|poke|p1|Ursaluna-Bloodmoon, L50, M|
|poke|p1|Primarina, L50, F|
|poke|p1|Gholdengo, L50|
|poke|p2|Incineroar, L50, M|
|poke|p2|Yanmega, L50, M|
|poke|p2|Porygon2, L50|
|poke|p2|Ursaluna, L50, M|
|poke|p2|Archaludon, L50, F|
|poke|p2|Sneasler, L50, F|
|teampreview|4
|showteam|p1|Tyranitar||ClearAmulet|SandStream|Protect,DragonDance,RockSlide,KnockOff|||F|||50|,,,,,Grass]Electabuzz||Eviolite|VitalSpirit|FollowMe,Taunt,Protect,Electroweb|||F|||50|,,,,,Ghost]Annihilape||FocusSash|Defiant|Protect,Coaching,CloseCombat,RageFist|||F|||50|,,,,,Stellar]Ursaluna-Bloodmoon||AssaultVest|MindsEye|BloodMoon,HyperVoice,EarthPower,VacuumWave|||M|||50|,,,,,Normal]Primarina||MysticWater|LiquidVoice|Haze,Protect,HyperVoice,Moonblast|||F|||50|,,,,,Water]Gholdengo||ChoiceSpecs|GoodasGold|Trick,ShadowBall,MakeItRain,Protect||||||50|,,,,,Grass
|showteam|p2|Incineroar||SafetyGoggles|Intimidate|FakeOut,FlareBlitz,KnockOff,PartingShot|||M|||50|,,,,,Ghost]Yanmega||FocusSash|SpeedBoost|Detect,AirSlash,BugBuzz,Tailwind|||M|||50|,,,,,Ghost]Porygon2||Eviolite|Download|TeraBlast,IceBeam,TrickRoom,Recover||||||50|,,,,,Flying]Ursaluna||FlameOrb|Guts|Facade,HeadlongRush,Earthquake,Protect|||M|||50|,,,,,Ghost]Archaludon||AssaultVest|Stamina|ElectroShot,BodyPress,Snarl,DragonPulse|||F|||50|,,,,,Fairy]Sneasler||WhiteHerb|PoisonTouch|Protect,CloseCombat,DireClaw,ThroatChop|||F|||50|,,,,,Stellar
|inactive|Battle timer is ON: inactive players will automatically lose when time's up. (requested by Maziii)
|inactive|Maziii has 60 seconds left.
|
|t:|1756580406
|teamsize|p1|4
|teamsize|p2|4
|start
|switch|p1a: Ursaluna|Ursaluna-Bloodmoon, L50, M|100/100
|switch|p1b: Electabuzz|Electabuzz, L50, F|100/100
|switch|p2a: Yanmega|Yanmega, L50, M|100/100
|switch|p2b: Sneasler|Sneasler, L50, F|100/100
|turn|1
|inactive|Slowjow has 30 seconds left.
|
|t:|1756580440
|move|p1b: Electabuzz|Follow Me|p1b: Electabuzz
|-singleturn|p1b: Electabuzz|move: Follow Me
|move|p2b: Sneasler|Close Combat|p1b: Electabuzz
|-damage|p1b: Electabuzz|48/100
|-unboost|p2b: Sneasler|def|1
|-unboost|p2b: Sneasler|spd|1
|-enditem|p2b: Sneasler|White Herb
|-clearnegativeboost|p2b: Sneasler|[silent]
|move|p2a: Yanmega|Air Slash|p1b: Electabuzz
|-resisted|p1b: Electabuzz
|-damage|p1b: Electabuzz|34/100
|move|p1a: Ursaluna|Earth Power|p2b: Sneasler
|-supereffective|p2b: Sneasler
|-damage|p2b: Sneasler|0 fnt
|faint|p2b: Sneasler
|
|-ability|p2a: Yanmega|Speed Boost|boost
|-boost|p2a: Yanmega|spe|1
|upkeep
|
|t:|1756580461
|switch|p2b: Ursaluna|Ursaluna, L50, M|100/100
|turn|2
|inactive|Maziii has 30 seconds left.
|
|t:|1756580492
|-terastallize|p1a: Ursaluna|Normal
|move|p2a: Yanmega|Detect|p2a: Yanmega
|-singleturn|p2a: Yanmega|Protect
|move|p2b: Ursaluna|Protect|p2b: Ursaluna
|-singleturn|p2b: Ursaluna|Protect
|move|p1b: Electabuzz|Electroweb|p2a: Yanmega|[spread] 
|-activate|p2a: Yanmega|move: Protect
|-activate|p2b: Ursaluna|move: Protect
|move|p1a: Ursaluna|Hyper Voice|p2b: Ursaluna|[spread] 
|-activate|p2a: Yanmega|move: Protect
|-activate|p2b: Ursaluna|move: Protect
|
|-ability|p2a: Yanmega|Speed Boost|boost
|-boost|p2a: Yanmega|spe|1
|-status|p2b: Ursaluna|brn|[from] item: Flame Orb
|upkeep
|turn|3
|
|t:|1756580514
|move|p1b: Electabuzz|Follow Me|p1b: Electabuzz
|-singleturn|p1b: Electabuzz|move: Follow Me
|move|p2a: Yanmega|Tailwind|p2a: Yanmega
|-sidestart|p2: Slowjow|move: Tailwind
|move|p2b: Ursaluna|Earthquake|p1a: Ursaluna|[spread] p1a,p1b
|-immune|p2a: Yanmega
|-supereffective|p1b: Electabuzz
|-damage|p1a: Ursaluna|50/100
|-damage|p1b: Electabuzz|0 fnt
|faint|p1b: Electabuzz
|move|p1a: Ursaluna|Blood Moon|p2b: Ursaluna
|-damage|p2b: Ursaluna|11/100 brn
|
|-damage|p2b: Ursaluna|5/100 brn|[from] brn
|-ability|p2a: Yanmega|Speed Boost|boost
|-boost|p2a: Yanmega|spe|1
|upkeep
|
|t:|1756580527
|switch|p1b: Gholdengo|Gholdengo, L50|100/100
|turn|4
|
|t:|1756580551
|move|p1a: Ursaluna|Vacuum Wave|p2b: Ursaluna
|-supereffective|p2b: Ursaluna
|-damage|p2b: Ursaluna|0 fnt
|faint|p2b: Ursaluna
|move|p2a: Yanmega|Air Slash|p1a: Ursaluna
|-damage|p1a: Ursaluna|24/100
|move|p1b: Gholdengo|Shadow Ball|p2a: Yanmega
|-damage|p2a: Yanmega|5/100
|
|-ability|p2a: Yanmega|Speed Boost|boost
|-boost|p2a: Yanmega|spe|1
|upkeep
|
|t:|1756580562
|switch|p2b: Porygon2|Porygon2, L50|100/100
|-ability|p2b: Porygon2|Download|boost
|-boost|p2b: Porygon2|spa|1
|turn|5
|
|t:|1756580571
|switch|p1b: Annihilape|Annihilape, L50, F|100/100
|move|p2a: Yanmega|Detect|p2a: Yanmega
|-singleturn|p2a: Yanmega|Protect
|move|p1a: Ursaluna|Vacuum Wave|p2a: Yanmega
|-activate|p2a: Yanmega|move: Protect
|move|p2b: Porygon2|Ice Beam|p1a: Ursaluna
|-damage|p1a: Ursaluna|0 fnt
|faint|p1a: Ursaluna
|
|-ability|p2a: Yanmega|Speed Boost|boost
|-boost|p2a: Yanmega|spe|1
|upkeep
|
|t:|1756580576
|switch|p1a: Gholdengo|Gholdengo, L50|100/100
|turn|6
|inactive|Slowjow has 30 seconds left.
|
|t:|1756580607
|-terastallize|p2b: Porygon2|Flying
|move|p1b: Annihilape|Protect|p1b: Annihilape
|-singleturn|p1b: Annihilape|Protect
|move|p2a: Yanmega|Air Slash|p1b: Annihilape
|-activate|p1b: Annihilape|move: Protect
|move|p2b: Porygon2|Tera Blast|p1b: Annihilape|[anim] Tera Blast Flying
|-activate|p1b: Annihilape|move: Protect
|move|p1a: Gholdengo|Make It Rain|p2b: Porygon2|[spread] p2a,p2b
|-damage|p2a: Yanmega|0 fnt
|-damage|p2b: Porygon2|67/100
|-unboost|p1a: Gholdengo|spa|1
|faint|p2a: Yanmega
|
|-sideend|p2: Slowjow|move: Tailwind
|upkeep
|turn|7
|
|t:|1756580625
|move|p1a: Gholdengo|Make It Rain|p2b: Porygon2
|-damage|p2b: Porygon2|39/100
|-unboost|p1a: Gholdengo|spa|1
|move|p1b: Annihilape|Rage Fist|p2b: Porygon2
|-damage|p2b: Porygon2|23/100
|move|p2b: Porygon2|Trick Room|p2b: Porygon2
|-fieldstart|move: Trick Room|[of] p2b: Porygon2
|
|upkeep
|turn|8
|
|t:|1756580636
|move|p2b: Porygon2|Recover|p2b: Porygon2
|-heal|p2b: Porygon2|73/100
|move|p1b: Annihilape|Rage Fist|p2b: Porygon2
|-damage|p2b: Porygon2|58/100
|move|p1a: Gholdengo|Make It Rain|p2b: Porygon2
|-damage|p2b: Porygon2|36/100
|-unboost|p1a: Gholdengo|spa|1
|
|upkeep
|turn|9
|
|t:|1756580651
|move|p2b: Porygon2|Recover|p2b: Porygon2
|-heal|p2b: Porygon2|86/100
|move|p1b: Annihilape|Rage Fist|p2b: Porygon2
|-damage|p2b: Porygon2|72/100
|move|p1a: Gholdengo|Make It Rain|p2b: Porygon2
|-damage|p2b: Porygon2|53/100
|-unboost|p1a: Gholdengo|spa|1
|
|upkeep
|turn|10
|
|t:|1756580663
|move|p1b: Annihilape|Protect|p1b: Annihilape
|-singleturn|p1b: Annihilape|Protect
|move|p2b: Porygon2|Recover|p2b: Porygon2
|-heal|p2b: Porygon2|100/100
|move|p1a: Gholdengo|Make It Rain|p2b: Porygon2
|-damage|p2b: Porygon2|84/100
|-unboost|p1a: Gholdengo|spa|1
|
|upkeep
|turn|11
|inactive|Slowjow has 30 seconds left.
|
|t:|1756580692
|move|p2b: Porygon2|Recover|p2b: Porygon2
|-heal|p2b: Porygon2|100/100
|move|p1b: Annihilape|Rage Fist|p2b: Porygon2
|-damage|p2b: Porygon2|86/100
|move|p1a: Gholdengo|Make It Rain|p2b: Porygon2
|-damage|p2b: Porygon2|74/100
|-unboost|p1a: Gholdengo|spa|1
|
|-fieldend|move: Trick Room
|upkeep
|turn|12
|
|t:|1756580705
|move|p1a: Gholdengo|Make It Rain|p2b: Porygon2
|-damage|p2b: Porygon2|61/100
|move|p1b: Annihilape|Rage Fist|p2b: Porygon2
|-damage|p2b: Porygon2|46/100
|move|p2b: Porygon2|Trick Room|p2b: Porygon2
|-fieldstart|move: Trick Room|[of] p2b: Porygon2
|
|upkeep
|turn|13
|
|t:|1756580717
|move|p2b: Porygon2|Recover|p2b: Porygon2
|-heal|p2b: Porygon2|96/100
|move|p1b: Annihilape|Rage Fist|p2b: Porygon2
|-damage|p2b: Porygon2|82/100
|move|p1a: Gholdengo|Make It Rain|p2b: Porygon2
|-damage|p2b: Porygon2|69/100
|
|upkeep
|turn|14
|
|t:|1756580729
|move|p1b: Annihilape|Protect|p1b: Annihilape
|-singleturn|p1b: Annihilape|Protect
|move|p2b: Porygon2|Tera Blast|p1b: Annihilape|[anim] Tera Blast Flying
|-activate|p1b: Annihilape|move: Protect
|-activate|p1a: Gholdengo|move: Struggle
|move|p1a: Gholdengo|Struggle|p2b: Porygon2
|-damage|p2b: Porygon2|65/100
|-damage|p1a: Gholdengo|75/100|[from] recoil
|
|upkeep
|turn|15
|
|t:|1756580739
|move|p2b: Porygon2|Tera Blast|p1b: Annihilape|[anim] Tera Blast Flying
|-supereffective|p1b: Annihilape
|-damage|p1b: Annihilape|14/100
|move|p1b: Annihilape|Rage Fist|p2b: Porygon2
|-crit|p2b: Porygon2
|-damage|p2b: Porygon2|18/100
|-activate|p1a: Gholdengo|move: Struggle
|move|p1a: Gholdengo|Struggle|p2b: Porygon2
|-damage|p2b: Porygon2|15/100
|-damage|p1a: Gholdengo|50/100|[from] recoil
|
|upkeep
|turn|16
|inactive|Maziii has 30 seconds left.
|inactive|Maziii has 20 seconds left.
|inactive|Maziii has 15 seconds left.
|inactive|Maziii has 10 seconds left.
|
|t:|1756580787
|move|p2b: Porygon2|Recover|p2b: Porygon2
|-heal|p2b: Porygon2|65/100
|move|p1b: Annihilape|Rage Fist|p2b: Porygon2
|-damage|p2b: Porygon2|37/100
|-activate|p1a: Gholdengo|move: Struggle
|move|p1a: Gholdengo|Struggle|p2b: Porygon2
|-damage|p2b: Porygon2|34/100
|-damage|p1a: Gholdengo|25/100|[from] recoil
|
|-fieldend|move: Trick Room
|upkeep
|turn|17
|
|t:|1756580801
|-activate|p1a: Gholdengo|move: Struggle
|move|p1a: Gholdengo|Struggle|p2b: Porygon2
|-damage|p2b: Porygon2|30/100
|-damage|p1a: Gholdengo|0 fnt|[from] recoil
|faint|p1a: Gholdengo
|move|p1b: Annihilape|Rage Fist|p2b: Porygon2
|-damage|p2b: Porygon2|2/100
|move|p2b: Porygon2|Recover|p2b: Porygon2
|-heal|p2b: Porygon2|52/100
|
|upkeep
|turn|18
|
|t:|1756580815
|move|p1b: Annihilape|Rage Fist|p2b: Porygon2
|-damage|p2b: Porygon2|24/100
|move|p2b: Porygon2|Tera Blast|p1b: Annihilape|[anim] Tera Blast Flying
|-supereffective|p1b: Annihilape
|-damage|p1b: Annihilape|0 fnt
|faint|p1b: Annihilape
|
|win|Slowjow
|raw|Maziii's rating: 1192 → 1168(-24 for losing)
|raw|Slowjow's rating: 1200 → 1224(+24 for winning)
|l|☆Maziii
|player|p1|
