|j|☆sheeliteonmyfour
|j|☆Miguedeth
|html|sheeliteonmyfourMiguedeth    
|uhtml|bestof|Game 2 of a best-of-3
|t:|1756574986
|gametype|doubles
|player|p1|sheeliteonmyfour|lady|1060
|player|p2|Miguedeth|266|1059
|gen|9
|tier|[Gen 9] VGC 2025 Reg H (Bo3)
|rated|
|rule|Species Clause: Limit one of each Pokémon
|rule|Item Clause: Limit 1 of each item
|clearpoke
|poke|p1|Archaludon, L50, M|
|poke|p1|Politoed, L50, F|
|poke|p1|Indeedee-F, L50, F|
|poke|p1|Braviary-Hisui, L50, M|
|poke|p1|Amoonguss, L50, M|
|poke|p1|Decidueye-Hisui, L50, M|
|poke|p2|Volcarona, L50, F|
|poke|p2|Gholdengo, L50|
|poke|p2|Dragonite, L50, F|
|poke|p2|Incineroar, L50, F|
|poke|p2|Sneasler, L50, M|
|poke|p2|Tyranitar, L50, M|
|teampreview|4
|showteam|p1|Archaludon||PowerHerb|Stalwart|Protect,ElectroShot,Snarl,DragonPulse|||M|||50|,,,,,Grass]Politoed||EjectButton|Drizzle|Protect,IcyWind,MuddyWater,WeatherBall|||F|||50|,,,,,Dragon]Indeedee-F||SafetyGoggles|PsychicSurge|AlluringVoice,HelpingHand,TrickRoom,FollowMe|||F|||50|,,,,,Fairy]Braviary-Hisui||LifeOrb|TintedLens|Protect,EsperWing,Hurricane,ExpandingForce|||M|||50|,,,,,Psychic]Amoonguss||SitrusBerry|Regenerator|Protect,RagePowder,PollenPuff,Spore|||M|||50|,,,,,Water]Decidueye-Hisui||ScopeLens|Scrappy|Protect,TripleArrows,LeafBlade,Haze|||M|||50|,,,,,Steel
|showteam|p2|Volcarona||CovertCloak|FlameBody|QuiverDance,TeraBlast,HeatWave,Protect|||F|||50|,,,,,Fairy]Gholdengo||ChoiceSpecs|GoodasGold|MakeItRain,PowerGem,Thunderbolt,ShadowBall||||||50|,,,,,Steel]Dragonite||LoadedDice|Multiscale|Tailwind,ExtremeSpeed,ScaleShot,Haze|||F|||50|,,,,,Fairy]Incineroar||MirrorHerb|Intimidate|FakeOut,KnockOff,FlareBlitz,PartingShot|||F|||50|,,,,,Ghost]Sneasler||FocusSash|Unburden|DireClaw,CloseCombat,FakeOut,RockSlide|||M|||50|,,,,,Rock]Tyranitar||AssaultVest|SandStream|KnockOff,RockSlide,LowKick,TeraBlast|||M|||50|,,,,,Flying
|inactive|Battle timer is ON: inactive players will automatically lose when time's up. (requested by sheeliteonmyfour)
|j| Jebdon
|inactive|sheeliteonmyfour has 60 seconds left.
|
|t:|1756575018
|teamsize|p1|4
|teamsize|p2|4
|start
|switch|p1a: Politoed|Politoed, L50, F|100/100
|switch|p1b: Archaludon|Archaludon, L50, M|100/100
|switch|p2a: Sneasler|Sneasler, L50, M|100/100
|switch|p2b: Volcarona|Volcarona, L50, F, shiny|100/100
|-weather|RainDance|[from] ability: Drizzle|[of] p1a: Politoed
|turn|1
|
|t:|1756575034
|-terastallize|p2b: Volcarona|Fairy
|move|p2a: Sneasler|Close Combat|p1b: Archaludon
|-supereffective|p1b: Archaludon
|-damage|p1b: Archaludon|5/100
|-unboost|p2a: Sneasler|def|1
|-unboost|p2a: Sneasler|spd|1
|move|p2b: Volcarona|Quiver Dance|p2b: Volcarona
|-boost|p2b: Volcarona|spa|1
|-boost|p2b: Volcarona|spd|1
|-boost|p2b: Volcarona|spe|1
|move|p1b: Archaludon|Electro Shot||[still]
|-prepare|p1b: Archaludon|Electro Shot
|-boost|p1b: Archaludon|spa|1
|-anim|p1b: Archaludon|Electro Shot|p2a: Sneasler
|-enditem|p2a: Sneasler|Focus Sash
|-damage|p2a: Sneasler|1/100
|move|p1a: Politoed|Muddy Water|p2b: Volcarona|[spread] p2a,p2b
|-damage|p2a: Sneasler|0 fnt
|-damage|p2b: Volcarona|69/100
|faint|p2a: Sneasler
|
|-weather|RainDance|[upkeep]
|upkeep
|
|t:|1756575056
|switch|p2a: Tyranitar|Tyranitar, L50, M, shiny|100/100
|-weather|Sandstorm|[from] ability: Sand Stream|[of] p2a: Tyranitar
|turn|2
|
|t:|1756575067
|move|p2b: Volcarona|Heat Wave|p1b: Archaludon|[spread] p1a,p1b
|-resisted|p1a: Politoed
|-damage|p1a: Politoed|75/100
|-damage|p1b: Archaludon|0 fnt
|faint|p1b: Archaludon
|-enditem|p1a: Politoed|Eject Button
|
|t:|1756575072
|switch|p1a: Amoonguss|Amoonguss, L50, M|100/100
|move|p2a: Tyranitar|Rock Slide|p1a: Amoonguss
|-damage|p1a: Amoonguss|64/100
|
|-weather|Sandstorm|[upkeep]
|-damage|p2b: Volcarona|63/100|[from] Sandstorm
|-damage|p1a: Amoonguss|58/100|[from] Sandstorm
|upkeep
|
|t:|1756575079
|switch|p1b: Politoed|Politoed, L50, F|75/100
|-weather|RainDance|[from] ability: Drizzle|[of] p1b: Politoed
|turn|3
|
|t:|1756575090
|switch|p2a: Dragonite|Dragonite, L50, F|100/100
|move|p2b: Volcarona|Protect|p2b: Volcarona
|-singleturn|p2b: Volcarona|Protect
|move|p1b: Politoed|Icy Wind|p2b: Volcarona|[spread] p2a
|-activate|p2b: Volcarona|move: Protect
|-supereffective|p2a: Dragonite
|-damage|p2a: Dragonite|75/100
|-unboost|p2a: Dragonite|spe|1
|move|p1a: Amoonguss|Spore|p2b: Volcarona
|-activate|p2b: Volcarona|move: Protect
|
|-weather|RainDance|[upkeep]
|upkeep
|turn|4
|
|t:|1756575109
|switch|p2a: Tyranitar|Tyranitar, L50, M, shiny|100/100
|-weather|Sandstorm|[from] ability: Sand Stream|[of] p2a: Tyranitar
|move|p2b: Volcarona|Heat Wave|p1b: Politoed|[spread] p1a,p1b
|-supereffective|p1a: Amoonguss
|-resisted|p1b: Politoed
|-damage|p1a: Amoonguss|0 fnt
|-damage|p1b: Politoed|45/100
|faint|p1a: Amoonguss
|move|p1b: Politoed|Icy Wind|p2b: Volcarona|[spread] p2a,p2b
|-damage|p2a: Tyranitar|96/100
|-damage|p2b: Volcarona|54/100
|-unboost|p2a: Tyranitar|spe|1
|
|-weather|Sandstorm|[upkeep]
|-damage|p2b: Volcarona|48/100|[from] Sandstorm
|-damage|p1b: Politoed|39/100|[from] Sandstorm
|upkeep
|
|t:|1756575112
|switch|p1a: Decidueye|Decidueye-Hisui, L50, M|100/100
|turn|5
|
|t:|1756575128
|move|p1a: Decidueye|Protect|p1a: Decidueye
|-singleturn|p1a: Decidueye|Protect
|move|p2b: Volcarona|Heat Wave|p1b: Politoed|[spread] p1b
|-activate|p1a: Decidueye|move: Protect
|-resisted|p1b: Politoed
|-damage|p1b: Politoed|12/100
|-status|p1b: Politoed|brn
|move|p1b: Politoed|Muddy Water|p2b: Volcarona|[spread] p2a,p2b
|-supereffective|p2a: Tyranitar
|-damage|p2a: Tyranitar|72/100
|-damage|p2b: Volcarona|29/100
|move|p2a: Tyranitar|Rock Slide|p1a: Decidueye|[spread] p1b
|-activate|p1a: Decidueye|move: Protect
|-damage|p1b: Politoed|0 fnt
|faint|p1b: Politoed
|
|-weather|Sandstorm|[upkeep]
|-damage|p2b: Volcarona|23/100|[from] Sandstorm
|-damage|p1a: Decidueye|95/100|[from] Sandstorm
|upkeep
|turn|6
|-message|sheeliteonmyfour forfeited.
|
|win|Miguedeth
