|j|☆LorGhez
|j|☆Franchino00
|html|LorGhezFranchino00    
|uhtml|bestof|Game 3 of a best-of-3
|t:|1782245072
|gametype|doubles
|player|p1|LorGhez|265|
|player|p2|Franchino00|266|
|gen|9
|tier|[Gen 9 Champions] VGC 2026 Reg M-B (Bo3)
|rule|Species Clause: Limit one of each Pokémon
|rule|Item Clause: Limit 1 of each item
|clearpoke
|poke|p1|Swampert, L50, M|
|poke|p1|Pelipper, L50, F|
|poke|p1|Archaludon, L50, M|
|poke|p1|Sinistcha, L50|
|poke|p1|Grimmsnarl, L50, M|
|poke|p1|Sylveon, L50, F|
|poke|p2|Pyroar, L50, F|
|poke|p2|Torkoal, L50, M|
|poke|p2|Venusaur, L50, M|
|poke|p2|Garchomp, L50, F|
|poke|p2|Aerodactyl, L50, M|
|poke|p2|Basculegion, L50, M|
|teampreview|4
|showteam|p1|Swampert||Swampertite|Torrent|WaveCrash,Earthquake,IceBeam,Protect|Adamant||M|||50|]Pelipper||FocusSash|Drizzle|Hurricane,WeatherBall,Tailwind,HelpingHand|Bold||F|||50|]Archaludon||Leftovers|Stamina|DragonPulse,FlashCannon,ElectroShot,Protect|Modest||M|||50|]Sinistcha||SitrusBerry|Hospitality|MatchaGotcha,LifeDew,RagePowder,TrickRoom|Bold|||||50|]Grimmsnarl||LightClay|Prankster|PartingShot,LightScreen,Reflect,SpiritBreak|Careful||M|||50|]Sylveon||FairyFeather|Pixilate|Protect,Yawn,QuickAttack,HyperVoice|Modest||F|||50|
|showteam|p2|Pyroar||Pyroarite|Rivalry|HeatWave,Overheat,SolarBeam,Protect|Modest||F|||50|]Torkoal||HeatRock|Drought|HeatWave,HelpingHand,Yawn,Protect|Relaxed||M|||50|]Venusaur||FocusSash|Chlorophyll|LeafStorm,SludgeBomb,SleepPowder,Protect|Modest||M|||50|]Garchomp||LifeOrb|RoughSkin|StompingTantrum,DragonClaw,RockSlide,Protect|Jolly||F|||50|]Aerodactyl||Aerodactylite|RockHead|RockSlide,IceFang,DualWingbeat,Tailwind|Jolly||M|||50|]Basculegion||MuscleBand|Adaptability|WaveCrash,AquaJet,LastRespects,Protect|Adamant||M|||50|
|inactive|Battle timer is ON: inactive players will automatically lose when time's up. (requested by LorGhez)
|inactive|LorGhez has 60 seconds left.
|inactive|Franchino00 has 60 seconds left.
|inactive|LorGhez has 30 seconds left.
|inactive|LorGhez has 20 seconds left.
|inactive|LorGhez has 15 seconds left.
|inactive|LorGhez has 10 seconds left.
|
|t:|1782245161
|teamsize|p1|4
|teamsize|p2|4
|start
|switch|p1a: Grimmsnarl|Grimmsnarl, L50, M|100/100
|switch|p1b: Swampert|Swampert, L50, M|100/100
|switch|p2a: Basculegion|Basculegion, L50, M|100/100
|switch|p2b: Garchomp|Garchomp, L50, F|100/100
|turn|1
|inactive|Franchino00 has 30 seconds left.
|inactive|Franchino00 has 20 seconds left.
|
|t:|1782245198
|move|p2a: Basculegion|Protect|p2a: Basculegion
|-singleturn|p2a: Basculegion|Protect
|move|p1b: Swampert|Protect|p1b: Swampert
|-singleturn|p1b: Swampert|Protect
|move|p1a: Grimmsnarl|Reflect|p1a: Grimmsnarl
|-sidestart|p1: LorGhez|Reflect
|move|p2b: Garchomp|Dragon Claw|p1b: Swampert
|-activate|p1b: Swampert|move: Protect
|
|upkeep
|turn|2
|inactive|LorGhez has 30 seconds left.
|inactive|LorGhez has 20 seconds left.
|
|t:|1782245233
|switch|p1b: Sylveon|Sylveon, L50, F|100/100
|move|p2b: Garchomp|Protect|p2b: Garchomp
|-singleturn|p2b: Garchomp|Protect
|move|p1a: Grimmsnarl|Parting Shot|p2a: Basculegion
|-unboost|p2a: Basculegion|atk|1
|-unboost|p2a: Basculegion|spa|1
|
|t:|1782245241
|switch|p1a: Swampert|Swampert, L50, M|100/100|[from] Parting Shot
|move|p2a: Basculegion|Wave Crash|p1b: Sylveon
|-damage|p1b: Sylveon|51/100
|-damage|p2a: Basculegion|85/100|[from] Recoil
|
|upkeep
|turn|3
|inactive|Franchino00 has 30 seconds left.
|inactive|Franchino00 has 20 seconds left.
|
|t:|1782245281
|detailschange|p1a: Swampert|Swampert-Mega, L50, M
|-mega|p1a: Swampert|Swampert|Swampertite
|move|p2b: Garchomp|Rock Slide|p1a: Swampert|[spread] p1a,p1b
|-resisted|p1a: Swampert|1
|-damage|p1a: Swampert|93/100
|-damage|p1b: Sylveon|31/100
|-damage|p2b: Garchomp|90/100|[from] item: Life Orb
|move|p1a: Swampert|Wave Crash|p2b: Garchomp
|-damage|p2b: Garchomp|15/100
|-damage|p1a: Swampert|80/100|[from] ability: Rough Skin|[of] p2b: Garchomp
|-damage|p1a: Swampert|54/100|[from] Recoil
|move|p2a: Basculegion|Wave Crash|p1b: Sylveon
|-damage|p1b: Sylveon|0 fnt
|faint|p1b: Sylveon
|-damage|p2a: Basculegion|77/100|[from] Recoil
|
|upkeep
|
|t:|1782245305
|switch|p1b: Grimmsnarl|Grimmsnarl, L50, M|100/100
|turn|4
|inactive|LorGhez has 30 seconds left.
|
|t:|1782245337
|move|p1a: Swampert|Protect|p1a: Swampert
|-singleturn|p1a: Swampert|Protect
|move|p1b: Grimmsnarl|Parting Shot|p2a: Basculegion
|-unboost|p2a: Basculegion|atk|1
|-unboost|p2a: Basculegion|spa|1
|
|t:|1782245342
|switch|p1b: Pelipper|Pelipper, L50, F|100/100|[from] Parting Shot
|-weather|RainDance|[from] ability: Drizzle|[of] p1b: Pelipper
|move|p2b: Garchomp|Rock Slide|p1a: Swampert|[spread] p1b
|-activate|p1a: Swampert|move: Protect
|-supereffective|p1b: Pelipper|1
|-damage|p1b: Pelipper|69/100
|-damage|p2b: Garchomp|6/100|[from] item: Life Orb
|move|p2a: Basculegion|Wave Crash|p1a: Swampert
|-activate|p1a: Swampert|move: Protect
|
|-weather|RainDance|[upkeep]
|upkeep
|turn|5
|inactive|LorGhez has 30 seconds left.
|inactive|Franchino00 has 30 seconds left.
|inactive|LorGhez has 20 seconds left.
|inactive|LorGhez has 15 seconds left.
|
|t:|1782245383
|switch|p2a: Torkoal|Torkoal, L50, M|100/100
|-weather|SunnyDay|[from] ability: Drought|[of] p2a: Torkoal
|move|p1b: Pelipper|Helping Hand|p1a: Swampert
|-singleturn|p1a: Swampert|Helping Hand|[of] p1b: Pelipper
|move|p2b: Garchomp|Dragon Claw|p1a: Swampert
|-damage|p1a: Swampert|23/100
|-damage|p2b: Garchomp|0 fnt|[from] item: Life Orb
|faint|p2b: Garchomp
|move|p1a: Swampert|Earthquake|p2a: Torkoal|[spread] p2a
|-immune|p1b: Pelipper
|-supereffective|p2a: Torkoal|1
|-damage|p2a: Torkoal|1/100
|
|-weather|SunnyDay|[upkeep]
|upkeep
|
|t:|1782245403
|switch|p2b: Pyroar|Pyroar, L50, F|100/100
|turn|6
|
|t:|1782245427
|switch|p2a: Basculegion|Basculegion, L50, M|77/100
|detailschange|p2b: Pyroar|Pyroar-Mega, L50, F
|-mega|p2b: Pyroar|Pyroar|Pyroarite
|move|p1a: Swampert|Protect|p1a: Swampert
|-singleturn|p1a: Swampert|Protect
|move|p2b: Pyroar|Overheat|p1b: Pelipper
|-resisted|p1b: Pelipper|1
|-damage|p1b: Pelipper|0 fnt
|-unboost|p2b: Pyroar|spa|2
|faint|p1b: Pelipper
|
|-weather|SunnyDay|[upkeep]
|upkeep
|
|t:|1782245449
|switch|p1b: Grimmsnarl|Grimmsnarl, L50, M|100/100
|turn|7
|
|t:|1782245465
|move|p2b: Pyroar|Overheat|p1b: Grimmsnarl|[miss]
|-miss|p2b: Pyroar|p1b: Grimmsnarl
|move|p1a: Swampert|Earthquake|p2b: Pyroar|[spread] p1b,p2a,p2b
|-supereffective|p2b: Pyroar|1
|-damage|p1b: Grimmsnarl|69/100
|-damage|p2a: Basculegion|21/100
|-damage|p2b: Pyroar|0 fnt
|faint|p2b: Pyroar
|move|p2a: Basculegion|Wave Crash|p1a: Swampert
|-damage|p1a: Swampert|0 fnt
|faint|p1a: Swampert
|-damage|p2a: Basculegion|14/100|[from] Recoil
|move|p1b: Grimmsnarl|Spirit Break|p2a: Basculegion
|-damage|p2a: Basculegion|0 fnt
|faint|p2a: Basculegion
|
|-weather|SunnyDay|[upkeep]
|upkeep
|
|t:|1782245482
|switch|p2b: Torkoal|Torkoal, L50, M|1/100
|turn|8
|
|t:|1782245504
|move|p1b: Grimmsnarl|Spirit Break|p2b: Torkoal
|-resisted|p2b: Torkoal|1
|-damage|p2b: Torkoal|0 fnt
|faint|p2b: Torkoal
|
|win|LorGhez
|l|☆Franchino00
|player|p2|
