|j|☆Giocostorto
|j|☆Le P VGC
|html|GiocostortoLe P VGC    
|uhtml|bestof|Game 2 of a best-of-3
|t:|1754406096
|gametype|doubles
|player|p1|Giocostorto|palmer|1244
|player|p2|Le P VGC|265|1180
|gen|9
|tier|[Gen 9] VGC 2025 Reg H (Bo3)
|rated|
|rule|Species Clause: Limit one of each Pokémon
|rule|Item Clause: Limit 1 of each item
|clearpoke
|poke|p1|Dragonite, L50, M|
|poke|p1|Volcarona, L50, F|
|poke|p1|Sneasler, L50, M|
|poke|p1|Rillaboom, L50, M|
|poke|p1|Electabuzz, L50, M|
|poke|p1|Kingambit, L50, M|
|poke|p2|Porygon2, L50|
|poke|p2|Amoonguss, L50, F|
|poke|p2|Incineroar, L50, F|
|poke|p2|Gholdengo, L50|
|poke|p2|Ursaluna, L50, M|
|poke|p2|Flamigo, L50, F|
|teampreview|4
|showteam|p1|Dragonite||LoadedDice|Multiscale|ScaleShot,ExtremeSpeed,Haze,Protect|||M|||50|,,,,,Fairy]Volcarona||CovertCloak|FlameBody|HeatWave,TeraBlast,QuiverDance,Protect|||F|||50|,,,,,Fairy]Sneasler||FocusSash|Unburden|CloseCombat,DireClaw,Coaching,Protect|||M|||50|,,,,,Stellar]Rillaboom||AssaultVest|GrassySurge|WoodHammer,GrassyGlide,HighHorsepower,FakeOut|||M|||50|,,,,,Water]Electabuzz||Eviolite|VitalSpirit|Thunderbolt,FollowMe,Taunt,Protect|||M|||50|,,,,,Ghost]Kingambit||BlackGlasses|Defiant|KowtowCleave,SuckerPunch,SwordsDance,Protect|||M|||50|,,,,,Dark
|showteam|p2|Porygon2||Eviolite|Download|TeraBlast,TrickRoom,Recover,IceBeam||||||50|,,,,,Flying]Amoonguss||RockyHelmet|Regenerator|Spore,Protect,PollenPuff,RagePowder|||F|||50|,,,,,Water]Incineroar||SafetyGoggles|Intimidate|FakeOut,KnockOff,FlareBlitz,PartingShot|||F|||50|,,,,,Bug]Gholdengo||LifeOrb|GoodasGold|MakeItRain,NastyPlot,ShadowBall,Protect||||||50|,,,,,Dragon]Ursaluna||FlameOrb|Guts|Facade,Earthquake,Protect,HeadlongRush|||M|||50|,,,,,Ghost]Flamigo||FocusSash|Scrappy|CloseCombat,WideGuard,Detect,BraveBird|||F|||50|,,,,,Ghost
|inactive|Battle timer is ON: inactive players will automatically lose when time's up. (requested by Giocostorto)
|
|t:|1754406120
|teamsize|p1|4
|teamsize|p2|4
|start
|switch|p1a: Electabuzz|Electabuzz, L50, M|100/100
|switch|p1b: Kingambit|Kingambit, L50, M, shiny|100/100
|switch|p2a: Porygon2|Porygon2, L50|100/100
|switch|p2b: Ursaluna|Ursaluna, L50, M|100/100
|-ability|p2a: Porygon2|Download|boost
|-boost|p2a: Porygon2|spa|1
|turn|1
|
|t:|1754406144
|-terastallize|p2a: Porygon2|Flying
|-terastallize|p1b: Kingambit|Dark
|move|p1a: Electabuzz|Taunt|p2a: Porygon2
|-start|p2a: Porygon2|move: Taunt
|move|p2a: Porygon2|Tera Blast|p1b: Kingambit|[anim] Tera Blast Flying
|-damage|p1b: Kingambit|56/100
|move|p1b: Kingambit|Swords Dance|p1b: Kingambit
|-boost|p1b: Kingambit|atk|2
|move|p2b: Ursaluna|Earthquake|p1a: Electabuzz|[spread] p1a,p1b
|-immune|p2a: Porygon2
|-supereffective|p1a: Electabuzz
|-damage|p1a: Electabuzz|34/100
|-damage|p1b: Kingambit|22/100
|
|-status|p2b: Ursaluna|brn|[from] item: Flame Orb
|upkeep
|turn|2
|inactive|Le P VGC has 30 seconds left.
|
|t:|1754406171
|switch|p2b: Amoonguss|Amoonguss, L50, F|100/100
|move|p1a: Electabuzz|Follow Me|p1a: Electabuzz
|-singleturn|p1a: Electabuzz|move: Follow Me
|move|p2a: Porygon2|Tera Blast|p1a: Electabuzz|[anim] Tera Blast Flying
|-resisted|p1a: Electabuzz
|-damage|p1a: Electabuzz|16/100
|move|p1b: Kingambit|Kowtow Cleave|p2b: Amoonguss
|-damage|p2b: Amoonguss|0 fnt
|-damage|p1b: Kingambit|5/100|[from] item: Rocky Helmet|[of] p2b: Amoonguss
|faint|p2b: Amoonguss
|
|upkeep
|
|t:|1754406194
|switch|p2b: Ursaluna|Ursaluna, L50, M|100/100 brn
|turn|3
|
|t:|1754406212
|move|p1a: Electabuzz|Protect|p1a: Electabuzz
|-singleturn|p1a: Electabuzz|Protect
|move|p1b: Kingambit|Protect|p1b: Kingambit
|-singleturn|p1b: Kingambit|Protect
|move|p2a: Porygon2|Tera Blast|p1b: Kingambit|[anim] Tera Blast Flying
|-activate|p1b: Kingambit|move: Protect
|move|p2b: Ursaluna|Earthquake|p1b: Kingambit|[spread] 
|-activate|p1a: Electabuzz|move: Protect
|-activate|p1b: Kingambit|move: Protect
|-immune|p2a: Porygon2
|
|-damage|p2b: Ursaluna|95/100 brn|[from] brn
|-end|p2a: Porygon2|move: Taunt
|upkeep
|turn|4
|
|t:|1754406226
|move|p1a: Electabuzz|Follow Me|p1a: Electabuzz
|-singleturn|p1a: Electabuzz|move: Follow Me
|move|p2a: Porygon2|Tera Blast|p1a: Electabuzz|[anim] Tera Blast Flying
|-resisted|p1a: Electabuzz
|-damage|p1a: Electabuzz|0 fnt
|faint|p1a: Electabuzz
|move|p1b: Kingambit|Kowtow Cleave|p2b: Ursaluna
|-damage|p2b: Ursaluna|0 fnt
|faint|p2b: Ursaluna
|
|upkeep
|
|t:|1754406237
|switch|p1a: Sneasler|Sneasler, L50, M|100/100
|switch|p2b: Flamigo|Flamigo, L50, F|100/100
|turn|5
|inactive|Le P VGC has 30 seconds left.
|
|t:|1754406265
|move|p2b: Flamigo|Detect|p2b: Flamigo
|-singleturn|p2b: Flamigo|Protect
|move|p1b: Kingambit|Sucker Punch|p2a: Porygon2
|-damage|p2a: Porygon2|38/100
|move|p1a: Sneasler|Dire Claw|p2a: Porygon2
|-damage|p2a: Porygon2|17/100
|-status|p2a: Porygon2|psn
|move|p2a: Porygon2|Tera Blast|p1b: Kingambit|[anim] Tera Blast Flying
|-damage|p1b: Kingambit|0 fnt
|faint|p1b: Kingambit
|
|-damage|p2a: Porygon2|5/100 psn|[from] psn
|upkeep
|
|t:|1754406276
|switch|p1b: Dragonite|Dragonite, L50, M|100/100
|turn|6
|
|t:|1754406285
|move|p1a: Sneasler|Coaching|p1b: Dragonite
|-boost|p1b: Dragonite|atk|1
|-boost|p1b: Dragonite|def|1
|move|p2b: Flamigo|Brave Bird|p1a: Sneasler
|-supereffective|p1a: Sneasler
|-enditem|p1a: Sneasler|Focus Sash
|-damage|p1a: Sneasler|1/100
|-damage|p2b: Flamigo|68/100|[from] Recoil
|move|p1b: Dragonite|Scale Shot|p2b: Flamigo
|-damage|p2b: Flamigo|36/100
|-damage|p2b: Flamigo|4/100
|-damage|p2b: Flamigo|0 fnt
|faint|p2b: Flamigo
|-hitcount|p2: Flamigo|3
|-unboost|p1b: Dragonite|def|1
|-boost|p1b: Dragonite|spe|1
|move|p2a: Porygon2|Ice Beam|p1a: Sneasler
|-damage|p1a: Sneasler|0 fnt
|faint|p1a: Sneasler
|
|-damage|p2a: Porygon2|0 fnt|[from] psn
|faint|p2a: Porygon2
|
|win|Giocostorto
|raw|Giocostorto's rating: 1244 → 1264(+20 for winning)
|raw|Le P VGC's rating: 1180 → 1160(-20 for losing)
|l|☆Le P VGC
|player|p2|
