|j|☆Hallenteclapea
|j|☆CheesyTime
|html|HallenteclapeaCheesyTime    
|uhtml|bestof|Game 2 of a best-of-3
|t:|1782204853
|gametype|doubles
|player|p1|Hallenteclapea|169|1091
|player|p2|CheesyTime|colress|1069
|gen|9
|tier|[Gen 9 Champions] VGC 2026 Reg M-B (Bo3)
|rated|
|rule|Species Clause: Limit one of each Pokémon
|rule|Item Clause: Limit 1 of each item
|clearpoke
|poke|p1|Staraptor, L50, M|
|poke|p1|Whimsicott, L50, F|
|poke|p1|Typhlosion-Hisui, L50, F|
|poke|p1|Garchomp, L50, F|
|poke|p1|Rotom-Wash, L50|
|poke|p1|Gholdengo, L50|
|poke|p2|Pyroar, L50, F|
|poke|p2|Ninetales, L50, F, shiny|
|poke|p2|Whimsicott, L50, M|
|poke|p2|Floette-Eternal, L50, F|
|poke|p2|Basculegion, L50, M|
|poke|p2|Farigiraf, L50, M|
|teampreview|4
|showteam|p1|Staraptor||Staraptite|Intimidate|CloseCombat,Protect,BraveBird,Uturn|Jolly||M|||50|]Whimsicott||FocusSash|Prankster|DazzlingGleam,Encore,Charm,Tailwind|Bold||F|||50|]Typhlosion-Hisui||ChoiceScarf|Frisk|Eruption,BurnUp,HeatWave,ShadowBall|Timid||F|||50|]Garchomp||RoseliBerry|RoughSkin|DragonClaw,StompingTantrum,PoisonJab,RockTomb|Jolly||F|||50|]Rotom-Wash||Leftovers|Levitate|Discharge,HydroPump,VoltSwitch,WillOWisp|Timid|||||50|]Gholdengo||LifeOrb|GoodasGold|PowerGem,ShadowBall,MakeItRain,Protect|Timid|||||50|
|showteam|p2|Pyroar||Pyroarite|Unnerve|HeatWave,Overheat,SolarBeam,Protect|Timid||F|||50|]Ninetales||ChoiceScarf|Drought|HeatWave,Overheat,SolarBeam,FakeTears|Modest||F|||50|]Whimsicott||FocusSash|Prankster|Moonblast,Tailwind,SunnyDay,Protect|Timid||M|||50|]Floette-Eternal||Floettite|FlowerVeil|Moonblast,LightofRuin,DazzlingGleam,Protect|Modest||F|||50|]Basculegion||LifeOrb|Adaptability|WaveCrash,LastRespects,AquaJet,Protect|Adamant||M|||50|]Farigiraf||SitrusBerry|ArmorTail|Psychic,Thunderbolt,TrickRoom,HelpingHand|Bold||M|||50|
|
|t:|1782204886
|teamsize|p1|4
|teamsize|p2|4
|start
|switch|p1a: Whimsicott|Whimsicott, L50, F|100/100
|switch|p1b: Garchomp|Garchomp, L50, F|100/100
|switch|p2a: Pyroar|Pyroar, L50, F|100/100
|switch|p2b: Whimsicott|Whimsicott, L50, M|100/100
|-ability|p2a: Pyroar|Unnerve
|turn|1
|
|t:|1782204901
|switch|p2a: Basculegion|Basculegion, L50, M|100/100
|move|p1a: Whimsicott|Tailwind|p1a: Whimsicott
|-sidestart|p1: Hallenteclapea|move: Tailwind
|move|p1b: Garchomp|Rock Tomb|p2a: Basculegion
|-damage|p2a: Basculegion|75/100
|-unboost|p2a: Basculegion|spe|1
|move|p2b: Whimsicott|Moonblast|p1b: Garchomp
|-supereffective|p1b: Garchomp|1
|-enditem|p1b: Garchomp|Roseli Berry|[eat]
|-enditem|p1b: Garchomp|Roseli Berry|[weaken]
|-damage|p1b: Garchomp|58/100
|
|upkeep
|turn|2
|
|t:|1782204925
|move|p2b: Whimsicott|Tailwind|p2b: Whimsicott
|-sidestart|p2: CheesyTime|move: Tailwind
|move|p1b: Garchomp|Poison Jab|p2b: Whimsicott
|-supereffective|p2b: Whimsicott|2
|-enditem|p2b: Whimsicott|Focus Sash
|-damage|p2b: Whimsicott|1/100
|move|p1a: Whimsicott|Dazzling Gleam|p2a: Basculegion|[spread] p2a,p2b
|-damage|p2a: Basculegion|55/100
|-damage|p2b: Whimsicott|0 fnt
|faint|p2b: Whimsicott
|move|p2a: Basculegion|Wave Crash|p1b: Garchomp
|-damage|p1b: Garchomp|0 fnt
|-damage|p2a: Basculegion|43/100|[from] ability: Rough Skin|[of] p1b: Garchomp
|faint|p1b: Garchomp
|-damage|p2a: Basculegion|25/100|[from] Recoil
|-damage|p2a: Basculegion|16/100|[from] item: Life Orb
|
|upkeep
|
|t:|1782204944
|switch|p2b: Pyroar|Pyroar, L50, F|100/100
|switch|p1b: Rotom|Rotom-Wash, L50|100/100
|-ability|p2b: Pyroar|Unnerve
|turn|3
|
|t:|1782204960
|switch|p2a: Ninetales|Ninetales, L50, F, shiny|100/100
|-weather|SunnyDay|[from] ability: Drought|[of] p2a: Ninetales
|detailschange|p2b: Pyroar|Pyroar-Mega, L50, F
|-mega|p2b: Pyroar|Pyroar|Pyroarite
|move|p1a: Whimsicott|Charm|p2a: Ninetales
|-unboost|p2a: Ninetales|atk|2
|move|p2b: Pyroar|Solar Beam||[still]
|-prepare|p2b: Pyroar|Solar Beam
|-anim|p2b: Pyroar|Solar Beam|p1b: Rotom
|-supereffective|p1b: Rotom|1
|-damage|p1b: Rotom|0 fnt
|faint|p1b: Rotom
|
|-weather|SunnyDay|[upkeep]
|upkeep
|
|t:|1782204973
|switch|p1b: Staraptor|Staraptor, L50, M|100/100
|-ability|p1b: Staraptor|Intimidate|boost
|-unboost|p2a: Ninetales|atk|1
|-unboost|p2b: Pyroar|atk|1
|turn|4
|
|t:|1782204987
|detailschange|p1b: Staraptor|Staraptor-Mega, L50, M
|-mega|p1b: Staraptor|Staraptor|Staraptite
|move|p1a: Whimsicott|Encore|p2b: Pyroar
|-start|p2b: Pyroar|Encore
|move|p2a: Ninetales|Overheat|p1b: Staraptor
|-damage|p1b: Staraptor|0 fnt
|-unboost|p2a: Ninetales|spa|2
|faint|p1b: Staraptor
|move|p2b: Pyroar|Solar Beam||[still]
|-prepare|p2b: Pyroar|Solar Beam
|-anim|p2b: Pyroar|Solar Beam|p1a: Whimsicott
|-resisted|p1a: Whimsicott|1
|-damage|p1a: Whimsicott|69/100
|
|-weather|SunnyDay|[upkeep]
|-sideend|p1: Hallenteclapea|move: Tailwind
|upkeep
|turn|5
|-message|Hallenteclapea forfeited.
|
|win|CheesyTime
|raw|Hallenteclapea's rating: 1091 → 1066(-25 for losing)
|raw|CheesyTime's rating: 1069 → 1101(+32 for winning)
