|j|☆maish
|j|‽PatmonVGC
|html|maishPatmonVGC    
|uhtml|bestof|Game 2 of a best-of-3
|t:|1755515206
|gametype|doubles
|player|p1|maish|veteran|1243
|player|p2|PatmonVGC|grusha|1266
|gen|9
|tier|[Gen 9] VGC 2025 Reg H (Bo3)
|rated|
|rule|Species Clause: Limit one of each Pokémon
|rule|Item Clause: Limit 1 of each item
|clearpoke
|poke|p1|Charizard, L50, M|
|poke|p1|Torkoal, L50, M|
|poke|p1|Porygon2, L50|
|poke|p1|Incineroar, L50, M|
|poke|p1|Jumpluff, L50, F|
|poke|p1|Ursaluna, L50, M|
|poke|p2|Sneasler, L50, F|
|poke|p2|Primarina, L50, M|
|poke|p2|Kingambit, L50, M|
|poke|p2|Magmar, L50, F|
|poke|p2|Rillaboom, L50, M|
|poke|p2|Kommo-o, L50, M|
|teampreview|4
|showteam|p1|Charizard||ChoiceSpecs|SolarPower|HeatWave,Overheat,WeatherBall,AirSlash|||M|||50|,,,,,Ghost]Torkoal||EjectPack|Drought|Eruption,Overheat,HelpingHand,Protect|||M|||50|,,,,,Fire]Porygon2||Eviolite|Download|TeraBlast,IceBeam,Recover,TrickRoom||||||50|,,,,,Fighting]Incineroar||SitrusBerry|Intimidate|FlareBlitz,KnockOff,FakeOut,PartingShot|||M|||50|,,,,,Ghost]Jumpluff||CovertCloak|Chlorophyll|SleepPowder,SunnyDay,RagePowder,Tailwind|||F|||50|,,,,,Water]Ursaluna||FlameOrb|Guts|HeadlongRush,Facade,Earthquake,Protect|||M|||50|,,,,,Ghost
|showteam|p2|Sneasler||FocusSash|PoisonTouch|CloseCombat,DireClaw,FakeOut,Protect|||F|||50|,,,,,Stellar]Primarina||SitrusBerry|LiquidVoice|HyperVoice,Moonblast,Haze,Protect|||M|||50|,,,,,Poison]Kingambit||BlackGlasses|Defiant|KowtowCleave,SuckerPunch,SwordsDance,Protect|||M|||50|,,,,,Ghost]Magmar||Eviolite|VitalSpirit|Overheat,WillOWisp,FollowMe,Protect|||F|||50|,,,,,Ghost]Rillaboom||AssaultVest|GrassySurge|WoodHammer,GrassyGlide,HighHorsepower,FakeOut|||M|||50|,,,,,Fire]Kommo-o||ThroatSpray|Overcoat|ClangingScales,ClangorousSoul,Flamethrower,Protect|||M|||50|,,,,,Fire
|inactive|Battle timer is ON: inactive players will automatically lose when time's up. (requested by PatmonVGC)
|
|t:|1755515216
|teamsize|p1|4
|teamsize|p2|4
|start
|switch|p1a: Jumpluff|Jumpluff, L50, F|100/100
|switch|p1b: Torkoal|Torkoal, L50, M|100/100
|switch|p2a: Magmar|Magmar, L50, F|100/100
|switch|p2b: Kingambit|Kingambit, L50, M|100/100
|-weather|SunnyDay|[from] ability: Drought|[of] p1b: Torkoal
|turn|1
|
|t:|1755515228
|move|p2b: Kingambit|Protect|p2b: Kingambit
|-singleturn|p2b: Kingambit|Protect
|move|p1a: Jumpluff|Tailwind|p1a: Jumpluff
|-sidestart|p1: maish|move: Tailwind
|move|p2a: Magmar|Overheat|p1b: Torkoal
|-resisted|p1b: Torkoal
|-damage|p1b: Torkoal|50/100
|-unboost|p2a: Magmar|spa|2
|move|p1b: Torkoal|Overheat|p2b: Kingambit
|-activate|p2b: Kingambit|move: Protect
|
|-weather|SunnyDay|[upkeep]
|upkeep
|turn|2
|
|t:|1755515242
|move|p2a: Magmar|Follow Me|p2a: Magmar
|-singleturn|p2a: Magmar|move: Follow Me
|move|p1a: Jumpluff|Sleep Powder|p2a: Magmar|[miss]
|-miss|p1a: Jumpluff|p2a: Magmar
|move|p2b: Kingambit|Swords Dance|p2b: Kingambit
|-boost|p2b: Kingambit|atk|2
|move|p1b: Torkoal|Overheat|p2a: Magmar
|-resisted|p2a: Magmar
|-damage|p2a: Magmar|68/100
|-unboost|p1b: Torkoal|spa|2
|-enditem|p1b: Torkoal|Eject Pack
|
|t:|1755515252
|switch|p1b: Ursaluna|Ursaluna, L50, M|100/100
|
|-weather|SunnyDay|[upkeep]
|-status|p1b: Ursaluna|brn|[from] item: Flame Orb
|upkeep
|turn|3
|
|t:|1755515276
|switch|p2a: Rillaboom|Rillaboom, L50, M|100/100
|-fieldstart|move: Grassy Terrain|[from] ability: Grassy Surge|[of] p2a: Rillaboom
|-terastallize|p2b: Kingambit|Ghost
|move|p1a: Jumpluff|Rage Powder|p1a: Jumpluff
|-singleturn|p1a: Jumpluff|move: Rage Powder
|move|p1b: Ursaluna|Earthquake|p2b: Kingambit|[spread] p2a,p2b
|-immune|p1a: Jumpluff
|-resisted|p2a: Rillaboom
|-damage|p2a: Rillaboom|86/100
|-damage|p2b: Kingambit|75/100
|move|p2b: Kingambit|Kowtow Cleave|p1a: Jumpluff
|-damage|p1a: Jumpluff|0 fnt
|faint|p1a: Jumpluff
|
|-weather|SunnyDay|[upkeep]
|-heal|p2a: Rillaboom|92/100|[from] Grassy Terrain
|-heal|p2b: Kingambit|81/100|[from] Grassy Terrain
|-damage|p1b: Ursaluna|95/100 brn|[from] brn
|upkeep
|
|t:|1755515285
|switch|p1a: Charizard|Charizard, L50, M|100/100
|turn|4
|
|t:|1755515303
|switch|p1a: Torkoal|Torkoal, L50, M|50/100
|move|p2a: Rillaboom|Fake Out|p1b: Ursaluna
|-damage|p1b: Ursaluna|84/100 brn
|move|p2b: Kingambit|Sucker Punch||[still]
|-fail|p2b: Kingambit
|cant|p1b: Ursaluna|flinch
|
|-weather|SunnyDay|[upkeep]
|-heal|p1b: Ursaluna|90/100 brn|[from] Grassy Terrain
|-heal|p2a: Rillaboom|98/100|[from] Grassy Terrain
|-heal|p2b: Kingambit|87/100|[from] Grassy Terrain
|-heal|p1a: Torkoal|56/100|[from] Grassy Terrain
|-damage|p1b: Ursaluna|84/100 brn|[from] brn
|-sideend|p1: maish|move: Tailwind
|upkeep
|turn|5
|
|t:|1755515321
|switch|p1a: Charizard|Charizard, L50, M|100/100
|move|p1b: Ursaluna|Protect|p1b: Ursaluna
|-singleturn|p1b: Ursaluna|Protect
|move|p2b: Kingambit|Sucker Punch||[still]
|-fail|p2b: Kingambit
|move|p2a: Rillaboom|Wood Hammer|p1b: Ursaluna
|-activate|p1b: Ursaluna|move: Protect
|
|-weather|none
|-heal|p2a: Rillaboom|100/100|[from] Grassy Terrain
|-heal|p1b: Ursaluna|90/100 brn|[from] Grassy Terrain
|-heal|p2b: Kingambit|93/100|[from] Grassy Terrain
|-damage|p1b: Ursaluna|84/100 brn|[from] brn
|upkeep
|turn|6
|
|t:|1755515334
|switch|p1b: Torkoal|Torkoal, L50, M|56/100
|-weather|SunnyDay|[from] ability: Drought|[of] p1b: Torkoal
|move|p2b: Kingambit|Sucker Punch|p1a: Charizard
|-damage|p1a: Charizard|0 fnt
|faint|p1a: Charizard
|move|p2a: Rillaboom|Wood Hammer|p1b: Torkoal
|-resisted|p1b: Torkoal
|-damage|p1b: Torkoal|27/100
|-damage|p2a: Rillaboom|92/100|[from] Recoil
|
|-weather|SunnyDay|[upkeep]
|-heal|p2a: Rillaboom|98/100|[from] Grassy Terrain
|-heal|p2b: Kingambit|99/100|[from] Grassy Terrain
|-heal|p1b: Torkoal|33/100|[from] Grassy Terrain
|upkeep
|-message|maish forfeited.
|
|win|PatmonVGC
|raw|maish's rating: 1243 → 1220(-23 for losing)
|raw|PatmonVGC's rating: 1266 → 1289(+23 for winning)
