|j|☆juaquiness
|j|☆chocokoala vgc
|html|juaquinesschocokoala vgc    
|uhtml|bestof|Game 1 of a best-of-3
|t:|1784811312
|gametype|doubles
|player|p1|juaquiness|266|1136
|player|p2|chocokoala vgc|benga|1222
|gen|9
|tier|[Gen 9 Champions] VGC 2026 Reg M-B (Bo3)
|rated|
|rule|Species Clause: Limit one of each Pokémon
|rule|Item Clause: Limit 1 of each item
|clearpoke
|poke|p1|Floette-Eternal, L50, F|
|poke|p1|Aerodactyl, L50, F|
|poke|p1|Incineroar, L50, M|
|poke|p1|Sinistcha-Masterpiece, L50|
|poke|p1|Basculegion, L50, M|
|poke|p1|Kingambit, L50, F|
|poke|p2|Scovillain, L50, F|
|poke|p2|Primarina, L50, M|
|poke|p2|Aerodactyl, L50, F|
|poke|p2|Garchomp, L50, M|
|poke|p2|Gholdengo, L50|
|poke|p2|Grimmsnarl, L50, M|
|teampreview|4
|showteam|p1|Floette-Eternal||Floettite|FlowerVeil|Protect,CalmMind,Moonblast,DazzlingGleam|Timid||F|||50|]Aerodactyl||Aerodactylite|RockHead|Tailwind,RockSlide,DualWingbeat,IceFang|Jolly||F|||50|]Incineroar||SitrusBerry|Intimidate|FakeOut,PartingShot,FlareBlitz,ThroatChop|Careful||M|||50|]Sinistcha-Masterpiece||ColburBerry|Hospitality|TrickRoom,MatchaGotcha,LifeDew,RagePowder|Bold|||||50|]Basculegion||ChoiceScarf|Adaptability|LastRespects,AquaJet,FlipTurn,WaveCrash|Jolly||M|||50|]Kingambit||FocusSash|Defiant|SuckerPunch,KowtowCleave,LowKick,IronHead|Adamant||F|||50|
|showteam|p2|Scovillain||Scovillainite|Moody|Flamethrower,GigaDrain,Protect,RagePowder|Bold||F|||50|]Primarina||Leftovers|LiquidVoice|HyperVoice,Moonblast,Protect,CalmMind|Modest||M|||50|]Aerodactyl||Aerodactylite|Unnerve|RockSlide,DualWingbeat,Protect,Tailwind|Jolly||F|||50|]Garchomp||SoftSand|RoughSkin|Earthquake,StompingTantrum,Protect,DragonClaw|Jolly||M|||50|]Gholdengo||LifeOrb|GoodasGold|MakeItRain,ShadowBall,Protect,NastyPlot|Modest|||||50|]Grimmsnarl||LightClay|Prankster|LightScreen,Reflect,FakeOut,FoulPlay|Sassy||M|||50|
|inactive|Battle timer is ON: inactive players will automatically lose when time's up. (requested by chocokoala vgc)
|inactive|juaquiness has 60 seconds left.
|inactive|chocokoala vgc has 60 seconds left.
|
|t:|1784811374
|teamsize|p1|4
|teamsize|p2|4
|start
|switch|p1a: Aerodactyl|Aerodactyl, L50, F|100/100
|switch|p1b: Floette|Floette-Eternal, L50, F|100/100
|switch|p2a: Grimmsnarl|Grimmsnarl, L50, M|100/100
|switch|p2b: Gholdengo|Gholdengo, L50|100/100
|turn|1
|
|t:|1784811385
|switch|p1b: Kingambit|Kingambit, L50, F|100/100
|move|p2a: Grimmsnarl|Fake Out|p1b: Kingambit
|-resisted|p1b: Kingambit|1
|-damage|p1b: Kingambit|94/100
|move|p1a: Aerodactyl|Tailwind|p1a: Aerodactyl
|-sidestart|p1: juaquiness|move: Tailwind
|move|p2b: Gholdengo|Nasty Plot|p2b: Gholdengo
|-boost|p2b: Gholdengo|spa|2
|
|upkeep
|turn|2
|
|t:|1784811400
|switch|p2a: Scovillain|Scovillain, L50, F|100/100
|move|p2b: Gholdengo|Protect|p2b: Gholdengo
|-singleturn|p2b: Gholdengo|Protect
|move|p1a: Aerodactyl|Rock Slide|p2a: Scovillain|[spread] p2a
|-activate|p2b: Gholdengo|move: Protect
|-supereffective|p2a: Scovillain|1
|-damage|p2a: Scovillain|47/100
|move|p1b: Kingambit|Kowtow Cleave|p2b: Gholdengo
|-activate|p2b: Gholdengo|move: Protect
|
|-ability|p2a: Scovillain|Moody|boost
|-boost|p2a: Scovillain|spe|2
|-unboost|p2a: Scovillain|spd|1
|upkeep
|turn|3
|
|t:|1784811424
|switch|p1b: Basculegion|Basculegion, L50, M|100/100
|detailschange|p2a: Scovillain|Scovillain-Mega, L50, F
|-mega|p2a: Scovillain|Scovillain|Scovillainite
|move|p2a: Scovillain|Rage Powder|p2a: Scovillain
|-singleturn|p2a: Scovillain|move: Rage Powder
|move|p1a: Aerodactyl|Dual Wingbeat|p2a: Scovillain
|-supereffective|p2a: Scovillain|1
|-damage|p2a: Scovillain|15/100
|-status|p1a: Aerodactyl|brn|[from] ability: Spicy Spray|[of] p2a: Scovillain
|-supereffective|p2a: Scovillain|1
|-damage|p2a: Scovillain|0 fnt
|faint|p2a: Scovillain
|-hitcount|p2: Scovillain|2
|move|p2b: Gholdengo|Shadow Ball|p1a: Aerodactyl
|-damage|p1a: Aerodactyl|0 fnt
|faint|p1a: Aerodactyl
|-damage|p2b: Gholdengo|90/100|[from] item: Life Orb
|
|upkeep
|
|t:|1784811439
|switch|p1a: Kingambit|Kingambit, L50, F|94/100
|switch|p2a: Grimmsnarl|Grimmsnarl, L50, M|100/100
|turn|4
|
|t:|1784811451
|move|p2b: Gholdengo|Protect|p2b: Gholdengo
|-singleturn|p2b: Gholdengo|Protect
|move|p1b: Basculegion|Last Respects|p2b: Gholdengo
|-activate|p2b: Gholdengo|move: Protect
|move|p1a: Kingambit|Iron Head|p2a: Grimmsnarl
|-supereffective|p2a: Grimmsnarl|1
|-damage|p2a: Grimmsnarl|9/100
|move|p2a: Grimmsnarl|Foul Play|p1b: Basculegion
|-supereffective|p1b: Basculegion|1
|-damage|p1b: Basculegion|10/100
|
|-sideend|p1: juaquiness|move: Tailwind
|upkeep
|turn|5
|
|t:|1784811474
|switch|p2b: Garchomp|Garchomp, L50, M|100/100
|move|p1a: Kingambit|Sucker Punch||[still]
|-fail|p1a: Kingambit
|move|p2a: Grimmsnarl|Reflect|p2a: Grimmsnarl
|-sidestart|p2: chocokoala vgc|Reflect
|move|p1b: Basculegion|Last Respects|p2a: Grimmsnarl
|-resisted|p2a: Grimmsnarl|1
|-damage|p2a: Grimmsnarl|0 fnt
|faint|p2a: Grimmsnarl
|
|upkeep
|
|t:|1784811484
|switch|p2a: Gholdengo|Gholdengo, L50|90/100
|turn|6
|
|t:|1784811492
|move|p2a: Gholdengo|Protect|p2a: Gholdengo
|-singleturn|p2a: Gholdengo|Protect
|move|p1a: Kingambit|Sucker Punch|p2b: Garchomp
|-damage|p2b: Garchomp|74/100
|-damage|p1a: Kingambit|82/100|[from] ability: Rough Skin|[of] p2b: Garchomp
|move|p1b: Basculegion|Last Respects|p2b: Garchomp
|-damage|p2b: Garchomp|35/100
|move|p2b: Garchomp|Earthquake|p1a: Kingambit|[spread] p1a,p1b
|-activate|p2a: Gholdengo|move: Protect
|-supereffective|p1a: Kingambit|1
|-damage|p1a: Kingambit|0 fnt
|-damage|p1b: Basculegion|0 fnt
|faint|p1a: Kingambit
|faint|p1b: Basculegion
|
|upkeep
|
|t:|1784811495
|switch|p1b: Floette|Floette-Eternal, L50, F|100/100
|turn|7
|
|t:|1784811507
|detailschange|p1b: Floette|Floette-Mega, L50, F
|-mega|p1b: Floette|Floette|Floettite
|-ability|p1b: Floette|Fairy Aura
|move|p2b: Garchomp|Stomping Tantrum|p1b: Floette
|-damage|p1b: Floette|52/100
|move|p1b: Floette|Dazzling Gleam|p2a: Gholdengo|[spread] p2a,p2b
|-resisted|p2a: Gholdengo|1
|-supereffective|p2b: Garchomp|1
|-damage|p2a: Gholdengo|67/100
|-damage|p2b: Garchomp|0 fnt
|faint|p2b: Garchomp
|move|p2a: Gholdengo|Make It Rain|p1b: Floette
|-supereffective|p1b: Floette|1
|-damage|p1b: Floette|0 fnt
|-unboost|p2a: Gholdengo|spa|2
|faint|p1b: Floette
|-damage|p2a: Gholdengo|57/100|[from] item: Life Orb
|
|win|chocokoala vgc
