|j|☆Billie Eiscue
|j|☆bancomat 2
|html|Billie Eiscuebancomat 2    
|uhtml|bestof|Game 2 of a best-of-3
|t:|1783342634
|gametype|doubles
|player|p1|Billie Eiscue|lebanne|1174
|player|p2|bancomat 2|volkner|1120
|gen|9
|tier|[Gen 9 Champions] VGC 2026 Reg M-B (Bo3)
|rated|
|rule|Species Clause: Limit one of each Pokémon
|rule|Item Clause: Limit 1 of each item
|clearpoke
|poke|p1|Tyranitar, L50, M|
|poke|p1|Whimsicott, L50, M|
|poke|p1|Excadrill, L50, F|
|poke|p1|Kommo-o, L50, M|
|poke|p1|Venusaur, L50, M|
|poke|p1|Basculegion, L50, M|
|poke|p2|Charizard, L50, M, shiny|
|poke|p2|Aerodactyl, L50, M|
|poke|p2|Garchomp, L50, M|
|poke|p2|Sylveon, L50, M|
|poke|p2|Kingambit, L50, M|
|poke|p2|Basculegion, L50, M|
|teampreview|4
|showteam|p1|Tyranitar||Tyranitarite|SandStream|RockSlide,KnockOff,IcePunch,Protect|Adamant||M|||50|]Whimsicott||MentalHerb|Prankster|Moonblast,Tailwind,FakeTears,Protect|Bold||M|||50|]Excadrill||FocusSash|SandRush|HighHorsepower,IronHead,RockTomb,Protect|Adamant||F|||50|]Kommo-o||LifeOrb|Overcoat|ClangingScales,AuraSphere,FlashCannon,Protect|Modest||M|||50|]Venusaur||Venusaurite|Chlorophyll|EnergyBall,SludgeBomb,EarthPower,Protect|Modest||M|||50|]Basculegion||ChoiceScarf|Adaptability|WaveCrash,LastRespects,AquaJet,FlipTurn|Adamant||M|||50|
|showteam|p2|Charizard||CharizarditeY|Blaze|HeatWave,WeatherBall,SolarBeam,Protect|Modest||M|||50|]Aerodactyl||Aerodactylite|Unnerve|RockSlide,DualWingbeat,Tailwind,IceFang|Jolly||M|||50|]Garchomp||LifeOrb|RoughSkin|DragonClaw,Earthquake,RockTomb,Protect|Jolly||M|||50|]Sylveon||FairyFeather|Pixilate|HyperVoice,HyperBeam,QuickAttack,Detect|Modest||M|||50|]Kingambit||FocusSash|Defiant|KowtowCleave,SuckerPunch,IronHead,LowKick|Adamant||M|||50|]Basculegion||ChoiceScarf|Adaptability|WaveCrash,AquaJet,LastRespects,FlipTurn|Jolly||M|||50|
|
|t:|1783342668
|teamsize|p1|4
|teamsize|p2|4
|start
|switch|p1a: fishing with you|Basculegion, L50, M|100/100
|switch|p1b: Bounce Man|Whimsicott, L50, M|100/100
|switch|p2a: Kingambit|Kingambit, L50, M|100/100
|switch|p2b: Basculegion|Basculegion, L50, M|100/100
|turn|1
|
|t:|1783342675
|move|p1a: fishing with you|Aqua Jet|p2a: Kingambit
|-damage|p2a: Kingambit|79/100
|move|p2a: Kingambit|Sucker Punch||[still]
|-fail|p2a: Kingambit
|move|p2b: Basculegion|Flip Turn|p1a: fishing with you
|-resisted|p1a: fishing with you|1
|-damage|p1a: fishing with you|80/100
|
|t:|1783342683
|switch|p2b: Aerodactyl|Aerodactyl, L50, M|100/100|[from] Flip Turn
|-ability|p2b: Aerodactyl|Unnerve
|move|p1b: Bounce Man|Moonblast|p2a: Kingambit
|-damage|p2a: Kingambit|46/100
|
|upkeep
|turn|2
|
|t:|1783342692
|switch|p2a: Basculegion|Basculegion, L50, M|100/100
|detailschange|p2b: Aerodactyl|Aerodactyl-Mega, L50, M
|-mega|p2b: Aerodactyl|Aerodactyl|Aerodactylite
|move|p1a: fishing with you|Aqua Jet|p2b: Aerodactyl
|-supereffective|p2b: Aerodactyl|1
|-crit|p2b: Aerodactyl
|-damage|p2b: Aerodactyl|11/100
|move|p1b: Bounce Man|Tailwind|p1b: Bounce Man
|-sidestart|p1: Billie Eiscue|move: Tailwind
|move|p2b: Aerodactyl|Dual Wingbeat|p1b: Bounce Man
|-supereffective|p1b: Bounce Man|1
|-damage|p1b: Bounce Man|49/100
|-supereffective|p1b: Bounce Man|1
|-damage|p1b: Bounce Man|0 fnt
|faint|p1b: Bounce Man
|-hitcount|p1: Bounce Man|2
|
|upkeep
|
|t:|1783342702
|switch|p1b: my way|Tyranitar, L50, M|100/100
|-weather|Sandstorm|[from] ability: Sand Stream|[of] p1b: my way
|turn|3
|
|t:|1783342716
|switch|p2b: Garchomp|Garchomp, L50, M|100/100
|switch|p2a: Kingambit|Kingambit, L50, M|46/100
|detailschange|p1b: my way|Tyranitar-Mega, L50, M
|-mega|p1b: my way|Tyranitar|Tyranitarite
|move|p1a: fishing with you|Aqua Jet|p2b: Garchomp
|-damage|p2b: Garchomp|75/100
|-damage|p1a: fishing with you|67/100|[from] ability: Rough Skin|[of] p2b: Garchomp
|move|p1b: my way|Knock Off|p2a: Kingambit
|-resisted|p2a: Kingambit|1
|-damage|p2a: Kingambit|19/100
|-enditem|p2a: Kingambit|Focus Sash|[from] move: Knock Off|[of] p1b: my way
|
|-weather|Sandstorm|[upkeep]
|-damage|p1a: fishing with you|61/100|[from] Sandstorm
|upkeep
|turn|4
|
|t:|1783342730
|move|p2b: Garchomp|Protect|p2b: Garchomp
|-singleturn|p2b: Garchomp|Protect
|move|p1a: fishing with you|Aqua Jet|p2a: Kingambit
|-damage|p2a: Kingambit|0 fnt
|faint|p2a: Kingambit
|move|p1b: my way|Ice Punch|p2b: Garchomp
|-activate|p2b: Garchomp|move: Protect
|
|-weather|Sandstorm|[upkeep]
|-damage|p1a: fishing with you|55/100|[from] Sandstorm
|upkeep
|
|t:|1783342744
|switch|p2a: Aerodactyl|Aerodactyl-Mega, L50, M|11/100
|turn|5
|
|t:|1783342756
|switch|p2b: Basculegion|Basculegion, L50, M|100/100
|move|p1a: fishing with you|Aqua Jet|p2b: Basculegion
|-resisted|p2b: Basculegion|1
|-damage|p2b: Basculegion|84/100
|move|p1b: my way|Knock Off|p2b: Basculegion
|-supereffective|p2b: Basculegion|1
|-damage|p2b: Basculegion|0 fnt
|-enditem|p2b: Basculegion|Choice Scarf|[from] move: Knock Off|[of] p1b: my way
|faint|p2b: Basculegion
|move|p2a: Aerodactyl|Tailwind|p2a: Aerodactyl
|-sidestart|p2: bancomat 2|move: Tailwind
|
|-weather|Sandstorm|[upkeep]
|-damage|p1a: fishing with you|49/100|[from] Sandstorm
|-sideend|p1: Billie Eiscue|move: Tailwind
|upkeep
|
|t:|1783342765
|switch|p2b: Garchomp|Garchomp, L50, M|75/100
|turn|6
|
|t:|1783342771
|move|p1a: fishing with you|Aqua Jet|p2a: Aerodactyl
|-supereffective|p2a: Aerodactyl|1
|-damage|p2a: Aerodactyl|0 fnt
|faint|p2a: Aerodactyl
|move|p2b: Garchomp|Earthquake|p1b: my way|[spread] p1a,p1b
|-supereffective|p1b: my way|1
|-damage|p1a: fishing with you|0 fnt
|-damage|p1b: my way|30/100
|faint|p1a: fishing with you
|-damage|p2b: Garchomp|65/100|[from] item: Life Orb
|move|p1b: my way|Ice Punch|p2b: Garchomp
|-supereffective|p2b: Garchomp|2
|-damage|p2b: Garchomp|0 fnt
|-damage|p1b: my way|18/100|[from] ability: Rough Skin|[of] p2b: Garchomp
|faint|p2b: Garchomp
|
|win|Billie Eiscue
|raw|Billie Eiscue's rating: 1174 → 1195(+21 for winning)
|raw|bancomat 2's rating: 1120 → 1099(-21 for losing)
