|j|☆CRISP WHITE SHEETS
|j|☆grendel zolga
|html|CRISP WHITE SHEETSgrendel zolga    
|uhtml|bestof|Game 3 of a best-of-3
|t:|1756818666
|gametype|doubles
|player|p1|CRISP WHITE SHEETS|ghetsis|1133
|player|p2|grendel zolga|clay|1208
|gen|9
|tier|[Gen 9] VGC 2025 Reg H (Bo3)
|rated|
|rule|Species Clause: Limit one of each Pokémon
|rule|Item Clause: Limit 1 of each item
|clearpoke
|poke|p1|Exeggutor, L50, F|
|poke|p1|Indeedee-F, L50, F|
|poke|p1|Avalugg, L50, F|
|poke|p1|Torkoal, L50, F|
|poke|p1|Sneasler, L50, M|
|poke|p1|Typhlosion-Hisui, L50, M|
|poke|p2|Gyarados, L50, M|
|poke|p2|Indeedee, L50, M|
|poke|p2|Sneasler, L50, M|
|poke|p2|Tyranitar, L50, M|
|poke|p2|Ursaluna-Bloodmoon, L50, M|
|poke|p2|Volcarona, L50, F|
|teampreview|4
|showteam|p1|Exeggutor||FocusSash|Chlorophyll|ExpandingForce,EnergyBall,TrickRoom,Protect|||F|||50|,,,,,Psychic]Indeedee-F||SafetyGoggles|PsychicSurge|FollowMe,HelpingHand,TrickRoom,DazzlingGleam|||F|||50|,,,,,Fairy]Avalugg||LoadedDice|Sturdy|IcicleSpear,BodyPress,WideGuard,Protect|||F|||50|,,,,,Fighting]Torkoal||Charcoal|Drought|Eruption,EarthPower,HelpingHand,Protect|||F|||50|,,,,,Fire]Sneasler||PsychicSeed|Unburden|DireClaw,CloseCombat,ThroatChop,Protect|||M|||50|,,,,,Dark]Typhlosion-Hisui||ChoiceScarf|Frisk|Eruption,HeatWave,ShadowBall,Extrasensory|||M|||50|,,,,,Fire
|showteam|p2|Gyarados||SafetyGoggles|Intimidate|Taunt,ThunderWave,Waterfall,Protect|||M|||50|,,,,,Steel]Indeedee||ChoiceScarf|PsychicSurge|ExpandingForce,TeraBlast,Trick,Protect|||M|||50|,,,,,Psychic]Sneasler||PsychicSeed|Unburden|CloseCombat,DireClaw,ThroatChop,Protect|||M|||50|,,,,,Dark]Tyranitar||AssaultVest|SandStream|LowKick,TeraBlast,KnockOff,RockSlide|||M|||50|,,,,,Flying]Ursaluna-Bloodmoon||LifeOrb|MindsEye|HyperVoice,BloodMoon,EarthPower,Protect|||M|||50|,,,,,Normal]Volcarona||SitrusBerry|FlameBody|Overheat,StruggleBug,RagePowder,Tailwind|||F|||50|,,,,,Grass
|
|t:|1756818693
|teamsize|p1|4
|teamsize|p2|4
|start
|switch|p1a: Anakin|Exeggutor, L50, F|100/100
|switch|p1b: Belle|Indeedee-F, L50, F|100/100
|switch|p2a: Tsukuyomi|Ursaluna-Bloodmoon, L50, M|100/100
|switch|p2b: Pythia|Indeedee, L50, M|100/100
|-fieldstart|move: Psychic Terrain|[from] ability: Psychic Surge|[of] p2b: Pythia
|turn|1
|
|t:|1756818710
|-terastallize|p1a: Anakin|Psychic
|-terastallize|p2a: Tsukuyomi|Normal
|move|p1b: Belle|Helping Hand|p1a: Anakin
|-singleturn|p1a: Anakin|Helping Hand|[of] p1b: Belle
|move|p2b: Pythia|Expanding Force|p1a: Anakin|[spread] p1a,p1b
|-resisted|p1a: Anakin
|-resisted|p1b: Belle
|-damage|p1a: Anakin|60/100
|-damage|p1b: Belle|78/100
|move|p1a: Anakin|Expanding Force|p2b: Pythia|[spread] p2a,p2b
|-resisted|p2b: Pythia
|-damage|p2a: Tsukuyomi|0 fnt
|-damage|p2b: Pythia|7/100
|faint|p2a: Tsukuyomi
|
|upkeep
|
|t:|1756818725
|switch|p2a: Sirocco|Tyranitar, L50, M|100/100
|-weather|Sandstorm|[from] ability: Sand Stream|[of] p2a: Sirocco
|turn|2
|
|t:|1756818745
|move|p2b: Pythia|Expanding Force|p1b: Belle|[spread] p1a,p1b
|-resisted|p1a: Anakin
|-resisted|p1b: Belle
|-damage|p1a: Anakin|24/100
|-damage|p1b: Belle|55/100
|move|p1a: Anakin|Expanding Force|p2b: Pythia|[spread] p2b
|-immune|p2a: Sirocco
|-resisted|p2b: Pythia
|-damage|p2b: Pythia|0 fnt
|faint|p2b: Pythia
|move|p2a: Sirocco|Knock Off|p1b: Belle
|-supereffective|p1b: Belle
|-damage|p1b: Belle|0 fnt
|-enditem|p1b: Belle|Safety Goggles|[from] move: Knock Off|[of] p2a: Sirocco
|faint|p1b: Belle
|
|-weather|Sandstorm|[upkeep]
|-damage|p1a: Anakin|19/100|[from] Sandstorm
|upkeep
|
|t:|1756818755
|switch|p2b: Pestilence|Sneasler, L50, M|100/100
|switch|p1b: Nimitz|Avalugg, L50, F|100/100
|-enditem|p2b: Pestilence|Psychic Seed
|-boost|p2b: Pestilence|spd|1|[from] item: Psychic Seed
|turn|3
|
|t:|1756818776
|move|p2b: Pestilence|Throat Chop|p1a: Anakin
|-supereffective|p1a: Anakin
|-damage|p1a: Anakin|0 fnt
|faint|p1a: Anakin
|move|p2a: Sirocco|Low Kick|p1b: Nimitz
|-supereffective|p1b: Nimitz
|-damage|p1b: Nimitz|56/100
|move|p1b: Nimitz|Body Press|p2a: Sirocco
|-supereffective|p2a: Sirocco
|-damage|p2a: Sirocco|0 fnt
|faint|p2a: Sirocco
|
|-weather|Sandstorm|[upkeep]
|-damage|p2b: Pestilence|95/100|[from] Sandstorm
|-damage|p1b: Nimitz|50/100|[from] Sandstorm
|upkeep
|
|t:|1756818780
|switch|p1a: Shellshocker|Torkoal, L50, F|100/100
|-weather|SunnyDay|[from] ability: Drought|[of] p1a: Shellshocker
|turn|4
|
|t:|1756818793
|move|p2b: Pestilence|Dire Claw|p1a: Shellshocker
|-damage|p1a: Shellshocker|63/100
|-status|p1a: Shellshocker|par
|move|p1b: Nimitz|Icicle Spear|p2b: Pestilence
|-damage|p2b: Pestilence|75/100
|-damage|p2b: Pestilence|56/100
|-damage|p2b: Pestilence|34/100
|-crit|p2b: Pestilence
|-damage|p2b: Pestilence|3/100
|-hitcount|p2b: Pestilence|4
|cant|p1a: Shellshocker|par
|
|-weather|SunnyDay|[upkeep]
|upkeep
|turn|5
|
|t:|1756818801
|move|p2b: Pestilence|Close Combat|p1b: Nimitz
|-supereffective|p1b: Nimitz
|-damage|p1b: Nimitz|0 fnt
|-unboost|p2b: Pestilence|def|1
|-unboost|p2b: Pestilence|spd|1
|faint|p1b: Nimitz
|move|p1a: Shellshocker|Eruption|p2b: Pestilence
|-damage|p2b: Pestilence|0 fnt
|faint|p2b: Pestilence
|
|win|CRISP WHITE SHEETS
|raw|CRISP WHITE SHEETS's rating: 1133 → 1163(+30 for winning)
|raw|grendel zolga's rating: 1208 → 1178(-30 for losing)
