|j|☆littlepotato13
|j|☆Dirtbikekevvgc
|html|littlepotato13Dirtbikekevvgc    
|uhtml|bestof|Game 1 of a best-of-3
|t:|1757638293
|gametype|doubles
|player|p1|littlepotato13|101|1269
|player|p2|Dirtbikekevvgc|102|1125
|gen|9
|tier|[Gen 9] VGC 2025 Reg H (Bo3)
|rated|
|rule|Species Clause: Limit one of each Pokémon
|rule|Item Clause: Limit 1 of each item
|clearpoke
|poke|p1|Baxcalibur, L50, M|
|poke|p1|Sneasler, L50, F|
|poke|p1|Kingambit, L50, M|
|poke|p1|Electabuzz, L50, M|
|poke|p1|Volcarona, L50, F|
|poke|p1|Rillaboom, L50, M|
|poke|p2|Annihilape, L50, M|
|poke|p2|Corviknight, L50, F|
|poke|p2|Tyranitar, L50, M|
|poke|p2|Excadrill, L50, M|
|poke|p2|Indeedee, L50, M|
|poke|p2|Sneasler, L50, F|
|teampreview|4
|showteam|p1|Baxcalibur||LoadedDice|ThermalExchange|IceShard,IcicleSpear,ScaleShot,Protect|||M|||50|,,,,,Ghost]Sneasler||FocusSash|Unburden|DireClaw,CloseCombat,Protect,FakeOut|||F|||50|,,,,,Ghost]Kingambit||AssaultVest|Defiant|KowtowCleave,SuckerPunch,IronHead,TeraBlast|||M|||50|,,,,,Flying]Electabuzz||Eviolite|VitalSpirit|Thunderbolt,Taunt,Protect,FollowMe|||M|||50|,,,,,Flying]Volcarona||Leftovers|FlameBody|HeatWave,GigaDrain,QuiverDance,Protect|||F|||50|,,,,,Grass]Rillaboom||MiracleSeed|GrassySurge|FakeOut,GrassyGlide,WoodHammer,HighHorsepower|||M|||50|,,,,,Fire
|showteam|p2|Annihilape||SafetyGoggles|Defiant|Taunt,FinalGambit,CloseCombat,RageFist|||M|||50|,,,,,Fire]Corviknight||Leftovers|MirrorArmor|BraveBird,BulkUp,Roost,Tailwind|||F|||50|,,,,,Dragon]Tyranitar||AssaultVest|SandStream|TeraBlast,LowKick,KnockOff,RockSlide|||M|||50|,,,,,Flying]Excadrill||FocusSash|SandRush|IronHead,Earthquake,HighHorsepower,Protect|||M|||50|,,,,,Stellar]Indeedee||ChoiceScarf|PsychicSurge|ExpandingForce,TeraBlast,Trick,Protect|||M|||50|,,,,,Psychic]Sneasler||PsychicSeed|Unburden|ThroatChop,CloseCombat,DireClaw,Protect|||F|||50|,,,,,Dark
|inactive|Battle timer is ON: inactive players will automatically lose when time's up. (requested by littlepotato13)
|
|t:|1757638323
|teamsize|p1|4
|teamsize|p2|4
|start
|switch|p1a: Baxcalibur|Baxcalibur, L50, M|100/100
|switch|p1b: Electabuzz|Electabuzz, L50, M|100/100
|switch|p2a: Tyranitar|Tyranitar, L50, M|100/100
|switch|p2b: Excadrill|Excadrill, L50, M|100/100
|-weather|Sandstorm|[from] ability: Sand Stream|[of] p2a: Tyranitar
|turn|1
|inactive|littlepotato13 has 30 seconds left.
|
|t:|1757638349
|move|p1b: Electabuzz|Follow Me|p1b: Electabuzz
|-singleturn|p1b: Electabuzz|move: Follow Me
|move|p2b: Excadrill|Iron Head|p1b: Electabuzz
|-resisted|p1b: Electabuzz
|-damage|p1b: Electabuzz|83/100
|move|p1a: Baxcalibur|Scale Shot|p2b: Excadrill
|-resisted|p2b: Excadrill
|-damage|p2b: Excadrill|90/100
|-resisted|p2b: Excadrill
|-damage|p2b: Excadrill|79/100
|-resisted|p2b: Excadrill
|-damage|p2b: Excadrill|68/100
|-resisted|p2b: Excadrill
|-damage|p2b: Excadrill|56/100
|-hitcount|p2b: Excadrill|4
|-unboost|p1a: Baxcalibur|def|1
|-boost|p1a: Baxcalibur|spe|1
|move|p2a: Tyranitar|Rock Slide|p1a: Baxcalibur|[spread] p1a,p1b
|-supereffective|p1a: Baxcalibur
|-damage|p1a: Baxcalibur|18/100
|-damage|p1b: Electabuzz|60/100
|
|-weather|Sandstorm|[upkeep]
|-damage|p1a: Baxcalibur|12/100|[from] Sandstorm
|-damage|p1b: Electabuzz|54/100|[from] Sandstorm
|upkeep
|turn|2
|
|t:|1757638370
|-terastallize|p2a: Tyranitar|Flying
|move|p1b: Electabuzz|Follow Me|p1b: Electabuzz
|-singleturn|p1b: Electabuzz|move: Follow Me
|move|p2b: Excadrill|Earthquake|p1a: Baxcalibur|[spread] p1a,p1b
|-immune|p2a: Tyranitar
|-supereffective|p1b: Electabuzz
|-damage|p1a: Baxcalibur|0 fnt
|-damage|p1b: Electabuzz|0 fnt
|faint|p1a: Baxcalibur
|faint|p1b: Electabuzz
|move|p2a: Tyranitar|Rock Slide|p1: Baxcalibur|[notarget]
|-fail|p2a: Tyranitar
|
|-weather|Sandstorm|[upkeep]
|-damage|p2a: Tyranitar|94/100|[from] Sandstorm
|upkeep
|
|t:|1757638376
|switch|p1a: Kingambit|Kingambit, L50, M|100/100
|switch|p1b: Rillaboom|Rillaboom, L50, M|100/100
|-fieldstart|move: Grassy Terrain|[from] ability: Grassy Surge|[of] p1b: Rillaboom
|turn|3
|inactive|Dirtbikekevvgc has 30 seconds left.
|
|t:|1757638403
|-terastallize|p1a: Kingambit|Flying
|move|p1b: Rillaboom|Fake Out|p2a: Tyranitar
|-damage|p2a: Tyranitar|82/100
|move|p2b: Excadrill|Iron Head|p1b: Rillaboom
|-damage|p1b: Rillaboom|55/100
|cant|p2a: Tyranitar|flinch
|move|p1a: Kingambit|Kowtow Cleave|p2b: Excadrill
|-damage|p2b: Excadrill|0 fnt
|faint|p2b: Excadrill
|
|-weather|Sandstorm|[upkeep]
|-damage|p1b: Rillaboom|48/100|[from] Sandstorm
|-damage|p2a: Tyranitar|76/100|[from] Sandstorm
|-damage|p1a: Kingambit|94/100|[from] Sandstorm
|-heal|p1b: Rillaboom|55/100|[from] Grassy Terrain
|upkeep
|
|t:|1757638418
|switch|p2b: Indeedee|Indeedee, L50, M|100/100
|-fieldstart|move: Psychic Terrain|[from] ability: Psychic Surge|[of] p2b: Indeedee
|turn|4
|
|t:|1757638430
|move|p2b: Indeedee|Expanding Force|p1b: Rillaboom|[spread] p1a,p1b
|-damage|p1a: Kingambit|55/100
|-damage|p1b: Rillaboom|0 fnt
|faint|p1b: Rillaboom
|move|p2a: Tyranitar|Tera Blast|p1a: Kingambit|[anim] Tera Blast Flying
|-damage|p1a: Kingambit|24/100
|move|p1a: Kingambit|Kowtow Cleave|p2a: Tyranitar
|-damage|p2a: Tyranitar|32/100
|
|-weather|Sandstorm|[upkeep]
|-damage|p2b: Indeedee|95/100|[from] Sandstorm
|-damage|p2a: Tyranitar|26/100|[from] Sandstorm
|-damage|p1a: Kingambit|18/100|[from] Sandstorm
|upkeep
|turn|5
|-message|littlepotato13 forfeited.
|
|win|Dirtbikekevvgc
|l|☆littlepotato13
|player|p1|
||littlepotato13 is ready for game 2.
||Dirtbikekevvgc is ready for game 2.
|uhtml|next|Next: Game 2 of 3
