|j|☆ucsghhjfjdy
|j|☆ToastedArt
|html|ucsghhjfjdyToastedArt    
|uhtml|bestof|Game 2 of a best-of-3
|t:|1784561899
|gametype|doubles
|player|p1|ucsghhjfjdy|266|1150
|player|p2|ToastedArt|iris|1080
|gen|9
|tier|[Gen 9 Champions] VGC 2026 Reg M-B (Bo3)
|rated|
|rule|Species Clause: Limit one of each Pokémon
|rule|Item Clause: Limit 1 of each item
|clearpoke
|poke|p1|Aerodactyl, L50, M|
|poke|p1|Charizard, L50, F|
|poke|p1|Kingambit, L50, M|
|poke|p1|Farigiraf, L50, M|
|poke|p1|Sylveon, L50, F|
|poke|p1|Garchomp, L50, F|
|poke|p2|Falinks, L50, shiny|
|poke|p2|Incineroar, L50, M|
|poke|p2|Basculegion, L50, M|
|poke|p2|Sneasler, L50, F|
|poke|p2|Vanilluxe, L50, M, shiny|
|poke|p2|Dragonite, L50, F|
|teampreview|4
|showteam|p1|Aerodactyl||Aerodactylite|Unnerve|RockSlide,Tailwind,IceFang,DualWingbeat|Jolly||M|||50|]Charizard||CharizarditeY|Blaze|HeatWave,Protect,WeatherBall,SolarBeam|Modest||F|||50|]Kingambit||FocusSash|Defiant|KowtowCleave,SuckerPunch,IronHead,LowKick|Adamant||M|||50|]Farigiraf||SitrusBerry|ArmorTail|TrickRoom,PsychicFangs,Thunderbolt,SunnyDay|Relaxed||M|||50|]Sylveon||FairyFeather|Pixilate|HyperVoice,HyperBeam,QuickAttack,Protect|Modest||F|||50|]Garchomp||LifeOrb|RoughSkin|Earthquake,StompingTantrum,DragonClaw,Protect|Jolly||F|||50|
|showteam|p2|Falinks||Falinksite|Defiant|NoRetreat,CloseCombat,RockSlide,Protect|Adamant|||||50|]Incineroar||PasshoBerry|Intimidate|FlareBlitz,ThroatChop,FakeOut,PartingShot|Impish||M|||50|]Basculegion||SitrusBerry|Adaptability|WaveCrash,LastRespects,AquaJet,Protect|Adamant||M|||50|]Sneasler||FocusSash|PoisonTouch|PoisonJab,CloseCombat,FakeOut,Coaching|Jolly||F|||50|]Vanilluxe||ChoiceScarf|SnowWarning|Blizzard,FreezeDry,IcyWind,SheerCold|Modest||M|||50|]Dragonite||LifeOrb|InnerFocus|DragonClaw,ExtremeSpeed,ThunderPunch,Tailwind|Adamant||F|||50|
|inactive|Battle timer is ON: inactive players will automatically lose when time's up. (requested by ToastedArt)
|inactive|ToastedArt has 60 seconds left.
|
|t:|1784561944
|teamsize|p1|4
|teamsize|p2|4
|start
|switch|p1a: Aerodactyl|Aerodactyl, L50, M|100/100
|switch|p1b: Sylveon|Sylveon, L50, F|100/100
|switch|p2a: Dragonite|Dragonite, L50, F|100/100
|switch|p2b: Sneasler|Sneasler, L50, F|100/100
|-ability|p1a: Aerodactyl|Unnerve
|turn|1
|inactive|ToastedArt has 30 seconds left.
|inactive|ToastedArt has 20 seconds left.
|
|t:|1784561984
|detailschange|p1a: Aerodactyl|Aerodactyl-Mega, L50, M
|-mega|p1a: Aerodactyl|Aerodactyl|Aerodactylite
|move|p1a: Aerodactyl|Dual Wingbeat|p2b: Sneasler|[miss]
|-miss|p1a: Aerodactyl|p2b: Sneasler
|move|p2b: Sneasler|Poison Jab|p1b: Sylveon
|-supereffective|p1b: Sylveon|1
|-damage|p1b: Sylveon|5/100
|move|p2a: Dragonite|Thunder Punch|p1a: Aerodactyl
|-supereffective|p1a: Aerodactyl|1
|-damage|p1a: Aerodactyl|9/100
|-status|p1a: Aerodactyl|par
|-damage|p2a: Dragonite|90/100|[from] item: Life Orb
|move|p1b: Sylveon|Hyper Voice|p2a: Dragonite|[spread] p2a,p2b
|-supereffective|p2a: Dragonite|1
|-damage|p2a: Dragonite|0 fnt
|-damage|p2b: Sneasler|33/100
|faint|p2a: Dragonite
|
|upkeep
|
|t:|1784561994
|switch|p2a: Falinks|Falinks, L50, shiny|100/100
|turn|2
|
|t:|1784562018
|detailschange|p2a: Falinks|Falinks-Mega, L50, shiny
|-mega|p2a: Falinks|Falinks|Falinksite
|move|p2b: Sneasler|Coaching|p2a: Falinks
|-boost|p2a: Falinks|atk|1
|-boost|p2a: Falinks|def|1
|move|p2a: Falinks|No Retreat|p2a: Falinks
|-boost|p2a: Falinks|atk|1
|-boost|p2a: Falinks|def|1
|-boost|p2a: Falinks|spa|1
|-boost|p2a: Falinks|spd|1
|-boost|p2a: Falinks|spe|1
|-start|p2a: Falinks|move: No Retreat
|move|p1a: Aerodactyl|Dual Wingbeat|p2a: Falinks
|-supereffective|p2a: Falinks|1
|-damage|p2a: Falinks|75/100
|-supereffective|p2a: Falinks|1
|-damage|p2a: Falinks|50/100y
|-hitcount|p2a: Falinks|2
|move|p1b: Sylveon|Hyper Voice|p2b: Sneasler|[spread] p2a,p2b
|-supereffective|p2a: Falinks|1
|-crit|p2b: Sneasler
|-damage|p2a: Falinks|0 fnt
|-damage|p2b: Sneasler|0 fnt
|faint|p2a: Falinks
|faint|p2b: Sneasler
|
|upkeep
|
|t:|1784562029
|switch|p2b: Vanilluxe|Vanilluxe, L50, M, shiny|100/100
|-weather|Snowscape|[from] ability: Snow Warning|[of] p2b: Vanilluxe
|turn|3
|
|t:|1784562045
|move|p1b: Sylveon|Protect|p1b: Sylveon
|-singleturn|p1b: Sylveon|Protect
|move|p2b: Vanilluxe|Blizzard|p1a: Aerodactyl|[spread] p1a
|-activate|p1b: Sylveon|move: Protect
|-supereffective|p1a: Aerodactyl|1
|-damage|p1a: Aerodactyl|0 fnt
|faint|p1a: Aerodactyl
|
|-weather|Snowscape|[upkeep]
|upkeep
|
|t:|1784562057
|switch|p1a: Farigiraf|Farigiraf, L50, M|100/100
|turn|4
|
|t:|1784562064
|move|p2b: Vanilluxe|Blizzard|p1a: Farigiraf|[spread] p1a,p1b
|-crit|p1b: Sylveon
|-damage|p1a: Farigiraf|60/100
|-damage|p1b: Sylveon|0 fnt
|faint|p1b: Sylveon
|move|p1a: Farigiraf|Trick Room|p1a: Farigiraf
|-fieldstart|move: Trick Room|[of] p1a: Farigiraf
|
|-weather|Snowscape|[upkeep]
|upkeep
|
|t:|1784562071
|switch|p1b: Kingambit|Kingambit, L50, M|100/100
|turn|5
|
|t:|1784562075
|move|p1a: Farigiraf|Sunny Day|p1a: Farigiraf
|-weather|SunnyDay
|move|p1b: Kingambit|Iron Head|p2b: Vanilluxe
|-supereffective|p2b: Vanilluxe|1
|-damage|p2b: Vanilluxe|0 fnt
|faint|p2b: Vanilluxe
|
|win|ucsghhjfjdy
