|j|☆ultraclaw1
|j|☆Doomnik
|html|ultraclaw1Doomnik    
|uhtml|bestof|Game 3 of a best-of-3
|t:|1782544960
|gametype|doubles
|player|p1|ultraclaw1|alder|1190
|player|p2|Doomnik|volkner|1220
|gen|9
|tier|[Gen 9 Champions] VGC 2026 Reg M-B (Bo3)
|rated|
|rule|Species Clause: Limit one of each Pokémon
|rule|Item Clause: Limit 1 of each item
|clearpoke
|poke|p1|Raichu, L50, F|
|poke|p1|Incineroar, L50, M|
|poke|p1|Sinistcha-Masterpiece, L50|
|poke|p1|Froslass, L50, F|
|poke|p1|Whimsicott, L50, M|
|poke|p1|Garchomp, L50, M|
|poke|p2|Hydreigon, L50, M|
|poke|p2|Metagross, L50|
|poke|p2|Garchomp, L50, F|
|poke|p2|Grimmsnarl, L50, M|
|poke|p2|Toxapex, L50, F|
|poke|p2|Charizard, L50, F, shiny|
|teampreview|4
|showteam|p1|Raichu||RaichuniteY|LightningRod|NastyPlot,Protect,ZapCannon,FocusBlast|Modest||F|||50|]Incineroar||SitrusBerry|Intimidate|ThroatChop,FlareBlitz,PartingShot,FakeOut|Adamant||M|||50|]Sinistcha-Masterpiece||OccaBerry|Hospitality|TrickRoom,RagePowder,MatchaGotcha,StrengthSap|Sassy|||||50|]Froslass||Froslassite|CursedBody|Protect,NastyPlot,Blizzard,ShadowBall|Modest||F|||50|]Whimsicott||FocusSash|Prankster|Protect,Moonblast,Tailwind,Encore|Timid||M|||50|]Garchomp||LifeOrb|RoughSkin|DragonClaw,StompingTantrum,Protect,RockSlide|Jolly||M|||50|
|showteam|p2|Hydreigon||ChoiceScarf|Levitate|HeatWave,DarkPulse,Snarl,DracoMeteor|Modest||M|||50|]Metagross||Metagrossite|ClearBody|IronHead,BodyPress,BulletPunch,Protect|Adamant|||||50|]Garchomp||SitrusBerry|RoughSkin|Earthquake,DragonClaw,RockSlide,Protect|Adamant||F|||50|]Grimmsnarl||RoseliBerry|Prankster|PartingShot,Reflect,FakeOut,FoulPlay|Bold||M|||50|]Toxapex||Leftovers|Regenerator|Infestation,BanefulBunker,Toxic,WideGuard|Bold||F|||50|]Charizard||CharizarditeY|Blaze|WeatherBall,Protect,SolarBeam,HeatWave|Modest||F|||50|
|inactive|Battle timer is ON: inactive players will automatically lose when time's up. (requested by Doomnik)
|inactive|ultraclaw1 also wants the timer to be on.
|inactive|Doomnik has 60 seconds left.
|
|t:|1782544999
|teamsize|p1|4
|teamsize|p2|4
|start
|switch|p1a: Froslass|Froslass, L50, F|100/100
|switch|p1b: Incineroar|Incineroar, L50, M|100/100
|switch|p2a: Hydreigon|Hydreigon, L50, M|100/100
|switch|p2b: Charizard|Charizard, L50, F, shiny|100/100
|-ability|p1b: Incineroar|Intimidate|boost
|-unboost|p2a: Hydreigon|atk|1
|-unboost|p2b: Charizard|atk|1
|turn|1
|inactive|Doomnik has 30 seconds left.
|inactive|ultraclaw1 has 30 seconds left.
|
|t:|1782545031
|detailschange|p1a: Froslass|Froslass-Mega, L50, F
|-mega|p1a: Froslass|Froslass|Froslassite
|-weather|Snowscape|[from] ability: Snow Warning|[of] p1a: Froslass
|move|p2b: Charizard|Protect|p2b: Charizard
|-singleturn|p2b: Charizard|Protect
|move|p1b: Incineroar|Fake Out|p2a: Hydreigon
|-damage|p2a: Hydreigon|86/100
|cant|p2a: Hydreigon|flinch
|move|p1a: Froslass|Nasty Plot|p1a: Froslass
|-boost|p1a: Froslass|spa|2
|
|-weather|Snowscape|[upkeep]
|upkeep
|turn|2
|inactive|Doomnik has 30 seconds left.
|inactive|Doomnik has 20 seconds left.
|inactive|Doomnik has 15 seconds left.
|
|t:|1782545072
|detailschange|p2b: Charizard|Charizard-Mega-Y, L50, F, shiny
|-mega|p2b: Charizard|Charizard|Charizardite Y
|-weather|SunnyDay|[from] ability: Drought|[of] p2b: Charizard
|move|p1a: Froslass|Protect|p1a: Froslass
|-singleturn|p1a: Froslass|Protect
|move|p2a: Hydreigon|Dark Pulse|p1a: Froslass
|-activate|p1a: Froslass|move: Protect
|move|p2b: Charizard|Heat Wave|p1b: Incineroar|[spread] p1b
|-activate|p1a: Froslass|move: Protect
|-resisted|p1b: Incineroar|1
|-damage|p1b: Incineroar|72/100
|move|p1b: Incineroar|Parting Shot|p2b: Charizard
|-unboost|p2b: Charizard|atk|1
|-unboost|p2b: Charizard|spa|1
|
|t:|1782545080
|switch|p1b: Whimsicott|Whimsicott, L50, M|100/100|[from] Parting Shot
|
|-weather|SunnyDay|[upkeep]
|upkeep
|turn|3
|
|t:|1782545090
|move|p1b: Whimsicott|Tailwind|p1b: Whimsicott
|-sidestart|p1: ultraclaw1|move: Tailwind
|move|p1a: Froslass|Blizzard|p2a: Hydreigon|[spread] p2a
|-miss|p1a: Froslass|p2b: Charizard
|-supereffective|p2a: Hydreigon|1
|-damage|p2a: Hydreigon|0 fnt
|faint|p2a: Hydreigon
|move|p2b: Charizard|Heat Wave|p1b: Whimsicott|[spread] p1a
|-miss|p2b: Charizard|p1b: Whimsicott
|-supereffective|p1a: Froslass|1
|-damage|p1a: Froslass|15/100
|
|-weather|SunnyDay|[upkeep]
|upkeep
|
|t:|1782545096
|switch|p2a: Toxapex|Toxapex, L50, F|100/100
|turn|4
|
|t:|1782545113
|move|p1b: Whimsicott|Moonblast|p2b: Charizard
|-resisted|p2b: Charizard|1
|-damage|p2b: Charizard|84/100
|move|p1a: Froslass|Shadow Ball|p2b: Charizard
|-damage|p2b: Charizard|0 fnt
|faint|p2b: Charizard
|move|p2a: Toxapex|Toxic|p1a: Froslass
|-status|p1a: Froslass|tox
|
|-weather|SunnyDay|[upkeep]
|-damage|p1a: Froslass|9/100 tox|[from] psn
|upkeep
|
|t:|1782545119
|switch|p2b: Garchomp|Garchomp, L50, F|100/100
|turn|5
|
|t:|1782545130
|switch|p1b: Sinistcha|Sinistcha-Masterpiece, L50|100/100
|-heal|p1a: Froslass|34/100 tox|[from] ability: Hospitality|[of] p1b: Sinistcha
|move|p2b: Garchomp|Protect|p2b: Garchomp
|-singleturn|p2b: Garchomp|Protect
|move|p1a: Froslass|Blizzard|p2a: Toxapex|[spread] p2a
|-activate|p2b: Garchomp|move: Protect
|-resisted|p2a: Toxapex|1
|-damage|p2a: Toxapex|61/100
|move|p2a: Toxapex|Toxic|p1b: Sinistcha
|-status|p1b: Sinistcha|tox
|
|-weather|SunnyDay|[upkeep]
|-heal|p2a: Toxapex|66/100|[from] item: Leftovers
|-damage|p1a: Froslass|22/100 tox|[from] psn
|-damage|p1b: Sinistcha|93/100 tox|[from] psn
|upkeep
|turn|6
|
|t:|1782545146
|move|p2a: Toxapex|Wide Guard|p2a: Toxapex
|-singleturn|p2a: Toxapex|Wide Guard
|move|p1a: Froslass|Blizzard|p2b: Garchomp|[spread] 
|-activate|p2a: Toxapex|move: Wide Guard
|-activate|p2b: Garchomp|move: Wide Guard
|move|p1b: Sinistcha|Strength Sap|p2b: Garchomp
|-unboost|p2b: Garchomp|atk|1
|-heal|p1b: Sinistcha|100/100 tox
|move|p2b: Garchomp|Rock Slide|p1a: Froslass|[spread] p1a,p1b
|-supereffective|p1a: Froslass|1
|-crit|p1b: Sinistcha
|-damage|p1a: Froslass|0 fnt
|-damage|p1b: Sinistcha|74/100 tox
|faint|p1a: Froslass
|
|-weather|none
|-heal|p2a: Toxapex|72/100|[from] item: Leftovers
|-damage|p1b: Sinistcha|61/100 tox|[from] psn
|-sideend|p1: ultraclaw1|move: Tailwind
|upkeep
|
|t:|1782545151
|switch|p1a: Whimsicott|Whimsicott, L50, M|100/100
|turn|7
|
|t:|1782545161
|move|p1b: Sinistcha|Rage Powder|p1b: Sinistcha
|-singleturn|p1b: Sinistcha|move: Rage Powder
|move|p1a: Whimsicott|Moonblast|p2b: Garchomp
|-supereffective|p2b: Garchomp|1
|-damage|p2b: Garchomp|45/100
|-enditem|p2b: Garchomp|Sitrus Berry|[eat]
|-heal|p2b: Garchomp|70/100|[from] item: Sitrus Berry
|move|p2b: Garchomp|Rock Slide|p1a: Whimsicott|[spread] p1a,p1b
|-damage|p1a: Whimsicott|81/100
|-damage|p1b: Sinistcha|50/100y tox
|move|p2a: Toxapex|Toxic|p1b: Sinistcha
|-fail|p1b: Sinistcha|tox
|
|-heal|p2a: Toxapex|78/100|[from] item: Leftovers
|-damage|p1b: Sinistcha|31/100 tox|[from] psn
|upkeep
|turn|8
|
|t:|1782545170
|move|p1a: Whimsicott|Protect|p1a: Whimsicott
|-singleturn|p1a: Whimsicott|Protect
|move|p2b: Garchomp|Rock Slide|p1b: Sinistcha|[spread] p1b
|-activate|p1a: Whimsicott|move: Protect
|-damage|p1b: Sinistcha|19/100 tox
|move|p1b: Sinistcha|Matcha Gotcha|p2a: Toxapex|[spread] p2a,p2b
|-damage|p2a: Toxapex|58/100
|-heal|p1b: Sinistcha|28/100 tox|[from] drain|[of] p2a: Toxapex
|-damage|p2b: Garchomp|49/100
|-heal|p1b: Sinistcha|41/100 tox|[from] drain|[of] p2b: Garchomp
|move|p2a: Toxapex|Toxic|p1a: Whimsicott
|-activate|p1a: Whimsicott|move: Protect
|
|-heal|p2a: Toxapex|64/100|[from] item: Leftovers
|-damage|p1b: Sinistcha|16/100 tox|[from] psn
|upkeep
|turn|9
|
|t:|1782545186
|move|p2b: Garchomp|Protect|p2b: Garchomp
|-singleturn|p2b: Garchomp|Protect
|move|p1b: Sinistcha|Rage Powder|p1b: Sinistcha
|-singleturn|p1b: Sinistcha|move: Rage Powder
|move|p1a: Whimsicott|Moonblast|p2b: Garchomp
|-activate|p2b: Garchomp|move: Protect
|move|p2a: Toxapex|Toxic|p1b: Sinistcha
|-fail|p1b: Sinistcha|tox
|
|-heal|p2a: Toxapex|70/100|[from] item: Leftovers
|-damage|p1b: Sinistcha|0 fnt|[from] psn
|faint|p1b: Sinistcha
|upkeep
|
|t:|1782545189
|switch|p1b: Incineroar|Incineroar, L50, M|72/100
|-ability|p1b: Incineroar|Intimidate|boost
|-unboost|p2a: Toxapex|atk|1
|-unboost|p2b: Garchomp|atk|1
|turn|10
|
|t:|1782545197
|move|p2b: Garchomp|Protect|p2b: Garchomp
|-singleturn|p2b: Garchomp|Protect
|move|p1b: Incineroar|Fake Out|p2a: Toxapex
|-damage|p2a: Toxapex|63/100
|move|p1a: Whimsicott|Moonblast|p2b: Garchomp
|-activate|p2b: Garchomp|move: Protect
|cant|p2a: Toxapex|flinch
|
|-heal|p2a: Toxapex|68/100|[from] item: Leftovers
|upkeep
|turn|11
|
|t:|1782545204
|move|p2b: Garchomp|Protect||[still]
|-fail|p2b: Garchomp
|move|p1a: Whimsicott|Moonblast|p2b: Garchomp
|-supereffective|p2b: Garchomp|1
|-damage|p2b: Garchomp|0 fnt
|faint|p2b: Garchomp
|move|p1b: Incineroar|Throat Chop|p2a: Toxapex
|-damage|p2a: Toxapex|45/100
|-start|p2a: Toxapex|Throat Chop|[silent]
|move|p2a: Toxapex|Toxic|p1a: Whimsicott
|-status|p1a: Whimsicott|tox
|
|-heal|p2a: Toxapex|51/100|[from] item: Leftovers
|-damage|p1a: Whimsicott|75/100 tox|[from] psn
|upkeep
|turn|12
|
|t:|1782545212
|move|p1a: Whimsicott|Encore|p2a: Toxapex
|-start|p2a: Toxapex|Encore
|move|p1b: Incineroar|Throat Chop|p2a: Toxapex
|-damage|p2a: Toxapex|28/100
|move|p2a: Toxapex|Toxic|p1b: Incineroar
|-status|p1b: Incineroar|tox
|
|-heal|p2a: Toxapex|33/100|[from] item: Leftovers
|-damage|p1a: Whimsicott|63/100 tox|[from] psn
|-damage|p1b: Incineroar|66/100 tox|[from] psn
|-end|p2a: Toxapex|Throat Chop|[silent]
|upkeep
|turn|13
|
|t:|1782545221
|move|p1a: Whimsicott|Moonblast|p2a: Toxapex
|-resisted|p2a: Toxapex|1
|-damage|p2a: Toxapex|18/100
|move|p1b: Incineroar|Throat Chop|p2a: Toxapex
|-damage|p2a: Toxapex|0 fnt
|faint|p2a: Toxapex
|
|win|ultraclaw1
|raw|ultraclaw1's rating: 1190 → 1217(+27 for winning)
|raw|Doomnik's rating: 1220 → 1193(-27 for losing)
