|j|☆geardox
|j|☆randomguy1114s
|html|geardoxrandomguy1114s    
|uhtml|bestof|Game 2 of a best-of-3
|t:|1756685443
|gametype|doubles
|player|p1|geardox|cyclist|1116
|player|p2|randomguy1114s|lillie-masters|1171
|gen|9
|tier|[Gen 9] VGC 2025 Reg H (Bo3)
|rated|
|rule|Species Clause: Limit one of each Pokémon
|rule|Item Clause: Limit 1 of each item
|clearpoke
|poke|p1|Sneasler, L50, M|
|poke|p1|Garchomp, L50, M|
|poke|p1|Corviknight, L50, M|
|poke|p1|Archaludon, L50, M|
|poke|p1|Amoonguss, L50, F|
|poke|p1|Incineroar, L50, M|
|poke|p2|Archaludon, L50, F|
|poke|p2|Pelipper, L50, M|
|poke|p2|Incineroar, L50, M|
|poke|p2|Amoonguss, L50, F|
|poke|p2|Basculegion, L50, M|
|poke|p2|Maushold, L50|
|teampreview|4
|showteam|p1|Sneasler||FocusSash|Unburden|DireClaw,CloseCombat,ThroatChop,Coaching|||M|||50|,,,,,Ghost]Garchomp||LifeOrb|RoughSkin|Protect,Earthquake,DragonClaw,StompingTantrum|||M|||50|,,,,,Ground]Corviknight||SitrusBerry|MirrorArmor|BraveBird,Tailwind,Roost,IronHead|||M|||50|,,,,,Fire]Archaludon||PowerHerb|Stamina|Protect,DracoMeteor,FlashCannon,ElectroShot|||M|||50|,,,,,Dragon]Amoonguss||RockyHelmet|Regenerator|ClearSmog,RagePowder,Spore,PollenPuff|||F|||50|,,,,,Water]Incineroar||AssaultVest|Intimidate|KnockOff,FlareBlitz,FakeOut,Uturn|||M|||50|,,,,,Ghost
|showteam|p2|Archaludon||AssaultVest|Stamina|ElectroShot,DragonPulse,FlashCannon,BodyPress|||F|||50|,,,,,Grass]Pelipper||FocusSash|Drizzle|Tailwind,WeatherBall,Hurricane,Protect|||M|||50|,,,,,Ghost]Incineroar||SafetyGoggles|Intimidate|FakeOut,KnockOff,Taunt,PartingShot|||M|||50|,,,,,Ghost]Amoonguss||RockyHelmet|Regenerator|RagePowder,PollenPuff,Spore,Protect|||F|||50|,,,,,Water]Basculegion||LifeOrb|SwiftSwim|WaveCrash,LastRespects,FlipTurn,Protect|||M|||50|,,,,,Water]Maushold||WideLens|Technician|PopulationBomb,HelpingHand,FollowMe,Protect||||||50|,,,,,Ghost
|
|t:|1756685460
|teamsize|p1|4
|teamsize|p2|4
|start
|switch|p1a: Stinky Pete|Garchomp, L50, M|100/100
|switch|p1b: Eggman|Corviknight, L50, M, shiny|100/100
|switch|p2a: its my bridge!|Archaludon, L50, F, shiny|100/100
|switch|p2b: Geneva Conventions|Maushold, L50|100/100
|turn|1
|inactive|Battle timer is ON: inactive players will automatically lose when time's up. (requested by geardox)
|
|t:|1756685477
|switch|p2b: Pelicopter|Pelipper, L50, M, shiny|100/100
|-weather|RainDance|[from] ability: Drizzle|[of] p2b: Pelicopter
|-terastallize|p1a: Stinky Pete|Ground
|-terastallize|p2a: its my bridge!|Grass
|move|p1a: Stinky Pete|Earthquake|p2b: Pelicopter|[spread] p2a
|-immune|p1b: Eggman
|-immune|p2b: Pelicopter
|-resisted|p2a: its my bridge!
|-crit|p2a: its my bridge!
|-damage|p2a: its my bridge!|70/100
|-ability|p2a: its my bridge!|Stamina|boost
|-boost|p2a: its my bridge!|def|1
|-damage|p1a: Stinky Pete|91/100|[from] item: Life Orb
|move|p2a: its my bridge!|Electro Shot||[still]
|-prepare|p2a: its my bridge!|Electro Shot
|-boost|p2a: its my bridge!|spa|1
|-anim|p2a: its my bridge!|Electro Shot|p1b: Eggman
|-supereffective|p1b: Eggman
|-damage|p1b: Eggman|5/100
|-enditem|p1b: Eggman|Sitrus Berry|[eat]
|-heal|p1b: Eggman|30/100|[from] item: Sitrus Berry
|move|p1b: Eggman|Tailwind|p1b: Eggman
|-sidestart|p1: geardox|move: Tailwind
|
|-weather|RainDance|[upkeep]
|upkeep
|turn|2
|inactive|geardox has 30 seconds left.
|inactive|randomguy1114s has 30 seconds left.
|inactive|geardox has 20 seconds left.
|inactive|randomguy1114s has 20 seconds left.
|inactive|randomguy1114s has 15 seconds left.
|
|t:|1756685522
|move|p1a: Stinky Pete|Dragon Claw|p2a: its my bridge!
|-damage|p2a: its my bridge!|45/100
|-ability|p2a: its my bridge!|Stamina|boost
|-boost|p2a: its my bridge!|def|1
|-damage|p1a: Stinky Pete|81/100|[from] item: Life Orb
|move|p1b: Eggman|Iron Head|p2b: Pelicopter
|-resisted|p2b: Pelicopter
|-damage|p2b: Pelicopter|84/100
|move|p2b: Pelicopter|Tailwind|p2b: Pelicopter
|-sidestart|p2: randomguy1114s|move: Tailwind
|move|p2a: its my bridge!|Electro Shot||[still]
|-prepare|p2a: its my bridge!|Electro Shot
|-boost|p2a: its my bridge!|spa|1
|-anim|p2a: its my bridge!|Electro Shot|p1b: Eggman
|-supereffective|p1b: Eggman
|-damage|p1b: Eggman|0 fnt
|faint|p1b: Eggman
|
|-weather|RainDance|[upkeep]
|upkeep
|
|t:|1756685538
|switch|p1b: Incineroar|Incineroar, L50, M|100/100
|-ability|p1b: Incineroar|Intimidate|boost
|-unboost|p2a: its my bridge!|atk|1
|-unboost|p2b: Pelicopter|atk|1
|turn|3
|
|t:|1756685562
|move|p1b: Incineroar|Fake Out|p2b: Pelicopter
|-damage|p2b: Pelicopter|68/100
|move|p1a: Stinky Pete|Dragon Claw|p2a: its my bridge!
|-damage|p2a: its my bridge!|25/100
|-ability|p2a: its my bridge!|Stamina|boost
|-boost|p2a: its my bridge!|def|1
|-damage|p1a: Stinky Pete|71/100|[from] item: Life Orb
|cant|p2b: Pelicopter|flinch
|move|p2a: its my bridge!|Dragon Pulse|p1a: Stinky Pete
|-damage|p1a: Stinky Pete|0 fnt
|faint|p1a: Stinky Pete
|
|-weather|RainDance|[upkeep]
|upkeep
|
|t:|1756685575
|switch|p1a: Big Mo|Archaludon, L50, M|100/100
|turn|4
|
|t:|1756685590
|move|p1a: Big Mo|Electro Shot||[still]
|-prepare|p1a: Big Mo|Electro Shot
|-boost|p1a: Big Mo|spa|1
|-anim|p1a: Big Mo|Electro Shot|p2b: Pelicopter
|-supereffective|p2b: Pelicopter
|-crit|p2b: Pelicopter
|-damage|p2b: Pelicopter|0 fnt
|faint|p2b: Pelicopter
|move|p2a: its my bridge!|Body Press|p1a: Big Mo
|-supereffective|p1a: Big Mo
|-damage|p1a: Big Mo|0 fnt
|faint|p1a: Big Mo
|move|p1b: Incineroar|Knock Off|p2a: its my bridge!
|-damage|p2a: its my bridge!|14/100
|-ability|p2a: its my bridge!|Stamina|boost
|-boost|p2a: its my bridge!|def|1
|-enditem|p2a: its my bridge!|Assault Vest|[from] move: Knock Off|[of] p1b: Incineroar
|
|-weather|RainDance|[upkeep]
|-sideend|p1: geardox|move: Tailwind
|upkeep
|
|t:|1756685603
|switch|p2b: Basculegend|Basculegion, L50, M, shiny|100/100
|turn|5
|-message|geardox forfeited.
|
|win|randomguy1114s
|raw|geardox's rating: 1116 → 1095(-21 for losing)
|raw|randomguy1114s's rating: 1171 → 1192(+21 for winning)
|l|☆geardox
|player|p1|
|l|☆randomguy1114s
|player|p2|
|j|☆randomguy1114s
|player|p2|randomguy1114s|lillie-masters|
