|j|☆dukeenzo
|j|☆MudByChu
|html|dukeenzoMudByChu    
|uhtml|bestof|Game 1 of a best-of-3
|t:|1757830501
|gametype|doubles
|player|p1|dukeenzo|irida|
|player|p2|MudByChu|kieran|
|gen|9
|tier|[Gen 9] VGC 2025 Reg H (Bo3)
|rule|Species Clause: Limit one of each Pokémon
|rule|Item Clause: Limit 1 of each item
|clearpoke
|poke|p1|Barraskewda, L50, M|
|poke|p1|Zoroark-Hisui, L50, M|
|poke|p1|Ursaluna-Bloodmoon, L50, M|
|poke|p1|Dragapult, L50, M|
|poke|p1|Rillaboom, L50, M|
|poke|p1|Electabuzz, L50, F|
|poke|p2|Archaludon, L50, F|
|poke|p2|Farigiraf, L50, M|
|poke|p2|Indeedee-F, L50, F|
|poke|p2|Ursaluna, L50, F|
|poke|p2|Meowscarada, L50, F|
|poke|p2|Incineroar, L50, F|
|teampreview|4
|showteam|p1|Barraskewda||ChoiceBand|PropellerTail|CloseCombat,PsychicFangs,Waterfall,ThroatChop|||M|||50|,,,,,Fighting]Zoroark-Hisui||ChoiceSpecs|Illusion|HyperVoice,ShadowBall,Flamethrower,HyperBeam|||M|||50|,,,,,Normal]Ursaluna-Bloodmoon||AssaultVest|MindsEye|BloodMoon,HyperVoice,EarthPower,VacuumWave|||M|||50|,,,,,Normal]Dragapult||PowerHerb|ClearBody|DragonDarts,Protect,PhantomForce,Uturn|||M|||50|,,,,,Dragon]Rillaboom||GrassySeed|GrassySurge|WoodHammer,Uturn,GrassyGlide,FakeOut|||M|||50|,,,,,Fire]Electabuzz||Eviolite|Static|FollowMe,HelpingHand,KnockOff,Protect|||F|||50|,,,,,Grass
|showteam|p2|Archaludon||AssaultVest|Stamina|ElectroShot,BodyPress,DracoMeteor,FlashCannon|||F|||50|,,,,,Fairy]Farigiraf||PsychicSeed|ArmorTail|TrickRoom,Psychic,Protect,FoulPlay|||M|||50|,,,,,Dark]Indeedee-F||SafetyGoggles|PsychicSurge|FollowMe,Psychic,Protect,TrickRoom|||F|||50|,,,,,Psychic]Ursaluna||FlameOrb|Guts|Facade,HeadlongRush,Protect,CloseCombat|||F|||50|,,,,,Normal]Meowscarada||ChoiceScarf|Protean|FlowerTrick,KnockOff,PlayRough,Uturn|||F|||50|,,,,,Grass]Incineroar||RockyHelmet|Intimidate|FakeOut,PartingShot,FlareBlitz,KnockOff|||F|||50|,,,,,Grass
|inactive|Battle timer is ON: inactive players will automatically lose when time's up. (requested by MudByChu)
|inactive|dukeenzo has 60 seconds left.
|inactive|MudByChu has 60 seconds left.
|
|t:|1757830579
|teamsize|p1|4
|teamsize|p2|4
|start
|switch|p1a: Electabuzz|Electabuzz, L50, F|100/100
|switch|p1b: Dragapult|Dragapult, L50, M|100/100
|switch|p2a: Meowscarada|Meowscarada, L50, F|100/100
|switch|p2b: Incineroar|Incineroar, L50, F|100/100
|-ability|p2b: Incineroar|Intimidate|boost
|-unboost|p1a: Electabuzz|atk|1
|-fail|p1b: Dragapult|unboost|[from] ability: Clear Body|[of] p1b: Dragapult
|turn|1
|inactive|MudByChu has 30 seconds left.
|inactive|MudByChu has 20 seconds left.
|inactive|MudByChu has 15 seconds left.
|inactive|MudByChu has 10 seconds left.
|
|t:|1757830627
|switch|p2b: Farigiraf|Farigiraf, L50, M|100/100
|move|p1b: Dragapult|Protect|p1b: Dragapult
|-singleturn|p1b: Dragapult|Protect
|move|p1a: Electabuzz|Protect|p1a: Electabuzz
|-singleturn|p1a: Electabuzz|Protect
|move|p2a: Meowscarada|Play Rough|p1b: Dragapult
|-start|p2a: Meowscarada|typechange|Fairy|[from] ability: Protean
|-activate|p1b: Dragapult|move: Protect
|
|upkeep
|turn|2
|inactive|dukeenzo has 30 seconds left.
|inactive|MudByChu has 30 seconds left.
|inactive|MudByChu has 20 seconds left.
|inactive|MudByChu has 15 seconds left.
|inactive|MudByChu has 10 seconds left.
|
|t:|1757830673
|switch|p2a: Incineroar|Incineroar, L50, F|100/100
|-ability|p2a: Incineroar|Intimidate|boost
|-unboost|p1a: Electabuzz|atk|1
|-fail|p1b: Dragapult|unboost|[from] ability: Clear Body|[of] p1b: Dragapult
|move|p1a: Electabuzz|Follow Me|p1a: Electabuzz
|-singleturn|p1a: Electabuzz|move: Follow Me
|move|p1b: Dragapult|Phantom Force||[still]
|-prepare|p1b: Dragapult|Phantom Force
|-enditem|p1b: Dragapult|Power Herb
|-anim|p1b: Dragapult|Phantom Force|p2a: Incineroar
|-resisted|p2a: Incineroar
|-damage|p2a: Incineroar|79/100
|-damage|p1b: Dragapult|84/100|[from] item: Rocky Helmet|[of] p2a: Incineroar
|move|p2b: Farigiraf|Trick Room|p2b: Farigiraf
|-fieldstart|move: Trick Room|[of] p2b: Farigiraf
|
|upkeep
|turn|3
|inactive|MudByChu has 30 seconds left.
|inactive|dukeenzo has 30 seconds left.
|inactive|MudByChu has 20 seconds left.
|inactive|MudByChu has 15 seconds left.
|inactive|MudByChu has 10 seconds left.
|
|t:|1757830722
|move|p1a: Electabuzz|Helping Hand|p1b: Dragapult
|-singleturn|p1b: Dragapult|Helping Hand|[of] p1a: Electabuzz
|move|p2b: Farigiraf|Protect|p2b: Farigiraf
|-singleturn|p2b: Farigiraf|Protect
|move|p2a: Incineroar|Knock Off|p1b: Dragapult
|-supereffective|p1b: Dragapult
|-damage|p1b: Dragapult|0 fnt
|faint|p1b: Dragapult
|
|upkeep
|
|t:|1757830740
|switch|p1b: Barraskewda|Barraskewda, L50, M|100/100
|turn|4
|inactive|dukeenzo has 30 seconds left.
|inactive|MudByChu has 30 seconds left.
|inactive|dukeenzo has 20 seconds left.
|inactive|MudByChu has 20 seconds left.
|inactive|dukeenzo has 15 seconds left.
|inactive|MudByChu has 15 seconds left.
|inactive|MudByChu has 10 seconds left.
|
|t:|1757830790
|-terastallize|p1b: Barraskewda|Normal
|move|p1a: Electabuzz|Helping Hand|p1b: Barraskewda
|-singleturn|p1b: Barraskewda|Helping Hand|[of] p1a: Electabuzz
|move|p2b: Farigiraf|Psychic|p1b: Barraskewda
|-damage|p1b: Barraskewda|25/100
|replace|p1b: Zoroark|Zoroark-Hisui, L50, M
|-end|p1b: Zoroark|Illusion
|move|p2a: Incineroar|Parting Shot|p1b: Zoroark
|-unboost|p1b: Zoroark|atk|1
|-unboost|p1b: Zoroark|spa|1
|
|t:|1757830812
|switch|p2a: Archaludon|Archaludon, L50, F|100/100|[from] Parting Shot
|move|p1b: Zoroark|Hyper Voice|p2b: Farigiraf|[spread] p2a,p2b
|-resisted|p2a: Archaludon
|-damage|p2a: Archaludon|73/100
|-damage|p2b: Farigiraf|45/100
|-ability|p2a: Archaludon|Stamina|boost
|-boost|p2a: Archaludon|def|1
|
|upkeep
|turn|5
|inactive|dukeenzo has 30 seconds left.
|inactive|dukeenzo has 20 seconds left.
|inactive|dukeenzo has 15 seconds left.
|
|t:|1757830854
|move|p1a: Electabuzz|Follow Me|p1a: Electabuzz
|-singleturn|p1a: Electabuzz|move: Follow Me
|move|p2b: Farigiraf|Psychic|p1a: Electabuzz
|-damage|p1a: Electabuzz|74/100
|move|p2a: Archaludon|Body Press|p1a: Electabuzz
|-damage|p1a: Electabuzz|46/100
|-status|p2a: Archaludon|par|[from] ability: Static|[of] p1a: Electabuzz
|move|p1b: Zoroark|Hyper Voice|p2b: Farigiraf|[spread] p2a,p2b
|-resisted|p2a: Archaludon
|-damage|p2a: Archaludon|54/100 par
|-damage|p2b: Farigiraf|7/100
|-ability|p2a: Archaludon|Stamina|boost
|-boost|p2a: Archaludon|def|1
|
|upkeep
|turn|6
|inactive|dukeenzo has 30 seconds left.
|inactive|MudByChu has 30 seconds left.
|
|t:|1757830884
|move|p2b: Farigiraf|Protect|p2b: Farigiraf
|-singleturn|p2b: Farigiraf|Protect
|move|p1a: Electabuzz|Follow Me|p1a: Electabuzz
|-singleturn|p1a: Electabuzz|move: Follow Me
|move|p2a: Archaludon|Body Press|p1a: Electabuzz
|-damage|p1a: Electabuzz|9/100
|move|p1b: Zoroark|Hyper Voice|p2b: Farigiraf|[spread] p2a
|-activate|p2b: Farigiraf|move: Protect
|-resisted|p2a: Archaludon
|-damage|p2a: Archaludon|36/100 par
|-ability|p2a: Archaludon|Stamina|boost
|-boost|p2a: Archaludon|def|1
|
|-fieldend|move: Trick Room
|upkeep
|turn|7
|inactive|MudByChu has 30 seconds left.
|
|t:|1757830911
|move|p1b: Zoroark|Hyper Voice|p2b: Farigiraf|[spread] p2a,p2b
|-resisted|p2a: Archaludon
|-crit|p2b: Farigiraf
|-damage|p2a: Archaludon|16/100 par
|-damage|p2b: Farigiraf|0 fnt
|-ability|p2a: Archaludon|Stamina|boost
|-boost|p2a: Archaludon|def|1
|faint|p2b: Farigiraf
|move|p1a: Electabuzz|Knock Off|p2a: Archaludon
|-damage|p2a: Archaludon|13/100 par
|-ability|p2a: Archaludon|Stamina|boost
|-boost|p2a: Archaludon|def|1
|-enditem|p2a: Archaludon|Assault Vest|[from] move: Knock Off|[of] p1a: Electabuzz
|cant|p2a: Archaludon|par
|
|upkeep
|
|t:|1757830923
|switch|p2b: Incineroar|Incineroar, L50, F|79/100
|-ability|p2b: Incineroar|Intimidate|boost
|-unboost|p1a: Electabuzz|atk|1
|-unboost|p1b: Zoroark|atk|1
|turn|8
|
|t:|1757830935
|switch|p1b: Barraskewda|Barraskewda, L50, M|100/100
|move|p1a: Electabuzz|Protect|p1a: Electabuzz
|-singleturn|p1a: Electabuzz|Protect
|move|p2b: Incineroar|Fake Out|p1a: Electabuzz
|-activate|p1a: Electabuzz|move: Protect
|move|p2a: Archaludon|Body Press|p1b: Barraskewda
|-damage|p1b: Barraskewda|0 fnt
|faint|p1b: Barraskewda
|
|upkeep
|
|t:|1757830945
|switch|p1b: Zoroark|Zoroark-Hisui, L50, M, tera:Normal|25/100
|turn|9
|
|t:|1757830964
|move|p1a: Electabuzz|Helping Hand|p1b: Zoroark
|-singleturn|p1b: Zoroark|Helping Hand|[of] p1a: Electabuzz
|move|p1b: Zoroark|Hyper Voice|p2a: Archaludon|[spread] p2a,p2b
|-resisted|p2a: Archaludon
|-damage|p2a: Archaludon|0 fnt
|-damage|p2b: Incineroar|0 fnt
|faint|p2a: Archaludon
|faint|p2b: Incineroar
|
|upkeep
|
|t:|1757830978
|switch|p2b: Meowscarada|Meowscarada, L50, F|100/100
|turn|10
|
|t:|1757830994
|move|p1a: Electabuzz|Follow Me|p1a: Electabuzz
|-singleturn|p1a: Electabuzz|move: Follow Me
|move|p2b: Meowscarada|Flower Trick|p1a: Electabuzz
|-start|p2b: Meowscarada|typechange|Grass|[from] ability: Protean
|-crit|p1a: Electabuzz
|-damage|p1a: Electabuzz|0 fnt
|faint|p1a: Electabuzz
|move|p1b: Zoroark|Hyper Voice|p2b: Meowscarada
|-damage|p2b: Meowscarada|0 fnt
|faint|p2b: Meowscarada
|
|win|dukeenzo
|inactive|dukeenzo has 30 seconds to confirm battle start!
|inactive|MudByChu has 30 seconds to confirm battle start!
||dukeenzo is ready for game 2.
||MudByChu is ready for game 2.
|uhtml|next|Next: Game 2 of 3
|l|☆MudByChu
|player|p2|
|l|☆dukeenzo
|player|p1|
