|j|☆Av3z
|j|☆Silhouetiquette
|html|Av3zSilhouetiquette    
|uhtml|bestof|Game 1 of a best-of-3
|t:|1757090122
|gametype|doubles
|player|p1|Av3z|steven|1073
|player|p2|Silhouetiquette|265|1058
|gen|9
|tier|[Gen 9] VGC 2025 Reg H (Bo3)
|rated|
|rule|Species Clause: Limit one of each Pokémon
|rule|Item Clause: Limit 1 of each item
|clearpoke
|poke|p1|Garchomp, L50, M|
|poke|p1|Incineroar, L50, M|
|poke|p1|Gholdengo, L50|
|poke|p1|Electabuzz, L50, M|
|poke|p1|Pelipper, L50, M|
|poke|p1|Hydreigon, L50, M|
|poke|p2|Tyranitar, L50, F|
|poke|p2|Excadrill, L50, F|
|poke|p2|Kilowattrel, L50, F|
|poke|p2|Hydreigon, L50, F|
|poke|p2|Indeedee, L50, M|
|poke|p2|Sneasler, L50, F|
|teampreview|4
|showteam|p1|Garchomp||LifeOrb|RoughSkin|Earthquake,StompingTantrum,DragonClaw,Protect|||M|||50|,,,,,Ground]Incineroar||SafetyGoggles|Intimidate|FakeOut,KnockOff,PartingShot,Protect|||M|||50|,,,,,Ghost]Gholdengo||SitrusBerry|GoodasGold|MakeItRain,NastyPlot,Protect,ShadowBall||||||50|,,,,,Steel]Electabuzz||Eviolite|VitalSpirit|Taunt,Thunder,FollowMe,TeraBlast|||M|||50|,,,,,Fighting]Pelipper||CovertCloak|Drizzle|Tailwind,WeatherBall,Protect,Hurricane|||M|||50|,,,,,Water]Hydreigon||AssaultVest|Levitate|FlashCannon,Protect,DracoMeteor,Surf|||M|||50|,,,,,Fairy
|showteam|p2|Tyranitar||AssaultVest|SandStream|RockSlide,KnockOff,TeraBlast,LowKick|||F|||50|,,,,,Flying]Excadrill||ClearAmulet|SandRush|Earthquake,IronHead,StompingTantrum,Protect|||F|||50|,,,,,Ground]Kilowattrel||CovertCloak|Competitive|WeatherBall,Thunderbolt,AirSlash,Protect|||F|||50|,,,,,Stellar]Hydreigon||LifeOrb|Levitate|DarkPulse,DracoMeteor,Taunt,Protect|||F|||50|,,,,,Steel]Indeedee||ChoiceScarf|PsychicSurge|ExpandingForce,TeraBlast,EnergyBall,Psychic|||M|||50|,,,,,Fighting]Sneasler||PsychicSeed|Unburden|DireClaw,CloseCombat,Acrobatics,Protect|||F|||50|,,,,,Grass
|inactive|Battle timer is ON: inactive players will automatically lose when time's up. (requested by Silhouetiquette)
|inactive|Silhouetiquette has 60 seconds left.
|
|t:|1757090158
|teamsize|p1|4
|teamsize|p2|4
|start
|switch|p1a: John Moxley|Electabuzz, L50, M|100/100
|switch|p1b: Tatum Paxley|Pelipper, L50, M|100/100
|switch|p2a: Kilowattrel|Kilowattrel, L50, F|100/100
|switch|p2b: Tyranitar|Tyranitar, L50, F|100/100
|-weather|RainDance|[from] ability: Drizzle|[of] p1b: Tatum Paxley
|-weather|Sandstorm|[from] ability: Sand Stream|[of] p2b: Tyranitar
|turn|1
|inactive|Av3z has 30 seconds left.
|
|t:|1757090189
|switch|p1b: John Cena|Garchomp, L50, M|100/100
|-terastallize|p1a: John Moxley|Fighting
|move|p2a: Kilowattrel|Weather Ball|p1b: John Cena
|-resisted|p1b: John Cena
|-damage|p1b: John Cena|83/100
|move|p1a: John Moxley|Tera Blast|p2b: Tyranitar|[anim] Tera Blast Fighting
|-supereffective|p2b: Tyranitar
|-damage|p2b: Tyranitar|58/100
|move|p2b: Tyranitar|Rock Slide|p1a: John Moxley|[spread] p1a
|-miss|p2b: Tyranitar|p1b: John Cena
|-resisted|p1a: John Moxley
|-damage|p1a: John Moxley|84/100
|
|-weather|Sandstorm|[upkeep]
|-damage|p2a: Kilowattrel|94/100|[from] Sandstorm
|-damage|p1a: John Moxley|78/100|[from] Sandstorm
|upkeep
|turn|2
|inactive|Silhouetiquette has 30 seconds left.
|inactive|Av3z has 30 seconds left.
|
|t:|1757090223
|switch|p1a: Tatum Paxley|Pelipper, L50, M|100/100
|-weather|RainDance|[from] ability: Drizzle|[of] p1a: Tatum Paxley
|-terastallize|p2b: Tyranitar|Flying
|move|p2a: Kilowattrel|Air Slash|p1b: John Cena
|-damage|p1b: John Cena|45/100
|cant|p1b: John Cena|flinch
|move|p2b: Tyranitar|Tera Blast|p1a: Tatum Paxley|[anim] Tera Blast Flying
|-damage|p1a: Tatum Paxley|56/100
|
|-weather|RainDance|[upkeep]
|upkeep
|turn|3
|
|t:|1757090247
|move|p2a: Kilowattrel|Thunderbolt|p1a: Tatum Paxley
|-supereffective|p1a: Tatum Paxley
|-damage|p1a: Tatum Paxley|0 fnt
|faint|p1a: Tatum Paxley
|move|p1b: John Cena|Dragon Claw|p2b: Tyranitar
|-damage|p2b: Tyranitar|16/100
|-damage|p1b: John Cena|35/100|[from] item: Life Orb
|move|p2b: Tyranitar|Knock Off|p1b: John Cena
|-damage|p1b: John Cena|0 fnt
|-damage|p2b: Tyranitar|4/100|[from] ability: Rough Skin|[of] p1b: John Cena
|-enditem|p1b: John Cena|Life Orb|[from] move: Knock Off|[of] p2b: Tyranitar
|faint|p1b: John Cena
|
|-weather|RainDance|[upkeep]
|upkeep
|
|t:|1757090260
|switch|p1b: John Moxley|Electabuzz, L50, M, tera:Fighting|78/100
|switch|p1a: Santino Morella|Gholdengo, L50|100/100
|turn|4
|
|t:|1757090283
|move|p2a: Kilowattrel|Air Slash|p1b: John Moxley
|-supereffective|p1b: John Moxley
|-crit|p1b: John Moxley
|-damage|p1b: John Moxley|0 fnt
|faint|p1b: John Moxley
|move|p1a: Santino Morella|Make It Rain|p2a: Kilowattrel|[spread] p2a,p2b
|-resisted|p2a: Kilowattrel
|-damage|p2a: Kilowattrel|54/100
|-damage|p2b: Tyranitar|0 fnt
|-unboost|p1a: Santino Morella|spa|1
|faint|p2b: Tyranitar
|
|-weather|RainDance|[upkeep]
|upkeep
|
|t:|1757090293
|switch|p2b: Hydreigon|Hydreigon, L50, F|100/100
|turn|5
|
|t:|1757090299
|move|p2a: Kilowattrel|Weather Ball|p1a: Santino Morella
|-damage|p1a: Santino Morella|49/100
|-enditem|p1a: Santino Morella|Sitrus Berry|[eat]
|-heal|p1a: Santino Morella|74/100|[from] item: Sitrus Berry
|move|p2b: Hydreigon|Dark Pulse|p1a: Santino Morella
|-supereffective|p1a: Santino Morella
|-damage|p1a: Santino Morella|0 fnt
|faint|p1a: Santino Morella
|-damage|p2b: Hydreigon|91/100|[from] item: Life Orb
|
|win|Silhouetiquette
||Silhouetiquette is ready for game 2.
|inactive|Av3z has 30 seconds to confirm battle start!
