|j|☆gene takavic
|j|☆Alex22pkmnyt
|html|gene takavicAlex22pkmnyt    
|uhtml|bestof|Game 3 of a best-of-3
|t:|1756406384
|gametype|doubles
|player|p1|gene takavic|pryce|1124
|player|p2|Alex22pkmnyt|265|1054
|gen|9
|tier|[Gen 9] VGC 2025 Reg H (Bo3)
|rated|
|rule|Species Clause: Limit one of each Pokémon
|rule|Item Clause: Limit 1 of each item
|clearpoke
|poke|p1|Charizard, L50, M|
|poke|p1|Torkoal, L50, F|
|poke|p1|Porygon2, L50|
|poke|p1|Incineroar, L50, M|
|poke|p1|Jumpluff, L50, M|
|poke|p1|Ursaluna, L50, F|
|poke|p2|Tyranitar, L50, M|
|poke|p2|Excadrill, L50, F|
|poke|p2|Gastrodon, L50, M|
|poke|p2|Amoonguss, L50, M|
|poke|p2|Farigiraf, L50, M|
|poke|p2|Ursaluna-Bloodmoon, L50, M|
|teampreview|4
|showteam|p1|Charizard||ChoiceSpecs|SolarPower|HeatWave,Overheat,WeatherBall,AirSlash|||M|||50|,,,,,Ghost]Torkoal||EjectPack|Drought|Eruption,Overheat,HelpingHand,Protect|||F|||50|,,,,,Fire]Porygon2||Eviolite|Download|TeraBlast,IceBeam,Recover,TrickRoom||||||50|,,,,,Fighting]Incineroar||SitrusBerry|Intimidate|FlareBlitz,KnockOff,FakeOut,PartingShot|||M|||50|,,,,,Ghost]Jumpluff||CovertCloak|Chlorophyll|SleepPowder,SunnyDay,RagePowder,Tailwind|||M|||50|,,,,,Water]Ursaluna||FlameOrb|Guts|HeadlongRush,Facade,Earthquake,Protect|||F|||50|,,,,,Ghost
|showteam|p2|Tyranitar||AssaultVest|SandStream|BodyPress,TeraBlast,KnockOff,RockSlide|||M|||50|,,,,,Flying]Excadrill||FocusSash|SandRush|SwordsDance,Earthquake,Protect,IronHead|||F|||50|,,,,,Ghost]Gastrodon||Leftovers|StormDrain|EarthPower,IceBeam,Yawn,Recover|||M|||50|,,,,,Fire]Amoonguss||RockyHelmet|EffectSpore|RagePowder,PollenPuff,Spore,GigaDrain|||M|||50|,,,,,Water]Farigiraf||ThroatSpray|ArmorTail|PsychicNoise,HyperVoice,Protect,TrickRoom|||M|||50|,,,,,Normal]Ursaluna-Bloodmoon||LifeOrb|MindsEye|BloodMoon,EarthPower,HyperVoice,Protect|||M|||50|,,,,,Normal
|inactive|Battle timer is ON: inactive players will automatically lose when time's up. (requested by gene takavic)
|
|t:|1756406399
|teamsize|p1|4
|teamsize|p2|4
|start
|switch|p1a: Porygon2|Porygon2, L50|100/100
|switch|p1b: Charizard|Charizard, L50, M|100/100
|switch|p2a: Gastrodon|Gastrodon, L50, M|100/100
|switch|p2b: Excadrill|Excadrill, L50, F|100/100
|-ability|p1a: Porygon2|Download|boost
|-boost|p1a: Porygon2|atk|1
|turn|1
|
|t:|1756406416
|switch|p1a: Torkoal|Torkoal, L50, F|100/100
|-weather|SunnyDay|[from] ability: Drought|[of] p1a: Torkoal
|move|p1b: Charizard|Heat Wave|p2b: Excadrill|[spread] p2b
|-miss|p1b: Charizard|p2a: Gastrodon
|-supereffective|p2b: Excadrill
|-enditem|p2b: Excadrill|Focus Sash
|-damage|p2b: Excadrill|1/100
|move|p2b: Excadrill|Swords Dance|p2b: Excadrill
|-boost|p2b: Excadrill|atk|2
|move|p2a: Gastrodon|Yawn|p1b: Charizard
|-start|p1b: Charizard|move: Yawn|[of] p2a: Gastrodon
|
|-weather|SunnyDay|[upkeep]
|-damage|p1b: Charizard|88/100|[from] ability: Solar Power|[of] p1b: Charizard
|upkeep
|turn|2
|
|t:|1756406434
|switch|p2a: Tyranitar|Tyranitar, L50, M|100/100
|-weather|Sandstorm|[from] ability: Sand Stream|[of] p2a: Tyranitar
|move|p2b: Excadrill|Earthquake|p1b: Charizard|[spread] p2a,p1a
|-immune|p1b: Charizard
|-supereffective|p2a: Tyranitar
|-supereffective|p1a: Torkoal
|-damage|p2a: Tyranitar|0 fnt
|-damage|p1a: Torkoal|0 fnt
|faint|p2a: Tyranitar
|faint|p1a: Torkoal
|move|p1b: Charizard|Heat Wave|p2b: Excadrill
|-supereffective|p2b: Excadrill
|-damage|p2b: Excadrill|0 fnt
|faint|p2b: Excadrill
|
|-weather|Sandstorm|[upkeep]
|-damage|p1b: Charizard|82/100|[from] Sandstorm
|-end|p1b: Charizard|move: Yawn|[silent]
|-status|p1b: Charizard|slp
|upkeep
|
|t:|1756406452
|switch|p2b: Farigiraf|Farigiraf, L50, M|100/100
|switch|p2a: Gastrodon|Gastrodon, L50, M|100/100
|switch|p1a: Ursaluna|Ursaluna, L50, F|100/100
|turn|3
|
|t:|1756406465
|move|p1a: Ursaluna|Protect|p1a: Ursaluna
|-singleturn|p1a: Ursaluna|Protect
|cant|p1b: Charizard|slp
|move|p2b: Farigiraf|Psychic Noise|p1b: Charizard
|-damage|p1b: Charizard|45/100 slp
|-start|p1b: Charizard|move: Heal Block
|-enditem|p2b: Farigiraf|Throat Spray
|-boost|p2b: Farigiraf|spa|1|[from] item: Throat Spray
|move|p2a: Gastrodon|Yawn|p1a: Ursaluna
|-activate|p1a: Ursaluna|move: Protect
|
|-weather|Sandstorm|[upkeep]
|-damage|p1b: Charizard|39/100 slp|[from] Sandstorm
|-damage|p2b: Farigiraf|95/100|[from] Sandstorm
|-status|p1a: Ursaluna|brn|[from] item: Flame Orb
|upkeep
|turn|4
|
|t:|1756406484
|-terastallize|p1a: Ursaluna|Ghost
|-curestatus|p1b: Charizard|slp|[msg]
|move|p1b: Charizard|Heat Wave|p2a: Gastrodon|[spread] p2a
|-miss|p1b: Charizard|p2b: Farigiraf
|-resisted|p2a: Gastrodon
|-damage|p2a: Gastrodon|81/100
|move|p1a: Ursaluna|Facade|p2a: Gastrodon
|-damage|p2a: Gastrodon|0 fnt
|faint|p2a: Gastrodon
|move|p2b: Farigiraf|Psychic Noise|p1b: Charizard
|-damage|p1b: Charizard|0 fnt
|faint|p1b: Charizard
|
|-weather|Sandstorm|[upkeep]
|-damage|p1a: Ursaluna|95/100 brn|[from] Sandstorm
|-damage|p2b: Farigiraf|89/100|[from] Sandstorm
|-damage|p1a: Ursaluna|89/100 brn|[from] brn
|upkeep
|
|t:|1756406493
|switch|p1b: Porygon2|Porygon2, L50|100/100
|-ability|p1b: Porygon2|Download|boost
|-boost|p1b: Porygon2|spa|1
|turn|5
|
|t:|1756406517
|move|p1a: Ursaluna|Facade|p2b: Farigiraf
|-damage|p2b: Farigiraf|0 fnt
|faint|p2b: Farigiraf
|
|win|gene takavic
|raw|gene takavic's rating: 1124 → 1144(+20 for winning)
|raw|Alex22pkmnyt's rating: 1054 → 1039(-15 for losing)
