|j|☆PINGAS67PINGAS
|j|☆sturmkitten69
|html|PINGAS67PINGASsturmkitten69    
|uhtml|bestof|Game 2 of a best-of-3
|t:|1784090607
|gametype|doubles
|player|p1|PINGAS67PINGAS|2|1143
|player|p2|sturmkitten69|fisherman-gen4|1175
|gen|9
|tier|[Gen 9 Champions] VGC 2026 Reg M-B (Bo3)
|rated|
|rule|Species Clause: Limit one of each Pokémon
|rule|Item Clause: Limit 1 of each item
|clearpoke
|poke|p1|Staraptor, L50, M|
|poke|p1|Incineroar, L50, M|
|poke|p1|Sinistcha, L50|
|poke|p1|Gholdengo, L50|
|poke|p1|Arcanine-Hisui, L50, F|
|poke|p1|Ninetales-Alola, L50, F|
|poke|p2|Blastoise, L50, M|
|poke|p2|Farigiraf, L50, F, shiny|
|poke|p2|Basculegion, L50, M|
|poke|p2|Aerodactyl, L50, M|
|poke|p2|Rotom-Heat, L50|
|poke|p2|Garchomp, L50, F|
|teampreview|4
|showteam|p1|Staraptor||Staraptite|Intimidate|BraveBird,CloseCombat,Roost,Protect|Jolly||M|||50|]Incineroar||SitrusBerry|Intimidate|FlareBlitz,DarkestLariat,PartingShot,FakeOut|Careful||M|||50|]Sinistcha||ColburBerry|Hospitality|MatchaGotcha,RagePowder,StrengthSap,TrickRoom|Calm|||||50|]Gholdengo||LifeOrb|GoodasGold|MakeItRain,ShadowBall,NastyPlot,Protect|Modest|||||50|]Arcanine-Hisui||FocusSash|RockHead|HeadSmash,FlareBlitz,ExtremeSpeed,Protect|Jolly||F|||50|]Ninetales-Alola||NeverMeltIce|SnowWarning|Blizzard,FreezeDry,AuroraVeil,Protect|Timid||F|||50|
|showteam|p2|Blastoise||Blastoisinite|Torrent|AuraSphere,DarkPulse,FakeOut,WaterSpout|Modest||M|||50|]Farigiraf||SitrusBerry|ArmorTail|RainDance,Thunderbolt,HelpingHand,TrickRoom|Bold||F|||50|]Basculegion||FocusSash|Adaptability|LastRespects,WaveCrash,Protect,AquaJet|Adamant||M|||50|]Aerodactyl||Aerodactylite|Unnerve|RockSlide,Protect,Tailwind,DualWingbeat|Jolly||M|||50|]Rotom-Heat||ChoiceScarf|Levitate|Overheat,VoltSwitch,Thunderbolt,WillOWisp|Timid|||||50|]Garchomp||LifeOrb|RoughSkin|RockSlide,Earthquake,DragonClaw,Protect|Jolly||F|||50|
|inactive|Battle timer is ON: inactive players will automatically lose when time's up. (requested by PINGAS67PINGAS)
|
|t:|1784090676
|teamsize|p1|4
|teamsize|p2|4
|start
|switch|p1a: Ninetales|Ninetales-Alola, L50, F|100/100
|switch|p1b: Incineroar|Incineroar, L50, M|100/100
|switch|p2a: Aerodactyl|Aerodactyl, L50, M|100/100
|switch|p2b: Rotom|Rotom-Heat, L50|100/100
|-ability|p2a: Aerodactyl|Unnerve
|-weather|Snowscape|[from] ability: Snow Warning|[of] p1a: Ninetales
|-ability|p1b: Incineroar|Intimidate|boost
|-unboost|p2a: Aerodactyl|atk|1
|-unboost|p2b: Rotom|atk|1
|turn|1
|
|t:|1784090696
|switch|p2a: Farigiraf|Farigiraf, L50, F, shiny|100/100
|switch|p1a: Arcanine|Arcanine-Hisui, L50, F|100/100
|move|p1b: Incineroar|Fake Out||[still]
|cant|p2a: Farigiraf|ability: Armor Tail|Fake Out|[of] p1b: Incineroar
|move|p2b: Rotom|Overheat|p1a: Arcanine
|-resisted|p1a: Arcanine|2
|-damage|p1a: Arcanine|80/100
|-unboost|p2b: Rotom|spa|2
|
|-weather|Snowscape|[upkeep]
|upkeep
|turn|2
|inactive|sturmkitten69 has 30 seconds left.
|
|t:|1784090731
|switch|p2b: Aerodactyl|Aerodactyl, L50, M|100/100
|-ability|p2b: Aerodactyl|Unnerve
|move|p1a: Arcanine|Head Smash|p2b: Aerodactyl|[miss]
|-miss|p1a: Arcanine|p2b: Aerodactyl
|move|p1b: Incineroar|Darkest Lariat|p2a: Farigiraf
|-supereffective|p2a: Farigiraf|1
|-damage|p2a: Farigiraf|44/100
|-enditem|p2a: Farigiraf|Sitrus Berry|[eat]
|-heal|p2a: Farigiraf|69/100|[from] item: Sitrus Berry
|move|p2a: Farigiraf|Thunderbolt|p1a: Arcanine
|-damage|p1a: Arcanine|53/100
|
|-weather|Snowscape|[upkeep]
|upkeep
|turn|3
|inactive|PINGAS67PINGAS has 30 seconds left.
|
|t:|1784090757
|switch|p1a: Staraptor|Staraptor, L50, M|100/100
|-ability|p1a: Staraptor|Intimidate|boost
|-unboost|p2a: Farigiraf|atk|1
|-unboost|p2b: Aerodactyl|atk|1
|detailschange|p2b: Aerodactyl|Aerodactyl-Mega, L50, M
|-mega|p2b: Aerodactyl|Aerodactyl|Aerodactylite
|move|p2a: Farigiraf|Helping Hand|p2b: Aerodactyl
|-singleturn|p2b: Aerodactyl|Helping Hand|[of] p2a: Farigiraf
|move|p2b: Aerodactyl|Rock Slide|p1b: Incineroar|[spread] p1a
|-miss|p2b: Aerodactyl|p1b: Incineroar
|-supereffective|p1a: Staraptor|1
|-damage|p1a: Staraptor|14/100
|move|p1b: Incineroar|Parting Shot|p2b: Aerodactyl
|-unboost|p2b: Aerodactyl|atk|1
|-unboost|p2b: Aerodactyl|spa|1
|
|t:|1784090774
|switch|p1b: Ninetales|Ninetales-Alola, L50, F|100/100|[from] Parting Shot
|
|-weather|Snowscape|[upkeep]
|upkeep
|turn|4
|inactive|sturmkitten69 has 30 seconds left.
|inactive|sturmkitten69 has 20 seconds left.
|inactive|sturmkitten69 has 15 seconds left.
|inactive|sturmkitten69 has 10 seconds left.
|
|t:|1784090820
|switch|p1a: Incineroar|Incineroar, L50, M|100/100
|-ability|p1a: Incineroar|Intimidate|boost
|-unboost|p2a: Farigiraf|atk|1
|-unboost|p2b: Aerodactyl|atk|1
|switch|p2a: Rotom|Rotom-Heat, L50|100/100
|move|p2b: Aerodactyl|Rock Slide|p1a: Incineroar|[spread] p1a,p1b
|-supereffective|p1a: Incineroar|1
|-supereffective|p1b: Ninetales|1
|-damage|p1a: Incineroar|78/100
|-damage|p1b: Ninetales|77/100
|move|p1b: Ninetales|Aurora Veil|p1b: Ninetales
|-sidestart|p1: PINGAS67PINGAS|move: Aurora Veil
|
|-weather|Snowscape|[upkeep]
|upkeep
|turn|5
|inactive|PINGAS67PINGAS has 30 seconds left.
|inactive|sturmkitten69 has 30 seconds left.
|inactive|sturmkitten69 has 20 seconds left.
|inactive|sturmkitten69 has 15 seconds left.
|
|t:|1784090861
|switch|p2a: Farigiraf|Farigiraf, L50, F, shiny|69/100
|move|p2b: Aerodactyl|Tailwind|p2b: Aerodactyl
|-sidestart|p2: sturmkitten69|move: Tailwind
|move|p1b: Ninetales|Blizzard|p2a: Farigiraf|[spread] p2a,p2b
|-supereffective|p2b: Aerodactyl|1
|-damage|p2a: Farigiraf|42/100
|-damage|p2b: Aerodactyl|17/100
|move|p1a: Incineroar|Darkest Lariat|p2a: Farigiraf
|-supereffective|p2a: Farigiraf|1
|-damage|p2a: Farigiraf|0 fnt
|faint|p2a: Farigiraf
|
|-weather|none
|upkeep
|
|t:|1784090879
|switch|p2a: Basculegion|Basculegion, L50, M|100/100
|turn|6
|
|t:|1784090894
|move|p2b: Aerodactyl|Rock Slide|p1b: Ninetales|[spread] p1a,p1b
|-supereffective|p1a: Incineroar|1
|-supereffective|p1b: Ninetales|1
|-damage|p1a: Incineroar|63/100
|-damage|p1b: Ninetales|56/100
|move|p2a: Basculegion|Wave Crash|p1a: Incineroar
|-supereffective|p1a: Incineroar|1
|-damage|p1a: Incineroar|0 fnt
|faint|p1a: Incineroar
|-damage|p2a: Basculegion|77/100|[from] Recoil
|move|p1b: Ninetales|Freeze-Dry|p2a: Basculegion
|-supereffective|p2a: Basculegion|1
|-damage|p2a: Basculegion|9/100
|
|upkeep
|
|t:|1784090911
|switch|p1a: Staraptor|Staraptor, L50, M|14/100
|-ability|p1a: Staraptor|Intimidate|boost
|-unboost|p2a: Basculegion|atk|1
|-unboost|p2b: Aerodactyl|atk|1
|turn|7
|
|t:|1784090922
|switch|p2a: Rotom|Rotom-Heat, L50|100/100
|detailschange|p1a: Staraptor|Staraptor-Mega, L50, M
|-mega|p1a: Staraptor|Staraptor|Staraptite
|move|p2b: Aerodactyl|Protect|p2b: Aerodactyl
|-singleturn|p2b: Aerodactyl|Protect
|move|p1a: Staraptor|Protect|p1a: Staraptor
|-singleturn|p1a: Staraptor|Protect
|move|p1b: Ninetales|Blizzard|p2a: Rotom|[spread] p2a
|-activate|p2b: Aerodactyl|move: Protect
|-resisted|p2a: Rotom|1
|-damage|p2a: Rotom|77/100
|
|upkeep
|turn|8
|
|t:|1784090944
|move|p1b: Ninetales|Protect|p1b: Ninetales
|-singleturn|p1b: Ninetales|Protect
|move|p2a: Rotom|Thunderbolt|p1a: Staraptor
|-supereffective|p1a: Staraptor|1
|-damage|p1a: Staraptor|0 fnt
|faint|p1a: Staraptor
|move|p2b: Aerodactyl|Rock Slide|p1b: Ninetales
|-activate|p1b: Ninetales|move: Protect
|
|-sideend|p2: sturmkitten69|move: Tailwind
|-sideend|p1: PINGAS67PINGAS|move: Aurora Veil
|upkeep
|
|t:|1784090951
|switch|p1a: Arcanine|Arcanine-Hisui, L50, F|53/100
|turn|9
|
|t:|1784090965
|switch|p2a: Basculegion|Basculegion, L50, M|9/100
|move|p1a: Arcanine|Extreme Speed|p2b: Aerodactyl
|-resisted|p2b: Aerodactyl|1
|-damage|p2b: Aerodactyl|1/100
|move|p2b: Aerodactyl|Tailwind|p2b: Aerodactyl
|-sidestart|p2: sturmkitten69|move: Tailwind
|move|p1b: Ninetales|Freeze-Dry|p2b: Aerodactyl
|-supereffective|p2b: Aerodactyl|1
|-damage|p2b: Aerodactyl|0 fnt
|faint|p2b: Aerodactyl
|
|upkeep
|
|t:|1784090976
|switch|p2b: Rotom|Rotom-Heat, L50|77/100
|turn|10
|
|t:|1784090990
|move|p1a: Arcanine|Protect|p1a: Arcanine
|-singleturn|p1a: Arcanine|Protect
|move|p2a: Basculegion|Aqua Jet|p1a: Arcanine
|-activate|p1a: Arcanine|move: Protect
|move|p2b: Rotom|Overheat|p1b: Ninetales
|-supereffective|p1b: Ninetales|1
|-damage|p1b: Ninetales|0 fnt
|-unboost|p2b: Rotom|spa|2
|faint|p1b: Ninetales
|
|upkeep
|turn|11
|
|t:|1784091004
|move|p2a: Basculegion|Aqua Jet|p1a: Arcanine
|-supereffective|p1a: Arcanine|2
|-damage|p1a: Arcanine|0 fnt
|faint|p1a: Arcanine
|
|win|sturmkitten69
||PINGAS67PINGAS is ready for game 3.
|inactive|sturmkitten69 has 30 seconds to confirm battle start!
||sturmkitten69 is ready for game 3.
|uhtml|next|Next: Game 3 of 3
|l|☆PINGAS67PINGAS
|player|p1|
