|j|☆Person_McSomeone
|j|☆KingNoahC17
|html|Person_McSomeoneKingNoahC17    
|uhtml|bestof|Game 2 of a best-of-3
|t:|1786058971
|gametype|doubles
|player|p1|Person_McSomeone|miku-psychic|
|player|p2|KingNoahC17|alec-anime|
|gen|9
|tier|[Gen 9 Champions] VGC 2026 Reg M-B (Bo3)
|rule|Species Clause: Limit one of each Pokémon
|rule|Item Clause: Limit 1 of each item
|clearpoke
|poke|p1|Mawile, L50, F|
|poke|p1|Toxapex, L50, M|
|poke|p1|Farigiraf, L50, M|
|poke|p1|Torkoal, L50, F|
|poke|p1|Kingambit, L50, M|
|poke|p1|Rotom-Wash, L50|
|poke|p2|Garchomp, L50, M|
|poke|p2|Floette-Eternal, L50, F|
|poke|p2|Grimmsnarl, L50, M|
|poke|p2|Incineroar, L50, M|
|poke|p2|Metagross, L50|
|poke|p2|Hydreigon, L50, M|
|teampreview|4
|showteam|p1|Mawile||Mawilite|Intimidate|SuckerPunch,PlayRough,Protect,IronHead|Brave||F|||50|]Toxapex||Leftovers|Regenerator|Infestation,WideGuard,Toxic,BanefulBunker|Bold||M|||50|]Farigiraf||SitrusBerry|ArmorTail|TrickRoom,HyperVoice,Thunderbolt,Protect|Sassy||M|||50|]Torkoal||Charcoal|Drought|Eruption,EarthPower,SolarBeam,Protect|Quiet||F|||50|]Kingambit||OccaBerry|Defiant|SuckerPunch,KowtowCleave,IronHead,Protect|Adamant||M|||50|]Rotom-Wash||ChoiceScarf|Levitate|Trick,HydroPump,VoltSwitch,Thunderbolt|Modest|||||50|
|showteam|p2|Garchomp||SitrusBerry|RoughSkin|Earthquake,DragonClaw,RockSlide,Protect|Adamant||M|||50|]Floette-Eternal||Floettite|FlowerVeil|DrainingKiss,DazzlingGleam,CalmMind,Protect|Modest||F|||50|]Grimmsnarl||LightClay|Prankster|SpiritBreak,Reflect,LightScreen,PartingShot|Careful||M|||50|]Incineroar||Charcoal|Intimidate|FlareBlitz,ThroatChop,FakeOut,PartingShot|Adamant||M|||50|]Metagross||Metagrossite|ClearBody|Protect,PsychicFangs,IronHead,StompingTantrum|Jolly|||||50|]Hydreigon||ChoiceScarf|Levitate|DarkPulse,DracoMeteor,Snarl,EarthPower|Modest||M|||50|
|inactive|Battle timer is ON: inactive players will automatically lose when time's up. (requested by Person_McSomeone)
|c|☆Person_McSomeone|for a moment there i was winning
|l|☆Person_McSomeone
|inactive|Person_McSomeone disconnected and has 300 seconds to reconnect!
|player|p1|
|c|☆KingNoahC17|do you wonder why it was just a moment?
|inactive|KingNoahC17 has 60 seconds left.
|inactive|Person_McSomeone has 270 seconds to reconnect!
|inactive|KingNoahC17 has 30 seconds left.
|inactive|KingNoahC17 has 20 seconds left.
|inactive|KingNoahC17 has 15 seconds left.
|inactive|Person_McSomeone has 240 seconds to reconnect!
|inactive|Person_McSomeone has 210 seconds to reconnect!
|inactive|Person_McSomeone has 180 seconds to reconnect!
|l|☆KingNoahC17
|inactive|KingNoahC17 disconnected and has 300 seconds to reconnect!
|player|p2|
|inactive|Person_McSomeone has 150 seconds to reconnect!
|j|☆KingNoahC17
|inactive|KingNoahC17 reconnected.
|player|p2|KingNoahC17|alec-anime|
|inactive|Person_McSomeone has 120 seconds to reconnect!
|inactive|Person_McSomeone has 90 seconds to reconnect!
|inactive|Person_McSomeone has 60 seconds to reconnect!
|j|☆Person_McSomeone
|inactive|Person_McSomeone reconnected and has 70 seconds left.
|player|p1|Person_McSomeone|miku-psychic|
|c|☆Person_McSomeone|fuck
|inactive|Person_McSomeone has 60 seconds left.
|c|☆KingNoahC17|smh
|c|☆KingNoahC17|what
|c|☆KingNoahC17|did you expect me dc and give up so you get a "win"
|inactive|Person_McSomeone has 30 seconds left.
|c|☆Person_McSomeone|yes
|
|t:|1786059301
|teamsize|p1|4
|teamsize|p2|4
|start
|switch|p1a: Farigiraf|Farigiraf, L50, M|100/100
|switch|p1b: Toxapex|Toxapex, L50, M|100/100
|switch|p2a: Grimmsnarl|Grimmsnarl, L50, M|100/100
|switch|p2b: Incineroar|Incineroar, L50, M|100/100
|-ability|p2b: Incineroar|Intimidate|boost
|-unboost|p1a: Farigiraf|atk|1
|-unboost|p1b: Toxapex|atk|1
|turn|1
|c|☆KingNoahC17|never would i ever let myself lose like that
|c|☆KingNoahC17|im too petty icl
|inactive|KingNoahC17 has 30 seconds left.
|
|t:|1786059327
|move|p1a: Farigiraf|Protect|p1a: Farigiraf
|-singleturn|p1a: Farigiraf|Protect
|move|p2a: Grimmsnarl|Light Screen|p2a: Grimmsnarl
|-sidestart|p2: KingNoahC17|move: Light Screen
|move|p2b: Incineroar|Throat Chop|p1a: Farigiraf
|-activate|p1a: Farigiraf|move: Protect
|move|p1b: Toxapex|Toxic|p2b: Incineroar
|-status|p2b: Incineroar|tox
|
|-damage|p2b: Incineroar|94/100 tox|[from] psn
|upkeep
|turn|2
|
|t:|1786059351
|switch|p1a: Mawile|Mawile, L50, F|100/100
|-ability|p1a: Mawile|Intimidate|boost
|-unboost|p2a: Grimmsnarl|atk|1
|-unboost|p2b: Incineroar|atk|1
|move|p2b: Incineroar|Throat Chop|p1a: Mawile
|-resisted|p1a: Mawile|1
|-damage|p1a: Mawile|80/100
|-start|p1a: Mawile|Throat Chop|[silent]
|move|p2a: Grimmsnarl|Spirit Break|p1a: Mawile
|-resisted|p1a: Mawile|1
|-damage|p1a: Mawile|65/100
|-unboost|p1a: Mawile|spa|1
|move|p1b: Toxapex|Infestation|p2a: Grimmsnarl
|-damage|p2a: Grimmsnarl|98/100
|-activate|p2a: Grimmsnarl|move: Infestation|[of] p1b: Toxapex
|
|-damage|p2b: Incineroar|82/100 tox|[from] psn
|-damage|p2a: Grimmsnarl|85/100|[from] move: Infestation|[partiallytrapped]
|upkeep
|turn|3
|inactive|Person_McSomeone has 30 seconds left.
|
|t:|1786059378
|detailschange|p1a: Mawile|Mawile-Mega, L50, F
|-mega|p1a: Mawile|Mawile|Mawilite
|move|p2a: Grimmsnarl|Reflect|p2a: Grimmsnarl
|-sidestart|p2: KingNoahC17|Reflect
|move|p2b: Incineroar|Parting Shot|p1a: Mawile
|-unboost|p1a: Mawile|atk|1
|-unboost|p1a: Mawile|spa|1
|
|t:|1786059384
|switch|p2b: Metagross|Metagross, L50|100/100|[from] Parting Shot
|move|p1a: Mawile|Play Rough|p2b: Metagross
|-resisted|p2b: Metagross|1
|-damage|p2b: Metagross|84/100
|move|p1b: Toxapex|Toxic|p2a: Grimmsnarl
|-status|p2a: Grimmsnarl|tox
|
|-damage|p2a: Grimmsnarl|79/100 tox|[from] psn
|-damage|p2a: Grimmsnarl|67/100 tox|[from] move: Infestation|[partiallytrapped]
|-end|p1a: Mawile|Throat Chop|[silent]
|upkeep
|turn|4
|
|t:|1786059403
|switch|p1a: Farigiraf|Farigiraf, L50, M|100/100
|detailschange|p2b: Metagross|Metagross-Mega, L50
|-mega|p2b: Metagross|Metagross|Metagrossite
|move|p1b: Toxapex|Baneful Bunker|p1b: Toxapex
|-singleturn|p1b: Toxapex|move: Protect
|move|p2a: Grimmsnarl|Parting Shot||[still]
|cant|p1a: Farigiraf|ability: Armor Tail|Parting Shot|[of] p2a: Grimmsnarl
|move|p2b: Metagross|Psychic Fangs|p1b: Toxapex
|-activate|p1b: Toxapex|move: Protect
|
|-damage|p2a: Grimmsnarl|55/100 tox|[from] psn
|-damage|p2a: Grimmsnarl|43/100 tox|[from] move: Infestation|[partiallytrapped]
|upkeep
|turn|5
|inactive|KingNoahC17 has 30 seconds left.
|inactive|KingNoahC17 has 20 seconds left.
|
|t:|1786059443
|move|p2b: Metagross|Psychic Fangs|p1b: Toxapex
|-supereffective|p1b: Toxapex|1
|-damage|p1b: Toxapex|22/100
|move|p2a: Grimmsnarl|Spirit Break|p1b: Toxapex
|-resisted|p1b: Toxapex|1
|-damage|p1b: Toxapex|15/100
|-unboost|p1b: Toxapex|spa|1
|move|p1b: Toxapex|Infestation|p2b: Metagross
|-damage|p2b: Metagross|82/100
|-activate|p2b: Metagross|move: Infestation|[of] p1b: Toxapex
|move|p1a: Farigiraf|Trick Room|p1a: Farigiraf
|-fieldstart|move: Trick Room|[of] p1a: Farigiraf
|
|-heal|p1b: Toxapex|21/100|[from] item: Leftovers
|-damage|p2a: Grimmsnarl|25/100 tox|[from] psn
|-damage|p2a: Grimmsnarl|12/100 tox|[from] move: Infestation|[partiallytrapped]
|-damage|p2b: Metagross|70/100|[from] move: Infestation|[partiallytrapped]
|upkeep
|turn|6
|c|☆Person_McSomeone|i rly thought that would kill
|c|☆KingNoahC17|never lol
|inactive|Person_McSomeone has 30 seconds left.
|inactive|Person_McSomeone has 20 seconds left.
|inactive|Person_McSomeone has 15 seconds left.
|
|t:|1786059485
|move|p2b: Metagross|Protect|p2b: Metagross
|-singleturn|p2b: Metagross|Protect
|move|p1b: Toxapex|Infestation|p2b: Metagross
|-activate|p2b: Metagross|move: Protect
|move|p1a: Farigiraf|Hyper Voice|p2b: Metagross|[spread] p2a
|-activate|p2b: Metagross|move: Protect
|-damage|p2a: Grimmsnarl|0 fnt
|faint|p2a: Grimmsnarl
|
|-heal|p1b: Toxapex|26/100|[from] item: Leftovers
|-damage|p2b: Metagross|58/100|[from] move: Infestation|[partiallytrapped]
|upkeep
|
|t:|1786059497
|switch|p2a: Garchomp|Garchomp, L50, M|100/100
|turn|7
|
|t:|1786059515
|move|p1a: Farigiraf|Protect|p1a: Farigiraf
|-singleturn|p1a: Farigiraf|Protect
|move|p2a: Garchomp|Protect|p2a: Garchomp
|-singleturn|p2a: Garchomp|Protect
|move|p1b: Toxapex|Toxic|p2a: Garchomp
|-activate|p2a: Garchomp|move: Protect
|move|p2b: Metagross|Psychic Fangs|p1b: Toxapex
|-supereffective|p1b: Toxapex|1
|-damage|p1b: Toxapex|0 fnt
|faint|p1b: Toxapex
|
|-end|p2b: Metagross|Infestation|[partiallytrapped]|[silent]
|upkeep
|
|t:|1786059521
|switch|p1b: Torkoal|Torkoal, L50, F|100/100
|-weather|SunnyDay|[from] ability: Drought|[of] p1b: Torkoal
|turn|8
|
|t:|1786059528
|move|p2b: Metagross|Protect|p2b: Metagross
|-singleturn|p2b: Metagross|Protect
|move|p1b: Torkoal|Eruption|p2a: Garchomp|[spread] p2a
|-activate|p2b: Metagross|move: Protect
|-resisted|p2a: Garchomp|1
|-damage|p2a: Garchomp|70/100
|move|p1a: Farigiraf|Hyper Voice|p2b: Metagross|[spread] p2a
|-activate|p2b: Metagross|move: Protect
|-damage|p2a: Garchomp|53/100
|move|p2a: Garchomp|Earthquake|p1a: Farigiraf|[spread] p1a,p1b
|-activate|p2b: Metagross|move: Protect
|-supereffective|p1b: Torkoal|1
|-damage|p1a: Farigiraf|65/100
|-damage|p1b: Torkoal|37/100
|
|-weather|SunnyDay|[upkeep]
|-sideend|p2: KingNoahC17|move: Light Screen
|upkeep
|turn|9
|c|☆KingNoahC17|chat is that w reads
|c|☆Person_McSomeone|no
|inactive|KingNoahC17 has 30 seconds left.
|c|☆KingNoahC17|you dont get to add your personal input
|c|☆Person_McSomeone|yes i do
|
|t:|1786059562
|move|p1b: Torkoal|Earth Power|p2b: Metagross
|-supereffective|p2b: Metagross|1
|-damage|p2b: Metagross|4/100
|move|p1a: Farigiraf|Hyper Voice|p2a: Garchomp|[spread] p2a,p2b
|-resisted|p2b: Metagross|1
|-damage|p2a: Garchomp|28/100
|-damage|p2b: Metagross|0 fnt
|-enditem|p2a: Garchomp|Sitrus Berry|[eat]
|-heal|p2a: Garchomp|53/100|[from] item: Sitrus Berry
|faint|p2b: Metagross
|move|p2a: Garchomp|Earthquake|p1a: Farigiraf|[spread] p1a,p1b
|-crit|p1a: Farigiraf
|-supereffective|p1b: Torkoal|1
|-damage|p1a: Farigiraf|13/100
|-damage|p1b: Torkoal|0 fnt
|-enditem|p1a: Farigiraf|Sitrus Berry|[eat]
|-heal|p1a: Farigiraf|38/100|[from] item: Sitrus Berry
|faint|p1b: Torkoal
|
|-weather|SunnyDay|[upkeep]
|-fieldend|move: Trick Room
|upkeep
|
|t:|1786059573
|switch|p2b: Incineroar|Incineroar, L50, M|82/100 tox
|switch|p1b: Mawile|Mawile-Mega, L50, F|65/100
|-ability|p2b: Incineroar|Intimidate|boost
|-unboost|p1a: Farigiraf|atk|1
|-unboost|p1b: Mawile|atk|1
|turn|10
|
|t:|1786059582
|move|p1a: Farigiraf|Protect|p1a: Farigiraf
|-singleturn|p1a: Farigiraf|Protect
|move|p1b: Mawile|Protect|p1b: Mawile
|-singleturn|p1b: Mawile|Protect
|move|p2a: Garchomp|Rock Slide|p1b: Mawile|[spread] 
|-activate|p1a: Farigiraf|move: Protect
|-activate|p1b: Mawile|move: Protect
|move|p2b: Incineroar|Throat Chop|p1a: Farigiraf
|-activate|p1a: Farigiraf|move: Protect
|
|-weather|SunnyDay|[upkeep]
|-damage|p2b: Incineroar|76/100 tox|[from] psn
|-sideend|p2: KingNoahC17|Reflect
|upkeep
|turn|11
|
|t:|1786059606
|move|p1b: Mawile|Sucker Punch|p2a: Garchomp
|-damage|p2a: Garchomp|25/100
|-damage|p1b: Mawile|53/100|[from] ability: Rough Skin|[of] p2a: Garchomp
|move|p2a: Garchomp|Dragon Claw|p1a: Farigiraf
|-damage|p1a: Farigiraf|1/100
|move|p2b: Incineroar|Flare Blitz|p1b: Mawile
|-supereffective|p1b: Mawile|1
|-damage|p1b: Mawile|0 fnt
|faint|p1b: Mawile
|-damage|p2b: Incineroar|64/100 tox|[from] Recoil
|move|p1a: Farigiraf|Hyper Voice|p2a: Garchomp|[spread] p2a,p2b
|-damage|p2a: Garchomp|0 fnt
|-damage|p2b: Incineroar|40/100 tox
|faint|p2a: Garchomp
|
|-weather|SunnyDay|[upkeep]
|-damage|p2b: Incineroar|28/100 tox|[from] psn
|upkeep
|turn|12
|
|t:|1786059624
|move|p1a: Farigiraf|Protect|p1a: Farigiraf
|-singleturn|p1a: Farigiraf|Protect
|move|p2b: Incineroar|Throat Chop|p1a: Farigiraf
|-activate|p1a: Farigiraf|move: Protect
|
|-weather|none
|-damage|p2b: Incineroar|10/100 tox|[from] psn
|upkeep
|turn|13
|inactive|Person_McSomeone has 30 seconds left.
|c|☆KingNoahC17|pls dont
|inactive|Person_McSomeone has 20 seconds left.
|c|☆KingNoahC17|im actually busy after this
|inactive|Person_McSomeone has 15 seconds left.
|inactive|Person_McSomeone has 10 seconds left.
|c|☆KingNoahC17|pls dont do this to me
|inactive|Person_McSomeone has 5 seconds left.
|c|☆KingNoahC17|pls dont go for it
|
|t:|1786059679
|move|p2b: Incineroar|Throat Chop|p1a: Farigiraf
|-supereffective|p1a: Farigiraf|1
|-damage|p1a: Farigiraf|0 fnt
|faint|p1a: Farigiraf
|
|win|KingNoahC17
|c|☆KingNoahC17|tysm
|c|☆Person_McSomeone|fuck
|c|☆Person_McSomeone|i thought there was more time
|c|☆Person_McSomeone|i wanted to double protect
|c|☆KingNoahC17|bruh
|c|☆KingNoahC17|ig bro
|c|☆Person_McSomeone|1/3 is more that 0
