|j|☆itangood5
|j|☆aceritopuro
|html|itangood5aceritopuro    
|uhtml|bestof|Game 2 of a best-of-3
|t:|1783378609
|gametype|doubles
|player|p1|itangood5|nate|1168
|player|p2|aceritopuro|n|1089
|gen|9
|tier|[Gen 9 Champions] VGC 2026 Reg M-B (Bo3)
|rated|
|rule|Species Clause: Limit one of each Pokémon
|rule|Item Clause: Limit 1 of each item
|clearpoke
|poke|p1|Charizard, L50, F, shiny|
|poke|p1|Venusaur, L50, M|
|poke|p1|Floette-Eternal, L50, F|
|poke|p1|Farigiraf, L50, F|
|poke|p1|Incineroar, L50, F, shiny|
|poke|p1|Azumarill, L50, F|
|poke|p2|Raichu, L50, M|
|poke|p2|Garchomp, L50, M|
|poke|p2|Sylveon, L50, M|
|poke|p2|Charizard, L50, M|
|poke|p2|Staraptor, L50, F|
|poke|p2|Gholdengo, L50|
|teampreview|4
|showteam|p1|Charizard||CharizarditeY|SolarPower|HeatWave,Protect,WeatherBall,SolarBeam|Modest||F|||50|]Venusaur||FocusSash|Chlorophyll|LeafStorm,EarthPower,SludgeBomb,SleepPowder|Timid||M|||50|]Floette-Eternal||Floettite|FlowerVeil|Moonblast,CalmMind,DrainingKiss,Protect|Modest||F|||50|]Farigiraf||SitrusBerry|ArmorTail|PsychicNoise,Roar,HelpingHand,TrickRoom|Bold||F|||50|]Incineroar||WhiteHerb|Intimidate|CloseCombat,FlareBlitz,PartingShot,FakeOut|Brave||F|||50|]Azumarill||LifeOrb|HugePower|Liquidation,PlayRough,Protect,AquaJet|Brave||F|||50|
|showteam|p2|Raichu||FocusSash|LightningRod|FakeOut,Nuzzle,Charm,VoltSwitch|Timid||M|||50|]Garchomp||LifeOrb|RoughSkin|Earthquake,DragonClaw,RockSlide,Protect|Jolly||M|||50|]Sylveon||FairyFeather|Pixilate|Detect,QuickAttack,HyperBeam,HyperVoice|Modest||M|||50|]Charizard||CharizarditeY|Blaze|HeatWave,SolarBeam,WeatherBall,Protect|Modest||M|||50|]Staraptor||Staraptite|Intimidate|Protect,Roost,CloseCombat,BraveBird|Jolly||F|||50|]Gholdengo||ChoiceScarf|GoodasGold|MakeItRain,ShadowBall,PowerGem,Trick|Timid|||||50|
|inactive|Battle timer is ON: inactive players will automatically lose when time's up. (requested by itangood5)
|
|t:|1783378617
|teamsize|p1|4
|teamsize|p2|4
|start
|switch|p1a: Rookie|Floette-Eternal, L50, F|100/100
|switch|p1b: Boss battle|Incineroar, L50, F, shiny|100/100
|switch|p2a: Raichu|Raichu, L50, M|100/100
|switch|p2b: Staraptor|Staraptor, L50, F|100/100
|-ability|p2b: Staraptor|Intimidate|boost
|-unboost|p1a: Rookie|atk|1
|-unboost|p1b: Boss battle|atk|1
|-ability|p1b: Boss battle|Intimidate|boost
|-unboost|p2a: Raichu|atk|1
|-unboost|p2b: Staraptor|atk|1
|-enditem|p1b: Boss battle|White Herb
|-clearnegativeboost|p1b: Boss battle|[silent]
|turn|1
|
|t:|1783378627
|switch|p1b: Right HM|Farigiraf, L50, F|100/100
|detailschange|p2b: Staraptor|Staraptor-Mega, L50, F
|-mega|p2b: Staraptor|Staraptor|Staraptite
|detailschange|p1a: Rookie|Floette-Mega, L50, F
|-mega|p1a: Rookie|Floette|Floettite
|-ability|p1a: Rookie|Fairy Aura
|move|p2a: Raichu|Fake Out||[still]
|cant|p1b: Right HM|ability: Armor Tail|Fake Out|[of] p2a: Raichu
|move|p2b: Staraptor|Close Combat|p1b: Right HM
|-damage|p1b: Right HM|70/100
|-boost|p2b: Staraptor|def|1
|-boost|p2b: Staraptor|spd|1
|move|p1a: Rookie|Moonblast|p2b: Staraptor
|-supereffective|p2b: Staraptor|1
|-damage|p2b: Staraptor|0 fnt
|faint|p2b: Staraptor
|
|upkeep
|
|t:|1783378631
|switch|p2b: Gholdengo|Gholdengo, L50|100/100
|turn|2
|
|t:|1783378648
|switch|p1a: Boss battle|Incineroar, L50, F, shiny|100/100
|-ability|p1a: Boss battle|Intimidate|boost
|-unboost|p2a: Raichu|atk|1
|-unboost|p2b: Gholdengo|atk|1
|move|p2b: Gholdengo|Make It Rain|p1a: Boss battle|[spread] p1a,p1b
|-resisted|p1a: Boss battle|1
|-damage|p1a: Boss battle|78/100
|-damage|p1b: Right HM|26/100
|-unboost|p2b: Gholdengo|spa|2
|-enditem|p1b: Right HM|Sitrus Berry|[eat]
|-heal|p1b: Right HM|51/100|[from] item: Sitrus Berry
|move|p2a: Raichu|Nuzzle|p1a: Boss battle
|-damage|p1a: Boss battle|75/100
|-status|p1a: Boss battle|par
|move|p1b: Right HM|Trick Room|p1b: Right HM
|-fieldstart|move: Trick Room|[of] p1b: Right HM
|
|upkeep
|turn|3
|
|t:|1783378665
|switch|p2b: Garchomp|Garchomp, L50, M|100/100
|cant|p1a: Boss battle|par
|move|p1b: Right HM|Psychic Noise|p2a: Raichu
|-damage|p2a: Raichu|57/100
|-start|p2a: Raichu|move: Heal Block
|move|p2a: Raichu|Nuzzle|p1b: Right HM
|-damage|p1b: Right HM|48/100
|-status|p1b: Right HM|par
|
|upkeep
|turn|4
|
|t:|1783378689
|move|p1a: Boss battle|Flare Blitz|p2a: Raichu
|-damage|p2a: Raichu|0 fnt
|faint|p2a: Raichu
|-damage|p1a: Boss battle|62/100 par|[from] Recoil
|move|p1b: Right HM|Psychic Noise|p2b: Garchomp
|-damage|p2b: Garchomp|69/100
|-start|p2b: Garchomp|move: Heal Block
|move|p2b: Garchomp|Earthquake|p1a: Boss battle|[spread] p1a,p1b
|-supereffective|p1a: Boss battle|1
|-damage|p1a: Boss battle|0 fnt
|-damage|p1b: Right HM|14/100 par
|faint|p1a: Boss battle
|-damage|p2b: Garchomp|60/100|[from] item: Life Orb
|
|upkeep
|
|t:|1783378698
|switch|p1a: Rookie|Floette-Mega, L50, F|100/100
|switch|p2a: Gholdengo|Gholdengo, L50|100/100
|-ability|p1a: Rookie|Fairy Aura
|turn|5
|
|t:|1783378710
|move|p1a: Rookie|Moonblast|p2b: Garchomp
|-supereffective|p2b: Garchomp|1
|-damage|p2b: Garchomp|0 fnt
|faint|p2b: Garchomp
|move|p2a: Gholdengo|Shadow Ball|p1b: Right HM
|-immune|p1b: Right HM
|move|p1b: Right HM|Roar|p1a: Rookie
|drag|p1a: Azzy|Azumarill, L50, F|100/100
|
|upkeep
|turn|6
|
|t:|1783378724
|move|p1b: Right HM|Helping Hand|p1a: Azzy
|-singleturn|p1a: Azzy|Helping Hand|[of] p1b: Right HM
|move|p1a: Azzy|Liquidation|p2a: Gholdengo
|-damage|p2a: Gholdengo|1/100
|-damage|p1a: Azzy|90/100|[from] item: Life Orb
|move|p2a: Gholdengo|Shadow Ball|p1b: Right HM
|-immune|p1b: Right HM
|
|-fieldend|move: Trick Room
|upkeep
|turn|7
|
|t:|1783378730
|cant|p1b: Right HM|par
|move|p1a: Azzy|Aqua Jet|p2a: Gholdengo
|-damage|p2a: Gholdengo|0 fnt
|faint|p2a: Gholdengo
|-damage|p1a: Azzy|80/100|[from] item: Life Orb
|
|win|itangood5
|raw|itangood5's rating: 1168 → 1187(+19 for winning)
|raw|aceritopuro's rating: 1089 → 1071(-18 for losing)
|l|☆aceritopuro
|player|p2|
