|j|☆aqueousbloop
|j|☆gabazor
|html|aqueousbloopgabazor    
|uhtml|bestof|Game 1 of a best-of-3
|t:|1756218793
|gametype|doubles
|player|p1|aqueousbloop|101|1113
|player|p2|gabazor|infielder|1149
|gen|9
|tier|[Gen 9] VGC 2025 Reg H (Bo3)
|rated|
|rule|Species Clause: Limit one of each Pokémon
|rule|Item Clause: Limit 1 of each item
|clearpoke
|poke|p1|Sneasler, L50, F|
|poke|p1|Basculegion, L50, M|
|poke|p1|Pelipper, L50, M|
|poke|p1|Indeedee-F, L50, F|
|poke|p1|Lurantis, L50, F|
|poke|p1|Hatterene, L50, F|
|poke|p2|Porygon2, L50|
|poke|p2|Incineroar, L50, M|
|poke|p2|Ursaluna, L50, M|
|poke|p2|Jumpluff, L50, M|
|poke|p2|Charizard, L50, M|
|poke|p2|Torkoal, L50, F|
|teampreview|4
|showteam|p1|Sneasler||SafetyGoggles|PoisonTouch|ThroatChop,CloseCombat,DireClaw,FakeOut|||F|||50|,,,,,Dark]Basculegion||ChoiceBand|SwiftSwim|FlipTurn,WaveCrash,LastRespects,AquaJet|||M|||50|,,,,,Grass]Pelipper||FocusSash|Drizzle|Hurricane,WeatherBall,WideGuard,Protect|||M|||50|,,,,,Ghost]Indeedee-F||PsychicSeed|PsychicSurge|TrickRoom,FollowMe,HelpingHand,Psychic|||F|||50|,,,,,Fairy]Lurantis||AssaultVest|Contrary|Superpower,LeafBlade,KnockOff,LeechLife|||F|||50|,,,,,Poison]Hatterene||LifeOrb|MagicBounce|TrickRoom,ExpandingForce,DazzlingGleam,Protect|||F|||50|,,,,,Psychic
|showteam|p2|Porygon2||Eviolite|Download|TeraBlast,IceBeam,TrickRoom,Recover||||||50|,,,,,Fighting]Incineroar||SitrusBerry|Intimidate|FakeOut,KnockOff,FlareBlitz,PartingShot|||M|||50|,,,,,Ghost]Ursaluna||FlameOrb|Guts|HeadlongRush,Facade,Earthquake,Protect|||M|||50|,,,,,Ghost]Jumpluff||CovertCloak|Chlorophyll|RagePowder,SunnyDay,Tailwind,SleepPowder|||M|||50|,,,,,Fire]Charizard||ChoiceSpecs|SolarPower|HeatWave,Overheat,WeatherBall,DragonPulse|||M|||50|,,,,,Ghost]Torkoal||EjectPack|Drought|Overheat,Eruption,HelpingHand,Protect|||F|||50|,,,,,Fire
|inactive|Battle timer is ON: inactive players will automatically lose when time's up. (requested by aqueousbloop)
|
|t:|1756218830
|teamsize|p1|4
|teamsize|p2|4
|start
|switch|p1a: Sneasler|Sneasler, L50, F|100/100
|switch|p1b: Lurantis|Lurantis, L50, F|100/100
|switch|p2a: Incineroar|Incineroar, L50, M|100/100
|switch|p2b: Jumpluff|Jumpluff, L50, M|100/100
|-ability|p2a: Incineroar|Intimidate|boost
|-unboost|p1a: Sneasler|atk|1
|-boost|p1b: Lurantis|atk|1
|turn|1
|inactive|aqueousbloop has 30 seconds left.
|inactive|gabazor has 30 seconds left.
|inactive|aqueousbloop has 20 seconds left.
|inactive|gabazor has 20 seconds left.
|inactive|aqueousbloop has 15 seconds left.
|inactive|gabazor has 15 seconds left.
|inactive|aqueousbloop has 10 seconds left.
|inactive|gabazor has 10 seconds left.
|inactive|gabazor has 5 seconds left.
|
|t:|1756218880
|move|p1a: Sneasler|Fake Out|p2a: Incineroar
|-damage|p2a: Incineroar|91/100
|move|p2b: Jumpluff|Sleep Powder|p1a: Sneasler
|-activate|p1a: Sneasler|item: Safety Goggles|Sleep Powder
|cant|p2a: Incineroar|flinch
|move|p1b: Lurantis|Knock Off|p2b: Jumpluff
|-damage|p2b: Jumpluff|45/100
|-enditem|p2b: Jumpluff|Covert Cloak|[from] move: Knock Off|[of] p1b: Lurantis
|
|upkeep
|turn|2
|inactive|aqueousbloop has 30 seconds left.
|inactive|gabazor has 30 seconds left.
|inactive|gabazor has 20 seconds left.
|inactive|gabazor has 15 seconds left.
|inactive|gabazor has 10 seconds left.
|inactive|gabazor has 5 seconds left.
|
|t:|1756218933
|move|p1a: Sneasler|Close Combat|p2a: Incineroar
|-supereffective|p2a: Incineroar
|-damage|p2a: Incineroar|3/100
|-unboost|p1a: Sneasler|def|1
|-unboost|p1a: Sneasler|spd|1
|-enditem|p2a: Incineroar|Sitrus Berry|[eat]
|-heal|p2a: Incineroar|28/100|[from] item: Sitrus Berry
|move|p2b: Jumpluff|Tailwind|p2b: Jumpluff
|-sidestart|p2: gabazor|move: Tailwind
|move|p2a: Incineroar|Flare Blitz|p1b: Lurantis
|-supereffective|p1b: Lurantis
|-damage|p1b: Lurantis|0 fnt
|faint|p1b: Lurantis
|-damage|p2a: Incineroar|0 fnt|[from] Recoil
|faint|p2a: Incineroar
|
|upkeep
|
|t:|1756218950
|switch|p2a: Charizard|Charizard, L50, M|100/100
|switch|p1b: Pelipper|Pelipper, L50, M|100/100
|-weather|RainDance|[from] ability: Drizzle|[of] p1b: Pelipper
|turn|3
|
|t:|1756218975
|move|p1b: Pelipper|Protect|p1b: Pelipper
|-singleturn|p1b: Pelipper|Protect
|move|p2b: Jumpluff|Sunny Day|p2b: Jumpluff
|-weather|SunnyDay
|move|p2a: Charizard|Heat Wave|p1a: Sneasler|[spread] 
|-activate|p1b: Pelipper|move: Protect
|-miss|p2a: Charizard|p1a: Sneasler
|move|p1a: Sneasler|Dire Claw|p2b: Jumpluff
|-supereffective|p2b: Jumpluff
|-damage|p2b: Jumpluff|0 fnt
|faint|p2b: Jumpluff
|
|-weather|SunnyDay|[upkeep]
|-damage|p2a: Charizard|88/100|[from] ability: Solar Power|[of] p2a: Charizard
|upkeep
|
|t:|1756218994
|switch|p2b: Ursaluna|Ursaluna, L50, M|100/100
|turn|4
|inactive|aqueousbloop has 30 seconds left.
|
|t:|1756219025
|move|p1b: Pelipper|Wide Guard|p1b: Pelipper
|-singleturn|p1b: Pelipper|Wide Guard
|move|p2a: Charizard|Heat Wave|p1a: Sneasler|[spread] 
|-activate|p1a: Sneasler|move: Wide Guard
|-activate|p1b: Pelipper|move: Wide Guard
|move|p1a: Sneasler|Close Combat|p2b: Ursaluna
|-supereffective|p2b: Ursaluna
|-damage|p2b: Ursaluna|33/100
|-unboost|p1a: Sneasler|def|1
|-unboost|p1a: Sneasler|spd|1
|move|p2b: Ursaluna|Earthquake|p1b: Pelipper|[spread] 
|-activate|p1a: Sneasler|move: Wide Guard
|-activate|p1b: Pelipper|move: Wide Guard
|-immune|p2a: Charizard
|
|-weather|SunnyDay|[upkeep]
|-damage|p2a: Charizard|76/100|[from] ability: Solar Power|[of] p2a: Charizard
|-status|p2b: Ursaluna|brn|[from] item: Flame Orb
|upkeep
|turn|5
|inactive|aqueousbloop has 30 seconds left.
|
|t:|1756219052
|move|p1b: Pelipper|Wide Guard|p1b: Pelipper
|-singleturn|p1b: Pelipper|Wide Guard
|move|p2a: Charizard|Heat Wave|p1a: Sneasler|[spread] 
|-activate|p1a: Sneasler|move: Wide Guard
|-activate|p1b: Pelipper|move: Wide Guard
|move|p1a: Sneasler|Close Combat|p2b: Ursaluna
|-supereffective|p2b: Ursaluna
|-damage|p2b: Ursaluna|0 fnt
|-unboost|p1a: Sneasler|def|1
|-unboost|p1a: Sneasler|spd|1
|faint|p2b: Ursaluna
|
|-weather|SunnyDay|[upkeep]
|-damage|p2a: Charizard|63/100|[from] ability: Solar Power|[of] p2a: Charizard
|-sideend|p2: gabazor|move: Tailwind
|upkeep
|turn|6
|-message|gabazor forfeited.
|
|win|aqueousbloop
|l|☆gabazor
|player|p2|
||aqueousbloop is ready for game 2.
||gabazor is ready for game 2.
|uhtml|next|Next: Game 2 of 3
