|j|☆harlow18
|j|☆GS Barnabe
|html|harlow18GS Barnabe    
|uhtml|bestof|Game 3 of a best-of-3
|t:|1785937965
|gametype|doubles
|player|p1|harlow18|265|1019
|player|p2|GS Barnabe|1|1128
|gen|9
|tier|[Gen 9 Champions] VGC 2026 Reg M-B (Bo3)
|rated|
|rule|Species Clause: Limit one of each Pokémon
|rule|Item Clause: Limit 1 of each item
|clearpoke
|poke|p1|Lucario, L50, M|
|poke|p1|Chandelure, L50, M|
|poke|p1|Overqwil, L50, M|
|poke|p1|Rotom-Mow, L50|
|poke|p1|Hydreigon, L50, F|
|poke|p1|Primarina, L50, F|
|poke|p2|Clefable, L50, F|
|poke|p2|Tyranitar, L50, F|
|poke|p2|Garchomp, L50, F|
|poke|p2|Gholdengo, L50|
|poke|p2|Rotom-Wash, L50|
|poke|p2|Aerodactyl, L50, F|
|teampreview|4
|showteam|p1|Lucario||Lucarionite|InnerFocus|SwordsDance,BulletPunch,DrainPunch,IcePunch|Jolly||M|||50|]Chandelure||Chandelurite|FlashFire|HeatWave,ShadowBall,Protect,Taunt|Timid||M|||50|]Overqwil||Leftovers|Intimidate|Taunt,Protect,Crunch,GunkShot|Adamant||M|||50|]Rotom-Mow||ChoiceScarf|Levitate|VoltSwitch,Electroweb,LeafStorm,WillOWisp|Timid|||||50|]Hydreigon||DragonFang|Levitate|EarthPower,DarkPulse,DragonPulse,Tailwind|Timid||F|||50|]Primarina||SitrusBerry|Torrent|Moonblast,HydroPump,CalmMind,Protect|Modest||F|||50|
|showteam|p2|Clefable||SitrusBerry|Unaware|Moonblast,FollowMe,HealPulse,Protect|Bold||F|||50|]Tyranitar||ChoiceScarf|SandStream|RockSlide,KnockOff,IcePunch,Superpower|Jolly||F|||50|]Garchomp||Garchompite|SandVeil|DracoMeteor,EarthPower,PowerGem,Protect|Modest||F|||50|]Gholdengo||LifeOrb|GoodasGold|MakeItRain,ShadowBall,NastyPlot,Protect|Modest|||||50|]Rotom-Wash||Leftovers|Levitate|HydroPump,VoltSwitch,WillOWisp,Protect|Calm|||||50|]Aerodactyl||Aerodactylite|RockHead|RockSlide,DualWingbeat,Tailwind,Protect|Jolly||F|||50|
|inactive|Battle timer is ON: inactive players will automatically lose when time's up. (requested by harlow18)
|inactive|harlow18 has 60 seconds left.
|inactive|GS Barnabe has 60 seconds left.
|
|t:|1785938018
|teamsize|p1|4
|teamsize|p2|4
|start
|switch|p1a: Lucario|Lucario, L50, M|100/100
|switch|p1b: Primarina|Primarina, L50, F|100/100
|switch|p2a: Garchomp|Garchomp, L50, F|100/100
|switch|p2b: Aerodactyl|Aerodactyl, L50, F|100/100
|turn|1
|
|t:|1785938032
|switch|p1a: Hydreigon|Hydreigon, L50, F|100/100
|detailschange|p2a: Garchomp|Garchomp-Mega, L50, F
|-mega|p2a: Garchomp|Garchomp|Garchompite
|move|p2b: Aerodactyl|Tailwind|p2b: Aerodactyl
|-sidestart|p2: GS Barnabe|move: Tailwind
|move|p2a: Garchomp|Earth Power|p1a: Hydreigon
|-immune|p1a: Hydreigon|[from] ability: Levitate
|move|p1b: Primarina|Calm Mind|p1b: Primarina
|-boost|p1b: Primarina|spa|1
|-boost|p1b: Primarina|spd|1
|
|upkeep
|turn|2
|
|t:|1785938052
|switch|p2a: Clefable|Clefable, L50, F|100/100
|switch|p1a: Overqwil|Overqwil, L50, M|100/100
|-ability|p1a: Overqwil|Intimidate|boost
|-unboost|p2a: Clefable|atk|1
|-unboost|p2b: Aerodactyl|atk|1
|move|p2b: Aerodactyl|Rock Slide|p1a: Overqwil|[spread] p1a,p1b
|-damage|p1a: Overqwil|82/100
|-damage|p1b: Primarina|80/100
|move|p1b: Primarina|Moonblast|p2a: Clefable
|-damage|p2a: Clefable|56/100
|
|-heal|p1a: Overqwil|89/100|[from] item: Leftovers
|upkeep
|turn|3
|inactive|GS Barnabe has 30 seconds left.
|
|t:|1785938078
|switch|p2a: Tyranitar|Tyranitar, L50, F|100/100
|-weather|Sandstorm|[from] ability: Sand Stream|[of] p2a: Tyranitar
|move|p2b: Aerodactyl|Rock Slide|p1a: Overqwil|[spread] 
|-miss|p2b: Aerodactyl|p1a: Overqwil
|-miss|p2b: Aerodactyl|p1b: Primarina
|move|p1a: Overqwil|Gunk Shot|p2a: Tyranitar
|-resisted|p2a: Tyranitar|1
|-damage|p2a: Tyranitar|77/100
|move|p1b: Primarina|Moonblast|p2b: Aerodactyl
|-damage|p2b: Aerodactyl|33/100
|-unboost|p2b: Aerodactyl|spa|1
|
|-weather|Sandstorm|[upkeep]
|-damage|p1a: Overqwil|82/100|[from] Sandstorm
|-damage|p1b: Primarina|74/100|[from] Sandstorm
|-heal|p1a: Overqwil|89/100|[from] item: Leftovers
|upkeep
|turn|4
|inactive|GS Barnabe has 30 seconds left.
|
|t:|1785938107
|switch|p2b: Garchomp|Garchomp-Mega, L50, F|100/100
|move|p2a: Tyranitar|Rock Slide|p1b: Primarina|[spread] p1a,p1b
|-damage|p1a: Overqwil|57/100
|-damage|p1b: Primarina|39/100
|-enditem|p1b: Primarina|Sitrus Berry|[eat]
|-heal|p1b: Primarina|63/100|[from] item: Sitrus Berry
|move|p1a: Overqwil|Crunch|p2b: Garchomp
|-damage|p2b: Garchomp|68/100
|move|p1b: Primarina|Moonblast|p2a: Tyranitar
|-supereffective|p2a: Tyranitar|1
|-damage|p2a: Tyranitar|0 fnt
|faint|p2a: Tyranitar
|
|-weather|Sandstorm|[upkeep]
|-damage|p1a: Overqwil|51/100|[from] Sandstorm
|-damage|p1b: Primarina|57/100|[from] Sandstorm
|-heal|p1a: Overqwil|57/100|[from] item: Leftovers
|-sideend|p2: GS Barnabe|move: Tailwind
|upkeep
|
|t:|1785938121
|switch|p2a: Aerodactyl|Aerodactyl, L50, F|33/100
|turn|5
|inactive|GS Barnabe has 30 seconds left.
|
|t:|1785938152
|move|p2a: Aerodactyl|Rock Slide|p1b: Primarina|[spread] p1a,p1b
|-damage|p1a: Overqwil|31/100
|-damage|p1b: Primarina|24/100
|move|p2b: Garchomp|Earth Power|p1b: Primarina
|-damage|p1b: Primarina|0 fnt
|faint|p1b: Primarina
|cant|p1a: Overqwil|flinch
|
|-weather|Sandstorm|[upkeep]
|-damage|p1a: Overqwil|25/100|[from] Sandstorm
|-heal|p1a: Overqwil|31/100|[from] item: Leftovers
|upkeep
|
|t:|1785938162
|switch|p1b: Hydreigon|Hydreigon, L50, F|100/100
|turn|6
|inactive|GS Barnabe has 30 seconds left.
|
|t:|1785938188
|move|p2a: Aerodactyl|Tailwind|p2a: Aerodactyl
|-sidestart|p2: GS Barnabe|move: Tailwind
|move|p2b: Garchomp|Draco Meteor|p1b: Hydreigon
|-supereffective|p1b: Hydreigon|1
|-damage|p1b: Hydreigon|0 fnt
|-unboost|p2b: Garchomp|spa|2
|faint|p1b: Hydreigon
|move|p1a: Overqwil|Crunch|p2a: Aerodactyl
|-damage|p2a: Aerodactyl|0 fnt
|faint|p2a: Aerodactyl
|
|-weather|Sandstorm|[upkeep]
|-damage|p1a: Overqwil|25/100|[from] Sandstorm
|-heal|p1a: Overqwil|31/100|[from] item: Leftovers
|upkeep
|
|t:|1785938199
|switch|p2a: Clefable|Clefable, L50, F|56/100
|switch|p1b: Lucario|Lucario, L50, M|100/100
|turn|7
|
|t:|1785938223
|detailschange|p1b: Lucario|Lucario-Mega, L50, M
|-mega|p1b: Lucario|Lucario|Lucarionite
|move|p2a: Clefable|Follow Me|p2a: Clefable
|-singleturn|p2a: Clefable|move: Follow Me
|move|p1b: Lucario|Bullet Punch|p2a: Clefable
|-supereffective|p2a: Clefable|1
|-damage|p2a: Clefable|4/100
|-enditem|p2a: Clefable|Sitrus Berry|[eat]
|-heal|p2a: Clefable|29/100|[from] item: Sitrus Berry
|move|p2b: Garchomp|Earth Power|p1b: Lucario
|-supereffective|p1b: Lucario|1
|-damage|p1b: Lucario|1/100
|move|p1a: Overqwil|Crunch|p2a: Clefable
|-resisted|p2a: Clefable|1
|-damage|p2a: Clefable|14/100
|
|-weather|none
|-heal|p1a: Overqwil|37/100|[from] item: Leftovers
|upkeep
|turn|8
|inactive|GS Barnabe has 30 seconds left.
|inactive|GS Barnabe has 20 seconds left.
|
|t:|1785938263
|move|p2a: Clefable|Protect|p2a: Clefable
|-singleturn|p2a: Clefable|Protect
|move|p1b: Lucario|Bullet Punch|p2a: Clefable
|-activate|p2a: Clefable|move: Protect
|move|p2b: Garchomp|Earth Power|p1b: Lucario
|-supereffective|p1b: Lucario|1
|-damage|p1b: Lucario|0 fnt
|faint|p1b: Lucario
|move|p1a: Overqwil|Crunch|p2b: Garchomp
|-damage|p2b: Garchomp|41/100
|-unboost|p2b: Garchomp|def|1
|
|-heal|p1a: Overqwil|43/100|[from] item: Leftovers
|upkeep
|turn|9
|l|☆harlow18
|inactive|harlow18 disconnected and has a minute to reconnect!
|player|p1|
|inactive|harlow18 has 30 seconds left.
|inactive|harlow18 has 20 seconds left.
|inactive|harlow18 has 15 seconds left.
|inactive|harlow18 has 10 seconds left.
|inactive|harlow18 has 5 seconds left.
|-message|harlow18 lost due to inactivity.
|
|win|GS Barnabe
|raw|harlow18's rating: 1019 → 1010(-9 for losing)
|raw|GS Barnabe's rating: 1128 → 1145(+17 for winning)
