|j|☆ultimatezacian
|j|☆palle synchro
|html|ultimatezacianpalle synchro    
|uhtml|bestof|Game 2 of a best-of-3
|t:|1783351751
|gametype|doubles
|player|p1|ultimatezacian|169|1055
|player|p2|palle synchro|volkner|1095
|gen|9
|tier|[Gen 9 Champions] VGC 2026 Reg M-B (Bo3)
|rated|
|rule|Species Clause: Limit one of each Pokémon
|rule|Item Clause: Limit 1 of each item
|clearpoke
|poke|p1|Swampert, L50, F|
|poke|p1|Pelipper, L50, F|
|poke|p1|Basculegion, L50, M|
|poke|p1|Raichu, L50, M|
|poke|p1|Archaludon, L50, F|
|poke|p1|Rotom-Wash, L50|
|poke|p2|Swampert, L50, M|
|poke|p2|Pelipper, L50, M|
|poke|p2|Archaludon, L50, F|
|poke|p2|Venusaur, L50, M|
|poke|p2|Maushold-Four, L50|
|poke|p2|Gholdengo, L50|
|teampreview|4
|showteam|p1|Swampert||Swampertite|Torrent|WaveCrash,Earthquake,FlipTurn,Protect|Adamant||F|||50|]Pelipper||Metronome|Drizzle|Hurricane,IcyWind,Tailwind,WeatherBall|Modest||F|||50|]Basculegion||FocusSash|SwiftSwim|LastRespects,WaveCrash,Protect,AquaJet|Adamant||M|||50|]Raichu||RaichuniteX|LightningRod|FakeOut,VoltTackle,Nuzzle,Trailblaze|Adamant||M|||50|]Archaludon||ShellBell|Stamina|ElectroShot,FlashCannon,DragonPulse,DracoMeteor|Modest||F|||50|]Rotom-Wash||ChoiceScarf|Levitate|Trick,Discharge,HydroPump,VoltSwitch|Modest|||||50|
|showteam|p2|Swampert||Swampertite|Torrent|WaveCrash,HighHorsepower,IcePunch,Protect|Adamant||M|||50|]Pelipper||SitrusBerry|Drizzle|WeatherBall,Hurricane,Tailwind,WideGuard|Modest||M|||50|]Archaludon||Leftovers|Stamina|ElectroShot,DragonPulse,FlashCannon,Protect|Calm||F|||50|]Venusaur||Venusaurite|Chlorophyll|GigaDrain,EarthPower,SludgeBomb,Protect|Modest||M|||50|]Maushold-Four||FocusSash|FriendGuard|FollowMe,SuperFang,RainDance,Protect|Timid|||||50|]Gholdengo||LifeOrb|GoodasGold|MakeItRain,ShadowBall,NastyPlot,Protect|Modest|||||50|
|
|t:|1783351771
|teamsize|p1|4
|teamsize|p2|4
|start
|switch|p1a: Swampert|Swampert, L50, F|100/100
|switch|p1b: Pelipper|Pelipper, L50, F|100/100
|switch|p2a: Venusaur|Venusaur, L50, M|100/100
|switch|p2b: Maushold|Maushold-Four, L50|100/100
|-weather|RainDance|[from] ability: Drizzle|[of] p1b: Pelipper
|turn|1
|
|t:|1783351785
|detailschange|p2a: Venusaur|Venusaur-Mega, L50, M
|-mega|p2a: Venusaur|Venusaur|Venusaurite
|detailschange|p1a: Swampert|Swampert-Mega, L50, F
|-mega|p1a: Swampert|Swampert|Swampertite
|move|p1a: Swampert|Flip Turn|p2b: Maushold
|-damage|p2b: Maushold|26/100
|
|t:|1783351791
|switch|p1a: Archaludon|Archaludon, L50, F|100/100|[from] Flip Turn
|move|p2b: Maushold|Super Fang|p1b: Pelipper
|-damage|p1b: Pelipper|50/100g
|move|p2a: Venusaur|Giga Drain|p1a: Archaludon
|-resisted|p1a: Archaludon|2
|-damage|p1a: Archaludon|87/100
|-ability|p1a: Archaludon|Stamina|boost
|-boost|p1a: Archaludon|def|1
|move|p1b: Pelipper|Hurricane|p2a: Venusaur
|-supereffective|p2a: Venusaur|1
|-damage|p2a: Venusaur|39/100
|
|-weather|RainDance|[upkeep]
|upkeep
|turn|2
|
|t:|1783351808
|move|p2b: Maushold|Super Fang|p1a: Archaludon
|-damage|p1a: Archaludon|43/100
|-ability|p1a: Archaludon|Stamina|boost
|-boost|p1a: Archaludon|def|1
|move|p2a: Venusaur|Earth Power|p1a: Archaludon
|-supereffective|p1a: Archaludon|1
|-damage|p1a: Archaludon|0 fnt
|faint|p1a: Archaludon
|move|p1b: Pelipper|Hurricane|p2a: Venusaur
|-supereffective|p2a: Venusaur|1
|-damage|p2a: Venusaur|0 fnt
|faint|p2a: Venusaur
|
|-weather|RainDance|[upkeep]
|upkeep
|
|t:|1783351822
|switch|p2a: Archaludon|Archaludon, L50, F|100/100
|switch|p1a: Swampert|Swampert-Mega, L50, F|100/100
|turn|3
|
|t:|1783351833
|move|p2b: Maushold|Protect|p2b: Maushold
|-singleturn|p2b: Maushold|Protect
|move|p1a: Swampert|Earthquake|p2b: Maushold|[spread] p2a
|-activate|p2b: Maushold|move: Protect
|-immune|p1b: Pelipper
|-supereffective|p2a: Archaludon|1
|-damage|p2a: Archaludon|47/100
|-ability|p2a: Archaludon|Stamina|boost
|-boost|p2a: Archaludon|def|1
|move|p1b: Pelipper|Tailwind|p1b: Pelipper
|-sidestart|p1: ultimatezacian|move: Tailwind
|move|p2a: Archaludon|Electro Shot||[still]
|-prepare|p2a: Archaludon|Electro Shot
|-boost|p2a: Archaludon|spa|1
|-anim|p2a: Archaludon|Electro Shot|p1b: Pelipper
|-supereffective|p1b: Pelipper|2
|-damage|p1b: Pelipper|0 fnt
|faint|p1b: Pelipper
|
|-weather|RainDance|[upkeep]
|-heal|p2a: Archaludon|54/100|[from] item: Leftovers
|upkeep
|
|t:|1783351836
|switch|p1b: Basculegion|Basculegion, L50, M|100/100
|turn|4
|
|t:|1783351863
|move|p1b: Basculegion|Protect|p1b: Basculegion
|-singleturn|p1b: Basculegion|Protect
|move|p2b: Maushold|Follow Me|p2b: Maushold
|-singleturn|p2b: Maushold|move: Follow Me
|move|p1a: Swampert|Earthquake|p2b: Maushold|[spread] p2a,p2b
|-activate|p1b: Basculegion|move: Protect
|-supereffective|p2a: Archaludon|1
|-damage|p2a: Archaludon|16/100
|-damage|p2b: Maushold|0 fnt
|-ability|p2a: Archaludon|Stamina|boost
|-boost|p2a: Archaludon|def|1
|faint|p2b: Maushold
|move|p2a: Archaludon|Dragon Pulse|p1a: Swampert
|-damage|p1a: Swampert|49/100
|
|-weather|RainDance|[upkeep]
|-heal|p2a: Archaludon|22/100|[from] item: Leftovers
|upkeep
|
|t:|1783351871
|switch|p2b: Gold&go|Gholdengo, L50|100/100
|turn|5
|
|t:|1783351882
|move|p2b: Gold&go|Protect|p2b: Gold&go
|-singleturn|p2b: Gold&go|Protect
|move|p2a: Archaludon|Protect|p2a: Archaludon
|-singleturn|p2a: Archaludon|Protect
|move|p1b: Basculegion|Last Respects|p2a: Archaludon
|-activate|p2a: Archaludon|move: Protect
|move|p1a: Swampert|Earthquake|p2b: Gold&go|[spread] p1b
|-activate|p2a: Archaludon|move: Protect
|-activate|p2b: Gold&go|move: Protect
|-damage|p1b: Basculegion|33/100
|
|-weather|none
|-heal|p2a: Archaludon|29/100|[from] item: Leftovers
|upkeep
|turn|6
|inactive|Battle timer is ON: inactive players will automatically lose when time's up. (requested by palle synchro)
|
|t:|1783351888
|move|p2b: Gold&go|Protect|p2b: Gold&go
|-singleturn|p2b: Gold&go|Protect
|move|p2a: Archaludon|Protect|p2a: Archaludon
|-singleturn|p2a: Archaludon|Protect
|move|p1b: Basculegion|Last Respects|p2a: Archaludon
|-activate|p2a: Archaludon|move: Protect
|move|p1a: Swampert|Earthquake|p2b: Gold&go|[spread] p1b
|-activate|p2a: Archaludon|move: Protect
|-activate|p2b: Gold&go|move: Protect
|-damage|p1b: Basculegion|0 fnt
|faint|p1b: Basculegion
|
|-heal|p2a: Archaludon|35/100|[from] item: Leftovers
|-sideend|p1: ultimatezacian|move: Tailwind
|upkeep
|turn|7
|
|t:|1783351899
|move|p2b: Gold&go|Shadow Ball|p1a: Swampert
|-damage|p1a: Swampert|1/100
|-damage|p2b: Gold&go|90/100|[from] item: Life Orb
|move|p2a: Archaludon|Dragon Pulse|p1a: Swampert
|-damage|p1a: Swampert|0 fnt
|faint|p1a: Swampert
|
|win|palle synchro
|raw|ultimatezacian's rating: 1055 → 1039(-16 for losing)
|raw|palle synchro's rating: 1095 → 1118(+23 for winning)
