|j|☆capspungo
|j|☆Jessditta
|html|capspungoJessditta    
|uhtml|bestof|Game 2 of a best-of-3
|t:|1757858379
|gametype|doubles
|player|p1|capspungo|102|1232
|player|p2|Jessditta|hilda|1258
|gen|9
|tier|[Gen 9] VGC 2025 Reg H (Bo3)
|rated|
|rule|Species Clause: Limit one of each Pokémon
|rule|Item Clause: Limit 1 of each item
|clearpoke
|poke|p1|Ninetales-Alola, L50, F|
|poke|p1|Ursaluna-Bloodmoon, L50, M|
|poke|p1|Maushold-Four, L50|
|poke|p1|Annihilape, L50, F|
|poke|p1|Klefki, L50, F|
|poke|p1|Sinistcha-Masterpiece, L50|
|poke|p2|Ninetales-Alola, L50, F|
|poke|p2|Rillaboom, L50, F|
|poke|p2|Volcarona, L50, M|
|poke|p2|Annihilape, L50, M|
|poke|p2|Ursaluna-Bloodmoon, L50, M|
|poke|p2|Sneasler, L50, F|
|teampreview|4
|showteam|p1|Ninetales-Alola||FocusSash|SnowWarning|Blizzard,FreezeDry,Encore,Protect|||F|||50|,,,,,Ghost]Ursaluna-Bloodmoon||AssaultVest|MindsEye|BloodMoon,EarthPower,HyperVoice,VacuumWave|||M|||50|,,,,,Water]Maushold-Four||SafetyGoggles|FriendGuard|BeatUp,Taunt,FollowMe,Protect||||||50|,,,,,Ghost]Annihilape||Leftovers|Defiant|DrainPunch,RageFist,BulkUp,Protect|||F|||50|,,,,,Fire]Klefki||LightClay|Prankster|DazzlingGleam,Reflect,LightScreen,MistyTerrain|||F|||50|,,,,,Ghost]Sinistcha-Masterpiece||SitrusBerry|Hospitality|MatchaGotcha,RagePowder,LifeDew,TrickRoom||||||50|,,,,,Water
|showteam|p2|Ninetales-Alola||LightClay|SnowWarning|Blizzard,IcicleSpear,AuroraVeil,FreezeDry|||F|||50|,,,,,Ghost]Rillaboom||AssaultVest|GrassySurge|FakeOut,WoodHammer,GrassyGlide,Uturn|||F|||50|,,,,,Fire]Volcarona||SitrusBerry|FlameBody|HeatWave,GigaDrain,QuiverDance,Protect|||M|||50|,,,,,Grass]Annihilape||Leftovers|Defiant|RageFist,DrainPunch,BulkUp,Protect|||M|||50|,,,,,Fire]Ursaluna-Bloodmoon||LifeOrb|MindsEye|BloodMoon,HyperVoice,EarthPower,Protect|||M|||50|,,,,,Ghost]Sneasler||GrassySeed|Unburden|FakeOut,DireClaw,CloseCombat,Coaching|||F|||50|,,,,,Dark
|inactive|Battle timer is ON: inactive players will automatically lose when time's up. (requested by capspungo)
|
|t:|1757858417
|teamsize|p1|4
|teamsize|p2|4
|start
|switch|p1a: Annihilape|Annihilape, L50, F|100/100
|switch|p1b: Maushold|Maushold-Four, L50|100/100
|switch|p2a: Annihilape|Annihilape, L50, M, shiny|100/100
|switch|p2b: Sneasler|Sneasler, L50, F|100/100
|turn|1
|inactive|capspungo has 30 seconds left.
|inactive|capspungo has 20 seconds left.
|
|t:|1757858454
|-terastallize|p1b: Maushold|Ghost
|move|p2b: Sneasler|Coaching|p2a: Annihilape
|-boost|p2a: Annihilape|atk|1
|-boost|p2a: Annihilape|def|1
|move|p1b: Maushold|Beat Up|p1a: Annihilape
|-damage|p1a: Annihilape|98/100
|-damage|p1a: Annihilape|96/100
|-damage|p1a: Annihilape|94/100
|-crit|p1a: Annihilape
|-damage|p1a: Annihilape|91/100
|-hitcount|p1a: Annihilape|4
|move|p1a: Annihilape|Rage Fist|p2a: Annihilape
|-supereffective|p2a: Annihilape
|-damage|p2a: Annihilape|0 fnt
|faint|p2a: Annihilape
|
|-heal|p1a: Annihilape|97/100|[from] item: Leftovers
|upkeep
|
|t:|1757858465
|switch|p2a: Ninetales|Ninetales-Alola, L50, F|100/100
|-weather|Snowscape|[from] ability: Snow Warning|[of] p2a: Ninetales
|turn|2
|
|t:|1757858488
|move|p2a: Ninetales|Aurora Veil|p2a: Ninetales
|-sidestart|p2: Jessditta|move: Aurora Veil
|move|p2b: Sneasler|Dire Claw|p1a: Annihilape
|-resisted|p1a: Annihilape
|-damage|p1a: Annihilape|78/100
|move|p1b: Maushold|Taunt|p2a: Ninetales
|-start|p2a: Ninetales|move: Taunt
|move|p1a: Annihilape|Rage Fist|p2b: Sneasler
|-damage|p2b: Sneasler|0 fnt
|faint|p2b: Sneasler
|
|-weather|Snowscape|[upkeep]
|-heal|p1a: Annihilape|84/100|[from] item: Leftovers
|upkeep
|
|t:|1757858501
|switch|p2b: Rillaboom|Rillaboom, L50, F|100/100
|-fieldstart|move: Grassy Terrain|[from] ability: Grassy Surge|[of] p2b: Rillaboom
|turn|3
|inactive|capspungo has 30 seconds left.
|
|t:|1757858528
|switch|p1b: Klefki|Klefki, L50, F|100/100
|move|p1a: Annihilape|Protect|p1a: Annihilape
|-singleturn|p1a: Annihilape|Protect
|move|p2a: Ninetales|Blizzard|p1a: Annihilape|[spread] p1b
|-activate|p1a: Annihilape|move: Protect
|-resisted|p1b: Klefki
|-damage|p1b: Klefki|90/100
|move|p2b: Rillaboom|Wood Hammer|p1b: Klefki
|-resisted|p1b: Klefki
|-damage|p1b: Klefki|44/100
|-damage|p2b: Rillaboom|88/100|[from] Recoil
|
|-weather|Snowscape|[upkeep]
|-heal|p1a: Annihilape|90/100|[from] Grassy Terrain
|-heal|p1a: Annihilape|97/100|[from] item: Leftovers
|-heal|p2b: Rillaboom|94/100|[from] Grassy Terrain
|-heal|p1b: Klefki|50/100|[from] Grassy Terrain
|upkeep
|turn|4
|
|t:|1757858546
|move|p1b: Klefki|Reflect|p1b: Klefki
|-sidestart|p1: capspungo|Reflect
|move|p2a: Ninetales|Blizzard|p1b: Klefki|[spread] p1a,p1b
|-resisted|p1b: Klefki
|-damage|p1a: Annihilape|75/100
|-damage|p1b: Klefki|39/100
|-status|p1b: Klefki|frz
|move|p1a: Annihilape|Rage Fist|p2b: Rillaboom
|-damage|p2b: Rillaboom|0 fnt
|faint|p2b: Rillaboom
|
|-weather|Snowscape|[upkeep]
|-heal|p1a: Annihilape|81/100|[from] Grassy Terrain
|-heal|p1a: Annihilape|87/100|[from] item: Leftovers
|-heal|p1b: Klefki|45/100 frz|[from] Grassy Terrain
|upkeep
|turn|5
|-message|Jessditta forfeited.
|
|win|capspungo
||Jessditta is ready for game 3.
||capspungo is ready for game 3.
|uhtml|next|Next: Game 3 of 3
