|j|☆panijc
|j|☆zhz2021
|html|panijczhz2021    
|uhtml|bestof|Game 3 of a best-of-3
|t:|1785615062
|gametype|doubles
|player|p1|panijc|170|1251
|player|p2|zhz2021|102|1271
|gen|9
|tier|[Gen 9 Champions] VGC 2026 Reg M-B (Bo3)
|rated|
|rule|Species Clause: Limit one of each Pokémon
|rule|Item Clause: Limit 1 of each item
|clearpoke
|poke|p1|Raichu, L50, M|
|poke|p1|Mamoswine, L50, F|
|poke|p1|Sylveon, L50, M|
|poke|p1|Incineroar, L50, M|
|poke|p1|Basculegion, L50, M|
|poke|p1|Whimsicott, L50, M|
|poke|p2|Froslass, L50, F|
|poke|p2|Dragonite, L50, M|
|poke|p2|Kingambit, L50, F|
|poke|p2|Blaziken, L50, M|
|poke|p2|Farigiraf, L50, M|
|poke|p2|Tinkaton, L50, F|
|teampreview|4
|showteam|p1|Raichu||RaichuniteY|LightningRod|ZapCannon,FocusBlast,FakeOut,Protect|Timid||M|||50|]Mamoswine||LifeOrb|Oblivious|IcicleCrash,HighHorsepower,IceShard,Protect|Adamant||F|||50|]Sylveon||FairyFeather|Pixilate|HyperVoice,HyperBeam,Detect,Yawn|Modest||M|||50|]Incineroar||SitrusBerry|Intimidate|ThroatChop,FlareBlitz,FakeOut,PartingShot|Impish||M|||50|]Basculegion||MysticWater|Adaptability|WaveCrash,LastRespects,AquaJet,Protect|Adamant||M|||50|]Whimsicott||FocusSash|Prankster|Moonblast,Tailwind,Protect,Encore|Timid||M|||50|
|showteam|p2|Froslass||Froslassite|CursedBody|Blizzard,ShadowBall,AuroraVeil,Protect|Timid||F|||50|]Dragonite||LifeOrb|InnerFocus|DragonClaw,ExtremeSpeed,Tailwind,Protect|Adamant||M|||50|]Kingambit||ChopleBerry|Defiant|KowtowCleave,SwordsDance,SuckerPunch,Protect|Adamant||F|||50|]Blaziken||Blazikenite|SpeedBoost|CloseCombat,FlareBlitz,RockSlide,Protect|Adamant||M|||50|]Farigiraf||SitrusBerry|ArmorTail|TrickRoom,HelpingHand,TwinBeam,Protect|Bold||M|||50|]Tinkaton||FocusSash|MoldBreaker|FakeOut,Protect,PlayRough,GigatonHammer|Adamant||F|||50|
|
|t:|1785615078
|teamsize|p1|4
|teamsize|p2|4
|start
|switch|p1a: Mamoswine|Mamoswine, L50, F|100/100
|switch|p1b: Raichu|Raichu, L50, M|100/100
|switch|p2a: Chicken Run|Blaziken, L50, M|100/100
|switch|p2b: Lasr Samurai|Kingambit, L50, F|100/100
|turn|1
|
|t:|1785615096
|detailschange|p1b: Raichu|Raichu-Mega-Y, L50, M
|-mega|p1b: Raichu|Raichu|Raichunite Y
|move|p2a: Chicken Run|Protect|p2a: Chicken Run
|-singleturn|p2a: Chicken Run|Protect
|move|p2b: Lasr Samurai|Protect|p2b: Lasr Samurai
|-singleturn|p2b: Lasr Samurai|Protect
|move|p1b: Raichu|Fake Out|p2b: Lasr Samurai
|-activate|p2b: Lasr Samurai|move: Protect
|move|p1a: Mamoswine|High Horsepower|p2b: Lasr Samurai
|-activate|p2b: Lasr Samurai|move: Protect
|
|-ability|p2a: Chicken Run|Speed Boost|boost
|-boost|p2a: Chicken Run|spe|1
|upkeep
|turn|2
|
|t:|1785615121
|detailschange|p2a: Chicken Run|Blaziken-Mega, L50, M
|-mega|p2a: Chicken Run|Blaziken|Blazikenite
|move|p2b: Lasr Samurai|Sucker Punch|p1b: Raichu
|-damage|p1b: Raichu|30/100
|move|p2a: Chicken Run|Close Combat|p1a: Mamoswine
|-supereffective|p1a: Mamoswine|1
|-damage|p1a: Mamoswine|0 fnt
|-unboost|p2a: Chicken Run|def|1
|-unboost|p2a: Chicken Run|spd|1
|faint|p1a: Mamoswine
|move|p1b: Raichu|Zap Cannon|p2a: Chicken Run
|-damage|p2a: Chicken Run|0 fnt
|faint|p2a: Chicken Run
|
|upkeep
|
|t:|1785615134
|switch|p2a: Ice Age|Froslass, L50, F|100/100
|switch|p1a: Sylveon|Sylveon, L50, M|100/100
|turn|3
|
|t:|1785615143
|move|p1b: Raichu|Zap Cannon|p2a: Ice Age
|-damage|p2a: Ice Age|8/100
|-status|p2a: Ice Age|par
|move|p1a: Sylveon|Hyper Voice|p2a: Ice Age|[spread] p2a,p2b
|-damage|p2a: Ice Age|0 fnt
|-damage|p2b: Lasr Samurai|59/100
|faint|p2a: Ice Age
|move|p2b: Lasr Samurai|Swords Dance|p2b: Lasr Samurai
|-boost|p2b: Lasr Samurai|atk|2
|
|upkeep
|inactive|Battle timer is ON: inactive players will automatically lose when time's up. (requested by panijc)
|inactive|zhz2021 has 60 seconds left.
|
|t:|1785615190
|switch|p2a: Tinkaton|Tinkaton, L50, F|100/100
|-ability|p2a: Tinkaton|Mold Breaker
|turn|4
|inactive|panijc has 30 seconds left.
|inactive|panijc has 20 seconds left.
|inactive|panijc has 15 seconds left.
|
|t:|1785615232
|move|p1b: Raichu|Protect|p1b: Raichu
|-singleturn|p1b: Raichu|Protect
|move|p2a: Tinkaton|Fake Out|p1a: Sylveon
|-damage|p1a: Sylveon|88/100
|move|p2b: Lasr Samurai|Sucker Punch||[still]
|-fail|p2b: Lasr Samurai
|cant|p1a: Sylveon|flinch
|
|upkeep
|turn|5
|
|t:|1785615247
|move|p2b: Lasr Samurai|Sucker Punch|p1b: Raichu
|-damage|p1b: Raichu|0 fnt
|faint|p1b: Raichu
|move|p2a: Tinkaton|Gigaton Hammer|p1a: Sylveon
|-supereffective|p1a: Sylveon|1
|-damage|p1a: Sylveon|0 fnt
|faint|p1a: Sylveon
|
|upkeep
|
|t:|1785615256
|switch|p1b: Basculegion|Basculegion, L50, M|100/100
|turn|6
|
|t:|1785615267
|move|p1b: Basculegion|Aqua Jet|p2b: Lasr Samurai
|-damage|p2b: Lasr Samurai|35/100
|move|p2a: Tinkaton|Play Rough|p1b: Basculegion
|-damage|p1b: Basculegion|60/100
|move|p2b: Lasr Samurai|Kowtow Cleave|p1b: Basculegion
|-supereffective|p1b: Basculegion|1
|-crit|p1b: Basculegion
|-damage|p1b: Basculegion|0 fnt
|faint|p1b: Basculegion
|
|win|zhz2021
|raw|panijc's rating: 1251 → 1227(-24 for losing)
|raw|zhz2021's rating: 1271 → 1295(+24 for winning)
