|j|☆tidal otter
|j|☆sadkoolaid
|html|tidal ottersadkoolaid    
|uhtml|bestof|Game 1 of a best-of-3
|t:|1784401702
|gametype|doubles
|player|p1|tidal otter|siebold|
|player|p2|sadkoolaid|aaron|
|gen|9
|tier|[Gen 9 Champions] VGC 2026 Reg M-B (Bo3)
|rule|Species Clause: Limit one of each Pokémon
|rule|Item Clause: Limit 1 of each item
|clearpoke
|poke|p1|Charizard, L50, F|
|poke|p1|Venusaur, L50, M|
|poke|p1|Annihilape, L50, M|
|poke|p1|Maushold, L50|
|poke|p1|Grimmsnarl, L50, M|
|poke|p1|Glimmora, L50, M|
|poke|p2|Gengar, L50, F|
|poke|p2|Kommo-o, L50, M|
|poke|p2|Simisear, L50, F|
|poke|p2|Tyranitar, L50, M|
|poke|p2|Sneasler, L50, F|
|poke|p2|Sableye, L50, F|
|teampreview|4
|showteam|p1|Charizard||CharizarditeY|Blaze|HeatWave,SolarBeam,WeatherBall,Protect|Timid||F|||50|]Venusaur||LifeOrb|Chlorophyll|EarthPower,GigaDrain,SleepPowder,Protect|Modest||M|||50|]Annihilape||Leftovers|Defiant|RageFist,DrainPunch,BulkUp,Protect|Adamant||M|||50|]Maushold||ChopleBerry|FriendGuard|BeatUp,SuperFang,FollowMe,Protect|Jolly|||||50|]Grimmsnarl||LightClay|Prankster|FakeOut,LightScreen,Reflect,SpiritBreak|Adamant||M|||50|]Glimmora||FocusSash|ToxicDebris|PowerGem,SludgeBomb,DazzlingGleam,SpikyShield|Timid||M|||50|
|showteam|p2|Gengar||Gengarite|CursedBody|ShadowBall,SludgeBomb,PerishSong,Protect|Timid||F|||50|]Kommo-o||Leftovers|Soundproof|ClangingScales,Protect,AuraSphere,ClangorousSoul|Modest||M|||50|]Simisear||Charcoal|Blaze|FakeOut,Protect,Yawn,HeatWave|Hasty||F|||50|]Tyranitar||Tyranitarite|SandStream|Protect,Assurance,RockSlide,DragonDance|Adamant||M|||50|]Sneasler||WhiteHerb|Unburden|DireClaw,FakeOut,Acrobatics,CloseCombat|Adamant||F|||50|]Sableye||RoseliBerry|Prankster|Feint,Encore,ThunderWave,Hex|Relaxed||F|||50|
|j| Milkshook♡
|
|t:|1784401768
|teamsize|p1|4
|teamsize|p2|4
|start
|switch|p1a: Skiadrum|Annihilape, L50, M|100/100
|switch|p1b: Elefseria|Maushold, L50|100/100
|switch|p2a: sqrt(40000)|Tyranitar, L50, M|100/100
|switch|p2b: 4^3.821928094887|Sableye, L50, F|100/100
|-weather|Sandstorm|[from] ability: Sand Stream|[of] p2a: sqrt(40000)
|turn|1
|
|t:|1784401786
|switch|p2a: 13800/69|Sneasler, L50, F|100/100
|move|p1b: Elefseria|Follow Me|p1b: Elefseria
|-singleturn|p1b: Elefseria|move: Follow Me
|move|p2b: 4^3.821928094887|Thunder Wave|p1b: Elefseria
|-status|p1b: Elefseria|par
|move|p1a: Skiadrum|Bulk Up|p1a: Skiadrum
|-boost|p1a: Skiadrum|atk|1
|-boost|p1a: Skiadrum|def|1
|
|-weather|Sandstorm|[upkeep]
|-damage|p2a: 13800/69|94/100|[from] Sandstorm
|-damage|p1a: Skiadrum|94/100|[from] Sandstorm
|-damage|p1b: Elefseria|93/100 par|[from] Sandstorm
|-damage|p2b: 4^3.821928094887|94/100|[from] Sandstorm
|-heal|p1a: Skiadrum|100/100|[from] item: Leftovers
|upkeep
|turn|2
|
|t:|1784401805
|move|p2a: 13800/69|Fake Out|p1b: Elefseria
|-damage|p1b: Elefseria|74/100 par
|cant|p1b: Elefseria|flinch
|move|p2b: 4^3.821928094887|Thunder Wave|p1a: Skiadrum
|-status|p1a: Skiadrum|par
|move|p1a: Skiadrum|Rage Fist|p2b: 4^3.821928094887
|-damage|p2b: 4^3.821928094887|53/100
|
|-weather|Sandstorm|[upkeep]
|-damage|p2a: 13800/69|88/100|[from] Sandstorm
|-damage|p1b: Elefseria|67/100 par|[from] Sandstorm
|-damage|p2b: 4^3.821928094887|47/100|[from] Sandstorm
|-damage|p1a: Skiadrum|94/100 par|[from] Sandstorm
|-heal|p1a: Skiadrum|100/100 par|[from] item: Leftovers
|upkeep
|turn|3
|
|t:|1784401824
|move|p1b: Elefseria|Protect|p1b: Elefseria
|-singleturn|p1b: Elefseria|Protect
|move|p2a: 13800/69|Close Combat|p1b: Elefseria
|-activate|p1b: Elefseria|move: Protect
|move|p2b: 4^3.821928094887|Hex|p1a: Skiadrum
|-supereffective|p1a: Skiadrum|1
|-damage|p1a: Skiadrum|58/100 par
|move|p1a: Skiadrum|Rage Fist|p2b: 4^3.821928094887
|-damage|p2b: 4^3.821928094887|0 fnt
|faint|p2b: 4^3.821928094887
|
|-weather|Sandstorm|[upkeep]
|-damage|p2a: 13800/69|82/100|[from] Sandstorm
|-damage|p1b: Elefseria|61/100 par|[from] Sandstorm
|-damage|p1a: Skiadrum|52/100 par|[from] Sandstorm
|-heal|p1a: Skiadrum|58/100 par|[from] item: Leftovers
|upkeep
|
|t:|1784401838
|switch|p2b: 10x20|Gengar, L50, F|100/100
|turn|4
|
|t:|1784401855
|move|p2b: 10x20|Protect|p2b: 10x20
|-singleturn|p2b: 10x20|Protect
|move|p1b: Elefseria|Follow Me|p1b: Elefseria
|-singleturn|p1b: Elefseria|move: Follow Me
|move|p2a: 13800/69|Close Combat|p1b: Elefseria
|-supereffective|p1b: Elefseria|1
|-enditem|p1b: Elefseria|Chople Berry|[eat]
|-enditem|p1b: Elefseria|Chople Berry|[weaken]
|-damage|p1b: Elefseria|0 fnt
|-unboost|p2a: 13800/69|def|1
|-unboost|p2a: 13800/69|spd|1
|faint|p1b: Elefseria
|-enditem|p2a: 13800/69|White Herb
|-clearnegativeboost|p2a: 13800/69|[silent]
|move|p1a: Skiadrum|Rage Fist|p2b: 10x20
|-activate|p2b: 10x20|move: Protect
|
|-weather|Sandstorm|[upkeep]
|-damage|p2a: 13800/69|77/100|[from] Sandstorm
|-damage|p2b: 10x20|93/100|[from] Sandstorm
|-damage|p1a: Skiadrum|52/100 par|[from] Sandstorm
|-heal|p1a: Skiadrum|58/100 par|[from] item: Leftovers
|upkeep
|
|t:|1784401864
|switch|p1b: Igneel|Charizard, L50, F|100/100
|turn|5
|
|t:|1784401884
|detailschange|p1b: Igneel|Charizard-Mega-Y, L50, F
|-mega|p1b: Igneel|Charizard|Charizardite Y
|-weather|SunnyDay|[from] ability: Drought|[of] p1b: Igneel
|move|p1a: Skiadrum|Protect|p1a: Skiadrum
|-singleturn|p1a: Skiadrum|Protect
|move|p2a: 13800/69|Dire Claw|p1b: Igneel
|-damage|p1b: Igneel|35/100
|move|p2b: 10x20|Shadow Ball|p1a: Skiadrum
|-activate|p1a: Skiadrum|move: Protect
|move|p1b: Igneel|Heat Wave|p2a: 13800/69|[spread] p2a,p2b
|-crit|p2a: 13800/69
|-damage|p2a: 13800/69|0 fnt
|-damage|p2b: 10x20|0 fnt
|faint|p2a: 13800/69
|faint|p2b: 10x20
|
|-weather|SunnyDay|[upkeep]
|-heal|p1a: Skiadrum|64/100 par|[from] item: Leftovers
|upkeep
|
|t:|1784401898
|switch|p2b: sqrt(40000)|Tyranitar, L50, M|100/100
|-weather|Sandstorm|[from] ability: Sand Stream|[of] p2b: sqrt(40000)
|turn|6
|
|t:|1784401906
|switch|p1b: Aldoron|Venusaur, L50, M|100/100
|detailschange|p2b: sqrt(40000)|Tyranitar-Mega, L50, M
|-mega|p2b: sqrt(40000)|Tyranitar|Tyranitarite
|move|p2b: sqrt(40000)|Rock Slide|p1a: Skiadrum|[spread] p1a,p1b
|-resisted|p1a: Skiadrum|1
|-damage|p1a: Skiadrum|50/100g par
|-damage|p1b: Aldoron|50/100g
|cant|p1a: Skiadrum|flinch
|
|-weather|Sandstorm|[upkeep]
|-damage|p1b: Aldoron|44/100|[from] Sandstorm
|-damage|p1a: Skiadrum|44/100 par|[from] Sandstorm
|-heal|p1a: Skiadrum|50/100g par|[from] item: Leftovers
|upkeep
|turn|7
|
|t:|1784401926
|move|p1b: Aldoron|Giga Drain|p2b: sqrt(40000)
|-supereffective|p2b: sqrt(40000)|1
|-damage|p2b: sqrt(40000)|45/100
|-heal|p1b: Aldoron|75/100|[from] drain|[of] p2b: sqrt(40000)
|-damage|p1b: Aldoron|65/100|[from] item: Life Orb
|move|p2b: sqrt(40000)|Dragon Dance|p2b: sqrt(40000)
|-boost|p2b: sqrt(40000)|atk|1
|-boost|p2b: sqrt(40000)|spe|1
|move|p1a: Skiadrum|Drain Punch|p2b: sqrt(40000)
|-supereffective|p2b: sqrt(40000)|2
|-damage|p2b: sqrt(40000)|0 fnt
|-heal|p1a: Skiadrum|69/100 par|[from] drain|[of] p2b: sqrt(40000)
|faint|p2b: sqrt(40000)
|
|win|tidal otter
|c|☆tidal otter|gg
||tidal otter is ready for game 2.
||sadkoolaid is ready for game 2.
|uhtml|next|Next: Game 2 of 3
|l| Milkshook♡
|l|☆sadkoolaid
|player|p2|
