|j|☆TehCruzeFan123
|j|☆nefifi
|html|TehCruzeFan123nefifi    
|uhtml|bestof|Game 1 of a best-of-3
|t:|1784953301
|gametype|doubles
|player|p1|TehCruzeFan123|guzma|1083
|player|p2|nefifi|burglar|1141
|gen|9
|tier|[Gen 9 Champions] VGC 2026 Reg M-B (Bo3)
|rated|
|rule|Species Clause: Limit one of each Pokémon
|rule|Item Clause: Limit 1 of each item
|clearpoke
|poke|p1|Aerodactyl, L50, F|
|poke|p1|Hippowdon, L50, F|
|poke|p1|Gholdengo, L50|
|poke|p1|Sneasler, L50, M|
|poke|p1|Basculegion, L50, M|
|poke|p1|Floette-Eternal, L50, F|
|poke|p2|Primarina, L50, F|
|poke|p2|Liepard, L50, F, shiny|
|poke|p2|Volcarona, L50, M|
|poke|p2|Froslass, L50, F|
|poke|p2|Lycanroc-Dusk, L50, M|
|poke|p2|Metagross, L50, shiny|
|teampreview|4
|showteam|p1|Aerodactyl||Aerodactylite|RockHead|DualWingbeat,RockSlide,IceFang,Tailwind|Jolly||F|||50|]Hippowdon||Leftovers|SandStream|Protect,Yawn,HighHorsepower,StoneEdge|Adamant||F|||50|]Gholdengo||FocusSash|GoodasGold|Protect,MakeItRain,ShadowBall,NastyPlot|Modest|||||50|]Sneasler||WhiteHerb|Unburden|Protect,FakeOut,CloseCombat,DireClaw|Jolly||M|||50|]Basculegion||KasibBerry|Adaptability|Protect,WaveCrash,LastRespects,AquaJet|Adamant||M|||50|]Floette-Eternal||Floettite|FlowerVeil|Protect,Moonblast,DazzlingGleam,LightofRuin|Timid||F|||50|
|showteam|p2|Primarina||Metronome|LiquidVoice|HyperVoice,Moonblast,Psychic,Protect|Modest||F|||50|]Liepard||FocusSash|Prankster|Protect,FakeOut,ThunderWave,DarkPulse|Timid||F|||50|]Volcarona||ExpertBelt|FlameBody|QuiverDance,HeatWave,GigaDrain,Protect|Timid||M|||50|]Froslass||Froslassite|CursedBody|AuroraVeil,Blizzard,Protect,Hex|Modest||F|||50|]Lycanroc-Dusk||WideLens|ToughClaws|Accelerock,RockSlide,Protect,CloseCombat|Jolly||M|||50|]Metagross||Metagrossite|ClearBody|IcePunch,PsychicFangs,Protect,BulletPunch|Adamant|||||50|
|inactive|Battle timer is ON: inactive players will automatically lose when time's up. (requested by TehCruzeFan123)
|inactive|TehCruzeFan123 has 60 seconds left.
|inactive|nefifi has 60 seconds left.
|
|t:|1784953350
|teamsize|p1|4
|teamsize|p2|4
|start
|switch|p1a: Aerodactyl|Aerodactyl, L50, F|100/100
|switch|p1b: Gholdengo|Gholdengo, L50|100/100
|switch|p2a: Liepard|Liepard, L50, F, shiny|100/100
|switch|p2b: Metagross|Metagross, L50, shiny|100/100
|turn|1
|
|t:|1784953375
|switch|p1a: Hippowdon|Hippowdon, L50, F|100/100
|-weather|Sandstorm|[from] ability: Sand Stream|[of] p1a: Hippowdon
|move|p1b: Gholdengo|Protect|p1b: Gholdengo
|-singleturn|p1b: Gholdengo|Protect
|move|p2b: Metagross|Protect|p2b: Metagross
|-singleturn|p2b: Metagross|Protect
|move|p2a: Liepard|Dark Pulse|p1b: Gholdengo
|-activate|p1b: Gholdengo|move: Protect
|
|-weather|Sandstorm|[upkeep]
|-damage|p2a: Liepard|94/100|[from] Sandstorm
|upkeep
|turn|2
|
|t:|1784953393
|detailschange|p2b: Metagross|Metagross-Mega, L50, shiny
|-mega|p2b: Metagross|Metagross|Metagrossite
|move|p2a: Liepard|Dark Pulse|p1b: Gholdengo
|-supereffective|p1b: Gholdengo|1
|-damage|p1b: Gholdengo|21/100
|move|p1b: Gholdengo|Shadow Ball|p2b: Metagross
|-supereffective|p2b: Metagross|1
|-damage|p2b: Metagross|7/100
|move|p2b: Metagross|Ice Punch|p1a: Hippowdon
|-supereffective|p1a: Hippowdon|1
|-damage|p1a: Hippowdon|40/100
|move|p1a: Hippowdon|High Horsepower|p2b: Metagross
|-supereffective|p2b: Metagross|1
|-damage|p2b: Metagross|0 fnt
|faint|p2b: Metagross
|
|-weather|Sandstorm|[upkeep]
|-damage|p2a: Liepard|88/100|[from] Sandstorm
|-heal|p1a: Hippowdon|46/100|[from] item: Leftovers
|upkeep
|
|t:|1784953415
|switch|p2b: Volcarona|Volcarona, L50, M|100/100
|turn|3
|
|t:|1784953423
|switch|p1a: Aerodactyl|Aerodactyl, L50, F|100/100
|move|p2a: Liepard|Dark Pulse|p1b: Gholdengo
|-supereffective|p1b: Gholdengo|1
|-damage|p1b: Gholdengo|0 fnt
|faint|p1b: Gholdengo
|move|p2b: Volcarona|Giga Drain|p1a: Aerodactyl
|-damage|p1a: Aerodactyl|72/100
|
|-weather|Sandstorm|[upkeep]
|-damage|p2a: Liepard|82/100|[from] Sandstorm
|-damage|p2b: Volcarona|93/100|[from] Sandstorm
|upkeep
|
|t:|1784953436
|switch|p1b: Hippowdon|Hippowdon, L50, F|46/100
|turn|4
|
|t:|1784953445
|detailschange|p1a: Aerodactyl|Aerodactyl-Mega, L50, F
|-mega|p1a: Aerodactyl|Aerodactyl|Aerodactylite
|move|p2b: Volcarona|Protect|p2b: Volcarona
|-singleturn|p2b: Volcarona|Protect
|move|p2a: Liepard|Thunder Wave|p1a: Aerodactyl
|-status|p1a: Aerodactyl|par
|move|p1a: Aerodactyl|Rock Slide|p2a: Liepard|[spread] p2a
|-activate|p2b: Volcarona|move: Protect
|-damage|p2a: Liepard|21/100
|move|p1b: Hippowdon|Yawn|p2a: Liepard
|-start|p2a: Liepard|move: Yawn|[of] p1b: Hippowdon
|
|-weather|Sandstorm|[upkeep]
|-damage|p2a: Liepard|15/100|[from] Sandstorm
|-damage|p2b: Volcarona|87/100|[from] Sandstorm
|-heal|p1b: Hippowdon|52/100|[from] item: Leftovers
|upkeep
|turn|5
|
|t:|1784953466
|switch|p2a: Primarina|Primarina, L50, F|100/100
|move|p2b: Volcarona|Giga Drain|p1b: Hippowdon
|-supereffective|p1b: Hippowdon|1
|-damage|p1b: Hippowdon|0 fnt
|-heal|p2b: Volcarona|100/100|[from] drain|[of] p1b: Hippowdon
|faint|p1b: Hippowdon
|move|p1a: Aerodactyl|Rock Slide|p2a: Primarina|[spread] p2a,p2b
|-supereffective|p2b: Volcarona|2
|-damage|p2a: Primarina|54/100
|-damage|p2b: Volcarona|0 fnt
|faint|p2b: Volcarona
|
|-weather|none
|upkeep
|
|t:|1784953480
|switch|p2b: Liepard|Liepard, L50, F, shiny|15/100
|switch|p1b: Basculegion|Basculegion, L50, M|100/100
|turn|6
|
|t:|1784953487
|move|p2b: Liepard|Thunder Wave|p1b: Basculegion
|-status|p1b: Basculegion|par
|move|p1b: Basculegion|Aqua Jet|p2b: Liepard
|-damage|p2b: Liepard|0 fnt
|faint|p2b: Liepard
|cant|p1a: Aerodactyl|par
|move|p2a: Primarina|Hyper Voice|p1a: Aerodactyl|[spread] p1a,p1b
|-supereffective|p1a: Aerodactyl|1
|-resisted|p1b: Basculegion|1
|-damage|p1a: Aerodactyl|0 fnt
|-damage|p1b: Basculegion|78/100 par
|faint|p1a: Aerodactyl
|
|upkeep
|turn|7
|
|t:|1784953503
|move|p2a: Primarina|Moonblast|p1b: Basculegion
|-damage|p1b: Basculegion|13/100 par
|move|p1b: Basculegion|Last Respects|p2a: Primarina
|-damage|p2a: Primarina|0 fnt
|faint|p2a: Primarina
|
|win|TehCruzeFan123
