|j|☆Poopylad
|j|☆hexagonfoot
|html|Poopyladhexagonfoot    
|uhtml|bestof|Game 2 of a best-of-3
|t:|1756691790
|gametype|doubles
|player|p1|Poopylad|265|1241
|player|p2|hexagonfoot|caitlin|1222
|gen|9
|tier|[Gen 9] VGC 2025 Reg H (Bo3)
|rated|
|rule|Species Clause: Limit one of each Pokémon
|rule|Item Clause: Limit 1 of each item
|clearpoke
|poke|p1|Dragonite, L50, F|
|poke|p1|Ninetales-Alola, L50, F|
|poke|p1|Annihilape, L50, M|
|poke|p1|Maushold-Four, L50|
|poke|p1|Whimsicott, L50, M|
|poke|p1|Incineroar, L50, F|
|poke|p2|Kingambit, L50, F|
|poke|p2|Primarina, L50, F|
|poke|p2|Sneasler, L50, M|
|poke|p2|Magmar, L50, F|
|poke|p2|Rillaboom, L50, F|
|poke|p2|Dragapult, L50, F|
|teampreview|4
|showteam|p1|Dragonite||LoadedDice|Multiscale|ScaleShot,Tailwind,Haze,ExtremeSpeed|||F|||50|,,,,,Fairy]Ninetales-Alola||LightClay|SnowWarning|Protect,AuroraVeil,Blizzard,IcyWind|||F|||50|,,,,,Water]Annihilape||Leftovers|Defiant|RageFist,DrainPunch,BulkUp,Protect|||M|||50|,,,,,Water]Maushold-Four||SafetyGoggles|FriendGuard|Taunt,Protect,FollowMe,BeatUp||||||50|,,,,,Ghost]Whimsicott||CovertCloak|Prankster|Moonblast,Charm,Tailwind,MistyTerrain|||M|||50|,,,,,Water]Incineroar||RockyHelmet|Intimidate|KnockOff,FakeOut,FlareBlitz,PartingShot|||F|||50|,,,,,Grass
|showteam|p2|Kingambit||BlackGlasses|Defiant|KowtowCleave,SuckerPunch,SwordsDance,Protect|||F|||50|,,,,,Ghost]Primarina||SitrusBerry|LiquidVoice|HyperVoice,Moonblast,Haze,Protect|||F|||50|,,,,,Water]Sneasler||FocusSash|PoisonTouch|CloseCombat,DireClaw,FakeOut,Protect|||M|||50|,,,,,Stellar]Magmar||Eviolite|VitalSpirit|Overheat,WillOWisp,FollowMe,Protect|||F|||50|,,,,,Ghost]Rillaboom||AssaultVest|GrassySurge|WoodHammer,GrassyGlide,HighHorsepower,FakeOut|||F|||50|,,,,,Fire]Dragapult||ChoiceBand|ClearBody|DragonDarts,PhantomForce,TeraBlast,Uturn|||F|||50|,,,,,Ghost
|inactive|Battle timer is ON: inactive players will automatically lose when time's up. (requested by hexagonfoot)
|inactive|hexagonfoot has 60 seconds left.
|
|t:|1756691835
|teamsize|p1|4
|teamsize|p2|4
|start
|switch|p1a: Maushold|Maushold-Four, L50|100/100
|switch|p1b: Annihilape|Annihilape, L50, M|100/100
|switch|p2a: Slough|Sneasler, L50, M|100/100
|switch|p2b: Headstone Lane|Dragapult, L50, F|100/100
|turn|1
|
|t:|1756691856
|-terastallize|p2b: Headstone Lane|Ghost
|move|p1a: Maushold|Protect|p1a: Maushold
|-singleturn|p1a: Maushold|Protect
|move|p1b: Annihilape|Protect|p1b: Annihilape
|-singleturn|p1b: Annihilape|Protect
|move|p2b: Headstone Lane|Tera Blast|p1b: Annihilape|[anim] Tera Blast Ghost
|-activate|p1b: Annihilape|move: Protect
|move|p2a: Slough|Close Combat|p1b: Annihilape
|-activate|p1b: Annihilape|move: Protect
|
|upkeep
|turn|2
|
|t:|1756691869
|move|p1a: Maushold|Follow Me|p1a: Maushold
|-singleturn|p1a: Maushold|move: Follow Me
|move|p2b: Headstone Lane|Tera Blast|p1a: Maushold|[anim] Tera Blast Ghost
|-immune|p1a: Maushold
|move|p2a: Slough|Close Combat|p1a: Maushold
|-supereffective|p1a: Maushold
|-damage|p1a: Maushold|0 fnt
|-unboost|p2a: Slough|def|1
|-unboost|p2a: Slough|spd|1
|faint|p1a: Maushold
|move|p1b: Annihilape|Bulk Up|p1b: Annihilape
|-boost|p1b: Annihilape|atk|1
|-boost|p1b: Annihilape|def|1
|
|upkeep
|
|t:|1756691884
|switch|p1a: Whimsicott|Whimsicott, L50, M|100/100
|turn|3
|
|t:|1756691893
|switch|p2b: Syon Lane|Magmar, L50, F|100/100
|-terastallize|p1b: Annihilape|Water
|move|p1a: Whimsicott|Tailwind|p1a: Whimsicott
|-sidestart|p1: Poopylad|move: Tailwind
|move|p1b: Annihilape|Rage Fist|p2b: Syon Lane
|-damage|p2b: Syon Lane|74/100
|move|p2a: Slough|Dire Claw|p1a: Whimsicott
|-supereffective|p1a: Whimsicott
|-damage|p1a: Whimsicott|0 fnt
|faint|p1a: Whimsicott
|
|upkeep
|
|t:|1756691897
|switch|p1a: Ninetales|Ninetales-Alola, L50, F|100/100
|-weather|Snowscape|[from] ability: Snow Warning|[of] p1a: Ninetales
|turn|4
|
|t:|1756691915
|move|p2a: Slough|Protect|p2a: Slough
|-singleturn|p2a: Slough|Protect
|move|p1a: Ninetales|Aurora Veil|p1a: Ninetales
|-sidestart|p1: Poopylad|move: Aurora Veil
|move|p1b: Annihilape|Bulk Up|p1b: Annihilape
|-boost|p1b: Annihilape|atk|1
|-boost|p1b: Annihilape|def|1
|move|p2b: Syon Lane|Will-O-Wisp|p1b: Annihilape
|-status|p1b: Annihilape|brn
|
|-weather|Snowscape|[upkeep]
|-damage|p1b: Annihilape|94/100 brn|[from] brn
|upkeep
|turn|5
|
|t:|1756691935
|move|p1a: Ninetales|Icy Wind|p2a: Slough|[spread] p2b
|-miss|p1a: Ninetales|p2a: Slough
|-resisted|p2b: Syon Lane
|-damage|p2b: Syon Lane|69/100
|-unboost|p2b: Syon Lane|spe|1
|move|p1b: Annihilape|Bulk Up|p1b: Annihilape
|-boost|p1b: Annihilape|atk|1
|-boost|p1b: Annihilape|def|1
|move|p2a: Slough|Dire Claw|p1a: Ninetales
|-supereffective|p1a: Ninetales
|-damage|p1a: Ninetales|57/100
|-status|p1a: Ninetales|slp
|move|p2b: Syon Lane|Overheat|p1a: Ninetales
|-supereffective|p1a: Ninetales
|-damage|p1a: Ninetales|0 fnt
|-unboost|p2b: Syon Lane|spa|2
|faint|p1a: Ninetales
|
|-weather|Snowscape|[upkeep]
|-heal|p1b: Annihilape|100/100 brn|[from] item: Leftovers
|-damage|p1b: Annihilape|94/100 brn|[from] brn
|upkeep
|turn|6
|
|t:|1756691958
|move|p2a: Slough|Protect|p2a: Slough
|-singleturn|p2a: Slough|Protect
|move|p2b: Syon Lane|Protect|p2b: Syon Lane
|-singleturn|p2b: Syon Lane|Protect
|move|p1b: Annihilape|Bulk Up|p1b: Annihilape
|-boost|p1b: Annihilape|atk|1
|-boost|p1b: Annihilape|def|1
|
|-weather|Snowscape|[upkeep]
|-heal|p1b: Annihilape|100/100 brn|[from] item: Leftovers
|-damage|p1b: Annihilape|94/100 brn|[from] brn
|-sideend|p1: Poopylad|move: Tailwind
|upkeep
|turn|7
|inactive|hexagonfoot has 30 seconds left.
|inactive|hexagonfoot has 20 seconds left.
|inactive|hexagonfoot has 15 seconds left.
|
|t:|1756691998
|switch|p2a: Canary Wharf|Primarina, L50, F|100/100
|move|p2b: Syon Lane|Follow Me|p2b: Syon Lane
|-singleturn|p2b: Syon Lane|move: Follow Me
|move|p1b: Annihilape|Drain Punch|p2b: Syon Lane
|-damage|p2b: Syon Lane|31/100
|-heal|p1b: Annihilape|100/100 brn|[from] drain|[of] p2b: Syon Lane
|
|-weather|Snowscape|[upkeep]
|-damage|p1b: Annihilape|94/100 brn|[from] brn
|upkeep
|turn|8
|
|t:|1756692021
|move|p2a: Canary Wharf|Protect|p2a: Canary Wharf
|-singleturn|p2a: Canary Wharf|Protect
|move|p2b: Syon Lane|Protect|p2b: Syon Lane
|-singleturn|p2b: Syon Lane|Protect
|move|p1b: Annihilape|Drain Punch|p2a: Canary Wharf
|-activate|p2a: Canary Wharf|move: Protect
|
|-weather|none
|-heal|p1b: Annihilape|100/100 brn|[from] item: Leftovers
|-damage|p1b: Annihilape|94/100 brn|[from] brn
|upkeep
|turn|9
|
|t:|1756692034
|move|p2b: Syon Lane|Follow Me|p2b: Syon Lane
|-singleturn|p2b: Syon Lane|move: Follow Me
|move|p1b: Annihilape|Rage Fist|p2b: Syon Lane
|-damage|p2b: Syon Lane|4/100
|move|p2a: Canary Wharf|Haze|p2a: Canary Wharf
|-clearallboost
|
|-heal|p1b: Annihilape|100/100 brn|[from] item: Leftovers
|-damage|p1b: Annihilape|94/100 brn|[from] brn
|upkeep
|turn|10
|
|t:|1756692047
|move|p2b: Syon Lane|Follow Me|p2b: Syon Lane
|-singleturn|p2b: Syon Lane|move: Follow Me
|move|p1b: Annihilape|Bulk Up|p1b: Annihilape
|-boost|p1b: Annihilape|atk|1
|-boost|p1b: Annihilape|def|1
|move|p2a: Canary Wharf|Haze|p2a: Canary Wharf
|-clearallboost
|
|-heal|p1b: Annihilape|100/100 brn|[from] item: Leftovers
|-damage|p1b: Annihilape|94/100 brn|[from] brn
|upkeep
|turn|11
|
|t:|1756692054
|move|p2b: Syon Lane|Follow Me|p2b: Syon Lane
|-singleturn|p2b: Syon Lane|move: Follow Me
|move|p1b: Annihilape|Drain Punch|p2b: Syon Lane
|-damage|p2b: Syon Lane|0 fnt
|-heal|p1b: Annihilape|96/100 brn|[from] drain|[of] p2b: Syon Lane
|faint|p2b: Syon Lane
|move|p2a: Canary Wharf|Haze|p2a: Canary Wharf
|-clearallboost
|
|-heal|p1b: Annihilape|100/100 brn|[from] item: Leftovers
|-damage|p1b: Annihilape|94/100 brn|[from] brn
|-sideend|p1: Poopylad|move: Aurora Veil
|upkeep
|
|t:|1756692061
|switch|p2b: Headstone Lane|Dragapult, L50, F, tera:Ghost|100/100
|turn|12
|-message|Poopylad forfeited.
|
|win|hexagonfoot
|l|☆Poopylad
|player|p1|
||hexagonfoot is ready for game 3.
||Poopylad is ready for game 3.
|uhtml|next|Next: Game 3 of 3
