|j|☆jurginhio
|j|☆CrystalGem02
|html|jurginhioCrystalGem02    
|uhtml|bestof|Game 1 of a best-of-3
|t:|1757850747
|gametype|doubles
|player|p1|jurginhio|flint|1155
|player|p2|CrystalGem02|valerie|1442
|gen|9
|tier|[Gen 9] VGC 2025 Reg H (Bo3)
|rated|
|rule|Species Clause: Limit one of each Pokémon
|rule|Item Clause: Limit 1 of each item
|clearpoke
|poke|p1|Kommo-o, L50, M|
|poke|p1|Gholdengo, L50|
|poke|p1|Sneasler, L50, M|
|poke|p1|Rillaboom, L50, F|
|poke|p1|Electabuzz, L50, M|
|poke|p1|Dondozo, L50, M|
|poke|p2|Pelipper, L50, M|
|poke|p2|Comfey, L50, F|
|poke|p2|Archaludon, L50, M|
|poke|p2|Weezing-Galar, L50, F|
|poke|p2|Kingdra, L50, F|
|poke|p2|Toedscruel, L50, M|
|teampreview|4
|showteam|p1|Kommo-o||ThroatSpray|Soundproof|ClangingScales,ClangorousSoul,Flamethrower,Protect|||M|||50|,,,,,Fire]Gholdengo||ChoiceSpecs|GoodasGold|MakeItRain,ShadowBall,DazzlingGleam,PowerGem||||||50|,,,,,Fairy]Sneasler||FocusSash|Unburden|FakeOut,DireClaw,CloseCombat,Protect|||M|||50|,,,,,Stellar]Rillaboom||AssaultVest|GrassySurge|FakeOut,GrassyGlide,WoodHammer,HighHorsepower|||F|||50|,,,,,Fire]Electabuzz||Eviolite|VitalSpirit|Electroweb,FollowMe,Taunt,Protect|||M|||50|,,,,,Grass]Dondozo||Leftovers|Unaware|WaveCrash,Yawn,Fissure,Protect|||M|||50|,,,,,Flying
|showteam|p2|Pelipper||ChoiceScarf|Drizzle|WeatherBall,Hurricane,Uturn,Tailwind|||M|||50|,,,,,Ghost]Comfey||SafetyGoggles|Triage|DrainingKiss,FloralHealing,LightScreen,Protect|||F|||50|,,,,,Steel]Archaludon||AssaultVest|Stamina|ElectroShot,FlashCannon,BodyPress,Snarl|||M|||50|,,,,,Grass]Weezing-Galar||SitrusBerry|NeutralizingGas|SludgeBomb,DazzlingGleam,Taunt,Protect|||F|||50|,,,,,Ghost]Kingdra||LifeOrb|SwiftSwim|WeatherBall,DracoMeteor,Surf,Protect|||F|||50|,,,,,Steel]Toedscruel||CovertCloak|MyceliumMight|EarthPower,BulletSeed,Spore,Protect|||M|||50|,,,,,Water
|inactive|Battle timer is ON: inactive players will automatically lose when time's up. (requested by jurginhio)
|inactive|jurginhio has 60 seconds left.
|inactive|CrystalGem02 has 60 seconds left.
|inactive|CrystalGem02 has 30 seconds left.
|inactive|CrystalGem02 has 20 seconds left.
|inactive|CrystalGem02 has 15 seconds left.
|inactive|CrystalGem02 has 10 seconds left.
|
|t:|1757850831
|teamsize|p1|4
|teamsize|p2|4
|start
|switch|p1a: Electabuzz|Electabuzz, L50, M|100/100
|switch|p1b: Kommo-o|Kommo-o, L50, M, shiny|100/100
|switch|p2a: Pelipper|Pelipper, L50, M, shiny|100/100
|switch|p2b: Archaludon|Archaludon, L50, M|100/100
|-weather|RainDance|[from] ability: Drizzle|[of] p2a: Pelipper
|turn|1
|
|t:|1757850856
|move|p1a: Electabuzz|Follow Me|p1a: Electabuzz
|-singleturn|p1a: Electabuzz|move: Follow Me
|move|p2a: Pelipper|U-turn|p1a: Electabuzz
|-damage|p1a: Electabuzz|92/100
|
|t:|1757850867
|switch|p2a: Comfey|Comfey, L50, F, shiny|100/100|[from] U-turn
|move|p1b: Kommo-o|Clangorous Soul|p1b: Kommo-o
|-boost|p1b: Kommo-o|atk|1
|-boost|p1b: Kommo-o|def|1
|-boost|p1b: Kommo-o|spa|1
|-boost|p1b: Kommo-o|spd|1
|-boost|p1b: Kommo-o|spe|1
|-damage|p1b: Kommo-o|68/100
|-enditem|p1b: Kommo-o|Throat Spray
|-boost|p1b: Kommo-o|spa|1|[from] item: Throat Spray
|move|p2b: Archaludon|Electro Shot||[still]
|-prepare|p2b: Archaludon|Electro Shot
|-boost|p2b: Archaludon|spa|1
|-anim|p2b: Archaludon|Electro Shot|p1a: Electabuzz
|-resisted|p1a: Electabuzz
|-damage|p1a: Electabuzz|70/100
|
|-weather|RainDance|[upkeep]
|upkeep
|turn|2
|inactive|jurginhio has 30 seconds left.
|inactive|CrystalGem02 has 30 seconds left.
|inactive|CrystalGem02 has 20 seconds left.
|
|t:|1757850907
|switch|p1a: Gholdengo|Gholdengo, L50|100/100
|move|p1b: Kommo-o|Protect|p1b: Kommo-o
|-singleturn|p1b: Kommo-o|Protect
|move|p2a: Comfey|Protect|p2a: Comfey
|-singleturn|p2a: Comfey|Protect
|move|p2b: Archaludon|Electro Shot||[still]
|-prepare|p2b: Archaludon|Electro Shot
|-boost|p2b: Archaludon|spa|1
|-anim|p2b: Archaludon|Electro Shot|p1b: Kommo-o
|-activate|p1b: Kommo-o|move: Protect
|
|-weather|RainDance|[upkeep]
|upkeep
|turn|3
|inactive|jurginhio has 30 seconds left.
|inactive|CrystalGem02 has 30 seconds left.
|
|t:|1757850934
|-terastallize|p1b: Kommo-o|Fire
|-terastallize|p2a: Comfey|Steel
|move|p1b: Kommo-o|Clangorous Soul|p1b: Kommo-o
|-boost|p1b: Kommo-o|atk|1
|-boost|p1b: Kommo-o|def|1
|-boost|p1b: Kommo-o|spa|1
|-boost|p1b: Kommo-o|spd|1
|-boost|p1b: Kommo-o|spe|1
|-damage|p1b: Kommo-o|35/100
|move|p1a: Gholdengo|Make It Rain|p2b: Archaludon|[spread] p2a,p2b
|-resisted|p2a: Comfey
|-resisted|p2b: Archaludon
|-damage|p2a: Comfey|63/100
|-damage|p2b: Archaludon|74/100
|-unboost|p1a: Gholdengo|spa|1
|-ability|p2b: Archaludon|Stamina|boost
|-boost|p2b: Archaludon|def|1
|move|p2a: Comfey|Light Screen|p2a: Comfey
|-sidestart|p2: CrystalGem02|move: Light Screen
|move|p2b: Archaludon|Snarl|p1b: Kommo-o|[spread] p1a
|-immune|p1b: Kommo-o|[from] ability: Soundproof
|-supereffective|p1a: Gholdengo
|-crit|p1a: Gholdengo
|-damage|p1a: Gholdengo|13/100
|-unboost|p1a: Gholdengo|spa|1
|
|-weather|RainDance|[upkeep]
|upkeep
|turn|4
|inactive|jurginhio has 30 seconds left.
|inactive|CrystalGem02 has 30 seconds left.
|
|t:|1757850964
|switch|p1a: Dondozo|Dondozo, L50, M|100/100
|move|p2a: Comfey|Floral Healing|p2b: Archaludon
|-heal|p2b: Archaludon|100/100
|move|p1b: Kommo-o|Clanging Scales|p2a: Comfey|[spread] p2a,p2b
|-resisted|p2a: Comfey
|-damage|p2a: Comfey|37/100
|-damage|p2b: Archaludon|58/100
|-ability|p2b: Archaludon|Stamina|boost
|-boost|p2b: Archaludon|def|1
|-unboost|p1b: Kommo-o|def|1
|move|p2b: Archaludon|Electro Shot||[still]
|-prepare|p2b: Archaludon|Electro Shot
|-boost|p2b: Archaludon|spa|1
|-anim|p2b: Archaludon|Electro Shot|p1b: Kommo-o
|-damage|p1b: Kommo-o|0 fnt
|faint|p1b: Kommo-o
|
|-weather|RainDance|[upkeep]
|upkeep
|
|t:|1757850980
|switch|p1b: Electabuzz|Electabuzz, L50, M|70/100
|turn|5
|
|t:|1757850999
|move|p2a: Comfey|Floral Healing|p2b: Archaludon
|-heal|p2b: Archaludon|100/100
|move|p1b: Electabuzz|Follow Me|p1b: Electabuzz
|-singleturn|p1b: Electabuzz|move: Follow Me
|move|p2b: Archaludon|Electro Shot||[still]
|-prepare|p2b: Archaludon|Electro Shot
|-boost|p2b: Archaludon|spa|1
|-anim|p2b: Archaludon|Electro Shot|p1b: Electabuzz
|-resisted|p1b: Electabuzz
|-damage|p1b: Electabuzz|23/100
|move|p1a: Dondozo|Fissure|p2b: Archaludon
|-damage|p2b: Archaludon|0 fnt
|faint|p2b: Archaludon
|-ohko
|
|-weather|none
|upkeep
|
|t:|1757851015
|switch|p2b: Pelipper|Pelipper, L50, M, shiny|100/100
|-weather|RainDance|[from] ability: Drizzle|[of] p2b: Pelipper
|turn|6
|inactive|jurginhio has 30 seconds left.
|
|t:|1757851041
|switch|p2a: Kingdra|Kingdra, L50, F, shiny|100/100
|move|p1b: Electabuzz|Protect|p1b: Electabuzz
|-singleturn|p1b: Electabuzz|Protect
|move|p2b: Pelipper|Hurricane|p1b: Electabuzz
|-activate|p1b: Electabuzz|move: Protect
|move|p1a: Dondozo|Yawn|p2b: Pelipper
|-start|p2b: Pelipper|move: Yawn|[of] p1a: Dondozo
|
|-weather|RainDance|[upkeep]
|upkeep
|turn|7
|
|t:|1757851063
|switch|p2b: Comfey|Comfey, L50, F, shiny, tera:Steel|37/100
|move|p2a: Kingdra|Weather Ball|p1b: Electabuzz
|-damage|p1b: Electabuzz|0 fnt
|faint|p1b: Electabuzz
|-damage|p2a: Kingdra|91/100|[from] item: Life Orb
|move|p1a: Dondozo|Yawn|p2a: Kingdra
|-start|p2a: Kingdra|move: Yawn|[of] p1a: Dondozo
|
|-weather|RainDance|[upkeep]
|-sideend|p2: CrystalGem02|move: Light Screen
|upkeep
|
|t:|1757851069
|switch|p1b: Gholdengo|Gholdengo, L50|13/100
|turn|8
|inactive|jurginhio has 30 seconds left.
|
|t:|1757851097
|move|p2b: Comfey|Protect|p2b: Comfey
|-singleturn|p2b: Comfey|Protect
|move|p2a: Kingdra|Weather Ball|p1b: Gholdengo
|-damage|p1b: Gholdengo|0 fnt
|faint|p1b: Gholdengo
|-damage|p2a: Kingdra|82/100|[from] item: Life Orb
|move|p1a: Dondozo|Yawn||[still]
|-fail|p1a: Dondozo
|
|-weather|RainDance|[upkeep]
|-end|p2a: Kingdra|move: Yawn|[silent]
|-status|p2a: Kingdra|slp
|upkeep
|turn|9
|inactive|CrystalGem02 has 30 seconds left.
|
|t:|1757851125
|switch|p2b: Pelipper|Pelipper, L50, M, shiny|100/100
|cant|p2a: Kingdra|slp
|move|p1a: Dondozo|Wave Crash|p2b: Pelipper
|-resisted|p2b: Pelipper
|-damage|p2b: Pelipper|59/100
|-damage|p1a: Dondozo|93/100|[from] Recoil
|
|-weather|RainDance|[upkeep]
|-heal|p1a: Dondozo|99/100|[from] item: Leftovers
|upkeep
|turn|10
|
|t:|1757851143
|-curestatus|p2a: Kingdra|slp|[msg]
|move|p2a: Kingdra|Draco Meteor|p1a: Dondozo
|-damage|p1a: Dondozo|43/100
|-unboost|p2a: Kingdra|spa|2
|-damage|p2a: Kingdra|72/100|[from] item: Life Orb
|move|p2b: Pelipper|U-turn|p1a: Dondozo
|-damage|p1a: Dondozo|38/100
|
|t:|1757851151
|switch|p2b: Comfey|Comfey, L50, F, shiny, tera:Steel|37/100|[from] U-turn
|move|p1a: Dondozo|Fissure|p2a: Kingdra
|-damage|p2a: Kingdra|0 fnt
|faint|p2a: Kingdra
|-ohko
|
|-weather|none
|-heal|p1a: Dondozo|44/100|[from] item: Leftovers
|upkeep
|
|t:|1757851156
|switch|p2a: Pelipper|Pelipper, L50, M, shiny|59/100
|-weather|RainDance|[from] ability: Drizzle|[of] p2a: Pelipper
|turn|11
|
|t:|1757851169
|move|p2b: Comfey|Floral Healing|p2a: Pelipper
|-heal|p2a: Pelipper|100/100
|move|p2a: Pelipper|Hurricane|p1a: Dondozo
|-damage|p1a: Dondozo|11/100
|-start|p1a: Dondozo|confusion
|-activate|p1a: Dondozo|confusion
|-damage|p1a: Dondozo|6/100|[from] confusion
|
|-weather|RainDance|[upkeep]
|-heal|p1a: Dondozo|12/100|[from] item: Leftovers
|upkeep
|turn|12
|
|t:|1757851181
|move|p2b: Comfey|Draining Kiss|p1a: Dondozo
|-damage|p1a: Dondozo|0 fnt
|-heal|p2b: Comfey|51/100|[from] drain|[of] p1a: Dondozo
|faint|p1a: Dondozo
|
|win|CrystalGem02
