|j|☆vgc_heartgold
|j|☆Voltage Gaming101
|html|vgc_heartgoldVoltage Gaming101    
|uhtml|bestof|Game 2 of a best-of-3
|t:|1756922293
|gametype|doubles
|player|p1|vgc_heartgold|ethan|1059
|player|p2|Voltage Gaming101|red|1052
|gen|9
|tier|[Gen 9] VGC 2025 Reg H (Bo3)
|rated|
|rule|Species Clause: Limit one of each Pokémon
|rule|Item Clause: Limit 1 of each item
|clearpoke
|poke|p1|Gholdengo, L50|
|poke|p1|Ursaluna-Bloodmoon, L50, M|
|poke|p1|Dragonite, L50, M|
|poke|p1|Rillaboom, L50, F|
|poke|p1|Maushold, L50|
|poke|p1|Annihilape, L50, F|
|poke|p2|Tyranitar, L50, M|
|poke|p2|Houndstone, L50, M|
|poke|p2|Gholdengo, L50|
|poke|p2|Garchomp, L50, F|
|poke|p2|Incineroar, L50, F|
|poke|p2|Amoonguss, L50, M|
|teampreview|4
|showteam|p1|Gholdengo||LifeOrb|GoodasGold|MakeItRain,ShadowBall,NastyPlot,Protect||||||50|,,,,,Dragon]Ursaluna-Bloodmoon||AssaultVest|MindsEye|BloodMoon,HyperVoice,EarthPower,VacuumWave|||M|||50|,,,,,Normal]Dragonite||LoadedDice|Multiscale|ScaleShot,Tailwind,Haze,Protect|||M|||50|,,,,,Fairy]Rillaboom||MiracleSeed|GrassySurge|DrumBeating,GrassyGlide,FakeOut,KnockOff|||F|||50|,,,,,Fire]Maushold||FocusSash|FriendGuard|SuperFang,FollowMe,BeatUp,Protect||||||50|,,,,,Ghost]Annihilape||SafetyGoggles|Defiant|DrainPunch,RageFist,BulkUp,Protect|||F|||50|,,,,,Water
|showteam|p2|Tyranitar||AssaultVest|SandStream|RockSlide,KnockOff,LowKick,TeraBlast|||M|||50|,,,,,Flying]Houndstone||SpellTag|SandRush|LastRespects,ShadowSneak,PlayRough,FireFang|||M|||50|,,,,,Ghost]Gholdengo||LifeOrb|GoodasGold|MakeItRain,ShadowBall,NastyPlot,Protect||||||50|,,,,,Water]Garchomp||LoadedDice|RoughSkin|ScaleShot,Earthquake,SwordsDance,Protect|||F|||50|,,,,,Fire]Incineroar||SafetyGoggles|Intimidate|FakeOut,KnockOff,FlareBlitz,PartingShot|||F|||50|,,,,,Water]Amoonguss||SitrusBerry|Regenerator|Spore,RagePowder,PollenPuff,Protect|||M|||50|,,,,,Grass
|
|t:|1756922321
|teamsize|p1|4
|teamsize|p2|4
|start
|switch|p1a: Maushold|Maushold, L50|100/100
|switch|p1b: Annihilape|Annihilape, L50, F|100/100
|switch|p2a: Garchomp|Garchomp, L50, F, shiny|100/100
|switch|p2b: Tyranitar|Tyranitar, L50, M, shiny|100/100
|-weather|Sandstorm|[from] ability: Sand Stream|[of] p2b: Tyranitar
|turn|1
|
|t:|1756922355
|-terastallize|p2b: Tyranitar|Flying
|move|p1a: Maushold|Follow Me|p1a: Maushold
|-singleturn|p1a: Maushold|move: Follow Me
|move|p1b: Annihilape|Bulk Up|p1b: Annihilape
|-boost|p1b: Annihilape|atk|1
|-boost|p1b: Annihilape|def|1
|move|p2a: Garchomp|Swords Dance|p2a: Garchomp
|-boost|p2a: Garchomp|atk|2
|move|p2b: Tyranitar|Knock Off|p1a: Maushold
|-damage|p1a: Maushold|20/100
|-enditem|p1a: Maushold|Focus Sash|[from] move: Knock Off|[of] p2b: Tyranitar
|
|-weather|Sandstorm|[upkeep]
|-damage|p1a: Maushold|14/100|[from] Sandstorm
|-damage|p2b: Tyranitar|95/100|[from] Sandstorm
|upkeep
|turn|2
|
|t:|1756922386
|move|p1a: Maushold|Beat Up|p1b: Annihilape
|-crit|p1b: Annihilape
|-damage|p1b: Annihilape|97/100
|-damage|p1b: Annihilape|95/100
|-damage|p1b: Annihilape|93/100
|-damage|p1b: Annihilape|91/100
|-hitcount|p1b: Annihilape|4
|move|p1b: Annihilape|Drain Punch|p2a: Garchomp
|-damage|p2a: Garchomp|53/100
|-heal|p1b: Annihilape|100/100|[from] drain|[of] p2a: Garchomp
|-damage|p1b: Annihilape|88/100|[from] ability: Rough Skin|[of] p2a: Garchomp
|move|p2a: Garchomp|Scale Shot|p1b: Annihilape
|-damage|p1b: Annihilape|73/100
|-damage|p1b: Annihilape|57/100
|-damage|p1b: Annihilape|41/100
|-damage|p1b: Annihilape|25/100
|-hitcount|p1b: Annihilape|4
|-unboost|p2a: Garchomp|def|1
|-boost|p2a: Garchomp|spe|1
|move|p2b: Tyranitar|Rock Slide|p1a: Maushold|[spread] p1a,p1b
|-resisted|p1b: Annihilape
|-damage|p1a: Maushold|0 fnt
|-damage|p1b: Annihilape|16/100
|faint|p1a: Maushold
|
|-weather|Sandstorm|[upkeep]
|-damage|p2b: Tyranitar|89/100|[from] Sandstorm
|upkeep
|
|t:|1756922415
|switch|p1a: Rillaboom|Rillaboom, L50, F|100/100
|-fieldstart|move: Grassy Terrain|[from] ability: Grassy Surge|[of] p1a: Rillaboom
|turn|3
|
|t:|1756922438
|move|p2a: Garchomp|Protect|p2a: Garchomp
|-singleturn|p2a: Garchomp|Protect
|move|p1a: Rillaboom|Fake Out|p2a: Garchomp
|-activate|p2a: Garchomp|move: Protect
|move|p1b: Annihilape|Drain Punch|p2a: Garchomp
|-activate|p2a: Garchomp|move: Protect
|move|p2b: Tyranitar|Tera Blast|p1a: Rillaboom|[anim] Tera Blast Flying
|-supereffective|p1a: Rillaboom
|-damage|p1a: Rillaboom|14/100
|
|-weather|Sandstorm|[upkeep]
|-damage|p1a: Rillaboom|8/100|[from] Sandstorm
|-damage|p2b: Tyranitar|83/100|[from] Sandstorm
|-heal|p2a: Garchomp|59/100|[from] Grassy Terrain
|-heal|p1b: Annihilape|22/100|[from] Grassy Terrain
|-heal|p1a: Rillaboom|14/100|[from] Grassy Terrain
|upkeep
|turn|4
|
|t:|1756922456
|move|p1a: Rillaboom|Grassy Glide|p2b: Tyranitar
|-resisted|p2b: Tyranitar
|-damage|p2b: Tyranitar|66/100
|move|p2a: Garchomp|Earthquake|p1b: Annihilape|[spread] p1a,p1b
|-immune|p2b: Tyranitar
|-resisted|p1a: Rillaboom
|-damage|p1a: Rillaboom|0 fnt
|-damage|p1b: Annihilape|0 fnt
|faint|p1a: Rillaboom
|faint|p1b: Annihilape
|move|p2b: Tyranitar|Tera Blast|p1: Rillaboom|[notarget]
|-fail|p2b: Tyranitar
|
|-weather|Sandstorm|[upkeep]
|-damage|p2b: Tyranitar|60/100|[from] Sandstorm
|-heal|p2a: Garchomp|65/100|[from] Grassy Terrain
|upkeep
|
|t:|1756922465
|switch|p1b: Ursaluna|Ursaluna-Bloodmoon, L50, M|100/100
|turn|5
|
|t:|1756922476
|-terastallize|p1b: Ursaluna|Normal
|move|p1b: Ursaluna|Vacuum Wave|p2a: Garchomp
|-damage|p2a: Garchomp|46/100
|move|p2a: Garchomp|Scale Shot|p1b: Ursaluna
|-damage|p1b: Ursaluna|80/100
|-damage|p1b: Ursaluna|59/100
|-damage|p1b: Ursaluna|40/100
|-damage|p1b: Ursaluna|20/100
|-hitcount|p1b: Ursaluna|4
|-unboost|p2a: Garchomp|def|1
|-boost|p2a: Garchomp|spe|1
|move|p2b: Tyranitar|Low Kick|p1b: Ursaluna
|-supereffective|p1b: Ursaluna
|-damage|p1b: Ursaluna|0 fnt
|faint|p1b: Ursaluna
|
|win|Voltage Gaming101
