|j|☆PabloZH24
|j|☆FrancoilCieco777
|html|PabloZH24FrancoilCieco777    
|uhtml|bestof|Game 3 of a best-of-3
|t:|1756217676
|gametype|doubles
|player|p1|PabloZH24|101|
|player|p2|FrancoilCieco777|baker|
|gen|9
|tier|[Gen 9] VGC 2025 Reg H (Bo3)
|rule|Species Clause: Limit one of each Pokémon
|rule|Item Clause: Limit 1 of each item
|clearpoke
|poke|p1|Annihilape, L50, M|
|poke|p1|Archaludon, L50, F|
|poke|p1|Sinistcha, L50|
|poke|p1|Pelipper, L50, F|
|poke|p1|Ursaluna, L50, F|
|poke|p1|Maushold-Four, L50|
|poke|p2|Arcanine, L50, F|
|poke|p2|Haxorus, L50, M|
|poke|p2|Sneasler, L50, M|
|poke|p2|Samurott-Hisui, L50, M|
|poke|p2|Gholdengo, L50|
|poke|p2|Amoonguss, L50, F|
|teampreview|4
|showteam|p1|Annihilape||Leftovers|Defiant|DrainPunch,RageFist,BulkUp,Protect|||M|||50|,,,,,Water]Archaludon||AssaultVest|Stamina|DracoMeteor,ElectroShot,Snarl,BodyPress|||F|||50|,,,,,Bug]Sinistcha||SitrusBerry|Hospitality|MatchaGotcha,RagePowder,LifeDew,Protect||||||50|,,,,,Water]Pelipper||FocusSash|Drizzle|WeatherBall,Protect,Tailwind,Hurricane|||F|||50|,,,,,Ghost]Ursaluna||FlameOrb|Guts|Facade,HeadlongRush,Earthquake,Protect|||F|||50|,,,,,Ghost]Maushold-Four||SafetyGoggles|FriendGuard|BeatUp,Taunt,FollowMe,Protect||||||50|,,,,,Ghost
|showteam|p2|Arcanine||MirrorHerb|Intimidate|ExtremeSpeed,FlareBlitz,Protect,WillOWisp|||F|||50|,,,,,Normal]Haxorus||ClearAmulet|MoldBreaker|DragonClaw,FirstImpression,IronHead,Protect|||M|||50|,,,,,Steel]Sneasler||FocusSash|Pressure|FakeOut,CloseCombat,DireClaw,Coaching|||M|||50|,,,,,Ghost]Samurott-Hisui||AssaultVest|Sharpness|AquaCutter,SacredSword,NightSlash,SuckerPunch|||M|||50|,,,,,Ghost]Gholdengo||ChoiceScarf|GoodasGold|MakeItRain,ShadowBall,Trick,Protect||||||50|,,,,,Steel]Amoonguss||CovertCloak|Regenerator|Spore,RagePowder,ClearSmog,Protect|||F|||50|,,,,,Electric
|inactive|Battle timer is ON: inactive players will automatically lose when time's up. (requested by FrancoilCieco777)
|j| thewanderer55
|
|t:|1756217701
|teamsize|p1|4
|teamsize|p2|4
|start
|switch|p1a: Ursaluna|Ursaluna, L50, F|100/100
|switch|p1b: Pelipper|Pelipper, L50, F|100/100
|switch|p2a: Sneasler|Sneasler, L50, M|100/100
|switch|p2b: Haxorus|Haxorus, L50, M|100/100
|-ability|p2a: Sneasler|Pressure
|-ability|p2b: Haxorus|Mold Breaker
|-weather|RainDance|[from] ability: Drizzle|[of] p1b: Pelipper
|turn|1
|inactive|PabloZH24 has 30 seconds left.
|
|t:|1756217731
|move|p1a: Ursaluna|Protect|p1a: Ursaluna
|-singleturn|p1a: Ursaluna|Protect
|move|p2a: Sneasler|Dire Claw|p1b: Pelipper
|-damage|p1b: Pelipper|48/100
|move|p2b: Haxorus|Dragon Claw|p1b: Pelipper
|-damage|p1b: Pelipper|0 fnt
|faint|p1b: Pelipper
|
|-weather|RainDance|[upkeep]
|-status|p1a: Ursaluna|brn|[from] item: Flame Orb
|upkeep
|
|t:|1756217744
|switch|p1b: Sinistcha|Sinistcha, L50|100/100
|turn|2
|inactive|FrancoilCieco777 has 30 seconds left.
|inactive|FrancoilCieco777 has 20 seconds left.
|
|t:|1756217782
|-terastallize|p1a: Ursaluna|Ghost
|move|p1b: Sinistcha|Protect|p1b: Sinistcha
|-singleturn|p1b: Sinistcha|Protect
|move|p2a: Sneasler|Dire Claw|p1b: Sinistcha
|-activate|p1b: Sinistcha|move: Protect
|move|p2b: Haxorus|Dragon Claw|p1b: Sinistcha
|-activate|p1b: Sinistcha|move: Protect
|move|p1a: Ursaluna|Earthquake|p2a: Sneasler|[spread] p2a,p2b
|-activate|p1b: Sinistcha|move: Protect
|-supereffective|p2a: Sneasler
|-enditem|p2a: Sneasler|Focus Sash
|-damage|p2a: Sneasler|1/100
|-damage|p2b: Haxorus|21/100
|
|-weather|RainDance|[upkeep]
|-damage|p1a: Ursaluna|95/100 brn|[from] brn
|upkeep
|turn|3
|
|t:|1756217805
|move|p1b: Sinistcha|Rage Powder|p1b: Sinistcha
|-singleturn|p1b: Sinistcha|move: Rage Powder
|move|p2a: Sneasler|Dire Claw|p1b: Sinistcha
|-damage|p1b: Sinistcha|69/100
|move|p2b: Haxorus|Dragon Claw|p1b: Sinistcha
|-damage|p1b: Sinistcha|35/100
|-enditem|p1b: Sinistcha|Sitrus Berry|[eat]
|-heal|p1b: Sinistcha|60/100|[from] item: Sitrus Berry
|move|p1a: Ursaluna|Earthquake|p2b: Haxorus|[spread] p1b,p2a,p2b
|-resisted|p1b: Sinistcha
|-supereffective|p2a: Sneasler
|-damage|p1b: Sinistcha|34/100
|-damage|p2a: Sneasler|0 fnt
|-damage|p2b: Haxorus|0 fnt
|faint|p2a: Sneasler
|faint|p2b: Haxorus
|
|-weather|RainDance|[upkeep]
|-damage|p1a: Ursaluna|89/100 brn|[from] brn
|upkeep
|
|t:|1756217815
|switch|p2a: Amoonguss|Amoonguss, L50, F|100/100
|switch|p2b: Gholdengo|Gholdengo, L50|100/100
|turn|4
|
|t:|1756217838
|-terastallize|p2b: Gholdengo|Steel
|move|p1a: Ursaluna|Protect|p1a: Ursaluna
|-singleturn|p1a: Ursaluna|Protect
|move|p2b: Gholdengo|Make It Rain|p1b: Sinistcha|[spread] p1b
|-activate|p1a: Ursaluna|move: Protect
|-damage|p1b: Sinistcha|0 fnt
|-unboost|p2b: Gholdengo|spa|1
|faint|p1b: Sinistcha
|move|p2a: Amoonguss|Clear Smog|p1a: Ursaluna
|-activate|p1a: Ursaluna|move: Protect
|
|-weather|RainDance|[upkeep]
|-damage|p1a: Ursaluna|83/100 brn|[from] brn
|upkeep
|
|t:|1756217850
|switch|p1b: Archaludon|Archaludon, L50, F|100/100
|turn|5
|
|t:|1756217870
|move|p2b: Gholdengo|Make It Rain|p1a: Ursaluna|[spread] p1a,p1b
|-resisted|p1b: Archaludon
|-damage|p1a: Ursaluna|46/100 brn
|-damage|p1b: Archaludon|82/100
|-unboost|p2b: Gholdengo|spa|1
|-ability|p1b: Archaludon|Stamina|boost
|-boost|p1b: Archaludon|def|1
|move|p1b: Archaludon|Body Press|p2b: Gholdengo
|-supereffective|p2b: Gholdengo
|-damage|p2b: Gholdengo|26/100
|move|p1a: Ursaluna|Facade|p2a: Amoonguss
|-damage|p2a: Amoonguss|0 fnt
|faint|p2a: Amoonguss
|
|-weather|none
|-damage|p1a: Ursaluna|41/100 brn|[from] brn
|upkeep
|turn|6
|inactive|PabloZH24 has 30 seconds left.
|inactive|PabloZH24 has 20 seconds left.
|inactive|PabloZH24 has 15 seconds left.
|l|☆PabloZH24
|inactive|PabloZH24 disconnected and has 300 seconds to reconnect!
|player|p1|
|j|☆PabloZH24
|inactive|PabloZH24 reconnected and has 15 seconds left.
|player|p1|PabloZH24|101|
|inactive|PabloZH24 has 10 seconds left.
|inactive|PabloZH24 has 5 seconds left.
|
|t:|1756217929
|move|p2b: Gholdengo|Make It Rain|p1b: Archaludon|[spread] p1a,p1b
|-resisted|p1b: Archaludon
|-crit|p1b: Archaludon
|-damage|p1a: Ursaluna|13/100 brn
|-damage|p1b: Archaludon|44/100
|-unboost|p2b: Gholdengo|spa|1
|-ability|p1b: Archaludon|Stamina|boost
|-boost|p1b: Archaludon|def|1
|move|p1b: Archaludon|Body Press|p2b: Gholdengo
|-supereffective|p2b: Gholdengo
|-damage|p2b: Gholdengo|0 fnt
|faint|p2b: Gholdengo
|
|win|PabloZH24
