|j|☆k1ngm3
|j|☆breloomb01
|html|k1ngm3breloomb01    
|uhtml|bestof|Game 1 of a best-of-3
|t:|1785356249
|gametype|doubles
|player|p1|k1ngm3|dragontamer|1133
|player|p2|breloomb01|roughneck|1197
|gen|9
|tier|[Gen 9 Champions] VGC 2026 Reg M-B (Bo3)
|rated|
|rule|Species Clause: Limit one of each Pokémon
|rule|Item Clause: Limit 1 of each item
|clearpoke
|poke|p1|Venusaur, L50, F|
|poke|p1|Torkoal, L50, F|
|poke|p1|Charizard, L50, M|
|poke|p1|Garchomp, L50, F|
|poke|p1|Metagross, L50|
|poke|p1|Blastoise, L50, F|
|poke|p2|Floette-Eternal, L50, F|
|poke|p2|Incineroar, L50, F|
|poke|p2|Sinistcha, L50|
|poke|p2|Garchomp, L50, M|
|poke|p2|Sneasler, L50, F|
|poke|p2|Rotom-Wash, L50|
|teampreview|4
|showteam|p1|Venusaur||FocusSash|Chlorophyll|SleepPowder,EarthPower,GigaDrain,SludgeBomb|Modest||F|||50|]Torkoal||Charcoal|Drought|HeatWave,EarthPower,AncientPower,Protect|Modest||F|||50|]Charizard||CharizarditeY|Blaze|HeatWave,Protect,WeatherBall,SolarBeam|Timid||M|||50|]Garchomp||LifeOrb|RoughSkin|SwordsDance,Earthquake,RockSlide,PoisonJab|Jolly||F|||50|]Metagross||Metagrossite|ClearBody|BulletPunch,IcePunch,MeteorMash,PsychicFangs|Jolly|||||50|]Blastoise||Blastoisinite|Torrent|AuraSphere,HydroPump,DarkPulse,IcyWind|Modest||F|||50|
|showteam|p2|Floette-Eternal||Floettite|FlowerVeil|DrainingKiss,DazzlingGleam,CalmMind,Protect|Modest||F|||50|]Incineroar||SitrusBerry|Intimidate|FakeOut,FlareBlitz,ThroatChop,PartingShot|Careful||F|||50|]Sinistcha||KasibBerry|Hospitality|Protect,RagePowder,MatchaGotcha,TrickRoom|Calm|||||50|]Garchomp||LifeOrb|RoughSkin|Earthquake,DragonClaw,RockSlide,Protect|Jolly||M|||50|]Sneasler||FocusSash|PoisonTouch|FakeOut,DireClaw,CloseCombat,Protect|Jolly||F|||50|]Rotom-Wash||Leftovers|Levitate|HydroPump,Protect,WillOWisp,Electroweb|Bold|||||50|
|
|t:|1785356300
|teamsize|p1|4
|teamsize|p2|4
|start
|switch|p1a: Venusaur|Venusaur, L50, F|100/100
|switch|p1b: Blastoise|Blastoise, L50, F|100/100
|switch|p2a: Sneasler|Sneasler, L50, F|100/100
|switch|p2b: Garchomp|Garchomp, L50, M|100/100
|turn|1
|
|t:|1785356322
|switch|p1b: Torkoal|Torkoal, L50, F|100/100
|-weather|SunnyDay|[from] ability: Drought|[of] p1b: Torkoal
|move|p2a: Sneasler|Fake Out|p1a: Venusaur
|-damage|p1a: Venusaur|80/100
|cant|p1a: Venusaur|flinch
|move|p2b: Garchomp|Rock Slide|p1b: Torkoal|[spread] p1a,p1b
|-crit|p1a: Venusaur
|-supereffective|p1b: Torkoal|1
|-damage|p1a: Venusaur|31/100
|-damage|p1b: Torkoal|63/100
|-damage|p2b: Garchomp|90/100|[from] item: Life Orb
|
|-weather|SunnyDay|[upkeep]
|upkeep
|turn|2
|
|t:|1785356338
|switch|p2a: Incineroar|Incineroar, L50, F|100/100
|-ability|p2a: Incineroar|Intimidate|boost
|-unboost|p1a: Venusaur|atk|1
|-unboost|p1b: Torkoal|atk|1
|move|p2b: Garchomp|Protect|p2b: Garchomp
|-singleturn|p2b: Garchomp|Protect
|move|p1b: Torkoal|Protect|p1b: Torkoal
|-singleturn|p1b: Torkoal|Protect
|move|p1a: Venusaur|Sleep Powder|p2b: Garchomp
|-activate|p2b: Garchomp|move: Protect
|
|-weather|SunnyDay|[upkeep]
|upkeep
|turn|3
|
|t:|1785356354
|switch|p1a: Blastoise|Blastoise, L50, F|100/100
|switch|p1b: Garchomp|Garchomp, L50, F|100/100
|move|p2a: Incineroar|Fake Out|p1a: Blastoise
|-damage|p1a: Blastoise|90/100
|move|p2b: Garchomp|Rock Slide|p1a: Blastoise|[spread] p1a,p1b
|-resisted|p1b: Garchomp|1
|-damage|p1a: Blastoise|66/100
|-damage|p1b: Garchomp|88/100
|-damage|p2b: Garchomp|80/100|[from] item: Life Orb
|
|-weather|SunnyDay|[upkeep]
|upkeep
|turn|4
|
|t:|1785356372
|detailschange|p1a: Blastoise|Blastoise-Mega, L50, F
|-mega|p1a: Blastoise|Blastoise|Blastoisinite
|move|p1b: Garchomp|Swords Dance|p1b: Garchomp
|-boost|p1b: Garchomp|atk|2
|move|p2b: Garchomp|Dragon Claw|p1b: Garchomp
|-supereffective|p1b: Garchomp|1
|-damage|p1b: Garchomp|0 fnt
|-damage|p2b: Garchomp|68/100|[from] ability: Rough Skin|[of] p1b: Garchomp
|faint|p1b: Garchomp
|-damage|p2b: Garchomp|58/100|[from] item: Life Orb
|move|p1a: Blastoise|Aura Sphere|p2b: Garchomp
|-damage|p2b: Garchomp|7/100
|move|p2a: Incineroar|Parting Shot|p1a: Blastoise
|-unboost|p1a: Blastoise|atk|1
|-unboost|p1a: Blastoise|spa|1
|
|t:|1785356384
|switch|p2a: Floette|Floette-Eternal, L50, F|100/100|[from] Parting Shot
|
|-weather|SunnyDay|[upkeep]
|upkeep
|
|t:|1785356393
|switch|p1b: Venusaur|Venusaur, L50, F|31/100
|turn|5
|
|t:|1785356419
|move|p2a: Floette|Protect|p2a: Floette
|-singleturn|p2a: Floette|Protect
|move|p1b: Venusaur|Sleep Powder|p2a: Floette
|-activate|p2a: Floette|move: Protect
|move|p2b: Garchomp|Earthquake|p1a: Blastoise|[spread] p1a,p1b
|-activate|p2a: Floette|move: Protect
|-damage|p1a: Blastoise|27/100
|-damage|p1b: Venusaur|0 fnt
|faint|p1b: Venusaur
|-damage|p2b: Garchomp|0 fnt|[from] item: Life Orb
|faint|p2b: Garchomp
|move|p1a: Blastoise|Icy Wind|p2a: Floette
|-activate|p2a: Floette|move: Protect
|
|-weather|none
|upkeep
|
|t:|1785356434
|switch|p2b: Incineroar|Incineroar, L50, F|100/100
|switch|p1b: Torkoal|Torkoal, L50, F|63/100
|-ability|p2b: Incineroar|Intimidate|boost
|-unboost|p1a: Blastoise|atk|1
|-unboost|p1b: Torkoal|atk|1
|-weather|SunnyDay|[from] ability: Drought|[of] p1b: Torkoal
|turn|6
|
|t:|1785356446
|detailschange|p2a: Floette|Floette-Mega, L50, F
|-mega|p2a: Floette|Floette|Floettite
|-ability|p2a: Floette|Fairy Aura
|move|p1b: Torkoal|Protect|p1b: Torkoal
|-singleturn|p1b: Torkoal|Protect
|move|p2b: Incineroar|Fake Out|p1a: Blastoise
|-crit|p1a: Blastoise
|-damage|p1a: Blastoise|15/100
|move|p2a: Floette|Calm Mind|p2a: Floette
|-boost|p2a: Floette|spa|1
|-boost|p2a: Floette|spd|1
|cant|p1a: Blastoise|flinch
|
|-weather|SunnyDay|[upkeep]
|upkeep
|turn|7
|
|t:|1785356461
|move|p2a: Floette|Dazzling Gleam|p1a: Blastoise|[spread] p1a,p1b
|-resisted|p1b: Torkoal|1
|-damage|p1a: Blastoise|0 fnt
|-damage|p1b: Torkoal|9/100
|faint|p1a: Blastoise
|move|p2b: Incineroar|Parting Shot|p1b: Torkoal
|-unboost|p1b: Torkoal|atk|1
|-unboost|p1b: Torkoal|spa|1
|
|t:|1785356464
|switch|p2b: Sneasler|Sneasler, L50, F|100/100|[from] Parting Shot
|move|p1b: Torkoal|Heat Wave|p2b: Sneasler|[spread] p2a,p2b
|-damage|p2a: Floette|81/100
|-damage|p2b: Sneasler|49/100
|
|-weather|SunnyDay|[upkeep]
|upkeep
|turn|8
|
|t:|1785356473
|move|p1b: Torkoal|Protect|p1b: Torkoal
|-singleturn|p1b: Torkoal|Protect
|move|p2b: Sneasler|Fake Out|p1b: Torkoal
|-activate|p1b: Torkoal|move: Protect
|move|p2a: Floette|Draining Kiss|p1b: Torkoal
|-activate|p1b: Torkoal|move: Protect
|
|-weather|SunnyDay|[upkeep]
|upkeep
|turn|9
|
|t:|1785356485
|switch|p2b: Incineroar|Incineroar, L50, F|100/100
|-ability|p2b: Incineroar|Intimidate|boost
|-unboost|p1b: Torkoal|atk|1
|move|p2a: Floette|Draining Kiss|p1b: Torkoal
|-resisted|p1b: Torkoal|1
|-damage|p1b: Torkoal|0 fnt
|-heal|p2a: Floette|88/100|[from] drain|[of] p1b: Torkoal
|faint|p1b: Torkoal
|
|win|breloomb01
||breloomb01 is ready for game 2.
||k1ngm3 is ready for game 2.
|uhtml|next|Next: Game 2 of 3
