|j|☆beeetch
|j|☆Vuultur
|html|beeetchVuultur    
|uhtml|bestof|Game 2 of a best-of-3
|t:|1755646736
|gametype|doubles
|player|p1|beeetch|beauty-gen4dp|1356
|player|p2|Vuultur|hilbert-wonderlauncher|1313
|gen|9
|tier|[Gen 9] VGC 2025 Reg H (Bo3)
|rated|
|rule|Species Clause: Limit one of each Pokémon
|rule|Item Clause: Limit 1 of each item
|clearpoke
|poke|p1|Toedscruel, L50, M|
|poke|p1|Weezing-Galar, L50, F|
|poke|p1|Corviknight, L50, M|
|poke|p1|Pawmot, L50, F|
|poke|p1|Garchomp, L50, M|
|poke|p1|Typhlosion-Hisui, L50, M|
|poke|p2|Pelipper, L50, M|
|poke|p2|Archaludon, L50, M|
|poke|p2|Annihilape, L50, F|
|poke|p2|Maushold, L50|
|poke|p2|Rillaboom, L50, M|
|poke|p2|Basculegion, L50, M|
|teampreview|4
|showteam|p1|Toedscruel||CovertCloak|MyceliumMight|Spore,EarthPower,AcidSpray,RagePowder|||M|||50|,,,,,Water]Weezing-Galar||ChoiceSpecs|NeutralizingGas|DazzlingGleam,SludgeBomb,StrangeSteam,Flamethrower|||F|||50|,,,,,Fire]Corviknight||SitrusBerry|MirrorArmor|Protect,Tailwind,Roost,BraveBird|||M|||50|,,,,,Dragon]Pawmot||FocusSash|NaturalCure|Protect,CloseCombat,DoubleShock,FakeOut|||F|||50|,,,,,Electric]Garchomp||LifeOrb|RoughSkin|Protect,Earthquake,DragonClaw,StompingTantrum|||M|||50|,,,,,Ground]Typhlosion-Hisui||ChoiceScarf|Blaze|Eruption,SleepTalk,HeatWave,ShadowBall|||M|||50|,,,,,Fire
|showteam|p2|Pelipper||FocusSash|Drizzle|WeatherBall,Hurricane,Protect,Tailwind|||M|||50|,,,,,Ghost]Archaludon||AssaultVest|Stamina|ElectroShot,DracoMeteor,FlashCannon,BodyPress|||M|||50|,,,,,Grass]Annihilape||SafetyGoggles|Defiant|RageFist,DrainPunch,BulkUp,Protect|||F|||50|,,,,,Fire]Maushold||SitrusBerry|FriendGuard|BeatUp,FollowMe,Taunt,Protect||||||50|,,,,,Ghost]Rillaboom||MiracleSeed|GrassySurge|FakeOut,GrassyGlide,WoodHammer,Uturn|||M|||50|,,,,,Fire]Basculegion||ChoiceBand|SwiftSwim|WaveCrash,AquaJet,LastRespects,FlipTurn|||M|||50|,,,,,Water
|
|t:|1755646798
|teamsize|p1|4
|teamsize|p2|4
|start
|switch|p1a: Corviknight|Corviknight, L50, M|100/100
|switch|p1b: Garchomp|Garchomp, L50, M|100/100
|switch|p2a: Maushold|Maushold, L50|100/100
|switch|p2b: Annihilape|Annihilape, L50, F|100/100
|turn|1
|
|t:|1755646829
|move|p1b: Garchomp|Earthquake|p2b: Annihilape|[spread] p2a,p2b
|-immune|p1a: Corviknight
|-damage|p2a: Maushold|55/100
|-damage|p2b: Annihilape|62/100
|-damage|p1b: Garchomp|91/100|[from] item: Life Orb
|move|p2a: Maushold|Beat Up|p2b: Annihilape
|-damage|p2b: Annihilape|60/100
|-damage|p2b: Annihilape|57/100
|-damage|p2b: Annihilape|55/100
|-damage|p2b: Annihilape|53/100
|-hitcount|p2b: Annihilape|4
|move|p2b: Annihilape|Rage Fist|p1b: Garchomp
|-damage|p1b: Garchomp|0 fnt
|-damage|p2b: Annihilape|40/100|[from] ability: Rough Skin|[of] p1b: Garchomp
|faint|p1b: Garchomp
|move|p1a: Corviknight|Tailwind|p1a: Corviknight
|-sidestart|p1: beeetch|move: Tailwind
|
|upkeep
|
|t:|1755646839
|switch|p1b: Pawmot|Pawmot, L50, F|100/100
|turn|2
|
|t:|1755646881
|-terastallize|p1b: Pawmot|Electric
|move|p2a: Maushold|Protect|p2a: Maushold
|-singleturn|p2a: Maushold|Protect
|move|p2b: Annihilape|Protect|p2b: Annihilape
|-singleturn|p2b: Annihilape|Protect
|move|p1b: Pawmot|Double Shock|p2a: Maushold
|-activate|p2a: Maushold|move: Protect
|move|p1a: Corviknight|Brave Bird|p2b: Annihilape
|-activate|p2b: Annihilape|move: Protect
|
|upkeep
|turn|3
|
|t:|1755646917
|-terastallize|p2b: Annihilape|Fire
|move|p2a: Maushold|Follow Me|p2a: Maushold
|-singleturn|p2a: Maushold|move: Follow Me
|move|p1b: Pawmot|Double Shock|p2a: Maushold
|-damage|p2a: Maushold|0 fnt
|-start|p1b: Pawmot|typechange|Electric|[from] move: Double Shock
|faint|p2a: Maushold
|move|p1a: Corviknight|Brave Bird|p2b: Annihilape
|-damage|p2b: Annihilape|0 fnt
|faint|p2b: Annihilape
|-damage|p1a: Corviknight|88/100|[from] Recoil
|
|upkeep
|inactive|Battle timer is ON: inactive players will automatically lose when time's up. (requested by beeetch)
|
|t:|1755646930
|switch|p2a: Pelipper|Pelipper, L50, M|100/100
|switch|p2b: Basculegion|Basculegion, L50, M|100/100
|-weather|RainDance|[from] ability: Drizzle|[of] p2a: Pelipper
|turn|4
|inactive|Vuultur has 30 seconds left.
|
|t:|1755646960
|move|p1b: Pawmot|Double Shock|p2b: Basculegion
|-supereffective|p2b: Basculegion
|-damage|p2b: Basculegion|0 fnt
|-start|p1b: Pawmot|typechange|Electric|[from] move: Double Shock
|faint|p2b: Basculegion
|move|p1a: Corviknight|Roost|p1a: Corviknight
|-heal|p1a: Corviknight|100/100
|-singleturn|p1a: Corviknight|move: Roost
|move|p2a: Pelipper|Weather Ball|p1b: Pawmot
|-enditem|p1b: Pawmot|Focus Sash
|-damage|p1b: Pawmot|1/100
|
|-weather|RainDance|[upkeep]
|-sideend|p1: beeetch|move: Tailwind
|upkeep
|turn|5
|
|t:|1755646974
|move|p1b: Pawmot|Protect|p1b: Pawmot
|-singleturn|p1b: Pawmot|Protect
|move|p2a: Pelipper|Weather Ball|p1a: Corviknight
|-damage|p1a: Corviknight|36/100
|-enditem|p1a: Corviknight|Sitrus Berry|[eat]
|-heal|p1a: Corviknight|60/100|[from] item: Sitrus Berry
|move|p1a: Corviknight|Tailwind|p1a: Corviknight
|-sidestart|p1: beeetch|move: Tailwind
|
|-weather|RainDance|[upkeep]
|upkeep
|turn|6
|
|t:|1755646986
|move|p1b: Pawmot|Double Shock|p2a: Pelipper
|-supereffective|p2a: Pelipper
|-enditem|p2a: Pelipper|Focus Sash
|-damage|p2a: Pelipper|1/100
|-start|p1b: Pawmot|typechange|Electric|[from] move: Double Shock
|move|p1a: Corviknight|Roost|p1a: Corviknight
|-heal|p1a: Corviknight|100/100
|-singleturn|p1a: Corviknight|move: Roost
|move|p2a: Pelipper|Weather Ball|p1a: Corviknight
|-damage|p1a: Corviknight|40/100
|
|-weather|RainDance|[upkeep]
|upkeep
|turn|7
|
|t:|1755646999
|move|p1b: Pawmot|Double Shock|p2a: Pelipper
|-supereffective|p2a: Pelipper
|-damage|p2a: Pelipper|0 fnt
|-start|p1b: Pawmot|typechange|Electric|[from] move: Double Shock
|faint|p2a: Pelipper
|
|win|beeetch
|raw|beeetch's rating: 1356 → 1374(+18 for winning)
|raw|Vuultur's rating: 1313 → 1295(-18 for losing)
