|j|☆Herdier1590
|j|☆Huasometa
|html|Herdier1590Huasometa    
|uhtml|bestof|Game 1 of a best-of-3
|t:|1784930394
|gametype|doubles
|player|p1|Herdier1590|ethan|1329
|player|p2|Huasometa|elesa|1348
|gen|9
|tier|[Gen 9 Champions] VGC 2026 Reg M-B (Bo3)
|rated|
|rule|Species Clause: Limit one of each Pokémon
|rule|Item Clause: Limit 1 of each item
|clearpoke
|poke|p1|Tyranitar, L50, M|
|poke|p1|Staraptor, L50, M|
|poke|p1|Excadrill, L50, F|
|poke|p1|Milotic, L50, M|
|poke|p1|Gholdengo, L50|
|poke|p1|Sinistcha, L50|
|poke|p2|Chandelure, L50, F|
|poke|p2|Kangaskhan, L50, F|
|poke|p2|Sylveon, L50, F|
|poke|p2|Archaludon, L50, F|
|poke|p2|Rotom-Wash, L50|
|poke|p2|Meowscarada, L50, M|
|teampreview|4
|showteam|p1|Tyranitar||Tyranitarite|SandStream|RockSlide,DragonDance,KnockOff,Protect|Adamant||M|||50|]Staraptor||Staraptite|Intimidate|CloseCombat,BraveBird,Tailwind,Protect|Jolly||M|||50|]Excadrill||FocusSash|SandRush|Earthquake,HighHorsepower,IronHead,Protect|Jolly||F|||50|]Milotic||SitrusBerry|Competitive|Scald,Haze,IcyWind,Protect|Calm||M|||50|]Gholdengo||LifeOrb|GoodasGold|MakeItRain,ShadowBall,NastyPlot,Protect|Modest|||||50|]Sinistcha||KasibBerry|Hospitality|MatchaGotcha,RagePowder,ShadowBall,Protect|Bold|||||50|
|showteam|p2|Chandelure||FocusSash|FlashFire|HeatWave,ShadowBall,TrickRoom,Taunt|Quiet||F|||50|]Kangaskhan||Kangaskhanite|InnerFocus|FakeOut,DoubleEdge,SuckerPunch,HammerArm|Brave||F|||50|]Sylveon||FairyFeather|Pixilate|HyperVoice,Protect,HyperBeam,HelpingHand|Quiet||F|||50|]Archaludon||Leftovers|Stamina|AuraSphere,DracoMeteor,FlashCannon,Protect|Quiet||F|||50|]Rotom-Wash||SitrusBerry|Levitate|ThunderWave,VoltSwitch,HydroPump,Protect|Calm|||||50|]Meowscarada||LifeOrb|Overgrow|KnockOff,FlowerTrick,TripleAxel,Protect|Jolly||M|||50|
|
|t:|1784930487
|teamsize|p1|4
|teamsize|p2|4
|start
|switch|p1a: Gholdengo|Gholdengo, L50|100/100
|switch|p1b: Staraptor|Staraptor, L50, M|100/100
|switch|p2a: Meowscarada|Meowscarada, L50, M|100/100
|switch|p2b: Sylveon|Sylveon, L50, F|100/100
|-ability|p1b: Staraptor|Intimidate|boost
|-unboost|p2a: Meowscarada|atk|1
|-unboost|p2b: Sylveon|atk|1
|turn|1
|inactive|Battle timer is ON: inactive players will automatically lose when time's up. (requested by Huasometa)
|
|t:|1784930515
|detailschange|p1b: Staraptor|Staraptor-Mega, L50, M
|-mega|p1b: Staraptor|Staraptor|Staraptite
|move|p2a: Meowscarada|Knock Off|p1a: Gholdengo
|-supereffective|p1a: Gholdengo|1
|-damage|p1a: Gholdengo|24/100
|-enditem|p1a: Gholdengo|Life Orb|[from] move: Knock Off|[of] p2a: Meowscarada
|-damage|p2a: Meowscarada|90/100|[from] item: Life Orb
|move|p1b: Staraptor|Brave Bird|p2b: Sylveon
|-damage|p2b: Sylveon|34/100
|-damage|p1b: Staraptor|75/100|[from] Recoil
|move|p1a: Gholdengo|Make It Rain|p2a: Meowscarada|[spread] p2a,p2b
|-supereffective|p2b: Sylveon|1
|-crit|p2b: Sylveon
|-damage|p2a: Meowscarada|13/100
|-damage|p2b: Sylveon|0 fnt
|-unboost|p1a: Gholdengo|spa|2
|faint|p2b: Sylveon
|
|upkeep
|
|t:|1784930532
|switch|p2b: Chandelure|Chandelure, L50, F|100/100
|turn|2
|
|t:|1784930544
|move|p2a: Meowscarada|Triple Axel|p1b: Staraptor
|-supereffective|p1b: Staraptor|1
|-damage|p1b: Staraptor|63/100
|-supereffective|p1b: Staraptor|1
|-damage|p1b: Staraptor|43/100
|-supereffective|p1b: Staraptor|1
|-damage|p1b: Staraptor|9/100
|-hitcount|p1b: Staraptor|3
|-damage|p2a: Meowscarada|3/100|[from] item: Life Orb
|move|p1b: Staraptor|Close Combat|p2a: Meowscarada
|-supereffective|p2a: Meowscarada|1
|-damage|p2a: Meowscarada|0 fnt
|-boost|p1b: Staraptor|def|1
|-boost|p1b: Staraptor|spd|1
|faint|p2a: Meowscarada
|move|p1a: Gholdengo|Make It Rain|p2b: Chandelure
|-resisted|p2b: Chandelure|1
|-damage|p2b: Chandelure|82/100
|-unboost|p1a: Gholdengo|spa|2
|move|p2b: Chandelure|Heat Wave|p1b: Staraptor|[spread] p1a,p1b
|-supereffective|p1a: Gholdengo|1
|-damage|p1a: Gholdengo|0 fnt
|-damage|p1b: Staraptor|0 fnt
|faint|p1a: Gholdengo
|faint|p1b: Staraptor
|
|upkeep
|
|t:|1784930554
|switch|p2a: Kangaskhan|Kangaskhan, L50, F|100/100
|switch|p1b: Excadrill|Excadrill, L50, F|100/100
|switch|p1a: Tyranitar|Tyranitar, L50, M|100/100
|-weather|Sandstorm|[from] ability: Sand Stream|[of] p1a: Tyranitar
|turn|3
|
|t:|1784930578
|detailschange|p2a: Kangaskhan|Kangaskhan-Mega, L50, F
|-mega|p2a: Kangaskhan|Kangaskhan|Kangaskhanite
|move|p2a: Kangaskhan|Fake Out|p1b: Excadrill
|-resisted|p1b: Excadrill|1
|-damage|p1b: Excadrill|83/100
|-resisted|p1b: Excadrill|1
|-crit|p1b: Excadrill
|-damage|p1b: Excadrill|78/100
|-hitcount|p1b: Excadrill|2
|cant|p1b: Excadrill|flinch
|move|p1a: Tyranitar|Knock Off|p2b: Chandelure
|-supereffective|p2b: Chandelure|1
|-damage|p2b: Chandelure|0 fnt
|-enditem|p2b: Chandelure|Focus Sash|[from] move: Knock Off|[of] p1a: Tyranitar
|faint|p2b: Chandelure
|
|-weather|Sandstorm|[upkeep]
|-damage|p2a: Kangaskhan|93/100|[from] Sandstorm
|upkeep
|turn|4
|
|t:|1784930598
|move|p1b: Excadrill|Protect|p1b: Excadrill
|-singleturn|p1b: Excadrill|Protect
|move|p1a: Tyranitar|Protect|p1a: Tyranitar
|-singleturn|p1a: Tyranitar|Protect
|move|p2a: Kangaskhan|Hammer Arm|p1a: Tyranitar
|-activate|p1a: Tyranitar|move: Protect
|
|-weather|Sandstorm|[upkeep]
|-damage|p2a: Kangaskhan|87/100|[from] Sandstorm
|upkeep
|turn|5
|
|t:|1784930607
|move|p1b: Excadrill|High Horsepower|p2a: Kangaskhan|[miss]
|-miss|p1b: Excadrill|p2a: Kangaskhan
|move|p1a: Tyranitar|Knock Off|p2a: Kangaskhan
|-damage|p2a: Kangaskhan|63/100
|move|p2a: Kangaskhan|Hammer Arm|p1a: Tyranitar
|-supereffective|p1a: Tyranitar|2
|-damage|p1a: Tyranitar|0 fnt
|-unboost|p2a: Kangaskhan|spe|1
|faint|p1a: Tyranitar
|
|-weather|Sandstorm|[upkeep]
|-damage|p2a: Kangaskhan|57/100|[from] Sandstorm
|upkeep
|turn|6
|
|t:|1784930615
|move|p1b: Excadrill|Protect|p1b: Excadrill
|-singleturn|p1b: Excadrill|Protect
|move|p2a: Kangaskhan|Hammer Arm|p1b: Excadrill
|-activate|p1b: Excadrill|move: Protect
|
|-weather|Sandstorm|[upkeep]
|-damage|p2a: Kangaskhan|50/100g|[from] Sandstorm
|upkeep
|turn|7
|
|t:|1784930619
|move|p1b: Excadrill|Earthquake|p2a: Kangaskhan
|-crit|p2a: Kangaskhan
|-damage|p2a: Kangaskhan|0 fnt
|faint|p2a: Kangaskhan
|
|win|Herdier1590
||Herdier1590 is ready for game 2.
||Huasometa is ready for game 2.
|uhtml|next|Next: Game 2 of 3
