|j|☆Beeetch
|j|☆felasmiguel
|html|Beeetchfelasmiguel    
|uhtml|bestof|Game 1 of a best-of-3
|t:|1756329975
|gametype|doubles
|player|p1|Beeetch|beauty-gen4dp|1370
|player|p2|felasmiguel|scientist|1265
|gen|9
|tier|[Gen 9] VGC 2025 Reg H (Bo3)
|rated|
|rule|Species Clause: Limit one of each Pokémon
|rule|Item Clause: Limit 1 of each item
|clearpoke
|poke|p1|Toedscruel, L50, F|
|poke|p1|Weezing-Galar, L50, M|
|poke|p1|Corviknight, L50, M|
|poke|p1|Pawmot, L50, F|
|poke|p1|Garchomp, L50, F|
|poke|p1|Typhlosion-Hisui, L50, M|
|poke|p2|Metagross, L50|
|poke|p2|Mienshao, L50, M|
|poke|p2|Comfey, L50, F|
|poke|p2|Frosmoth, L50, F|
|poke|p2|Glimmora, L50, M|
|poke|p2|Grimmsnarl, L50, M|
|teampreview|4
|showteam|p1|Toedscruel||CovertCloak|MyceliumMight|Spore,EarthPower,AcidSpray,RagePowder|||F|||50|,,,,,Water]Weezing-Galar||ChoiceSpecs|NeutralizingGas|DazzlingGleam,SludgeBomb,StrangeSteam,Flamethrower|||M|||50|,,,,,Flying]Corviknight||SitrusBerry|MirrorArmor|Protect,Tailwind,Roost,BraveBird|||M|||50|,,,,,Dragon]Pawmot||FocusSash|NaturalCure|Protect,CloseCombat,DoubleShock,FakeOut|||F|||50|,,,,,Electric]Garchomp||LifeOrb|RoughSkin|Protect,Earthquake,DragonClaw,StompingTantrum|||F|||50|,,,,,Ground]Typhlosion-Hisui||ChoiceScarf|Blaze|Eruption,SleepTalk,HeatWave,ShadowBall|||M|||50|,,,,,Fire
|showteam|p2|Metagross||AssaultVest|ClearBody|HardPress,PsychicFangs,BulletPunch,StompingTantrum||||||50|,,,,,Dragon]Mienshao||FocusSash|InnerFocus|CloseCombat,Taunt,WideGuard,Coaching|||M|||50|,,,,,Fighting]Comfey||RockyHelmet|Triage|FloralHealing,DrainingKiss,Synthesis,HelpingHand|||F|||50|,,,,,Steel]Frosmoth||SafetyGoggles|IceScales|QuiverDance,IceBeam,TeraBlast,Protect|||F|||50|,,,,,Electric]Glimmora||PowerHerb|Corrosion|MeteorBeam,Toxic,SpikyShield,EarthPower|||M|||50|,,,,,Grass]Grimmsnarl||LightClay|Prankster|LightScreen,Reflect,SpiritBreak,SuckerPunch|||M|||50|,,,,,Ghost
|
|t:|1756330006
|teamsize|p1|4
|teamsize|p2|4
|start
|switch|p1a: Weezing|Weezing-Galar, L50, M|100/100
|switch|p1b: Typhlosion|Typhlosion-Hisui, L50, M|100/100
|switch|p2a: Mienshao|Mienshao, L50, M|100/100
|switch|p2b: Frosmoth|Frosmoth, L50, F|100/100
|-ability|p1a: Weezing|Neutralizing Gas
|turn|1
|
|t:|1756330041
|-terastallize|p2b: Frosmoth|Electric
|move|p2a: Mienshao|Wide Guard|p2a: Mienshao
|-singleturn|p2a: Mienshao|Wide Guard
|move|p1b: Typhlosion|Shadow Ball|p2a: Mienshao
|-damage|p2a: Mienshao|21/100
|-unboost|p2a: Mienshao|spd|1
|move|p2b: Frosmoth|Quiver Dance|p2b: Frosmoth
|-boost|p2b: Frosmoth|spa|1
|-boost|p2b: Frosmoth|spd|1
|-boost|p2b: Frosmoth|spe|1
|move|p1a: Weezing|Flamethrower|p2b: Frosmoth
|-damage|p2b: Frosmoth|73/100
|
|upkeep
|turn|2
|
|t:|1756330057
|switch|p2a: Comfey|Comfey, L50, F|100/100
|move|p1b: Typhlosion|Shadow Ball|p2b: Frosmoth
|-damage|p2b: Frosmoth|40/100
|move|p2b: Frosmoth|Quiver Dance|p2b: Frosmoth
|-boost|p2b: Frosmoth|spa|1
|-boost|p2b: Frosmoth|spd|1
|-boost|p2b: Frosmoth|spe|1
|move|p1a: Weezing|Flamethrower|p2a: Comfey
|-damage|p2a: Comfey|64/100
|
|upkeep
|turn|3
|
|t:|1756330091
|move|p1b: Typhlosion|Shadow Ball|p2a: Comfey
|-crit|p2a: Comfey
|-damage|p2a: Comfey|0 fnt
|faint|p2a: Comfey
|move|p2b: Frosmoth|Tera Blast|p1a: Weezing|[anim] Tera Blast Electric
|-damage|p1a: Weezing|10/100
|move|p1a: Weezing|Flamethrower|p2b: Frosmoth
|-damage|p2b: Frosmoth|18/100
|
|upkeep
|
|t:|1756330100
|switch|p2a: Glimmora|Glimmora, L50, M|100/100
|turn|4
|
|t:|1756330110
|switch|p1b: Corviknight|Corviknight, L50, M|100/100
|move|p2b: Frosmoth|Protect|p2b: Frosmoth
|-singleturn|p2b: Frosmoth|Protect
|move|p2a: Glimmora|Meteor Beam||[still]
|-prepare|p2a: Glimmora|Meteor Beam
|-boost|p2a: Glimmora|spa|1
|-enditem|p2a: Glimmora|Power Herb
|-anim|p2a: Glimmora|Meteor Beam|p1b: Corviknight
|-damage|p1b: Corviknight|12/100
|-enditem|p1b: Corviknight|Sitrus Berry|[eat]
|-heal|p1b: Corviknight|37/100|[from] item: Sitrus Berry
|move|p1a: Weezing|Flamethrower|p2a: Glimmora
|-resisted|p2a: Glimmora
|-damage|p2a: Glimmora|76/100
|
|upkeep
|turn|5
|
|t:|1756330129
|move|p2b: Frosmoth|Quiver Dance|p2b: Frosmoth
|-boost|p2b: Frosmoth|spa|1
|-boost|p2b: Frosmoth|spd|1
|-boost|p2b: Frosmoth|spe|1
|move|p2a: Glimmora|Earth Power|p1a: Weezing
|-supereffective|p1a: Weezing
|-damage|p1a: Weezing|0 fnt
|faint|p1a: Weezing
|-end|p1a: Weezing|ability: Neutralizing Gas
|move|p1b: Corviknight|Tailwind|p1b: Corviknight
|-sidestart|p1: Beeetch|move: Tailwind
|
|upkeep
|
|t:|1756330143
|switch|p1a: Typhlosion|Typhlosion-Hisui, L50, M|100/100
|turn|6
|
|t:|1756330156
|-terastallize|p1a: Typhlosion|Fire
|move|p2b: Frosmoth|Protect|p2b: Frosmoth
|-singleturn|p2b: Frosmoth|Protect
|move|p1a: Typhlosion|Eruption|p2a: Glimmora|[spread] p2a
|-activate|p2b: Frosmoth|move: Protect
|-resisted|p2a: Glimmora
|-damage|p2a: Glimmora|19/100
|move|p1b: Corviknight|Brave Bird|p2a: Glimmora
|-resisted|p2a: Glimmora
|-damage|p2a: Glimmora|0 fnt
|faint|p2a: Glimmora
|-damage|p1b: Corviknight|32/100|[from] Recoil
|
|upkeep
|
|t:|1756330166
|switch|p2a: Mienshao|Mienshao, L50, M|21/100
|turn|7
|
|t:|1756330186
|switch|p1a: Garchomp|Garchomp, L50, F|100/100
|move|p2a: Mienshao|Wide Guard|p2a: Mienshao
|-singleturn|p2a: Mienshao|Wide Guard
|move|p2b: Frosmoth|Tera Blast|p1a: Garchomp|[anim] Tera Blast Electric
|-immune|p1a: Garchomp
|move|p1b: Corviknight|Roost|p1b: Corviknight
|-heal|p1b: Corviknight|82/100
|-singleturn|p1b: Corviknight|move: Roost
|
|upkeep
|turn|8
|-message|felasmiguel forfeited.
|
|win|Beeetch
|l|☆felasmiguel
|player|p2|
||felasmiguel is ready for game 2.
