|j|☆aqoursfan1
|j|☆kyllerwhale
|html|aqoursfan1kyllerwhale    
|uhtml|bestof|Game 2 of a best-of-3
|t:|1785627086
|gametype|doubles
|player|p1|aqoursfan1|anabel-gen7|1207
|player|p2|kyllerwhale|swimmerf-gen4|1065
|gen|9
|tier|[Gen 9 Champions] VGC 2026 Reg M-B (Bo3)
|rated|
|rule|Species Clause: Limit one of each Pokémon
|rule|Item Clause: Limit 1 of each item
|clearpoke
|poke|p1|Raichu, L50, F|
|poke|p1|Gengar, L50, F|
|poke|p1|Incineroar, L50, F|
|poke|p1|Ninetales-Alola, L50, F, shiny|
|poke|p1|Volcarona, L50, F, shiny|
|poke|p1|Kommo-o, L50, M|
|poke|p2|Staraptor, L50, M|
|poke|p2|Klefki, L50, M|
|poke|p2|Garchomp, L50, F|
|poke|p2|Rotom-Wash, L50|
|poke|p2|Talonflame, L50, F|
|poke|p2|Basculegion, L50, M|
|teampreview|4
|showteam|p1|Raichu||RaichuniteX|LightningRod|VoltTackle,VoltSwitch,FakeOut,Protect|Jolly||F|||50|]Gengar||Gengarite|CursedBody|ShadowBall,SludgeBomb,Substitute,Protect|Modest||F|||50|]Incineroar||PasshoBerry|Intimidate|FlareBlitz,ThroatChop,PartingShot,FakeOut|Adamant||F|||50|]Ninetales-Alola||ChoiceScarf|SnowWarning|Blizzard,FreezeDry,IcyWind,Moonblast|Timid||F|||50|]Volcarona||SitrusBerry|FlameBody|Flamethrower,StruggleBug,RagePowder,Protect|Bold||F|||50|]Kommo-o||Leftovers|Soundproof|ClangingScales,AuraSphere,ClangorousSoul,Protect|Modest||M|||50|
|showteam|p2|Staraptor||Staraptite|Intimidate|DualWingbeat,CloseCombat,QuickAttack,Protect|Jolly||M|||50|]Klefki||Leftovers|Prankster|ThunderWave,DazzlingGleam,LightScreen,Reflect|Bold||M|||50|]Garchomp||LifeOrb|RoughSkin|Earthquake,DragonClaw,RockSlide,Protect|Jolly||F|||50|]Rotom-Wash||SitrusBerry|Levitate|Thunderbolt,WillOWisp,HydroPump,PainSplit|Bold|||||50|]Talonflame||FocusSash|GaleWings|Tailwind,Taunt,DualWingbeat,WillOWisp|Jolly||F|||50|]Basculegion||ChoiceScarf|Adaptability|FlipTurn,WaveCrash,LastRespects,AquaJet|Adamant||M|||50|
|inactive|Battle timer is ON: inactive players will automatically lose when time's up. (requested by aqoursfan1)
|inactive|aqoursfan1 has 60 seconds left.
|
|t:|1785627120
|teamsize|p1|4
|teamsize|p2|4
|start
|switch|p1a: Incineroar|Incineroar, L50, F|100/100
|switch|p1b: Gengar|Gengar, L50, F|100/100
|switch|p2a: Basculegion|Basculegion, L50, M|100/100
|switch|p2b: Garchomp|Garchomp, L50, F|100/100
|-ability|p1a: Incineroar|Intimidate|boost
|-unboost|p2a: Basculegion|atk|1
|-unboost|p2b: Garchomp|atk|1
|turn|1
|
|t:|1785627142
|detailschange|p1b: Gengar|Gengar-Mega, L50, F
|-mega|p1b: Gengar|Gengar|Gengarite
|move|p1b: Gengar|Protect|p1b: Gengar
|-singleturn|p1b: Gengar|Protect
|move|p2a: Basculegion|Flip Turn|p1b: Gengar
|-activate|p1b: Gengar|move: Protect
|move|p2b: Garchomp|Earthquake|p1a: Incineroar|[spread] p2a,p1a
|-activate|p1b: Gengar|move: Protect
|-supereffective|p1a: Incineroar|1
|-damage|p2a: Basculegion|53/100
|-damage|p1a: Incineroar|44/100
|-damage|p2b: Garchomp|90/100|[from] item: Life Orb
|move|p1a: Incineroar|Parting Shot|p2a: Basculegion
|-unboost|p2a: Basculegion|atk|1
|-unboost|p2a: Basculegion|spa|1
|
|t:|1785627148
|switch|p1a: Ninetales|Ninetales-Alola, L50, F, shiny|100/100|[from] Parting Shot
|-weather|Snowscape|[from] ability: Snow Warning|[of] p1a: Ninetales
|
|-weather|Snowscape|[upkeep]
|upkeep
|turn|2
|
|t:|1785627163
|move|p1a: Ninetales|Blizzard|p2b: Garchomp|[spread] p2a,p2b
|-resisted|p2a: Basculegion|1
|-supereffective|p2b: Garchomp|2
|-damage|p2a: Basculegion|36/100
|-damage|p2b: Garchomp|0 fnt
|faint|p2b: Garchomp
|move|p2a: Basculegion|Flip Turn|p1a: Ninetales
|-damage|p1a: Ninetales|78/100
|
|t:|1785627173
|switch|p2a: Rotom|Rotom-Wash, L50|100/100|[from] Flip Turn
|move|p1b: Gengar|Substitute|p1b: Gengar
|-start|p1b: Gengar|Substitute
|-damage|p1b: Gengar|75/100
|
|-weather|Snowscape|[upkeep]
|upkeep
|
|t:|1785627180
|switch|p2b: Staraptor|Staraptor, L50, M|100/100
|-ability|p2b: Staraptor|Intimidate|boost
|-unboost|p1a: Ninetales|atk|1
|-immune|p1b: Gengar
|turn|3
|
|t:|1785627194
|detailschange|p2b: Staraptor|Staraptor-Mega, L50, M
|-mega|p2b: Staraptor|Staraptor|Staraptite
|move|p1a: Ninetales|Blizzard|p2a: Rotom|[spread] p2a,p2b
|-resisted|p2a: Rotom|1
|-supereffective|p2b: Staraptor|1
|-damage|p2a: Rotom|82/100
|-damage|p2b: Staraptor|25/100
|-status|p2a: Rotom|frz
|move|p2b: Staraptor|Close Combat|p1a: Ninetales
|-damage|p1a: Ninetales|12/100
|-boost|p2b: Staraptor|def|1
|-boost|p2b: Staraptor|spd|1
|move|p1b: Gengar|Sludge Bomb|p2b: Staraptor
|-damage|p2b: Staraptor|0 fnt
|faint|p2b: Staraptor
|cant|p2a: Rotom|frz
|
|-weather|Snowscape|[upkeep]
|upkeep
|
|t:|1785627210
|switch|p2b: Basculegion|Basculegion, L50, M|36/100
|turn|4
|
|t:|1785627222
|switch|p1a: Incineroar|Incineroar, L50, F|44/100
|-ability|p1a: Incineroar|Intimidate|boost
|-unboost|p2a: Rotom|atk|1
|-unboost|p2b: Basculegion|atk|1
|move|p2b: Basculegion|Wave Crash|p1a: Incineroar
|-supereffective|p1a: Incineroar|1
|-enditem|p1a: Incineroar|Passho Berry|[eat]
|-enditem|p1a: Incineroar|Passho Berry|[weaken]
|-damage|p1a: Incineroar|0 fnt
|faint|p1a: Incineroar
|-damage|p2b: Basculegion|21/100|[from] Recoil
|move|p1b: Gengar|Shadow Ball|p2b: Basculegion
|-supereffective|p2b: Basculegion|1
|-damage|p2b: Basculegion|0 fnt
|faint|p2b: Basculegion
|-curestatus|p2a: Rotom|frz|[msg]
|move|p2a: Rotom|Thunderbolt|p1b: Gengar
|-end|p1b: Gengar|Substitute
|
|-weather|Snowscape|[upkeep]
|upkeep
|
|t:|1785627229
|switch|p1a: Raichu|Raichu, L50, F|100/100
|turn|5
|
|t:|1785627244
|move|p1a: Raichu|Fake Out|p2a: Rotom
|-damage|p2a: Rotom|72/100
|move|p1b: Gengar|Sludge Bomb|p2a: Rotom
|-crit|p2a: Rotom
|-damage|p2a: Rotom|0 fnt
|faint|p2a: Rotom
|
|win|aqoursfan1
|raw|aqoursfan1's rating: 1207 → 1222(+15 for winning)
|raw|kyllerwhale's rating: 1065 → 1053(-12 for losing)
