|j|☆santicifupe
|j|☆5 sky high
|html|santicifupe5 sky high    
|uhtml|bestof|Game 2 of a best-of-3
|t:|1783135005
|gametype|doubles
|player|p1|santicifupe|iris-gen5bw2|1150
|player|p2|5 sky high|wicke|1232
|gen|9
|tier|[Gen 9 Champions] VGC 2026 Reg M-B (Bo3)
|rated|
|rule|Species Clause: Limit one of each Pokémon
|rule|Item Clause: Limit 1 of each item
|clearpoke
|poke|p1|Milotic, L50, F, shiny|
|poke|p1|Incineroar, L50, M|
|poke|p1|Sinistcha-Masterpiece, L50, shiny|
|poke|p1|Floette-Eternal, L50, F, shiny|
|poke|p1|Sneasler, L50, F, shiny|
|poke|p1|Blaziken, L50, M|
|poke|p2|Froslass, L50, F|
|poke|p2|Scovillain, L50, F|
|poke|p2|Basculegion, L50, M|
|poke|p2|Kingambit, L50, M|
|poke|p2|Sneasler, L50, F|
|poke|p2|Lycanroc-Dusk, L50, F|
|teampreview|4
|showteam|p1|Milotic||Leftovers|Competitive|MuddyWater,Recover,Hypnosis,Coil|Calm||F|||50|]Incineroar||SitrusBerry|Intimidate|FakeOut,FlareBlitz,ThroatChop,PartingShot|Careful||M|||50|]Sinistcha-Masterpiece||KasibBerry|Hospitality|MatchaGotcha,Protect,TrickRoom,RagePowder|Bold|||||50|]Floette-Eternal||Floettite|FlowerVeil|CalmMind,Protect,DrainingKiss,DazzlingGleam|Modest||F|||50|]Sneasler||FocusSash|PoisonTouch|FakeOut,Protect,DireClaw,CloseCombat|Jolly||F|||50|]Blaziken||Blazikenite|SpeedBoost|RockSlide,SwordsDance,Protect,CloseCombat|Adamant||M|||50|
|showteam|p2|Froslass||Froslassite|CursedBody|Blizzard,ShadowBall,AuroraVeil,Protect|Timid||F|||50|]Scovillain||Scovillainite|Moody|GigaDrain,Overheat,RagePowder,Protect|Bold||F|||50|]Basculegion||SitrusBerry|Adaptability|WaveCrash,LastRespects,AquaJet,Protect|Adamant||M|||50|]Kingambit||BlackGlasses|Defiant|KowtowCleave,SuckerPunch,SwordsDance,Protect|Adamant||M|||50|]Sneasler||WhiteHerb|Unburden|CloseCombat,GunkShot,Protect,FakeOut|Adamant||F|||50|]Lycanroc-Dusk||FocusSash|ToughClaws|CloseCombat,Accelerock,RockSlide,Protect|Jolly||F|||50|
|inactive|Battle timer is ON: inactive players will automatically lose when time's up. (requested by 5 sky high)
|
|t:|1783135027
|teamsize|p1|4
|teamsize|p2|4
|start
|switch|p1a: Blaziken|Blaziken, L50, M|100/100
|switch|p1b: Sneasler|Sneasler, L50, F, shiny|100/100
|switch|p2a: Froslass|Froslass, L50, F|100/100
|switch|p2b: Basculegion|Basculegion, L50, M|100/100
|turn|1
|
|t:|1783135052
|detailschange|p2a: Froslass|Froslass-Mega, L50, F
|-mega|p2a: Froslass|Froslass|Froslassite
|-weather|Snowscape|[from] ability: Snow Warning|[of] p2a: Froslass
|detailschange|p1a: Blaziken|Blaziken-Mega, L50, M
|-mega|p1a: Blaziken|Blaziken|Blazikenite
|move|p1a: Blaziken|Protect|p1a: Blaziken
|-singleturn|p1a: Blaziken|Protect
|move|p1b: Sneasler|Dire Claw|p2b: Basculegion
|-resisted|p2b: Basculegion|1
|-damage|p2b: Basculegion|79/100
|-status|p2b: Basculegion|psn|[from] ability: Poison Touch|[of] p1b: Sneasler
|move|p2a: Froslass|Aurora Veil|p2a: Froslass
|-sidestart|p2: 5 sky high|move: Aurora Veil
|move|p2b: Basculegion|Wave Crash|p1a: Blaziken
|-activate|p1a: Blaziken|move: Protect
|
|-weather|Snowscape|[upkeep]
|-damage|p2b: Basculegion|67/100 psn|[from] psn
|-ability|p1a: Blaziken|Speed Boost|boost
|-boost|p1a: Blaziken|spe|1
|upkeep
|turn|2
|
|t:|1783135070
|switch|p1a: Sinistcha|Sinistcha-Masterpiece, L50, shiny|100/100
|move|p1b: Sneasler|Dire Claw|p2a: Froslass
|-resisted|p2a: Froslass|1
|-damage|p2a: Froslass|85/100
|move|p2a: Froslass|Blizzard|p1a: Sinistcha|[spread] p1a,p1b
|-supereffective|p1a: Sinistcha|1
|-damage|p1a: Sinistcha|8/100
|-damage|p1b: Sneasler|42/100
|move|p2b: Basculegion|Wave Crash|p1a: Sinistcha
|-resisted|p1a: Sinistcha|1
|-damage|p1a: Sinistcha|0 fnt
|faint|p1a: Sinistcha
|-damage|p2b: Basculegion|65/100 psn|[from] Recoil
|
|-weather|Snowscape|[upkeep]
|-damage|p2b: Basculegion|52/100 psn|[from] psn
|upkeep
|
|t:|1783135078
|switch|p1a: wolfe's nigthmare|Incineroar, L50, M|100/100
|-ability|p1a: wolfe's nigthmare|Intimidate|boost
|-unboost|p2a: Froslass|atk|1
|-unboost|p2b: Basculegion|atk|1
|turn|3
|
|t:|1783135087
|move|p1b: Sneasler|Dire Claw|p2a: Froslass
|-resisted|p2a: Froslass|1
|-damage|p2a: Froslass|72/100
|-status|p2a: Froslass|psn
|move|p2a: Froslass|Blizzard|p1a: wolfe's nigthmare|[spread] p1a,p1b
|-resisted|p1a: wolfe's nigthmare|1
|-damage|p1a: wolfe's nigthmare|85/100
|-damage|p1b: Sneasler|0 fnt
|faint|p1b: Sneasler
|move|p2b: Basculegion|Wave Crash|p1a: wolfe's nigthmare
|-supereffective|p1a: wolfe's nigthmare|1
|-damage|p1a: wolfe's nigthmare|0 fnt
|faint|p1a: wolfe's nigthmare
|-damage|p2b: Basculegion|26/100 psn|[from] Recoil
|-enditem|p2b: Basculegion|Sitrus Berry|[eat]
|-heal|p2b: Basculegion|51/100 psn|[from] item: Sitrus Berry
|
|-weather|Snowscape|[upkeep]
|-damage|p2a: Froslass|59/100 psn|[from] psn
|-damage|p2b: Basculegion|39/100 psn|[from] psn
|upkeep
|
|t:|1783135094
|switch|p1b: Blaziken|Blaziken-Mega, L50, M|100/100
|turn|4
|
|t:|1783135102
|move|p1b: Blaziken|Protect|p1b: Blaziken
|-singleturn|p1b: Blaziken|Protect
|move|p2a: Froslass|Shadow Ball|p1b: Blaziken
|-activate|p1b: Blaziken|move: Protect
|move|p2b: Basculegion|Wave Crash|p1b: Blaziken
|-activate|p1b: Blaziken|move: Protect
|
|-weather|Snowscape|[upkeep]
|-damage|p2a: Froslass|47/100 psn|[from] psn
|-damage|p2b: Basculegion|26/100 psn|[from] psn
|-ability|p1b: Blaziken|Speed Boost|boost
|-boost|p1b: Blaziken|spe|1
|upkeep
|turn|5
|
|t:|1783135111
|move|p2b: Basculegion|Aqua Jet|p1b: Blaziken
|-supereffective|p1b: Blaziken|1
|-damage|p1b: Blaziken|53/100
|move|p1b: Blaziken|Rock Slide|p2a: Froslass|[spread] 
|-miss|p1b: Blaziken|p2a: Froslass
|-miss|p1b: Blaziken|p2b: Basculegion
|move|p2a: Froslass|Shadow Ball|p1b: Blaziken
|-damage|p1b: Blaziken|9/100
|-unboost|p1b: Blaziken|spd|1
|
|-weather|none
|-damage|p2a: Froslass|34/100 psn|[from] psn
|-damage|p2b: Basculegion|14/100 psn|[from] psn
|-sideend|p2: 5 sky high|move: Aurora Veil
|-ability|p1b: Blaziken|Speed Boost|boost
|-boost|p1b: Blaziken|spe|1
|upkeep
|turn|6
|
|t:|1783135125
|move|p1b: Blaziken|Protect|p1b: Blaziken
|-singleturn|p1b: Blaziken|Protect
|move|p2b: Basculegion|Aqua Jet|p1b: Blaziken
|-activate|p1b: Blaziken|move: Protect
|move|p2a: Froslass|Shadow Ball|p1b: Blaziken
|-activate|p1b: Blaziken|move: Protect
|
|-damage|p2a: Froslass|22/100 psn|[from] psn
|-damage|p2b: Basculegion|2/100 psn|[from] psn
|-ability|p1b: Blaziken|Speed Boost|boost
|-boost|p1b: Blaziken|spe|1
|upkeep
|turn|7
|
|t:|1783135128
|move|p1b: Blaziken|Protect||[still]
|-fail|p1b: Blaziken
|move|p2b: Basculegion|Aqua Jet|p1b: Blaziken
|-supereffective|p1b: Blaziken|1
|-damage|p1b: Blaziken|0 fnt
|faint|p1b: Blaziken
|
|win|5 sky high
||5 sky high is ready for game 3.
|inactive|santicifupe has 30 seconds to confirm battle start!
||santicifupe is ready for game 3.
|uhtml|next|Next: Game 3 of 3
|l|☆santicifupe
|player|p1|
