|j|☆flannerystan
|j|☆king wowowood
|html|flannerystanking wowowood    
|uhtml|bestof|Game 1 of a best-of-3
|t:|1757824886
|gametype|doubles
|player|p1|flannerystan|skyla|1066
|player|p2|king wowowood|266|1213
|gen|9
|tier|[Gen 9] VGC 2025 Reg H (Bo3)
|rated|
|rule|Species Clause: Limit one of each Pokémon
|rule|Item Clause: Limit 1 of each item
|clearpoke
|poke|p1|Annihilape, L50, M|
|poke|p1|Maushold, L50|
|poke|p1|Gholdengo, L50|
|poke|p1|Whimsicott, L50, F|
|poke|p1|Weavile, L50, M|
|poke|p1|Salamence, L50, F|
|poke|p2|Clefable, L50, F|
|poke|p2|Rillaboom, L50, M|
|poke|p2|Talonflame, L50, F|
|poke|p2|Garchomp, L50, F|
|poke|p2|Gholdengo, L50|
|poke|p2|Annihilape, L50, F|
|teampreview|4
|showteam|p1|Annihilape||Leftovers|Defiant|RageFist,DrainPunch,BulkUp,Protect|||M|||50|,,,,,Fire]Maushold||SafetyGoggles|FriendGuard|BeatUp,SuperFang,FollowMe,Protect||||||50|,,,,,Ghost]Gholdengo||MetalCoat|GoodasGold|MakeItRain,ShadowBall,NastyPlot,Protect||||||50|,,,,,Steel]Whimsicott||FocusSash|Prankster|Tailwind,BeatUp,Moonblast,Endeavor|||F|||50|,,,,,Ghost]Weavile||WideLens|Pressure|TripleAxel,KnockOff,FakeOut,Taunt|||M|||50|,,,,,Poison]Salamence||LifeOrb|Intimidate|DracoMeteor,AirSlash,Tailwind,Protect|||F|||50|,,,,,Fairy
|showteam|p2|Clefable||SafetyGoggles|Unaware|Moonblast,FollowMe,LifeDew,Protect|||F|||50|,,,,,Steel]Rillaboom||AssaultVest|GrassySurge|FakeOut,GrassyGlide,WoodHammer,Uturn|||M|||50|,,,,,Fire]Talonflame||CovertCloak|GaleWings|BraveBird,Tailwind,WillOWisp,Taunt|||F|||50|,,,,,Ghost]Garchomp||LifeOrb|RoughSkin|StompingTantrum,RockSlide,DragonClaw,Protect|||F|||50|,,,,,Fire]Gholdengo||ChoiceSpecs|GoodasGold|MakeItRain,ShadowBall,Thunderbolt,Trick||||||50|,,,,,Steel]Annihilape||Leftovers|Defiant|DrainPunch,RageFist,BulkUp,Protect|||F|||50|,,,,,Water
|inactive|Battle timer is ON: inactive players will automatically lose when time's up. (requested by flannerystan)
|inactive|flannerystan has 60 seconds left.
|inactive|king wowowood has 60 seconds left.
|inactive|flannerystan has 30 seconds left.
|
|t:|1757824967
|teamsize|p1|4
|teamsize|p2|4
|start
|switch|p1a: Weavile|Weavile, L50, M|100/100
|switch|p1b: Annihilape|Annihilape, L50, M|100/100
|switch|p2a: Gholdengo|Gholdengo, L50|100/100
|switch|p2b: Talonflame|Talonflame, L50, F|100/100
|-ability|p1a: Weavile|Pressure
|turn|1
|inactive|flannerystan has 30 seconds left.
|inactive|king wowowood has 30 seconds left.
|inactive|flannerystan has 20 seconds left.
|inactive|king wowowood has 20 seconds left.
|inactive|flannerystan has 15 seconds left.
|inactive|king wowowood has 15 seconds left.
|inactive|flannerystan has 10 seconds left.
|
|t:|1757825014
|-terastallize|p2a: Gholdengo|Steel
|move|p1a: Weavile|Fake Out|p2a: Gholdengo
|-resisted|p2a: Gholdengo
|-damage|p2a: Gholdengo|92/100
|move|p2b: Talonflame|Tailwind|p2b: Talonflame
|-sidestart|p2: king wowowood|move: Tailwind
|cant|p2a: Gholdengo|flinch
|move|p1b: Annihilape|Drain Punch|p2a: Gholdengo
|-supereffective|p2a: Gholdengo
|-damage|p2a: Gholdengo|13/100
|
|upkeep
|turn|2
|c|☆king wowowood|good callout
|
|t:|1757825036
|move|p1b: Annihilape|Protect|p1b: Annihilape
|-singleturn|p1b: Annihilape|Protect
|move|p2b: Talonflame|Brave Bird|p1b: Annihilape
|-activate|p1b: Annihilape|move: Protect
|move|p2a: Gholdengo|Make It Rain|p1b: Annihilape|[spread] p1a
|-activate|p1b: Annihilape|move: Protect
|-supereffective|p1a: Weavile
|-damage|p1a: Weavile|0 fnt
|-unboost|p2a: Gholdengo|spa|1
|faint|p1a: Weavile
|
|upkeep
|
|t:|1757825048
|switch|p1a: Whimsicott|Whimsicott, L50, F|100/100
|turn|3
|inactive|flannerystan has 30 seconds left.
|
|t:|1757825075
|switch|p2a: Clefable|Clefable, L50, F|100/100
|-terastallize|p1b: Annihilape|Fire
|move|p1a: Whimsicott|Tailwind|p1a: Whimsicott
|-sidestart|p1: flannerystan|move: Tailwind
|move|p2b: Talonflame|Will-O-Wisp|p1b: Annihilape
|-immune|p1b: Annihilape
|move|p1b: Annihilape|Drain Punch|p2a: Clefable
|-resisted|p2a: Clefable
|-damage|p2a: Clefable|87/100
|
|upkeep
|turn|4
|
|t:|1757825095
|move|p2b: Talonflame|Brave Bird|p1a: Whimsicott
|-supereffective|p1a: Whimsicott
|-crit|p1a: Whimsicott
|-enditem|p1a: Whimsicott|Focus Sash
|-damage|p1a: Whimsicott|1/100
|-damage|p2b: Talonflame|65/100|[from] Recoil
|move|p1a: Whimsicott|Beat Up|p1b: Annihilape
|-damage|p1b: Annihilape|99/100
|-damage|p1b: Annihilape|96/100
|-damage|p1b: Annihilape|93/100
|-hitcount|p1b: Annihilape|3
|move|p1b: Annihilape|Rage Fist|p2b: Talonflame
|-crit|p2b: Talonflame
|-damage|p2b: Talonflame|0 fnt
|faint|p2b: Talonflame
|move|p2a: Clefable|Life Dew|p2a: Clefable
|-heal|p2a: Clefable|100/100
|
|-heal|p1b: Annihilape|99/100|[from] item: Leftovers
|-sideend|p2: king wowowood|move: Tailwind
|upkeep
|
|t:|1757825103
|switch|p2b: Garchomp|Garchomp, L50, F|100/100
|turn|5
|inactive|flannerystan has 30 seconds left.
|inactive|flannerystan has 20 seconds left.
|inactive|flannerystan has 15 seconds left.
|inactive|flannerystan has 10 seconds left.
|
|t:|1757825152
|switch|p1a: Salamence|Salamence, L50, F|100/100
|-ability|p1a: Salamence|Intimidate|boost
|-unboost|p2a: Clefable|atk|1
|-unboost|p2b: Garchomp|atk|1
|move|p2a: Clefable|Follow Me|p2a: Clefable
|-singleturn|p2a: Clefable|move: Follow Me
|move|p1b: Annihilape|Rage Fist|p2a: Clefable
|-damage|p2a: Clefable|25/100
|move|p2b: Garchomp|Rock Slide|p1b: Annihilape|[spread] p1a
|-miss|p2b: Garchomp|p1b: Annihilape
|-supereffective|p1a: Salamence
|-damage|p1a: Salamence|61/100
|-damage|p2b: Garchomp|91/100|[from] item: Life Orb
|
|-heal|p1b: Annihilape|100/100|[from] item: Leftovers
|upkeep
|turn|6
|inactive|flannerystan has 30 seconds left.
|inactive|king wowowood has 30 seconds left.
|
|t:|1757825179
|move|p1a: Salamence|Protect|p1a: Salamence
|-singleturn|p1a: Salamence|Protect
|move|p2b: Garchomp|Protect|p2b: Garchomp
|-singleturn|p2b: Garchomp|Protect
|move|p2a: Clefable|Protect|p2a: Clefable
|-singleturn|p2a: Clefable|Protect
|move|p1b: Annihilape|Rage Fist|p2b: Garchomp
|-activate|p2b: Garchomp|move: Protect
|
|-sideend|p1: flannerystan|move: Tailwind
|upkeep
|turn|7
|
|t:|1757825199
|move|p2a: Clefable|Follow Me|p2a: Clefable
|-singleturn|p2a: Clefable|move: Follow Me
|move|p2b: Garchomp|Stomping Tantrum|p1b: Annihilape
|-supereffective|p1b: Annihilape
|-damage|p1b: Annihilape|43/100
|-damage|p2b: Garchomp|81/100|[from] item: Life Orb
|move|p1a: Salamence|Tailwind|p1a: Salamence
|-sidestart|p1: flannerystan|move: Tailwind
|move|p1b: Annihilape|Rage Fist|p2a: Clefable
|-damage|p2a: Clefable|0 fnt
|faint|p2a: Clefable
|
|-heal|p1b: Annihilape|48/100|[from] item: Leftovers
|upkeep
|
|t:|1757825207
|switch|p2a: Gholdengo|Gholdengo, L50, tera:Steel|13/100
|turn|8
|c|☆king wowowood|ggwp
|
|t:|1757825212
|move|p1a: Salamence|Draco Meteor|p2b: Garchomp
|-supereffective|p2b: Garchomp
|-damage|p2b: Garchomp|0 fnt
|-unboost|p1a: Salamence|spa|2
|faint|p2b: Garchomp
|-damage|p1a: Salamence|51/100|[from] item: Life Orb
|move|p1b: Annihilape|Drain Punch|p2a: Gholdengo
|-supereffective|p2a: Gholdengo
|-damage|p2a: Gholdengo|0 fnt
|-heal|p1b: Annihilape|54/100|[from] drain|[of] p2a: Gholdengo
|faint|p2a: Gholdengo
|
|win|flannerystan
|c|☆flannerystan|gg
||king wowowood is ready for game 2.
|inactive|flannerystan has 30 seconds to confirm battle start!
||flannerystan is ready for game 2.
|uhtml|next|Next: Game 2 of 3
