|j|☆xareu
|j|☆saboyita
|html|xareusaboyita    
|uhtml|bestof|Game 1 of a best-of-3
|t:|1756765079
|gametype|doubles
|player|p1|xareu|clay|1107
|player|p2|saboyita|grimsley|1152
|gen|9
|tier|[Gen 9] VGC 2025 Reg H (Bo3)
|rated|
|rule|Species Clause: Limit one of each Pokémon
|rule|Item Clause: Limit 1 of each item
|clearpoke
|poke|p1|Volcarona, L50, M|
|poke|p1|Rillaboom, L50, M|
|poke|p1|Electabuzz, L50, M|
|poke|p1|Dragonite, L50, F|
|poke|p1|Kingambit, L50, F|
|poke|p1|Sneasler, L50, M|
|poke|p2|Amoonguss, L50, M|
|poke|p2|Hydreigon, L50, M|
|poke|p2|Whimsicott, L50, M|
|poke|p2|Maushold-Four, L50|
|poke|p2|Annihilape, L50, M|
|poke|p2|Ursaluna-Bloodmoon, L50, M|
|teampreview|4
|showteam|p1|Volcarona||Leftovers|FlameBody|HeatWave,TeraBlast,QuiverDance,Protect|||M|||50|,,,,,Fairy]Rillaboom||AssaultVest|GrassySurge|WoodHammer,GrassyGlide,HighHorsepower,FakeOut|||M|||50|,,,,,Fire]Electabuzz||Eviolite|VitalSpirit|Thunderbolt,FollowMe,Taunt,Protect|||M|||50|,,,,,Ghost]Dragonite||LoadedDice|Multiscale|ScaleShot,ExtremeSpeed,Haze,Protect|||F|||50|,,,,,Steel]Kingambit||BlackGlasses|Defiant|KowtowCleave,SuckerPunch,SwordsDance,Protect|||F|||50|,,,,,Dark]Sneasler||FocusSash|Unburden|CloseCombat,DireClaw,Coaching,FakeOut|||M|||50|,,,,,Stellar
|showteam|p2|Amoonguss||MentalHerb|Regenerator|ClearSmog,Spore,RagePowder,Protect|||M|||50|,,,,,Water]Hydreigon||ChoiceSpecs|Levitate|Snarl,HeatWave,DarkPulse,DracoMeteor|||M|||50|,,,,,Ghost]Whimsicott||CovertCloak|Prankster|BeatUp,Encore,HelpingHand,Tailwind|||M|||50|,,,,,Dark]Maushold-Four||WideLens|Technician|PopulationBomb,Taunt,FollowMe,Protect||||||50|,,,,,Ghost]Annihilape||Leftovers|Defiant|RageFist,CloseCombat,FinalGambit,Protect|||M|||50|,,,,,Fire]Ursaluna-Bloodmoon||LifeOrb|MindsEye|HyperVoice,EarthPower,BloodMoon,Protect|||M|||50|,,,,,Water
|inactive|Battle timer is ON: inactive players will automatically lose when time's up. (requested by saboyita)
|inactive|xareu has 60 seconds left.
|inactive|saboyita has 60 seconds left.
|
|t:|1756765133
|teamsize|p1|4
|teamsize|p2|4
|start
|switch|p1a: Dragonite|Dragonite, L50, F|100/100
|switch|p1b: Sneasler|Sneasler, L50, M|100/100
|switch|p2a: Whimsicott|Whimsicott, L50, M|100/100
|switch|p2b: Annihilape|Annihilape, L50, M|100/100
|turn|1
|inactive|xareu has 30 seconds left.
|inactive|saboyita has 30 seconds left.
|inactive|xareu has 20 seconds left.
|inactive|saboyita has 20 seconds left.
|inactive|xareu has 15 seconds left.
|inactive|saboyita has 15 seconds left.
|
|t:|1756765176
|-terastallize|p2a: Whimsicott|Dark
|move|p2b: Annihilape|Protect|p2b: Annihilape
|-singleturn|p2b: Annihilape|Protect
|move|p2a: Whimsicott|Tailwind|p2a: Whimsicott
|-sidestart|p2: saboyita|move: Tailwind
|move|p1b: Sneasler|Coaching|p1a: Dragonite
|-boost|p1a: Dragonite|atk|1
|-boost|p1a: Dragonite|def|1
|move|p1a: Dragonite|Scale Shot|p2b: Annihilape
|-activate|p2b: Annihilape|move: Protect
|
|upkeep
|turn|2
|inactive|xareu has 30 seconds left.
|inactive|xareu has 20 seconds left.
|inactive|xareu has 15 seconds left.
|inactive|xareu has 10 seconds left.
|inactive|xareu has 5 seconds left.
|
|t:|1756765228
|move|p2a: Whimsicott|Beat Up|p2b: Annihilape
|-damage|p2b: Annihilape|97/100
|-damage|p2b: Annihilape|93/100
|-damage|p2b: Annihilape|90/100
|-damage|p2b: Annihilape|87/100
|-hitcount|p2b: Annihilape|4
|move|p2b: Annihilape|Rage Fist|p1a: Dragonite
|-damage|p1a: Dragonite|59/100
|move|p1b: Sneasler|Coaching|p1a: Dragonite
|-boost|p1a: Dragonite|atk|1
|-boost|p1a: Dragonite|def|1
|move|p1a: Dragonite|Scale Shot|p2b: Annihilape|[miss]
|-miss|p1a: Dragonite|p2b: Annihilape
|
|-heal|p2b: Annihilape|93/100|[from] item: Leftovers
|upkeep
|turn|3
|inactive|saboyita has 30 seconds left.
|
|t:|1756765255
|move|p2a: Whimsicott|Encore|p1b: Sneasler
|-start|p1b: Sneasler|Encore
|move|p2b: Annihilape|Rage Fist|p1a: Dragonite
|-damage|p1a: Dragonite|0 fnt
|faint|p1a: Dragonite
|move|p1b: Sneasler|Coaching|p1: Dragonite|[notarget]
|-fail|p1b: Sneasler
|
|-heal|p2b: Annihilape|99/100|[from] item: Leftovers
|upkeep
|
|t:|1756765275
|switch|p1a: Volcarona|Volcarona, L50, M|100/100
|turn|4
|
|t:|1756765292
|move|p1a: Volcarona|Protect|p1a: Volcarona
|-singleturn|p1a: Volcarona|Protect
|move|p2a: Whimsicott|Beat Up|p1b: Sneasler
|-resisted|p1b: Sneasler
|-damage|p1b: Sneasler|99/100
|-resisted|p1b: Sneasler
|-damage|p1b: Sneasler|96/100
|-resisted|p1b: Sneasler
|-damage|p1b: Sneasler|94/100
|-resisted|p1b: Sneasler
|-damage|p1b: Sneasler|92/100
|-hitcount|p1b: Sneasler|4
|move|p2b: Annihilape|Rage Fist|p1b: Sneasler
|-damage|p1b: Sneasler|0 fnt
|faint|p1b: Sneasler
|
|-heal|p2b: Annihilape|100/100|[from] item: Leftovers
|-sideend|p2: saboyita|move: Tailwind
|upkeep
|
|t:|1756765298
|switch|p1b: Electabuzz|Electabuzz, L50, M|100/100
|turn|5
|
|t:|1756765315
|-terastallize|p1a: Volcarona|Fairy
|move|p2b: Annihilape|Protect|p2b: Annihilape
|-singleturn|p2b: Annihilape|Protect
|move|p1b: Electabuzz|Follow Me|p1b: Electabuzz
|-singleturn|p1b: Electabuzz|move: Follow Me
|move|p2a: Whimsicott|Tailwind|p2a: Whimsicott
|-sidestart|p2: saboyita|move: Tailwind
|move|p1a: Volcarona|Tera Blast|p2b: Annihilape|[anim] Tera Blast Fairy
|-activate|p2b: Annihilape|move: Protect
|
|upkeep
|turn|6
|inactive|saboyita has 30 seconds left.
|
|t:|1756765348
|move|p2a: Whimsicott|Helping Hand|p2b: Annihilape
|-singleturn|p2b: Annihilape|Helping Hand|[of] p2a: Whimsicott
|move|p1b: Electabuzz|Follow Me|p1b: Electabuzz
|-singleturn|p1b: Electabuzz|move: Follow Me
|move|p2b: Annihilape|Rage Fist|p1b: Electabuzz
|-damage|p1b: Electabuzz|0 fnt
|faint|p1b: Electabuzz
|move|p1a: Volcarona|Tera Blast|p2b: Annihilape|[anim] Tera Blast Fairy
|-supereffective|p2b: Annihilape
|-damage|p2b: Annihilape|14/100
|
|-heal|p2b: Annihilape|20/100|[from] item: Leftovers
|upkeep
|turn|7
|-message|xareu forfeited.
|
|win|saboyita
|l|☆xareu
|player|p1|
||xareu is ready for game 2.
