|j|☆Chifi Dragon
|j|☆Joseanfox
|html|Chifi DragonJoseanfox    
|uhtml|bestof|Game 1 of a best-of-3
|t:|1783526023
|gametype|doubles
|player|p1|Chifi Dragon|170|1000
|player|p2|Joseanfox|dawn|1117
|gen|9
|tier|[Gen 9 Champions] VGC 2026 Reg M-B (Bo3)
|rated|
|rule|Species Clause: Limit one of each Pokémon
|rule|Item Clause: Limit 1 of each item
|clearpoke
|poke|p1|Garchomp, L50, M|
|poke|p1|Dragalge, L50, M|
|poke|p1|Dragapult, L50, M|
|poke|p1|Archaludon, L50, M|
|poke|p1|Pelipper, L50, M|
|poke|p1|Klefki, L50, F|
|poke|p2|Staraptor, L50, F|
|poke|p2|Sinistcha, L50|
|poke|p2|Archaludon, L50, F|
|poke|p2|Raichu, L50, F|
|poke|p2|Pelipper, L50, F|
|poke|p2|Grimmsnarl, L50, M|
|teampreview|4
|showteam|p1|Garchomp||RoseliBerry|RoughSkin|Earthquake,DragonClaw,Protect,RockSlide|Jolly||M|||50|]Dragalge||Dragalgite|Adaptability|DracoMeteor,Scald,SludgeWave,Protect|Bold||M|||50|]Dragapult||LifeOrb|Infiltrator|DragonDarts,PhantomForce,PsychicFangs,Protect|Jolly||M|||50|]Archaludon||Leftovers|Sturdy|DragonPulse,FlashCannon,ElectroShot,Protect|Timid||M|||50|]Pelipper||DampRock|Drizzle|Tailwind,WideGuard,WeatherBall,HelpingHand|Bold||M|||50|]Klefki||LightClay|Prankster|DazzlingGleam,LightScreen,RainDance,ThunderWave|Bold||F|||50|
|showteam|p2|Staraptor||Staraptite|Intimidate|CloseCombat,Roost,Protect,BraveBird|Adamant||F|||50|]Sinistcha||SitrusBerry|Hospitality|MatchaGotcha,ShadowBall,RagePowder,StrengthSap|Modest|||||50|]Archaludon||QuickClaw|Sturdy|AuraSphere,ElectroShot,FlashCannon,DracoMeteor|Timid||F|||50|]Raichu||RaichuniteX|LightningRod|FakeOut,BrickBreak,VoltTackle,RisingVoltage|Hasty||F|||50|]Pelipper||FocusSash|Drizzle|WeatherBall,WideGuard,Hurricane,Tailwind|Serious||F|||50|]Grimmsnarl||LightClay|Prankster|LightScreen,Reflect,PartingShot,SpiritBreak|Relaxed||M|||50|
|
|t:|1783526070
|teamsize|p1|4
|teamsize|p2|4
|start
|switch|p1a: Klefki|Klefki, L50, F|100/100
|switch|p1b: Archaludon|Archaludon, L50, M|100/100
|switch|p2a: Persida|Raichu, L50, F|100/100
|switch|p2b: Salchipapa|Archaludon, L50, F|100/100
|turn|1
|
|t:|1783526099
|detailschange|p2a: Persida|Raichu-Mega-X, L50, F
|-mega|p2a: Persida|Raichu|Raichunite X
|-fieldstart|move: Electric Terrain|[from] ability: Electric Surge|[of] p2a: Persida
|move|p1b: Archaludon|Protect|p1b: Archaludon
|-singleturn|p1b: Archaludon|Protect
|move|p2a: Persida|Fake Out|p1a: Klefki
|-resisted|p1a: Klefki|1
|-damage|p1a: Klefki|93/100
|cant|p1a: Klefki|flinch
|move|p2b: Salchipapa|Aura Sphere|p1b: Archaludon
|-activate|p1b: Archaludon|move: Protect
|
|upkeep
|turn|2
|
|t:|1783526135
|move|p1a: Klefki|Thunder Wave|p2b: Salchipapa
|-status|p2b: Salchipapa|par
|move|p2a: Persida|Rising Voltage|p1a: Klefki
|-hint|Rising Voltage's BP doubled on grounded target.
|-damage|p1a: Klefki|18/100
|move|p1b: Archaludon|Dragon Pulse|p2a: Persida
|-damage|p2a: Persida|39/100
|move|p2b: Salchipapa|Aura Sphere|p1b: Archaludon
|-supereffective|p1b: Archaludon|1
|-damage|p1b: Archaludon|18/100
|
|-heal|p1b: Archaludon|24/100|[from] item: Leftovers
|upkeep
|turn|3
|
|t:|1783526175
|move|p1a: Klefki|Light Screen|p1a: Klefki
|-sidestart|p1: Chifi Dragon|move: Light Screen
|move|p2a: Persida|Rising Voltage|p1a: Klefki
|-hint|Rising Voltage's BP doubled on grounded target.
|-damage|p1a: Klefki|0 fnt
|faint|p1a: Klefki
|move|p1b: Archaludon|Dragon Pulse|p2a: Persida
|-damage|p2a: Persida|0 fnt
|faint|p2a: Persida
|move|p2b: Salchipapa|Aura Sphere|p1b: Archaludon
|-supereffective|p1b: Archaludon|1
|-damage|p1b: Archaludon|0 fnt
|faint|p1b: Archaludon
|
|upkeep
|
|t:|1783526192
|switch|p2a: Mate|Sinistcha, L50|100/100
|switch|p1b: Dragalge|Dragalge, L50, M|100/100
|switch|p1a: Garchomp|Garchomp, L50, M|100/100
|turn|4
|
|t:|1783526214
|switch|p2b: Star lord|Staraptor, L50, F|100/100
|-ability|p2b: Star lord|Intimidate|boost
|-unboost|p1a: Garchomp|atk|1
|-unboost|p1b: Dragalge|atk|1
|detailschange|p1b: Dragalge|Dragalge-Mega, L50, M
|-mega|p1b: Dragalge|Dragalge|Dragalgite
|move|p1a: Garchomp|Dragon Claw|p2b: Star lord
|-damage|p2b: Star lord|55/100
|move|p2a: Mate|Strength Sap|p1a: Garchomp
|-unboost|p1a: Garchomp|atk|1
|move|p1b: Dragalge|Sludge Wave|p2b: Star lord|[spread] p1a,p2a,p2b
|-resisted|p1a: Garchomp|1
|-damage|p1a: Garchomp|87/100
|-damage|p2a: Mate|71/100
|-damage|p2b: Star lord|8/100
|
|upkeep
|turn|5
|
|t:|1783526242
|move|p2b: Star lord|Protect|p2b: Star lord
|-singleturn|p2b: Star lord|Protect
|move|p1a: Garchomp|Rock Slide|p2a: Mate|[spread] p2a
|-activate|p2b: Star lord|move: Protect
|-damage|p2a: Mate|61/100
|cant|p2a: Mate|flinch
|move|p1b: Dragalge|Sludge Wave|p2a: Mate|[spread] p1a,p2a
|-activate|p2b: Star lord|move: Protect
|-resisted|p1a: Garchomp|1
|-damage|p1a: Garchomp|76/100
|-damage|p2a: Mate|33/100
|-enditem|p2a: Mate|Sitrus Berry|[eat]
|-heal|p2a: Mate|57/100|[from] item: Sitrus Berry
|
|-fieldend|move: Electric Terrain
|upkeep
|turn|6
|
|t:|1783526268
|move|p1a: Garchomp|Rock Slide|p2a: Mate|[spread] p2a
|-miss|p1a: Garchomp|p2b: Star lord
|-damage|p2a: Mate|48/100
|move|p2b: Star lord|Brave Bird|p1b: Dragalge
|-damage|p1b: Dragalge|56/100
|-damage|p2b: Star lord|0 fnt|[from] Recoil
|faint|p2b: Star lord
|move|p2a: Mate|Matcha Gotcha|p1a: Garchomp|[spread] p1a,p1b
|-resisted|p1b: Dragalge|2
|-damage|p1a: Garchomp|56/100
|-heal|p2a: Mate|58/100|[from] drain|[of] p1a: Garchomp
|-damage|p1b: Dragalge|53/100
|-heal|p2a: Mate|60/100|[from] drain|[of] p1b: Dragalge
|-status|p1b: Dragalge|brn
|move|p1b: Dragalge|Sludge Wave|p2a: Mate|[spread] p1a,p2a
|-resisted|p1a: Garchomp|1
|-damage|p1a: Garchomp|43/100
|-damage|p2a: Mate|33/100
|
|-damage|p1b: Dragalge|47/100 brn|[from] brn
|upkeep
|
|t:|1783526291
|switch|p2b: Salchipapa|Archaludon, L50, F|100/100 par
|turn|7
|
|t:|1783526314
|move|p1b: Dragalge|Protect|p1b: Dragalge
|-singleturn|p1b: Dragalge|Protect
|move|p1a: Garchomp|Earthquake|p2a: Mate|[spread] p2a,p2b
|-activate|p1b: Dragalge|move: Protect
|-resisted|p2a: Mate|1
|-supereffective|p2b: Salchipapa|1
|-damage|p2a: Mate|25/100
|-damage|p2b: Salchipapa|64/100 par
|move|p2a: Mate|Strength Sap|p2b: Salchipapa
|-unboost|p2b: Salchipapa|atk|1
|-heal|p2a: Mate|88/100
|cant|p2b: Salchipapa|par
|
|-damage|p1b: Dragalge|41/100 brn|[from] brn
|upkeep
|turn|8
|
|t:|1783526364
|move|p1a: Garchomp|Dragon Claw|p2b: Salchipapa
|-damage|p2b: Salchipapa|46/100 par
|move|p2a: Mate|Matcha Gotcha|p1b: Dragalge|[spread] 
|-miss|p2a: Mate|p1a: Garchomp
|-miss|p2a: Mate|p1b: Dragalge
|move|p2b: Salchipapa|Flash Cannon|p1b: Dragalge
|-damage|p1b: Dragalge|22/100 brn
|move|p1b: Dragalge|Scald|p2b: Salchipapa
|-resisted|p2b: Salchipapa|1
|-damage|p2b: Salchipapa|28/100 par
|
|-damage|p1b: Dragalge|16/100 brn|[from] brn
|upkeep
|turn|9
|-activate|p2b: Salchipapa|item: Quick Claw
|
|t:|1783526388
|move|p1b: Dragalge|Protect|p1b: Dragalge
|-singleturn|p1b: Dragalge|Protect
|move|p2b: Salchipapa|Draco Meteor|p1a: Garchomp
|-supereffective|p1a: Garchomp|1
|-damage|p1a: Garchomp|0 fnt
|-unboost|p2b: Salchipapa|spa|2
|faint|p1a: Garchomp
|move|p2a: Mate|Shadow Ball|p1b: Dragalge
|-activate|p1b: Dragalge|move: Protect
|
|-damage|p1b: Dragalge|10/100 brn|[from] brn
|upkeep
|turn|10
|
|t:|1783526407
|move|p2a: Mate|Shadow Ball|p1b: Dragalge
|-damage|p1b: Dragalge|0 fnt
|faint|p1b: Dragalge
|
|win|Joseanfox
