|j|☆jxnh
|j|☆dambro222
|html|jxnhdambro222    
|uhtml|bestof|Game 2 of a best-of-3
|t:|1756675909
|gametype|doubles
|player|p1|jxnh|170|1172
|player|p2|dambro222|ethan|1160
|gen|9
|tier|[Gen 9] VGC 2025 Reg H (Bo3)
|rated|
|rule|Species Clause: Limit one of each Pokémon
|rule|Item Clause: Limit 1 of each item
|clearpoke
|poke|p1|Corviknight, L50, M|
|poke|p1|Sneasler, L50, F|
|poke|p1|Garchomp, L50, M|
|poke|p1|Incineroar, L50, F|
|poke|p1|Araquanid, L50, F|
|poke|p1|Ursaluna-Bloodmoon, L50, M|
|poke|p2|Dragonite, L50, M|
|poke|p2|Volcarona, L50, F|
|poke|p2|Sneasler, L50, M|
|poke|p2|Rillaboom, L50, M|
|poke|p2|Electabuzz, L50, M|
|poke|p2|Kingambit, L50, M|
|teampreview|4
|showteam|p1|Corviknight||Leftovers|MirrorArmor|DualWingbeat,BodyPress,IronDefense,Protect|||M|||50|,,,,,Fire]Sneasler||FocusSash|Unburden|DireClaw,CloseCombat,Coaching,Protect|||F|||50|,,,,,Ghost]Garchomp||LoadedDice|RoughSkin|StompingTantrum,Earthquake,ScaleShot,Protect|||M|||50|,,,,,Fairy]Incineroar||SitrusBerry|Intimidate|FakeOut,KnockOff,PartingShot,FlareBlitz|||F|||50|,,,,,Ghost]Araquanid||RoomService|WaterBubble|Liquidation,LeechLife,WideGuard,Protect|||F|||50|,,,,,Grass]Ursaluna-Bloodmoon||AssaultVest|MindsEye|HyperVoice,EarthPower,BloodMoon,Snarl|||M|||50|,,,,,Grass
|showteam|p2|Dragonite||LoadedDice|Multiscale|ScaleShot,ExtremeSpeed,Haze,Protect|||M|||50|,,,,,Fairy]Volcarona||CovertCloak|FlameBody|HeatWave,TeraBlast,QuiverDance,Protect|||F|||50|,,,,,Fairy]Sneasler||FocusSash|Unburden|CloseCombat,DireClaw,RockSlide,Protect|||M|||50|,,,,,Stellar]Rillaboom||AssaultVest|GrassySurge|WoodHammer,GrassyGlide,HighHorsepower,FakeOut|||M|||50|,,,,,Water]Electabuzz||Eviolite|VitalSpirit|Electroweb,FollowMe,Taunt,Protect|||M|||50|,,,,,Ghost]Kingambit||BlackGlasses|Defiant|KowtowCleave,SuckerPunch,SwordsDance,Protect|||M|||50|,,,,,Dark
|inactive|Battle timer is ON: inactive players will automatically lose when time's up. (requested by dambro222)
|
|t:|1756675930
|teamsize|p1|4
|teamsize|p2|4
|start
|switch|p1a: Garchomp|Garchomp, L50, M|100/100
|switch|p1b: Sneasler|Sneasler, L50, F|100/100
|switch|p2a: Dragonite|Dragonite, L50, M|100/100
|switch|p2b: Electabuzz|Electabuzz, L50, M|100/100
|turn|1
|
|t:|1756675951
|-terastallize|p1a: Garchomp|Fairy
|move|p2b: Electabuzz|Follow Me|p2b: Electabuzz
|-singleturn|p2b: Electabuzz|move: Follow Me
|move|p1b: Sneasler|Coaching|p1a: Garchomp
|-boost|p1a: Garchomp|atk|1
|-boost|p1a: Garchomp|def|1
|move|p1a: Garchomp|Stomping Tantrum|p2b: Electabuzz
|-supereffective|p2b: Electabuzz
|-damage|p2b: Electabuzz|6/100
|move|p2a: Dragonite|Scale Shot|p1b: Sneasler
|-damage|p1b: Sneasler|75/100
|-damage|p1b: Sneasler|47/100
|-crit|p1b: Sneasler
|-damage|p1b: Sneasler|10/100
|-damage|p1b: Sneasler|0 fnt
|faint|p1b: Sneasler
|-hitcount|p1: Sneasler|4
|-unboost|p2a: Dragonite|def|1
|-boost|p2a: Dragonite|spe|1
|
|upkeep
|
|t:|1756675969
|switch|p1b: Ursaluna|Ursaluna-Bloodmoon, L50, M|100/100
|turn|2
|
|t:|1756675982
|move|p2b: Electabuzz|Follow Me|p2b: Electabuzz
|-singleturn|p2b: Electabuzz|move: Follow Me
|move|p2a: Dragonite|Scale Shot|p1b: Ursaluna
|-damage|p1b: Ursaluna|89/100
|-damage|p1b: Ursaluna|79/100
|-damage|p1b: Ursaluna|67/100
|-damage|p1b: Ursaluna|55/100
|-hitcount|p1b: Ursaluna|4
|-unboost|p2a: Dragonite|def|1
|-boost|p2a: Dragonite|spe|1
|move|p1a: Garchomp|Earthquake|p2b: Electabuzz|[spread] p1b,p2b
|-immune|p2a: Dragonite
|-supereffective|p2b: Electabuzz
|-damage|p1b: Ursaluna|16/100
|-damage|p2b: Electabuzz|0 fnt
|faint|p2b: Electabuzz
|move|p1b: Ursaluna|Blood Moon|p2a: Dragonite
|-damage|p2a: Dragonite|60/100
|
|upkeep
|
|t:|1756676005
|switch|p2b: Sneasler|Sneasler, L50, M|100/100
|turn|3
|inactive|dambro222 has 30 seconds left.
|inactive|dambro222 has 20 seconds left.
|
|t:|1756676042
|move|p2a: Dragonite|Scale Shot|p1b: Ursaluna
|-damage|p1b: Ursaluna|6/100
|-damage|p1b: Ursaluna|0 fnt
|faint|p1b: Ursaluna
|-hitcount|p1: Ursaluna|2
|-unboost|p2a: Dragonite|def|1
|-boost|p2a: Dragonite|spe|1
|move|p2b: Sneasler|Dire Claw|p1a: Garchomp
|-supereffective|p1a: Garchomp
|-damage|p1a: Garchomp|45/100
|-status|p1a: Garchomp|slp
|-damage|p2b: Sneasler|88/100|[from] ability: Rough Skin|[of] p1a: Garchomp
|cant|p1a: Garchomp|slp
|
|upkeep
|
|t:|1756676055
|switch|p1b: Corviknight|Corviknight, L50, M|100/100
|turn|4
|
|t:|1756676070
|move|p2a: Dragonite|Scale Shot|p1b: Corviknight|[miss]
|-miss|p2a: Dragonite|p1b: Corviknight
|move|p2b: Sneasler|Dire Claw|p1a: Garchomp
|-supereffective|p1a: Garchomp
|-damage|p1a: Garchomp|0 fnt
|-damage|p2b: Sneasler|75/100|[from] ability: Rough Skin|[of] p1a: Garchomp
|faint|p1a: Garchomp
|move|p1b: Corviknight|Dual Wingbeat|p2a: Dragonite|[miss]
|-miss|p1b: Corviknight|p2a: Dragonite
|
|upkeep
|turn|5
|
|t:|1756676088
|move|p2a: Dragonite|Scale Shot|p1b: Corviknight
|-resisted|p1b: Corviknight
|-damage|p1b: Corviknight|94/100
|-resisted|p1b: Corviknight
|-damage|p1b: Corviknight|87/100
|-resisted|p1b: Corviknight
|-damage|p1b: Corviknight|81/100
|-resisted|p1b: Corviknight
|-damage|p1b: Corviknight|75/100
|-hitcount|p1b: Corviknight|4
|-unboost|p2a: Dragonite|def|1
|-boost|p2a: Dragonite|spe|1
|move|p2b: Sneasler|Rock Slide|p1b: Corviknight
|-damage|p1b: Corviknight|53/100
|move|p1b: Corviknight|Dual Wingbeat|p2a: Dragonite
|-damage|p2a: Dragonite|6/100
|-damage|p2a: Dragonite|0 fnt
|faint|p2a: Dragonite
|-hitcount|p2: Dragonite|2
|
|-heal|p1b: Corviknight|59/100|[from] item: Leftovers
|upkeep
|
|t:|1756676093
|switch|p2a: Kingambit|Kingambit, L50, M, shiny|100/100
|turn|6
|
|t:|1756676117
|-terastallize|p2a: Kingambit|Dark
|move|p2a: Kingambit|Sucker Punch||[still]
|-fail|p2a: Kingambit
|move|p2b: Sneasler|Close Combat|p1b: Corviknight
|-damage|p1b: Corviknight|6/100
|-unboost|p2b: Sneasler|def|1
|-unboost|p2b: Sneasler|spd|1
|move|p1b: Corviknight|Iron Defense|p1b: Corviknight
|-boost|p1b: Corviknight|def|2
|
|-heal|p1b: Corviknight|12/100|[from] item: Leftovers
|upkeep
|turn|7
|
|t:|1756676128
|move|p1b: Corviknight|Protect|p1b: Corviknight
|-singleturn|p1b: Corviknight|Protect
|move|p2a: Kingambit|Sucker Punch||[still]
|-fail|p2a: Kingambit
|move|p2b: Sneasler|Close Combat|p1b: Corviknight
|-activate|p1b: Corviknight|move: Protect
|
|-heal|p1b: Corviknight|18/100|[from] item: Leftovers
|upkeep
|turn|8
|
|t:|1756676137
|move|p2a: Kingambit|Sucker Punch|p1b: Corviknight
|-damage|p1b: Corviknight|0 fnt
|faint|p1b: Corviknight
|
|win|dambro222
||dambro222 is ready for game 3.
||jxnh is ready for game 3.
|uhtml|next|Next: Game 3 of 3
