|j|☆TQK020908
|j|☆magicalarcher57
|html|TQK020908magicalarcher57    
|uhtml|bestof|Game 1 of a best-of-3
|t:|1782571198
|gametype|doubles
|player|p1|TQK020908|cheren|1044
|player|p2|magicalarcher57|diantha|1153
|gen|9
|tier|[Gen 9 Champions] VGC 2026 Reg M-B (Bo3)
|rated|
|rule|Species Clause: Limit one of each Pokémon
|rule|Item Clause: Limit 1 of each item
|clearpoke
|poke|p1|Meowscarada, L50, M|
|poke|p1|Maushold-Four, L50|
|poke|p1|Sneasler, L50, F|
|poke|p1|Whimsicott, L50, F|
|poke|p1|Pyroar, L50, F|
|poke|p1|Eelektross, L50, M|
|poke|p2|Incineroar, L50, F|
|poke|p2|Gengar, L50, F|
|poke|p2|Kingambit, L50, F|
|poke|p2|Sneasler, L50, F|
|poke|p2|Kommo-o, L50, M|
|poke|p2|Delphox, L50, F|
|teampreview|4
|showteam|p1|Meowscarada||LifeOrb|Protean|FlowerTrick,TripleAxel,Protect,LowKick|Jolly||M|||50|]Maushold-Four||WideLens|Technician|PopulationBomb,Feint,FollowMe,HelpingHand|Jolly|||||50|]Sneasler||WhiteHerb|Unburden|CloseCombat,DireClaw,FakeOut,Protect|Adamant||F|||50|]Whimsicott||FocusSash|Prankster|DazzlingGleam,Tailwind,Encore,SunnyDay|Bold||F|||50|]Pyroar||Pyroarite|Unnerve|HeatWave,HyperVoice,SolarBeam,Protect|Timid||F|||50|]Eelektross||Eelektrossite|Levitate|Protect,GigaDrain,Thunderbolt,Flamethrower|Timid||M|||50|
|showteam|p2|Incineroar||PasshoBerry|Intimidate|Protect,DarkestLariat,FakeOut,PartingShot|Relaxed||F|||50|]Gengar||Gengarite|CursedBody|ShadowBall,PerishSong,Disable,Protect|Modest||F|||50|]Kingambit||BlackGlasses|Defiant|KowtowCleave,SwordsDance,SuckerPunch,Protect|Adamant||F|||50|]Sneasler||WhiteHerb|Unburden|DireClaw,FakeOut,CloseCombat,Protect|Adamant||F|||50|]Kommo-o||Leftovers|Soundproof|ClangingScales,AuraSphere,ClangorousSoul,Protect|Modest||M|||50|]Delphox||Delphoxite|Blaze|HeatWave,Psyshock,Substitute,Protect|Timid||F|||50|
|inactive|Battle timer is ON: inactive players will automatically lose when time's up. (requested by magicalarcher57)
|
|t:|1782571231
|teamsize|p1|4
|teamsize|p2|4
|start
|switch|p1a: Meowscarada|Meowscarada, L50, M|100/100
|switch|p1b: Maushold|Maushold-Four, L50|100/100
|switch|p2a: Gengar|Gengar, L50, F|100/100
|switch|p2b: Incineroar|Incineroar, L50, F|100/100
|-ability|p2b: Incineroar|Intimidate|boost
|-unboost|p1a: Meowscarada|atk|1
|-unboost|p1b: Maushold|atk|1
|turn|1
|inactive|magicalarcher57 has 30 seconds left.
|
|t:|1782571259
|detailschange|p2a: Gengar|Gengar-Mega, L50, F
|-mega|p2a: Gengar|Gengar|Gengarite
|move|p1a: Meowscarada|Low Kick|p2b: Incineroar
|-start|p1a: Meowscarada|typechange|Fighting|[from] ability: Protean
|-supereffective|p2b: Incineroar|1
|-damage|p2b: Incineroar|53/100
|-damage|p1a: Meowscarada|90/100|[from] item: Life Orb
|move|p1b: Maushold|Population Bomb|p2b: Incineroar
|-damage|p2b: Incineroar|48/100
|-damage|p2b: Incineroar|41/100
|-damage|p2b: Incineroar|35/100
|-damage|p2b: Incineroar|29/100
|-damage|p2b: Incineroar|23/100
|-damage|p2b: Incineroar|17/100
|-damage|p2b: Incineroar|11/100
|-damage|p2b: Incineroar|5/100
|-damage|p2b: Incineroar|0 fnt
|faint|p2b: Incineroar
|-hitcount|p2: Incineroar|9
|move|p2a: Gengar|Perish Song|p2a: Gengar
|-start|p1a: Meowscarada|perish3|[silent]
|-start|p1b: Maushold|perish3|[silent]
|-start|p2a: Gengar|perish3|[silent]
|-fieldactivate|move: Perish Song
|
|-start|p1a: Meowscarada|perish3
|-start|p1b: Maushold|perish3
|-start|p2a: Gengar|perish3
|upkeep
|
|t:|1782571270
|switch|p2b: Sneasler|Sneasler, L50, F|100/100
|turn|2
|
|t:|1782571290
|move|p1a: Meowscarada|Protect|p1a: Meowscarada
|-singleturn|p1a: Meowscarada|Protect
|move|p2b: Sneasler|Fake Out|p1b: Maushold
|-damage|p1b: Maushold|76/100
|cant|p1b: Maushold|flinch
|move|p2a: Gengar|Disable|p1a: Meowscarada
|-activate|p1a: Meowscarada|move: Protect
|
|-start|p1a: Meowscarada|perish2
|-start|p1b: Maushold|perish2
|-start|p2a: Gengar|perish2
|upkeep
|turn|3
|
|t:|1782571300
|move|p2b: Sneasler|Protect|p2b: Sneasler
|-singleturn|p2b: Sneasler|Protect
|move|p2a: Gengar|Protect|p2a: Gengar
|-singleturn|p2a: Gengar|Protect
|move|p1a: Meowscarada|Triple Axel|p2a: Gengar
|-activate|p2a: Gengar|move: Protect
|move|p1b: Maushold|Population Bomb|p2b: Sneasler
|-activate|p2b: Sneasler|move: Protect
|
|-start|p1a: Meowscarada|perish1
|-start|p1b: Maushold|perish1
|-start|p2a: Gengar|perish1
|upkeep
|turn|4
|
|t:|1782571308
|switch|p2a: Kingambit|Kingambit, L50, F|100/100
|move|p1a: Meowscarada|Flower Trick|p2a: Kingambit
|-resisted|p2a: Kingambit|1
|-crit|p2a: Kingambit
|-damage|p2a: Kingambit|85/100
|-damage|p1a: Meowscarada|80/100|[from] item: Life Orb
|move|p1b: Maushold|Population Bomb|p2b: Sneasler
|-damage|p2b: Sneasler|87/100
|-damage|p2b: Sneasler|75/100
|-damage|p2b: Sneasler|61/100
|-damage|p2b: Sneasler|48/100
|-damage|p2b: Sneasler|36/100
|-damage|p2b: Sneasler|23/100
|-damage|p2b: Sneasler|10/100
|-damage|p2b: Sneasler|0 fnt
|faint|p2b: Sneasler
|-hitcount|p2: Sneasler|8
|
|-start|p1a: Meowscarada|perish0
|-start|p1b: Maushold|perish0
|upkeep
|faint|p1a: Meowscarada
|faint|p1b: Maushold
|inactive|magicalarcher57 has 30 seconds left.
|inactive|magicalarcher57 has 20 seconds left.
|inactive|magicalarcher57 has 15 seconds left.
|
|t:|1782571353
|switch|p1a: Whimsicott|Whimsicott, L50, F|100/100
|switch|p1b: Pyroar|Pyroar, L50, F|100/100
|switch|p2b: Gengar|Gengar-Mega, L50, F|100/100
|-ability|p1b: Pyroar|Unnerve
|turn|5
|
|t:|1782571362
|detailschange|p1b: Pyroar|Pyroar-Mega, L50, F
|-mega|p1b: Pyroar|Pyroar|Pyroarite
|move|p1b: Pyroar|Protect|p1b: Pyroar
|-singleturn|p1b: Pyroar|Protect
|move|p1a: Whimsicott|Sunny Day|p1a: Whimsicott
|-weather|SunnyDay
|move|p2b: Gengar|Perish Song|p2b: Gengar
|-start|p1a: Whimsicott|perish3|[silent]
|-start|p1b: Pyroar|perish3|[silent]
|-start|p2a: Kingambit|perish3|[silent]
|-start|p2b: Gengar|perish3|[silent]
|-fieldactivate|move: Perish Song
|move|p2a: Kingambit|Swords Dance|p2a: Kingambit
|-boost|p2a: Kingambit|atk|2
|
|-weather|SunnyDay|[upkeep]
|-start|p1b: Pyroar|perish3
|-start|p2b: Gengar|perish3
|-start|p1a: Whimsicott|perish3
|-start|p2a: Kingambit|perish3
|upkeep
|turn|6
|
|t:|1782571374
|move|p1a: Whimsicott|Tailwind|p1a: Whimsicott
|-sidestart|p1: TQK020908|move: Tailwind
|move|p2a: Kingambit|Sucker Punch|p1b: Pyroar
|-damage|p1b: Pyroar|0 fnt
|faint|p1b: Pyroar
|move|p2b: Gengar|Disable|p1a: Whimsicott
|-start|p1a: Whimsicott|Disable|Tailwind
|
|-weather|SunnyDay|[upkeep]
|-start|p1a: Whimsicott|perish2
|-start|p2b: Gengar|perish2
|-start|p2a: Kingambit|perish2
|upkeep
|turn|7
|-message|TQK020908 forfeited.
|
|win|magicalarcher57
