|j|☆bdogplatinum
|j|☆salmoncashew
|html|bdogplatinumsalmoncashew    
|uhtml|bestof|Game 2 of a best-of-3
|t:|1783724851
|gametype|doubles
|player|p1|bdogplatinum|lucas|1175
|player|p2|salmoncashew|caitlin|1179
|gen|9
|tier|[Gen 9 Champions] VGC 2026 Reg M-B (Bo3)
|rated|
|rule|Species Clause: Limit one of each Pokémon
|rule|Item Clause: Limit 1 of each item
|clearpoke
|poke|p1|Blaziken, L50, F|
|poke|p1|Kingambit, L50, F|
|poke|p1|Whimsicott, L50, F|
|poke|p1|Farigiraf, L50, F|
|poke|p1|Blastoise, L50, M|
|poke|p1|Clefable, L50, F|
|poke|p2|Whimsicott, L50, F|
|poke|p2|Sneasler, L50, M|
|poke|p2|Basculegion, L50, M|
|poke|p2|Incineroar, L50, M, shiny|
|poke|p2|Pyroar, L50, F, shiny|
|poke|p2|Garchomp, L50, M|
|teampreview|4
|showteam|p1|Blaziken||Blazikenite|SpeedBoost|Protect,SwordsDance,FlareBlitz,CloseCombat|Adamant||F|||50|]Kingambit||FocusSash|Defiant|SuckerPunch,KowtowCleave,IronHead,Protect|Adamant||F|||50|]Whimsicott||LifeOrb|Prankster|Protect,Tailwind,GrassKnot,Moonblast|Timid||F|||50|]Farigiraf||ColburBerry|ArmorTail|TrickRoom,RainDance,Psyshock,Thunderbolt|Modest||F|||50|]Blastoise||Blastoisinite|Torrent|FakeOut,WaterSpout,AuraSphere,DarkPulse|Modest||M|||50|]Clefable||SitrusBerry|Unaware|Protect,FollowMe,LifeDew,Moonblast|Calm||F|||50|
|showteam|p2|Whimsicott||FocusSash|Prankster|Protect,Tailwind,SunnyDay,Moonblast|Timid||F|||50|]Sneasler||WhiteHerb|Unburden|Protect,CloseCombat,ThroatChop,GunkShot|Adamant||M|||50|]Basculegion||ChoiceScarf|Adaptability|LastRespects,FlipTurn,WaveCrash,AquaJet|Jolly||M|||50|]Incineroar||SitrusBerry|Intimidate|FakeOut,PartingShot,ThroatChop,FlareBlitz|Adamant||M|||50|]Pyroar||Pyroarite|Unnerve|Protect,HeatWave,Overheat,SolarBeam|Timid||F|||50|]Garchomp||LifeOrb|RoughSkin|Earthquake,DragonClaw,StompingTantrum,Protect|Adamant||M|||50|
|inactive|Battle timer is ON: inactive players will automatically lose when time's up. (requested by salmoncashew)
|inactive|salmoncashew has 60 seconds left.
|inactive|salmoncashew has 30 seconds left.
|inactive|salmoncashew has 20 seconds left.
|inactive|salmoncashew has 15 seconds left.
|inactive|salmoncashew has 10 seconds left.
|
|t:|1783724935
|teamsize|p1|4
|teamsize|p2|4
|start
|switch|p1a: Farigiraf|Farigiraf, L50, F|100/100
|switch|p1b: Clefable|Clefable, L50, F|100/100
|switch|p2a: Pyroar|Pyroar, L50, F, shiny|100/100
|switch|p2b: Sneasler|Sneasler, L50, M|100/100
|-ability|p2a: Pyroar|Unnerve
|turn|1
|
|t:|1783724947
|detailschange|p2a: Pyroar|Pyroar-Mega, L50, F, shiny
|-mega|p2a: Pyroar|Pyroar|Pyroarite
|move|p1b: Clefable|Follow Me|p1b: Clefable
|-singleturn|p1b: Clefable|move: Follow Me
|move|p2a: Pyroar|Heat Wave|p1a: Farigiraf|[spread] p1a,p1b
|-damage|p1a: Farigiraf|53/100
|-damage|p1b: Clefable|59/100
|move|p2b: Sneasler|Gunk Shot|p1b: Clefable|[miss]
|-miss|p2b: Sneasler|p1b: Clefable
|move|p1a: Farigiraf|Trick Room|p1a: Farigiraf
|-fieldstart|move: Trick Room|[of] p1a: Farigiraf
|
|upkeep
|turn|2
|
|t:|1783724962
|switch|p2b: Incineroar|Incineroar, L50, M, shiny|100/100
|-ability|p2b: Incineroar|Intimidate|boost
|-unboost|p1a: Farigiraf|atk|1
|-unboost|p1b: Clefable|atk|1
|move|p1b: Clefable|Life Dew|p1b: Clefable|[spread] p1a,p1b
|-heal|p1a: Farigiraf|78/100
|-heal|p1b: Clefable|85/100
|move|p1a: Farigiraf|Rain Dance|p1a: Farigiraf
|-weather|RainDance
|move|p2a: Pyroar|Heat Wave|p1b: Clefable|[spread] p1a
|-miss|p2a: Pyroar|p1b: Clefable
|-damage|p1a: Farigiraf|56/100
|
|-weather|RainDance|[upkeep]
|upkeep
|turn|3
|
|t:|1783724979
|switch|p1b: Blastoise|Blastoise, L50, M|100/100
|move|p1a: Farigiraf|Psyshock|p2a: Pyroar
|-damage|p2a: Pyroar|62/100
|move|p2b: Incineroar|Parting Shot|p1a: Farigiraf
|-unboost|p1a: Farigiraf|atk|1
|-unboost|p1a: Farigiraf|spa|1
|
|t:|1783724992
|switch|p2b: Garchomp|Garchomp, L50, M|100/100|[from] Parting Shot
|move|p2a: Pyroar|Heat Wave|p1b: Blastoise|[spread] p1a,p1b
|-resisted|p1b: Blastoise|1
|-damage|p1a: Farigiraf|35/100
|-damage|p1b: Blastoise|86/100
|
|-weather|RainDance|[upkeep]
|upkeep
|turn|4
|
|t:|1783725013
|detailschange|p1b: Blastoise|Blastoise-Mega, L50, M
|-mega|p1b: Blastoise|Blastoise|Blastoisinite
|move|p2b: Garchomp|Protect|p2b: Garchomp
|-singleturn|p2b: Garchomp|Protect
|move|p2a: Pyroar|Protect|p2a: Pyroar
|-singleturn|p2a: Pyroar|Protect
|move|p1a: Farigiraf|Psyshock|p2b: Garchomp
|-activate|p2b: Garchomp|move: Protect
|move|p1b: Blastoise|Water Spout|p2a: Pyroar|[spread] 
|-activate|p2a: Pyroar|move: Protect
|-activate|p2b: Garchomp|move: Protect
|
|-weather|RainDance|[upkeep]
|upkeep
|turn|5
|
|t:|1783725027
|switch|p1a: Clefable|Clefable, L50, F|85/100
|switch|p2b: Incineroar|Incineroar, L50, M, shiny|100/100
|-ability|p2b: Incineroar|Intimidate|boost
|-unboost|p1a: Clefable|atk|1
|-unboost|p1b: Blastoise|atk|1
|move|p1b: Blastoise|Water Spout|p2b: Incineroar|[spread] p2a,p2b
|-supereffective|p2a: Pyroar|1
|-supereffective|p2b: Incineroar|1
|-damage|p2a: Pyroar|0 fnt
|-damage|p2b: Incineroar|0 fnt
|faint|p2a: Pyroar
|faint|p2b: Incineroar
|
|-weather|RainDance|[upkeep]
|-fieldend|move: Trick Room
|upkeep
|
|t:|1783725039
|switch|p2a: Garchomp|Garchomp, L50, M|100/100
|switch|p2b: Sneasler|Sneasler, L50, M|100/100
|turn|6
|
|t:|1783725062
|move|p2a: Garchomp|Protect|p2a: Garchomp
|-singleturn|p2a: Garchomp|Protect
|move|p2b: Sneasler|Gunk Shot|p1a: Clefable
|-supereffective|p1a: Clefable|1
|-damage|p1a: Clefable|0 fnt
|faint|p1a: Clefable
|move|p1b: Blastoise|Dark Pulse|p2a: Garchomp
|-activate|p2a: Garchomp|move: Protect
|
|-weather|none
|upkeep
|
|t:|1783725073
|switch|p1a: Kingambit|Kingambit, L50, F|100/100
|turn|7
|inactive|salmoncashew has 30 seconds left.
|inactive|salmoncashew has 20 seconds left.
|
|t:|1783725112
|move|p2b: Sneasler|Close Combat|p1a: Kingambit
|-supereffective|p1a: Kingambit|2
|-enditem|p1a: Kingambit|Focus Sash
|-damage|p1a: Kingambit|1/100
|-unboost|p2b: Sneasler|def|1
|-unboost|p2b: Sneasler|spd|1
|-enditem|p2b: Sneasler|White Herb
|-clearnegativeboost|p2b: Sneasler|[silent]
|move|p2a: Garchomp|Stomping Tantrum|p1a: Kingambit
|-supereffective|p1a: Kingambit|1
|-damage|p1a: Kingambit|0 fnt
|faint|p1a: Kingambit
|-damage|p2a: Garchomp|90/100|[from] item: Life Orb
|move|p1b: Blastoise|Dark Pulse|p2a: Garchomp
|-damage|p2a: Garchomp|40/100
|
|upkeep
|
|t:|1783725121
|switch|p1a: Farigiraf|Farigiraf, L50, F|35/100
|turn|8
|
|t:|1783725135
|move|p2b: Sneasler|Close Combat|p1b: Blastoise
|-damage|p1b: Blastoise|32/100
|-unboost|p2b: Sneasler|def|1
|-unboost|p2b: Sneasler|spd|1
|move|p2a: Garchomp|Earthquake|p1a: Farigiraf|[spread] p2b,p1a,p1b
|-supereffective|p2b: Sneasler|1
|-damage|p2b: Sneasler|0 fnt
|-damage|p1a: Farigiraf|0 fnt
|-damage|p1b: Blastoise|0 fnt
|faint|p2b: Sneasler
|faint|p1a: Farigiraf
|faint|p1b: Blastoise
|-damage|p2a: Garchomp|30/100|[from] item: Life Orb
|
|win|salmoncashew
|raw|bdogplatinum's rating: 1175 → 1150(-25 for losing)
|raw|salmoncashew's rating: 1179 → 1204(+25 for winning)
|l|☆bdogplatinum
|player|p1|
