|j|☆ismelllikesocksbro
|j|☆Thinking Charizard
|html|ismelllikesocksbroThinking Charizard    
|uhtml|bestof|Game 2 of a best-of-3
|t:|1786150804
|gametype|doubles
|player|p1|ismelllikesocksbro|hiker-gen4|1138
|player|p2|Thinking Charizard|colress|1226
|gen|9
|tier|[Gen 9 Champions] VGC 2026 Reg M-B (Bo3)
|rated|
|rule|Species Clause: Limit one of each Pokémon
|rule|Item Clause: Limit 1 of each item
|clearpoke
|poke|p1|Tyranitar, L50, F, shiny|
|poke|p1|Mawile, L50, M|
|poke|p1|Sinistcha, L50|
|poke|p1|Hydreigon, L50, F|
|poke|p1|Sneasler, L50, M|
|poke|p1|Houndstone, L50, M|
|poke|p2|Tyranitar, L50, M|
|poke|p2|Ninetales-Alola, L50, M|
|poke|p2|Sinistcha, L50|
|poke|p2|Corviknight, L50, F|
|poke|p2|Sneasler, L50, F|
|poke|p2|Whimsicott, L50, M|
|teampreview|4
|showteam|p1|Tyranitar||Tyranitarite|SandStream|RockSlide,Crunch,HighHorsepower,Protect|Adamant||F|||50|]Mawile||Mawilite|Intimidate|IronHead,SuckerPunch,PlayRough,Protect|Brave||M|||50|]Sinistcha||MiracleSeed|Hospitality|MatchaGotcha,RagePowder,Protect,TrickRoom|Bold|||||50|]Hydreigon||ChoiceScarf|Levitate|DracoMeteor,DarkPulse,EarthPower,Snarl|Modest||F|||50|]Sneasler||FocusSash|Unburden|FakeOut,DireClaw,CloseCombat,Coaching|Adamant||M|||50|]Houndstone||SitrusBerry|SandRush|LastRespects,WillOWisp,BodyPress,Protect|Adamant||M|||50|
|showteam|p2|Tyranitar||Tyranitarite|SandStream|RockSlide,KnockOff,HighHorsepower,Protect|Adamant||M|||50|]Ninetales-Alola||NeverMeltIce|SnowWarning|Blizzard,FreezeDry,Moonblast,Protect|Timid||M|||50|]Sinistcha||ColburBerry|Hospitality|RagePowder,MatchaGotcha,TrickRoom,LifeDew|Calm|||||50|]Corviknight||Leftovers|MirrorArmor|IronHead,BraveBird,BulkUp,Protect|Adamant||F|||50|]Sneasler||WhiteHerb|Unburden|FakeOut,CloseCombat,DireClaw,Coaching|Adamant||F|||50|]Whimsicott||FocusSash|Prankster|Tailwind,Moonblast,Encore,Protect|Timid||M|||50|
|inactive|Battle timer is ON: inactive players will automatically lose when time's up. (requested by ismelllikesocksbro)
|inactive|Thinking Charizard has 60 seconds left.
|inactive|Thinking Charizard has 30 seconds left.
|
|t:|1786150872
|teamsize|p1|4
|teamsize|p2|4
|start
|switch|p1a: Tyranitar|Tyranitar, L50, F, shiny|100/100
|switch|p1b: Houndstone|Houndstone, L50, M|100/100
|switch|p2a: Ninetales|Ninetales-Alola, L50, M|100/100
|switch|p2b: Whimsicott|Whimsicott, L50, M|100/100
|-weather|Snowscape|[from] ability: Snow Warning|[of] p2a: Ninetales
|-weather|Sandstorm|[from] ability: Sand Stream|[of] p1a: Tyranitar
|turn|1
|inactive|ismelllikesocksbro has 30 seconds left.
|
|t:|1786150898
|switch|p1b: Phonk monster|Sneasler, L50, M|100/100
|move|p2b: Whimsicott|Tailwind|p2b: Whimsicott
|-sidestart|p2: Thinking Charizard|move: Tailwind
|move|p2a: Ninetales|Moonblast|p1b: Phonk monster
|-damage|p1b: Phonk monster|49/100
|move|p1a: Tyranitar|Rock Slide|p2a: Ninetales|[spread] p2a,p2b
|-supereffective|p2a: Ninetales|1
|-damage|p2a: Ninetales|19/100
|-damage|p2b: Whimsicott|62/100
|
|-weather|Sandstorm|[upkeep]
|-damage|p2b: Whimsicott|56/100|[from] Sandstorm
|-damage|p2a: Ninetales|13/100|[from] Sandstorm
|-damage|p1b: Phonk monster|43/100|[from] Sandstorm
|upkeep
|turn|2
|
|t:|1786150911
|move|p2b: Whimsicott|Protect|p2b: Whimsicott
|-singleturn|p2b: Whimsicott|Protect
|move|p2a: Ninetales|Protect|p2a: Ninetales
|-singleturn|p2a: Ninetales|Protect
|move|p1b: Phonk monster|Coaching|p1a: Tyranitar
|-boost|p1a: Tyranitar|atk|1
|-boost|p1a: Tyranitar|def|1
|move|p1a: Tyranitar|Rock Slide|p2a: Ninetales|[spread] 
|-activate|p2a: Ninetales|move: Protect
|-activate|p2b: Whimsicott|move: Protect
|
|-weather|Sandstorm|[upkeep]
|-damage|p2b: Whimsicott|50/100g|[from] Sandstorm
|-damage|p2a: Ninetales|7/100|[from] Sandstorm
|-damage|p1b: Phonk monster|38/100|[from] Sandstorm
|upkeep
|turn|3
|
|t:|1786150926
|switch|p1b: Houndstone|Houndstone, L50, M|100/100
|move|p2b: Whimsicott|Moonblast|p1a: Tyranitar
|-supereffective|p1a: Tyranitar|1
|-damage|p1a: Tyranitar|71/100
|move|p2a: Ninetales|Moonblast|p1a: Tyranitar
|-supereffective|p1a: Tyranitar|1
|-damage|p1a: Tyranitar|35/100
|move|p1a: Tyranitar|Rock Slide|p2a: Ninetales|[spread] p2a,p2b
|-supereffective|p2a: Ninetales|1
|-damage|p2a: Ninetales|0 fnt
|-damage|p2b: Whimsicott|0 fnt
|faint|p2a: Ninetales
|faint|p2b: Whimsicott
|
|-weather|Sandstorm|[upkeep]
|upkeep
|
|t:|1786150937
|switch|p2b: Sneasler|Sneasler, L50, F|100/100
|switch|p2a: Tyranitar|Tyranitar, L50, M|100/100
|turn|4
|
|t:|1786150952
|detailschange|p2a: Tyranitar|Tyranitar-Mega, L50, M
|-mega|p2a: Tyranitar|Tyranitar|Tyranitarite
|move|p1a: Tyranitar|Protect|p1a: Tyranitar
|-singleturn|p1a: Tyranitar|Protect
|move|p2b: Sneasler|Close Combat|p1a: Tyranitar
|-activate|p1a: Tyranitar|move: Protect
|move|p1b: Houndstone|Will-O-Wisp|p2b: Sneasler
|-status|p2b: Sneasler|brn
|move|p2a: Tyranitar|Knock Off|p1b: Houndstone
|-supereffective|p1b: Houndstone|1
|-damage|p1b: Houndstone|0 fnt
|-enditem|p1b: Houndstone|Sitrus Berry|[from] move: Knock Off|[of] p2a: Tyranitar
|faint|p1b: Houndstone
|
|-weather|Sandstorm|[upkeep]
|-damage|p2b: Sneasler|94/100 brn|[from] Sandstorm
|-damage|p2b: Sneasler|88/100 brn|[from] brn
|-sideend|p2: Thinking Charizard|move: Tailwind
|upkeep
|
|t:|1786150966
|switch|p1b: Sinistcha|Sinistcha, L50|100/100
|-heal|p1a: Tyranitar|59/100|[from] ability: Hospitality|[of] p1b: Sinistcha
|turn|5
|
|t:|1786150981
|detailschange|p1a: Tyranitar|Tyranitar-Mega, L50, F, shiny
|-mega|p1a: Tyranitar|Tyranitar|Tyranitarite
|move|p1b: Sinistcha|Rage Powder|p1b: Sinistcha
|-singleturn|p1b: Sinistcha|move: Rage Powder
|move|p2b: Sneasler|Coaching|p2a: Tyranitar
|-boost|p2a: Tyranitar|atk|1
|-boost|p2a: Tyranitar|def|1
|move|p2a: Tyranitar|Knock Off|p1b: Sinistcha
|-supereffective|p1b: Sinistcha|1
|-damage|p1b: Sinistcha|0 fnt
|-enditem|p1b: Sinistcha|Miracle Seed|[from] move: Knock Off|[of] p2a: Tyranitar
|faint|p1b: Sinistcha
|move|p1a: Tyranitar|High Horsepower|p2b: Sneasler
|-supereffective|p2b: Sneasler|1
|-damage|p2b: Sneasler|0 fnt
|faint|p2b: Sneasler
|
|-weather|none
|upkeep
|
|t:|1786150989
|switch|p1b: Phonk monster|Sneasler, L50, M|38/100
|turn|6
|
|t:|1786151000
|move|p2a: Tyranitar|Protect|p2a: Tyranitar
|-singleturn|p2a: Tyranitar|Protect
|move|p1b: Phonk monster|Fake Out|p2a: Tyranitar
|-activate|p2a: Tyranitar|move: Protect
|move|p1a: Tyranitar|High Horsepower|p2a: Tyranitar
|-activate|p2a: Tyranitar|move: Protect
|
|upkeep
|turn|7
|
|t:|1786151009
|move|p1b: Phonk monster|Close Combat|p2a: Tyranitar
|-supereffective|p2a: Tyranitar|2
|-damage|p2a: Tyranitar|0 fnt
|-unboost|p1b: Phonk monster|def|1
|-unboost|p1b: Phonk monster|spd|1
|faint|p2a: Tyranitar
|
|win|ismelllikesocksbro
|c|☆Thinking Charizard|gg
||Thinking Charizard is ready for game 3.
|c|☆ismelllikesocksbro|Gg g2
||ismelllikesocksbro is ready for game 3.
|uhtml|next|Next: Game 3 of 3
|l|☆ismelllikesocksbro
|player|p1|
