|j|☆Lab01JNEST
|j|☆coalossal_idiot
|html|Lab01JNESTcoalossal_idiot    
|uhtml|bestof|Game 3 of a best-of-3
|t:|1757723996
|gametype|doubles
|player|p1|Lab01JNEST|266|1207
|player|p2|coalossal_idiot|birdkeeper|1307
|gen|9
|tier|[Gen 9] VGC 2025 Reg H (Bo3)
|rated|
|rule|Species Clause: Limit one of each Pokémon
|rule|Item Clause: Limit 1 of each item
|clearpoke
|poke|p1|Weezing, L50, F|
|poke|p1|Incineroar, L50, F|
|poke|p1|Garchomp, L50, M|
|poke|p1|Porygon2, L50|
|poke|p1|Annihilape, L50, M|
|poke|p1|Ursaluna, L50, M|
|poke|p2|Arcanine-Hisui, L50, M|
|poke|p2|Weezing, L50, F|
|poke|p2|Porygon2, L50|
|poke|p2|Weavile, L50, M|
|poke|p2|Pawmot, L50, F|
|poke|p2|Toedscruel, L50, M|
|teampreview|4
|showteam|p1|Weezing||Leftovers|NeutralizingGas|Protect,Taunt,WillOWisp,SludgeBomb|||F|||50|,,,,,Ghost]Incineroar||AbilityShield|Intimidate|FakeOut,FlareBlitz,Snarl,KnockOff|||F|||50|,,,,,Ghost]Garchomp||AssaultVest|RoughSkin|PoisonJab,ScaleShot,DragonClaw,Earthquake|||M|||50|,,,,,Fire]Porygon2||Eviolite|Download|Recover,TrickRoom,ShadowBall,TeraBlast||||||50|,,,,,Fighting]Annihilape||ChoiceScarf|VitalSpirit|Coaching,FinalGambit,CloseCombat,ShadowClaw|||M|||50|,,,,,Grass]Ursaluna||FlameOrb|Guts|Protect,Substitute,Facade,HeadlongRush|||M|||50|,,,,,Ghost
|showteam|p2|Arcanine-Hisui||AbilityShield|Intimidate|FlareBlitz,RockSlide,ExtremeSpeed,Protect|||M|||50|,,,,,Ghost]Weezing||SitrusBerry|NeutralizingGas|SludgeBomb,WillOWisp,Taunt,Protect|||F|||50|,,,,,Grass]Porygon2||Eviolite|Download|TeraBlast,IceBeam,Recover,TrickRoom||||||50|,,,,,Water]Weavile||WideLens|Pressure|KnockOff,TripleAxel,FakeOut,Protect|||M|||50|,,,,,Stellar]Pawmot||FocusSash|NaturalCure|DoubleShock,CloseCombat,RevivalBlessing,Protect|||F|||50|,,,,,Stellar]Toedscruel||LifeOrb|MyceliumMight|EarthPower,EnergyBall,Spore,RagePowder|||M|||50|,,,,,Water
|inactive|Battle timer is ON: inactive players will automatically lose when time's up. (requested by Lab01JNEST)
|inactive|Lab01JNEST has 60 seconds left.
|inactive|Lab01JNEST has 30 seconds left.
|
|t:|1757724063
|teamsize|p1|4
|teamsize|p2|4
|start
|switch|p1a: Garchomp|Garchomp, L50, M|100/100
|switch|p1b: Weezing|Weezing, L50, F|100/100
|switch|p2a: Speedwalker|Weavile, L50, M|100/100
|switch|p2b: gbombsz|Toedscruel, L50, M|100/100
|-ability|p1b: Weezing|Neutralizing Gas
|turn|1
|inactive|coalossal_idiot has 30 seconds left.
|inactive|coalossal_idiot has 20 seconds left.
|
|t:|1757724100
|switch|p1a: Annihilape|Annihilape, L50, M|100/100
|-terastallize|p1b: Weezing|Ghost
|move|p2a: Speedwalker|Triple Axel|p1a: Annihilape
|-damage|p1a: Annihilape|90/100
|-damage|p1a: Annihilape|70/100
|-damage|p1a: Annihilape|38/100
|-hitcount|p1a: Annihilape|3
|move|p2b: gbombsz|Earth Power|p1a: Annihilape
|-damage|p1a: Annihilape|0 fnt
|faint|p1a: Annihilape
|-damage|p2b: gbombsz|91/100|[from] item: Life Orb
|move|p1b: Weezing|Taunt|p2b: gbombsz
|-start|p2b: gbombsz|move: Taunt
|
|upkeep
|
|t:|1757724115
|switch|p1a: Incineroar|Incineroar, L50, F|100/100
|-ability|p1a: Incineroar|Intimidate|boost
|-unboost|p2a: Speedwalker|atk|1
|-unboost|p2b: gbombsz|atk|1
|turn|2
|inactive|coalossal_idiot has 30 seconds left.
|
|t:|1757724142
|switch|p2a: Back Pocket|Pawmot, L50, F|100/100
|move|p1a: Incineroar|Fake Out|p2b: gbombsz
|-damage|p2b: gbombsz|71/100
|cant|p2b: gbombsz|flinch
|move|p1b: Weezing|Will-O-Wisp|p2a: Back Pocket|[miss]
|-miss|p1b: Weezing|p2a: Back Pocket
|
|upkeep
|turn|3
|
|t:|1757724163
|move|p2a: Back Pocket|Close Combat|p1a: Incineroar
|-supereffective|p1a: Incineroar
|-damage|p1a: Incineroar|0 fnt
|-unboost|p2a: Back Pocket|def|1
|-unboost|p2a: Back Pocket|spd|1
|faint|p1a: Incineroar
|move|p2b: gbombsz|Earth Power|p1b: Weezing
|-damage|p1b: Weezing|53/100
|-damage|p2b: gbombsz|61/100|[from] item: Life Orb
|move|p1b: Weezing|Taunt|p2a: Back Pocket
|-start|p2a: Back Pocket|move: Taunt
|
|-heal|p1b: Weezing|59/100|[from] item: Leftovers
|upkeep
|
|t:|1757724166
|switch|p1a: Garchomp|Garchomp, L50, M|100/100
|turn|4
|inactive|coalossal_idiot has 30 seconds left.
|
|t:|1757724197
|move|p2a: Back Pocket|Close Combat|p1a: Garchomp
|-damage|p1a: Garchomp|43/100
|-unboost|p2a: Back Pocket|def|1
|-unboost|p2a: Back Pocket|spd|1
|move|p1a: Garchomp|Scale Shot|p2a: Back Pocket
|-damage|p2a: Back Pocket|57/100
|-damage|p2a: Back Pocket|16/100
|-hitcount|p2a: Back Pocket|2
|-unboost|p1a: Garchomp|def|1
|-boost|p1a: Garchomp|spe|1
|move|p2b: gbombsz|Earth Power|p1a: Garchomp
|-damage|p1a: Garchomp|13/100
|-damage|p2b: gbombsz|52/100|[from] item: Life Orb
|move|p1b: Weezing|Sludge Bomb|p2b: gbombsz
|-damage|p2b: gbombsz|25/100
|
|-heal|p1b: Weezing|64/100|[from] item: Leftovers
|-end|p2b: gbombsz|move: Taunt
|upkeep
|turn|5
|inactive|coalossal_idiot has 30 seconds left.
|
|t:|1757724231
|move|p1b: Weezing|Protect|p1b: Weezing
|-singleturn|p1b: Weezing|Protect
|move|p1a: Garchomp|Earthquake|p2a: Back Pocket|[spread] p2a,p2b
|-activate|p1b: Weezing|move: Protect
|-supereffective|p2a: Back Pocket
|-resisted|p2b: gbombsz
|-damage|p2a: Back Pocket|0 fnt
|-damage|p2b: gbombsz|0 fnt
|faint|p2a: Back Pocket
|faint|p2b: gbombsz
|
|-heal|p1b: Weezing|70/100|[from] item: Leftovers
|upkeep
|
|t:|1757724234
|switch|p2a: Speedwalker|Weavile, L50, M|100/100
|switch|p2b: Funky Duck|Porygon2, L50|100/100
|turn|6
|inactive|Lab01JNEST has 30 seconds left.
|
|t:|1757724263
|-terastallize|p2a: Speedwalker|Stellar
|move|p2a: Speedwalker|Fake Out|p1a: Garchomp
|-damage|p1a: Garchomp|0 fnt
|faint|p1a: Garchomp
|move|p1b: Weezing|Taunt|p2b: Funky Duck
|-start|p2b: Funky Duck|move: Taunt
|move|p2b: Funky Duck|Ice Beam|p1b: Weezing
|-damage|p1b: Weezing|45/100
|
|-heal|p1b: Weezing|50/100|[from] item: Leftovers
|upkeep
|turn|7
|-message|Lab01JNEST forfeited.
|
|win|coalossal_idiot
|raw|Lab01JNEST's rating: 1207 → 1189(-18 for losing)
|raw|coalossal_idiot's rating: 1307 → 1321(+14 for winning)
|l|☆Lab01JNEST
|player|p1|
