|j|☆theboyparris
|j|☆testdigi
|html|theboyparristestdigi    
|uhtml|bestof|Game 2 of a best-of-3
|t:|1785340639
|gametype|doubles
|player|p1|theboyparris|265|1074
|player|p2|testdigi|169|1143
|gen|9
|tier|[Gen 9 Champions] VGC 2026 Reg M-B (Bo3)
|rated|
|rule|Species Clause: Limit one of each Pokémon
|rule|Item Clause: Limit 1 of each item
|clearpoke
|poke|p1|Metagross, L50|
|poke|p1|Ceruledge, L50, M|
|poke|p1|Kommo-o, L50, M|
|poke|p1|Milotic, L50, M|
|poke|p1|Serperior, L50, F|
|poke|p1|Weavile, L50, M|
|poke|p2|Tyranitar, L50, F|
|poke|p2|Excadrill, L50, F|
|poke|p2|Gholdengo, L50, shiny|
|poke|p2|Milotic, L50, F, shiny|
|poke|p2|Sinistcha, L50|
|poke|p2|Staraptor, L50, F|
|teampreview|4
|showteam|p1|Metagross||Metagrossite|ClearBody|HardPress,PsychicFangs,BodyPress,Protect|Jolly|||||50|]Ceruledge||LifeOrb|FlashFire|BitterBlade,ShadowSneak,BulkUp,Protect|Adamant||M|||50|]Kommo-o||DragonFang|Bulletproof|ClangingScales,Flamethrower,ClangorousSoul,Protect|Timid||M|||50|]Milotic||ZoomLens|Competitive|MuddyWater,Hypnosis,LifeDew,Coil|Sassy||M|||50|]Serperior||WideLens|Contrary|LeafStorm,LightScreen,Reflect,Glare|Timid||F|||50|]Weavile||FocusSash|Pickpocket|KnockOff,IceSpinner,LowKick,FakeOut|Jolly||M|||50|
|showteam|p2|Tyranitar||Tyranitarite|SandStream|RockSlide,KnockOff,LowKick,Protect|Jolly||F|||50|]Excadrill||FocusSash|SandRush|HighHorsepower,IronHead,RockSlide,Protect|Adamant||F|||50|]Gholdengo||LifeOrb|GoodasGold|ShadowBall,MakeItRain,NastyPlot,Protect|Modest|||||50|]Milotic||Leftovers|Competitive|Scald,Recover,IcyWind,Protect|Calm||F|||50|]Sinistcha||ColburBerry|Hospitality|MatchaGotcha,LifeDew,RagePowder,Protect|Bold|||||50|]Staraptor||Staraptite|Intimidate|CloseCombat,BraveBird,Tailwind,Protect|Jolly||F|||50|
|inactive|Battle timer is ON: inactive players will automatically lose when time's up. (requested by theboyparris)
|inactive|testdigi has 60 seconds left.
|
|t:|1785340693
|teamsize|p1|4
|teamsize|p2|4
|start
|switch|p1a: Serperior|Serperior, L50, F|100/100
|switch|p1b: Metagross|Metagross, L50|100/100
|switch|p2a: Gholdengo|Gholdengo, L50, shiny|100/100
|switch|p2b: Excadrill|Excadrill, L50, F|100/100
|turn|1
|inactive|testdigi has 30 seconds left.
|inactive|theboyparris has 30 seconds left.
|
|t:|1785340727
|detailschange|p1b: Metagross|Metagross-Mega, L50
|-mega|p1b: Metagross|Metagross|Metagrossite
|move|p2b: Excadrill|Protect|p2b: Excadrill
|-singleturn|p2b: Excadrill|Protect
|move|p1a: Serperior|Light Screen|p1a: Serperior
|-sidestart|p1: theboyparris|move: Light Screen
|move|p1b: Metagross|Hard Press|p2a: Gholdengo
|-resisted|p2a: Gholdengo|1
|-damage|p2a: Gholdengo|62/100
|move|p2a: Gholdengo|Shadow Ball|p1a: Serperior
|-damage|p1a: Serperior|61/100
|-damage|p2a: Gholdengo|52/100|[from] item: Life Orb
|
|upkeep
|turn|2
|inactive|testdigi has 30 seconds left.
|
|t:|1785340754
|switch|p2a: Tyranitar|Tyranitar, L50, F|100/100
|-weather|Sandstorm|[from] ability: Sand Stream|[of] p2a: Tyranitar
|move|p2b: Excadrill|High Horsepower|p1b: Metagross
|-supereffective|p1b: Metagross|1
|-damage|p1b: Metagross|19/100
|move|p1a: Serperior|Reflect|p1a: Serperior
|-sidestart|p1: theboyparris|Reflect
|move|p1b: Metagross|Body Press|p2a: Tyranitar
|-supereffective|p2a: Tyranitar|2
|-damage|p2a: Tyranitar|0 fnt
|faint|p2a: Tyranitar
|
|-weather|Sandstorm|[upkeep]
|-damage|p1a: Serperior|55/100|[from] Sandstorm
|upkeep
|
|t:|1785340764
|switch|p2a: Staraptor|Staraptor, L50, F|100/100
|-ability|p2a: Staraptor|Intimidate|boost
|-boost|p1a: Serperior|atk|1
|-unboost|p1b: Metagross|atk|1
|turn|3
|
|t:|1785340788
|detailschange|p2a: Staraptor|Staraptor-Mega, L50, F
|-mega|p2a: Staraptor|Staraptor|Staraptite
|move|p2b: Excadrill|Iron Head|p1a: Serperior
|-crit|p1a: Serperior
|-damage|p1a: Serperior|0 fnt
|faint|p1a: Serperior
|move|p2a: Staraptor|Close Combat|p1b: Metagross
|-damage|p1b: Metagross|0 fnt
|-boost|p2a: Staraptor|def|1
|-boost|p2a: Staraptor|spd|1
|faint|p1b: Metagross
|
|-weather|Sandstorm|[upkeep]
|-damage|p2a: Staraptor|93/100|[from] Sandstorm
|upkeep
|
|t:|1785340801
|switch|p1a: Weavile|Weavile, L50, M|100/100
|switch|p1b: Milotic|Milotic, L50, M|100/100
|turn|4
|
|t:|1785340824
|move|p1a: Weavile|Fake Out|p2a: Staraptor
|-damage|p2a: Staraptor|85/100
|move|p2b: Excadrill|Rock Slide|p1b: Milotic|[spread] p1a,p1b
|-supereffective|p1a: Weavile|1
|-damage|p1a: Weavile|51/100
|-damage|p1b: Milotic|88/100
|cant|p2a: Staraptor|flinch
|move|p1b: Milotic|Coil|p1b: Milotic
|-boost|p1b: Milotic|atk|1
|-boost|p1b: Milotic|def|1
|-boost|p1b: Milotic|accuracy|1
|
|-weather|Sandstorm|[upkeep]
|-damage|p1a: Weavile|44/100|[from] Sandstorm
|-damage|p2a: Staraptor|79/100|[from] Sandstorm
|-damage|p1b: Milotic|82/100|[from] Sandstorm
|upkeep
|turn|5
|
|t:|1785340839
|move|p2b: Excadrill|Rock Slide|p1a: Weavile|[spread] p1a,p1b
|-supereffective|p1a: Weavile|1
|-damage|p1a: Weavile|1/100
|-damage|p1b: Milotic|74/100
|move|p1a: Weavile|Ice Spinner|p2a: Staraptor
|-supereffective|p2a: Staraptor|1
|-damage|p2a: Staraptor|29/100
|move|p2a: Staraptor|Close Combat|p1b: Milotic
|-damage|p1b: Milotic|52/100
|-boost|p2a: Staraptor|def|1
|-boost|p2a: Staraptor|spd|1
|move|p1b: Milotic|Muddy Water|p2b: Excadrill|[spread] p2a,p2b
|-supereffective|p2b: Excadrill|1
|-damage|p2a: Staraptor|16/100
|-damage|p2b: Excadrill|42/100
|
|-weather|Sandstorm|[upkeep]
|-damage|p1a: Weavile|0 fnt|[from] Sandstorm
|-damage|p2a: Staraptor|10/100|[from] Sandstorm
|-damage|p1b: Milotic|46/100|[from] Sandstorm
|faint|p1a: Weavile
|-sideend|p1: theboyparris|move: Light Screen
|upkeep
|turn|6
|
|t:|1785340862
|move|p2b: Excadrill|High Horsepower|p1b: Milotic
|-damage|p1b: Milotic|25/100
|move|p2a: Staraptor|Close Combat|p1b: Milotic
|-damage|p1b: Milotic|6/100
|-boost|p2a: Staraptor|def|1
|-boost|p2a: Staraptor|spd|1
|move|p1b: Milotic|Life Dew|p1b: Milotic
|-heal|p1b: Milotic|31/100
|
|-weather|none
|-sideend|p1: theboyparris|Reflect
|upkeep
|turn|7
|-message|theboyparris forfeited.
|
|win|testdigi
