|j|☆zippy.*983
|j|☆sfot and weet 33
|html|zippy.*983sfot and weet 33    
|uhtml|bestof|Game 1 of a best-of-3
|t:|1784721805
|gametype|doubles
|player|p1|zippy.*983|steven|1000
|player|p2|sfot and weet 33|rocketgruntf|1009
|gen|9
|tier|[Gen 9 Champions] VGC 2026 Reg M-B (Bo3)
|rated|
|rule|Species Clause: Limit one of each Pokémon
|rule|Item Clause: Limit 1 of each item
|clearpoke
|poke|p1|Garchomp, L50, M|
|poke|p1|Typhlosion-Hisui, L50, F|
|poke|p1|Sylveon, L50, F|
|poke|p1|Charizard, L50, F|
|poke|p1|Incineroar, L50, M|
|poke|p1|Aerodactyl, L50, F|
|poke|p2|Serperior, L50, F|
|poke|p2|Torkoal, L50, M|
|poke|p2|Whimsicott, L50, M|
|poke|p2|Flareon, L50, M|
|poke|p2|Vileplume, L50, M|
|poke|p2|Mamoswine, L50, M|
|teampreview|4
|showteam|p1|Garchomp||LifeOrb|RoughSkin|DragonClaw,Earthquake,Protect,StompingTantrum|Jolly||M|||50|]Typhlosion-Hisui||ChoiceScarf|Frisk|Eruption,Overheat,ShadowBall,SolarBeam|Modest||F|||50|]Sylveon||FairyFeather|Pixilate|Detect,HyperVoice,HyperBeam,QuickAttack|Modest||F|||50|]Charizard||CharizarditeY|Blaze|HeatWave,WeatherBall,Protect,SolarBeam|Modest||F|||50|]Incineroar||SitrusBerry|Intimidate|DarkestLariat,FakeOut,FlareBlitz,PartingShot|Impish||M|||50|]Aerodactyl||Aerodactylite|Unnerve|IceFang,RockSlide,Tailwind,WideGuard|Jolly||F|||50|
|showteam|p2|Serperior||LifeOrb|Contrary|LeafStorm,DragonPulse,Protect,SolarBeam|Modest||F|||50|]Torkoal||MentalHerb|Drought|LavaPlume,SolarBeam,Rest,Eruption|Timid||M|||50|]Whimsicott||FocusSash|Prankster|Tailwind,HelpingHand,LeechSeed,Encore|Careful||M|||50|]Flareon||Charcoal|FlashFire|FlareBlitz,Protect,Bite,GigaImpact|Adamant||M|||50|]Vileplume||Leftovers|Chlorophyll|GigaDrain,LeechSeed,SleepPowder,Protect|Timid||M|||50|]Mamoswine||SitrusBerry|Oblivious|AncientPower,IceShard,Superpower,Earthquake|Adamant||M|||50|
|inactive|Battle timer is ON: inactive players will automatically lose when time's up. (requested by zippy.*983)
|inactive|zippy.*983 has 60 seconds left.
|
|t:|1784721837
|teamsize|p1|4
|teamsize|p2|4
|start
|switch|p1a: Typhlosion|Typhlosion-Hisui, L50, F|100/100
|switch|p1b: Incineroar|Incineroar, L50, M|100/100
|switch|p2a: Serperior|Serperior, L50, F|100/100
|switch|p2b: Whimsicott|Whimsicott, L50, M|100/100
|-item|p2a: Serperior|Life Orb|[from] ability: Frisk|[of] p1a: Typhlosion
|-item|p2b: Whimsicott|Focus Sash|[from] ability: Frisk|[of] p1a: Typhlosion
|-ability|p1b: Incineroar|Intimidate|boost
|-boost|p2a: Serperior|atk|1
|-unboost|p2b: Whimsicott|atk|1
|turn|1
|
|t:|1784721860
|move|p2a: Serperior|Protect|p2a: Serperior
|-singleturn|p2a: Serperior|Protect
|move|p1b: Incineroar|Fake Out|p2b: Whimsicott
|-damage|p2b: Whimsicott|87/100
|cant|p2b: Whimsicott|flinch
|move|p1a: Typhlosion|Eruption|p2a: Serperior|[spread] p2b
|-activate|p2a: Serperior|move: Protect
|-supereffective|p2b: Whimsicott|1
|-damage|p2b: Whimsicott|0 fnt
|faint|p2b: Whimsicott
|
|upkeep
|
|t:|1784721874
|switch|p2b: Flareon|Flareon, L50, M|100/100
|turn|2
|
|t:|1784721886
|move|p2b: Flareon|Protect|p2b: Flareon
|-singleturn|p2b: Flareon|Protect
|move|p1a: Typhlosion|Eruption|p2b: Flareon|[spread] p2a
|-activate|p2b: Flareon|move: Protect
|-supereffective|p2a: Serperior|1
|-damage|p2a: Serperior|0 fnt
|faint|p2a: Serperior
|move|p1b: Incineroar|Darkest Lariat|p2b: Flareon
|-activate|p2b: Flareon|move: Protect
|
|upkeep
|
|t:|1784721897
|switch|p2a: Torkoal|Torkoal, L50, M|100/100
|-weather|SunnyDay|[from] ability: Drought|[of] p2a: Torkoal
|turn|3
|
|t:|1784721910
|move|p1a: Typhlosion|Eruption|p2b: Flareon|[spread] p2a
|-start|p2b: Flareon|ability: Flash Fire
|-resisted|p2a: Torkoal|1
|-damage|p2a: Torkoal|44/100
|move|p2b: Flareon|Bite|p1a: Typhlosion
|-supereffective|p1a: Typhlosion|1
|-damage|p1a: Typhlosion|37/100
|move|p1b: Incineroar|Parting Shot|p2a: Torkoal
|-unboost|p2a: Torkoal|atk|1
|-unboost|p2a: Torkoal|spa|1
|
|t:|1784721922
|switch|p1b: Aerodactyl|Aerodactyl, L50, F|100/100|[from] Parting Shot
|-ability|p1b: Aerodactyl|Unnerve
|move|p2a: Torkoal|Lava Plume|p1b: Aerodactyl|[spread] p1a,p1b
|-immune|p2b: Flareon|[from] ability: Flash Fire
|-resisted|p1a: Typhlosion|1
|-resisted|p1b: Aerodactyl|1
|-damage|p1a: Typhlosion|25/100
|-damage|p1b: Aerodactyl|88/100
|-status|p1b: Aerodactyl|brn
|
|-weather|SunnyDay|[upkeep]
|-damage|p1b: Aerodactyl|82/100 brn|[from] brn
|upkeep
|turn|4
|inactive|sfot and weet 33 has 30 seconds left.
|
|t:|1784721957
|switch|p1a: Incineroar|Incineroar, L50, M|100/100
|-ability|p1a: Incineroar|Intimidate|boost
|-unboost|p2a: Torkoal|atk|1
|-unboost|p2b: Flareon|atk|1
|detailschange|p1b: Aerodactyl|Aerodactyl-Mega, L50, F
|-mega|p1b: Aerodactyl|Aerodactyl|Aerodactylite
|move|p2b: Flareon|Protect|p2b: Flareon
|-singleturn|p2b: Flareon|Protect
|move|p1b: Aerodactyl|Rock Slide|p2b: Flareon|[spread] p2a
|-activate|p2b: Flareon|move: Protect
|-supereffective|p2a: Torkoal|1
|-damage|p2a: Torkoal|24/100
|move|p2a: Torkoal|Rest|p2a: Torkoal
|-status|p2a: Torkoal|slp|[from] move: Rest
|-heal|p2a: Torkoal|100/100 slp|[silent]
|
|-weather|SunnyDay|[upkeep]
|-damage|p1b: Aerodactyl|76/100 brn|[from] brn
|upkeep
|turn|5
|inactive|sfot and weet 33 has 30 seconds left.
|
|t:|1784721984
|move|p1b: Aerodactyl|Rock Slide|p2a: Torkoal|[spread] p2a,p2b
|-supereffective|p2a: Torkoal|1
|-supereffective|p2b: Flareon|1
|-damage|p2a: Torkoal|79/100 slp
|-damage|p2b: Flareon|65/100
|cant|p2b: Flareon|flinch
|move|p1a: Incineroar|Darkest Lariat|p2b: Flareon
|-damage|p2b: Flareon|18/100
|cant|p2a: Torkoal|slp
|
|-weather|SunnyDay|[upkeep]
|-damage|p1b: Aerodactyl|70/100 brn|[from] brn
|upkeep
|turn|6
|
|t:|1784722000
|move|p2b: Flareon|Protect|p2b: Flareon
|-singleturn|p2b: Flareon|Protect
|move|p1b: Aerodactyl|Rock Slide|p2b: Flareon|[spread] p2a
|-activate|p2b: Flareon|move: Protect
|-supereffective|p2a: Torkoal|1
|-damage|p2a: Torkoal|60/100 slp
|move|p1a: Incineroar|Darkest Lariat|p2a: Torkoal
|-damage|p2a: Torkoal|35/100 slp
|cant|p2a: Torkoal|slp
|
|-weather|SunnyDay|[upkeep]
|-damage|p1b: Aerodactyl|64/100 brn|[from] brn
|upkeep
|turn|7
|
|t:|1784722021
|move|p1b: Aerodactyl|Rock Slide|p2a: Torkoal|[spread] p2b
|-miss|p1b: Aerodactyl|p2a: Torkoal
|-supereffective|p2b: Flareon|1
|-damage|p2b: Flareon|0 fnt
|faint|p2b: Flareon
|move|p1a: Incineroar|Darkest Lariat|p2a: Torkoal
|-damage|p2a: Torkoal|10/100 slp
|-curestatus|p2a: Torkoal|slp|[msg]
|move|p2a: Torkoal|Solar Beam||[still]
|-prepare|p2a: Torkoal|Solar Beam
|-anim|p2a: Torkoal|Solar Beam|p1b: Aerodactyl
|-damage|p1b: Aerodactyl|46/100 brn
|
|-weather|none
|-damage|p1b: Aerodactyl|40/100 brn|[from] brn
|upkeep
|turn|8
|
|t:|1784722040
|move|p1b: Aerodactyl|Ice Fang|p2a: Torkoal
|-resisted|p2a: Torkoal|1
|-damage|p2a: Torkoal|5/100
|move|p1a: Incineroar|Darkest Lariat|p2a: Torkoal
|-damage|p2a: Torkoal|0 fnt
|faint|p2a: Torkoal
|
|win|zippy.*983
||sfot and weet 33 is ready for game 2.
|inactive|zippy.*983 has 30 seconds to confirm battle start!
|inactive|zippy.*983 has 20 seconds to confirm battle start!
