|j|☆B South
|j|☆BeckVGC
|html|B SouthBeckVGC    
|uhtml|bestof|Game 2 of a best-of-3
|t:|1757693504
|gametype|doubles
|player|p1|B South|169|1045
|player|p2|BeckVGC|roughneck-gen4|1048
|gen|9
|tier|[Gen 9] VGC 2025 Reg H (Bo3)
|rated|
|rule|Species Clause: Limit one of each Pokémon
|rule|Item Clause: Limit 1 of each item
|clearpoke
|poke|p1|Pelipper, L50, F|
|poke|p1|Archaludon, L50, M|
|poke|p1|Basculegion, L50, M|
|poke|p1|Barraskewda, L50, F|
|poke|p1|Maushold, L50|
|poke|p1|Annihilape, L50, M|
|poke|p2|Tyranitar, L50, F|
|poke|p2|Excadrill, L50, M|
|poke|p2|Annihilape, L50, F|
|poke|p2|Amoonguss, L50, F|
|poke|p2|Corviknight, L50, M|
|poke|p2|Basculegion, L50, M|
|teampreview|4
|showteam|p1|Pelipper||ChoiceScarf|Drizzle|Tailwind,WeatherBall,Hurricane,AirSlash|||F|||50|,,,,,Stellar]Archaludon||AssaultVest|Stamina|ElectroShot,BodyPress,DracoMeteor,FlashCannon|||M|||50|,,,,,Bug]Basculegion||MysticWater|SwiftSwim|AquaJet,FlipTurn,WaveCrash,LastRespects|||M|||50|,,,,,Water]Barraskewda||ChoiceBand|SwiftSwim|FlipTurn,Liquidation,CloseCombat,AquaJet|||F|||50|,,,,,Fighting]Maushold||SafetyGoggles|FriendGuard|BeatUp,FollowMe,Taunt,Protect||||||50|,,,,,Ghost]Annihilape||Leftovers|Defiant|BulkUp,RageFist,DrainPunch,Protect|||M|||50|,,,,,Grass
|showteam|p2|Tyranitar||AssaultVest|SandStream|RockSlide,KnockOff,TeraBlast,LowKick|||F|||50|,,,,,Flying]Excadrill||FocusSash|SandRush|HighHorsepower,IronHead,Earthquake,Protect|||M|||50|,,,,,Stellar]Annihilape||SafetyGoggles|Defiant|CloseCombat,RageFist,FinalGambit,Coaching|||F|||50|,,,,,Water]Amoonguss||SitrusBerry|Regenerator|LeafStorm,Spore,RagePowder,Protect|||F|||50|,,,,,Psychic]Corviknight||Leftovers|MirrorArmor|BraveBird,BulkUp,Tailwind,Roost|||M|||50|,,,,,Dragon]Basculegion||ChoiceScarf|Adaptability|WaveCrash,FlipTurn,LastRespects,TeraBlast|||M|||50|,,,,,Fairy
|inactive|Battle timer is ON: inactive players will automatically lose when time's up. (requested by BeckVGC)
|
|t:|1757693534
|teamsize|p1|4
|teamsize|p2|4
|start
|switch|p1a: Maushold|Maushold, L50|100/100
|switch|p1b: Annihilape|Annihilape, L50, M|100/100
|switch|p2a: Basculegion|Basculegion, L50, M|100/100
|switch|p2b: Annihilape|Annihilape, L50, F|100/100
|turn|1
|inactive|B South has 30 seconds left.
|inactive|B South has 20 seconds left.
|inactive|B South has 15 seconds left.
|inactive|B South has 10 seconds left.
|
|t:|1757693581
|move|p1a: Maushold|Protect|p1a: Maushold
|-singleturn|p1a: Maushold|Protect
|move|p2a: Basculegion|Flip Turn|p1a: Maushold
|-activate|p1a: Maushold|move: Protect
|move|p2b: Annihilape|Coaching|p2a: Basculegion
|-boost|p2a: Basculegion|atk|1
|-boost|p2a: Basculegion|def|1
|move|p1b: Annihilape|Rage Fist|p2b: Annihilape
|-supereffective|p2b: Annihilape
|-damage|p2b: Annihilape|57/100
|
|upkeep
|turn|2
|
|t:|1757693603
|move|p2a: Basculegion|Flip Turn|p1a: Maushold
|-damage|p1a: Maushold|28/100
|
|t:|1757693608
|switch|p2a: Tyranitar|Tyranitar, L50, F|100/100|[from] Flip Turn
|-weather|Sandstorm|[from] ability: Sand Stream|[of] p2a: Tyranitar
|move|p1a: Maushold|Beat Up|p1b: Annihilape
|-damage|p1b: Annihilape|99/100
|-damage|p1b: Annihilape|97/100
|-damage|p1b: Annihilape|95/100
|-damage|p1b: Annihilape|94/100
|-hitcount|p1b: Annihilape|4
|move|p2b: Annihilape|Rage Fist|p1b: Annihilape
|-supereffective|p1b: Annihilape
|-damage|p1b: Annihilape|42/100
|move|p1b: Annihilape|Rage Fist|p2a: Tyranitar
|-resisted|p2a: Tyranitar
|-damage|p2a: Tyranitar|52/100
|
|-weather|Sandstorm|[upkeep]
|-damage|p1b: Annihilape|36/100|[from] Sandstorm
|-heal|p1b: Annihilape|42/100|[from] item: Leftovers
|upkeep
|turn|3
|inactive|B South has 30 seconds left.
|
|t:|1757693634
|-terastallize|p2a: Tyranitar|Flying
|move|p1a: Maushold|Follow Me|p1a: Maushold
|-singleturn|p1a: Maushold|move: Follow Me
|move|p2b: Annihilape|Coaching|p2a: Tyranitar
|-boost|p2a: Tyranitar|atk|1
|-boost|p2a: Tyranitar|def|1
|move|p1b: Annihilape|Drain Punch|p2a: Tyranitar
|-resisted|p2a: Tyranitar
|-damage|p2a: Tyranitar|45/100
|-heal|p1b: Annihilape|46/100|[from] drain|[of] p2a: Tyranitar
|move|p2a: Tyranitar|Rock Slide|p1b: Annihilape|[spread] p1a,p1b
|-resisted|p1b: Annihilape
|-damage|p1a: Maushold|0 fnt
|-damage|p1b: Annihilape|31/100
|faint|p1a: Maushold
|
|-weather|Sandstorm|[upkeep]
|-damage|p1b: Annihilape|25/100|[from] Sandstorm
|-damage|p2a: Tyranitar|39/100|[from] Sandstorm
|-heal|p1b: Annihilape|31/100|[from] item: Leftovers
|upkeep
|inactive|B South has 30 seconds left.
|
|t:|1757693660
|switch|p1a: Archaludon|Archaludon, L50, M|100/100
|turn|4
|
|t:|1757693672
|move|p2b: Annihilape|Final Gambit|p1a: Archaludon
|-damage|p1a: Archaludon|40/100
|-ability|p1a: Archaludon|Stamina|boost
|-boost|p1a: Archaludon|def|1
|faint|p2b: Annihilape
|move|p1b: Annihilape|Rage Fist|p2a: Tyranitar
|-damage|p2a: Tyranitar|0 fnt
|faint|p2a: Tyranitar
|move|p1a: Archaludon|Body Press|p2: Tyranitar|[notarget]
|-fail|p1a: Archaludon
|
|-weather|Sandstorm|[upkeep]
|-damage|p1b: Annihilape|25/100|[from] Sandstorm
|-heal|p1b: Annihilape|31/100|[from] item: Leftovers
|upkeep
|
|t:|1757693677
|switch|p2b: Excadrill|Excadrill, L50, M|100/100
|switch|p2a: Basculegion|Basculegion, L50, M|100/100
|turn|5
|
|t:|1757693698
|-terastallize|p1a: Archaludon|Bug
|move|p2b: Excadrill|High Horsepower|p1b: Annihilape
|-damage|p1b: Annihilape|0 fnt
|faint|p1b: Annihilape
|move|p2a: Basculegion|Last Respects|p1a: Archaludon
|-damage|p1a: Archaludon|0 fnt
|faint|p1a: Archaludon
|
|-weather|Sandstorm|[upkeep]
|-damage|p2a: Basculegion|94/100|[from] Sandstorm
|upkeep
|
|t:|1757693711
|switch|p1b: Peeko|Pelipper, L50, F, shiny|100/100
|-weather|RainDance|[from] ability: Drizzle|[of] p1b: Peeko
|turn|6
|
|t:|1757693732
|move|p2a: Basculegion|Last Respects|p1b: Peeko
|-damage|p1b: Peeko|0 fnt
|faint|p1b: Peeko
|
|win|BeckVGC
||B South is ready for game 3.
||BeckVGC is ready for game 3.
|uhtml|next|Next: Game 3 of 3
|l|☆BeckVGC
|player|p2|
|l|☆B South
|player|p1|
|j|☆B South
|player|p1|B South|169|
