|j|☆rennui-
|j|☆desrichards
|html|rennui-desrichards    
|uhtml|bestof|Game 1 of a best-of-3
|t:|1785005864
|gametype|doubles
|player|p1|rennui-|cheryl|1079
|player|p2|desrichards|hilbert|1165
|gen|9
|tier|[Gen 9 Champions] VGC 2026 Reg M-B (Bo3)
|rated|
|rule|Species Clause: Limit one of each Pokémon
|rule|Item Clause: Limit 1 of each item
|clearpoke
|poke|p1|Kingambit, L50, F, shiny|
|poke|p1|Charizard, L50, M, shiny|
|poke|p1|Aerodactyl, L50, M|
|poke|p1|Farigiraf, L50, F, shiny|
|poke|p1|Garchomp, L50, F|
|poke|p1|Sylveon, L50, F|
|poke|p2|Tyranitar, L50, M|
|poke|p2|Excadrill, L50, F|
|poke|p2|Milotic, L50, M|
|poke|p2|Tsareena, L50, F|
|poke|p2|Staraptor, L50, F|
|poke|p2|Gholdengo, L50|
|teampreview|4
|showteam|p1|Kingambit||FocusSash|Defiant|KowtowCleave,IronHead,SuckerPunch,LowKick|Adamant||F|||50|]Charizard||CharizarditeY|Blaze|HeatWave,SolarBeam,WeatherBall,Protect|Modest||M|||50|]Aerodactyl||Aerodactylite|Unnerve|RockSlide,DualWingbeat,IceFang,Tailwind|Jolly||M|||50|]Farigiraf||SitrusBerry|ArmorTail|TwinBeam,HelpingHand,TrickRoom,Protect|Bold||F|||50|]Garchomp||LifeOrb|RoughSkin|RockTomb,DragonClaw,StompingTantrum,Protect|Jolly||F|||50|]Sylveon||FairyFeather|Pixilate|HyperVoice,HyperBeam,QuickAttack,Protect|Modest||F|||50|
|showteam|p2|Tyranitar||Tyranitarite|SandStream|KnockOff,RockSlide,HighHorsepower,Protect|Jolly||M|||50|]Excadrill||FocusSash|SandRush|Earthquake,IronHead,StompingTantrum,Protect|Adamant||F|||50|]Milotic||SitrusBerry|Competitive|Scald,IcyWind,MuddyWater,Protect|Modest||M|||50|]Tsareena||WideLens|QueenlyMajesty|TripleAxel,HighJumpKick,PowerWhip,Protect|Adamant||F|||50|]Staraptor||Staraptite|Intimidate|CloseCombat,BraveBird,Tailwind,Protect|Jolly||F|||50|]Gholdengo||LifeOrb|GoodasGold|MakeItRain,ShadowBall,NastyPlot,Protect|Modest|||||50|
|inactive|Battle timer is ON: inactive players will automatically lose when time's up. (requested by rennui-)
|inactive|desrichards has 60 seconds left.
|inactive|desrichards has 30 seconds left.
|
|t:|1785005930
|teamsize|p1|4
|teamsize|p2|4
|start
|switch|p1a: Garchomp|Garchomp, L50, F|100/100
|switch|p1b: Farigiraf|Farigiraf, L50, F, shiny|100/100
|switch|p2a: Milotic|Milotic, L50, M|100/100
|switch|p2b: Tyranitar|Tyranitar, L50, M|100/100
|-weather|Sandstorm|[from] ability: Sand Stream|[of] p2b: Tyranitar
|turn|1
|
|t:|1785005946
|detailschange|p2b: Tyranitar|Tyranitar-Mega, L50, M
|-mega|p2b: Tyranitar|Tyranitar|Tyranitarite
|move|p1b: Farigiraf|Helping Hand|p1a: Garchomp
|-singleturn|p1a: Garchomp|Helping Hand|[of] p1b: Farigiraf
|move|p1a: Garchomp|Stomping Tantrum|p2b: Tyranitar
|-supereffective|p2b: Tyranitar|1
|-damage|p2b: Tyranitar|0 fnt
|faint|p2b: Tyranitar
|-damage|p1a: Garchomp|90/100|[from] item: Life Orb
|move|p2a: Milotic|Icy Wind|p1a: Garchomp|[spread] p1a,p1b
|-supereffective|p1a: Garchomp|2
|-damage|p1a: Garchomp|29/100
|-damage|p1b: Farigiraf|87/100
|-unboost|p1a: Garchomp|spe|1
|-unboost|p1b: Farigiraf|spe|1
|
|-weather|Sandstorm|[upkeep]
|-damage|p2a: Milotic|94/100|[from] Sandstorm
|-damage|p1b: Farigiraf|82/100|[from] Sandstorm
|upkeep
|
|t:|1785005959
|switch|p2b: Gholdengo|Gholdengo, L50|100/100
|turn|2
|
|t:|1785005968
|move|p1a: Garchomp|Protect|p1a: Garchomp
|-singleturn|p1a: Garchomp|Protect
|move|p2b: Gholdengo|Make It Rain|p1a: Garchomp|[spread] p1b
|-activate|p1a: Garchomp|move: Protect
|-damage|p1b: Farigiraf|33/100
|-unboost|p2b: Gholdengo|spa|2
|-enditem|p1b: Farigiraf|Sitrus Berry|[eat]
|-heal|p1b: Farigiraf|57/100|[from] item: Sitrus Berry
|-damage|p2b: Gholdengo|90/100|[from] item: Life Orb
|move|p2a: Milotic|Muddy Water|p1b: Farigiraf|[spread] p1b
|-activate|p1a: Garchomp|move: Protect
|-damage|p1b: Farigiraf|26/100
|move|p1b: Farigiraf|Trick Room|p1b: Farigiraf
|-fieldstart|move: Trick Room|[of] p1b: Farigiraf
|
|-weather|Sandstorm|[upkeep]
|-damage|p1b: Farigiraf|21/100|[from] Sandstorm
|-damage|p2a: Milotic|88/100|[from] Sandstorm
|upkeep
|turn|3
|
|t:|1785005988
|move|p1b: Farigiraf|Helping Hand|p1a: Garchomp
|-singleturn|p1a: Garchomp|Helping Hand|[of] p1b: Farigiraf
|move|p2b: Gholdengo|Protect|p2b: Gholdengo
|-singleturn|p2b: Gholdengo|Protect
|move|p2a: Milotic|Icy Wind|p1a: Garchomp|[spread] p1a,p1b
|-supereffective|p1a: Garchomp|2
|-damage|p1a: Garchomp|0 fnt
|-damage|p1b: Farigiraf|8/100
|-unboost|p1b: Farigiraf|spe|1
|faint|p1a: Garchomp
|
|-weather|Sandstorm|[upkeep]
|-damage|p1b: Farigiraf|3/100|[from] Sandstorm
|-damage|p2a: Milotic|82/100|[from] Sandstorm
|upkeep
|
|t:|1785005996
|switch|p1a: Charizard|Charizard, L50, M, shiny|100/100
|turn|4
|
|t:|1785006009
|switch|p2b: Excadrill|Excadrill, L50, F|100/100
|detailschange|p1a: Charizard|Charizard-Mega-Y, L50, M, shiny
|-mega|p1a: Charizard|Charizard|Charizardite Y
|-weather|SunnyDay|[from] ability: Drought|[of] p1a: Charizard
|move|p1b: Farigiraf|Helping Hand|p1a: Charizard
|-singleturn|p1a: Charizard|Helping Hand|[of] p1b: Farigiraf
|move|p2a: Milotic|Muddy Water|p1b: Farigiraf|[spread] p1a
|-miss|p2a: Milotic|p1b: Farigiraf
|-supereffective|p1a: Charizard|1
|-damage|p1a: Charizard|73/100
|-unboost|p1a: Charizard|accuracy|1
|move|p1a: Charizard|Heat Wave|p2a: Milotic|[spread] p2a,p2b
|-resisted|p2a: Milotic|1
|-supereffective|p2b: Excadrill|1
|-damage|p2a: Milotic|43/100
|-enditem|p2b: Excadrill|Focus Sash
|-damage|p2b: Excadrill|1/100
|-enditem|p2a: Milotic|Sitrus Berry|[eat]
|-heal|p2a: Milotic|68/100|[from] item: Sitrus Berry
|
|-weather|SunnyDay|[upkeep]
|upkeep
|turn|5
|
|t:|1785006028
|move|p1b: Farigiraf|Twin Beam|p2b: Excadrill
|-resisted|p2b: Excadrill|1
|-damage|p2b: Excadrill|0 fnt
|faint|p2b: Excadrill
|-hitcount|p2: Excadrill|1
|move|p2a: Milotic|Muddy Water|p1b: Farigiraf|[spread] p1a,p1b
|-supereffective|p1a: Charizard|1
|-crit|p1b: Farigiraf
|-damage|p1a: Charizard|47/100
|-damage|p1b: Farigiraf|0 fnt
|-unboost|p1a: Charizard|accuracy|1
|faint|p1b: Farigiraf
|move|p1a: Charizard|Solar Beam||[still]
|-prepare|p1a: Charizard|Solar Beam
|-anim|p1a: Charizard|Solar Beam|p2a: Milotic|[miss]
|-miss|p1a: Charizard|p2a: Milotic
|
|-weather|SunnyDay|[upkeep]
|upkeep
|
|t:|1785006032
|switch|p1b: Sylveon|Sylveon, L50, F|100/100
|switch|p2b: Gholdengo|Gholdengo, L50|90/100
|turn|6
|
|t:|1785006050
|move|p1b: Sylveon|Hyper Beam|p2a: Milotic
|-damage|p2a: Milotic|0 fnt
|-mustrecharge|p1b: Sylveon
|faint|p2a: Milotic
|move|p2b: Gholdengo|Make It Rain|p1b: Sylveon|[spread] p1a,p1b
|-resisted|p1a: Charizard|1
|-supereffective|p1b: Sylveon|1
|-damage|p1a: Charizard|21/100
|-damage|p1b: Sylveon|1/100
|-unboost|p2b: Gholdengo|spa|2
|-damage|p2b: Gholdengo|80/100|[from] item: Life Orb
|move|p1a: Charizard|Weather Ball|p2b: Gholdengo|[miss]
|-miss|p1a: Charizard|p2b: Gholdengo
|
|-weather|SunnyDay|[upkeep]
|-fieldend|move: Trick Room
|upkeep
|turn|7
|
|t:|1785006060
|move|p1a: Charizard|Weather Ball|p2b: Gholdengo|[miss]
|-miss|p1a: Charizard|p2b: Gholdengo
|move|p2b: Gholdengo|Make It Rain|p1a: Charizard|[spread] p1a,p1b
|-resisted|p1a: Charizard|1
|-supereffective|p1b: Sylveon|1
|-damage|p1a: Charizard|9/100
|-damage|p1b: Sylveon|0 fnt
|-unboost|p2b: Gholdengo|spa|2
|faint|p1b: Sylveon
|-damage|p2b: Gholdengo|71/100|[from] item: Life Orb
|
|-weather|SunnyDay|[upkeep]
|upkeep
|turn|8
|
|t:|1785006069
|move|p1a: Charizard|Weather Ball|p2b: Gholdengo|[miss]
|-miss|p1a: Charizard|p2b: Gholdengo
|move|p2b: Gholdengo|Shadow Ball|p1a: Charizard
|-damage|p1a: Charizard|0 fnt
|faint|p1a: Charizard
|-damage|p2b: Gholdengo|61/100|[from] item: Life Orb
|
|win|desrichards
