|j|☆LostAzi
|j|☆GoofyGifts
|html|LostAziGoofyGifts    
|uhtml|bestof|Game 3 of a best-of-3
|t:|1756787319
|gametype|doubles
|player|p1|LostAzi|roxie|
|player|p2|GoofyGifts|blue|
|gen|9
|tier|[Gen 9] VGC 2025 Reg H (Bo3)
|rule|Species Clause: Limit one of each Pokémon
|rule|Item Clause: Limit 1 of each item
|clearpoke
|poke|p1|Incineroar, L50, F|
|poke|p1|Dragonite, L50, M|
|poke|p1|Gholdengo, L50|
|poke|p1|Amoonguss, L50, F|
|poke|p1|Sneasler, L50, F|
|poke|p1|Ursaluna-Bloodmoon, L50, M|
|poke|p2|Indeedee, L50, M|
|poke|p2|Drifblim, L50, M|
|poke|p2|Volcarona, L50, F|
|poke|p2|Kommo-o, L50, M|
|poke|p2|Toxtricity, L50, M|
|poke|p2|Hydreigon, L50, M|
|teampreview|4
|showteam|p1|Incineroar||SafetyGoggles|Intimidate|FlareBlitz,KnockOff,FakeOut,PartingShot|||F|||50|,,,,,Ghost]Dragonite||LoadedDice|Multiscale|ScaleShot,Tailwind,Haze,Protect|||M|||50|,,,,,Fairy]Gholdengo||LifeOrb|GoodasGold|MakeItRain,NastyPlot,ShadowBall,Protect||||||50|,,,,,Water]Amoonguss||SitrusBerry|Regenerator|PollenPuff,Spore,RagePowder,Protect|||F|||50|,,,,,Psychic]Sneasler||FocusSash|Unburden|CloseCombat,DireClaw,ThroatChop,Protect|||F|||50|,,,,,Stellar]Ursaluna-Bloodmoon||AssaultVest|MindsEye|HyperVoice,BloodMoon,EarthPower,VacuumWave|||M|||50|,,,,,Water
|showteam|p2|Indeedee||FocusSash|PsychicSurge|ExpandingForce,TeraBlast,Imprison,TrickRoom|||M|||50|,,,,,Ground]Drifblim||PsychicSeed|Unburden|Acrobatics,WillOWisp,StrengthSap,Tailwind|||M|||50|,,,,,Grass]Volcarona||LifeOrb|FlameBody|BugBuzz,HeatWave,TeraBlast,Protect|||F|||50|,,,,,Fairy]Kommo-o||Leftovers|Soundproof|BodyPress,Flamethrower,IronDefense,Protect|||M|||50|,,,,,Fire]Toxtricity||ChoiceSpecs|PunkRock|Overdrive,Boomburst,SludgeBomb,VoltSwitch|||M|||50|,,,,,Normal]Hydreigon||AssaultVest|Levitate|DarkPulse,DracoMeteor,EarthPower,Snarl|||M|||50|,,,,,Ghost
|
|t:|1756787369
|teamsize|p1|4
|teamsize|p2|4
|start
|switch|p1a: Sneasler|Sneasler, L50, F, shiny|100/100
|switch|p1b: Incineroar|Incineroar, L50, F, shiny|100/100
|switch|p2a: Bowser|Hydreigon, L50, M|100/100
|switch|p2b: Medic|Drifblim, L50, M|100/100
|-ability|p1b: Incineroar|Intimidate|boost
|-unboost|p2a: Bowser|atk|1
|-unboost|p2b: Medic|atk|1
|turn|1
|
|t:|1756787405
|-terastallize|p2a: Bowser|Ghost
|move|p1b: Incineroar|Fake Out|p2a: Bowser
|-immune|p2a: Bowser
|move|p1a: Sneasler|Throat Chop|p2b: Medic
|-supereffective|p2b: Medic
|-damage|p2b: Medic|44/100
|-start|p2b: Medic|Throat Chop|[silent]
|move|p2a: Bowser|Earth Power|p1b: Incineroar
|-supereffective|p1b: Incineroar
|-damage|p1b: Incineroar|40/100
|move|p2b: Medic|Tailwind|p2b: Medic
|-sidestart|p2: GoofyGifts|move: Tailwind
|
|upkeep
|turn|2
|
|t:|1756787441
|move|p1a: Sneasler|Protect|p1a: Sneasler
|-singleturn|p1a: Sneasler|Protect
|move|p2a: Bowser|Earth Power|p1b: Incineroar
|-supereffective|p1b: Incineroar
|-damage|p1b: Incineroar|0 fnt
|faint|p1b: Incineroar
|move|p2b: Medic|Strength Sap|p1a: Sneasler
|-activate|p1a: Sneasler|move: Protect
|
|-end|p2b: Medic|Throat Chop|[silent]
|upkeep
|
|t:|1756787451
|switch|p1b: Amoonguss|Amoonguss, L50, F, shiny|100/100
|turn|3
|
|t:|1756787471
|move|p1b: Amoonguss|Rage Powder|p1b: Amoonguss
|-singleturn|p1b: Amoonguss|move: Rage Powder
|move|p2a: Bowser|Earth Power|p1b: Amoonguss
|-damage|p1b: Amoonguss|76/100
|move|p2b: Medic|Strength Sap|p1b: Amoonguss
|-unboost|p1b: Amoonguss|atk|1
|-heal|p2b: Medic|80/100
|move|p1a: Sneasler|Throat Chop|p2a: Bowser
|-supereffective|p2a: Bowser
|-damage|p2a: Bowser|45/100
|-start|p2a: Bowser|Throat Chop|[silent]
|
|upkeep
|turn|4
|
|t:|1756787514
|move|p1b: Amoonguss|Rage Powder|p1b: Amoonguss
|-singleturn|p1b: Amoonguss|move: Rage Powder
|move|p2a: Bowser|Dark Pulse|p1b: Amoonguss
|-damage|p1b: Amoonguss|44/100
|-enditem|p1b: Amoonguss|Sitrus Berry|[eat]
|-heal|p1b: Amoonguss|69/100|[from] item: Sitrus Berry
|move|p2b: Medic|Will-O-Wisp|p1b: Amoonguss
|-status|p1b: Amoonguss|brn
|move|p1a: Sneasler|Dire Claw|p2b: Medic
|-resisted|p2b: Medic
|-damage|p2b: Medic|58/100
|
|-damage|p1b: Amoonguss|63/100 brn|[from] brn
|-end|p2a: Bowser|Throat Chop|[silent]
|-sideend|p2: GoofyGifts|move: Tailwind
|upkeep
|turn|5
|
|t:|1756787548
|move|p1a: Sneasler|Protect|p1a: Sneasler
|-singleturn|p1a: Sneasler|Protect
|move|p2a: Bowser|Earth Power|p1a: Sneasler
|-activate|p1a: Sneasler|move: Protect
|move|p2b: Medic|Strength Sap|p1a: Sneasler
|-activate|p1a: Sneasler|move: Protect
|move|p1b: Amoonguss|Spore|p2a: Bowser
|-status|p2a: Bowser|slp|[from] move: Spore
|
|-damage|p1b: Amoonguss|57/100 brn|[from] brn
|upkeep
|turn|6
|
|t:|1756787570
|move|p1b: Amoonguss|Rage Powder|p1b: Amoonguss
|-singleturn|p1b: Amoonguss|move: Rage Powder
|move|p1a: Sneasler|Throat Chop|p2a: Bowser
|-supereffective|p2a: Bowser
|-damage|p2a: Bowser|0 fnt
|faint|p2a: Bowser
|move|p2b: Medic|Strength Sap|p1b: Amoonguss
|-unboost|p1b: Amoonguss|atk|1
|-heal|p2b: Medic|82/100
|
|-damage|p1b: Amoonguss|51/100 brn|[from] brn
|upkeep
|
|t:|1756787590
|switch|p2a: White bird|Volcarona, L50, F|100/100
|turn|7
|
|t:|1756787608
|move|p1b: Amoonguss|Rage Powder|p1b: Amoonguss
|-singleturn|p1b: Amoonguss|move: Rage Powder
|move|p1a: Sneasler|Throat Chop|p2b: Medic
|-supereffective|p2b: Medic
|-damage|p2b: Medic|21/100
|-start|p2b: Medic|Throat Chop|[silent]
|move|p2a: White bird|Heat Wave|p1b: Amoonguss|[spread] p1a,p1b
|-supereffective|p1b: Amoonguss
|-damage|p1a: Sneasler|34/100
|-damage|p1b: Amoonguss|0 fnt
|faint|p1b: Amoonguss
|-damage|p2a: White bird|91/100|[from] item: Life Orb
|move|p2b: Medic|Tailwind|p2b: Medic
|-sidestart|p2: GoofyGifts|move: Tailwind
|
|upkeep
|
|t:|1756787619
|switch|p1b: Ursaluna|Ursaluna-Bloodmoon, L50, M|100/100
|turn|8
|
|t:|1756787648
|move|p2a: White bird|Heat Wave|p1a: Sneasler|[spread] p1a,p1b
|-damage|p1a: Sneasler|0 fnt
|-damage|p1b: Ursaluna|72/100
|-status|p1b: Ursaluna|brn
|faint|p1a: Sneasler
|-damage|p2a: White bird|81/100|[from] item: Life Orb
|move|p2b: Medic|Strength Sap|p1b: Ursaluna
|-unboost|p1b: Ursaluna|atk|1
|-heal|p2b: Medic|51/100
|move|p1b: Ursaluna|Blood Moon|p2a: White bird
|-damage|p2a: White bird|10/100
|
|-damage|p1b: Ursaluna|66/100 brn|[from] brn
|-end|p2b: Medic|Throat Chop|[silent]
|upkeep
|turn|9
|
|t:|1756787680
|move|p1b: Ursaluna|Vacuum Wave|p2a: White bird
|-resisted|p2a: White bird
|-damage|p2a: White bird|3/100
|move|p2a: White bird|Heat Wave|p1b: Ursaluna|[miss]
|-miss|p2a: White bird|p1b: Ursaluna
|move|p2b: Medic|Strength Sap|p1b: Ursaluna
|-unboost|p1b: Ursaluna|atk|1
|-heal|p2b: Medic|70/100
|
|-damage|p1b: Ursaluna|60/100 brn|[from] brn
|upkeep
|turn|10
|
|t:|1756787735
|move|p1b: Ursaluna|Vacuum Wave|p2a: White bird
|-resisted|p2a: White bird
|-damage|p2a: White bird|0 fnt
|faint|p2a: White bird
|move|p2b: Medic|Acrobatics|p1b: Ursaluna
|-damage|p1b: Ursaluna|52/100 brn
|
|-damage|p1b: Ursaluna|46/100 brn|[from] brn
|-sideend|p2: GoofyGifts|move: Tailwind
|upkeep
|
|t:|1756787742
|switch|p2a: Grooker|Toxtricity, L50, M, shiny|100/100
|turn|11
|
|t:|1756787754
|move|p2b: Medic|Tailwind|p2b: Medic
|-sidestart|p2: GoofyGifts|move: Tailwind
|move|p2a: Grooker|Boomburst|p1b: Ursaluna|[spread] p1b
|-immune|p2b: Medic
|-damage|p1b: Ursaluna|4/100 brn
|move|p1b: Ursaluna|Earth Power|p2a: Grooker
|-supereffective|p2a: Grooker
|-damage|p2a: Grooker|0 fnt
|faint|p2a: Grooker
|
|-damage|p1b: Ursaluna|0 fnt|[from] brn
|faint|p1b: Ursaluna
|
|win|GoofyGifts
