|j|☆viaggioingiappone
|j|☆Mandy's cendy
|html|viaggioingiapponeMandy's cendy    
|uhtml|bestof|Game 1 of a best-of-3
|t:|1756150725
|gametype|doubles
|player|p1|viaggioingiappone|crasherwake|
|player|p2|Mandy's cendy|iris-gen5bw2|
|gen|9
|tier|[Gen 9] VGC 2025 Reg H (Bo3)
|rule|Species Clause: Limit one of each Pokémon
|rule|Item Clause: Limit 1 of each item
|clearpoke
|poke|p1|Dragonite, L50, M|
|poke|p1|Gholdengo, L50|
|poke|p1|Ursaluna-Bloodmoon, L50, M|
|poke|p1|Whimsicott, L50, F|
|poke|p1|Archaludon, L50, M|
|poke|p1|Incineroar, L50, F|
|poke|p2|Ursaluna, L50, F|
|poke|p2|Sinistcha-Masterpiece, L50|
|poke|p2|Archaludon, L50, F|
|poke|p2|Pelipper, L50, F|
|poke|p2|Dragonite, L50, M|
|poke|p2|Gholdengo, L50|
|teampreview|4
|showteam|p1|Dragonite||LoadedDice|Multiscale|ScaleShot,ExtremeSpeed,Haze,Protect|||M|||50|,,,,,Fairy]Gholdengo||ChoiceSpecs|GoodasGold|MakeItRain,ShadowBall,Trick,PowerGem||||||50|,,,,,Steel]Ursaluna-Bloodmoon||AssaultVest|MindsEye|BloodMoon,EarthPower,HyperVoice,VacuumWave|||M|||50|,,,,,Water]Whimsicott||CovertCloak|Prankster|Tailwind,Moonblast,FakeTears,Encore|||F|||50|,,,,,Fire]Archaludon||PowerHerb|Sturdy|ElectroShot,FlashCannon,DracoMeteor,Protect|||M|||50|,,,,,Stellar]Incineroar||MirrorHerb|Intimidate|FakeOut,PartingShot,KnockOff,FlareBlitz|||F|||50|,,,,,Grass
|showteam|p2|Ursaluna||FlameOrb|Guts|Facade,Earthquake,HeadlongRush,Protect|||F|||50|,,,,,Ghost]Sinistcha-Masterpiece||SitrusBerry|Hospitality|MatchaGotcha,TrickRoom,LifeDew,RagePowder||||||50|,,,,,Water]Archaludon||AssaultVest|Stamina|BodyPress,FlashCannon,ElectroShot,Snarl|||F|||50|,,,,,Grass]Pelipper||FocusSash|Drizzle|Tailwind,WeatherBall,Hurricane,Protect|||F|||50|,,,,,Stellar]Dragonite||LoadedDice|Multiscale|ScaleShot,Haze,Protect,ExtremeSpeed|||M|||50|,,,,,Fairy]Gholdengo||ChoiceScarf|GoodasGold|MakeItRain,ShadowBall,Trick,Thunderbolt||||||50|,,,,,Flying
|inactive|Battle timer is ON: inactive players will automatically lose when time's up. (requested by Mandy's cendy)
|c|☆viaggioingiappone|uuu rematchiamo?
|c|☆viaggioingiappone|poi ti gioco balance volca
|c|☆viaggioingiappone|o lo gioco subito?
|inactive|viaggioingiappone has 60 seconds left.
|inactive|Mandy's cendy has 60 seconds left.
|inactive|viaggioingiappone has 30 seconds left.
|inactive|Mandy's cendy has 30 seconds left.
|
|t:|1756150793
|teamsize|p1|4
|teamsize|p2|4
|start
|switch|p1a: Silver Gate|Archaludon, L50, M|100/100
|switch|p1b: Porno|Dragonite, L50, M, shiny|100/100
|switch|p2a: Pelipper|Pelipper, L50, F|100/100
|switch|p2b: Ursaluna|Ursaluna, L50, F, shiny|100/100
|-weather|RainDance|[from] ability: Drizzle|[of] p2a: Pelipper
|turn|1
|inactive|viaggioingiappone has 30 seconds left.
|inactive|Mandy's cendy has 30 seconds left.
|inactive|Mandy's cendy has 20 seconds left.
|inactive|Mandy's cendy has 15 seconds left.
|
|t:|1756150833
|move|p2a: Pelipper|Protect|p2a: Pelipper
|-singleturn|p2a: Pelipper|Protect
|move|p1a: Silver Gate|Electro Shot||[still]
|-prepare|p1a: Silver Gate|Electro Shot
|-boost|p1a: Silver Gate|spa|1
|-anim|p1a: Silver Gate|Electro Shot|p2a: Pelipper
|-activate|p2a: Pelipper|move: Protect
|move|p1b: Porno|Scale Shot|p2b: Ursaluna|[miss]
|-miss|p1b: Porno|p2b: Ursaluna
|move|p2b: Ursaluna|Headlong Rush|p1a: Silver Gate
|-supereffective|p1a: Silver Gate
|-ability|p1a: Silver Gate|Sturdy
|-damage|p1a: Silver Gate|1/100
|-unboost|p2b: Ursaluna|def|1
|-unboost|p2b: Ursaluna|spd|1
|
|-weather|RainDance|[upkeep]
|-status|p2b: Ursaluna|brn|[from] item: Flame Orb
|upkeep
|turn|2
|c|☆viaggioingiappone|andiamo forte
|inactive|viaggioingiappone has 30 seconds left.
|inactive|Mandy's cendy has 30 seconds left.
|
|t:|1756150866
|switch|p2a: Sinistcha|Sinistcha-Masterpiece, L50, shiny|100/100
|switch|p2b: Dragonite|Dragonite, L50, M|100/100
|move|p1a: Silver Gate|Electro Shot||[still]
|-prepare|p1a: Silver Gate|Electro Shot
|-boost|p1a: Silver Gate|spa|1
|-anim|p1a: Silver Gate|Electro Shot|p2a: Sinistcha
|-resisted|p2a: Sinistcha
|-damage|p2a: Sinistcha|53/100
|move|p1b: Porno|Scale Shot|p2a: Sinistcha
|-damage|p2a: Sinistcha|41/100
|-enditem|p2a: Sinistcha|Sitrus Berry|[eat]
|-heal|p2a: Sinistcha|66/100|[from] item: Sitrus Berry
|-damage|p2a: Sinistcha|52/100
|-crit|p2a: Sinistcha
|-damage|p2a: Sinistcha|33/100
|-crit|p2a: Sinistcha
|-damage|p2a: Sinistcha|13/100
|-damage|p2a: Sinistcha|0 fnt
|faint|p2a: Sinistcha
|-hitcount|p2: Sinistcha|5
|-unboost|p1b: Porno|def|1
|-boost|p1b: Porno|spe|1
|
|-weather|RainDance|[upkeep]
|upkeep
|
|t:|1756150883
|switch|p2a: Pelipper|Pelipper, L50, F|100/100
|turn|3
|
|t:|1756150900
|switch|p1a: Rafa Leao|Gholdengo, L50|100/100
|-terastallize|p1b: Porno|Fairy
|-terastallize|p2b: Dragonite|Fairy
|move|p2b: Dragonite|Extreme Speed|p1a: Rafa Leao
|-immune|p1a: Rafa Leao
|move|p1b: Porno|Scale Shot|p2a: Pelipper
|-damage|p2a: Pelipper|81/100
|-damage|p2a: Pelipper|61/100
|-damage|p2a: Pelipper|39/100
|-damage|p2a: Pelipper|17/100
|-damage|p2a: Pelipper|0 fnt
|faint|p2a: Pelipper
|-hitcount|p2: Pelipper|5
|-unboost|p1b: Porno|def|1
|-boost|p1b: Porno|spe|1
|
|-weather|RainDance|[upkeep]
|upkeep
|
|t:|1756150913
|switch|p2a: Ursaluna|Ursaluna, L50, F, shiny|100/100 brn
|turn|4
|
|t:|1756150926
|move|p1b: Porno|Protect|p1b: Porno
|-singleturn|p1b: Porno|Protect
|move|p2b: Dragonite|Protect|p2b: Dragonite
|-singleturn|p2b: Dragonite|Protect
|move|p1a: Rafa Leao|Make It Rain|p2b: Dragonite|[spread] p2a
|-activate|p2b: Dragonite|move: Protect
|-damage|p2a: Ursaluna|20/100 brn
|-unboost|p1a: Rafa Leao|spa|1
|move|p2a: Ursaluna|Earthquake|p1b: Porno|[spread] p1a
|-activate|p2b: Dragonite|move: Protect
|-activate|p1b: Porno|move: Protect
|-supereffective|p1a: Rafa Leao
|-damage|p1a: Rafa Leao|0 fnt
|faint|p1a: Rafa Leao
|
|-weather|RainDance|[upkeep]
|-damage|p2a: Ursaluna|14/100 brn|[from] brn
|upkeep
|
|t:|1756150943
|switch|p1a: Tornadus??!|Whimsicott, L50, F|100/100
|turn|5
|inactive|Mandy's cendy has 30 seconds left.
|inactive|Mandy's cendy has 20 seconds left.
|
|t:|1756150979
|move|p1b: Porno|Extreme Speed|p2a: Ursaluna
|-damage|p2a: Ursaluna|0 fnt
|faint|p2a: Ursaluna
|move|p2b: Dragonite|Extreme Speed|p1a: Tornadus??!
|-damage|p1a: Tornadus??!|63/100
|move|p1a: Tornadus??!|Moonblast|p2b: Dragonite
|-damage|p2b: Dragonite|86/100
|
|-weather|none
|upkeep
|turn|6
|
|t:|1756150996
|move|p1b: Porno|Extreme Speed|p2b: Dragonite
|-damage|p2b: Dragonite|51/100
|move|p2b: Dragonite|Extreme Speed|p1b: Porno
|-damage|p1b: Porno|67/100
|move|p1a: Tornadus??!|Moonblast|p2b: Dragonite
|-damage|p2b: Dragonite|23/100
|-unboost|p2b: Dragonite|spa|1
|
|upkeep
|turn|7
|inactive|Mandy's cendy has 30 seconds left.
|
|t:|1756151026
|move|p1b: Porno|Extreme Speed|p2b: Dragonite
|-damage|p2b: Dragonite|0 fnt
|faint|p2b: Dragonite
|
|win|viaggioingiappone
||Mandy's cendy is ready for game 2.
||viaggioingiappone is ready for game 2.
|uhtml|next|Next: Game 2 of 3
