|j|☆entei enthusiast
|j|☆uqujfhw
|html|entei enthusiastuqujfhw    
|uhtml|bestof|Game 1 of a best-of-3
|t:|1783024325
|gametype|doubles
|player|p1|entei enthusiast|kamado-armor|1044
|player|p2|uqujfhw|2|1000
|gen|9
|tier|[Gen 9 Champions] VGC 2026 Reg M-B (Bo3)
|rated|
|rule|Species Clause: Limit one of each Pokémon
|rule|Item Clause: Limit 1 of each item
|clearpoke
|poke|p1|Gyarados, L50, M, shiny|
|poke|p1|Floette-Eternal, L50, F|
|poke|p1|Sneasler, L50, M|
|poke|p1|Sinistcha, L50|
|poke|p1|Garchomp, L50, F|
|poke|p1|Incineroar, L50, M|
|poke|p2|Charizard, L50, M|
|poke|p2|Sableye, L50, M|
|poke|p2|Leafeon, L50, M|
|poke|p2|Staraptor, L50, M|
|poke|p2|Dragapult, L50, M|
|poke|p2|Audino, L50, F|
|teampreview|4
|showteam|p1|Gyarados||Gyaradosite|Intimidate|Waterfall,LashOut,DragonDance,Protect|Adamant||M|||50|]Floette-Eternal||Floettite|FlowerVeil|DrainingKiss,DazzlingGleam,CalmMind,Protect|Timid||F|||50|]Sneasler||FocusSash|PoisonTouch|CloseCombat,DireClaw,FakeOut,Coaching|Jolly||M|||50|]Sinistcha||SitrusBerry|Hospitality|MatchaGotcha,LifeDew,RagePowder,Protect|Calm|||||50|]Garchomp||LifeOrb|RoughSkin|DragonClaw,RockSlide,Earthquake,Protect|Jolly||F|||50|]Incineroar||PasshoBerry|Intimidate|FlareBlitz,FakeOut,PartingShot,Taunt|Careful||M|||50|
|showteam|p2|Charizard||CharizarditeY|Blaze|HeatWave,Protect,ScorchingSands,SolarBeam|Timid||M|||50|]Sableye||LightClay|Prankster|SunnyDay,Reflect,LightScreen,Encore|Serious||M|||50|]Leafeon||Leftovers|Chlorophyll|GigaDrain,CalmMind,Synthesis,StoredPower|Bold||M|||50|]Staraptor||ChoiceScarf|Intimidate|FinalGambit,BraveBird,CloseCombat,Endeavor|Jolly||M|||50|]Dragapult||LifeOrb|ClearBody|DracoMeteor,FireBlast,Thunder,ShadowBall|Modest||M|||50|]Audino||Audinite|Regenerator|DrainingKiss,CalmMind,Wish,FireBlast|Bold||F|||50|
|inactive|Battle timer is ON: inactive players will automatically lose when time's up. (requested by entei enthusiast)
|inactive|entei enthusiast has 60 seconds left.
|
|t:|1783024386
|teamsize|p1|4
|teamsize|p2|4
|start
|switch|p1a: Floette|Floette-Eternal, L50, F|100/100
|switch|p1b: Sinistcha|Sinistcha, L50|100/100
|switch|p2a: Sableye|Sableye, L50, M|100/100
|switch|p2b: Leafeon|Leafeon, L50, M|100/100
|turn|1
|
|t:|1783024401
|detailschange|p1a: Floette|Floette-Mega, L50, F
|-mega|p1a: Floette|Floette|Floettite
|-ability|p1a: Floette|Fairy Aura
|move|p1b: Sinistcha|Rage Powder|p1b: Sinistcha
|-singleturn|p1b: Sinistcha|move: Rage Powder
|move|p2a: Sableye|Light Screen|p2a: Sableye
|-sidestart|p2: uqujfhw|move: Light Screen
|move|p1a: Floette|Calm Mind|p1a: Floette
|-boost|p1a: Floette|spa|1
|-boost|p1a: Floette|spd|1
|move|p2b: Leafeon|Calm Mind|p2b: Leafeon
|-boost|p2b: Leafeon|spa|1
|-boost|p2b: Leafeon|spd|1
|
|upkeep
|turn|2
|
|t:|1783024417
|move|p1b: Sinistcha|Rage Powder|p1b: Sinistcha
|-singleturn|p1b: Sinistcha|move: Rage Powder
|move|p2a: Sableye|Encore|p1b: Sinistcha
|-start|p1b: Sinistcha|Encore
|move|p1a: Floette|Calm Mind|p1a: Floette
|-boost|p1a: Floette|spa|1
|-boost|p1a: Floette|spd|1
|move|p2b: Leafeon|Calm Mind|p2b: Leafeon
|-boost|p2b: Leafeon|spa|1
|-boost|p2b: Leafeon|spd|1
|
|upkeep
|turn|3
|
|t:|1783024432
|switch|p2a: Charizard|Charizard, L50, M|100/100
|move|p1b: Sinistcha|Rage Powder|p1b: Sinistcha
|-singleturn|p1b: Sinistcha|move: Rage Powder
|move|p1a: Floette|Dazzling Gleam|p2b: Leafeon|[spread] p2a,p2b
|-resisted|p2a: Charizard|1
|-damage|p2a: Charizard|66/100
|-damage|p2b: Leafeon|63/100
|move|p2b: Leafeon|Calm Mind|p2b: Leafeon
|-boost|p2b: Leafeon|spa|1
|-boost|p2b: Leafeon|spd|1
|
|-heal|p2b: Leafeon|69/100|[from] item: Leftovers
|upkeep
|turn|4
|
|t:|1783024447
|switch|p1b: Incineroar|Incineroar, L50, M|100/100
|-ability|p1b: Incineroar|Intimidate|boost
|-unboost|p2a: Charizard|atk|1
|-unboost|p2b: Leafeon|atk|1
|detailschange|p2a: Charizard|Charizard-Mega-Y, L50, M
|-mega|p2a: Charizard|Charizard|Charizardite Y
|-weather|SunnyDay|[from] ability: Drought|[of] p2a: Charizard
|move|p1a: Floette|Protect|p1a: Floette
|-singleturn|p1a: Floette|Protect
|move|p2b: Leafeon|Calm Mind|p2b: Leafeon
|-boost|p2b: Leafeon|spa|1
|-boost|p2b: Leafeon|spd|1
|move|p2a: Charizard|Heat Wave|p1b: Incineroar|[spread] p1b
|-activate|p1a: Floette|move: Protect
|-resisted|p1b: Incineroar|1
|-damage|p1b: Incineroar|75/100
|
|-weather|SunnyDay|[upkeep]
|-heal|p2b: Leafeon|75/100|[from] item: Leftovers
|upkeep
|turn|5
|
|t:|1783024470
|switch|p2a: Sableye|Sableye, L50, M|100/100
|move|p1a: Floette|Protect|p1a: Floette
|-singleturn|p1a: Floette|Protect
|move|p2b: Leafeon|Calm Mind|p2b: Leafeon
|-boost|p2b: Leafeon|spa|1
|-boost|p2b: Leafeon|spd|1
|move|p1b: Incineroar|Flare Blitz|p2b: Leafeon
|-supereffective|p2b: Leafeon|1
|-damage|p2b: Leafeon|0 fnt
|faint|p2b: Leafeon
|-damage|p1b: Incineroar|53/100|[from] Recoil
|
|-weather|SunnyDay|[upkeep]
|upkeep
|-message|uqujfhw forfeited.
|
|win|entei enthusiast
|l|☆uqujfhw
|player|p2|
||entei enthusiast is ready for game 2.
|raw|entei enthusiast's rating: 1044 → 1073(+29 for winning)
|raw|uqujfhw's rating: 1000 → 1000(+0 for losing)
