|j|☆tang de maracuja
|j|☆cookbayz
|html|tang de maracujacookbayz    
|uhtml|bestof|Game 3 of a best-of-3
|t:|1785119926
|gametype|doubles
|player|p1|tang de maracuja|morty|1341
|player|p2|cookbayz|169|1239
|gen|9
|tier|[Gen 9 Champions] VGC 2026 Reg M-B (Bo3)
|rated|
|rule|Species Clause: Limit one of each Pokémon
|rule|Item Clause: Limit 1 of each item
|clearpoke
|poke|p1|Staraptor, L50, F|
|poke|p1|Raichu, L50, F|
|poke|p1|Sylveon, L50, F|
|poke|p1|Farigiraf, L50, M|
|poke|p1|Arcanine-Hisui, L50, M|
|poke|p1|Kingambit, L50, M|
|poke|p2|Vivillon-Marine, L50, M|
|poke|p2|Sinistcha, L50|
|poke|p2|Maushold-Four, L50|
|poke|p2|Delphox, L50, F|
|poke|p2|Blastoise, L50, M|
|poke|p2|Incineroar, L50, M|
|teampreview|4
|showteam|p1|Staraptor||Staraptite|Intimidate|Protect,Tailwind,CloseCombat,DualWingbeat|Jolly||F|||50|]Raichu||RaichuniteY|LightningRod|Protect,ZapCannon,FocusBlast,FakeOut|Timid||F|||50|]Sylveon||FairyFeather|Pixilate|Detect,HyperBeam,HyperVoice,QuickAttack|Modest||F|||50|]Farigiraf||SitrusBerry|ArmorTail|Protect,TrickRoom,HelpingHand,Psychic|Calm||M|||50|]Arcanine-Hisui||FocusSash|RockHead|Protect,HeadSmash,ExtremeSpeed,FlareBlitz|Jolly||M|||50|]Kingambit||LifeOrb|Defiant|Protect,SuckerPunch,SwordsDance,KowtowCleave|Adamant||M|||50|
|showteam|p2|Vivillon-Marine||FocusSash|CompoundEyes|SleepPowder,Hurricane,RagePowder,Protect|Timid||M|||50|]Sinistcha||KasibBerry|Hospitality|MatchaGotcha,RagePowder,LifeDew,Protect|Bold|||||50|]Maushold-Four||ChopleBerry|FriendGuard|SuperFang,Feint,FollowMe,Protect|Impish|||||50|]Delphox||Delphoxite|Blaze|HeatWave,NastyPlot,Psyshock,Protect|Modest||F|||50|]Blastoise||Blastoisinite|RainDish|DarkPulse,WaterSpout,ShellSmash,Protect|Modest||M|||50|]Incineroar||PasshoBerry|Intimidate|FlareBlitz,ThroatChop,PartingShot,FakeOut|Careful||M|||50|
|inactive|Battle timer is ON: inactive players will automatically lose when time's up. (requested by tang de maracuja)
|inactive|cookbayz also wants the timer to be on.
|inactive|tang de maracuja has 60 seconds left.
|inactive|tang de maracuja has 30 seconds left.
|inactive|tang de maracuja has 20 seconds left.
|inactive|tang de maracuja has 15 seconds left.
|inactive|tang de maracuja has 10 seconds left.
|inactive|tang de maracuja has 5 seconds left.
|
|t:|1785120014
|teamsize|p1|4
|teamsize|p2|4
|start
|switch|p1a: Farigiraf|Farigiraf, L50, M|100/100
|switch|p1b: Arcanine|Arcanine-Hisui, L50, M|100/100
|switch|p2a: Delphox|Delphox, L50, F|100/100
|switch|p2b: Incineroar|Incineroar, L50, M|100/100
|-ability|p2b: Incineroar|Intimidate|boost
|-unboost|p1a: Farigiraf|atk|1
|-unboost|p1b: Arcanine|atk|1
|turn|1
|inactive|tang de maracuja has 30 seconds left.
|inactive|tang de maracuja has 20 seconds left.
|
|t:|1785120050
|move|p1b: Arcanine|Protect|p1b: Arcanine
|-singleturn|p1b: Arcanine|Protect
|move|p2a: Delphox|Protect|p2a: Delphox
|-singleturn|p2a: Delphox|Protect
|move|p2b: Incineroar|Parting Shot|p1b: Arcanine
|-activate|p1b: Arcanine|move: Protect
|move|p1a: Farigiraf|Trick Room|p1a: Farigiraf
|-fieldstart|move: Trick Room|[of] p1a: Farigiraf
|
|upkeep
|turn|2
|
|t:|1785120071
|switch|p1a: Sylveon|Sylveon, L50, F|100/100
|move|p2b: Incineroar|Throat Chop|p1b: Arcanine
|-damage|p1b: Arcanine|59/100
|-start|p1b: Arcanine|Throat Chop|[silent]
|move|p2a: Delphox|Psyshock|p1b: Arcanine
|-damage|p1b: Arcanine|15/100
|move|p1b: Arcanine|Head Smash|p2a: Delphox
|-supereffective|p2a: Delphox|1
|-damage|p2a: Delphox|0 fnt
|faint|p2a: Delphox
|
|upkeep
|
|t:|1785120085
|switch|p2a: Sinistcha|Sinistcha, L50|100/100
|turn|3
|
|t:|1785120101
|switch|p1b: Kingambit|Kingambit, L50, M|100/100
|move|p2b: Incineroar|Flare Blitz|p1a: Sylveon
|-damage|p1a: Sylveon|49/100
|-damage|p2b: Incineroar|84/100|[from] Recoil
|move|p1a: Sylveon|Hyper Voice|p2a: Sinistcha|[spread] p2a,p2b
|-damage|p2a: Sinistcha|47/100
|-damage|p2b: Incineroar|51/100
|move|p2a: Sinistcha|Matcha Gotcha|p1b: Kingambit|[spread] p1a,p1b
|-resisted|p1b: Kingambit|1
|-crit|p1b: Kingambit
|-damage|p1a: Sylveon|30/100
|-heal|p2a: Sinistcha|57/100|[from] drain|[of] p1a: Sylveon
|-damage|p1b: Kingambit|85/100
|-heal|p2a: Sinistcha|65/100|[from] drain|[of] p1b: Kingambit
|
|upkeep
|turn|4
|
|t:|1785120126
|switch|p2a: Maushold|Maushold-Four, L50|100/100
|move|p1b: Kingambit|Protect|p1b: Kingambit
|-singleturn|p1b: Kingambit|Protect
|move|p2b: Incineroar|Flare Blitz|p1a: Sylveon
|-damage|p1a: Sylveon|0 fnt
|faint|p1a: Sylveon
|-damage|p2b: Incineroar|42/100|[from] Recoil
|
|upkeep
|
|t:|1785120135
|switch|p1a: Farigiraf|Farigiraf, L50, M|100/100
|turn|5
|
|t:|1785120147
|switch|p2a: Sinistcha|Sinistcha, L50|65/100
|-heal|p2b: Incineroar|67/100|[from] ability: Hospitality|[of] p2a: Sinistcha
|move|p1b: Kingambit|Kowtow Cleave|p2a: Sinistcha
|-supereffective|p2a: Sinistcha|1
|-damage|p2a: Sinistcha|0 fnt
|faint|p2a: Sinistcha
|-damage|p1b: Kingambit|75/100|[from] item: Life Orb
|move|p1a: Farigiraf|Psychic|p2b: Incineroar
|-immune|p2b: Incineroar
|move|p2b: Incineroar|Flare Blitz|p1b: Kingambit
|-supereffective|p1b: Kingambit|1
|-damage|p1b: Kingambit|7/100
|-damage|p2b: Incineroar|44/100|[from] Recoil
|
|-fieldend|move: Trick Room
|upkeep
|
|t:|1785120159
|switch|p2a: Maushold|Maushold-Four, L50|100/100
|turn|6
|inactive|tang de maracuja has 30 seconds left.
|
|t:|1785120191
|move|p1b: Kingambit|Protect|p1b: Kingambit
|-singleturn|p1b: Kingambit|Protect
|move|p2a: Maushold|Super Fang|p1a: Farigiraf|[miss]
|-miss|p2a: Maushold|p1a: Farigiraf
|move|p2b: Incineroar|Throat Chop|p1a: Farigiraf
|-supereffective|p1a: Farigiraf|1
|-damage|p1a: Farigiraf|43/100
|-start|p1a: Farigiraf|Throat Chop|[silent]
|-enditem|p1a: Farigiraf|Sitrus Berry|[eat]
|-heal|p1a: Farigiraf|68/100|[from] item: Sitrus Berry
|move|p1a: Farigiraf|Psychic|p2a: Maushold
|-damage|p2a: Maushold|60/100
|
|upkeep
|turn|7
|inactive|tang de maracuja has 30 seconds left.
|inactive|tang de maracuja has 20 seconds left.
|inactive|tang de maracuja has 15 seconds left.
|
|t:|1785120233
|move|p1a: Farigiraf|Helping Hand|p1b: Kingambit
|-singleturn|p1b: Kingambit|Helping Hand|[of] p1a: Farigiraf
|move|p2a: Maushold|Protect|p2a: Maushold
|-singleturn|p2a: Maushold|Protect
|move|p2b: Incineroar|Throat Chop|p1b: Kingambit
|-resisted|p1b: Kingambit|1
|-damage|p1b: Kingambit|0 fnt
|faint|p1b: Kingambit
|
|-end|p1a: Farigiraf|Throat Chop|[silent]
|upkeep
|
|t:|1785120237
|switch|p1b: Arcanine|Arcanine-Hisui, L50, M|15/100
|turn|8
|inactive|tang de maracuja has 30 seconds left.
|inactive|tang de maracuja has 20 seconds left.
|inactive|tang de maracuja has 15 seconds left.
|
|t:|1785120279
|move|p1a: Farigiraf|Helping Hand|p1b: Arcanine
|-singleturn|p1b: Arcanine|Helping Hand|[of] p1a: Farigiraf
|move|p1b: Arcanine|Extreme Speed|p2b: Incineroar
|-damage|p2b: Incineroar|18/100
|move|p2a: Maushold|Follow Me|p2a: Maushold
|-singleturn|p2a: Maushold|move: Follow Me
|move|p2b: Incineroar|Throat Chop|p1b: Arcanine
|-damage|p1b: Arcanine|0 fnt
|faint|p1b: Arcanine
|
|upkeep
|turn|9
|-message|tang de maracuja forfeited.
|
|win|cookbayz
