|j|☆ArkAran
|j|☆owbd
|html|ArkAranowbd    
|uhtml|bestof|Game 2 of a best-of-3
|t:|1756801375
|gametype|doubles
|player|p1|ArkAran|265|1000
|player|p2|owbd|cynthia-gen4|1095
|gen|9
|tier|[Gen 9] VGC 2025 Reg H (Bo3)
|rated|
|rule|Species Clause: Limit one of each Pokémon
|rule|Item Clause: Limit 1 of each item
|clearpoke
|poke|p1|Blastoise, L50, F|
|poke|p1|Incineroar, L50, F|
|poke|p1|Rillaboom, L50, F|
|poke|p1|Gholdengo, L50|
|poke|p1|Ursaluna-Bloodmoon, L50, M|
|poke|p1|Electabuzz, L50, F|
|poke|p2|Gholdengo, L50|
|poke|p2|Incineroar, L50, F|
|poke|p2|Ursaluna-Bloodmoon, L50, M|
|poke|p2|Indeedee, L50, M|
|poke|p2|Sneasler, L50, M|
|poke|p2|Murkrow, L50, F|
|teampreview|4
|showteam|p1|Blastoise||RockyHelmet|RainDish|FakeOut,FlipTurn,HelpingHand,Haze|||F|||50|,,,,,Grass]Incineroar||SafetyGoggles|Intimidate|FakeOut,PartingShot,KnockOff,FlareBlitz|||F|||50|,,,,,Ghost]Rillaboom||AssaultVest|GrassySurge|FakeOut,Uturn,WoodHammer,HighHorsepower|||F|||50|,,,,,Fire]Gholdengo||Leftovers|GoodasGold|NastyPlot,ShadowBall,MakeItRain,Protect||||||50|,,,,,Steel]Ursaluna-Bloodmoon||LifeOrb|MindsEye|Protect,VacuumWave,BloodMoon,EarthPower|||M|||50|,,,,,Ghost]Electabuzz||Eviolite|VitalSpirit|FollowMe,Electroweb,Taunt,LightScreen|||F|||50|,,,,,Electric
|showteam|p2|Gholdengo||ChoiceSpecs|GoodasGold|MakeItRain,ShadowBall,Thunderbolt,Trick||||||50|,,,,,Steel]Incineroar||SafetyGoggles|Intimidate|FlareBlitz,PartingShot,FakeOut,KnockOff|||F|||50|,,,,,Ghost]Ursaluna-Bloodmoon||AssaultVest|MindsEye|BloodMoon,EarthPower,HyperVoice,Moonblast|||M|||50|,,,,,Normal]Indeedee||FocusSash|PsychicSurge|ExpandingForce,Protect,TrickRoom,Imprison|||M|||50|,,,,,Psychic]Sneasler||PsychicSeed|Unburden|CloseCombat,DireClaw,FakeOut,ThroatChop|||M|||50|,,,,,Stellar]Murkrow||CovertCloak|Prankster|FoulPlay,Haze,SunnyDay,Tailwind|||F|||50|,,,,,Dark
|
|t:|1756801398
|teamsize|p1|4
|teamsize|p2|4
|start
|switch|p1a: Electabuzz|Electabuzz, L50, F|100/100
|switch|p1b: Ursaluna|Ursaluna-Bloodmoon, L50, M|100/100
|switch|p2a: Indeedee|Indeedee, L50, M|100/100
|switch|p2b: Gholdengo|Gholdengo, L50|100/100
|-fieldstart|move: Psychic Terrain|[from] ability: Psychic Surge|[of] p2a: Indeedee
|turn|1
|
|t:|1756801414
|switch|p1b: Rillaboom|Rillaboom, L50, F, shiny|100/100
|-fieldstart|move: Grassy Terrain|[from] ability: Grassy Surge|[of] p1b: Rillaboom
|-terastallize|p2a: Indeedee|Psychic
|move|p1a: Electabuzz|Light Screen|p1a: Electabuzz
|-sidestart|p1: ArkAran|move: Light Screen
|move|p2a: Indeedee|Expanding Force|p1a: Electabuzz
|-damage|p1a: Electabuzz|75/100
|move|p2b: Gholdengo|Make It Rain|p1a: Electabuzz|[spread] p1a,p1b
|-resisted|p1a: Electabuzz
|-damage|p1a: Electabuzz|57/100
|-damage|p1b: Rillaboom|58/100
|-unboost|p2b: Gholdengo|spa|1
|
|-heal|p1a: Electabuzz|63/100|[from] Grassy Terrain
|-heal|p1b: Rillaboom|63/100|[from] Grassy Terrain
|upkeep
|turn|2
|
|t:|1756801438
|switch|p2a: Ursaluna|Ursaluna-Bloodmoon, L50, M|100/100
|move|p1a: Electabuzz|Electroweb|p2a: Ursaluna|[spread] p2b
|-immune|p2a: Ursaluna
|-damage|p2b: Gholdengo|86/100
|-unboost|p2b: Gholdengo|spe|1
|move|p1b: Rillaboom|High Horsepower|p2a: Ursaluna
|-damage|p2a: Ursaluna|74/100
|move|p2b: Gholdengo|Make It Rain|p1b: Rillaboom|[spread] p1a,p1b
|-resisted|p1a: Electabuzz
|-damage|p1a: Electabuzz|49/100
|-damage|p1b: Rillaboom|35/100
|-unboost|p2b: Gholdengo|spa|1
|
|-heal|p1a: Electabuzz|55/100|[from] Grassy Terrain
|-heal|p1b: Rillaboom|40/100|[from] Grassy Terrain
|-heal|p2a: Ursaluna|80/100|[from] Grassy Terrain
|-heal|p2b: Gholdengo|92/100|[from] Grassy Terrain
|upkeep
|turn|3
|
|t:|1756801461
|move|p1a: Electabuzz|Electroweb|p2b: Gholdengo|[spread] p2b
|-immune|p2a: Ursaluna
|-damage|p2b: Gholdengo|76/100
|-unboost|p2b: Gholdengo|spe|1
|move|p1b: Rillaboom|Wood Hammer|p2a: Ursaluna
|-supereffective|p2a: Ursaluna
|-damage|p2a: Ursaluna|0 fnt
|faint|p2a: Ursaluna
|-damage|p1b: Rillaboom|12/100|[from] Recoil
|move|p2b: Gholdengo|Make It Rain|p1b: Rillaboom|[spread] p1a,p1b
|-resisted|p1a: Electabuzz
|-damage|p1a: Electabuzz|45/100
|-damage|p1b: Rillaboom|0 fnt
|-unboost|p2b: Gholdengo|spa|1
|faint|p1b: Rillaboom
|
|-heal|p1a: Electabuzz|51/100|[from] Grassy Terrain
|-heal|p2b: Gholdengo|83/100|[from] Grassy Terrain
|upkeep
|
|t:|1756801499
|switch|p1b: Gholdengo|Gholdengo, L50|100/100
|switch|p2a: Indeedee|Indeedee, L50, M, tera:Psychic|100/100
|-fieldstart|move: Psychic Terrain|[from] ability: Psychic Surge|[of] p2a: Indeedee
|turn|4
|
|t:|1756801510
|-terastallize|p1b: Gholdengo|Steel
|move|p1a: Electabuzz|Electroweb|p2b: Gholdengo|[spread] p2a
|-miss|p1a: Electabuzz|p2b: Gholdengo
|-damage|p2a: Indeedee|81/100
|-unboost|p2a: Indeedee|spe|1
|move|p1b: Gholdengo|Make It Rain|p2b: Gholdengo|[spread] p2a,p2b
|-resisted|p2b: Gholdengo
|-damage|p2a: Indeedee|0 fnt
|-damage|p2b: Gholdengo|44/100
|-unboost|p1b: Gholdengo|spa|1
|faint|p2a: Indeedee
|move|p2b: Gholdengo|Make It Rain|p1a: Electabuzz|[spread] p1a,p1b
|-resisted|p1a: Electabuzz
|-resisted|p1b: Gholdengo
|-damage|p1a: Electabuzz|44/100
|-damage|p1b: Gholdengo|90/100
|-unboost|p2b: Gholdengo|spa|1
|
|-heal|p1b: Gholdengo|96/100|[from] item: Leftovers
|upkeep
|
|t:|1756801529
|switch|p2a: Sneasler|Sneasler, L50, M|100/100
|-enditem|p2a: Sneasler|Psychic Seed
|-boost|p2a: Sneasler|spd|1|[from] item: Psychic Seed
|turn|5
|
|t:|1756801545
|move|p1a: Electabuzz|Follow Me|p1a: Electabuzz
|-singleturn|p1a: Electabuzz|move: Follow Me
|move|p2a: Sneasler|Close Combat|p1a: Electabuzz
|-damage|p1a: Electabuzz|0 fnt
|-unboost|p2a: Sneasler|def|1
|-unboost|p2a: Sneasler|spd|1
|faint|p1a: Electabuzz
|move|p1b: Gholdengo|Make It Rain|p2b: Gholdengo|[spread] p2a,p2b
|-resisted|p2b: Gholdengo
|-damage|p2a: Sneasler|43/100
|-damage|p2b: Gholdengo|20/100
|-unboost|p1b: Gholdengo|spa|1
|move|p2b: Gholdengo|Make It Rain|p1b: Gholdengo
|-resisted|p1b: Gholdengo
|-damage|p1b: Gholdengo|84/100
|-unboost|p2b: Gholdengo|spa|1
|
|-heal|p1b: Gholdengo|90/100|[from] item: Leftovers
|-sideend|p1: ArkAran|move: Light Screen
|upkeep
|
|t:|1756801562
|switch|p1a: Ursaluna|Ursaluna-Bloodmoon, L50, M|100/100
|turn|6
|
|t:|1756801593
|move|p2a: Sneasler|Close Combat|p1a: Ursaluna
|-supereffective|p1a: Ursaluna
|-damage|p1a: Ursaluna|1/100
|-unboost|p2a: Sneasler|def|1
|-unboost|p2a: Sneasler|spd|1
|move|p1b: Gholdengo|Make It Rain|p2b: Gholdengo|[spread] p2a,p2b
|-resisted|p2b: Gholdengo
|-damage|p2a: Sneasler|0 fnt
|-damage|p2b: Gholdengo|1/100
|-unboost|p1b: Gholdengo|spa|1
|faint|p2a: Sneasler
|move|p2b: Gholdengo|Make It Rain|p1a: Ursaluna|[spread] p1a,p1b
|-resisted|p1b: Gholdengo
|-damage|p1a: Ursaluna|0 fnt
|-damage|p1b: Gholdengo|79/100
|-unboost|p2b: Gholdengo|spa|1
|faint|p1a: Ursaluna
|
|-heal|p1b: Gholdengo|85/100|[from] item: Leftovers
|upkeep
|turn|7
|
|t:|1756801610
|move|p1b: Gholdengo|Make It Rain|p2b: Gholdengo
|-resisted|p2b: Gholdengo
|-damage|p2b: Gholdengo|0 fnt
|-unboost|p1b: Gholdengo|spa|1
|faint|p2b: Gholdengo
|
|win|ArkAran
|raw|ArkAran's rating: 1000 → 1051(+51 for winning)
|raw|owbd's rating: 1095 → 1064(-31 for losing)
|n|☆ArkAran|arkaran
