|j|☆miss mizz
|j|☆OwanTanSoup
|html|miss mizzOwanTanSoup    
|uhtml|bestof|Game 3 of a best-of-3
|t:|1757820478
|gametype|doubles
|player|p1|miss mizz|265|1063
|player|p2|OwanTanSoup|ingo|1007
|gen|9
|tier|[Gen 9] VGC 2025 Reg H (Bo3)
|rated|
|rule|Species Clause: Limit one of each Pokémon
|rule|Item Clause: Limit 1 of each item
|clearpoke
|poke|p1|Primarina, L50, F|
|poke|p1|Sylveon, L50, M|
|poke|p1|Indeedee, L50, M|
|poke|p1|Meowscarada, L50, F|
|poke|p1|Sneasler, L50, M|
|poke|p1|Decidueye-Hisui, L50, F|
|poke|p2|Ursaluna-Bloodmoon, L50, M|
|poke|p2|Ceruledge, L50, M|
|poke|p2|Incineroar, L50, F|
|poke|p2|Rotom-Mow, L50|
|poke|p2|Garchomp, L50, M|
|poke|p2|Dragonite, L50, M|
|teampreview|4
|showteam|p1|Primarina||LifeOrb|LiquidVoice|WaterPledge,HyperVoice,Moonblast,Protect|||F|||50|,,,,,Steel]Sylveon||ChoiceSpecs|Pixilate|HyperVoice,ShadowBall,HyperBeam,Psychic|||M|||50|,,,,,Ghost]Indeedee||SafetyGoggles|PsychicSurge|ExpandingForce,TeraBlast,TrickRoom,Imprison|||M|||50|,,,,,Fire]Meowscarada||FocusSash|Overgrow|KnockOff,FlowerTrick,Protect,GrassPledge|||F|||50|,,,,,Fairy]Sneasler||PsychicSeed|Unburden|DireClaw,Acrobatics,CloseCombat,Protect|||M|||50|,,,,,Flying]Decidueye-Hisui||RazorClaw|Scrappy|TripleArrows,Haze,LeafBlade,Protect|||F|||50|,,,,,Fire
|showteam|p2|Ursaluna-Bloodmoon||CovertCloak|MindsEye|BloodMoon,Protect,HyperVoice,EarthPower|||M|||50|,,,,,Ground]Ceruledge||LifeOrb|FlashFire|BitterBlade,ShadowSneak,Protect,BulkUp|||M|||50|,,,,,Grass]Incineroar||AbilityShield|Intimidate|FakeOut,KnockOff,PartingShot,FlameCharge|||F|||50|,,,,,Fire]Rotom-Mow||WhiteHerb|Levitate|Electroweb,LeafStorm,Protect,VoltSwitch||||||50|,,,,,Grass]Garchomp||RockyHelmet|RoughSkin|SwordsDance,RockSlide,Earthquake,Protect|||M|||50|,,,,,Ground]Dragonite||Leftovers|InnerFocus|IceSpinner,Tailwind,ExtremeSpeed,Haze|||M|||50|,,,,,Normal
|inactive|Battle timer is ON: inactive players will automatically lose when time's up. (requested by miss mizz)
|
|t:|1757820526
|teamsize|p1|4
|teamsize|p2|4
|start
|switch|p1a: Primarina|Primarina, L50, F, shiny|100/100
|switch|p1b: Meowscarada|Meowscarada, L50, F, shiny|100/100
|switch|p2a: Ceruledge|Ceruledge, L50, M, shiny|100/100
|switch|p2b: Rotom|Rotom-Mow, L50|100/100
|turn|1
|inactive|miss mizz has 30 seconds left.
|inactive|OwanTanSoup has 30 seconds left.
|
|t:|1757820557
|-terastallize|p2a: Ceruledge|Grass
|-terastallize|p1a: Primarina|Steel
|move|p1b: Meowscarada|Grass Pledge|p2a: Ceruledge
|-waiting|p1b: Meowscarada|p1a: Primarina
|move|p1a: Primarina|Water Pledge|p2a: Ceruledge|[from] move: Grass Pledge
|-combine
|-resisted|p2a: Ceruledge
|-damage|p2a: Ceruledge|33/100
|-sidestart|p2: OwanTanSoup|Grass Pledge
|-damage|p1a: Primarina|91/100|[from] item: Life Orb
|move|p2b: Rotom|Electroweb|p1a: Primarina|[spread] p1a,p1b
|-resisted|p1b: Meowscarada
|-damage|p1a: Primarina|73/100
|-damage|p1b: Meowscarada|85/100
|-unboost|p1a: Primarina|spe|1
|-unboost|p1b: Meowscarada|spe|1
|move|p2a: Ceruledge|Bitter Blade|p1a: Primarina
|-supereffective|p1a: Primarina
|-damage|p1a: Primarina|0 fnt
|-heal|p2a: Ceruledge|74/100|[from] drain|[of] p1a: Primarina
|faint|p1a: Primarina
|-damage|p2a: Ceruledge|64/100|[from] item: Life Orb
|
|upkeep
|
|t:|1757820578
|switch|p1a: Sylveon|Sylveon, L50, M, shiny|100/100
|turn|2
|
|t:|1757820599
|move|p2a: Ceruledge|Protect|p2a: Ceruledge
|-singleturn|p2a: Ceruledge|Protect
|move|p1b: Meowscarada|Knock Off|p2a: Ceruledge
|-activate|p2a: Ceruledge|move: Protect
|move|p1a: Sylveon|Hyper Voice|p2b: Rotom|[spread] p2b
|-activate|p2a: Ceruledge|move: Protect
|-damage|p2b: Rotom|21/100
|move|p2b: Rotom|Leaf Storm|p1a: Sylveon
|-damage|p1a: Sylveon|49/100
|-unboost|p2b: Rotom|spa|2
|-enditem|p2b: Rotom|White Herb
|-clearnegativeboost|p2b: Rotom|[silent]
|
|upkeep
|turn|3
|
|t:|1757820619
|switch|p2a: Incineroar|Incineroar, L50, F|100/100
|-ability|p2a: Incineroar|Intimidate|boost
|-unboost|p1a: Sylveon|atk|1
|-unboost|p1b: Meowscarada|atk|1
|move|p2b: Rotom|Protect|p2b: Rotom
|-singleturn|p2b: Rotom|Protect
|move|p1b: Meowscarada|Knock Off|p2a: Incineroar
|-resisted|p2a: Incineroar
|-damage|p2a: Incineroar|86/100
|-enditem|p2a: Incineroar|Ability Shield|[from] move: Knock Off|[of] p1b: Meowscarada
|move|p1a: Sylveon|Hyper Voice|p2a: Incineroar|[spread] p2a
|-activate|p2b: Rotom|move: Protect
|-damage|p2a: Incineroar|34/100
|
|upkeep
|turn|4
|inactive|OwanTanSoup has 30 seconds left.
|
|t:|1757820649
|switch|p1b: Indeedee|Indeedee, L50, M, shiny|100/100
|-fieldstart|move: Psychic Terrain|[from] ability: Psychic Surge|[of] p1b: Indeedee
|move|p2a: Incineroar|Fake Out|p1a: Sylveon
|-activate|p1a: Sylveon|move: Psychic Terrain
|move|p1a: Sylveon|Hyper Voice|p2a: Incineroar|[spread] p2a,p2b
|-damage|p2a: Incineroar|0 fnt
|-damage|p2b: Rotom|0 fnt
|faint|p2a: Incineroar
|faint|p2b: Rotom
|
|-sideend|p2: OwanTanSoup|Grass Pledge
|upkeep
|
|t:|1757820657
|switch|p2b: Ceruledge|Ceruledge, L50, M, shiny, tera:Grass|64/100
|switch|p2a: Dragonite|Dragonite, L50, M|100/100
|turn|5
|
|t:|1757820680
|switch|p1a: Meowscarada|Meowscarada, L50, F, shiny|85/100
|move|p2a: Dragonite|Ice Spinner|p1a: Meowscarada
|-supereffective|p1a: Meowscarada
|-damage|p1a: Meowscarada|0 fnt
|-fieldend|move: Psychic Terrain
|faint|p1a: Meowscarada
|move|p2b: Ceruledge|Bitter Blade|p1b: Indeedee
|-damage|p1b: Indeedee|8/100
|-heal|p2b: Ceruledge|100/100|[from] drain|[of] p1b: Indeedee
|-damage|p2b: Ceruledge|90/100|[from] item: Life Orb
|move|p1b: Indeedee|Trick Room|p1b: Indeedee
|-fieldstart|move: Trick Room|[of] p1b: Indeedee
|
|upkeep
|
|t:|1757820693
|switch|p1a: Sylveon|Sylveon, L50, M, shiny|49/100
|turn|6
|
|t:|1757820700
|move|p2a: Dragonite|Extreme Speed|p1a: Sylveon
|-damage|p1a: Sylveon|13/100
|move|p2b: Ceruledge|Shadow Sneak|p1a: Sylveon
|-damage|p1a: Sylveon|0 fnt
|faint|p1a: Sylveon
|-damage|p2b: Ceruledge|80/100|[from] item: Life Orb
|move|p1b: Indeedee|Expanding Force|p2b: Ceruledge
|-damage|p2b: Ceruledge|38/100
|
|upkeep
|turn|7
|
|t:|1757820712
|move|p2a: Dragonite|Extreme Speed|p1b: Indeedee
|-damage|p1b: Indeedee|0 fnt
|faint|p1b: Indeedee
|
|win|OwanTanSoup
|raw|miss mizz's rating: 1063 → 1040(-23 for losing)
|raw|OwanTanSoup's rating: 1007 → 1052(+45 for winning)
|l|☆OwanTanSoup
|player|p2|
