|j|☆houseofpros
|j|☆LastHorzion
|html|houseofprosLastHorzion    
|uhtml|bestof|Game 2 of a best-of-3
|t:|1756961435
|gametype|doubles
|player|p1|houseofpros|lucas-gen4pt|1155
|player|p2|LastHorzion|steven|1313
|gen|9
|tier|[Gen 9] VGC 2025 Reg H (Bo3)
|rated|
|rule|Species Clause: Limit one of each Pokémon
|rule|Item Clause: Limit 1 of each item
|clearpoke
|poke|p1|Amoonguss, L50, F|
|poke|p1|Goodra-Hisui, L50, M|
|poke|p1|Politoed, L50, M|
|poke|p1|Ludicolo, L50, F|
|poke|p1|Scizor, L50, F|
|poke|p1|Tauros-Paldea-Aqua, L50, M|
|poke|p2|Sneasler, L50, F|
|poke|p2|Ursaluna-Bloodmoon, L50, M|
|poke|p2|Whimsicott, L50, M|
|poke|p2|Typhlosion-Hisui, L50, M|
|poke|p2|Indeedee, L50, M|
|poke|p2|Dragapult, L50, F|
|teampreview|4
|showteam|p1|Amoonguss||RockyHelmet|Regenerator|Spore,RagePowder,PollenPuff,LeafStorm|||F|||50|,,,,,Bug]Goodra-Hisui||AssaultVest|SapSipper|HydroPump,DracoMeteor,HeavySlam,DragonPulse|||M|||50|,,,,,Stellar]Politoed||SitrusBerry|Drizzle|Protect,WeatherBall,HelpingHand,PerishSong|||M|||50|,,,,,Grass]Ludicolo||MysticWater|SwiftSwim|FakeOut,HydroPump,EnergyBall,Protect|||F|||50|,,,,,Stellar]Scizor||ClearAmulet|Technician|KnockOff,BulletPunch,BugBite,Protect|||F|||50|,,,,,Stellar]Tauros-Paldea-Aqua||SafetyGoggles|Intimidate|AquaJet,CloseCombat,WaveCrash,Protect|||M|||50|,,,,,Fighting
|showteam|p2|Sneasler||PsychicSeed|Unburden|CloseCombat,DireClaw,ThroatChop,Protect|||F|||50|,,,,,Dark]Ursaluna-Bloodmoon||LifeOrb|MindsEye|BloodMoon,EarthPower,HyperVoice,Protect|||M|||50|,,,,,Ghost]Whimsicott||CovertCloak|Prankster|Tailwind,Moonblast,Encore,SunnyDay|||M|||50|,,,,,Water]Typhlosion-Hisui||ChoiceScarf|Blaze|Eruption,ShadowBall,HeatWave,Overheat|||M|||50|,,,,,Fire]Indeedee||FocusSash|PsychicSurge|ExpandingForce,TeraBlast,Imprison,TrickRoom|||M|||50|,,,,,Ground]Dragapult||ChoiceBand|ClearBody|DragonDarts,Uturn,PhantomForce,Outrage|||F|||50|,,,,,Dragon
|inactive|Battle timer is ON: inactive players will automatically lose when time's up. (requested by LastHorzion)
|inactive|houseofpros has 60 seconds left.
|
|t:|1756961467
|teamsize|p1|4
|teamsize|p2|4
|start
|switch|p1a: Ludicolo|Ludicolo, L50, F|100/100
|switch|p1b: Goodra|Goodra-Hisui, L50, M, shiny|100/100
|switch|p2a: Typhlosion|Typhlosion-Hisui, L50, M|100/100
|switch|p2b: Whimsicott|Whimsicott, L50, M|100/100
|turn|1
|inactive|houseofpros has 30 seconds left.
|inactive|houseofpros has 20 seconds left.
|
|t:|1756961503
|-terastallize|p2a: Typhlosion|Fire
|move|p1a: Ludicolo|Protect|p1a: Ludicolo
|-singleturn|p1a: Ludicolo|Protect
|move|p2b: Whimsicott|Sunny Day|p2b: Whimsicott
|-weather|SunnyDay
|move|p2a: Typhlosion|Eruption|p1b: Goodra|[spread] p1b
|-activate|p1a: Ludicolo|move: Protect
|-damage|p1b: Goodra|52/100
|move|p1b: Goodra|Heavy Slam|p2b: Whimsicott
|-supereffective|p2b: Whimsicott
|-damage|p2b: Whimsicott|0 fnt
|faint|p2b: Whimsicott
|
|-weather|SunnyDay|[upkeep]
|upkeep
|
|t:|1756961520
|switch|p2b: Indeedee|Indeedee, L50, M, shiny|100/100
|-fieldstart|move: Psychic Terrain|[from] ability: Psychic Surge|[of] p2b: Indeedee
|turn|2
|
|t:|1756961535
|switch|p1a: Politoed|Politoed, L50, M|100/100
|-weather|RainDance|[from] ability: Drizzle|[of] p1a: Politoed
|move|p2a: Typhlosion|Eruption|p1a: Politoed|[spread] p1a,p1b
|-resisted|p1a: Politoed
|-damage|p1a: Politoed|83/100
|-damage|p1b: Goodra|37/100
|move|p2b: Indeedee|Expanding Force|p1b: Goodra|[spread] p1a,p1b
|-resisted|p1b: Goodra
|-damage|p1a: Politoed|34/100
|-damage|p1b: Goodra|26/100
|-enditem|p1a: Politoed|Sitrus Berry|[eat]
|-heal|p1a: Politoed|59/100|[from] item: Sitrus Berry
|move|p1b: Goodra|Heavy Slam|p2b: Indeedee
|-damage|p2b: Indeedee|9/100
|
|-weather|RainDance|[upkeep]
|upkeep
|turn|3
|
|t:|1756961556
|switch|p2a: Sneasler|Sneasler, L50, F|100/100
|-enditem|p2a: Sneasler|Psychic Seed
|-boost|p2a: Sneasler|spd|1|[from] item: Psychic Seed
|move|p2b: Indeedee|Expanding Force|p1a: Politoed|[spread] p1a,p1b
|-resisted|p1b: Goodra
|-damage|p1a: Politoed|15/100
|-damage|p1b: Goodra|15/100
|move|p1a: Politoed|Weather Ball|p2a: Sneasler
|-damage|p2a: Sneasler|56/100
|move|p1b: Goodra|Heavy Slam|p2b: Indeedee
|-damage|p2b: Indeedee|0 fnt
|faint|p2b: Indeedee
|
|-weather|RainDance|[upkeep]
|upkeep
|
|t:|1756961566
|switch|p2b: Typhlosion|Typhlosion-Hisui, L50, M, tera:Fire|100/100
|turn|4
|inactive|houseofpros has 30 seconds left.
|inactive|houseofpros has 20 seconds left.
|inactive|houseofpros has 15 seconds left.
|inactive|houseofpros has 10 seconds left.
|inactive|houseofpros has 5 seconds left.
|
|t:|1756961621
|move|p1a: Politoed|Protect|p1a: Politoed
|-singleturn|p1a: Politoed|Protect
|move|p2a: Sneasler|Dire Claw|p1a: Politoed
|-activate|p1a: Politoed|move: Protect
|move|p2b: Typhlosion|Eruption|p1b: Goodra|[spread] p1b
|-activate|p1a: Politoed|move: Protect
|-damage|p1b: Goodra|0 fnt
|faint|p1b: Goodra
|
|-weather|RainDance|[upkeep]
|upkeep
|
|t:|1756961631
|switch|p1b: Ludicolo|Ludicolo, L50, F|100/100
|turn|5
|
|t:|1756961651
|switch|p1a: Scizor|Scizor, L50, F|100/100
|move|p1b: Ludicolo|Protect|p1b: Ludicolo
|-singleturn|p1b: Ludicolo|Protect
|move|p2a: Sneasler|Dire Claw|p1b: Ludicolo
|-activate|p1b: Ludicolo|move: Protect
|move|p2b: Typhlosion|Eruption|p1a: Scizor|[spread] p1a
|-activate|p1b: Ludicolo|move: Protect
|-supereffective|p1a: Scizor
|-damage|p1a: Scizor|0 fnt
|faint|p1a: Scizor
|
|-weather|RainDance|[upkeep]
|upkeep
|
|t:|1756961661
|switch|p1a: Politoed|Politoed, L50, M|15/100
|turn|6
|
|t:|1756961673
|move|p2a: Sneasler|Dire Claw|p1b: Ludicolo
|-supereffective|p1b: Ludicolo
|-damage|p1b: Ludicolo|0 fnt
|faint|p1b: Ludicolo
|move|p2b: Typhlosion|Eruption|p1a: Politoed
|-resisted|p1a: Politoed
|-damage|p1a: Politoed|0 fnt
|faint|p1a: Politoed
|
|win|LastHorzion
|raw|houseofpros's rating: 1155 → 1141(-14 for losing)
|raw|LastHorzion's rating: 1313 → 1324(+11 for winning)
|l|☆houseofpros
|player|p1|
|j|☆houseofpros
|player|p1|houseofpros|lucas-gen4pt|
