|j|☆LyricSum
|j|☆monsoonisbest
|html|LyricSummonsoonisbest    
|uhtml|bestof|Game 2 of a best-of-3
|t:|1784478207
|gametype|doubles
|player|p1|LyricSum|veteran|1283
|player|p2|monsoonisbest|169|1274
|gen|9
|tier|[Gen 9 Champions] VGC 2026 Reg M-B (Bo3)
|rated|
|rule|Species Clause: Limit one of each Pokémon
|rule|Item Clause: Limit 1 of each item
|clearpoke
|poke|p1|Froslass, L50, F, shiny|
|poke|p1|Sneasler, L50, M, shiny|
|poke|p1|Lycanroc-Dusk, L50, M, shiny|
|poke|p1|Whimsicott, L50, F, shiny|
|poke|p1|Maushold-Four, L50, shiny|
|poke|p1|Rotom-Wash, L50, shiny|
|poke|p2|Gengar, L50, F|
|poke|p2|Swampert, L50, M|
|poke|p2|Incineroar, L50, M|
|poke|p2|Politoed, L50, M|
|poke|p2|Archaludon, L50, M|
|poke|p2|Vivillon-Monsoon, L50, M|
|teampreview|4
|showteam|p1|Froslass||Froslassite|CursedBody|NastyPlot,Blizzard,ShadowBall,Protect|Timid||F|||50|]Sneasler||WhiteHerb|Unburden|FakeOut,CloseCombat,DireClaw,QuickGuard|Adamant||M|||50|]Lycanroc-Dusk||FocusSash|ToughClaws|Accelerock,RockSlide,CloseCombat,Protect|Jolly||M|||50|]Whimsicott||FairyFeather|Prankster|Tailwind,Moonblast,Encore,Protect|Timid||F|||50|]Maushold-Four||ChopleBerry|FriendGuard|SuperFang,FollowMe,Taunt,Protect|Timid|||||50|]Rotom-Wash||ChoiceScarf|Levitate|VoltSwitch,HydroPump,Thunderbolt,Trick|Timid|||||50|
|showteam|p2|Gengar||Gengarite|CursedBody|ShadowBall,PerishSong,SludgeBomb,Protect|Timid||F|||50|]Swampert||Swampertite|Damp|WaveCrash,Earthquake,IcePunch,Protect|Adamant||M|||50|]Incineroar||PasshoBerry|Intimidate|ThroatChop,PartingShot,FakeOut,Protect|Sassy||M|||50|]Politoed||SitrusBerry|Drizzle|WeatherBall,PerishSong,Encore,Protect|Calm||M|||50|]Archaludon||Leftovers|Stamina|DragonPulse,FlashCannon,ElectroShot,Protect|Bold||M|||50|]Vivillon-Monsoon||FocusSash|CompoundEyes|Hurricane,SleepPowder,RagePowder,Protect|Timid||M|||50|
|inactive|Battle timer is ON: inactive players will automatically lose when time's up. (requested by LyricSum)
|
|t:|1784478216
|teamsize|p1|4
|teamsize|p2|4
|start
|switch|p1a: Dress2Impress|Froslass, L50, F, shiny|100/100
|switch|p1b: Mickey Mice|Maushold-Four, L50, shiny|100/100
|switch|p2a: Incineroar|Incineroar, L50, M|100/100
|switch|p2b: Archaludon|Archaludon, L50, M|100/100
|-ability|p2a: Incineroar|Intimidate|boost
|-unboost|p1a: Dress2Impress|atk|1
|-unboost|p1b: Mickey Mice|atk|1
|turn|1
|
|t:|1784478228
|move|p1b: Mickey Mice|Protect|p1b: Mickey Mice
|-singleturn|p1b: Mickey Mice|Protect
|move|p1a: Dress2Impress|Protect|p1a: Dress2Impress
|-singleturn|p1a: Dress2Impress|Protect
|move|p2b: Archaludon|Flash Cannon|p1a: Dress2Impress
|-activate|p1a: Dress2Impress|move: Protect
|move|p2a: Incineroar|Throat Chop|p1a: Dress2Impress
|-activate|p1a: Dress2Impress|move: Protect
|
|upkeep
|turn|2
|
|t:|1784478236
|move|p1b: Mickey Mice|Follow Me|p1b: Mickey Mice
|-singleturn|p1b: Mickey Mice|move: Follow Me
|move|p1a: Dress2Impress|Nasty Plot|p1a: Dress2Impress
|-boost|p1a: Dress2Impress|spa|2
|move|p2b: Archaludon|Flash Cannon|p1b: Mickey Mice
|-damage|p1b: Mickey Mice|54/100
|move|p2a: Incineroar|Throat Chop|p1b: Mickey Mice
|-damage|p1b: Mickey Mice|17/100
|-start|p1b: Mickey Mice|Throat Chop|[silent]
|
|upkeep
|turn|3
|
|t:|1784478255
|detailschange|p1a: Dress2Impress|Froslass-Mega, L50, F, shiny
|-mega|p1a: Dress2Impress|Froslass|Froslassite
|-weather|Snowscape|[from] ability: Snow Warning|[of] p1a: Dress2Impress
|move|p2b: Archaludon|Protect|p2b: Archaludon
|-singleturn|p2b: Archaludon|Protect
|move|p1a: Dress2Impress|Blizzard|p2b: Archaludon|[spread] p2a
|-activate|p2b: Archaludon|move: Protect
|-resisted|p2a: Incineroar|1
|-damage|p2a: Incineroar|67/100
|move|p1b: Mickey Mice|Taunt|p2a: Incineroar
|-start|p2a: Incineroar|move: Taunt
|move|p2a: Incineroar|Throat Chop|p1b: Mickey Mice
|-damage|p1b: Mickey Mice|0 fnt
|faint|p1b: Mickey Mice
|
|-weather|Snowscape|[upkeep]
|upkeep
|
|t:|1784478262
|switch|p1b: Haribo|Sneasler, L50, M, shiny|100/100
|turn|4
|
|t:|1784478271
|switch|p2a: Politoed|Politoed, L50, M|100/100
|-weather|RainDance|[from] ability: Drizzle|[of] p2a: Politoed
|move|p1a: Dress2Impress|Blizzard|p2a: Politoed|[spread] p2a,p2b
|-resisted|p2a: Politoed|1
|-damage|p2a: Politoed|68/100
|-damage|p2b: Archaludon|19/100
|-ability|p2b: Archaludon|Stamina|boost
|-boost|p2b: Archaludon|def|1
|move|p1b: Haribo|Close Combat|p2b: Archaludon
|-supereffective|p2b: Archaludon|1
|-damage|p2b: Archaludon|0 fnt
|-unboost|p1b: Haribo|def|1
|-unboost|p1b: Haribo|spd|1
|faint|p2b: Archaludon
|-enditem|p1b: Haribo|White Herb
|-clearnegativeboost|p1b: Haribo|[silent]
|
|-weather|RainDance|[upkeep]
|upkeep
|
|t:|1784478281
|switch|p2b: Incineroar|Incineroar, L50, M|67/100
|-ability|p2b: Incineroar|Intimidate|boost
|-unboost|p1a: Dress2Impress|atk|1
|-unboost|p1b: Haribo|atk|1
|turn|5
|
|t:|1784478286
|switch|p1b: Not Washed|Rotom-Wash, L50, shiny|100/100
|move|p1a: Dress2Impress|Shadow Ball|p2a: Politoed
|-damage|p2a: Politoed|5/100
|-unboost|p2a: Politoed|spd|1
|-enditem|p2a: Politoed|Sitrus Berry|[eat]
|-heal|p2a: Politoed|29/100|[from] item: Sitrus Berry
|move|p2a: Politoed|Weather Ball|p1a: Dress2Impress
|-damage|p1a: Dress2Impress|49/100
|move|p2b: Incineroar|Throat Chop|p1a: Dress2Impress
|-supereffective|p1a: Dress2Impress|1
|-damage|p1a: Dress2Impress|0 fnt
|faint|p1a: Dress2Impress
|
|-weather|RainDance|[upkeep]
|upkeep
|
|t:|1784478292
|switch|p1a: Haribo|Sneasler, L50, M, shiny|100/100
|turn|6
|
|t:|1784478302
|move|p2b: Incineroar|Protect|p2b: Incineroar
|-singleturn|p2b: Incineroar|Protect
|move|p1b: Not Washed|Hydro Pump|p2b: Incineroar
|-activate|p2b: Incineroar|move: Protect
|move|p1a: Haribo|Dire Claw|p2a: Politoed
|-damage|p2a: Politoed|0 fnt
|faint|p2a: Politoed
|
|-weather|RainDance|[upkeep]
|upkeep
|
|t:|1784478306
|switch|p2a: Vivillon|Vivillon-Monsoon, L50, M|100/100
|turn|7
|
|t:|1784478317
|move|p2b: Incineroar|Protect||[still]
|-fail|p2b: Incineroar
|move|p1b: Not Washed|Hydro Pump|p2a: Vivillon
|-enditem|p2a: Vivillon|Focus Sash
|-damage|p2a: Vivillon|1/100
|move|p1a: Haribo|Close Combat|p2b: Incineroar
|-supereffective|p2b: Incineroar|1
|-damage|p2b: Incineroar|0 fnt
|-unboost|p1a: Haribo|def|1
|-unboost|p1a: Haribo|spd|1
|faint|p2b: Incineroar
|move|p2a: Vivillon|Hurricane|p1a: Haribo
|-supereffective|p1a: Haribo|1
|-damage|p1a: Haribo|0 fnt
|faint|p1a: Haribo
|
|-weather|RainDance|[upkeep]
|upkeep
|turn|8
|
|t:|1784478329
|move|p2a: Vivillon|Protect|p2a: Vivillon
|-singleturn|p2a: Vivillon|Protect
|move|p1b: Not Washed|Hydro Pump|p2a: Vivillon
|-activate|p2a: Vivillon|move: Protect
|
|-weather|none
|upkeep
|turn|9
|
|t:|1784478331
|move|p1b: Not Washed|Hydro Pump|p2a: Vivillon
|-damage|p2a: Vivillon|0 fnt
|faint|p2a: Vivillon
|
|win|LyricSum
|raw|LyricSum's rating: 1283 → 1307(+24 for winning)
|raw|monsoonisbest's rating: 1274 → 1250(-24 for losing)
