|j|☆Chocokoala VGC
|j|☆lilacq
|html|Chocokoala VGClilacq    
|uhtml|bestof|Game 2 of a best-of-3
|t:|1785415543
|gametype|doubles
|player|p1|Chocokoala VGC|aaron|1285
|player|p2|lilacq|shauntal|1238
|gen|9
|tier|[Gen 9 Champions] VGC 2026 Reg M-B (Bo3)
|rated|
|rule|Species Clause: Limit one of each Pokémon
|rule|Item Clause: Limit 1 of each item
|clearpoke
|poke|p1|Scovillain, L50, M|
|poke|p1|Primarina, L50, F|
|poke|p1|Aerodactyl, L50, F|
|poke|p1|Garchomp, L50, F|
|poke|p1|Gholdengo, L50|
|poke|p1|Grimmsnarl, L50, M|
|poke|p2|Whimsicott, L50, F|
|poke|p2|Eelektross, L50, M|
|poke|p2|Staraptor, L50, F|
|poke|p2|Sinistcha-Masterpiece, L50|
|poke|p2|Ceruledge, L50, F|
|poke|p2|Glimmora, L50, F|
|teampreview|4
|showteam|p1|Scovillain||Scovillainite|Insomnia|Flamethrower,GigaDrain,Protect,RagePowder|Bold||M|||50|]Primarina||Leftovers|LiquidVoice|HyperVoice,Moonblast,Protect,CalmMind|Modest||F|||50|]Aerodactyl||Aerodactylite|Unnerve|RockSlide,DualWingbeat,Protect,Tailwind|Jolly||F|||50|]Garchomp||SoftSand|RoughSkin|Earthquake,StompingTantrum,Protect,DragonClaw|Jolly||F|||50|]Gholdengo||LifeOrb|GoodasGold|MakeItRain,ShadowBall,Protect,NastyPlot|Modest|||||50|]Grimmsnarl||LightClay|Prankster|LightScreen,Reflect,FakeOut,FoulPlay|Calm||M|||50|
|showteam|p2|Whimsicott||FocusSash|Prankster|Tailwind,Moonblast,Tickle,Protect|Timid||F|||50|]Eelektross||Eelektrossite|Levitate|Flamethrower,Thunderbolt,GigaDrain,Protect|Timid||M|||50|]Staraptor||Staraptite|Intimidate|CloseCombat,BraveBird,Roost,Protect|Adamant||F|||50|]Sinistcha-Masterpiece||SitrusBerry|Hospitality|MatchaGotcha,RagePowder,TrickRoom,LifeDew|Calm|||||50|]Ceruledge||ColburBerry|FlashFire|BulkUp,BitterBlade,ShadowSneak,Poltergeist|Adamant||F|||50|]Glimmora||PoisonBarb|ToxicDebris|SludgeBomb,PowerGem,SpikyShield,EarthPower|Timid||F|||50|
|inactive|Battle timer is ON: inactive players will automatically lose when time's up. (requested by Chocokoala VGC)
|
|t:|1785415555
|teamsize|p1|4
|teamsize|p2|4
|start
|switch|p1a: Gholdengo|Gholdengo, L50|100/100
|switch|p1b: Scovillain|Scovillain, L50, M|100/100
|switch|p2a: Whimsicott|Whimsicott, L50, F|100/100
|switch|p2b: Glimmora|Glimmora, L50, F|100/100
|turn|1
|
|t:|1785415566
|detailschange|p1b: Scovillain|Scovillain-Mega, L50, M
|-mega|p1b: Scovillain|Scovillain|Scovillainite
|move|p1b: Scovillain|Rage Powder|p1b: Scovillain
|-singleturn|p1b: Scovillain|move: Rage Powder
|move|p2a: Whimsicott|Tailwind|p2a: Whimsicott
|-sidestart|p2: lilacq|move: Tailwind
|move|p2b: Glimmora|Power Gem|p1b: Scovillain
|-supereffective|p1b: Scovillain|1
|-damage|p1b: Scovillain|15/100
|-status|p2b: Glimmora|brn|[from] ability: Spicy Spray|[of] p1b: Scovillain
|move|p1a: Gholdengo|Make It Rain|p2b: Glimmora|[spread] p2a,p2b
|-supereffective|p2a: Whimsicott|1
|-supereffective|p2b: Glimmora|1
|-enditem|p2a: Whimsicott|Focus Sash
|-damage|p2a: Whimsicott|1/100
|-damage|p2b: Glimmora|0 fnt
|-unboost|p1a: Gholdengo|spa|2
|faint|p2b: Glimmora
|-damage|p1a: Gholdengo|90/100|[from] item: Life Orb
|
|upkeep
|
|t:|1785415575
|switch|p2b: Eelektross|Eelektross, L50, M|100/100
|turn|2
|
|t:|1785415583
|switch|p1a: Garchomp|Garchomp, L50, F|100/100
|detailschange|p2b: Eelektross|Eelektross-Mega, L50, M
|-mega|p2b: Eelektross|Eelektross|Eelektrossite
|move|p1b: Scovillain|Protect|p1b: Scovillain
|-singleturn|p1b: Scovillain|Protect
|move|p2a: Whimsicott|Moonblast|p1b: Scovillain
|-activate|p1b: Scovillain|move: Protect
|move|p2b: Eelektross|Flamethrower|p1a: Garchomp
|-resisted|p1a: Garchomp|1
|-damage|p1a: Garchomp|83/100
|
|upkeep
|turn|3
|
|t:|1785415601
|move|p2a: Whimsicott|Protect|p2a: Whimsicott
|-singleturn|p2a: Whimsicott|Protect
|move|p1a: Garchomp|Protect|p1a: Garchomp
|-singleturn|p1a: Garchomp|Protect
|move|p2b: Eelektross|Thunderbolt|p1b: Scovillain
|-resisted|p1b: Scovillain|1
|-damage|p1b: Scovillain|0 fnt
|-status|p2b: Eelektross|brn|[from] ability: Spicy Spray|[of] p1b: Scovillain
|faint|p1b: Scovillain
|-ability|p2b: Eelektross|Eelevate|boost
|-boost|p2b: Eelektross|spa|1
|
|-damage|p2b: Eelektross|93/100 brn|[from] brn
|upkeep
|
|t:|1785415609
|switch|p1b: Gholdengo|Gholdengo, L50|90/100
|turn|4
|
|t:|1785415617
|switch|p1a: Primarina|Primarina, L50, F|100/100
|move|p1b: Gholdengo|Protect|p1b: Gholdengo
|-singleturn|p1b: Gholdengo|Protect
|move|p2a: Whimsicott|Moonblast|p1a: Primarina
|-damage|p1a: Primarina|71/100
|move|p2b: Eelektross|Flamethrower|p1b: Gholdengo
|-activate|p1b: Gholdengo|move: Protect
|
|-heal|p1a: Primarina|77/100|[from] item: Leftovers
|-damage|p2b: Eelektross|87/100 brn|[from] brn
|-sideend|p2: lilacq|move: Tailwind
|upkeep
|turn|5
|
|t:|1785415639
|move|p2a: Whimsicott|Tailwind|p2a: Whimsicott
|-sidestart|p2: lilacq|move: Tailwind
|move|p2b: Eelektross|Thunderbolt|p1a: Primarina
|-supereffective|p1a: Primarina|1
|-crit|p1a: Primarina
|-damage|p1a: Primarina|0 fnt
|faint|p1a: Primarina
|-ability|p2b: Eelektross|Eelevate|boost
|-boost|p2b: Eelektross|spa|1
|move|p1b: Gholdengo|Shadow Ball|p2b: Eelektross
|-damage|p2b: Eelektross|12/100 brn
|-damage|p1b: Gholdengo|81/100|[from] item: Life Orb
|
|-damage|p2b: Eelektross|6/100 brn|[from] brn
|upkeep
|
|t:|1785415652
|switch|p1a: Garchomp|Garchomp, L50, F|83/100
|turn|6
|
|t:|1785415658
|move|p1a: Garchomp|Protect|p1a: Garchomp
|-singleturn|p1a: Garchomp|Protect
|move|p1b: Gholdengo|Protect|p1b: Gholdengo
|-singleturn|p1b: Gholdengo|Protect
|move|p2a: Whimsicott|Moonblast|p1a: Garchomp
|-activate|p1a: Garchomp|move: Protect
|move|p2b: Eelektross|Flamethrower|p1b: Gholdengo
|-activate|p1b: Gholdengo|move: Protect
|
|-damage|p2b: Eelektross|0 fnt|[from] brn
|faint|p2b: Eelektross
|upkeep
|
|t:|1785415661
|switch|p2b: Sinistcha|Sinistcha-Masterpiece, L50|100/100
|-heal|p2a: Whimsicott|25/100|[from] ability: Hospitality|[of] p2b: Sinistcha
|turn|7
|
|t:|1785415675
|move|p2a: Whimsicott|Moonblast|p1a: Garchomp
|-supereffective|p1a: Garchomp|1
|-damage|p1a: Garchomp|4/100
|move|p2b: Sinistcha|Matcha Gotcha|p1b: Gholdengo|[spread] p1a
|-miss|p2b: Sinistcha|p1b: Gholdengo
|-damage|p1a: Garchomp|0 fnt
|faint|p1a: Garchomp
|move|p1b: Gholdengo|Make It Rain|p2a: Whimsicott|[spread] p2a,p2b
|-supereffective|p2a: Whimsicott|1
|-damage|p2a: Whimsicott|0 fnt
|-damage|p2b: Sinistcha|38/100
|-unboost|p1b: Gholdengo|spa|2
|-enditem|p2b: Sinistcha|Sitrus Berry|[eat]
|-heal|p2b: Sinistcha|62/100|[from] item: Sitrus Berry
|faint|p2a: Whimsicott
|-damage|p1b: Gholdengo|71/100|[from] item: Life Orb
|
|upkeep
|turn|8
|
|t:|1785415685
|move|p2b: Sinistcha|Matcha Gotcha|p1b: Gholdengo
|-resisted|p1b: Gholdengo|1
|-damage|p1b: Gholdengo|52/100
|-heal|p2b: Sinistcha|72/100|[from] drain|[of] p1b: Gholdengo
|move|p1b: Gholdengo|Nasty Plot|p1b: Gholdengo
|-boost|p1b: Gholdengo|spa|2
|
|-sideend|p2: lilacq|move: Tailwind
|upkeep
|turn|9
|
|t:|1785415692
|move|p1b: Gholdengo|Shadow Ball|p2b: Sinistcha
|-supereffective|p2b: Sinistcha|1
|-damage|p2b: Sinistcha|0 fnt
|faint|p2b: Sinistcha
|-damage|p1b: Gholdengo|42/100|[from] item: Life Orb
|
|win|Chocokoala VGC
