|j|☆trinton07
|j|☆Kevin-V8
|html|trinton07Kevin-V8    
|uhtml|bestof|Game 2 of a best-of-3
|t:|1784165905
|gametype|doubles
|player|p1|trinton07|102|1084
|player|p2|Kevin-V8|ethan|1189
|gen|9
|tier|[Gen 9 Champions] VGC 2026 Reg M-B (Bo3)
|rated|
|rule|Species Clause: Limit one of each Pokémon
|rule|Item Clause: Limit 1 of each item
|clearpoke
|poke|p1|Grimmsnarl, L50, M|
|poke|p1|Basculegion, L50, M|
|poke|p1|Charizard, L50, M|
|poke|p1|Pelipper, L50, M|
|poke|p1|Venusaur, L50, F|
|poke|p1|Archaludon, L50, M|
|poke|p2|Metagross, L50|
|poke|p2|Incineroar, L50, M|
|poke|p2|Sinistcha, L50|
|poke|p2|Tyranitar, L50, M|
|poke|p2|Excadrill, L50, M, shiny|
|poke|p2|Dragonite, L50, M|
|teampreview|4
|showteam|p1|Grimmsnarl||LightClay|Prankster|SpiritBreak,PartingShot,Reflect,LightScreen|Sassy||M|||50|]Basculegion||ChoiceScarf|Adaptability|LastRespects,WaveCrash,AquaJet,FlipTurn|Jolly||M|||50|]Charizard||CharizarditeY|Blaze|Protect,HeatWave,WeatherBall,SolarBeam|Modest||M|||50|]Pelipper||SitrusBerry|Drizzle|Hurricane,WeatherBall,Tailwind,WideGuard|Modest||M|||50|]Venusaur||FocusSash|Chlorophyll|SludgeBomb,SleepPowder,EarthPower,Protect|Modest||F|||50|]Archaludon||Leftovers|Stamina|ElectroShot,DragonPulse,FlashCannon,Protect|Calm||M|||50|
|showteam|p2|Metagross||Metagrossite|ClearBody|PsychicFangs,BodyPress,CosmicPower,Protect|Impish|||||50|]Incineroar||SitrusBerry|Intimidate|FlareBlitz,DarkestLariat,FakeOut,PartingShot|Careful||M|||50|]Sinistcha||KasibBerry|Hospitality|MatchaGotcha,RagePowder,LifeDew,Protect|Bold|||||50|]Tyranitar||ChoiceScarf|SandStream|RockSlide,KnockOff,IcePunch,LowKick|Jolly||M|||50|]Excadrill||FocusSash|SandRush|Earthquake,IronHead,RockSlide,Protect|Adamant||M|||50|]Dragonite||Dragoninite|Multiscale|DragonPulse,HeatWave,Tailwind,Protect|Modest||M|||50|
|inactive|Battle timer is ON: inactive players will automatically lose when time's up. (requested by Kevin-V8)
|inactive|trinton07 has 60 seconds left.
|inactive|trinton07 has 30 seconds left.
|inactive|trinton07 has 20 seconds left.
|inactive|trinton07 has 15 seconds left.
|inactive|trinton07 has 10 seconds left.
|inactive|trinton07 has 5 seconds left.
|
|t:|1784165995
|teamsize|p1|4
|teamsize|p2|4
|start
|switch|p1a: Grimmsnarl|Grimmsnarl, L50, M|100/100
|switch|p1b: Basculegion|Basculegion, L50, M|100/100
|switch|p2a: Excadrill|Excadrill, L50, M, shiny|100/100
|switch|p2b: Dragonite|Dragonite, L50, M|100/100
|turn|1
|inactive|Kevin-V8 has 30 seconds left.
|inactive|Kevin-V8 has 20 seconds left.
|inactive|Kevin-V8 has 15 seconds left.
|
|t:|1784166037
|detailschange|p2b: Dragonite|Dragonite-Mega, L50, M
|-mega|p2b: Dragonite|Dragonite|Dragoninite
|move|p1a: Grimmsnarl|Light Screen|p1a: Grimmsnarl
|-sidestart|p1: trinton07|move: Light Screen
|move|p1b: Basculegion|Wave Crash|p2a: Excadrill
|-supereffective|p2a: Excadrill|1
|-enditem|p2a: Excadrill|Focus Sash
|-damage|p2a: Excadrill|1/100
|-damage|p1b: Basculegion|68/100|[from] Recoil
|move|p2b: Dragonite|Tailwind|p2b: Dragonite
|-sidestart|p2: Kevin-V8|move: Tailwind
|move|p2a: Excadrill|Iron Head|p1a: Grimmsnarl
|-supereffective|p1a: Grimmsnarl|1
|-damage|p1a: Grimmsnarl|12/100
|
|upkeep
|turn|2
|inactive|Kevin-V8 has 30 seconds left.
|
|t:|1784166068
|move|p2a: Excadrill|Protect|p2a: Excadrill
|-singleturn|p2a: Excadrill|Protect
|move|p1a: Grimmsnarl|Reflect|p1a: Grimmsnarl
|-sidestart|p1: trinton07|Reflect
|move|p2b: Dragonite|Dragon Pulse|p1b: Basculegion
|-damage|p1b: Basculegion|28/100
|move|p1b: Basculegion|Wave Crash|p2a: Excadrill
|-activate|p2a: Excadrill|move: Protect
|
|upkeep
|turn|3
|inactive|Kevin-V8 has 30 seconds left.
|
|t:|1784166094
|switch|p2a: Sinistcha|Sinistcha, L50|100/100
|switch|p1b: Pelipper|Pelipper, L50, M|100/100
|-weather|RainDance|[from] ability: Drizzle|[of] p1b: Pelipper
|move|p1a: Grimmsnarl|Parting Shot|p2b: Dragonite
|-unboost|p2b: Dragonite|atk|1
|-unboost|p2b: Dragonite|spa|1
|
|t:|1784166105
|switch|p1a: Basculegion|Basculegion, L50, M|28/100|[from] Parting Shot
|move|p2b: Dragonite|Heat Wave|p1b: Pelipper|[spread] p1a,p1b
|-resisted|p1a: Basculegion|1
|-resisted|p1b: Pelipper|1
|-damage|p1a: Basculegion|25/100
|-damage|p1b: Pelipper|95/100
|-status|p1b: Pelipper|brn
|
|-weather|RainDance|[upkeep]
|-damage|p1b: Pelipper|89/100 brn|[from] brn
|upkeep
|turn|4
|
|t:|1784166121
|move|p2b: Dragonite|Dragon Pulse|p1b: Pelipper
|-crit|p1b: Pelipper
|-damage|p1b: Pelipper|0 fnt
|faint|p1b: Pelipper
|move|p1a: Basculegion|Flip Turn|p2b: Dragonite
|-resisted|p2b: Dragonite|1
|-damage|p2b: Dragonite|86/100
|
|t:|1784166131
|switch|p1a: Grimmsnarl|Grimmsnarl, L50, M|12/100|[from] Flip Turn
|move|p2a: Sinistcha|Matcha Gotcha|p1a: Grimmsnarl|[miss]
|-miss|p2a: Sinistcha|p1a: Grimmsnarl
|
|-weather|RainDance|[upkeep]
|-sideend|p2: Kevin-V8|move: Tailwind
|upkeep
|
|t:|1784166139
|switch|p1b: Basculegion|Basculegion, L50, M|25/100
|turn|5
|
|t:|1784166155
|move|p2a: Sinistcha|Rage Powder|p2a: Sinistcha
|-singleturn|p2a: Sinistcha|move: Rage Powder
|move|p1b: Basculegion|Last Respects|p2a: Sinistcha
|-supereffective|p2a: Sinistcha|1
|-enditem|p2a: Sinistcha|Kasib Berry|[eat]
|-enditem|p2a: Sinistcha|Kasib Berry|[weaken]
|-damage|p2a: Sinistcha|47/100
|move|p2b: Dragonite|Dragon Pulse|p1b: Basculegion
|-damage|p1b: Basculegion|0 fnt
|faint|p1b: Basculegion
|move|p1a: Grimmsnarl|Spirit Break|p2a: Sinistcha
|-damage|p2a: Sinistcha|20/100y
|-unboost|p2a: Sinistcha|spa|1
|
|-weather|RainDance|[upkeep]
|upkeep
|
|t:|1784166169
|switch|p1b: Charizard|Charizard, L50, M|100/100
|turn|6
|
|t:|1784166189
|move|p2b: Dragonite|Protect|p2b: Dragonite
|-singleturn|p2b: Dragonite|Protect
|move|p1b: Charizard|Heat Wave|p2b: Dragonite|[spread] p2a
|-activate|p2b: Dragonite|move: Protect
|-supereffective|p2a: Sinistcha|1
|-damage|p2a: Sinistcha|0 fnt
|faint|p2a: Sinistcha
|move|p1a: Grimmsnarl|Spirit Break|p2b: Dragonite
|-activate|p2b: Dragonite|move: Protect
|
|-weather|RainDance|[upkeep]
|upkeep
|
|t:|1784166209
|switch|p2a: Tyranitar|Tyranitar, L50, M|100/100
|-weather|Sandstorm|[from] ability: Sand Stream|[of] p2a: Tyranitar
|turn|7
|
|t:|1784166224
|detailschange|p1b: Charizard|Charizard-Mega-Y, L50, M
|-mega|p1b: Charizard|Charizard|Charizardite Y
|-weather|SunnyDay|[from] ability: Drought|[of] p1b: Charizard
|move|p2a: Tyranitar|Rock Slide|p1a: Grimmsnarl|[spread] p1a,p1b
|-supereffective|p1b: Charizard|2
|-damage|p1a: Grimmsnarl|0 fnt
|-damage|p1b: Charizard|22/100
|faint|p1a: Grimmsnarl
|move|p2b: Dragonite|Heat Wave|p1b: Charizard
|-resisted|p1b: Charizard|1
|-damage|p1b: Charizard|9/100
|move|p1b: Charizard|Solar Beam||[still]
|-prepare|p1b: Charizard|Solar Beam
|-anim|p1b: Charizard|Solar Beam|p2a: Tyranitar
|-supereffective|p2a: Tyranitar|1
|-damage|p2a: Tyranitar|3/100
|
|-weather|SunnyDay|[upkeep]
|upkeep
|turn|8
|
|t:|1784166242
|move|p2a: Tyranitar|Rock Slide|p1b: Charizard
|-supereffective|p1b: Charizard|2
|-damage|p1b: Charizard|0 fnt
|faint|p1b: Charizard
|
|win|Kevin-V8
|raw|trinton07's rating: 1084 → 1068(-16 for losing)
|raw|Kevin-V8's rating: 1189 → 1207(+18 for winning)
|c|☆Kevin-V8|your thinking too much , that team is weak to sand. Get coaching
|l|☆Kevin-V8
|player|p2|
|l|☆trinton07
|player|p1|
|j|☆Kevin-V8
|player|p2|Kevin-V8|ethan|
