|j|☆Marauder1
|j|☆reiiji
|html|Marauder1reiiji    
|uhtml|bestof|Game 1 of a best-of-3
|t:|1784437756
|gametype|doubles
|player|p1|Marauder1|170|1051
|player|p2|reiiji|steven|1009
|gen|9
|tier|[Gen 9 Champions] VGC 2026 Reg M-B (Bo3)
|rated|
|rule|Species Clause: Limit one of each Pokémon
|rule|Item Clause: Limit 1 of each item
|clearpoke
|poke|p1|Aerodactyl, L50, F|
|poke|p1|Gholdengo, L50|
|poke|p1|Tsareena, L50, F|
|poke|p1|Lopunny, L50, F|
|poke|p1|Basculegion, L50, M|
|poke|p1|Hydreigon, L50, F|
|poke|p2|Delphox, L50, F|
|poke|p2|Vivillon-Fancy, L50, F, shiny|
|poke|p2|Garchomp, L50, M|
|poke|p2|Slowking-Galar, L50, F|
|poke|p2|Samurott-Hisui, L50, F|
|poke|p2|Decidueye-Hisui, L50, F|
|teampreview|4
|showteam|p1|Aerodactyl||FocusSash|Unnerve|RockSlide,DualWingbeat,Tailwind,Protect|Jolly||F|||50|]Gholdengo||LifeOrb|GoodasGold|MakeItRain,ShadowBall,PowerGem,Protect|Modest|||||50|]Tsareena||CobaBerry|QueenlyMajesty|TropKick,LowKick,Taunt,HelpingHand|Adamant||F|||50|]Lopunny||Lopunnite|Limber|FakeOut,CloseCombat,TripleAxel,Protect|Jolly||F|||50|]Basculegion||MysticWater|Adaptability|WaveCrash,LastRespects,AquaJet,Protect|Adamant||M|||50|]Hydreigon||ChoiceScarf|Levitate|DarkPulse,DracoMeteor,Flamethrower,EarthPower|Modest||F|||50|
|showteam|p2|Delphox||Delphoxite|Magician|HeatWave,ExpandingForce,Protect,NastyPlot|Timid||F|||50|]Vivillon-Fancy||ChoiceScarf|CompoundEyes|SleepPowder,Hurricane,PollenPuff,SunnyDay|Timid||F|||50|]Garchomp||LifeOrb|RoughSkin|RockSlide,DragonClaw,PoisonJab,Earthquake|Jolly||M|||50|]Slowking-Galar||SitrusBerry|Regenerator|TrickRoom,PsychicNoise,Belch,ChillingWater|Quiet||F|||50|]Samurott-Hisui||FocusSash|Sharpness|CeaselessEdge,AquaCutter,SacredSword,Protect|Jolly||F|||50|]Decidueye-Hisui||Leftovers|Scrappy|LeafBlade,TripleArrows,Coaching,Synthesis|Adamant||F|||50|
|inactive|Battle timer is ON: inactive players will automatically lose when time's up. (requested by reiiji)
|l|☆reiiji
|inactive|reiiji disconnected and has a minute to reconnect!
|player|p2|
|j|☆reiiji
|inactive|reiiji reconnected and has 70 seconds left.
|player|p2|reiiji|steven|
|inactive|Marauder1 has 60 seconds left.
|inactive|reiiji has 60 seconds left.
|
|t:|1784437811
|teamsize|p1|4
|teamsize|p2|4
|start
|switch|p1a: Aerodactyl|Aerodactyl, L50, F|100/100
|switch|p1b: Lopunny|Lopunny, L50, F|100/100
|switch|p2a: Slowking|Slowking-Galar, L50, F|100/100
|switch|p2b: Decidueye|Decidueye-Hisui, L50, F|100/100
|-ability|p1a: Aerodactyl|Unnerve
|turn|1
|
|t:|1784437828
|switch|p2b: Samurott|Samurott-Hisui, L50, F|100/100
|detailschange|p1b: Lopunny|Lopunny-Mega, L50, F
|-mega|p1b: Lopunny|Lopunny|Lopunnite
|move|p1b: Lopunny|Fake Out|p2a: Slowking
|-damage|p2a: Slowking|75/100
|move|p1a: Aerodactyl|Dual Wingbeat|p2b: Samurott
|-damage|p2b: Samurott|77/100
|-damage|p2b: Samurott|54/100
|-hitcount|p2b: Samurott|2
|cant|p2a: Slowking|flinch
|
|upkeep
|turn|2
|inactive|Marauder1 has 30 seconds left.
|
|t:|1784437858
|move|p2b: Samurott|Protect|p2b: Samurott
|-singleturn|p2b: Samurott|Protect
|move|p1b: Lopunny|Close Combat|p2b: Samurott
|-activate|p2b: Samurott|move: Protect
|move|p1a: Aerodactyl|Rock Slide|p2a: Slowking|[spread] p2a
|-activate|p2b: Samurott|move: Protect
|-damage|p2a: Slowking|48/100
|move|p2a: Slowking|Trick Room|p2a: Slowking
|-fieldstart|move: Trick Room|[of] p2a: Slowking
|
|upkeep
|turn|3
|inactive|reiiji has 30 seconds left.
|inactive|reiiji has 20 seconds left.
|inactive|reiiji has 15 seconds left.
|
|t:|1784437902
|switch|p1b: Gholdengo|Gholdengo, L50|100/100
|move|p2a: Slowking|Psychic Noise|p1b: Gholdengo
|-resisted|p1b: Gholdengo|1
|-damage|p1b: Gholdengo|78/100
|-start|p1b: Gholdengo|move: Heal Block
|move|p2b: Samurott|Aqua Cutter|p1a: Aerodactyl
|-supereffective|p1a: Aerodactyl|1
|-enditem|p1a: Aerodactyl|Focus Sash
|-damage|p1a: Aerodactyl|1/100
|move|p1a: Aerodactyl|Rock Slide|p2b: Samurott|[spread] p2a
|-miss|p1a: Aerodactyl|p2b: Samurott
|-damage|p2a: Slowking|21/100
|
|upkeep
|turn|4
|inactive|Marauder1 has 30 seconds left.
|
|t:|1784437929
|move|p1a: Aerodactyl|Protect|p1a: Aerodactyl
|-singleturn|p1a: Aerodactyl|Protect
|move|p2a: Slowking|Chilling Water|p1a: Aerodactyl
|-activate|p1a: Aerodactyl|move: Protect
|move|p1b: Gholdengo|Make It Rain|p2b: Samurott|[spread] p2a,p2b
|-resisted|p2b: Samurott|1
|-damage|p2a: Slowking|0 fnt
|-damage|p2b: Samurott|4/100
|-unboost|p1b: Gholdengo|spa|2
|faint|p2a: Slowking
|-damage|p1b: Gholdengo|68/100|[from] item: Life Orb
|move|p2b: Samurott|Ceaseless Edge|p1b: Gholdengo
|-supereffective|p1b: Gholdengo|1
|-damage|p1b: Gholdengo|0 fnt
|-sidestart|p1: Marauder1|Spikes
|faint|p1b: Gholdengo
|
|upkeep
|inactive|reiiji has 30 seconds left.
|
|t:|1784437958
|switch|p2a: Decidueye|Decidueye-Hisui, L50, F|100/100
|switch|p1b: Basculegion|Basculegion, L50, M|100/100
|-damage|p1b: Basculegion|87/100|[from] Spikes
|turn|5
|
|t:|1784437965
|move|p1b: Basculegion|Aqua Jet|p2b: Samurott
|-resisted|p2b: Samurott|1
|-damage|p2b: Samurott|0 fnt
|faint|p2b: Samurott
|move|p2a: Decidueye|Leaf Blade|p1b: Basculegion
|-supereffective|p1b: Basculegion|1
|-damage|p1b: Basculegion|0 fnt
|faint|p1b: Basculegion
|move|p1a: Aerodactyl|Dual Wingbeat|p2a: Decidueye
|-supereffective|p2a: Decidueye|2
|-damage|p2a: Decidueye|13/100
|-supereffective|p2a: Decidueye|2
|-damage|p2a: Decidueye|0 fnt
|faint|p2a: Decidueye
|-hitcount|p2: Decidueye|2
|
|upkeep
|
|t:|1784437971
|switch|p1b: Lopunny|Lopunny-Mega, L50, F|100/100
|switch|p2b: Delphox|Delphox, L50, F|100/100
|-damage|p1b: Lopunny|88/100|[from] Spikes
|turn|6
|
|t:|1784437978
|detailschange|p2b: Delphox|Delphox-Mega, L50, F
|-mega|p2b: Delphox|Delphox|Delphoxite
|move|p2b: Delphox|Protect|p2b: Delphox
|-singleturn|p2b: Delphox|Protect
|move|p1b: Lopunny|Fake Out|p2b: Delphox
|-activate|p2b: Delphox|move: Protect
|move|p1a: Aerodactyl|Tailwind|p1a: Aerodactyl
|-sidestart|p1: Marauder1|move: Tailwind
|
|-fieldend|move: Trick Room
|upkeep
|turn|7
|
|t:|1784437986
|move|p1b: Lopunny|Close Combat|p2b: Delphox
|-resisted|p2b: Delphox|1
|-damage|p2b: Delphox|50/100g
|-unboost|p1b: Lopunny|def|1
|-unboost|p1b: Lopunny|spd|1
|move|p1a: Aerodactyl|Rock Slide|p2b: Delphox
|-supereffective|p2b: Delphox|1
|-damage|p2b: Delphox|0 fnt
|faint|p2b: Delphox
|
|win|Marauder1
||Marauder1 is ready for game 2.
|inactive|reiiji has 30 seconds to confirm battle start!
|inactive|reiiji has 20 seconds to confirm battle start!
|inactive|reiiji has 10 seconds to confirm battle start!
|uhtml|next|Next: Game 2 of 3
|l|☆reiiji
|player|p2|
