|j|☆MikeShinobu
|j|☆int shinji
|html|MikeShinobuint shinji    
|uhtml|bestof|Game 2 of a best-of-3
|t:|1783101637
|gametype|doubles
|player|p1|MikeShinobu|ethan|1122
|player|p2|int shinji|101|1036
|gen|9
|tier|[Gen 9 Champions] VGC 2026 Reg M-B (Bo3)
|rated|
|rule|Species Clause: Limit one of each Pokémon
|rule|Item Clause: Limit 1 of each item
|clearpoke
|poke|p1|Whimsicott, L50, F|
|poke|p1|Garchomp, L50, M|
|poke|p1|Staraptor, L50, M|
|poke|p1|Blaziken, L50, M|
|poke|p1|Ninetales-Alola, L50, F|
|poke|p1|Excadrill, L50, F|
|poke|p2|Kingambit, L50, F|
|poke|p2|Charizard, L50, F|
|poke|p2|Aerodactyl, L50, M|
|poke|p2|Farigiraf, L50, M|
|poke|p2|Garchomp, L50, M|
|poke|p2|Sylveon, L50, F|
|teampreview|4
|showteam|p1|Whimsicott||CobaBerry|Prankster|Encore,Tailwind,Moonblast,Charm|Timid||F|||50|]Garchomp||LifeOrb|RoughSkin|DragonClaw,Earthquake,Protect,RockSlide|Jolly||M|||50|]Staraptor||Staraptite|Intimidate|CloseCombat,BraveBird,Roost,Protect|Jolly||M|||50|]Blaziken||FocusSash|SpeedBoost|Coaching,Protect,BrickBreak,FlareBlitz|Adamant||M|||50|]Ninetales-Alola||LightClay|SnowWarning|Blizzard,Moonblast,AuroraVeil,Protect|Modest||F|||50|]Excadrill||Excadrite|MoldBreaker|Earthquake,HighHorsepower,IronHead,Protect|Jolly||F|||50|
|showteam|p2|Kingambit||FocusSash|Defiant|KowtowCleave,IronHead,SuckerPunch,LowKick|Adamant||F|||50|]Charizard||CharizarditeY|Blaze|HeatWave,SolarBeam,WeatherBall,Protect|Modest||F|||50|]Aerodactyl||Aerodactylite|Unnerve|RockSlide,DualWingbeat,IceFang,Tailwind|Jolly||M|||50|]Farigiraf||SitrusBerry|ArmorTail|Psychic,Thunderbolt,TrickRoom,Protect|Bold||M|||50|]Garchomp||LifeOrb|RoughSkin|Earthquake,DragonClaw,StompingTantrum,Protect|Jolly||M|||50|]Sylveon||FairyFeather|Pixilate|HyperVoice,HyperBeam,QuickAttack,Protect|Modest||F|||50|
|inactive|Battle timer is ON: inactive players will automatically lose when time's up. (requested by MikeShinobu)
|inactive|MikeShinobu has 60 seconds left.
|inactive|int shinji has 60 seconds left.
|
|t:|1783101676
|teamsize|p1|4
|teamsize|p2|4
|start
|switch|p1a: Blaziken|Blaziken, L50, M|100/100
|switch|p1b: Excadrill|Excadrill, L50, F|100/100
|switch|p2a: Sylveon|Sylveon, L50, F|100/100
|switch|p2b: Farigiraf|Farigiraf, L50, M|100/100
|-ability|p1b: Excadrill|Mold Breaker
|turn|1
|inactive|MikeShinobu has 30 seconds left.
|inactive|MikeShinobu has 20 seconds left.
|
|t:|1783101712
|detailschange|p1b: Excadrill|Excadrill-Mega, L50, F
|-mega|p1b: Excadrill|Excadrill|Excadrite
|move|p1b: Excadrill|Iron Head|p2b: Farigiraf
|-damage|p2b: Farigiraf|59/100
|move|p1a: Blaziken|Flare Blitz|p2b: Farigiraf
|-crit|p2b: Farigiraf
|-damage|p2b: Farigiraf|0 fnt
|faint|p2b: Farigiraf
|-damage|p1a: Blaziken|72/100|[from] Recoil
|move|p2a: Sylveon|Hyper Beam|p1a: Blaziken
|-damage|p1a: Blaziken|0 fnt
|-mustrecharge|p2a: Sylveon
|faint|p1a: Blaziken
|
|upkeep
|
|t:|1783101728
|switch|p1a: Garchomp|Garchomp, L50, M|100/100
|switch|p2b: Charizard|Charizard, L50, F|100/100
|turn|2
|
|t:|1783101749
|switch|p2b: Garchomp|Garchomp, L50, M|100/100
|move|p1b: Excadrill|Iron Head|p2b: Garchomp
|-damage|p2b: Garchomp|48/100
|-damage|p1b: Excadrill|87/100|[from] ability: Rough Skin|[of] p2b: Garchomp
|move|p1a: Garchomp|Rock Slide|p2b: Garchomp|[spread] p2a,p2b
|-resisted|p2b: Garchomp|1
|-damage|p2a: Sylveon|70/100
|-damage|p2b: Garchomp|36/100
|-damage|p1a: Garchomp|90/100|[from] item: Life Orb
|cant|p2a: Sylveon|recharge
|
|upkeep
|turn|3
|inactive|int shinji has 30 seconds left.
|inactive|int shinji has 20 seconds left.
|
|t:|1783101784
|move|p2a: Sylveon|Protect|p2a: Sylveon
|-singleturn|p2a: Sylveon|Protect
|move|p1b: Excadrill|Iron Head|p2a: Sylveon
|-supereffective|p2a: Sylveon|1
|-ability|p1b: Excadrill|Piercing Drill
|-zbroken|p2a: Sylveon
|-damage|p2a: Sylveon|40/100
|move|p1a: Garchomp|Dragon Claw|p2b: Garchomp
|-supereffective|p2b: Garchomp|1
|-damage|p2b: Garchomp|0 fnt
|-damage|p1a: Garchomp|78/100|[from] ability: Rough Skin|[of] p2b: Garchomp
|faint|p2b: Garchomp
|-damage|p1a: Garchomp|68/100|[from] item: Life Orb
|
|upkeep
|
|t:|1783101793
|switch|p2b: Charizard|Charizard, L50, F|100/100
|turn|4
|
|t:|1783101805
|detailschange|p2b: Charizard|Charizard-Mega-Y, L50, F
|-mega|p2b: Charizard|Charizard|Charizardite Y
|-weather|SunnyDay|[from] ability: Drought|[of] p2b: Charizard
|move|p1b: Excadrill|Iron Head|p2a: Sylveon
|-supereffective|p2a: Sylveon|1
|-damage|p2a: Sylveon|0 fnt
|faint|p2a: Sylveon
|move|p1a: Garchomp|Rock Slide|p2b: Charizard|[miss]
|-miss|p1a: Garchomp|p2b: Charizard
|move|p2b: Charizard|Heat Wave|p1a: Garchomp|[spread] p1a,p1b
|-resisted|p1a: Garchomp|1
|-supereffective|p1b: Excadrill|1
|-damage|p1a: Garchomp|33/100
|-damage|p1b: Excadrill|0 fnt
|faint|p1b: Excadrill
|
|-weather|SunnyDay|[upkeep]
|upkeep
|
|t:|1783101813
|switch|p1b: Ninetales|Ninetales-Alola, L50, F|100/100
|-weather|Snowscape|[from] ability: Snow Warning|[of] p1b: Ninetales
|turn|5
|
|t:|1783101820
|move|p1a: Garchomp|Rock Slide|p2b: Charizard
|-supereffective|p2b: Charizard|2
|-damage|p2b: Charizard|0 fnt
|faint|p2b: Charizard
|-damage|p1a: Garchomp|24/100|[from] item: Life Orb
|
|win|MikeShinobu
