|j|☆lolgz
|j|☆Zav2603
|html|lolgzZav2603    
|uhtml|bestof|Game 1 of a best-of-3
|t:|1784094022
|gametype|doubles
|player|p1|lolgz|dawn|1089
|player|p2|Zav2603|1|1013
|gen|9
|tier|[Gen 9 Champions] VGC 2026 Reg M-B (Bo3)
|rated|
|rule|Species Clause: Limit one of each Pokémon
|rule|Item Clause: Limit 1 of each item
|clearpoke
|poke|p1|Delphox, L50, M|
|poke|p1|Incineroar, L50, F|
|poke|p1|Vivillon, L50, M|
|poke|p1|Sinistcha, L50|
|poke|p1|Blastoise, L50, M|
|poke|p1|Maushold, L50|
|poke|p2|Froslass, L50, F|
|poke|p2|Rotom-Frost, L50|
|poke|p2|Whimsicott, L50, M|
|poke|p2|Sneasler, L50, F|
|poke|p2|Garchomp, L50, F|
|poke|p2|Kingambit, L50, F|
|teampreview|4
|showteam|p1|Delphox||Delphoxite|Blaze|HeatWave,Psychic,NastyPlot,Protect|Timid||M|||50|]Incineroar||SitrusBerry|Intimidate|FakeOut,PartingShot,FlareBlitz,ThroatChop|Impish||F|||50|]Vivillon||ChoiceScarf|CompoundEyes|SleepPowder,Hurricane,RagePowder,Tailwind|Timid||M|||50|]Sinistcha||CobaBerry|Hospitality|MatchaGotcha,RagePowder,Protect,TrickRoom|Bold|||||50|]Blastoise||Blastoisinite|RainDish|Protect,WaterSpout,DarkPulse,ShellSmash|Modest||M|||50|]Maushold||FocusSash|FriendGuard|FollowMe,Protect,SuperFang,HelpingHand|Jolly|||||50|
|showteam|p2|Froslass||Froslassite|SnowCloak|AuroraVeil,Blizzard,ShadowBall,Protect|Modest||F|||50|]Rotom-Frost||Leftovers|Levitate|Blizzard,Thunderbolt,WillOWisp,LightScreen|Modest|||||50|]Whimsicott||FocusSash|Prankster|DazzlingGleam,Protect,Tailwind,Taunt|Timid||M|||50|]Sneasler||MentalHerb|Unburden|DireClaw,CloseCombat,FakeOut,Protect|Adamant||F|||50|]Garchomp||LifeOrb|SandVeil|DragonClaw,Earthquake,RockSlide,Protect|Adamant||F|||50|]Kingambit||BlackGlasses|Defiant|IronHead,KowtowCleave,SuckerPunch,Protect|Adamant||F|||50|
|inactive|Battle timer is ON: inactive players will automatically lose when time's up. (requested by lolgz)
|inactive|Zav2603 has 60 seconds left.
|
|t:|1784094068
|teamsize|p1|4
|teamsize|p2|4
|start
|switch|p1a: Incineroar|Incineroar, L50, F|100/100
|switch|p1b: Delphox|Delphox, L50, M|100/100
|switch|p2a: Whimsicott|Whimsicott, L50, M|100/100
|switch|p2b: Garchomp|Garchomp, L50, F|100/100
|-ability|p1a: Incineroar|Intimidate|boost
|-unboost|p2a: Whimsicott|atk|1
|-unboost|p2b: Garchomp|atk|1
|turn|1
|
|t:|1784094078
|detailschange|p1b: Delphox|Delphox-Mega, L50, M
|-mega|p1b: Delphox|Delphox|Delphoxite
|move|p1a: Incineroar|Fake Out|p2a: Whimsicott
|-damage|p2a: Whimsicott|83/100
|cant|p2a: Whimsicott|flinch
|move|p1b: Delphox|Nasty Plot|p1b: Delphox
|-boost|p1b: Delphox|spa|2
|move|p2b: Garchomp|Rock Slide|p1b: Delphox|[spread] p1a,p1b
|-supereffective|p1a: Incineroar|1
|-supereffective|p1b: Delphox|1
|-damage|p1a: Incineroar|60/100
|-damage|p1b: Delphox|46/100
|-damage|p2b: Garchomp|90/100|[from] item: Life Orb
|
|upkeep
|turn|2
|
|t:|1784094092
|move|p1b: Delphox|Protect|p1b: Delphox
|-singleturn|p1b: Delphox|Protect
|move|p2a: Whimsicott|Tailwind|p2a: Whimsicott
|-sidestart|p2: Zav2603|move: Tailwind
|move|p2b: Garchomp|Rock Slide|p1a: Incineroar|[spread] p1a
|-activate|p1b: Delphox|move: Protect
|-supereffective|p1a: Incineroar|1
|-damage|p1a: Incineroar|18/100
|-enditem|p1a: Incineroar|Sitrus Berry|[eat]
|-heal|p1a: Incineroar|43/100|[from] item: Sitrus Berry
|-damage|p2b: Garchomp|80/100|[from] item: Life Orb
|move|p1a: Incineroar|Parting Shot|p2b: Garchomp
|-unboost|p2b: Garchomp|atk|1
|-unboost|p2b: Garchomp|spa|1
|
|t:|1784094105
|switch|p1a: Sinistcha|Sinistcha, L50|100/100|[from] Parting Shot
|-heal|p1b: Delphox|70/100|[from] ability: Hospitality|[of] p1a: Sinistcha
|
|upkeep
|turn|3
|inactive|Zav2603 has 30 seconds left.
|inactive|Zav2603 has 20 seconds left.
|
|t:|1784094145
|switch|p2b: Rotom|Rotom-Frost, L50|100/100
|move|p1a: Sinistcha|Rage Powder|p1a: Sinistcha
|-singleturn|p1a: Sinistcha|move: Rage Powder
|move|p2a: Whimsicott|Taunt|p1a: Sinistcha
|-start|p1a: Sinistcha|move: Taunt
|move|p1b: Delphox|Psychic|p2b: Rotom
|-damage|p2b: Rotom|0 fnt
|faint|p2b: Rotom
|
|upkeep
|
|t:|1784094156
|switch|p2b: Garchomp|Garchomp, L50, F|80/100
|turn|4
|
|t:|1784094166
|switch|p1a: Incineroar|Incineroar, L50, F|43/100
|-ability|p1a: Incineroar|Intimidate|boost
|-unboost|p2a: Whimsicott|atk|1
|-unboost|p2b: Garchomp|atk|1
|move|p1b: Delphox|Protect|p1b: Delphox
|-singleturn|p1b: Delphox|Protect
|move|p2a: Whimsicott|Dazzling Gleam|p1a: Incineroar|[spread] p1a
|-activate|p1b: Delphox|move: Protect
|-damage|p1a: Incineroar|18/100
|move|p2b: Garchomp|Rock Slide|p1b: Delphox|[spread] p1a
|-activate|p1b: Delphox|move: Protect
|-supereffective|p1a: Incineroar|1
|-damage|p1a: Incineroar|0 fnt
|faint|p1a: Incineroar
|-damage|p2b: Garchomp|70/100|[from] item: Life Orb
|
|upkeep
|
|t:|1784094177
|switch|p1a: Sinistcha|Sinistcha, L50|100/100
|-heal|p1b: Delphox|95/100|[from] ability: Hospitality|[of] p1a: Sinistcha
|turn|5
|
|t:|1784094198
|switch|p1a: Maushold|Maushold, L50|100/100
|move|p2a: Whimsicott|Dazzling Gleam|p1a: Maushold|[spread] p1a,p1b
|-resisted|p1b: Delphox|1
|-damage|p1a: Maushold|73/100
|-damage|p1b: Delphox|86/100
|move|p2b: Garchomp|Rock Slide|p1b: Delphox|[spread] p1a,p1b
|-supereffective|p1b: Delphox|1
|-damage|p1a: Maushold|49/100
|-damage|p1b: Delphox|45/100
|-damage|p2b: Garchomp|61/100|[from] item: Life Orb
|move|p1b: Delphox|Heat Wave|p2b: Garchomp|[spread] p2a
|-miss|p1b: Delphox|p2b: Garchomp
|-supereffective|p2a: Whimsicott|1
|-damage|p2a: Whimsicott|0 fnt
|faint|p2a: Whimsicott
|
|-sideend|p2: Zav2603|move: Tailwind
|upkeep
|
|t:|1784094214
|switch|p2a: Froslass|Froslass, L50, F|100/100
|turn|6
|inactive|Zav2603 has 30 seconds left.
|
|t:|1784094239
|detailschange|p2a: Froslass|Froslass-Mega, L50, F
|-mega|p2a: Froslass|Froslass|Froslassite
|-weather|Snowscape|[from] ability: Snow Warning|[of] p2a: Froslass
|move|p1a: Maushold|Follow Me|p1a: Maushold
|-singleturn|p1a: Maushold|move: Follow Me
|move|p1b: Delphox|Psychic|p2b: Garchomp
|-damage|p2b: Garchomp|0 fnt
|faint|p2b: Garchomp
|move|p2a: Froslass|Aurora Veil|p2a: Froslass
|-sidestart|p2: Zav2603|move: Aurora Veil
|
|-weather|Snowscape|[upkeep]
|upkeep
|turn|7
|
|t:|1784094262
|switch|p1a: Sinistcha|Sinistcha, L50|100/100
|-heal|p1b: Delphox|70/100|[from] ability: Hospitality|[of] p1a: Sinistcha
|move|p1b: Delphox|Protect|p1b: Delphox
|-singleturn|p1b: Delphox|Protect
|move|p2a: Froslass|Shadow Ball|p1b: Delphox
|-activate|p1b: Delphox|move: Protect
|
|-weather|Snowscape|[upkeep]
|upkeep
|turn|8
|
|t:|1784094275
|move|p2a: Froslass|Protect|p2a: Froslass
|-singleturn|p2a: Froslass|Protect
|move|p1b: Delphox|Heat Wave|p2a: Froslass
|-activate|p2a: Froslass|move: Protect
|move|p1a: Sinistcha|Matcha Gotcha|p2a: Froslass
|-activate|p2a: Froslass|move: Protect
|
|-weather|Snowscape|[upkeep]
|upkeep
|turn|9
|inactive|Zav2603 has 30 seconds left.
|inactive|Zav2603 has 20 seconds left.
|inactive|Zav2603 has 15 seconds left.
|
|t:|1784094318
|switch|p1a: Maushold|Maushold, L50|49/100
|move|p1b: Delphox|Protect|p1b: Delphox
|-singleturn|p1b: Delphox|Protect
|move|p2a: Froslass|Shadow Ball|p1b: Delphox
|-activate|p1b: Delphox|move: Protect
|
|-weather|Snowscape|[upkeep]
|upkeep
|turn|10
|
|t:|1784094334
|move|p1a: Maushold|Follow Me|p1a: Maushold
|-singleturn|p1a: Maushold|move: Follow Me
|move|p1b: Delphox|Heat Wave|p2a: Froslass
|-supereffective|p2a: Froslass|1
|-damage|p2a: Froslass|0 fnt
|faint|p2a: Froslass
|
|win|lolgz
