|j|☆mackerjuan
|j|☆vgc_eon
|html|mackerjuanvgc_eon    
|uhtml|bestof|Game 1 of a best-of-3
|t:|1756209007
|gametype|doubles
|player|p1|mackerjuan|2|1206
|player|p2|vgc_eon|green|1154
|gen|9
|tier|[Gen 9] VGC 2025 Reg H (Bo3)
|rated|
|rule|Species Clause: Limit one of each Pokémon
|rule|Item Clause: Limit 1 of each item
|clearpoke
|poke|p1|Incineroar, L50, F|
|poke|p1|Gholdengo, L50|
|poke|p1|Porygon2, L50|
|poke|p1|Ursaluna, L50, F|
|poke|p1|Amoonguss, L50, M|
|poke|p1|Hydreigon, L50, F|
|poke|p2|Sneasler, L50, F|
|poke|p2|Dragonite, L50, F|
|poke|p2|Dondozo, L50, M|
|poke|p2|Rillaboom, L50, M|
|poke|p2|Volcarona, L50, F|
|poke|p2|Electabuzz, L50, M|
|teampreview|4
|showteam|p1|Incineroar||SafetyGoggles|Intimidate|FlareBlitz,KnockOff,FakeOut,PartingShot|||F|||50|,,,,,Ghost]Gholdengo||LifeOrb|GoodasGold|MakeItRain,ShadowBall,NastyPlot,Protect||||||50|,,,,,Water]Porygon2||Eviolite|Download|TeraBlast,IceBeam,Recover,TrickRoom||||||50|,,,,,Fighting]Ursaluna||FlameOrb|Guts|Facade,HeadlongRush,Earthquake,Protect|||F|||50|,,,,,Ghost]Amoonguss||SitrusBerry|Regenerator|PollenPuff,Spore,RagePowder,Protect|||M|||50|,,,,,Water]Hydreigon||CovertCloak|Levitate|Taunt,Tailwind,DracoMeteor,Snarl|||F|||50|,,,,,Steel
|showteam|p2|Sneasler||FocusSash|PoisonTouch|FakeOut,DireClaw,CloseCombat,Protect|||F|||50|,,,,,Dark]Dragonite||LoadedDice|Multiscale|ExtremeSpeed,ScaleShot,StompingTantrum,Protect|||F|||50|,,,,,Steel]Dondozo||Leftovers|Unaware|WaveCrash,Yawn,Fissure,Protect|||M|||50|,,,,,Poison]Rillaboom||AssaultVest|GrassySurge|FakeOut,WoodHammer,GrassyGlide,Uturn|||M|||50|,,,,,Fire]Volcarona||CovertCloak|FlameBody|HeatWave,QuiverDance,TeraBlast,Protect|||F|||50|,,,,,Fairy]Electabuzz||Eviolite|VitalSpirit|Thunderbolt,FollowMe,Taunt,Protect|||M|||50|,,,,,Ghost
|inactive|Battle timer is ON: inactive players will automatically lose when time's up. (requested by mackerjuan)
|inactive|mackerjuan has 60 seconds left.
|inactive|vgc_eon has 60 seconds left.
|inactive|mackerjuan has 30 seconds left.
|inactive|mackerjuan has 20 seconds left.
|
|t:|1756209082
|teamsize|p1|4
|teamsize|p2|4
|start
|switch|p1a: Gholdengo|Gholdengo, L50|100/100
|switch|p1b: Incineroar|Incineroar, L50, F|100/100
|switch|p2a: Volcarona|Volcarona, L50, F|100/100
|switch|p2b: Electabuzz|Electabuzz, L50, M|100/100
|-ability|p1b: Incineroar|Intimidate|boost
|-unboost|p2a: Volcarona|atk|1
|-unboost|p2b: Electabuzz|atk|1
|turn|1
|inactive|mackerjuan has 30 seconds left.
|inactive|mackerjuan has 20 seconds left.
|inactive|mackerjuan has 15 seconds left.
|inactive|mackerjuan has 10 seconds left.
|
|t:|1756209130
|move|p2b: Electabuzz|Follow Me|p2b: Electabuzz
|-singleturn|p2b: Electabuzz|move: Follow Me
|move|p2a: Volcarona|Quiver Dance|p2a: Volcarona
|-boost|p2a: Volcarona|spa|1
|-boost|p2a: Volcarona|spd|1
|-boost|p2a: Volcarona|spe|1
|move|p1a: Gholdengo|Nasty Plot|p1a: Gholdengo
|-boost|p1a: Gholdengo|spa|2
|move|p1b: Incineroar|Parting Shot|p2b: Electabuzz
|-unboost|p2b: Electabuzz|atk|1
|-unboost|p2b: Electabuzz|spa|1
|
|t:|1756209140
|switch|p1b: Ursaluna|Ursaluna, L50, F|100/100|[from] Parting Shot
|
|-status|p1b: Ursaluna|brn|[from] item: Flame Orb
|upkeep
|turn|2
|
|t:|1756209164
|switch|p2b: Rillaboom|Rillaboom, L50, M|100/100
|-fieldstart|move: Grassy Terrain|[from] ability: Grassy Surge|[of] p2b: Rillaboom
|-terastallize|p1a: Gholdengo|Water
|move|p2a: Volcarona|Protect|p2a: Volcarona
|-singleturn|p2a: Volcarona|Protect
|move|p1a: Gholdengo|Shadow Ball|p2b: Rillaboom
|-damage|p2b: Rillaboom|26/100
|-damage|p1a: Gholdengo|91/100|[from] item: Life Orb
|move|p1b: Ursaluna|Headlong Rush|p2a: Volcarona
|-activate|p2a: Volcarona|move: Protect
|
|-heal|p1a: Gholdengo|97/100|[from] Grassy Terrain
|-heal|p2b: Rillaboom|32/100|[from] Grassy Terrain
|-damage|p1b: Ursaluna|95/100 brn|[from] brn
|upkeep
|turn|3
|
|t:|1756209182
|switch|p1b: Incineroar|Incineroar, L50, F|100/100
|-ability|p1b: Incineroar|Intimidate|boost
|-unboost|p2a: Volcarona|atk|1
|-unboost|p2b: Rillaboom|atk|1
|move|p2b: Rillaboom|Fake Out|p1b: Incineroar
|-damage|p1b: Incineroar|91/100
|move|p2a: Volcarona|Quiver Dance|p2a: Volcarona
|-boost|p2a: Volcarona|spa|1
|-boost|p2a: Volcarona|spd|1
|-boost|p2a: Volcarona|spe|1
|move|p1a: Gholdengo|Make It Rain|p2a: Volcarona|[spread] p2a,p2b
|-resisted|p2a: Volcarona
|-damage|p2a: Volcarona|73/100
|-damage|p2b: Rillaboom|0 fnt
|-unboost|p1a: Gholdengo|spa|1
|faint|p2b: Rillaboom
|-damage|p1a: Gholdengo|87/100|[from] item: Life Orb
|
|-heal|p2a: Volcarona|79/100|[from] Grassy Terrain
|-heal|p1a: Gholdengo|93/100|[from] Grassy Terrain
|-heal|p1b: Incineroar|97/100|[from] Grassy Terrain
|upkeep
|
|t:|1756209200
|switch|p2b: Dondozo|Dondozo, L50, M|100/100
|turn|4
|
|t:|1756209213
|move|p2a: Volcarona|Heat Wave|p1b: Incineroar|[spread] p1a
|-miss|p2a: Volcarona|p1b: Incineroar
|-resisted|p1a: Gholdengo
|-damage|p1a: Gholdengo|58/100
|-status|p1a: Gholdengo|brn
|move|p1a: Gholdengo|Shadow Ball|p2a: Volcarona
|-damage|p2a: Volcarona|44/100
|-damage|p1a: Gholdengo|48/100 brn|[from] item: Life Orb
|move|p1b: Incineroar|Knock Off|p2a: Volcarona
|-damage|p2a: Volcarona|0 fnt
|-enditem|p2a: Volcarona|Covert Cloak|[from] move: Knock Off|[of] p1b: Incineroar
|faint|p2a: Volcarona
|move|p2b: Dondozo|Wave Crash|p1b: Incineroar
|-supereffective|p1b: Incineroar
|-damage|p1b: Incineroar|23/100
|-damage|p2b: Dondozo|80/100|[from] Recoil
|
|-heal|p1a: Gholdengo|54/100 brn|[from] Grassy Terrain
|-heal|p1b: Incineroar|29/100|[from] Grassy Terrain
|-heal|p2b: Dondozo|86/100|[from] Grassy Terrain
|-heal|p2b: Dondozo|92/100|[from] item: Leftovers
|-damage|p1a: Gholdengo|48/100 brn|[from] brn
|upkeep
|
|t:|1756209224
|switch|p2a: Electabuzz|Electabuzz, L50, M|100/100
|turn|5
|
|t:|1756209241
|switch|p1a: Ursaluna|Ursaluna, L50, F|95/100 brn
|move|p2a: Electabuzz|Thunderbolt|p1a: Ursaluna
|-immune|p1a: Ursaluna
|move|p1b: Incineroar|Knock Off|p2b: Dondozo
|-damage|p2b: Dondozo|71/100
|-enditem|p2b: Dondozo|Leftovers|[from] move: Knock Off|[of] p1b: Incineroar
|move|p2b: Dondozo|Wave Crash|p1b: Incineroar
|-supereffective|p1b: Incineroar
|-damage|p1b: Incineroar|0 fnt
|faint|p1b: Incineroar
|-damage|p2b: Dondozo|63/100|[from] Recoil
|
|-heal|p1a: Ursaluna|100/100 brn|[from] Grassy Terrain
|-heal|p2b: Dondozo|69/100|[from] Grassy Terrain
|-damage|p1a: Ursaluna|95/100 brn|[from] brn
|upkeep
|
|t:|1756209258
|switch|p1b: Porygon2|Porygon2, L50|100/100
|-ability|p1b: Porygon2|Download|boost
|-boost|p1b: Porygon2|spa|1
|turn|6
|
|t:|1756209273
|-terastallize|p2a: Electabuzz|Ghost
|move|p2b: Dondozo|Protect|p2b: Dondozo
|-singleturn|p2b: Dondozo|Protect
|move|p2a: Electabuzz|Taunt|p1b: Porygon2
|-start|p1b: Porygon2|move: Taunt
|move|p1a: Ursaluna|Facade|p2b: Dondozo
|-activate|p2b: Dondozo|move: Protect
|move|p1b: Porygon2|Ice Beam|p2a: Electabuzz
|-damage|p2a: Electabuzz|69/100
|
|-heal|p2a: Electabuzz|75/100|[from] Grassy Terrain
|-heal|p1a: Ursaluna|100/100 brn|[from] Grassy Terrain
|-heal|p2b: Dondozo|75/100|[from] Grassy Terrain
|-damage|p1a: Ursaluna|95/100 brn|[from] brn
|-fieldend|move: Grassy Terrain
|upkeep
|turn|7
|inactive|mackerjuan has 30 seconds left.
|inactive|mackerjuan has 20 seconds left.
|inactive|mackerjuan has 15 seconds left.
|
|t:|1756209314
|move|p1a: Ursaluna|Protect|p1a: Ursaluna
|-singleturn|p1a: Ursaluna|Protect
|move|p2a: Electabuzz|Thunderbolt|p1a: Ursaluna
|-activate|p1a: Ursaluna|move: Protect
|move|p1b: Porygon2|Ice Beam|p2a: Electabuzz
|-damage|p2a: Electabuzz|43/100
|move|p2b: Dondozo|Wave Crash|p1a: Ursaluna
|-activate|p1a: Ursaluna|move: Protect
|
|-damage|p1a: Ursaluna|89/100 brn|[from] brn
|upkeep
|turn|8
|
|t:|1756209336
|switch|p1a: Gholdengo|Gholdengo, L50, tera:Water|48/100 brn
|move|p2a: Electabuzz|Protect|p2a: Electabuzz
|-singleturn|p2a: Electabuzz|Protect
|move|p2b: Dondozo|Protect|p2b: Dondozo
|-singleturn|p2b: Dondozo|Protect
|move|p1b: Porygon2|Ice Beam|p2a: Electabuzz
|-activate|p2a: Electabuzz|move: Protect
|
|-damage|p1a: Gholdengo|42/100 brn|[from] brn
|-end|p1b: Porygon2|move: Taunt
|upkeep
|turn|9
|
|t:|1756209352
|move|p1a: Gholdengo|Protect|p1a: Gholdengo
|-singleturn|p1a: Gholdengo|Protect
|move|p2a: Electabuzz|Taunt|p1b: Porygon2
|-start|p1b: Porygon2|move: Taunt
|move|p1b: Porygon2|Ice Beam|p2a: Electabuzz
|-damage|p2a: Electabuzz|14/100
|move|p2b: Dondozo|Yawn|p1b: Porygon2
|-start|p1b: Porygon2|move: Yawn|[of] p2b: Dondozo
|
|-damage|p1a: Gholdengo|36/100 brn|[from] brn
|upkeep
|turn|10
|
|t:|1756209366
|switch|p1b: Ursaluna|Ursaluna, L50, F|89/100 brn
|move|p2a: Electabuzz|Protect|p2a: Electabuzz
|-singleturn|p2a: Electabuzz|Protect
|move|p1a: Gholdengo|Make It Rain|p2a: Electabuzz|[spread] p2b
|-activate|p2a: Electabuzz|move: Protect
|-resisted|p2b: Dondozo
|-damage|p2b: Dondozo|56/100
|-unboost|p1a: Gholdengo|spa|1
|-damage|p1a: Gholdengo|26/100 brn|[from] item: Life Orb
|move|p2b: Dondozo|Wave Crash|p1a: Gholdengo
|-resisted|p1a: Gholdengo
|-damage|p1a: Gholdengo|4/100 brn
|-damage|p2b: Dondozo|50/100|[from] Recoil
|
|-damage|p1a: Gholdengo|0 fnt|[from] brn
|faint|p1a: Gholdengo
|-damage|p1b: Ursaluna|83/100 brn|[from] brn
|upkeep
|
|t:|1756209371
|switch|p1a: Porygon2|Porygon2, L50|100/100
|-ability|p1a: Porygon2|Download|boost
|-boost|p1a: Porygon2|spa|1
|turn|11
|
|t:|1756209386
|move|p2a: Electabuzz|Taunt|p1a: Porygon2
|-start|p1a: Porygon2|move: Taunt
|move|p1b: Ursaluna|Headlong Rush|p2a: Electabuzz
|-damage|p2a: Electabuzz|0 fnt
|-unboost|p1b: Ursaluna|def|1
|-unboost|p1b: Ursaluna|spd|1
|faint|p2a: Electabuzz
|move|p1a: Porygon2|Tera Blast|p2b: Dondozo
|-damage|p2b: Dondozo|24/100
|move|p2b: Dondozo|Wave Crash|p1b: Ursaluna
|-supereffective|p1b: Ursaluna
|-damage|p1b: Ursaluna|16/100 brn
|-damage|p2b: Dondozo|3/100|[from] Recoil
|
|-damage|p1b: Ursaluna|10/100 brn|[from] brn
|upkeep
|turn|12
|
|t:|1756209403
|move|p2b: Dondozo|Protect|p2b: Dondozo
|-singleturn|p2b: Dondozo|Protect
|move|p1b: Ursaluna|Facade|p2b: Dondozo
|-activate|p2b: Dondozo|move: Protect
|move|p1a: Porygon2|Tera Blast|p2b: Dondozo
|-activate|p2b: Dondozo|move: Protect
|
|-damage|p1b: Ursaluna|4/100 brn|[from] brn
|upkeep
|turn|13
|
|t:|1756209411
|move|p2b: Dondozo|Protect||[still]
|-fail|p2b: Dondozo
|move|p1b: Ursaluna|Facade|p2b: Dondozo
|-damage|p2b: Dondozo|0 fnt
|faint|p2b: Dondozo
|
|win|mackerjuan
||vgc_eon is ready for game 2.
