|j|☆antopeizYZ
|j|☆Silver98dragon_
|html|antopeizYZSilver98dragon_    
|uhtml|bestof|Game 2 of a best-of-3
|t:|1785496718
|gametype|doubles
|player|p1|antopeizYZ|hilda|1115
|player|p2|Silver98dragon_|lucian|1074
|gen|9
|tier|[Gen 9 Champions] VGC 2026 Reg M-B (Bo3)
|rated|
|rule|Species Clause: Limit one of each Pokémon
|rule|Item Clause: Limit 1 of each item
|clearpoke
|poke|p1|Hatterene, L50, F, shiny|
|poke|p1|Farigiraf, L50, F|
|poke|p1|Camerupt, L50, F|
|poke|p1|Grimmsnarl, L50, M, shiny|
|poke|p1|Sinistcha, L50|
|poke|p1|Crabominable, L50, M|
|poke|p2|Altaria, L50, M|
|poke|p2|Sinistcha, L50, shiny|
|poke|p2|Milotic, L50, F, shiny|
|poke|p2|Incineroar, L50, M, shiny|
|poke|p2|Garchomp, L50, F|
|poke|p2|Metagross, L50|
|teampreview|4
|showteam|p1|Hatterene||LifeOrb|MagicBounce|DazzlingGleam,TrickRoom,Psychic,Protect|Quiet||F|||50|]Farigiraf||SitrusBerry|ArmorTail|TrickRoom,TwinBeam,Protect,HelpingHand|Relaxed||F|||50|]Camerupt||Cameruptite|SolidRock|AncientPower,HeatWave,EarthPower,Protect|Quiet||F|||50|]Grimmsnarl||LightClay|Prankster|SpiritBreak,Reflect,LightScreen,PartingShot|Sassy||M|||50|]Sinistcha||Leftovers|Hospitality|MatchaGotcha,RagePowder,TrickRoom,Protect|Relaxed|||||50|]Crabominable||Crabominite|HyperCutter|DrainPunch,IceHammer,MachPunch,Protect|Brave||M|||50|
|showteam|p2|Altaria||Altarianite|CloudNine|Tailwind,WillOWisp,BraveBird,Protect|Impish||M|||50|]Sinistcha||ColburBerry|Hospitality|MatchaGotcha,Protect,RagePowder,TrickRoom|Calm|||||50|]Milotic||Leftovers|Competitive|Scald,IcyWind,Protect,Recover|Bold||F|||50|]Incineroar||SitrusBerry|Intimidate|FlareBlitz,FakeOut,PartingShot,Taunt|Careful||M|||50|]Garchomp||ChoiceScarf|RoughSkin|DragonClaw,RockSlide,StompingTantrum,PoisonJab|Adamant||F|||50|]Metagross||Metagrossite|ClearBody|IronHead,BulletPunch,PsychicFangs,StompingTantrum|Jolly|||||50|
|inactive|Battle timer is ON: inactive players will automatically lose when time's up. (requested by antopeizYZ)
|inactive|Silver98dragon_ has 60 seconds left.
|
|t:|1785496771
|teamsize|p1|4
|teamsize|p2|4
|start
|switch|p1a: Hatterene|Hatterene, L50, F, shiny|100/100
|switch|p1b: Crabominable|Crabominable, L50, M|100/100
|switch|p2a: Incineroar|Incineroar, L50, M, shiny|100/100
|switch|p2b: Metagross|Metagross, L50|100/100
|-ability|p2a: Incineroar|Intimidate|boost
|-unboost|p1a: Hatterene|atk|1
|-fail|p1b: Crabominable|unboost|Attack|[from] ability: Hyper Cutter|[of] p1b: Crabominable
|turn|1
|inactive|Silver98dragon_ has 30 seconds left.
|
|t:|1785496803
|switch|p1b: Farigiraf|Farigiraf, L50, F|100/100
|detailschange|p2b: Metagross|Metagross-Mega, L50
|-mega|p2b: Metagross|Metagross|Metagrossite
|move|p2b: Metagross|Iron Head|p1b: Farigiraf
|-damage|p1b: Farigiraf|56/100
|move|p2a: Incineroar|Taunt|p1a: Hatterene
|move|p1a: Hatterene|Taunt|p2a: Incineroar|[from] ability: Magic Bounce
|-start|p2a: Incineroar|move: Taunt
|move|p1a: Hatterene|Trick Room|p1a: Hatterene
|-fieldstart|move: Trick Room|[of] p1a: Hatterene
|
|upkeep
|turn|2
|inactive|antopeizYZ has 30 seconds left.
|inactive|Silver98dragon_ has 30 seconds left.
|inactive|Silver98dragon_ has 20 seconds left.
|inactive|Silver98dragon_ has 15 seconds left.
|
|t:|1785496846
|switch|p1a: Camerupt|Camerupt, L50, F|100/100
|switch|p1b: Crabominable|Crabominable, L50, M|100/100
|switch|p2a: Sinistcha|Sinistcha, L50, shiny|100/100
|move|p2b: Metagross|Iron Head|p1a: Camerupt
|-resisted|p1a: Camerupt|1
|-damage|p1a: Camerupt|58/100
|
|upkeep
|turn|3
|inactive|antopeizYZ has 30 seconds left.
|inactive|Silver98dragon_ has 30 seconds left.
|
|t:|1785496874
|detailschange|p1a: Camerupt|Camerupt-Mega, L50, F
|-mega|p1a: Camerupt|Camerupt|Cameruptite
|move|p2a: Sinistcha|Protect|p2a: Sinistcha
|-singleturn|p2a: Sinistcha|Protect
|move|p2b: Metagross|Bullet Punch|p1b: Crabominable
|-supereffective|p1b: Crabominable|1
|-damage|p1b: Crabominable|40/100
|move|p1a: Camerupt|Heat Wave|p2a: Sinistcha|[spread] p2b
|-activate|p2a: Sinistcha|move: Protect
|-supereffective|p2b: Metagross|1
|-damage|p2b: Metagross|0 fnt
|faint|p2b: Metagross
|move|p1b: Crabominable|Ice Hammer|p2a: Sinistcha
|-activate|p2a: Sinistcha|move: Protect
|
|upkeep
|
|t:|1785496897
|switch|p2b: Milotic|Milotic, L50, F, shiny|100/100
|turn|4
|
|t:|1785496912
|switch|p2a: Incineroar|Incineroar, L50, M, shiny|100/100
|-ability|p2a: Incineroar|Intimidate|boost
|-unboost|p1a: Camerupt|atk|1
|-fail|p1b: Crabominable|unboost|Attack|[from] ability: Hyper Cutter|[of] p1b: Crabominable
|move|p2b: Milotic|Protect|p2b: Milotic
|-singleturn|p2b: Milotic|Protect
|move|p1a: Camerupt|Heat Wave|p2b: Milotic|[spread] p2a
|-activate|p2b: Milotic|move: Protect
|-resisted|p2a: Incineroar|1
|-damage|p2a: Incineroar|77/100
|move|p1b: Crabominable|Drain Punch|p2b: Milotic
|-activate|p2b: Milotic|move: Protect
|
|upkeep
|turn|5
|
|t:|1785496936
|switch|p1b: Farigiraf|Farigiraf, L50, F|56/100
|move|p1a: Camerupt|Earth Power|p2a: Incineroar
|-supereffective|p2a: Incineroar|1
|-damage|p2a: Incineroar|0 fnt
|faint|p2a: Incineroar
|move|p2b: Milotic|Scald|p1a: Camerupt
|-supereffective|p1a: Camerupt|2
|-damage|p1a: Camerupt|0 fnt
|faint|p1a: Camerupt
|
|-fieldend|move: Trick Room
|upkeep
|
|t:|1785496948
|switch|p2a: Sinistcha|Sinistcha, L50, shiny|100/100
|switch|p1a: Crabominable|Crabominable, L50, M|40/100
|turn|6
|
|t:|1785496961
|move|p2b: Milotic|Scald|p1a: Crabominable
|-damage|p1a: Crabominable|9/100
|-status|p1a: Crabominable|brn
|move|p1a: Crabominable|Ice Hammer|p2a: Sinistcha|[miss]
|-miss|p1a: Crabominable|p2a: Sinistcha
|move|p2a: Sinistcha|Trick Room|p2a: Sinistcha
|-fieldstart|move: Trick Room|[of] p2a: Sinistcha
|move|p1b: Farigiraf|Trick Room|p1b: Farigiraf
|-fieldend|move: Trick Room
|
|-damage|p1a: Crabominable|3/100 brn|[from] brn
|upkeep
|turn|7
|inactive|Silver98dragon_ has 30 seconds left.
|
|t:|1785496988
|move|p2a: Sinistcha|Protect|p2a: Sinistcha
|-singleturn|p2a: Sinistcha|Protect
|move|p2b: Milotic|Icy Wind|p1a: Crabominable|[spread] p1a,p1b
|-resisted|p1a: Crabominable|1
|-damage|p1a: Crabominable|0 fnt
|-damage|p1b: Farigiraf|48/100
|-unboost|p1b: Farigiraf|spe|1
|-enditem|p1b: Farigiraf|Sitrus Berry|[eat]
|-heal|p1b: Farigiraf|73/100|[from] item: Sitrus Berry
|faint|p1a: Crabominable
|move|p1b: Farigiraf|Trick Room|p1b: Farigiraf
|-fieldstart|move: Trick Room|[of] p1b: Farigiraf
|
|upkeep
|
|t:|1785496998
|switch|p1a: Hatterene|Hatterene, L50, F, shiny|100/100
|turn|8
|
|t:|1785497015
|move|p1b: Farigiraf|Helping Hand|p1a: Hatterene
|-singleturn|p1a: Hatterene|Helping Hand|[of] p1b: Farigiraf
|move|p2b: Milotic|Protect|p2b: Milotic
|-singleturn|p2b: Milotic|Protect
|move|p1a: Hatterene|Dazzling Gleam|p2a: Sinistcha|[spread] p2a
|-activate|p2b: Milotic|move: Protect
|-damage|p2a: Sinistcha|38/100
|-damage|p1a: Hatterene|90/100|[from] item: Life Orb
|move|p2a: Sinistcha|Matcha Gotcha|p1a: Hatterene|[spread] p1a,p1b
|-damage|p1a: Hatterene|66/100
|-heal|p2a: Sinistcha|50/100y|[from] drain|[of] p1a: Hatterene
|-damage|p1b: Farigiraf|50/100g
|-heal|p2a: Sinistcha|64/100|[from] drain|[of] p1b: Farigiraf
|
|upkeep
|turn|9
|
|t:|1785497039
|move|p2a: Sinistcha|Protect|p2a: Sinistcha
|-singleturn|p2a: Sinistcha|Protect
|move|p1a: Hatterene|Dazzling Gleam|p2b: Milotic|[spread] p2b
|-activate|p2a: Sinistcha|move: Protect
|-damage|p2b: Milotic|68/100
|-damage|p1a: Hatterene|56/100|[from] item: Life Orb
|move|p1b: Farigiraf|Twin Beam|p2b: Milotic
|-damage|p2b: Milotic|57/100
|-damage|p2b: Milotic|45/100
|-hitcount|p2b: Milotic|2
|move|p2b: Milotic|Scald|p1b: Farigiraf
|-damage|p1b: Farigiraf|26/100
|
|-heal|p2b: Milotic|51/100|[from] item: Leftovers
|upkeep
|turn|10
|inactive|Silver98dragon_ has 30 seconds left.
|
|t:|1785497070
|move|p1b: Farigiraf|Helping Hand|p1a: Hatterene
|-singleturn|p1a: Hatterene|Helping Hand|[of] p1b: Farigiraf
|move|p2b: Milotic|Protect|p2b: Milotic
|-singleturn|p2b: Milotic|Protect
|move|p1a: Hatterene|Dazzling Gleam|p2b: Milotic|[spread] p2a
|-activate|p2b: Milotic|move: Protect
|-damage|p2a: Sinistcha|10/100
|-damage|p1a: Hatterene|46/100|[from] item: Life Orb
|move|p2a: Sinistcha|Matcha Gotcha|p1a: Hatterene|[spread] p1a
|-miss|p2a: Sinistcha|p1b: Farigiraf
|-damage|p1a: Hatterene|19/100
|-heal|p2a: Sinistcha|23/100|[from] drain|[of] p1a: Hatterene
|
|-heal|p2b: Milotic|57/100|[from] item: Leftovers
|upkeep
|turn|11
|inactive|Silver98dragon_ has 30 seconds left.
|inactive|Silver98dragon_ has 20 seconds left.
|
|t:|1785497110
|move|p1b: Farigiraf|Helping Hand|p1a: Hatterene
|-singleturn|p1a: Hatterene|Helping Hand|[of] p1b: Farigiraf
|move|p2a: Sinistcha|Protect|p2a: Sinistcha
|-singleturn|p2a: Sinistcha|Protect
|move|p1a: Hatterene|Dazzling Gleam|p2b: Milotic|[spread] p2b
|-activate|p2a: Sinistcha|move: Protect
|-damage|p2b: Milotic|5/100
|-damage|p1a: Hatterene|9/100|[from] item: Life Orb
|move|p2b: Milotic|Recover|p2b: Milotic
|-heal|p2b: Milotic|55/100
|
|-heal|p2b: Milotic|61/100|[from] item: Leftovers
|-fieldend|move: Trick Room
|upkeep
|turn|12
|inactive|antopeizYZ has 30 seconds left.
|inactive|Silver98dragon_ has 30 seconds left.
|inactive|antopeizYZ has 20 seconds left.
|
|t:|1785497146
|move|p2b: Milotic|Icy Wind|p1a: Hatterene|[spread] p1a,p1b
|-damage|p1a: Hatterene|0 fnt
|-damage|p1b: Farigiraf|17/100
|-unboost|p1b: Farigiraf|spe|1
|faint|p1a: Hatterene
|move|p2a: Sinistcha|Matcha Gotcha|p1b: Farigiraf
|-damage|p1b: Farigiraf|0 fnt
|-heal|p2a: Sinistcha|34/100|[from] drain|[of] p1b: Farigiraf
|faint|p1b: Farigiraf
|
|win|Silver98dragon_
|raw|antopeizYZ's rating: 1115 → 1087(-28 for losing)
|raw|Silver98dragon_'s rating: 1074 → 1106(+32 for winning)
|l|☆antopeizYZ
|player|p1|
