|j|☆Sloth diesel
|j|☆Jaybee394
|html|Sloth dieselJaybee394    
|uhtml|bestof|Game 2 of a best-of-3
|t:|1785651625
|gametype|doubles
|player|p1|Sloth diesel|janine|
|player|p2|Jaybee394|2|
|gen|9
|tier|[Gen 9 Champions] VGC 2026 Reg M-B (Bo3)
|rule|Species Clause: Limit one of each Pokémon
|rule|Item Clause: Limit 1 of each item
|clearpoke
|poke|p1|Sinistcha, L50|
|poke|p1|Incineroar, L50, M|
|poke|p1|Milotic, L50, M|
|poke|p1|Raichu, L50, F|
|poke|p1|Floette-Eternal, L50, F|
|poke|p1|Ceruledge, L50, M|
|poke|p2|Swampert, L50, F|
|poke|p2|Pelipper, L50, F|
|poke|p2|Archaludon, L50, F|
|poke|p2|Sinistcha, L50|
|poke|p2|Grimmsnarl, L50, M|
|poke|p2|Gholdengo, L50|
|teampreview|4
|showteam|p1|Sinistcha||KasibBerry|Hospitality|MatchaGotcha,LifeDew,RagePowder,Protect|Relaxed|||||50|]Incineroar||SitrusBerry|Intimidate|FlareBlitz,ThroatChop,FakeOut,PartingShot|Impish||M|||50|]Milotic||Leftovers|Competitive|MuddyWater,Coil,Hypnosis,Protect|Calm||M|||50|]Raichu||RaichuniteY|LightningRod|ZapCannon,FocusBlast,FakeOut,Protect|Timid||F|||50|]Floette-Eternal||Floettite|FlowerVeil|DazzlingGleam,DrainingKiss,CalmMind,Protect|Timid||F|||50|]Ceruledge||ColburBerry|FlashFire|BitterBlade,ShadowSneak,BulkUp,Protect|Adamant||M|||50|
|showteam|p2|Swampert||Swampertite|Torrent|Earthquake,IcePunch,WaveCrash,Protect|Adamant||F|||50|]Pelipper||SitrusBerry|Drizzle|Tailwind,Hurricane,WeatherBall,WideGuard|Modest||F|||50|]Archaludon||Leftovers|Stamina|DragonPulse,ElectroShot,FlashCannon,Protect|Modest||F|||50|]Sinistcha||KasibBerry|Hospitality|RagePowder,MatchaGotcha,TrickRoom,Protect|Bold|||||50|]Grimmsnarl||LightClay|Prankster|Reflect,LightScreen,PartingShot,FoulPlay|Careful||M|||50|]Gholdengo||LifeOrb|GoodasGold|MakeItRain,ShadowBall,NastyPlot,Protect|Modest|||||50|
|
|t:|1785651679
|teamsize|p1|4
|teamsize|p2|4
|start
|switch|p1a: Incineroar|Incineroar, L50, M|100/100
|switch|p1b: Raichu|Raichu, L50, F|100/100
|switch|p2a: Gholdengo|Gholdengo, L50|100/100
|switch|p2b: Pelipper|Pelipper, L50, F|100/100
|-weather|RainDance|[from] ability: Drizzle|[of] p2b: Pelipper
|-ability|p1a: Incineroar|Intimidate|boost
|-unboost|p2a: Gholdengo|atk|1
|-unboost|p2b: Pelipper|atk|1
|turn|1
|
|t:|1785651737
|switch|p2b: Sinistcha|Sinistcha, L50|100/100
|detailschange|p1b: Raichu|Raichu-Mega-Y, L50, F
|-mega|p1b: Raichu|Raichu|Raichunite Y
|move|p1b: Raichu|Zap Cannon|p2a: Gholdengo
|-damage|p2a: Gholdengo|33/100
|-status|p2a: Gholdengo|par
|move|p1a: Incineroar|Parting Shot|p2b: Sinistcha
|-unboost|p2b: Sinistcha|atk|1
|-unboost|p2b: Sinistcha|spa|1
|
|t:|1785651766
|switch|p1a: Milotic|Milotic, L50, M|100/100|[from] Parting Shot
|move|p2a: Gholdengo|Nasty Plot|p2a: Gholdengo
|-boost|p2a: Gholdengo|spa|2
|
|-weather|RainDance|[upkeep]
|upkeep
|turn|2
|
|t:|1785651819
|switch|p1b: Incineroar|Incineroar, L50, M|100/100
|-ability|p1b: Incineroar|Intimidate|boost
|-unboost|p2a: Gholdengo|atk|1
|-unboost|p2b: Sinistcha|atk|1
|move|p2b: Sinistcha|Rage Powder|p2b: Sinistcha
|-singleturn|p2b: Sinistcha|move: Rage Powder
|move|p1a: Milotic|Hypnosis|p2b: Sinistcha|[miss]
|-miss|p1a: Milotic|p2b: Sinistcha
|move|p2a: Gholdengo|Shadow Ball|p1a: Milotic
|-damage|p1a: Milotic|26/100
|-damage|p2a: Gholdengo|24/100 par|[from] item: Life Orb
|
|-weather|RainDance|[upkeep]
|-heal|p1a: Milotic|32/100|[from] item: Leftovers
|upkeep
|turn|3
|
|t:|1785651851
|move|p2a: Gholdengo|Protect|p2a: Gholdengo
|-singleturn|p2a: Gholdengo|Protect
|move|p1a: Milotic|Muddy Water|p2a: Gholdengo|[spread] p2b
|-activate|p2a: Gholdengo|move: Protect
|-resisted|p2b: Sinistcha|1
|-damage|p2b: Sinistcha|80/100
|-unboost|p2b: Sinistcha|accuracy|1
|move|p2b: Sinistcha|Matcha Gotcha|p1a: Milotic|[spread] 
|-miss|p2b: Sinistcha|p1a: Milotic
|-miss|p2b: Sinistcha|p1b: Incineroar
|move|p1b: Incineroar|Throat Chop|p2b: Sinistcha
|-supereffective|p2b: Sinistcha|1
|-damage|p2b: Sinistcha|33/100
|-start|p2b: Sinistcha|Throat Chop|[silent]
|
|-weather|RainDance|[upkeep]
|-heal|p1a: Milotic|38/100|[from] item: Leftovers
|upkeep
|turn|4
|
|t:|1785651876
|switch|p2a: Swampert|Swampert, L50, F|100/100
|move|p2b: Sinistcha|Protect|p2b: Sinistcha
|-singleturn|p2b: Sinistcha|Protect
|move|p1a: Milotic|Muddy Water|p2b: Sinistcha|[spread] p2a
|-activate|p2b: Sinistcha|move: Protect
|-damage|p2a: Swampert|63/100
|move|p1b: Incineroar|Throat Chop|p2b: Sinistcha
|-activate|p2b: Sinistcha|move: Protect
|
|-weather|RainDance|[upkeep]
|-heal|p1a: Milotic|44/100|[from] item: Leftovers
|-end|p2b: Sinistcha|Throat Chop|[silent]
|upkeep
|turn|5
|
|t:|1785651902
|switch|p2b: Pelipper|Pelipper, L50, F|100/100
|switch|p1b: Sinistcha|Sinistcha, L50|100/100
|-heal|p1a: Milotic|69/100|[from] ability: Hospitality|[of] p1b: Sinistcha
|detailschange|p2a: Swampert|Swampert-Mega, L50, F
|-mega|p2a: Swampert|Swampert|Swampertite
|move|p2a: Swampert|Earthquake|p1a: Milotic|[spread] p1a,p1b
|-immune|p2b: Pelipper
|-resisted|p1b: Sinistcha|1
|-damage|p1a: Milotic|26/100
|-damage|p1b: Sinistcha|78/100
|move|p1a: Milotic|Muddy Water|p2b: Pelipper|[spread] p2a,p2b
|-resisted|p2b: Pelipper|1
|-damage|p2a: Swampert|32/100
|-damage|p2b: Pelipper|79/100
|
|-weather|none
|-heal|p1a: Milotic|32/100|[from] item: Leftovers
|upkeep
|turn|6
|
|t:|1785651939
|switch|p1a: Incineroar|Incineroar, L50, M|100/100
|-ability|p1a: Incineroar|Intimidate|boost
|-unboost|p2a: Swampert|atk|1
|-unboost|p2b: Pelipper|atk|1
|switch|p2b: Sinistcha|Sinistcha, L50|33/100
|-heal|p2a: Swampert|57/100|[from] ability: Hospitality|[of] p2b: Sinistcha
|move|p2a: Swampert|Protect|p2a: Swampert
|-singleturn|p2a: Swampert|Protect
|move|p1b: Sinistcha|Matcha Gotcha|p2a: Swampert|[spread] p2b
|-activate|p2a: Swampert|move: Protect
|-resisted|p2b: Sinistcha|1
|-damage|p2b: Sinistcha|21/100
|-heal|p1b: Sinistcha|84/100|[from] drain|[of] p2b: Sinistcha
|
|upkeep
|turn|7
|
|t:|1785651970
|switch|p2a: Gholdengo|Gholdengo, L50|24/100 par
|switch|p2b: Pelipper|Pelipper, L50, F|79/100
|-weather|RainDance|[from] ability: Drizzle|[of] p2b: Pelipper
|move|p1a: Incineroar|Fake Out|p2a: Gholdengo
|-immune|p2a: Gholdengo
|move|p1b: Sinistcha|Matcha Gotcha|p2a: Gholdengo|[spread] p2b
|-miss|p1b: Sinistcha|p2a: Gholdengo
|-damage|p2b: Pelipper|46/100
|-heal|p1b: Sinistcha|99/100|[from] drain|[of] p2b: Pelipper
|-enditem|p2b: Pelipper|Sitrus Berry|[eat]
|-heal|p2b: Pelipper|71/100|[from] item: Sitrus Berry
|
|-weather|RainDance|[upkeep]
|upkeep
|turn|8
|
|t:|1785652002
|move|p2b: Pelipper|Weather Ball|p1a: Incineroar
|-supereffective|p1a: Incineroar|1
|-damage|p1a: Incineroar|0 fnt
|faint|p1a: Incineroar
|move|p1b: Sinistcha|Matcha Gotcha|p2a: Gholdengo|[spread] p2a,p2b
|-resisted|p2a: Gholdengo|1
|-damage|p2a: Gholdengo|11/100 par
|-heal|p1b: Sinistcha|100/100|[from] drain|[of] p2a: Gholdengo
|-damage|p2b: Pelipper|43/100
|move|p2a: Gholdengo|Shadow Ball|p1b: Sinistcha
|-supereffective|p1b: Sinistcha|1
|-enditem|p1b: Sinistcha|Kasib Berry|[eat]
|-enditem|p1b: Sinistcha|Kasib Berry|[weaken]
|-damage|p1b: Sinistcha|45/100
|-damage|p2a: Gholdengo|1/100 par|[from] item: Life Orb
|
|-weather|RainDance|[upkeep]
|upkeep
|
|t:|1785652024
|switch|p1a: Raichu|Raichu-Mega-Y, L50, F|100/100
|turn|9
|
|t:|1785652061
|switch|p2b: Sinistcha|Sinistcha, L50|21/100
|-heal|p2a: Gholdengo|26/100 par|[from] ability: Hospitality|[of] p2b: Sinistcha
|move|p1a: Raichu|Fake Out|p2b: Sinistcha
|-immune|p2b: Sinistcha
|move|p1b: Sinistcha|Matcha Gotcha|p2a: Gholdengo|[spread] p2a,p2b
|-resisted|p2a: Gholdengo|1
|-resisted|p2b: Sinistcha|1
|-damage|p2a: Gholdengo|13/100 par
|-heal|p1b: Sinistcha|52/100|[from] drain|[of] p2a: Gholdengo
|-damage|p2b: Sinistcha|10/100
|-heal|p1b: Sinistcha|58/100|[from] drain|[of] p2b: Sinistcha
|move|p2a: Gholdengo|Shadow Ball|p1b: Sinistcha
|-supereffective|p1b: Sinistcha|1
|-damage|p1b: Sinistcha|0 fnt
|faint|p1b: Sinistcha
|-damage|p2a: Gholdengo|3/100 par|[from] item: Life Orb
|
|-weather|RainDance|[upkeep]
|upkeep
|
|t:|1785652083
|switch|p1b: Milotic|Milotic, L50, M|32/100
|turn|10
|
|t:|1785652108
|move|p2b: Sinistcha|Protect|p2b: Sinistcha
|-singleturn|p2b: Sinistcha|Protect
|move|p1a: Raichu|Zap Cannon|p2b: Sinistcha
|-activate|p2b: Sinistcha|move: Protect
|move|p1b: Milotic|Muddy Water|p2a: Gholdengo|[spread] p2a
|-activate|p2b: Sinistcha|move: Protect
|-damage|p2a: Gholdengo|0 fnt
|faint|p2a: Gholdengo
|
|-weather|RainDance|[upkeep]
|-heal|p1b: Milotic|38/100|[from] item: Leftovers
|upkeep
|
|t:|1785652122
|switch|p2a: Swampert|Swampert-Mega, L50, F|57/100
|turn|11
|
|t:|1785652169
|move|p2a: Swampert|Protect|p2a: Swampert
|-singleturn|p2a: Swampert|Protect
|move|p1a: Raichu|Protect|p1a: Raichu
|-singleturn|p1a: Raichu|Protect
|move|p1b: Milotic|Muddy Water|p2a: Swampert|[spread] p2b
|-activate|p2a: Swampert|move: Protect
|-resisted|p2b: Sinistcha|1
|-damage|p2b: Sinistcha|0 fnt
|faint|p2b: Sinistcha
|
|-weather|none
|-heal|p1b: Milotic|44/100|[from] item: Leftovers
|upkeep
|
|t:|1785652180
|switch|p2b: Pelipper|Pelipper, L50, F|43/100
|-weather|RainDance|[from] ability: Drizzle|[of] p2b: Pelipper
|turn|12
|
|t:|1785652190
|move|p2a: Swampert|Earthquake|p1b: Milotic|[spread] p1a,p1b
|-immune|p2b: Pelipper
|-supereffective|p1a: Raichu|1
|-damage|p1a: Raichu|0 fnt
|-damage|p1b: Milotic|3/100
|faint|p1a: Raichu
|move|p1b: Milotic|Muddy Water|p2a: Swampert|[spread] p2a,p2b
|-resisted|p2b: Pelipper|1
|-damage|p2a: Swampert|24/100
|-damage|p2b: Pelipper|23/100
|move|p2b: Pelipper|Hurricane|p1b: Milotic
|-damage|p1b: Milotic|0 fnt
|faint|p1b: Milotic
|
|win|Jaybee394
|c|☆Jaybee394|gg
|c|☆Sloth diesel|Ggs
|l|☆Sloth diesel
|player|p1|
