|j|☆HorrendousCheese
|j|☆TeyVgc
|html|HorrendousCheeseTeyVgc    
|uhtml|bestof|Game 2 of a best-of-3
|t:|1756955546
|gametype|doubles
|player|p1|HorrendousCheese|burglar|1288
|player|p2|TeyVgc|benga|1223
|gen|9
|tier|[Gen 9] VGC 2025 Reg H (Bo3)
|rated|
|rule|Species Clause: Limit one of each Pokémon
|rule|Item Clause: Limit 1 of each item
|clearpoke
|poke|p1|Maushold-Four, L50|
|poke|p1|Incineroar, L50, M|
|poke|p1|Pelipper, L50, F|
|poke|p1|Volcarona, L50, F|
|poke|p1|Rillaboom, L50, M|
|poke|p1|Archaludon, L50, F|
|poke|p2|Gholdengo, L50|
|poke|p2|Dragonite, L50, F|
|poke|p2|Sneasler, L50, F|
|poke|p2|Incineroar, L50, M|
|poke|p2|Indeedee, L50, M|
|poke|p2|Gastrodon, L50, M|
|teampreview|4
|showteam|p1|Maushold-Four||WideLens|Technician|Protect,FollowMe,ThunderWave,PopulationBomb||||||50|,,,,,Grass]Incineroar||SafetyGoggles|Intimidate|PartingShot,Taunt,FakeOut,KnockOff|||M|||50|,,,,,Ghost]Pelipper||FocusSash|Drizzle|Protect,Tailwind,Hurricane,MuddyWater|||F|||50|,,,,,Ghost]Volcarona||GrassySeed|FlameBody|Protect,QuiverDance,TeraBlast,HeatWave|||F|||50|,,,,,Fairy]Rillaboom||AssaultVest|GrassySurge|Uturn,FakeOut,GrassyGlide,WoodHammer|||M|||50|,,,,,Fire]Archaludon||PowerHerb|Sturdy|Protect,Thunderbolt,ElectroShot,DragonPulse|||F|||50|,,,,,Electric
|showteam|p2|Gholdengo||LifeOrb|GoodasGold|Protect,MakeItRain,ShadowBall,NastyPlot||||||50|,,,,,Water]Dragonite||LoadedDice|Multiscale|ScaleShot,Tailwind,Haze,Protect|||F|||50|,,,,,Fairy]Sneasler||PsychicSeed|Unburden|Protect,DireClaw,CloseCombat,ThroatChop|||F|||50|,,,,,Dark]Incineroar||SafetyGoggles|Intimidate|KnockOff,PartingShot,FlareBlitz,FakeOut|||M|||50|,,,,,Ghost]Indeedee||FocusSash|PsychicSurge|ExpandingForce,TrickRoom,Imprison,TeraBlast|||M|||50|,,,,,Fighting]Gastrodon||Leftovers|StormDrain|EarthPower,Yawn,Recover,IceBeam|||M|||50|,,,,,Poison
|inactive|Battle timer is ON: inactive players will automatically lose when time's up. (requested by HorrendousCheese)
|
|t:|1756955575
|teamsize|p1|4
|teamsize|p2|4
|start
|switch|p1a: Maushold|Maushold-Four, L50|100/100
|switch|p1b: Incineroar|Incineroar, L50, M|100/100
|switch|p2a: Incineroar|Incineroar, L50, M|100/100
|switch|p2b: Dragonite|Dragonite, L50, F|100/100
|-ability|p1b: Incineroar|Intimidate|boost
|-unboost|p2a: Incineroar|atk|1
|-unboost|p2b: Dragonite|atk|1
|-ability|p2a: Incineroar|Intimidate|boost
|-unboost|p1a: Maushold|atk|1
|-unboost|p1b: Incineroar|atk|1
|turn|1
|inactive|TeyVgc has 30 seconds left.
|inactive|TeyVgc has 20 seconds left.
|inactive|TeyVgc has 15 seconds left.
|inactive|TeyVgc has 10 seconds left.
|
|t:|1756955622
|switch|p1a: Rillaboom|Rillaboom, L50, M|100/100
|-fieldstart|move: Grassy Terrain|[from] ability: Grassy Surge|[of] p1a: Rillaboom
|move|p2b: Dragonite|Protect|p2b: Dragonite
|-singleturn|p2b: Dragonite|Protect
|move|p1b: Incineroar|Parting Shot|p2a: Incineroar
|-unboost|p2a: Incineroar|atk|1
|-unboost|p2a: Incineroar|spa|1
|
|t:|1756955629
|switch|p1b: Maushold|Maushold-Four, L50|100/100|[from] Parting Shot
|move|p2a: Incineroar|Parting Shot|p1a: Rillaboom
|-unboost|p1a: Rillaboom|atk|1
|-unboost|p1a: Rillaboom|spa|1
|
|t:|1756955636
|switch|p2a: Indeedee|Indeedee, L50, M|100/100|[from] Parting Shot
|-fieldstart|move: Psychic Terrain|[from] ability: Psychic Surge|[of] p2a: Indeedee
|
|upkeep
|turn|2
|
|t:|1756955652
|switch|p2b: Incineroar|Incineroar, L50, M|100/100
|-ability|p2b: Incineroar|Intimidate|boost
|-unboost|p1a: Rillaboom|atk|1
|-unboost|p1b: Maushold|atk|1
|move|p1a: Rillaboom|Fake Out|p2b: Incineroar
|-activate|p2b: Incineroar|move: Psychic Terrain
|move|p1b: Maushold|Population Bomb|p2a: Indeedee
|-damage|p2a: Indeedee|83/100
|-damage|p2a: Indeedee|67/100
|-damage|p2a: Indeedee|53/100
|-damage|p2a: Indeedee|37/100
|-damage|p2a: Indeedee|22/100
|-damage|p2a: Indeedee|6/100
|-damage|p2a: Indeedee|0 fnt
|faint|p2a: Indeedee
|-hitcount|p2: Indeedee|7
|
|upkeep
|
|t:|1756955676
|switch|p2a: Dragonite|Dragonite, L50, F|100/100
|turn|3
|inactive|TeyVgc has 30 seconds left.
|inactive|HorrendousCheese has 30 seconds left.
|
|t:|1756955708
|move|p1b: Maushold|Population Bomb|p2a: Dragonite
|-damage|p2a: Dragonite|97/100
|-damage|p2a: Dragonite|88/100
|-damage|p2a: Dragonite|80/100
|-damage|p2a: Dragonite|71/100
|-damage|p2a: Dragonite|62/100
|-damage|p2a: Dragonite|53/100
|-damage|p2a: Dragonite|44/100
|-damage|p2a: Dragonite|35/100
|-damage|p2a: Dragonite|27/100
|-damage|p2a: Dragonite|18/100
|-hitcount|p2a: Dragonite|10
|move|p2a: Dragonite|Scale Shot|p1a: Rillaboom
|-damage|p1a: Rillaboom|85/100
|-damage|p1a: Rillaboom|70/100
|-damage|p1a: Rillaboom|56/100
|-damage|p1a: Rillaboom|40/100
|-hitcount|p1a: Rillaboom|4
|-unboost|p2a: Dragonite|def|1
|-boost|p2a: Dragonite|spe|1
|move|p1a: Rillaboom|U-turn|p2b: Incineroar
|-damage|p2b: Incineroar|87/100
|
|t:|1756955714
|switch|p1a: Incineroar|Incineroar, L50, M|100/100|[from] U-turn
|-ability|p1a: Incineroar|Intimidate|boost
|-unboost|p2a: Dragonite|atk|1
|-unboost|p2b: Incineroar|atk|1
|move|p2b: Incineroar|Flare Blitz|p1a: Incineroar
|-resisted|p1a: Incineroar
|-damage|p1a: Incineroar|83/100
|-damage|p2b: Incineroar|81/100|[from] Recoil
|
|upkeep
|turn|4
|
|t:|1756955739
|switch|p1b: Rillaboom|Rillaboom, L50, M|40/100
|-fieldstart|move: Grassy Terrain|[from] ability: Grassy Surge|[of] p1b: Rillaboom
|move|p2a: Dragonite|Protect|p2a: Dragonite
|-singleturn|p2a: Dragonite|Protect
|move|p1a: Incineroar|Fake Out|p2a: Dragonite
|-activate|p2a: Dragonite|move: Protect
|move|p2b: Incineroar|Knock Off|p1b: Rillaboom
|-damage|p1b: Rillaboom|12/100
|-enditem|p1b: Rillaboom|Assault Vest|[from] move: Knock Off|[of] p2b: Incineroar
|
|-heal|p1b: Rillaboom|18/100|[from] Grassy Terrain
|-heal|p1a: Incineroar|89/100|[from] Grassy Terrain
|-heal|p2b: Incineroar|87/100|[from] Grassy Terrain
|upkeep
|turn|5
|
|t:|1756955761
|switch|p2a: Sneasler|Sneasler, L50, F|100/100
|move|p1b: Rillaboom|Grassy Glide|p2a: Sneasler
|-resisted|p2a: Sneasler
|-damage|p2a: Sneasler|68/100
|move|p1a: Incineroar|Knock Off|p2a: Sneasler
|-resisted|p2a: Sneasler
|-damage|p2a: Sneasler|37/100
|-enditem|p2a: Sneasler|Psychic Seed|[from] move: Knock Off|[of] p1a: Incineroar
|move|p2b: Incineroar|Parting Shot|p1a: Incineroar
|-unboost|p1a: Incineroar|atk|1
|-unboost|p1a: Incineroar|spa|1
|
|t:|1756955772
|switch|p2b: Dragonite|Dragonite, L50, F|18/100|[from] Parting Shot
|
|-heal|p2a: Sneasler|43/100|[from] Grassy Terrain
|-heal|p1b: Rillaboom|24/100|[from] Grassy Terrain
|-heal|p1a: Incineroar|95/100|[from] Grassy Terrain
|upkeep
|turn|6
|
|t:|1756955789
|switch|p1a: Volcarona|Volcarona, L50, F|100/100
|-enditem|p1a: Volcarona|Grassy Seed
|-boost|p1a: Volcarona|def|1|[from] item: Grassy Seed
|move|p2a: Sneasler|Protect|p2a: Sneasler
|-singleturn|p2a: Sneasler|Protect
|move|p1b: Rillaboom|Grassy Glide|p2b: Dragonite
|-resisted|p2b: Dragonite
|-damage|p2b: Dragonite|8/100
|move|p2b: Dragonite|Tailwind|p2b: Dragonite
|-sidestart|p2: TeyVgc|move: Tailwind
|
|-heal|p2a: Sneasler|49/100|[from] Grassy Terrain
|-heal|p1b: Rillaboom|30/100|[from] Grassy Terrain
|upkeep
|turn|7
|
|t:|1756955807
|switch|p2b: Incineroar|Incineroar, L50, M|87/100
|-ability|p2b: Incineroar|Intimidate|boost
|-unboost|p1a: Volcarona|atk|1
|-unboost|p1b: Rillaboom|atk|1
|move|p1b: Rillaboom|Grassy Glide|p2b: Incineroar
|-resisted|p2b: Incineroar
|-damage|p2b: Incineroar|76/100
|move|p2a: Sneasler|Dire Claw|p1b: Rillaboom
|-supereffective|p1b: Rillaboom
|-damage|p1b: Rillaboom|0 fnt
|faint|p1b: Rillaboom
|move|p1a: Volcarona|Heat Wave|p2b: Incineroar|[spread] p2a,p2b
|-resisted|p2b: Incineroar
|-damage|p2a: Sneasler|4/100
|-damage|p2b: Incineroar|60/100
|
|-heal|p2a: Sneasler|10/100|[from] Grassy Terrain
|-heal|p2b: Incineroar|66/100|[from] Grassy Terrain
|upkeep
|
|t:|1756955820
|switch|p1b: Incineroar|Incineroar, L50, M|95/100
|-ability|p1b: Incineroar|Intimidate|boost
|-unboost|p2a: Sneasler|atk|1
|-unboost|p2b: Incineroar|atk|1
|turn|8
|
|t:|1756955845
|-terastallize|p1b: Incineroar|Ghost
|move|p2a: Sneasler|Protect|p2a: Sneasler
|-singleturn|p2a: Sneasler|Protect
|move|p1b: Incineroar|Fake Out|p2a: Sneasler
|-activate|p2a: Sneasler|move: Protect
|move|p2b: Incineroar|Flare Blitz|p1a: Volcarona
|-damage|p1a: Volcarona|73/100
|-damage|p2b: Incineroar|57/100|[from] Recoil
|move|p1a: Volcarona|Quiver Dance|p1a: Volcarona
|-boost|p1a: Volcarona|spa|1
|-boost|p1a: Volcarona|spd|1
|-boost|p1a: Volcarona|spe|1
|
|-heal|p2a: Sneasler|15/100|[from] Grassy Terrain
|-heal|p1a: Volcarona|80/100|[from] Grassy Terrain
|-heal|p2b: Incineroar|63/100|[from] Grassy Terrain
|-heal|p1b: Incineroar|100/100|[from] Grassy Terrain
|-fieldend|move: Grassy Terrain
|upkeep
|turn|9
|inactive|HorrendousCheese has 30 seconds left.
|
|t:|1756955875
|-terastallize|p2a: Sneasler|Dark
|move|p2a: Sneasler|Throat Chop|p1b: Incineroar
|-supereffective|p1b: Incineroar
|-damage|p1b: Incineroar|49/100
|-start|p1b: Incineroar|Throat Chop|[silent]
|move|p1a: Volcarona|Tera Blast|p2a: Sneasler
|-damage|p2a: Sneasler|0 fnt
|faint|p2a: Sneasler
|move|p2b: Incineroar|Knock Off|p1b: Incineroar
|-supereffective|p1b: Incineroar
|-damage|p1b: Incineroar|0 fnt
|-enditem|p1b: Incineroar|Safety Goggles|[from] move: Knock Off|[of] p2b: Incineroar
|faint|p1b: Incineroar
|
|-sideend|p2: TeyVgc|move: Tailwind
|upkeep
|
|t:|1756955884
|switch|p2a: Dragonite|Dragonite, L50, F|8/100
|switch|p1b: Maushold|Maushold-Four, L50|100/100
|turn|10
|-message|TeyVgc forfeited.
|
|win|HorrendousCheese
