|j|☆ManoloVAR
|j|☆punishedmelody
|html|ManoloVARpunishedmelody    
|uhtml|bestof|Game 3 of a best-of-3
|t:|1783738205
|gametype|doubles
|player|p1|ManoloVAR|hilbert|1131
|player|p2|punishedmelody|taunie|1040
|gen|9
|tier|[Gen 9 Champions] VGC 2026 Reg M-B (Bo3)
|rated|
|rule|Species Clause: Limit one of each Pokémon
|rule|Item Clause: Limit 1 of each item
|clearpoke
|poke|p1|Sinistcha-Masterpiece, L50|
|poke|p1|Swampert, L50, M|
|poke|p1|Politoed, L50, M|
|poke|p1|Incineroar, L50, M|
|poke|p1|Archaludon, L50, M|
|poke|p1|Gengar, L50, M, shiny|
|poke|p2|Blaziken, L50, M, shiny|
|poke|p2|Venusaur, L50, M|
|poke|p2|Ninetales-Alola, L50, M|
|poke|p2|Lycanroc-Dusk, L50, F|
|poke|p2|Kingambit, L50, M, shiny|
|poke|p2|Basculegion, L50, M|
|teampreview|4
|showteam|p1|Sinistcha-Masterpiece||KasibBerry|Hospitality|MatchaGotcha,Protect,LifeDew,TrickRoom|Bold|||||50|]Swampert||Swampertite|Torrent|HighHorsepower,WaveCrash,IcePunch,Protect|Adamant||M|||50|]Politoed||SitrusBerry|Drizzle|PerishSong,Protect,IcyWind,WeatherBall|Calm||M|||50|]Incineroar||WhiteHerb|Intimidate|CloseCombat,FlareBlitz,PartingShot,FakeOut|Adamant||M|||50|]Archaludon||Leftovers|Stamina|ElectroShot,DracoMeteor,Protect,FlashCannon|Modest||M|||50|]Gengar||Gengarite|CursedBody|Protect,SludgeBomb,ShadowBall,PerishSong|Timid||M|||50|
|showteam|p2|Blaziken||Blazikenite|SpeedBoost|FlareBlitz,CloseCombat,StoneEdge,Detect|Adamant||M|||50|]Venusaur||Venusaurite|Overgrow|GigaDrain,SludgeBomb,EarthPower,Protect|Modest||M|||50|]Ninetales-Alola||NeverMeltIce|SnowWarning|Blizzard,FreezeDry,Encore,Protect|Timid||M|||50|]Lycanroc-Dusk||FocusSash|ToughClaws|Accelerock,RockSlide,CloseCombat,Protect|Adamant||F|||50|]Kingambit||LifeOrb|Defiant|KowtowCleave,SuckerPunch,IronHead,Protect|Adamant||M|||50|]Basculegion||ChoiceScarf|Adaptability|WaveCrash,AquaJet,LastRespects,FlipTurn|Jolly||M|||50|
|inactive|Battle timer is ON: inactive players will automatically lose when time's up. (requested by ManoloVAR)
|
|t:|1783738223
|teamsize|p1|4
|teamsize|p2|4
|start
|switch|p1a: Gengar|Gengar, L50, M, shiny|100/100
|switch|p1b: Incineroar|Incineroar, L50, M|100/100
|switch|p2a: Hakka no Togame|Ninetales-Alola, L50, M|100/100
|switch|p2b: Tensa Zangetsu|Kingambit, L50, M, shiny|100/100
|-weather|Snowscape|[from] ability: Snow Warning|[of] p2a: Hakka no Togame
|-ability|p1b: Incineroar|Intimidate|boost
|-unboost|p2a: Hakka no Togame|atk|1
|-unboost|p2b: Tensa Zangetsu|atk|1
|-ability|p2b: Tensa Zangetsu|Defiant|boost
|-boost|p2b: Tensa Zangetsu|atk|2
|turn|1
|
|t:|1783738237
|detailschange|p1a: Gengar|Gengar-Mega, L50, M, shiny
|-mega|p1a: Gengar|Gengar|Gengarite
|move|p2a: Hakka no Togame|Protect|p2a: Hakka no Togame
|-singleturn|p2a: Hakka no Togame|Protect
|move|p2b: Tensa Zangetsu|Protect|p2b: Tensa Zangetsu
|-singleturn|p2b: Tensa Zangetsu|Protect
|move|p1a: Gengar|Sludge Bomb|p2a: Hakka no Togame
|-activate|p2a: Hakka no Togame|move: Protect
|move|p1b: Incineroar|Close Combat|p2b: Tensa Zangetsu
|-activate|p2b: Tensa Zangetsu|move: Protect
|
|-weather|Snowscape|[upkeep]
|upkeep
|turn|2
|inactive|punishedmelody has 30 seconds left.
|
|t:|1783738264
|move|p2b: Tensa Zangetsu|Sucker Punch||[still]
|-fail|p2b: Tensa Zangetsu
|move|p1a: Gengar|Perish Song|p1a: Gengar
|-start|p1a: Gengar|perish3|[silent]
|-start|p1b: Incineroar|perish3|[silent]
|-start|p2a: Hakka no Togame|perish3|[silent]
|-start|p2b: Tensa Zangetsu|perish3|[silent]
|-fieldactivate|move: Perish Song
|move|p2a: Hakka no Togame|Encore|p1b: Incineroar
|-start|p1b: Incineroar|Encore
|move|p1b: Incineroar|Close Combat|p2b: Tensa Zangetsu
|-supereffective|p2b: Tensa Zangetsu|2
|-damage|p2b: Tensa Zangetsu|0 fnt
|-unboost|p1b: Incineroar|def|1
|-unboost|p1b: Incineroar|spd|1
|faint|p2b: Tensa Zangetsu
|-enditem|p1b: Incineroar|White Herb
|-clearnegativeboost|p1b: Incineroar|[silent]
|
|-weather|Snowscape|[upkeep]
|-start|p1a: Gengar|perish3
|-start|p2a: Hakka no Togame|perish3
|-start|p1b: Incineroar|perish3
|upkeep
|
|t:|1783738269
|switch|p2b: La Muerte|Basculegion, L50, M|100/100
|turn|3
|
|t:|1783738278
|switch|p1b: Politoed|Politoed, L50, M|100/100
|-weather|RainDance|[from] ability: Drizzle|[of] p1b: Politoed
|move|p1a: Gengar|Protect|p1a: Gengar
|-singleturn|p1a: Gengar|Protect
|move|p2b: La Muerte|Last Respects|p1a: Gengar
|-activate|p1a: Gengar|move: Protect
|move|p2a: Hakka no Togame|Blizzard|p1b: Politoed|[spread] p1b
|-activate|p1a: Gengar|move: Protect
|-resisted|p1b: Politoed|1
|-damage|p1b: Politoed|87/100
|
|-weather|RainDance|[upkeep]
|-start|p1a: Gengar|perish2
|-start|p2a: Hakka no Togame|perish2
|upkeep
|turn|4
|
|t:|1783738287
|switch|p1a: Incineroar|Incineroar, L50, M|100/100
|-ability|p1a: Incineroar|Intimidate|boost
|-unboost|p2a: Hakka no Togame|atk|1
|-unboost|p2b: La Muerte|atk|1
|move|p2b: La Muerte|Last Respects|p1b: Politoed
|-damage|p1b: Politoed|45/100
|-enditem|p1b: Politoed|Sitrus Berry|[eat]
|-heal|p1b: Politoed|70/100|[from] item: Sitrus Berry
|move|p2a: Hakka no Togame|Freeze-Dry|p1b: Politoed
|-supereffective|p1b: Politoed|1
|-damage|p1b: Politoed|21/100
|move|p1b: Politoed|Icy Wind|p2b: La Muerte|[spread] p2a,p2b
|-resisted|p2a: Hakka no Togame|1
|-crit|p2a: Hakka no Togame
|-resisted|p2b: La Muerte|1
|-damage|p2a: Hakka no Togame|93/100
|-damage|p2b: La Muerte|94/100
|-unboost|p2a: Hakka no Togame|spe|1
|-unboost|p2b: La Muerte|spe|1
|
|-weather|RainDance|[upkeep]
|-start|p2a: Hakka no Togame|perish1
|upkeep
|turn|5
|
|t:|1783738309
|switch|p2a: Senbonzagura|Venusaur, L50, M|100/100
|move|p2b: La Muerte|Last Respects|p1b: Politoed
|-damage|p1b: Politoed|0 fnt
|faint|p1b: Politoed
|move|p1a: Incineroar|Parting Shot|p2a: Senbonzagura
|-unboost|p2a: Senbonzagura|atk|1
|-unboost|p2a: Senbonzagura|spa|1
|
|t:|1783738320
|switch|p1a: Archaludon|Archaludon, L50, M|100/100|[from] Parting Shot
|
|-weather|RainDance|[upkeep]
|upkeep
|
|t:|1783738323
|switch|p1b: Gengar|Gengar-Mega, L50, M, shiny|100/100
|turn|6
|
|t:|1783738353
|switch|p2b: Hakka no Togame|Ninetales-Alola, L50, M|93/100
|-weather|Snowscape|[from] ability: Snow Warning|[of] p2b: Hakka no Togame
|detailschange|p2a: Senbonzagura|Venusaur-Mega, L50, M
|-mega|p2a: Senbonzagura|Venusaur|Venusaurite
|move|p1b: Gengar|Shadow Ball|p2b: Hakka no Togame
|-damage|p2b: Hakka no Togame|41/100
|move|p1a: Archaludon|Flash Cannon|p2b: Hakka no Togame
|-supereffective|p2b: Hakka no Togame|2
|-crit|p2b: Hakka no Togame
|-damage|p2b: Hakka no Togame|0 fnt
|faint|p2b: Hakka no Togame
|move|p2a: Senbonzagura|Earth Power|p1b: Gengar
|-supereffective|p1b: Gengar|1
|-damage|p1b: Gengar|53/100
|
|-weather|Snowscape|[upkeep]
|upkeep
|
|t:|1783738363
|switch|p2b: La Muerte|Basculegion, L50, M|94/100
|turn|7
|
|t:|1783738378
|switch|p1b: Incineroar|Incineroar, L50, M|100/100
|-ability|p1b: Incineroar|Intimidate|boost
|-unboost|p2a: Senbonzagura|atk|1
|-unboost|p2b: La Muerte|atk|1
|move|p2b: La Muerte|Last Respects|p1b: Incineroar
|-resisted|p1b: Incineroar|1
|-damage|p1b: Incineroar|70/100
|move|p1a: Archaludon|Draco Meteor|p2b: La Muerte|[miss]
|-miss|p1a: Archaludon|p2b: La Muerte
|move|p2a: Senbonzagura|Earth Power|p1b: Incineroar
|-supereffective|p1b: Incineroar|1
|-damage|p1b: Incineroar|29/100
|
|-weather|Snowscape|[upkeep]
|upkeep
|turn|8
|
|t:|1783738394
|move|p1b: Incineroar|Fake Out|p2a: Senbonzagura
|-damage|p2a: Senbonzagura|89/100
|move|p2b: La Muerte|Last Respects|p1a: Archaludon
|-damage|p1a: Archaludon|52/100
|-ability|p1a: Archaludon|Stamina|boost
|-boost|p1a: Archaludon|def|1
|move|p1a: Archaludon|Draco Meteor|p2b: La Muerte|[miss]
|-miss|p1a: Archaludon|p2b: La Muerte
|cant|p2a: Senbonzagura|flinch
|
|-weather|Snowscape|[upkeep]
|-heal|p1a: Archaludon|58/100|[from] item: Leftovers
|upkeep
|turn|9
|inactive|ManoloVAR has 30 seconds left.
|
|t:|1783738424
|move|p2b: La Muerte|Last Respects|p1b: Incineroar
|-resisted|p1b: Incineroar|1
|-damage|p1b: Incineroar|0 fnt
|faint|p1b: Incineroar
|move|p1a: Archaludon|Draco Meteor|p2b: La Muerte
|-damage|p2b: La Muerte|24/100
|-unboost|p1a: Archaludon|spa|2
|move|p2a: Senbonzagura|Earth Power|p1a: Archaludon
|-supereffective|p1a: Archaludon|1
|-damage|p1a: Archaludon|15/100
|-ability|p1a: Archaludon|Stamina|boost
|-boost|p1a: Archaludon|def|1
|
|-weather|Snowscape|[upkeep]
|-heal|p1a: Archaludon|21/100|[from] item: Leftovers
|upkeep
|
|t:|1783738432
|switch|p1b: Gengar|Gengar-Mega, L50, M, shiny|53/100
|turn|10
|
|t:|1783738442
|move|p1b: Gengar|Protect|p1b: Gengar
|-singleturn|p1b: Gengar|Protect
|move|p2b: La Muerte|Last Respects|p1a: Archaludon
|-damage|p1a: Archaludon|1/100
|-ability|p1a: Archaludon|Stamina|boost
|-boost|p1a: Archaludon|def|1
|move|p1a: Archaludon|Draco Meteor|p2b: La Muerte
|-crit|p2b: La Muerte
|-damage|p2b: La Muerte|0 fnt
|-unboost|p1a: Archaludon|spa|2
|faint|p2b: La Muerte
|move|p2a: Senbonzagura|Earth Power|p1b: Gengar
|-activate|p1b: Gengar|move: Protect
|
|-weather|none
|-heal|p1a: Archaludon|6/100|[from] item: Leftovers
|upkeep
|turn|11
|
|t:|1783738461
|move|p1b: Gengar|Sludge Bomb|p2a: Senbonzagura
|-damage|p2a: Senbonzagura|45/100
|move|p1a: Archaludon|Draco Meteor|p2a: Senbonzagura|[miss]
|-miss|p1a: Archaludon|p2a: Senbonzagura
|move|p2a: Senbonzagura|Earth Power|p1b: Gengar
|-supereffective|p1b: Gengar|1
|-damage|p1b: Gengar|7/100
|
|-heal|p1a: Archaludon|12/100|[from] item: Leftovers
|upkeep
|turn|12
|-message|punishedmelody forfeited.
|
|win|ManoloVAR
|raw|ManoloVAR's rating: 1131 → 1150(+19 for winning)
|raw|punishedmelody's rating: 1040 → 1028(-12 for losing)
