|j|☆swooshcel
|j|☆Zephrhills
|html|swooshcelZephrhills    
|uhtml|bestof|Game 1 of a best-of-3
|t:|1784511554
|gametype|doubles
|player|p1|swooshcel|101|
|player|p2|Zephrhills|miku-ghost|
|gen|9
|tier|[Gen 9 Champions] VGC 2026 Reg M-B (Bo3)
|rule|Species Clause: Limit one of each Pokémon
|rule|Item Clause: Limit 1 of each item
|clearpoke
|poke|p1|Sinistcha-Masterpiece, L50|
|poke|p1|Basculegion, L50, M|
|poke|p1|Corviknight, L50, M|
|poke|p1|Glimmora, L50, F|
|poke|p1|Aurorus, L50, F|
|poke|p1|Froslass, L50, F|
|poke|p2|Tyranitar, L50, F, shiny|
|poke|p2|Greninja, L50, F, shiny|
|poke|p2|Blaziken, L50, F|
|poke|p2|Dragapult, L50, M|
|poke|p2|Scizor, L50, F|
|poke|p2|Florges-White, L50, F, shiny|
|teampreview|4
|showteam|p1|Sinistcha-Masterpiece||SitrusBerry|Hospitality|MatchaGotcha,LifeDew,ShadowBall,RagePowder|Timid|||||50|]Basculegion||ChoiceScarf|Adaptability|PsychicFangs,WaveCrash,LastRespects,FlipTurn|Jolly||M|||50|]Corviknight||FocusSash|Pressure|BraveBird,BodyPress,Tailwind,IronDefense|Impish||M|||50|]Glimmora||Glimmoranite|ToxicDebris|PowerGem,Protect,SludgeWave,MudShot|Modest||F|||50|]Aurorus||LightClay|SnowWarning|AuroraVeil,Blizzard,FlashCannon,Encore|Bold||F|||50|]Froslass||Froslassite|SnowCloak|Blizzard,Protect,NastyPlot,ShadowBall|Modest||F|||50|
|showteam|p2|Tyranitar||ExpertBelt|SandStream|ThunderWave,Protect,PowerGem,Thunderbolt|Quiet||F|||50|]Greninja||LifeOrb|Protean|GrassKnot,DarkPulse,Extrasensory,Blizzard|Modest||F|||50|]Blaziken||Blazikenite|SpeedBoost|Detect,Overheat,ThunderPunch,CloseCombat|Adamant||F|||50|]Dragapult||ChoiceScarf|Infiltrator|DracoMeteor,Uturn,Flamethrower,ShadowBall|Modest||M|||50|]Scizor||SitrusBerry|Technician|BulletPunch,KnockOff,Tailwind,Protect|Careful||F|||50|]Florges-White||Leftovers|Symbiosis|DrainingKiss,Wish,Protect,HelpingHand|Bold||F|||50|
|
|t:|1784511597
|teamsize|p1|4
|teamsize|p2|4
|start
|switch|p1a: tailwind slave|Corviknight, L50, M|100/100
|switch|p1b: train neck|Glimmora, L50, F|100/100
|switch|p2a: Greninja|Greninja, L50, F, shiny|100/100
|switch|p2b: Blaziken|Blaziken, L50, F|100/100
|-ability|p1a: tailwind slave|Pressure
|turn|1
|
|t:|1784511630
|switch|p2b: Scizor|Scizor, L50, F|100/100
|move|p2a: Greninja|Extrasensory|p1b: train neck
|-start|p2a: Greninja|typechange|Psychic|[from] ability: Protean
|-supereffective|p1b: train neck|1
|-damage|p1b: train neck|0 fnt
|faint|p1b: train neck
|-damage|p2a: Greninja|90/100|[from] item: Life Orb
|move|p1a: tailwind slave|Body Press|p2a: Greninja
|-resisted|p2a: Greninja|1
|-damage|p2a: Greninja|67/100
|
|upkeep
|
|t:|1784511645
|switch|p1b: roland|Basculegion, L50, M|100/100
|turn|2
|
|t:|1784511678
|move|p1b: roland|Last Respects|p2a: Greninja
|-supereffective|p2a: Greninja|1
|-damage|p2a: Greninja|0 fnt
|faint|p2a: Greninja
|move|p1a: tailwind slave|Iron Defense|p1a: tailwind slave
|-boost|p1a: tailwind slave|def|2
|move|p2b: Scizor|Tailwind|p2b: Scizor
|-sidestart|p2: Zephrhills|move: Tailwind
|
|upkeep
|
|t:|1784511688
|switch|p2a: Dragapult|Dragapult, L50, M|100/100
|turn|3
|
|t:|1784511744
|move|p2b: Scizor|Bullet Punch|p1b: roland
|-resisted|p1b: roland|1
|-damage|p1b: roland|81/100
|move|p2a: Dragapult|Shadow Ball|p1b: roland
|-supereffective|p1b: roland|1
|-damage|p1b: roland|0 fnt
|faint|p1b: roland
|move|p1a: tailwind slave|Tailwind|p1a: tailwind slave
|-sidestart|p1: swooshcel|move: Tailwind
|
|upkeep
|
|t:|1784511752
|switch|p1b: rime shank|Froslass, L50, F|100/100
|turn|4
|
|t:|1784511767
|detailschange|p1b: rime shank|Froslass-Mega, L50, F
|-mega|p1b: rime shank|Froslass|Froslassite
|-weather|Snowscape|[from] ability: Snow Warning|[of] p1b: rime shank
|move|p2b: Scizor|Bullet Punch|p1b: rime shank
|-supereffective|p1b: rime shank|1
|-crit|p1b: rime shank
|-damage|p1b: rime shank|18/100
|move|p2a: Dragapult|Shadow Ball|p1b: rime shank
|-supereffective|p1b: rime shank|1
|-damage|p1b: rime shank|0 fnt
|faint|p1b: rime shank
|move|p1a: tailwind slave|Body Press|p2a: Dragapult
|-immune|p2a: Dragapult
|
|-weather|Snowscape|[upkeep]
|upkeep
|turn|5
|
|t:|1784511783
|switch|p2b: Blaziken|Blaziken, L50, F|100/100
|move|p2a: Dragapult|Shadow Ball|p1a: tailwind slave
|-damage|p1a: tailwind slave|60/100
|move|p1a: tailwind slave|Brave Bird|p2b: Blaziken
|-supereffective|p2b: Blaziken|1
|-damage|p2b: Blaziken|0 fnt
|faint|p2b: Blaziken
|-damage|p1a: tailwind slave|31/100|[from] Recoil
|
|-weather|Snowscape|[upkeep]
|-sideend|p2: Zephrhills|move: Tailwind
|upkeep
|
|t:|1784511794
|switch|p2b: Scizor|Scizor, L50, F|100/100
|turn|6
|
|t:|1784511799
|move|p2a: Dragapult|Shadow Ball|p1a: tailwind slave
|-damage|p1a: tailwind slave|0 fnt
|faint|p1a: tailwind slave
|
|win|Zephrhills
||swooshcel is ready for game 2.
||Zephrhills is ready for game 2.
|uhtml|next|Next: Game 2 of 3
|l|☆Zephrhills
|player|p2|
