|j|☆zileu
|j|☆urstepslowbro
|html|zileuurstepslowbro    
|uhtml|bestof|Game 1 of a best-of-3
|t:|1784802931
|gametype|doubles
|player|p1|zileu|cyclist-gen4|1120
|player|p2|urstepslowbro|iono-masters|1052
|gen|9
|tier|[Gen 9 Champions] VGC 2026 Reg M-B (Bo3)
|rated|
|rule|Species Clause: Limit one of each Pokémon
|rule|Item Clause: Limit 1 of each item
|clearpoke
|poke|p1|Froslass, L50, F|
|poke|p1|Sneasler, L50, M|
|poke|p1|Basculegion, L50, M|
|poke|p1|Kingambit, L50, F|
|poke|p1|Aerodactyl, L50, F|
|poke|p1|Garchomp, L50, F|
|poke|p2|Pyroar, L50, F|
|poke|p2|Ninetales, L50, F|
|poke|p2|Whimsicott, L50, M|
|poke|p2|Floette-Eternal, L50, F|
|poke|p2|Basculegion, L50, M|
|poke|p2|Farigiraf, L50, M|
|teampreview|4
|showteam|p1|Froslass||Froslassite|CursedBody|Blizzard,ShadowBall,AuroraVeil,Protect|Timid||F|||50|]Sneasler||WhiteHerb|Unburden|CloseCombat,DireClaw,FakeOut,Protect|Adamant||M|||50|]Basculegion||SitrusBerry|Adaptability|LastRespects,WaveCrash,AquaJet,Protect|Adamant||M|||50|]Kingambit||BlackGlasses|Defiant|KowtowCleave,SuckerPunch,IronHead,Protect|Adamant||F|||50|]Aerodactyl||FocusSash|Unnerve|RockSlide,DualWingbeat,Tailwind,Protect|Jolly||F|||50|]Garchomp||LifeOrb|RoughSkin|DragonClaw,RockSlide,Earthquake,Protect|Jolly||F|||50|
|showteam|p2|Pyroar||Pyroarite|Unnerve|HeatWave,Overheat,SolarBeam,Protect|Timid||F|||50|]Ninetales||ChoiceScarf|Drought|HeatWave,Overheat,SolarBeam,FakeTears|Modest||F|||50|]Whimsicott||FocusSash|Prankster|Moonblast,Tailwind,SunnyDay,Protect|Timid||M|||50|]Floette-Eternal||Floettite|FlowerVeil|Moonblast,LightofRuin,DazzlingGleam,Protect|Modest||F|||50|]Basculegion||LifeOrb|Adaptability|WaveCrash,LastRespects,AquaJet,Protect|Adamant||M|||50|]Farigiraf||SitrusBerry|ArmorTail|Psychic,Thunderbolt,TrickRoom,HelpingHand|Bold||M|||50|
|inactive|Battle timer is ON: inactive players will automatically lose when time's up. (requested by zileu)
|
|t:|1784802956
|teamsize|p1|4
|teamsize|p2|4
|start
|switch|p1a: Froslass|Froslass, L50, F|100/100
|switch|p1b: Aerodactyl|Aerodactyl, L50, F|100/100
|switch|p2a: Whimsicott|Whimsicott, L50, M|100/100
|switch|p2b: Floette|Floette-Eternal, L50, F|100/100
|-ability|p1b: Aerodactyl|Unnerve
|turn|1
|inactive|zileu has 30 seconds left.
|inactive|urstepslowbro has 30 seconds left.
|inactive|urstepslowbro has 20 seconds left.
|
|t:|1784802995
|detailschange|p1a: Froslass|Froslass-Mega, L50, F
|-mega|p1a: Froslass|Froslass|Froslassite
|-weather|Snowscape|[from] ability: Snow Warning|[of] p1a: Froslass
|detailschange|p2b: Floette|Floette-Mega, L50, F
|-mega|p2b: Floette|Floette|Floettite
|-ability|p2b: Floette|Fairy Aura
|move|p1b: Aerodactyl|Tailwind|p1b: Aerodactyl
|-sidestart|p1: zileu|move: Tailwind
|move|p1a: Froslass|Aurora Veil|p1a: Froslass
|-sidestart|p1: zileu|move: Aurora Veil
|move|p2a: Whimsicott|Moonblast|p1b: Aerodactyl
|-damage|p1b: Aerodactyl|53/100
|move|p2b: Floette|Dazzling Gleam|p1b: Aerodactyl|[spread] p1a,p1b
|-damage|p1a: Froslass|63/100
|-damage|p1b: Aerodactyl|1/100
|
|-weather|Snowscape|[upkeep]
|upkeep
|turn|2
|inactive|urstepslowbro has 30 seconds left.
|
|t:|1784803024
|move|p2a: Whimsicott|Protect|p2a: Whimsicott
|-singleturn|p2a: Whimsicott|Protect
|move|p1b: Aerodactyl|Rock Slide|p2b: Floette|[spread] p2b
|-activate|p2a: Whimsicott|move: Protect
|-damage|p2b: Floette|65/100
|move|p1a: Froslass|Shadow Ball|p2b: Floette
|-damage|p2b: Floette|27/100
|-unboost|p2b: Floette|spd|1
|move|p2b: Floette|Dazzling Gleam|p1b: Aerodactyl|[spread] p1a,p1b
|-damage|p1a: Froslass|23/100
|-damage|p1b: Aerodactyl|0 fnt
|faint|p1b: Aerodactyl
|
|-weather|Snowscape|[upkeep]
|upkeep
|
|t:|1784803039
|switch|p1b: Garchomp|Garchomp, L50, F|100/100
|turn|3
|
|t:|1784803059
|move|p2b: Floette|Protect|p2b: Floette
|-singleturn|p2b: Floette|Protect
|move|p2a: Whimsicott|Tailwind|p2a: Whimsicott
|-sidestart|p2: urstepslowbro|move: Tailwind
|move|p1a: Froslass|Shadow Ball|p2a: Whimsicott
|-damage|p2a: Whimsicott|27/100
|move|p1b: Garchomp|Rock Slide|p2b: Floette|[spread] p2a
|-activate|p2b: Floette|move: Protect
|-damage|p2a: Whimsicott|0 fnt
|faint|p2a: Whimsicott
|-damage|p1b: Garchomp|90/100|[from] item: Life Orb
|
|-weather|Snowscape|[upkeep]
|upkeep
|
|t:|1784803073
|switch|p2a: Basculegion|Basculegion, L50, M|100/100
|turn|4
|
|t:|1784803085
|switch|p2b: Farigiraf|Farigiraf, L50, M|100/100
|move|p2a: Basculegion|Aqua Jet|p1a: Froslass
|-damage|p1a: Froslass|2/100
|-damage|p2a: Basculegion|90/100|[from] item: Life Orb
|move|p1a: Froslass|Blizzard|p2b: Farigiraf|[spread] p2a,p2b
|-resisted|p2a: Basculegion|1
|-damage|p2a: Basculegion|64/100
|-damage|p2b: Farigiraf|59/100
|move|p1b: Garchomp|Dragon Claw|p2a: Basculegion
|-crit|p2a: Basculegion
|-damage|p2a: Basculegion|0 fnt
|faint|p2a: Basculegion
|-damage|p1b: Garchomp|80/100|[from] item: Life Orb
|
|-weather|Snowscape|[upkeep]
|-sideend|p1: zileu|move: Tailwind
|upkeep
|
|t:|1784803088
|switch|p2a: Floette|Floette-Mega, L50, F|27/100
|-ability|p2a: Floette|Fairy Aura
|turn|5
|inactive|zileu has 30 seconds left.
|
|t:|1784803114
|move|p2b: Farigiraf|Helping Hand|p2a: Floette
|-singleturn|p2a: Floette|Helping Hand|[of] p2b: Farigiraf
|move|p2a: Floette|Dazzling Gleam|p1b: Garchomp|[spread] p1a,p1b
|-supereffective|p1b: Garchomp|1
|-damage|p1a: Froslass|0 fnt
|-damage|p1b: Garchomp|0 fnt
|faint|p1a: Froslass
|faint|p1b: Garchomp
|
|-weather|none
|-sideend|p1: zileu|move: Aurora Veil
|upkeep
|
|t:|1784803120
|switch|p1b: Basculegion|Basculegion, L50, M|100/100
|turn|6
|
|t:|1784803133
|move|p1b: Basculegion|Protect|p1b: Basculegion
|-singleturn|p1b: Basculegion|Protect
|move|p2a: Floette|Light of Ruin|p1b: Basculegion
|-activate|p1b: Basculegion|move: Protect
|move|p2b: Farigiraf|Thunderbolt|p1b: Basculegion
|-activate|p1b: Basculegion|move: Protect
|
|-sideend|p2: urstepslowbro|move: Tailwind
|upkeep
|turn|7
|
|t:|1784803147
|move|p2a: Floette|Light of Ruin|p1b: Basculegion|[miss]
|-miss|p2a: Floette|p1b: Basculegion
|move|p1b: Basculegion|Last Respects|p2a: Floette
|-damage|p2a: Floette|0 fnt
|faint|p2a: Floette
|move|p2b: Farigiraf|Trick Room|p2b: Farigiraf
|-fieldstart|move: Trick Room|[of] p2b: Farigiraf
|
|upkeep
|turn|8
|
|t:|1784803155
|move|p2b: Farigiraf|Thunderbolt|p1b: Basculegion
|-supereffective|p1b: Basculegion|1
|-damage|p1b: Basculegion|44/100
|-status|p1b: Basculegion|par
|-enditem|p1b: Basculegion|Sitrus Berry|[eat]
|-heal|p1b: Basculegion|69/100 par|[from] item: Sitrus Berry
|move|p1b: Basculegion|Wave Crash|p2b: Farigiraf
|-damage|p2b: Farigiraf|0 fnt
|faint|p2b: Farigiraf
|-damage|p1b: Basculegion|47/100 par|[from] Recoil
|
|win|zileu
||urstepslowbro is ready for game 2.
