|j|☆Cogao vascaino
|j|☆entei enthusiast
|html|Cogao vascainoentei enthusiast    
|uhtml|bestof|Game 2 of a best-of-3
|t:|1756571034
|gametype|doubles
|player|p1|Cogao vascaino|dancer|1234
|player|p2|entei enthusiast|265|1322
|gen|9
|tier|[Gen 9] VGC 2025 Reg H (Bo3)
|rated|
|rule|Species Clause: Limit one of each Pokémon
|rule|Item Clause: Limit 1 of each item
|clearpoke
|poke|p1|Maushold, L50|
|poke|p1|Sinistcha, L50|
|poke|p1|Pelipper, L50, F|
|poke|p1|Annihilape, L50, M|
|poke|p1|Basculegion, L50, M|
|poke|p1|Archaludon, L50, M|
|poke|p2|Gholdengo, L50|
|poke|p2|Sneasler, L50, M|
|poke|p2|Rillaboom, L50, F|
|poke|p2|Dragonite, L50, M|
|poke|p2|Ninetales-Alola, L50, M|
|poke|p2|Arcanine-Hisui, L50, F|
|teampreview|4
|showteam|p1|Maushold||SafetyGoggles|FriendGuard|BeatUp,FollowMe,Taunt,Protect||||||50|,,,,,Ghost]Sinistcha||RockyHelmet|Hospitality|MatchaGotcha,RagePowder,LifeDew,TrickRoom||||||50|,,,,,Fairy]Pelipper||FocusSash|Drizzle|WeatherBall,Hurricane,Tailwind,Protect|||F|||50|,,,,,Stellar]Annihilape||SpellTag|Defiant|DrainPunch,RageFist,BulkUp,Protect|||M|||50|,,,,,Fire]Basculegion||ChoiceBand|SwiftSwim|WaveCrash,AquaJet,LastRespects,FlipTurn|||M|||50|,,,,,Water]Archaludon||AssaultVest|Stamina|BodyPress,DracoMeteor,ElectroShot,FlashCannon|||M|||50|,,,,,Grass
|showteam|p2|Gholdengo||GrassySeed|GoodasGold|NastyPlot,MakeItRain,ShadowBall,Protect||||||50|,,,,,Water]Sneasler||WhiteHerb|Unburden|CloseCombat,DireClaw,Coaching,Protect|||M|||50|,,,,,Ghost]Rillaboom||AssaultVest|GrassySurge|FakeOut,GrassyGlide,DrumBeating,HighHorsepower|||F|||50|,,,,,Fire]Dragonite||LoadedDice|Multiscale|ScaleShot,StompingTantrum,Tailwind,Protect|||M|||50|,,,,,Ground]Ninetales-Alola||FocusSash|SnowWarning|Blizzard,IcyWind,Encore,AuroraVeil|||M|||50|,,,,,Ghost]Arcanine-Hisui||ClearAmulet|Intimidate|RockSlide,FlareBlitz,ExtremeSpeed,Protect|||F|||50|,,,,,Water
|
|t:|1756571093
|teamsize|p1|4
|teamsize|p2|4
|start
|switch|p1a: Basculegion|Basculegion, L50, M|100/100
|switch|p1b: Sinistcha|Sinistcha, L50|100/100
|switch|p2a: Sneasler|Sneasler, L50, M, shiny|100/100
|switch|p2b: Dragonite|Dragonite, L50, M|100/100
|turn|1
|
|t:|1756571134
|switch|p1a: Archaludon|Archaludon, L50, M|100/100
|move|p2a: Sneasler|Coaching|p2b: Dragonite
|-boost|p2b: Dragonite|atk|1
|-boost|p2b: Dragonite|def|1
|move|p2b: Dragonite|Scale Shot|p1a: Archaludon
|-damage|p1a: Archaludon|83/100
|-ability|p1a: Archaludon|Stamina|boost
|-boost|p1a: Archaludon|def|1
|-damage|p1a: Archaludon|73/100
|-ability|p1a: Archaludon|Stamina|boost
|-boost|p1a: Archaludon|def|1
|-damage|p1a: Archaludon|63/100
|-ability|p1a: Archaludon|Stamina|boost
|-boost|p1a: Archaludon|def|1
|-damage|p1a: Archaludon|57/100
|-ability|p1a: Archaludon|Stamina|boost
|-boost|p1a: Archaludon|def|1
|-damage|p1a: Archaludon|51/100
|-ability|p1a: Archaludon|Stamina|boost
|-boost|p1a: Archaludon|def|1
|-hitcount|p1a: Archaludon|5
|-unboost|p2b: Dragonite|def|1
|-boost|p2b: Dragonite|spe|1
|move|p1b: Sinistcha|Trick Room|p1b: Sinistcha
|-fieldstart|move: Trick Room|[of] p1b: Sinistcha
|
|upkeep
|turn|2
|
|t:|1756571166
|switch|p2a: Gholdengo|Gholdengo, L50, shiny|100/100
|-terastallize|p1b: Sinistcha|Fairy
|move|p2b: Dragonite|Protect|p2b: Dragonite
|-singleturn|p2b: Dragonite|Protect
|move|p1b: Sinistcha|Matcha Gotcha|p2b: Dragonite|[spread] p2a
|-activate|p2b: Dragonite|move: Protect
|-resisted|p2a: Gholdengo
|-damage|p2a: Gholdengo|88/100
|-status|p2a: Gholdengo|brn
|move|p1a: Archaludon|Body Press|p2a: Gholdengo
|-immune|p2a: Gholdengo
|
|-damage|p2a: Gholdengo|82/100 brn|[from] brn
|upkeep
|turn|3
|
|t:|1756571187
|switch|p2b: Sneasler|Sneasler, L50, M, shiny|100/100
|move|p1b: Sinistcha|Matcha Gotcha|p2b: Sneasler|[spread] p2a,p2b
|-resisted|p2a: Gholdengo
|-resisted|p2b: Sneasler
|-crit|p2b: Sneasler
|-damage|p2a: Gholdengo|69/100 brn
|-damage|p2b: Sneasler|78/100
|move|p1a: Archaludon|Draco Meteor|p2b: Sneasler
|-damage|p2b: Sneasler|3/100
|-unboost|p1a: Archaludon|spa|2
|move|p2a: Gholdengo|Nasty Plot|p2a: Gholdengo
|-boost|p2a: Gholdengo|spa|2
|
|-damage|p2a: Gholdengo|63/100 brn|[from] brn
|upkeep
|turn|4
|
|t:|1756571207
|move|p2b: Sneasler|Protect|p2b: Sneasler
|-singleturn|p2b: Sneasler|Protect
|move|p1b: Sinistcha|Life Dew||[still]|[spread] p1a,p1b
|-heal|p1a: Archaludon|76/100
|-fail|p1b: Sinistcha|heal
|move|p1a: Archaludon|Flash Cannon|p2a: Gholdengo
|-resisted|p2a: Gholdengo
|-damage|p2a: Gholdengo|53/100 brn
|move|p2a: Gholdengo|Make It Rain|p1a: Archaludon|[spread] p1a,p1b
|-resisted|p1a: Archaludon
|-supereffective|p1b: Sinistcha
|-damage|p1a: Archaludon|48/100
|-damage|p1b: Sinistcha|0 fnt
|-unboost|p2a: Gholdengo|spa|1
|-ability|p1a: Archaludon|Stamina|boost
|-boost|p1a: Archaludon|def|1
|faint|p1b: Sinistcha
|
|-damage|p2a: Gholdengo|46/100 brn|[from] brn
|upkeep
|
|t:|1756571211
|switch|p1b: Pelipper|Pelipper, L50, F|100/100
|-weather|RainDance|[from] ability: Drizzle|[of] p1b: Pelipper
|turn|5
|
|t:|1756571246
|switch|p2b: Ninetales|Ninetales-Alola, L50, M|100/100
|-weather|Snowscape|[from] ability: Snow Warning|[of] p2b: Ninetales
|move|p1a: Archaludon|Flash Cannon|p2b: Ninetales
|-supereffective|p2b: Ninetales
|-damage|p2b: Ninetales|4/100
|move|p1b: Pelipper|Tailwind|p1b: Pelipper
|-sidestart|p1: Cogao vascaino|move: Tailwind
|move|p2a: Gholdengo|Shadow Ball|p1a: Archaludon
|-damage|p1a: Archaludon|10/100
|
|-weather|Snowscape|[upkeep]
|-damage|p2a: Gholdengo|40/100 brn|[from] brn
|-fieldend|move: Trick Room
|upkeep
|turn|6
|
|t:|1756571270
|switch|p2b: Sneasler|Sneasler, L50, M, shiny|3/100
|move|p1b: Pelipper|Weather Ball|p2a: Gholdengo
|-resisted|p2a: Gholdengo
|-damage|p2a: Gholdengo|25/100 brn
|move|p1a: Archaludon|Flash Cannon|p2b: Sneasler
|-damage|p2b: Sneasler|0 fnt
|faint|p2b: Sneasler
|move|p2a: Gholdengo|Shadow Ball|p1b: Pelipper
|-enditem|p1b: Pelipper|Focus Sash
|-damage|p1b: Pelipper|1/100
|
|-weather|Snowscape|[upkeep]
|-damage|p2a: Gholdengo|19/100 brn|[from] brn
|upkeep
|
|t:|1756571284
|switch|p2b: Dragonite|Dragonite, L50, M|100/100
|turn|7
|
|t:|1756571306
|move|p1b: Pelipper|Weather Ball|p2b: Dragonite
|-supereffective|p2b: Dragonite
|-damage|p2b: Dragonite|42/100
|move|p1a: Archaludon|Draco Meteor|p2a: Gholdengo
|-resisted|p2a: Gholdengo
|-damage|p2a: Gholdengo|5/100 brn
|-unboost|p1a: Archaludon|spa|2
|move|p2a: Gholdengo|Make It Rain|p1b: Pelipper|[spread] p1a,p1b
|-resisted|p1a: Archaludon
|-resisted|p1b: Pelipper
|-crit|p1b: Pelipper
|-damage|p1a: Archaludon|0 fnt
|-damage|p1b: Pelipper|0 fnt
|-unboost|p2a: Gholdengo|spa|1
|faint|p1a: Archaludon
|faint|p1b: Pelipper
|move|p2b: Dragonite|Tailwind|p2b: Dragonite
|-sidestart|p2: entei enthusiast|move: Tailwind
|
|-weather|Snowscape|[upkeep]
|-damage|p2a: Gholdengo|0 fnt|[from] brn
|faint|p2a: Gholdengo
|upkeep
|
|t:|1756571318
|switch|p2a: Ninetales|Ninetales-Alola, L50, M|4/100
|switch|p1a: Basculegion|Basculegion, L50, M|100/100
|turn|8
|
|t:|1756571335
|move|p2a: Ninetales|Icy Wind|p1a: Basculegion
|-resisted|p1a: Basculegion
|-crit|p1a: Basculegion
|-damage|p1a: Basculegion|82/100
|-unboost|p1a: Basculegion|spe|1
|move|p2b: Dragonite|Scale Shot|p1a: Basculegion
|-damage|p1a: Basculegion|65/100
|-damage|p1a: Basculegion|45/100
|-damage|p1a: Basculegion|26/100
|-damage|p1a: Basculegion|8/100
|-damage|p1a: Basculegion|0 fnt
|faint|p1a: Basculegion
|-hitcount|p1: Basculegion|5
|
|win|entei enthusiast
||Cogao vascaino is ready for game 3.
||Cogao vascaino is ready for game 3.
|inactive|entei enthusiast has 30 seconds to confirm battle start!
||entei enthusiast is ready for game 3.
|uhtml|next|Next: Game 3 of 3
