|j|‽bermusinho
|j|☆Moitamo
|html|bermusinhoMoitamo    
|uhtml|bestof|Game 3 of a best-of-3
|t:|1783358589
|gametype|doubles
|player|p1|bermusinho|102|1080
|player|p2|Moitamo|265|1218
|gen|9
|tier|[Gen 9 Champions] VGC 2026 Reg M-B (Bo3)
|rated|
|rule|Species Clause: Limit one of each Pokémon
|rule|Item Clause: Limit 1 of each item
|clearpoke
|poke|p1|Excadrill, L50, M|
|poke|p1|Tyranitar, L50, F|
|poke|p1|Staraptor, L50, F|
|poke|p1|Venusaur, L50, M|
|poke|p1|Rotom-Wash, L50|
|poke|p1|Houndstone, L50, F|
|poke|p2|Floette-Eternal, L50, F|
|poke|p2|Pelipper, L50, M|
|poke|p2|Swampert, L50, F|
|poke|p2|Sneasler, L50, F|
|poke|p2|Incineroar, L50, F|
|poke|p2|Archaludon, L50, M|
|teampreview|4
|showteam|p1|Excadrill||FocusSash|SandRush|Protect,Earthquake,IronHead,RockSlide|Adamant||M|||50|]Tyranitar||ChoiceScarf|SandStream|RockSlide,KnockOff,IcePunch,LowKick|Jolly||F|||50|]Staraptor||Staraptite|Intimidate|Protect,CloseCombat,BraveBird,Tailwind|Jolly||F|||50|]Venusaur||Venusaurite|Overgrow|Protect,SleepPowder,SludgeBomb,EarthPower|Modest||M|||50|]Rotom-Wash||Magnet|Levitate|Protect,Thunderbolt,VoltSwitch,HydroPump|Modest|||||50|]Houndstone||SitrusBerry|SandRush|Protect,LastRespects,WillOWisp,AllySwitch|Adamant||F|||50|
|showteam|p2|Floette-Eternal||Floettite|FlowerVeil|Moonblast,DazzlingGleam,Protect,CalmMind|Modest||F|||50|]Pelipper||FocusSash|Drizzle|WeatherBall,Hurricane,WideGuard,Tailwind|Modest||M|||50|]Swampert||Swampertite|Torrent|Earthquake,FlipTurn,WaveCrash,Protect|Adamant||F|||50|]Sneasler||WhiteHerb|Unburden|CloseCombat,FakeOut,Protect,DireClaw|Adamant||F|||50|]Incineroar||SitrusBerry|Intimidate|FakeOut,DarkestLariat,Taunt,PartingShot|Adamant||F|||50|]Archaludon||LifeOrb|Stalwart|ElectroShot,Protect,DragonPulse,FlashCannon|Timid||M|||50|
|inactive|Battle timer is ON: inactive players will automatically lose when time's up. (requested by Moitamo)
|j| CAT 546 utyfg
|
|t:|1783358605
|teamsize|p1|4
|teamsize|p2|4
|start
|switch|p1a: Rotom|Rotom-Wash, L50|100/100
|switch|p1b: Venusaur|Venusaur, L50, M|100/100
|switch|p2a: Sneasler|Sneasler, L50, F|100/100
|switch|p2b: Swampert|Swampert, L50, F|100/100
|turn|1
|
|t:|1783358615
|detailschange|p2b: Swampert|Swampert-Mega, L50, F
|-mega|p2b: Swampert|Swampert|Swampertite
|move|p1b: Venusaur|Protect|p1b: Venusaur
|-singleturn|p1b: Venusaur|Protect
|move|p1a: Rotom|Protect|p1a: Rotom
|-singleturn|p1a: Rotom|Protect
|move|p2a: Sneasler|Fake Out|p1b: Venusaur
|-activate|p1b: Venusaur|move: Protect
|move|p2b: Swampert|Flip Turn|p1a: Rotom
|-activate|p1a: Rotom|move: Protect
|
|upkeep
|turn|2
|l| CAT 546 utyfg
|inactive|bermusinho has 30 seconds left.
|
|t:|1783358642
|detailschange|p1b: Venusaur|Venusaur-Mega, L50, M
|-mega|p1b: Venusaur|Venusaur|Venusaurite
|move|p2a: Sneasler|Close Combat|p1a: Rotom
|-damage|p1a: Rotom|30/100
|-unboost|p2a: Sneasler|def|1
|-unboost|p2a: Sneasler|spd|1
|-enditem|p2a: Sneasler|White Herb
|-clearnegativeboost|p2a: Sneasler|[silent]
|move|p2b: Swampert|Flip Turn|p1a: Rotom
|-resisted|p1a: Rotom|1
|-damage|p1a: Rotom|10/100
|
|t:|1783358653
|switch|p2b: Archaludon|Archaludon, L50, M|100/100|[from] Flip Turn
|move|p1b: Venusaur|Earth Power|p2a: Sneasler
|-supereffective|p2a: Sneasler|1
|-damage|p2a: Sneasler|12/100
|move|p1a: Rotom|Volt Switch|p2a: Sneasler
|-damage|p2a: Sneasler|0 fnt
|faint|p2a: Sneasler
|
|t:|1783358670
|switch|p1a: Excadrill|Excadrill, L50, M|100/100|[from] Volt Switch
|
|upkeep
|
|t:|1783358674
|switch|p2a: Swampert|Swampert-Mega, L50, F|100/100
|turn|3
|
|t:|1783358680
|switch|p2b: Pelipper|Pelipper, L50, M|100/100
|-weather|RainDance|[from] ability: Drizzle|[of] p2b: Pelipper
|move|p1a: Excadrill|Protect|p1a: Excadrill
|-singleturn|p1a: Excadrill|Protect
|move|p2a: Swampert|Earthquake|p1a: Excadrill|[spread] p1b
|-activate|p1a: Excadrill|move: Protect
|-immune|p2b: Pelipper
|-damage|p1b: Venusaur|60/100
|move|p1b: Venusaur|Sleep Powder|p2a: Swampert
|-status|p2a: Swampert|slp|[from] move: Sleep Powder
|
|-weather|RainDance|[upkeep]
|upkeep
|turn|4
|
|t:|1783358703
|cant|p2a: Swampert|slp
|move|p1a: Excadrill|Rock Slide|p2a: Swampert|[spread] p2a,p2b
|-resisted|p2a: Swampert|1
|-supereffective|p2b: Pelipper|1
|-damage|p2a: Swampert|89/100 slp
|-damage|p2b: Pelipper|42/100
|move|p1b: Venusaur|Sleep Powder|p2b: Pelipper
|-status|p2b: Pelipper|slp|[from] move: Sleep Powder
|cant|p2b: Pelipper|slp
|
|-weather|RainDance|[upkeep]
|upkeep
|turn|5
|
|t:|1783358722
|switch|p2b: Archaludon|Archaludon, L50, M|100/100
|cant|p2a: Swampert|slp
|move|p1a: Excadrill|Rock Slide|p2a: Swampert|[spread] p2a
|-miss|p1a: Excadrill|p2b: Archaludon
|-resisted|p2a: Swampert|1
|-damage|p2a: Swampert|79/100 slp
|move|p1b: Venusaur|Earth Power|p2b: Archaludon
|-supereffective|p2b: Archaludon|1
|-damage|p2b: Archaludon|26/100
|-unboost|p2b: Archaludon|spd|1
|
|-weather|RainDance|[upkeep]
|upkeep
|turn|6
|
|t:|1783358745
|move|p1a: Excadrill|Protect|p1a: Excadrill
|-singleturn|p1a: Excadrill|Protect
|-curestatus|p2a: Swampert|slp|[msg]
|move|p2a: Swampert|Flip Turn|p1a: Excadrill
|-activate|p1a: Excadrill|move: Protect
|move|p2b: Archaludon|Flash Cannon|p1b: Venusaur
|-damage|p1b: Venusaur|22/100
|-damage|p2b: Archaludon|16/100|[from] item: Life Orb
|move|p1b: Venusaur|Earth Power|p2b: Archaludon
|-supereffective|p2b: Archaludon|1
|-crit|p2b: Archaludon
|-damage|p2b: Archaludon|0 fnt
|faint|p2b: Archaludon
|
|-weather|RainDance|[upkeep]
|upkeep
|
|t:|1783358748
|switch|p2b: Pelipper|Pelipper, L50, M|42/100 slp
|turn|7
|
|t:|1783358763
|switch|p1b: Tyranitar|Tyranitar, L50, F|100/100
|-weather|Sandstorm|[from] ability: Sand Stream|[of] p1b: Tyranitar
|cant|p2b: Pelipper|slp
|move|p1a: Excadrill|Rock Slide|p2a: Swampert|[spread] p2b
|-miss|p1a: Excadrill|p2a: Swampert
|-supereffective|p2b: Pelipper|1
|-damage|p2b: Pelipper|0 fnt
|faint|p2b: Pelipper
|move|p2a: Swampert|Earthquake|p1a: Excadrill|[spread] p1a,p1b
|-supereffective|p1a: Excadrill|1
|-supereffective|p1b: Tyranitar|1
|-enditem|p1a: Excadrill|Focus Sash
|-damage|p1a: Excadrill|1/100
|-damage|p1b: Tyranitar|7/100
|
|-weather|Sandstorm|[upkeep]
|upkeep
|turn|8
|
|t:|1783358784
|switch|p1b: Rotom|Rotom-Wash, L50|10/100
|move|p2a: Swampert|Protect|p2a: Swampert
|-singleturn|p2a: Swampert|Protect
|move|p1a: Excadrill|Earthquake|p2a: Swampert|[spread] 
|-activate|p2a: Swampert|move: Protect
|-immune|p1b: Rotom|[from] ability: Levitate
|
|-weather|Sandstorm|[upkeep]
|-damage|p1b: Rotom|4/100|[from] Sandstorm
|upkeep
|turn|9
|
|t:|1783358796
|move|p1a: Excadrill|Earthquake|p2a: Swampert|[spread] p2a
|-immune|p1b: Rotom|[from] ability: Levitate
|-damage|p2a: Swampert|40/100
|move|p2a: Swampert|Earthquake|p1a: Excadrill|[spread] p1a
|-immune|p1b: Rotom|[from] ability: Levitate
|-supereffective|p1a: Excadrill|1
|-damage|p1a: Excadrill|0 fnt
|faint|p1a: Excadrill
|move|p1b: Rotom|Hydro Pump|p2a: Swampert|[miss]
|-miss|p1b: Rotom|p2a: Swampert
|
|-weather|Sandstorm|[upkeep]
|-damage|p1b: Rotom|0 fnt|[from] Sandstorm
|faint|p1b: Rotom
|upkeep
|
|t:|1783358809
|switch|p1a: Tyranitar|Tyranitar, L50, F|7/100
|switch|p1b: Venusaur|Venusaur-Mega, L50, M|22/100
|turn|10
|
|t:|1783358821
|move|p1a: Tyranitar|Knock Off|p2a: Swampert
|-damage|p2a: Swampert|10/100
|move|p2a: Swampert|Earthquake|p1b: Venusaur|[spread] p1a,p1b
|-supereffective|p1a: Tyranitar|1
|-damage|p1a: Tyranitar|0 fnt
|-damage|p1b: Venusaur|0 fnt
|faint|p1a: Tyranitar
|faint|p1b: Venusaur
|
|win|Moitamo
|raw|bermusinho's rating: 1080 → 1066(-14 for losing)
|raw|Moitamo's rating: 1218 → 1234(+16 for winning)
