|j|☆Googy11
|j|☆orosun
|html|Googy11orosun    
|uhtml|bestof|Game 2 of a best-of-3
|t:|1785285702
|gametype|doubles
|player|p1|Googy11|ethan|
|player|p2|orosun|266|
|gen|9
|tier|[Gen 9 Champions] VGC 2026 Reg M-B (Bo3)
|rule|Species Clause: Limit one of each Pokémon
|rule|Item Clause: Limit 1 of each item
|clearpoke
|poke|p1|Sceptile, L50, M|
|poke|p1|Rotom-Heat, L50|
|poke|p1|Mamoswine, L50, F|
|poke|p1|Tinkaton, L50, F|
|poke|p1|Gardevoir, L50, F, shiny|
|poke|p1|Basculegion, L50, M|
|poke|p2|Gengar, L50, M|
|poke|p2|Incineroar, L50, M|
|poke|p2|Blastoise, L50, F|
|poke|p2|Lucario, L50, M|
|poke|p2|Scrafty, L50, M|
|poke|p2|Ariados, L50, F|
|teampreview|4
|showteam|p1|Sceptile||Sceptilite|Overgrow|DragonPulse,EarthPower,EnergyBall,Protect|Timid||M|||50|]Rotom-Heat||ChoiceScarf|Levitate|Electroweb,Discharge,Overheat,VoltSwitch|Timid|||||50|]Mamoswine||FocusSash|Oblivious|RockSlide,IcicleCrash,HighHorsepower,Protect|Jolly||F|||50|]Tinkaton||SitrusBerry|MoldBreaker|FakeOut,PlayRough,KnockOff,Protect|Adamant||F|||50|]Gardevoir||Gardevoirite|Synchronize|HyperVoice,MysticalFire,Thunderbolt,Protect|Modest||F|||50|]Basculegion||LifeOrb|Adaptability|WaveCrash,AquaJet,LastRespects,Protect|Jolly||M|||50|
|showteam|p2|Gengar||Gengarite|CursedBody|ShadowBall,Disable,PerishSong,Protect|Timid||M|||50|]Incineroar||SitrusBerry|Intimidate|FakeOut,ThroatChop,PartingShot,Protect|Sassy||M|||50|]Blastoise||Leftovers|Torrent|FakeOut,WaveCrash,FlipTurn,Protect|Sassy||F|||50|]Lucario||ChoiceScarf|InnerFocus|FinalGambit,CloseCombat,MeteorMash,Crunch|Jolly||M|||50|]Scrafty||Scraftinite|Intimidate|DrainPunch,FirePunch,DragonDance,Detect|Adamant||M|||50|]Ariados||FocusSash|Insomnia|RagePowder,LeechLife,SuckerPunch,Protect|Brave||F|||50|
|
|t:|1785285752
|teamsize|p1|4
|teamsize|p2|4
|start
|switch|p1a: Tinkaton|Tinkaton, L50, F|100/100
|switch|p1b: Gardevoir|Gardevoir, L50, F, shiny|100/100
|switch|p2a: Gengar|Gengar, L50, M|100/100
|switch|p2b: Incineroar|Incineroar, L50, M|100/100
|-ability|p1a: Tinkaton|Mold Breaker
|-ability|p2b: Incineroar|Intimidate|boost
|-unboost|p1a: Tinkaton|atk|1
|-unboost|p1b: Gardevoir|atk|1
|turn|1
|
|t:|1785285796
|switch|p1a: Basculegion|Basculegion, L50, M|100/100
|switch|p2b: Blastoise|Blastoise, L50, F|100/100
|detailschange|p2a: Gengar|Gengar-Mega, L50, M
|-mega|p2a: Gengar|Gengar|Gengarite
|detailschange|p1b: Gardevoir|Gardevoir-Mega, L50, F, shiny
|-mega|p1b: Gardevoir|Gardevoir|Gardevoirite
|move|p2a: Gengar|Protect|p2a: Gengar
|-singleturn|p2a: Gengar|Protect
|move|p1b: Gardevoir|Hyper Voice|p2b: Blastoise|[spread] p2b
|-activate|p2a: Gengar|move: Protect
|-crit|p2b: Blastoise
|-damage|p2b: Blastoise|33/100
|
|-heal|p2b: Blastoise|39/100|[from] item: Leftovers
|upkeep
|turn|2
|
|t:|1785285826
|switch|p1a: Tinkaton|Tinkaton, L50, F|100/100
|-ability|p1a: Tinkaton|Mold Breaker
|move|p2b: Blastoise|Fake Out|p1b: Gardevoir
|-damage|p1b: Gardevoir|85/100
|move|p2a: Gengar|Shadow Ball|p1a: Tinkaton
|-damage|p1a: Tinkaton|62/100
|cant|p1b: Gardevoir|flinch
|
|-heal|p2b: Blastoise|45/100|[from] item: Leftovers
|upkeep
|turn|3
|
|t:|1785285853
|move|p2a: Gengar|Protect|p2a: Gengar
|-singleturn|p2a: Gengar|Protect
|move|p2b: Blastoise|Protect|p2b: Blastoise
|-singleturn|p2b: Blastoise|Protect
|move|p1b: Gardevoir|Hyper Voice|p2b: Blastoise|[spread] 
|-activate|p2a: Gengar|move: Protect
|-activate|p2b: Blastoise|move: Protect
|move|p1a: Tinkaton|Knock Off|p2a: Gengar
|-activate|p2a: Gengar|move: Protect
|
|-heal|p2b: Blastoise|51/100|[from] item: Leftovers
|upkeep
|turn|4
|
|t:|1785285879
|move|p2a: Gengar|Shadow Ball|p1b: Gardevoir
|-supereffective|p1b: Gardevoir|1
|-damage|p1b: Gardevoir|0 fnt
|faint|p1b: Gardevoir
|move|p1a: Tinkaton|Knock Off|p2a: Gengar
|-supereffective|p2a: Gengar|1
|-damage|p2a: Gengar|56/100
|move|p2b: Blastoise|Flip Turn|p1a: Tinkaton
|-damage|p1a: Tinkaton|40/100
|-enditem|p1a: Tinkaton|Sitrus Berry|[eat]
|-heal|p1a: Tinkaton|65/100|[from] item: Sitrus Berry
|
|t:|1785285897
|switch|p2b: Incineroar|Incineroar, L50, M|100/100|[from] Flip Turn
|-ability|p2b: Incineroar|Intimidate|boost
|-unboost|p1a: Tinkaton|atk|1
|
|upkeep
|
|t:|1785285902
|switch|p1b: Mamoswine|Mamoswine, L50, F|100/100
|turn|5
|
|t:|1785285950
|move|p1b: Mamoswine|Protect|p1b: Mamoswine
|-singleturn|p1b: Mamoswine|Protect
|move|p2b: Incineroar|Fake Out|p1b: Mamoswine
|-activate|p1b: Mamoswine|move: Protect
|move|p2a: Gengar|Disable|p1a: Tinkaton
|-start|p1a: Tinkaton|Disable|Knock Off
|cant|p1a: Tinkaton|Disable|Knock Off
|
|upkeep
|turn|6
|
|t:|1785285981
|move|p2a: Gengar|Protect|p2a: Gengar
|-singleturn|p2a: Gengar|Protect
|move|p1b: Mamoswine|High Horsepower|p2a: Gengar
|-activate|p2a: Gengar|move: Protect
|move|p1a: Tinkaton|Play Rough|p2b: Incineroar
|-damage|p2b: Incineroar|80/100
|move|p2b: Incineroar|Parting Shot|p1a: Tinkaton
|-unboost|p1a: Tinkaton|atk|1
|-unboost|p1a: Tinkaton|spa|1
|
|t:|1785285992
|switch|p2b: Lucario|Lucario, L50, M|100/100|[from] Parting Shot
|
|upkeep
|turn|7
|
|t:|1785286004
|move|p2b: Lucario|Close Combat|p1b: Mamoswine
|-supereffective|p1b: Mamoswine|1
|-enditem|p1b: Mamoswine|Focus Sash
|-damage|p1b: Mamoswine|1/100
|-unboost|p2b: Lucario|def|1
|-unboost|p2b: Lucario|spd|1
|move|p2a: Gengar|Shadow Ball|p1b: Mamoswine
|-damage|p1b: Mamoswine|0 fnt
|faint|p1b: Mamoswine
|move|p1a: Tinkaton|Play Rough|p2b: Lucario
|-damage|p2b: Lucario|65/100
|
|upkeep
|
|t:|1785286015
|switch|p1b: Basculegion|Basculegion, L50, M|100/100
|turn|8
|
|t:|1785286036
|move|p1b: Basculegion|Aqua Jet|p2a: Gengar
|-damage|p2a: Gengar|12/100
|-damage|p1b: Basculegion|90/100|[from] item: Life Orb
|move|p2b: Lucario|Close Combat|p1a: Tinkaton
|-damage|p1a: Tinkaton|15/100
|-unboost|p2b: Lucario|def|1
|-unboost|p2b: Lucario|spd|1
|move|p2a: Gengar|Shadow Ball|p1b: Basculegion
|-supereffective|p1b: Basculegion|1
|-damage|p1b: Basculegion|0 fnt
|faint|p1b: Basculegion
|move|p1a: Tinkaton|Play Rough|p2b: Lucario
|-damage|p2b: Lucario|19/100
|-unboost|p2b: Lucario|atk|1
|
|-end|p1a: Tinkaton|Disable
|upkeep
|turn|9
|c|☆Googy11|ff
|c|☆Googy11|gg
|
|t:|1785286049
|move|p2b: Lucario|Close Combat|p1a: Tinkaton
|-damage|p1a: Tinkaton|0 fnt
|-unboost|p2b: Lucario|def|1
|-unboost|p2b: Lucario|spd|1
|faint|p1a: Tinkaton
|
|win|orosun
