|j|☆Moitamo
|j|☆zachlobbed
|html|Moitamozachlobbed    
|uhtml|bestof|Game 2 of a best-of-3
|t:|1784486026
|gametype|doubles
|player|p1|Moitamo|169|1108
|player|p2|zachlobbed|brock|1184
|gen|9
|tier|[Gen 9 Champions] VGC 2026 Reg M-B (Bo3)
|rated|
|rule|Species Clause: Limit one of each Pokémon
|rule|Item Clause: Limit 1 of each item
|clearpoke
|poke|p1|Tyranitar, L50, F|
|poke|p1|Gengar, L50, F|
|poke|p1|Garchomp, L50, F|
|poke|p1|Kangaskhan, L50, F|
|poke|p1|Gyarados, L50, M|
|poke|p1|Volcarona, L50, F|
|poke|p2|Charizard, L50, F|
|poke|p2|Floette-Eternal, L50, F|
|poke|p2|Whimsicott, L50, F|
|poke|p2|Garchomp, L50, F|
|poke|p2|Basculegion, L50, M|
|poke|p2|Kingambit, L50, M|
|teampreview|4
|showteam|p1|Tyranitar||Tyranitarite|SandStream|RockSlide,KnockOff,DragonDance,Protect|Adamant||F|||50|]Gengar||Gengarite|CursedBody|SludgeBomb,Disable,ShadowBall,Protect|Timid||F|||50|]Garchomp||LifeOrb|SandVeil|Substitute,DragonClaw,Earthquake,Protect|Jolly||F|||50|]Kangaskhan||SilkScarf|Scrappy|FakeOut,LastResort|Adamant||F|||50|]Gyarados||MysticWater|Intimidate|Waterfall,Protect,Taunt,HelpingHand|Careful||M|||50|]Volcarona||SitrusBerry|FlameBody|FieryDance,RagePowder,Tailwind,Protect|Modest||F|||50|
|showteam|p2|Charizard||CharizarditeY|Blaze|Protect,HeatWave,SolarBeam,WeatherBall|Modest||F|||50|]Floette-Eternal||Floettite|FlowerVeil|Protect,LightofRuin,Moonblast,DazzlingGleam|Timid||F|||50|]Whimsicott||FocusSash|Prankster|Protect,Tailwind,Moonblast,Encore|Timid||F|||50|]Garchomp||LifeOrb|RoughSkin|Protect,DragonClaw,Earthquake,RockSlide|Jolly||F|||50|]Basculegion||MysticWater|Adaptability|Protect,AquaJet,WaveCrash,LastRespects|Adamant||M|||50|]Kingambit||BlackGlasses|Defiant|Protect,LowKick,SuckerPunch,KowtowCleave|Adamant||M|||50|
|inactive|Battle timer is ON: inactive players will automatically lose when time's up. (requested by Moitamo)
|inactive|zachlobbed also wants the timer to be on.
|
|t:|1784486036
|teamsize|p1|4
|teamsize|p2|4
|start
|switch|p1a: Gengar|Gengar, L50, F|100/100
|switch|p1b: Volcarona|Volcarona, L50, F|100/100
|switch|p2a: Whimsicott|Whimsicott, L50, F|100/100
|switch|p2b: Basculegion|Basculegion, L50, M|100/100
|turn|1
|
|t:|1784486049
|move|p1a: Gengar|Protect|p1a: Gengar
|-singleturn|p1a: Gengar|Protect
|move|p2a: Whimsicott|Tailwind|p2a: Whimsicott
|-sidestart|p2: zachlobbed|move: Tailwind
|move|p2b: Basculegion|Wave Crash|p1b: Volcarona
|-supereffective|p1b: Volcarona|1
|-damage|p1b: Volcarona|0 fnt
|faint|p1b: Volcarona
|-damage|p2b: Basculegion|69/100|[from] Recoil
|
|upkeep
|
|t:|1784486056
|switch|p1b: Gyarados|Gyarados, L50, M|100/100
|-ability|p1b: Gyarados|Intimidate|boost
|-unboost|p2a: Whimsicott|atk|1
|-unboost|p2b: Basculegion|atk|1
|turn|2
|
|t:|1784486081
|switch|p1a: Tyranitar|Tyranitar, L50, F|100/100
|-weather|Sandstorm|[from] ability: Sand Stream|[of] p1a: Tyranitar
|move|p2a: Whimsicott|Encore|p1a: Tyranitar
|-hint|Since gen 7, Dark is immune to Prankster moves.
|-immune|p1a: Tyranitar
|move|p2b: Basculegion|Wave Crash|p1a: Tyranitar
|-supereffective|p1a: Tyranitar|1
|-damage|p1a: Tyranitar|0 fnt
|faint|p1a: Tyranitar
|-damage|p2b: Basculegion|35/100|[from] Recoil
|move|p1b: Gyarados|Waterfall|p2b: Basculegion
|-resisted|p2b: Basculegion|1
|-damage|p2b: Basculegion|12/100
|
|-weather|Sandstorm|[upkeep]
|-damage|p2a: Whimsicott|94/100|[from] Sandstorm
|-damage|p2b: Basculegion|6/100|[from] Sandstorm
|-damage|p1b: Gyarados|94/100|[from] Sandstorm
|upkeep
|
|t:|1784486091
|switch|p1a: Gengar|Gengar, L50, F|100/100
|turn|3
|
|t:|1784486103
|move|p1a: Gengar|Protect|p1a: Gengar
|-singleturn|p1a: Gengar|Protect
|move|p2a: Whimsicott|Moonblast|p1b: Gyarados
|-damage|p1b: Gyarados|68/100
|move|p2b: Basculegion|Wave Crash|p1a: Gengar
|-activate|p1a: Gengar|move: Protect
|move|p1b: Gyarados|Taunt|p2a: Whimsicott
|-start|p2a: Whimsicott|move: Taunt
|
|-weather|Sandstorm|[upkeep]
|-damage|p2a: Whimsicott|88/100|[from] Sandstorm
|-damage|p2b: Basculegion|1/100|[from] Sandstorm
|-damage|p1a: Gengar|93/100|[from] Sandstorm
|-damage|p1b: Gyarados|62/100|[from] Sandstorm
|upkeep
|turn|4
|
|t:|1784486113
|detailschange|p1a: Gengar|Gengar-Mega, L50, F
|-mega|p1a: Gengar|Gengar|Gengarite
|move|p2a: Whimsicott|Moonblast|p1b: Gyarados
|-damage|p1b: Gyarados|37/100
|move|p2b: Basculegion|Wave Crash|p1a: Gengar
|-damage|p1a: Gengar|0 fnt
|faint|p1a: Gengar
|-damage|p2b: Basculegion|0 fnt|[from] Recoil
|faint|p2b: Basculegion
|move|p1b: Gyarados|Waterfall|p2a: Whimsicott
|-resisted|p2a: Whimsicott|1
|-damage|p2a: Whimsicott|56/100
|
|-weather|Sandstorm|[upkeep]
|-damage|p2a: Whimsicott|50/100g|[from] Sandstorm
|-damage|p1b: Gyarados|31/100|[from] Sandstorm
|-sideend|p2: zachlobbed|move: Tailwind
|upkeep
|
|t:|1784486118
|switch|p2b: Charizard|Charizard, L50, F|100/100
|turn|5
|
|t:|1784486126
|move|p2a: Whimsicott|Moonblast|p1b: Gyarados
|-damage|p1b: Gyarados|4/100
|move|p2b: Charizard|Weather Ball|p1b: Gyarados
|-supereffective|p1b: Gyarados|1
|-damage|p1b: Gyarados|0 fnt
|faint|p1b: Gyarados
|
|win|zachlobbed
|raw|Moitamo's rating: 1108 → 1088(-20 for losing)
|raw|zachlobbed's rating: 1184 → 1204(+20 for winning)
