|j|☆homerj71
|j|☆Pokemonkey25
|html|homerj71Pokemonkey25    
|uhtml|bestof|Game 2 of a best-of-3
|t:|1785439670
|gametype|doubles
|player|p1|homerj71|1|1176
|player|p2|Pokemonkey25|swimmerf|1085
|gen|9
|tier|[Gen 9 Champions] VGC 2026 Reg M-B (Bo3)
|rated|
|rule|Species Clause: Limit one of each Pokémon
|rule|Item Clause: Limit 1 of each item
|clearpoke
|poke|p1|Tyranitar, L50, F|
|poke|p1|Staraptor, L50, M|
|poke|p1|Gholdengo, L50|
|poke|p1|Excadrill, L50, F|
|poke|p1|Sinistcha, L50|
|poke|p1|Milotic, L50, M|
|poke|p2|Sinistcha, L50|
|poke|p2|Pelipper, L50, M|
|poke|p2|Grimmsnarl, L50, M|
|poke|p2|Maushold-Four, L50|
|poke|p2|Lucario, L50, M, shiny|
|poke|p2|Farigiraf, L50, F|
|teampreview|4
|showteam|p1|Tyranitar||Tyranitarite|SandStream|KnockOff,RockSlide,Protect,LowKick|Jolly||F|||50|]Staraptor||Staraptite|Intimidate|DualWingbeat,CloseCombat,Protect,Tailwind|Jolly||M|||50|]Gholdengo||LifeOrb|GoodasGold|MakeItRain,NastyPlot,Protect,ShadowBall|Timid|||||50|]Excadrill||FocusSash|SandRush|HighHorsepower,IronHead,RockSlide,Protect|Adamant||F|||50|]Sinistcha||SitrusBerry|Hospitality|MatchaGotcha,RagePowder,ShadowBall,Protect|Calm|||||50|]Milotic||Leftovers|Competitive|Scald,IcyWind,Protect,IceBeam|Modest||M|||50|
|showteam|p2|Sinistcha||BrightPowder|Hospitality|RagePowder,MatchaGotcha,LifeDew,ShadowBall|Calm|||||50|]Pelipper||LifeOrb|Drizzle|WideGuard,MuddyWater,Hurricane,Tailwind|Modest||M|||50|]Grimmsnarl||LightClay|Prankster|LightScreen,Reflect,Taunt,PartingShot|Careful||M|||50|]Maushold-Four||ChopleBerry|FriendGuard|FollowMe,BeatUp,SuperFang,Protect|Impish|||||50|]Lucario||Lucarionite|Justified|ExtremeSpeed,Detect,DrainPunch,MeteorMash|Careful||M|||50|]Farigiraf||SitrusBerry|ArmorTail|BeatUp,AllySwitch,DazzlingGleam,TrickRoom|Bold||F|||50|
|inactive|Battle timer is ON: inactive players will automatically lose when time's up. (requested by homerj71)
|
|t:|1785439694
|teamsize|p1|4
|teamsize|p2|4
|start
|switch|p1a: Tyranitar|Tyranitar, L50, F|100/100
|switch|p1b: Excadrill|Excadrill, L50, F|100/100
|switch|p2a: Farigiraf|Farigiraf, L50, F|100/100
|switch|p2b: imp or tint|Grimmsnarl, L50, M|100/100
|-weather|Sandstorm|[from] ability: Sand Stream|[of] p1a: Tyranitar
|turn|1
|
|t:|1785439709
|detailschange|p1a: Tyranitar|Tyranitar-Mega, L50, F
|-mega|p1a: Tyranitar|Tyranitar|Tyranitarite
|move|p2b: imp or tint|Reflect|p2b: imp or tint
|-sidestart|p2: Pokemonkey25|Reflect
|move|p1b: Excadrill|Iron Head|p2a: Farigiraf
|-damage|p2a: Farigiraf|75/100
|move|p1a: Tyranitar|Knock Off|p2a: Farigiraf
|-supereffective|p2a: Farigiraf|1
|-damage|p2a: Farigiraf|14/100
|-enditem|p2a: Farigiraf|Sitrus Berry|[from] move: Knock Off|[of] p1a: Tyranitar
|move|p2a: Farigiraf|Dazzling Gleam|p1b: Excadrill|[spread] p1a,p1b
|-supereffective|p1a: Tyranitar|1
|-resisted|p1b: Excadrill|1
|-damage|p1a: Tyranitar|82/100
|-damage|p1b: Excadrill|89/100
|
|-weather|Sandstorm|[upkeep]
|-damage|p2b: imp or tint|94/100|[from] Sandstorm
|-damage|p2a: Farigiraf|8/100|[from] Sandstorm
|upkeep
|turn|2
|
|t:|1785439731
|switch|p2a: mine|Pelipper, L50, M|100/100
|-weather|RainDance|[from] ability: Drizzle|[of] p2a: mine
|move|p2b: imp or tint|Parting Shot|p1b: Excadrill
|-unboost|p1b: Excadrill|atk|1
|-unboost|p1b: Excadrill|spa|1
|
|t:|1785439743
|switch|p2b: Farigiraf|Farigiraf, L50, F|8/100|[from] Parting Shot
|move|p1b: Excadrill|Iron Head|p2b: Farigiraf
|-damage|p2b: Farigiraf|0 fnt
|faint|p2b: Farigiraf
|move|p1a: Tyranitar|Knock Off|p2a: mine
|-damage|p2a: mine|56/100
|-enditem|p2a: mine|Life Orb|[from] move: Knock Off|[of] p1a: Tyranitar
|
|-weather|RainDance|[upkeep]
|upkeep
|
|t:|1785439755
|switch|p2b: Zero Fox|Lucario, L50, M, shiny|100/100
|turn|3
|
|t:|1785439765
|switch|p1a: Sinistcha|Sinistcha, L50|100/100
|-heal|p1b: Excadrill|100/100|[from] ability: Hospitality|[of] p1a: Sinistcha
|detailschange|p2b: Zero Fox|Lucario-Mega, L50, M, shiny
|-mega|p2b: Zero Fox|Lucario|Lucarionite
|move|p1b: Excadrill|High Horsepower|p2b: Zero Fox
|-supereffective|p2b: Zero Fox|1
|-damage|p2b: Zero Fox|45/100
|move|p2b: Zero Fox|Meteor Mash|p1a: Sinistcha
|-damage|p1a: Sinistcha|46/100
|-enditem|p1a: Sinistcha|Sitrus Berry|[eat]
|-heal|p1a: Sinistcha|71/100|[from] item: Sitrus Berry
|move|p2a: mine|Muddy Water|p1b: Excadrill|[spread] p1a,p1b
|-resisted|p1a: Sinistcha|1
|-supereffective|p1b: Excadrill|1
|-damage|p1a: Sinistcha|52/100
|-enditem|p1b: Excadrill|Focus Sash
|-damage|p1b: Excadrill|1/100
|
|-weather|RainDance|[upkeep]
|upkeep
|turn|4
|
|t:|1785439788
|switch|p1a: Tyranitar|Tyranitar-Mega, L50, F|82/100
|-weather|Sandstorm|[from] ability: Sand Stream|[of] p1a: Tyranitar
|move|p2b: Zero Fox|Extreme Speed|p1b: Excadrill
|-resisted|p1b: Excadrill|1
|-damage|p1b: Excadrill|0 fnt
|faint|p1b: Excadrill
|move|p2a: mine|Hurricane|p1a: Tyranitar
|-resisted|p1a: Tyranitar|1
|-damage|p1a: Tyranitar|71/100
|
|-weather|Sandstorm|[upkeep]
|-damage|p2a: mine|50/100g|[from] Sandstorm
|upkeep
|
|t:|1785439797
|switch|p1b: Sinistcha|Sinistcha, L50|52/100
|-heal|p1a: Tyranitar|96/100|[from] ability: Hospitality|[of] p1b: Sinistcha
|turn|5
|
|t:|1785439807
|move|p2b: Zero Fox|Detect|p2b: Zero Fox
|-singleturn|p2b: Zero Fox|Protect
|move|p1a: Tyranitar|Low Kick|p2b: Zero Fox
|-activate|p2b: Zero Fox|move: Protect
|move|p2a: mine|Tailwind|p2a: mine
|-sidestart|p2: Pokemonkey25|move: Tailwind
|move|p1b: Sinistcha|Shadow Ball|p2a: mine
|-crit|p2a: mine
|-damage|p2a: mine|0 fnt
|faint|p2a: mine
|
|-weather|Sandstorm|[upkeep]
|-damage|p1b: Sinistcha|46/100|[from] Sandstorm
|upkeep
|
|t:|1785439818
|switch|p2a: imp or tint|Grimmsnarl, L50, M|94/100
|turn|6
|
|t:|1785439824
|switch|p1b: Gholdengo|Gholdengo, L50|100/100
|move|p2a: imp or tint|Taunt|p1b: Gholdengo
|-immune|p1b: Gholdengo|[from] ability: Good as Gold
|move|p2b: Zero Fox|Drain Punch|p1a: Tyranitar
|-supereffective|p1a: Tyranitar|2
|-damage|p1a: Tyranitar|0 fnt
|-heal|p2b: Zero Fox|100/100|[from] drain|[of] p1a: Tyranitar
|faint|p1a: Tyranitar
|
|-weather|Sandstorm|[upkeep]
|-damage|p2a: imp or tint|88/100|[from] Sandstorm
|upkeep
|
|t:|1785439826
|switch|p1a: Sinistcha|Sinistcha, L50|46/100
|turn|7
|
|t:|1785439849
|move|p2a: imp or tint|Light Screen|p2a: imp or tint
|-sidestart|p2: Pokemonkey25|move: Light Screen
|move|p2b: Zero Fox|Meteor Mash|p1b: Gholdengo
|-resisted|p1b: Gholdengo|1
|-damage|p1b: Gholdengo|67/100
|move|p1b: Gholdengo|Shadow Ball|p2b: Zero Fox
|-damage|p2b: Zero Fox|66/100
|-unboost|p2b: Zero Fox|spd|1
|-damage|p1b: Gholdengo|58/100|[from] item: Life Orb
|move|p1a: Sinistcha|Shadow Ball|p2b: Zero Fox
|-damage|p2b: Zero Fox|36/100
|
|-weather|Sandstorm|[upkeep]
|-damage|p2a: imp or tint|82/100|[from] Sandstorm
|-damage|p1a: Sinistcha|40/100|[from] Sandstorm
|upkeep
|turn|8
|
|t:|1785439868
|move|p1b: Gholdengo|Protect|p1b: Gholdengo
|-singleturn|p1b: Gholdengo|Protect
|move|p1a: Sinistcha|Protect|p1a: Sinistcha
|-singleturn|p1a: Sinistcha|Protect
|move|p2a: imp or tint|Parting Shot|p1a: Sinistcha
|-activate|p1a: Sinistcha|move: Protect
|move|p2b: Zero Fox|Meteor Mash|p1b: Gholdengo
|-activate|p1b: Gholdengo|move: Protect
|
|-weather|none
|-sideend|p2: Pokemonkey25|Reflect
|-sideend|p2: Pokemonkey25|move: Tailwind
|upkeep
|turn|9
|
|t:|1785439886
|move|p1a: Sinistcha|Rage Powder|p1a: Sinistcha
|-singleturn|p1a: Sinistcha|move: Rage Powder
|move|p2a: imp or tint|Parting Shot|p1a: Sinistcha
|-unboost|p1a: Sinistcha|atk|1
|-unboost|p1a: Sinistcha|spa|1
|move|p1b: Gholdengo|Shadow Ball|p2b: Zero Fox
|-damage|p2b: Zero Fox|0 fnt
|faint|p2b: Zero Fox
|-damage|p1b: Gholdengo|48/100|[from] item: Life Orb
|
|upkeep
|turn|10
|-message|Pokemonkey25 forfeited.
|raw|homerj71's rating: 1176 → 1195(+19 for winning)
|raw|Pokemonkey25's rating: 1085 → 1068(-17 for losing)
|
|win|homerj71
