|j|☆fsdewfgkijeeoki
|j|‽Desertfreak
|html|fsdewfgkijeeokiDesertfreak    
|uhtml|bestof|Game 1 of a best-of-3
|t:|1757628131
|gametype|doubles
|player|p1|fsdewfgkijeeoki|lillie-masters|1308
|player|p2|Desertfreak|265|1370
|gen|9
|tier|[Gen 9] VGC 2025 Reg H (Bo3)
|rated|
|rule|Species Clause: Limit one of each Pokémon
|rule|Item Clause: Limit 1 of each item
|clearpoke
|poke|p1|Dondozo, L50, M|
|poke|p1|Tatsugiri, L50, F|
|poke|p1|Ursaluna-Bloodmoon, L50, M|
|poke|p1|Whimsicott, L50, M|
|poke|p1|Sneasler, L50, F|
|poke|p1|Indeedee, L50, M|
|poke|p2|Gholdengo, L50|
|poke|p2|Kilowattrel, L50, F|
|poke|p2|Incineroar, L50, M|
|poke|p2|Amoonguss, L50, M|
|poke|p2|Porygon2, L50|
|poke|p2|Ursaluna, L50, M|
|teampreview|4
|showteam|p1|Dondozo||Leftovers|Unaware|WaveCrash,OrderUp,Earthquake,Protect|||M|||50|,,,,,Grass]Tatsugiri||SafetyGoggles|Commander|DracoMeteor,MuddyWater,HelpingHand,Protect|||F|||50|,,,,,Fairy]Ursaluna-Bloodmoon||LifeOrb|MindsEye|BloodMoon,HyperVoice,EarthPower,Protect|||M|||50|,,,,,Normal]Whimsicott||CovertCloak|Prankster|Moonblast,Encore,LightScreen,Tailwind|||M|||50|,,,,,Dark]Sneasler||PsychicSeed|Unburden|CloseCombat,DireClaw,ThroatChop,Protect|||F|||50|,,,,,Dark]Indeedee||FocusSash|PsychicSurge|ExpandingForce,TeraBlast,HelpingHand,Protect|||M|||50|,,,,,Psychic
|showteam|p2|Gholdengo||LifeOrb|GoodasGold|MakeItRain,ShadowBall,Protect,NastyPlot||||||50|,,,,,Water]Kilowattrel||FocusSash|Competitive|AirSlash,Thunderbolt,Tailwind,Protect|||F|||50|,,,,,Ghost]Incineroar||SafetyGoggles|Intimidate|FakeOut,FlareBlitz,KnockOff,PartingShot|||M|||50|,,,,,Ghost]Amoonguss||SitrusBerry|Regenerator|PollenPuff,Spore,RagePowder,Protect|||M|||50|,,,,,Water]Porygon2||Eviolite|Download|TeraBlast,IceBeam,Recover,TrickRoom||||||50|,,,,,Fighting]Ursaluna||FlameOrb|Guts|Earthquake,Facade,HeadlongRush,Protect|||M|||50|,,,,,Ghost
|inactive|Battle timer is ON: inactive players will automatically lose when time's up. (requested by fsdewfgkijeeoki)
|
|t:|1757628179
|teamsize|p1|4
|teamsize|p2|4
|start
|switch|p1a: boom!|Indeedee, L50, M, shiny|100/100
|switch|p1b: screaming bear|Ursaluna-Bloodmoon, L50, M|100/100
|switch|p2a: Porygon2|Porygon2, L50, shiny|100/100
|switch|p2b: Incineroar|Incineroar, L50, M, shiny|100/100
|-fieldstart|move: Psychic Terrain|[from] ability: Psychic Surge|[of] p1a: boom!
|-ability|p2b: Incineroar|Intimidate|boost
|-unboost|p1a: boom!|atk|1
|-unboost|p1b: screaming bear|atk|1
|-ability|p2a: Porygon2|Download|boost
|-boost|p2a: Porygon2|spa|1
|turn|1
|
|t:|1757628200
|move|p1a: boom!|Expanding Force|p2a: Porygon2|[spread] p2a
|-immune|p2b: Incineroar
|-damage|p2a: Porygon2|69/100
|move|p2b: Incineroar|Parting Shot|p1b: screaming bear
|-unboost|p1b: screaming bear|atk|1
|-unboost|p1b: screaming bear|spa|1
|
|t:|1757628202
|switch|p2b: Amoonguss|Amoonguss, L50, M, shiny|100/100|[from] Parting Shot
|move|p1b: screaming bear|Earth Power|p2b: Amoonguss
|-damage|p2b: Amoonguss|58/100
|-damage|p1b: screaming bear|91/100|[from] item: Life Orb
|move|p2a: Porygon2|Trick Room|p2a: Porygon2
|-fieldstart|move: Trick Room|[of] p2a: Porygon2
|
|upkeep
|turn|2
|
|t:|1757628224
|move|p1b: screaming bear|Protect|p1b: screaming bear
|-singleturn|p1b: screaming bear|Protect
|move|p1a: boom!|Protect|p1a: boom!
|-singleturn|p1a: boom!|Protect
|move|p2b: Amoonguss|Spore|p1b: screaming bear
|-activate|p1b: screaming bear|move: Protect
|move|p2a: Porygon2|Tera Blast|p1a: boom!
|-activate|p1a: boom!|move: Protect
|
|upkeep
|turn|3
|
|t:|1757628231
|switch|p1b: true leader.|Tatsugiri, L50, F|100/100
|switch|p1a: Figurehead|Dondozo, L50, M, shiny|100/100
|-activate|p1b: true leader.|ability: Commander|[of] p1a: Figurehead
|-boost|p1a: Figurehead|atk|2
|-boost|p1a: Figurehead|spa|2
|-boost|p1a: Figurehead|spe|2
|-boost|p1a: Figurehead|def|2
|-boost|p1a: Figurehead|spd|2
|move|p2b: Amoonguss|Pollen Puff|p1a: Figurehead
|-damage|p1a: Figurehead|92/100
|move|p2a: Porygon2|Tera Blast|p1a: Figurehead
|-damage|p1a: Figurehead|73/100
|
|-heal|p1a: Figurehead|79/100|[from] item: Leftovers
|upkeep
|turn|4
|
|t:|1757628237
|switch|p2b: Incineroar|Incineroar, L50, M, shiny|100/100
|-ability|p2b: Incineroar|Intimidate|boost
|-unboost|p1a: Figurehead|atk|1
|-unboost|p1b: true leader.|atk|1
|move|p1a: Figurehead|Protect|p1a: Figurehead
|-singleturn|p1a: Figurehead|Protect
|move|p2a: Porygon2|Recover|p2a: Porygon2
|-heal|p2a: Porygon2|100/100
|
|-heal|p1a: Figurehead|85/100|[from] item: Leftovers
|upkeep
|turn|5
|
|t:|1757628248
|move|p2a: Porygon2|Tera Blast|p1a: Figurehead
|-damage|p1a: Figurehead|67/100
|move|p2b: Incineroar|Parting Shot|p1a: Figurehead
|-unboost|p1a: Figurehead|atk|1
|-unboost|p1a: Figurehead|spa|1
|
|t:|1757628251
|switch|p2b: Amoonguss|Amoonguss, L50, M, shiny|91/100|[from] Parting Shot
|move|p1a: Figurehead|Earthquake|p2a: Porygon2|[spread] p2a,p2b
|-miss|p1a: Figurehead|p1b: true leader.
|-damage|p2a: Porygon2|89/100
|-damage|p2b: Amoonguss|76/100
|
|-heal|p1a: Figurehead|73/100|[from] item: Leftovers
|-fieldend|move: Trick Room
|-fieldend|move: Psychic Terrain
|upkeep
|turn|6
|
|t:|1757628261
|move|p1a: Figurehead|Order Up|p2a: Porygon2
|-damage|p2a: Porygon2|76/100
|-boost|p1a: Figurehead|atk|1
|move|p2b: Amoonguss|Spore|p1a: Figurehead
|-status|p1a: Figurehead|slp|[from] move: Spore
|move|p2a: Porygon2|Trick Room|p2a: Porygon2
|-fieldstart|move: Trick Room|[of] p2a: Porygon2
|
|-heal|p1a: Figurehead|79/100 slp|[from] item: Leftovers
|upkeep
|turn|7
|
|t:|1757628268
|switch|p2b: Ursaluna|Ursaluna, L50, M, shiny|100/100
|switch|p2a: Incineroar|Incineroar, L50, M, shiny|100/100
|-ability|p2a: Incineroar|Intimidate|boost
|-unboost|p1a: Figurehead|atk|1
|-unboost|p1b: true leader.|atk|1
|cant|p1a: Figurehead|slp
|
|-heal|p1a: Figurehead|85/100 slp|[from] item: Leftovers
|-status|p2b: Ursaluna|brn|[from] item: Flame Orb
|upkeep
|turn|8
|
|t:|1757628274
|move|p2b: Ursaluna|Facade|p1a: Figurehead
|-damage|p1a: Figurehead|48/100 slp
|move|p2a: Incineroar|Parting Shot|p1a: Figurehead
|-unboost|p1a: Figurehead|atk|1
|-unboost|p1a: Figurehead|spa|1
|
|t:|1757628277
|switch|p2a: Amoonguss|Amoonguss, L50, M, shiny|100/100|[from] Parting Shot
|cant|p1a: Figurehead|slp
|
|-heal|p1a: Figurehead|54/100 slp|[from] item: Leftovers
|-damage|p2b: Ursaluna|95/100 brn|[from] brn
|upkeep
|turn|9
|
|t:|1757628281
|move|p2a: Amoonguss|Pollen Puff|p1a: Figurehead
|-damage|p1a: Figurehead|45/100 slp
|move|p2b: Ursaluna|Facade|p1a: Figurehead
|-damage|p1a: Figurehead|4/100 slp
|cant|p1a: Figurehead|slp
|
|-heal|p1a: Figurehead|10/100 slp|[from] item: Leftovers
|-damage|p2b: Ursaluna|89/100 brn|[from] brn
|upkeep
|turn|10
|
|t:|1757628290
|switch|p2a: Incineroar|Incineroar, L50, M, shiny|100/100
|-ability|p2a: Incineroar|Intimidate|boost
|-unboost|p1a: Figurehead|atk|1
|-unboost|p1b: true leader.|atk|1
|switch|p2b: Porygon2|Porygon2, L50, shiny|76/100
|-ability|p2b: Porygon2|Download|boost
|-boost|p2b: Porygon2|spa|1
|-curestatus|p1a: Figurehead|slp|[msg]
|move|p1a: Figurehead|Order Up|p2a: Incineroar
|-damage|p2a: Incineroar|90/100
|-boost|p1a: Figurehead|atk|1
|
|-heal|p1a: Figurehead|16/100|[from] item: Leftovers
|-fieldend|move: Trick Room
|upkeep
|turn|11
|
|t:|1757628298
|move|p2a: Incineroar|Fake Out|p1a: Figurehead
|-damage|p1a: Figurehead|12/100
|cant|p1a: Figurehead|flinch
|move|p2b: Porygon2|Trick Room|p2b: Porygon2
|-fieldstart|move: Trick Room|[of] p2b: Porygon2
|
|-heal|p1a: Figurehead|19/100|[from] item: Leftovers
|upkeep
|turn|12
|
|t:|1757628303
|move|p2b: Porygon2|Tera Blast|p1a: Figurehead
|-damage|p1a: Figurehead|0 fnt
|faint|p1a: Figurehead
|move|p2a: Incineroar|Parting Shot|p1b: true leader.
|-unboost|p1b: true leader.|atk|1
|-unboost|p1b: true leader.|spa|1
|
|t:|1757628306
|switch|p2a: Amoonguss|Amoonguss, L50, M, shiny|100/100|[from] Parting Shot
|
|upkeep
|
|t:|1757628314
|switch|p1a: boom!|Indeedee, L50, M, shiny|100/100
|-fieldstart|move: Psychic Terrain|[from] ability: Psychic Surge|[of] p1a: boom!
|turn|13
|
|t:|1757628322
|move|p1a: boom!|Protect|p1a: boom!
|-singleturn|p1a: boom!|Protect
|move|p2a: Amoonguss|Spore|p1a: boom!
|-activate|p1a: boom!|move: Protect
|move|p2b: Porygon2|Tera Blast|p1b: true leader.
|-damage|p1b: true leader.|40/100
|move|p1b: true leader.|Draco Meteor|p2a: Amoonguss
|-damage|p2a: Amoonguss|66/100
|-unboost|p1b: true leader.|spa|2
|
|upkeep
|turn|14
|-message|fsdewfgkijeeoki forfeited.
|
|win|Desertfreak
