|j|☆MikeShinobu
|j|☆PANDAgedin51
|html|MikeShinobuPANDAgedin51    
|uhtml|bestof|Game 1 of a best-of-3
|t:|1783086370
|gametype|doubles
|player|p1|MikeShinobu|ethan|1000
|player|p2|PANDAgedin51|101|1074
|gen|9
|tier|[Gen 9 Champions] VGC 2026 Reg M-B (Bo3)
|rated|
|rule|Species Clause: Limit one of each Pokémon
|rule|Item Clause: Limit 1 of each item
|clearpoke
|poke|p1|Whimsicott, L50, M|
|poke|p1|Garchomp, L50, M|
|poke|p1|Staraptor, L50, M|
|poke|p1|Blaziken, L50, F|
|poke|p1|Ninetales-Alola, L50, F|
|poke|p1|Excadrill, L50, M|
|poke|p2|Staraptor, L50, M|
|poke|p2|Whimsicott, L50, F|
|poke|p2|Malamar, L50, F|
|poke|p2|Volcarona, L50, M|
|poke|p2|Aegislash, L50, F|
|poke|p2|Grimmsnarl, L50, M|
|teampreview|4
|showteam|p1|Whimsicott||FocusSash|Prankster|Protect,Tailwind,Moonblast,Charm|Timid||M|||50|]Garchomp||LifeOrb|RoughSkin|DragonClaw,Earthquake,Protect,RockSlide|Jolly||M|||50|]Staraptor||Staraptite|Intimidate|CloseCombat,BraveBird,Roost,Protect|Jolly||M|||50|]Blaziken||Blazikenite|SpeedBoost|Coaching,Protect,CloseCombat,FlareBlitz|Adamant||F|||50|]Ninetales-Alola||LightClay|SnowWarning|Blizzard,Moonblast,AuroraVeil,Protect|Modest||F|||50|]Excadrill||Excadrite|MoldBreaker|Earthquake,HighHorsepower,IronHead,Protect|Jolly||M|||50|
|showteam|p2|Staraptor||Staraptite|Intimidate|BraveBird,CloseCombat,BlazeKick,Roost|Jolly||M|||50|]Whimsicott||FocusSash|Prankster|HelpingHand,Charm,Tailwind,Encore|Bold||F|||50|]Malamar||Malamarite|Contrary|Superpower,KnockOff,PoisonJab,PsychoCut|Jolly||F|||50|]Volcarona||LifeOrb|FlameBody|QuiverDance,FieryDance,GigaDrain,AirSlash|Modest||M|||50|]Aegislash||SpellTag|StanceChange|KingsShield,AirSlash,FlashCannon,ShadowBall|Modest||F|||50|]Grimmsnarl||LightClay|Prankster|LightScreen,Reflect,SpiritBreak,ScaryFace|Careful||M|||50|
|inactive|Battle timer is ON: inactive players will automatically lose when time's up. (requested by MikeShinobu)
|inactive|MikeShinobu has 60 seconds left.
|
|t:|1783086401
|teamsize|p1|4
|teamsize|p2|4
|start
|switch|p1a: Whimsicott|Whimsicott, L50, M|100/100
|switch|p1b: Ninetales|Ninetales-Alola, L50, F|100/100
|switch|p2a: Malamar|Malamar, L50, F|100/100
|switch|p2b: Whimsicott|Whimsicott, L50, F|100/100
|-weather|Snowscape|[from] ability: Snow Warning|[of] p1b: Ninetales
|turn|1
|
|t:|1783086423
|detailschange|p2a: Malamar|Malamar-Mega, L50, F
|-mega|p2a: Malamar|Malamar|Malamarite
|move|p1a: Whimsicott|Tailwind|p1a: Whimsicott
|-sidestart|p1: MikeShinobu|move: Tailwind
|move|p2b: Whimsicott|Tailwind|p2b: Whimsicott
|-sidestart|p2: PANDAgedin51|move: Tailwind
|move|p1b: Ninetales|Aurora Veil|p1b: Ninetales
|-sidestart|p1: MikeShinobu|move: Aurora Veil
|move|p2a: Malamar|Superpower|p1b: Ninetales
|-damage|p1b: Ninetales|77/100
|-boost|p2a: Malamar|atk|1
|-boost|p2a: Malamar|def|1
|
|-weather|Snowscape|[upkeep]
|upkeep
|turn|2
|
|t:|1783086436
|move|p2b: Whimsicott|Encore|p1a: Whimsicott
|-start|p1a: Whimsicott|Encore
|move|p1a: Whimsicott|Tailwind||[still]
|-fail|p1a: Whimsicott
|move|p1b: Ninetales|Blizzard|p2a: Malamar|[spread] p2a,p2b
|-supereffective|p2b: Whimsicott|1
|-damage|p2a: Malamar|64/100
|-damage|p2b: Whimsicott|8/100
|move|p2a: Malamar|Poison Jab|p1a: Whimsicott
|-supereffective|p1a: Whimsicott|2
|-enditem|p1a: Whimsicott|Focus Sash
|-damage|p1a: Whimsicott|1/100
|
|-weather|Snowscape|[upkeep]
|upkeep
|turn|3
|
|t:|1783086454
|switch|p1a: Garchomp|Garchomp, L50, M|100/100
|move|p2b: Whimsicott|Charm|p2a: Malamar
|-boost|p2a: Malamar|atk|2
|move|p1b: Ninetales|Moonblast|p2a: Malamar
|-supereffective|p2a: Malamar|1
|-damage|p2a: Malamar|0 fnt
|faint|p2a: Malamar
|
|-weather|Snowscape|[upkeep]
|upkeep
|
|t:|1783086465
|switch|p2a: Volcarona|Volcarona, L50, M|100/100
|turn|4
|
|t:|1783086470
|move|p2b: Whimsicott|Charm|p1a: Garchomp
|-unboost|p1a: Garchomp|atk|2
|move|p1a: Garchomp|Rock Slide|p2a: Volcarona|[spread] p2a,p2b
|-supereffective|p2a: Volcarona|2
|-damage|p2a: Volcarona|19/100
|-damage|p2b: Whimsicott|0 fnt
|faint|p2b: Whimsicott
|-damage|p1a: Garchomp|90/100|[from] item: Life Orb
|move|p1b: Ninetales|Blizzard|p2a: Volcarona
|-resisted|p2a: Volcarona|1
|-damage|p2a: Volcarona|0 fnt
|faint|p2a: Volcarona
|
|-weather|Snowscape|[upkeep]
|-sideend|p1: MikeShinobu|move: Tailwind
|-sideend|p2: PANDAgedin51|move: Tailwind
|upkeep
|
|t:|1783086478
|switch|p2b: Aegislash|Aegislash, L50, F|100/100
|turn|5
|-message|PANDAgedin51 forfeited.
|
|win|MikeShinobu
