|j|☆gunkqing
|j|☆Draxolotl
|html|gunkqingDraxolotl    
|uhtml|bestof|Game 2 of a best-of-3
|t:|1756404395
|gametype|doubles
|player|p1|gunkqing|striker|
|player|p2|Draxolotl|shelly|
|gen|9
|tier|[Gen 9] VGC 2025 Reg H (Bo3)
|rule|Species Clause: Limit one of each Pokémon
|rule|Item Clause: Limit 1 of each item
|clearpoke
|poke|p1|Charizard, L50, F|
|poke|p1|Jumpluff, L50, M|
|poke|p1|Torkoal, L50, M|
|poke|p1|Ursaluna, L50, M|
|poke|p1|Incineroar, L50, F|
|poke|p1|Duskull, L50, M|
|poke|p2|Pelipper, L50, F|
|poke|p2|Archaludon, L50, M|
|poke|p2|Basculegion, L50, M|
|poke|p2|Amoonguss, L50, F|
|poke|p2|Incineroar, L50, F|
|poke|p2|Gholdengo, L50|
|teampreview|4
|showteam|p1|Charizard||ChoiceSpecs|SolarPower|HeatWave,Overheat,WeatherBall,DragonPulse|||F|||50|,,,,,Ghost]Jumpluff||CovertCloak|Chlorophyll|SleepPowder,Tailwind,RagePowder,SunnyDay|||M|||50|,,,,,Water]Torkoal||EjectPack|Drought|Overheat,Eruption,ClearSmog,Protect|||M|||50|,,,,,Fire]Ursaluna||FlameOrb|Guts|Facade,HeadlongRush,Earthquake,Protect|||M|||50|,,,,,Ghost]Incineroar||AssaultVest|Intimidate|FakeOut,FlareBlitz,KnockOff,Uturn|||F|||50|,,,,,Grass]Duskull||Eviolite|Levitate|NightShade,TrickRoom,HelpingHand,PainSplit|||M|||50|,,,,,Steel
|showteam|p2|Pelipper||FocusSash|Drizzle|Protect,MuddyWater,Hurricane,Tailwind|||F|||50|,,,,,Ghost]Archaludon||AssaultVest|Stamina|ElectroShot,DragonPulse,Snarl,BodyPress|||M|||50|,,,,,Grass]Basculegion||ChoiceScarf|Adaptability|WaveCrash,LastRespects,FlipTurn,AquaJet|||M|||50|,,,,,Water]Amoonguss||CovertCloak|Regenerator|Protect,PollenPuff,Spore,RagePowder|||F|||50|,,,,,Psychic]Incineroar||SafetyGoggles|Intimidate|FakeOut,KnockOff,Taunt,PartingShot|||F|||50|,,,,,Ghost]Gholdengo||LifeOrb|GoodasGold|Protect,MakeItRain,ShadowBall,NastyPlot||||||50|,,,,,Water
|inactive|Battle timer is ON: inactive players will automatically lose when time's up. (requested by gunkqing)
|inactive|Draxolotl also wants the timer to be on.
|inactive|gunkqing has 60 seconds left.
|
|t:|1756404440
|teamsize|p1|4
|teamsize|p2|4
|start
|switch|p1a: Jumpluff|Jumpluff, L50, M|100/100
|switch|p1b: Charizard|Charizard, L50, F, shiny|100/100
|switch|p2a: Bridge|Archaludon, L50, M, shiny|100/100
|switch|p2b: Cat|Incineroar, L50, F|100/100
|-ability|p2b: Cat|Intimidate|boost
|-unboost|p1a: Jumpluff|atk|1
|-unboost|p1b: Charizard|atk|1
|turn|1
|j| Trestkon
|
|t:|1756404451
|switch|p2a: Birb|Pelipper, L50, F|100/100
|-weather|RainDance|[from] ability: Drizzle|[of] p2a: Birb
|move|p1a: Jumpluff|Sunny Day|p1a: Jumpluff
|-weather|SunnyDay
|move|p1b: Charizard|Heat Wave|p2a: Birb|[spread] p2a,p2b
|-resisted|p2a: Birb
|-resisted|p2b: Cat
|-damage|p2a: Birb|3/100
|-damage|p2b: Cat|51/100
|move|p2b: Cat|Knock Off|p1b: Charizard
|-damage|p1b: Charizard|48/100
|-enditem|p1b: Charizard|Choice Specs|[from] move: Knock Off|[of] p2b: Cat
|
|-weather|SunnyDay|[upkeep]
|-damage|p1b: Charizard|35/100|[from] ability: Solar Power|[of] p1b: Charizard
|upkeep
|turn|2
|inactive|gunkqing has 30 seconds left.
|
|t:|1756404485
|move|p2a: Birb|Protect|p2a: Birb
|-singleturn|p2a: Birb|Protect
|move|p1a: Jumpluff|Rage Powder|p1a: Jumpluff
|-singleturn|p1a: Jumpluff|move: Rage Powder
|move|p1b: Charizard|Weather Ball|p2b: Cat
|-resisted|p2b: Cat
|-damage|p2b: Cat|0 fnt
|faint|p2b: Cat
|
|-weather|SunnyDay|[upkeep]
|-damage|p1b: Charizard|23/100|[from] ability: Solar Power|[of] p1b: Charizard
|upkeep
|
|t:|1756404490
|switch|p2b: Feesh|Basculegion, L50, M|100/100
|turn|3
|
|t:|1756404511
|move|p1a: Jumpluff|Tailwind|p1a: Jumpluff
|-sidestart|p1: gunkqing|move: Tailwind
|move|p1b: Charizard|Heat Wave|p2b: Feesh|[spread] p2a,p2b
|-resisted|p2a: Birb
|-resisted|p2b: Feesh
|-damage|p2a: Birb|0 fnt
|-damage|p2b: Feesh|59/100
|faint|p2a: Birb
|move|p2b: Feesh|Flip Turn|p1b: Charizard
|-supereffective|p1b: Charizard
|-damage|p1b: Charizard|0 fnt
|faint|p1b: Charizard
|
|t:|1756404515
|switch|p2b: Bridge|Archaludon, L50, M, shiny|100/100|[from] Flip Turn
|
|-weather|SunnyDay|[upkeep]
|upkeep
|
|t:|1756404525
|switch|p1b: Incineroar|Incineroar, L50, F|100/100
|switch|p2a: Feesh|Basculegion, L50, M|59/100
|-ability|p1b: Incineroar|Intimidate|boost
|-unboost|p2a: Feesh|atk|1
|-unboost|p2b: Bridge|atk|1
|turn|4
|l| Trestkon
|
|t:|1756404547
|move|p1a: Jumpluff|Sleep Powder|p2a: Feesh
|-status|p2a: Feesh|slp|[from] move: Sleep Powder
|cant|p2a: Feesh|slp
|move|p1b: Incineroar|Knock Off|p2a: Feesh
|-supereffective|p2a: Feesh
|-damage|p2a: Feesh|0 fnt
|-enditem|p2a: Feesh|Choice Scarf|[from] move: Knock Off|[of] p1b: Incineroar
|faint|p2a: Feesh
|move|p2b: Bridge|Body Press|p1b: Incineroar
|-supereffective|p1b: Incineroar
|-damage|p1b: Incineroar|58/100
|
|-weather|SunnyDay|[upkeep]
|upkeep
|turn|5
|
|t:|1756404560
|move|p1a: Jumpluff|Sleep Powder|p2b: Bridge
|-status|p2b: Bridge|slp|[from] move: Sleep Powder
|move|p1b: Incineroar|Knock Off|p2b: Bridge
|-damage|p2b: Bridge|69/100 slp
|-ability|p2b: Bridge|Stamina|boost
|-boost|p2b: Bridge|def|1
|-enditem|p2b: Bridge|Assault Vest|[from] move: Knock Off|[of] p1b: Incineroar
|cant|p2b: Bridge|slp
|
|-weather|none
|upkeep
|turn|6
|
|t:|1756404577
|move|p1a: Jumpluff|Rage Powder|p1a: Jumpluff
|-singleturn|p1a: Jumpluff|move: Rage Powder
|move|p1b: Incineroar|U-turn|p2b: Bridge
|-resisted|p2b: Bridge
|-damage|p2b: Bridge|63/100 slp
|-ability|p2b: Bridge|Stamina|boost
|-boost|p2b: Bridge|def|1
|
|t:|1756404580
|switch|p1b: Torkoal|Torkoal, L50, M, shiny|100/100|[from] U-turn
|-weather|SunnyDay|[from] ability: Drought|[of] p1b: Torkoal
|cant|p2b: Bridge|slp
|
|-weather|SunnyDay|[upkeep]
|-sideend|p1: gunkqing|move: Tailwind
|upkeep
|turn|7
|
|t:|1756404586
|-terastallize|p2b: Bridge|Grass
|-terastallize|p1b: Torkoal|Fire
|move|p1a: Jumpluff|Rage Powder|p1a: Jumpluff
|-singleturn|p1a: Jumpluff|move: Rage Powder
|cant|p2b: Bridge|slp
|move|p1b: Torkoal|Eruption|p2b: Bridge
|-supereffective|p2b: Bridge
|-damage|p2b: Bridge|0 fnt
|faint|p2b: Bridge
|
|win|gunkqing
||Draxolotl is ready for game 3.
||gunkqing is ready for game 3.
|uhtml|next|Next: Game 3 of 3
