|j|☆kirkin07
|j|☆Bolsa_25
|html|kirkin07Bolsa_25    
|uhtml|bestof|Game 2 of a best-of-3
|t:|1757090093
|gametype|doubles
|player|p1|kirkin07|2|1025
|player|p2|Bolsa_25|psychicf|1028
|gen|9
|tier|[Gen 9] VGC 2025 Reg H (Bo3)
|rated|
|rule|Species Clause: Limit one of each Pokémon
|rule|Item Clause: Limit 1 of each item
|clearpoke
|poke|p1|Politoed, L50, F|
|poke|p1|Gothitelle, L50, F|
|poke|p1|Kingdra, L50, F|
|poke|p1|Archaludon, L50, F|
|poke|p1|Amoonguss, L50, M|
|poke|p1|Incineroar, L50, F|
|poke|p2|Gholdengo, L50|
|poke|p2|Magmar, L50, F|
|poke|p2|Dragonite, L50, M|
|poke|p2|Rillaboom, L50, M|
|poke|p2|Annihilape, L50, F|
|poke|p2|Sylveon, L50, M|
|teampreview|4
|showteam|p1|Politoed||Leftovers|Drizzle|Protect,PerishSong,WeatherBall,Encore|||F|||50|,,,,,Grass]Gothitelle||SitrusBerry|ShadowTag|Protect,FakeOut,Psychic,TrickRoom|||F|||50|,,,,,Dark]Kingdra||LifeOrb|SwiftSwim|DracoMeteor,MuddyWater,Protect,WeatherBall|||F|||50|,,,,,Stellar]Archaludon||PowerHerb|Sturdy|Protect,ElectroShot,DragonPulse,FlashCannon|||F|||50|,,,,,Electric]Amoonguss||EjectButton|Regenerator|RagePowder,PollenPuff,SludgeBomb,Spore|||M|||50|,,,,,Fairy]Incineroar||SafetyGoggles|Intimidate|Facade,KnockOff,PartingShot,Protect|||F|||50|,,,,,Ghost
|showteam|p2|Gholdengo||LifeOrb|GoodasGold|Protect,NastyPlot,MakeItRain,ShadowBall||||||50|,,,,,Water]Magmar||Eviolite|VitalSpirit|Taunt,WillOWisp,FollowMe,HeatWave|||F|||50|,,,,,Ghost]Dragonite||LoadedDice|Multiscale|Protect,Haze,Tailwind,ScaleShot|||M|||50|,,,,,Fairy]Rillaboom||AssaultVest|GrassySurge|FakeOut,GrassyGlide,WoodHammer,HighHorsepower|||M|||50|,,,,,Fire]Annihilape||SafetyGoggles|Defiant|Protect,BulkUp,RageFist,DrainPunch|||F|||50|,,,,,Steel]Sylveon||ThroatSpray|Pixilate|TeraBlast,HyperBeam,Protect,BabyDollEyes|||M|||50|,,,,,Water
|inactive|Battle timer is ON: inactive players will automatically lose when time's up. (requested by Bolsa_25)
|inactive|kirkin07 has 60 seconds left.
|
|t:|1757090124
|teamsize|p1|4
|teamsize|p2|4
|start
|switch|p1a: Kingdra|Kingdra, L50, F|100/100
|switch|p1b: Politoed|Politoed, L50, F|100/100
|switch|p2a: Annihilape|Annihilape, L50, F|100/100
|switch|p2b: Magmar|Magmar, L50, F|100/100
|-weather|RainDance|[from] ability: Drizzle|[of] p1b: Politoed
|turn|1
|
|t:|1757090143
|move|p2b: Magmar|Follow Me|p2b: Magmar
|-singleturn|p2b: Magmar|move: Follow Me
|move|p1a: Kingdra|Muddy Water|p2a: Annihilape|[spread] p2a,p2b
|-supereffective|p2b: Magmar
|-damage|p2a: Annihilape|37/100
|-damage|p2b: Magmar|14/100
|-unboost|p2a: Annihilape|accuracy|1
|-ability|p2a: Annihilape|Defiant|boost
|-boost|p2a: Annihilape|atk|2
|-unboost|p2b: Magmar|accuracy|1
|-damage|p1a: Kingdra|91/100|[from] item: Life Orb
|move|p2a: Annihilape|Bulk Up|p2a: Annihilape
|-boost|p2a: Annihilape|atk|1
|-boost|p2a: Annihilape|def|1
|move|p1b: Politoed|Weather Ball|p2b: Magmar
|-supereffective|p2b: Magmar
|-damage|p2b: Magmar|0 fnt
|faint|p2b: Magmar
|
|-weather|RainDance|[upkeep]
|upkeep
|
|t:|1757090149
|switch|p2b: Rillaboom|Rillaboom, L50, M|100/100
|-fieldstart|move: Grassy Terrain|[from] ability: Grassy Surge|[of] p2b: Rillaboom
|turn|2
|
|t:|1757090165
|move|p1a: Kingdra|Protect|p1a: Kingdra
|-singleturn|p1a: Kingdra|Protect
|move|p2a: Annihilape|Protect|p2a: Annihilape
|-singleturn|p2a: Annihilape|Protect
|move|p1b: Politoed|Protect|p1b: Politoed
|-singleturn|p1b: Politoed|Protect
|move|p2b: Rillaboom|Wood Hammer|p1a: Kingdra
|-activate|p1a: Kingdra|move: Protect
|
|-weather|RainDance|[upkeep]
|-heal|p1a: Kingdra|97/100|[from] Grassy Terrain
|-heal|p2a: Annihilape|44/100|[from] Grassy Terrain
|upkeep
|turn|3
|inactive|kirkin07 has 30 seconds left.
|
|t:|1757090191
|-terastallize|p1b: Politoed|Grass
|move|p1a: Kingdra|Weather Ball|p2a: Annihilape
|-damage|p2a: Annihilape|0 fnt
|faint|p2a: Annihilape
|-damage|p1a: Kingdra|87/100|[from] item: Life Orb
|move|p2b: Rillaboom|Wood Hammer|p1a: Kingdra
|-crit|p1a: Kingdra
|-damage|p1a: Kingdra|0 fnt
|faint|p1a: Kingdra
|-damage|p2b: Rillaboom|78/100|[from] Recoil
|move|p1b: Politoed|Perish Song|p1b: Politoed
|-start|p1b: Politoed|perish3|[silent]
|-start|p2b: Rillaboom|perish3|[silent]
|-fieldactivate|move: Perish Song
|
|-weather|RainDance|[upkeep]
|-heal|p2b: Rillaboom|84/100|[from] Grassy Terrain
|-start|p2b: Rillaboom|perish3
|-start|p1b: Politoed|perish3
|upkeep
|inactive|kirkin07 has 30 seconds left.
|
|t:|1757090224
|switch|p1a: Incineroar|Incineroar, L50, F|100/100
|switch|p2a: Gholdengo|Gholdengo, L50|100/100
|-ability|p1a: Incineroar|Intimidate|boost
|-unboost|p2a: Gholdengo|atk|1
|-unboost|p2b: Rillaboom|atk|1
|turn|4
|inactive|kirkin07 has 30 seconds left.
|
|t:|1757090255
|-terastallize|p2a: Gholdengo|Water
|move|p2a: Gholdengo|Nasty Plot|p2a: Gholdengo
|-boost|p2a: Gholdengo|spa|2
|move|p2b: Rillaboom|High Horsepower|p1a: Incineroar
|-supereffective|p1a: Incineroar
|-crit|p1a: Incineroar
|-damage|p1a: Incineroar|12/100
|move|p1b: Politoed|Weather Ball|p2a: Gholdengo
|-resisted|p2a: Gholdengo
|-damage|p2a: Gholdengo|73/100
|move|p1a: Incineroar|Knock Off|p2a: Gholdengo
|-damage|p2a: Gholdengo|35/100
|-enditem|p2a: Gholdengo|Life Orb|[from] move: Knock Off|[of] p1a: Incineroar
|
|-weather|RainDance|[upkeep]
|-heal|p2a: Gholdengo|41/100|[from] Grassy Terrain
|-heal|p2b: Rillaboom|91/100|[from] Grassy Terrain
|-heal|p1a: Incineroar|18/100|[from] Grassy Terrain
|-start|p2b: Rillaboom|perish2
|-start|p1b: Politoed|perish2
|upkeep
|turn|5
|inactive|kirkin07 has 30 seconds left.
|inactive|kirkin07 has 20 seconds left.
|
|t:|1757090294
|move|p1b: Politoed|Protect|p1b: Politoed
|-singleturn|p1b: Politoed|Protect
|move|p1a: Incineroar|Protect|p1a: Incineroar
|-singleturn|p1a: Incineroar|Protect
|move|p2a: Gholdengo|Nasty Plot|p2a: Gholdengo
|-boost|p2a: Gholdengo|spa|2
|move|p2b: Rillaboom|High Horsepower|p1a: Incineroar
|-activate|p1a: Incineroar|move: Protect
|
|-weather|none
|-heal|p2a: Gholdengo|47/100|[from] Grassy Terrain
|-heal|p2b: Rillaboom|97/100|[from] Grassy Terrain
|-heal|p1a: Incineroar|24/100|[from] Grassy Terrain
|-start|p2b: Rillaboom|perish1
|-start|p1b: Politoed|perish1
|upkeep
|turn|6
|inactive|kirkin07 has 30 seconds left.
|
|t:|1757090328
|switch|p1b: Archaludon|Archaludon, L50, F|100/100
|move|p1a: Incineroar|Protect|p1a: Incineroar
|-singleturn|p1a: Incineroar|Protect
|move|p2a: Gholdengo|Make It Rain|p1b: Archaludon|[spread] p1b
|-activate|p1a: Incineroar|move: Protect
|-resisted|p1b: Archaludon
|-ability|p1b: Archaludon|Sturdy
|-damage|p1b: Archaludon|1/100
|-unboost|p2a: Gholdengo|spa|1
|move|p2b: Rillaboom|High Horsepower|p1b: Archaludon
|-supereffective|p1b: Archaludon
|-damage|p1b: Archaludon|0 fnt
|faint|p1b: Archaludon
|
|-heal|p2a: Gholdengo|53/100|[from] Grassy Terrain
|-heal|p2b: Rillaboom|100/100|[from] Grassy Terrain
|-heal|p1a: Incineroar|30/100|[from] Grassy Terrain
|-start|p2b: Rillaboom|perish0
|-fieldend|move: Grassy Terrain
|faint|p2b: Rillaboom
|upkeep
|
|t:|1757090341
|switch|p1b: Politoed|Politoed, L50, F, tera:Grass|100/100
|-weather|RainDance|[from] ability: Drizzle|[of] p1b: Politoed
|turn|7
|
|t:|1757090356
|move|p2a: Gholdengo|Make It Rain|p1b: Politoed|[spread] p1a,p1b
|-resisted|p1a: Incineroar
|-damage|p1a: Incineroar|0 fnt
|-damage|p1b: Politoed|6/100
|-unboost|p2a: Gholdengo|spa|1
|faint|p1a: Incineroar
|move|p1b: Politoed|Weather Ball|p2a: Gholdengo
|-resisted|p2a: Gholdengo
|-damage|p2a: Gholdengo|25/100
|
|-weather|RainDance|[upkeep]
|-heal|p1b: Politoed|12/100|[from] item: Leftovers
|upkeep
|turn|8
|-message|kirkin07 forfeited.
|
|win|Bolsa_25
|raw|kirkin07's rating: 1025 → 1011(-14 for losing)
|raw|Bolsa_25's rating: 1028 → 1063(+35 for winning)
|l|☆kirkin07
|player|p1|
