|j|☆Nezk025
|j|☆4FunWarrior
|html|Nezk0254FunWarrior    
|uhtml|bestof|Game 2 of a best-of-3
|t:|1785337319
|gametype|doubles
|player|p1|Nezk025|nate|1155
|player|p2|4FunWarrior|101|1089
|gen|9
|tier|[Gen 9 Champions] VGC 2026 Reg M-B (Bo3)
|rated|
|rule|Species Clause: Limit one of each Pokémon
|rule|Item Clause: Limit 1 of each item
|clearpoke
|poke|p1|Excadrill, L50, M|
|poke|p1|Tyranitar, L50, F|
|poke|p1|Corviknight, L50, F|
|poke|p1|Hydreigon, L50, M|
|poke|p1|Rotom-Wash, L50|
|poke|p1|Mimikyu, L50, M|
|poke|p2|Grimmsnarl, L50, M, shiny|
|poke|p2|Venusaur, L50, F, shiny|
|poke|p2|Scrafty, L50, M|
|poke|p2|Archaludon, L50, F, shiny|
|poke|p2|Pelipper, L50, M|
|poke|p2|Palafin, L50, F, shiny|
|teampreview|4
|showteam|p1|Excadrill||FocusSash|SandRush|Protect,Earthquake,IronHead,RockTomb|Adamant||M|||50|]Tyranitar||Tyranitarite|SandStream|Protect,RockSlide,KnockOff,LowKick|Adamant||F|||50|]Corviknight||Leftovers|MirrorArmor|Roost,BraveBird,Tailwind,BulkUp|Careful||F|||50|]Hydreigon||ChoiceScarf|Levitate|DragonPulse,DarkPulse,Snarl,EarthPower|Modest||M|||50|]Rotom-Wash||SitrusBerry|Levitate|Protect,Thunderbolt,HydroPump,Reflect|Modest|||||50|]Mimikyu||FairyFeather|Disguise|Taunt,PlayRough,ShadowClaw,Protect|Adamant||M|||50|
|showteam|p2|Grimmsnarl||LightClay|Prankster|PartingShot,Reflect,LightScreen,SpiritBreak|Careful||M|||50|]Venusaur||Venusaurite|Overgrow|GigaDrain,SludgeBomb,EarthPower,Protect|Modest||F|||50|]Scrafty||Scraftinite|Intimidate|FakeOut,DrainPunch,KnockOff,Protect|Adamant||M|||50|]Archaludon||Leftovers|Stamina|ElectroShot,DragonPulse,FlashCannon,Protect|Bold||F|||50|]Pelipper||SitrusBerry|Drizzle|Hurricane,WeatherBall,Tailwind,WideGuard|Bold||M|||50|]Palafin||LifeOrb|ZerotoHero|WaveCrash,JetPunch,FlipTurn,Protect|Adamant||F|||50|
|inactive|Battle timer is ON: inactive players will automatically lose when time's up. (requested by 4FunWarrior)
|inactive|Nezk025 has 60 seconds left.
|
|t:|1785337356
|teamsize|p1|4
|teamsize|p2|4
|start
|switch|p1a: Rotom|Rotom-Wash, L50|100/100
|switch|p1b: Corviknight|Corviknight, L50, F|100/100
|switch|p2a: Archaludon|Archaludon, L50, F, shiny|100/100
|switch|p2b: Scrafty|Scrafty, L50, M|100/100
|-ability|p2b: Scrafty|Intimidate|boost
|-unboost|p1a: Rotom|atk|1
|-ability|p1b: Corviknight|Mirror Armor
|-unboost|p2b: Scrafty|atk|1
|turn|1
|
|t:|1785337378
|switch|p1b: Excadrill|Excadrill, L50, M|100/100
|switch|p2b: Pelipper|Pelipper, L50, M|100/100
|-weather|RainDance|[from] ability: Drizzle|[of] p2b: Pelipper
|move|p1a: Rotom|Thunderbolt|p2b: Pelipper
|-supereffective|p2b: Pelipper|2
|-damage|p2b: Pelipper|0 fnt
|faint|p2b: Pelipper
|move|p2a: Archaludon|Electro Shot||[still]
|-prepare|p2a: Archaludon|Electro Shot
|-boost|p2a: Archaludon|spa|1
|-anim|p2a: Archaludon|Electro Shot|p1b: Excadrill
|-immune|p1b: Excadrill
|
|-weather|RainDance|[upkeep]
|upkeep
|
|t:|1785337386
|switch|p2b: Scrafty|Scrafty, L50, M|100/100
|-ability|p2b: Scrafty|Intimidate|boost
|-unboost|p1a: Rotom|atk|1
|-unboost|p1b: Excadrill|atk|1
|turn|2
|
|t:|1785337407
|switch|p1b: Tyranitar|Tyranitar, L50, F|100/100
|-weather|Sandstorm|[from] ability: Sand Stream|[of] p1b: Tyranitar
|detailschange|p2b: Scrafty|Scrafty-Mega, L50, M
|-mega|p2b: Scrafty|Scrafty|Scraftinite
|-ability|p2b: Scrafty|Intimidate|boost
|-unboost|p1a: Rotom|atk|1
|-unboost|p1b: Tyranitar|atk|1
|move|p1a: Rotom|Hydro Pump|p2b: Scrafty|[miss]
|-miss|p1a: Rotom|p2b: Scrafty
|move|p2a: Archaludon|Dragon Pulse|p1b: Tyranitar
|-damage|p1b: Tyranitar|64/100
|move|p2b: Scrafty|Drain Punch|p1a: Rotom
|-damage|p1a: Rotom|59/100
|
|-weather|Sandstorm|[upkeep]
|-damage|p1a: Rotom|53/100|[from] Sandstorm
|-damage|p2b: Scrafty|94/100|[from] Sandstorm
|upkeep
|turn|3
|inactive|Nezk025 has 30 seconds left.
|inactive|Nezk025 has 20 seconds left.
|
|t:|1785337446
|switch|p1b: Corviknight|Corviknight, L50, F|100/100
|move|p1a: Rotom|Reflect|p1a: Rotom
|-sidestart|p1: Nezk025|Reflect
|move|p2a: Archaludon|Dragon Pulse|p1a: Rotom
|-damage|p1a: Rotom|0 fnt
|faint|p1a: Rotom
|move|p2b: Scrafty|Drain Punch|p1b: Corviknight
|-damage|p1b: Corviknight|76/100
|-heal|p2b: Scrafty|100/100|[from] drain|[of] p1b: Corviknight
|
|-weather|Sandstorm|[upkeep]
|-damage|p2b: Scrafty|94/100|[from] Sandstorm
|-heal|p1b: Corviknight|82/100|[from] item: Leftovers
|upkeep
|
|t:|1785337456
|switch|p1a: Excadrill|Excadrill, L50, M|100/100
|turn|4
|
|t:|1785337468
|switch|p2b: Grimmsnarl|Grimmsnarl, L50, M, shiny|100/100
|move|p2a: Archaludon|Protect|p2a: Archaludon
|-singleturn|p2a: Archaludon|Protect
|move|p1a: Excadrill|Earthquake|p2a: Archaludon|[spread] p2b
|-activate|p2a: Archaludon|move: Protect
|-immune|p1b: Corviknight
|-damage|p2b: Grimmsnarl|53/100
|move|p1b: Corviknight|Brave Bird|p2b: Grimmsnarl
|-damage|p2b: Grimmsnarl|7/100
|-damage|p1b: Corviknight|67/100|[from] Recoil
|
|-weather|Sandstorm|[upkeep]
|-damage|p2b: Grimmsnarl|1/100|[from] Sandstorm
|-heal|p1b: Corviknight|73/100|[from] item: Leftovers
|upkeep
|turn|5
|
|t:|1785337487
|move|p2b: Grimmsnarl|Parting Shot|p1a: Excadrill
|-unboost|p1a: Excadrill|atk|1
|-unboost|p1a: Excadrill|spa|1
|
|t:|1785337489
|switch|p2b: Scrafty|Scrafty-Mega, L50, M|94/100|[from] Parting Shot
|-ability|p2b: Scrafty|Intimidate|boost
|-unboost|p1a: Excadrill|atk|1
|-ability|p1b: Corviknight|Mirror Armor
|-unboost|p2b: Scrafty|atk|1
|move|p1a: Excadrill|Iron Head|p2b: Scrafty
|-damage|p2b: Scrafty|75/100
|move|p1b: Corviknight|Bulk Up|p1b: Corviknight
|-boost|p1b: Corviknight|atk|1
|-boost|p1b: Corviknight|def|1
|move|p2a: Archaludon|Electro Shot||[still]
|-prepare|p2a: Archaludon|Electro Shot
|-boost|p2a: Archaludon|spa|1
|
|-weather|Sandstorm|[upkeep]
|-damage|p2b: Scrafty|69/100|[from] Sandstorm
|-heal|p1b: Corviknight|79/100|[from] item: Leftovers
|upkeep
|turn|6
|inactive|Nezk025 has 30 seconds left.
|
|t:|1785337519
|switch|p1b: Tyranitar|Tyranitar, L50, F|64/100
|move|p1a: Excadrill|Protect|p1a: Excadrill
|-singleturn|p1a: Excadrill|Protect
|move|p2b: Scrafty|Protect|p2b: Scrafty
|-singleturn|p2b: Scrafty|Protect
|move|p2a: Archaludon|Electro Shot|p1b: Tyranitar|[from] lockedmove
|-damage|p1b: Tyranitar|22/100
|
|-weather|none
|upkeep
|turn|7
|
|t:|1785337539
|switch|p1a: Corviknight|Corviknight, L50, F|79/100
|move|p1b: Tyranitar|Protect|p1b: Tyranitar
|-singleturn|p1b: Tyranitar|Protect
|move|p2a: Archaludon|Dragon Pulse|p1b: Tyranitar
|-activate|p1b: Tyranitar|move: Protect
|move|p2b: Scrafty|Drain Punch|p1a: Corviknight
|-damage|p1a: Corviknight|63/100
|-heal|p2b: Scrafty|78/100|[from] drain|[of] p1a: Corviknight
|
|-heal|p1a: Corviknight|69/100|[from] item: Leftovers
|-sideend|p1: Nezk025|Reflect
|upkeep
|turn|8
|
|t:|1785337554
|move|p2a: Archaludon|Flash Cannon|p1b: Tyranitar
|-supereffective|p1b: Tyranitar|1
|-damage|p1b: Tyranitar|0 fnt
|faint|p1b: Tyranitar
|move|p1a: Corviknight|Brave Bird|p2b: Scrafty
|-supereffective|p2b: Scrafty|1
|-damage|p2b: Scrafty|14/100
|-damage|p1a: Corviknight|51/100|[from] Recoil
|move|p2b: Scrafty|Drain Punch|p1a: Corviknight
|-damage|p1a: Corviknight|31/100
|-heal|p2b: Scrafty|26/100|[from] drain|[of] p1a: Corviknight
|
|-heal|p1a: Corviknight|37/100|[from] item: Leftovers
|upkeep
|
|t:|1785337564
|switch|p1b: Excadrill|Excadrill, L50, M|100/100
|turn|9
|
|t:|1785337585
|switch|p2b: Grimmsnarl|Grimmsnarl, L50, M, shiny|1/100
|move|p1b: Excadrill|Earthquake|p2a: Archaludon|[spread] p2a,p2b
|-immune|p1a: Corviknight
|-supereffective|p2a: Archaludon|1
|-crit|p2b: Grimmsnarl
|-damage|p2a: Archaludon|42/100
|-damage|p2b: Grimmsnarl|0 fnt
|-ability|p2a: Archaludon|Stamina|boost
|-boost|p2a: Archaludon|def|1
|faint|p2b: Grimmsnarl
|move|p1a: Corviknight|Roost|p1a: Corviknight
|-heal|p1a: Corviknight|87/100
|-singleturn|p1a: Corviknight|move: Roost
|move|p2a: Archaludon|Dragon Pulse|p1a: Corviknight
|-resisted|p1a: Corviknight|1
|-damage|p1a: Corviknight|56/100
|
|-heal|p2a: Archaludon|48/100|[from] item: Leftovers
|-heal|p1a: Corviknight|62/100|[from] item: Leftovers
|upkeep
|
|t:|1785337601
|switch|p2b: Scrafty|Scrafty-Mega, L50, M|26/100
|-ability|p2b: Scrafty|Intimidate|boost
|-ability|p1a: Corviknight|Mirror Armor
|-unboost|p2b: Scrafty|atk|1
|-unboost|p1b: Excadrill|atk|1
|turn|10
|
|t:|1785337610
|move|p1b: Excadrill|Protect|p1b: Excadrill
|-singleturn|p1b: Excadrill|Protect
|move|p2b: Scrafty|Fake Out|p1b: Excadrill
|-activate|p1b: Excadrill|move: Protect
|move|p2a: Archaludon|Dragon Pulse|p1a: Corviknight
|-resisted|p1a: Corviknight|1
|-damage|p1a: Corviknight|26/100
|move|p1a: Corviknight|Brave Bird|p2b: Scrafty
|-supereffective|p2b: Scrafty|1
|-crit|p2b: Scrafty
|-damage|p2b: Scrafty|0 fnt
|faint|p2b: Scrafty
|-damage|p1a: Corviknight|19/100|[from] Recoil
|
|-heal|p2a: Archaludon|54/100|[from] item: Leftovers
|-heal|p1a: Corviknight|25/100|[from] item: Leftovers
|upkeep
|turn|11
|
|t:|1785337622
|move|p1b: Excadrill|Earthquake|p2a: Archaludon|[spread] p2a
|-immune|p1a: Corviknight
|-supereffective|p2a: Archaludon|1
|-damage|p2a: Archaludon|26/100
|-ability|p2a: Archaludon|Stamina|boost
|-boost|p2a: Archaludon|def|1
|move|p2a: Archaludon|Dragon Pulse|p1a: Corviknight
|-resisted|p1a: Corviknight|1
|-damage|p1a: Corviknight|0 fnt
|faint|p1a: Corviknight
|
|-heal|p2a: Archaludon|32/100|[from] item: Leftovers
|upkeep
|turn|12
|
|t:|1785337631
|move|p2a: Archaludon|Protect|p2a: Archaludon
|-singleturn|p2a: Archaludon|Protect
|move|p1b: Excadrill|Earthquake|p2a: Archaludon
|-activate|p2a: Archaludon|move: Protect
|
|-heal|p2a: Archaludon|39/100|[from] item: Leftovers
|upkeep
|turn|13
|
|t:|1785337636
|move|p1b: Excadrill|Earthquake|p2a: Archaludon
|-supereffective|p2a: Archaludon|1
|-damage|p2a: Archaludon|11/100
|-ability|p2a: Archaludon|Stamina|boost
|-boost|p2a: Archaludon|def|1
|move|p2a: Archaludon|Dragon Pulse|p1b: Excadrill
|-resisted|p1b: Excadrill|1
|-damage|p1b: Excadrill|46/100
|
|-heal|p2a: Archaludon|17/100|[from] item: Leftovers
|upkeep
|turn|14
|
|t:|1785337642
|move|p2a: Archaludon|Protect|p2a: Archaludon
|-singleturn|p2a: Archaludon|Protect
|move|p1b: Excadrill|Earthquake|p2a: Archaludon
|-activate|p2a: Archaludon|move: Protect
|
|-heal|p2a: Archaludon|23/100|[from] item: Leftovers
|upkeep
|turn|15
|
|t:|1785337646
|move|p1b: Excadrill|Earthquake|p2a: Archaludon
|-supereffective|p2a: Archaludon|1
|-damage|p2a: Archaludon|4/100
|-ability|p2a: Archaludon|Stamina|boost
|-boost|p2a: Archaludon|def|1
|move|p2a: Archaludon|Dragon Pulse|p1b: Excadrill
|-resisted|p1b: Excadrill|1
|-damage|p1b: Excadrill|0 fnt
|faint|p1b: Excadrill
|
|win|4FunWarrior
|raw|Nezk025's rating: 1155 → 1125(-30 for losing)
|raw|4FunWarrior's rating: 1089 → 1121(+32 for winning)
