|j|☆Kotestplayer
|j|☆Hankk1995
|html|KotestplayerHankk1995    
|uhtml|bestof|Game 3 of a best-of-3
|t:|1786160149
|gametype|doubles
|player|p1|Kotestplayer|266|
|player|p2|Hankk1995|miriam|
|gen|9
|tier|[Gen 9 Champions] VGC 2026 Reg M-B (Bo3)
|rule|Species Clause: Limit one of each Pokémon
|rule|Item Clause: Limit 1 of each item
|clearpoke
|poke|p1|Whimsicott, L50, M|
|poke|p1|Garchomp, L50, M|
|poke|p1|Sylveon, L50, M|
|poke|p1|Gholdengo, L50|
|poke|p1|Gyarados, L50, F|
|poke|p1|Raichu, L50, F|
|poke|p2|Raichu, L50, F|
|poke|p2|Staraptor, L50, F|
|poke|p2|Arcanine-Hisui, L50, M|
|poke|p2|Farigiraf, L50, M|
|poke|p2|Sylveon, L50, F|
|poke|p2|Kingambit, L50, M|
|teampreview|4
|showteam|p1|Whimsicott||FocusSash|Prankster|Moonblast,Tailwind,Encore,Protect|Timid||M|||50|]Garchomp||LifeOrb|RoughSkin|DragonClaw,StompingTantrum,RockSlide,Protect|Jolly||M|||50|]Sylveon||FairyFeather|Pixilate|HyperVoice,HyperBeam,QuickAttack,Detect|Modest||M|||50|]Gholdengo||SitrusBerry|GoodasGold|MakeItRain,ShadowBall,NastyPlot,Protect|Modest|||||50|]Gyarados||Gyaradosite|Intimidate|Waterfall,LashOut,DragonDance,Protect|Adamant||F|||50|]Raichu||RaichuniteY|Static|FakeOut,ZapCannon,FocusBlast,Protect|Timid||F|||50|
|showteam|p2|Raichu||RaichuniteY|LightningRod|ZapCannon,FocusBlast,FakeOut,Protect|Timid||F|||50|]Staraptor||Staraptite|Intimidate|CloseCombat,DualWingbeat,Tailwind,Protect|Jolly||F|||50|]Arcanine-Hisui||FocusSash|RockHead|FlareBlitz,HeadSmash,ExtremeSpeed,Protect|Jolly||M|||50|]Farigiraf||SitrusBerry|ArmorTail|Psychic,HelpingHand,TrickRoom,Protect|Calm||M|||50|]Sylveon||FairyFeather|Pixilate|HyperVoice,QuickAttack,HyperBeam,Detect|Modest||F|||50|]Kingambit||LifeOrb|Defiant|KowtowCleave,SuckerPunch,SwordsDance,Protect|Adamant||M|||50|
|
|t:|1786160186
|teamsize|p1|4
|teamsize|p2|4
|start
|switch|p1a: Sylveon|Sylveon, L50, M|100/100
|switch|p1b: Raichu|Raichu, L50, F|100/100
|switch|p2a: Raichu|Raichu, L50, F|100/100
|switch|p2b: Arcanine|Arcanine-Hisui, L50, M|100/100
|turn|1
|
|t:|1786160217
|switch|p1a: Whimsicott|Whimsicott, L50, M|100/100
|move|p2a: Raichu|Fake Out|p1a: Whimsicott
|-damage|p1a: Whimsicott|87/100
|move|p1b: Raichu|Fake Out|p2b: Arcanine
|-resisted|p2b: Arcanine|1
|-damage|p2b: Arcanine|95/100
|cant|p2b: Arcanine|flinch
|
|upkeep
|turn|2
|
|t:|1786160260
|switch|p2b: Sylveon|Sylveon, L50, F|100/100
|detailschange|p2a: Raichu|Raichu-Mega-Y, L50, F
|-mega|p2a: Raichu|Raichu|Raichunite Y
|detailschange|p1b: Raichu|Raichu-Mega-Y, L50, F
|-mega|p1b: Raichu|Raichu|Raichunite Y
|move|p1a: Whimsicott|Encore|p2a: Raichu
|-start|p2a: Raichu|Encore
|move|p2a: Raichu|Fake Out||[still]
|-hint|Fake Out only works on your first turn out.
|-fail|p2a: Raichu
|move|p1b: Raichu|Focus Blast|p2b: Sylveon
|-resisted|p2b: Sylveon|1
|-damage|p2b: Sylveon|81/100
|-unboost|p2b: Sylveon|spd|1
|
|upkeep
|turn|3
|
|t:|1786160296
|switch|p2a: Staraptor|Staraptor, L50, F|100/100
|-ability|p2a: Staraptor|Intimidate|boost
|-unboost|p1a: Whimsicott|atk|1
|-unboost|p1b: Raichu|atk|1
|move|p1a: Whimsicott|Tailwind|p1a: Whimsicott
|-sidestart|p1: Kotestplayer|move: Tailwind
|move|p1b: Raichu|Zap Cannon|p2b: Sylveon
|-damage|p2b: Sylveon|2/100
|-status|p2b: Sylveon|par
|move|p2b: Sylveon|Hyper Voice|p1b: Raichu|[spread] p1a,p1b
|-damage|p1a: Whimsicott|8/100
|-damage|p1b: Raichu|28/100
|
|upkeep
|turn|4
|
|t:|1786160325
|move|p2a: Staraptor|Protect|p2a: Staraptor
|-singleturn|p2a: Staraptor|Protect
|move|p2b: Sylveon|Quick Attack|p1b: Raichu
|-damage|p1b: Raichu|3/100
|move|p1b: Raichu|Zap Cannon|p2a: Staraptor
|-activate|p2a: Staraptor|move: Protect
|move|p1a: Whimsicott|Moonblast|p2b: Sylveon
|-damage|p2b: Sylveon|0 fnt
|faint|p2b: Sylveon
|
|upkeep
|
|t:|1786160334
|switch|p2b: Arcanine|Arcanine-Hisui, L50, M|95/100
|turn|5
|
|t:|1786160366
|switch|p2a: Raichu|Raichu-Mega-Y, L50, F|100/100
|move|p2b: Arcanine|Extreme Speed|p1b: Raichu
|-damage|p1b: Raichu|0 fnt
|faint|p1b: Raichu
|move|p1a: Whimsicott|Encore||[still]
|-fail|p1a: Whimsicott
|
|upkeep
|
|t:|1786160373
|switch|p1b: Garchomp|Garchomp, L50, M|100/100
|turn|6
|
|t:|1786160401
|switch|p2a: Staraptor|Staraptor, L50, F|100/100
|-ability|p2a: Staraptor|Intimidate|boost
|-unboost|p1a: Whimsicott|atk|1
|-unboost|p1b: Garchomp|atk|1
|move|p1a: Whimsicott|Protect|p1a: Whimsicott
|-singleturn|p1a: Whimsicott|Protect
|move|p2b: Arcanine|Protect|p2b: Arcanine
|-singleturn|p2b: Arcanine|Protect
|move|p1b: Garchomp|Rock Slide|p2a: Staraptor|[spread] p2a
|-activate|p2b: Arcanine|move: Protect
|-supereffective|p2a: Staraptor|1
|-damage|p2a: Staraptor|57/100
|-damage|p1b: Garchomp|90/100|[from] item: Life Orb
|
|-sideend|p1: Kotestplayer|move: Tailwind
|upkeep
|turn|7
|
|t:|1786160430
|switch|p1a: Sylveon|Sylveon, L50, M|100/100
|move|p2b: Arcanine|Extreme Speed|p1a: Sylveon
|-damage|p1a: Sylveon|69/100
|move|p1b: Garchomp|Rock Slide|p2a: Staraptor|[spread] p2a
|-miss|p1b: Garchomp|p2b: Arcanine
|-supereffective|p2a: Staraptor|1
|-damage|p2a: Staraptor|12/100
|-damage|p1b: Garchomp|80/100|[from] item: Life Orb
|cant|p2a: Staraptor|flinch
|
|upkeep
|turn|8
|
|t:|1786160461
|move|p1b: Garchomp|Stomping Tantrum|p2b: Arcanine
|-supereffective|p2b: Arcanine|2
|-damage|p2b: Arcanine|0 fnt
|faint|p2b: Arcanine
|-damage|p1b: Garchomp|70/100|[from] item: Life Orb
|move|p2a: Staraptor|Tailwind|p2a: Staraptor
|-sidestart|p2: Hankk1995|move: Tailwind
|move|p1a: Sylveon|Hyper Voice|p2a: Staraptor
|-damage|p2a: Staraptor|0 fnt
|faint|p2a: Staraptor
|
|upkeep
|
|t:|1786160468
|switch|p2b: Raichu|Raichu-Mega-Y, L50, F|100/100
|turn|9
|
|t:|1786160488
|move|p2b: Raichu|Focus Blast|p1b: Garchomp
|-crit|p1b: Garchomp
|-damage|p1b: Garchomp|3/100
|move|p1b: Garchomp|Stomping Tantrum|p2b: Raichu
|-supereffective|p2b: Raichu|1
|-damage|p2b: Raichu|0 fnt
|faint|p2b: Raichu
|-damage|p1b: Garchomp|0 fnt|[from] item: Life Orb
|faint|p1b: Garchomp
|
|win|Kotestplayer
