|j|☆r4ka
|j|☆Mogu50
|html|r4kaMogu50    
|uhtml|bestof|Game 1 of a best-of-3
|t:|1756407371
|gametype|doubles
|player|p1|r4ka|265|
|player|p2|Mogu50|infielder|
|gen|9
|tier|[Gen 9] VGC 2025 Reg H (Bo3)
|rule|Species Clause: Limit one of each Pokémon
|rule|Item Clause: Limit 1 of each item
|clearpoke
|poke|p1|Rillaboom, L50, F|
|poke|p1|Dragonite, L50, M|
|poke|p1|Sneasler, L50, M|
|poke|p1|Kingambit, L50, F|
|poke|p1|Electabuzz, L50, M|
|poke|p1|Volcarona, L50, F|
|poke|p2|Dragapult, L50, F|
|poke|p2|Sneasler, L50, F|
|poke|p2|Rillaboom, L50, M|
|poke|p2|Incineroar, L50, F|
|poke|p2|Primarina, L50, F|
|poke|p2|Gholdengo, L50|
|teampreview|4
|showteam|p1|Rillaboom||AssaultVest|GrassySurge|FakeOut,Uturn,WoodHammer,GrassyGlide|||F|||50|,,,,,Fire]Dragonite||LoadedDice|Multiscale|ExtremeSpeed,ScaleShot,Protect,Haze|||M|||50|,,,,,Fairy]Sneasler||FocusSash|PoisonTouch|DireClaw,CloseCombat,FakeOut,Coaching|||M|||50|,,,,,Stellar]Kingambit||BlackGlasses|Defiant|KowtowCleave,SuckerPunch,SwordsDance,Protect|||F|||50|,,,,,Dark]Electabuzz||Eviolite|VitalSpirit|Thunderbolt,Taunt,Protect,FollowMe|||M|||50|,,,,,Ghost]Volcarona||Leftovers|FlameBody|HeatWave,TeraBlast,QuiverDance,Protect|||F|||50|,,,,,Fairy
|showteam|p2|Dragapult||ChoiceBand|ClearBody|DragonDarts,TeraBlast,PhantomForce,Uturn|||F|||50|,,,,,Ghost]Sneasler||FocusSash|Unburden|FakeOut,DireClaw,CloseCombat,Protect|||F|||50|,,,,,Stellar]Rillaboom||AssaultVest|GrassySurge|FakeOut,GrassyGlide,WoodHammer,HighHorsepower|||M|||50|,,,,,Fire]Incineroar||SafetyGoggles|Intimidate|FakeOut,FlareBlitz,KnockOff,HelpingHand|||F|||50|,,,,,Ghost]Primarina||LifeOrb|LiquidVoice|HyperVoice,Moonblast,Haze,Protect|||F|||50|,,,,,Poison]Gholdengo||ChoiceScarf|GoodasGold|MakeItRain,ShadowBall,Trick,Protect||||||50|,,,,,Steel
|inactive|Battle timer is ON: inactive players will automatically lose when time's up. (requested by Mogu50)
|inactive|r4ka has 60 seconds left.
|inactive|Mogu50 has 60 seconds left.
|
|t:|1756407425
|teamsize|p1|4
|teamsize|p2|4
|start
|switch|p1a: Kingambit|Kingambit, L50, F, shiny|100/100
|switch|p1b: Dragonite|Dragonite, L50, M, shiny|100/100
|switch|p2a: Dragapult|Dragapult, L50, F|100/100
|switch|p2b: Sneasler|Sneasler, L50, F|100/100
|turn|1
|inactive|Mogu50 has 30 seconds left.
|inactive|Mogu50 has 20 seconds left.
|
|t:|1756407464
|switch|p2a: Primarina|Primarina, L50, F|100/100
|-terastallize|p1b: Dragonite|Fairy
|move|p1a: Kingambit|Protect|p1a: Kingambit
|-singleturn|p1a: Kingambit|Protect
|move|p2b: Sneasler|Fake Out|p1b: Dragonite
|-damage|p1b: Dragonite|92/100
|cant|p1b: Dragonite|flinch
|
|upkeep
|turn|2
|
|t:|1756407488
|switch|p1a: Rillaboom|Rillaboom, L50, F|100/100
|-fieldstart|move: Grassy Terrain|[from] ability: Grassy Surge|[of] p1a: Rillaboom
|move|p2b: Sneasler|Close Combat|p1a: Rillaboom
|-damage|p1a: Rillaboom|45/100
|-unboost|p2b: Sneasler|def|1
|-unboost|p2b: Sneasler|spd|1
|move|p1b: Dragonite|Scale Shot|p2b: Sneasler
|-damage|p2b: Sneasler|59/100
|-damage|p2b: Sneasler|19/100
|-damage|p2b: Sneasler|0 fnt
|faint|p2b: Sneasler
|-hitcount|p2: Sneasler|3
|-unboost|p1b: Dragonite|def|1
|-boost|p1b: Dragonite|spe|1
|move|p2a: Primarina|Hyper Voice|p1a: Rillaboom|[spread] p1a,p1b
|-resisted|p1a: Rillaboom
|-crit|p1a: Rillaboom
|-damage|p1a: Rillaboom|18/100
|-damage|p1b: Dragonite|38/100
|-damage|p2a: Primarina|91/100|[from] item: Life Orb
|
|-heal|p1b: Dragonite|44/100|[from] Grassy Terrain
|-heal|p1a: Rillaboom|24/100|[from] Grassy Terrain
|-heal|p2a: Primarina|97/100|[from] Grassy Terrain
|upkeep
|
|t:|1756407510
|switch|p2b: Rillaboom|Rillaboom, L50, M|100/100
|turn|3
|
|t:|1756407529
|move|p1b: Dragonite|Protect|p1b: Dragonite
|-singleturn|p1b: Dragonite|Protect
|move|p2b: Rillaboom|Fake Out|p1a: Rillaboom
|-damage|p1a: Rillaboom|10/100
|cant|p1a: Rillaboom|flinch
|move|p2a: Primarina|Hyper Voice|p1b: Dragonite|[spread] p1a
|-activate|p1b: Dragonite|move: Protect
|-resisted|p1a: Rillaboom
|-damage|p1a: Rillaboom|0 fnt
|faint|p1a: Rillaboom
|-damage|p2a: Primarina|87/100|[from] item: Life Orb
|
|-heal|p1b: Dragonite|50/100|[from] Grassy Terrain
|-heal|p2a: Primarina|93/100|[from] Grassy Terrain
|upkeep
|
|t:|1756407542
|switch|p1a: Sneasler|Sneasler, L50, M|100/100
|turn|4
|inactive|Mogu50 has 30 seconds left.
|inactive|r4ka has 30 seconds left.
|inactive|Mogu50 has 20 seconds left.
|inactive|r4ka has 20 seconds left.
|inactive|r4ka has 15 seconds left.
|
|t:|1756407593
|switch|p1b: Kingambit|Kingambit, L50, F, shiny|100/100
|move|p2b: Rillaboom|Grassy Glide|p1b: Kingambit
|-resisted|p1b: Kingambit
|-damage|p1b: Kingambit|86/100
|move|p1a: Sneasler|Dire Claw|p2b: Rillaboom
|-supereffective|p2b: Rillaboom
|-damage|p2b: Rillaboom|25/100
|move|p2a: Primarina|Hyper Voice|p1a: Sneasler|[spread] p1a,p1b
|-damage|p1a: Sneasler|33/100
|-damage|p1b: Kingambit|38/100
|-damage|p2a: Primarina|84/100|[from] item: Life Orb
|
|-heal|p1a: Sneasler|39/100|[from] Grassy Terrain
|-heal|p2b: Rillaboom|32/100|[from] Grassy Terrain
|-heal|p2a: Primarina|90/100|[from] Grassy Terrain
|-heal|p1b: Kingambit|44/100|[from] Grassy Terrain
|upkeep
|turn|5
|inactive|Mogu50 has 30 seconds left.
|
|t:|1756407624
|switch|p1a: Dragonite|Dragonite, L50, M, shiny, tera:Fairy|50/100
|switch|p2b: Dragapult|Dragapult, L50, F|100/100
|-terastallize|p2a: Primarina|Poison
|move|p2a: Primarina|Hyper Voice|p1b: Kingambit|[spread] p1a,p1b
|-damage|p1a: Dragonite|0 fnt
|-damage|p1b: Kingambit|0 fnt
|faint|p1a: Dragonite
|faint|p1b: Kingambit
|-damage|p2a: Primarina|80/100|[from] item: Life Orb
|
|-heal|p2a: Primarina|86/100|[from] Grassy Terrain
|upkeep
|
|t:|1756407638
|switch|p1b: Sneasler|Sneasler, L50, M|39/100
|turn|6
|-message|r4ka forfeited.
|
|win|Mogu50
||r4ka is ready for game 2.
||Mogu50 is ready for game 2.
|uhtml|next|Next: Game 2 of 3
|l|☆Mogu50
|player|p2|
