|j|☆Slayermen34
|j|☆GetSlagged
|html|Slayermen34GetSlagged    
|uhtml|bestof|Game 1 of a best-of-3
|t:|1783559344
|gametype|doubles
|player|p1|Slayermen34|alder|
|player|p2|GetSlagged|miku-water|
|gen|9
|tier|[Gen 9 Champions] VGC 2026 Reg M-B (Bo3)
|rule|Species Clause: Limit one of each Pokémon
|rule|Item Clause: Limit 1 of each item
|clearpoke
|poke|p1|Gardevoir, L50, F, shiny|
|poke|p1|Ceruledge, L50, F|
|poke|p1|Goodra, L50, F|
|poke|p1|Mamoswine, L50, M|
|poke|p1|Musharna, L50, F, shiny|
|poke|p1|Aggron, L50, M|
|poke|p2|Glalie, L50, M|
|poke|p2|Venusaur, L50, M|
|poke|p2|Empoleon, L50, F|
|poke|p2|Lycanroc, L50, M|
|poke|p2|Salazzle, L50, F|
|poke|p2|Swampert, L50, M|
|teampreview|4
|showteam|p1|Gardevoir||Gardevoirite|Trace|CalmMind,HyperVoice,AuraSphere,EnergyBall|Timid||F|||50|]Ceruledge||FocusSash|FlashFire|SwordsDance,BitterBlade,DestinyBond,ShadowSneak|Jolly||F|||50|]Goodra||Leftovers|Gooey|AcidArmor,GigaDrain,BodyPress,DragonPulse|Bold||F|||50|]Mamoswine||LifeOrb|ThickFat|Earthquake,RockSlide,IceShard,KnockOff|Jolly||M|||50|]Musharna||LightClay|Telepathy|LightScreen,Reflect,EnergyBall,ThunderWave|Modest||F|||50|]Aggron||QuickClaw|Sturdy|RockSlide,IronHead,StealthRock,Outrage|Adamant||M|||50|
|showteam|p2|Glalie||Glalitite|InnerFocus|Explosion,Trailblaze,Protect,Earthquake|Jolly||M|||50|]Venusaur||BrightPowder|Chlorophyll|EarthPower,SleepPowder,HelpingHand,Substitute|Timid||M|||50|]Empoleon||SitrusBerry|Competitive|Yawn,HydroPump,HelpingHand,Roost|Calm||F|||50|]Lycanroc||HardStone|Steadfast|RockSlide,Accelerock,SwordsDance,DrillRun|Jolly||M|||50|]Salazzle||Leftovers|Corrosion|Protect,Substitute,HelpingHand,FireBlast|Timid||F|||50|]Swampert||Swampertite|Damp|RainDance,WaveCrash,Earthquake,RockSlide|Adamant||M|||50|
|
|t:|1783559353
|teamsize|p1|4
|teamsize|p2|4
|start
|switch|p1a: JOD|Musharna, L50, F, shiny|100/100
|switch|p1b: Gheeeeew|Goodra, L50, F|100/100
|switch|p2a: Glalie|Glalie, L50, M|100/100
|switch|p2b: Venusaur|Venusaur, L50, M|100/100
|turn|1
|j| Sco11997788
|l| Sco11997788
|
|t:|1783559399
|detailschange|p2a: Glalie|Glalie-Mega, L50, M
|-mega|p2a: Glalie|Glalie|Glalitite
|move|p2a: Glalie|Trailblaze|p1a: JOD
|-damage|p1a: JOD|82/100
|-boost|p2a: Glalie|spe|1
|move|p2b: Venusaur|Sleep Powder|p1b: Gheeeeew
|-status|p1b: Gheeeeew|slp|[from] move: Sleep Powder
|cant|p1b: Gheeeeew|slp
|move|p1a: JOD|Light Screen|p1a: JOD
|-sidestart|p1: Slayermen34|move: Light Screen
|
|upkeep
|turn|2
|
|t:|1783559441
|move|p2a: Glalie|Earthquake|p1b: Gheeeeew|[spread] p2b,p1a,p1b
|-damage|p2b: Venusaur|72/100
|-damage|p1a: JOD|61/100
|-damage|p1b: Gheeeeew|81/100 slp
|move|p2b: Venusaur|Sleep Powder|p1a: JOD
|-status|p1a: JOD|slp|[from] move: Sleep Powder
|-curestatus|p1b: Gheeeeew|slp|[msg]
|move|p1b: Gheeeeew|Acid Armor|p1b: Gheeeeew
|-boost|p1b: Gheeeeew|def|2
|cant|p1a: JOD|slp
|
|-heal|p1b: Gheeeeew|87/100|[from] item: Leftovers
|upkeep
|turn|3
|
|t:|1783559462
|switch|p2b: Empoleon|Empoleon, L50, F|100/100
|move|p2a: Glalie|Explosion|p1a: JOD|[spread] p2b,p1a,p1b
|-resisted|p2b: Empoleon|2
|-supereffective|p1b: Gheeeeew|1
|-damage|p2b: Empoleon|71/100
|-damage|p1a: JOD|0 fnt
|-damage|p1b: Gheeeeew|2/100
|faint|p2a: Glalie
|faint|p1a: JOD
|move|p1b: Gheeeeew|Body Press|p2b: Empoleon
|-supereffective|p2b: Empoleon|1
|-damage|p2b: Empoleon|0 fnt
|faint|p2b: Empoleon
|
|-heal|p1b: Gheeeeew|8/100|[from] item: Leftovers
|upkeep
|
|t:|1783559477
|switch|p2a: Swampert|Swampert, L50, M|100/100
|switch|p2b: Venusaur|Venusaur, L50, M|72/100
|switch|p1a: Titania|Gardevoir, L50, F, shiny|100/100
|-ability|p1a: Titania|Damp|Trace|[from] ability: Trace|[of] p2a: Swampert
|turn|4
|
|t:|1783559504
|detailschange|p1a: Titania|Gardevoir-Mega, L50, F, shiny
|-mega|p1a: Titania|Gardevoir|Gardevoirite
|move|p1a: Titania|Energy Ball|p2a: Swampert
|-supereffective|p2a: Swampert|2
|-damage|p2a: Swampert|0 fnt
|faint|p2a: Swampert
|move|p2b: Venusaur|Sleep Powder|p1a: Titania|[miss]
|-miss|p2b: Venusaur|p1a: Titania
|move|p1b: Gheeeeew|Body Press|p2b: Venusaur
|-resisted|p2b: Venusaur|1
|-damage|p2b: Venusaur|50/100g
|
|-heal|p1b: Gheeeeew|14/100|[from] item: Leftovers
|upkeep
|turn|5
|inactive|Battle timer is ON: inactive players will automatically lose when time's up. (requested by GetSlagged)
|
|t:|1783559527
|switch|p1a: Grond|Mamoswine, L50, M|100/100
|move|p2b: Venusaur|Sleep Powder|p1a: Grond
|-status|p1a: Grond|slp|[from] move: Sleep Powder
|move|p1b: Gheeeeew|Body Press|p2b: Venusaur
|-resisted|p2b: Venusaur|1
|-damage|p2b: Venusaur|29/100
|
|-heal|p1b: Gheeeeew|20/100y|[from] item: Leftovers
|upkeep
|turn|6
|
|t:|1783559541
|cant|p1a: Grond|slp
|move|p2b: Venusaur|Sleep Powder|p1b: Gheeeeew|[miss]
|-miss|p2b: Venusaur|p1b: Gheeeeew
|move|p1b: Gheeeeew|Body Press|p2b: Venusaur
|-resisted|p2b: Venusaur|1
|-damage|p2b: Venusaur|9/100
|
|-heal|p1b: Gheeeeew|26/100|[from] item: Leftovers
|upkeep
|turn|7
|-message|GetSlagged forfeited.
|
|win|Slayermen34
