|j|☆girasolia
|j|☆timmytheglueeater
|html|girasoliatimmytheglueeater    
|uhtml|bestof|Game 1 of a best-of-3
|t:|1757629596
|gametype|doubles
|player|p1|girasolia|dawn-gen4pt|1331
|player|p2|timmytheglueeater|101|1319
|gen|9
|tier|[Gen 9] VGC 2025 Reg H (Bo3)
|rated|
|rule|Species Clause: Limit one of each Pokémon
|rule|Item Clause: Limit 1 of each item
|clearpoke
|poke|p1|Delphox, L50, F|
|poke|p1|Indeedee-F, L50, F|
|poke|p1|Ursaluna, L50, M|
|poke|p1|Porygon2, L50|
|poke|p1|Torkoal, L50, F|
|poke|p1|Dragonite, L50, F|
|poke|p2|Dondozo, L50, M|
|poke|p2|Tatsugiri, L50, M|
|poke|p2|Ninetales-Alola, L50, F|
|poke|p2|Pawmot, L50, M|
|poke|p2|Gholdengo, L50|
|poke|p2|Corviknight, L50, F|
|teampreview|4
|showteam|p1|Delphox||FocusSash|Blaze|ExpandingForce,HeatWave,DazzlingGleam,Protect|||F|||50|,,,,,Stellar]Indeedee-F||PsychicSeed|PsychicSurge|Psychic,FollowMe,TrickRoom,HelpingHand|||F|||50|,,,,,Fairy]Ursaluna||FlameOrb|Guts|Facade,HeadlongRush,Earthquake,Protect|||M|||50|,,,,,Ghost]Porygon2||Eviolite|Download|TeraBlast,IceBeam,TrickRoom,Recover||||||50|,,,,,Fighting]Torkoal||Charcoal|Drought|Eruption,Flamethrower,HelpingHand,Protect|||F|||50|,,,,,Fire]Dragonite||LoadedDice|Multiscale|ScaleShot,Haze,Tailwind,Protect|||F|||50|,,,,,Steel
|showteam|p2|Dondozo||Leftovers|Unaware|WaveCrash,OrderUp,Earthquake,Protect|||M|||50|,,,,,Steel]Tatsugiri||ChoiceScarf|Commander|MuddyWater,DracoMeteor,DragonPulse,IcyWind|||M|||50|,,,,,Ghost]Ninetales-Alola||LightClay|SnowWarning|Blizzard,FreezeDry,AuroraVeil,Protect|||F|||50|,,,,,Ghost]Pawmot||FocusSash|NaturalCure|DoubleShock,CloseCombat,FakeOut,Coaching|||M|||50|,,,,,Electric]Gholdengo||ChoiceSpecs|GoodasGold|MakeItRain,ShadowBall,PowerGem,Trick||||||50|,,,,,Steel]Corviknight||SitrusBerry|MirrorArmor|BraveBird,BulkUp,Tailwind,Roost|||F|||50|,,,,,Dragon
|inactive|Battle timer is ON: inactive players will automatically lose when time's up. (requested by girasolia)
|inactive|timmytheglueeater also wants the timer to be on.
|inactive|girasolia has 60 seconds left.
|inactive|timmytheglueeater has 60 seconds left.
|
|t:|1757629652
|teamsize|p1|4
|teamsize|p2|4
|start
|switch|p1a: Delphox|Delphox, L50, F|100/100
|switch|p1b: Indeedee|Indeedee-F, L50, F|100/100
|switch|p2a: Corviknight|Corviknight, L50, F|100/100
|switch|p2b: Pawmot|Pawmot, L50, M|100/100
|-fieldstart|move: Psychic Terrain|[from] ability: Psychic Surge|[of] p1b: Indeedee
|-enditem|p1b: Indeedee|Psychic Seed
|-boost|p1b: Indeedee|spd|1|[from] item: Psychic Seed
|turn|1
|inactive|girasolia has 30 seconds left.
|inactive|timmytheglueeater has 30 seconds left.
|inactive|timmytheglueeater has 20 seconds left.
|inactive|timmytheglueeater has 15 seconds left.
|
|t:|1757629696
|-terastallize|p2b: Pawmot|Electric
|move|p2b: Pawmot|Double Shock|p1a: Delphox
|-enditem|p1a: Delphox|Focus Sash
|-damage|p1a: Delphox|1/100
|-start|p2b: Pawmot|typechange|Electric|[from] move: Double Shock
|move|p1a: Delphox|Expanding Force|p2a: Corviknight|[spread] p2a,p2b
|-resisted|p2a: Corviknight
|-crit|p2a: Corviknight
|-damage|p2a: Corviknight|59/100
|-enditem|p2b: Pawmot|Focus Sash
|-damage|p2b: Pawmot|1/100
|move|p1b: Indeedee|Psychic|p2b: Pawmot
|-damage|p2b: Pawmot|0 fnt
|faint|p2b: Pawmot
|move|p2a: Corviknight|Tailwind|p2a: Corviknight
|-sidestart|p2: timmytheglueeater|move: Tailwind
|
|upkeep
|
|t:|1757629713
|switch|p2b: Tatsugiri|Tatsugiri, L50, M|100/100
|turn|2
|
|t:|1757629735
|move|p1a: Delphox|Protect|p1a: Delphox
|-singleturn|p1a: Delphox|Protect
|move|p2b: Tatsugiri|Muddy Water|p1a: Delphox|[spread] p1b
|-activate|p1a: Delphox|move: Protect
|-damage|p1b: Indeedee|75/100
|move|p2a: Corviknight|Brave Bird|p1b: Indeedee
|-damage|p1b: Indeedee|24/100
|-damage|p2a: Corviknight|44/100|[from] Recoil
|-enditem|p2a: Corviknight|Sitrus Berry|[eat]
|-heal|p2a: Corviknight|69/100|[from] item: Sitrus Berry
|move|p1b: Indeedee|Trick Room|p1b: Indeedee
|-fieldstart|move: Trick Room|[of] p1b: Indeedee
|
|upkeep
|turn|3
|
|t:|1757629757
|switch|p2a: Dondozo|Dondozo, L50, M|100/100
|-activate|p2b: Tatsugiri|ability: Commander|[of] p2a: Dondozo
|-boost|p2a: Dondozo|atk|2
|-boost|p2a: Dondozo|spa|2
|-boost|p2a: Dondozo|spe|2
|-boost|p2a: Dondozo|def|2
|-boost|p2a: Dondozo|spd|2
|move|p1b: Indeedee|Follow Me|p1b: Indeedee
|-singleturn|p1b: Indeedee|move: Follow Me
|move|p1a: Delphox|Expanding Force|p2a: Dondozo|[spread] p2a
|-miss|p1a: Delphox|p2b: Tatsugiri
|-damage|p2a: Dondozo|74/100
|
|-heal|p2a: Dondozo|80/100|[from] item: Leftovers
|upkeep
|turn|4
|inactive|girasolia has 30 seconds left.
|
|t:|1757629784
|move|p1b: Indeedee|Helping Hand|p1a: Delphox
|-singleturn|p1a: Delphox|Helping Hand|[of] p1b: Indeedee
|move|p1a: Delphox|Expanding Force|p2a: Dondozo|[spread] p2a
|-miss|p1a: Delphox|p2b: Tatsugiri
|-damage|p2a: Dondozo|35/100
|move|p2a: Dondozo|Earthquake|p1b: Indeedee|[spread] p1a,p1b
|-miss|p2a: Dondozo|p2b: Tatsugiri
|-supereffective|p1a: Delphox
|-damage|p1a: Delphox|0 fnt
|-damage|p1b: Indeedee|0 fnt
|faint|p1a: Delphox
|faint|p1b: Indeedee
|
|-heal|p2a: Dondozo|42/100|[from] item: Leftovers
|-sideend|p2: timmytheglueeater|move: Tailwind
|upkeep
|
|t:|1757629792
|switch|p1b: Dragonite|Dragonite, L50, F|100/100
|switch|p1a: Torkoal|Torkoal, L50, F|100/100
|-weather|SunnyDay|[from] ability: Drought|[of] p1a: Torkoal
|turn|5
|inactive|girasolia has 30 seconds left.
|inactive|girasolia has 20 seconds left.
|
|t:|1757629831
|move|p1a: Torkoal|Eruption|p2a: Dondozo|[spread] p2a
|-miss|p1a: Torkoal|p2b: Tatsugiri
|-resisted|p2a: Dondozo
|-damage|p2a: Dondozo|22/100
|move|p1b: Dragonite|Haze|p1b: Dragonite
|-clearallboost
|move|p2a: Dondozo|Earthquake|p1b: Dragonite|[spread] p1a
|-miss|p2a: Dondozo|p2b: Tatsugiri
|-immune|p1b: Dragonite
|-supereffective|p1a: Torkoal
|-crit|p1a: Torkoal
|-damage|p1a: Torkoal|50/100
|
|-weather|SunnyDay|[upkeep]
|-heal|p2a: Dondozo|28/100|[from] item: Leftovers
|-fieldend|move: Psychic Terrain
|upkeep
|turn|6
|inactive|girasolia has 30 seconds left.
|
|t:|1757629862
|-terastallize|p1a: Torkoal|Fire
|move|p1a: Torkoal|Flamethrower|p2a: Dondozo
|-resisted|p2a: Dondozo
|-damage|p2a: Dondozo|0 fnt
|faint|p2a: Dondozo
|move|p1b: Dragonite|Tailwind|p1b: Dragonite
|-sidestart|p1: girasolia|move: Tailwind
|
|-weather|SunnyDay|[upkeep]
|-fieldend|move: Trick Room
|upkeep
|
|t:|1757629872
|switch|p2a: Corviknight|Corviknight, L50, F|69/100
|turn|7
|
|t:|1757629885
|move|p1b: Dragonite|Scale Shot|p2b: Tatsugiri|[miss]
|-miss|p1b: Dragonite|p2b: Tatsugiri
|move|p2b: Tatsugiri|Muddy Water|p1b: Dragonite|[spread] p1a,p1b
|-supereffective|p1a: Torkoal
|-resisted|p1b: Dragonite
|-damage|p1a: Torkoal|0 fnt
|-damage|p1b: Dragonite|96/100
|-unboost|p1b: Dragonite|accuracy|1
|faint|p1a: Torkoal
|move|p2a: Corviknight|Brave Bird|p1b: Dragonite
|-crit|p1b: Dragonite
|-damage|p1b: Dragonite|4/100
|-damage|p2a: Corviknight|43/100|[from] Recoil
|
|-weather|SunnyDay|[upkeep]
|upkeep
|turn|8
|-message|girasolia forfeited.
|
|win|timmytheglueeater
||timmytheglueeater is ready for game 2.
|inactive|girasolia has 30 seconds to confirm battle start!
||girasolia is ready for game 2.
|uhtml|next|Next: Game 2 of 3
