|j|☆TeachMeHow2Hoopa
|j|☆thegreatestnone
|html|TeachMeHow2Hoopathegreatestnone    
|uhtml|bestof|Game 1 of a best-of-3
|t:|1784685964
|gametype|doubles
|player|p1|TeachMeHow2Hoopa|silver|1212
|player|p2|thegreatestnone|2|1324
|gen|9
|tier|[Gen 9 Champions] VGC 2026 Reg M-B (Bo3)
|rated|
|rule|Species Clause: Limit one of each Pokémon
|rule|Item Clause: Limit 1 of each item
|clearpoke
|poke|p1|Pidgeot, L50, F|
|poke|p1|Excadrill, L50, M|
|poke|p1|Tyranitar, L50, F|
|poke|p1|Tsareena, L50, F|
|poke|p1|Gholdengo, L50|
|poke|p1|Rotom-Wash, L50|
|poke|p2|Grimmsnarl, L50, M|
|poke|p2|Toxapex, L50, M|
|poke|p2|Gholdengo, L50|
|poke|p2|Tyranitar, L50, M|
|poke|p2|Excadrill, L50, F|
|poke|p2|Scovillain, L50, F|
|teampreview|4
|showteam|p1|Pidgeot||Pidgeotite|BigPecks|Hurricane,HeatWave,Tailwind,Protect|Timid||F|||50|]Excadrill||FocusSash|SandRush|Earthquake,IronHead,RockSlide,Protect|Adamant||M|||50|]Tyranitar||Tyranitarite|SandStream|RockSlide,KnockOff,Protect,LowKick|Adamant||F|||50|]Tsareena||ChoiceScarf|QueenlyMajesty|PowerWhip,TripleAxel,Uturn,LowKick|Jolly||F|||50|]Gholdengo||Leftovers|GoodasGold|ShadowBall,MakeItRain,NastyPlot,Protect|Modest|||||50|]Rotom-Wash||SitrusBerry|Levitate|HydroPump,Thunderbolt,WillOWisp,Protect|Bold|||||50|
|showteam|p2|Grimmsnarl||LightClay|Prankster|Taunt,Reflect,PartingShot,LightScreen|Sassy||M|||50|]Toxapex||Leftovers|Regenerator|BanefulBunker,Infestation,Toxic,Recover|Relaxed||M|||50|]Gholdengo||LifeOrb|GoodasGold|NastyPlot,Protect,ShadowBall,MakeItRain|Modest|||||50|]Tyranitar||ChoiceScarf|SandStream|RockSlide,IcePunch,HighHorsepower,KnockOff|Jolly||M|||50|]Excadrill||FocusSash|SandRush|RockSlide,Earthquake,Protect,IronHead|Adamant||F|||50|]Scovillain||Scovillainite|Chlorophyll|LeechSeed,RagePowder,Protect,Flamethrower|Calm||F|||50|
|
|t:|1784686015
|teamsize|p1|4
|teamsize|p2|4
|start
|switch|p1a: Pidgeot|Pidgeot, L50, F|100/100
|switch|p1b: Tsareena|Tsareena, L50, F|100/100
|switch|p2a: Grimmsnarl|Grimmsnarl, L50, M|100/100
|switch|p2b: Gholdengo|Gholdengo, L50|100/100
|turn|1
|
|t:|1784686030
|switch|p2b: Toxapex|Toxapex, L50, M|100/100
|detailschange|p1a: Pidgeot|Pidgeot-Mega, L50, F
|-mega|p1a: Pidgeot|Pidgeot|Pidgeotite
|move|p2a: Grimmsnarl|Light Screen|p2a: Grimmsnarl
|-sidestart|p2: thegreatestnone|move: Light Screen
|move|p1b: Tsareena|U-turn|p2a: Grimmsnarl
|-damage|p2a: Grimmsnarl|75/100
|
|t:|1784686041
|switch|p1b: Excadrill|Excadrill, L50, M|100/100|[from] U-turn
|move|p1a: Pidgeot|Heat Wave|p2a: Grimmsnarl|[spread] p2a,p2b
|-resisted|p2b: Toxapex|1
|-damage|p2a: Grimmsnarl|61/100
|-damage|p2b: Toxapex|94/100
|
|-heal|p2b: Toxapex|100/100|[from] item: Leftovers
|upkeep
|turn|2
|
|t:|1784686054
|move|p2a: Grimmsnarl|Reflect|p2a: Grimmsnarl
|-sidestart|p2: thegreatestnone|Reflect
|move|p1a: Pidgeot|Hurricane|p2a: Grimmsnarl
|-damage|p2a: Grimmsnarl|22/100
|move|p1b: Excadrill|Earthquake|p2a: Grimmsnarl|[spread] p2a,p2b
|-immune|p1a: Pidgeot
|-supereffective|p2b: Toxapex|1
|-damage|p2a: Grimmsnarl|0 fnt
|-damage|p2b: Toxapex|59/100
|faint|p2a: Grimmsnarl
|move|p2b: Toxapex|Infestation|p1b: Excadrill
|-resisted|p1b: Excadrill|1
|-damage|p1b: Excadrill|98/100
|-activate|p1b: Excadrill|move: Infestation|[of] p2b: Toxapex
|
|-heal|p2b: Toxapex|64/100|[from] item: Leftovers
|-damage|p1b: Excadrill|86/100|[from] move: Infestation|[partiallytrapped]
|upkeep
|
|t:|1784686069
|switch|p2a: Scovillain|Scovillain, L50, F|100/100
|turn|3
|
|t:|1784686091
|detailschange|p2a: Scovillain|Scovillain-Mega, L50, F
|-mega|p2a: Scovillain|Scovillain|Scovillainite
|move|p1a: Pidgeot|Hurricane|p2b: Toxapex
|-damage|p2b: Toxapex|31/100
|-start|p2b: Toxapex|confusion
|move|p1b: Excadrill|Earthquake|p2a: Scovillain|[spread] p2a,p2b
|-immune|p1a: Pidgeot
|-supereffective|p2b: Toxapex|1
|-damage|p2a: Scovillain|71/100
|-damage|p2b: Toxapex|0 fnt
|-status|p1b: Excadrill|brn|[from] ability: Spicy Spray|[of] p2a: Scovillain
|faint|p2b: Toxapex
|move|p2a: Scovillain|Leech Seed|p1b: Excadrill
|-start|p1b: Excadrill|move: Leech Seed
|
|-damage|p1b: Excadrill|73/100 brn|[from] Leech Seed|[of] p2a: Scovillain
|-heal|p2a: Scovillain|84/100|[silent]
|-damage|p1b: Excadrill|67/100 brn|[from] brn
|-end|p1b: Excadrill|Infestation|[partiallytrapped]|[silent]
|upkeep
|
|t:|1784686106
|switch|p2b: Gholdengo|Gholdengo, L50|100/100
|turn|4
|
|t:|1784686112
|move|p2b: Gholdengo|Protect|p2b: Gholdengo
|-singleturn|p2b: Gholdengo|Protect
|move|p1a: Pidgeot|Hurricane|p2a: Scovillain
|-supereffective|p2a: Scovillain|1
|-damage|p2a: Scovillain|3/100
|-status|p1a: Pidgeot|brn|[from] ability: Spicy Spray|[of] p2a: Scovillain
|move|p1b: Excadrill|Earthquake|p2b: Gholdengo|[spread] p2a
|-activate|p2b: Gholdengo|move: Protect
|-immune|p1a: Pidgeot
|-damage|p2a: Scovillain|0 fnt
|faint|p2a: Scovillain
|
|-damage|p1a: Pidgeot|94/100 brn|[from] brn
|-damage|p1b: Excadrill|62/100 brn|[from] brn
|upkeep
|turn|5
|
|t:|1784686128
|move|p1a: Pidgeot|Heat Wave|p2b: Gholdengo
|-supereffective|p2b: Gholdengo|1
|-damage|p2b: Gholdengo|51/100
|move|p1b: Excadrill|Earthquake|p2b: Gholdengo|[spread] p2b
|-immune|p1a: Pidgeot
|-supereffective|p2b: Gholdengo|1
|-damage|p2b: Gholdengo|26/100
|move|p2b: Gholdengo|Nasty Plot|p2b: Gholdengo
|-boost|p2b: Gholdengo|spa|2
|
|-damage|p1a: Pidgeot|88/100 brn|[from] brn
|-damage|p1b: Excadrill|56/100 brn|[from] brn
|upkeep
|turn|6
|
|t:|1784686137
|move|p1a: Pidgeot|Heat Wave|p2b: Gholdengo
|-supereffective|p2b: Gholdengo|1
|-damage|p2b: Gholdengo|0 fnt
|faint|p2b: Gholdengo
|
|win|TeachMeHow2Hoopa
||thegreatestnone is ready for game 2.
||TeachMeHow2Hoopa is ready for game 2.
|uhtml|next|Next: Game 2 of 3
