|j|☆Rantix D Red
|j|☆leafeon03
|html|Rantix D Redleafeon03    
|uhtml|bestof|Game 3 of a best-of-3
|t:|1785416558
|gametype|doubles
|player|p1|Rantix D Red|ghetsis-gen5bw|1279
|player|p2|leafeon03|erika|1429
|gen|9
|tier|[Gen 9 Champions] VGC 2026 Reg M-B (Bo3)
|rated|
|rule|Species Clause: Limit one of each Pokémon
|rule|Item Clause: Limit 1 of each item
|clearpoke
|poke|p1|Delphox, L50, M|
|poke|p1|Blastoise, L50, F|
|poke|p1|Incineroar, L50, F|
|poke|p1|Sinistcha, L50|
|poke|p1|Sneasler, L50, F|
|poke|p1|Maushold, L50|
|poke|p2|Garchomp, L50, F, shiny|
|poke|p2|Charizard, L50, F, shiny|
|poke|p2|Whimsicott, L50, F|
|poke|p2|Floette-Eternal, L50, F|
|poke|p2|Basculegion, L50, M|
|poke|p2|Kingambit, L50, F, shiny|
|teampreview|4
|showteam|p1|Delphox||Delphoxite|Blaze|HeatWave,NastyPlot,Psyshock,Protect|Timid||M|||50|]Blastoise||Blastoisinite|RainDish|WaterSpout,DarkPulse,ShellSmash,Protect|Timid||F|||50|]Incineroar||SitrusBerry|Intimidate|FakeOut,PartingShot,Roar,FlareBlitz|Careful||F|||50|]Sinistcha||CobaBerry|Hospitality|RagePowder,MatchaGotcha,Protect,LifeDew|Bold|||||50|]Sneasler||FocusSash|PoisonTouch|QuickGuard,FakeOut,CloseCombat,DireClaw|Jolly||F|||50|]Maushold||ChopleBerry|FriendGuard|SuperFang,FollowMe,HelpingHand,Protect|Impish|||||50|
|showteam|p2|Garchomp||LifeOrb|RoughSkin|Earthquake,RockSlide,DragonClaw,Protect|Jolly||F|||50|]Charizard||CharizarditeY|Blaze|HeatWave,WeatherBall,SolarBeam,Protect|Modest||F|||50|]Whimsicott||FocusSash|Prankster|Moonblast,Tailwind,Encore,Protect|Timid||F|||50|]Floette-Eternal||Floettite|FlowerVeil|Moonblast,DazzlingGleam,LightofRuin,Protect|Modest||F|||50|]Basculegion||MysticWater|Adaptability|WaveCrash,LastRespects,AquaJet,Protect|Adamant||M|||50|]Kingambit||ChopleBerry|Defiant|KowtowCleave,SuckerPunch,IronHead,LowKick|Adamant||F|||50|
|inactive|Battle timer is ON: inactive players will automatically lose when time's up. (requested by Rantix D Red)
|inactive|Rantix D Red has 60 seconds left.
|inactive|leafeon03 has 60 seconds left.
|
|t:|1785416610
|teamsize|p1|4
|teamsize|p2|4
|start
|switch|p1a: Delphox|Delphox, L50, M|100/100
|switch|p1b: Sinistcha|Sinistcha, L50|100/100
|switch|p2a: Charizard|Charizard, L50, F, shiny|100/100
|switch|p2b: Garchomp|Garchomp, L50, F, shiny|100/100
|turn|1
|inactive|Rantix D Red has 30 seconds left.
|inactive|Rantix D Red has 20 seconds left.
|inactive|Rantix D Red has 15 seconds left.
|
|t:|1785416654
|switch|p1b: Incineroar|Incineroar, L50, F|100/100
|-ability|p1b: Incineroar|Intimidate|boost
|-unboost|p2a: Charizard|atk|1
|-unboost|p2b: Garchomp|atk|1
|detailschange|p2a: Charizard|Charizard-Mega-Y, L50, F, shiny
|-mega|p2a: Charizard|Charizard|Charizardite Y
|-weather|SunnyDay|[from] ability: Drought|[of] p2a: Charizard
|move|p1a: Delphox|Protect|p1a: Delphox
|-singleturn|p1a: Delphox|Protect
|move|p2b: Garchomp|Rock Slide|p1a: Delphox|[spread] p1b
|-activate|p1a: Delphox|move: Protect
|-supereffective|p1b: Incineroar|1
|-damage|p1b: Incineroar|65/100
|-damage|p2b: Garchomp|90/100|[from] item: Life Orb
|move|p2a: Charizard|Heat Wave|p1a: Delphox|[spread] 
|-activate|p1a: Delphox|move: Protect
|-miss|p2a: Charizard|p1b: Incineroar
|
|-weather|SunnyDay|[upkeep]
|upkeep
|turn|2
|inactive|leafeon03 has 30 seconds left.
|inactive|leafeon03 has 20 seconds left.
|inactive|leafeon03 has 15 seconds left.
|
|t:|1785416698
|switch|p2a: Whimsicott|Whimsicott, L50, F|100/100
|detailschange|p1a: Delphox|Delphox-Mega, L50, M
|-mega|p1a: Delphox|Delphox|Delphoxite
|move|p1b: Incineroar|Fake Out|p2b: Garchomp
|-damage|p2b: Garchomp|80/100
|-damage|p1b: Incineroar|52/100|[from] ability: Rough Skin|[of] p2b: Garchomp
|move|p1a: Delphox|Nasty Plot|p1a: Delphox
|-boost|p1a: Delphox|spa|2
|cant|p2b: Garchomp|flinch
|
|-weather|SunnyDay|[upkeep]
|upkeep
|turn|3
|inactive|leafeon03 has 30 seconds left.
|inactive|leafeon03 has 20 seconds left.
|inactive|leafeon03 has 15 seconds left.
|inactive|leafeon03 has 10 seconds left.
|
|t:|1785416744
|move|p1a: Delphox|Protect|p1a: Delphox
|-singleturn|p1a: Delphox|Protect
|move|p2a: Whimsicott|Moonblast|p1b: Incineroar
|-damage|p1b: Incineroar|24/100
|-enditem|p1b: Incineroar|Sitrus Berry|[eat]
|-heal|p1b: Incineroar|49/100|[from] item: Sitrus Berry
|move|p2b: Garchomp|Dragon Claw|p1b: Incineroar
|-damage|p1b: Incineroar|14/100
|-damage|p2b: Garchomp|70/100|[from] item: Life Orb
|move|p1b: Incineroar|Parting Shot|p2a: Whimsicott
|-unboost|p2a: Whimsicott|atk|1
|-unboost|p2a: Whimsicott|spa|1
|
|t:|1785416757
|switch|p1b: Maushold|Maushold, L50|100/100|[from] Parting Shot
|
|-weather|SunnyDay|[upkeep]
|upkeep
|turn|4
|
|t:|1785416775
|move|p1b: Maushold|Follow Me|p1b: Maushold
|-singleturn|p1b: Maushold|move: Follow Me
|move|p2a: Whimsicott|Tailwind|p2a: Whimsicott
|-sidestart|p2: leafeon03|move: Tailwind
|move|p2b: Garchomp|Rock Slide|p1b: Maushold|[spread] p1a,p1b
|-supereffective|p1a: Delphox|1
|-damage|p1a: Delphox|67/100
|-damage|p1b: Maushold|81/100
|-damage|p2b: Garchomp|61/100|[from] item: Life Orb
|cant|p1a: Delphox|flinch
|
|-weather|SunnyDay|[upkeep]
|upkeep
|turn|5
|inactive|Rantix D Red has 30 seconds left.
|
|t:|1785416802
|move|p1b: Maushold|Helping Hand|p1a: Delphox
|-singleturn|p1a: Delphox|Helping Hand|[of] p1b: Maushold
|move|p2a: Whimsicott|Moonblast|p1b: Maushold
|-damage|p1b: Maushold|55/100
|move|p2b: Garchomp|Rock Slide|p1b: Maushold|[spread] p1a,p1b
|-supereffective|p1a: Delphox|1
|-crit|p1a: Delphox
|-damage|p1a: Delphox|0 fnt
|-damage|p1b: Maushold|38/100
|faint|p1a: Delphox
|-damage|p2b: Garchomp|51/100|[from] item: Life Orb
|
|-weather|none
|upkeep
|inactive|Rantix D Red has 30 seconds left.
|inactive|Rantix D Red has 20 seconds left.
|inactive|Rantix D Red has 15 seconds left.
|inactive|Rantix D Red has 10 seconds left.
|-message|Rantix D Red forfeited.
|
|win|leafeon03
|raw|Rantix D Red's rating: 1279 → 1264(-15 for losing)
|raw|leafeon03's rating: 1429 → 1441(+12 for winning)
