|j|☆moicito
|j|☆dycheball
|html|moicitodycheball    
|uhtml|bestof|Game 2 of a best-of-3
|t:|1756256539
|gametype|doubles
|player|p1|moicito|266|1200
|player|p2|dycheball|cyrus|1328
|gen|9
|tier|[Gen 9] VGC 2025 Reg H (Bo3)
|rated|
|rule|Species Clause: Limit one of each Pokémon
|rule|Item Clause: Limit 1 of each item
|clearpoke
|poke|p1|Kingambit, L50, F|
|poke|p1|Rillaboom, L50, F|
|poke|p1|Electabuzz, L50, M|
|poke|p1|Volcarona, L50, M|
|poke|p1|Sneasler, L50, F|
|poke|p1|Dragonite, L50, M|
|poke|p2|Archaludon, L50, M|
|poke|p2|Pelipper, L50, F|
|poke|p2|Gholdengo, L50|
|poke|p2|Basculegion, L50, M|
|poke|p2|Amoonguss, L50, M|
|poke|p2|Incineroar, L50, M|
|teampreview|4
|showteam|p1|Kingambit||BlackGlasses|Defiant|Protect,KowtowCleave,SuckerPunch,SwordsDance|||F|||50|,,,,,Dark]Rillaboom||AssaultVest|GrassySurge|WoodHammer,GrassyGlide,HighHorsepower,FakeOut|||F|||50|,,,,,Fire]Electabuzz||Eviolite|VitalSpirit|Protect,Thunderbolt,HelpingHand,FollowMe|||M|||50|,,,,,Ghost]Volcarona||CovertCloak|FlameBody|Protect,HeatWave,TeraBlast,QuiverDance|||M|||50|,,,,,Fairy]Sneasler||FocusSash|Unburden|CloseCombat,DireClaw,Coaching,FakeOut|||F|||50|,,,,,Stellar]Dragonite||LoadedDice|Multiscale|ScaleShot,Haze,ExtremeSpeed,Protect|||M|||50|,,,,,Fairy
|showteam|p2|Archaludon||AssaultVest|Stamina|DracoMeteor,FlashCannon,ElectroShot,BodyPress|||M|||50|,,,,,Bug]Pelipper||FocusSash|Drizzle|Protect,WeatherBall,Hurricane,Tailwind|||F|||50|,,,,,Ground]Gholdengo||LifeOrb|GoodasGold|Protect,MakeItRain,ShadowBall,NastyPlot||||||50|,,,,,Water]Basculegion||ChoiceBand|SwiftSwim|FlipTurn,WaveCrash,AquaJet,LastRespects|||M|||50|,,,,,Grass]Amoonguss||SitrusBerry|Regenerator|Spore,RagePowder,PollenPuff,Protect|||M|||50|,,,,,Water]Incineroar||SafetyGoggles|Intimidate|FlareBlitz,KnockOff,PartingShot,FakeOut|||M|||50|,,,,,Ghost
|inactive|Battle timer is ON: inactive players will automatically lose when time's up. (requested by dycheball)
|inactive|moicito has 60 seconds left.
|
|t:|1756256589
|teamsize|p1|4
|teamsize|p2|4
|start
|switch|p1a: Rilli|Rillaboom, L50, F, shiny|100/100
|switch|p1b: Kingii|Kingambit, L50, F, shiny|100/100
|switch|p2a: Pelipper|Pelipper, L50, F, shiny|100/100
|switch|p2b: Archaludon|Archaludon, L50, M, shiny|100/100
|-weather|RainDance|[from] ability: Drizzle|[of] p2a: Pelipper
|-fieldstart|move: Grassy Terrain|[from] ability: Grassy Surge|[of] p1a: Rilli
|turn|1
|inactive|moicito has 30 seconds left.
|
|t:|1756256617
|switch|p2a: Amoonguss|Amoonguss, L50, M, shiny|100/100
|move|p1a: Rilli|Fake Out|p2a: Amoonguss
|-damage|p2a: Amoonguss|89/100
|move|p2b: Archaludon|Electro Shot||[still]
|-prepare|p2b: Archaludon|Electro Shot
|-boost|p2b: Archaludon|spa|1
|-anim|p2b: Archaludon|Electro Shot|p1b: Kingii
|-damage|p1b: Kingii|36/100
|move|p1b: Kingii|Kowtow Cleave|p2a: Amoonguss
|-damage|p2a: Amoonguss|41/100
|-enditem|p2a: Amoonguss|Sitrus Berry|[eat]
|-heal|p2a: Amoonguss|66/100|[from] item: Sitrus Berry
|
|-weather|RainDance|[upkeep]
|-heal|p1b: Kingii|42/100|[from] Grassy Terrain
|-heal|p2a: Amoonguss|72/100|[from] Grassy Terrain
|upkeep
|turn|2
|
|t:|1756256640
|switch|p1b: Elii|Electabuzz, L50, M, shiny|100/100
|move|p2b: Archaludon|Electro Shot||[still]
|-prepare|p2b: Archaludon|Electro Shot
|-boost|p2b: Archaludon|spa|1
|-anim|p2b: Archaludon|Electro Shot|p1b: Elii
|-resisted|p1b: Elii
|-damage|p1b: Elii|69/100
|move|p1a: Rilli|High Horsepower|p2a: Amoonguss
|-damage|p2a: Amoonguss|45/100
|move|p2a: Amoonguss|Pollen Puff|p2b: Archaludon
|
|-weather|RainDance|[upkeep]
|-heal|p1b: Elii|74/100|[from] Grassy Terrain
|-heal|p2a: Amoonguss|50/100|[from] Grassy Terrain
|upkeep
|turn|3
|inactive|moicito has 30 seconds left.
|inactive|dycheball has 30 seconds left.
|inactive|moicito has 20 seconds left.
|
|t:|1756256677
|move|p1b: Elii|Helping Hand|p1a: Rilli
|-singleturn|p1a: Rilli|Helping Hand|[of] p1b: Elii
|move|p2a: Amoonguss|Protect|p2a: Amoonguss
|-singleturn|p2a: Amoonguss|Protect
|move|p2b: Archaludon|Flash Cannon|p1a: Rilli
|-damage|p1a: Rilli|48/100
|move|p1a: Rilli|High Horsepower|p2a: Amoonguss
|-activate|p2a: Amoonguss|move: Protect
|
|-weather|RainDance|[upkeep]
|-heal|p1b: Elii|80/100|[from] Grassy Terrain
|-heal|p1a: Rilli|54/100|[from] Grassy Terrain
|-heal|p2a: Amoonguss|56/100|[from] Grassy Terrain
|upkeep
|turn|4
|inactive|moicito has 30 seconds left.
|inactive|dycheball has 30 seconds left.
|
|t:|1756256708
|move|p1b: Elii|Helping Hand|p1a: Rilli
|-singleturn|p1a: Rilli|Helping Hand|[of] p1b: Elii
|move|p2b: Archaludon|Electro Shot||[still]
|-prepare|p2b: Archaludon|Electro Shot
|-boost|p2b: Archaludon|spa|1
|-anim|p2b: Archaludon|Electro Shot|p1a: Rilli
|-resisted|p1a: Rilli
|-damage|p1a: Rilli|16/100
|move|p1a: Rilli|High Horsepower|p2b: Archaludon
|-supereffective|p2b: Archaludon
|-damage|p2b: Archaludon|27/100
|-ability|p2b: Archaludon|Stamina|boost
|-boost|p2b: Archaludon|def|1
|move|p2a: Amoonguss|Pollen Puff|p1a: Rilli
|-supereffective|p1a: Rilli
|-damage|p1a: Rilli|0 fnt
|faint|p1a: Rilli
|
|-weather|RainDance|[upkeep]
|-heal|p1b: Elii|86/100|[from] Grassy Terrain
|-heal|p2b: Archaludon|33/100|[from] Grassy Terrain
|-heal|p2a: Amoonguss|62/100|[from] Grassy Terrain
|upkeep
|
|t:|1756256727
|switch|p1a: Kingii|Kingambit, L50, F, shiny|42/100
|turn|5
|
|t:|1756256748
|move|p1b: Elii|Follow Me|p1b: Elii
|-singleturn|p1b: Elii|move: Follow Me
|move|p2b: Archaludon|Draco Meteor|p1b: Elii
|-damage|p1b: Elii|0 fnt
|-unboost|p2b: Archaludon|spa|2
|faint|p1b: Elii
|move|p1a: Kingii|Swords Dance|p1a: Kingii
|-boost|p1a: Kingii|atk|2
|move|p2a: Amoonguss|Spore|p1a: Kingii
|-status|p1a: Kingii|slp|[from] move: Spore
|
|-weather|none
|-heal|p2b: Archaludon|39/100|[from] Grassy Terrain
|-heal|p1a: Kingii|48/100 slp|[from] Grassy Terrain
|-heal|p2a: Amoonguss|68/100|[from] Grassy Terrain
|-fieldend|move: Grassy Terrain
|upkeep
|
|t:|1756256761
|switch|p1b: Volkii|Volcarona, L50, M, shiny|100/100
|turn|6
|
|t:|1756256776
|switch|p2a: Pelipper|Pelipper, L50, F, shiny|100/100
|-weather|RainDance|[from] ability: Drizzle|[of] p2a: Pelipper
|cant|p1a: Kingii|slp
|move|p1b: Volkii|Heat Wave|p2a: Pelipper|[spread] p2b
|-miss|p1b: Volkii|p2a: Pelipper
|-damage|p2b: Archaludon|26/100
|-ability|p2b: Archaludon|Stamina|boost
|-boost|p2b: Archaludon|def|1
|move|p2b: Archaludon|Electro Shot||[still]
|-prepare|p2b: Archaludon|Electro Shot
|-boost|p2b: Archaludon|spa|1
|-anim|p2b: Archaludon|Electro Shot|p1a: Kingii
|-damage|p1a: Kingii|0 fnt
|faint|p1a: Kingii
|
|-weather|RainDance|[upkeep]
|upkeep
|turn|7
|
|t:|1756256793
|move|p1b: Volkii|Heat Wave|p2a: Pelipper|[spread] p2b
|-miss|p1b: Volkii|p2a: Pelipper
|-damage|p2b: Archaludon|14/100
|-ability|p2b: Archaludon|Stamina|boost
|-boost|p2b: Archaludon|def|1
|move|p2b: Archaludon|Flash Cannon|p1b: Volkii
|-resisted|p1b: Volkii
|-damage|p1b: Volkii|69/100
|move|p2a: Pelipper|Weather Ball|p1b: Volkii
|-supereffective|p1b: Volkii
|-damage|p1b: Volkii|0 fnt
|faint|p1b: Volkii
|
|win|dycheball
|raw|moicito's rating: 1200 → 1184(-16 for losing)
|raw|dycheball's rating: 1328 → 1341(+13 for winning)
|l|☆dycheball
|player|p2|
|c|☆moicito|gg
