|j|☆Beeetch
|j|☆epic17x
|html|Beeetchepic17x    
|uhtml|bestof|Game 1 of a best-of-3
|t:|1756927409
|gametype|doubles
|player|p1|Beeetch|beauty-gen4dp|1306
|player|p2|epic17x|steven|1395
|gen|9
|tier|[Gen 9] VGC 2025 Reg H (Bo3)
|rated|
|rule|Species Clause: Limit one of each Pokémon
|rule|Item Clause: Limit 1 of each item
|clearpoke
|poke|p1|Excadrill, L50, M|
|poke|p1|Tyranitar, L50, M|
|poke|p1|Sneasler, L50, M|
|poke|p1|Indeedee, L50, M|
|poke|p1|Corviknight, L50, M|
|poke|p1|Annihilape, L50, F|
|poke|p2|Ninetales-Alola, L50, M|
|poke|p2|Rillaboom, L50, M|
|poke|p2|Magmar, L50, F|
|poke|p2|Sneasler, L50, M|
|poke|p2|Kingambit, L50, F|
|poke|p2|Basculegion, L50, M|
|teampreview|4
|showteam|p1|Excadrill||FocusSash|SandRush|IronHead,HighHorsepower,Earthquake,Protect|||M|||50|,,,,,Stellar]Tyranitar||AssaultVest|SandStream|RockSlide,KnockOff,TeraBlast,LowKick|||M|||50|,,,,,Flying]Sneasler||PsychicSeed|Unburden|DireClaw,CloseCombat,ThroatChop,Protect|||M|||50|,,,,,Dark]Indeedee||ChoiceScarf|PsychicSurge|ExpandingForce,TeraBlast,Protect,Trick|||M|||50|,,,,,Psychic]Corviknight||Leftovers|MirrorArmor|BraveBird,BulkUp,Roost,Tailwind|||M|||50|,,,,,Dragon]Annihilape||SafetyGoggles|Defiant|CloseCombat,FinalGambit,RageFist,Taunt|||F|||50|,,,,,Water
|showteam|p2|Ninetales-Alola||NeverMeltIce|SnowWarning|Blizzard,FreezeDry,Encore,Protect|||M|||50|,,,,,Ghost]Rillaboom||AssaultVest|GrassySurge|WoodHammer,FakeOut,Uturn,GrassyGlide|||M|||50|,,,,,Ghost]Magmar||Eviolite|VitalSpirit|Protect,HeatWave,WillOWisp,FollowMe|||F|||50|,,,,,Ghost]Sneasler||FocusSash|PoisonTouch|FakeOut,DireClaw,CloseCombat,Protect|||M|||50|,,,,,Ghost]Kingambit||BlackGlasses|Defiant|KowtowCleave,SwordsDance,SuckerPunch,Protect|||F|||50|,,,,,Fire]Basculegion||ChoiceScarf|Adaptability|WaveCrash,FlipTurn,TeraBlast,LastRespects|||M|||50|,,,,,Fighting
|inactive|Battle timer is ON: inactive players will automatically lose when time's up. (requested by epic17x)
|inactive|Beeetch has 60 seconds left.
|inactive|Beeetch has 30 seconds left.
|
|t:|1756927475
|teamsize|p1|4
|teamsize|p2|4
|start
|switch|p1a: Excadrill|Excadrill, L50, M, shiny|100/100
|switch|p1b: Sneasler|Sneasler, L50, M, shiny|100/100
|switch|p2a: Sneasler|Sneasler, L50, M|100/100
|switch|p2b: Basculegion|Basculegion, L50, M|100/100
|turn|1
|inactive|Beeetch has 30 seconds left.
|inactive|epic17x has 30 seconds left.
|inactive|Beeetch has 20 seconds left.
|inactive|Beeetch has 15 seconds left.
|
|t:|1756927515
|switch|p1a: Indeedee|Indeedee, L50, M, shiny|100/100
|-fieldstart|move: Psychic Terrain|[from] ability: Psychic Surge|[of] p1a: Indeedee
|-enditem|p1b: Sneasler|Psychic Seed
|-boost|p1b: Sneasler|spd|1|[from] item: Psychic Seed
|-terastallize|p1b: Sneasler|Dark
|move|p1b: Sneasler|Throat Chop|p2b: Basculegion
|-supereffective|p2b: Basculegion
|-damage|p2b: Basculegion|0 fnt
|faint|p2b: Basculegion
|move|p2a: Sneasler|Close Combat|p1a: Indeedee
|-damage|p1a: Indeedee|0 fnt
|-unboost|p2a: Sneasler|def|1
|-unboost|p2a: Sneasler|spd|1
|faint|p1a: Indeedee
|
|upkeep
|inactive|Beeetch has 30 seconds left.
|inactive|Beeetch has 20 seconds left.
|inactive|Beeetch has 15 seconds left.
|inactive|Beeetch has 10 seconds left.
|inactive|Beeetch has 5 seconds left.
|
|t:|1756927569
|switch|p1a: Tyranitar|Tyranitar, L50, M, shiny|100/100
|switch|p2b: Rillaboom|Rillaboom, L50, M|100/100
|-fieldstart|move: Grassy Terrain|[from] ability: Grassy Surge|[of] p2b: Rillaboom
|-weather|Sandstorm|[from] ability: Sand Stream|[of] p1a: Tyranitar
|turn|2
|inactive|Beeetch has 30 seconds left.
|inactive|Beeetch has 20 seconds left.
|inactive|Beeetch has 15 seconds left.
|
|t:|1756927610
|move|p1b: Sneasler|Protect|p1b: Sneasler
|-singleturn|p1b: Sneasler|Protect
|move|p2b: Rillaboom|Fake Out|p1b: Sneasler
|-activate|p1b: Sneasler|move: Protect
|move|p2a: Sneasler|Close Combat|p1a: Tyranitar
|-supereffective|p1a: Tyranitar
|-damage|p1a: Tyranitar|0 fnt
|-unboost|p2a: Sneasler|def|1
|-unboost|p2a: Sneasler|spd|1
|faint|p1a: Tyranitar
|
|-weather|Sandstorm|[upkeep]
|-damage|p1b: Sneasler|94/100|[from] Sandstorm
|-damage|p2a: Sneasler|95/100|[from] Sandstorm
|-damage|p2b: Rillaboom|95/100|[from] Sandstorm
|-heal|p1b: Sneasler|100/100|[from] Grassy Terrain
|-heal|p2a: Sneasler|100/100|[from] Grassy Terrain
|-heal|p2b: Rillaboom|100/100|[from] Grassy Terrain
|upkeep
|
|t:|1756927619
|switch|p1a: Excadrill|Excadrill, L50, M, shiny|100/100
|turn|3
|
|t:|1756927644
|move|p2a: Sneasler|Protect|p2a: Sneasler
|-singleturn|p2a: Sneasler|Protect
|move|p2b: Rillaboom|Grassy Glide|p1a: Excadrill
|-damage|p1a: Excadrill|45/100
|move|p1b: Sneasler|Dire Claw|p2b: Rillaboom
|-supereffective|p2b: Rillaboom
|-damage|p2b: Rillaboom|21/100
|move|p1a: Excadrill|High Horsepower|p2a: Sneasler
|-activate|p2a: Sneasler|move: Protect
|
|-weather|Sandstorm|[upkeep]
|-damage|p1b: Sneasler|94/100|[from] Sandstorm
|-damage|p2a: Sneasler|95/100|[from] Sandstorm
|-damage|p2b: Rillaboom|15/100|[from] Sandstorm
|-heal|p1b: Sneasler|100/100|[from] Grassy Terrain
|-heal|p1a: Excadrill|51/100|[from] Grassy Terrain
|-heal|p2a: Sneasler|100/100|[from] Grassy Terrain
|-heal|p2b: Rillaboom|21/100|[from] Grassy Terrain
|upkeep
|turn|4
|
|t:|1756927667
|move|p1b: Sneasler|Protect|p1b: Sneasler
|-singleturn|p1b: Sneasler|Protect
|move|p2b: Rillaboom|Grassy Glide|p1a: Excadrill
|-damage|p1a: Excadrill|0 fnt
|faint|p1a: Excadrill
|move|p2a: Sneasler|Close Combat|p1b: Sneasler
|-activate|p1b: Sneasler|move: Protect
|
|-weather|Sandstorm|[upkeep]
|-damage|p1b: Sneasler|94/100|[from] Sandstorm
|-damage|p2a: Sneasler|95/100|[from] Sandstorm
|-damage|p2b: Rillaboom|15/100|[from] Sandstorm
|-heal|p1b: Sneasler|100/100|[from] Grassy Terrain
|-heal|p2a: Sneasler|100/100|[from] Grassy Terrain
|-heal|p2b: Rillaboom|21/100|[from] Grassy Terrain
|upkeep
|turn|5
|inactive|Beeetch has 30 seconds left.
|inactive|Beeetch has 20 seconds left.
|inactive|Beeetch has 15 seconds left.
|inactive|Beeetch has 10 seconds left.
|inactive|Beeetch has 5 seconds left.
|
|t:|1756927719
|move|p1b: Sneasler|Close Combat|p2a: Sneasler
|-resisted|p2a: Sneasler
|-enditem|p2a: Sneasler|Focus Sash
|-damage|p2a: Sneasler|1/100
|-unboost|p1b: Sneasler|def|1
|-unboost|p1b: Sneasler|spd|1
|move|p2a: Sneasler|Close Combat|p1b: Sneasler
|-supereffective|p1b: Sneasler
|-damage|p1b: Sneasler|0 fnt
|-unboost|p2a: Sneasler|def|1
|-unboost|p2a: Sneasler|spd|1
|faint|p1b: Sneasler
|
|win|epic17x
||epic17x is ready for game 2.
