|j|☆amazon-kai
|j|☆saboyita
|html|amazon-kaisaboyita    
|uhtml|bestof|Game 2 of a best-of-3
|t:|1756344006
|gametype|doubles
|player|p1|amazon-kai|169|1094
|player|p2|saboyita|grimsley|1160
|gen|9
|tier|[Gen 9] VGC 2025 Reg H (Bo3)
|rated|
|rule|Species Clause: Limit one of each Pokémon
|rule|Item Clause: Limit 1 of each item
|clearpoke
|poke|p1|Gholdengo, L50|
|poke|p1|Basculegion, L50, M|
|poke|p1|Scrafty, L50, M|
|poke|p1|Rillaboom, L50, M|
|poke|p1|Volcarona, L50, F|
|poke|p1|Salamence, L50, M|
|poke|p2|Amoonguss, L50, F|
|poke|p2|Hydreigon, L50, F|
|poke|p2|Whimsicott, L50, M|
|poke|p2|Maushold-Four, L50|
|poke|p2|Annihilape, L50, F|
|poke|p2|Ursaluna-Bloodmoon, L50, M|
|teampreview|4
|showteam|p1|Gholdengo||LifeOrb|GoodasGold|Protect,ShadowBall,MakeItRain,NastyPlot||||||50|,,,,,Water]Basculegion||ChoiceScarf|Adaptability|WaveCrash,FlipTurn,LastRespects,IcyWind|||M|||50|,,,,,Ghost]Scrafty||AssaultVest|Intimidate|FakeOut,DrainPunch,KnockOff,PoisonJab|||M|||50|,,,,,Poison]Rillaboom||MiracleSeed|GrassySurge|FakeOut,GrassyGlide,WoodHammer,HighHorsepower|||M|||50|,,,,,Fire]Volcarona||CovertCloak|FlameBody|RagePowder,TeraBlast,HeatWave,QuiverDance|||F|||50|,,,,,Fairy]Salamence||MirrorHerb|Intimidate|DualWingbeat,BrickBreak,BreakingSwipe,Protect|||M|||50|,,,,,Fighting
|showteam|p2|Amoonguss||MentalHerb|Regenerator|ClearSmog,Spore,RagePowder,Protect|||F|||50|,,,,,Water]Hydreigon||ChoiceSpecs|Levitate|Snarl,HeatWave,DarkPulse,DracoMeteor|||F|||50|,,,,,Ghost]Whimsicott||CovertCloak|Prankster|BeatUp,Encore,HelpingHand,Tailwind|||M|||50|,,,,,Dark]Maushold-Four||WideLens|Technician|PopulationBomb,Taunt,FollowMe,Protect||||||50|,,,,,Ghost]Annihilape||Leftovers|Defiant|RageFist,CloseCombat,FinalGambit,Protect|||F|||50|,,,,,Water]Ursaluna-Bloodmoon||LifeOrb|MindsEye|HyperVoice,EarthPower,BloodMoon,Protect|||M|||50|,,,,,Water
|inactive|Battle timer is ON: inactive players will automatically lose when time's up. (requested by saboyita)
|
|t:|1756344023
|teamsize|p1|4
|teamsize|p2|4
|start
|switch|p1a: Salamence|Salamence, L50, M|100/100
|switch|p1b: Volcarona|Volcarona, L50, F|100/100
|switch|p2a: Whimsicott|Whimsicott, L50, M|100/100
|switch|p2b: Annihilape|Annihilape, L50, F|100/100
|-ability|p1a: Salamence|Intimidate|boost
|-unboost|p2a: Whimsicott|atk|1
|-unboost|p2b: Annihilape|atk|1
|-ability|p2b: Annihilape|Defiant|boost
|-boost|p2b: Annihilape|atk|2
|-enditem|p1a: Salamence|Mirror Herb
|-boost|p1a: Salamence|atk|2|[from] item: Mirror Herb
|turn|1
|inactive|amazon-kai has 30 seconds left.
|
|t:|1756344056
|-terastallize|p2b: Annihilape|Water
|move|p1b: Volcarona|Rage Powder|p1b: Volcarona
|-singleturn|p1b: Volcarona|move: Rage Powder
|move|p2a: Whimsicott|Beat Up|p2b: Annihilape
|-damage|p2b: Annihilape|99/100
|-damage|p2b: Annihilape|97/100
|-damage|p2b: Annihilape|95/100
|-damage|p2b: Annihilape|93/100
|-hitcount|p2b: Annihilape|4
|move|p2b: Annihilape|Rage Fist|p1b: Volcarona
|-damage|p1b: Volcarona|0 fnt
|-status|p2b: Annihilape|brn|[from] ability: Flame Body|[of] p1b: Volcarona
|faint|p1b: Volcarona
|move|p1a: Salamence|Dual Wingbeat|p2a: Whimsicott
|-supereffective|p2a: Whimsicott
|-damage|p2a: Whimsicott|11/100
|-supereffective|p2a: Whimsicott
|-damage|p2a: Whimsicott|0 fnt
|faint|p2a: Whimsicott
|-hitcount|p2: Whimsicott|2
|
|-heal|p2b: Annihilape|99/100 brn|[from] item: Leftovers
|-damage|p2b: Annihilape|93/100 brn|[from] brn
|upkeep
|inactive|saboyita has 30 seconds left.
|
|t:|1756344081
|switch|p2a: Maushold|Maushold-Four, L50|100/100
|switch|p1b: Rillaboom|Rillaboom, L50, M|100/100
|-fieldstart|move: Grassy Terrain|[from] ability: Grassy Surge|[of] p1b: Rillaboom
|turn|2
|inactive|amazon-kai has 30 seconds left.
|inactive|amazon-kai has 20 seconds left.
|
|t:|1756344121
|switch|p1b: Scrafty|Scrafty, L50, M|100/100
|-ability|p1b: Scrafty|Intimidate|boost
|-unboost|p2a: Maushold|atk|1
|-unboost|p2b: Annihilape|atk|1
|-ability|p2b: Annihilape|Defiant|boost
|-boost|p2b: Annihilape|atk|2
|move|p1a: Salamence|Protect|p1a: Salamence
|-singleturn|p1a: Salamence|Protect
|move|p2a: Maushold|Population Bomb|p1a: Salamence
|-activate|p1a: Salamence|move: Protect
|move|p2b: Annihilape|Rage Fist|p1a: Salamence
|-activate|p1a: Salamence|move: Protect
|
|-heal|p2b: Annihilape|99/100 brn|[from] Grassy Terrain
|-heal|p2b: Annihilape|100/100 brn|[from] item: Leftovers
|-damage|p2b: Annihilape|94/100 brn|[from] brn
|upkeep
|turn|3
|inactive|amazon-kai has 30 seconds left.
|inactive|saboyita has 30 seconds left.
|
|t:|1756344148
|-terastallize|p1a: Salamence|Fighting
|move|p2a: Maushold|Protect|p2a: Maushold
|-singleturn|p2a: Maushold|Protect
|move|p2b: Annihilape|Protect|p2b: Annihilape
|-singleturn|p2b: Annihilape|Protect
|move|p1b: Scrafty|Fake Out|p2b: Annihilape
|-activate|p2b: Annihilape|move: Protect
|move|p1a: Salamence|Brick Break|p2a: Maushold
|-activate|p2a: Maushold|move: Protect
|
|-heal|p2b: Annihilape|100/100 brn|[from] Grassy Terrain
|-damage|p2b: Annihilape|94/100 brn|[from] brn
|upkeep
|turn|4
|inactive|saboyita has 30 seconds left.
|inactive|saboyita has 20 seconds left.
|inactive|saboyita has 15 seconds left.
|inactive|saboyita has 10 seconds left.
|
|t:|1756344194
|move|p2a: Maushold|Protect|p2a: Maushold
|-singleturn|p2a: Maushold|Protect
|move|p1a: Salamence|Protect|p1a: Salamence
|-singleturn|p1a: Salamence|Protect
|move|p2b: Annihilape|Rage Fist|p1a: Salamence
|-activate|p1a: Salamence|move: Protect
|move|p1b: Scrafty|Knock Off|p2a: Maushold
|-activate|p2a: Maushold|move: Protect
|
|-heal|p2b: Annihilape|100/100 brn|[from] Grassy Terrain
|-damage|p2b: Annihilape|94/100 brn|[from] brn
|upkeep
|turn|5
|
|t:|1756344208
|switch|p2a: Hydreigon|Hydreigon, L50, F|100/100
|move|p2b: Annihilape|Rage Fist|p1a: Salamence
|-crit|p1a: Salamence
|-damage|p1a: Salamence|0 fnt
|faint|p1a: Salamence
|move|p1b: Scrafty|Knock Off|p2b: Annihilape
|-damage|p2b: Annihilape|55/100 brn
|-enditem|p2b: Annihilape|Leftovers|[from] move: Knock Off|[of] p1b: Scrafty
|
|-heal|p2b: Annihilape|61/100 brn|[from] Grassy Terrain
|-damage|p2b: Annihilape|55/100 brn|[from] brn
|upkeep
|
|t:|1756344214
|switch|p1a: Rillaboom|Rillaboom, L50, M|100/100
|turn|6
|
|t:|1756344238
|move|p2b: Annihilape|Protect|p2b: Annihilape
|-singleturn|p2b: Annihilape|Protect
|move|p1a: Rillaboom|Fake Out|p2a: Hydreigon
|-damage|p2a: Hydreigon|81/100
|cant|p2a: Hydreigon|flinch
|move|p1b: Scrafty|Drain Punch|p2a: Hydreigon
|-supereffective|p2a: Hydreigon
|-damage|p2a: Hydreigon|16/100
|
|-heal|p2b: Annihilape|61/100 brn|[from] Grassy Terrain
|-damage|p2b: Annihilape|55/100 brn|[from] brn
|-fieldend|move: Grassy Terrain
|upkeep
|turn|7
|inactive|amazon-kai has 30 seconds left.
|
|t:|1756344264
|move|p2a: Hydreigon|Heat Wave|p1b: Scrafty|[spread] p1a,p1b
|-supereffective|p1a: Rillaboom
|-crit|p1b: Scrafty
|-damage|p1a: Rillaboom|22/100
|-damage|p1b: Scrafty|70/100
|move|p2b: Annihilape|Rage Fist|p1a: Rillaboom
|-damage|p1a: Rillaboom|0 fnt
|faint|p1a: Rillaboom
|move|p1b: Scrafty|Drain Punch|p2b: Annihilape
|-damage|p2b: Annihilape|25/100 brn
|-heal|p1b: Scrafty|87/100|[from] drain|[of] p2b: Annihilape
|
|-damage|p2b: Annihilape|19/100 brn|[from] brn
|upkeep
|turn|8
|
|t:|1756344280
|move|p2a: Hydreigon|Heat Wave|p1b: Scrafty
|-damage|p1b: Scrafty|62/100
|move|p2b: Annihilape|Rage Fist|p1b: Scrafty
|-resisted|p1b: Scrafty
|-damage|p1b: Scrafty|0 fnt
|faint|p1b: Scrafty
|
|win|saboyita
||amazon-kai is ready for game 3.
