|j|☆Snivii
|j|☆d1mo22
|html|Sniviid1mo22    
|uhtml|bestof|Game 1 of a best-of-3
|t:|1784564994
|gametype|doubles
|player|p1|Snivii|101|1230
|player|p2|d1mo22|skier|1280
|gen|9
|tier|[Gen 9 Champions] VGC 2026 Reg M-B (Bo3)
|rated|
|rule|Species Clause: Limit one of each Pokémon
|rule|Item Clause: Limit 1 of each item
|clearpoke
|poke|p1|Serperior, L50, M|
|poke|p1|Grimmsnarl, L50, M|
|poke|p1|Staraptor, L50, M|
|poke|p1|Incineroar, L50, F|
|poke|p1|Whimsicott, L50, F|
|poke|p1|Charizard, L50, M|
|poke|p2|Raichu, L50, M|
|poke|p2|Gyarados, L50, M, shiny|
|poke|p2|Mamoswine, L50, F|
|poke|p2|Ceruledge, L50, M|
|poke|p2|Sinistcha, L50|
|poke|p2|Kingambit, L50, F, shiny|
|teampreview|4
|showteam|p1|Serperior||WideLens|Contrary|LeafStorm,Glare,Protect,GastroAcid|Timid||M|||50|]Grimmsnarl||LightClay|Prankster|SpiritBreak,LightScreen,Reflect,PartingShot|Careful||M|||50|]Staraptor||Staraptite|Intimidate|BraveBird,CloseCombat,Roost,Protect|Jolly||M|||50|]Incineroar||SitrusBerry|Intimidate|FlareBlitz,DarkestLariat,FakeOut,PartingShot|Adamant||F|||50|]Whimsicott||FocusSash|Prankster|Moonblast,Charm,Encore,Tailwind|Timid||F|||50|]Charizard||CharizarditeY|SolarPower|HeatWave,AncientPower,WeatherBall,Protect|Timid||M|||50|
|showteam|p2|Raichu||RaichuniteY|LightningRod|FakeOut,Encore,ZapCannon,FocusBlast|Timid||M|||50|]Gyarados||Gyaradosite|Intimidate|LashOut,Waterfall,DragonDance,Protect|Adamant||M|||50|]Mamoswine||LifeOrb|Oblivious|Protect,IcicleCrash,IceShard,HighHorsepower|Jolly||F|||50|]Ceruledge||ColburBerry|FlashFire|BitterBlade,ShadowSneak,BulkUp,Protect|Adamant||M|||50|]Sinistcha||SitrusBerry|Hospitality|Protect,RagePowder,MatchaGotcha,LifeDew|Bold|||||50|]Kingambit||FocusSash|Defiant|Protect,SuckerPunch,KowtowCleave,IronHead|Adamant||F|||50|
|inactive|Battle timer is ON: inactive players will automatically lose when time's up. (requested by d1mo22)
|inactive|d1mo22 has 60 seconds left.
|
|t:|1784565040
|teamsize|p1|4
|teamsize|p2|4
|start
|switch|p1a: Grimmsnarl|Grimmsnarl, L50, M|100/100
|switch|p1b: Serperior|Serperior, L50, M|100/100
|switch|p2a: Raichu|Raichu, L50, M|100/100
|switch|p2b: Gyarados|Gyarados, L50, M, shiny|100/100
|-ability|p2b: Gyarados|Intimidate|boost
|-unboost|p1a: Grimmsnarl|atk|1
|-boost|p1b: Serperior|atk|1
|turn|1
|
|t:|1784565065
|move|p2a: Raichu|Fake Out|p1b: Serperior
|-damage|p1b: Serperior|91/100
|move|p1a: Grimmsnarl|Parting Shot|p2a: Raichu
|-unboost|p2a: Raichu|atk|1
|-unboost|p2a: Raichu|spa|1
|
|t:|1784565069
|switch|p1a: Whimsicott|Whimsicott, L50, F|100/100|[from] Parting Shot
|cant|p1b: Serperior|flinch
|move|p2b: Gyarados|Dragon Dance|p2b: Gyarados
|-boost|p2b: Gyarados|atk|1
|-boost|p2b: Gyarados|spe|1
|
|upkeep
|turn|2
|inactive|d1mo22 has 30 seconds left.
|inactive|d1mo22 has 20 seconds left.
|inactive|d1mo22 has 15 seconds left.
|inactive|d1mo22 has 10 seconds left.
|
|t:|1784565119
|switch|p2a: Ceruledge|Ceruledge, L50, M|100/100
|move|p1a: Whimsicott|Tailwind|p1a: Whimsicott
|-sidestart|p1: Snivii|move: Tailwind
|move|p1b: Serperior|Leaf Storm|p2a: Ceruledge
|-resisted|p2a: Ceruledge|1
|-damage|p2a: Ceruledge|84/100
|-boost|p1b: Serperior|spa|2
|move|p2b: Gyarados|Waterfall|p1a: Whimsicott
|-resisted|p1a: Whimsicott|1
|-damage|p1a: Whimsicott|55/100
|
|upkeep
|turn|3
|inactive|d1mo22 has 30 seconds left.
|
|t:|1784565146
|move|p1a: Whimsicott|Charm|p2a: Ceruledge
|-unboost|p2a: Ceruledge|atk|2
|move|p1b: Serperior|Leaf Storm|p2b: Gyarados
|-damage|p2b: Gyarados|30/100
|-boost|p1b: Serperior|spa|2
|move|p2b: Gyarados|Lash Out|p1a: Whimsicott
|-resisted|p1a: Whimsicott|1
|-damage|p1a: Whimsicott|29/100
|move|p2a: Ceruledge|Bitter Blade|p1b: Serperior
|-supereffective|p1b: Serperior|1
|-damage|p1b: Serperior|38/100
|-heal|p2a: Ceruledge|100/100|[from] drain|[of] p1b: Serperior
|
|upkeep
|turn|4
|inactive|d1mo22 has 30 seconds left.
|inactive|d1mo22 has 20 seconds left.
|
|t:|1784565182
|move|p2b: Gyarados|Protect|p2b: Gyarados
|-singleturn|p2b: Gyarados|Protect
|move|p1a: Whimsicott|Moonblast|p2b: Gyarados
|-activate|p2b: Gyarados|move: Protect
|move|p1b: Serperior|Leaf Storm|p2a: Ceruledge
|-resisted|p2a: Ceruledge|1
|-damage|p2a: Ceruledge|44/100
|-boost|p1b: Serperior|spa|2
|move|p2a: Ceruledge|Bitter Blade|p1b: Serperior
|-supereffective|p1b: Serperior|1
|-damage|p1b: Serperior|0 fnt
|-heal|p2a: Ceruledge|62/100|[from] drain|[of] p1b: Serperior
|faint|p1b: Serperior
|
|upkeep
|
|t:|1784565195
|switch|p1b: Staraptor|Staraptor, L50, M|100/100
|-ability|p1b: Staraptor|Intimidate|boost
|-unboost|p2a: Ceruledge|atk|1
|-unboost|p2b: Gyarados|atk|1
|turn|5
|inactive|d1mo22 has 30 seconds left.
|
|t:|1784565222
|switch|p2a: Raichu|Raichu, L50, M|100/100
|detailschange|p1b: Staraptor|Staraptor-Mega, L50, M
|-mega|p1b: Staraptor|Staraptor|Staraptite
|move|p1a: Whimsicott|Moonblast|p2b: Gyarados
|-damage|p2b: Gyarados|1/100
|move|p1b: Staraptor|Brave Bird|p2a: Raichu
|-resisted|p2a: Raichu|1
|-damage|p2a: Raichu|51/100
|-damage|p1b: Staraptor|85/100|[from] Recoil
|move|p2b: Gyarados|Waterfall|p1a: Whimsicott
|-resisted|p1a: Whimsicott|1
|-damage|p1a: Whimsicott|0 fnt
|faint|p1a: Whimsicott
|
|-sideend|p1: Snivii|move: Tailwind
|upkeep
|
|t:|1784565230
|switch|p1a: Grimmsnarl|Grimmsnarl, L50, M|100/100
|turn|6
|
|t:|1784565246
|switch|p2b: Mamoswine|Mamoswine, L50, F|100/100
|move|p1b: Staraptor|Protect|p1b: Staraptor
|-singleturn|p1b: Staraptor|Protect
|move|p2a: Raichu|Fake Out|p1b: Staraptor
|-activate|p1b: Staraptor|move: Protect
|move|p1a: Grimmsnarl|Spirit Break|p2a: Raichu
|-damage|p2a: Raichu|7/100
|-unboost|p2a: Raichu|spa|1
|
|upkeep
|turn|7
|
|t:|1784565262
|detailschange|p2a: Raichu|Raichu-Mega-Y, L50, M
|-mega|p2a: Raichu|Raichu|Raichunite Y
|move|p2b: Mamoswine|Ice Shard|p1b: Staraptor
|-supereffective|p1b: Staraptor|1
|-damage|p1b: Staraptor|32/100
|-damage|p2b: Mamoswine|90/100|[from] item: Life Orb
|move|p1a: Grimmsnarl|Reflect|p1a: Grimmsnarl
|-sidestart|p1: Snivii|Reflect
|move|p2a: Raichu|Zap Cannon|p1b: Staraptor
|-supereffective|p1b: Staraptor|1
|-damage|p1b: Staraptor|0 fnt
|faint|p1b: Staraptor
|
|upkeep
|turn|8
|-message|Snivii forfeited.
|
|win|d1mo22
||Snivii is ready for game 2.
