|j|☆sbhaga34
|j|☆Squ1dge_
|html|sbhaga34Squ1dge_    
|uhtml|bestof|Game 2 of a best-of-3
|t:|1784783776
|gametype|doubles
|player|p1|sbhaga34|hugh|1331
|player|p2|Squ1dge_|101|1473
|gen|9
|tier|[Gen 9 Champions] VGC 2026 Reg M-B (Bo3)
|rated|
|rule|Species Clause: Limit one of each Pokémon
|rule|Item Clause: Limit 1 of each item
|clearpoke
|poke|p1|Excadrill, L50, F|
|poke|p1|Tyranitar, L50, M|
|poke|p1|Corviknight, L50, M|
|poke|p1|Rotom-Wash, L50|
|poke|p1|Chandelure, L50, M|
|poke|p1|Scovillain, L50, M|
|poke|p2|Kingambit, L50, M|
|poke|p2|Dragonite, L50, F|
|poke|p2|Basculegion, L50, M|
|poke|p2|Froslass, L50, F|
|poke|p2|Sneasler, L50, M|
|poke|p2|Garchomp, L50, M|
|teampreview|4
|showteam|p1|Excadrill||FocusSash|SandRush|Earthquake,IronHead,SwordsDance,Protect|Adamant||F|||50|]Tyranitar||Tyranitarite|SandStream|RockSlide,KnockOff,LowKick,Protect|Adamant||M|||50|]Corviknight||SharpBeak|MirrorArmor|BraveBird,Tailwind,BulkUp,Roost|Careful||M|||50|]Rotom-Wash||ChoiceScarf|Levitate|VoltSwitch,Thunderbolt,Electroweb,HydroPump|Timid|||||50|]Chandelure||ShucaBerry|FlashFire|HeatWave,ShadowBall,TrickRoom,Protect|Modest||M|||50|]Scovillain||Scovillainite|Chlorophyll|RagePowder,Overheat,GigaDrain,Protect|Calm||M|||50|
|showteam|p2|Kingambit||BlackGlasses|Defiant|KowtowCleave,SuckerPunch,IronHead,Protect|Adamant||M|||50|]Dragonite||Dragoninite|Multiscale|HeatWave,Protect,Thunderbolt,DragonPulse|Timid||F|||50|]Basculegion||SitrusBerry|Adaptability|LastRespects,Protect,WaveCrash,AquaJet|Adamant||M|||50|]Froslass||Froslassite|CursedBody|ShadowBall,AuroraVeil,Blizzard,Protect|Modest||F|||50|]Sneasler||WhiteHerb|PoisonTouch|Protect,DireClaw,FakeOut,CloseCombat|Adamant||M|||50|]Garchomp||LifeOrb|RoughSkin|RockSlide,DragonClaw,Protect,Earthquake|Jolly||M|||50|
|inactive|Battle timer is ON: inactive players will automatically lose when time's up. (requested by sbhaga34)
|
|t:|1784783793
|teamsize|p1|4
|teamsize|p2|4
|start
|switch|p1a: Corviknight|Corviknight, L50, M|100/100
|switch|p1b: Scovillain|Scovillain, L50, M|100/100
|switch|p2a: Sneasler|Sneasler, L50, M|100/100
|switch|p2b: Basculegion|Basculegion, L50, M|100/100
|turn|1
|
|t:|1784783805
|switch|p2b: Dragonite|Dragonite, L50, F|100/100
|detailschange|p1b: Scovillain|Scovillain-Mega, L50, M
|-mega|p1b: Scovillain|Scovillain|Scovillainite
|move|p2a: Sneasler|Fake Out|p1a: Corviknight
|-resisted|p1a: Corviknight|1
|-damage|p1a: Corviknight|93/100
|cant|p1a: Corviknight|flinch
|move|p1b: Scovillain|Overheat|p2a: Sneasler|[miss]
|-miss|p1b: Scovillain|p2a: Sneasler
|
|upkeep
|turn|2
|inactive|sbhaga34 has 30 seconds left.
|
|t:|1784783831
|detailschange|p2b: Dragonite|Dragonite-Mega, L50, F
|-mega|p2b: Dragonite|Dragonite|Dragoninite
|move|p1b: Scovillain|Rage Powder|p1b: Scovillain
|-singleturn|p1b: Scovillain|move: Rage Powder
|move|p2a: Sneasler|Dire Claw|p1b: Scovillain
|-supereffective|p1b: Scovillain|1
|-damage|p1b: Scovillain|1/100
|-status|p1b: Scovillain|slp
|-status|p2a: Sneasler|brn|[from] ability: Spicy Spray|[of] p1b: Scovillain
|move|p2b: Dragonite|Thunderbolt|p1b: Scovillain
|-resisted|p1b: Scovillain|1
|-damage|p1b: Scovillain|0 fnt
|-status|p2b: Dragonite|brn|[from] ability: Spicy Spray|[of] p1b: Scovillain
|faint|p1b: Scovillain
|move|p1a: Corviknight|Brave Bird|p2a: Sneasler
|-supereffective|p2a: Sneasler|1
|-damage|p2a: Sneasler|0 fnt
|faint|p2a: Sneasler
|-damage|p1a: Corviknight|67/100|[from] Recoil
|
|-damage|p2b: Dragonite|93/100 brn|[from] brn
|upkeep
|
|t:|1784783850
|switch|p2a: Basculegion|Basculegion, L50, M|100/100
|switch|p1b: Tyranitar|Tyranitar, L50, M|100/100
|-weather|Sandstorm|[from] ability: Sand Stream|[of] p1b: Tyranitar
|turn|3
|
|t:|1784783856
|move|p2b: Dragonite|Heat Wave|p1b: Tyranitar|[spread] p1a,p1b
|-supereffective|p1a: Corviknight|1
|-resisted|p1b: Tyranitar|1
|-damage|p1a: Corviknight|22/100
|-damage|p1b: Tyranitar|92/100
|move|p2a: Basculegion|Last Respects|p1a: Corviknight
|-damage|p1a: Corviknight|0 fnt
|faint|p1a: Corviknight
|move|p1b: Tyranitar|Knock Off|p2a: Basculegion
|-supereffective|p2a: Basculegion|1
|-damage|p2a: Basculegion|3/100
|-enditem|p2a: Basculegion|Sitrus Berry|[from] move: Knock Off|[of] p1b: Tyranitar
|
|-weather|Sandstorm|[upkeep]
|-damage|p2b: Dragonite|87/100 brn|[from] Sandstorm
|-damage|p2a: Basculegion|0 fnt|[from] Sandstorm
|faint|p2a: Basculegion
|-damage|p2b: Dragonite|81/100 brn|[from] brn
|upkeep
|
|t:|1784783867
|switch|p2a: Garchomp|Garchomp, L50, M|100/100
|switch|p1a: Excadrill|Excadrill, L50, F|100/100
|turn|4
|
|t:|1784783880
|move|p1a: Excadrill|Protect|p1a: Excadrill
|-singleturn|p1a: Excadrill|Protect
|move|p2a: Garchomp|Earthquake|p1b: Tyranitar|[spread] p1b
|-activate|p1a: Excadrill|move: Protect
|-immune|p2b: Dragonite
|-supereffective|p1b: Tyranitar|1
|-damage|p1b: Tyranitar|6/100
|-damage|p2a: Garchomp|90/100|[from] item: Life Orb
|move|p2b: Dragonite|Dragon Pulse|p1a: Excadrill
|-activate|p1a: Excadrill|move: Protect
|move|p1b: Tyranitar|Rock Slide|p2b: Dragonite|[spread] p2a,p2b
|-resisted|p2a: Garchomp|1
|-supereffective|p2b: Dragonite|1
|-damage|p2a: Garchomp|76/100
|-damage|p2b: Dragonite|27/100 brn
|
|-weather|Sandstorm|[upkeep]
|-damage|p2b: Dragonite|21/100 brn|[from] Sandstorm
|-damage|p2b: Dragonite|15/100 brn|[from] brn
|upkeep
|turn|5
|inactive|sbhaga34 has 30 seconds left.
|
|t:|1784783910
|move|p2a: Garchomp|Protect|p2a: Garchomp
|-singleturn|p2a: Garchomp|Protect
|move|p2b: Dragonite|Protect|p2b: Dragonite
|-singleturn|p2b: Dragonite|Protect
|move|p1a: Excadrill|Iron Head|p2a: Garchomp
|-activate|p2a: Garchomp|move: Protect
|move|p1b: Tyranitar|Rock Slide|p2a: Garchomp|[spread] 
|-activate|p2a: Garchomp|move: Protect
|-activate|p2b: Dragonite|move: Protect
|
|-weather|Sandstorm|[upkeep]
|-damage|p2b: Dragonite|8/100 brn|[from] Sandstorm
|-damage|p2b: Dragonite|2/100 brn|[from] brn
|upkeep
|turn|6
|inactive|sbhaga34 has 30 seconds left.
|
|t:|1784783943
|move|p1a: Excadrill|Protect|p1a: Excadrill
|-singleturn|p1a: Excadrill|Protect
|move|p2a: Garchomp|Earthquake|p1a: Excadrill|[spread] p1b
|-activate|p1a: Excadrill|move: Protect
|-immune|p2b: Dragonite
|-supereffective|p1b: Tyranitar|1
|-damage|p1b: Tyranitar|0 fnt
|faint|p1b: Tyranitar
|-damage|p2a: Garchomp|66/100|[from] item: Life Orb
|move|p2b: Dragonite|Dragon Pulse|p1a: Excadrill
|-activate|p1a: Excadrill|move: Protect
|
|-weather|Sandstorm|[upkeep]
|-damage|p2b: Dragonite|0 fnt|[from] Sandstorm
|faint|p2b: Dragonite
|upkeep
|turn|7
|
|t:|1784783955
|move|p2a: Garchomp|Protect|p2a: Garchomp
|-singleturn|p2a: Garchomp|Protect
|move|p1a: Excadrill|Earthquake|p2a: Garchomp
|-activate|p2a: Garchomp|move: Protect
|
|-weather|none
|upkeep
|turn|8
|
|t:|1784783960
|move|p2a: Garchomp|Earthquake|p1a: Excadrill
|-supereffective|p1a: Excadrill|1
|-enditem|p1a: Excadrill|Focus Sash
|-damage|p1a: Excadrill|1/100
|-damage|p2a: Garchomp|56/100|[from] item: Life Orb
|move|p1a: Excadrill|Earthquake|p2a: Garchomp
|-damage|p2a: Garchomp|0 fnt
|faint|p2a: Garchomp
|
|win|sbhaga34
