|j|☆ranakos
|j|☆Philippejava
|html|ranakosPhilippejava    
|uhtml|bestof|Game 1 of a best-of-3
|t:|1756895775
|gametype|doubles
|player|p1|ranakos|scientist-gen4|1153
|player|p2|Philippejava|falkner|1103
|gen|9
|tier|[Gen 9] VGC 2025 Reg H (Bo3)
|rated|
|rule|Species Clause: Limit one of each Pokémon
|rule|Item Clause: Limit 1 of each item
|clearpoke
|poke|p1|Gholdengo, L50|
|poke|p1|Sneasler, L50, M|
|poke|p1|Rillaboom, L50, M|
|poke|p1|Dragonite, L50, F|
|poke|p1|Ninetales-Alola, L50, M|
|poke|p1|Arcanine-Hisui, L50, M|
|poke|p2|Ursaluna, L50, F|
|poke|p2|Indeedee-F, L50, F|
|poke|p2|Exeggutor, L50, M|
|poke|p2|Torkoal, L50, F|
|poke|p2|Gallade, L50, M|
|poke|p2|Zoroark-Hisui, L50, M|
|teampreview|4
|showteam|p1|Gholdengo||GrassySeed|GoodasGold|NastyPlot,MakeItRain,ShadowBall,Protect||||||50|,,,,,Water]Sneasler||WhiteHerb|Unburden|CloseCombat,DireClaw,Coaching,Protect|||M|||50|,,,,,Ghost]Rillaboom||AssaultVest|GrassySurge|FakeOut,GrassyGlide,DrumBeating,HighHorsepower|||M|||50|,,,,,Fire]Dragonite||LoadedDice|Multiscale|ScaleShot,TeraBlast,Haze,Protect|||F|||50|,,,,,Flying]Ninetales-Alola||FocusSash|SnowWarning|Blizzard,Protect,Encore,AuroraVeil|||M|||50|,,,,,Ghost]Arcanine-Hisui||ClearAmulet|Intimidate|RockSlide,FlareBlitz,ExtremeSpeed,Protect|||M|||50|,,,,,Fairy
|showteam|p2|Ursaluna||FlameOrb|Guts|Protect,Facade,Earthquake,HeadlongRush|||F|||50|,,,,,Ghost]Indeedee-F||PsychicSeed|PsychicSurge|TrickRoom,FollowMe,HelpingHand,Psychic|||F|||50|,,,,,Grass]Exeggutor||FocusSash|Chlorophyll|TrickRoom,ExpandingForce,EnergyBall,SleepPowder|||M|||50|,,,,,Psychic]Torkoal||Charcoal|Drought|Eruption,ClearSmog,Protect,WeatherBall|||F|||50|,,,,,Fire]Gallade||ClearAmulet|Sharpness|PsychoCut,TrickRoom,WideGuard,SacredSword|||M|||50|,,,,,Fire]Zoroark-Hisui||ChoiceScarf|Illusion|HyperVoice,Flamethrower,ShadowBall,IcyWind|||M|||50|,,,,,Normal
|inactive|Battle timer is ON: inactive players will automatically lose when time's up. (requested by Philippejava)
|inactive|ranakos has 60 seconds left.
|inactive|Philippejava has 60 seconds left.
|inactive|ranakos has 30 seconds left.
|
|t:|1756895838
|teamsize|p1|4
|teamsize|p2|4
|start
|switch|p1a: Dragonite|Dragonite, L50, F|100/100
|switch|p1b: Arcanine|Arcanine-Hisui, L50, M|100/100
|switch|p2a: Torkoal|Torkoal, L50, F|100/100
|switch|p2b: Exeggutor|Exeggutor, L50, M|100/100
|-ability|p1b: Arcanine|Intimidate|boost
|-unboost|p2a: Torkoal|atk|1
|-unboost|p2b: Exeggutor|atk|1
|-weather|SunnyDay|[from] ability: Drought|[of] p2a: Torkoal
|turn|1
|inactive|Philippejava has 30 seconds left.
|inactive|Philippejava has 20 seconds left.
|
|t:|1756895874
|switch|p2a: Indeedee|Indeedee-F, L50, F|100/100
|-fieldstart|move: Psychic Terrain|[from] ability: Psychic Surge|[of] p2a: Indeedee
|-enditem|p2a: Indeedee|Psychic Seed
|-boost|p2a: Indeedee|spd|1|[from] item: Psychic Seed
|-terastallize|p2b: Exeggutor|Psychic
|move|p2b: Exeggutor|Expanding Force|p1a: Dragonite|[spread] p1a,p1b
|-damage|p1a: Dragonite|55/100
|-damage|p1b: Arcanine|0 fnt
|faint|p1b: Arcanine
|move|p1a: Dragonite|Scale Shot|p2b: Exeggutor
|-damage|p2b: Exeggutor|81/100
|-damage|p2b: Exeggutor|62/100
|-damage|p2b: Exeggutor|44/100
|-damage|p2b: Exeggutor|26/100
|-damage|p2b: Exeggutor|8/100
|-hitcount|p2b: Exeggutor|5
|-unboost|p1a: Dragonite|def|1
|-boost|p1a: Dragonite|spe|1
|
|-weather|SunnyDay|[upkeep]
|upkeep
|
|t:|1756895897
|switch|p1b: Rillaboom|Rillaboom, L50, M|100/100
|-fieldstart|move: Grassy Terrain|[from] ability: Grassy Surge|[of] p1b: Rillaboom
|turn|2
|inactive|Philippejava has 30 seconds left.
|
|t:|1756895926
|switch|p2b: Torkoal|Torkoal, L50, F|100/100
|switch|p2a: Torkoal|Torkoal, L50, F|100/100
|move|p1b: Rillaboom|Fake Out|p2a: Torkoal
|-damage|p2a: Torkoal|91/100
|move|p1a: Dragonite|Scale Shot|p2b: Torkoal
|-damage|p2b: Torkoal|74/100
|replace|p2b: Zoroark|Zoroark-Hisui, L50, M
|-end|p2b: Zoroark|Illusion
|-damage|p2b: Zoroark|47/100
|-damage|p2b: Zoroark|21/100
|-damage|p2b: Zoroark|0 fnt
|faint|p2b: Zoroark
|-hitcount|p2: Zoroark|4
|-unboost|p1a: Dragonite|def|1
|-boost|p1a: Dragonite|spe|1
|
|-weather|SunnyDay|[upkeep]
|-heal|p2a: Torkoal|98/100|[from] Grassy Terrain
|upkeep
|
|t:|1756895948
|switch|p2b: Indeedee|Indeedee-F, L50, F|100/100
|-fieldstart|move: Psychic Terrain|[from] ability: Psychic Surge|[of] p2b: Indeedee
|turn|3
|
|t:|1756895970
|-terastallize|p1b: Rillaboom|Fire
|move|p2b: Indeedee|Follow Me|p2b: Indeedee
|-singleturn|p2b: Indeedee|move: Follow Me
|move|p1a: Dragonite|Scale Shot|p2b: Indeedee|[miss]
|-miss|p1a: Dragonite|p2b: Indeedee
|move|p1b: Rillaboom|Drum Beating|p2b: Indeedee
|-damage|p2b: Indeedee|63/100
|-unboost|p2b: Indeedee|spe|1
|move|p2a: Torkoal|Eruption|p1b: Rillaboom|[spread] p1a,p1b
|-resisted|p1a: Dragonite
|-resisted|p1b: Rillaboom
|-damage|p1a: Dragonite|12/100
|-damage|p1b: Rillaboom|68/100
|
|-weather|SunnyDay|[upkeep]
|upkeep
|turn|4
|
|t:|1756895994
|move|p2b: Indeedee|Follow Me|p2b: Indeedee
|-singleturn|p2b: Indeedee|move: Follow Me
|move|p1a: Dragonite|Scale Shot|p2b: Indeedee
|-damage|p2b: Indeedee|48/100
|-damage|p2b: Indeedee|33/100
|-damage|p2b: Indeedee|19/100
|-damage|p2b: Indeedee|5/100
|-damage|p2b: Indeedee|0 fnt
|faint|p2b: Indeedee
|-hitcount|p2: Indeedee|5
|-unboost|p1a: Dragonite|def|1
|-boost|p1a: Dragonite|spe|1
|move|p1b: Rillaboom|Drum Beating|p2a: Torkoal
|-resisted|p2a: Torkoal
|-damage|p2a: Torkoal|82/100
|-unboost|p2a: Torkoal|spe|1
|move|p2a: Torkoal|Eruption|p1a: Dragonite|[spread] p1a,p1b
|-resisted|p1a: Dragonite
|-resisted|p1b: Rillaboom
|-damage|p1a: Dragonite|0 fnt
|-damage|p1b: Rillaboom|41/100
|faint|p1a: Dragonite
|
|-weather|SunnyDay|[upkeep]
|upkeep
|inactive|Philippejava has 30 seconds left.
|
|t:|1756896023
|switch|p1a: Ninetales|Ninetales-Alola, L50, M|100/100
|switch|p2b: Exeggutor|Exeggutor, L50, M, tera:Psychic|8/100
|-weather|Snowscape|[from] ability: Snow Warning|[of] p1a: Ninetales
|turn|5
|
|t:|1756896040
|move|p1a: Ninetales|Blizzard|p2a: Torkoal|[spread] p2a,p2b
|-resisted|p2a: Torkoal
|-crit|p2b: Exeggutor
|-damage|p2a: Torkoal|62/100
|-damage|p2b: Exeggutor|0 fnt
|faint|p2b: Exeggutor
|move|p1b: Rillaboom|High Horsepower|p2a: Torkoal
|-supereffective|p2a: Torkoal
|-damage|p2a: Torkoal|13/100
|move|p2a: Torkoal|Eruption|p1a: Ninetales|[spread] p1a,p1b
|-supereffective|p1a: Ninetales
|-resisted|p1b: Rillaboom
|-damage|p1a: Ninetales|84/100
|-damage|p1b: Rillaboom|38/100
|
|-weather|Snowscape|[upkeep]
|upkeep
|turn|6
|inactive|Philippejava has 30 seconds left.
|inactive|Philippejava has 20 seconds left.
|-message|Philippejava forfeited.
|
|win|ranakos
|l|☆Philippejava
|player|p2|
|j|☆Philippejava
|player|p2|Philippejava|falkner|
|l|☆Philippejava
|player|p2|
||ranakos is ready for game 2.
||Philippejava is ready for game 2.
|uhtml|next|Next: Game 2 of 3
