|j|☆snailboss
|j|☆Qwqwanan
|html|snailbossQwqwanan    
|uhtml|bestof|Game 1 of a best-of-3
|t:|1756764978
|gametype|doubles
|player|p1|snailboss|hilda-wonderlauncher|1122
|player|p2|Qwqwanan|fisherman-gen4|1105
|gen|9
|tier|[Gen 9] VGC 2025 Reg H (Bo3)
|rated|
|rule|Species Clause: Limit one of each Pokémon
|rule|Item Clause: Limit 1 of each item
|clearpoke
|poke|p1|Zoroark-Hisui, L50, M|
|poke|p1|Tyranitar, L50, M|
|poke|p1|Excadrill, L50, M|
|poke|p1|Indeedee-F, L50, F|
|poke|p1|Gallade, L50, M|
|poke|p1|Noivern, L50, M|
|poke|p2|Typhlosion-Hisui, L50, M|
|poke|p2|Dragapult, L50, F|
|poke|p2|Torkoal, L50, M|
|poke|p2|Lilligant-Hisui, L50, F|
|poke|p2|Whimsicott, L50, M|
|poke|p2|Electabuzz, L50, M|
|teampreview|4
|showteam|p1|Zoroark-Hisui||ChoiceSpecs|Illusion|HyperVoice,Flamethrower,ShadowBall,HyperBeam|||M|||50|,,,,,Normal]Tyranitar||AssaultVest|SandStream|RockSlide,KnockOff,LowKick,TeraBlast|||M|||50|,,,,,Flying]Excadrill||FocusSash|SandRush|IronHead,Protect,SwordsDance,Earthquake|||M|||50|,,,,,Ground]Indeedee-F||SafetyGoggles|PsychicSurge|TrickRoom,FollowMe,Psychic,HelpingHand|||F|||50|,,,,,Water]Gallade||ClearAmulet|Sharpness|PsychoCut,TrickRoom,WideGuard,SacredSword|||M|||50|,,,,,Grass]Noivern||CovertCloak|Telepathy|SuperFang,Tailwind,Taunt,DracoMeteor|||M|||50|,,,,,Fairy
|showteam|p2|Typhlosion-Hisui||ChoiceSpecs|Blaze|FocusBlast,ShadowBall,HeatWave,Eruption|||M|||50|,,,,,Fire]Dragapult||ChoiceBand|ClearBody|DragonDarts,PhantomForce,Uturn,SuckerPunch|||F|||50|,,,,,Dragon]Torkoal||LifeOrb|Drought|HeatWave,Eruption,Protect,WeatherBall|||M|||50|,,,,,Fire]Lilligant-Hisui||FocusSash|Chlorophyll|SleepPowder,CloseCombat,AfterYou,LeafBlade|||F|||50|,,,,,Grass]Whimsicott||CovertCloak|Prankster|Tailwind,TrickRoom,Moonblast,SunnyDay|||M|||50|,,,,,Grass]Electabuzz||Eviolite|Static|Feint,FollowMe,Protect,VoltSwitch|||M|||50|,,,,,Electric
|inactive|Battle timer is ON: inactive players will automatically lose when time's up. (requested by Qwqwanan)
|
|t:|1756765057
|teamsize|p1|4
|teamsize|p2|4
|start
|switch|p1a: Noivern|Noivern, L50, M|100/100
|switch|p1b: Butter|Indeedee-F, L50, F|100/100
|switch|p2a: Typhlosion|Typhlosion-Hisui, L50, M|100/100
|switch|p2b: Dragapult|Dragapult, L50, F|100/100
|-fieldstart|move: Psychic Terrain|[from] ability: Psychic Surge|[of] p1b: Butter
|turn|1
|
|t:|1756765079
|-terastallize|p2b: Dragapult|Dragon
|move|p1b: Butter|Follow Me|p1b: Butter
|-singleturn|p1b: Butter|move: Follow Me
|move|p2b: Dragapult|Dragon Darts|p1b: Butter
|-damage|p1b: Butter|52/100
|-anim|p2b: Dragapult|Dragon Darts|p1b: Butter
|-damage|p1b: Butter|0 fnt
|faint|p1b: Butter
|move|p1a: Noivern|Tailwind|p1a: Noivern
|-sidestart|p1: snailboss|move: Tailwind
|move|p2a: Typhlosion|Eruption|p1a: Noivern
|-resisted|p1a: Noivern
|-damage|p1a: Noivern|42/100
|
|upkeep
|
|t:|1756765093
|switch|p1b: Dr. Drills|Excadrill, L50, M|100/100
|turn|2
|
|t:|1756765112
|switch|p2b: Torkoal|Torkoal, L50, M|100/100
|-weather|SunnyDay|[from] ability: Drought|[of] p2b: Torkoal
|move|p1a: Noivern|Taunt|p2b: Torkoal
|-start|p2b: Torkoal|move: Taunt
|move|p1b: Dr. Drills|Earthquake|p2a: Typhlosion|[spread] p2a,p2b
|-activate|p1a: Noivern|ability: Telepathy
|-supereffective|p2a: Typhlosion
|-supereffective|p2b: Torkoal
|-damage|p2a: Typhlosion|0 fnt
|-damage|p2b: Torkoal|38/100
|faint|p2a: Typhlosion
|
|-weather|SunnyDay|[upkeep]
|upkeep
|
|t:|1756765127
|switch|p2a: Lilligant|Lilligant-Hisui, L50, F|100/100
|turn|3
|
|t:|1756765139
|switch|p1b: Alice|Tyranitar, L50, M|100/100
|-weather|Sandstorm|[from] ability: Sand Stream|[of] p1b: Alice
|move|p1a: Noivern|Taunt|p2a: Lilligant
|-start|p2a: Lilligant|move: Taunt
|cant|p2a: Lilligant|move: Taunt|After You
|move|p2b: Torkoal|Heat Wave|p1b: Alice|[spread] p1a,p1b
|-resisted|p1a: Noivern
|-resisted|p1b: Alice
|-damage|p1a: Noivern|18/100
|-damage|p1b: Alice|91/100
|-damage|p2b: Torkoal|29/100|[from] item: Life Orb
|
|-weather|Sandstorm|[upkeep]
|-damage|p1a: Noivern|12/100|[from] Sandstorm
|-damage|p2a: Lilligant|94/100|[from] Sandstorm
|-damage|p2b: Torkoal|23/100|[from] Sandstorm
|upkeep
|turn|4
|inactive|snailboss has 30 seconds left.
|
|t:|1756765165
|move|p1a: Noivern|Super Fang|p2a: Lilligant
|-damage|p2a: Lilligant|48/100
|move|p1b: Alice|Knock Off|p2b: Torkoal
|-damage|p2b: Torkoal|0 fnt
|-enditem|p2b: Torkoal|Life Orb|[from] move: Knock Off|[of] p1b: Alice
|faint|p2b: Torkoal
|move|p2a: Lilligant|Close Combat|p1b: Alice
|-supereffective|p1b: Alice
|-damage|p1b: Alice|0 fnt
|-unboost|p2a: Lilligant|def|1
|-unboost|p2a: Lilligant|spd|1
|faint|p1b: Alice
|
|-weather|Sandstorm|[upkeep]
|-damage|p1a: Noivern|6/100|[from] Sandstorm
|-damage|p2a: Lilligant|42/100|[from] Sandstorm
|-sideend|p1: snailboss|move: Tailwind
|upkeep
|
|t:|1756765174
|switch|p1b: Dr. Drills|Excadrill, L50, M|100/100
|switch|p2b: Dragapult|Dragapult, L50, F, tera:Dragon|100/100
|turn|5
|inactive|snailboss has 30 seconds left.
|
|t:|1756765209
|-terastallize|p1a: Noivern|Fairy
|move|p2b: Dragapult|Sucker Punch|p1b: Dr. Drills
|-activate|p1b: Dr. Drills|move: Psychic Terrain
|move|p1b: Dr. Drills|Iron Head|p2a: Lilligant
|-damage|p2a: Lilligant|0 fnt
|faint|p2a: Lilligant
|move|p1a: Noivern|Draco Meteor|p2b: Dragapult
|-supereffective|p2b: Dragapult
|-crit|p2b: Dragapult
|-damage|p2b: Dragapult|0 fnt
|-unboost|p1a: Noivern|spa|2
|faint|p2b: Dragapult
|
|win|snailboss
|inactive|snailboss has 30 seconds to confirm battle start!
|inactive|Qwqwanan has 30 seconds to confirm battle start!
||Qwqwanan is ready for game 2.
|inactive|snailboss has 20 seconds to confirm battle start!
|inactive|snailboss has 10 seconds to confirm battle start!
|uhtml|next|Next: Game 2 of 3
|l|☆Qwqwanan
|player|p2|
