|j|☆mil0battles
|j|☆danicruz.music
|html|mil0battlesdanicruz.music    
|uhtml|bestof|Game 2 of a best-of-3
|t:|1756600839
|gametype|doubles
|player|p1|mil0battles|pokemonranger-gen4|1145
|player|p2|danicruz.music|whitney|1117
|gen|9
|tier|[Gen 9] VGC 2025 Reg H (Bo3)
|rated|
|rule|Species Clause: Limit one of each Pokémon
|rule|Item Clause: Limit 1 of each item
|clearpoke
|poke|p1|Incineroar, L50, F|
|poke|p1|Primarina, L50, M|
|poke|p1|Gholdengo, L50|
|poke|p1|Sneasler, L50, M|
|poke|p1|Kilowattrel, L50, F|
|poke|p1|Rillaboom, L50, M|
|poke|p2|Dondozo, L50, F|
|poke|p2|Tatsugiri, L50, M|
|poke|p2|Pelipper, L50, F|
|poke|p2|Archaludon, L50, M|
|poke|p2|Corviknight, L50, M|
|poke|p2|Garchomp, L50, F|
|teampreview|4
|showteam|p1|Incineroar||SafetyGoggles|Intimidate|FakeOut,KnockOff,PartingShot,FlareBlitz|||F|||50|,,,,,Ghost]Primarina||ThroatSpray|LiquidVoice|HyperVoice,Moonblast,Haze,Protect|||M|||50|,,,,,Poison]Gholdengo||LifeOrb|GoodasGold|NastyPlot,MakeItRain,ShadowBall,Protect||||||50|,,,,,Water]Sneasler||WhiteHerb|Unburden|DireClaw,CloseCombat,FakeOut,Protect|||M|||50|,,,,,Stellar]Kilowattrel||FocusSash|Competitive|AirSlash,Thunderbolt,Tailwind,Protect|||F|||50|,,,,,Ghost]Rillaboom||AssaultVest|GrassySurge|GrassyGlide,WoodHammer,FakeOut,Uturn|||M|||50|,,,,,Fire
|showteam|p2|Dondozo||Leftovers|Unaware|WaveCrash,Earthquake,OrderUp,Protect|||F|||50|,,,,,Ground]Tatsugiri||FocusSash|Commander|DragonPulse,DracoMeteor,MuddyWater,IcyWind|||M|||50|,,,,,Fairy]Pelipper||CovertCloak|Drizzle|Hurricane,WeatherBall,WideGuard,Tailwind|||F|||50|,,,,,Water]Archaludon||PowerHerb|Stalwart|ElectroShot,MeteorBeam,DracoMeteor,Protect|||M|||50|,,,,,Electric]Corviknight||SitrusBerry|Unnerve|BraveBird,Tailwind,Roost,Protect|||M|||50|,,,,,Flying]Garchomp||ClearAmulet|RoughSkin|DragonClaw,Earthquake,RockSlide,Protect|||F|||50|,,,,,Dragon
|inactive|Battle timer is ON: inactive players will automatically lose when time's up. (requested by danicruz.music)
|inactive|mil0battles has 60 seconds left.
|
|t:|1756600886
|teamsize|p1|4
|teamsize|p2|4
|start
|switch|p1a: Kilowattrel|Kilowattrel, L50, F|100/100
|switch|p1b: Rillaboom|Rillaboom, L50, M|100/100
|switch|p2a: Archaludon|Archaludon, L50, M|100/100
|switch|p2b: Pelipper|Pelipper, L50, F|100/100
|-fieldstart|move: Grassy Terrain|[from] ability: Grassy Surge|[of] p1b: Rillaboom
|-weather|RainDance|[from] ability: Drizzle|[of] p2b: Pelipper
|turn|1
|
|t:|1756600903
|move|p1b: Rillaboom|Fake Out|p2a: Archaludon
|-resisted|p2a: Archaludon
|-damage|p2a: Archaludon|94/100
|move|p1a: Kilowattrel|Thunderbolt|p2b: Pelipper
|-supereffective|p2b: Pelipper
|-damage|p2b: Pelipper|0 fnt
|faint|p2b: Pelipper
|cant|p2a: Archaludon|flinch
|
|-weather|RainDance|[upkeep]
|-heal|p2a: Archaludon|100/100|[from] Grassy Terrain
|upkeep
|
|t:|1756600910
|switch|p2b: Tatsugiri|Tatsugiri, L50, M|100/100
|turn|2
|
|t:|1756600918
|move|p1a: Kilowattrel|Tailwind|p1a: Kilowattrel
|-sidestart|p1: mil0battles|move: Tailwind
|move|p1b: Rillaboom|Wood Hammer|p2a: Archaludon
|-resisted|p2a: Archaludon
|-crit|p2a: Archaludon
|-damage|p2a: Archaludon|74/100
|-damage|p1b: Rillaboom|94/100|[from] Recoil
|move|p2a: Archaludon|Meteor Beam||[still]
|-prepare|p2a: Archaludon|Meteor Beam
|-boost|p2a: Archaludon|spa|1
|-enditem|p2a: Archaludon|Power Herb
|-anim|p2a: Archaludon|Meteor Beam|p1a: Kilowattrel
|-supereffective|p1a: Kilowattrel
|-enditem|p1a: Kilowattrel|Focus Sash
|-damage|p1a: Kilowattrel|1/100
|move|p2b: Tatsugiri|Icy Wind|p1a: Kilowattrel|[spread] p1a,p1b
|-supereffective|p1a: Kilowattrel
|-supereffective|p1b: Rillaboom
|-crit|p1b: Rillaboom
|-damage|p1a: Kilowattrel|0 fnt
|-damage|p1b: Rillaboom|64/100
|-unboost|p1b: Rillaboom|spe|1
|faint|p1a: Kilowattrel
|
|-weather|RainDance|[upkeep]
|-heal|p1b: Rillaboom|69/100|[from] Grassy Terrain
|-heal|p2a: Archaludon|80/100|[from] Grassy Terrain
|upkeep
|
|t:|1756600931
|switch|p1a: Gholdengo|Gholdengo, L50|100/100
|turn|3
|
|t:|1756600942
|move|p1a: Gholdengo|Make It Rain|p2a: Archaludon|[spread] p2a,p2b
|-resisted|p2a: Archaludon
|-resisted|p2b: Tatsugiri
|-damage|p2a: Archaludon|39/100
|-damage|p2b: Tatsugiri|65/100
|-unboost|p1a: Gholdengo|spa|1
|-damage|p1a: Gholdengo|91/100|[from] item: Life Orb
|move|p1b: Rillaboom|Wood Hammer|p2a: Archaludon
|-resisted|p2a: Archaludon
|-damage|p2a: Archaludon|22/100
|-damage|p1b: Rillaboom|65/100|[from] Recoil
|move|p2a: Archaludon|Electro Shot||[still]
|-prepare|p2a: Archaludon|Electro Shot
|-boost|p2a: Archaludon|spa|1
|-anim|p2a: Archaludon|Electro Shot|p1a: Gholdengo
|-damage|p1a: Gholdengo|0 fnt
|faint|p1a: Gholdengo
|move|p2b: Tatsugiri|Icy Wind|p1b: Rillaboom
|-supereffective|p1b: Rillaboom
|-damage|p1b: Rillaboom|36/100
|-unboost|p1b: Rillaboom|spe|1
|
|-weather|RainDance|[upkeep]
|-heal|p2a: Archaludon|28/100|[from] Grassy Terrain
|-heal|p2b: Tatsugiri|70/100|[from] Grassy Terrain
|-heal|p1b: Rillaboom|42/100|[from] Grassy Terrain
|upkeep
|
|t:|1756600950
|switch|p1a: Primarina|Primarina, L50, M|100/100
|turn|4
|
|t:|1756600964
|switch|p2b: Dondozo|Dondozo, L50, F|100/100
|-terastallize|p2a: Archaludon|Electric
|move|p1b: Rillaboom|Grassy Glide|p2b: Dondozo
|-supereffective|p2b: Dondozo
|-damage|p2b: Dondozo|60/100
|move|p1a: Primarina|Hyper Voice|p2a: Archaludon|[spread] p2a,p2b
|-resisted|p2b: Dondozo
|-damage|p2a: Archaludon|0 fnt
|-damage|p2b: Dondozo|35/100
|faint|p2a: Archaludon
|-enditem|p1a: Primarina|Throat Spray
|-boost|p1a: Primarina|spa|1|[from] item: Throat Spray
|
|-weather|RainDance|[upkeep]
|-heal|p1b: Rillaboom|48/100|[from] Grassy Terrain
|-heal|p2b: Dondozo|41/100|[from] Grassy Terrain
|-heal|p2b: Dondozo|47/100|[from] item: Leftovers
|upkeep
|
|t:|1756600971
|switch|p2a: Tatsugiri|Tatsugiri, L50, M|70/100
|-activate|p2a: Tatsugiri|ability: Commander|[of] p2b: Dondozo
|-boost|p2b: Dondozo|atk|2
|-boost|p2b: Dondozo|spa|2
|-boost|p2b: Dondozo|spe|2
|-boost|p2b: Dondozo|def|2
|-boost|p2b: Dondozo|spd|2
|turn|5
|
|t:|1756600982
|move|p2b: Dondozo|Protect|p2b: Dondozo
|-singleturn|p2b: Dondozo|Protect
|move|p1a: Primarina|Haze|p1a: Primarina
|-clearallboost
|move|p1b: Rillaboom|Wood Hammer|p2b: Dondozo
|-activate|p2b: Dondozo|move: Protect
|
|-weather|none
|-heal|p1b: Rillaboom|54/100|[from] Grassy Terrain
|-heal|p2a: Tatsugiri|76/100|[from] Grassy Terrain
|-heal|p2b: Dondozo|53/100|[from] Grassy Terrain
|-heal|p2b: Dondozo|60/100|[from] item: Leftovers
|-sideend|p1: mil0battles|move: Tailwind
|-fieldend|move: Grassy Terrain
|upkeep
|turn|6
|
|t:|1756600991
|move|p1b: Rillaboom|Wood Hammer|p2b: Dondozo
|-supereffective|p2b: Dondozo
|-damage|p2b: Dondozo|0 fnt
|faint|p2b: Dondozo
|-damage|p1b: Rillaboom|30/100|[from] Recoil
|move|p1a: Primarina|Moonblast|p2a: Tatsugiri
|-supereffective|p2a: Tatsugiri
|-damage|p2a: Tatsugiri|0 fnt
|faint|p2a: Tatsugiri
|
|win|mil0battles
|raw|mil0battles's rating: 1145 → 1168(+23 for winning)
|raw|danicruz.music's rating: 1117 → 1094(-23 for losing)
|l|☆danicruz.music
|player|p2|
