|j|☆RrrrrMemes9
|j|☆chargem13
|html|RrrrrMemes9chargem13    
|uhtml|bestof|Game 1 of a best-of-3
|t:|1782250938
|gametype|doubles
|player|p1|RrrrrMemes9|n|
|player|p2|chargem13|iris|
|gen|9
|tier|[Gen 9 Champions] VGC 2026 Reg M-B (Bo3)
|rule|Species Clause: Limit one of each Pokémon
|rule|Item Clause: Limit 1 of each item
|clearpoke
|poke|p1|Heracross, L50, M|
|poke|p1|Pidgeot, L50, M|
|poke|p1|Ditto, L50, shiny|
|poke|p1|Sneasler, L50, M|
|poke|p1|Alakazam, L50, M|
|poke|p1|Forretress, L50, F|
|poke|p2|Gyarados, L50, F, shiny|
|poke|p2|Sceptile, L50, M|
|poke|p2|Mamoswine, L50, M, shiny|
|poke|p2|Rotom-Heat, L50|
|poke|p2|Gardevoir, L50, F, shiny|
|poke|p2|Talonflame, L50, M, shiny|
|teampreview|4
|showteam|p1|Heracross||Heracronite|Moxie|CloseCombat,Megahorn,Counter,Detect|Impish||M|||50|]Pidgeot||Pidgeotite|BigPecks|HeatWave,Hurricane,Roost,Tailwind|Timid||M|||50|]Ditto||Leftovers|Imposter|Transform|Bold|||||50|]Sneasler||FocusSash|Unburden|DireClaw,CloseCombat,FakeOut,Uturn|Adamant||M|||50|]Alakazam||SitrusBerry|MagicGuard|ExpandingForce,Protect,CalmMind,PsychicTerrain|Timid||M|||50|]Forretress||QuickClaw|Sturdy|Explosion,Protect,IronDefense,BodyPress|Careful||F|||50|
|showteam|p2|Gyarados||Leftovers|Intimidate|Protect,DragonDance,Earthquake,Waterfall|Jolly||F|||50|]Sceptile||Sceptilite|Overgrow|Detect,EarthPower,DragonPulse,LeafStorm|Timid||M|||50|]Mamoswine||SitrusBerry|Oblivious|Protect,IceShard,IcicleCrash,Earthquake|Adamant||M|||50|]Rotom-Heat||ChoiceScarf|Levitate|VoltSwitch,Discharge,Overheat,Trick|Timid|||||50|]Gardevoir||FocusSash|Telepathy|Imprison,TrickRoom,DazzlingGleam,Moonblast|Timid||F|||50|]Talonflame||LifeOrb|GaleWings|Tailwind,UpperHand,FlareBlitz,BraveBird|Jolly||M|||50|
|
|t:|1782250988
|teamsize|p1|4
|teamsize|p2|4
|start
|switch|p1a: Sante|Sneasler, L50, M|100/100
|switch|p1b: Basic Bird|Pidgeot, L50, M|100/100
|switch|p2a: Lorelei|Gardevoir, L50, F, shiny|100/100
|switch|p2b: RevivePhoenix|Talonflame, L50, M, shiny|100/100
|turn|1
|
|t:|1782251055
|move|p1a: Sante|Fake Out|p2a: Lorelei
|-damage|p2a: Lorelei|74/100
|move|p2b: RevivePhoenix|Tailwind|p2b: RevivePhoenix
|-sidestart|p2: chargem13|move: Tailwind
|cant|p2a: Lorelei|flinch
|move|p1b: Basic Bird|Tailwind|p1b: Basic Bird
|-sidestart|p1: RrrrrMemes9|move: Tailwind
|
|upkeep
|turn|2
|
|t:|1782251091
|detailschange|p1b: Basic Bird|Pidgeot-Mega, L50, M
|-mega|p1b: Basic Bird|Pidgeot|Pidgeotite
|move|p2b: RevivePhoenix|Brave Bird|p1a: Sante
|-supereffective|p1a: Sante|1
|-enditem|p1a: Sante|Focus Sash
|-damage|p1a: Sante|1/100
|-damage|p2b: RevivePhoenix|66/100|[from] Recoil
|-damage|p2b: RevivePhoenix|56/100|[from] item: Life Orb
|move|p1a: Sante|Dire Claw|p2a: Lorelei
|-supereffective|p2a: Lorelei|1
|-damage|p2a: Lorelei|0 fnt
|faint|p2a: Lorelei
|move|p1b: Basic Bird|Hurricane|p2b: RevivePhoenix
|-damage|p2b: RevivePhoenix|0 fnt
|faint|p2b: RevivePhoenix
|
|upkeep
|
|t:|1782251106
|switch|p2b: Punkmas|Sceptile, L50, M|100/100
|switch|p2a: RagingLight|Gyarados, L50, F, shiny|100/100
|-ability|p2a: RagingLight|Intimidate|boost
|-unboost|p1a: Sante|atk|1
|-unboost|p1b: Basic Bird|atk|1
|turn|3
|
|t:|1782251157
|detailschange|p2b: Punkmas|Sceptile-Mega, L50, M
|-mega|p2b: Punkmas|Sceptile|Sceptilite
|move|p2b: Punkmas|Detect|p2b: Punkmas
|-singleturn|p2b: Punkmas|Protect
|move|p1a: Sante|Dire Claw|p2b: Punkmas
|-activate|p2b: Punkmas|move: Protect
|move|p1b: Basic Bird|Hurricane|p2b: Punkmas
|-activate|p2b: Punkmas|move: Protect
|move|p2a: RagingLight|Dragon Dance|p2a: RagingLight
|-boost|p2a: RagingLight|atk|1
|-boost|p2a: RagingLight|spe|1
|
|upkeep
|turn|4
|
|t:|1782251194
|move|p1a: Sante|Dire Claw|p2b: Punkmas
|-supereffective|p2b: Punkmas|1
|-damage|p2b: Punkmas|10/100
|move|p2a: RagingLight|Waterfall|p1b: Basic Bird
|-damage|p1b: Basic Bird|15/100
|move|p2b: Punkmas|Earth Power|p1a: Sante
|-supereffective|p1a: Sante|1
|-damage|p1a: Sante|0 fnt
|faint|p1a: Sante
|cant|p1b: Basic Bird|flinch
|
|-sideend|p1: RrrrrMemes9|move: Tailwind
|-sideend|p2: chargem13|move: Tailwind
|upkeep
|
|t:|1782251212
|switch|p1a: Boom|Forretress, L50, F|100/100
|turn|5
|
|t:|1782251241
|move|p1a: Boom|Protect|p1a: Boom
|-singleturn|p1a: Boom|Protect
|move|p2a: RagingLight|Waterfall|p1b: Basic Bird
|-damage|p1b: Basic Bird|0 fnt
|faint|p1b: Basic Bird
|move|p2b: Punkmas|Earth Power|p1a: Boom
|-activate|p1a: Boom|move: Protect
|
|upkeep
|
|t:|1782251249
|switch|p1b: Alakazam|Alakazam, L50, M|100/100
|turn|6
|-activate|p1a: Boom|item: Quick Claw
|
|t:|1782251290
|move|p1b: Alakazam|Protect|p1b: Alakazam
|-singleturn|p1b: Alakazam|Protect
|move|p1a: Boom|Explosion|p2b: Punkmas|[spread] p2a,p2b
|-activate|p1b: Alakazam|move: Protect
|-damage|p2a: RagingLight|47/100
|-damage|p2b: Punkmas|0 fnt
|faint|p1a: Boom
|faint|p2b: Punkmas
|move|p2a: RagingLight|Waterfall|p1b: Alakazam
|-activate|p1b: Alakazam|move: Protect
|
|-heal|p2a: RagingLight|52/100|[from] item: Leftovers
|upkeep
|turn|7
|
|t:|1782251324
|move|p2a: RagingLight|Waterfall|p1b: Alakazam
|-damage|p1b: Alakazam|0 fnt
|faint|p1b: Alakazam
|
|win|chargem13
||RrrrrMemes9 is ready for game 2.
||chargem13 is ready for game 2.
|uhtml|next|Next: Game 2 of 3
|l|☆RrrrrMemes9
|player|p1|
