|j|☆SelvesterTheYAK
|j|☆snakke001
|html|SelvesterTheYAKsnakke001    
|uhtml|bestof|Game 3 of a best-of-3
|t:|1756870140
|gametype|doubles
|player|p1|SelvesterTheYAK|170|1151
|player|p2|snakke001|biker-gen4|1055
|gen|9
|tier|[Gen 9] VGC 2025 Reg H (Bo3)
|rated|
|rule|Species Clause: Limit one of each Pokémon
|rule|Item Clause: Limit 1 of each item
|clearpoke
|poke|p1|Tyranitar, L50, M|
|poke|p1|Arcanine-Hisui, L50, F|
|poke|p1|Kommo-o, L50, M|
|poke|p1|Gholdengo, L50|
|poke|p1|Rillaboom, L50, M|
|poke|p1|Electabuzz, L50, M|
|poke|p2|Volcarona, L50, M|
|poke|p2|Kingambit, L50, M|
|poke|p2|Dragonite, L50, M|
|poke|p2|Sneasler, L50, F|
|poke|p2|Rillaboom, L50, M|
|poke|p2|Electabuzz, L50, M|
|teampreview|4
|showteam|p1|Tyranitar||AssaultVest|SandStream|RockSlide,KnockOff,TeraBlast,LowKick|||M|||50|,,,,,Flying]Arcanine-Hisui||SitrusBerry|Intimidate|RockSlide,FlareBlitz,WillOWisp,Howl|||F|||50|,,,,,Water]Kommo-o||Leftovers|Overcoat|IronDefense,BodyPress,Protect,DragonClaw|||M|||50|,,,,,Steel]Gholdengo||LifeOrb|GoodasGold|MakeItRain,ShadowBall,NastyPlot,Protect||||||50|,,,,,Steel]Rillaboom||MiracleSeed|GrassySurge|FakeOut,GrassyGlide,WoodHammer,Protect|||M|||50|,,,,,Grass]Electabuzz||Eviolite|VitalSpirit|Taunt,Protect,Electroweb,FollowMe|||M|||50|,,,,,Ghost
|showteam|p2|Volcarona||Leftovers|FlameBody|HeatWave,TeraBlast,QuiverDance,Protect|||M|||50|,,,,,Fairy]Kingambit||BlackGlasses|Defiant|KowtowCleave,SuckerPunch,SwordsDance,Protect|||M|||50|,,,,,Dark]Dragonite||LoadedDice|Multiscale|ScaleShot,ExtremeSpeed,Haze,Protect|||M|||50|,,,,,Steel]Sneasler||FocusSash|PoisonTouch|CloseCombat,DireClaw,FakeOut,Coaching|||F|||50|,,,,,Stellar]Rillaboom||AssaultVest|GrassySurge|WoodHammer,GrassyGlide,HighHorsepower,FakeOut|||M|||50|,,,,,Fire]Electabuzz||Eviolite|VitalSpirit|Thunderbolt,Taunt,FollowMe,Protect|||M|||50|,,,,,Ghost
|inactive|Battle timer is ON: inactive players will automatically lose when time's up. (requested by snakke001)
|
|t:|1756870168
|teamsize|p1|4
|teamsize|p2|4
|start
|switch|p1a: Tyranitar|Tyranitar, L50, M|100/100
|switch|p1b: Arcanine|Arcanine-Hisui, L50, F|100/100
|switch|p2a: Dragonite|Dragonite, L50, M, shiny|100/100
|switch|p2b: Sneasler|Sneasler, L50, F, shiny|100/100
|-ability|p1b: Arcanine|Intimidate|boost
|-unboost|p2a: Dragonite|atk|1
|-unboost|p2b: Sneasler|atk|1
|-weather|Sandstorm|[from] ability: Sand Stream|[of] p1a: Tyranitar
|turn|1
|inactive|SelvesterTheYAK has 30 seconds left.
|inactive|snakke001 has 30 seconds left.
|inactive|SelvesterTheYAK has 20 seconds left.
|inactive|snakke001 has 20 seconds left.
|inactive|SelvesterTheYAK has 15 seconds left.
|inactive|snakke001 has 15 seconds left.
|inactive|snakke001 has 10 seconds left.
|
|t:|1756870215
|switch|p1b: Gholdengo|Gholdengo, L50|100/100
|-terastallize|p2b: Sneasler|Stellar
|-terastallize|p1a: Tyranitar|Flying
|move|p2b: Sneasler|Close Combat|p1b: Gholdengo
|-immune|p1b: Gholdengo
|move|p2a: Dragonite|Scale Shot|p1a: Tyranitar
|-damage|p1a: Tyranitar|91/100
|-damage|p1a: Tyranitar|83/100
|-damage|p1a: Tyranitar|74/100
|-damage|p1a: Tyranitar|66/100
|-hitcount|p1a: Tyranitar|4
|-unboost|p2a: Dragonite|def|1
|-boost|p2a: Dragonite|spe|1
|move|p1a: Tyranitar|Tera Blast|p2b: Sneasler|[anim] Tera Blast Flying
|-supereffective|p2b: Sneasler
|-enditem|p2b: Sneasler|Focus Sash
|-damage|p2b: Sneasler|1/100
|
|-weather|Sandstorm|[upkeep]
|-damage|p2a: Dragonite|95/100|[from] Sandstorm
|-damage|p2b: Sneasler|0 fnt|[from] Sandstorm
|-damage|p1a: Tyranitar|60/100|[from] Sandstorm
|faint|p2b: Sneasler
|upkeep
|
|t:|1756870227
|switch|p2b: Rillaboom|Rillaboom, L50, M, shiny|100/100
|-fieldstart|move: Grassy Terrain|[from] ability: Grassy Surge|[of] p2b: Rillaboom
|turn|2
|
|t:|1756870247
|switch|p2a: Electabuzz|Electabuzz, L50, M, shiny|100/100
|switch|p1a: Arcanine|Arcanine-Hisui, L50, F|100/100
|-ability|p1a: Arcanine|Intimidate|boost
|-unboost|p2a: Electabuzz|atk|1
|-unboost|p2b: Rillaboom|atk|1
|move|p1b: Gholdengo|Protect|p1b: Gholdengo
|-singleturn|p1b: Gholdengo|Protect
|move|p2b: Rillaboom|High Horsepower|p1b: Gholdengo
|-activate|p1b: Gholdengo|move: Protect
|
|-weather|Sandstorm|[upkeep]
|-damage|p2a: Electabuzz|95/100|[from] Sandstorm
|-damage|p2b: Rillaboom|94/100|[from] Sandstorm
|-heal|p2a: Electabuzz|100/100|[from] Grassy Terrain
|-heal|p2b: Rillaboom|100/100|[from] Grassy Terrain
|upkeep
|turn|3
|inactive|SelvesterTheYAK has 30 seconds left.
|
|t:|1756870278
|switch|p1b: Tyranitar|Tyranitar, L50, M, tera:Flying|60/100
|move|p2a: Electabuzz|Follow Me|p2a: Electabuzz
|-singleturn|p2a: Electabuzz|move: Follow Me
|move|p1a: Arcanine|Flare Blitz|p2a: Electabuzz
|-damage|p2a: Electabuzz|62/100
|-status|p2a: Electabuzz|brn
|-damage|p1a: Arcanine|89/100|[from] Recoil
|move|p2b: Rillaboom|High Horsepower|p1b: Tyranitar
|-immune|p1b: Tyranitar
|
|-weather|Sandstorm|[upkeep]
|-damage|p2a: Electabuzz|56/100 brn|[from] Sandstorm
|-damage|p2b: Rillaboom|94/100|[from] Sandstorm
|-damage|p1b: Tyranitar|54/100|[from] Sandstorm
|-heal|p1a: Arcanine|95/100|[from] Grassy Terrain
|-heal|p2a: Electabuzz|62/100 brn|[from] Grassy Terrain
|-heal|p2b: Rillaboom|100/100|[from] Grassy Terrain
|-damage|p2a: Electabuzz|56/100 brn|[from] brn
|upkeep
|turn|4
|
|t:|1756870298
|move|p1a: Arcanine|Rock Slide|p2b: Rillaboom|[spread] p2a,p2b
|-damage|p2a: Electabuzz|40/100 brn
|-damage|p2b: Rillaboom|80/100
|move|p2a: Electabuzz|Thunderbolt|p1b: Tyranitar
|-supereffective|p1b: Tyranitar
|-damage|p1b: Tyranitar|16/100
|move|p2b: Rillaboom|High Horsepower|p1a: Arcanine
|-supereffective|p1a: Arcanine
|-damage|p1a: Arcanine|5/100
|-enditem|p1a: Arcanine|Sitrus Berry|[eat]
|-heal|p1a: Arcanine|30/100|[from] item: Sitrus Berry
|move|p1b: Tyranitar|Rock Slide|p2a: Electabuzz|[spread] p2a,p2b
|-damage|p2a: Electabuzz|17/100 brn
|-damage|p2b: Rillaboom|49/100
|
|-weather|Sandstorm|[upkeep]
|-damage|p2a: Electabuzz|11/100 brn|[from] Sandstorm
|-damage|p2b: Rillaboom|43/100|[from] Sandstorm
|-damage|p1b: Tyranitar|10/100|[from] Sandstorm
|-heal|p1a: Arcanine|36/100|[from] Grassy Terrain
|-heal|p2a: Electabuzz|17/100 brn|[from] Grassy Terrain
|-heal|p2b: Rillaboom|49/100|[from] Grassy Terrain
|-damage|p2a: Electabuzz|11/100 brn|[from] brn
|upkeep
|turn|5
|inactive|snakke001 has 30 seconds left.
|inactive|SelvesterTheYAK has 30 seconds left.
|
|t:|1756870329
|move|p2b: Rillaboom|Grassy Glide|p1b: Tyranitar
|-resisted|p1b: Tyranitar
|-damage|p1b: Tyranitar|0 fnt
|faint|p1b: Tyranitar
|move|p1a: Arcanine|Rock Slide|p2b: Rillaboom|[spread] p2a,p2b
|-damage|p2a: Electabuzz|0 fnt
|-damage|p2b: Rillaboom|26/100
|faint|p2a: Electabuzz
|
|-weather|none
|-heal|p1a: Arcanine|42/100|[from] Grassy Terrain
|-heal|p2b: Rillaboom|32/100|[from] Grassy Terrain
|upkeep
|
|t:|1756870344
|switch|p2a: Dragonite|Dragonite, L50, M, shiny|95/100
|switch|p1b: Gholdengo|Gholdengo, L50|100/100
|turn|6
|inactive|snakke001 has 30 seconds left.
|inactive|SelvesterTheYAK has 30 seconds left.
|
|t:|1756870381
|move|p1a: Arcanine|Flare Blitz|p2b: Rillaboom
|-supereffective|p2b: Rillaboom
|-damage|p2b: Rillaboom|0 fnt
|faint|p2b: Rillaboom
|-damage|p1a: Arcanine|32/100|[from] Recoil
|move|p1b: Gholdengo|Make It Rain|p2a: Dragonite
|-damage|p2a: Dragonite|13/100
|-unboost|p1b: Gholdengo|spa|1
|-damage|p1b: Gholdengo|91/100|[from] item: Life Orb
|move|p2a: Dragonite|Scale Shot|p1a: Arcanine
|-damage|p1a: Arcanine|16/100
|-damage|p1a: Arcanine|0 fnt
|faint|p1a: Arcanine
|-hitcount|p1: Arcanine|2
|-unboost|p2a: Dragonite|def|1
|-boost|p2a: Dragonite|spe|1
|
|-heal|p1b: Gholdengo|97/100|[from] Grassy Terrain
|-fieldend|move: Grassy Terrain
|upkeep
|
|t:|1756870401
|switch|p1a: Electabuzz|Electabuzz, L50, M|100/100
|turn|7
|
|t:|1756870407
|move|p1a: Electabuzz|Follow Me|p1a: Electabuzz
|-singleturn|p1a: Electabuzz|move: Follow Me
|move|p2a: Dragonite|Scale Shot|p1a: Electabuzz
|-damage|p1a: Electabuzz|87/100
|-damage|p1a: Electabuzz|72/100
|-damage|p1a: Electabuzz|56/100
|-damage|p1a: Electabuzz|40/100
|-hitcount|p1a: Electabuzz|4
|-unboost|p2a: Dragonite|def|1
|-boost|p2a: Dragonite|spe|1
|move|p1b: Gholdengo|Shadow Ball|p2a: Dragonite
|-damage|p2a: Dragonite|0 fnt
|faint|p2a: Dragonite
|-damage|p1b: Gholdengo|87/100|[from] item: Life Orb
|
|win|SelvesterTheYAK
|raw|SelvesterTheYAK's rating: 1151 → 1169(+18 for winning)
|raw|snakke001's rating: 1055 → 1042(-13 for losing)
|c|☆SelvesterTheYAK|ggwp
|l|☆snakke001
|player|p2|
|c|☆SelvesterTheYAK|it was close
|c|☆SelvesterTheYAK|I won off some predicts my team needs work
