|j|☆ReactorX
|j|‽informtech
|html|ReactorXinformtech    
|uhtml|bestof|Game 1 of a best-of-3
|t:|1783008403
|gametype|doubles
|player|p1|ReactorX|alder|1094
|player|p2|informtech|170|1134
|gen|9
|tier|[Gen 9 Champions] VGC 2026 Reg M-B (Bo3)
|rated|
|rule|Species Clause: Limit one of each Pokémon
|rule|Item Clause: Limit 1 of each item
|clearpoke
|poke|p1|Camerupt, L50, M, shiny|
|poke|p1|Farigiraf, L50, F, shiny|
|poke|p1|Incineroar, L50, M|
|poke|p1|Sylveon, L50, F|
|poke|p1|Rotom-Wash, L50|
|poke|p1|Mawile, L50, F|
|poke|p2|Staraptor, L50, M|
|poke|p2|Whimsicott, L50, M|
|poke|p2|Basculegion, L50, M|
|poke|p2|Garchomp, L50, M|
|poke|p2|Charizard, L50, F|
|poke|p2|Kingambit, L50, F|
|teampreview|4
|showteam|p1|Camerupt||Cameruptite|SolidRock|AncientPower,Protect,HeatWave,EarthPower|Quiet||M|||50|]Farigiraf||ColburBerry|ArmorTail|Imprison,TwinBeam,TrickRoom,Protect|Bold||F|||50|]Incineroar||PasshoBerry|Intimidate|PartingShot,FakeOut,ThroatChop,FlareBlitz|Sassy||M|||50|]Sylveon||FairyFeather|Pixilate|HyperBeam,HyperVoice,QuickAttack,Protect|Quiet||F|||50|]Rotom-Wash||ChoiceScarf|Levitate|HydroPump,VoltSwitch,Electroweb,Trick|Modest|||||50|]Mawile||Mawilite|HyperCutter|IronHead,PlayRough,Protect,SwordsDance|Brave||F|||50|
|showteam|p2|Staraptor||Staraptite|Intimidate|CloseCombat,DualWingbeat,Protect,Roost|Adamant||M|||50|]Whimsicott||FocusSash|Prankster|Tailwind,TrickRoom,Moonblast,Tickle|Quiet||M|||50|]Basculegion||LifeOrb|Adaptability|LastRespects,Protect,AquaJet,WaveCrash|Jolly||M|||50|]Garchomp||ExpertBelt|RoughSkin|DragonClaw,RockTomb,Earthquake,Protect|Adamant||M|||50|]Charizard||CharizarditeY|SolarPower|HeatWave,AirSlash,SolarBeam,Protect|Modest||F|||50|]Kingambit||BlackGlasses|Defiant|KowtowCleave,SuckerPunch,Protect,IronHead|Adamant||F|||50|
|
|t:|1783008460
|teamsize|p1|4
|teamsize|p2|4
|start
|switch|p1a: Mimu|Farigiraf, L50, F, shiny|100/100
|switch|p1b: Rotom|Rotom-Wash, L50|100/100
|switch|p2a: Whimsicott|Whimsicott, L50, M|100/100
|switch|p2b: Garchomp|Garchomp, L50, M|100/100
|turn|1
|inactive|Battle timer is ON: inactive players will automatically lose when time's up. (requested by informtech)
|
|t:|1783008479
|move|p1b: Rotom|Trick|p2b: Garchomp
|-activate|p1b: Rotom|move: Trick|[of] p2b: Garchomp
|-item|p2b: Garchomp|Choice Scarf|[from] move: Trick
|-item|p1b: Rotom|Expert Belt|[from] move: Trick
|move|p2b: Garchomp|Dragon Claw|p1a: Mimu
|-damage|p1a: Mimu|65/100
|move|p2a: Whimsicott|Trick Room|p2a: Whimsicott
|-fieldstart|move: Trick Room|[of] p2a: Whimsicott
|move|p1a: Mimu|Trick Room|p1a: Mimu
|-fieldend|move: Trick Room
|
|upkeep
|turn|2
|
|t:|1783008494
|move|p1a: Mimu|Protect|p1a: Mimu
|-singleturn|p1a: Mimu|Protect
|move|p2b: Garchomp|Dragon Claw|p1a: Mimu
|-activate|p1a: Mimu|move: Protect
|move|p2a: Whimsicott|Moonblast|p1a: Mimu
|-activate|p1a: Mimu|move: Protect
|move|p1b: Rotom|Hydro Pump|p2b: Garchomp
|-damage|p2b: Garchomp|54/100
|
|upkeep
|turn|3
|
|t:|1783008510
|switch|p1a: Disrupt|Incineroar, L50, M|100/100
|-ability|p1a: Disrupt|Intimidate|boost
|-unboost|p2a: Whimsicott|atk|1
|-unboost|p2b: Garchomp|atk|1
|move|p2b: Garchomp|Dragon Claw|p1a: Disrupt
|-damage|p1a: Disrupt|73/100
|move|p2a: Whimsicott|Moonblast|p1a: Disrupt
|-damage|p1a: Disrupt|44/100
|move|p1b: Rotom|Volt Switch|p2a: Whimsicott
|-resisted|p2a: Whimsicott|1
|-damage|p2a: Whimsicott|79/100
|
|t:|1783008523
|switch|p1b: Mimu|Farigiraf, L50, F, shiny|65/100|[from] Volt Switch
|
|upkeep
|turn|4
|
|t:|1783008539
|move|p1a: Disrupt|Fake Out|p2a: Whimsicott
|-damage|p2a: Whimsicott|64/100
|move|p2b: Garchomp|Dragon Claw|p1b: Mimu
|-damage|p1b: Mimu|44/100
|cant|p2a: Whimsicott|flinch
|move|p1b: Mimu|Trick Room|p1b: Mimu
|-fieldstart|move: Trick Room|[of] p1b: Mimu
|
|upkeep
|turn|5
|
|t:|1783008544
|move|p1a: Disrupt|Parting Shot|p2b: Garchomp
|-unboost|p2b: Garchomp|atk|1
|-unboost|p2b: Garchomp|spa|1
|
|t:|1783008549
|switch|p1a: Yellowstone|Camerupt, L50, M, shiny|100/100|[from] Parting Shot
|move|p1b: Mimu|Imprison|p1b: Mimu
|-start|p1b: Mimu|move: Imprison
|move|p2b: Garchomp|Dragon Claw|p1b: Mimu
|-damage|p1b: Mimu|26/100
|cant|p2a: Whimsicott|move: Imprison|Trick Room
|
|upkeep
|turn|6
|inactive|ReactorX has 30 seconds left.
|
|t:|1783008586
|switch|p2a: Staraptor|Staraptor, L50, M|100/100
|-ability|p2a: Staraptor|Intimidate|boost
|-unboost|p1a: Yellowstone|atk|1
|-unboost|p1b: Mimu|atk|1
|switch|p2b: Basculegion|Basculegion, L50, M|100/100
|detailschange|p1a: Yellowstone|Camerupt-Mega, L50, M, shiny
|-mega|p1a: Yellowstone|Camerupt|Cameruptite
|move|p1a: Yellowstone|Heat Wave|p2a: Staraptor|[spread] p2a,p2b
|-resisted|p2b: Basculegion|1
|-damage|p2a: Staraptor|27/100
|-damage|p2b: Basculegion|68/100
|move|p1b: Mimu|Twin Beam|p2b: Basculegion
|-damage|p2b: Basculegion|53/100
|-damage|p2b: Basculegion|38/100
|-hitcount|p2b: Basculegion|2
|
|upkeep
|turn|7
|inactive|informtech has 30 seconds left.
|
|t:|1783008615
|detailschange|p2a: Staraptor|Staraptor-Mega, L50, M
|-mega|p2a: Staraptor|Staraptor|Staraptite
|move|p2b: Basculegion|Aqua Jet||[still]
|cant|p1b: Mimu|ability: Armor Tail|Aqua Jet|[of] p2b: Basculegion
|move|p1a: Yellowstone|Earth Power|p2b: Basculegion
|-damage|p2b: Basculegion|0 fnt
|faint|p2b: Basculegion
|move|p1b: Mimu|Twin Beam|p2a: Staraptor
|-supereffective|p2a: Staraptor|1
|-damage|p2a: Staraptor|0 fnt
|faint|p2a: Staraptor
|-hitcount|p2: Staraptor|1
|
|upkeep
|
|t:|1783008626
|switch|p2b: Whimsicott|Whimsicott, L50, M|64/100
|switch|p2a: Garchomp|Garchomp, L50, M|54/100
|turn|8
|
|t:|1783008632
|move|p1a: Yellowstone|Earth Power|p2a: Garchomp
|-damage|p2a: Garchomp|0 fnt
|faint|p2a: Garchomp
|move|p1b: Mimu|Twin Beam|p2b: Whimsicott
|-damage|p2b: Whimsicott|44/100
|-damage|p2b: Whimsicott|22/100
|-hitcount|p2b: Whimsicott|2
|move|p2b: Whimsicott|Moonblast|p1a: Yellowstone
|-resisted|p1a: Yellowstone|1
|-damage|p1a: Yellowstone|79/100
|
|-fieldend|move: Trick Room
|upkeep
|turn|9
|
|t:|1783008640
|move|p2b: Whimsicott|Moonblast|p1a: Yellowstone
|-resisted|p1a: Yellowstone|1
|-damage|p1a: Yellowstone|56/100
|move|p1b: Mimu|Twin Beam|p2b: Whimsicott
|-damage|p2b: Whimsicott|2/100
|-damage|p2b: Whimsicott|0 fnt
|faint|p2b: Whimsicott
|-hitcount|p2: Whimsicott|2
|
|win|ReactorX
