|j|☆Govek314
|j|☆MajinkenW
|html|Govek314MajinkenW    
|uhtml|bestof|Game 1 of a best-of-3
|t:|1757158649
|gametype|doubles
|player|p1|Govek314|101|1111
|player|p2|MajinkenW|169|1055
|gen|9
|tier|[Gen 9] VGC 2025 Reg H (Bo3)
|rated|
|rule|Species Clause: Limit one of each Pokémon
|rule|Item Clause: Limit 1 of each item
|clearpoke
|poke|p1|Talonflame, L50, M|
|poke|p1|Tyranitar, L50, F|
|poke|p1|Excadrill, L50, M|
|poke|p1|Basculegion, L50, M|
|poke|p1|Indeedee-F, L50, F|
|poke|p1|Kommo-o, L50, M|
|poke|p2|Kingdra, L50, M|
|poke|p2|Politoed, L50, M|
|poke|p2|Amoonguss, L50, F|
|poke|p2|Incineroar, L50, M|
|poke|p2|Gothitelle, L50, M|
|poke|p2|Archaludon, L50, M|
|teampreview|4
|showteam|p1|Talonflame||CovertCloak|FlameBody|DualWingbeat,FlareBlitz,Tailwind,WillOWisp|||M|||50|,,,,,Fairy]Tyranitar||AssaultVest|SandStream|RockSlide,KnockOff,LowKick,TeraBlast|||F|||50|,,,,,Flying]Excadrill||FocusSash|SandRush|IronHead,HighHorsepower,TeraBlast,Protect|||M|||50|,,,,,Grass]Basculegion||ChoiceScarf|Adaptability|WaveCrash,LastRespects,FlipTurn,TeraBlast|||M|||50|,,,,,Fairy]Indeedee-F||PsychicSeed|PsychicSurge|TrickRoom,Psychic,FollowMe,Imprison|||F|||50|,,,,,Grass]Kommo-o||ThroatSpray|Overcoat|ClangingScales,ClangorousSoul,AuraSphere,Protect|||M|||50|,,,,,Steel
|showteam|p2|Kingdra||LifeOrb|SwiftSwim|WeatherBall,DracoMeteor,MuddyWater,Protect|||M|||50|,,,,,Stellar]Politoed||Leftovers|Drizzle|WeatherBall,PerishSong,Encore,Protect|||M|||50|,,,,,Grass]Amoonguss||EjectButton|Regenerator|PollenPuff,Spore,RagePowder,Protect|||F|||50|,,,,,Fairy]Incineroar||SafetyGoggles|Intimidate|KnockOff,PartingShot,FakeOut,Protect|||M|||50|,,,,,Ghost]Gothitelle||SitrusBerry|ShadowTag|Psychic,FakeOut,TrickRoom,Protect|||M|||50|,,,,,Dark]Archaludon||PowerHerb|Sturdy|FlashCannon,DragonPulse,ElectroShot,Protect|||M|||50|,,,,,Electric
|inactive|Battle timer is ON: inactive players will automatically lose when time's up. (requested by MajinkenW)
|inactive|Govek314 has 60 seconds left.
|inactive|MajinkenW has 60 seconds left.
|
|t:|1757158725
|teamsize|p1|4
|teamsize|p2|4
|start
|switch|p1a: Basculegion|Basculegion, L50, M|100/100
|switch|p1b: Excadrill|Excadrill, L50, M, shiny|100/100
|switch|p2a: Incineroar|Incineroar, L50, M|100/100
|switch|p2b: Politoed|Politoed, L50, M|100/100
|-weather|RainDance|[from] ability: Drizzle|[of] p2b: Politoed
|-ability|p2a: Incineroar|Intimidate|boost
|-unboost|p1a: Basculegion|atk|1
|-unboost|p1b: Excadrill|atk|1
|turn|1
|inactive|MajinkenW has 30 seconds left.
|inactive|MajinkenW has 20 seconds left.
|inactive|MajinkenW has 15 seconds left.
|inactive|MajinkenW has 10 seconds left.
|inactive|MajinkenW has 5 seconds left.
|
|t:|1757158777
|move|p1b: Excadrill|Protect|p1b: Excadrill
|-singleturn|p1b: Excadrill|Protect
|move|p2a: Incineroar|Fake Out|p1b: Excadrill
|-activate|p1b: Excadrill|move: Protect
|move|p1a: Basculegion|Flip Turn|p2a: Incineroar
|-supereffective|p2a: Incineroar
|-damage|p2a: Incineroar|19/100
|inactive|Govek314 has 30 seconds left.
|inactive|Govek314 has 20 seconds left.
|
|t:|1757158813
|switch|p1a: Kommo-o|Kommo-o, L50, M, shiny|100/100|[from] Flip Turn
|move|p2b: Politoed|Perish Song|p2b: Politoed
|-start|p1a: Kommo-o|perish3|[silent]
|-start|p1b: Excadrill|perish3|[silent]
|-start|p2a: Incineroar|perish3|[silent]
|-start|p2b: Politoed|perish3|[silent]
|-fieldactivate|move: Perish Song
|
|-weather|RainDance|[upkeep]
|-start|p1b: Excadrill|perish3
|-start|p1a: Kommo-o|perish3
|-start|p2b: Politoed|perish3
|-start|p2a: Incineroar|perish3
|upkeep
|turn|2
|inactive|Govek314 has 30 seconds left.
|inactive|Govek314 has 20 seconds left.
|
|t:|1757158849
|switch|p1b: Basculegion|Basculegion, L50, M|100/100
|switch|p2a: Gothitelle|Gothitelle, L50, M|100/100
|-terastallize|p1a: Kommo-o|Steel
|move|p1a: Kommo-o|Clangorous Soul|p1a: Kommo-o
|-boost|p1a: Kommo-o|atk|1
|-boost|p1a: Kommo-o|def|1
|-boost|p1a: Kommo-o|spa|1
|-boost|p1a: Kommo-o|spd|1
|-boost|p1a: Kommo-o|spe|1
|-damage|p1a: Kommo-o|68/100
|-enditem|p1a: Kommo-o|Throat Spray
|-boost|p1a: Kommo-o|spa|1|[from] item: Throat Spray
|move|p2b: Politoed|Perish Song|p2b: Politoed
|-start|p1b: Basculegion|perish3|[silent]
|-start|p2a: Gothitelle|perish3|[silent]
|-fieldactivate|move: Perish Song
|
|-weather|RainDance|[upkeep]
|-start|p1b: Basculegion|perish3
|-start|p1a: Kommo-o|perish2
|-start|p2b: Politoed|perish2
|-start|p2a: Gothitelle|perish3
|upkeep
|turn|3
|inactive|Govek314 has 30 seconds left.
|inactive|MajinkenW has 30 seconds left.
|inactive|MajinkenW has 20 seconds left.
|inactive|MajinkenW has 15 seconds left.
|inactive|MajinkenW has 10 seconds left.
|inactive|MajinkenW has 5 seconds left.
|
|t:|1757158900
|switch|p2b: Incineroar|Incineroar, L50, M|19/100
|-ability|p2b: Incineroar|Intimidate|boost
|-unboost|p1a: Kommo-o|atk|1
|-unboost|p1b: Basculegion|atk|1
|move|p2a: Gothitelle|Protect|p2a: Gothitelle
|-singleturn|p2a: Gothitelle|Protect
|move|p1b: Basculegion|Wave Crash|p2a: Gothitelle
|-activate|p2a: Gothitelle|move: Protect
|move|p1a: Kommo-o|Clanging Scales|p2b: Incineroar|[spread] p2b
|-activate|p2a: Gothitelle|move: Protect
|-damage|p2b: Incineroar|0 fnt
|faint|p2b: Incineroar
|-unboost|p1a: Kommo-o|def|1
|
|-weather|RainDance|[upkeep]
|-start|p1b: Basculegion|perish2
|-start|p1a: Kommo-o|perish1
|-start|p2a: Gothitelle|perish2
|upkeep
|inactive|MajinkenW has 30 seconds left.
|
|t:|1757158932
|switch|p2b: Amoonguss|Amoonguss, L50, F|100/100
|turn|4
|inactive|MajinkenW has 30 seconds left.
|inactive|MajinkenW has 20 seconds left.
|
|t:|1757158970
|move|p2a: Gothitelle|Protect||[still]
|-fail|p2a: Gothitelle
|move|p2b: Amoonguss|Rage Powder|p2b: Amoonguss
|-singleturn|p2b: Amoonguss|move: Rage Powder
|move|p1b: Basculegion|Wave Crash|p2b: Amoonguss
|-resisted|p2b: Amoonguss
|-damage|p2b: Amoonguss|53/100
|-damage|p1b: Basculegion|83/100|[from] Recoil
|-enditem|p2b: Amoonguss|Eject Button
|
|t:|1757158983
|switch|p2b: Politoed|Politoed, L50, M|100/100
|move|p1a: Kommo-o|Clanging Scales|p2b: Politoed|[spread] p2a,p2b
|-damage|p2a: Gothitelle|46/100
|-damage|p2b: Politoed|50/100
|-enditem|p2a: Gothitelle|Sitrus Berry|[eat]
|-heal|p2a: Gothitelle|71/100|[from] item: Sitrus Berry
|-unboost|p1a: Kommo-o|def|1
|
|-weather|RainDance|[upkeep]
|-heal|p2b: Politoed|56/100|[from] item: Leftovers
|-start|p1b: Basculegion|perish1
|-start|p1a: Kommo-o|perish0
|-start|p2a: Gothitelle|perish1
|faint|p1a: Kommo-o
|upkeep
|
|t:|1757158996
|switch|p1a: Excadrill|Excadrill, L50, M, shiny|100/100
|turn|5
|
|t:|1757159010
|switch|p1b: Tyranitar|Tyranitar, L50, F, shiny|100/100
|-weather|Sandstorm|[from] ability: Sand Stream|[of] p1b: Tyranitar
|switch|p2a: Amoonguss|Amoonguss, L50, F|86/100
|move|p2b: Politoed|Protect|p2b: Politoed
|-singleturn|p2b: Politoed|Protect
|move|p1a: Excadrill|High Horsepower|p2b: Politoed
|-activate|p2b: Politoed|move: Protect
|
|-weather|Sandstorm|[upkeep]
|-damage|p2b: Politoed|50/100|[from] Sandstorm
|-damage|p2a: Amoonguss|81/100|[from] Sandstorm
|-heal|p2b: Politoed|56/100|[from] item: Leftovers
|upkeep
|turn|6
|inactive|MajinkenW has 30 seconds left.
|inactive|Govek314 has 30 seconds left.
|inactive|MajinkenW has 20 seconds left.
|
|t:|1757159053
|move|p2b: Politoed|Protect|p2b: Politoed
|-singleturn|p2b: Politoed|Protect
|move|p1a: Excadrill|High Horsepower|p2a: Amoonguss
|-damage|p2a: Amoonguss|22/100
|move|p1b: Tyranitar|Knock Off|p2a: Amoonguss
|-damage|p2a: Amoonguss|0 fnt
|faint|p2a: Amoonguss
|
|-weather|Sandstorm|[upkeep]
|-damage|p2b: Politoed|50/100|[from] Sandstorm
|-heal|p2b: Politoed|56/100|[from] item: Leftovers
|upkeep
|
|t:|1757159060
|switch|p2a: Gothitelle|Gothitelle, L50, M|71/100
|turn|7
|-message|MajinkenW forfeited.
|
|win|Govek314
|l|☆MajinkenW
|player|p2|
||MajinkenW is ready for game 2.
