|j|☆dialghite
|j|☆MiroKart 8 Deluxe
|html|dialghiteMiroKart 8 Deluxe    
|uhtml|bestof|Game 3 of a best-of-3
|t:|1755855771
|gametype|doubles
|player|p1|dialghite|volkner|1338
|player|p2|MiroKart 8 Deluxe|265|1546
|gen|9
|tier|[Gen 9] VGC 2025 Reg H (Bo3)
|rated|
|rule|Species Clause: Limit one of each Pokémon
|rule|Item Clause: Limit 1 of each item
|clearpoke
|poke|p1|Whimsicott, L50, M|
|poke|p1|Arcanine-Hisui, L50, F|
|poke|p1|Indeedee, L50, M|
|poke|p1|Sneasler, L50, F|
|poke|p1|Ursaluna-Bloodmoon, L50, M|
|poke|p1|Archaludon, L50, F|
|poke|p2|Rillaboom, L50, F|
|poke|p2|Kingambit, L50, F|
|poke|p2|Dragapult, L50, M|
|poke|p2|Sneasler, L50, F|
|poke|p2|Primarina, L50, M|
|poke|p2|Electabuzz, L50, M|
|teampreview|4
|showteam|p1|Whimsicott||CovertCloak|Prankster|Moonblast,Taunt,Tailwind,FakeTears|||M|||50|,,,,,Water]Arcanine-Hisui||ClearAmulet|Intimidate|FlareBlitz,RockSlide,HeadSmash,Protect|||F|||50|,,,,,Ghost]Indeedee||FocusSash|PsychicSurge|ExpandingForce,TeraBlast,Imprison,TrickRoom|||M|||50|,,,,,Psychic]Sneasler||PsychicSeed|Unburden|CloseCombat,DireClaw,ThroatChop,Protect|||F|||50|,,,,,Dark]Ursaluna-Bloodmoon||LifeOrb|MindsEye|HyperVoice,BloodMoon,EarthPower,Protect|||M|||50|,,,,,Normal]Archaludon||PowerHerb|Stalwart|ElectroShot,DragonPulse,Thunderbolt,Protect|||F|||50|,,,,,Electric
|showteam|p2|Rillaboom||AssaultVest|GrassySurge|FakeOut,GrassyGlide,WoodHammer,Uturn|||F|||50|,,,,,Fire]Kingambit||SafetyGoggles|Defiant|KowtowCleave,SuckerPunch,SwordsDance,Protect|||F|||50|,,,,,Dark]Dragapult||ChoiceBand|ClearBody|DragonDarts,Outrage,Uturn,PhantomForce|||M|||50|,,,,,Dragon]Sneasler||FocusSash|PoisonTouch|DireClaw,CloseCombat,FakeOut,Protect|||F|||50|,,,,,Stellar]Primarina||ThroatSpray|LiquidVoice|HyperVoice,Moonblast,Haze,Protect|||M|||50|,,,,,Poison]Electabuzz||Eviolite|VitalSpirit|FollowMe,Taunt,Electroweb,Protect|||M|||50|,,,,,Fairy
|inactive|Battle timer is ON: inactive players will automatically lose when time's up. (requested by dialghite)
|
|t:|1755855789
|teamsize|p1|4
|teamsize|p2|4
|start
|switch|p1a: Whimsicott|Whimsicott, L50, M|100/100
|switch|p1b: Archaludon|Archaludon, L50, F|100/100
|switch|p2a: Dragapult|Dragapult, L50, M|100/100
|switch|p2b: Sneasler|Sneasler, L50, F|100/100
|turn|1
|
|t:|1755855814
|switch|p2a: Electabuzz|Electabuzz, L50, M|100/100
|-terastallize|p1b: Archaludon|Electric
|move|p1a: Whimsicott|Tailwind|p1a: Whimsicott
|-sidestart|p1: dialghite|move: Tailwind
|move|p1b: Archaludon|Dragon Pulse|p2a: Electabuzz
|-damage|p2a: Electabuzz|65/100
|move|p2b: Sneasler|Close Combat|p1b: Archaludon
|-damage|p1b: Archaludon|37/100
|-unboost|p2b: Sneasler|def|1
|-unboost|p2b: Sneasler|spd|1
|
|upkeep
|turn|2
|
|t:|1755855831
|move|p2a: Electabuzz|Follow Me|p2a: Electabuzz
|-singleturn|p2a: Electabuzz|move: Follow Me
|move|p1a: Whimsicott|Taunt|p2a: Electabuzz
|-start|p2a: Electabuzz|move: Taunt
|move|p1b: Archaludon|Electro Shot||[still]
|-prepare|p1b: Archaludon|Electro Shot
|-boost|p1b: Archaludon|spa|1
|-enditem|p1b: Archaludon|Power Herb
|-anim|p1b: Archaludon|Electro Shot|p2b: Sneasler
|-enditem|p2b: Sneasler|Focus Sash
|-damage|p2b: Sneasler|1/100
|move|p2b: Sneasler|Dire Claw|p1a: Whimsicott
|-supereffective|p1a: Whimsicott
|-damage|p1a: Whimsicott|0 fnt
|faint|p1a: Whimsicott
|
|upkeep
|
|t:|1755855844
|switch|p1a: Ursaluna|Ursaluna-Bloodmoon, L50, M|100/100
|turn|3
|
|t:|1755855854
|switch|p2a: Rillaboom|Rillaboom, L50, F|100/100
|-fieldstart|move: Grassy Terrain|[from] ability: Grassy Surge|[of] p2a: Rillaboom
|move|p2b: Sneasler|Protect|p2b: Sneasler
|-singleturn|p2b: Sneasler|Protect
|move|p1b: Archaludon|Dragon Pulse|p2b: Sneasler
|-activate|p2b: Sneasler|move: Protect
|move|p1a: Ursaluna|Blood Moon|p2a: Rillaboom
|-crit|p2a: Rillaboom
|-damage|p2a: Rillaboom|0 fnt
|faint|p2a: Rillaboom
|-damage|p1a: Ursaluna|91/100|[from] item: Life Orb
|
|-heal|p1b: Archaludon|43/100|[from] Grassy Terrain
|-heal|p1a: Ursaluna|97/100|[from] Grassy Terrain
|-heal|p2b: Sneasler|7/100|[from] Grassy Terrain
|upkeep
|
|t:|1755855868
|switch|p2a: Electabuzz|Electabuzz, L50, M|65/100
|turn|4
|
|t:|1755855880
|move|p2b: Sneasler|Protect||[still]
|-fail|p2b: Sneasler
|move|p2a: Electabuzz|Protect|p2a: Electabuzz
|-singleturn|p2a: Electabuzz|Protect
|move|p1b: Archaludon|Dragon Pulse|p2b: Sneasler
|-damage|p2b: Sneasler|0 fnt
|faint|p2b: Sneasler
|move|p1a: Ursaluna|Hyper Voice|p2a: Electabuzz
|-activate|p2a: Electabuzz|move: Protect
|
|-heal|p1b: Archaludon|49/100|[from] Grassy Terrain
|-heal|p1a: Ursaluna|100/100|[from] Grassy Terrain
|-heal|p2a: Electabuzz|71/100|[from] Grassy Terrain
|-sideend|p1: dialghite|move: Tailwind
|upkeep
|
|t:|1755855883
|switch|p2b: Dragapult|Dragapult, L50, M|100/100
|turn|5
|
|t:|1755855897
|-terastallize|p2b: Dragapult|Dragon
|move|p2a: Electabuzz|Protect|p2a: Electabuzz
|-singleturn|p2a: Electabuzz|Protect
|move|p2b: Dragapult|Dragon Darts|p1b: Archaludon
|-damage|p1b: Archaludon|5/100
|-anim|p2b: Dragapult|Dragon Darts|p1a: Ursaluna
|-damage|p1a: Ursaluna|62/100
|move|p1b: Archaludon|Dragon Pulse|p2b: Dragapult
|-supereffective|p2b: Dragapult
|-damage|p2b: Dragapult|0 fnt
|faint|p2b: Dragapult
|move|p1a: Ursaluna|Blood Moon|p2a: Electabuzz
|-activate|p2a: Electabuzz|move: Protect
|
|-heal|p1b: Archaludon|11/100|[from] Grassy Terrain
|-heal|p2a: Electabuzz|77/100|[from] Grassy Terrain
|-heal|p1a: Ursaluna|68/100|[from] Grassy Terrain
|upkeep
|turn|6
|
|t:|1755855907
|move|p1b: Archaludon|Dragon Pulse|p2a: Electabuzz
|-damage|p2a: Electabuzz|31/100
|move|p2a: Electabuzz|Electroweb|p1b: Archaludon|[spread] p1b
|-immune|p1a: Ursaluna
|-resisted|p1b: Archaludon
|-damage|p1b: Archaludon|0 fnt
|faint|p1b: Archaludon
|move|p1a: Ursaluna|Earth Power|p2a: Electabuzz
|-supereffective|p2a: Electabuzz
|-crit|p2a: Electabuzz
|-damage|p2a: Electabuzz|0 fnt
|faint|p2a: Electabuzz
|-damage|p1a: Ursaluna|59/100|[from] item: Life Orb
|
|win|dialghite
|raw|dialghite's rating: 1338 → 1369(+31 for winning)
|raw|MiroKart 8 Deluxe's rating: 1546 → 1515(-31 for losing)
