|j|☆dr. shio
|j|☆k1ngm3
|html|dr. shiok1ngm3    
|uhtml|bestof|Game 2 of a best-of-3
|t:|1783737633
|gametype|doubles
|player|p1|dr. shio|265|1040
|player|p2|k1ngm3|dragontamer|1062
|gen|9
|tier|[Gen 9 Champions] VGC 2026 Reg M-B (Bo3)
|rated|
|rule|Species Clause: Limit one of each Pokémon
|rule|Item Clause: Limit 1 of each item
|clearpoke
|poke|p1|Aggron, L50, F, shiny|
|poke|p1|Slowking, L50, M, shiny|
|poke|p1|Sinistcha, L50|
|poke|p1|Toxapex, L50, F, shiny|
|poke|p1|Charizard, L50, M, shiny|
|poke|p1|Weavile, L50, M, shiny|
|poke|p2|Mr. Rime, L50, M|
|poke|p2|Tyranitar, L50, F|
|poke|p2|Kingambit, L50, F|
|poke|p2|Sinistcha-Masterpiece, L50|
|poke|p2|Dragalge, L50, F|
|poke|p2|Blaziken, L50, M|
|teampreview|4
|showteam|p1|Aggron||Aggronite|Sturdy|Protect,BodyPress,HeavySlam,IronDefense|Careful||F|||50|]Slowking||RindoBerry|Regenerator|Protect,ChillyReception,TrickRoom,PowerGem|Calm||M|||50|]Sinistcha||KasibBerry|Hospitality|MatchaGotcha,Protect,StrengthSap,RagePowder|Calm|||||50|]Toxapex||Leftovers|Regenerator|BanefulBunker,Infestation,Toxic,WideGuard|Calm||F|||50|]Charizard||CharizarditeX|Blaze|DragonDance,Protect,DragonClaw,FlareBlitz|Adamant||M|||50|]Weavile||FocusSash|Pickpocket|KnockOff,FakeOut,LowKick,TripleAxel|Jolly||M|||50|
|showteam|p2|Mr. Rime||ChoiceScarf|ScreenCleaner|FakeOut,Psychic,FreezeDry,IcyWind|Hasty||M|||50|]Tyranitar||Tyranitarite|SandStream|RockSlide,StealthRock,KnockOff,EarthPower|Brave||F|||50|]Kingambit||BlackGlasses|Defiant|SuckerPunch,KowtowCleave,LowKick,Protect|Adamant||F|||50|]Sinistcha-Masterpiece||Leftovers|Hospitality|RagePowder,TrickRoom,MatchaGotcha,Curse|Relaxed|||||50|]Dragalge||Dragalgite|PoisonPoint|DracoMeteor,SludgeWave,Thunderbolt,Toxic|Modest||F|||50|]Blaziken||Blazikenite|SpeedBoost|BatonPass,Detect,CloseCombat,FlareBlitz|Adamant||M|||50|
|inactive|Battle timer is ON: inactive players will automatically lose when time's up. (requested by k1ngm3)
|
|t:|1783737714
|teamsize|p1|4
|teamsize|p2|4
|start
|switch|p1a: Weavile|Weavile, L50, M, shiny|100/100
|switch|p1b: Toxapex|Toxapex, L50, F, shiny|100/100
|switch|p2a: Dragalge|Dragalge, L50, F|100/100
|switch|p2b: Kingambit|Kingambit, L50, F|100/100
|turn|1
|inactive|dr. shio has 30 seconds left.
|inactive|k1ngm3 has 30 seconds left.
|
|t:|1783737741
|switch|p2a: Blaziken|Blaziken, L50, M|100/100
|move|p1a: Weavile|Triple Axel|p2a: Blaziken
|-resisted|p2a: Blaziken|1
|-damage|p2a: Blaziken|92/100
|-resisted|p2a: Blaziken|1
|-damage|p2a: Blaziken|77/100
|-resisted|p2a: Blaziken|1
|-damage|p2a: Blaziken|54/100
|-hitcount|p2a: Blaziken|3
|move|p2b: Kingambit|Kowtow Cleave|p1a: Weavile
|-resisted|p1a: Weavile|1
|-damage|p1a: Weavile|53/100
|move|p1b: Toxapex|Infestation|p2b: Kingambit
|-damage|p2b: Kingambit|96/100
|-activate|p2b: Kingambit|move: Infestation|[of] p1b: Toxapex
|
|-damage|p2b: Kingambit|84/100|[from] move: Infestation|[partiallytrapped]
|upkeep
|turn|2
|inactive|k1ngm3 has 30 seconds left.
|
|t:|1783737767
|switch|p1a: Slowking|Slowking, L50, M, shiny|100/100
|move|p2a: Blaziken|Detect|p2a: Blaziken
|-singleturn|p2a: Blaziken|Protect
|move|p2b: Kingambit|Protect|p2b: Kingambit
|-singleturn|p2b: Kingambit|Protect
|move|p1b: Toxapex|Toxic|p2a: Blaziken
|-activate|p2a: Blaziken|move: Protect
|
|-damage|p2b: Kingambit|72/100|[from] move: Infestation|[partiallytrapped]
|-ability|p2a: Blaziken|Speed Boost|boost
|-boost|p2a: Blaziken|spe|1
|upkeep
|turn|3
|inactive|k1ngm3 has 30 seconds left.
|
|t:|1783737794
|move|p1a: Slowking|Protect|p1a: Slowking
|-singleturn|p1a: Slowking|Protect
|move|p2a: Blaziken|Baton Pass|p2a: Blaziken
|
|t:|1783737798
|switch|p2a: Dragalge|Dragalge, L50, F|100/100|[from] Baton Pass
|move|p2b: Kingambit|Kowtow Cleave|p1a: Slowking
|-activate|p1a: Slowking|move: Protect
|move|p1b: Toxapex|Infestation|p2a: Dragalge
|-resisted|p2a: Dragalge|1
|-damage|p2a: Dragalge|98/100
|-activate|p2a: Dragalge|move: Infestation|[of] p1b: Toxapex
|
|-damage|p2a: Dragalge|86/100|[from] move: Infestation|[partiallytrapped]
|-damage|p2b: Kingambit|60/100|[from] move: Infestation|[partiallytrapped]
|upkeep
|turn|4
|inactive|dr. shio has 30 seconds left.
|
|t:|1783737829
|detailschange|p2a: Dragalge|Dragalge-Mega, L50, F
|-mega|p2a: Dragalge|Dragalge|Dragalgite
|move|p1b: Toxapex|Baneful Bunker|p1b: Toxapex
|-singleturn|p1b: Toxapex|move: Protect
|move|p2a: Dragalge|Thunderbolt|p1b: Toxapex
|-activate|p1b: Toxapex|move: Protect
|move|p2b: Kingambit|Kowtow Cleave|p1a: Slowking
|-supereffective|p1a: Slowking|1
|-damage|p1a: Slowking|0 fnt
|faint|p1a: Slowking
|
|-damage|p2a: Dragalge|74/100|[from] move: Infestation|[partiallytrapped]
|-damage|p2b: Kingambit|48/100|[from] move: Infestation|[partiallytrapped]
|upkeep
|
|t:|1783737841
|switch|p1a: Charizard|Charizard, L50, M, shiny|100/100
|turn|5
|
|t:|1783737863
|detailschange|p1a: Charizard|Charizard-Mega-X, L50, M, shiny
|-mega|p1a: Charizard|Charizard|Charizardite X
|move|p1b: Toxapex|Wide Guard|p1b: Toxapex
|-singleturn|p1b: Toxapex|Wide Guard
|move|p2b: Kingambit|Sucker Punch|p1a: Charizard
|-damage|p1a: Charizard|61/100
|move|p1a: Charizard|Dragon Claw|p2a: Dragalge
|-supereffective|p2a: Dragalge|1
|-damage|p2a: Dragalge|0 fnt
|faint|p2a: Dragalge
|
|-damage|p2b: Kingambit|36/100|[from] move: Infestation|[partiallytrapped]
|upkeep
|
|t:|1783737875
|switch|p2a: Sinistcha|Sinistcha-Masterpiece, L50|100/100
|-heal|p2b: Kingambit|60/100|[from] ability: Hospitality|[of] p2a: Sinistcha
|turn|6
|
|t:|1783737889
|move|p1a: Charizard|Protect|p1a: Charizard
|-singleturn|p1a: Charizard|Protect
|move|p2a: Sinistcha|Rage Powder|p2a: Sinistcha
|-singleturn|p2a: Sinistcha|move: Rage Powder
|move|p2b: Kingambit|Kowtow Cleave|p1a: Charizard
|-activate|p1a: Charizard|move: Protect
|move|p1b: Toxapex|Toxic|p2a: Sinistcha
|-status|p2a: Sinistcha|tox
|
|-damage|p2a: Sinistcha|93/100 tox|[from] psn
|-end|p2b: Kingambit|Infestation|[partiallytrapped]
|upkeep
|turn|7
|
|t:|1783737910
|move|p2a: Sinistcha|Rage Powder|p2a: Sinistcha
|-singleturn|p2a: Sinistcha|move: Rage Powder
|move|p1a: Charizard|Flare Blitz|p2a: Sinistcha
|-supereffective|p2a: Sinistcha|1
|-damage|p2a: Sinistcha|0 fnt
|faint|p2a: Sinistcha
|-damage|p1a: Charizard|31/100|[from] Recoil
|move|p2b: Kingambit|Kowtow Cleave|p1a: Charizard
|-damage|p1a: Charizard|0 fnt
|faint|p1a: Charizard
|move|p1b: Toxapex|Infestation|p2b: Kingambit
|-damage|p2b: Kingambit|57/100
|-activate|p2b: Kingambit|move: Infestation|[of] p1b: Toxapex
|
|-damage|p2b: Kingambit|45/100|[from] move: Infestation|[partiallytrapped]
|upkeep
|
|t:|1783737924
|switch|p1a: Weavile|Weavile, L50, M, shiny|53/100
|switch|p2a: Blaziken|Blaziken, L50, M|54/100
|turn|8
|inactive|dr. shio has 30 seconds left.
|inactive|dr. shio has 20 seconds left.
|
|t:|1783737960
|move|p2a: Blaziken|Detect|p2a: Blaziken
|-singleturn|p2a: Blaziken|Protect
|move|p2b: Kingambit|Protect|p2b: Kingambit
|-singleturn|p2b: Kingambit|Protect
|move|p1a: Weavile|Low Kick|p2b: Kingambit
|-activate|p2b: Kingambit|move: Protect
|move|p1b: Toxapex|Toxic|p2a: Blaziken
|-activate|p2a: Blaziken|move: Protect
|
|-damage|p2b: Kingambit|33/100|[from] move: Infestation|[partiallytrapped]
|-ability|p2a: Blaziken|Speed Boost|boost
|-boost|p2a: Blaziken|spe|1
|upkeep
|turn|9
|inactive|k1ngm3 has 30 seconds left.
|
|t:|1783737986
|move|p1b: Toxapex|Baneful Bunker|p1b: Toxapex
|-singleturn|p1b: Toxapex|move: Protect
|move|p2a: Blaziken|Close Combat|p1a: Weavile
|-supereffective|p1a: Weavile|2
|-damage|p1a: Weavile|0 fnt
|-unboost|p2a: Blaziken|def|1
|-unboost|p2a: Blaziken|spd|1
|faint|p1a: Weavile
|move|p2b: Kingambit|Kowtow Cleave|p1b: Toxapex
|-activate|p1b: Toxapex|move: Protect
|
|-damage|p2b: Kingambit|21/100|[from] move: Infestation|[partiallytrapped]
|-ability|p2a: Blaziken|Speed Boost|boost
|-boost|p2a: Blaziken|spe|1
|upkeep
|turn|10
|inactive|k1ngm3 has 30 seconds left.
|inactive|k1ngm3 has 20 seconds left.
|
|t:|1783738028
|move|p2a: Blaziken|Close Combat|p1b: Toxapex
|-resisted|p1b: Toxapex|1
|-damage|p1b: Toxapex|75/100
|-unboost|p2a: Blaziken|def|1
|-unboost|p2a: Blaziken|spd|1
|move|p2b: Kingambit|Kowtow Cleave|p1b: Toxapex
|-damage|p1b: Toxapex|27/100
|move|p1b: Toxapex|Toxic|p2a: Blaziken
|-status|p2a: Blaziken|tox
|
|-heal|p1b: Toxapex|33/100|[from] item: Leftovers
|-damage|p2a: Blaziken|48/100 tox|[from] psn
|-damage|p2b: Kingambit|9/100|[from] move: Infestation|[partiallytrapped]
|-ability|p2a: Blaziken|Speed Boost|boost
|-boost|p2a: Blaziken|spe|1
|upkeep
|turn|11
|inactive|k1ngm3 has 30 seconds left.
|
|t:|1783738057
|move|p1b: Toxapex|Baneful Bunker|p1b: Toxapex
|-singleturn|p1b: Toxapex|move: Protect
|move|p2a: Blaziken|Close Combat|p1b: Toxapex
|-activate|p1b: Toxapex|move: Protect
|move|p2b: Kingambit|Kowtow Cleave|p1b: Toxapex
|-activate|p1b: Toxapex|move: Protect
|
|-heal|p1b: Toxapex|38/100|[from] item: Leftovers
|-damage|p2a: Blaziken|36/100 tox|[from] psn
|-end|p2b: Kingambit|Infestation|[partiallytrapped]
|-ability|p2a: Blaziken|Speed Boost|boost
|-boost|p2a: Blaziken|spe|1
|upkeep
|turn|12
|
|t:|1783738076
|move|p2a: Blaziken|Close Combat|p1b: Toxapex
|-resisted|p1b: Toxapex|1
|-damage|p1b: Toxapex|15/100
|-unboost|p2a: Blaziken|def|1
|-unboost|p2a: Blaziken|spd|1
|move|p2b: Kingambit|Kowtow Cleave|p1b: Toxapex
|-damage|p1b: Toxapex|0 fnt
|faint|p1b: Toxapex
|
|win|k1ngm3
|c|☆k1ngm3|gg
||k1ngm3 is ready for game 3.
|inactive|dr. shio has 30 seconds to confirm battle start!
|c|☆dr. shio|gg
||dr. shio is ready for game 3.
|uhtml|next|Next: Game 3 of 3
