|j|☆skasdas
|j|☆hkbeaglee
|html|skasdashkbeaglee    
|uhtml|bestof|Game 1 of a best-of-3
|t:|1757230337
|gametype|doubles
|player|p1|skasdas|lucas|1024
|player|p2|hkbeaglee|169|1075
|gen|9
|tier|[Gen 9] VGC 2025 Reg H (Bo3)
|rated|
|rule|Species Clause: Limit one of each Pokémon
|rule|Item Clause: Limit 1 of each item
|clearpoke
|poke|p1|Charizard, L50, M|
|poke|p1|Torkoal, L50, F|
|poke|p1|Pawmot, L50, F|
|poke|p1|Leafeon, L50, M|
|poke|p1|Rillaboom, L50, F|
|poke|p1|Typhlosion-Hisui, L50, M|
|poke|p2|Drifblim, L50, F|
|poke|p2|Hydreigon, L50, F|
|poke|p2|Indeedee, L50, M|
|poke|p2|Sneasler, L50, M|
|poke|p2|Dragapult, L50, F|
|poke|p2|Volcarona, L50, F|
|teampreview|4
|showteam|p1|Charizard||LifeOrb|SolarPower|HeatWave,SolarBeam,AirSlash,DragonPulse|||M|||50|,,,,,Fire]Torkoal||EjectButton|Drought|GyroBall,HelpingHand,WillOWisp,EarthPower|||F|||50|,,,,,Fire]Pawmot||ChoiceBand|IronFist|CloseCombat,DoubleShock,VoltSwitch,IcePunch|||F|||50|,,,,,Electric]Leafeon||CovertCloak|Chlorophyll|SunnyDay,SwordsDance,LeafBlade,TeraBlast|||M|||50|,,,,,Grass]Rillaboom||AssaultVest|GrassySurge|FakeOut,GrassyGlide,Uturn,HighHorsepower|||F|||50|,,,,,Grass]Typhlosion-Hisui||Charcoal|Blaze|Eruption,HeatWave,ShadowBall,Protect|||M|||50|,,,,,Fire
|showteam|p2|Drifblim||PsychicSeed|Unburden|Acrobatics,WillOWisp,SunnyDay,Tailwind|||F|||50|,,,,,Grass]Hydreigon||AssaultVest|Levitate|DarkPulse,DracoMeteor,EarthPower,Snarl|||F|||50|,,,,,Poison]Indeedee||FocusSash|PsychicSurge|ExpandingForce,TeraBlast,Imprison,TrickRoom|||M|||50|,,,,,Fighting]Sneasler||WhiteHerb|Unburden|DireClaw,CloseCombat,ThroatChop,Protect|||M|||50|,,,,,Stellar]Dragapult||ChoiceBand|ClearBody|DragonDarts,PhantomForce,TeraBlast,Uturn|||F|||50|,,,,,Ghost]Volcarona||RockyHelmet|FlameBody|Overheat,RagePowder,Protect,BugBuzz|||F|||50|,,,,,Fairy
|
|t:|1757230394
|teamsize|p1|4
|teamsize|p2|4
|start
|switch|p1a: Torkoal|Torkoal, L50, F|100/100
|switch|p1b: Charizard|Charizard, L50, M|100/100
|switch|p2a: VENOMOUS|Volcarona, L50, F|100/100
|switch|p2b: FAZERS|Dragapult, L50, F|100/100
|-weather|SunnyDay|[from] ability: Drought|[of] p1a: Torkoal
|turn|1
|
|t:|1757230437
|move|p2a: VENOMOUS|Protect|p2a: VENOMOUS
|-singleturn|p2a: VENOMOUS|Protect
|move|p2b: FAZERS|U-turn|p1b: Charizard
|-resisted|p1b: Charizard
|-damage|p1b: Charizard|87/100
|
|t:|1757230451
|switch|p2b: GEEDORAH|Hydreigon, L50, F|100/100|[from] U-turn
|move|p1b: Charizard|Dragon Pulse|p2b: GEEDORAH
|-supereffective|p2b: GEEDORAH
|-damage|p2b: GEEDORAH|34/100
|-damage|p1b: Charizard|78/100|[from] item: Life Orb
|move|p1a: Torkoal|Will-O-Wisp|p2b: GEEDORAH
|-status|p2b: GEEDORAH|brn
|
|-weather|SunnyDay|[upkeep]
|-damage|p1b: Charizard|65/100|[from] ability: Solar Power|[of] p1b: Charizard
|-damage|p2b: GEEDORAH|28/100 brn|[from] brn
|upkeep
|turn|2
|
|t:|1757230487
|-terastallize|p2a: VENOMOUS|Fairy
|move|p2a: VENOMOUS|Rage Powder|p2a: VENOMOUS
|-singleturn|p2a: VENOMOUS|move: Rage Powder
|move|p1b: Charizard|Air Slash|p2a: VENOMOUS|[miss]
|-miss|p1b: Charizard|p2a: VENOMOUS
|move|p2b: GEEDORAH|Snarl|p1b: Charizard|[spread] p1a,p1b
|-damage|p1a: Torkoal|80/100
|-damage|p1b: Charizard|38/100
|-unboost|p1a: Torkoal|spa|1
|-unboost|p1b: Charizard|spa|1
|-enditem|p1a: Torkoal|Eject Button
|
|t:|1757230501
|switch|p1a: Leafeon|Leafeon, L50, M|100/100
|
|-weather|SunnyDay|[upkeep]
|-damage|p1b: Charizard|25/100|[from] ability: Solar Power|[of] p1b: Charizard
|-damage|p2b: GEEDORAH|22/100 brn|[from] brn
|upkeep
|turn|3
|
|t:|1757230534
|switch|p1b: Torkoal|Torkoal, L50, F|80/100
|move|p2a: VENOMOUS|Protect|p2a: VENOMOUS
|-singleturn|p2a: VENOMOUS|Protect
|move|p1a: Leafeon|Leaf Blade|p2a: VENOMOUS
|-activate|p2a: VENOMOUS|move: Protect
|move|p2b: GEEDORAH|Dark Pulse|p1b: Torkoal
|-damage|p1b: Torkoal|38/100
|
|-weather|SunnyDay|[upkeep]
|-damage|p2b: GEEDORAH|16/100 brn|[from] brn
|upkeep
|turn|4
|
|t:|1757230606
|move|p1a: Leafeon|Swords Dance|p1a: Leafeon
|-boost|p1a: Leafeon|atk|2
|move|p2b: GEEDORAH|Earth Power|p1b: Torkoal
|-supereffective|p1b: Torkoal
|-damage|p1b: Torkoal|0 fnt
|faint|p1b: Torkoal
|move|p2a: VENOMOUS|Overheat|p1a: Leafeon
|-supereffective|p1a: Leafeon
|-damage|p1a: Leafeon|0 fnt
|-unboost|p2a: VENOMOUS|spa|2
|faint|p1a: Leafeon
|
|-weather|SunnyDay|[upkeep]
|-damage|p2b: GEEDORAH|10/100 brn|[from] brn
|upkeep
|
|t:|1757230625
|switch|p1a: Charizard|Charizard, L50, M|25/100
|switch|p1b: Typhlosion|Typhlosion-Hisui, L50, M|100/100
|turn|5
|
|t:|1757230692
|switch|p2a: CROSSHAIRS|Indeedee, L50, M|100/100
|-fieldstart|move: Psychic Terrain|[from] ability: Psychic Surge|[of] p2a: CROSSHAIRS
|-terastallize|p1b: Typhlosion|Fire
|move|p1a: Charizard|Heat Wave|p2a: CROSSHAIRS|[spread] p2a,p2b
|-resisted|p2b: GEEDORAH
|-enditem|p2a: CROSSHAIRS|Focus Sash
|-damage|p2a: CROSSHAIRS|1/100
|-damage|p2b: GEEDORAH|0 fnt
|faint|p2b: GEEDORAH
|-damage|p1a: Charizard|16/100|[from] item: Life Orb
|move|p1b: Typhlosion|Eruption|p2a: CROSSHAIRS
|-damage|p2a: CROSSHAIRS|0 fnt
|faint|p2a: CROSSHAIRS
|
|-weather|none
|upkeep
|
|t:|1757230708
|switch|p2a: FAZERS|Dragapult, L50, F|100/100
|switch|p2b: VENOMOUS|Volcarona, L50, F, tera:Fairy|100/100
|turn|6
|
|t:|1757230726
|move|p2b: VENOMOUS|Protect|p2b: VENOMOUS
|-singleturn|p2b: VENOMOUS|Protect
|move|p2a: FAZERS|Dragon Darts|p1b: Typhlosion
|-damage|p1b: Typhlosion|45/100
|-anim|p2a: FAZERS|Dragon Darts|p1a: Charizard
|-damage|p1a: Charizard|0 fnt
|faint|p1a: Charizard
|move|p1b: Typhlosion|Eruption|p2a: FAZERS|[spread] p2a
|-activate|p2b: VENOMOUS|move: Protect
|-resisted|p2a: FAZERS
|-damage|p2a: FAZERS|72/100
|
|upkeep
|turn|7
|
|t:|1757230742
|move|p1b: Typhlosion|Protect|p1b: Typhlosion
|-singleturn|p1b: Typhlosion|Protect
|move|p2b: VENOMOUS|Rage Powder|p2b: VENOMOUS
|-singleturn|p2b: VENOMOUS|move: Rage Powder
|move|p2a: FAZERS|Dragon Darts|p1b: Typhlosion
|-activate|p1b: Typhlosion|move: Protect
|
|upkeep
|turn|8
|-message|skasdas forfeited.
|
|win|hkbeaglee
|l|☆skasdas
|player|p1|
||skasdas is ready for game 2.
||hkbeaglee is ready for game 2.
|uhtml|next|Next: Game 2 of 3
