|j|☆lumisandi
|j|☆TobiYume
|html|lumisandiTobiYume    
|uhtml|bestof|Game 1 of a best-of-3
|t:|1757009138
|gametype|doubles
|player|p1|lumisandi|hilbert|1016
|player|p2|TobiYume|roxie|1118
|gen|9
|tier|[Gen 9] VGC 2025 Reg H (Bo3)
|rated|
|rule|Species Clause: Limit one of each Pokémon
|rule|Item Clause: Limit 1 of each item
|clearpoke
|poke|p1|Incineroar, L50, F|
|poke|p1|Porygon2, L50|
|poke|p1|Amoonguss, L50, M|
|poke|p1|Ursaluna, L50, F|
|poke|p1|Gholdengo, L50|
|poke|p1|Flamigo, L50, F|
|poke|p2|Garchomp, L50, M|
|poke|p2|Talonflame, L50, F|
|poke|p2|Sylveon, L50, F|
|poke|p2|Tyranitar, L50, M|
|poke|p2|Decidueye-Hisui, L50, F|
|poke|p2|Gholdengo, L50|
|teampreview|4
|showteam|p1|Incineroar||SafetyGoggles|Intimidate|KnockOff,FlareBlitz,PartingShot,FakeOut|||F|||50|,,,,,Grass]Porygon2||Eviolite|Download|TeraBlast,IceBeam,Recover,TrickRoom||||||50|,,,,,Fighting]Amoonguss||MentalHerb|Regenerator|Spore,RagePowder,PollenPuff,SludgeBomb|||M|||50|,,,,,Water]Ursaluna||FlameOrb|Guts|Facade,HeadlongRush,Earthquake,Protect|||F|||50|,,,,,Normal]Gholdengo||LifeOrb|GoodasGold|MakeItRain,ShadowBall,NastyPlot,Protect||||||50|,,,,,Dragon]Flamigo||FocusSash|Scrappy|CloseCombat,BraveBird,WideGuard,Protect|||F|||50|,,,,,Ghost
|showteam|p2|Garchomp||LifeOrb|RoughSkin|DragonClaw,StompingTantrum,Earthquake,Protect|||M|||50|,,,,,Steel]Talonflame||CovertCloak|GaleWings|Tailwind,WillOWisp,BraveBird,Taunt|||F|||50|,,,,,Grass]Sylveon||ThroatSpray|Pixilate|HyperVoice,HyperBeam,TeraBlast,Protect|||F|||50|,,,,,Water]Tyranitar||AssaultVest|SandStream|RockSlide,KnockOff,TeraBlast,LowKick|||M|||50|,,,,,Flying]Decidueye-Hisui||RazorClaw|Scrappy|TripleArrows,LeafBlade,SuckerPunch,Protect|||F|||50|,,,,,Fire]Gholdengo||Leftovers|GoodasGold|MakeItRain,ShadowBall,NastyPlot,Protect||||||50|,,,,,Dragon
|
|t:|1757009201
|teamsize|p1|4
|teamsize|p2|4
|start
|switch|p1a: Gholdengo|Gholdengo, L50, shiny|100/100
|switch|p1b: Flamigo|Flamigo, L50, F, shiny|100/100
|switch|p2a: Elie|Talonflame, L50, F|100/100
|switch|p2b: Noel|Decidueye-Hisui, L50, F|100/100
|turn|1
|inactive|Battle timer is ON: inactive players will automatically lose when time's up. (requested by TobiYume)
|
|t:|1757009225
|move|p1a: Gholdengo|Protect|p1a: Gholdengo
|-singleturn|p1a: Gholdengo|Protect
|move|p2b: Noel|Protect|p2b: Noel
|-singleturn|p2b: Noel|Protect
|move|p2a: Elie|Will-O-Wisp|p1b: Flamigo
|-status|p1b: Flamigo|brn
|move|p1b: Flamigo|Brave Bird|p2b: Noel
|-activate|p2b: Noel|move: Protect
|
|-damage|p1b: Flamigo|95/100 brn|[from] brn
|upkeep
|turn|2
|
|t:|1757009246
|-terastallize|p1a: Gholdengo|Dragon
|-terastallize|p2b: Noel|Fire
|move|p2a: Elie|Tailwind|p2a: Elie
|-sidestart|p2: TobiYume|move: Tailwind
|move|p2b: Noel|Triple Arrows|p1a: Gholdengo
|-crit|p1a: Gholdengo
|-damage|p1a: Gholdengo|20/100
|move|p1b: Flamigo|Brave Bird|p2b: Noel
|-damage|p2b: Noel|66/100
|-damage|p1b: Flamigo|83/100 brn|[from] Recoil
|move|p1a: Gholdengo|Nasty Plot|p1a: Gholdengo
|-boost|p1a: Gholdengo|spa|2
|
|-damage|p1b: Flamigo|77/100 brn|[from] brn
|upkeep
|turn|3
|inactive|lumisandi has 30 seconds left.
|inactive|lumisandi has 20 seconds left.
|
|t:|1757009284
|switch|p1b: Porygon2|Porygon2, L50, shiny|100/100
|-ability|p1b: Porygon2|Download|boost
|-boost|p1b: Porygon2|spa|1
|move|p1a: Gholdengo|Protect|p1a: Gholdengo
|-singleturn|p1a: Gholdengo|Protect
|move|p2a: Elie|Brave Bird|p1b: Porygon2
|-damage|p1b: Porygon2|80/100
|-damage|p2a: Elie|93/100|[from] Recoil
|move|p2b: Noel|Triple Arrows|p1a: Gholdengo
|-activate|p1a: Gholdengo|move: Protect
|
|upkeep
|turn|4
|inactive|lumisandi has 30 seconds left.
|inactive|TobiYume has 30 seconds left.
|inactive|lumisandi has 20 seconds left.
|
|t:|1757009322
|switch|p1a: Flamigo|Flamigo, L50, F, shiny|77/100 brn
|move|p2a: Elie|Taunt|p1b: Porygon2
|-start|p1b: Porygon2|move: Taunt
|move|p2b: Noel|Triple Arrows|p1a: Flamigo
|-resisted|p1a: Flamigo
|-damage|p1a: Flamigo|44/100 brn
|-unboost|p1a: Flamigo|def|1
|cant|p1b: Porygon2|move: Taunt|Recover
|
|-damage|p1a: Flamigo|38/100 brn|[from] brn
|upkeep
|turn|5
|inactive|lumisandi has 30 seconds left.
|
|t:|1757009347
|move|p2a: Elie|Brave Bird|p1a: Flamigo
|-supereffective|p1a: Flamigo
|-damage|p1a: Flamigo|0 fnt
|faint|p1a: Flamigo
|-damage|p2a: Elie|83/100|[from] Recoil
|move|p2b: Noel|Triple Arrows|p1b: Porygon2
|-supereffective|p1b: Porygon2
|-crit|p1b: Porygon2
|-damage|p1b: Porygon2|4/100
|-unboost|p1b: Porygon2|def|1
|move|p1b: Porygon2|Tera Blast|p2b: Noel
|-damage|p2b: Noel|12/100
|
|-sideend|p2: TobiYume|move: Tailwind
|upkeep
|
|t:|1757009361
|switch|p1a: Ursaluna|Ursaluna, L50, F, shiny|100/100
|turn|6
|
|t:|1757009368
|switch|p1b: Gholdengo|Gholdengo, L50, shiny, tera:Dragon|20/100
|move|p2b: Noel|Protect|p2b: Noel
|-singleturn|p2b: Noel|Protect
|move|p1a: Ursaluna|Protect|p1a: Ursaluna
|-singleturn|p1a: Ursaluna|Protect
|move|p2a: Elie|Tailwind|p2a: Elie
|-sidestart|p2: TobiYume|move: Tailwind
|
|-status|p1a: Ursaluna|brn|[from] item: Flame Orb
|upkeep
|turn|7
|inactive|lumisandi has 30 seconds left.
|
|t:|1757009393
|move|p1b: Gholdengo|Protect|p1b: Gholdengo
|-singleturn|p1b: Gholdengo|Protect
|move|p2a: Elie|Brave Bird|p1b: Gholdengo
|-activate|p1b: Gholdengo|move: Protect
|move|p2b: Noel|Triple Arrows|p1a: Ursaluna
|-supereffective|p1a: Ursaluna
|-damage|p1a: Ursaluna|33/100 brn
|move|p1a: Ursaluna|Facade|p2a: Elie
|-damage|p2a: Elie|0 fnt
|faint|p2a: Elie
|
|-damage|p1a: Ursaluna|27/100 brn|[from] brn
|upkeep
|
|t:|1757009407
|switch|p2a: Tio|Sylveon, L50, F, shiny|100/100
|turn|8
|
|t:|1757009414
|move|p2b: Noel|Triple Arrows|p1a: Ursaluna
|-supereffective|p1a: Ursaluna
|-damage|p1a: Ursaluna|0 fnt
|faint|p1a: Ursaluna
|move|p2a: Tio|Hyper Voice|p1b: Gholdengo
|-supereffective|p1b: Gholdengo
|-damage|p1b: Gholdengo|0 fnt
|faint|p1b: Gholdengo
|-enditem|p2a: Tio|Throat Spray
|-boost|p2a: Tio|spa|1|[from] item: Throat Spray
|
|upkeep
|
|t:|1757009424
|switch|p1a: Porygon2|Porygon2, L50, shiny|4/100
|-ability|p1a: Porygon2|Download|boost
|-boost|p1a: Porygon2|atk|1
|turn|9
|
|t:|1757009430
|move|p2b: Noel|Triple Arrows|p1a: Porygon2
|-supereffective|p1a: Porygon2
|-crit|p1a: Porygon2
|-damage|p1a: Porygon2|0 fnt
|faint|p1a: Porygon2
|
|win|TobiYume
||TobiYume is ready for game 2.
||lumisandi is ready for game 2.
|uhtml|next|Next: Game 2 of 3
|l|☆lumisandi
|player|p1|
