|j|☆axelrider44
|j|☆1OO% Jesus
|html|axelrider441OO% Jesus    
|uhtml|bestof|Game 1 of a best-of-3
|t:|1782397530
|gametype|doubles
|player|p1|axelrider44|acetrainer-gen4dp|1087
|player|p2|1OO% Jesus|lillie-z|1141
|gen|9
|tier|[Gen 9 Champions] VGC 2026 Reg M-B (Bo3)
|rated|
|rule|Species Clause: Limit one of each Pokémon
|rule|Item Clause: Limit 1 of each item
|clearpoke
|poke|p1|Raichu, L50, F|
|poke|p1|Mawile, L50, F, shiny|
|poke|p1|Sinistcha, L50|
|poke|p1|Ceruledge, L50, F|
|poke|p1|Milotic, L50, M, shiny|
|poke|p1|Incineroar, L50, F|
|poke|p2|Charizard, L50, F|
|poke|p2|Whimsicott, L50, M|
|poke|p2|Garchomp, L50, M|
|poke|p2|Basculegion, L50, M|
|poke|p2|Kingambit, L50, M|
|poke|p2|Floette-Eternal, L50, F|
|teampreview|4
|showteam|p1|Raichu||RaichuniteY|LightningRod|ZapCannon,FocusBlast,FakeOut,Protect|Timid||F|||50|]Mawile||Mawilite|HyperCutter|SuckerPunch,PlayRough,SwordsDance,Protect|Adamant||F|||50|]Sinistcha||KasibBerry|Hospitality|MatchaGotcha,LifeDew,RagePowder,Protect|Relaxed|||||50|]Ceruledge||ColburBerry|FlashFire|BitterBlade,BulkUp,ShadowSneak,Protect|Adamant||F|||50|]Milotic||Leftovers|Competitive|Coil,Hypnosis,MuddyWater,Protect|Calm||M|||50|]Incineroar||SitrusBerry|Intimidate|FlareBlitz,ThroatChop,FakeOut,PartingShot|Impish||F|||50|
|showteam|p2|Charizard||CharizarditeY|Blaze|HeatWave,WeatherBall,SolarBeam,Protect|Modest||F|||50|]Whimsicott||FocusSash|Prankster|Moonblast,Tailwind,Encore,Protect|Timid||M|||50|]Garchomp||LifeOrb|RoughSkin|Earthquake,DragonClaw,RockSlide,Protect|Jolly||M|||50|]Basculegion||MysticWater|Adaptability|WaveCrash,LastRespects,AquaJet,Protect|Adamant||M|||50|]Kingambit||ChopleBerry|Defiant|KowtowCleave,SuckerPunch,IronHead,LowKick|Adamant||M|||50|]Floette-Eternal||Floettite|FlowerVeil|DazzlingGleam,Moonblast,LightofRuin,Protect|Timid||F|||50|
|inactive|Battle timer is ON: inactive players will automatically lose when time's up. (requested by axelrider44)
|inactive|1OO% Jesus has 60 seconds left.
|
|t:|1782397621
|teamsize|p1|4
|teamsize|p2|4
|start
|switch|p1a: Raichu|Raichu, L50, F|100/100
|switch|p1b: Ceruledge|Ceruledge, L50, F|100/100
|switch|p2a: Basculegion|Basculegion, L50, M|100/100
|switch|p2b: Whimsicott|Whimsicott, L50, M|100/100
|turn|1
|inactive|axelrider44 has 30 seconds left.
|inactive|1OO% Jesus has 30 seconds left.
|
|t:|1782397655
|switch|p1b: Incineroar|Incineroar, L50, F|100/100
|-ability|p1b: Incineroar|Intimidate|boost
|-unboost|p2a: Basculegion|atk|1
|-unboost|p2b: Whimsicott|atk|1
|move|p1a: Raichu|Fake Out|p2b: Whimsicott
|-damage|p2b: Whimsicott|86/100
|cant|p2b: Whimsicott|flinch
|move|p2a: Basculegion|Wave Crash|p1a: Raichu
|-damage|p1a: Raichu|0 fnt
|faint|p1a: Raichu
|-damage|p2a: Basculegion|73/100|[from] Recoil
|
|upkeep
|
|t:|1782397661
|switch|p1a: Mawile|Mawile, L50, F, shiny|100/100
|turn|2
|inactive|1OO% Jesus has 30 seconds left.
|
|t:|1782397705
|switch|p2b: Charizard|Charizard, L50, F|100/100
|detailschange|p1a: Mawile|Mawile-Mega, L50, F, shiny
|-mega|p1a: Mawile|Mawile|Mawilite
|move|p2a: Basculegion|Wave Crash|p1a: Mawile
|-damage|p1a: Mawile|40/100
|-damage|p2a: Basculegion|57/100|[from] Recoil
|move|p1b: Incineroar|Flare Blitz|p2b: Charizard
|-resisted|p2b: Charizard|1
|-damage|p2b: Charizard|75/100
|-damage|p1b: Incineroar|93/100|[from] Recoil
|move|p1a: Mawile|Swords Dance|p1a: Mawile
|-boost|p1a: Mawile|atk|2
|
|upkeep
|turn|3
|inactive|axelrider44 has 30 seconds left.
|inactive|1OO% Jesus has 30 seconds left.
|inactive|axelrider44 has 20 seconds left.
|inactive|axelrider44 has 15 seconds left.
|
|t:|1782397749
|move|p2b: Charizard|Protect|p2b: Charizard
|-singleturn|p2b: Charizard|Protect
|move|p1a: Mawile|Sucker Punch||[still]
|-fail|p1a: Mawile
|move|p2a: Basculegion|Wave Crash|p1b: Incineroar
|-supereffective|p1b: Incineroar|1
|-damage|p1b: Incineroar|1/100
|-enditem|p1b: Incineroar|Sitrus Berry|[eat]
|-heal|p1b: Incineroar|26/100|[from] item: Sitrus Berry
|-damage|p2a: Basculegion|27/100|[from] Recoil
|move|p1b: Incineroar|Throat Chop|p2a: Basculegion
|-supereffective|p2a: Basculegion|1
|-damage|p2a: Basculegion|0 fnt
|faint|p2a: Basculegion
|
|upkeep
|
|t:|1782397765
|switch|p2a: Garchomp|Garchomp, L50, M|100/100
|turn|4
|inactive|axelrider44 has 30 seconds left.
|
|t:|1782397792
|detailschange|p2b: Charizard|Charizard-Mega-Y, L50, F
|-mega|p2b: Charizard|Charizard|Charizardite Y
|-weather|SunnyDay|[from] ability: Drought|[of] p2b: Charizard
|move|p1a: Mawile|Sucker Punch|p2a: Garchomp
|-damage|p2a: Garchomp|24/100
|-damage|p1a: Mawile|28/100|[from] ability: Rough Skin|[of] p2a: Garchomp
|move|p2a: Garchomp|Earthquake|p1b: Incineroar|[spread] p1a,p1b
|-immune|p2b: Charizard
|-supereffective|p1a: Mawile|1
|-supereffective|p1b: Incineroar|1
|-damage|p1a: Mawile|0 fnt
|-damage|p1b: Incineroar|0 fnt
|faint|p1a: Mawile
|faint|p1b: Incineroar
|-damage|p2a: Garchomp|14/100|[from] item: Life Orb
|move|p2b: Charizard|Heat Wave|p1: Mawile|[notarget]
|-fail|p2b: Charizard
|
|-weather|SunnyDay|[upkeep]
|upkeep
|
|t:|1782397798
|switch|p1b: Ceruledge|Ceruledge, L50, F|100/100
|turn|5
|inactive|1OO% Jesus has 30 seconds left.
|
|t:|1782397824
|switch|p2a: Whimsicott|Whimsicott, L50, M|86/100
|move|p1b: Ceruledge|Shadow Sneak|p2a: Whimsicott
|-damage|p2a: Whimsicott|55/100
|move|p2b: Charizard|Solar Beam||[still]
|-prepare|p2b: Charizard|Solar Beam
|-anim|p2b: Charizard|Solar Beam|p1b: Ceruledge
|-resisted|p1b: Ceruledge|1
|-damage|p1b: Ceruledge|78/100
|
|-weather|SunnyDay|[upkeep]
|upkeep
|turn|6
|
|t:|1782397837
|move|p2a: Whimsicott|Encore|p1b: Ceruledge
|-start|p1b: Ceruledge|Encore
|move|p1b: Ceruledge|Shadow Sneak|p2b: Charizard
|-damage|p2b: Charizard|50/100g
|move|p2b: Charizard|Solar Beam||[still]
|-prepare|p2b: Charizard|Solar Beam
|-anim|p2b: Charizard|Solar Beam|p1b: Ceruledge
|-resisted|p1b: Ceruledge|1
|-damage|p1b: Ceruledge|54/100
|
|-weather|SunnyDay|[upkeep]
|upkeep
|turn|7
|
|t:|1782397846
|move|p1b: Ceruledge|Shadow Sneak|p2a: Whimsicott
|-damage|p2a: Whimsicott|21/100
|move|p2a: Whimsicott|Moonblast|p1b: Ceruledge
|-resisted|p1b: Ceruledge|1
|-damage|p1b: Ceruledge|37/100
|move|p2b: Charizard|Solar Beam||[still]
|-prepare|p2b: Charizard|Solar Beam
|-anim|p2b: Charizard|Solar Beam|p1b: Ceruledge
|-resisted|p1b: Ceruledge|1
|-damage|p1b: Ceruledge|13/100
|
|-weather|SunnyDay|[upkeep]
|upkeep
|turn|8
|-message|axelrider44 forfeited.
|
|win|1OO% Jesus
|l|☆axelrider44
|player|p1|
||axelrider44 is ready for game 2.
||1OO% Jesus is ready for game 2.
|uhtml|next|Next: Game 2 of 3
