|j|☆meikh_neiht
|j|☆x5414
|html|meikh_neihtx5414    
|uhtml|bestof|Game 2 of a best-of-3
|t:|1782626501
|gametype|doubles
|player|p1|meikh_neiht|lucas|1241
|player|p2|x5414|2|1211
|gen|9
|tier|[Gen 9 Champions] VGC 2026 Reg M-B (Bo3)
|rated|
|rule|Species Clause: Limit one of each Pokémon
|rule|Item Clause: Limit 1 of each item
|clearpoke
|poke|p1|Staraptor, L50, M|
|poke|p1|Sinistcha, L50|
|poke|p1|Maushold, L50|
|poke|p1|Kingambit, L50, F|
|poke|p1|Sneasler, L50, M|
|poke|p1|Delphox, L50, M|
|poke|p2|Grimmsnarl, L50, M|
|poke|p2|Incineroar, L50, M|
|poke|p2|Whimsicott, L50, F|
|poke|p2|Sinistcha, L50|
|poke|p2|Staraptor, L50, F|
|poke|p2|Glimmora, L50, M|
|teampreview|4
|showteam|p1|Staraptor||Staraptite|Intimidate|CloseCombat,BraveBird,Roost,Protect|Adamant||M|||50|]Sinistcha||SitrusBerry|Hospitality|RagePowder,MatchaGotcha,StrengthSap,LifeDew|Calm|||||50|]Maushold||ChopleBerry|FriendGuard|Encore,Charm,FollowMe,Protect|Timid|||||50|]Kingambit||OccaBerry|Defiant|KowtowCleave,SuckerPunch,SwordsDance,Protect|Adamant||F|||50|]Sneasler||WhiteHerb|Unburden|DireClaw,Protect,FakeOut,CloseCombat|Jolly||M|||50|]Delphox||Delphoxite|Blaze|HeatWave,Psyshock,NastyPlot,Protect|Timid||M|||50|
|showteam|p2|Grimmsnarl||LightClay|Prankster|LightScreen,Reflect,PartingShot,SpiritBreak|Careful||M|||50|]Incineroar||SitrusBerry|Intimidate|FakeOut,FlareBlitz,DarkestLariat,PartingShot|Relaxed||M|||50|]Whimsicott||FocusSash|Prankster|Protect,Charm,Encore,Tailwind|Bold||F|||50|]Sinistcha||OccaBerry|Hospitality|MatchaGotcha,RagePowder,TrickRoom,LifeDew|Sassy|||||50|]Staraptor||Staraptite|Intimidate|BraveBird,CloseCombat,Roost,Protect|Jolly||F|||50|]Glimmora||ChoiceScarf|ToxicDebris|MortalSpin,EarthPower,PowerGem,SludgeBomb|Timid||M|||50|
|inactive|Battle timer is ON: inactive players will automatically lose when time's up. (requested by x5414)
|
|t:|1782626518
|teamsize|p1|4
|teamsize|p2|4
|start
|switch|p1a: Delphox|Delphox, L50, M|100/100
|switch|p1b: Sneasler|Sneasler, L50, M|100/100
|switch|p2a: Staraptor|Staraptor, L50, F|100/100
|switch|p2b: Incineroar|Incineroar, L50, M|100/100
|-ability|p2a: Staraptor|Intimidate|boost
|-unboost|p1a: Delphox|atk|1
|-unboost|p1b: Sneasler|atk|1
|-ability|p2b: Incineroar|Intimidate|boost
|-unboost|p1a: Delphox|atk|1
|-unboost|p1b: Sneasler|atk|1
|-enditem|p1b: Sneasler|White Herb
|-clearnegativeboost|p1b: Sneasler|[silent]
|turn|1
|
|t:|1782626538
|detailschange|p2a: Staraptor|Staraptor-Mega, L50, F
|-mega|p2a: Staraptor|Staraptor|Staraptite
|detailschange|p1a: Delphox|Delphox-Mega, L50, M
|-mega|p1a: Delphox|Delphox|Delphoxite
|move|p1b: Sneasler|Close Combat|p2b: Incineroar
|-supereffective|p2b: Incineroar|1
|-damage|p2b: Incineroar|10/100
|-unboost|p1b: Sneasler|def|1
|-unboost|p1b: Sneasler|spd|1
|-enditem|p2b: Incineroar|Sitrus Berry|[eat]
|-heal|p2b: Incineroar|35/100|[from] item: Sitrus Berry
|move|p1a: Delphox|Psyshock|p2a: Staraptor
|-supereffective|p2a: Staraptor|1
|-damage|p2a: Staraptor|17/100
|move|p2a: Staraptor|Brave Bird|p1b: Sneasler
|-supereffective|p1b: Sneasler|1
|-damage|p1b: Sneasler|0 fnt
|faint|p1b: Sneasler
|-damage|p2a: Staraptor|0 fnt|[from] Recoil
|faint|p2a: Staraptor
|move|p2b: Incineroar|Darkest Lariat|p1a: Delphox
|-supereffective|p1a: Delphox|1
|-damage|p1a: Delphox|9/100
|
|upkeep
|
|t:|1782626551
|switch|p1b: Sinistcha|Sinistcha, L50|100/100
|switch|p2a: Glimmora|Glimmora, L50, M|100/100
|-heal|p1a: Delphox|34/100|[from] ability: Hospitality|[of] p1b: Sinistcha
|turn|2
|
|t:|1782626561
|switch|p2a: Grimmsnarl|Grimmsnarl, L50, M|100/100
|move|p1a: Delphox|Protect|p1a: Delphox
|-singleturn|p1a: Delphox|Protect
|move|p1b: Sinistcha|Life Dew||[still]|[spread] p1a,p1b
|-heal|p1a: Delphox|59/100
|-fail|p1b: Sinistcha|heal
|move|p2b: Incineroar|Flare Blitz|p1b: Sinistcha
|-supereffective|p1b: Sinistcha|1
|-damage|p1b: Sinistcha|7/100
|-enditem|p1b: Sinistcha|Sitrus Berry|[eat]
|-heal|p1b: Sinistcha|32/100|[from] item: Sitrus Berry
|-damage|p2b: Incineroar|10/100|[from] Recoil
|
|upkeep
|turn|3
|
|t:|1782626576
|switch|p1b: Maushold|Maushold, L50|100/100
|move|p1a: Delphox|Heat Wave|p2a: Grimmsnarl|[spread] p2a,p2b
|-resisted|p2b: Incineroar|1
|-crit|p2b: Incineroar
|-damage|p2a: Grimmsnarl|69/100
|-damage|p2b: Incineroar|0 fnt
|faint|p2b: Incineroar
|move|p2a: Grimmsnarl|Spirit Break|p1b: Maushold
|-damage|p1b: Maushold|61/100
|-unboost|p1b: Maushold|spa|1
|
|upkeep
|
|t:|1782626582
|switch|p2b: Glimmora|Glimmora, L50, M|100/100
|turn|4
|
|t:|1782626587
|move|p1b: Maushold|Follow Me|p1b: Maushold
|-singleturn|p1b: Maushold|move: Follow Me
|move|p2a: Grimmsnarl|Light Screen|p2a: Grimmsnarl
|-sidestart|p2: x5414|move: Light Screen
|move|p2b: Glimmora|Sludge Bomb|p1b: Maushold
|-damage|p1b: Maushold|3/100
|-status|p1b: Maushold|psn
|move|p1a: Delphox|Nasty Plot|p1a: Delphox
|-boost|p1a: Delphox|spa|2
|
|-damage|p1b: Maushold|0 fnt|[from] psn
|faint|p1b: Maushold
|upkeep
|
|t:|1782626593
|switch|p1b: Sinistcha|Sinistcha, L50|32/100
|-heal|p1a: Delphox|84/100|[from] ability: Hospitality|[of] p1b: Sinistcha
|turn|5
|
|t:|1782626600
|move|p1b: Sinistcha|Rage Powder|p1b: Sinistcha
|-singleturn|p1b: Sinistcha|move: Rage Powder
|move|p2b: Glimmora|Sludge Bomb|p1b: Sinistcha
|-damage|p1b: Sinistcha|0 fnt
|faint|p1b: Sinistcha
|move|p1a: Delphox|Psyshock|p2b: Glimmora
|-supereffective|p2b: Glimmora|1
|-damage|p2b: Glimmora|0 fnt
|faint|p2b: Glimmora
|move|p2a: Grimmsnarl|Spirit Break|p1a: Delphox
|-resisted|p1a: Delphox|1
|-damage|p1a: Delphox|64/100
|-unboost|p1a: Delphox|spa|1
|
|upkeep
|turn|6
|
|t:|1782626605
|move|p1a: Delphox|Heat Wave|p2a: Grimmsnarl
|-damage|p2a: Grimmsnarl|28/100
|move|p2a: Grimmsnarl|Spirit Break|p1a: Delphox
|-resisted|p1a: Delphox|1
|-damage|p1a: Delphox|45/100
|-unboost|p1a: Delphox|spa|1
|
|upkeep
|turn|7
|
|t:|1782626618
|move|p1a: Delphox|Heat Wave|p2a: Grimmsnarl
|-damage|p2a: Grimmsnarl|0 fnt
|faint|p2a: Grimmsnarl
|
|win|meikh_neiht
|raw|meikh_neiht's rating: 1241 → 1264(+23 for winning)
|raw|x5414's rating: 1211 → 1188(-23 for losing)
|l|☆x5414
|player|p2|
