|j|☆bighamsterbaseball
|j|☆BeckVGC
|html|bighamsterbaseballBeckVGC    
|uhtml|bestof|Game 3 of a best-of-3
|t:|1783554867
|gametype|doubles
|player|p1|bighamsterbaseball|pokemaniac|1176
|player|p2|BeckVGC|roughneck-gen4|1108
|gen|9
|tier|[Gen 9 Champions] VGC 2026 Reg M-B (Bo3)
|rated|
|rule|Species Clause: Limit one of each Pokémon
|rule|Item Clause: Limit 1 of each item
|clearpoke
|poke|p1|Swampert, L50, F|
|poke|p1|Pelipper, L50, M|
|poke|p1|Basculegion, L50, M|
|poke|p1|Politoed, L50, M|
|poke|p1|Greninja, L50, M|
|poke|p1|Archaludon, L50, M|
|poke|p2|Staraptor, L50, M|
|poke|p2|Skarmory, L50, M|
|poke|p2|Sylveon, L50, M|
|poke|p2|Whimsicott, L50, M|
|poke|p2|Garchomp, L50, M|
|poke|p2|Basculegion, L50, M|
|teampreview|4
|showteam|p1|Swampert||Swampertite|Damp|Earthquake,WaveCrash,HighHorsepower,WideGuard|Adamant||F|||50|]Pelipper||DampRock|Drizzle|WeatherBall,Hurricane,Tailwind,HelpingHand|Modest||M|||50|]Basculegion||LifeOrb|SwiftSwim|WaveCrash,LastRespects,AquaJet,Protect|Adamant||M|||50|]Politoed||ChoiceScarf|Drizzle|WeatherBall,IcyWind,EarthPower,RainDance|Timid||M|||50|]Greninja||FocusSash|Torrent|WeatherBall,WaterShuriken,DarkPulse,Protect|Timid||M|||50|]Archaludon||Leftovers|Stamina|ElectroShot,DragonPulse,Snarl,Protect|Modest||M|||50|
|showteam|p2|Staraptor||Staraptite|Intimidate|CloseCombat,BraveBird,Roost,Protect|Jolly||M|||50|]Skarmory||Skarmorite|Sturdy|IronHead,BraveBird,RockTomb,Protect|Adamant||M|||50|]Sylveon||FairyFeather|Pixilate|HyperVoice,HyperBeam,Roar,Protect|Modest||M|||50|]Whimsicott||FocusSash|Prankster|Moonblast,Tailwind,Encore,Charm|Timid||M|||50|]Garchomp||LifeOrb|RoughSkin|Earthquake,DragonClaw,RockSlide,Protect|Jolly||M|||50|]Basculegion||ChoiceScarf|Adaptability|LastRespects,WaveCrash,AquaJet,FlipTurn|Jolly||M|||50|
|inactive|Battle timer is ON: inactive players will automatically lose when time's up. (requested by BeckVGC)
|inactive|bighamsterbaseball has 60 seconds left.
|inactive|BeckVGC has 60 seconds left.
|
|t:|1783554900
|teamsize|p1|4
|teamsize|p2|4
|start
|switch|p1a: Greninja|Greninja, L50, M|100/100
|switch|p1b: Pelipper|Pelipper, L50, M|100/100
|switch|p2a: Whimsicott|Whimsicott, L50, M|100/100
|switch|p2b: Staraptor|Staraptor, L50, M|100/100
|-ability|p2b: Staraptor|Intimidate|boost
|-unboost|p1a: Greninja|atk|1
|-unboost|p1b: Pelipper|atk|1
|-weather|RainDance|[from] ability: Drizzle|[of] p1b: Pelipper
|turn|1
|
|t:|1783554912
|detailschange|p2b: Staraptor|Staraptor-Mega, L50, M
|-mega|p2b: Staraptor|Staraptor|Staraptite
|move|p1a: Greninja|Water Shuriken|p2a: Whimsicott
|-resisted|p2a: Whimsicott|1
|-damage|p2a: Whimsicott|91/100
|-resisted|p2a: Whimsicott|1
|-damage|p2a: Whimsicott|81/100
|-resisted|p2a: Whimsicott|1
|-damage|p2a: Whimsicott|72/100
|-resisted|p2a: Whimsicott|1
|-damage|p2a: Whimsicott|64/100
|-resisted|p2a: Whimsicott|1
|-damage|p2a: Whimsicott|56/100
|-hitcount|p2a: Whimsicott|5
|move|p2a: Whimsicott|Tailwind|p2a: Whimsicott
|-sidestart|p2: BeckVGC|move: Tailwind
|move|p2b: Staraptor|Close Combat|p1b: Pelipper
|-resisted|p1b: Pelipper|1
|-damage|p1b: Pelipper|71/100
|-boost|p2b: Staraptor|def|1
|-boost|p2b: Staraptor|spd|1
|move|p1b: Pelipper|Hurricane|p2a: Whimsicott
|-supereffective|p2a: Whimsicott|1
|-damage|p2a: Whimsicott|0 fnt
|faint|p2a: Whimsicott
|
|-weather|RainDance|[upkeep]
|upkeep
|
|t:|1783554922
|switch|p2a: Garchomp|Garchomp, L50, M|100/100
|turn|2
|inactive|bighamsterbaseball has 30 seconds left.
|
|t:|1783554950
|switch|p1b: Archaludon|Archaludon, L50, M|100/100
|move|p1a: Greninja|Water Shuriken|p1b: Archaludon
|-resisted|p1b: Archaludon|1
|-damage|p1b: Archaludon|94/100
|-ability|p1b: Archaludon|Stamina|boost
|-boost|p1b: Archaludon|def|1
|-resisted|p1b: Archaludon|1
|-damage|p1b: Archaludon|89/100
|-ability|p1b: Archaludon|Stamina|boost
|-boost|p1b: Archaludon|def|1
|-hitcount|p1b: Archaludon|2
|move|p2b: Staraptor|Close Combat|p1a: Greninja
|-supereffective|p1a: Greninja|1
|-enditem|p1a: Greninja|Focus Sash
|-damage|p1a: Greninja|1/100
|-boost|p2b: Staraptor|def|1
|-boost|p2b: Staraptor|spd|1
|move|p2a: Garchomp|Rock Slide|p1b: Archaludon|[spread] p1b
|-miss|p2a: Garchomp|p1a: Greninja
|-resisted|p1b: Archaludon|1
|-damage|p1b: Archaludon|84/100
|-ability|p1b: Archaludon|Stamina|boost
|-boost|p1b: Archaludon|def|1
|-damage|p2a: Garchomp|90/100|[from] item: Life Orb
|
|-weather|RainDance|[upkeep]
|-heal|p1b: Archaludon|91/100|[from] item: Leftovers
|upkeep
|turn|3
|inactive|bighamsterbaseball has 30 seconds left.
|
|t:|1783554985
|move|p1a: Greninja|Protect|p1a: Greninja
|-singleturn|p1a: Greninja|Protect
|move|p1b: Archaludon|Protect|p1b: Archaludon
|-singleturn|p1b: Archaludon|Protect
|move|p2b: Staraptor|Close Combat|p1b: Archaludon
|-activate|p1b: Archaludon|move: Protect
|move|p2a: Garchomp|Earthquake|p1a: Greninja|[spread] 
|-activate|p1a: Greninja|move: Protect
|-activate|p1b: Archaludon|move: Protect
|-immune|p2b: Staraptor
|
|-weather|RainDance|[upkeep]
|-heal|p1b: Archaludon|97/100|[from] item: Leftovers
|upkeep
|turn|4
|inactive|bighamsterbaseball has 30 seconds left.
|
|t:|1783555011
|switch|p1a: Pelipper|Pelipper, L50, M|71/100
|move|p2b: Staraptor|Close Combat|p1b: Archaludon
|-supereffective|p1b: Archaludon|1
|-damage|p1b: Archaludon|59/100
|-boost|p2b: Staraptor|def|1
|-boost|p2b: Staraptor|spd|1
|-ability|p1b: Archaludon|Stamina|boost
|-boost|p1b: Archaludon|def|1
|move|p2a: Garchomp|Earthquake|p1a: Pelipper|[spread] p1b
|-immune|p2b: Staraptor
|-immune|p1a: Pelipper
|-supereffective|p1b: Archaludon|1
|-damage|p1b: Archaludon|35/100
|-ability|p1b: Archaludon|Stamina|boost
|-boost|p1b: Archaludon|def|1
|-damage|p2a: Garchomp|80/100|[from] item: Life Orb
|move|p1b: Archaludon|Electro Shot||[still]
|-prepare|p1b: Archaludon|Electro Shot
|-boost|p1b: Archaludon|spa|1
|-anim|p1b: Archaludon|Electro Shot|p2b: Staraptor
|-supereffective|p2b: Staraptor|1
|-damage|p2b: Staraptor|52/100
|
|-weather|RainDance|[upkeep]
|-heal|p1b: Archaludon|41/100|[from] item: Leftovers
|-sideend|p2: BeckVGC|move: Tailwind
|upkeep
|turn|5
|inactive|bighamsterbaseball has 30 seconds left.
|
|t:|1783555041
|move|p2b: Staraptor|Roost|p2b: Staraptor
|-heal|p2b: Staraptor|100/100
|-singleturn|p2b: Staraptor|move: Roost
|move|p2a: Garchomp|Rock Slide|p1b: Archaludon|[spread] p1a
|-miss|p2a: Garchomp|p1b: Archaludon
|-supereffective|p1a: Pelipper|1
|-damage|p1a: Pelipper|22/100
|-damage|p2a: Garchomp|70/100|[from] item: Life Orb
|move|p1b: Archaludon|Dragon Pulse|p2a: Garchomp
|-supereffective|p2a: Garchomp|1
|-crit|p2a: Garchomp
|-damage|p2a: Garchomp|0 fnt
|faint|p2a: Garchomp
|move|p1a: Pelipper|Tailwind|p1a: Pelipper
|-sidestart|p1: bighamsterbaseball|move: Tailwind
|
|-weather|RainDance|[upkeep]
|-heal|p1b: Archaludon|47/100|[from] item: Leftovers
|upkeep
|
|t:|1783555050
|switch|p2a: Basculegion|Basculegion, L50, M|100/100
|turn|6
|inactive|bighamsterbaseball has 30 seconds left.
|
|t:|1783555083
|move|p1b: Archaludon|Electro Shot||[still]
|-prepare|p1b: Archaludon|Electro Shot
|-boost|p1b: Archaludon|spa|1
|-anim|p1b: Archaludon|Electro Shot|p2a: Basculegion
|-supereffective|p2a: Basculegion|1
|-damage|p2a: Basculegion|0 fnt
|faint|p2a: Basculegion
|move|p2b: Staraptor|Close Combat|p1b: Archaludon
|-supereffective|p1b: Archaludon|1
|-damage|p1b: Archaludon|25/100
|-boost|p2b: Staraptor|def|1
|-boost|p2b: Staraptor|spd|1
|-ability|p1b: Archaludon|Stamina|boost
|-boost|p1b: Archaludon|def|1
|move|p1a: Pelipper|Hurricane|p2b: Staraptor
|-supereffective|p2b: Staraptor|1
|-damage|p2b: Staraptor|64/100
|
|-weather|RainDance|[upkeep]
|-heal|p1b: Archaludon|31/100|[from] item: Leftovers
|upkeep
|turn|7
|-message|BeckVGC forfeited.
|raw|bighamsterbaseball's rating: 1176 → 1196(+20 for winning)
|raw|BeckVGC's rating: 1108 → 1088(-20 for losing)
|
|win|bighamsterbaseball
|l|☆BeckVGC
|player|p2|
|l|☆bighamsterbaseball
|player|p1|
|j|☆bighamsterbaseball
|player|p1|bighamsterbaseball|pokemaniac|
