|j|☆BombatWombat33
|j|☆itsmako psoe
|html|BombatWombat33itsmako psoe    
|uhtml|bestof|Game 1 of a best-of-3
|t:|1785603311
|gametype|doubles
|player|p1|BombatWombat33|hiker-gen4|1119
|player|p2|itsmako psoe|benga|1162
|gen|9
|tier|[Gen 9 Champions] VGC 2026 Reg M-B (Bo3)
|rated|
|rule|Species Clause: Limit one of each Pokémon
|rule|Item Clause: Limit 1 of each item
|clearpoke
|poke|p1|Tyranitar, L50, F|
|poke|p1|Excadrill, L50, F|
|poke|p1|Ninetales-Alola, L50, M|
|poke|p1|Corviknight, L50, M|
|poke|p1|Houndstone, L50, F|
|poke|p1|Venusaur, L50, M|
|poke|p2|Basculegion, L50, M|
|poke|p2|Whimsicott, L50, F|
|poke|p2|Charizard, L50, M|
|poke|p2|Floette-Eternal, L50, F|
|poke|p2|Kingambit, L50, M|
|poke|p2|Garchomp, L50, F|
|teampreview|4
|showteam|p1|Tyranitar||Tyranitarite|SandStream|KnockOff,RockSlide,DragonDance,Protect|Adamant||F|||50|]Excadrill||FocusSash|SandRush|RockSlide,IronHead,Protect,Earthquake|Adamant||F|||50|]Ninetales-Alola||ChoiceScarf|SnowWarning|AuroraVeil,Blizzard,Moonblast,FreezeDry|Modest||M|||50|]Corviknight||SitrusBerry|MirrorArmor|Protect,Tailwind,BulkUp,BraveBird|Adamant||M|||50|]Houndstone||KasibBerry|SandRush|LastRespects,Disable,Protect,WillOWisp|Adamant||F|||50|]Venusaur||Venusaurite|Chlorophyll|SludgeBomb,Protect,SleepPowder,GigaDrain|Serious||M|||50|
|showteam|p2|Basculegion||ChoiceScarf|Adaptability|LastRespects,PsychicFangs,WaveCrash,AquaJet|Jolly||M|||50|]Whimsicott||FocusSash|Prankster|Tailwind,Moonblast,Encore,Protect|Timid||F|||50|]Charizard||CharizarditeY|Blaze|HeatWave,SolarBeam,AirSlash,Protect|Modest||M|||50|]Floette-Eternal||Floettite|FlowerVeil|DazzlingGleam,DrainingKiss,LightofRuin,Protect|Modest||F|||50|]Kingambit||BlackGlasses|Defiant|SuckerPunch,KowtowCleave,Protect,SwordsDance|Adamant||M|||50|]Garchomp||LifeOrb|RoughSkin|Earthquake,RockSlide,Protect,DragonClaw|Jolly||F|||50|
|inactive|Battle timer is ON: inactive players will automatically lose when time's up. (requested by BombatWombat33)
|inactive|itsmako psoe also wants the timer to be on.
|
|t:|1785603335
|teamsize|p1|4
|teamsize|p2|4
|start
|switch|p1a: Excadrill|Excadrill, L50, F|100/100
|switch|p1b: Ninetales|Ninetales-Alola, L50, M|100/100
|switch|p2a: Whimsicott|Whimsicott, L50, F|100/100
|switch|p2b: Charizard|Charizard, L50, M|100/100
|-weather|Snowscape|[from] ability: Snow Warning|[of] p1b: Ninetales
|turn|1
|inactive|BombatWombat33 has 30 seconds left.
|
|t:|1785603368
|switch|p1b: Tyranitar|Tyranitar, L50, F|100/100
|-weather|Sandstorm|[from] ability: Sand Stream|[of] p1b: Tyranitar
|move|p2b: Charizard|Protect|p2b: Charizard
|-singleturn|p2b: Charizard|Protect
|move|p2a: Whimsicott|Tailwind|p2a: Whimsicott
|-sidestart|p2: itsmako psoe|move: Tailwind
|move|p1a: Excadrill|Rock Slide|p2b: Charizard|[spread] p2a
|-activate|p2b: Charizard|move: Protect
|-damage|p2a: Whimsicott|70/100
|
|-weather|Sandstorm|[upkeep]
|-damage|p2a: Whimsicott|64/100|[from] Sandstorm
|-damage|p2b: Charizard|94/100|[from] Sandstorm
|upkeep
|turn|2
|inactive|BombatWombat33 has 30 seconds left.
|
|t:|1785603402
|detailschange|p2b: Charizard|Charizard-Mega-Y, L50, M
|-mega|p2b: Charizard|Charizard|Charizardite Y
|-weather|SunnyDay|[from] ability: Drought|[of] p2b: Charizard
|detailschange|p1b: Tyranitar|Tyranitar-Mega, L50, F
|-mega|p1b: Tyranitar|Tyranitar|Tyranitarite
|-weather|Sandstorm|[from] ability: Sand Stream|[of] p1b: Tyranitar
|move|p2a: Whimsicott|Moonblast|p1a: Excadrill
|-resisted|p1a: Excadrill|1
|-damage|p1a: Excadrill|77/100
|move|p1a: Excadrill|Rock Slide|p2a: Whimsicott|[spread] p2a,p2b
|-supereffective|p2b: Charizard|2
|-damage|p2a: Whimsicott|31/100
|-damage|p2b: Charizard|0 fnt
|faint|p2b: Charizard
|move|p1b: Tyranitar|Knock Off|p2a: Whimsicott
|-resisted|p2a: Whimsicott|1
|-damage|p2a: Whimsicott|0 fnt
|-enditem|p2a: Whimsicott|Focus Sash|[from] move: Knock Off|[of] p1b: Tyranitar
|faint|p2a: Whimsicott
|
|-weather|Sandstorm|[upkeep]
|upkeep
|
|t:|1785603414
|switch|p2a: Garchomp|Garchomp, L50, F|100/100
|switch|p2b: Basculegion|Basculegion, L50, M|100/100
|turn|3
|inactive|BombatWombat33 has 30 seconds left.
|
|t:|1785603442
|move|p1b: Tyranitar|Protect|p1b: Tyranitar
|-singleturn|p1b: Tyranitar|Protect
|move|p2b: Basculegion|Wave Crash|p1b: Tyranitar
|-activate|p1b: Tyranitar|move: Protect
|move|p2a: Garchomp|Earthquake|p1a: Excadrill|[spread] p2b,p1a
|-activate|p1b: Tyranitar|move: Protect
|-supereffective|p1a: Excadrill|1
|-damage|p2b: Basculegion|36/100
|-damage|p1a: Excadrill|0 fnt
|faint|p1a: Excadrill
|-damage|p2a: Garchomp|90/100|[from] item: Life Orb
|
|-weather|Sandstorm|[upkeep]
|-damage|p2b: Basculegion|29/100|[from] Sandstorm
|upkeep
|
|t:|1785603456
|switch|p1a: Venusaur|Venusaur, L50, M|100/100
|turn|4
|
|t:|1785603465
|move|p2b: Basculegion|Wave Crash|p1b: Tyranitar
|-supereffective|p1b: Tyranitar|1
|-damage|p1b: Tyranitar|11/100
|-damage|p2b: Basculegion|1/100|[from] Recoil
|move|p2a: Garchomp|Earthquake|p1a: Venusaur|[spread] p2b,p1a,p1b
|-supereffective|p1b: Tyranitar|1
|-damage|p2b: Basculegion|0 fnt
|-damage|p1a: Venusaur|44/100
|-damage|p1b: Tyranitar|0 fnt
|faint|p2b: Basculegion
|faint|p1b: Tyranitar
|-damage|p2a: Garchomp|80/100|[from] item: Life Orb
|move|p1a: Venusaur|Giga Drain|p2a: Garchomp
|-damage|p2a: Garchomp|46/100
|-heal|p1a: Venusaur|62/100|[from] drain|[of] p2a: Garchomp
|
|-weather|Sandstorm|[upkeep]
|-damage|p1a: Venusaur|56/100|[from] Sandstorm
|-sideend|p2: itsmako psoe|move: Tailwind
|upkeep
|
|t:|1785603471
|switch|p1b: Ninetales|Ninetales-Alola, L50, M|100/100
|-weather|Snowscape|[from] ability: Snow Warning|[of] p1b: Ninetales
|turn|5
|
|t:|1785603475
|move|p1b: Ninetales|Blizzard|p2a: Garchomp
|-supereffective|p2a: Garchomp|2
|-damage|p2a: Garchomp|0 fnt
|faint|p2a: Garchomp
|
|win|BombatWombat33
||itsmako psoe is ready for game 2.
||BombatWombat33 is ready for game 2.
|uhtml|next|Next: Game 2 of 3
|l|☆itsmako psoe
|player|p2|
