|j|☆Andrea Pirlo 2
|j|☆Capravolante97
|html|Andrea Pirlo 2Capravolante97    
|uhtml|bestof|Game 2 of a best-of-3
|t:|1782233774
|gametype|doubles
|player|p1|Andrea Pirlo 2|volkner|
|player|p2|Capravolante97|fantina|
|gen|9
|tier|[Gen 9 Champions] VGC 2026 Reg M-B (Bo3)
|rule|Species Clause: Limit one of each Pokémon
|rule|Item Clause: Limit 1 of each item
|clearpoke
|poke|p1|Pelipper, L50, M|
|poke|p1|Swampert, L50, F|
|poke|p1|Basculegion, L50, M|
|poke|p1|Archaludon, L50, M|
|poke|p1|Floette-Eternal, L50, F|
|poke|p1|Whimsicott, L50, F|
|poke|p2|Gholdengo, L50|
|poke|p2|Scovillain, L50, M|
|poke|p2|Aerodactyl, L50, M|
|poke|p2|Garchomp, L50, M|
|poke|p2|Primarina, L50, M|
|poke|p2|Raichu, L50, M|
|teampreview|4
|showteam|p1|Pelipper||LifeOrb|Drizzle|WeatherBall,Hurricane,Tailwind,Protect|Modest||M|||50|]Swampert||Swampertite|Torrent|WaveCrash,HighHorsepower,IcePunch,Protect|Adamant||F|||50|]Basculegion||FocusSash|Adaptability|Liquidation,LastRespects,AquaJet,Protect|Adamant||M|||50|]Archaludon||Leftovers|Stamina|ElectroShot,DragonPulse,FlashCannon,Protect|Modest||M|||50|]Floette-Eternal||Floettite|FlowerVeil|LightofRuin,Moonblast,DazzlingGleam,Protect|Modest||F|||50|]Whimsicott||CobaBerry|Prankster|Moonblast,Tailwind,Encore,Protect|Bold||F|||50|
|showteam|p2|Gholdengo||LifeOrb|GoodasGold|MakeItRain,ShadowBall,NastyPlot,Protect|Timid|||||50|]Scovillain||Scovillainite|Moody|RagePowder,GigaDrain,Overheat,Protect|Bold||M|||50|]Aerodactyl||FocusSash|Unnerve|Tailwind,RockSlide,Protect,DualWingbeat|Jolly||M|||50|]Garchomp||ExpertBelt|RoughSkin|RockSlide,DragonClaw,Earthquake,Protect|Jolly||M|||50|]Primarina||MysticWater|LiquidVoice|CalmMind,HyperVoice,Moonblast,Protect|Modest||M|||50|]Raichu||RaichuniteY|LightningRod|ZapCannon,FocusBlast,Protect,FakeOut|Timid||M|||50|
|inactive|Battle timer is ON: inactive players will automatically lose when time's up. (requested by Capravolante97)
|
|t:|1782233811
|teamsize|p1|4
|teamsize|p2|4
|start
|switch|p1a: Pelipper|Pelipper, L50, M|100/100
|switch|p1b: Swampert|Swampert, L50, F|100/100
|switch|p2a: Scovillain|Scovillain, L50, M|100/100
|switch|p2b: Aerodactyl|Aerodactyl, L50, M|100/100
|-ability|p2b: Aerodactyl|Unnerve
|-weather|RainDance|[from] ability: Drizzle|[of] p1a: Pelipper
|turn|1
|inactive|Capravolante97 has 30 seconds left.
|inactive|Capravolante97 has 20 seconds left.
|inactive|Capravolante97 has 15 seconds left.
|inactive|Capravolante97 has 10 seconds left.
|inactive|Capravolante97 has 5 seconds left.
|
|t:|1782233861
|switch|p1b: Archaludon|Archaludon, L50, M|100/100
|detailschange|p2a: Scovillain|Scovillain-Mega, L50, M
|-mega|p2a: Scovillain|Scovillain|Scovillainite
|move|p2a: Scovillain|Protect|p2a: Scovillain
|-singleturn|p2a: Scovillain|Protect
|move|p2b: Aerodactyl|Rock Slide|p1b: Archaludon|[spread] p1a
|-miss|p2b: Aerodactyl|p1b: Archaludon
|-supereffective|p1a: Pelipper|1
|-damage|p1a: Pelipper|39/100
|move|p1a: Pelipper|Hurricane|p2a: Scovillain
|-activate|p2a: Scovillain|move: Protect
|
|-weather|RainDance|[upkeep]
|upkeep
|turn|2
|inactive|Capravolante97 has 30 seconds left.
|inactive|Capravolante97 has 20 seconds left.
|
|t:|1782233898
|move|p1a: Pelipper|Protect|p1a: Pelipper
|-singleturn|p1a: Pelipper|Protect
|move|p2b: Aerodactyl|Tailwind|p2b: Aerodactyl
|-sidestart|p2: Capravolante97|move: Tailwind
|move|p2a: Scovillain|Giga Drain|p1a: Pelipper
|-activate|p1a: Pelipper|move: Protect
|move|p1b: Archaludon|Electro Shot||[still]
|-prepare|p1b: Archaludon|Electro Shot
|-boost|p1b: Archaludon|spa|1
|-anim|p1b: Archaludon|Electro Shot|p2b: Aerodactyl
|-supereffective|p2b: Aerodactyl|1
|-enditem|p2b: Aerodactyl|Focus Sash
|-damage|p2b: Aerodactyl|1/100
|
|-weather|RainDance|[upkeep]
|upkeep
|turn|3
|
|t:|1782233919
|move|p1a: Pelipper|Protect||[still]
|-fail|p1a: Pelipper
|move|p2b: Aerodactyl|Dual Wingbeat|p1a: Pelipper
|-damage|p1a: Pelipper|15/100
|-damage|p1a: Pelipper|0 fnt
|faint|p1a: Pelipper
|-hitcount|p1: Pelipper|2
|move|p2a: Scovillain|Giga Drain|p1b: Archaludon
|-resisted|p1b: Archaludon|2
|-damage|p1b: Archaludon|91/100
|-ability|p1b: Archaludon|Stamina|boost
|-boost|p1b: Archaludon|def|1
|move|p1b: Archaludon|Dragon Pulse|p2a: Scovillain
|-damage|p2a: Scovillain|29/100
|-status|p1b: Archaludon|brn|[from] ability: Spicy Spray|[of] p2a: Scovillain
|
|-weather|RainDance|[upkeep]
|-heal|p1b: Archaludon|97/100 brn|[from] item: Leftovers
|-damage|p1b: Archaludon|91/100 brn|[from] brn
|upkeep
|
|t:|1782233939
|switch|p1a: Basculegion|Basculegion, L50, M|100/100
|turn|4
|
|t:|1782233946
|move|p2a: Scovillain|Protect|p2a: Scovillain
|-singleturn|p2a: Scovillain|Protect
|move|p1a: Basculegion|Aqua Jet|p2b: Aerodactyl
|-supereffective|p2b: Aerodactyl|1
|-damage|p2b: Aerodactyl|0 fnt
|faint|p2b: Aerodactyl
|move|p1b: Archaludon|Dragon Pulse|p2a: Scovillain
|-activate|p2a: Scovillain|move: Protect
|
|-weather|RainDance|[upkeep]
|-heal|p1b: Archaludon|97/100 brn|[from] item: Leftovers
|-damage|p1b: Archaludon|91/100 brn|[from] brn
|upkeep
|
|t:|1782233963
|switch|p2b: Primarina|Primarina, L50, M|100/100
|turn|5
|
|t:|1782233980
|move|p1a: Basculegion|Aqua Jet|p2a: Scovillain
|-damage|p2a: Scovillain|0 fnt
|-status|p1a: Basculegion|brn|[from] ability: Spicy Spray|[of] p2a: Scovillain
|faint|p2a: Scovillain
|move|p2b: Primarina|Moonblast|p1b: Archaludon
|-damage|p1b: Archaludon|47/100 brn
|-ability|p1b: Archaludon|Stamina|boost
|-boost|p1b: Archaludon|def|1
|move|p1b: Archaludon|Electro Shot||[still]
|-prepare|p1b: Archaludon|Electro Shot
|-boost|p1b: Archaludon|spa|1
|-anim|p1b: Archaludon|Electro Shot|p2b: Primarina
|-supereffective|p2b: Primarina|1
|-damage|p2b: Primarina|0 fnt
|faint|p2b: Primarina
|
|-weather|none
|-heal|p1b: Archaludon|53/100 brn|[from] item: Leftovers
|-damage|p1a: Basculegion|93/100 brn|[from] brn
|-damage|p1b: Archaludon|47/100 brn|[from] brn
|-sideend|p2: Capravolante97|move: Tailwind
|upkeep
|
|t:|1782233992
|switch|p2b: Garchomp|Garchomp, L50, M|100/100
|turn|6
|
|t:|1782234009
|move|p1b: Archaludon|Protect|p1b: Archaludon
|-singleturn|p1b: Archaludon|Protect
|move|p2b: Garchomp|Earthquake|p1a: Basculegion|[spread] p1a
|-activate|p1b: Archaludon|move: Protect
|-damage|p1a: Basculegion|47/100 brn
|move|p1a: Basculegion|Last Respects|p2b: Garchomp
|-damage|p2b: Garchomp|63/100
|
|-heal|p1b: Archaludon|53/100 brn|[from] item: Leftovers
|-damage|p1a: Basculegion|41/100 brn|[from] brn
|-damage|p1b: Archaludon|47/100 brn|[from] brn
|upkeep
|turn|7
|
|t:|1782234020
|move|p2b: Garchomp|Earthquake|p1a: Basculegion|[spread] p1a,p1b
|-supereffective|p1b: Archaludon|1
|-damage|p1a: Basculegion|0 fnt
|-damage|p1b: Archaludon|11/100 brn
|-ability|p1b: Archaludon|Stamina|boost
|-boost|p1b: Archaludon|def|1
|faint|p1a: Basculegion
|move|p1b: Archaludon|Dragon Pulse|p2b: Garchomp
|-supereffective|p2b: Garchomp|1
|-damage|p2b: Garchomp|0 fnt
|faint|p2b: Garchomp
|
|win|Andrea Pirlo 2
