|j|☆iloveships
|j|☆qaiseasy
|html|iloveshipsqaiseasy    
|uhtml|bestof|Game 1 of a best-of-3
|t:|1785505967
|gametype|doubles
|player|p1|iloveships|emmet|1187
|player|p2|qaiseasy|tuber|1213
|gen|9
|tier|[Gen 9 Champions] VGC 2026 Reg M-B (Bo3)
|rated|
|rule|Species Clause: Limit one of each Pokémon
|rule|Item Clause: Limit 1 of each item
|clearpoke
|poke|p1|Sinistcha, L50|
|poke|p1|Milotic, L50, M|
|poke|p1|Incineroar, L50, M|
|poke|p1|Raichu, L50, M|
|poke|p1|Mimikyu, L50, M|
|poke|p1|Ninetales-Alola, L50, M|
|poke|p2|Staraptor, L50, F|
|poke|p2|Tyranitar, L50, F|
|poke|p2|Excadrill, L50, M|
|poke|p2|Gholdengo, L50|
|poke|p2|Milotic, L50, M|
|poke|p2|Sinistcha, L50|
|teampreview|4
|showteam|p1|Sinistcha||KasibBerry|Hospitality|LifeDew,MatchaGotcha,RagePowder,Hex|Calm|||||50|]Milotic||Leftovers|Competitive|MuddyWater,Hypnosis,Coil,Recover|Calm||M|||50|]Incineroar||SitrusBerry|Intimidate|FakeOut,PartingShot,DarkestLariat,FlareBlitz|Adamant||M|||50|]Raichu||RaichuniteY|LightningRod|ZapCannon,FocusBlast,FakeOut,Protect|Timid||M|||50|]Mimikyu||LifeOrb|Disguise|PlayRough,ShadowSneak,Protect,SwordsDance|Adamant||M|||50|]Ninetales-Alola||FocusSash|SnowWarning|Blizzard,FreezeDry,Protect,Encore|Timid||M|||50|
|showteam|p2|Staraptor||Staraptite|Intimidate|CloseCombat,BraveBird,Tailwind,Protect|Jolly||F|||50|]Tyranitar||Tyranitarite|SandStream|RockSlide,KnockOff,LowKick,Protect|Jolly||F|||50|]Excadrill||FocusSash|SandRush|IronHead,HighHorsepower,RockSlide,Protect|Adamant||M|||50|]Gholdengo||LifeOrb|GoodasGold|MakeItRain,ShadowBall,NastyPlot,Protect|Modest|||||50|]Milotic||SitrusBerry|Competitive|Scald,IceBeam,Recover,Protect|Modest||M|||50|]Sinistcha||ColburBerry|Hospitality|MatchaGotcha,RagePowder,TrickRoom,Protect|Bold|||||50|
|inactive|Battle timer is ON: inactive players will automatically lose when time's up. (requested by iloveships)
|j| oshawott0811
|inactive|iloveships has 60 seconds left.
|inactive|qaiseasy has 60 seconds left.
|inactive|iloveships has 30 seconds left.
|
|t:|1785506028
|teamsize|p1|4
|teamsize|p2|4
|start
|switch|p1a: Milotic|Milotic, L50, M|100/100
|switch|p1b: Raichu|Raichu, L50, M|100/100
|switch|p2a: Gholdengo|Gholdengo, L50|100/100
|switch|p2b: Milotic|Milotic, L50, M|100/100
|turn|1
|inactive|qaiseasy has 30 seconds left.
|inactive|qaiseasy has 20 seconds left.
|inactive|qaiseasy has 15 seconds left.
|inactive|qaiseasy has 10 seconds left.
|
|t:|1785506076
|detailschange|p1b: Raichu|Raichu-Mega-Y, L50, M
|-mega|p1b: Raichu|Raichu|Raichunite Y
|move|p1b: Raichu|Zap Cannon|p2a: Gholdengo
|-damage|p2a: Gholdengo|30/100
|-status|p2a: Gholdengo|par
|move|p1a: Milotic|Coil|p1a: Milotic
|-boost|p1a: Milotic|atk|1
|-boost|p1a: Milotic|def|1
|-boost|p1a: Milotic|accuracy|1
|move|p2b: Milotic|Scald|p1b: Raichu
|-damage|p1b: Raichu|58/100
|move|p2a: Gholdengo|Nasty Plot|p2a: Gholdengo
|-boost|p2a: Gholdengo|spa|2
|
|upkeep
|turn|2
|inactive|iloveships has 30 seconds left.
|inactive|qaiseasy has 30 seconds left.
|l| oshawott0811
|inactive|qaiseasy has 20 seconds left.
|
|t:|1785506114
|move|p2a: Gholdengo|Protect|p2a: Gholdengo
|-singleturn|p2a: Gholdengo|Protect
|move|p1b: Raichu|Zap Cannon|p2a: Gholdengo
|-activate|p2a: Gholdengo|move: Protect
|move|p2b: Milotic|Scald|p1b: Raichu
|-damage|p1b: Raichu|12/100
|move|p1a: Milotic|Hypnosis|p2b: Milotic
|-status|p2b: Milotic|slp|[from] move: Hypnosis
|
|upkeep
|turn|3
|
|t:|1785506137
|switch|p2a: Excadrill|Excadrill, L50, M|100/100
|move|p1b: Raichu|Zap Cannon|p2a: Excadrill
|-immune|p2a: Excadrill
|cant|p2b: Milotic|slp
|move|p1a: Milotic|Muddy Water|p2b: Milotic|[spread] p2a,p2b
|-supereffective|p2a: Excadrill|1
|-resisted|p2b: Milotic|1
|-damage|p2a: Excadrill|42/100
|-damage|p2b: Milotic|91/100 slp
|
|upkeep
|turn|4
|inactive|qaiseasy has 30 seconds left.
|
|t:|1785506168
|switch|p2b: Tyranitar|Tyranitar, L50, F|100/100
|-weather|Sandstorm|[from] ability: Sand Stream|[of] p2b: Tyranitar
|move|p1b: Raichu|Protect|p1b: Raichu
|-singleturn|p1b: Raichu|Protect
|move|p2a: Excadrill|Rock Slide|p1b: Raichu|[spread] p1a
|-activate|p1b: Raichu|move: Protect
|-damage|p1a: Milotic|88/100
|move|p1a: Milotic|Muddy Water|p2a: Excadrill|[spread] p2a,p2b
|-supereffective|p2a: Excadrill|1
|-supereffective|p2b: Tyranitar|1
|-damage|p2a: Excadrill|0 fnt
|-damage|p2b: Tyranitar|71/100
|faint|p2a: Excadrill
|
|-weather|Sandstorm|[upkeep]
|-damage|p1b: Raichu|6/100|[from] Sandstorm
|-damage|p1a: Milotic|82/100|[from] Sandstorm
|-heal|p1a: Milotic|88/100|[from] item: Leftovers
|upkeep
|
|t:|1785506180
|switch|p2a: Milotic|Milotic, L50, M|91/100 slp
|turn|5
|
|t:|1785506196
|detailschange|p2b: Tyranitar|Tyranitar-Mega, L50, F
|-mega|p2b: Tyranitar|Tyranitar|Tyranitarite
|move|p2b: Tyranitar|Protect|p2b: Tyranitar
|-singleturn|p2b: Tyranitar|Protect
|move|p1b: Raichu|Zap Cannon|p2a: Milotic
|-supereffective|p2a: Milotic|1
|-damage|p2a: Milotic|4/100 slp
|-enditem|p2a: Milotic|Sitrus Berry|[eat]
|-heal|p2a: Milotic|29/100 slp|[from] item: Sitrus Berry
|move|p1a: Milotic|Hypnosis|p2b: Tyranitar
|-activate|p2b: Tyranitar|move: Protect
|-curestatus|p2a: Milotic|slp|[msg]
|move|p2a: Milotic|Scald|p1b: Raichu
|-damage|p1b: Raichu|0 fnt
|faint|p1b: Raichu
|
|-weather|Sandstorm|[upkeep]
|-damage|p2a: Milotic|23/100|[from] Sandstorm
|-damage|p1a: Milotic|82/100|[from] Sandstorm
|-heal|p1a: Milotic|88/100|[from] item: Leftovers
|upkeep
|
|t:|1785506212
|switch|p1b: Sinistcha|Sinistcha, L50|100/100
|-heal|p1a: Milotic|100/100|[from] ability: Hospitality|[of] p1b: Sinistcha
|turn|6
|
|t:|1785506226
|move|p2b: Tyranitar|Knock Off|p1b: Sinistcha
|-supereffective|p1b: Sinistcha|1
|-damage|p1b: Sinistcha|4/100
|-enditem|p1b: Sinistcha|Kasib Berry|[from] move: Knock Off|[of] p2b: Tyranitar
|move|p2a: Milotic|Recover|p2a: Milotic
|-heal|p2a: Milotic|73/100
|move|p1a: Milotic|Hypnosis|p2b: Tyranitar|[miss]
|-miss|p1a: Milotic|p2b: Tyranitar
|move|p1b: Sinistcha|Matcha Gotcha|p2b: Tyranitar|[spread] p2a,p2b
|-supereffective|p2a: Milotic|1
|-supereffective|p2b: Tyranitar|1
|-damage|p2a: Milotic|41/100
|-heal|p1b: Sinistcha|23/100|[from] drain|[of] p2a: Milotic
|-damage|p2b: Tyranitar|42/100
|-heal|p1b: Sinistcha|38/100|[from] drain|[of] p2b: Tyranitar
|-status|p2a: Milotic|brn
|
|-weather|Sandstorm|[upkeep]
|-damage|p2a: Milotic|35/100 brn|[from] Sandstorm
|-damage|p1a: Milotic|94/100|[from] Sandstorm
|-damage|p1b: Sinistcha|32/100|[from] Sandstorm
|-heal|p1a: Milotic|100/100|[from] item: Leftovers
|-damage|p2a: Milotic|29/100 brn|[from] brn
|upkeep
|turn|7
|inactive|iloveships has 30 seconds left.
|inactive|qaiseasy has 30 seconds left.
|inactive|iloveships has 20 seconds left.
|
|t:|1785506263
|switch|p2b: Gholdengo|Gholdengo, L50|30/100 par
|move|p2a: Milotic|Ice Beam|p1b: Sinistcha
|-supereffective|p1b: Sinistcha|1
|-damage|p1b: Sinistcha|0 fnt
|faint|p1b: Sinistcha
|move|p1a: Milotic|Muddy Water|p2b: Gholdengo|[spread] p2a,p2b
|-resisted|p2a: Milotic|1
|-crit|p2b: Gholdengo
|-damage|p2a: Milotic|21/100 brn
|-damage|p2b: Gholdengo|0 fnt
|faint|p2b: Gholdengo
|
|-weather|Sandstorm|[upkeep]
|-damage|p2a: Milotic|15/100 brn|[from] Sandstorm
|-damage|p1a: Milotic|94/100|[from] Sandstorm
|-heal|p1a: Milotic|100/100|[from] item: Leftovers
|-damage|p2a: Milotic|9/100 brn|[from] brn
|upkeep
|
|t:|1785506277
|switch|p2b: Tyranitar|Tyranitar-Mega, L50, F|42/100
|switch|p1b: Incineroar|Incineroar, L50, M|100/100
|-ability|p1b: Incineroar|Intimidate|boost
|-unboost|p2a: Milotic|atk|1
|-ability|p2a: Milotic|Competitive|boost
|-boost|p2a: Milotic|spa|2
|-unboost|p2b: Tyranitar|atk|1
|turn|8
|inactive|qaiseasy has 30 seconds left.
|inactive|qaiseasy has 20 seconds left.
|inactive|qaiseasy has 15 seconds left.
|
|t:|1785506322
|move|p2a: Milotic|Protect|p2a: Milotic
|-singleturn|p2a: Milotic|Protect
|move|p1b: Incineroar|Fake Out|p2a: Milotic
|-activate|p2a: Milotic|move: Protect
|move|p2b: Tyranitar|Rock Slide|p1b: Incineroar|[spread] p1a,p1b
|-supereffective|p1b: Incineroar|1
|-crit|p1b: Incineroar
|-damage|p1a: Milotic|88/100
|-damage|p1b: Incineroar|13/100
|-enditem|p1b: Incineroar|Sitrus Berry|[eat]
|-heal|p1b: Incineroar|38/100|[from] item: Sitrus Berry
|move|p1a: Milotic|Hypnosis|p2b: Tyranitar
|-status|p2b: Tyranitar|slp|[from] move: Hypnosis
|
|-weather|none
|-heal|p1a: Milotic|94/100|[from] item: Leftovers
|-damage|p2a: Milotic|3/100 brn|[from] brn
|upkeep
|turn|9
|inactive|iloveships has 30 seconds left.
|
|t:|1785506347
|cant|p2b: Tyranitar|slp
|move|p2a: Milotic|Recover|p2a: Milotic
|-heal|p2a: Milotic|53/100 brn
|move|p1a: Milotic|Muddy Water|p2b: Tyranitar|[spread] p2a,p2b
|-resisted|p2a: Milotic|1
|-supereffective|p2b: Tyranitar|1
|-damage|p2a: Milotic|44/100 brn
|-damage|p2b: Tyranitar|1/100 slp
|-unboost|p2b: Tyranitar|accuracy|1
|move|p1b: Incineroar|Flare Blitz|p2b: Tyranitar
|-resisted|p2b: Tyranitar|1
|-damage|p2b: Tyranitar|0 fnt
|faint|p2b: Tyranitar
|-damage|p1b: Incineroar|37/100|[from] Recoil
|
|-heal|p1a: Milotic|100/100|[from] item: Leftovers
|-damage|p2a: Milotic|38/100 brn|[from] brn
|upkeep
|turn|10
|
|t:|1785506367
|move|p2a: Milotic|Recover|p2a: Milotic
|-heal|p2a: Milotic|88/100 brn
|move|p1a: Milotic|Muddy Water|p2a: Milotic
|-resisted|p2a: Milotic|1
|-damage|p2a: Milotic|77/100 brn
|-unboost|p2a: Milotic|accuracy|1
|-ability|p2a: Milotic|Competitive|boost
|-boost|p2a: Milotic|spa|2
|move|p1b: Incineroar|Darkest Lariat|p2a: Milotic
|-damage|p2a: Milotic|41/100 brn
|
|-damage|p2a: Milotic|35/100 brn|[from] brn
|upkeep
|turn|11
|
|t:|1785506385
|move|p2a: Milotic|Scald|p1b: Incineroar|[miss]
|-miss|p2a: Milotic|p1b: Incineroar
|move|p1a: Milotic|Muddy Water|p2a: Milotic
|-resisted|p2a: Milotic|1
|-damage|p2a: Milotic|24/100 brn
|move|p1b: Incineroar|Darkest Lariat|p2a: Milotic
|-damage|p2a: Milotic|0 fnt
|faint|p2a: Milotic
|
|win|iloveships
