|j|☆BambooCyclone
|j|☆PuffTheCutie
|html|BambooCyclonePuffTheCutie    
|uhtml|bestof|Game 3 of a best-of-3
|t:|1786159411
|gametype|doubles
|player|p1|BambooCyclone|170|
|player|p2|PuffTheCutie|roxie|
|gen|9
|tier|[Gen 9 Champions] VGC 2026 Reg M-B (Bo3)
|rule|Species Clause: Limit one of each Pokémon
|rule|Item Clause: Limit 1 of each item
|clearpoke
|poke|p1|Scrafty, L50, F|
|poke|p1|Emolga, L50, F|
|poke|p1|Swampert, L50, F|
|poke|p1|Metagross, L50|
|poke|p1|Rotom-Heat, L50|
|poke|p1|Appletun, L50, F|
|poke|p2|Tyranitar, L50, M|
|poke|p2|Excadrill, L50, F|
|poke|p2|Gholdengo, L50|
|poke|p2|Staraptor, L50, F|
|poke|p2|Milotic, L50, M|
|poke|p2|Chandelure, L50, M|
|teampreview|4
|showteam|p1|Scrafty||Scraftinite|Intimidate|FakeOut,BrickBreak,KnockOff,Protect|Adamant||F|||50|]Emolga||FocusSash|Static|Nuzzle,Taunt,Encore,Protect|Jolly||F|||50|]Swampert||Leftovers|Damp|Yawn,SandTomb,WideGuard,Protect|Careful||F|||50|]Metagross||LifeOrb|ClearBody|PsychicFangs,Earthquake,BulletPunch,Protect|Adamant|||||50|]Rotom-Heat||BrightPowder|Levitate|Discharge,Overheat,Protect,Thunderbolt|Timid|||||50|]Appletun||SitrusBerry|Gluttony|AppleAcid,DracoMeteor,GigaDrain,Protect|Modest||F|||50|
|showteam|p2|Tyranitar||Tyranitarite|SandStream|RockSlide,KnockOff,LowKick,Protect|Jolly||M|||50|]Excadrill||FocusSash|SandRush|IronHead,HighHorsepower,RockSlide,Protect|Adamant||F|||50|]Gholdengo||LifeOrb|GoodasGold|MakeItRain,ShadowBall,NastyPlot,Protect|Modest|||||50|]Staraptor||SharpBeak|Intimidate|CloseCombat,BraveBird,Tailwind,Protect|Jolly||F|||50|]Milotic||SitrusBerry|Competitive|Scald,IceBeam,Hypnosis,Protect|Modest||M|||50|]Chandelure||ColburBerry|FlashFire|HeatWave,ShadowBall,Taunt,Protect|Mild||M|||50|
|j| falba
|j| tobyga
|inactive|Battle timer is ON: inactive players will automatically lose when time's up. (requested by PuffTheCutie)
|j| Potatomonstr
|inactive|BambooCyclone has 60 seconds left.
|
|t:|1786159515
|teamsize|p1|4
|teamsize|p2|4
|start
|switch|p1a: Swampert|Swampert, L50, F|100/100
|switch|p1b: Rotom|Rotom-Heat, L50|100/100
|switch|p2a: Chandelure|Chandelure, L50, M|100/100
|switch|p2b: Staraptor|Staraptor, L50, F|100/100
|-ability|p2b: Staraptor|Intimidate|boost
|-unboost|p1a: Swampert|atk|1
|-unboost|p1b: Rotom|atk|1
|turn|1
|inactive|PuffTheCutie has 30 seconds left.
|j| Peppersalt1
|inactive|PuffTheCutie has 20 seconds left.
|inactive|PuffTheCutie has 15 seconds left.
|inactive|PuffTheCutie has 10 seconds left.
|inactive|PuffTheCutie has 5 seconds left.
|
|t:|1786159566
|switch|p2b: Milotic|Milotic, L50, M|100/100
|move|p1b: Rotom|Thunderbolt|p2b: Milotic
|-supereffective|p2b: Milotic|1
|-damage|p2b: Milotic|39/100
|-status|p2b: Milotic|par
|-enditem|p2b: Milotic|Sitrus Berry|[eat]
|-heal|p2b: Milotic|64/100 par|[from] item: Sitrus Berry
|move|p2a: Chandelure|Taunt|p1a: Swampert
|-start|p1a: Swampert|move: Taunt
|move|p1a: Swampert|Sand Tomb|p2a: Chandelure
|-supereffective|p2a: Chandelure|1
|-damage|p2a: Chandelure|73/100
|-activate|p2a: Chandelure|move: Sand Tomb|[of] p1a: Swampert
|
|-damage|p2a: Chandelure|61/100|[from] move: Sand Tomb|[partiallytrapped]
|upkeep
|turn|2
|inactive|PuffTheCutie has 30 seconds left.
|
|t:|1786159596
|move|p2a: Chandelure|Protect|p2a: Chandelure
|-singleturn|p2a: Chandelure|Protect
|move|p1b: Rotom|Discharge|p2a: Chandelure|[spread] p2b
|-activate|p2a: Chandelure|move: Protect
|-immune|p1a: Swampert
|-supereffective|p2b: Milotic|1
|-damage|p2b: Milotic|21/100 par
|move|p1a: Swampert|Sand Tomb|p2b: Milotic
|-damage|p2b: Milotic|12/100 par
|-activate|p2b: Milotic|move: Sand Tomb|[of] p1a: Swampert
|move|p2b: Milotic|Scald|p1b: Rotom
|-supereffective|p1b: Rotom|1
|-damage|p1b: Rotom|10/100
|
|-damage|p2a: Chandelure|48/100|[from] move: Sand Tomb|[partiallytrapped]
|-damage|p2b: Milotic|0 fnt|[from] move: Sand Tomb|[partiallytrapped]
|faint|p2b: Milotic
|upkeep
|inactive|PuffTheCutie has 30 seconds left.
|
|t:|1786159623
|switch|p2b: Staraptor|Staraptor, L50, F|100/100
|-ability|p2b: Staraptor|Intimidate|boost
|-unboost|p1a: Swampert|atk|1
|-unboost|p1b: Rotom|atk|1
|turn|3
|
|t:|1786159640
|move|p1b: Rotom|Protect|p1b: Rotom
|-singleturn|p1b: Rotom|Protect
|move|p2b: Staraptor|Close Combat|p1b: Rotom
|-activate|p1b: Rotom|move: Protect
|move|p2a: Chandelure|Shadow Ball|p1a: Swampert
|-damage|p1a: Swampert|65/100
|-unboost|p1a: Swampert|spd|1
|move|p1a: Swampert|Sand Tomb|p2a: Chandelure
|-supereffective|p2a: Chandelure|1
|-damage|p2a: Chandelure|27/100
|
|-heal|p1a: Swampert|71/100|[from] item: Leftovers
|-damage|p2a: Chandelure|15/100|[from] move: Sand Tomb|[partiallytrapped]
|-end|p1a: Swampert|move: Taunt
|upkeep
|turn|4
|inactive|PuffTheCutie has 30 seconds left.
|inactive|BambooCyclone has 30 seconds left.
|inactive|PuffTheCutie has 20 seconds left.
|inactive|PuffTheCutie has 15 seconds left.
|
|t:|1786159683
|move|p1b: Rotom|Protect|p1b: Rotom
|-singleturn|p1b: Rotom|Protect
|move|p1a: Swampert|Protect|p1a: Swampert
|-singleturn|p1a: Swampert|Protect
|move|p2b: Staraptor|Brave Bird|p1a: Swampert
|-activate|p1a: Swampert|move: Protect
|move|p2a: Chandelure|Taunt|p1a: Swampert
|-activate|p1a: Swampert|move: Protect
|
|-heal|p1a: Swampert|76/100|[from] item: Leftovers
|-damage|p2a: Chandelure|2/100|[from] move: Sand Tomb|[partiallytrapped]
|upkeep
|turn|5
|inactive|BambooCyclone has 30 seconds left.
|j| tempestuwumeow
|
|t:|1786159718
|switch|p1a: Scrafty|Scrafty, L50, F|100/100
|-ability|p1a: Scrafty|Intimidate|boost
|-unboost|p2a: Chandelure|atk|1
|-unboost|p2b: Staraptor|atk|1
|move|p2a: Chandelure|Protect|p2a: Chandelure
|-singleturn|p2a: Chandelure|Protect
|move|p2b: Staraptor|Close Combat|p1b: Rotom
|-damage|p1b: Rotom|0 fnt
|-unboost|p2b: Staraptor|def|1
|-unboost|p2b: Staraptor|spd|1
|faint|p1b: Rotom
|
|-end|p2a: Chandelure|Sand Tomb|[partiallytrapped]|[silent]
|upkeep
|inactive|BambooCyclone has 30 seconds left.
|inactive|BambooCyclone has 20 seconds left.
|inactive|BambooCyclone has 15 seconds left.
|
|t:|1786159762
|switch|p1b: Metagross|Metagross, L50|100/100
|turn|6
|
|t:|1786159775
|switch|p2b: Gholdengo|Gholdengo, L50|100/100
|move|p1a: Scrafty|Fake Out|p2b: Gholdengo
|-immune|p2b: Gholdengo
|move|p1b: Metagross|Bullet Punch|p2a: Chandelure
|-resisted|p2a: Chandelure|1
|-damage|p2a: Chandelure|0 fnt
|faint|p2a: Chandelure
|-damage|p1b: Metagross|90/100|[from] item: Life Orb
|
|upkeep
|
|t:|1786159785
|switch|p2a: Staraptor|Staraptor, L50, F|100/100
|-ability|p2a: Staraptor|Intimidate|boost
|-unboost|p1a: Scrafty|atk|1
|-fail|p1b: Metagross|unboost|[from] ability: Clear Body|[of] p1b: Metagross
|turn|7
|
|t:|1786159807
|detailschange|p1a: Scrafty|Scrafty-Mega, L50, F
|-mega|p1a: Scrafty|Scrafty|Scraftinite
|-ability|p1a: Scrafty|Intimidate|boost
|-unboost|p2a: Staraptor|atk|1
|-unboost|p2b: Gholdengo|atk|1
|move|p1a: Scrafty|Protect|p1a: Scrafty
|-singleturn|p1a: Scrafty|Protect
|move|p2a: Staraptor|Brave Bird|p1a: Scrafty
|-activate|p1a: Scrafty|move: Protect
|move|p2b: Gholdengo|Shadow Ball|p1b: Metagross
|-supereffective|p1b: Metagross|1
|-damage|p1b: Metagross|0 fnt
|faint|p1b: Metagross
|-damage|p2b: Gholdengo|90/100|[from] item: Life Orb
|
|upkeep
|
|t:|1786159817
|switch|p1b: Swampert|Swampert, L50, F|76/100
|turn|8
|inactive|BambooCyclone has 30 seconds left.
|inactive|PuffTheCutie has 30 seconds left.
|inactive|BambooCyclone has 20 seconds left.
|inactive|BambooCyclone has 15 seconds left.
|
|t:|1786159861
|move|p1b: Swampert|Wide Guard|p1b: Swampert
|-singleturn|p1b: Swampert|Wide Guard
|move|p2a: Staraptor|Brave Bird|p1a: Scrafty
|-supereffective|p1a: Scrafty|1
|-damage|p1a: Scrafty|29/100
|-damage|p2a: Staraptor|78/100|[from] Recoil
|move|p2b: Gholdengo|Make It Rain|p1a: Scrafty|[spread] 
|-activate|p1a: Scrafty|move: Wide Guard
|-activate|p1b: Swampert|move: Wide Guard
|move|p1a: Scrafty|Brick Break|p2a: Staraptor
|-damage|p2a: Staraptor|40/100
|
|-heal|p1b: Swampert|82/100|[from] item: Leftovers
|upkeep
|turn|9
|inactive|PuffTheCutie has 30 seconds left.
|inactive|PuffTheCutie has 20 seconds left.
|inactive|PuffTheCutie has 15 seconds left.
|
|t:|1786159906
|move|p1a: Scrafty|Protect|p1a: Scrafty
|-singleturn|p1a: Scrafty|Protect
|move|p2a: Staraptor|Close Combat|p1a: Scrafty
|-activate|p1a: Scrafty|move: Protect
|move|p2b: Gholdengo|Shadow Ball|p1b: Swampert
|-damage|p1b: Swampert|44/100
|-damage|p2b: Gholdengo|81/100|[from] item: Life Orb
|move|p1b: Swampert|Yawn|p2a: Staraptor
|-start|p2a: Staraptor|move: Yawn|[of] p1b: Swampert
|
|-heal|p1b: Swampert|50/100g|[from] item: Leftovers
|upkeep
|turn|10
|inactive|PuffTheCutie has 30 seconds left.
|
|t:|1786159934
|move|p1a: Scrafty|Protect|p1a: Scrafty
|-singleturn|p1a: Scrafty|Protect
|move|p2a: Staraptor|Brave Bird|p1a: Scrafty
|-activate|p1a: Scrafty|move: Protect
|move|p2b: Gholdengo|Shadow Ball|p1a: Scrafty
|-activate|p1a: Scrafty|move: Protect
|move|p1b: Swampert|Sand Tomb|p2b: Gholdengo
|-supereffective|p2b: Gholdengo|1
|-damage|p2b: Gholdengo|55/100
|-activate|p2b: Gholdengo|move: Sand Tomb|[of] p1b: Swampert
|
|-heal|p1b: Swampert|56/100|[from] item: Leftovers
|-damage|p2b: Gholdengo|42/100|[from] move: Sand Tomb|[partiallytrapped]
|-end|p2a: Staraptor|move: Yawn|[silent]
|-status|p2a: Staraptor|slp
|upkeep
|turn|11
|
|t:|1786159962
|move|p1b: Swampert|Wide Guard|p1b: Swampert
|-singleturn|p1b: Swampert|Wide Guard
|cant|p2a: Staraptor|slp
|move|p2b: Gholdengo|Shadow Ball|p1a: Scrafty
|-resisted|p1a: Scrafty|1
|-damage|p1a: Scrafty|6/100
|-damage|p2b: Gholdengo|33/100|[from] item: Life Orb
|move|p1a: Scrafty|Brick Break|p2a: Staraptor
|-damage|p2a: Staraptor|1/100 slp
|
|-heal|p1b: Swampert|62/100|[from] item: Leftovers
|-damage|p2b: Gholdengo|20/100y|[from] move: Sand Tomb|[partiallytrapped]
|upkeep
|turn|12
|j| andorite2
|
|t:|1786159987
|move|p1a: Scrafty|Protect|p1a: Scrafty
|-singleturn|p1a: Scrafty|Protect
|cant|p2a: Staraptor|slp
|move|p2b: Gholdengo|Shadow Ball|p1b: Swampert
|-damage|p1b: Swampert|28/100
|-unboost|p1b: Swampert|spd|1
|-damage|p2b: Gholdengo|11/100|[from] item: Life Orb
|move|p1b: Swampert|Sand Tomb|p2b: Gholdengo
|-supereffective|p2b: Gholdengo|1
|-damage|p2b: Gholdengo|0 fnt
|faint|p2b: Gholdengo
|
|-heal|p1b: Swampert|33/100|[from] item: Leftovers
|upkeep
|turn|13
|inactive|BambooCyclone has 30 seconds left.
|inactive|BambooCyclone has 20 seconds left.
|j| azileme
|inactive|BambooCyclone has 15 seconds left.
|
|t:|1786160029
|-curestatus|p2a: Staraptor|slp|[msg]
|move|p2a: Staraptor|Close Combat|p1a: Scrafty
|-supereffective|p1a: Scrafty|1
|-damage|p1a: Scrafty|0 fnt
|-unboost|p2a: Staraptor|def|1
|-unboost|p2a: Staraptor|spd|1
|faint|p1a: Scrafty
|move|p1b: Swampert|Yawn|p2a: Staraptor
|-start|p2a: Staraptor|move: Yawn|[of] p1b: Swampert
|
|-heal|p1b: Swampert|39/100|[from] item: Leftovers
|upkeep
|turn|14
|
|t:|1786160041
|move|p1b: Swampert|Protect|p1b: Swampert
|-singleturn|p1b: Swampert|Protect
|move|p2a: Staraptor|Close Combat|p1b: Swampert
|-activate|p1b: Swampert|move: Protect
|
|-heal|p1b: Swampert|45/100|[from] item: Leftovers
|-end|p2a: Staraptor|move: Yawn|[silent]
|-status|p2a: Staraptor|slp
|upkeep
|turn|15
|
|t:|1786160056
|cant|p2a: Staraptor|slp
|move|p1b: Swampert|Sand Tomb|p2a: Staraptor
|-immune|p2a: Staraptor
|
|-heal|p1b: Swampert|51/100|[from] item: Leftovers
|upkeep
|turn|16
|inactive|PuffTheCutie has 30 seconds left.
|
|t:|1786160069
|cant|p2a: Staraptor|slp
|move|p1b: Swampert|Yawn||[still]
|-fail|p1b: Swampert
|
|-heal|p1b: Swampert|57/100|[from] item: Leftovers
|upkeep
|turn|17
|inactive|PuffTheCutie has 30 seconds left this turn.
|
|t:|1786160075
|-curestatus|p2a: Staraptor|slp|[msg]
|move|p2a: Staraptor|Close Combat|p1b: Swampert
|-damage|p1b: Swampert|34/100
|-unboost|p2a: Staraptor|def|1
|-unboost|p2a: Staraptor|spd|1
|move|p1b: Swampert|Yawn|p2a: Staraptor
|-start|p2a: Staraptor|move: Yawn|[of] p1b: Swampert
|
|-heal|p1b: Swampert|40/100|[from] item: Leftovers
|upkeep
|turn|18
|inactive|PuffTheCutie has 25 seconds left this turn.
|inactive|PuffTheCutie has 20 seconds left.
|inactive|PuffTheCutie has 15 seconds left.
|
|t:|1786160086
|move|p1b: Swampert|Protect|p1b: Swampert
|-singleturn|p1b: Swampert|Protect
|move|p2a: Staraptor|Close Combat|p1b: Swampert
|-activate|p1b: Swampert|move: Protect
|
|-heal|p1b: Swampert|45/100|[from] item: Leftovers
|-end|p2a: Staraptor|move: Yawn|[silent]
|-status|p2a: Staraptor|slp
|upkeep
|turn|19
|inactive|PuffTheCutie has 15 seconds left this turn.
|inactive|PuffTheCutie has 10 seconds left.
|
|t:|1786160096
|cant|p2a: Staraptor|slp
|move|p1b: Swampert|Sand Tomb|p2a: Staraptor
|-immune|p2a: Staraptor
|
|-heal|p1b: Swampert|51/100|[from] item: Leftovers
|upkeep
|turn|20
|inactive|PuffTheCutie has 10 seconds left this turn.
|inactive|PuffTheCutie has 5 seconds left.
|
|t:|1786160103
|cant|p2a: Staraptor|slp
|move|p1b: Swampert|Sand Tomb|p2a: Staraptor
|-immune|p2a: Staraptor
|
|-heal|p1b: Swampert|57/100|[from] item: Leftovers
|upkeep
|turn|21
|inactive|PuffTheCutie has 5 seconds left this turn.
|-message|PuffTheCutie lost due to inactivity.
|
|win|BambooCyclone
