|j|☆sybe123
|j|☆Huasometa
|html|sybe123Huasometa    
|uhtml|bestof|Game 3 of a best-of-3
|t:|1783700163
|gametype|doubles
|player|p1|sybe123|266|1299
|player|p2|Huasometa|elesa|1245
|gen|9
|tier|[Gen 9 Champions] VGC 2026 Reg M-B (Bo3)
|rated|
|rule|Species Clause: Limit one of each Pokémon
|rule|Item Clause: Limit 1 of each item
|clearpoke
|poke|p1|Scrafty, L50, F|
|poke|p1|Venusaur, L50, M|
|poke|p1|Ceruledge, L50, M|
|poke|p1|Milotic, L50, F|
|poke|p1|Ninetales-Alola, L50, F|
|poke|p1|Maushold-Four, L50|
|poke|p2|Chandelure, L50, M|
|poke|p2|Kangaskhan, L50, F|
|poke|p2|Sylveon, L50, M|
|poke|p2|Kingambit, L50, F|
|poke|p2|Rotom-Wash, L50|
|poke|p2|Venusaur, L50, M|
|teampreview|4
|showteam|p1|Scrafty||Scraftinite|Intimidate|KnockOff,CloseCombat,FakeOut,Protect|Adamant||F|||50|]Venusaur||Venusaurite|Chlorophyll|GigaDrain,SludgeBomb,EarthPower,Protect|Modest||M|||50|]Ceruledge||ColburBerry|FlashFire|BitterBlade,ShadowSneak,BulkUp,Protect|Adamant||M|||50|]Milotic||ExpertBelt|Competitive|Scald,IceBeam,MirrorCoat,Protect|Calm||F|||50|]Ninetales-Alola||NeverMeltIce|SnowWarning|Blizzard,FreezeDry,AuroraVeil,Protect|Timid||F|||50|]Maushold-Four||FocusSash|FriendGuard|FollowMe,SuperFang,Taunt,Protect|Timid|||||50|
|showteam|p2|Chandelure||FocusSash|FlashFire|HeatWave,ShadowBall,TrickRoom,Taunt|Quiet||M|||50|]Kangaskhan||Kangaskhanite|InnerFocus|FakeOut,DoubleEdge,SuckerPunch,HammerArm|Brave||F|||50|]Sylveon||FairyFeather|Pixilate|HyperVoice,Protect,HyperBeam,QuickAttack|Quiet||M|||50|]Kingambit||BlackGlasses|Defiant|KowtowCleave,SuckerPunch,IronHead,Protect|Brave||F|||50|]Rotom-Wash||SitrusBerry|Levitate|ThunderWave,VoltSwitch,HydroPump,Protect|Calm|||||50|]Venusaur||Venusaurite|Chlorophyll|EarthPower,SleepPowder,GigaDrain,Protect|Modest||M|||50|
|inactive|Battle timer is ON: inactive players will automatically lose when time's up. (requested by sybe123)
|inactive|sybe123 has 60 seconds left.
|inactive|Huasometa has 60 seconds left.
|inactive|Huasometa has 30 seconds left.
|
|t:|1783700233
|teamsize|p1|4
|teamsize|p2|4
|start
|switch|p1a: Ninetales|Ninetales-Alola, L50, F|100/100
|switch|p1b: Maushold|Maushold-Four, L50|100/100
|switch|p2a: Kingambit|Kingambit, L50, F|100/100
|switch|p2b: Venusaur|Venusaur, L50, M|100/100
|-weather|Snowscape|[from] ability: Snow Warning|[of] p1a: Ninetales
|turn|1
|
|t:|1783700249
|switch|p2a: Chandelure|Chandelure, L50, M|100/100
|move|p1a: Ninetales|Protect|p1a: Ninetales
|-singleturn|p1a: Ninetales|Protect
|move|p2b: Venusaur|Protect|p2b: Venusaur
|-singleturn|p2b: Venusaur|Protect
|move|p1b: Maushold|Taunt|p2b: Venusaur
|-activate|p2b: Venusaur|move: Protect
|
|-weather|Snowscape|[upkeep]
|upkeep
|turn|2
|inactive|Huasometa has 30 seconds left.
|
|t:|1783700283
|detailschange|p2b: Venusaur|Venusaur-Mega, L50, M
|-mega|p2b: Venusaur|Venusaur|Venusaurite
|move|p1b: Maushold|Super Fang|p2b: Venusaur
|-damage|p2b: Venusaur|50/100g
|move|p1a: Ninetales|Blizzard|p2b: Venusaur|[spread] p2a,p2b
|-resisted|p2a: Chandelure|1
|-supereffective|p2b: Venusaur|1
|-damage|p2a: Chandelure|80/100
|-damage|p2b: Venusaur|21/100
|move|p2b: Venusaur|Sleep Powder|p1a: Ninetales
|-status|p1a: Ninetales|slp|[from] move: Sleep Powder
|move|p2a: Chandelure|Trick Room|p2a: Chandelure
|-fieldstart|move: Trick Room|[of] p2a: Chandelure
|
|-weather|Snowscape|[upkeep]
|upkeep
|turn|3
|
|t:|1783700304
|move|p1b: Maushold|Protect|p1b: Maushold
|-singleturn|p1b: Maushold|Protect
|move|p2a: Chandelure|Shadow Ball|p1a: Ninetales
|-damage|p1a: Ninetales|59/100 slp
|move|p2b: Venusaur|Sleep Powder|p1b: Maushold
|-activate|p1b: Maushold|move: Protect
|cant|p1a: Ninetales|slp
|
|-weather|Snowscape|[upkeep]
|upkeep
|turn|4
|
|t:|1783700317
|switch|p1b: Venusaur|Venusaur, L50, M|100/100
|move|p2a: Chandelure|Heat Wave|p1b: Venusaur|[spread] p1a,p1b
|-supereffective|p1a: Ninetales|1
|-supereffective|p1b: Venusaur|1
|-damage|p1a: Ninetales|0 fnt
|-damage|p1b: Venusaur|16/100
|faint|p1a: Ninetales
|move|p2b: Venusaur|Sleep Powder|p1b: Venusaur
|-immune|p1b: Venusaur
|
|-weather|Snowscape|[upkeep]
|upkeep
|
|t:|1783700324
|switch|p1a: Ceruledge|Ceruledge, L50, M|100/100
|turn|5
|
|t:|1783700343
|switch|p2b: Rotom|Rotom-Wash, L50|100/100
|move|p1b: Venusaur|Protect|p1b: Venusaur
|-singleturn|p1b: Venusaur|Protect
|move|p1a: Ceruledge|Shadow Sneak|p2b: Rotom
|-damage|p2b: Rotom|77/100
|move|p2a: Chandelure|Shadow Ball|p1a: Ceruledge
|-supereffective|p1a: Ceruledge|1
|-damage|p1a: Ceruledge|6/100
|
|-weather|none
|upkeep
|turn|6
|
|t:|1783700358
|switch|p1b: Maushold|Maushold-Four, L50|100/100
|move|p1a: Ceruledge|Protect|p1a: Ceruledge
|-singleturn|p1a: Ceruledge|Protect
|move|p2a: Chandelure|Shadow Ball|p1b: Maushold
|-immune|p1b: Maushold
|move|p2b: Rotom|Volt Switch|p1a: Ceruledge
|-activate|p1a: Ceruledge|move: Protect
|
|-fieldend|move: Trick Room
|upkeep
|turn|7
|
|t:|1783700373
|move|p1b: Maushold|Follow Me|p1b: Maushold
|-singleturn|p1b: Maushold|move: Follow Me
|move|p1a: Ceruledge|Bulk Up|p1a: Ceruledge
|-boost|p1a: Ceruledge|atk|1
|-boost|p1a: Ceruledge|def|1
|move|p2b: Rotom|Volt Switch|p1b: Maushold
|-damage|p1b: Maushold|66/100
|
|t:|1783700388
|switch|p2b: Kingambit|Kingambit, L50, F|100/100|[from] Volt Switch
|move|p2a: Chandelure|Trick Room|p2a: Chandelure
|-fieldstart|move: Trick Room|[of] p2a: Chandelure
|
|upkeep
|turn|8
|
|t:|1783700398
|move|p2b: Kingambit|Protect|p2b: Kingambit
|-singleturn|p2b: Kingambit|Protect
|move|p1b: Maushold|Follow Me|p1b: Maushold
|-singleturn|p1b: Maushold|move: Follow Me
|move|p2a: Chandelure|Taunt|p1b: Maushold
|-start|p1b: Maushold|move: Taunt
|move|p1a: Ceruledge|Bitter Blade|p2b: Kingambit
|-activate|p2b: Kingambit|move: Protect
|
|upkeep
|turn|9
|
|t:|1783700420
|switch|p2a: Venusaur|Venusaur-Mega, L50, M|21/100
|move|p1a: Ceruledge|Shadow Sneak|p2a: Venusaur
|-damage|p2a: Venusaur|0 fnt
|faint|p2a: Venusaur
|move|p2b: Kingambit|Kowtow Cleave|p1a: Ceruledge
|-supereffective|p1a: Ceruledge|1
|-enditem|p1a: Ceruledge|Colbur Berry|[eat]
|-enditem|p1a: Ceruledge|Colbur Berry|[weaken]
|-damage|p1a: Ceruledge|0 fnt
|faint|p1a: Ceruledge
|move|p1b: Maushold|Super Fang|p2b: Kingambit
|-damage|p2b: Kingambit|50/100g
|
|upkeep
|
|t:|1783700432
|switch|p2a: Chandelure|Chandelure, L50, M|80/100
|switch|p1a: Venusaur|Venusaur, L50, M|16/100
|turn|10
|
|t:|1783700455
|detailschange|p1a: Venusaur|Venusaur-Mega, L50, M
|-mega|p1a: Venusaur|Venusaur|Venusaurite
|move|p1a: Venusaur|Protect|p1a: Venusaur
|-singleturn|p1a: Venusaur|Protect
|move|p2b: Kingambit|Kowtow Cleave|p1b: Maushold
|-damage|p1b: Maushold|0 fnt
|faint|p1b: Maushold
|move|p2a: Chandelure|Shadow Ball|p1a: Venusaur
|-activate|p1a: Venusaur|move: Protect
|
|upkeep
|turn|11
|
|t:|1783700460
|move|p1a: Venusaur|Protect||[still]
|-fail|p1a: Venusaur
|move|p2b: Kingambit|Kowtow Cleave|p1a: Venusaur
|-damage|p1a: Venusaur|0 fnt
|faint|p1a: Venusaur
|
|win|Huasometa
|raw|sybe123's rating: 1299 → 1270(-29 for losing)
|raw|Huasometa's rating: 1245 → 1274(+29 for winning)
|l|☆sybe123
|player|p1|
