|j|☆YungDungBeetle
|j|☆Centiskorch18
|html|YungDungBeetleCentiskorch18    
|uhtml|bestof|Game 2 of a best-of-3
|t:|1757908971
|gametype|doubles
|player|p1|YungDungBeetle|n|1146
|player|p2|Centiskorch18|caitlin|1192
|gen|9
|tier|[Gen 9] VGC 2025 Reg H (Bo3)
|rated|
|rule|Species Clause: Limit one of each Pokémon
|rule|Item Clause: Limit 1 of each item
|clearpoke
|poke|p1|Annihilape, L50, M|
|poke|p1|Baxcalibur, L50, F|
|poke|p1|Rillaboom, L50, M|
|poke|p1|Volcarona, L50, F|
|poke|p1|Kingambit, L50, F|
|poke|p1|Dondozo, L50, M|
|poke|p2|Dragapult, L50, F|
|poke|p2|Sneasler, L50, F|
|poke|p2|Rillaboom, L50, M|
|poke|p2|Magmar, L50, F|
|poke|p2|Ninetales-Alola, L50, M|
|poke|p2|Ursaluna-Bloodmoon, L50, M|
|teampreview|4
|showteam|p1|Annihilape||FocusSash|Defiant|CloseCombat,RageFist,Coaching,FinalGambit|||M|||50|,,,,,Grass]Baxcalibur||LoadedDice|ThermalExchange|Protect,IceShard,ScaleShot,IcicleSpear|||F|||50|,,,,,Ghost]Rillaboom||AssaultVest|GrassySurge|WoodHammer,GrassyGlide,HighHorsepower,FakeOut|||M|||50|,,,,,Water]Volcarona||CovertCloak|FlameBody|QuiverDance,HeatWave,GigaDrain,RagePowder|||F|||50|,,,,,Grass]Kingambit||SafetyGoggles|Defiant|SuckerPunch,KowtowCleave,SwordsDance,Protect|||F|||50|,,,,,Ghost]Dondozo||Leftovers|Unaware|Protect,Yawn,WaveCrash,Fissure|||M|||50|,,,,,Bug
|showteam|p2|Dragapult||LifeOrb|ClearBody|TeraBlast,DragonDarts,SuckerPunch,Protect|||F|||50|,,,,,Ghost]Sneasler||FocusSash|Unburden|CloseCombat,DireClaw,FakeOut,Protect|||F|||50|,,,,,Stellar]Rillaboom||AssaultVest|GrassySurge|WoodHammer,GrassyGlide,FakeOut,HighHorsepower|||M|||50|,,,,,Fire]Magmar||Eviolite|FlameBody|Overheat,FollowMe,ClearSmog,Protect|||F|||50|,,,,,Ghost]Ninetales-Alola||RockyHelmet|SnowWarning|Blizzard,IcyWind,Disable,Protect|||M|||50|,,,,,Ghost]Ursaluna-Bloodmoon||Leftovers|MindsEye|BloodMoon,EarthPower,CalmMind,Protect|||M|||50|,,,,,Water
|inactive|Battle timer is ON: inactive players will automatically lose when time's up. (requested by Centiskorch18)
|inactive|YungDungBeetle also wants the timer to be on.
|c|☆Centiskorch18|glhf
|
|t:|1757908991
|teamsize|p1|4
|teamsize|p2|4
|start
|switch|p1a: Annihilape|Annihilape, L50, M|100/100
|switch|p1b: Kingambit|Kingambit, L50, F|100/100
|switch|p2a: Dragapult|Dragapult, L50, F|100/100
|switch|p2b: Sneasler|Sneasler, L50, F|100/100
|turn|1
|inactive|YungDungBeetle has 30 seconds left.
|
|t:|1757909016
|switch|p2a: Rillaboom|Rillaboom, L50, M|100/100
|-fieldstart|move: Grassy Terrain|[from] ability: Grassy Surge|[of] p2a: Rillaboom
|move|p1b: Kingambit|Protect|p1b: Kingambit
|-singleturn|p1b: Kingambit|Protect
|move|p2b: Sneasler|Close Combat|p1b: Kingambit
|-activate|p1b: Kingambit|move: Protect
|move|p1a: Annihilape|Coaching|p1b: Kingambit
|-boost|p1b: Kingambit|atk|1
|-boost|p1b: Kingambit|def|1
|
|upkeep
|turn|2
|
|t:|1757909038
|switch|p2b: Magmar|Magmar, L50, F|100/100
|switch|p1b: Volcarona|Volcarona, L50, F|100/100
|move|p1a: Annihilape|Coaching|p1b: Volcarona
|-boost|p1b: Volcarona|atk|1
|-boost|p1b: Volcarona|def|1
|move|p2a: Rillaboom|Wood Hammer|p1b: Volcarona
|-resisted|p1b: Volcarona
|-damage|p1b: Volcarona|87/100
|-damage|p2a: Rillaboom|96/100|[from] Recoil
|
|-heal|p1b: Volcarona|94/100|[from] Grassy Terrain
|-heal|p2a: Rillaboom|100/100|[from] Grassy Terrain
|upkeep
|turn|3
|inactive|Centiskorch18 has 30 seconds left.
|inactive|Centiskorch18 has 20 seconds left.
|
|t:|1757909073
|move|p1b: Volcarona|Quiver Dance|p1b: Volcarona
|-boost|p1b: Volcarona|spa|1
|-boost|p1b: Volcarona|spd|1
|-boost|p1b: Volcarona|spe|1
|move|p1a: Annihilape|Final Gambit|p2b: Magmar
|-damage|p2b: Magmar|0 fnt
|faint|p1a: Annihilape
|faint|p2b: Magmar
|move|p2a: Rillaboom|High Horsepower|p1b: Volcarona
|-damage|p1b: Volcarona|71/100
|
|-heal|p1b: Volcarona|77/100|[from] Grassy Terrain
|upkeep
|c|☆YungDungBeetle|I2
|c|☆YungDungBeetle|u2*
|
|t:|1757909089
|switch|p1a: Baxcalibur|Baxcalibur, L50, F|100/100
|switch|p2b: Sneasler|Sneasler, L50, F|100/100
|turn|4
|
|t:|1757909104
|switch|p2a: Dragapult|Dragapult, L50, F|100/100
|-terastallize|p1a: Baxcalibur|Ghost
|move|p2b: Sneasler|Fake Out|p1b: Volcarona
|-damage|p1b: Volcarona|65/100
|move|p1b: Volcarona|Heat Wave|p2a: Dragapult|[spread] p2b
|-miss|p1b: Volcarona|p2a: Dragapult
|-damage|p2b: Sneasler|40/100
|move|p1a: Baxcalibur|Scale Shot|p2b: Sneasler
|-damage|p2b: Sneasler|15/100
|-damage|p2b: Sneasler|0 fnt
|faint|p2b: Sneasler
|-hitcount|p2: Sneasler|2
|-unboost|p1a: Baxcalibur|def|1
|-boost|p1a: Baxcalibur|spe|1
|
|-heal|p1b: Volcarona|71/100|[from] Grassy Terrain
|upkeep
|
|t:|1757909108
|switch|p2b: Rillaboom|Rillaboom, L50, M|100/100
|turn|5
|
|t:|1757909123
|move|p1a: Baxcalibur|Protect|p1a: Baxcalibur
|-singleturn|p1a: Baxcalibur|Protect
|move|p2b: Rillaboom|Fake Out|p1b: Volcarona
|-damage|p1b: Volcarona|60/100
|move|p2a: Dragapult|Sucker Punch||[still]
|-fail|p2a: Dragapult
|move|p1b: Volcarona|Heat Wave|p2b: Rillaboom|[spread] p2a,p2b
|-resisted|p2a: Dragapult
|-supereffective|p2b: Rillaboom
|-damage|p2a: Dragapult|69/100
|-damage|p2b: Rillaboom|30/100
|
|-heal|p1b: Volcarona|67/100|[from] Grassy Terrain
|-heal|p2a: Dragapult|75/100|[from] Grassy Terrain
|-heal|p2b: Rillaboom|36/100|[from] Grassy Terrain
|-fieldend|move: Grassy Terrain
|upkeep
|turn|6
|
|t:|1757909147
|-terastallize|p2b: Rillaboom|Fire
|move|p2a: Dragapult|Protect|p2a: Dragapult
|-singleturn|p2a: Dragapult|Protect
|move|p1b: Volcarona|Rage Powder|p1b: Volcarona
|-singleturn|p1b: Volcarona|move: Rage Powder
|move|p1a: Baxcalibur|Icicle Spear|p2b: Rillaboom
|-resisted|p2b: Rillaboom
|-damage|p2b: Rillaboom|28/100
|-resisted|p2b: Rillaboom
|-damage|p2b: Rillaboom|20/100
|-resisted|p2b: Rillaboom
|-damage|p2b: Rillaboom|12/100
|-resisted|p2b: Rillaboom
|-damage|p2b: Rillaboom|4/100
|-resisted|p2b: Rillaboom
|-damage|p2b: Rillaboom|0 fnt
|faint|p2b: Rillaboom
|-hitcount|p2: Rillaboom|5
|
|upkeep
|turn|7
|-message|Centiskorch18 forfeited.
|
|win|YungDungBeetle
|l|☆Centiskorch18
|player|p2|
||Centiskorch18 is ready for game 3.
||YungDungBeetle is ready for game 3.
|uhtml|next|Next: Game 3 of 3
