|j|☆FerKillerVGC
|j|☆maynustucachero
|html|FerKillerVGCmaynustucachero    
|uhtml|bestof|Game 2 of a best-of-3
|t:|1782187629
|gametype|doubles
|player|p1|FerKillerVGC|102|1162
|player|p2|maynustucachero|102|1118
|gen|9
|tier|[Gen 9 Champions] VGC 2026 Reg M-B (Bo3)
|rated|
|rule|Species Clause: Limit one of each Pokémon
|rule|Item Clause: Limit 1 of each item
|clearpoke
|poke|p1|Snorlax, L50, F|
|poke|p1|Sableye, L50, F|
|poke|p1|Armarouge, L50, M|
|poke|p1|Clefable, L50, M|
|poke|p1|Kingambit, L50, M|
|poke|p1|Venusaur, L50, F|
|poke|p2|Garchomp, L50, F|
|poke|p2|Sylveon, L50, F|
|poke|p2|Farigiraf, L50, M|
|poke|p2|Aerodactyl, L50, F|
|poke|p2|Kingambit, L50, F|
|poke|p2|Charizard, L50, F|
|teampreview|4
|showteam|p1|Snorlax||SitrusBerry|ThickFat|Facade,BodyPress,Stockpile,Recycle|Impish||F|||50|]Sableye||RoseliBerry|Prankster|FoulPlay,WillOWisp,Quash,FakeOut|Careful||F|||50|]Armarouge||FocusSash|FlashFire|HeatWave,Psychic,WideGuard,TrickRoom|Quiet||M|||50|]Clefable||Clefablite|Unaware|Moonblast,Flamethrower,FollowMe,Protect|Bold||M|||50|]Kingambit||BlackGlasses|Defiant|KowtowCleave,IronHead,SuckerPunch,Protect|Adamant||M|||50|]Venusaur||Venusaurite|Chlorophyll|SludgeBomb,GigaDrain,EarthPower,Protect|Modest||F|||50|
|showteam|p2|Garchomp||SoftSand|RoughSkin|Protect,Earthquake,DragonClaw,StompingTantrum|Jolly||F|||50|]Sylveon||FairyFeather|Pixilate|Protect,HyperVoice,QuickAttack,HyperBeam|Modest||F|||50|]Farigiraf||SitrusBerry|ArmorTail|TrickRoom,TwinBeam,Roar,Thunderbolt|Bold||M|||50|]Aerodactyl||Aerodactylite|Unnerve|RockSlide,IceFang,Tailwind,DualWingbeat|Jolly||F|||50|]Kingambit||FocusSash|Defiant|KowtowCleave,IronHead,LowKick,SuckerPunch|Adamant||F|||50|]Charizard||CharizarditeY|Blaze|Protect,HeatWave,WeatherBall,SolarBeam|Modest||F|||50|
|inactive|Battle timer is ON: inactive players will automatically lose when time's up. (requested by FerKillerVGC)
|
|t:|1782187658
|teamsize|p1|4
|teamsize|p2|4
|start
|switch|p1a: Armarouge|Armarouge, L50, M|100/100
|switch|p1b: Venusaur|Venusaur, L50, F|100/100
|switch|p2a: Garchomp|Garchomp, L50, F|100/100
|switch|p2b: Kingambit|Kingambit, L50, F|100/100
|turn|1
|inactive|FerKillerVGC has 30 seconds left.
|
|t:|1782187686
|switch|p1a: Sableye|Sableye, L50, F|100/100
|detailschange|p1b: Venusaur|Venusaur-Mega, L50, F
|-mega|p1b: Venusaur|Venusaur|Venusaurite
|move|p2a: Garchomp|Stomping Tantrum|p1b: Venusaur
|-damage|p1b: Venusaur|68/100
|move|p1b: Venusaur|Giga Drain|p2a: Garchomp
|-damage|p2a: Garchomp|63/100
|-heal|p1b: Venusaur|87/100|[from] drain|[of] p2a: Garchomp
|move|p2b: Kingambit|Kowtow Cleave|p1a: Sableye
|-damage|p1a: Sableye|40/100
|
|upkeep
|turn|2
|
|t:|1782187709
|move|p1a: Sableye|Will-O-Wisp|p2a: Garchomp
|-status|p2a: Garchomp|brn
|move|p2a: Garchomp|Stomping Tantrum|p1b: Venusaur
|-damage|p1b: Venusaur|70/100
|move|p1b: Venusaur|Earth Power|p2b: Kingambit
|-supereffective|p2b: Kingambit|1
|-damage|p2b: Kingambit|38/100
|move|p2b: Kingambit|Kowtow Cleave|p1a: Sableye
|-damage|p1a: Sableye|0 fnt
|faint|p1a: Sableye
|
|-damage|p2a: Garchomp|57/100 brn|[from] brn
|upkeep
|
|t:|1782187721
|switch|p1a: Snorlax|Snorlax, L50, F|100/100
|turn|3
|
|t:|1782187727
|move|p2a: Garchomp|Dragon Claw|p1a: Snorlax
|-damage|p1a: Snorlax|89/100
|move|p1b: Venusaur|Earth Power|p2b: Kingambit
|-supereffective|p2b: Kingambit|1
|-damage|p2b: Kingambit|0 fnt
|faint|p2b: Kingambit
|move|p1a: Snorlax|Stockpile|p1a: Snorlax
|-start|p1a: Snorlax|stockpile1
|-boost|p1a: Snorlax|def|1
|-boost|p1a: Snorlax|spd|1
|
|-damage|p2a: Garchomp|51/100 brn|[from] brn
|upkeep
|
|t:|1782187735
|switch|p2b: Aerodactyl|Aerodactyl, L50, F|100/100
|-ability|p2b: Aerodactyl|Unnerve
|turn|4
|
|t:|1782187753
|move|p1b: Venusaur|Protect|p1b: Venusaur
|-singleturn|p1b: Venusaur|Protect
|move|p2b: Aerodactyl|Dual Wingbeat|p1b: Venusaur
|-activate|p1b: Venusaur|move: Protect
|move|p2a: Garchomp|Earthquake|p1a: Snorlax|[spread] p1a
|-activate|p1b: Venusaur|move: Protect
|-immune|p2b: Aerodactyl
|-damage|p1a: Snorlax|81/100
|move|p1a: Snorlax|Stockpile|p1a: Snorlax
|-start|p1a: Snorlax|stockpile2
|-boost|p1a: Snorlax|def|1
|-boost|p1a: Snorlax|spd|1
|
|-damage|p2a: Garchomp|45/100 brn|[from] brn
|upkeep
|turn|5
|
|t:|1782187774
|switch|p1b: Armarouge|Armarouge, L50, M|100/100
|move|p2b: Aerodactyl|Dual Wingbeat|p1b: Armarouge
|-damage|p1b: Armarouge|85/100
|-damage|p1b: Armarouge|71/100
|-hitcount|p1b: Armarouge|2
|move|p2a: Garchomp|Earthquake|p1a: Snorlax|[spread] p1a,p1b
|-immune|p2b: Aerodactyl
|-supereffective|p1b: Armarouge|1
|-damage|p1a: Snorlax|75/100
|-damage|p1b: Armarouge|33/100
|move|p1a: Snorlax|Body Press|p2b: Aerodactyl
|-damage|p2b: Aerodactyl|41/100
|
|-damage|p2a: Garchomp|39/100 brn|[from] brn
|upkeep
|turn|6
|
|t:|1782187793
|move|p2b: Aerodactyl|Rock Slide|p1b: Armarouge|[spread] p1a,p1b
|-supereffective|p1b: Armarouge|1
|-damage|p1a: Snorlax|68/100
|-damage|p1b: Armarouge|0 fnt
|faint|p1b: Armarouge
|move|p2a: Garchomp|Earthquake|p1a: Snorlax|[spread] p1a
|-immune|p2b: Aerodactyl
|-damage|p1a: Snorlax|63/100
|cant|p1a: Snorlax|flinch
|
|-damage|p2a: Garchomp|33/100 brn|[from] brn
|upkeep
|
|t:|1782187802
|switch|p1b: Venusaur|Venusaur-Mega, L50, F|70/100
|turn|7
|
|t:|1782187813
|move|p1b: Venusaur|Protect|p1b: Venusaur
|-singleturn|p1b: Venusaur|Protect
|move|p2b: Aerodactyl|Rock Slide|p1a: Snorlax|[spread] 
|-activate|p1b: Venusaur|move: Protect
|-miss|p2b: Aerodactyl|p1a: Snorlax
|move|p2a: Garchomp|Earthquake|p1b: Venusaur|[spread] p1a
|-activate|p1b: Venusaur|move: Protect
|-immune|p2b: Aerodactyl
|-damage|p1a: Snorlax|57/100
|move|p1a: Snorlax|Body Press|p2b: Aerodactyl
|-damage|p2b: Aerodactyl|0 fnt
|faint|p2b: Aerodactyl
|
|-damage|p2a: Garchomp|27/100 brn|[from] brn
|upkeep
|
|t:|1782187815
|switch|p2b: Charizard|Charizard, L50, F|100/100
|turn|8
|
|t:|1782187837
|detailschange|p2b: Charizard|Charizard-Mega-Y, L50, F
|-mega|p2b: Charizard|Charizard|Charizardite Y
|-weather|SunnyDay|[from] ability: Drought|[of] p2b: Charizard
|move|p2a: Garchomp|Earthquake|p1a: Snorlax|[spread] p1a,p1b
|-immune|p2b: Charizard
|-damage|p1a: Snorlax|51/100
|-damage|p1b: Venusaur|54/100
|move|p1b: Venusaur|Giga Drain|p2a: Garchomp
|-damage|p2a: Garchomp|0 fnt
|-heal|p1b: Venusaur|67/100|[from] drain|[of] p2a: Garchomp
|faint|p2a: Garchomp
|move|p2b: Charizard|Weather Ball|p1b: Venusaur
|-supereffective|p1b: Venusaur|1
|-damage|p1b: Venusaur|0 fnt
|faint|p1b: Venusaur
|move|p1a: Snorlax|Facade|p2b: Charizard
|-damage|p2b: Charizard|62/100
|
|-weather|SunnyDay|[upkeep]
|upkeep
|turn|9
|
|t:|1782187851
|move|p2b: Charizard|Weather Ball|p1a: Snorlax
|-damage|p1a: Snorlax|38/100
|-enditem|p1a: Snorlax|Sitrus Berry|[eat]
|-heal|p1a: Snorlax|63/100|[from] item: Sitrus Berry
|move|p1a: Snorlax|Facade|p2b: Charizard
|-damage|p2b: Charizard|22/100
|
|-weather|SunnyDay|[upkeep]
|upkeep
|turn|10
|
|t:|1782187862
|move|p2b: Charizard|Solar Beam||[still]
|-prepare|p2b: Charizard|Solar Beam
|-anim|p2b: Charizard|Solar Beam|p1a: Snorlax
|-damage|p1a: Snorlax|49/100
|move|p1a: Snorlax|Facade|p2b: Charizard
|-damage|p2b: Charizard|0 fnt
|faint|p2b: Charizard
|
|win|FerKillerVGC
|raw|FerKillerVGC's rating: 1162 → 1184(+22 for winning)
|raw|maynustucachero's rating: 1118 → 1096(-22 for losing)
|l|☆maynustucachero
|player|p2|
