|j|☆camala64
|j|☆Allmightpalafin
|html|camala64Allmightpalafin    
|uhtml|bestof|Game 3 of a best-of-3
|t:|1785774836
|gametype|doubles
|player|p1|camala64|lance-masters2|
|player|p2|Allmightpalafin|misty|
|gen|9
|tier|[Gen 9 Champions] VGC 2026 Reg M-B (Bo3)
|rule|Species Clause: Limit one of each Pokémon
|rule|Item Clause: Limit 1 of each item
|clearpoke
|poke|p1|Glimmora, L50, F, shiny|
|poke|p1|Ninetales-Alola, L50, F, shiny|
|poke|p1|Kommo-o, L50, F, shiny|
|poke|p1|Incineroar, L50, F|
|poke|p1|Sinistcha-Masterpiece, L50, shiny|
|poke|p1|Mawile, L50, F, shiny|
|poke|p2|Charizard, L50, F, shiny|
|poke|p2|Farigiraf, L50, M, shiny|
|poke|p2|Sylveon, L50, F, shiny|
|poke|p2|Lycanroc-Dusk, L50, M|
|poke|p2|Drampa, L50, F|
|poke|p2|Whimsicott, L50, M|
|teampreview|4
|showteam|p1|Glimmora||Glimmoranite|ToxicDebris|PowerGem,SludgeBomb,EarthPower,SpikyShield|Timid||F|||50|]Ninetales-Alola||FocusSash|SnowWarning|Blizzard,FreezeDry,AuroraVeil,Protect|Timid||F|||50|]Kommo-o||LifeOrb|Soundproof|AuraSphere,ClangingScales,ClangorousSoul,Protect|Modest||F|||50|]Incineroar||SitrusBerry|Intimidate|FakeOut,FlareBlitz,PartingShot,DarkestLariat|Adamant||F|||50|]Sinistcha-Masterpiece||KasibBerry|Hospitality|MatchaGotcha,RagePowder,TrickRoom,Protect|Bold|||||50|]Mawile||Mawilite|Intimidate|PlayRough,SuckerPunch,SwordsDance,Protect|Brave||F|||50|
|showteam|p2|Charizard||CharizarditeY|Blaze|HeatWave,WeatherBall,SolarBeam,Protect|Bold||F|||50|]Farigiraf||SitrusBerry|ArmorTail|TrickRoom,Thunderbolt,HelpingHand,Psychic|Bold||M|||50|]Sylveon||FairyFeather|Pixilate|HyperVoice,QuickAttack,Detect,HyperBeam|Quiet||F|||50|]Lycanroc-Dusk||FocusSash|ToughClaws|CloseCombat,Accelerock,Protect,RockSlide|Jolly||M|||50|]Drampa||Drampanite|CloudNine|HyperVoice,CalmMind,Flamethrower,Protect|Quiet||F|||50|]Whimsicott||OccaBerry|Prankster|Moonblast,Tailwind,Protect,Encore|Timid||M|||50|
|
|t:|1785774901
|teamsize|p1|4
|teamsize|p2|4
|start
|switch|p1a: Glimmora|Glimmora, L50, F, shiny|100/100
|switch|p1b: Incineroar|Incineroar, L50, F|100/100
|switch|p2a: Farigiraf|Farigiraf, L50, M, shiny|100/100
|switch|p2b: Drampa|Drampa, L50, F|100/100
|-ability|p1b: Incineroar|Intimidate|boost
|-unboost|p2a: Farigiraf|atk|1
|-unboost|p2b: Drampa|atk|1
|-ability|p2b: Drampa|Cloud Nine
|turn|1
|
|t:|1785774923
|detailschange|p1a: Glimmora|Glimmora-Mega, L50, F, shiny
|-mega|p1a: Glimmora|Glimmora|Glimmoranite
|detailschange|p2b: Drampa|Drampa-Mega, L50, F
|-mega|p2b: Drampa|Drampa|Drampanite
|move|p1a: Glimmora|Sludge Bomb|p2b: Drampa
|-damage|p2b: Drampa|42/100
|-ability|p2b: Drampa|Berserk|boost
|-boost|p2b: Drampa|spa|1
|move|p1b: Incineroar|Parting Shot|p2a: Farigiraf
|-unboost|p2a: Farigiraf|atk|1
|-unboost|p2a: Farigiraf|spa|1
|
|t:|1785774936
|switch|p1b: Kommo-o|Kommo-o, L50, F, shiny|100/100|[from] Parting Shot
|move|p2b: Drampa|Calm Mind|p2b: Drampa
|-boost|p2b: Drampa|spa|1
|-boost|p2b: Drampa|spd|1
|move|p2a: Farigiraf|Trick Room|p2a: Farigiraf
|-fieldstart|move: Trick Room|[of] p2a: Farigiraf
|
|upkeep
|turn|2
|
|t:|1785774952
|move|p2b: Drampa|Protect|p2b: Drampa
|-singleturn|p2b: Drampa|Protect
|move|p2a: Farigiraf|Psychic|p1b: Kommo-o
|-supereffective|p1b: Kommo-o|1
|-damage|p1b: Kommo-o|52/100
|move|p1b: Kommo-o|Aura Sphere|p2b: Drampa
|-activate|p2b: Drampa|move: Protect
|move|p1a: Glimmora|Sludge Bomb|p2a: Farigiraf
|-damage|p2a: Farigiraf|35/100
|-status|p2a: Farigiraf|psn
|-enditem|p2a: Farigiraf|Sitrus Berry|[eat]
|-heal|p2a: Farigiraf|60/100 psn|[from] item: Sitrus Berry
|
|-damage|p2a: Farigiraf|47/100 psn|[from] psn
|upkeep
|turn|3
|
|t:|1785774988
|move|p2b: Drampa|Hyper Voice|p1a: Glimmora|[spread] p1a
|-immune|p1b: Kommo-o|[from] ability: Soundproof
|-resisted|p1a: Glimmora|1
|-damage|p1a: Glimmora|50/100g
|move|p2a: Farigiraf|Psychic|p1a: Glimmora
|-supereffective|p1a: Glimmora|1
|-damage|p1a: Glimmora|4/100
|move|p1b: Kommo-o|Aura Sphere|p2b: Drampa
|-supereffective|p2b: Drampa|1
|-damage|p2b: Drampa|0 fnt
|faint|p2b: Drampa
|-damage|p1b: Kommo-o|42/100|[from] item: Life Orb
|move|p1a: Glimmora|Sludge Bomb|p2a: Farigiraf
|-damage|p2a: Farigiraf|0 fnt
|faint|p2a: Farigiraf
|
|upkeep
|
|t:|1785774999
|switch|p2b: Sylveon|Sylveon, L50, F, shiny|100/100
|switch|p2a: Lycanroc|Lycanroc-Dusk, L50, M|100/100
|turn|4
|
|t:|1785775045
|move|p1b: Kommo-o|Protect|p1b: Kommo-o
|-singleturn|p1b: Kommo-o|Protect
|move|p2b: Sylveon|Quick Attack|p1b: Kommo-o
|-activate|p1b: Kommo-o|move: Protect
|move|p2a: Lycanroc|Accelerock|p1a: Glimmora
|-damage|p1a: Glimmora|0 fnt
|faint|p1a: Glimmora
|
|upkeep
|
|t:|1785775058
|switch|p1a: Incineroar|Incineroar, L50, F|100/100
|-ability|p1a: Incineroar|Intimidate|boost
|-unboost|p2a: Lycanroc|atk|1
|-unboost|p2b: Sylveon|atk|1
|turn|5
|
|t:|1785775085
|move|p1a: Incineroar|Fake Out|p2b: Sylveon
|-damage|p2b: Sylveon|86/100
|cant|p2b: Sylveon|flinch
|move|p1b: Kommo-o|Aura Sphere|p2a: Lycanroc
|-supereffective|p2a: Lycanroc|1
|-enditem|p2a: Lycanroc|Focus Sash
|-damage|p2a: Lycanroc|1/100
|-damage|p1b: Kommo-o|32/100|[from] item: Life Orb
|move|p2a: Lycanroc|Close Combat|p1b: Kommo-o
|-damage|p1b: Kommo-o|0 fnt
|-unboost|p2a: Lycanroc|def|1
|-unboost|p2a: Lycanroc|spd|1
|faint|p1b: Kommo-o
|
|-fieldend|move: Trick Room
|upkeep
|
|t:|1785775099
|switch|p1b: Sinistcha|Sinistcha-Masterpiece, L50, shiny|100/100
|turn|6
|
|t:|1785775116
|move|p2a: Lycanroc|Rock Slide|p1a: Incineroar|[spread] p1a
|-miss|p2a: Lycanroc|p1b: Sinistcha
|-supereffective|p1a: Incineroar|1
|-damage|p1a: Incineroar|67/100
|move|p1a: Incineroar|Flare Blitz|p2b: Sylveon
|-damage|p2b: Sylveon|24/100
|-status|p2b: Sylveon|brn
|-damage|p1a: Incineroar|49/100|[from] Recoil
|-enditem|p1a: Incineroar|Sitrus Berry|[eat]
|-heal|p1a: Incineroar|73/100|[from] item: Sitrus Berry
|move|p1b: Sinistcha|Matcha Gotcha|p2b: Sylveon|[spread] p2a,p2b
|-supereffective|p2a: Lycanroc|1
|-damage|p2a: Lycanroc|0 fnt
|-damage|p2b: Sylveon|4/100 brn
|faint|p2a: Lycanroc
|move|p2b: Sylveon|Hyper Voice|p1a: Incineroar|[spread] p1a,p1b
|-crit|p1b: Sinistcha
|-damage|p1a: Incineroar|28/100
|-damage|p1b: Sinistcha|20/100y
|
|-damage|p2b: Sylveon|0 fnt|[from] brn
|faint|p2b: Sylveon
|
|win|camala64
|c|☆camala64|Gg
|c|☆Allmightpalafin|GG
