|j|☆gianlucone
|j|☆HEDGEHOGMEOW
|html|gianluconeHEDGEHOGMEOW    
|uhtml|bestof|Game 1 of a best-of-3
|t:|1786063935
|gametype|doubles
|player|p1|gianlucone|170|1353
|player|p2|HEDGEHOGMEOW|102|1351
|gen|9
|tier|[Gen 9 Champions] VGC 2026 Reg M-B (Bo3)
|rated|
|rule|Species Clause: Limit one of each Pokémon
|rule|Item Clause: Limit 1 of each item
|clearpoke
|poke|p1|Raichu, L50, F|
|poke|p1|Staraptor, L50, F|
|poke|p1|Arcanine-Hisui, L50, M|
|poke|p1|Farigiraf, L50, M|
|poke|p1|Sylveon, L50, F|
|poke|p1|Kingambit, L50, F|
|poke|p2|Froslass, L50, F|
|poke|p2|Scovillain, L50, M|
|poke|p2|Lycanroc-Dusk, L50, M|
|poke|p2|Sneasler, L50, M|
|poke|p2|Kingambit, L50, F|
|poke|p2|Basculegion, L50, M|
|teampreview|4
|showteam|p1|Raichu||RaichuniteY|LightningRod|ZapCannon,FocusBlast,FakeOut,Protect|Timid||F|||50|]Staraptor||Staraptite|Intimidate|CloseCombat,DualWingbeat,Tailwind,Protect|Jolly||F|||50|]Arcanine-Hisui||FocusSash|RockHead|FlareBlitz,HeadSmash,ExtremeSpeed,Protect|Jolly||M|||50|]Farigiraf||SitrusBerry|ArmorTail|Psychic,HelpingHand,TrickRoom,Protect|Calm||M|||50|]Sylveon||FairyFeather|Pixilate|HyperVoice,QuickAttack,HyperBeam,Detect|Serious||F|||50|]Kingambit||LifeOrb|Defiant|KowtowCleave,SuckerPunch,SwordsDance,Protect|Adamant||F|||50|
|showteam|p2|Froslass||Froslassite|CursedBody|Blizzard,ShadowBall,AuroraVeil,Protect|Modest||F|||50|]Scovillain||Scovillainite|Moody|Overheat,GigaDrain,RagePowder,Protect|Bold||M|||50|]Lycanroc-Dusk||FocusSash|ToughClaws|Accelerock,RockSlide,CloseCombat,Protect|Adamant||M|||50|]Sneasler||WhiteHerb|Unburden|FakeOut,CloseCombat,DireClaw,Protect|Jolly||M|||50|]Kingambit||BlackGlasses|Defiant|SuckerPunch,KowtowCleave,SwordsDance,Protect|Adamant||F|||50|]Basculegion||SitrusBerry|Adaptability|WaveCrash,AquaJet,LastRespects,Protect|Adamant||M|||50|
|inactive|Battle timer is ON: inactive players will automatically lose when time's up. (requested by gianlucone)
|inactive|HEDGEHOGMEOW has 60 seconds left.
|inactive|HEDGEHOGMEOW has 30 seconds left.
|inactive|HEDGEHOGMEOW has 20 seconds left.
|c|☆gianlucone|glhf
|inactive|HEDGEHOGMEOW has 15 seconds left.
|inactive|HEDGEHOGMEOW has 10 seconds left.
|inactive|HEDGEHOGMEOW has 5 seconds left.
|
|t:|1786064025
|teamsize|p1|4
|teamsize|p2|4
|start
|switch|p1a: Raichu|Raichu, L50, F|100/100
|switch|p1b: Arcanine|Arcanine-Hisui, L50, M|100/100
|switch|p2a: Froslass|Froslass, L50, F|100/100
|switch|p2b: Kingambit|Kingambit, L50, F|100/100
|turn|1
|inactive|HEDGEHOGMEOW has 30 seconds left.
|inactive|HEDGEHOGMEOW has 20 seconds left.
|
|t:|1786064064
|detailschange|p2a: Froslass|Froslass-Mega, L50, F
|-mega|p2a: Froslass|Froslass|Froslassite
|-weather|Snowscape|[from] ability: Snow Warning|[of] p2a: Froslass
|move|p2b: Kingambit|Protect|p2b: Kingambit
|-singleturn|p2b: Kingambit|Protect
|move|p1a: Raichu|Fake Out|p2b: Kingambit
|-activate|p2b: Kingambit|move: Protect
|move|p2a: Froslass|Blizzard|p1b: Arcanine|[spread] p1a,p1b
|-crit|p1a: Raichu
|-resisted|p1b: Arcanine|1
|-damage|p1a: Raichu|16/100
|-damage|p1b: Arcanine|72/100
|move|p1b: Arcanine|Head Smash|p2a: Froslass
|-supereffective|p2a: Froslass|1
|-damage|p2a: Froslass|0 fnt
|faint|p2a: Froslass
|
|-weather|Snowscape|[upkeep]
|upkeep
|
|t:|1786064079
|switch|p2a: Basculegion|Basculegion, L50, M|100/100
|turn|2
|inactive|HEDGEHOGMEOW has 30 seconds left.
|inactive|HEDGEHOGMEOW has 20 seconds left.
|inactive|HEDGEHOGMEOW has 15 seconds left.
|
|t:|1786064121
|switch|p1b: Farigiraf|Farigiraf, L50, M|100/100
|switch|p2b: Sneasler|Sneasler, L50, M|100/100
|detailschange|p1a: Raichu|Raichu-Mega-Y, L50, F
|-mega|p1a: Raichu|Raichu|Raichunite Y
|move|p1a: Raichu|Focus Blast|p2b: Sneasler
|-resisted|p2b: Sneasler|1
|-damage|p2b: Sneasler|74/100
|move|p2a: Basculegion|Wave Crash|p1a: Raichu
|-damage|p1a: Raichu|0 fnt
|faint|p1a: Raichu
|-damage|p2a: Basculegion|95/100|[from] Recoil
|
|-weather|Snowscape|[upkeep]
|upkeep
|
|t:|1786064139
|switch|p1a: Kingambit|Kingambit, L50, F|100/100
|turn|3
|
|t:|1786064158
|move|p2b: Sneasler|Close Combat|p1b: Farigiraf
|-damage|p1b: Farigiraf|51/100
|-unboost|p2b: Sneasler|def|1
|-unboost|p2b: Sneasler|spd|1
|-enditem|p2b: Sneasler|White Herb
|-clearnegativeboost|p2b: Sneasler|[silent]
|move|p2a: Basculegion|Wave Crash|p1b: Farigiraf
|-crit|p1b: Farigiraf
|-damage|p1b: Farigiraf|0 fnt
|faint|p1b: Farigiraf
|-damage|p2a: Basculegion|78/100|[from] Recoil
|move|p1a: Kingambit|Swords Dance|p1a: Kingambit
|-boost|p1a: Kingambit|atk|2
|
|-weather|Snowscape|[upkeep]
|upkeep
|
|t:|1786064173
|switch|p1b: Arcanine|Arcanine-Hisui, L50, M|72/100
|turn|4
|
|t:|1786064198
|switch|p2b: Kingambit|Kingambit, L50, F|100/100
|move|p1b: Arcanine|Extreme Speed|p2b: Kingambit
|-resisted|p2b: Kingambit|1
|-damage|p2b: Kingambit|90/100
|move|p2a: Basculegion|Aqua Jet|p1b: Arcanine
|-supereffective|p1b: Arcanine|2
|-damage|p1b: Arcanine|0 fnt
|faint|p1b: Arcanine
|move|p1a: Kingambit|Sucker Punch||[still]
|-fail|p1a: Kingambit
|
|-weather|Snowscape|[upkeep]
|upkeep
|turn|5
|inactive|HEDGEHOGMEOW has 30 seconds left.
|
|t:|1786064231
|move|p2a: Basculegion|Protect|p2a: Basculegion
|-singleturn|p2a: Basculegion|Protect
|move|p1a: Kingambit|Kowtow Cleave|p2a: Basculegion
|-activate|p2a: Basculegion|move: Protect
|move|p2b: Kingambit|Swords Dance|p2b: Kingambit
|-boost|p2b: Kingambit|atk|2
|
|-weather|none
|upkeep
|turn|6
|
|t:|1786064243
|move|p2a: Basculegion|Aqua Jet|p1a: Kingambit
|-damage|p1a: Kingambit|78/100
|move|p1a: Kingambit|Kowtow Cleave|p2a: Basculegion
|-supereffective|p2a: Basculegion|1
|-damage|p2a: Basculegion|0 fnt
|faint|p2a: Basculegion
|-damage|p1a: Kingambit|69/100|[from] item: Life Orb
|move|p2b: Kingambit|Kowtow Cleave|p1a: Kingambit
|-resisted|p1a: Kingambit|1
|-damage|p1a: Kingambit|22/100
|
|upkeep
|
|t:|1786064256
|switch|p2a: Sneasler|Sneasler, L50, M|74/100
|turn|7
|
|t:|1786064262
|move|p1a: Kingambit|Protect|p1a: Kingambit
|-singleturn|p1a: Kingambit|Protect
|move|p2a: Sneasler|Fake Out|p1a: Kingambit
|-activate|p1a: Kingambit|move: Protect
|move|p2b: Kingambit|Swords Dance|p2b: Kingambit
|-boost|p2b: Kingambit|atk|2
|
|upkeep
|turn|8
|
|t:|1786064269
|move|p2a: Sneasler|Protect|p2a: Sneasler
|-singleturn|p2a: Sneasler|Protect
|move|p1a: Kingambit|Sucker Punch||[still]
|-fail|p1a: Kingambit
|move|p2b: Kingambit|Kowtow Cleave|p1a: Kingambit
|-resisted|p1a: Kingambit|1
|-damage|p1a: Kingambit|0 fnt
|faint|p1a: Kingambit
|
|win|HEDGEHOGMEOW
||gianlucone is ready for game 2.
|inactive|HEDGEHOGMEOW has 30 seconds to confirm battle start!
||HEDGEHOGMEOW is ready for game 2.
|uhtml|next|Next: Game 2 of 3
|l|☆gianlucone
|player|p1|
|l|☆HEDGEHOGMEOW
|player|p2|
|j|☆HEDGEHOGMEOW
|player|p2|HEDGEHOGMEOW|102|
