|j|☆Implosive Diarrhea
|j|☆PickledogVGC
|html|Implosive DiarrheaPickledogVGC    
|uhtml|bestof|Game 3 of a best-of-3
|t:|1756689399
|gametype|doubles
|player|p1|Implosive Diarrhea|roark|
|player|p2|PickledogVGC|roughneck|
|gen|9
|tier|[Gen 9] VGC 2025 Reg H (Bo3)
|rule|Species Clause: Limit one of each Pokémon
|rule|Item Clause: Limit 1 of each item
|clearpoke
|poke|p1|Sneasler, L50, F|
|poke|p1|Dragapult, L50, F|
|poke|p1|Primarina, L50, F|
|poke|p1|Rillaboom, L50, M|
|poke|p1|Kingambit, L50, F|
|poke|p1|Volcarona, L50, M|
|poke|p2|Gholdengo, L50|
|poke|p2|Amoonguss, L50, M|
|poke|p2|Incineroar, L50, F|
|poke|p2|Kommo-o, L50, F|
|poke|p2|Rillaboom, L50, M|
|poke|p2|Primarina, L50, M|
|teampreview|4
|showteam|p1|Sneasler||FocusSash|PoisonTouch|CloseCombat,DireClaw,FakeOut,Protect|||F|||50|,,,,,Stellar]Dragapult||ChoiceBand|ClearBody|DragonDarts,Outrage,PhantomForce,Uturn|||F|||50|,,,,,Dragon]Primarina||LifeOrb|LiquidVoice|HyperVoice,Moonblast,Haze,Protect|||F|||50|,,,,,Grass]Rillaboom||AssaultVest|GrassySurge|WoodHammer,GrassyGlide,HighHorsepower,FakeOut|||M|||50|,,,,,Fire]Kingambit||BlackGlasses|Defiant|KowtowCleave,SuckerPunch,SwordsDance,Protect|||F|||50|,,,,,Ghost]Volcarona||SafetyGoggles|FlameBody|Overheat,WillOWisp,RagePowder,Protect|||M|||50|,,,,,Ghost
|showteam|p2|Gholdengo||SitrusBerry|GoodasGold|MakeItRain,Protect,NastyPlot,ShadowBall||||||50|,,,,,Water]Amoonguss||MentalHerb|Regenerator|SludgeBomb,RagePowder,Spore,PollenPuff|||M|||50|,,,,,Water]Incineroar||SafetyGoggles|Intimidate|KnockOff,FakeOut,PartingShot,FlareBlitz|||F|||50|,,,,,Ghost]Kommo-o||Leftovers|Overcoat|ClangorousSoul,Protect,ClangingScales,Flamethrower|||F|||50|,,,,,Fire]Rillaboom||AssaultVest|GrassySurge|GrassyGlide,WoodHammer,FakeOut,Uturn|||M|||50|,,,,,Fire]Primarina||ThroatSpray|LiquidVoice|HyperVoice,Moonblast,Protect,CalmMind|||M|||50|,,,,,Steel
|inactive|Battle timer is ON: inactive players will automatically lose when time's up. (requested by PickledogVGC)
|inactive|Implosive Diarrhea has 60 seconds left.
|l|☆PickledogVGC
|inactive|PickledogVGC disconnected and has 300 seconds to reconnect!
|player|p2|
|j|☆PickledogVGC
|inactive|PickledogVGC reconnected.
|player|p2|PickledogVGC|roughneck|
|inactive|Implosive Diarrhea has 30 seconds left.
|
|t:|1756689460
|teamsize|p1|4
|teamsize|p2|4
|start
|switch|p1a: B-2|Dragapult, L50, F|100/100
|switch|p1b: Slayyy|Primarina, L50, F|100/100
|switch|p2a: Kraaaabs|Gholdengo, L50|100/100
|switch|p2b: Oooh banana|Rillaboom, L50, M, shiny|100/100
|-fieldstart|move: Grassy Terrain|[from] ability: Grassy Surge|[of] p2b: Oooh banana
|turn|1
|inactive|PickledogVGC has 30 seconds left.
|
|t:|1756689486
|switch|p1b: Grassy Kong|Rillaboom, L50, M|100/100
|-terastallize|p2a: Kraaaabs|Water
|move|p1a: B-2|Phantom Force||[still]
|-prepare|p1a: B-2|Phantom Force
|move|p2b: Oooh banana|Wood Hammer|p1b: Grassy Kong
|-resisted|p1b: Grassy Kong
|-damage|p1b: Grassy Kong|62/100
|-damage|p2b: Oooh banana|88/100|[from] Recoil
|move|p2a: Kraaaabs|Shadow Ball|p1a: B-2|[miss]
|-miss|p2a: Kraaaabs|p1a: B-2
|
|-heal|p2b: Oooh banana|94/100|[from] Grassy Terrain
|-heal|p1b: Grassy Kong|69/100|[from] Grassy Terrain
|upkeep
|turn|2
|
|t:|1756689511
|move|p2a: Kraaaabs|Protect|p2a: Kraaaabs
|-singleturn|p2a: Kraaaabs|Protect
|move|p1a: B-2|Phantom Force|p2a: Kraaaabs|[from] lockedmove
|-activate|p2a: Kraaaabs|move: Phantom Force|[broken]
|-damage|p2a: Kraaaabs|42/100
|-enditem|p2a: Kraaaabs|Sitrus Berry|[eat]
|-heal|p2a: Kraaaabs|66/100|[from] item: Sitrus Berry
|move|p2b: Oooh banana|Wood Hammer|p1a: B-2
|-resisted|p1a: B-2
|-damage|p1a: B-2|45/100
|-damage|p2b: Oooh banana|79/100|[from] Recoil
|move|p1b: Grassy Kong|Wood Hammer|p2a: Kraaaabs
|-supereffective|p2a: Kraaaabs
|-damage|p2a: Kraaaabs|0 fnt
|faint|p2a: Kraaaabs
|-damage|p1b: Grassy Kong|49/100|[from] Recoil
|
|-heal|p1a: B-2|51/100|[from] Grassy Terrain
|-heal|p2b: Oooh banana|85/100|[from] Grassy Terrain
|-heal|p1b: Grassy Kong|55/100|[from] Grassy Terrain
|upkeep
|
|t:|1756689531
|switch|p2a: Tang Gang|Kommo-o, L50, F|100/100
|turn|3
|c|☆Implosive Diarrhea|i hoped youd forget :)
|inactive|Implosive Diarrhea has 30 seconds left.
|c|☆PickledogVGC|Oops
|inactive|Implosive Diarrhea has 20 seconds left.
|
|t:|1756689570
|-terastallize|p1b: Grassy Kong|Fire
|move|p1a: B-2|Phantom Force||[still]
|-prepare|p1a: B-2|Phantom Force
|move|p2a: Tang Gang|Flamethrower|p1b: Grassy Kong
|-resisted|p1b: Grassy Kong
|-damage|p1b: Grassy Kong|47/100
|move|p2b: Oooh banana|Wood Hammer|p1a: B-2|[miss]
|-miss|p2b: Oooh banana|p1a: B-2
|move|p1b: Grassy Kong|High Horsepower|p2a: Tang Gang
|-damage|p2a: Tang Gang|73/100
|
|-heal|p2a: Tang Gang|79/100|[from] Grassy Terrain
|-heal|p2a: Tang Gang|85/100|[from] item: Leftovers
|-heal|p2b: Oooh banana|91/100|[from] Grassy Terrain
|-heal|p1b: Grassy Kong|53/100|[from] Grassy Terrain
|upkeep
|turn|4
|
|t:|1756689590
|move|p1a: B-2|Phantom Force|p2a: Tang Gang|[from] lockedmove
|-damage|p2a: Tang Gang|30/100
|move|p2a: Tang Gang|Clanging Scales|p1b: Grassy Kong|[spread] p1a,p1b
|-supereffective|p1a: B-2
|-damage|p1a: B-2|0 fnt
|-damage|p1b: Grassy Kong|30/100
|faint|p1a: B-2
|-unboost|p2a: Tang Gang|def|1
|move|p2b: Oooh banana|Wood Hammer|p1b: Grassy Kong
|-resisted|p1b: Grassy Kong
|-damage|p1b: Grassy Kong|0 fnt
|faint|p1b: Grassy Kong
|-damage|p2b: Oooh banana|81/100|[from] Recoil
|
|-heal|p2a: Tang Gang|36/100|[from] Grassy Terrain
|-heal|p2a: Tang Gang|41/100|[from] item: Leftovers
|-heal|p2b: Oooh banana|87/100|[from] Grassy Terrain
|upkeep
|
|t:|1756689604
|switch|p1a: 777|Sneasler, L50, F|100/100
|switch|p1b: Slayyy|Primarina, L50, F|100/100
|turn|5
|inactive|Implosive Diarrhea has 30 seconds left.
|inactive|PickledogVGC has 30 seconds left.
|inactive|PickledogVGC has 20 seconds left.
|inactive|PickledogVGC has 15 seconds left.
|inactive|PickledogVGC has 10 seconds left.
|inactive|PickledogVGC has 5 seconds left.
|
|t:|1756689655
|switch|p2b: AAAAAAAAAAAA|Primarina, L50, M|100/100
|move|p1a: 777|Fake Out|p2b: AAAAAAAAAAAA
|-damage|p2b: AAAAAAAAAAAA|87/100
|-status|p2b: AAAAAAAAAAAA|psn|[from] ability: Poison Touch|[of] p1a: 777
|move|p2a: Tang Gang|Clanging Scales|p1a: 777|[spread] p1a
|-immune|p1b: Slayyy
|-damage|p1a: 777|62/100
|-unboost|p2a: Tang Gang|def|1
|move|p1b: Slayyy|Moonblast|p2a: Tang Gang
|-supereffective|p2a: Tang Gang
|-damage|p2a: Tang Gang|0 fnt
|faint|p2a: Tang Gang
|-damage|p1b: Slayyy|91/100|[from] item: Life Orb
|
|-heal|p1a: 777|68/100|[from] Grassy Terrain
|-heal|p1b: Slayyy|97/100|[from] Grassy Terrain
|-heal|p2b: AAAAAAAAAAAA|93/100 psn|[from] Grassy Terrain
|-damage|p2b: AAAAAAAAAAAA|80/100 psn|[from] psn
|-fieldend|move: Grassy Terrain
|upkeep
|
|t:|1756689677
|switch|p2a: Oooh banana|Rillaboom, L50, M, shiny|87/100
|-fieldstart|move: Grassy Terrain|[from] ability: Grassy Surge|[of] p2a: Oooh banana
|turn|6
|inactive|Implosive Diarrhea has 30 seconds left.
|
|t:|1756689709
|move|p1a: 777|Protect|p1a: 777
|-singleturn|p1a: 777|Protect
|move|p2a: Oooh banana|Fake Out|p1a: 777
|-activate|p1a: 777|move: Protect
|move|p1b: Slayyy|Moonblast|p2a: Oooh banana
|-damage|p2a: Oooh banana|50/100
|-damage|p1b: Slayyy|87/100|[from] item: Life Orb
|move|p2b: AAAAAAAAAAAA|Calm Mind|p2b: AAAAAAAAAAAA
|-boost|p2b: AAAAAAAAAAAA|spa|1
|-boost|p2b: AAAAAAAAAAAA|spd|1
|
|-heal|p1a: 777|73/100|[from] Grassy Terrain
|-heal|p2a: Oooh banana|56/100|[from] Grassy Terrain
|-heal|p1b: Slayyy|93/100|[from] Grassy Terrain
|-heal|p2b: AAAAAAAAAAAA|86/100 psn|[from] Grassy Terrain
|-damage|p2b: AAAAAAAAAAAA|74/100 psn|[from] psn
|upkeep
|turn|7
|
|t:|1756689724
|move|p2a: Oooh banana|Grassy Glide|p1b: Slayyy
|-supereffective|p1b: Slayyy
|-damage|p1b: Slayyy|33/100
|move|p1a: 777|Dire Claw|p2b: AAAAAAAAAAAA
|-supereffective|p2b: AAAAAAAAAAAA
|-damage|p2b: AAAAAAAAAAAA|0 fnt
|faint|p2b: AAAAAAAAAAAA
|move|p1b: Slayyy|Moonblast|p2a: Oooh banana
|-damage|p2a: Oooh banana|14/100
|-unboost|p2a: Oooh banana|spa|1
|-damage|p1b: Slayyy|24/100|[from] item: Life Orb
|
|-heal|p1a: 777|79/100|[from] Grassy Terrain
|-heal|p2a: Oooh banana|20/100|[from] Grassy Terrain
|-heal|p1b: Slayyy|29/100|[from] Grassy Terrain
|upkeep
|turn|8
|
|t:|1756689737
|move|p2a: Oooh banana|Grassy Glide|p1b: Slayyy
|-supereffective|p1b: Slayyy
|-damage|p1b: Slayyy|0 fnt
|faint|p1b: Slayyy
|move|p1a: 777|Dire Claw|p2a: Oooh banana
|-supereffective|p2a: Oooh banana
|-damage|p2a: Oooh banana|0 fnt
|faint|p2a: Oooh banana
|
|win|Implosive Diarrhea
|c|☆Implosive Diarrhea|ggs
|c|☆PickledogVGC|gg
|c|☆PickledogVGC|can you do replays I’m in a catan game
|l|☆PickledogVGC
|player|p2|
|c|☆Implosive Diarrhea|ye
