|j|☆Olciax34
|j|☆smearglehater21
|html|Olciax34smearglehater21    
|uhtml|bestof|Game 3 of a best-of-3
|t:|1784830775
|gametype|doubles
|player|p1|Olciax34|1|1297
|player|p2|smearglehater21|nate|1421
|gen|9
|tier|[Gen 9 Champions] VGC 2026 Reg M-B (Bo3)
|rated|
|rule|Species Clause: Limit one of each Pokémon
|rule|Item Clause: Limit 1 of each item
|clearpoke
|poke|p1|Charizard, L50, F|
|poke|p1|Whimsicott, L50, F|
|poke|p1|Garchomp, L50, F|
|poke|p1|Basculegion, L50, M|
|poke|p1|Floette-Eternal, L50, F|
|poke|p1|Kingambit, L50, F|
|poke|p2|Kingambit, L50, M|
|poke|p2|Whimsicott, L50, F|
|poke|p2|Basculegion, L50, M|
|poke|p2|Garchomp, L50, F|
|poke|p2|Charizard, L50, F|
|poke|p2|Floette-Eternal, L50, F|
|teampreview|4
|showteam|p1|Charizard||CharizarditeY|SolarPower|HeatWave,WeatherBall,SolarBeam,Protect|Modest||F|||50|]Whimsicott||FocusSash|Prankster|Moonblast,Tailwind,Encore,Protect|Timid||F|||50|]Garchomp||LifeOrb|RoughSkin|Earthquake,DragonClaw,RockSlide,Protect|Jolly||F|||50|]Basculegion||ChoiceScarf|Adaptability|WaveCrash,FlipTurn,LastRespects,AquaJet|Jolly||M|||50|]Floette-Eternal||Floettite|FlowerVeil|DrainingKiss,Moonblast,CalmMind,Protect|Modest||F|||50|]Kingambit||ChopleBerry|Defiant|KowtowCleave,SuckerPunch,IronHead,LowKick|Adamant||F|||50|
|showteam|p2|Kingambit||ChopleBerry|Defiant|KowtowCleave,LowKick,SuckerPunch,IronHead|Adamant||M|||50|]Whimsicott||FocusSash|Prankster|Moonblast,Tailwind,Encore,Protect|Timid||F|||50|]Basculegion||MysticWater|Adaptability|WaveCrash,LastRespects,AquaJet,Protect|Adamant||M|||50|]Garchomp||LifeOrb|RoughSkin|DragonClaw,RockSlide,Earthquake,Protect|Jolly||F|||50|]Charizard||CharizarditeY|Blaze|WeatherBall,HeatWave,SolarBeam,Protect|Modest||F|||50|]Floette-Eternal||Floettite|FlowerVeil|Moonblast,DazzlingGleam,LightofRuin,Protect|Timid||F|||50|
|inactive|Battle timer is ON: inactive players will automatically lose when time's up. (requested by smearglehater21)
|inactive|smearglehater21 has 60 seconds left.
|
|t:|1784830828
|teamsize|p1|4
|teamsize|p2|4
|start
|switch|p1a: Floette|Floette-Eternal, L50, F|100/100
|switch|p1b: Garchomp|Garchomp, L50, F|100/100
|switch|p2a: Whimsicott|Whimsicott, L50, F|100/100
|switch|p2b: Garchomp|Garchomp, L50, F|100/100
|turn|1
|
|t:|1784830846
|detailschange|p1a: Floette|Floette-Mega, L50, F
|-mega|p1a: Floette|Floette|Floettite
|-ability|p1a: Floette|Fairy Aura
|move|p1b: Garchomp|Protect|p1b: Garchomp
|-singleturn|p1b: Garchomp|Protect
|move|p2a: Whimsicott|Tailwind|p2a: Whimsicott
|-sidestart|p2: smearglehater21|move: Tailwind
|move|p2b: Garchomp|Dragon Claw|p1b: Garchomp
|-activate|p1b: Garchomp|move: Protect
|move|p1a: Floette|Moonblast|p2b: Garchomp
|-supereffective|p2b: Garchomp|1
|-damage|p2b: Garchomp|0 fnt
|faint|p2b: Garchomp
|
|upkeep
|inactive|smearglehater21 has 30 seconds left.
|
|t:|1784830880
|switch|p2b: Basculegion|Basculegion, L50, M|100/100
|turn|2
|
|t:|1784830891
|switch|p1b: Whimsicott|Whimsicott, L50, F|100/100
|move|p2a: Whimsicott|Moonblast|p1b: Whimsicott
|-damage|p1b: Whimsicott|23/100
|move|p2b: Basculegion|Last Respects|p1a: Floette
|-damage|p1a: Floette|40/100
|move|p1a: Floette|Draining Kiss|p2b: Basculegion
|-damage|p2b: Basculegion|57/100
|-heal|p1a: Floette|79/100|[from] drain|[of] p2b: Basculegion
|
|upkeep
|turn|3
|inactive|Olciax34 has 30 seconds left.
|inactive|smearglehater21 has 30 seconds left.
|
|t:|1784830930
|move|p2a: Whimsicott|Encore|p1a: Floette
|-start|p1a: Floette|Encore
|move|p1b: Whimsicott|Tailwind|p1b: Whimsicott
|-sidestart|p1: Olciax34|move: Tailwind
|move|p1a: Floette|Draining Kiss|p2b: Basculegion
|-damage|p2b: Basculegion|15/100
|-heal|p1a: Floette|100/100|[from] drain|[of] p2b: Basculegion
|move|p2b: Basculegion|Last Respects|p1a: Floette
|-damage|p1a: Floette|38/100
|
|upkeep
|turn|4
|inactive|Olciax34 has 30 seconds left.
|
|t:|1784830957
|switch|p1b: Garchomp|Garchomp, L50, F|100/100
|switch|p2b: Charizard|Charizard, L50, F|100/100
|move|p2a: Whimsicott|Moonblast|p1a: Floette
|-damage|p1a: Floette|4/100
|move|p1a: Floette|Draining Kiss|p2b: Charizard
|-resisted|p2b: Charizard|1
|-damage|p2b: Charizard|77/100
|-heal|p1a: Floette|22/100|[from] drain|[of] p2b: Charizard
|
|-sideend|p2: smearglehater21|move: Tailwind
|upkeep
|turn|5
|
|t:|1784830973
|switch|p1a: Whimsicott|Whimsicott, L50, F|23/100
|move|p2b: Charizard|Protect|p2b: Charizard
|-singleturn|p2b: Charizard|Protect
|move|p1b: Garchomp|Rock Slide|p2a: Whimsicott|[spread] p2a
|-activate|p2b: Charizard|move: Protect
|-damage|p2a: Whimsicott|64/100
|-damage|p1b: Garchomp|90/100|[from] item: Life Orb
|cant|p2a: Whimsicott|flinch
|
|upkeep
|turn|6
|
|t:|1784830989
|switch|p2b: Basculegion|Basculegion, L50, M|15/100
|move|p1a: Whimsicott|Moonblast|p2a: Whimsicott
|-damage|p2a: Whimsicott|2/100
|move|p1b: Garchomp|Rock Slide|p2a: Whimsicott|[spread] p2a,p2b
|-damage|p2a: Whimsicott|0 fnt
|-damage|p2b: Basculegion|0 fnt
|faint|p2a: Whimsicott
|faint|p2b: Basculegion
|-damage|p1b: Garchomp|80/100|[from] item: Life Orb
|
|-sideend|p1: Olciax34|move: Tailwind
|upkeep
|-message|smearglehater21 forfeited.
|raw|Olciax34's rating: 1297 → 1329(+32 for winning)
|raw|smearglehater21's rating: 1397 → 1371(-26 for losing)
|
|win|Olciax34
|l|☆smearglehater21
|player|p2|
