|j|☆tc9393
|j|☆vc_573
|html|tc9393vc_573    
|uhtml|bestof|Game 2 of a best-of-3
|t:|1757923188
|gametype|doubles
|player|p1|tc9393|169|
|player|p2|vc_573|elesa|
|gen|9
|tier|[Gen 9] VGC 2025 Reg H (Bo3)
|rule|Species Clause: Limit one of each Pokémon
|rule|Item Clause: Limit 1 of each item
|clearpoke
|poke|p1|Gholdengo, L50|
|poke|p1|Rillaboom, L50, M|
|poke|p1|Incineroar, L50, M|
|poke|p1|Farigiraf, L50, M|
|poke|p1|Ursaluna, L50, M|
|poke|p1|Whimsicott, L50, M|
|poke|p2|Maushold-Four, L50|
|poke|p2|Annihilape, L50, F|
|poke|p2|Sinistcha-Masterpiece, L50|
|poke|p2|Incineroar, L50, F|
|poke|p2|Magnezone, L50|
|poke|p2|Rillaboom, L50, M|
|teampreview|4
|showteam|p1|Gholdengo||LifeOrb|GoodasGold|Protect,NastyPlot,MakeItRain,ShadowBall||||||50|,,,,,Water]Rillaboom||AssaultVest|GrassySurge|FakeOut,Uturn,GrassyGlide,WoodHammer|||M|||50|,,,,,Fire]Incineroar||RockyHelmet|Intimidate|FakeOut,PartingShot,KnockOff,FlareBlitz|||M|||50|,,,,,Bug]Farigiraf||SitrusBerry|ArmorTail|Protect,TrickRoom,Psychic,Imprison|||M|||50|,,,,,Fairy]Ursaluna||FlameOrb|Guts|Protect,Facade,HeadlongRush,Earthquake|||M|||50|,,,,,Ghost]Whimsicott||FocusSash|Prankster|Tailwind,Encore,Endeavor,Moonblast|||M|||50|,,,,,Ghost
|showteam|p2|Maushold-Four||WideLens|FriendGuard|HelpingHand,BeatUp,FollowMe,Protect||||||50|,,,,,Normal]Annihilape||LifeOrb|Defiant|RageFist,DrainPunch,Protect,BulkUp|||F|||50|,,,,,Fighting]Sinistcha-Masterpiece||Leftovers|Hospitality|LifeDew,Protect,MatchaGotcha,Hex||||||50|,,,,,Grass]Incineroar||SafetyGoggles|Intimidate|FakeOut,PartingShot,KnockOff,FlareBlitz|||F|||50|,,,,,Fire]Magnezone||ChoiceSpecs|Analytic|VoltSwitch,Thunderbolt,FlashCannon,Discharge||||||50|,,,,,Electric]Rillaboom||AssaultVest|GrassySurge|FakeOut,GrassyGlide,WoodHammer,Uturn|||M|||50|,,,,,Grass
|
|t:|1757923220
|teamsize|p1|4
|teamsize|p2|4
|start
|switch|p1a: Gholdengo|Gholdengo, L50|100/100
|switch|p1b: Whimsicott|Whimsicott, L50, M|100/100
|switch|p2a: Rillaboom|Rillaboom, L50, M|100/100
|switch|p2b: Magnezone|Magnezone, L50|100/100
|-fieldstart|move: Grassy Terrain|[from] ability: Grassy Surge|[of] p2a: Rillaboom
|turn|1
|
|t:|1757923250
|move|p1b: Whimsicott|Tailwind|p1b: Whimsicott
|-sidestart|p1: tc9393|move: Tailwind
|move|p1a: Gholdengo|Nasty Plot|p1a: Gholdengo
|-boost|p1a: Gholdengo|spa|2
|move|p2a: Rillaboom|U-turn|p1a: Gholdengo
|-resisted|p1a: Gholdengo
|-damage|p1a: Gholdengo|94/100
|
|t:|1757923259
|switch|p2a: Incineroar|Incineroar, L50, F|100/100|[from] U-turn
|-ability|p2a: Incineroar|Intimidate|boost
|-unboost|p1a: Gholdengo|atk|1
|-unboost|p1b: Whimsicott|atk|1
|move|p2b: Magnezone|Thunderbolt|p1b: Whimsicott
|-resisted|p1b: Whimsicott
|-enditem|p1b: Whimsicott|Focus Sash
|-damage|p1b: Whimsicott|1/100
|
|-heal|p1b: Whimsicott|7/100|[from] Grassy Terrain
|-heal|p1a: Gholdengo|99/100|[from] Grassy Terrain
|upkeep
|turn|2
|
|t:|1757923279
|-terastallize|p1b: Whimsicott|Ghost
|move|p1a: Gholdengo|Protect|p1a: Gholdengo
|-singleturn|p1a: Gholdengo|Protect
|move|p1b: Whimsicott|Endeavor|p2b: Magnezone
|-damage|p2b: Magnezone|5/100
|move|p2a: Incineroar|Knock Off|p1a: Gholdengo
|-activate|p1a: Gholdengo|move: Protect
|move|p2b: Magnezone|Thunderbolt|p1b: Whimsicott
|-damage|p1b: Whimsicott|0 fnt
|faint|p1b: Whimsicott
|
|-heal|p1a: Gholdengo|100/100|[from] Grassy Terrain
|-heal|p2b: Magnezone|11/100|[from] Grassy Terrain
|upkeep
|
|t:|1757923290
|switch|p1b: Incineroar|Incineroar, L50, M|100/100
|-ability|p1b: Incineroar|Intimidate|boost
|-unboost|p2a: Incineroar|atk|1
|-unboost|p2b: Magnezone|atk|1
|turn|3
|
|t:|1757923303
|switch|p2a: Maushold|Maushold-Four, L50|100/100
|move|p1b: Incineroar|Fake Out|p2a: Maushold
|-damage|p2a: Maushold|87/100
|move|p1a: Gholdengo|Shadow Ball|p2b: Magnezone
|-damage|p2b: Magnezone|0 fnt
|faint|p2b: Magnezone
|-damage|p1a: Gholdengo|91/100|[from] item: Life Orb
|
|-heal|p1a: Gholdengo|97/100|[from] Grassy Terrain
|-heal|p2a: Maushold|93/100|[from] Grassy Terrain
|upkeep
|
|t:|1757923313
|switch|p2b: Incineroar|Incineroar, L50, F|100/100
|-ability|p2b: Incineroar|Intimidate|boost
|-unboost|p1a: Gholdengo|atk|1
|-unboost|p1b: Incineroar|atk|1
|turn|4
|
|t:|1757923325
|move|p1a: Gholdengo|Protect|p1a: Gholdengo
|-singleturn|p1a: Gholdengo|Protect
|move|p2a: Maushold|Follow Me|p2a: Maushold
|-singleturn|p2a: Maushold|move: Follow Me
|move|p1b: Incineroar|Knock Off|p2a: Maushold
|-damage|p2a: Maushold|60/100
|-enditem|p2a: Maushold|Wide Lens|[from] move: Knock Off|[of] p1b: Incineroar
|move|p2b: Incineroar|Knock Off|p1a: Gholdengo
|-activate|p1a: Gholdengo|move: Protect
|
|-heal|p1a: Gholdengo|100/100|[from] Grassy Terrain
|-heal|p2a: Maushold|66/100|[from] Grassy Terrain
|-sideend|p1: tc9393|move: Tailwind
|upkeep
|turn|5
|
|t:|1757923343
|move|p2a: Maushold|Helping Hand|p2b: Incineroar
|-singleturn|p2b: Incineroar|Helping Hand|[of] p2a: Maushold
|move|p1a: Gholdengo|Make It Rain|p2b: Incineroar|[spread] p2a,p2b
|-resisted|p2b: Incineroar
|-damage|p2a: Maushold|0 fnt
|-damage|p2b: Incineroar|56/100
|-unboost|p1a: Gholdengo|spa|1
|faint|p2a: Maushold
|-damage|p1a: Gholdengo|91/100|[from] item: Life Orb
|move|p2b: Incineroar|Knock Off|p1a: Gholdengo
|-supereffective|p1a: Gholdengo
|-damage|p1a: Gholdengo|0 fnt
|-enditem|p1a: Gholdengo|Life Orb|[from] move: Knock Off|[of] p2b: Incineroar
|faint|p1a: Gholdengo
|move|p1b: Incineroar|Knock Off|p2b: Incineroar
|-resisted|p2b: Incineroar
|-damage|p2b: Incineroar|45/100
|-enditem|p2b: Incineroar|Safety Goggles|[from] move: Knock Off|[of] p1b: Incineroar
|
|-heal|p2b: Incineroar|51/100|[from] Grassy Terrain
|-fieldend|move: Grassy Terrain
|upkeep
|
|t:|1757923359
|switch|p2a: Rillaboom|Rillaboom, L50, M|100/100
|switch|p1a: Ursaluna|Ursaluna, L50, M|100/100
|-fieldstart|move: Grassy Terrain|[from] ability: Grassy Surge|[of] p2a: Rillaboom
|turn|6
|
|t:|1757923372
|move|p1a: Ursaluna|Protect|p1a: Ursaluna
|-singleturn|p1a: Ursaluna|Protect
|move|p2a: Rillaboom|Fake Out|p1b: Incineroar
|-damage|p1b: Incineroar|88/100
|-damage|p2a: Rillaboom|84/100|[from] item: Rocky Helmet|[of] p1b: Incineroar
|move|p2b: Incineroar|Knock Off|p1a: Ursaluna
|-activate|p1a: Ursaluna|move: Protect
|cant|p1b: Incineroar|flinch
|
|-heal|p2a: Rillaboom|90/100|[from] Grassy Terrain
|-heal|p2b: Incineroar|57/100|[from] Grassy Terrain
|-heal|p1b: Incineroar|94/100|[from] Grassy Terrain
|-status|p1a: Ursaluna|brn|[from] item: Flame Orb
|upkeep
|turn|7
|
|t:|1757923387
|-terastallize|p2a: Rillaboom|Grass
|move|p2a: Rillaboom|Grassy Glide|p1a: Ursaluna
|-supereffective|p1a: Ursaluna
|-damage|p1a: Ursaluna|24/100 brn
|move|p2b: Incineroar|Parting Shot|p1b: Incineroar
|-unboost|p1b: Incineroar|atk|1
|-unboost|p1b: Incineroar|spa|1
|move|p1b: Incineroar|Flare Blitz|p2a: Rillaboom
|-supereffective|p2a: Rillaboom
|-damage|p2a: Rillaboom|44/100
|-damage|p1b: Incineroar|79/100|[from] Recoil
|move|p1a: Ursaluna|Headlong Rush|p2b: Incineroar
|-supereffective|p2b: Incineroar
|-damage|p2b: Incineroar|0 fnt
|-unboost|p1a: Ursaluna|def|1
|-unboost|p1a: Ursaluna|spd|1
|faint|p2b: Incineroar
|
|-heal|p2a: Rillaboom|50/100|[from] Grassy Terrain
|-heal|p1b: Incineroar|85/100|[from] Grassy Terrain
|-heal|p1a: Ursaluna|30/100 brn|[from] Grassy Terrain
|-damage|p1a: Ursaluna|24/100 brn|[from] brn
|upkeep
|turn|8
|
|t:|1757923404
|move|p2a: Rillaboom|Grassy Glide|p1a: Ursaluna
|-supereffective|p1a: Ursaluna
|-damage|p1a: Ursaluna|0 fnt
|faint|p1a: Ursaluna
|move|p1b: Incineroar|Flare Blitz|p2a: Rillaboom
|-supereffective|p2a: Rillaboom
|-damage|p2a: Rillaboom|5/100
|-damage|p1b: Incineroar|70/100|[from] Recoil
|
|-heal|p2a: Rillaboom|11/100|[from] Grassy Terrain
|-heal|p1b: Incineroar|76/100|[from] Grassy Terrain
|upkeep
|turn|9
|l|☆vc_573
|player|p2|
|l|☆tc9393
|player|p1|
|j|☆tc9393
|player|p1|tc9393|169|
|j|☆vc_573
|player|p2|vc_573|elesa|
|
|t:|1757923563
|move|p2a: Rillaboom|Wood Hammer|p2: Incineroar|[notarget]
|-fail|p2a: Rillaboom
|move|p1b: Incineroar|Flare Blitz|p2a: Rillaboom
|-supereffective|p2a: Rillaboom
|-damage|p2a: Rillaboom|0 fnt
|faint|p2a: Rillaboom
|-damage|p1b: Incineroar|72/100|[from] Recoil
|
|win|tc9393
|l|☆tc9393
|player|p1|
|l|☆vc_573
|player|p2|
