|j|☆viivnz
|j|☆indiofiero
|html|viivnzindiofiero    
|uhtml|bestof|Game 2 of a best-of-3
|t:|1756431968
|gametype|doubles
|player|p1|viivnz|1|1173
|player|p2|indiofiero|swimmerf-gen4|1164
|gen|9
|tier|[Gen 9] VGC 2025 Reg H (Bo3)
|rated|
|rule|Species Clause: Limit one of each Pokémon
|rule|Item Clause: Limit 1 of each item
|clearpoke
|poke|p1|Drifblim, L50, F|
|poke|p1|Indeedee, L50, M|
|poke|p1|Arcanine, L50, F|
|poke|p1|Dragapult, L50, M|
|poke|p1|Volcarona, L50, M|
|poke|p1|Maushold-Four, L50|
|poke|p2|Archaludon, L50, F|
|poke|p2|Dragonite, L50, F|
|poke|p2|Pelipper, L50, F|
|poke|p2|Ursaluna, L50, F|
|poke|p2|Sinistcha, L50|
|poke|p2|Gholdengo, L50|
|teampreview|4
|showteam|p1|Drifblim||PsychicSeed|Unburden|Acrobatics,Tailwind,WillOWisp,Haze|||F|||50|,,,,,Grass]Indeedee||FocusSash|PsychicSurge|ExpandingForce,TeraBlast,TrickRoom,Imprison|||M|||50|,,,,,Ground]Arcanine||CovertCloak|Intimidate|FlareBlitz,PlayRough,Howl,Protect|||F|||50|,,,,,Water]Dragapult||ChoiceBand|ClearBody|DragonDarts,PhantomForce,TeraBlast,Uturn|||M|||50|,,,,,Ghost]Volcarona||LifeOrb|FlameBody|HeatWave,BugBuzz,TeraBlast,Protect|||M|||50|,,,,,Fairy]Maushold-Four||WideLens|Technician|PopulationBomb,Taunt,FollowMe,Protect||||||50|,,,,,Normal
|showteam|p2|Archaludon||AssaultVest|Stamina|FlashCannon,BodyPress,ElectroShot,Snarl|||F|||50|,,,,,Fighting]Dragonite||LoadedDice|Multiscale|ScaleShot,Tailwind,Haze,Protect|||F|||50|,,,,,Fairy]Pelipper||FocusSash|Drizzle|MuddyWater,Hurricane,Tailwind,Protect|||F|||50|,,,,,Ghost]Ursaluna||FlameOrb|Guts|Facade,HeadlongRush,Earthquake,Protect|||F|||50|,,,,,Ghost]Sinistcha||SitrusBerry|Hospitality|MatchaGotcha,LifeDew,RagePowder,TrickRoom||||||50|,,,,,Dark]Gholdengo||ChoiceScarf|GoodasGold|MakeItRain,ShadowBall,Trick,Protect||||||50|,,,,,Flying
|
|t:|1756432005
|teamsize|p1|4
|teamsize|p2|4
|start
|switch|p1a: Maushold|Maushold-Four, L50|100/100
|switch|p1b: Volcarona|Volcarona, L50, M|100/100
|switch|p2a: Dragonite|Dragonite, L50, F|100/100
|switch|p2b: Pelipper|Pelipper, L50, F|100/100
|-weather|RainDance|[from] ability: Drizzle|[of] p2b: Pelipper
|turn|1
|
|t:|1756432025
|switch|p2a: Archaludon|Archaludon, L50, F|100/100
|-terastallize|p1b: Volcarona|Fairy
|-terastallize|p2b: Pelipper|Ghost
|move|p1a: Maushold|Taunt|p2b: Pelipper
|-start|p2b: Pelipper|move: Taunt
|move|p1b: Volcarona|Tera Blast|p2a: Archaludon|[anim] Tera Blast Fairy
|-damage|p2a: Archaludon|63/100
|-ability|p2a: Archaludon|Stamina|boost
|-boost|p2a: Archaludon|def|1
|-damage|p1b: Volcarona|91/100|[from] item: Life Orb
|cant|p2b: Pelipper|move: Taunt|Tailwind
|
|-weather|RainDance|[upkeep]
|upkeep
|turn|2
|
|t:|1756432043
|move|p1a: Maushold|Follow Me|p1a: Maushold
|-singleturn|p1a: Maushold|move: Follow Me
|move|p1b: Volcarona|Tera Blast|p2a: Archaludon|[anim] Tera Blast Fairy
|-damage|p2a: Archaludon|23/100
|-ability|p2a: Archaludon|Stamina|boost
|-boost|p2a: Archaludon|def|1
|-damage|p1b: Volcarona|81/100|[from] item: Life Orb
|move|p2b: Pelipper|Muddy Water|p1b: Volcarona|[spread] p1a,p1b
|-damage|p1a: Maushold|24/100
|-damage|p1b: Volcarona|28/100
|move|p2a: Archaludon|Flash Cannon|p1a: Maushold
|-damage|p1a: Maushold|0 fnt
|faint|p1a: Maushold
|
|-weather|RainDance|[upkeep]
|upkeep
|
|t:|1756432053
|switch|p1a: Indeedee|Indeedee, L50, M|100/100
|-fieldstart|move: Psychic Terrain|[from] ability: Psychic Surge|[of] p1a: Indeedee
|turn|3
|
|t:|1756432067
|move|p1b: Volcarona|Heat Wave|p2a: Archaludon|[spread] p2a
|-miss|p1b: Volcarona|p2b: Pelipper
|-damage|p2a: Archaludon|7/100
|-ability|p2a: Archaludon|Stamina|boost
|-boost|p2a: Archaludon|def|1
|-damage|p1b: Volcarona|18/100|[from] item: Life Orb
|move|p1a: Indeedee|Expanding Force|p2b: Pelipper|[spread] p2a,p2b
|-resisted|p2a: Archaludon
|-damage|p2a: Archaludon|0 fnt
|-enditem|p2b: Pelipper|Focus Sash
|-damage|p2b: Pelipper|1/100
|faint|p2a: Archaludon
|move|p2b: Pelipper|Muddy Water|p1b: Volcarona|[spread] p1a,p1b
|-damage|p1a: Indeedee|39/100
|-damage|p1b: Volcarona|0 fnt
|faint|p1b: Volcarona
|
|-weather|RainDance|[upkeep]
|-end|p2b: Pelipper|move: Taunt
|upkeep
|
|t:|1756432089
|switch|p1b: Dragapult|Dragapult, L50, M|100/100
|switch|p2a: Gholdengo|Gholdengo, L50|100/100
|turn|4
|
|t:|1756432131
|switch|p2a: Dragonite|Dragonite, L50, F|100/100
|move|p1b: Dragapult|Phantom Force||[still]
|-prepare|p1b: Dragapult|Phantom Force
|move|p1a: Indeedee|Expanding Force|p2b: Pelipper|[spread] p2a,p2b
|-damage|p2a: Dragonite|70/100
|-damage|p2b: Pelipper|0 fnt
|faint|p2b: Pelipper
|
|-weather|RainDance|[upkeep]
|upkeep
|
|t:|1756432137
|switch|p2b: Gholdengo|Gholdengo, L50|100/100
|turn|5
|
|t:|1756432150
|move|p2b: Gholdengo|Make It Rain|p1b: Dragapult|[spread] p1a
|-miss|p2b: Gholdengo|p1b: Dragapult
|-damage|p1a: Indeedee|0 fnt
|-unboost|p2b: Gholdengo|spa|1
|faint|p1a: Indeedee
|move|p1b: Dragapult|Phantom Force|p2a: Dragonite|[from] lockedmove
|-damage|p2a: Dragonite|0 fnt
|faint|p2a: Dragonite
|
|-weather|none
|upkeep
|turn|6
|
|t:|1756432161
|move|p2b: Gholdengo|Make It Rain|p1b: Dragapult
|-damage|p1b: Dragapult|40/100
|-unboost|p2b: Gholdengo|spa|1
|move|p1b: Dragapult|Phantom Force||[still]
|-prepare|p1b: Dragapult|Phantom Force
|
|upkeep
|turn|7
|
|t:|1756432167
|move|p2b: Gholdengo|Make It Rain|p1b: Dragapult|[miss]
|-miss|p2b: Gholdengo|p1b: Dragapult
|move|p1b: Dragapult|Phantom Force|p2b: Gholdengo|[from] lockedmove
|-supereffective|p2b: Gholdengo
|-damage|p2b: Gholdengo|0 fnt
|faint|p2b: Gholdengo
|
|win|viivnz
||viivnz is ready for game 3.
||indiofiero is ready for game 3.
|uhtml|next|Next: Game 3 of 3
|l|☆viivnz
|player|p1|
