|j|☆FLAMENETA
|j|☆Scoseb
|html|FLAMENETAScoseb    
|uhtml|bestof|Game 2 of a best-of-3
|t:|1784713520
|gametype|doubles
|player|p1|FLAMENETA|1|1245
|player|p2|Scoseb|brycenman|1369
|gen|9
|tier|[Gen 9 Champions] VGC 2026 Reg M-B (Bo3)
|rated|
|rule|Species Clause: Limit one of each Pokémon
|rule|Item Clause: Limit 1 of each item
|clearpoke
|poke|p1|Scovillain, L50, F|
|poke|p1|Incineroar, L50, M|
|poke|p1|Gallade, L50, M|
|poke|p1|Farigiraf, L50, M|
|poke|p1|Pelipper, L50, M|
|poke|p1|Kingambit, L50, M|
|poke|p2|Gholdengo, L50|
|poke|p2|Zoroark-Hisui, L50, M|
|poke|p2|Incineroar, L50, F|
|poke|p2|Whimsicott, L50, F|
|poke|p2|Staraptor, L50, M|
|poke|p2|Garchomp, L50, M|
|teampreview|4
|showteam|p1|Scovillain||Scovillainite|Moody|LeafStorm,Overheat,Protect,RagePowder|Relaxed||F|||50|]Incineroar||WhiteHerb|Intimidate|CloseCombat,FlareBlitz,FakeOut,DarkestLariat|Brave||M|||50|]Gallade||BlackBelt|Sharpness|SacredSword,PsychoCut,Protect,TrickRoom|Brave||M|||50|]Farigiraf||SitrusBerry|ArmorTail|TrickRoom,HyperVoice,NastyPlot,Psychic|Quiet||M|||50|]Pelipper||MysticWater|Drizzle|Hurricane,MuddyWater,WideGuard,WeatherBall|Quiet||M|||50|]Kingambit||BlackGlasses|Defiant|SwordsDance,SuckerPunch,IronHead,KowtowCleave|Brave||M|||50|
|showteam|p2|Gholdengo||LifeOrb|GoodasGold|PowerGem,Protect,MakeItRain,ShadowBall|Modest|||||50|]Zoroark-Hisui||FocusSash|Illusion|Taunt,IcyWind,FakeTears,BitterMalice|Timid||M|||50|]Incineroar||SitrusBerry|Intimidate|FakeOut,PartingShot,FlareBlitz,DarkestLariat|Careful||F|||50|]Whimsicott||FairyFeather|Prankster|Moonblast,Tailwind,Charm,Encore|Modest||F|||50|]Staraptor||Staraptite|Reckless|CloseCombat,Protect,BraveBird,Roost|Jolly||M|||50|]Garchomp||Garchompite|RoughSkin|Protect,Earthquake,DragonClaw,RockSlide|Adamant||M|||50|
|inactive|Battle timer is ON: inactive players will automatically lose when time's up. (requested by Scoseb)
|
|t:|1784713536
|teamsize|p1|4
|teamsize|p2|4
|start
|switch|p1a: Scovillain|Scovillain, L50, F|100/100
|switch|p1b: Farigiraf|Farigiraf, L50, M|100/100
|switch|p2a: Gholdengo|Gholdengo, L50|100/100
|switch|p2b: Staraptor|Staraptor, L50, M|100/100
|turn|1
|inactive|FLAMENETA has 30 seconds left.
|
|t:|1784713566
|detailschange|p1a: Scovillain|Scovillain-Mega, L50, F
|-mega|p1a: Scovillain|Scovillain|Scovillainite
|move|p1a: Scovillain|Rage Powder|p1a: Scovillain
|-singleturn|p1a: Scovillain|move: Rage Powder
|move|p2b: Staraptor|Fake Tears|p1a: Scovillain
|-unboost|p1a: Scovillain|spd|2
|move|p2a: Gholdengo|Power Gem|p1a: Scovillain
|-supereffective|p1a: Scovillain|1
|-damage|p1a: Scovillain|0 fnt
|-status|p2a: Gholdengo|brn|[from] ability: Spicy Spray|[of] p1a: Scovillain
|faint|p1a: Scovillain
|-damage|p2a: Gholdengo|90/100 brn|[from] item: Life Orb
|move|p1b: Farigiraf|Trick Room|p1b: Farigiraf
|-fieldstart|move: Trick Room|[of] p1b: Farigiraf
|
|-damage|p2a: Gholdengo|84/100 brn|[from] brn
|upkeep
|
|t:|1784713582
|switch|p1a: Kingambit|Kingambit, L50, M|100/100
|turn|2
|
|t:|1784713601
|move|p2a: Gholdengo|Protect|p2a: Gholdengo
|-singleturn|p2a: Gholdengo|Protect
|move|p1a: Kingambit|Swords Dance|p1a: Kingambit
|-boost|p1a: Kingambit|atk|2
|move|p1b: Farigiraf|Nasty Plot|p1b: Farigiraf
|-boost|p1b: Farigiraf|spa|2
|move|p2b: Staraptor|Fake Tears|p1b: Farigiraf
|-unboost|p1b: Farigiraf|spd|2
|
|-damage|p2a: Gholdengo|78/100 brn|[from] brn
|upkeep
|turn|3
|inactive|Scoseb has 30 seconds left.
|
|t:|1784713630
|move|p1a: Kingambit|Kowtow Cleave|p2a: Gholdengo
|-supereffective|p2a: Gholdengo|1
|-damage|p2a: Gholdengo|0 fnt
|faint|p2a: Gholdengo
|move|p1b: Farigiraf|Psychic|p2b: Staraptor
|-enditem|p2b: Staraptor|Focus Sash
|-damage|p2b: Staraptor|1/100
|replace|p2b: Zoroark|Zoroark-Hisui, L50, M
|-end|p2b: Zoroark|Illusion
|move|p2b: Zoroark|Bitter Malice|p1b: Farigiraf
|-immune|p1b: Farigiraf
|
|upkeep
|
|t:|1784713643
|switch|p2a: Whimsicott|Whimsicott, L50, F|100/100
|turn|4
|
|t:|1784713660
|move|p1a: Kingambit|Iron Head|p2b: Zoroark
|-damage|p2b: Zoroark|0 fnt
|faint|p2b: Zoroark
|move|p1b: Farigiraf|Hyper Voice|p2a: Whimsicott
|-damage|p2a: Whimsicott|0 fnt
|faint|p2a: Whimsicott
|
|upkeep
|
|t:|1784713667
|switch|p2b: Staraptor|Staraptor, L50, M|100/100
|turn|5
|
|t:|1784713676
|detailschange|p2b: Staraptor|Staraptor-Mega, L50, M
|-mega|p2b: Staraptor|Staraptor|Staraptite
|move|p2b: Staraptor|Protect|p2b: Staraptor
|-singleturn|p2b: Staraptor|Protect
|move|p1a: Kingambit|Swords Dance|p1a: Kingambit
|-boost|p1a: Kingambit|atk|2
|move|p1b: Farigiraf|Psychic|p2b: Staraptor
|-activate|p2b: Staraptor|move: Protect
|
|-fieldend|move: Trick Room
|upkeep
|turn|6
|
|t:|1784713685
|move|p1a: Kingambit|Sucker Punch|p2b: Staraptor
|-resisted|p2b: Staraptor|1
|-damage|p2b: Staraptor|32/100
|move|p2b: Staraptor|Close Combat|p1a: Kingambit
|-supereffective|p1a: Kingambit|2
|-damage|p1a: Kingambit|0 fnt
|-boost|p2b: Staraptor|def|1
|-boost|p2b: Staraptor|spd|1
|faint|p1a: Kingambit
|move|p1b: Farigiraf|Trick Room|p1b: Farigiraf
|-fieldstart|move: Trick Room|[of] p1b: Farigiraf
|
|upkeep
|
|t:|1784713689
|switch|p1a: Pelipper|Pelipper, L50, M|100/100
|-weather|RainDance|[from] ability: Drizzle|[of] p1a: Pelipper
|turn|7
|-message|Scoseb forfeited.
|
|win|FLAMENETA
||Scoseb is ready for game 3.
|l|☆FLAMENETA
|player|p1|
||FLAMENETA is ready for game 3.
|uhtml|next|Next: Game 3 of 3
