|j|☆magic 561
|j|☆Mahdrescher
|html|magic 561Mahdrescher    
|uhtml|bestof|Game 2 of a best-of-3
|t:|1755777344
|gametype|doubles
|player|p1|magic 561|2|1359
|player|p2|Mahdrescher|1|1335
|gen|9
|tier|[Gen 9] VGC 2025 Reg H (Bo3)
|rated|
|rule|Species Clause: Limit one of each Pokémon
|rule|Item Clause: Limit 1 of each item
|clearpoke
|poke|p1|Hydreigon, L50, F|
|poke|p1|Metagross, L50|
|poke|p1|Ninetales-Alola, L50, M|
|poke|p1|Basculegion, L50, M|
|poke|p1|Kilowattrel, L50, F|
|poke|p1|Incineroar, L50, F|
|poke|p2|Rillaboom, L50, F|
|poke|p2|Electabuzz, L50, M|
|poke|p2|Archaludon, L50, M|
|poke|p2|Kingambit, L50, M|
|poke|p2|Pelipper, L50, M|
|poke|p2|Basculegion, L50, M|
|teampreview|4
|showteam|p1|Hydreigon||LifeOrb|Levitate|DarkPulse,DracoMeteor,EarthPower,Protect|||F|||50|,,,,,Poison]Metagross||AssaultVest|ClearBody|BulletPunch,HeavySlam,PsychicFangs,HammerArm||||||50|,,,,,Water]Ninetales-Alola||NeverMeltIce|SnowWarning|Moonblast,IcyWind,Blizzard,Protect|||M|||50|,,,,,Ice]Basculegion||ChoiceScarf|Adaptability|WaveCrash,LastRespects,AquaJet,FlipTurn|||M|||50|,,,,,Grass]Kilowattrel||FocusSash|Competitive|Thunderbolt,AirSlash,Tailwind,Protect|||F|||50|,,,,,Ghost]Incineroar||SafetyGoggles|Intimidate|KnockOff,FlareBlitz,PartingShot,FakeOut|||F|||50|,,,,,Ghost
|showteam|p2|Rillaboom||LoadedDice|GrassySurge|BulletSeed,GrassyGlide,HighHorsepower,FakeOut|||F|||50|,,,,,Fire]Electabuzz||Eviolite|VitalSpirit|Electroweb,Taunt,FollowMe,Protect|||M|||50|,,,,,Ghost]Archaludon||AssaultVest|Stamina|ElectroShot,BodyPress,FlashCannon,DragonPulse|||M|||50|,,,,,Bug]Kingambit||BlackGlasses|Defiant|KowtowCleave,SuckerPunch,SwordsDance,Protect|||M|||50|,,,,,Dark]Pelipper||FocusSash|Drizzle|WeatherBall,Hurricane,Tailwind,Protect|||M|||50|,,,,,Ghost]Basculegion||ChoiceBand|SwiftSwim|WaveCrash,AquaJet,FlipTurn,LastRespects|||M|||50|,,,,,Grass
|inactive|Battle timer is ON: inactive players will automatically lose when time's up. (requested by magic 561)
|inactive|magic 561 has 60 seconds left.
|
|t:|1755777390
|teamsize|p1|4
|teamsize|p2|4
|start
|switch|p1a: Adel|Hydreigon, L50, F|100/100
|switch|p1b: Kilowattrel|Kilowattrel, L50, F|100/100
|switch|p2a: Ares|Kingambit, L50, M|100/100
|switch|p2b: Zeus|Electabuzz, L50, M|100/100
|turn|1
|
|t:|1755777414
|-terastallize|p2a: Ares|Dark
|move|p1b: Kilowattrel|Thunderbolt|p2b: Zeus
|-resisted|p2b: Zeus
|-damage|p2b: Zeus|85/100
|move|p1a: Adel|Earth Power|p2b: Zeus
|-supereffective|p2b: Zeus
|-damage|p2b: Zeus|27/100
|-damage|p1a: Adel|91/100|[from] item: Life Orb
|move|p2b: Zeus|Electroweb|p1b: Kilowattrel|[spread] p1a,p1b
|-resisted|p1a: Adel
|-damage|p1a: Adel|84/100
|-damage|p1b: Kilowattrel|77/100
|-unboost|p1a: Adel|spe|1
|-unboost|p1b: Kilowattrel|spe|1
|-ability|p1b: Kilowattrel|Competitive|boost
|-boost|p1b: Kilowattrel|spa|2
|move|p2a: Ares|Swords Dance|p2a: Ares
|-boost|p2a: Ares|atk|2
|
|upkeep
|turn|2
|inactive|magic 561 has 30 seconds left.
|inactive|Mahdrescher has 30 seconds left.
|inactive|magic 561 has 20 seconds left.
|inactive|Mahdrescher has 20 seconds left.
|inactive|magic 561 has 15 seconds left.
|
|t:|1755777459
|move|p2b: Zeus|Electroweb|p1b: Kilowattrel|[spread] p1a,p1b
|-resisted|p1a: Adel
|-damage|p1a: Adel|75/100
|-damage|p1b: Kilowattrel|54/100
|-unboost|p1a: Adel|spe|1
|-unboost|p1b: Kilowattrel|spe|1
|-ability|p1b: Kilowattrel|Competitive|boost
|-boost|p1b: Kilowattrel|spa|2
|move|p1b: Kilowattrel|Tailwind|p1b: Kilowattrel
|-sidestart|p1: magic 561|move: Tailwind
|move|p1a: Adel|Draco Meteor|p2a: Ares
|-damage|p2a: Ares|19/100
|-unboost|p1a: Adel|spa|2
|-damage|p1a: Adel|66/100|[from] item: Life Orb
|move|p2a: Ares|Kowtow Cleave|p1b: Kilowattrel
|-damage|p1b: Kilowattrel|0 fnt
|faint|p1b: Kilowattrel
|
|upkeep
|
|t:|1755777469
|switch|p1b: Ninetales|Ninetales-Alola, L50, M|100/100
|-weather|Snowscape|[from] ability: Snow Warning|[of] p1b: Ninetales
|turn|3
|
|t:|1755777484
|switch|p1a: Metagross|Metagross, L50|100/100
|move|p2a: Ares|Protect|p2a: Ares
|-singleturn|p2a: Ares|Protect
|move|p1b: Ninetales|Blizzard|p2a: Ares|[spread] p2b
|-activate|p2a: Ares|move: Protect
|-damage|p2b: Zeus|0 fnt
|faint|p2b: Zeus
|
|-weather|Snowscape|[upkeep]
|upkeep
|
|t:|1755777503
|switch|p2b: Ikarus|Pelipper, L50, M|100/100
|-weather|RainDance|[from] ability: Drizzle|[of] p2b: Ikarus
|turn|4
|inactive|Mahdrescher has 30 seconds left.
|
|t:|1755777530
|move|p1a: Metagross|Bullet Punch|p2a: Ares
|-damage|p2a: Ares|1/100
|move|p2a: Ares|Sucker Punch||[still]
|-fail|p2a: Ares
|move|p1b: Ninetales|Moonblast|p2b: Ikarus
|-damage|p2b: Ikarus|36/100
|-unboost|p2b: Ikarus|spa|1
|move|p2b: Ikarus|Weather Ball|p1b: Ninetales
|-damage|p1b: Ninetales|42/100
|
|-weather|RainDance|[upkeep]
|upkeep
|turn|5
|
|t:|1755777545
|switch|p2b: Poseidon|Basculegion, L50, M|100/100
|move|p2a: Ares|Protect|p2a: Ares
|-singleturn|p2a: Ares|Protect
|move|p1a: Metagross|Bullet Punch|p2a: Ares
|-activate|p2a: Ares|move: Protect
|move|p1b: Ninetales|Moonblast|p2b: Poseidon
|-damage|p2b: Poseidon|59/100
|
|-weather|RainDance|[upkeep]
|-sideend|p1: magic 561|move: Tailwind
|upkeep
|turn|6
|inactive|magic 561 has 30 seconds left.
|inactive|Mahdrescher has 30 seconds left.
|inactive|magic 561 has 20 seconds left.
|inactive|magic 561 has 15 seconds left.
|
|t:|1755777587
|switch|p1b: Adel|Hydreigon, L50, F|66/100
|switch|p2a: Ikarus|Pelipper, L50, M|36/100
|-terastallize|p1a: Metagross|Water
|move|p2b: Poseidon|Flip Turn|p1b: Adel
|-resisted|p1b: Adel
|-damage|p1b: Adel|27/100
|
|t:|1755777596
|switch|p2b: Ares|Kingambit, L50, M, tera:Dark|1/100|[from] Flip Turn
|move|p1a: Metagross|Psychic Fangs|p2b: Ares
|-immune|p2b: Ares
|
|-weather|RainDance|[upkeep]
|upkeep
|turn|7
|inactive|Mahdrescher has 30 seconds left.
|
|t:|1755777624
|switch|p2a: Poseidon|Basculegion, L50, M|59/100
|move|p2b: Ares|Protect|p2b: Ares
|-singleturn|p2b: Ares|Protect
|move|p1a: Metagross|Bullet Punch|p2b: Ares
|-activate|p2b: Ares|move: Protect
|move|p1b: Adel|Dark Pulse|p2a: Poseidon
|-supereffective|p2a: Poseidon
|-damage|p2a: Poseidon|0 fnt
|faint|p2a: Poseidon
|-damage|p1b: Adel|17/100|[from] item: Life Orb
|
|-weather|RainDance|[upkeep]
|upkeep
|-message|Mahdrescher forfeited.
|
|win|magic 561
|raw|magic 561's rating: 1359 → 1378(+19 for winning)
|raw|Mahdrescher's rating: 1335 → 1316(-19 for losing)
|l|☆Mahdrescher
|player|p2|
|c|☆magic 561|gg wp
