|j|☆Pikapoololol
|j|☆ZekromAllDay
|html|PikapoolololZekromAllDay    
|uhtml|bestof|Game 1 of a best-of-3
|t:|1757775563
|gametype|doubles
|player|p1|Pikapoololol|ninjaboy|1201
|player|p2|ZekromAllDay|170|1256
|gen|9
|tier|[Gen 9] VGC 2025 Reg H (Bo3)
|rated|
|rule|Species Clause: Limit one of each Pokémon
|rule|Item Clause: Limit 1 of each item
|clearpoke
|poke|p1|Pelipper, L50, F|
|poke|p1|Archaludon, L50, F|
|poke|p1|Incineroar, L50, F|
|poke|p1|Kingdra, L50, M|
|poke|p1|Amoonguss, L50, F|
|poke|p1|Rillaboom, L50, F|
|poke|p2|Archaludon, L50, F|
|poke|p2|Dragonite, L50, M|
|poke|p2|Indeedee, L50, M|
|poke|p2|Sneasler, L50, M|
|poke|p2|Volcarona, L50, F|
|poke|p2|Electabuzz, L50, M|
|teampreview|4
|showteam|p1|Pelipper||FocusSash|Drizzle|Hurricane,WeatherBall,Tailwind,Protect|||F|||50|,,,,,Ground]Archaludon||AssaultVest|Stamina|ElectroShot,DragonPulse,FlashCannon,BodyPress|||F|||50|,,,,,Bug]Incineroar||SafetyGoggles|Intimidate|FlareBlitz,KnockOff,PartingShot,FakeOut|||F|||50|,,,,,Ghost]Kingdra||LifeOrb|SwiftSwim|DracoMeteor,WeatherBall,Protect,MuddyWater|||M|||50|,,,,,Stellar]Amoonguss||SitrusBerry|Regenerator|PollenPuff,Protect,RagePowder,Spore|||F|||50|,,,,,Psychic]Rillaboom||LoadedDice|GrassySurge|BulletSeed,GrassyGlide,HighHorsepower,FakeOut|||F|||50|,,,,,Fire
|showteam|p2|Archaludon||AssaultVest|Stamina|ElectroShot,DracoMeteor,BodyPress,FlashCannon|||F|||50|,,,,,Bug]Dragonite||LoadedDice|InnerFocus|ScaleShot,Tailwind,Haze,Protect|||M|||50|,,,,,Fairy]Indeedee||FocusSash|PsychicSurge|ExpandingForce,TrickRoom,TeraBlast,Protect|||M|||50|,,,,,Fighting]Sneasler||PsychicSeed|Unburden|CloseCombat,ThroatChop,DireClaw,Protect|||M|||50|,,,,,Dark]Volcarona||CovertCloak|FlameBody|QuiverDance,HeatWave,TeraBlast,Protect|||F|||50|,,,,,Fairy]Electabuzz||Eviolite|VitalSpirit|Protect,Taunt,FollowMe,Thunderbolt|||M|||50|,,,,,Dragon
|
|t:|1757775603
|teamsize|p1|4
|teamsize|p2|4
|start
|switch|p1a: Incineroar|Incineroar, L50, F|100/100
|switch|p1b: Rillaboom|Rillaboom, L50, F|100/100
|switch|p2a: Electabuzz|Electabuzz, L50, M|100/100
|switch|p2b: Dragonite|Dragonite, L50, M|100/100
|-fieldstart|move: Grassy Terrain|[from] ability: Grassy Surge|[of] p1b: Rillaboom
|-ability|p1a: Incineroar|Intimidate|boost
|-unboost|p2a: Electabuzz|atk|1
|-fail|p2b: Dragonite|unboost|Attack|[from] ability: Inner Focus|[of] p2b: Dragonite
|turn|1
|
|t:|1757775625
|move|p2a: Electabuzz|Protect|p2a: Electabuzz
|-singleturn|p2a: Electabuzz|Protect
|move|p1b: Rillaboom|Fake Out|p2b: Dragonite
|-damage|p2b: Dragonite|85/100
|move|p2b: Dragonite|Scale Shot|p1a: Incineroar
|-damage|p1a: Incineroar|90/100
|-damage|p1a: Incineroar|79/100
|-crit|p1a: Incineroar
|-damage|p1a: Incineroar|62/100
|-damage|p1a: Incineroar|51/100
|-damage|p1a: Incineroar|40/100
|-hitcount|p1a: Incineroar|5
|-unboost|p2b: Dragonite|def|1
|-boost|p2b: Dragonite|spe|1
|move|p1a: Incineroar|Knock Off|p2b: Dragonite
|-crit|p2b: Dragonite
|-damage|p2b: Dragonite|0 fnt
|-enditem|p2b: Dragonite|Loaded Dice|[from] move: Knock Off|[of] p1a: Incineroar
|faint|p2b: Dragonite
|
|-heal|p1a: Incineroar|46/100|[from] Grassy Terrain
|upkeep
|
|t:|1757775653
|switch|p2b: Sneasler|Sneasler, L50, M|100/100
|turn|2
|
|t:|1757775666
|-terastallize|p1a: Incineroar|Ghost
|move|p2b: Sneasler|Protect|p2b: Sneasler
|-singleturn|p2b: Sneasler|Protect
|move|p1b: Rillaboom|Grassy Glide|p2b: Sneasler
|-activate|p2b: Sneasler|move: Protect
|move|p2a: Electabuzz|Thunderbolt|p1a: Incineroar
|-damage|p1a: Incineroar|20/100
|move|p1a: Incineroar|Knock Off|p2a: Electabuzz
|-damage|p2a: Electabuzz|54/100
|-enditem|p2a: Electabuzz|Eviolite|[from] move: Knock Off|[of] p1a: Incineroar
|
|-heal|p2a: Electabuzz|59/100|[from] Grassy Terrain
|-heal|p1a: Incineroar|26/100|[from] Grassy Terrain
|upkeep
|turn|3
|
|t:|1757775687
|switch|p2a: Indeedee|Indeedee, L50, M|100/100
|-fieldstart|move: Psychic Terrain|[from] ability: Psychic Surge|[of] p2a: Indeedee
|-enditem|p2b: Sneasler|Psychic Seed
|-boost|p2b: Sneasler|spd|1|[from] item: Psychic Seed
|switch|p1b: Pelipper|Pelipper, L50, F|100/100
|-weather|RainDance|[from] ability: Drizzle|[of] p1b: Pelipper
|move|p2b: Sneasler|Throat Chop|p1a: Incineroar
|-supereffective|p1a: Incineroar
|-damage|p1a: Incineroar|0 fnt
|faint|p1a: Incineroar
|
|-weather|RainDance|[upkeep]
|upkeep
|
|t:|1757775697
|switch|p1a: Rillaboom|Rillaboom, L50, F|100/100
|-fieldstart|move: Grassy Terrain|[from] ability: Grassy Surge|[of] p1a: Rillaboom
|turn|4
|
|t:|1757775703
|switch|p2a: Electabuzz|Electabuzz, L50, M|59/100
|move|p2b: Sneasler|Protect|p2b: Sneasler
|-singleturn|p2b: Sneasler|Protect
|move|p1a: Rillaboom|Fake Out|p2a: Electabuzz
|-damage|p2a: Electabuzz|36/100
|move|p1b: Pelipper|Hurricane|p2b: Sneasler
|-activate|p2b: Sneasler|move: Protect
|
|-weather|RainDance|[upkeep]
|-heal|p2a: Electabuzz|42/100|[from] Grassy Terrain
|upkeep
|turn|5
|inactive|Battle timer is ON: inactive players will automatically lose when time's up. (requested by Pikapoololol)
|
|t:|1757775731
|move|p2a: Electabuzz|Follow Me|p2a: Electabuzz
|-singleturn|p2a: Electabuzz|move: Follow Me
|move|p2b: Sneasler|Dire Claw|p1b: Pelipper
|-damage|p1b: Pelipper|41/100
|-status|p1b: Pelipper|slp
|move|p1a: Rillaboom|High Horsepower|p2a: Electabuzz
|-supereffective|p2a: Electabuzz
|-damage|p2a: Electabuzz|0 fnt
|faint|p2a: Electabuzz
|cant|p1b: Pelipper|slp
|
|-weather|RainDance|[upkeep]
|upkeep
|
|t:|1757775738
|switch|p2a: Indeedee|Indeedee, L50, M|100/100
|-fieldstart|move: Psychic Terrain|[from] ability: Psychic Surge|[of] p2a: Indeedee
|turn|6
|
|t:|1757775755
|switch|p1a: Kingdra|Kingdra, L50, M|100/100
|cant|p1b: Pelipper|slp
|move|p2b: Sneasler|Close Combat|p1a: Kingdra
|-damage|p1a: Kingdra|15/100
|-unboost|p2b: Sneasler|def|1
|-unboost|p2b: Sneasler|spd|1
|move|p2a: Indeedee|Expanding Force|p1a: Kingdra|[spread] p1a,p1b
|-damage|p1a: Kingdra|0 fnt
|-damage|p1b: Pelipper|0 fnt
|faint|p1a: Kingdra
|faint|p1b: Pelipper
|
|-weather|RainDance|[upkeep]
|upkeep
|
|t:|1757775759
|switch|p1b: Rillaboom|Rillaboom, L50, F|100/100
|-fieldstart|move: Grassy Terrain|[from] ability: Grassy Surge|[of] p1b: Rillaboom
|turn|7
|
|t:|1757775766
|move|p2b: Sneasler|Protect|p2b: Sneasler
|-singleturn|p2b: Sneasler|Protect
|move|p2a: Indeedee|Protect|p2a: Indeedee
|-singleturn|p2a: Indeedee|Protect
|move|p1b: Rillaboom|Bullet Seed|p2b: Sneasler
|-activate|p2b: Sneasler|move: Protect
|
|-weather|none
|upkeep
|turn|8
|
|t:|1757775780
|move|p2b: Sneasler|Dire Claw|p1b: Rillaboom
|-supereffective|p1b: Rillaboom
|-damage|p1b: Rillaboom|19/100
|move|p2a: Indeedee|Expanding Force|p1b: Rillaboom
|-damage|p1b: Rillaboom|0 fnt
|faint|p1b: Rillaboom
|
|win|ZekromAllDay
||Pikapoololol is ready for game 2.
||ZekromAllDay is ready for game 2.
|uhtml|next|Next: Game 2 of 3
