|j|☆dukegman
|j|☆pinba2
|html|dukegmanpinba2    
|uhtml|bestof|Game 1 of a best-of-3
|t:|1757128058
|gametype|doubles
|player|p1|dukegman|n|1000
|player|p2|pinba2|nate|1074
|gen|9
|tier|[Gen 9] VGC 2025 Reg H (Bo3)
|rated|
|rule|Species Clause: Limit one of each Pokémon
|rule|Item Clause: Limit 1 of each item
|clearpoke
|poke|p1|Basculegion, L50, M|
|poke|p1|Pelipper, L50, F|
|poke|p1|Incineroar, L50, M|
|poke|p1|Amoonguss, L50, M|
|poke|p1|Gliscor, L50, M|
|poke|p1|Archaludon, L50, M|
|poke|p2|Annihilape, L50, M|
|poke|p2|Garchomp, L50, M|
|poke|p2|Incineroar, L50, M|
|poke|p2|Whimsicott, L50, M|
|poke|p2|Rillaboom, L50, F|
|poke|p2|Palafin, L50, M|
|teampreview|4
|showteam|p1|Basculegion||MysticWater|SwiftSwim|WaveCrash,LastRespects,Protect,AquaJet|||M|||50|,,,,,Water]Pelipper||FocusSash|Drizzle|Hurricane,WeatherBall,Tailwind,Protect|||F|||50|,,,,,Ghost]Incineroar||SafetyGoggles|Intimidate|FakeOut,PartingShot,FlareBlitz,KnockOff|||M|||50|,,,,,Ghost]Amoonguss||RockyHelmet|Regenerator|Spore,RagePowder,PollenPuff,ClearSmog|||M|||50|,,,,,Water]Gliscor||ToxicOrb|PoisonHeal|Protect,Facade,SwordsDance,Earthquake|||M|||50|,,,,,Normal]Archaludon||AssaultVest|Stamina|ElectroShot,FlashCannon,DragonPulse,BodyPress|||M|||50|,,,,,Grass
|showteam|p2|Annihilape||ChoiceScarf|Defiant|IcePunch,PoisonJab,RageFist,CloseCombat|||M|||50|,,,,,Dark]Garchomp||FocusSash|RoughSkin|ScaleShot,RockSlide,Earthquake,Protect|||M|||50|,,,,,Ground]Incineroar||CovertCloak|Intimidate|FlareBlitz,SunnyDay,KnockOff,FakeOut|||M|||50|,,,,,Bug]Whimsicott||AbilityShield|Prankster|Encore,Tailwind,DazzlingGleam,TrickRoom|||M|||50|,,,,,Dark]Rillaboom||MiracleSeed|GrassySurge|FakeOut,GrassyGlide,WoodHammer,Taunt|||F|||50|,,,,,Fire]Palafin||MysticWater|ZerotoHero|Haze,WaveCrash,IcePunch,CloseCombat|||M|||50|,,,,,Water
|inactive|Battle timer is ON: inactive players will automatically lose when time's up. (requested by dukegman)
|inactive|pinba2 has 60 seconds left.
|inactive|pinba2 has 30 seconds left.
|inactive|pinba2 has 20 seconds left.
|inactive|pinba2 has 15 seconds left.
|inactive|pinba2 has 10 seconds left.
|
|t:|1757128141
|teamsize|p1|4
|teamsize|p2|4
|start
|switch|p1a: Archaludon|Archaludon, L50, M|100/100
|switch|p1b: Incineroar|Incineroar, L50, M|100/100
|switch|p2a: Whimsicott|Whimsicott, L50, M|100/100
|switch|p2b: Incineroar|Incineroar, L50, M|100/100
|-ability|p1b: Incineroar|Intimidate|boost
|-unboost|p2a: Whimsicott|atk|1
|-unboost|p2b: Incineroar|atk|1
|-ability|p2b: Incineroar|Intimidate|boost
|-unboost|p1a: Archaludon|atk|1
|-unboost|p1b: Incineroar|atk|1
|turn|1
|inactive|dukegman has 30 seconds left.
|inactive|pinba2 has 30 seconds left.
|inactive|pinba2 has 20 seconds left.
|inactive|pinba2 has 15 seconds left.
|inactive|pinba2 has 10 seconds left.
|
|t:|1757128187
|move|p1b: Incineroar|Fake Out|p2b: Incineroar
|-damage|p2b: Incineroar|92/100
|move|p2a: Whimsicott|Tailwind|p2a: Whimsicott
|-sidestart|p2: pinba2|move: Tailwind
|move|p2b: Incineroar|Flare Blitz|p1a: Archaludon
|-damage|p1a: Archaludon|71/100
|-status|p1a: Archaludon|brn
|-ability|p1a: Archaludon|Stamina|boost
|-boost|p1a: Archaludon|def|1
|-damage|p2b: Incineroar|82/100|[from] Recoil
|move|p1a: Archaludon|Flash Cannon|p2a: Whimsicott
|-supereffective|p2a: Whimsicott
|-damage|p2a: Whimsicott|0 fnt
|faint|p2a: Whimsicott
|
|-damage|p1a: Archaludon|65/100 brn|[from] brn
|upkeep
|
|t:|1757128208
|switch|p2a: Annihilape|Annihilape, L50, M|100/100
|turn|2
|
|t:|1757128221
|move|p2a: Annihilape|Close Combat|p1b: Incineroar
|-supereffective|p1b: Incineroar
|-damage|p1b: Incineroar|0 fnt
|-unboost|p2a: Annihilape|def|1
|-unboost|p2a: Annihilape|spd|1
|faint|p1b: Incineroar
|move|p2b: Incineroar|Sunny Day|p2b: Incineroar
|-weather|SunnyDay
|move|p1a: Archaludon|Body Press|p2b: Incineroar
|-supereffective|p2b: Incineroar
|-damage|p2b: Incineroar|50/100
|
|-weather|SunnyDay|[upkeep]
|-damage|p1a: Archaludon|59/100 brn|[from] brn
|upkeep
|
|t:|1757128235
|switch|p1b: Gliscor|Gliscor, L50, M|100/100
|turn|3
|inactive|pinba2 has 30 seconds left.
|inactive|pinba2 has 20 seconds left.
|inactive|pinba2 has 15 seconds left.
|inactive|pinba2 has 10 seconds left.
|
|t:|1757128282
|switch|p2b: Rillaboom|Rillaboom, L50, F|100/100
|-fieldstart|move: Grassy Terrain|[from] ability: Grassy Surge|[of] p2b: Rillaboom
|move|p1b: Gliscor|Protect|p1b: Gliscor
|-singleturn|p1b: Gliscor|Protect
|move|p2a: Annihilape|Close Combat|p1a: Archaludon
|-supereffective|p1a: Archaludon
|-damage|p1a: Archaludon|4/100 brn
|-unboost|p2a: Annihilape|def|1
|-unboost|p2a: Annihilape|spd|1
|-ability|p1a: Archaludon|Stamina|boost
|-boost|p1a: Archaludon|def|1
|move|p1a: Archaludon|Body Press|p2b: Rillaboom
|-damage|p2b: Rillaboom|75/100
|
|-weather|SunnyDay|[upkeep]
|-heal|p2b: Rillaboom|81/100|[from] Grassy Terrain
|-heal|p1a: Archaludon|10/100 brn|[from] Grassy Terrain
|-damage|p1a: Archaludon|4/100 brn|[from] brn
|-status|p1b: Gliscor|tox|[from] item: Toxic Orb
|upkeep
|turn|4
|inactive|dukegman has 30 seconds left.
|inactive|pinba2 has 30 seconds left.
|inactive|dukegman has 20 seconds left.
|inactive|pinba2 has 20 seconds left.
|
|t:|1757128322
|switch|p2a: Incineroar|Incineroar, L50, M|50/100
|-ability|p2a: Incineroar|Intimidate|boost
|-unboost|p1a: Archaludon|atk|1
|-unboost|p1b: Gliscor|atk|1
|switch|p1a: Amoonguss|Amoonguss, L50, M|100/100
|-terastallize|p1b: Gliscor|Normal
|move|p2b: Rillaboom|Fake Out|p1a: Amoonguss
|-damage|p1a: Amoonguss|88/100
|-damage|p2b: Rillaboom|64/100|[from] item: Rocky Helmet|[of] p1a: Amoonguss
|move|p1b: Gliscor|Facade|p2b: Rillaboom
|-damage|p2b: Rillaboom|12/100
|
|-weather|SunnyDay|[upkeep]
|-heal|p2b: Rillaboom|18/100|[from] Grassy Terrain
|-heal|p2a: Incineroar|56/100|[from] Grassy Terrain
|-heal|p1a: Amoonguss|94/100|[from] Grassy Terrain
|-sideend|p2: pinba2|move: Tailwind
|upkeep
|turn|5
|inactive|dukegman has 30 seconds left.
|inactive|pinba2 has 30 seconds left.
|inactive|pinba2 has 20 seconds left.
|
|t:|1757128361
|move|p2a: Incineroar|Fake Out|p1b: Gliscor
|-damage|p1b: Gliscor|90/100 tox
|move|p2b: Rillaboom|Taunt|p1a: Amoonguss
|-start|p1a: Amoonguss|move: Taunt
|cant|p1b: Gliscor|flinch
|cant|p1a: Amoonguss|move: Taunt|Spore
|
|-weather|SunnyDay|[upkeep]
|-heal|p2b: Rillaboom|24/100|[from] Grassy Terrain
|-heal|p1b: Gliscor|96/100 tox|[from] Grassy Terrain
|-heal|p2a: Incineroar|62/100|[from] Grassy Terrain
|-heal|p1a: Amoonguss|99/100|[from] Grassy Terrain
|-heal|p1b: Gliscor|100/100 tox|[from] ability: Poison Heal
|upkeep
|turn|6
|
|t:|1757128381
|switch|p2b: Annihilape|Annihilape, L50, M|100/100
|move|p1b: Gliscor|Swords Dance|p1b: Gliscor
|-boost|p1b: Gliscor|atk|2
|move|p2a: Incineroar|Flare Blitz|p1a: Amoonguss
|-supereffective|p1a: Amoonguss
|-damage|p1a: Amoonguss|0 fnt
|-damage|p2a: Incineroar|46/100|[from] item: Rocky Helmet|[of] p1a: Amoonguss
|faint|p1a: Amoonguss
|-damage|p2a: Incineroar|10/100|[from] Recoil
|
|-weather|none
|-heal|p2a: Incineroar|16/100|[from] Grassy Terrain
|upkeep
|
|t:|1757128389
|switch|p1a: Archaludon|Archaludon, L50, M|4/100 brn
|turn|7
|inactive|pinba2 has 30 seconds left.
|
|t:|1757128415
|switch|p2a: Rillaboom|Rillaboom, L50, F|24/100
|move|p1b: Gliscor|Protect|p1b: Gliscor
|-singleturn|p1b: Gliscor|Protect
|move|p2b: Annihilape|Close Combat|p1b: Gliscor
|-activate|p1b: Gliscor|move: Protect
|move|p1a: Archaludon|Body Press|p2a: Rillaboom
|-damage|p2a: Rillaboom|10/100
|
|-heal|p2a: Rillaboom|15/100|[from] Grassy Terrain
|-heal|p1a: Archaludon|10/100 brn|[from] Grassy Terrain
|-damage|p1a: Archaludon|4/100 brn|[from] brn
|-fieldend|move: Grassy Terrain
|upkeep
|turn|8
|
|t:|1757128440
|move|p2a: Rillaboom|Fake Out|p1a: Archaludon
|-resisted|p1a: Archaludon
|-damage|p1a: Archaludon|0 fnt
|faint|p1a: Archaludon
|move|p2b: Annihilape|Close Combat|p1b: Gliscor
|-supereffective|p1b: Gliscor
|-damage|p1b: Gliscor|7/100 tox
|-unboost|p2b: Annihilape|def|1
|-unboost|p2b: Annihilape|spd|1
|move|p1b: Gliscor|Earthquake|p2b: Annihilape|[spread] p2a,p2b
|-resisted|p2a: Rillaboom
|-damage|p2a: Rillaboom|0 fnt
|-damage|p2b: Annihilape|3/100
|faint|p2a: Rillaboom
|
|-heal|p1b: Gliscor|19/100 tox|[from] ability: Poison Heal
|upkeep
|
|t:|1757128457
|switch|p2a: Incineroar|Incineroar, L50, M|16/100
|-ability|p2a: Incineroar|Intimidate|boost
|-unboost|p1b: Gliscor|atk|1
|turn|9
|
|t:|1757128467
|move|p1b: Gliscor|Protect|p1b: Gliscor
|-singleturn|p1b: Gliscor|Protect
|move|p2a: Incineroar|Fake Out|p1b: Gliscor
|-activate|p1b: Gliscor|move: Protect
|move|p2b: Annihilape|Close Combat|p1b: Gliscor
|-activate|p1b: Gliscor|move: Protect
|
|-heal|p1b: Gliscor|31/100 tox|[from] ability: Poison Heal
|upkeep
|turn|10
|
|t:|1757128483
|-terastallize|p2a: Incineroar|Bug
|move|p2b: Annihilape|Close Combat|p1b: Gliscor
|-supereffective|p1b: Gliscor
|-damage|p1b: Gliscor|0 fnt
|-unboost|p2b: Annihilape|def|1
|-unboost|p2b: Annihilape|spd|1
|faint|p1b: Gliscor
|
|win|pinba2
||dukegman is ready for game 2.
|l|☆dukegman
|player|p1|
