|j|☆Javy Moment
|j|☆ZeraSora
|html|Javy MomentZeraSora    
|uhtml|bestof|Game 2 of a best-of-3
|t:|1756419660
|gametype|doubles
|player|p1|Javy Moment|2|
|player|p2|ZeraSora|steven|
|gen|9
|tier|[Gen 9] VGC 2025 Reg H (Bo3)
|rule|Species Clause: Limit one of each Pokémon
|rule|Item Clause: Limit 1 of each item
|clearpoke
|poke|p1|Yanmega, L50, M|
|poke|p1|Sableye, L50, F|
|poke|p1|Ursaluna, L50, M|
|poke|p1|Corviknight, L50, F|
|poke|p1|Volcarona, L50, F|
|poke|p1|Primarina, L50, F|
|poke|p2|Volcarona, L50, M|
|poke|p2|Rillaboom, L50, M|
|poke|p2|Gholdengo, L50|
|poke|p2|Whimsicott, L50, M|
|poke|p2|Palafin, L50, M|
|poke|p2|Ursaluna-Bloodmoon, L50, M|
|teampreview|4
|showteam|p1|Yanmega||FocusSash|SpeedBoost|AirSlash,Tailwind,Hypnosis,Protect|||M|||50|,,,,,Ghost]Sableye||EjectButton|Prankster|FoulPlay,Gravity,FakeOut,Quash|||F|||50|,,,,,Steel]Ursaluna||FlameOrb|Guts|Protect,Facade,HeadlongRush,Earthquake|||M|||50|,,,,,Ground]Corviknight||AguavBerry|MirrorArmor|BraveBird,Tailwind,Protect,Roost|||F|||50|,,,,,Dragon]Volcarona||CovertCloak|FlameBody|QuiverDance,HeatWave,GigaDrain,Protect|||F|||50|,,,,,Grass]Primarina||ThroatSpray|LiquidVoice|HyperVoice,Moonblast,Protect,PerishSong|||F|||50|,,,,,Ghost
|showteam|p2|Volcarona||Leftovers|FlameBody|TeraBlast,HeatWave,QuiverDance,Protect|||M|||50|,,,,,Fairy]Rillaboom||AssaultVest|GrassySurge|FakeOut,GrassyGlide,WoodHammer,Uturn|||M|||50|,,,,,Fire]Gholdengo||IronPlate|GoodasGold|NastyPlot,Protect,MakeItRain,ShadowBall||||||50|,,,,,Steel]Whimsicott||CovertCloak|Prankster|Tailwind,Moonblast,HelpingHand,Taunt|||M|||50|,,,,,Water]Palafin||ChoiceBand|ZerotoHero|JetPunch,WaveCrash,FlipTurn,CloseCombat|||M|||50|,,,,,Water]Ursaluna-Bloodmoon||LifeOrb|MindsEye|HyperVoice,BloodMoon,EarthPower,Protect|||M|||50|,,,,,Normal
|j| nebbyblast
|j| Sogerto
|j| ConnorClub
|j| Scarlanox
|j| sharkssss
|j| L1mun
|
|t:|1756419702
|teamsize|p1|4
|teamsize|p2|4
|start
|switch|p1a: Volcarona|Volcarona, L50, F|100/100
|switch|p1b: Corviknight|Corviknight, L50, F|100/100
|switch|p2a: Gholdengo|Gholdengo, L50|100/100
|switch|p2b: Whimsicott|Whimsicott, L50, M, shiny|100/100
|turn|1
|j| Adam2Big
|
|t:|1756419733
|-terastallize|p2b: Whimsicott|Water
|move|p2b: Whimsicott|Taunt|p1a: Volcarona
|-start|p1a: Volcarona|move: Taunt
|move|p2a: Gholdengo|Nasty Plot|p2a: Gholdengo
|-boost|p2a: Gholdengo|spa|2
|move|p1a: Volcarona|Heat Wave|p2a: Gholdengo|[spread] p2a,p2b
|-supereffective|p2a: Gholdengo
|-resisted|p2b: Whimsicott
|-damage|p2a: Gholdengo|32/100
|-damage|p2b: Whimsicott|74/100
|move|p1b: Corviknight|Brave Bird|p2b: Whimsicott
|-damage|p2b: Whimsicott|16/100
|-damage|p1b: Corviknight|85/100|[from] Recoil
|
|upkeep
|turn|2
|j| Kekerzz
|
|t:|1756419849
|switch|p1a: Ursaluna|Ursaluna, L50, M|100/100
|move|p2b: Whimsicott|Tailwind|p2b: Whimsicott
|-sidestart|p2: ZeraSora|move: Tailwind
|move|p2a: Gholdengo|Make It Rain|p1a: Ursaluna|[spread] p1a,p1b
|-resisted|p1b: Corviknight
|-damage|p1a: Ursaluna|0 fnt
|-damage|p1b: Corviknight|46/100
|-unboost|p2a: Gholdengo|spa|1
|faint|p1a: Ursaluna
|move|p1b: Corviknight|Brave Bird|p2b: Whimsicott
|-damage|p2b: Whimsicott|0 fnt
|faint|p2b: Whimsicott
|-damage|p1b: Corviknight|42/100|[from] Recoil
|
|upkeep
|
|t:|1756419866
|switch|p2b: Palafin|Palafin, L50, M|100/100
|switch|p1a: Volcarona|Volcarona, L50, F|100/100
|turn|3
|
|t:|1756419896
|move|p1a: Volcarona|Protect|p1a: Volcarona
|-singleturn|p1a: Volcarona|Protect
|move|p2b: Palafin|Flip Turn|p1b: Corviknight
|-damage|p1b: Corviknight|12/100
|-enditem|p1b: Corviknight|Aguav Berry|[eat]
|-heal|p1b: Corviknight|45/100|[from] item: Aguav Berry
|
|t:|1756419902
|detailschange|p2b: Palafin|Palafin-Hero, L50, M
|switch|p2b: Rillaboom|Rillaboom, L50, M|100/100|[from] Flip Turn
|-fieldstart|move: Grassy Terrain|[from] ability: Grassy Surge|[of] p2b: Rillaboom
|move|p2a: Gholdengo|Make It Rain|p1b: Corviknight|[spread] p1b
|-activate|p1a: Volcarona|move: Protect
|-resisted|p1b: Corviknight
|-damage|p1b: Corviknight|11/100
|-unboost|p2a: Gholdengo|spa|1
|move|p1b: Corviknight|Roost|p1b: Corviknight
|-heal|p1b: Corviknight|61/100
|-singleturn|p1b: Corviknight|move: Roost
|
|-heal|p2a: Gholdengo|38/100|[from] Grassy Terrain
|-heal|p1b: Corviknight|67/100|[from] Grassy Terrain
|upkeep
|turn|4
|l| Kekerzz
|
|t:|1756419999
|move|p2b: Rillaboom|Fake Out|p1b: Corviknight
|-resisted|p1b: Corviknight
|-damage|p1b: Corviknight|61/100
|move|p2a: Gholdengo|Shadow Ball|p1b: Corviknight
|-damage|p1b: Corviknight|27/100
|move|p1a: Volcarona|Heat Wave|p2a: Gholdengo|[spread] p2b
|-miss|p1a: Volcarona|p2a: Gholdengo
|-supereffective|p2b: Rillaboom
|-damage|p2b: Rillaboom|44/100
|cant|p1b: Corviknight|flinch
|
|-heal|p2a: Gholdengo|44/100|[from] Grassy Terrain
|-heal|p2b: Rillaboom|50/100|[from] Grassy Terrain
|upkeep
|turn|5
|
|t:|1756420053
|move|p2b: Rillaboom|Grassy Glide|p1b: Corviknight
|-resisted|p1b: Corviknight
|-crit|p1b: Corviknight
|-damage|p1b: Corviknight|14/100
|move|p2a: Gholdengo|Make It Rain|p1a: Volcarona|[spread] p1a,p1b
|-resisted|p1a: Volcarona
|-resisted|p1b: Corviknight
|-damage|p1a: Volcarona|80/100
|-damage|p1b: Corviknight|0 fnt
|-unboost|p2a: Gholdengo|spa|1
|faint|p1b: Corviknight
|move|p1a: Volcarona|Heat Wave|p2a: Gholdengo|[spread] p2a,p2b
|-supereffective|p2a: Gholdengo
|-supereffective|p2b: Rillaboom
|-damage|p2a: Gholdengo|0 fnt
|-damage|p2b: Rillaboom|0 fnt
|faint|p2a: Gholdengo
|faint|p2b: Rillaboom
|
|-heal|p1a: Volcarona|86/100|[from] Grassy Terrain
|-sideend|p2: ZeraSora|move: Tailwind
|upkeep
|
|t:|1756420065
|switch|p2b: Palafin|Palafin-Hero, L50, M|100/100
|switch|p1b: Primarina|Primarina, L50, F|100/100
|-activate|p2b: Palafin|ability: Zero to Hero
|turn|6
|
|t:|1756420077
|-terastallize|p1a: Volcarona|Grass
|move|p2b: Palafin|Jet Punch|p1a: Volcarona
|-resisted|p1a: Volcarona
|-damage|p1a: Volcarona|50/100
|move|p1a: Volcarona|Giga Drain|p2b: Palafin
|-supereffective|p2b: Palafin
|-damage|p2b: Palafin|0 fnt
|-heal|p1a: Volcarona|96/100|[from] drain|[of] p2b: Palafin
|faint|p2b: Palafin
|
|win|Javy Moment
|c|☆Javy Moment|ggs
|c|☆ZeraSora|ggs
||ZeraSora is ready for game 3.
||Javy Moment is ready for game 3.
|uhtml|next|Next: Game 3 of 3
|l| Scarlanox
|l| sharkssss
|n| Spud5You|spud5you
|l| Spud5You
|l| nebbyblast
|l| Sogerto
|l|☆Javy Moment
|player|p1|
|l| L1mun
