|j|☆iota_002
|j|☆hinoky
|html|iota_002hinoky    
|uhtml|bestof|Game 2 of a best-of-3
|t:|1785832665
|gametype|doubles
|player|p1|iota_002|ethan|1097
|player|p2|hinoky|wattson|1134
|gen|9
|tier|[Gen 9 Champions] VGC 2026 Reg M-B (Bo3)
|rated|
|rule|Species Clause: Limit one of each Pokémon
|rule|Item Clause: Limit 1 of each item
|clearpoke
|poke|p1|Beedrill, L50, F|
|poke|p1|Aegislash, L50, F|
|poke|p1|Talonflame, L50, F|
|poke|p1|Gardevoir, L50, M|
|poke|p1|Glimmora, L50, F|
|poke|p1|Weavile, L50, F|
|poke|p2|Kingambit, L50, M|
|poke|p2|Glimmora, L50, M|
|poke|p2|Whimsicott, L50, M|
|poke|p2|Delphox, L50, M|
|poke|p2|Garchomp, L50, F|
|poke|p2|Staraptor, L50, F|
|teampreview|4
|showteam|p1|Beedrill||Beedrillite|Sniper|Uturn,PoisonJab,DrillRun,Protect|Jolly||F|||50|]Aegislash||SitrusBerry|StanceChange|Poltergeist,SacredSword,WideGuard,KingsShield|Brave||F|||50|]Talonflame||SharpBeak|GaleWings|DualWingbeat,Tailwind,QuickGuard,Taunt|Jolly||F|||50|]Gardevoir||ExpertBelt|Trace|Thunderbolt,Moonblast,Encore,Protect|Quiet||M|||50|]Glimmora||FocusSash|ToxicDebris|EnergyBall,PowerGem,EarthPower,SpikyShield|Modest||F|||50|]Weavile||KingsRock|Pressure|FakeOut,Fling,KnockOff,IceSpinner|Jolly||F|||50|
|showteam|p2|Kingambit||ChopleBerry|Defiant|SuckerPunch,KowtowCleave,IronHead,LowKick|Adamant||M|||50|]Glimmora||FocusSash|ToxicDebris|SludgeBomb,PowerGem,EarthPower,SpikyShield|Timid||M|||50|]Whimsicott||OccaBerry|Prankster|Moonblast,Tailwind,Charm,Protect|Timid||M|||50|]Delphox||Delphoxite|Blaze|HeatWave,Psyshock,Substitute,Protect|Modest||M|||50|]Garchomp||LifeOrb|RoughSkin|DragonClaw,Earthquake,RockSlide,Protect|Jolly||F|||50|]Staraptor||Staraptite|Intimidate|BraveBird,CloseCombat,Roost,Protect|Jolly||F|||50|
|
|t:|1785832714
|teamsize|p1|4
|teamsize|p2|4
|start
|switch|p1a: Talonflame|Talonflame, L50, F|100/100
|switch|p1b: Weavile|Weavile, L50, F|100/100
|switch|p2a: Glimmora|Glimmora, L50, M|100/100
|switch|p2b: Whimsicott|Whimsicott, L50, M|100/100
|-ability|p1b: Weavile|Pressure
|turn|1
|
|t:|1785832736
|move|p2b: Whimsicott|Protect|p2b: Whimsicott
|-singleturn|p2b: Whimsicott|Protect
|move|p1b: Weavile|Fake Out|p2a: Glimmora
|-resisted|p2a: Glimmora|1
|-damage|p2a: Glimmora|91/100
|-activate|p2a: Glimmora|ability: Toxic Debris
|-sidestart|p1: iota_002|move: Toxic Spikes
|move|p1a: Talonflame|Dual Wingbeat|p2b: Whimsicott
|-activate|p2b: Whimsicott|move: Protect
|cant|p2a: Glimmora|flinch
|
|upkeep
|turn|2
|
|t:|1785832752
|move|p1a: Talonflame|Dual Wingbeat|p2b: Whimsicott
|-supereffective|p2b: Whimsicott|1
|-damage|p2b: Whimsicott|51/100
|-supereffective|p2b: Whimsicott|1
|-damage|p2b: Whimsicott|2/100
|-hitcount|p2b: Whimsicott|2
|move|p2b: Whimsicott|Tailwind|p2b: Whimsicott
|-sidestart|p2: hinoky|move: Tailwind
|move|p2a: Glimmora|Power Gem|p1a: Talonflame
|-supereffective|p1a: Talonflame|2
|-damage|p1a: Talonflame|0 fnt
|faint|p1a: Talonflame
|move|p1b: Weavile|Fling|p2a: Glimmora
|-damage|p2a: Glimmora|72/100
|-activate|p2a: Glimmora|ability: Toxic Debris
|-sidestart|p1: iota_002|move: Toxic Spikes
|-enditem|p1b: Weavile|King's Rock|[from] move: Fling
|
|upkeep
|
|t:|1785832769
|switch|p1a: Aegislash|Aegislash, L50, F|100/100
|turn|3
|
|t:|1785832793
|move|p2b: Whimsicott|Charm|p1a: Aegislash
|-unboost|p1a: Aegislash|atk|2
|move|p2a: Glimmora|Power Gem|p1b: Weavile
|-supereffective|p1b: Weavile|1
|-damage|p1b: Weavile|0 fnt
|faint|p1b: Weavile
|-formechange|p1a: Aegislash|Aegislash-Blade|
|move|p1a: Aegislash|Poltergeist|p2a: Glimmora
|-activate|p2a: Glimmora|move: Poltergeist|Focus Sash
|-damage|p2a: Glimmora|30/100
|
|upkeep
|
|t:|1785832805
|switch|p1b: Beedrill|Beedrill, L50, F|100/100
|-sideend|p1: iota_002|move: Toxic Spikes|[of] p1b: Beedrill
|turn|4
|
|t:|1785832815
|detailschange|p1b: Beedrill|Beedrill-Mega, L50, F
|-mega|p1b: Beedrill|Beedrill|Beedrillite
|move|p1b: Beedrill|Protect|p1b: Beedrill
|-singleturn|p1b: Beedrill|Protect
|move|p2b: Whimsicott|Charm|p1a: Aegislash
|-unboost|p1a: Aegislash|atk|2
|move|p2a: Glimmora|Power Gem|p1b: Beedrill
|-activate|p1b: Beedrill|move: Protect
|move|p1a: Aegislash|Poltergeist|p2a: Glimmora
|-activate|p2a: Glimmora|move: Poltergeist|Focus Sash
|-damage|p2a: Glimmora|5/100
|-activate|p2a: Glimmora|ability: Toxic Debris
|-sidestart|p1: iota_002|move: Toxic Spikes
|
|upkeep
|turn|5
|
|t:|1785832846
|move|p2b: Whimsicott|Protect|p2b: Whimsicott
|-singleturn|p2b: Whimsicott|Protect
|move|p1b: Beedrill|Protect|p1b: Beedrill
|-singleturn|p1b: Beedrill|Protect
|move|p2a: Glimmora|Power Gem|p1b: Beedrill
|-activate|p1b: Beedrill|move: Protect
|move|p1a: Aegislash|Sacred Sword|p2a: Glimmora
|-damage|p2a: Glimmora|0 fnt
|-activate|p2a: Glimmora|ability: Toxic Debris
|-sidestart|p1: iota_002|move: Toxic Spikes
|faint|p2a: Glimmora
|
|-sideend|p2: hinoky|move: Tailwind
|upkeep
|
|t:|1785832858
|switch|p2a: Delphox|Delphox, L50, M|100/100
|turn|6
|
|t:|1785832867
|detailschange|p2a: Delphox|Delphox-Mega, L50, M
|-mega|p2a: Delphox|Delphox|Delphoxite
|move|p1a: Aegislash|Wide Guard|p1a: Aegislash
|-singleturn|p1a: Aegislash|Wide Guard
|move|p2b: Whimsicott|Tailwind|p2b: Whimsicott
|-sidestart|p2: hinoky|move: Tailwind
|move|p2a: Delphox|Heat Wave|p1b: Beedrill|[spread] 
|-activate|p1a: Aegislash|move: Wide Guard
|-activate|p1b: Beedrill|move: Wide Guard
|move|p1b: Beedrill|Poison Jab|p2a: Delphox
|-damage|p2a: Delphox|24/100
|
|upkeep
|turn|7
|
|t:|1785832889
|move|p1b: Beedrill|Protect|p1b: Beedrill
|-singleturn|p1b: Beedrill|Protect
|move|p2a: Delphox|Heat Wave|p1b: Beedrill|[spread] 
|-activate|p1b: Beedrill|move: Protect
|-miss|p2a: Delphox|p1a: Aegislash
|move|p2b: Whimsicott|Moonblast|p1a: Aegislash
|-resisted|p1a: Aegislash|1
|-damage|p1a: Aegislash|71/100
|move|p1a: Aegislash|Poltergeist|p2a: Delphox
|-activate|p2a: Delphox|move: Poltergeist|Delphoxite
|-supereffective|p2a: Delphox|1
|-damage|p2a: Delphox|0 fnt
|faint|p2a: Delphox
|
|upkeep
|
|t:|1785832902
|switch|p2a: Kingambit|Kingambit, L50, M|100/100
|turn|8
|
|t:|1785832927
|move|p1b: Beedrill|Protect|p1b: Beedrill
|-singleturn|p1b: Beedrill|Protect
|move|p2b: Whimsicott|Moonblast|p1a: Aegislash
|-resisted|p1a: Aegislash|1
|-damage|p1a: Aegislash|43/100
|-enditem|p1a: Aegislash|Sitrus Berry|[eat]
|-heal|p1a: Aegislash|68/100|[from] item: Sitrus Berry
|move|p2a: Kingambit|Kowtow Cleave|p1b: Beedrill
|-activate|p1b: Beedrill|move: Protect
|move|p1a: Aegislash|Sacred Sword|p2a: Kingambit
|-supereffective|p2a: Kingambit|2
|-enditem|p2a: Kingambit|Chople Berry|[eat]
|-enditem|p2a: Kingambit|Chople Berry|[weaken]
|-damage|p2a: Kingambit|83/100
|
|upkeep
|turn|9
|
|t:|1785832961
|move|p2b: Whimsicott|Charm|p1a: Aegislash
|-unboost|p1a: Aegislash|atk|2
|move|p1b: Beedrill|Drill Run|p2a: Kingambit
|-supereffective|p2a: Kingambit|1
|-damage|p2a: Kingambit|37/100
|move|p2a: Kingambit|Kowtow Cleave|p1b: Beedrill
|-damage|p1b: Beedrill|1/100
|move|p1a: Aegislash|Poltergeist|p2b: Whimsicott
|-activate|p2b: Whimsicott|move: Poltergeist|Occa Berry
|-damage|p2b: Whimsicott|0 fnt
|faint|p2b: Whimsicott
|
|-sideend|p2: hinoky|move: Tailwind
|upkeep
|turn|10
|
|t:|1785832983
|move|p2a: Kingambit|Sucker Punch|p1a: Aegislash
|-supereffective|p1a: Aegislash|1
|-damage|p1a: Aegislash|0 fnt
|faint|p1a: Aegislash
|move|p1b: Beedrill|Drill Run|p2a: Kingambit
|-supereffective|p2a: Kingambit|1
|-damage|p2a: Kingambit|0 fnt
|faint|p2a: Kingambit
|
|win|iota_002
||iota_002 is ready for game 3.
