|j|☆cereales raton
|j|☆masterhax3
|html|cereales ratonmasterhax3    
|uhtml|bestof|Game 2 of a best-of-3
|t:|1756899805
|gametype|doubles
|player|p1|cereales raton|265|1120
|player|p2|masterhax3|scientist-gen4dp|1067
|gen|9
|tier|[Gen 9] VGC 2025 Reg H (Bo3)
|rated|
|rule|Species Clause: Limit one of each Pokémon
|rule|Item Clause: Limit 1 of each item
|clearpoke
|poke|p1|Dragonite, L50, M|
|poke|p1|Gholdengo, L50|
|poke|p1|Annihilape, L50, F|
|poke|p1|Ursaluna-Bloodmoon, L50, M|
|poke|p1|Maushold-Four, L50|
|poke|p1|Rillaboom, L50, M|
|poke|p2|Vivillon-Pokeball, L50, F|
|poke|p2|Garganacl, L50, F|
|poke|p2|Garchomp, L50, M|
|poke|p2|Gardevoir, L50, F|
|poke|p2|Dondozo, L50, M|
|poke|p2|Ninetales-Alola, L50, M|
|teampreview|4
|showteam|p1|Dragonite||LoadedDice|Multiscale|ScaleShot,Tailwind,Haze,Protect|||M|||50|,,,,,Fairy]Gholdengo||LifeOrb|GoodasGold|MakeItRain,ShadowBall,NastyPlot,Protect||||||50|,,,,,Water]Annihilape||SitrusBerry|Defiant|DrainPunch,RageFist,BulkUp,Protect|||F|||50|,,,,,Fire]Ursaluna-Bloodmoon||AssaultVest|MindsEye|BloodMoon,EarthPower,HyperVoice,VacuumWave|||M|||50|,,,,,Water]Maushold-Four||FocusSash|FriendGuard|SuperFang,BeatUp,FollowMe,Protect||||||50|,,,,,Ghost]Rillaboom||MiracleSeed|GrassySurge|WoodHammer,GrassyGlide,HighHorsepower,FakeOut|||M|||50|,,,,,Fire
|showteam|p2|Vivillon-Pokeball||FocusSash|CompoundEyes|SleepPowder,Tailwind,Protect,Hurricane|||F|||50|,,,,,Ghost]Garganacl||MarangaBerry|PurifyingSalt|SaltCure,StealthRock,Protect,Recover|||F|||50|,,,,,Flying]Garchomp||LifeOrb|RoughSkin|Earthquake,DragonClaw,RockSlide,Protect|||M|||50|,,,,,Ground]Gardevoir||ChoiceScarf|Telepathy|Trick,Moonblast,Psychic,IcyWind|||F|||50|,,,,,Steel]Dondozo||Leftovers|Unaware|Liquidation,Yawn,Fissure,Protect|||M|||50|,,,,,Poison]Ninetales-Alola||NeverMeltIce|SnowWarning|Blizzard,FreezeDry,Protect,AuroraVeil|||M|||50|,,,,,Ice
|
|t:|1756899839
|teamsize|p1|4
|teamsize|p2|4
|start
|switch|p1a: Gholdengo|Gholdengo, L50|100/100
|switch|p1b: Maushold|Maushold-Four, L50|100/100
|switch|p2a: Garchomp|Garchomp, L50, M|100/100
|switch|p2b: Gardevoir|Gardevoir, L50, F|100/100
|turn|1
|inactive|Battle timer is ON: inactive players will automatically lose when time's up. (requested by cereales raton)
|
|t:|1756899866
|switch|p1b: Rillaboom|Rillaboom, L50, M|100/100
|-fieldstart|move: Grassy Terrain|[from] ability: Grassy Surge|[of] p1b: Rillaboom
|-terastallize|p1a: Gholdengo|Water
|move|p2b: Gardevoir|Moonblast|p1b: Rillaboom
|-damage|p1b: Rillaboom|45/100
|-unboost|p1b: Rillaboom|spa|1
|move|p2a: Garchomp|Earthquake|p1a: Gholdengo|[spread] p1a,p1b
|-activate|p2b: Gardevoir|ability: Telepathy
|-resisted|p1b: Rillaboom
|-damage|p1a: Gholdengo|73/100
|-damage|p1b: Rillaboom|33/100
|-damage|p2a: Garchomp|91/100|[from] item: Life Orb
|move|p1a: Gholdengo|Make It Rain|p2a: Garchomp|[spread] p2a,p2b
|-supereffective|p2b: Gardevoir
|-damage|p2a: Garchomp|27/100
|-damage|p2b: Gardevoir|0 fnt
|-unboost|p1a: Gholdengo|spa|1
|faint|p2b: Gardevoir
|-damage|p1a: Gholdengo|64/100|[from] item: Life Orb
|
|-heal|p2a: Garchomp|33/100|[from] Grassy Terrain
|-heal|p1a: Gholdengo|70/100|[from] Grassy Terrain
|-heal|p1b: Rillaboom|39/100|[from] Grassy Terrain
|upkeep
|
|t:|1756899879
|switch|p2b: Dondozo|Dondozo, L50, M|100/100
|turn|2
|
|t:|1756899895
|move|p1b: Rillaboom|Grassy Glide|p2a: Garchomp
|-damage|p2a: Garchomp|0 fnt
|-damage|p1b: Rillaboom|27/100|[from] ability: Rough Skin|[of] p2a: Garchomp
|faint|p2a: Garchomp
|move|p1a: Gholdengo|Shadow Ball|p2b: Dondozo
|-damage|p2b: Dondozo|61/100
|-damage|p1a: Gholdengo|60/100|[from] item: Life Orb
|move|p2b: Dondozo|Fissure|p1a: Gholdengo
|-damage|p1a: Gholdengo|0 fnt
|faint|p1a: Gholdengo
|-ohko
|
|-heal|p1b: Rillaboom|33/100|[from] Grassy Terrain
|-heal|p2b: Dondozo|67/100|[from] Grassy Terrain
|-heal|p2b: Dondozo|73/100|[from] item: Leftovers
|upkeep
|
|t:|1756899907
|switch|p2a: Garganacl|Garganacl, L50, F|100/100
|switch|p1a: Annihilape|Annihilape, L50, F|100/100
|turn|3
|
|t:|1756899927
|-terastallize|p2a: Garganacl|Flying
|move|p1a: Annihilape|Bulk Up|p1a: Annihilape
|-boost|p1a: Annihilape|atk|1
|-boost|p1a: Annihilape|def|1
|move|p1b: Rillaboom|Wood Hammer|p2b: Dondozo
|-supereffective|p2b: Dondozo
|-damage|p2b: Dondozo|0 fnt
|faint|p2b: Dondozo
|-damage|p1b: Rillaboom|4/100|[from] Recoil
|move|p2a: Garganacl|Salt Cure|p1b: Rillaboom
|-crit|p1b: Rillaboom
|-damage|p1b: Rillaboom|0 fnt
|faint|p1b: Rillaboom
|
|upkeep
|
|t:|1756899934
|switch|p1b: Maushold|Maushold-Four, L50|100/100
|turn|4
|
|t:|1756899941
|move|p1b: Maushold|Beat Up|p1a: Annihilape
|-damage|p1a: Annihilape|99/100
|-damage|p1a: Annihilape|97/100
|-hitcount|p1a: Annihilape|2
|move|p1a: Annihilape|Rage Fist|p2a: Garganacl
|-damage|p2a: Garganacl|68/100
|move|p2a: Garganacl|Salt Cure|p1a: Annihilape
|-resisted|p1a: Annihilape
|-damage|p1a: Annihilape|94/100
|-start|p1a: Annihilape|Salt Cure
|
|-heal|p1a: Annihilape|99/100|[from] Grassy Terrain
|-damage|p1a: Annihilape|88/100|[from] Salt Cure
|upkeep
|turn|5
|
|t:|1756899954
|move|p1b: Maushold|Super Fang|p2a: Garganacl
|-damage|p2a: Garganacl|34/100
|move|p1a: Annihilape|Rage Fist|p2a: Garganacl
|-damage|p2a: Garganacl|0 fnt
|faint|p2a: Garganacl
|
|win|cereales raton
|raw|cereales raton's rating: 1120 → 1141(+21 for winning)
|raw|masterhax3's rating: 1067 → 1050(-17 for losing)
|l|☆masterhax3
|player|p2|
