|j|☆Scoseb
|j|☆5star_swordvgc
|html|Scoseb5star_swordvgc    
|uhtml|bestof|Game 1 of a best-of-3
|t:|1783502559
|gametype|doubles
|player|p1|Scoseb|brycenman|1185
|player|p2|5star_swordvgc|red|1080
|gen|9
|tier|[Gen 9 Champions] VGC 2026 Reg M-B (Bo3)
|rated|
|rule|Species Clause: Limit one of each Pokémon
|rule|Item Clause: Limit 1 of each item
|clearpoke
|poke|p1|Staraptor, L50, F|
|poke|p1|Zoroark-Hisui, L50, F|
|poke|p1|Gholdengo, L50|
|poke|p1|Whimsicott, L50, M|
|poke|p1|Incineroar, L50, F|
|poke|p1|Drampa, L50, M|
|poke|p2|Aegislash, L50, M|
|poke|p2|Farigiraf, L50, M|
|poke|p2|Incineroar, L50, F|
|poke|p2|Whimsicott, L50, M|
|poke|p2|Blastoise, L50, M|
|poke|p2|Tyranitar, L50, F|
|teampreview|4
|showteam|p1|Staraptor||Staraptite|Reckless|CloseCombat,Protect,BraveBird,Roost|Jolly||F|||50|]Zoroark-Hisui||FocusSash|Illusion|BitterMalice,IcyWind,Taunt,FakeTears|Timid||F|||50|]Gholdengo||LifeOrb|GoodasGold|MakeItRain,ShadowBall,Protect,PowerGem|Modest|||||50|]Whimsicott||FairyFeather|Prankster|Tailwind,Moonblast,Charm,Protect|Timid||M|||50|]Incineroar||SitrusBerry|Intimidate|FakeOut,PartingShot,FlareBlitz,DarkestLariat|Careful||F|||50|]Drampa||Drampanite|CloudNine|HyperVoice,DragonPulse,Protect,CalmMind|Timid||M|||50|
|showteam|p2|Aegislash||LifeOrb|StanceChange|ShadowBall,KingsShield,FlashCannon,WideGuard|Modest||M|||50|]Farigiraf||SitrusBerry|ArmorTail|Protect,TrickRoom,Psychic,HyperVoice|Modest||M|||50|]Incineroar||ExpertBelt|Intimidate|Taunt,PartingShot,FakeOut,FlareBlitz|Adamant||F|||50|]Whimsicott||FocusSash|Prankster|Moonblast,Tailwind,Encore,Endeavor|Timid||M|||50|]Blastoise||Blastoisinite|RainDish|Protect,DarkPulse,AuraSphere,WaterSpout|Modest||M|||50|]Tyranitar||Tyranitarite|SandStream|Protect,KnockOff,RockSlide,Earthquake|Serious||F|||50|
|inactive|Battle timer is ON: inactive players will automatically lose when time's up. (requested by Scoseb)
|inactive|Scoseb has 60 seconds left.
|
|t:|1783502608
|teamsize|p1|4
|teamsize|p2|4
|start
|switch|p1a: Incineroar|Incineroar, L50, F|100/100
|switch|p1b: Drampa|Drampa, L50, M|100/100
|switch|p2a: Farigiraf|Farigiraf, L50, M|100/100
|switch|p2b: Incineroar|Incineroar, L50, F|100/100
|-ability|p1b: Drampa|Cloud Nine
|-ability|p2b: Incineroar|Intimidate|boost
|-unboost|p1a: Incineroar|atk|1
|-unboost|p1b: Drampa|atk|1
|-ability|p1a: Incineroar|Intimidate|boost
|-unboost|p2a: Farigiraf|atk|1
|-unboost|p2b: Incineroar|atk|1
|turn|1
|
|t:|1783502630
|move|p2b: Incineroar|Fake Out|p1b: Drampa
|-crit|p1b: Drampa
|-damage|p1b: Drampa|72/100
|cant|p1b: Drampa|flinch
|move|p1a: Incineroar|Parting Shot|p2a: Farigiraf
|-unboost|p2a: Farigiraf|atk|1
|-unboost|p2a: Farigiraf|spa|1
|
|t:|1783502639
|switch|p1a: Gholdengo|Gholdengo, L50|100/100|[from] Parting Shot
|move|p2a: Farigiraf|Trick Room|p2a: Farigiraf
|-fieldstart|move: Trick Room|[of] p2a: Farigiraf
|
|upkeep
|turn|2
|
|t:|1783502653
|detailschange|p1b: Drampa|Drampa-Mega, L50, M
|-mega|p1b: Drampa|Drampa|Drampanite
|move|p2b: Incineroar|Flare Blitz|p1a: Gholdengo
|-damage|p1a: Gholdengo|18/100
|replace|p1a: Zoroark|Zoroark-Hisui, L50, F
|-end|p1a: Zoroark|Illusion
|-damage|p2b: Incineroar|82/100|[from] Recoil
|move|p2a: Farigiraf|Hyper Voice|p1b: Drampa|[spread] p1b
|-immune|p1a: Zoroark
|-damage|p1b: Drampa|50/100g
|move|p1b: Drampa|Calm Mind|p1b: Drampa
|-boost|p1b: Drampa|spa|1
|-boost|p1b: Drampa|spd|1
|move|p1a: Zoroark|Fake Tears|p2b: Incineroar
|-unboost|p2b: Incineroar|spd|2
|
|upkeep
|turn|3
|inactive|5star_swordvgc has 30 seconds left.
|
|t:|1783502682
|switch|p2b: Tyranitar|Tyranitar, L50, F|100/100
|-weather|Sandstorm|[from] ability: Sand Stream|[of] p2b: Tyranitar
|switch|p1a: Incineroar|Incineroar, L50, F|100/100
|-ability|p1a: Incineroar|Intimidate|boost
|-unboost|p2a: Farigiraf|atk|1
|-unboost|p2b: Tyranitar|atk|1
|move|p2a: Farigiraf|Psychic|p1b: Drampa
|-damage|p1b: Drampa|29/100
|-ability|p1b: Drampa|Berserk|boost
|-boost|p1b: Drampa|spa|1
|move|p1b: Drampa|Hyper Voice|p2a: Farigiraf|[spread] p2a,p2b
|-resisted|p2b: Tyranitar|1
|-damage|p2a: Farigiraf|24/100
|-damage|p2b: Tyranitar|76/100
|-enditem|p2a: Farigiraf|Sitrus Berry|[eat]
|-heal|p2a: Farigiraf|49/100|[from] item: Sitrus Berry
|
|-weather|Sandstorm|[upkeep]
|-damage|p1a: Incineroar|94/100|[from] Sandstorm
|-damage|p2a: Farigiraf|43/100|[from] Sandstorm
|-damage|p1b: Drampa|23/100|[from] Sandstorm
|upkeep
|turn|4
|
|t:|1783502704
|detailschange|p2b: Tyranitar|Tyranitar-Mega, L50, F
|-mega|p2b: Tyranitar|Tyranitar|Tyranitarite
|move|p1b: Drampa|Protect|p1b: Drampa
|-singleturn|p1b: Drampa|Protect
|move|p1a: Incineroar|Parting Shot|p2b: Tyranitar
|-unboost|p2b: Tyranitar|atk|1
|-unboost|p2b: Tyranitar|spa|1
|
|t:|1783502710
|switch|p1a: Gholdengo|Gholdengo, L50|100/100|[from] Parting Shot
|move|p2a: Farigiraf|Hyper Voice|p1b: Drampa|[spread] 
|-activate|p1b: Drampa|move: Protect
|-immune|p1a: Gholdengo
|move|p2b: Tyranitar|Rock Slide|p1a: Gholdengo|[spread] p1a
|-activate|p1b: Drampa|move: Protect
|-resisted|p1a: Gholdengo|1
|-damage|p1a: Gholdengo|90/100
|
|-weather|Sandstorm|[upkeep]
|-damage|p2a: Farigiraf|37/100|[from] Sandstorm
|-damage|p1b: Drampa|18/100|[from] Sandstorm
|upkeep
|turn|5
|
|t:|1783502729
|switch|p2b: Incineroar|Incineroar, L50, F|82/100
|-ability|p2b: Incineroar|Intimidate|boost
|-unboost|p1a: Gholdengo|atk|1
|-unboost|p1b: Drampa|atk|1
|switch|p1b: Incineroar|Incineroar, L50, F|94/100
|-ability|p1b: Incineroar|Intimidate|boost
|-unboost|p2a: Farigiraf|atk|1
|-unboost|p2b: Incineroar|atk|1
|move|p1a: Gholdengo|Protect|p1a: Gholdengo
|-singleturn|p1a: Gholdengo|Protect
|move|p2a: Farigiraf|Hyper Voice|p1a: Gholdengo|[spread] p1b
|-activate|p1a: Gholdengo|move: Protect
|-damage|p1b: Incineroar|80/100
|
|-weather|Sandstorm|[upkeep]
|-damage|p2a: Farigiraf|30/100|[from] Sandstorm
|-damage|p1b: Incineroar|74/100|[from] Sandstorm
|-damage|p2b: Incineroar|76/100|[from] Sandstorm
|-fieldend|move: Trick Room
|upkeep
|turn|6
|inactive|Scoseb has 30 seconds left.
|
|t:|1783502756
|move|p2a: Farigiraf|Protect|p2a: Farigiraf
|-singleturn|p2a: Farigiraf|Protect
|move|p1a: Gholdengo|Power Gem|p2a: Farigiraf
|-activate|p2a: Farigiraf|move: Protect
|move|p1b: Incineroar|Darkest Lariat|p2a: Farigiraf
|-activate|p2a: Farigiraf|move: Protect
|move|p2b: Incineroar|Flare Blitz|p1a: Gholdengo
|-supereffective|p1a: Gholdengo|1
|-damage|p1a: Gholdengo|0 fnt
|faint|p1a: Gholdengo
|-damage|p2b: Incineroar|51/100|[from] Recoil
|
|-weather|Sandstorm|[upkeep]
|-damage|p1b: Incineroar|68/100|[from] Sandstorm
|-damage|p2b: Incineroar|46/100|[from] Sandstorm
|-damage|p2a: Farigiraf|24/100|[from] Sandstorm
|upkeep
|
|t:|1783502771
|switch|p1a: Drampa|Drampa-Mega, L50, M|18/100
|turn|7
|
|t:|1783502786
|switch|p2a: Aegislash|Aegislash, L50, M|100/100
|move|p1a: Drampa|Hyper Voice|p2a: Aegislash|[spread] p2b
|-immune|p2a: Aegislash
|-crit|p2b: Incineroar
|-damage|p2b: Incineroar|0 fnt
|faint|p2b: Incineroar
|move|p1b: Incineroar|Parting Shot|p2a: Aegislash
|-unboost|p2a: Aegislash|atk|1
|-unboost|p2a: Aegislash|spa|1
|
|t:|1783502795
|switch|p1b: Incineroar|Incineroar, L50, F|18/100|[from] Parting Shot
|
|-weather|none
|upkeep
|
|t:|1783502798
|switch|p2b: Tyranitar|Tyranitar-Mega, L50, F|76/100
|-weather|Sandstorm|[from] ability: Sand Stream|[of] p2b: Tyranitar
|turn|8
|
|t:|1783502813
|move|p1a: Drampa|Protect|p1a: Drampa
|-singleturn|p1a: Drampa|Protect
|move|p2b: Tyranitar|Protect|p2b: Tyranitar
|-singleturn|p2b: Tyranitar|Protect
|move|p1b: Incineroar|Icy Wind|p2a: Aegislash|[spread] p2a
|-activate|p2b: Tyranitar|move: Protect
|-resisted|p2a: Aegislash|1
|-damage|p2a: Aegislash|94/100
|-unboost|p2a: Aegislash|spe|1
|-formechange|p2a: Aegislash|Aegislash-Blade|
|move|p2a: Aegislash|Shadow Ball|p1a: Drampa
|-activate|p1a: Drampa|move: Protect
|
|-weather|Sandstorm|[upkeep]
|-damage|p1b: Incineroar|12/100|[from] Sandstorm
|-damage|p1a: Drampa|12/100|[from] Sandstorm
|upkeep
|turn|9
|inactive|5star_swordvgc has 30 seconds left.
|
|t:|1783502840
|move|p1b: Incineroar|Icy Wind|p2b: Tyranitar|[spread] p2a,p2b
|-resisted|p2a: Aegislash|1
|-crit|p2b: Tyranitar
|-damage|p2a: Aegislash|80/100
|-damage|p2b: Tyranitar|66/100
|-unboost|p2a: Aegislash|spe|1
|-unboost|p2b: Tyranitar|spe|1
|move|p1a: Drampa|Dragon Pulse|p2b: Tyranitar
|-damage|p2b: Tyranitar|39/100
|move|p2b: Tyranitar|Rock Slide|p1b: Incineroar|[spread] p1a,p1b
|-damage|p1a: Drampa|0 fnt
|-damage|p1b: Incineroar|0 fnt
|replace|p1b: Zoroark|Zoroark-Hisui, L50, F
|-end|p1b: Zoroark|Illusion
|faint|p1a: Drampa
|faint|p1b: Zoroark
|move|p2a: Aegislash|Shadow Ball|p1: Drampa|[notarget]
|-fail|p2a: Aegislash
|
|-weather|Sandstorm|[upkeep]
|upkeep
|
|t:|1783502855
|switch|p1b: Incineroar|Incineroar, L50, F|68/100
|-ability|p1b: Incineroar|Intimidate|boost
|-unboost|p2a: Aegislash|atk|1
|-unboost|p2b: Tyranitar|atk|1
|turn|10
|
|t:|1783502867
|switch|p2b: Farigiraf|Farigiraf, L50, M|24/100
|-formechange|p2a: Aegislash|Aegislash|
|move|p2a: Aegislash|King's Shield|p2a: Aegislash
|-singleturn|p2a: Aegislash|Protect
|move|p1b: Incineroar|Darkest Lariat|p2b: Farigiraf
|-supereffective|p2b: Farigiraf|1
|-damage|p2b: Farigiraf|0 fnt
|faint|p2b: Farigiraf
|
|-weather|Sandstorm|[upkeep]
|-damage|p1b: Incineroar|62/100|[from] Sandstorm
|upkeep
|
|t:|1783502876
|switch|p2b: Tyranitar|Tyranitar-Mega, L50, F|39/100
|turn|11
|
|t:|1783502885
|move|p2b: Tyranitar|Rock Slide|p1b: Incineroar
|-supereffective|p1b: Incineroar|1
|-damage|p1b: Incineroar|0 fnt
|faint|p1b: Incineroar
|
|win|5star_swordvgc
||Scoseb is ready for game 2.
|l|☆5star_swordvgc
|player|p2|
|inactive|5star_swordvgc has 30 seconds to confirm battle start!
