|j|â˜†geardox
|j|â˜†MinasDevilCrobats
|html|geardoxMinasDevilCrobats    
|uhtml|bestof|Game 2 of a best-of-3
|t:|1756570916
|gametype|doubles
|player|p1|geardox|cyclist|1101
|player|p2|MinasDevilCrobats|darach-caitlin|1182
|gen|9
|tier|[Gen 9] VGC 2025 Reg H (Bo3)
|rated|
|rule|Species Clause: Limit one of each PokÃ©mon
|rule|Item Clause: Limit 1 of each item
|clearpoke
|poke|p1|Sneasler, L50, M|
|poke|p1|Garchomp, L50, M|
|poke|p1|Corviknight, L50, F|
|poke|p1|Archaludon, L50, M|
|poke|p1|Amoonguss, L50, F|
|poke|p1|Incineroar, L50, F|
|poke|p2|Indeedee, L50, M|
|poke|p2|Sneasler, L50, F|
|poke|p2|Ursaluna-Bloodmoon, L50, M|
|poke|p2|Pelipper, L50, M|
|poke|p2|Archaludon, L50, M|
|poke|p2|Basculegion, L50, M|
|teampreview|4
|showteam|p1|Sneasler||FocusSash|Unburden|DireClaw,CloseCombat,ThroatChop,Coaching|||M|||50|,,,,,Ghost]Garchomp||LifeOrb|RoughSkin|Protect,Earthquake,DragonClaw,StompingTantrum|||M|||50|,,,,,Ground]Corviknight||SitrusBerry|MirrorArmor|BraveBird,Tailwind,Roost,IronHead|||F|||50|,,,,,Fire]Archaludon||PowerHerb|Stamina|Protect,DracoMeteor,FlashCannon,ElectroShot|||M|||50|,,,,,Dragon]Amoonguss||RockyHelmet|Regenerator|ClearSmog,RagePowder,Spore,PollenPuff|||F|||50|,,,,,Water]Incineroar||AssaultVest|Intimidate|KnockOff,FlareBlitz,FakeOut,Uturn|||F|||50|,,,,,Ghost
|showteam|p2|Indeedee||ChoiceScarf|PsychicSurge|ExpandingForce,DazzlingGleam,Trick,Protect|||M|||50|,,,,,Psychic]Sneasler||PsychicSeed|Unburden|CloseCombat,DireClaw,ThroatChop,Protect|||F|||50|,,,,,Dark]Ursaluna-Bloodmoon||LifeOrb|MindsEye|BloodMoon,HyperVoice,EarthPower,Protect|||M|||50|,,,,,Normal]Pelipper||FocusSash|Drizzle|Hurricane,WeatherBall,Tailwind,Protect|||M|||50|,,,,,Ghost]Archaludon||AssaultVest|Stamina|ElectroShot,BodyPress,FlashCannon,DracoMeteor|||M|||50|,,,,,Grass]Basculegion||ChoiceBand|SwiftSwim|WaveCrash,LastRespects,FlipTurn,AquaJet|||M|||50|,,,,,Ghost
|
|t:|1756570938
|teamsize|p1|4
|teamsize|p2|4
|start
|switch|p1a: Stinky Pete|Garchomp, L50, M|100/100
|switch|p1b: Chica|Corviknight, L50, F|100/100
|switch|p2a: Indeedee|Indeedee, L50, M|100/100
|switch|p2b: Archaludon|Archaludon, L50, M|100/100
|-fieldstart|move: Psychic Terrain|[from] ability: Psychic Surge|[of] p2a: Indeedee
|turn|1
|
|t:|1756570958
|-terastallize|p1a: Stinky Pete|Ground
|-terastallize|p2b: Archaludon|Grass
|move|p2a: Indeedee|Trick|p1b: Chica
|-activate|p2a: Indeedee|move: Trick|[of] p1b: Chica
|-item|p1b: Chica|Choice Scarf|[from] move: Trick
|-item|p2a: Indeedee|Sitrus Berry|[from] move: Trick
|move|p1a: Stinky Pete|Earthquake|p2b: Archaludon|[spread] p2a,p2b
|-immune|p1b: Chica
|-resisted|p2b: Archaludon
|-damage|p2a: Indeedee|0 fnt
|-damage|p2b: Archaludon|74/100
|-ability|p2b: Archaludon|Stamina|boost
|-boost|p2b: Archaludon|def|1
|faint|p2a: Indeedee
|-damage|p1a: Stinky Pete|91/100|[from] item: Life Orb
|move|p1b: Chica|Tailwind|p1b: Chica
|-sidestart|p1: geardox|move: Tailwind
|move|p2b: Archaludon|Draco Meteor|p1a: Stinky Pete
|-damage|p1a: Stinky Pete|20/100
|-unboost|p2b: Archaludon|spa|2
|
|upkeep
|
|t:|1756570975
|switch|p2a: Pelipper|Pelipper, L50, M|100/100
|-weather|RainDance|[from] ability: Drizzle|[of] p2a: Pelipper
|turn|2
|
|t:|1756570985
|switch|p1b: Big Mo|Archaludon, L50, M|100/100
|move|p1a: Stinky Pete|Protect|p1a: Stinky Pete
|-singleturn|p1a: Stinky Pete|Protect
|move|p2a: Pelipper|Tailwind|p2a: Pelipper
|-sidestart|p2: MinasDevilCrobats|move: Tailwind
|move|p2b: Archaludon|Body Press|p1a: Stinky Pete
|-activate|p1a: Stinky Pete|move: Protect
|
|-weather|RainDance|[upkeep]
|upkeep
|turn|3
|
|t:|1756571021
|switch|p1a: Chica|Corviknight, L50, F|100/100
|move|p1b: Big Mo|Electro Shot||[still]
|-prepare|p1b: Big Mo|Electro Shot
|-boost|p1b: Big Mo|spa|1
|-anim|p1b: Big Mo|Electro Shot|p2a: Pelipper
|-supereffective|p2a: Pelipper
|-enditem|p2a: Pelipper|Focus Sash
|-damage|p2a: Pelipper|1/100
|move|p2a: Pelipper|Weather Ball|p1a: Chica
|-damage|p1a: Chica|49/100
|move|p2b: Archaludon|Body Press|p1b: Big Mo
|-supereffective|p1b: Big Mo
|-crit|p1b: Big Mo
|-damage|p1b: Big Mo|13/100
|-ability|p1b: Big Mo|Stamina|boost
|-boost|p1b: Big Mo|def|1
|
|-weather|RainDance|[upkeep]
|upkeep
|turn|4
|
|t:|1756571061
|move|p2a: Pelipper|Protect|p2a: Pelipper
|-singleturn|p2a: Pelipper|Protect
|move|p1a: Chica|Brave Bird|p2b: Archaludon
|-supereffective|p2b: Archaludon
|-damage|p2b: Archaludon|38/100
|-ability|p2b: Archaludon|Stamina|boost
|-boost|p2b: Archaludon|def|1
|-damage|p1a: Chica|37/100|[from] Recoil
|move|p1b: Big Mo|Flash Cannon|p2a: Pelipper
|-activate|p2a: Pelipper|move: Protect
|move|p2b: Archaludon|Body Press|p1b: Big Mo
|-supereffective|p1b: Big Mo
|-damage|p1b: Big Mo|0 fnt
|faint|p1b: Big Mo
|
|-weather|RainDance|[upkeep]
|-sideend|p1: geardox|move: Tailwind
|upkeep
|
|t:|1756571076
|switch|p1b: Riku|Sneasler, L50, M|100/100
|turn|5
|
|t:|1756571102
|move|p2a: Pelipper|Hurricane|p1b: Riku
|-supereffective|p1b: Riku
|-crit|p1b: Riku
|-enditem|p1b: Riku|Focus Sash
|-damage|p1b: Riku|1/100
|move|p1b: Riku|Dire Claw|p2a: Pelipper
|-damage|p2a: Pelipper|0 fnt
|faint|p2a: Pelipper
|move|p2b: Archaludon|Electro Shot||[still]
|-prepare|p2b: Archaludon|Electro Shot
|-boost|p2b: Archaludon|spa|1
|-anim|p2b: Archaludon|Electro Shot|p1b: Riku
|-damage|p1b: Riku|0 fnt
|faint|p1b: Riku
|move|p1a: Chica|Brave Bird|p2b: Archaludon
|-supereffective|p2b: Archaludon
|-damage|p2b: Archaludon|9/100
|-ability|p2b: Archaludon|Stamina|boost
|-boost|p2b: Archaludon|def|1
|-damage|p1a: Chica|28/100|[from] Recoil
|
|-weather|RainDance|[upkeep]
|-sideend|p2: MinasDevilCrobats|move: Tailwind
|-fieldend|move: Psychic Terrain
|upkeep
|
|t:|1756571121
|switch|p1b: Stinky Pete|Garchomp, L50, M, tera:Ground|20/100
|switch|p2a: Sneasler|Sneasler, L50, F|100/100
|turn|6
|
|t:|1756571161
|move|p2a: Sneasler|Close Combat|p1b: Stinky Pete
|-damage|p1b: Stinky Pete|0 fnt
|-unboost|p2a: Sneasler|def|1
|-unboost|p2a: Sneasler|spd|1
|-damage|p2a: Sneasler|88/100|[from] ability: Rough Skin|[of] p1b: Stinky Pete
|faint|p1b: Stinky Pete
|move|p1a: Chica|Brave Bird|p2a: Sneasler
|-supereffective|p2a: Sneasler
|-damage|p2a: Sneasler|0 fnt
|faint|p2a: Sneasler
|-damage|p1a: Chica|6/100|[from] Recoil
|move|p2b: Archaludon|Electro Shot||[still]
|-prepare|p2b: Archaludon|Electro Shot
|-boost|p2b: Archaludon|spa|1
|-anim|p2b: Archaludon|Electro Shot|p1a: Chica
|-supereffective|p1a: Chica
|-damage|p1a: Chica|0 fnt
|faint|p1a: Chica
|
|win|MinasDevilCrobats
|raw|geardox's rating: 1101 → 1082(-19 for losing)
|raw|MinasDevilCrobats's rating: 1182 → 1201(+19 for winning)
