|j|☆el marto _22
|j|☆c ztjsur
|html|el marto _22c ztjsur    
|uhtml|bestof|Game 1 of a best-of-3
|t:|1782395165
|gametype|doubles
|player|p1|el marto _22|lucas|1110
|player|p2|c ztjsur|red|1000
|gen|9
|tier|[Gen 9 Champions] VGC 2026 Reg M-B (Bo3)
|rated|
|rule|Species Clause: Limit one of each Pokémon
|rule|Item Clause: Limit 1 of each item
|clearpoke
|poke|p1|Crabominable, L50, M|
|poke|p1|Farigiraf, L50, F|
|poke|p1|Sinistcha-Masterpiece, L50|
|poke|p1|Aegislash, L50, F|
|poke|p1|Sylveon, L50, M|
|poke|p1|Blastoise, L50, F|
|poke|p2|Gengar, L50, M|
|poke|p2|Incineroar, L50, M|
|poke|p2|Sinistcha, L50|
|poke|p2|Pelipper, L50, F|
|poke|p2|Archaludon, L50, F|
|poke|p2|Swampert, L50, M|
|teampreview|4
|showteam|p1|Crabominable||Crabominite|HyperCutter|DrainPunch,IceHammer,IronHead,Protect|Brave||M|||50|]Farigiraf||SitrusBerry|ArmorTail|TrickRoom,HelpingHand,Psychic,RainDance|Relaxed||F|||50|]Sinistcha-Masterpiece||Leftovers|Hospitality|TrickRoom,RagePowder,LifeDew,MatchaGotcha|Sassy|||||50|]Aegislash||SpellTag|StanceChange|Poltergeist,IronHead,KingsShield,SacredSword|Sassy||F|||50|]Sylveon||FairyFeather|Pixilate|HyperVoice,WeatherBall,Protect,LightScreen|Sassy||M|||50|]Blastoise||Blastoisinite|Torrent|FakeOut,WaterSpout,FlipTurn,MuddyWater|Quiet||F|||50|
|showteam|p2|Gengar||Gengarite|CursedBody|Protect,SludgeBomb,ShadowBall,Taunt|Timid||M|||50|]Incineroar||SitrusBerry|Intimidate|Protect,FakeOut,PartingShot,FlareBlitz|Adamant||M|||50|]Sinistcha||MentalHerb|Hospitality|Protect,TrickRoom,MatchaGotcha,RagePowder|Modest|||||50|]Pelipper||FocusSash|Drizzle|Protect,Tailwind,WeatherBall,Hurricane|Timid||F|||50|]Archaludon||LifeOrb|Stamina|Protect,ElectroShot,DracoMeteor,FlashCannon|Modest||F|||50|]Swampert||Swampertite|Torrent|Protect,WaveCrash,HighHorsepower,RockSlide|Jolly||M|||50|
|inactive|Battle timer is ON: inactive players will automatically lose when time's up. (requested by el marto _22)
|
|t:|1782395221
|teamsize|p1|4
|teamsize|p2|4
|start
|switch|p1a: Blastoise|Blastoise, L50, F|100/100
|switch|p1b: Farigiraf|Farigiraf, L50, F|100/100
|switch|p2a: Pelipper|Pelipper, L50, F|100/100
|switch|p2b: Archaludon|Archaludon, L50, F|100/100
|-weather|RainDance|[from] ability: Drizzle|[of] p2a: Pelipper
|turn|1
|inactive|c ztjsur has 30 seconds left.
|inactive|c ztjsur has 20 seconds left.
|
|t:|1782395259
|switch|p2b: Gengar|Gengar, L50, M|100/100
|detailschange|p1a: Blastoise|Blastoise-Mega, L50, F
|-mega|p1a: Blastoise|Blastoise|Blastoisinite
|move|p1a: Blastoise|Fake Out|p2b: Gengar
|-immune|p2b: Gengar
|move|p2a: Pelipper|Hurricane|p1a: Blastoise
|-damage|p1a: Blastoise|61/100
|move|p1b: Farigiraf|Trick Room|p1b: Farigiraf
|-fieldstart|move: Trick Room|[of] p1b: Farigiraf
|
|-weather|RainDance|[upkeep]
|upkeep
|turn|2
|
|t:|1782395281
|detailschange|p2b: Gengar|Gengar-Mega, L50, M
|-mega|p2b: Gengar|Gengar|Gengarite
|move|p2a: Pelipper|Protect|p2a: Pelipper
|-singleturn|p2a: Pelipper|Protect
|move|p2b: Gengar|Protect|p2b: Gengar
|-singleturn|p2b: Gengar|Protect
|move|p1b: Farigiraf|Psychic|p2b: Gengar
|-activate|p2b: Gengar|move: Protect
|move|p1a: Blastoise|Muddy Water|p2a: Pelipper|[spread] 
|-activate|p2a: Pelipper|move: Protect
|-activate|p2b: Gengar|move: Protect
|
|-weather|RainDance|[upkeep]
|upkeep
|turn|3
|
|t:|1782395291
|switch|p2b: Archaludon|Archaludon, L50, F|100/100
|move|p1b: Farigiraf|Psychic|p2b: Archaludon
|-resisted|p2b: Archaludon|1
|-damage|p2b: Archaludon|80/100
|-ability|p2b: Archaludon|Stamina|boost
|-boost|p2b: Archaludon|def|1
|move|p1a: Blastoise|Muddy Water|p2a: Pelipper|[spread] p2a,p2b
|-resisted|p2a: Pelipper|1
|-resisted|p2b: Archaludon|1
|-damage|p2a: Pelipper|43/100
|-damage|p2b: Archaludon|43/100
|-ability|p2b: Archaludon|Stamina|boost
|-boost|p2b: Archaludon|def|1
|move|p2a: Pelipper|Hurricane|p1a: Blastoise
|-damage|p1a: Blastoise|22/100
|
|-weather|RainDance|[upkeep]
|upkeep
|turn|4
|inactive|c ztjsur has 30 seconds left.
|
|t:|1782395319
|move|p1b: Farigiraf|Psychic|p2b: Archaludon
|-resisted|p2b: Archaludon|1
|-damage|p2b: Archaludon|20/100y
|-ability|p2b: Archaludon|Stamina|boost
|-boost|p2b: Archaludon|def|1
|move|p1a: Blastoise|Muddy Water|p2a: Pelipper|[spread] p2a,p2b
|-resisted|p2a: Pelipper|1
|-resisted|p2b: Archaludon|1
|-damage|p2a: Pelipper|0 fnt
|-damage|p2b: Archaludon|0 fnt
|faint|p2a: Pelipper
|faint|p2b: Archaludon
|
|-weather|RainDance|[upkeep]
|upkeep
|
|t:|1782395331
|switch|p2b: Gengar|Gengar-Mega, L50, M|100/100
|switch|p2a: Incineroar|Incineroar, L50, M|100/100
|-ability|p2a: Incineroar|Intimidate|boost
|-unboost|p1a: Blastoise|atk|1
|-unboost|p1b: Farigiraf|atk|1
|turn|5
|
|t:|1782395347
|move|p2a: Incineroar|Protect|p2a: Incineroar
|-singleturn|p2a: Incineroar|Protect
|move|p2b: Gengar|Protect|p2b: Gengar
|-singleturn|p2b: Gengar|Protect
|move|p1b: Farigiraf|Psychic|p2b: Gengar
|-activate|p2b: Gengar|move: Protect
|move|p1a: Blastoise|Muddy Water|p2a: Incineroar|[spread] 
|-activate|p2a: Incineroar|move: Protect
|-activate|p2b: Gengar|move: Protect
|
|-weather|none
|-fieldend|move: Trick Room
|upkeep
|turn|6
|inactive|el marto _22 has 30 seconds left.
|inactive|c ztjsur has 30 seconds left.
|
|t:|1782395377
|move|p2b: Gengar|Taunt|p1b: Farigiraf
|-start|p1b: Farigiraf|move: Taunt
|move|p1a: Blastoise|Muddy Water|p2a: Incineroar|[spread] p2a,p2b
|-supereffective|p2a: Incineroar|1
|-damage|p2a: Incineroar|33/100
|-damage|p2b: Gengar|43/100
|-unboost|p2b: Gengar|accuracy|1
|-enditem|p2a: Incineroar|Sitrus Berry|[eat]
|-heal|p2a: Incineroar|58/100|[from] item: Sitrus Berry
|move|p2a: Incineroar|Parting Shot|p1a: Blastoise
|-unboost|p1a: Blastoise|atk|1
|-unboost|p1a: Blastoise|spa|1
|cant|p1b: Farigiraf|move: Taunt|Trick Room
|
|upkeep
|turn|7
|
|t:|1782395397
|move|p2b: Gengar|Protect|p2b: Gengar
|-singleturn|p2b: Gengar|Protect
|move|p1a: Blastoise|Muddy Water|p2a: Incineroar|[spread] p2a
|-activate|p2b: Gengar|move: Protect
|-supereffective|p2a: Incineroar|1
|-damage|p2a: Incineroar|18/100
|move|p2a: Incineroar|Flare Blitz|p1b: Farigiraf
|-damage|p1b: Farigiraf|51/100
|-damage|p2a: Incineroar|1/100|[from] Recoil
|move|p1b: Farigiraf|Psychic|p2b: Gengar
|-activate|p2b: Gengar|move: Protect
|
|upkeep
|turn|8
|-message|c ztjsur forfeited.
|
|win|el marto _22
|l|☆c ztjsur
|player|p2|
|raw|el marto _22's rating: 1110 → 1127(+17 for winning)
|raw|c ztjsur's rating: 1000 → 1000(+0 for losing)
