|j|☆GoofyGifts
|j|☆LaserRL
|html|GoofyGiftsLaserRL    
|uhtml|bestof|Game 2 of a best-of-3
|t:|1757203786
|gametype|doubles
|player|p1|GoofyGifts|blue|
|player|p2|LaserRL|n-masters3|
|gen|9
|tier|[Gen 9] VGC 2025 Reg H (Bo3)
|rule|Species Clause: Limit one of each Pokémon
|rule|Item Clause: Limit 1 of each item
|clearpoke
|poke|p1|Indeedee, L50, M|
|poke|p1|Drifblim, L50, M|
|poke|p1|Volcarona, L50, F|
|poke|p1|Kommo-o, L50, M|
|poke|p1|Toxtricity, L50, M|
|poke|p1|Hydreigon, L50, M|
|poke|p2|Sneasler, L50, M|
|poke|p2|Indeedee, L50, M|
|poke|p2|Volcarona, L50, M|
|poke|p2|Ursaluna-Bloodmoon, L50, M|
|poke|p2|Annihilape, L50, M|
|poke|p2|Tyranitar, L50, M|
|teampreview|4
|showteam|p1|Indeedee||FocusSash|PsychicSurge|ExpandingForce,TeraBlast,Imprison,TrickRoom|||M|||50|,,,,,Ground]Drifblim||PsychicSeed|Unburden|Acrobatics,WillOWisp,StrengthSap,Tailwind|||M|||50|,,,,,Grass]Volcarona||LifeOrb|FlameBody|BugBuzz,HeatWave,TeraBlast,Protect|||F|||50|,,,,,Fairy]Kommo-o||Leftovers|Soundproof|BodyPress,Flamethrower,IronDefense,Protect|||M|||50|,,,,,Fire]Toxtricity||ChoiceSpecs|PunkRock|Overdrive,Boomburst,SludgeBomb,VoltSwitch|||M|||50|,,,,,Normal]Hydreigon||AssaultVest|Levitate|DarkPulse,DracoMeteor,EarthPower,Snarl|||M|||50|,,,,,Ghost
|showteam|p2|Sneasler||PsychicSeed|Unburden|CloseCombat,DireClaw,ThroatChop,Protect|||M|||50|,,,,,Dark]Indeedee||ChoiceScarf|PsychicSurge|ExpandingForce,TeraBlast,Trick,Protect|||M|||50|,,,,,Psychic]Volcarona||SitrusBerry|FlameBody|Overheat,StruggleBug,RagePowder,Tailwind|||M|||50|,,,,,Grass]Ursaluna-Bloodmoon||LifeOrb|MindsEye|BloodMoon,HyperVoice,EarthPower,Protect|||M|||50|,,,,,Normal]Annihilape||SafetyGoggles|Defiant|CloseCombat,RageFist,Taunt,FinalGambit|||M|||50|,,,,,Fairy]Tyranitar||AssaultVest|SandStream|RockSlide,KnockOff,TeraBlast,LowKick|||M|||50|,,,,,Flying
|inactive|Battle timer is ON: inactive players will automatically lose when time's up. (requested by LaserRL)
|inactive|GoofyGifts has 60 seconds left.
|inactive|GoofyGifts has 30 seconds left.
|
|t:|1757203850
|teamsize|p1|4
|teamsize|p2|4
|start
|switch|p1a: Chips|Kommo-o, L50, M|100/100
|switch|p1b: Medic|Drifblim, L50, M|100/100
|switch|p2a: Sneasler|Sneasler, L50, M|100/100
|switch|p2b: Indeedee|Indeedee, L50, M, shiny|100/100
|-fieldstart|move: Psychic Terrain|[from] ability: Psychic Surge|[of] p2b: Indeedee
|-enditem|p2a: Sneasler|Psychic Seed
|-boost|p2a: Sneasler|spd|1|[from] item: Psychic Seed
|-enditem|p1b: Medic|Psychic Seed
|-boost|p1b: Medic|spd|1|[from] item: Psychic Seed
|turn|1
|inactive|GoofyGifts has 30 seconds left.
|inactive|LaserRL has 30 seconds left.
|inactive|GoofyGifts has 20 seconds left.
|inactive|GoofyGifts has 15 seconds left.
|
|t:|1757203894
|switch|p1a: Grooker|Toxtricity, L50, M, shiny|100/100
|move|p2a: Sneasler|Throat Chop|p1b: Medic
|-supereffective|p1b: Medic
|-damage|p1b: Medic|36/100
|-start|p1b: Medic|Throat Chop|[silent]
|move|p1b: Medic|Strength Sap|p2a: Sneasler
|-unboost|p2a: Sneasler|atk|1
|-heal|p1b: Medic|100/100
|move|p2b: Indeedee|Expanding Force|p1b: Medic|[spread] p1a,p1b
|-supereffective|p1a: Grooker
|-damage|p1a: Grooker|0 fnt
|-damage|p1b: Medic|66/100
|faint|p1a: Grooker
|
|upkeep
|
|t:|1757203912
|switch|p1a: Vertnars|Volcarona, L50, F|100/100
|turn|2
|
|t:|1757203932
|-terastallize|p2b: Indeedee|Psychic
|move|p2a: Sneasler|Dire Claw|p1a: Vertnars
|-damage|p1a: Vertnars|54/100
|-status|p2a: Sneasler|brn|[from] ability: Flame Body|[of] p1a: Vertnars
|move|p1b: Medic|Tailwind|p1b: Medic
|-sidestart|p1: GoofyGifts|move: Tailwind
|move|p1a: Vertnars|Heat Wave|p2b: Indeedee|[spread] p2a,p2b
|-damage|p2a: Sneasler|53/100 brn
|-damage|p2b: Indeedee|37/100
|-damage|p1a: Vertnars|45/100|[from] item: Life Orb
|move|p2b: Indeedee|Expanding Force|p1a: Vertnars|[spread] p1a,p1b
|-damage|p1a: Vertnars|0 fnt
|-damage|p1b: Medic|15/100
|faint|p1a: Vertnars
|
|-damage|p2a: Sneasler|47/100 brn|[from] brn
|-end|p1b: Medic|Throat Chop|[silent]
|upkeep
|
|t:|1757203948
|switch|p1a: Chips|Kommo-o, L50, M|100/100
|turn|3
|
|t:|1757203969
|switch|p2b: Volcarona|Volcarona, L50, M, shiny|100/100
|-terastallize|p1a: Chips|Fire
|move|p1b: Medic|Acrobatics|p2a: Sneasler
|-supereffective|p2a: Sneasler
|-damage|p2a: Sneasler|0 fnt
|faint|p2a: Sneasler
|move|p1a: Chips|Flamethrower|p2b: Volcarona
|-damage|p2b: Volcarona|70/100
|
|upkeep
|
|t:|1757203986
|switch|p2a: Annihilape|Annihilape, L50, M, shiny|100/100
|turn|4
|inactive|GoofyGifts has 30 seconds left.
|inactive|LaserRL has 30 seconds left.
|inactive|GoofyGifts has 20 seconds left.
|inactive|GoofyGifts has 15 seconds left.
|
|t:|1757204030
|move|p1a: Chips|Protect|p1a: Chips
|-singleturn|p1a: Chips|Protect
|move|p2b: Volcarona|Rage Powder|p2b: Volcarona
|-singleturn|p2b: Volcarona|move: Rage Powder
|move|p1b: Medic|Strength Sap|p2b: Volcarona
|-unboost|p2b: Volcarona|atk|1
|-heal|p1b: Medic|41/100
|move|p2a: Annihilape|Rage Fist|p1b: Medic
|-supereffective|p1b: Medic
|-damage|p1b: Medic|0 fnt
|faint|p1b: Medic
|
|upkeep
|turn|5
|inactive|GoofyGifts has 30 seconds left.
|
|t:|1757204062
|move|p2b: Volcarona|Rage Powder|p2b: Volcarona
|-singleturn|p2b: Volcarona|move: Rage Powder
|move|p1a: Chips|Body Press|p2b: Volcarona
|-resisted|p2b: Volcarona
|-damage|p2b: Volcarona|44/100
|-enditem|p2b: Volcarona|Sitrus Berry|[eat]
|-heal|p2b: Volcarona|69/100|[from] item: Sitrus Berry
|move|p2a: Annihilape|Close Combat|p1a: Chips
|-damage|p1a: Chips|68/100
|-unboost|p2a: Annihilape|def|1
|-unboost|p2a: Annihilape|spd|1
|
|-heal|p1a: Chips|74/100|[from] item: Leftovers
|-sideend|p1: GoofyGifts|move: Tailwind
|-fieldend|move: Psychic Terrain
|upkeep
|turn|6
|
|t:|1757204080
|move|p2b: Volcarona|Rage Powder|p2b: Volcarona
|-singleturn|p2b: Volcarona|move: Rage Powder
|move|p2a: Annihilape|Close Combat|p1a: Chips
|-damage|p1a: Chips|41/100
|-unboost|p2a: Annihilape|def|1
|-unboost|p2a: Annihilape|spd|1
|move|p1a: Chips|Iron Defense|p1a: Chips
|-boost|p1a: Chips|def|2
|
|-heal|p1a: Chips|47/100|[from] item: Leftovers
|upkeep
|turn|7
|
|t:|1757204100
|move|p1a: Chips|Protect|p1a: Chips
|-singleturn|p1a: Chips|Protect
|move|p2b: Volcarona|Rage Powder|p2b: Volcarona
|-singleturn|p2b: Volcarona|move: Rage Powder
|move|p2a: Annihilape|Final Gambit|p1a: Chips
|-activate|p1a: Chips|move: Protect
|
|-heal|p1a: Chips|53/100|[from] item: Leftovers
|upkeep
|turn|8
|
|t:|1757204110
|move|p2b: Volcarona|Rage Powder|p2b: Volcarona
|-singleturn|p2b: Volcarona|move: Rage Powder
|move|p2a: Annihilape|Final Gambit|p1a: Chips
|-damage|p1a: Chips|0 fnt
|faint|p2a: Annihilape
|faint|p1a: Chips
|
|win|LaserRL
|c|☆LaserRL|ggs
|c|☆GoofyGifts|ggs
