|j|☆fudii
|j|☆Church of Chiyu
|html|fudiiChurch of Chiyu    
|uhtml|bestof|Game 1 of a best-of-3
|t:|1757823062
|gametype|doubles
|player|p1|fudii|dahlia|1172
|player|p2|Church of Chiyu|red|1202
|gen|9
|tier|[Gen 9] VGC 2025 Reg H (Bo3)
|rated|
|rule|Species Clause: Limit one of each Pokémon
|rule|Item Clause: Limit 1 of each item
|clearpoke
|poke|p1|Annihilape, L50, F|
|poke|p1|Sinistcha, L50|
|poke|p1|Maushold-Four, L50|
|poke|p1|Klefki, L50, M|
|poke|p1|Ursaluna-Bloodmoon, L50, M|
|poke|p1|Ninetales-Alola, L50, F|
|poke|p2|Rillaboom, L50, F|
|poke|p2|Incineroar, L50, F|
|poke|p2|Basculegion, L50, M|
|poke|p2|Ninetales-Alola, L50, F|
|poke|p2|Gholdengo, L50|
|poke|p2|Kommo-o, L50, F|
|teampreview|4
|showteam|p1|Annihilape||Leftovers|Defiant|Protect,BulkUp,DrainPunch,RageFist|||F|||50|,,,,,Fire]Sinistcha||SitrusBerry|Hospitality|MatchaGotcha,TrickRoom,LifeDew,RagePowder||||||50|,,,,,Water]Maushold-Four||SafetyGoggles|FriendGuard|FollowMe,Taunt,BeatUp,Protect||||||50|,,,,,Ghost]Klefki||LightClay|Prankster|Reflect,LightScreen,MistyTerrain,DazzlingGleam|||M|||50|,,,,,Ghost]Ursaluna-Bloodmoon||AssaultVest|MindsEye|BloodMoon,HyperVoice,EarthPower,VacuumWave|||M|||50|,,,,,Water]Ninetales-Alola||FocusSash|SnowWarning|Protect,Encore,FreezeDry,Blizzard|||F|||50|,,,,,Ghost
|showteam|p2|Rillaboom||AssaultVest|GrassySurge|DrumBeating,GrassyGlide,KnockOff,FakeOut|||F|||50|,,,,,Ghost]Incineroar||SitrusBerry|Intimidate|KnockOff,FlareBlitz,PartingShot,FakeOut|||F|||50|,,,,,Grass]Basculegion||ChoiceScarf|Adaptability|WaveCrash,LastRespects,FlipTurn,TeraBlast|||M|||50|,,,,,Fighting]Ninetales-Alola||FocusSash|SnowWarning|Blizzard,IcyWind,Encore,Protect|||F|||50|,,,,,Ice]Gholdengo||LifeOrb|GoodasGold|MakeItRain,ShadowBall,NastyPlot,Protect||||||50|,,,,,Water]Kommo-o||Leftovers|Overcoat|BodyPress,Flamethrower,IronDefense,Protect|||F|||50|,,,,,Fire
|
|t:|1757823123
|teamsize|p1|4
|teamsize|p2|4
|start
|switch|p1a: Annihilape|Annihilape, L50, F, shiny|100/100
|switch|p1b: Maushold|Maushold-Four, L50|100/100
|switch|p2a: Basculegion|Basculegion, L50, M|100/100
|switch|p2b: Ninetales|Ninetales-Alola, L50, F|100/100
|-weather|Snowscape|[from] ability: Snow Warning|[of] p2b: Ninetales
|turn|1
|
|t:|1757823149
|move|p1b: Maushold|Follow Me|p1b: Maushold
|-singleturn|p1b: Maushold|move: Follow Me
|move|p2a: Basculegion|Flip Turn|p1b: Maushold
|-damage|p1b: Maushold|47/100
|
|t:|1757823155
|switch|p2a: Rillaboom|Rillaboom, L50, F|100/100|[from] Flip Turn
|-fieldstart|move: Grassy Terrain|[from] ability: Grassy Surge|[of] p2a: Rillaboom
|move|p2b: Ninetales|Blizzard|p1b: Maushold|[spread] p1a,p1b
|-damage|p1a: Annihilape|80/100
|-damage|p1b: Maushold|2/100
|move|p1a: Annihilape|Bulk Up|p1a: Annihilape
|-boost|p1a: Annihilape|atk|1
|-boost|p1a: Annihilape|def|1
|
|-weather|Snowscape|[upkeep]
|-heal|p1b: Maushold|8/100|[from] Grassy Terrain
|-heal|p1a: Annihilape|86/100|[from] Grassy Terrain
|-heal|p1a: Annihilape|92/100|[from] item: Leftovers
|upkeep
|turn|2
|inactive|Battle timer is ON: inactive players will automatically lose when time's up. (requested by Church of Chiyu)
|
|t:|1757823199
|move|p1b: Maushold|Protect|p1b: Maushold
|-singleturn|p1b: Maushold|Protect
|move|p1a: Annihilape|Protect|p1a: Annihilape
|-singleturn|p1a: Annihilape|Protect
|move|p2a: Rillaboom|Grassy Glide|p1b: Maushold
|-activate|p1b: Maushold|move: Protect
|move|p2b: Ninetales|Encore|p1a: Annihilape
|-activate|p1a: Annihilape|move: Protect
|
|-weather|Snowscape|[upkeep]
|-heal|p1b: Maushold|15/100|[from] Grassy Terrain
|-heal|p1a: Annihilape|99/100|[from] Grassy Terrain
|-heal|p1a: Annihilape|100/100|[from] item: Leftovers
|upkeep
|turn|3
|inactive|fudii has 30 seconds left.
|inactive|fudii has 20 seconds left.
|
|t:|1757823236
|switch|p1b: Ninetales|Ninetales-Alola, L50, F, shiny|100/100
|switch|p1a: Sinistcha|Sinistcha, L50|100/100
|move|p2a: Rillaboom|Grassy Glide|p1b: Ninetales
|-damage|p1b: Ninetales|66/100
|move|p2b: Ninetales|Encore||[still]
|-fail|p2b: Ninetales
|
|-weather|Snowscape|[upkeep]
|-heal|p1b: Ninetales|72/100|[from] Grassy Terrain
|upkeep
|turn|4
|
|t:|1757823260
|-terastallize|p1a: Sinistcha|Water
|move|p2b: Ninetales|Blizzard|p1a: Sinistcha|[spread] p1a,p1b
|-resisted|p1a: Sinistcha
|-crit|p1a: Sinistcha
|-resisted|p1b: Ninetales
|-damage|p1a: Sinistcha|75/100
|-damage|p1b: Ninetales|52/100
|move|p1b: Ninetales|Blizzard|p2a: Rillaboom|[spread] p2a,p2b
|-supereffective|p2a: Rillaboom
|-resisted|p2b: Ninetales
|-damage|p2a: Rillaboom|56/100
|-damage|p2b: Ninetales|82/100
|move|p2a: Rillaboom|Knock Off|p1a: Sinistcha
|-damage|p1a: Sinistcha|52/100
|-enditem|p1a: Sinistcha|Sitrus Berry|[from] move: Knock Off|[of] p2a: Rillaboom
|move|p1a: Sinistcha|Matcha Gotcha|p2a: Rillaboom|[spread] p2a,p2b
|-resisted|p2a: Rillaboom
|-damage|p2a: Rillaboom|44/100
|-heal|p1a: Sinistcha|59/100|[from] drain|[of] p2a: Rillaboom
|-damage|p2b: Ninetales|44/100
|-heal|p1a: Sinistcha|75/100|[from] drain|[of] p2b: Ninetales
|-status|p2a: Rillaboom|brn
|
|-weather|Snowscape|[upkeep]
|-heal|p2b: Ninetales|50/100|[from] Grassy Terrain
|-heal|p1b: Ninetales|58/100|[from] Grassy Terrain
|-heal|p2a: Rillaboom|50/100 brn|[from] Grassy Terrain
|-heal|p1a: Sinistcha|81/100|[from] Grassy Terrain
|-damage|p2a: Rillaboom|44/100 brn|[from] brn
|upkeep
|turn|5
|inactive|fudii has 30 seconds left.
|inactive|Church of Chiyu has 30 seconds left.
|
|t:|1757823289
|switch|p2a: Incineroar|Incineroar, L50, F|100/100
|-ability|p2a: Incineroar|Intimidate|boost
|-unboost|p1a: Sinistcha|atk|1
|-unboost|p1b: Ninetales|atk|1
|move|p1b: Ninetales|Blizzard|p2a: Incineroar|[spread] p2a,p2b
|-resisted|p2a: Incineroar
|-resisted|p2b: Ninetales
|-crit|p2b: Ninetales
|-damage|p2a: Incineroar|89/100
|-damage|p2b: Ninetales|23/100
|move|p2b: Ninetales|Blizzard|p1a: Sinistcha|[spread] p1a,p1b
|-resisted|p1a: Sinistcha
|-resisted|p1b: Ninetales
|-crit|p1b: Ninetales
|-damage|p1a: Sinistcha|65/100
|-damage|p1b: Ninetales|29/100
|move|p1a: Sinistcha|Life Dew|p1a: Sinistcha|[spread] p1a,p1b
|-heal|p1a: Sinistcha|90/100
|-heal|p1b: Ninetales|54/100
|
|-weather|none
|-heal|p2b: Ninetales|30/100|[from] Grassy Terrain
|-heal|p1b: Ninetales|60/100|[from] Grassy Terrain
|-heal|p1a: Sinistcha|96/100|[from] Grassy Terrain
|-heal|p2a: Incineroar|95/100|[from] Grassy Terrain
|-fieldend|move: Grassy Terrain
|upkeep
|turn|6
|inactive|fudii has 30 seconds left.
|inactive|Church of Chiyu has 30 seconds left.
|inactive|fudii has 20 seconds left.
|
|t:|1757823326
|move|p1b: Ninetales|Protect|p1b: Ninetales
|-singleturn|p1b: Ninetales|Protect
|move|p2b: Ninetales|Encore|p1a: Sinistcha
|-start|p1a: Sinistcha|Encore
|move|p1a: Sinistcha|Life Dew|p1a: Sinistcha|[spread] p1a,p1b
|-heal|p1a: Sinistcha|100/100
|-heal|p1b: Ninetales|84/100
|move|p2a: Incineroar|Flare Blitz|p1b: Ninetales
|-activate|p1b: Ninetales|move: Protect
|
|upkeep
|turn|7
|
|t:|1757823348
|switch|p1b: Maushold|Maushold-Four, L50|15/100
|switch|p1a: Annihilape|Annihilape, L50, F, shiny|100/100
|move|p2b: Ninetales|Encore||[still]
|-fail|p2b: Ninetales
|move|p2a: Incineroar|Flare Blitz|p1b: Maushold
|-damage|p1b: Maushold|0 fnt
|faint|p1b: Maushold
|-damage|p2a: Incineroar|91/100|[from] Recoil
|
|upkeep
|
|t:|1757823365
|switch|p1b: Sinistcha|Sinistcha, L50, tera:Water|100/100
|turn|8
|
|t:|1757823389
|switch|p2b: Basculegion|Basculegion, L50, M|100/100
|switch|p2a: Rillaboom|Rillaboom, L50, F|44/100 brn
|-fieldstart|move: Grassy Terrain|[from] ability: Grassy Surge|[of] p2a: Rillaboom
|move|p1a: Annihilape|Bulk Up|p1a: Annihilape
|-boost|p1a: Annihilape|atk|1
|-boost|p1a: Annihilape|def|1
|move|p1b: Sinistcha|Matcha Gotcha|p2b: Basculegion|[spread] p2a,p2b
|-resisted|p2a: Rillaboom
|-supereffective|p2b: Basculegion
|-damage|p2a: Rillaboom|32/100 brn
|-damage|p2b: Basculegion|30/100
|
|-heal|p2b: Basculegion|36/100|[from] Grassy Terrain
|-heal|p2a: Rillaboom|38/100 brn|[from] Grassy Terrain
|-damage|p2a: Rillaboom|32/100 brn|[from] brn
|upkeep
|turn|9
|inactive|fudii has 30 seconds left.
|inactive|fudii has 20 seconds left.
|inactive|fudii has 15 seconds left.
|inactive|fudii has 10 seconds left.
|
|t:|1757823434
|move|p2b: Basculegion|Flip Turn|p1b: Sinistcha
|-resisted|p1b: Sinistcha
|-damage|p1b: Sinistcha|85/100
|
|t:|1757823438
|switch|p2b: Ninetales|Ninetales-Alola, L50, F|30/100|[from] Flip Turn
|-weather|Snowscape|[from] ability: Snow Warning|[of] p2b: Ninetales
|move|p1a: Annihilape|Bulk Up|p1a: Annihilape
|-boost|p1a: Annihilape|atk|1
|-boost|p1a: Annihilape|def|1
|move|p2a: Rillaboom|Drum Beating|p1b: Sinistcha
|-supereffective|p1b: Sinistcha
|-damage|p1b: Sinistcha|48/100
|-unboost|p1b: Sinistcha|spe|1
|move|p1b: Sinistcha|Matcha Gotcha|p2a: Rillaboom|[spread] p2a,p2b
|-resisted|p2a: Rillaboom
|-damage|p2a: Rillaboom|19/100 brn
|-heal|p1b: Sinistcha|56/100|[from] drain|[of] p2a: Rillaboom
|-damage|p2b: Ninetales|0 fnt
|-heal|p1b: Sinistcha|68/100|[from] drain|[of] p2b: Ninetales
|faint|p2b: Ninetales
|
|-weather|Snowscape|[upkeep]
|-heal|p2a: Rillaboom|25/100 brn|[from] Grassy Terrain
|-heal|p1b: Sinistcha|74/100|[from] Grassy Terrain
|-damage|p2a: Rillaboom|19/100 brn|[from] brn
|upkeep
|
|t:|1757823458
|switch|p2b: Basculegion|Basculegion, L50, M|36/100
|turn|10
|
|t:|1757823477
|move|p1a: Annihilape|Protect|p1a: Annihilape
|-singleturn|p1a: Annihilape|Protect
|move|p2b: Basculegion|Flip Turn|p1a: Annihilape
|-activate|p1a: Annihilape|move: Protect
|move|p2a: Rillaboom|Drum Beating|p1b: Sinistcha
|-supereffective|p1b: Sinistcha
|-damage|p1b: Sinistcha|35/100
|-unboost|p1b: Sinistcha|spe|1
|move|p1b: Sinistcha|Matcha Gotcha|p2a: Rillaboom|[spread] p2a,p2b
|-resisted|p2a: Rillaboom
|-crit|p2a: Rillaboom
|-supereffective|p2b: Basculegion
|-damage|p2a: Rillaboom|1/100 brn
|-heal|p1b: Sinistcha|44/100|[from] drain|[of] p2a: Rillaboom
|-damage|p2b: Basculegion|0 fnt
|-heal|p1b: Sinistcha|64/100|[from] drain|[of] p2b: Basculegion
|faint|p2b: Basculegion
|
|-weather|Snowscape|[upkeep]
|-heal|p2a: Rillaboom|7/100 brn|[from] Grassy Terrain
|-heal|p1b: Sinistcha|70/100|[from] Grassy Terrain
|-damage|p2a: Rillaboom|1/100 brn|[from] brn
|upkeep
|-message|Church of Chiyu forfeited.
|
|win|fudii
