|j|☆Inteligent8pro
|j|☆hawaiianshaymin
|html|Inteligent8prohawaiianshaymin    
|uhtml|bestof|Game 2 of a best-of-3
|t:|1786116241
|gametype|doubles
|player|p1|Inteligent8pro|elesa|1205
|player|p2|hawaiianshaymin|169|1071
|gen|9
|tier|[Gen 9 Champions] VGC 2026 Reg M-B (Bo3)
|rated|
|rule|Species Clause: Limit one of each Pokémon
|rule|Item Clause: Limit 1 of each item
|clearpoke
|poke|p1|Blaziken, L50, M|
|poke|p1|Venusaur, L50, F|
|poke|p1|Kingambit, L50, F|
|poke|p1|Ninetales-Alola, L50, M|
|poke|p1|Lycanroc-Dusk, L50, M|
|poke|p1|Basculegion, L50, M|
|poke|p2|Staraptor, L50, M|
|poke|p2|Gholdengo, L50|
|poke|p2|Talonflame, L50, M|
|poke|p2|Sinistcha, L50|
|poke|p2|Grimmsnarl, L50, M|
|poke|p2|Sneasler, L50, M|
|teampreview|4
|showteam|p1|Blaziken||Blazikenite|SpeedBoost|FlareBlitz,CloseCombat,RockSlide,Detect|Adamant||M|||50|]Venusaur||Venusaurite|Chlorophyll|GigaDrain,SludgeBomb,EarthPower,Protect|Modest||F|||50|]Kingambit||LifeOrb|Defiant|KowtowCleave,SuckerPunch,IronHead,Protect|Adamant||F|||50|]Ninetales-Alola||NeverMeltIce|SnowWarning|Blizzard,FreezeDry,Encore,Protect|Timid||M|||50|]Lycanroc-Dusk||FocusSash|ToughClaws|RockSlide,Accelerock,CloseCombat,Protect|Adamant||M|||50|]Basculegion||ChoiceScarf|Adaptability|LastRespects,WaveCrash,AquaJet,FlipTurn|Jolly||M|||50|
|showteam|p2|Staraptor||Staraptite|Intimidate|CloseCombat,BraveBird,Roost,Protect|Adamant||M|||50|]Gholdengo||LifeOrb|GoodasGold|MakeItRain,ShadowBall,NastyPlot,Protect|Modest|||||50|]Talonflame||FocusSash|GaleWings|Tailwind,DualWingbeat,WillOWisp,Protect|Jolly||M|||50|]Sinistcha||KasibBerry|Hospitality|MatchaGotcha,RagePowder,Imprison,TrickRoom|Bold|||||50|]Grimmsnarl||LightClay|Prankster|ThroatChop,LightScreen,Reflect,PartingShot|Careful||M|||50|]Sneasler||WhiteHerb|Unburden|FakeOut,CloseCombat,DireClaw,Protect|Adamant||M|||50|
|inactive|Battle timer is ON: inactive players will automatically lose when time's up. (requested by hawaiianshaymin)
|
|t:|1786116288
|teamsize|p1|4
|teamsize|p2|4
|start
|switch|p1a: Blaziken|Blaziken, L50, M|100/100
|switch|p1b: Basculegion|Basculegion, L50, M|100/100
|switch|p2a: Grimmsnarl|Grimmsnarl, L50, M|100/100
|switch|p2b: Staraptor|Staraptor, L50, M|100/100
|-ability|p2b: Staraptor|Intimidate|boost
|-unboost|p1a: Blaziken|atk|1
|-unboost|p1b: Basculegion|atk|1
|turn|1
|inactive|Inteligent8pro has 30 seconds left.
|inactive|Inteligent8pro has 20 seconds left.
|
|t:|1786116324
|detailschange|p2b: Staraptor|Staraptor-Mega, L50, M
|-mega|p2b: Staraptor|Staraptor|Staraptite
|detailschange|p1a: Blaziken|Blaziken-Mega, L50, M
|-mega|p1a: Blaziken|Blaziken|Blazikenite
|move|p1a: Blaziken|Detect|p1a: Blaziken
|-singleturn|p1a: Blaziken|Protect
|move|p2a: Grimmsnarl|Reflect|p2a: Grimmsnarl
|-sidestart|p2: hawaiianshaymin|Reflect
|move|p1b: Basculegion|Wave Crash|p2a: Grimmsnarl
|-damage|p2a: Grimmsnarl|66/100
|-damage|p1b: Basculegion|88/100|[from] Recoil
|move|p2b: Staraptor|Close Combat|p1b: Basculegion
|-immune|p1b: Basculegion
|
|-ability|p1a: Blaziken|Speed Boost|boost
|-boost|p1a: Blaziken|spe|1
|upkeep
|turn|2
|
|t:|1786116344
|move|p1a: Blaziken|Flare Blitz|p2b: Staraptor
|-damage|p2b: Staraptor|63/100
|-damage|p1a: Blaziken|87/100|[from] Recoil
|move|p1b: Basculegion|Wave Crash|p2b: Staraptor
|-damage|p2b: Staraptor|32/100
|-damage|p1b: Basculegion|79/100|[from] Recoil
|move|p2b: Staraptor|Close Combat|p1a: Blaziken
|-damage|p1a: Blaziken|7/100
|-boost|p2b: Staraptor|def|1
|-boost|p2b: Staraptor|spd|1
|move|p2a: Grimmsnarl|Throat Chop|p1b: Basculegion
|-supereffective|p1b: Basculegion|1
|-damage|p1b: Basculegion|11/100
|-start|p1b: Basculegion|Throat Chop|[silent]
|
|-ability|p1a: Blaziken|Speed Boost|boost
|-boost|p1a: Blaziken|spe|1
|upkeep
|turn|3
|inactive|hawaiianshaymin has 30 seconds left.
|
|t:|1786116369
|move|p2b: Staraptor|Protect|p2b: Staraptor
|-singleturn|p2b: Staraptor|Protect
|move|p1a: Blaziken|Rock Slide|p2a: Grimmsnarl|[spread] p2a
|-activate|p2b: Staraptor|move: Protect
|-damage|p2a: Grimmsnarl|56/100
|move|p1b: Basculegion|Wave Crash|p2b: Staraptor
|-activate|p2b: Staraptor|move: Protect
|move|p2a: Grimmsnarl|Throat Chop|p1b: Basculegion
|-supereffective|p1b: Basculegion|1
|-damage|p1b: Basculegion|0 fnt
|faint|p1b: Basculegion
|
|-ability|p1a: Blaziken|Speed Boost|boost
|-boost|p1a: Blaziken|spe|1
|upkeep
|
|t:|1786116388
|switch|p1b: Kingambit|Kingambit, L50, F|100/100
|turn|4
|inactive|Inteligent8pro has 30 seconds left.
|
|t:|1786116414
|move|p2a: Grimmsnarl|Parting Shot|p1a: Blaziken
|-unboost|p1a: Blaziken|atk|1
|-unboost|p1a: Blaziken|spa|1
|
|t:|1786116422
|switch|p2a: Gholdengo|Gholdengo, L50|100/100|[from] Parting Shot
|move|p1b: Kingambit|Sucker Punch||[still]
|-fail|p1b: Kingambit
|move|p1a: Blaziken|Flare Blitz|p2b: Staraptor
|-damage|p2b: Staraptor|14/100
|-damage|p1a: Blaziken|1/100|[from] Recoil
|move|p2b: Staraptor|Roost|p2b: Staraptor
|-heal|p2b: Staraptor|64/100
|-singleturn|p2b: Staraptor|move: Roost
|
|-ability|p1a: Blaziken|Speed Boost|boost
|-boost|p1a: Blaziken|spe|1
|upkeep
|turn|5
|inactive|Inteligent8pro has 30 seconds left.
|inactive|hawaiianshaymin has 30 seconds left.
|inactive|Inteligent8pro has 20 seconds left.
|inactive|Inteligent8pro has 15 seconds left.
|inactive|hawaiianshaymin has 20 seconds left.
|inactive|Inteligent8pro has 10 seconds left.
|
|t:|1786116475
|switch|p1a: Lycanroc|Lycanroc-Dusk, L50, M|100/100
|switch|p2a: Grimmsnarl|Grimmsnarl, L50, M|56/100
|move|p1b: Kingambit|Sucker Punch||[still]
|-fail|p1b: Kingambit
|move|p2b: Staraptor|Close Combat|p1b: Kingambit
|-supereffective|p1b: Kingambit|2
|-damage|p1b: Kingambit|0 fnt
|-boost|p2b: Staraptor|def|1
|-boost|p2b: Staraptor|spd|1
|faint|p1b: Kingambit
|
|upkeep
|
|t:|1786116486
|switch|p1b: Blaziken|Blaziken-Mega, L50, M|1/100
|turn|6
|
|t:|1786116505
|move|p1a: Lycanroc|Accelerock|p2b: Staraptor
|-damage|p2b: Staraptor|54/100
|move|p2a: Grimmsnarl|Parting Shot|p1a: Lycanroc
|-unboost|p1a: Lycanroc|atk|1
|-unboost|p1a: Lycanroc|spa|1
|
|t:|1786116510
|switch|p2a: Gholdengo|Gholdengo, L50|100/100|[from] Parting Shot
|move|p2b: Staraptor|Close Combat|p1b: Blaziken
|-damage|p1b: Blaziken|0 fnt
|-boost|p2b: Staraptor|def|1
|-boost|p2b: Staraptor|spd|1
|faint|p1b: Blaziken
|
|upkeep
|turn|7
|
|t:|1786116523
|move|p1a: Lycanroc|Accelerock|p2b: Staraptor
|-damage|p2b: Staraptor|48/100
|move|p2b: Staraptor|Close Combat|p1a: Lycanroc
|-supereffective|p1a: Lycanroc|1
|-enditem|p1a: Lycanroc|Focus Sash
|-damage|p1a: Lycanroc|1/100
|-boost|p2b: Staraptor|def|1
|-boost|p2b: Staraptor|spd|1
|move|p2a: Gholdengo|Shadow Ball|p1a: Lycanroc
|-damage|p1a: Lycanroc|0 fnt
|faint|p1a: Lycanroc
|-damage|p2a: Gholdengo|90/100|[from] item: Life Orb
|
|win|hawaiianshaymin
