|j|☆BierSV
|j|☆gostzin
|html|BierSVgostzin    
|uhtml|bestof|Game 2 of a best-of-3
|t:|1756172042
|gametype|doubles
|player|p1|BierSV|lance|
|player|p2|gostzin|102|
|gen|9
|tier|[Gen 9] VGC 2025 Reg H (Bo3)
|rule|Species Clause: Limit one of each Pokémon
|rule|Item Clause: Limit 1 of each item
|clearpoke
|poke|p1|Sneasler, L50, M|
|poke|p1|Electabuzz, L50, M|
|poke|p1|Rillaboom, L50, F|
|poke|p1|Volcarona, L50, F|
|poke|p1|Dragonite, L50, M|
|poke|p1|Gholdengo, L50|
|poke|p2|Incineroar, L50, M|
|poke|p2|Volcarona, L50, F|
|poke|p2|Amoonguss, L50, F|
|poke|p2|Ninetales-Alola, L50, M|
|poke|p2|Ursaluna-Bloodmoon, L50, M|
|poke|p2|Kingambit, L50, M|
|teampreview|4
|showteam|p1|Sneasler||FocusSash|PoisonTouch|CloseCombat,DireClaw,ThroatChop,FakeOut|||M|||50|,,,,,Stellar]Electabuzz||Eviolite|VitalSpirit|FollowMe,Electroweb,Taunt,Protect|||M|||50|,,,,,Ghost]Rillaboom||AssaultVest|GrassySurge|WoodHammer,GrassyGlide,HighHorsepower,FakeOut|||F|||50|,,,,,Fire]Volcarona||Leftovers|FlameBody|Protect,QuiverDance,HeatWave,TeraBlast|||F|||50|,,,,,Fairy]Dragonite||LoadedDice|Multiscale|Protect,ExtremeSpeed,Haze,ScaleShot|||M|||50|,,,,,Fairy]Gholdengo||LifeOrb|GoodasGold|MakeItRain,ShadowBall,NastyPlot,Protect||||||50|,,,,,Water
|showteam|p2|Incineroar||SafetyGoggles|Intimidate|WillOWisp,FakeOut,Taunt,KnockOff|||M|||50|,,,,,Ghost]Volcarona||CovertCloak|FlameBody|QuiverDance,FieryDance,GigaDrain,Protect|||F|||50|,,,,,Fairy]Amoonguss||RockyHelmet|Regenerator|Spore,ClearSmog,PollenPuff,RagePowder|||F|||50|,,,,,Water]Ninetales-Alola||FocusSash|SnowWarning|Blizzard,FreezeDry,IcyWind,AuroraVeil|||M|||50|,,,,,Ghost]Ursaluna-Bloodmoon||AssaultVest|MindsEye|BloodMoon,EarthPower,HyperVoice,VacuumWave|||M|||50|,,,,,Ghost]Kingambit||BlackGlasses|Defiant|SuckerPunch,Protect,KowtowCleave,SwordsDance|||M|||50|,,,,,Dark
|j| janmartinez
|inactive|Battle timer is ON: inactive players will automatically lose when time's up. (requested by gostzin)
|j| wonderfulnewghost
|j| int shinji
|j| DoubleBad17
|j| kiminha17
|j| moreiraxyz07
|
|t:|1756172067
|teamsize|p1|4
|teamsize|p2|4
|start
|switch|p1a: Electabuzz|Electabuzz, L50, M|100/100
|switch|p1b: Volcarona|Volcarona, L50, F|100/100
|switch|p2a: Ursaluna|Ursaluna-Bloodmoon, L50, M|100/100
|switch|p2b: Incineroar|Incineroar, L50, M, shiny|100/100
|-ability|p2b: Incineroar|Intimidate|boost
|-unboost|p1a: Electabuzz|atk|1
|-unboost|p1b: Volcarona|atk|1
|turn|1
|j| tapadelunala
|j| LuSante
|
|t:|1756172087
|move|p1a: Electabuzz|Protect|p1a: Electabuzz
|-singleturn|p1a: Electabuzz|Protect
|move|p1b: Volcarona|Protect|p1b: Volcarona
|-singleturn|p1b: Volcarona|Protect
|move|p2b: Incineroar|Fake Out|p1b: Volcarona
|-activate|p1b: Volcarona|move: Protect
|move|p2a: Ursaluna|Earth Power|p1a: Electabuzz
|-activate|p1a: Electabuzz|move: Protect
|
|upkeep
|turn|2
|
|t:|1756172111
|-terastallize|p1b: Volcarona|Fairy
|move|p1a: Electabuzz|Taunt|p2b: Incineroar
|-start|p2b: Incineroar|move: Taunt
|move|p1b: Volcarona|Quiver Dance|p1b: Volcarona
|-boost|p1b: Volcarona|spa|1
|-boost|p1b: Volcarona|spd|1
|-boost|p1b: Volcarona|spe|1
|move|p2b: Incineroar|Knock Off|p1b: Volcarona
|-resisted|p1b: Volcarona
|-damage|p1b: Volcarona|79/100
|-enditem|p1b: Volcarona|Leftovers|[from] move: Knock Off|[of] p2b: Incineroar
|move|p2a: Ursaluna|Earth Power|p1a: Electabuzz
|-supereffective|p1a: Electabuzz
|-damage|p1a: Electabuzz|9/100
|
|upkeep
|turn|3
|inactive|BierSV has 30 seconds left.
|inactive|BierSV has 20 seconds left.
|inactive|BierSV has 15 seconds left.
|inactive|gostzin has 30 seconds left.
|j| drd0712
|
|t:|1756172159
|move|p1a: Electabuzz|Follow Me|p1a: Electabuzz
|-singleturn|p1a: Electabuzz|move: Follow Me
|move|p1b: Volcarona|Heat Wave|p2a: Ursaluna|[spread] p2a,p2b
|-resisted|p2b: Incineroar
|-damage|p2a: Ursaluna|66/100
|-damage|p2b: Incineroar|77/100
|move|p2b: Incineroar|Knock Off|p1a: Electabuzz
|-damage|p1a: Electabuzz|0 fnt
|-enditem|p1a: Electabuzz|Eviolite|[from] move: Knock Off|[of] p2b: Incineroar
|faint|p1a: Electabuzz
|move|p2a: Ursaluna|Hyper Voice|p1b: Volcarona
|-damage|p1b: Volcarona|47/100
|
|upkeep
|
|t:|1756172171
|switch|p1a: Sneasler|Sneasler, L50, M|100/100
|turn|4
|inactive|gostzin has 30 seconds left.
|inactive|gostzin has 20 seconds left.
|inactive|gostzin has 15 seconds left.
|
|t:|1756172212
|-terastallize|p2a: Ursaluna|Ghost
|move|p1b: Volcarona|Quiver Dance|p1b: Volcarona
|-boost|p1b: Volcarona|spa|1
|-boost|p1b: Volcarona|spd|1
|-boost|p1b: Volcarona|spe|1
|move|p1a: Sneasler|Close Combat|p2b: Incineroar
|-supereffective|p2b: Incineroar
|-damage|p2b: Incineroar|0 fnt
|-unboost|p1a: Sneasler|def|1
|-unboost|p1a: Sneasler|spd|1
|faint|p2b: Incineroar
|move|p2a: Ursaluna|Hyper Voice|p1b: Volcarona|[spread] p1a,p1b
|-damage|p1a: Sneasler|24/100
|-damage|p1b: Volcarona|30/100
|
|upkeep
|
|t:|1756172226
|switch|p2b: Kingambit|Kingambit, L50, M, shiny|100/100
|turn|5
|inactive|gostzin has 30 seconds left.
|
|t:|1756172262
|move|p2b: Kingambit|Sucker Punch|p1a: Sneasler
|-resisted|p1a: Sneasler
|-damage|p1a: Sneasler|0 fnt
|faint|p1a: Sneasler
|move|p1b: Volcarona|Tera Blast|p2a: Ursaluna|[anim] Tera Blast Fairy
|-damage|p2a: Ursaluna|12/100
|move|p2a: Ursaluna|Hyper Voice|p1b: Volcarona
|-damage|p1b: Volcarona|6/100
|
|upkeep
|
|t:|1756172270
|switch|p1a: Dragonite|Dragonite, L50, M|100/100
|turn|6
|j| bolow
|inactive|BierSV has 30 seconds left.
|
|t:|1756172302
|move|p2b: Kingambit|Sucker Punch|p1b: Volcarona
|-resisted|p1b: Volcarona
|-damage|p1b: Volcarona|0 fnt
|faint|p1b: Volcarona
|move|p1a: Dragonite|Scale Shot|p2a: Ursaluna
|-damage|p2a: Ursaluna|1/100
|-damage|p2a: Ursaluna|0 fnt
|faint|p2a: Ursaluna
|-hitcount|p2: Ursaluna|2
|-unboost|p1a: Dragonite|def|1
|-boost|p1a: Dragonite|spe|1
|
|upkeep
|
|t:|1756172312
|switch|p2a: Ninetales|Ninetales-Alola, L50, M, shiny|100/100
|-weather|Snowscape|[from] ability: Snow Warning|[of] p2a: Ninetales
|turn|7
|-message|BierSV forfeited.
|
|win|gostzin
||gostzin is ready for game 3.
||BierSV is ready for game 3.
|uhtml|next|Next: Game 3 of 3
|l| tapadelunala
|l| bolow
|l| LuSante
|j| tapadelunala
|j| bolow
|l| tapadelunala
|l| bolow
|j| bolow
|l| bolow
|j| bolow
|l| bolow
|j| bolow
|l| bolow
|l| moreiraxyz07
|l| drd0712
|l| int shinji
|l| janmartinez
|l| kiminha17
|l| wonderfulnewghost
|j| bolow
