|j|☆ByFrost13
|j|☆thegreatestnone
|html|ByFrost13thegreatestnone    
|uhtml|bestof|Game 1 of a best-of-3
|t:|1785109980
|gametype|doubles
|player|p1|ByFrost13|birdkeeper|1000
|player|p2|thegreatestnone|170|1109
|gen|9
|tier|[Gen 9 Champions] VGC 2026 Reg M-B (Bo3)
|rated|
|rule|Species Clause: Limit one of each Pokémon
|rule|Item Clause: Limit 1 of each item
|clearpoke
|poke|p1|Scovillain, L50, M|
|poke|p1|Farigiraf, L50, F|
|poke|p1|Clawitzer, L50, F, shiny|
|poke|p1|Skeledirge, L50, F|
|poke|p1|Lycanroc-Dusk, L50, M|
|poke|p1|Gallade, L50, M|
|poke|p2|Staraptor, L50, M|
|poke|p2|Vanilluxe, L50, F|
|poke|p2|Farigiraf, L50, M|
|poke|p2|Blastoise, L50, F|
|poke|p2|Kingambit, L50, F|
|poke|p2|Camerupt, L50, F|
|teampreview|4
|showteam|p1|Scovillain||Scovillainite|Moody|Flamethrower,LeechSeed,RagePowder,GigaDrain|Quiet||M|||50|]Farigiraf||SitrusBerry|ArmorTail|Psychic,Thunderbolt,Protect,TrickRoom|Relaxed||F|||50|]Clawitzer||LifeOrb|MegaLauncher|IceBeam,AuraSphere,WaterPulse,Protect|Quiet||F|||50|]Skeledirge||QuickClaw|Unaware|TorchSong,HeatWave,Protect,ShadowBall|Quiet||F|||50|]Lycanroc-Dusk||FocusSash|ToughClaws|Accelerock,RockSlide,Protect,CloseCombat|Adamant||M|||50|]Gallade||ExpertBelt|Sharpness|SacredSword,PsychoCut,XScissor,Protect|Brave||M|||50|
|showteam|p2|Staraptor||ChoiceScarf|Intimidate|FinalGambit,BraveBird,CloseCombat,Uturn|Jolly||M|||50|]Vanilluxe||NeverMeltIce|SnowWarning|Blizzard,FreezeDry,Protect,IceShard|Quiet||F|||50|]Farigiraf||SitrusBerry|ArmorTail|PsychicFangs,HyperVoice,HelpingHand,TrickRoom|Relaxed||M|||50|]Blastoise||Blastoisinite|RainDish|FakeOut,WaterSpout,AuraSphere,DarkPulse|Quiet||F|||50|]Kingambit||LifeOrb|Defiant|KowtowCleave,IronHead,Protect,SuckerPunch|Brave||F|||50|]Camerupt||Cameruptite|SolidRock|HeatWave,EarthPower,Protect,AncientPower|Quiet||F|||50|
|inactive|Battle timer is ON: inactive players will automatically lose when time's up. (requested by ByFrost13)
|
|t:|1785110084
|teamsize|p1|4
|teamsize|p2|4
|start
|switch|p1a: Farigiraf|Farigiraf, L50, F|100/100
|switch|p1b: Gallade|Gallade, L50, M|100/100
|switch|p2a: Farigiraf|Farigiraf, L50, M|100/100
|switch|p2b: Blastoise|Blastoise, L50, F|100/100
|turn|1
|
|t:|1785110102
|move|p1b: Gallade|X-Scissor|p2a: Farigiraf
|-supereffective|p2a: Farigiraf|1
|-damage|p2a: Farigiraf|18/100
|-enditem|p2a: Farigiraf|Sitrus Berry|[eat]
|-heal|p2a: Farigiraf|43/100|[from] item: Sitrus Berry
|move|p2b: Blastoise|Dark Pulse|p1a: Farigiraf
|-supereffective|p1a: Farigiraf|1
|-damage|p1a: Farigiraf|45/100
|-enditem|p1a: Farigiraf|Sitrus Berry|[eat]
|-heal|p1a: Farigiraf|70/100|[from] item: Sitrus Berry
|move|p1a: Farigiraf|Thunderbolt|p2b: Blastoise
|-supereffective|p2b: Blastoise|1
|-damage|p2b: Blastoise|55/100
|move|p2a: Farigiraf|Psychic Fangs|p1b: Gallade
|-damage|p1b: Gallade|60/100
|
|upkeep
|turn|2
|
|t:|1785110126
|move|p1b: Gallade|Sacred Sword|p2b: Blastoise
|-damage|p2b: Blastoise|0 fnt
|faint|p2b: Blastoise
|move|p1a: Farigiraf|Thunderbolt|p2a: Farigiraf
|-damage|p2a: Farigiraf|24/100
|move|p2a: Farigiraf|Psychic Fangs|p1b: Gallade
|-damage|p1b: Gallade|21/100
|
|upkeep
|
|t:|1785110139
|switch|p2b: Camerupt|Camerupt, L50, F|100/100
|turn|3
|
|t:|1785110146
|detailschange|p2b: Camerupt|Camerupt-Mega, L50, F
|-mega|p2b: Camerupt|Camerupt|Cameruptite
|move|p1b: Gallade|X-Scissor|p2a: Farigiraf
|-supereffective|p2a: Farigiraf|1
|-damage|p2a: Farigiraf|0 fnt
|faint|p2a: Farigiraf
|move|p1a: Farigiraf|Psychic|p2b: Camerupt
|-damage|p2b: Camerupt|69/100
|-unboost|p2b: Camerupt|spd|1
|move|p2b: Camerupt|Heat Wave|p1a: Farigiraf|[spread] p1a,p1b
|-damage|p1a: Farigiraf|5/100
|-damage|p1b: Gallade|0 fnt
|faint|p1b: Gallade
|
|upkeep
|
|t:|1785110161
|switch|p1b: Skeledirge|Skeledirge, L50, F|100/100
|switch|p2a: Kingambit|Kingambit, L50, F|100/100
|turn|4
|-activate|p1b: Skeledirge|item: Quick Claw
|
|t:|1785110170
|move|p1a: Farigiraf|Protect|p1a: Farigiraf
|-singleturn|p1a: Farigiraf|Protect
|move|p1b: Skeledirge|Torch Song|p2a: Kingambit
|-supereffective|p2a: Kingambit|1
|-damage|p2a: Kingambit|32/100
|-boost|p1b: Skeledirge|spa|1
|move|p2a: Kingambit|Kowtow Cleave|p1b: Skeledirge
|-supereffective|p1b: Skeledirge|1
|-damage|p1b: Skeledirge|0 fnt
|faint|p1b: Skeledirge
|-damage|p2a: Kingambit|22/100|[from] item: Life Orb
|move|p2b: Camerupt|Heat Wave|p1a: Farigiraf
|-activate|p1a: Farigiraf|move: Protect
|
|upkeep
|
|t:|1785110187
|switch|p1b: Scovillain|Scovillain, L50, M|100/100
|turn|5
|
|t:|1785110200
|detailschange|p1b: Scovillain|Scovillain-Mega, L50, M
|-mega|p1b: Scovillain|Scovillain|Scovillainite
|move|p1b: Scovillain|Giga Drain|p2b: Camerupt
|-damage|p2b: Camerupt|11/100
|move|p1a: Farigiraf|Psychic|p2b: Camerupt
|-crit|p2b: Camerupt
|-damage|p2b: Camerupt|0 fnt
|faint|p2b: Camerupt
|move|p2a: Kingambit|Kowtow Cleave|p1a: Farigiraf
|-supereffective|p1a: Farigiraf|1
|-damage|p1a: Farigiraf|0 fnt
|faint|p1a: Farigiraf
|-damage|p2a: Kingambit|13/100|[from] item: Life Orb
|
|upkeep
|turn|6
|
|t:|1785110217
|move|p2a: Kingambit|Sucker Punch|p1b: Scovillain
|-damage|p1b: Scovillain|19/100
|-status|p2a: Kingambit|brn|[from] ability: Spicy Spray|[of] p1b: Scovillain
|-damage|p2a: Kingambit|3/100 brn|[from] item: Life Orb
|move|p1b: Scovillain|Flamethrower|p2a: Kingambit
|-supereffective|p2a: Kingambit|1
|-damage|p2a: Kingambit|0 fnt
|faint|p2a: Kingambit
|
|win|ByFrost13
||thegreatestnone is ready for game 2.
|inactive|ByFrost13 has 30 seconds to confirm battle start!
||ByFrost13 is ready for game 2.
|uhtml|next|Next: Game 2 of 3
|l|☆thegreatestnone
|player|p2|
|l|☆ByFrost13
|player|p1|
|j|☆ByFrost13
|player|p1|ByFrost13|birdkeeper|
