|j|☆RouletteRegional
|j|☆happymuffintime
|html|RouletteRegionalhappymuffintime    
|uhtml|bestof|Game 1 of a best-of-3
|t:|1783728801
|gametype|doubles
|player|p1|RouletteRegional|lance|1428
|player|p2|happymuffintime|cynthia|1281
|gen|9
|tier|[Gen 9 Champions] VGC 2026 Reg M-B (Bo3)
|rated|
|rule|Species Clause: Limit one of each Pokémon
|rule|Item Clause: Limit 1 of each item
|clearpoke
|poke|p1|Sneasler, L50, F|
|poke|p1|Incineroar, L50, M|
|poke|p1|Sinistcha, L50|
|poke|p1|Blastoise, L50, M|
|poke|p1|Delphox, L50, M|
|poke|p1|Maushold, L50|
|poke|p2|Ceruledge, L50, M|
|poke|p2|Milotic, L50, F, shiny|
|poke|p2|Kingambit, L50, F|
|poke|p2|Sinistcha, L50|
|poke|p2|Staraptor, L50, F|
|poke|p2|Raichu, L50, F|
|teampreview|4
|showteam|p1|Sneasler||WhiteHerb|PoisonTouch|GunkShot,CloseCombat,FakeOut,Protect|Jolly||F|||50|]Incineroar||SitrusBerry|Intimidate|FlareBlitz,ThroatChop,PartingShot,FakeOut|Impish||M|||50|]Sinistcha||KasibBerry|Hospitality|MatchaGotcha,RagePowder,LifeDew,Protect|Relaxed|||||50|]Blastoise||Blastoisinite|RainDish|WaterSpout,DarkPulse,ShellSmash,Protect|Modest||M|||50|]Delphox||Delphoxite|Blaze|HeatWave,Psyshock,NastyPlot,Protect|Modest||M|||50|]Maushold||FocusSash|FriendGuard|SuperFang,Feint,FollowMe,Protect|Jolly|||||50|
|showteam|p2|Ceruledge||SitrusBerry|FlashFire|BitterBlade,ShadowSneak,BulkUp,Protect|Adamant||M|||50|]Milotic||Leftovers|Competitive|MuddyWater,Coil,Protect,Hypnosis|Bold||F|||50|]Kingambit||BlackGlasses|Defiant|KowtowCleave,SuckerPunch,SwordsDance,Protect|Jolly||F|||50|]Sinistcha||OccaBerry|Hospitality|MatchaGotcha,RagePowder,TrickRoom,LifeDew|Calm|||||50|]Staraptor||Staraptite|Reckless|CloseCombat,BraveBird,Tailwind,Protect|Jolly||F|||50|]Raichu||RaichuniteY|LightningRod|ZapCannon,FocusBlast,FakeOut,Protect|Hasty||F|||50|
|inactive|Battle timer is ON: inactive players will automatically lose when time's up. (requested by happymuffintime)
|
|t:|1783728855
|teamsize|p1|4
|teamsize|p2|4
|start
|switch|p1a: Blastoise|Blastoise, L50, M|100/100
|switch|p1b: Maushold|Maushold, L50|100/100
|switch|p2a: Raichu|Raichu, L50, F|100/100
|switch|p2b: Milotic|Milotic, L50, F, shiny|100/100
|turn|1
|
|t:|1783728876
|detailschange|p2a: Raichu|Raichu-Mega-Y, L50, F
|-mega|p2a: Raichu|Raichu|Raichunite Y
|detailschange|p1a: Blastoise|Blastoise-Mega, L50, M
|-mega|p1a: Blastoise|Blastoise|Blastoisinite
|move|p1a: Blastoise|Protect|p1a: Blastoise
|-singleturn|p1a: Blastoise|Protect
|move|p2a: Raichu|Fake Out|p1b: Maushold
|-damage|p1b: Maushold|87/100
|cant|p1b: Maushold|flinch
|move|p2b: Milotic|Coil|p2b: Milotic
|-boost|p2b: Milotic|atk|1
|-boost|p2b: Milotic|def|1
|-boost|p2b: Milotic|accuracy|1
|
|upkeep
|turn|2
|
|t:|1783728897
|switch|p1a: Sinistcha|Sinistcha, L50|100/100
|-heal|p1b: Maushold|100/100|[from] ability: Hospitality|[of] p1a: Sinistcha
|move|p2a: Raichu|Protect|p2a: Raichu
|-singleturn|p2a: Raichu|Protect
|move|p1b: Maushold|Super Fang|p2b: Milotic
|-damage|p2b: Milotic|50/100y
|move|p2b: Milotic|Hypnosis|p1b: Maushold
|-status|p1b: Maushold|slp|[from] move: Hypnosis
|
|-heal|p2b: Milotic|55/100|[from] item: Leftovers
|upkeep
|turn|3
|
|t:|1783728914
|switch|p2a: Sinistcha|Sinistcha, L50|100/100
|-heal|p2b: Milotic|80/100|[from] ability: Hospitality|[of] p2a: Sinistcha
|cant|p1b: Maushold|slp
|move|p2b: Milotic|Hypnosis|p1a: Sinistcha
|-status|p1a: Sinistcha|slp|[from] move: Hypnosis
|cant|p1a: Sinistcha|slp
|
|-heal|p2b: Milotic|86/100|[from] item: Leftovers
|upkeep
|turn|4
|
|t:|1783728925
|cant|p1b: Maushold|slp
|move|p2b: Milotic|Muddy Water|p1b: Maushold|[spread] p1a,p1b
|-resisted|p1a: Sinistcha|1
|-crit|p1a: Sinistcha
|-damage|p1a: Sinistcha|87/100 slp
|-damage|p1b: Maushold|68/100 slp
|-unboost|p1a: Sinistcha|accuracy|1
|-unboost|p1b: Maushold|accuracy|1
|move|p2a: Sinistcha|Matcha Gotcha|p1a: Sinistcha|[spread] p1b
|-miss|p2a: Sinistcha|p1a: Sinistcha
|-damage|p1b: Maushold|37/100 slp
|cant|p1a: Sinistcha|slp
|
|-heal|p2b: Milotic|92/100|[from] item: Leftovers
|upkeep
|turn|5
|
|t:|1783728947
|switch|p2a: Kingambit|Kingambit, L50, F|100/100
|-curestatus|p1b: Maushold|slp|[msg]
|move|p1b: Maushold|Protect|p1b: Maushold
|-singleturn|p1b: Maushold|Protect
|move|p2b: Milotic|Muddy Water|p1a: Sinistcha|[spread] p1a
|-activate|p1b: Maushold|move: Protect
|-resisted|p1a: Sinistcha|1
|-damage|p1a: Sinistcha|80/100 slp
|-curestatus|p1a: Sinistcha|slp|[msg]
|move|p1a: Sinistcha|Life Dew|p1a: Sinistcha|[spread] p1a,p1b
|-heal|p1a: Sinistcha|100/100
|-heal|p1b: Maushold|61/100
|
|-heal|p2b: Milotic|98/100|[from] item: Leftovers
|upkeep
|turn|6
|
|t:|1783728968
|switch|p1b: Blastoise|Blastoise-Mega, L50, M|100/100
|switch|p1a: Sneasler|Sneasler, L50, F|100/100
|move|p2a: Kingambit|Kowtow Cleave|p1a: Sneasler
|-resisted|p1a: Sneasler|1
|-damage|p1a: Sneasler|67/100
|move|p2b: Milotic|Hypnosis|p1b: Blastoise
|-status|p1b: Blastoise|slp|[from] move: Hypnosis
|
|-heal|p2b: Milotic|100/100|[from] item: Leftovers
|upkeep
|turn|7
|
|t:|1783728983
|switch|p2a: Sinistcha|Sinistcha, L50|100/100
|move|p2b: Milotic|Protect|p2b: Milotic
|-singleturn|p2b: Milotic|Protect
|move|p1a: Sneasler|Fake Out|p2b: Milotic
|-activate|p2b: Milotic|move: Protect
|cant|p1b: Blastoise|slp
|
|upkeep
|turn|8
|
|t:|1783729002
|move|p1a: Sneasler|Gunk Shot|p2b: Milotic
|-damage|p2b: Milotic|73/100
|-status|p2b: Milotic|psn
|cant|p1b: Blastoise|slp
|move|p2b: Milotic|Muddy Water|p1b: Blastoise|[spread] p1a,p1b
|-resisted|p1b: Blastoise|1
|-damage|p1a: Sneasler|39/100
|-damage|p1b: Blastoise|88/100 slp
|move|p2a: Sinistcha|Matcha Gotcha|p1a: Sneasler|[spread] p1a,p1b
|-resisted|p1a: Sneasler|1
|-supereffective|p1b: Blastoise|1
|-damage|p1a: Sneasler|25/100
|-damage|p1b: Blastoise|37/100 slp
|
|-heal|p2b: Milotic|79/100 psn|[from] item: Leftovers
|-damage|p2b: Milotic|66/100 psn|[from] psn
|upkeep
|turn|9
|inactive|happymuffintime has 30 seconds left.
|inactive|happymuffintime has 20 seconds left.
|
|t:|1783729038
|switch|p1a: Sinistcha|Sinistcha, L50|100/100
|-heal|p1b: Blastoise|62/100 slp|[from] ability: Hospitality|[of] p1a: Sinistcha
|-curestatus|p1b: Blastoise|slp|[msg]
|move|p1b: Blastoise|Dark Pulse|p2a: Sinistcha
|-supereffective|p2a: Sinistcha|1
|-damage|p2a: Sinistcha|19/100
|move|p2b: Milotic|Muddy Water|p1a: Sinistcha|[spread] p1a,p1b
|-resisted|p1a: Sinistcha|1
|-resisted|p1b: Blastoise|1
|-damage|p1a: Sinistcha|89/100
|-damage|p1b: Blastoise|48/100
|-unboost|p1a: Sinistcha|accuracy|1
|move|p2a: Sinistcha|Life Dew|p2a: Sinistcha|[spread] p2a,p2b
|-heal|p2a: Sinistcha|44/100
|-heal|p2b: Milotic|92/100 psn
|
|-heal|p2b: Milotic|98/100 psn|[from] item: Leftovers
|-damage|p2b: Milotic|85/100 psn|[from] psn
|upkeep
|turn|10
|inactive|RouletteRegional has 30 seconds left.
|
|t:|1783729066
|switch|p2a: Kingambit|Kingambit, L50, F|100/100
|move|p1b: Blastoise|Dark Pulse|p2b: Milotic
|-damage|p2b: Milotic|55/100 psn
|cant|p2b: Milotic|flinch
|move|p1a: Sinistcha|Life Dew|p1a: Sinistcha|[spread] p1a,p1b
|-heal|p1a: Sinistcha|100/100
|-heal|p1b: Blastoise|73/100
|
|-heal|p2b: Milotic|61/100 psn|[from] item: Leftovers
|-damage|p2b: Milotic|49/100 psn|[from] psn
|upkeep
|turn|11
|
|t:|1783729085
|move|p1a: Sinistcha|Rage Powder|p1a: Sinistcha
|-singleturn|p1a: Sinistcha|move: Rage Powder
|move|p1b: Blastoise|Water Spout|p2b: Milotic|[spread] p2a,p2b
|-resisted|p2b: Milotic|1
|-damage|p2a: Kingambit|49/100
|-damage|p2b: Milotic|32/100 psn
|move|p2a: Kingambit|Kowtow Cleave|p1a: Sinistcha
|-supereffective|p1a: Sinistcha|1
|-damage|p1a: Sinistcha|14/100
|move|p2b: Milotic|Hypnosis|p1a: Sinistcha
|-status|p1a: Sinistcha|slp|[from] move: Hypnosis
|
|-heal|p2b: Milotic|38/100 psn|[from] item: Leftovers
|-damage|p2b: Milotic|25/100 psn|[from] psn
|upkeep
|turn|12
|inactive|RouletteRegional has 30 seconds left.
|
|t:|1783729118
|switch|p2a: Sinistcha|Sinistcha, L50|44/100
|-heal|p2b: Milotic|50/100g psn|[from] ability: Hospitality|[of] p2a: Sinistcha
|switch|p1a: Maushold|Maushold, L50|61/100
|move|p1b: Blastoise|Dark Pulse|p2a: Sinistcha
|-supereffective|p2a: Sinistcha|1
|-crit|p2a: Sinistcha
|-damage|p2a: Sinistcha|0 fnt
|faint|p2a: Sinistcha
|move|p2b: Milotic|Hypnosis|p1b: Blastoise
|-status|p1b: Blastoise|slp|[from] move: Hypnosis
|
|-heal|p2b: Milotic|56/100 psn|[from] item: Leftovers
|-damage|p2b: Milotic|44/100 psn|[from] psn
|upkeep
|
|t:|1783729132
|switch|p2a: Raichu|Raichu-Mega-Y, L50, F|100/100
|turn|13
|
|t:|1783729138
|switch|p1b: Sinistcha|Sinistcha, L50|14/100 slp
|-heal|p1a: Maushold|86/100|[from] ability: Hospitality|[of] p1b: Sinistcha
|move|p1a: Maushold|Protect|p1a: Maushold
|-singleturn|p1a: Maushold|Protect
|move|p2a: Raichu|Focus Blast|p1a: Maushold
|-activate|p1a: Maushold|move: Protect
|move|p2b: Milotic|Muddy Water|p1a: Maushold|[spread] p1b
|-activate|p1a: Maushold|move: Protect
|-resisted|p1b: Sinistcha|1
|-damage|p1b: Sinistcha|7/100 slp
|
|-heal|p2b: Milotic|50/100y psn|[from] item: Leftovers
|-damage|p2b: Milotic|37/100 psn|[from] psn
|upkeep
|turn|14
|inactive|RouletteRegional has 30 seconds left.
|inactive|RouletteRegional has 20 seconds left.
|
|t:|1783729174
|switch|p1a: Blastoise|Blastoise-Mega, L50, M|73/100 slp
|move|p2a: Raichu|Zap Cannon|p1a: Blastoise
|-supereffective|p1a: Blastoise|1
|-damage|p1a: Blastoise|0 fnt
|faint|p1a: Blastoise
|move|p2b: Milotic|Muddy Water|p1b: Sinistcha
|-resisted|p1b: Sinistcha|1
|-damage|p1b: Sinistcha|0 fnt
|faint|p1b: Sinistcha
|
|-heal|p2b: Milotic|43/100 psn|[from] item: Leftovers
|-damage|p2b: Milotic|31/100 psn|[from] psn
|upkeep
|
|t:|1783729176
|switch|p1a: Maushold|Maushold, L50|86/100
|switch|p1b: Sneasler|Sneasler, L50, F|25/100
|turn|15
|inactive|RouletteRegional has 30 seconds left.
|inactive|RouletteRegional has 20 seconds left.
|inactive|RouletteRegional has 15 seconds left.
|
|t:|1783729221
|move|p1b: Sneasler|Fake Out|p2a: Raichu
|-damage|p2a: Raichu|78/100
|cant|p2a: Raichu|flinch
|move|p1a: Maushold|Super Fang|p2a: Raichu
|-damage|p2a: Raichu|39/100
|move|p2b: Milotic|Muddy Water|p1b: Sneasler|[spread] p1a,p1b
|-damage|p1a: Maushold|56/100
|-damage|p1b: Sneasler|4/100
|-unboost|p1a: Maushold|accuracy|1
|-unboost|p1b: Sneasler|accuracy|1
|-enditem|p1b: Sneasler|White Herb
|-clearnegativeboost|p1b: Sneasler|[silent]
|
|-heal|p2b: Milotic|37/100 psn|[from] item: Leftovers
|-damage|p2b: Milotic|24/100 psn|[from] psn
|upkeep
|turn|16
|inactive|RouletteRegional has 30 seconds left.
|
|t:|1783729255
|move|p1a: Maushold|Protect|p1a: Maushold
|-singleturn|p1a: Maushold|Protect
|move|p1b: Sneasler|Protect|p1b: Sneasler
|-singleturn|p1b: Sneasler|Protect
|move|p2a: Raichu|Zap Cannon|p1a: Maushold
|-activate|p1a: Maushold|move: Protect
|move|p2b: Milotic|Muddy Water|p1a: Maushold|[spread] 
|-activate|p1a: Maushold|move: Protect
|-activate|p1b: Sneasler|move: Protect
|
|-heal|p2b: Milotic|30/100 psn|[from] item: Leftovers
|-damage|p2b: Milotic|18/100 psn|[from] psn
|upkeep
|turn|17
|
|t:|1783729265
|switch|p2a: Kingambit|Kingambit, L50, F|49/100
|move|p1a: Maushold|Protect||[still]
|-fail|p1a: Maushold
|move|p1b: Sneasler|Close Combat|p2b: Milotic
|-damage|p2b: Milotic|0 fnt
|-unboost|p1b: Sneasler|def|1
|-unboost|p1b: Sneasler|spd|1
|faint|p2b: Milotic
|
|upkeep
|
|t:|1783729273
|switch|p2b: Raichu|Raichu-Mega-Y, L50, F|39/100
|turn|18
|
|t:|1783729284
|move|p1a: Maushold|Protect|p1a: Maushold
|-singleturn|p1a: Maushold|Protect
|move|p1b: Sneasler|Protect|p1b: Sneasler
|-singleturn|p1b: Sneasler|Protect
|move|p2b: Raichu|Fake Out|p1b: Sneasler
|-activate|p1b: Sneasler|move: Protect
|move|p2a: Kingambit|Swords Dance|p2a: Kingambit
|-boost|p2a: Kingambit|atk|2
|
|upkeep
|turn|19
|
|t:|1783729299
|move|p1a: Maushold|Follow Me|p1a: Maushold
|-singleturn|p1a: Maushold|move: Follow Me
|move|p2b: Raichu|Zap Cannon|p1a: Maushold
|-damage|p1a: Maushold|0 fnt
|faint|p1a: Maushold
|move|p1b: Sneasler|Close Combat|p2b: Raichu
|-damage|p2b: Raichu|0 fnt
|-unboost|p1b: Sneasler|def|1
|-unboost|p1b: Sneasler|spd|1
|faint|p2b: Raichu
|move|p2a: Kingambit|Kowtow Cleave|p1b: Sneasler
|-resisted|p1b: Sneasler|1
|-damage|p1b: Sneasler|0 fnt
|faint|p1b: Sneasler
|
|win|happymuffintime
