|j|☆gohan92
|j|☆sol n luna
|html|gohan92sol n luna    
|uhtml|bestof|Game 2 of a best-of-3
|t:|1756342901
|gametype|doubles
|player|p1|gohan92|1|1175
|player|p2|sol n luna|caitlin|1167
|gen|9
|tier|[Gen 9] VGC 2025 Reg H (Bo3)
|rated|
|rule|Species Clause: Limit one of each Pokémon
|rule|Item Clause: Limit 1 of each item
|clearpoke
|poke|p1|Ursaluna, L50, F|
|poke|p1|Basculegion, L50, M|
|poke|p1|Archaludon, L50, F|
|poke|p1|Pelipper, L50, F|
|poke|p1|Incineroar, L50, F|
|poke|p1|Sinistcha, L50|
|poke|p2|Kingambit, L50, F|
|poke|p2|Rillaboom, L50, F|
|poke|p2|Electabuzz, L50, M|
|poke|p2|Volcarona, L50, M|
|poke|p2|Sneasler, L50, M|
|poke|p2|Dragonite, L50, F|
|teampreview|4
|showteam|p1|Ursaluna||FlameOrb|Guts|Facade,HeadlongRush,Earthquake,Protect|||F|||50|,,,,,Ghost]Basculegion||ChoiceBand|SwiftSwim|WaveCrash,LastRespects,FlipTurn,AquaJet|||M|||50|,,,,,Water]Archaludon||AssaultVest|Stamina|DracoMeteor,FlashCannon,ElectroShot,BodyPress|||F|||50|,,,,,Bug]Pelipper||FocusSash|Drizzle|WeatherBall,Hurricane,Tailwind,Protect|||F|||50|,,,,,Ground]Incineroar||SafetyGoggles|Intimidate|FakeOut,KnockOff,Taunt,PartingShot|||F|||50|,,,,,Flying]Sinistcha||SitrusBerry|Hospitality|MatchaGotcha,LifeDew,RagePowder,TrickRoom||||||50|,,,,,Water
|showteam|p2|Kingambit||BlackGlasses|Defiant|Protect,KowtowCleave,SuckerPunch,SwordsDance|||F|||50|,,,,,Dark]Rillaboom||AssaultVest|GrassySurge|WoodHammer,GrassyGlide,Uturn,FakeOut|||F|||50|,,,,,Fire]Electabuzz||Eviolite|VitalSpirit|Protect,Thunderbolt,HelpingHand,FollowMe|||M|||50|,,,,,Ghost]Volcarona||CovertCloak|FlameBody|Protect,HeatWave,TeraBlast,QuiverDance|||M|||50|,,,,,Fairy]Sneasler||FocusSash|Unburden|CloseCombat,DireClaw,Coaching,FakeOut|||M|||50|,,,,,Stellar]Dragonite||LoadedDice|Multiscale|ScaleShot,Haze,ExtremeSpeed,Protect|||F|||50|,,,,,Fairy
|inactive|Battle timer is ON: inactive players will automatically lose when time's up. (requested by sol n luna)
|inactive|gohan92 has 60 seconds left.
|inactive|gohan92 has 30 seconds left.
|
|t:|1756342966
|teamsize|p1|4
|teamsize|p2|4
|start
|switch|p1a: Archaludon|Archaludon, L50, F|100/100
|switch|p1b: Pelipper|Pelipper, L50, F|100/100
|switch|p2a: Kingambit|Kingambit, L50, F|100/100
|switch|p2b: Electabuzz|Electabuzz, L50, M|100/100
|-weather|RainDance|[from] ability: Drizzle|[of] p1b: Pelipper
|turn|1
|
|t:|1756342982
|move|p1b: Pelipper|Protect|p1b: Pelipper
|-singleturn|p1b: Pelipper|Protect
|move|p2b: Electabuzz|Follow Me|p2b: Electabuzz
|-singleturn|p2b: Electabuzz|move: Follow Me
|move|p1a: Archaludon|Electro Shot||[still]
|-prepare|p1a: Archaludon|Electro Shot
|-boost|p1a: Archaludon|spa|1
|-anim|p1a: Archaludon|Electro Shot|p2b: Electabuzz
|-resisted|p2b: Electabuzz
|-damage|p2b: Electabuzz|76/100
|move|p2a: Kingambit|Swords Dance|p2a: Kingambit
|-boost|p2a: Kingambit|atk|2
|
|-weather|RainDance|[upkeep]
|upkeep
|turn|2
|
|t:|1756343006
|-terastallize|p2a: Kingambit|Dark
|move|p2b: Electabuzz|Helping Hand|p2a: Kingambit
|-singleturn|p2a: Kingambit|Helping Hand|[of] p2b: Electabuzz
|move|p2a: Kingambit|Sucker Punch|p1a: Archaludon
|-damage|p1a: Archaludon|0 fnt
|faint|p1a: Archaludon
|move|p1b: Pelipper|Weather Ball|p2a: Kingambit
|-damage|p2a: Kingambit|40/100
|
|-weather|RainDance|[upkeep]
|upkeep
|
|t:|1756343022
|switch|p1a: Basculegion|Basculegion, L50, M|100/100
|turn|3
|
|t:|1756343034
|-terastallize|p1a: Basculegion|Water
|move|p1a: Basculegion|Aqua Jet|p2a: Kingambit
|-damage|p2a: Kingambit|0 fnt
|faint|p2a: Kingambit
|move|p2b: Electabuzz|Thunderbolt|p1b: Pelipper
|-supereffective|p1b: Pelipper
|-enditem|p1b: Pelipper|Focus Sash
|-damage|p1b: Pelipper|1/100
|move|p1b: Pelipper|Weather Ball|p2b: Electabuzz
|-damage|p2b: Electabuzz|19/100
|
|-weather|RainDance|[upkeep]
|upkeep
|
|t:|1756343041
|switch|p2a: Rillaboom|Rillaboom, L50, F|100/100
|-fieldstart|move: Grassy Terrain|[from] ability: Grassy Surge|[of] p2a: Rillaboom
|turn|4
|
|t:|1756343064
|switch|p1a: Ursaluna|Ursaluna, L50, F|100/100
|move|p2b: Electabuzz|Protect|p2b: Electabuzz
|-singleturn|p2b: Electabuzz|Protect
|move|p1b: Pelipper|Protect|p1b: Pelipper
|-singleturn|p1b: Pelipper|Protect
|move|p2a: Rillaboom|U-turn|p1a: Ursaluna
|-damage|p1a: Ursaluna|83/100
|
|t:|1756343071
|switch|p2a: Sneasler|Sneasler, L50, M|100/100|[from] U-turn
|
|-weather|RainDance|[upkeep]
|-heal|p2b: Electabuzz|25/100|[from] Grassy Terrain
|-heal|p1a: Ursaluna|89/100|[from] Grassy Terrain
|-status|p1a: Ursaluna|brn|[from] item: Flame Orb
|upkeep
|turn|5
|inactive|gohan92 has 30 seconds left.
|
|t:|1756343097
|move|p1b: Pelipper|Protect|p1b: Pelipper
|-singleturn|p1b: Pelipper|Protect
|move|p2a: Sneasler|Close Combat|p1a: Ursaluna
|-supereffective|p1a: Ursaluna
|-damage|p1a: Ursaluna|7/100 brn
|-unboost|p2a: Sneasler|def|1
|-unboost|p2a: Sneasler|spd|1
|move|p2b: Electabuzz|Thunderbolt|p1b: Pelipper
|-activate|p1b: Pelipper|move: Protect
|move|p1a: Ursaluna|Earthquake|p2a: Sneasler|[spread] p2a,p2b
|-activate|p1b: Pelipper|move: Protect
|-supereffective|p2a: Sneasler
|-supereffective|p2b: Electabuzz
|-enditem|p2a: Sneasler|Focus Sash
|-damage|p2a: Sneasler|1/100
|-damage|p2b: Electabuzz|0 fnt
|faint|p2b: Electabuzz
|
|-weather|none
|-heal|p2a: Sneasler|7/100|[from] Grassy Terrain
|-heal|p1a: Ursaluna|13/100 brn|[from] Grassy Terrain
|-damage|p1a: Ursaluna|7/100 brn|[from] brn
|upkeep
|
|t:|1756343108
|switch|p2b: Rillaboom|Rillaboom, L50, F|100/100
|turn|6
|inactive|gohan92 has 30 seconds left.
|inactive|sol n luna has 30 seconds left.
|inactive|gohan92 has 20 seconds left.
|inactive|gohan92 has 15 seconds left.
|inactive|gohan92 has 10 seconds left.
|inactive|gohan92 has 5 seconds left.
|
|t:|1756343162
|move|p2b: Rillaboom|Grassy Glide|p1b: Pelipper
|-damage|p1b: Pelipper|0 fnt
|faint|p1b: Pelipper
|move|p2a: Sneasler|Dire Claw|p1a: Ursaluna
|-resisted|p1a: Ursaluna
|-damage|p1a: Ursaluna|0 fnt
|faint|p1a: Ursaluna
|
|-heal|p2a: Sneasler|13/100|[from] Grassy Terrain
|upkeep
|
|t:|1756343166
|switch|p1b: Basculegion|Basculegion, L50, M, tera:Water|100/100
|turn|7
|
|t:|1756343175
|move|p2a: Sneasler|Close Combat|p1b: Basculegion
|-damage|p1b: Basculegion|22/100
|-unboost|p2a: Sneasler|def|1
|-unboost|p2a: Sneasler|spd|1
|move|p1b: Basculegion|Last Respects|p2b: Rillaboom
|-damage|p2b: Rillaboom|0 fnt
|faint|p2b: Rillaboom
|
|-heal|p2a: Sneasler|18/100|[from] Grassy Terrain
|-heal|p1b: Basculegion|28/100|[from] Grassy Terrain
|upkeep
|turn|8
|
|t:|1756343184
|move|p2a: Sneasler|Close Combat|p1b: Basculegion
|-damage|p1b: Basculegion|0 fnt
|-unboost|p2a: Sneasler|def|1
|-unboost|p2a: Sneasler|spd|1
|faint|p1b: Basculegion
|
|win|sol n luna
|raw|gohan92's rating: 1175 → 1149(-26 for losing)
|raw|sol n luna's rating: 1167 → 1193(+26 for winning)
|l|☆gohan92
|player|p1|
