|j|☆DeadlyAsian666
|j|☆ttvmoxiie
|html|DeadlyAsian666ttvmoxiie    
|uhtml|bestof|Game 1 of a best-of-3
|t:|1757703895
|gametype|doubles
|player|p1|DeadlyAsian666|1|1016
|player|p2|ttvmoxiie|steven|1000
|gen|9
|tier|[Gen 9] VGC 2025 Reg H (Bo3)
|rated|
|rule|Species Clause: Limit one of each Pokémon
|rule|Item Clause: Limit 1 of each item
|clearpoke
|poke|p1|Flapple, L50, M|
|poke|p1|Rillaboom, L50, M|
|poke|p1|Talonflame, L50, M|
|poke|p1|Lucario, L50, M|
|poke|p1|Sableye, L50, F|
|poke|p1|Palafin, L50, M|
|poke|p2|Dragonite, L50, F|
|poke|p2|Gholdengo, L50|
|poke|p2|Rillaboom, L50, M|
|poke|p2|Ursaluna-Bloodmoon, L50, M|
|poke|p2|Annihilape, L50, F|
|poke|p2|Maushold-Four, L50|
|teampreview|4
|showteam|p1|Flapple||ChoiceScarf|Hustle|GravApple,DualWingbeat,Uturn,Outrage|||M|||50|,,,,,Flying]Rillaboom||GrassySeed|GrassySurge|GrassyGlide,DrumBeating,WoodHammer,FakeOut|||M|||50|,,,,,Grass]Talonflame||SitrusBerry|FlameBody|Tailwind,FlareBlitz,BraveBird,Taunt|||M|||50|,,,,,Fire]Lucario||FocusSash|InnerFocus|ExtremeSpeed,FlashCannon,FocusBlast,LifeDew|||M|||50|,,,,,Fighting]Sableye|||Prankster|Disable,ShadowSneak,HelpingHand,Gravity|||F|||50|,,,,,Dark]Palafin||LifeOrb|ZerotoHero|JetPunch,FlipTurn,WaveCrash,Protect|||M|||50|,,,,,Water
|showteam|p2|Dragonite||LoadedDice|Multiscale|Haze,Protect,Tailwind,ScaleShot|||F|||50|,,,,,Fairy]Gholdengo||LifeOrb|GoodasGold|Protect,NastyPlot,MakeItRain,ShadowBall||||||50|,,,,,Water]Rillaboom||MiracleSeed|GrassySurge|GrassyGlide,WoodHammer,FakeOut,HighHorsepower|||M|||50|,,,,,Fire]Ursaluna-Bloodmoon||AssaultVest|MindsEye|BloodMoon,HyperVoice,EarthPower,VacuumWave|||M|||50|,,,,,Water]Annihilape||SitrusBerry|Defiant|RageFist,DrainPunch,BulkUp,Protect|||F|||50|,,,,,Fire]Maushold-Four||FocusSash|FriendGuard|SuperFang,FollowMe,BeatUp,Protect||||||50|,,,,,Ghost
|
|t:|1757703940
|teamsize|p1|4
|teamsize|p2|4
|start
|switch|p1a: Sableye|Sableye, L50, F|100/100
|switch|p1b: Talonflame|Talonflame, L50, M, shiny|100/100
|switch|p2a: Annihilape|Annihilape, L50, F|100/100
|switch|p2b: Maushold|Maushold-Four, L50|100/100
|turn|1
|
|t:|1757703974
|-terastallize|p2a: Annihilape|Fire
|move|p1a: Sableye|Helping Hand|p1b: Talonflame
|-singleturn|p1b: Talonflame|Helping Hand|[of] p1a: Sableye
|move|p1b: Talonflame|Brave Bird|p2a: Annihilape
|-damage|p2a: Annihilape|44/100
|-enditem|p2a: Annihilape|Sitrus Berry|[eat]
|-heal|p2a: Annihilape|69/100|[from] item: Sitrus Berry
|-damage|p1b: Talonflame|77/100|[from] Recoil
|move|p2b: Maushold|Beat Up|p2a: Annihilape
|-damage|p2a: Annihilape|67/100
|-damage|p2a: Annihilape|65/100
|-damage|p2a: Annihilape|62/100
|-damage|p2a: Annihilape|60/100
|-hitcount|p2a: Annihilape|4
|move|p2a: Annihilape|Bulk Up|p2a: Annihilape
|-boost|p2a: Annihilape|atk|1
|-boost|p2a: Annihilape|def|1
|
|upkeep
|turn|2
|
|t:|1757704028
|move|p1a: Sableye|Helping Hand|p1b: Talonflame
|-singleturn|p1b: Talonflame|Helping Hand|[of] p1a: Sableye
|move|p2b: Maushold|Follow Me|p2b: Maushold
|-singleturn|p2b: Maushold|move: Follow Me
|move|p1b: Talonflame|Brave Bird|p2b: Maushold
|-damage|p2b: Maushold|21/100
|-damage|p1b: Talonflame|46/100|[from] Recoil
|-enditem|p1b: Talonflame|Sitrus Berry|[eat]
|-heal|p1b: Talonflame|71/100|[from] item: Sitrus Berry
|move|p2a: Annihilape|Rage Fist|p1b: Talonflame
|-damage|p1b: Talonflame|0 fnt
|faint|p1b: Talonflame
|
|upkeep
|
|t:|1757704045
|switch|p1b: Almight|Palafin, L50, M, shiny|100/100
|turn|3
|
|t:|1757704060
|move|p2b: Maushold|Follow Me|p2b: Maushold
|-singleturn|p2b: Maushold|move: Follow Me
|move|p1a: Sableye|Disable|p2b: Maushold
|-start|p2b: Maushold|Disable|Follow Me
|move|p2a: Annihilape|Rage Fist|p1b: Almight
|-damage|p1b: Almight|0 fnt
|faint|p1b: Almight
|
|upkeep
|
|t:|1757704069
|switch|p1b: Flapple|Flapple, L50, M|100/100
|turn|4
|inactive|Battle timer is ON: inactive players will automatically lose when time's up. (requested by ttvmoxiie)
|inactive|DeadlyAsian666 has 60 seconds left.
|
|t:|1757704102
|-terastallize|p1b: Flapple|Flying
|move|p2a: Annihilape|Protect|p2a: Annihilape
|-singleturn|p2a: Annihilape|Protect
|move|p1a: Sableye|Disable|p2a: Annihilape
|-activate|p2a: Annihilape|move: Protect
|move|p1b: Flapple|Dual Wingbeat|p2a: Annihilape
|-activate|p2a: Annihilape|move: Protect
|move|p2b: Maushold|Super Fang|p1b: Flapple
|-damage|p1b: Flapple|51/100
|
|upkeep
|turn|5
|inactive|ttvmoxiie has 30 seconds left.
|inactive|ttvmoxiie has 20 seconds left.
|inactive|ttvmoxiie has 15 seconds left.
|
|t:|1757704145
|move|p1a: Sableye|Disable|p2a: Annihilape
|-start|p2a: Annihilape|Disable|Protect
|move|p1b: Flapple|Dual Wingbeat|p2b: Maushold
|-damage|p2b: Maushold|0 fnt
|faint|p2b: Maushold
|-hitcount|p2: Maushold|1
|move|p2a: Annihilape|Rage Fist|p1b: Flapple
|-crit|p1b: Flapple
|-damage|p1b: Flapple|0 fnt
|faint|p1b: Flapple
|
|upkeep
|-message|DeadlyAsian666 forfeited.
|
|win|ttvmoxiie
|l|☆DeadlyAsian666
|player|p1|
||DeadlyAsian666 is ready for game 2.
