|j|☆jgm1234
|j|☆pressinblades
|html|jgm1234pressinblades    
|uhtml|bestof|Game 2 of a best-of-3
|t:|1784572454
|gametype|doubles
|player|p1|jgm1234|emmet|1403
|player|p2|pressinblades|steven|1337
|gen|9
|tier|[Gen 9 Champions] VGC 2026 Reg M-B (Bo3)
|rated|
|rule|Species Clause: Limit one of each Pokémon
|rule|Item Clause: Limit 1 of each item
|clearpoke
|poke|p1|Grimmsnarl, L50, M|
|poke|p1|Swampert, L50, F|
|poke|p1|Pelipper, L50, F|
|poke|p1|Archaludon, L50, F|
|poke|p1|Sinistcha, L50|
|poke|p1|Metagross, L50|
|poke|p2|Talonflame, L50, F|
|poke|p2|Garchomp, L50, M, shiny|
|poke|p2|Maushold, L50|
|poke|p2|Gardevoir, L50, F, shiny|
|poke|p2|Basculegion, L50, M|
|poke|p2|Metagross, L50, shiny|
|teampreview|4
|showteam|p1|Grimmsnarl||LightClay|Prankster|FoulPlay,PartingShot,LightScreen,Reflect|Calm||M|||50|]Swampert||Swampertite|Damp|Protect,IcePunch,WaveCrash,Earthquake|Adamant||F|||50|]Pelipper||SitrusBerry|Drizzle|WideGuard,Tailwind,WeatherBall,Hurricane|Modest||F|||50|]Archaludon||Leftovers|Stamina|Protect,ElectroShot,FlashCannon,DragonPulse|Modest||F|||50|]Sinistcha||ColburBerry|Hospitality|Protect,TrickRoom,MatchaGotcha,RagePowder|Relaxed|||||50|]Metagross||Metagrossite|ClearBody|Protect,BodyPress,PsychicFangs,IronHead|Jolly|||||50|
|showteam|p2|Talonflame||SharpBeak|GaleWings|Protect,Tailwind,DualWingbeat,Overheat|Naive||F|||50|]Garchomp||LifeOrb|RoughSkin|Protect,RockSlide,Earthquake,StompingTantrum|Adamant||M|||50|]Maushold||FocusSash|FriendGuard|Protect,SuperFang,FollowMe,Encore|Timid|||||50|]Gardevoir||Gardevoirite|Telepathy|Protect,TrickRoom,HyperVoice,Psychic|Modest||F|||50|]Basculegion||ChoiceScarf|Adaptability|FlipTurn,WaveCrash,LastRespects,PsychicFangs|Adamant||M|||50|]Metagross||ColburBerry|ClearBody|Protect,BulletPunch,PsychicFangs,HammerArm|Adamant|||||50|
|inactive|Battle timer is ON: inactive players will automatically lose when time's up. (requested by jgm1234)
|inactive|pressinblades has 60 seconds left.
|inactive|pressinblades has 30 seconds left.
|inactive|pressinblades has 20 seconds left.
|inactive|pressinblades has 15 seconds left.
|inactive|pressinblades has 10 seconds left.
|inactive|pressinblades has 5 seconds left.
|
|t:|1784572546
|teamsize|p1|4
|teamsize|p2|4
|start
|switch|p1a: Pelipper|Pelipper, L50, F|100/100
|switch|p1b: Swampert|Swampert, L50, F|100/100
|switch|p2a: Basculegion|Basculegion, L50, M|100/100
|switch|p2b: Gardevoir|Gardevoir, L50, F, shiny|100/100
|-weather|RainDance|[from] ability: Drizzle|[of] p1a: Pelipper
|turn|1
|inactive|pressinblades has 30 seconds left.
|inactive|pressinblades has 20 seconds left.
|inactive|pressinblades has 15 seconds left.
|inactive|pressinblades has 10 seconds left.
|inactive|pressinblades has 5 seconds left.
|
|t:|1784572597
|detailschange|p2b: Gardevoir|Gardevoir-Mega, L50, F, shiny
|-mega|p2b: Gardevoir|Gardevoir|Gardevoirite
|move|p1b: Swampert|Protect|p1b: Swampert
|-singleturn|p1b: Swampert|Protect
|move|p2a: Basculegion|Wave Crash|p1b: Swampert
|-activate|p1b: Swampert|move: Protect
|move|p1a: Pelipper|Tailwind|p1a: Pelipper
|-sidestart|p1: jgm1234|move: Tailwind
|move|p2b: Gardevoir|Trick Room|p2b: Gardevoir
|-fieldstart|move: Trick Room|[of] p2b: Gardevoir
|
|-weather|RainDance|[upkeep]
|upkeep
|turn|2
|inactive|pressinblades has 30 seconds left.
|inactive|pressinblades has 20 seconds left.
|inactive|pressinblades has 15 seconds left.
|inactive|pressinblades has 10 seconds left.
|
|t:|1784572645
|switch|p2b: Garchomp|Garchomp, L50, M, shiny|100/100
|move|p1a: Pelipper|Hurricane|p2a: Basculegion
|-damage|p2a: Basculegion|47/100
|-start|p2a: Basculegion|confusion
|-activate|p2a: Basculegion|confusion
|move|p2a: Basculegion|Wave Crash|p1b: Swampert
|-damage|p1b: Swampert|0 fnt
|faint|p1b: Swampert
|-damage|p2a: Basculegion|15/100|[from] Recoil
|
|-weather|RainDance|[upkeep]
|upkeep
|
|t:|1784572655
|switch|p1b: Sinistcha|Sinistcha, L50|100/100
|turn|3
|
|t:|1784572678
|switch|p1a: Archaludon|Archaludon, L50, F|100/100
|switch|p2a: Gardevoir|Gardevoir-Mega, L50, F, shiny|100/100
|move|p2b: Garchomp|Rock Slide|p1b: Sinistcha|[spread] p1a,p1b
|-resisted|p1a: Archaludon|1
|-damage|p1a: Archaludon|89/100
|-damage|p1b: Sinistcha|75/100
|-ability|p1a: Archaludon|Stamina|boost
|-boost|p1a: Archaludon|def|1
|-damage|p2b: Garchomp|90/100|[from] item: Life Orb
|move|p1b: Sinistcha|Matcha Gotcha|p2a: Gardevoir|[spread] p2a,p2b
|-damage|p2a: Gardevoir|79/100
|-heal|p1b: Sinistcha|85/100|[from] drain|[of] p2a: Gardevoir
|-damage|p2b: Garchomp|62/100
|-heal|p1b: Sinistcha|100/100|[from] drain|[of] p2b: Garchomp
|
|-weather|RainDance|[upkeep]
|-heal|p1a: Archaludon|95/100|[from] item: Leftovers
|upkeep
|turn|4
|inactive|pressinblades has 30 seconds left.
|inactive|pressinblades has 20 seconds left.
|inactive|pressinblades has 15 seconds left.
|inactive|pressinblades has 10 seconds left.
|inactive|pressinblades has 5 seconds left.
|
|t:|1784572729
|move|p1a: Archaludon|Protect|p1a: Archaludon
|-singleturn|p1a: Archaludon|Protect
|move|p2a: Gardevoir|Hyper Voice|p1a: Archaludon|[spread] p1b
|-activate|p1a: Archaludon|move: Protect
|-damage|p1b: Sinistcha|52/100
|move|p2b: Garchomp|Stomping Tantrum|p1a: Archaludon
|-activate|p1a: Archaludon|move: Protect
|move|p1b: Sinistcha|Matcha Gotcha|p2a: Gardevoir|[spread] p2a,p2b
|-crit|p2b: Garchomp
|-damage|p2a: Gardevoir|57/100
|-heal|p1b: Sinistcha|62/100|[from] drain|[of] p2a: Gardevoir
|-damage|p2b: Garchomp|24/100
|-heal|p1b: Sinistcha|82/100|[from] drain|[of] p2b: Garchomp
|-status|p2a: Gardevoir|brn
|
|-weather|RainDance|[upkeep]
|-heal|p1a: Archaludon|100/100|[from] item: Leftovers
|-damage|p2a: Gardevoir|52/100 brn|[from] brn
|-sideend|p1: jgm1234|move: Tailwind
|upkeep
|turn|5
|inactive|pressinblades has 30 seconds left.
|
|t:|1784572758
|switch|p2a: Talonflame|Talonflame, L50, F|100/100
|move|p2b: Garchomp|Protect|p2b: Garchomp
|-singleturn|p2b: Garchomp|Protect
|move|p1b: Sinistcha|Matcha Gotcha|p2a: Talonflame|[spread] p2a
|-activate|p2b: Garchomp|move: Protect
|-resisted|p2a: Talonflame|2
|-damage|p2a: Talonflame|89/100
|-heal|p1b: Sinistcha|87/100|[from] drain|[of] p2a: Talonflame
|move|p1a: Archaludon|Flash Cannon|p2b: Garchomp
|-activate|p2b: Garchomp|move: Protect
|
|-weather|none
|-fieldend|move: Trick Room
|upkeep
|turn|6
|
|t:|1784572785
|switch|p1b: Pelipper|Pelipper, L50, F|100/100
|-weather|RainDance|[from] ability: Drizzle|[of] p1b: Pelipper
|move|p2a: Talonflame|Dual Wingbeat|p1b: Pelipper
|-damage|p1b: Pelipper|82/100
|-damage|p1b: Pelipper|63/100
|-hitcount|p1b: Pelipper|2
|move|p2b: Garchomp|Earthquake|p1a: Archaludon|[spread] p1a
|-immune|p2a: Talonflame
|-immune|p1b: Pelipper
|-supereffective|p1a: Archaludon|1
|-damage|p1a: Archaludon|43/100
|-ability|p1a: Archaludon|Stamina|boost
|-boost|p1a: Archaludon|def|1
|-damage|p2b: Garchomp|14/100|[from] item: Life Orb
|move|p1a: Archaludon|Electro Shot||[still]
|-prepare|p1a: Archaludon|Electro Shot
|-boost|p1a: Archaludon|spa|1
|-anim|p1a: Archaludon|Electro Shot|p2a: Talonflame
|-supereffective|p2a: Talonflame|1
|-damage|p2a: Talonflame|0 fnt
|faint|p2a: Talonflame
|
|-weather|RainDance|[upkeep]
|-heal|p1a: Archaludon|49/100|[from] item: Leftovers
|upkeep
|inactive|pressinblades has 30 seconds left.
|inactive|pressinblades has 20 seconds left.
|inactive|pressinblades has 15 seconds left.
|
|t:|1784572825
|switch|p2a: Basculegion|Basculegion, L50, M|15/100
|turn|7
|
|t:|1784572835
|switch|p1b: Sinistcha|Sinistcha, L50|87/100
|-heal|p1a: Archaludon|74/100|[from] ability: Hospitality|[of] p1b: Sinistcha
|move|p2b: Garchomp|Protect|p2b: Garchomp
|-singleturn|p2b: Garchomp|Protect
|move|p2a: Basculegion|Last Respects|p1b: Sinistcha
|-supereffective|p1b: Sinistcha|1
|-damage|p1b: Sinistcha|0 fnt
|faint|p1b: Sinistcha
|move|p1a: Archaludon|Electro Shot||[still]
|-prepare|p1a: Archaludon|Electro Shot
|-boost|p1a: Archaludon|spa|1
|-anim|p1a: Archaludon|Electro Shot|p2a: Basculegion
|-supereffective|p2a: Basculegion|1
|-damage|p2a: Basculegion|0 fnt
|faint|p2a: Basculegion
|
|-weather|RainDance|[upkeep]
|-heal|p1a: Archaludon|80/100|[from] item: Leftovers
|upkeep
|
|t:|1784572855
|switch|p2a: Gardevoir|Gardevoir-Mega, L50, F, shiny|52/100 brn
|switch|p1b: Pelipper|Pelipper, L50, F|63/100
|turn|8
|
|t:|1784572872
|move|p1b: Pelipper|Wide Guard|p1b: Pelipper
|-singleturn|p1b: Pelipper|Wide Guard
|move|p2b: Garchomp|Stomping Tantrum|p1a: Archaludon
|-supereffective|p1a: Archaludon|1
|-damage|p1a: Archaludon|32/100
|-ability|p1a: Archaludon|Stamina|boost
|-boost|p1a: Archaludon|def|1
|-damage|p2b: Garchomp|4/100|[from] item: Life Orb
|move|p2a: Gardevoir|Psychic|p1b: Pelipper
|-damage|p1b: Pelipper|0 fnt
|faint|p1b: Pelipper
|move|p1a: Archaludon|Flash Cannon|p2b: Garchomp
|-damage|p2b: Garchomp|0 fnt
|faint|p2b: Garchomp
|
|-weather|RainDance|[upkeep]
|-heal|p1a: Archaludon|38/100|[from] item: Leftovers
|-damage|p2a: Gardevoir|46/100 brn|[from] brn
|upkeep
|turn|9
|
|t:|1784572892
|move|p1a: Archaludon|Protect|p1a: Archaludon
|-singleturn|p1a: Archaludon|Protect
|move|p2a: Gardevoir|Hyper Voice|p1a: Archaludon
|-activate|p1a: Archaludon|move: Protect
|
|-weather|RainDance|[upkeep]
|-heal|p1a: Archaludon|44/100|[from] item: Leftovers
|-damage|p2a: Gardevoir|40/100 brn|[from] brn
|upkeep
|turn|10
|
|t:|1784572896
|move|p2a: Gardevoir|Hyper Voice|p1a: Archaludon
|-crit|p1a: Archaludon
|-damage|p1a: Archaludon|0 fnt
|faint|p1a: Archaludon
|
|win|pressinblades
||jgm1234 is ready for game 3.
|l|☆jgm1234
|player|p1|
||pressinblades is ready for game 3.
|uhtml|next|Next: Game 3 of 3
