|j|☆NightshadeAI
|j|☆EpiclyEpicGamerW
|html|NightshadeAIEpiclyEpicGamerW    
|uhtml|bestof|Game 1 of a best-of-3
|t:|1783557251
|gametype|doubles
|player|p1|NightshadeAI|265|1113
|player|p2|EpiclyEpicGamerW|red-masters|1185
|gen|9
|tier|[Gen 9 Champions] VGC 2026 Reg M-B (Bo3)
|rated|
|rule|Species Clause: Limit one of each Pokémon
|rule|Item Clause: Limit 1 of each item
|clearpoke
|poke|p1|Whimsicott, L50, M|
|poke|p1|Charizard, L50, F|
|poke|p1|Basculegion, L50, M|
|poke|p1|Garchomp, L50, F|
|poke|p1|Floette-Eternal, L50, F|
|poke|p1|Kingambit, L50, F|
|poke|p2|Charizard, L50, F|
|poke|p2|Venusaur, L50, M|
|poke|p2|Garchomp, L50, M|
|poke|p2|Milotic, L50, M|
|poke|p2|Kingambit, L50, F|
|poke|p2|Aerodactyl, L50, M|
|teampreview|4
|showteam|p1|Whimsicott||FocusSash|Prankster|Moonblast,Tailwind,Encore,Protect|Timid||M|||50|]Charizard||CharizarditeY|Blaze|WeatherBall,SolarBeam,HeatWave,Protect|Modest||F|||50|]Basculegion||MysticWater|Adaptability|LastRespects,WaveCrash,AquaJet,Protect|Adamant||M|||50|]Garchomp||LifeOrb|RoughSkin|DragonClaw,Earthquake,RockSlide,Protect|Adamant||F|||50|]Floette-Eternal||Floettite|FlowerVeil|DazzlingGleam,LightofRuin,Moonblast,Protect|Modest||F|||50|]Kingambit||ChopleBerry|Defiant|KowtowCleave,SuckerPunch,IronHead,LowKick|Adamant||F|||50|
|showteam|p2|Charizard||CharizarditeY|Blaze|WeatherBall,HeatWave,SolarBeam,Protect|Modest||F|||50|]Venusaur||LifeOrb|Chlorophyll|LeafStorm,SludgeBomb,EarthPower,Protect|Modest||M|||50|]Garchomp||SitrusBerry|RoughSkin|DragonClaw,Earthquake,RockSlide,Protect|Adamant||M|||50|]Milotic||Leftovers|Competitive|Scald,IcyWind,Haze,Protect|Modest||M|||50|]Kingambit||FocusSash|Defiant|KowtowCleave,SuckerPunch,LowKick,Protect|Jolly||F|||50|]Aerodactyl||Aerodactylite|Unnerve|RockSlide,IceFang,Tailwind,WideGuard|Jolly||M|||50|
|inactive|Battle timer is ON: inactive players will automatically lose when time's up. (requested by NightshadeAI)
|inactive|EpiclyEpicGamerW also wants the timer to be on.
|inactive|EpiclyEpicGamerW has 60 seconds left.
|inactive|EpiclyEpicGamerW has 30 seconds left.
|inactive|EpiclyEpicGamerW has 20 seconds left.
|inactive|EpiclyEpicGamerW has 15 seconds left.
|inactive|EpiclyEpicGamerW has 10 seconds left.
|inactive|EpiclyEpicGamerW has 5 seconds left.
|
|t:|1783557337
|teamsize|p1|4
|teamsize|p2|4
|start
|switch|p1a: Basculegion|Basculegion, L50, M|100/100
|switch|p1b: Whimsicott|Whimsicott, L50, M|100/100
|switch|p2a: Charizard|Charizard, L50, F|100/100
|switch|p2b: Milotic|Milotic, L50, M|100/100
|turn|1
|
|t:|1783557361
|detailschange|p2a: Charizard|Charizard-Mega-Y, L50, F
|-mega|p2a: Charizard|Charizard|Charizardite Y
|-weather|SunnyDay|[from] ability: Drought|[of] p2a: Charizard
|move|p1b: Whimsicott|Tailwind|p1b: Whimsicott
|-sidestart|p1: NightshadeAI|move: Tailwind
|move|p1a: Basculegion|Wave Crash|p2a: Charizard
|-supereffective|p2a: Charizard|1
|-damage|p2a: Charizard|0 fnt
|faint|p2a: Charizard
|-damage|p1a: Basculegion|72/100|[from] Recoil
|move|p2b: Milotic|Icy Wind|p1b: Whimsicott|[spread] p1a,p1b
|-resisted|p1a: Basculegion|1
|-supereffective|p1b: Whimsicott|1
|-damage|p1a: Basculegion|66/100
|-damage|p1b: Whimsicott|66/100
|-unboost|p1a: Basculegion|spe|1
|-unboost|p1b: Whimsicott|spe|1
|
|-weather|SunnyDay|[upkeep]
|upkeep
|
|t:|1783557374
|switch|p2a: Venusaur|Venusaur, L50, M|100/100
|turn|2
|
|t:|1783557394
|switch|p1a: Garchomp|Garchomp, L50, F|100/100
|move|p1b: Whimsicott|Protect|p1b: Whimsicott
|-singleturn|p1b: Whimsicott|Protect
|move|p2a: Venusaur|Leaf Storm|p1a: Garchomp
|-damage|p1a: Garchomp|12/100
|-unboost|p2a: Venusaur|spa|2
|-damage|p2a: Venusaur|90/100|[from] item: Life Orb
|move|p2b: Milotic|Icy Wind|p1b: Whimsicott|[spread] p1a
|-activate|p1b: Whimsicott|move: Protect
|-supereffective|p1a: Garchomp|2
|-damage|p1a: Garchomp|0 fnt
|faint|p1a: Garchomp
|
|-weather|SunnyDay|[upkeep]
|upkeep
|
|t:|1783557394
|switch|p1a: Basculegion|Basculegion, L50, M|66/100
|turn|3
|
|t:|1783557413
|move|p1b: Whimsicott|Protect|p1b: Whimsicott
|-singleturn|p1b: Whimsicott|Protect
|move|p1a: Basculegion|Protect|p1a: Basculegion
|-singleturn|p1a: Basculegion|Protect
|move|p2a: Venusaur|Leaf Storm|p1a: Basculegion
|-activate|p1a: Basculegion|move: Protect
|move|p2b: Milotic|Icy Wind|p1b: Whimsicott|[spread] 
|-activate|p1a: Basculegion|move: Protect
|-activate|p1b: Whimsicott|move: Protect
|
|-weather|SunnyDay|[upkeep]
|upkeep
|turn|4
|
|t:|1783557421
|move|p2a: Venusaur|Leaf Storm|p1a: Basculegion
|-supereffective|p1a: Basculegion|1
|-damage|p1a: Basculegion|0 fnt
|-unboost|p2a: Venusaur|spa|2
|faint|p1a: Basculegion
|-damage|p2a: Venusaur|80/100|[from] item: Life Orb
|move|p1b: Whimsicott|Moonblast|p2b: Milotic
|-damage|p2b: Milotic|80/100
|move|p2b: Milotic|Icy Wind|p1b: Whimsicott
|-supereffective|p1b: Whimsicott|1
|-damage|p1b: Whimsicott|24/100
|-unboost|p1b: Whimsicott|spe|1
|
|-weather|SunnyDay|[upkeep]
|-heal|p2b: Milotic|86/100|[from] item: Leftovers
|-sideend|p1: NightshadeAI|move: Tailwind
|upkeep
|
|t:|1783557422
|switch|p1a: Floette|Floette-Eternal, L50, F|100/100
|turn|5
|
|t:|1783557440
|detailschange|p1a: Floette|Floette-Mega, L50, F
|-mega|p1a: Floette|Floette|Floettite
|-ability|p1a: Floette|Fairy Aura
|move|p1b: Whimsicott|Tailwind|p1b: Whimsicott
|-sidestart|p1: NightshadeAI|move: Tailwind
|move|p1a: Floette|Dazzling Gleam|p2b: Milotic|[spread] p2a,p2b
|-resisted|p2a: Venusaur|1
|-damage|p2a: Venusaur|52/100
|-damage|p2b: Milotic|46/100
|move|p2a: Venusaur|Sludge Bomb|p1a: Floette
|-supereffective|p1a: Floette|1
|-damage|p1a: Floette|71/100
|-status|p1a: Floette|psn
|-damage|p2a: Venusaur|42/100|[from] item: Life Orb
|move|p2b: Milotic|Icy Wind|p1a: Floette|[spread] p1a,p1b
|-supereffective|p1b: Whimsicott|1
|-damage|p1a: Floette|62/100 psn
|-damage|p1b: Whimsicott|0 fnt
|-unboost|p1a: Floette|spe|1
|faint|p1b: Whimsicott
|
|-weather|none
|-heal|p2b: Milotic|51/100|[from] item: Leftovers
|-damage|p1a: Floette|50/100g psn|[from] psn
|upkeep
|turn|6
|inactive|EpiclyEpicGamerW has 30 seconds left.
|inactive|EpiclyEpicGamerW has 20 seconds left.
|
|t:|1783557475
|move|p2a: Venusaur|Protect|p2a: Venusaur
|-singleturn|p2a: Venusaur|Protect
|move|p2b: Milotic|Protect|p2b: Milotic
|-singleturn|p2b: Milotic|Protect
|move|p1a: Floette|Dazzling Gleam|p2a: Venusaur|[spread] 
|-activate|p2a: Venusaur|move: Protect
|-activate|p2b: Milotic|move: Protect
|
|-heal|p2b: Milotic|57/100|[from] item: Leftovers
|-damage|p1a: Floette|38/100 psn|[from] psn
|upkeep
|turn|7
|
|t:|1783557478
|move|p1a: Floette|Dazzling Gleam|p2a: Venusaur|[spread] p2a,p2b
|-resisted|p2a: Venusaur|1
|-damage|p2a: Venusaur|12/100
|-damage|p2b: Milotic|21/100
|move|p2a: Venusaur|Sludge Bomb|p1a: Floette
|-supereffective|p1a: Floette|1
|-damage|p1a: Floette|9/100 psn
|-damage|p2a: Venusaur|2/100|[from] item: Life Orb
|move|p2b: Milotic|Icy Wind|p1a: Floette
|-damage|p1a: Floette|0 fnt
|faint|p1a: Floette
|
|win|EpiclyEpicGamerW
|inactive|NightshadeAI has 30 seconds to confirm battle start!
|inactive|EpiclyEpicGamerW has 30 seconds to confirm battle start!
||EpiclyEpicGamerW is ready for game 2.
|inactive|NightshadeAI has 20 seconds to confirm battle start!
|inactive|NightshadeAI has 10 seconds to confirm battle start!
|uhtml|next|Next: Game 2 of 3
