|j|☆hamilton60
|j|☆chewy230
|html|hamilton60chewy230    
|uhtml|bestof|Game 2 of a best-of-3
|t:|1783503621
|gametype|doubles
|player|p1|hamilton60|170|1050
|player|p2|chewy230|blaine|1087
|gen|9
|tier|[Gen 9 Champions] VGC 2026 Reg M-B (Bo3)
|rated|
|rule|Species Clause: Limit one of each Pokémon
|rule|Item Clause: Limit 1 of each item
|clearpoke
|poke|p1|Venusaur, L50, F|
|poke|p1|Charizard, L50, F|
|poke|p1|Primarina, L50, M|
|poke|p1|Incineroar, L50, F|
|poke|p1|Meowscarada, L50, F|
|poke|p1|Feraligatr, L50, M|
|poke|p2|Clefable, L50, F|
|poke|p2|Scizor, L50, F|
|poke|p2|Pelipper, L50, M|
|poke|p2|Hydreigon, L50, F|
|poke|p2|Sneasler, L50, F|
|poke|p2|Kingambit, L50, F|
|teampreview|4
|showteam|p1|Venusaur||MentalHerb|Chlorophyll|SleepPowder,SludgeBomb,Synthesis,Protect|Timid||F|||50|]Charizard||CharizarditeY|SolarPower|SolarBeam,Flamethrower,AirSlash,Protect|Timid||F|||50|]Primarina||LifeOrb|LiquidVoice|HyperVoice,Substitute,Moonblast,Protect|Modest||M|||50|]Incineroar||Leftovers|Intimidate|FakeOut,PartingShot,FlareBlitz,HelpingHand|Adamant||F|||50|]Meowscarada||ChoiceScarf|Protean|FlowerTrick,ShadowClaw,KnockOff,BrickBreak|Jolly||F|||50|]Feraligatr||Feraligite|Torrent|DragonDance,DoubleEdge,Protect,Waterfall|Adamant||M|||50|
|showteam|p2|Clefable||Clefablite|Unaware|Moonblast,FollowMe,LifeDew,Protect|Timid||F|||50|]Scizor||Scizorite|Technician|BugBite,BulletPunch,SwordsDance,Protect|Careful||F|||50|]Pelipper||Leftovers|Drizzle|Hurricane,IceBeam,Tailwind,Protect|Bold||M|||50|]Hydreigon||RoseliBerry|Levitate|DarkPulse,DracoMeteor,FlashCannon,NastyPlot|Calm||F|||50|]Sneasler||WhiteHerb|Unburden|Feint,CloseCombat,DireClaw,Coaching|Jolly||F|||50|]Kingambit||BlackGlasses|Defiant|SuckerPunch,KowtowCleave,IronHead,Protect|Impish||F|||50|
|inactive|Battle timer is ON: inactive players will automatically lose when time's up. (requested by hamilton60)
|inactive|hamilton60 has 60 seconds left.
|
|t:|1783503661
|teamsize|p1|4
|teamsize|p2|4
|start
|switch|p1a: Feraligatr|Feraligatr, L50, M|100/100
|switch|p1b: Venusaur|Venusaur, L50, F|100/100
|switch|p2a: Sneasler|Sneasler, L50, F|100/100
|switch|p2b: Scizor|Scizor, L50, F|100/100
|turn|1
|inactive|chewy230 has 30 seconds left.
|inactive|chewy230 has 20 seconds left.
|inactive|chewy230 has 15 seconds left.
|inactive|chewy230 has 10 seconds left.
|
|t:|1783503709
|detailschange|p1a: Feraligatr|Feraligatr-Mega, L50, M
|-mega|p1a: Feraligatr|Feraligatr|Feraligite
|move|p2a: Sneasler|Dire Claw|p1a: Feraligatr
|-damage|p1a: Feraligatr|63/100
|move|p1b: Venusaur|Sleep Powder|p2b: Scizor
|-status|p2b: Scizor|slp|[from] move: Sleep Powder
|move|p1a: Feraligatr|Dragon Dance|p1a: Feraligatr
|-boost|p1a: Feraligatr|atk|1
|-boost|p1a: Feraligatr|spe|1
|cant|p2b: Scizor|slp
|
|upkeep
|turn|2
|inactive|hamilton60 has 30 seconds left.
|inactive|chewy230 has 30 seconds left.
|
|t:|1783503738
|switch|p1b: Meowscarada|Meowscarada, L50, F|100/100
|move|p1a: Feraligatr|Waterfall|p2a: Sneasler
|-damage|p2a: Sneasler|0 fnt
|faint|p2a: Sneasler
|cant|p2b: Scizor|slp
|
|upkeep
|
|t:|1783503751
|switch|p2a: Clefable|Clefable, L50, F|100/100
|turn|3
|
|t:|1783503764
|move|p1a: Feraligatr|Protect|p1a: Feraligatr
|-singleturn|p1a: Feraligatr|Protect
|move|p2a: Clefable|Protect|p2a: Clefable
|-singleturn|p2a: Clefable|Protect
|move|p1b: Meowscarada|Flower Trick|p2a: Clefable
|-start|p1b: Meowscarada|typechange|Grass|[from] ability: Protean
|-activate|p2a: Clefable|move: Protect
|-curestatus|p2b: Scizor|slp|[msg]
|move|p2b: Scizor|Swords Dance|p2b: Scizor
|-boost|p2b: Scizor|atk|2
|
|upkeep
|turn|4
|inactive|chewy230 has 30 seconds left.
|
|t:|1783503795
|detailschange|p2b: Scizor|Scizor-Mega, L50, F
|-mega|p2b: Scizor|Scizor|Scizorite
|move|p2b: Scizor|Bullet Punch|p1a: Feraligatr
|-resisted|p1a: Feraligatr|1
|-damage|p1a: Feraligatr|37/100
|move|p1b: Meowscarada|Flower Trick|p2a: Clefable
|-crit|p2a: Clefable
|-damage|p2a: Clefable|46/100
|move|p1a: Feraligatr|Waterfall|p2b: Scizor
|-damage|p2b: Scizor|37/100
|move|p2a: Clefable|Life Dew|p2a: Clefable|[spread] p2a,p2b
|-heal|p2a: Clefable|71/100
|-heal|p2b: Scizor|62/100
|
|upkeep
|turn|5
|
|t:|1783503819
|move|p2b: Scizor|Bullet Punch|p1b: Meowscarada
|-damage|p1b: Meowscarada|7/100
|move|p1b: Meowscarada|Flower Trick|p2a: Clefable
|-crit|p2a: Clefable
|-damage|p2a: Clefable|16/100
|move|p1a: Feraligatr|Waterfall|p2b: Scizor
|-damage|p2b: Scizor|2/100
|move|p2a: Clefable|Moonblast|p1a: Feraligatr
|-supereffective|p1a: Feraligatr|1
|-damage|p1a: Feraligatr|0 fnt
|faint|p1a: Feraligatr
|
|upkeep
|
|t:|1783503836
|switch|p1a: Primarina|Primarina, L50, M|100/100
|turn|6
|
|t:|1783503853
|switch|p1b: Venusaur|Venusaur, L50, F|100/100
|move|p2b: Scizor|Bullet Punch|p1b: Venusaur
|-crit|p1b: Venusaur
|-damage|p1b: Venusaur|0 fnt
|faint|p1b: Venusaur
|move|p2a: Clefable|Life Dew|p2a: Clefable|[spread] p2a,p2b
|-heal|p2a: Clefable|41/100
|-heal|p2b: Scizor|27/100
|move|p1a: Primarina|Hyper Voice|p2a: Clefable|[spread] p2a,p2b
|-damage|p2a: Clefable|0 fnt
|-damage|p2b: Scizor|0 fnt
|faint|p2a: Clefable
|faint|p2b: Scizor
|-damage|p1a: Primarina|90/100|[from] item: Life Orb
|
|upkeep
|
|t:|1783503871
|switch|p1b: Meowscarada|Meowscarada, L50, F|7/100
|switch|p2b: Hydreigon|Hydreigon, L50, F|100/100
|turn|7
|
|t:|1783503886
|move|p1b: Meowscarada|Brick Break|p2b: Hydreigon
|-start|p1b: Meowscarada|typechange|Fighting|[from] ability: Protean
|-supereffective|p2b: Hydreigon|1
|-damage|p2b: Hydreigon|30/100
|move|p2b: Hydreigon|Flash Cannon|p1b: Meowscarada
|-damage|p1b: Meowscarada|0 fnt
|faint|p1b: Meowscarada
|move|p1a: Primarina|Moonblast|p2b: Hydreigon
|-supereffective|p2b: Hydreigon|2
|-enditem|p2b: Hydreigon|Roseli Berry|[eat]
|-enditem|p2b: Hydreigon|Roseli Berry|[weaken]
|-damage|p2b: Hydreigon|0 fnt
|faint|p2b: Hydreigon
|-damage|p1a: Primarina|80/100|[from] item: Life Orb
|
|win|hamilton60
|l|☆chewy230
|player|p2|
||chewy230 is ready for game 3.
|inactive|hamilton60 has 30 seconds to confirm battle start!
|c|☆hamilton60|Gg
|inactive|hamilton60 has 20 seconds to confirm battle start!
||hamilton60 is ready for game 3.
|uhtml|next|Next: Game 3 of 3
