|j|☆Z4RDEL
|j|☆Il Mule
|html|Z4RDELIl Mule    
|uhtml|bestof|Game 3 of a best-of-3
|t:|1783948543
|gametype|doubles
|player|p1|Z4RDEL|miku-fire|1349
|player|p2|Il Mule|salvatore|1474
|gen|9
|tier|[Gen 9 Champions] VGC 2026 Reg M-B (Bo3)
|rated|
|rule|Species Clause: Limit one of each Pokémon
|rule|Item Clause: Limit 1 of each item
|clearpoke
|poke|p1|Arcanine-Hisui, L50, M|
|poke|p1|Scrafty, L50, M|
|poke|p1|Volcarona, L50, F|
|poke|p1|Sinistcha, L50|
|poke|p1|Primarina, L50, M|
|poke|p1|Mawile, L50, F|
|poke|p2|Excadrill, L50, F|
|poke|p2|Tyranitar, L50, M|
|poke|p2|Sneasler, L50, M|
|poke|p2|Incineroar, L50, F|
|poke|p2|Froslass, L50, F|
|poke|p2|Sinistcha, L50|
|teampreview|4
|showteam|p1|Arcanine-Hisui||FocusSash|RockHead|HeadSmash,FlareBlitz,ExtremeSpeed,Protect|Jolly||M|||50|]Scrafty||Scraftinite|Intimidate|FakeOut,CloseCombat,KnockOff,RockSlide|Impish||M|||50|]Volcarona||SitrusBerry|FlameBody|RagePowder,Tailwind,FieryDance,StruggleBug|Timid||F|||50|]Sinistcha||KasibBerry|Hospitality|MatchaGotcha,StrengthSap,CalmMind,TrickRoom|Bold|||||50|]Primarina||MysticWater|LiquidVoice|HyperVoice,Moonblast,DazzlingGleam,Protect|Modest||M|||50|]Mawile||Mawilite|HyperCutter|IronHead,PlayRough,SuckerPunch,SwordsDance|Brave||F|||50|
|showteam|p2|Excadrill||FocusSash|SandRush|HighHorsepower,RockSlide,IronHead,Protect|Adamant||F|||50|]Tyranitar||Tyranitarite|SandStream|KnockOff,RockSlide,DragonDance,Protect|Adamant||M|||50|]Sneasler||WhiteHerb|Unburden|CloseCombat,DireClaw,Coaching,FakeOut|Jolly||M|||50|]Incineroar||SitrusBerry|Intimidate|FlareBlitz,HelpingHand,PartingShot,FakeOut|Impish||F|||50|]Froslass||Froslassite|CursedBody|Blizzard,ShadowBall,NastyPlot,Protect|Timid||F|||50|]Sinistcha||ColburBerry|Hospitality|MatchaGotcha,TrickRoom,RagePowder,Protect|Bold|||||50|
|inactive|Battle timer is ON: inactive players will automatically lose when time's up. (requested by Z4RDEL)
|j| estupinanthepuledr
|j| chef orte
|j| rovesciaporci
|j| lakaka siuuu
|
|t:|1783948572
|teamsize|p1|4
|teamsize|p2|4
|start
|switch|p1a: Mawile|Mawile, L50, F|100/100
|switch|p1b: Volcarona|Volcarona, L50, F|100/100
|switch|p2a: Sidy|Incineroar, L50, F|100/100
|switch|p2b: odi et amo|Froslass, L50, F|100/100
|-ability|p2a: Sidy|Intimidate|boost
|-fail|p1a: Mawile|unboost|Attack|[from] ability: Hyper Cutter|[of] p1a: Mawile
|-unboost|p1b: Volcarona|atk|1
|turn|1
|j| pirro9
|inactive|Il Mule has 30 seconds left.
|inactive|Z4RDEL has 30 seconds left.
|c| pirro9|Si ha la mia spread primarina
|inactive|Il Mule has 20 seconds left.
|c| pirro9|Confermo
|inactive|Il Mule has 15 seconds left.
|
|t:|1783948622
|detailschange|p1a: Mawile|Mawile-Mega, L50, F
|-mega|p1a: Mawile|Mawile|Mawilite
|move|p2b: odi et amo|Shadow Ball|p1a: Mawile
|-damage|p1a: Mawile|74/100
|-unboost|p1a: Mawile|spd|1
|move|p1b: Volcarona|Tailwind|p1b: Volcarona
|-sidestart|p1: Z4RDEL|move: Tailwind
|move|p1a: Mawile|Swords Dance|p1a: Mawile
|-boost|p1a: Mawile|atk|2
|move|p2a: Sidy|Flare Blitz|p1a: Mawile
|-supereffective|p1a: Mawile|1
|-damage|p1a: Mawile|0 fnt
|faint|p1a: Mawile
|-damage|p2a: Sidy|80/100|[from] Recoil
|
|upkeep
|
|t:|1783948637
|switch|p1a: Primarina|Primarina, L50, M|100/100
|turn|2
|c| chef orte|interessante giocata
|c|☆Il Mule|alcuni direbbero
|c|☆Il Mule|taluni
|
|t:|1783948655
|switch|p2b: Las brulè|Sinistcha, L50|100/100
|-heal|p2a: Sidy|100/100|[from] ability: Hospitality|[of] p2b: Las brulè
|move|p1b: Volcarona|Fiery Dance|p2b: Las brulè
|-supereffective|p2b: Las brulè|1
|-damage|p2b: Las brulè|12/100
|-boost|p1b: Volcarona|spa|1
|move|p1a: Primarina|Hyper Voice|p2b: Las brulè|[spread] p2a,p2b
|-supereffective|p2a: Sidy|1
|-resisted|p2b: Las brulè|1
|-damage|p2a: Sidy|16/100
|-damage|p2b: Las brulè|0 fnt
|-enditem|p2a: Sidy|Sitrus Berry|[eat]
|-heal|p2a: Sidy|41/100|[from] item: Sitrus Berry
|faint|p2b: Las brulè
|move|p2a: Sidy|Parting Shot|p1a: Primarina
|-unboost|p1a: Primarina|atk|1
|-unboost|p1a: Primarina|spa|1
|c| chef orte|teorema di talete
|c|☆Il Mule|cazzo in culo non si vede
|
|t:|1783948673
|switch|p2a: Quando provo|Tyranitar, L50, M|100/100|[from] Parting Shot
|-weather|Sandstorm|[from] ability: Sand Stream|[of] p2a: Quando provo
|
|-weather|Sandstorm|[upkeep]
|-damage|p1b: Volcarona|93/100|[from] Sandstorm
|-damage|p1a: Primarina|94/100|[from] Sandstorm
|upkeep
|
|t:|1783948675
|switch|p2b: Sidy|Incineroar, L50, F|41/100
|-ability|p2b: Sidy|Intimidate|boost
|-unboost|p1a: Primarina|atk|1
|-unboost|p1b: Volcarona|atk|1
|turn|3
|c| chef orte|per la legge di Gay-Lussac?
|inactive|Z4RDEL has 30 seconds left.
|
|t:|1783948710
|switch|p1b: Sinistcha|Sinistcha, L50|100/100
|-heal|p1a: Primarina|100/100|[from] ability: Hospitality|[of] p1b: Sinistcha
|detailschange|p2a: Quando provo|Tyranitar-Mega, L50, M
|-mega|p2a: Quando provo|Tyranitar|Tyranitarite
|move|p2b: Sidy|Fake Out|p1a: Primarina
|-damage|p1a: Primarina|87/100
|cant|p1a: Primarina|flinch
|move|p2a: Quando provo|Dragon Dance|p2a: Quando provo
|-boost|p2a: Quando provo|atk|1
|-boost|p2a: Quando provo|spe|1
|
|-weather|Sandstorm|[upkeep]
|-damage|p1b: Sinistcha|93/100|[from] Sandstorm
|-damage|p1a: Primarina|81/100|[from] Sandstorm
|-damage|p2b: Sidy|35/100|[from] Sandstorm
|upkeep
|turn|4
|l| lakaka siuuu
|
|t:|1783948726
|switch|p1b: Volcarona|Volcarona, L50, F|93/100
|move|p2a: Quando provo|Knock Off|p1b: Volcarona
|-damage|p1b: Volcarona|0 fnt
|-enditem|p1b: Volcarona|Sitrus Berry|[from] move: Knock Off|[of] p2a: Quando provo
|faint|p1b: Volcarona
|move|p1a: Primarina|Hyper Voice|p2b: Sidy|[spread] p2a,p2b
|-supereffective|p2a: Quando provo|1
|-supereffective|p2b: Sidy|1
|-damage|p2a: Quando provo|67/100
|-damage|p2b: Sidy|0 fnt
|faint|p2b: Sidy
|
|-weather|Sandstorm|[upkeep]
|-damage|p1a: Primarina|75/100|[from] Sandstorm
|-sideend|p1: Z4RDEL|move: Tailwind
|upkeep
|c| chef orte|cazzo in culo fa ciac ciac
|j| lakaka siuuu
|
|t:|1783948735
|switch|p1b: Sinistcha|Sinistcha, L50|93/100
|switch|p2b: odi et amo|Froslass, L50, F|100/100
|-heal|p1a: Primarina|100/100|[from] ability: Hospitality|[of] p1b: Sinistcha
|turn|5
|c| rovesciaporci|il nostro ballo è proprio bello
|c|☆Il Mule|avesse pescato il burn avrei dichiarato guerra alla croazia
|
|t:|1783948760
|move|p2a: Quando provo|Knock Off|p1b: Sinistcha
|-supereffective|p1b: Sinistcha|1
|-damage|p1b: Sinistcha|0 fnt
|-enditem|p1b: Sinistcha|Kasib Berry|[from] move: Knock Off|[of] p2a: Quando provo
|faint|p1b: Sinistcha
|move|p2b: odi et amo|Nasty Plot|p2b: odi et amo
|-boost|p2b: odi et amo|spa|2
|move|p1a: Primarina|Hyper Voice|p2a: Quando provo|[spread] p2a,p2b
|-supereffective|p2a: Quando provo|1
|-damage|p2a: Quando provo|37/100
|-damage|p2b: odi et amo|57/100
|
|-weather|Sandstorm|[upkeep]
|-damage|p2b: odi et amo|51/100|[from] Sandstorm
|-damage|p1a: Primarina|94/100|[from] Sandstorm
|upkeep
|turn|6
|
|t:|1783948771
|move|p2a: Quando provo|Knock Off|p1a: Primarina
|-resisted|p1a: Primarina|1
|-damage|p1a: Primarina|41/100
|-enditem|p1a: Primarina|Mystic Water|[from] move: Knock Off|[of] p2a: Quando provo
|move|p2b: odi et amo|Shadow Ball|p1a: Primarina
|-damage|p1a: Primarina|2/100
|move|p1a: Primarina|Hyper Voice|p2b: odi et amo|[spread] p2a,p2b
|-supereffective|p2a: Quando provo|1
|-damage|p2a: Quando provo|11/100
|-damage|p2b: odi et amo|19/100
|
|-weather|none
|upkeep
|turn|7
|
|t:|1783948778
|move|p2a: Quando provo|Knock Off|p1a: Primarina
|-resisted|p1a: Primarina|1
|-damage|p1a: Primarina|0 fnt
|faint|p1a: Primarina
|
|win|Il Mule
