|j|☆Thunderhawk3
|j|☆RagingJudge
|html|Thunderhawk3RagingJudge    
|uhtml|bestof|Game 1 of a best-of-3
|t:|1757648995
|gametype|doubles
|player|p1|Thunderhawk3|swimmerf-gen4|1049
|player|p2|RagingJudge|silver|1136
|gen|9
|tier|[Gen 9] VGC 2025 Reg H (Bo3)
|rated|
|rule|Species Clause: Limit one of each Pokémon
|rule|Item Clause: Limit 1 of each item
|clearpoke
|poke|p1|Gholdengo, L50|
|poke|p1|Sneasler, L50, F|
|poke|p1|Amoonguss, L50, F|
|poke|p1|Incineroar, L50, F|
|poke|p1|Rillaboom, L50, M|
|poke|p1|Dragonite, L50, F|
|poke|p2|Ursaluna, L50, F|
|poke|p2|Gholdengo, L50|
|poke|p2|Porygon2, L50|
|poke|p2|Amoonguss, L50, M|
|poke|p2|Incineroar, L50, M|
|poke|p2|Hydreigon, L50, M|
|teampreview|4
|showteam|p1|Gholdengo||Leftovers|GoodasGold|Protect,MakeItRain,ShadowBall,NastyPlot||||||50|,,,,,Water]Sneasler||GrassySeed|Unburden|FakeOut,DireClaw,CloseCombat,Protect|||F|||50|,,,,,Ghost]Amoonguss||SitrusBerry|EffectSpore|PollenPuff,Spore,RagePowder,Protect|||F|||50|,,,,,Dark]Incineroar||SafetyGoggles|Intimidate|FakeOut,KnockOff,PartingShot,Taunt|||F|||50|,,,,,Water]Rillaboom||AssaultVest|GrassySurge|FakeOut,Uturn,GrassyGlide,WoodHammer|||M|||50|,,,,,Fire]Dragonite||LoadedDice|InnerFocus|ScaleShot,TeraBlast,Tailwind,Protect|||F|||50|,,,,,Flying
|showteam|p2|Ursaluna||FlameOrb|Guts|Facade,Earthquake,HeadlongRush,Protect|||F|||50|,,,,,Ghost]Gholdengo||MetalCoat|GoodasGold|MakeItRain,ShadowBall,NastyPlot,Protect||||||50|,,,,,Water]Porygon2||Eviolite|Download|TeraBlast,IceBeam,TrickRoom,Recover||||||50|,,,,,Fighting]Amoonguss||CovertCloak|Regenerator|Spore,RagePowder,PollenPuff,Protect|||M|||50|,,,,,Psychic]Incineroar||SitrusBerry|Intimidate|FakeOut,FlareBlitz,KnockOff,PartingShot|||M|||50|,,,,,Ghost]Hydreigon||SafetyGoggles|Levitate|DracoMeteor,Snarl,Tailwind,Protect|||M|||50|,,,,,Ghost
|inactive|Battle timer is ON: inactive players will automatically lose when time's up. (requested by Thunderhawk3)
|inactive|Thunderhawk3 has 60 seconds left.
|
|t:|1757649042
|teamsize|p1|4
|teamsize|p2|4
|start
|switch|p1a: Sneasler|Sneasler, L50, F|100/100
|switch|p1b: Incineroar|Incineroar, L50, F|100/100
|switch|p2a: Porygon2|Porygon2, L50|100/100
|switch|p2b: Incineroar|Incineroar, L50, M|100/100
|-ability|p1b: Incineroar|Intimidate|boost
|-unboost|p2a: Porygon2|atk|1
|-unboost|p2b: Incineroar|atk|1
|-ability|p2b: Incineroar|Intimidate|boost
|-unboost|p1a: Sneasler|atk|1
|-unboost|p1b: Incineroar|atk|1
|-ability|p2a: Porygon2|Download|boost
|-boost|p2a: Porygon2|atk|1
|turn|1
|
|t:|1757649055
|switch|p2a: Gholdengo|Gholdengo, L50|100/100
|move|p1a: Sneasler|Fake Out|p2b: Incineroar
|-damage|p2b: Incineroar|90/100
|move|p1b: Incineroar|Taunt|p2a: Gholdengo
|-immune|p2a: Gholdengo|[from] ability: Good as Gold
|cant|p2b: Incineroar|flinch
|
|upkeep
|turn|2
|
|t:|1757649068
|move|p2a: Gholdengo|Protect|p2a: Gholdengo
|-singleturn|p2a: Gholdengo|Protect
|move|p1a: Sneasler|Close Combat|p2b: Incineroar
|-supereffective|p2b: Incineroar
|-damage|p2b: Incineroar|6/100
|-unboost|p1a: Sneasler|def|1
|-unboost|p1a: Sneasler|spd|1
|-enditem|p2b: Incineroar|Sitrus Berry|[eat]
|-heal|p2b: Incineroar|31/100|[from] item: Sitrus Berry
|move|p1b: Incineroar|Knock Off|p2a: Gholdengo
|-activate|p2a: Gholdengo|move: Protect
|move|p2b: Incineroar|Parting Shot|p1a: Sneasler
|-unboost|p1a: Sneasler|atk|1
|-unboost|p1a: Sneasler|spa|1
|
|t:|1757649087
|switch|p2b: Porygon2|Porygon2, L50|100/100|[from] Parting Shot
|-ability|p2b: Porygon2|Download|boost
|-boost|p2b: Porygon2|atk|1
|
|upkeep
|turn|3
|inactive|Thunderhawk3 has 30 seconds left.
|
|t:|1757649116
|switch|p1a: Dragonite|Dragonite, L50, F|100/100
|switch|p2a: Ursaluna|Ursaluna, L50, F|100/100
|move|p1b: Incineroar|Knock Off|p2b: Porygon2
|-damage|p2b: Porygon2|86/100
|-enditem|p2b: Porygon2|Eviolite|[from] move: Knock Off|[of] p1b: Incineroar
|move|p2b: Porygon2|Trick Room|p2b: Porygon2
|-fieldstart|move: Trick Room|[of] p2b: Porygon2
|
|-status|p2a: Ursaluna|brn|[from] item: Flame Orb
|upkeep
|turn|4
|inactive|Thunderhawk3 has 30 seconds left.
|
|t:|1757649148
|-terastallize|p1b: Incineroar|Water
|move|p1a: Dragonite|Protect|p1a: Dragonite
|-singleturn|p1a: Dragonite|Protect
|move|p2a: Ursaluna|Facade|p1b: Incineroar
|-damage|p1b: Incineroar|0 fnt
|faint|p1b: Incineroar
|move|p2b: Porygon2|Tera Blast|p1a: Dragonite
|-activate|p1a: Dragonite|move: Protect
|
|-damage|p2a: Ursaluna|94/100 brn|[from] brn
|upkeep
|
|t:|1757649155
|switch|p1b: Sneasler|Sneasler, L50, F|100/100
|turn|5
|
|t:|1757649163
|-terastallize|p2a: Ursaluna|Ghost
|move|p1b: Sneasler|Fake Out|p2a: Ursaluna
|-immune|p2a: Ursaluna
|move|p2a: Ursaluna|Facade|p1a: Dragonite
|-damage|p1a: Dragonite|0 fnt
|faint|p1a: Dragonite
|move|p2b: Porygon2|Tera Blast|p1b: Sneasler
|-damage|p1b: Sneasler|58/100
|
|-damage|p2a: Ursaluna|88/100 brn|[from] brn
|upkeep
|
|t:|1757649166
|switch|p1a: Gholdengo|Gholdengo, L50|100/100
|turn|6
|
|t:|1757649178
|move|p1b: Sneasler|Protect|p1b: Sneasler
|-singleturn|p1b: Sneasler|Protect
|move|p2a: Ursaluna|Earthquake|p1a: Gholdengo|[spread] p2b,p1a
|-activate|p1b: Sneasler|move: Protect
|-supereffective|p1a: Gholdengo
|-damage|p2b: Porygon2|27/100
|-damage|p1a: Gholdengo|0 fnt
|faint|p1a: Gholdengo
|move|p2b: Porygon2|Recover|p2b: Porygon2
|-heal|p2b: Porygon2|77/100
|
|-damage|p2a: Ursaluna|82/100 brn|[from] brn
|upkeep
|turn|7
|
|t:|1757649182
|move|p1b: Sneasler|Protect||[still]
|-fail|p1b: Sneasler
|move|p2a: Ursaluna|Earthquake|p1b: Sneasler|[spread] p2b,p1b
|-supereffective|p1b: Sneasler
|-damage|p2b: Porygon2|20/100
|-damage|p1b: Sneasler|0 fnt
|faint|p1b: Sneasler
|
|win|RagingJudge
||RagingJudge is ready for game 2.
|l|☆Thunderhawk3
|player|p1|
|j|☆Thunderhawk3
|player|p1|Thunderhawk3|swimmerf-gen4|
|inactive|Thunderhawk3 has 30 seconds to confirm battle start!
||Thunderhawk3 is ready for game 2.
|uhtml|next|Next: Game 2 of 3
