|j|☆Pledgen
|j|☆mouseilluminati
|html|Pledgenmouseilluminati    
|uhtml|bestof|Game 2 of a best-of-3
|t:|1784164657
|gametype|doubles
|player|p1|Pledgen|169|1171
|player|p2|mouseilluminati|n|1223
|gen|9
|tier|[Gen 9 Champions] VGC 2026 Reg M-B (Bo3)
|rated|
|rule|Species Clause: Limit one of each Pokémon
|rule|Item Clause: Limit 1 of each item
|clearpoke
|poke|p1|Blaziken, L50, F|
|poke|p1|Floette-Eternal, L50, F|
|poke|p1|Charizard, L50, F|
|poke|p1|Garchomp, L50, F|
|poke|p1|Torkoal, L50, F|
|poke|p1|Vileplume, L50, F|
|poke|p2|Pyroar, L50, M|
|poke|p2|Basculegion, L50, M|
|poke|p2|Torkoal, L50, F|
|poke|p2|Whimsicott, L50, F|
|poke|p2|Mawile, L50, F|
|poke|p2|Farigiraf, L50, F|
|teampreview|4
|showteam|p1|Blaziken||FocusSash|SpeedBoost|CloseCombat,BlazeKick,Acrobatics,Counter|Adamant||F|||50|]Floette-Eternal||Floettite|FlowerVeil|DazzlingGleam,Moonblast,LightofRuin,Protect|Modest||F|||50|]Charizard||CharizarditeY|SolarPower|HeatWave,DragonPulse,SolarBeam,Protect|Timid||F|||50|]Garchomp||LifeOrb|RoughSkin|Earthquake,DragonClaw,RockSlide,Protect|Jolly||F|||50|]Torkoal||Charcoal|Drought|Eruption,EarthPower,SolarBeam,SludgeBomb|Modest||F|||50|]Vileplume||MentalHerb|Chlorophyll|AfterYou,SludgeBomb,SolarBeam,Protect|Timid||F|||50|
|showteam|p2|Pyroar||Pyroarite|Unnerve|HeatWave,Overheat,Protect,SolarBeam|Timid||M|||50|]Basculegion||LifeOrb|Adaptability|AquaJet,WaveCrash,Protect,LastRespects|Adamant||M|||50|]Torkoal||Charcoal|Drought|Eruption,WeatherBall,Protect,HelpingHand|Quiet||F|||50|]Whimsicott||FocusSash|Prankster|Moonblast,SunnyDay,Protect,Tailwind|Timid||F|||50|]Mawile||Mawilite|Intimidate|IronHead,PlayRough,Protect,SuckerPunch|Adamant||F|||50|]Farigiraf||ColburBerry|ArmorTail|FoulPlay,Psychic,HelpingHand,TrickRoom|Relaxed||F|||50|
|inactive|Battle timer is ON: inactive players will automatically lose when time's up. (requested by mouseilluminati)
|
|t:|1784164700
|teamsize|p1|4
|teamsize|p2|4
|start
|switch|p1a: Vileplume|Vileplume, L50, F|100/100
|switch|p1b: Floette|Floette-Eternal, L50, F|100/100
|switch|p2a: Whimsicott|Whimsicott, L50, F|100/100
|switch|p2b: Basculegion|Basculegion, L50, M|100/100
|turn|1
|
|t:|1784164714
|switch|p1b: Garchomp|Garchomp, L50, F|100/100
|switch|p2b: Pyroar|Pyroar, L50, M|100/100
|-ability|p2b: Pyroar|Unnerve
|move|p2a: Whimsicott|Tailwind|p2a: Whimsicott
|-sidestart|p2: mouseilluminati|move: Tailwind
|move|p1a: Vileplume|Sludge Bomb|p2a: Whimsicott
|-supereffective|p2a: Whimsicott|2
|-enditem|p2a: Whimsicott|Focus Sash
|-damage|p2a: Whimsicott|1/100
|
|upkeep
|turn|2
|inactive|Pledgen has 30 seconds left.
|
|t:|1784164743
|detailschange|p2b: Pyroar|Pyroar-Mega, L50, M
|-mega|p2b: Pyroar|Pyroar|Pyroarite
|move|p1b: Garchomp|Protect|p1b: Garchomp
|-singleturn|p1b: Garchomp|Protect
|move|p2b: Pyroar|Heat Wave|p1b: Garchomp|[spread] p1a
|-activate|p1b: Garchomp|move: Protect
|-supereffective|p1a: Vileplume|1
|-damage|p1a: Vileplume|0 fnt
|faint|p1a: Vileplume
|move|p2a: Whimsicott|Moonblast|p1b: Garchomp
|-activate|p1b: Garchomp|move: Protect
|
|upkeep
|
|t:|1784164751
|switch|p1a: Blaziken|Blaziken, L50, F|100/100
|turn|3
|
|t:|1784164766
|switch|p1b: Floette|Floette-Eternal, L50, F|100/100
|move|p2b: Pyroar|Protect|p2b: Pyroar
|-singleturn|p2b: Pyroar|Protect
|move|p2a: Whimsicott|Moonblast|p1b: Floette
|-damage|p1b: Floette|71/100
|move|p1a: Blaziken|Counter||[still]
|-fail|p1a: Blaziken
|
|-ability|p1a: Blaziken|Speed Boost|boost
|-boost|p1a: Blaziken|spe|1
|upkeep
|turn|4
|
|t:|1784164788
|switch|p2b: Basculegion|Basculegion, L50, M|100/100
|detailschange|p1b: Floette|Floette-Mega, L50, F
|-mega|p1b: Floette|Floette|Floettite
|-ability|p1b: Floette|Fairy Aura
|move|p2a: Whimsicott|Protect|p2a: Whimsicott
|-singleturn|p2a: Whimsicott|Protect
|move|p1a: Blaziken|Close Combat|p2b: Basculegion
|-immune|p2b: Basculegion
|move|p1b: Floette|Dazzling Gleam|p2b: Basculegion|[spread] p2b
|-activate|p2a: Whimsicott|move: Protect
|-damage|p2b: Basculegion|42/100
|
|-sideend|p2: mouseilluminati|move: Tailwind
|-ability|p1a: Blaziken|Speed Boost|boost
|-boost|p1a: Blaziken|spe|1
|upkeep
|turn|5
|inactive|Pledgen has 30 seconds left.
|inactive|mouseilluminati has 30 seconds left.
|inactive|mouseilluminati has 20 seconds left.
|
|t:|1784164824
|move|p2a: Whimsicott|Tailwind|p2a: Whimsicott
|-sidestart|p2: mouseilluminati|move: Tailwind
|move|p1a: Blaziken|Acrobatics|p2b: Basculegion
|-damage|p2b: Basculegion|19/100
|move|p2b: Basculegion|Wave Crash|p1b: Floette
|-damage|p1b: Floette|0 fnt
|faint|p1b: Floette
|-damage|p2b: Basculegion|0 fnt|[from] Recoil
|faint|p2b: Basculegion
|
|-ability|p1a: Blaziken|Speed Boost|boost
|-boost|p1a: Blaziken|spe|1
|upkeep
|
|t:|1784164836
|switch|p1b: Garchomp|Garchomp, L50, F|100/100
|switch|p2b: Farigiraf|Farigiraf, L50, F|100/100
|turn|6
|
|t:|1784164855
|move|p2a: Whimsicott|Protect|p2a: Whimsicott
|-singleturn|p2a: Whimsicott|Protect
|move|p1a: Blaziken|Blaze Kick|p2b: Farigiraf
|-damage|p2b: Farigiraf|62/100
|move|p1b: Garchomp|Rock Slide|p2b: Farigiraf|[spread] p2b
|-activate|p2a: Whimsicott|move: Protect
|-damage|p2b: Farigiraf|43/100
|-damage|p1b: Garchomp|90/100|[from] item: Life Orb
|move|p2b: Farigiraf|Psychic|p1a: Blaziken
|-supereffective|p1a: Blaziken|1
|-damage|p1a: Blaziken|1/100
|
|-ability|p1a: Blaziken|Speed Boost|boost
|-boost|p1a: Blaziken|spe|1
|upkeep
|turn|7
|inactive|mouseilluminati has 30 seconds left.
|inactive|mouseilluminati has 20 seconds left.
|
|t:|1784164892
|move|p1b: Garchomp|Protect|p1b: Garchomp
|-singleturn|p1b: Garchomp|Protect
|move|p1a: Blaziken|Acrobatics|p2b: Farigiraf
|-damage|p2b: Farigiraf|28/100
|move|p2a: Whimsicott|Moonblast|p1b: Garchomp
|-activate|p1b: Garchomp|move: Protect
|move|p2b: Farigiraf|Psychic|p1a: Blaziken
|-supereffective|p1a: Blaziken|1
|-damage|p1a: Blaziken|0 fnt
|faint|p1a: Blaziken
|
|upkeep
|turn|8
|l|☆Pledgen
|inactive|Pledgen disconnected and has a minute to reconnect!
|player|p1|
|inactive|Pledgen has 30 seconds left.
|inactive|mouseilluminati has 30 seconds left.
|inactive|Pledgen has 20 seconds left.
|inactive|mouseilluminati has 20 seconds left.
|inactive|Pledgen has 15 seconds left.
|inactive|mouseilluminati has 15 seconds left.
|inactive|Pledgen has 10 seconds left.
|inactive|mouseilluminati has 10 seconds left.
|inactive|Pledgen has 5 seconds left.
|-message|Pledgen lost due to inactivity.
|
|win|mouseilluminati
|raw|Pledgen's rating: 1171 → 1150(-21 for losing)
|raw|mouseilluminati's rating: 1223 → 1244(+21 for winning)
