|j|☆superslavery67
|j|☆That1Morpecko
|html|superslavery67That1Morpecko    
|uhtml|bestof|Game 2 of a best-of-3
|t:|1782240402
|gametype|doubles
|player|p1|superslavery67|266|1066
|player|p2|That1Morpecko|hiker-gen4|1079
|gen|9
|tier|[Gen 9 Champions] VGC 2026 Reg M-B (Bo3)
|rated|
|rule|Species Clause: Limit one of each Pokémon
|rule|Item Clause: Limit 1 of each item
|clearpoke
|poke|p1|Staraptor, L50, M|
|poke|p1|Tyranitar, L50, F|
|poke|p1|Whimsicott, L50, M|
|poke|p1|Farigiraf, L50, M|
|poke|p1|Gholdengo, L50|
|poke|p1|Zoroark, L50, M|
|poke|p2|Grimmsnarl, L50, M|
|poke|p2|Swampert, L50, M|
|poke|p2|Pelipper, L50, M|
|poke|p2|Archaludon, L50, F|
|poke|p2|Sinistcha, L50|
|poke|p2|Floette-Eternal, L50, F|
|teampreview|4
|showteam|p1|Staraptor||Staraptite|Reckless|Protect,Roost,CloseCombat,BraveBird|Jolly||M|||50|]Tyranitar||Tyranitarite|SandStream|Protect,DragonDance,RockSlide,KnockOff|Jolly||F|||50|]Whimsicott||FocusSash|Prankster|Tailwind,Protect,Taunt,Moonblast|Modest||M|||50|]Farigiraf||SitrusBerry|ArmorTail|TrickRoom,Protect,HyperVoice,Psychic|Modest||M|||50|]Gholdengo||Leftovers|GoodasGold|NastyPlot,Protect,MakeItRain,ShadowBall|Modest|||||50|]Zoroark||LifeOrb|Illusion|DarkPulse,Protect,Psychic,Encore|Timid||M|||50|
|showteam|p2|Grimmsnarl||LightClay|Prankster|FoulPlay,PartingShot,LightScreen,Reflect|Careful||M|||50|]Swampert||Swampertite|Torrent|WaveCrash,HighHorsepower,IcePunch,Protect|Adamant||M|||50|]Pelipper||SitrusBerry|Drizzle|Tailwind,Hurricane,WeatherBall,WideGuard|Modest||M|||50|]Archaludon||Leftovers|Stamina|ElectroShot,DragonPulse,FlashCannon,Protect|Modest||F|||50|]Sinistcha||CobaBerry|Hospitality|MatchaGotcha,RagePowder,LifeDew,Protect|Relaxed|||||50|]Floette-Eternal||Floettite|FlowerVeil|CalmMind,DazzlingGleam,Moonblast,Protect|Modest||F|||50|
|inactive|Battle timer is ON: inactive players will automatically lose when time's up. (requested by superslavery67)
|inactive|That1Morpecko also wants the timer to be on.
|inactive|superslavery67 has 60 seconds left.
|
|t:|1782240442
|teamsize|p1|4
|teamsize|p2|4
|start
|switch|p1a: Staraptor|Staraptor, L50, M|100/100
|switch|p1b: Farigiraf|Farigiraf, L50, M|100/100
|switch|p2a: Floette|Floette-Eternal, L50, F|100/100
|switch|p2b: Pelipper|Pelipper, L50, M|100/100
|-weather|RainDance|[from] ability: Drizzle|[of] p2b: Pelipper
|turn|1
|inactive|superslavery67 has 30 seconds left.
|
|t:|1782240476
|switch|p1a: Tyranitar|Tyranitar, L50, F|100/100
|-weather|Sandstorm|[from] ability: Sand Stream|[of] p1a: Tyranitar
|detailschange|p2a: Floette|Floette-Mega, L50, F
|-mega|p2a: Floette|Floette|Floettite
|-ability|p2a: Floette|Fairy Aura
|move|p1b: Farigiraf|Protect|p1b: Farigiraf
|-singleturn|p1b: Farigiraf|Protect
|move|p2a: Floette|Calm Mind|p2a: Floette
|-boost|p2a: Floette|spa|1
|-boost|p2a: Floette|spd|1
|move|p2b: Pelipper|Weather Ball|p1b: Farigiraf
|-activate|p1b: Farigiraf|move: Protect
|
|-weather|Sandstorm|[upkeep]
|-damage|p1b: Farigiraf|94/100|[from] Sandstorm
|-damage|p2a: Floette|93/100|[from] Sandstorm
|-damage|p2b: Pelipper|94/100|[from] Sandstorm
|upkeep
|turn|2
|
|t:|1782240496
|move|p2b: Pelipper|Wide Guard|p2b: Pelipper
|-singleturn|p2b: Pelipper|Wide Guard
|move|p1b: Farigiraf|Encore|p2a: Floette
|-start|p2a: Floette|Encore
|move|p2a: Floette|Calm Mind|p2a: Floette
|-boost|p2a: Floette|spa|1
|-boost|p2a: Floette|spd|1
|move|p1a: Tyranitar|Dragon Dance|p1a: Tyranitar
|-boost|p1a: Tyranitar|atk|1
|-boost|p1a: Tyranitar|spe|1
|
|-weather|Sandstorm|[upkeep]
|-damage|p1b: Farigiraf|88/100|[from] Sandstorm
|-damage|p2a: Floette|87/100|[from] Sandstorm
|-damage|p2b: Pelipper|88/100|[from] Sandstorm
|upkeep
|turn|3
|
|t:|1782240510
|switch|p2b: Sinistcha|Sinistcha, L50|100/100
|-heal|p2a: Floette|100/100|[from] ability: Hospitality|[of] p2b: Sinistcha
|move|p1a: Tyranitar|Dragon Dance|p1a: Tyranitar
|-boost|p1a: Tyranitar|atk|1
|-boost|p1a: Tyranitar|spe|1
|move|p1b: Farigiraf|Encore||[still]
|-fail|p1b: Farigiraf
|move|p2a: Floette|Calm Mind|p2a: Floette
|-boost|p2a: Floette|spa|1
|-boost|p2a: Floette|spd|1
|
|-weather|Sandstorm|[upkeep]
|-damage|p1b: Farigiraf|82/100|[from] Sandstorm
|-damage|p2a: Floette|93/100|[from] Sandstorm
|-damage|p2b: Sinistcha|93/100|[from] Sandstorm
|upkeep
|turn|4
|
|t:|1782240527
|move|p1a: Tyranitar|Knock Off|p2b: Sinistcha
|-supereffective|p2b: Sinistcha|1
|-damage|p2b: Sinistcha|0 fnt
|-enditem|p2b: Sinistcha|Coba Berry|[from] move: Knock Off|[of] p1a: Tyranitar
|faint|p2b: Sinistcha
|move|p1b: Farigiraf|Dark Pulse|p2a: Floette
|-resisted|p2a: Floette|1
|-damage|p2a: Floette|86/100
|-damage|p1b: Farigiraf|72/100|[from] item: Life Orb
|move|p2a: Floette|Calm Mind|p2a: Floette
|-boost|p2a: Floette|spa|1
|-boost|p2a: Floette|spd|1
|
|-weather|Sandstorm|[upkeep]
|-damage|p1b: Farigiraf|67/100|[from] Sandstorm
|-damage|p2a: Floette|80/100|[from] Sandstorm
|-end|p2a: Floette|Encore
|upkeep
|
|t:|1782240536
|switch|p2b: Pelipper|Pelipper, L50, M|88/100
|-weather|RainDance|[from] ability: Drizzle|[of] p2b: Pelipper
|turn|5
|l|☆superslavery67
|inactive|superslavery67 disconnected and has a minute to reconnect!
|player|p1|
|j|☆superslavery67
|inactive|superslavery67 reconnected and has 40 seconds left.
|player|p1|superslavery67|266|
|
|t:|1782240560
|move|p1a: Tyranitar|Rock Slide|p2b: Pelipper|[spread] p2a,p2b
|-supereffective|p2b: Pelipper|1
|-damage|p2a: Floette|16/100
|-damage|p2b: Pelipper|0 fnt
|faint|p2b: Pelipper
|move|p1b: Farigiraf|Encore|p2a: Floette
|-start|p2a: Floette|Encore
|cant|p2a: Floette|flinch
|
|-weather|RainDance|[upkeep]
|upkeep
|
|t:|1782240572
|switch|p2b: Archaludon|Archaludon, L50, F|100/100
|turn|6
|
|t:|1782240581
|move|p1a: Tyranitar|Knock Off|p2b: Archaludon
|-damage|p2b: Archaludon|21/100
|-ability|p2b: Archaludon|Stamina|boost
|-boost|p2b: Archaludon|def|1
|-enditem|p2b: Archaludon|Leftovers|[from] move: Knock Off|[of] p1a: Tyranitar
|move|p1b: Farigiraf|Dark Pulse|p2b: Archaludon
|-damage|p2b: Archaludon|0 fnt
|faint|p2b: Archaludon
|-damage|p1b: Farigiraf|57/100|[from] item: Life Orb
|move|p2a: Floette|Calm Mind|p2a: Floette
|-boost|p2a: Floette|spa|1
|-boost|p2a: Floette|spd|1
|
|-weather|RainDance|[upkeep]
|upkeep
|turn|7
|
|t:|1782240593
|move|p1a: Tyranitar|Knock Off|p2a: Floette
|-resisted|p2a: Floette|1
|-damage|p2a: Floette|0 fnt
|faint|p2a: Floette
|
|win|superslavery67
||That1Morpecko is ready for game 3.
||superslavery67 is ready for game 3.
|uhtml|next|Next: Game 3 of 3
|l|☆superslavery67
|player|p1|
