|j|☆Velocibakka
|j|☆RegiSIXSEVEN
|html|VelocibakkaRegiSIXSEVEN    
|uhtml|bestof|Game 3 of a best-of-3
|t:|1782314781
|gametype|doubles
|player|p1|Velocibakka|101|1100
|player|p2|RegiSIXSEVEN|steven|1122
|gen|9
|tier|[Gen 9 Champions] VGC 2026 Reg M-B (Bo3)
|rated|
|rule|Species Clause: Limit one of each Pokémon
|rule|Item Clause: Limit 1 of each item
|clearpoke
|poke|p1|Houndoom, L50, M|
|poke|p1|Torkoal, L50, F|
|poke|p1|Aegislash, L50, M|
|poke|p1|Skeledirge, L50, M|
|poke|p1|Dragonite, L50, M|
|poke|p1|Gardevoir, L50, M|
|poke|p2|Dragalge, L50, M, shiny|
|poke|p2|Kommo-o, L50, M, shiny|
|poke|p2|Rotom-Wash, L50, shiny|
|poke|p2|Tyranitar, L50, F, shiny|
|poke|p2|Serperior, L50, M, shiny|
|poke|p2|Incineroar, L50, F|
|teampreview|4
|showteam|p1|Houndoom||Houndoominite|FlashFire|HeatWave,NastyPlot,Protect,DarkPulse|Timid||M|||50|]Torkoal||HeatRock|Drought|ClearSmog,Protect,BodyPress,Eruption|Relaxed||F|||50|]Aegislash||ColburBerry|StanceChange|WideGuard,KingsShield,SacredSword,Poltergeist|Sassy||M|||50|]Skeledirge||Leftovers|Unaware|TorchSong,AlluringVoice,Protect,SlackOff|Quiet||M|||50|]Dragonite||Dragoninite|Multiscale|HeatWave,DracoMeteor,Protect,AirSlash|Modest||M|||50|]Gardevoir||FocusSash|Trace|TrickRoom,Psychic,Moonblast,Protect|Quiet||M|||50|
|showteam|p2|Dragalge||Dragalgite|Adaptability|SludgeBomb,DracoMeteor,Thunderbolt,FlipTurn|Sassy||M|||50|]Kommo-o||Leftovers|Overcoat|ClangingScales,AuraSphere,ClangorousSoul,Protect|Modest||M|||50|]Rotom-Wash||ChoiceScarf|Levitate|HydroPump,Thunderbolt,VoltSwitch,Electroweb|Modest|||||50|]Tyranitar||Tyranitarite|SandStream|RockSlide,KnockOff,DragonDance,Protect|Jolly||F|||50|]Serperior||MentalHerb|Contrary|LeafStorm,Reflect,LightScreen,Glare|Timid||M|||50|]Incineroar||ShucaBerry|Intimidate|FakeOut,FlareBlitz,ThroatChop,PartingShot|Careful||F|||50|
|inactive|Battle timer is ON: inactive players will automatically lose when time's up. (requested by RegiSIXSEVEN)
|inactive|RegiSIXSEVEN has 60 seconds left.
|
|t:|1782314827
|teamsize|p1|4
|teamsize|p2|4
|start
|switch|p1a: Torkoal|Torkoal, L50, F|100/100
|switch|p1b: Gardevoir|Gardevoir, L50, M|100/100
|switch|p2a: Incineroar|Incineroar, L50, F|100/100
|switch|p2b: Tyranitar|Tyranitar, L50, F, shiny|100/100
|-weather|Sandstorm|[from] ability: Sand Stream|[of] p2b: Tyranitar
|-ability|p1b: Gardevoir|Intimidate|Trace|[from] ability: Trace|[of] p2a: Incineroar
|-ability|p1b: Gardevoir|Intimidate|boost
|-unboost|p2a: Incineroar|atk|1
|-unboost|p2b: Tyranitar|atk|1
|-ability|p2a: Incineroar|Intimidate|boost
|-unboost|p1a: Torkoal|atk|1
|-unboost|p1b: Gardevoir|atk|1
|-weather|SunnyDay|[from] ability: Drought|[of] p1a: Torkoal
|turn|1
|
|t:|1782314846
|switch|p1a: Aegislash|Aegislash, L50, M|100/100
|detailschange|p2b: Tyranitar|Tyranitar-Mega, L50, F, shiny
|-mega|p2b: Tyranitar|Tyranitar|Tyranitarite
|-weather|Sandstorm|[from] ability: Sand Stream|[of] p2b: Tyranitar
|move|p2a: Incineroar|Fake Out|p1a: Aegislash
|-immune|p1a: Aegislash
|move|p2b: Tyranitar|Dragon Dance|p2b: Tyranitar
|-boost|p2b: Tyranitar|atk|1
|-boost|p2b: Tyranitar|spe|1
|move|p1b: Gardevoir|Trick Room|p1b: Gardevoir
|-fieldstart|move: Trick Room|[of] p1b: Gardevoir
|
|-weather|Sandstorm|[upkeep]
|-damage|p2a: Incineroar|94/100|[from] Sandstorm
|-damage|p1b: Gardevoir|94/100|[from] Sandstorm
|upkeep
|turn|2
|
|t:|1782314870
|switch|p1b: Torkoal|Torkoal, L50, F|100/100
|-weather|SunnyDay|[from] ability: Drought|[of] p1b: Torkoal
|move|p1a: Aegislash|Wide Guard|p1a: Aegislash
|-singleturn|p1a: Aegislash|Wide Guard
|move|p2a: Incineroar|Parting Shot|p1b: Torkoal
|-unboost|p1b: Torkoal|atk|1
|-unboost|p1b: Torkoal|spa|1
|
|t:|1782314879
|switch|p2a: Dragalge|Dragalge, L50, M, shiny|100/100|[from] Parting Shot
|move|p2b: Tyranitar|Knock Off|p1a: Aegislash
|-supereffective|p1a: Aegislash|1
|-enditem|p1a: Aegislash|Colbur Berry|[eat]
|-enditem|p1a: Aegislash|Colbur Berry|[weaken]
|-damage|p1a: Aegislash|48/100
|
|-weather|SunnyDay|[upkeep]
|upkeep
|turn|3
|
|t:|1782314903
|move|p2b: Tyranitar|Protect|p2b: Tyranitar
|-singleturn|p2b: Tyranitar|Protect
|move|p1b: Torkoal|Body Press|p2b: Tyranitar
|-activate|p2b: Tyranitar|move: Protect
|move|p2a: Dragalge|Draco Meteor|p1b: Torkoal
|-damage|p1b: Torkoal|18/100
|-unboost|p2a: Dragalge|spa|2
|-formechange|p1a: Aegislash|Aegislash-Blade|
|move|p1a: Aegislash|Poltergeist|p2a: Dragalge
|-activate|p2a: Dragalge|move: Poltergeist|Dragalgite
|-damage|p2a: Dragalge|25/100
|
|-weather|SunnyDay|[upkeep]
|upkeep
|turn|4
|inactive|RegiSIXSEVEN has 30 seconds left.
|inactive|Velocibakka has 30 seconds left.
|
|t:|1782314933
|switch|p2b: Incineroar|Incineroar, L50, F|94/100
|-ability|p2b: Incineroar|Intimidate|boost
|-unboost|p1a: Aegislash|atk|1
|-unboost|p1b: Torkoal|atk|1
|move|p1b: Torkoal|Body Press|p2b: Incineroar
|-supereffective|p2b: Incineroar|1
|-damage|p2b: Incineroar|41/100
|move|p2a: Dragalge|Flip Turn|p1b: Torkoal
|-supereffective|p1b: Torkoal|1
|-damage|p1b: Torkoal|11/100
|
|t:|1782314943
|switch|p2a: Tyranitar|Tyranitar-Mega, L50, F, shiny|100/100|[from] Flip Turn
|-weather|Sandstorm|[from] ability: Sand Stream|[of] p2a: Tyranitar
|move|p1a: Aegislash|Sacred Sword|p2b: Incineroar
|-supereffective|p2b: Incineroar|1
|-damage|p2b: Incineroar|5/100
|
|-weather|Sandstorm|[upkeep]
|-damage|p1b: Torkoal|6/100|[from] Sandstorm
|-damage|p2b: Incineroar|0 fnt|[from] Sandstorm
|faint|p2b: Incineroar
|upkeep
|
|t:|1782314952
|switch|p2b: Rotom|Rotom-Wash, L50, shiny|100/100
|turn|5
|
|t:|1782314975
|move|p2a: Tyranitar|Protect|p2a: Tyranitar
|-singleturn|p2a: Tyranitar|Protect
|move|p1b: Torkoal|Body Press|p2a: Tyranitar
|-activate|p2a: Tyranitar|move: Protect
|move|p1a: Aegislash|Poltergeist|p2b: Rotom
|-activate|p2b: Rotom|move: Poltergeist|Choice Scarf
|-damage|p2b: Rotom|54/100
|move|p2b: Rotom|Thunderbolt|p1a: Aegislash
|-damage|p1a: Aegislash|0 fnt
|faint|p1a: Aegislash
|
|-weather|Sandstorm|[upkeep]
|-damage|p1b: Torkoal|1/100|[from] Sandstorm
|-damage|p2b: Rotom|49/100|[from] Sandstorm
|-fieldend|move: Trick Room
|upkeep
|
|t:|1782314989
|switch|p1a: Gardevoir|Gardevoir, L50, M|94/100
|-ability|p1a: Gardevoir|Levitate|Trace|[from] ability: Trace|[of] p2b: Rotom
|turn|6
|
|t:|1782315002
|move|p2b: Rotom|Thunderbolt|p1b: Torkoal
|-damage|p1b: Torkoal|0 fnt
|faint|p1b: Torkoal
|move|p2a: Tyranitar|Knock Off|p1a: Gardevoir
|-damage|p1a: Gardevoir|0 fnt
|-enditem|p1a: Gardevoir|Focus Sash|[from] move: Knock Off|[of] p2a: Tyranitar
|faint|p1a: Gardevoir
|
|-weather|Sandstorm|[upkeep]
|-damage|p2b: Rotom|43/100|[from] Sandstorm
|upkeep
|
|t:|1782315006
|switch|p1b: Dragonite|Dragonite, L50, M|100/100
|turn|7
|
|t:|1782315014
|detailschange|p1b: Dragonite|Dragonite-Mega, L50, M
|-mega|p1b: Dragonite|Dragonite|Dragoninite
|move|p2b: Rotom|Thunderbolt|p1b: Dragonite
|-damage|p1b: Dragonite|81/100
|move|p1b: Dragonite|Draco Meteor|p2a: Tyranitar|[miss]
|-miss|p1b: Dragonite|p2a: Tyranitar
|move|p2a: Tyranitar|Dragon Dance|p2a: Tyranitar
|-boost|p2a: Tyranitar|atk|1
|-boost|p2a: Tyranitar|spe|1
|
|-weather|Sandstorm|[upkeep]
|-damage|p2b: Rotom|37/100|[from] Sandstorm
|-damage|p1b: Dragonite|75/100|[from] Sandstorm
|upkeep
|turn|8
|
|t:|1782315022
|move|p2a: Tyranitar|Rock Slide|p1b: Dragonite
|-supereffective|p1b: Dragonite|1
|-damage|p1b: Dragonite|0 fnt
|faint|p1b: Dragonite
|
|win|RegiSIXSEVEN
|raw|Velocibakka's rating: 1100 → 1077(-23 for losing)
|raw|RegiSIXSEVEN's rating: 1122 → 1145(+23 for winning)
