|j|☆pinogrezzo
|j|☆ferpshowdown
|html|pinogrezzoferpshowdown    
|uhtml|bestof|Game 1 of a best-of-3
|t:|1784281266
|gametype|doubles
|player|p1|pinogrezzo|101|1233
|player|p2|ferpshowdown|lucas|1249
|gen|9
|tier|[Gen 9 Champions] VGC 2026 Reg M-B (Bo3)
|rated|
|rule|Species Clause: Limit one of each Pokémon
|rule|Item Clause: Limit 1 of each item
|clearpoke
|poke|p1|Staraptor, L50, M, shiny|
|poke|p1|Metagross, L50, shiny|
|poke|p1|Primarina, L50, F, shiny|
|poke|p1|Ceruledge, L50, M, shiny|
|poke|p1|Grimmsnarl, L50, M, shiny|
|poke|p1|Glimmora, L50, F, shiny|
|poke|p2|Charizard, L50, F|
|poke|p2|Garchomp, L50, M|
|poke|p2|Aerodactyl, L50, F|
|poke|p2|Farigiraf, L50, M|
|poke|p2|Kingambit, L50, M|
|poke|p2|Sylveon, L50, F|
|teampreview|4
|showteam|p1|Staraptor||Staraptite|Intimidate|Protect,CloseCombat,DualWingbeat,Roost|Adamant||M|||50|]Metagross||Metagrossite|ClearBody|Protect,IronHead,PsychicFangs,StompingTantrum|Jolly|||||50|]Primarina||MysticWater|LiquidVoice|Protect,Moonblast,HyperVoice,EnergyBall|Modest||F|||50|]Ceruledge||ColburBerry|FlashFire|Protect,BulkUp,BitterBlade,ShadowSneak|Adamant||M|||50|]Grimmsnarl||LightClay|Prankster|PartingShot,SpiritBreak,LightScreen,Reflect|Careful||M|||50|]Glimmora||FocusSash|ToxicDebris|SpikyShield,PowerGem,SludgeBomb,EarthPower|Modest||F|||50|
|showteam|p2|Charizard||CharizarditeY|Blaze|HeatWave,WeatherBall,SolarBeam,Protect|Modest||F|||50|]Garchomp||LifeOrb|RoughSkin|DragonClaw,Earthquake,RockSlide,Protect|Jolly||M|||50|]Aerodactyl||Aerodactylite|RockHead|RockSlide,IceFang,Tailwind,WideGuard|Jolly||F|||50|]Farigiraf||SitrusBerry|ArmorTail|PsychicFangs,Thunderbolt,SunnyDay,TrickRoom|Relaxed||M|||50|]Kingambit||FocusSash|Defiant|KowtowCleave,IronHead,SuckerPunch,LowKick|Adamant||M|||50|]Sylveon||FairyFeather|Pixilate|HyperVoice,HyperBeam,QuickAttack,Detect|Modest||F|||50|
|inactive|Battle timer is ON: inactive players will automatically lose when time's up. (requested by pinogrezzo)
|inactive|ferpshowdown has 60 seconds left.
|
|t:|1784281366
|teamsize|p1|4
|teamsize|p2|4
|start
|switch|p1a: Staraptor|Staraptor, L50, M, shiny|100/100
|switch|p1b: Grimmsnarl|Grimmsnarl, L50, M, shiny|100/100
|switch|p2a: Aerodactyl|Aerodactyl, L50, F|100/100
|switch|p2b: Kingambit|Kingambit, L50, M|100/100
|-ability|p1a: Staraptor|Intimidate|boost
|-unboost|p2a: Aerodactyl|atk|1
|-unboost|p2b: Kingambit|atk|1
|-ability|p2b: Kingambit|Defiant|boost
|-boost|p2b: Kingambit|atk|2
|turn|1
|inactive|ferpshowdown has 30 seconds left.
|inactive|ferpshowdown has 20 seconds left.
|
|t:|1784281404
|detailschange|p2a: Aerodactyl|Aerodactyl-Mega, L50, F
|-mega|p2a: Aerodactyl|Aerodactyl|Aerodactylite
|detailschange|p1a: Staraptor|Staraptor-Mega, L50, M, shiny
|-mega|p1a: Staraptor|Staraptor|Staraptite
|move|p1b: Grimmsnarl|Reflect|p1b: Grimmsnarl
|-sidestart|p1: pinogrezzo|Reflect
|move|p2a: Aerodactyl|Tailwind|p2a: Aerodactyl
|-sidestart|p2: ferpshowdown|move: Tailwind
|move|p2b: Kingambit|Kowtow Cleave|p1a: Staraptor
|-resisted|p1a: Staraptor|1
|-damage|p1a: Staraptor|74/100
|move|p1a: Staraptor|Close Combat|p2b: Kingambit
|-supereffective|p2b: Kingambit|2
|-enditem|p2b: Kingambit|Focus Sash
|-damage|p2b: Kingambit|1/100
|-boost|p1a: Staraptor|def|1
|-boost|p1a: Staraptor|spd|1
|
|upkeep
|turn|2
|inactive|ferpshowdown has 30 seconds left.
|
|t:|1784281438
|move|p2a: Aerodactyl|Ice Fang|p1a: Staraptor
|-supereffective|p1a: Staraptor|1
|-damage|p1a: Staraptor|53/100
|move|p2b: Kingambit|Kowtow Cleave|p1a: Staraptor
|-resisted|p1a: Staraptor|1
|-damage|p1a: Staraptor|35/100
|cant|p1a: Staraptor|flinch
|move|p1b: Grimmsnarl|Spirit Break|p2b: Kingambit
|-damage|p2b: Kingambit|0 fnt
|faint|p2b: Kingambit
|
|upkeep
|
|t:|1784281455
|switch|p2b: Sylveon|Sylveon, L50, F|100/100
|turn|3
|
|t:|1784281468
|move|p1a: Staraptor|Protect|p1a: Staraptor
|-singleturn|p1a: Staraptor|Protect
|move|p1b: Grimmsnarl|Light Screen|p1b: Grimmsnarl
|-sidestart|p1: pinogrezzo|move: Light Screen
|move|p2a: Aerodactyl|Rock Slide|p1a: Staraptor|[spread] p1b
|-activate|p1a: Staraptor|move: Protect
|-damage|p1b: Grimmsnarl|84/100
|move|p2b: Sylveon|Hyper Voice|p1b: Grimmsnarl|[spread] p1b
|-activate|p1a: Staraptor|move: Protect
|-supereffective|p1b: Grimmsnarl|1
|-damage|p1b: Grimmsnarl|30/100
|
|upkeep
|turn|4
|
|t:|1784281489
|move|p1b: Grimmsnarl|Parting Shot|p2b: Sylveon
|-unboost|p2b: Sylveon|atk|1
|-unboost|p2b: Sylveon|spa|1
|
|t:|1784281491
|switch|p1b: Ceruledge|Ceruledge, L50, M, shiny|100/100|[from] Parting Shot
|move|p2a: Aerodactyl|Ice Fang|p1a: Staraptor
|-supereffective|p1a: Staraptor|1
|-crit|p1a: Staraptor
|-damage|p1a: Staraptor|0 fnt
|faint|p1a: Staraptor
|move|p2b: Sylveon|Hyper Voice|p1b: Ceruledge
|-resisted|p1b: Ceruledge|1
|-damage|p1b: Ceruledge|86/100
|
|-sideend|p2: ferpshowdown|move: Tailwind
|upkeep
|
|t:|1784281497
|switch|p1a: Primarina|Primarina, L50, F, shiny|100/100
|turn|5
|
|t:|1784281510
|switch|p2b: Garchomp|Garchomp, L50, M|100/100
|move|p2a: Aerodactyl|Tailwind|p2a: Aerodactyl
|-sidestart|p2: ferpshowdown|move: Tailwind
|move|p1b: Ceruledge|Bulk Up|p1b: Ceruledge
|-boost|p1b: Ceruledge|atk|1
|-boost|p1b: Ceruledge|def|1
|move|p1a: Primarina|Hyper Voice|p2a: Aerodactyl|[spread] p2a,p2b
|-supereffective|p2a: Aerodactyl|1
|-crit|p2b: Garchomp
|-damage|p2a: Aerodactyl|0 fnt
|-damage|p2b: Garchomp|23/100
|faint|p2a: Aerodactyl
|
|upkeep
|
|t:|1784281521
|switch|p2a: Sylveon|Sylveon, L50, F|100/100
|turn|6
|
|t:|1784281528
|move|p2b: Garchomp|Rock Slide|p1b: Ceruledge|[spread] p1a,p1b
|-supereffective|p1b: Ceruledge|1
|-damage|p1a: Primarina|80/100
|-damage|p1b: Ceruledge|61/100
|-damage|p2b: Garchomp|14/100|[from] item: Life Orb
|move|p2a: Sylveon|Hyper Voice|p1a: Primarina|[spread] p1a,p1b
|-resisted|p1b: Ceruledge|1
|-damage|p1a: Primarina|52/100
|-damage|p1b: Ceruledge|46/100
|cant|p1b: Ceruledge|flinch
|move|p1a: Primarina|Hyper Voice|p2a: Sylveon|[spread] p2a,p2b
|-crit|p2a: Sylveon
|-damage|p2a: Sylveon|45/100
|-damage|p2b: Garchomp|0 fnt
|faint|p2b: Garchomp
|
|upkeep
|turn|7
|
|t:|1784281543
|move|p2a: Sylveon|Hyper Voice|p1a: Primarina|[spread] p1a,p1b
|-resisted|p1b: Ceruledge|1
|-damage|p1a: Primarina|25/100
|-damage|p1b: Ceruledge|28/100
|move|p1b: Ceruledge|Bitter Blade|p2a: Sylveon
|-damage|p2a: Sylveon|0 fnt
|-heal|p1b: Ceruledge|50/100g|[from] drain|[of] p2a: Sylveon
|faint|p2a: Sylveon
|
|win|pinogrezzo
||pinogrezzo is ready for game 2.
||ferpshowdown is ready for game 2.
|uhtml|next|Next: Game 2 of 3
