|j|☆HumanPlaysVGC
|j|☆KnatterKnabe
|html|HumanPlaysVGCKnatterKnabe    
|uhtml|bestof|Game 1 of a best-of-3
|t:|1757769724
|gametype|doubles
|player|p1|HumanPlaysVGC|n-masters3|1113
|player|p2|KnatterKnabe|101|1036
|gen|9
|tier|[Gen 9] VGC 2025 Reg H (Bo3)
|rated|
|rule|Species Clause: Limit one of each Pokémon
|rule|Item Clause: Limit 1 of each item
|clearpoke
|poke|p1|Weezing-Galar, L50, F|
|poke|p1|Toedscruel, L50, M|
|poke|p1|Corviknight, L50, F|
|poke|p1|Incineroar, L50, F|
|poke|p1|Garchomp, L50, M|
|poke|p1|Indeedee, L50, M|
|poke|p2|Dragonite, L50, M|
|poke|p2|Ursaluna-Bloodmoon, L50, M|
|poke|p2|Gholdengo, L50|
|poke|p2|Rillaboom, L50, F|
|poke|p2|Talonflame, L50, F|
|poke|p2|Grimmsnarl, L50, M|
|teampreview|4
|showteam|p1|Weezing-Galar||SitrusBerry|NeutralizingGas|DazzlingGleam,SludgeBomb,Protect,Taunt|||F|||50|,,,,,Grass]Toedscruel||CovertCloak|MyceliumMight|Spore,RagePowder,EarthPower,AcidSpray|||M|||50|,,,,,Water]Corviknight||RockyHelmet|MirrorArmor|Tailwind,BraveBird,Protect,Roost|||F|||50|,,,,,Dragon]Incineroar||AbilityShield|Intimidate|FakeOut,KnockOff,PartingShot,Taunt|||F|||50|,,,,,Ghost]Garchomp||LifeOrb|RoughSkin|DragonClaw,Earthquake,Protect,StompingTantrum|||M|||50|,,,,,Ground]Indeedee||FocusSash|PsychicSurge|ExpandingForce,DazzlingGleam,Protect,TrickRoom|||M|||50|,,,,,Psychic
|showteam|p2|Dragonite||LoadedDice|Multiscale|ScaleShot,Tailwind,Protect,Haze|||M|||50|,,,,,Fairy]Ursaluna-Bloodmoon||AssaultVest|MindsEye|BloodMoon,HyperVoice,EarthPower,VacuumWave|||M|||50|,,,,,Normal]Gholdengo||LifeOrb|GoodasGold|MakeItRain,ShadowBall,NastyPlot,Protect||||||50|,,,,,Water]Rillaboom||MiracleSeed|GrassySurge|FakeOut,Uturn,WoodHammer,GrassyGlide|||F|||50|,,,,,Fire]Talonflame||CovertCloak|GaleWings|DualWingbeat,Tailwind,Protect,WillOWisp|||F|||50|,,,,,Ghost]Grimmsnarl||LightClay|Prankster|FoulPlay,LightScreen,Reflect,PartingShot|||M|||50|,,,,,Ghost
|
|t:|1757769766
|teamsize|p1|4
|teamsize|p2|4
|start
|switch|p1a: Weezing|Weezing-Galar, L50, F|100/100
|switch|p1b: Toedscruel|Toedscruel, L50, M|100/100
|switch|p2a: Grimmsnarl|Grimmsnarl, L50, M|100/100
|switch|p2b: Dragonite|Dragonite, L50, M, shiny|100/100
|-ability|p1a: Weezing|Neutralizing Gas
|turn|1
|inactive|Battle timer is ON: inactive players will automatically lose when time's up. (requested by HumanPlaysVGC)
|
|t:|1757769791
|move|p1b: Toedscruel|Spore|p2b: Dragonite
|-status|p2b: Dragonite|slp|[from] move: Spore
|cant|p2b: Dragonite|slp
|move|p1a: Weezing|Taunt|p2a: Grimmsnarl
|-start|p2a: Grimmsnarl|move: Taunt
|cant|p2a: Grimmsnarl|move: Taunt|Light Screen
|
|upkeep
|turn|2
|
|t:|1757769804
|move|p1b: Toedscruel|Acid Spray|p2b: Dragonite
|-damage|p2b: Dragonite|92/100 slp
|-unboost|p2b: Dragonite|spd|2
|cant|p2b: Dragonite|slp
|move|p1a: Weezing|Dazzling Gleam|p2b: Dragonite|[spread] p2a,p2b
|-supereffective|p2a: Grimmsnarl
|-supereffective|p2b: Dragonite
|-damage|p2a: Grimmsnarl|66/100
|-damage|p2b: Dragonite|12/100 slp
|move|p2a: Grimmsnarl|Foul Play|p1b: Toedscruel
|-damage|p1b: Toedscruel|77/100
|
|upkeep
|turn|3
|
|t:|1757769821
|move|p1b: Toedscruel|Acid Spray|p2a: Grimmsnarl
|-supereffective|p2a: Grimmsnarl
|-damage|p2a: Grimmsnarl|51/100
|-unboost|p2a: Grimmsnarl|spd|2
|-curestatus|p2b: Dragonite|slp|[msg]
|move|p2b: Dragonite|Scale Shot|p1b: Toedscruel
|-damage|p1b: Toedscruel|57/100
|-damage|p1b: Toedscruel|38/100
|-damage|p1b: Toedscruel|18/100
|-damage|p1b: Toedscruel|0 fnt
|faint|p1b: Toedscruel
|-hitcount|p1: Toedscruel|4
|-unboost|p2b: Dragonite|def|1
|-boost|p2b: Dragonite|spe|1
|move|p1a: Weezing|Dazzling Gleam|p2b: Dragonite|[spread] p2a,p2b
|-supereffective|p2a: Grimmsnarl
|-supereffective|p2b: Dragonite
|-damage|p2a: Grimmsnarl|0 fnt
|-damage|p2b: Dragonite|0 fnt
|faint|p2a: Grimmsnarl
|faint|p2b: Dragonite
|
|upkeep
|inactive|HumanPlaysVGC has 30 seconds left.
|
|t:|1757769846
|switch|p1b: Corviknight|Corviknight, L50, F|100/100
|switch|p2b: Rillaboom|Rillaboom, L50, F|100/100
|switch|p2a: Ursaluna|Ursaluna-Bloodmoon, L50, M|100/100
|turn|4
|
|t:|1757769868
|-terastallize|p2a: Ursaluna|Normal
|move|p1b: Corviknight|Protect|p1b: Corviknight
|-singleturn|p1b: Corviknight|Protect
|move|p1a: Weezing|Protect|p1a: Weezing
|-singleturn|p1a: Weezing|Protect
|move|p2b: Rillaboom|Fake Out|p1b: Corviknight
|-activate|p1b: Corviknight|move: Protect
|move|p2a: Ursaluna|Blood Moon|p1a: Weezing
|-activate|p1a: Weezing|move: Protect
|
|upkeep
|turn|5
|
|t:|1757769888
|move|p2b: Rillaboom|Wood Hammer|p1a: Weezing
|-resisted|p1a: Weezing
|-damage|p1a: Weezing|69/100
|-damage|p2b: Rillaboom|91/100|[from] Recoil
|move|p1b: Corviknight|Tailwind|p1b: Corviknight
|-sidestart|p1: HumanPlaysVGC|move: Tailwind
|move|p1a: Weezing|Sludge Bomb|p2b: Rillaboom
|-supereffective|p2b: Rillaboom
|-damage|p2b: Rillaboom|19/100
|move|p2a: Ursaluna|Hyper Voice|p1b: Corviknight|[spread] p1a,p1b
|-resisted|p1b: Corviknight
|-damage|p1a: Weezing|16/100
|-damage|p1b: Corviknight|78/100
|-enditem|p1a: Weezing|Sitrus Berry|[eat]
|-heal|p1a: Weezing|41/100|[from] item: Sitrus Berry
|
|upkeep
|turn|6
|
|t:|1757769908
|move|p1b: Corviknight|Brave Bird|p2a: Ursaluna
|-damage|p2a: Ursaluna|70/100
|-damage|p1b: Corviknight|67/100|[from] Recoil
|move|p1a: Weezing|Sludge Bomb|p2b: Rillaboom
|-supereffective|p2b: Rillaboom
|-damage|p2b: Rillaboom|0 fnt
|faint|p2b: Rillaboom
|move|p2a: Ursaluna|Hyper Voice|p1a: Weezing|[spread] p1a,p1b
|-resisted|p1b: Corviknight
|-damage|p1a: Weezing|0 fnt
|-damage|p1b: Corviknight|47/100
|faint|p1a: Weezing
|-end|p1a: Weezing|ability: Neutralizing Gas
|
|upkeep
|
|t:|1757769920
|switch|p1a: Garchomp|Garchomp, L50, M|100/100
|turn|7
|
|t:|1757769932
|-terastallize|p1a: Garchomp|Ground
|move|p1a: Garchomp|Earthquake|p2a: Ursaluna|[spread] p2a
|-immune|p1b: Corviknight
|-damage|p2a: Ursaluna|12/100
|-damage|p1a: Garchomp|91/100|[from] item: Life Orb
|move|p1b: Corviknight|Brave Bird|p2a: Ursaluna
|-damage|p2a: Ursaluna|0 fnt
|faint|p2a: Ursaluna
|-damage|p1b: Corviknight|43/100|[from] Recoil
|
|win|HumanPlaysVGC
|inactive|HumanPlaysVGC has 30 seconds to confirm battle start!
|inactive|KnatterKnabe has 30 seconds to confirm battle start!
|l|☆KnatterKnabe
|player|p2|
||HumanPlaysVGC is ready for game 2.
|inactive|KnatterKnabe has 20 seconds to confirm battle start!
|inactive|KnatterKnabe has 10 seconds to confirm battle start!
|uhtml|next|Next: Game 2 of 3
