|j|☆SamuelJacksonheehe
|j|☆CrustleUK
|html|SamuelJacksonheeheCrustleUK    
|uhtml|bestof|Game 2 of a best-of-3
|t:|1756752717
|gametype|doubles
|player|p1|SamuelJacksonheehe|101|1315
|player|p2|CrustleUK|acetrainersnow|1245
|gen|9
|tier|[Gen 9] VGC 2025 Reg H (Bo3)
|rated|
|rule|Species Clause: Limit one of each Pokémon
|rule|Item Clause: Limit 1 of each item
|clearpoke
|poke|p1|Pelipper, L50, F|
|poke|p1|Archaludon, L50, M|
|poke|p1|Amoonguss, L50, F|
|poke|p1|Garchomp, L50, F|
|poke|p1|Incineroar, L50, F|
|poke|p1|Basculegion, L50, M|
|poke|p2|Ursaluna, L50, M|
|poke|p2|Gholdengo, L50|
|poke|p2|Sneasler, L50, F|
|poke|p2|Incineroar, L50, M|
|poke|p2|Porygon2, L50|
|poke|p2|Amoonguss, L50, F|
|teampreview|4
|showteam|p1|Pelipper||FocusSash|Drizzle|WeatherBall,Hurricane,Tailwind,Protect|||F|||50|,,,,,Stellar]Archaludon||AssaultVest|Stamina|ElectroShot,Snarl,BodyPress,FlashCannon|||M|||50|,,,,,Fighting]Amoonguss||SitrusBerry|Regenerator|RagePowder,Spore,PollenPuff,Protect|||F|||50|,,,,,Psychic]Garchomp||LoadedDice|RoughSkin|ScaleShot,Earthquake,StompingTantrum,Protect|||F|||50|,,,,,Steel]Incineroar||SafetyGoggles|Intimidate|FakeOut,KnockOff,Taunt,PartingShot|||F|||50|,,,,,Flying]Basculegion||ChoiceScarf|Adaptability|WaveCrash,LastRespects,FlipTurn,AquaJet|||M|||50|,,,,,Water
|showteam|p2|Ursaluna||FlameOrb|Guts|Facade,HeadlongRush,Earthquake,Protect|||M|||50|,,,,,Ghost]Gholdengo||MetalCoat|GoodasGold|MakeItRain,ShadowBall,NastyPlot,Protect||||||50|,,,,,Dragon]Sneasler||FocusSash|PoisonTouch|CloseCombat,DireClaw,FakeOut,Protect|||F|||50|,,,,,Stellar]Incineroar||AssaultVest|Intimidate|FlareBlitz,KnockOff,Uturn,FakeOut|||M|||50|,,,,,Grass]Porygon2||Eviolite|Download|TeraBlast,IceBeam,TrickRoom,Recover||||||50|,,,,,Flying]Amoonguss||SitrusBerry|Regenerator|PollenPuff,Spore,RagePowder,Protect|||F|||50|,,,,,Water
|inactive|Battle timer is ON: inactive players will automatically lose when time's up. (requested by CrustleUK)
|
|t:|1756752731
|teamsize|p1|4
|teamsize|p2|4
|start
|switch|p1a: Pelipper|Pelipper, L50, F|100/100
|switch|p1b: Incineroar|Incineroar, L50, F|100/100
|switch|p2a: Porygon2|Porygon2, L50|100/100
|switch|p2b: Sneasler|Sneasler, L50, F|100/100
|-weather|RainDance|[from] ability: Drizzle|[of] p1a: Pelipper
|-ability|p1b: Incineroar|Intimidate|boost
|-unboost|p2a: Porygon2|atk|1
|-unboost|p2b: Sneasler|atk|1
|-ability|p2a: Porygon2|Download|boost
|-boost|p2a: Porygon2|atk|1
|turn|1
|
|t:|1756752757
|move|p2b: Sneasler|Fake Out|p1b: Incineroar
|-damage|p1b: Incineroar|91/100
|cant|p1b: Incineroar|flinch
|move|p1a: Pelipper|Hurricane|p2b: Sneasler
|-supereffective|p2b: Sneasler
|-enditem|p2b: Sneasler|Focus Sash
|-damage|p2b: Sneasler|1/100
|-start|p2b: Sneasler|confusion
|move|p2a: Porygon2|Tera Blast|p1a: Pelipper
|-damage|p1a: Pelipper|40/100
|
|-weather|RainDance|[upkeep]
|upkeep
|turn|2
|
|t:|1756752775
|-activate|p2b: Sneasler|confusion
|move|p2b: Sneasler|Close Combat|p1b: Incineroar
|-supereffective|p1b: Incineroar
|-damage|p1b: Incineroar|9/100
|-unboost|p2b: Sneasler|def|1
|-unboost|p2b: Sneasler|spd|1
|move|p1a: Pelipper|Tailwind|p1a: Pelipper
|-sidestart|p1: SamuelJacksonheehe|move: Tailwind
|move|p1b: Incineroar|Taunt|p2a: Porygon2
|-start|p2a: Porygon2|move: Taunt
|cant|p2a: Porygon2|move: Taunt|Trick Room
|
|-weather|RainDance|[upkeep]
|upkeep
|turn|3
|
|t:|1756752797
|-end|p2b: Sneasler|confusion
|move|p2b: Sneasler|Protect|p2b: Sneasler
|-singleturn|p2b: Sneasler|Protect
|move|p1a: Pelipper|Weather Ball|p2b: Sneasler
|-activate|p2b: Sneasler|move: Protect
|move|p1b: Incineroar|Parting Shot|p2a: Porygon2
|-unboost|p2a: Porygon2|atk|1
|-unboost|p2a: Porygon2|spa|1
|
|t:|1756752804
|switch|p1b: Basculegion|Basculegion, L50, M|100/100|[from] Parting Shot
|move|p2a: Porygon2|Tera Blast|p1a: Pelipper
|-damage|p1a: Pelipper|0 fnt
|faint|p1a: Pelipper
|
|-weather|RainDance|[upkeep]
|upkeep
|inactive|SamuelJacksonheehe has 30 seconds left.
|
|t:|1756752837
|switch|p1a: Garchomp|Garchomp, L50, F|100/100
|turn|4
|
|t:|1756752850
|switch|p2b: Amoonguss|Amoonguss, L50, F|100/100
|-terastallize|p1a: Garchomp|Steel
|-terastallize|p2a: Porygon2|Flying
|move|p1b: Basculegion|Wave Crash|p2a: Porygon2
|-damage|p2a: Porygon2|40/100
|-damage|p1b: Basculegion|81/100|[from] Recoil
|move|p1a: Garchomp|Scale Shot|p2b: Amoonguss
|-damage|p2b: Amoonguss|88/100
|-damage|p2b: Amoonguss|77/100
|-damage|p2b: Amoonguss|67/100
|-damage|p2b: Amoonguss|56/100
|-hitcount|p2b: Amoonguss|4
|-unboost|p1a: Garchomp|def|1
|-boost|p1a: Garchomp|spe|1
|move|p2a: Porygon2|Ice Beam|p1a: Garchomp
|-resisted|p1a: Garchomp
|-damage|p1a: Garchomp|91/100
|
|-weather|RainDance|[upkeep]
|-end|p2a: Porygon2|move: Taunt
|upkeep
|turn|5
|inactive|SamuelJacksonheehe has 30 seconds left.
|inactive|SamuelJacksonheehe has 20 seconds left.
|inactive|SamuelJacksonheehe has 15 seconds left.
|
|t:|1756752893
|switch|p1a: Incineroar|Incineroar, L50, F|9/100
|-ability|p1a: Incineroar|Intimidate|boost
|-unboost|p2a: Porygon2|atk|1
|-unboost|p2b: Amoonguss|atk|1
|move|p2b: Amoonguss|Rage Powder|p2b: Amoonguss
|-singleturn|p2b: Amoonguss|move: Rage Powder
|move|p1b: Basculegion|Wave Crash|p2b: Amoonguss
|-resisted|p2b: Amoonguss
|-damage|p2b: Amoonguss|10/100
|-enditem|p2b: Amoonguss|Sitrus Berry|[eat]
|-heal|p2b: Amoonguss|35/100|[from] item: Sitrus Berry
|-damage|p1b: Basculegion|64/100|[from] Recoil
|move|p2a: Porygon2|Trick Room|p2a: Porygon2
|-fieldstart|move: Trick Room|[of] p2a: Porygon2
|
|-weather|none
|-sideend|p1: SamuelJacksonheehe|move: Tailwind
|upkeep
|turn|6
|
|t:|1756752916
|switch|p2a: Ursaluna|Ursaluna, L50, M|100/100
|move|p2b: Amoonguss|Rage Powder|p2b: Amoonguss
|-singleturn|p2b: Amoonguss|move: Rage Powder
|move|p1a: Incineroar|Taunt|p2a: Ursaluna
|-start|p2a: Ursaluna|move: Taunt
|move|p1b: Basculegion|Wave Crash|p2b: Amoonguss
|-resisted|p2b: Amoonguss
|-damage|p2b: Amoonguss|5/100
|-damage|p1b: Basculegion|52/100|[from] Recoil
|
|-status|p2a: Ursaluna|brn|[from] item: Flame Orb
|upkeep
|turn|7
|
|t:|1756752938
|move|p2b: Amoonguss|Protect|p2b: Amoonguss
|-singleturn|p2b: Amoonguss|Protect
|move|p2a: Ursaluna|Earthquake|p1a: Incineroar|[spread] p1a,p1b
|-activate|p2b: Amoonguss|move: Protect
|-supereffective|p1a: Incineroar
|-damage|p1a: Incineroar|0 fnt
|-damage|p1b: Basculegion|0 fnt
|faint|p1a: Incineroar
|faint|p1b: Basculegion
|
|-damage|p2a: Ursaluna|95/100 brn|[from] brn
|upkeep
|
|t:|1756752941
|switch|p1b: Garchomp|Garchomp, L50, F, tera:Steel|91/100
|turn|8
|-message|SamuelJacksonheehe forfeited.
|
|win|CrustleUK
|l|☆SamuelJacksonheehe
|player|p1|
||SamuelJacksonheehe is ready for game 3.
||CrustleUK is ready for game 3.
|uhtml|next|Next: Game 3 of 3
