|j|‽Juaner95
|j|☆chungoc
|html|Juaner95chungoc    
|uhtml|bestof|Game 3 of a best-of-3
|t:|1785006863
|gametype|doubles
|player|p1|Juaner95|ash-hoenn|1192
|player|p2|chungoc|birdkeeper|1166
|gen|9
|tier|[Gen 9 Champions] VGC 2026 Reg M-B (Bo3)
|rated|
|rule|Species Clause: Limit one of each Pokémon
|rule|Item Clause: Limit 1 of each item
|clearpoke
|poke|p1|Scrafty, L50, M|
|poke|p1|Vileplume, L50, M, shiny|
|poke|p1|Oranguru, L50, M|
|poke|p1|Torkoal, L50, F, shiny|
|poke|p1|Gholdengo, L50, shiny|
|poke|p1|Lucario, L50, M|
|poke|p2|Tyranitar, L50, M, shiny|
|poke|p2|Whimsicott, L50, F|
|poke|p2|Excadrill, L50, M|
|poke|p2|Rotom-Wash, L50|
|poke|p2|Hydreigon, L50, M|
|poke|p2|Delphox, L50, F|
|teampreview|4
|showteam|p1|Scrafty||Scraftinite|Intimidate|FakeOut,KnockOff,DrainPunch,RockSlide|Brave||M|||50|]Vileplume||FocusSash|Chlorophyll|AfterYou,SludgeBomb,LeafStorm,Protect|Modest||M|||50|]Oranguru||MentalHerb|InnerFocus|Instruct,Encore,TrickRoom,Protect|Bold||M|||50|]Torkoal||Charcoal|Drought|Eruption,EarthPower,HeatWave,Protect|Quiet||F|||50|]Gholdengo||LifeOrb|GoodasGold|ShadowBall,MakeItRain,NastyPlot,Protect|Timid|||||50|]Lucario||ChoiceScarf|InnerFocus|FinalGambit,HelpingHand,SunnyDay,HealPulse|Timid||M|||50|
|showteam|p2|Tyranitar||Tyranitarite|SandStream|RockSlide,KnockOff,Protect,Superpower|Adamant||M|||50|]Whimsicott||FocusSash|Prankster|Moonblast,Tailwind,Encore,Taunt|Timid||F|||50|]Excadrill||LifeOrb|SandRush|HighHorsepower,IronHead,RockSlide,Protect|Adamant||M|||50|]Rotom-Wash||SitrusBerry|Levitate|Protect,WillOWisp,Thunderbolt,HydroPump|Modest|||||50|]Hydreigon||RoseliBerry|Levitate|Protect,DarkPulse,DracoMeteor,FlashCannon|Modest||M|||50|]Delphox||Delphoxite|Blaze|HeatWave,Psychic,Protect,DazzlingGleam|Modest||F|||50|
|inactive|Battle timer is ON: inactive players will automatically lose when time's up. (requested by chungoc)
|inactive|Juaner95 has 60 seconds left.
|inactive|Juaner95 has 30 seconds left.
|inactive|Juaner95 has 20 seconds left.
|inactive|Juaner95 has 15 seconds left.
|inactive|Juaner95 has 10 seconds left.
|inactive|Juaner95 has 5 seconds left.
|
|t:|1785006967
|teamsize|p1|4
|teamsize|p2|4
|start
|switch|p1a: Oranguru|Oranguru, L50, M|100/100
|switch|p1b: Torkoal|Torkoal, L50, F, shiny|100/100
|switch|p2a: Whimsicott|Whimsicott, L50, F|100/100
|switch|p2b: Delphox|Delphox, L50, F|100/100
|-weather|SunnyDay|[from] ability: Drought|[of] p1b: Torkoal
|turn|1
|inactive|chungoc has 30 seconds left.
|
|t:|1785006999
|detailschange|p2b: Delphox|Delphox-Mega, L50, F
|-mega|p2b: Delphox|Delphox|Delphoxite
|move|p1b: Torkoal|Protect|p1b: Torkoal
|-singleturn|p1b: Torkoal|Protect
|move|p2a: Whimsicott|Taunt|p1a: Oranguru
|-start|p1a: Oranguru|move: Taunt
|-enditem|p1a: Oranguru|Mental Herb
|-end|p1a: Oranguru|move: Taunt
|move|p2b: Delphox|Heat Wave|p1b: Torkoal|[spread] p1a
|-activate|p1b: Torkoal|move: Protect
|-damage|p1a: Oranguru|48/100
|move|p1a: Oranguru|Trick Room|p1a: Oranguru
|-fieldstart|move: Trick Room|[of] p1a: Oranguru
|
|-weather|SunnyDay|[upkeep]
|upkeep
|turn|2
|
|t:|1785007017
|move|p2b: Delphox|Protect|p2b: Delphox
|-singleturn|p2b: Delphox|Protect
|move|p2a: Whimsicott|Encore|p1a: Oranguru
|-start|p1a: Oranguru|Encore
|move|p1b: Torkoal|Eruption|p2b: Delphox|[spread] p2a
|-activate|p2b: Delphox|move: Protect
|-supereffective|p2a: Whimsicott|1
|-enditem|p2a: Whimsicott|Focus Sash
|-damage|p2a: Whimsicott|1/100
|move|p1a: Oranguru|Trick Room|p1a: Oranguru
|-fieldend|move: Trick Room
|
|-weather|SunnyDay|[upkeep]
|upkeep
|turn|3
|
|t:|1785007036
|move|p1b: Torkoal|Protect|p1b: Torkoal
|-singleturn|p1b: Torkoal|Protect
|move|p2a: Whimsicott|Tailwind|p2a: Whimsicott
|-sidestart|p2: chungoc|move: Tailwind
|move|p2b: Delphox|Heat Wave|p1a: Oranguru|[spread] p1a
|-activate|p1b: Torkoal|move: Protect
|-damage|p1a: Oranguru|0 fnt
|faint|p1a: Oranguru
|
|-weather|SunnyDay|[upkeep]
|upkeep
|
|t:|1785007044
|switch|p1a: Scrafty|Scrafty, L50, M|100/100
|-ability|p1a: Scrafty|Intimidate|boost
|-unboost|p2a: Whimsicott|atk|1
|-unboost|p2b: Delphox|atk|1
|turn|4
|
|t:|1785007064
|detailschange|p1a: Scrafty|Scrafty-Mega, L50, M
|-mega|p1a: Scrafty|Scrafty|Scraftinite
|-ability|p1a: Scrafty|Intimidate|boost
|-unboost|p2a: Whimsicott|atk|1
|-unboost|p2b: Delphox|atk|1
|move|p2b: Delphox|Protect|p2b: Delphox
|-singleturn|p2b: Delphox|Protect
|move|p1a: Scrafty|Fake Out|p2a: Whimsicott
|-damage|p2a: Whimsicott|0 fnt
|faint|p2a: Whimsicott
|move|p1b: Torkoal|Eruption|p2b: Delphox
|-activate|p2b: Delphox|move: Protect
|
|-weather|SunnyDay|[upkeep]
|upkeep
|
|t:|1785007078
|switch|p2a: Excadrill|Excadrill, L50, M|100/100
|turn|5
|
|t:|1785007098
|move|p2a: Excadrill|Protect|p2a: Excadrill
|-singleturn|p2a: Excadrill|Protect
|move|p2b: Delphox|Dazzling Gleam|p1a: Scrafty|[spread] p1a,p1b
|-supereffective|p1a: Scrafty|2
|-resisted|p1b: Torkoal|1
|-damage|p1a: Scrafty|20/100y
|-damage|p1b: Torkoal|84/100
|move|p1a: Scrafty|Knock Off|p2b: Delphox
|-supereffective|p2b: Delphox|1
|-damage|p2b: Delphox|0 fnt
|faint|p2b: Delphox
|move|p1b: Torkoal|Eruption|p2a: Excadrill
|-activate|p2a: Excadrill|move: Protect
|
|-weather|none
|upkeep
|
|t:|1785007108
|switch|p2b: Tyranitar|Tyranitar, L50, M, shiny|100/100
|-weather|Sandstorm|[from] ability: Sand Stream|[of] p2b: Tyranitar
|turn|6
|
|t:|1785007120
|switch|p1b: Gholdengo|Gholdengo, L50, shiny|100/100
|move|p2a: Excadrill|High Horsepower|p1a: Scrafty
|-damage|p1a: Scrafty|0 fnt
|faint|p1a: Scrafty
|-damage|p2a: Excadrill|90/100|[from] item: Life Orb
|move|p2b: Tyranitar|Rock Slide|p1b: Gholdengo
|-resisted|p1b: Gholdengo|1
|-damage|p1b: Gholdengo|73/100
|
|-weather|Sandstorm|[upkeep]
|-sideend|p2: chungoc|move: Tailwind
|upkeep
|
|t:|1785007125
|switch|p1a: Torkoal|Torkoal, L50, F, shiny|84/100
|-weather|SunnyDay|[from] ability: Drought|[of] p1a: Torkoal
|turn|7
|inactive|chungoc has 30 seconds left.
|
|t:|1785007151
|move|p2a: Excadrill|Protect|p2a: Excadrill
|-singleturn|p2a: Excadrill|Protect
|move|p1b: Gholdengo|Make It Rain|p2b: Tyranitar|[spread] p2b
|-activate|p2a: Excadrill|move: Protect
|-supereffective|p2b: Tyranitar|1
|-damage|p2b: Tyranitar|10/100
|-unboost|p1b: Gholdengo|spa|2
|-damage|p1b: Gholdengo|64/100|[from] item: Life Orb
|move|p2b: Tyranitar|Rock Slide|p1a: Torkoal|[spread] p1a,p1b
|-supereffective|p1a: Torkoal|1
|-resisted|p1b: Gholdengo|1
|-damage|p1a: Torkoal|36/100
|-damage|p1b: Gholdengo|45/100
|move|p1a: Torkoal|Heat Wave|p2a: Excadrill|[spread] p2b
|-activate|p2a: Excadrill|move: Protect
|-resisted|p2b: Tyranitar|1
|-damage|p2b: Tyranitar|0 fnt
|faint|p2b: Tyranitar
|
|-weather|SunnyDay|[upkeep]
|upkeep
|turn|8
|inactive|chungoc has 30 seconds left.
|
|t:|1785007182
|move|p1a: Torkoal|Protect|p1a: Torkoal
|-singleturn|p1a: Torkoal|Protect
|move|p1b: Gholdengo|Nasty Plot|p1b: Gholdengo
|-boost|p1b: Gholdengo|spa|2
|move|p2a: Excadrill|Rock Slide|p1b: Gholdengo|[spread] p1b
|-activate|p1a: Torkoal|move: Protect
|-resisted|p1b: Gholdengo|1
|-damage|p1b: Gholdengo|27/100
|-damage|p2a: Excadrill|80/100|[from] item: Life Orb
|
|-weather|SunnyDay|[upkeep]
|upkeep
|turn|9
|
|t:|1785007199
|move|p1b: Gholdengo|Shadow Ball|p2a: Excadrill
|-damage|p2a: Excadrill|3/100
|-damage|p1b: Gholdengo|17/100|[from] item: Life Orb
|move|p2a: Excadrill|Rock Slide|p1a: Torkoal|[spread] p1a,p1b
|-supereffective|p1a: Torkoal|1
|-resisted|p1b: Gholdengo|1
|-damage|p1a: Torkoal|0 fnt
|-damage|p1b: Gholdengo|1/100
|faint|p1a: Torkoal
|-damage|p2a: Excadrill|0 fnt|[from] item: Life Orb
|faint|p2a: Excadrill
|
|win|Juaner95
|raw|Juaner95's rating: 1192 → 1215(+23 for winning)
|raw|chungoc's rating: 1166 → 1143(-23 for losing)
|c|☆chungoc|sheesh
