|j|☆mythicalslol
|j|☆teyvgc
|html|mythicalslolteyvgc    
|uhtml|bestof|Game 3 of a best-of-3
|t:|1757194302
|gametype|doubles
|player|p1|mythicalslol|266|1189
|player|p2|teyvgc|benga|1217
|gen|9
|tier|[Gen 9] VGC 2025 Reg H (Bo3)
|rated|
|rule|Species Clause: Limit one of each Pokémon
|rule|Item Clause: Limit 1 of each item
|clearpoke
|poke|p1|Pelipper, L50, F|
|poke|p1|Archaludon, L50, F|
|poke|p1|Sinistcha, L50|
|poke|p1|Ursaluna, L50, M|
|poke|p1|Dragonite, L50, M|
|poke|p1|Incineroar, L50, M|
|poke|p2|Gholdengo, L50|
|poke|p2|Dragonite, L50, M|
|poke|p2|Sneasler, L50, F|
|poke|p2|Incineroar, L50, F|
|poke|p2|Indeedee, L50, M|
|poke|p2|Ninetales-Alola, L50, M|
|teampreview|4
|showteam|p1|Pelipper||FocusSash|Drizzle|MuddyWater,Hurricane,WideGuard,Tailwind|||F|||50|,,,,,Ghost]Archaludon||AssaultVest|Stamina|FlashCannon,BodyPress,ElectroShot,Snarl|||F|||50|,,,,,Fighting]Sinistcha||SitrusBerry|Hospitality|MatchaGotcha,LifeDew,RagePowder,TrickRoom||||||50|,,,,,Dark]Ursaluna||FlameOrb|Guts|Protect,Facade,HeadlongRush,Earthquake|||M|||50|,,,,,Ghost]Dragonite||LoadedDice|Multiscale|Protect,ScaleShot,Haze,Tailwind|||M|||50|,,,,,Fairy]Incineroar||SafetyGoggles|Intimidate|FlareBlitz,KnockOff,FakeOut,PartingShot|||M|||50|,,,,,Ghost
|showteam|p2|Gholdengo||LifeOrb|GoodasGold|Protect,MakeItRain,ShadowBall,NastyPlot||||||50|,,,,,Water]Dragonite||LoadedDice|Multiscale|ScaleShot,Tailwind,Haze,Protect|||M|||50|,,,,,Fairy]Sneasler||PsychicSeed|Unburden|Protect,DireClaw,CloseCombat,ThroatChop|||F|||50|,,,,,Dark]Incineroar||SafetyGoggles|Intimidate|KnockOff,PartingShot,FlareBlitz,FakeOut|||F|||50|,,,,,Ghost]Indeedee||ChoiceScarf|PsychicSurge|Protect,Trick,TeraBlast,ExpandingForce|||M|||50|,,,,,Psychic]Ninetales-Alola||FocusSash|SnowWarning|Blizzard,IcyWind,Encore,AuroraVeil|||M|||50|,,,,,Ghost
|
|t:|1757194360
|teamsize|p1|4
|teamsize|p2|4
|start
|switch|p1a: Dragonite|Dragonite, L50, M|100/100
|switch|p1b: Ursaluna|Ursaluna, L50, M|100/100
|switch|p2a: Gholdengo|Gholdengo, L50|100/100
|switch|p2b: Incineroar|Incineroar, L50, F|100/100
|-ability|p2b: Incineroar|Intimidate|boost
|-unboost|p1a: Dragonite|atk|1
|-unboost|p1b: Ursaluna|atk|1
|turn|1
|
|t:|1757194419
|move|p2b: Incineroar|Fake Out|p1a: Dragonite
|-damage|p1a: Dragonite|95/100
|move|p2a: Gholdengo|Nasty Plot|p2a: Gholdengo
|-boost|p2a: Gholdengo|spa|2
|cant|p1a: Dragonite|flinch
|move|p1b: Ursaluna|Earthquake|p2a: Gholdengo|[spread] p2a,p2b
|-immune|p1a: Dragonite
|-supereffective|p2a: Gholdengo
|-supereffective|p2b: Incineroar
|-damage|p2a: Gholdengo|46/100
|-damage|p2b: Incineroar|49/100
|
|-status|p1b: Ursaluna|brn|[from] item: Flame Orb
|upkeep
|turn|2
|
|t:|1757194444
|move|p2a: Gholdengo|Protect|p2a: Gholdengo
|-singleturn|p2a: Gholdengo|Protect
|move|p1b: Ursaluna|Protect|p1b: Ursaluna
|-singleturn|p1b: Ursaluna|Protect
|move|p1a: Dragonite|Tailwind|p1a: Dragonite
|-sidestart|p1: mythicalslol|move: Tailwind
|move|p2b: Incineroar|Parting Shot|p1b: Ursaluna
|-activate|p1b: Ursaluna|move: Protect
|
|-damage|p1b: Ursaluna|95/100 brn|[from] brn
|upkeep
|turn|3
|inactive|Battle timer is ON: inactive players will automatically lose when time's up. (requested by mythicalslol)
|
|t:|1757194470
|switch|p2b: Ninetales|Ninetales-Alola, L50, M|100/100
|-weather|Snowscape|[from] ability: Snow Warning|[of] p2b: Ninetales
|-terastallize|p2a: Gholdengo|Water
|move|p1a: Dragonite|Haze|p1a: Dragonite
|-clearallboost
|move|p1b: Ursaluna|Earthquake|p2a: Gholdengo|[spread] p2a,p2b
|-immune|p1a: Dragonite
|-damage|p2a: Gholdengo|0 fnt
|-damage|p2b: Ninetales|40/100
|faint|p2a: Gholdengo
|
|-weather|Snowscape|[upkeep]
|-damage|p1b: Ursaluna|89/100 brn|[from] brn
|upkeep
|
|t:|1757194485
|switch|p2a: Incineroar|Incineroar, L50, F|49/100
|-ability|p2a: Incineroar|Intimidate|boost
|-unboost|p1a: Dragonite|atk|1
|-unboost|p1b: Ursaluna|atk|1
|turn|4
|
|t:|1757194510
|move|p1a: Dragonite|Protect|p1a: Dragonite
|-singleturn|p1a: Dragonite|Protect
|move|p1b: Ursaluna|Protect|p1b: Ursaluna
|-singleturn|p1b: Ursaluna|Protect
|move|p2a: Incineroar|Fake Out|p1b: Ursaluna
|-activate|p1b: Ursaluna|move: Protect
|move|p2b: Ninetales|Blizzard|p1b: Ursaluna|[spread] 
|-activate|p1a: Dragonite|move: Protect
|-activate|p1b: Ursaluna|move: Protect
|
|-weather|Snowscape|[upkeep]
|-damage|p1b: Ursaluna|83/100 brn|[from] brn
|upkeep
|turn|5
|inactive|mythicalslol has 30 seconds left.
|inactive|teyvgc has 30 seconds left.
|
|t:|1757194539
|move|p1a: Dragonite|Haze|p1a: Dragonite
|-clearallboost
|move|p1b: Ursaluna|Earthquake|p2a: Incineroar|[spread] p2a,p2b
|-immune|p1a: Dragonite
|-supereffective|p2a: Incineroar
|-damage|p2a: Incineroar|0 fnt
|-damage|p2b: Ninetales|0 fnt
|faint|p2a: Incineroar
|faint|p2b: Ninetales
|
|-weather|Snowscape|[upkeep]
|-damage|p1b: Ursaluna|77/100 brn|[from] brn
|-sideend|p1: mythicalslol|move: Tailwind
|upkeep
|c|☆mythicalslol|gg
|-message|teyvgc forfeited.
|
|win|mythicalslol
|raw|mythicalslol's rating: 1189 → 1216(+27 for winning)
|raw|teyvgc's rating: 1217 → 1190(-27 for losing)
|l|☆teyvgc
|player|p2|
|j|☆teyvgc
|player|p2|teyvgc|benga|
