|j|☆m4nabu
|j|☆scappopolo
|html|m4nabuscappopolo    
|uhtml|bestof|Game 2 of a best-of-3
|t:|1782329425
|gametype|doubles
|player|p1|m4nabu|artist|
|player|p2|scappopolo|caitlin|
|gen|9
|tier|[Gen 9 Champions] VGC 2026 Reg M-B (Bo3)
|rule|Species Clause: Limit one of each Pokémon
|rule|Item Clause: Limit 1 of each item
|clearpoke
|poke|p1|Staraptor, L50, M|
|poke|p1|Incineroar, L50, M|
|poke|p1|Sinistcha, L50|
|poke|p1|Maushold, L50|
|poke|p1|Delphox, L50, M|
|poke|p1|Grimmsnarl, L50, M|
|poke|p2|Chandelure, L50, F|
|poke|p2|Meowscarada, L50, M|
|poke|p2|Sylveon, L50, F|
|poke|p2|Rotom-Wash, L50|
|poke|p2|Garchomp, L50, M|
|poke|p2|Aerodactyl, L50, M|
|teampreview|4
|showteam|p1|Staraptor||Staraptite|Intimidate|CloseCombat,DualWingbeat,Roost,Protect|Jolly||M|||50|]Incineroar||PasshoBerry|Intimidate|FlareBlitz,ThroatChop,FakeOut,PartingShot|Careful||M|||50|]Sinistcha||KasibBerry|Hospitality|MatchaGotcha,LifeDew,RagePowder,Protect|Bold|||||50|]Maushold||FocusSash|FriendGuard|SunnyDay,FollowMe,Charm,Protect|Timid|||||50|]Delphox||Delphoxite|Blaze|HeatWave,Psyshock,NastyPlot,Protect|Timid||M|||50|]Grimmsnarl||RoseliBerry|Prankster|FakeOut,SpiritBreak,FakeTears,PartingShot|Impish||M|||50|
|showteam|p2|Chandelure||Chandelurite|Infiltrator|HeatWave,ShadowBall,Overheat,Protect|Modest||F|||50|]Meowscarada||ChoiceScarf|Protean|FlowerTrick,TripleAxel,ThroatChop,Uturn|Adamant||M|||50|]Sylveon||FairyFeather|Pixilate|HyperVoice,HyperBeam,QuickAttack,Detect|Modest||F|||50|]Rotom-Wash||WideLens|Levitate|HydroPump,Thunderbolt,WillOWisp,Protect|Modest|||||50|]Garchomp||LifeOrb|RoughSkin|Earthquake,DragonClaw,PoisonJab,Protect|Jolly||M|||50|]Aerodactyl||FocusSash|Unnerve|RockSlide,DualWingbeat,Tailwind,Protect|Jolly||M|||50|
|inactive|Battle timer is ON: inactive players will automatically lose when time's up. (requested by scappopolo)
|
|t:|1782329459
|teamsize|p1|4
|teamsize|p2|4
|start
|switch|p1a: Delphox|Delphox, L50, M|100/100
|switch|p1b: Grimmsnarl|Grimmsnarl, L50, M|100/100
|switch|p2a: Aerodactyl|Aerodactyl, L50, M|100/100
|switch|p2b: Rotom|Rotom-Wash, L50|100/100
|-ability|p2a: Aerodactyl|Unnerve
|turn|1
|
|t:|1782329468
|move|p1a: Delphox|Protect|p1a: Delphox
|-singleturn|p1a: Delphox|Protect
|move|p1b: Grimmsnarl|Parting Shot|p2a: Aerodactyl
|-unboost|p2a: Aerodactyl|atk|1
|-unboost|p2a: Aerodactyl|spa|1
|
|t:|1782329474
|switch|p1b: Incineroar|Incineroar, L50, M|100/100|[from] Parting Shot
|-ability|p1b: Incineroar|Intimidate|boost
|-unboost|p2a: Aerodactyl|atk|1
|-unboost|p2b: Rotom|atk|1
|move|p2a: Aerodactyl|Rock Slide|p1a: Delphox|[spread] p1b
|-activate|p1a: Delphox|move: Protect
|-supereffective|p1b: Incineroar|1
|-damage|p1b: Incineroar|78/100
|move|p2b: Rotom|Hydro Pump|p1a: Delphox
|-activate|p1a: Delphox|move: Protect
|
|upkeep
|turn|2
|
|t:|1782329493
|detailschange|p1a: Delphox|Delphox-Mega, L50, M
|-mega|p1a: Delphox|Delphox|Delphoxite
|move|p1b: Incineroar|Fake Out|p2b: Rotom
|-damage|p2b: Rotom|88/100
|move|p1a: Delphox|Nasty Plot|p1a: Delphox
|-boost|p1a: Delphox|spa|2
|move|p2a: Aerodactyl|Tailwind|p2a: Aerodactyl
|-sidestart|p2: scappopolo|move: Tailwind
|cant|p2b: Rotom|flinch
|
|upkeep
|turn|3
|
|t:|1782329506
|switch|p2a: Sylveon|Sylveon, L50, F|100/100
|switch|p1b: Grimmsnarl|Grimmsnarl, L50, M|100/100
|move|p1a: Delphox|Protect|p1a: Delphox
|-singleturn|p1a: Delphox|Protect
|move|p2b: Rotom|Hydro Pump|p1b: Grimmsnarl
|-damage|p1b: Grimmsnarl|53/100
|
|upkeep
|turn|4
|
|t:|1782329523
|move|p1b: Grimmsnarl|Fake Out|p2b: Rotom
|-damage|p2b: Rotom|77/100
|cant|p2b: Rotom|flinch
|move|p1a: Delphox|Psyshock|p2a: Sylveon
|-damage|p2a: Sylveon|0 fnt
|faint|p2a: Sylveon
|
|upkeep
|
|t:|1782329536
|switch|p2a: Chandelure|Chandelure, L50, F|100/100
|turn|5
|
|t:|1782329549
|detailschange|p2a: Chandelure|Chandelure-Mega, L50, F
|-mega|p2a: Chandelure|Chandelure|Chandelurite
|move|p1a: Delphox|Protect|p1a: Delphox
|-singleturn|p1a: Delphox|Protect
|move|p1b: Grimmsnarl|Parting Shot|p2a: Chandelure
|-unboost|p2a: Chandelure|atk|1
|-unboost|p2a: Chandelure|spa|1
|
|t:|1782329555
|switch|p1b: Incineroar|Incineroar, L50, M|78/100|[from] Parting Shot
|-ability|p1b: Incineroar|Intimidate|boost
|-unboost|p2a: Chandelure|atk|1
|-unboost|p2b: Rotom|atk|1
|move|p2b: Rotom|Hydro Pump|p1b: Incineroar
|-supereffective|p1b: Incineroar|1
|-enditem|p1b: Incineroar|Passho Berry|[eat]
|-enditem|p1b: Incineroar|Passho Berry|[weaken]
|-damage|p1b: Incineroar|37/100
|move|p2a: Chandelure|Shadow Ball|p1a: Delphox
|-activate|p1a: Delphox|move: Protect
|
|-sideend|p2: scappopolo|move: Tailwind
|upkeep
|turn|6
|
|t:|1782329576
|switch|p2a: Aerodactyl|Aerodactyl, L50, M|100/100
|-ability|p2a: Aerodactyl|Unnerve
|move|p1b: Incineroar|Fake Out|p2b: Rotom
|-damage|p2b: Rotom|65/100
|move|p1a: Delphox|Psyshock|p2a: Aerodactyl
|-enditem|p2a: Aerodactyl|Focus Sash
|-damage|p2a: Aerodactyl|1/100
|cant|p2b: Rotom|flinch
|
|upkeep
|turn|7
|
|t:|1782329599
|move|p1a: Delphox|Psyshock|p2a: Aerodactyl
|-crit|p2a: Aerodactyl
|-damage|p2a: Aerodactyl|0 fnt
|faint|p2a: Aerodactyl
|move|p2b: Rotom|Hydro Pump|p1b: Incineroar
|-supereffective|p1b: Incineroar|1
|-damage|p1b: Incineroar|0 fnt
|faint|p1b: Incineroar
|
|upkeep
|
|t:|1782329610
|switch|p2a: Chandelure|Chandelure-Mega, L50, F|100/100
|switch|p1b: Sinistcha|Sinistcha, L50|100/100
|turn|8
|
|t:|1782329625
|move|p1b: Sinistcha|Rage Powder|p1b: Sinistcha
|-singleturn|p1b: Sinistcha|move: Rage Powder
|move|p1a: Delphox|Psyshock|p2a: Chandelure
|-damage|p2a: Chandelure|0 fnt
|faint|p2a: Chandelure
|move|p2b: Rotom|Thunderbolt|p1b: Sinistcha
|-resisted|p1b: Sinistcha|1
|-damage|p1b: Sinistcha|79/100
|
|upkeep
|turn|9
|
|t:|1782329635
|move|p1b: Sinistcha|Rage Powder|p1b: Sinistcha
|-singleturn|p1b: Sinistcha|move: Rage Powder
|move|p1a: Delphox|Psyshock|p2b: Rotom
|-damage|p2b: Rotom|0 fnt
|faint|p2b: Rotom
|
|win|m4nabu
||scappopolo is ready for game 3.
||m4nabu is ready for game 3.
|uhtml|next|Next: Game 3 of 3
