|j|☆CocoCekodok
|j|☆rochesito
|html|CocoCekodokrochesito    
|uhtml|bestof|Game 1 of a best-of-3
|t:|1757830515
|gametype|doubles
|player|p1|CocoCekodok|artist-gen4|1147
|player|p2|rochesito|265|1040
|gen|9
|tier|[Gen 9] VGC 2025 Reg H (Bo3)
|rated|
|rule|Species Clause: Limit one of each Pokémon
|rule|Item Clause: Limit 1 of each item
|clearpoke
|poke|p1|Porygon2, L50|
|poke|p1|Ursaluna, L50, M|
|poke|p1|Incineroar, L50, F|
|poke|p1|Torkoal, L50, F|
|poke|p1|Jumpluff, L50, F|
|poke|p1|Charizard, L50, M|
|poke|p2|Haxorus, L50, M|
|poke|p2|Vivillon-Monsoon, L50, F|
|poke|p2|Incineroar, L50, M|
|poke|p2|Arboliva, L50, F|
|poke|p2|Arcanine, L50, F|
|poke|p2|Salazzle, L50, F|
|teampreview|4
|showteam|p1|Porygon2||Eviolite|Download|TeraBlast,IceBeam,TrickRoom,Recover||||||50|,,,,,Fighting]Ursaluna||FlameOrb|Guts|Facade,HeadlongRush,Earthquake,Protect|||M|||50|,,,,,Ghost]Incineroar||SafetyGoggles|Intimidate|FlareBlitz,KnockOff,FakeOut,PartingShot|||F|||50|,,,,,Ghost]Torkoal||EjectPack|Drought|Eruption,Overheat,Protect,HelpingHand|||F|||50|,,,,,Fire]Jumpluff||CovertCloak|Chlorophyll|SleepPowder,RagePowder,Tailwind,SunnyDay|||F|||50|,,,,,Dark]Charizard||ChoiceSpecs|SolarPower|WeatherBall,HeatWave,Overheat,AirSlash|||M|||50|,,,,,Ghost
|showteam|p2|Haxorus||ChoiceScarf|Unnerve|IronHead,DragonClaw,RockSlide,StompingTantrum|||M|||50|,,,,,Steel]Vivillon-Monsoon||CovertCloak|FriendGuard|PollenPuff,RagePowder,Protect,Tailwind|||F|||50|,,,,,Fairy]Incineroar||SitrusBerry|Intimidate|PartingShot,FakeOut,KnockOff,FlareBlitz|||M|||50|,,,,,Ghost]Arboliva||Leftovers|SeedSower|Protect,EnergyBall,StrengthSap,Substitute|||F|||50|,,,,,Grass]Arcanine||SafetyGoggles|Intimidate|Snarl,ExtremeSpeed,Flamethrower,WillOWisp|||F|||50|,,,,,Water]Salazzle||FocusSash|Corrosion|Protect,SludgeBomb,Disable,Encore|||F|||50|,,,,,Dark
|inactive|Battle timer is ON: inactive players will automatically lose when time's up. (requested by rochesito)
|
|t:|1757830585
|teamsize|p1|4
|teamsize|p2|4
|start
|switch|p1a: Dentist|Jumpluff, L50, F|100/100
|switch|p1b: Boomer|Charizard, L50, M|100/100
|switch|p2a: Salazzle|Salazzle, L50, F|100/100
|switch|p2b: Haxorus|Haxorus, L50, M, shiny|100/100
|-ability|p2b: Haxorus|Unnerve
|turn|1
|inactive|CocoCekodok has 30 seconds left.
|
|t:|1757830614
|switch|p1b: Pompeii|Torkoal, L50, F|100/100
|-weather|SunnyDay|[from] ability: Drought|[of] p1b: Pompeii
|move|p1a: Dentist|Sleep Powder|p2b: Haxorus
|-status|p2b: Haxorus|slp|[from] move: Sleep Powder
|cant|p2b: Haxorus|slp
|move|p2a: Salazzle|Sludge Bomb|p1a: Dentist
|-supereffective|p1a: Dentist
|-damage|p1a: Dentist|33/100
|
|-weather|SunnyDay|[upkeep]
|upkeep
|turn|2
|
|t:|1757830639
|switch|p1a: Squishy|Porygon2, L50|100/100
|-ability|p1a: Squishy|Download|boost
|-boost|p1a: Squishy|spa|1
|cant|p2b: Haxorus|slp
|move|p2a: Salazzle|Sludge Bomb|p1a: Squishy
|-damage|p1a: Squishy|75/100
|move|p1b: Pompeii|Overheat|p2a: Salazzle
|-resisted|p2a: Salazzle
|-damage|p2a: Salazzle|25/100
|-unboost|p1b: Pompeii|spa|2
|-enditem|p1b: Pompeii|Eject Pack
|
|t:|1757830655
|switch|p1b: Dentist|Jumpluff, L50, F|33/100
|
|-weather|SunnyDay|[upkeep]
|upkeep
|turn|3
|
|t:|1757830677
|switch|p2a: Vivillon|Vivillon-Monsoon, L50, F, shiny|100/100
|-terastallize|p2b: Haxorus|Steel
|move|p1b: Dentist|Tailwind|p1b: Dentist
|-sidestart|p1: CocoCekodok|move: Tailwind
|-curestatus|p2b: Haxorus|slp|[msg]
|move|p2b: Haxorus|Stomping Tantrum|p1a: Squishy
|-damage|p1a: Squishy|37/100
|move|p1a: Squishy|Ice Beam|p2b: Haxorus
|-resisted|p2b: Haxorus
|-damage|p2b: Haxorus|78/100
|
|-weather|SunnyDay|[upkeep]
|upkeep
|turn|4
|inactive|CocoCekodok has 30 seconds left.
|
|t:|1757830709
|switch|p2b: Salazzle|Salazzle, L50, F|25/100
|move|p1b: Dentist|Sleep Powder|p2b: Salazzle
|-status|p2b: Salazzle|slp|[from] move: Sleep Powder
|move|p1a: Squishy|Ice Beam|p2a: Vivillon
|-supereffective|p2a: Vivillon
|-damage|p2a: Vivillon|15/100
|move|p2a: Vivillon|Pollen Puff|p2b: Salazzle
|-heal|p2b: Salazzle|75/100 slp
|
|-weather|SunnyDay|[upkeep]
|upkeep
|turn|5
|inactive|CocoCekodok has 30 seconds left.
|inactive|rochesito has 30 seconds left.
|inactive|CocoCekodok has 20 seconds left.
|
|t:|1757830748
|move|p2a: Vivillon|Protect|p2a: Vivillon
|-singleturn|p2a: Vivillon|Protect
|move|p1b: Dentist|Sleep Powder|p2a: Vivillon
|-activate|p2a: Vivillon|move: Protect
|cant|p2b: Salazzle|slp
|move|p1a: Squishy|Recover|p1a: Squishy
|-heal|p1a: Squishy|87/100
|
|-weather|none
|upkeep
|turn|6
|inactive|rochesito has 30 seconds left.
|
|t:|1757830777
|switch|p1b: Pompeii|Torkoal, L50, F|100/100
|-weather|SunnyDay|[from] ability: Drought|[of] p1b: Pompeii
|-curestatus|p2b: Salazzle|slp|[msg]
|move|p2b: Salazzle|Encore|p1a: Squishy
|-start|p1a: Squishy|Encore
|move|p1a: Squishy|Recover|p1a: Squishy
|-heal|p1a: Squishy|100/100
|move|p2a: Vivillon|Tailwind|p2a: Vivillon
|-sidestart|p2: rochesito|move: Tailwind
|
|-weather|SunnyDay|[upkeep]
|-sideend|p1: CocoCekodok|move: Tailwind
|upkeep
|turn|7
|inactive|rochesito has 30 seconds left.
|inactive|rochesito has 20 seconds left.
|
|t:|1757830812
|switch|p2a: Arboliva|Arboliva, L50, F|100/100
|switch|p1a: Boomer|Charizard, L50, M|100/100
|move|p1b: Pompeii|Protect|p1b: Pompeii
|-singleturn|p1b: Pompeii|Protect
|move|p2b: Salazzle|Sludge Bomb|p1b: Pompeii
|-activate|p1b: Pompeii|move: Protect
|
|-weather|SunnyDay|[upkeep]
|-damage|p1a: Boomer|88/100|[from] ability: Solar Power|[of] p1a: Boomer
|upkeep
|turn|8
|
|t:|1757830826
|move|p1b: Pompeii|Helping Hand|p1a: Boomer
|-singleturn|p1a: Boomer|Helping Hand|[of] p1b: Pompeii
|move|p2b: Salazzle|Encore|p1b: Pompeii
|-start|p1b: Pompeii|Encore
|move|p1a: Boomer|Heat Wave|p2a: Arboliva|[spread] p2b
|-miss|p1a: Boomer|p2a: Arboliva
|-resisted|p2b: Salazzle
|-damage|p2b: Salazzle|0 fnt
|faint|p2b: Salazzle
|move|p2a: Arboliva|Substitute|p2a: Arboliva
|-start|p2a: Arboliva|Substitute
|-damage|p2a: Arboliva|76/100
|
|-weather|SunnyDay|[upkeep]
|-damage|p1a: Boomer|76/100|[from] ability: Solar Power|[of] p1a: Boomer
|-heal|p2a: Arboliva|82/100|[from] item: Leftovers
|upkeep
|
|t:|1757830835
|switch|p2b: Haxorus|Haxorus, L50, M, shiny, tera:Steel|78/100
|-ability|p2b: Haxorus|Unnerve
|turn|9
|inactive|CocoCekodok has 30 seconds left.
|
|t:|1757830863
|-terastallize|p1a: Boomer|Ghost
|move|p1b: Pompeii|Helping Hand|p1a: Boomer
|-singleturn|p1a: Boomer|Helping Hand|[of] p1b: Pompeii
|move|p2b: Haxorus|Rock Slide|p1b: Pompeii|[spread] p1a,p1b
|-supereffective|p1b: Pompeii
|-damage|p1a: Boomer|47/100
|-damage|p1b: Pompeii|64/100
|move|p1a: Boomer|Heat Wave|p2b: Haxorus|[spread] p2a,p2b
|-supereffective|p2a: Arboliva
|-end|p2a: Arboliva|Substitute
|-supereffective|p2b: Haxorus
|-damage|p2b: Haxorus|0 fnt
|faint|p2b: Haxorus
|move|p2a: Arboliva|Substitute|p2a: Arboliva
|-start|p2a: Arboliva|Substitute
|-damage|p2a: Arboliva|57/100
|
|-weather|SunnyDay|[upkeep]
|-damage|p1a: Boomer|34/100|[from] ability: Solar Power|[of] p1a: Boomer
|-heal|p2a: Arboliva|63/100|[from] item: Leftovers
|-sideend|p2: rochesito|move: Tailwind
|upkeep
|
|t:|1757830874
|switch|p2b: Vivillon|Vivillon-Monsoon, L50, F, shiny|15/100
|turn|10
|
|t:|1757830893
|switch|p1b: Squishy|Porygon2, L50|100/100
|-ability|p1b: Squishy|Download|boost
|-boost|p1b: Squishy|atk|1
|move|p2b: Vivillon|Protect|p2b: Vivillon
|-singleturn|p2b: Vivillon|Protect
|move|p1a: Boomer|Heat Wave|p2a: Arboliva|[spread] p2a
|-activate|p2b: Vivillon|move: Protect
|-supereffective|p2a: Arboliva
|-end|p2a: Arboliva|Substitute
|move|p2a: Arboliva|Energy Ball|p1a: Boomer
|-damage|p1a: Boomer|0 fnt
|faint|p1a: Boomer
|
|-weather|none
|-heal|p2a: Arboliva|69/100|[from] item: Leftovers
|upkeep
|
|t:|1757830911
|switch|p1a: Dentist|Jumpluff, L50, F|33/100
|turn|11
|
|t:|1757830919
|move|p1a: Dentist|Tailwind|p1a: Dentist
|-sidestart|p1: CocoCekodok|move: Tailwind
|move|p1b: Squishy|Ice Beam|p2a: Arboliva
|-supereffective|p2a: Arboliva
|-damage|p2a: Arboliva|44/100
|-fieldstart|move: Grassy Terrain|[from] ability: Seed Sower|[of] p2a: Arboliva
|move|p2b: Vivillon|Pollen Puff|p1a: Dentist
|-damage|p1a: Dentist|7/100
|move|p2a: Arboliva|Strength Sap|p1b: Squishy
|-unboost|p1b: Squishy|atk|1
|-heal|p2a: Arboliva|100/100
|
|upkeep
|turn|12
|inactive|CocoCekodok has 30 seconds left.
|
|t:|1757830947
|move|p2b: Vivillon|Protect|p2b: Vivillon
|-singleturn|p2b: Vivillon|Protect
|move|p1a: Dentist|Sleep Powder|p2b: Vivillon
|-activate|p2b: Vivillon|move: Protect
|move|p1b: Squishy|Ice Beam|p2a: Arboliva
|-supereffective|p2a: Arboliva
|-damage|p2a: Arboliva|72/100
|move|p2a: Arboliva|Energy Ball|p1a: Dentist
|-resisted|p1a: Dentist
|-damage|p1a: Dentist|0 fnt
|faint|p1a: Dentist
|
|-heal|p2a: Arboliva|78/100|[from] Grassy Terrain
|-heal|p2a: Arboliva|84/100|[from] item: Leftovers
|upkeep
|
|t:|1757830950
|switch|p1a: Pompeii|Torkoal, L50, F|64/100
|-weather|SunnyDay|[from] ability: Drought|[of] p1a: Pompeii
|turn|13
|inactive|CocoCekodok has 30 seconds left.
|inactive|CocoCekodok has 20 seconds left.
|inactive|rochesito has 30 seconds left.
|
|t:|1757830988
|move|p1b: Squishy|Ice Beam|p2b: Vivillon
|-supereffective|p2b: Vivillon
|-damage|p2b: Vivillon|0 fnt
|faint|p2b: Vivillon
|move|p2a: Arboliva|Substitute|p2a: Arboliva
|-start|p2a: Arboliva|Substitute
|-damage|p2a: Arboliva|59/100
|move|p1a: Pompeii|Eruption|p2a: Arboliva
|-supereffective|p2a: Arboliva
|-end|p2a: Arboliva|Substitute
|
|-weather|SunnyDay|[upkeep]
|-heal|p2a: Arboliva|65/100|[from] Grassy Terrain
|-heal|p2a: Arboliva|71/100|[from] item: Leftovers
|-heal|p1a: Pompeii|71/100|[from] Grassy Terrain
|upkeep
|turn|14
|
|t:|1757830999
|move|p1b: Squishy|Ice Beam|p2a: Arboliva
|-supereffective|p2a: Arboliva
|-damage|p2a: Arboliva|33/100
|move|p2a: Arboliva|Energy Ball|p1a: Pompeii
|-resisted|p1a: Pompeii
|-damage|p1a: Pompeii|37/100
|-unboost|p1a: Pompeii|spd|1
|move|p1a: Pompeii|Eruption|p2a: Arboliva
|-supereffective|p2a: Arboliva
|-damage|p2a: Arboliva|0 fnt
|faint|p2a: Arboliva
|
|win|CocoCekodok
||CocoCekodok is ready for game 2.
|inactive|rochesito has 30 seconds to confirm battle start!
||rochesito is ready for game 2.
|uhtml|next|Next: Game 2 of 3
|l|☆CocoCekodok
|player|p1|
|l|☆rochesito
|player|p2|
