|j|☆SCOPPER GYABAN
|j|‽Livnlarge27
|html|SCOPPER GYABANLivnlarge27    
|uhtml|bestof|Game 3 of a best-of-3
|t:|1755829285
|gametype|doubles
|player|p1|SCOPPER GYABAN|gentleman|1351
|player|p2|Livnlarge27|red|1351
|gen|9
|tier|[Gen 9] VGC 2025 Reg H (Bo3)
|rated|
|rule|Species Clause: Limit one of each Pokémon
|rule|Item Clause: Limit 1 of each item
|clearpoke
|poke|p1|Archaludon, L50, F|
|poke|p1|Mimikyu, L50, M|
|poke|p1|Pelipper, L50, F|
|poke|p1|Incineroar, L50, F|
|poke|p1|Ursaluna, L50, F|
|poke|p1|Amoonguss, L50, F|
|poke|p2|Blastoise, L50, M|
|poke|p2|Sneasler, L50, M|
|poke|p2|Whimsicott, L50, M|
|poke|p2|Indeedee, L50, M|
|poke|p2|Baxcalibur, L50, F|
|poke|p2|Electivire, L50, F|
|teampreview|4
|showteam|p1|Archaludon||AssaultVest|Stamina|ElectroShot,FlashCannon,Snarl,DragonPulse|||F|||50|,,,,,Electric]Mimikyu||LifeOrb|Disguise|PlayRough,TrickRoom,ShadowSneak,Curse|||M|||50|,,,,,Steel]Pelipper||FocusSash|Drizzle|Hurricane,WeatherBall,Tailwind,Protect|||F|||50|,,,,,Stellar]Incineroar||SafetyGoggles|Intimidate|FakeOut,PartingShot,KnockOff,FlareBlitz|||F|||50|,,,,,Ghost]Ursaluna||FlameOrb|Guts|Facade,HeadlongRush,Earthquake,Protect|||F|||50|,,,,,Ghost]Amoonguss||RockyHelmet|Regenerator|Spore,RagePowder,PollenPuff,SludgeBomb|||F|||50|,,,,,Water
|showteam|p2|Blastoise||MysticWater|Torrent|Protect,WaterSpout,WaterPledge,ShellSmash|||M|||50|,,,,,Water]Sneasler||PsychicSeed|Unburden|FakeOut,CloseCombat,DireClaw,ThroatChop|||M|||50|,,,,,Dark]Whimsicott||CovertCloak|Prankster|Tailwind,Moonblast,Encore,Taunt|||M|||50|,,,,,Dark]Indeedee||FocusSash|PsychicSurge|ExpandingForce,Imprison,TrickRoom,DazzlingGleam|||M|||50|,,,,,Fairy]Baxcalibur||LoadedDice|ThermalExchange|IcicleSpear,ScaleShot,IceShard,Protect|||F|||50|,,,,,Fire]Electivire||SitrusBerry|VitalSpirit|IcePunch,FollowMe,WildCharge,LowKick|||F|||50|,,,,,Water
|inactive|Battle timer is ON: inactive players will automatically lose when time's up. (requested by SCOPPER GYABAN)
|inactive|SCOPPER GYABAN has 60 seconds left.
|
|t:|1755829322
|teamsize|p1|4
|teamsize|p2|4
|start
|switch|p1a: GALAXYIMPACT|Archaludon, L50, F|100/100
|switch|p1b: BLACKHOLE|Amoonguss, L50, F|100/100
|switch|p2a: Blastoise|Blastoise, L50, M|100/100
|switch|p2b: Electivire|Electivire, L50, F|100/100
|turn|1
|
|t:|1755829345
|move|p2b: Electivire|Low Kick|p1a: GALAXYIMPACT
|-supereffective|p1a: GALAXYIMPACT
|-damage|p1a: GALAXYIMPACT|56/100
|-ability|p1a: GALAXYIMPACT|Stamina|boost
|-boost|p1a: GALAXYIMPACT|def|1
|move|p1a: GALAXYIMPACT|Snarl|p2b: Electivire|[spread] p2a,p2b
|-damage|p2a: Blastoise|86/100
|-damage|p2b: Electivire|84/100
|-unboost|p2a: Blastoise|spa|1
|-unboost|p2b: Electivire|spa|1
|move|p2a: Blastoise|Shell Smash|p2a: Blastoise
|-unboost|p2a: Blastoise|def|1
|-unboost|p2a: Blastoise|spd|1
|-boost|p2a: Blastoise|atk|2
|-boost|p2a: Blastoise|spa|2
|-boost|p2a: Blastoise|spe|2
|move|p1b: BLACKHOLE|Sludge Bomb|p2a: Blastoise
|-damage|p2a: Blastoise|43/100
|
|upkeep
|turn|2
|inactive|SCOPPER GYABAN has 30 seconds left.
|inactive|SCOPPER GYABAN has 20 seconds left.
|
|t:|1755829380
|move|p2b: Electivire|Follow Me|p2b: Electivire
|-singleturn|p2b: Electivire|move: Follow Me
|move|p1b: BLACKHOLE|Rage Powder|p1b: BLACKHOLE
|-singleturn|p1b: BLACKHOLE|move: Rage Powder
|move|p2a: Blastoise|Shell Smash|p2a: Blastoise
|-unboost|p2a: Blastoise|def|1
|-unboost|p2a: Blastoise|spd|1
|-boost|p2a: Blastoise|atk|2
|-boost|p2a: Blastoise|spa|2
|-boost|p2a: Blastoise|spe|2
|move|p1a: GALAXYIMPACT|Snarl|p2a: Blastoise|[spread] p2a,p2b
|-damage|p2a: Blastoise|13/100
|-damage|p2b: Electivire|66/100
|-unboost|p2a: Blastoise|spa|1
|-unboost|p2b: Electivire|spa|1
|
|upkeep
|turn|3
|inactive|SCOPPER GYABAN has 30 seconds left.
|inactive|SCOPPER GYABAN has 20 seconds left.
|inactive|SCOPPER GYABAN has 15 seconds left.
|inactive|SCOPPER GYABAN has 10 seconds left.
|inactive|SCOPPER GYABAN has 5 seconds left.
|
|t:|1755829434
|switch|p2b: Sneasler|Sneasler, L50, M|100/100
|move|p2a: Blastoise|Protect|p2a: Blastoise
|-singleturn|p2a: Blastoise|Protect
|move|p1a: GALAXYIMPACT|Snarl|p2b: Sneasler|[spread] p2b
|-activate|p2a: Blastoise|move: Protect
|-resisted|p2b: Sneasler
|-damage|p2b: Sneasler|91/100
|-unboost|p2b: Sneasler|spa|1
|move|p1b: BLACKHOLE|Sludge Bomb|p2a: Blastoise
|-activate|p2a: Blastoise|move: Protect
|
|upkeep
|turn|4
|inactive|SCOPPER GYABAN has 30 seconds left.
|
|t:|1755829465
|-terastallize|p2a: Blastoise|Water
|move|p2b: Sneasler|Fake Out|p1b: BLACKHOLE
|-damage|p1b: BLACKHOLE|89/100
|-damage|p2b: Sneasler|75/100|[from] item: Rocky Helmet|[of] p1b: BLACKHOLE
|move|p2a: Blastoise|Water Pledge|p1a: GALAXYIMPACT
|-resisted|p1a: GALAXYIMPACT
|-damage|p1a: GALAXYIMPACT|0 fnt
|faint|p1a: GALAXYIMPACT
|cant|p1b: BLACKHOLE|flinch
|
|upkeep
|
|t:|1755829488
|switch|p1a: PUNKROTTEN|Incineroar, L50, F|100/100
|-ability|p1a: PUNKROTTEN|Intimidate|boost
|-unboost|p2a: Blastoise|atk|1
|-unboost|p2b: Sneasler|atk|1
|turn|5
|
|t:|1755829501
|switch|p2b: Electivire|Electivire, L50, F|66/100
|move|p2a: Blastoise|Protect|p2a: Blastoise
|-singleturn|p2a: Blastoise|Protect
|move|p1a: PUNKROTTEN|Fake Out|p2a: Blastoise
|-activate|p2a: Blastoise|move: Protect
|move|p1b: BLACKHOLE|Spore|p2b: Electivire
|-immune|p2b: Electivire|[from] ability: Vital Spirit
|
|upkeep
|turn|6
|
|t:|1755829517
|-terastallize|p1a: PUNKROTTEN|Ghost
|move|p2b: Electivire|Follow Me|p2b: Electivire
|-singleturn|p2b: Electivire|move: Follow Me
|move|p2a: Blastoise|Water Pledge|p1a: PUNKROTTEN
|-damage|p1a: PUNKROTTEN|0 fnt
|faint|p1a: PUNKROTTEN
|move|p1b: BLACKHOLE|Sludge Bomb|p2b: Electivire
|-damage|p2b: Electivire|29/100
|-enditem|p2b: Electivire|Sitrus Berry|[eat]
|-heal|p2b: Electivire|54/100|[from] item: Sitrus Berry
|
|upkeep
|
|t:|1755829522
|switch|p1a: DIVINEDEPART|Pelipper, L50, F|100/100
|-weather|RainDance|[from] ability: Drizzle|[of] p1a: DIVINEDEPART
|turn|7
|c|☆SCOPPER GYABAN|ggs
|
|t:|1755829543
|move|p1a: DIVINEDEPART|Protect|p1a: DIVINEDEPART
|-singleturn|p1a: DIVINEDEPART|Protect
|move|p2b: Electivire|Follow Me|p2b: Electivire
|-singleturn|p2b: Electivire|move: Follow Me
|move|p2a: Blastoise|Water Pledge|p1b: BLACKHOLE
|-resisted|p1b: BLACKHOLE
|-damage|p1b: BLACKHOLE|0 fnt
|faint|p1b: BLACKHOLE
|
|-weather|RainDance|[upkeep]
|upkeep
|turn|8
|-message|SCOPPER GYABAN forfeited.
|
|win|Livnlarge27
|raw|SCOPPER GYABAN's rating: 1351 → 1331(-20 for losing)
|raw|Livnlarge27's rating: 1351 → 1371(+20 for winning)
|l|☆SCOPPER GYABAN
|player|p1|
|l|‽Livnlarge27
|player|p2|
|j|☆SCOPPER GYABAN
|player|p1|SCOPPER GYABAN|gentleman|
