|j|☆RegiSIXSEVEN
|j|☆chocokoala vgc
|html|RegiSIXSEVENchocokoala vgc    
|uhtml|bestof|Game 2 of a best-of-3
|t:|1782412797
|gametype|doubles
|player|p1|RegiSIXSEVEN|steven|1169
|player|p2|chocokoala vgc|benga|1149
|gen|9
|tier|[Gen 9 Champions] VGC 2026 Reg M-B (Bo3)
|rated|
|rule|Species Clause: Limit one of each Pokémon
|rule|Item Clause: Limit 1 of each item
|clearpoke
|poke|p1|Dragalge, L50, M, shiny|
|poke|p1|Farigiraf, L50, F, shiny|
|poke|p1|Staraptor, L50, M, shiny|
|poke|p1|Grimmsnarl, L50, M, shiny|
|poke|p1|Kingambit, L50, M, shiny|
|poke|p1|Kangaskhan, L50, F, shiny|
|poke|p2|Primarina, L50, F|
|poke|p2|Metagross, L50|
|poke|p2|Incineroar, L50, F|
|poke|p2|Sinistcha, L50|
|poke|p2|Aerodactyl, L50, F|
|poke|p2|Garchomp, L50, F|
|teampreview|4
|showteam|p1|Dragalge||Dragalgite|Adaptability|SludgeBomb,DracoMeteor,FlipTurn,HydroPump|Quiet||M|||50|]Farigiraf||ColburBerry|ArmorTail|Psychic,TrickRoom,HelpingHand,Protect|Calm||F|||50|]Staraptor||ChoiceScarf|Intimidate|FinalGambit,CloseCombat,DualWingbeat,Uturn|Adamant||M|||50|]Grimmsnarl||LightClay|Prankster|SpiritBreak,Reflect,PartingShot,FoulPlay|Careful||M|||50|]Kingambit||BlackGlasses|Defiant|KowtowCleave,SuckerPunch,SwordsDance,Protect|Adamant||M|||50|]Kangaskhan||Kangaskhanite|Scrappy|FakeOut,DoubleEdge,DrainPunch,IcePunch|Adamant||F|||50|
|showteam|p2|Primarina||Leftovers|LiquidVoice|HyperVoice,Moonblast,Protect,CalmMind|Modest||F|||50|]Metagross||Metagrossite|ClearBody|MeteorMash,PsychicFangs,Protect,StompingTantrum|Adamant|||||50|]Incineroar||SitrusBerry|Intimidate|FakeOut,PartingShot,FlareBlitz,ThroatChop|Careful||F|||50|]Sinistcha||KasibBerry|Hospitality|MatchaGotcha,RagePowder,LifeDew,TrickRoom|Sassy|||||50|]Aerodactyl||Aerodactylite|RockHead|RockSlide,DualWingbeat,Protect,Tailwind|Jolly||F|||50|]Garchomp||LifeOrb|RoughSkin|Earthquake,StompingTantrum,Protect,DragonClaw|Adamant||F|||50|
|inactive|Battle timer is ON: inactive players will automatically lose when time's up. (requested by chocokoala vgc)
|inactive|RegiSIXSEVEN also wants the timer to be on.
|
|t:|1782412816
|teamsize|p1|4
|teamsize|p2|4
|start
|switch|p1a: Staraptor|Staraptor, L50, M, shiny|100/100
|switch|p1b: Kingambit|Kingambit, L50, M, shiny|100/100
|switch|p2a: Decidueye? NOPE|Sinistcha, L50|100/100
|switch|p2b: Primarina|Primarina, L50, F|100/100
|-ability|p1a: Staraptor|Intimidate|boost
|-unboost|p2a: Decidueye? NOPE|atk|1
|-unboost|p2b: Primarina|atk|1
|turn|1
|
|t:|1782412829
|move|p2a: Decidueye? NOPE|Rage Powder|p2a: Decidueye? NOPE
|-singleturn|p2a: Decidueye? NOPE|move: Rage Powder
|move|p1a: Staraptor|U-turn|p2a: Decidueye? NOPE
|-damage|p2a: Decidueye? NOPE|80/100
|
|t:|1782412833
|switch|p1a: Farigiraf|Farigiraf, L50, F, shiny|100/100|[from] U-turn
|move|p2b: Primarina|Calm Mind|p2b: Primarina
|-boost|p2b: Primarina|spa|1
|-boost|p2b: Primarina|spd|1
|move|p1b: Kingambit|Kowtow Cleave|p2a: Decidueye? NOPE
|-supereffective|p2a: Decidueye? NOPE|1
|-damage|p2a: Decidueye? NOPE|0 fnt
|faint|p2a: Decidueye? NOPE
|
|upkeep
|
|t:|1782412844
|switch|p2a: Incineroar|Incineroar, L50, F|100/100
|-ability|p2a: Incineroar|Intimidate|boost
|-unboost|p1a: Farigiraf|atk|1
|-unboost|p1b: Kingambit|atk|1
|-ability|p1b: Kingambit|Defiant|boost
|-boost|p1b: Kingambit|atk|2
|turn|2
|
|t:|1782412857
|move|p1b: Kingambit|Protect|p1b: Kingambit
|-singleturn|p1b: Kingambit|Protect
|move|p2b: Primarina|Moonblast|p1a: Farigiraf
|-damage|p1a: Farigiraf|45/100
|move|p2a: Incineroar|Throat Chop|p1a: Farigiraf
|-supereffective|p1a: Farigiraf|1
|-enditem|p1a: Farigiraf|Colbur Berry|[eat]
|-enditem|p1a: Farigiraf|Colbur Berry|[weaken]
|-damage|p1a: Farigiraf|15/100
|-start|p1a: Farigiraf|Throat Chop|[silent]
|move|p1a: Farigiraf|Trick Room|p1a: Farigiraf
|-fieldstart|move: Trick Room|[of] p1a: Farigiraf
|
|upkeep
|turn|3
|
|t:|1782412877
|move|p1a: Farigiraf|Helping Hand|p1b: Kingambit
|-singleturn|p1b: Kingambit|Helping Hand|[of] p1a: Farigiraf
|move|p1b: Kingambit|Kowtow Cleave|p2b: Primarina
|-resisted|p2b: Primarina|1
|-damage|p2b: Primarina|16/100
|move|p2a: Incineroar|Flare Blitz|p1b: Kingambit
|-supereffective|p1b: Kingambit|1
|-damage|p1b: Kingambit|30/100
|-damage|p2a: Incineroar|76/100|[from] Recoil
|move|p2b: Primarina|Hyper Voice|p1a: Farigiraf|[spread] p1a,p1b
|-damage|p1a: Farigiraf|0 fnt
|-damage|p1b: Kingambit|0 fnt
|faint|p1a: Farigiraf
|faint|p1b: Kingambit
|
|-heal|p2b: Primarina|22/100|[from] item: Leftovers
|upkeep
|
|t:|1782412885
|switch|p1b: Kangaskhan|Kangaskhan, L50, F, shiny|100/100
|switch|p1a: Staraptor|Staraptor, L50, M, shiny|100/100
|-ability|p1a: Staraptor|Intimidate|boost
|-unboost|p2a: Incineroar|atk|1
|-unboost|p2b: Primarina|atk|1
|turn|4
|
|t:|1782412893
|detailschange|p1b: Kangaskhan|Kangaskhan-Mega, L50, F, shiny
|-mega|p1b: Kangaskhan|Kangaskhan|Kangaskhanite
|move|p2b: Primarina|Protect|p2b: Primarina
|-singleturn|p2b: Primarina|Protect
|move|p1b: Kangaskhan|Fake Out|p2b: Primarina
|-activate|p2b: Primarina|move: Protect
|move|p2a: Incineroar|Parting Shot|p1b: Kangaskhan
|-unboost|p1b: Kangaskhan|atk|1
|-unboost|p1b: Kangaskhan|spa|1
|
|t:|1782412903
|switch|p2a: Metagross|Metagross, L50|100/100|[from] Parting Shot
|move|p1a: Staraptor|Close Combat|p2a: Metagross
|-damage|p2a: Metagross|70/100
|-unboost|p1a: Staraptor|def|1
|-unboost|p1a: Staraptor|spd|1
|
|-heal|p2b: Primarina|27/100|[from] item: Leftovers
|upkeep
|turn|5
|
|t:|1782412916
|detailschange|p2a: Metagross|Metagross-Mega, L50
|-mega|p2a: Metagross|Metagross|Metagrossite
|move|p2b: Primarina|Hyper Voice|p1a: Staraptor|[spread] p1a,p1b
|-damage|p1a: Staraptor|0 fnt
|-damage|p1b: Kangaskhan|58/100
|faint|p1a: Staraptor
|move|p1b: Kangaskhan|Double-Edge|p2b: Primarina
|-damage|p2b: Primarina|0 fnt
|faint|p2b: Primarina
|-damage|p1b: Kangaskhan|51/100|[from] Recoil
|move|p2a: Metagross|Meteor Mash|p1b: Kangaskhan
|-damage|p1b: Kangaskhan|0 fnt
|faint|p1b: Kangaskhan
|
|win|chocokoala vgc
