|j|☆sig.kire
|j|☆Pokeventurer
|html|sig.kirePokeventurer    
|uhtml|bestof|Game 2 of a best-of-3
|t:|1757836743
|gametype|doubles
|player|p1|sig.kire|sailor|1245
|player|p2|Pokeventurer|102|1123
|gen|9
|tier|[Gen 9] VGC 2025 Reg H (Bo3)
|rated|
|rule|Species Clause: Limit one of each Pokémon
|rule|Item Clause: Limit 1 of each item
|clearpoke
|poke|p1|Corviknight, L50, F|
|poke|p1|Garchomp, L50, M|
|poke|p1|Tyranitar, L50, M|
|poke|p1|Volcarona, L50, F|
|poke|p1|Indeedee, L50, M|
|poke|p1|Sneasler, L50, F|
|poke|p2|Incineroar, L50, M|
|poke|p2|Ursaluna-Bloodmoon, L50, M|
|poke|p2|Gholdengo, L50|
|poke|p2|Dragonite, L50, F|
|poke|p2|Sneasler, L50, F|
|poke|p2|Amoonguss, L50, F|
|teampreview|4
|showteam|p1|Corviknight||SitrusBerry|MirrorArmor|BraveBird,BodyPress,BulkUp,Roost|||F|||50|,,,,,Fire]Garchomp||LifeOrb|RoughSkin|DragonClaw,StompingTantrum,Earthquake,Protect|||M|||50|,,,,,Ground]Tyranitar||AssaultVest|SandStream|RockSlide,KnockOff,TeraBlast,LowKick|||M|||50|,,,,,Flying]Volcarona||SafetyGoggles|FlameBody|Overheat,Protect,RagePowder,Tailwind|||F|||50|,,,,,Fairy]Indeedee||ChoiceScarf|PsychicSurge|ExpandingForce,HelpingHand,Trick,TrickRoom|||M|||50|,,,,,Psychic]Sneasler||PsychicSeed|Unburden|DireClaw,CloseCombat,ThroatChop,Protect|||F|||50|,,,,,Dark
|showteam|p2|Incineroar||SafetyGoggles|Intimidate|FlareBlitz,KnockOff,PartingShot,FakeOut|||M|||50|,,,,,Ghost]Ursaluna-Bloodmoon||AssaultVest|MindsEye|HyperVoice,BloodMoon,EarthPower,VacuumWave|||M|||50|,,,,,Water]Gholdengo||LifeOrb|GoodasGold|MakeItRain,ShadowBall,NastyPlot,Protect||||||50|,,,,,Water]Dragonite||LoadedDice|InnerFocus|ScaleShot,Tailwind,Haze,ExtremeSpeed|||F|||50|,,,,,Fairy]Sneasler||FocusSash|Unburden|CloseCombat,DireClaw,FakeOut,Feint|||F|||50|,,,,,Stellar]Amoonguss||CovertCloak|Regenerator|PollenPuff,RagePowder,Spore,Protect|||F|||50|,,,,,Water
|inactive|Battle timer is ON: inactive players will automatically lose when time's up. (requested by Pokeventurer)
|j| 1#MiraidonHater
|
|t:|1757836769
|teamsize|p1|4
|teamsize|p2|4
|start
|switch|p1a: Indeedee|Indeedee, L50, M|100/100
|switch|p1b: Sneasler|Sneasler, L50, F|100/100
|switch|p2a: Gholdengo|Gholdengo, L50|100/100
|switch|p2b: Incineroar|Incineroar, L50, M|100/100
|-fieldstart|move: Psychic Terrain|[from] ability: Psychic Surge|[of] p1a: Indeedee
|-enditem|p1b: Sneasler|Psychic Seed
|-boost|p1b: Sneasler|spd|1|[from] item: Psychic Seed
|-ability|p2b: Incineroar|Intimidate|boost
|-unboost|p1a: Indeedee|atk|1
|-unboost|p1b: Sneasler|atk|1
|turn|1
|inactive|sig.kire has 30 seconds left.
|inactive|sig.kire has 20 seconds left.
|inactive|sig.kire has 15 seconds left.
|inactive|sig.kire has 10 seconds left.
|
|t:|1757836816
|switch|p1a: Tyranitar|Tyranitar, L50, M|100/100
|-weather|Sandstorm|[from] ability: Sand Stream|[of] p1a: Tyranitar
|-terastallize|p1b: Sneasler|Dark
|move|p2a: Gholdengo|Protect|p2a: Gholdengo
|-singleturn|p2a: Gholdengo|Protect
|move|p1b: Sneasler|Throat Chop|p2a: Gholdengo
|-activate|p2a: Gholdengo|move: Protect
|move|p2b: Incineroar|Parting Shot|p1b: Sneasler
|-unboost|p1b: Sneasler|atk|1
|-unboost|p1b: Sneasler|spa|1
|
|t:|1757836830
|switch|p2b: Dragonite|Dragonite, L50, F|100/100|[from] Parting Shot
|
|-weather|Sandstorm|[upkeep]
|-damage|p1b: Sneasler|95/100|[from] Sandstorm
|-damage|p2b: Dragonite|95/100|[from] Sandstorm
|upkeep
|turn|2
|
|t:|1757836838
|switch|p1b: Indeedee|Indeedee, L50, M|100/100
|switch|p2a: Incineroar|Incineroar, L50, M|100/100
|-ability|p2a: Incineroar|Intimidate|boost
|-unboost|p1a: Tyranitar|atk|1
|-unboost|p1b: Indeedee|atk|1
|move|p2b: Dragonite|Tailwind|p2b: Dragonite
|-sidestart|p2: Pokeventurer|move: Tailwind
|move|p1a: Tyranitar|Rock Slide|p2a: Incineroar|[spread] p2a,p2b
|-supereffective|p2a: Incineroar
|-supereffective|p2b: Dragonite
|-damage|p2a: Incineroar|65/100
|-damage|p2b: Dragonite|48/100
|
|-weather|Sandstorm|[upkeep]
|-damage|p2b: Dragonite|42/100|[from] Sandstorm
|-damage|p1b: Indeedee|95/100|[from] Sandstorm
|upkeep
|turn|3
|
|t:|1757836852
|switch|p2b: Gholdengo|Gholdengo, L50|100/100
|switch|p1b: Volcarona|Volcarona, L50, F|100/100
|move|p2a: Incineroar|Flare Blitz|p1b: Volcarona
|-damage|p1b: Volcarona|49/100
|-damage|p2a: Incineroar|49/100|[from] Recoil
|move|p1a: Tyranitar|Rock Slide|p2b: Gholdengo|[spread] p2a,p2b
|-supereffective|p2a: Incineroar
|-resisted|p2b: Gholdengo
|-damage|p2a: Incineroar|15/100
|-damage|p2b: Gholdengo|90/100
|
|-weather|Sandstorm|[upkeep]
|upkeep
|turn|4
|
|t:|1757836867
|-terastallize|p2b: Gholdengo|Water
|move|p2b: Gholdengo|Nasty Plot|p2b: Gholdengo
|-boost|p2b: Gholdengo|spa|2
|move|p2a: Incineroar|Flare Blitz|p1b: Volcarona
|-damage|p1b: Volcarona|0 fnt
|faint|p1b: Volcarona
|-damage|p2a: Incineroar|0 fnt|[from] Recoil
|faint|p2a: Incineroar
|move|p1a: Tyranitar|Knock Off|p2b: Gholdengo
|-damage|p2b: Gholdengo|54/100
|-enditem|p2b: Gholdengo|Life Orb|[from] move: Knock Off|[of] p1a: Tyranitar
|
|-weather|Sandstorm|[upkeep]
|-damage|p2b: Gholdengo|48/100|[from] Sandstorm
|upkeep
|
|t:|1757836879
|switch|p1b: Sneasler|Sneasler, L50, F, tera:Dark|95/100
|switch|p2a: Dragonite|Dragonite, L50, F|42/100
|turn|5
|
|t:|1757836890
|move|p1b: Sneasler|Protect|p1b: Sneasler
|-singleturn|p1b: Sneasler|Protect
|move|p2b: Gholdengo|Make It Rain|p1a: Tyranitar|[spread] p1a
|-activate|p1b: Sneasler|move: Protect
|-supereffective|p1a: Tyranitar
|-damage|p1a: Tyranitar|26/100
|-unboost|p2b: Gholdengo|spa|1
|move|p2a: Dragonite|Scale Shot|p1a: Tyranitar
|-crit|p1a: Tyranitar
|-damage|p1a: Tyranitar|6/100
|-damage|p1a: Tyranitar|0 fnt
|faint|p1a: Tyranitar
|-hitcount|p1: Tyranitar|2
|-unboost|p2a: Dragonite|def|1
|-boost|p2a: Dragonite|spe|1
|
|-weather|none
|-sideend|p2: Pokeventurer|move: Tailwind
|-fieldend|move: Psychic Terrain
|upkeep
|
|t:|1757836892
|switch|p1a: Indeedee|Indeedee, L50, M|95/100
|-fieldstart|move: Psychic Terrain|[from] ability: Psychic Surge|[of] p1a: Indeedee
|turn|6
|
|t:|1757836898
|move|p1a: Indeedee|Expanding Force|p2b: Gholdengo|[spread] p2a,p2b
|-damage|p2a: Dragonite|0 fnt
|-damage|p2b: Gholdengo|0 fnt
|faint|p2a: Dragonite
|faint|p2b: Gholdengo
|move|p1b: Sneasler|Throat Chop|p2: Dragonite|[notarget]
|-fail|p1b: Sneasler
|
|upkeep
|c|☆Pokeventurer|gg
|
|t:|1757836905
|switch|p2a: Amoonguss|Amoonguss, L50, F|100/100
|turn|7
|
|t:|1757836912
|move|p1a: Indeedee|Expanding Force|p2a: Amoonguss
|-supereffective|p2a: Amoonguss
|-damage|p2a: Amoonguss|14/100
|move|p1b: Sneasler|Dire Claw|p2a: Amoonguss
|-damage|p2a: Amoonguss|0 fnt
|faint|p2a: Amoonguss
|
|win|sig.kire
||sig.kire is ready for game 3.
