|j|☆The Zamazenta user
|j|☆Reubz123
|html|The Zamazenta userReubz123    
|uhtml|bestof|Game 1 of a best-of-3
|t:|1757626383
|gametype|doubles
|player|p1|The Zamazenta user|lucas-gen4pt|1047
|player|p2|Reubz123|265|1107
|gen|9
|tier|[Gen 9] VGC 2025 Reg H (Bo3)
|rated|
|rule|Species Clause: Limit one of each Pokémon
|rule|Item Clause: Limit 1 of each item
|clearpoke
|poke|p1|Gholdengo, L50|
|poke|p1|Dragonite, L50, F|
|poke|p1|Primarina, L50, M|
|poke|p1|Incineroar, L50, M|
|poke|p1|Gallade, L50, M|
|poke|p1|Rillaboom, L50, M|
|poke|p2|Archaludon, L50, F|
|poke|p2|Weavile, L50, M|
|poke|p2|Pelipper, L50, M|
|poke|p2|Basculegion, L50, M|
|poke|p2|Farigiraf, L50, M|
|poke|p2|Amoonguss, L50, M|
|teampreview|4
|showteam|p1|Gholdengo||GrassySeed|GoodasGold|MakeItRain,ShadowBall,Protect,NastyPlot||||||50|,,,,,Fire]Dragonite||LifeOrb|InnerFocus|TeraBlast,DragonClaw,DragonDance,Protect|||F|||50|,,,,,Flying]Primarina||ThroatSpray|LiquidVoice|HyperVoice,Moonblast,Protect,IcyWind|||M|||50|,,,,,Steel]Incineroar||SafetyGoggles|Intimidate|FlareBlitz,KnockOff,PartingShot,FakeOut|||M|||50|,,,,,Bug]Gallade||FocusSash|Sharpness|NightSlash,SacredSword,PsychoCut,Protect|||M|||50|,,,,,Stellar]Rillaboom||MiracleSeed|GrassySurge|WoodHammer,GrassyGlide,FakeOut,Protect|||M|||50|,,,,,Grass
|showteam|p2|Archaludon||AssaultVest|Stamina|ElectroShot,BodyPress,DracoMeteor,FlashCannon|||F|||50|,,,,,Bug]Weavile||FocusSash|Pickpocket|FakeOut,Snarl,IceSpinner,BeatUp|||M|||50|,,,,,Ghost]Pelipper||CovertCloak|Drizzle|Hurricane,WeatherBall,WideGuard,Tailwind|||M|||50|,,,,,Grass]Basculegion||ChoiceBand|SwiftSwim|WaveCrash,FlipTurn,AquaJet,LastRespects|||M|||50|,,,,,Water]Farigiraf||SafetyGoggles|ArmorTail|TwinBeam,HelpingHand,TrickRoom,Imprison|||M|||50|,,,,,Fairy]Amoonguss||SitrusBerry|Regenerator|Spore,RagePowder,PollenPuff,Protect|||M|||50|,,,,,Water
|inactive|Battle timer is ON: inactive players will automatically lose when time's up. (requested by The Zamazenta user)
|inactive|The Zamazenta user has 60 seconds left.
|
|t:|1757626422
|teamsize|p1|4
|teamsize|p2|4
|start
|switch|p1a: Gallade|Gallade, L50, M|100/100
|switch|p1b: Primarina|Primarina, L50, M|100/100
|switch|p2a: Pelipper|Pelipper, L50, M|100/100
|switch|p2b: Basculegion|Basculegion, L50, M|100/100
|-weather|RainDance|[from] ability: Drizzle|[of] p2a: Pelipper
|turn|1
|
|t:|1757626434
|move|p1a: Gallade|Protect|p1a: Gallade
|-singleturn|p1a: Gallade|Protect
|move|p2b: Basculegion|Flip Turn|p1a: Gallade
|-activate|p1a: Gallade|move: Protect
|move|p1b: Primarina|Hyper Voice|p2b: Basculegion|[spread] p2a,p2b
|-resisted|p2a: Pelipper
|-resisted|p2b: Basculegion
|-damage|p2a: Pelipper|63/100
|-damage|p2b: Basculegion|72/100
|-enditem|p1b: Primarina|Throat Spray
|-boost|p1b: Primarina|spa|1|[from] item: Throat Spray
|move|p2a: Pelipper|Hurricane|p1b: Primarina
|-damage|p1b: Primarina|49/100
|
|-weather|RainDance|[upkeep]
|upkeep
|turn|2
|inactive|The Zamazenta user has 30 seconds left.
|
|t:|1757626462
|switch|p1a: Rillaboom|Rillaboom, L50, M|100/100
|-fieldstart|move: Grassy Terrain|[from] ability: Grassy Surge|[of] p1a: Rillaboom
|-terastallize|p1b: Primarina|Steel
|move|p2a: Pelipper|Wide Guard|p2a: Pelipper
|-singleturn|p2a: Pelipper|Wide Guard
|move|p2b: Basculegion|Flip Turn|p1a: Rillaboom
|-resisted|p1a: Rillaboom
|-crit|p1a: Rillaboom
|-damage|p1a: Rillaboom|42/100
|
|t:|1757626468
|switch|p2b: Weavile|Weavile, L50, M|100/100|[from] Flip Turn
|move|p1b: Primarina|Moonblast|p2a: Pelipper
|-crit|p2a: Pelipper
|-damage|p2a: Pelipper|0 fnt
|faint|p2a: Pelipper
|
|-weather|RainDance|[upkeep]
|-heal|p1a: Rillaboom|48/100|[from] Grassy Terrain
|-heal|p1b: Primarina|55/100|[from] Grassy Terrain
|upkeep
|
|t:|1757626474
|switch|p2a: Basculegion|Basculegion, L50, M|72/100
|turn|3
|
|t:|1757626495
|move|p2b: Weavile|Fake Out|p1a: Rillaboom
|-damage|p1a: Rillaboom|34/100
|cant|p1a: Rillaboom|flinch
|move|p2a: Basculegion|Flip Turn|p1b: Primarina
|-damage|p1b: Primarina|0 fnt
|faint|p1b: Primarina
|
|t:|1757626502
|switch|p2a: Farigiraf|Farigiraf, L50, M|100/100|[from] Flip Turn
|
|-weather|RainDance|[upkeep]
|-heal|p1a: Rillaboom|40/100|[from] Grassy Terrain
|upkeep
|
|t:|1757626509
|switch|p1b: Gallade|Gallade, L50, M|100/100
|turn|4
|
|t:|1757626532
|switch|p1a: Gholdengo|Gholdengo, L50|100/100
|-enditem|p1a: Gholdengo|Grassy Seed
|-boost|p1a: Gholdengo|def|1|[from] item: Grassy Seed
|move|p2b: Weavile|Ice Spinner|p1a: Gholdengo
|-resisted|p1a: Gholdengo
|-damage|p1a: Gholdengo|88/100
|-fieldend|move: Grassy Terrain
|move|p1b: Gallade|Sacred Sword|p2a: Farigiraf
|-damage|p2a: Farigiraf|34/100
|move|p2a: Farigiraf|Twin Beam|p1b: Gallade
|-damage|p1b: Gallade|79/100
|-damage|p1b: Gallade|57/100
|-hitcount|p1b: Gallade|2
|
|-weather|RainDance|[upkeep]
|upkeep
|turn|5
|
|t:|1757626551
|move|p2b: Weavile|Ice Spinner|p1b: Gallade
|-damage|p1b: Gallade|0 fnt
|faint|p1b: Gallade
|move|p1a: Gholdengo|Make It Rain|p2a: Farigiraf|[spread] p2a,p2b
|-supereffective|p2b: Weavile
|-damage|p2a: Farigiraf|0 fnt
|-enditem|p2b: Weavile|Focus Sash
|-damage|p2b: Weavile|1/100
|-unboost|p1a: Gholdengo|spa|1
|faint|p2a: Farigiraf
|
|-weather|none
|upkeep
|
|t:|1757626554
|switch|p1b: Rillaboom|Rillaboom, L50, M|40/100
|switch|p2a: Basculegion|Basculegion, L50, M|72/100
|-fieldstart|move: Grassy Terrain|[from] ability: Grassy Surge|[of] p1b: Rillaboom
|turn|6
|inactive|Reubz123 has 30 seconds left.
|
|t:|1757626581
|-terastallize|p2a: Basculegion|Water
|move|p1b: Rillaboom|Grassy Glide|p2a: Basculegion
|-supereffective|p2a: Basculegion
|-damage|p2a: Basculegion|0 fnt
|faint|p2a: Basculegion
|move|p2b: Weavile|Snarl|p1b: Rillaboom|[spread] p1a,p1b
|-supereffective|p1a: Gholdengo
|-crit|p1b: Rillaboom
|-damage|p1a: Gholdengo|73/100
|-damage|p1b: Rillaboom|25/100
|-unboost|p1a: Gholdengo|spa|1
|-unboost|p1b: Rillaboom|spa|1
|move|p1a: Gholdengo|Make It Rain|p2b: Weavile
|-supereffective|p2b: Weavile
|-damage|p2b: Weavile|0 fnt
|-unboost|p1a: Gholdengo|spa|1
|faint|p2b: Weavile
|
|win|The Zamazenta user
||Reubz123 is ready for game 2.
||The Zamazenta user is ready for game 2.
|uhtml|next|Next: Game 2 of 3
|l|☆The Zamazenta user
|player|p1|
