|j|☆epic17x
|j|☆Goat Pincurchin
|html|epic17xGoat Pincurchin    
|uhtml|bestof|Game 1 of a best-of-3
|t:|1756682238
|gametype|doubles
|player|p1|epic17x|steven|1285
|player|p2|Goat Pincurchin|ghetsis|1283
|gen|9
|tier|[Gen 9] VGC 2025 Reg H (Bo3)
|rated|
|rule|Species Clause: Limit one of each Pokémon
|rule|Item Clause: Limit 1 of each item
|clearpoke
|poke|p1|Ninetales-Alola, L50, F|
|poke|p1|Rillaboom, L50, F|
|poke|p1|Magmar, L50, M|
|poke|p1|Sneasler, L50, F|
|poke|p1|Kingambit, L50, F|
|poke|p1|Basculegion, L50, M|
|poke|p2|Dragonite, L50, M|
|poke|p2|Arcanine-Hisui, L50, M|
|poke|p2|Rillaboom, L50, M|
|poke|p2|Sneasler, L50, M|
|poke|p2|Ninetales-Alola, L50, M|
|poke|p2|Gholdengo, L50|
|teampreview|4
|showteam|p1|Ninetales-Alola||NeverMeltIce|SnowWarning|Blizzard,FreezeDry,Encore,Protect|||F|||50|,,,,,Ghost]Rillaboom||AssaultVest|GrassySurge|WoodHammer,FakeOut,Uturn,GrassyGlide|||F|||50|,,,,,Ghost]Magmar||Eviolite|VitalSpirit|Protect,HeatWave,WillOWisp,FollowMe|||M|||50|,,,,,Ghost]Sneasler||FocusSash|PoisonTouch|FakeOut,DireClaw,CloseCombat,Protect|||F|||50|,,,,,Ghost]Kingambit||BlackGlasses|Defiant|KowtowCleave,SwordsDance,SuckerPunch,Protect|||F|||50|,,,,,Fire]Basculegion||ChoiceScarf|Adaptability|WaveCrash,FlipTurn,TeraBlast,LastRespects|||M|||50|,,,,,Fighting
|showteam|p2|Dragonite||LoadedDice|Multiscale|ScaleShot,StompingTantrum,Tailwind,Protect|||M|||50|,,,,,Ground]Arcanine-Hisui||ClearAmulet|Intimidate|RockSlide,FlareBlitz,ExtremeSpeed,Protect|||M|||50|,,,,,Water]Rillaboom||AssaultVest|GrassySurge|FakeOut,GrassyGlide,DrumBeating,HighHorsepower|||M|||50|,,,,,Fire]Sneasler||WhiteHerb|Unburden|CloseCombat,DireClaw,Coaching,Protect|||M|||50|,,,,,Ghost]Ninetales-Alola||FocusSash|SnowWarning|Blizzard,IcyWind,Encore,AuroraVeil|||M|||50|,,,,,Ghost]Gholdengo||GrassySeed|GoodasGold|NastyPlot,MakeItRain,ShadowBall,Protect||||||50|,,,,,Water
|inactive|Battle timer is ON: inactive players will automatically lose when time's up. (requested by epic17x)
|inactive|Goat Pincurchin also wants the timer to be on.
|inactive|epic17x has 60 seconds left.
|
|t:|1756682278
|teamsize|p1|4
|teamsize|p2|4
|start
|switch|p1a: Sneasler|Sneasler, L50, F|100/100
|switch|p1b: Kingambit|Kingambit, L50, F|100/100
|switch|p2a: Gholdengo|Gholdengo, L50|100/100
|switch|p2b: Rillaboom|Rillaboom, L50, M|100/100
|-fieldstart|move: Grassy Terrain|[from] ability: Grassy Surge|[of] p2b: Rillaboom
|-enditem|p2a: Gholdengo|Grassy Seed
|-boost|p2a: Gholdengo|def|1|[from] item: Grassy Seed
|turn|1
|inactive|Goat Pincurchin has 30 seconds left.
|
|t:|1756682303
|switch|p2b: Sneasler|Sneasler, L50, M|100/100
|move|p1a: Sneasler|Fake Out|p2b: Sneasler
|-damage|p2b: Sneasler|77/100
|move|p2a: Gholdengo|Nasty Plot|p2a: Gholdengo
|-boost|p2a: Gholdengo|spa|2
|move|p1b: Kingambit|Kowtow Cleave|p2a: Gholdengo
|-supereffective|p2a: Gholdengo
|-damage|p2a: Gholdengo|18/100
|
|-heal|p2b: Sneasler|82/100|[from] Grassy Terrain
|-heal|p2a: Gholdengo|24/100|[from] Grassy Terrain
|upkeep
|turn|2
|inactive|Goat Pincurchin has 30 seconds left.
|
|t:|1756682332
|move|p1b: Kingambit|Protect|p1b: Kingambit
|-singleturn|p1b: Kingambit|Protect
|move|p1a: Sneasler|Dire Claw|p2b: Sneasler
|-resisted|p2b: Sneasler
|-damage|p2b: Sneasler|43/100
|move|p2b: Sneasler|Close Combat|p1b: Kingambit
|-activate|p1b: Kingambit|move: Protect
|move|p2a: Gholdengo|Make It Rain|p1b: Kingambit|[spread] p1a
|-activate|p1b: Kingambit|move: Protect
|-enditem|p1a: Sneasler|Focus Sash
|-damage|p1a: Sneasler|1/100
|-unboost|p2a: Gholdengo|spa|1
|
|-heal|p1a: Sneasler|7/100|[from] Grassy Terrain
|-heal|p2b: Sneasler|49/100|[from] Grassy Terrain
|-heal|p2a: Gholdengo|31/100|[from] Grassy Terrain
|upkeep
|turn|3
|
|t:|1756682356
|-terastallize|p1b: Kingambit|Fire
|move|p1b: Kingambit|Sucker Punch||[still]
|-fail|p1b: Kingambit
|move|p1a: Sneasler|Dire Claw|p2a: Gholdengo
|-immune|p2a: Gholdengo
|move|p2b: Sneasler|Close Combat|p1b: Kingambit
|-damage|p1b: Kingambit|45/100
|-unboost|p2b: Sneasler|def|1
|-unboost|p2b: Sneasler|spd|1
|-enditem|p2b: Sneasler|White Herb
|-clearnegativeboost|p2b: Sneasler|[silent]
|move|p2a: Gholdengo|Nasty Plot|p2a: Gholdengo
|-boost|p2a: Gholdengo|spa|2
|
|-heal|p2b: Sneasler|55/100|[from] Grassy Terrain
|-heal|p1a: Sneasler|13/100|[from] Grassy Terrain
|-heal|p2a: Gholdengo|37/100|[from] Grassy Terrain
|-heal|p1b: Kingambit|51/100|[from] Grassy Terrain
|upkeep
|turn|4
|inactive|epic17x has 30 seconds left.
|
|t:|1756682385
|switch|p1a: Magmar|Magmar, L50, M|100/100
|move|p2a: Gholdengo|Protect|p2a: Gholdengo
|-singleturn|p2a: Gholdengo|Protect
|move|p1b: Kingambit|Sucker Punch|p2b: Sneasler
|-resisted|p2b: Sneasler
|-damage|p2b: Sneasler|10/100
|move|p2b: Sneasler|Dire Claw|p1a: Magmar
|-damage|p1a: Magmar|72/100
|-status|p1a: Magmar|psn
|
|-heal|p2b: Sneasler|16/100|[from] Grassy Terrain
|-heal|p2a: Gholdengo|43/100|[from] Grassy Terrain
|-heal|p1a: Magmar|78/100 psn|[from] Grassy Terrain
|-heal|p1b: Kingambit|57/100|[from] Grassy Terrain
|-damage|p1a: Magmar|65/100 psn|[from] psn
|upkeep
|turn|5
|
|t:|1756682405
|-terastallize|p2a: Gholdengo|Water
|move|p1b: Kingambit|Sucker Punch|p2a: Gholdengo
|-damage|p2a: Gholdengo|6/100
|move|p2b: Sneasler|Close Combat|p1b: Kingambit
|-crit|p1b: Kingambit
|-damage|p1b: Kingambit|0 fnt
|-unboost|p2b: Sneasler|def|1
|-unboost|p2b: Sneasler|spd|1
|faint|p1b: Kingambit
|move|p2a: Gholdengo|Make It Rain|p1a: Magmar
|-resisted|p1a: Magmar
|-damage|p1a: Magmar|0 fnt
|-unboost|p2a: Gholdengo|spa|1
|faint|p1a: Magmar
|
|-heal|p2b: Sneasler|22/100|[from] Grassy Terrain
|-heal|p2a: Gholdengo|12/100|[from] Grassy Terrain
|-fieldend|move: Grassy Terrain
|upkeep
|
|t:|1756682417
|switch|p1a: Sneasler|Sneasler, L50, F|13/100
|switch|p1b: Basculegion|Basculegion, L50, M|100/100
|turn|6
|-message|epic17x forfeited.
|
|win|Goat Pincurchin
||epic17x is ready for game 2.
||Goat Pincurchin is ready for game 2.
|uhtml|next|Next: Game 2 of 3
|l|☆Goat Pincurchin
|player|p2|
