|j|☆so atey
|j|☆raksbach
|html|so ateyraksbach    
|uhtml|bestof|Game 3 of a best-of-3
|t:|1784551764
|gametype|doubles
|player|p1|so atey|cynthia|1338
|player|p2|raksbach|266|1266
|gen|9
|tier|[Gen 9 Champions] VGC 2026 Reg M-B (Bo3)
|rated|
|rule|Species Clause: Limit one of each Pokémon
|rule|Item Clause: Limit 1 of each item
|clearpoke
|poke|p1|Charizard, L50, M|
|poke|p1|Basculegion, L50, M|
|poke|p1|Archaludon, L50, F|
|poke|p1|Venusaur, L50, F|
|poke|p1|Grimmsnarl, L50, M|
|poke|p1|Pelipper, L50, F|
|poke|p2|Incineroar, L50, M|
|poke|p2|Maushold, L50|
|poke|p2|Sinistcha, L50|
|poke|p2|Sneasler, L50, M|
|poke|p2|Blastoise, L50, M|
|poke|p2|Delphox, L50, M|
|teampreview|4
|showteam|p1|Charizard||CharizarditeY|SolarPower|WeatherBall,HeatWave,SolarBeam,Protect|Modest||M|||50|]Basculegion||ChoiceScarf|Adaptability|AquaJet,WaveCrash,FlipTurn,LastRespects|Jolly||M|||50|]Archaludon||Leftovers|Stamina|ElectroShot,DragonPulse,FlashCannon,Protect|Calm||F|||50|]Venusaur||Venusaurite|Chlorophyll|SleepPowder,SludgeBomb,EarthPower,Protect|Modest||F|||50|]Grimmsnarl||LightClay|Prankster|SpiritBreak,PartingShot,Reflect,LightScreen|Calm||M|||50|]Pelipper||SitrusBerry|Drizzle|Tailwind,WideGuard,WeatherBall,Hurricane|Bold||F|||50|
|showteam|p2|Incineroar||SitrusBerry|Intimidate|FakeOut,FlareBlitz,DarkestLariat,PartingShot|Impish||M|||50|]Maushold||ChopleBerry|FriendGuard|SuperFang,FollowMe,Protect,Feint|Impish|||||50|]Sinistcha||OccaBerry|Hospitality|MatchaGotcha,LifeDew,RagePowder,Protect|Bold|||||50|]Sneasler||FocusSash|PoisonTouch|FakeOut,CloseCombat,DireClaw,QuickGuard|Jolly||M|||50|]Blastoise||Blastoisinite|Torrent|WaterSpout,DarkPulse,ShellSmash,Protect|Modest||M|||50|]Delphox||Delphoxite|Blaze|HeatWave,Psychic,NastyPlot,Protect|Timid||M|||50|
|inactive|Battle timer is ON: inactive players will automatically lose when time's up. (requested by raksbach)
|inactive|raksbach has 60 seconds left.
|
|t:|1784551812
|teamsize|p1|4
|teamsize|p2|4
|start
|switch|p1a: Charizard|Charizard, L50, M|100/100
|switch|p1b: Venusaur|Venusaur, L50, F|100/100
|switch|p2a: Delphox|Delphox, L50, M|100/100
|switch|p2b: Incineroar|Incineroar, L50, M|100/100
|-ability|p2b: Incineroar|Intimidate|boost
|-unboost|p1a: Charizard|atk|1
|-unboost|p1b: Venusaur|atk|1
|turn|1
|inactive|raksbach has 30 seconds left.
|
|t:|1784551843
|switch|p1b: Pelipper|Pelipper, L50, F|100/100
|-weather|RainDance|[from] ability: Drizzle|[of] p1b: Pelipper
|detailschange|p2a: Delphox|Delphox-Mega, L50, M
|-mega|p2a: Delphox|Delphox|Delphoxite
|move|p2b: Incineroar|Fake Out|p1b: Pelipper
|-damage|p1b: Pelipper|90/100
|move|p2a: Delphox|Nasty Plot|p2a: Delphox
|-boost|p2a: Delphox|spa|2
|move|p1a: Charizard|Weather Ball|p2a: Delphox
|-supereffective|p2a: Delphox|1
|-damage|p2a: Delphox|20/100r
|
|-weather|RainDance|[upkeep]
|upkeep
|turn|2
|inactive|so atey has 30 seconds left.
|
|t:|1784551870
|move|p2a: Delphox|Protect|p2a: Delphox
|-singleturn|p2a: Delphox|Protect
|move|p1a: Charizard|Protect|p1a: Charizard
|-singleturn|p1a: Charizard|Protect
|move|p1b: Pelipper|Tailwind|p1b: Pelipper
|-sidestart|p1: so atey|move: Tailwind
|move|p2b: Incineroar|Parting Shot|p1a: Charizard
|-activate|p1a: Charizard|move: Protect
|
|-weather|RainDance|[upkeep]
|upkeep
|turn|3
|
|t:|1784551888
|switch|p2a: Sinistcha|Sinistcha, L50|100/100
|switch|p2b: Sneasler|Sneasler, L50, M|100/100
|move|p1a: Charizard|Weather Ball|p2a: Sinistcha
|-resisted|p2a: Sinistcha|1
|-damage|p2a: Sinistcha|82/100
|move|p1b: Pelipper|Weather Ball|p2b: Sneasler
|-damage|p2b: Sneasler|33/100
|
|-weather|RainDance|[upkeep]
|upkeep
|turn|4
|
|t:|1784551911
|switch|p2b: Delphox|Delphox-Mega, L50, M|20/100r
|move|p1a: Charizard|Heat Wave|p2a: Sinistcha|[spread] p2a,p2b
|-supereffective|p2a: Sinistcha|1
|-enditem|p2a: Sinistcha|Occa Berry|[eat]
|-enditem|p2a: Sinistcha|Occa Berry|[weaken]
|-resisted|p2b: Delphox|1
|-damage|p2a: Sinistcha|68/100
|-damage|p2b: Delphox|13/100
|move|p1b: Pelipper|Hurricane|p2a: Sinistcha
|-supereffective|p2a: Sinistcha|1
|-damage|p2a: Sinistcha|4/100
|move|p2a: Sinistcha|Life Dew|p2a: Sinistcha|[spread] p2a,p2b
|-heal|p2a: Sinistcha|29/100
|-heal|p2b: Delphox|38/100
|
|-weather|RainDance|[upkeep]
|upkeep
|turn|5
|inactive|so atey has 30 seconds left.
|inactive|so atey has 20 seconds left.
|inactive|so atey has 15 seconds left.
|inactive|so atey has 10 seconds left.
|inactive|so atey has 5 seconds left.
|
|t:|1784551965
|switch|p1b: Venusaur|Venusaur, L50, F|100/100
|move|p2b: Delphox|Protect|p2b: Delphox
|-singleturn|p2b: Delphox|Protect
|move|p2a: Sinistcha|Protect|p2a: Sinistcha
|-singleturn|p2a: Sinistcha|Protect
|move|p1a: Charizard|Heat Wave|p2a: Sinistcha|[spread] 
|-activate|p2a: Sinistcha|move: Protect
|-activate|p2b: Delphox|move: Protect
|
|-weather|none
|-sideend|p1: so atey|move: Tailwind
|upkeep
|turn|6
|
|t:|1784551987
|detailschange|p1a: Charizard|Charizard-Mega-Y, L50, M
|-mega|p1a: Charizard|Charizard|Charizardite Y
|-weather|SunnyDay|[from] ability: Drought|[of] p1a: Charizard
|move|p2a: Sinistcha|Rage Powder|p2a: Sinistcha
|-singleturn|p2a: Sinistcha|move: Rage Powder
|move|p1b: Venusaur|Sleep Powder|p2b: Delphox|[miss]
|-miss|p1b: Venusaur|p2b: Delphox
|move|p2b: Delphox|Psychic|p1b: Venusaur
|-supereffective|p1b: Venusaur|1
|-damage|p1b: Venusaur|11/100
|move|p1a: Charizard|Weather Ball|p2a: Sinistcha
|-supereffective|p2a: Sinistcha|1
|-damage|p2a: Sinistcha|0 fnt
|faint|p2a: Sinistcha
|
|-weather|SunnyDay|[upkeep]
|upkeep
|
|t:|1784552003
|switch|p2a: Incineroar|Incineroar, L50, M|100/100
|-ability|p2a: Incineroar|Intimidate|boost
|-unboost|p1a: Charizard|atk|1
|-unboost|p1b: Venusaur|atk|1
|turn|7
|
|t:|1784552024
|switch|p1b: Pelipper|Pelipper, L50, F|90/100
|-weather|RainDance|[from] ability: Drizzle|[of] p1b: Pelipper
|move|p2a: Incineroar|Fake Out|p1a: Charizard
|-damage|p1a: Charizard|90/100
|move|p2b: Delphox|Nasty Plot|p2b: Delphox
|-boost|p2b: Delphox|spa|2
|cant|p1a: Charizard|flinch
|
|-weather|RainDance|[upkeep]
|upkeep
|turn|8
|inactive|raksbach has 30 seconds left.
|
|t:|1784552056
|switch|p2a: Sneasler|Sneasler, L50, M|33/100
|move|p2b: Delphox|Psychic|p1b: Pelipper
|-damage|p1b: Pelipper|0 fnt
|faint|p1b: Pelipper
|move|p1a: Charizard|Weather Ball|p2b: Delphox
|-supereffective|p2b: Delphox|1
|-damage|p2b: Delphox|0 fnt
|faint|p2b: Delphox
|
|-weather|RainDance|[upkeep]
|upkeep
|
|t:|1784552070
|switch|p2b: Incineroar|Incineroar, L50, M|100/100
|switch|p1b: Basculegion|Basculegion, L50, M|100/100
|-ability|p2b: Incineroar|Intimidate|boost
|-unboost|p1a: Charizard|atk|1
|-unboost|p1b: Basculegion|atk|1
|turn|9
|
|t:|1784552083
|move|p1b: Basculegion|Wave Crash|p2a: Sneasler
|-damage|p2a: Sneasler|0 fnt
|faint|p2a: Sneasler
|-damage|p1b: Basculegion|91/100|[from] Recoil
|move|p1a: Charizard|Weather Ball|p2b: Incineroar
|-supereffective|p2b: Incineroar|1
|-damage|p2b: Incineroar|0 fnt
|faint|p2b: Incineroar
|
|win|so atey
|raw|so atey's rating: 1338 → 1354(+16 for winning)
|raw|raksbach's rating: 1266 → 1246(-20 for losing)
