|j|☆n0tw0lf3
|j|☆yuwuna69
|html|n0tw0lf3yuwuna69    
|uhtml|bestof|Game 1 of a best-of-3
|t:|1756799509
|gametype|doubles
|player|p1|n0tw0lf3|2|1005
|player|p2|yuwuna69|rocketgruntf|1000
|gen|9
|tier|[Gen 9] VGC 2025 Reg H (Bo3)
|rated|
|rule|Species Clause: Limit one of each Pokémon
|rule|Item Clause: Limit 1 of each item
|clearpoke
|poke|p1|Politoed, L50, M|
|poke|p1|Gothitelle, L50, M|
|poke|p1|Incineroar, L50, F|
|poke|p1|Amoonguss, L50, F|
|poke|p1|Kingdra, L50, F|
|poke|p1|Archaludon, L50, M|
|poke|p2|Pelipper, L50, M|
|poke|p2|Archaludon, L50, F|
|poke|p2|Annihilape, L50, M|
|poke|p2|Maushold, L50|
|poke|p2|Rillaboom, L50, F|
|poke|p2|Basculegion, L50, M|
|teampreview|4
|showteam|p1|Politoed||Leftovers|Drizzle|Protect,WeatherBall,PerishSong,Encore|||M|||50|,,,,,Grass]Gothitelle||SitrusBerry|ShadowTag|Protect,Psychic,FakeOut,TrickRoom|||M|||50|,,,,,Dark]Incineroar||SafetyGoggles|Intimidate|Protect,KnockOff,FakeOut,PartingShot|||F|||50|,,,,,Ghost]Amoonguss||EjectButton|Regenerator|Protect,RagePowder,PollenPuff,Spore|||F|||50|,,,,,Fairy]Kingdra||LifeOrb|SwiftSwim|Protect,WeatherBall,DracoMeteor,MuddyWater|||F|||50|,,,,,Stellar]Archaludon||PowerHerb|Sturdy|Protect,ElectroShot,DragonPulse,FlashCannon|||M|||50|,,,,,Electric
|showteam|p2|Pelipper||FocusSash|Drizzle|WeatherBall,Hurricane,WideGuard,Tailwind|||M|||50|,,,,,Ghost]Archaludon||AssaultVest|Stamina|ElectroShot,DracoMeteor,FlashCannon,BodyPress|||F|||50|,,,,,Grass]Annihilape||SafetyGoggles|Defiant|RageFist,DrainPunch,BulkUp,Protect|||M|||50|,,,,,Fire]Maushold||SitrusBerry|FriendGuard|BeatUp,FollowMe,Taunt,Protect||||||50|,,,,,Ghost]Rillaboom||MiracleSeed|GrassySurge|FakeOut,GrassyGlide,WoodHammer,Uturn|||F|||50|,,,,,Fire]Basculegion||ChoiceBand|SwiftSwim|WaveCrash,AquaJet,LastRespects,FlipTurn|||M|||50|,,,,,Water
|inactive|Battle timer is ON: inactive players will automatically lose when time's up. (requested by yuwuna69)
|inactive|n0tw0lf3 also wants the timer to be on.
|inactive|yuwuna69 has 60 seconds left.
|
|t:|1756799554
|teamsize|p1|4
|teamsize|p2|4
|start
|switch|p1a: Amoonguss|Amoonguss, L50, F|100/100
|switch|p1b: Gothitelle|Gothitelle, L50, M|100/100
|switch|p2a: Archaludon|Archaludon, L50, F, shiny|100/100
|switch|p2b: Rillaboom|Rillaboom, L50, F|100/100
|-fieldstart|move: Grassy Terrain|[from] ability: Grassy Surge|[of] p2b: Rillaboom
|turn|1
|inactive|yuwuna69 has 30 seconds left.
|inactive|yuwuna69 has 20 seconds left.
|inactive|n0tw0lf3 has 30 seconds left.
|inactive|yuwuna69 has 15 seconds left.
|
|t:|1756799599
|move|p1b: Gothitelle|Protect|p1b: Gothitelle
|-singleturn|p1b: Gothitelle|Protect
|move|p2b: Rillaboom|Fake Out|p1a: Amoonguss
|-damage|p1a: Amoonguss|90/100
|-enditem|p1a: Amoonguss|Eject Button
|
|t:|1756799604
|switch|p1a: Incineroar|Incineroar, L50, F|100/100
|-ability|p1a: Incineroar|Intimidate|boost
|-unboost|p2a: Archaludon|atk|1
|-unboost|p2b: Rillaboom|atk|1
|move|p2a: Archaludon|Draco Meteor|p1b: Gothitelle
|-activate|p1b: Gothitelle|move: Protect
|
|upkeep
|turn|2
|
|t:|1756799620
|move|p2a: Archaludon|Draco Meteor|p1b: Gothitelle
|-damage|p1b: Gothitelle|60/100
|-unboost|p2a: Archaludon|spa|2
|move|p2b: Rillaboom|U-turn|p1b: Gothitelle
|-supereffective|p1b: Gothitelle
|-damage|p1b: Gothitelle|30/100
|-enditem|p1b: Gothitelle|Sitrus Berry|[eat]
|-heal|p1b: Gothitelle|55/100|[from] item: Sitrus Berry
|
|t:|1756799639
|switch|p2b: Basculegion|Basculegion, L50, M|100/100|[from] U-turn
|move|p1a: Incineroar|Knock Off|p2b: Basculegion
|-supereffective|p2b: Basculegion
|-damage|p2b: Basculegion|10/100
|-enditem|p2b: Basculegion|Choice Band|[from] move: Knock Off|[of] p1a: Incineroar
|move|p1b: Gothitelle|Trick Room|p1b: Gothitelle
|-fieldstart|move: Trick Room|[of] p1b: Gothitelle
|
|-heal|p1b: Gothitelle|62/100|[from] Grassy Terrain
|-heal|p2b: Basculegion|16/100|[from] Grassy Terrain
|upkeep
|turn|3
|inactive|yuwuna69 has 30 seconds left.
|
|t:|1756799672
|-terastallize|p2b: Basculegion|Water
|move|p2b: Basculegion|Aqua Jet|p1a: Incineroar
|-supereffective|p1a: Incineroar
|-crit|p1a: Incineroar
|-damage|p1a: Incineroar|25/100
|move|p1a: Incineroar|Parting Shot|p2a: Archaludon
|-unboost|p2a: Archaludon|atk|1
|-unboost|p2a: Archaludon|spa|1
|
|t:|1756799679
|switch|p1a: Amoonguss|Amoonguss, L50, F|100/100|[from] Parting Shot
|move|p1b: Gothitelle|Psychic|p2b: Basculegion
|-damage|p2b: Basculegion|0 fnt
|faint|p2b: Basculegion
|move|p2a: Archaludon|Body Press|p1a: Amoonguss
|-resisted|p1a: Amoonguss
|-damage|p1a: Amoonguss|91/100
|
|-heal|p1a: Amoonguss|97/100|[from] Grassy Terrain
|-heal|p1b: Gothitelle|68/100|[from] Grassy Terrain
|upkeep
|
|t:|1756799690
|switch|p2b: Rillaboom|Rillaboom, L50, F|100/100
|turn|4
|inactive|yuwuna69 has 30 seconds left.
|inactive|yuwuna69 has 20 seconds left.
|inactive|yuwuna69 has 15 seconds left.
|
|t:|1756799732
|switch|p1a: Incineroar|Incineroar, L50, F|25/100
|-ability|p1a: Incineroar|Intimidate|boost
|-unboost|p2a: Archaludon|atk|1
|-unboost|p2b: Rillaboom|atk|1
|move|p1b: Gothitelle|Protect|p1b: Gothitelle
|-singleturn|p1b: Gothitelle|Protect
|move|p2b: Rillaboom|Fake Out|p1a: Incineroar
|-damage|p1a: Incineroar|16/100
|move|p2a: Archaludon|Body Press|p1b: Gothitelle
|-activate|p1b: Gothitelle|move: Protect
|
|-heal|p1a: Incineroar|22/100|[from] Grassy Terrain
|-heal|p1b: Gothitelle|74/100|[from] Grassy Terrain
|upkeep
|turn|5
|
|t:|1756799751
|move|p1a: Incineroar|Fake Out|p2b: Rillaboom
|-damage|p2b: Rillaboom|90/100
|cant|p2b: Rillaboom|flinch
|move|p1b: Gothitelle|Psychic|p2b: Rillaboom
|-damage|p2b: Rillaboom|58/100
|move|p2a: Archaludon|Body Press|p1a: Incineroar
|-supereffective|p1a: Incineroar
|-damage|p1a: Incineroar|0 fnt
|faint|p1a: Incineroar
|
|-heal|p1b: Gothitelle|80/100|[from] Grassy Terrain
|-heal|p2b: Rillaboom|64/100|[from] Grassy Terrain
|-fieldend|move: Grassy Terrain
|upkeep
|
|t:|1756799762
|switch|p1a: Amoonguss|Amoonguss, L50, F|100/100
|turn|6
|
|t:|1756799773
|move|p1b: Gothitelle|Protect|p1b: Gothitelle
|-singleturn|p1b: Gothitelle|Protect
|move|p1a: Amoonguss|Spore|p2a: Archaludon
|-status|p2a: Archaludon|slp|[from] move: Spore
|move|p2b: Rillaboom|U-turn|p1a: Amoonguss
|-damage|p1a: Amoonguss|88/100
|
|t:|1756799779
|switch|p2b: Annihilape|Annihilape, L50, M|100/100|[from] U-turn
|cant|p2a: Archaludon|slp
|
|-fieldend|move: Trick Room
|upkeep
|turn|7
|
|t:|1756799801
|cant|p2a: Archaludon|slp
|move|p2b: Annihilape|Rage Fist|p1b: Gothitelle
|-supereffective|p1b: Gothitelle
|-damage|p1b: Gothitelle|38/100
|move|p1a: Amoonguss|Spore|p2b: Annihilape
|-activate|p2b: Annihilape|item: Safety Goggles|Spore
|move|p1b: Gothitelle|Trick Room|p1b: Gothitelle
|-fieldstart|move: Trick Room|[of] p1b: Gothitelle
|
|upkeep
|turn|8
|
|t:|1756799815
|move|p1a: Amoonguss|Rage Powder|p1a: Amoonguss
|-singleturn|p1a: Amoonguss|move: Rage Powder
|move|p1b: Gothitelle|Psychic|p2b: Annihilape
|-supereffective|p2b: Annihilape
|-damage|p2b: Annihilape|55/100
|move|p2b: Annihilape|Rage Fist|p1b: Gothitelle
|-supereffective|p1b: Gothitelle
|-damage|p1b: Gothitelle|0 fnt
|faint|p1b: Gothitelle
|cant|p2a: Archaludon|slp
|
|upkeep
|
|t:|1756799822
|switch|p1b: Politoed|Politoed, L50, M|100/100
|-weather|RainDance|[from] ability: Drizzle|[of] p1b: Politoed
|turn|9
|
|t:|1756799832
|move|p2b: Annihilape|Protect|p2b: Annihilape
|-singleturn|p2b: Annihilape|Protect
|move|p1a: Amoonguss|Rage Powder|p1a: Amoonguss
|-singleturn|p1a: Amoonguss|move: Rage Powder
|move|p1b: Politoed|Weather Ball|p2b: Annihilape
|-activate|p2b: Annihilape|move: Protect
|-curestatus|p2a: Archaludon|slp|[msg]
|move|p2a: Archaludon|Electro Shot||[still]
|-prepare|p2a: Archaludon|Electro Shot
|-boost|p2a: Archaludon|spa|1
|-anim|p2a: Archaludon|Electro Shot|p1a: Amoonguss
|-resisted|p1a: Amoonguss
|-damage|p1a: Amoonguss|78/100
|
|-weather|RainDance|[upkeep]
|upkeep
|turn|10
|
|t:|1756799854
|switch|p2b: Rillaboom|Rillaboom, L50, F|64/100
|-fieldstart|move: Grassy Terrain|[from] ability: Grassy Surge|[of] p2b: Rillaboom
|move|p1a: Amoonguss|Spore|p2a: Archaludon
|-status|p2a: Archaludon|slp|[from] move: Spore
|move|p1b: Politoed|Encore||[still]
|-fail|p1b: Politoed
|cant|p2a: Archaludon|slp
|
|-weather|RainDance|[upkeep]
|-heal|p1a: Amoonguss|84/100|[from] Grassy Terrain
|-heal|p2b: Rillaboom|70/100|[from] Grassy Terrain
|upkeep
|turn|11
|
|t:|1756799869
|switch|p2a: Annihilape|Annihilape, L50, M|55/100
|move|p1b: Politoed|Protect|p1b: Politoed
|-singleturn|p1b: Politoed|Protect
|move|p2b: Rillaboom|Grassy Glide|p1b: Politoed
|-activate|p1b: Politoed|move: Protect
|move|p1a: Amoonguss|Pollen Puff|p2b: Rillaboom
|-supereffective|p2b: Rillaboom
|-damage|p2b: Rillaboom|35/100
|
|-weather|RainDance|[upkeep]
|-heal|p1a: Amoonguss|90/100|[from] Grassy Terrain
|-heal|p2b: Rillaboom|41/100|[from] Grassy Terrain
|-heal|p2a: Annihilape|61/100|[from] Grassy Terrain
|-fieldend|move: Trick Room
|upkeep
|turn|12
|
|t:|1756799894
|-terastallize|p1b: Politoed|Grass
|move|p2b: Rillaboom|Grassy Glide|p1b: Politoed
|-resisted|p1b: Politoed
|-damage|p1b: Politoed|79/100
|move|p2a: Annihilape|Rage Fist|p1a: Amoonguss
|-damage|p1a: Amoonguss|59/100
|move|p1b: Politoed|Encore|p2a: Annihilape
|-start|p2a: Annihilape|Encore
|move|p1a: Amoonguss|Pollen Puff|p2b: Rillaboom
|-supereffective|p2b: Rillaboom
|-damage|p2b: Rillaboom|5/100
|
|-weather|RainDance|[upkeep]
|-heal|p2a: Annihilape|67/100|[from] Grassy Terrain
|-heal|p2b: Rillaboom|11/100|[from] Grassy Terrain
|-heal|p1b: Politoed|85/100|[from] Grassy Terrain
|-heal|p1b: Politoed|91/100|[from] item: Leftovers
|-heal|p1a: Amoonguss|65/100|[from] Grassy Terrain
|upkeep
|turn|13
|
|t:|1756799916
|move|p2a: Annihilape|Rage Fist|p1b: Politoed
|-damage|p1b: Politoed|45/100
|move|p2b: Rillaboom|U-turn|p1a: Amoonguss
|-damage|p1a: Amoonguss|47/100
|
|t:|1756799922
|switch|p2b: Archaludon|Archaludon, L50, F, shiny|100/100 slp|[from] U-turn
|move|p1b: Politoed|Weather Ball|p2b: Archaludon
|-resisted|p2b: Archaludon
|-damage|p2b: Archaludon|85/100 slp
|-ability|p2b: Archaludon|Stamina|boost
|-boost|p2b: Archaludon|def|1
|move|p1a: Amoonguss|Pollen Puff|p1b: Politoed
|-heal|p1b: Politoed|95/100
|
|-weather|none
|-heal|p2b: Archaludon|90/100 slp|[from] Grassy Terrain
|-heal|p2a: Annihilape|73/100|[from] Grassy Terrain
|-heal|p1b: Politoed|100/100|[from] Grassy Terrain
|-heal|p1a: Amoonguss|53/100|[from] Grassy Terrain
|upkeep
|turn|14
|-message|n0tw0lf3 forfeited.
|
|win|yuwuna69
|raw|n0tw0lf3's rating: 1005 → 1000(-5 for losing)
|raw|yuwuna69's rating: 1000 → 1041(+41 for winning)
|l|☆n0tw0lf3
|player|p1|
