|j|☆Sheevpnew
|j|☆tavinn_n
|html|Sheevpnewtavinn_n    
|uhtml|bestof|Game 1 of a best-of-3
|t:|1786193684
|gametype|doubles
|player|p1|Sheevpnew|1|1183
|player|p2|tavinn_n|ghetsis|1348
|gen|9
|tier|[Gen 9 Champions] VGC 2026 Reg M-B (Bo3)
|rated|
|rule|Species Clause: Limit one of each Pokémon
|rule|Item Clause: Limit 1 of each item
|clearpoke
|poke|p1|Staraptor, L50, M|
|poke|p1|Milotic, L50, F|
|poke|p1|Tyranitar, L50, M|
|poke|p1|Gholdengo, L50|
|poke|p1|Excadrill, L50, M|
|poke|p1|Sinistcha, L50|
|poke|p2|Staraptor, L50, F|
|poke|p2|Delphox, L50, F|
|poke|p2|Whimsicott, L50, F|
|poke|p2|Glimmora, L50, M|
|poke|p2|Garchomp, L50, F|
|poke|p2|Kingambit, L50, F|
|teampreview|4
|showteam|p1|Staraptor||Staraptite|Intimidate|BraveBird,CloseCombat,Tailwind,Protect|Jolly||M|||50|]Milotic||SitrusBerry|Competitive|Scald,IceBeam,IcyWind,Recover|Modest||F|||50|]Tyranitar||Tyranitarite|SandStream|RockSlide,KnockOff,LowKick,Protect|Adamant||M|||50|]Gholdengo||LifeOrb|GoodasGold|ShadowBall,MakeItRain,NastyPlot,Protect|Modest|||||50|]Excadrill||FocusSash|SandRush|HighHorsepower,IronHead,RockSlide,Protect|Adamant||M|||50|]Sinistcha||ColburBerry|Hospitality|MatchaGotcha,RagePowder,TrickRoom,Protect|Bold|||||50|
|showteam|p2|Staraptor||Staraptite|Intimidate|Protect,Roost,BraveBird,CloseCombat|Jolly||F|||50|]Delphox||Delphoxite|Blaze|Protect,Encore,HeatWave,Psychic|Timid||F|||50|]Whimsicott||OccaBerry|Prankster|Tailwind,Charm,Moonblast,LightScreen|Bold||F|||50|]Glimmora||FocusSash|ToxicDebris|SpikyShield,PowerGem,EarthPower,SludgeBomb|Timid||M|||50|]Garchomp||ChoiceScarf|RoughSkin|RockSlide,Earthquake,StompingTantrum,DragonClaw|Jolly||F|||50|]Kingambit||ChopleBerry|Defiant|IronHead,LowKick,SuckerPunch,KowtowCleave|Adamant||F|||50|
|inactive|Battle timer is ON: inactive players will automatically lose when time's up. (requested by tavinn_n)
|inactive|tavinn_n has 60 seconds left.
|inactive|tavinn_n has 30 seconds left.
|inactive|tavinn_n has 20 seconds left.
|inactive|tavinn_n has 15 seconds left.
|inactive|tavinn_n has 10 seconds left.
|
|t:|1786193768
|teamsize|p1|4
|teamsize|p2|4
|start
|switch|p1a: Sinistcha|Sinistcha, L50|100/100
|switch|p1b: Tyranitar|Tyranitar, L50, M|100/100
|switch|p2a: Kingambit|Kingambit, L50, F|100/100
|switch|p2b: Glimmora|Glimmora, L50, M|100/100
|-weather|Sandstorm|[from] ability: Sand Stream|[of] p1b: Tyranitar
|turn|1
|
|t:|1786193787
|detailschange|p1b: Tyranitar|Tyranitar-Mega, L50, M
|-mega|p1b: Tyranitar|Tyranitar|Tyranitarite
|move|p1a: Sinistcha|Rage Powder|p1a: Sinistcha
|-singleturn|p1a: Sinistcha|move: Rage Powder
|move|p2b: Glimmora|Sludge Bomb|p1a: Sinistcha
|-damage|p1a: Sinistcha|55/100
|move|p1b: Tyranitar|Low Kick|p2a: Kingambit
|-supereffective|p2a: Kingambit|2
|-enditem|p2a: Kingambit|Chople Berry|[eat]
|-enditem|p2a: Kingambit|Chople Berry|[weaken]
|-damage|p2a: Kingambit|41/100
|move|p2a: Kingambit|Kowtow Cleave|p1a: Sinistcha
|-supereffective|p1a: Sinistcha|1
|-enditem|p1a: Sinistcha|Colbur Berry|[eat]
|-enditem|p1a: Sinistcha|Colbur Berry|[weaken]
|-damage|p1a: Sinistcha|16/100
|
|-weather|Sandstorm|[upkeep]
|-damage|p1a: Sinistcha|10/100|[from] Sandstorm
|upkeep
|turn|2
|
|t:|1786193805
|switch|p2a: Staraptor|Staraptor, L50, F|100/100
|-ability|p2a: Staraptor|Intimidate|boost
|-unboost|p1a: Sinistcha|atk|1
|-unboost|p1b: Tyranitar|atk|1
|move|p1a: Sinistcha|Protect|p1a: Sinistcha
|-singleturn|p1a: Sinistcha|Protect
|move|p2b: Glimmora|Sludge Bomb|p1a: Sinistcha
|-activate|p1a: Sinistcha|move: Protect
|move|p1b: Tyranitar|Low Kick|p2a: Staraptor
|-damage|p2a: Staraptor|86/100
|
|-weather|Sandstorm|[upkeep]
|-damage|p2a: Staraptor|81/100|[from] Sandstorm
|-damage|p1a: Sinistcha|4/100|[from] Sandstorm
|upkeep
|turn|3
|
|t:|1786193820
|switch|p1b: Milotic|Milotic, L50, F|100/100
|detailschange|p2a: Staraptor|Staraptor-Mega, L50, F
|-mega|p2a: Staraptor|Staraptor|Staraptite
|move|p2a: Staraptor|Roost|p2a: Staraptor
|-heal|p2a: Staraptor|100/100
|-singleturn|p2a: Staraptor|move: Roost
|move|p2b: Glimmora|Sludge Bomb|p1a: Sinistcha
|-damage|p1a: Sinistcha|0 fnt
|faint|p1a: Sinistcha
|
|-weather|Sandstorm|[upkeep]
|-damage|p2a: Staraptor|94/100|[from] Sandstorm
|-damage|p1b: Milotic|94/100|[from] Sandstorm
|upkeep
|
|t:|1786193830
|switch|p1a: Excadrill|Excadrill, L50, M|100/100
|turn|4
|
|t:|1786193843
|move|p1a: Excadrill|High Horsepower|p2b: Glimmora|[miss]
|-miss|p1a: Excadrill|p2b: Glimmora
|move|p2a: Staraptor|Close Combat|p1b: Milotic
|-crit|p1b: Milotic
|-damage|p1b: Milotic|16/100
|-boost|p2a: Staraptor|def|1
|-boost|p2a: Staraptor|spd|1
|-enditem|p1b: Milotic|Sitrus Berry|[eat]
|-heal|p1b: Milotic|41/100|[from] item: Sitrus Berry
|move|p2b: Glimmora|Sludge Bomb|p1b: Milotic
|-damage|p1b: Milotic|9/100
|-status|p1b: Milotic|psn
|move|p1b: Milotic|Ice Beam|p2a: Staraptor
|-supereffective|p2a: Staraptor|1
|-damage|p2a: Staraptor|60/100
|-status|p2a: Staraptor|frz
|
|-weather|Sandstorm|[upkeep]
|-damage|p2a: Staraptor|54/100 frz|[from] Sandstorm
|-damage|p1b: Milotic|3/100 psn|[from] Sandstorm
|-damage|p1b: Milotic|0 fnt|[from] psn
|faint|p1b: Milotic
|upkeep
|
|t:|1786193864
|switch|p1b: Tyranitar|Tyranitar-Mega, L50, M|100/100
|turn|5
|
|t:|1786193870
|-curestatus|p2a: Staraptor|frz|[msg]
|move|p2a: Staraptor|Protect|p2a: Staraptor
|-singleturn|p2a: Staraptor|Protect
|move|p2b: Glimmora|Spiky Shield|p2b: Glimmora
|-singleturn|p2b: Glimmora|move: Protect
|move|p1a: Excadrill|High Horsepower|p2b: Glimmora
|-activate|p2b: Glimmora|move: Protect
|-damage|p1a: Excadrill|87/100|[from] Spiky Shield|[of] p2b: Glimmora
|move|p1b: Tyranitar|Rock Slide|p2a: Staraptor|[spread] 
|-activate|p2a: Staraptor|move: Protect
|-activate|p2b: Glimmora|move: Protect
|
|-weather|none
|upkeep
|turn|6
|-message|Sheevpnew forfeited.
|
|win|tavinn_n
|l|☆Sheevpnew
|player|p1|
||tavinn_n is ready for game 2.
||Sheevpnew is ready for game 2.
|uhtml|next|Next: Game 2 of 3
