|j|☆AMediocreRobot
|j|☆Gabeeel
|html|AMediocreRobotGabeeel    
|uhtml|bestof|Game 2 of a best-of-3
|t:|1784979280
|gametype|doubles
|player|p1|AMediocreRobot|medium|
|player|p2|Gabeeel|iris|
|gen|9
|tier|[Gen 9 Champions] VGC 2026 Reg M-B (Bo3)
|rule|Species Clause: Limit one of each Pokémon
|rule|Item Clause: Limit 1 of each item
|clearpoke
|poke|p1|Corviknight, L50, M|
|poke|p1|Scizor, L50, F|
|poke|p1|Rotom-Wash, L50|
|poke|p1|Pyroar, L50, F|
|poke|p1|Aegislash, L50, F|
|poke|p1|Tsareena, L50, F|
|poke|p2|Scrafty, L50, M, shiny|
|poke|p2|Glimmora, L50, M|
|poke|p2|Talonflame, L50, F|
|poke|p2|Primarina, L50, M|
|poke|p2|Mamoswine, L50, M|
|poke|p2|Metagross, L50|
|teampreview|4
|showteam|p1|Corviknight||ExpertBelt|MirrorArmor|BraveBird,BodyPress,Tailwind,BulkUp|Impish||M|||50|]Scizor||LifeOrb|Technician|Assurance,BulletPunch,Uturn,Protect|Adamant||F|||50|]Rotom-Wash||ChoiceScarf|Levitate|HydroPump,Electroweb,VoltSwitch,Thunderbolt|Modest|||||50|]Pyroar||Pyroarite|Unnerve|HeatWave,Overheat,HyperVoice,Protect|Timid||F|||50|]Aegislash||SitrusBerry|StanceChange|Poltergeist,CloseCombat,KingsShield,SwordsDance|Adamant||F|||50|]Tsareena||WideLens|QueenlyMajesty|PowerWhip,TripleAxel,HighJumpKick,Protect|Adamant||F|||50|
|showteam|p2|Scrafty||Scraftinite|Intimidate|FakeOut,DrainPunch,KnockOff,HelpingHand|Adamant||M|||50|]Glimmora||Glimmoranite|ToxicDebris|SludgeBomb,PowerGem,EarthPower,SpikyShield|Modest||M|||50|]Talonflame||ExpertBelt|GaleWings|BraveBird,FlareBlitz,Tailwind,Protect|Jolly||F|||50|]Primarina||Leftovers|LiquidVoice|HyperVoice,Moonblast,CalmMind,Protect|Modest||M|||50|]Mamoswine||FocusSash|Oblivious|Earthquake,HighHorsepower,IceShard,Protect|Adamant||M|||50|]Metagross||ColburBerry|ClearBody|PsychicFangs,IronHead,BulletPunch,Protect|Adamant|||||50|
|
|t:|1784979326
|teamsize|p1|4
|teamsize|p2|4
|start
|switch|p1a: Rotom|Rotom-Wash, L50|100/100
|switch|p1b: Corviknight|Corviknight, L50, M|100/100
|switch|p2a: Puterrier|Scrafty, L50, M, shiny|100/100
|switch|p2b: Aviões do Forró|Talonflame, L50, F|100/100
|-ability|p2a: Puterrier|Intimidate|boost
|-unboost|p1a: Rotom|atk|1
|-ability|p1b: Corviknight|Mirror Armor
|-unboost|p2a: Puterrier|atk|1
|turn|1
|
|t:|1784979339
|move|p2b: Aviões do Forró|Protect|p2b: Aviões do Forró
|-singleturn|p2b: Aviões do Forró|Protect
|move|p1a: Rotom|Volt Switch|p2b: Aviões do Forró
|-activate|p2b: Aviões do Forró|move: Protect
|move|p1b: Corviknight|Bulk Up|p1b: Corviknight
|-boost|p1b: Corviknight|atk|1
|-boost|p1b: Corviknight|def|1
|move|p2a: Puterrier|Knock Off|p1a: Rotom
|-damage|p1a: Rotom|73/100
|-enditem|p1a: Rotom|Choice Scarf|[from] move: Knock Off|[of] p2a: Puterrier
|
|upkeep
|turn|2
|
|t:|1784979354
|move|p2a: Puterrier|Helping Hand|p2b: Aviões do Forró
|-singleturn|p2b: Aviões do Forró|Helping Hand|[of] p2a: Puterrier
|move|p2b: Aviões do Forró|Flare Blitz|p1b: Corviknight
|-supereffective|p1b: Corviknight|1
|-damage|p1b: Corviknight|17/100
|-damage|p2b: Aviões do Forró|67/100|[from] Recoil
|move|p1a: Rotom|Volt Switch|p2b: Aviões do Forró
|-supereffective|p2b: Aviões do Forró|1
|-damage|p2b: Aviões do Forró|0 fnt
|faint|p2b: Aviões do Forró
|
|t:|1784979367
|switch|p1a: Tsareena|Tsareena, L50, F|100/100|[from] Volt Switch
|move|p1b: Corviknight|Tailwind|p1b: Corviknight
|-sidestart|p1: AMediocreRobot|move: Tailwind
|
|upkeep
|
|t:|1784979384
|switch|p2b: Pabllo Vittar|Primarina, L50, M|100/100
|turn|3
|
|t:|1784979422
|detailschange|p2a: Puterrier|Scrafty-Mega, L50, M, shiny
|-mega|p2a: Puterrier|Scrafty|Scraftinite
|-ability|p2a: Puterrier|Intimidate|boost
|-unboost|p1a: Tsareena|atk|1
|-ability|p1b: Corviknight|Mirror Armor
|-unboost|p2a: Puterrier|atk|1
|move|p2b: Pabllo Vittar|Protect|p2b: Pabllo Vittar
|-singleturn|p2b: Pabllo Vittar|Protect
|move|p1a: Tsareena|Power Whip|p2b: Pabllo Vittar
|-activate|p2b: Pabllo Vittar|move: Protect
|move|p1b: Corviknight|Brave Bird|p2a: Puterrier
|-supereffective|p2a: Puterrier|1
|-damage|p2a: Puterrier|0 fnt
|faint|p2a: Puterrier
|-damage|p1b: Corviknight|0 fnt|[from] Recoil
|faint|p1b: Corviknight
|
|upkeep
|
|t:|1784979434
|switch|p2a: Banda Grafith|Mamoswine, L50, M|100/100
|switch|p1b: Rotom|Rotom-Wash, L50|73/100
|turn|4
|
|t:|1784979449
|switch|p1a: Aegislash|Aegislash, L50, F|100/100
|move|p1b: Rotom|Hydro Pump|p2a: Banda Grafith
|-supereffective|p2a: Banda Grafith|1
|-enditem|p2a: Banda Grafith|Focus Sash
|-damage|p2a: Banda Grafith|1/100
|move|p2a: Banda Grafith|High Horsepower|p1a: Aegislash
|-supereffective|p1a: Aegislash|1
|-damage|p1a: Aegislash|13/100
|-enditem|p1a: Aegislash|Sitrus Berry|[eat]
|-heal|p1a: Aegislash|38/100|[from] item: Sitrus Berry
|move|p2b: Pabllo Vittar|Moonblast|p1a: Aegislash
|-resisted|p1a: Aegislash|1
|-damage|p1a: Aegislash|20/100y
|
|upkeep
|turn|5
|
|t:|1784979472
|move|p2a: Banda Grafith|Protect|p2a: Banda Grafith
|-singleturn|p2a: Banda Grafith|Protect
|move|p1b: Rotom|Hydro Pump|p2a: Banda Grafith
|-activate|p2a: Banda Grafith|move: Protect
|-formechange|p1a: Aegislash|Aegislash-Blade|
|move|p1a: Aegislash|Poltergeist|p2b: Pabllo Vittar
|-activate|p2b: Pabllo Vittar|move: Poltergeist|Leftovers
|-damage|p2b: Pabllo Vittar|31/100
|move|p2b: Pabllo Vittar|Moonblast|p1b: Rotom
|-damage|p1b: Rotom|19/100
|
|-heal|p2b: Pabllo Vittar|37/100|[from] item: Leftovers
|-sideend|p1: AMediocreRobot|move: Tailwind
|upkeep
|turn|6
|
|t:|1784979514
|move|p2a: Banda Grafith|Ice Shard|p1a: Aegislash
|-resisted|p1a: Aegislash|1
|-damage|p1a: Aegislash|1/100
|move|p1b: Rotom|Hydro Pump|p2a: Banda Grafith|[miss]
|-miss|p1b: Rotom|p2a: Banda Grafith
|move|p1a: Aegislash|Poltergeist|p2b: Pabllo Vittar
|-activate|p2b: Pabllo Vittar|move: Poltergeist|Leftovers
|-damage|p2b: Pabllo Vittar|0 fnt
|faint|p2b: Pabllo Vittar
|
|upkeep
|turn|7
|
|t:|1784979527
|move|p2a: Banda Grafith|Ice Shard|p1b: Rotom
|-resisted|p1b: Rotom|1
|-damage|p1b: Rotom|8/100
|move|p1b: Rotom|Hydro Pump|p2a: Banda Grafith|[miss]
|-miss|p1b: Rotom|p2a: Banda Grafith
|move|p1a: Aegislash|Poltergeist||[still]
|-fail|p1a: Aegislash
|
|upkeep
|turn|8
|
|t:|1784979540
|move|p2a: Banda Grafith|Ice Shard|p1b: Rotom
|-resisted|p1b: Rotom|1
|-damage|p1b: Rotom|0 fnt
|faint|p1b: Rotom
|move|p1a: Aegislash|Close Combat|p2a: Banda Grafith
|-supereffective|p2a: Banda Grafith|1
|-damage|p2a: Banda Grafith|0 fnt
|-unboost|p1a: Aegislash|def|1
|-unboost|p1a: Aegislash|spd|1
|faint|p2a: Banda Grafith
|
|win|AMediocreRobot
||AMediocreRobot is ready for game 3.
||Gabeeel is ready for game 3.
|uhtml|next|Next: Game 3 of 3
|l|☆AMediocreRobot
|player|p1|
