|j|☆3-4 worlds
|j|☆sanguis de atun
|html|3-4 worldssanguis de atun    
|uhtml|bestof|Game 2 of a best-of-3
|t:|1785201419
|gametype|doubles
|player|p1|3-4 worlds|emma|1158
|player|p2|sanguis de atun|170|1079
|gen|9
|tier|[Gen 9 Champions] VGC 2026 Reg M-B (Bo3)
|rated|
|rule|Species Clause: Limit one of each Pokémon
|rule|Item Clause: Limit 1 of each item
|clearpoke
|poke|p1|Charizard, L50, M|
|poke|p1|Glimmora, L50, M|
|poke|p1|Ninetales-Alola, L50, M|
|poke|p1|Sylveon, L50, F|
|poke|p1|Kingambit, L50, M|
|poke|p1|Whimsicott, L50, M|
|poke|p2|Mamoswine, L50, M|
|poke|p2|Ninetales-Alola, L50, F|
|poke|p2|Incineroar, L50, M|
|poke|p2|Kingambit, L50, F|
|poke|p2|Glimmora, L50, M|
|poke|p2|Venusaur, L50, F|
|teampreview|4
|showteam|p1|Charizard||CharizarditeY|Blaze|HeatWave,WeatherBall,SolarBeam,Protect|Modest||M|||50|]Glimmora||Glimmoranite|ToxicDebris|SludgeBomb,PowerGem,EarthPower,SpikyShield|Modest||M|||50|]Ninetales-Alola||NeverMeltIce|SnowWarning|Blizzard,FreezeDry,Disable,Protect|Timid||M|||50|]Sylveon||FairyFeather|Pixilate|HyperVoice,HyperBeam,QuickAttack,Detect|Modest||F|||50|]Kingambit||BlackGlasses|Defiant|KowtowCleave,IronHead,SuckerPunch,Protect|Adamant||M|||50|]Whimsicott||FocusSash|Prankster|Moonblast,Tailwind,Encore,Protect|Timid||M|||50|
|showteam|p2|Mamoswine||LifeOrb|Oblivious|IceShard,IcicleCrash,Earthquake,Protect|Jolly||M|||50|]Ninetales-Alola||LightClay|SnowWarning|AuroraVeil,Blizzard,Moonblast,IcyWind|Timid||F|||50|]Incineroar||SitrusBerry|Intimidate|PartingShot,FakeOut,FlareBlitz,DarkestLariat|Adamant||M|||50|]Kingambit||FocusSash|Defiant|IronHead,KowtowCleave,Protect,SuckerPunch|Brave||F|||50|]Glimmora||Glimmoranite|ToxicDebris|SludgeBomb,PowerGem,SpikyShield,EarthPower|Timid||M|||50|]Venusaur||Venusaurite|Chlorophyll|LeechSeed,Protect,GigaDrain,SludgeBomb|Modest||F|||50|
|inactive|Battle timer is ON: inactive players will automatically lose when time's up. (requested by 3-4 worlds)
|
|t:|1785201444
|teamsize|p1|4
|teamsize|p2|4
|start
|switch|p1a: Whimsicott|Whimsicott, L50, M|100/100
|switch|p1b: Glimmora|Glimmora, L50, M|100/100
|switch|p2a: Ninetales|Ninetales-Alola, L50, F|100/100
|switch|p2b: Glimmora|Glimmora, L50, M|100/100
|-weather|Snowscape|[from] ability: Snow Warning|[of] p2a: Ninetales
|turn|1
|
|t:|1785201464
|move|p2b: Glimmora|Spiky Shield|p2b: Glimmora
|-singleturn|p2b: Glimmora|move: Protect
|move|p1b: Glimmora|Spiky Shield|p1b: Glimmora
|-singleturn|p1b: Glimmora|move: Protect
|move|p1a: Whimsicott|Tailwind|p1a: Whimsicott
|-sidestart|p1: 3-4 worlds|move: Tailwind
|move|p2a: Ninetales|Aurora Veil|p2a: Ninetales
|-sidestart|p2: sanguis de atun|move: Aurora Veil
|
|-weather|Snowscape|[upkeep]
|upkeep
|turn|2
|
|t:|1785201482
|detailschange|p1b: Glimmora|Glimmora-Mega, L50, M
|-mega|p1b: Glimmora|Glimmora|Glimmoranite
|detailschange|p2b: Glimmora|Glimmora-Mega, L50, M
|-mega|p2b: Glimmora|Glimmora|Glimmoranite
|move|p1a: Whimsicott|Encore|p2b: Glimmora
|-start|p2b: Glimmora|Encore
|move|p2b: Glimmora|Spiky Shield|p2b: Glimmora
|-singleturn|p2b: Glimmora|move: Protect
|move|p1b: Glimmora|Sludge Bomb|p2a: Ninetales
|-supereffective|p2a: Ninetales|1
|-damage|p2a: Ninetales|0 fnt
|faint|p2a: Ninetales
|
|-weather|Snowscape|[upkeep]
|upkeep
|
|t:|1785201494
|switch|p2a: Mamoswine|Mamoswine, L50, M|100/100
|turn|3
|
|t:|1785201501
|move|p2b: Glimmora|Spiky Shield||[still]
|-fail|p2b: Glimmora
|move|p1a: Whimsicott|Moonblast|p2a: Mamoswine
|-damage|p2a: Mamoswine|65/100
|move|p1b: Glimmora|Power Gem|p2a: Mamoswine
|-damage|p2a: Mamoswine|5/100
|move|p2a: Mamoswine|Earthquake|p1a: Whimsicott|[spread] p2b,p1a,p1b
|-supereffective|p2b: Glimmora|2
|-resisted|p1a: Whimsicott|1
|-supereffective|p1b: Glimmora|2
|-damage|p2b: Glimmora|0 fnt
|-damage|p1a: Whimsicott|59/100
|-damage|p1b: Glimmora|0 fnt
|faint|p2b: Glimmora
|faint|p1b: Glimmora
|-damage|p2a: Mamoswine|0 fnt|[from] item: Life Orb
|faint|p2a: Mamoswine
|
|-weather|Snowscape|[upkeep]
|upkeep
|
|t:|1785201517
|switch|p2b: Incineroar|Incineroar, L50, M|100/100
|switch|p1b: Sylveon|Sylveon, L50, F|100/100
|-ability|p2b: Incineroar|Intimidate|boost
|-unboost|p1a: Whimsicott|atk|1
|-unboost|p1b: Sylveon|atk|1
|turn|4
|
|t:|1785201525
|move|p1a: Whimsicott|Protect|p1a: Whimsicott
|-singleturn|p1a: Whimsicott|Protect
|move|p1b: Sylveon|Hyper Voice|p2b: Incineroar
|-damage|p2b: Incineroar|57/100
|move|p2b: Incineroar|Flare Blitz|p1a: Whimsicott
|-activate|p1a: Whimsicott|move: Protect
|
|-weather|Snowscape|[upkeep]
|-sideend|p1: 3-4 worlds|move: Tailwind
|upkeep
|turn|5
|
|t:|1785201541
|move|p1a: Whimsicott|Moonblast|p2b: Incineroar
|-damage|p2b: Incineroar|36/100
|-enditem|p2b: Incineroar|Sitrus Berry|[eat]
|-heal|p2b: Incineroar|61/100|[from] item: Sitrus Berry
|move|p1b: Sylveon|Hyper Voice|p2b: Incineroar
|-damage|p2b: Incineroar|20/100y
|move|p2b: Incineroar|Flare Blitz|p1a: Whimsicott
|-supereffective|p1a: Whimsicott|1
|-damage|p1a: Whimsicott|0 fnt
|faint|p1a: Whimsicott
|-damage|p2b: Incineroar|6/100|[from] Recoil
|
|-weather|none
|upkeep
|
|t:|1785201545
|switch|p1a: Ninetales|Ninetales-Alola, L50, M|100/100
|-weather|Snowscape|[from] ability: Snow Warning|[of] p1a: Ninetales
|turn|6
|
|t:|1785201557
|move|p1a: Ninetales|Blizzard|p2b: Incineroar
|-resisted|p2b: Incineroar|1
|-damage|p2b: Incineroar|0 fnt
|faint|p2b: Incineroar
|
|win|3-4 worlds
||sanguis de atun is ready for game 3.
|l|☆sanguis de atun
|player|p2|
||3-4 worlds is ready for game 3.
|uhtml|next|Next: Game 3 of 3
