|j|☆jagheter
|j|☆zoan lover
|html|jagheterzoan lover    
|uhtml|bestof|Game 1 of a best-of-3
|t:|1756996356
|gametype|doubles
|player|p1|jagheter|worker|1224
|player|p2|zoan lover|blackbelt-gen4dp|1186
|gen|9
|tier|[Gen 9] VGC 2025 Reg H (Bo3)
|rated|
|rule|Species Clause: Limit one of each Pokémon
|rule|Item Clause: Limit 1 of each item
|clearpoke
|poke|p1|Venusaur, L50, M|
|poke|p1|Sneasler, L50, M|
|poke|p1|Dondozo, L50, M|
|poke|p1|Volcarona, L50, F|
|poke|p1|Rillaboom, L50, M|
|poke|p1|Incineroar, L50, M|
|poke|p2|Sneasler, L50, F|
|poke|p2|Indeedee, L50, M|
|poke|p2|Volcarona, L50, M|
|poke|p2|Ursaluna-Bloodmoon, L50, M|
|poke|p2|Annihilape, L50, F|
|poke|p2|Tyranitar, L50, M|
|teampreview|4
|showteam|p1|Venusaur||WideLens|Chlorophyll|SleepPowder,Protect,SludgeBomb,EarthPower|||M|||50|,,,,,Ghost]Sneasler||GrassySeed|Unburden|Coaching,DireClaw,CloseCombat,Protect|||M|||50|,,,,,Stellar]Dondozo||Leftovers|Unaware|Fissure,Protect,Liquidation,Yawn|||M|||50|,,,,,Poison]Volcarona||CovertCloak|FlameBody|FieryDance,TeraBlast,QuiverDance,Protect|||F|||50|,,,,,Fairy]Rillaboom||AssaultVest|GrassySurge|FakeOut,WoodHammer,GrassyGlide,HighHorsepower|||M|||50|,,,,,Fire]Incineroar||SafetyGoggles|Intimidate|FakeOut,KnockOff,PartingShot,FlareBlitz|||M|||50|,,,,,Bug
|showteam|p2|Sneasler||PsychicSeed|Unburden|CloseCombat,DireClaw,ThroatChop,Protect|||F|||50|,,,,,Dark]Indeedee||ChoiceScarf|PsychicSurge|ExpandingForce,TeraBlast,Trick,Protect|||M|||50|,,,,,Psychic]Volcarona||SitrusBerry|FlameBody|Overheat,StruggleBug,RagePowder,Tailwind|||M|||50|,,,,,Grass]Ursaluna-Bloodmoon||LifeOrb|MindsEye|BloodMoon,HyperVoice,EarthPower,Protect|||M|||50|,,,,,Normal]Annihilape||SafetyGoggles|Defiant|CloseCombat,RageFist,Taunt,FinalGambit|||F|||50|,,,,,Fairy]Tyranitar||AssaultVest|SandStream|RockSlide,KnockOff,TeraBlast,LowKick|||M|||50|,,,,,Flying
|inactive|Battle timer is ON: inactive players will automatically lose when time's up. (requested by zoan lover)
|
|t:|1756996417
|teamsize|p1|4
|teamsize|p2|4
|start
|switch|p1a: YUKIMIYA|Incineroar, L50, M, shiny|100/100
|switch|p1b: PITUFO-M|Rillaboom, L50, M, shiny|100/100
|switch|p2a: Annihilape|Annihilape, L50, F|100/100
|switch|p2b: Tyranitar|Tyranitar, L50, M|100/100
|-fieldstart|move: Grassy Terrain|[from] ability: Grassy Surge|[of] p1b: PITUFO-M
|-weather|Sandstorm|[from] ability: Sand Stream|[of] p2b: Tyranitar
|-ability|p1a: YUKIMIYA|Intimidate|boost
|-unboost|p2a: Annihilape|atk|1
|-ability|p2a: Annihilape|Defiant|boost
|-boost|p2a: Annihilape|atk|2
|-unboost|p2b: Tyranitar|atk|1
|turn|1
|inactive|jagheter has 30 seconds left.
|
|t:|1756996443
|switch|p2b: Indeedee|Indeedee, L50, M|100/100
|-fieldstart|move: Psychic Terrain|[from] ability: Psychic Surge|[of] p2b: Indeedee
|move|p2a: Annihilape|Close Combat|p1a: YUKIMIYA
|-supereffective|p1a: YUKIMIYA
|-damage|p1a: YUKIMIYA|0 fnt
|-unboost|p2a: Annihilape|def|1
|-unboost|p2a: Annihilape|spd|1
|faint|p1a: YUKIMIYA
|move|p1b: PITUFO-M|Wood Hammer|p2a: Annihilape
|-damage|p2a: Annihilape|10/100
|-damage|p1b: PITUFO-M|68/100|[from] Recoil
|
|-weather|Sandstorm|[upkeep]
|-damage|p2b: Indeedee|95/100|[from] Sandstorm
|-damage|p1b: PITUFO-M|62/100|[from] Sandstorm
|upkeep
|
|t:|1756996461
|switch|p1a: ITOSHI|Sneasler, L50, M, shiny|100/100
|turn|2
|
|t:|1756996478
|switch|p1b: RICHI|Dondozo, L50, M, shiny|100/100
|move|p1a: ITOSHI|Protect|p1a: ITOSHI
|-singleturn|p1a: ITOSHI|Protect
|move|p2b: Indeedee|Expanding Force|p1b: RICHI|[spread] p1b
|-activate|p1a: ITOSHI|move: Protect
|-damage|p1b: RICHI|52/100
|move|p2a: Annihilape|Close Combat|p1b: RICHI
|-crit|p1b: RICHI
|-damage|p1b: RICHI|10/100
|-unboost|p2a: Annihilape|def|1
|-unboost|p2a: Annihilape|spd|1
|
|-weather|Sandstorm|[upkeep]
|-damage|p2b: Indeedee|89/100|[from] Sandstorm
|-damage|p1a: ITOSHI|94/100|[from] Sandstorm
|-damage|p1b: RICHI|4/100|[from] Sandstorm
|-heal|p1b: RICHI|10/100|[from] item: Leftovers
|upkeep
|turn|3
|inactive|jagheter has 30 seconds left.
|inactive|zoan lover has 30 seconds left.
|inactive|jagheter has 20 seconds left.
|inactive|zoan lover has 20 seconds left.
|inactive|zoan lover has 15 seconds left.
|
|t:|1756996522
|switch|p1a: PITUFO-M|Rillaboom, L50, M, shiny|62/100
|-fieldstart|move: Grassy Terrain|[from] ability: Grassy Surge|[of] p1a: PITUFO-M
|switch|p2a: Sneasler|Sneasler, L50, F|100/100
|move|p1b: RICHI|Protect|p1b: RICHI
|-singleturn|p1b: RICHI|Protect
|move|p2b: Indeedee|Expanding Force|p1a: PITUFO-M
|-damage|p1a: PITUFO-M|34/100
|
|-weather|Sandstorm|[upkeep]
|-damage|p2b: Indeedee|83/100|[from] Sandstorm
|-damage|p2a: Sneasler|95/100|[from] Sandstorm
|-damage|p1a: PITUFO-M|28/100|[from] Sandstorm
|-damage|p1b: RICHI|4/100|[from] Sandstorm
|-heal|p2b: Indeedee|89/100|[from] Grassy Terrain
|-heal|p2a: Sneasler|100/100|[from] Grassy Terrain
|-heal|p1a: PITUFO-M|34/100|[from] Grassy Terrain
|-heal|p1b: RICHI|10/100|[from] Grassy Terrain
|-heal|p1b: RICHI|16/100|[from] item: Leftovers
|upkeep
|turn|4
|inactive|zoan lover has 30 seconds left.
|
|t:|1756996551
|switch|p2b: Annihilape|Annihilape, L50, F|10/100
|move|p2a: Sneasler|Protect|p2a: Sneasler
|-singleturn|p2a: Sneasler|Protect
|move|p1a: PITUFO-M|Fake Out|p2a: Sneasler
|-activate|p2a: Sneasler|move: Protect
|move|p1b: RICHI|Liquidation|p2b: Annihilape
|-damage|p2b: Annihilape|0 fnt
|faint|p2b: Annihilape
|
|-weather|Sandstorm|[upkeep]
|-damage|p2a: Sneasler|95/100|[from] Sandstorm
|-damage|p1a: PITUFO-M|28/100|[from] Sandstorm
|-damage|p1b: RICHI|10/100|[from] Sandstorm
|-heal|p2a: Sneasler|100/100|[from] Grassy Terrain
|-heal|p1a: PITUFO-M|34/100|[from] Grassy Terrain
|-heal|p1b: RICHI|16/100|[from] Grassy Terrain
|-heal|p1b: RICHI|22/100|[from] item: Leftovers
|upkeep
|
|t:|1756996561
|switch|p2b: Indeedee|Indeedee, L50, M|89/100
|-fieldstart|move: Psychic Terrain|[from] ability: Psychic Surge|[of] p2b: Indeedee
|-enditem|p2a: Sneasler|Psychic Seed
|-boost|p2a: Sneasler|spd|1|[from] item: Psychic Seed
|turn|5
|
|t:|1756996574
|move|p2a: Sneasler|Dire Claw|p1a: PITUFO-M
|-supereffective|p1a: PITUFO-M
|-damage|p1a: PITUFO-M|0 fnt
|faint|p1a: PITUFO-M
|move|p2b: Indeedee|Expanding Force|p1b: RICHI
|-damage|p1b: RICHI|0 fnt
|faint|p1b: RICHI
|
|-weather|none
|upkeep
|
|t:|1756996579
|switch|p1b: ITOSHI|Sneasler, L50, M, shiny|94/100
|turn|6
|
|t:|1756996596
|move|p2a: Sneasler|Dire Claw|p1b: ITOSHI
|-resisted|p1b: ITOSHI
|-damage|p1b: ITOSHI|57/100
|move|p2b: Indeedee|Expanding Force|p1b: ITOSHI
|-supereffective|p1b: ITOSHI
|-damage|p1b: ITOSHI|0 fnt
|faint|p1b: ITOSHI
|
|win|zoan lover
||jagheter is ready for game 2.
||zoan lover is ready for game 2.
|uhtml|next|Next: Game 2 of 3
