|j|☆mudkipc4
|j|☆Nikemada
|html|mudkipc4Nikemada    
|uhtml|bestof|Game 1 of a best-of-3
|t:|1756946364
|gametype|doubles
|player|p1|mudkipc4|norman|1299
|player|p2|Nikemada|ethan|1153
|gen|9
|tier|[Gen 9] VGC 2025 Reg H (Bo3)
|rated|
|rule|Species Clause: Limit one of each Pokémon
|rule|Item Clause: Limit 1 of each item
|clearpoke
|poke|p1|Incineroar, L50, M|
|poke|p1|Garchomp, L50, M|
|poke|p1|Talonflame, L50, F|
|poke|p1|Tyranitar, L50, F|
|poke|p1|Amoonguss, L50, F|
|poke|p1|Gholdengo, L50|
|poke|p2|Dondozo, L50, F|
|poke|p2|Tatsugiri, L50, M|
|poke|p2|Dragonite, L50, F|
|poke|p2|Ursaluna-Bloodmoon, L50, M|
|poke|p2|Gholdengo, L50|
|poke|p2|Comfey, L50, M|
|teampreview|4
|showteam|p1|Incineroar||RockyHelmet|Intimidate|FakeOut,KnockOff,FlareBlitz,PartingShot|||M|||50|,,,,,Grass]Garchomp||ClearAmulet|SandVeil|SwordsDance,Protect,Earthquake,DragonClaw|||M|||50|,,,,,Ground]Talonflame||SafetyGoggles|GaleWings|Tailwind,BraveBird,WillOWisp,QuickGuard|||F|||50|,,,,,Ghost]Tyranitar||AssaultVest|SandStream|RockSlide,KnockOff,LowKick,TeraBlast|||F|||50|,,,,,Flying]Amoonguss||CovertCloak|Regenerator|RagePowder,SludgeBomb,Spore,Protect|||F|||50|,,,,,Fairy]Gholdengo||Leftovers|GoodasGold|NastyPlot,MakeItRain,ShadowBall,Protect||||||50|,,,,,Steel
|showteam|p2|Dondozo||Leftovers|Unaware|WaveCrash,OrderUp,Earthquake,Protect|||F|||50|,,,,,Grass]Tatsugiri||ChoiceSpecs|Commander|DracoMeteor,MuddyWater,IcyWind,DragonPulse|||M|||50|,,,,,Ghost]Dragonite||AssaultVest|Multiscale|TeraBlast,IceSpinner,LowKick,ThunderPunch|||F|||50|,,,,,Flying]Ursaluna-Bloodmoon||SafetyGoggles|MindsEye|BloodMoon,HyperVoice,EarthPower,Protect|||M|||50|,,,,,Ghost]Gholdengo||LifeOrb|GoodasGold|MakeItRain,ShadowBall,NastyPlot,Protect||||||50|,,,,,Dark]Comfey||FocusSash|Triage|DrainingKiss,FloralHealing,TrickRoom,Protect|||M|||50|,,,,,Steel
|inactive|Battle timer is ON: inactive players will automatically lose when time's up. (requested by mudkipc4)
|inactive|Nikemada has 60 seconds left.
|
|t:|1756946401
|teamsize|p1|4
|teamsize|p2|4
|start
|switch|p1a: Incineroar|Incineroar, L50, M|100/100
|switch|p1b: Talonflame|Talonflame, L50, F|100/100
|switch|p2a: Big Fish|Tatsugiri, L50, M|100/100
|switch|p2b: In Bloom|Comfey, L50, M|100/100
|-ability|p1a: Incineroar|Intimidate|boost
|-unboost|p2a: Big Fish|atk|1
|-unboost|p2b: In Bloom|atk|1
|turn|1
|
|t:|1756946417
|-terastallize|p2a: Big Fish|Ghost
|move|p2b: In Bloom|Draining Kiss|p1b: Talonflame
|-resisted|p1b: Talonflame
|-damage|p1b: Talonflame|89/100
|move|p1b: Talonflame|Tailwind|p1b: Talonflame
|-sidestart|p1: mudkipc4|move: Tailwind
|move|p1a: Incineroar|Parting Shot|p2b: In Bloom
|-unboost|p2b: In Bloom|atk|1
|-unboost|p2b: In Bloom|spa|1
|
|t:|1756946426
|switch|p1a: Gholdengo|Gholdengo, L50|100/100|[from] Parting Shot
|move|p2a: Big Fish|Muddy Water|p1b: Talonflame|[spread] p1a
|-miss|p2a: Big Fish|p1b: Talonflame
|-damage|p1a: Gholdengo|54/100
|-unboost|p1a: Gholdengo|accuracy|1
|
|-heal|p1a: Gholdengo|60/100|[from] item: Leftovers
|upkeep
|turn|2
|
|t:|1756946445
|switch|p2b: Bad Moon|Ursaluna-Bloodmoon, L50, M|100/100
|-terastallize|p1a: Gholdengo|Steel
|move|p1b: Talonflame|Will-O-Wisp|p2b: Bad Moon
|-status|p2b: Bad Moon|brn
|move|p1a: Gholdengo|Make It Rain|p2b: Bad Moon|[spread] p2a,p2b
|-damage|p2a: Big Fish|40/100
|-damage|p2b: Bad Moon|40/100 brn
|-unboost|p1a: Gholdengo|spa|1
|move|p2a: Big Fish|Muddy Water|p1b: Talonflame|[spread] p1a,p1b
|-supereffective|p1b: Talonflame
|-damage|p1a: Gholdengo|15/100
|-damage|p1b: Talonflame|0 fnt
|faint|p1b: Talonflame
|
|-heal|p1a: Gholdengo|21/100|[from] item: Leftovers
|-damage|p2b: Bad Moon|34/100 brn|[from] brn
|upkeep
|
|t:|1756946458
|switch|p1b: Tyranitar|Tyranitar, L50, F, shiny|100/100
|-weather|Sandstorm|[from] ability: Sand Stream|[of] p1b: Tyranitar
|turn|3
|
|t:|1756946479
|move|p1a: Gholdengo|Make It Rain|p2b: Bad Moon|[spread] p2a,p2b
|-damage|p2a: Big Fish|0 fnt
|-damage|p2b: Bad Moon|0 fnt
|-unboost|p1a: Gholdengo|spa|1
|faint|p2a: Big Fish
|faint|p2b: Bad Moon
|move|p1b: Tyranitar|Knock Off|p2: Big Fish|[notarget]
|-fail|p1b: Tyranitar
|
|-weather|Sandstorm|[upkeep]
|-heal|p1a: Gholdengo|27/100|[from] item: Leftovers
|upkeep
|
|t:|1756946490
|switch|p2a: In Bloom|Comfey, L50, M|100/100
|switch|p2b: Endalaust|Dragonite, L50, F|100/100
|turn|4
|
|t:|1756946511
|switch|p1a: Incineroar|Incineroar, L50, M|100/100
|-ability|p1a: Incineroar|Intimidate|boost
|-unboost|p2a: In Bloom|atk|1
|-unboost|p2b: Endalaust|atk|1
|move|p2a: In Bloom|Draining Kiss|p1b: Tyranitar
|-supereffective|p1b: Tyranitar
|-damage|p1b: Tyranitar|84/100
|move|p1b: Tyranitar|Rock Slide|p2a: In Bloom|[spread] p2b
|-miss|p1b: Tyranitar|p2a: In Bloom
|-supereffective|p2b: Endalaust
|-damage|p2b: Endalaust|68/100
|move|p2b: Endalaust|Low Kick|p1a: Incineroar
|-supereffective|p1a: Incineroar
|-damage|p1a: Incineroar|68/100
|-damage|p2b: Endalaust|52/100|[from] item: Rocky Helmet|[of] p1a: Incineroar
|
|-weather|Sandstorm|[upkeep]
|-damage|p1a: Incineroar|62/100|[from] Sandstorm
|-damage|p2a: In Bloom|95/100|[from] Sandstorm
|-damage|p2b: Endalaust|45/100|[from] Sandstorm
|-sideend|p1: mudkipc4|move: Tailwind
|upkeep
|turn|5
|
|t:|1756946534
|switch|p1b: Gholdengo|Gholdengo, L50, tera:Steel|27/100
|move|p2a: In Bloom|Floral Healing|p2b: Endalaust
|-heal|p2b: Endalaust|95/100
|move|p2b: Endalaust|Low Kick|p1b: Gholdengo
|-supereffective|p1b: Gholdengo
|-damage|p1b: Gholdengo|1/100
|move|p1a: Incineroar|Knock Off|p2b: Endalaust
|-damage|p2b: Endalaust|62/100
|-enditem|p2b: Endalaust|Assault Vest|[from] move: Knock Off|[of] p1a: Incineroar
|
|-weather|Sandstorm|[upkeep]
|-damage|p2a: In Bloom|89/100|[from] Sandstorm
|-damage|p2b: Endalaust|56/100|[from] Sandstorm
|-damage|p1a: Incineroar|56/100|[from] Sandstorm
|-heal|p1b: Gholdengo|7/100|[from] item: Leftovers
|upkeep
|turn|6
|
|t:|1756946552
|move|p1b: Gholdengo|Protect|p1b: Gholdengo
|-singleturn|p1b: Gholdengo|Protect
|move|p2a: In Bloom|Draining Kiss|p1b: Gholdengo
|-activate|p1b: Gholdengo|move: Protect
|move|p2b: Endalaust|Low Kick|p1a: Incineroar
|-supereffective|p1a: Incineroar
|-damage|p1a: Incineroar|19/100
|-damage|p2b: Endalaust|39/100|[from] item: Rocky Helmet|[of] p1a: Incineroar
|move|p1a: Incineroar|Parting Shot|p2b: Endalaust
|-unboost|p2b: Endalaust|atk|1
|-unboost|p2b: Endalaust|spa|1
|
|t:|1756946563
|switch|p1a: Tyranitar|Tyranitar, L50, F, shiny|84/100|[from] Parting Shot
|
|-weather|Sandstorm|[upkeep]
|-damage|p2a: In Bloom|84/100|[from] Sandstorm
|-damage|p2b: Endalaust|33/100|[from] Sandstorm
|-heal|p1b: Gholdengo|14/100|[from] item: Leftovers
|upkeep
|turn|7
|
|t:|1756946577
|switch|p1a: Incineroar|Incineroar, L50, M|19/100
|-ability|p1a: Incineroar|Intimidate|boost
|-unboost|p2a: In Bloom|atk|1
|-unboost|p2b: Endalaust|atk|1
|move|p2a: In Bloom|Floral Healing|p2b: Endalaust
|-heal|p2b: Endalaust|83/100
|move|p1b: Gholdengo|Make It Rain|p2b: Endalaust|[spread] p2a,p2b
|-supereffective|p2a: In Bloom
|-damage|p2a: In Bloom|0 fnt
|-damage|p2b: Endalaust|31/100
|-unboost|p1b: Gholdengo|spa|1
|faint|p2a: In Bloom
|move|p2b: Endalaust|Low Kick|p1b: Gholdengo
|-supereffective|p1b: Gholdengo
|-damage|p1b: Gholdengo|0 fnt
|faint|p1b: Gholdengo
|
|-weather|none
|upkeep
|
|t:|1756946590
|switch|p1b: Tyranitar|Tyranitar, L50, F, shiny|84/100
|-weather|Sandstorm|[from] ability: Sand Stream|[of] p1b: Tyranitar
|turn|8
|
|t:|1756946604
|move|p1a: Incineroar|Fake Out|p2b: Endalaust
|-damage|p2b: Endalaust|22/100
|cant|p2b: Endalaust|flinch
|move|p1b: Tyranitar|Rock Slide|p2b: Endalaust
|-supereffective|p2b: Endalaust
|-damage|p2b: Endalaust|0 fnt
|faint|p2b: Endalaust
|
|win|mudkipc4
||mudkipc4 is ready for game 2.
||Nikemada is ready for game 2.
|uhtml|next|Next: Game 2 of 3
