|j|☆bphind722
|j|☆applejuice1738
|html|bphind722applejuice1738    
|uhtml|bestof|Game 2 of a best-of-3
|t:|1784333321
|gametype|doubles
|player|p1|bphind722|265|
|player|p2|applejuice1738|170|
|gen|9
|tier|[Gen 9 Champions] VGC 2026 Reg M-B (Bo3)
|rule|Species Clause: Limit one of each Pokémon
|rule|Item Clause: Limit 1 of each item
|clearpoke
|poke|p1|Charizard, L50, M, shiny|
|poke|p1|Rotom-Mow, L50, shiny|
|poke|p1|Tinkaton, L50, F, shiny|
|poke|p1|Milotic, L50, F, shiny|
|poke|p1|Weavile, L50, M, shiny|
|poke|p1|Greninja, L50, M, shiny|
|poke|p2|Torterra, L50, M|
|poke|p2|Annihilape, L50, M, shiny|
|poke|p2|Metagross, L50, shiny|
|poke|p2|Goodra-Hisui, L50, F|
|poke|p2|Mawile, L50, F|
|poke|p2|Runerigus, L50, M, shiny|
|teampreview|4
|showteam|p1|Charizard||CharizarditeY|Blaze|HeatWave,SolarBeam,Protect,Roost|Timid||M|||50|]Rotom-Mow||ChoiceScarf|Levitate|VoltSwitch,LeafStorm,Thunderbolt,WillOWisp|Hasty|||||50|]Tinkaton||Leftovers|MoldBreaker|FakeOut,GigatonHammer,Protect,KnockOff|Jolly||F|||50|]Milotic||LifeOrb|Competitive|Scald,Recover,Protect,IceBeam|Timid||F|||50|]Weavile||FocusSash|Pressure|Protect,IceShard,FakeOut,KnockOff|Jolly||M|||50|]Greninja||ExpertBelt|Protean|HydroPump,IceBeam,DarkPulse,Protect|Timid||M|||50|
|showteam|p2|Torterra||LifeOrb|ShellArmor|Earthquake,WoodHammer,LeafStorm,Protect|Relaxed||M|||50|]Annihilape||ChoiceScarf|Defiant|CloseCombat,IcePunch,BrickBreak,Protect|Jolly||M|||50|]Metagross||Metagrossite|ClearBody|MeteorMash,Earthquake,BodyPress,Protect|Jolly|||||50|]Goodra-Hisui||BlackBelt|Gooey|BodyPress,Shelter,Protect,ThunderPunch|Relaxed||F|||50|]Mawile||Mawilite|Intimidate|RockSlide,BrickBreak,FoulPlay,FireFang|Adamant||F|||50|]Runerigus||Leftovers|WanderingSpirit|Protect,WillOWisp,GigaDrain,CalmMind|Bold||M|||50|
|j| NewTrainaOnDaBlock
|
|t:|1784333437
|teamsize|p1|4
|teamsize|p2|4
|start
|switch|p1a: Rotom|Rotom-Mow, L50, shiny|100/100
|switch|p1b: Tinkaton|Tinkaton, L50, F, shiny|100/100
|switch|p2a: GREG|Annihilape, L50, M, shiny|100/100
|switch|p2b: AURA|Metagross, L50, shiny|100/100
|-ability|p1b: Tinkaton|Mold Breaker
|turn|1
|
|t:|1784333464
|detailschange|p2b: AURA|Metagross-Mega, L50, shiny
|-mega|p2b: AURA|Metagross|Metagrossite
|move|p1b: Tinkaton|Fake Out|p2b: AURA
|-resisted|p2b: AURA|1
|-damage|p2b: AURA|96/100
|move|p2a: GREG|Ice Punch|p1a: Rotom
|-supereffective|p1a: Rotom|1
|-damage|p1a: Rotom|24/100
|move|p1a: Rotom|Will-O-Wisp|p2b: AURA
|-status|p2b: AURA|brn
|cant|p2b: AURA|flinch
|
|-damage|p2b: AURA|90/100 brn|[from] brn
|upkeep
|turn|2
|
|t:|1784333497
|switch|p1a: Milotic|Milotic, L50, F, shiny|100/100
|move|p2a: GREG|Ice Punch|p1a: Milotic
|-resisted|p1a: Milotic|1
|-damage|p1a: Milotic|86/100
|-status|p1a: Milotic|frz
|move|p2b: AURA|Meteor Mash|p1b: Tinkaton
|-damage|p1b: Tinkaton|51/100
|move|p1b: Tinkaton|Gigaton Hammer|p2a: GREG
|-damage|p2a: GREG|31/100
|
|-heal|p1b: Tinkaton|57/100|[from] item: Leftovers
|-damage|p2b: AURA|84/100 brn|[from] brn
|upkeep
|turn|3
|
|t:|1784333538
|switch|p2a: 7 Beers|Mawile, L50, F|100/100
|-ability|p2a: 7 Beers|Intimidate|boost
|-unboost|p1a: Milotic|atk|1
|-ability|p1a: Milotic|Competitive|boost
|-boost|p1a: Milotic|spa|2
|-unboost|p1b: Tinkaton|atk|1
|move|p2b: AURA|Meteor Mash|p1b: Tinkaton
|-damage|p1b: Tinkaton|11/100
|move|p1b: Tinkaton|Knock Off|p2a: 7 Beers
|-resisted|p2a: 7 Beers|1
|-damage|p2a: 7 Beers|92/100
|-curestatus|p1a: Milotic|frz|[from] move: Scald
|move|p1a: Milotic|Scald|p2a: 7 Beers
|-damage|p2a: 7 Beers|0 fnt
|faint|p2a: 7 Beers
|-damage|p1a: Milotic|76/100|[from] item: Life Orb
|
|-heal|p1b: Tinkaton|17/100|[from] item: Leftovers
|-damage|p2b: AURA|78/100 brn|[from] brn
|upkeep
|
|t:|1784333558
|switch|p2a: Goopy Goop|Goodra-Hisui, L50, F|100/100
|turn|4
|
|t:|1784333585
|move|p1b: Tinkaton|Protect|p1b: Tinkaton
|-singleturn|p1b: Tinkaton|Protect
|move|p2b: AURA|Meteor Mash|p1b: Tinkaton
|-activate|p1b: Tinkaton|move: Protect
|move|p1a: Milotic|Scald|p2b: AURA
|-damage|p2b: AURA|0 fnt
|faint|p2b: AURA
|-damage|p1a: Milotic|66/100|[from] item: Life Orb
|move|p2a: Goopy Goop|Thunder Punch|p1a: Milotic
|-supereffective|p1a: Milotic|1
|-damage|p1a: Milotic|20/100y
|-status|p1a: Milotic|par
|
|-heal|p1b: Tinkaton|24/100|[from] item: Leftovers
|upkeep
|
|t:|1784333599
|switch|p2b: GREG|Annihilape, L50, M, shiny|31/100
|turn|5
|
|t:|1784333607
|move|p2b: GREG|Close Combat|p1b: Tinkaton
|-damage|p1b: Tinkaton|0 fnt
|-unboost|p2b: GREG|def|1
|-unboost|p2b: GREG|spd|1
|faint|p1b: Tinkaton
|move|p1a: Milotic|Recover|p1a: Milotic
|-heal|p1a: Milotic|70/100 par
|move|p2a: Goopy Goop|Thunder Punch|p1a: Milotic
|-supereffective|p1a: Milotic|1
|-damage|p1a: Milotic|30/100 par
|
|upkeep
|
|t:|1784333618
|switch|p1b: Rotom|Rotom-Mow, L50, shiny|24/100
|turn|6
|
|t:|1784333635
|move|p2b: GREG|Close Combat|p1b: Rotom
|-damage|p1b: Rotom|0 fnt
|-unboost|p2b: GREG|def|1
|-unboost|p2b: GREG|spd|1
|faint|p1b: Rotom
|move|p1a: Milotic|Scald|p2b: GREG
|-damage|p2b: GREG|0 fnt
|faint|p2b: GREG
|-damage|p1a: Milotic|20/100y par|[from] item: Life Orb
|move|p2a: Goopy Goop|Thunder Punch|p1a: Milotic
|-supereffective|p1a: Milotic|1
|-damage|p1a: Milotic|0 fnt
|faint|p1a: Milotic
|
|upkeep
|
|t:|1784333650
|switch|p1a: Charizard|Charizard, L50, M, shiny|100/100
|turn|7
|
|t:|1784333668
|detailschange|p1a: Charizard|Charizard-Mega-Y, L50, M, shiny
|-mega|p1a: Charizard|Charizard|Charizardite Y
|-weather|SunnyDay|[from] ability: Drought|[of] p1a: Charizard
|move|p1a: Charizard|Heat Wave|p2a: Goopy Goop
|-damage|p2a: Goopy Goop|36/100
|move|p2a: Goopy Goop|Thunder Punch|p1a: Charizard
|-supereffective|p1a: Charizard|1
|-damage|p1a: Charizard|49/100
|
|-weather|SunnyDay|[upkeep]
|upkeep
|turn|8
|
|t:|1784333680
|move|p2a: Goopy Goop|Protect|p2a: Goopy Goop
|-singleturn|p2a: Goopy Goop|Protect
|move|p1a: Charizard|Heat Wave|p2a: Goopy Goop
|-activate|p2a: Goopy Goop|move: Protect
|
|-weather|SunnyDay|[upkeep]
|upkeep
|turn|9
|
|t:|1784333690
|move|p1a: Charizard|Heat Wave|p2a: Goopy Goop
|-damage|p2a: Goopy Goop|0 fnt
|faint|p2a: Goopy Goop
|
|win|bphind722
