|j|ŌśåPopoVGC
|j|ŌśåElAvi04
|html|PopoVGCElAvi04    
|uhtml|bestof|Game 2 of a best-of-3
|t:|1786085198
|gametype|doubles
|player|p1|PopoVGC|silver|1318
|player|p2|ElAvi04|2|1193
|gen|9
|tier|[Gen 9 Champions] VGC 2026 Reg M-B (Bo3)
|rated|
|rule|Species Clause: Limit one of each Pok├®mon
|rule|Item Clause: Limit 1 of each item
|clearpoke
|poke|p1|Gholdengo, L50|
|poke|p1|Tyranitar, L50, F|
|poke|p1|Excadrill, L50, M|
|poke|p1|Pidgeot, L50, F|
|poke|p1|Tsareena, L50, F|
|poke|p1|Rotom-Wash, L50|
|poke|p2|Arcanine-Hisui, L50, F|
|poke|p2|Floette-Eternal, L50, F|
|poke|p2|Blastoise, L50, M|
|poke|p2|Sinistcha, L50|
|poke|p2|Corviknight, L50, M, shiny|
|poke|p2|Kommo-o, L50, M|
|teampreview|4
|showteam|p1|Gholdengo||LifeOrb|GoodasGold|MakeItRain,ShadowBall,NastyPlot,Protect|Timid|||||50|]Tyranitar||Tyranitarite|SandStream|RockSlide,KnockOff,Protect,LowKick|Jolly||F|||50|]Excadrill||FocusSash|SandRush|IronHead,Earthquake,RockSlide,Protect|Adamant||M|||50|]Pidgeot||Pidgeotite|BigPecks|Hurricane,HeatWave,Protect,Tailwind|Timid||F|||50|]Tsareena||ChoiceScarf|QueenlyMajesty|PowerWhip,TripleAxel,Uturn,LowKick|Jolly||F|||50|]Rotom-Wash||SitrusBerry|Levitate|Thunderbolt,HydroPump,Protect,WillOWisp|Bold|||||50|
|showteam|p2|Arcanine-Hisui||FocusSash|RockHead|HeadSmash,FlareBlitz,ExtremeSpeed,Protect|Jolly||F|||50|]Floette-Eternal||Floettite|FlowerVeil|Moonblast,DazzlingGleam,HelpingHand,Protect|Timid||F|||50|]Blastoise||Blastoisinite|RainDish|WaterSpout,DarkPulse,ShellSmash,Protect|Modest||M|||50|]Sinistcha||KasibBerry|Hospitality|MatchaGotcha,RagePowder,LifeDew,TrickRoom|Relaxed|||||50|]Corviknight||Leftovers|MirrorArmor|BraveBird,IronHead,Tailwind,Taunt|Impish||M|||50|]Kommo-o||SitrusBerry|Soundproof|ClangingScales,AuraSphere,ClangorousSoul,Protect|Modest||M|||50|
|c|ŌśåElAvi04|dawg
|c|ŌśåElAvi04|u allergic to typing or sum?
|
|t:|1786085259
|teamsize|p1|4
|teamsize|p2|4
|start
|switch|p1a: Pidgeot|Pidgeot, L50, F|100/100
|switch|p1b: Excadrill|Excadrill, L50, M|100/100
|switch|p2a: Wendy Koopa|Blastoise, L50, M|100/100
|switch|p2b: Messi|Sinistcha, L50|100/100
|turn|1
|
|t:|1786085346
|detailschange|p1a: Pidgeot|Pidgeot-Mega, L50, F
|-mega|p1a: Pidgeot|Pidgeot|Pidgeotite
|detailschange|p2a: Wendy Koopa|Blastoise-Mega, L50, M
|-mega|p2a: Wendy Koopa|Blastoise|Blastoisinite
|move|p2b: Messi|Rage Powder|p2b: Messi
|-singleturn|p2b: Messi|move: Rage Powder
|move|p1a: Pidgeot|Hurricane|p2b: Messi
|-supereffective|p2b: Messi|1
|-damage|p2b: Messi|0 fnt
|faint|p2b: Messi
|move|p1b: Excadrill|Earthquake|p2a: Wendy Koopa|[spread] p2a
|-immune|p1a: Pidgeot
|-damage|p2a: Wendy Koopa|65/100
|move|p2a: Wendy Koopa|Water Spout|p1a: Pidgeot|[spread] p1a,p1b
|-supereffective|p1b: Excadrill|1
|-damage|p1a: Pidgeot|40/100
|-enditem|p1b: Excadrill|Focus Sash
|-damage|p1b: Excadrill|1/100
|
|upkeep
|
|t:|1786085363
|switch|p2b: Blanquita|Arcanine-Hisui, L50, F|100/100
|turn|2
|
|t:|1786085394
|switch|p1b: Rotom|Rotom-Wash, L50|100/100
|move|p2b: Blanquita|Extreme Speed|p1b: Rotom
|-damage|p1b: Rotom|77/100
|move|p1a: Pidgeot|Tailwind|p1a: Pidgeot
|-sidestart|p1: PopoVGC|move: Tailwind
|move|p2a: Wendy Koopa|Shell Smash|p2a: Wendy Koopa
|-unboost|p2a: Wendy Koopa|def|1
|-unboost|p2a: Wendy Koopa|spd|1
|-boost|p2a: Wendy Koopa|atk|2
|-boost|p2a: Wendy Koopa|spa|2
|-boost|p2a: Wendy Koopa|spe|2
|
|upkeep
|turn|3
|
|t:|1786085433
|move|p1a: Pidgeot|Heat Wave|p2b: Blanquita|[spread] p2a,p2b
|-resisted|p2a: Wendy Koopa|1
|-resisted|p2b: Blanquita|2
|-damage|p2a: Wendy Koopa|49/100
|-damage|p2b: Blanquita|91/100
|move|p1b: Rotom|Hydro Pump|p2b: Blanquita
|-supereffective|p2b: Blanquita|2
|-damage|p2b: Blanquita|0 fnt
|faint|p2b: Blanquita
|move|p2a: Wendy Koopa|Water Spout|p1b: Rotom|[spread] p1a,p1b
|-resisted|p1b: Rotom|1
|-damage|p1a: Pidgeot|0 fnt
|-damage|p1b: Rotom|40/100
|-enditem|p1b: Rotom|Sitrus Berry|[eat]
|-heal|p1b: Rotom|65/100|[from] item: Sitrus Berry
|faint|p1a: Pidgeot
|
|upkeep
|
|t:|1786085446
|switch|p1a: Gholdengo|Gholdengo, L50|100/100
|switch|p2b: Travis Scott|Kommo-o, L50, M|100/100
|turn|4
|
|t:|1786085459
|move|p1a: Gholdengo|Nasty Plot|p1a: Gholdengo
|-boost|p1a: Gholdengo|spa|2
|move|p1b: Rotom|Thunderbolt|p2a: Wendy Koopa
|-supereffective|p2a: Wendy Koopa|1
|-damage|p2a: Wendy Koopa|0 fnt
|faint|p2a: Wendy Koopa
|move|p2b: Travis Scott|Clangorous Soul|p2b: Travis Scott
|-boost|p2b: Travis Scott|atk|1
|-boost|p2b: Travis Scott|def|1
|-boost|p2b: Travis Scott|spa|1
|-boost|p2b: Travis Scott|spd|1
|-boost|p2b: Travis Scott|spe|1
|-damage|p2b: Travis Scott|67/100
|
|upkeep
|turn|5
|
|t:|1786085474
|move|p1a: Gholdengo|Make It Rain|p2b: Travis Scott
|-damage|p2b: Travis Scott|0 fnt
|-unboost|p1a: Gholdengo|spa|2
|faint|p2b: Travis Scott
|-damage|p1a: Gholdengo|90/100|[from] item: Life Orb
|
|win|PopoVGC
|raw|PopoVGC's rating: 1318 → 1331(+13 for winning)
|raw|ElAvi04's rating: 1193 → 1177(-16 for losing)
|l|ŌśåElAvi04
|player|p2|
