|j|☆indianpro#2011
|j|☆testdigi
|html|indianpro#2011testdigi    
|uhtml|bestof|Game 3 of a best-of-3
|t:|1784917352
|gametype|doubles
|player|p1|indianpro#2011|lucas|1119
|player|p2|testdigi|101|1162
|gen|9
|tier|[Gen 9 Champions] VGC 2026 Reg M-B (Bo3)
|rated|
|rule|Species Clause: Limit one of each Pokémon
|rule|Item Clause: Limit 1 of each item
|clearpoke
|poke|p1|Tyranitar, L50, F|
|poke|p1|Mawile, L50, F|
|poke|p1|Grimmsnarl, L50, M|
|poke|p1|Decidueye-Hisui, L50, M|
|poke|p1|Scizor, L50, M|
|poke|p1|Oranguru, L50, M|
|poke|p2|Raichu, L50, M|
|poke|p2|Sinistcha, L50|
|poke|p2|Corviknight, L50, M|
|poke|p2|Sylveon, L50, M|
|poke|p2|Garchomp, L50, F|
|poke|p2|Tyranitar, L50, F|
|teampreview|4
|showteam|p1|Tyranitar||ChopleBerry|SandStream|RockSlide,KnockOff,LowKick,Protect|Brave||F|||50|]Mawile||Mawilite|HyperCutter|IronHead,PlayRough,SuckerPunch,Protect|Brave||F|||50|]Grimmsnarl||LightClay|Prankster|Reflect,LightScreen,FakeOut,SpiritBreak|Adamant||M|||50|]Decidueye-Hisui||CobaBerry|Scrappy|LeafBlade,CloseCombat,UpperHand,Protect|Adamant||M|||50|]Scizor||Scizorite|Technician|BugBite,BulletPunch,DualWingbeat,Protect|Adamant||M|||50|]Oranguru||BrightPowder|InnerFocus|TrickRoom,Instruct,FoulPlay,Yawn|Sassy||M|||50|
|showteam|p2|Raichu||RaichuniteY|LightningRod|ZapCannon,FocusBlast,FakeOut,Protect|Timid||M|||50|]Sinistcha||KasibBerry|Hospitality|MatchaGotcha,LifeDew,RagePowder,Protect|Modest|||||50|]Corviknight||OccaBerry|MirrorArmor|IronHead,BraveBird,Tailwind,Protect|Adamant||M|||50|]Sylveon||FairyFeather|Pixilate|HyperVoice,QuickAttack,Yawn,Detect|Modest||M|||50|]Garchomp||LifeOrb|RoughSkin|DragonClaw,StompingTantrum,RockSlide,Protect|Adamant||F|||50|]Tyranitar||FocusSash|SandStream|RockSlide,KnockOff,Superpower,Protect|Adamant||F|||50|
|inactive|Battle timer is ON: inactive players will automatically lose when time's up. (requested by testdigi)
|
|t:|1784917390
|teamsize|p1|4
|teamsize|p2|4
|start
|switch|p1a: Oranguru|Oranguru, L50, M|100/100
|switch|p1b: Grimmsnarl|Grimmsnarl, L50, M|100/100
|switch|p2a: Tyranitar|Tyranitar, L50, F|100/100
|switch|p2b: Raichu|Raichu, L50, M|100/100
|-weather|Sandstorm|[from] ability: Sand Stream|[of] p2a: Tyranitar
|turn|1
|
|t:|1784917414
|detailschange|p2b: Raichu|Raichu-Mega-Y, L50, M
|-mega|p2b: Raichu|Raichu|Raichunite Y
|move|p2b: Raichu|Fake Out|p1b: Grimmsnarl
|-damage|p1b: Grimmsnarl|88/100
|cant|p1b: Grimmsnarl|flinch
|move|p2a: Tyranitar|Knock Off|p1a: Oranguru
|-supereffective|p1a: Oranguru|1
|-damage|p1a: Oranguru|0 fnt
|-enditem|p1a: Oranguru|Bright Powder|[from] move: Knock Off|[of] p2a: Tyranitar
|faint|p1a: Oranguru
|
|-weather|Sandstorm|[upkeep]
|-damage|p2b: Raichu|93/100|[from] Sandstorm
|-damage|p1b: Grimmsnarl|82/100|[from] Sandstorm
|upkeep
|
|t:|1784917431
|switch|p1a: Mawile|Mawile, L50, F|100/100
|turn|2
|
|t:|1784917443
|detailschange|p1a: Mawile|Mawile-Mega, L50, F
|-mega|p1a: Mawile|Mawile|Mawilite
|move|p1b: Grimmsnarl|Light Screen|p1b: Grimmsnarl
|-sidestart|p1: indianpro#2011|move: Light Screen
|move|p2b: Raichu|Zap Cannon|p1a: Mawile
|-damage|p1a: Mawile|50/100g
|-status|p1a: Mawile|par
|move|p2a: Tyranitar|Knock Off|p1b: Grimmsnarl
|-resisted|p1b: Grimmsnarl|2
|-damage|p1b: Grimmsnarl|65/100
|-enditem|p1b: Grimmsnarl|Light Clay|[from] move: Knock Off|[of] p2a: Tyranitar
|move|p1a: Mawile|Play Rough|p2b: Raichu
|-damage|p2b: Raichu|0 fnt
|faint|p2b: Raichu
|
|-weather|Sandstorm|[upkeep]
|-damage|p1b: Grimmsnarl|59/100|[from] Sandstorm
|upkeep
|
|t:|1784917457
|switch|p2b: Garchomp|Garchomp, L50, F|100/100
|turn|3
|
|t:|1784917472
|move|p1b: Grimmsnarl|Reflect|p1b: Grimmsnarl
|-sidestart|p1: indianpro#2011|Reflect
|move|p2b: Garchomp|Rock Slide|p1b: Grimmsnarl|[spread] p1a,p1b
|-resisted|p1a: Mawile|1
|-damage|p1a: Mawile|43/100 par
|-damage|p1b: Grimmsnarl|39/100
|-damage|p2b: Garchomp|90/100|[from] item: Life Orb
|move|p2a: Tyranitar|Rock Slide|p1a: Mawile|[spread] p1a,p1b
|-resisted|p1a: Mawile|1
|-damage|p1a: Mawile|33/100 par
|-damage|p1b: Grimmsnarl|12/100
|cant|p1a: Mawile|flinch
|
|-weather|Sandstorm|[upkeep]
|-damage|p1b: Grimmsnarl|6/100|[from] Sandstorm
|upkeep
|turn|4
|
|t:|1784917496
|switch|p2a: Sinistcha|Sinistcha, L50|100/100
|-heal|p2b: Garchomp|100/100|[from] ability: Hospitality|[of] p2a: Sinistcha
|move|p2b: Garchomp|Protect|p2b: Garchomp
|-singleturn|p2b: Garchomp|Protect
|move|p1b: Grimmsnarl|Spirit Break|p2b: Garchomp
|-activate|p2b: Garchomp|move: Protect
|move|p1a: Mawile|Play Rough|p2b: Garchomp
|-activate|p2b: Garchomp|move: Protect
|
|-weather|Sandstorm|[upkeep]
|-damage|p2a: Sinistcha|94/100|[from] Sandstorm
|-damage|p1b: Grimmsnarl|1/100|[from] Sandstorm
|upkeep
|turn|5
|inactive|indianpro#2011 has 30 seconds left.
|
|t:|1784917521
|switch|p1a: Tyranitar|Tyranitar, L50, F|100/100
|move|p2a: Sinistcha|Rage Powder|p2a: Sinistcha
|-singleturn|p2a: Sinistcha|move: Rage Powder
|move|p2b: Garchomp|Stomping Tantrum|p1a: Tyranitar
|-supereffective|p1a: Tyranitar|1
|-damage|p1a: Tyranitar|47/100
|-damage|p2b: Garchomp|90/100|[from] item: Life Orb
|move|p1b: Grimmsnarl|Spirit Break|p2a: Sinistcha
|-damage|p2a: Sinistcha|54/100
|-unboost|p2a: Sinistcha|spa|1
|
|-weather|none
|upkeep
|turn|6
|inactive|indianpro#2011 has 30 seconds left.
|
|t:|1784917547
|move|p2b: Garchomp|Protect|p2b: Garchomp
|-singleturn|p2b: Garchomp|Protect
|move|p2a: Sinistcha|Matcha Gotcha|p1b: Grimmsnarl|[spread] p1a,p1b
|-supereffective|p1a: Tyranitar|1
|-damage|p1a: Tyranitar|29/100
|-heal|p2a: Sinistcha|65/100|[from] drain|[of] p1a: Tyranitar
|-damage|p1b: Grimmsnarl|0 fnt
|-heal|p2a: Sinistcha|65/100|[from] drain|[of] p1b: Grimmsnarl
|faint|p1b: Grimmsnarl
|move|p1a: Tyranitar|Knock Off|p2a: Sinistcha
|-supereffective|p2a: Sinistcha|1
|-damage|p2a: Sinistcha|0 fnt
|-enditem|p2a: Sinistcha|Kasib Berry|[from] move: Knock Off|[of] p1a: Tyranitar
|faint|p2a: Sinistcha
|
|upkeep
|
|t:|1784917567
|switch|p2a: Tyranitar|Tyranitar, L50, F|100/100
|switch|p1b: Mawile|Mawile-Mega, L50, F|33/100 par
|-weather|Sandstorm|[from] ability: Sand Stream|[of] p2a: Tyranitar
|turn|7
|inactive|indianpro#2011 has 30 seconds left.
|inactive|indianpro#2011 has 20 seconds left.
|inactive|testdigi has 30 seconds left.
|inactive|testdigi has 20 seconds left.
|inactive|testdigi has 15 seconds left.
|
|t:|1784917619
|move|p2b: Garchomp|Stomping Tantrum|p1b: Mawile
|-supereffective|p1b: Mawile|1
|-damage|p1b: Mawile|0 fnt
|faint|p1b: Mawile
|-damage|p2b: Garchomp|80/100|[from] item: Life Orb
|move|p2a: Tyranitar|Superpower|p1a: Tyranitar
|-supereffective|p1a: Tyranitar|2
|-enditem|p1a: Tyranitar|Chople Berry|[eat]
|-enditem|p1a: Tyranitar|Chople Berry|[weaken]
|-damage|p1a: Tyranitar|0 fnt
|-unboost|p2a: Tyranitar|atk|1
|-unboost|p2a: Tyranitar|def|1
|faint|p1a: Tyranitar
|
|win|testdigi
