|j|☆Reynordg
|j|☆Thorton506
|html|ReynordgThorton506    
|uhtml|bestof|Game 1 of a best-of-3
|t:|1782588416
|gametype|doubles
|player|p1|Reynordg|265|
|player|p2|Thorton506|brycen|
|gen|9
|tier|[Gen 9 Champions] VGC 2026 Reg M-B (Bo3)
|rule|Species Clause: Limit one of each Pokémon
|rule|Item Clause: Limit 1 of each item
|clearpoke
|poke|p1|Whimsicott, L50, M|
|poke|p1|Swampert, L50, M|
|poke|p1|Pelipper, L50, F|
|poke|p1|Archaludon, L50, M|
|poke|p1|Floette-Eternal, L50, F|
|poke|p1|Basculegion, L50, M|
|poke|p2|Swampert, L50, M, shiny|
|poke|p2|Pelipper, L50, M, shiny|
|poke|p2|Archaludon, L50, M, shiny|
|poke|p2|Sinistcha, L50, shiny|
|poke|p2|Kingambit, L50, M, shiny|
|poke|p2|Grimmsnarl, L50, M, shiny|
|teampreview|4
|showteam|p1|Whimsicott||CobaBerry|Prankster|Moonblast,Tailwind,Encore,Protect|Bold||M|||50|]Swampert||Swampertite|Torrent|WaveCrash,Earthquake,IcePunch,Protect|Adamant||M|||50|]Pelipper||LifeOrb|Drizzle|WeatherBall,Hurricane,Tailwind,Protect|Modest||F|||50|]Archaludon||Leftovers|Stamina|DracoMeteor,FlashCannon,ElectroShot,Protect|Modest||M|||50|]Floette-Eternal||Floettite|FlowerVeil|Moonblast,DazzlingGleam,LightofRuin,Protect|Modest||F|||50|]Basculegion||FocusSash|Adaptability|Liquidation,LastRespects,AquaJet,Protect|Adamant||M|||50|
|showteam|p2|Swampert||Swampertite|Torrent|WaveCrash,Earthquake,IcePunch,Protect|Adamant||M|||50|]Pelipper||SitrusBerry|Drizzle|WeatherBall,Hurricane,WideGuard,Tailwind|Modest||M|||50|]Archaludon||Leftovers|Stamina|ElectroShot,DragonPulse,FlashCannon,Protect|Modest||M|||50|]Sinistcha||KasibBerry|Hospitality|MatchaGotcha,RagePowder,TrickRoom,Protect|Bold|||||50|]Kingambit||ChopleBerry|Defiant|KowtowCleave,SuckerPunch,LowKick,Protect|Adamant||M|||50|]Grimmsnarl||LightClay|Prankster|SpiritBreak,Reflect,LightScreen,PartingShot|Careful||M|||50|
|c|☆Reynordg|suerte bro
|c|☆Thorton506|Igual bro
|
|t:|1782588508
|teamsize|p1|4
|teamsize|p2|4
|start
|switch|p1a: Pelipper|Pelipper, L50, F|100/100
|switch|p1b: Swampert|Swampert, L50, M|100/100
|switch|p2a: Archaludon|Archaludon, L50, M, shiny|100/100
|switch|p2b: Grimmsnarl|Grimmsnarl, L50, M, shiny|100/100
|-weather|RainDance|[from] ability: Drizzle|[of] p1a: Pelipper
|turn|1
|inactive|Battle timer is ON: inactive players will automatically lose when time's up. (requested by Thorton506)
|inactive|Reynordg has 60 seconds left.
|inactive|Thorton506 has 60 seconds left.
|
|t:|1782588545
|detailschange|p1b: Swampert|Swampert-Mega, L50, M
|-mega|p1b: Swampert|Swampert|Swampertite
|move|p1a: Pelipper|Protect|p1a: Pelipper
|-singleturn|p1a: Pelipper|Protect
|move|p2b: Grimmsnarl|Reflect|p2b: Grimmsnarl
|-sidestart|p2: Thorton506|Reflect
|move|p1b: Swampert|Earthquake|p2a: Archaludon|[spread] p2a,p2b
|-activate|p1a: Pelipper|move: Protect
|-supereffective|p2a: Archaludon|1
|-damage|p2a: Archaludon|53/100
|-damage|p2b: Grimmsnarl|68/100
|-ability|p2a: Archaludon|Stamina|boost
|-boost|p2a: Archaludon|def|1
|move|p2a: Archaludon|Dragon Pulse|p1b: Swampert
|-damage|p1b: Swampert|64/100
|
|-weather|RainDance|[upkeep]
|-heal|p2a: Archaludon|59/100|[from] item: Leftovers
|upkeep
|turn|2
|inactive|Reynordg has 30 seconds left.
|
|t:|1782588576
|switch|p1a: Whimsicott|Whimsicott, L50, M|100/100
|move|p2b: Grimmsnarl|Parting Shot|p1b: Swampert
|-unboost|p1b: Swampert|atk|1
|-unboost|p1b: Swampert|spa|1
|
|t:|1782588581
|switch|p2b: Sinistcha|Sinistcha, L50, shiny|100/100|[from] Parting Shot
|-heal|p2a: Archaludon|84/100|[from] ability: Hospitality|[of] p2b: Sinistcha
|move|p1b: Swampert|Wave Crash|p2b: Sinistcha
|-resisted|p2b: Sinistcha|1
|-damage|p2b: Sinistcha|79/100
|-damage|p1b: Swampert|57/100|[from] Recoil
|move|p2a: Archaludon|Electro Shot||[still]
|-prepare|p2a: Archaludon|Electro Shot
|-boost|p2a: Archaludon|spa|1
|-anim|p2a: Archaludon|Electro Shot|p1a: Whimsicott
|-resisted|p1a: Whimsicott|1
|-damage|p1a: Whimsicott|62/100
|
|-weather|RainDance|[upkeep]
|-heal|p2a: Archaludon|90/100|[from] item: Leftovers
|upkeep
|turn|3
|inactive|Thorton506 has 30 seconds left.
|inactive|Reynordg has 30 seconds left.
|inactive|Thorton506 has 20 seconds left.
|inactive|Thorton506 has 15 seconds left.
|
|t:|1782588623
|switch|p1b: Archaludon|Archaludon, L50, M|100/100
|move|p1a: Whimsicott|Encore|p2a: Archaludon
|-start|p2a: Archaludon|Encore
|move|p2a: Archaludon|Electro Shot||[still]
|-prepare|p2a: Archaludon|Electro Shot
|-boost|p2a: Archaludon|spa|1
|-anim|p2a: Archaludon|Electro Shot|p1b: Archaludon
|-resisted|p1b: Archaludon|1
|-crit|p1b: Archaludon
|-damage|p1b: Archaludon|42/100
|-ability|p1b: Archaludon|Stamina|boost
|-boost|p1b: Archaludon|def|1
|move|p2b: Sinistcha|Trick Room|p2b: Sinistcha
|-fieldstart|move: Trick Room|[of] p2b: Sinistcha
|
|-weather|RainDance|[upkeep]
|-heal|p1b: Archaludon|48/100|[from] item: Leftovers
|-heal|p2a: Archaludon|96/100|[from] item: Leftovers
|upkeep
|turn|4
|inactive|Reynordg has 30 seconds left.
|
|t:|1782588655
|switch|p2b: Grimmsnarl|Grimmsnarl, L50, M, shiny|68/100
|switch|p1b: Swampert|Swampert-Mega, L50, M|57/100
|move|p1a: Whimsicott|Encore|p2b: Grimmsnarl
|-hint|Since gen 7, Dark is immune to Prankster moves.
|-immune|p2b: Grimmsnarl
|move|p2a: Archaludon|Electro Shot||[still]
|-prepare|p2a: Archaludon|Electro Shot
|-boost|p2a: Archaludon|spa|1
|-anim|p2a: Archaludon|Electro Shot|p1a: Whimsicott
|-resisted|p1a: Whimsicott|1
|-damage|p1a: Whimsicott|4/100
|
|-weather|RainDance|[upkeep]
|-heal|p2a: Archaludon|100/100|[from] item: Leftovers
|upkeep
|turn|5
|inactive|Reynordg has 30 seconds left.
|inactive|Thorton506 has 30 seconds left.
|
|t:|1782588688
|move|p1a: Whimsicott|Protect|p1a: Whimsicott
|-singleturn|p1a: Whimsicott|Protect
|move|p2b: Grimmsnarl|Parting Shot|p1b: Swampert
|-unboost|p1b: Swampert|atk|1
|-unboost|p1b: Swampert|spa|1
|
|t:|1782588694
|switch|p2b: Sinistcha|Sinistcha, L50, shiny|79/100|[from] Parting Shot
|move|p2a: Archaludon|Electro Shot||[still]
|-prepare|p2a: Archaludon|Electro Shot
|-boost|p2a: Archaludon|spa|1
|-anim|p2a: Archaludon|Electro Shot|p1a: Whimsicott
|-activate|p1a: Whimsicott|move: Protect
|move|p1b: Swampert|Earthquake|p2b: Sinistcha|[spread] p2a,p2b
|-activate|p1a: Whimsicott|move: Protect
|-supereffective|p2a: Archaludon|1
|-resisted|p2b: Sinistcha|1
|-damage|p2a: Archaludon|81/100
|-damage|p2b: Sinistcha|71/100
|-ability|p2a: Archaludon|Stamina|boost
|-boost|p2a: Archaludon|def|1
|
|-weather|none
|-heal|p2a: Archaludon|87/100|[from] item: Leftovers
|-end|p2a: Archaludon|Encore
|upkeep
|turn|6
|-message|Reynordg forfeited.
|
|win|Thorton506
||Thorton506 is ready for game 2.
|inactive|Reynordg has 30 seconds to confirm battle start!
|inactive|Reynordg has 20 seconds to confirm battle start!
|inactive|Reynordg has 10 seconds to confirm battle start!
||Reynordg is ready for game 2.
|uhtml|next|Next: Game 2 of 3
