|j|☆Check the Pokedata
|j|☆new mental
|html|Check the Pokedatanew mental    
|uhtml|bestof|Game 2 of a best-of-3
|t:|1786126455
|gametype|doubles
|player|p1|Check the Pokedata|miku-ground|1098
|player|p2|new mental|volkner|1200
|gen|9
|tier|[Gen 9 Champions] VGC 2026 Reg M-B (Bo3)
|rated|
|rule|Species Clause: Limit one of each Pokémon
|rule|Item Clause: Limit 1 of each item
|clearpoke
|poke|p1|Charizard, L50, M|
|poke|p1|Glimmora, L50, M|
|poke|p1|Whimsicott, L50, M|
|poke|p1|Ninetales-Alola, L50, M|
|poke|p1|Kingambit, L50, F|
|poke|p1|Kommo-o, L50, F|
|poke|p2|Charizard, L50, M|
|poke|p2|Garchomp, L50, M|
|poke|p2|Incineroar, L50, M|
|poke|p2|Venusaur, L50, M|
|poke|p2|Toxapex, L50, M|
|poke|p2|Sylveon, L50, M|
|teampreview|4
|showteam|p1|Charizard||CharizarditeY|Blaze|HeatWave,WeatherBall,SolarBeam,Protect|Modest||M|||50|]Glimmora||Glimmoranite|ToxicDebris|SludgeBomb,PowerGem,EarthPower,SpikyShield|Modest||M|||50|]Whimsicott||FocusSash|Prankster|Moonblast,Tailwind,Encore,Protect|Timid||M|||50|]Ninetales-Alola||NeverMeltIce|SnowWarning|Blizzard,FreezeDry,Disable,Protect|Timid||M|||50|]Kingambit||BlackGlasses|Defiant|KowtowCleave,SuckerPunch,IronHead,Protect|Adamant||F|||50|]Kommo-o||LifeOrb|Overcoat|Protect,ClangingScales,VacuumWave,AuraSphere|Modest||F|||50|
|showteam|p2|Charizard||CharizarditeY|Blaze|WeatherBall,HeatWave,AncientPower,Protect|Modest||M|||50|]Garchomp||ChoiceScarf|RoughSkin|RockSlide,DragonClaw,Earthquake,StompingTantrum|Adamant||M|||50|]Incineroar||SitrusBerry|Intimidate|FlareBlitz,FakeOut,DarkestLariat,PartingShot|Impish||M|||50|]Venusaur||LifeOrb|Chlorophyll|SludgeBomb,LeafStorm,EarthPower,Protect|Modest||M|||50|]Toxapex||Leftovers|Regenerator|Infestation,Toxic,WideGuard,BanefulBunker|Bold||M|||50|]Sylveon||FairyFeather|Pixilate|HyperVoice,QuickAttack,Yawn,Detect|Modest||M|||50|
|inactive|Battle timer is ON: inactive players will automatically lose when time's up. (requested by Check the Pokedata)
|
|t:|1786126475
|teamsize|p1|4
|teamsize|p2|4
|start
|switch|p1a: Whimsicott|Whimsicott, L50, M|100/100
|switch|p1b: Glimmora|Glimmora, L50, M|100/100
|switch|p2a: Charizard|Charizard, L50, M|100/100
|switch|p2b: Incineroar|Incineroar, L50, M|100/100
|-ability|p2b: Incineroar|Intimidate|boost
|-unboost|p1a: Whimsicott|atk|1
|-unboost|p1b: Glimmora|atk|1
|turn|1
|
|t:|1786126483
|detailschange|p2a: Charizard|Charizard-Mega-Y, L50, M
|-mega|p2a: Charizard|Charizard|Charizardite Y
|-weather|SunnyDay|[from] ability: Drought|[of] p2a: Charizard
|detailschange|p1b: Glimmora|Glimmora-Mega, L50, M
|-mega|p1b: Glimmora|Glimmora|Glimmoranite
|move|p1a: Whimsicott|Protect|p1a: Whimsicott
|-singleturn|p1a: Whimsicott|Protect
|move|p1b: Glimmora|Spiky Shield|p1b: Glimmora
|-singleturn|p1b: Glimmora|move: Protect
|move|p2b: Incineroar|Fake Out|p1b: Glimmora
|-activate|p1b: Glimmora|move: Protect
|-damage|p2b: Incineroar|87/100|[from] Spiky Shield|[of] p1b: Glimmora
|move|p2a: Charizard|Heat Wave|p1a: Whimsicott|[spread] 
|-activate|p1a: Whimsicott|move: Protect
|-activate|p1b: Glimmora|move: Protect
|
|-weather|SunnyDay|[upkeep]
|upkeep
|turn|2
|
|t:|1786126491
|move|p2a: Charizard|Protect|p2a: Charizard
|-singleturn|p2a: Charizard|Protect
|move|p1a: Whimsicott|Tailwind|p1a: Whimsicott
|-sidestart|p1: Check the Pokedata|move: Tailwind
|move|p1b: Glimmora|Power Gem|p2b: Incineroar
|-supereffective|p2b: Incineroar|1
|-damage|p2b: Incineroar|0 fnt
|faint|p2b: Incineroar
|
|-weather|SunnyDay|[upkeep]
|upkeep
|
|t:|1786126495
|switch|p2b: Venusaur|Venusaur, L50, M|100/100
|turn|3
|
|t:|1786126507
|switch|p2a: Garchomp|Garchomp, L50, M|100/100
|move|p1b: Glimmora|Spiky Shield|p1b: Glimmora
|-singleturn|p1b: Glimmora|move: Protect
|move|p1a: Whimsicott|Moonblast|p2b: Venusaur
|-resisted|p2b: Venusaur|1
|-damage|p2b: Venusaur|78/100
|move|p2b: Venusaur|Earth Power|p1b: Glimmora
|-activate|p1b: Glimmora|move: Protect
|
|-weather|SunnyDay|[upkeep]
|upkeep
|turn|4
|inactive|Check the Pokedata has 30 seconds left.
|
|t:|1786126534
|switch|p1b: Kommo-o|Kommo-o, L50, F|100/100
|switch|p2a: Charizard|Charizard-Mega-Y, L50, M|100/100
|move|p1a: Whimsicott|Moonblast|p2a: Charizard
|-resisted|p2a: Charizard|1
|-damage|p2a: Charizard|84/100
|move|p2b: Venusaur|Earth Power|p1b: Kommo-o
|-damage|p1b: Kommo-o|55/100
|-damage|p2b: Venusaur|69/100|[from] item: Life Orb
|
|-weather|SunnyDay|[upkeep]
|upkeep
|turn|5
|
|t:|1786126552
|switch|p2a: Garchomp|Garchomp, L50, M|100/100
|move|p1a: Whimsicott|Protect|p1a: Whimsicott
|-singleturn|p1a: Whimsicott|Protect
|move|p1b: Kommo-o|Clanging Scales|p2a: Garchomp|[spread] p2a,p2b
|-supereffective|p2a: Garchomp|1
|-damage|p2a: Garchomp|0 fnt
|-damage|p2b: Venusaur|11/100
|faint|p2a: Garchomp
|-unboost|p1b: Kommo-o|def|1
|-damage|p1b: Kommo-o|45/100|[from] item: Life Orb
|move|p2b: Venusaur|Sludge Bomb|p1b: Kommo-o
|-damage|p1b: Kommo-o|0 fnt
|faint|p1b: Kommo-o
|-damage|p2b: Venusaur|1/100|[from] item: Life Orb
|
|-weather|none
|-sideend|p1: Check the Pokedata|move: Tailwind
|upkeep
|
|t:|1786126569
|switch|p2a: Charizard|Charizard-Mega-Y, L50, M|84/100
|switch|p1b: Glimmora|Glimmora-Mega, L50, M|100/100
|-weather|SunnyDay|[from] ability: Drought|[of] p2a: Charizard
|turn|6
|
|t:|1786126581
|move|p1a: Whimsicott|Encore|p2b: Venusaur
|-start|p2b: Venusaur|Encore
|move|p2b: Venusaur|Sludge Bomb|p1b: Glimmora
|-resisted|p1b: Glimmora|2
|-damage|p1b: Glimmora|85/100
|-damage|p2b: Venusaur|0 fnt|[from] item: Life Orb
|faint|p2b: Venusaur
|move|p1b: Glimmora|Power Gem|p2a: Charizard
|-supereffective|p2a: Charizard|2
|-damage|p2a: Charizard|0 fnt
|faint|p2a: Charizard
|
|win|Check the Pokedata
|raw|Check the Pokedata's rating: 1098 → 1131(+33 for winning)
|raw|new mental's rating: 1200 → 1168(-32 for losing)
