|j|☆lemon447
|j|☆Sammias
|html|lemon447Sammias    
|uhtml|bestof|Game 2 of a best-of-3
|t:|1785517895
|gametype|doubles
|player|p1|lemon447|265|1099
|player|p2|Sammias|miku-ground|1149
|gen|9
|tier|[Gen 9 Champions] VGC 2026 Reg M-B (Bo3)
|rated|
|rule|Species Clause: Limit one of each Pokémon
|rule|Item Clause: Limit 1 of each item
|clearpoke
|poke|p1|Floette-Eternal, L50, F|
|poke|p1|Farigiraf, L50, M|
|poke|p1|Charizard, L50, M|
|poke|p1|Incineroar, L50, M|
|poke|p1|Garchomp, L50, F|
|poke|p1|Venusaur, L50, F|
|poke|p2|Floette-Eternal, L50, F|
|poke|p2|Kingambit, L50, F|
|poke|p2|Garchomp, L50, M|
|poke|p2|Sneasler, L50, F|
|poke|p2|Whimsicott, L50, F, shiny|
|poke|p2|Basculegion, L50, M|
|teampreview|4
|showteam|p1|Floette-Eternal||Floettite|FlowerVeil|Protect,Moonblast,DrainingKiss,CalmMind|Modest||F|||50|]Farigiraf||WiseGlasses|ArmorTail|Protect,HyperVoice,Psychic,TrickRoom|Quiet||M|||50|]Charizard||CharizarditeY|Blaze|Protect,HeatWave,WeatherBall,AirSlash|Modest||M|||50|]Incineroar||SitrusBerry|Intimidate|PartingShot,FlareBlitz,ThroatChop,FakeOut|Impish||M|||50|]Garchomp||ChoiceScarf|RoughSkin|RockSlide,Earthquake,StompingTantrum,DragonClaw|Adamant||F|||50|]Venusaur||LifeOrb|Chlorophyll|Protect,LeafStorm,SludgeBomb,EarthPower|Serious||F|||50|
|showteam|p2|Floette-Eternal||Floettite|FlowerVeil|Moonblast,DazzlingGleam,LightofRuin,Protect|Modest||F|||50|]Kingambit||BlackGlasses|Defiant|KowtowCleave,SuckerPunch,SwordsDance,Protect|Adamant||F|||50|]Garchomp||LifeOrb|RoughSkin|DragonClaw,RockTomb,Protect,StompingTantrum|Jolly||M|||50|]Sneasler||WhiteHerb|Unburden|FakeOut,CloseCombat,DireClaw,Taunt|Jolly||F|||50|]Whimsicott||FocusSash|Prankster|Protect,Tailwind,Encore,Moonblast|Timid||F|||50|]Basculegion||ChoiceScarf|Adaptability|LastRespects,WaveCrash,AquaJet,FlipTurn|Adamant||M|||50|
|inactive|Battle timer is ON: inactive players will automatically lose when time's up. (requested by Sammias)
|
|t:|1785517908
|teamsize|p1|4
|teamsize|p2|4
|start
|switch|p1a: Charizard|Charizard, L50, M|100/100
|switch|p1b: Garchomp|Garchomp, L50, F|100/100
|switch|p2a: Whimsicott|Whimsicott, L50, F, shiny|100/100
|switch|p2b: Basculegion|Basculegion, L50, M|100/100
|turn|1
|inactive|Sammias has 30 seconds left.
|inactive|Sammias has 20 seconds left.
|
|t:|1785517947
|detailschange|p1a: Charizard|Charizard-Mega-Y, L50, M
|-mega|p1a: Charizard|Charizard|Charizardite Y
|-weather|SunnyDay|[from] ability: Drought|[of] p1a: Charizard
|move|p2a: Whimsicott|Tailwind|p2a: Whimsicott
|-sidestart|p2: Sammias|move: Tailwind
|move|p2b: Basculegion|Flip Turn|p1a: Charizard
|-supereffective|p1a: Charizard|1
|-damage|p1a: Charizard|61/100
|
|t:|1785517955
|switch|p2b: Garchomp|Garchomp, L50, M|100/100|[from] Flip Turn
|move|p1b: Garchomp|Rock Slide|p2a: Whimsicott|[spread] p2a,p2b
|-crit|p2a: Whimsicott
|-resisted|p2b: Garchomp|1
|-damage|p2a: Whimsicott|64/100
|-damage|p2b: Garchomp|89/100
|move|p1a: Charizard|Heat Wave|p2a: Whimsicott|[spread] p2a,p2b
|-supereffective|p2a: Whimsicott|1
|-resisted|p2b: Garchomp|1
|-damage|p2a: Whimsicott|0 fnt
|-damage|p2b: Garchomp|57/100
|faint|p2a: Whimsicott
|
|-weather|SunnyDay|[upkeep]
|upkeep
|
|t:|1785517966
|switch|p2a: Floette|Floette-Eternal, L50, F|100/100
|turn|2
|
|t:|1785517971
|detailschange|p2a: Floette|Floette-Mega, L50, F
|-mega|p2a: Floette|Floette|Floettite
|-ability|p2a: Floette|Fairy Aura
|move|p1a: Charizard|Protect|p1a: Charizard
|-singleturn|p1a: Charizard|Protect
|move|p2b: Garchomp|Dragon Claw|p1a: Charizard
|-activate|p1a: Charizard|move: Protect
|move|p2a: Floette|Dazzling Gleam|p1a: Charizard|[spread] p1b
|-activate|p1a: Charizard|move: Protect
|-supereffective|p1b: Garchomp|1
|-damage|p1b: Garchomp|0 fnt
|faint|p1b: Garchomp
|
|-weather|SunnyDay|[upkeep]
|upkeep
|
|t:|1785517983
|switch|p1b: Venusaur|Venusaur, L50, F|100/100
|turn|3
|
|t:|1785518003
|switch|p1a: Farigiraf|Farigiraf, L50, M|100/100
|move|p2b: Garchomp|Dragon Claw|p1b: Venusaur
|-damage|p1b: Venusaur|32/100
|-damage|p2b: Garchomp|47/100|[from] item: Life Orb
|move|p2a: Floette|Moonblast|p1b: Venusaur
|-resisted|p1b: Venusaur|1
|-damage|p1b: Venusaur|0 fnt
|faint|p1b: Venusaur
|
|-weather|SunnyDay|[upkeep]
|upkeep
|
|t:|1785518011
|switch|p1b: Charizard|Charizard-Mega-Y, L50, M|61/100
|turn|4
|
|t:|1785518022
|move|p2b: Garchomp|Dragon Claw|p1a: Farigiraf
|-damage|p1a: Farigiraf|53/100
|-damage|p2b: Garchomp|37/100|[from] item: Life Orb
|move|p2a: Floette|Moonblast|p1a: Farigiraf
|-damage|p1a: Farigiraf|0 fnt
|faint|p1a: Farigiraf
|move|p1b: Charizard|Air Slash|p2b: Garchomp
|-damage|p2b: Garchomp|0 fnt
|faint|p2b: Garchomp
|
|-weather|SunnyDay|[upkeep]
|-sideend|p2: Sammias|move: Tailwind
|upkeep
|
|t:|1785518032
|switch|p2b: Basculegion|Basculegion, L50, M|100/100
|turn|5
|-message|lemon447 forfeited.
|
|win|Sammias
||lemon447 is ready for game 3.
