|j|☆Caporosso74
|j|☆r4ka
|html|Caporosso74r4ka    
|uhtml|bestof|Game 2 of a best-of-3
|t:|1756835126
|gametype|doubles
|player|p1|Caporosso74|170|1086
|player|p2|r4ka|102|1135
|gen|9
|tier|[Gen 9] VGC 2025 Reg H (Bo3)
|rated|
|rule|Species Clause: Limit one of each Pokémon
|rule|Item Clause: Limit 1 of each item
|clearpoke
|poke|p1|Pelipper, L50, F|
|poke|p1|Basculegion, L50, M|
|poke|p1|Archaludon, L50, M|
|poke|p1|Rillaboom, L50, F|
|poke|p1|Ursaluna-Bloodmoon, L50, M|
|poke|p1|Maushold, L50|
|poke|p2|Rillaboom, L50, M|
|poke|p2|Dragonite, L50, F|
|poke|p2|Sneasler, L50, F|
|poke|p2|Kingambit, L50, F|
|poke|p2|Electabuzz, L50, M|
|poke|p2|Volcarona, L50, F|
|teampreview|4
|showteam|p1|Pelipper||FocusSash|Drizzle|Hurricane,Protect,WeatherBall,Tailwind|||F|||50|,,,,,Ghost]Basculegion||LifeOrb|SwiftSwim|LastRespects,AquaJet,WaveCrash,Protect|||M|||50|,,,,,Water]Archaludon||PowerHerb|Sturdy|DragonPulse,ElectroShot,Protect,FlashCannon|||M|||50|,,,,,Electric]Rillaboom||AssaultVest|GrassySurge|FakeOut,HighHorsepower,GrassyGlide,Uturn|||F|||50|,,,,,Water]Ursaluna-Bloodmoon||SafetyGoggles|MindsEye|BloodMoon,Protect,EarthPower,HyperVoice|||M|||50|,,,,,Normal]Maushold||CovertCloak|FriendGuard|Protect,Feint,SuperFang,Taunt||||||50|,,,,,Flying
|showteam|p2|Rillaboom||AssaultVest|GrassySurge|FakeOut,HighHorsepower,WoodHammer,GrassyGlide|||M|||50|,,,,,Fire]Dragonite||LoadedDice|Multiscale|ExtremeSpeed,ScaleShot,Protect,Haze|||F|||50|,,,,,Steel]Sneasler||FocusSash|PoisonTouch|DireClaw,CloseCombat,FakeOut,Coaching|||F|||50|,,,,,Stellar]Kingambit||BlackGlasses|Defiant|KowtowCleave,SuckerPunch,SwordsDance,Protect|||F|||50|,,,,,Dark]Electabuzz||Eviolite|VitalSpirit|Thunderbolt,Taunt,Protect,FollowMe|||M|||50|,,,,,Ghost]Volcarona||Leftovers|FlameBody|HeatWave,TeraBlast,QuiverDance,Protect|||F|||50|,,,,,Fairy
|
|t:|1756835212
|teamsize|p1|4
|teamsize|p2|4
|start
|switch|p1a: Maushold|Maushold, L50|100/100
|switch|p1b: Pelipper|Pelipper, L50, F|100/100
|switch|p2a: Rillaboom|Rillaboom, L50, M|100/100
|switch|p2b: Volcarona|Volcarona, L50, F|100/100
|-fieldstart|move: Grassy Terrain|[from] ability: Grassy Surge|[of] p2a: Rillaboom
|-weather|RainDance|[from] ability: Drizzle|[of] p1b: Pelipper
|turn|1
|
|t:|1756835236
|move|p1b: Pelipper|Protect|p1b: Pelipper
|-singleturn|p1b: Pelipper|Protect
|move|p2a: Rillaboom|Fake Out|p1b: Pelipper
|-activate|p1b: Pelipper|move: Protect
|move|p1a: Maushold|Taunt|p2b: Volcarona
|-start|p2b: Volcarona|move: Taunt
|cant|p2b: Volcarona|move: Taunt|Quiver Dance
|
|-weather|RainDance|[upkeep]
|upkeep
|turn|2
|
|t:|1756835252
|switch|p2b: Electabuzz|Electabuzz, L50, M|100/100
|move|p1a: Maushold|Super Fang|p2b: Electabuzz
|-damage|p2b: Electabuzz|51/100
|move|p2a: Rillaboom|Wood Hammer|p1a: Maushold
|-damage|p1a: Maushold|0 fnt
|faint|p1a: Maushold
|-damage|p2a: Rillaboom|71/100|[from] Recoil
|move|p1b: Pelipper|Hurricane|p2a: Rillaboom
|-supereffective|p2a: Rillaboom
|-damage|p2a: Rillaboom|0 fnt
|faint|p2a: Rillaboom
|
|-weather|RainDance|[upkeep]
|-heal|p2b: Electabuzz|57/100|[from] Grassy Terrain
|upkeep
|
|t:|1756835272
|switch|p1a: Rillaboom|Rillaboom, L50, F|100/100
|switch|p2a: Sneasler|Sneasler, L50, F|100/100
|turn|3
|
|t:|1756835315
|move|p2a: Sneasler|Fake Out|p1a: Rillaboom
|-damage|p1a: Rillaboom|85/100
|cant|p1a: Rillaboom|flinch
|move|p2b: Electabuzz|Taunt|p1b: Pelipper
|-start|p1b: Pelipper|move: Taunt
|cant|p1b: Pelipper|move: Taunt|Tailwind
|
|-weather|RainDance|[upkeep]
|-heal|p1a: Rillaboom|91/100|[from] Grassy Terrain
|-heal|p2b: Electabuzz|62/100|[from] Grassy Terrain
|upkeep
|turn|4
|
|t:|1756835327
|-terastallize|p2a: Sneasler|Stellar
|move|p2a: Sneasler|Dire Claw|p1a: Rillaboom
|-supereffective|p1a: Rillaboom
|-damage|p1a: Rillaboom|0 fnt
|faint|p1a: Rillaboom
|move|p2b: Electabuzz|Thunderbolt|p1b: Pelipper
|-supereffective|p1b: Pelipper
|-enditem|p1b: Pelipper|Focus Sash
|-damage|p1b: Pelipper|1/100
|move|p1b: Pelipper|Weather Ball|p2a: Sneasler
|-damage|p2a: Sneasler|13/100
|
|-weather|RainDance|[upkeep]
|-heal|p2a: Sneasler|19/100|[from] Grassy Terrain
|-heal|p2b: Electabuzz|68/100|[from] Grassy Terrain
|upkeep
|
|t:|1756835332
|switch|p1a: Archaludon|Archaludon, L50, M|100/100
|turn|5
|
|t:|1756835356
|-terastallize|p1a: Archaludon|Electric
|move|p2b: Electabuzz|Follow Me|p2b: Electabuzz
|-singleturn|p2b: Electabuzz|move: Follow Me
|move|p2a: Sneasler|Close Combat|p1a: Archaludon
|-damage|p1a: Archaludon|27/100
|-unboost|p2a: Sneasler|def|1
|-unboost|p2a: Sneasler|spd|1
|move|p1a: Archaludon|Electro Shot||[still]
|-prepare|p1a: Archaludon|Electro Shot
|-boost|p1a: Archaludon|spa|1
|-anim|p1a: Archaludon|Electro Shot|p2b: Electabuzz
|-resisted|p2b: Electabuzz
|-damage|p2b: Electabuzz|26/100
|move|p1b: Pelipper|Weather Ball|p2b: Electabuzz
|-damage|p2b: Electabuzz|0 fnt
|faint|p2b: Electabuzz
|
|-weather|none
|-heal|p2a: Sneasler|24/100|[from] Grassy Terrain
|-heal|p1a: Archaludon|33/100|[from] Grassy Terrain
|-end|p1b: Pelipper|move: Taunt
|-fieldend|move: Grassy Terrain
|upkeep
|
|t:|1756835374
|switch|p2b: Volcarona|Volcarona, L50, F|100/100
|turn|6
|
|t:|1756835381
|move|p1a: Archaludon|Protect|p1a: Archaludon
|-singleturn|p1a: Archaludon|Protect
|move|p2a: Sneasler|Close Combat|p1a: Archaludon
|-activate|p1a: Archaludon|move: Protect
|move|p2b: Volcarona|Tera Blast|p1b: Pelipper
|-damage|p1b: Pelipper|0 fnt
|faint|p1b: Pelipper
|
|upkeep
|turn|7
|-message|Caporosso74 forfeited.
|
|win|r4ka
|raw|Caporosso74's rating: 1086 → 1066(-20 for losing)
|raw|r4ka's rating: 1135 → 1156(+21 for winning)
|l|☆Caporosso74
|player|p1|
