|j|☆wodaiogien
|j|☆MessyBench
|html|wodaiogienMessyBench    
|uhtml|bestof|Game 2 of a best-of-3
|t:|1782234345
|gametype|doubles
|player|p1|wodaiogien|265|1050
|player|p2|MessyBench|101|1081
|gen|9
|tier|[Gen 9 Champions] VGC 2026 Reg M-B (Bo3)
|rated|
|rule|Species Clause: Limit one of each Pokémon
|rule|Item Clause: Limit 1 of each item
|clearpoke
|poke|p1|Ninetales-Alola, L50, F|
|poke|p1|Raichu, L50, F|
|poke|p1|Basculegion, L50, M|
|poke|p1|Incineroar, L50, M|
|poke|p1|Kingambit, L50, M|
|poke|p1|Farigiraf, L50, F|
|poke|p2|Gengar, L50, M|
|poke|p2|Kommo-o, L50, F|
|poke|p2|Ninetales-Alola, L50, F|
|poke|p2|Incineroar, L50, F|
|poke|p2|Whimsicott, L50, M|
|poke|p2|Raichu, L50, M|
|teampreview|4
|showteam|p1|Ninetales-Alola||FocusSash|SnowWarning|Blizzard,FreezeDry,Encore,Protect|Timid||F|||50|]Raichu||RaichuniteY|LightningRod|ZapCannon,FocusBlast,FakeOut,Protect|Timid||F|||50|]Basculegion||LifeOrb|Adaptability|WaveCrash,AquaJet,LastRespects,Protect|Adamant||M|||50|]Incineroar||ShucaBerry|Intimidate|FlareBlitz,PartingShot,FakeOut,Taunt|Careful||M|||50|]Kingambit||ChopleBerry|Defiant|KowtowCleave,SuckerPunch,IronHead,LowKick|Adamant||M|||50|]Farigiraf||SitrusBerry|ArmorTail|TwinBeam,TrickRoom,HelpingHand,Protect|Relaxed||F|||50|
|showteam|p2|Gengar||Gengarite|CursedBody|SludgeBomb,Protect,ShadowBall,Disable|Timid||M|||50|]Kommo-o||Leftovers|Soundproof|BulkUp,BodyPress,Protect,BreakingSwipe|Jolly||F|||50|]Ninetales-Alola||FocusSash|SnowWarning|Encore,Blizzard,FreezeDry,Protect|Timid||F|||50|]Incineroar||ShucaBerry|Intimidate|FakeOut,PartingShot,ThroatChop,FlareBlitz|Impish||F|||50|]Whimsicott||FairyFeather|Prankster|Tailwind,Moonblast,Encore,Protect|Bold||M|||50|]Raichu||RaichuniteY|LightningRod|Protect,ZapCannon,FocusBlast,GrassKnot|Timid||M|||50|
|inactive|Battle timer is ON: inactive players will automatically lose when time's up. (requested by wodaiogien)
|
|t:|1782234373
|teamsize|p1|4
|teamsize|p2|4
|start
|switch|p1a: Basculegion|Basculegion, L50, M|100/100
|switch|p1b: Incineroar|Incineroar, L50, M|100/100
|switch|p2a: Gengar|Gengar, L50, M|100/100
|switch|p2b: Incineroar|Incineroar, L50, F|100/100
|-ability|p2b: Incineroar|Intimidate|boost
|-unboost|p1a: Basculegion|atk|1
|-unboost|p1b: Incineroar|atk|1
|-ability|p1b: Incineroar|Intimidate|boost
|-unboost|p2a: Gengar|atk|1
|-unboost|p2b: Incineroar|atk|1
|turn|1
|
|t:|1782234397
|detailschange|p2a: Gengar|Gengar-Mega, L50, M
|-mega|p2a: Gengar|Gengar|Gengarite
|move|p2a: Gengar|Protect|p2a: Gengar
|-singleturn|p2a: Gengar|Protect
|move|p1a: Basculegion|Wave Crash|p2a: Gengar
|-activate|p2a: Gengar|move: Protect
|move|p2b: Incineroar|Parting Shot|p1b: Incineroar
|-unboost|p1b: Incineroar|atk|1
|-unboost|p1b: Incineroar|spa|1
|
|t:|1782234406
|switch|p2b: Kommo-o|Kommo-o, L50, F|100/100|[from] Parting Shot
|move|p1b: Incineroar|Taunt|p2a: Gengar
|-activate|p2a: Gengar|move: Protect
|
|upkeep
|turn|2
|
|t:|1782234431
|switch|p2a: Incineroar|Incineroar, L50, F|100/100
|-ability|p2a: Incineroar|Intimidate|boost
|-unboost|p1a: Basculegion|atk|1
|-unboost|p1b: Incineroar|atk|1
|move|p2b: Kommo-o|Bulk Up|p2b: Kommo-o
|-boost|p2b: Kommo-o|atk|1
|-boost|p2b: Kommo-o|def|1
|move|p1a: Basculegion|Last Respects|p2a: Incineroar
|-resisted|p2a: Incineroar|1
|-damage|p2a: Incineroar|90/100
|-damage|p1a: Basculegion|90/100|[from] item: Life Orb
|move|p1b: Incineroar|Parting Shot|p2b: Kommo-o
|-immune|p2b: Kommo-o|[from] ability: Soundproof
|
|upkeep
|turn|3
|inactive|wodaiogien has 30 seconds left.
|inactive|wodaiogien has 20 seconds left.
|inactive|wodaiogien has 15 seconds left.
|inactive|wodaiogien has 10 seconds left.
|inactive|wodaiogien has 5 seconds left.
|
|t:|1782234483
|switch|p1a: Raichu|Raichu, L50, F|100/100
|switch|p1b: Kingambit|Kingambit, L50, M|100/100
|move|p2b: Kommo-o|Breaking Swipe|p1b: Kingambit|[spread] p1a,p1b
|-resisted|p1b: Kingambit|1
|-damage|p1a: Raichu|62/100
|-damage|p1b: Kingambit|91/100
|-unboost|p1a: Raichu|atk|1
|-unboost|p1b: Kingambit|atk|1
|-ability|p1b: Kingambit|Defiant|boost
|-boost|p1b: Kingambit|atk|2
|move|p2a: Incineroar|Parting Shot|p1b: Kingambit
|-unboost|p1b: Kingambit|atk|1
|-ability|p1b: Kingambit|Defiant|boost
|-boost|p1b: Kingambit|atk|2
|-unboost|p1b: Kingambit|spa|1
|-ability|p1b: Kingambit|Defiant|boost
|-boost|p1b: Kingambit|atk|2
|inactive|MessyBench has 30 seconds left.
|
|t:|1782234511
|switch|p2a: Gengar|Gengar-Mega, L50, M|100/100|[from] Parting Shot
|
|upkeep
|turn|4
|inactive|wodaiogien has 30 seconds left.
|inactive|wodaiogien has 20 seconds left.
|
|t:|1782234547
|detailschange|p1a: Raichu|Raichu-Mega-Y, L50, F
|-mega|p1a: Raichu|Raichu|Raichunite Y
|move|p2a: Gengar|Protect|p2a: Gengar
|-singleturn|p2a: Gengar|Protect
|move|p1a: Raichu|Focus Blast|p2b: Kommo-o
|-damage|p2b: Kommo-o|60/100
|move|p2b: Kommo-o|Body Press|p1b: Kingambit
|-supereffective|p1b: Kingambit|2
|-enditem|p1b: Kingambit|Chople Berry|[eat]
|-enditem|p1b: Kingambit|Chople Berry|[weaken]
|-damage|p1b: Kingambit|25/100
|move|p1b: Kingambit|Kowtow Cleave|p2a: Gengar
|-activate|p2a: Gengar|move: Protect
|
|-heal|p2b: Kommo-o|67/100|[from] item: Leftovers
|upkeep
|turn|5
|inactive|wodaiogien has 30 seconds left.
|inactive|MessyBench has 30 seconds left.
|
|t:|1782234581
|move|p1b: Kingambit|Sucker Punch|p2b: Kommo-o
|-resisted|p2b: Kommo-o|1
|-damage|p2b: Kommo-o|34/100
|move|p2a: Gengar|Disable|p1a: Raichu
|-start|p1a: Raichu|Disable|Focus Blast
|move|p1a: Raichu|Zap Cannon|p2a: Gengar
|-damage|p2a: Gengar|21/100
|-status|p2a: Gengar|par
|move|p2b: Kommo-o|Body Press|p1b: Kingambit
|-supereffective|p1b: Kingambit|2
|-damage|p1b: Kingambit|0 fnt
|faint|p1b: Kingambit
|
|-heal|p2b: Kommo-o|40/100|[from] item: Leftovers
|upkeep
|
|t:|1782234598
|switch|p1b: Incineroar|Incineroar, L50, M|100/100
|-ability|p1b: Incineroar|Intimidate|boost
|-unboost|p2a: Gengar|atk|1
|-unboost|p2b: Kommo-o|atk|1
|turn|6
|
|t:|1782234613
|switch|p2a: Incineroar|Incineroar, L50, F|90/100
|-ability|p2a: Incineroar|Intimidate|boost
|-unboost|p1a: Raichu|atk|1
|-unboost|p1b: Incineroar|atk|1
|move|p1a: Raichu|Protect|p1a: Raichu
|-singleturn|p1a: Raichu|Protect
|move|p2b: Kommo-o|Protect|p2b: Kommo-o
|-singleturn|p2b: Kommo-o|Protect
|move|p1b: Incineroar|Flare Blitz|p2a: Incineroar
|-resisted|p2a: Incineroar|1
|-damage|p2a: Incineroar|77/100
|-damage|p1b: Incineroar|95/100|[from] Recoil
|
|-heal|p2b: Kommo-o|46/100|[from] item: Leftovers
|upkeep
|turn|7
|
|t:|1782234633
|move|p2a: Incineroar|Fake Out|p1a: Raichu
|-damage|p1a: Raichu|45/100
|cant|p1a: Raichu|flinch
|move|p2b: Kommo-o|Breaking Swipe|p1b: Incineroar|[spread] p1a,p1b
|-damage|p1a: Raichu|21/100
|-damage|p1b: Incineroar|80/100
|-unboost|p1a: Raichu|atk|1
|-unboost|p1b: Incineroar|atk|1
|move|p1b: Incineroar|Flare Blitz|p2b: Kommo-o
|-resisted|p2b: Kommo-o|1
|-damage|p2b: Kommo-o|40/100
|-damage|p1b: Incineroar|78/100|[from] Recoil
|
|-heal|p2b: Kommo-o|46/100|[from] item: Leftovers
|upkeep
|turn|8
|
|t:|1782234652
|move|p2b: Kommo-o|Protect|p2b: Kommo-o
|-singleturn|p2b: Kommo-o|Protect
|move|p1a: Raichu|Zap Cannon|p2b: Kommo-o
|-activate|p2b: Kommo-o|move: Protect
|move|p2a: Incineroar|Throat Chop|p1a: Raichu
|-damage|p1a: Raichu|0 fnt
|faint|p1a: Raichu
|move|p1b: Incineroar|Flare Blitz|p2b: Kommo-o
|-activate|p2b: Kommo-o|move: Protect
|
|-heal|p2b: Kommo-o|52/100|[from] item: Leftovers
|upkeep
|
|t:|1782234655
|switch|p1a: Basculegion|Basculegion, L50, M|90/100
|turn|9
|inactive|wodaiogien has 30 seconds left.
|
|t:|1782234686
|switch|p2a: Gengar|Gengar-Mega, L50, M|21/100 par
|move|p2b: Kommo-o|Breaking Swipe|p1a: Basculegion|[spread] p1a,p1b
|-damage|p1a: Basculegion|72/100
|-damage|p1b: Incineroar|64/100
|-unboost|p1a: Basculegion|atk|1
|-unboost|p1b: Incineroar|atk|1
|move|p1a: Basculegion|Wave Crash|p2a: Gengar
|-damage|p2a: Gengar|0 fnt
|faint|p2a: Gengar
|-damage|p1a: Basculegion|66/100|[from] Recoil
|-damage|p1a: Basculegion|57/100|[from] item: Life Orb
|move|p1b: Incineroar|Flare Blitz|p2b: Kommo-o
|-resisted|p2b: Kommo-o|1
|-damage|p2b: Kommo-o|47/100
|-damage|p1b: Incineroar|63/100|[from] Recoil
|
|-heal|p2b: Kommo-o|53/100|[from] item: Leftovers
|upkeep
|
|t:|1782234705
|switch|p2a: Incineroar|Incineroar, L50, F|77/100
|-ability|p2a: Incineroar|Intimidate|boost
|-unboost|p1a: Basculegion|atk|1
|-unboost|p1b: Incineroar|atk|1
|turn|10
|
|t:|1782234726
|move|p2a: Incineroar|Fake Out|p1b: Incineroar
|-crit|p1b: Incineroar
|-damage|p1b: Incineroar|50/100g
|move|p2b: Kommo-o|Bulk Up|p2b: Kommo-o
|-boost|p2b: Kommo-o|atk|1
|-boost|p2b: Kommo-o|def|1
|move|p1a: Basculegion|Last Respects|p2b: Kommo-o
|-damage|p2b: Kommo-o|24/100
|-damage|p1a: Basculegion|47/100|[from] item: Life Orb
|cant|p1b: Incineroar|flinch
|
|-heal|p2b: Kommo-o|30/100|[from] item: Leftovers
|upkeep
|turn|11
|
|t:|1782234747
|move|p1a: Basculegion|Protect|p1a: Basculegion
|-singleturn|p1a: Basculegion|Protect
|move|p2b: Kommo-o|Body Press|p1b: Incineroar
|-supereffective|p1b: Incineroar|1
|-damage|p1b: Incineroar|0 fnt
|faint|p1b: Incineroar
|move|p2a: Incineroar|Parting Shot|p1a: Basculegion
|-activate|p1a: Basculegion|move: Protect
|
|-heal|p2b: Kommo-o|36/100|[from] item: Leftovers
|upkeep
|turn|12
|
|t:|1782234754
|move|p2b: Kommo-o|Breaking Swipe|p1a: Basculegion
|-damage|p1a: Basculegion|5/100
|-unboost|p1a: Basculegion|atk|1
|move|p1a: Basculegion|Last Respects|p2b: Kommo-o
|-damage|p2b: Kommo-o|8/100
|-damage|p1a: Basculegion|0 fnt|[from] item: Life Orb
|faint|p1a: Basculegion
|
|win|MessyBench
