|j|☆washingtongargacha
|j|☆Atc13
|html|washingtongargachaAtc13    
|uhtml|bestof|Game 1 of a best-of-3
|t:|1756889002
|gametype|doubles
|player|p1|washingtongargacha|102|1099
|player|p2|Atc13|265|1000
|gen|9
|tier|[Gen 9] VGC 2025 Reg H (Bo3)
|rated|
|rule|Species Clause: Limit one of each Pokémon
|rule|Item Clause: Limit 1 of each item
|clearpoke
|poke|p1|Talonflame, L50, M|
|poke|p1|Gholdengo, L50|
|poke|p1|Dragonite, L50, F|
|poke|p1|Archaludon, L50, M|
|poke|p1|Tyranitar, L50, F|
|poke|p1|Garchomp, L50, F|
|poke|p2|Yanmega, L50, M|
|poke|p2|Sneasler, L50, F|
|poke|p2|Ninetales-Alola, L50, F|
|poke|p2|Electabuzz, L50, M|
|poke|p2|Baxcalibur, L50, M|
|poke|p2|Incineroar, L50, M|
|teampreview|4
|showteam|p1|Talonflame||CovertCloak|GaleWings|Tailwind,BraveBird,Taunt,WillOWisp|||M|||50|,,,,,Ghost]Gholdengo||ChoiceSpecs|GoodasGold|MakeItRain,SteelBeam,ShadowBall,PowerGem||||||50|,,,,,Steel]Dragonite||LoadedDice|Multiscale|ScaleShot,IceSpinner,Haze,Protect|||F|||50|,,,,,Steel]Archaludon||PowerHerb|Sturdy|FlashCannon,ElectroShot,DracoMeteor,Protect|||M|||50|,,,,,Flying]Tyranitar||AssaultVest|SandStream|KnockOff,RockSlide,TeraBlast,LowKick|||F|||50|,,,,,Flying]Garchomp||LifeOrb|RoughSkin|DragonClaw,StompingTantrum,Earthquake,Protect|||F|||50|,,,,,Steel
|showteam|p2|Yanmega||FocusSash|SpeedBoost|Tailwind,Protect,AirSlash,GigaDrain|||M|||50|,,,,,Grass]Sneasler||WhiteHerb|Unburden|Coaching,DireClaw,CloseCombat,Protect|||F|||50|,,,,,Dark]Ninetales-Alola||NeverMeltIce|SnowWarning|AuroraVeil,Encore,Blizzard,Protect|||F|||50|,,,,,Ghost]Electabuzz||Eviolite|VitalSpirit|Taunt,Electroweb,FollowMe,Leer|||M|||50|,,,,,Ghost]Baxcalibur||AssaultVest|ThermalExchange|GlaiveRush,IcicleCrash,HighHorsepower,IronHead|||M|||50|,,,,,Poison]Incineroar||SafetyGoggles|Intimidate|FakeOut,FlareBlitz,KnockOff,PartingShot|||M|||50|,,,,,Water
|
|t:|1756889068
|teamsize|p1|4
|teamsize|p2|4
|start
|switch|p1a: Talonflame|Talonflame, L50, M|100/100
|switch|p1b: Archaludon|Archaludon, L50, M|100/100
|switch|p2a: Yanmega|Yanmega, L50, M|100/100
|switch|p2b: Incineroar|Incineroar, L50, M, shiny|100/100
|-ability|p2b: Incineroar|Intimidate|boost
|-unboost|p1a: Talonflame|atk|1
|-unboost|p1b: Archaludon|atk|1
|turn|1
|
|t:|1756889098
|switch|p1b: Gholdengo|Gholdengo, L50|100/100
|move|p1a: Talonflame|Tailwind|p1a: Talonflame
|-sidestart|p1: washingtongargacha|move: Tailwind
|move|p2a: Yanmega|Tailwind|p2a: Yanmega
|-sidestart|p2: Atc13|move: Tailwind
|move|p2b: Incineroar|Knock Off|p1b: Gholdengo
|-supereffective|p1b: Gholdengo
|-damage|p1b: Gholdengo|8/100
|-enditem|p1b: Gholdengo|Choice Specs|[from] move: Knock Off|[of] p2b: Incineroar
|
|-ability|p2a: Yanmega|Speed Boost|boost
|-boost|p2a: Yanmega|spe|1
|upkeep
|turn|2
|
|t:|1756889127
|switch|p1b: Dragonite|Dragonite, L50, F|100/100
|move|p1a: Talonflame|Brave Bird|p2a: Yanmega
|-supereffective|p2a: Yanmega
|-damage|p2a: Yanmega|44/100
|-damage|p1a: Talonflame|84/100|[from] Recoil
|move|p2a: Yanmega|Air Slash|p1b: Dragonite
|-damage|p1b: Dragonite|80/100
|move|p2b: Incineroar|Parting Shot|p1a: Talonflame
|-unboost|p1a: Talonflame|atk|1
|-unboost|p1a: Talonflame|spa|1
|
|t:|1756889140
|switch|p2b: Ninetales|Ninetales-Alola, L50, F|100/100|[from] Parting Shot
|-weather|Snowscape|[from] ability: Snow Warning|[of] p2b: Ninetales
|
|-weather|Snowscape|[upkeep]
|-ability|p2a: Yanmega|Speed Boost|boost
|-boost|p2a: Yanmega|spe|1
|upkeep
|turn|3
|
|t:|1756889159
|switch|p1a: Archaludon|Archaludon, L50, M|100/100
|move|p2a: Yanmega|Protect|p2a: Yanmega
|-singleturn|p2a: Yanmega|Protect
|move|p2b: Ninetales|Aurora Veil|p2b: Ninetales
|-sidestart|p2: Atc13|move: Aurora Veil
|move|p1b: Dragonite|Ice Spinner|p2a: Yanmega
|-activate|p2a: Yanmega|move: Protect
|
|-weather|Snowscape|[upkeep]
|-ability|p2a: Yanmega|Speed Boost|boost
|-boost|p2a: Yanmega|spe|1
|upkeep
|turn|4
|
|t:|1756889186
|switch|p2a: Baxcalibur|Baxcalibur, L50, M|100/100
|-terastallize|p1a: Archaludon|Flying
|move|p2b: Ninetales|Blizzard|p1a: Archaludon|[spread] p1a,p1b
|-supereffective|p1a: Archaludon
|-supereffective|p1b: Dragonite
|-crit|p1b: Dragonite
|-ability|p1a: Archaludon|Sturdy
|-damage|p1a: Archaludon|1/100
|-damage|p1b: Dragonite|0 fnt
|faint|p1b: Dragonite
|move|p1a: Archaludon|Flash Cannon|p2b: Ninetales
|-supereffective|p2b: Ninetales
|-damage|p2b: Ninetales|0 fnt
|faint|p2b: Ninetales
|
|-weather|Snowscape|[upkeep]
|-sideend|p1: washingtongargacha|move: Tailwind
|-sideend|p2: Atc13|move: Tailwind
|upkeep
|
|t:|1756889206
|switch|p2b: Yanmega|Yanmega, L50, M|44/100
|switch|p1b: Talonflame|Talonflame, L50, M|84/100
|turn|5
|
|t:|1756889233
|move|p1b: Talonflame|Brave Bird|p2b: Yanmega
|-supereffective|p2b: Yanmega
|-damage|p2b: Yanmega|0 fnt
|faint|p2b: Yanmega
|-damage|p1b: Talonflame|71/100|[from] Recoil
|move|p1a: Archaludon|Flash Cannon|p2a: Baxcalibur
|-supereffective|p2a: Baxcalibur
|-damage|p2a: Baxcalibur|64/100
|move|p2a: Baxcalibur|Icicle Crash|p1a: Archaludon
|-supereffective|p1a: Archaludon
|-damage|p1a: Archaludon|0 fnt
|faint|p1a: Archaludon
|
|-weather|Snowscape|[upkeep]
|upkeep
|
|t:|1756889248
|switch|p2b: Incineroar|Incineroar, L50, M, shiny|100/100
|switch|p1a: Gholdengo|Gholdengo, L50|8/100
|-ability|p2b: Incineroar|Intimidate|boost
|-unboost|p1a: Gholdengo|atk|1
|-unboost|p1b: Talonflame|atk|1
|turn|6
|
|t:|1756889277
|move|p1b: Talonflame|Brave Bird|p2a: Baxcalibur
|-crit|p2a: Baxcalibur
|-damage|p2a: Baxcalibur|32/100
|-damage|p1b: Talonflame|58/100|[from] Recoil
|move|p1a: Gholdengo|Steel Beam|p2a: Baxcalibur
|-supereffective|p2a: Baxcalibur
|-damage|p2a: Baxcalibur|0 fnt
|-damage|p1a: Gholdengo|0 fnt|[from] steelbeam
|faint|p1a: Gholdengo
|faint|p2a: Baxcalibur
|move|p2b: Incineroar|Knock Off|p1b: Talonflame
|-damage|p1b: Talonflame|0 fnt
|-enditem|p1b: Talonflame|Covert Cloak|[from] move: Knock Off|[of] p2b: Incineroar
|faint|p1b: Talonflame
|
|win|Atc13
