|j|☆mil0battles
|j|☆Bob Ravioli
|html|mil0battlesBob Ravioli    
|uhtml|bestof|Game 2 of a best-of-3
|t:|1756601220
|gametype|doubles
|player|p1|mil0battles|pokemonranger-gen4|1168
|player|p2|Bob Ravioli|steven|1110
|gen|9
|tier|[Gen 9] VGC 2025 Reg H (Bo3)
|rated|
|rule|Species Clause: Limit one of each Pokémon
|rule|Item Clause: Limit 1 of each item
|clearpoke
|poke|p1|Incineroar, L50, M|
|poke|p1|Primarina, L50, M|
|poke|p1|Gholdengo, L50|
|poke|p1|Sneasler, L50, F|
|poke|p1|Kilowattrel, L50, M|
|poke|p1|Rillaboom, L50, F|
|poke|p2|Sneasler, L50, M|
|poke|p2|Indeedee, L50, M|
|poke|p2|Volcarona, L50, M|
|poke|p2|Ursaluna-Bloodmoon, L50, M|
|poke|p2|Annihilape, L50, F|
|poke|p2|Tyranitar, L50, M|
|teampreview|4
|showteam|p1|Incineroar||SafetyGoggles|Intimidate|FakeOut,KnockOff,PartingShot,FlareBlitz|||M|||50|,,,,,Ghost]Primarina||ThroatSpray|LiquidVoice|HyperVoice,Moonblast,Haze,Protect|||M|||50|,,,,,Poison]Gholdengo||LifeOrb|GoodasGold|NastyPlot,MakeItRain,ShadowBall,Protect||||||50|,,,,,Water]Sneasler||WhiteHerb|Unburden|DireClaw,CloseCombat,FakeOut,Protect|||F|||50|,,,,,Stellar]Kilowattrel||FocusSash|Competitive|AirSlash,Thunderbolt,Tailwind,Protect|||M|||50|,,,,,Ghost]Rillaboom||AssaultVest|GrassySurge|GrassyGlide,WoodHammer,FakeOut,Uturn|||F|||50|,,,,,Fire
|showteam|p2|Sneasler||PsychicSeed|Unburden|CloseCombat,DireClaw,ThroatChop,Protect|||M|||50|,,,,,Dark]Indeedee||ChoiceScarf|PsychicSurge|ExpandingForce,TeraBlast,Trick,Protect|||M|||50|,,,,,Psychic]Volcarona||SitrusBerry|FlameBody|Overheat,StruggleBug,RagePowder,Tailwind|||M|||50|,,,,,Grass]Ursaluna-Bloodmoon||LifeOrb|MindsEye|BloodMoon,HyperVoice,EarthPower,Protect|||M|||50|,,,,,Normal]Annihilape||SafetyGoggles|Defiant|CloseCombat,RageFist,Taunt,FinalGambit|||F|||50|,,,,,Fairy]Tyranitar||AssaultVest|SandStream|RockSlide,KnockOff,TeraBlast,LowKick|||M|||50|,,,,,Flying
|inactive|Battle timer is ON: inactive players will automatically lose when time's up. (requested by Bob Ravioli)
|
|t:|1756601239
|teamsize|p1|4
|teamsize|p2|4
|start
|switch|p1a: Kilowattrel|Kilowattrel, L50, M|100/100
|switch|p1b: Primarina|Primarina, L50, M|100/100
|switch|p2a: Volcarona|Volcarona, L50, M|100/100
|switch|p2b: Ursaluna|Ursaluna-Bloodmoon, L50, M|100/100
|turn|1
|inactive|Bob Ravioli has 30 seconds left.
|inactive|Bob Ravioli has 20 seconds left.
|inactive|Bob Ravioli has 15 seconds left.
|
|t:|1756601282
|-terastallize|p2b: Ursaluna|Normal
|move|p1a: Kilowattrel|Tailwind|p1a: Kilowattrel
|-sidestart|p1: mil0battles|move: Tailwind
|move|p1b: Primarina|Hyper Voice|p2b: Ursaluna|[spread] p2a,p2b
|-supereffective|p2a: Volcarona
|-damage|p2a: Volcarona|36/100
|-damage|p2b: Ursaluna|56/100
|-enditem|p2a: Volcarona|Sitrus Berry|[eat]
|-heal|p2a: Volcarona|61/100|[from] item: Sitrus Berry
|-enditem|p1b: Primarina|Throat Spray
|-boost|p1b: Primarina|spa|1|[from] item: Throat Spray
|move|p2a: Volcarona|Tailwind|p2a: Volcarona
|-sidestart|p2: Bob Ravioli|move: Tailwind
|move|p2b: Ursaluna|Hyper Voice|p1a: Kilowattrel|[spread] p1a,p1b
|-enditem|p1a: Kilowattrel|Focus Sash
|-damage|p1a: Kilowattrel|1/100
|-damage|p1b: Primarina|43/100
|-damage|p2b: Ursaluna|46/100|[from] item: Life Orb
|
|upkeep
|turn|2
|inactive|Bob Ravioli has 30 seconds left.
|inactive|Bob Ravioli has 20 seconds left.
|inactive|Bob Ravioli has 15 seconds left.
|inactive|Bob Ravioli has 10 seconds left.
|inactive|Bob Ravioli has 5 seconds left.
|
|t:|1756601334
|move|p1a: Kilowattrel|Air Slash|p2b: Ursaluna
|-damage|p2b: Ursaluna|3/100
|move|p2a: Volcarona|Struggle Bug|p1a: Kilowattrel|[spread] p1a,p1b
|-resisted|p1a: Kilowattrel
|-resisted|p1b: Primarina
|-damage|p1a: Kilowattrel|0 fnt
|-damage|p1b: Primarina|36/100
|-unboost|p1b: Primarina|spa|1
|faint|p1a: Kilowattrel
|move|p2b: Ursaluna|Hyper Voice|p1b: Primarina
|-damage|p1b: Primarina|0 fnt
|faint|p1b: Primarina
|-damage|p2b: Ursaluna|0 fnt|[from] item: Life Orb
|faint|p2b: Ursaluna
|
|upkeep
|
|t:|1756601347
|switch|p1a: Gholdengo|Gholdengo, L50|100/100
|switch|p2b: Sneasler|Sneasler, L50, M|100/100
|switch|p1b: Incineroar|Incineroar, L50, M|100/100
|-ability|p1b: Incineroar|Intimidate|boost
|-unboost|p2a: Volcarona|atk|1
|-unboost|p2b: Sneasler|atk|1
|turn|3
|inactive|Bob Ravioli has 30 seconds left.
|inactive|mil0battles has 30 seconds left.
|inactive|Bob Ravioli has 20 seconds left.
|inactive|Bob Ravioli has 15 seconds left.
|inactive|Bob Ravioli has 10 seconds left.
|
|t:|1756601395
|switch|p2a: Indeedee|Indeedee, L50, M|100/100
|-fieldstart|move: Psychic Terrain|[from] ability: Psychic Surge|[of] p2a: Indeedee
|-enditem|p2b: Sneasler|Psychic Seed
|-boost|p2b: Sneasler|spd|1|[from] item: Psychic Seed
|-terastallize|p1a: Gholdengo|Water
|move|p2b: Sneasler|Dire Claw|p1a: Gholdengo
|-damage|p1a: Gholdengo|69/100
|move|p1a: Gholdengo|Make It Rain|p2a: Indeedee|[spread] p2a,p2b
|-damage|p2a: Indeedee|20/100
|-damage|p2b: Sneasler|48/100
|-unboost|p1a: Gholdengo|spa|1
|-damage|p1a: Gholdengo|59/100|[from] item: Life Orb
|move|p1b: Incineroar|Knock Off|p2a: Indeedee
|-supereffective|p2a: Indeedee
|-damage|p2a: Indeedee|0 fnt
|-enditem|p2a: Indeedee|Choice Scarf|[from] move: Knock Off|[of] p1b: Incineroar
|faint|p2a: Indeedee
|
|upkeep
|
|t:|1756601411
|switch|p2a: Volcarona|Volcarona, L50, M|61/100
|turn|4
|inactive|Bob Ravioli has 30 seconds left.
|inactive|Bob Ravioli has 20 seconds left.
|
|t:|1756601449
|move|p2b: Sneasler|Close Combat|p1b: Incineroar
|-supereffective|p1b: Incineroar
|-damage|p1b: Incineroar|11/100
|-unboost|p2b: Sneasler|def|1
|-unboost|p2b: Sneasler|spd|1
|move|p2a: Volcarona|Overheat|p1b: Incineroar
|-resisted|p1b: Incineroar
|-damage|p1b: Incineroar|0 fnt
|-unboost|p2a: Volcarona|spa|2
|faint|p1b: Incineroar
|move|p1a: Gholdengo|Shadow Ball|p2b: Sneasler
|-damage|p2b: Sneasler|5/100
|-damage|p1a: Gholdengo|50/100|[from] item: Life Orb
|
|-sideend|p2: Bob Ravioli|move: Tailwind
|-sideend|p1: mil0battles|move: Tailwind
|upkeep
|turn|5
|-message|mil0battles forfeited.
|
|win|Bob Ravioli
|raw|mil0battles's rating: 1168 → 1139(-29 for losing)
|raw|Bob Ravioli's rating: 1110 → 1139(+29 for winning)
|l|☆mil0battles
|player|p1|
|j|☆mil0battles
|player|p1|mil0battles|pokemonranger-gen4|
