|j|☆Gen4lover2
|j|☆wingblade33
|html|Gen4lover2wingblade33    
|uhtml|bestof|Game 3 of a best-of-3
|t:|1786023729
|gametype|doubles
|player|p1|Gen4lover2|wallace|1333
|player|p2|wingblade33|2|1288
|gen|9
|tier|[Gen 9 Champions] VGC 2026 Reg M-B (Bo3)
|rated|
|rule|Species Clause: Limit one of each Pokémon
|rule|Item Clause: Limit 1 of each item
|clearpoke
|poke|p1|Tyranitar, L50, M|
|poke|p1|Excadrill, L50, F|
|poke|p1|Staraptor, L50, F|
|poke|p1|Milotic, L50, F, shiny|
|poke|p1|Gholdengo, L50|
|poke|p1|Sinistcha-Masterpiece, L50|
|poke|p2|Tyranitar, L50, F|
|poke|p2|Milotic, L50, M|
|poke|p2|Farigiraf, L50, F|
|poke|p2|Gholdengo, L50|
|poke|p2|Excadrill, L50, F|
|poke|p2|Staraptor, L50, M|
|teampreview|4
|showteam|p1|Tyranitar||Tyranitarite|SandStream|RockSlide,KnockOff,LowKick,Protect|Adamant||M|||50|]Excadrill||FocusSash|SandRush|HighHorsepower,IronHead,RockSlide,Protect|Adamant||F|||50|]Staraptor||Staraptite|Intimidate|BraveBird,CloseCombat,Tailwind,Protect|Jolly||F|||50|]Milotic||SitrusBerry|Competitive|Scald,IceBeam,Recover,Protect|Modest||F|||50|]Gholdengo||LifeOrb|GoodasGold|MakeItRain,ShadowBall,NastyPlot,Protect|Modest|||||50|]Sinistcha-Masterpiece||ColburBerry|Hospitality|MatchaGotcha,RagePowder,TrickRoom,Protect|Relaxed|||||50|
|showteam|p2|Tyranitar||Tyranitarite|SandStream|KnockOff,DragonDance,RockSlide,Protect|Adamant||F|||50|]Milotic||Leftovers|Competitive|IcyWind,Scald,Haze,Protect|Calm||M|||50|]Farigiraf||SitrusBerry|ArmorTail|Psychic,TrickRoom,Roar,Thunderbolt|Modest||F|||50|]Gholdengo||LifeOrb|GoodasGold|MakeItRain,ShadowBall,NastyPlot,Protect|Modest|||||50|]Excadrill||FocusSash|SandRush|HighHorsepower,IronHead,RockSlide,Protect|Adamant||F|||50|]Staraptor||Staraptite|Intimidate|CloseCombat,BraveBird,Tailwind,Protect|Jolly||M|||50|
|inactive|Battle timer is ON: inactive players will automatically lose when time's up. (requested by Gen4lover2)
|
|t:|1786023753
|teamsize|p1|4
|teamsize|p2|4
|start
|switch|p1a: Milotic|Milotic, L50, F, shiny|100/100
|switch|p1b: Tyranitar|Tyranitar, L50, M|100/100
|switch|p2a: Staraptor|Staraptor, L50, M|100/100
|switch|p2b: Milotic|Milotic, L50, M|100/100
|-ability|p2a: Staraptor|Intimidate|boost
|-unboost|p1a: Milotic|atk|1
|-ability|p1a: Milotic|Competitive|boost
|-boost|p1a: Milotic|spa|2
|-unboost|p1b: Tyranitar|atk|1
|-weather|Sandstorm|[from] ability: Sand Stream|[of] p1b: Tyranitar
|turn|1
|inactive|wingblade33 has 30 seconds left.
|inactive|Gen4lover2 has 30 seconds left.
|inactive|wingblade33 has 20 seconds left.
|inactive|wingblade33 has 15 seconds left.
|inactive|wingblade33 has 10 seconds left.
|
|t:|1786023800
|switch|p1b: Sinistcha|Sinistcha-Masterpiece, L50|100/100
|detailschange|p2a: Staraptor|Staraptor-Mega, L50, M
|-mega|p2a: Staraptor|Staraptor|Staraptite
|move|p2a: Staraptor|Close Combat|p1a: Milotic
|-damage|p1a: Milotic|31/100
|-boost|p2a: Staraptor|def|1
|-boost|p2a: Staraptor|spd|1
|-enditem|p1a: Milotic|Sitrus Berry|[eat]
|-heal|p1a: Milotic|55/100|[from] item: Sitrus Berry
|move|p2b: Milotic|Scald|p1a: Milotic
|-resisted|p1a: Milotic|1
|-crit|p1a: Milotic
|-damage|p1a: Milotic|40/100
|-status|p1a: Milotic|brn
|move|p1a: Milotic|Scald|p2a: Staraptor
|-damage|p2a: Staraptor|51/100
|
|-weather|Sandstorm|[upkeep]
|-damage|p2a: Staraptor|45/100|[from] Sandstorm
|-damage|p2b: Milotic|93/100|[from] Sandstorm
|-damage|p1a: Milotic|34/100 brn|[from] Sandstorm
|-damage|p1b: Sinistcha|93/100|[from] Sandstorm
|-heal|p2b: Milotic|100/100|[from] item: Leftovers
|-damage|p1a: Milotic|28/100 brn|[from] brn
|upkeep
|turn|2
|inactive|Gen4lover2 has 30 seconds left.
|inactive|wingblade33 has 30 seconds left.
|inactive|wingblade33 has 20 seconds left.
|
|t:|1786023836
|switch|p2b: Tyranitar|Tyranitar, L50, F|100/100
|switch|p1a: Gholdengo|Gholdengo, L50|100/100
|move|p2a: Staraptor|Close Combat|p1a: Gholdengo
|-immune|p1a: Gholdengo
|move|p1b: Sinistcha|Trick Room|p1b: Sinistcha
|-fieldstart|move: Trick Room|[of] p1b: Sinistcha
|
|-weather|Sandstorm|[upkeep]
|-damage|p1b: Sinistcha|87/100|[from] Sandstorm
|-damage|p2a: Staraptor|38/100|[from] Sandstorm
|upkeep
|turn|3
|
|t:|1786023858
|move|p1b: Sinistcha|Matcha Gotcha|p2a: Staraptor|[spread] p2a,p2b
|-resisted|p2a: Staraptor|1
|-supereffective|p2b: Tyranitar|1
|-damage|p2a: Staraptor|29/100
|-heal|p1b: Sinistcha|92/100|[from] drain|[of] p2a: Staraptor
|-damage|p2b: Tyranitar|71/100
|-heal|p1b: Sinistcha|100/100|[from] drain|[of] p2b: Tyranitar
|move|p2b: Tyranitar|Knock Off|p1a: Gholdengo
|-supereffective|p1a: Gholdengo|1
|-damage|p1a: Gholdengo|0 fnt
|-enditem|p1a: Gholdengo|Life Orb|[from] move: Knock Off|[of] p2b: Tyranitar
|faint|p1a: Gholdengo
|move|p2a: Staraptor|Brave Bird|p1b: Sinistcha
|-supereffective|p1b: Sinistcha|1
|-damage|p1b: Sinistcha|0 fnt
|faint|p1b: Sinistcha
|-damage|p2a: Staraptor|0 fnt|[from] Recoil
|faint|p2a: Staraptor
|
|-weather|Sandstorm|[upkeep]
|upkeep
|
|t:|1786023876
|switch|p1b: Milotic|Milotic, L50, F, shiny|28/100 brn
|switch|p1a: Tyranitar|Tyranitar, L50, M|100/100
|switch|p2a: Milotic|Milotic, L50, M|100/100
|turn|4
|
|t:|1786023901
|detailschange|p1a: Tyranitar|Tyranitar-Mega, L50, M
|-mega|p1a: Tyranitar|Tyranitar|Tyranitarite
|move|p2b: Tyranitar|Protect|p2b: Tyranitar
|-singleturn|p2b: Tyranitar|Protect
|move|p1b: Milotic|Recover|p1b: Milotic
|-heal|p1b: Milotic|78/100 brn
|move|p2a: Milotic|Scald|p1a: Tyranitar
|-supereffective|p1a: Tyranitar|1
|-damage|p1a: Tyranitar|68/100
|move|p1a: Tyranitar|Knock Off|p2a: Milotic
|-damage|p2a: Milotic|44/100
|-enditem|p2a: Milotic|Leftovers|[from] move: Knock Off|[of] p1a: Tyranitar
|
|-weather|Sandstorm|[upkeep]
|-damage|p1b: Milotic|72/100 brn|[from] Sandstorm
|-damage|p2a: Milotic|37/100|[from] Sandstorm
|-damage|p1b: Milotic|66/100 brn|[from] brn
|upkeep
|turn|5
|
|t:|1786023924
|move|p2b: Tyranitar|Rock Slide|p1a: Tyranitar|[spread] p1a,p1b
|-damage|p1a: Tyranitar|47/100
|-damage|p1b: Milotic|40/100 brn
|move|p1b: Milotic|Scald|p2a: Milotic
|-resisted|p2a: Milotic|1
|-damage|p2a: Milotic|26/100
|move|p2a: Milotic|Scald|p1a: Tyranitar
|-supereffective|p1a: Tyranitar|1
|-damage|p1a: Tyranitar|13/100
|cant|p1a: Tyranitar|flinch
|
|-weather|none
|-damage|p1b: Milotic|34/100 brn|[from] brn
|upkeep
|turn|6
|-message|Gen4lover2 forfeited.
|
|win|wingblade33
|raw|Gen4lover2's rating: 1333 → 1310(-23 for losing)
|raw|wingblade33's rating: 1288 → 1316(+28 for winning)
|l|☆Gen4lover2
|player|p1|
