|j|☆RaikuDraco
|j|☆catnip enthusiast
|html|RaikuDracocatnip enthusiast    
|uhtml|bestof|Game 2 of a best-of-3
|t:|1757113265
|gametype|doubles
|player|p1|RaikuDraco|drake-gen3|1215
|player|p2|catnip enthusiast|bianca|1209
|gen|9
|tier|[Gen 9] VGC 2025 Reg H (Bo3)
|rated|
|rule|Species Clause: Limit one of each Pokémon
|rule|Item Clause: Limit 1 of each item
|clearpoke
|poke|p1|Archaludon, L50, F|
|poke|p1|Sinistcha-Masterpiece, L50|
|poke|p1|Dragonite, L50, M|
|poke|p1|Pelipper, L50, M|
|poke|p1|Ursaluna, L50, M|
|poke|p1|Gholdengo, L50|
|poke|p2|Ursaluna, L50, F|
|poke|p2|Gholdengo, L50|
|poke|p2|Incineroar, L50, F|
|poke|p2|Porygon2, L50|
|poke|p2|Kilowattrel, L50, F|
|poke|p2|Amoonguss, L50, M|
|teampreview|4
|showteam|p1|Archaludon||AssaultVest|Stamina|BodyPress,Snarl,ElectroShot,FlashCannon|||F|||50|,,,,,Fighting]Sinistcha-Masterpiece||SitrusBerry|Hospitality|MatchaGotcha,RagePowder,TrickRoom,LifeDew||||||50|,,,,,Dark]Dragonite||LoadedDice|Multiscale|ScaleShot,Protect,Tailwind,Haze|||M|||50|,,,,,Steel]Pelipper||FocusSash|Drizzle|WeatherBall,Hurricane,Tailwind,Protect|||M|||50|,,,,,Ground]Ursaluna||FlameOrb|Guts|Facade,HeadlongRush,Earthquake,Protect|||M|||50|,,,,,Ghost]Gholdengo||ChoiceScarf|GoodasGold|MakeItRain,TeraBlast,ShadowBall,Trick||||||50|,,,,,Water
|showteam|p2|Ursaluna||FlameOrb|Guts|Facade,HeadlongRush,Protect,Earthquake|||F|||50|,,,,,Fairy]Gholdengo||LifeOrb|GoodasGold|MakeItRain,ShadowBall,NastyPlot,Protect||||||50|,,,,,Dragon]Incineroar||AssaultVest|Intimidate|FakeOut,FlareBlitz,KnockOff,Uturn|||F|||50|,,,,,Grass]Porygon2||Eviolite|Download|TeraBlast,IceBeam,TrickRoom,Recover||||||50|,,,,,Fighting]Kilowattrel||FocusSash|Competitive|Thunderbolt,AirSlash,Tailwind,Protect|||F|||50|,,,,,Ghost]Amoonguss||SitrusBerry|Regenerator|Spore,RagePowder,PollenPuff,Protect|||M|||50|,,,,,Water
|inactive|Battle timer is ON: inactive players will automatically lose when time's up. (requested by RaikuDraco)
|inactive|RaikuDraco has 60 seconds left.
|inactive|catnip enthusiast has 60 seconds left.
|inactive|RaikuDraco has 30 seconds left.
|inactive|catnip enthusiast has 30 seconds left.
|
|t:|1757113331
|teamsize|p1|4
|teamsize|p2|4
|start
|switch|p1a: Archaludon|Archaludon, L50, F|100/100
|switch|p1b: Dragonite|Dragonite, L50, M|100/100
|switch|p2a: Wattrina|Kilowattrel, L50, F|100/100
|switch|p2b: Doughboy|Gholdengo, L50|100/100
|turn|1
|inactive|RaikuDraco has 30 seconds left.
|
|t:|1757113362
|move|p2a: Wattrina|Thunderbolt|p1b: Dragonite
|-damage|p1b: Dragonite|79/100
|move|p2b: Doughboy|Shadow Ball|p1b: Dragonite
|-damage|p1b: Dragonite|21/100
|-damage|p2b: Doughboy|91/100|[from] item: Life Orb
|move|p1b: Dragonite|Tailwind|p1b: Dragonite
|-sidestart|p1: RaikuDraco|move: Tailwind
|move|p1a: Archaludon|Snarl|p2a: Wattrina|[spread] p2a,p2b
|-supereffective|p2b: Doughboy
|-damage|p2a: Wattrina|78/100
|-damage|p2b: Doughboy|64/100
|-unboost|p2a: Wattrina|spa|1
|-ability|p2a: Wattrina|Competitive|boost
|-boost|p2a: Wattrina|spa|2
|-unboost|p2b: Doughboy|spa|1
|
|upkeep
|turn|2
|inactive|RaikuDraco has 30 seconds left.
|inactive|catnip enthusiast has 30 seconds left.
|inactive|catnip enthusiast has 20 seconds left.
|inactive|catnip enthusiast has 15 seconds left.
|
|t:|1757113404
|move|p2b: Doughboy|Protect|p2b: Doughboy
|-singleturn|p2b: Doughboy|Protect
|move|p1b: Dragonite|Scale Shot|p2a: Wattrina
|-damage|p2a: Wattrina|49/100
|-damage|p2a: Wattrina|22/100
|-damage|p2a: Wattrina|0 fnt
|faint|p2a: Wattrina
|-hitcount|p2: Wattrina|3
|-unboost|p1b: Dragonite|def|1
|-boost|p1b: Dragonite|spe|1
|move|p1a: Archaludon|Snarl|p2b: Doughboy
|-activate|p2b: Doughboy|move: Protect
|
|upkeep
|
|t:|1757113410
|switch|p2a: JPEGMAFIA|Porygon2, L50|100/100
|-ability|p2a: JPEGMAFIA|Download|boost
|-boost|p2a: JPEGMAFIA|spa|1
|turn|3
|inactive|RaikuDraco has 30 seconds left.
|inactive|RaikuDraco has 20 seconds left.
|
|t:|1757113448
|move|p1b: Dragonite|Scale Shot|p2a: JPEGMAFIA
|-damage|p2a: JPEGMAFIA|92/100
|-damage|p2a: JPEGMAFIA|84/100
|-damage|p2a: JPEGMAFIA|74/100
|-damage|p2a: JPEGMAFIA|66/100
|-hitcount|p2a: JPEGMAFIA|4
|-unboost|p1b: Dragonite|def|1
|-boost|p1b: Dragonite|spe|1
|move|p1a: Archaludon|Snarl|p2b: Doughboy|[spread] p2a,p2b
|-supereffective|p2b: Doughboy
|-damage|p2a: JPEGMAFIA|58/100
|-damage|p2b: Doughboy|36/100
|-unboost|p2a: JPEGMAFIA|spa|1
|-unboost|p2b: Doughboy|spa|1
|move|p2b: Doughboy|Make It Rain|p1b: Dragonite|[spread] p1a,p1b
|-resisted|p1a: Archaludon
|-damage|p1a: Archaludon|91/100
|-damage|p1b: Dragonite|0 fnt
|-unboost|p2b: Doughboy|spa|1
|-ability|p1a: Archaludon|Stamina|boost
|-boost|p1a: Archaludon|def|1
|faint|p1b: Dragonite
|-damage|p2b: Doughboy|27/100|[from] item: Life Orb
|move|p2a: JPEGMAFIA|Trick Room|p2a: JPEGMAFIA
|-fieldstart|move: Trick Room|[of] p2a: JPEGMAFIA
|
|upkeep
|inactive|RaikuDraco has 30 seconds left.
|inactive|RaikuDraco has 20 seconds left.
|inactive|RaikuDraco has 15 seconds left.
|inactive|RaikuDraco has 10 seconds left.
|
|t:|1757113494
|switch|p1b: Pelipper|Pelipper, L50, M|100/100
|-weather|RainDance|[from] ability: Drizzle|[of] p1b: Pelipper
|turn|4
|inactive|RaikuDraco has 30 seconds left.
|inactive|catnip enthusiast has 30 seconds left.
|inactive|catnip enthusiast has 20 seconds left.
|
|t:|1757113535
|switch|p2b: Peach Cobbler|Ursaluna, L50, F, shiny|100/100
|-terastallize|p1a: Archaludon|Fighting
|move|p2a: JPEGMAFIA|Recover|p2a: JPEGMAFIA
|-heal|p2a: JPEGMAFIA|100/100
|move|p1a: Archaludon|Electro Shot||[still]
|-prepare|p1a: Archaludon|Electro Shot
|-boost|p1a: Archaludon|spa|1
|-anim|p1a: Archaludon|Electro Shot|p2a: JPEGMAFIA
|-damage|p2a: JPEGMAFIA|68/100
|move|p1b: Pelipper|Weather Ball|p2a: JPEGMAFIA
|-damage|p2a: JPEGMAFIA|28/100
|
|-weather|RainDance|[upkeep]
|-sideend|p1: RaikuDraco|move: Tailwind
|-status|p2b: Peach Cobbler|brn|[from] item: Flame Orb
|upkeep
|turn|5
|inactive|RaikuDraco has 30 seconds left.
|inactive|catnip enthusiast has 30 seconds left.
|inactive|RaikuDraco has 20 seconds left.
|inactive|RaikuDraco has 15 seconds left.
|inactive|RaikuDraco has 10 seconds left.
|
|t:|1757113581
|-terastallize|p2b: Peach Cobbler|Fairy
|move|p2a: JPEGMAFIA|Tera Blast|p1a: Archaludon
|-damage|p1a: Archaludon|69/100
|-ability|p1a: Archaludon|Stamina|boost
|-boost|p1a: Archaludon|def|1
|move|p2b: Peach Cobbler|Facade|p1a: Archaludon
|-damage|p1a: Archaludon|29/100
|-ability|p1a: Archaludon|Stamina|boost
|-boost|p1a: Archaludon|def|1
|move|p1a: Archaludon|Flash Cannon|p2b: Peach Cobbler
|-supereffective|p2b: Peach Cobbler
|-damage|p2b: Peach Cobbler|19/100 brn
|move|p1b: Pelipper|Weather Ball|p2b: Peach Cobbler
|-crit|p2b: Peach Cobbler
|-damage|p2b: Peach Cobbler|0 fnt
|faint|p2b: Peach Cobbler
|
|-weather|RainDance|[upkeep]
|upkeep
|
|t:|1757113593
|switch|p2b: Doughboy|Gholdengo, L50|27/100
|turn|6
|
|t:|1757113614
|switch|p1b: Sinistcha|Sinistcha-Masterpiece, L50|100/100
|-heal|p1a: Archaludon|54/100|[from] ability: Hospitality|[of] p1b: Sinistcha
|move|p2b: Doughboy|Protect|p2b: Doughboy
|-singleturn|p2b: Doughboy|Protect
|move|p2a: JPEGMAFIA|Tera Blast|p1a: Archaludon
|-damage|p1a: Archaludon|28/100
|-ability|p1a: Archaludon|Stamina|boost
|-boost|p1a: Archaludon|def|1
|move|p1a: Archaludon|Snarl|p2b: Doughboy|[spread] p2a
|-activate|p2b: Doughboy|move: Protect
|-damage|p2a: JPEGMAFIA|17/100
|-unboost|p2a: JPEGMAFIA|spa|1
|
|-weather|RainDance|[upkeep]
|upkeep
|turn|7
|inactive|RaikuDraco has 30 seconds left.
|inactive|catnip enthusiast has 30 seconds left.
|
|t:|1757113646
|move|p2a: JPEGMAFIA|Recover|p2a: JPEGMAFIA
|-heal|p2a: JPEGMAFIA|67/100
|move|p1b: Sinistcha|Life Dew||[still]|[spread] p1a,p1b
|-heal|p1a: Archaludon|53/100
|-fail|p1b: Sinistcha|heal
|move|p1a: Archaludon|Snarl|p2b: Doughboy|[spread] p2a,p2b
|-supereffective|p2b: Doughboy
|-damage|p2a: JPEGMAFIA|57/100
|-damage|p2b: Doughboy|0 fnt
|-unboost|p2a: JPEGMAFIA|spa|1
|faint|p2b: Doughboy
|
|-weather|RainDance|[upkeep]
|-fieldend|move: Trick Room
|upkeep
|turn|8
|-message|catnip enthusiast forfeited.
|
|win|RaikuDraco
|l|☆catnip enthusiast
|player|p2|
||catnip enthusiast is ready for game 3.
|inactive|RaikuDraco has 30 seconds to confirm battle start!
||RaikuDraco is ready for game 3.
|uhtml|next|Next: Game 3 of 3
