|j|☆Dre18
|j|☆Mamiti waos
|html|Dre18Mamiti waos    
|uhtml|bestof|Game 2 of a best-of-3
|t:|1756209876
|gametype|doubles
|player|p1|Dre18|lucas|1030
|player|p2|Mamiti waos|265|1134
|gen|9
|tier|[Gen 9] VGC 2025 Reg H (Bo3)
|rated|
|rule|Species Clause: Limit one of each Pokémon
|rule|Item Clause: Limit 1 of each item
|clearpoke
|poke|p1|Volcarona, L50, M|
|poke|p1|Rillaboom, L50, F|
|poke|p1|Annihilape, L50, F|
|poke|p1|Ninetales-Alola, L50, M|
|poke|p1|Electabuzz, L50, F|
|poke|p1|Gyarados, L50, M|
|poke|p2|Stonjourner, L50, M|
|poke|p2|Dragonite, L50, F|
|poke|p2|Kingambit, L50, F|
|poke|p2|Rillaboom, L50, M|
|poke|p2|Kommo-o, L50, M|
|poke|p2|Electabuzz, L50, F|
|teampreview|4
|showteam|p1|Volcarona||CovertCloak|FlameBody|HeatWave,TeraBlast,QuiverDance,Protect|||M|||50|,,,,,Fairy]Rillaboom||AssaultVest|GrassySurge|FakeOut,GrassyGlide,Uturn,WoodHammer|||F|||50|,,,,,Fire]Annihilape||SafetyGoggles|Defiant|RageFist,DrainPunch,BulkUp,Protect|||F|||50|,,,,,Water]Ninetales-Alola||LightClay|SnowWarning|Blizzard,IcicleSpear,AuroraVeil,Encore|||M|||50|,,,,,Ghost]Electabuzz||Eviolite|VitalSpirit|Electroweb,FollowMe,Taunt,Protect|||F|||50|,,,,,Ghost]Gyarados||RockyHelmet|Intimidate|Waterfall,IronHead,ThunderWave,Protect|||M|||50|,,,,,Steel
|showteam|p2|Stonjourner||FocusSash|PowerSpot|RockSlide,StompingTantrum,WideGuard,Protect|||M|||50|,,,,,Ghost]Dragonite||ChoiceBand|InnerFocus|ExtremeSpeed,Outrage,StompingTantrum,IceSpinner|||F|||50|,,,,,Normal]Kingambit||BlackGlasses|Defiant|Assurance,SuckerPunch,SwordsDance,Protect|||F|||50|,,,,,Dark]Rillaboom||AssaultVest|GrassySurge|GrassyGlide,WoodHammer,FakeOut,Uturn|||M|||50|,,,,,Fire]Kommo-o||ThroatSpray|Soundproof|ClangingScales,AuraSphere,ClangorousSoul,Protect|||M|||50|,,,,,Steel]Electabuzz||Eviolite|VitalSpirit|Electroweb,Taunt,FollowMe,Protect|||F|||50|,,,,,Ghost
|inactive|Battle timer is ON: inactive players will automatically lose when time's up. (requested by Dre18)
|inactive|Mamiti waos has 60 seconds left.
|
|t:|1756209913
|teamsize|p1|4
|teamsize|p2|4
|start
|switch|p1a: Volcarona|Volcarona, L50, M|100/100
|switch|p1b: Ninetales|Ninetales-Alola, L50, M|100/100
|switch|p2a: Electabuzz|Electabuzz, L50, F|100/100
|switch|p2b: Kingambit|Kingambit, L50, F|100/100
|-weather|Snowscape|[from] ability: Snow Warning|[of] p1b: Ninetales
|turn|1
|
|t:|1756209928
|move|p1b: Ninetales|Aurora Veil|p1b: Ninetales
|-sidestart|p1: Dre18|move: Aurora Veil
|move|p1a: Volcarona|Heat Wave|p2a: Electabuzz|[spread] p2a,p2b
|-supereffective|p2b: Kingambit
|-damage|p2a: Electabuzz|74/100
|-damage|p2b: Kingambit|27/100
|move|p2a: Electabuzz|Taunt|p1a: Volcarona
|-start|p1a: Volcarona|move: Taunt
|move|p2b: Kingambit|Swords Dance|p2b: Kingambit
|-boost|p2b: Kingambit|atk|2
|
|-weather|Snowscape|[upkeep]
|upkeep
|turn|2
|
|t:|1756209943
|move|p2a: Electabuzz|Follow Me|p2a: Electabuzz
|-singleturn|p2a: Electabuzz|move: Follow Me
|move|p2b: Kingambit|Sucker Punch|p1a: Volcarona
|-damage|p1a: Volcarona|6/100
|move|p1b: Ninetales|Encore|p2a: Electabuzz
|-start|p2a: Electabuzz|Encore
|move|p1a: Volcarona|Heat Wave|p2b: Kingambit|[spread] p2a
|-miss|p1a: Volcarona|p2b: Kingambit
|-damage|p2a: Electabuzz|46/100
|
|-weather|Snowscape|[upkeep]
|upkeep
|turn|3
|
|t:|1756209961
|switch|p1a: Electabuzz|Electabuzz, L50, F|100/100
|move|p2a: Electabuzz|Follow Me|p2a: Electabuzz
|-singleturn|p2a: Electabuzz|move: Follow Me
|move|p1b: Ninetales|Blizzard|p2b: Kingambit|[spread] p2a,p2b
|-resisted|p2b: Kingambit
|-crit|p2b: Kingambit
|-damage|p2a: Electabuzz|27/100
|-damage|p2b: Kingambit|8/100
|move|p2b: Kingambit|Assurance|p1a: Electabuzz
|-damage|p1a: Electabuzz|56/100
|
|-weather|Snowscape|[upkeep]
|upkeep
|turn|4
|inactive|Mamiti waos has 30 seconds left.
|
|t:|1756209996
|switch|p2a: Stonjourner|Stonjourner, L50, M|100/100
|move|p1a: Electabuzz|Follow Me|p1a: Electabuzz
|-singleturn|p1a: Electabuzz|move: Follow Me
|move|p2b: Kingambit|Sucker Punch||[still]
|-fail|p2b: Kingambit
|move|p1b: Ninetales|Blizzard|p2b: Kingambit|[spread] p2a,p2b
|-resisted|p2b: Kingambit
|-damage|p2a: Stonjourner|30/100
|-damage|p2b: Kingambit|0 fnt
|-status|p2a: Stonjourner|frz
|faint|p2b: Kingambit
|
|-weather|Snowscape|[upkeep]
|upkeep
|
|t:|1756210004
|switch|p2b: Electabuzz|Electabuzz, L50, F|27/100
|turn|5
|
|t:|1756210011
|cant|p2a: Stonjourner|frz
|move|p1b: Ninetales|Blizzard|p2a: Stonjourner|[spread] p2a,p2b
|-damage|p2a: Stonjourner|0 fnt
|-damage|p2b: Electabuzz|8/100
|faint|p2a: Stonjourner
|move|p1a: Electabuzz|Taunt|p2b: Electabuzz
|-start|p2b: Electabuzz|move: Taunt
|move|p2b: Electabuzz|Electroweb|p1b: Ninetales|[spread] p1a,p1b
|-resisted|p1a: Electabuzz
|-damage|p1a: Electabuzz|53/100
|-damage|p1b: Ninetales|93/100
|-unboost|p1a: Electabuzz|spe|1
|-unboost|p1b: Ninetales|spe|1
|
|-weather|none
|upkeep
|c|☆Mamiti waos|cool!
|
|t:|1756210020
|switch|p2a: Dragonite|Dragonite, L50, F|100/100
|turn|6
|
|t:|1756210029
|-terastallize|p2a: Dragonite|Normal
|move|p1a: Electabuzz|Protect|p1a: Electabuzz
|-singleturn|p1a: Electabuzz|Protect
|move|p2a: Dragonite|Extreme Speed|p1b: Ninetales
|-damage|p1b: Ninetales|40/100
|move|p2b: Electabuzz|Electroweb|p1a: Electabuzz|[spread] p1b
|-activate|p1a: Electabuzz|move: Protect
|-damage|p1b: Ninetales|30/100
|-unboost|p1b: Ninetales|spe|1
|move|p1b: Ninetales|Blizzard|p2a: Dragonite|[spread] p2a
|-miss|p1b: Ninetales|p2b: Electabuzz
|-damage|p2a: Dragonite|73/100
|
|upkeep
|turn|7
|
|t:|1756210049
|switch|p1b: Volcarona|Volcarona, L50, M|6/100
|move|p2a: Dragonite|Extreme Speed|p1a: Electabuzz
|-damage|p1a: Electabuzz|14/100
|move|p2b: Electabuzz|Electroweb|p1b: Volcarona|[spread] p1a,p1b
|-resisted|p1a: Electabuzz
|-damage|p1a: Electabuzz|10/100
|-damage|p1b: Volcarona|0 fnt
|-unboost|p1a: Electabuzz|spe|1
|faint|p1b: Volcarona
|move|p1a: Electabuzz|Electroweb|p2b: Electabuzz|[spread] p2a,p2b
|-resisted|p2b: Electabuzz
|-damage|p2a: Dragonite|58/100
|-damage|p2b: Electabuzz|2/100
|-unboost|p2a: Dragonite|spe|1
|-unboost|p2b: Electabuzz|spe|1
|
|-end|p2b: Electabuzz|move: Taunt
|upkeep
|
|t:|1756210068
|switch|p1b: Annihilape|Annihilape, L50, F|100/100
|turn|8
|-message|Mamiti waos forfeited.
|
|win|Dre18
|raw|Dre18's rating: 1030 → 1076(+46 for winning)
|raw|Mamiti waos's rating: 1134 → 1102(-32 for losing)
|c|☆Mamiti waos|gg
|c|☆Dre18|gg
