|j|☆javivaarela
|j|☆SKLVGC
|html|javivaarelaSKLVGC    
|uhtml|bestof|Game 2 of a best-of-3
|t:|1756150025
|gametype|doubles
|player|p1|javivaarela|102|
|player|p2|SKLVGC|2|
|gen|9
|tier|[Gen 9] VGC 2025 Reg H (Bo3)
|rule|Species Clause: Limit one of each Pokémon
|rule|Item Clause: Limit 1 of each item
|clearpoke
|poke|p1|Ninetales-Alola, L50, F|
|poke|p1|Glaceon, L50, F|
|poke|p1|Dragonite, L50, F|
|poke|p1|Incineroar, L50, F|
|poke|p1|Sneasler, L50, F|
|poke|p1|Araquanid, L50, M|
|poke|p2|Sneasler, L50, M|
|poke|p2|Rillaboom, L50, M|
|poke|p2|Electabuzz, L50, F|
|poke|p2|Dragonite, L50, F|
|poke|p2|Volcarona, L50, M|
|poke|p2|Kingambit, L50, F|
|teampreview|4
|showteam|p1|Ninetales-Alola||LightClay|SnowWarning|Blizzard,AuroraVeil,Protect,FreezeDry|||F|||50|,,,,,Ghost]Glaceon||AssaultVest|SnowCloak|Blizzard,TeraBlast,FreezeDry,ShadowBall|||F|||50|,,,,,Ground]Dragonite||LoadedDice|Multiscale|ScaleShot,Protect,Haze,ExtremeSpeed|||F|||50|,,,,,Fairy]Incineroar||SafetyGoggles|Intimidate|FakeOut,KnockOff,PartingShot,FlareBlitz|||F|||50|,,,,,Ghost]Sneasler||FocusSash|Unburden|CloseCombat,DireClaw,Coaching,FakeOut|||F|||50|,,,,,Stellar]Araquanid||MysticWater|WaterBubble|Liquidation,WideGuard,Protect,LeechLife|||M|||50|,,,,,Water
|showteam|p2|Sneasler||FocusSash|PoisonTouch|CloseCombat,DireClaw,Coaching,FakeOut|||M|||50|,,,,,Ghost]Rillaboom||AssaultVest|GrassySurge|WoodHammer,GrassyGlide,HighHorsepower,FakeOut|||M|||50|,,,,,Fire]Electabuzz||Eviolite|VitalSpirit|Thunderbolt,FollowMe,Taunt,Protect|||F|||50|,,,,,Dragon]Dragonite||LoadedDice|Multiscale|ScaleShot,ExtremeSpeed,Haze,Protect|||F|||50|,,,,,Fairy]Volcarona||Leftovers|FlameBody|HeatWave,TeraBlast,QuiverDance,Protect|||M|||50|,,,,,Fairy]Kingambit||BlackGlasses|Defiant|KowtowCleave,SuckerPunch,SwordsDance,Protect|||F|||50|,,,,,Dark
|inactive|Battle timer is ON: inactive players will automatically lose when time's up. (requested by javivaarela)
|c|☆javivaarela|yo recé para que matara
|c|☆javivaarela|por eso saltó el crit
|inactive|javivaarela has 60 seconds left.
|inactive|SKLVGC has 60 seconds left.
|inactive|SKLVGC has 30 seconds left.
|
|t:|1756150088
|teamsize|p1|4
|teamsize|p2|4
|start
|switch|p1a: Dragonite|Dragonite, L50, F|100/100
|switch|p1b: Sneasler|Sneasler, L50, F|100/100
|switch|p2a: Sneasler|Sneasler, L50, M|100/100
|switch|p2b: Dragonite|Dragonite, L50, F|100/100
|turn|1
|
|t:|1756150105
|-terastallize|p2b: Dragonite|Fairy
|-terastallize|p1a: Dragonite|Fairy
|move|p2a: Sneasler|Fake Out|p1b: Sneasler
|-damage|p1b: Sneasler|75/100
|cant|p1b: Sneasler|flinch
|move|p1a: Dragonite|Scale Shot|p2a: Sneasler
|-damage|p2a: Sneasler|75/100
|-damage|p2a: Sneasler|51/100
|-damage|p2a: Sneasler|22/100
|-damage|p2a: Sneasler|0 fnt
|faint|p2a: Sneasler
|-hitcount|p2: Sneasler|4
|-unboost|p1a: Dragonite|def|1
|-boost|p1a: Dragonite|spe|1
|move|p2b: Dragonite|Scale Shot|p1b: Sneasler
|-damage|p1b: Sneasler|51/100
|-damage|p1b: Sneasler|25/100
|-damage|p1b: Sneasler|0 fnt
|faint|p1b: Sneasler
|-hitcount|p1: Sneasler|3
|-unboost|p2b: Dragonite|def|1
|-boost|p2b: Dragonite|spe|1
|
|upkeep
|inactive|SKLVGC has 30 seconds left.
|
|t:|1756150131
|switch|p1b: Ninetales|Ninetales-Alola, L50, F|100/100
|switch|p2a: Electabuzz|Electabuzz, L50, F|100/100
|-weather|Snowscape|[from] ability: Snow Warning|[of] p1b: Ninetales
|turn|2
|
|t:|1756150153
|move|p2b: Dragonite|Extreme Speed|p1a: Dragonite
|-damage|p1a: Dragonite|72/100
|move|p1a: Dragonite|Extreme Speed|p2b: Dragonite
|-damage|p2b: Dragonite|75/100
|move|p2a: Electabuzz|Follow Me|p2a: Electabuzz
|-singleturn|p2a: Electabuzz|move: Follow Me
|move|p1b: Ninetales|Aurora Veil|p1b: Ninetales
|-sidestart|p1: javivaarela|move: Aurora Veil
|
|-weather|Snowscape|[upkeep]
|upkeep
|turn|3
|
|t:|1756150169
|move|p1a: Dragonite|Extreme Speed|p2b: Dragonite
|-damage|p2b: Dragonite|20/100
|move|p2b: Dragonite|Extreme Speed|p1a: Dragonite
|-damage|p1a: Dragonite|38/100
|move|p1b: Ninetales|Blizzard|p2a: Electabuzz|[spread] p2a,p2b
|-damage|p2a: Electabuzz|78/100
|-damage|p2b: Dragonite|0 fnt
|faint|p2b: Dragonite
|move|p2a: Electabuzz|Thunderbolt|p1a: Dragonite
|-damage|p1a: Dragonite|16/100
|
|-weather|Snowscape|[upkeep]
|upkeep
|
|t:|1756150181
|switch|p2b: Kingambit|Kingambit, L50, F|100/100
|turn|4
|
|t:|1756150202
|move|p1a: Dragonite|Scale Shot|p2a: Electabuzz
|-damage|p2a: Electabuzz|67/100
|-damage|p2a: Electabuzz|55/100
|-damage|p2a: Electabuzz|45/100
|-damage|p2a: Electabuzz|34/100
|-hitcount|p2a: Electabuzz|4
|-unboost|p1a: Dragonite|def|1
|-boost|p1a: Dragonite|spe|1
|move|p1b: Ninetales|Blizzard|p2a: Electabuzz|[spread] p2a,p2b
|-resisted|p2b: Kingambit
|-damage|p2a: Electabuzz|10/100
|-damage|p2b: Kingambit|85/100
|move|p2a: Electabuzz|Thunderbolt|p1b: Ninetales
|-damage|p1b: Ninetales|74/100
|move|p2b: Kingambit|Kowtow Cleave|p1a: Dragonite
|-resisted|p1a: Dragonite
|-damage|p1a: Dragonite|0 fnt
|faint|p1a: Dragonite
|
|-weather|Snowscape|[upkeep]
|upkeep
|
|t:|1756150216
|switch|p1a: Araquanid|Araquanid, L50, M|100/100
|turn|5
|
|t:|1756150230
|move|p1b: Ninetales|Blizzard|p2b: Kingambit|[spread] p2a,p2b
|-resisted|p2b: Kingambit
|-damage|p2a: Electabuzz|0 fnt
|-damage|p2b: Kingambit|71/100
|faint|p2a: Electabuzz
|move|p2b: Kingambit|Kowtow Cleave|p1a: Araquanid
|-damage|p1a: Araquanid|60/100
|move|p1a: Araquanid|Liquidation|p2b: Kingambit
|-crit|p2b: Kingambit
|-damage|p2b: Kingambit|0 fnt
|faint|p2b: Kingambit
|
|win|javivaarela
|c|☆javivaarela|joder macho
|c|☆SKLVGC|ggs
|c|☆javivaarela|sry
|c|☆javivaarela|gg
|c|☆SKLVGC|na que va
|c|☆SKLVGC|si no se que hago
|c|☆SKLVGC|jajajajaja
|l|☆SKLVGC
|player|p2|
|c|☆javivaarela|bueno pero tu pillas rodaje y ganas la lepe solo
