|j|☆hexagonfoot
|j|☆whynotelmo
|html|hexagonfootwhynotelmo    
|uhtml|bestof|Game 3 of a best-of-3
|t:|1756341999
|gametype|doubles
|player|p1|hexagonfoot|caitlin|1151
|player|p2|whynotelmo|hilbert|1000
|gen|9
|tier|[Gen 9] VGC 2025 Reg H (Bo3)
|rated|
|rule|Species Clause: Limit one of each Pokémon
|rule|Item Clause: Limit 1 of each item
|clearpoke
|poke|p1|Kingambit, L50, F|
|poke|p1|Primarina, L50, M|
|poke|p1|Sneasler, L50, F|
|poke|p1|Magmar, L50, M|
|poke|p1|Rillaboom, L50, M|
|poke|p1|Dragapult, L50, M|
|poke|p2|Ursaluna, L50, M|
|poke|p2|Porygon2, L50|
|poke|p2|Gholdengo, L50|
|poke|p2|Incineroar, L50, M|
|poke|p2|Palafin, L50, F|
|poke|p2|Amoonguss, L50, M|
|teampreview|4
|showteam|p1|Kingambit||BlackGlasses|Defiant|KowtowCleave,SuckerPunch,SwordsDance,Protect|||F|||50|,,,,,Ghost]Primarina||SitrusBerry|LiquidVoice|HyperVoice,Moonblast,Haze,Protect|||M|||50|,,,,,Water]Sneasler||FocusSash|PoisonTouch|CloseCombat,DireClaw,FakeOut,Protect|||F|||50|,,,,,Stellar]Magmar||Eviolite|VitalSpirit|Overheat,WillOWisp,FollowMe,Protect|||M|||50|,,,,,Ghost]Rillaboom||AssaultVest|GrassySurge|WoodHammer,GrassyGlide,HighHorsepower,FakeOut|||M|||50|,,,,,Fire]Dragapult||ChoiceBand|ClearBody|DragonDarts,PhantomForce,TeraBlast,Uturn|||M|||50|,,,,,Ghost
|showteam|p2|Ursaluna||FlameOrb|Guts|HeadlongRush,Facade,Earthquake,Protect|||M|||50|,,,,,Normal]Porygon2||Eviolite|Download|TrickRoom,Recover,Thunderbolt,TeraBlast||||||50|,,,,,Ground]Gholdengo||LifeOrb|GoodasGold|MakeItRain,ShadowBall,NastyPlot,Protect||||||50|,,,,,Dragon]Incineroar||SafetyGoggles|Intimidate|FakeOut,KnockOff,Taunt,PartingShot|||M|||50|,,,,,Ghost]Palafin||ChoiceBand|ZerotoHero|JetPunch,WaveCrash,CloseCombat,FlipTurn|||F|||50|,,,,,Water]Amoonguss||SitrusBerry|Regenerator|Spore,RagePowder,PollenPuff,Protect|||M|||50|,,,,,Grass
|inactive|Battle timer is ON: inactive players will automatically lose when time's up. (requested by hexagonfoot)
|inactive|hexagonfoot has 60 seconds left.
|
|t:|1756342052
|teamsize|p1|4
|teamsize|p2|4
|start
|switch|p1a: Sneasler|Sneasler, L50, F|100/100
|switch|p1b: Primarina|Primarina, L50, M|100/100
|switch|p2a: Porygon2|Porygon2, L50|100/100
|switch|p2b: Incineroar|Incineroar, L50, M|100/100
|-ability|p2a: Porygon2|Download|boost
|-boost|p2a: Porygon2|atk|1
|-ability|p2b: Incineroar|Intimidate|boost
|-unboost|p1a: Sneasler|atk|1
|-unboost|p1b: Primarina|atk|1
|turn|1
|
|t:|1756342073
|switch|p1a: Magmar|Magmar, L50, M|100/100
|switch|p2b: Amoonguss|Amoonguss, L50, M|100/100
|-terastallize|p2a: Porygon2|Ground
|move|p1b: Primarina|Hyper Voice|p2b: Amoonguss|[spread] p2a,p2b
|-supereffective|p2a: Porygon2
|-resisted|p2b: Amoonguss
|-damage|p2a: Porygon2|63/100
|-damage|p2b: Amoonguss|86/100
|move|p2a: Porygon2|Trick Room|p2a: Porygon2
|-fieldstart|move: Trick Room|[of] p2a: Porygon2
|
|upkeep
|turn|2
|inactive|whynotelmo has 30 seconds left.
|inactive|hexagonfoot has 30 seconds left.
|
|t:|1756342104
|-terastallize|p1a: Magmar|Ghost
|move|p1b: Primarina|Protect|p1b: Primarina
|-singleturn|p1b: Primarina|Protect
|move|p2b: Amoonguss|Pollen Puff|p2a: Porygon2
|-heal|p2a: Porygon2|100/100
|move|p2a: Porygon2|Tera Blast|p1a: Magmar|[anim] Tera Blast Ground
|-damage|p1a: Magmar|71/100
|move|p1a: Magmar|Will-O-Wisp|p2a: Porygon2
|-status|p2a: Porygon2|brn
|
|-damage|p2a: Porygon2|94/100 brn|[from] brn
|upkeep
|turn|3
|inactive|whynotelmo has 30 seconds left.
|
|t:|1756342135
|switch|p1b: Rillaboom|Rillaboom, L50, M|100/100
|-fieldstart|move: Grassy Terrain|[from] ability: Grassy Surge|[of] p1b: Rillaboom
|move|p2b: Amoonguss|Spore|p1b: Rillaboom
|-immune|p1b: Rillaboom
|move|p2a: Porygon2|Thunderbolt|p1b: Rillaboom
|-resisted|p1b: Rillaboom
|-damage|p1b: Rillaboom|89/100
|move|p1a: Magmar|Overheat|p2b: Amoonguss|[miss]
|-miss|p1a: Magmar|p2b: Amoonguss
|
|-heal|p2b: Amoonguss|92/100|[from] Grassy Terrain
|-heal|p2a: Porygon2|100/100 brn|[from] Grassy Terrain
|-heal|p1b: Rillaboom|95/100|[from] Grassy Terrain
|-heal|p1a: Magmar|77/100|[from] Grassy Terrain
|-damage|p2a: Porygon2|94/100 brn|[from] brn
|upkeep
|turn|4
|
|t:|1756342159
|switch|p2a: Incineroar|Incineroar, L50, M|100/100
|-ability|p2a: Incineroar|Intimidate|boost
|-unboost|p1a: Magmar|atk|1
|-unboost|p1b: Rillaboom|atk|1
|move|p2b: Amoonguss|Pollen Puff|p1b: Rillaboom
|-supereffective|p1b: Rillaboom
|-damage|p1b: Rillaboom|66/100
|move|p1b: Rillaboom|High Horsepower|p2b: Amoonguss
|-damage|p2b: Amoonguss|72/100
|move|p1a: Magmar|Overheat|p2b: Amoonguss
|-supereffective|p2b: Amoonguss
|-damage|p2b: Amoonguss|0 fnt
|-unboost|p1a: Magmar|spa|2
|faint|p2b: Amoonguss
|
|-heal|p1b: Rillaboom|72/100|[from] Grassy Terrain
|-heal|p1a: Magmar|82/100|[from] Grassy Terrain
|upkeep
|
|t:|1756342179
|switch|p2b: Ursaluna|Ursaluna, L50, M, shiny|100/100
|turn|5
|inactive|whynotelmo has 30 seconds left.
|
|t:|1756342214
|switch|p2a: Porygon2|Porygon2, L50, tera:Ground|94/100 brn
|-ability|p2a: Porygon2|Download|boost
|-boost|p2a: Porygon2|spa|1
|switch|p1b: Primarina|Primarina, L50, M|100/100
|move|p1a: Magmar|Protect|p1a: Magmar
|-singleturn|p1a: Magmar|Protect
|move|p2b: Ursaluna|Earthquake|p1b: Primarina|[spread] p2a,p1b
|-activate|p1a: Magmar|move: Protect
|-damage|p2a: Porygon2|80/100 brn
|-damage|p1b: Primarina|77/100
|
|-heal|p2a: Porygon2|86/100 brn|[from] Grassy Terrain
|-heal|p1b: Primarina|83/100|[from] Grassy Terrain
|-heal|p1a: Magmar|88/100|[from] Grassy Terrain
|-damage|p2a: Porygon2|80/100 brn|[from] brn
|-fieldend|move: Trick Room
|-status|p2b: Ursaluna|brn|[from] item: Flame Orb
|upkeep
|turn|6
|
|t:|1756342234
|move|p2b: Ursaluna|Protect|p2b: Ursaluna
|-singleturn|p2b: Ursaluna|Protect
|move|p1a: Magmar|Follow Me|p1a: Magmar
|-singleturn|p1a: Magmar|move: Follow Me
|move|p1b: Primarina|Hyper Voice|p2b: Ursaluna|[spread] p2a
|-activate|p2b: Ursaluna|move: Protect
|-supereffective|p2a: Porygon2
|-damage|p2a: Porygon2|35/100 brn
|move|p2a: Porygon2|Trick Room|p2a: Porygon2
|-fieldstart|move: Trick Room|[of] p2a: Porygon2
|
|-heal|p2a: Porygon2|42/100 brn|[from] Grassy Terrain
|-heal|p1b: Primarina|89/100|[from] Grassy Terrain
|-heal|p1a: Magmar|94/100|[from] Grassy Terrain
|-damage|p2b: Ursaluna|95/100 brn|[from] brn
|-damage|p2a: Porygon2|35/100 brn|[from] brn
|upkeep
|turn|7
|inactive|whynotelmo has 30 seconds left.
|inactive|whynotelmo has 20 seconds left.
|inactive|whynotelmo has 15 seconds left.
|inactive|whynotelmo has 10 seconds left.
|
|t:|1756342280
|move|p1a: Magmar|Follow Me|p1a: Magmar
|-singleturn|p1a: Magmar|move: Follow Me
|move|p2b: Ursaluna|Earthquake|p1b: Primarina|[spread] p2a,p1a,p1b
|-damage|p2a: Porygon2|14/100 brn
|-damage|p1a: Magmar|64/100
|-damage|p1b: Primarina|53/100
|move|p2a: Porygon2|Recover|p2a: Porygon2
|-heal|p2a: Porygon2|64/100 brn
|move|p1b: Primarina|Hyper Voice|p2a: Porygon2|[spread] p2a,p2b
|-supereffective|p2a: Porygon2
|-supereffective|p2b: Ursaluna
|-damage|p2a: Porygon2|22/100 brn
|-damage|p2b: Ursaluna|38/100 brn
|
|-heal|p2b: Ursaluna|44/100 brn|[from] Grassy Terrain
|-heal|p2a: Porygon2|28/100 brn|[from] Grassy Terrain
|-heal|p1b: Primarina|59/100|[from] Grassy Terrain
|-heal|p1a: Magmar|70/100|[from] Grassy Terrain
|-damage|p2b: Ursaluna|38/100 brn|[from] brn
|-damage|p2a: Porygon2|22/100 brn|[from] brn
|-fieldend|move: Grassy Terrain
|upkeep
|turn|8
|inactive|whynotelmo has 30 seconds left.
|
|t:|1756342315
|switch|p1a: Rillaboom|Rillaboom, L50, M|72/100
|-fieldstart|move: Grassy Terrain|[from] ability: Grassy Surge|[of] p1a: Rillaboom
|move|p2b: Ursaluna|Protect|p2b: Ursaluna
|-singleturn|p2b: Ursaluna|Protect
|move|p1b: Primarina|Protect|p1b: Primarina
|-singleturn|p1b: Primarina|Protect
|move|p2a: Porygon2|Tera Blast|p1a: Rillaboom|[anim] Tera Blast Ground
|-resisted|p1a: Rillaboom
|-damage|p1a: Rillaboom|51/100
|
|-heal|p2b: Ursaluna|44/100 brn|[from] Grassy Terrain
|-heal|p2a: Porygon2|28/100 brn|[from] Grassy Terrain
|-heal|p1b: Primarina|65/100|[from] Grassy Terrain
|-heal|p1a: Rillaboom|57/100|[from] Grassy Terrain
|-damage|p2b: Ursaluna|38/100 brn|[from] brn
|-damage|p2a: Porygon2|22/100 brn|[from] brn
|upkeep
|turn|9
|inactive|whynotelmo has 30 seconds left.
|
|t:|1756342343
|move|p1a: Rillaboom|Grassy Glide|p2b: Ursaluna
|-supereffective|p2b: Ursaluna
|-damage|p2b: Ursaluna|0 fnt
|faint|p2b: Ursaluna
|move|p2a: Porygon2|Thunderbolt|p1b: Primarina
|-supereffective|p1b: Primarina
|-damage|p1b: Primarina|0 fnt
|faint|p1b: Primarina
|
|-heal|p2a: Porygon2|28/100 brn|[from] Grassy Terrain
|-heal|p1a: Rillaboom|63/100|[from] Grassy Terrain
|-damage|p2a: Porygon2|22/100 brn|[from] brn
|upkeep
|
|t:|1756342358
|switch|p2b: Incineroar|Incineroar, L50, M|100/100
|switch|p1b: Sneasler|Sneasler, L50, F|100/100
|-ability|p2b: Incineroar|Intimidate|boost
|-unboost|p1a: Rillaboom|atk|1
|-unboost|p1b: Sneasler|atk|1
|turn|10
|
|t:|1756342372
|move|p2b: Incineroar|Fake Out|p1b: Sneasler
|-damage|p1b: Sneasler|80/100
|move|p1a: Rillaboom|Grassy Glide|p2a: Porygon2
|-supereffective|p2a: Porygon2
|-damage|p2a: Porygon2|0 fnt
|faint|p2a: Porygon2
|cant|p1b: Sneasler|flinch
|
|-heal|p1a: Rillaboom|69/100|[from] Grassy Terrain
|-heal|p1b: Sneasler|86/100|[from] Grassy Terrain
|-fieldend|move: Trick Room
|upkeep
|turn|11
|-message|whynotelmo forfeited.
|
|win|hexagonfoot
|raw|hexagonfoot's rating: 1151 → 1168(+17 for winning)
|raw|whynotelmo's rating: 1040 → 1029(-11 for losing)
|l|☆whynotelmo
|player|p2|
