|j|â˜†LyricSum
|j|â˜†ZXMaverickHunter
|html|LyricSumZXMaverickHunter    
|uhtml|bestof|Game 3 of a best-of-3
|t:|1756262945
|gametype|doubles
|player|p1|LyricSum|veteran|1207
|player|p2|ZXMaverickHunter|flint|1112
|gen|9
|tier|[Gen 9] VGC 2025 Reg H (Bo3)
|rated|
|rule|Species Clause: Limit one of each PokÃ©mon
|rule|Item Clause: Limit 1 of each item
|clearpoke
|poke|p1|Krookodile, L50, M|
|poke|p1|Kommo-o, L50, F|
|poke|p1|Talonflame, L50, M|
|poke|p1|Sinistcha-Masterpiece, L50|
|poke|p1|Archaludon, L50, F|
|poke|p1|Primarina, L50, F|
|poke|p2|Basculegion, L50, M|
|poke|p2|Pelipper, L50, F|
|poke|p2|Archaludon, L50, M|
|poke|p2|Incineroar, L50, M|
|poke|p2|Sinistcha, L50|
|poke|p2|Ursaluna, L50, M|
|teampreview|4
|showteam|p1|Krookodile||AssaultVest|Intimidate|KnockOff,Snarl,HighHorsepower,GunkShot|||M|||50|,,,,,Poison]Kommo-o||ThroatSpray|Overcoat|ClangorousSoul,ClangingScales,AuraSphere,Protect|||F|||50|,,,,,Steel]Talonflame||FocusSash|GaleWings|Tailwind,WillOWisp,DualWingbeat,Taunt|||M|||50|,,,,,Ghost]Sinistcha-Masterpiece||SitrusBerry|Hospitality|MatchaGotcha,ShadowBall,RagePowder,LifeDew||||||50|,,,,,Fairy]Archaludon||PowerHerb|Stalwart|ElectroShot,Thunderbolt,DragonPulse,Protect|||F|||50|,,,,,Electric]Primarina||LifeOrb|LiquidVoice|HyperVoice,Moonblast,Haze,Protect|||F|||50|,,,,,Steel
|showteam|p2|Basculegion||ChoiceBand|SwiftSwim|WaveCrash,AquaJet,FlipTurn,LastRespects|||M|||50|,,,,,Water]Pelipper||FocusSash|Drizzle|Protect,Hurricane,WeatherBall,Tailwind|||F|||50|,,,,,Stellar]Archaludon||AssaultVest|Stamina|ElectroShot,Snarl,BodyPress,DragonPulse|||M|||50|,,,,,Bug]Incineroar||SafetyGoggles|Intimidate|FakeOut,KnockOff,Taunt,PartingShot|||M|||50|,,,,,Flying]Sinistcha||SitrusBerry|Hospitality|MatchaGotcha,RagePowder,LifeDew,TrickRoom||||||50|,,,,,Water]Ursaluna||FlameOrb|Guts|Protect,Facade,HeadlongRush,Earthquake|||M|||50|,,,,,Ghost
|inactive|Battle timer is ON: inactive players will automatically lose when time's up. (requested by LyricSum)
|j| We_Are_Toasted
|
|t:|1756262962
|teamsize|p1|4
|teamsize|p2|4
|start
|switch|p1a: Krookodile|Krookodile, L50, M|100/100
|switch|p1b: Kommo-o|Kommo-o, L50, F|100/100
|switch|p2a: Incineroar|Incineroar, L50, M|100/100
|switch|p2b: Basculegion|Basculegion, L50, M|100/100
|-ability|p1a: Krookodile|Intimidate|boost
|-unboost|p2a: Incineroar|atk|1
|-unboost|p2b: Basculegion|atk|1
|-ability|p2a: Incineroar|Intimidate|boost
|-unboost|p1a: Krookodile|atk|1
|-unboost|p1b: Kommo-o|atk|1
|turn|1
|l| We_Are_Toasted
|inactive|ZXMaverickHunter has 30 seconds left.
|
|t:|1756262987
|move|p2a: Incineroar|Fake Out|p1b: Kommo-o
|-damage|p1b: Kommo-o|93/100
|move|p1a: Krookodile|Knock Off|p2b: Basculegion
|-supereffective|p2b: Basculegion
|-damage|p2b: Basculegion|35/100
|-enditem|p2b: Basculegion|Choice Band|[from] move: Knock Off|[of] p1a: Krookodile
|move|p2b: Basculegion|Wave Crash|p1a: Krookodile
|-supereffective|p1a: Krookodile
|-damage|p1a: Krookodile|14/100
|-damage|p2b: Basculegion|9/100|[from] Recoil
|cant|p1b: Kommo-o|flinch
|
|upkeep
|turn|2
|
|t:|1756263011
|move|p2b: Basculegion|Aqua Jet|p1a: Krookodile
|-supereffective|p1a: Krookodile
|-damage|p1a: Krookodile|0 fnt
|faint|p1a: Krookodile
|move|p1b: Kommo-o|Clanging Scales|p2a: Incineroar|[spread] p2a,p2b
|-damage|p2a: Incineroar|74/100
|-damage|p2b: Basculegion|0 fnt
|faint|p2b: Basculegion
|-unboost|p1b: Kommo-o|def|1
|-enditem|p1b: Kommo-o|Throat Spray
|-boost|p1b: Kommo-o|spa|1|[from] item: Throat Spray
|move|p2a: Incineroar|Taunt|p1b: Kommo-o
|-start|p1b: Kommo-o|move: Taunt
|
|upkeep
|
|t:|1756263026
|switch|p1a: Primarina|Primarina, L50, F|100/100
|switch|p2b: Sinistcha|Sinistcha, L50|100/100
|-heal|p2a: Incineroar|99/100|[from] ability: Hospitality|[of] p2b: Sinistcha
|turn|3
|
|t:|1756263042
|move|p1b: Kommo-o|Clanging Scales|p2b: Sinistcha|[spread] p2a,p2b
|-crit|p2b: Sinistcha
|-damage|p2a: Incineroar|54/100
|-damage|p2b: Sinistcha|20/100
|-enditem|p2b: Sinistcha|Sitrus Berry|[eat]
|-heal|p2b: Sinistcha|44/100|[from] item: Sitrus Berry
|-unboost|p1b: Kommo-o|def|1
|move|p1a: Primarina|Moonblast|p2b: Sinistcha
|-damage|p2b: Sinistcha|0 fnt
|faint|p2b: Sinistcha
|-damage|p1a: Primarina|91/100|[from] item: Life Orb
|move|p2a: Incineroar|Parting Shot|p1b: Kommo-o
|-unboost|p1b: Kommo-o|atk|1
|-unboost|p1b: Kommo-o|spa|1
|
|t:|1756263051
|switch|p2a: Ursaluna|Ursaluna, L50, M|100/100|[from] Parting Shot
|
|-status|p2a: Ursaluna|brn|[from] item: Flame Orb
|upkeep
|
|t:|1756263053
|switch|p2b: Incineroar|Incineroar, L50, M|54/100
|-ability|p2b: Incineroar|Intimidate|boost
|-unboost|p1a: Primarina|atk|1
|-unboost|p1b: Kommo-o|atk|1
|turn|4
|
|t:|1756263072
|switch|p1b: Sinistcha|Sinistcha-Masterpiece, L50|100/100
|-heal|p1a: Primarina|100/100|[from] ability: Hospitality|[of] p1b: Sinistcha
|-terastallize|p2a: Ursaluna|Ghost
|move|p1a: Primarina|Protect|p1a: Primarina
|-singleturn|p1a: Primarina|Protect
|move|p2b: Incineroar|Fake Out|p1a: Primarina
|-activate|p1a: Primarina|move: Protect
|move|p2a: Ursaluna|Facade|p1b: Sinistcha
|-immune|p1b: Sinistcha
|
|-damage|p2a: Ursaluna|95/100 brn|[from] brn
|upkeep
|turn|5
|
|t:|1756263087
|move|p1b: Sinistcha|Rage Powder|p1b: Sinistcha
|-singleturn|p1b: Sinistcha|move: Rage Powder
|move|p1a: Primarina|Hyper Voice|p2a: Ursaluna|[spread] p2a,p2b
|-supereffective|p2b: Incineroar
|-damage|p2a: Ursaluna|45/100 brn
|-damage|p2b: Incineroar|0 fnt
|faint|p2b: Incineroar
|-damage|p1a: Primarina|91/100|[from] item: Life Orb
|move|p2a: Ursaluna|Headlong Rush|p1b: Sinistcha
|-resisted|p1b: Sinistcha
|-damage|p1b: Sinistcha|58/100
|-unboost|p2a: Ursaluna|def|1
|-unboost|p2a: Ursaluna|spd|1
|
|-damage|p2a: Ursaluna|39/100 brn|[from] brn
|upkeep
|turn|6
|
|t:|1756263096
|move|p1a: Primarina|Moonblast|p2a: Ursaluna
|-damage|p2a: Ursaluna|0 fnt
|faint|p2a: Ursaluna
|-damage|p1a: Primarina|81/100|[from] item: Life Orb
|
|win|LyricSum
|raw|LyricSum's rating: 1207 → 1225(+18 for winning)
|raw|ZXMaverickHunter's rating: 1112 → 1094(-18 for losing)
