|j|☆melon storme
|j|☆cacaraka
|html|melon stormecacaraka    
|uhtml|bestof|Game 1 of a best-of-3
|t:|1786114510
|gametype|doubles
|player|p1|melon storme|kieran-masters|1137
|player|p2|cacaraka|102|1111
|gen|9
|tier|[Gen 9 Champions] VGC 2026 Reg M-B (Bo3)
|rated|
|rule|Species Clause: Limit one of each Pokémon
|rule|Item Clause: Limit 1 of each item
|clearpoke
|poke|p1|Pyroar, L50, F|
|poke|p1|Aerodactyl, L50, M|
|poke|p1|Torkoal, L50, M|
|poke|p1|Vileplume, L50, M|
|poke|p1|Farigiraf, L50, F, shiny|
|poke|p1|Mawile, L50, F|
|poke|p2|Charizard, L50, F|
|poke|p2|Garchomp, L50, M|
|poke|p2|Incineroar, L50, F|
|poke|p2|Venusaur, L50, M|
|poke|p2|Toxapex, L50, M|
|poke|p2|Sylveon, L50, F|
|teampreview|4
|showteam|p1|Pyroar||Pyroarite|Rivalry|Taunt,HeatWave,Overheat,Protect|Timid||F|||50|]Aerodactyl||SitrusBerry|Unnerve|RockSlide,Tailwind,WideGuard,DualWingbeat|Jolly||M|||50|]Torkoal||Charcoal|Drought|Eruption,HeatWave,SolarBeam,Protect|Quiet||M|||50|]Vileplume||FocusSash|Chlorophyll|EnergyBall,SludgeBomb,AfterYou,SleepPowder|Timid||M|||50|]Farigiraf||Leftovers|ArmorTail|HyperVoice,Psychic,Protect,TrickRoom|Relaxed||F|||50|]Mawile||Mawilite|Intimidate|IronHead,PlayRough,SwordsDance,SuckerPunch|Sassy||F|||50|
|showteam|p2|Charizard||CharizarditeY|Blaze|WeatherBall,HeatWave,AncientPower,Protect|Modest||F|||50|]Garchomp||ChoiceScarf|RoughSkin|RockSlide,DragonClaw,Earthquake,StompingTantrum|Adamant||M|||50|]Incineroar||SitrusBerry|Intimidate|FlareBlitz,FakeOut,DarkestLariat,PartingShot|Impish||F|||50|]Venusaur||LifeOrb|Chlorophyll|SludgeBomb,LeafStorm,EarthPower,Protect|Modest||M|||50|]Toxapex||Leftovers|Regenerator|Infestation,Toxic,WideGuard,BanefulBunker|Bold||M|||50|]Sylveon||FairyFeather|Pixilate|HyperVoice,QuickAttack,Yawn,Detect|Modest||F|||50|
|
|t:|1786114542
|teamsize|p1|4
|teamsize|p2|4
|start
|switch|p1a: Mahrukasha|Aerodactyl, L50, M|100/100
|switch|p1b: Mr bean|Vileplume, L50, M|100/100
|switch|p2a: Charizard|Charizard, L50, F|100/100
|switch|p2b: Venusaur|Venusaur, L50, M|100/100
|-ability|p1a: Mahrukasha|Unnerve
|turn|1
|
|t:|1786114586
|detailschange|p2a: Charizard|Charizard-Mega-Y, L50, F
|-mega|p2a: Charizard|Charizard|Charizardite Y
|-weather|SunnyDay|[from] ability: Drought|[of] p2a: Charizard
|move|p2a: Charizard|Protect|p2a: Charizard
|-singleturn|p2a: Charizard|Protect
|move|p2b: Venusaur|Leaf Storm|p1a: Mahrukasha
|-damage|p1a: Mahrukasha|9/100
|-unboost|p2b: Venusaur|spa|2
|-enditem|p1a: Mahrukasha|Sitrus Berry|[eat]
|-heal|p1a: Mahrukasha|34/100|[from] item: Sitrus Berry
|-damage|p2b: Venusaur|90/100|[from] item: Life Orb
|move|p1b: Mr bean|Sleep Powder|p2a: Charizard
|-activate|p2a: Charizard|move: Protect
|move|p1a: Mahrukasha|Tailwind|p1a: Mahrukasha
|-sidestart|p1: melon storme|move: Tailwind
|
|-weather|SunnyDay|[upkeep]
|upkeep
|turn|2
|
|t:|1786114627
|switch|p2a: Incineroar|Incineroar, L50, F|100/100
|-ability|p2a: Incineroar|Intimidate|boost
|-unboost|p1a: Mahrukasha|atk|1
|-unboost|p1b: Mr bean|atk|1
|move|p1b: Mr bean|Sludge Bomb|p2b: Venusaur
|-damage|p2b: Venusaur|42/100
|move|p1a: Mahrukasha|Rock Slide|p2b: Venusaur|[spread] p2a,p2b
|-supereffective|p2a: Incineroar|1
|-damage|p2a: Incineroar|78/100
|-damage|p2b: Venusaur|24/100
|cant|p2b: Venusaur|flinch
|
|-weather|SunnyDay|[upkeep]
|upkeep
|turn|3
|
|t:|1786114653
|switch|p1a: Can of Beans|Farigiraf, L50, F, shiny|100/100
|switch|p2b: Toxapex|Toxapex, L50, M|100/100
|move|p2a: Incineroar|Fake Out||[still]
|cant|p1a: Can of Beans|ability: Armor Tail|Fake Out|[of] p2a: Incineroar
|move|p1b: Mr bean|Sludge Bomb|p2b: Toxapex
|-resisted|p2b: Toxapex|1
|-crit|p2b: Toxapex
|-damage|p2b: Toxapex|73/100
|
|-weather|SunnyDay|[upkeep]
|-heal|p2b: Toxapex|78/100|[from] item: Leftovers
|upkeep
|turn|4
|
|t:|1786114683
|move|p1b: Mr bean|Sleep Powder|p2a: Incineroar
|-status|p2a: Incineroar|slp|[from] move: Sleep Powder
|move|p1a: Can of Beans|Psychic|p2b: Toxapex
|-supereffective|p2b: Toxapex|1
|-damage|p2b: Toxapex|28/100
|cant|p2a: Incineroar|slp
|move|p2b: Toxapex|Infestation|p1b: Mr bean
|-damage|p1b: Mr bean|96/100
|-activate|p1b: Mr bean|move: Infestation|[of] p2b: Toxapex
|
|-weather|SunnyDay|[upkeep]
|-heal|p2b: Toxapex|33/100|[from] item: Leftovers
|-damage|p1b: Mr bean|83/100|[from] move: Infestation|[partiallytrapped]
|-sideend|p1: melon storme|move: Tailwind
|upkeep
|turn|5
|
|t:|1786114701
|move|p2b: Toxapex|Baneful Bunker|p2b: Toxapex
|-singleturn|p2b: Toxapex|move: Protect
|move|p1b: Mr bean|Sludge Bomb|p2a: Incineroar
|-damage|p2a: Incineroar|45/100 slp
|-enditem|p2a: Incineroar|Sitrus Berry|[eat]
|-heal|p2a: Incineroar|69/100 slp|[from] item: Sitrus Berry
|cant|p2a: Incineroar|slp
|move|p1a: Can of Beans|Hyper Voice|p2b: Toxapex|[spread] p2a
|-activate|p2b: Toxapex|move: Protect
|-damage|p2a: Incineroar|49/100 slp
|
|-weather|none
|-heal|p2b: Toxapex|39/100|[from] item: Leftovers
|-damage|p1b: Mr bean|71/100|[from] move: Infestation|[partiallytrapped]
|upkeep
|turn|6
|
|t:|1786114723
|-heal|p2b: Toxapex|72/100|[from] ability: Regenerator|[silent]
|switch|p2b: Charizard|Charizard-Mega-Y, L50, F|100/100
|-weather|SunnyDay|[from] ability: Drought|[of] p2b: Charizard
|move|p1b: Mr bean|Sludge Bomb|p2a: Incineroar
|-damage|p2a: Incineroar|14/100 slp
|-curestatus|p2a: Incineroar|slp|[msg]
|move|p2a: Incineroar|Parting Shot|p1a: Can of Beans
|-unboost|p1a: Can of Beans|atk|1
|-unboost|p1a: Can of Beans|spa|1
|
|t:|1786114744
|switch|p2a: Venusaur|Venusaur, L50, M|24/100|[from] Parting Shot
|move|p1a: Can of Beans|Psychic|p2b: Charizard
|-damage|p2b: Charizard|78/100
|
|-weather|SunnyDay|[upkeep]
|-end|p1b: Mr bean|Infestation|[partiallytrapped]|[silent]
|upkeep
|turn|7
|
|t:|1786114765
|move|p2a: Venusaur|Sludge Bomb|p1b: Mr bean
|-damage|p1b: Mr bean|0 fnt
|faint|p1b: Mr bean
|-damage|p2a: Venusaur|14/100|[from] item: Life Orb
|move|p2b: Charizard|Weather Ball|p1a: Can of Beans
|-damage|p1a: Can of Beans|23/100
|move|p1a: Can of Beans|Psychic|p2a: Venusaur
|-supereffective|p2a: Venusaur|1
|-damage|p2a: Venusaur|0 fnt
|faint|p2a: Venusaur
|
|-weather|SunnyDay|[upkeep]
|-heal|p1a: Can of Beans|29/100|[from] item: Leftovers
|upkeep
|
|t:|1786114793
|switch|p2a: Toxapex|Toxapex, L50, M|72/100
|switch|p1b: Mahrukasha|Aerodactyl, L50, M|34/100
|-ability|p1b: Mahrukasha|Unnerve
|turn|8
|
|t:|1786114806
|switch|p2b: Incineroar|Incineroar, L50, F|14/100
|-ability|p2b: Incineroar|Intimidate|boost
|-unboost|p1a: Can of Beans|atk|1
|-unboost|p1b: Mahrukasha|atk|1
|move|p1b: Mahrukasha|Tailwind|p1b: Mahrukasha
|-sidestart|p1: melon storme|move: Tailwind
|move|p1a: Can of Beans|Psychic|p2a: Toxapex
|-supereffective|p2a: Toxapex|1
|-damage|p2a: Toxapex|38/100
|move|p2a: Toxapex|Infestation|p1a: Can of Beans
|-supereffective|p1a: Can of Beans|1
|-damage|p1a: Can of Beans|23/100
|-activate|p1a: Can of Beans|move: Infestation|[of] p2a: Toxapex
|
|-weather|SunnyDay|[upkeep]
|-heal|p1a: Can of Beans|29/100|[from] item: Leftovers
|-heal|p2a: Toxapex|43/100|[from] item: Leftovers
|-damage|p1a: Can of Beans|17/100|[from] move: Infestation|[partiallytrapped]
|upkeep
|turn|9
|
|t:|1786114829
|move|p2a: Toxapex|Baneful Bunker|p2a: Toxapex
|-singleturn|p2a: Toxapex|move: Protect
|move|p1b: Mahrukasha|Dual Wingbeat|p2b: Incineroar
|-damage|p2b: Incineroar|6/100
|-damage|p2b: Incineroar|0 fnt
|faint|p2b: Incineroar
|-hitcount|p2: Incineroar|2
|move|p1a: Can of Beans|Psychic|p2a: Toxapex
|-activate|p2a: Toxapex|move: Protect
|
|-weather|SunnyDay|[upkeep]
|-heal|p1a: Can of Beans|23/100|[from] item: Leftovers
|-heal|p2a: Toxapex|49/100|[from] item: Leftovers
|-damage|p1a: Can of Beans|11/100|[from] move: Infestation|[partiallytrapped]
|upkeep
|
|t:|1786114837
|switch|p2b: Charizard|Charizard-Mega-Y, L50, F|78/100
|turn|10
|
|t:|1786114847
|move|p2a: Toxapex|Wide Guard|p2a: Toxapex
|-singleturn|p2a: Toxapex|Wide Guard
|move|p1b: Mahrukasha|Dual Wingbeat|p2a: Toxapex
|-damage|p2a: Toxapex|42/100
|-damage|p2a: Toxapex|34/100
|-hitcount|p2a: Toxapex|2
|move|p1a: Can of Beans|Psychic|p2a: Toxapex
|-supereffective|p2a: Toxapex|1
|-damage|p2a: Toxapex|0 fnt
|faint|p2a: Toxapex
|move|p2b: Charizard|Heat Wave|p1a: Can of Beans|[spread] p1a,p1b
|-resisted|p1b: Mahrukasha|1
|-damage|p1a: Can of Beans|0 fnt
|-damage|p1b: Mahrukasha|0 fnt
|faint|p1a: Can of Beans
|faint|p1b: Mahrukasha
|
|-weather|none
|upkeep
|
|t:|1786114856
|switch|p1b: 4-loko|Pyroar, L50, F|100/100
|turn|11
|
|t:|1786114870
|detailschange|p1b: 4-loko|Pyroar-Mega, L50, F
|-mega|p1b: 4-loko|Pyroar|Pyroarite
|move|p1b: 4-loko|Overheat|p2b: Charizard
|-resisted|p2b: Charizard|1
|-damage|p2b: Charizard|28/100
|-unboost|p1b: 4-loko|spa|2
|move|p2b: Charizard|Ancient Power|p1b: 4-loko
|-supereffective|p1b: 4-loko|1
|-damage|p1b: 4-loko|37/100
|
|-sideend|p1: melon storme|move: Tailwind
|upkeep
|turn|12
|
|t:|1786114880
|move|p1b: 4-loko|Overheat|p2b: Charizard
|-resisted|p2b: Charizard|1
|-damage|p2b: Charizard|2/100
|-unboost|p1b: 4-loko|spa|2
|move|p2b: Charizard|Ancient Power|p1b: 4-loko
|-supereffective|p1b: 4-loko|1
|-crit|p1b: 4-loko
|-damage|p1b: 4-loko|0 fnt
|faint|p1b: 4-loko
|
|win|cacaraka
