|j|☆elmono11
|j|☆A_TerroneVGC
|html|elmono11A_TerroneVGC    
|uhtml|bestof|Game 1 of a best-of-3
|t:|1784145863
|gametype|doubles
|player|p1|elmono11|266|1454
|player|p2|A_TerroneVGC|265|1316
|gen|9
|tier|[Gen 9 Champions] VGC 2026 Reg M-B (Bo3)
|rated|
|rule|Species Clause: Limit one of each Pokémon
|rule|Item Clause: Limit 1 of each item
|clearpoke
|poke|p1|Dragonite, L50, M|
|poke|p1|Sneasler, L50, F|
|poke|p1|Sinistcha, L50|
|poke|p1|Incineroar, L50, M|
|poke|p1|Floette-Eternal, L50, F|
|poke|p1|Kingambit, L50, F|
|poke|p2|Charizard, L50, M|
|poke|p2|Basculegion, L50, M|
|poke|p2|Venusaur, L50, M|
|poke|p2|Archaludon, L50, M|
|poke|p2|Pelipper, L50, M|
|poke|p2|Grimmsnarl, L50, M|
|teampreview|4
|showteam|p1|Dragonite||LumBerry|Multiscale|DragonClaw,ExtremeSpeed,FirePunch,Protect|Adamant||M|||50|]Sneasler||FocusSash|PoisonTouch|FakeOut,CloseCombat,PoisonJab,Coaching|Jolly||F|||50|]Sinistcha||Leftovers|Hospitality|TrickRoom,MatchaGotcha,RagePowder,Protect|Bold|||||50|]Incineroar||SitrusBerry|Intimidate|FlareBlitz,DarkestLariat,PartingShot,FakeOut|Careful||M|||50|]Floette-Eternal||Floettite|FlowerVeil|DazzlingGleam,DrainingKiss,CalmMind,Protect|Modest||F|||50|]Kingambit||BlackGlasses|Defiant|KowtowCleave,SwordsDance,SuckerPunch,Protect|Adamant||F|||50|
|showteam|p2|Charizard||CharizarditeY|Blaze|HeatWave,SolarBeam,WeatherBall,Protect|Modest||M|||50|]Basculegion||ChoiceScarf|Adaptability|WaveCrash,LastRespects,FlipTurn,AquaJet|Jolly||M|||50|]Venusaur||FocusSash|Chlorophyll|SludgeBomb,EarthPower,SleepPowder,Protect|Modest||M|||50|]Archaludon||Leftovers|Stamina|FlashCannon,DragonPulse,ElectroShot,Protect|Calm||M|||50|]Pelipper||SitrusBerry|Drizzle|WeatherBall,Hurricane,Tailwind,WideGuard|Modest||M|||50|]Grimmsnarl||LightClay|Prankster|SpiritBreak,PartingShot,Reflect,LightScreen|Sassy||M|||50|
|inactive|Battle timer is ON: inactive players will automatically lose when time's up. (requested by elmono11)
|inactive|A_TerroneVGC has 60 seconds left.
|
|t:|1784145906
|teamsize|p1|4
|teamsize|p2|4
|start
|switch|p1a: Dragonite|Dragonite, L50, M|100/100
|switch|p1b: Sneasler|Sneasler, L50, F|100/100
|switch|p2a: Grimmsnarl|Grimmsnarl, L50, M|100/100
|switch|p2b: Charizard|Charizard, L50, M|100/100
|turn|1
|
|t:|1784145915
|move|p2b: Charizard|Protect|p2b: Charizard
|-singleturn|p2b: Charizard|Protect
|move|p2a: Grimmsnarl|Reflect|p2a: Grimmsnarl
|-sidestart|p2: A_TerroneVGC|Reflect
|move|p1b: Sneasler|Poison Jab|p2a: Grimmsnarl
|-supereffective|p2a: Grimmsnarl|1
|-damage|p2a: Grimmsnarl|38/100
|-status|p2a: Grimmsnarl|psn
|move|p1a: Dragonite|Dragon Claw|p2b: Charizard
|-activate|p2b: Charizard|move: Protect
|
|-damage|p2a: Grimmsnarl|25/100 psn|[from] psn
|upkeep
|turn|2
|
|t:|1784145931
|detailschange|p2b: Charizard|Charizard-Mega-Y, L50, M
|-mega|p2b: Charizard|Charizard|Charizardite Y
|-weather|SunnyDay|[from] ability: Drought|[of] p2b: Charizard
|move|p2a: Grimmsnarl|Light Screen|p2a: Grimmsnarl
|-sidestart|p2: A_TerroneVGC|move: Light Screen
|move|p1b: Sneasler|Coaching|p1a: Dragonite
|-boost|p1a: Dragonite|atk|1
|-boost|p1a: Dragonite|def|1
|move|p2b: Charizard|Heat Wave|p1a: Dragonite|[spread] p1a,p1b
|-resisted|p1a: Dragonite|1
|-damage|p1a: Dragonite|84/100
|-damage|p1b: Sneasler|15/100
|move|p1a: Dragonite|Dragon Claw|p2b: Charizard
|-damage|p2b: Charizard|50/100g
|
|-weather|SunnyDay|[upkeep]
|-damage|p2a: Grimmsnarl|13/100 psn|[from] psn
|upkeep
|turn|3
|
|t:|1784145951
|move|p1a: Dragonite|Extreme Speed|p2b: Charizard
|-damage|p2b: Charizard|13/100
|move|p2a: Grimmsnarl|Parting Shot|p1a: Dragonite
|-unboost|p1a: Dragonite|atk|1
|-unboost|p1a: Dragonite|spa|1
|
|t:|1784145960
|switch|p2a: Basculegion|Basculegion, L50, M|100/100|[from] Parting Shot
|move|p1b: Sneasler|Poison Jab|p2b: Charizard
|-damage|p2b: Charizard|0 fnt
|faint|p2b: Charizard
|
|-weather|SunnyDay|[upkeep]
|upkeep
|
|t:|1784145967
|switch|p2b: Grimmsnarl|Grimmsnarl, L50, M|13/100 psn
|turn|4
|
|t:|1784145975
|switch|p1b: Sinistcha|Sinistcha, L50|100/100
|-heal|p1a: Dragonite|100/100|[from] ability: Hospitality|[of] p1b: Sinistcha
|move|p2a: Basculegion|Last Respects|p1a: Dragonite
|-damage|p1a: Dragonite|80/100
|move|p1a: Dragonite|Dragon Claw|p2a: Basculegion
|-damage|p2a: Basculegion|66/100
|move|p2b: Grimmsnarl|Spirit Break|p1b: Sinistcha
|-damage|p1b: Sinistcha|74/100
|-unboost|p1b: Sinistcha|spa|1
|
|-weather|SunnyDay|[upkeep]
|-heal|p1b: Sinistcha|80/100|[from] item: Leftovers
|-damage|p2b: Grimmsnarl|1/100 psn|[from] psn
|upkeep
|turn|5
|
|t:|1784145996
|move|p2b: Grimmsnarl|Parting Shot|p1a: Dragonite
|-unboost|p1a: Dragonite|atk|1
|-unboost|p1a: Dragonite|spa|1
|
|t:|1784145999
|switch|p2b: Venusaur|Venusaur, L50, M|100/100|[from] Parting Shot
|move|p2a: Basculegion|Last Respects|p1b: Sinistcha
|-supereffective|p1b: Sinistcha|1
|-damage|p1b: Sinistcha|0 fnt
|faint|p1b: Sinistcha
|move|p1a: Dragonite|Dragon Claw|p2a: Basculegion
|-damage|p2a: Basculegion|42/100
|
|-weather|SunnyDay|[upkeep]
|upkeep
|
|t:|1784146005
|switch|p1b: Sneasler|Sneasler, L50, F|15/100
|turn|6
|
|t:|1784146018
|switch|p1a: Floette|Floette-Eternal, L50, F|100/100
|move|p1b: Sneasler|Fake Out|p2b: Venusaur
|-damage|p2b: Venusaur|87/100
|cant|p2b: Venusaur|flinch
|move|p2a: Basculegion|Last Respects|p1b: Sneasler
|-damage|p1b: Sneasler|0 fnt
|faint|p1b: Sneasler
|
|-weather|none
|upkeep
|
|t:|1784146025
|switch|p1b: Dragonite|Dragonite, L50, M|80/100
|turn|7
|inactive|A_TerroneVGC has 30 seconds left.
|inactive|elmono11 has 30 seconds left.
|
|t:|1784146056
|move|p1a: Floette|Protect|p1a: Floette
|-singleturn|p1a: Floette|Protect
|move|p2a: Basculegion|Last Respects|p1a: Floette
|-activate|p1a: Floette|move: Protect
|move|p2b: Venusaur|Sludge Bomb|p1a: Floette
|-activate|p1a: Floette|move: Protect
|move|p1b: Dragonite|Fire Punch|p2b: Venusaur
|-supereffective|p2b: Venusaur|1
|-damage|p2b: Venusaur|38/100
|-status|p2b: Venusaur|brn
|
|-damage|p2b: Venusaur|32/100 brn|[from] brn
|upkeep
|turn|8
|
|t:|1784146073
|detailschange|p1a: Floette|Floette-Mega, L50, F
|-mega|p1a: Floette|Floette|Floettite
|-ability|p1a: Floette|Fairy Aura
|move|p1b: Dragonite|Extreme Speed|p2b: Venusaur
|-damage|p2b: Venusaur|7/100 brn
|move|p2a: Basculegion|Last Respects|p1a: Floette
|-damage|p1a: Floette|45/100
|move|p1a: Floette|Dazzling Gleam|p2b: Venusaur|[spread] p2a,p2b
|-resisted|p2b: Venusaur|1
|-damage|p2a: Basculegion|10/100
|-damage|p2b: Venusaur|0 fnt
|faint|p2b: Venusaur
|
|-sideend|p2: A_TerroneVGC|Reflect
|upkeep
|
|t:|1784146085
|switch|p2b: Grimmsnarl|Grimmsnarl, L50, M|1/100 psn
|turn|9
|
|t:|1784146093
|move|p2a: Basculegion|Last Respects|p1b: Dragonite
|-damage|p1b: Dragonite|0 fnt
|faint|p1b: Dragonite
|move|p1a: Floette|Dazzling Gleam|p2b: Grimmsnarl|[spread] p2a,p2b
|-supereffective|p2b: Grimmsnarl|1
|-damage|p2a: Basculegion|0 fnt
|-damage|p2b: Grimmsnarl|0 fnt
|faint|p2a: Basculegion
|faint|p2b: Grimmsnarl
|
|win|elmono11
