|j|☆marcusquinn
|j|☆bogging
|html|marcusquinnbogging    
|uhtml|bestof|Game 3 of a best-of-3
|t:|1755640455
|gametype|doubles
|player|p1|marcusquinn|hilbert-wonderlauncher|1357
|player|p2|bogging|bugcatcher-gen4dp|1411
|gen|9
|tier|[Gen 9] VGC 2025 Reg H (Bo3)
|rated|
|rule|Species Clause: Limit one of each Pokémon
|rule|Item Clause: Limit 1 of each item
|clearpoke
|poke|p1|Archaludon, L50, M|
|poke|p1|Porygon2, L50|
|poke|p1|Incineroar, L50, M|
|poke|p1|Ursaluna, L50, M|
|poke|p1|Sneasler, L50, F|
|poke|p1|Dragonite, L50, F|
|poke|p2|Kingambit, L50, M|
|poke|p2|Gothitelle, L50, F|
|poke|p2|Amoonguss, L50, M|
|poke|p2|Incineroar, L50, F|
|poke|p2|Kommo-o, L50, F|
|poke|p2|Basculegion, L50, M|
|teampreview|4
|showteam|p1|Archaludon||PowerHerb|Sturdy|Protect,ElectroShot,DracoMeteor,FlashCannon|||M|||50|,,,,,Electric]Porygon2||Eviolite|Download|TeraBlast,IceBeam,Recover,TrickRoom||||||50|,,,,,Fighting]Incineroar||SitrusBerry|Intimidate|FlareBlitz,KnockOff,FakeOut,PartingShot|||M|||50|,,,,,Ghost]Ursaluna||FlameOrb|Guts|HeadlongRush,Facade,Earthquake,Protect|||M|||50|,,,,,Ghost]Sneasler||FocusSash|Unburden|Protect,CloseCombat,DireClaw,ThroatChop|||F|||50|,,,,,Stellar]Dragonite||LoadedDice|Multiscale|ScaleShot,Tailwind,Haze,Protect|||F|||50|,,,,,Steel
|showteam|p2|Kingambit||BlackGlasses|Defiant|SwordsDance,KowtowCleave,SuckerPunch,Protect|||M|||50|,,,,,Dark]Gothitelle||SitrusBerry|ShadowTag|FakeOut,HealPulse,Psychic,Protect|||F|||50|,,,,,Water]Amoonguss||MentalHerb|Regenerator|Spore,SludgeBomb,RagePowder,Protect|||M|||50|,,,,,Water]Incineroar||SafetyGoggles|Intimidate|KnockOff,PartingShot,FakeOut,FlareBlitz|||F|||50|,,,,,Ghost]Kommo-o||ThroatSpray|Overcoat|Protect,ClangorousSoul,AuraSphere,ClangingScales|||F|||50|,,,,,Steel]Basculegion||ChoiceScarf|Adaptability|WaveCrash,FlipTurn,LastRespects,TeraBlast|||M|||50|,,,,,Fighting
|inactive|Battle timer is ON: inactive players will automatically lose when time's up. (requested by marcusquinn)
|
|t:|1755640485
|teamsize|p1|4
|teamsize|p2|4
|start
|switch|p1a: Porygon2|Porygon2, L50, shiny|100/100
|switch|p1b: Dragonite|Dragonite, L50, F, shiny|100/100
|switch|p2a: Incineroar|Incineroar, L50, F|100/100
|switch|p2b: Kommo-o|Kommo-o, L50, F|100/100
|-ability|p2a: Incineroar|Intimidate|boost
|-unboost|p1a: Porygon2|atk|1
|-unboost|p1b: Dragonite|atk|1
|-ability|p1a: Porygon2|Download|boost
|-boost|p1a: Porygon2|spa|1
|turn|1
|inactive|marcusquinn has 30 seconds left.
|
|t:|1755640517
|switch|p1b: Ursaluna|Ursaluna, L50, M|100/100
|-terastallize|p2b: Kommo-o|Steel
|move|p2b: Kommo-o|Clanging Scales|p1b: Ursaluna|[spread] p1a,p1b
|-damage|p1a: Porygon2|80/100
|-damage|p1b: Ursaluna|68/100
|-unboost|p2b: Kommo-o|def|1
|-enditem|p2b: Kommo-o|Throat Spray
|-boost|p2b: Kommo-o|spa|1|[from] item: Throat Spray
|move|p2a: Incineroar|Parting Shot|p1a: Porygon2
|-unboost|p1a: Porygon2|atk|1
|-unboost|p1a: Porygon2|spa|1
|
|t:|1755640525
|switch|p2a: Gothitelle|Gothitelle, L50, F|100/100|[from] Parting Shot
|move|p1a: Porygon2|Trick Room|p1a: Porygon2
|-fieldstart|move: Trick Room|[of] p1a: Porygon2
|
|-status|p1b: Ursaluna|brn|[from] item: Flame Orb
|upkeep
|turn|2
|
|t:|1755640550
|-terastallize|p1b: Ursaluna|Ghost
|move|p2a: Gothitelle|Protect|p2a: Gothitelle
|-singleturn|p2a: Gothitelle|Protect
|move|p2b: Kommo-o|Protect|p2b: Kommo-o
|-singleturn|p2b: Kommo-o|Protect
|move|p1a: Porygon2|Tera Blast|p2a: Gothitelle
|-activate|p2a: Gothitelle|move: Protect
|move|p1b: Ursaluna|Earthquake|p2b: Kommo-o|[spread] p1a
|-activate|p2a: Gothitelle|move: Protect
|-activate|p2b: Kommo-o|move: Protect
|-damage|p1a: Porygon2|37/100
|
|-damage|p1b: Ursaluna|62/100 brn|[from] brn
|upkeep
|turn|3
|inactive|marcusquinn has 30 seconds left.
|
|t:|1755640584
|switch|p2b: Incineroar|Incineroar, L50, F|100/100
|-ability|p2b: Incineroar|Intimidate|boost
|-unboost|p1a: Porygon2|atk|1
|-unboost|p1b: Ursaluna|atk|1
|move|p1a: Porygon2|Recover|p1a: Porygon2
|-heal|p1a: Porygon2|87/100
|move|p2a: Gothitelle|Psychic|p1b: Ursaluna
|-damage|p1b: Ursaluna|31/100 brn
|move|p1b: Ursaluna|Facade|p2a: Gothitelle
|-damage|p2a: Gothitelle|34/100
|-enditem|p2a: Gothitelle|Sitrus Berry|[eat]
|-heal|p2a: Gothitelle|59/100|[from] item: Sitrus Berry
|
|-damage|p1b: Ursaluna|26/100 brn|[from] brn
|upkeep
|turn|4
|inactive|marcusquinn has 30 seconds left.
|inactive|marcusquinn has 20 seconds left.
|inactive|marcusquinn has 15 seconds left.
|inactive|marcusquinn has 10 seconds left.
|
|t:|1755640630
|move|p1a: Porygon2|Tera Blast|p2a: Gothitelle
|-damage|p2a: Gothitelle|28/100
|move|p2b: Incineroar|Knock Off|p1a: Porygon2
|-damage|p1a: Porygon2|62/100
|-enditem|p1a: Porygon2|Eviolite|[from] move: Knock Off|[of] p2b: Incineroar
|move|p2a: Gothitelle|Psychic|p1b: Ursaluna
|-crit|p1b: Ursaluna
|-damage|p1b: Ursaluna|0 fnt
|faint|p1b: Ursaluna
|
|upkeep
|
|t:|1755640641
|switch|p1b: Dragonite|Dragonite, L50, F, shiny|100/100
|turn|5
|inactive|bogging has 30 seconds left.
|inactive|bogging has 20 seconds left.
|
|t:|1755640681
|move|p1b: Dragonite|Protect|p1b: Dragonite
|-singleturn|p1b: Dragonite|Protect
|move|p1a: Porygon2|Tera Blast|p2a: Gothitelle
|-damage|p2a: Gothitelle|0 fnt
|faint|p2a: Gothitelle
|move|p2b: Incineroar|Parting Shot|p1a: Porygon2
|-unboost|p1a: Porygon2|atk|1
|-unboost|p1a: Porygon2|spa|1
|
|t:|1755640684
|switch|p2b: Amoonguss|Amoonguss, L50, M|100/100|[from] Parting Shot
|
|-fieldend|move: Trick Room
|upkeep
|
|t:|1755640686
|switch|p2a: Kommo-o|Kommo-o, L50, F, tera:Steel|100/100
|turn|6
|
|t:|1755640706
|move|p1b: Dragonite|Scale Shot|p2b: Amoonguss
|-damage|p2b: Amoonguss|90/100
|-damage|p2b: Amoonguss|79/100
|-damage|p2b: Amoonguss|67/100
|-damage|p2b: Amoonguss|57/100
|-damage|p2b: Amoonguss|46/100
|-hitcount|p2b: Amoonguss|5
|-unboost|p1b: Dragonite|def|1
|-boost|p1b: Dragonite|spe|1
|move|p2a: Kommo-o|Clangorous Soul|p2a: Kommo-o
|-boost|p2a: Kommo-o|atk|1
|-boost|p2a: Kommo-o|def|1
|-boost|p2a: Kommo-o|spa|1
|-boost|p2a: Kommo-o|spd|1
|-boost|p2a: Kommo-o|spe|1
|-damage|p2a: Kommo-o|68/100
|move|p1a: Porygon2|Ice Beam|p2b: Amoonguss
|-supereffective|p2b: Amoonguss
|-damage|p2b: Amoonguss|10/100
|move|p2b: Amoonguss|Spore|p1b: Dragonite
|-status|p1b: Dragonite|slp|[from] move: Spore
|
|upkeep
|turn|7
|inactive|marcusquinn has 30 seconds left.
|inactive|marcusquinn has 20 seconds left.
|inactive|marcusquinn has 15 seconds left.
|inactive|marcusquinn has 10 seconds left.
|inactive|marcusquinn has 5 seconds left.
|
|t:|1755640757
|cant|p1b: Dragonite|slp
|move|p2a: Kommo-o|Aura Sphere|p1a: Porygon2
|-supereffective|p1a: Porygon2
|-crit|p1a: Porygon2
|-damage|p1a: Porygon2|0 fnt
|faint|p1a: Porygon2
|move|p2b: Amoonguss|Sludge Bomb|p1b: Dragonite
|-damage|p1b: Dragonite|86/100 slp
|
|upkeep
|
|t:|1755640765
|switch|p1a: Sneasler|Sneasler, L50, F|100/100
|turn|8
|
|t:|1755640775
|cant|p1b: Dragonite|slp
|move|p2b: Amoonguss|Rage Powder|p2b: Amoonguss
|-singleturn|p2b: Amoonguss|move: Rage Powder
|move|p2a: Kommo-o|Clanging Scales|p1b: Dragonite|[spread] p1a,p1b
|-supereffective|p1b: Dragonite
|-damage|p1a: Sneasler|29/100
|-damage|p1b: Dragonite|0 fnt
|faint|p1b: Dragonite
|-unboost|p2a: Kommo-o|def|1
|move|p1a: Sneasler|Close Combat|p2b: Amoonguss
|-resisted|p2b: Amoonguss
|-damage|p2b: Amoonguss|0 fnt
|-unboost|p1a: Sneasler|def|1
|-unboost|p1a: Sneasler|spd|1
|faint|p2b: Amoonguss
|
|upkeep
|
|t:|1755640787
|switch|p2b: Incineroar|Incineroar, L50, F|100/100
|-ability|p2b: Incineroar|Intimidate|boost
|-unboost|p1a: Sneasler|atk|1
|turn|9
|
|t:|1755640795
|move|p1a: Sneasler|Protect|p1a: Sneasler
|-singleturn|p1a: Sneasler|Protect
|move|p2a: Kommo-o|Clanging Scales|p1a: Sneasler
|-activate|p1a: Sneasler|move: Protect
|move|p2b: Incineroar|Flare Blitz|p1a: Sneasler
|-activate|p1a: Sneasler|move: Protect
|
|upkeep
|turn|10
|
|t:|1755640804
|move|p2a: Kommo-o|Clanging Scales|p1a: Sneasler
|-damage|p1a: Sneasler|0 fnt
|faint|p1a: Sneasler
|
|win|bogging
|raw|marcusquinn's rating: 1357 → 1340(-17 for losing)
|raw|bogging's rating: 1411 → 1428(+17 for winning)
|l|☆bogging
|player|p2|
