|j|☆itsclaudio22
|j|☆new mental
|html|itsclaudio22new mental    
|uhtml|bestof|Game 1 of a best-of-3
|t:|1783853377
|gametype|doubles
|player|p1|itsclaudio22|266|1179
|player|p2|new mental|volkner|1221
|gen|9
|tier|[Gen 9 Champions] VGC 2026 Reg M-B (Bo3)
|rated|
|rule|Species Clause: Limit one of each Pokémon
|rule|Item Clause: Limit 1 of each item
|clearpoke
|poke|p1|Garchomp, L50, F|
|poke|p1|Whimsicott, L50, M|
|poke|p1|Metagross, L50|
|poke|p1|Staraptor, L50, F|
|poke|p1|Ceruledge, L50, M|
|poke|p1|Farigiraf, L50, F|
|poke|p2|Charizard, L50, M|
|poke|p2|Kingambit, L50, F|
|poke|p2|Sylveon, L50, F|
|poke|p2|Garchomp, L50, M|
|poke|p2|Aerodactyl, L50, M|
|poke|p2|Farigiraf, L50, F|
|teampreview|4
|showteam|p1|Garchomp||LifeOrb|RoughSkin|DragonClaw,StompingTantrum,RockSlide,Protect|Jolly||F|||50|]Whimsicott||FocusSash|Prankster|Tailwind,Moonblast,Charm,Encore|Timid||M|||50|]Metagross||Metagrossite|ClearBody|IronDefense,PsychicFangs,StompingTantrum,Protect|Adamant|||||50|]Staraptor||Staraptite|Intimidate|CloseCombat,BraveBird,Roost,Protect|Jolly||F|||50|]Ceruledge||ColburBerry|FlashFire|BitterBlade,ShadowSneak,BulkUp,Protect|Adamant||M|||50|]Farigiraf||SitrusBerry|ArmorTail|Psychic,Thunderbolt,TrickRoom,HelpingHand|Calm||F|||50|
|showteam|p2|Charizard||CharizarditeY|SolarPower|Protect,HeatWave,SolarBeam,WeatherBall|Modest||M|||50|]Kingambit||FocusSash|Defiant|IronHead,SuckerPunch,KowtowCleave,LowKick|Adamant||F|||50|]Sylveon||FairyFeather|Pixilate|Detect,HyperVoice,HyperBeam,QuickAttack|Modest||F|||50|]Garchomp||LifeOrb|RoughSkin|Protect,DragonClaw,Earthquake,RockSlide|Jolly||M|||50|]Aerodactyl||Aerodactylite|Unnerve|IceFang,RockSlide,Tailwind,DualWingbeat|Jolly||M|||50|]Farigiraf||SitrusBerry|ArmorTail|TrickRoom,Psychic,Thunderbolt,Roar|Bold||F|||50|
|inactive|Battle timer is ON: inactive players will automatically lose when time's up. (requested by new mental)
|c|☆itsclaudio22|glhf
|
|t:|1783853406
|teamsize|p1|4
|teamsize|p2|4
|start
|switch|p1a: Metagross|Metagross, L50|100/100
|switch|p1b: Whimsicott|Whimsicott, L50, M|100/100
|switch|p2a: Aerodactyl|Aerodactyl, L50, M|100/100
|switch|p2b: Kingambit|Kingambit, L50, F|100/100
|-ability|p2a: Aerodactyl|Unnerve
|turn|1
|c|☆itsclaudio22|i have iron defense instead of iron head
|inactive|itsclaudio22 has 30 seconds left.
|inactive|new mental has 30 seconds left.
|c|☆itsclaudio22|omg im stupid
|c|☆new mental|hahahah
|inactive|itsclaudio22 has 20 seconds left.
|c|☆new mental|ayer estaba jugando un torneo
|inactive|itsclaudio22 has 15 seconds left.
|inactive|itsclaudio22 has 10 seconds left.
|
|t:|1783853452
|detailschange|p2a: Aerodactyl|Aerodactyl-Mega, L50, M
|-mega|p2a: Aerodactyl|Aerodactyl|Aerodactylite
|detailschange|p1a: Metagross|Metagross-Mega, L50
|-mega|p1a: Metagross|Metagross|Metagrossite
|move|p1b: Whimsicott|Tailwind|p1b: Whimsicott
|-sidestart|p1: itsclaudio22|move: Tailwind
|move|p1a: Metagross|Stomping Tantrum|p2b: Kingambit
|-supereffective|p2b: Kingambit|1
|-damage|p2b: Kingambit|32/100
|move|p2a: Aerodactyl|Tailwind|p2a: Aerodactyl
|-sidestart|p2: new mental|move: Tailwind
|move|p2b: Kingambit|Kowtow Cleave|p1a: Metagross
|-supereffective|p1a: Metagross|1
|-damage|p1a: Metagross|25/100
|
|upkeep
|turn|2
|c|☆new mental|y puse foul play en vez de sucker punch
|c|☆itsclaudio22|hashahaha
|c|☆new mental|no te creas que soy mucho mas inteligente jajaja
|
|t:|1783853474
|switch|p1a: Garchomp|Garchomp, L50, F|100/100
|move|p2b: Kingambit|Sucker Punch||[still]
|-fail|p2b: Kingambit
|move|p2a: Aerodactyl|Dual Wingbeat|p1b: Whimsicott|[miss]
|-miss|p2a: Aerodactyl|p1b: Whimsicott
|move|p1b: Whimsicott|Moonblast|p2b: Kingambit
|-damage|p2b: Kingambit|0 fnt
|faint|p2b: Kingambit
|
|upkeep
|
|t:|1783853484
|switch|p2b: Sylveon|Sylveon, L50, F|100/100
|turn|3
|
|t:|1783853491
|switch|p1a: Ceruledge|Ceruledge, L50, M|100/100
|move|p1b: Whimsicott|Charm|p2a: Aerodactyl
|-unboost|p2a: Aerodactyl|atk|2
|move|p2a: Aerodactyl|Ice Fang|p1a: Ceruledge
|-resisted|p1a: Ceruledge|1
|-damage|p1a: Ceruledge|91/100
|move|p2b: Sylveon|Hyper Voice|p1b: Whimsicott|[spread] p1a,p1b
|-resisted|p1a: Ceruledge|1
|-damage|p1a: Ceruledge|68/100
|-damage|p1b: Whimsicott|14/100
|
|upkeep
|turn|4
|
|t:|1783853513
|switch|p2a: Garchomp|Garchomp, L50, M|100/100
|move|p1b: Whimsicott|Encore||[still]
|-fail|p1b: Whimsicott
|move|p1a: Ceruledge|Bitter Blade|p2b: Sylveon
|-damage|p2b: Sylveon|42/100
|-heal|p1a: Ceruledge|96/100|[from] drain|[of] p2b: Sylveon
|move|p2b: Sylveon|Hyper Voice|p1b: Whimsicott|[spread] p1a,p1b
|-resisted|p1a: Ceruledge|1
|-crit|p1b: Whimsicott
|-damage|p1a: Ceruledge|72/100
|-damage|p1b: Whimsicott|0 fnt
|faint|p1b: Whimsicott
|
|-sideend|p1: itsclaudio22|move: Tailwind
|-sideend|p2: new mental|move: Tailwind
|upkeep
|
|t:|1783853527
|switch|p1b: Garchomp|Garchomp, L50, F|100/100
|turn|5
|
|t:|1783853534
|move|p2a: Garchomp|Protect|p2a: Garchomp
|-singleturn|p2a: Garchomp|Protect
|move|p1b: Garchomp|Dragon Claw|p2a: Garchomp
|-activate|p2a: Garchomp|move: Protect
|move|p1a: Ceruledge|Bitter Blade|p2b: Sylveon
|-damage|p2b: Sylveon|0 fnt
|-heal|p1a: Ceruledge|93/100|[from] drain|[of] p2b: Sylveon
|faint|p2b: Sylveon
|
|upkeep
|
|t:|1783853541
|switch|p2b: Aerodactyl|Aerodactyl-Mega, L50, M|100/100
|turn|6
|
|t:|1783853549
|switch|p1b: Metagross|Metagross-Mega, L50|25/100
|move|p2b: Aerodactyl|Ice Fang|p1b: Metagross
|-resisted|p1b: Metagross|1
|-damage|p1b: Metagross|15/100
|move|p2a: Garchomp|Earthquake|p1a: Ceruledge|[spread] p1a,p1b
|-immune|p2b: Aerodactyl
|-supereffective|p1a: Ceruledge|1
|-supereffective|p1b: Metagross|1
|-damage|p1a: Ceruledge|0 fnt
|-damage|p1b: Metagross|0 fnt
|faint|p1a: Ceruledge
|faint|p1b: Metagross
|-damage|p2a: Garchomp|90/100|[from] item: Life Orb
|
|upkeep
|
|t:|1783853564
|switch|p1a: Garchomp|Garchomp, L50, F|100/100
|turn|7
|-message|itsclaudio22 forfeited.
|
|win|new mental
||itsclaudio22 is ready for game 2.
||new mental is ready for game 2.
|uhtml|next|Next: Game 2 of 3
|l|☆itsclaudio22
|player|p1|
