|j|☆RamonTheKiller
|j|☆Checkmath
|html|RamonTheKillerCheckmath    
|uhtml|bestof|Game 1 of a best-of-3
|t:|1785174828
|gametype|doubles
|player|p1|RamonTheKiller|169|1082
|player|p2|Checkmath|red|1096
|gen|9
|tier|[Gen 9 Champions] VGC 2026 Reg M-B (Bo3)
|rated|
|rule|Species Clause: Limit one of each Pokémon
|rule|Item Clause: Limit 1 of each item
|clearpoke
|poke|p1|Venusaur, L50, M|
|poke|p1|Charizard, L50, M|
|poke|p1|Grimmsnarl, L50, M|
|poke|p1|Archaludon, L50, F|
|poke|p1|Basculegion, L50, M|
|poke|p1|Pelipper, L50, F|
|poke|p2|Charizard, L50, M|
|poke|p2|Archaludon, L50, M|
|poke|p2|Basculegion, L50, M|
|poke|p2|Venusaur, L50, M|
|poke|p2|Grimmsnarl, L50, M|
|poke|p2|Pelipper, L50, M|
|teampreview|4
|showteam|p1|Venusaur||LifeOrb|Chlorophyll|SludgeBomb,WeatherBall,EnergyBall,Protect|Modest||M|||50|]Charizard||CharizarditeY|Blaze|Protect,HeatWave,SolarBeam,WeatherBall|Modest||M|||50|]Grimmsnarl||LightClay|Prankster|SpiritBreak,LightScreen,Reflect,PartingShot|Sassy||M|||50|]Archaludon||Leftovers|Stamina|ElectroShot,DragonPulse,FlashCannon,Protect|Calm||F|||50|]Basculegion||ChoiceScarf|Adaptability|WaveCrash,LastRespects,AquaJet,FlipTurn|Jolly||M|||50|]Pelipper||SitrusBerry|Drizzle|Hurricane,WeatherBall,Tailwind,WideGuard|Modest||F|||50|
|showteam|p2|Charizard||CharizarditeY|SolarPower|HeatWave,WeatherBall,SolarBeam,Protect|Modest||M|||50|]Archaludon||Leftovers|Stamina|FlashCannon,DragonPulse,ElectroShot,Protect|Modest||M|||50|]Basculegion||ChoiceScarf|Adaptability|WaveCrash,LastRespects,FlipTurn,AquaJet|Adamant||M|||50|]Venusaur||Venusaurite|Chlorophyll|SludgeBomb,EarthPower,SleepPowder,Protect|Modest||M|||50|]Grimmsnarl||LightClay|Prankster|LightScreen,Reflect,PartingShot,FoulPlay|Careful||M|||50|]Pelipper||FocusSash|Drizzle|Hurricane,WeatherBall,WideGuard,Tailwind|Timid||M|||50|
|inactive|Battle timer is ON: inactive players will automatically lose when time's up. (requested by RamonTheKiller)
|
|t:|1785174896
|teamsize|p1|4
|teamsize|p2|4
|start
|switch|p1a: Charizard|Charizard, L50, M|100/100
|switch|p1b: Venusaur|Venusaur, L50, M|100/100
|switch|p2a: Archaludon|Archaludon, L50, M|100/100
|switch|p2b: Grimmsnarl|Grimmsnarl, L50, M|100/100
|turn|1
|
|t:|1785174918
|detailschange|p1a: Charizard|Charizard-Mega-Y, L50, M
|-mega|p1a: Charizard|Charizard|Charizardite Y
|-weather|SunnyDay|[from] ability: Drought|[of] p1a: Charizard
|move|p1a: Charizard|Protect|p1a: Charizard
|-singleturn|p1a: Charizard|Protect
|move|p2b: Grimmsnarl|Parting Shot|p1a: Charizard
|-activate|p1a: Charizard|move: Protect
|move|p1b: Venusaur|Weather Ball|p2a: Archaludon
|-damage|p2a: Archaludon|31/100
|-ability|p2a: Archaludon|Stamina|boost
|-boost|p2a: Archaludon|def|1
|-damage|p1b: Venusaur|90/100|[from] item: Life Orb
|move|p2a: Archaludon|Electro Shot||[still]
|-prepare|p2a: Archaludon|Electro Shot
|-boost|p2a: Archaludon|spa|1
|
|-weather|SunnyDay|[upkeep]
|-heal|p2a: Archaludon|38/100|[from] item: Leftovers
|upkeep
|turn|2
|inactive|RamonTheKiller has 30 seconds left.
|inactive|Checkmath has 30 seconds left.
|inactive|Checkmath has 20 seconds left.
|
|t:|1785174955
|switch|p1a: Archaludon|Archaludon, L50, F|100/100
|switch|p2b: Pelipper|Pelipper, L50, M|100/100
|-weather|RainDance|[from] ability: Drizzle|[of] p2b: Pelipper
|move|p1b: Venusaur|Weather Ball|p2a: Archaludon
|-resisted|p2a: Archaludon|1
|-damage|p2a: Archaludon|1/100
|-ability|p2a: Archaludon|Stamina|boost
|-boost|p2a: Archaludon|def|1
|-damage|p1b: Venusaur|80/100|[from] item: Life Orb
|move|p2a: Archaludon|Electro Shot|p1a: Archaludon|[from] lockedmove
|-resisted|p1a: Archaludon|1
|-damage|p1a: Archaludon|73/100
|-ability|p1a: Archaludon|Stamina|boost
|-boost|p1a: Archaludon|def|1
|
|-weather|RainDance|[upkeep]
|-heal|p2a: Archaludon|7/100|[from] item: Leftovers
|-heal|p1a: Archaludon|79/100|[from] item: Leftovers
|upkeep
|turn|3
|inactive|RamonTheKiller has 30 seconds left.
|inactive|Checkmath has 30 seconds left.
|inactive|Checkmath has 20 seconds left.
|
|t:|1785174990
|move|p1b: Venusaur|Weather Ball|p2a: Archaludon
|-resisted|p2a: Archaludon|1
|-damage|p2a: Archaludon|0 fnt
|faint|p2a: Archaludon
|-damage|p1b: Venusaur|71/100|[from] item: Life Orb
|move|p2b: Pelipper|Tailwind|p2b: Pelipper
|-sidestart|p2: Checkmath|move: Tailwind
|move|p1a: Archaludon|Electro Shot||[still]
|-prepare|p1a: Archaludon|Electro Shot
|-boost|p1a: Archaludon|spa|1
|-anim|p1a: Archaludon|Electro Shot|p2b: Pelipper
|-supereffective|p2b: Pelipper|2
|-enditem|p2b: Pelipper|Focus Sash
|-damage|p2b: Pelipper|1/100
|
|-weather|RainDance|[upkeep]
|-heal|p1a: Archaludon|85/100|[from] item: Leftovers
|upkeep
|
|t:|1785175007
|switch|p2a: Charizard|Charizard, L50, M|100/100
|turn|4
|
|t:|1785175025
|detailschange|p2a: Charizard|Charizard-Mega-Y, L50, M
|-mega|p2a: Charizard|Charizard|Charizardite Y
|-weather|SunnyDay|[from] ability: Drought|[of] p2a: Charizard
|move|p1a: Archaludon|Protect|p1a: Archaludon
|-singleturn|p1a: Archaludon|Protect
|move|p2a: Charizard|Heat Wave|p1a: Archaludon|[spread] p1b
|-activate|p1a: Archaludon|move: Protect
|-supereffective|p1b: Venusaur|1
|-damage|p1b: Venusaur|0 fnt
|faint|p1b: Venusaur
|move|p2b: Pelipper|Weather Ball|p1a: Archaludon
|-activate|p1a: Archaludon|move: Protect
|
|-weather|SunnyDay|[upkeep]
|-heal|p1a: Archaludon|91/100|[from] item: Leftovers
|upkeep
|
|t:|1785175040
|switch|p1b: Charizard|Charizard-Mega-Y, L50, M|100/100
|turn|5
|inactive|Checkmath has 30 seconds left.
|inactive|Checkmath has 20 seconds left.
|inactive|Checkmath has 15 seconds left.
|inactive|Checkmath has 10 seconds left.
|
|t:|1785175087
|move|p2a: Charizard|Protect|p2a: Charizard
|-singleturn|p2a: Charizard|Protect
|move|p2b: Pelipper|Weather Ball|p1b: Charizard
|-resisted|p1b: Charizard|1
|-damage|p1b: Charizard|81/100
|move|p1b: Charizard|Heat Wave|p2a: Charizard|[spread] p2b
|-activate|p2a: Charizard|move: Protect
|-resisted|p2b: Pelipper|1
|-damage|p2b: Pelipper|0 fnt
|faint|p2b: Pelipper
|move|p1a: Archaludon|Dragon Pulse|p2a: Charizard
|-activate|p2a: Charizard|move: Protect
|
|-weather|SunnyDay|[upkeep]
|-heal|p1a: Archaludon|97/100|[from] item: Leftovers
|upkeep
|
|t:|1785175101
|switch|p2b: Grimmsnarl|Grimmsnarl, L50, M|100/100
|turn|6
|
|t:|1785175111
|move|p1b: Charizard|Protect|p1b: Charizard
|-singleturn|p1b: Charizard|Protect
|move|p1a: Archaludon|Protect|p1a: Archaludon
|-singleturn|p1a: Archaludon|Protect
|move|p2b: Grimmsnarl|Light Screen|p2b: Grimmsnarl
|-sidestart|p2: Checkmath|move: Light Screen
|move|p2a: Charizard|Weather Ball|p1a: Archaludon
|-activate|p1a: Archaludon|move: Protect
|
|-weather|SunnyDay|[upkeep]
|-heal|p1a: Archaludon|100/100|[from] item: Leftovers
|-sideend|p2: Checkmath|move: Tailwind
|upkeep
|turn|7
|
|t:|1785175127
|move|p2b: Grimmsnarl|Parting Shot|p1a: Archaludon
|-unboost|p1a: Archaludon|atk|1
|-unboost|p1a: Archaludon|spa|1
|move|p2a: Charizard|Weather Ball|p1a: Archaludon
|-damage|p1a: Archaludon|13/100
|-ability|p1a: Archaludon|Stamina|boost
|-boost|p1a: Archaludon|def|1
|move|p1b: Charizard|Weather Ball|p2b: Grimmsnarl
|-damage|p2b: Grimmsnarl|48/100
|move|p1a: Archaludon|Flash Cannon|p2b: Grimmsnarl
|-supereffective|p2b: Grimmsnarl|1
|-damage|p2b: Grimmsnarl|5/100
|
|-weather|SunnyDay|[upkeep]
|-heal|p1a: Archaludon|19/100|[from] item: Leftovers
|upkeep
|turn|8
|inactive|Checkmath has 30 seconds left.
|
|t:|1785175152
|move|p1a: Archaludon|Protect|p1a: Archaludon
|-singleturn|p1a: Archaludon|Protect
|move|p2b: Grimmsnarl|Parting Shot|p1b: Charizard
|-unboost|p1b: Charizard|atk|1
|-unboost|p1b: Charizard|spa|1
|move|p2a: Charizard|Heat Wave|p1a: Archaludon|[spread] p1b
|-activate|p1a: Archaludon|move: Protect
|-resisted|p1b: Charizard|1
|-damage|p1b: Charizard|51/100
|move|p1b: Charizard|Heat Wave|p2b: Grimmsnarl|[spread] p2a,p2b
|-resisted|p2a: Charizard|1
|-damage|p2a: Charizard|86/100
|-damage|p2b: Grimmsnarl|0 fnt
|faint|p2b: Grimmsnarl
|
|-weather|none
|-heal|p1a: Archaludon|25/100|[from] item: Leftovers
|upkeep
|turn|9
|
|t:|1785175168
|move|p2a: Charizard|Heat Wave|p1a: Archaludon|[spread] p1a,p1b
|-resisted|p1b: Charizard|1
|-damage|p1a: Archaludon|0 fnt
|-damage|p1b: Charizard|31/100
|faint|p1a: Archaludon
|move|p1b: Charizard|Heat Wave|p2a: Charizard
|-resisted|p2a: Charizard|1
|-damage|p2a: Charizard|74/100
|
|upkeep
|
|t:|1785175171
|switch|p1a: Basculegion|Basculegion, L50, M|100/100
|turn|10
|
|t:|1785175178
|move|p1a: Basculegion|Wave Crash|p2a: Charizard
|-supereffective|p2a: Charizard|1
|-damage|p2a: Charizard|0 fnt
|faint|p2a: Charizard
|-damage|p1a: Basculegion|78/100|[from] Recoil
|
|win|RamonTheKiller
