|j|☆wodaiogien
|j|☆divra7
|html|wodaiogiendivra7    
|uhtml|bestof|Game 1 of a best-of-3
|t:|1782319306
|gametype|doubles
|player|p1|wodaiogien|170|1108
|player|p2|divra7|169|1145
|gen|9
|tier|[Gen 9 Champions] VGC 2026 Reg M-B (Bo3)
|rated|
|rule|Species Clause: Limit one of each Pokémon
|rule|Item Clause: Limit 1 of each item
|clearpoke
|poke|p1|Talonflame, L50, M|
|poke|p1|Tsareena, L50, F|
|poke|p1|Raichu, L50, M|
|poke|p1|Basculegion, L50, M|
|poke|p1|Kingambit, L50, M|
|poke|p1|Sneasler, L50, F|
|poke|p2|Delphox, L50, F|
|poke|p2|Ninetales, L50, F|
|poke|p2|Tsareena, L50, F|
|poke|p2|Whimsicott, L50, M|
|poke|p2|Floette-Eternal, L50, F|
|poke|p2|Basculegion, L50, M|
|teampreview|4
|showteam|p1|Talonflame||FocusSash|FlameBody|DualWingbeat,Tailwind,FlareBlitz,Protect|Jolly||M|||50|]Tsareena||WideLens|QueenlyMajesty|TripleAxel,SeedBomb,HighJumpKick,Protect|Adamant||F|||50|]Raichu||RaichuniteY|LightningRod|ZapCannon,FocusBlast,FakeOut,Protect|Timid||M|||50|]Basculegion||LifeOrb|Adaptability|WaveCrash,AquaJet,LastRespects,Protect|Adamant||M|||50|]Kingambit||ChopleBerry|Defiant|KowtowCleave,SuckerPunch,IronHead,Protect|Adamant||M|||50|]Sneasler||WhiteHerb|Unburden|Protect,DireClaw,CloseCombat,FakeOut|Adamant||F|||50|
|showteam|p2|Delphox||Delphoxite|Blaze|HeatWave,MysticalFire,Psychic,Protect|Timid||F|||50|]Ninetales||ChoiceScarf|Drought|Overheat,HeatWave,SolarBeam,FakeTears|Modest||F|||50|]Tsareena||MiracleSeed|QueenlyMajesty|TropKick,TripleAxel,LowKick,Protect|Adamant||F|||50|]Whimsicott||FocusSash|Prankster|Moonblast,Tailwind,SunnyDay,Protect|Timid||M|||50|]Floette-Eternal||Floettite|FlowerVeil|Moonblast,DazzlingGleam,LightofRuin,Protect|Timid||F|||50|]Basculegion||LifeOrb|Adaptability|WaveCrash,LastRespects,AquaJet,Protect|Adamant||M|||50|
|inactive|Battle timer is ON: inactive players will automatically lose when time's up. (requested by divra7)
|inactive|wodaiogien has 60 seconds left.
|inactive|divra7 has 60 seconds left.
|inactive|divra7 has 30 seconds left.
|
|t:|1782319374
|teamsize|p1|4
|teamsize|p2|4
|start
|switch|p1a: Talonflame|Talonflame, L50, M|100/100
|switch|p1b: Raichu|Raichu, L50, M|100/100
|switch|p2a: Delphox|Delphox, L50, F|100/100
|switch|p2b: Whimsicott|Whimsicott, L50, M|100/100
|turn|1
|
|t:|1782319387
|switch|p2a: Tsareena|Tsareena, L50, F|100/100
|detailschange|p1b: Raichu|Raichu-Mega-Y, L50, M
|-mega|p1b: Raichu|Raichu|Raichunite Y
|move|p1b: Raichu|Fake Out||[still]
|cant|p2a: Tsareena|ability: Queenly Majesty|Fake Out|[of] p1b: Raichu
|move|p1a: Talonflame|Tailwind|p1a: Talonflame
|-sidestart|p1: wodaiogien|move: Tailwind
|move|p2b: Whimsicott|Moonblast|p1b: Raichu
|-damage|p1b: Raichu|55/100
|
|upkeep
|turn|2
|
|t:|1782319412
|move|p1b: Raichu|Zap Cannon|p2a: Tsareena
|-resisted|p2a: Tsareena|1
|-damage|p2a: Tsareena|61/100
|-status|p2a: Tsareena|par
|move|p1a: Talonflame|Dual Wingbeat|p2a: Tsareena
|-supereffective|p2a: Tsareena|1
|-damage|p2a: Tsareena|21/100 par
|-supereffective|p2a: Tsareena|1
|-damage|p2a: Tsareena|0 fnt
|faint|p2a: Tsareena
|-hitcount|p2: Tsareena|2
|move|p2b: Whimsicott|Moonblast|p1b: Raichu
|-damage|p1b: Raichu|6/100
|
|upkeep
|c|☆divra7|flame body WHAT
|
|t:|1782319434
|switch|p2a: Delphox|Delphox, L50, F|100/100
|turn|3
|inactive|wodaiogien has 30 seconds left.
|
|t:|1782319464
|detailschange|p2a: Delphox|Delphox-Mega, L50, F
|-mega|p2a: Delphox|Delphox|Delphoxite
|move|p1b: Raichu|Protect|p1b: Raichu
|-singleturn|p1b: Raichu|Protect
|move|p2b: Whimsicott|Tailwind|p2b: Whimsicott
|-sidestart|p2: divra7|move: Tailwind
|move|p2a: Delphox|Psychic|p1b: Raichu
|-activate|p1b: Raichu|move: Protect
|move|p1a: Talonflame|Dual Wingbeat|p2b: Whimsicott
|-supereffective|p2b: Whimsicott|1
|-damage|p2b: Whimsicott|54/100
|-supereffective|p2b: Whimsicott|1
|-damage|p2b: Whimsicott|5/100
|-hitcount|p2b: Whimsicott|2
|
|upkeep
|turn|4
|
|t:|1782319487
|move|p2b: Whimsicott|Protect|p2b: Whimsicott
|-singleturn|p2b: Whimsicott|Protect
|move|p2a: Delphox|Protect|p2a: Delphox
|-singleturn|p2a: Delphox|Protect
|move|p1b: Raichu|Zap Cannon|p2a: Delphox
|-activate|p2a: Delphox|move: Protect
|move|p1a: Talonflame|Dual Wingbeat|p2b: Whimsicott
|-activate|p2b: Whimsicott|move: Protect
|
|-sideend|p1: wodaiogien|move: Tailwind
|upkeep
|turn|5
|
|t:|1782319500
|move|p1b: Raichu|Protect|p1b: Raichu
|-singleturn|p1b: Raichu|Protect
|move|p2a: Delphox|Heat Wave|p1a: Talonflame|[spread] p1a
|-activate|p1b: Raichu|move: Protect
|-resisted|p1a: Talonflame|1
|-damage|p1a: Talonflame|67/100
|move|p2b: Whimsicott|Moonblast|p1b: Raichu
|-activate|p1b: Raichu|move: Protect
|move|p1a: Talonflame|Tailwind|p1a: Talonflame
|-sidestart|p1: wodaiogien|move: Tailwind
|
|upkeep
|turn|6
|
|t:|1782319519
|move|p2b: Whimsicott|Protect|p2b: Whimsicott
|-singleturn|p2b: Whimsicott|Protect
|move|p1b: Raichu|Protect||[still]
|-fail|p1b: Raichu
|move|p1a: Talonflame|Protect|p1a: Talonflame
|-singleturn|p1a: Talonflame|Protect
|move|p2a: Delphox|Psychic|p1b: Raichu
|-damage|p1b: Raichu|0 fnt
|faint|p1b: Raichu
|
|-sideend|p2: divra7|move: Tailwind
|upkeep
|
|t:|1782319532
|switch|p1b: Basculegion|Basculegion, L50, M|100/100
|turn|7
|
|t:|1782319552
|move|p2a: Delphox|Protect|p2a: Delphox
|-singleturn|p2a: Delphox|Protect
|move|p2b: Whimsicott|Sunny Day|p2b: Whimsicott
|-weather|SunnyDay
|move|p1a: Talonflame|Dual Wingbeat|p2b: Whimsicott
|-supereffective|p2b: Whimsicott|1
|-damage|p2b: Whimsicott|0 fnt
|faint|p2b: Whimsicott
|-hitcount|p2: Whimsicott|1
|move|p1b: Basculegion|Wave Crash|p2a: Delphox
|-activate|p2a: Delphox|move: Protect
|
|-weather|SunnyDay|[upkeep]
|upkeep
|
|t:|1782319562
|switch|p2b: Basculegion|Basculegion, L50, M|100/100
|turn|8
|inactive|wodaiogien has 30 seconds left.
|inactive|wodaiogien has 20 seconds left.
|
|t:|1782319599
|move|p1a: Talonflame|Protect|p1a: Talonflame
|-singleturn|p1a: Talonflame|Protect
|move|p2a: Delphox|Protect|p2a: Delphox
|-singleturn|p2a: Delphox|Protect
|move|p1b: Basculegion|Last Respects|p2a: Delphox
|-activate|p2a: Delphox|move: Protect
|move|p2b: Basculegion|Last Respects|p1b: Basculegion
|-supereffective|p1b: Basculegion|1
|-damage|p1b: Basculegion|0 fnt
|faint|p1b: Basculegion
|-damage|p2b: Basculegion|90/100|[from] item: Life Orb
|
|-weather|SunnyDay|[upkeep]
|-sideend|p1: wodaiogien|move: Tailwind
|upkeep
|c|☆wodaiogien|nah
|
|t:|1782319622
|switch|p1b: Sneasler|Sneasler, L50, F|100/100
|turn|9
|c|☆divra7|it was the only watt
|c|☆divra7|way
|c|☆wodaiogien|ik
|
|t:|1782319642
|move|p2b: Basculegion|Aqua Jet|p1a: Talonflame
|-supereffective|p1a: Talonflame|1
|-damage|p1a: Talonflame|18/100
|-damage|p2b: Basculegion|80/100|[from] item: Life Orb
|move|p2a: Delphox|Psychic|p1b: Sneasler
|-supereffective|p1b: Sneasler|2
|-crit|p1b: Sneasler
|-damage|p1b: Sneasler|0 fnt
|faint|p1b: Sneasler
|move|p1a: Talonflame|Dual Wingbeat|p2a: Delphox
|-crit|p2a: Delphox
|-damage|p2a: Delphox|65/100
|-damage|p2a: Delphox|43/100
|-hitcount|p2a: Delphox|2
|
|-weather|SunnyDay|[upkeep]
|upkeep
|turn|10
|c|☆wodaiogien|its the 2ed gmae in a row i lose like this
|inactive|wodaiogien has 30 seconds left.
|-message|wodaiogien forfeited.
|
|win|divra7
