|j|☆bighamsterbaseball
|j|☆lux raymundi
|html|bighamsterbaseballlux raymundi    
|uhtml|bestof|Game 2 of a best-of-3
|t:|1782258529
|gametype|doubles
|player|p1|bighamsterbaseball|pokemaniac|1068
|player|p2|lux raymundi|169|1161
|gen|9
|tier|[Gen 9 Champions] VGC 2026 Reg M-B (Bo3)
|rated|
|rule|Species Clause: Limit one of each Pokémon
|rule|Item Clause: Limit 1 of each item
|clearpoke
|poke|p1|Pyroar, L50, F|
|poke|p1|Scrafty, L50, F|
|poke|p1|Torkoal, L50, F|
|poke|p1|Venusaur, L50, F|
|poke|p1|Farigiraf, L50, F|
|poke|p1|Mamoswine, L50, M|
|poke|p2|Farigiraf, L50, F|
|poke|p2|Floette-Eternal, L50, F|
|poke|p2|Basculegion, L50, M|
|poke|p2|Sneasler, L50, F|
|poke|p2|Sinistcha, L50|
|poke|p2|Delphox, L50, F|
|teampreview|4
|showteam|p1|Pyroar||Pyroarite|Rivalry|HeatWave,Overheat,Yawn,Protect|Timid||F|||50|]Scrafty||Scraftinite|Intimidate|FakeOut,DrainPunch,KnockOff,IcePunch|Adamant||F|||50|]Torkoal||HeatRock|Drought|Eruption,WeatherBall,HelpingHand,Protect|Quiet||F|||50|]Venusaur||LifeOrb|Chlorophyll|EnergyBall,SludgeBomb,EarthPower,Protect|Modest||F|||50|]Farigiraf||SitrusBerry|ArmorTail|Psychic,Thunderbolt,TrickRoom,Protect|Quiet||F|||50|]Mamoswine||FocusSash|Oblivious|IceShard,HighHorsepower,RockSlide,Protect|Adamant||M|||50|
|showteam|p2|Farigiraf||SitrusBerry|ArmorTail|TrickRoom,HelpingHand,Protect,TwinBeam|Bold||F|||50|]Floette-Eternal||Floettite|FlowerVeil|CalmMind,DazzlingGleam,Moonblast,Protect|Modest||F|||50|]Basculegion||FocusSash|Adaptability|AquaJet,Liquidation,LastRespects,Protect|Adamant||M|||50|]Sneasler||WhiteHerb|Unburden|FakeOut,CloseCombat,DireClaw,Protect|Jolly||F|||50|]Sinistcha||KasibBerry|Hospitality|MatchaGotcha,RagePowder,TrickRoom,LifeDew|Serious|||||50|]Delphox||Delphoxite|Blaze|NastyPlot,HeatWave,Psychic,Protect|Timid||F|||50|
|
|t:|1782258556
|teamsize|p1|4
|teamsize|p2|4
|start
|switch|p1a: Pyroar|Pyroar, L50, F|100/100
|switch|p1b: Torkoal|Torkoal, L50, F|100/100
|switch|p2a: Sneasler|Sneasler, L50, F|100/100
|switch|p2b: Delphox|Delphox, L50, F|100/100
|-weather|SunnyDay|[from] ability: Drought|[of] p1b: Torkoal
|turn|1
|
|t:|1782258579
|detailschange|p2b: Delphox|Delphox-Mega, L50, F
|-mega|p2b: Delphox|Delphox|Delphoxite
|detailschange|p1a: Pyroar|Pyroar-Mega, L50, F
|-mega|p1a: Pyroar|Pyroar|Pyroarite
|move|p2a: Sneasler|Fake Out|p1a: Pyroar
|-damage|p1a: Pyroar|83/100
|move|p2b: Delphox|Nasty Plot|p2b: Delphox
|-boost|p2b: Delphox|spa|2
|cant|p1a: Pyroar|flinch
|move|p1b: Torkoal|Eruption|p2b: Delphox|[spread] p2a,p2b
|-resisted|p2b: Delphox|1
|-damage|p2a: Sneasler|7/100
|-damage|p2b: Delphox|61/100
|
|-weather|SunnyDay|[upkeep]
|upkeep
|turn|2
|
|t:|1782258613
|switch|p1a: Scrafty|Scrafty, L50, F|100/100
|-ability|p1a: Scrafty|Intimidate|boost
|-unboost|p2a: Sneasler|atk|1
|-unboost|p2b: Delphox|atk|1
|-enditem|p2a: Sneasler|White Herb
|-clearnegativeboost|p2a: Sneasler|[silent]
|move|p1b: Torkoal|Protect|p1b: Torkoal
|-singleturn|p1b: Torkoal|Protect
|move|p2a: Sneasler|Close Combat|p1b: Torkoal
|-activate|p1b: Torkoal|move: Protect
|move|p2b: Delphox|Psychic|p1a: Scrafty
|-immune|p1a: Scrafty
|
|-weather|SunnyDay|[upkeep]
|upkeep
|turn|3
|
|t:|1782258652
|switch|p2a: Farigiraf|Farigiraf, L50, F|100/100
|move|p1a: Scrafty|Fake Out||[still]
|cant|p2a: Farigiraf|ability: Armor Tail|Fake Out|[of] p1a: Scrafty
|move|p2b: Delphox|Heat Wave|p1a: Scrafty|[spread] p1a,p1b
|-resisted|p1b: Torkoal|1
|-damage|p1a: Scrafty|0 fnt
|-damage|p1b: Torkoal|11/100
|faint|p1a: Scrafty
|move|p1b: Torkoal|Eruption|p2b: Delphox|[spread] p2a,p2b
|-resisted|p2b: Delphox|1
|-crit|p2b: Delphox
|-damage|p2a: Farigiraf|92/100
|-damage|p2b: Delphox|55/100
|
|-weather|SunnyDay|[upkeep]
|upkeep
|
|t:|1782258659
|switch|p1a: Venusaur|Venusaur, L50, F|100/100
|turn|4
|
|t:|1782258681
|move|p1a: Venusaur|Protect|p1a: Venusaur
|-singleturn|p1a: Venusaur|Protect
|move|p2b: Delphox|Protect|p2b: Delphox
|-singleturn|p2b: Delphox|Protect
|move|p2a: Farigiraf|Twin Beam|p1a: Venusaur
|-activate|p1a: Venusaur|move: Protect
|move|p1b: Torkoal|Weather Ball|p2a: Farigiraf
|-damage|p2a: Farigiraf|40/100
|-enditem|p2a: Farigiraf|Sitrus Berry|[eat]
|-heal|p2a: Farigiraf|65/100|[from] item: Sitrus Berry
|
|-weather|SunnyDay|[upkeep]
|upkeep
|turn|5
|
|t:|1782258710
|move|p1a: Venusaur|Sludge Bomb|p2b: Delphox
|-damage|p2b: Delphox|0 fnt
|faint|p2b: Delphox
|-damage|p1a: Venusaur|90/100|[from] item: Life Orb
|move|p2a: Farigiraf|Twin Beam|p1b: Torkoal
|-damage|p1b: Torkoal|0 fnt
|faint|p1b: Torkoal
|-hitcount|p1: Torkoal|1
|
|-weather|SunnyDay|[upkeep]
|upkeep
|
|t:|1782258726
|switch|p2b: Sneasler|Sneasler, L50, F|7/100
|switch|p1b: Pyroar|Pyroar-Mega, L50, F|83/100
|turn|6
|
|t:|1782258745
|move|p2b: Sneasler|Fake Out|p1b: Pyroar
|-damage|p1b: Pyroar|67/100
|move|p1a: Venusaur|Earth Power|p2b: Sneasler
|-supereffective|p2b: Sneasler|1
|-damage|p2b: Sneasler|0 fnt
|faint|p2b: Sneasler
|-damage|p1a: Venusaur|80/100|[from] item: Life Orb
|cant|p1b: Pyroar|flinch
|move|p2a: Farigiraf|Trick Room|p2a: Farigiraf
|-fieldstart|move: Trick Room|[of] p2a: Farigiraf
|
|-weather|SunnyDay|[upkeep]
|upkeep
|
|t:|1782258755
|switch|p2b: Basculegion|Basculegion, L50, M|100/100
|turn|7
|
|t:|1782258774
|move|p2a: Farigiraf|Twin Beam|p1a: Venusaur
|-supereffective|p1a: Venusaur|1
|-damage|p1a: Venusaur|42/100
|-supereffective|p1a: Venusaur|1
|-damage|p1a: Venusaur|4/100
|-hitcount|p1a: Venusaur|2
|move|p2b: Basculegion|Last Respects|p1a: Venusaur
|-damage|p1a: Venusaur|0 fnt
|faint|p1a: Venusaur
|move|p1b: Pyroar|Heat Wave|p2a: Farigiraf|[spread] p2a,p2b
|-resisted|p2b: Basculegion|1
|-damage|p2a: Farigiraf|0 fnt
|-damage|p2b: Basculegion|49/100
|faint|p2a: Farigiraf
|
|-weather|SunnyDay|[upkeep]
|upkeep
|turn|8
|
|t:|1782258791
|move|p2b: Basculegion|Protect|p2b: Basculegion
|-singleturn|p2b: Basculegion|Protect
|move|p1b: Pyroar|Overheat|p2b: Basculegion
|-activate|p2b: Basculegion|move: Protect
|
|-weather|none
|upkeep
|turn|9
|
|t:|1782258799
|move|p1b: Pyroar|Protect|p1b: Pyroar
|-singleturn|p1b: Pyroar|Protect
|move|p2b: Basculegion|Liquidation|p1b: Pyroar
|-activate|p1b: Pyroar|move: Protect
|
|upkeep
|turn|10
|
|t:|1782258802
|move|p1b: Pyroar|Protect|p1b: Pyroar
|-singleturn|p1b: Pyroar|Protect
|move|p2b: Basculegion|Liquidation|p1b: Pyroar
|-activate|p1b: Pyroar|move: Protect
|
|-fieldend|move: Trick Room
|upkeep
|turn|11
|
|t:|1782258811
|move|p2b: Basculegion|Aqua Jet|p1b: Pyroar
|-supereffective|p1b: Pyroar|1
|-damage|p1b: Pyroar|7/100
|move|p1b: Pyroar|Overheat|p2b: Basculegion
|-resisted|p2b: Basculegion|1
|-damage|p2b: Basculegion|0 fnt
|-unboost|p1b: Pyroar|spa|2
|faint|p2b: Basculegion
|
|win|bighamsterbaseball
|raw|bighamsterbaseball's rating: 1068 → 1106(+38 for winning)
|raw|lux raymundi's rating: 1161 → 1129(-32 for losing)
