|j|☆CapnBrunchy
|j|☆practicesemijrlman
|html|CapnBrunchypracticesemijrlman    
|uhtml|bestof|Game 2 of a best-of-3
|t:|1756943437
|gametype|doubles
|player|p1|CapnBrunchy|preschooler|1199
|player|p2|practicesemijrlman|leon-tower|1236
|gen|9
|tier|[Gen 9] VGC 2025 Reg H (Bo3)
|rated|
|rule|Species Clause: Limit one of each Pokémon
|rule|Item Clause: Limit 1 of each item
|clearpoke
|poke|p1|Toedscruel, L50, F|
|poke|p1|Weezing-Galar, L50, M|
|poke|p1|Corviknight, L50, F|
|poke|p1|Garchomp, L50, F|
|poke|p1|Typhlosion-Hisui, L50, M|
|poke|p1|Kilowattrel, L50, M|
|poke|p2|Kingambit, L50, F|
|poke|p2|Sneasler, L50, M|
|poke|p2|Dragonite, L50, F|
|poke|p2|Primarina, L50, F|
|poke|p2|Porygon2, L50|
|poke|p2|Amoonguss, L50, M|
|teampreview|4
|showteam|p1|Toedscruel||CovertCloak|MyceliumMight|Spore,EarthPower,AcidSpray,RagePowder|||F|||50|,,,,,Water]Weezing-Galar||ChoiceSpecs|NeutralizingGas|DazzlingGleam,SludgeBomb,StrangeSteam,Flamethrower|||M|||50|,,,,,Flying]Corviknight||SitrusBerry|MirrorArmor|BulkUp,Tailwind,Roost,BraveBird|||F|||50|,,,,,Dragon]Garchomp||LifeOrb|RoughSkin|Protect,Earthquake,DragonClaw,StompingTantrum|||F|||50|,,,,,Ground]Typhlosion-Hisui||ChoiceScarf|Blaze|Eruption,WillOWisp,HeatWave,ShadowBall|||M|||50|,,,,,Fire]Kilowattrel||FocusSash|Competitive|Thunderbolt,AirSlash,Tailwind,Protect|||M|||50|,,,,,Ghost
|showteam|p2|Kingambit||AssaultVest|Defiant|SuckerPunch,KowtowCleave,TeraBlast,IronHead|||F|||50|,,,,,Flying]Sneasler||FocusSash|Unburden|DireClaw,CloseCombat,ThroatChop,Protect|||M|||50|,,,,,Stellar]Dragonite||LoadedDice|Multiscale|ScaleShot,Tailwind,StompingTantrum,Protect|||F|||50|,,,,,Fairy]Primarina||ThroatSpray|LiquidVoice|HyperVoice,Moonblast,Haze,Protect|||F|||50|,,,,,Grass]Porygon2||Eviolite|Download|TeraBlast,IceBeam,Recover,TrickRoom||||||50|,,,,,Ground]Amoonguss||SitrusBerry|Regenerator|PollenPuff,ClearSmog,Spore,RagePowder|||M|||50|,,,,,Water
|inactive|Battle timer is ON: inactive players will automatically lose when time's up. (requested by practicesemijrlman)
|inactive|practicesemijrlman has 60 seconds left.
|inactive|CapnBrunchy has 60 seconds left.
|
|t:|1756943491
|teamsize|p1|4
|teamsize|p2|4
|start
|switch|p1a: Toedscruel|Toedscruel, L50, F|100/100
|switch|p1b: Weezing|Weezing-Galar, L50, M, shiny|100/100
|switch|p2a: Amoonguss|Amoonguss, L50, M|100/100
|switch|p2b: Primarina|Primarina, L50, F|100/100
|-ability|p1b: Weezing|Neutralizing Gas
|turn|1
|
|t:|1756943510
|-terastallize|p2b: Primarina|Grass
|move|p1a: Toedscruel|Acid Spray|p2a: Amoonguss
|-damage|p2a: Amoonguss|94/100
|-unboost|p2a: Amoonguss|spd|2
|move|p2b: Primarina|Hyper Voice|p1a: Toedscruel|[spread] p1a,p1b
|-damage|p1a: Toedscruel|80/100
|-damage|p1b: Weezing|72/100
|-enditem|p2b: Primarina|Throat Spray
|-boost|p2b: Primarina|spa|1|[from] item: Throat Spray
|move|p1b: Weezing|Flamethrower|p2a: Amoonguss
|-supereffective|p2a: Amoonguss
|-damage|p2a: Amoonguss|0 fnt
|faint|p2a: Amoonguss
|
|upkeep
|
|t:|1756943527
|switch|p2a: Sneasler|Sneasler, L50, M|100/100
|turn|2
|
|t:|1756943551
|-terastallize|p1a: Toedscruel|Water
|move|p2a: Sneasler|Close Combat|p1a: Toedscruel
|-damage|p1a: Toedscruel|0 fnt
|-unboost|p2a: Sneasler|def|1
|-unboost|p2a: Sneasler|spd|1
|faint|p1a: Toedscruel
|move|p2b: Primarina|Hyper Voice|p1b: Weezing
|-damage|p1b: Weezing|8/100
|move|p1b: Weezing|Flamethrower|p2b: Primarina
|-supereffective|p2b: Primarina
|-damage|p2b: Primarina|35/100
|
|upkeep
|
|t:|1756943559
|switch|p1a: Corviknight|Corviknight, L50, F, shiny|100/100
|turn|3
|
|t:|1756943581
|move|p2a: Sneasler|Close Combat|p1a: Corviknight
|-damage|p1a: Corviknight|49/100
|-unboost|p2a: Sneasler|def|1
|-unboost|p2a: Sneasler|spd|1
|-enditem|p1a: Corviknight|Sitrus Berry|[eat]
|-heal|p1a: Corviknight|74/100|[from] item: Sitrus Berry
|move|p1a: Corviknight|Tailwind|p1a: Corviknight
|-sidestart|p1: CapnBrunchy|move: Tailwind
|move|p1b: Weezing|Flamethrower|p2b: Primarina
|-supereffective|p2b: Primarina
|-damage|p2b: Primarina|0 fnt
|faint|p2b: Primarina
|
|upkeep
|
|t:|1756943590
|switch|p2b: Porygon2|Porygon2, L50, shiny|100/100
|turn|4
|
|t:|1756943601
|move|p1a: Corviknight|Bulk Up|p1a: Corviknight
|-boost|p1a: Corviknight|atk|1
|-boost|p1a: Corviknight|def|1
|move|p2a: Sneasler|Close Combat|p1a: Corviknight
|-damage|p1a: Corviknight|39/100
|-unboost|p2a: Sneasler|def|1
|-unboost|p2a: Sneasler|spd|1
|move|p1b: Weezing|Flamethrower|p2a: Sneasler
|-enditem|p2a: Sneasler|Focus Sash
|-damage|p2a: Sneasler|1/100
|move|p2b: Porygon2|Trick Room|p2b: Porygon2
|-fieldstart|move: Trick Room|[of] p2b: Porygon2
|
|upkeep
|turn|5
|
|t:|1756943613
|move|p2b: Porygon2|Ice Beam|p1a: Corviknight
|-damage|p1a: Corviknight|14/100
|move|p1b: Weezing|Flamethrower|p2a: Sneasler
|-damage|p2a: Sneasler|0 fnt
|faint|p2a: Sneasler
|move|p1a: Corviknight|Roost|p1a: Corviknight
|-heal|p1a: Corviknight|64/100
|-singleturn|p1a: Corviknight|move: Roost
|
|upkeep
|turn|6
|
|t:|1756943624
|move|p2b: Porygon2|Tera Blast|p1b: Weezing
|-damage|p1b: Weezing|0 fnt
|faint|p1b: Weezing
|-end|p1b: Weezing|ability: Neutralizing Gas
|-ability|p2b: Porygon2|Download|boost
|-boost|p2b: Porygon2|spa|1
|move|p1a: Corviknight|Roost|p1a: Corviknight
|-heal|p1a: Corviknight|100/100
|-singleturn|p1a: Corviknight|move: Roost
|
|-sideend|p1: CapnBrunchy|move: Tailwind
|upkeep
|
|t:|1756943627
|switch|p1b: Garchomp|Garchomp, L50, F, shiny|100/100
|turn|7
|
|t:|1756943644
|move|p1b: Garchomp|Protect|p1b: Garchomp
|-singleturn|p1b: Garchomp|Protect
|move|p2b: Porygon2|Ice Beam|p1b: Garchomp
|-activate|p1b: Garchomp|move: Protect
|move|p1a: Corviknight|Bulk Up|p1a: Corviknight
|-boost|p1a: Corviknight|atk|1
|-boost|p1a: Corviknight|def|1
|
|upkeep
|turn|8
|
|t:|1756943655
|move|p1b: Garchomp|Protect||[still]
|-fail|p1b: Garchomp
|move|p2b: Porygon2|Ice Beam|p1b: Garchomp
|-supereffective|p1b: Garchomp
|-damage|p1b: Garchomp|0 fnt
|faint|p1b: Garchomp
|move|p1a: Corviknight|Bulk Up|p1a: Corviknight
|-boost|p1a: Corviknight|atk|1
|-boost|p1a: Corviknight|def|1
|
|-fieldend|move: Trick Room
|upkeep
|turn|9
|
|t:|1756943666
|move|p1a: Corviknight|Brave Bird|p2b: Porygon2
|-damage|p2b: Porygon2|30/100
|-damage|p1a: Corviknight|79/100|[from] Recoil
|move|p2b: Porygon2|Trick Room|p2b: Porygon2
|-fieldstart|move: Trick Room|[of] p2b: Porygon2
|
|upkeep
|turn|10
|
|t:|1756943679
|move|p2b: Porygon2|Recover|p2b: Porygon2
|-heal|p2b: Porygon2|80/100
|move|p1a: Corviknight|Brave Bird|p2b: Porygon2
|-damage|p2b: Porygon2|5/100
|-damage|p1a: Corviknight|55/100|[from] Recoil
|
|upkeep
|turn|11
|
|t:|1756943685
|move|p2b: Porygon2|Ice Beam|p1a: Corviknight
|-damage|p1a: Corviknight|17/100
|-status|p1a: Corviknight|frz
|-curestatus|p1a: Corviknight|frz|[msg]
|move|p1a: Corviknight|Roost|p1a: Corviknight
|-heal|p1a: Corviknight|67/100
|-singleturn|p1a: Corviknight|move: Roost
|
|upkeep
|turn|12
|c|☆CapnBrunchy|OMG
|
|t:|1756943696
|move|p2b: Porygon2|Ice Beam|p1a: Corviknight
|-damage|p1a: Corviknight|34/100
|move|p1a: Corviknight|Brave Bird|p2b: Porygon2
|-damage|p2b: Porygon2|0 fnt
|faint|p2b: Porygon2
|-damage|p1a: Corviknight|33/100|[from] Recoil
|
|win|CapnBrunchy
|raw|CapnBrunchy's rating: 1199 → 1227(+28 for winning)
|raw|practicesemijrlman's rating: 1236 → 1208(-28 for losing)
|c|☆CapnBrunchy|whew
|c|☆practicesemijrlman|gg
|c|☆CapnBrunchy|literaly heart attack
|c|☆CapnBrunchy|gg
