|j|☆sigueinventando
|j|☆dropddead
|html|sigueinventandodropddead    
|uhtml|bestof|Game 2 of a best-of-3
|t:|1785692042
|gametype|doubles
|player|p1|sigueinventando|170|1184
|player|p2|dropddead|crasherwake|1153
|gen|9
|tier|[Gen 9 Champions] VGC 2026 Reg M-B (Bo3)
|rated|
|rule|Species Clause: Limit one of each Pokémon
|rule|Item Clause: Limit 1 of each item
|clearpoke
|poke|p1|Tyranitar, L50, M|
|poke|p1|Metagross, L50|
|poke|p1|Staraptor, L50, M|
|poke|p1|Excadrill, L50, F|
|poke|p1|Sinistcha, L50|
|poke|p1|Milotic, L50, M|
|poke|p2|Staraptor, L50, F|
|poke|p2|Vanilluxe, L50, F|
|poke|p2|Farigiraf, L50, M|
|poke|p2|Blastoise, L50, F|
|poke|p2|Kingambit, L50, M|
|poke|p2|Camerupt, L50, F|
|teampreview|4
|showteam|p1|Tyranitar||LifeOrb|SandStream|RockSlide,KnockOff,IcePunch,Protect|Brave||M|||50|]Metagross||Metagrossite|ClearBody|BulletPunch,PsychicFangs,BodyPress,Protect|Jolly|||||50|]Staraptor||Staraptite|Intimidate|BraveBird,CloseCombat,Tailwind,Protect|Jolly||M|||50|]Excadrill||FocusSash|SandRush|RockSlide,HighHorsepower,IronHead,Protect|Adamant||F|||50|]Sinistcha||ColburBerry|Hospitality|MatchaGotcha,RagePowder,TrickRoom,Protect|Bold|||||50|]Milotic||SitrusBerry|Competitive|Scald,LifeDew,IcyWind,Protect|Calm||M|||50|
|showteam|p2|Staraptor||ChoiceScarf|Intimidate|FinalGambit,BraveBird,CloseCombat,Uturn|Jolly||F|||50|]Vanilluxe||NeverMeltIce|SnowWarning|Blizzard,FreezeDry,Protect,IceShard|Quiet||F|||50|]Farigiraf||SitrusBerry|ArmorTail|PsychicFangs,HyperVoice,HelpingHand,TrickRoom|Relaxed||M|||50|]Blastoise||Blastoisinite|RainDish|FakeOut,WaterSpout,AuraSphere,DarkPulse|Quiet||F|||50|]Kingambit||LifeOrb|Defiant|KowtowCleave,IronHead,Protect,SuckerPunch|Brave||M|||50|]Camerupt||Cameruptite|SolidRock|HeatWave,EarthPower,Protect,AncientPower|Quiet||F|||50|
|inactive|Battle timer is ON: inactive players will automatically lose when time's up. (requested by dropddead)
|inactive|sigueinventando has 60 seconds left.
|
|t:|1785692080
|teamsize|p1|4
|teamsize|p2|4
|start
|switch|p1a: Sinistcha|Sinistcha, L50|100/100
|switch|p1b: Milotic|Milotic, L50, M|100/100
|switch|p2a: Farigiraf|Farigiraf, L50, M|100/100
|switch|p2b: Staraptor|Staraptor, L50, F|100/100
|-ability|p2b: Staraptor|Intimidate|boost
|-unboost|p1a: Sinistcha|atk|1
|-unboost|p1b: Milotic|atk|1
|-ability|p1b: Milotic|Competitive|boost
|-boost|p1b: Milotic|spa|2
|turn|1
|
|t:|1785692099
|move|p1a: Sinistcha|Protect|p1a: Sinistcha
|-singleturn|p1a: Sinistcha|Protect
|move|p2b: Staraptor|Final Gambit|p1b: Milotic
|-damage|p1b: Milotic|4/100
|-enditem|p1b: Milotic|Sitrus Berry|[eat]
|-heal|p1b: Milotic|29/100|[from] item: Sitrus Berry
|faint|p2b: Staraptor
|move|p1b: Milotic|Scald|p2a: Farigiraf
|-damage|p2a: Farigiraf|50/100g
|-status|p2a: Farigiraf|brn
|move|p2a: Farigiraf|Hyper Voice|p1a: Sinistcha|[spread] p1b
|-activate|p1a: Sinistcha|move: Protect
|-damage|p1b: Milotic|11/100
|
|-damage|p2a: Farigiraf|44/100 brn|[from] brn
|upkeep
|-enditem|p2a: Farigiraf|Sitrus Berry|[eat]
|-heal|p2a: Farigiraf|69/100 brn|[from] item: Sitrus Berry
|
|t:|1785692114
|switch|p2b: Blastoise|Blastoise, L50, F|100/100
|turn|2
|
|t:|1785692143
|detailschange|p2b: Blastoise|Blastoise-Mega, L50, F
|-mega|p2b: Blastoise|Blastoise|Blastoisinite
|move|p2b: Blastoise|Fake Out|p1b: Milotic
|-damage|p1b: Milotic|2/100
|cant|p1b: Milotic|flinch
|move|p1a: Sinistcha|Matcha Gotcha|p2b: Blastoise|[spread] p2a
|-miss|p1a: Sinistcha|p2b: Blastoise
|-damage|p2a: Farigiraf|45/100 brn
|move|p2a: Farigiraf|Hyper Voice|p1b: Milotic|[spread] p1b
|-immune|p1a: Sinistcha
|-damage|p1b: Milotic|0 fnt
|faint|p1b: Milotic
|
|-damage|p2a: Farigiraf|38/100 brn|[from] brn
|upkeep
|
|t:|1785692164
|switch|p1b: Metagross|Metagross, L50|100/100
|turn|3
|
|t:|1785692179
|move|p2a: Farigiraf|Helping Hand|p2b: Blastoise
|-singleturn|p2b: Blastoise|Helping Hand|[of] p2a: Farigiraf
|move|p1b: Metagross|Protect|p1b: Metagross
|-singleturn|p1b: Metagross|Protect
|move|p1a: Sinistcha|Matcha Gotcha|p2a: Farigiraf|[spread] p2a,p2b
|-supereffective|p2b: Blastoise|1
|-damage|p2a: Farigiraf|17/100 brn
|-damage|p2b: Blastoise|61/100
|-status|p2b: Blastoise|brn
|move|p2b: Blastoise|Dark Pulse|p1b: Metagross
|-activate|p1b: Metagross|move: Protect
|
|-damage|p2b: Blastoise|55/100 brn|[from] brn
|-damage|p2a: Farigiraf|11/100 brn|[from] brn
|upkeep
|turn|4
|
|t:|1785692196
|detailschange|p1b: Metagross|Metagross-Mega, L50
|-mega|p1b: Metagross|Metagross|Metagrossite
|move|p2a: Farigiraf|Helping Hand|p2b: Blastoise
|-singleturn|p2b: Blastoise|Helping Hand|[of] p2a: Farigiraf
|move|p1b: Metagross|Psychic Fangs|p2b: Blastoise
|-damage|p2b: Blastoise|5/100 brn
|move|p1a: Sinistcha|Matcha Gotcha|p2b: Blastoise|[spread] p2b
|-miss|p1a: Sinistcha|p2a: Farigiraf
|-supereffective|p2b: Blastoise|1
|-damage|p2b: Blastoise|0 fnt
|faint|p2b: Blastoise
|
|-damage|p2a: Farigiraf|4/100 brn|[from] brn
|upkeep
|
|t:|1785692203
|switch|p2b: Vanilluxe|Vanilluxe, L50, F|100/100
|-weather|Snowscape|[from] ability: Snow Warning|[of] p2b: Vanilluxe
|turn|5
|
|t:|1785692215
|move|p2a: Farigiraf|Helping Hand|p2b: Vanilluxe
|-singleturn|p2b: Vanilluxe|Helping Hand|[of] p2a: Farigiraf
|move|p1b: Metagross|Body Press|p2b: Vanilluxe
|-supereffective|p2b: Vanilluxe|1
|-damage|p2b: Vanilluxe|50/100g
|move|p1a: Sinistcha|Matcha Gotcha|p2a: Farigiraf|[spread] p2a,p2b
|-damage|p2a: Farigiraf|0 fnt
|-damage|p2b: Vanilluxe|25/100
|faint|p2a: Farigiraf
|move|p2b: Vanilluxe|Blizzard|p1a: Sinistcha|[spread] p1a,p1b
|-supereffective|p1a: Sinistcha|1
|-resisted|p1b: Metagross|1
|-damage|p1a: Sinistcha|0 fnt
|-damage|p1b: Metagross|64/100
|faint|p1a: Sinistcha
|
|-weather|Snowscape|[upkeep]
|upkeep
|
|t:|1785692227
|switch|p1a: Tyranitar|Tyranitar, L50, M|100/100
|-weather|Sandstorm|[from] ability: Sand Stream|[of] p1a: Tyranitar
|turn|6
|
|t:|1785692235
|move|p1b: Metagross|Bullet Punch|p2b: Vanilluxe
|-supereffective|p2b: Vanilluxe|1
|-damage|p2b: Vanilluxe|0 fnt
|faint|p2b: Vanilluxe
|
|win|sigueinventando
||sigueinventando is ready for game 3.
