|j|☆282839393m
|j|☆homerj71
|html|282839393mhomerj71    
|uhtml|bestof|Game 3 of a best-of-3
|t:|1784742457
|gametype|doubles
|player|p1|282839393m|hilbert|
|player|p2|homerj71|170|
|gen|9
|tier|[Gen 9 Champions] VGC 2026 Reg M-B (Bo3)
|rule|Species Clause: Limit one of each Pokémon
|rule|Item Clause: Limit 1 of each item
|clearpoke
|poke|p1|Zoroark-Hisui, L50, F|
|poke|p1|Incineroar, L50, F|
|poke|p1|Gholdengo, L50|
|poke|p1|Blastoise, L50, F|
|poke|p1|Whimsicott, L50, M|
|poke|p1|Staraptor, L50, F|
|poke|p2|Sneasler, L50, F|
|poke|p2|Sinistcha, L50|
|poke|p2|Incineroar, L50, F|
|poke|p2|Kingambit, L50, M|
|poke|p2|Delphox, L50, M|
|poke|p2|Blastoise, L50, F|
|teampreview|4
|showteam|p1|Zoroark-Hisui||SilkScarf|Illusion|Taunt,IcyWind,HyperBeam,Protect|Timid||F|||50|]Incineroar||PasshoBerry|Intimidate|ThroatChop,FakeOut,PartingShot,FlareBlitz|Impish||F|||50|]Gholdengo||LifeOrb|GoodasGold|NastyPlot,MakeItRain,ShadowBall,Protect|Modest|||||50|]Blastoise||Blastoisinite|Torrent|WaterSpout,ShellSmash,Protect,FocusBlast|Modest||F|||50|]Whimsicott||FocusSash|Prankster|Moonblast,Tailwind,FakeTears,Encore|Bold||M|||50|]Staraptor||Staraptite|Intimidate|Protect,CloseCombat,Roost,BraveBird|Adamant||F|||50|
|showteam|p2|Sneasler||FocusSash|PoisonTouch|FakeOut,QuickGuard,DireClaw,CloseCombat|Jolly||F|||50|]Sinistcha||OccaBerry|Hospitality|Protect,RagePowder,MatchaGotcha,TrickRoom|Relaxed|||||50|]Incineroar||SitrusBerry|Intimidate|FakeOut,FlareBlitz,ThroatChop,PartingShot|Careful||F|||50|]Kingambit||BlackGlasses|Defiant|KowtowCleave,SwordsDance,SuckerPunch,Protect|Adamant||M|||50|]Delphox||Delphoxite|Blaze|Protect,NastyPlot,HeatWave,Psyshock|Timid||M|||50|]Blastoise||Blastoisinite|RainDish|WaterSpout,DarkPulse,Protect,ShellSmash|Modest||F|||50|
|inactive|Battle timer is ON: inactive players will automatically lose when time's up. (requested by homerj71)
|inactive|282839393m has 60 seconds left.
|
|t:|1784742499
|teamsize|p1|4
|teamsize|p2|4
|start
|switch|p1a: Blastoise|Blastoise, L50, F|100/100
|switch|p1b: Gholdengo|Gholdengo, L50|100/100
|switch|p2a: Blastoise|Blastoise, L50, F|100/100
|switch|p2b: Incineroar|Incineroar, L50, F|100/100
|-ability|p2b: Incineroar|Intimidate|boost
|-unboost|p1a: Blastoise|atk|1
|-unboost|p1b: Gholdengo|atk|1
|turn|1
|
|t:|1784742524
|detailschange|p2a: Blastoise|Blastoise-Mega, L50, F
|-mega|p2a: Blastoise|Blastoise|Blastoisinite
|move|p1a: Blastoise|Protect|p1a: Blastoise
|-singleturn|p1a: Blastoise|Protect
|move|p1b: Gholdengo|Nasty Plot|p1b: Gholdengo
|-boost|p1b: Gholdengo|spa|2
|move|p2a: Blastoise|Dark Pulse|p1b: Gholdengo
|-supereffective|p1b: Gholdengo|1
|-damage|p1b: Gholdengo|0 fnt
|faint|p1b: Gholdengo
|move|p2b: Incineroar|Parting Shot|p1a: Blastoise
|-activate|p1a: Blastoise|move: Protect
|
|upkeep
|
|t:|1784742537
|switch|p1b: Whimsicott|Whimsicott, L50, M|100/100
|turn|2
|
|t:|1784742548
|move|p2a: Blastoise|Protect|p2a: Blastoise
|-singleturn|p2a: Blastoise|Protect
|move|p1b: Whimsicott|Fake Tears|p2a: Blastoise
|-activate|p2a: Blastoise|move: Protect
|move|p1a: Blastoise|Hyper Beam|p2a: Blastoise
|-activate|p2a: Blastoise|move: Protect
|move|p2b: Incineroar|Parting Shot|p1a: Blastoise
|-unboost|p1a: Blastoise|atk|1
|-unboost|p1a: Blastoise|spa|1
|
|t:|1784742557
|switch|p2b: Sneasler|Sneasler, L50, F|100/100|[from] Parting Shot
|
|upkeep
|turn|3
|
|t:|1784742569
|switch|p1a: Blastoise|Blastoise, L50, F|100/100
|move|p2b: Sneasler|Fake Out|p1b: Whimsicott
|-damage|p1b: Whimsicott|86/100
|cant|p1b: Whimsicott|flinch
|move|p2a: Blastoise|Water Spout|p1a: Blastoise|[spread] p1a,p1b
|-resisted|p1a: Blastoise|1
|-resisted|p1b: Whimsicott|1
|-damage|p1a: Blastoise|66/100
|-damage|p1b: Whimsicott|39/100
|
|upkeep
|turn|4
|
|t:|1784742584
|detailschange|p1a: Blastoise|Blastoise-Mega, L50, F
|-mega|p1a: Blastoise|Blastoise|Blastoisinite
|move|p1b: Whimsicott|Tailwind|p1b: Whimsicott
|-sidestart|p1: 282839393m|move: Tailwind
|move|p1a: Blastoise|Focus Blast|p2a: Blastoise
|-damage|p2a: Blastoise|53/100
|move|p2b: Sneasler|Close Combat|p1a: Blastoise
|-damage|p1a: Blastoise|6/100
|-unboost|p2b: Sneasler|def|1
|-unboost|p2b: Sneasler|spd|1
|move|p2a: Blastoise|Water Spout|p1a: Blastoise|[spread] p1a,p1b
|-resisted|p1a: Blastoise|1
|-resisted|p1b: Whimsicott|1
|-damage|p1a: Blastoise|0 fnt
|-damage|p1b: Whimsicott|17/100
|faint|p1a: Blastoise
|
|upkeep
|
|t:|1784742595
|switch|p1a: Whimsicott|Whimsicott, L50, M|100/100
|turn|5
|
|t:|1784742612
|switch|p2a: Incineroar|Incineroar, L50, F|100/100
|-ability|p2a: Incineroar|Intimidate|boost
|-unboost|p1a: Whimsicott|atk|1
|-unboost|p1b: Whimsicott|atk|1
|move|p1a: Whimsicott|Hyper Beam|p2a: Incineroar
|-damage|p2a: Incineroar|27/100
|-mustrecharge|p1a: Whimsicott
|-enditem|p2a: Incineroar|Sitrus Berry|[eat]
|-heal|p2a: Incineroar|51/100|[from] item: Sitrus Berry
|move|p1b: Whimsicott|Moonblast|p2b: Sneasler
|-damage|p2b: Sneasler|41/100
|move|p2b: Sneasler|Dire Claw|p1a: Whimsicott
|-resisted|p1a: Whimsicott|1
|-damage|p1a: Whimsicott|54/100
|replace|p1a: Zoroark|Zoroark-Hisui, L50, F
|-end|p1a: Zoroark|Illusion
|
|upkeep
|turn|6
|
|t:|1784742629
|move|p2a: Incineroar|Fake Out|p1b: Whimsicott
|-damage|p1b: Whimsicott|8/100
|cant|p1a: Zoroark|recharge
|cant|p1b: Whimsicott|flinch
|move|p2b: Sneasler|Dire Claw|p1a: Zoroark
|-resisted|p1a: Zoroark|1
|-damage|p1a: Zoroark|10/100
|-status|p1a: Zoroark|psn|[from] ability: Poison Touch|[of] p2b: Sneasler
|
|-damage|p1a: Zoroark|0 fnt|[from] psn
|faint|p1a: Zoroark
|upkeep
|turn|7
|
|t:|1784742641
|move|p1b: Whimsicott|Moonblast|p2b: Sneasler
|-damage|p2b: Sneasler|0 fnt
|faint|p2b: Sneasler
|move|p2a: Incineroar|Flare Blitz|p1b: Whimsicott
|-supereffective|p1b: Whimsicott|1
|-damage|p1b: Whimsicott|0 fnt
|faint|p1b: Whimsicott
|-damage|p2a: Incineroar|49/100|[from] Recoil
|
|win|homerj71
