|j|☆MAD4DontKnowGame
|j|☆aidensz
|html|MAD4DontKnowGameaidensz    
|uhtml|bestof|Game 2 of a best-of-3
|t:|1783540567
|gametype|doubles
|player|p1|MAD4DontKnowGame|265|1054
|player|p2|aidensz|blue|1073
|gen|9
|tier|[Gen 9 Champions] VGC 2026 Reg M-B (Bo3)
|rated|
|rule|Species Clause: Limit one of each Pokémon
|rule|Item Clause: Limit 1 of each item
|clearpoke
|poke|p1|Scrafty, L50, F|
|poke|p1|Oranguru, L50, F|
|poke|p1|Incineroar, L50, F, shiny|
|poke|p1|Staraptor, L50, F|
|poke|p1|Mawile, L50, M, shiny|
|poke|p1|Torkoal, L50, M|
|poke|p2|Staraptor, L50, F, shiny|
|poke|p2|Whimsicott, L50, M|
|poke|p2|Garchomp, L50, M|
|poke|p2|Incineroar, L50, M|
|poke|p2|Sinistcha, L50|
|poke|p2|Gholdengo, L50|
|teampreview|4
|showteam|p1|Scrafty||Scraftinite|Intimidate|BulkUp,DrainPunch,KnockOff,RockSlide|Brave||F|||50|]Oranguru||Leftovers|InnerFocus|Instruct,FutureSight,Protect,TrickRoom|Modest||F|||50|]Incineroar||SitrusBerry|Intimidate|FlareBlitz,DarkestLariat,FakeOut,PartingShot|Adamant||F|||50|]Staraptor||ChoiceScarf|Intimidate|FinalGambit,BlazeKick,QuickAttack,Uturn|Jolly||F|||50|]Mawile||Mawilite|HyperCutter|SuckerPunch,SwordsDance,PlayRough,IronHead|Adamant||M|||50|]Torkoal||Charcoal|Drought|BodyPress,Eruption,Flamethrower,IronDefense|Quiet||M|||50|
|showteam|p2|Staraptor||Staraptite|Intimidate|BraveBird,CloseCombat,Protect,Roost|Jolly||F|||50|]Whimsicott||FocusSash|Prankster|Tailwind,Charm,Moonblast,Protect|Timid||M|||50|]Garchomp||LifeOrb|RoughSkin|Earthquake,DragonClaw,RockSlide,Protect|Jolly||M|||50|]Incineroar||SitrusBerry|Intimidate|FakeOut,PartingShot,FlareBlitz,ThroatChop|Careful||M|||50|]Sinistcha||KasibBerry|Hospitality|MatchaGotcha,RagePowder,StrengthSap,Protect|Calm|||||50|]Gholdengo||ChoiceScarf|GoodasGold|MakeItRain,ShadowBall,Thunderbolt,Trick|Timid|||||50|
|inactive|Battle timer is ON: inactive players will automatically lose when time's up. (requested by aidensz)
|inactive|MAD4DontKnowGame has 60 seconds left.
|
|t:|1783540644
|teamsize|p1|4
|teamsize|p2|4
|start
|switch|p1a: Oranguru|Oranguru, L50, F|100/100
|switch|p1b: Mawile|Mawile, L50, M, shiny|100/100
|switch|p2a: Garchomp|Garchomp, L50, M|100/100
|switch|p2b: Gholdengo|Gholdengo, L50|100/100
|turn|1
|inactive|aidensz has 30 seconds left.
|inactive|aidensz has 20 seconds left.
|
|t:|1783540679
|detailschange|p1b: Mawile|Mawile-Mega, L50, M, shiny
|-mega|p1b: Mawile|Mawile|Mawilite
|move|p1b: Mawile|Sucker Punch|p2b: Gholdengo
|-supereffective|p2b: Gholdengo|1
|-damage|p2b: Gholdengo|4/100
|move|p2b: Gholdengo|Make It Rain|p1a: Oranguru|[spread] p1a,p1b
|-damage|p1a: Oranguru|63/100
|-damage|p1b: Mawile|50/100g
|-unboost|p2b: Gholdengo|spa|2
|move|p2a: Garchomp|Earthquake|p1a: Oranguru|[spread] p2b,p1a,p1b
|-supereffective|p2b: Gholdengo|1
|-supereffective|p1b: Mawile|1
|-damage|p2b: Gholdengo|0 fnt
|-damage|p1a: Oranguru|8/100
|-damage|p1b: Mawile|0 fnt
|faint|p2b: Gholdengo
|faint|p1b: Mawile
|-damage|p2a: Garchomp|90/100|[from] item: Life Orb
|move|p1a: Oranguru|Trick Room|p1a: Oranguru
|-fieldstart|move: Trick Room|[of] p1a: Oranguru
|
|-heal|p1a: Oranguru|14/100|[from] item: Leftovers
|upkeep
|
|t:|1783540697
|switch|p1b: Incineroar|Incineroar, L50, F, shiny|100/100
|switch|p2b: Staraptor|Staraptor, L50, F, shiny|100/100
|-ability|p1b: Incineroar|Intimidate|boost
|-unboost|p2a: Garchomp|atk|1
|-unboost|p2b: Staraptor|atk|1
|-ability|p2b: Staraptor|Intimidate|boost
|-fail|p1a: Oranguru|unboost|Attack|[from] ability: Inner Focus|[of] p1a: Oranguru
|-unboost|p1b: Incineroar|atk|1
|turn|2
|inactive|MAD4DontKnowGame has 30 seconds left.
|inactive|aidensz has 30 seconds left.
|
|t:|1783540726
|switch|p1b: Staraptor|Staraptor, L50, F|100/100
|-ability|p1b: Staraptor|Intimidate|boost
|-unboost|p2a: Garchomp|atk|1
|-unboost|p2b: Staraptor|atk|1
|detailschange|p2b: Staraptor|Staraptor-Mega, L50, F, shiny
|-mega|p2b: Staraptor|Staraptor|Staraptite
|move|p2b: Staraptor|Protect|p2b: Staraptor
|-singleturn|p2b: Staraptor|Protect
|move|p1a: Oranguru|Future Sight|p2b: Staraptor
|-start|p1a: Oranguru|move: Future Sight
|move|p2a: Garchomp|Earthquake|p1b: Staraptor|[spread] p1a
|-activate|p2b: Staraptor|move: Protect
|-immune|p1b: Staraptor
|-damage|p1a: Oranguru|0 fnt
|faint|p1a: Oranguru
|-damage|p2a: Garchomp|80/100|[from] item: Life Orb
|
|upkeep
|
|t:|1783540741
|switch|p1a: Incineroar|Incineroar, L50, F, shiny|100/100
|-ability|p1a: Incineroar|Intimidate|boost
|-unboost|p2a: Garchomp|atk|1
|-boost|p2b: Staraptor|atk|1
|turn|3
|inactive|MAD4DontKnowGame has 30 seconds left.
|inactive|aidensz has 30 seconds left.
|inactive|MAD4DontKnowGame has 20 seconds left.
|inactive|aidensz has 20 seconds left.
|inactive|aidensz has 15 seconds left.
|
|t:|1783540781
|move|p2a: Garchomp|Protect|p2a: Garchomp
|-singleturn|p2a: Garchomp|Protect
|move|p1a: Incineroar|Fake Out|p2b: Staraptor
|-damage|p2b: Staraptor|83/100
|cant|p2b: Staraptor|flinch
|move|p1b: Staraptor|Final Gambit|p2a: Garchomp
|-activate|p2a: Garchomp|move: Protect
|
|upkeep
|turn|4
|inactive|MAD4DontKnowGame has 30 seconds left.
|
|t:|1783540810
|switch|p2a: Whimsicott|Whimsicott, L50, M|100/100
|move|p2b: Staraptor|Protect|p2b: Staraptor
|-singleturn|p2b: Staraptor|Protect
|move|p1a: Incineroar|Darkest Lariat|p2a: Whimsicott
|-resisted|p2a: Whimsicott|1
|-damage|p2a: Whimsicott|64/100
|move|p1b: Staraptor|Final Gambit|p2a: Whimsicott
|-damage|p2a: Whimsicott|0 fnt
|faint|p1b: Staraptor
|faint|p2a: Whimsicott
|
|-end|p2b: Staraptor|move: Future Sight
|-supereffective|p2b: Staraptor|1
|-damage|p2b: Staraptor|0 fnt
|faint|p2b: Staraptor
|upkeep
|
|t:|1783540824
|switch|p2b: Garchomp|Garchomp, L50, M|80/100
|turn|5
|
|t:|1783540832
|move|p2b: Garchomp|Protect|p2b: Garchomp
|-singleturn|p2b: Garchomp|Protect
|move|p1a: Incineroar|Darkest Lariat|p2b: Garchomp
|-activate|p2b: Garchomp|move: Protect
|
|-fieldend|move: Trick Room
|upkeep
|turn|6
|
|t:|1783540840
|move|p2b: Garchomp|Earthquake|p1a: Incineroar
|-supereffective|p1a: Incineroar|1
|-damage|p1a: Incineroar|0 fnt
|faint|p1a: Incineroar
|-damage|p2b: Garchomp|70/100|[from] item: Life Orb
|
|win|aidensz
