|j|☆MetagrossMasher
|j|☆Twittle Twister
|html|MetagrossMasherTwittle Twister    
|uhtml|bestof|Game 1 of a best-of-3
|t:|1756615519
|gametype|doubles
|player|p1|MetagrossMasher|265|1140
|player|p2|Twittle Twister|2|1089
|gen|9
|tier|[Gen 9] VGC 2025 Reg H (Bo3)
|rated|
|rule|Species Clause: Limit one of each Pokémon
|rule|Item Clause: Limit 1 of each item
|clearpoke
|poke|p1|Amoonguss, L50, F|
|poke|p1|Incineroar, L50, M|
|poke|p1|Rillaboom, L50, M|
|poke|p1|Gholdengo, L50|
|poke|p1|Garchomp, L50, M|
|poke|p1|Annihilape, L50, F|
|poke|p2|Volcarona, L50, F|
|poke|p2|Tyranitar, L50, F|
|poke|p2|Rillaboom, L50, M|
|poke|p2|Sneasler, L50, M|
|poke|p2|Dragonite, L50, M|
|poke|p2|Amoonguss, L50, F|
|teampreview|4
|showteam|p1|Amoonguss||CovertCloak|Regenerator|Spore,PollenPuff,RagePowder,Protect|||F|||50|,,,,,Water]Incineroar||SitrusBerry|Intimidate|FlareBlitz,FakeOut,PartingShot,WillOWisp|||M|||50|,,,,,Water]Rillaboom||AssaultVest|GrassySurge|GrassyGlide,WoodHammer,Uturn,FakeOut|||M|||50|,,,,,Fire]Gholdengo||GrassySeed|GoodasGold|NastyPlot,MakeItRain,Protect,ShadowBall||||||50|,,,,,Steel]Garchomp||LifeOrb|RoughSkin|Earthquake,DragonClaw,Protect,StompingTantrum|||M|||50|,,,,,Fire]Annihilape||SafetyGoggles|Defiant|BulkUp,Protect,RageFist,DrainPunch|||F|||50|,,,,,Fire
|showteam|p2|Volcarona||SafetyGoggles|FlameBody|QuiverDance,HeatWave,GigaDrain,Protect|||F|||50|,,,,,Stellar]Tyranitar||AssaultVest|SandStream|RockSlide,KnockOff,TeraBlast,Earthquake|||F|||50|,,,,,Flying]Rillaboom||MiracleSeed|GrassySurge|KnockOff,Uturn,GrassyGlide,FakeOut|||M|||50|,,,,,Grass]Sneasler||GrassySeed|Unburden|DireClaw,Acrobatics,Protect,CloseCombat|||M|||50|,,,,,Flying]Dragonite||LoadedDice|Multiscale|Tailwind,ScaleShot,Haze,Protect|||M|||50|,,,,,Fairy]Amoonguss||RockyHelmet|Regenerator|RagePowder,Spore,Protect,PollenPuff|||F|||50|,,,,,Water
|inactive|Battle timer is ON: inactive players will automatically lose when time's up. (requested by Twittle Twister)
|inactive|MetagrossMasher has 60 seconds left.
|
|t:|1756615576
|teamsize|p1|4
|teamsize|p2|4
|start
|switch|p1a: Incineroar|Incineroar, L50, M|100/100
|switch|p1b: Gholdengo|Gholdengo, L50|100/100
|switch|p2a: Rillaboom|Rillaboom, L50, M|100/100
|switch|p2b: Sneasler|Sneasler, L50, M|100/100
|-fieldstart|move: Grassy Terrain|[from] ability: Grassy Surge|[of] p2a: Rillaboom
|-enditem|p2b: Sneasler|Grassy Seed
|-boost|p2b: Sneasler|def|1|[from] item: Grassy Seed
|-enditem|p1b: Gholdengo|Grassy Seed
|-boost|p1b: Gholdengo|def|1|[from] item: Grassy Seed
|-ability|p1a: Incineroar|Intimidate|boost
|-unboost|p2a: Rillaboom|atk|1
|-unboost|p2b: Sneasler|atk|1
|turn|1
|inactive|MetagrossMasher has 30 seconds left.
|inactive|MetagrossMasher has 20 seconds left.
|inactive|MetagrossMasher has 15 seconds left.
|
|t:|1756615618
|move|p2b: Sneasler|Protect|p2b: Sneasler
|-singleturn|p2b: Sneasler|Protect
|move|p1b: Gholdengo|Nasty Plot|p1b: Gholdengo
|-boost|p1b: Gholdengo|spa|2
|move|p2a: Rillaboom|Knock Off|p1b: Gholdengo
|-supereffective|p1b: Gholdengo
|-damage|p1b: Gholdengo|80/100
|move|p1a: Incineroar|Flare Blitz|p2a: Rillaboom
|-supereffective|p2a: Rillaboom
|-damage|p2a: Rillaboom|0 fnt
|faint|p2a: Rillaboom
|-damage|p1a: Incineroar|68/100|[from] Recoil
|
|-heal|p1b: Gholdengo|85/100|[from] Grassy Terrain
|-heal|p1a: Incineroar|74/100|[from] Grassy Terrain
|upkeep
|
|t:|1756615633
|switch|p2a: Volcarona|Volcarona, L50, F|100/100
|turn|2
|inactive|MetagrossMasher has 30 seconds left.
|inactive|Twittle Twister has 30 seconds left.
|
|t:|1756615659
|move|p2b: Sneasler|Close Combat|p1a: Incineroar
|-supereffective|p1a: Incineroar
|-damage|p1a: Incineroar|0 fnt
|-unboost|p2b: Sneasler|def|1
|-unboost|p2b: Sneasler|spd|1
|faint|p1a: Incineroar
|move|p2a: Volcarona|Heat Wave|p1b: Gholdengo
|-supereffective|p1b: Gholdengo
|-damage|p1b: Gholdengo|0 fnt
|faint|p1b: Gholdengo
|
|upkeep
|
|t:|1756615671
|switch|p1b: Garchomp|Garchomp, L50, M|100/100
|switch|p1a: Rillaboom|Rillaboom, L50, M|100/100
|turn|3
|inactive|MetagrossMasher has 30 seconds left.
|inactive|MetagrossMasher has 20 seconds left.
|inactive|MetagrossMasher has 15 seconds left.
|
|t:|1756615714
|move|p2b: Sneasler|Protect|p2b: Sneasler
|-singleturn|p2b: Sneasler|Protect
|move|p2a: Volcarona|Protect|p2a: Volcarona
|-singleturn|p2a: Volcarona|Protect
|move|p1a: Rillaboom|Fake Out|p2b: Sneasler
|-activate|p2b: Sneasler|move: Protect
|move|p1b: Garchomp|Dragon Claw|p2a: Volcarona
|-activate|p2a: Volcarona|move: Protect
|
|upkeep
|turn|4
|inactive|MetagrossMasher has 30 seconds left.
|
|t:|1756615745
|switch|p2a: Amoonguss|Amoonguss, L50, F|100/100
|-terastallize|p2b: Sneasler|Flying
|-terastallize|p1a: Rillaboom|Fire
|move|p2b: Sneasler|Acrobatics|p1a: Rillaboom
|-damage|p1a: Rillaboom|61/100
|move|p1b: Garchomp|Stomping Tantrum|p2b: Sneasler
|-immune|p2b: Sneasler
|move|p1a: Rillaboom|Wood Hammer|p2a: Amoonguss
|-resisted|p2a: Amoonguss
|-damage|p2a: Amoonguss|80/100
|-damage|p1a: Rillaboom|45/100|[from] item: Rocky Helmet|[of] p2a: Amoonguss
|-damage|p1a: Rillaboom|37/100|[from] Recoil
|
|-heal|p1a: Rillaboom|43/100|[from] Grassy Terrain
|-heal|p2a: Amoonguss|86/100|[from] Grassy Terrain
|upkeep
|turn|5
|inactive|Twittle Twister has 30 seconds left.
|inactive|Twittle Twister has 20 seconds left.
|inactive|Twittle Twister has 15 seconds left.
|
|t:|1756615788
|move|p2a: Amoonguss|Rage Powder|p2a: Amoonguss
|-singleturn|p2a: Amoonguss|move: Rage Powder
|move|p1a: Rillaboom|Grassy Glide|p2a: Amoonguss
|-resisted|p2a: Amoonguss
|-damage|p2a: Amoonguss|76/100
|-damage|p1a: Rillaboom|26/100|[from] item: Rocky Helmet|[of] p2a: Amoonguss
|move|p2b: Sneasler|Close Combat|p1a: Rillaboom
|-damage|p1a: Rillaboom|0 fnt
|-unboost|p2b: Sneasler|def|1
|-unboost|p2b: Sneasler|spd|1
|faint|p1a: Rillaboom
|move|p1b: Garchomp|Dragon Claw|p2a: Amoonguss
|-damage|p2a: Amoonguss|15/100
|-damage|p1b: Garchomp|84/100|[from] item: Rocky Helmet|[of] p2a: Amoonguss
|-damage|p1b: Garchomp|74/100|[from] item: Life Orb
|
|-heal|p1b: Garchomp|80/100|[from] Grassy Terrain
|-heal|p2a: Amoonguss|21/100|[from] Grassy Terrain
|-fieldend|move: Grassy Terrain
|upkeep
|turn|6
|
|t:|1756615810
|move|p2b: Sneasler|Protect|p2b: Sneasler
|-singleturn|p2b: Sneasler|Protect
|move|p1b: Garchomp|Dragon Claw|p2b: Sneasler
|-activate|p2b: Sneasler|move: Protect
|move|p2a: Amoonguss|Spore|p1b: Garchomp
|-status|p1b: Garchomp|slp|[from] move: Spore
|
|upkeep
|turn|7
|-message|MetagrossMasher forfeited.
|
|win|Twittle Twister
||MetagrossMasher is ready for game 2.
||Twittle Twister is ready for game 2.
|uhtml|next|Next: Game 2 of 3
|l|☆MetagrossMasher
|player|p1|
