|j|☆BiomboVGC
|j|☆sparrow.d.ace
|html|BiomboVGCsparrow.d.ace    
|uhtml|bestof|Game 3 of a best-of-3
|t:|1755525723
|gametype|doubles
|player|p1|BiomboVGC|will|1290
|player|p2|sparrow.d.ace|alec-anime|1221
|gen|9
|tier|[Gen 9] VGC 2025 Reg H (Bo3)
|rated|
|rule|Species Clause: Limit one of each Pokémon
|rule|Item Clause: Limit 1 of each item
|clearpoke
|poke|p1|Maushold-Four, L50|
|poke|p1|Annihilape, L50, M|
|poke|p1|Rillaboom, L50, F|
|poke|p1|Gholdengo, L50|
|poke|p1|Kilowattrel, L50, F|
|poke|p1|Incineroar, L50, M|
|poke|p2|Basculegion, L50, M|
|poke|p2|Pelipper, L50, F|
|poke|p2|Archaludon, L50, F|
|poke|p2|Kingambit, L50, M|
|poke|p2|Sneasler, L50, F|
|poke|p2|Rillaboom, L50, M|
|teampreview|4
|showteam|p1|Maushold-Four||SafetyGoggles|FriendGuard|Protect,FollowMe,Taunt,BeatUp||||||50|,,,,,Ghost]Annihilape||Leftovers|Defiant|Protect,BulkUp,RageFist,DrainPunch|||M|||50|,,,,,Fire]Rillaboom||LoadedDice|GrassySurge|FakeOut,GrassyGlide,BulletSeed,Uturn|||F|||50|,,,,,Grass]Gholdengo||LifeOrb|GoodasGold|Protect,ShadowBall,NastyPlot,MakeItRain||||||50|,,,,,Water]Kilowattrel||FocusSash|Competitive|Protect,Tailwind,Thunderbolt,AirSlash|||F|||50|,,,,,Ghost]Incineroar||SitrusBerry|Intimidate|FakeOut,PartingShot,KnockOff,Taunt|||M|||50|,,,,,Ghost
|showteam|p2|Basculegion||ChoiceBand|SwiftSwim|WaveCrash,FlipTurn,LastRespects,AquaJet|||M|||50|,,,,,Water]Pelipper||CovertCloak|Drizzle|WeatherBall,Hurricane,Tailwind,Protect|||F|||50|,,,,,Stellar]Archaludon||AssaultVest|Stamina|ElectroShot,DragonPulse,FlashCannon,BodyPress|||F|||50|,,,,,Grass]Kingambit||BlackGlasses|Defiant|KowtowCleave,IronHead,SuckerPunch,Protect|||M|||50|,,,,,Dark]Sneasler||FocusSash|PoisonTouch|DireClaw,CloseCombat,ThroatChop,Protect|||F|||50|,,,,,Ghost]Rillaboom||MiracleSeed|GrassySurge|WoodHammer,GrassyGlide,Uturn,FakeOut|||M|||50|,,,,,Fire
|inactive|Battle timer is ON: inactive players will automatically lose when time's up. (requested by sparrow.d.ace)
|
|t:|1755525739
|teamsize|p1|4
|teamsize|p2|4
|start
|switch|p1a: Los Ramírez|Maushold-Four, L50|100/100
|switch|p1b: 雨景色|Annihilape, L50, M|100/100
|switch|p2a: Pelipper|Pelipper, L50, F, shiny|100/100
|switch|p2b: Kingambit|Kingambit, L50, M|100/100
|-weather|RainDance|[from] ability: Drizzle|[of] p2a: Pelipper
|turn|1
|
|t:|1755525754
|switch|p2b: Archaludon|Archaludon, L50, F|100/100
|-terastallize|p1b: 雨景色|Fire
|move|p1a: Los Ramírez|Beat Up|p1b: 雨景色
|-damage|p1b: 雨景色|99/100
|-damage|p1b: 雨景色|96/100
|-damage|p1b: 雨景色|93/100
|-damage|p1b: 雨景色|91/100
|-hitcount|p1b: 雨景色|4
|move|p1b: 雨景色|Bulk Up|p1b: 雨景色
|-boost|p1b: 雨景色|atk|1
|-boost|p1b: 雨景色|def|1
|move|p2a: Pelipper|Hurricane|p1b: 雨景色
|-damage|p1b: 雨景色|63/100
|
|-weather|RainDance|[upkeep]
|-heal|p1b: 雨景色|69/100|[from] item: Leftovers
|upkeep
|turn|2
|
|t:|1755525777
|-terastallize|p2b: Archaludon|Grass
|move|p1a: Los Ramírez|Follow Me|p1a: Los Ramírez
|-singleturn|p1a: Los Ramírez|move: Follow Me
|move|p1b: 雨景色|Rage Fist|p2a: Pelipper
|-damage|p2a: Pelipper|0 fnt
|faint|p2a: Pelipper
|move|p2b: Archaludon|Body Press|p1a: Los Ramírez
|-supereffective|p1a: Los Ramírez
|-damage|p1a: Los Ramírez|45/100
|
|-weather|RainDance|[upkeep]
|-heal|p1b: 雨景色|75/100|[from] item: Leftovers
|upkeep
|
|t:|1755525791
|switch|p2a: Sneasler|Sneasler, L50, F|100/100
|turn|3
|
|t:|1755525801
|move|p1a: Los Ramírez|Protect|p1a: Los Ramírez
|-singleturn|p1a: Los Ramírez|Protect
|move|p1b: 雨景色|Protect|p1b: 雨景色
|-singleturn|p1b: 雨景色|Protect
|move|p2a: Sneasler|Dire Claw|p1a: Los Ramírez
|-activate|p1a: Los Ramírez|move: Protect
|move|p2b: Archaludon|Electro Shot||[still]
|-prepare|p2b: Archaludon|Electro Shot
|-boost|p2b: Archaludon|spa|1
|-anim|p2b: Archaludon|Electro Shot|p1b: 雨景色
|-activate|p1b: 雨景色|move: Protect
|
|-weather|RainDance|[upkeep]
|-heal|p1b: 雨景色|82/100|[from] item: Leftovers
|upkeep
|turn|4
|
|t:|1755525813
|move|p1a: Los Ramírez|Follow Me|p1a: Los Ramírez
|-singleturn|p1a: Los Ramírez|move: Follow Me
|move|p2a: Sneasler|Dire Claw|p1a: Los Ramírez
|-damage|p1a: Los Ramírez|0 fnt
|faint|p1a: Los Ramírez
|move|p1b: 雨景色|Rage Fist|p2b: Archaludon
|-damage|p2b: Archaludon|0 fnt
|faint|p2b: Archaludon
|
|-weather|RainDance|[upkeep]
|-heal|p1b: 雨景色|88/100|[from] item: Leftovers
|upkeep
|
|t:|1755525826
|switch|p1a: ラベンダー|Rillaboom, L50, F|100/100
|switch|p2b: Kingambit|Kingambit, L50, M|100/100
|-fieldstart|move: Grassy Terrain|[from] ability: Grassy Surge|[of] p1a: ラベンダー
|turn|5
|
|t:|1755525836
|move|p2a: Sneasler|Protect|p2a: Sneasler
|-singleturn|p2a: Sneasler|Protect
|move|p1a: ラベンダー|Fake Out|p2a: Sneasler
|-activate|p2a: Sneasler|move: Protect
|move|p1b: 雨景色|Bulk Up|p1b: 雨景色
|-boost|p1b: 雨景色|atk|1
|-boost|p1b: 雨景色|def|1
|move|p2b: Kingambit|Kowtow Cleave|p1b: 雨景色
|-damage|p1b: 雨景色|59/100
|
|-weather|none
|-heal|p1b: 雨景色|65/100|[from] Grassy Terrain
|-heal|p1b: 雨景色|72/100|[from] item: Leftovers
|upkeep
|turn|6
|
|t:|1755525849
|move|p1a: ラベンダー|Grassy Glide|p2a: Sneasler
|-resisted|p2a: Sneasler
|-damage|p2a: Sneasler|68/100
|move|p2b: Kingambit|Sucker Punch|p1b: 雨景色
|-damage|p1b: 雨景色|48/100
|move|p2a: Sneasler|Dire Claw|p1b: 雨景色
|-damage|p1b: 雨景色|26/100
|-status|p1b: 雨景色|par
|cant|p1b: 雨景色|par
|
|-heal|p2a: Sneasler|73/100|[from] Grassy Terrain
|-heal|p1b: 雨景色|33/100 par|[from] Grassy Terrain
|-heal|p1b: 雨景色|39/100 par|[from] item: Leftovers
|upkeep
|turn|7
|inactive|sparrow.d.ace has 30 seconds left.
|
|t:|1755525877
|move|p2a: Sneasler|Dire Claw|p1b: 雨景色
|-damage|p1b: 雨景色|17/100 par
|move|p1a: ラベンダー|Bullet Seed|p2a: Sneasler
|-resisted|p2a: Sneasler
|-damage|p2a: Sneasler|57/100
|-resisted|p2a: Sneasler
|-damage|p2a: Sneasler|42/100
|-resisted|p2a: Sneasler
|-damage|p2a: Sneasler|25/100
|-resisted|p2a: Sneasler
|-damage|p2a: Sneasler|10/100
|-resisted|p2a: Sneasler
|-damage|p2a: Sneasler|0 fnt
|faint|p2a: Sneasler
|-hitcount|p2: Sneasler|5
|move|p1b: 雨景色|Rage Fist|p2b: Kingambit
|-resisted|p2b: Kingambit
|-damage|p2b: Kingambit|5/100
|move|p2b: Kingambit|Kowtow Cleave|p1b: 雨景色
|-damage|p1b: 雨景色|0 fnt
|faint|p1b: 雨景色
|
|-heal|p2b: Kingambit|11/100|[from] Grassy Terrain
|upkeep
|
|t:|1755525896
|switch|p1b: サイエンス|Kilowattrel, L50, F|100/100
|turn|8
|
|t:|1755525899
|move|p2b: Kingambit|Sucker Punch|p2: Sneasler|[notarget]
|-fail|p2b: Kingambit
|move|p1b: サイエンス|Thunderbolt|p2b: Kingambit
|-damage|p2b: Kingambit|0 fnt
|faint|p2b: Kingambit
|
|win|BiomboVGC
|raw|BiomboVGC's rating: 1290 → 1310(+20 for winning)
|raw|sparrow.d.ace's rating: 1221 → 1201(-20 for losing)
|l|☆BiomboVGC
|player|p1|
