|j|☆avoidmilly
|j|☆bearlover997
|html|avoidmillybearlover997    
|uhtml|bestof|Game 2 of a best-of-3
|t:|1786140832
|gametype|doubles
|player|p1|avoidmilly|plasmagruntf|1238
|player|p2|bearlover997|sage|1067
|gen|9
|tier|[Gen 9 Champions] VGC 2026 Reg M-B (Bo3)
|rated|
|rule|Species Clause: Limit one of each Pokémon
|rule|Item Clause: Limit 1 of each item
|clearpoke
|poke|p1|Mawile, L50, F|
|poke|p1|Farigiraf, L50, F|
|poke|p1|Garchomp, L50, F|
|poke|p1|Whimsicott, L50, F|
|poke|p1|Charizard, L50, F|
|poke|p1|Sneasler, L50, M|
|poke|p2|Dragalge, L50, F, shiny|
|poke|p2|Sinistcha, L50|
|poke|p2|Incineroar, L50, F|
|poke|p2|Grimmsnarl, L50, M|
|poke|p2|Lopunny, L50, M, shiny|
|poke|p2|Tyrantrum, L50, F, shiny|
|teampreview|4
|showteam|p1|Mawile||Mawilite|Intimidate|IronHead,PlayRough,SuckerPunch,Protect|Adamant||F|||50|]Farigiraf||SitrusBerry|ArmorTail|Psychic,HyperVoice,TrickRoom,Protect|Sassy||F|||50|]Garchomp||LifeOrb|RoughSkin|Earthquake,RockSlide,DragonClaw,Protect|Adamant||F|||50|]Whimsicott||FocusSash|Prankster|Moonblast,Tailwind,Encore,Protect|Serious||F|||50|]Charizard||CharizarditeY|Blaze|HeatWave,SolarBeam,WeatherBall,Protect|Timid||F|||50|]Sneasler||WhiteHerb|Unburden|CloseCombat,DireClaw,Acrobatics,FakeOut|Adamant||M|||50|
|showteam|p2|Dragalge||Dragalgite|PoisonPoint|DracoMeteor,SludgeBomb,FlipTurn,Toxic|Calm||F|||50|]Sinistcha||ColburBerry|Hospitality|MatchaGotcha,StrengthSap,RagePowder,Protect|Bold|||||50|]Incineroar||SitrusBerry|Intimidate|FakeOut,PartingShot,WillOWisp,FlareBlitz|Adamant||F|||50|]Grimmsnarl||LightClay|Prankster|LightScreen,Reflect,PartingShot,SpiritBreak|Careful||M|||50|]Lopunny||Lopunnite|Limber|CloseCombat,Encore,FakeOut,Uturn|Jolly||M|||50|]Tyrantrum||LifeOrb|RockHead|HeadSmash,DragonDance,DragonClaw,Protect|Adamant||F|||50|
|inactive|Battle timer is ON: inactive players will automatically lose when time's up. (requested by bearlover997)
|inactive|avoidmilly also wants the timer to be on.
|c|☆bearlover997|I'll win this time no matter what
|inactive|avoidmilly has 60 seconds left.
|
|t:|1786140873
|teamsize|p1|4
|teamsize|p2|4
|start
|switch|p1a: Mawile|Mawile, L50, F|100/100
|switch|p1b: Farigiraf|Farigiraf, L50, F|100/100
|switch|p2a: Lopunny|Lopunny, L50, M, shiny|100/100
|switch|p2b: Tyrantrum|Tyrantrum, L50, F, shiny|100/100
|-ability|p1a: Mawile|Intimidate|boost
|-unboost|p2a: Lopunny|atk|1
|-unboost|p2b: Tyrantrum|atk|1
|turn|1
|inactive|avoidmilly has 30 seconds left.
|inactive|bearlover997 has 30 seconds left.
|
|t:|1786140905
|switch|p2b: Incineroar|Incineroar, L50, F|100/100
|-ability|p2b: Incineroar|Intimidate|boost
|-unboost|p1a: Mawile|atk|1
|-unboost|p1b: Farigiraf|atk|1
|detailschange|p2a: Lopunny|Lopunny-Mega, L50, M, shiny
|-mega|p2a: Lopunny|Lopunny|Lopunnite
|move|p1a: Mawile|Protect|p1a: Mawile
|-singleturn|p1a: Mawile|Protect
|move|p2a: Lopunny|U-turn|p1b: Farigiraf
|-supereffective|p1b: Farigiraf|1
|-damage|p1b: Farigiraf|65/100
|
|t:|1786140916
|switch|p2a: Grimmsnarl|Grimmsnarl, L50, M|100/100|[from] U-turn
|move|p1b: Farigiraf|Trick Room|p1b: Farigiraf
|-fieldstart|move: Trick Room|[of] p1b: Farigiraf
|
|upkeep
|turn|2
|
|t:|1786140925
|switch|p1a: Garchomp|Garchomp, L50, F|100/100
|move|p2a: Grimmsnarl|Reflect|p2a: Grimmsnarl
|-sidestart|p2: bearlover997|Reflect
|move|p1b: Farigiraf|Hyper Voice|p2a: Grimmsnarl|[spread] p2a,p2b
|-damage|p2a: Grimmsnarl|80/100
|-damage|p2b: Incineroar|82/100
|move|p2b: Incineroar|Will-O-Wisp|p1a: Garchomp
|-status|p1a: Garchomp|brn
|
|-damage|p1a: Garchomp|94/100 brn|[from] brn
|upkeep
|turn|3
|inactive|avoidmilly has 30 seconds left.
|
|t:|1786140960
|move|p2b: Incineroar|Parting Shot|p1b: Farigiraf
|-unboost|p1b: Farigiraf|atk|1
|-unboost|p1b: Farigiraf|spa|1
|
|t:|1786140966
|switch|p2b: Lopunny|Lopunny-Mega, L50, M, shiny|100/100|[from] Parting Shot
|move|p2a: Grimmsnarl|Spirit Break|p1a: Garchomp
|-supereffective|p1a: Garchomp|1
|-damage|p1a: Garchomp|35/100 brn
|-unboost|p1a: Garchomp|spa|1
|-damage|p2a: Grimmsnarl|67/100|[from] ability: Rough Skin|[of] p1a: Garchomp
|move|p1a: Garchomp|Rock Slide|p2b: Lopunny|[spread] p2a,p2b
|-resisted|p2b: Lopunny|1
|-damage|p2a: Grimmsnarl|55/100
|-damage|p2b: Lopunny|93/100
|-damage|p1a: Garchomp|25/100 brn|[from] item: Life Orb
|move|p1b: Farigiraf|Trick Room|p1b: Farigiraf
|-fieldend|move: Trick Room
|
|-damage|p1a: Garchomp|20/100r brn|[from] brn
|upkeep
|turn|4
|inactive|avoidmilly has 30 seconds left.
|inactive|bearlover997 has 30 seconds left.
|
|t:|1786140994
|move|p1b: Farigiraf|Protect|p1b: Farigiraf
|-singleturn|p1b: Farigiraf|Protect
|move|p2b: Lopunny|Close Combat|p1b: Farigiraf
|-activate|p1b: Farigiraf|move: Protect
|move|p1a: Garchomp|Dragon Claw|p2b: Lopunny
|-damage|p2b: Lopunny|68/100
|-damage|p1a: Garchomp|10/100 brn|[from] item: Life Orb
|move|p2a: Grimmsnarl|Spirit Break|p1a: Garchomp
|-supereffective|p1a: Garchomp|1
|-damage|p1a: Garchomp|0 fnt
|-damage|p2a: Grimmsnarl|43/100|[from] ability: Rough Skin|[of] p1a: Garchomp
|faint|p1a: Garchomp
|
|upkeep
|
|t:|1786141009
|switch|p1a: Sneasler|Sneasler, L50, M|100/100
|turn|5
|
|t:|1786141021
|move|p1a: Sneasler|Fake Out|p2b: Lopunny
|-damage|p2b: Lopunny|53/100
|cant|p2b: Lopunny|flinch
|move|p2a: Grimmsnarl|Spirit Break|p1b: Farigiraf
|-damage|p1b: Farigiraf|29/100
|-unboost|p1b: Farigiraf|spa|1
|-enditem|p1b: Farigiraf|Sitrus Berry|[eat]
|-heal|p1b: Farigiraf|54/100|[from] item: Sitrus Berry
|move|p1b: Farigiraf|Hyper Voice|p2b: Lopunny|[spread] p2a,p2b
|-damage|p2a: Grimmsnarl|34/100
|-damage|p2b: Lopunny|38/100
|
|upkeep
|turn|6
|
|t:|1786141043
|move|p1b: Farigiraf|Protect|p1b: Farigiraf
|-singleturn|p1b: Farigiraf|Protect
|move|p2a: Grimmsnarl|Light Screen|p2a: Grimmsnarl
|-sidestart|p2: bearlover997|move: Light Screen
|move|p2b: Lopunny|U-turn|p1b: Farigiraf
|-activate|p1b: Farigiraf|move: Protect
|move|p1a: Sneasler|Close Combat|p2b: Lopunny
|-supereffective|p2b: Lopunny|1
|-damage|p2b: Lopunny|0 fnt
|-unboost|p1a: Sneasler|def|1
|-unboost|p1a: Sneasler|spd|1
|faint|p2b: Lopunny
|-enditem|p1a: Sneasler|White Herb
|-clearnegativeboost|p1a: Sneasler|[silent]
|
|upkeep
|
|t:|1786141052
|switch|p2b: Incineroar|Incineroar, L50, F|82/100
|-ability|p2b: Incineroar|Intimidate|boost
|-unboost|p1a: Sneasler|atk|1
|-unboost|p1b: Farigiraf|atk|1
|turn|7
|
|t:|1786141071
|move|p1a: Sneasler|Close Combat|p2b: Incineroar
|-supereffective|p2b: Incineroar|1
|-damage|p2b: Incineroar|22/100
|-unboost|p1a: Sneasler|def|1
|-unboost|p1a: Sneasler|spd|1
|-enditem|p2b: Incineroar|Sitrus Berry|[eat]
|-heal|p2b: Incineroar|47/100|[from] item: Sitrus Berry
|move|p2b: Incineroar|Will-O-Wisp|p1a: Sneasler
|-status|p1a: Sneasler|brn
|move|p2a: Grimmsnarl|Spirit Break|p1b: Farigiraf
|-damage|p1b: Farigiraf|24/100
|-unboost|p1b: Farigiraf|spa|1
|move|p1b: Farigiraf|Hyper Voice|p2a: Grimmsnarl|[spread] p2a,p2b
|-damage|p2a: Grimmsnarl|28/100
|-damage|p2b: Incineroar|42/100
|
|-damage|p1a: Sneasler|93/100 brn|[from] brn
|upkeep
|turn|8
|inactive|avoidmilly has 30 seconds left.
|inactive|avoidmilly has 20 seconds left.
|inactive|bearlover997 has 30 seconds left.
|inactive|avoidmilly has 15 seconds left.
|inactive|bearlover997 has 20 seconds left.
|
|t:|1786141119
|switch|p2b: Tyrantrum|Tyrantrum, L50, F, shiny|100/100
|move|p1b: Farigiraf|Protect|p1b: Farigiraf
|-singleturn|p1b: Farigiraf|Protect
|move|p1a: Sneasler|Close Combat|p2b: Tyrantrum
|-supereffective|p2b: Tyrantrum|1
|-damage|p2b: Tyrantrum|72/100
|-unboost|p1a: Sneasler|def|1
|-unboost|p1a: Sneasler|spd|1
|move|p2a: Grimmsnarl|Spirit Break|p1b: Farigiraf
|-activate|p1b: Farigiraf|move: Protect
|
|-damage|p1a: Sneasler|87/100 brn|[from] brn
|upkeep
|turn|9
|
|t:|1786141139
|move|p1a: Sneasler|Dire Claw|p2a: Grimmsnarl
|-supereffective|p2a: Grimmsnarl|1
|-damage|p2a: Grimmsnarl|3/100
|move|p2b: Tyrantrum|Dragon Dance|p2b: Tyrantrum
|-boost|p2b: Tyrantrum|atk|1
|-boost|p2b: Tyrantrum|spe|1
|move|p2a: Grimmsnarl|Spirit Break|p1b: Farigiraf
|-damage|p1b: Farigiraf|0 fnt
|faint|p1b: Farigiraf
|
|-damage|p1a: Sneasler|81/100 brn|[from] brn
|-sideend|p2: bearlover997|Reflect
|upkeep
|
|t:|1786141150
|switch|p1b: Mawile|Mawile, L50, F|100/100
|-ability|p1b: Mawile|Intimidate|boost
|-unboost|p2a: Grimmsnarl|atk|1
|-unboost|p2b: Tyrantrum|atk|1
|turn|10
|
|t:|1786141166
|detailschange|p1b: Mawile|Mawile-Mega, L50, F
|-mega|p1b: Mawile|Mawile|Mawilite
|move|p2b: Tyrantrum|Protect|p2b: Tyrantrum
|-singleturn|p2b: Tyrantrum|Protect
|move|p2a: Grimmsnarl|Parting Shot|p1b: Mawile
|-unboost|p1b: Mawile|atk|1
|-unboost|p1b: Mawile|spa|1
|
|t:|1786141172
|switch|p2a: Incineroar|Incineroar, L50, F|42/100|[from] Parting Shot
|-ability|p2a: Incineroar|Intimidate|boost
|-unboost|p1a: Sneasler|atk|1
|-unboost|p1b: Mawile|atk|1
|move|p1a: Sneasler|Dire Claw|p2a: Incineroar
|-damage|p2a: Incineroar|32/100
|move|p1b: Mawile|Play Rough|p2b: Tyrantrum
|-activate|p2b: Tyrantrum|move: Protect
|
|-damage|p1a: Sneasler|75/100 brn|[from] brn
|upkeep
|turn|11
|
|t:|1786141189
|move|p1b: Mawile|Protect|p1b: Mawile
|-singleturn|p1b: Mawile|Protect
|move|p2a: Incineroar|Fake Out|p1b: Mawile
|-activate|p1b: Mawile|move: Protect
|move|p1a: Sneasler|Close Combat|p2a: Incineroar
|-supereffective|p2a: Incineroar|1
|-damage|p2a: Incineroar|0 fnt
|-unboost|p1a: Sneasler|def|1
|-unboost|p1a: Sneasler|spd|1
|faint|p2a: Incineroar
|move|p2b: Tyrantrum|Dragon Claw|p1a: Sneasler
|-damage|p1a: Sneasler|0 fnt
|faint|p1a: Sneasler
|-damage|p2b: Tyrantrum|62/100|[from] item: Life Orb
|
|upkeep
|
|t:|1786141203
|switch|p2a: Grimmsnarl|Grimmsnarl, L50, M|3/100
|turn|12
|
|t:|1786141223
|move|p2a: Grimmsnarl|Reflect|p2a: Grimmsnarl
|-sidestart|p2: bearlover997|Reflect
|move|p2b: Tyrantrum|Head Smash|p1b: Mawile
|-resisted|p1b: Mawile|1
|-damage|p1b: Mawile|51/100
|-damage|p2b: Tyrantrum|53/100|[from] item: Life Orb
|move|p1b: Mawile|Iron Head|p2a: Grimmsnarl
|-supereffective|p2a: Grimmsnarl|1
|-damage|p2a: Grimmsnarl|0 fnt
|faint|p2a: Grimmsnarl
|
|upkeep
|turn|13
|
|t:|1786141237
|move|p2b: Tyrantrum|Head Smash|p1b: Mawile
|-resisted|p1b: Mawile|1
|-damage|p1b: Mawile|1/100
|-damage|p2b: Tyrantrum|44/100|[from] item: Life Orb
|move|p1b: Mawile|Iron Head|p2b: Tyrantrum
|-supereffective|p2b: Tyrantrum|1
|-damage|p2b: Tyrantrum|0 fnt
|faint|p2b: Tyrantrum
|
|win|avoidmilly
|raw|avoidmilly's rating: 1238 → 1252(+14 for winning)
|raw|bearlover997's rating: 1067 → 1056(-11 for losing)
|c|☆bearlover997|No
|c|☆bearlover997|Gg
