|j|☆LookBackInBanger
|j|☆duggan1000
|html|LookBackInBangerduggan1000    
|uhtml|bestof|Game 2 of a best-of-3
|t:|1756160578
|gametype|doubles
|player|p1|LookBackInBanger|roxie|1084
|player|p2|duggan1000|rocketgruntf|1056
|gen|9
|tier|[Gen 9] VGC 2025 Reg H (Bo3)
|rated|
|rule|Species Clause: Limit one of each Pokémon
|rule|Item Clause: Limit 1 of each item
|clearpoke
|poke|p1|Amoonguss, L50, F|
|poke|p1|Incineroar, L50, M|
|poke|p1|Kingambit, L50, M|
|poke|p1|Ninetales-Alola, L50, M|
|poke|p1|Garchomp, L50, M|
|poke|p1|Dragonite, L50, F|
|poke|p2|Excadrill, L50, M|
|poke|p2|Tyranitar, L50, M|
|poke|p2|Hippowdon, L50, M|
|poke|p2|Bronzong, L50|
|poke|p2|Gastrodon, L50, F|
|poke|p2|Garchomp, L50, F|
|teampreview|4
|showteam|p1|Amoonguss||SitrusBerry|Regenerator|Protect,PollenPuff,Spore,RagePowder|||F|||50|,,,,,Fairy]Incineroar||RockyHelmet|Intimidate|FakeOut,FlareBlitz,KnockOff,PartingShot|||M|||50|,,,,,Grass]Kingambit||SafetyGoggles|Defiant|KowtowCleave,SuckerPunch,SwordsDance,Protect|||M|||50|,,,,,Dark]Ninetales-Alola||ChoiceSpecs|SnowWarning|Blizzard,DazzlingGleam,FreezeDry,Moonblast|||M|||50|,,,,,Ice]Garchomp||ChoiceBand|RoughSkin|DragonClaw,Earthquake,StompingTantrum,RockSlide|||M|||50|,,,,,Steel]Dragonite||AssaultVest|Multiscale|TeraBlast,ExtremeSpeed,IceSpinner,LowKick|||F|||50|,,,,,Flying
|showteam|p2|Excadrill||LifeOrb|SandRush|ThroatChop,Protect,IronHead,HighHorsepower|||M|||50|,,,,,Dragon]Tyranitar||CovertCloak|SandStream|KnockOff,RockSlide,TeraBlast,Protect|||M|||50|,,,,,Flying]Hippowdon||RockyHelmet|SandStream|Earthquake,Protect,Bulldoze,Yawn|||M|||50|,,,,,Ghost]Bronzong||SafetyGoggles|Levitate|TrickRoom,IronDefense,BodyPress,GyroBall||||||50|,,,,,Fairy]Gastrodon||AssaultVest|StormDrain|MuddyWater,EarthPower,SludgeBomb,ClearSmog|||F|||50|,,,,,Poison]Garchomp||ChoiceBand|SandVeil|StompingTantrum,Earthquake,DragonClaw,Protect|||F|||50|,,,,,Ground
|inactive|Battle timer is ON: inactive players will automatically lose when time's up. (requested by duggan1000)
|
|t:|1756160607
|teamsize|p1|4
|teamsize|p2|4
|start
|switch|p1a: Cheddar|Incineroar, L50, M|100/100
|switch|p1b: Roquefort|Garchomp, L50, M|100/100
|switch|p2a: Bronzong|Bronzong, L50|100/100
|switch|p2b: Hippowdon|Hippowdon, L50, M|100/100
|-ability|p1a: Cheddar|Intimidate|boost
|-unboost|p2a: Bronzong|atk|1
|-unboost|p2b: Hippowdon|atk|1
|-weather|Sandstorm|[from] ability: Sand Stream|[of] p2b: Hippowdon
|turn|1
|inactive|LookBackInBanger has 30 seconds left.
|inactive|LookBackInBanger has 20 seconds left.
|inactive|LookBackInBanger has 15 seconds left.
|inactive|LookBackInBanger has 10 seconds left.
|inactive|LookBackInBanger has 5 seconds left.
|
|t:|1756160659
|move|p1b: Roquefort|Dragon Claw|p2a: Bronzong
|-resisted|p2a: Bronzong
|-damage|p2a: Bronzong|82/100
|move|p1a: Cheddar|Knock Off|p2a: Bronzong
|-supereffective|p2a: Bronzong
|-damage|p2a: Bronzong|23/100
|-enditem|p2a: Bronzong|Safety Goggles|[from] move: Knock Off|[of] p1a: Cheddar
|move|p2b: Hippowdon|Earthquake|p1a: Cheddar|[spread] p1a,p1b
|-immune|p2a: Bronzong|[from] ability: Levitate
|-supereffective|p1a: Cheddar
|-damage|p1a: Cheddar|67/100
|-damage|p1b: Roquefort|82/100
|move|p2a: Bronzong|Trick Room|p2a: Bronzong
|-fieldstart|move: Trick Room|[of] p2a: Bronzong
|
|-weather|Sandstorm|[upkeep]
|-damage|p1a: Cheddar|61/100|[from] Sandstorm
|upkeep
|turn|2
|inactive|LookBackInBanger has 30 seconds left.
|inactive|duggan1000 has 30 seconds left.
|inactive|LookBackInBanger has 20 seconds left.
|inactive|duggan1000 has 20 seconds left.
|inactive|LookBackInBanger has 15 seconds left.
|inactive|duggan1000 has 15 seconds left.
|inactive|LookBackInBanger has 10 seconds left.
|inactive|duggan1000 has 10 seconds left.
|inactive|LookBackInBanger has 5 seconds left.
|
|t:|1756160712
|switch|p1b: Mozzarella|Dragonite, L50, F|100/100
|move|p2a: Bronzong|Body Press|p1a: Cheddar
|-supereffective|p1a: Cheddar
|-damage|p1a: Cheddar|11/100
|-damage|p2a: Bronzong|7/100|[from] item: Rocky Helmet|[of] p1a: Cheddar
|move|p2b: Hippowdon|Yawn|p1b: Mozzarella
|-start|p1b: Mozzarella|move: Yawn|[of] p2b: Hippowdon
|move|p1a: Cheddar|Parting Shot|p2a: Bronzong
|-unboost|p2a: Bronzong|atk|1
|-unboost|p2a: Bronzong|spa|1
|
|t:|1756160729
|switch|p1a: Roquefort|Garchomp, L50, M|82/100|[from] Parting Shot
|
|-weather|Sandstorm|[upkeep]
|-damage|p1b: Mozzarella|94/100|[from] Sandstorm
|upkeep
|turn|3
|inactive|LookBackInBanger has 30 seconds left.
|inactive|duggan1000 has 30 seconds left.
|
|t:|1756160763
|move|p1b: Mozzarella|Extreme Speed|p2a: Bronzong
|-resisted|p2a: Bronzong
|-damage|p2a: Bronzong|0 fnt
|faint|p2a: Bronzong
|move|p2b: Hippowdon|Yawn|p1a: Roquefort
|-start|p1a: Roquefort|move: Yawn|[of] p2b: Hippowdon
|move|p1a: Roquefort|Earthquake|p2b: Hippowdon|[spread] p2b
|-immune|p1b: Mozzarella
|-damage|p2b: Hippowdon|72/100
|
|-weather|Sandstorm|[upkeep]
|-damage|p1b: Mozzarella|88/100|[from] Sandstorm
|-end|p1b: Mozzarella|move: Yawn|[silent]
|-status|p1b: Mozzarella|slp
|upkeep
|
|t:|1756160778
|switch|p2a: Gastrodon|Gastrodon, L50, F|100/100
|turn|4
|inactive|LookBackInBanger has 30 seconds left.
|inactive|duggan1000 has 30 seconds left.
|inactive|LookBackInBanger has 20 seconds left.
|
|t:|1756160814
|move|p2b: Hippowdon|Bulldoze|p1b: Mozzarella|[spread] p2a,p1a
|-immune|p1b: Mozzarella
|-damage|p2a: Gastrodon|89/100
|-damage|p1a: Roquefort|71/100
|-unboost|p2a: Gastrodon|spe|1
|-unboost|p1a: Roquefort|spe|1
|move|p2a: Gastrodon|Muddy Water|p1b: Mozzarella|[spread] p1a
|-miss|p2a: Gastrodon|p1b: Mozzarella
|-damage|p1a: Roquefort|50/100
|move|p1a: Roquefort|Earthquake|p2b: Hippowdon|[spread] p2a,p2b
|-immune|p1b: Mozzarella
|-damage|p2a: Gastrodon|39/100
|-damage|p2b: Hippowdon|43/100
|cant|p1b: Mozzarella|slp
|
|-weather|Sandstorm|[upkeep]
|-damage|p1b: Mozzarella|82/100 slp|[from] Sandstorm
|-end|p1a: Roquefort|move: Yawn|[silent]
|-status|p1a: Roquefort|slp
|upkeep
|turn|5
|inactive|LookBackInBanger has 30 seconds left.
|inactive|duggan1000 has 30 seconds left.
|
|t:|1756160843
|switch|p2b: Excadrill|Excadrill, L50, M|100/100
|move|p2a: Gastrodon|Muddy Water|p1a: Roquefort|[spread] p1a,p1b
|-resisted|p1b: Mozzarella
|-damage|p1a: Roquefort|28/100 slp
|-damage|p1b: Mozzarella|76/100 slp
|-unboost|p1a: Roquefort|accuracy|1
|-unboost|p1b: Mozzarella|accuracy|1
|cant|p1a: Roquefort|slp
|cant|p1b: Mozzarella|slp
|
|-weather|none
|-fieldend|move: Trick Room
|upkeep
|turn|6
|inactive|LookBackInBanger has 30 seconds left.
|inactive|duggan1000 has 30 seconds left.
|
|t:|1756160872
|-curestatus|p1b: Mozzarella|slp|[msg]
|move|p1b: Mozzarella|Low Kick|p2b: Excadrill|[miss]
|-miss|p1b: Mozzarella|p2b: Excadrill
|cant|p1a: Roquefort|slp
|move|p2b: Excadrill|Iron Head|p1b: Mozzarella
|-damage|p1b: Mozzarella|15/100
|-damage|p2b: Excadrill|91/100|[from] item: Life Orb
|move|p2a: Gastrodon|Muddy Water|p1a: Roquefort|[spread] p1a,p1b
|-resisted|p1b: Mozzarella
|-damage|p1a: Roquefort|6/100 slp
|-damage|p1b: Mozzarella|9/100
|-unboost|p1b: Mozzarella|accuracy|1
|
|upkeep
|turn|7
|inactive|LookBackInBanger has 30 seconds left.
|
|t:|1756160898
|move|p1b: Mozzarella|Low Kick|p2b: Excadrill
|-supereffective|p2b: Excadrill
|-damage|p2b: Excadrill|36/100
|cant|p1a: Roquefort|slp
|move|p2b: Excadrill|Iron Head|p1b: Mozzarella
|-damage|p1b: Mozzarella|0 fnt
|faint|p1b: Mozzarella
|-damage|p2b: Excadrill|27/100|[from] item: Life Orb
|move|p2a: Gastrodon|Muddy Water|p1a: Roquefort
|-damage|p1a: Roquefort|0 fnt
|faint|p1a: Roquefort
|
|upkeep
|
|t:|1756160910
|switch|p1a: Cheddar|Incineroar, L50, M|11/100
|switch|p1b: Brie|Ninetales-Alola, L50, M|100/100
|-weather|Snowscape|[from] ability: Snow Warning|[of] p1b: Brie
|-ability|p1a: Cheddar|Intimidate|boost
|-unboost|p2a: Gastrodon|atk|1
|-unboost|p2b: Excadrill|atk|1
|turn|8
|inactive|LookBackInBanger has 30 seconds left.
|inactive|duggan1000 has 30 seconds left.
|inactive|LookBackInBanger has 20 seconds left.
|inactive|duggan1000 has 20 seconds left.
|inactive|LookBackInBanger has 15 seconds left.
|inactive|duggan1000 has 15 seconds left.
|inactive|duggan1000 has 10 seconds left.
|
|t:|1756160956
|switch|p2b: Hippowdon|Hippowdon, L50, M|43/100
|-weather|Sandstorm|[from] ability: Sand Stream|[of] p2b: Hippowdon
|-terastallize|p1b: Brie|Ice
|move|p1a: Cheddar|Fake Out|p2b: Hippowdon
|-damage|p2b: Hippowdon|37/100
|-damage|p1a: Cheddar|0 fnt|[from] item: Rocky Helmet|[of] p2b: Hippowdon
|faint|p1a: Cheddar
|move|p1b: Brie|Blizzard|p2b: Hippowdon|[spread] p2b
|-miss|p1b: Brie|p2a: Gastrodon
|-supereffective|p2b: Hippowdon
|-damage|p2b: Hippowdon|0 fnt
|faint|p2b: Hippowdon
|move|p2a: Gastrodon|Muddy Water|p1b: Brie
|-crit|p1b: Brie
|-damage|p1b: Brie|50/100
|-unboost|p1b: Brie|accuracy|1
|
|-weather|Sandstorm|[upkeep]
|-damage|p1b: Brie|43/100|[from] Sandstorm
|upkeep
|
|t:|1756160978
|switch|p2b: Excadrill|Excadrill, L50, M|27/100
|turn|9
|
|t:|1756160988
|move|p2b: Excadrill|Iron Head|p1b: Brie
|-supereffective|p1b: Brie
|-damage|p1b: Brie|0 fnt
|faint|p1b: Brie
|-damage|p2b: Excadrill|17/100|[from] item: Life Orb
|
|win|duggan1000
||LookBackInBanger is ready for game 3.
||duggan1000 is ready for game 3.
|uhtml|next|Next: Game 3 of 3
