|j|☆Chandeliere
|j|☆NaisonD
|html|ChandeliereNaisonD    
|uhtml|bestof|Game 2 of a best-of-3
|t:|1756922267
|gametype|doubles
|player|p1|Chandeliere|ethan|
|player|p2|NaisonD|cheren-gen5bw2|
|gen|9
|tier|[Gen 9] VGC 2025 Reg H (Bo3)
|rule|Species Clause: Limit one of each Pokémon
|rule|Item Clause: Limit 1 of each item
|clearpoke
|poke|p1|Ninetales-Alola, L50, M|
|poke|p1|Gholdengo, L50|
|poke|p1|Garchomp, L50, F|
|poke|p1|Incineroar, L50, F|
|poke|p1|Sneasler, L50, M|
|poke|p1|Dragonite, L50, F|
|poke|p2|Annihilape, L50, M|
|poke|p2|Sinistcha, L50|
|poke|p2|Basculegion, L50, M|
|poke|p2|Archaludon, L50, M|
|poke|p2|Maushold, L50|
|poke|p2|Pelipper, L50, M|
|teampreview|4
|showteam|p1|Ninetales-Alola||LightClay|SnowWarning|AuroraVeil,Blizzard,FreezeDry,Protect|||M|||50|,,,,,Ghost]Gholdengo||LifeOrb|GoodasGold|MakeItRain,ShadowBall,NastyPlot,Protect||||||50|,,,,,Water]Garchomp||ClearAmulet|RoughSkin|Earthquake,StompingTantrum,DragonClaw,Protect|||F|||50|,,,,,Ground]Incineroar||AssaultVest|Intimidate|FakeOut,KnockOff,FlareBlitz,Uturn|||F|||50|,,,,,Grass]Sneasler||WhiteHerb|Unburden|Coaching,CloseCombat,DireClaw,Protect|||M|||50|,,,,,Ghost]Dragonite||LoadedDice|Multiscale|ScaleShot,Haze,Tailwind,Protect|||F|||50|,,,,,Fairy
|showteam|p2|Annihilape||LumBerry|Defiant|RageFist,DrainPunch,BulkUp,Protect|||M|||50|,,,,,Fire]Sinistcha||SitrusBerry|Hospitality|MatchaGotcha,LifeDew,TrickRoom,RagePowder||||||50|,,,,,Water]Basculegion||LifeOrb|SwiftSwim|WaveCrash,LastRespects,AquaJet,Protect|||M|||50|,,,,,Water]Archaludon||AssaultVest|Stamina|ElectroShot,FlashCannon,Snarl,BodyPress|||M|||50|,,,,,Fairy]Maushold||SafetyGoggles|FriendGuard|FollowMe,Taunt,BeatUp,Protect||||||50|,,,,,Ghost]Pelipper||CovertCloak|Drizzle|Hurricane,WeatherBall,Tailwind,Protect|||M|||50|,,,,,Stellar
|
|t:|1756922286
|teamsize|p1|4
|teamsize|p2|4
|start
|switch|p1a: Sneasler|Sneasler, L50, M|100/100
|switch|p1b: Dragonite|Dragonite, L50, F|100/100
|switch|p2a: Annihilape|Annihilape, L50, M|100/100
|switch|p2b: Tate&Liza|Maushold, L50|100/100
|turn|1
|
|t:|1756922305
|-terastallize|p2b: Tate&Liza|Ghost
|move|p2b: Tate&Liza|Taunt|p1a: Sneasler
|-start|p1a: Sneasler|move: Taunt
|cant|p1a: Sneasler|move: Taunt|Coaching
|move|p2a: Annihilape|Bulk Up|p2a: Annihilape
|-boost|p2a: Annihilape|atk|1
|-boost|p2a: Annihilape|def|1
|move|p1b: Dragonite|Scale Shot|p2b: Tate&Liza
|-damage|p2b: Tate&Liza|84/100
|-damage|p2b: Tate&Liza|67/100
|-damage|p2b: Tate&Liza|50/100
|-damage|p2b: Tate&Liza|32/100
|-damage|p2b: Tate&Liza|16/100
|-hitcount|p2b: Tate&Liza|5
|-unboost|p1b: Dragonite|def|1
|-boost|p1b: Dragonite|spe|1
|
|upkeep
|turn|2
|
|t:|1756922328
|move|p1b: Dragonite|Tailwind|p1b: Dragonite
|-sidestart|p1: Chandeliere|move: Tailwind
|move|p1a: Sneasler|Dire Claw|p2b: Tate&Liza
|-resisted|p2b: Tate&Liza
|-damage|p2b: Tate&Liza|0 fnt
|faint|p2b: Tate&Liza
|move|p2a: Annihilape|Rage Fist|p1b: Dragonite
|-crit|p1b: Dragonite
|-damage|p1b: Dragonite|59/100
|
|upkeep
|
|t:|1756922350
|switch|p2b: Pelipper|Pelipper, L50, M, shiny|100/100
|-weather|RainDance|[from] ability: Drizzle|[of] p2b: Pelipper
|turn|3
|
|t:|1756922367
|move|p1b: Dragonite|Scale Shot|p2b: Pelipper
|-damage|p2b: Pelipper|82/100
|-damage|p2b: Pelipper|65/100
|-damage|p2b: Pelipper|48/100
|-crit|p2b: Pelipper
|-damage|p2b: Pelipper|23/100
|-hitcount|p2b: Pelipper|4
|-unboost|p1b: Dragonite|def|1
|-boost|p1b: Dragonite|spe|1
|move|p1a: Sneasler|Dire Claw|p2b: Pelipper
|-crit|p2b: Pelipper
|-damage|p2b: Pelipper|0 fnt
|faint|p2b: Pelipper
|move|p2a: Annihilape|Rage Fist|p1b: Dragonite
|-damage|p1b: Dragonite|0 fnt
|faint|p1b: Dragonite
|
|-weather|RainDance|[upkeep]
|-end|p1a: Sneasler|move: Taunt
|upkeep
|
|t:|1756922401
|switch|p1b: Gholdengo|Gholdengo, L50|100/100
|switch|p2b: Wilhelm|Basculegion, L50, M|100/100
|turn|4
|
|t:|1756922431
|switch|p1a: Ninetales|Ninetales-Alola, L50, M|100/100
|-weather|Snowscape|[from] ability: Snow Warning|[of] p1a: Ninetales
|-terastallize|p1b: Gholdengo|Water
|move|p2b: Wilhelm|Protect|p2b: Wilhelm
|-singleturn|p2b: Wilhelm|Protect
|move|p1b: Gholdengo|Shadow Ball|p2a: Annihilape
|-supereffective|p2a: Annihilape
|-damage|p2a: Annihilape|3/100
|-damage|p1b: Gholdengo|91/100|[from] item: Life Orb
|move|p2a: Annihilape|Rage Fist|p1b: Gholdengo
|-damage|p1b: Gholdengo|23/100
|
|-weather|Snowscape|[upkeep]
|upkeep
|turn|5
|inactive|Battle timer is ON: inactive players will automatically lose when time's up. (requested by Chandeliere)
|
|t:|1756922474
|move|p2a: Annihilape|Protect|p2a: Annihilape
|-singleturn|p2a: Annihilape|Protect
|move|p1a: Ninetales|Freeze-Dry|p2b: Wilhelm
|-supereffective|p2b: Wilhelm
|-damage|p2b: Wilhelm|52/100
|move|p1b: Gholdengo|Shadow Ball|p2b: Wilhelm
|-supereffective|p2b: Wilhelm
|-damage|p2b: Wilhelm|0 fnt
|faint|p2b: Wilhelm
|-damage|p1b: Gholdengo|13/100|[from] item: Life Orb
|
|-weather|Snowscape|[upkeep]
|-sideend|p1: Chandeliere|move: Tailwind
|upkeep
|turn|6
|c|☆NaisonD|gg
|c|☆Chandeliere|ggs
|-message|NaisonD forfeited.
|
|win|Chandeliere
