|j|ŌśåRiniRin
|j|ŌśåCoachChris
|html|RiniRinCoachChris    
|uhtml|bestof|Game 3 of a best-of-3
|t:|1754412529
|gametype|doubles
|player|p1|RiniRin|lacey|1199
|player|p2|CoachChris|265|1201
|gen|9
|tier|[Gen 9] VGC 2025 Reg H (Bo3)
|rated|
|rule|Species Clause: Limit one of each Pok├®mon
|rule|Item Clause: Limit 1 of each item
|clearpoke
|poke|p1|Indeedee, L50, M|
|poke|p1|Sneasler, L50, F|
|poke|p1|Garchomp, L50, M|
|poke|p1|Dragonite, L50, M|
|poke|p1|Gholdengo, L50|
|poke|p1|Incineroar, L50, M|
|poke|p2|Garganacl, L50, F|
|poke|p2|Dondozo, L50, M|
|poke|p2|Sneasler, L50, F|
|poke|p2|Gholdengo, L50|
|poke|p2|Ninetales-Alola, L50, F|
|poke|p2|Incineroar, L50, F|
|teampreview|4
|showteam|p1|Indeedee||FocusSash|PsychicSurge|ExpandingForce,HelpingHand,Protect,TrickRoom|||M|||50|,,,,,Psychic]Sneasler||PsychicSeed|Unburden|DireClaw,CloseCombat,Protect,ThroatChop|||F|||50|,,,,,Dark]Garchomp||LifeOrb|RoughSkin|DragonClaw,StompingTantrum,Protect,Earthquake|||M|||50|,,,,,Ground]Dragonite||LoadedDice|Multiscale|ScaleShot,Tailwind,Protect,Haze|||M|||50|,,,,,Steel]Gholdengo||MetalCoat|GoodasGold|MakeItRain,ShadowBall,Protect,NastyPlot||||||50|,,,,,Dragon]Incineroar||SafetyGoggles|Intimidate|KnockOff,FlareBlitz,FakeOut,PartingShot|||M|||50|,,,,,Ghost
|showteam|p2|Garganacl||MarangaBerry|PurifyingSalt|SaltCure,StealthRock,Protect,Recover|||F|||50|,,,,,Flying]Dondozo||Leftovers|Unaware|Liquidation,Yawn,Curse,Protect|||M|||50|,,,,,Poison]Sneasler||FocusSash|PoisonTouch|DireClaw,CloseCombat,Coaching,Protect|||F|||50|,,,,,Ghost]Gholdengo||ChoiceScarf|GoodasGold|MakeItRain,ShadowBall,Trick,PowerGem||||||50|,,,,,Steel]Ninetales-Alola||NeverMeltIce|SnowWarning|Blizzard,FreezeDry,Protect,AuroraVeil|||F|||50|,,,,,Ice]Incineroar||AssaultVest|Intimidate|FlareBlitz,KnockOff,FakeOut,DrainPunch|||F|||50|,,,,,Grass
|
|t:|1754412569
|teamsize|p1|4
|teamsize|p2|4
|start
|switch|p1a: Gholdengo|Gholdengo, L50|100/100
|switch|p1b: Incineroar|Incineroar, L50, M|100/100
|switch|p2a: Ninetales|Ninetales-Alola, L50, F|100/100
|switch|p2b: Sneasler|Sneasler, L50, F|100/100
|-weather|Snowscape|[from] ability: Snow Warning|[of] p2a: Ninetales
|-ability|p1b: Incineroar|Intimidate|boost
|-unboost|p2a: Ninetales|atk|1
|-unboost|p2b: Sneasler|atk|1
|turn|1
|
|t:|1754412595
|move|p1b: Incineroar|Fake Out|p2a: Ninetales
|-damage|p2a: Ninetales|90/100
|move|p2b: Sneasler|Close Combat|p1b: Incineroar
|-supereffective|p1b: Incineroar
|-damage|p1b: Incineroar|22/100
|-unboost|p2b: Sneasler|def|1
|-unboost|p2b: Sneasler|spd|1
|cant|p2a: Ninetales|flinch
|move|p1a: Gholdengo|Nasty Plot|p1a: Gholdengo
|-boost|p1a: Gholdengo|spa|2
|
|-weather|Snowscape|[upkeep]
|upkeep
|turn|2
|
|t:|1754412626
|switch|p2a: Dondozo|Dondozo, L50, M|100/100
|move|p2b: Sneasler|Coaching|p2a: Dondozo
|-boost|p2a: Dondozo|atk|1
|-boost|p2a: Dondozo|def|1
|move|p1b: Incineroar|Parting Shot|p2b: Sneasler
|-unboost|p2b: Sneasler|atk|1
|-unboost|p2b: Sneasler|spa|1
|
|t:|1754412636
|switch|p1b: ŌØż’ĖÄLeahŌØż’ĖÄ|Sneasler, L50, F|100/100|[from] Parting Shot
|move|p1a: Gholdengo|Make It Rain|p2a: Dondozo|[spread] p2a,p2b
|-resisted|p2a: Dondozo
|-damage|p2a: Dondozo|78/100
|-enditem|p2b: Sneasler|Focus Sash
|-damage|p2b: Sneasler|1/100
|-unboost|p1a: Gholdengo|spa|1
|
|-weather|Snowscape|[upkeep]
|-heal|p2a: Dondozo|84/100|[from] item: Leftovers
|upkeep
|turn|3
|
|t:|1754412667
|switch|p1a: Indeedee|Indeedee, L50, M|100/100
|-fieldstart|move: Psychic Terrain|[from] ability: Psychic Surge|[of] p1a: Indeedee
|-enditem|p1b: ŌØż’ĖÄLeahŌØż’ĖÄ|Psychic Seed
|-boost|p1b: ŌØż’ĖÄLeahŌØż’ĖÄ|spd|1|[from] item: Psychic Seed
|move|p1b: ŌØż’ĖÄLeahŌØż’ĖÄ|Dire Claw|p2b: Sneasler
|-resisted|p2b: Sneasler
|-damage|p2b: Sneasler|0 fnt
|faint|p2b: Sneasler
|move|p2a: Dondozo|Liquidation|p1a: Indeedee
|-enditem|p1a: Indeedee|Focus Sash
|-damage|p1a: Indeedee|1/100
|
|-weather|Snowscape|[upkeep]
|-heal|p2a: Dondozo|90/100|[from] item: Leftovers
|upkeep
|
|t:|1754412704
|switch|p2b: Ninetales|Ninetales-Alola, L50, F|90/100
|turn|4
|
|t:|1754412721
|move|p1a: Indeedee|Protect|p1a: Indeedee
|-singleturn|p1a: Indeedee|Protect
|move|p1b: ŌØż’ĖÄLeahŌØż’ĖÄ|Dire Claw|p2b: Ninetales
|-supereffective|p2b: Ninetales
|-damage|p2b: Ninetales|0 fnt
|faint|p2b: Ninetales
|move|p2a: Dondozo|Liquidation|p1b: ŌØż’ĖÄLeahŌØż’ĖÄ
|-damage|p1b: ŌØż’ĖÄLeahŌØż’ĖÄ|37/100
|
|-weather|Snowscape|[upkeep]
|-heal|p2a: Dondozo|96/100|[from] item: Leftovers
|upkeep
|
|t:|1754412733
|switch|p2b: Garganacl|Garganacl, L50, F|100/100
|turn|5
|inactive|Battle timer is ON: inactive players will automatically lose when time's up. (requested by RiniRin)
|
|t:|1754412780
|-terastallize|p1a: Indeedee|Psychic
|move|p2b: Garganacl|Protect|p2b: Garganacl
|-singleturn|p2b: Garganacl|Protect
|move|p1b: ŌØż’ĖÄLeahŌØż’ĖÄ|Dire Claw|p2a: Dondozo
|-damage|p2a: Dondozo|78/100
|move|p1a: Indeedee|Expanding Force|p2b: Garganacl|[spread] p2a
|-activate|p2b: Garganacl|move: Protect
|-damage|p2a: Dondozo|26/100
|move|p2a: Dondozo|Liquidation|p1a: Indeedee
|-damage|p1a: Indeedee|0 fnt
|faint|p1a: Indeedee
|
|-weather|none
|-heal|p2a: Dondozo|32/100|[from] item: Leftovers
|upkeep
|
|t:|1754412790
|switch|p1a: Gholdengo|Gholdengo, L50|100/100
|turn|6
|
|t:|1754412807
|-terastallize|p2b: Garganacl|Flying
|move|p1b: ŌØż’ĖÄLeahŌØż’ĖÄ|Protect|p1b: ŌØż’ĖÄLeahŌØż’ĖÄ
|-singleturn|p1b: ŌØż’ĖÄLeahŌØż’ĖÄ|Protect
|move|p1a: Gholdengo|Protect|p1a: Gholdengo
|-singleturn|p1a: Gholdengo|Protect
|move|p2a: Dondozo|Protect|p2a: Dondozo
|-singleturn|p2a: Dondozo|Protect
|move|p2b: Garganacl|Salt Cure|p1a: Gholdengo
|-activate|p1a: Gholdengo|move: Protect
|
|-heal|p2a: Dondozo|38/100|[from] item: Leftovers
|upkeep
|turn|7
|inactive|RiniRin has 30 seconds left.
|inactive|CoachChris has 30 seconds left.
|
|t:|1754412836
|move|p1b: ŌØż’ĖÄLeahŌØż’ĖÄ|Close Combat|p2a: Dondozo
|-damage|p2a: Dondozo|9/100
|-unboost|p1b: ŌØż’ĖÄLeahŌØż’ĖÄ|def|1
|-unboost|p1b: ŌØż’ĖÄLeahŌØż’ĖÄ|spd|1
|move|p1a: Gholdengo|Shadow Ball|p2a: Dondozo
|-damage|p2a: Dondozo|0 fnt
|faint|p2a: Dondozo
|move|p2b: Garganacl|Salt Cure|p1a: Gholdengo
|-resisted|p1a: Gholdengo
|-damage|p1a: Gholdengo|94/100
|-start|p1a: Gholdengo|Salt Cure
|
|-damage|p1a: Gholdengo|70/100|[from] Salt Cure
|-fieldend|move: Psychic Terrain
|upkeep
|turn|8
|
|t:|1754412850
|switch|p1a: Incineroar|Incineroar, L50, M|22/100
|-ability|p1a: Incineroar|Intimidate|boost
|-unboost|p2b: Garganacl|atk|1
|move|p1b: ŌØż’ĖÄLeahŌØż’ĖÄ|Dire Claw|p2b: Garganacl
|-damage|p2b: Garganacl|72/100
|move|p2b: Garganacl|Salt Cure|p1b: ŌØż’ĖÄLeahŌØż’ĖÄ
|-resisted|p1b: ŌØż’ĖÄLeahŌØż’ĖÄ
|-damage|p1b: ŌØż’ĖÄLeahŌØż’ĖÄ|29/100
|-start|p1b: ŌØż’ĖÄLeahŌØż’ĖÄ|Salt Cure
|
|-damage|p1b: ŌØż’ĖÄLeahŌØż’ĖÄ|17/100|[from] Salt Cure
|upkeep
|turn|9
|
|t:|1754412866
|switch|p1b: Gholdengo|Gholdengo, L50|70/100
|move|p1a: Incineroar|Fake Out|p2b: Garganacl
|-damage|p2b: Garganacl|64/100
|cant|p2b: Garganacl|flinch
|
|upkeep
|turn|10
|
|t:|1754412875
|move|p1a: Incineroar|Knock Off|p2b: Garganacl
|-damage|p2b: Garganacl|39/100
|-enditem|p2b: Garganacl|Maranga Berry|[from] move: Knock Off|[of] p1a: Incineroar
|move|p1b: Gholdengo|Nasty Plot|p1b: Gholdengo
|-boost|p1b: Gholdengo|spa|2
|move|p2b: Garganacl|Salt Cure|p1b: Gholdengo
|-resisted|p1b: Gholdengo
|-damage|p1b: Gholdengo|65/100
|-start|p1b: Gholdengo|Salt Cure
|
|-damage|p1b: Gholdengo|41/100|[from] Salt Cure
|upkeep
|turn|11
|
|t:|1754412885
|switch|p1a: ŌØż’ĖÄLeahŌØż’ĖÄ|Sneasler, L50, F|17/100
|move|p2b: Garganacl|Protect|p2b: Garganacl
|-singleturn|p2b: Garganacl|Protect
|move|p1b: Gholdengo|Make It Rain|p2b: Garganacl
|-activate|p2b: Garganacl|move: Protect
|
|-damage|p1b: Gholdengo|16/100|[from] Salt Cure
|upkeep
|turn|12
|
|t:|1754412892
|move|p2b: Garganacl|Protect|p2b: Garganacl
|-singleturn|p2b: Garganacl|Protect
|move|p1a: ŌØż’ĖÄLeahŌØż’ĖÄ|Dire Claw|p2b: Garganacl
|-activate|p2b: Garganacl|move: Protect
|move|p1b: Gholdengo|Make It Rain|p2b: Garganacl
|-activate|p2b: Garganacl|move: Protect
|
|-damage|p1b: Gholdengo|0 fnt|[from] Salt Cure
|faint|p1b: Gholdengo
|upkeep
|
|t:|1754412894
|switch|p1b: Incineroar|Incineroar, L50, M|22/100
|-ability|p1b: Incineroar|Intimidate|boost
|-unboost|p2b: Garganacl|atk|1
|turn|13
|
|t:|1754412904
|move|p2b: Garganacl|Protect|p2b: Garganacl
|-singleturn|p2b: Garganacl|Protect
|move|p1a: ŌØż’ĖÄLeahŌØż’ĖÄ|Dire Claw|p2b: Garganacl
|-activate|p2b: Garganacl|move: Protect
|move|p1b: Incineroar|Flare Blitz|p2b: Garganacl
|-activate|p2b: Garganacl|move: Protect
|
|upkeep
|turn|14
|
|t:|1754412912
|move|p1a: ŌØż’ĖÄLeahŌØż’ĖÄ|Dire Claw|p2b: Garganacl
|-damage|p2b: Garganacl|10/100
|move|p1b: Incineroar|Flare Blitz|p2b: Garganacl
|-damage|p2b: Garganacl|0 fnt
|faint|p2b: Garganacl
|-damage|p1b: Incineroar|19/100|[from] Recoil
|
|win|RiniRin
|raw|RiniRin's rating: 1199 → 1224(+25 for winning)
|raw|CoachChris's rating: 1201 → 1176(-25 for losing)
