|j|☆Pom123123123
|j|☆m111naaaa
|html|Pom123123123m111naaaa    
|uhtml|bestof|Game 2 of a best-of-3
|t:|1756246379
|gametype|doubles
|player|p1|Pom123123123|wattson|1109
|player|p2|m111naaaa|jasmine|1162
|gen|9
|tier|[Gen 9] VGC 2025 Reg H (Bo3)
|rated|
|rule|Species Clause: Limit one of each Pokémon
|rule|Item Clause: Limit 1 of each item
|clearpoke
|poke|p1|Sinistcha, L50|
|poke|p1|Rillaboom, L50, F|
|poke|p1|Vivillon-Fancy, L50, F|
|poke|p1|Incineroar, L50, M|
|poke|p1|Clefairy, L50, M|
|poke|p1|Venomoth, L50, F|
|poke|p2|Kilowattrel, L50, M|
|poke|p2|Amoonguss, L50, M|
|poke|p2|Incineroar, L50, F|
|poke|p2|Porygon2, L50|
|poke|p2|Gholdengo, L50|
|poke|p2|Ursaluna, L50, M|
|teampreview|4
|showteam|p1|Sinistcha||GrassySeed|Heatproof|MatchaGotcha,ShadowBall,CalmMind,Protect||||||50|,,,,,Water]Rillaboom||AssaultVest|GrassySurge|WoodHammer,GrassyGlide,Uturn,FakeOut|||F|||50|,,,,,Water]Vivillon-Fancy||FocusSash|CompoundEyes|Hurricane,SleepPowder,RagePowder,Protect|||F|||50|,,,,,Ghost]Incineroar||SafetyGoggles|Intimidate|FakeOut,KnockOff,FlareBlitz,PartingShot|||M|||50|,,,,,Bug]Clefairy||Eviolite|FriendGuard|FollowMe,HelpingHand,LifeDew,Protect|||M|||50|,,,,,Steel]Venomoth||CovertCloak|TintedLens|StruggleBug,SkillSwap,AcidSpray,SleepPowder|||F|||50|,,,,,Dark
|showteam|p2|Kilowattrel||FocusSash|Competitive|Thunderbolt,AirSlash,Tailwind,Protect|||M|||50|,,,,,Ghost]Amoonguss||SitrusBerry|Regenerator|PollenPuff,Spore,RagePowder,Protect|||M|||50|,,,,,Water]Incineroar||SafetyGoggles|Intimidate|FakeOut,FlareBlitz,KnockOff,PartingShot|||F|||50|,,,,,Ghost]Porygon2||Eviolite|Download|TeraBlast,IceBeam,Recover,TrickRoom||||||50|,,,,,Fighting]Gholdengo||MetalCoat|GoodasGold|MakeItRain,ShadowBall,NastyPlot,Protect||||||50|,,,,,Flying]Ursaluna||FlameOrb|Guts|Facade,HeadlongRush,Earthquake,Protect|||M|||50|,,,,,Ghost
|inactive|Battle timer is ON: inactive players will automatically lose when time's up. (requested by Pom123123123)
|inactive|Pom123123123 has 60 seconds left.
|
|t:|1756246416
|teamsize|p1|4
|teamsize|p2|4
|start
|switch|p1a: Sinistcha|Sinistcha, L50|100/100
|switch|p1b: Rillaboom|Rillaboom, L50, F|100/100
|switch|p2a: Amoonguss|Amoonguss, L50, M|100/100
|switch|p2b: Incineroar|Incineroar, L50, F|100/100
|-fieldstart|move: Grassy Terrain|[from] ability: Grassy Surge|[of] p1b: Rillaboom
|-enditem|p1a: Sinistcha|Grassy Seed
|-boost|p1a: Sinistcha|def|1|[from] item: Grassy Seed
|-ability|p2b: Incineroar|Intimidate|boost
|-unboost|p1a: Sinistcha|atk|1
|-unboost|p1b: Rillaboom|atk|1
|turn|1
|
|t:|1756246432
|switch|p2a: Ursaluna|Ursaluna, L50, M|100/100
|move|p1b: Rillaboom|Fake Out|p2b: Incineroar
|-damage|p2b: Incineroar|92/100
|cant|p2b: Incineroar|flinch
|move|p1a: Sinistcha|Calm Mind|p1a: Sinistcha
|-boost|p1a: Sinistcha|spa|1
|-boost|p1a: Sinistcha|spd|1
|
|-heal|p2b: Incineroar|98/100|[from] Grassy Terrain
|-status|p2a: Ursaluna|brn|[from] item: Flame Orb
|upkeep
|turn|2
|
|t:|1756246443
|move|p1b: Rillaboom|Wood Hammer|p2a: Ursaluna
|-supereffective|p2a: Ursaluna
|-damage|p2a: Ursaluna|26/100 brn
|-damage|p1b: Rillaboom|76/100|[from] Recoil
|move|p2b: Incineroar|Parting Shot|p1b: Rillaboom
|-unboost|p1b: Rillaboom|atk|1
|-unboost|p1b: Rillaboom|spa|1
|
|t:|1756246452
|switch|p2b: Amoonguss|Amoonguss, L50, M|100/100|[from] Parting Shot
|move|p2a: Ursaluna|Facade|p1b: Rillaboom
|-damage|p1b: Rillaboom|0 fnt
|faint|p1b: Rillaboom
|move|p1a: Sinistcha|Matcha Gotcha|p2a: Ursaluna|[spread] p2a,p2b
|-supereffective|p2a: Ursaluna
|-resisted|p2b: Amoonguss
|-damage|p2a: Ursaluna|0 fnt
|-damage|p2b: Amoonguss|86/100
|-status|p2b: Amoonguss|brn
|faint|p2a: Ursaluna
|
|-heal|p2b: Amoonguss|92/100 brn|[from] Grassy Terrain
|-damage|p2b: Amoonguss|86/100 brn|[from] brn
|upkeep
|
|t:|1756246470
|switch|p1b: Miso|Incineroar, L50, M|100/100
|switch|p2a: Incineroar|Incineroar, L50, F|98/100
|-ability|p2a: Incineroar|Intimidate|boost
|-unboost|p1a: Sinistcha|atk|1
|-unboost|p1b: Miso|atk|1
|-ability|p1b: Miso|Intimidate|boost
|-unboost|p2a: Incineroar|atk|1
|-unboost|p2b: Amoonguss|atk|1
|turn|3
|
|t:|1756246495
|move|p2b: Amoonguss|Protect|p2b: Amoonguss
|-singleturn|p2b: Amoonguss|Protect
|move|p1b: Miso|Fake Out|p2a: Incineroar
|-damage|p2a: Incineroar|90/100
|cant|p2a: Incineroar|flinch
|move|p1a: Sinistcha|Calm Mind|p1a: Sinistcha
|-boost|p1a: Sinistcha|spa|1
|-boost|p1a: Sinistcha|spd|1
|
|-heal|p2a: Incineroar|96/100|[from] Grassy Terrain
|-heal|p2b: Amoonguss|92/100 brn|[from] Grassy Terrain
|-damage|p2b: Amoonguss|86/100 brn|[from] brn
|upkeep
|turn|4
|
|t:|1756246510
|move|p2a: Incineroar|Flare Blitz|p1a: Sinistcha
|-supereffective|p1a: Sinistcha
|-damage|p1a: Sinistcha|79/100
|-damage|p2a: Incineroar|89/100|[from] Recoil
|move|p1a: Sinistcha|Shadow Ball|p2b: Amoonguss
|-damage|p2b: Amoonguss|12/100 brn
|-enditem|p2b: Amoonguss|Sitrus Berry|[eat]
|-heal|p2b: Amoonguss|37/100 brn|[from] item: Sitrus Berry
|move|p1b: Miso|Flare Blitz|p2b: Amoonguss
|-supereffective|p2b: Amoonguss
|-damage|p2b: Amoonguss|0 fnt
|faint|p2b: Amoonguss
|-damage|p1b: Miso|87/100|[from] Recoil
|
|-heal|p2a: Incineroar|95/100|[from] Grassy Terrain
|-heal|p1a: Sinistcha|85/100|[from] Grassy Terrain
|-heal|p1b: Miso|93/100|[from] Grassy Terrain
|upkeep
|
|t:|1756246519
|switch|p2b: Gholdengo|Gholdengo, L50|100/100
|turn|5
|
|t:|1756246540
|-terastallize|p2b: Gholdengo|Flying
|-terastallize|p1a: Sinistcha|Water
|move|p2b: Gholdengo|Nasty Plot|p2b: Gholdengo
|-boost|p2b: Gholdengo|spa|2
|move|p2a: Incineroar|Flare Blitz|p1a: Sinistcha
|-resisted|p1a: Sinistcha
|-damage|p1a: Sinistcha|80/100
|-damage|p2a: Incineroar|94/100|[from] Recoil
|move|p1a: Sinistcha|Matcha Gotcha|p2b: Gholdengo|[spread] p2a,p2b
|-resisted|p2a: Incineroar
|-resisted|p2b: Gholdengo
|-damage|p2a: Incineroar|55/100
|-heal|p1a: Sinistcha|100/100|[from] drain|[of] p2a: Incineroar
|-damage|p2b: Gholdengo|58/100
|move|p1b: Miso|Knock Off|p2b: Gholdengo
|-damage|p2b: Gholdengo|23/100
|-enditem|p2b: Gholdengo|Metal Coat|[from] move: Knock Off|[of] p1b: Miso
|
|-heal|p2a: Incineroar|61/100|[from] Grassy Terrain
|-heal|p1b: Miso|99/100|[from] Grassy Terrain
|-fieldend|move: Grassy Terrain
|upkeep
|turn|6
|inactive|Pom123123123 has 30 seconds left.
|inactive|Pom123123123 has 20 seconds left.
|
|t:|1756246578
|move|p1a: Sinistcha|Protect|p1a: Sinistcha
|-singleturn|p1a: Sinistcha|Protect
|move|p2b: Gholdengo|Shadow Ball|p1a: Sinistcha
|-activate|p1a: Sinistcha|move: Protect
|move|p2a: Incineroar|Parting Shot|p1a: Sinistcha
|-activate|p1a: Sinistcha|move: Protect
|move|p1b: Miso|Flare Blitz|p2b: Gholdengo
|-damage|p2b: Gholdengo|0 fnt
|faint|p2b: Gholdengo
|-damage|p1b: Miso|92/100|[from] Recoil
|
|upkeep
|turn|7
|
|t:|1756246583
|move|p2a: Incineroar|Flare Blitz|p1a: Sinistcha
|-resisted|p1a: Sinistcha
|-damage|p1a: Sinistcha|95/100
|-damage|p2a: Incineroar|59/100|[from] Recoil
|move|p1a: Sinistcha|Matcha Gotcha|p2a: Incineroar
|-resisted|p2a: Incineroar
|-damage|p2a: Incineroar|16/100
|-heal|p1a: Sinistcha|100/100|[from] drain|[of] p2a: Incineroar
|move|p1b: Miso|Flare Blitz|p2a: Incineroar
|-resisted|p2a: Incineroar
|-damage|p2a: Incineroar|0 fnt
|faint|p2a: Incineroar
|-damage|p1b: Miso|87/100|[from] Recoil
|
|win|Pom123123123
|raw|Pom123123123's rating: 1109 → 1138(+29 for winning)
|raw|m111naaaa's rating: 1162 → 1133(-29 for losing)
