|j|☆randomguy1114s
|j|☆five_loko_gold
|html|randomguy1114sfive_loko_gold    
|uhtml|bestof|Game 2 of a best-of-3
|t:|1756689247
|gametype|doubles
|player|p1|randomguy1114s|lillie-masters|1179
|player|p2|five_loko_gold|170|1099
|gen|9
|tier|[Gen 9] VGC 2025 Reg H (Bo3)
|rated|
|rule|Species Clause: Limit one of each Pokémon
|rule|Item Clause: Limit 1 of each item
|clearpoke
|poke|p1|Archaludon, L50, F|
|poke|p1|Pelipper, L50, M|
|poke|p1|Rillaboom, L50, M|
|poke|p1|Incineroar, L50, M|
|poke|p1|Gholdengo, L50|
|poke|p1|Porygon2, L50|
|poke|p2|Rillaboom, L50, F|
|poke|p2|Sneasler, L50, M|
|poke|p2|Kingambit, L50, F|
|poke|p2|Ninetales-Alola, L50, M|
|poke|p2|Magmar, L50, F|
|poke|p2|Basculegion, L50, M|
|teampreview|4
|showteam|p1|Archaludon||PowerHerb|Sturdy|ElectroShot,DragonPulse,FlashCannon,Protect|||F|||50|,,,,,Electric]Pelipper||FocusSash|Drizzle|Tailwind,WeatherBall,Hurricane,Protect|||M|||50|,,,,,Ghost]Rillaboom||AssaultVest|GrassySurge|FakeOut,WoodHammer,GrassyGlide,Uturn|||M|||50|,,,,,Fire]Incineroar||SafetyGoggles|Intimidate|FakeOut,KnockOff,Taunt,PartingShot|||M|||50|,,,,,Ghost]Gholdengo||GrassySeed|GoodasGold|NastyPlot,MakeItRain,ShadowBall,Protect||||||50|,,,,,Dragon]Porygon2||Eviolite|Download|IceBeam,TeraBlast,TrickRoom,Recover||||||50|,,,,,Fighting
|showteam|p2|Rillaboom||AssaultVest|GrassySurge|WoodHammer,GrassyGlide,Uturn,FakeOut|||F|||50|,,,,,Ghost]Sneasler||FocusSash|Unburden|CloseCombat,DireClaw,FakeOut,Protect|||M|||50|,,,,,Stellar]Kingambit||BlackGlasses|Defiant|Protect,KowtowCleave,SuckerPunch,SwordsDance|||F|||50|,,,,,Fire]Ninetales-Alola||NeverMeltIce|SnowWarning|Encore,Blizzard,FreezeDry,Protect|||M|||50|,,,,,Ice]Magmar||Eviolite|VitalSpirit|Protect,HeatWave,WillOWisp,FollowMe|||F|||50|,,,,,Ghost]Basculegion||ChoiceScarf|Adaptability|WaveCrash,FlipTurn,TeraBlast,LastRespects|||M|||50|,,,,,Fighting
|inactive|Battle timer is ON: inactive players will automatically lose when time's up. (requested by five_loko_gold)
|
|t:|1756689290
|teamsize|p1|4
|teamsize|p2|4
|start
|switch|p1a: monke|Rillaboom, L50, M, shiny|100/100
|switch|p1b: cheese man|Gholdengo, L50, shiny|100/100
|switch|p2a: Kingambit|Kingambit, L50, F|100/100
|switch|p2b: Sneasler|Sneasler, L50, M|100/100
|-fieldstart|move: Grassy Terrain|[from] ability: Grassy Surge|[of] p1a: monke
|-enditem|p1b: cheese man|Grassy Seed
|-boost|p1b: cheese man|def|1|[from] item: Grassy Seed
|turn|1
|
|t:|1756689302
|switch|p1a: Porygon2|Porygon2, L50, shiny|100/100
|-ability|p1a: Porygon2|Download|boost
|-boost|p1a: Porygon2|spa|1
|move|p2b: Sneasler|Fake Out|p1a: Porygon2
|-damage|p1a: Porygon2|91/100
|move|p1b: cheese man|Nasty Plot|p1b: cheese man
|-boost|p1b: cheese man|spa|2
|move|p2a: Kingambit|Kowtow Cleave|p1b: cheese man
|-supereffective|p1b: cheese man
|-damage|p1b: cheese man|22/100
|
|-heal|p1b: cheese man|29/100|[from] Grassy Terrain
|-heal|p1a: Porygon2|97/100|[from] Grassy Terrain
|upkeep
|turn|2
|inactive|five_loko_gold has 30 seconds left.
|inactive|five_loko_gold has 20 seconds left.
|
|t:|1756689339
|-terastallize|p1a: Porygon2|Fighting
|-terastallize|p2a: Kingambit|Fire
|move|p1b: cheese man|Protect|p1b: cheese man
|-singleturn|p1b: cheese man|Protect
|move|p2b: Sneasler|Close Combat|p1a: Porygon2
|-damage|p1a: Porygon2|54/100
|-unboost|p2b: Sneasler|def|1
|-unboost|p2b: Sneasler|spd|1
|move|p1a: Porygon2|Tera Blast|p2a: Kingambit|[anim] Tera Blast Fighting
|-damage|p2a: Kingambit|43/100
|move|p2a: Kingambit|Kowtow Cleave|p1b: cheese man
|-activate|p1b: cheese man|move: Protect
|
|-heal|p1b: cheese man|35/100|[from] Grassy Terrain
|-heal|p1a: Porygon2|60/100|[from] Grassy Terrain
|-heal|p2a: Kingambit|49/100|[from] Grassy Terrain
|upkeep
|turn|3
|inactive|five_loko_gold has 30 seconds left.
|
|t:|1756689369
|switch|p2b: Magmar|Magmar, L50, F|100/100
|move|p2a: Kingambit|Protect|p2a: Kingambit
|-singleturn|p2a: Kingambit|Protect
|move|p1b: cheese man|Nasty Plot|p1b: cheese man
|-boost|p1b: cheese man|spa|2
|move|p1a: Porygon2|Tera Blast|p2a: Kingambit|[anim] Tera Blast Fighting
|-activate|p2a: Kingambit|move: Protect
|
|-heal|p1b: cheese man|41/100|[from] Grassy Terrain
|-heal|p1a: Porygon2|66/100|[from] Grassy Terrain
|-heal|p2a: Kingambit|55/100|[from] Grassy Terrain
|upkeep
|turn|4
|
|t:|1756689391
|switch|p1a: monke|Rillaboom, L50, M, shiny|100/100
|move|p1b: cheese man|Protect|p1b: cheese man
|-singleturn|p1b: cheese man|Protect
|move|p2b: Magmar|Follow Me|p2b: Magmar
|-singleturn|p2b: Magmar|move: Follow Me
|move|p2a: Kingambit|Sucker Punch||[still]
|-fail|p2a: Kingambit
|
|-heal|p1b: cheese man|47/100|[from] Grassy Terrain
|-heal|p2a: Kingambit|61/100|[from] Grassy Terrain
|upkeep
|turn|5
|
|t:|1756689405
|move|p2a: Kingambit|Protect|p2a: Kingambit
|-singleturn|p2a: Kingambit|Protect
|move|p1a: monke|Fake Out|p2b: Magmar
|-damage|p2b: Magmar|90/100
|move|p1b: cheese man|Shadow Ball|p2b: Magmar
|-damage|p2b: Magmar|0 fnt
|faint|p2b: Magmar
|
|-heal|p1b: cheese man|54/100|[from] Grassy Terrain
|-heal|p2a: Kingambit|67/100|[from] Grassy Terrain
|-fieldend|move: Grassy Terrain
|upkeep
|
|t:|1756689413
|switch|p2b: Basculegion|Basculegion, L50, M|100/100
|turn|6
|
|t:|1756689428
|move|p1b: cheese man|Protect|p1b: cheese man
|-singleturn|p1b: cheese man|Protect
|move|p2b: Basculegion|Last Respects|p1b: cheese man
|-activate|p1b: cheese man|move: Protect
|move|p1a: monke|Wood Hammer|p2b: Basculegion
|-supereffective|p2b: Basculegion
|-damage|p2b: Basculegion|0 fnt
|faint|p2b: Basculegion
|-damage|p1a: monke|69/100|[from] Recoil
|move|p2a: Kingambit|Swords Dance|p2a: Kingambit
|-boost|p2a: Kingambit|atk|2
|
|upkeep
|
|t:|1756689434
|switch|p2b: Sneasler|Sneasler, L50, M|100/100
|turn|7
|inactive|randomguy1114s has 30 seconds left.
|
|t:|1756689461
|switch|p1a: Porygon2|Porygon2, L50, shiny, tera:Fighting|66/100
|-ability|p1a: Porygon2|Download|boost
|-boost|p1a: Porygon2|spa|1
|move|p2a: Kingambit|Sucker Punch||[still]
|-fail|p2a: Kingambit
|move|p2b: Sneasler|Dire Claw|p1a: Porygon2
|-damage|p1a: Porygon2|41/100
|-status|p1a: Porygon2|par
|move|p1b: cheese man|Nasty Plot|p1b: cheese man
|-boost|p1b: cheese man|spa|2
|
|upkeep
|turn|8
|
|t:|1756689482
|switch|p1a: monke|Rillaboom, L50, M, shiny|69/100
|-fieldstart|move: Grassy Terrain|[from] ability: Grassy Surge|[of] p1a: monke
|move|p1b: cheese man|Protect|p1b: cheese man
|-singleturn|p1b: cheese man|Protect
|move|p2a: Kingambit|Sucker Punch||[still]
|-fail|p2a: Kingambit
|move|p2b: Sneasler|Dire Claw|p1a: monke
|-supereffective|p1a: monke
|-damage|p1a: monke|0 fnt
|faint|p1a: monke
|
|-heal|p1b: cheese man|60/100|[from] Grassy Terrain
|-heal|p2a: Kingambit|72/100|[from] Grassy Terrain
|upkeep
|
|t:|1756689492
|switch|p1a: its my bridge!|Archaludon, L50, F, shiny|100/100
|turn|9
|inactive|five_loko_gold has 30 seconds left.
|inactive|randomguy1114s has 30 seconds left.
|inactive|five_loko_gold has 20 seconds left.
|inactive|five_loko_gold has 15 seconds left.
|
|t:|1756689535
|move|p2a: Kingambit|Protect|p2a: Kingambit
|-singleturn|p2a: Kingambit|Protect
|move|p2b: Sneasler|Close Combat|p1a: its my bridge!
|-supereffective|p1a: its my bridge!
|-ability|p1a: its my bridge!|Sturdy
|-damage|p1a: its my bridge!|1/100
|-unboost|p2b: Sneasler|def|1
|-unboost|p2b: Sneasler|spd|1
|move|p1a: its my bridge!|Electro Shot||[still]
|-prepare|p1a: its my bridge!|Electro Shot
|-boost|p1a: its my bridge!|spa|1
|-enditem|p1a: its my bridge!|Power Herb
|-anim|p1a: its my bridge!|Electro Shot|p2a: Kingambit
|-activate|p2a: Kingambit|move: Protect
|move|p1b: cheese man|Make It Rain|p2a: Kingambit|[spread] p2b
|-activate|p2a: Kingambit|move: Protect
|-enditem|p2b: Sneasler|Focus Sash
|-damage|p2b: Sneasler|1/100
|-unboost|p1b: cheese man|spa|1
|
|-heal|p2b: Sneasler|7/100|[from] Grassy Terrain
|-heal|p1a: its my bridge!|7/100|[from] Grassy Terrain
|-heal|p1b: cheese man|66/100|[from] Grassy Terrain
|-heal|p2a: Kingambit|78/100|[from] Grassy Terrain
|upkeep
|turn|10
|inactive|randomguy1114s has 30 seconds left.
|
|t:|1756689568
|move|p2a: Kingambit|Sucker Punch|p1b: cheese man
|-supereffective|p1b: cheese man
|-damage|p1b: cheese man|0 fnt
|faint|p1b: cheese man
|move|p2b: Sneasler|Close Combat|p1a: its my bridge!
|-supereffective|p1a: its my bridge!
|-damage|p1a: its my bridge!|0 fnt
|-unboost|p2b: Sneasler|def|1
|-unboost|p2b: Sneasler|spd|1
|faint|p1a: its my bridge!
|
|-heal|p2b: Sneasler|13/100|[from] Grassy Terrain
|-heal|p2a: Kingambit|84/100|[from] Grassy Terrain
|upkeep
|-message|five_loko_gold forfeited.
|
|win|randomguy1114s
|l|☆five_loko_gold
|player|p2|
