|j|☆Schmalzbrot
|j|☆Feedofish
|html|SchmalzbrotFeedofish    
|uhtml|bestof|Game 2 of a best-of-3
|t:|1757704476
|gametype|doubles
|player|p1|Schmalzbrot|giovanni|1064
|player|p2|Feedofish|juggler|1031
|gen|9
|tier|[Gen 9] VGC 2025 Reg H (Bo3)
|rated|
|rule|Species Clause: Limit one of each Pokémon
|rule|Item Clause: Limit 1 of each item
|clearpoke
|poke|p1|Sneasler, L50, M|
|poke|p1|Whimsicott, L50, M|
|poke|p1|Gholdengo, L50|
|poke|p1|Dragapult, L50, M|
|poke|p1|Tyranitar, L50, M|
|poke|p1|Excadrill, L50, M|
|poke|p2|Porygon2, L50|
|poke|p2|Swampert, L50, M|
|poke|p2|Garganacl, L50, M|
|poke|p2|Dragonite, L50, F|
|poke|p2|Volcarona, L50, M|
|poke|p2|Annihilape, L50, F|
|teampreview|4
|showteam|p1|Sneasler||NormalGem|Unburden|DireClaw,CloseCombat,FakeOut,Protect|||M|||50|,,,,,Stellar]Whimsicott||CovertCloak|Prankster|Tailwind,Encore,Moonblast,LightScreen|||M|||50|,,,,,Grass]Gholdengo||LifeOrb|GoodasGold|MakeItRain,FlashCannon,ShadowBall,Protect||||||50|,,,,,Flying]Dragapult||ChoiceBand|ClearBody|DragonDarts,PhantomForce,SuckerPunch,Uturn|||M|||50|,,,,,Fairy]Tyranitar||AssaultVest|SandStream|RockSlide,KnockOff,TeraBlast,LowKick|||M|||50|,,,,,Flying]Excadrill||FocusSash|SandRush|IronHead,Earthquake,HighHorsepower,Protect|||M|||50|,,,,,Ground
|showteam|p2|Porygon2||Eviolite|Download|Thunderbolt,IceBeam,TriAttack,Recover||||||50|,,,,,Normal]Swampert||Leftovers|Torrent|HydroPump,EarthPower,IcyWind,WideGuard|||M|||50|,,,,,Fire]Garganacl||RockyHelmet|PurifyingSalt|SaltCure,BodyPress,IronDefense,Recover|||M|||50|,,,,,Ghost]Dragonite||LifeOrb|InnerFocus|ExtremeSpeed,ScaleShot,StompingTantrum,Protect|||F|||50|,,,,,Normal]Volcarona||ClearAmulet|FlameBody|FieryDance,GigaDrain,QuiverDance,Protect|||M|||50|,,,,,Grass]Annihilape||AssaultVest|Defiant|RageFist,DrainPunch,PoisonJab,PhantomForce|||F|||50|,,,,,Fairy
|
|t:|1757704492
|teamsize|p1|4
|teamsize|p2|4
|start
|switch|p1a: Andreas M.|Sneasler, L50, M|100/100
|switch|p1b: Drachenlord|Dragapult, L50, M|100/100
|switch|p2a: Garganacl|Garganacl, L50, M|100/100
|switch|p2b: Annihilape|Annihilape, L50, F|100/100
|turn|1
|inactive|Battle timer is ON: inactive players will automatically lose when time's up. (requested by Feedofish)
|
|t:|1757704519
|-terastallize|p2a: Garganacl|Ghost
|move|p1b: Drachenlord|Phantom Force||[still]
|-prepare|p1b: Drachenlord|Phantom Force
|move|p1a: Andreas M.|Close Combat|p2a: Garganacl
|-immune|p2a: Garganacl
|move|p2b: Annihilape|Phantom Force||[still]
|-prepare|p2b: Annihilape|Phantom Force
|move|p2a: Garganacl|Iron Defense|p2a: Garganacl
|-boost|p2a: Garganacl|def|2
|
|upkeep
|turn|2
|
|t:|1757704536
|move|p1b: Drachenlord|Phantom Force|p2b: Annihilape|[from] lockedmove|[miss]
|-miss|p1b: Drachenlord|p2b: Annihilape
|move|p1a: Andreas M.|Dire Claw|p2a: Garganacl
|-resisted|p2a: Garganacl
|-damage|p2a: Garganacl|92/100
|-damage|p1a: Andreas M.|84/100|[from] item: Rocky Helmet|[of] p2a: Garganacl
|move|p2b: Annihilape|Phantom Force|p1b: Drachenlord|[from] lockedmove
|-supereffective|p1b: Drachenlord
|-damage|p1b: Drachenlord|0 fnt
|faint|p1b: Drachenlord
|move|p2a: Garganacl|Iron Defense|p2a: Garganacl
|-boost|p2a: Garganacl|def|2
|
|upkeep
|
|t:|1757704545
|switch|p1b: Exa Dark Siderael|Gholdengo, L50|100/100
|turn|3
|inactive|Feedofish has 30 seconds left.
|
|t:|1757704579
|-terastallize|p1a: Andreas M.|Stellar
|move|p1a: Andreas M.|Dire Claw|p2b: Annihilape
|-resisted|p2b: Annihilape
|-damage|p2b: Annihilape|75/100
|-status|p2b: Annihilape|slp
|move|p1b: Exa Dark Siderael|Shadow Ball|p2a: Garganacl
|-supereffective|p2a: Garganacl
|-damage|p2a: Garganacl|51/100
|-damage|p1b: Exa Dark Siderael|91/100|[from] item: Life Orb
|cant|p2b: Annihilape|slp
|move|p2a: Garganacl|Salt Cure|p1b: Exa Dark Siderael
|-resisted|p1b: Exa Dark Siderael
|-damage|p1b: Exa Dark Siderael|82/100
|-start|p1b: Exa Dark Siderael|Salt Cure
|
|-damage|p1b: Exa Dark Siderael|57/100|[from] Salt Cure
|upkeep
|turn|4
|inactive|Schmalzbrot has 30 seconds left.
|
|t:|1757704609
|switch|p2b: Dragonite|Dragonite, L50, F|100/100
|move|p1a: Andreas M.|Dire Claw|p2a: Garganacl
|-resisted|p2a: Garganacl
|-damage|p2a: Garganacl|46/100
|-damage|p1a: Andreas M.|68/100|[from] item: Rocky Helmet|[of] p2a: Garganacl
|move|p1b: Exa Dark Siderael|Shadow Ball|p2a: Garganacl
|-supereffective|p2a: Garganacl
|-damage|p2a: Garganacl|8/100
|-damage|p1b: Exa Dark Siderael|47/100|[from] item: Life Orb
|move|p2a: Garganacl|Recover|p2a: Garganacl
|-heal|p2a: Garganacl|58/100
|
|-damage|p1b: Exa Dark Siderael|23/100|[from] Salt Cure
|upkeep
|turn|5
|-message|Schmalzbrot forfeited.
|
|win|Feedofish
|l|☆Schmalzbrot
|player|p1|
||Schmalzbrot is ready for game 3.
|l|☆Feedofish
|player|p2|
||Feedofish is ready for game 3.
|uhtml|next|Next: Game 3 of 3
