|j|☆ragultrazero
|j|☆ElAvi04
|html|ragultrazeroElAvi04    
|uhtml|bestof|Game 1 of a best-of-3
|t:|1785998184
|gametype|doubles
|player|p1|ragultrazero|red|1009
|player|p2|ElAvi04|266|1128
|gen|9
|tier|[Gen 9 Champions] VGC 2026 Reg M-B (Bo3)
|rated|
|rule|Species Clause: Limit one of each Pokémon
|rule|Item Clause: Limit 1 of each item
|clearpoke
|poke|p1|Blastoise, L50, F|
|poke|p1|Hatterene, L50, F|
|poke|p1|Tsareena, L50, F|
|poke|p1|Araquanid, L50, F|
|poke|p1|Corviknight, L50, F|
|poke|p1|Annihilape, L50, F|
|poke|p2|Arcanine-Hisui, L50, F|
|poke|p2|Floette-Eternal, L50, F|
|poke|p2|Blastoise, L50, M|
|poke|p2|Sinistcha, L50|
|poke|p2|Corviknight, L50, M, shiny|
|poke|p2|Kommo-o, L50, M|
|teampreview|4
|showteam|p1|Blastoise||Blastoisinite|RainDish|AuraSphere,WaterSpout,DarkPulse,Protect|Modest||F|||50|]Hatterene||ColburBerry|MagicBounce|TrickRoom,DazzlingGleam,Reflect,LightScreen|Sassy||F|||50|]Tsareena||WideLens|QueenlyMajesty|TripleAxel,PowerWhip,TropKick,KnockOff|Adamant||F|||50|]Araquanid||SitrusBerry|WaterBubble|Soak,WideGuard,LeechLife,Lunge|Careful||F|||50|]Corviknight||Leftovers|MirrorArmor|Tailwind,IronDefense,IronHead,BodyPress|Careful||F|||50|]Annihilape||LifeOrb|Defiant|CloseCombat,RockSlide,DrainPunch,GunkShot|Jolly||F|||50|
|showteam|p2|Arcanine-Hisui||FocusSash|RockHead|HeadSmash,FlareBlitz,ExtremeSpeed,Protect|Jolly||F|||50|]Floette-Eternal||Floettite|FlowerVeil|Moonblast,DazzlingGleam,CalmMind,Protect|Timid||F|||50|]Blastoise||Blastoisinite|RainDish|WaterSpout,DarkPulse,ShellSmash,Protect|Modest||M|||50|]Sinistcha||KasibBerry|Hospitality|MatchaGotcha,RagePowder,LifeDew,TrickRoom|Relaxed|||||50|]Corviknight||Leftovers|MirrorArmor|BraveBird,IronHead,Tailwind,Protect|Impish||M|||50|]Kommo-o||SitrusBerry|Soundproof|ClangingScales,AuraSphere,ClangorousSoul,Protect|Modest||M|||50|
|c|☆ElAvi04|glhf
|c|☆ragultrazero|Youtoo
|inactive|Battle timer is ON: inactive players will automatically lose when time's up. (requested by ragultrazero)
|inactive|ElAvi04 has 60 seconds left.
|
|t:|1785998276
|teamsize|p1|4
|teamsize|p2|4
|start
|switch|p1a: Hatterene|Hatterene, L50, F|100/100
|switch|p1b: Corviknight|Corviknight, L50, F|100/100
|switch|p2a: Blanquita|Arcanine-Hisui, L50, F|100/100
|switch|p2b: Lego|Floette-Eternal, L50, F|100/100
|turn|1
|
|t:|1785998292
|switch|p2b: Messi|Sinistcha, L50|100/100
|move|p2a: Blanquita|Flare Blitz|p1b: Corviknight
|-supereffective|p1b: Corviknight|1
|-damage|p1b: Corviknight|22/100
|move|p1b: Corviknight|Iron Defense|p1b: Corviknight
|-boost|p1b: Corviknight|def|2
|move|p1a: Hatterene|Trick Room|p1a: Hatterene
|-fieldstart|move: Trick Room|[of] p1a: Hatterene
|
|-heal|p1b: Corviknight|28/100|[from] item: Leftovers
|upkeep
|turn|2
|
|t:|1785998317
|move|p2a: Blanquita|Protect|p2a: Blanquita
|-singleturn|p2a: Blanquita|Protect
|move|p1a: Hatterene|Reflect|p1a: Hatterene
|-sidestart|p1: ragultrazero|Reflect
|move|p1b: Corviknight|Body Press|p2a: Blanquita
|-activate|p2a: Blanquita|move: Protect
|move|p2b: Messi|Trick Room|p2b: Messi
|-fieldend|move: Trick Room
|
|-heal|p1b: Corviknight|34/100|[from] item: Leftovers
|upkeep
|turn|3
|
|t:|1785998338
|move|p2a: Blanquita|Flare Blitz|p1b: Corviknight
|-supereffective|p1b: Corviknight|1
|-damage|p1b: Corviknight|6/100
|move|p1b: Corviknight|Body Press|p2a: Blanquita
|-supereffective|p2a: Blanquita|1
|-enditem|p2a: Blanquita|Focus Sash
|-damage|p2a: Blanquita|1/100
|move|p2b: Messi|Matcha Gotcha|p1b: Corviknight|[spread] p1a,p1b
|-resisted|p1b: Corviknight|2
|-crit|p1b: Corviknight
|-damage|p1a: Hatterene|79/100
|-damage|p1b: Corviknight|0 fnt
|faint|p1b: Corviknight
|move|p1a: Hatterene|Light Screen|p1a: Hatterene
|-sidestart|p1: ragultrazero|move: Light Screen
|
|upkeep
|
|t:|1785998354
|switch|p1b: Tsareena|Tsareena, L50, F|100/100
|turn|4
|
|t:|1785998379
|move|p2a: Blanquita|Flare Blitz|p1b: Tsareena
|-supereffective|p1b: Tsareena|1
|-crit|p1b: Tsareena
|-damage|p1b: Tsareena|0 fnt
|faint|p1b: Tsareena
|move|p2b: Messi|Life Dew||[still]|[spread] p2a,p2b
|-heal|p2a: Blanquita|25/100
|-fail|p2b: Messi|heal
|move|p1a: Hatterene|Dazzling Gleam|p2a: Blanquita|[spread] p2a,p2b
|-resisted|p2a: Blanquita|1
|-damage|p2a: Blanquita|8/100
|-damage|p2b: Messi|73/100
|
|upkeep
|
|t:|1785998391
|switch|p1b: Annihilape|Annihilape, L50, F|100/100
|turn|5
|
|t:|1785998412
|move|p2b: Messi|Rage Powder|p2b: Messi
|-singleturn|p2b: Messi|move: Rage Powder
|move|p1b: Annihilape|Rock Slide|p2b: Messi|[spread] p2a,p2b
|-supereffective|p2a: Blanquita|1
|-damage|p2a: Blanquita|0 fnt
|-damage|p2b: Messi|51/100
|faint|p2a: Blanquita
|-damage|p1b: Annihilape|90/100|[from] item: Life Orb
|move|p1a: Hatterene|Dazzling Gleam|p2b: Messi
|-damage|p2b: Messi|15/100
|
|upkeep
|
|t:|1785998422
|switch|p2a: Lego|Floette-Eternal, L50, F|100/100
|turn|6
|
|t:|1785998436
|detailschange|p2a: Lego|Floette-Mega, L50, F
|-mega|p2a: Lego|Floette|Floettite
|-ability|p2a: Lego|Fairy Aura
|move|p2b: Messi|Rage Powder|p2b: Messi
|-singleturn|p2b: Messi|move: Rage Powder
|move|p2a: Lego|Dazzling Gleam|p1b: Annihilape|[spread] p1a,p1b
|-supereffective|p1b: Annihilape|1
|-damage|p1a: Hatterene|59/100
|-damage|p1b: Annihilape|29/100
|move|p1b: Annihilape|Gunk Shot|p2b: Messi
|-damage|p2b: Messi|0 fnt
|faint|p2b: Messi
|-damage|p1b: Annihilape|20/100y|[from] item: Life Orb
|move|p1a: Hatterene|Dazzling Gleam|p2a: Lego
|-damage|p2a: Lego|67/100
|
|-sideend|p1: ragultrazero|Reflect
|upkeep
|
|t:|1785998449
|switch|p2b: Escanor|Corviknight, L50, M, shiny|100/100
|turn|7
|
|t:|1785998464
|move|p2a: Lego|Dazzling Gleam|p1b: Annihilape|[spread] p1a,p1b
|-supereffective|p1b: Annihilape|1
|-damage|p1a: Hatterene|39/100
|-damage|p1b: Annihilape|0 fnt
|faint|p1b: Annihilape
|move|p2b: Escanor|Iron Head|p1a: Hatterene
|-supereffective|p1a: Hatterene|1
|-damage|p1a: Hatterene|0 fnt
|faint|p1a: Hatterene
|
|win|ElAvi04
||ElAvi04 is ready for game 2.
|inactive|ragultrazero has 30 seconds to confirm battle start!
||ragultrazero is ready for game 2.
|uhtml|next|Next: Game 2 of 3
|l|☆ragultrazero
|player|p1|
