|j|☆grfynnvgc
|j|☆lightsakura
|html|grfynnvgclightsakura    
|uhtml|bestof|Game 3 of a best-of-3
|t:|1785389779
|gametype|doubles
|player|p1|grfynnvgc|102|1120
|player|p2|lightsakura|jasmine|1197
|gen|9
|tier|[Gen 9 Champions] VGC 2026 Reg M-B (Bo3)
|rated|
|rule|Species Clause: Limit one of each Pokémon
|rule|Item Clause: Limit 1 of each item
|clearpoke
|poke|p1|Gengar, L50, M|
|poke|p1|Kommo-o, L50, M|
|poke|p1|Ninetales-Alola, L50, M|
|poke|p1|Primarina, L50, F|
|poke|p1|Volcarona, L50, F|
|poke|p1|Incineroar, L50, M|
|poke|p2|Tyranitar, L50, F|
|poke|p2|Excadrill, L50, F|
|poke|p2|Milotic, L50, F|
|poke|p2|Sinistcha, L50|
|poke|p2|Staraptor, L50, M|
|poke|p2|Gholdengo, L50|
|teampreview|4
|showteam|p1|Gengar||Gengarite|CursedBody|ShadowBall,SludgeBomb,PerishSong,Protect|Modest||M|||50|]Kommo-o||Leftovers|Soundproof|ClangingScales,AuraSphere,ClangorousSoul,Protect|Modest||M|||50|]Ninetales-Alola||FocusSash|SnowWarning|Blizzard,FreezeDry,AuroraVeil,Protect|Timid||M|||50|]Primarina||MysticWater|LiquidVoice|HyperVoice,Moonblast,PerishSong,Protect|Modest||F|||50|]Volcarona||SitrusBerry|FlameBody|Flamethrower,StruggleBug,RagePowder,Protect|Bold||F|||50|]Incineroar||ShucaBerry|Intimidate|FakeOut,ThroatChop,PartingShot,Protect|Impish||M|||50|
|showteam|p2|Tyranitar||Tyranitarite|SandStream|KnockOff,RockSlide,LowKick,Protect|Jolly||F|||50|]Excadrill||FocusSash|SandRush|HighHorsepower,IronHead,RockSlide,Protect|Adamant||F|||50|]Milotic||SitrusBerry|Competitive|Scald,IceBeam,Haze,Protect|Modest||F|||50|]Sinistcha||ColburBerry|Hospitality|MatchaGotcha,ShadowBall,Protect,RagePowder|Bold|||||50|]Staraptor||Staraptite|Intimidate|CloseCombat,BraveBird,Tailwind,Protect|Jolly||M|||50|]Gholdengo||LifeOrb|GoodasGold|MakeItRain,ShadowBall,NastyPlot,Protect|Modest|||||50|
|inactive|Battle timer is ON: inactive players will automatically lose when time's up. (requested by grfynnvgc)
|
|t:|1785389818
|teamsize|p1|4
|teamsize|p2|4
|start
|switch|p1a: Volcarona|Volcarona, L50, F|100/100
|switch|p1b: Gengar|Gengar, L50, M|100/100
|switch|p2a: Gholdengo|Gholdengo, L50|100/100
|switch|p2b: Sinistcha|Sinistcha, L50|100/100
|turn|1
|inactive|grfynnvgc has 30 seconds left.
|
|t:|1785389846
|detailschange|p1b: Gengar|Gengar-Mega, L50, M
|-mega|p1b: Gengar|Gengar|Gengarite
|move|p1b: Gengar|Protect|p1b: Gengar
|-singleturn|p1b: Gengar|Protect
|move|p1a: Volcarona|Flamethrower|p2b: Sinistcha
|-supereffective|p2b: Sinistcha|1
|-damage|p2b: Sinistcha|17/100
|move|p2a: Gholdengo|Shadow Ball|p1b: Gengar
|-activate|p1b: Gengar|move: Protect
|move|p2b: Sinistcha|Shadow Ball|p1b: Gengar
|-activate|p1b: Gengar|move: Protect
|
|upkeep
|turn|2
|
|t:|1785389864
|switch|p1b: Incineroar|Incineroar, L50, M|100/100
|-ability|p1b: Incineroar|Intimidate|boost
|-unboost|p2a: Gholdengo|atk|1
|-unboost|p2b: Sinistcha|atk|1
|switch|p2b: Tyranitar|Tyranitar, L50, F|100/100
|-weather|Sandstorm|[from] ability: Sand Stream|[of] p2b: Tyranitar
|move|p1a: Volcarona|Flamethrower|p2a: Gholdengo
|-supereffective|p2a: Gholdengo|1
|-damage|p2a: Gholdengo|15/100
|-status|p2a: Gholdengo|brn
|move|p2a: Gholdengo|Shadow Ball|p1b: Incineroar
|-resisted|p1b: Incineroar|1
|-damage|p1b: Incineroar|75/100
|-unboost|p1b: Incineroar|spd|1
|-damage|p2a: Gholdengo|5/100 brn|[from] item: Life Orb
|
|-weather|Sandstorm|[upkeep]
|-damage|p1a: Volcarona|93/100|[from] Sandstorm
|-damage|p1b: Incineroar|69/100|[from] Sandstorm
|-damage|p2a: Gholdengo|0 fnt|[from] brn
|faint|p2a: Gholdengo
|upkeep
|
|t:|1785389887
|switch|p2a: Staraptor|Staraptor, L50, M|100/100
|-ability|p2a: Staraptor|Intimidate|boost
|-unboost|p1a: Volcarona|atk|1
|-unboost|p1b: Incineroar|atk|1
|turn|3
|
|t:|1785389907
|switch|p1b: Gengar|Gengar-Mega, L50, M|100/100
|detailschange|p2b: Tyranitar|Tyranitar-Mega, L50, F
|-mega|p2b: Tyranitar|Tyranitar|Tyranitarite
|move|p1a: Volcarona|Protect|p1a: Volcarona
|-singleturn|p1a: Volcarona|Protect
|move|p2a: Staraptor|Tailwind|p2a: Staraptor
|-sidestart|p2: lightsakura|move: Tailwind
|move|p2b: Tyranitar|Rock Slide|p1a: Volcarona|[spread] p1b
|-activate|p1a: Volcarona|move: Protect
|-damage|p1b: Gengar|65/100
|
|-weather|Sandstorm|[upkeep]
|-damage|p2a: Staraptor|93/100|[from] Sandstorm
|-damage|p1b: Gengar|59/100|[from] Sandstorm
|-damage|p1a: Volcarona|87/100|[from] Sandstorm
|upkeep
|turn|4
|inactive|grfynnvgc has 30 seconds left.
|
|t:|1785389934
|move|p1a: Volcarona|Rage Powder|p1a: Volcarona
|-singleturn|p1a: Volcarona|move: Rage Powder
|move|p2a: Staraptor|Brave Bird|p1a: Volcarona
|-supereffective|p1a: Volcarona|1
|-damage|p1a: Volcarona|0 fnt
|-status|p2a: Staraptor|brn|[from] ability: Flame Body|[of] p1a: Volcarona
|faint|p1a: Volcarona
|-damage|p2a: Staraptor|60/100 brn|[from] Recoil
|move|p2b: Tyranitar|Knock Off|p1b: Gengar
|-supereffective|p1b: Gengar|1
|-damage|p1b: Gengar|0 fnt
|faint|p1b: Gengar
|
|-weather|Sandstorm|[upkeep]
|-damage|p2a: Staraptor|54/100 brn|[from] Sandstorm
|-damage|p2a: Staraptor|48/100 brn|[from] brn
|upkeep
|
|t:|1785389950
|switch|p1b: Primarina|Primarina, L50, F|100/100
|switch|p1a: Incineroar|Incineroar, L50, M|69/100
|-ability|p1a: Incineroar|Intimidate|boost
|-unboost|p2a: Staraptor|atk|1
|-unboost|p2b: Tyranitar|atk|1
|turn|5
|
|t:|1785389965
|move|p1a: Incineroar|Fake Out|p2a: Staraptor
|-damage|p2a: Staraptor|33/100 brn
|cant|p2a: Staraptor|flinch
|move|p2b: Tyranitar|Knock Off|p1b: Primarina
|-resisted|p1b: Primarina|1
|-damage|p1b: Primarina|77/100
|-enditem|p1b: Primarina|Mystic Water|[from] move: Knock Off|[of] p2b: Tyranitar
|move|p1b: Primarina|Hyper Voice|p2b: Tyranitar|[spread] p2a,p2b
|-supereffective|p2b: Tyranitar|1
|-damage|p2a: Staraptor|0 fnt
|-damage|p2b: Tyranitar|58/100
|faint|p2a: Staraptor
|
|-weather|Sandstorm|[upkeep]
|-damage|p1b: Primarina|71/100|[from] Sandstorm
|-damage|p1a: Incineroar|63/100|[from] Sandstorm
|upkeep
|
|t:|1785389982
|switch|p2a: Sinistcha|Sinistcha, L50|17/100
|-heal|p2b: Tyranitar|83/100|[from] ability: Hospitality|[of] p2a: Sinistcha
|turn|6
|
|t:|1785389995
|move|p1b: Primarina|Protect|p1b: Primarina
|-singleturn|p1b: Primarina|Protect
|move|p1a: Incineroar|Protect|p1a: Incineroar
|-singleturn|p1a: Incineroar|Protect
|move|p2b: Tyranitar|Rock Slide|p1b: Primarina|[spread] 
|-activate|p1a: Incineroar|move: Protect
|-activate|p1b: Primarina|move: Protect
|move|p2a: Sinistcha|Matcha Gotcha|p1a: Incineroar|[spread] 
|-activate|p1a: Incineroar|move: Protect
|-activate|p1b: Primarina|move: Protect
|
|-weather|none
|-sideend|p2: lightsakura|move: Tailwind
|upkeep
|turn|7
|
|t:|1785390013
|move|p2b: Tyranitar|Rock Slide|p1b: Primarina|[spread] p1a,p1b
|-supereffective|p1a: Incineroar|1
|-damage|p1a: Incineroar|33/100
|-damage|p1b: Primarina|43/100
|move|p2a: Sinistcha|Matcha Gotcha|p1a: Incineroar|[spread] p1a,p1b
|-resisted|p1a: Incineroar|1
|-supereffective|p1b: Primarina|1
|-damage|p1a: Incineroar|22/100
|-heal|p2a: Sinistcha|24/100|[from] drain|[of] p1a: Incineroar
|-damage|p1b: Primarina|2/100
|-heal|p2a: Sinistcha|46/100|[from] drain|[of] p1b: Primarina
|cant|p1a: Incineroar|flinch
|move|p1b: Primarina|Hyper Voice|p2a: Sinistcha|[spread] p2a,p2b
|-resisted|p2a: Sinistcha|1
|-supereffective|p2b: Tyranitar|1
|-damage|p2a: Sinistcha|28/100
|-damage|p2b: Tyranitar|23/100
|
|upkeep
|turn|8
|c|☆grfynnvgc|are you serious\
|inactive|grfynnvgc has 30 seconds left.
|
|t:|1785390041
|move|p2b: Tyranitar|Low Kick|p1a: Incineroar
|-supereffective|p1a: Incineroar|1
|-damage|p1a: Incineroar|0 fnt
|faint|p1a: Incineroar
|move|p2a: Sinistcha|Matcha Gotcha|p1b: Primarina
|-supereffective|p1b: Primarina|1
|-damage|p1b: Primarina|0 fnt
|-heal|p2a: Sinistcha|29/100|[from] drain|[of] p1b: Primarina
|faint|p1b: Primarina
|
|win|lightsakura
|raw|grfynnvgc's rating: 1120 → 1100(-20 for losing)
|raw|lightsakura's rating: 1197 → 1217(+20 for winning)
