|j|☆8BitBidoof
|j|☆RamiformSphinx
|html|8BitBidoofRamiformSphinx    
|uhtml|bestof|Game 1 of a best-of-3
|t:|1756162995
|gametype|doubles
|player|p1|8BitBidoof|red-lgpe|1185
|player|p2|RamiformSphinx|2|1150
|gen|9
|tier|[Gen 9] VGC 2025 Reg H (Bo3)
|rated|
|rule|Species Clause: Limit one of each Pokémon
|rule|Item Clause: Limit 1 of each item
|clearpoke
|poke|p1|Sneasler, L50, M|
|poke|p1|Indeedee, L50, M|
|poke|p1|Volcarona, L50, M|
|poke|p1|Ursaluna-Bloodmoon, L50, M|
|poke|p1|Annihilape, L50, M|
|poke|p1|Tyranitar, L50, M|
|poke|p2|Porygon2, L50|
|poke|p2|Sneasler, L50, F|
|poke|p2|Gholdengo, L50|
|poke|p2|Amoonguss, L50, M|
|poke|p2|Garchomp, L50, F|
|poke|p2|Incineroar, L50, M|
|teampreview|4
|showteam|p1|Sneasler||PsychicSeed|Unburden|CloseCombat,DireClaw,ThroatChop,Protect|||M|||50|,,,,,Dark]Indeedee||ChoiceScarf|PsychicSurge|ExpandingForce,TeraBlast,Trick,Protect|||M|||50|,,,,,Psychic]Volcarona||SitrusBerry|FlameBody|Overheat,StruggleBug,RagePowder,Tailwind|||M|||50|,,,,,Grass]Ursaluna-Bloodmoon||LifeOrb|MindsEye|BloodMoon,HyperVoice,EarthPower,Protect|||M|||50|,,,,,Normal]Annihilape||SafetyGoggles|Defiant|CloseCombat,RageFist,Taunt,FinalGambit|||M|||50|,,,,,Fairy]Tyranitar||AssaultVest|SandStream|RockSlide,KnockOff,TeraBlast,LowKick|||M|||50|,,,,,Flying
|showteam|p2|Porygon2||Eviolite|Download|TeraBlast,IceBeam,Recover,TrickRoom||||||50|,,,,,Ground]Sneasler||FocusSash|PoisonTouch|CloseCombat,DireClaw,Coaching,Protect|||F|||50|,,,,,Flying]Gholdengo||LifeOrb|GoodasGold|MakeItRain,ShadowBall,NastyPlot,Protect||||||50|,,,,,Water]Amoonguss||CovertCloak|Regenerator|SludgeBomb,Spore,RagePowder,Protect|||M|||50|,,,,,Fairy]Garchomp||ClearAmulet|RoughSkin|StompingTantrum,Earthquake,DragonClaw,Protect|||F|||50|,,,,,Fire]Incineroar||SafetyGoggles|Intimidate|FakeOut,KnockOff,FlareBlitz,PartingShot|||M|||50|,,,,,Water
|j| HarshVGC
|inactive|Battle timer is ON: inactive players will automatically lose when time's up. (requested by RamiformSphinx)
|inactive|8BitBidoof has 60 seconds left.
|
|t:|1756163089
|teamsize|p1|4
|teamsize|p2|4
|start
|switch|p1a: Volcarona|Volcarona, L50, M|100/100
|switch|p1b: Ursaluna|Ursaluna-Bloodmoon, L50, M|100/100
|switch|p2a: Incineroar|Incineroar, L50, M, shiny|100/100
|switch|p2b: Sneasler|Sneasler, L50, F|100/100
|-ability|p2a: Incineroar|Intimidate|boost
|-unboost|p1a: Volcarona|atk|1
|-unboost|p1b: Ursaluna|atk|1
|turn|1
|inactive|8BitBidoof has 30 seconds left.
|inactive|8BitBidoof has 20 seconds left.
|inactive|8BitBidoof has 15 seconds left.
|
|t:|1756163130
|move|p1b: Ursaluna|Protect|p1b: Ursaluna
|-singleturn|p1b: Ursaluna|Protect
|move|p2b: Sneasler|Dire Claw|p1a: Volcarona
|-damage|p1a: Volcarona|45/100
|-status|p1a: Volcarona|slp
|-status|p2b: Sneasler|brn|[from] ability: Flame Body|[of] p1a: Volcarona
|-enditem|p1a: Volcarona|Sitrus Berry|[eat]
|-heal|p1a: Volcarona|70/100 slp|[from] item: Sitrus Berry
|cant|p1a: Volcarona|slp
|move|p2a: Incineroar|Knock Off|p1a: Volcarona
|-damage|p1a: Volcarona|36/100 slp
|
|-damage|p2b: Sneasler|95/100 brn|[from] brn
|upkeep
|turn|2
|inactive|8BitBidoof has 30 seconds left.
|inactive|RamiformSphinx has 30 seconds left.
|
|t:|1756163159
|-curestatus|p1a: Volcarona|slp|[msg]
|move|p1a: Volcarona|Rage Powder|p1a: Volcarona
|-singleturn|p1a: Volcarona|move: Rage Powder
|move|p2b: Sneasler|Close Combat|p1a: Volcarona
|-resisted|p1a: Volcarona
|-damage|p1a: Volcarona|15/100
|-unboost|p2b: Sneasler|def|1
|-unboost|p2b: Sneasler|spd|1
|move|p1b: Ursaluna|Earth Power|p2a: Incineroar
|-supereffective|p2a: Incineroar
|-damage|p2a: Incineroar|0 fnt
|faint|p2a: Incineroar
|-damage|p1b: Ursaluna|91/100|[from] item: Life Orb
|
|-damage|p2b: Sneasler|89/100 brn|[from] brn
|upkeep
|
|t:|1756163172
|switch|p2a: Garchomp|Garchomp, L50, F|100/100
|turn|3
|inactive|RamiformSphinx has 30 seconds left.
|
|t:|1756163202
|move|p2a: Garchomp|Protect|p2a: Garchomp
|-singleturn|p2a: Garchomp|Protect
|move|p1a: Volcarona|Rage Powder|p1a: Volcarona
|-singleturn|p1a: Volcarona|move: Rage Powder
|move|p2b: Sneasler|Dire Claw|p1a: Volcarona
|-damage|p1a: Volcarona|0 fnt
|faint|p1a: Volcarona
|move|p1b: Ursaluna|Blood Moon|p2a: Garchomp
|-activate|p2a: Garchomp|move: Protect
|
|-damage|p2b: Sneasler|83/100 brn|[from] brn
|upkeep
|
|t:|1756163212
|switch|p1a: Indeedee|Indeedee, L50, M|100/100
|-fieldstart|move: Psychic Terrain|[from] ability: Psychic Surge|[of] p1a: Indeedee
|turn|4
|inactive|RamiformSphinx has 30 seconds left.
|
|t:|1756163242
|move|p1a: Indeedee|Expanding Force|p2a: Garchomp|[spread] p2a,p2b
|-supereffective|p2b: Sneasler
|-damage|p2a: Garchomp|44/100
|-damage|p2b: Sneasler|0 fnt
|faint|p2b: Sneasler
|move|p2a: Garchomp|Earthquake|p1a: Indeedee|[spread] p1a,p1b
|-damage|p1a: Indeedee|23/100
|-damage|p1b: Ursaluna|60/100
|move|p1b: Ursaluna|Hyper Voice|p2a: Garchomp
|-damage|p2a: Garchomp|0 fnt
|faint|p2a: Garchomp
|-damage|p1b: Ursaluna|51/100|[from] item: Life Orb
|
|upkeep
|
|t:|1756163252
|switch|p2a: Porygon2|Porygon2, L50|100/100
|-ability|p2a: Porygon2|Download|boost
|-boost|p2a: Porygon2|spa|1
|turn|5
|
|t:|1756163264
|-terastallize|p1b: Ursaluna|Normal
|move|p1a: Indeedee|Expanding Force|p2a: Porygon2
|-damage|p2a: Porygon2|49/100
|move|p1b: Ursaluna|Blood Moon|p2a: Porygon2
|-damage|p2a: Porygon2|0 fnt
|faint|p2a: Porygon2
|-damage|p1b: Ursaluna|41/100|[from] item: Life Orb
|
|win|8BitBidoof
||RamiformSphinx is ready for game 2.
|inactive|8BitBidoof has 30 seconds to confirm battle start!
