|j|☆gluondrive
|j|☆TheOgreVGC
|html|gluondriveTheOgreVGC    
|uhtml|bestof|Game 2 of a best-of-3
|t:|1783506940
|gametype|doubles
|player|p1|gluondrive|artist|
|player|p2|TheOgreVGC|#smogonxnpa2026draftee2|
|gen|9
|tier|[Gen 9 Champions] VGC 2026 Reg M-B (Bo3)
|rule|Species Clause: Limit one of each Pokémon
|rule|Item Clause: Limit 1 of each item
|clearpoke
|poke|p1|Swampert, L50, M|
|poke|p1|Pelipper, L50, M|
|poke|p1|Archaludon, L50, M|
|poke|p1|Venusaur, L50, M|
|poke|p1|Maushold-Four, L50|
|poke|p1|Gholdengo, L50|
|poke|p2|Delphox, L50, M|
|poke|p2|Incineroar, L50, M|
|poke|p2|Blastoise, L50, F|
|poke|p2|Sneasler, L50, M|
|poke|p2|Kingambit, L50, M|
|poke|p2|Sinistcha, L50|
|teampreview|4
|showteam|p1|Swampert||Swampertite|Torrent|WaveCrash,HighHorsepower,IcePunch,Protect|Adamant||M|||50|]Pelipper||SitrusBerry|Drizzle|WeatherBall,Hurricane,Tailwind,WideGuard|Modest||M|||50|]Archaludon||Leftovers|Stamina|ElectroShot,DragonPulse,FlashCannon,Protect|Calm||M|||50|]Venusaur||Venusaurite|Chlorophyll|GigaDrain,EarthPower,SludgeBomb,Protect|Modest||M|||50|]Maushold-Four||FocusSash|FriendGuard|FollowMe,SuperFang,RainDance,Protect|Timid|||||50|]Gholdengo||LifeOrb|GoodasGold|MakeItRain,ShadowBall,NastyPlot,Protect|Modest|||||50|
|showteam|p2|Delphox||Delphoxite|Blaze|HeatWave,Psyshock,NastyPlot,Protect|Timid||M|||50|]Incineroar||SitrusBerry|Intimidate|FlareBlitz,ThroatChop,PartingShot,FakeOut|Careful||M|||50|]Blastoise||Blastoisinite|Torrent|WaterSpout,DarkPulse,ShellSmash,Protect|Modest||F|||50|]Sneasler||FocusSash|PoisonTouch|FakeOut,CloseCombat,PoisonJab,QuickGuard|Jolly||M|||50|]Kingambit||LifeOrb|Defiant|KowtowCleave,SuckerPunch,SwordsDance,Protect|Adamant||M|||50|]Sinistcha||KasibBerry|Hospitality|MatchaGotcha,RagePowder,TrickRoom,Protect|Bold|||||50|
|
|t:|1783507006
|teamsize|p1|4
|teamsize|p2|4
|start
|switch|p1a: Venusaur|Venusaur, L50, M|100/100
|switch|p1b: Maushold|Maushold-Four, L50|100/100
|switch|p2a: Sneasler|Sneasler, L50, M|100/100
|switch|p2b: Kingambit|Kingambit, L50, M|100/100
|turn|1
|
|t:|1783507038
|detailschange|p1a: Venusaur|Venusaur-Mega, L50, M
|-mega|p1a: Venusaur|Venusaur|Venusaurite
|move|p2a: Sneasler|Fake Out|p1a: Venusaur
|-damage|p1a: Venusaur|90/100
|move|p1b: Maushold|Super Fang|p2b: Kingambit
|-damage|p2b: Kingambit|50/100g
|cant|p1a: Venusaur|flinch
|move|p2b: Kingambit|Kowtow Cleave|p1b: Maushold
|-damage|p1b: Maushold|20/100y
|-damage|p2b: Kingambit|40/100|[from] item: Life Orb
|
|upkeep
|turn|2
|
|t:|1783507105
|move|p1b: Maushold|Protect|p1b: Maushold
|-singleturn|p1b: Maushold|Protect
|move|p2b: Kingambit|Protect|p2b: Kingambit
|-singleturn|p2b: Kingambit|Protect
|move|p2a: Sneasler|Poison Jab|p1b: Maushold
|-activate|p1b: Maushold|move: Protect
|move|p1a: Venusaur|Earth Power|p2a: Sneasler
|-supereffective|p2a: Sneasler|1
|-damage|p2a: Sneasler|15/100
|-unboost|p2a: Sneasler|spd|1
|
|upkeep
|turn|3
|
|t:|1783507119
|switch|p2a: Sinistcha|Sinistcha, L50|100/100
|-heal|p2b: Kingambit|65/100|[from] ability: Hospitality|[of] p2a: Sinistcha
|move|p1b: Maushold|Follow Me|p1b: Maushold
|-singleturn|p1b: Maushold|move: Follow Me
|move|p1a: Venusaur|Earth Power|p2b: Kingambit
|-supereffective|p2b: Kingambit|1
|-damage|p2b: Kingambit|5/100
|move|p2b: Kingambit|Kowtow Cleave|p1b: Maushold
|-damage|p1b: Maushold|0 fnt
|faint|p1b: Maushold
|-damage|p2b: Kingambit|0 fnt|[from] item: Life Orb
|faint|p2b: Kingambit
|
|upkeep
|
|t:|1783507134
|switch|p1b: Pelipper|Pelipper, L50, M|100/100
|switch|p2b: Sneasler|Sneasler, L50, M|15/100
|-weather|RainDance|[from] ability: Drizzle|[of] p1b: Pelipper
|turn|4
|
|t:|1783507156
|switch|p2a: Blastoise|Blastoise, L50, F|100/100
|move|p2b: Sneasler|Fake Out|p1a: Venusaur
|-damage|p1a: Venusaur|80/100
|cant|p1a: Venusaur|flinch
|move|p1b: Pelipper|Hurricane|p2a: Blastoise
|-damage|p2a: Blastoise|53/100
|
|-weather|RainDance|[upkeep]
|upkeep
|turn|5
|
|t:|1783507172
|detailschange|p2a: Blastoise|Blastoise-Mega, L50, F
|-mega|p2a: Blastoise|Blastoise|Blastoisinite
|move|p2b: Sneasler|Poison Jab|p1a: Venusaur
|-damage|p1a: Venusaur|49/100
|move|p2a: Blastoise|Dark Pulse|p1a: Venusaur
|-damage|p1a: Venusaur|13/100
|move|p1a: Venusaur|Giga Drain|p2a: Blastoise
|-supereffective|p2a: Blastoise|1
|-damage|p2a: Blastoise|0 fnt
|-heal|p1a: Venusaur|35/100|[from] drain|[of] p2a: Blastoise
|faint|p2a: Blastoise
|move|p1b: Pelipper|Hurricane|p2b: Sneasler
|-supereffective|p2b: Sneasler|1
|-damage|p2b: Sneasler|0 fnt
|faint|p2b: Sneasler
|
|-weather|RainDance|[upkeep]
|upkeep
|-message|TheOgreVGC forfeited.
|
|win|gluondrive
||TheOgreVGC is ready for game 3.
||gluondrive is ready for game 3.
|uhtml|next|Next: Game 3 of 3
|l|☆gluondrive
|player|p1|
