|j|☆spodermees
|j|☆NorcalEMTShowdown
|html|spodermeesNorcalEMTShowdown    
|uhtml|bestof|Game 3 of a best-of-3
|t:|1784132237
|gametype|doubles
|player|p1|spodermees|sailor|1154
|player|p2|NorcalEMTShowdown|101|1104
|gen|9
|tier|[Gen 9 Champions] VGC 2026 Reg M-B (Bo3)
|rated|
|rule|Species Clause: Limit one of each Pokémon
|rule|Item Clause: Limit 1 of each item
|clearpoke
|poke|p1|Swampert, L50, F|
|poke|p1|Dragonite, L50, M|
|poke|p1|Pelipper, L50, F|
|poke|p1|Sableye, L50, M|
|poke|p1|Incineroar, L50, F|
|poke|p1|Archaludon, L50, F|
|poke|p2|Staraptor, L50, M|
|poke|p2|Grimmsnarl, L50, M|
|poke|p2|Sinistcha, L50|
|poke|p2|Aerodactyl, L50, F|
|poke|p2|Delphox, L50, F|
|poke|p2|Primarina, L50, F|
|teampreview|4
|showteam|p1|Swampert||Swampertite|Damp|WaveCrash,Earthquake,IcePunch,Protect|Adamant||F|||50|]Dragonite||Dragoninite|InnerFocus|Hurricane,Protect,Thunderbolt,DragonPulse|Timid||M|||50|]Pelipper||FocusSash|Drizzle|WeatherBall,Hurricane,WideGuard,Tailwind|Modest||F|||50|]Sableye||RoseliBerry|Prankster|RainDance,FakeOut,LightScreen,Reflect|Careful||M|||50|]Incineroar||SitrusBerry|Intimidate|FakeOut,PartingShot,WillOWisp,ThroatChop|Careful||F|||50|]Archaludon||Leftovers|Stamina|ElectroShot,DracoMeteor,FlashCannon,Protect|Modest||F|||50|
|showteam|p2|Staraptor||Staraptite|Intimidate|CloseCombat,BraveBird,Roost,Protect|Jolly||M|||50|]Grimmsnarl||Leftovers|Prankster|FakeOut,PartingShot,SpiritBreak,SuckerPunch|Adamant||M|||50|]Sinistcha||SitrusBerry|Hospitality|MatchaGotcha,RagePowder,StrengthSap,FoulPlay|Bold|||||50|]Aerodactyl||FocusSash|Unnerve|RockSlide,Taunt,Tailwind,DualWingbeat|Jolly||F|||50|]Delphox||Delphoxite|Blaze|HeatWave,Psyshock,DazzlingGleam,Protect|Timid||F|||50|]Primarina||ChoiceScarf|LiquidVoice|Moonblast,HydroPump,HyperVoice,IceBeam|Modest||F|||50|
|inactive|Battle timer is ON: inactive players will automatically lose when time's up. (requested by spodermees)
|inactive|NorcalEMTShowdown has 60 seconds left.
|
|t:|1784132269
|teamsize|p1|4
|teamsize|p2|4
|start
|switch|p1a: Swampert|Swampert, L50, F|100/100
|switch|p1b: Sableye|Sableye, L50, M|100/100
|switch|p2a: Grimmsnarl|Grimmsnarl, L50, M|100/100
|switch|p2b: Staraptor|Staraptor, L50, M|100/100
|-ability|p2b: Staraptor|Intimidate|boost
|-unboost|p1a: Swampert|atk|1
|-unboost|p1b: Sableye|atk|1
|turn|1
|
|t:|1784132283
|switch|p1a: Incineroar|Incineroar, L50, F|100/100
|-ability|p1a: Incineroar|Intimidate|boost
|-unboost|p2a: Grimmsnarl|atk|1
|-unboost|p2b: Staraptor|atk|1
|detailschange|p2b: Staraptor|Staraptor-Mega, L50, M
|-mega|p2b: Staraptor|Staraptor|Staraptite
|move|p2b: Staraptor|Protect|p2b: Staraptor
|-singleturn|p2b: Staraptor|Protect
|move|p1b: Sableye|Fake Out|p2b: Staraptor
|-activate|p2b: Staraptor|move: Protect
|move|p2a: Grimmsnarl|Spirit Break|p1b: Sableye
|-supereffective|p1b: Sableye|1
|-enditem|p1b: Sableye|Roseli Berry|[eat]
|-enditem|p1b: Sableye|Roseli Berry|[weaken]
|-damage|p1b: Sableye|63/100
|-unboost|p1b: Sableye|spa|1
|
|upkeep
|turn|2
|inactive|spodermees has 30 seconds left.
|
|t:|1784132314
|switch|p2b: Primarina|Primarina, L50, F|100/100
|move|p1b: Sableye|Reflect|p1b: Sableye
|-sidestart|p1: spodermees|Reflect
|move|p1a: Incineroar|Will-O-Wisp|p2b: Primarina
|-status|p2b: Primarina|brn
|move|p2a: Grimmsnarl|Spirit Break|p1b: Sableye
|-supereffective|p1b: Sableye|1
|-damage|p1b: Sableye|17/100
|-unboost|p1b: Sableye|spa|1
|
|-damage|p2b: Primarina|94/100 brn|[from] brn
|upkeep
|turn|3
|
|t:|1784132330
|move|p1b: Sableye|Light Screen|p1b: Sableye
|-sidestart|p1: spodermees|move: Light Screen
|move|p2b: Primarina|Hyper Voice|p1a: Incineroar|[spread] p1a,p1b
|-supereffective|p1a: Incineroar|1
|-damage|p1a: Incineroar|64/100
|-damage|p1b: Sableye|0 fnt
|faint|p1b: Sableye
|move|p1a: Incineroar|Throat Chop|p2b: Primarina
|-resisted|p2b: Primarina|1
|-damage|p2b: Primarina|72/100 brn
|-start|p2b: Primarina|Throat Chop|[silent]
|move|p2a: Grimmsnarl|Spirit Break|p1a: Incineroar
|-damage|p1a: Incineroar|49/100
|-unboost|p1a: Incineroar|spa|1
|-enditem|p1a: Incineroar|Sitrus Berry|[eat]
|-heal|p1a: Incineroar|74/100|[from] item: Sitrus Berry
|
|-damage|p2b: Primarina|66/100 brn|[from] brn
|upkeep
|
|t:|1784132336
|switch|p1b: Dragonite|Dragonite, L50, M|100/100
|turn|4
|
|t:|1784132348
|switch|p2b: Sinistcha|Sinistcha, L50|100/100
|detailschange|p1b: Dragonite|Dragonite-Mega, L50, M
|-mega|p1b: Dragonite|Dragonite|Dragoninite
|move|p2a: Grimmsnarl|Parting Shot|p1b: Dragonite
|-unboost|p1b: Dragonite|atk|1
|-unboost|p1b: Dragonite|spa|1
|
|t:|1784132354
|switch|p2a: Primarina|Primarina, L50, F|66/100 brn|[from] Parting Shot
|move|p1b: Dragonite|Thunderbolt|p2b: Sinistcha
|-resisted|p2b: Sinistcha|1
|-damage|p2b: Sinistcha|85/100
|move|p1a: Incineroar|Throat Chop|p2b: Sinistcha
|-supereffective|p2b: Sinistcha|1
|-damage|p2b: Sinistcha|43/100
|-start|p2b: Sinistcha|Throat Chop|[silent]
|-enditem|p2b: Sinistcha|Sitrus Berry|[eat]
|-heal|p2b: Sinistcha|68/100|[from] item: Sitrus Berry
|
|-damage|p2a: Primarina|61/100 brn|[from] brn
|upkeep
|turn|5
|
|t:|1784132373
|switch|p1b: Swampert|Swampert, L50, F|100/100
|switch|p2b: Grimmsnarl|Grimmsnarl, L50, M|100/100
|move|p2a: Primarina|Hydro Pump|p1a: Incineroar
|-supereffective|p1a: Incineroar|1
|-crit|p1a: Incineroar
|-damage|p1a: Incineroar|0 fnt
|faint|p1a: Incineroar
|
|-damage|p2a: Primarina|55/100 brn|[from] brn
|upkeep
|
|t:|1784132379
|switch|p1a: Dragonite|Dragonite-Mega, L50, M|100/100
|turn|6
|
|t:|1784132388
|move|p2b: Grimmsnarl|Fake Out|p1a: Dragonite
|-damage|p1a: Dragonite|95/100
|move|p2a: Primarina|Hydro Pump|p1b: Swampert
|-damage|p1b: Swampert|50/100g
|cant|p1a: Dragonite|flinch
|move|p1b: Swampert|Wave Crash|p2b: Grimmsnarl
|-damage|p2b: Grimmsnarl|19/100
|-damage|p1b: Swampert|20/100y|[from] Recoil
|
|-heal|p2b: Grimmsnarl|25/100|[from] item: Leftovers
|-damage|p2a: Primarina|49/100 brn|[from] brn
|-sideend|p1: spodermees|Reflect
|upkeep
|turn|7
|
|t:|1784132407
|move|p1b: Swampert|Protect|p1b: Swampert
|-singleturn|p1b: Swampert|Protect
|move|p2a: Primarina|Hydro Pump|p1b: Swampert
|-activate|p1b: Swampert|move: Protect
|move|p1a: Dragonite|Thunderbolt|p2a: Primarina
|-supereffective|p2a: Primarina|1
|-damage|p2a: Primarina|0 fnt
|faint|p2a: Primarina
|move|p2b: Grimmsnarl|Spirit Break|p1a: Dragonite
|-supereffective|p1a: Dragonite|1
|-damage|p1a: Dragonite|23/100
|-unboost|p1a: Dragonite|spa|1
|
|-heal|p2b: Grimmsnarl|31/100|[from] item: Leftovers
|-sideend|p1: spodermees|move: Light Screen
|upkeep
|
|t:|1784132423
|switch|p2a: Sinistcha|Sinistcha, L50|68/100
|-heal|p2b: Grimmsnarl|56/100|[from] ability: Hospitality|[of] p2a: Sinistcha
|turn|8
|
|t:|1784132429
|move|p2b: Grimmsnarl|Sucker Punch|p1a: Dragonite
|-damage|p1a: Dragonite|0 fnt
|faint|p1a: Dragonite
|move|p1b: Swampert|Earthquake|p2a: Sinistcha|[spread] p2a,p2b
|-resisted|p2a: Sinistcha|1
|-damage|p2a: Sinistcha|55/100
|-damage|p2b: Grimmsnarl|4/100
|move|p2a: Sinistcha|Matcha Gotcha|p1b: Swampert
|-supereffective|p1b: Swampert|2
|-crit|p1b: Swampert
|-damage|p1b: Swampert|0 fnt
|-heal|p2a: Sinistcha|65/100|[from] drain|[of] p1b: Swampert
|faint|p1b: Swampert
|
|win|NorcalEMTShowdown
|raw|spodermees's rating: 1154 → 1125(-29 for losing)
|raw|NorcalEMTShowdown's rating: 1104 → 1133(+29 for winning)
