|j|☆Schroombert
|j|☆ScarletHunter22
|html|SchroombertScarletHunter22    
|uhtml|bestof|Game 1 of a best-of-3
|t:|1756492088
|gametype|doubles
|player|p1|Schroombert|rancher|1333
|player|p2|ScarletHunter22|102|1267
|gen|9
|tier|[Gen 9] VGC 2025 Reg H (Bo3)
|rated|
|rule|Species Clause: Limit one of each Pokémon
|rule|Item Clause: Limit 1 of each item
|clearpoke
|poke|p1|Whimsicott, L50, F|
|poke|p1|Garchomp, L50, M|
|poke|p1|Gholdengo, L50|
|poke|p1|Incineroar, L50, F|
|poke|p1|Annihilape, L50, F|
|poke|p1|Dragonite, L50, M|
|poke|p2|Annihilape, L50, F|
|poke|p2|Maushold-Four, L50|
|poke|p2|Basculegion, L50, M|
|poke|p2|Archaludon, L50, F|
|poke|p2|Pelipper, L50, M|
|poke|p2|Grimmsnarl, L50, M|
|teampreview|4
|showteam|p1|Whimsicott||FocusSash|Prankster|Moonblast,Tailwind,Encore,Protect|||F|||50|,,,,,Ghost]Garchomp||LifeOrb|RoughSkin|Earthquake,DragonClaw,StompingTantrum,Protect|||M|||50|,,,,,Steel]Gholdengo||ChoiceSpecs|GoodasGold|MakeItRain,ShadowBall,Trick,Protect||||||50|,,,,,Steel]Incineroar||AssaultVest|Intimidate|FakeOut,FlareBlitz,KnockOff,Uturn|||F|||50|,,,,,Grass]Annihilape||PowerHerb|Defiant|CloseCombat,PhantomForce,Coaching,Protect|||F|||50|,,,,,Stellar]Dragonite||LoadedDice|InnerFocus|ScaleShot,Tailwind,Haze,Protect|||M|||50|,,,,,Fairy
|showteam|p2|Annihilape||SitrusBerry|Defiant|Protect,RageFist,DrainPunch,BulkUp|||F|||50|,,,,,Water]Maushold-Four||WideLens|Technician|Protect,BeatUp,PopulationBomb,FollowMe||||||50|,,,,,Ghost]Basculegion||ChoiceBand|SwiftSwim|WaveCrash,LastRespects,FlipTurn,AquaJet|||M|||50|,,,,,Water]Archaludon||AssaultVest|Stamina|ElectroShot,BodyPress,FlashCannon,DracoMeteor|||F|||50|,,,,,Bug]Pelipper||FocusSash|Drizzle|Protect,Hurricane,WeatherBall,Tailwind|||M|||50|,,,,,Ghost]Grimmsnarl||LightClay|Prankster|SpiritBreak,LightScreen,Reflect,MistyTerrain|||M|||50|,,,,,Ghost
|inactive|Battle timer is ON: inactive players will automatically lose when time's up. (requested by Schroombert)
|
|t:|1756492101
|teamsize|p1|4
|teamsize|p2|4
|start
|switch|p1a: Whimsicott|Whimsicott, L50, F, shiny|100/100
|switch|p1b: Gholdengo|Gholdengo, L50|100/100
|switch|p2a: Maushold|Maushold-Four, L50|100/100
|switch|p2b: Annihilape|Annihilape, L50, F|100/100
|turn|1
|
|t:|1756492119
|-terastallize|p1b: Gholdengo|Steel
|move|p2b: Annihilape|Protect|p2b: Annihilape
|-singleturn|p2b: Annihilape|Protect
|move|p1a: Whimsicott|Tailwind|p1a: Whimsicott
|-sidestart|p1: Schroombert|move: Tailwind
|move|p1b: Gholdengo|Make It Rain|p2b: Annihilape|[spread] p2a
|-activate|p2b: Annihilape|move: Protect
|-damage|p2a: Maushold|0 fnt
|-unboost|p1b: Gholdengo|spa|1
|faint|p2a: Maushold
|
|upkeep
|
|t:|1756492141
|switch|p2a: Basculegion|Basculegion, L50, M|100/100
|turn|2
|inactive|ScarletHunter22 has 30 seconds left.
|inactive|ScarletHunter22 has 20 seconds left.
|inactive|ScarletHunter22 has 15 seconds left.
|inactive|ScarletHunter22 has 10 seconds left.
|
|t:|1756492190
|switch|p1b: Dragonite|Dragonite, L50, M, shiny|100/100
|switch|p2b: Pelipper|Pelipper, L50, M|100/100
|-weather|RainDance|[from] ability: Drizzle|[of] p2b: Pelipper
|-terastallize|p2a: Basculegion|Water
|move|p1a: Whimsicott|Encore||[still]
|-fail|p1a: Whimsicott
|move|p2a: Basculegion|Wave Crash|p1b: Dragonite
|-resisted|p1b: Dragonite
|-damage|p1b: Dragonite|0 fnt
|faint|p1b: Dragonite
|-damage|p2a: Basculegion|72/100|[from] Recoil
|
|-weather|RainDance|[upkeep]
|upkeep
|
|t:|1756492205
|switch|p1b: Gholdengo|Gholdengo, L50, tera:Steel|100/100
|turn|3
|
|t:|1756492223
|move|p1a: Whimsicott|Moonblast|p2a: Basculegion
|-damage|p2a: Basculegion|31/100
|-unboost|p2a: Basculegion|spa|1
|move|p1b: Gholdengo|Shadow Ball|p2a: Basculegion
|-damage|p2a: Basculegion|0 fnt
|faint|p2a: Basculegion
|move|p2b: Pelipper|Hurricane|p1a: Whimsicott
|-supereffective|p1a: Whimsicott
|-enditem|p1a: Whimsicott|Focus Sash
|-damage|p1a: Whimsicott|1/100
|
|-weather|RainDance|[upkeep]
|upkeep
|
|t:|1756492236
|switch|p2a: Annihilape|Annihilape, L50, F|100/100
|turn|4
|
|t:|1756492247
|move|p1a: Whimsicott|Protect|p1a: Whimsicott
|-singleturn|p1a: Whimsicott|Protect
|move|p2a: Annihilape|Protect|p2a: Annihilape
|-singleturn|p2a: Annihilape|Protect
|move|p1b: Gholdengo|Shadow Ball|p2a: Annihilape
|-activate|p2a: Annihilape|move: Protect
|move|p2b: Pelipper|Hurricane|p1a: Whimsicott
|-activate|p1a: Whimsicott|move: Protect
|
|-weather|RainDance|[upkeep]
|-sideend|p1: Schroombert|move: Tailwind
|upkeep
|turn|5
|inactive|ScarletHunter22 has 30 seconds left.
|inactive|ScarletHunter22 has 20 seconds left.
|inactive|ScarletHunter22 has 15 seconds left.
|
|t:|1756492288
|move|p1a: Whimsicott|Encore|p2a: Annihilape
|-start|p2a: Annihilape|Encore
|move|p2a: Annihilape|Protect||[still]
|-fail|p2a: Annihilape
|move|p1b: Gholdengo|Shadow Ball|p2a: Annihilape
|-supereffective|p2a: Annihilape
|-damage|p2a: Annihilape|0 fnt
|faint|p2a: Annihilape
|move|p2b: Pelipper|Hurricane|p1a: Whimsicott
|-supereffective|p1a: Whimsicott
|-damage|p1a: Whimsicott|0 fnt
|faint|p1a: Whimsicott
|
|-weather|RainDance|[upkeep]
|upkeep
|
|t:|1756492302
|switch|p1a: Garchomp|Garchomp, L50, M, shiny|100/100
|turn|6
|
|t:|1756492315
|move|p1a: Garchomp|Dragon Claw|p2b: Pelipper
|-damage|p2b: Pelipper|29/100
|-damage|p1a: Garchomp|91/100|[from] item: Life Orb
|move|p1b: Gholdengo|Shadow Ball|p2b: Pelipper
|-damage|p2b: Pelipper|0 fnt
|faint|p2b: Pelipper
|
|win|Schroombert
|inactive|Schroombert has 30 seconds to confirm battle start!
|inactive|ScarletHunter22 has 30 seconds to confirm battle start!
