|j|☆new mental
|j|☆KKirby
|html|new mentalKKirby    
|uhtml|bestof|Game 1 of a best-of-3
|t:|1786130204
|gametype|doubles
|player|p1|new mental|volkner|1160
|player|p2|KKirby|benga|1220
|gen|9
|tier|[Gen 9 Champions] VGC 2026 Reg M-B (Bo3)
|rated|
|rule|Species Clause: Limit one of each Pokémon
|rule|Item Clause: Limit 1 of each item
|clearpoke
|poke|p1|Charizard, L50, F|
|poke|p1|Garchomp, L50, F|
|poke|p1|Incineroar, L50, M|
|poke|p1|Venusaur, L50, M|
|poke|p1|Toxapex, L50, M|
|poke|p1|Sylveon, L50, M|
|poke|p2|Aerodactyl, L50, F|
|poke|p2|Gholdengo, L50|
|poke|p2|Garchomp, L50, F|
|poke|p2|Incineroar, L50, M|
|poke|p2|Farigiraf, L50, M|
|poke|p2|Crabominable, L50, F|
|teampreview|4
|showteam|p1|Charizard||CharizarditeY|Blaze|WeatherBall,HeatWave,AncientPower,Protect|Modest||F|||50|]Garchomp||ChoiceScarf|RoughSkin|RockSlide,DragonClaw,Earthquake,StompingTantrum|Adamant||F|||50|]Incineroar||SitrusBerry|Intimidate|FlareBlitz,FakeOut,DarkestLariat,PartingShot|Impish||M|||50|]Venusaur||LifeOrb|Chlorophyll|SludgeBomb,LeafStorm,EarthPower,Protect|Modest||M|||50|]Toxapex||Leftovers|Regenerator|Infestation,Toxic,WideGuard,BanefulBunker|Bold||M|||50|]Sylveon||FairyFeather|Pixilate|HyperVoice,QuickAttack,Yawn,Detect|Modest||M|||50|
|showteam|p2|Aerodactyl||Aerodactylite|RockHead|RockSlide,IceFang,DualWingbeat,Tailwind|Jolly||F|||50|]Gholdengo||ColburBerry|GoodasGold|NastyPlot,ShadowBall,MakeItRain,Protect|Modest|||||50|]Garchomp||LifeOrb|RoughSkin|StompingTantrum,DragonClaw,Earthquake,Protect|Jolly||F|||50|]Incineroar||Charcoal|Intimidate|FakeOut,FlareBlitz,ThroatChop,PartingShot|Adamant||M|||50|]Farigiraf||SitrusBerry|ArmorTail|HyperVoice,Thunderbolt,TrickRoom,Protect|Quiet||M|||50|]Crabominable||Crabominite|IronFist|DrainPunch,IceHammer,MachPunch,Protect|Brave||F|||50|
|inactive|Battle timer is ON: inactive players will automatically lose when time's up. (requested by KKirby)
|inactive|new mental has 60 seconds left.
|inactive|KKirby has 60 seconds left.
|
|t:|1786130261
|teamsize|p1|4
|teamsize|p2|4
|start
|switch|p1a: Charizard|Charizard, L50, F|100/100
|switch|p1b: Toxapex|Toxapex, L50, M|100/100
|switch|p2a: Aerodactyl|Aerodactyl, L50, F|100/100
|switch|p2b: Incineroar|Incineroar, L50, M|100/100
|-ability|p2b: Incineroar|Intimidate|boost
|-unboost|p1a: Charizard|atk|1
|-unboost|p1b: Toxapex|atk|1
|turn|1
|inactive|KKirby has 30 seconds left.
|
|t:|1786130289
|switch|p1a: Incineroar|Incineroar, L50, M|100/100
|-ability|p1a: Incineroar|Intimidate|boost
|-unboost|p2a: Aerodactyl|atk|1
|-unboost|p2b: Incineroar|atk|1
|detailschange|p2a: Aerodactyl|Aerodactyl-Mega, L50, F
|-mega|p2a: Aerodactyl|Aerodactyl|Aerodactylite
|move|p2b: Incineroar|Fake Out|p1b: Toxapex
|-damage|p1b: Toxapex|93/100
|move|p2a: Aerodactyl|Dual Wingbeat|p1a: Incineroar
|-damage|p1a: Incineroar|84/100
|-damage|p1a: Incineroar|71/100
|-hitcount|p1a: Incineroar|2
|cant|p1b: Toxapex|flinch
|
|-heal|p1b: Toxapex|99/100|[from] item: Leftovers
|upkeep
|turn|2
|inactive|KKirby has 30 seconds left.
|
|t:|1786130315
|switch|p2a: Garchomp|Garchomp, L50, F|100/100
|move|p1a: Incineroar|Fake Out|p2b: Incineroar
|-damage|p2b: Incineroar|88/100
|cant|p2b: Incineroar|flinch
|move|p1b: Toxapex|Toxic|p2a: Garchomp
|-status|p2a: Garchomp|tox
|
|-heal|p1b: Toxapex|100/100|[from] item: Leftovers
|-damage|p2a: Garchomp|93/100 tox|[from] psn
|upkeep
|turn|3
|inactive|KKirby has 30 seconds left.
|inactive|KKirby has 20 seconds left.
|
|t:|1786130354
|switch|p2b: Aerodactyl|Aerodactyl-Mega, L50, F|100/100
|move|p1b: Toxapex|Wide Guard|p1b: Toxapex
|-singleturn|p1b: Toxapex|Wide Guard
|move|p2a: Garchomp|Stomping Tantrum|p1a: Incineroar
|-supereffective|p1a: Incineroar|1
|-damage|p1a: Incineroar|0 fnt
|faint|p1a: Incineroar
|-damage|p2a: Garchomp|84/100 tox|[from] item: Life Orb
|
|-damage|p2a: Garchomp|72/100 tox|[from] psn
|upkeep
|inactive|new mental has 30 seconds left.
|inactive|new mental has 20 seconds left.
|inactive|new mental has 15 seconds left.
|inactive|new mental has 10 seconds left.
|
|t:|1786130400
|switch|p1a: Sylveon|Sylveon, L50, M|100/100
|turn|4
|inactive|KKirby has 30 seconds left.
|
|t:|1786130433
|switch|p2a: Gholdengo|Gholdengo, L50|100/100
|move|p1b: Toxapex|Wide Guard|p1b: Toxapex
|-singleturn|p1b: Toxapex|Wide Guard
|move|p2b: Aerodactyl|Dual Wingbeat|p1a: Sylveon
|-damage|p1a: Sylveon|70/100
|-damage|p1a: Sylveon|41/100
|-hitcount|p1a: Sylveon|2
|move|p1a: Sylveon|Hyper Voice|p2b: Aerodactyl|[spread] p2a,p2b
|-resisted|p2a: Gholdengo|1
|-damage|p2a: Gholdengo|76/100
|-damage|p2b: Aerodactyl|46/100
|
|upkeep
|turn|5
|inactive|KKirby has 30 seconds left.
|
|t:|1786130463
|move|p1a: Sylveon|Detect|p1a: Sylveon
|-singleturn|p1a: Sylveon|Protect
|move|p2b: Aerodactyl|Tailwind|p2b: Aerodactyl
|-sidestart|p2: KKirby|move: Tailwind
|move|p2a: Gholdengo|Nasty Plot|p2a: Gholdengo
|-boost|p2a: Gholdengo|spa|2
|move|p1b: Toxapex|Infestation|p2a: Gholdengo
|-resisted|p2a: Gholdengo|2
|-damage|p2a: Gholdengo|75/100
|-activate|p2a: Gholdengo|move: Infestation|[of] p1b: Toxapex
|
|-damage|p2a: Gholdengo|63/100|[from] move: Infestation|[partiallytrapped]
|upkeep
|turn|6
|
|t:|1786130477
|move|p1a: Sylveon|Quick Attack|p2b: Aerodactyl
|-damage|p2b: Aerodactyl|29/100
|move|p2b: Aerodactyl|Dual Wingbeat|p1a: Sylveon
|-damage|p1a: Sylveon|14/100
|-damage|p1a: Sylveon|0 fnt
|faint|p1a: Sylveon
|-hitcount|p1: Sylveon|2
|move|p2a: Gholdengo|Shadow Ball|p1b: Toxapex
|-damage|p1b: Toxapex|26/100
|move|p1b: Toxapex|Infestation|p2b: Aerodactyl
|-resisted|p2b: Aerodactyl|1
|-damage|p2b: Aerodactyl|27/100
|-activate|p2b: Aerodactyl|move: Infestation|[of] p1b: Toxapex
|
|-heal|p1b: Toxapex|32/100|[from] item: Leftovers
|-damage|p2b: Aerodactyl|15/100|[from] move: Infestation|[partiallytrapped]
|-damage|p2a: Gholdengo|51/100|[from] move: Infestation|[partiallytrapped]
|upkeep
|
|t:|1786130488
|switch|p1a: Charizard|Charizard, L50, F|100/100
|turn|7
|
|t:|1786130495
|detailschange|p1a: Charizard|Charizard-Mega-Y, L50, F
|-mega|p1a: Charizard|Charizard|Charizardite Y
|-weather|SunnyDay|[from] ability: Drought|[of] p1a: Charizard
|move|p1b: Toxapex|Wide Guard|p1b: Toxapex
|-singleturn|p1b: Toxapex|Wide Guard
|move|p2b: Aerodactyl|Dual Wingbeat|p1a: Charizard|[miss]
|-miss|p2b: Aerodactyl|p1a: Charizard
|move|p2a: Gholdengo|Shadow Ball|p1a: Charizard
|-damage|p1a: Charizard|15/100
|move|p1a: Charizard|Heat Wave|p2a: Gholdengo|[spread] p2a
|-miss|p1a: Charizard|p2b: Aerodactyl
|-supereffective|p2a: Gholdengo|1
|-damage|p2a: Gholdengo|0 fnt
|faint|p2a: Gholdengo
|
|-weather|SunnyDay|[upkeep]
|-heal|p1b: Toxapex|38/100|[from] item: Leftovers
|-damage|p2b: Aerodactyl|3/100|[from] move: Infestation|[partiallytrapped]
|upkeep
|
|t:|1786130512
|switch|p2a: Garchomp|Garchomp, L50, F|72/100 tox
|turn|8
|
|t:|1786130521
|move|p1a: Charizard|Protect|p1a: Charizard
|-singleturn|p1a: Charizard|Protect
|move|p2b: Aerodactyl|Ice Fang|p1a: Charizard
|-activate|p1a: Charizard|move: Protect
|move|p2a: Garchomp|Stomping Tantrum|p1b: Toxapex
|-supereffective|p1b: Toxapex|1
|-damage|p1b: Toxapex|0 fnt
|faint|p1b: Toxapex
|-damage|p2a: Garchomp|62/100 tox|[from] item: Life Orb
|
|-weather|SunnyDay|[upkeep]
|-damage|p2a: Garchomp|56/100 tox|[from] psn
|-end|p2b: Aerodactyl|Infestation|[partiallytrapped]|[silent]
|-sideend|p2: KKirby|move: Tailwind
|upkeep
|turn|9
|
|t:|1786130529
|move|p2b: Aerodactyl|Ice Fang|p1a: Charizard
|-damage|p1a: Charizard|0 fnt
|faint|p1a: Charizard
|
|win|KKirby
