|j|☆Onyak
|j|☆Quill86
|html|OnyakQuill86    
|uhtml|bestof|Game 3 of a best-of-3
|t:|1757646444
|gametype|doubles
|player|p1|Onyak|maid|1035
|player|p2|Quill86|lucas|1166
|gen|9
|tier|[Gen 9] VGC 2025 Reg H (Bo3)
|rated|
|rule|Species Clause: Limit one of each Pokémon
|rule|Item Clause: Limit 1 of each item
|clearpoke
|poke|p1|Malamar, L50, F|
|poke|p1|Sneasler, L50, M|
|poke|p1|Dragonite, L50, M|
|poke|p1|Ceruledge, L50, F|
|poke|p1|Electabuzz, L50, M|
|poke|p1|Rillaboom, L50, M|
|poke|p2|Incineroar, L50, F|
|poke|p2|Gholdengo, L50|
|poke|p2|Ursaluna-Bloodmoon, L50, M|
|poke|p2|Indeedee-F, L50, F|
|poke|p2|Gallade, L50, M|
|poke|p2|Torkoal, L50, F|
|teampreview|4
|showteam|p1|Malamar||SafetyGoggles|Contrary|Superpower,Protect,PsychoCut,BatonPass|||F|||50|,,,,,Fighting]Sneasler||GrassySeed|Unburden|FakeOut,DireClaw,Protect,CloseCombat|||M|||50|,,,,,Bug]Dragonite||LifeOrb|Multiscale|ExtremeSpeed,ScaleShot,Protect,Tailwind|||M|||50|,,,,,Normal]Ceruledge||FocusSash|FlashFire|BitterBlade,PhantomForce,ShadowSneak,SwordsDance|||F|||50|,,,,,Fire]Electabuzz||Eviolite|VitalSpirit|ThunderWave,Protect,FollowMe,Electroweb|||M|||50|,,,,,Ghost]Rillaboom||AssaultVest|GrassySurge|FakeOut,GrassyGlide,WoodHammer,DoubleEdge|||M|||50|,,,,,Flying
|showteam|p2|Incineroar||SafetyGoggles|Intimidate|FakeOut,FlareBlitz,KnockOff,PartingShot|||F|||50|,,,,,Ghost]Gholdengo||SitrusBerry|GoodasGold|MakeItRain,ShadowBall,NastyPlot,Protect||||||50|,,,,,Water]Ursaluna-Bloodmoon||LifeOrb|MindsEye|BloodMoon,HyperVoice,EarthPower,Protect|||M|||50|,,,,,Normal]Indeedee-F||PsychicSeed|PsychicSurge|FollowMe,TrickRoom,HelpingHand,DazzlingGleam|||F|||50|,,,,,Fairy]Gallade||ClearAmulet|Sharpness|SacredSword,PsychoCut,LeafBlade,TrickRoom|||M|||50|,,,,,Grass]Torkoal||Leftovers|Drought|Eruption,WeatherBall,Yawn,Protect|||F|||50|,,,,,Fire
|inactive|Battle timer is ON: inactive players will automatically lose when time's up. (requested by Quill86)
|
|t:|1757646462
|teamsize|p1|4
|teamsize|p2|4
|start
|switch|p1a: MEGAMIND|Malamar, L50, F|100/100
|switch|p1b: Vegeta|Sneasler, L50, M, shiny|100/100
|switch|p2a: Indeedee|Indeedee-F, L50, F|100/100
|switch|p2b: Gallade|Gallade, L50, M|100/100
|-fieldstart|move: Psychic Terrain|[from] ability: Psychic Surge|[of] p2a: Indeedee
|-enditem|p2a: Indeedee|Psychic Seed
|-boost|p2a: Indeedee|spd|1|[from] item: Psychic Seed
|turn|1
|
|t:|1757646482
|switch|p1b: DK|Rillaboom, L50, M, shiny|100/100
|-fieldstart|move: Grassy Terrain|[from] ability: Grassy Surge|[of] p1b: DK
|move|p1a: MEGAMIND|Superpower|p2b: Gallade
|-resisted|p2b: Gallade
|-damage|p2b: Gallade|78/100
|-boost|p1a: MEGAMIND|atk|1
|-boost|p1a: MEGAMIND|def|1
|move|p2b: Gallade|Psycho Cut|p1b: DK
|-damage|p1b: DK|47/100
|move|p2a: Indeedee|Trick Room|p2a: Indeedee
|-fieldstart|move: Trick Room|[of] p2a: Indeedee
|
|-heal|p2b: Gallade|84/100|[from] Grassy Terrain
|-heal|p1b: DK|53/100|[from] Grassy Terrain
|upkeep
|turn|2
|inactive|Onyak has 30 seconds left.
|
|t:|1757646508
|switch|p2b: Ursaluna|Ursaluna-Bloodmoon, L50, M|100/100
|switch|p2a: Incineroar|Incineroar, L50, F|100/100
|-ability|p2a: Incineroar|Intimidate|boost
|-boost|p1a: MEGAMIND|atk|1
|-unboost|p1b: DK|atk|1
|move|p1a: MEGAMIND|Superpower|p2b: Ursaluna
|-supereffective|p2b: Ursaluna
|-damage|p2b: Ursaluna|10/100
|-boost|p1a: MEGAMIND|atk|1
|-boost|p1a: MEGAMIND|def|1
|move|p1b: DK|Wood Hammer|p2a: Incineroar
|-resisted|p2a: Incineroar
|-damage|p2a: Incineroar|83/100
|-damage|p1b: DK|47/100|[from] Recoil
|
|-heal|p2b: Ursaluna|15/100|[from] Grassy Terrain
|-heal|p2a: Incineroar|89/100|[from] Grassy Terrain
|-heal|p1b: DK|53/100|[from] Grassy Terrain
|upkeep
|turn|3
|inactive|Onyak has 30 seconds left.
|
|t:|1757646536
|switch|p2a: Indeedee|Indeedee-F, L50, F|100/100
|-fieldstart|move: Psychic Terrain|[from] ability: Psychic Surge|[of] p2a: Indeedee
|-terastallize|p1b: DK|Flying
|move|p1a: MEGAMIND|Protect|p1a: MEGAMIND
|-singleturn|p1a: MEGAMIND|Protect
|move|p2b: Ursaluna|Hyper Voice|p1b: DK|[spread] p1b
|-activate|p1a: MEGAMIND|move: Protect
|-crit|p1b: DK
|-damage|p1b: DK|0 fnt
|faint|p1b: DK
|-damage|p2b: Ursaluna|5/100|[from] item: Life Orb
|
|upkeep
|
|t:|1757646551
|switch|p1b: Roaring Knight|Ceruledge, L50, F, shiny|100/100
|turn|4
|
|t:|1757646571
|move|p2a: Indeedee|Helping Hand|p2b: Ursaluna
|-singleturn|p2b: Ursaluna|Helping Hand|[of] p2a: Indeedee
|move|p2b: Ursaluna|Blood Moon|p1a: MEGAMIND
|-damage|p1a: MEGAMIND|0 fnt
|faint|p1a: MEGAMIND
|-damage|p2b: Ursaluna|0 fnt|[from] item: Life Orb
|faint|p2b: Ursaluna
|move|p1b: Roaring Knight|Bitter Blade|p2a: Indeedee
|-damage|p2a: Indeedee|60/100
|
|upkeep
|
|t:|1757646588
|switch|p2b: Incineroar|Incineroar, L50, F|89/100
|switch|p1a: Vegeta|Sneasler, L50, M, shiny|100/100
|-ability|p2b: Incineroar|Intimidate|boost
|-unboost|p1a: Vegeta|atk|1
|-unboost|p1b: Roaring Knight|atk|1
|turn|5
|
|t:|1757646604
|move|p2b: Incineroar|Knock Off|p1b: Roaring Knight
|-supereffective|p1b: Roaring Knight
|-enditem|p1b: Roaring Knight|Focus Sash
|-damage|p1b: Roaring Knight|1/100
|move|p2a: Indeedee|Dazzling Gleam|p1b: Roaring Knight|[spread] p1a,p1b
|-resisted|p1b: Roaring Knight
|-damage|p1a: Vegeta|84/100
|-damage|p1b: Roaring Knight|0 fnt
|faint|p1b: Roaring Knight
|move|p1a: Vegeta|Close Combat|p2b: Incineroar
|-supereffective|p2b: Incineroar
|-damage|p2b: Incineroar|29/100
|-unboost|p1a: Vegeta|def|1
|-unboost|p1a: Vegeta|spd|1
|
|-fieldend|move: Trick Room
|upkeep
|turn|6
|
|t:|1757646620
|-terastallize|p2b: Incineroar|Ghost
|move|p1a: Vegeta|Close Combat|p2b: Incineroar
|-immune|p2b: Incineroar
|move|p2a: Indeedee|Dazzling Gleam|p1a: Vegeta
|-crit|p1a: Vegeta
|-damage|p1a: Vegeta|30/100
|move|p2b: Incineroar|Flare Blitz|p1a: Vegeta
|-damage|p1a: Vegeta|0 fnt
|faint|p1a: Vegeta
|-damage|p2b: Incineroar|22/100|[from] Recoil
|
|win|Quill86
|raw|Onyak's rating: 1035 → 1025(-10 for losing)
|raw|Quill86's rating: 1166 → 1182(+16 for winning)
|l|☆Onyak
|player|p1|
