|j|☆rolandruina
|j|☆SercioDaniel
|html|rolandruinaSercioDaniel    
|uhtml|bestof|Game 2 of a best-of-3
|t:|1782683105
|gametype|doubles
|player|p1|rolandruina|265|1143
|player|p2|SercioDaniel|1|1039
|gen|9
|tier|[Gen 9 Champions] VGC 2026 Reg M-B (Bo3)
|rated|
|rule|Species Clause: Limit one of each Pokémon
|rule|Item Clause: Limit 1 of each item
|clearpoke
|poke|p1|Swampert, L50, F|
|poke|p1|Metagross, L50|
|poke|p1|Archaludon, L50, M|
|poke|p1|Grimmsnarl, L50, M|
|poke|p1|Pelipper, L50, F|
|poke|p1|Sinistcha, L50|
|poke|p2|Kingambit, L50, M|
|poke|p2|Aerodactyl, L50, M|
|poke|p2|Charizard, L50, M|
|poke|p2|Sylveon, L50, F|
|poke|p2|Farigiraf, L50, F|
|poke|p2|Garchomp, L50, M|
|teampreview|4
|showteam|p1|Swampert||Swampertite|Damp|WaveCrash,HighHorsepower,IcePunch,Protect|Adamant||F|||50|]Metagross||Metagrossite|ClearBody|IronHead,PsychicFangs,BodyPress,Protect|Jolly|||||50|]Archaludon||Leftovers|Stamina|DragonPulse,FlashCannon,ElectroShot,Protect|Calm||M|||50|]Grimmsnarl||LightClay|Prankster|FoulPlay,PartingShot,LightScreen,Reflect|Calm||M|||50|]Pelipper||FocusSash|Drizzle|Hurricane,WeatherBall,Tailwind,Protect|Modest||F|||50|]Sinistcha||KasibBerry|Hospitality|MatchaGotcha,RagePowder,LifeDew,TrickRoom|Bold|||||50|
|showteam|p2|Kingambit||FocusSash|Defiant|KowtowCleave,IronHead,SuckerPunch,LowKick|Adamant||M|||50|]Aerodactyl||Aerodactylite|RockHead|RockSlide,DualWingbeat,Tailwind,IceFang|Jolly||M|||50|]Charizard||CharizarditeY|Blaze|Protect,HeatWave,SolarBeam,WeatherBall|Timid||M|||50|]Sylveon||FairyFeather|Pixilate|Protect,HyperVoice,HyperBeam,QuickAttack|Sassy||F|||50|]Farigiraf||SitrusBerry|ArmorTail|TwinBeam,Thunderbolt,TrickRoom,GrassKnot|Quiet||F|||50|]Garchomp||LifeOrb|RoughSkin|Protect,StompingTantrum,DragonClaw,Earthquake|Jolly||M|||50|
|inactive|Battle timer is ON: inactive players will automatically lose when time's up. (requested by rolandruina)
|inactive|rolandruina has 60 seconds left.
|
|t:|1782683151
|teamsize|p1|4
|teamsize|p2|4
|start
|switch|p1a: Swampert|Swampert, L50, F|100/100
|switch|p1b: Grimmsnarl|Grimmsnarl, L50, M|100/100
|switch|p2a: Charizard|Charizard, L50, M|100/100
|switch|p2b: Farigiraf|Farigiraf, L50, F|100/100
|turn|1
|inactive|SercioDaniel has 30 seconds left.
|inactive|SercioDaniel has 20 seconds left.
|inactive|SercioDaniel has 15 seconds left.
|inactive|SercioDaniel has 10 seconds left.
|inactive|SercioDaniel has 5 seconds left.
|
|t:|1782683203
|detailschange|p2a: Charizard|Charizard-Mega-Y, L50, M
|-mega|p2a: Charizard|Charizard|Charizardite Y
|-weather|SunnyDay|[from] ability: Drought|[of] p2a: Charizard
|detailschange|p1a: Swampert|Swampert-Mega, L50, F
|-mega|p1a: Swampert|Swampert|Swampertite
|move|p1a: Swampert|Protect|p1a: Swampert
|-singleturn|p1a: Swampert|Protect
|move|p2a: Charizard|Weather Ball|p1b: Grimmsnarl
|-damage|p1b: Grimmsnarl|22/100
|move|p1b: Grimmsnarl|Foul Play|p2b: Farigiraf
|-supereffective|p2b: Farigiraf|1
|-damage|p2b: Farigiraf|33/100
|-enditem|p2b: Farigiraf|Sitrus Berry|[eat]
|-heal|p2b: Farigiraf|57/100|[from] item: Sitrus Berry
|move|p2b: Farigiraf|Grass Knot|p1a: Swampert
|-activate|p1a: Swampert|move: Protect
|
|-weather|SunnyDay|[upkeep]
|upkeep
|turn|2
|
|t:|1782683224
|switch|p1b: Pelipper|Pelipper, L50, F|100/100
|-weather|RainDance|[from] ability: Drizzle|[of] p1b: Pelipper
|move|p1a: Swampert|Wave Crash|p2b: Farigiraf
|-damage|p2b: Farigiraf|0 fnt
|faint|p2b: Farigiraf
|-damage|p1a: Swampert|75/100|[from] Recoil
|move|p2a: Charizard|Weather Ball|p1b: Pelipper
|-resisted|p1b: Pelipper|1
|-damage|p1b: Pelipper|43/100
|
|-weather|RainDance|[upkeep]
|upkeep
|
|t:|1782683234
|switch|p2b: Sylveon|Sylveon, L50, F|100/100
|turn|3
|
|t:|1782683245
|switch|p2a: Kingambit|Kingambit, L50, M|100/100
|move|p1a: Swampert|Wave Crash|p2b: Sylveon
|-damage|p2b: Sylveon|0 fnt
|faint|p2b: Sylveon
|-damage|p1a: Swampert|37/100|[from] Recoil
|move|p1b: Pelipper|Tailwind|p1b: Pelipper
|-sidestart|p1: rolandruina|move: Tailwind
|
|-weather|RainDance|[upkeep]
|upkeep
|
|t:|1782683259
|switch|p2b: Charizard|Charizard-Mega-Y, L50, M|100/100
|-weather|SunnyDay|[from] ability: Drought|[of] p2b: Charizard
|turn|4
|
|t:|1782683273
|switch|p1b: Grimmsnarl|Grimmsnarl, L50, M|22/100
|move|p1a: Swampert|Protect|p1a: Swampert
|-singleturn|p1a: Swampert|Protect
|move|p2b: Charizard|Solar Beam||[still]
|-prepare|p2b: Charizard|Solar Beam
|-anim|p2b: Charizard|Solar Beam|p1a: Swampert
|-activate|p1a: Swampert|move: Protect
|move|p2a: Kingambit|Kowtow Cleave|p1b: Grimmsnarl
|-resisted|p1b: Grimmsnarl|2
|-damage|p1b: Grimmsnarl|8/100
|
|-weather|SunnyDay|[upkeep]
|upkeep
|turn|5
|
|t:|1782683288
|move|p1b: Grimmsnarl|Parting Shot|p2b: Charizard
|-unboost|p2b: Charizard|atk|1
|-unboost|p2b: Charizard|spa|1
|
|t:|1782683289
|switch|p1b: Pelipper|Pelipper, L50, F|43/100|[from] Parting Shot
|-weather|RainDance|[from] ability: Drizzle|[of] p1b: Pelipper
|move|p1a: Swampert|High Horsepower|p2a: Kingambit
|-supereffective|p2a: Kingambit|1
|-damage|p2a: Kingambit|9/100
|move|p2b: Charizard|Weather Ball|p1b: Pelipper
|-resisted|p1b: Pelipper|1
|-damage|p1b: Pelipper|8/100
|move|p2a: Kingambit|Kowtow Cleave|p1a: Swampert
|-damage|p1a: Swampert|0 fnt
|faint|p1a: Swampert
|
|-weather|RainDance|[upkeep]
|upkeep
|
|t:|1782683295
|switch|p1a: Archaludon|Archaludon, L50, M|100/100
|turn|6
|
|t:|1782683307
|move|p1a: Archaludon|Electro Shot||[still]
|-prepare|p1a: Archaludon|Electro Shot
|-boost|p1a: Archaludon|spa|1
|-anim|p1a: Archaludon|Electro Shot|p2a: Kingambit
|-damage|p2a: Kingambit|0 fnt
|faint|p2a: Kingambit
|move|p1b: Pelipper|Weather Ball|p2b: Charizard
|-supereffective|p2b: Charizard|1
|-crit|p2b: Charizard
|-damage|p2b: Charizard|0 fnt
|faint|p2b: Charizard
|
|win|rolandruina
|raw|rolandruina's rating: 1143 → 1161(+18 for winning)
|raw|SercioDaniel's rating: 1039 → 1028(-11 for losing)
|l|☆SercioDaniel
|player|p2|
