|j|☆Zero_BlazeVGC
|j|☆Oreo_Stars
|html|Zero_BlazeVGCOreo_Stars    
|uhtml|bestof|Game 2 of a best-of-3
|t:|1754788141
|gametype|doubles
|player|p1|Zero_BlazeVGC|flint|1294
|player|p2|Oreo_Stars|1|1230
|gen|9
|tier|[Gen 9] VGC 2025 Reg H (Bo3)
|rated|
|rule|Species Clause: Limit one of each Pokémon
|rule|Item Clause: Limit 1 of each item
|clearpoke
|poke|p1|Gholdengo, L50|
|poke|p1|Pelipper, L50, M|
|poke|p1|Basculegion, L50, M|
|poke|p1|Amoonguss, L50, F|
|poke|p1|Archaludon, L50, M|
|poke|p1|Incineroar, L50, M|
|poke|p2|Indeedee, L50, M|
|poke|p2|Sneasler, L50, M|
|poke|p2|Ursaluna-Bloodmoon, L50, M|
|poke|p2|Dragonite, L50, M|
|poke|p2|Incineroar, L50, F|
|poke|p2|Archaludon, L50, F|
|teampreview|4
|showteam|p1|Gholdengo||LifeOrb|GoodasGold|Protect,NastyPlot,MakeItRain,ShadowBall||||||50|,,,,,Water]Pelipper||FocusSash|Drizzle|Protect,Tailwind,WeatherBall,Hurricane|||M|||50|,,,,,Stellar]Basculegion||ChoiceBand|SwiftSwim|AquaJet,WaveCrash,FlipTurn,LastRespects|||M|||50|,,,,,Fairy]Amoonguss||SitrusBerry|Regenerator|PollenPuff,Spore,RagePowder,Protect|||F|||50|,,,,,Fairy]Archaludon||AssaultVest|Stamina|ElectroShot,Snarl,FlashCannon,BodyPress|||M|||50|,,,,,Bug]Incineroar||SafetyGoggles|Intimidate|FakeOut,KnockOff,PartingShot,Taunt|||M|||50|,,,,,Ghost
|showteam|p2|Indeedee||FocusSash|PsychicSurge|ExpandingForce,ShadowBall,TrickRoom,Protect|||M|||50|,,,,,Stellar]Sneasler||PsychicSeed|Unburden|Protect,DireClaw,CloseCombat,ThroatChop|||M|||50|,,,,,Dark]Ursaluna-Bloodmoon||LifeOrb|MindsEye|Protect,BloodMoon,HyperVoice,EarthPower|||M|||50|,,,,,Normal]Dragonite||LoadedDice|Multiscale|Protect,Tailwind,ScaleShot,StompingTantrum|||M|||50|,,,,,Fairy]Incineroar||AssaultVest|Intimidate|FakeOut,FlareBlitz,KnockOff,Uturn|||F|||50|,,,,,Ghost]Archaludon||PowerHerb|Sturdy|ElectroShot,DracoMeteor,Snarl,Protect|||F|||50|,,,,,Electric
|inactive|Battle timer is ON: inactive players will automatically lose when time's up. (requested by Oreo_Stars)
|
|t:|1754788158
|teamsize|p1|4
|teamsize|p2|4
|start
|switch|p1a: Omega|Gholdengo, L50|100/100
|switch|p1b: Incineroar|Incineroar, L50, M, shiny|100/100
|switch|p2a: Indeedee|Indeedee, L50, M|100/100
|switch|p2b: Sneasler|Sneasler, L50, M|100/100
|-fieldstart|move: Psychic Terrain|[from] ability: Psychic Surge|[of] p2a: Indeedee
|-enditem|p2b: Sneasler|Psychic Seed
|-boost|p2b: Sneasler|spd|1|[from] item: Psychic Seed
|-ability|p1b: Incineroar|Intimidate|boost
|-unboost|p2a: Indeedee|atk|1
|-unboost|p2b: Sneasler|atk|1
|turn|1
|inactive|Zero_BlazeVGC has 30 seconds left.
|inactive|Zero_BlazeVGC has 20 seconds left.
|inactive|Zero_BlazeVGC has 15 seconds left.
|inactive|Oreo_Stars has 30 seconds left.
|
|t:|1754788200
|-terastallize|p1b: Incineroar|Ghost
|move|p2b: Sneasler|Protect|p2b: Sneasler
|-singleturn|p2b: Sneasler|Protect
|move|p1a: Omega|Make It Rain|p2a: Indeedee|[spread] p2a
|-activate|p2b: Sneasler|move: Protect
|-damage|p2a: Indeedee|8/100
|-unboost|p1a: Omega|spa|1
|-damage|p1a: Omega|91/100|[from] item: Life Orb
|move|p2a: Indeedee|Shadow Ball|p1a: Omega
|-supereffective|p1a: Omega
|-damage|p1a: Omega|31/100
|move|p1b: Incineroar|Knock Off|p2a: Indeedee
|-supereffective|p2a: Indeedee
|-damage|p2a: Indeedee|0 fnt
|-enditem|p2a: Indeedee|Focus Sash|[from] move: Knock Off|[of] p1b: Incineroar
|faint|p2a: Indeedee
|
|upkeep
|
|t:|1754788204
|switch|p2a: Archaludon|Archaludon, L50, F, shiny|100/100
|turn|2
|inactive|Zero_BlazeVGC has 30 seconds left.
|inactive|Zero_BlazeVGC has 20 seconds left.
|inactive|Zero_BlazeVGC has 15 seconds left.
|
|t:|1754788246
|switch|p1a: Metalman|Archaludon, L50, M|100/100
|-terastallize|p2b: Sneasler|Dark
|move|p2b: Sneasler|Throat Chop|p1b: Incineroar
|-supereffective|p1b: Incineroar
|-damage|p1b: Incineroar|43/100
|-start|p1b: Incineroar|Throat Chop|[silent]
|move|p2a: Archaludon|Electro Shot||[still]
|-prepare|p2a: Archaludon|Electro Shot
|-boost|p2a: Archaludon|spa|1
|-enditem|p2a: Archaludon|Power Herb
|-anim|p2a: Archaludon|Electro Shot|p1a: Metalman
|-resisted|p1a: Metalman
|-damage|p1a: Metalman|73/100
|-ability|p1a: Metalman|Stamina|boost
|-boost|p1a: Metalman|def|1
|cant|p1b: Incineroar|move: Throat Chop
|
|upkeep
|turn|3
|
|t:|1754788270
|switch|p1b: Benadryl|Amoonguss, L50, F|100/100
|move|p2b: Sneasler|Close Combat|p1a: Metalman
|-supereffective|p1a: Metalman
|-damage|p1a: Metalman|22/100
|-unboost|p2b: Sneasler|def|1
|-unboost|p2b: Sneasler|spd|1
|-ability|p1a: Metalman|Stamina|boost
|-boost|p1a: Metalman|def|1
|move|p2a: Archaludon|Draco Meteor|p1a: Metalman
|-damage|p1a: Metalman|0 fnt
|-unboost|p2a: Archaludon|spa|2
|faint|p1a: Metalman
|
|upkeep
|
|t:|1754788286
|switch|p1a: Incineroar|Incineroar, L50, M, shiny, tera:Ghost|43/100
|-ability|p1a: Incineroar|Intimidate|boost
|-unboost|p2a: Archaludon|atk|1
|-unboost|p2b: Sneasler|atk|1
|turn|4
|inactive|Zero_BlazeVGC has 30 seconds left.
|inactive|Zero_BlazeVGC has 20 seconds left.
|inactive|Zero_BlazeVGC has 15 seconds left.
|inactive|Zero_BlazeVGC has 10 seconds left.
|
|t:|1754788331
|switch|p2a: Ursaluna|Ursaluna-Bloodmoon, L50, M|100/100
|move|p2b: Sneasler|Throat Chop|p1a: Incineroar
|-supereffective|p1a: Incineroar
|-damage|p1a: Incineroar|1/100
|-start|p1a: Incineroar|Throat Chop|[silent]
|cant|p1a: Incineroar|move: Throat Chop
|move|p1b: Benadryl|Spore|p2b: Sneasler
|-status|p2b: Sneasler|slp|[from] move: Spore
|
|upkeep
|turn|5
|inactive|Zero_BlazeVGC has 30 seconds left.
|
|t:|1754788357
|cant|p2b: Sneasler|slp
|move|p1a: Incineroar|Knock Off|p2a: Ursaluna
|-damage|p2a: Ursaluna|71/100
|-enditem|p2a: Ursaluna|Life Orb|[from] move: Knock Off|[of] p1a: Incineroar
|move|p2a: Ursaluna|Blood Moon|p1b: Benadryl
|-damage|p1b: Benadryl|40/100
|-enditem|p1b: Benadryl|Sitrus Berry|[eat]
|-heal|p1b: Benadryl|65/100|[from] item: Sitrus Berry
|move|p1b: Benadryl|Spore|p2a: Ursaluna
|-status|p2a: Ursaluna|slp|[from] move: Spore
|
|-end|p1a: Incineroar|Throat Chop|[silent]
|-fieldend|move: Psychic Terrain
|upkeep
|turn|6
|
|t:|1754788375
|switch|p1a: Omega|Gholdengo, L50|31/100
|cant|p2b: Sneasler|slp
|cant|p2a: Ursaluna|slp
|move|p1b: Benadryl|Pollen Puff|p1a: Omega
|-heal|p1a: Omega|80/100
|
|upkeep
|turn|7
|
|t:|1754788391
|move|p1b: Benadryl|Rage Powder|p1b: Benadryl
|-singleturn|p1b: Benadryl|move: Rage Powder
|cant|p2b: Sneasler|slp
|move|p1a: Omega|Nasty Plot|p1a: Omega
|-boost|p1a: Omega|spa|2
|-curestatus|p2a: Ursaluna|slp|[msg]
|move|p2a: Ursaluna|Hyper Voice|p1a: Omega|[spread] p1a,p1b
|-resisted|p1a: Omega
|-damage|p1a: Omega|56/100
|-damage|p1b: Benadryl|35/100
|
|upkeep
|turn|8
|
|t:|1754788413
|switch|p1b: Incineroar|Incineroar, L50, M, shiny, tera:Ghost|1/100
|-ability|p1b: Incineroar|Intimidate|boost
|-unboost|p2a: Ursaluna|atk|1
|-unboost|p2b: Sneasler|atk|1
|-curestatus|p2b: Sneasler|slp|[msg]
|move|p2b: Sneasler|Protect|p2b: Sneasler
|-singleturn|p2b: Sneasler|Protect
|move|p1a: Omega|Make It Rain|p2b: Sneasler|[spread] p2a
|-activate|p2b: Sneasler|move: Protect
|-damage|p2a: Ursaluna|0 fnt
|-unboost|p1a: Omega|spa|1
|faint|p2a: Ursaluna
|-damage|p1a: Omega|47/100|[from] item: Life Orb
|
|upkeep
|
|t:|1754788415
|switch|p2a: Archaludon|Archaludon, L50, F, shiny|100/100
|turn|9
|
|t:|1754788439
|move|p1b: Incineroar|Fake Out|p2a: Archaludon
|-resisted|p2a: Archaludon
|-damage|p2a: Archaludon|96/100
|move|p2b: Sneasler|Throat Chop|p1a: Omega
|-supereffective|p1a: Omega
|-damage|p1a: Omega|1/100
|-start|p1a: Omega|Throat Chop|[silent]
|cant|p2a: Archaludon|flinch
|move|p1a: Omega|Make It Rain|p2a: Archaludon|[spread] p2a,p2b
|-resisted|p2a: Archaludon
|-crit|p2a: Archaludon
|-damage|p2a: Archaludon|0 fnt
|-damage|p2b: Sneasler|0 fnt
|-unboost|p1a: Omega|spa|1
|faint|p2a: Archaludon
|faint|p2b: Sneasler
|-damage|p1a: Omega|0 fnt|[from] item: Life Orb
|faint|p1a: Omega
|
|win|Zero_BlazeVGC
|raw|Zero_BlazeVGC's rating: 1294 → 1314(+20 for winning)
|raw|Oreo_Stars's rating: 1230 → 1210(-20 for losing)
|l|☆Oreo_Stars
|player|p2|
