|j|☆torie123
|j|☆noLifeNL
|html|torie123noLifeNL    
|uhtml|bestof|Game 2 of a best-of-3
|t:|1783280130
|gametype|doubles
|player|p1|torie123|swimmer|
|player|p2|noLifeNL|serena|
|gen|9
|tier|[Gen 9 Champions] VGC 2026 Reg M-B (Bo3)
|rule|Species Clause: Limit one of each Pokémon
|rule|Item Clause: Limit 1 of each item
|clearpoke
|poke|p1|Charizard, L50, M|
|poke|p1|Gholdengo, L50|
|poke|p1|Aerodactyl, L50, M|
|poke|p1|Garchomp, L50, F|
|poke|p1|Sneasler, L50, F|
|poke|p1|Mawile, L50, F|
|poke|p2|Glimmora, L50, M|
|poke|p2|Maushold-Four, L50|
|poke|p2|Gengar, L50, F|
|poke|p2|Salazzle, L50, F|
|poke|p2|Toxapex, L50, M|
|poke|p2|Staraptor, L50, M|
|teampreview|4
|showteam|p1|Charizard||CharizarditeY|Blaze|HeatWave,WeatherBall,SolarBeam,Protect|Modest||M|||50|]Gholdengo||LifeOrb|GoodasGold|MakeItRain,ShadowBall,NastyPlot,Protect|Modest|||||50|]Aerodactyl||FocusSash|Unnerve|RockSlide,DualWingbeat,Tailwind,Protect|Jolly||M|||50|]Garchomp||RoseliBerry|RoughSkin|Earthquake,DragonClaw,RockSlide,Protect|Jolly||F|||50|]Sneasler||WhiteHerb|Unburden|DireClaw,CloseCombat,FakeOut,Protect|Adamant||F|||50|]Mawile||Mawilite|Intimidate|PlayRough,IronHead,SuckerPunch,Protect|Adamant||F|||50|
|showteam|p2|Glimmora||ExpertBelt|ToxicDebris|SpikyShield,Toxic,SludgeBomb,PowerGem|Timid||M|||50|]Maushold-Four||WideLens|Technician|PopulationBomb,BeatUp,Charm,Protect|Jolly|||||50|]Gengar||Gengarite|CursedBody|Protect,ShadowBall,Disable,SkillSwap|Timid||F|||50|]Salazzle||FocusSash|Corrosion|Toxic,Protect,Overheat,Encore|Timid||F|||50|]Toxapex||Leftovers|Regenerator|Toxic,Protect,Infestation,WideGuard|Bold||M|||50|]Staraptor||Staraptite|Intimidate|Protect,DualWingbeat,CloseCombat,Roost|Jolly||M|||50|
|inactive|Battle timer is ON: inactive players will automatically lose when time's up. (requested by torie123)
|j| Jorijn
|j| pietplezier7
|j| Bomduif
|j| 000aj
|j| Gehtgutdigga
|j| Ome Henk
|inactive|torie123 has 60 seconds left.
|inactive|noLifeNL has 60 seconds left.
|l| Gehtgutdigga
|inactive|noLifeNL has 30 seconds left.
|
|t:|1783280197
|teamsize|p1|4
|teamsize|p2|4
|start
|switch|p1a: Garchomp|Garchomp, L50, F|100/100
|switch|p1b: Aerodactyl|Aerodactyl, L50, M|100/100
|switch|p2a: Toxapex|Toxapex, L50, M|100/100
|switch|p2b: Gengar|Gengar, L50, F|100/100
|-ability|p1b: Aerodactyl|Unnerve
|turn|1
|inactive|torie123 has 30 seconds left.
|inactive|noLifeNL has 30 seconds left.
|inactive|noLifeNL has 20 seconds left.
|inactive|noLifeNL has 15 seconds left.
|inactive|noLifeNL has 10 seconds left.
|
|t:|1783280245
|detailschange|p2b: Gengar|Gengar-Mega, L50, F
|-mega|p2b: Gengar|Gengar|Gengarite
|move|p2b: Gengar|Protect|p2b: Gengar
|-singleturn|p2b: Gengar|Protect
|move|p1b: Aerodactyl|Tailwind|p1b: Aerodactyl
|-sidestart|p1: torie123|move: Tailwind
|move|p1a: Garchomp|Earthquake|p2b: Gengar|[spread] p2a
|-activate|p2b: Gengar|move: Protect
|-immune|p1b: Aerodactyl
|-supereffective|p2a: Toxapex|1
|-damage|p2a: Toxapex|49/100
|move|p2a: Toxapex|Toxic|p1a: Garchomp
|-status|p1a: Garchomp|tox
|
|-heal|p2a: Toxapex|54/100|[from] item: Leftovers
|-damage|p1a: Garchomp|93/100 tox|[from] psn
|upkeep
|turn|2
|inactive|torie123 has 30 seconds left.
|inactive|noLifeNL has 30 seconds left.
|
|t:|1783280277
|switch|p2b: Maushold|Maushold-Four, L50|100/100
|move|p1b: Aerodactyl|Dual Wingbeat|p2b: Maushold
|-damage|p2b: Maushold|72/100
|-damage|p2b: Maushold|42/100
|-hitcount|p2b: Maushold|2
|move|p1a: Garchomp|Earthquake|p2b: Maushold|[spread] p2a,p2b
|-immune|p1b: Aerodactyl
|-supereffective|p2a: Toxapex|1
|-damage|p2a: Toxapex|1/100
|-damage|p2b: Maushold|0 fnt
|faint|p2b: Maushold
|move|p2a: Toxapex|Toxic|p1b: Aerodactyl
|-status|p1b: Aerodactyl|tox
|
|-heal|p2a: Toxapex|7/100|[from] item: Leftovers
|-damage|p1b: Aerodactyl|94/100 tox|[from] psn
|-damage|p1a: Garchomp|81/100 tox|[from] psn
|upkeep
|
|t:|1783280287
|switch|p2b: Gengar|Gengar-Mega, L50, F|100/100
|turn|3
|
|t:|1783280311
|move|p2b: Gengar|Protect|p2b: Gengar
|-singleturn|p2b: Gengar|Protect
|move|p2a: Toxapex|Protect|p2a: Toxapex
|-singleturn|p2a: Toxapex|Protect
|move|p1b: Aerodactyl|Dual Wingbeat|p2b: Gengar
|-activate|p2b: Gengar|move: Protect
|move|p1a: Garchomp|Dragon Claw|p2a: Toxapex
|-activate|p2a: Toxapex|move: Protect
|
|-heal|p2a: Toxapex|12/100|[from] item: Leftovers
|-damage|p1b: Aerodactyl|82/100 tox|[from] psn
|-damage|p1a: Garchomp|63/100 tox|[from] psn
|upkeep
|turn|4
|
|t:|1783280335
|-heal|p2a: Toxapex|45/100|[from] ability: Regenerator|[silent]
|switch|p2a: Salazzle|Salazzle, L50, F|100/100
|move|p1b: Aerodactyl|Dual Wingbeat|p2b: Gengar
|-damage|p2b: Gengar|77/100
|-damage|p2b: Gengar|57/100
|-hitcount|p2b: Gengar|2
|move|p1a: Garchomp|Dragon Claw|p2a: Salazzle
|-damage|p2a: Salazzle|22/100
|move|p2b: Gengar|Shadow Ball|p1b: Aerodactyl
|-damage|p1b: Aerodactyl|15/100 tox
|
|-damage|p1b: Aerodactyl|0 fnt|[from] psn
|faint|p1b: Aerodactyl
|-damage|p1a: Garchomp|39/100 tox|[from] psn
|-sideend|p1: torie123|move: Tailwind
|upkeep
|j| LaraTheGamer
|
|t:|1783280353
|switch|p1b: Mawile|Mawile, L50, F|100/100
|-ability|p1b: Mawile|Intimidate|boost
|-unboost|p2a: Salazzle|atk|1
|-unboost|p2b: Gengar|atk|1
|turn|5
|
|t:|1783280371
|detailschange|p1b: Mawile|Mawile-Mega, L50, F
|-mega|p1b: Mawile|Mawile|Mawilite
|move|p2a: Salazzle|Protect|p2a: Salazzle
|-singleturn|p2a: Salazzle|Protect
|move|p2b: Gengar|Protect|p2b: Gengar
|-singleturn|p2b: Gengar|Protect
|move|p1b: Mawile|Sucker Punch||[still]
|-fail|p1b: Mawile
|move|p1a: Garchomp|Dragon Claw|p2b: Gengar
|-activate|p2b: Gengar|move: Protect
|
|-damage|p1a: Garchomp|9/100 tox|[from] psn
|upkeep
|turn|6
|inactive|noLifeNL has 30 seconds left.
|
|t:|1783280402
|move|p1b: Mawile|Protect|p1b: Mawile
|-singleturn|p1b: Mawile|Protect
|move|p2a: Salazzle|Encore|p1a: Garchomp
|-start|p1a: Garchomp|Encore
|move|p2b: Gengar|Disable|p1a: Garchomp
|-start|p1a: Garchomp|Disable|Dragon Claw
|cant|p1a: Garchomp|Disable|Dragon Claw
|
|-damage|p1a: Garchomp|0 fnt|[from] psn
|faint|p1a: Garchomp
|upkeep
|
|t:|1783280426
|switch|p1a: Gholdengo|Gholdengo, L50|100/100
|turn|7
|inactive|noLifeNL has 30 seconds left.
|inactive|noLifeNL has 20 seconds left.
|
|t:|1783280465
|switch|p2b: Toxapex|Toxapex, L50, M|45/100
|move|p1b: Mawile|Sucker Punch||[still]
|-fail|p1b: Mawile
|move|p2a: Salazzle|Toxic|p1a: Gholdengo
|-immune|p1a: Gholdengo|[from] ability: Good as Gold
|move|p1a: Gholdengo|Shadow Ball|p2b: Toxapex
|-damage|p2b: Toxapex|1/100
|-damage|p1a: Gholdengo|90/100|[from] item: Life Orb
|
|-heal|p2b: Toxapex|6/100|[from] item: Leftovers
|upkeep
|turn|8
|c|☆noLifeNL|Oeps
|c|☆noLifeNL|HAHAHAH
|c| LaraTheGamer|gholdengo :(
|inactive|torie123 has 30 seconds left.
|inactive|noLifeNL has 30 seconds left.
|c| Ome Henk|good as gold my behated
|inactive|torie123 has 20 seconds left.
|inactive|noLifeNL has 20 seconds left.
|inactive|torie123 has 15 seconds left.
|inactive|noLifeNL has 15 seconds left.
|
|t:|1783280508
|move|p2b: Toxapex|Wide Guard|p2b: Toxapex
|-singleturn|p2b: Toxapex|Wide Guard
|move|p1b: Mawile|Sucker Punch||[still]
|-fail|p1b: Mawile
|move|p2a: Salazzle|Toxic|p1b: Mawile
|-status|p1b: Mawile|tox
|move|p1a: Gholdengo|Nasty Plot|p1a: Gholdengo
|-boost|p1a: Gholdengo|spa|2
|
|-heal|p2b: Toxapex|12/100|[from] item: Leftovers
|-damage|p1b: Mawile|94/100 tox|[from] psn
|upkeep
|turn|9
|inactive|noLifeNL has 30 seconds left.
|inactive|noLifeNL has 20 seconds left.
|inactive|noLifeNL has 15 seconds left.
|inactive|noLifeNL has 10 seconds left.
|inactive|noLifeNL has 5 seconds left.
|
|t:|1783280562
|move|p2b: Toxapex|Protect||[still]
|-fail|p2b: Toxapex
|move|p2a: Salazzle|Overheat|p1a: Gholdengo
|-supereffective|p1a: Gholdengo|1
|-damage|p1a: Gholdengo|0 fnt
|-unboost|p2a: Salazzle|spa|2
|faint|p1a: Gholdengo
|move|p1b: Mawile|Iron Head|p2a: Salazzle
|-resisted|p2a: Salazzle|1
|-damage|p2a: Salazzle|0 fnt
|faint|p2a: Salazzle
|
|-heal|p2b: Toxapex|17/100|[from] item: Leftovers
|-damage|p1b: Mawile|82/100 tox|[from] psn
|upkeep
|
|t:|1783280567
|switch|p2a: Gengar|Gengar-Mega, L50, F|57/100
|turn|10
|
|t:|1783280578
|move|p2a: Gengar|Protect|p2a: Gengar
|-singleturn|p2a: Gengar|Protect
|move|p2b: Toxapex|Protect|p2b: Toxapex
|-singleturn|p2b: Toxapex|Protect
|move|p1b: Mawile|Sucker Punch||[still]
|-fail|p1b: Mawile
|
|-heal|p2b: Toxapex|23/100|[from] item: Leftovers
|-damage|p1b: Mawile|65/100 tox|[from] psn
|upkeep
|turn|11
|
|t:|1783280598
|move|p2a: Gengar|Disable|p1b: Mawile
|-start|p1b: Mawile|Disable|Sucker Punch
|move|p1b: Mawile|Iron Head|p2a: Gengar
|-damage|p2a: Gengar|0 fnt
|faint|p2a: Gengar
|move|p2b: Toxapex|Infestation|p1b: Mawile
|-resisted|p1b: Mawile|2
|-damage|p1b: Mawile|64/100 tox
|-activate|p1b: Mawile|move: Infestation|[of] p2b: Toxapex
|
|-heal|p2b: Toxapex|29/100|[from] item: Leftovers
|-damage|p1b: Mawile|41/100 tox|[from] psn
|-damage|p1b: Mawile|29/100 tox|[from] move: Infestation|[partiallytrapped]
|upkeep
|turn|12
|
|t:|1783280614
|move|p2b: Toxapex|Protect|p2b: Toxapex
|-singleturn|p2b: Toxapex|Protect
|move|p1b: Mawile|Play Rough|p2b: Toxapex
|-activate|p2b: Toxapex|move: Protect
|
|-heal|p2b: Toxapex|35/100|[from] item: Leftovers
|-damage|p1b: Mawile|1/100 tox|[from] psn
|-damage|p1b: Mawile|0 fnt|[from] move: Infestation|[partiallytrapped]
|faint|p1b: Mawile
|
|win|noLifeNL
||noLifeNL is ready for game 3.
||torie123 is ready for game 3.
|uhtml|next|Next: Game 3 of 3
|l| 000aj
