|j|☆The Bradicus
|j|☆elpurole
|html|The Bradicuselpurole    
|uhtml|bestof|Game 1 of a best-of-3
|t:|1784069380
|gametype|doubles
|player|p1|The Bradicus|richboy-gen6xy|1222
|player|p2|elpurole|koga|1085
|gen|9
|tier|[Gen 9 Champions] VGC 2026 Reg M-B (Bo3)
|rated|
|rule|Species Clause: Limit one of each Pokémon
|rule|Item Clause: Limit 1 of each item
|clearpoke
|poke|p1|Annihilape, L50, F|
|poke|p1|Incineroar, L50, M|
|poke|p1|Glimmora, L50, F|
|poke|p1|Whimsicott, L50, M|
|poke|p1|Metagross, L50|
|poke|p1|Sinistcha-Masterpiece, L50|
|poke|p2|Gengar, L50, F|
|poke|p2|Incineroar, L50, F|
|poke|p2|Sylveon, L50, M|
|poke|p2|Sneasler, L50, F|
|poke|p2|Swampert, L50, M|
|poke|p2|Politoed, L50, F|
|teampreview|4
|showteam|p1|Annihilape||ChoiceScarf|Defiant|CloseCombat,ShadowClaw,Coaching,Uturn|Adamant||F|||50|]Incineroar||SitrusBerry|Intimidate|FlareBlitz,DarkestLariat,FakeOut,PartingShot|Impish||M|||50|]Glimmora||Glimmoranite|ToxicDebris|SludgeBomb,PowerGem,DazzlingGleam,SpikyShield|Timid||F|||50|]Whimsicott||FocusSash|Prankster|Moonblast,Encore,Tailwind,Protect|Timid||M|||50|]Metagross||Metagrossite|ClearBody|PsychicFangs,IronHead,IcePunch,Protect|Jolly|||||50|]Sinistcha-Masterpiece||Leftovers|Hospitality|MatchaGotcha,RagePowder,TrickRoom,Protect|Calm|||||50|
|showteam|p2|Gengar||Gengarite|CursedBody|PerishSong,ShadowBall,Protect,SludgeWave|Timid||F|||50|]Incineroar||ChopleBerry|Intimidate|FakeOut,DarkestLariat,PartingShot,Protect|Calm||F|||50|]Sylveon||LifeOrb|Pixilate|QuickAttack,HyperBeam,HyperVoice,Protect|Modest||M|||50|]Sneasler||WhiteHerb|Unburden|FakeOut,CloseCombat,DireClaw,Protect|Jolly||F|||50|]Swampert||Swampertite|Torrent|WaveCrash,HighHorsepower,KnockOff,Protect|Adamant||M|||50|]Politoed||SitrusBerry|Drizzle|PerishSong,WeatherBall,IceBeam,Protect|Modest||F|||50|
|inactive|Battle timer is ON: inactive players will automatically lose when time's up. (requested by The Bradicus)
|inactive|The Bradicus has 60 seconds left.
|
|t:|1784069422
|teamsize|p1|4
|teamsize|p2|4
|start
|switch|p1a: Annihilape|Annihilape, L50, F|100/100
|switch|p1b: Sinistcha|Sinistcha-Masterpiece, L50|100/100
|switch|p2a: Gengar|Gengar, L50, F|100/100
|switch|p2b: Sylveon|Sylveon, L50, M|100/100
|turn|1
|inactive|elpurole has 30 seconds left.
|inactive|elpurole has 20 seconds left.
|
|t:|1784069460
|switch|p2a: Incineroar|Incineroar, L50, F|100/100
|-ability|p2a: Incineroar|Intimidate|boost
|-unboost|p1a: Annihilape|atk|1
|-ability|p1a: Annihilape|Defiant|boost
|-boost|p1a: Annihilape|atk|2
|-unboost|p1b: Sinistcha|atk|1
|move|p1a: Annihilape|U-turn|p2b: Sylveon
|-resisted|p2b: Sylveon|1
|-damage|p2b: Sylveon|71/100
|
|t:|1784069477
|switch|p1a: Incineroar|Incineroar, L50, M|100/100|[from] U-turn
|-ability|p1a: Incineroar|Intimidate|boost
|-unboost|p2a: Incineroar|atk|1
|-unboost|p2b: Sylveon|atk|1
|move|p1b: Sinistcha|Matcha Gotcha|p2a: Incineroar|[spread] 
|-miss|p1b: Sinistcha|p2a: Incineroar
|-miss|p1b: Sinistcha|p2b: Sylveon
|move|p2b: Sylveon|Hyper Beam|p1a: Incineroar
|-damage|p1a: Incineroar|1/100
|-mustrecharge|p2b: Sylveon
|-enditem|p1a: Incineroar|Sitrus Berry|[eat]
|-heal|p1a: Incineroar|25/100|[from] item: Sitrus Berry
|-damage|p2b: Sylveon|61/100|[from] item: Life Orb
|
|upkeep
|turn|2
|
|t:|1784069494
|switch|p1a: Annihilape|Annihilape, L50, F|100/100
|move|p1b: Sinistcha|Matcha Gotcha|p2b: Sylveon|[spread] p2a,p2b
|-resisted|p2a: Incineroar|1
|-damage|p2a: Incineroar|90/100
|-damage|p2b: Sylveon|44/100
|cant|p2b: Sylveon|recharge
|move|p2a: Incineroar|Darkest Lariat|p1b: Sinistcha
|-supereffective|p1b: Sinistcha|1
|-damage|p1b: Sinistcha|65/100
|
|-heal|p1b: Sinistcha|71/100|[from] item: Leftovers
|upkeep
|turn|3
|
|t:|1784069516
|switch|p1b: Incineroar|Incineroar, L50, M|25/100
|-ability|p1b: Incineroar|Intimidate|boost
|-unboost|p2a: Incineroar|atk|1
|-unboost|p2b: Sylveon|atk|1
|move|p1a: Annihilape|Shadow Claw|p2b: Sylveon
|-damage|p2b: Sylveon|0 fnt
|faint|p2b: Sylveon
|move|p2a: Incineroar|Darkest Lariat|p1b: Incineroar
|-resisted|p1b: Incineroar|1
|-damage|p1b: Incineroar|19/100
|
|upkeep
|
|t:|1784069534
|switch|p2b: Sneasler|Sneasler, L50, F|100/100
|turn|4
|
|t:|1784069552
|switch|p1b: Sinistcha|Sinistcha-Masterpiece, L50|71/100
|move|p1a: Annihilape|Shadow Claw|p2b: Sneasler
|-damage|p2b: Sneasler|31/100
|move|p2b: Sneasler|Close Combat|p1b: Sinistcha
|-immune|p1b: Sinistcha
|move|p2a: Incineroar|Parting Shot|p1b: Sinistcha
|-unboost|p1b: Sinistcha|atk|1
|-unboost|p1b: Sinistcha|spa|1
|
|t:|1784069558
|switch|p2a: Gengar|Gengar, L50, F|100/100|[from] Parting Shot
|
|-heal|p1b: Sinistcha|77/100|[from] item: Leftovers
|upkeep
|turn|5
|
|t:|1784069579
|detailschange|p2a: Gengar|Gengar-Mega, L50, F
|-mega|p2a: Gengar|Gengar|Gengarite
|move|p2a: Gengar|Protect|p2a: Gengar
|-singleturn|p2a: Gengar|Protect
|move|p1b: Sinistcha|Rage Powder|p1b: Sinistcha
|-singleturn|p1b: Sinistcha|move: Rage Powder
|move|p1a: Annihilape|Shadow Claw|p2a: Gengar
|-activate|p2a: Gengar|move: Protect
|move|p2b: Sneasler|Dire Claw|p1b: Sinistcha
|-damage|p1b: Sinistcha|42/100
|
|-heal|p1b: Sinistcha|48/100|[from] item: Leftovers
|upkeep
|turn|6
|
|t:|1784069601
|switch|p1b: Incineroar|Incineroar, L50, M|19/100
|-ability|p1b: Incineroar|Intimidate|boost
|-unboost|p2a: Gengar|atk|1
|-unboost|p2b: Sneasler|atk|1
|-enditem|p2b: Sneasler|White Herb
|-clearnegativeboost|p2b: Sneasler|[silent]
|move|p2b: Sneasler|Dire Claw|p1b: Incineroar
|-damage|p1b: Incineroar|0 fnt
|faint|p1b: Incineroar
|move|p1a: Annihilape|Shadow Claw|p2a: Gengar
|-supereffective|p2a: Gengar|1
|-damage|p2a: Gengar|0 fnt
|faint|p2a: Gengar
|
|upkeep
|
|t:|1784069608
|switch|p2a: Incineroar|Incineroar, L50, F|90/100
|switch|p1b: Sinistcha|Sinistcha-Masterpiece, L50|48/100
|-ability|p2a: Incineroar|Intimidate|boost
|-unboost|p1a: Annihilape|atk|1
|-ability|p1a: Annihilape|Defiant|boost
|-boost|p1a: Annihilape|atk|2
|-unboost|p1b: Sinistcha|atk|1
|turn|7
|
|t:|1784069622
|move|p1b: Sinistcha|Protect|p1b: Sinistcha
|-singleturn|p1b: Sinistcha|Protect
|move|p2b: Sneasler|Dire Claw|p1a: Annihilape
|-resisted|p1a: Annihilape|1
|-damage|p1a: Annihilape|74/100
|move|p1a: Annihilape|Shadow Claw|p2b: Sneasler
|-damage|p2b: Sneasler|0 fnt
|faint|p2b: Sneasler
|move|p2a: Incineroar|Darkest Lariat|p1b: Sinistcha
|-activate|p1b: Sinistcha|move: Protect
|
|-heal|p1b: Sinistcha|54/100|[from] item: Leftovers
|upkeep
|turn|8
|
|t:|1784069634
|switch|p1a: Metagross|Metagross, L50|100/100
|move|p1b: Sinistcha|Matcha Gotcha|p2a: Incineroar|[miss]
|-miss|p1b: Sinistcha|p2a: Incineroar
|move|p2a: Incineroar|Darkest Lariat|p1a: Metagross
|-supereffective|p1a: Metagross|1
|-damage|p1a: Metagross|48/100
|
|-heal|p1b: Sinistcha|60/100|[from] item: Leftovers
|upkeep
|turn|9
|
|t:|1784069650
|detailschange|p1a: Metagross|Metagross-Mega, L50
|-mega|p1a: Metagross|Metagross|Metagrossite
|move|p1b: Sinistcha|Rage Powder|p1b: Sinistcha
|-singleturn|p1b: Sinistcha|move: Rage Powder
|move|p1a: Metagross|Iron Head|p2a: Incineroar
|-resisted|p2a: Incineroar|1
|-damage|p2a: Incineroar|64/100
|cant|p2a: Incineroar|flinch
|
|-heal|p1b: Sinistcha|66/100|[from] item: Leftovers
|upkeep
|turn|10
|
|t:|1784069658
|move|p1b: Sinistcha|Rage Powder|p1b: Sinistcha
|-singleturn|p1b: Sinistcha|move: Rage Powder
|move|p1a: Metagross|Iron Head|p2a: Incineroar
|-resisted|p2a: Incineroar|1
|-damage|p2a: Incineroar|37/100
|move|p2a: Incineroar|Darkest Lariat|p1b: Sinistcha
|-supereffective|p1b: Sinistcha|1
|-damage|p1b: Sinistcha|15/100
|
|-heal|p1b: Sinistcha|21/100|[from] item: Leftovers
|upkeep
|turn|11
|
|t:|1784069662
|move|p1b: Sinistcha|Rage Powder|p1b: Sinistcha
|-singleturn|p1b: Sinistcha|move: Rage Powder
|move|p1a: Metagross|Iron Head|p2a: Incineroar
|-resisted|p2a: Incineroar|1
|-damage|p2a: Incineroar|13/100
|move|p2a: Incineroar|Darkest Lariat|p1b: Sinistcha
|-supereffective|p1b: Sinistcha|1
|-damage|p1b: Sinistcha|0 fnt
|faint|p1b: Sinistcha
|
|upkeep
|
|t:|1784069664
|switch|p1b: Annihilape|Annihilape, L50, F|74/100
|turn|12
|
|t:|1784069667
|move|p1b: Annihilape|Close Combat|p2a: Incineroar
|-supereffective|p2a: Incineroar|1
|-enditem|p2a: Incineroar|Chople Berry|[eat]
|-enditem|p2a: Incineroar|Chople Berry|[weaken]
|-damage|p2a: Incineroar|0 fnt
|-unboost|p1b: Annihilape|def|1
|-unboost|p1b: Annihilape|spd|1
|faint|p2a: Incineroar
|
|win|The Bradicus
||elpurole is ready for game 2.
||The Bradicus is ready for game 2.
|uhtml|next|Next: Game 2 of 3
|l|☆elpurole
|player|p2|
