|j|☆is_katabo
|j|☆11DiamondsaurVGC
|html|is_katabo11DiamondsaurVGC    
|uhtml|bestof|Game 2 of a best-of-3
|t:|1757807771
|gametype|doubles
|player|p1|is_katabo|169|
|player|p2|11DiamondsaurVGC|skier|
|gen|9
|tier|[Gen 9] VGC 2025 Reg H (Bo3)
|rule|Species Clause: Limit one of each Pokémon
|rule|Item Clause: Limit 1 of each item
|clearpoke
|poke|p1|Incineroar, L50, F|
|poke|p1|Sneasler, L50, F|
|poke|p1|Amoonguss, L50, F|
|poke|p1|Pelipper, L50, M|
|poke|p1|Archaludon, L50, M|
|poke|p1|Dragonite, L50, F|
|poke|p2|Dondozo, L50, M|
|poke|p2|Tatsugiri, L50, F|
|poke|p2|Indeedee, L50, M|
|poke|p2|Dragapult, L50, F|
|poke|p2|Ribombee, L50, M|
|poke|p2|Gholdengo, L50|
|teampreview|4
|showteam|p1|Incineroar||SafetyGoggles|Intimidate|FakeOut,KnockOff,FlareBlitz,PartingShot|||F|||50|,,,,,Ghost]Sneasler||WhiteHerb|Unburden|DireClaw,CloseCombat,ThroatChop,Protect|||F|||50|,,,,,Stellar]Amoonguss||SitrusBerry|Regenerator|PollenPuff,RagePowder,Spore,Protect|||F|||50|,,,,,Psychic]Pelipper||FocusSash|Drizzle|WeatherBall,Hurricane,Tailwind,Protect|||M|||50|,,,,,Ghost]Archaludon||AssaultVest|Stamina|ElectroShot,FlashCannon,DracoMeteor,BodyPress|||M|||50|,,,,,Bug]Dragonite||LoadedDice|Multiscale|ScaleShot,Tailwind,Haze,Protect|||F|||50|,,,,,Steel
|showteam|p2|Dondozo||Leftovers|Unaware|WaveCrash,Earthquake,OrderUp,Protect|||M|||50|,,,,,Grass]Tatsugiri||ChoiceScarf|Commander|MuddyWater,DracoMeteor,DragonPulse,TeraBlast|||F|||50|,,,,,Fairy]Indeedee||FocusSash|PsychicSurge|ExpandingForce,TeraBlast,HyperVoice,Protect|||M|||50|,,,,,Fighting]Dragapult||ChoiceBand|ClearBody|DragonDarts,Outrage,PhantomForce,Uturn|||F|||50|,,,,,Dragon]Ribombee||ChoiceSpecs|ShieldDust|Moonblast,PollenPuff,DazzlingGleam,TeraBlast|||M|||50|,,,,,Ground]Gholdengo||LifeOrb|GoodasGold|MakeItRain,ShadowBall,Thunderbolt,Protect||||||50|,,,,,Water
|inactive|Battle timer is ON: inactive players will automatically lose when time's up. (requested by 11DiamondsaurVGC)
|
|t:|1757807795
|teamsize|p1|4
|teamsize|p2|4
|start
|switch|p1a: Supernova|Dragonite, L50, F|100/100
|switch|p1b: moneymachine|Incineroar, L50, F, shiny|100/100
|switch|p2a: Gholdengo|Gholdengo, L50|100/100
|switch|p2b: Main Character|Ribombee, L50, M|100/100
|-ability|p1b: moneymachine|Intimidate|boost
|-unboost|p2a: Gholdengo|atk|1
|-unboost|p2b: Main Character|atk|1
|turn|1
|inactive|is_katabo has 30 seconds left.
|inactive|11DiamondsaurVGC has 30 seconds left.
|inactive|is_katabo has 20 seconds left.
|inactive|11DiamondsaurVGC has 20 seconds left.
|inactive|is_katabo has 15 seconds left.
|
|t:|1757807837
|switch|p1b: Immaterial|Amoonguss, L50, F, shiny|100/100
|-terastallize|p2b: Main Character|Ground
|-terastallize|p1a: Supernova|Steel
|move|p2b: Main Character|Tera Blast|p1b: Immaterial|[anim] Tera Blast Ground
|-damage|p1b: Immaterial|58/100
|move|p1a: Supernova|Scale Shot|p2a: Gholdengo
|-resisted|p2a: Gholdengo
|-damage|p2a: Gholdengo|93/100
|-resisted|p2a: Gholdengo
|-damage|p2a: Gholdengo|87/100
|-resisted|p2a: Gholdengo
|-damage|p2a: Gholdengo|79/100
|-resisted|p2a: Gholdengo
|-damage|p2a: Gholdengo|71/100
|-resisted|p2a: Gholdengo
|-damage|p2a: Gholdengo|64/100
|-hitcount|p2a: Gholdengo|5
|-unboost|p1a: Supernova|def|1
|-boost|p1a: Supernova|spe|1
|move|p2a: Gholdengo|Make It Rain|p1b: Immaterial|[spread] p1a,p1b
|-resisted|p1a: Supernova
|-damage|p1a: Supernova|84/100
|-damage|p1b: Immaterial|0 fnt
|-unboost|p2a: Gholdengo|spa|1
|faint|p1b: Immaterial
|-damage|p2a: Gholdengo|54/100|[from] item: Life Orb
|
|upkeep
|
|t:|1757807862
|switch|p1b: moneymachine|Incineroar, L50, F, shiny|100/100
|-ability|p1b: moneymachine|Intimidate|boost
|-unboost|p2a: Gholdengo|atk|1
|-unboost|p2b: Main Character|atk|1
|turn|2
|
|t:|1757807869
|switch|p2b: Alaskan Roll|Tatsugiri, L50, F|100/100
|switch|p2a: Big Back|Dondozo, L50, M|100/100
|-activate|p2b: Alaskan Roll|ability: Commander|[of] p2a: Big Back
|-boost|p2a: Big Back|atk|2
|-boost|p2a: Big Back|spa|2
|-boost|p2a: Big Back|spe|2
|-boost|p2a: Big Back|def|2
|-boost|p2a: Big Back|spd|2
|move|p1a: Supernova|Scale Shot|p2b: Alaskan Roll|[miss]
|-miss|p1a: Supernova|p2b: Alaskan Roll
|move|p1b: moneymachine|Knock Off|p2a: Big Back
|-damage|p2a: Big Back|88/100
|-enditem|p2a: Big Back|Leftovers|[from] move: Knock Off|[of] p1b: moneymachine
|
|upkeep
|turn|3
|
|t:|1757807884
|move|p1a: Supernova|Haze|p1a: Supernova
|-clearallboost
|move|p1b: moneymachine|Parting Shot|p2a: Big Back
|-unboost|p2a: Big Back|atk|1
|-unboost|p2a: Big Back|spa|1
|
|t:|1757807889
|switch|p1b: BRAT|Sneasler, L50, F|100/100|[from] Parting Shot
|move|p2a: Big Back|Earthquake|p1a: Supernova|[spread] p1a,p1b
|-miss|p2a: Big Back|p2b: Alaskan Roll
|-supereffective|p1a: Supernova
|-supereffective|p1b: BRAT
|-damage|p1a: Supernova|50/100
|-damage|p1b: BRAT|60/100
|
|upkeep
|turn|4
|
|t:|1757807902
|move|p1b: BRAT|Close Combat|p2a: Big Back
|-damage|p2a: Big Back|50/100
|-unboost|p1b: BRAT|def|1
|-unboost|p1b: BRAT|spd|1
|-enditem|p1b: BRAT|White Herb
|-clearnegativeboost|p1b: BRAT|[silent]
|move|p1a: Supernova|Scale Shot|p2a: Big Back
|-damage|p2a: Big Back|40/100
|-damage|p2a: Big Back|30/100
|-damage|p2a: Big Back|20/100
|-damage|p2a: Big Back|9/100
|-hitcount|p2a: Big Back|4
|-unboost|p1a: Supernova|def|1
|-boost|p1a: Supernova|spe|1
|move|p2a: Big Back|Earthquake|p1b: BRAT|[spread] p1a,p1b
|-miss|p2a: Big Back|p2b: Alaskan Roll
|-supereffective|p1a: Supernova
|-supereffective|p1b: BRAT
|-damage|p1a: Supernova|15/100
|-damage|p1b: BRAT|20/100
|
|upkeep
|turn|5
|
|t:|1757807924
|move|p1b: BRAT|Dire Claw|p2a: Big Back
|-damage|p2a: Big Back|0 fnt
|faint|p2a: Big Back
|move|p1a: Supernova|Scale Shot|p2b: Alaskan Roll
|-supereffective|p2b: Alaskan Roll
|-damage|p2b: Alaskan Roll|46/100
|-supereffective|p2b: Alaskan Roll
|-damage|p2b: Alaskan Roll|0 fnt
|faint|p2b: Alaskan Roll
|-hitcount|p2: Alaskan Roll|2
|-unboost|p1a: Supernova|def|1
|-boost|p1a: Supernova|spe|1
|
|upkeep
|
|t:|1757807930
|switch|p2b: Main Character|Ribombee, L50, M, tera:Ground|100/100
|switch|p2a: Gholdengo|Gholdengo, L50|54/100
|turn|6
|
|t:|1757807947
|move|p2a: Gholdengo|Protect|p2a: Gholdengo
|-singleturn|p2a: Gholdengo|Protect
|move|p1b: BRAT|Close Combat|p2b: Main Character
|-damage|p2b: Main Character|0 fnt
|-unboost|p1b: BRAT|def|1
|-unboost|p1b: BRAT|spd|1
|faint|p2b: Main Character
|move|p1a: Supernova|Scale Shot|p2a: Gholdengo
|-activate|p2a: Gholdengo|move: Protect
|
|upkeep
|turn|7
|
|t:|1757807961
|move|p1b: BRAT|Throat Chop|p2a: Gholdengo
|-supereffective|p2a: Gholdengo
|-damage|p2a: Gholdengo|2/100
|-start|p2a: Gholdengo|Throat Chop|[silent]
|move|p1a: Supernova|Scale Shot|p2a: Gholdengo
|-resisted|p2a: Gholdengo
|-damage|p2a: Gholdengo|0 fnt
|faint|p2a: Gholdengo
|-hitcount|p2: Gholdengo|1
|
|win|is_katabo
|inactive|is_katabo has 30 seconds to confirm battle start!
|inactive|11DiamondsaurVGC has 30 seconds to confirm battle start!
||11DiamondsaurVGC is ready for game 3.
||is_katabo is ready for game 3.
|uhtml|next|Next: Game 3 of 3
