|j|☆NahuuH
|j|☆lukashz
|html|NahuuHlukashz    
|uhtml|bestof|Game 2 of a best-of-3
|t:|1782959916
|gametype|doubles
|player|p1|NahuuH|2|1169
|player|p2|lukashz|elesa|1289
|gen|9
|tier|[Gen 9 Champions] VGC 2026 Reg M-B (Bo3)
|rated|
|rule|Species Clause: Limit one of each Pokémon
|rule|Item Clause: Limit 1 of each item
|clearpoke
|poke|p1|Blastoise, L50, M|
|poke|p1|Incineroar, L50, M|
|poke|p1|Kingambit, L50, M|
|poke|p1|Sneasler, L50, F|
|poke|p1|Sinistcha, L50|
|poke|p1|Delphox, L50, M|
|poke|p2|Chandelure, L50, F|
|poke|p2|Kangaskhan, L50, F|
|poke|p2|Basculegion, L50, M|
|poke|p2|Sylveon, L50, F|
|poke|p2|Kingambit, L50, M|
|poke|p2|Sneasler, L50, F|
|teampreview|4
|showteam|p1|Blastoise||Blastoisinite|RainDish|WaterSpout,ShellSmash,Protect,DarkPulse|Modest||M|||50|]Incineroar||SitrusBerry|Intimidate|FlareBlitz,FakeOut,PartingShot,HelpingHand|Impish||M|||50|]Kingambit||BlackGlasses|Defiant|KowtowCleave,SuckerPunch,SwordsDance,Protect|Adamant||M|||50|]Sneasler||FocusSash|PoisonTouch|DireClaw,CloseCombat,FakeOut,QuickGuard|Jolly||F|||50|]Sinistcha||OccaBerry|Hospitality|MatchaGotcha,RagePowder,TrickRoom,Protect|Bold|||||50|]Delphox||Delphoxite|Blaze|HeatWave,Psyshock,NastyPlot,Protect|Timid||M|||50|
|showteam|p2|Chandelure||FocusSash|FlashFire|HeatWave,ShadowBall,TrickRoom,Taunt|Quiet||F|||50|]Kangaskhan||Kangaskhanite|InnerFocus|FakeOut,Facade,DoubleEdge,SuckerPunch|Brave||F|||50|]Basculegion||MysticWater|Adaptability|WaveCrash,LastRespects,AquaJet,Protect|Brave||M|||50|]Sylveon||FairyFeather|Pixilate|HyperVoice,Protect,HyperBeam,QuickAttack|Quiet||F|||50|]Kingambit||BlackGlasses|Defiant|KowtowCleave,SuckerPunch,IronHead,LowKick|Brave||M|||50|]Sneasler||MentalHerb|Unburden|FakeOut,Coaching,CloseCombat,DireClaw|Jolly||F|||50|
|
|t:|1782959938
|teamsize|p1|4
|teamsize|p2|4
|start
|switch|p1a: Blastoise|Blastoise, L50, M|100/100
|switch|p1b: Sinistcha|Sinistcha, L50|100/100
|switch|p2a: Kingambit|Kingambit, L50, M|100/100
|switch|p2b: Sneasler|Sneasler, L50, F|100/100
|turn|1
|
|t:|1782959987
|switch|p2a: Kangaskhan|Kangaskhan, L50, F|100/100
|detailschange|p1a: Blastoise|Blastoise-Mega, L50, M
|-mega|p1a: Blastoise|Blastoise|Blastoisinite
|move|p1b: Sinistcha|Rage Powder|p1b: Sinistcha
|-singleturn|p1b: Sinistcha|move: Rage Powder
|move|p2b: Sneasler|Coaching|p2a: Kangaskhan
|-boost|p2a: Kangaskhan|atk|1
|-boost|p2a: Kangaskhan|def|1
|move|p1a: Blastoise|Shell Smash|p1a: Blastoise
|-unboost|p1a: Blastoise|def|1
|-unboost|p1a: Blastoise|spd|1
|-boost|p1a: Blastoise|atk|2
|-boost|p1a: Blastoise|spa|2
|-boost|p1a: Blastoise|spe|2
|
|upkeep
|turn|2
|
|t:|1782960024
|switch|p2b: Chandelure|Chandelure, L50, F|100/100
|detailschange|p2a: Kangaskhan|Kangaskhan-Mega, L50, F
|-mega|p2a: Kangaskhan|Kangaskhan|Kangaskhanite
|move|p2a: Kangaskhan|Fake Out|p1a: Blastoise
|-damage|p1a: Blastoise|55/100
|-crit|p1a: Blastoise
|-damage|p1a: Blastoise|37/100
|-hitcount|p1a: Blastoise|2
|move|p1b: Sinistcha|Rage Powder|p1b: Sinistcha
|-singleturn|p1b: Sinistcha|move: Rage Powder
|cant|p1a: Blastoise|flinch
|
|upkeep
|turn|3
|
|t:|1782960074
|switch|p1b: Sneasler|Sneasler, L50, F|100/100
|move|p1a: Blastoise|Protect|p1a: Blastoise
|-singleturn|p1a: Blastoise|Protect
|move|p2a: Kangaskhan|Facade|p1a: Blastoise
|-activate|p1a: Blastoise|move: Protect
|move|p2b: Chandelure|Heat Wave|p1b: Sneasler|[spread] p1b
|-activate|p1a: Blastoise|move: Protect
|-damage|p1b: Sneasler|43/100
|
|upkeep
|turn|4
|
|t:|1782960092
|switch|p1b: Sinistcha|Sinistcha, L50|100/100
|-heal|p1a: Blastoise|62/100|[from] ability: Hospitality|[of] p1b: Sinistcha
|move|p2a: Kangaskhan|Sucker Punch|p1a: Blastoise
|-damage|p1a: Blastoise|10/100
|-damage|p1a: Blastoise|0 fnt
|faint|p1a: Blastoise
|-hitcount|p1: Blastoise|2
|move|p2b: Chandelure|Trick Room|p2b: Chandelure
|-fieldstart|move: Trick Room|[of] p2b: Chandelure
|
|upkeep
|
|t:|1782960102
|switch|p1a: Sneasler|Sneasler, L50, F|43/100
|turn|5
|
|t:|1782960108
|move|p1a: Sneasler|Fake Out|p2a: Kangaskhan
|-damage|p2a: Kangaskhan|91/100
|move|p2b: Chandelure|Heat Wave|p1b: Sinistcha|[spread] p1a,p1b
|-supereffective|p1b: Sinistcha|1
|-enditem|p1b: Sinistcha|Occa Berry|[eat]
|-enditem|p1b: Sinistcha|Occa Berry|[weaken]
|-damage|p1a: Sneasler|0 fnt
|-damage|p1b: Sinistcha|53/100
|-status|p1b: Sinistcha|brn
|faint|p1a: Sneasler
|move|p1b: Sinistcha|Matcha Gotcha|p2a: Kangaskhan|[spread] p2a,p2b
|-resisted|p2b: Chandelure|1
|-damage|p2a: Kangaskhan|72/100
|-heal|p1b: Sinistcha|65/100 brn|[from] drain|[of] p2a: Kangaskhan
|-damage|p2b: Chandelure|87/100
|-heal|p1b: Sinistcha|71/100 brn|[from] drain|[of] p2b: Chandelure
|cant|p2a: Kangaskhan|flinch
|
|-damage|p1b: Sinistcha|65/100 brn|[from] brn
|upkeep
|
|t:|1782960127
|switch|p1a: Incineroar|Incineroar, L50, M|100/100
|-ability|p1a: Incineroar|Intimidate|boost
|-unboost|p2a: Kangaskhan|atk|1
|-unboost|p2b: Chandelure|atk|1
|turn|6
|-message|NahuuH forfeited.
|
|win|lukashz
|raw|NahuuH's rating: 1169 → 1152(-17 for losing)
|raw|lukashz's rating: 1289 → 1306(+17 for winning)
|l|☆NahuuH
|player|p1|
