|j|☆fortree21utube
|j|☆Gottkomplexe
|html|fortree21utubeGottkomplexe    
|uhtml|bestof|Game 3 of a best-of-3
|t:|1755015159
|gametype|doubles
|player|p1|fortree21utube|102|1224
|player|p2|Gottkomplexe|ilima|1312
|gen|9
|tier|[Gen 9] VGC 2025 Reg H (Bo3)
|rated|
|rule|Species Clause: Limit one of each Pokémon
|rule|Item Clause: Limit 1 of each item
|clearpoke
|poke|p1|Sneasler, L50, M|
|poke|p1|Indeedee, L50, M|
|poke|p1|Weezing-Galar, L50, F|
|poke|p1|Toedscruel, L50, M|
|poke|p1|Corviknight, L50, F|
|poke|p1|Garchomp, L50, M|
|poke|p2|Ursaluna-Bloodmoon, L50, M|
|poke|p2|Torkoal, L50, M|
|poke|p2|Hatterene, L50, F|
|poke|p2|Indeedee-F, L50, F|
|poke|p2|Gallade, L50, M|
|poke|p2|Amoonguss, L50, M|
|teampreview|4
|showteam|p1|Sneasler||PsychicSeed|Unburden|DireClaw,CloseCombat,ShadowClaw,Protect|||M|||50|,,,,,Fairy]Indeedee||FocusSash|PsychicSurge|ExpandingForce,Imprison,TrickRoom,Protect|||M|||50|,,,,,Fire]Weezing-Galar||ChoiceSpecs|NeutralizingGas|StrangeSteam,DazzlingGleam,SludgeBomb,Flamethrower|||F|||50|,,,,,Water]Toedscruel||CovertCloak|MyceliumMight|EarthPower,AcidSpray,Spore,Protect|||M|||50|,,,,,Water]Corviknight||SitrusBerry|MirrorArmor|BraveBird,Tailwind,Roost,BulkUp|||F|||50|,,,,,Dragon]Garchomp||LifeOrb|RoughSkin|Earthquake,StompingTantrum,DragonClaw,Protect|||M|||50|,,,,,Ground
|showteam|p2|Ursaluna-Bloodmoon||LifeOrb|MindsEye|HyperVoice,BloodMoon,EarthPower,Protect|||M|||50|,,,,,Normal]Torkoal||Charcoal|Drought|HeatWave,Eruption,EarthPower,Protect|||M|||50|,,,,,Fire]Hatterene||TwistedSpoon|MagicBounce|DazzlingGleam,ExpandingForce,Protect,TrickRoom|||F|||50|,,,,,Steel]Indeedee-F||PsychicSeed|PsychicSurge|TeraBlast,FollowMe,HelpingHand,TrickRoom|||F|||50|,,,,,Fighting]Gallade||FocusSash|Sharpness|SacredSword,NightSlash,WideGuard,TrickRoom|||M|||50|,,,,,Dark]Amoonguss||CovertCloak|Regenerator|RagePowder,Spore,Protect,PollenPuff|||M|||50|,,,,,Water
|inactive|Battle timer is ON: inactive players will automatically lose when time's up. (requested by Gottkomplexe)
|
|t:|1755015182
|teamsize|p1|4
|teamsize|p2|4
|start
|switch|p1a: Weezing|Weezing-Galar, L50, F|100/100
|switch|p1b: Toedscruel|Toedscruel, L50, M|100/100
|switch|p2a: Gallade|Gallade, L50, M|100/100
|switch|p2b: Hatterene|Hatterene, L50, F|100/100
|-ability|p1a: Weezing|Neutralizing Gas
|turn|1
|inactive|fortree21utube has 30 seconds left.
|
|t:|1755015210
|switch|p2a: Amoonguss|Amoonguss, L50, M|100/100
|-terastallize|p2b: Hatterene|Steel
|move|p1b: Toedscruel|Spore|p2a: Amoonguss
|-immune|p2a: Amoonguss
|move|p1a: Weezing|Dazzling Gleam|p2a: Amoonguss|[spread] p2a,p2b
|-resisted|p2a: Amoonguss
|-resisted|p2b: Hatterene
|-damage|p2a: Amoonguss|84/100
|-damage|p2b: Hatterene|81/100
|move|p2b: Hatterene|Trick Room|p2b: Hatterene
|-fieldstart|move: Trick Room|[of] p2b: Hatterene
|
|upkeep
|turn|2
|inactive|fortree21utube has 30 seconds left.
|inactive|fortree21utube has 20 seconds left.
|inactive|fortree21utube has 15 seconds left.
|
|t:|1755015252
|move|p2b: Hatterene|Expanding Force|p1b: Toedscruel
|-damage|p1b: Toedscruel|55/100
|move|p2a: Amoonguss|Spore|p1a: Weezing
|-status|p1a: Weezing|slp|[from] move: Spore
|cant|p1a: Weezing|slp
|move|p1b: Toedscruel|Spore|p2b: Hatterene
|-status|p2b: Hatterene|slp|[from] move: Spore
|
|upkeep
|turn|3
|
|t:|1755015274
|cant|p2b: Hatterene|slp
|move|p2a: Amoonguss|Pollen Puff|p2b: Hatterene
|-heal|p2b: Hatterene|100/100 slp
|cant|p1a: Weezing|slp
|move|p1b: Toedscruel|Earth Power|p2b: Hatterene
|-supereffective|p2b: Hatterene
|-damage|p2b: Hatterene|46/100 slp
|
|upkeep
|turn|4
|inactive|fortree21utube has 30 seconds left.
|inactive|fortree21utube has 20 seconds left.
|
|t:|1755015314
|cant|p2b: Hatterene|slp
|move|p2a: Amoonguss|Pollen Puff|p2b: Hatterene
|-heal|p2b: Hatterene|96/100 slp
|cant|p1a: Weezing|slp
|move|p1b: Toedscruel|Acid Spray|p2a: Amoonguss
|-damage|p2a: Amoonguss|76/100
|
|upkeep
|turn|5
|
|t:|1755015331
|switch|p2a: Gallade|Gallade, L50, M|100/100
|-end|p1a: Weezing|ability: Neutralizing Gas
|switch|p1a: Indeedee|Indeedee, L50, M|100/100
|-fieldstart|move: Psychic Terrain|[from] ability: Psychic Surge|[of] p1a: Indeedee
|move|p1b: Toedscruel|Protect|p1b: Toedscruel
|-singleturn|p1b: Toedscruel|Protect
|-curestatus|p2b: Hatterene|slp|[msg]
|move|p2b: Hatterene|Expanding Force|p1b: Toedscruel|[spread] p1a
|-activate|p1b: Toedscruel|move: Protect
|-resisted|p1a: Indeedee
|-damage|p1a: Indeedee|45/100
|
|-fieldend|move: Trick Room
|upkeep
|turn|6
|inactive|fortree21utube has 30 seconds left.
|inactive|Gottkomplexe has 30 seconds left.
|inactive|Gottkomplexe has 20 seconds left.
|inactive|Gottkomplexe has 15 seconds left.
|
|t:|1755015377
|switch|p1b: Corviknight|Corviknight, L50, F|100/100
|move|p1a: Indeedee|Protect|p1a: Indeedee
|-singleturn|p1a: Indeedee|Protect
|move|p2a: Gallade|Night Slash|p1a: Indeedee
|-activate|p1a: Indeedee|move: Protect
|move|p2b: Hatterene|Dazzling Gleam|p1b: Corviknight|[spread] p1b
|-activate|p1a: Indeedee|move: Protect
|-resisted|p1b: Corviknight
|-damage|p1b: Corviknight|89/100
|
|upkeep
|turn|7
|
|t:|1755015401
|move|p1a: Indeedee|Expanding Force|p2a: Gallade|[spread] p2a,p2b
|-resisted|p2b: Hatterene
|-damage|p2a: Gallade|49/100
|-damage|p2b: Hatterene|64/100
|move|p1b: Corviknight|Brave Bird|p2a: Gallade
|-supereffective|p2a: Gallade
|-damage|p2a: Gallade|0 fnt
|faint|p2a: Gallade
|-damage|p1b: Corviknight|76/100|[from] Recoil
|move|p2b: Hatterene|Expanding Force|p1a: Indeedee|[spread] p1a,p1b
|-resisted|p1a: Indeedee
|-crit|p1a: Indeedee
|-resisted|p1b: Corviknight
|-damage|p1a: Indeedee|0 fnt
|-damage|p1b: Corviknight|47/100
|-enditem|p1b: Corviknight|Sitrus Berry|[eat]
|-heal|p1b: Corviknight|72/100|[from] item: Sitrus Berry
|faint|p1a: Indeedee
|
|upkeep
|
|t:|1755015418
|switch|p1a: Toedscruel|Toedscruel, L50, M|55/100
|switch|p2a: Amoonguss|Amoonguss, L50, M|76/100
|turn|8
|inactive|fortree21utube has 30 seconds left.
|
|t:|1755015445
|move|p2b: Hatterene|Protect|p2b: Hatterene
|-singleturn|p2b: Hatterene|Protect
|move|p1a: Toedscruel|Earth Power|p2b: Hatterene
|-activate|p2b: Hatterene|move: Protect
|move|p1b: Corviknight|Brave Bird|p2a: Amoonguss
|-supereffective|p2a: Amoonguss
|-damage|p2a: Amoonguss|18/100
|-damage|p1b: Corviknight|51/100|[from] Recoil
|move|p2a: Amoonguss|Pollen Puff|p1a: Toedscruel
|-supereffective|p1a: Toedscruel
|-damage|p1a: Toedscruel|27/100
|
|upkeep
|turn|9
|inactive|fortree21utube has 30 seconds left.
|
|t:|1755015480
|move|p2a: Amoonguss|Rage Powder|p2a: Amoonguss
|-singleturn|p2a: Amoonguss|move: Rage Powder
|move|p1a: Toedscruel|Earth Power|p2b: Hatterene
|-supereffective|p2b: Hatterene
|-damage|p2b: Hatterene|8/100
|move|p1b: Corviknight|Brave Bird|p2a: Amoonguss
|-supereffective|p2a: Amoonguss
|-damage|p2a: Amoonguss|0 fnt
|faint|p2a: Amoonguss
|-damage|p1b: Corviknight|45/100|[from] Recoil
|move|p2b: Hatterene|Trick Room|p2b: Hatterene
|-fieldstart|move: Trick Room|[of] p2b: Hatterene
|
|-fieldend|move: Psychic Terrain
|upkeep
|
|t:|1755015485
|switch|p2a: Ursaluna|Ursaluna-Bloodmoon, L50, M|100/100
|turn|10
|
|t:|1755015504
|move|p2b: Hatterene|Dazzling Gleam|p1b: Corviknight|[spread] p1a,p1b
|-resisted|p1b: Corviknight
|-damage|p1a: Toedscruel|0 fnt
|-damage|p1b: Corviknight|33/100
|faint|p1a: Toedscruel
|move|p2a: Ursaluna|Blood Moon|p1b: Corviknight
|-resisted|p1b: Corviknight
|-damage|p1b: Corviknight|0 fnt
|faint|p1b: Corviknight
|-damage|p2a: Ursaluna|91/100|[from] item: Life Orb
|
|upkeep
|
|t:|1755015516
|switch|p1a: Weezing|Weezing-Galar, L50, F|100/100 slp
|-ability|p1a: Weezing|Neutralizing Gas
|turn|11
|
|t:|1755015522
|-terastallize|p1a: Weezing|Water
|move|p2b: Hatterene|Expanding Force|p1a: Weezing
|-damage|p1a: Weezing|21/100 slp
|move|p2a: Ursaluna|Earth Power|p1a: Weezing
|-damage|p1a: Weezing|0 fnt
|faint|p1a: Weezing
|-end|p1a: Weezing|ability: Neutralizing Gas
|-damage|p2a: Ursaluna|81/100|[from] item: Life Orb
|
|win|Gottkomplexe
|raw|fortree21utube's rating: 1224 → 1205(-19 for losing)
|raw|Gottkomplexe's rating: 1312 → 1327(+15 for winning)
|l|☆fortree21utube
|player|p1|
|l|☆Gottkomplexe
|player|p2|
|j|☆fortree21utube
|player|p1|fortree21utube|102|
