|j|☆pinogrezzo
|j|☆raksbach
|html|pinogrezzoraksbach    
|uhtml|bestof|Game 1 of a best-of-3
|t:|1784542608
|gametype|doubles
|player|p1|pinogrezzo|265|1224
|player|p2|raksbach|266|1259
|gen|9
|tier|[Gen 9 Champions] VGC 2026 Reg M-B (Bo3)
|rated|
|rule|Species Clause: Limit one of each Pokémon
|rule|Item Clause: Limit 1 of each item
|clearpoke
|poke|p1|Staraptor, L50, F, shiny|
|poke|p1|Metagross, L50, shiny|
|poke|p1|Primarina, L50, F, shiny|
|poke|p1|Ceruledge, L50, M, shiny|
|poke|p1|Grimmsnarl, L50, M, shiny|
|poke|p1|Glimmora, L50, M, shiny|
|poke|p2|Incineroar, L50, F|
|poke|p2|Maushold, L50|
|poke|p2|Sinistcha, L50|
|poke|p2|Sneasler, L50, M|
|poke|p2|Blastoise, L50, M|
|poke|p2|Delphox, L50, M|
|teampreview|4
|showteam|p1|Staraptor||Staraptite|Intimidate|Protect,CloseCombat,DualWingbeat,Roost|Adamant||F|||50|]Metagross||Metagrossite|ClearBody|Protect,IronHead,PsychicFangs,StompingTantrum|Jolly|||||50|]Primarina||MysticWater|LiquidVoice|Protect,Moonblast,HyperVoice,EnergyBall|Modest||F|||50|]Ceruledge||ColburBerry|FlashFire|Protect,BulkUp,BitterBlade,ShadowSneak|Adamant||M|||50|]Grimmsnarl||LightClay|Prankster|PartingShot,SpiritBreak,LightScreen,Reflect|Careful||M|||50|]Glimmora||FocusSash|ToxicDebris|SpikyShield,PowerGem,SludgeBomb,EarthPower|Modest||M|||50|
|showteam|p2|Incineroar||SitrusBerry|Intimidate|FakeOut,FlareBlitz,DarkestLariat,PartingShot|Impish||F|||50|]Maushold||ChopleBerry|FriendGuard|SuperFang,FollowMe,Protect,Feint|Impish|||||50|]Sinistcha||OccaBerry|Hospitality|MatchaGotcha,LifeDew,RagePowder,Protect|Bold|||||50|]Sneasler||FocusSash|PoisonTouch|FakeOut,CloseCombat,DireClaw,QuickGuard|Jolly||M|||50|]Blastoise||Blastoisinite|Torrent|WaterSpout,DarkPulse,ShellSmash,Protect|Modest||M|||50|]Delphox||Delphoxite|Blaze|HeatWave,Psychic,NastyPlot,Protect|Timid||M|||50|
|inactive|Battle timer is ON: inactive players will automatically lose when time's up. (requested by raksbach)
|inactive|pinogrezzo has 60 seconds left.
|
|t:|1784542652
|teamsize|p1|4
|teamsize|p2|4
|start
|switch|p1a: Primarina|Primarina, L50, F, shiny|100/100
|switch|p1b: Staraptor|Staraptor, L50, F, shiny|100/100
|switch|p2a: Maushold|Maushold, L50|100/100
|switch|p2b: Blastoise|Blastoise, L50, M|100/100
|-ability|p1b: Staraptor|Intimidate|boost
|-unboost|p2a: Maushold|atk|1
|-unboost|p2b: Blastoise|atk|1
|turn|1
|
|t:|1784542668
|detailschange|p1b: Staraptor|Staraptor-Mega, L50, F, shiny
|-mega|p1b: Staraptor|Staraptor|Staraptite
|detailschange|p2b: Blastoise|Blastoise-Mega, L50, M
|-mega|p2b: Blastoise|Blastoise|Blastoisinite
|move|p2a: Maushold|Follow Me|p2a: Maushold
|-singleturn|p2a: Maushold|move: Follow Me
|move|p1b: Staraptor|Close Combat|p2a: Maushold
|-supereffective|p2a: Maushold|1
|-enditem|p2a: Maushold|Chople Berry|[eat]
|-enditem|p2a: Maushold|Chople Berry|[weaken]
|-damage|p2a: Maushold|25/100
|-boost|p1b: Staraptor|def|1
|-boost|p1b: Staraptor|spd|1
|move|p2b: Blastoise|Shell Smash|p2b: Blastoise
|-unboost|p2b: Blastoise|def|1
|-unboost|p2b: Blastoise|spd|1
|-boost|p2b: Blastoise|atk|2
|-boost|p2b: Blastoise|spa|2
|-boost|p2b: Blastoise|spe|2
|move|p1a: Primarina|Hyper Voice|p2a: Maushold|[spread] p2a,p2b
|-resisted|p2b: Blastoise|1
|-damage|p2a: Maushold|0 fnt
|-damage|p2b: Blastoise|74/100
|faint|p2a: Maushold
|
|upkeep
|
|t:|1784542686
|switch|p2a: Sneasler|Sneasler, L50, M|100/100
|turn|2
|
|t:|1784542702
|move|p1b: Staraptor|Protect|p1b: Staraptor
|-singleturn|p1b: Staraptor|Protect
|move|p1a: Primarina|Protect|p1a: Primarina
|-singleturn|p1a: Primarina|Protect
|move|p2a: Sneasler|Fake Out|p1b: Staraptor
|-activate|p1b: Staraptor|move: Protect
|move|p2b: Blastoise|Water Spout|p1b: Staraptor|[spread] 
|-activate|p1a: Primarina|move: Protect
|-activate|p1b: Staraptor|move: Protect
|
|upkeep
|turn|3
|
|t:|1784542714
|move|p2b: Blastoise|Protect|p2b: Blastoise
|-singleturn|p2b: Blastoise|Protect
|move|p2a: Sneasler|Dire Claw|p1a: Primarina
|-supereffective|p1a: Primarina|1
|-damage|p1a: Primarina|0 fnt
|faint|p1a: Primarina
|move|p1b: Staraptor|Close Combat|p2b: Blastoise
|-activate|p2b: Blastoise|move: Protect
|
|upkeep
|
|t:|1784542719
|switch|p1a: Ceruledge|Ceruledge, L50, M, shiny|100/100
|turn|4
|inactive|raksbach has 30 seconds left.
|
|t:|1784542745
|switch|p2a: Sinistcha|Sinistcha, L50|100/100
|-heal|p2b: Blastoise|99/100|[from] ability: Hospitality|[of] p2a: Sinistcha
|move|p1a: Ceruledge|Shadow Sneak|p2b: Blastoise
|-crit|p2b: Blastoise
|-damage|p2b: Blastoise|52/100
|move|p2b: Blastoise|Water Spout|p1a: Ceruledge|[spread] p1a,p1b
|-supereffective|p1a: Ceruledge|1
|-damage|p1a: Ceruledge|0 fnt
|-damage|p1b: Staraptor|51/100
|faint|p1a: Ceruledge
|move|p1b: Staraptor|Close Combat|p2b: Blastoise
|-damage|p2b: Blastoise|0 fnt
|-boost|p1b: Staraptor|def|1
|-boost|p1b: Staraptor|spd|1
|faint|p2b: Blastoise
|
|upkeep
|
|t:|1784542760
|switch|p2b: Sneasler|Sneasler, L50, M|100/100
|switch|p1a: Glimmora|Glimmora, L50, M, shiny|100/100
|turn|5
|inactive|raksbach has 30 seconds left.
|
|t:|1784542786
|move|p1b: Staraptor|Protect|p1b: Staraptor
|-singleturn|p1b: Staraptor|Protect
|move|p1a: Glimmora|Spiky Shield|p1a: Glimmora
|-singleturn|p1a: Glimmora|move: Protect
|move|p2b: Sneasler|Fake Out|p1a: Glimmora
|-activate|p1a: Glimmora|move: Protect
|-damage|p2b: Sneasler|87/100|[from] Spiky Shield|[of] p1a: Glimmora
|move|p2a: Sinistcha|Rage Powder|p2a: Sinistcha
|-singleturn|p2a: Sinistcha|move: Rage Powder
|
|upkeep
|turn|6
|
|t:|1784542802
|move|p2b: Sneasler|Dire Claw|p1a: Glimmora
|-resisted|p1a: Glimmora|2
|-damage|p1a: Glimmora|86/100
|-activate|p1a: Glimmora|ability: Toxic Debris
|-sidestart|p2: raksbach|move: Toxic Spikes
|move|p1b: Staraptor|Dual Wingbeat|p2b: Sneasler
|-supereffective|p2b: Sneasler|1
|-damage|p2b: Sneasler|9/100
|-supereffective|p2b: Sneasler|1
|-damage|p2b: Sneasler|0 fnt
|faint|p2b: Sneasler
|-hitcount|p2: Sneasler|2
|move|p1a: Glimmora|Earth Power|p2a: Sinistcha
|-resisted|p2a: Sinistcha|1
|-damage|p2a: Sinistcha|83/100
|move|p2a: Sinistcha|Matcha Gotcha|p1a: Glimmora|[spread] p1a,p1b
|-resisted|p1b: Staraptor|1
|-damage|p1a: Glimmora|57/100
|-heal|p2a: Sinistcha|96/100|[from] drain|[of] p1a: Glimmora
|-damage|p1b: Staraptor|44/100
|-heal|p2a: Sinistcha|99/100|[from] drain|[of] p1b: Staraptor
|-status|p1b: Staraptor|brn
|
|-damage|p1b: Staraptor|38/100 brn|[from] brn
|upkeep
|turn|7
|
|t:|1784542827
|move|p1b: Staraptor|Roost|p1b: Staraptor
|-heal|p1b: Staraptor|89/100 brn
|-singleturn|p1b: Staraptor|move: Roost
|move|p1a: Glimmora|Sludge Bomb|p2a: Sinistcha
|-damage|p2a: Sinistcha|51/100
|-status|p2a: Sinistcha|psn
|move|p2a: Sinistcha|Matcha Gotcha|p1b: Staraptor|[spread] p1a,p1b
|-damage|p1a: Glimmora|25/100
|-heal|p2a: Sinistcha|66/100 psn|[from] drain|[of] p1a: Glimmora
|-damage|p1b: Staraptor|76/100 brn
|-heal|p2a: Sinistcha|72/100 psn|[from] drain|[of] p1b: Staraptor
|
|-damage|p2a: Sinistcha|60/100 psn|[from] psn
|-damage|p1b: Staraptor|70/100 brn|[from] brn
|upkeep
|turn|8
|
|t:|1784542845
|move|p1b: Staraptor|Dual Wingbeat|p2a: Sinistcha
|-supereffective|p2a: Sinistcha|1
|-damage|p2a: Sinistcha|41/100 psn
|-supereffective|p2a: Sinistcha|1
|-damage|p2a: Sinistcha|20/100y psn
|-hitcount|p2a: Sinistcha|2
|move|p1a: Glimmora|Sludge Bomb|p2a: Sinistcha
|-damage|p2a: Sinistcha|0 fnt
|faint|p2a: Sinistcha
|
|win|pinogrezzo
