|j|☆ko1d_lol
|j|☆iloveships
|html|ko1d_loliloveships    
|uhtml|bestof|Game 1 of a best-of-3
|t:|1785852233
|gametype|doubles
|player|p1|ko1d_lol|101|1213
|player|p2|iloveships|emmet|1238
|gen|9
|tier|[Gen 9 Champions] VGC 2026 Reg M-B (Bo3)
|rated|
|rule|Species Clause: Limit one of each Pokémon
|rule|Item Clause: Limit 1 of each item
|clearpoke
|poke|p1|Charizard, L50, M|
|poke|p1|Whimsicott, L50, M|
|poke|p1|Kingambit, L50, M|
|poke|p1|Basculegion, L50, M|
|poke|p1|Garchomp, L50, F|
|poke|p1|Glimmora, L50, F|
|poke|p2|Sinistcha, L50|
|poke|p2|Milotic, L50, M|
|poke|p2|Incineroar, L50, M|
|poke|p2|Raichu, L50, M|
|poke|p2|Ninetales-Alola, L50, M|
|poke|p2|Metagross, L50|
|teampreview|4
|showteam|p1|Charizard||CharizarditeY|Blaze|HeatWave,SolarBeam,WeatherBall,Protect|Modest||M|||50|]Whimsicott||FairyFeather|Prankster|Moonblast,Tailwind,Encore,Protect|Timid||M|||50|]Kingambit||ChopleBerry|Defiant|KowtowCleave,LowKick,SuckerPunch,Protect|Adamant||M|||50|]Basculegion||MysticWater|Adaptability|WaveCrash,LastRespects,AquaJet,Protect|Adamant||M|||50|]Garchomp||SitrusBerry|RoughSkin|DragonClaw,Earthquake,RockSlide,PoisonJab|Jolly||F|||50|]Glimmora||FocusSash|ToxicDebris|PowerGem,SludgeBomb,EarthPower,SpikyShield|Modest||F|||50|
|showteam|p2|Sinistcha||KasibBerry|Hospitality|LifeDew,MatchaGotcha,RagePowder,Hex|Calm|||||50|]Milotic||Leftovers|Competitive|MuddyWater,Hypnosis,Coil,Recover|Calm||M|||50|]Incineroar||SitrusBerry|Intimidate|FakeOut,PartingShot,DarkestLariat,FlareBlitz|Adamant||M|||50|]Raichu||RaichuniteY|LightningRod|ZapCannon,FocusBlast,FakeOut,Protect|Timid||M|||50|]Ninetales-Alola||FocusSash|SnowWarning|Blizzard,FreezeDry,Protect,Encore|Timid||M|||50|]Metagross||Metagrossite|ClearBody|BulletPunch,PsychicFangs,Protect,StompingTantrum|Jolly|||||50|
|inactive|Battle timer is ON: inactive players will automatically lose when time's up. (requested by iloveships)
|inactive|ko1d_lol has 60 seconds left.
|inactive|iloveships has 60 seconds left.
|inactive|ko1d_lol has 30 seconds left.
|
|t:|1785852295
|teamsize|p1|4
|teamsize|p2|4
|start
|switch|p1a: Whimsicott|Whimsicott, L50, M|100/100
|switch|p1b: Garchomp|Garchomp, L50, F|100/100
|switch|p2a: Raichu|Raichu, L50, M|100/100
|switch|p2b: Ninetales|Ninetales-Alola, L50, M|100/100
|-weather|Snowscape|[from] ability: Snow Warning|[of] p2b: Ninetales
|turn|1
|inactive|ko1d_lol has 30 seconds left.
|inactive|ko1d_lol has 20 seconds left.
|
|t:|1785852334
|switch|p1b: Charizard|Charizard, L50, M|100/100
|detailschange|p2a: Raichu|Raichu-Mega-Y, L50, M
|-mega|p2a: Raichu|Raichu|Raichunite Y
|move|p1a: Whimsicott|Protect|p1a: Whimsicott
|-singleturn|p1a: Whimsicott|Protect
|move|p2a: Raichu|Zap Cannon|p1a: Whimsicott
|-activate|p1a: Whimsicott|move: Protect
|move|p2b: Ninetales|Blizzard|p1b: Charizard|[spread] p1b
|-activate|p1a: Whimsicott|move: Protect
|-damage|p1b: Charizard|60/100
|
|-weather|Snowscape|[upkeep]
|upkeep
|turn|2
|inactive|iloveships has 30 seconds left.
|
|t:|1785852361
|detailschange|p1b: Charizard|Charizard-Mega-Y, L50, M
|-mega|p1b: Charizard|Charizard|Charizardite Y
|-weather|SunnyDay|[from] ability: Drought|[of] p1b: Charizard
|move|p1a: Whimsicott|Tailwind|p1a: Whimsicott
|-sidestart|p1: ko1d_lol|move: Tailwind
|move|p1b: Charizard|Heat Wave|p2b: Ninetales|[spread] p2a,p2b
|-supereffective|p2b: Ninetales|1
|-damage|p2a: Raichu|10/100
|-enditem|p2b: Ninetales|Focus Sash
|-damage|p2b: Ninetales|1/100
|move|p2a: Raichu|Zap Cannon|p1b: Charizard
|-supereffective|p1b: Charizard|1
|-damage|p1b: Charizard|0 fnt
|faint|p1b: Charizard
|move|p2b: Ninetales|Encore|p1a: Whimsicott
|-start|p1a: Whimsicott|Encore
|
|-weather|SunnyDay|[upkeep]
|upkeep
|
|t:|1785852378
|switch|p1b: Garchomp|Garchomp, L50, F|100/100
|turn|3
|inactive|iloveships has 30 seconds left.
|
|t:|1785852405
|switch|p1a: Basculegion|Basculegion, L50, M|100/100
|switch|p2a: Milotic|Milotic, L50, M|100/100
|move|p2b: Ninetales|Protect|p2b: Ninetales
|-singleturn|p2b: Ninetales|Protect
|move|p1b: Garchomp|Rock Slide|p2a: Milotic|[spread] p2a
|-activate|p2b: Ninetales|move: Protect
|-damage|p2a: Milotic|83/100
|
|-weather|SunnyDay|[upkeep]
|-heal|p2a: Milotic|89/100|[from] item: Leftovers
|upkeep
|turn|4
|
|t:|1785852428
|switch|p2b: Sinistcha|Sinistcha, L50|100/100
|-heal|p2a: Milotic|100/100|[from] ability: Hospitality|[of] p2b: Sinistcha
|move|p1b: Garchomp|Rock Slide|p2b: Sinistcha|[spread] p2a,p2b
|-damage|p2a: Milotic|84/100
|-damage|p2b: Sinistcha|83/100
|move|p1a: Basculegion|Last Respects|p2a: Milotic
|-damage|p2a: Milotic|21/100
|cant|p2a: Milotic|flinch
|
|-weather|SunnyDay|[upkeep]
|-heal|p2a: Milotic|27/100|[from] item: Leftovers
|upkeep
|turn|5
|inactive|ko1d_lol has 30 seconds left.
|inactive|iloveships has 30 seconds left.
|inactive|ko1d_lol has 20 seconds left.
|
|t:|1785852464
|move|p2b: Sinistcha|Rage Powder|p2b: Sinistcha
|-singleturn|p2b: Sinistcha|move: Rage Powder
|move|p1b: Garchomp|Earthquake|p2a: Milotic|[spread] p1a,p2a,p2b
|-resisted|p2b: Sinistcha|1
|-damage|p1a: Basculegion|56/100
|-damage|p2a: Milotic|0 fnt
|-damage|p2b: Sinistcha|66/100
|faint|p2a: Milotic
|move|p1a: Basculegion|Last Respects|p2b: Sinistcha
|-supereffective|p2b: Sinistcha|1
|-crit|p2b: Sinistcha
|-enditem|p2b: Sinistcha|Kasib Berry|[eat]
|-enditem|p2b: Sinistcha|Kasib Berry|[weaken]
|-damage|p2b: Sinistcha|0 fnt
|faint|p2b: Sinistcha
|
|-weather|SunnyDay|[upkeep]
|-sideend|p1: ko1d_lol|move: Tailwind
|upkeep
|
|t:|1785852474
|switch|p2a: Raichu|Raichu-Mega-Y, L50, M|10/100
|switch|p2b: Ninetales|Ninetales-Alola, L50, M|1/100
|-weather|Snowscape|[from] ability: Snow Warning|[of] p2b: Ninetales
|turn|6
|inactive|ko1d_lol has 30 seconds left.
|
|t:|1785852505
|move|p1a: Basculegion|Aqua Jet|p2b: Ninetales
|-damage|p2b: Ninetales|0 fnt
|faint|p2b: Ninetales
|move|p2a: Raichu|Zap Cannon|p1a: Basculegion
|-supereffective|p1a: Basculegion|1
|-damage|p1a: Basculegion|0 fnt
|faint|p1a: Basculegion
|move|p1b: Garchomp|Dragon Claw|p2a: Raichu
|-damage|p2a: Raichu|0 fnt
|faint|p2a: Raichu
|
|win|ko1d_lol
