|j|☆jomivgc
|j|☆bosserz
|html|jomivgcbosserz    
|uhtml|bestof|Game 1 of a best-of-3
|t:|1784829651
|gametype|doubles
|player|p1|jomivgc|falkner-gen2|1313
|player|p2|bosserz|2|1156
|gen|9
|tier|[Gen 9 Champions] VGC 2026 Reg M-B (Bo3)
|rated|
|rule|Species Clause: Limit one of each Pokémon
|rule|Item Clause: Limit 1 of each item
|clearpoke
|poke|p1|Staraptor, L50, M|
|poke|p1|Vanilluxe, L50, F|
|poke|p1|Farigiraf, L50, F|
|poke|p1|Blastoise, L50, F|
|poke|p1|Kingambit, L50, M|
|poke|p1|Camerupt, L50, M|
|poke|p2|Delphox, L50, M, shiny|
|poke|p2|Staraptor, L50, F, shiny|
|poke|p2|Whimsicott, L50, F, shiny|
|poke|p2|Garchomp, L50, M, shiny|
|poke|p2|Kingambit, L50, F, shiny|
|poke|p2|Glimmora, L50, F, shiny|
|teampreview|4
|showteam|p1|Staraptor||ChoiceScarf|Intimidate|FinalGambit,BraveBird,CloseCombat,Uturn|Jolly||M|||50|]Vanilluxe||NeverMeltIce|SnowWarning|Blizzard,FreezeDry,Protect,IceShard|Quiet||F|||50|]Farigiraf||SitrusBerry|ArmorTail|PsychicFangs,HyperVoice,HelpingHand,TrickRoom|Relaxed||F|||50|]Blastoise||Blastoisinite|RainDish|FakeOut,WaterSpout,AuraSphere,DarkPulse|Quiet||F|||50|]Kingambit||LifeOrb|Defiant|KowtowCleave,IronHead,Protect,SuckerPunch|Brave||M|||50|]Camerupt||Cameruptite|SolidRock|HeatWave,EarthPower,Protect,AncientPower|Quiet||M|||50|
|showteam|p2|Delphox||Delphoxite|Blaze|NastyPlot,HeatWave,Psyshock,Protect|Timid||M|||50|]Staraptor||Staraptite|Intimidate|CloseCombat,BraveBird,Roost,Protect|Adamant||F|||50|]Whimsicott||OccaBerry|Prankster|Tailwind,Charm,Moonblast,Encore|Timid||F|||50|]Garchomp||LifeOrb|RoughSkin|Earthquake,DragonClaw,RockSlide,Protect|Jolly||M|||50|]Kingambit||BlackGlasses|Defiant|KowtowCleave,SuckerPunch,IronHead,Protect|Adamant||F|||50|]Glimmora||FocusSash|ToxicDebris|EarthPower,PowerGem,SludgeBomb,SpikyShield|Timid||F|||50|
|inactive|Battle timer is ON: inactive players will automatically lose when time's up. (requested by jomivgc)
|inactive|jomivgc has 60 seconds left.
|inactive|bosserz has 60 seconds left.
|inactive|jomivgc has 30 seconds left.
|
|t:|1784829717
|teamsize|p1|4
|teamsize|p2|4
|start
|switch|p1a: Staraptor|Staraptor, L50, M|100/100
|switch|p1b: Farigiraf|Farigiraf, L50, F|100/100
|switch|p2a: Delphox|Delphox, L50, M, shiny|100/100
|switch|p2b: Garchomp|Garchomp, L50, M, shiny|100/100
|-ability|p1a: Staraptor|Intimidate|boost
|-unboost|p2a: Delphox|atk|1
|-unboost|p2b: Garchomp|atk|1
|turn|1
|inactive|jomivgc has 30 seconds left.
|inactive|bosserz has 30 seconds left.
|
|t:|1784829745
|switch|p2a: Kingambit|Kingambit, L50, F, shiny|100/100
|move|p1a: Staraptor|U-turn|p2a: Kingambit
|-damage|p2a: Kingambit|85/100
|
|t:|1784829751
|switch|p1a: Camerupt|Camerupt, L50, M|100/100|[from] U-turn
|move|p2b: Garchomp|Rock Slide|p1a: Camerupt|[spread] p1a,p1b
|-damage|p1a: Camerupt|77/100
|-damage|p1b: Farigiraf|85/100
|-damage|p2b: Garchomp|90/100|[from] item: Life Orb
|move|p1b: Farigiraf|Trick Room|p1b: Farigiraf
|-fieldstart|move: Trick Room|[of] p1b: Farigiraf
|
|upkeep
|turn|2
|inactive|jomivgc has 30 seconds left.
|inactive|jomivgc has 20 seconds left.
|inactive|jomivgc has 15 seconds left.
|
|t:|1784829793
|detailschange|p1a: Camerupt|Camerupt-Mega, L50, M
|-mega|p1a: Camerupt|Camerupt|Cameruptite
|move|p2a: Kingambit|Sucker Punch||[still]
|cant|p1b: Farigiraf|ability: Armor Tail|Sucker Punch|[of] p2a: Kingambit
|move|p1a: Camerupt|Earth Power|p2b: Garchomp
|-damage|p2b: Garchomp|10/100
|move|p1b: Farigiraf|Hyper Voice|p2b: Garchomp|[spread] p2a,p2b
|-resisted|p2a: Kingambit|1
|-damage|p2a: Kingambit|73/100
|-damage|p2b: Garchomp|0 fnt
|faint|p2b: Garchomp
|
|upkeep
|
|t:|1784829806
|switch|p2b: Delphox|Delphox, L50, M, shiny|100/100
|turn|3
|
|t:|1784829824
|detailschange|p2b: Delphox|Delphox-Mega, L50, M, shiny
|-mega|p2b: Delphox|Delphox|Delphoxite
|move|p2a: Kingambit|Protect|p2a: Kingambit
|-singleturn|p2a: Kingambit|Protect
|move|p1a: Camerupt|Heat Wave|p2b: Delphox|[spread] p2b
|-activate|p2a: Kingambit|move: Protect
|-resisted|p2b: Delphox|1
|-damage|p2b: Delphox|74/100
|move|p1b: Farigiraf|Hyper Voice|p2b: Delphox|[spread] p2b
|-activate|p2a: Kingambit|move: Protect
|-damage|p2b: Delphox|52/100
|move|p2b: Delphox|Psyshock|p1a: Camerupt
|-damage|p1a: Camerupt|31/100
|
|upkeep
|turn|4
|inactive|jomivgc has 30 seconds left.
|
|t:|1784829854
|switch|p2a: Glimmora|Glimmora, L50, F, shiny|100/100
|move|p2b: Delphox|Protect|p2b: Delphox
|-singleturn|p2b: Delphox|Protect
|move|p1a: Camerupt|Heat Wave|p2b: Delphox|[spread] p2a
|-activate|p2b: Delphox|move: Protect
|-resisted|p2a: Glimmora|1
|-damage|p2a: Glimmora|62/100
|move|p1b: Farigiraf|Hyper Voice|p2b: Delphox|[spread] p2a
|-activate|p2b: Delphox|move: Protect
|-resisted|p2a: Glimmora|1
|-damage|p2a: Glimmora|45/100
|
|upkeep
|turn|5
|inactive|bosserz has 30 seconds left.
|inactive|bosserz has 20 seconds left.
|inactive|jomivgc has 30 seconds left.
|
|t:|1784829897
|switch|p2b: Kingambit|Kingambit, L50, F, shiny|73/100
|move|p1a: Camerupt|Ancient Power|p2b: Kingambit
|-resisted|p2b: Kingambit|1
|-damage|p2b: Kingambit|57/100
|move|p1b: Farigiraf|Psychic Fangs|p2a: Glimmora
|-supereffective|p2a: Glimmora|1
|-damage|p2a: Glimmora|0 fnt
|-activate|p2a: Glimmora|ability: Toxic Debris
|-sidestart|p1: jomivgc|move: Toxic Spikes
|faint|p2a: Glimmora
|
|-fieldend|move: Trick Room
|upkeep
|
|t:|1784829903
|switch|p2a: Delphox|Delphox-Mega, L50, M, shiny|52/100
|turn|6
|inactive|jomivgc has 30 seconds left.
|inactive|jomivgc has 20 seconds left.
|
|t:|1784829940
|move|p2a: Delphox|Heat Wave|p1b: Farigiraf|[spread] p1a,p1b
|-resisted|p1a: Camerupt|1
|-damage|p1a: Camerupt|11/100
|-damage|p1b: Farigiraf|50/100g
|move|p1b: Farigiraf|Hyper Voice|p2b: Kingambit|[spread] p2a,p2b
|-resisted|p2b: Kingambit|1
|-damage|p2a: Delphox|27/100
|-damage|p2b: Kingambit|44/100
|move|p2b: Kingambit|Kowtow Cleave|p1b: Farigiraf
|-supereffective|p1b: Farigiraf|1
|-damage|p1b: Farigiraf|0 fnt
|faint|p1b: Farigiraf
|move|p1a: Camerupt|Heat Wave|p2b: Kingambit|[spread] p2a
|-miss|p1a: Camerupt|p2b: Kingambit
|-resisted|p2a: Delphox|1
|-damage|p2a: Delphox|1/100
|
|upkeep
|inactive|jomivgc has 30 seconds left.
|
|t:|1784829965
|switch|p1b: Kingambit|Kingambit, L50, M|100/100
|turn|7
|
|t:|1784829975
|move|p2b: Kingambit|Sucker Punch|p1a: Camerupt
|-damage|p1a: Camerupt|0 fnt
|faint|p1a: Camerupt
|move|p1b: Kingambit|Sucker Punch||[still]
|-fail|p1b: Kingambit
|move|p2a: Delphox|Nasty Plot|p2a: Delphox
|-boost|p2a: Delphox|spa|2
|
|upkeep
|
|t:|1784829981
|switch|p1a: Staraptor|Staraptor, L50, M|100/100
|-ability|p1a: Staraptor|Intimidate|boost
|-unboost|p2a: Delphox|atk|1
|-unboost|p2b: Kingambit|atk|1
|-ability|p2b: Kingambit|Defiant|boost
|-boost|p2b: Kingambit|atk|2
|turn|8
|
|t:|1784830003
|move|p2a: Delphox|Protect|p2a: Delphox
|-singleturn|p2a: Delphox|Protect
|move|p2b: Kingambit|Sucker Punch|p1a: Staraptor
|-damage|p1a: Staraptor|2/100
|move|p1b: Kingambit|Sucker Punch||[still]
|-fail|p1b: Kingambit
|move|p1a: Staraptor|Close Combat|p2b: Kingambit
|-supereffective|p2b: Kingambit|2
|-damage|p2b: Kingambit|0 fnt
|-unboost|p1a: Staraptor|def|1
|-unboost|p1a: Staraptor|spd|1
|faint|p2b: Kingambit
|
|upkeep
|turn|9
|
|t:|1784830019
|move|p2a: Delphox|Protect||[still]
|-fail|p2a: Delphox
|move|p1b: Kingambit|Sucker Punch||[still]
|-fail|p1b: Kingambit
|move|p1a: Staraptor|Close Combat|p2a: Delphox
|-resisted|p2a: Delphox|1
|-damage|p2a: Delphox|0 fnt
|-unboost|p1a: Staraptor|def|1
|-unboost|p1a: Staraptor|spd|1
|faint|p2a: Delphox
|
|win|jomivgc
