|j|☆lalalaing
|j|☆testforlose
|html|lalalaingtestforlose    
|uhtml|bestof|Game 2 of a best-of-3
|t:|1784135225
|gametype|doubles
|player|p1|lalalaing|chili|1440
|player|p2|testforlose|ghetsis-gen5bw|1472
|gen|9
|tier|[Gen 9 Champions] VGC 2026 Reg M-B (Bo3)
|rated|
|rule|Species Clause: Limit one of each Pokémon
|rule|Item Clause: Limit 1 of each item
|clearpoke
|poke|p1|Swampert, L50, F|
|poke|p1|Gengar, L50, M|
|poke|p1|Pelipper, L50, M|
|poke|p1|Archaludon, L50, F|
|poke|p1|Maushold-Four, L50|
|poke|p1|Grimmsnarl, L50, M|
|poke|p2|Charizard, L50, F|
|poke|p2|Garchomp, L50, M|
|poke|p2|Aerodactyl, L50, F|
|poke|p2|Farigiraf, L50, M|
|poke|p2|Kingambit, L50, F|
|poke|p2|Sylveon, L50, F|
|teampreview|4
|showteam|p1|Swampert||Swampertite|Torrent|WaveCrash,Earthquake,IcePunch,Protect|Adamant||F|||50|]Gengar||Gengarite|CursedBody|ShadowBall,SludgeBomb,Disable,Protect|Modest||M|||50|]Pelipper||SitrusBerry|Drizzle|WeatherBall,Hurricane,Tailwind,Protect|Modest||M|||50|]Archaludon||Leftovers|Stamina|FlashCannon,DragonPulse,ElectroShot,Protect|Modest||F|||50|]Maushold-Four||FocusSash|FriendGuard|SuperFang,FollowMe,Encore,Protect|Timid|||||50|]Grimmsnarl||LightClay|Prankster|SpiritBreak,PartingShot,Reflect,LightScreen|Sassy||M|||50|
|showteam|p2|Charizard||CharizarditeY|Blaze|HeatWave,WeatherBall,SolarBeam,Protect|Modest||F|||50|]Garchomp||LifeOrb|RoughSkin|Earthquake,DragonClaw,StompingTantrum,Protect|Jolly||M|||50|]Aerodactyl||Aerodactylite|Unnerve|RockSlide,DualWingbeat,IceFang,Tailwind|Jolly||F|||50|]Farigiraf||SitrusBerry|ArmorTail|TwinBeam,Thunderbolt,TrickRoom,Protect|Bold||M|||50|]Kingambit||FocusSash|Defiant|KowtowCleave,IronHead,SuckerPunch,LowKick|Adamant||F|||50|]Sylveon||FairyFeather|Pixilate|HyperVoice,HyperBeam,QuickAttack,Detect|Modest||F|||50|
|inactive|Battle timer is ON: inactive players will automatically lose when time's up. (requested by testforlose)
|inactive|lalalaing has 60 seconds left.
|
|t:|1784135258
|teamsize|p1|4
|teamsize|p2|4
|start
|switch|p1a: Swampert|Swampert, L50, F|100/100
|switch|p1b: Pelipper|Pelipper, L50, M|100/100
|switch|p2a: Kingambit|Kingambit, L50, F|100/100
|switch|p2b: Sylveon|Sylveon, L50, F|100/100
|-weather|RainDance|[from] ability: Drizzle|[of] p1b: Pelipper
|turn|1
|
|t:|1784135271
|detailschange|p1a: Swampert|Swampert-Mega, L50, F
|-mega|p1a: Swampert|Swampert|Swampertite
|move|p1a: Swampert|Earthquake|p2a: Kingambit|[spread] p2a,p2b
|-immune|p1b: Pelipper
|-supereffective|p2a: Kingambit|1
|-damage|p2a: Kingambit|22/100
|-damage|p2b: Sylveon|43/100
|move|p1b: Pelipper|Weather Ball|p2a: Kingambit
|-damage|p2a: Kingambit|0 fnt
|faint|p2a: Kingambit
|move|p2b: Sylveon|Hyper Voice|p1a: Swampert|[spread] p1a,p1b
|-damage|p1a: Swampert|58/100
|-damage|p1b: Pelipper|44/100
|-enditem|p1b: Pelipper|Sitrus Berry|[eat]
|-heal|p1b: Pelipper|69/100|[from] item: Sitrus Berry
|
|-weather|RainDance|[upkeep]
|upkeep
|
|t:|1784135283
|switch|p2a: Charizard|Charizard, L50, F|100/100
|turn|2
|inactive|testforlose has 30 seconds left.
|inactive|testforlose has 20 seconds left.
|inactive|testforlose has 15 seconds left.
|
|t:|1784135324
|switch|p1b: Grimmsnarl|Grimmsnarl, L50, M|100/100
|detailschange|p2a: Charizard|Charizard-Mega-Y, L50, F
|-mega|p2a: Charizard|Charizard|Charizardite Y
|-weather|SunnyDay|[from] ability: Drought|[of] p2a: Charizard
|move|p2a: Charizard|Weather Ball|p1b: Grimmsnarl
|-damage|p1b: Grimmsnarl|28/100
|move|p1a: Swampert|Earthquake|p2a: Charizard|[spread] p1b,p2b
|-immune|p2a: Charizard
|-crit|p2b: Sylveon
|-damage|p1b: Grimmsnarl|0 fnt
|-damage|p2b: Sylveon|0 fnt
|faint|p1b: Grimmsnarl
|faint|p2b: Sylveon
|
|-weather|SunnyDay|[upkeep]
|upkeep
|
|t:|1784135335
|switch|p2b: Farigiraf|Farigiraf, L50, M|100/100
|switch|p1b: Pelipper|Pelipper, L50, M|69/100
|-weather|RainDance|[from] ability: Drizzle|[of] p1b: Pelipper
|turn|3
|
|t:|1784135349
|move|p2b: Farigiraf|Protect|p2b: Farigiraf
|-singleturn|p2b: Farigiraf|Protect
|move|p1a: Swampert|Wave Crash|p2b: Farigiraf
|-activate|p2b: Farigiraf|move: Protect
|move|p2a: Charizard|Weather Ball|p1a: Swampert
|-damage|p1a: Swampert|9/100
|move|p1b: Pelipper|Weather Ball|p2b: Farigiraf
|-activate|p2b: Farigiraf|move: Protect
|
|-weather|RainDance|[upkeep]
|upkeep
|turn|4
|inactive|testforlose has 30 seconds left.
|
|t:|1784135378
|move|p1a: Swampert|Wave Crash|p2b: Farigiraf
|-damage|p2b: Farigiraf|8/100
|-enditem|p2b: Farigiraf|Sitrus Berry|[eat]
|-heal|p2b: Farigiraf|33/100|[from] item: Sitrus Berry
|-damage|p1a: Swampert|0 fnt|[from] Recoil
|faint|p1a: Swampert
|move|p2a: Charizard|Weather Ball|p1b: Pelipper
|-resisted|p1b: Pelipper|1
|-crit|p1b: Pelipper
|-damage|p1b: Pelipper|18/100
|move|p1b: Pelipper|Weather Ball|p2b: Farigiraf
|-damage|p2b: Farigiraf|0 fnt
|faint|p2b: Farigiraf
|
|-weather|RainDance|[upkeep]
|upkeep
|
|t:|1784135384
|switch|p1a: Archaludon|Archaludon, L50, F|100/100
|turn|5
|
|t:|1784135391
|move|p2a: Charizard|Weather Ball|p1b: Pelipper
|-resisted|p1b: Pelipper|1
|-damage|p1b: Pelipper|0 fnt
|faint|p1b: Pelipper
|move|p1a: Archaludon|Electro Shot||[still]
|-prepare|p1a: Archaludon|Electro Shot
|-boost|p1a: Archaludon|spa|1
|-anim|p1a: Archaludon|Electro Shot|p2a: Charizard
|-supereffective|p2a: Charizard|1
|-damage|p2a: Charizard|0 fnt
|faint|p2a: Charizard
|
|win|lalalaing
||testforlose is ready for game 3.
||lalalaing is ready for game 3.
|uhtml|next|Next: Game 3 of 3
|l|☆testforlose
|player|p2|
