|j|☆Ryan0771
|j|☆Lemon Creamery
|html|Ryan0771Lemon Creamery    
|uhtml|bestof|Game 2 of a best-of-3
|t:|1782187700
|gametype|doubles
|player|p1|Ryan0771|101|1047
|player|p2|Lemon Creamery|169|1125
|gen|9
|tier|[Gen 9 Champions] VGC 2026 Reg M-B (Bo3)
|rated|
|rule|Species Clause: Limit one of each Pokémon
|rule|Item Clause: Limit 1 of each item
|clearpoke
|poke|p1|Metagross, L50|
|poke|p1|Garchomp, L50, F|
|poke|p1|Incineroar, L50, M|
|poke|p1|Grimmsnarl, L50, M|
|poke|p1|Whimsicott, L50, F|
|poke|p1|Rotom-Wash, L50|
|poke|p2|Froslass, L50, F|
|poke|p2|Garchomp, L50, F|
|poke|p2|Incineroar, L50, M|
|poke|p2|Sneasler, L50, M, shiny|
|poke|p2|Kingambit, L50, F|
|poke|p2|Venusaur, L50, F|
|teampreview|4
|showteam|p1|Metagross||Metagrossite|ClearBody|IronHead,Protect,PsychicFangs,RockTomb|Jolly|||||50|]Garchomp||LifeOrb|SandVeil|DragonClaw,Earthquake,RockSlide,Protect|Jolly||F|||50|]Incineroar||ShucaBerry|Intimidate|FlareBlitz,PartingShot,ThroatChop,FakeOut|Impish||M|||50|]Grimmsnarl||LightClay|Prankster|LightScreen,Reflect,PartingShot,SpiritBreak|Careful||M|||50|]Whimsicott||FocusSash|Prankster|Moonblast,Tailwind,Protect,Encore|Timid||F|||50|]Rotom-Wash||SitrusBerry|Levitate|HydroPump,WillOWisp,Thunderbolt,Protect|Bold|||||50|
|showteam|p2|Froslass||Froslassite|CursedBody|Blizzard,AuroraVeil,ShadowBall,Protect|Timid||F|||50|]Garchomp||LifeOrb|RoughSkin|RockSlide,Earthquake,DragonClaw,Protect|Jolly||F|||50|]Incineroar||SitrusBerry|Intimidate|FakeOut,PartingShot,FlareBlitz,ThroatChop|Adamant||M|||50|]Sneasler||WhiteHerb|Unburden|CloseCombat,DireClaw,FakeOut,Protect|Jolly||M|||50|]Kingambit||ChopleBerry|Defiant|KowtowCleave,SuckerPunch,IronHead,Protect|Adamant||F|||50|]Venusaur||Venusaurite|Chlorophyll|GigaDrain,Synthesis,SludgeBomb,SleepPowder|Modest||F|||50|
|
|t:|1782187726
|teamsize|p1|4
|teamsize|p2|4
|start
|switch|p1a: Grimmsnarl|Grimmsnarl, L50, M|100/100
|switch|p1b: Metagross|Metagross, L50|100/100
|switch|p2a: Incineroar|Incineroar, L50, M|100/100
|switch|p2b: Froslass|Froslass, L50, F|100/100
|-ability|p2a: Incineroar|Intimidate|boost
|-unboost|p1a: Grimmsnarl|atk|1
|-fail|p1b: Metagross|unboost|[from] ability: Clear Body|[of] p1b: Metagross
|turn|1
|
|t:|1782187748
|detailschange|p2b: Froslass|Froslass-Mega, L50, F
|-mega|p2b: Froslass|Froslass|Froslassite
|-weather|Snowscape|[from] ability: Snow Warning|[of] p2b: Froslass
|move|p1b: Metagross|Protect|p1b: Metagross
|-singleturn|p1b: Metagross|Protect
|move|p2a: Incineroar|Fake Out|p1a: Grimmsnarl
|-damage|p1a: Grimmsnarl|88/100
|cant|p1a: Grimmsnarl|flinch
|move|p2b: Froslass|Shadow Ball|p1b: Metagross
|-activate|p1b: Metagross|move: Protect
|
|-weather|Snowscape|[upkeep]
|upkeep
|turn|2
|
|t:|1782187772
|detailschange|p1b: Metagross|Metagross-Mega, L50
|-mega|p1b: Metagross|Metagross|Metagrossite
|move|p1a: Grimmsnarl|Reflect|p1a: Grimmsnarl
|-sidestart|p1: Ryan0771|Reflect
|move|p2b: Froslass|Shadow Ball|p1b: Metagross
|-supereffective|p1b: Metagross|1
|-damage|p1b: Metagross|1/100
|move|p1b: Metagross|Iron Head|p2b: Froslass
|-supereffective|p2b: Froslass|1
|-damage|p2b: Froslass|0 fnt
|faint|p2b: Froslass
|move|p2a: Incineroar|Throat Chop|p1b: Metagross
|-supereffective|p1b: Metagross|1
|-damage|p1b: Metagross|0 fnt
|faint|p1b: Metagross
|
|-weather|Snowscape|[upkeep]
|upkeep
|
|t:|1782187789
|switch|p2b: Kingambit|Kingambit, L50, F|100/100
|switch|p1b: Garchomp|Garchomp, L50, F|100/100
|turn|3
|
|t:|1782187808
|switch|p1a: Rotom|Rotom-Wash, L50|100/100
|move|p1b: Garchomp|Earthquake|p2a: Incineroar|[spread] p2a,p2b
|-immune|p1a: Rotom|[from] ability: Levitate
|-supereffective|p2a: Incineroar|1
|-supereffective|p2b: Kingambit|1
|-damage|p2a: Incineroar|7/100
|-damage|p2b: Kingambit|27/100
|-enditem|p2a: Incineroar|Sitrus Berry|[eat]
|-heal|p2a: Incineroar|32/100|[from] item: Sitrus Berry
|-damage|p1b: Garchomp|90/100|[from] item: Life Orb
|move|p2a: Incineroar|Parting Shot|p1b: Garchomp
|-unboost|p1b: Garchomp|atk|1
|-unboost|p1b: Garchomp|spa|1
|
|t:|1782187822
|switch|p2a: Garchomp|Garchomp, L50, F|100/100|[from] Parting Shot
|move|p2b: Kingambit|Iron Head|p1a: Rotom
|-resisted|p1a: Rotom|2
|-damage|p1a: Rotom|92/100
|
|-weather|Snowscape|[upkeep]
|upkeep
|turn|4
|
|t:|1782187839
|switch|p1b: Grimmsnarl|Grimmsnarl, L50, M|88/100
|move|p2b: Kingambit|Sucker Punch||[still]
|-fail|p2b: Kingambit
|move|p2a: Garchomp|Dragon Claw|p1b: Grimmsnarl
|-immune|p1b: Grimmsnarl
|move|p1a: Rotom|Will-O-Wisp|p2a: Garchomp
|-status|p2a: Garchomp|brn
|
|-weather|Snowscape|[upkeep]
|-damage|p2a: Garchomp|94/100 brn|[from] brn
|upkeep
|turn|5
|-message|Lemon Creamery forfeited.
|
|win|Ryan0771
|raw|Ryan0771's rating: 1047 → 1087(+40 for winning)
|raw|Lemon Creamery's rating: 1125 → 1094(-31 for losing)
|l|☆Lemon Creamery
|player|p2|
