|j|☆larpnoahc17
|j|☆Meriwis
|html|larpnoahc17Meriwis    
|uhtml|bestof|Game 2 of a best-of-3
|t:|1785024615
|gametype|doubles
|player|p1|larpnoahc17|miku-flying|
|player|p2|Meriwis|aquasuit|
|gen|9
|tier|[Gen 9 Champions] VGC 2026 Reg M-B (Bo3)
|rule|Species Clause: Limit one of each Pokémon
|rule|Item Clause: Limit 1 of each item
|clearpoke
|poke|p1|Glimmora, L50, F, shiny|
|poke|p1|Ninetales-Alola, L50, F, shiny|
|poke|p1|Talonflame, L50, M, shiny|
|poke|p1|Basculegion, L50, M, shiny|
|poke|p1|Kommo-o, L50, M, shiny|
|poke|p1|Kingambit, L50, F, shiny|
|poke|p2|Floette-Eternal, L50, F|
|poke|p2|Sneasler, L50, M|
|poke|p2|Pelipper, L50, M|
|poke|p2|Lycanroc-Dusk, L50, M, shiny|
|poke|p2|Archaludon, L50, F|
|poke|p2|Venusaur, L50, F|
|teampreview|4
|showteam|p1|Glimmora||Glimmoranite|ToxicDebris|PowerGem,SludgeBomb,EarthPower,SpikyShield|Modest||F|||50|]Ninetales-Alola||NeverMeltIce|SnowWarning|Blizzard,FreezeDry,Encore,Protect|Timid||F|||50|]Talonflame||SharpBeak|GaleWings|DualWingbeat,FlareBlitz,Tailwind,Protect|Jolly||M|||50|]Basculegion||ChoiceScarf|Adaptability|WaveCrash,AquaJet,FlipTurn,LastRespects|Jolly||M|||50|]Kommo-o||LifeOrb|Soundproof|ClangingScales,DracoMeteor,AuraSphere,Protect|Modest||M|||50|]Kingambit||FocusSash|Defiant|SuckerPunch,KowtowCleave,IronHead,LowKick|Adamant||F|||50|
|showteam|p2|Floette-Eternal||Floettite|FlowerVeil|LightofRuin,DazzlingGleam,Moonblast,Protect|Modest||F|||50|]Sneasler||WhiteHerb|Unburden|CloseCombat,DireClaw,FakeOut,Protect|Jolly||M|||50|]Pelipper||SitrusBerry|Drizzle|Hurricane,WeatherBall,Tailwind,Protect|Bold||M|||50|]Lycanroc-Dusk||FocusSash|ToughClaws|Accelerock,CloseCombat,RockSlide,Protect|Adamant||M|||50|]Archaludon||Leftovers|Stamina|ElectroShot,DragonPulse,FlashCannon,Protect|Modest||F|||50|]Venusaur||Venusaurite|Chlorophyll|GigaDrain,EarthPower,SludgeBomb,Protect|Modest||F|||50|
|
|t:|1785024631
|teamsize|p1|4
|teamsize|p2|4
|start
|switch|p1a: BIRDDD|Talonflame, L50, M, shiny|100/100
|switch|p1b: Komm-OH-NOOO|Kommo-o, L50, M, shiny|100/100
|switch|p2a: Sneasler|Sneasler, L50, M|100/100
|switch|p2b: Lycanroc|Lycanroc-Dusk, L50, M, shiny|100/100
|turn|1
|
|t:|1785024639
|move|p1a: BIRDDD|Protect|p1a: BIRDDD
|-singleturn|p1a: BIRDDD|Protect
|move|p1b: Komm-OH-NOOO|Protect|p1b: Komm-OH-NOOO
|-singleturn|p1b: Komm-OH-NOOO|Protect
|move|p2b: Lycanroc|Accelerock|p1a: BIRDDD
|-activate|p1a: BIRDDD|move: Protect
|move|p2a: Sneasler|Dire Claw|p1b: Komm-OH-NOOO
|-activate|p1b: Komm-OH-NOOO|move: Protect
|
|upkeep
|turn|2
|
|t:|1785024658
|move|p1a: BIRDDD|Dual Wingbeat|p2a: Sneasler
|-supereffective|p2a: Sneasler|1
|-damage|p2a: Sneasler|54/100
|-supereffective|p2a: Sneasler|1
|-damage|p2a: Sneasler|8/100
|-hitcount|p2a: Sneasler|2
|move|p2b: Lycanroc|Accelerock|p1a: BIRDDD
|-supereffective|p1a: BIRDDD|2
|-damage|p1a: BIRDDD|0 fnt
|faint|p1a: BIRDDD
|move|p2a: Sneasler|Close Combat|p1b: Komm-OH-NOOO
|-damage|p1b: Komm-OH-NOOO|47/100
|-unboost|p2a: Sneasler|def|1
|-unboost|p2a: Sneasler|spd|1
|-enditem|p2a: Sneasler|White Herb
|-clearnegativeboost|p2a: Sneasler|[silent]
|move|p1b: Komm-OH-NOOO|Clanging Scales|p2b: Lycanroc|[spread] p2a,p2b
|-damage|p2a: Sneasler|0 fnt
|-damage|p2b: Lycanroc|15/100
|faint|p2a: Sneasler
|-unboost|p1b: Komm-OH-NOOO|def|1
|-damage|p1b: Komm-OH-NOOO|37/100|[from] item: Life Orb
|
|upkeep
|
|t:|1785024674
|switch|p1a: Nuke.|Glimmora, L50, F, shiny|100/100
|switch|p2a: Venusaur|Venusaur, L50, F|100/100
|turn|3
|
|t:|1785024695
|switch|p1a: ICE TALES|Ninetales-Alola, L50, F, shiny|100/100
|-weather|Snowscape|[from] ability: Snow Warning|[of] p1a: ICE TALES
|detailschange|p2a: Venusaur|Venusaur-Mega, L50, F
|-mega|p2a: Venusaur|Venusaur|Venusaurite
|move|p1b: Komm-OH-NOOO|Protect|p1b: Komm-OH-NOOO
|-singleturn|p1b: Komm-OH-NOOO|Protect
|move|p2b: Lycanroc|Close Combat|p1b: Komm-OH-NOOO
|-activate|p1b: Komm-OH-NOOO|move: Protect
|move|p2a: Venusaur|Earth Power|p1a: ICE TALES
|-damage|p1a: ICE TALES|66/100
|
|-weather|Snowscape|[upkeep]
|upkeep
|turn|4
|
|t:|1785024723
|move|p2b: Lycanroc|Accelerock|p1a: ICE TALES
|-supereffective|p1a: ICE TALES|1
|-damage|p1a: ICE TALES|13/100
|move|p1a: ICE TALES|Freeze-Dry|p2b: Lycanroc
|-damage|p2b: Lycanroc|0 fnt
|faint|p2b: Lycanroc
|move|p1b: Komm-OH-NOOO|Draco Meteor|p2a: Venusaur|[miss]
|-miss|p1b: Komm-OH-NOOO|p2a: Venusaur
|move|p2a: Venusaur|Sludge Bomb|p1b: Komm-OH-NOOO
|-damage|p1b: Komm-OH-NOOO|0 fnt
|faint|p1b: Komm-OH-NOOO
|
|-weather|Snowscape|[upkeep]
|upkeep
|
|t:|1785024734
|switch|p2b: Archaludon|Archaludon, L50, F|100/100
|switch|p1b: Nuke.|Glimmora, L50, F, shiny|100/100
|turn|5
|
|t:|1785024742
|detailschange|p1b: Nuke.|Glimmora-Mega, L50, F, shiny
|-mega|p1b: Nuke.|Glimmora|Glimmoranite
|move|p1a: ICE TALES|Encore|p2a: Venusaur
|-start|p2a: Venusaur|Encore
|move|p1b: Nuke.|Earth Power|p2b: Archaludon
|-supereffective|p2b: Archaludon|1
|-damage|p2b: Archaludon|25/100
|-ability|p2b: Archaludon|Stamina|boost
|-boost|p2b: Archaludon|def|1
|move|p2a: Venusaur|Sludge Bomb|p1a: ICE TALES
|-supereffective|p1a: ICE TALES|1
|-damage|p1a: ICE TALES|0 fnt
|faint|p1a: ICE TALES
|move|p2b: Archaludon|Flash Cannon|p1b: Nuke.
|-supereffective|p1b: Nuke.|1
|-damage|p1b: Nuke.|16/100
|
|-weather|Snowscape|[upkeep]
|-heal|p2b: Archaludon|31/100|[from] item: Leftovers
|upkeep
|turn|6
|
|t:|1785024758
|move|p1b: Nuke.|Earth Power|p2b: Archaludon
|-supereffective|p2b: Archaludon|1
|-damage|p2b: Archaludon|0 fnt
|faint|p2b: Archaludon
|move|p2a: Venusaur|Sludge Bomb|p1b: Nuke.
|-resisted|p1b: Nuke.|2
|-damage|p1b: Nuke.|3/100
|
|-weather|Snowscape|[upkeep]
|upkeep
|turn|7
|
|t:|1785024766
|move|p1b: Nuke.|Sludge Bomb|p2a: Venusaur
|-damage|p2a: Venusaur|40/100
|move|p2a: Venusaur|Sludge Bomb|p1b: Nuke.
|-resisted|p1b: Nuke.|2
|-damage|p1b: Nuke.|0 fnt
|faint|p1b: Nuke.
|
|win|Meriwis
||larpnoahc17 is ready for game 3.
||Meriwis is ready for game 3.
|uhtml|next|Next: Game 3 of 3
