|j|☆randomguy1114s
|j|☆pastapastayumyum
|html|randomguy1114spastapastayumyum    
|uhtml|bestof|Game 3 of a best-of-3
|t:|1756177171
|gametype|doubles
|player|p1|randomguy1114s|lillie-masters|1091
|player|p2|pastapastayumyum|101|1082
|gen|9
|tier|[Gen 9] VGC 2025 Reg H (Bo3)
|rated|
|rule|Species Clause: Limit one of each Pokémon
|rule|Item Clause: Limit 1 of each item
|clearpoke
|poke|p1|Sneasler, L50, F|
|poke|p1|Indeedee, L50, M|
|poke|p1|Tyranitar, L50, M|
|poke|p1|Excadrill, L50, F|
|poke|p1|Dragapult, L50, F|
|poke|p1|Talonflame, L50, M|
|poke|p2|Dragonite, L50, F|
|poke|p2|Electabuzz, L50, M|
|poke|p2|Incineroar, L50, F|
|poke|p2|Gholdengo, L50|
|poke|p2|Rillaboom, L50, M|
|poke|p2|Sneasler, L50, F|
|teampreview|4
|showteam|p1|Sneasler||PsychicSeed|Unburden|CloseCombat,DireClaw,ThroatChop,Protect|||F|||50|,,,,,Dark]Indeedee||ChoiceScarf|PsychicSurge|ExpandingForce,TeraBlast,Trick,Protect|||M|||50|,,,,,Psychic]Tyranitar||AssaultVest|SandStream|RockSlide,KnockOff,TeraBlast,LowKick|||M|||50|,,,,,Flying]Excadrill||FocusSash|SandRush|Earthquake,HighHorsepower,IronHead,Protect|||F|||50|,,,,,Ground]Dragapult||ChoiceBand|ClearBody|DragonDarts,SuckerPunch,PhantomForce,Uturn|||F|||50|,,,,,Dragon]Talonflame||SharpBeak|GaleWings|DualWingbeat,FlareBlitz,Tailwind,Protect|||M|||50|,,,,,Ghost
|showteam|p2|Dragonite||LoadedDice|Multiscale|Protect,ScaleShot,Tailwind,Haze|||F|||50|,,,,,Fairy]Electabuzz||Eviolite|VitalSpirit|Protect,Electroweb,VoltSwitch,FollowMe|||M|||50|,,,,,Dragon]Incineroar||SitrusBerry|Intimidate|KnockOff,FlareBlitz,FakeOut,PartingShot|||F|||50|,,,,,Ghost]Gholdengo||LifeOrb|GoodasGold|Protect,NastyPlot,MakeItRain,ShadowBall||||||50|,,,,,Water]Rillaboom||AssaultVest|GrassySurge|GrassyGlide,WoodHammer,FakeOut,Uturn|||M|||50|,,,,,Fire]Sneasler||FocusSash|PoisonTouch|DireClaw,CloseCombat,Protect,ThroatChop|||F|||50|,,,,,Stellar
|j| tadphantom
|
|t:|1756177205
|teamsize|p1|4
|teamsize|p2|4
|start
|switch|p1a: BIRDDD|Talonflame, L50, M, shiny|100/100
|switch|p1b: tank this|Dragapult, L50, F, shiny|100/100
|switch|p2a: Electabuzz|Electabuzz, L50, M|100/100
|switch|p2b: Incineroar|Incineroar, L50, F|100/100
|-ability|p2b: Incineroar|Intimidate|boost
|-unboost|p1a: BIRDDD|atk|1
|-fail|p1b: tank this|unboost|[from] ability: Clear Body|[of] p1b: tank this
|turn|1
|
|t:|1756177238
|-terastallize|p1b: tank this|Dragon
|move|p1a: BIRDDD|Protect|p1a: BIRDDD
|-singleturn|p1a: BIRDDD|Protect
|move|p1b: tank this|Dragon Darts|p2a: Electabuzz
|-damage|p2a: Electabuzz|48/100
|-anim|p1b: tank this|Dragon Darts|p2b: Incineroar
|-damage|p2b: Incineroar|52/100
|move|p2a: Electabuzz|Electroweb|p1a: BIRDDD|[spread] p1b
|-activate|p1a: BIRDDD|move: Protect
|-resisted|p1b: tank this
|-crit|p1b: tank this
|-damage|p1b: tank this|88/100
|move|p2b: Incineroar|Knock Off|p1b: tank this
|-damage|p1b: tank this|39/100
|-enditem|p1b: tank this|Choice Band|[from] move: Knock Off|[of] p2b: Incineroar
|
|upkeep
|turn|2
|
|t:|1756177270
|move|p2a: Electabuzz|Follow Me|p2a: Electabuzz
|-singleturn|p2a: Electabuzz|move: Follow Me
|move|p1a: BIRDDD|Tailwind|p1a: BIRDDD
|-sidestart|p1: randomguy1114s|move: Tailwind
|move|p1b: tank this|Phantom Force||[still]
|-prepare|p1b: tank this|Phantom Force
|move|p2b: Incineroar|Flare Blitz|p1b: tank this|[miss]
|-miss|p2b: Incineroar|p1b: tank this
|
|upkeep
|turn|3
|
|t:|1756177284
|move|p2a: Electabuzz|Protect|p2a: Electabuzz
|-singleturn|p2a: Electabuzz|Protect
|move|p1a: BIRDDD|Dual Wingbeat|p2b: Incineroar
|-damage|p2b: Incineroar|41/100
|-enditem|p2b: Incineroar|Sitrus Berry|[eat]
|-heal|p2b: Incineroar|66/100|[from] item: Sitrus Berry
|-damage|p2b: Incineroar|55/100
|-hitcount|p2b: Incineroar|2
|move|p1b: tank this|Phantom Force|p2a: Electabuzz|[from] lockedmove
|-activate|p2a: Electabuzz|move: Phantom Force|[broken]
|-damage|p2a: Electabuzz|0 fnt
|faint|p2a: Electabuzz
|move|p2b: Incineroar|Parting Shot|p1a: BIRDDD
|-unboost|p1a: BIRDDD|atk|1
|-unboost|p1a: BIRDDD|spa|1
|
|t:|1756177301
|switch|p2b: Gholdengo|Gholdengo, L50|100/100|[from] Parting Shot
|
|upkeep
|
|t:|1756177305
|switch|p2a: Rillaboom|Rillaboom, L50, M|100/100
|-fieldstart|move: Grassy Terrain|[from] ability: Grassy Surge|[of] p2a: Rillaboom
|turn|4
|
|t:|1756177340
|switch|p1b: im just sand|Excadrill, L50, F, shiny|100/100
|switch|p1a: the tank|Tyranitar, L50, M, shiny|100/100
|-weather|Sandstorm|[from] ability: Sand Stream|[of] p1a: the tank
|move|p2a: Rillaboom|Fake Out|p1a: the tank
|-resisted|p1a: the tank
|-damage|p1a: the tank|94/100
|move|p2b: Gholdengo|Make It Rain|p1b: im just sand|[spread] p1a,p1b
|-supereffective|p1a: the tank
|-resisted|p1b: im just sand
|-damage|p1a: the tank|45/100
|-damage|p1b: im just sand|63/100
|-unboost|p2b: Gholdengo|spa|1
|-damage|p2b: Gholdengo|91/100|[from] item: Life Orb
|
|-weather|Sandstorm|[upkeep]
|-damage|p2a: Rillaboom|95/100|[from] Sandstorm
|-heal|p1b: im just sand|69/100|[from] Grassy Terrain
|-heal|p1a: the tank|50/100|[from] Grassy Terrain
|-heal|p2b: Gholdengo|97/100|[from] Grassy Terrain
|-heal|p2a: Rillaboom|100/100|[from] Grassy Terrain
|upkeep
|turn|5
|
|t:|1756177370
|-terastallize|p2b: Gholdengo|Water
|move|p2b: Gholdengo|Protect|p2b: Gholdengo
|-singleturn|p2b: Gholdengo|Protect
|move|p2a: Rillaboom|Grassy Glide|p1a: the tank
|-supereffective|p1a: the tank
|-damage|p1a: the tank|0 fnt
|faint|p1a: the tank
|move|p1b: im just sand|High Horsepower|p2b: Gholdengo
|-activate|p2b: Gholdengo|move: Protect
|
|-weather|Sandstorm|[upkeep]
|-damage|p2b: Gholdengo|91/100|[from] Sandstorm
|-damage|p2a: Rillaboom|95/100|[from] Sandstorm
|-heal|p1b: im just sand|75/100|[from] Grassy Terrain
|-heal|p2b: Gholdengo|97/100|[from] Grassy Terrain
|-heal|p2a: Rillaboom|100/100|[from] Grassy Terrain
|-sideend|p1: randomguy1114s|move: Tailwind
|upkeep
|
|t:|1756177383
|switch|p1a: BIRDDD|Talonflame, L50, M, shiny|100/100
|turn|6
|
|t:|1756177401
|move|p1a: BIRDDD|Dual Wingbeat|p2a: Rillaboom
|-supereffective|p2a: Rillaboom
|-damage|p2a: Rillaboom|65/100
|-supereffective|p2a: Rillaboom
|-damage|p2a: Rillaboom|29/100
|-hitcount|p2a: Rillaboom|2
|move|p1b: im just sand|Iron Head|p2a: Rillaboom
|-damage|p2a: Rillaboom|0 fnt
|faint|p2a: Rillaboom
|move|p2b: Gholdengo|Nasty Plot|p2b: Gholdengo
|-boost|p2b: Gholdengo|spa|2
|
|-weather|Sandstorm|[upkeep]
|-damage|p1a: BIRDDD|95/100|[from] Sandstorm
|-damage|p2b: Gholdengo|91/100|[from] Sandstorm
|-heal|p1b: im just sand|81/100|[from] Grassy Terrain
|-heal|p2b: Gholdengo|97/100|[from] Grassy Terrain
|upkeep
|
|t:|1756177414
|switch|p2a: Incineroar|Incineroar, L50, F|55/100
|-ability|p2a: Incineroar|Intimidate|boost
|-unboost|p1a: BIRDDD|atk|1
|-unboost|p1b: im just sand|atk|1
|turn|7
|
|t:|1756177429
|move|p1b: im just sand|Protect|p1b: im just sand
|-singleturn|p1b: im just sand|Protect
|move|p1a: BIRDDD|Protect|p1a: BIRDDD
|-singleturn|p1a: BIRDDD|Protect
|move|p2a: Incineroar|Fake Out|p1b: im just sand
|-activate|p1b: im just sand|move: Protect
|move|p2b: Gholdengo|Nasty Plot|p2b: Gholdengo
|-boost|p2b: Gholdengo|spa|2
|
|-weather|Sandstorm|[upkeep]
|-damage|p1a: BIRDDD|89/100|[from] Sandstorm
|-damage|p2b: Gholdengo|91/100|[from] Sandstorm
|-damage|p2a: Incineroar|49/100|[from] Sandstorm
|-heal|p1b: im just sand|87/100|[from] Grassy Terrain
|-heal|p2b: Gholdengo|97/100|[from] Grassy Terrain
|-heal|p2a: Incineroar|55/100|[from] Grassy Terrain
|upkeep
|turn|8
|
|t:|1756177457
|move|p2b: Gholdengo|Protect|p2b: Gholdengo
|-singleturn|p2b: Gholdengo|Protect
|move|p1b: im just sand|Earthquake|p2a: Incineroar|[spread] p2a
|-activate|p2b: Gholdengo|move: Protect
|-immune|p1a: BIRDDD
|-supereffective|p2a: Incineroar
|-damage|p2a: Incineroar|30/100
|move|p1a: BIRDDD|Dual Wingbeat|p2a: Incineroar|[miss]
|-miss|p1a: BIRDDD|p2a: Incineroar
|move|p2a: Incineroar|Knock Off|p1a: BIRDDD
|-damage|p1a: BIRDDD|32/100
|-enditem|p1a: BIRDDD|Sharp Beak|[from] move: Knock Off|[of] p2a: Incineroar
|
|-weather|none
|-heal|p1b: im just sand|92/100|[from] Grassy Terrain
|-heal|p2b: Gholdengo|100/100|[from] Grassy Terrain
|-heal|p2a: Incineroar|36/100|[from] Grassy Terrain
|-fieldend|move: Grassy Terrain
|upkeep
|turn|9
|
|t:|1756177484
|move|p1a: BIRDDD|Dual Wingbeat|p2a: Incineroar
|-damage|p2a: Incineroar|27/100
|-damage|p2a: Incineroar|16/100
|-hitcount|p2a: Incineroar|2
|move|p1b: im just sand|Earthquake|p2a: Incineroar|[spread] p2a,p2b
|-immune|p1a: BIRDDD
|-supereffective|p2a: Incineroar
|-damage|p2a: Incineroar|0 fnt
|-damage|p2b: Gholdengo|74/100
|faint|p2a: Incineroar
|move|p2b: Gholdengo|Make It Rain|p1b: im just sand|[spread] p1a,p1b
|-resisted|p1a: BIRDDD
|-crit|p1a: BIRDDD
|-resisted|p1b: im just sand
|-damage|p1a: BIRDDD|0 fnt
|-damage|p1b: im just sand|0 fnt
|-unboost|p2b: Gholdengo|spa|1
|faint|p1a: BIRDDD
|faint|p1b: im just sand
|-damage|p2b: Gholdengo|64/100|[from] item: Life Orb
|
|upkeep
|
|t:|1756177495
|switch|p1b: tank this|Dragapult, L50, F, shiny, tera:Dragon|39/100
|turn|10
|
|t:|1756177502
|move|p1b: tank this|Dragon Darts|p2b: Gholdengo
|-damage|p2b: Gholdengo|30/100
|-anim|p1b: tank this|Dragon Darts|p2b: Gholdengo
|-damage|p2b: Gholdengo|0 fnt
|faint|p2b: Gholdengo
|
|win|randomguy1114s
|raw|randomguy1114s's rating: 1091 → 1117(+26 for winning)
|raw|pastapastayumyum's rating: 1082 → 1060(-22 for losing)
|l|☆pastapastayumyum
|player|p2|
