|j|☆jonas.weevil
|j|☆fangyusuhe
|html|jonas.weevilfangyusuhe    
|uhtml|bestof|Game 3 of a best-of-3
|t:|1785516516
|gametype|doubles
|player|p1|jonas.weevil|265|1311
|player|p2|fangyusuhe|dawn|1415
|gen|9
|tier|[Gen 9 Champions] VGC 2026 Reg M-B (Bo3)
|rated|
|rule|Species Clause: Limit one of each Pokémon
|rule|Item Clause: Limit 1 of each item
|clearpoke
|poke|p1|Delphox, L50, F, shiny|
|poke|p1|Incineroar, L50, F|
|poke|p1|Sinistcha-Masterpiece, L50|
|poke|p1|Sneasler, L50, F|
|poke|p1|Floette-Eternal, L50, F|
|poke|p1|Kingambit, L50, F|
|poke|p2|Arcanine-Hisui, L50, F|
|poke|p2|Staraptor, L50, M|
|poke|p2|Farigiraf, L50, M|
|poke|p2|Sylveon, L50, M|
|poke|p2|Kingambit, L50, F|
|poke|p2|Raichu, L50, F|
|teampreview|4
|showteam|p1|Delphox||Delphoxite|Blaze|Psychic,HeatWave,NastyPlot,Protect|Timid||F|||50|]Incineroar||SitrusBerry|Intimidate|FlareBlitz,ThroatChop,PartingShot,FakeOut|Careful||F|||50|]Sinistcha-Masterpiece||KasibBerry|Hospitality|MatchaGotcha,RagePowder,TrickRoom,Protect|Bold|||||50|]Sneasler||FocusSash|PoisonTouch|CloseCombat,PoisonJab,QuickGuard,FakeOut|Jolly||F|||50|]Floette-Eternal||Floettite|FlowerVeil|DrainingKiss,DazzlingGleam,CalmMind,Protect|Timid||F|||50|]Kingambit||LifeOrb|Defiant|KowtowCleave,SuckerPunch,SwordsDance,Protect|Adamant||F|||50|
|showteam|p2|Arcanine-Hisui||FocusSash|RockHead|Protect,ExtremeSpeed,HeadSmash,FlareBlitz|Adamant||F|||50|]Staraptor||Staraptite|Intimidate|Tailwind,Protect,CloseCombat,DualWingbeat|Jolly||M|||50|]Farigiraf||SitrusBerry|ArmorTail|Protect,Psychic,TrickRoom,HelpingHand|Calm||M|||50|]Sylveon||FairyFeather|Pixilate|Protect,HyperBeam,HyperVoice,QuickAttack|Modest||M|||50|]Kingambit||LifeOrb|Defiant|Protect,KowtowCleave,SwordsDance,SuckerPunch|Adamant||F|||50|]Raichu||RaichuniteY|LightningRod|Protect,ZapCannon,FakeOut,FocusBlast|Timid||F|||50|
|inactive|Battle timer is ON: inactive players will automatically lose when time's up. (requested by fangyusuhe)
|
|t:|1785516540
|teamsize|p1|4
|teamsize|p2|4
|start
|switch|p1a: Trump|Floette-Eternal, L50, F|100/100
|switch|p1b: Benjamin|Incineroar, L50, F|100/100
|switch|p2a: Raichu|Raichu, L50, F|100/100
|switch|p2b: Sylveon|Sylveon, L50, M|100/100
|-ability|p1b: Benjamin|Intimidate|boost
|-unboost|p2a: Raichu|atk|1
|-unboost|p2b: Sylveon|atk|1
|turn|1
|
|t:|1785516559
|detailschange|p2a: Raichu|Raichu-Mega-Y, L50, F
|-mega|p2a: Raichu|Raichu|Raichunite Y
|detailschange|p1a: Trump|Floette-Mega, L50, F
|-mega|p1a: Trump|Floette|Floettite
|-ability|p1a: Trump|Fairy Aura
|move|p2a: Raichu|Fake Out|p1b: Benjamin
|-damage|p1b: Benjamin|94/100
|cant|p1b: Benjamin|flinch
|move|p1a: Trump|Calm Mind|p1a: Trump
|-boost|p1a: Trump|spa|1
|-boost|p1a: Trump|spd|1
|move|p2b: Sylveon|Hyper Voice|p1b: Benjamin|[spread] p1a,p1b
|-damage|p1a: Trump|73/100
|-damage|p1b: Benjamin|49/100
|-enditem|p1b: Benjamin|Sitrus Berry|[eat]
|-heal|p1b: Benjamin|73/100|[from] item: Sitrus Berry
|
|upkeep
|turn|2
|inactive|jonas.weevil has 30 seconds left.
|inactive|jonas.weevil has 20 seconds left.
|inactive|jonas.weevil has 15 seconds left.
|inactive|jonas.weevil has 10 seconds left.
|inactive|jonas.weevil has 5 seconds left.
|
|t:|1785516609
|switch|p1b: Melania|Sinistcha-Masterpiece, L50|100/100
|-heal|p1a: Trump|98/100|[from] ability: Hospitality|[of] p1b: Melania
|move|p1a: Trump|Protect|p1a: Trump
|-singleturn|p1a: Trump|Protect
|move|p2a: Raichu|Zap Cannon|p1b: Melania
|-resisted|p1b: Melania|1
|-damage|p1b: Melania|73/100
|-status|p1b: Melania|par
|move|p2b: Sylveon|Hyper Voice|p1a: Trump|[spread] p1b
|-activate|p1a: Trump|move: Protect
|-damage|p1b: Melania|14/100 par
|
|upkeep
|turn|3
|
|t:|1785516629
|move|p1b: Melania|Rage Powder|p1b: Melania
|-singleturn|p1b: Melania|move: Rage Powder
|move|p2a: Raichu|Zap Cannon|p1b: Melania
|-resisted|p1b: Melania|1
|-damage|p1b: Melania|0 fnt
|faint|p1b: Melania
|move|p1a: Trump|Calm Mind|p1a: Trump
|-boost|p1a: Trump|spa|1
|-boost|p1a: Trump|spd|1
|move|p2b: Sylveon|Hyper Voice|p1a: Trump
|-damage|p1a: Trump|70/100
|
|upkeep
|
|t:|1785516638
|switch|p1b: Zuck|Sneasler, L50, F|100/100
|turn|4
|inactive|jonas.weevil has 30 seconds left.
|inactive|jonas.weevil has 20 seconds left.
|inactive|jonas.weevil has 15 seconds left.
|inactive|jonas.weevil has 10 seconds left.
|inactive|jonas.weevil has 5 seconds left.
|
|t:|1785516693
|switch|p1b: Benjamin|Incineroar, L50, F|73/100
|-ability|p1b: Benjamin|Intimidate|boost
|-unboost|p2a: Raichu|atk|1
|-unboost|p2b: Sylveon|atk|1
|move|p2a: Raichu|Zap Cannon|p1a: Trump
|-damage|p1a: Trump|49/100
|-status|p1a: Trump|par
|move|p2b: Sylveon|Hyper Voice|p1a: Trump|[spread] p1a,p1b
|-crit|p1b: Benjamin
|-damage|p1a: Trump|28/100 par
|-damage|p1b: Benjamin|1/100
|move|p1a: Trump|Draining Kiss|p2b: Sylveon
|-damage|p2b: Sylveon|48/100
|-heal|p1a: Trump|68/100 par|[from] drain|[of] p2b: Sylveon
|
|upkeep
|turn|5
|
|t:|1785516711
|move|p1b: Benjamin|Fake Out|p2a: Raichu
|-damage|p2a: Raichu|82/100
|cant|p2a: Raichu|flinch
|move|p2b: Sylveon|Hyper Voice|p1a: Trump|[spread] p1a,p1b
|-damage|p1a: Trump|45/100 par
|-damage|p1b: Benjamin|0 fnt
|faint|p1b: Benjamin
|move|p1a: Trump|Dazzling Gleam|p2a: Raichu|[spread] p2a,p2b
|-damage|p2a: Raichu|0 fnt
|-damage|p2b: Sylveon|0 fnt
|faint|p2a: Raichu
|faint|p2b: Sylveon
|
|upkeep
|
|t:|1785516723
|switch|p2a: Arcanine|Arcanine-Hisui, L50, F|100/100
|switch|p1b: Zuck|Sneasler, L50, F|100/100
|switch|p2b: Kingambit|Kingambit, L50, F|100/100
|turn|6
|inactive|fangyusuhe has 30 seconds left.
|
|t:|1785516754
|move|p1b: Zuck|Fake Out|p2b: Kingambit
|-resisted|p2b: Kingambit|1
|-damage|p2b: Kingambit|94/100
|cant|p2b: Kingambit|flinch
|move|p2a: Arcanine|Flare Blitz|p1b: Zuck
|-enditem|p1b: Zuck|Focus Sash
|-damage|p1b: Zuck|1/100
|move|p1a: Trump|Draining Kiss|p2b: Kingambit
|-damage|p2b: Kingambit|30/100
|-heal|p1a: Trump|97/100 par|[from] drain|[of] p2b: Kingambit
|
|upkeep
|turn|7
|
|t:|1785516776
|move|p2b: Kingambit|Protect|p2b: Kingambit
|-singleturn|p2b: Kingambit|Protect
|move|p1b: Zuck|Quick Guard|p1b: Zuck
|-singleturn|p1b: Zuck|Quick Guard
|move|p2a: Arcanine|Extreme Speed|p1b: Zuck
|-activate|p1b: Zuck|move: Quick Guard
|move|p1a: Trump|Dazzling Gleam|p2b: Kingambit|[spread] p2a
|-activate|p2b: Kingambit|move: Protect
|-resisted|p2a: Arcanine|1
|-damage|p2a: Arcanine|49/100
|
|upkeep
|turn|8
|
|t:|1785516790
|move|p2b: Kingambit|Sucker Punch|p1b: Zuck
|-resisted|p1b: Zuck|1
|-damage|p1b: Zuck|0 fnt
|faint|p1b: Zuck
|-damage|p2b: Kingambit|21/100|[from] item: Life Orb
|move|p2a: Arcanine|Flare Blitz|p1a: Trump
|-damage|p1a: Trump|29/100 par
|move|p1a: Trump|Dazzling Gleam|p2b: Kingambit|[spread] p2a,p2b
|-resisted|p2a: Arcanine|1
|-damage|p2a: Arcanine|2/100
|-damage|p2b: Kingambit|0 fnt
|faint|p2b: Kingambit
|
|upkeep
|turn|9
|
|t:|1785516803
|move|p2a: Arcanine|Flare Blitz|p1a: Trump
|-damage|p1a: Trump|0 fnt
|faint|p1a: Trump
|
|win|fangyusuhe
|raw|jonas.weevil's rating: 1311 → 1297(-14 for losing)
|raw|fangyusuhe's rating: 1415 → 1429(+14 for winning)
|l|☆jonas.weevil
|player|p1|
