|j|☆andiom123
|j|☆JustinPaulVGC
|html|andiom123JustinPaulVGC    
|uhtml|bestof|Game 2 of a best-of-3
|t:|1783184227
|gametype|doubles
|player|p1|andiom123|red|1122
|player|p2|JustinPaulVGC|fisherman-gen4|1204
|gen|9
|tier|[Gen 9 Champions] VGC 2026 Reg M-B (Bo3)
|rated|
|rule|Species Clause: Limit one of each Pokémon
|rule|Item Clause: Limit 1 of each item
|clearpoke
|poke|p1|Incineroar, L50, F|
|poke|p1|Farigiraf, L50, M|
|poke|p1|Sylveon, L50, M|
|poke|p1|Torkoal, L50, F|
|poke|p1|Kangaskhan, L50, F|
|poke|p1|Mawile, L50, F|
|poke|p2|Garchomp, L50, F|
|poke|p2|Charizard, L50, M|
|poke|p2|Incineroar, L50, M|
|poke|p2|Sinistcha, L50|
|poke|p2|Farigiraf, L50, F|
|poke|p2|Basculegion, L50, M|
|teampreview|4
|showteam|p1|Incineroar||MuscleBand|Intimidate|ThroatChop,FlareBlitz,FakeOut,PartingShot|Brave||F|||50|]Farigiraf||SitrusBerry|ArmorTail|FoulPlay,PsychicNoise,TrickRoom,HelpingHand|Relaxed||M|||50|]Sylveon||LifeOrb|Pixilate|HyperVoice,HyperBeam,QuickAttack,Detect|Modest||M|||50|]Torkoal||Charcoal|Drought|Eruption,EarthPower,Flamethrower,Protect|Quiet||F|||50|]Kangaskhan||Kangaskhanite|Scrappy|DoubleEdge,FakeOut,IcePunch,HammerArm|Brave||F|||50|]Mawile||Mawilite|HyperCutter|RockSlide,PlayRough,SuckerPunch,Protect|Brave||F|||50|
|showteam|p2|Garchomp||LifeOrb|RoughSkin|Earthquake,RockSlide,DragonClaw,Protect|Jolly||F|||50|]Charizard||CharizarditeY|Blaze|HeatWave,WeatherBall,SolarBeam,Protect|Modest||M|||50|]Incineroar||SitrusBerry|Intimidate|FlareBlitz,DarkestLariat,PartingShot,FakeOut|Impish||M|||50|]Sinistcha||Leftovers|Hospitality|MatchaGotcha,RagePowder,TrickRoom,Protect|Bold|||||50|]Farigiraf||ColburBerry|ArmorTail|HyperVoice,Thunderbolt,TrickRoom,Protect|Calm||F|||50|]Basculegion||FocusSash|Adaptability|Waterfall,AquaJet,LastRespects,Protect|Jolly||M|||50|
|
|t:|1783184286
|teamsize|p1|4
|teamsize|p2|4
|start
|switch|p1a: Farigiraf|Farigiraf, L50, M|100/100
|switch|p1b: Incineroar|Incineroar, L50, F|100/100
|switch|p2a: Farigiraf|Farigiraf, L50, F|100/100
|switch|p2b: Charizard|Charizard, L50, M|100/100
|-ability|p1b: Incineroar|Intimidate|boost
|-unboost|p2a: Farigiraf|atk|1
|-unboost|p2b: Charizard|atk|1
|turn|1
|inactive|Battle timer is ON: inactive players will automatically lose when time's up. (requested by JustinPaulVGC)
|
|t:|1783184306
|detailschange|p2b: Charizard|Charizard-Mega-Y, L50, M
|-mega|p2b: Charizard|Charizard|Charizardite Y
|-weather|SunnyDay|[from] ability: Drought|[of] p2b: Charizard
|move|p2b: Charizard|Weather Ball|p1a: Farigiraf
|-damage|p1a: Farigiraf|19/100
|-enditem|p1a: Farigiraf|Sitrus Berry|[eat]
|-heal|p1a: Farigiraf|44/100|[from] item: Sitrus Berry
|move|p2a: Farigiraf|Hyper Voice|p1b: Incineroar|[spread] p1a,p1b
|-damage|p1a: Farigiraf|21/100
|-damage|p1b: Incineroar|75/100
|move|p1b: Incineroar|Parting Shot|p2b: Charizard
|-unboost|p2b: Charizard|atk|1
|-unboost|p2b: Charizard|spa|1
|
|t:|1783184321
|switch|p1b: Sylveon|Sylveon, L50, M|100/100|[from] Parting Shot
|move|p1a: Farigiraf|Psychic Noise|p2b: Charizard
|-damage|p2b: Charizard|70/100
|-start|p2b: Charizard|move: Heal Block
|
|-weather|SunnyDay|[upkeep]
|upkeep
|turn|2
|
|t:|1783184337
|switch|p1a: Incineroar|Incineroar, L50, F|75/100
|-ability|p1a: Incineroar|Intimidate|boost
|-unboost|p2a: Farigiraf|atk|1
|-unboost|p2b: Charizard|atk|1
|move|p2b: Charizard|Heat Wave|p1b: Sylveon|[spread] p1b
|-miss|p2b: Charizard|p1a: Incineroar
|-damage|p1b: Sylveon|69/100
|move|p1b: Sylveon|Hyper Voice|p2b: Charizard|[spread] p2a,p2b
|-resisted|p2b: Charizard|1
|-damage|p2a: Farigiraf|58/100
|-damage|p2b: Charizard|47/100
|-damage|p1b: Sylveon|60/100|[from] item: Life Orb
|move|p2a: Farigiraf|Hyper Voice|p1a: Incineroar|[spread] p1a,p1b
|-damage|p1a: Incineroar|50/100g
|-damage|p1b: Sylveon|39/100
|
|-weather|SunnyDay|[upkeep]
|-end|p2b: Charizard|move: Heal Block
|upkeep
|turn|3
|
|t:|1783184361
|switch|p2b: Incineroar|Incineroar, L50, M|100/100
|-ability|p2b: Incineroar|Intimidate|boost
|-unboost|p1a: Incineroar|atk|1
|-unboost|p1b: Sylveon|atk|1
|move|p2a: Farigiraf|Protect|p2a: Farigiraf
|-singleturn|p2a: Farigiraf|Protect
|move|p1b: Sylveon|Detect|p1b: Sylveon
|-singleturn|p1b: Sylveon|Protect
|move|p1a: Incineroar|Throat Chop|p2b: Incineroar
|-resisted|p2b: Incineroar|1
|-damage|p2b: Incineroar|89/100
|-start|p2b: Incineroar|Throat Chop|[silent]
|
|-weather|SunnyDay|[upkeep]
|upkeep
|turn|4
|inactive|JustinPaulVGC has 30 seconds left.
|
|t:|1783184388
|switch|p1b: Farigiraf|Farigiraf, L50, M|21/100
|move|p2b: Incineroar|Flare Blitz|p1b: Farigiraf
|-damage|p1b: Farigiraf|0 fnt
|faint|p1b: Farigiraf
|-damage|p2b: Incineroar|81/100|[from] Recoil
|move|p2a: Farigiraf|Hyper Voice|p1a: Incineroar
|-damage|p1a: Incineroar|14/100
|move|p1a: Incineroar|Parting Shot|p2b: Incineroar
|-unboost|p2b: Incineroar|atk|1
|-unboost|p2b: Incineroar|spa|1
|
|t:|1783184401
|switch|p1a: Sylveon|Sylveon, L50, M|39/100|[from] Parting Shot
|
|-weather|SunnyDay|[upkeep]
|-end|p2b: Incineroar|Throat Chop|[silent]
|upkeep
|
|t:|1783184409
|switch|p1b: Mawile|Mawile, L50, F|100/100
|turn|5
|
|t:|1783184427
|switch|p1a: Incineroar|Incineroar, L50, F|14/100
|-ability|p1a: Incineroar|Intimidate|boost
|-unboost|p2a: Farigiraf|atk|1
|-unboost|p2b: Incineroar|atk|1
|detailschange|p1b: Mawile|Mawile-Mega, L50, F
|-mega|p1b: Mawile|Mawile|Mawilite
|move|p2a: Farigiraf|Protect|p2a: Farigiraf
|-singleturn|p2a: Farigiraf|Protect
|move|p2b: Incineroar|Flare Blitz|p1b: Mawile
|-supereffective|p1b: Mawile|1
|-damage|p1b: Mawile|31/100
|-damage|p2b: Incineroar|63/100|[from] Recoil
|move|p1b: Mawile|Rock Slide|p2b: Incineroar|[spread] p2b
|-activate|p2a: Farigiraf|move: Protect
|-supereffective|p2b: Incineroar|1
|-damage|p2b: Incineroar|14/100
|-enditem|p2b: Incineroar|Sitrus Berry|[eat]
|-heal|p2b: Incineroar|39/100|[from] item: Sitrus Berry
|
|-weather|none
|upkeep
|turn|6
|inactive|andiom123 has 30 seconds left.
|
|t:|1783184456
|move|p1b: Mawile|Protect|p1b: Mawile
|-singleturn|p1b: Mawile|Protect
|move|p2b: Incineroar|Flare Blitz|p1b: Mawile
|-activate|p1b: Mawile|move: Protect
|move|p2a: Farigiraf|Hyper Voice|p1b: Mawile|[spread] p1a
|-activate|p1b: Mawile|move: Protect
|-damage|p1a: Incineroar|0 fnt
|faint|p1a: Incineroar
|
|upkeep
|
|t:|1783184466
|switch|p1a: Sylveon|Sylveon, L50, M|39/100
|turn|7
|
|t:|1783184487
|move|p2a: Farigiraf|Hyper Voice|p1b: Mawile|[spread] p1a,p1b
|-resisted|p1b: Mawile|1
|-damage|p1a: Sylveon|21/100
|-damage|p1b: Mawile|17/100
|move|p1a: Sylveon|Hyper Voice|p2b: Incineroar|[spread] p2a,p2b
|-damage|p2a: Farigiraf|17/100
|-damage|p2b: Incineroar|0 fnt
|faint|p2b: Incineroar
|-damage|p1a: Sylveon|12/100|[from] item: Life Orb
|move|p1b: Mawile|Rock Slide|p2a: Farigiraf
|-damage|p2a: Farigiraf|0 fnt
|faint|p2a: Farigiraf
|
|upkeep
|
|t:|1783184494
|switch|p2a: Garchomp|Garchomp, L50, F|100/100
|switch|p2b: Charizard|Charizard-Mega-Y, L50, M|47/100
|-weather|SunnyDay|[from] ability: Drought|[of] p2b: Charizard
|turn|8
|
|t:|1783184504
|move|p2a: Garchomp|Earthquake|p1a: Sylveon|[spread] p1a,p1b
|-immune|p2b: Charizard
|-supereffective|p1b: Mawile|1
|-damage|p1a: Sylveon|0 fnt
|-damage|p1b: Mawile|0 fnt
|faint|p1a: Sylveon
|faint|p1b: Mawile
|-damage|p2a: Garchomp|90/100|[from] item: Life Orb
|
|win|JustinPaulVGC
|raw|andiom123's rating: 1122 → 1103(-19 for losing)
|raw|JustinPaulVGC's rating: 1204 → 1223(+19 for winning)
