|j|☆bdogplatinum
|j|☆Marvcolor
|html|bdogplatinumMarvcolor    
|uhtml|bestof|Game 2 of a best-of-3
|t:|1784939952
|gametype|doubles
|player|p1|bdogplatinum|lucas|1196
|player|p2|Marvcolor|giovanni|1286
|gen|9
|tier|[Gen 9 Champions] VGC 2026 Reg M-B (Bo3)
|rated|
|rule|Species Clause: Limit one of each Pokémon
|rule|Item Clause: Limit 1 of each item
|clearpoke
|poke|p1|Gardevoir, L50, F|
|poke|p1|Incineroar, L50, M|
|poke|p1|Sinistcha-Masterpiece, L50|
|poke|p1|Blastoise, L50, M|
|poke|p1|Talonflame, L50, F|
|poke|p1|Kingambit, L50, M|
|poke|p2|Sneasler, L50, M|
|poke|p2|Blastoise, L50, M|
|poke|p2|Kingambit, L50, M|
|poke|p2|Incineroar, L50, M|
|poke|p2|Delphox, L50, F|
|poke|p2|Sinistcha, L50|
|teampreview|4
|showteam|p1|Gardevoir||Gardevoirite|Trace|Protect,CalmMind,HyperVoice,Psyshock|Modest||F|||50|]Incineroar||SitrusBerry|Intimidate|FakeOut,PartingShot,FlareBlitz,ThroatChop|Impish||M|||50|]Sinistcha-Masterpiece||OccaBerry|Hospitality|TrickRoom,RagePowder,ShadowBall,MatchaGotcha|Bold|||||50|]Blastoise||Blastoisinite|Torrent|FakeOut,WaterSpout,DarkPulse,AuraSphere|Modest||M|||50|]Talonflame||SharpBeak|GaleWings|Tailwind,Protect,QuickGuard,BraveBird|Jolly||F|||50|]Kingambit||LifeOrb|Defiant|Protect,SuckerPunch,KowtowCleave,IronHead|Adamant||M|||50|
|showteam|p2|Sneasler||FocusSash|PoisonTouch|PoisonJab,CloseCombat,FakeOut,QuickGuard|Jolly||M|||50|]Blastoise||Blastoisinite|RainDish|DarkPulse,WaterSpout,ShellSmash,Protect|Modest||M|||50|]Kingambit||BlackGlasses|Defiant|KowtowCleave,SuckerPunch,SwordsDance,Protect|Adamant||M|||50|]Incineroar||SitrusBerry|Intimidate|FlareBlitz,HelpingHand,PartingShot,FakeOut|Careful||M|||50|]Delphox||Delphoxite|Blaze|HeatWave,NastyPlot,Psyshock,Protect|Modest||F|||50|]Sinistcha||KasibBerry|Hospitality|MatchaGotcha,RagePowder,TrickRoom,Protect|Bold|||||50|
|inactive|Battle timer is ON: inactive players will automatically lose when time's up. (requested by Marvcolor)
|
|t:|1784939979
|teamsize|p1|4
|teamsize|p2|4
|start
|switch|p1a: Talonflame|Talonflame, L50, F|100/100
|switch|p1b: Blastoise|Blastoise, L50, M|100/100
|switch|p2a: Sneasler|Sneasler, L50, M|100/100
|switch|p2b: Blastoise|Blastoise, L50, M|100/100
|turn|1
|
|t:|1784939993
|detailschange|p2b: Blastoise|Blastoise-Mega, L50, M
|-mega|p2b: Blastoise|Blastoise|Blastoisinite
|detailschange|p1b: Blastoise|Blastoise-Mega, L50, M
|-mega|p1b: Blastoise|Blastoise|Blastoisinite
|move|p2a: Sneasler|Fake Out|p1b: Blastoise
|-damage|p1b: Blastoise|87/100
|-status|p1b: Blastoise|psn|[from] ability: Poison Touch|[of] p2a: Sneasler
|move|p1a: Talonflame|Tailwind|p1a: Talonflame
|-sidestart|p1: bdogplatinum|move: Tailwind
|cant|p1b: Blastoise|flinch
|move|p2b: Blastoise|Shell Smash|p2b: Blastoise
|-unboost|p2b: Blastoise|def|1
|-unboost|p2b: Blastoise|spd|1
|-boost|p2b: Blastoise|atk|2
|-boost|p2b: Blastoise|spa|2
|-boost|p2b: Blastoise|spe|2
|
|-damage|p1b: Blastoise|75/100 psn|[from] psn
|upkeep
|turn|2
|inactive|Marvcolor has 30 seconds left.
|
|t:|1784940027
|switch|p2a: Kingambit|Kingambit, L50, M|100/100
|move|p2b: Blastoise|Protect|p2b: Blastoise
|-singleturn|p2b: Blastoise|Protect
|move|p1a: Talonflame|Brave Bird|p2b: Blastoise
|-activate|p2b: Blastoise|move: Protect
|move|p1b: Blastoise|Water Spout|p2b: Blastoise|[spread] p2a
|-activate|p2b: Blastoise|move: Protect
|-damage|p2a: Kingambit|60/100
|
|-damage|p1b: Blastoise|63/100 psn|[from] psn
|upkeep
|turn|3
|inactive|bdogplatinum has 30 seconds left.
|inactive|Marvcolor has 30 seconds left.
|
|t:|1784940058
|move|p1a: Talonflame|Brave Bird|p2b: Blastoise
|-damage|p2b: Blastoise|16/100
|-damage|p1a: Talonflame|72/100|[from] Recoil
|move|p2a: Kingambit|Sucker Punch|p1b: Blastoise
|-damage|p1b: Blastoise|25/100 psn
|move|p2b: Blastoise|Dark Pulse|p1b: Blastoise
|-damage|p1b: Blastoise|0 fnt
|faint|p1b: Blastoise
|
|upkeep
|
|t:|1784940069
|switch|p1b: Kingambit|Kingambit, L50, M|100/100
|turn|4
|
|t:|1784940077
|switch|p2a: Sinistcha|Sinistcha, L50|100/100
|-heal|p2b: Blastoise|40/100|[from] ability: Hospitality|[of] p2a: Sinistcha
|move|p2b: Blastoise|Protect|p2b: Blastoise
|-singleturn|p2b: Blastoise|Protect
|move|p1a: Talonflame|Brave Bird|p2a: Sinistcha
|-supereffective|p2a: Sinistcha|1
|-damage|p2a: Sinistcha|8/100
|-damage|p1a: Talonflame|38/100|[from] Recoil
|move|p1b: Kingambit|Kowtow Cleave|p2a: Sinistcha
|-supereffective|p2a: Sinistcha|1
|-damage|p2a: Sinistcha|0 fnt
|faint|p2a: Sinistcha
|-damage|p1b: Kingambit|90/100|[from] item: Life Orb
|
|-sideend|p1: bdogplatinum|move: Tailwind
|upkeep
|
|t:|1784940088
|switch|p2a: Sneasler|Sneasler, L50, M|100/100
|turn|5
|
|t:|1784940096
|move|p1a: Talonflame|Quick Guard|p1a: Talonflame
|-singleturn|p1a: Talonflame|Quick Guard
|move|p1b: Kingambit|Sucker Punch||[still]
|-fail|p1b: Kingambit
|move|p2b: Blastoise|Shell Smash|p2b: Blastoise
|-unboost|p2b: Blastoise|def|1
|-unboost|p2b: Blastoise|spd|1
|-boost|p2b: Blastoise|atk|2
|-boost|p2b: Blastoise|spa|2
|-boost|p2b: Blastoise|spe|2
|move|p2a: Sneasler|Close Combat|p1b: Kingambit
|-supereffective|p1b: Kingambit|2
|-damage|p1b: Kingambit|0 fnt
|-unboost|p2a: Sneasler|def|1
|-unboost|p2a: Sneasler|spd|1
|faint|p1b: Kingambit
|
|upkeep
|
|t:|1784940101
|switch|p1b: Sinistcha|Sinistcha-Masterpiece, L50|100/100
|-heal|p1a: Talonflame|62/100|[from] ability: Hospitality|[of] p1b: Sinistcha
|turn|6
|-message|bdogplatinum forfeited.
|
|win|Marvcolor
||bdogplatinum is ready for game 3.
||Marvcolor is ready for game 3.
|uhtml|next|Next: Game 3 of 3
|l|☆Marvcolor
|player|p2|
