|j|☆Lord Sarasaland
|j|☆SmolivStayStrong<3
|html|Lord SarasalandSmolivStayStrong<3    
|uhtml|bestof|Game 2 of a best-of-3
|t:|1783626183
|gametype|doubles
|player|p1|Lord Sarasaland|266|1075
|player|p2|SmolivStayStrong<3|miku-flying|1105
|gen|9
|tier|[Gen 9 Champions] VGC 2026 Reg M-B (Bo3)
|rated|
|rule|Species Clause: Limit one of each Pokémon
|rule|Item Clause: Limit 1 of each item
|clearpoke
|poke|p1|Farigiraf, L50, M|
|poke|p1|Mawile, L50, M|
|poke|p1|Hatterene, L50, F|
|poke|p1|Sinistcha, L50|
|poke|p1|Golurk, L50|
|poke|p1|Milotic, L50, F|
|poke|p2|Mawile, L50, F|
|poke|p2|Farigiraf, L50, M, shiny|
|poke|p2|Toxapex, L50, M|
|poke|p2|Garchomp, L50, F|
|poke|p2|Charizard, L50, F|
|poke|p2|Venusaur, L50, M, shiny|
|teampreview|4
|showteam|p1|Farigiraf||SitrusBerry|ArmorTail|TrickRoom,Psychic,HelpingHand,Protect|Relaxed||M|||50|]Mawile||Mawilite|HyperCutter|PlayRough,RockSlide,IronHead,Protect|Brave||M|||50|]Hatterene||FairyFeather|MagicBounce|DazzlingGleam,Psyshock,CalmMind,Protect|Quiet||F|||50|]Sinistcha||ColburBerry|Hospitality|TrickRoom,MatchaGotcha,LifeDew,Protect|Sassy|||||50|]Golurk||Golurkite|IronFist|HeadlongRush,IcePunch,KnockOff,Protect|Brave|||||50|]Milotic||Leftovers|Competitive|Scald,LifeDew,Coil,Hypnosis|Bold||F|||50|
|showteam|p2|Mawile||Mawilite|Intimidate|Protect,PlayRough,IronHead,SuckerPunch|Brave||F|||50|]Farigiraf||SitrusBerry|ArmorTail|Psychic,EnergyBall,Protect,TrickRoom|Modest||M|||50|]Toxapex||Leftovers|Regenerator|Protect,Toxic,Infestation,WideGuard|Serious||M|||50|]Garchomp||LifeOrb|RoughSkin|DragonClaw,Earthquake,RockSlide,Protect|Jolly||F|||50|]Charizard||CharizarditeY|Blaze|HeatWave,WeatherBall,SolarBeam,Protect|Timid||F|||50|]Venusaur||FocusSash|Chlorophyll|EarthPower,SleepPowder,SludgeBomb,GigaDrain|Timid||M|||50|
|inactive|Battle timer is ON: inactive players will automatically lose when time's up. (requested by SmolivStayStrong<3)
|
|t:|1783626199
|teamsize|p1|4
|teamsize|p2|4
|start
|switch|p1a: Farigiraf|Farigiraf, L50, M|100/100
|switch|p1b: Mawile|Mawile, L50, M|100/100
|switch|p2a: Charizard|Charizard, L50, F|100/100
|switch|p2b: Venusaur|Venusaur, L50, M, shiny|100/100
|turn|1
|
|t:|1783626213
|detailschange|p2a: Charizard|Charizard-Mega-Y, L50, F
|-mega|p2a: Charizard|Charizard|Charizardite Y
|-weather|SunnyDay|[from] ability: Drought|[of] p2a: Charizard
|detailschange|p1b: Mawile|Mawile-Mega, L50, M
|-mega|p1b: Mawile|Mawile|Mawilite
|move|p1b: Mawile|Protect|p1b: Mawile
|-singleturn|p1b: Mawile|Protect
|move|p2b: Venusaur|Sludge Bomb|p1a: Farigiraf
|-damage|p1a: Farigiraf|58/100
|-status|p1a: Farigiraf|psn
|move|p2a: Charizard|Heat Wave|p1a: Farigiraf|[spread] p1a
|-activate|p1b: Mawile|move: Protect
|-damage|p1a: Farigiraf|3/100 psn
|-enditem|p1a: Farigiraf|Sitrus Berry|[eat]
|-heal|p1a: Farigiraf|28/100 psn|[from] item: Sitrus Berry
|move|p1a: Farigiraf|Trick Room|p1a: Farigiraf
|-fieldstart|move: Trick Room|[of] p1a: Farigiraf
|
|-weather|SunnyDay|[upkeep]
|-damage|p1a: Farigiraf|16/100 psn|[from] psn
|upkeep
|turn|2
|inactive|SmolivStayStrong<3 has 30 seconds left.
|inactive|SmolivStayStrong<3 has 20 seconds left.
|inactive|SmolivStayStrong<3 has 15 seconds left.
|
|t:|1783626256
|switch|p2a: Toxapex|Toxapex, L50, M|100/100
|switch|p2b: Farigiraf|Farigiraf, L50, M, shiny|100/100
|move|p1a: Farigiraf|Helping Hand|p1b: Mawile
|-singleturn|p1b: Mawile|Helping Hand|[of] p1a: Farigiraf
|move|p1b: Mawile|Rock Slide|p2b: Farigiraf|[spread] p2b
|-miss|p1b: Mawile|p2a: Toxapex
|-damage|p2b: Farigiraf|45/100
|-enditem|p2b: Farigiraf|Sitrus Berry|[eat]
|-heal|p2b: Farigiraf|70/100|[from] item: Sitrus Berry
|
|-weather|SunnyDay|[upkeep]
|-damage|p1a: Farigiraf|3/100 psn|[from] psn
|upkeep
|turn|3
|
|t:|1783626278
|move|p1a: Farigiraf|Helping Hand|p1b: Mawile
|-singleturn|p1b: Mawile|Helping Hand|[of] p1a: Farigiraf
|move|p2a: Toxapex|Infestation|p1b: Mawile
|-resisted|p1b: Mawile|2
|-damage|p1b: Mawile|99/100
|-activate|p1b: Mawile|move: Infestation|[of] p2a: Toxapex
|move|p1b: Mawile|Play Rough|p2b: Farigiraf
|-damage|p2b: Farigiraf|0 fnt
|faint|p2b: Farigiraf
|
|-weather|SunnyDay|[upkeep]
|-damage|p1a: Farigiraf|0 fnt|[from] psn
|faint|p1a: Farigiraf
|-damage|p1b: Mawile|87/100|[from] move: Infestation|[partiallytrapped]
|upkeep
|
|t:|1783626292
|switch|p1a: Sinistcha|Sinistcha, L50|100/100
|switch|p2b: Venusaur|Venusaur, L50, M, shiny|100/100
|-heal|p1b: Mawile|100/100|[from] ability: Hospitality|[of] p1a: Sinistcha
|turn|4
|
|t:|1783626314
|move|p2a: Toxapex|Toxic|p1a: Sinistcha
|-status|p1a: Sinistcha|tox
|move|p1b: Mawile|Iron Head|p2b: Venusaur
|-enditem|p2b: Venusaur|Focus Sash
|-damage|p2b: Venusaur|1/100
|move|p1a: Sinistcha|Matcha Gotcha|p2b: Venusaur|[spread] p2a,p2b
|-resisted|p2b: Venusaur|2
|-damage|p2a: Toxapex|78/100
|-damage|p2b: Venusaur|0 fnt
|-status|p2a: Toxapex|brn
|faint|p2b: Venusaur
|
|-weather|SunnyDay|[upkeep]
|-heal|p2a: Toxapex|84/100 brn|[from] item: Leftovers
|-damage|p1a: Sinistcha|93/100 tox|[from] psn
|-damage|p2a: Toxapex|78/100 brn|[from] brn
|-damage|p1b: Mawile|87/100|[from] move: Infestation|[partiallytrapped]
|upkeep
|
|t:|1783626320
|switch|p2b: Charizard|Charizard-Mega-Y, L50, F|100/100
|turn|5
|
|t:|1783626329
|move|p2a: Toxapex|Wide Guard|p2a: Toxapex
|-singleturn|p2a: Toxapex|Wide Guard
|move|p1b: Mawile|Rock Slide|p2b: Charizard|[spread] 
|-activate|p2a: Toxapex|move: Wide Guard
|-activate|p2b: Charizard|move: Wide Guard
|move|p1a: Sinistcha|Life Dew|p1a: Sinistcha|[spread] p1a,p1b
|-heal|p1a: Sinistcha|100/100 tox
|-heal|p1b: Mawile|100/100
|move|p2b: Charizard|Heat Wave|p1a: Sinistcha|[spread] p1a,p1b
|-supereffective|p1a: Sinistcha|1
|-supereffective|p1b: Mawile|1
|-damage|p1a: Sinistcha|0 fnt
|-damage|p1b: Mawile|0 fnt
|faint|p1a: Sinistcha
|faint|p1b: Mawile
|
|-weather|none
|-heal|p2a: Toxapex|84/100 brn|[from] item: Leftovers
|-damage|p2a: Toxapex|78/100 brn|[from] brn
|-fieldend|move: Trick Room
|upkeep
|
|t:|1783626335
|switch|p1b: Milotic|Milotic, L50, F|100/100
|turn|6
|
|t:|1783626345
|move|p2b: Charizard|Solar Beam||[still]
|-prepare|p2b: Charizard|Solar Beam
|move|p1b: Milotic|Coil|p1b: Milotic
|-boost|p1b: Milotic|atk|1
|-boost|p1b: Milotic|def|1
|-boost|p1b: Milotic|accuracy|1
|move|p2a: Toxapex|Toxic|p1b: Milotic
|-status|p1b: Milotic|tox
|
|-heal|p2a: Toxapex|84/100 brn|[from] item: Leftovers
|-damage|p1b: Milotic|94/100 tox|[from] psn
|-damage|p2a: Toxapex|78/100 brn|[from] brn
|upkeep
|turn|7
|
|t:|1783626354
|move|p2b: Charizard|Solar Beam|p1b: Milotic|[from] lockedmove
|-supereffective|p1b: Milotic|1
|-damage|p1b: Milotic|32/100 tox
|move|p1b: Milotic|Hypnosis|p2b: Charizard
|-status|p2b: Charizard|slp|[from] move: Hypnosis
|move|p2a: Toxapex|Infestation|p1b: Milotic
|-crit|p1b: Milotic
|-damage|p1b: Milotic|28/100 tox
|-activate|p1b: Milotic|move: Infestation|[of] p2a: Toxapex
|
|-heal|p1b: Milotic|34/100 tox|[from] item: Leftovers
|-heal|p2a: Toxapex|84/100 brn|[from] item: Leftovers
|-damage|p1b: Milotic|22/100 tox|[from] psn
|-damage|p2a: Toxapex|78/100 brn|[from] brn
|-damage|p1b: Milotic|10/100 tox|[from] move: Infestation|[partiallytrapped]
|upkeep
|turn|8
|-message|Lord Sarasaland forfeited.
|raw|Lord Sarasaland's rating: 1075 → 1056(-19 for losing)
|raw|SmolivStayStrong<3's rating: 1105 → 1128(+23 for winning)
|
|win|SmolivStayStrong<3
|l|☆Lord Sarasaland
|player|p1|
