|j|☆PAPl
|j|☆Ryan Hawkins
|html|PAPlRyan Hawkins    
|uhtml|bestof|Game 2 of a best-of-3
|t:|1757908868
|gametype|doubles
|player|p1|PAPl|ash|1018
|player|p2|Ryan Hawkins|n|1008
|gen|9
|tier|[Gen 9] VGC 2025 Reg H (Bo3)
|rated|
|rule|Species Clause: Limit one of each Pokémon
|rule|Item Clause: Limit 1 of each item
|clearpoke
|poke|p1|Kingambit, L50, M|
|poke|p1|Sneasler, L50, F|
|poke|p1|Rillaboom, L50, F|
|poke|p1|Volcarona, L50, M|
|poke|p1|Dragonite, L50, M|
|poke|p1|Ursaluna-Bloodmoon, L50, M|
|poke|p2|Quaquaval, L50, M|
|poke|p2|Murkrow, L50, M|
|poke|p2|Arcanine-Hisui, L50, F|
|poke|p2|Indeedee-F, L50, F|
|poke|p2|Ninetales-Alola, L50, F|
|poke|p2|Ursaluna-Bloodmoon, L50, M|
|teampreview|4
|showteam|p1|Kingambit||SafetyGoggles|Defiant|SwordsDance,SuckerPunch,IronHead,KowtowCleave|||M|||50|,,,,,Water]Sneasler||GrassySeed|Unburden|FakeOut,DireClaw,CloseCombat,RockSlide|||F|||50|,,,,,Dark]Rillaboom||CovertCloak|GrassySurge|FakeOut,GrassyGlide,Uturn,DrainPunch|||F|||50|,,,,,Fighting]Volcarona||Leftovers|FlameBody|QuiverDance,HeatWave,TeraBlast,GigaDrain|||M|||50|,,,,,Ground]Dragonite||LoadedDice|Multiscale|ScaleShot,Tailwind,LowKick,Haze|||M|||50|,,,,,Steel]Ursaluna-Bloodmoon||ThroatSpray|MindsEye|Protect,BloodMoon,EarthPower,HyperVoice|||M|||50|,,,,,Fairy
|showteam|p2|Quaquaval||WhiteHerb|Moxie|Protect,AquaStep,CloseCombat,SwordsDance|||M|||50|,,,,,Fire]Murkrow||Eviolite|Prankster|Protect,Tailwind,IcyWind,AirSlash|||M|||50|,,,,,Ghost]Arcanine-Hisui||ClearAmulet|Intimidate|Protect,FlameCharge,FlareBlitz,RockSlide|||F|||50|,,,,,Water]Indeedee-F||SafetyGoggles|PsychicSurge|FollowMe,TrickRoom,Imprison,Psychic|||F|||50|,,,,,Dark]Ninetales-Alola||FocusSash|SnowWarning|Protect,DazzlingGleam,AuroraVeil,FreezeDry|||F|||50|,,,,,Dark]Ursaluna-Bloodmoon||LifeOrb|MindsEye|Protect,HyperVoice,BloodMoon,EarthPower|||M|||50|,,,,,Grass
|
|t:|1757908929
|teamsize|p1|4
|teamsize|p2|4
|start
|switch|p1a: Sneasler|Sneasler, L50, F, shiny|100/100
|switch|p1b: Rillaboom|Rillaboom, L50, F|100/100
|switch|p2a: Arcanine|Arcanine-Hisui, L50, F, shiny|100/100
|switch|p2b: Ninetales|Ninetales-Alola, L50, F, shiny|100/100
|-weather|Snowscape|[from] ability: Snow Warning|[of] p2b: Ninetales
|-ability|p2a: Arcanine|Intimidate|boost
|-unboost|p1a: Sneasler|atk|1
|-unboost|p1b: Rillaboom|atk|1
|-fieldstart|move: Grassy Terrain|[from] ability: Grassy Surge|[of] p1b: Rillaboom
|-enditem|p1a: Sneasler|Grassy Seed
|-boost|p1a: Sneasler|def|1|[from] item: Grassy Seed
|turn|1
|
|t:|1757908966
|move|p2b: Ninetales|Protect|p2b: Ninetales
|-singleturn|p2b: Ninetales|Protect
|move|p2a: Arcanine|Protect|p2a: Arcanine
|-singleturn|p2a: Arcanine|Protect
|move|p1b: Rillaboom|Fake Out|p2a: Arcanine
|-activate|p2a: Arcanine|move: Protect
|move|p1a: Sneasler|Rock Slide|p2a: Arcanine|[spread] 
|-activate|p2a: Arcanine|move: Protect
|-activate|p2b: Ninetales|move: Protect
|
|-weather|Snowscape|[upkeep]
|upkeep
|turn|2
|inactive|Battle timer is ON: inactive players will automatically lose when time's up. (requested by PAPl)
|
|t:|1757908985
|-terastallize|p2a: Arcanine|Water
|move|p1b: Rillaboom|Grassy Glide|p2a: Arcanine
|-supereffective|p2a: Arcanine
|-damage|p2a: Arcanine|44/100
|move|p1a: Sneasler|Rock Slide|p2b: Ninetales|[spread] p2a
|-miss|p1a: Sneasler|p2b: Ninetales
|-damage|p2a: Arcanine|29/100
|move|p2b: Ninetales|Aurora Veil|p2b: Ninetales
|-sidestart|p2: Ryan Hawkins|move: Aurora Veil
|move|p2a: Arcanine|Flare Blitz|p1b: Rillaboom
|-supereffective|p1b: Rillaboom
|-damage|p1b: Rillaboom|0 fnt
|faint|p1b: Rillaboom
|-damage|p2a: Arcanine|0 fnt|[from] Recoil
|faint|p2a: Arcanine
|
|-weather|Snowscape|[upkeep]
|upkeep
|inactive|PAPl has 30 seconds left.
|
|t:|1757909017
|switch|p2a: Quaquaval|Quaquaval, L50, M, shiny|100/100
|switch|p1b: Kingambit|Kingambit, L50, M, shiny|100/100
|turn|3
|inactive|PAPl has 30 seconds left.
|
|t:|1757909047
|-terastallize|p1b: Kingambit|Water
|move|p1a: Sneasler|Dire Claw|p2a: Quaquaval
|-damage|p2a: Quaquaval|80/100
|-status|p2a: Quaquaval|par
|move|p2b: Ninetales|Dazzling Gleam|p1a: Sneasler|[spread] p1a,p1b
|-damage|p1a: Sneasler|67/100
|-damage|p1b: Kingambit|76/100
|move|p1b: Kingambit|Kowtow Cleave|p2a: Quaquaval
|-resisted|p2a: Quaquaval
|-damage|p2a: Quaquaval|61/100 par
|cant|p2a: Quaquaval|par
|
|-weather|Snowscape|[upkeep]
|-heal|p1a: Sneasler|73/100|[from] Grassy Terrain
|-heal|p1b: Kingambit|82/100|[from] Grassy Terrain
|-heal|p2a: Quaquaval|67/100 par|[from] Grassy Terrain
|upkeep
|turn|4
|inactive|PAPl has 30 seconds left.
|
|t:|1757909075
|move|p1a: Sneasler|Dire Claw|p2a: Quaquaval
|-damage|p2a: Quaquaval|46/100 par
|move|p2b: Ninetales|Dazzling Gleam|p1b: Kingambit|[spread] p1a,p1b
|-damage|p1a: Sneasler|41/100
|-damage|p1b: Kingambit|58/100
|move|p1b: Kingambit|Iron Head|p2b: Ninetales
|-supereffective|p2b: Ninetales
|-enditem|p2b: Ninetales|Focus Sash
|-damage|p2b: Ninetales|1/100
|move|p2a: Quaquaval|Aqua Step|p1a: Sneasler
|-damage|p1a: Sneasler|0 fnt
|-boost|p2a: Quaquaval|spe|1
|faint|p1a: Sneasler
|-ability|p2a: Quaquaval|Moxie|boost
|-boost|p2a: Quaquaval|atk|1
|
|-weather|Snowscape|[upkeep]
|-heal|p2b: Ninetales|7/100|[from] Grassy Terrain
|-heal|p2a: Quaquaval|51/100 par|[from] Grassy Terrain
|-heal|p1b: Kingambit|64/100|[from] Grassy Terrain
|upkeep
|
|t:|1757909089
|switch|p1a: Volcarona|Volcarona, L50, M, shiny|100/100
|turn|5
|
|t:|1757909101
|move|p2b: Ninetales|Dazzling Gleam|p1b: Kingambit|[spread] p1a,p1b
|-resisted|p1a: Volcarona
|-damage|p1a: Volcarona|88/100
|-damage|p1b: Kingambit|40/100
|move|p1a: Volcarona|Giga Drain|p2a: Quaquaval
|-supereffective|p2a: Quaquaval
|-damage|p2a: Quaquaval|0 fnt
|-heal|p1a: Volcarona|100/100|[from] drain|[of] p2a: Quaquaval
|faint|p2a: Quaquaval
|move|p1b: Kingambit|Swords Dance|p1b: Kingambit
|-boost|p1b: Kingambit|atk|2
|
|-weather|none
|-heal|p2b: Ninetales|13/100|[from] Grassy Terrain
|-heal|p1b: Kingambit|46/100|[from] Grassy Terrain
|-fieldend|move: Grassy Terrain
|upkeep
|
|t:|1757909114
|switch|p2a: Murkrow|Murkrow, L50, M, shiny|100/100
|turn|6
|
|t:|1757909128
|move|p2b: Ninetales|Protect|p2b: Ninetales
|-singleturn|p2b: Ninetales|Protect
|move|p2a: Murkrow|Air Slash|p1a: Volcarona
|-supereffective|p1a: Volcarona
|-damage|p1a: Volcarona|60/100
|cant|p1a: Volcarona|flinch
|move|p1b: Kingambit|Kowtow Cleave|p2a: Murkrow
|-resisted|p2a: Murkrow
|-damage|p2a: Murkrow|54/100
|
|-heal|p1a: Volcarona|67/100|[from] item: Leftovers
|-sideend|p2: Ryan Hawkins|move: Aurora Veil
|upkeep
|turn|7
|inactive|PAPl has 30 seconds left.
|
|t:|1757909159
|move|p1b: Kingambit|Sucker Punch|p2b: Ninetales
|-resisted|p2b: Ninetales
|-damage|p2b: Ninetales|0 fnt
|faint|p2b: Ninetales
|move|p2a: Murkrow|Air Slash|p1a: Volcarona|[miss]
|-miss|p2a: Murkrow|p1a: Volcarona
|move|p1a: Volcarona|Heat Wave|p2a: Murkrow
|-damage|p2a: Murkrow|0 fnt
|faint|p2a: Murkrow
|
|win|PAPl
|raw|PAPl's rating: 1018 → 1054(+36 for winning)
|raw|Ryan Hawkins's rating: 1008 → 1000(-8 for losing)
|l|☆PAPl
|player|p1|
|l|☆Ryan Hawkins
|player|p2|
