|j|☆teyvgc
|j|☆Inferno prodigy
|html|teyvgcInferno prodigy    
|uhtml|bestof|Game 1 of a best-of-3
|t:|1785892594
|gametype|doubles
|player|p1|teyvgc|rood|1280
|player|p2|Inferno prodigy|265|1356
|gen|9
|tier|[Gen 9 Champions] VGC 2026 Reg M-B (Bo3)
|rated|
|rule|Species Clause: Limit one of each Pokémon
|rule|Item Clause: Limit 1 of each item
|clearpoke
|poke|p1|Staraptor, L50, M|
|poke|p1|Metagross, L50|
|poke|p1|Farigiraf, L50, F|
|poke|p1|Whimsicott, L50, F|
|poke|p1|Garchomp, L50, F|
|poke|p1|Ceruledge, L50, M|
|poke|p2|Raichu, L50, F|
|poke|p2|Scizor, L50, M|
|poke|p2|Ninetales-Alola, L50, M|
|poke|p2|Staraptor, L50, M|
|poke|p2|Glimmora, L50, M, shiny|
|poke|p2|Kingambit, L50, M, shiny|
|teampreview|4
|showteam|p1|Staraptor||Staraptite|Intimidate|Protect,CloseCombat,BraveBird,Roost|Jolly||M|||50|]Metagross||Metagrossite|ClearBody|Protect,IronHead,PsychicFangs,StompingTantrum|Adamant|||||50|]Farigiraf||SitrusBerry|ArmorTail|HelpingHand,Psychic,Thunderbolt,TrickRoom|Calm||F|||50|]Whimsicott||FocusSash|Prankster|Moonblast,Tailwind,Charm,Encore|Timid||F|||50|]Garchomp||LifeOrb|RoughSkin|Protect,StompingTantrum,RockSlide,DragonClaw|Jolly||F|||50|]Ceruledge||ColburBerry|FlashFire|Protect,ShadowSneak,BulkUp,BitterBlade|Adamant||M|||50|
|showteam|p2|Raichu||RaichuniteY|LightningRod|ZapCannon,FocusBlast,FakeOut,Protect|Timid||F|||50|]Scizor||LifeOrb|Technician|BulletPunch,BugBite,Feint,Protect|Adamant||M|||50|]Ninetales-Alola||ChoiceScarf|SnowWarning|Moonblast,Blizzard,FreezeDry,IcyWind|Timid||M|||50|]Staraptor||Staraptite|Intimidate|CloseCombat,BraveBird,Roost,Protect|Jolly||M|||50|]Glimmora||FocusSash|ToxicDebris|PowerGem,EarthPower,SpikyShield,SludgeBomb|Timid||M|||50|]Kingambit||ChopleBerry|Defiant|KowtowCleave,SuckerPunch,LowKick,Protect|Adamant||M|||50|
|
|t:|1785892656
|teamsize|p1|4
|teamsize|p2|4
|start
|switch|p1a: Smart Iron Brick|Metagross, L50|100/100
|switch|p1b: Trick Room Hater|Whimsicott, L50, F|100/100
|switch|p2a: Ninetales|Ninetales-Alola, L50, M|100/100
|switch|p2b: Glimmora|Glimmora, L50, M, shiny|100/100
|-weather|Snowscape|[from] ability: Snow Warning|[of] p2a: Ninetales
|turn|1
|
|t:|1785892688
|detailschange|p1a: Smart Iron Brick|Metagross-Mega, L50
|-mega|p1a: Smart Iron Brick|Metagross|Metagrossite
|move|p1b: Trick Room Hater|Tailwind|p1b: Trick Room Hater
|-sidestart|p1: teyvgc|move: Tailwind
|move|p1a: Smart Iron Brick|Iron Head|p2a: Ninetales
|-supereffective|p2a: Ninetales|2
|-damage|p2a: Ninetales|0 fnt
|faint|p2a: Ninetales
|move|p2b: Glimmora|Earth Power|p1a: Smart Iron Brick
|-supereffective|p1a: Smart Iron Brick|1
|-damage|p1a: Smart Iron Brick|39/100
|
|-weather|Snowscape|[upkeep]
|upkeep
|
|t:|1785892700
|switch|p2a: Scizor|Scizor, L50, M|100/100
|turn|2
|
|t:|1785892715
|move|p1a: Smart Iron Brick|Protect|p1a: Smart Iron Brick
|-singleturn|p1a: Smart Iron Brick|Protect
|move|p2a: Scizor|Bullet Punch|p1b: Trick Room Hater
|-supereffective|p1b: Trick Room Hater|1
|-enditem|p1b: Trick Room Hater|Focus Sash
|-damage|p1b: Trick Room Hater|1/100
|-damage|p2a: Scizor|90/100|[from] item: Life Orb
|move|p1b: Trick Room Hater|Moonblast|p2b: Glimmora
|-resisted|p2b: Glimmora|1
|-damage|p2b: Glimmora|77/100
|-unboost|p2b: Glimmora|spa|1
|move|p2b: Glimmora|Earth Power|p1a: Smart Iron Brick
|-activate|p1a: Smart Iron Brick|move: Protect
|
|-weather|Snowscape|[upkeep]
|upkeep
|turn|3
|
|t:|1785892736
|move|p2b: Glimmora|Spiky Shield|p2b: Glimmora
|-singleturn|p2b: Glimmora|move: Protect
|move|p2a: Scizor|Feint|p1b: Trick Room Hater
|-damage|p1b: Trick Room Hater|0 fnt
|faint|p1b: Trick Room Hater
|-damage|p2a: Scizor|80/100|[from] item: Life Orb
|move|p1a: Smart Iron Brick|Stomping Tantrum|p2b: Glimmora
|-activate|p2b: Glimmora|move: Protect
|-damage|p1a: Smart Iron Brick|26/100|[from] Spiky Shield|[of] p2b: Glimmora
|
|-weather|Snowscape|[upkeep]
|upkeep
|
|t:|1785892742
|switch|p1b: SwagTastic|Ceruledge, L50, M|100/100
|turn|4
|
|t:|1785892760
|switch|p2b: Staraptor|Staraptor, L50, M|100/100
|-ability|p2b: Staraptor|Intimidate|boost
|-unboost|p1a: Smart Iron Brick|atk|1
|-unboost|p1b: SwagTastic|atk|1
|move|p2a: Scizor|Bullet Punch|p1a: Smart Iron Brick
|-resisted|p1a: Smart Iron Brick|1
|-damage|p1a: Smart Iron Brick|8/100
|-damage|p2a: Scizor|71/100|[from] item: Life Orb
|move|p1a: Smart Iron Brick|Stomping Tantrum|p2b: Staraptor
|-immune|p2b: Staraptor
|move|p1b: SwagTastic|Bitter Blade|p2a: Scizor
|-supereffective|p2a: Scizor|2
|-damage|p2a: Scizor|0 fnt
|faint|p2a: Scizor
|
|-weather|Snowscape|[upkeep]
|-sideend|p1: teyvgc|move: Tailwind
|upkeep
|
|t:|1785892773
|switch|p2a: Glimmora|Glimmora, L50, M, shiny|77/100
|turn|5
|
|t:|1785892784
|detailschange|p2b: Staraptor|Staraptor-Mega, L50, M
|-mega|p2b: Staraptor|Staraptor|Staraptite
|move|p1a: Smart Iron Brick|Protect|p1a: Smart Iron Brick
|-singleturn|p1a: Smart Iron Brick|Protect
|move|p1b: SwagTastic|Shadow Sneak|p2a: Glimmora
|-damage|p2a: Glimmora|60/100
|-activate|p2a: Glimmora|ability: Toxic Debris
|-sidestart|p1: teyvgc|move: Toxic Spikes
|move|p2b: Staraptor|Close Combat|p1a: Smart Iron Brick
|-activate|p1a: Smart Iron Brick|move: Protect
|move|p2a: Glimmora|Power Gem|p1b: SwagTastic
|-supereffective|p1b: SwagTastic|1
|-damage|p1b: SwagTastic|16/100
|
|-weather|none
|upkeep
|turn|6
|
|t:|1785892822
|move|p1b: SwagTastic|Shadow Sneak|p2a: Glimmora
|-damage|p2a: Glimmora|43/100
|-activate|p2a: Glimmora|ability: Toxic Debris
|-sidestart|p1: teyvgc|move: Toxic Spikes
|move|p2b: Staraptor|Close Combat|p1a: Smart Iron Brick
|-damage|p1a: Smart Iron Brick|0 fnt
|-boost|p2b: Staraptor|def|1
|-boost|p2b: Staraptor|spd|1
|faint|p1a: Smart Iron Brick
|move|p2a: Glimmora|Sludge Bomb|p1b: SwagTastic
|-resisted|p1b: SwagTastic|1
|-damage|p1b: SwagTastic|0 fnt
|faint|p1b: SwagTastic
|
|upkeep
|-message|teyvgc forfeited.
|
|win|Inferno prodigy
