|j|☆SQDGiorgi
|j|☆gundot
|html|SQDGiorgigundot    
|uhtml|bestof|Game 1 of a best-of-3
|t:|1782979459
|gametype|doubles
|player|p1|SQDGiorgi|steven|
|player|p2|gundot|ethan-gen2|
|gen|9
|tier|[Gen 9 Champions] VGC 2026 Reg M-B (Bo3)
|rule|Species Clause: Limit one of each Pokémon
|rule|Item Clause: Limit 1 of each item
|clearpoke
|poke|p1|Staraptor, L50, M|
|poke|p1|Houndstone, L50, M|
|poke|p1|Tyranitar, L50, M|
|poke|p1|Rotom-Wash, L50|
|poke|p1|Excadrill, L50, F|
|poke|p1|Venusaur, L50, M|
|poke|p2|Charizard, L50, M, shiny|
|poke|p2|Whimsicott, L50, F, shiny|
|poke|p2|Floette-Eternal, L50, F|
|poke|p2|Garchomp, L50, M|
|poke|p2|Kingambit, L50, M|
|poke|p2|Basculegion, L50, M|
|teampreview|4
|showteam|p1|Staraptor||Staraptite|Intimidate|BraveBird,CloseCombat,Tailwind,Protect|Jolly||M|||50|]Houndstone||SitrusBerry|SandRush|LastRespects,WillOWisp,AllySwitch,Protect|Adamant||M|||50|]Tyranitar||ChoiceScarf|SandStream|RockSlide,KnockOff,IcePunch,LowKick|Jolly||M|||50|]Rotom-Wash||Magnet|Levitate|HydroPump,Thunderbolt,VoltSwitch,Protect|Modest|||||50|]Excadrill||FocusSash|SandRush|Earthquake,IronHead,RockSlide,Protect|Adamant||F|||50|]Venusaur||Venusaurite|Chlorophyll|SludgeBomb,EarthPower,SleepPowder,Protect|Modest||M|||50|
|showteam|p2|Charizard||CharizarditeY|SolarPower|HeatWave,WeatherBall,SolarBeam,Protect|Modest||M|||50|]Whimsicott||FocusSash|Prankster|Moonblast,Tailwind,Encore,Protect|Timid||F|||50|]Floette-Eternal||Floettite|FlowerVeil|Moonblast,DazzlingGleam,LightofRuin,Protect|Timid||F|||50|]Garchomp||SitrusBerry|RoughSkin|Earthquake,DragonClaw,RockSlide,Protect|Jolly||M|||50|]Kingambit||BlackGlasses|Defiant|KowtowCleave,SuckerPunch,IronHead,Protect|Adamant||M|||50|]Basculegion||MysticWater|Adaptability|WaveCrash,AquaJet,LastRespects,Protect|Adamant||M|||50|
|inactive|Battle timer is ON: inactive players will automatically lose when time's up. (requested by SQDGiorgi)
|inactive|gundot also wants the timer to be on.
|c|☆SQDGiorgi|Buena suerte tio
|c|☆gundot|igualmente!
|inactive|SQDGiorgi has 60 seconds left.
|inactive|gundot has 60 seconds left.
|inactive|gundot has 30 seconds left.
|
|t:|1782979523
|teamsize|p1|4
|teamsize|p2|4
|start
|switch|p1a: Rotom|Rotom-Wash, L50|100/100
|switch|p1b: Venusaur|Venusaur, L50, M|100/100
|switch|p2a: Whimsicott|Whimsicott, L50, F, shiny|100/100
|switch|p2b: Charizard|Charizard, L50, M, shiny|100/100
|turn|1
|inactive|SQDGiorgi has 30 seconds left.
|inactive|gundot has 30 seconds left.
|inactive|SQDGiorgi has 20 seconds left.
|inactive|gundot has 20 seconds left.
|inactive|SQDGiorgi has 15 seconds left.
|inactive|SQDGiorgi has 10 seconds left.
|
|t:|1782979569
|switch|p2b: Garchomp|Garchomp, L50, M|100/100
|detailschange|p1b: Venusaur|Venusaur-Mega, L50, M
|-mega|p1b: Venusaur|Venusaur|Venusaurite
|move|p2a: Whimsicott|Tailwind|p2a: Whimsicott
|-sidestart|p2: gundot|move: Tailwind
|move|p1b: Venusaur|Sludge Bomb|p2a: Whimsicott
|-supereffective|p2a: Whimsicott|2
|-enditem|p2a: Whimsicott|Focus Sash
|-damage|p2a: Whimsicott|1/100
|-status|p2a: Whimsicott|psn
|move|p1a: Rotom|Thunderbolt|p2b: Garchomp
|-immune|p2b: Garchomp
|
|-damage|p2a: Whimsicott|0 fnt|[from] psn
|faint|p2a: Whimsicott
|upkeep
|
|t:|1782979574
|switch|p2a: Charizard|Charizard, L50, M, shiny|100/100
|turn|2
|
|t:|1782979597
|move|p2a: Charizard|Protect|p2a: Charizard
|-singleturn|p2a: Charizard|Protect
|move|p2b: Garchomp|Dragon Claw|p1a: Rotom
|-damage|p1a: Rotom|63/100
|move|p1b: Venusaur|Sleep Powder|p2b: Garchomp
|-status|p2b: Garchomp|slp|[from] move: Sleep Powder
|move|p1a: Rotom|Volt Switch|p2a: Charizard
|-activate|p2a: Charizard|move: Protect
|
|upkeep
|turn|3
|
|t:|1782979614
|detailschange|p2a: Charizard|Charizard-Mega-Y, L50, M, shiny
|-mega|p2a: Charizard|Charizard|Charizardite Y
|-weather|SunnyDay|[from] ability: Drought|[of] p2a: Charizard
|cant|p2b: Garchomp|slp
|move|p2a: Charizard|Solar Beam||[still]
|-prepare|p2a: Charizard|Solar Beam
|-anim|p2a: Charizard|Solar Beam|p1a: Rotom
|-supereffective|p1a: Rotom|1
|-damage|p1a: Rotom|0 fnt
|faint|p1a: Rotom
|move|p1b: Venusaur|Sludge Bomb|p2a: Charizard
|-damage|p2a: Charizard|58/100
|
|-weather|SunnyDay|[upkeep]
|upkeep
|
|t:|1782979626
|switch|p1a: Tyranitar|Tyranitar, L50, M|100/100
|-weather|Sandstorm|[from] ability: Sand Stream|[of] p1a: Tyranitar
|turn|4
|
|t:|1782979643
|move|p2a: Charizard|Protect|p2a: Charizard
|-singleturn|p2a: Charizard|Protect
|cant|p2b: Garchomp|slp
|move|p1a: Tyranitar|Ice Punch|p2b: Garchomp
|-supereffective|p2b: Garchomp|2
|-damage|p2b: Garchomp|0 fnt
|-damage|p1a: Tyranitar|88/100|[from] ability: Rough Skin|[of] p2b: Garchomp
|faint|p2b: Garchomp
|move|p1b: Venusaur|Sleep Powder|p2a: Charizard
|-activate|p2a: Charizard|move: Protect
|
|-weather|Sandstorm|[upkeep]
|-damage|p2a: Charizard|52/100|[from] Sandstorm
|-damage|p1b: Venusaur|94/100|[from] Sandstorm
|-sideend|p2: gundot|move: Tailwind
|upkeep
|
|t:|1782979646
|switch|p2b: Basculegion|Basculegion, L50, M|100/100
|turn|5
|
|t:|1782979670
|move|p1a: Tyranitar|Ice Punch|p2a: Charizard
|-damage|p2a: Charizard|22/100
|move|p2a: Charizard|Heat Wave|p1b: Venusaur|[spread] p1a
|-miss|p2a: Charizard|p1b: Venusaur
|-resisted|p1a: Tyranitar|1
|-damage|p1a: Tyranitar|73/100
|move|p1b: Venusaur|Sludge Bomb|p2a: Charizard
|-damage|p2a: Charizard|0 fnt
|faint|p2a: Charizard
|move|p2b: Basculegion|Last Respects|p1b: Venusaur
|-damage|p1b: Venusaur|0 fnt
|faint|p1b: Venusaur
|
|-weather|Sandstorm|[upkeep]
|-damage|p2b: Basculegion|94/100|[from] Sandstorm
|upkeep
|
|t:|1782979678
|switch|p1b: Excadrill|Excadrill, L50, F|100/100
|turn|6
|
|t:|1782979689
|move|p2b: Basculegion|Aqua Jet|p1b: Excadrill
|-supereffective|p1b: Excadrill|1
|-damage|p1b: Excadrill|1/100
|move|p1b: Excadrill|Rock Slide|p2b: Basculegion
|-damage|p2b: Basculegion|61/100
|move|p1a: Tyranitar|Ice Punch|p2b: Basculegion
|-resisted|p2b: Basculegion|1
|-crit|p2b: Basculegion
|-damage|p2b: Basculegion|36/100
|
|-weather|Sandstorm|[upkeep]
|-damage|p2b: Basculegion|30/100|[from] Sandstorm
|upkeep
|turn|7
|inactive|SQDGiorgi has 30 seconds left.
|
|t:|1782979723
|move|p2b: Basculegion|Protect|p2b: Basculegion
|-singleturn|p2b: Basculegion|Protect
|move|p1b: Excadrill|Iron Head|p2b: Basculegion
|-activate|p2b: Basculegion|move: Protect
|move|p1a: Tyranitar|Ice Punch|p2b: Basculegion
|-activate|p2b: Basculegion|move: Protect
|
|-weather|Sandstorm|[upkeep]
|-damage|p2b: Basculegion|24/100|[from] Sandstorm
|upkeep
|turn|8
|l|☆gundot
|inactive|gundot disconnected and has 300 seconds to reconnect!
|player|p2|
|j|☆gundot
|inactive|gundot reconnected and has 55 seconds left.
|player|p2|gundot|ethan-gen2|
|
|t:|1782979768
|move|p1b: Excadrill|Protect|p1b: Excadrill
|-singleturn|p1b: Excadrill|Protect
|move|p2b: Basculegion|Aqua Jet|p1b: Excadrill
|-activate|p1b: Excadrill|move: Protect
|move|p1a: Tyranitar|Ice Punch|p2b: Basculegion
|-resisted|p2b: Basculegion|1
|-damage|p2b: Basculegion|10/100
|
|-weather|none
|upkeep
|turn|9
|
|t:|1782979780
|move|p2b: Basculegion|Aqua Jet|p1b: Excadrill
|-supereffective|p1b: Excadrill|1
|-damage|p1b: Excadrill|0 fnt
|faint|p1b: Excadrill
|move|p1a: Tyranitar|Ice Punch|p2b: Basculegion
|-resisted|p2b: Basculegion|1
|-damage|p2b: Basculegion|0 fnt
|faint|p2b: Basculegion
|
|win|SQDGiorgi
||SQDGiorgi is ready for game 2.
