|j|☆blank8787
|j|☆Esponjo
|html|blank8787Esponjo    
|uhtml|bestof|Game 1 of a best-of-3
|t:|1786158402
|gametype|doubles
|player|p1|blank8787|102|1000
|player|p2|Esponjo|1|1066
|gen|9
|tier|[Gen 9 Champions] VGC 2026 Reg M-B (Bo3)
|rated|
|rule|Species Clause: Limit one of each Pokémon
|rule|Item Clause: Limit 1 of each item
|clearpoke
|poke|p1|Steelix, L50, M|
|poke|p1|Lycanroc, L50, F|
|poke|p1|Heliolisk, L50, M|
|poke|p1|Sinistcha, L50|
|poke|p1|Scrafty, L50, M|
|poke|p1|Tyranitar, L50, M|
|poke|p2|Staraptor, L50, M|
|poke|p2|Arcanine-Hisui, L50, F|
|poke|p2|Kingambit, L50, F|
|poke|p2|Raichu, L50, F|
|poke|p2|Farigiraf, L50, F|
|poke|p2|Sylveon, L50, M|
|teampreview|4
|showteam|p1|Steelix||Steelixite|RockHead|WideGuard,HeavySlam,Protect,HighHorsepower|Adamant||M|||50|]Lycanroc||LifeOrb|SandRush|ThunderFang,IronHead,RockSlide,Accelerock|Adamant||F|||50|]Heliolisk||ChoiceScarf|DrySkin|Thunderbolt,VoltSwitch,DragonPulse,GrassKnot|Modest||M|||50|]Sinistcha||SitrusBerry|Hospitality|TrickRoom,MatchaGotcha,Protect,RagePowder|Relaxed|||||50|]Scrafty||RoseliBerry|Intimidate|CloseCombat,Coaching,FakeOut,KnockOff|Serious||M|||50|]Tyranitar||Tyranitarite|SandStream|Protect,RockSlide,KnockOff,DragonDance|Jolly||M|||50|
|showteam|p2|Staraptor||Staraptite|Intimidate|DualWingbeat,CloseCombat,Tailwind,Protect|Jolly||M|||50|]Arcanine-Hisui||FocusSash|RockHead|FlareBlitz,HeadSmash,ExtremeSpeed,Protect|Jolly||F|||50|]Kingambit||LifeOrb|Defiant|KowtowCleave,SuckerPunch,SwordsDance,Protect|Adamant||F|||50|]Raichu||RaichuniteY|LightningRod|ZapCannon,FocusBlast,FakeOut,Protect|Modest||F|||50|]Farigiraf||SitrusBerry|ArmorTail|Psychic,HelpingHand,TrickRoom,Protect|Bold||F|||50|]Sylveon||FairyFeather|Pixilate|HyperVoice,HyperBeam,QuickAttack,Detect|Modest||M|||50|
|inactive|Battle timer is ON: inactive players will automatically lose when time's up. (requested by Esponjo)
|inactive|blank8787 has 60 seconds left.
|inactive|Esponjo has 60 seconds left.
|
|t:|1786158456
|teamsize|p1|4
|teamsize|p2|4
|start
|switch|p1a: Tyranitar|Tyranitar, L50, M|100/100
|switch|p1b: Lycanroc|Lycanroc, L50, F|100/100
|switch|p2a: Staraptor|Staraptor, L50, M|100/100
|switch|p2b: Sylveon|Sylveon, L50, M|100/100
|-ability|p2a: Staraptor|Intimidate|boost
|-unboost|p1a: Tyranitar|atk|1
|-unboost|p1b: Lycanroc|atk|1
|-weather|Sandstorm|[from] ability: Sand Stream|[of] p1a: Tyranitar
|turn|1
|
|t:|1786158470
|switch|p1a: Sinistcha|Sinistcha, L50|100/100
|detailschange|p2a: Staraptor|Staraptor-Mega, L50, M
|-mega|p2a: Staraptor|Staraptor|Staraptite
|move|p1b: Lycanroc|Rock Slide|p2b: Sylveon|[spread] p2a,p2b
|-damage|p2a: Staraptor|77/100
|-damage|p2b: Sylveon|69/100
|-damage|p1b: Lycanroc|90/100|[from] item: Life Orb
|cant|p2a: Staraptor|flinch
|move|p2b: Sylveon|Hyper Voice|p1a: Sinistcha|[spread] p1a,p1b
|-damage|p1a: Sinistcha|44/100
|-damage|p1b: Lycanroc|45/100
|-enditem|p1a: Sinistcha|Sitrus Berry|[eat]
|-heal|p1a: Sinistcha|69/100|[from] item: Sitrus Berry
|
|-weather|Sandstorm|[upkeep]
|-damage|p2a: Staraptor|71/100|[from] Sandstorm
|-damage|p2b: Sylveon|63/100|[from] Sandstorm
|-damage|p1a: Sinistcha|62/100|[from] Sandstorm
|upkeep
|turn|2
|inactive|blank8787 has 30 seconds left.
|
|t:|1786158498
|move|p1b: Lycanroc|Iron Head|p2b: Sylveon
|-supereffective|p2b: Sylveon|1
|-damage|p2b: Sylveon|8/100
|-damage|p1b: Lycanroc|35/100|[from] item: Life Orb
|move|p2a: Staraptor|Tailwind|p2a: Staraptor
|-sidestart|p2: Esponjo|move: Tailwind
|move|p2b: Sylveon|Hyper Voice|p1a: Sinistcha|[spread] p1a,p1b
|-damage|p1a: Sinistcha|15/100
|-damage|p1b: Lycanroc|0 fnt
|faint|p1b: Lycanroc
|move|p1a: Sinistcha|Trick Room|p1a: Sinistcha
|-fieldstart|move: Trick Room|[of] p1a: Sinistcha
|
|-weather|Sandstorm|[upkeep]
|-damage|p1a: Sinistcha|9/100|[from] Sandstorm
|-damage|p2b: Sylveon|2/100|[from] Sandstorm
|-damage|p2a: Staraptor|65/100|[from] Sandstorm
|upkeep
|
|t:|1786158507
|switch|p1b: Steelix|Steelix, L50, M|100/100
|turn|3
|
|t:|1786158526
|detailschange|p1b: Steelix|Steelix-Mega, L50, M
|-mega|p1b: Steelix|Steelix|Steelixite
|move|p2b: Sylveon|Quick Attack|p1a: Sinistcha
|-damage|p1a: Sinistcha|0 fnt
|faint|p1a: Sinistcha
|move|p1b: Steelix|Heavy Slam|p2a: Staraptor
|-damage|p2a: Staraptor|0 fnt
|faint|p2a: Staraptor
|
|-weather|Sandstorm|[upkeep]
|-damage|p2b: Sylveon|0 fnt|[from] Sandstorm
|faint|p2b: Sylveon
|upkeep
|
|t:|1786158539
|switch|p1a: Tyranitar|Tyranitar, L50, M|100/100
|switch|p2b: Kingambit|Kingambit, L50, F|100/100
|switch|p2a: Arcanine|Arcanine-Hisui, L50, F|100/100
|turn|4
|
|t:|1786158550
|move|p1b: Steelix|High Horsepower|p2b: Kingambit
|-supereffective|p2b: Kingambit|1
|-damage|p2b: Kingambit|0 fnt
|faint|p2b: Kingambit
|move|p1a: Tyranitar|Rock Slide|p2a: Arcanine
|-supereffective|p2a: Arcanine|1
|-enditem|p2a: Arcanine|Focus Sash
|-damage|p2a: Arcanine|1/100
|move|p2a: Arcanine|Flare Blitz|p1b: Steelix
|-supereffective|p1b: Steelix|1
|-damage|p1b: Steelix|47/100
|
|-weather|Sandstorm|[upkeep]
|upkeep
|turn|5
|
|t:|1786158566
|move|p2a: Arcanine|Extreme Speed|p1a: Tyranitar
|-resisted|p1a: Tyranitar|1
|-damage|p1a: Tyranitar|88/100
|move|p1b: Steelix|High Horsepower|p2a: Arcanine
|-supereffective|p2a: Arcanine|2
|-damage|p2a: Arcanine|0 fnt
|faint|p2a: Arcanine
|
|win|blank8787
||blank8787 is ready for game 2.
