|j|☆Wangopedia
|j|☆colemarcusvgc
|html|Wangopediacolemarcusvgc    
|uhtml|bestof|Game 1 of a best-of-3
|t:|1756531146
|gametype|doubles
|player|p1|Wangopedia|1|1000
|player|p2|colemarcusvgc|n|1000
|gen|9
|tier|[Gen 9] VGC 2025 Reg H (Bo3)
|rated|
|rule|Species Clause: Limit one of each Pokémon
|rule|Item Clause: Limit 1 of each item
|clearpoke
|poke|p1|Sinistcha-Masterpiece, L50|
|poke|p1|Swampert, L50, M|
|poke|p1|Weezing-Galar, L50, M|
|poke|p1|Tinkaton, L50, F|
|poke|p1|Mandibuzz, L50, F|
|poke|p2|Indeedee-F, L50, F|
|poke|p2|Hatterene, L50, F|
|poke|p2|Ursaluna, L50, F|
|poke|p2|Amoonguss, L50, M|
|poke|p2|Porygon2, L50|
|poke|p2|Tyranitar, L50, F|
|teampreview|4
|showteam|p1|Sinistcha-Masterpiece||RockyHelmet|Hospitality|LifeDew,GigaDrain,TrickRoom,RagePowder||||||50|,,,,,Water]Swampert||ClearAmulet|Torrent|Growl,FlipTurn,WideGuard,HelpingHand|||M|||50|,,,,,Fire]Weezing-Galar||Leftovers|MistySurge|Haze,Taunt,Protect,AcidSpray|||M|||50|,,,,,Grass]Tinkaton||SafetyGoggles|MoldBreaker|Feint,FakeOut,KnockOff,HelpingHand|||F|||50|,,,,,Fire]Mandibuzz||FocusSash|Overcoat|Snarl,Protect,Tailwind,AirSlash|||F|||50|,,,,,Steel
|showteam|p2|Indeedee-F||RockyHelmet|PsychicSurge|FollowMe,HelpingHand,TrickRoom,DazzlingGleam|||F|||50|,,,,,Steel]Hatterene||LifeOrb|MagicBounce|TrickRoom,ExpandingForce,MysticalFire,DazzlingGleam|||F|||50|,,,,,Ghost]Ursaluna||FlameOrb|Guts|Facade,HeadlongRush,Earthquake,Protect|||F|||50|,,,,,Ghost]Amoonguss||SitrusBerry|Regenerator|Spore,RagePowder,PollenPuff,SludgeBomb|||M|||50|,,,,,Water]Porygon2||Eviolite|Download|IceBeam,TeraBlast,Recover,TrickRoom||||||50|,,,,,Grass]Tyranitar||SafetyGoggles|SandStream|RockSlide,Crunch,LowKick,IcePunch|||F|||50|,,,,,Fairy
|inactive|Battle timer is ON: inactive players will automatically lose when time's up. (requested by colemarcusvgc)
|
|t:|1756531189
|teamsize|p1|4
|teamsize|p2|4
|start
|switch|p1a: Weezing|Weezing-Galar, L50, M, shiny|100/100
|switch|p1b: Swampert|Swampert, L50, M|100/100
|switch|p2a: Indeedee|Indeedee-F, L50, F|100/100
|switch|p2b: Amoonguss|Amoonguss, L50, M|100/100
|-fieldstart|move: Psychic Terrain|[from] ability: Psychic Surge|[of] p2a: Indeedee
|-fieldstart|move: Misty Terrain|[from] ability: Misty Surge|[of] p1a: Weezing
|turn|1
|inactive|Wangopedia has 30 seconds left.
|inactive|Wangopedia has 20 seconds left.
|
|t:|1756531229
|move|p2b: Amoonguss|Rage Powder|p2b: Amoonguss
|-singleturn|p2b: Amoonguss|move: Rage Powder
|move|p1b: Swampert|Flip Turn|p2b: Amoonguss
|-resisted|p2b: Amoonguss
|-damage|p2b: Amoonguss|90/100
|
|t:|1756531236
|switch|p1b: Tinkaton|Tinkaton, L50, F, shiny|100/100|[from] Flip Turn
|-ability|p1b: Tinkaton|Mold Breaker
|move|p1a: Weezing|Taunt|p2b: Amoonguss
|-start|p2b: Amoonguss|move: Taunt
|move|p2a: Indeedee|Trick Room|p2a: Indeedee
|-fieldstart|move: Trick Room|[of] p2a: Indeedee
|
|upkeep
|turn|2
|
|t:|1756531259
|switch|p2b: Ursaluna|Ursaluna, L50, F|100/100
|-terastallize|p2a: Indeedee|Steel
|move|p1b: Tinkaton|Fake Out|p2b: Ursaluna
|-damage|p2b: Ursaluna|95/100
|move|p1a: Weezing|Taunt|p2a: Indeedee
|-start|p2a: Indeedee|move: Taunt
|move|p2a: Indeedee|Dazzling Gleam|p1b: Tinkaton|[spread] p1a,p1b
|-resisted|p1a: Weezing
|-resisted|p1b: Tinkaton
|-damage|p1a: Weezing|95/100
|-damage|p1b: Tinkaton|95/100
|
|-heal|p1a: Weezing|100/100|[from] item: Leftovers
|upkeep
|turn|3
|inactive|colemarcusvgc has 30 seconds left.
|
|t:|1756531286
|switch|p1a: Swampert|Swampert, L50, M|100/100
|switch|p2a: Porygon2|Porygon2, L50|100/100
|-ability|p2a: Porygon2|Download|boost
|-boost|p2a: Porygon2|spa|1
|move|p2b: Ursaluna|Earthquake|p1a: Swampert|[spread] p2a,p1a,p1b
|-supereffective|p1b: Tinkaton
|-damage|p2a: Porygon2|74/100
|-damage|p1a: Swampert|64/100
|-damage|p1b: Tinkaton|17/100
|move|p1b: Tinkaton|Knock Off|p2b: Ursaluna
|-damage|p2b: Ursaluna|82/100
|-enditem|p2b: Ursaluna|Flame Orb|[from] move: Knock Off|[of] p1b: Tinkaton
|
|upkeep
|turn|4
|
|t:|1756531307
|move|p1b: Tinkaton|Helping Hand|p1a: Swampert
|-singleturn|p1a: Swampert|Helping Hand|[of] p1b: Tinkaton
|move|p2b: Ursaluna|Earthquake|p1a: Swampert|[spread] p2a,p1a,p1b
|-supereffective|p1b: Tinkaton
|-damage|p2a: Porygon2|50/100
|-damage|p1a: Swampert|30/100
|-damage|p1b: Tinkaton|0 fnt
|faint|p1b: Tinkaton
|move|p2a: Porygon2|Ice Beam|p1a: Swampert
|-damage|p1a: Swampert|0 fnt
|faint|p1a: Swampert
|
|upkeep
|
|t:|1756531319
|switch|p1a: Weezing|Weezing-Galar, L50, M, shiny|100/100
|switch|p1b: Mandibuzz|Mandibuzz, L50, F, shiny|100/100
|turn|5
|
|t:|1756531338
|move|p1b: Mandibuzz|Protect|p1b: Mandibuzz
|-singleturn|p1b: Mandibuzz|Protect
|move|p2b: Ursaluna|Headlong Rush|p1a: Weezing
|-supereffective|p1a: Weezing
|-damage|p1a: Weezing|0 fnt
|-unboost|p2b: Ursaluna|def|1
|-unboost|p2b: Ursaluna|spd|1
|faint|p1a: Weezing
|move|p2a: Porygon2|Recover|p2a: Porygon2
|-heal|p2a: Porygon2|100/100
|
|-fieldend|move: Trick Room
|-fieldend|Misty Terrain
|upkeep
|turn|6
|inactive|Wangopedia has 30 seconds left.
|
|t:|1756531364
|switch|p2b: Amoonguss|Amoonguss, L50, M|100/100
|move|p1b: Mandibuzz|Snarl|p2a: Porygon2|[spread] p2a,p2b
|-damage|p2a: Porygon2|93/100
|-damage|p2b: Amoonguss|91/100
|-unboost|p2a: Porygon2|spa|1
|-unboost|p2b: Amoonguss|spa|1
|move|p2a: Porygon2|Ice Beam|p1b: Mandibuzz
|-supereffective|p1b: Mandibuzz
|-crit|p1b: Mandibuzz
|-damage|p1b: Mandibuzz|41/100
|
|upkeep
|turn|7
|
|t:|1756531377
|move|p2b: Amoonguss|Rage Powder|p2b: Amoonguss
|-singleturn|p2b: Amoonguss|move: Rage Powder
|move|p1b: Mandibuzz|Snarl|p2a: Porygon2|[spread] p2a,p2b
|-damage|p2a: Porygon2|86/100
|-damage|p2b: Amoonguss|81/100
|-unboost|p2a: Porygon2|spa|1
|-unboost|p2b: Amoonguss|spa|1
|move|p2a: Porygon2|Trick Room|p2a: Porygon2
|-fieldstart|move: Trick Room|[of] p2a: Porygon2
|
|upkeep
|turn|8
|
|t:|1756531394
|-terastallize|p1b: Mandibuzz|Steel
|move|p2b: Amoonguss|Spore|p1b: Mandibuzz
|-immune|p1b: Mandibuzz|[from] ability: Overcoat
|move|p2a: Porygon2|Ice Beam|p1b: Mandibuzz
|-resisted|p1b: Mandibuzz
|-damage|p1b: Mandibuzz|35/100
|move|p1b: Mandibuzz|Air Slash|p2b: Amoonguss
|-supereffective|p2b: Amoonguss
|-damage|p2b: Amoonguss|42/100
|-enditem|p2b: Amoonguss|Sitrus Berry|[eat]
|-heal|p2b: Amoonguss|67/100|[from] item: Sitrus Berry
|
|upkeep
|turn|9
|
|t:|1756531411
|switch|p2a: Ursaluna|Ursaluna, L50, F|82/100
|move|p2b: Amoonguss|Pollen Puff|p2a: Ursaluna
|-heal|p2a: Ursaluna|100/100
|move|p1b: Mandibuzz|Air Slash|p2b: Amoonguss
|-supereffective|p2b: Amoonguss
|-damage|p2b: Amoonguss|30/100
|
|upkeep
|turn|10
|
|t:|1756531426
|move|p1b: Mandibuzz|Protect|p1b: Mandibuzz
|-singleturn|p1b: Mandibuzz|Protect
|move|p2b: Amoonguss|Rage Powder|p2b: Amoonguss
|-singleturn|p2b: Amoonguss|move: Rage Powder
|move|p2a: Ursaluna|Headlong Rush|p1b: Mandibuzz
|-activate|p1b: Mandibuzz|move: Protect
|
|upkeep
|turn|11
|
|t:|1756531435
|switch|p2b: Porygon2|Porygon2, L50|86/100
|-ability|p2b: Porygon2|Download|boost
|-boost|p2b: Porygon2|spa|1
|move|p1b: Mandibuzz|Protect||[still]
|-fail|p1b: Mandibuzz
|move|p2a: Ursaluna|Headlong Rush|p1b: Mandibuzz
|-supereffective|p1b: Mandibuzz
|-damage|p1b: Mandibuzz|0 fnt
|-unboost|p2a: Ursaluna|def|1
|-unboost|p2a: Ursaluna|spd|1
|faint|p1b: Mandibuzz
|
|win|colemarcusvgc
|l|☆Wangopedia
|player|p1|
|inactive|Wangopedia has 30 seconds to confirm battle start!
|inactive|colemarcusvgc has 30 seconds to confirm battle start!
