|j|☆uscorp
|j|☆eviovulpix
|html|uscorpeviovulpix    
|uhtml|bestof|Game 3 of a best-of-3
|t:|1783462327
|gametype|doubles
|player|p1|uscorp|hiker-gen4|
|player|p2|eviovulpix|169|
|gen|9
|tier|[Gen 9 Champions] VGC 2026 Reg M-B (Bo3)
|rule|Species Clause: Limit one of each Pokémon
|rule|Item Clause: Limit 1 of each item
|clearpoke
|poke|p1|Blastoise, L50, F|
|poke|p1|Floette-Eternal, L50, F|
|poke|p1|Incineroar, L50, F|
|poke|p1|Sinistcha-Masterpiece, L50|
|poke|p1|Sneasler, L50, F|
|poke|p1|Kingambit, L50, M|
|poke|p2|Raichu, L50, F|
|poke|p2|Mawile, L50, F|
|poke|p2|Sinistcha, L50|
|poke|p2|Ceruledge, L50, F|
|poke|p2|Milotic, L50, M|
|poke|p2|Incineroar, L50, F|
|teampreview|4
|showteam|p1|Blastoise||Blastoisinite|RainDish|ShellSmash,DarkPulse,WaterSpout,Protect|Timid||F|||50|]Floette-Eternal||Floettite|FlowerVeil|DrainingKiss,DazzlingGleam,CalmMind,Protect|Modest||F|||50|]Incineroar||SitrusBerry|Intimidate|FlareBlitz,PartingShot,HelpingHand,FakeOut|Impish||F|||50|]Sinistcha-Masterpiece||OccaBerry|Hospitality|TrickRoom,MatchaGotcha,RagePowder,Protect|Bold|||||50|]Sneasler||FocusSash|PoisonTouch|PoisonJab,CloseCombat,Coaching,FakeOut|Jolly||F|||50|]Kingambit||BlackGlasses|Defiant|SuckerPunch,KowtowCleave,SwordsDance,Protect|Adamant||M|||50|
|showteam|p2|Raichu||RaichuniteY|LightningRod|ZapCannon,FocusBlast,FakeOut,Protect|Timid||F|||50|]Mawile||Mawilite|HyperCutter|PlayRough,SuckerPunch,SwordsDance,Protect|Adamant||F|||50|]Sinistcha||KasibBerry|Hospitality|MatchaGotcha,LifeDew,RagePowder,Protect|Bold|||||50|]Ceruledge||ColburBerry|FlashFire|BitterBlade,ShadowSneak,BulkUp,Protect|Adamant||F|||50|]Milotic||Leftovers|Competitive|MuddyWater,Coil,Hypnosis,Protect|Calm||M|||50|]Incineroar||SitrusBerry|Intimidate|FlareBlitz,ThroatChop,FakeOut,PartingShot|Impish||F|||50|
|j| exessvgc
|l| exessvgc
|j| exessvgc
|l| exessvgc
|
|t:|1783462384
|teamsize|p1|4
|teamsize|p2|4
|start
|switch|p1a: Alastor|Sneasler, L50, F|100/100
|switch|p1b: Astyd|Floette-Eternal, L50, F|100/100
|switch|p2a: Milotic|Milotic, L50, M|100/100
|switch|p2b: Raichu|Raichu, L50, F|100/100
|turn|1
|j| exessvgc
|l| exessvgc
|j| exessvgc
|
|t:|1783462423
|detailschange|p2b: Raichu|Raichu-Mega-Y, L50, F
|-mega|p2b: Raichu|Raichu|Raichunite Y
|detailschange|p1b: Astyd|Floette-Mega, L50, F
|-mega|p1b: Astyd|Floette|Floettite
|-ability|p1b: Astyd|Fairy Aura
|move|p2b: Raichu|Fake Out|p1a: Alastor
|-damage|p1a: Alastor|85/100
|cant|p1a: Alastor|flinch
|move|p1b: Astyd|Dazzling Gleam|p2a: Milotic|[spread] p2a,p2b
|-damage|p2a: Milotic|68/100
|-damage|p2b: Raichu|32/100
|move|p2a: Milotic|Coil|p2a: Milotic
|-boost|p2a: Milotic|atk|1
|-boost|p2a: Milotic|def|1
|-boost|p2a: Milotic|accuracy|1
|
|-heal|p2a: Milotic|74/100|[from] item: Leftovers
|upkeep
|turn|2
|l| exessvgc
|j| exessvgc
|
|t:|1783462466
|switch|p2b: Sinistcha|Sinistcha, L50|100/100
|-heal|p2a: Milotic|99/100|[from] ability: Hospitality|[of] p2b: Sinistcha
|move|p1a: Alastor|Coaching|p1b: Astyd
|-boost|p1b: Astyd|atk|1
|-boost|p1b: Astyd|def|1
|move|p1b: Astyd|Calm Mind|p1b: Astyd
|-boost|p1b: Astyd|spa|1
|-boost|p1b: Astyd|spd|1
|move|p2a: Milotic|Hypnosis|p1a: Alastor
|-status|p1a: Alastor|slp|[from] move: Hypnosis
|
|-heal|p2a: Milotic|100/100|[from] item: Leftovers
|upkeep
|turn|3
|c|☆eviovulpix|gg
|
|t:|1783462496
|cant|p1a: Alastor|slp
|move|p1b: Astyd|Calm Mind|p1b: Astyd
|-boost|p1b: Astyd|spa|1
|-boost|p1b: Astyd|spd|1
|move|p2a: Milotic|Hypnosis|p1b: Astyd
|-status|p1b: Astyd|slp|[from] move: Hypnosis
|move|p2b: Sinistcha|Matcha Gotcha|p1b: Astyd|[spread] p1a,p1b
|-resisted|p1a: Alastor|1
|-damage|p1a: Alastor|68/100 slp
|-damage|p1b: Astyd|91/100 slp
|
|upkeep
|turn|4
|c|☆eviovulpix|riduco
|
|t:|1783462514
|-curestatus|p1a: Alastor|slp|[msg]
|move|p1a: Alastor|Poison Jab|p2a: Milotic
|-damage|p2a: Milotic|76/100
|cant|p1b: Astyd|slp
|move|p2a: Milotic|Muddy Water|p1b: Astyd|[spread] p1a,p1b
|-damage|p1a: Alastor|35/100
|-damage|p1b: Astyd|82/100 slp
|move|p2b: Sinistcha|Matcha Gotcha|p1a: Alastor|[spread] p1a,p1b
|-resisted|p1a: Alastor|1
|-damage|p1a: Alastor|19/100
|-damage|p1b: Astyd|73/100 slp
|
|-heal|p2a: Milotic|82/100|[from] item: Leftovers
|upkeep
|turn|5
|c|☆eviovulpix|accuracy
|
|t:|1783462531
|move|p1a: Alastor|Coaching|p1b: Astyd
|-boost|p1b: Astyd|atk|1
|-boost|p1b: Astyd|def|1
|cant|p1b: Astyd|slp
|move|p2a: Milotic|Muddy Water|p1a: Alastor|[spread] p1a,p1b
|-damage|p1a: Alastor|0 fnt
|-damage|p1b: Astyd|64/100 slp
|faint|p1a: Alastor
|move|p2b: Sinistcha|Matcha Gotcha|p1b: Astyd|[miss]
|-miss|p2b: Sinistcha|p1b: Astyd
|
|-heal|p2a: Milotic|88/100|[from] item: Leftovers
|upkeep
|
|t:|1783462544
|switch|p1a: Ylenia|Sinistcha-Masterpiece, L50|100/100
|-heal|p1b: Astyd|89/100 slp|[from] ability: Hospitality|[of] p1a: Ylenia
|turn|6
|l| exessvgc
|j| exessvgc
|
|t:|1783462580
|switch|p1a: Arthas|Incineroar, L50, F|100/100
|-ability|p1a: Arthas|Intimidate|boost
|-unboost|p2a: Milotic|atk|1
|-ability|p2a: Milotic|Competitive|boost
|-boost|p2a: Milotic|spa|2
|-unboost|p2b: Sinistcha|atk|1
|move|p2b: Sinistcha|Rage Powder|p2b: Sinistcha
|-singleturn|p2b: Sinistcha|move: Rage Powder
|-curestatus|p1b: Astyd|slp|[msg]
|move|p1b: Astyd|Dazzling Gleam|p2a: Milotic|[spread] p2a,p2b
|-damage|p2a: Milotic|18/100
|-damage|p2b: Sinistcha|15/100
|move|p2a: Milotic|Hypnosis|p1b: Astyd
|-status|p1b: Astyd|slp|[from] move: Hypnosis
|
|-heal|p2a: Milotic|24/100|[from] item: Leftovers
|upkeep
|turn|7
|l| exessvgc
|
|t:|1783462601
|move|p1a: Arthas|Fake Out|p2a: Milotic
|-damage|p2a: Milotic|18/100
|cant|p1b: Astyd|slp
|cant|p2a: Milotic|flinch
|move|p2b: Sinistcha|Life Dew|p2b: Sinistcha|[spread] p2a,p2b
|-heal|p2a: Milotic|43/100
|-heal|p2b: Sinistcha|40/100
|
|-heal|p2a: Milotic|49/100|[from] item: Leftovers
|upkeep
|turn|8
|j| exessvgc
|
|t:|1783462614
|switch|p2b: Incineroar|Incineroar, L50, F|100/100
|-ability|p2b: Incineroar|Intimidate|boost
|-unboost|p1a: Arthas|atk|1
|-unboost|p1b: Astyd|atk|1
|move|p1a: Arthas|Helping Hand|p1b: Astyd
|-singleturn|p1b: Astyd|Helping Hand|[of] p1a: Arthas
|cant|p1b: Astyd|slp
|move|p2a: Milotic|Muddy Water|p1a: Arthas|[spread] p1a,p1b
|-supereffective|p1a: Arthas|1
|-damage|p1a: Arthas|13/100
|-damage|p1b: Astyd|72/100 slp
|-unboost|p1b: Astyd|accuracy|1
|-enditem|p1a: Arthas|Sitrus Berry|[eat]
|-heal|p1a: Arthas|38/100|[from] item: Sitrus Berry
|
|-heal|p2a: Milotic|55/100|[from] item: Leftovers
|upkeep
|turn|9
|
|t:|1783462635
|switch|p1a: Ylenia|Sinistcha-Masterpiece, L50|100/100
|-heal|p1b: Astyd|97/100 slp|[from] ability: Hospitality|[of] p1a: Ylenia
|move|p2b: Incineroar|Fake Out|p1b: Astyd
|-damage|p1b: Astyd|90/100 slp
|-curestatus|p1b: Astyd|slp|[msg]
|cant|p1b: Astyd|flinch
|move|p2a: Milotic|Hypnosis|p1b: Astyd
|-status|p1b: Astyd|slp|[from] move: Hypnosis
|
|-heal|p2a: Milotic|61/100|[from] item: Leftovers
|upkeep
|turn|10
|
|t:|1783462656
|switch|p1a: Arthas|Incineroar, L50, F|38/100
|-ability|p1a: Arthas|Intimidate|boost
|-unboost|p2a: Milotic|atk|1
|-ability|p2a: Milotic|Competitive|boost
|-boost|p2a: Milotic|spa|2
|-unboost|p2b: Incineroar|atk|1
|switch|p2b: Sinistcha|Sinistcha, L50|40/100
|-heal|p2a: Milotic|86/100|[from] ability: Hospitality|[of] p2b: Sinistcha
|cant|p1b: Astyd|slp
|move|p2a: Milotic|Hypnosis|p1a: Arthas
|-status|p1a: Arthas|slp|[from] move: Hypnosis
|
|-heal|p2a: Milotic|92/100|[from] item: Leftovers
|upkeep
|turn|11
|l| exessvgc
|j| exessvgc
|
|t:|1783462679
|cant|p1a: Arthas|slp
|move|p2b: Sinistcha|Rage Powder|p2b: Sinistcha
|-singleturn|p2b: Sinistcha|move: Rage Powder
|cant|p1b: Astyd|slp
|move|p2a: Milotic|Muddy Water|p1a: Arthas|[spread] p1a,p1b
|-supereffective|p1a: Arthas|1
|-damage|p1a: Arthas|0 fnt
|-damage|p1b: Astyd|67/100 slp
|faint|p1a: Arthas
|
|-heal|p2a: Milotic|98/100|[from] item: Leftovers
|upkeep
|
|t:|1783462693
|switch|p1a: Ylenia|Sinistcha-Masterpiece, L50|100/100
|-heal|p1b: Astyd|92/100 slp|[from] ability: Hospitality|[of] p1a: Ylenia
|turn|12
|
|t:|1783462706
|move|p1a: Ylenia|Rage Powder|p1a: Ylenia
|-singleturn|p1a: Ylenia|move: Rage Powder
|-curestatus|p1b: Astyd|slp|[msg]
|move|p1b: Astyd|Calm Mind|p1b: Astyd
|-boost|p1b: Astyd|spa|1
|-boost|p1b: Astyd|spd|1
|move|p2a: Milotic|Hypnosis|p1a: Ylenia
|-status|p1a: Ylenia|slp|[from] move: Hypnosis
|move|p2b: Sinistcha|Life Dew|p2b: Sinistcha|[spread] p2a,p2b
|-heal|p2a: Milotic|100/100
|-heal|p2b: Sinistcha|65/100
|
|upkeep
|turn|13
|l| exessvgc
|
|t:|1783462722
|move|p2b: Sinistcha|Rage Powder|p2b: Sinistcha
|-singleturn|p2b: Sinistcha|move: Rage Powder
|move|p1b: Astyd|Dazzling Gleam|p2a: Milotic|[spread] 
|-miss|p1b: Astyd|p2a: Milotic
|-miss|p1b: Astyd|p2b: Sinistcha
|move|p2a: Milotic|Hypnosis|p1b: Astyd
|-status|p1b: Astyd|slp|[from] move: Hypnosis
|cant|p1a: Ylenia|slp
|
|upkeep
|turn|14
|j| exessvgc
|
|t:|1783462746
|switch|p2b: Incineroar|Incineroar, L50, F|100/100
|-ability|p2b: Incineroar|Intimidate|boost
|-unboost|p1a: Ylenia|atk|1
|-unboost|p1b: Astyd|atk|1
|cant|p1b: Astyd|slp
|move|p2a: Milotic|Muddy Water|p1a: Ylenia|[spread] p1a,p1b
|-resisted|p1a: Ylenia|1
|-damage|p1a: Ylenia|62/100 slp
|-damage|p1b: Astyd|72/100 slp
|cant|p1a: Ylenia|slp
|
|upkeep
|turn|15
|l| exessvgc
|j| exessvgc
|
|t:|1783462776
|cant|p1b: Astyd|slp
|move|p2b: Incineroar|Fake Out|p1b: Astyd
|-damage|p1b: Astyd|65/100 slp
|move|p2a: Milotic|Muddy Water|p1b: Astyd|[spread] p1a,p1b
|-resisted|p1a: Ylenia|1
|-damage|p1a: Ylenia|25/100 slp
|-damage|p1b: Astyd|45/100 slp
|-curestatus|p1a: Ylenia|slp|[msg]
|move|p1a: Ylenia|Matcha Gotcha|p2b: Incineroar|[spread] p2a,p2b
|-supereffective|p2a: Milotic|1
|-resisted|p2b: Incineroar|1
|-damage|p2a: Milotic|70/100
|-heal|p1a: Ylenia|42/100|[from] drain|[of] p2a: Milotic
|-damage|p2b: Incineroar|89/100
|-heal|p1a: Ylenia|48/100|[from] drain|[of] p2b: Incineroar
|
|-heal|p2a: Milotic|76/100|[from] item: Leftovers
|upkeep
|turn|16
|l| exessvgc
|j| exessvgc
|l| exessvgc
|
|t:|1783462813
|move|p2a: Milotic|Protect|p2a: Milotic
|-singleturn|p2a: Milotic|Protect
|move|p1a: Ylenia|Rage Powder|p1a: Ylenia
|-singleturn|p1a: Ylenia|move: Rage Powder
|-curestatus|p1b: Astyd|slp|[msg]
|move|p1b: Astyd|Dazzling Gleam|p2b: Incineroar|[spread] p2b
|-activate|p2a: Milotic|move: Protect
|-damage|p2b: Incineroar|0 fnt
|faint|p2b: Incineroar
|
|-heal|p2a: Milotic|82/100|[from] item: Leftovers
|upkeep
|j| exessvgc
|
|t:|1783462830
|switch|p2b: Raichu|Raichu-Mega-Y, L50, F|32/100
|turn|17
|
|t:|1783462840
|move|p1b: Astyd|Protect|p1b: Astyd
|-singleturn|p1b: Astyd|Protect
|move|p1a: Ylenia|Protect|p1a: Ylenia
|-singleturn|p1a: Ylenia|Protect
|move|p2b: Raichu|Fake Out|p1b: Astyd
|-activate|p1b: Astyd|move: Protect
|move|p2a: Milotic|Hypnosis|p1a: Ylenia
|-activate|p1a: Ylenia|move: Protect
|
|-heal|p2a: Milotic|88/100|[from] item: Leftovers
|upkeep
|turn|18
|l| exessvgc
|
|t:|1783462857
|switch|p2b: Sinistcha|Sinistcha, L50|65/100
|-heal|p2a: Milotic|100/100|[from] ability: Hospitality|[of] p2b: Sinistcha
|move|p1a: Ylenia|Rage Powder|p1a: Ylenia
|-singleturn|p1a: Ylenia|move: Rage Powder
|move|p1b: Astyd|Dazzling Gleam|p2b: Sinistcha|[spread] p2a,p2b
|-damage|p2a: Milotic|22/100
|-damage|p2b: Sinistcha|0 fnt
|faint|p2b: Sinistcha
|move|p2a: Milotic|Muddy Water|p1b: Astyd|[spread] p1a,p1b
|-resisted|p1a: Ylenia|1
|-damage|p1a: Ylenia|10/100
|-damage|p1b: Astyd|25/100
|
|-heal|p2a: Milotic|28/100|[from] item: Leftovers
|upkeep
|j| exessvgc
|
|t:|1783462869
|switch|p2b: Raichu|Raichu-Mega-Y, L50, F|32/100
|turn|19
|
|t:|1783462879
|move|p1b: Astyd|Protect|p1b: Astyd
|-singleturn|p1b: Astyd|Protect
|move|p1a: Ylenia|Protect|p1a: Ylenia
|-singleturn|p1a: Ylenia|Protect
|move|p2b: Raichu|Fake Out|p1b: Astyd
|-activate|p1b: Astyd|move: Protect
|move|p2a: Milotic|Muddy Water|p1a: Ylenia|[spread] 
|-activate|p1a: Ylenia|move: Protect
|-activate|p1b: Astyd|move: Protect
|
|-heal|p2a: Milotic|34/100|[from] item: Leftovers
|upkeep
|turn|20
|
|t:|1783462901
|move|p1a: Ylenia|Rage Powder|p1a: Ylenia
|-singleturn|p1a: Ylenia|move: Rage Powder
|move|p2b: Raichu|Zap Cannon|p1a: Ylenia
|-resisted|p1a: Ylenia|1
|-damage|p1a: Ylenia|0 fnt
|faint|p1a: Ylenia
|move|p1b: Astyd|Dazzling Gleam|p2b: Raichu|[spread] p2a,p2b
|-damage|p2a: Milotic|0 fnt
|-damage|p2b: Raichu|0 fnt
|faint|p2a: Milotic
|faint|p2b: Raichu
|
|win|uscorp
|c|☆eviovulpix|sculao
|c|☆eviovulpix|non hai misasago
|c|☆eviovulpix|aaahahahhahaa
|c|☆eviovulpix|HO PREDICTATO IL SONNO
|c|☆eviovulpix|sapevo che ti svegliavi
|c|☆eviovulpix|missa
|c|☆eviovulpix|missaaaaa
|c|☆eviovulpix|non missa più
|c|☆eviovulpix|50 muddy
|c|☆eviovulpix|una sola riduzione
|c|☆eviovulpix|hai %sculato
|l| exessvgc
|c|☆eviovulpix|era vincibile
|c|☆eviovulpix|AHAHAHHA
|j| exessvgc
|c|☆eviovulpix|il vero cameriere
|c|☆eviovulpix|è milotic
|c|☆eviovulpix|belle partite
|c|☆eviovulpix|grazie delle risate
|c|☆eviovulpix|no kingambit
|c|☆eviovulpix|è superiroe
|c|☆eviovulpix|Blasto uccide interi team
|c|☆eviovulpix|milo è lento per far fuori team
|l| exessvgc
|j| exessvgc
|c|☆eviovulpix|confermo ma perchè devi predictare da forte
|c|☆eviovulpix|hai visto come leaddo
|c|☆eviovulpix|io sonpazo
|c|☆eviovulpix|pazo di gesu
|c|☆eviovulpix|dai buona notte bellissimi
|c|☆eviovulpix|che ridere
|l| exessvgc
