|j|☆kotamager34
|j|☆TAG2004
|html|kotamager34TAG2004    
|uhtml|bestof|Game 2 of a best-of-3
|t:|1783768055
|gametype|doubles
|player|p1|kotamager34|grimsley|1198
|player|p2|TAG2004|266|1171
|gen|9
|tier|[Gen 9 Champions] VGC 2026 Reg M-B (Bo3)
|rated|
|rule|Species Clause: Limit one of each Pokémon
|rule|Item Clause: Limit 1 of each item
|clearpoke
|poke|p1|Mawile, L50, M, shiny|
|poke|p1|Raichu, L50, M|
|poke|p1|Sinistcha, L50|
|poke|p1|Ceruledge, L50, M, shiny|
|poke|p1|Incineroar, L50, F|
|poke|p1|Milotic, L50, F|
|poke|p2|Venusaur, L50, F|
|poke|p2|Hydreigon, L50, F|
|poke|p2|Grimmsnarl, L50, M|
|poke|p2|Pelipper, L50, M|
|poke|p2|Archaludon, L50, F|
|poke|p2|Swampert, L50, M|
|teampreview|4
|showteam|p1|Mawile||Mawilite|HyperCutter|PlayRough,SuckerPunch,SwordsDance,Protect|Adamant||M|||50|]Raichu||RaichuniteY|LightningRod|ZapCannon,FocusBlast,FakeOut,Protect|Timid||M|||50|]Sinistcha||KasibBerry|Hospitality|Protect,RagePowder,MatchaGotcha,LifeDew|Calm|||||50|]Ceruledge||ColburBerry|FlashFire|BulkUp,Protect,ShadowSneak,BitterBlade|Adamant||M|||50|]Incineroar||SitrusBerry|Intimidate|FakeOut,ThroatChop,FlareBlitz,PartingShot|Impish||F|||50|]Milotic||Leftovers|Competitive|MuddyWater,Hypnosis,Coil,Protect|Calm||F|||50|
|showteam|p2|Venusaur||Venusaurite|Chlorophyll|SludgeBomb,Protect,EarthPower,GigaDrain|Modest||F|||50|]Hydreigon||ChoiceScarf|Levitate|DarkPulse,DracoMeteor,Snarl,Uturn|Modest||F|||50|]Grimmsnarl||LightClay|Prankster|PartingShot,Reflect,LightScreen,SpiritBreak|Careful||M|||50|]Pelipper||SitrusBerry|Drizzle|Hurricane,WeatherBall,Tailwind,WideGuard|Modest||M|||50|]Archaludon||Leftovers|Stamina|ElectroShot,FlashCannon,DragonPulse,Protect|Modest||F|||50|]Swampert||Swampertite|Damp|Protect,WaveCrash,HighHorsepower,IcePunch|Adamant||M|||50|
|inactive|Battle timer is ON: inactive players will automatically lose when time's up. (requested by kotamager34)
|inactive|TAG2004 also wants the timer to be on.
|
|t:|1783768083
|teamsize|p1|4
|teamsize|p2|4
|start
|switch|p1a: Incineroar|Incineroar, L50, F|100/100
|switch|p1b: Milotic|Milotic, L50, F|100/100
|switch|p2a: Grimmsnarl|Grimmsnarl, L50, M|100/100
|switch|p2b: Venusaur|Venusaur, L50, F|100/100
|-ability|p1a: Incineroar|Intimidate|boost
|-unboost|p2a: Grimmsnarl|atk|1
|-unboost|p2b: Venusaur|atk|1
|turn|1
|
|t:|1783768095
|switch|p1b: Mawile|Mawile, L50, M, shiny|100/100
|detailschange|p2b: Venusaur|Venusaur-Mega, L50, F
|-mega|p2b: Venusaur|Venusaur|Venusaurite
|move|p2a: Grimmsnarl|Reflect|p2a: Grimmsnarl
|-sidestart|p2: TAG2004|Reflect
|move|p2b: Venusaur|Giga Drain|p1b: Mawile
|-resisted|p1b: Mawile|1
|-damage|p1b: Mawile|77/100
|move|p1a: Incineroar|Parting Shot|p2b: Venusaur
|-unboost|p2b: Venusaur|atk|1
|-unboost|p2b: Venusaur|spa|1
|
|t:|1783768104
|switch|p1a: Sinistcha|Sinistcha, L50|100/100|[from] Parting Shot
|-heal|p1b: Mawile|100/100|[from] ability: Hospitality|[of] p1a: Sinistcha
|
|upkeep
|turn|2
|
|t:|1783768125
|switch|p2b: Archaludon|Archaludon, L50, F|100/100
|switch|p1a: Incineroar|Incineroar, L50, F|100/100
|-ability|p1a: Incineroar|Intimidate|boost
|-unboost|p2a: Grimmsnarl|atk|1
|-unboost|p2b: Archaludon|atk|1
|move|p1b: Mawile|Protect|p1b: Mawile
|-singleturn|p1b: Mawile|Protect
|move|p2a: Grimmsnarl|Parting Shot|p1b: Mawile
|-activate|p1b: Mawile|move: Protect
|
|upkeep
|turn|3
|
|t:|1783768144
|switch|p2a: Pelipper|Pelipper, L50, M|100/100
|-weather|RainDance|[from] ability: Drizzle|[of] p2a: Pelipper
|detailschange|p1b: Mawile|Mawile-Mega, L50, M, shiny
|-mega|p1b: Mawile|Mawile|Mawilite
|move|p2b: Archaludon|Electro Shot||[still]
|-prepare|p2b: Archaludon|Electro Shot
|-boost|p2b: Archaludon|spa|1
|-anim|p2b: Archaludon|Electro Shot|p1b: Mawile
|-damage|p1b: Mawile|43/100
|move|p1a: Incineroar|Parting Shot|p2a: Pelipper
|-unboost|p2a: Pelipper|atk|1
|-unboost|p2a: Pelipper|spa|1
|
|t:|1783768150
|switch|p1a: Sinistcha|Sinistcha, L50|100/100|[from] Parting Shot
|-heal|p1b: Mawile|68/100|[from] ability: Hospitality|[of] p1a: Sinistcha
|move|p1b: Mawile|Swords Dance|p1b: Mawile
|-boost|p1b: Mawile|atk|2
|
|-weather|RainDance|[upkeep]
|upkeep
|turn|4
|
|t:|1783768168
|switch|p2a: Venusaur|Venusaur-Mega, L50, F|100/100
|switch|p1a: Incineroar|Incineroar, L50, F|100/100
|-ability|p1a: Incineroar|Intimidate|boost
|-unboost|p2a: Venusaur|atk|1
|-unboost|p2b: Archaludon|atk|1
|move|p2b: Archaludon|Protect|p2b: Archaludon
|-singleturn|p2b: Archaludon|Protect
|move|p1b: Mawile|Play Rough|p2b: Archaludon
|-activate|p2b: Archaludon|move: Protect
|
|-weather|RainDance|[upkeep]
|upkeep
|turn|5
|
|t:|1783768193
|move|p1a: Incineroar|Fake Out|p2b: Archaludon
|-resisted|p2b: Archaludon|1
|-damage|p2b: Archaludon|97/100
|-ability|p2b: Archaludon|Stamina|boost
|-boost|p2b: Archaludon|def|1
|move|p2a: Venusaur|Earth Power|p1b: Mawile
|-supereffective|p1b: Mawile|1
|-damage|p1b: Mawile|12/100
|cant|p2b: Archaludon|flinch
|move|p1b: Mawile|Swords Dance|p1b: Mawile
|-boost|p1b: Mawile|atk|2
|
|-weather|RainDance|[upkeep]
|-heal|p2b: Archaludon|100/100|[from] item: Leftovers
|upkeep
|turn|6
|
|t:|1783768215
|switch|p1a: Sinistcha|Sinistcha, L50|100/100
|-heal|p1b: Mawile|37/100|[from] ability: Hospitality|[of] p1a: Sinistcha
|move|p1b: Mawile|Protect|p1b: Mawile
|-singleturn|p1b: Mawile|Protect
|move|p2a: Venusaur|Earth Power|p1b: Mawile
|-activate|p1b: Mawile|move: Protect
|move|p2b: Archaludon|Electro Shot||[still]
|-prepare|p2b: Archaludon|Electro Shot
|-boost|p2b: Archaludon|spa|1
|-anim|p2b: Archaludon|Electro Shot|p1a: Sinistcha
|-resisted|p1a: Sinistcha|1
|-damage|p1a: Sinistcha|63/100
|
|-weather|RainDance|[upkeep]
|upkeep
|turn|7
|
|t:|1783768237
|move|p1a: Sinistcha|Rage Powder|p1a: Sinistcha
|-singleturn|p1a: Sinistcha|move: Rage Powder
|move|p1b: Mawile|Sucker Punch|p2a: Venusaur
|-damage|p2a: Venusaur|39/100
|move|p2a: Venusaur|Earth Power|p1b: Mawile
|-supereffective|p1b: Mawile|1
|-damage|p1b: Mawile|0 fnt
|faint|p1b: Mawile
|move|p2b: Archaludon|Flash Cannon|p1a: Sinistcha
|-damage|p1a: Sinistcha|0 fnt
|faint|p1a: Sinistcha
|
|-weather|none
|upkeep
|
|t:|1783768243
|switch|p1a: Incineroar|Incineroar, L50, F|100/100
|switch|p1b: Milotic|Milotic, L50, F|100/100
|-ability|p1a: Incineroar|Intimidate|boost
|-unboost|p2a: Venusaur|atk|1
|-unboost|p2b: Archaludon|atk|1
|turn|8
|-message|kotamager34 forfeited.
|
|win|TAG2004
