|j|☆Astano
|j|☆BesameGuapo
|html|AstanoBesameGuapo    
|uhtml|bestof|Game 2 of a best-of-3
|t:|1783506774
|gametype|doubles
|player|p1|Astano|1|
|player|p2|BesameGuapo|2|
|gen|9
|tier|[Gen 9 Champions] VGC 2026 Reg M-B (Bo3)
|rule|Species Clause: Limit one of each Pokémon
|rule|Item Clause: Limit 1 of each item
|clearpoke
|poke|p1|Swampert, L50, F|
|poke|p1|Sableye, L50, M|
|poke|p1|Archaludon, L50, F|
|poke|p1|Pelipper, L50, M|
|poke|p1|Sylveon, L50, F|
|poke|p1|Venusaur, L50, F|
|poke|p2|Pinsir, L50, M, shiny|
|poke|p2|Aerodactyl, L50, M, shiny|
|poke|p2|Rotom-Wash, L50, shiny|
|poke|p2|Kingambit, L50, M, shiny|
|poke|p2|Garchomp, L50, M|
|poke|p2|Ninetales-Alola, L50, F|
|teampreview|4
|showteam|p1|Swampert||Swampertite|Torrent|Protect,WaveCrash,Earthquake,HighHorsepower|Adamant||F|||50|]Sableye||LightClay|Prankster|Encore,Reflect,LightScreen,RainDance|Bold||M|||50|]Archaludon||Leftovers|Stamina|Protect,DragonPulse,FlashCannon,ElectroShot|Modest||F|||50|]Pelipper||SitrusBerry|Drizzle|Protect,WeatherBall,Hurricane,Tailwind|Bold||M|||50|]Sylveon||FairyFeather|Pixilate|Detect,HyperVoice,Moonblast,QuickAttack|Modest||F|||50|]Venusaur||Venusaurite|Overgrow|Protect,GigaDrain,SludgeBomb,EarthPower|Modest||F|||50|
|showteam|p2|Pinsir||Pinsirite|HyperCutter|RockSlide,Protect,QuickAttack,XScissor|Adamant||M|||50|]Aerodactyl||FocusSash|Unnerve|WideGuard,Tailwind,RockSlide,DualWingbeat|Jolly||M|||50|]Rotom-Wash||SitrusBerry|Levitate|VoltSwitch,WillOWisp,Electroweb,HydroPump|Calm|||||50|]Kingambit||ChopleBerry|Defiant|SuckerPunch,LowKick,IronHead,Protect|Brave||M|||50|]Garchomp||LifeOrb|RoughSkin|DragonClaw,Earthquake,Protect,RockSlide|Adamant||M|||50|]Ninetales-Alola||MentalHerb|SnowWarning|AuroraVeil,Moonblast,Blizzard,Protect|Timid||F|||50|
|inactive|Battle timer is ON: inactive players will automatically lose when time's up. (requested by Astano)
|inactive|BesameGuapo has 60 seconds left.
|
|t:|1783506812
|teamsize|p1|4
|teamsize|p2|4
|start
|switch|p1a: Archaludon|Archaludon, L50, F|100/100
|switch|p1b: Sableye|Sableye, L50, M|100/100
|switch|p2a: Ninetales|Ninetales-Alola, L50, F|100/100
|switch|p2b: Garchomp|Garchomp, L50, M|100/100
|-weather|Snowscape|[from] ability: Snow Warning|[of] p2a: Ninetales
|turn|1
|inactive|Astano has 30 seconds left.
|
|t:|1783506844
|move|p1a: Archaludon|Protect|p1a: Archaludon
|-singleturn|p1a: Archaludon|Protect
|move|p1b: Sableye|Reflect|p1b: Sableye
|-sidestart|p1: Astano|Reflect
|move|p2a: Ninetales|Aurora Veil|p2a: Ninetales
|-sidestart|p2: BesameGuapo|move: Aurora Veil
|move|p2b: Garchomp|Earthquake|p1b: Sableye|[spread] p2a,p1b
|-activate|p1a: Archaludon|move: Protect
|-damage|p2a: Ninetales|67/100
|-damage|p1b: Sableye|52/100
|-damage|p2b: Garchomp|90/100|[from] item: Life Orb
|
|-weather|Snowscape|[upkeep]
|upkeep
|turn|2
|
|t:|1783506856
|move|p1b: Sableye|Encore|p2a: Ninetales
|-start|p2a: Ninetales|Encore
|-enditem|p2a: Ninetales|Mental Herb
|-end|p2a: Ninetales|Encore
|move|p2a: Ninetales|Moonblast|p1a: Archaludon
|-damage|p1a: Archaludon|60/100
|-ability|p1a: Archaludon|Stamina|boost
|-boost|p1a: Archaludon|def|1
|move|p2b: Garchomp|Earthquake|p1a: Archaludon|[spread] p2a,p1a,p1b
|-crit|p2a: Ninetales
|-supereffective|p1a: Archaludon|1
|-damage|p2a: Ninetales|0 fnt
|-damage|p1a: Archaludon|25/100
|-damage|p1b: Sableye|7/100
|-ability|p1a: Archaludon|Stamina|boost
|-boost|p1a: Archaludon|def|1
|faint|p2a: Ninetales
|-damage|p2b: Garchomp|80/100|[from] item: Life Orb
|move|p1a: Archaludon|Flash Cannon|p2b: Garchomp
|-damage|p2b: Garchomp|53/100
|
|-weather|Snowscape|[upkeep]
|-heal|p1a: Archaludon|31/100|[from] item: Leftovers
|upkeep
|
|t:|1783506874
|switch|p2a: Rotom|Rotom-Wash, L50, shiny|100/100
|turn|3
|
|t:|1783506887
|move|p1a: Archaludon|Protect|p1a: Archaludon
|-singleturn|p1a: Archaludon|Protect
|move|p1b: Sableye|Light Screen|p1b: Sableye
|-sidestart|p1: Astano|move: Light Screen
|move|p2b: Garchomp|Earthquake|p1a: Archaludon|[spread] p1b
|-activate|p1a: Archaludon|move: Protect
|-immune|p2a: Rotom|[from] ability: Levitate
|-damage|p1b: Sableye|0 fnt
|faint|p1b: Sableye
|-damage|p2b: Garchomp|43/100|[from] item: Life Orb
|move|p2a: Rotom|Hydro Pump|p1a: Archaludon
|-activate|p1a: Archaludon|move: Protect
|
|-weather|Snowscape|[upkeep]
|-heal|p1a: Archaludon|38/100|[from] item: Leftovers
|upkeep
|
|t:|1783506895
|switch|p1b: Pelipper|Pelipper, L50, M|100/100
|-weather|RainDance|[from] ability: Drizzle|[of] p1b: Pelipper
|turn|4
|inactive|BesameGuapo has 30 seconds left.
|
|t:|1783506921
|move|p2b: Garchomp|Earthquake|p1a: Archaludon|[spread] p1a
|-immune|p2a: Rotom|[from] ability: Levitate
|-immune|p1b: Pelipper
|-supereffective|p1a: Archaludon|1
|-damage|p1a: Archaludon|11/100
|-ability|p1a: Archaludon|Stamina|boost
|-boost|p1a: Archaludon|def|1
|-damage|p2b: Garchomp|33/100|[from] item: Life Orb
|move|p1a: Archaludon|Electro Shot||[still]
|-prepare|p1a: Archaludon|Electro Shot
|-boost|p1a: Archaludon|spa|1
|-anim|p1a: Archaludon|Electro Shot|p2a: Rotom
|-damage|p2a: Rotom|68/100
|move|p2a: Rotom|Hydro Pump|p1a: Archaludon
|-resisted|p1a: Archaludon|1
|-damage|p1a: Archaludon|0 fnt
|faint|p1a: Archaludon
|move|p1b: Pelipper|Tailwind|p1b: Pelipper
|-sidestart|p1: Astano|move: Tailwind
|
|-weather|RainDance|[upkeep]
|upkeep
|
|t:|1783506935
|switch|p1a: Swampert|Swampert, L50, F|100/100
|turn|5
|inactive|Astano has 30 seconds left.
|
|t:|1783506965
|detailschange|p1a: Swampert|Swampert-Mega, L50, F
|-mega|p1a: Swampert|Swampert|Swampertite
|move|p1a: Swampert|Protect|p1a: Swampert
|-singleturn|p1a: Swampert|Protect
|move|p2b: Garchomp|Protect|p2b: Garchomp
|-singleturn|p2b: Garchomp|Protect
|move|p1b: Pelipper|Hurricane|p2a: Rotom
|-resisted|p2a: Rotom|1
|-damage|p2a: Rotom|59/100
|move|p2a: Rotom|Will-O-Wisp|p1a: Swampert
|-activate|p1a: Swampert|move: Protect
|
|-weather|RainDance|[upkeep]
|-sideend|p2: BesameGuapo|move: Aurora Veil
|upkeep
|turn|6
|
|t:|1783506985
|move|p2b: Garchomp|Protect||[still]
|-fail|p2b: Garchomp
|move|p1a: Swampert|Wave Crash|p2a: Rotom
|-resisted|p2a: Rotom|1
|-damage|p2a: Rotom|1/100
|-enditem|p2a: Rotom|Sitrus Berry|[eat]
|-heal|p2a: Rotom|26/100|[from] item: Sitrus Berry
|-damage|p1a: Swampert|83/100|[from] Recoil
|move|p1b: Pelipper|Weather Ball|p2a: Rotom
|-resisted|p2a: Rotom|1
|-damage|p2a: Rotom|5/100
|move|p2a: Rotom|Will-O-Wisp|p1a: Swampert
|-status|p1a: Swampert|brn
|
|-weather|RainDance|[upkeep]
|-damage|p1a: Swampert|78/100 brn|[from] brn
|upkeep
|turn|7
|
|t:|1783507005
|move|p2b: Garchomp|Protect|p2b: Garchomp
|-singleturn|p2b: Garchomp|Protect
|move|p1a: Swampert|Wave Crash|p2a: Rotom
|-resisted|p2a: Rotom|1
|-crit|p2a: Rotom
|-damage|p2a: Rotom|0 fnt
|faint|p2a: Rotom
|-damage|p1a: Swampert|76/100 brn|[from] Recoil
|move|p1b: Pelipper|Weather Ball|p2b: Garchomp
|-activate|p2b: Garchomp|move: Protect
|
|-weather|RainDance|[upkeep]
|-damage|p1a: Swampert|70/100 brn|[from] brn
|-sideend|p1: Astano|move: Tailwind
|upkeep
|
|t:|1783507018
|switch|p2a: Kingambit|Kingambit, L50, M, shiny|100/100
|turn|8
|
|t:|1783507033
|move|p2a: Kingambit|Protect|p2a: Kingambit
|-singleturn|p2a: Kingambit|Protect
|move|p1a: Swampert|Earthquake|p2b: Garchomp|[spread] p2b
|-activate|p2a: Kingambit|move: Protect
|-immune|p1b: Pelipper
|-damage|p2b: Garchomp|11/100
|move|p2b: Garchomp|Earthquake|p1b: Pelipper|[spread] p1a
|-activate|p2a: Kingambit|move: Protect
|-immune|p1b: Pelipper
|-damage|p1a: Swampert|35/100 brn
|-damage|p2b: Garchomp|1/100|[from] item: Life Orb
|move|p1b: Pelipper|Tailwind|p1b: Pelipper
|-sidestart|p1: Astano|move: Tailwind
|
|-weather|none
|-damage|p1a: Swampert|29/100 brn|[from] brn
|-sideend|p1: Astano|Reflect
|upkeep
|turn|9
|
|t:|1783507056
|move|p1a: Swampert|Protect|p1a: Swampert
|-singleturn|p1a: Swampert|Protect
|move|p2b: Garchomp|Protect|p2b: Garchomp
|-singleturn|p2b: Garchomp|Protect
|move|p2a: Kingambit|Sucker Punch||[still]
|-fail|p2a: Kingambit
|move|p1b: Pelipper|Hurricane|p2a: Kingambit|[miss]
|-miss|p1b: Pelipper|p2a: Kingambit
|
|-damage|p1a: Swampert|24/100 brn|[from] brn
|upkeep
|turn|10
|
|t:|1783507072
|move|p2a: Kingambit|Sucker Punch|p1a: Swampert
|-damage|p1a: Swampert|0 fnt
|faint|p1a: Swampert
|move|p1b: Pelipper|Hurricane|p2a: Kingambit
|-resisted|p2a: Kingambit|1
|-damage|p2a: Kingambit|80/100
|-start|p2a: Kingambit|confusion
|move|p2b: Garchomp|Dragon Claw|p1b: Pelipper
|-damage|p1b: Pelipper|45/100
|-enditem|p1b: Pelipper|Sitrus Berry|[eat]
|-heal|p1b: Pelipper|70/100|[from] item: Sitrus Berry
|-damage|p2b: Garchomp|0 fnt|[from] item: Life Orb
|faint|p2b: Garchomp
|
|-sideend|p1: Astano|move: Light Screen
|upkeep
|turn|11
|inactive|Astano has 30 seconds left.
|inactive|Astano has 20 seconds left.
|inactive|Astano has 15 seconds left.
|inactive|Astano has 10 seconds left.
|inactive|Astano has 5 seconds left.
|
|t:|1783507127
|move|p1b: Pelipper|Protect|p1b: Pelipper
|-singleturn|p1b: Pelipper|Protect
|-activate|p2a: Kingambit|confusion
|move|p2a: Kingambit|Iron Head|p1b: Pelipper
|-activate|p1b: Pelipper|move: Protect
|
|-sideend|p1: Astano|move: Tailwind
|upkeep
|turn|12
|inactive|Astano has 30 seconds left.
|inactive|BesameGuapo has 30 seconds left.
|inactive|Astano has 20 seconds left.
|inactive|Astano has 15 seconds left.
|inactive|Astano has 10 seconds left.
|inactive|Astano has 5 seconds left.
|
|t:|1783507182
|move|p1b: Pelipper|Protect|p1b: Pelipper
|-singleturn|p1b: Pelipper|Protect
|-activate|p2a: Kingambit|confusion
|move|p2a: Kingambit|Sucker Punch||[still]
|-fail|p2a: Kingambit
|
|upkeep
|turn|13
|inactive|Astano has 30 seconds left.
|inactive|Astano has 20 seconds left.
|
|t:|1783507220
|move|p1b: Pelipper|Hurricane|p2a: Kingambit
|-resisted|p2a: Kingambit|1
|-damage|p2a: Kingambit|61/100
|-activate|p2a: Kingambit|confusion
|-damage|p2a: Kingambit|51/100|[from] confusion
|
|upkeep
|turn|14
|
|t:|1783507237
|move|p1b: Pelipper|Hurricane|p2a: Kingambit
|-resisted|p2a: Kingambit|1
|-damage|p2a: Kingambit|30/100
|-end|p2a: Kingambit|confusion
|move|p2a: Kingambit|Iron Head|p1b: Pelipper
|-resisted|p1b: Pelipper|1
|-damage|p1b: Pelipper|46/100
|
|upkeep
|turn|15
|
|t:|1783507247
|move|p2a: Kingambit|Sucker Punch|p1b: Pelipper
|-damage|p1b: Pelipper|7/100
|move|p1b: Pelipper|Hurricane|p2a: Kingambit
|-resisted|p2a: Kingambit|1
|-damage|p2a: Kingambit|9/100
|
|upkeep
|turn|16
|
|t:|1783507256
|move|p1b: Pelipper|Protect|p1b: Pelipper
|-singleturn|p1b: Pelipper|Protect
|move|p2a: Kingambit|Protect||[still]
|-fail|p2a: Kingambit
|
|upkeep
|turn|17
|
|t:|1783507263
|move|p2a: Kingambit|Sucker Punch|p1b: Pelipper
|-damage|p1b: Pelipper|0 fnt
|faint|p1b: Pelipper
|
|win|BesameGuapo
