|j|☆mario16172005
|j|☆lstdnce
|html|mario16172005lstdnce    
|uhtml|bestof|Game 1 of a best-of-3
|t:|1756574206
|gametype|doubles
|player|p1|mario16172005|workerice|1142
|player|p2|lstdnce|2|1177
|gen|9
|tier|[Gen 9] VGC 2025 Reg H (Bo3)
|rated|
|rule|Species Clause: Limit one of each Pokémon
|rule|Item Clause: Limit 1 of each item
|clearpoke
|poke|p1|Excadrill, L50, F|
|poke|p1|Tyranitar, L50, F|
|poke|p1|Dragonite, L50, F|
|poke|p1|Indeedee-F, L50, F|
|poke|p1|Gholdengo, L50|
|poke|p1|Sneasler, L50, M|
|poke|p2|Arcanine-Hisui, L50, F|
|poke|p2|Salamence, L50, M|
|poke|p2|Gholdengo, L50|
|poke|p2|Ursaluna-Bloodmoon, L50, M|
|poke|p2|Electabuzz, L50, M|
|poke|p2|Rillaboom, L50, F|
|teampreview|4
|showteam|p1|Excadrill||FocusSash|SandRush|Earthquake,HighHorsepower,IronHead,Protect|||F|||50|,,,,,Stellar]Tyranitar||AssaultVest|SandStream|KnockOff,RockSlide,LowKick,TeraBlast|||F|||50|,,,,,Flying]Dragonite||LoadedDice|Multiscale|ScaleShot,Tailwind,Haze,Protect|||F|||50|,,,,,Fairy]Indeedee-F||PsychicSeed|PsychicSurge|Psychic,Imprison,TrickRoom,Protect|||F|||50|,,,,,Psychic]Gholdengo||LifeOrb|GoodasGold|MakeItRain,ShadowBall,NastyPlot,Protect||||||50|,,,,,Water]Sneasler||WhiteHerb|Unburden|DireClaw,CloseCombat,Coaching,FakeOut|||M|||50|,,,,,Flying
|showteam|p2|Arcanine-Hisui||ChoiceBand|RockHead|FlareBlitz,RockSlide,HeadSmash,ExtremeSpeed|||F|||50|,,,,,Ghost]Salamence||RockyHelmet|Intimidate|Tailwind,DracoMeteor,AirSlash,Roost|||M|||50|,,,,,Steel]Gholdengo||Leftovers|GoodasGold|MakeItRain,ShadowBall,NastyPlot,Protect||||||50|,,,,,Dragon]Ursaluna-Bloodmoon||LifeOrb|MindsEye|Protect,HyperVoice,EarthPower,BloodMoon|||M|||50|,,,,,Normal]Electabuzz||Eviolite|VitalSpirit|Protect,Electroweb,Taunt,FollowMe|||M|||50|,,,,,Dragon]Rillaboom||AssaultVest|GrassySurge|FakeOut,WoodHammer,Uturn,GrassyGlide|||F|||50|,,,,,Fire
|inactive|Battle timer is ON: inactive players will automatically lose when time's up. (requested by lstdnce)
|inactive|mario16172005 has 60 seconds left.
|inactive|mario16172005 has 30 seconds left.
|
|t:|1756574318
|teamsize|p1|4
|teamsize|p2|4
|start
|switch|p1a: Sneasler|Sneasler, L50, M|100/100
|switch|p1b: Dragonite|Dragonite, L50, F|100/100
|switch|p2a: Rillaboom|Rillaboom, L50, F|100/100
|switch|p2b: Salamence|Salamence, L50, M|100/100
|-ability|p2b: Salamence|Intimidate|boost
|-unboost|p1a: Sneasler|atk|1
|-unboost|p1b: Dragonite|atk|1
|-fieldstart|move: Grassy Terrain|[from] ability: Grassy Surge|[of] p2a: Rillaboom
|-enditem|p1a: Sneasler|White Herb
|-clearnegativeboost|p1a: Sneasler|[silent]
|turn|1
|inactive|lstdnce has 30 seconds left.
|
|t:|1756574344
|switch|p1b: Tyranitar|Tyranitar, L50, F, shiny|100/100
|-weather|Sandstorm|[from] ability: Sand Stream|[of] p1b: Tyranitar
|move|p1a: Sneasler|Fake Out|p2a: Rillaboom
|-damage|p2a: Rillaboom|87/100
|cant|p2a: Rillaboom|flinch
|move|p2b: Salamence|Tailwind|p2b: Salamence
|-sidestart|p2: lstdnce|move: Tailwind
|
|-weather|Sandstorm|[upkeep]
|-damage|p1a: Sneasler|95/100|[from] Sandstorm
|-damage|p2b: Salamence|94/100|[from] Sandstorm
|-damage|p2a: Rillaboom|81/100|[from] Sandstorm
|-heal|p1a: Sneasler|100/100|[from] Grassy Terrain
|-heal|p2a: Rillaboom|87/100|[from] Grassy Terrain
|upkeep
|turn|2
|inactive|mario16172005 has 30 seconds left.
|
|t:|1756574375
|move|p1a: Sneasler|Dire Claw|p2a: Rillaboom
|-supereffective|p2a: Rillaboom
|-damage|p2a: Rillaboom|9/100
|-status|p2a: Rillaboom|slp
|move|p2b: Salamence|Air Slash|p1a: Sneasler
|-supereffective|p1a: Sneasler
|-damage|p1a: Sneasler|14/100
|cant|p2a: Rillaboom|slp
|move|p1b: Tyranitar|Rock Slide|p2a: Rillaboom|[spread] p2b
|-miss|p1b: Tyranitar|p2a: Rillaboom
|-supereffective|p2b: Salamence
|-crit|p2b: Salamence
|-damage|p2b: Salamence|7/100
|
|-weather|Sandstorm|[upkeep]
|-damage|p1a: Sneasler|8/100|[from] Sandstorm
|-damage|p2b: Salamence|1/100|[from] Sandstorm
|-damage|p2a: Rillaboom|3/100 slp|[from] Sandstorm
|-heal|p1a: Sneasler|14/100|[from] Grassy Terrain
|-heal|p2a: Rillaboom|9/100 slp|[from] Grassy Terrain
|upkeep
|turn|3
|inactive|lstdnce has 30 seconds left.
|
|t:|1756574403
|switch|p2b: Gholdengo|Gholdengo, L50|100/100
|cant|p2a: Rillaboom|slp
|move|p1a: Sneasler|Coaching|p1b: Tyranitar
|-boost|p1b: Tyranitar|atk|1
|-boost|p1b: Tyranitar|def|1
|move|p1b: Tyranitar|Rock Slide|p2a: Rillaboom|[spread] p2a,p2b
|-crit|p2a: Rillaboom
|-resisted|p2b: Gholdengo
|-damage|p2a: Rillaboom|0 fnt
|-damage|p2b: Gholdengo|77/100
|faint|p2a: Rillaboom
|
|-weather|Sandstorm|[upkeep]
|-damage|p1a: Sneasler|8/100|[from] Sandstorm
|-heal|p1a: Sneasler|14/100|[from] Grassy Terrain
|-heal|p2b: Gholdengo|83/100|[from] Grassy Terrain
|-heal|p2b: Gholdengo|89/100|[from] item: Leftovers
|upkeep
|
|t:|1756574420
|switch|p2a: Salamence|Salamence, L50, M|1/100
|-ability|p2a: Salamence|Intimidate|boost
|-unboost|p1a: Sneasler|atk|1
|-unboost|p1b: Tyranitar|atk|1
|turn|4
|
|t:|1756574443
|-terastallize|p2b: Gholdengo|Dragon
|move|p1a: Sneasler|Dire Claw|p2a: Salamence
|-damage|p2a: Salamence|0 fnt
|-damage|p1a: Sneasler|0 fnt|[from] item: Rocky Helmet|[of] p2a: Salamence
|faint|p2a: Salamence
|faint|p1a: Sneasler
|move|p2b: Gholdengo|Nasty Plot|p2b: Gholdengo
|-boost|p2b: Gholdengo|spa|2
|move|p1b: Tyranitar|Knock Off|p2b: Gholdengo
|-damage|p2b: Gholdengo|32/100
|-enditem|p2b: Gholdengo|Leftovers|[from] move: Knock Off|[of] p1b: Tyranitar
|
|-weather|Sandstorm|[upkeep]
|-damage|p2b: Gholdengo|26/100|[from] Sandstorm
|-heal|p2b: Gholdengo|32/100|[from] Grassy Terrain
|-sideend|p2: lstdnce|move: Tailwind
|upkeep
|
|t:|1756574459
|switch|p1a: Excadrill|Excadrill, L50, F|100/100
|switch|p2a: Ursaluna|Ursaluna-Bloodmoon, L50, M|100/100
|turn|5
|
|t:|1756574479
|-terastallize|p1b: Tyranitar|Flying
|move|p2b: Gholdengo|Protect|p2b: Gholdengo
|-singleturn|p2b: Gholdengo|Protect
|move|p1a: Excadrill|High Horsepower|p2b: Gholdengo
|-activate|p2b: Gholdengo|move: Protect
|move|p1b: Tyranitar|Low Kick|p2a: Ursaluna
|-supereffective|p2a: Ursaluna
|-damage|p2a: Ursaluna|31/100
|move|p2a: Ursaluna|Hyper Voice|p1b: Tyranitar|[spread] p1a,p1b
|-resisted|p1a: Excadrill
|-damage|p1a: Excadrill|67/100
|-damage|p1b: Tyranitar|67/100
|-damage|p2a: Ursaluna|22/100|[from] item: Life Orb
|
|-weather|none
|-heal|p1a: Excadrill|73/100|[from] Grassy Terrain
|-heal|p2b: Gholdengo|39/100|[from] Grassy Terrain
|-heal|p2a: Ursaluna|28/100|[from] Grassy Terrain
|-fieldend|move: Grassy Terrain
|upkeep
|turn|6
|
|t:|1756574499
|move|p1a: Excadrill|High Horsepower|p2b: Gholdengo|[miss]
|-miss|p1a: Excadrill|p2b: Gholdengo
|move|p2b: Gholdengo|Make It Rain|p1a: Excadrill|[spread] p1a,p1b
|-resisted|p1a: Excadrill
|-damage|p1a: Excadrill|18/100
|-damage|p1b: Tyranitar|16/100
|-unboost|p2b: Gholdengo|spa|1
|move|p1b: Tyranitar|Low Kick|p2a: Ursaluna
|-supereffective|p2a: Ursaluna
|-damage|p2a: Ursaluna|0 fnt
|faint|p2a: Ursaluna
|
|upkeep
|turn|7
|
|t:|1756574511
|move|p1a: Excadrill|High Horsepower|p2b: Gholdengo
|-damage|p2b: Gholdengo|0 fnt
|faint|p2b: Gholdengo
|
|win|mario16172005
||lstdnce is ready for game 2.
||mario16172005 is ready for game 2.
|uhtml|next|Next: Game 2 of 3
|l|☆mario16172005
|player|p1|
