|j|☆regHater
|j|☆eres_un_cracki2
|html|regHatereres_un_cracki2    
|uhtml|bestof|Game 2 of a best-of-3
|t:|1756985756
|gametype|doubles
|player|p1|regHater|2|1322
|player|p2|eres_un_cracki2|giovanni|1222
|gen|9
|tier|[Gen 9] VGC 2025 Reg H (Bo3)
|rated|
|rule|Species Clause: Limit one of each Pokémon
|rule|Item Clause: Limit 1 of each item
|clearpoke
|poke|p1|Dragonite, L50, F|
|poke|p1|Gholdengo, L50|
|poke|p1|Rillaboom, L50, F|
|poke|p1|Arcanine-Hisui, L50, F|
|poke|p1|Annihilape, L50, M|
|poke|p1|Murkrow, L50, M|
|poke|p2|Charizard, L50, M|
|poke|p2|Torkoal, L50, M|
|poke|p2|Incineroar, L50, M|
|poke|p2|Jumpluff, L50, F|
|poke|p2|Ursaluna, L50, M|
|poke|p2|Dusclops, L50, F|
|teampreview|4
|showteam|p1|Dragonite||LoadedDice|Multiscale|Protect,ScaleShot,LowKick,ExtremeSpeed|||F|||50|,,,,,Fairy]Gholdengo||ChoiceSpecs|GoodasGold|Thunderbolt,PowerGem,MakeItRain,ShadowBall||||||50|,,,,,Steel]Rillaboom||AssaultVest|GrassySurge|FakeOut,HighHorsepower,WoodHammer,GrassyGlide|||F|||50|,,,,,Fire]Arcanine-Hisui||ClearAmulet|Intimidate|Protect,FlareBlitz,RockSlide,ExtremeSpeed|||F|||50|,,,,,Water]Annihilape||FocusSash|Defiant|Coaching,CloseCombat,RageFist,FinalGambit|||M|||50|,,,,,Stellar]Murkrow||Eviolite|Prankster|Haze,Tailwind,FoulPlay,Taunt|||M|||50|,,,,,Ghost
|showteam|p2|Charizard||ChoiceSpecs|SolarPower|HeatWave,Overheat,WeatherBall,AirSlash|||M|||50|,,,,,Ghost]Torkoal||EjectPack|Drought|Eruption,Overheat,HelpingHand,Protect|||M|||50|,,,,,Fire]Incineroar||SafetyGoggles|Intimidate|FlareBlitz,KnockOff,FakeOut,PartingShot|||M|||50|,,,,,Ghost]Jumpluff||CovertCloak|Chlorophyll|SleepPowder,SunnyDay,RagePowder,Tailwind|||F|||50|,,,,,Water]Ursaluna||FlameOrb|Guts|HeadlongRush,Facade,Earthquake,Protect|||M|||50|,,,,,Ghost]Dusclops||Eviolite|Pressure|PainSplit,Haze,WillOWisp,TrickRoom|||F|||50|,,,,,Grass
|inactive|Battle timer is ON: inactive players will automatically lose when time's up. (requested by eres_un_cracki2)
|
|t:|1756985795
|teamsize|p1|4
|teamsize|p2|4
|start
|switch|p1a: Annihilape|Annihilape, L50, M|100/100
|switch|p1b: Arcanine|Arcanine-Hisui, L50, F|100/100
|switch|p2a: Jumpluff|Jumpluff, L50, F|100/100
|switch|p2b: Dusclops|Dusclops, L50, F|100/100
|-ability|p1b: Arcanine|Intimidate|boost
|-unboost|p2a: Jumpluff|atk|1
|-unboost|p2b: Dusclops|atk|1
|-ability|p2b: Dusclops|Pressure
|turn|1
|inactive|regHater has 30 seconds left.
|inactive|regHater has 20 seconds left.
|
|t:|1756985832
|move|p2a: Jumpluff|Rage Powder|p2a: Jumpluff
|-singleturn|p2a: Jumpluff|move: Rage Powder
|move|p1a: Annihilape|Coaching|p1b: Arcanine
|-boost|p1b: Arcanine|atk|1
|-boost|p1b: Arcanine|def|1
|move|p1b: Arcanine|Rock Slide|p2b: Dusclops|[spread] p2a,p2b
|-supereffective|p2a: Jumpluff
|-damage|p2a: Jumpluff|10/100
|-damage|p2b: Dusclops|80/100
|move|p2b: Dusclops|Trick Room|p2b: Dusclops
|-fieldstart|move: Trick Room|[of] p2b: Dusclops
|
|upkeep
|turn|2
|inactive|regHater has 30 seconds left.
|inactive|regHater has 20 seconds left.
|
|t:|1756985868
|switch|p2a: Ursaluna|Ursaluna, L50, M|100/100
|move|p2b: Dusclops|Will-O-Wisp|p1a: Annihilape
|-status|p1a: Annihilape|brn
|move|p1b: Arcanine|Flare Blitz|p2b: Dusclops
|-damage|p2b: Dusclops|33/100
|-damage|p1b: Arcanine|88/100|[from] Recoil
|move|p1a: Annihilape|Close Combat|p2a: Ursaluna
|-supereffective|p2a: Ursaluna
|-damage|p2a: Ursaluna|64/100
|-unboost|p1a: Annihilape|def|1
|-unboost|p1a: Annihilape|spd|1
|
|-damage|p1a: Annihilape|95/100 brn|[from] brn
|-status|p2a: Ursaluna|brn|[from] item: Flame Orb
|upkeep
|turn|3
|inactive|regHater has 30 seconds left.
|inactive|eres_un_cracki2 has 30 seconds left.
|inactive|eres_un_cracki2 has 20 seconds left.
|
|t:|1756985904
|-terastallize|p1b: Arcanine|Water
|move|p2b: Dusclops|Haze|p2b: Dusclops
|-clearallboost
|move|p2a: Ursaluna|Earthquake|p1b: Arcanine|[spread] p2b,p1a,p1b
|-damage|p2b: Dusclops|0 fnt
|-damage|p1a: Annihilape|33/100 brn
|-damage|p1b: Arcanine|15/100
|faint|p2b: Dusclops
|move|p1b: Arcanine|Rock Slide|p2a: Ursaluna|[miss]
|-miss|p1b: Arcanine|p2a: Ursaluna
|move|p1a: Annihilape|Close Combat|p2a: Ursaluna
|-supereffective|p2a: Ursaluna
|-damage|p2a: Ursaluna|26/100 brn
|-unboost|p1a: Annihilape|def|1
|-unboost|p1a: Annihilape|spd|1
|
|-damage|p2a: Ursaluna|20/100 brn|[from] brn
|-damage|p1a: Annihilape|27/100 brn|[from] brn
|upkeep
|
|t:|1756985913
|switch|p2b: Torkoal|Torkoal, L50, M|100/100
|-weather|SunnyDay|[from] ability: Drought|[of] p2b: Torkoal
|turn|4
|
|t:|1756985931
|move|p2a: Ursaluna|Protect|p2a: Ursaluna
|-singleturn|p2a: Ursaluna|Protect
|move|p1b: Arcanine|Protect|p1b: Arcanine
|-singleturn|p1b: Arcanine|Protect
|move|p2b: Torkoal|Eruption|p1a: Annihilape|[spread] p1a
|-activate|p1b: Arcanine|move: Protect
|-damage|p1a: Annihilape|0 fnt
|faint|p1a: Annihilape
|
|-weather|SunnyDay|[upkeep]
|-damage|p2a: Ursaluna|14/100 brn|[from] brn
|upkeep
|
|t:|1756985945
|switch|p1a: Dragonite|Dragonite, L50, F|100/100
|turn|5
|inactive|regHater has 30 seconds left.
|
|t:|1756985976
|-terastallize|p2a: Ursaluna|Ghost
|move|p1a: Dragonite|Protect|p1a: Dragonite
|-singleturn|p1a: Dragonite|Protect
|move|p1b: Arcanine|Extreme Speed|p2b: Torkoal
|-damage|p2b: Torkoal|84/100
|move|p2b: Torkoal|Eruption|p1b: Arcanine|[spread] p1b
|-activate|p1a: Dragonite|move: Protect
|-resisted|p1b: Arcanine
|-damage|p1b: Arcanine|0 fnt
|faint|p1b: Arcanine
|move|p2a: Ursaluna|Facade|p1a: Dragonite
|-activate|p1a: Dragonite|move: Protect
|
|-weather|SunnyDay|[upkeep]
|-damage|p2a: Ursaluna|8/100 brn|[from] brn
|-fieldend|move: Trick Room
|upkeep
|
|t:|1756985990
|switch|p1b: Murkrow|Murkrow, L50, M, shiny|100/100
|turn|6
|
|t:|1756986002
|move|p1a: Dragonite|Scale Shot|p2b: Torkoal
|-damage|p2b: Torkoal|72/100
|-damage|p2b: Torkoal|61/100
|-damage|p2b: Torkoal|49/100
|-damage|p2b: Torkoal|37/100
|-damage|p2b: Torkoal|25/100
|-hitcount|p2b: Torkoal|5
|-unboost|p1a: Dragonite|def|1
|-boost|p1a: Dragonite|spe|1
|move|p1b: Murkrow|Foul Play|p2a: Ursaluna
|-supereffective|p2a: Ursaluna
|-damage|p2a: Ursaluna|0 fnt
|faint|p2a: Ursaluna
|move|p2b: Torkoal|Overheat|p1b: Murkrow
|-damage|p1b: Murkrow|15/100
|-unboost|p2b: Torkoal|spa|2
|-enditem|p2b: Torkoal|Eject Pack
|
|t:|1756986005
|switch|p2b: Jumpluff|Jumpluff, L50, F|10/100
|
|-weather|SunnyDay|[upkeep]
|upkeep
|
|t:|1756986007
|switch|p2a: Torkoal|Torkoal, L50, M|25/100
|turn|7
|inactive|regHater has 30 seconds left.
|inactive|eres_un_cracki2 has 30 seconds left.
|
|t:|1756986034
|move|p2b: Jumpluff|Rage Powder|p2b: Jumpluff
|-singleturn|p2b: Jumpluff|move: Rage Powder
|move|p1a: Dragonite|Extreme Speed|p2b: Jumpluff
|-damage|p2b: Jumpluff|0 fnt
|faint|p2b: Jumpluff
|move|p1b: Murkrow|Foul Play|p2a: Torkoal
|-damage|p2a: Torkoal|8/100
|move|p2a: Torkoal|Eruption|p1a: Dragonite|[spread] p1a,p1b
|-resisted|p1a: Dragonite
|-damage|p1a: Dragonite|99/100
|-damage|p1b: Murkrow|10/100
|
|-weather|SunnyDay|[upkeep]
|upkeep
|turn|8
|-message|eres_un_cracki2 forfeited.
|
|win|regHater
|raw|regHater's rating: 1322 → 1336(+14 for winning)
|raw|eres_un_cracki2's rating: 1222 → 1204(-18 for losing)
|l|☆eres_un_cracki2
|player|p2|
