|j|☆I HATE DONDOZO-239
|j|☆Pumpkinman
|html|I HATE DONDOZO-239Pumpkinman    
|uhtml|bestof|Game 2 of a best-of-3
|t:|1756932629
|gametype|doubles
|player|p1|I HATE DONDOZO-239|265|1118
|player|p2|Pumpkinman|cyclist-gen4|1125
|gen|9
|tier|[Gen 9] VGC 2025 Reg H (Bo3)
|rated|
|rule|Species Clause: Limit one of each Pokémon
|rule|Item Clause: Limit 1 of each item
|clearpoke
|poke|p1|Mienshao, L50, F|
|poke|p1|Garchomp, L50, F|
|poke|p1|Tyranitar, L50, M|
|poke|p1|Gholdengo, L50|
|poke|p1|Talonflame, L50, F|
|poke|p1|Gallade, L50, M|
|poke|p2|Charizard, L50, F|
|poke|p2|Torkoal, L50, M|
|poke|p2|Porygon2, L50|
|poke|p2|Incineroar, L50, F|
|poke|p2|Jumpluff, L50, M|
|poke|p2|Ursaluna, L50, M|
|teampreview|4
|showteam|p1|Mienshao||FocusSash|InnerFocus|FakeOut,CloseCombat,Coaching,WideGuard|||F|||50|,,,,,Stellar]Garchomp||ClearAmulet|SandVeil|StompingTantrum,DragonClaw,Protect,Earthquake|||F|||50|,,,,,Fire]Tyranitar||AssaultVest|SandStream|TeraBlast,RockSlide,LowKick,KnockOff|||M|||50|,,,,,Flying]Gholdengo||ChoiceSpecs|GoodasGold|Trick,MakeItRain,ShadowBall,Thunderbolt||||||50|,,,,,Steel]Talonflame||CovertCloak|GaleWings|BraveBird,Tailwind,Taunt,WillOWisp|||F|||50|,,,,,Ghost]Gallade||LifeOrb|Sharpness|TrickRoom,Imprison,PsychoCut,SacredSword|||M|||50|,,,,,Grass
|showteam|p2|Charizard||ChoiceSpecs|SolarPower|HeatWave,Overheat,WeatherBall,AirSlash|||F|||50|,,,,,Ghost]Torkoal||EjectPack|Drought|Eruption,Overheat,HelpingHand,Protect|||M|||50|,,,,,Fire]Porygon2||Eviolite|Download|TeraBlast,IceBeam,Recover,TrickRoom||||||50|,,,,,Fighting]Incineroar||SitrusBerry|Intimidate|FlareBlitz,KnockOff,FakeOut,PartingShot|||F|||50|,,,,,Ghost]Jumpluff||CovertCloak|Chlorophyll|SleepPowder,SunnyDay,RagePowder,Tailwind|||M|||50|,,,,,Water]Ursaluna||FlameOrb|Guts|HeadlongRush,Facade,Earthquake,Protect|||M|||50|,,,,,Ghost
|inactive|Battle timer is ON: inactive players will automatically lose when time's up. (requested by Pumpkinman)
|inactive|Pumpkinman has 60 seconds left.
|inactive|Pumpkinman has 30 seconds left.
|inactive|Pumpkinman has 20 seconds left.
|inactive|Pumpkinman has 15 seconds left.
|
|t:|1756932706
|teamsize|p1|4
|teamsize|p2|4
|start
|switch|p1a: Gallade|Gallade, L50, M|100/100
|switch|p1b: Talonflame|Talonflame, L50, F|100/100
|switch|p2a: Porygon2|Porygon2, L50|100/100
|switch|p2b: Incineroar|Incineroar, L50, F|100/100
|-ability|p2b: Incineroar|Intimidate|boost
|-unboost|p1a: Gallade|atk|1
|-unboost|p1b: Talonflame|atk|1
|-ability|p2a: Porygon2|Download|boost
|-boost|p2a: Porygon2|atk|1
|turn|1
|inactive|Pumpkinman has 30 seconds left.
|
|t:|1756932733
|switch|p1a: Mienshao|Mienshao, L50, F|100/100
|move|p2b: Incineroar|Fake Out|p1a: Mienshao
|-damage|p1a: Mienshao|76/100
|move|p1b: Talonflame|Taunt|p2a: Porygon2
|-start|p2a: Porygon2|move: Taunt
|cant|p2a: Porygon2|move: Taunt|Trick Room
|
|upkeep
|turn|2
|inactive|Pumpkinman has 30 seconds left.
|
|t:|1756932766
|-terastallize|p1a: Mienshao|Stellar
|move|p1b: Talonflame|Brave Bird|p2a: Porygon2
|-crit|p2a: Porygon2
|-damage|p2a: Porygon2|58/100
|-damage|p1b: Talonflame|83/100|[from] Recoil
|move|p1a: Mienshao|Close Combat|p2a: Porygon2
|-supereffective|p2a: Porygon2
|-crit|p2a: Porygon2
|-damage|p2a: Porygon2|0 fnt
|-unboost|p1a: Mienshao|def|1
|-unboost|p1a: Mienshao|spd|1
|faint|p2a: Porygon2
|move|p2b: Incineroar|Parting Shot|p1b: Talonflame
|-unboost|p1b: Talonflame|atk|1
|-unboost|p1b: Talonflame|spa|1
|
|t:|1756932784
|switch|p2b: Ursaluna|Ursaluna, L50, M|100/100|[from] Parting Shot
|
|-status|p2b: Ursaluna|brn|[from] item: Flame Orb
|upkeep
|
|t:|1756932786
|switch|p2a: Incineroar|Incineroar, L50, F|100/100
|-ability|p2a: Incineroar|Intimidate|boost
|-fail|p1a: Mienshao|unboost|Attack|[from] ability: Inner Focus|[of] p1a: Mienshao
|-unboost|p1b: Talonflame|atk|1
|turn|3
|inactive|I HATE DONDOZO-239 has 30 seconds left.
|inactive|Pumpkinman has 30 seconds left.
|inactive|Pumpkinman has 20 seconds left.
|
|t:|1756932826
|move|p1b: Talonflame|Tailwind|p1b: Talonflame
|-sidestart|p1: I HATE DONDOZO-239|move: Tailwind
|move|p1a: Mienshao|Close Combat|p2b: Ursaluna
|-supereffective|p2b: Ursaluna
|-damage|p2b: Ursaluna|12/100 brn
|-unboost|p1a: Mienshao|def|1
|-unboost|p1a: Mienshao|spd|1
|move|p2a: Incineroar|Knock Off|p1b: Talonflame
|-damage|p1b: Talonflame|14/100
|-enditem|p1b: Talonflame|Covert Cloak|[from] move: Knock Off|[of] p2a: Incineroar
|move|p2b: Ursaluna|Headlong Rush|p1a: Mienshao
|-crit|p1a: Mienshao
|-damage|p1a: Mienshao|0 fnt
|-unboost|p2b: Ursaluna|def|1
|-unboost|p2b: Ursaluna|spd|1
|faint|p1a: Mienshao
|
|-damage|p2b: Ursaluna|6/100 brn|[from] brn
|upkeep
|
|t:|1756932843
|switch|p1a: Gallade|Gallade, L50, M|100/100
|turn|4
|inactive|Pumpkinman has 30 seconds left.
|
|t:|1756932878
|move|p2b: Ursaluna|Protect|p2b: Ursaluna
|-singleturn|p2b: Ursaluna|Protect
|move|p1b: Talonflame|Will-O-Wisp|p2a: Incineroar|[miss]
|-miss|p1b: Talonflame|p2a: Incineroar
|move|p1a: Gallade|Psycho Cut|p2b: Ursaluna
|-activate|p2b: Ursaluna|move: Protect
|move|p2a: Incineroar|Parting Shot|p1a: Gallade
|-unboost|p1a: Gallade|atk|1
|-unboost|p1a: Gallade|spa|1
|
|t:|1756932886
|switch|p2a: Jumpluff|Jumpluff, L50, M|100/100|[from] Parting Shot
|
|-damage|p2b: Ursaluna|0 fnt|[from] brn
|faint|p2b: Ursaluna
|upkeep
|
|t:|1756932889
|switch|p2b: Incineroar|Incineroar, L50, F|100/100
|-ability|p2b: Incineroar|Intimidate|boost
|-unboost|p1a: Gallade|atk|1
|-unboost|p1b: Talonflame|atk|1
|turn|5
|-message|Pumpkinman forfeited.
|
|win|I HATE DONDOZO-239
||I HATE DONDOZO-239 is ready for game 3.
||Pumpkinman is ready for game 3.
|uhtml|next|Next: Game 3 of 3
