|j|☆matteo2002
|j|☆mumu2
|html|matteo2002mumu2    
|uhtml|bestof|Game 2 of a best-of-3
|t:|1784767283
|gametype|doubles
|player|p1|matteo2002|170|1127
|player|p2|mumu2|cyclistf|1185
|gen|9
|tier|[Gen 9 Champions] VGC 2026 Reg M-B (Bo3)
|rated|
|rule|Species Clause: Limit one of each Pokémon
|rule|Item Clause: Limit 1 of each item
|clearpoke
|poke|p1|Hydreigon, L50, M|
|poke|p1|Metagross, L50, shiny|
|poke|p1|Charizard, L50, M|
|poke|p1|Toxapex, L50, M|
|poke|p1|Annihilape, L50, F|
|poke|p1|Incineroar, L50, M|
|poke|p2|Charizard, L50, M|
|poke|p2|Venusaur, L50, M|
|poke|p2|Garchomp, L50, M|
|poke|p2|Annihilape, L50, M|
|poke|p2|Incineroar, L50, M|
|poke|p2|Toxapex, L50, F|
|teampreview|4
|showteam|p1|Hydreigon||ChoiceScarf|Levitate|EarthPower,DarkPulse,DracoMeteor,Snarl|Modest||M|||50|]Metagross||Metagrossite|ClearBody|PsychicFangs,IcePunch,BulletPunch,Protect|Jolly|||||50|]Charizard||CharizarditeY|Blaze|Protect,HeatWave,SolarBeam,WeatherBall|Modest||M|||50|]Toxapex||Leftovers|Regenerator|Infestation,Toxic,BanefulBunker,WideGuard|Bold||M|||50|]Annihilape||FocusSash|Defiant|CloseCombat,PhantomForce,Protect,RockTomb|Jolly||F|||50|]Incineroar||SitrusBerry|Intimidate|FakeOut,FlareBlitz,ThroatChop,PartingShot|Impish||M|||50|
|showteam|p2|Charizard||CharizarditeY|Blaze|HeatWave,WeatherBall,HelpingHand,Protect|Modest||M|||50|]Venusaur||LifeOrb|Chlorophyll|SludgeBomb,SolarBeam,EarthPower,Protect|Modest||M|||50|]Garchomp||ChoiceScarf|RoughSkin|DragonClaw,Earthquake,RockSlide,StompingTantrum|Adamant||M|||50|]Annihilape||FocusSash|Defiant|PhantomForce,CloseCombat,Protect,RockTomb|Jolly||M|||50|]Incineroar||SitrusBerry|Intimidate|FlareBlitz,ThroatChop,PartingShot,FakeOut|Impish||M|||50|]Toxapex||Leftovers|Regenerator|Toxic,Infestation,WideGuard,BanefulBunker|Bold||F|||50|
|
|t:|1784767335
|teamsize|p1|4
|teamsize|p2|4
|start
|switch|p1a: Hydreigon|Hydreigon, L50, M|100/100
|switch|p1b: Annihilape|Annihilape, L50, F|100/100
|switch|p2a: Charizard|Charizard, L50, M|100/100
|switch|p2b: Venusaur|Venusaur, L50, M|100/100
|turn|1
|
|t:|1784767363
|detailschange|p2a: Charizard|Charizard-Mega-Y, L50, M
|-mega|p2a: Charizard|Charizard|Charizardite Y
|-weather|SunnyDay|[from] ability: Drought|[of] p2a: Charizard
|move|p1b: Annihilape|Protect|p1b: Annihilape
|-singleturn|p1b: Annihilape|Protect
|move|p2a: Charizard|Protect|p2a: Charizard
|-singleturn|p2a: Charizard|Protect
|move|p2b: Venusaur|Solar Beam||[still]
|-prepare|p2b: Venusaur|Solar Beam
|-anim|p2b: Venusaur|Solar Beam|p1b: Annihilape
|-activate|p1b: Annihilape|move: Protect
|move|p1a: Hydreigon|Snarl|p2a: Charizard|[spread] p2b
|-activate|p2a: Charizard|move: Protect
|-crit|p2b: Venusaur
|-damage|p2b: Venusaur|66/100
|-unboost|p2b: Venusaur|spa|1
|
|-weather|SunnyDay|[upkeep]
|upkeep
|turn|2
|
|t:|1784767394
|switch|p2b: Toxapex|Toxapex, L50, F|100/100
|switch|p2a: Garchomp|Garchomp, L50, M|100/100
|move|p1a: Hydreigon|Snarl|p2a: Garchomp|[spread] p2a,p2b
|-crit|p2b: Toxapex
|-damage|p2a: Garchomp|75/100
|-damage|p2b: Toxapex|75/100
|-unboost|p2a: Garchomp|spa|1
|-unboost|p2b: Toxapex|spa|1
|move|p1b: Annihilape|Phantom Force||[still]
|-prepare|p1b: Annihilape|Phantom Force
|
|-weather|SunnyDay|[upkeep]
|-heal|p2b: Toxapex|80/100|[from] item: Leftovers
|upkeep
|turn|3
|
|t:|1784767429
|switch|p1a: Metagross|Metagross, L50, shiny|100/100
|move|p2a: Garchomp|Dragon Claw|p1a: Metagross
|-resisted|p1a: Metagross|1
|-crit|p1a: Metagross
|-damage|p1a: Metagross|73/100
|move|p1b: Annihilape|Phantom Force|p2a: Garchomp|[from] lockedmove
|-damage|p2a: Garchomp|36/100
|-damage|p1b: Annihilape|87/100|[from] ability: Rough Skin|[of] p2a: Garchomp
|move|p2b: Toxapex|Toxic|p1b: Annihilape
|-status|p1b: Annihilape|tox
|
|-weather|SunnyDay|[upkeep]
|-heal|p2b: Toxapex|86/100|[from] item: Leftovers
|-damage|p1b: Annihilape|81/100 tox|[from] psn
|upkeep
|turn|4
|
|t:|1784767457
|switch|p2a: Venusaur|Venusaur, L50, M|66/100
|detailschange|p1a: Metagross|Metagross-Mega, L50, shiny
|-mega|p1a: Metagross|Metagross|Metagrossite
|move|p1a: Metagross|Ice Punch|p2a: Venusaur
|-supereffective|p2a: Venusaur|1
|-damage|p2a: Venusaur|0 fnt
|faint|p2a: Venusaur
|move|p1b: Annihilape|Phantom Force||[still]
|-prepare|p1b: Annihilape|Phantom Force
|move|p2b: Toxapex|Infestation|p1a: Metagross
|-damage|p1a: Metagross|71/100
|-activate|p1a: Metagross|move: Infestation|[of] p2b: Toxapex
|
|-weather|SunnyDay|[upkeep]
|-heal|p2b: Toxapex|92/100|[from] item: Leftovers
|-damage|p1b: Annihilape|69/100 tox|[from] psn
|-damage|p1a: Metagross|58/100|[from] move: Infestation|[partiallytrapped]
|upkeep
|
|t:|1784767472
|switch|p2a: Charizard|Charizard-Mega-Y, L50, M|100/100
|turn|5
|
|t:|1784767482
|move|p1a: Metagross|Protect|p1a: Metagross
|-singleturn|p1a: Metagross|Protect
|move|p2b: Toxapex|Baneful Bunker|p2b: Toxapex
|-singleturn|p2b: Toxapex|move: Protect
|move|p1b: Annihilape|Phantom Force|p2b: Toxapex|[from] lockedmove
|-activate|p2b: Toxapex|move: Phantom Force|[broken]
|-crit|p2b: Toxapex
|-damage|p2b: Toxapex|48/100
|move|p2a: Charizard|Heat Wave|p1b: Annihilape|[spread] p1b
|-activate|p1a: Metagross|move: Protect
|-crit|p1b: Annihilape
|-damage|p1b: Annihilape|0 fnt
|faint|p1b: Annihilape
|
|-weather|none
|-heal|p2b: Toxapex|54/100|[from] item: Leftovers
|-damage|p1a: Metagross|46/100|[from] move: Infestation|[partiallytrapped]
|upkeep
|
|t:|1784767531
|switch|p1b: Hydreigon|Hydreigon, L50, M|100/100
|turn|6
|
|t:|1784767554
|move|p2b: Toxapex|Baneful Bunker|p2b: Toxapex
|-singleturn|p2b: Toxapex|move: Protect
|move|p1b: Hydreigon|Dark Pulse|p2a: Charizard
|-damage|p2a: Charizard|61/100
|move|p1a: Metagross|Psychic Fangs|p2a: Charizard
|-damage|p2a: Charizard|1/100
|move|p2a: Charizard|Heat Wave|p1b: Hydreigon|[spread] p1b
|-miss|p2a: Charizard|p1a: Metagross
|-resisted|p1b: Hydreigon|1
|-damage|p1b: Hydreigon|79/100
|
|-heal|p2b: Toxapex|59/100|[from] item: Leftovers
|-damage|p1a: Metagross|33/100|[from] move: Infestation|[partiallytrapped]
|upkeep
|turn|7
|
|t:|1784767577
|-heal|p2b: Toxapex|92/100|[from] ability: Regenerator|[silent]
|switch|p2b: Garchomp|Garchomp, L50, M|36/100
|move|p2a: Charizard|Protect|p2a: Charizard
|-singleturn|p2a: Charizard|Protect
|move|p1b: Hydreigon|Dark Pulse|p2a: Charizard
|-activate|p2a: Charizard|move: Protect
|move|p1a: Metagross|Psychic Fangs|p2b: Garchomp
|-damage|p2b: Garchomp|0 fnt
|-damage|p1a: Metagross|21/100|[from] ability: Rough Skin|[of] p2b: Garchomp
|faint|p2b: Garchomp
|
|-end|p1a: Metagross|Infestation|[partiallytrapped]|[silent]
|upkeep
|
|t:|1784767581
|switch|p2b: Toxapex|Toxapex, L50, F|92/100
|turn|8
|-message|mumu2 forfeited.
|
|win|matteo2002
||mumu2 is ready for game 3.
||matteo2002 is ready for game 3.
|uhtml|next|Next: Game 3 of 3
