|j|☆MiniBerg10
|j|☆geardox
|html|MiniBerg10geardox    
|uhtml|bestof|Game 1 of a best-of-3
|t:|1756484073
|gametype|doubles
|player|p1|MiniBerg10|lucas-gen4pt|1103
|player|p2|geardox|170|1127
|gen|9
|tier|[Gen 9] VGC 2025 Reg H (Bo3)
|rated|
|rule|Species Clause: Limit one of each Pokémon
|rule|Item Clause: Limit 1 of each item
|clearpoke
|poke|p1|Garchomp, L50, M|
|poke|p1|Talonflame, L50, F|
|poke|p1|Slaking, L50, F|
|poke|p1|Weezing-Galar, L50, F|
|poke|p1|Sinistcha-Masterpiece, L50|
|poke|p1|Kingambit, L50, M|
|poke|p2|Sneasler, L50, M|
|poke|p2|Garchomp, L50, M|
|poke|p2|Corviknight, L50, F|
|poke|p2|Archaludon, L50, M|
|poke|p2|Amoonguss, L50, F|
|poke|p2|Incineroar, L50, M|
|teampreview|4
|showteam|p1|Garchomp||SoftSand|RoughSkin|DragonClaw,Earthquake,SwordsDance,Protect|||M|||50|,,,,,Fire]Talonflame||SharpBeak|GaleWings|DualWingbeat,Tailwind,BraveBird,UpperHand|||F|||50|,,,,,Ghost]Slaking||LifeOrb|Truant|DoubleEdge,HighHorsepower,PlayRough,Protect|||F|||50|,,,,,Stellar]Weezing-Galar||SitrusBerry|NeutralizingGas|StrangeSteam,Taunt,WillOWisp,Protect|||F|||50|,,,,,Flying]Sinistcha-Masterpiece||RockyHelmet|Hospitality|MatchaGotcha,ShadowBall,RagePowder,StrengthSap||||||50|,,,,,Fairy]Kingambit||AssaultVest|Defiant|KowtowCleave,IronHead,SuckerPunch,LowKick|||M|||50|,,,,,Fairy
|showteam|p2|Sneasler||FocusSash|Unburden|DireClaw,CloseCombat,ThroatChop,Coaching|||M|||50|,,,,,Ghost]Garchomp||LifeOrb|RoughSkin|Protect,Earthquake,DragonClaw,StompingTantrum|||M|||50|,,,,,Ground]Corviknight||SitrusBerry|MirrorArmor|BraveBird,Tailwind,Roost,Taunt|||F|||50|,,,,,Fire]Archaludon||PowerHerb|Stamina|Protect,DracoMeteor,FlashCannon,ElectroShot|||M|||50|,,,,,Dragon]Amoonguss||RockyHelmet|Regenerator|ClearSmog,RagePowder,Spore,PollenPuff|||F|||50|,,,,,Water]Incineroar||AssaultVest|Intimidate|KnockOff,FlareBlitz,FakeOut,Uturn|||M|||50|,,,,,Ghost
|inactive|Battle timer is ON: inactive players will automatically lose when time's up. (requested by MiniBerg10)
|inactive|geardox has 60 seconds left.
|
|t:|1756484109
|teamsize|p1|4
|teamsize|p2|4
|start
|switch|p1a: Garchomp|Garchomp, L50, M, shiny|100/100
|switch|p1b: Sinistcha|Sinistcha-Masterpiece, L50, shiny|100/100
|switch|p2a: Chica|Corviknight, L50, F|100/100
|switch|p2b: Big Mo|Archaludon, L50, M|100/100
|turn|1
|
|t:|1756484132
|move|p2b: Big Mo|Protect|p2b: Big Mo
|-singleturn|p2b: Big Mo|Protect
|move|p1b: Sinistcha|Rage Powder|p1b: Sinistcha
|-singleturn|p1b: Sinistcha|move: Rage Powder
|move|p1a: Garchomp|Swords Dance|p1a: Garchomp
|-boost|p1a: Garchomp|atk|2
|move|p2a: Chica|Tailwind|p2a: Chica
|-sidestart|p2: geardox|move: Tailwind
|
|upkeep
|turn|2
|inactive|MiniBerg10 has 30 seconds left.
|inactive|MiniBerg10 has 20 seconds left.
|inactive|MiniBerg10 has 15 seconds left.
|inactive|MiniBerg10 has 10 seconds left.
|inactive|MiniBerg10 has 5 seconds left.
|
|t:|1756484183
|move|p1b: Sinistcha|Rage Powder|p1b: Sinistcha
|-singleturn|p1b: Sinistcha|move: Rage Powder
|move|p2b: Big Mo|Flash Cannon|p1b: Sinistcha
|-damage|p1b: Sinistcha|58/100
|move|p2a: Chica|Brave Bird|p1b: Sinistcha
|-supereffective|p1b: Sinistcha
|-damage|p1b: Sinistcha|0 fnt
|-damage|p2a: Chica|84/100|[from] item: Rocky Helmet|[of] p1b: Sinistcha
|faint|p1b: Sinistcha
|-damage|p2a: Chica|68/100|[from] Recoil
|move|p1a: Garchomp|Dragon Claw|p2a: Chica
|-resisted|p2a: Chica
|-damage|p2a: Chica|33/100
|-enditem|p2a: Chica|Sitrus Berry|[eat]
|-heal|p2a: Chica|58/100|[from] item: Sitrus Berry
|
|upkeep
|
|t:|1756484200
|switch|p1b: Weezing|Weezing-Galar, L50, F|100/100
|-ability|p1b: Weezing|Neutralizing Gas
|turn|3
|
|t:|1756484221
|-terastallize|p2b: Big Mo|Dragon
|-terastallize|p1a: Garchomp|Fire
|move|p1b: Weezing|Protect|p1b: Weezing
|-singleturn|p1b: Weezing|Protect
|move|p2b: Big Mo|Draco Meteor|p1a: Garchomp
|-damage|p1a: Garchomp|14/100
|-unboost|p2b: Big Mo|spa|2
|move|p2a: Chica|Taunt|p1b: Weezing
|-activate|p1b: Weezing|move: Protect
|move|p1a: Garchomp|Earthquake|p2b: Big Mo|[spread] p2b
|-activate|p1b: Weezing|move: Protect
|-immune|p2a: Chica
|-damage|p2b: Big Mo|19/100
|
|upkeep
|turn|4
|inactive|geardox has 30 seconds left.
|
|t:|1756484255
|move|p1a: Garchomp|Protect|p1a: Garchomp
|-singleturn|p1a: Garchomp|Protect
|move|p2b: Big Mo|Electro Shot||[still]
|-prepare|p2b: Big Mo|Electro Shot
|-boost|p2b: Big Mo|spa|1
|-enditem|p2b: Big Mo|Power Herb
|-anim|p2b: Big Mo|Electro Shot|p1a: Garchomp
|-activate|p1a: Garchomp|move: Protect
|move|p2a: Chica|Taunt|p1b: Weezing
|-start|p1b: Weezing|move: Taunt
|move|p1b: Weezing|Strange Steam|p2b: Big Mo
|-supereffective|p2b: Big Mo
|-damage|p2b: Big Mo|0 fnt
|faint|p2b: Big Mo
|
|-sideend|p2: geardox|move: Tailwind
|upkeep
|
|t:|1756484271
|switch|p2b: Stinky Pete|Garchomp, L50, M|100/100
|turn|5
|
|t:|1756484288
|move|p2b: Stinky Pete|Earthquake|p1a: Garchomp|[spread] p1a,p1b
|-immune|p2a: Chica
|-supereffective|p1a: Garchomp
|-supereffective|p1b: Weezing
|-damage|p1a: Garchomp|0 fnt
|-damage|p1b: Weezing|0 fnt
|faint|p1a: Garchomp
|faint|p1b: Weezing
|-end|p1b: Weezing|ability: Neutralizing Gas
|-damage|p2b: Stinky Pete|91/100|[from] item: Life Orb
|move|p2a: Chica|Tailwind|p2a: Chica
|-sidestart|p2: geardox|move: Tailwind
|
|upkeep
|
|t:|1756484292
|switch|p1b: Kingambit|Kingambit, L50, M, shiny|100/100
|turn|6
|
|t:|1756484310
|move|p2b: Stinky Pete|Stomping Tantrum|p1b: Kingambit
|-supereffective|p1b: Kingambit
|-damage|p1b: Kingambit|18/100
|-damage|p2b: Stinky Pete|81/100|[from] item: Life Orb
|move|p2a: Chica|Brave Bird|p1b: Kingambit
|-resisted|p1b: Kingambit
|-damage|p1b: Kingambit|2/100
|-damage|p2a: Chica|53/100|[from] Recoil
|move|p1b: Kingambit|Kowtow Cleave|p2a: Chica
|-damage|p2a: Chica|15/100
|
|upkeep
|turn|7
|-message|MiniBerg10 forfeited.
|
|win|geardox
||MiniBerg10 is ready for game 2.
