|j|☆owbd
|j|☆nanum56770
|html|owbdnanum56770    
|uhtml|bestof|Game 1 of a best-of-3
|t:|1785490683
|gametype|doubles
|player|p1|owbd|cynthia-gen4|1195
|player|p2|nanum56770|170|1081
|gen|9
|tier|[Gen 9 Champions] VGC 2026 Reg M-B (Bo3)
|rated|
|rule|Species Clause: Limit one of each Pokémon
|rule|Item Clause: Limit 1 of each item
|clearpoke
|poke|p1|Charizard, L50, M, shiny|
|poke|p1|Floette-Eternal, L50, F|
|poke|p1|Kingambit, L50, M, shiny|
|poke|p1|Garchomp, L50, M, shiny|
|poke|p1|Basculegion, L50, M|
|poke|p1|Whimsicott, L50, M, shiny|
|poke|p2|Ceruledge, L50, F|
|poke|p2|Malamar, L50, M|
|poke|p2|Milotic, L50, F|
|poke|p2|Farigiraf, L50, M|
|poke|p2|Sableye, L50, M|
|poke|p2|Basculegion, L50, M|
|teampreview|4
|showteam|p1|Charizard||CharizarditeY|Blaze|HeatWave,WeatherBall,SolarBeam,Protect|Modest||M|||50|]Floette-Eternal||Floettite|FlowerVeil|Moonblast,DazzlingGleam,LightofRuin,Protect|Modest||F|||50|]Kingambit||BlackGlasses|Defiant|IronHead,KowtowCleave,SuckerPunch,Protect|Adamant||M|||50|]Garchomp||LifeOrb|RoughSkin|RockSlide,DragonClaw,Earthquake,Protect|Jolly||M|||50|]Basculegion||MysticWater|Adaptability|WaveCrash,LastRespects,AquaJet,Protect|Adamant||M|||50|]Whimsicott||FocusSash|Prankster|Moonblast,Encore,Tailwind,Protect|Timid||M|||50|
|showteam|p2|Ceruledge||FocusSash|FlashFire|ShadowSneak,Protect,BulkUp,BitterBlade|Jolly||F|||50|]Malamar||Malamarite|Contrary|Superpower,PsychoCut,FoulPlay,Protect|Sassy||M|||50|]Milotic||Leftovers|Competitive|Coil,Hypnosis,Scald,Recover|Bold||F|||50|]Farigiraf||SitrusBerry|ArmorTail|Thunderbolt,Psychic,TrickRoom,HyperVoice|Quiet||M|||50|]Sableye||MentalHerb|Prankster|WillOWisp,Taunt,LightScreen,Reflect|Relaxed||M|||50|]Basculegion||ChoiceScarf|Adaptability|IcyWind,WaveCrash,FlipTurn,LastRespects|Hasty||M|||50|
|inactive|Battle timer is ON: inactive players will automatically lose when time's up. (requested by owbd)
|inactive|nanum56770 also wants the timer to be on.
|
|t:|1785490704
|teamsize|p1|4
|teamsize|p2|4
|start
|switch|p1a: Floette|Floette-Eternal, L50, F|100/100
|switch|p1b: Whimsicott|Whimsicott, L50, M, shiny|100/100
|switch|p2a: Ceruledge|Ceruledge, L50, F|100/100
|switch|p2b: Farigiraf|Farigiraf, L50, M|100/100
|turn|1
|inactive|nanum56770 has 30 seconds left.
|
|t:|1785490730
|detailschange|p1a: Floette|Floette-Mega, L50, F
|-mega|p1a: Floette|Floette|Floettite
|-ability|p1a: Floette|Fairy Aura
|move|p1b: Whimsicott|Tailwind|p1b: Whimsicott
|-sidestart|p1: owbd|move: Tailwind
|move|p1a: Floette|Light of Ruin|p2b: Farigiraf
|-damage|p2b: Farigiraf|0 fnt
|faint|p2b: Farigiraf
|-damage|p1a: Floette|24/100|[from] Recoil
|move|p2a: Ceruledge|Bitter Blade|p1a: Floette
|-damage|p1a: Floette|0 fnt
|faint|p1a: Floette
|
|upkeep
|
|t:|1785490749
|switch|p1a: Garchomp|Garchomp, L50, M, shiny|100/100
|switch|p2b: Basculegion|Basculegion, L50, M|100/100
|turn|2
|
|t:|1785490765
|move|p1b: Whimsicott|Moonblast|p2b: Basculegion
|-damage|p2b: Basculegion|57/100
|move|p1a: Garchomp|Earthquake|p2b: Basculegion|[spread] p1b,p2a,p2b
|-resisted|p1b: Whimsicott|1
|-supereffective|p2a: Ceruledge|1
|-damage|p1b: Whimsicott|61/100
|-enditem|p2a: Ceruledge|Focus Sash
|-damage|p2a: Ceruledge|1/100
|-damage|p2b: Basculegion|0 fnt
|faint|p2b: Basculegion
|-damage|p1a: Garchomp|90/100|[from] item: Life Orb
|move|p2a: Ceruledge|Bitter Blade|p1b: Whimsicott
|-supereffective|p1b: Whimsicott|1
|-damage|p1b: Whimsicott|0 fnt
|-heal|p2a: Ceruledge|28/100|[from] drain|[of] p1b: Whimsicott
|faint|p1b: Whimsicott
|
|upkeep
|inactive|nanum56770 has 30 seconds left.
|inactive|nanum56770 has 20 seconds left.
|inactive|nanum56770 has 15 seconds left.
|
|t:|1785490806
|switch|p1b: Basculegion|Basculegion, L50, M|100/100
|switch|p2b: Malamar|Malamar, L50, M|100/100
|turn|3
|inactive|nanum56770 has 30 seconds left.
|
|t:|1785490840
|detailschange|p2b: Malamar|Malamar-Mega, L50, M
|-mega|p2b: Malamar|Malamar|Malamarite
|move|p2a: Ceruledge|Protect|p2a: Ceruledge
|-singleturn|p2a: Ceruledge|Protect
|move|p2b: Malamar|Protect|p2b: Malamar
|-singleturn|p2b: Malamar|Protect
|move|p1a: Garchomp|Earthquake|p2a: Ceruledge|[spread] p1b
|-activate|p2a: Ceruledge|move: Protect
|-activate|p2b: Malamar|move: Protect
|-damage|p1b: Basculegion|44/100
|-damage|p1a: Garchomp|80/100|[from] item: Life Orb
|move|p1b: Basculegion|Wave Crash|p2b: Malamar
|-activate|p2b: Malamar|move: Protect
|
|upkeep
|turn|4
|inactive|nanum56770 has 30 seconds left.
|
|t:|1785490873
|move|p2a: Ceruledge|Shadow Sneak|p1b: Basculegion
|-supereffective|p1b: Basculegion|1
|-damage|p1b: Basculegion|1/100
|move|p1a: Garchomp|Rock Slide|p2b: Malamar|[spread] p2b
|-miss|p1a: Garchomp|p2a: Ceruledge
|-damage|p2b: Malamar|75/100
|-damage|p1a: Garchomp|70/100|[from] item: Life Orb
|move|p1b: Basculegion|Wave Crash|p2b: Malamar
|-damage|p2b: Malamar|0 fnt
|faint|p2b: Malamar
|-damage|p1b: Basculegion|0 fnt|[from] Recoil
|faint|p1b: Basculegion
|
|-sideend|p1: owbd|move: Tailwind
|upkeep
|turn|5
|inactive|nanum56770 has 30 seconds left.
|
|t:|1785490904
|move|p2a: Ceruledge|Protect|p2a: Ceruledge
|-singleturn|p2a: Ceruledge|Protect
|move|p1a: Garchomp|Earthquake|p2a: Ceruledge
|-activate|p2a: Ceruledge|move: Protect
|
|upkeep
|turn|6
|
|t:|1785490914
|move|p1a: Garchomp|Earthquake|p2a: Ceruledge
|-supereffective|p2a: Ceruledge|1
|-damage|p2a: Ceruledge|0 fnt
|faint|p2a: Ceruledge
|-damage|p1a: Garchomp|60/100|[from] item: Life Orb
|
|win|owbd
|inactive|owbd has 30 seconds to confirm battle start!
|inactive|nanum56770 has 30 seconds to confirm battle start!
||owbd is ready for game 2.
|inactive|nanum56770 has 20 seconds to confirm battle start!
||nanum56770 is ready for game 2.
|uhtml|next|Next: Game 2 of 3
