|j|☆Nonnyvibrant
|j|☆Umbreon DX
|html|NonnyvibrantUmbreon DX    
|uhtml|bestof|Game 1 of a best-of-3
|t:|1784891800
|gametype|doubles
|player|p1|Nonnyvibrant|1|1000
|player|p2|Umbreon DX|shadowtriad|1000
|gen|9
|tier|[Gen 9 Champions] VGC 2026 Reg M-B (Bo3)
|rated|
|rule|Species Clause: Limit one of each Pokémon
|rule|Item Clause: Limit 1 of each item
|clearpoke
|poke|p1|Froslass, L50, F|
|poke|p1|Blaziken, L50, F, shiny|
|poke|p1|Kingambit, L50, M, shiny|
|poke|p1|Garchomp, L50, M|
|poke|p1|Whimsicott, L50, M|
|poke|p1|Primarina, L50, F|
|poke|p2|Delphox, L50, M|
|poke|p2|Sinistcha, L50|
|poke|p2|Metagross, L50|
|poke|p2|Whimsicott, L50, M|
|poke|p2|Basculegion, L50, M|
|poke|p2|Raichu, L50, F|
|teampreview|4
|showteam|p1|Froslass||Froslassite|CursedBody|Blizzard,ShadowBall,AuroraVeil,Protect|Modest||F|||50|]Blaziken||Blazikenite|SpeedBoost|CloseCombat,FlareBlitz,RockSlide,Protect|Adamant||F|||50|]Kingambit||OccaBerry|Defiant|KowtowCleave,Protect,IronHead,SuckerPunch|Adamant||M|||50|]Garchomp||LifeOrb|RoughSkin|RockSlide,Earthquake,StompingTantrum,Protect|Adamant||M|||50|]Whimsicott||FairyFeather|Prankster|Protect,Tailwind,Encore,Moonblast|Bold||M|||50|]Primarina||SitrusBerry|LiquidVoice|HyperVoice,Moonblast,CalmMind,Protect|Modest||F|||50|
|showteam|p2|Delphox||Delphoxite|Magician|HeatWave,Psychic,Protect,NastyPlot|Timid||M|||50|]Sinistcha||SitrusBerry|Hospitality|RagePowder,StrengthSap,MatchaGotcha,TrickRoom|Bold|||||50|]Metagross||ChoiceScarf|ClearBody|IcePunch,Earthquake,RockSlide,IronHead|Adamant|||||50|]Whimsicott||FocusSash|Prankster|LightScreen,Tailwind,Protect,Moonblast|Timid||M|||50|]Basculegion||LifeOrb|Adaptability|LastRespects,WaveCrash,AquaJet,Protect|Adamant||M|||50|]Raichu||RaichuniteY|LightningRod|ZapCannon,FocusBlast,FakeOut,Protect|Modest||F|||50|
|inactive|Battle timer is ON: inactive players will automatically lose when time's up. (requested by Nonnyvibrant)
|inactive|Nonnyvibrant has 60 seconds left.
|inactive|Nonnyvibrant has 30 seconds left.
|
|t:|1784891916
|teamsize|p1|4
|teamsize|p2|4
|start
|switch|p1a: Blaziken|Blaziken, L50, F, shiny|100/100
|switch|p1b: Whimsicott|Whimsicott, L50, M|100/100
|switch|p2a: Metagross|Metagross, L50|100/100
|switch|p2b: Whimsicott|Whimsicott, L50, M|100/100
|turn|1
|
|t:|1784891937
|detailschange|p1a: Blaziken|Blaziken-Mega, L50, F, shiny
|-mega|p1a: Blaziken|Blaziken|Blazikenite
|move|p1a: Blaziken|Protect|p1a: Blaziken
|-singleturn|p1a: Blaziken|Protect
|move|p2b: Whimsicott|Tailwind|p2b: Whimsicott
|-sidestart|p2: Umbreon DX|move: Tailwind
|move|p1b: Whimsicott|Encore|p2b: Whimsicott
|-start|p2b: Whimsicott|Encore
|move|p2a: Metagross|Earthquake|p1b: Whimsicott|[spread] p2b,p1b
|-activate|p1a: Blaziken|move: Protect
|-resisted|p2b: Whimsicott|1
|-resisted|p1b: Whimsicott|1
|-damage|p2b: Whimsicott|77/100
|-damage|p1b: Whimsicott|85/100
|
|-ability|p1a: Blaziken|Speed Boost|boost
|-boost|p1a: Blaziken|spe|1
|upkeep
|turn|2
|
|t:|1784891958
|move|p2b: Whimsicott|Tailwind||[still]
|-fail|p2b: Whimsicott
|move|p2a: Metagross|Earthquake|p1a: Blaziken|[spread] p2b,p1a,p1b
|-resisted|p2b: Whimsicott|1
|-supereffective|p1a: Blaziken|1
|-resisted|p1b: Whimsicott|1
|-damage|p2b: Whimsicott|57/100
|-damage|p1a: Blaziken|24/100
|-damage|p1b: Whimsicott|71/100
|move|p1a: Blaziken|Flare Blitz|p2a: Metagross
|-supereffective|p2a: Metagross|1
|-damage|p2a: Metagross|0 fnt
|faint|p2a: Metagross
|-damage|p1a: Blaziken|0 fnt|[from] Recoil
|faint|p1a: Blaziken
|move|p1b: Whimsicott|Moonblast|p2b: Whimsicott
|-crit|p2b: Whimsicott
|-damage|p2b: Whimsicott|0 fnt
|faint|p2b: Whimsicott
|
|upkeep
|
|t:|1784891978
|switch|p2b: Delphox|Delphox, L50, M|100/100
|switch|p1a: Garchomp|Garchomp, L50, M|100/100
|switch|p2a: Sinistcha|Sinistcha, L50|100/100
|turn|3
|
|t:|1784891993
|detailschange|p2b: Delphox|Delphox-Mega, L50, M
|-mega|p2b: Delphox|Delphox|Delphoxite
|move|p2a: Sinistcha|Rage Powder|p2a: Sinistcha
|-singleturn|p2a: Sinistcha|move: Rage Powder
|move|p1b: Whimsicott|Tailwind|p1b: Whimsicott
|-sidestart|p1: Nonnyvibrant|move: Tailwind
|move|p2b: Delphox|Nasty Plot|p2b: Delphox
|-boost|p2b: Delphox|spa|2
|move|p1a: Garchomp|Rock Slide|p2a: Sinistcha|[spread] p2a,p2b
|-supereffective|p2b: Delphox|1
|-crit|p2b: Delphox
|-damage|p2a: Sinistcha|77/100
|-damage|p2b: Delphox|0 fnt
|faint|p2b: Delphox
|-damage|p1a: Garchomp|90/100|[from] item: Life Orb
|
|upkeep
|turn|4
|
|t:|1784892011
|move|p1b: Whimsicott|Encore|p2a: Sinistcha
|-start|p2a: Sinistcha|Encore
|move|p2a: Sinistcha|Rage Powder|p2a: Sinistcha
|-singleturn|p2a: Sinistcha|move: Rage Powder
|move|p1a: Garchomp|Rock Slide|p2a: Sinistcha
|-damage|p2a: Sinistcha|49/100
|-enditem|p2a: Sinistcha|Sitrus Berry|[eat]
|-heal|p2a: Sinistcha|74/100|[from] item: Sitrus Berry
|-damage|p1a: Garchomp|80/100|[from] item: Life Orb
|
|-sideend|p2: Umbreon DX|move: Tailwind
|upkeep
|turn|5
|
|t:|1784892026
|move|p2a: Sinistcha|Rage Powder|p2a: Sinistcha
|-singleturn|p2a: Sinistcha|move: Rage Powder
|move|p1b: Whimsicott|Moonblast|p2a: Sinistcha
|-damage|p2a: Sinistcha|38/100
|move|p1a: Garchomp|Rock Slide|p2a: Sinistcha
|-damage|p2a: Sinistcha|12/100
|-damage|p1a: Garchomp|71/100|[from] item: Life Orb
|
|upkeep
|turn|6
|
|t:|1784892044
|move|p2a: Sinistcha|Rage Powder|p2a: Sinistcha
|-singleturn|p2a: Sinistcha|move: Rage Powder
|move|p1b: Whimsicott|Moonblast|p2a: Sinistcha
|-damage|p2a: Sinistcha|0 fnt
|faint|p2a: Sinistcha
|
|win|Nonnyvibrant
