|j|☆huntr/x rumi
|j|☆Beeetch
|html|huntr/x rumiBeeetch    
|uhtml|bestof|Game 2 of a best-of-3
|t:|1756731054
|gametype|doubles
|player|p1|huntr/x rumi|guitarist|1297
|player|p2|Beeetch|beauty-gen4dp|1246
|gen|9
|tier|[Gen 9] VGC 2025 Reg H (Bo3)
|rated|
|rule|Species Clause: Limit one of each Pokémon
|rule|Item Clause: Limit 1 of each item
|clearpoke
|poke|p1|Palafin, L50, F|
|poke|p1|Incineroar, L50, M|
|poke|p1|Sinistcha, L50|
|poke|p1|Archaludon, L50, M|
|poke|p1|Stonjourner, L50, M|
|poke|p1|Ninetales-Alola, L50, F|
|poke|p2|Toedscruel, L50, M|
|poke|p2|Weezing-Galar, L50, F|
|poke|p2|Corviknight, L50, M|
|poke|p2|Pawmot, L50, F|
|poke|p2|Garchomp, L50, F|
|poke|p2|Typhlosion-Hisui, L50, M|
|teampreview|4
|showteam|p1|Palafin||MysticWater|ZerotoHero|Protect,JetPunch,WaveCrash,Haze|||F|||50|,,,,,Water]Incineroar||SafetyGoggles|Intimidate|FakeOut,FlareBlitz,KnockOff,PartingShot|||M|||50|,,,,,Ghost]Sinistcha||AssaultVest|Hospitality|MatchaGotcha,ShadowBall,Scald,GigaDrain||||||50|,,,,,Water]Archaludon||PowerHerb|Sturdy|Protect,ElectroShot,DragonPulse,Thunderbolt|||M|||50|,,,,,Electric]Stonjourner||FocusSash|PowerSpot|Protect,WideGuard,RockSlide,LowKick|||M|||50|,,,,,Ghost]Ninetales-Alola||CovertCloak|SnowWarning|Protect,AuroraVeil,Blizzard,Moonblast|||F|||50|,,,,,Water
|showteam|p2|Toedscruel||CovertCloak|MyceliumMight|Spore,EarthPower,AcidSpray,RagePowder|||M|||50|,,,,,Water]Weezing-Galar||ChoiceSpecs|NeutralizingGas|DazzlingGleam,SludgeBomb,StrangeSteam,Flamethrower|||F|||50|,,,,,Fire]Corviknight||SitrusBerry|MirrorArmor|Protect,Tailwind,Roost,BraveBird|||M|||50|,,,,,Dragon]Pawmot||FocusSash|NaturalCure|Protect,CloseCombat,DoubleShock,FakeOut|||F|||50|,,,,,Electric]Garchomp||LifeOrb|RoughSkin|Protect,Earthquake,DragonClaw,StompingTantrum|||F|||50|,,,,,Ground]Typhlosion-Hisui||ChoiceScarf|Blaze|Eruption,SleepTalk,HeatWave,ShadowBall|||M|||50|,,,,,Fire
|
|t:|1756731073
|teamsize|p1|4
|teamsize|p2|4
|start
|switch|p1a: Palafin|Palafin, L50, F|100/100
|switch|p1b: I'm Fakin|Incineroar, L50, M|100/100
|switch|p2a: Pawmot|Pawmot, L50, F|100/100
|switch|p2b: Weezing|Weezing-Galar, L50, F|100/100
|-ability|p2b: Weezing|Neutralizing Gas
|turn|1
|
|t:|1756731088
|detailschange|p1a: Palafin|Palafin-Hero, L50, F
|switch|p1a: Sinistcha|Sinistcha, L50|100/100
|move|p2a: Pawmot|Protect|p2a: Pawmot
|-singleturn|p2a: Pawmot|Protect
|move|p1b: I'm Fakin|Fake Out|p2b: Weezing
|-damage|p2b: Weezing|88/100
|cant|p2b: Weezing|flinch
|
|upkeep
|turn|2
|
|t:|1756731122
|switch|p2a: Corviknight|Corviknight, L50, M|100/100
|-terastallize|p1b: I'm Fakin|Ghost
|move|p1a: Sinistcha|Matcha Gotcha|p2b: Weezing|[spread] p2a
|-miss|p1a: Sinistcha|p2b: Weezing
|-resisted|p2a: Corviknight
|-crit|p2a: Corviknight
|-damage|p2a: Corviknight|91/100
|move|p2b: Weezing|Dazzling Gleam|p1a: Sinistcha|[spread] p1a,p1b
|-damage|p1a: Sinistcha|75/100
|-damage|p1b: I'm Fakin|66/100
|move|p1b: I'm Fakin|Parting Shot|p2b: Weezing
|-unboost|p2b: Weezing|atk|1
|-unboost|p2b: Weezing|spa|1
|
|t:|1756731135
|switch|p1b: Archaludon|Archaludon, L50, M, shiny|100/100|[from] Parting Shot
|
|upkeep
|turn|3
|
|t:|1756731143
|move|p2a: Corviknight|Protect|p2a: Corviknight
|-singleturn|p2a: Corviknight|Protect
|move|p1b: Archaludon|Dragon Pulse|p2a: Corviknight
|-activate|p2a: Corviknight|move: Protect
|move|p1a: Sinistcha|Matcha Gotcha|p2b: Weezing|[spread] p2b
|-activate|p2a: Corviknight|move: Protect
|-resisted|p2b: Weezing
|-damage|p2b: Weezing|70/100
|-heal|p1a: Sinistcha|83/100|[from] drain|[of] p2b: Weezing
|move|p2b: Weezing|Dazzling Gleam|p1a: Sinistcha|[spread] p1a,p1b
|-damage|p1a: Sinistcha|67/100
|-damage|p1b: Archaludon|62/100
|
|upkeep
|turn|4
|
|t:|1756731159
|switch|p2a: Garchomp|Garchomp, L50, F|100/100
|switch|p1a: I'm Fakin|Incineroar, L50, M, tera:Ghost|66/100
|move|p1b: Archaludon|Electro Shot||[still]
|-prepare|p1b: Archaludon|Electro Shot
|-boost|p1b: Archaludon|spa|1
|-enditem|p1b: Archaludon|Power Herb
|-anim|p1b: Archaludon|Electro Shot|p2a: Garchomp
|-immune|p2a: Garchomp
|move|p2b: Weezing|Dazzling Gleam|p1b: Archaludon|[spread] p1a,p1b
|-damage|p1a: I'm Fakin|44/100
|-damage|p1b: Archaludon|27/100
|
|upkeep
|turn|5
|
|t:|1756731175
|switch|p2a: Corviknight|Corviknight, L50, M|91/100
|move|p1a: I'm Fakin|Fake Out|p2a: Corviknight
|-resisted|p2a: Corviknight
|-damage|p2a: Corviknight|86/100
|move|p1b: Archaludon|Thunderbolt|p2b: Weezing
|-damage|p2b: Weezing|11/100
|move|p2b: Weezing|Dazzling Gleam|p1b: Archaludon|[spread] p1a,p1b
|-damage|p1a: I'm Fakin|22/100
|-damage|p1b: Archaludon|0 fnt
|faint|p1b: Archaludon
|
|upkeep
|
|t:|1756731185
|switch|p1b: Palafin|Palafin-Hero, L50, F|100/100
|-activate|p1b: Palafin|ability: Zero to Hero
|turn|6
|
|t:|1756731221
|switch|p1a: Sinistcha|Sinistcha, L50|67/100
|move|p1b: Palafin|Jet Punch|p2b: Weezing
|-damage|p2b: Weezing|0 fnt
|faint|p2b: Weezing
|-end|p2b: Weezing|ability: Neutralizing Gas
|move|p2a: Corviknight|Brave Bird|p1a: Sinistcha
|-supereffective|p1a: Sinistcha
|-damage|p1a: Sinistcha|0 fnt
|faint|p1a: Sinistcha
|-damage|p2a: Corviknight|67/100|[from] Recoil
|
|upkeep
|
|t:|1756731228
|switch|p1a: I'm Fakin|Incineroar, L50, M, tera:Ghost|22/100
|switch|p2b: Garchomp|Garchomp, L50, F|100/100
|-ability|p1a: I'm Fakin|Intimidate|boost
|-ability|p2a: Corviknight|Mirror Armor
|-unboost|p1a: I'm Fakin|atk|1
|-unboost|p2b: Garchomp|atk|1
|turn|7
|-message|huntr/x rumi forfeited.
|
|win|Beeetch
|l|☆huntr/x rumi
|player|p1|
