|j|☆lillyrosethedemon
|j|☆gundnub
|html|lillyrosethedemongundnub    
|uhtml|bestof|Game 2 of a best-of-3
|t:|1783357459
|gametype|doubles
|player|p1|lillyrosethedemon|madame|
|player|p2|gundnub|pokemonranger-gen4|
|gen|9
|tier|[Gen 9 Champions] VGC 2026 Reg M-B (Bo3)
|rule|Species Clause: Limit one of each Pokémon
|rule|Item Clause: Limit 1 of each item
|clearpoke
|poke|p1|Rhyperior, L50, M|
|poke|p1|Ariados, L50, M|
|poke|p1|Houndoom, L50, M|
|poke|p1|Feraligatr, L50, F|
|poke|p1|Florges, L50, F|
|poke|p1|Banette, L50, M|
|poke|p2|Pidgeot, L50, M|
|poke|p2|Krookodile, L50, M|
|poke|p2|Floette-Eternal, L50, F|
|poke|p2|Toxicroak, L50, F|
|poke|p2|Chandelure, L50, M|
|poke|p2|Abomasnow, L50, M|
|teampreview|4
|showteam|p1|Rhyperior||PasshoBerry|SolidRock|RockSlide,HighHorsepower,Protect,HeatCrash|Brave||M|||50|]Ariados||SitrusBerry|Insomnia|RagePowder,KnockOff,ToxicThread,Protect|Careful||M|||50|]Houndoom||FocusSash|FlashFire|Snarl,DarkPulse,HeatWave,Protect|Timid||M|||50|]Feraligatr||LifeOrb|SheerForce|DragonDance,Liquidation,IcePunch,Protect|Adamant||F|||50|]Florges||ChoiceScarf|FlowerVeil|Moonblast,DazzlingGleam,Trick,Psychic|Timid||F|||50|]Banette||Banettite|Insomnia|WillOWisp,Encore,TrickRoom,Poltergeist|Brave||M|||50|
|showteam|p2|Pidgeot||Pidgeotite|BigPecks|Protect,Hurricane,HeatWave,Tailwind|Timid||M|||50|]Krookodile||PasshoBerry|Intimidate|Protect,HighHorsepower,LashOut,Earthquake|Adamant||M|||50|]Floette-Eternal||LifeOrb|FlowerVeil|Protect,Moonblast,DazzlingGleam,LightofRuin|Modest||F|||50|]Toxicroak||WhiteHerb|DrySkin|Protect,PoisonJab,CloseCombat,FakeOut|Jolly||F|||50|]Chandelure||Chandelurite|FlashFire|Protect,HeatWave,ShadowBall,TrickRoom|Modest||M|||50|]Abomasnow||FocusSash|SnowWarning|Protect,Blizzard,EnergyBall,EarthPower|Modest||M|||50|
|inactive|Battle timer is ON: inactive players will automatically lose when time's up. (requested by gundnub)
|
|t:|1783357483
|teamsize|p1|4
|teamsize|p2|4
|start
|switch|p1a: Banette|Banette, L50, M|100/100
|switch|p1b: Rhyperior|Rhyperior, L50, M|100/100
|switch|p2a: Floette|Floette-Eternal, L50, F|100/100
|switch|p2b: Pidgeot|Pidgeot, L50, M|100/100
|turn|1
|inactive|gundnub has 30 seconds left.
|inactive|gundnub has 20 seconds left.
|inactive|gundnub has 15 seconds left.
|inactive|gundnub has 10 seconds left.
|
|t:|1783357531
|switch|p2b: Krookodile|Krookodile, L50, M|100/100
|-ability|p2b: Krookodile|Intimidate|boost
|-unboost|p1a: Banette|atk|1
|-unboost|p1b: Rhyperior|atk|1
|detailschange|p1a: Banette|Banette-Mega, L50, M
|-mega|p1a: Banette|Banette|Banettite
|move|p2a: Floette|Moonblast|p1a: Banette
|-damage|p1a: Banette|30/100
|-damage|p2a: Floette|90/100|[from] item: Life Orb
|move|p1a: Banette|Poltergeist|p2a: Floette
|-activate|p2a: Floette|move: Poltergeist|Life Orb
|-damage|p2a: Floette|31/100
|move|p1b: Rhyperior|Rock Slide|p2a: Floette|[spread] p2a,p2b
|-resisted|p2b: Krookodile|1
|-damage|p2a: Floette|0 fnt
|-damage|p2b: Krookodile|87/100
|faint|p2a: Floette
|
|upkeep
|
|t:|1783357547
|switch|p2a: Pidgeot|Pidgeot, L50, M|100/100
|turn|2
|
|t:|1783357558
|detailschange|p2a: Pidgeot|Pidgeot-Mega, L50, M
|-mega|p2a: Pidgeot|Pidgeot|Pidgeotite
|move|p1b: Rhyperior|Protect|p1b: Rhyperior
|-singleturn|p1b: Rhyperior|Protect
|move|p2a: Pidgeot|Tailwind|p2a: Pidgeot
|-sidestart|p2: gundnub|move: Tailwind
|move|p2b: Krookodile|Earthquake|p1b: Rhyperior|[spread] p1a
|-activate|p1b: Rhyperior|move: Protect
|-immune|p2a: Pidgeot
|-damage|p1a: Banette|0 fnt
|faint|p1a: Banette
|
|upkeep
|
|t:|1783357569
|switch|p1a: Ariados|Ariados, L50, M|100/100
|turn|3
|
|t:|1783357583
|move|p1a: Ariados|Protect|p1a: Ariados
|-singleturn|p1a: Ariados|Protect
|move|p2a: Pidgeot|Hurricane|p1a: Ariados
|-activate|p1a: Ariados|move: Protect
|move|p2b: Krookodile|Earthquake|p1a: Ariados|[spread] p1b
|-activate|p1a: Ariados|move: Protect
|-immune|p2a: Pidgeot
|-supereffective|p1b: Rhyperior|1
|-damage|p1b: Rhyperior|64/100
|move|p1b: Rhyperior|Rock Slide|p2b: Krookodile|[spread] p2a,p2b
|-supereffective|p2a: Pidgeot|1
|-resisted|p2b: Krookodile|1
|-damage|p2a: Pidgeot|49/100
|-damage|p2b: Krookodile|74/100
|
|upkeep
|turn|4
|
|t:|1783357606
|move|p1a: Ariados|Rage Powder|p1a: Ariados
|-singleturn|p1a: Ariados|move: Rage Powder
|move|p2a: Pidgeot|Hurricane|p1a: Ariados
|-supereffective|p1a: Ariados|1
|-damage|p1a: Ariados|0 fnt
|faint|p1a: Ariados
|move|p2b: Krookodile|High Horsepower|p1b: Rhyperior|[miss]
|-miss|p2b: Krookodile|p1b: Rhyperior
|move|p1b: Rhyperior|Rock Slide|p2b: Krookodile|[spread] p2a,p2b
|-supereffective|p2a: Pidgeot|1
|-resisted|p2b: Krookodile|1
|-damage|p2a: Pidgeot|0 fnt
|-damage|p2b: Krookodile|61/100
|faint|p2a: Pidgeot
|
|upkeep
|
|t:|1783357618
|switch|p2a: Toxicroak|Toxicroak, L50, F|100/100
|switch|p1a: Florges|Florges, L50, F|100/100
|turn|5
|
|t:|1783357630
|move|p2a: Toxicroak|Poison Jab|p1a: Florges
|-supereffective|p1a: Florges|1
|-damage|p1a: Florges|0 fnt
|faint|p1a: Florges
|move|p2b: Krookodile|High Horsepower|p1b: Rhyperior
|-supereffective|p1b: Rhyperior|1
|-damage|p1b: Rhyperior|16/100
|move|p1b: Rhyperior|High Horsepower|p2a: Toxicroak
|-supereffective|p2a: Toxicroak|1
|-damage|p2a: Toxicroak|0 fnt
|faint|p2a: Toxicroak
|
|-sideend|p2: gundnub|move: Tailwind
|upkeep
|turn|6
|
|t:|1783357642
|move|p2b: Krookodile|Earthquake|p1b: Rhyperior
|-supereffective|p1b: Rhyperior|1
|-damage|p1b: Rhyperior|0 fnt
|faint|p1b: Rhyperior
|
|win|gundnub
