|j|☆2cmdemaximopoder
|j|☆Nogueda
|html|2cmdemaximopoderNogueda    
|uhtml|bestof|Game 3 of a best-of-3
|t:|1783584019
|gametype|doubles
|player|p1|2cmdemaximopoder|265|1073
|player|p2|Nogueda|102|1146
|gen|9
|tier|[Gen 9 Champions] VGC 2026 Reg M-B (Bo3)
|rated|
|rule|Species Clause: Limit one of each Pokémon
|rule|Item Clause: Limit 1 of each item
|clearpoke
|poke|p1|Blastoise, L50, M|
|poke|p1|Delphox, L50, F|
|poke|p1|Incineroar, L50, M|
|poke|p1|Sneasler, L50, F|
|poke|p1|Sinistcha, L50|
|poke|p1|Maushold-Four, L50|
|poke|p2|Rotom-Heat, L50|
|poke|p2|Sceptile, L50, M|
|poke|p2|Garchomp, L50, M|
|poke|p2|Gholdengo, L50|
|poke|p2|Basculegion, L50, M|
|poke|p2|Aerodactyl, L50, M|
|teampreview|4
|showteam|p1|Blastoise||Blastoisinite|RainDish|WaterSpout,DarkPulse,ShellSmash,Protect|Modest||M|||50|]Delphox||Delphoxite|Blaze|HeatWave,Psyshock,NastyPlot,Protect|Timid||F|||50|]Incineroar||SitrusBerry|Intimidate|FakeOut,FlareBlitz,ThroatChop,PartingShot|Impish||M|||50|]Sneasler||FocusSash|PoisonTouch|FakeOut,CloseCombat,DireClaw,QuickGuard|Jolly||F|||50|]Sinistcha||KasibBerry|Hospitality|MatchaGotcha,LifeDew,RagePowder,Protect|Bold|||||50|]Maushold-Four||ChopleBerry|FriendGuard|SuperFang,Feint,FollowMe,Protect|Impish|||||50|
|showteam|p2|Rotom-Heat||ChoiceScarf|Levitate|Discharge,Overheat,VoltSwitch,HyperVoice|Timid|||||50|]Sceptile||Sceptilite|Overgrow|EnergyBall,DragonPulse,EarthPower,Detect|Timid||M|||50|]Garchomp||LifeOrb|RoughSkin|PoisonJab,RockSlide,Protect,Earthquake|Jolly||M|||50|]Gholdengo||MetalCoat|GoodasGold|MakeItRain,ShadowBall,Protect,NastyPlot|Timid|||||50|]Basculegion||MysticWater|Adaptability|LastRespects,AquaJet,WaveCrash,Protect|Adamant||M|||50|]Aerodactyl||Aerodactylite|RockHead|RockSlide,WideGuard,DualWingbeat,Tailwind|Jolly||M|||50|
|j| Weather3878
|
|t:|1783584037
|teamsize|p1|4
|teamsize|p2|4
|start
|switch|p1a: Blastoise|Blastoise, L50, M|100/100
|switch|p1b: Maushold|Maushold-Four, L50|100/100
|switch|p2a: Garchomp|Garchomp, L50, M|100/100
|switch|p2b: Rotom|Rotom-Heat, L50|100/100
|turn|1
|
|t:|1783584051
|switch|p1b: Incineroar|Incineroar, L50, M|100/100
|-ability|p1b: Incineroar|Intimidate|boost
|-unboost|p2a: Garchomp|atk|1
|-unboost|p2b: Rotom|atk|1
|move|p1a: Blastoise|Protect|p1a: Blastoise
|-singleturn|p1a: Blastoise|Protect
|move|p2b: Rotom|Discharge|p1a: Blastoise|[spread] p1b
|-activate|p1a: Blastoise|move: Protect
|-immune|p2a: Garchomp
|-damage|p1b: Incineroar|73/100
|-status|p1b: Incineroar|par
|move|p2a: Garchomp|Earthquake|p1b: Incineroar|[spread] p1b
|-activate|p1a: Blastoise|move: Protect
|-immune|p2b: Rotom|[from] ability: Levitate
|-supereffective|p1b: Incineroar|1
|-damage|p1b: Incineroar|22/100 par
|-enditem|p1b: Incineroar|Sitrus Berry|[eat]
|-heal|p1b: Incineroar|47/100 par|[from] item: Sitrus Berry
|-damage|p2a: Garchomp|90/100|[from] item: Life Orb
|
|upkeep
|turn|2
|inactive|Battle timer is ON: inactive players will automatically lose when time's up. (requested by 2cmdemaximopoder)
|
|t:|1783584081
|switch|p2b: Basculegion|Basculegion, L50, M|100/100
|detailschange|p1a: Blastoise|Blastoise-Mega, L50, M
|-mega|p1a: Blastoise|Blastoise|Blastoisinite
|move|p1b: Incineroar|Fake Out|p2b: Basculegion
|-immune|p2b: Basculegion
|move|p2a: Garchomp|Earthquake|p1a: Blastoise|[spread] p2b,p1a,p1b
|-supereffective|p1b: Incineroar|1
|-damage|p2b: Basculegion|53/100
|-damage|p1a: Blastoise|64/100
|-damage|p1b: Incineroar|0 fnt
|faint|p1b: Incineroar
|-damage|p2a: Garchomp|80/100|[from] item: Life Orb
|move|p1a: Blastoise|Shell Smash|p1a: Blastoise
|-unboost|p1a: Blastoise|def|1
|-unboost|p1a: Blastoise|spd|1
|-boost|p1a: Blastoise|atk|2
|-boost|p1a: Blastoise|spa|2
|-boost|p1a: Blastoise|spe|2
|
|upkeep
|
|t:|1783584089
|switch|p1b: Sinistcha|Sinistcha, L50|100/100
|-heal|p1a: Blastoise|89/100|[from] ability: Hospitality|[of] p1b: Sinistcha
|turn|3
|
|t:|1783584109
|move|p1b: Sinistcha|Rage Powder|p1b: Sinistcha
|-singleturn|p1b: Sinistcha|move: Rage Powder
|move|p1a: Blastoise|Water Spout|p2b: Basculegion|[spread] p2a,p2b
|-resisted|p2b: Basculegion|1
|-damage|p2a: Garchomp|0 fnt
|-damage|p2b: Basculegion|0 fnt
|faint|p2a: Garchomp
|faint|p2b: Basculegion
|
|upkeep
|
|t:|1783584118
|switch|p2a: Rotom|Rotom-Heat, L50|100/100
|switch|p2b: Aerodactyl|Aerodactyl, L50, M|100/100
|turn|4
|
|t:|1783584137
|detailschange|p2b: Aerodactyl|Aerodactyl-Mega, L50, M
|-mega|p2b: Aerodactyl|Aerodactyl|Aerodactylite
|move|p2b: Aerodactyl|Wide Guard|p2b: Aerodactyl
|-singleturn|p2b: Aerodactyl|Wide Guard
|move|p1b: Sinistcha|Rage Powder|p1b: Sinistcha
|-singleturn|p1b: Sinistcha|move: Rage Powder
|move|p1a: Blastoise|Dark Pulse|p2a: Rotom
|-damage|p2a: Rotom|0 fnt
|faint|p2a: Rotom
|
|upkeep
|turn|5
|
|t:|1783584149
|move|p1b: Sinistcha|Rage Powder|p1b: Sinistcha
|-singleturn|p1b: Sinistcha|move: Rage Powder
|move|p1a: Blastoise|Water Spout|p2b: Aerodactyl
|-supereffective|p2b: Aerodactyl|1
|-damage|p2b: Aerodactyl|0 fnt
|faint|p2b: Aerodactyl
|
|win|2cmdemaximopoder
|raw|2cmdemaximopoder's rating: 1073 → 1108(+35 for winning)
|raw|Nogueda's rating: 1146 → 1116(-30 for losing)
