|j|☆TheLeoj
|j|☆Dragonrida
|html|TheLeojDragonrida    
|uhtml|bestof|Game 2 of a best-of-3
|t:|1786031321
|gametype|doubles
|player|p1|TheLeoj|benga|1065
|player|p2|Dragonrida|265|1012
|gen|9
|tier|[Gen 9 Champions] VGC 2026 Reg M-B (Bo3)
|rated|
|rule|Species Clause: Limit one of each Pokémon
|rule|Item Clause: Limit 1 of each item
|clearpoke
|poke|p1|Politoed, L50, M, shiny|
|poke|p1|Swampert, L50, M, shiny|
|poke|p1|Incineroar, L50, F, shiny|
|poke|p1|Gengar, L50, F, shiny|
|poke|p1|Vivillon-Monsoon, L50, M, shiny|
|poke|p1|Kommo-o, L50, M, shiny|
|poke|p2|Tauros-Paldea-Combat, L50, M|
|poke|p2|Swampert, L50, F|
|poke|p2|Pelipper, L50, M|
|poke|p2|Archaludon, L50, M|
|poke|p2|Gallade, L50, M|
|poke|p2|Basculegion, L50, M|
|teampreview|4
|showteam|p1|Politoed||SitrusBerry|Drizzle|WeatherBall,HelpingHand,Protect,PerishSong|Sassy||M|||50|]Swampert||Swampertite|Damp|WaveCrash,Protect,HighHorsepower,IcePunch|Adamant||M|||50|]Incineroar||PasshoBerry|Intimidate|ThroatChop,FakeOut,PartingShot,Protect|Impish||F|||50|]Gengar||Gengarite|CursedBody|ShadowBall,Protect,SludgeBomb,PerishSong|Bold||F|||50|]Vivillon-Monsoon||FocusSash|CompoundEyes|Hurricane,RagePowder,Protect,SleepPowder|Timid||M|||50|]Kommo-o||Leftovers|Soundproof|ClangingScales,AuraSphere,ClangorousSoul,Protect|Modest||M|||50|
|showteam|p2|Tauros-Paldea-Combat||SilkScarf|Intimidate|RagingBull,CloseCombat,Substitute,RockSlide|Jolly||M|||50|]Swampert||Swampertite|Torrent|Protect,IcePunch,WaveCrash,Earthquake|Adamant||F|||50|]Pelipper||DampRock|Drizzle|WideGuard,WeatherBall,IceBeam,Tailwind|Modest||M|||50|]Archaludon||Leftovers|Stamina|Protect,ElectroShot,DracoMeteor,FlashCannon|Modest||M|||50|]Gallade||Galladite|Steadfast|DrainPunch,PsychoCut,LeafBlade,SwordsDance|Jolly||M|||50|]Basculegion||ChoiceScarf|Adaptability|LastRespects,Liquidation,PhantomForce,PsychicFangs|Adamant||M|||50|
|inactive|Battle timer is ON: inactive players will automatically lose when time's up. (requested by TheLeoj)
|inactive|Dragonrida has 60 seconds left.
|
|t:|1786031363
|teamsize|p1|4
|teamsize|p2|4
|start
|switch|p1a: Gengar|Gengar, L50, F, shiny|100/100
|switch|p1b: Incineroar|Incineroar, L50, F, shiny|100/100
|switch|p2a: Swampert|Swampert, L50, F|100/100
|switch|p2b: Pelipper|Pelipper, L50, M|100/100
|-weather|RainDance|[from] ability: Drizzle|[of] p2b: Pelipper
|-ability|p1b: Incineroar|Intimidate|boost
|-unboost|p2a: Swampert|atk|1
|-unboost|p2b: Pelipper|atk|1
|turn|1
|
|t:|1786031384
|detailschange|p1a: Gengar|Gengar-Mega, L50, F, shiny
|-mega|p1a: Gengar|Gengar|Gengarite
|detailschange|p2a: Swampert|Swampert-Mega, L50, F
|-mega|p2a: Swampert|Swampert|Swampertite
|move|p1b: Incineroar|Fake Out|p2a: Swampert
|-damage|p2a: Swampert|89/100
|cant|p2a: Swampert|flinch
|move|p1a: Gengar|Perish Song|p1a: Gengar
|-start|p1a: Gengar|perish3|[silent]
|-start|p1b: Incineroar|perish3|[silent]
|-start|p2a: Swampert|perish3|[silent]
|-start|p2b: Pelipper|perish3|[silent]
|-fieldactivate|move: Perish Song
|move|p2b: Pelipper|Weather Ball|p1b: Incineroar
|-supereffective|p1b: Incineroar|1
|-enditem|p1b: Incineroar|Passho Berry|[eat]
|-enditem|p1b: Incineroar|Passho Berry|[weaken]
|-damage|p1b: Incineroar|37/100
|
|-weather|RainDance|[upkeep]
|-start|p2a: Swampert|perish3
|-start|p1a: Gengar|perish3
|-start|p2b: Pelipper|perish3
|-start|p1b: Incineroar|perish3
|upkeep
|turn|2
|
|t:|1786031409
|move|p1a: Gengar|Protect|p1a: Gengar
|-singleturn|p1a: Gengar|Protect
|move|p1b: Incineroar|Protect|p1b: Incineroar
|-singleturn|p1b: Incineroar|Protect
|move|p2a: Swampert|Earthquake|p1b: Incineroar|[spread] 
|-activate|p1a: Gengar|move: Protect
|-activate|p1b: Incineroar|move: Protect
|-immune|p2b: Pelipper
|move|p2b: Pelipper|Tailwind|p2b: Pelipper
|-sidestart|p2: Dragonrida|move: Tailwind
|
|-weather|RainDance|[upkeep]
|-start|p2a: Swampert|perish2
|-start|p2b: Pelipper|perish2
|-start|p1a: Gengar|perish2
|-start|p1b: Incineroar|perish2
|upkeep
|turn|3
|inactive|TheLeoj has 30 seconds left.
|inactive|Dragonrida has 30 seconds left.
|
|t:|1786031440
|switch|p1a: Kommo-o|Kommo-o, L50, M, shiny|100/100
|move|p2a: Swampert|Wave Crash|p1a: Kommo-o
|-resisted|p1a: Kommo-o|1
|-damage|p1a: Kommo-o|60/100
|-damage|p2a: Swampert|78/100|[from] Recoil
|move|p2b: Pelipper|Weather Ball|p1b: Incineroar
|-supereffective|p1b: Incineroar|1
|-damage|p1b: Incineroar|0 fnt
|faint|p1b: Incineroar
|
|-weather|RainDance|[upkeep]
|-heal|p1a: Kommo-o|66/100|[from] item: Leftovers
|-start|p2a: Swampert|perish1
|-start|p2b: Pelipper|perish1
|upkeep
|
|t:|1786031451
|switch|p1b: Gengar|Gengar-Mega, L50, F, shiny|100/100
|turn|4
|
|t:|1786031469
|move|p1b: Gengar|Protect|p1b: Gengar
|-singleturn|p1b: Gengar|Protect
|move|p1a: Kommo-o|Protect|p1a: Kommo-o
|-singleturn|p1a: Kommo-o|Protect
|move|p2a: Swampert|Earthquake|p1a: Kommo-o|[spread] 
|-activate|p1a: Kommo-o|move: Protect
|-activate|p1b: Gengar|move: Protect
|-immune|p2b: Pelipper
|move|p2b: Pelipper|Weather Ball|p1b: Gengar
|-activate|p1b: Gengar|move: Protect
|
|-weather|RainDance|[upkeep]
|-heal|p1a: Kommo-o|72/100|[from] item: Leftovers
|-start|p2a: Swampert|perish0
|-start|p2b: Pelipper|perish0
|faint|p2a: Swampert
|faint|p2b: Pelipper
|upkeep
|
|t:|1786031487
|switch|p2a: Basculegion|Basculegion, L50, M|100/100
|switch|p2b: Gallade|Gallade, L50, M|100/100
|turn|5
|inactive|TheLeoj has 30 seconds left.
|inactive|TheLeoj has 20 seconds left.
|inactive|TheLeoj has 15 seconds left.
|l|☆TheLeoj
|inactive|TheLeoj disconnected and has a minute to reconnect!
|player|p1|
|inactive|TheLeoj has 10 seconds left.
|inactive|TheLeoj has 5 seconds left.
|-message|TheLeoj lost due to inactivity.
|
|win|Dragonrida
|raw|TheLeoj's rating: 1065 → 1042(-23 for losing)
|raw|Dragonrida's rating: 1012 → 1056(+44 for winning)
|j|☆TheLeoj
|player|p1|TheLeoj|benga|
