|j|☆A Regu1ar Guy
|j|☆alecfromkanto
|html|A Regu1ar Guyalecfromkanto    
|uhtml|bestof|Game 2 of a best-of-3
|t:|1755619372
|gametype|doubles
|player|p1|A Regu1ar Guy|elesa|1314
|player|p2|alecfromkanto|101|1227
|gen|9
|tier|[Gen 9] VGC 2025 Reg H (Bo3)
|rated|
|rule|Species Clause: Limit one of each Pokémon
|rule|Item Clause: Limit 1 of each item
|clearpoke
|poke|p1|Volcarona, L50, M|
|poke|p1|Rillaboom, L50, F|
|poke|p1|Electabuzz, L50, M|
|poke|p1|Incineroar, L50, M|
|poke|p1|Basculegion, L50, M|
|poke|p1|Ninetales-Alola, L50, F|
|poke|p2|Volcarona, L50, M|
|poke|p2|Electabuzz, L50, F|
|poke|p2|Incineroar, L50, F|
|poke|p2|Whimsicott, L50, F|
|poke|p2|Tyranitar, L50, M|
|poke|p2|Garchomp, L50, M|
|teampreview|4
|showteam|p1|Volcarona||GrassySeed|FlameBody|HeatWave,GigaDrain,QuiverDance,Protect|||M|||50|,,,,,Grass]Rillaboom||AssaultVest|GrassySurge|FakeOut,WoodHammer,GrassyGlide,HighHorsepower|||F|||50|,,,,,Fire]Electabuzz||Eviolite|VitalSpirit|Thunderbolt,FollowMe,Taunt,Protect|||M|||50|,,,,,Ghost]Incineroar||SafetyGoggles|Intimidate|FakeOut,KnockOff,FlareBlitz,PartingShot|||M|||50|,,,,,Ghost]Basculegion||ChoiceScarf|Adaptability|WaveCrash,AquaJet,LastRespects,FlipTurn|||M|||50|,,,,,Water]Ninetales-Alola||FocusSash|SnowWarning|Blizzard,FreezeDry,AuroraVeil,IcyWind|||F|||50|,,,,,Ghost
|showteam|p2|Volcarona||Leftovers|FlameBody|Flamethrower,GigaDrain,QuiverDance,Protect|||M|||50|,,,,,Grass]Electabuzz||Eviolite|VitalSpirit|Electroweb,FollowMe,Taunt,Protect|||F|||50|,,,,,Ghost]Incineroar||SafetyGoggles|Intimidate|FakeOut,KnockOff,FlareBlitz,PartingShot|||F|||50|,,,,,Ghost]Whimsicott||CovertCloak|Prankster|Moonblast,Tailwind,Encore,LightScreen|||F|||50|,,,,,Steel]Tyranitar||AssaultVest|SandStream|KnockOff,RockSlide,TeraBlast,BrickBreak|||M|||50|,,,,,Flying]Garchomp||LifeOrb|RoughSkin|DragonClaw,Earthquake,StompingTantrum,Protect|||M|||50|,,,,,Ground
|inactive|Battle timer is ON: inactive players will automatically lose when time's up. (requested by alecfromkanto)
|
|t:|1755619390
|teamsize|p1|4
|teamsize|p2|4
|start
|switch|p1a: Volcarona|Volcarona, L50, M, shiny|100/100
|switch|p1b: Incineroar|Incineroar, L50, M|100/100
|switch|p2a: Incineroar|Incineroar, L50, F, shiny|100/100
|switch|p2b: Volcarona|Volcarona, L50, M, shiny|100/100
|-ability|p1b: Incineroar|Intimidate|boost
|-unboost|p2a: Incineroar|atk|1
|-unboost|p2b: Volcarona|atk|1
|-ability|p2a: Incineroar|Intimidate|boost
|-unboost|p1a: Volcarona|atk|1
|-unboost|p1b: Incineroar|atk|1
|turn|1
|
|t:|1755619395
|move|p1b: Incineroar|Fake Out|p2b: Volcarona
|-damage|p2b: Volcarona|92/100
|move|p2a: Incineroar|Fake Out|p1a: Volcarona
|-damage|p1a: Volcarona|91/100
|cant|p2b: Volcarona|flinch
|cant|p1a: Volcarona|flinch
|
|-heal|p2b: Volcarona|98/100|[from] item: Leftovers
|upkeep
|turn|2
|
|t:|1755619409
|move|p1a: Volcarona|Quiver Dance|p1a: Volcarona
|-boost|p1a: Volcarona|spa|1
|-boost|p1a: Volcarona|spd|1
|-boost|p1a: Volcarona|spe|1
|move|p2b: Volcarona|Quiver Dance|p2b: Volcarona
|-boost|p2b: Volcarona|spa|1
|-boost|p2b: Volcarona|spd|1
|-boost|p2b: Volcarona|spe|1
|move|p1b: Incineroar|Knock Off|p2b: Volcarona
|-damage|p2b: Volcarona|72/100
|-enditem|p2b: Volcarona|Leftovers|[from] move: Knock Off|[of] p1b: Incineroar
|move|p2a: Incineroar|Knock Off|p1a: Volcarona
|-damage|p1a: Volcarona|53/100
|-enditem|p1a: Volcarona|Grassy Seed|[from] move: Knock Off|[of] p2a: Incineroar
|
|upkeep
|turn|3
|
|t:|1755619434
|move|p2b: Volcarona|Protect|p2b: Volcarona
|-singleturn|p2b: Volcarona|Protect
|move|p1a: Volcarona|Heat Wave|p2b: Volcarona|[spread] p2a
|-activate|p2b: Volcarona|move: Protect
|-resisted|p2a: Incineroar
|-damage|p2a: Incineroar|79/100
|move|p1b: Incineroar|Flare Blitz|p2b: Volcarona
|-activate|p2b: Volcarona|move: Protect
|move|p2a: Incineroar|Parting Shot|p1b: Incineroar
|-unboost|p1b: Incineroar|atk|1
|-unboost|p1b: Incineroar|spa|1
|
|t:|1755619441
|switch|p2a: Whimsicott|Whimsicott, L50, F, shiny|100/100|[from] Parting Shot
|
|upkeep
|turn|4
|
|t:|1755619460
|move|p2a: Whimsicott|Light Screen|p2a: Whimsicott
|-sidestart|p2: alecfromkanto|move: Light Screen
|move|p1a: Volcarona|Heat Wave|p2a: Whimsicott|[spread] p2a,p2b
|-supereffective|p2a: Whimsicott
|-crit|p2b: Volcarona
|-damage|p2a: Whimsicott|0 fnt
|-damage|p2b: Volcarona|3/100
|faint|p2a: Whimsicott
|move|p2b: Volcarona|Quiver Dance|p2b: Volcarona
|-boost|p2b: Volcarona|spa|1
|-boost|p2b: Volcarona|spd|1
|-boost|p2b: Volcarona|spe|1
|move|p1b: Incineroar|Parting Shot|p2b: Volcarona
|-unboost|p2b: Volcarona|atk|1
|-unboost|p2b: Volcarona|spa|1
|
|t:|1755619465
|switch|p1b: Rillaboom|Rillaboom, L50, F|100/100|[from] Parting Shot
|-fieldstart|move: Grassy Terrain|[from] ability: Grassy Surge|[of] p1b: Rillaboom
|
|-heal|p2b: Volcarona|9/100|[from] Grassy Terrain
|-heal|p1a: Volcarona|59/100|[from] Grassy Terrain
|upkeep
|
|t:|1755619467
|switch|p2a: Incineroar|Incineroar, L50, F, shiny|79/100
|-ability|p2a: Incineroar|Intimidate|boost
|-unboost|p1a: Volcarona|atk|1
|-unboost|p1b: Rillaboom|atk|1
|turn|5
|
|t:|1755619476
|-terastallize|p1b: Rillaboom|Fire
|move|p2b: Volcarona|Protect|p2b: Volcarona
|-singleturn|p2b: Volcarona|Protect
|move|p2a: Incineroar|Fake Out|p1a: Volcarona
|-damage|p1a: Volcarona|45/100
|move|p1b: Rillaboom|Grassy Glide|p2b: Volcarona
|-activate|p2b: Volcarona|move: Protect
|cant|p1a: Volcarona|flinch
|
|-heal|p2b: Volcarona|16/100|[from] Grassy Terrain
|-heal|p1a: Volcarona|52/100|[from] Grassy Terrain
|-heal|p2a: Incineroar|85/100|[from] Grassy Terrain
|upkeep
|turn|6
|inactive|alecfromkanto has 30 seconds left.
|inactive|alecfromkanto has 20 seconds left.
|
|t:|1755619516
|move|p2b: Volcarona|Giga Drain|p1b: Rillaboom
|-resisted|p1b: Rillaboom
|-damage|p1b: Rillaboom|83/100
|-heal|p2b: Volcarona|25/100|[from] drain|[of] p1b: Rillaboom
|move|p1a: Volcarona|Heat Wave|p2a: Incineroar|[spread] p2a,p2b
|-resisted|p2a: Incineroar
|-damage|p2a: Incineroar|69/100
|-damage|p2b: Volcarona|8/100
|move|p1b: Rillaboom|High Horsepower|p2a: Incineroar
|-supereffective|p2a: Incineroar
|-damage|p2a: Incineroar|29/100
|move|p2a: Incineroar|Knock Off|p1b: Rillaboom
|-damage|p1b: Rillaboom|43/100
|-enditem|p1b: Rillaboom|Assault Vest|[from] move: Knock Off|[of] p2a: Incineroar
|
|-heal|p2b: Volcarona|15/100|[from] Grassy Terrain
|-heal|p1a: Volcarona|58/100|[from] Grassy Terrain
|-heal|p1b: Rillaboom|49/100|[from] Grassy Terrain
|-heal|p2a: Incineroar|35/100|[from] Grassy Terrain
|upkeep
|turn|7
|
|t:|1755619530
|move|p1b: Rillaboom|Grassy Glide|p2b: Volcarona
|-resisted|p2b: Volcarona
|-damage|p2b: Volcarona|7/100
|move|p2b: Volcarona|Flamethrower|p1a: Volcarona
|-damage|p1a: Volcarona|16/100
|move|p1a: Volcarona|Heat Wave|p2b: Volcarona|[spread] p2a,p2b
|-resisted|p2a: Incineroar
|-damage|p2a: Incineroar|19/100
|-damage|p2b: Volcarona|0 fnt
|faint|p2b: Volcarona
|move|p2a: Incineroar|Flare Blitz|p1a: Volcarona
|-damage|p1a: Volcarona|0 fnt
|faint|p1a: Volcarona
|-damage|p2a: Incineroar|14/100|[from] Recoil
|
|-heal|p1b: Rillaboom|55/100|[from] Grassy Terrain
|-heal|p2a: Incineroar|20/100|[from] Grassy Terrain
|upkeep
|
|t:|1755619538
|switch|p2b: Tyranitar|Tyranitar, L50, M, shiny|100/100
|switch|p1a: Incineroar|Incineroar, L50, M|100/100
|-ability|p1a: Incineroar|Intimidate|boost
|-unboost|p2a: Incineroar|atk|1
|-unboost|p2b: Tyranitar|atk|1
|-weather|Sandstorm|[from] ability: Sand Stream|[of] p2b: Tyranitar
|turn|8
|inactive|alecfromkanto has 30 seconds left.
|inactive|alecfromkanto has 20 seconds left.
|inactive|alecfromkanto has 15 seconds left.
|inactive|alecfromkanto has 10 seconds left.
|
|t:|1755619585
|-terastallize|p2b: Tyranitar|Flying
|move|p1a: Incineroar|Fake Out|p2b: Tyranitar
|-damage|p2b: Tyranitar|91/100
|move|p1b: Rillaboom|High Horsepower|p2a: Incineroar
|-supereffective|p2a: Incineroar
|-damage|p2a: Incineroar|0 fnt
|faint|p2a: Incineroar
|cant|p2b: Tyranitar|flinch
|
|-weather|Sandstorm|[upkeep]
|-damage|p1b: Rillaboom|49/100|[from] Sandstorm
|-damage|p2b: Tyranitar|85/100|[from] Sandstorm
|-heal|p1b: Rillaboom|55/100|[from] Grassy Terrain
|-sideend|p2: alecfromkanto|move: Light Screen
|-fieldend|move: Grassy Terrain
|upkeep
|turn|9
|
|t:|1755619595
|move|p1b: Rillaboom|Wood Hammer|p2b: Tyranitar
|-resisted|p2b: Tyranitar
|-damage|p2b: Tyranitar|68/100
|-damage|p1b: Rillaboom|49/100|[from] Recoil
|move|p1a: Incineroar|Knock Off|p2b: Tyranitar
|-damage|p2b: Tyranitar|38/100
|-enditem|p2b: Tyranitar|Assault Vest|[from] move: Knock Off|[of] p1a: Incineroar
|move|p2b: Tyranitar|Rock Slide|p1b: Rillaboom|[spread] p1a,p1b
|-supereffective|p1a: Incineroar
|-supereffective|p1b: Rillaboom
|-damage|p1a: Incineroar|63/100
|-damage|p1b: Rillaboom|12/100
|
|-weather|Sandstorm|[upkeep]
|-damage|p1b: Rillaboom|6/100|[from] Sandstorm
|-damage|p2b: Tyranitar|33/100|[from] Sandstorm
|upkeep
|turn|10
|
|t:|1755619605
|move|p1b: Rillaboom|Wood Hammer|p2b: Tyranitar
|-resisted|p2b: Tyranitar
|-damage|p2b: Tyranitar|17/100
|-damage|p1b: Rillaboom|1/100|[from] Recoil
|move|p1a: Incineroar|Flare Blitz|p2b: Tyranitar
|-damage|p2b: Tyranitar|0 fnt
|faint|p2b: Tyranitar
|-damage|p1a: Incineroar|57/100|[from] Recoil
|
|win|A Regu1ar Guy
|raw|A Regu1ar Guy's rating: 1314 → 1329(+15 for winning)
|raw|alecfromkanto's rating: 1227 → 1208(-19 for losing)
