|j|‽FarmFreshVGC
|j|☆quecle
|html|FarmFreshVGCquecle    
|uhtml|bestof|Game 2 of a best-of-3
|t:|1755975076
|gametype|doubles
|player|p1|FarmFreshVGC|steven|1202
|player|p2|quecle|gambler|1234
|gen|9
|tier|[Gen 9] VGC 2025 Reg H (Bo3)
|rated|
|rule|Species Clause: Limit one of each Pokémon
|rule|Item Clause: Limit 1 of each item
|clearpoke
|poke|p1|Dragonite, L50, F|
|poke|p1|Ursaluna-Bloodmoon, L50, M|
|poke|p1|Gholdengo, L50|
|poke|p1|Electabuzz, L50, F|
|poke|p1|Sneasler, L50, M|
|poke|p1|Indeedee, L50, M|
|poke|p2|Archaludon, L50, M|
|poke|p2|Kingdra, L50, F|
|poke|p2|Politoed, L50, F|
|poke|p2|Incineroar, L50, F|
|poke|p2|Gothitelle, L50, M|
|poke|p2|Amoonguss, L50, F|
|teampreview|4
|showteam|p1|Dragonite||LoadedDice|Multiscale|ScaleShot,Tailwind,Haze,Protect|||F|||50|,,,,,Fairy]Ursaluna-Bloodmoon||LifeOrb|MindsEye|HyperVoice,EarthPower,BloodMoon,Protect|||M|||50|,,,,,Normal]Gholdengo||Leftovers|GoodasGold|MakeItRain,ShadowBall,NastyPlot,Protect||||||50|,,,,,Dragon]Electabuzz||Eviolite|VitalSpirit|Electroweb,FollowMe,Taunt,Protect|||F|||50|,,,,,Ghost]Sneasler||PsychicSeed|Unburden|DireClaw,CloseCombat,ThroatChop,Protect|||M|||50|,,,,,Dark]Indeedee||FocusSash|PsychicSurge|ExpandingForce,Imprison,TrickRoom,Protect|||M|||50|,,,,,Psychic
|showteam|p2|Archaludon||PowerHerb|Sturdy|Protect,ElectroShot,FlashCannon,DragonPulse|||M|||50|,,,,,Electric]Kingdra||LifeOrb|SwiftSwim|Protect,DracoMeteor,WeatherBall,MuddyWater|||F|||50|,,,,,Stellar]Politoed||Leftovers|Drizzle|Protect,WeatherBall,PerishSong,Encore|||F|||50|,,,,,Grass]Incineroar||SafetyGoggles|Intimidate|FakeOut,KnockOff,PartingShot,Protect|||F|||50|,,,,,Ghost]Gothitelle||SitrusBerry|ShadowTag|Protect,Psychic,FakeOut,TrickRoom|||M|||50|,,,,,Dark]Amoonguss||EjectButton|Regenerator|Protect,RagePowder,Spore,PollenPuff|||F|||50|,,,,,Fairy
|
|t:|1755975105
|teamsize|p1|4
|teamsize|p2|4
|start
|switch|p1a: Ursaluna|Ursaluna-Bloodmoon, L50, M|100/100
|switch|p1b: Electabuzz|Electabuzz, L50, F|100/100
|switch|p2a: Kingdra|Kingdra, L50, F|100/100
|switch|p2b: Politoed|Politoed, L50, F|100/100
|-weather|RainDance|[from] ability: Drizzle|[of] p2b: Politoed
|turn|1
|inactive|Battle timer is ON: inactive players will automatically lose when time's up. (requested by FarmFreshVGC)
|
|t:|1755975165
|move|p1a: Ursaluna|Protect|p1a: Ursaluna
|-singleturn|p1a: Ursaluna|Protect
|move|p2a: Kingdra|Weather Ball|p1a: Ursaluna
|-activate|p1a: Ursaluna|move: Protect
|move|p1b: Electabuzz|Electroweb|p2a: Kingdra|[spread] p2a,p2b
|-supereffective|p2b: Politoed
|-damage|p2a: Kingdra|85/100
|-damage|p2b: Politoed|76/100
|-unboost|p2a: Kingdra|spe|1
|-unboost|p2b: Politoed|spe|1
|move|p2b: Politoed|Weather Ball|p1a: Ursaluna
|-activate|p1a: Ursaluna|move: Protect
|
|-weather|RainDance|[upkeep]
|-heal|p2b: Politoed|82/100|[from] item: Leftovers
|upkeep
|turn|2
|inactive|quecle has 30 seconds left.
|
|t:|1755975199
|switch|p2a: Gothitelle|Gothitelle, L50, M|100/100
|-terastallize|p1a: Ursaluna|Normal
|move|p1b: Electabuzz|Follow Me|p1b: Electabuzz
|-singleturn|p1b: Electabuzz|move: Follow Me
|move|p1a: Ursaluna|Hyper Voice|p2b: Politoed|[spread] p2a,p2b
|-damage|p2a: Gothitelle|53/100
|-damage|p2b: Politoed|38/100
|-damage|p1a: Ursaluna|91/100|[from] item: Life Orb
|move|p2b: Politoed|Perish Song|p2b: Politoed
|-start|p1a: Ursaluna|perish3|[silent]
|-start|p1b: Electabuzz|perish3|[silent]
|-start|p2a: Gothitelle|perish3|[silent]
|-start|p2b: Politoed|perish3|[silent]
|-fieldactivate|move: Perish Song
|
|-weather|RainDance|[upkeep]
|-heal|p2b: Politoed|44/100|[from] item: Leftovers
|-start|p1b: Electabuzz|perish3
|-start|p1a: Ursaluna|perish3
|-start|p2b: Politoed|perish3
|-start|p2a: Gothitelle|perish3
|upkeep
|turn|3
|
|t:|1755975224
|switch|p2b: Incineroar|Incineroar, L50, F|100/100
|-ability|p2b: Incineroar|Intimidate|boost
|-unboost|p1a: Ursaluna|atk|1
|-unboost|p1b: Electabuzz|atk|1
|move|p2a: Gothitelle|Fake Out|p1a: Ursaluna
|-damage|p1a: Ursaluna|87/100
|move|p1b: Electabuzz|Taunt|p2a: Gothitelle
|-start|p2a: Gothitelle|move: Taunt
|cant|p1a: Ursaluna|flinch
|
|-weather|RainDance|[upkeep]
|-start|p1b: Electabuzz|perish2
|-start|p1a: Ursaluna|perish2
|-start|p2a: Gothitelle|perish2
|upkeep
|turn|4
|inactive|FarmFreshVGC has 30 seconds left.
|inactive|quecle has 30 seconds left.
|
|t:|1755975253
|move|p2b: Incineroar|Fake Out|p1a: Ursaluna
|-damage|p1a: Ursaluna|78/100
|move|p1b: Electabuzz|Follow Me|p1b: Electabuzz
|-singleturn|p1b: Electabuzz|move: Follow Me
|cant|p1a: Ursaluna|flinch
|move|p2a: Gothitelle|Psychic|p1b: Electabuzz
|-damage|p1b: Electabuzz|79/100
|
|-weather|RainDance|[upkeep]
|-start|p1b: Electabuzz|perish1
|-start|p1a: Ursaluna|perish1
|-start|p2a: Gothitelle|perish1
|upkeep
|turn|5
|inactive|FarmFreshVGC has 30 seconds left.
|inactive|quecle has 30 seconds left.
|
|t:|1755975281
|move|p2b: Incineroar|Protect|p2b: Incineroar
|-singleturn|p2b: Incineroar|Protect
|move|p1b: Electabuzz|Taunt||[still]
|-fail|p1b: Electabuzz
|move|p1a: Ursaluna|Blood Moon|p2b: Incineroar
|-activate|p2b: Incineroar|move: Protect
|move|p2a: Gothitelle|Psychic|p1a: Ursaluna
|-damage|p1a: Ursaluna|39/100
|
|-weather|none
|-start|p1b: Electabuzz|perish0
|-start|p1a: Ursaluna|perish0
|-start|p2a: Gothitelle|perish0
|faint|p1b: Electabuzz
|faint|p1a: Ursaluna
|faint|p2a: Gothitelle
|upkeep
|
|t:|1755975298
|switch|p1b: Sneasler|Sneasler, L50, M|100/100
|switch|p1a: Indeedee|Indeedee, L50, M|100/100
|switch|p2a: Politoed|Politoed, L50, F|44/100
|-fieldstart|move: Psychic Terrain|[from] ability: Psychic Surge|[of] p1a: Indeedee
|-enditem|p1b: Sneasler|Psychic Seed
|-boost|p1b: Sneasler|spd|1|[from] item: Psychic Seed
|-weather|RainDance|[from] ability: Drizzle|[of] p2a: Politoed
|turn|6
|inactive|quecle has 30 seconds left.
|inactive|FarmFreshVGC has 30 seconds left.
|inactive|quecle has 20 seconds left.
|inactive|FarmFreshVGC has 20 seconds left.
|
|t:|1755975338
|switch|p2b: Kingdra|Kingdra, L50, F|85/100
|move|p2a: Politoed|Protect|p2a: Politoed
|-singleturn|p2a: Politoed|Protect
|move|p1b: Sneasler|Throat Chop|p2b: Kingdra
|-damage|p2b: Kingdra|53/100
|-start|p2b: Kingdra|Throat Chop|[silent]
|move|p1a: Indeedee|Expanding Force|p2b: Kingdra|[spread] p2b
|-activate|p2a: Politoed|move: Protect
|-damage|p2b: Kingdra|0 fnt
|faint|p2b: Kingdra
|
|-weather|RainDance|[upkeep]
|-heal|p2a: Politoed|50/100|[from] item: Leftovers
|upkeep
|
|t:|1755975348
|switch|p2b: Incineroar|Incineroar, L50, F|100/100
|-ability|p2b: Incineroar|Intimidate|boost
|-unboost|p1a: Indeedee|atk|1
|-unboost|p1b: Sneasler|atk|1
|turn|7
|
|t:|1755975363
|move|p1b: Sneasler|Close Combat|p2b: Incineroar
|-supereffective|p2b: Incineroar
|-damage|p2b: Incineroar|22/100
|-unboost|p1b: Sneasler|def|1
|-unboost|p1b: Sneasler|spd|1
|move|p1a: Indeedee|Expanding Force|p2b: Incineroar|[spread] p2a
|-immune|p2b: Incineroar
|-damage|p2a: Politoed|8/100
|move|p2a: Politoed|Perish Song|p2a: Politoed
|-start|p1a: Indeedee|perish3|[silent]
|-start|p1b: Sneasler|perish3|[silent]
|-start|p2a: Politoed|perish3|[silent]
|-start|p2b: Incineroar|perish3|[silent]
|-fieldactivate|move: Perish Song
|move|p2b: Incineroar|Parting Shot|p1b: Sneasler
|-unboost|p1b: Sneasler|atk|1
|-unboost|p1b: Sneasler|spa|1
|
|-weather|RainDance|[upkeep]
|-heal|p2a: Politoed|14/100|[from] item: Leftovers
|-start|p1b: Sneasler|perish3
|-start|p1a: Indeedee|perish3
|-start|p2a: Politoed|perish3
|-start|p2b: Incineroar|perish3
|upkeep
|turn|8
|inactive|FarmFreshVGC has 30 seconds left.
|
|t:|1755975389
|move|p1b: Sneasler|Protect|p1b: Sneasler
|-singleturn|p1b: Sneasler|Protect
|move|p2a: Politoed|Protect|p2a: Politoed
|-singleturn|p2a: Politoed|Protect
|move|p1a: Indeedee|Imprison|p1a: Indeedee
|-start|p1a: Indeedee|move: Imprison
|move|p2b: Incineroar|Parting Shot|p1a: Indeedee
|-unboost|p1a: Indeedee|atk|1
|-unboost|p1a: Indeedee|spa|1
|
|-weather|RainDance|[upkeep]
|-heal|p2a: Politoed|20/100|[from] item: Leftovers
|-start|p1b: Sneasler|perish2
|-start|p1a: Indeedee|perish2
|-start|p2a: Politoed|perish2
|-start|p2b: Incineroar|perish2
|upkeep
|turn|9
|inactive|quecle has 30 seconds left.
|inactive|quecle has 20 seconds left.
|inactive|quecle has 15 seconds left.
|
|t:|1755975431
|move|p1b: Sneasler|Close Combat|p2b: Incineroar
|-supereffective|p2b: Incineroar
|-damage|p2b: Incineroar|0 fnt
|-unboost|p1b: Sneasler|def|1
|-unboost|p1b: Sneasler|spd|1
|faint|p2b: Incineroar
|move|p1a: Indeedee|Expanding Force|p2a: Politoed
|-damage|p2a: Politoed|0 fnt
|faint|p2a: Politoed
|
|win|FarmFreshVGC
|raw|FarmFreshVGC's rating: 1202 → 1229(+27 for winning)
|raw|quecle's rating: 1234 → 1207(-27 for losing)
|l|☆quecle
|player|p2|
