|j|☆LanternComic
|j|☆Smadonn0
|html|LanternComicSmadonn0    
|uhtml|bestof|Game 2 of a best-of-3
|t:|1756928557
|gametype|doubles
|player|p1|LanternComic|silver-masters|1153
|player|p2|Smadonn0|102|1032
|gen|9
|tier|[Gen 9] VGC 2025 Reg H (Bo3)
|rated|
|rule|Species Clause: Limit one of each Pokémon
|rule|Item Clause: Limit 1 of each item
|clearpoke
|poke|p1|Annihilape, L50, M|
|poke|p1|Archaludon, L50, F|
|poke|p1|Pelipper, L50, F|
|poke|p1|Rillaboom, L50, M|
|poke|p1|Maushold, L50|
|poke|p2|Charizard, L50, M|
|poke|p2|Torkoal, L50, F|
|poke|p2|Porygon2, L50|
|poke|p2|Incineroar, L50, F|
|poke|p2|Jumpluff, L50, F|
|poke|p2|Ursaluna, L50, M|
|teampreview|4
|showteam|p1|Annihilape||SitrusBerry|VitalSpirit|DrainPunch,RageFist,BulkUp,Protect|||M|||50|,,,,,Water]Archaludon||SafetyGoggles|Stamina|ElectroShot,DracoMeteor,BodyPress,Protect|||F|||50|,,,,,Electric]Pelipper||FocusSash|Drizzle|Hurricane,WideGuard,WeatherBall,Tailwind|||F|||50|,,,,,Ghost]Rillaboom||AssaultVest|Overgrow|WoodHammer,GrassyGlide,Uturn,FakeOut|||M|||50|,,,,,Poison]Maushold||WideLens|Technician|PopulationBomb,BeatUp,FollowMe,Protect||||||50|,,,,,Grass
|showteam|p2|Charizard||ChoiceSpecs|SolarPower|HeatWave,Overheat,WeatherBall,AirSlash|||M|||50|,,,,,Ghost]Torkoal||EjectPack|Drought|Eruption,Overheat,HelpingHand,Protect|||F|||50|,,,,,Fire]Porygon2||Eviolite|Download|TeraBlast,IceBeam,Recover,TrickRoom||||||50|,,,,,Fighting]Incineroar||SitrusBerry|Intimidate|FlareBlitz,KnockOff,FakeOut,PartingShot|||F|||50|,,,,,Ghost]Jumpluff||CovertCloak|Chlorophyll|SleepPowder,SunnyDay,RagePowder,Tailwind|||F|||50|,,,,,Water]Ursaluna||FlameOrb|Guts|HeadlongRush,Facade,Earthquake,Protect|||M|||50|,,,,,Ghost
|
|t:|1756928588
|teamsize|p1|4
|teamsize|p2|4
|start
|switch|p1a: Rillaboom|Rillaboom, L50, M|100/100
|switch|p1b: Archaludon|Archaludon, L50, F|100/100
|switch|p2a: Porygon2|Porygon2, L50|100/100
|switch|p2b: Incineroar|Incineroar, L50, F|100/100
|-ability|p2b: Incineroar|Intimidate|boost
|-unboost|p1a: Rillaboom|atk|1
|-unboost|p1b: Archaludon|atk|1
|-ability|p2a: Porygon2|Download|boost
|-boost|p2a: Porygon2|spa|1
|turn|1
|
|t:|1756928632
|move|p1a: Rillaboom|Fake Out|p2b: Incineroar
|-crit|p2b: Incineroar
|-damage|p2b: Incineroar|82/100
|cant|p2b: Incineroar|flinch
|move|p1b: Archaludon|Body Press|p2a: Porygon2
|-supereffective|p2a: Porygon2
|-damage|p2a: Porygon2|70/100
|move|p2a: Porygon2|Trick Room|p2a: Porygon2
|-fieldstart|move: Trick Room|[of] p2a: Porygon2
|
|upkeep
|turn|2
|
|t:|1756928649
|move|p2a: Porygon2|Ice Beam|p1a: Rillaboom
|-supereffective|p1a: Rillaboom
|-damage|p1a: Rillaboom|41/100
|move|p2b: Incineroar|Parting Shot|p1b: Archaludon
|-unboost|p1b: Archaludon|atk|1
|-unboost|p1b: Archaludon|spa|1
|
|t:|1756928655
|switch|p2b: Torkoal|Torkoal, L50, F|100/100|[from] Parting Shot
|-weather|SunnyDay|[from] ability: Drought|[of] p2b: Torkoal
|move|p1a: Rillaboom|Wood Hammer|p2b: Torkoal
|-resisted|p2b: Torkoal
|-damage|p2b: Torkoal|85/100
|-damage|p1a: Rillaboom|36/100|[from] Recoil
|move|p1b: Archaludon|Body Press|p2b: Torkoal
|-damage|p2b: Torkoal|67/100
|
|-weather|SunnyDay|[upkeep]
|upkeep
|turn|3
|
|t:|1756928674
|switch|p1a: Pelipper|Pelipper, L50, F|100/100
|-weather|RainDance|[from] ability: Drizzle|[of] p1a: Pelipper
|-terastallize|p1b: Archaludon|Electric
|move|p2b: Torkoal|Overheat|p1b: Archaludon
|-damage|p1b: Archaludon|68/100
|-unboost|p2b: Torkoal|spa|2
|-ability|p1b: Archaludon|Stamina|boost
|-boost|p1b: Archaludon|def|1
|-enditem|p2b: Torkoal|Eject Pack
|
|t:|1756928688
|switch|p2b: Incineroar|Incineroar, L50, F|82/100
|-ability|p2b: Incineroar|Intimidate|boost
|-unboost|p1a: Pelipper|atk|1
|-unboost|p1b: Archaludon|atk|1
|move|p2a: Porygon2|Ice Beam|p1a: Pelipper
|-damage|p1a: Pelipper|30/100
|move|p1b: Archaludon|Electro Shot||[still]
|-prepare|p1b: Archaludon|Electro Shot
|-boost|p1b: Archaludon|spa|1
|-anim|p1b: Archaludon|Electro Shot|p2b: Incineroar
|-damage|p2b: Incineroar|28/100
|-enditem|p2b: Incineroar|Sitrus Berry|[eat]
|-heal|p2b: Incineroar|53/100|[from] item: Sitrus Berry
|
|-weather|RainDance|[upkeep]
|upkeep
|turn|4
|
|t:|1756928718
|move|p2b: Incineroar|Fake Out|p1b: Archaludon
|-damage|p1b: Archaludon|62/100
|-ability|p1b: Archaludon|Stamina|boost
|-boost|p1b: Archaludon|def|1
|move|p2a: Porygon2|Ice Beam|p1a: Pelipper
|-damage|p1a: Pelipper|0 fnt
|faint|p1a: Pelipper
|cant|p1b: Archaludon|flinch
|
|-weather|RainDance|[upkeep]
|upkeep
|
|t:|1756928725
|switch|p1a: Rillaboom|Rillaboom, L50, M|36/100
|turn|5
|
|t:|1756928733
|move|p1a: Rillaboom|Fake Out|p2b: Incineroar
|-damage|p2b: Incineroar|41/100
|move|p2a: Porygon2|Ice Beam|p1a: Rillaboom
|-supereffective|p1a: Rillaboom
|-damage|p1a: Rillaboom|0 fnt
|faint|p1a: Rillaboom
|cant|p2b: Incineroar|flinch
|move|p1b: Archaludon|Body Press|p2a: Porygon2
|-supereffective|p2a: Porygon2
|-damage|p2a: Porygon2|10/100
|
|-weather|RainDance|[upkeep]
|-fieldend|move: Trick Room
|upkeep
|
|t:|1756928740
|switch|p1a: Maushold|Maushold, L50|100/100
|turn|6
|
|t:|1756928761
|move|p1a: Maushold|Population Bomb|p2a: Porygon2
|-damage|p2a: Porygon2|3/100
|-crit|p2a: Porygon2
|-damage|p2a: Porygon2|0 fnt
|faint|p2a: Porygon2
|-hitcount|p2: Porygon2|2
|move|p1b: Archaludon|Body Press|p2b: Incineroar
|-supereffective|p2b: Incineroar
|-damage|p2b: Incineroar|0 fnt
|faint|p2b: Incineroar
|
|-weather|RainDance|[upkeep]
|upkeep
|
|t:|1756928772
|switch|p2b: Ursaluna|Ursaluna, L50, M|100/100
|switch|p2a: Torkoal|Torkoal, L50, F|67/100
|-weather|SunnyDay|[from] ability: Drought|[of] p2a: Torkoal
|turn|7
|
|t:|1756928793
|move|p2a: Torkoal|Protect|p2a: Torkoal
|-singleturn|p2a: Torkoal|Protect
|move|p1a: Maushold|Follow Me|p1a: Maushold
|-singleturn|p1a: Maushold|move: Follow Me
|move|p1b: Archaludon|Body Press|p2a: Torkoal
|-activate|p2a: Torkoal|move: Protect
|move|p2b: Ursaluna|Earthquake|p1a: Maushold|[spread] p1a,p1b
|-activate|p2a: Torkoal|move: Protect
|-crit|p1a: Maushold
|-supereffective|p1b: Archaludon
|-damage|p1a: Maushold|0 fnt
|-damage|p1b: Archaludon|28/100
|-ability|p1b: Archaludon|Stamina|boost
|-boost|p1b: Archaludon|def|1
|faint|p1a: Maushold
|
|-weather|SunnyDay|[upkeep]
|-status|p2b: Ursaluna|brn|[from] item: Flame Orb
|upkeep
|turn|8
|
|t:|1756928816
|move|p1b: Archaludon|Body Press|p2a: Torkoal
|-damage|p2a: Torkoal|24/100
|move|p2b: Ursaluna|Facade|p1b: Archaludon
|-damage|p1b: Archaludon|0 fnt
|faint|p1b: Archaludon
|
|win|Smadonn0
||LanternComic is ready for game 3.
