|j|☆TWICEenjoyer
|j|☆salcranvgc
|html|TWICEenjoyersalcranvgc    
|uhtml|bestof|Game 1 of a best-of-3
|t:|1782234337
|gametype|doubles
|player|p1|TWICEenjoyer|scientist-gen1rb|
|player|p2|salcranvgc|266|
|gen|9
|tier|[Gen 9 Champions] VGC 2026 Reg M-B (Bo3)
|rule|Species Clause: Limit one of each Pokémon
|rule|Item Clause: Limit 1 of each item
|clearpoke
|poke|p1|Charizard, L50, M|
|poke|p1|Incineroar, L50, F|
|poke|p1|Garchomp, L50, M, shiny|
|poke|p1|Vileplume, L50, F, shiny|
|poke|p1|Whimsicott, L50, F, shiny|
|poke|p1|Basculegion, L50, M|
|poke|p2|Mawile, L50, F, shiny|
|poke|p2|Pelipper, L50, M|
|poke|p2|Sinistcha-Masterpiece, L50|
|poke|p2|Raichu, L50, M|
|poke|p2|Basculegion, L50, M|
|poke|p2|Hydreigon, L50, F|
|teampreview|4
|showteam|p1|Charizard||CharizarditeY|Blaze|HeatWave,WeatherBall,SolarBeam,Protect|Modest||M|||50|]Incineroar||SitrusBerry|Intimidate|FakeOut,ThroatChop,FlareBlitz,PartingShot|Impish||F|||50|]Garchomp||ExpertBelt|RoughSkin|RockSlide,Earthquake,DragonClaw,Protect|Adamant||M|||50|]Vileplume||LifeOrb|Chlorophyll|SleepPowder,WeatherBall,SludgeBomb,Protect|Modest||F|||50|]Whimsicott||FairyFeather|Prankster|Tailwind,Moonblast,Encore,Protect|Bold||F|||50|]Basculegion||FocusSash|Adaptability|Liquidation,LastRespects,AquaJet,Protect|Jolly||M|||50|
|showteam|p2|Mawile||Mawilite|Intimidate|IronHead,SuckerPunch,SwordsDance,Protect|Adamant||F|||50|]Pelipper||FocusSash|Drizzle|WeatherBall,Hurricane,Tailwind,HelpingHand|Modest||M|||50|]Sinistcha-Masterpiece||ColburBerry|Hospitality|LeafStorm,RagePowder,TrickRoom,Protect|Calm|||||50|]Raichu||RaichuniteY|LightningRod|ZapCannon,FocusBlast,GrassKnot,Protect|Modest||M|||50|]Basculegion||LifeOrb|SwiftSwim|WaveCrash,AquaJet,LastRespects,Protect|Adamant||M|||50|]Hydreigon||ChoiceScarf|Levitate|DarkPulse,DracoMeteor,Uturn,Snarl|Modest||F|||50|
|c|☆TWICEenjoyer|glhf
|c|☆salcranvgc|u2
|c|☆salcranvgc|lemme just send links
|j| No1RalseiFan
|c|☆TWICEenjoyer|np
|j| OscarPikastri
|j| RadiantSteelix
|j| splash2ndcousin
|j| AxoLottiee
|j| aox93
|
|t:|1782234513
|teamsize|p1|4
|teamsize|p2|4
|start
|switch|p1a: Garchomp|Garchomp, L50, M, shiny|100/100
|switch|p1b: Whimsicott|Whimsicott, L50, F, shiny|100/100
|switch|p2a: Raichu|Raichu, L50, M|100/100
|switch|p2b: Sinistcha|Sinistcha-Masterpiece, L50|100/100
|turn|1
|j| 5wamp
|
|t:|1782234570
|move|p1b: Whimsicott|Protect|p1b: Whimsicott
|-singleturn|p1b: Whimsicott|Protect
|move|p2a: Raichu|Protect|p2a: Raichu
|-singleturn|p2a: Raichu|Protect
|move|p1a: Garchomp|Earthquake|p2a: Raichu|[spread] p2b
|-activate|p1b: Whimsicott|move: Protect
|-activate|p2a: Raichu|move: Protect
|-resisted|p2b: Sinistcha|1
|-crit|p2b: Sinistcha
|-damage|p2b: Sinistcha|69/100
|move|p2b: Sinistcha|Leaf Storm|p1a: Garchomp
|-damage|p1a: Garchomp|54/100
|-unboost|p2b: Sinistcha|spa|2
|
|upkeep
|turn|2
|
|t:|1782234609
|switch|p2a: Pelipper|Pelipper, L50, M|100/100
|-weather|RainDance|[from] ability: Drizzle|[of] p2a: Pelipper
|move|p1b: Whimsicott|Encore||[still]
|-fail|p1b: Whimsicott
|move|p1a: Garchomp|Dragon Claw|p2b: Sinistcha
|-damage|p2b: Sinistcha|30/100
|move|p2b: Sinistcha|Leaf Storm|p1a: Garchomp
|-damage|p1a: Garchomp|28/100
|-unboost|p2b: Sinistcha|spa|2
|
|-weather|RainDance|[upkeep]
|upkeep
|turn|3
|l| aox93
|j| aox93
|
|t:|1782234654
|move|p2b: Sinistcha|Rage Powder|p2b: Sinistcha
|-singleturn|p2b: Sinistcha|move: Rage Powder
|move|p1a: Garchomp|Rock Slide|p2b: Sinistcha|[spread] p2b
|-miss|p1a: Garchomp|p2a: Pelipper
|-damage|p2b: Sinistcha|9/100
|move|p1b: Whimsicott|Moonblast|p2a: Pelipper
|-damage|p2a: Pelipper|39/100
|move|p2a: Pelipper|Hurricane|p1a: Garchomp
|-damage|p1a: Garchomp|0 fnt
|faint|p1a: Garchomp
|
|-weather|RainDance|[upkeep]
|upkeep
|
|t:|1782234664
|switch|p1a: Basculegion|Basculegion, L50, M|100/100
|turn|4
|
|t:|1782234673
|move|p2b: Sinistcha|Rage Powder|p2b: Sinistcha
|-singleturn|p2b: Sinistcha|move: Rage Powder
|move|p1a: Basculegion|Last Respects|p2b: Sinistcha
|-supereffective|p2b: Sinistcha|1
|-damage|p2b: Sinistcha|0 fnt
|faint|p2b: Sinistcha
|move|p1b: Whimsicott|Moonblast|p2a: Pelipper
|-damage|p2a: Pelipper|0 fnt
|faint|p2a: Pelipper
|
|-weather|RainDance|[upkeep]
|upkeep
|
|t:|1782234681
|switch|p2a: Raichu|Raichu, L50, M|100/100
|switch|p2b: Basculegion|Basculegion, L50, M|100/100
|turn|5
|j| the gong lady
|
|t:|1782234702
|detailschange|p2a: Raichu|Raichu-Mega-Y, L50, M
|-mega|p2a: Raichu|Raichu|Raichunite Y
|move|p1b: Whimsicott|Protect|p1b: Whimsicott
|-singleturn|p1b: Whimsicott|Protect
|move|p1a: Basculegion|Protect|p1a: Basculegion
|-singleturn|p1a: Basculegion|Protect
|move|p2b: Basculegion|Last Respects|p1b: Whimsicott
|-activate|p1b: Whimsicott|move: Protect
|move|p2a: Raichu|Zap Cannon|p1a: Basculegion
|-activate|p1a: Basculegion|move: Protect
|
|-weather|RainDance|[upkeep]
|upkeep
|turn|6
|
|t:|1782234720
|move|p2b: Basculegion|Aqua Jet|p1a: Basculegion
|-resisted|p1a: Basculegion|1
|-damage|p1a: Basculegion|75/100
|-damage|p2b: Basculegion|90/100|[from] item: Life Orb
|move|p1b: Whimsicott|Tailwind|p1b: Whimsicott
|-sidestart|p1: TWICEenjoyer|move: Tailwind
|move|p1a: Basculegion|Last Respects|p2b: Basculegion
|-supereffective|p2b: Basculegion|1
|-damage|p2b: Basculegion|0 fnt
|faint|p2b: Basculegion
|move|p2a: Raichu|Zap Cannon|p1a: Basculegion
|-supereffective|p1a: Basculegion|1
|-damage|p1a: Basculegion|0 fnt
|faint|p1a: Basculegion
|
|-weather|none
|upkeep
|
|t:|1782234732
|switch|p1a: Charizard|Charizard, L50, M|100/100
|turn|7
|
|t:|1782234737
|detailschange|p1a: Charizard|Charizard-Mega-Y, L50, M
|-mega|p1a: Charizard|Charizard|Charizardite Y
|-weather|SunnyDay|[from] ability: Drought|[of] p1a: Charizard
|move|p1a: Charizard|Weather Ball|p2a: Raichu
|-damage|p2a: Raichu|0 fnt
|faint|p2a: Raichu
|
|win|TWICEenjoyer
||salcranvgc is ready for game 2.
||TWICEenjoyer is ready for game 2.
|uhtml|next|Next: Game 2 of 3
|l| No1RalseiFan
|l| splash2ndcousin
|j| splash2ndcousin
|l| the gong lady
|l| splash2ndcousin
|j| splash2ndcousin
|j| the gong lady
|j| No1RalseiFan
|l| OscarPikastri
|j| Gdrampa
|j| FBISurveillanceMan
|l| aox93
|l| No1RalseiFan
|l| RadiantSteelix
|l| the gong lady
|j| delucieous
|l| delucieous
|l| FBISurveillanceMan
|l| splash2ndcousin
|j| delucieous
|l| Gdrampa
|j| starling01
|j| splash2ndcousin
|l| delucieous
|l| splash2ndcousin
|l|☆TWICEenjoyer
|player|p1|
