|j|☆0-6day2
|j|☆ryanpowneyissoslay
|html|0-6day2ryanpowneyissoslay    
|uhtml|bestof|Game 3 of a best-of-3
|t:|1756842637
|gametype|doubles
|player|p1|0-6day2|1|1275
|player|p2|ryanpowneyissoslay|ghetsis|1385
|gen|9
|tier|[Gen 9] VGC 2025 Reg H (Bo3)
|rated|
|rule|Species Clause: Limit one of each Pokémon
|rule|Item Clause: Limit 1 of each item
|clearpoke
|poke|p1|Porygon2, L50|
|poke|p1|Gholdengo, L50|
|poke|p1|Incineroar, L50, M|
|poke|p1|Ursaluna, L50, M|
|poke|p1|Amoonguss, L50, F|
|poke|p1|Mienshao, L50, M|
|poke|p2|Dragonite, L50, M|
|poke|p2|Gholdengo, L50|
|poke|p2|Rillaboom, L50, F|
|poke|p2|Ursaluna-Bloodmoon, L50, M|
|poke|p2|Maushold-Four, L50|
|poke|p2|Annihilape, L50, M|
|teampreview|4
|showteam|p1|Porygon2||Eviolite|Download|TeraBlast,IceBeam,Recover,TrickRoom||||||50|,,,,,Fighting]Gholdengo||LifeOrb|GoodasGold|MakeItRain,ShadowBall,NastyPlot,Protect||||||50|,,,,,Dragon]Incineroar||SafetyGoggles|Intimidate|FakeOut,FlareBlitz,KnockOff,PartingShot|||M|||50|,,,,,Ghost]Ursaluna||FlameOrb|Guts|Facade,HeadlongRush,Earthquake,Protect|||M|||50|,,,,,Ghost]Amoonguss||CovertCloak|Regenerator|PollenPuff,Spore,RagePowder,Protect|||F|||50|,,,,,Water]Mienshao||FocusSash|InnerFocus|FakeOut,WideGuard,CloseCombat,KnockOff|||M|||50|,,,,,Stellar
|showteam|p2|Dragonite||LoadedDice|Multiscale|Tailwind,Haze,Protect,ScaleShot|||M|||50|,,,,,Fairy]Gholdengo||LifeOrb|GoodasGold|MakeItRain,ShadowBall,NastyPlot,Protect||||||50|,,,,,Water]Rillaboom||MiracleSeed|GrassySurge|WoodHammer,GrassyGlide,FakeOut,HighHorsepower|||F|||50|,,,,,Fire]Ursaluna-Bloodmoon||AssaultVest|MindsEye|BloodMoon,EarthPower,HyperVoice,VacuumWave|||M|||50|,,,,,Water]Maushold-Four||FocusSash|FriendGuard|SuperFang,FollowMe,BeatUp,Protect||||||50|,,,,,Ghost]Annihilape||SitrusBerry|Defiant|RageFist,DrainPunch,BulkUp,Protect|||M|||50|,,,,,Fire
|inactive|Battle timer is ON: inactive players will automatically lose when time's up. (requested by ryanpowneyissoslay)
|c|☆ryanpowneyissoslay|GG
|j| CluelessInSeattle
|inactive|0-6day2 has 60 seconds left.
|
|t:|1756842677
|teamsize|p1|4
|teamsize|p2|4
|start
|switch|p1a: Porygon2|Porygon2, L50|100/100
|switch|p1b: Amoonguss|Amoonguss, L50, F, shiny|100/100
|switch|p2a: Maushold|Maushold-Four, L50|100/100
|switch|p2b: Annihilape|Annihilape, L50, M|100/100
|-ability|p1a: Porygon2|Download|boost
|-boost|p1a: Porygon2|spa|1
|turn|1
|
|t:|1756842691
|move|p2a: Maushold|Super Fang|p1a: Porygon2
|-damage|p1a: Porygon2|50/100
|move|p2b: Annihilape|Bulk Up|p2b: Annihilape
|-boost|p2b: Annihilape|atk|1
|-boost|p2b: Annihilape|def|1
|move|p1b: Amoonguss|Spore|p2b: Annihilape
|-status|p2b: Annihilape|slp|[from] move: Spore
|move|p1a: Porygon2|Trick Room|p1a: Porygon2
|-fieldstart|move: Trick Room|[of] p1a: Porygon2
|
|upkeep
|turn|2
|
|t:|1756842709
|move|p1b: Amoonguss|Pollen Puff|p1a: Porygon2
|-heal|p1a: Porygon2|100/100
|move|p1a: Porygon2|Ice Beam|p2a: Maushold
|-damage|p2a: Maushold|48/100
|cant|p2b: Annihilape|slp
|move|p2a: Maushold|Super Fang|p1b: Amoonguss
|-damage|p1b: Amoonguss|51/100
|
|upkeep
|turn|3
|
|t:|1756842724
|switch|p1b: Ursaluna|Ursaluna, L50, M|100/100
|move|p2a: Maushold|Protect|p2a: Maushold
|-singleturn|p2a: Maushold|Protect
|move|p1a: Porygon2|Ice Beam|p2a: Maushold
|-activate|p2a: Maushold|move: Protect
|cant|p2b: Annihilape|slp
|
|-status|p1b: Ursaluna|brn|[from] item: Flame Orb
|upkeep
|turn|4
|
|t:|1756842744
|move|p2a: Maushold|Follow Me|p2a: Maushold
|-singleturn|p2a: Maushold|move: Follow Me
|move|p1a: Porygon2|Ice Beam|p2a: Maushold
|-damage|p2a: Maushold|0 fnt
|faint|p2a: Maushold
|move|p1b: Ursaluna|Headlong Rush|p2b: Annihilape
|-damage|p2b: Annihilape|25/100 slp
|-unboost|p1b: Ursaluna|def|1
|-unboost|p1b: Ursaluna|spd|1
|-enditem|p2b: Annihilape|Sitrus Berry|[eat]
|-heal|p2b: Annihilape|50/100 slp|[from] item: Sitrus Berry
|-curestatus|p2b: Annihilape|slp|[msg]
|move|p2b: Annihilape|Rage Fist|p1b: Ursaluna
|-immune|p1b: Ursaluna
|
|-damage|p1b: Ursaluna|95/100 brn|[from] brn
|upkeep
|
|t:|1756842753
|switch|p2a: Dragonite|Dragonite, L50, M|100/100
|turn|5
|inactive|0-6day2 has 30 seconds left.
|inactive|0-6day2 has 20 seconds left.
|
|t:|1756842789
|switch|p1a: Amoonguss|Amoonguss, L50, F, shiny|84/100
|move|p2a: Dragonite|Protect|p2a: Dragonite
|-singleturn|p2a: Dragonite|Protect
|move|p2b: Annihilape|Protect|p2b: Annihilape
|-singleturn|p2b: Annihilape|Protect
|move|p1b: Ursaluna|Headlong Rush|p2b: Annihilape
|-activate|p2b: Annihilape|move: Protect
|
|-damage|p1b: Ursaluna|89/100 brn|[from] brn
|-fieldend|move: Trick Room
|upkeep
|turn|6
|inactive|ryanpowneyissoslay has 30 seconds left.
|
|t:|1756842816
|move|p1a: Amoonguss|Rage Powder|p1a: Amoonguss
|-singleturn|p1a: Amoonguss|move: Rage Powder
|move|p2b: Annihilape|Bulk Up|p2b: Annihilape
|-boost|p2b: Annihilape|atk|1
|-boost|p2b: Annihilape|def|1
|move|p2a: Dragonite|Scale Shot|p1a: Amoonguss
|-damage|p1a: Amoonguss|73/100
|-damage|p1a: Amoonguss|60/100
|-damage|p1a: Amoonguss|48/100
|-damage|p1a: Amoonguss|35/100
|-damage|p1a: Amoonguss|22/100
|-hitcount|p1a: Amoonguss|5
|-unboost|p2a: Dragonite|def|1
|-boost|p2a: Dragonite|spe|1
|move|p1b: Ursaluna|Headlong Rush|p2b: Annihilape
|-damage|p2b: Annihilape|2/100
|-unboost|p1b: Ursaluna|def|1
|-unboost|p1b: Ursaluna|spd|1
|
|-damage|p1b: Ursaluna|83/100 brn|[from] brn
|upkeep
|turn|7
|
|t:|1756842836
|move|p2a: Dragonite|Protect|p2a: Dragonite
|-singleturn|p2a: Dragonite|Protect
|move|p2b: Annihilape|Protect|p2b: Annihilape
|-singleturn|p2b: Annihilape|Protect
|move|p1b: Ursaluna|Protect|p1b: Ursaluna
|-singleturn|p1b: Ursaluna|Protect
|move|p1a: Amoonguss|Spore|p2b: Annihilape
|-activate|p2b: Annihilape|move: Protect
|
|-damage|p1b: Ursaluna|77/100 brn|[from] brn
|upkeep
|turn|8
|l| CluelessInSeattle
|inactive|0-6day2 has 30 seconds left.
|inactive|0-6day2 has 20 seconds left.
|inactive|0-6day2 has 15 seconds left.
|inactive|0-6day2 has 10 seconds left.
|
|t:|1756842883
|-terastallize|p1b: Ursaluna|Ghost
|move|p1a: Amoonguss|Rage Powder|p1a: Amoonguss
|-singleturn|p1a: Amoonguss|move: Rage Powder
|move|p2a: Dragonite|Scale Shot|p1a: Amoonguss
|-damage|p1a: Amoonguss|11/100
|-damage|p1a: Amoonguss|0 fnt
|faint|p1a: Amoonguss
|-hitcount|p1: Amoonguss|2
|-unboost|p2a: Dragonite|def|1
|-boost|p2a: Dragonite|spe|1
|move|p2b: Annihilape|Drain Punch|p1b: Ursaluna
|-immune|p1b: Ursaluna
|move|p1b: Ursaluna|Headlong Rush|p2b: Annihilape
|-damage|p2b: Annihilape|0 fnt
|-unboost|p1b: Ursaluna|def|1
|-unboost|p1b: Ursaluna|spd|1
|faint|p2b: Annihilape
|
|-damage|p1b: Ursaluna|71/100 brn|[from] brn
|upkeep
|
|t:|1756842894
|switch|p2b: Rillaboom|Rillaboom, L50, F|100/100
|switch|p1a: Porygon2|Porygon2, L50|100/100
|-fieldstart|move: Grassy Terrain|[from] ability: Grassy Surge|[of] p2b: Rillaboom
|-ability|p1a: Porygon2|Download|boost
|-boost|p1a: Porygon2|atk|1
|turn|9
|inactive|ryanpowneyissoslay has 30 seconds left.
|inactive|ryanpowneyissoslay has 20 seconds left.
|inactive|ryanpowneyissoslay has 15 seconds left.
|inactive|ryanpowneyissoslay has 10 seconds left.
|
|t:|1756842941
|switch|p1b: Gholdengo|Gholdengo, L50|100/100
|move|p2b: Rillaboom|Fake Out|p1a: Porygon2
|-damage|p1a: Porygon2|92/100
|move|p2a: Dragonite|Scale Shot|p1b: Gholdengo
|-resisted|p1b: Gholdengo
|-damage|p1b: Gholdengo|93/100
|-resisted|p1b: Gholdengo
|-damage|p1b: Gholdengo|85/100
|-resisted|p1b: Gholdengo
|-damage|p1b: Gholdengo|78/100
|-resisted|p1b: Gholdengo
|-damage|p1b: Gholdengo|70/100
|-resisted|p1b: Gholdengo
|-damage|p1b: Gholdengo|62/100
|-hitcount|p1b: Gholdengo|5
|-unboost|p2a: Dragonite|def|1
|-boost|p2a: Dragonite|spe|1
|cant|p1a: Porygon2|flinch
|
|-heal|p1b: Gholdengo|68/100|[from] Grassy Terrain
|-heal|p1a: Porygon2|98/100|[from] Grassy Terrain
|upkeep
|turn|10
|
|t:|1756842957
|-terastallize|p2a: Dragonite|Fairy
|move|p2a: Dragonite|Scale Shot|p1a: Porygon2
|-damage|p1a: Porygon2|89/100
|-damage|p1a: Porygon2|80/100
|-damage|p1a: Porygon2|71/100
|-damage|p1a: Porygon2|62/100
|-damage|p1a: Porygon2|54/100
|-hitcount|p1a: Porygon2|5
|-unboost|p2a: Dragonite|def|1
|-boost|p2a: Dragonite|spe|1
|move|p1b: Gholdengo|Make It Rain|p2b: Rillaboom|[spread] p2a,p2b
|-supereffective|p2a: Dragonite
|-damage|p2a: Dragonite|44/100
|-damage|p2b: Rillaboom|38/100
|-unboost|p1b: Gholdengo|spa|1
|-damage|p1b: Gholdengo|59/100|[from] item: Life Orb
|move|p2b: Rillaboom|Wood Hammer|p1a: Porygon2
|-damage|p1a: Porygon2|0 fnt
|faint|p1a: Porygon2
|-damage|p2b: Rillaboom|22/100|[from] Recoil
|
|-heal|p2a: Dragonite|50/100|[from] Grassy Terrain
|-heal|p1b: Gholdengo|65/100|[from] Grassy Terrain
|-heal|p2b: Rillaboom|28/100|[from] Grassy Terrain
|upkeep
|
|t:|1756842964
|switch|p1a: Ursaluna|Ursaluna, L50, M, tera:Ghost|71/100 brn
|turn|11
|
|t:|1756842983
|move|p2a: Dragonite|Tailwind|p2a: Dragonite
|-sidestart|p2: ryanpowneyissoslay|move: Tailwind
|move|p2b: Rillaboom|High Horsepower|p1b: Gholdengo
|-supereffective|p1b: Gholdengo
|-damage|p1b: Gholdengo|0 fnt
|faint|p1b: Gholdengo
|move|p1a: Ursaluna|Facade|p2b: Rillaboom
|-damage|p2b: Rillaboom|0 fnt
|faint|p2b: Rillaboom
|
|-heal|p2a: Dragonite|56/100|[from] Grassy Terrain
|-heal|p1a: Ursaluna|77/100 brn|[from] Grassy Terrain
|-damage|p1a: Ursaluna|71/100 brn|[from] brn
|upkeep
|turn|12
|
|t:|1756842997
|move|p2a: Dragonite|Protect|p2a: Dragonite
|-singleturn|p2a: Dragonite|Protect
|move|p1a: Ursaluna|Facade|p2a: Dragonite
|-activate|p2a: Dragonite|move: Protect
|
|-heal|p2a: Dragonite|62/100|[from] Grassy Terrain
|-heal|p1a: Ursaluna|77/100 brn|[from] Grassy Terrain
|-damage|p1a: Ursaluna|71/100 brn|[from] brn
|upkeep
|turn|13
|
|t:|1756843009
|move|p2a: Dragonite|Scale Shot|p1a: Ursaluna|[miss]
|-miss|p2a: Dragonite|p1a: Ursaluna
|move|p1a: Ursaluna|Facade|p2a: Dragonite
|-damage|p2a: Dragonite|0 fnt
|faint|p2a: Dragonite
|
|win|0-6day2
|raw|0-6day2's rating: 1275 → 1308(+33 for winning)
|raw|ryanpowneyissoslay's rating: 1385 → 1359(-26 for losing)
|c|☆ryanpowneyissoslay|rip
|c|☆0-6day2|really good set
|l|☆ryanpowneyissoslay
|player|p2|
|c|☆0-6day2|ggs
