|j|☆crosseczek
|j|☆guillelona
|html|crosseczekguillelona    
|uhtml|bestof|Game 2 of a best-of-3
|t:|1784995364
|gametype|doubles
|player|p1|crosseczek|maid|1306
|player|p2|guillelona|veteran|1206
|gen|9
|tier|[Gen 9 Champions] VGC 2026 Reg M-B (Bo3)
|rated|
|rule|Species Clause: Limit one of each Pokémon
|rule|Item Clause: Limit 1 of each item
|clearpoke
|poke|p1|Mawile, L50, F|
|poke|p1|Maushold, L50|
|poke|p1|Whimsicott, L50, M|
|poke|p1|Raichu, L50, M|
|poke|p1|Incineroar, L50, F|
|poke|p1|Farigiraf, L50, M|
|poke|p2|Vivillon-Tundra, L50, M|
|poke|p2|Mawile, L50, F|
|poke|p2|Torkoal, L50, M|
|poke|p2|Farigiraf, L50, F|
|poke|p2|Garchomp, L50, M|
|poke|p2|Raichu, L50, M|
|teampreview|4
|showteam|p1|Mawile||Mawilite|HyperCutter|PlayRough,SuckerPunch,SwordsDance,Protect|Brave||F|||50|]Maushold||WideLens|Technician|PopulationBomb,Taunt,FollowMe,Protect|Adamant|||||50|]Whimsicott||FocusSash|Prankster|Moonblast,Encore,Tailwind,HelpingHand|Modest||M|||50|]Raichu||RaichuniteY|LightningRod|ZapCannon,FocusBlast,GrassKnot,Protect|Modest||M|||50|]Incineroar||Charcoal|Intimidate|FlareBlitz,DarkestLariat,PartingShot,FakeOut|Adamant||F|||50|]Farigiraf||ColburBerry|ArmorTail|Psychic,Imprison,TrickRoom,Protect|Modest||M|||50|
|showteam|p2|Vivillon-Tundra||FocusSash|CompoundEyes|Hurricane,SleepPowder,RagePowder,Protect|Timid||M|||50|]Mawile||Mawilite|Intimidate|PlayRough,RockSlide,SuckerPunch,Protect|Adamant||F|||50|]Torkoal||Charcoal|Drought|Eruption,WeatherBall,Protect,EarthPower|Quiet||M|||50|]Farigiraf||SitrusBerry|ArmorTail|Psychic,Thunderbolt,TrickRoom,HelpingHand|Relaxed||F|||50|]Garchomp||LifeOrb|RoughSkin|DragonClaw,Earthquake,RockSlide,Protect|Jolly||M|||50|]Raichu||RaichuniteY|LightningRod|ZapCannon,FocusBlast,FakeOut,Protect|Timid||M|||50|
|
|t:|1784995405
|teamsize|p1|4
|teamsize|p2|4
|start
|switch|p1a: Whimsicott|Whimsicott, L50, M|100/100
|switch|p1b: Maushold|Maushold, L50|100/100
|switch|p2a: Garchomp|Garchomp, L50, M|100/100
|switch|p2b: Farigiraf|Farigiraf, L50, F|100/100
|turn|1
|
|t:|1784995428
|switch|p2a: Torkoal|Torkoal, L50, M|100/100
|-weather|SunnyDay|[from] ability: Drought|[of] p2a: Torkoal
|move|p1b: Maushold|Taunt|p2b: Farigiraf
|-start|p2b: Farigiraf|move: Taunt
|move|p1a: Whimsicott|Moonblast|p2a: Torkoal
|-resisted|p2a: Torkoal|1
|-damage|p2a: Torkoal|74/100
|cant|p2b: Farigiraf|move: Taunt|Trick Room
|
|-weather|SunnyDay|[upkeep]
|upkeep
|turn|2
|inactive|Battle timer is ON: inactive players will automatically lose when time's up. (requested by guillelona)
|
|t:|1784995463
|move|p1a: Whimsicott|Helping Hand|p1b: Maushold
|-singleturn|p1b: Maushold|Helping Hand|[of] p1a: Whimsicott
|move|p1b: Maushold|Population Bomb|p2a: Torkoal
|-damage|p2a: Torkoal|60/100
|-damage|p2a: Torkoal|45/100
|-damage|p2a: Torkoal|31/100
|-damage|p2a: Torkoal|15/100
|-damage|p2a: Torkoal|1/100
|-damage|p2a: Torkoal|0 fnt
|faint|p2a: Torkoal
|-hitcount|p2: Torkoal|6
|move|p2b: Farigiraf|Psychic|p1a: Whimsicott
|-damage|p1a: Whimsicott|52/100
|-unboost|p1a: Whimsicott|spd|1
|
|-weather|SunnyDay|[upkeep]
|upkeep
|
|t:|1784995469
|switch|p2a: Mawile|Mawile, L50, F|100/100
|-ability|p2a: Mawile|Intimidate|boost
|-unboost|p1a: Whimsicott|atk|1
|-unboost|p1b: Maushold|atk|1
|turn|3
|
|t:|1784995490
|detailschange|p2a: Mawile|Mawile-Mega, L50, F
|-mega|p2a: Mawile|Mawile|Mawilite
|move|p1a: Whimsicott|Helping Hand|p1b: Maushold
|-singleturn|p1b: Maushold|Helping Hand|[of] p1a: Whimsicott
|move|p1b: Maushold|Population Bomb|p2a: Mawile
|-resisted|p2a: Mawile|1
|-damage|p2a: Mawile|94/100
|-resisted|p2a: Mawile|1
|-damage|p2a: Mawile|88/100
|-resisted|p2a: Mawile|1
|-damage|p2a: Mawile|82/100
|-resisted|p2a: Mawile|1
|-damage|p2a: Mawile|77/100
|-resisted|p2a: Mawile|1
|-damage|p2a: Mawile|71/100
|-resisted|p2a: Mawile|1
|-damage|p2a: Mawile|65/100
|-resisted|p2a: Mawile|1
|-damage|p2a: Mawile|59/100
|-resisted|p2a: Mawile|1
|-damage|p2a: Mawile|54/100
|-hitcount|p2a: Mawile|8
|move|p2b: Farigiraf|Psychic|p1a: Whimsicott
|-damage|p1a: Whimsicott|0 fnt
|faint|p1a: Whimsicott
|move|p2a: Mawile|Play Rough|p1b: Maushold
|-damage|p1b: Maushold|0 fnt
|faint|p1b: Maushold
|
|-weather|SunnyDay|[upkeep]
|-end|p2b: Farigiraf|move: Taunt
|upkeep
|
|t:|1784995504
|switch|p1b: Farigiraf|Farigiraf, L50, M|100/100
|switch|p1a: Raichu|Raichu, L50, M|100/100
|turn|4
|
|t:|1784995516
|detailschange|p1a: Raichu|Raichu-Mega-Y, L50, M
|-mega|p1a: Raichu|Raichu|Raichunite Y
|move|p2a: Mawile|Protect|p2a: Mawile
|-singleturn|p2a: Mawile|Protect
|move|p1a: Raichu|Zap Cannon|p2a: Mawile
|-activate|p2a: Mawile|move: Protect
|move|p1b: Farigiraf|Imprison|p1b: Farigiraf
|-start|p1b: Farigiraf|move: Imprison
|cant|p2b: Farigiraf|move: Imprison|Trick Room
|
|-weather|SunnyDay|[upkeep]
|upkeep
|turn|5
|inactive|guillelona has 30 seconds left.
|
|t:|1784995543
|switch|p2a: Garchomp|Garchomp, L50, M|100/100
|move|p1a: Raichu|Focus Blast|p2a: Garchomp
|-damage|p2a: Garchomp|50/100g
|-unboost|p2a: Garchomp|spd|1
|move|p1b: Farigiraf|Psychic|p2a: Garchomp
|-crit|p2a: Garchomp
|-damage|p2a: Garchomp|0 fnt
|faint|p2a: Garchomp
|move|p2b: Farigiraf|Thunderbolt|p1b: Farigiraf
|-damage|p1b: Farigiraf|76/100
|
|-weather|none
|upkeep
|
|t:|1784995550
|switch|p2a: Mawile|Mawile-Mega, L50, F|54/100
|turn|6
|
|t:|1784995566
|move|p1a: Raichu|Zap Cannon|p2a: Mawile
|-damage|p2a: Mawile|0 fnt
|faint|p2a: Mawile
|move|p1b: Farigiraf|Psychic|p2b: Farigiraf
|-resisted|p2b: Farigiraf|1
|-damage|p2b: Farigiraf|80/100
|move|p2b: Farigiraf|Thunderbolt|p1a: Raichu
|-resisted|p1a: Raichu|1
|-damage|p1a: Raichu|86/100
|
|upkeep
|turn|7
|-message|guillelona forfeited.
|
|win|crosseczek
|l|☆guillelona
|player|p2|
||guillelona is ready for game 3.
||crosseczek is ready for game 3.
|uhtml|next|Next: Game 3 of 3
|l|☆crosseczek
|player|p1|
|j|☆crosseczek
|player|p1|crosseczek|maid|
|j|☆guillelona
|player|p2|guillelona|veteran|
