|j|☆starlight74
|j|☆kk1pper1314
|html|starlight74kk1pper1314    
|uhtml|bestof|Game 1 of a best-of-3
|t:|1784682704
|gametype|doubles
|player|p1|starlight74|anabel-gen7|1478
|player|p2|kk1pper1314|2|1407
|gen|9
|tier|[Gen 9 Champions] VGC 2026 Reg M-B (Bo3)
|rated|
|rule|Species Clause: Limit one of each Pokémon
|rule|Item Clause: Limit 1 of each item
|clearpoke
|poke|p1|Raichu, L50, F|
|poke|p1|Meganium, L50, F|
|poke|p1|Pelipper, L50, F|
|poke|p1|Archaludon, L50, F|
|poke|p1|Basculegion, L50, M|
|poke|p1|Grimmsnarl, L50, M|
|poke|p2|Tyranitar, L50, F|
|poke|p2|Excadrill, L50, M|
|poke|p2|Milotic, L50, M|
|poke|p2|Talonflame, L50, F|
|poke|p2|Raichu, L50, F|
|poke|p2|Staraptor, L50, M|
|teampreview|4
|showteam|p1|Raichu||RaichuniteX|LightningRod|VoltTackle,VoltSwitch,FakeOut,Protect|Jolly||F|||50|]Meganium||Meganiumite|LeafGuard|SolarBeam,DazzlingGleam,WeatherBall,Protect|Modest||F|||50|]Pelipper||ChoiceScarf|Drizzle|WeatherBall,Hurricane,Soak,RainDance|Timid||F|||50|]Archaludon||Leftovers|Stamina|ElectroShot,FlashCannon,DragonPulse,Protect|Modest||F|||50|]Basculegion||LifeOrb|SwiftSwim|WaveCrash,LastRespects,AquaJet,Protect|Adamant||M|||50|]Grimmsnarl||LightClay|Prankster|LightScreen,Reflect,PartingShot,SpiritBreak|Sassy||M|||50|
|showteam|p2|Tyranitar||ChoiceScarf|SandStream|KnockOff,RockSlide,IcePunch,LowKick|Jolly||F|||50|]Excadrill||FocusSash|SandRush|Protect,IronHead,HighHorsepower,RockTomb|Jolly||M|||50|]Milotic||Leftovers|Competitive|Protect,Scald,IceBeam,Haze|Calm||M|||50|]Talonflame||LifeOrb|GaleWings|Protect,QuickGuard,Tailwind,BraveBird|Jolly||F|||50|]Raichu||RaichuniteY|LightningRod|Protect,FakeOut,ZapCannon,FocusBlast|Timid||F|||50|]Staraptor||Staraptite|Intimidate|Protect,Roost,BraveBird,CloseCombat|Jolly||M|||50|
|inactive|Battle timer is ON: inactive players will automatically lose when time's up. (requested by kk1pper1314)
|inactive|starlight74 also wants the timer to be on.
|inactive|kk1pper1314 has 60 seconds left.
|
|t:|1784682758
|teamsize|p1|4
|teamsize|p2|4
|start
|switch|p1a: Basculegion|Basculegion, L50, M|100/100
|switch|p1b: Archaludon|Archaludon, L50, F|100/100
|switch|p2a: Raichu|Raichu, L50, F|100/100
|switch|p2b: Talonflame|Talonflame, L50, F|100/100
|turn|1
|inactive|starlight74 has 30 seconds left.
|
|t:|1784682797
|detailschange|p2a: Raichu|Raichu-Mega-Y, L50, F
|-mega|p2a: Raichu|Raichu|Raichunite Y
|move|p1a: Basculegion|Protect|p1a: Basculegion
|-singleturn|p1a: Basculegion|Protect
|move|p2b: Talonflame|Tailwind|p2b: Talonflame
|-sidestart|p2: kk1pper1314|move: Tailwind
|move|p2a: Raichu|Zap Cannon|p1a: Basculegion
|-activate|p1a: Basculegion|move: Protect
|move|p1b: Archaludon|Dragon Pulse|p2a: Raichu
|-damage|p2a: Raichu|43/100
|
|upkeep
|turn|2
|
|t:|1784682810
|switch|p1b: Pelipper|Pelipper, L50, F|100/100
|-weather|RainDance|[from] ability: Drizzle|[of] p1b: Pelipper
|move|p2a: Raichu|Protect|p2a: Raichu
|-singleturn|p2a: Raichu|Protect
|move|p2b: Talonflame|Brave Bird|p1a: Basculegion
|-damage|p1a: Basculegion|22/100
|-damage|p2b: Talonflame|67/100|[from] Recoil
|-damage|p2b: Talonflame|58/100|[from] item: Life Orb
|move|p1a: Basculegion|Aqua Jet|p2a: Raichu
|-activate|p2a: Raichu|move: Protect
|
|-weather|RainDance|[upkeep]
|upkeep
|turn|3
|
|t:|1784682830
|switch|p1b: Archaludon|Archaludon, L50, F|100/100
|move|p2b: Talonflame|Quick Guard|p2b: Talonflame
|-singleturn|p2b: Talonflame|Quick Guard
|move|p2a: Raichu|Zap Cannon|p1b: Archaludon
|-resisted|p1b: Archaludon|1
|-damage|p1b: Archaludon|68/100
|-status|p1b: Archaludon|par
|-ability|p1b: Archaludon|Stamina|boost
|-boost|p1b: Archaludon|def|1
|move|p1a: Basculegion|Wave Crash|p2a: Raichu
|-damage|p2a: Raichu|0 fnt
|faint|p2a: Raichu
|-damage|p1a: Basculegion|12/100|[from] Recoil
|-damage|p1a: Basculegion|2/100|[from] item: Life Orb
|
|-weather|RainDance|[upkeep]
|-heal|p1b: Archaludon|74/100 par|[from] item: Leftovers
|upkeep
|
|t:|1784682842
|switch|p2a: Tyranitar|Tyranitar, L50, F|100/100
|-weather|Sandstorm|[from] ability: Sand Stream|[of] p2a: Tyranitar
|turn|4
|
|t:|1784682853
|switch|p1b: Pelipper|Pelipper, L50, F|100/100
|-weather|RainDance|[from] ability: Drizzle|[of] p1b: Pelipper
|move|p1a: Basculegion|Protect|p1a: Basculegion
|-singleturn|p1a: Basculegion|Protect
|move|p2b: Talonflame|Quick Guard|p2b: Talonflame
|-singleturn|p2b: Talonflame|Quick Guard
|move|p2a: Tyranitar|Knock Off|p1b: Pelipper
|-damage|p1b: Pelipper|29/100
|-enditem|p1b: Pelipper|Choice Scarf|[from] move: Knock Off|[of] p2a: Tyranitar
|
|-weather|RainDance|[upkeep]
|-sideend|p2: kk1pper1314|move: Tailwind
|upkeep
|turn|5
|
|t:|1784682869
|move|p1a: Basculegion|Wave Crash|p2a: Tyranitar
|-supereffective|p2a: Tyranitar|1
|-damage|p2a: Tyranitar|0 fnt
|faint|p2a: Tyranitar
|-damage|p1a: Basculegion|0 fnt|[from] Recoil
|faint|p1a: Basculegion
|move|p2b: Talonflame|Brave Bird|p1b: Pelipper
|-crit|p1b: Pelipper
|-damage|p1b: Pelipper|0 fnt
|faint|p1b: Pelipper
|-damage|p2b: Talonflame|49/100|[from] Recoil
|-damage|p2b: Talonflame|39/100|[from] item: Life Orb
|
|-weather|RainDance|[upkeep]
|upkeep
|
|t:|1784682874
|switch|p1a: Archaludon|Archaludon, L50, F|74/100 par
|switch|p1b: Meganium|Meganium, L50, F|100/100
|switch|p2a: Excadrill|Excadrill, L50, M|100/100
|turn|6
|
|t:|1784682893
|detailschange|p1b: Meganium|Meganium-Mega, L50, F
|-mega|p1b: Meganium|Meganium|Meganiumite
|move|p2b: Talonflame|Protect|p2b: Talonflame
|-singleturn|p2b: Talonflame|Protect
|move|p1b: Meganium|Protect|p1b: Meganium
|-singleturn|p1b: Meganium|Protect
|move|p2a: Excadrill|High Horsepower|p1a: Archaludon
|-supereffective|p1a: Archaludon|1
|-damage|p1a: Archaludon|3/100 par
|-ability|p1a: Archaludon|Stamina|boost
|-boost|p1a: Archaludon|def|1
|cant|p1a: Archaludon|par
|
|-weather|RainDance|[upkeep]
|-heal|p1a: Archaludon|9/100 par|[from] item: Leftovers
|upkeep
|turn|7
|-message|starlight74 forfeited.
|
|win|kk1pper1314
