|j|☆itina99
|j|☆sun goes wrong
|html|itina99sun goes wrong    
|uhtml|bestof|Game 2 of a best-of-3
|t:|1784994891
|gametype|doubles
|player|p1|itina99|n|
|player|p2|sun goes wrong|101|
|gen|9
|tier|[Gen 9 Champions] VGC 2026 Reg M-B (Bo3)
|rule|Species Clause: Limit one of each Pokémon
|rule|Item Clause: Limit 1 of each item
|clearpoke
|poke|p1|Farigiraf, L50, M|
|poke|p1|Kangaskhan, L50, F|
|poke|p1|Torkoal, L50, M|
|poke|p1|Mawile, L50, F|
|poke|p1|Charizard, L50, F|
|poke|p1|Basculegion, L50, M|
|poke|p2|Pikachu, L50, M|
|poke|p2|Charizard, L50, F|
|poke|p2|Swampert, L50, F|
|poke|p2|Pelipper, L50, M|
|poke|p2|Ninetales-Alola, L50, M|
|poke|p2|Tyranitar, L50, F|
|teampreview|4
|showteam|p1|Farigiraf||SitrusBerry|ArmorTail|TrickRoom,HelpingHand,Psychic,Thunderbolt|Quiet||M|||50|]Kangaskhan||LifeOrb|Scrappy|FakeOut,DoubleEdge,IcePunch,HammerArm|Brave||F|||50|]Torkoal||Charcoal|Drought|Eruption,WeatherBall,EarthPower,Protect|Quiet||M|||50|]Mawile||Mawilite|Intimidate|SwordsDance,PlayRough,SuckerPunch,RockSlide|Brave||F|||50|]Charizard||CharizarditeY|Blaze|HeatWave,WeatherBall,SolarBeam,Protect|Modest||F|||50|]Basculegion||FocusSash|Adaptability|Liquidation,AquaJet,LastRespects,Protect|Adamant||M|||50|
|showteam|p2|Pikachu||LightBall|LightningRod|FakeOut,VoltSwitch,HelpingHand,Nuzzle|Timid||M|||50|]Charizard||CharizarditeY|Blaze|HeatWave,WeatherBall,Protect,SolarBeam|Modest||F|||50|]Swampert||Swampertite|Torrent|Earthquake,HighHorsepower,Protect,WaveCrash|Adamant||F|||50|]Pelipper||FocusSash|Drizzle|Tailwind,WideGuard,Hurricane,WeatherBall|Modest||M|||50|]Ninetales-Alola||NeverMeltIce|SnowWarning|Moonblast,FreezeDry,IcyWind,Protect|Timid||M|||50|]Tyranitar||Tyranitarite|SandStream|RockSlide,KnockOff,LowKick,Protect|Adamant||F|||50|
|
|t:|1784994910
|teamsize|p1|4
|teamsize|p2|4
|start
|switch|p1a: Farigiraf|Farigiraf, L50, M|100/100
|switch|p1b: Kangaskhan|Kangaskhan, L50, F|100/100
|switch|p2a: Charizard|Charizard, L50, F|100/100
|switch|p2b: Tyranitar|Tyranitar, L50, F|100/100
|-weather|Sandstorm|[from] ability: Sand Stream|[of] p2b: Tyranitar
|turn|1
|
|t:|1784994928
|detailschange|p2a: Charizard|Charizard-Mega-Y, L50, F
|-mega|p2a: Charizard|Charizard|Charizardite Y
|-weather|SunnyDay|[from] ability: Drought|[of] p2a: Charizard
|move|p1b: Kangaskhan|Fake Out|p2b: Tyranitar
|-resisted|p2b: Tyranitar|1
|-damage|p2b: Tyranitar|88/100
|-damage|p1b: Kangaskhan|90/100|[from] item: Life Orb
|move|p2a: Charizard|Weather Ball|p1a: Farigiraf
|-damage|p1a: Farigiraf|11/100
|-enditem|p1a: Farigiraf|Sitrus Berry|[eat]
|-heal|p1a: Farigiraf|36/100|[from] item: Sitrus Berry
|cant|p2b: Tyranitar|flinch
|move|p1a: Farigiraf|Trick Room|p1a: Farigiraf
|-fieldstart|move: Trick Room|[of] p1a: Farigiraf
|
|-weather|SunnyDay|[upkeep]
|upkeep
|turn|2
|
|t:|1784994948
|move|p2b: Tyranitar|Protect|p2b: Tyranitar
|-singleturn|p2b: Tyranitar|Protect
|move|p1a: Farigiraf|Thunderbolt|p2a: Charizard
|-supereffective|p2a: Charizard|1
|-damage|p2a: Charizard|48/100
|move|p1b: Kangaskhan|Hammer Arm|p2b: Tyranitar
|-activate|p2b: Tyranitar|move: Protect
|move|p2a: Charizard|Heat Wave|p1a: Farigiraf|[spread] p1a,p1b
|-damage|p1a: Farigiraf|0 fnt
|-damage|p1b: Kangaskhan|20/100y
|faint|p1a: Farigiraf
|
|-weather|SunnyDay|[upkeep]
|upkeep
|
|t:|1784994959
|switch|p1a: Mawile|Mawile, L50, F|100/100
|-ability|p1a: Mawile|Intimidate|boost
|-unboost|p2a: Charizard|atk|1
|-unboost|p2b: Tyranitar|atk|1
|turn|3
|
|t:|1784994978
|switch|p2b: Pelipper|Pelipper, L50, M|100/100
|-weather|RainDance|[from] ability: Drizzle|[of] p2b: Pelipper
|detailschange|p1a: Mawile|Mawile-Mega, L50, F
|-mega|p1a: Mawile|Mawile|Mawilite
|move|p2a: Charizard|Protect|p2a: Charizard
|-singleturn|p2a: Charizard|Protect
|move|p1a: Mawile|Rock Slide|p2b: Pelipper|[spread] 
|-activate|p2a: Charizard|move: Protect
|-miss|p1a: Mawile|p2b: Pelipper
|move|p1b: Kangaskhan|Hammer Arm|p2b: Pelipper
|-resisted|p2b: Pelipper|1
|-damage|p2b: Pelipper|71/100
|-unboost|p1b: Kangaskhan|spe|1
|-damage|p1b: Kangaskhan|10/100|[from] item: Life Orb
|
|-weather|RainDance|[upkeep]
|upkeep
|turn|4
|
|t:|1784995014
|switch|p2a: Swampert|Swampert, L50, F|100/100
|move|p1a: Mawile|Play Rough|p2b: Pelipper
|-damage|p2b: Pelipper|0 fnt
|faint|p2b: Pelipper
|move|p1b: Kangaskhan|Double-Edge|p2a: Swampert
|-damage|p2a: Swampert|27/100
|-damage|p1b: Kangaskhan|0 fnt|[from] Recoil
|faint|p1b: Kangaskhan
|
|-weather|RainDance|[upkeep]
|upkeep
|
|t:|1784995024
|switch|p1b: Basculegion|Basculegion, L50, M|100/100
|switch|p2b: Tyranitar|Tyranitar, L50, F|88/100
|-weather|Sandstorm|[from] ability: Sand Stream|[of] p2b: Tyranitar
|turn|5
|
|t:|1784995035
|move|p2a: Swampert|Protect|p2a: Swampert
|-singleturn|p2a: Swampert|Protect
|move|p2b: Tyranitar|Protect|p2b: Tyranitar
|-singleturn|p2b: Tyranitar|Protect
|move|p1b: Basculegion|Aqua Jet|p2a: Swampert
|-activate|p2a: Swampert|move: Protect
|move|p1a: Mawile|Play Rough|p2b: Tyranitar
|-activate|p2b: Tyranitar|move: Protect
|
|-weather|Sandstorm|[upkeep]
|-damage|p1b: Basculegion|93/100|[from] Sandstorm
|-fieldend|move: Trick Room
|upkeep
|turn|6
|
|t:|1784995050
|move|p1b: Basculegion|Liquidation|p2a: Swampert
|-damage|p2a: Swampert|0 fnt
|faint|p2a: Swampert
|move|p2b: Tyranitar|Knock Off|p1b: Basculegion
|-supereffective|p1b: Basculegion|1
|-damage|p1b: Basculegion|0 fnt
|-enditem|p1b: Basculegion|Focus Sash|[from] move: Knock Off|[of] p2b: Tyranitar
|faint|p1b: Basculegion
|move|p1a: Mawile|Play Rough|p2b: Tyranitar
|-supereffective|p2b: Tyranitar|1
|-damage|p2b: Tyranitar|0 fnt
|faint|p2b: Tyranitar
|
|-weather|Sandstorm|[upkeep]
|upkeep
|
|t:|1784995056
|switch|p2b: Charizard|Charizard-Mega-Y, L50, F|48/100
|-weather|SunnyDay|[from] ability: Drought|[of] p2b: Charizard
|turn|7
|
|t:|1784995063
|move|p1a: Mawile|Sucker Punch|p2b: Charizard
|-damage|p2b: Charizard|0 fnt
|faint|p2b: Charizard
|
|win|itina99
|c|☆itina99|gg
|c|☆sun goes wrong|Gg
|c|☆itina99|carico io?
|c|☆sun goes wrong|Vai libero
|l|☆sun goes wrong
|player|p2|
