|j|☆WaluigiVGC
|j|☆FFLastResort
|html|WaluigiVGCFFLastResort    
|uhtml|bestof|Game 1 of a best-of-3
|t:|1757023437
|gametype|doubles
|player|p1|WaluigiVGC|169|1217
|player|p2|FFLastResort|ethan|1250
|gen|9
|tier|[Gen 9] VGC 2025 Reg H (Bo3)
|rated|
|rule|Species Clause: Limit one of each Pokémon
|rule|Item Clause: Limit 1 of each item
|clearpoke
|poke|p1|Sneasler, L50, F|
|poke|p1|Indeedee, L50, M|
|poke|p1|Whimsicott, L50, M|
|poke|p1|Ursaluna-Bloodmoon, L50, M|
|poke|p1|Tatsugiri, L50, F|
|poke|p1|Dondozo, L50, M|
|poke|p2|Gholdengo, L50|
|poke|p2|Dragonite, L50, M|
|poke|p2|Maushold-Four, L50|
|poke|p2|Rillaboom, L50, M|
|poke|p2|Ursaluna-Bloodmoon, L50, M|
|poke|p2|Annihilape, L50, M|
|teampreview|4
|showteam|p1|Sneasler||PsychicSeed|Unburden|DireClaw,CloseCombat,ThroatChop,Protect|||F|||50|,,,,,Dark]Indeedee||FocusSash|PsychicSurge|ExpandingForce,TeraBlast,HelpingHand,Protect|||M|||50|,,,,,Psychic]Whimsicott||CovertCloak|Prankster|Moonblast,Tailwind,HelpingHand,LightScreen|||M|||50|,,,,,Poison]Ursaluna-Bloodmoon||SilkScarf|MindsEye|BloodMoon,HyperVoice,EarthPower,Protect|||M|||50|,,,,,Normal]Tatsugiri||SafetyGoggles|Commander|DracoMeteor,MuddyWater,HelpingHand,Protect|||F|||50|,,,,,Normal]Dondozo||Leftovers|Unaware|WaveCrash,Earthquake,OrderUp,Protect|||M|||50|,,,,,Grass
|showteam|p2|Gholdengo||LifeOrb|GoodasGold|MakeItRain,ShadowBall,NastyPlot,Protect||||||50|,,,,,Water]Dragonite||LoadedDice|Multiscale|Tailwind,Haze,Protect,ScaleShot|||M|||50|,,,,,Fairy]Maushold-Four||FocusSash|FriendGuard|Taunt,FollowMe,BeatUp,Protect||||||50|,,,,,Ghost]Rillaboom||MiracleSeed|GrassySurge|FakeOut,WoodHammer,GrassyGlide,HighHorsepower|||M|||50|,,,,,Grass]Ursaluna-Bloodmoon||AssaultVest|MindsEye|BloodMoon,EarthPower,HyperVoice,VacuumWave|||M|||50|,,,,,Water]Annihilape||SitrusBerry|Defiant|DrainPunch,RageFist,BulkUp,Protect|||M|||50|,,,,,Fire
|inactive|Battle timer is ON: inactive players will automatically lose when time's up. (requested by FFLastResort)
|
|t:|1757023474
|teamsize|p1|4
|teamsize|p2|4
|start
|switch|p1a: Whimsicott|Whimsicott, L50, M|100/100
|switch|p1b: Ursaluna|Ursaluna-Bloodmoon, L50, M|100/100
|switch|p2a: Dragonite|Dragonite, L50, M|100/100
|switch|p2b: Ursaluna|Ursaluna-Bloodmoon, L50, M|100/100
|turn|1
|inactive|WaluigiVGC has 30 seconds left.
|
|t:|1757023501
|-terastallize|p1b: Ursaluna|Normal
|move|p1a: Whimsicott|Tailwind|p1a: Whimsicott
|-sidestart|p1: WaluigiVGC|move: Tailwind
|move|p1b: Ursaluna|Blood Moon|p2b: Ursaluna
|-damage|p2b: Ursaluna|7/100
|move|p2a: Dragonite|Tailwind|p2a: Dragonite
|-sidestart|p2: FFLastResort|move: Tailwind
|move|p2b: Ursaluna|Blood Moon|p1b: Ursaluna
|-damage|p1b: Ursaluna|5/100
|
|upkeep
|turn|2
|inactive|FFLastResort has 30 seconds left.
|
|t:|1757023526
|switch|p2a: Gholdengo|Gholdengo, L50|100/100
|move|p1b: Ursaluna|Protect|p1b: Ursaluna
|-singleturn|p1b: Ursaluna|Protect
|move|p2b: Ursaluna|Vacuum Wave|p1b: Ursaluna
|-activate|p1b: Ursaluna|move: Protect
|move|p1a: Whimsicott|Moonblast|p2b: Ursaluna
|-damage|p2b: Ursaluna|0 fnt
|faint|p2b: Ursaluna
|
|upkeep
|
|t:|1757023536
|switch|p2b: Dragonite|Dragonite, L50, M|100/100
|turn|3
|
|t:|1757023557
|-terastallize|p2b: Dragonite|Fairy
|move|p1a: Whimsicott|Light Screen|p1a: Whimsicott
|-sidestart|p1: WaluigiVGC|move: Light Screen
|move|p2a: Gholdengo|Make It Rain|p1a: Whimsicott|[spread] p1a,p1b
|-supereffective|p1a: Whimsicott
|-damage|p1a: Whimsicott|13/100
|-damage|p1b: Ursaluna|0 fnt
|-unboost|p2a: Gholdengo|spa|1
|faint|p1b: Ursaluna
|-damage|p2a: Gholdengo|91/100|[from] item: Life Orb
|move|p2b: Dragonite|Scale Shot|p1a: Whimsicott
|-immune|p1a: Whimsicott
|
|upkeep
|
|t:|1757023571
|switch|p1b: Sneasler|Sneasler, L50, F, shiny|100/100
|turn|4
|
|t:|1757023593
|move|p1a: Whimsicott|Helping Hand|p1b: Sneasler
|-singleturn|p1b: Sneasler|Helping Hand|[of] p1a: Whimsicott
|move|p1b: Sneasler|Dire Claw|p2b: Dragonite
|-supereffective|p2b: Dragonite
|-damage|p2b: Dragonite|19/100
|-status|p2b: Dragonite|par
|move|p2a: Gholdengo|Make It Rain|p1a: Whimsicott|[spread] p1a,p1b
|-supereffective|p1a: Whimsicott
|-damage|p1a: Whimsicott|0 fnt
|-damage|p1b: Sneasler|65/100
|-unboost|p2a: Gholdengo|spa|1
|faint|p1a: Whimsicott
|-damage|p2a: Gholdengo|81/100|[from] item: Life Orb
|move|p2b: Dragonite|Scale Shot|p1b: Sneasler
|-damage|p1b: Sneasler|42/100
|-damage|p1b: Sneasler|18/100
|-damage|p1b: Sneasler|0 fnt
|faint|p1b: Sneasler
|-hitcount|p1: Sneasler|3
|-unboost|p2b: Dragonite|def|1
|-boost|p2b: Dragonite|spe|1
|
|-sideend|p2: FFLastResort|move: Tailwind
|-sideend|p1: WaluigiVGC|move: Tailwind
|upkeep
|
|t:|1757023617
|switch|p1b: Indeedee|Indeedee, L50, M|100/100
|-fieldstart|move: Psychic Terrain|[from] ability: Psychic Surge|[of] p1b: Indeedee
|turn|5
|
|t:|1757023625
|switch|p2a: Rillaboom|Rillaboom, L50, M|100/100
|-fieldstart|move: Grassy Terrain|[from] ability: Grassy Surge|[of] p2a: Rillaboom
|move|p2b: Dragonite|Protect|p2b: Dragonite
|-singleturn|p2b: Dragonite|Protect
|move|p1b: Indeedee|Expanding Force|p2a: Rillaboom
|-damage|p2a: Rillaboom|58/100
|
|-heal|p2a: Rillaboom|64/100|[from] Grassy Terrain
|-heal|p2b: Dragonite|25/100 par|[from] Grassy Terrain
|upkeep
|turn|6
|
|t:|1757023638
|move|p1b: Indeedee|Protect|p1b: Indeedee
|-singleturn|p1b: Indeedee|Protect
|move|p2a: Rillaboom|Fake Out|p1b: Indeedee
|-activate|p1b: Indeedee|move: Protect
|move|p2b: Dragonite|Tailwind|p2b: Dragonite
|-sidestart|p2: FFLastResort|move: Tailwind
|
|-heal|p2a: Rillaboom|70/100|[from] Grassy Terrain
|-heal|p2b: Dragonite|31/100 par|[from] Grassy Terrain
|upkeep
|turn|7
|
|t:|1757023648
|move|p2a: Rillaboom|Grassy Glide|p1b: Indeedee
|-damage|p1b: Indeedee|3/100
|cant|p2b: Dragonite|par
|move|p1b: Indeedee|Expanding Force|p2b: Dragonite
|-damage|p2b: Dragonite|0 fnt
|faint|p2b: Dragonite
|
|-heal|p2a: Rillaboom|77/100|[from] Grassy Terrain
|-heal|p1b: Indeedee|9/100|[from] Grassy Terrain
|-sideend|p1: WaluigiVGC|move: Light Screen
|upkeep
|
|t:|1757023652
|switch|p2b: Gholdengo|Gholdengo, L50|81/100
|turn|8
|
|t:|1757023663
|move|p2a: Rillaboom|Grassy Glide|p1b: Indeedee
|-damage|p1b: Indeedee|0 fnt
|faint|p1b: Indeedee
|
|win|FFLastResort
||FFLastResort is ready for game 2.
