|j|☆lelatez
|j|☆JuanGuerrero09
|html|lelatezJuanGuerrero09    
|uhtml|bestof|Game 1 of a best-of-3
|t:|1756992336
|gametype|doubles
|player|p1|lelatez|266|1033
|player|p2|JuanGuerrero09|169|1121
|gen|9
|tier|[Gen 9] VGC 2025 Reg H (Bo3)
|rated|
|rule|Species Clause: Limit one of each Pokémon
|rule|Item Clause: Limit 1 of each item
|clearpoke
|poke|p1|Annihilape, L50, F|
|poke|p1|Primarina, L50, M|
|poke|p1|Rillaboom, L50, M|
|poke|p1|Arcanine, L50, F|
|poke|p1|Hydreigon, L50, M|
|poke|p1|Farigiraf, L50, M|
|poke|p2|Sneasler, L50, M|
|poke|p2|Indeedee, L50, M|
|poke|p2|Tyranitar, L50, M|
|poke|p2|Excadrill, L50, M|
|poke|p2|Gholdengo, L50|
|poke|p2|Incineroar, L50, F|
|teampreview|4
|showteam|p1|Annihilape||Leftovers|Defiant|Protect,BulkUp,RageFist,DrainPunch|||F|||50|,,,,,Fire]Primarina||ThroatSpray|LiquidVoice|HyperVoice,Moonblast,Haze,Protect|||M|||50|,,,,,Poison]Rillaboom||AssaultVest|GrassySurge|FakeOut,GrassyGlide,Uturn,WoodHammer|||M|||50|,,,,,Grass]Arcanine||SitrusBerry|Intimidate|FlareBlitz,ExtremeSpeed,Snarl,Protect|||F|||50|,,,,,Grass]Hydreigon||CovertCloak|Levitate|Tailwind,DracoMeteor,DarkPulse,Protect|||M|||50|,,,,,Poison]Farigiraf||ColburBerry|ArmorTail|TrickRoom,Protect,Imprison,ExpandingForce|||M|||50|,,,,,Fairy
|showteam|p2|Sneasler||WhiteHerb|Unburden|CloseCombat,DireClaw,FakeOut,Protect|||M|||50|,,,,,Dark]Indeedee||ChoiceScarf|PsychicSurge|ExpandingForce,TeraBlast,Trick,Protect|||M|||50|,,,,,Fire]Tyranitar||AssaultVest|SandStream|RockSlide,KnockOff,TeraBlast,LowKick|||M|||50|,,,,,Flying]Excadrill||FocusSash|SandRush|HighHorsepower,Earthquake,IronHead,Protect|||M|||50|,,,,,Ground]Gholdengo||MetalCoat|GoodasGold|ShadowBall,Protect,MakeItRain,NastyPlot||||||50|,,,,,Water]Incineroar||SafetyGoggles|Intimidate|FakeOut,KnockOff,FlareBlitz,PartingShot|||F|||50|,,,,,Ghost
|inactive|Battle timer is ON: inactive players will automatically lose when time's up. (requested by lelatez)
|inactive|lelatez has 60 seconds left.
|inactive|JuanGuerrero09 has 60 seconds left.
|
|t:|1756992383
|teamsize|p1|4
|teamsize|p2|4
|start
|switch|p1a: Arcanine|Arcanine, L50, F|100/100
|switch|p1b: Farigiraf|Farigiraf, L50, M|100/100
|switch|p2a: Tyranitar|Tyranitar, L50, M|100/100
|switch|p2b: Excadrill|Excadrill, L50, M|100/100
|-ability|p1a: Arcanine|Intimidate|boost
|-unboost|p2a: Tyranitar|atk|1
|-unboost|p2b: Excadrill|atk|1
|-weather|Sandstorm|[from] ability: Sand Stream|[of] p2a: Tyranitar
|turn|1
|inactive|lelatez has 30 seconds left.
|
|t:|1756992410
|switch|p1a: Annihilape|Annihilape, L50, F|100/100
|-terastallize|p2a: Tyranitar|Flying
|move|p2b: Excadrill|Earthquake|p1b: Farigiraf|[spread] p1a,p1b
|-immune|p2a: Tyranitar
|-crit|p1a: Annihilape
|-damage|p1a: Annihilape|29/100
|-damage|p1b: Farigiraf|80/100
|move|p2a: Tyranitar|Knock Off|p1b: Farigiraf
|-supereffective|p1b: Farigiraf
|-enditem|p1b: Farigiraf|Colbur Berry|[eat]
|-enditem|p1b: Farigiraf|Colbur Berry|[weaken]
|-damage|p1b: Farigiraf|51/100
|move|p1b: Farigiraf|Trick Room|p1b: Farigiraf
|-fieldstart|move: Trick Room|[of] p1b: Farigiraf
|
|-weather|Sandstorm|[upkeep]
|-damage|p2a: Tyranitar|95/100|[from] Sandstorm
|-damage|p1b: Farigiraf|45/100|[from] Sandstorm
|-damage|p1a: Annihilape|23/100|[from] Sandstorm
|-heal|p1a: Annihilape|29/100|[from] item: Leftovers
|upkeep
|turn|2
|inactive|lelatez has 30 seconds left.
|inactive|lelatez has 20 seconds left.
|inactive|lelatez has 15 seconds left.
|
|t:|1756992451
|switch|p1b: Arcanine|Arcanine, L50, F|100/100
|-ability|p1b: Arcanine|Intimidate|boost
|-unboost|p2a: Tyranitar|atk|1
|-unboost|p2b: Excadrill|atk|1
|move|p1a: Annihilape|Protect|p1a: Annihilape
|-singleturn|p1a: Annihilape|Protect
|move|p2b: Excadrill|Protect|p2b: Excadrill
|-singleturn|p2b: Excadrill|Protect
|move|p2a: Tyranitar|Tera Blast|p1a: Annihilape|[anim] Tera Blast Flying
|-activate|p1a: Annihilape|move: Protect
|
|-weather|Sandstorm|[upkeep]
|-damage|p2a: Tyranitar|89/100|[from] Sandstorm
|-damage|p1b: Arcanine|94/100|[from] Sandstorm
|-damage|p1a: Annihilape|23/100|[from] Sandstorm
|-heal|p1a: Annihilape|29/100|[from] item: Leftovers
|upkeep
|turn|3
|inactive|JuanGuerrero09 has 30 seconds left.
|
|t:|1756992485
|switch|p1a: Primarina|Primarina, L50, M|100/100
|switch|p2b: Gholdengo|Gholdengo, L50|100/100
|move|p2a: Tyranitar|Knock Off|p1a: Primarina
|-resisted|p1a: Primarina
|-damage|p1a: Primarina|86/100
|-enditem|p1a: Primarina|Throat Spray|[from] move: Knock Off|[of] p2a: Tyranitar
|move|p1b: Arcanine|Flare Blitz|p2b: Gholdengo
|-supereffective|p2b: Gholdengo
|-damage|p2b: Gholdengo|0 fnt
|faint|p2b: Gholdengo
|-damage|p1b: Arcanine|67/100|[from] Recoil
|
|-weather|Sandstorm|[upkeep]
|-damage|p2a: Tyranitar|83/100|[from] Sandstorm
|-damage|p1a: Primarina|80/100|[from] Sandstorm
|-damage|p1b: Arcanine|61/100|[from] Sandstorm
|upkeep
|
|t:|1756992496
|switch|p2b: Excadrill|Excadrill, L50, M|100/100
|turn|4
|
|t:|1756992519
|switch|p2a: Indeedee|Indeedee, L50, M|100/100
|-fieldstart|move: Psychic Terrain|[from] ability: Psychic Surge|[of] p2a: Indeedee
|move|p1a: Primarina|Hyper Voice|p2b: Excadrill|[spread] p2a,p2b
|-supereffective|p2b: Excadrill
|-damage|p2a: Indeedee|58/100
|-damage|p2b: Excadrill|15/100
|move|p1b: Arcanine|Flare Blitz|p2b: Excadrill
|-supereffective|p2b: Excadrill
|-damage|p2b: Excadrill|0 fnt
|faint|p2b: Excadrill
|-damage|p1b: Arcanine|57/100|[from] Recoil
|
|-weather|Sandstorm|[upkeep]
|-damage|p1a: Primarina|74/100|[from] Sandstorm
|-damage|p1b: Arcanine|50/100|[from] Sandstorm
|-damage|p2a: Indeedee|52/100|[from] Sandstorm
|-enditem|p1b: Arcanine|Sitrus Berry|[eat]
|-heal|p1b: Arcanine|75/100|[from] item: Sitrus Berry
|upkeep
|
|t:|1756992530
|switch|p2b: Tyranitar|Tyranitar, L50, M, tera:Flying|83/100
|turn|5
|
|t:|1756992544
|switch|p1b: Farigiraf|Farigiraf, L50, M|45/100
|move|p2b: Tyranitar|Rock Slide|p1a: Primarina|[spread] p1a,p1b
|-damage|p1a: Primarina|42/100
|-damage|p1b: Farigiraf|23/100
|move|p1a: Primarina|Hyper Voice|p2a: Indeedee|[spread] p2a,p2b
|-damage|p2a: Indeedee|5/100
|-damage|p2b: Tyranitar|65/100
|move|p2a: Indeedee|Expanding Force|p1b: Farigiraf|[spread] p1a,p1b
|-resisted|p1b: Farigiraf
|-damage|p1a: Primarina|1/100
|-damage|p1b: Farigiraf|0 fnt
|faint|p1b: Farigiraf
|
|-weather|none
|-fieldend|move: Trick Room
|upkeep
|
|t:|1756992557
|switch|p1b: Arcanine|Arcanine, L50, F|75/100
|-ability|p1b: Arcanine|Intimidate|boost
|-unboost|p2a: Indeedee|atk|1
|-unboost|p2b: Tyranitar|atk|1
|turn|6
|
|t:|1756992568
|move|p2a: Indeedee|Expanding Force|p1b: Arcanine|[spread] p1a,p1b
|-damage|p1a: Primarina|0 fnt
|-damage|p1b: Arcanine|23/100
|faint|p1a: Primarina
|move|p1b: Arcanine|Flare Blitz|p2a: Indeedee
|-damage|p2a: Indeedee|0 fnt
|faint|p2a: Indeedee
|-damage|p1b: Arcanine|22/100|[from] Recoil
|move|p2b: Tyranitar|Rock Slide|p1b: Arcanine|[miss]
|-miss|p2b: Tyranitar|p1b: Arcanine
|
|upkeep
|
|t:|1756992578
|switch|p1a: Annihilape|Annihilape, L50, F|29/100
|turn|7
|
|t:|1756992585
|move|p1a: Annihilape|Rage Fist|p2b: Tyranitar
|-damage|p2b: Tyranitar|32/100
|move|p1b: Arcanine|Flare Blitz|p2b: Tyranitar
|-damage|p2b: Tyranitar|0 fnt
|faint|p2b: Tyranitar
|-damage|p1b: Arcanine|12/100|[from] Recoil
|
|win|lelatez
