|j|☆ZacianBot
|j|☆ttsui234
|html|ZacianBotttsui234    
|uhtml|bestof|Game 2 of a best-of-3
|t:|1785179029
|gametype|doubles
|player|p1|ZacianBot|koga|1000
|player|p2|ttsui234|1|1048
|gen|9
|tier|[Gen 9 Champions] VGC 2026 Reg M-B (Bo3)
|rated|
|rule|Species Clause: Limit one of each Pokémon
|rule|Item Clause: Limit 1 of each item
|clearpoke
|poke|p1|Froslass, L50, F|
|poke|p1|Kingambit, L50, F|
|poke|p1|Incineroar, L50, F|
|poke|p1|Dragonite, L50, M|
|poke|p1|Sneasler, L50, F|
|poke|p1|Palafin, L50, F|
|poke|p2|Staraptor, L50, F|
|poke|p2|Garchomp, L50, M|
|poke|p2|Whimsicott, L50, M|
|poke|p2|Delphox, L50, M, shiny|
|poke|p2|Glimmora, L50, F|
|poke|p2|Kingambit, L50, M, shiny|
|teampreview|4
|showteam|p1|Froslass||Froslassite|SnowCloak|Protect,AuroraVeil,Blizzard,ShadowBall|Timid||F|||50|]Kingambit||ChopleBerry|Defiant|KowtowCleave,SuckerPunch,IronHead,LowKick|Adamant||F|||50|]Incineroar||SitrusBerry|Intimidate|FlareBlitz,PartingShot,ThroatChop,FakeOut|Impish||F|||50|]Dragonite||Dragoninite|Multiscale|Protect,Tailwind,Flamethrower,DragonPulse|Modest||M|||50|]Sneasler||FocusSash|PoisonTouch|Protect,DireClaw,CloseCombat,FakeOut|Jolly||F|||50|]Palafin||MysticWater|ZerotoHero|Protect,JetPunch,WaveCrash,BulkUp|Adamant||F|||50|
|showteam|p2|Staraptor||Staraptite|Intimidate|Protect,Roost,CloseCombat,BraveBird|Jolly||F|||50|]Garchomp||LifeOrb|RoughSkin|Protect,RockSlide,Earthquake,DragonClaw|Jolly||M|||50|]Whimsicott||OccaBerry|Prankster|Moonblast,Tailwind,Charm,LightScreen|Timid||M|||50|]Delphox||Delphoxite|Blaze|HeatWave,Psychic,Substitute,Protect|Modest||M|||50|]Glimmora||FocusSash|ToxicDebris|SpikyShield,EarthPower,PowerGem,SludgeBomb|Timid||F|||50|]Kingambit||ChopleBerry|Defiant|KowtowCleave,IronHead,SuckerPunch,LowKick|Adamant||M|||50|
|inactive|Battle timer is ON: inactive players will automatically lose when time's up. (requested by ZacianBot)
|inactive|ZacianBot has 60 seconds left.
|inactive|ttsui234 has 60 seconds left.
|inactive|ttsui234 has 30 seconds left.
|inactive|ttsui234 has 20 seconds left.
|
|t:|1785179105
|teamsize|p1|4
|teamsize|p2|4
|start
|switch|p1a: Froslass|Froslass, L50, F|100/100
|switch|p1b: Sneasler|Sneasler, L50, F|100/100
|switch|p2a: Delphox|Delphox, L50, M, shiny|100/100
|switch|p2b: Glimmora|Glimmora, L50, F|100/100
|turn|1
|
|t:|1785179130
|detailschange|p1a: Froslass|Froslass-Mega, L50, F
|-mega|p1a: Froslass|Froslass|Froslassite
|-weather|Snowscape|[from] ability: Snow Warning|[of] p1a: Froslass
|move|p2a: Delphox|Protect|p2a: Delphox
|-singleturn|p2a: Delphox|Protect
|move|p1b: Sneasler|Fake Out|p2a: Delphox
|-activate|p2a: Delphox|move: Protect
|move|p1a: Froslass|Aurora Veil|p1a: Froslass
|-sidestart|p1: ZacianBot|move: Aurora Veil
|move|p2b: Glimmora|Power Gem|p1a: Froslass
|-supereffective|p1a: Froslass|1
|-damage|p1a: Froslass|51/100
|
|-weather|Snowscape|[upkeep]
|upkeep
|turn|2
|
|t:|1785179147
|detailschange|p2a: Delphox|Delphox-Mega, L50, M, shiny
|-mega|p2a: Delphox|Delphox|Delphoxite
|move|p1b: Sneasler|Close Combat|p2b: Glimmora
|-damage|p2b: Glimmora|17/100
|-unboost|p1b: Sneasler|def|1
|-unboost|p1b: Sneasler|spd|1
|-activate|p2b: Glimmora|ability: Toxic Debris
|-sidestart|p1: ZacianBot|move: Toxic Spikes
|move|p1a: Froslass|Blizzard|p2b: Glimmora|[spread] p2a,p2b
|-resisted|p2a: Delphox|1
|-crit|p2b: Glimmora
|-damage|p2a: Delphox|85/100
|-damage|p2b: Glimmora|0 fnt
|faint|p2b: Glimmora
|move|p2a: Delphox|Psychic|p1b: Sneasler
|-supereffective|p1b: Sneasler|2
|-enditem|p1b: Sneasler|Focus Sash
|-damage|p1b: Sneasler|1/100
|
|-weather|Snowscape|[upkeep]
|upkeep
|
|t:|1785179159
|switch|p2b: Whimsicott|Whimsicott, L50, M|100/100
|turn|3
|
|t:|1785179173
|move|p1a: Froslass|Protect|p1a: Froslass
|-singleturn|p1a: Froslass|Protect
|move|p2b: Whimsicott|Tailwind|p2b: Whimsicott
|-sidestart|p2: ttsui234|move: Tailwind
|move|p2a: Delphox|Heat Wave|p1a: Froslass|[spread] p1b
|-activate|p1a: Froslass|move: Protect
|-damage|p1b: Sneasler|0 fnt
|faint|p1b: Sneasler
|
|-weather|Snowscape|[upkeep]
|upkeep
|
|t:|1785179183
|switch|p1b: Incineroar|Incineroar, L50, F|100/100
|-status|p1b: Incineroar|psn
|-ability|p1b: Incineroar|Intimidate|boost
|-unboost|p2a: Delphox|atk|1
|-unboost|p2b: Whimsicott|atk|1
|turn|4
|
|t:|1785179198
|switch|p1a: Kingambit|Kingambit, L50, F|100/100
|move|p2a: Delphox|Protect|p2a: Delphox
|-singleturn|p2a: Delphox|Protect
|move|p2b: Whimsicott|Light Screen|p2b: Whimsicott
|-sidestart|p2: ttsui234|move: Light Screen
|move|p1b: Incineroar|Flare Blitz|p2b: Whimsicott
|-supereffective|p2b: Whimsicott|1
|-enditem|p2b: Whimsicott|Occa Berry|[eat]
|-enditem|p2b: Whimsicott|Occa Berry|[weaken]
|-damage|p2b: Whimsicott|47/100
|-status|p2b: Whimsicott|brn
|-damage|p1b: Incineroar|85/100 psn|[from] Recoil
|
|-weather|Snowscape|[upkeep]
|-damage|p1b: Incineroar|73/100 psn|[from] psn
|-damage|p2b: Whimsicott|41/100 brn|[from] brn
|upkeep
|turn|5
|
|t:|1785179212
|move|p2b: Whimsicott|Moonblast|p1a: Kingambit
|-damage|p1a: Kingambit|85/100
|move|p2a: Delphox|Substitute|p2a: Delphox
|-start|p2a: Delphox|Substitute
|-damage|p2a: Delphox|60/100
|move|p1b: Incineroar|Flare Blitz|p2b: Whimsicott
|-supereffective|p2b: Whimsicott|1
|-damage|p2b: Whimsicott|0 fnt
|faint|p2b: Whimsicott
|-damage|p1b: Incineroar|61/100 psn|[from] Recoil
|move|p1a: Kingambit|Kowtow Cleave|p2a: Delphox
|-supereffective|p2a: Delphox|1
|-end|p2a: Delphox|Substitute
|
|-weather|none
|-damage|p1b: Incineroar|49/100 psn|[from] psn
|-sideend|p1: ZacianBot|move: Aurora Veil
|upkeep
|-enditem|p1b: Incineroar|Sitrus Berry|[eat]
|-heal|p1b: Incineroar|74/100 psn|[from] item: Sitrus Berry
|
|t:|1785179220
|switch|p2b: Garchomp|Garchomp, L50, M|100/100
|turn|6
|
|t:|1785179237
|move|p2a: Delphox|Substitute|p2a: Delphox
|-start|p2a: Delphox|Substitute
|-damage|p2a: Delphox|35/100
|move|p2b: Garchomp|Earthquake|p1b: Incineroar|[spread] p1a,p1b
|-immune|p2a: Delphox|[from] ability: Levitate
|-supereffective|p1a: Kingambit|1
|-supereffective|p1b: Incineroar|1
|-damage|p1a: Kingambit|6/100
|-damage|p1b: Incineroar|0 fnt
|faint|p1b: Incineroar
|-damage|p2b: Garchomp|90/100|[from] item: Life Orb
|move|p1a: Kingambit|Kowtow Cleave|p2a: Delphox
|-supereffective|p2a: Delphox|1
|-end|p2a: Delphox|Substitute
|
|-sideend|p2: ttsui234|move: Tailwind
|upkeep
|
|t:|1785179246
|switch|p1b: Froslass|Froslass-Mega, L50, F|51/100
|-status|p1b: Froslass|psn
|-weather|Snowscape|[from] ability: Snow Warning|[of] p1b: Froslass
|turn|7
|
|t:|1785179254
|move|p2b: Garchomp|Protect|p2b: Garchomp
|-singleturn|p2b: Garchomp|Protect
|move|p1a: Kingambit|Sucker Punch|p2a: Delphox
|-supereffective|p2a: Delphox|1
|-damage|p2a: Delphox|0 fnt
|faint|p2a: Delphox
|move|p1b: Froslass|Blizzard|p2b: Garchomp
|-activate|p2b: Garchomp|move: Protect
|
|-weather|Snowscape|[upkeep]
|-damage|p1b: Froslass|39/100 psn|[from] psn
|upkeep
|turn|8
|
|t:|1785179263
|move|p1a: Kingambit|Sucker Punch|p2b: Garchomp
|-damage|p2b: Garchomp|56/100
|-damage|p1a: Kingambit|0 fnt|[from] ability: Rough Skin|[of] p2b: Garchomp
|faint|p1a: Kingambit
|move|p1b: Froslass|Blizzard|p2b: Garchomp
|-supereffective|p2b: Garchomp|2
|-damage|p2b: Garchomp|0 fnt
|faint|p2b: Garchomp
|
|win|ZacianBot
