|j|☆Hemz0 0
|j|☆axewgesundheit
|html|Hemz0 0axewgesundheit    
|uhtml|bestof|Game 2 of a best-of-3
|t:|1755578369
|gametype|doubles
|player|p1|Hemz0 0|depotagent|1202
|player|p2|axewgesundheit|aaron|1218
|gen|9
|tier|[Gen 9] VGC 2025 Reg H (Bo3)
|rated|
|rule|Species Clause: Limit one of each Pokémon
|rule|Item Clause: Limit 1 of each item
|clearpoke
|poke|p1|Incineroar, L50, M|
|poke|p1|Ursaluna, L50, M|
|poke|p1|Pelipper, L50, F|
|poke|p1|Sinistcha, L50|
|poke|p1|Archaludon, L50, F|
|poke|p1|Dragonite, L50, F|
|poke|p2|Basculegion, L50, M|
|poke|p2|Volcarona, L50, F|
|poke|p2|Primarina, L50, F|
|poke|p2|Ursaluna-Bloodmoon, L50, M|
|poke|p2|Incineroar, L50, F|
|poke|p2|Rillaboom, L50, F|
|teampreview|4
|showteam|p1|Incineroar||SafetyGoggles|Intimidate|Taunt,KnockOff,FakeOut,PartingShot|||M|||50|,,,,,Ghost]Ursaluna||FlameOrb|Guts|Protect,Facade,HeadlongRush,Earthquake|||M|||50|,,,,,Ghost]Pelipper||FocusSash|Drizzle|Protect,MuddyWater,Hurricane,Tailwind|||F|||50|,,,,,Ground]Sinistcha||SitrusBerry|Hospitality|MatchaGotcha,LifeDew,RagePowder,TrickRoom||||||50|,,,,,Fire]Archaludon||AssaultVest|Stamina|FlashCannon,BodyPress,ElectroShot,Snarl|||F|||50|,,,,,Bug]Dragonite||LoadedDice|Multiscale|Protect,ScaleShot,Tailwind,Haze|||F|||50|,,,,,Fairy
|showteam|p2|Basculegion||ChoiceScarf|Adaptability|WaveCrash,LastRespects,TeraBlast,FlipTurn|||M|||50|,,,,,Fairy]Volcarona||CovertCloak|FlameBody|HeatWave,TeraBlast,Protect,QuiverDance|||F|||50|,,,,,Fairy]Primarina||ThroatSpray|LiquidVoice|HyperVoice,Moonblast,Protect,Haze|||F|||50|,,,,,Ghost]Ursaluna-Bloodmoon||LifeOrb|MindsEye|BloodMoon,EarthPower,HyperVoice,Protect|||M|||50|,,,,,Ghost]Incineroar||SafetyGoggles|Intimidate|FlareBlitz,KnockOff,PartingShot,FakeOut|||F|||50|,,,,,Dragon]Rillaboom||AssaultVest|GrassySurge|WoodHammer,HighHorsepower,GrassyGlide,FakeOut|||F|||50|,,,,,Dragon
|inactive|Battle timer is ON: inactive players will automatically lose when time's up. (requested by axewgesundheit)
|
|t:|1755578408
|teamsize|p1|4
|teamsize|p2|4
|start
|switch|p1a: Archaludon|Archaludon, L50, F|100/100
|switch|p1b: Pelipper|Pelipper, L50, F|100/100
|switch|p2a: Ursaluna|Ursaluna-Bloodmoon, L50, M|100/100
|switch|p2b: Rillaboom|Rillaboom, L50, F|100/100
|-weather|RainDance|[from] ability: Drizzle|[of] p1b: Pelipper
|-fieldstart|move: Grassy Terrain|[from] ability: Grassy Surge|[of] p2b: Rillaboom
|turn|1
|
|t:|1755578427
|-terastallize|p2a: Ursaluna|Ghost
|move|p2b: Rillaboom|Fake Out|p1b: Pelipper
|-damage|p1b: Pelipper|80/100
|cant|p1b: Pelipper|flinch
|move|p1a: Archaludon|Snarl|p2b: Rillaboom|[spread] p2a,p2b
|-supereffective|p2a: Ursaluna
|-damage|p2a: Ursaluna|69/100
|-damage|p2b: Rillaboom|91/100
|-unboost|p2a: Ursaluna|spa|1
|-unboost|p2b: Rillaboom|spa|1
|move|p2a: Ursaluna|Earth Power|p1a: Archaludon
|-supereffective|p1a: Archaludon
|-damage|p1a: Archaludon|36/100
|-ability|p1a: Archaludon|Stamina|boost
|-boost|p1a: Archaludon|def|1
|-damage|p2a: Ursaluna|59/100|[from] item: Life Orb
|
|-weather|RainDance|[upkeep]
|-heal|p1a: Archaludon|42/100|[from] Grassy Terrain
|-heal|p2b: Rillaboom|97/100|[from] Grassy Terrain
|-heal|p2a: Ursaluna|65/100|[from] Grassy Terrain
|upkeep
|turn|2
|
|t:|1755578457
|move|p2a: Ursaluna|Protect|p2a: Ursaluna
|-singleturn|p2a: Ursaluna|Protect
|move|p1b: Pelipper|Hurricane|p2b: Rillaboom
|-supereffective|p2b: Rillaboom
|-damage|p2b: Rillaboom|15/100
|move|p1a: Archaludon|Snarl|p2b: Rillaboom|[spread] p2b
|-activate|p2a: Ursaluna|move: Protect
|-damage|p2b: Rillaboom|4/100
|-unboost|p2b: Rillaboom|spa|1
|move|p2b: Rillaboom|High Horsepower|p1a: Archaludon
|-supereffective|p1a: Archaludon
|-damage|p1a: Archaludon|9/100
|-ability|p1a: Archaludon|Stamina|boost
|-boost|p1a: Archaludon|def|1
|
|-weather|RainDance|[upkeep]
|-heal|p1a: Archaludon|15/100|[from] Grassy Terrain
|-heal|p2b: Rillaboom|10/100|[from] Grassy Terrain
|-heal|p2a: Ursaluna|70/100|[from] Grassy Terrain
|upkeep
|turn|3
|
|t:|1755578476
|switch|p2a: Primarina|Primarina, L50, F|100/100
|move|p2b: Rillaboom|Grassy Glide|p1b: Pelipper
|-damage|p1b: Pelipper|24/100
|move|p1b: Pelipper|Muddy Water|p2a: Primarina|[spread] p2a,p2b
|-resisted|p2a: Primarina
|-resisted|p2b: Rillaboom
|-damage|p2a: Primarina|80/100
|-damage|p2b: Rillaboom|0 fnt
|faint|p2b: Rillaboom
|move|p1a: Archaludon|Snarl|p2a: Primarina
|-resisted|p2a: Primarina
|-damage|p2a: Primarina|72/100
|-unboost|p2a: Primarina|spa|1
|
|-weather|RainDance|[upkeep]
|-heal|p1a: Archaludon|21/100|[from] Grassy Terrain
|-heal|p2a: Primarina|78/100|[from] Grassy Terrain
|upkeep
|
|t:|1755578486
|switch|p2b: Basculegion|Basculegion, L50, M|100/100
|turn|4
|
|t:|1755578501
|switch|p1b: Sinistcha|Sinistcha, L50|100/100
|-heal|p1a: Archaludon|46/100|[from] ability: Hospitality|[of] p1b: Sinistcha
|move|p2b: Basculegion|Last Respects|p1a: Archaludon
|-damage|p1a: Archaludon|22/100
|-ability|p1a: Archaludon|Stamina|boost
|-boost|p1a: Archaludon|def|1
|move|p1a: Archaludon|Electro Shot||[still]
|-prepare|p1a: Archaludon|Electro Shot
|-boost|p1a: Archaludon|spa|1
|-anim|p1a: Archaludon|Electro Shot|p2a: Primarina
|-supereffective|p2a: Primarina
|-damage|p2a: Primarina|0 fnt
|faint|p2a: Primarina
|
|-weather|RainDance|[upkeep]
|-heal|p1a: Archaludon|28/100|[from] Grassy Terrain
|upkeep
|
|t:|1755578512
|switch|p2a: Ursaluna|Ursaluna-Bloodmoon, L50, M, tera:Ghost|70/100
|turn|5
|
|t:|1755578523
|-terastallize|p1b: Sinistcha|Fire
|move|p1b: Sinistcha|Rage Powder|p1b: Sinistcha
|-singleturn|p1b: Sinistcha|move: Rage Powder
|move|p2b: Basculegion|Last Respects|p1b: Sinistcha
|-damage|p1b: Sinistcha|20/100
|-enditem|p1b: Sinistcha|Sitrus Berry|[eat]
|-heal|p1b: Sinistcha|44/100|[from] item: Sitrus Berry
|move|p1a: Archaludon|Electro Shot||[still]
|-prepare|p1a: Archaludon|Electro Shot
|-boost|p1a: Archaludon|spa|1
|-anim|p1a: Archaludon|Electro Shot|p2b: Basculegion
|-supereffective|p2b: Basculegion
|-damage|p2b: Basculegion|0 fnt
|faint|p2b: Basculegion
|move|p2a: Ursaluna|Earth Power|p1b: Sinistcha
|-supereffective|p1b: Sinistcha
|-damage|p1b: Sinistcha|0 fnt
|faint|p1b: Sinistcha
|-damage|p2a: Ursaluna|60/100|[from] item: Life Orb
|
|-weather|none
|-heal|p1a: Archaludon|35/100|[from] Grassy Terrain
|-heal|p2a: Ursaluna|66/100|[from] Grassy Terrain
|-fieldend|move: Grassy Terrain
|upkeep
|
|t:|1755578542
|switch|p1b: Dragonite|Dragonite, L50, F|100/100
|turn|6
|
|t:|1755578547
|move|p1b: Dragonite|Scale Shot|p2a: Ursaluna
|-damage|p2a: Ursaluna|55/100
|-damage|p2a: Ursaluna|44/100
|-damage|p2a: Ursaluna|32/100
|-damage|p2a: Ursaluna|22/100
|-hitcount|p2a: Ursaluna|4
|-unboost|p1b: Dragonite|def|1
|-boost|p1b: Dragonite|spe|1
|move|p1a: Archaludon|Snarl|p2a: Ursaluna
|-supereffective|p2a: Ursaluna
|-damage|p2a: Ursaluna|0 fnt
|faint|p2a: Ursaluna
|
|win|Hemz0 0
|raw|Hemz0 0's rating: 1202 → 1228(+26 for winning)
|raw|axewgesundheit's rating: 1218 → 1192(-26 for losing)
|l|☆axewgesundheit
|player|p2|
