|j|☆ERoy Jenk
|j|☆jbiscan21
|html|ERoy Jenkjbiscan21    
|uhtml|bestof|Game 2 of a best-of-3
|t:|1784767183
|gametype|doubles
|player|p1|ERoy Jenk|101|
|player|p2|jbiscan21|265|
|gen|9
|tier|[Gen 9 Champions] VGC 2026 Reg M-B (Bo3)
|rule|Species Clause: Limit one of each Pokémon
|rule|Item Clause: Limit 1 of each item
|clearpoke
|poke|p1|Lucario, L50, F|
|poke|p1|Farigiraf, L50, M|
|poke|p1|Weavile, L50, M|
|poke|p1|Arcanine-Hisui, L50, F|
|poke|p1|Dragapult, L50, M|
|poke|p1|Mawile, L50, M|
|poke|p2|Sneasler, L50, F|
|poke|p2|Rotom-Wash, L50|
|poke|p2|Hydreigon, L50, M|
|poke|p2|Basculegion, L50, M|
|poke|p2|Froslass, L50, F|
|poke|p2|Scizor, L50, F|
|teampreview|4
|showteam|p1|Lucario||Lucarionite|InnerFocus|CloseCombat,MeteorMash,BulletPunch,Detect|Jolly||F|||50|]Farigiraf||SitrusBerry|ArmorTail|TrickRoom,Psychic,Thunderbolt,Protect|Relaxed||M|||50|]Weavile||FocusSash|Pickpocket|FakeOut,KnockOff,TripleAxel,Protect|Jolly||M|||50|]Arcanine-Hisui||ChoiceScarf|RockHead|FlareBlitz,HeadSmash,ExtremeSpeed,WildCharge|Adamant||F|||50|]Dragapult||LifeOrb|ClearBody|DragonDarts,PhantomForce,PsychicFangs,Protect|Jolly||M|||50|]Mawile||Mawilite|Intimidate|PlayRough,SuckerPunch,IronHead,Protect|Brave||M|||50|
|showteam|p2|Sneasler||FocusSash|Unburden|DireClaw,CloseCombat,FakeOut,Protect|Jolly||F|||50|]Rotom-Wash||Leftovers|Levitate|VoltSwitch,HydroPump,WillOWisp,Protect|Bold|||||50|]Hydreigon||WhiteHerb|Levitate|DracoMeteor,DarkPulse,Protect,Taunt|Timid||M|||50|]Basculegion||LifeOrb|SwiftSwim|WaveCrash,LastRespects,AquaJet,Protect|Serious||M|||50|]Froslass||Froslassite|SnowCloak|Blizzard,Protect,ShadowBall,AuroraVeil|Serious||F|||50|]Scizor||Scizorite|Technician|BugBite,BulletPunch,CloseCombat,Protect|Serious||F|||50|
|j| estrickholla
|
|t:|1784767213
|teamsize|p1|4
|teamsize|p2|4
|start
|switch|p1a: Dragapult|Dragapult, L50, M|100/100
|switch|p1b: Weavile|Weavile, L50, M|100/100
|switch|p2a: Scizor|Scizor, L50, F|100/100
|switch|p2b: Hydreigon|Hydreigon, L50, M|100/100
|turn|1
|
|t:|1784767247
|move|p2b: Hydreigon|Protect|p2b: Hydreigon
|-singleturn|p2b: Hydreigon|Protect
|move|p1b: Weavile|Fake Out|p2b: Hydreigon
|-activate|p2b: Hydreigon|move: Protect
|move|p2a: Scizor|Bullet Punch|p1b: Weavile
|-supereffective|p1b: Weavile|1
|-enditem|p1b: Weavile|Focus Sash
|-damage|p1b: Weavile|1/100
|move|p1a: Dragapult|Dragon Darts|p2a: Scizor
|-resisted|p2a: Scizor|1
|-crit|p2a: Scizor
|-damage|p2a: Scizor|73/100
|-anim|p1a: Dragapult|Dragon Darts|p2a: Scizor
|-resisted|p2a: Scizor|1
|-damage|p2a: Scizor|58/100
|-damage|p1a: Dragapult|90/100|[from] item: Life Orb
|
|upkeep
|turn|2
|
|t:|1784767296
|detailschange|p2a: Scizor|Scizor-Mega, L50, F
|-mega|p2a: Scizor|Scizor|Scizorite
|move|p1b: Weavile|Protect|p1b: Weavile
|-singleturn|p1b: Weavile|Protect
|move|p2a: Scizor|Protect|p2a: Scizor
|-singleturn|p2a: Scizor|Protect
|move|p1a: Dragapult|Dragon Darts|p2b: Hydreigon
|-supereffective|p2b: Hydreigon|1
|-damage|p2b: Hydreigon|20/100y
|-anim|p1a: Dragapult|Dragon Darts|p2b: Hydreigon
|-supereffective|p2b: Hydreigon|1
|-damage|p2b: Hydreigon|0 fnt
|faint|p2b: Hydreigon
|-damage|p1a: Dragapult|80/100|[from] item: Life Orb
|
|upkeep
|
|t:|1784767327
|switch|p2b: Sneasler|Sneasler, L50, F|100/100
|turn|3
|
|t:|1784767349
|switch|p1b: Lucario|Lucario, L50, F|100/100
|move|p2b: Sneasler|Protect|p2b: Sneasler
|-singleturn|p2b: Sneasler|Protect
|move|p1a: Dragapult|Psychic Fangs|p2b: Sneasler
|-activate|p2b: Sneasler|move: Protect
|move|p2a: Scizor|Bug Bite|p1b: Lucario
|-resisted|p1b: Lucario|2
|-damage|p1b: Lucario|80/100
|
|upkeep
|turn|4
|
|t:|1784767377
|detailschange|p1b: Lucario|Lucario-Mega, L50, F
|-mega|p1b: Lucario|Lucario|Lucarionite
|move|p1a: Dragapult|Psychic Fangs|p2b: Sneasler
|-supereffective|p2b: Sneasler|2
|-enditem|p2b: Sneasler|Focus Sash
|-damage|p2b: Sneasler|1/100
|-damage|p1a: Dragapult|70/100|[from] item: Life Orb
|move|p2b: Sneasler|Close Combat|p1b: Lucario
|-supereffective|p1b: Lucario|1
|-damage|p1b: Lucario|0 fnt
|-unboost|p2b: Sneasler|def|1
|-unboost|p2b: Sneasler|spd|1
|faint|p1b: Lucario
|move|p2a: Scizor|Close Combat|p1a: Dragapult
|-immune|p1a: Dragapult
|
|upkeep
|
|t:|1784767398
|switch|p1b: Weavile|Weavile, L50, M|1/100
|turn|5
|
|t:|1784767422
|move|p2b: Sneasler|Protect|p2b: Sneasler
|-singleturn|p2b: Sneasler|Protect
|move|p1b: Weavile|Fake Out|p2b: Sneasler
|-activate|p2b: Sneasler|move: Protect
|move|p2a: Scizor|Bullet Punch|p1a: Dragapult
|-damage|p1a: Dragapult|23/100
|move|p1a: Dragapult|Phantom Force||[still]
|-prepare|p1a: Dragapult|Phantom Force
|
|upkeep
|turn|6
|
|t:|1784767480
|switch|p2b: Basculegion|Basculegion, L50, M|100/100
|switch|p1b: Arcanine|Arcanine-Hisui, L50, F|100/100
|move|p2a: Scizor|Bullet Punch|p1b: Arcanine
|-damage|p1b: Arcanine|55/100
|move|p1a: Dragapult|Phantom Force|p2a: Scizor|[from] lockedmove
|-crit|p2a: Scizor
|-damage|p2a: Scizor|0 fnt
|faint|p2a: Scizor
|-damage|p1a: Dragapult|13/100|[from] item: Life Orb
|
|upkeep
|
|t:|1784767492
|switch|p2a: Sneasler|Sneasler, L50, F|1/100
|turn|7
|
|t:|1784767523
|move|p2a: Sneasler|Fake Out|p1b: Arcanine
|-resisted|p1b: Arcanine|1
|-damage|p1b: Arcanine|48/100
|cant|p1b: Arcanine|flinch
|move|p1a: Dragapult|Phantom Force||[still]
|-prepare|p1a: Dragapult|Phantom Force
|move|p2b: Basculegion|Last Respects|p1a: Dragapult|[miss]
|-miss|p2b: Basculegion|p1a: Dragapult
|
|upkeep
|turn|8
|
|t:|1784767544
|move|p1b: Arcanine|Extreme Speed|p2a: Sneasler
|-damage|p2a: Sneasler|0 fnt
|faint|p2a: Sneasler
|move|p2b: Basculegion|Aqua Jet|p1b: Arcanine
|-supereffective|p1b: Arcanine|2
|-damage|p1b: Arcanine|0 fnt
|faint|p1b: Arcanine
|-damage|p2b: Basculegion|90/100|[from] item: Life Orb
|move|p1a: Dragapult|Phantom Force|p2b: Basculegion|[from] lockedmove
|-supereffective|p2b: Basculegion|1
|-damage|p2b: Basculegion|0 fnt
|faint|p2b: Basculegion
|-damage|p1a: Dragapult|4/100|[from] item: Life Orb
|
|win|ERoy Jenk
