|j|☆VenuDaAscoInRain
|j|☆mesias707
|html|VenuDaAscoInRainmesias707    
|uhtml|bestof|Game 1 of a best-of-3
|t:|1783293068
|gametype|doubles
|player|p1|VenuDaAscoInRain|li|1287
|player|p2|mesias707|harlequin|1315
|gen|9
|tier|[Gen 9 Champions] VGC 2026 Reg M-B (Bo3)
|rated|
|rule|Species Clause: Limit one of each Pokémon
|rule|Item Clause: Limit 1 of each item
|clearpoke
|poke|p1|Kingambit, L50, M, shiny|
|poke|p1|Charizard, L50, F, shiny|
|poke|p1|Floette-Eternal, L50, F|
|poke|p1|Whimsicott, L50, M|
|poke|p1|Garchomp, L50, F, shiny|
|poke|p1|Basculegion, L50, M|
|poke|p2|Blastoise, L50, F|
|poke|p2|Delphox, L50, M, shiny|
|poke|p2|Incineroar, L50, F, shiny|
|poke|p2|Sneasler, L50, M|
|poke|p2|Sinistcha, L50|
|poke|p2|Kingambit, L50, M, shiny|
|teampreview|4
|showteam|p1|Kingambit||ChopleBerry|Defiant|KowtowCleave,LowKick,SuckerPunch,Protect|Adamant||M|||50|]Charizard||CharizarditeY|SolarPower|HeatWave,WeatherBall,SolarBeam,Protect|Modest||F|||50|]Floette-Eternal||Floettite|FlowerVeil|Moonblast,DazzlingGleam,LightofRuin,Protect|Timid||F|||50|]Whimsicott||FocusSash|Prankster|Moonblast,Tailwind,Encore,Protect|Timid||M|||50|]Garchomp||LifeOrb|RoughSkin|Earthquake,DragonClaw,RockSlide,Protect|Jolly||F|||50|]Basculegion||MysticWater|Adaptability|WaveCrash,AquaJet,LastRespects,Protect|Adamant||M|||50|
|showteam|p2|Blastoise||Blastoisinite|RainDish|WaterSpout,DarkPulse,ShellSmash,Protect|Modest||F|||50|]Delphox||Delphoxite|Blaze|HeatWave,Psyshock,NastyPlot,Protect|Timid||M|||50|]Incineroar||SitrusBerry|Intimidate|FlareBlitz,FakeOut,PartingShot,HelpingHand|Impish||F|||50|]Sneasler||FocusSash|PoisonTouch|CloseCombat,DireClaw,FakeOut,QuickGuard|Jolly||M|||50|]Sinistcha||OccaBerry|Hospitality|MatchaGotcha,RagePowder,TrickRoom,Protect|Bold|||||50|]Kingambit||BlackGlasses|Defiant|KowtowCleave,SuckerPunch,SwordsDance,Protect|Adamant||M|||50|
|inactive|Battle timer is ON: inactive players will automatically lose when time's up. (requested by VenuDaAscoInRain)
|c|☆mesias707|facts
|c|☆VenuDaAscoInRain|odio el sleep powder
|inactive|VenuDaAscoInRain has 60 seconds left.
|c|☆VenuDaAscoInRain|y da mas asco en sol aun
|c|☆mesias707|factazo
|c|☆mesias707|es terrible
|c|☆VenuDaAscoInRain|si tiene el dia te gana solo por dormir
|c|☆VenuDaAscoInRain|0 skill 0 gamplan
|c|☆mesias707|es un bicho asqueroso q lo borren del juego
|inactive|VenuDaAscoInRain has 30 seconds left.
|c|☆VenuDaAscoInRain|y no ponen el puto safety
|c|☆mesias707|ya
|inactive|VenuDaAscoInRain has 20 seconds left.
|inactive|VenuDaAscoInRain has 15 seconds left.
|inactive|VenuDaAscoInRain has 10 seconds left.
|c|☆mesias707|ya veras el mundial lo va ganar un iluminado con venu chari
|inactiveoff|Battle timer is now OFF.
|inactive|Battle timer is ON: inactive players will automatically lose when time's up. (requested by mesias707)
|c|☆VenuDaAscoInRain|exacto
|
|t:|1783293169
|teamsize|p1|4
|teamsize|p2|4
|start
|switch|p1a: Basculegion|Basculegion, L50, M|100/100
|switch|p1b: Garchomp|Garchomp, L50, F, shiny|100/100
|switch|p2a: Delphox|Delphox, L50, M, shiny|100/100
|switch|p2b: Incineroar|Incineroar, L50, F, shiny|100/100
|-ability|p2b: Incineroar|Intimidate|boost
|-unboost|p1a: Basculegion|atk|1
|-unboost|p1b: Garchomp|atk|1
|turn|1
|
|t:|1783293188
|detailschange|p2a: Delphox|Delphox-Mega, L50, M, shiny
|-mega|p2a: Delphox|Delphox|Delphoxite
|move|p2a: Delphox|Protect|p2a: Delphox
|-singleturn|p2a: Delphox|Protect
|move|p1b: Garchomp|Rock Slide|p2b: Incineroar|[spread] p2b
|-activate|p2a: Delphox|move: Protect
|-supereffective|p2b: Incineroar|1
|-damage|p2b: Incineroar|72/100
|-damage|p1b: Garchomp|90/100|[from] item: Life Orb
|move|p1a: Basculegion|Wave Crash|p2b: Incineroar
|-supereffective|p2b: Incineroar|1
|-damage|p2b: Incineroar|0 fnt
|faint|p2b: Incineroar
|-damage|p1a: Basculegion|75/100|[from] Recoil
|
|upkeep
|
|t:|1783293203
|switch|p2b: Kingambit|Kingambit, L50, M, shiny|100/100
|turn|2
|
|t:|1783293210
|switch|p2a: Sinistcha|Sinistcha, L50|100/100
|move|p1a: Basculegion|Protect|p1a: Basculegion
|-singleturn|p1a: Basculegion|Protect
|move|p1b: Garchomp|Earthquake|p2b: Kingambit|[spread] p2a,p2b
|-activate|p1a: Basculegion|move: Protect
|-resisted|p2a: Sinistcha|1
|-supereffective|p2b: Kingambit|1
|-damage|p2a: Sinistcha|87/100
|-damage|p2b: Kingambit|45/100
|-damage|p1b: Garchomp|80/100|[from] item: Life Orb
|move|p2b: Kingambit|Kowtow Cleave|p1a: Basculegion
|-activate|p1a: Basculegion|move: Protect
|
|upkeep
|turn|3
|
|t:|1783293224
|move|p1b: Garchomp|Earthquake|p2b: Kingambit|[spread] p1a,p2a,p2b
|-resisted|p2a: Sinistcha|1
|-supereffective|p2b: Kingambit|1
|-damage|p1a: Basculegion|36/100
|-damage|p2a: Sinistcha|74/100
|-damage|p2b: Kingambit|0 fnt
|faint|p2b: Kingambit
|-damage|p1b: Garchomp|70/100|[from] item: Life Orb
|move|p1a: Basculegion|Last Respects|p2a: Sinistcha
|-supereffective|p2a: Sinistcha|1
|-damage|p2a: Sinistcha|36/100
|move|p2a: Sinistcha|Matcha Gotcha|p1b: Garchomp|[spread] p1a,p1b
|-supereffective|p1a: Basculegion|1
|-damage|p1a: Basculegion|0 fnt
|-heal|p2a: Sinistcha|57/100|[from] drain|[of] p1a: Basculegion
|-damage|p1b: Garchomp|44/100
|-heal|p2a: Sinistcha|70/100|[from] drain|[of] p1b: Garchomp
|-status|p1b: Garchomp|brn
|faint|p1a: Basculegion
|
|-damage|p1b: Garchomp|38/100 brn|[from] brn
|upkeep
|
|t:|1783293232
|switch|p1a: Kingambit|Kingambit, L50, M, shiny|100/100
|switch|p2b: Delphox|Delphox-Mega, L50, M, shiny|100/100
|turn|4
|
|t:|1783293243
|move|p2a: Sinistcha|Rage Powder|p2a: Sinistcha
|-singleturn|p2a: Sinistcha|move: Rage Powder
|move|p2b: Delphox|Heat Wave|p1b: Garchomp|[spread] p1a,p1b
|-supereffective|p1a: Kingambit|1
|-resisted|p1b: Garchomp|1
|-damage|p1a: Kingambit|2/100
|-damage|p1b: Garchomp|13/100 brn
|move|p1b: Garchomp|Rock Slide|p2a: Sinistcha|[spread] p2a,p2b
|-supereffective|p2b: Delphox|1
|-damage|p2a: Sinistcha|63/100
|-damage|p2b: Delphox|77/100
|-damage|p1b: Garchomp|3/100 brn|[from] item: Life Orb
|move|p1a: Kingambit|Kowtow Cleave|p2a: Sinistcha
|-supereffective|p2a: Sinistcha|1
|-damage|p2a: Sinistcha|0 fnt
|faint|p2a: Sinistcha
|
|-damage|p1b: Garchomp|0 fnt|[from] brn
|faint|p1b: Garchomp
|upkeep
|
|t:|1783293247
|switch|p1b: Whimsicott|Whimsicott, L50, M|100/100
|turn|5
|
|t:|1783293258
|move|p1b: Whimsicott|Protect|p1b: Whimsicott
|-singleturn|p1b: Whimsicott|Protect
|move|p1a: Kingambit|Protect|p1a: Kingambit
|-singleturn|p1a: Kingambit|Protect
|move|p2b: Delphox|Heat Wave|p1a: Kingambit|[spread] 
|-activate|p1a: Kingambit|move: Protect
|-activate|p1b: Whimsicott|move: Protect
|
|upkeep
|turn|6
|
|t:|1783293265
|move|p1b: Whimsicott|Encore|p2b: Delphox
|-start|p2b: Delphox|Encore
|move|p1a: Kingambit|Sucker Punch|p2b: Delphox
|-supereffective|p2b: Delphox|1
|-damage|p2b: Delphox|0 fnt
|faint|p2b: Delphox
|
|win|VenuDaAscoInRain
