|j|☆raksbach
|j|☆hamilton60
|html|raksbachhamilton60    
|uhtml|bestof|Game 3 of a best-of-3
|t:|1782982834
|gametype|doubles
|player|p1|raksbach|102|1116
|player|p2|hamilton60|2|1092
|gen|9
|tier|[Gen 9 Champions] VGC 2026 Reg M-B (Bo3)
|rated|
|rule|Species Clause: Limit one of each Pokémon
|rule|Item Clause: Limit 1 of each item
|clearpoke
|poke|p1|Swampert, L50, F|
|poke|p1|Pelipper, L50, F|
|poke|p1|Archaludon, L50, F|
|poke|p1|Grimmsnarl, L50, M|
|poke|p1|Venusaur, L50, M|
|poke|p1|Basculegion, L50, M|
|poke|p2|Whimsicott, L50, M|
|poke|p2|Sneasler, L50, M|
|poke|p2|Floette-Eternal, L50, F|
|poke|p2|Armarouge, L50, M|
|poke|p2|Palafin, L50, M|
|poke|p2|Tyranitar, L50, M|
|teampreview|4
|showteam|p1|Swampert||Swampertite|Damp|WaveCrash,Earthquake,IcePunch,Protect|Adamant||F|||50|]Pelipper||SitrusBerry|Drizzle|Hurricane,WeatherBall,Tailwind,Protect|Bold||F|||50|]Archaludon||Leftovers|Stamina|DragonPulse,FlashCannon,ElectroShot,Protect|Modest||F|||50|]Grimmsnarl||LightClay|Prankster|FoulPlay,Reflect,LightScreen,PartingShot|Careful||M|||50|]Venusaur||Venusaurite|Chlorophyll|SludgeBomb,GigaDrain,EarthPower,Protect|Modest||M|||50|]Basculegion||ChoiceScarf|Adaptability|WaveCrash,LastRespects,FlipTurn,AquaJet|Jolly||M|||50|
|showteam|p2|Whimsicott||FocusSash|Prankster|Moonblast,Tailwind,Taunt,FakeTears|Modest||M|||50|]Sneasler||WhiteHerb|Unburden|CloseCombat,DireClaw,Protect,FakeOut|Adamant||M|||50|]Floette-Eternal||Floettite|FlowerVeil|DazzlingGleam,Protect,CalmMind,DrainingKiss|Timid||F|||50|]Armarouge||LifeOrb|FlashFire|Flamethrower,AuraSphere,Protect,Psychic|Timid||M|||50|]Palafin||MysticWater|ZerotoHero|IcePunch,Protect,FlipTurn,JetPunch|Serious||M|||50|]Tyranitar||Tyranitarite|SandStream|RockSlide,DragonDance,Protect,KnockOff|Adamant||M|||50|
|inactive|Battle timer is ON: inactive players will automatically lose when time's up. (requested by raksbach)
|inactive|hamilton60 also wants the timer to be on.
|
|t:|1782982857
|teamsize|p1|4
|teamsize|p2|4
|start
|switch|p1a: Swampert|Swampert, L50, F|100/100
|switch|p1b: Grimmsnarl|Grimmsnarl, L50, M|100/100
|switch|p2a: Palafin|Palafin, L50, M|100/100
|switch|p2b: Whimsicott|Whimsicott, L50, M|100/100
|turn|1
|
|t:|1782982882
|detailschange|p1a: Swampert|Swampert-Mega, L50, F
|-mega|p1a: Swampert|Swampert|Swampertite
|move|p2b: Whimsicott|Moonblast|p1b: Grimmsnarl
|-supereffective|p1b: Grimmsnarl|1
|-damage|p1b: Grimmsnarl|31/100
|move|p2a: Palafin|Flip Turn|p1b: Grimmsnarl
|-damage|p1b: Grimmsnarl|4/100
|
|t:|1782982890
|detailschange|p2a: Palafin|Palafin-Hero, L50, M
|switch|p2a: Sneasler|Sneasler, L50, M|100/100|[from] Flip Turn
|move|p1a: Swampert|Ice Punch|p2b: Whimsicott
|-supereffective|p2b: Whimsicott|1
|-damage|p2b: Whimsicott|9/100
|move|p1b: Grimmsnarl|Foul Play|p2b: Whimsicott
|-resisted|p2b: Whimsicott|1
|-damage|p2b: Whimsicott|0 fnt
|faint|p2b: Whimsicott
|
|upkeep
|
|t:|1782982898
|switch|p2b: Palafin|Palafin-Hero, L50, M|100/100
|-activate|p2b: Palafin|ability: Zero to Hero
|turn|2
|
|t:|1782982906
|switch|p1b: Pelipper|Pelipper, L50, F|100/100
|-weather|RainDance|[from] ability: Drizzle|[of] p1b: Pelipper
|move|p1a: Swampert|Protect|p1a: Swampert
|-singleturn|p1a: Swampert|Protect
|move|p2a: Sneasler|Fake Out|p1a: Swampert
|-activate|p1a: Swampert|move: Protect
|move|p2b: Palafin|Jet Punch|p1a: Swampert
|-activate|p1a: Swampert|move: Protect
|
|-weather|RainDance|[upkeep]
|upkeep
|turn|3
|
|t:|1782982925
|move|p2a: Sneasler|Protect|p2a: Sneasler
|-singleturn|p2a: Sneasler|Protect
|move|p2b: Palafin|Jet Punch|p1a: Swampert
|-damage|p1a: Swampert|45/100
|move|p1a: Swampert|Earthquake|p2a: Sneasler|[spread] p2b
|-activate|p2a: Sneasler|move: Protect
|-immune|p1b: Pelipper
|-damage|p2b: Palafin|56/100
|move|p1b: Pelipper|Tailwind|p1b: Pelipper
|-sidestart|p1: raksbach|move: Tailwind
|
|-weather|RainDance|[upkeep]
|upkeep
|turn|4
|
|t:|1782982946
|move|p1a: Swampert|Protect|p1a: Swampert
|-singleturn|p1a: Swampert|Protect
|move|p2b: Palafin|Jet Punch|p1a: Swampert
|-activate|p1a: Swampert|move: Protect
|move|p1b: Pelipper|Hurricane|p2b: Palafin
|-damage|p2b: Palafin|18/100
|move|p2a: Sneasler|Dire Claw|p1b: Pelipper
|-damage|p1b: Pelipper|61/100
|
|-weather|RainDance|[upkeep]
|upkeep
|turn|5
|
|t:|1782982960
|switch|p1a: Basculegion|Basculegion, L50, M|100/100
|move|p2b: Palafin|Jet Punch|p1a: Basculegion
|-resisted|p1a: Basculegion|1
|-damage|p1a: Basculegion|63/100
|move|p1b: Pelipper|Hurricane|p2b: Palafin
|-damage|p2b: Palafin|0 fnt
|faint|p2b: Palafin
|move|p2a: Sneasler|Dire Claw|p1b: Pelipper
|-damage|p1b: Pelipper|21/100
|-enditem|p1b: Pelipper|Sitrus Berry|[eat]
|-heal|p1b: Pelipper|46/100|[from] item: Sitrus Berry
|
|-weather|RainDance|[upkeep]
|upkeep
|
|t:|1782982968
|switch|p2b: Tyranitar|Tyranitar, L50, M|100/100
|-weather|Sandstorm|[from] ability: Sand Stream|[of] p2b: Tyranitar
|turn|6
|inactive|raksbach has 30 seconds left.
|
|t:|1782982996
|switch|p1b: Grimmsnarl|Grimmsnarl, L50, M|4/100
|move|p2b: Tyranitar|Protect|p2b: Tyranitar
|-singleturn|p2b: Tyranitar|Protect
|move|p1a: Basculegion|Flip Turn|p2a: Sneasler
|-damage|p2a: Sneasler|35/100
|
|t:|1782983008
|switch|p1a: Pelipper|Pelipper, L50, F|46/100|[from] Flip Turn
|-weather|RainDance|[from] ability: Drizzle|[of] p1a: Pelipper
|move|p2a: Sneasler|Dire Claw|p1a: Pelipper
|-damage|p1a: Pelipper|5/100
|-status|p1a: Pelipper|psn
|
|-weather|RainDance|[upkeep]
|-damage|p1a: Pelipper|0 fnt|[from] psn
|faint|p1a: Pelipper
|-sideend|p1: raksbach|move: Tailwind
|upkeep
|
|t:|1782983022
|switch|p1a: Basculegion|Basculegion, L50, M|63/100
|turn|7
|
|t:|1782983046
|detailschange|p2b: Tyranitar|Tyranitar-Mega, L50, M
|-mega|p2b: Tyranitar|Tyranitar|Tyranitarite
|-weather|Sandstorm|[from] ability: Sand Stream|[of] p2b: Tyranitar
|move|p2b: Tyranitar|Protect||[still]
|-fail|p2b: Tyranitar
|move|p1b: Grimmsnarl|Reflect|p1b: Grimmsnarl
|-sidestart|p1: raksbach|Reflect
|move|p1a: Basculegion|Wave Crash|p2b: Tyranitar
|-supereffective|p2b: Tyranitar|1
|-damage|p2b: Tyranitar|14/100
|-damage|p1a: Basculegion|33/100|[from] Recoil
|move|p2a: Sneasler|Dire Claw|p1a: Basculegion
|-resisted|p1a: Basculegion|1
|-damage|p1a: Basculegion|16/100
|
|-weather|Sandstorm|[upkeep]
|-damage|p1a: Basculegion|10/100|[from] Sandstorm
|-damage|p2a: Sneasler|29/100|[from] Sandstorm
|-damage|p1b: Grimmsnarl|0 fnt|[from] Sandstorm
|faint|p1b: Grimmsnarl
|upkeep
|
|t:|1782983057
|switch|p1b: Swampert|Swampert-Mega, L50, F|45/100
|turn|8
|
|t:|1782983065
|move|p2a: Sneasler|Protect|p2a: Sneasler
|-singleturn|p2a: Sneasler|Protect
|move|p2b: Tyranitar|Protect|p2b: Tyranitar
|-singleturn|p2b: Tyranitar|Protect
|move|p1a: Basculegion|Wave Crash|p2a: Sneasler
|-activate|p2a: Sneasler|move: Protect
|move|p1b: Swampert|Wave Crash|p2b: Tyranitar
|-activate|p2b: Tyranitar|move: Protect
|
|-weather|Sandstorm|[upkeep]
|-damage|p1a: Basculegion|4/100|[from] Sandstorm
|-damage|p2a: Sneasler|23/100|[from] Sandstorm
|upkeep
|turn|9
|
|t:|1782983083
|move|p1b: Swampert|Protect|p1b: Swampert
|-singleturn|p1b: Swampert|Protect
|move|p2b: Tyranitar|Protect||[still]
|-fail|p2b: Tyranitar
|move|p1a: Basculegion|Wave Crash|p2b: Tyranitar
|-supereffective|p2b: Tyranitar|1
|-damage|p2b: Tyranitar|0 fnt
|faint|p2b: Tyranitar
|-damage|p1a: Basculegion|0 fnt|[from] Recoil
|faint|p1a: Basculegion
|move|p2a: Sneasler|Close Combat|p1b: Swampert
|-activate|p1b: Swampert|move: Protect
|
|-weather|Sandstorm|[upkeep]
|-damage|p2a: Sneasler|17/100|[from] Sandstorm
|upkeep
|turn|10
|inactive|hamilton60 has 30 seconds left.
|
|t:|1782983111
|move|p2a: Sneasler|Protect|p2a: Sneasler
|-singleturn|p2a: Sneasler|Protect
|move|p1b: Swampert|Ice Punch|p2a: Sneasler
|-activate|p2a: Sneasler|move: Protect
|
|-weather|Sandstorm|[upkeep]
|-damage|p2a: Sneasler|12/100|[from] Sandstorm
|upkeep
|turn|11
|
|t:|1782983123
|move|p2a: Sneasler|Protect|p2a: Sneasler
|-singleturn|p2a: Sneasler|Protect
|move|p1b: Swampert|Ice Punch|p2a: Sneasler
|-activate|p2a: Sneasler|move: Protect
|
|-weather|none
|upkeep
|turn|12
|
|t:|1782983132
|move|p2a: Sneasler|Close Combat|p1b: Swampert
|-damage|p1b: Swampert|3/100
|-unboost|p2a: Sneasler|def|1
|-unboost|p2a: Sneasler|spd|1
|-enditem|p2a: Sneasler|White Herb
|-clearnegativeboost|p2a: Sneasler|[silent]
|move|p1b: Swampert|Ice Punch|p2a: Sneasler
|-damage|p2a: Sneasler|0 fnt
|faint|p2a: Sneasler
|
|win|raksbach
|raw|raksbach's rating: 1116 → 1139(+23 for winning)
|raw|hamilton60's rating: 1092 → 1070(-22 for losing)
