|j|☆lilacq
|j|☆worldenddominat0r
|html|lilacqworldenddominat0r    
|uhtml|bestof|Game 2 of a best-of-3
|t:|1782347647
|gametype|doubles
|player|p1|lilacq|shauntal|1161
|player|p2|worldenddominat0r|maid-gen6|1231
|gen|9
|tier|[Gen 9 Champions] VGC 2026 Reg M-B (Bo3)
|rated|
|rule|Species Clause: Limit one of each Pokémon
|rule|Item Clause: Limit 1 of each item
|clearpoke
|poke|p1|Staraptor, L50, F|
|poke|p1|Whimsicott, L50, F|
|poke|p1|Sinistcha-Masterpiece, L50|
|poke|p1|Ceruledge, L50, F|
|poke|p1|Glimmora, L50, M|
|poke|p1|Raichu, L50, F|
|poke|p2|Staraptor, L50, F|
|poke|p2|Maushold-Four, L50|
|poke|p2|Ninetales-Alola, L50, F|
|poke|p2|Delphox, L50, F|
|poke|p2|Basculegion, L50, M|
|poke|p2|Kingambit, L50, M|
|teampreview|4
|showteam|p1|Staraptor||Staraptite|Intimidate|CloseCombat,BraveBird,Roost,Protect|Adamant||F|||50|]Whimsicott||FocusSash|Prankster|Tailwind,Moonblast,Tickle,Protect|Timid||F|||50|]Sinistcha-Masterpiece||SitrusBerry|Hospitality|MatchaGotcha,RagePowder,TrickRoom,LifeDew|Calm|||||50|]Ceruledge||ColburBerry|FlashFire|BulkUp,BitterBlade,ShadowSneak,Poltergeist|Adamant||F|||50|]Glimmora||PoisonBarb|ToxicDebris|SludgeBomb,PowerGem,SpikyShield,EarthPower|Timid||M|||50|]Raichu||RaichuniteX|LightningRod|FakeOut,VoltTackle,Nuzzle,Protect|Jolly||F|||50|
|showteam|p2|Staraptor||Staraptite|Intimidate|CloseCombat,BraveBird,Protect,Tailwind|Adamant||F|||50|]Maushold-Four||FocusSash|FriendGuard|SuperFang,Protect,FollowMe,Encore|Jolly|||||50|]Ninetales-Alola||NeverMeltIce|SnowWarning|Blizzard,FreezeDry,IcyWind,Protect|Timid||F|||50|]Delphox||Delphoxite|Blaze|HeatWave,Psyshock,Protect,Substitute|Timid||F|||50|]Basculegion||ChoiceScarf|Adaptability|WaveCrash,LastRespects,FlipTurn,AquaJet|Jolly||M|||50|]Kingambit||BlackGlasses|Defiant|KowtowCleave,SuckerPunch,IronHead,Protect|Adamant||M|||50|
|inactive|Battle timer is ON: inactive players will automatically lose when time's up. (requested by worldenddominat0r)
|inactive|worldenddominat0r has 60 seconds left.
|
|t:|1782347688
|teamsize|p1|4
|teamsize|p2|4
|start
|switch|p1a: Raichu|Raichu, L50, F|100/100
|switch|p1b: Whimsicott|Whimsicott, L50, F|100/100
|switch|p2a: Maushold|Maushold-Four, L50|100/100
|switch|p2b: Staraptor|Staraptor, L50, F|100/100
|-ability|p2b: Staraptor|Intimidate|boost
|-unboost|p1a: Raichu|atk|1
|-unboost|p1b: Whimsicott|atk|1
|turn|1
|inactive|worldenddominat0r has 30 seconds left.
|inactive|worldenddominat0r has 20 seconds left.
|inactive|worldenddominat0r has 15 seconds left.
|inactive|worldenddominat0r has 10 seconds left.
|
|t:|1782347737
|detailschange|p1a: Raichu|Raichu-Mega-X, L50, F
|-mega|p1a: Raichu|Raichu|Raichunite X
|-fieldstart|move: Electric Terrain|[from] ability: Electric Surge|[of] p1a: Raichu
|move|p2b: Staraptor|Protect|p2b: Staraptor
|-singleturn|p2b: Staraptor|Protect
|move|p1b: Whimsicott|Tailwind|p1b: Whimsicott
|-sidestart|p1: lilacq|move: Tailwind
|move|p1a: Raichu|Volt Tackle|p2b: Staraptor
|-activate|p2b: Staraptor|move: Protect
|move|p2a: Maushold|Super Fang|p1b: Whimsicott
|-damage|p1b: Whimsicott|50/100g
|
|upkeep
|turn|2
|inactive|lilacq has 30 seconds left.
|inactive|worldenddominat0r has 30 seconds left.
|inactive|worldenddominat0r has 20 seconds left.
|inactive|worldenddominat0r has 15 seconds left.
|inactive|worldenddominat0r has 10 seconds left.
|
|t:|1782347786
|switch|p1b: Ceruledge|Ceruledge, L50, F|100/100
|switch|p1a: Glimmora|Glimmora, L50, M|100/100
|switch|p2b: Basculegion|Basculegion, L50, M|100/100
|move|p2a: Maushold|Super Fang|p1a: Glimmora
|-damage|p1a: Glimmora|50/100g
|-activate|p1a: Glimmora|ability: Toxic Debris
|-sidestart|p2: worldenddominat0r|move: Toxic Spikes
|
|upkeep
|turn|3
|inactive|worldenddominat0r has 30 seconds left.
|inactive|worldenddominat0r has 20 seconds left.
|inactive|worldenddominat0r has 15 seconds left.
|
|t:|1782347829
|switch|p2b: Staraptor|Staraptor, L50, F|100/100
|-ability|p2b: Staraptor|Intimidate|boost
|-unboost|p1a: Glimmora|atk|1
|-unboost|p1b: Ceruledge|atk|1
|move|p1a: Glimmora|Sludge Bomb|p2a: Maushold
|-damage|p2a: Maushold|33/100
|move|p1b: Ceruledge|Poltergeist|p2b: Staraptor
|-immune|p2b: Staraptor
|move|p2a: Maushold|Encore|p1b: Ceruledge
|-start|p1b: Ceruledge|Encore
|
|upkeep
|turn|4
|inactive|worldenddominat0r has 30 seconds left.
|inactive|worldenddominat0r has 20 seconds left.
|inactive|worldenddominat0r has 15 seconds left.
|inactive|lilacq has 30 seconds left.
|inactive|worldenddominat0r has 10 seconds left.
|inactive|lilacq has 20 seconds left.
|inactive|lilacq has 15 seconds left.
|
|t:|1782347890
|switch|p1b: Whimsicott|Whimsicott, L50, F|50/100g
|switch|p2a: Kingambit|Kingambit, L50, M|100/100
|move|p1a: Glimmora|Sludge Bomb|p2b: Staraptor
|-damage|p2b: Staraptor|21/100
|move|p2b: Staraptor|Tailwind|p2b: Staraptor
|-sidestart|p2: worldenddominat0r|move: Tailwind
|
|-sideend|p1: lilacq|move: Tailwind
|upkeep
|turn|5
|inactive|worldenddominat0r has 30 seconds left.
|inactive|worldenddominat0r has 20 seconds left.
|inactive|worldenddominat0r has 15 seconds left.
|
|t:|1782347935
|detailschange|p2b: Staraptor|Staraptor-Mega, L50, F
|-mega|p2b: Staraptor|Staraptor|Staraptite
|move|p1b: Whimsicott|Tailwind|p1b: Whimsicott
|-sidestart|p1: lilacq|move: Tailwind
|move|p2b: Staraptor|Close Combat|p1a: Glimmora
|-damage|p1a: Glimmora|0 fnt
|-boost|p2b: Staraptor|def|1
|-boost|p2b: Staraptor|spd|1
|-activate|p1a: Glimmora|ability: Toxic Debris
|-sidestart|p2: worldenddominat0r|move: Toxic Spikes
|faint|p1a: Glimmora
|move|p2a: Kingambit|Iron Head|p1b: Whimsicott
|-supereffective|p1b: Whimsicott|1
|-damage|p1b: Whimsicott|0 fnt
|faint|p1b: Whimsicott
|
|-fieldend|move: Electric Terrain
|upkeep
|
|t:|1782347943
|switch|p1b: Raichu|Raichu-Mega-X, L50, F|100/100
|switch|p1a: Ceruledge|Ceruledge, L50, F|100/100
|-fieldstart|move: Electric Terrain|[from] ability: Electric Surge|[of] p1b: Raichu
|turn|6
|inactive|worldenddominat0r has 30 seconds left.
|
|t:|1782347974
|move|p2b: Staraptor|Protect|p2b: Staraptor
|-singleturn|p2b: Staraptor|Protect
|move|p2a: Kingambit|Protect|p2a: Kingambit
|-singleturn|p2a: Kingambit|Protect
|move|p1b: Raichu|Volt Tackle|p2a: Kingambit
|-activate|p2a: Kingambit|move: Protect
|move|p1a: Ceruledge|Bitter Blade|p2a: Kingambit
|-activate|p2a: Kingambit|move: Protect
|
|upkeep
|turn|7
|
|t:|1782347991
|move|p1b: Raichu|Volt Tackle|p2b: Staraptor
|-supereffective|p2b: Staraptor|1
|-damage|p2b: Staraptor|0 fnt
|faint|p2b: Staraptor
|-damage|p1b: Raichu|90/100|[from] Recoil
|move|p1a: Ceruledge|Bitter Blade|p2a: Kingambit
|-supereffective|p2a: Kingambit|1
|-damage|p2a: Kingambit|22/100
|move|p2a: Kingambit|Kowtow Cleave|p1a: Ceruledge
|-supereffective|p1a: Ceruledge|1
|-enditem|p1a: Ceruledge|Colbur Berry|[eat]
|-enditem|p1a: Ceruledge|Colbur Berry|[weaken]
|-damage|p1a: Ceruledge|31/100
|
|-sideend|p2: worldenddominat0r|move: Tailwind
|upkeep
|
|t:|1782347999
|switch|p2b: Maushold|Maushold-Four, L50|33/100
|-status|p2b: Maushold|tox
|turn|8
|
|t:|1782348019
|move|p2b: Maushold|Protect|p2b: Maushold
|-singleturn|p2b: Maushold|Protect
|move|p2a: Kingambit|Protect|p2a: Kingambit
|-singleturn|p2a: Kingambit|Protect
|move|p1b: Raichu|Volt Tackle|p2b: Maushold
|-activate|p2b: Maushold|move: Protect
|move|p1a: Ceruledge|Bitter Blade|p2a: Kingambit
|-activate|p2a: Kingambit|move: Protect
|
|-damage|p2b: Maushold|27/100 tox|[from] psn
|-sideend|p1: lilacq|move: Tailwind
|upkeep
|turn|9
|
|t:|1782348052
|move|p2b: Maushold|Follow Me|p2b: Maushold
|-singleturn|p2b: Maushold|move: Follow Me
|move|p2a: Kingambit|Sucker Punch||[still]
|-fail|p2a: Kingambit
|move|p1b: Raichu|Volt Tackle|p2b: Maushold
|-damage|p2b: Maushold|0 fnt
|faint|p2b: Maushold
|-damage|p1b: Raichu|78/100|[from] Recoil
|move|p1a: Ceruledge|Bulk Up|p1a: Ceruledge
|-boost|p1a: Ceruledge|atk|1
|-boost|p1a: Ceruledge|def|1
|
|upkeep
|
|t:|1782348056
|switch|p2b: Basculegion|Basculegion, L50, M|100/100
|-status|p2b: Basculegion|tox
|turn|10
|
|t:|1782348071
|move|p1a: Ceruledge|Shadow Sneak|p2b: Basculegion
|-supereffective|p2b: Basculegion|1
|-damage|p2b: Basculegion|6/100 tox
|move|p2a: Kingambit|Sucker Punch|p1b: Raichu
|-damage|p1b: Raichu|14/100
|move|p2b: Basculegion|Last Respects|p1a: Ceruledge
|-supereffective|p1a: Ceruledge|1
|-damage|p1a: Ceruledge|0 fnt
|faint|p1a: Ceruledge
|move|p1b: Raichu|Volt Tackle|p2a: Kingambit
|-damage|p2a: Kingambit|0 fnt
|faint|p2a: Kingambit
|-damage|p1b: Raichu|3/100|[from] Recoil
|
|-damage|p2b: Basculegion|1/100 tox|[from] psn
|-fieldend|move: Electric Terrain
|upkeep
|turn|11
|
|t:|1782348083
|move|p1b: Raichu|Protect|p1b: Raichu
|-singleturn|p1b: Raichu|Protect
|move|p2b: Basculegion|Last Respects|p1b: Raichu
|-activate|p1b: Raichu|move: Protect
|
|-damage|p2b: Basculegion|0 fnt|[from] psn
|faint|p2b: Basculegion
|
|win|lilacq
|c|☆worldenddominat0r|gg
