|j|☆catastrozzoliverdi
|j|☆paseriman
|html|catastrozzoliverdipaseriman    
|uhtml|bestof|Game 1 of a best-of-3
|t:|1757839207
|gametype|doubles
|player|p1|catastrozzoliverdi|alder|1359
|player|p2|paseriman|169|1327
|gen|9
|tier|[Gen 9] VGC 2025 Reg H (Bo3)
|rated|
|rule|Species Clause: Limit one of each Pokémon
|rule|Item Clause: Limit 1 of each item
|clearpoke
|poke|p1|Garchomp, L50, M|
|poke|p1|Jumpluff, L50, F|
|poke|p1|Torkoal, L50, M|
|poke|p1|Dragonite, L50, M|
|poke|p1|Kingambit, L50, M|
|poke|p1|Typhlosion-Hisui, L50, M|
|poke|p2|Ninetales-Alola, L50, M|
|poke|p2|Sneasler, L50, M|
|poke|p2|Dragonite, L50, F|
|poke|p2|Arcanine-Hisui, L50, M|
|poke|p2|Rillaboom, L50, M|
|poke|p2|Gholdengo, L50|
|teampreview|4
|showteam|p1|Garchomp||LifeOrb|RoughSkin|Earthquake,StompingTantrum,DragonClaw,Protect|||M|||50|,,,,,Fairy]Jumpluff||CovertCloak|Chlorophyll|SleepPowder,RagePowder,Encore,Tailwind|||F|||50|,,,,,Ghost]Torkoal||EjectPack|Drought|Overheat,BurningJealousy,HelpingHand,Protect|||M|||50|,,,,,Flying]Dragonite||LoadedDice|Multiscale|ScaleShot,ExtremeSpeed,IceSpinner,Protect|||M|||50|,,,,,Fairy]Kingambit||AssaultVest|Defiant|IronHead,SuckerPunch,Assurance,LowKick|||M|||50|,,,,,Flying]Typhlosion-Hisui||ChoiceSpecs|Blaze|Eruption,ShadowBall,HeatWave,Overheat|||M|||50|,,,,,Fire
|showteam|p2|Ninetales-Alola||FocusSash|SnowWarning|Blizzard,IcyWind,Encore,AuroraVeil|||M|||50|,,,,,Ice]Sneasler||WhiteHerb|Unburden|DireClaw,CloseCombat,FakeOut,Protect|||M|||50|,,,,,Dark]Dragonite||LoadedDice|Multiscale|ScaleShot,StompingTantrum,Tailwind,Protect|||F|||50|,,,,,Ground]Arcanine-Hisui||ClearAmulet|Intimidate|FlareBlitz,RockSlide,ExtremeSpeed,Protect|||M|||50|,,,,,Water]Rillaboom||AssaultVest|GrassySurge|WoodHammer,GrassyGlide,Uturn,FakeOut|||M|||50|,,,,,Fire]Gholdengo||GrassySeed|GoodasGold|MakeItRain,ShadowBall,NastyPlot,Protect||||||50|,,,,,Water
|inactive|Battle timer is ON: inactive players will automatically lose when time's up. (requested by catastrozzoliverdi)
|inactive|paseriman has 60 seconds left.
|
|t:|1757839268
|teamsize|p1|4
|teamsize|p2|4
|start
|switch|p1a: Jumpluff|Jumpluff, L50, F|100/100
|switch|p1b: Torkoal|Torkoal, L50, M|100/100
|switch|p2a: Dragonite|Dragonite, L50, F|100/100
|switch|p2b: Arcanine|Arcanine-Hisui, L50, M|100/100
|-ability|p2b: Arcanine|Intimidate|boost
|-unboost|p1a: Jumpluff|atk|1
|-unboost|p1b: Torkoal|atk|1
|-weather|SunnyDay|[from] ability: Drought|[of] p1b: Torkoal
|-enditem|p1b: Torkoal|Eject Pack
|inactive|catastrozzoliverdi has 30 seconds left.
|inactive|catastrozzoliverdi has 20 seconds left.
|
|t:|1757839304
|switch|p1b: Kingambit|Kingambit, L50, M|100/100
|turn|1
|
|t:|1757839321
|move|p2b: Arcanine|Protect|p2b: Arcanine
|-singleturn|p2b: Arcanine|Protect
|move|p1a: Jumpluff|Sleep Powder|p2b: Arcanine
|-activate|p2b: Arcanine|move: Protect
|move|p2a: Dragonite|Scale Shot|p1a: Jumpluff
|-damage|p1a: Jumpluff|81/100
|-damage|p1a: Jumpluff|59/100
|-damage|p1a: Jumpluff|41/100
|-damage|p1a: Jumpluff|21/100
|-damage|p1a: Jumpluff|3/100
|-hitcount|p1a: Jumpluff|5
|-unboost|p2a: Dragonite|def|1
|-boost|p2a: Dragonite|spe|1
|move|p1b: Kingambit|Iron Head|p2a: Dragonite
|-damage|p2a: Dragonite|59/100
|
|-weather|SunnyDay|[upkeep]
|upkeep
|turn|2
|inactive|catastrozzoliverdi has 30 seconds left.
|inactive|paseriman has 30 seconds left.
|inactive|catastrozzoliverdi has 20 seconds left.
|inactive|paseriman has 20 seconds left.
|inactive|catastrozzoliverdi has 15 seconds left.
|inactive|paseriman has 15 seconds left.
|inactive|paseriman has 10 seconds left.
|
|t:|1757839367
|switch|p2b: Ninetales|Ninetales-Alola, L50, M|100/100
|-weather|Snowscape|[from] ability: Snow Warning|[of] p2b: Ninetales
|-terastallize|p1a: Jumpluff|Ghost
|move|p2a: Dragonite|Tailwind|p2a: Dragonite
|-sidestart|p2: paseriman|move: Tailwind
|move|p1a: Jumpluff|Sleep Powder|p2b: Ninetales|[miss]
|-miss|p1a: Jumpluff|p2b: Ninetales
|move|p1b: Kingambit|Iron Head|p2a: Dragonite
|-damage|p2a: Dragonite|0 fnt
|faint|p2a: Dragonite
|
|-weather|Snowscape|[upkeep]
|upkeep
|inactive|paseriman has 30 seconds left.
|
|t:|1757839401
|switch|p2a: Sneasler|Sneasler, L50, M|100/100
|turn|3
|inactive|catastrozzoliverdi has 30 seconds left.
|
|t:|1757839428
|switch|p1b: Torkoal|Torkoal, L50, M|100/100
|-weather|SunnyDay|[from] ability: Drought|[of] p1b: Torkoal
|move|p1a: Jumpluff|Sleep Powder|p2b: Ninetales
|-status|p2b: Ninetales|slp|[from] move: Sleep Powder
|cant|p2b: Ninetales|slp
|move|p2a: Sneasler|Close Combat|p1b: Torkoal
|-damage|p1b: Torkoal|42/100
|-unboost|p2a: Sneasler|def|1
|-unboost|p2a: Sneasler|spd|1
|-enditem|p2a: Sneasler|White Herb
|-clearnegativeboost|p2a: Sneasler|[silent]
|
|-weather|SunnyDay|[upkeep]
|upkeep
|turn|4
|inactive|catastrozzoliverdi has 30 seconds left.
|inactive|paseriman has 30 seconds left.
|inactive|catastrozzoliverdi has 20 seconds left.
|inactive|paseriman has 20 seconds left.
|inactive|paseriman has 15 seconds left.
|
|t:|1757839469
|switch|p1a: Kingambit|Kingambit, L50, M|100/100
|switch|p2b: Arcanine|Arcanine-Hisui, L50, M|100/100
|-ability|p2b: Arcanine|Intimidate|boost
|-unboost|p1a: Kingambit|atk|1
|-ability|p1a: Kingambit|Defiant|boost
|-boost|p1a: Kingambit|atk|2
|-unboost|p1b: Torkoal|atk|1
|move|p2a: Sneasler|Dire Claw|p1a: Kingambit
|-immune|p1a: Kingambit
|move|p1b: Torkoal|Burning Jealousy|p2a: Sneasler|[spread] p2a,p2b
|-resisted|p2b: Arcanine
|-damage|p2a: Sneasler|64/100
|-damage|p2b: Arcanine|91/100
|
|-weather|SunnyDay|[upkeep]
|upkeep
|turn|5
|inactive|catastrozzoliverdi has 30 seconds left.
|inactive|paseriman has 30 seconds left.
|inactive|catastrozzoliverdi has 20 seconds left.
|inactive|catastrozzoliverdi has 15 seconds left.
|inactive|paseriman has 20 seconds left.
|
|t:|1757839513
|move|p1b: Torkoal|Helping Hand|p1a: Kingambit
|-singleturn|p1a: Kingambit|Helping Hand|[of] p1b: Torkoal
|move|p1a: Kingambit|Sucker Punch|p2b: Arcanine
|-damage|p2b: Arcanine|0 fnt
|faint|p2b: Arcanine
|move|p2a: Sneasler|Close Combat|p1a: Kingambit
|-supereffective|p1a: Kingambit
|-crit|p1a: Kingambit
|-damage|p1a: Kingambit|0 fnt
|-unboost|p2a: Sneasler|def|1
|-unboost|p2a: Sneasler|spd|1
|faint|p1a: Kingambit
|
|-weather|SunnyDay|[upkeep]
|-sideend|p2: paseriman|move: Tailwind
|upkeep
|
|t:|1757839534
|switch|p2b: Ninetales|Ninetales-Alola, L50, M|100/100 slp
|switch|p1a: Typhlosion|Typhlosion-Hisui, L50, M|100/100
|-weather|Snowscape|[from] ability: Snow Warning|[of] p2b: Ninetales
|turn|6
|inactive|catastrozzoliverdi has 30 seconds left.
|
|t:|1757839561
|switch|p1b: Jumpluff|Jumpluff, L50, F, tera:Ghost|3/100
|move|p2a: Sneasler|Dire Claw|p1a: Typhlosion
|-resisted|p1a: Typhlosion
|-damage|p1a: Typhlosion|68/100
|-status|p1a: Typhlosion|slp
|cant|p2b: Ninetales|slp
|cant|p1a: Typhlosion|slp
|
|-weather|Snowscape|[upkeep]
|upkeep
|turn|7
|
|t:|1757839582
|move|p2a: Sneasler|Protect|p2a: Sneasler
|-singleturn|p2a: Sneasler|Protect
|move|p1b: Jumpluff|Rage Powder|p1b: Jumpluff
|-singleturn|p1b: Jumpluff|move: Rage Powder
|cant|p2b: Ninetales|slp
|-curestatus|p1a: Typhlosion|slp|[msg]
|move|p1a: Typhlosion|Heat Wave|p2a: Sneasler|[spread] p2b
|-activate|p2a: Sneasler|move: Protect
|-supereffective|p2b: Ninetales
|-enditem|p2b: Ninetales|Focus Sash
|-damage|p2b: Ninetales|1/100 slp
|
|-weather|Snowscape|[upkeep]
|upkeep
|turn|8
|inactive|catastrozzoliverdi has 30 seconds left.
|
|t:|1757839610
|switch|p1a: Torkoal|Torkoal, L50, M|42/100
|-weather|SunnyDay|[from] ability: Drought|[of] p1a: Torkoal
|-terastallize|p2b: Ninetales|Ice
|move|p1b: Jumpluff|Encore|p2a: Sneasler
|-start|p2a: Sneasler|Encore
|move|p2a: Sneasler|Protect|p2a: Sneasler
|-singleturn|p2a: Sneasler|Protect
|-curestatus|p2b: Ninetales|slp|[msg]
|move|p2b: Ninetales|Blizzard|p1b: Jumpluff|[spread] p1a,p1b
|-resisted|p1a: Torkoal
|-damage|p1a: Torkoal|13/100
|-damage|p1b: Jumpluff|0 fnt
|faint|p1b: Jumpluff
|
|-weather|SunnyDay|[upkeep]
|upkeep
|
|t:|1757839617
|switch|p1b: Typhlosion|Typhlosion-Hisui, L50, M|68/100
|turn|9
|-message|paseriman forfeited.
|
|win|catastrozzoliverdi
|l|☆paseriman
|player|p2|
||catastrozzoliverdi is ready for game 2.
||paseriman is ready for game 2.
|uhtml|next|Next: Game 2 of 3
