|j|☆Miss Elysia
|j|☆ihatefrostingngl
|html|Miss Elysiaihatefrostingngl    
|uhtml|bestof|Game 1 of a best-of-3
|t:|1782546280
|gametype|doubles
|player|p1|Miss Elysia|diantha|1034
|player|p2|ihatefrostingngl|169|1000
|gen|9
|tier|[Gen 9 Champions] VGC 2026 Reg M-B (Bo3)
|rated|
|rule|Species Clause: Limit one of each Pokémon
|rule|Item Clause: Limit 1 of each item
|clearpoke
|poke|p1|Swampert, L50, M|
|poke|p1|Archaludon, L50, M|
|poke|p1|Klefki, L50, F|
|poke|p1|Sinistcha, L50|
|poke|p1|Annihilape, L50, F|
|poke|p1|Maushold, L50|
|poke|p2|Dragalge, L50, F|
|poke|p2|Whimsicott, L50, M|
|poke|p2|Aegislash, L50, M|
|poke|p2|Primarina, L50, F|
|poke|p2|Talonflame, L50, M|
|poke|p2|Garganacl, L50, M|
|teampreview|4
|showteam|p1|Swampert||Swampertite|Damp|WaveCrash,HighHorsepower,IcePunch,Protect|Adamant||M|||50|]Archaludon||Leftovers|Stamina|DragonPulse,ElectroShot,FlashCannon,Protect|Modest||M|||50|]Klefki||OccaBerry|Prankster|RainDance,LightScreen,Reflect,FoulPlay|Bold||F|||50|]Sinistcha||KasibBerry|Hospitality|RagePowder,LifeDew,TrickRoom,MatchaGotcha|Relaxed|||||50|]Annihilape||SitrusBerry|Defiant|RageFist,DrainPunch,BulkUp,Protect|Adamant||F|||50|]Maushold||ChopleBerry|FriendGuard|BeatUp,FollowMe,SuperFang,Protect|Jolly|||||50|
|showteam|p2|Dragalge||Dragalgite|PoisonPoint|DracoMeteor,Protect,FlipTurn,SludgeBomb|Calm||F|||50|]Whimsicott||FocusSash|Prankster|Encore,Moonblast,Tailwind,Taunt|Bold||M|||50|]Aegislash||LifeOrb|StanceChange|KingsShield,IronHead,ShadowSneak,SwordsDance|Adamant||M|||50|]Primarina||Leftovers|LiquidVoice|PerishSong,Protect,FlipTurn,LifeDew|Serious||F|||50|]Talonflame||ExpertBelt|GaleWings|Tailwind,BraveBird,Uturn,FlareBlitz|Jolly||M|||50|]Garganacl||SitrusBerry|PurifyingSalt|SaltCure,Protect,BodyPress,Recover|Jolly||M|||50|
|inactive|Battle timer is ON: inactive players will automatically lose when time's up. (requested by Miss Elysia)
|j| You're Sea Food
|inactive|Miss Elysia has 60 seconds left.
|
|t:|1782546318
|teamsize|p1|4
|teamsize|p2|4
|start
|switch|p1a: Archaludon|Archaludon, L50, M|100/100
|switch|p1b: Klefki|Klefki, L50, F|100/100
|switch|p2a: Dragalge|Dragalge, L50, F|100/100
|switch|p2b: Whimsicott|Whimsicott, L50, M|100/100
|turn|1
|
|t:|1782546340
|move|p2b: Whimsicott|Tailwind|p2b: Whimsicott
|-sidestart|p2: ihatefrostingngl|move: Tailwind
|move|p1b: Klefki|Rain Dance|p1b: Klefki
|-weather|RainDance
|move|p2a: Dragalge|Flip Turn|p1b: Klefki
|-damage|p1b: Klefki|85/100
|
|t:|1782546346
|switch|p2a: Aegislash|Aegislash, L50, M|100/100|[from] Flip Turn
|move|p1a: Archaludon|Electro Shot||[still]
|-prepare|p1a: Archaludon|Electro Shot
|-boost|p1a: Archaludon|spa|1
|-anim|p1a: Archaludon|Electro Shot|p2b: Whimsicott
|-resisted|p2b: Whimsicott|1
|-damage|p2b: Whimsicott|55/100
|
|-weather|RainDance|[upkeep]
|upkeep
|turn|2
|
|t:|1782546366
|move|p2b: Whimsicott|Encore|p1b: Klefki
|-start|p1b: Klefki|Encore
|move|p1b: Klefki|Rain Dance||[still]
|-fail|p1b: Klefki
|move|p2a: Aegislash|Swords Dance|p2a: Aegislash
|-boost|p2a: Aegislash|atk|2
|move|p1a: Archaludon|Electro Shot||[still]
|-prepare|p1a: Archaludon|Electro Shot
|-boost|p1a: Archaludon|spa|1
|-anim|p1a: Archaludon|Electro Shot|p2b: Whimsicott
|-resisted|p2b: Whimsicott|1
|-damage|p2b: Whimsicott|1/100
|
|-weather|RainDance|[upkeep]
|upkeep
|turn|3
|
|t:|1782546389
|switch|p1b: Sinistcha|Sinistcha, L50|100/100
|move|p2b: Whimsicott|Moonblast|p1b: Sinistcha
|-damage|p1b: Sinistcha|70/100
|move|p2a: Aegislash|Swords Dance|p2a: Aegislash
|-boost|p2a: Aegislash|atk|2
|move|p1a: Archaludon|Electro Shot||[still]
|-prepare|p1a: Archaludon|Electro Shot
|-boost|p1a: Archaludon|spa|1
|-anim|p1a: Archaludon|Electro Shot|p2a: Aegislash
|-damage|p2a: Aegislash|3/100
|
|-weather|RainDance|[upkeep]
|upkeep
|turn|4
|inactive|ihatefrostingngl has 30 seconds left.
|
|t:|1782546418
|move|p1b: Sinistcha|Rage Powder|p1b: Sinistcha
|-singleturn|p1b: Sinistcha|move: Rage Powder
|move|p2b: Whimsicott|Taunt|p1b: Sinistcha
|-start|p1b: Sinistcha|move: Taunt
|-formechange|p2a: Aegislash|Aegislash-Blade|
|move|p2a: Aegislash|Shadow Sneak|p1b: Sinistcha
|-supereffective|p1b: Sinistcha|1
|-enditem|p1b: Sinistcha|Kasib Berry|[eat]
|-enditem|p1b: Sinistcha|Kasib Berry|[weaken]
|-damage|p1b: Sinistcha|0 fnt
|faint|p1b: Sinistcha
|-damage|p2a: Aegislash|0 fnt|[from] item: Life Orb
|faint|p2a: Aegislash
|move|p1a: Archaludon|Electro Shot||[still]
|-prepare|p1a: Archaludon|Electro Shot
|-boost|p1a: Archaludon|spa|1
|-anim|p1a: Archaludon|Electro Shot|p2b: Whimsicott
|-resisted|p2b: Whimsicott|1
|-damage|p2b: Whimsicott|0 fnt
|faint|p2b: Whimsicott
|
|-weather|RainDance|[upkeep]
|-sideend|p2: ihatefrostingngl|move: Tailwind
|upkeep
|
|t:|1782546436
|switch|p2b: Dragalge|Dragalge, L50, F|100/100
|switch|p2a: Talonflame|Talonflame, L50, M|100/100
|switch|p1b: Klefki|Klefki, L50, F|85/100
|turn|5
|
|t:|1782546456
|detailschange|p2b: Dragalge|Dragalge-Mega, L50, F
|-mega|p2b: Dragalge|Dragalge|Dragalgite
|move|p2a: Talonflame|Tailwind|p2a: Talonflame
|-sidestart|p2: ihatefrostingngl|move: Tailwind
|move|p1b: Klefki|Light Screen|p1b: Klefki
|-sidestart|p1: Miss Elysia|move: Light Screen
|move|p2b: Dragalge|Draco Meteor|p1a: Archaludon|[miss]
|-miss|p2b: Dragalge|p1a: Archaludon
|move|p1a: Archaludon|Electro Shot||[still]
|-prepare|p1a: Archaludon|Electro Shot
|-boost|p1a: Archaludon|spa|1
|-anim|p1a: Archaludon|Electro Shot|p2a: Talonflame
|-supereffective|p2a: Talonflame|1
|-damage|p2a: Talonflame|0 fnt
|faint|p2a: Talonflame
|
|-weather|none
|upkeep
|turn|6
|-message|ihatefrostingngl forfeited.
|
|win|Miss Elysia
