|j|☆Chochito Pelao
|j|☆an1221
|html|Chochito Pelaoan1221    
|uhtml|bestof|Game 1 of a best-of-3
|t:|1784703698
|gametype|doubles
|player|p1|Chochito Pelao|striker|1057
|player|p2|an1221|2|1078
|gen|9
|tier|[Gen 9 Champions] VGC 2026 Reg M-B (Bo3)
|rated|
|rule|Species Clause: Limit one of each Pokémon
|rule|Item Clause: Limit 1 of each item
|clearpoke
|poke|p1|Floette-Eternal, L50, F|
|poke|p1|Incineroar, L50, M|
|poke|p1|Sinistcha-Masterpiece, L50, shiny|
|poke|p1|Aerodactyl, L50, M|
|poke|p1|Kingambit, L50, F|
|poke|p1|Garchomp, L50, F|
|poke|p2|Raichu, L50, F|
|poke|p2|Mr. Rime, L50, M|
|poke|p2|Talonflame, L50, M|
|poke|p2|Empoleon, L50, F|
|poke|p2|Meganium, L50, F|
|poke|p2|Garchomp, L50, M|
|teampreview|4
|showteam|p1|Floette-Eternal||Floettite|FlowerVeil|Moonblast,DazzlingGleam,CalmMind,Protect|Modest||F|||50|]Incineroar||SitrusBerry|Intimidate|FakeOut,PartingShot,ThroatChop,FlareBlitz|Careful||M|||50|]Sinistcha-Masterpiece||Leftovers|Hospitality|MatchaGotcha,TrickRoom,RagePowder,Protect|Bold|||||50|]Aerodactyl||Aerodactylite|Unnerve|IceFang,RockSlide,Tailwind,DualWingbeat|Jolly||M|||50|]Kingambit||FocusSash|Defiant|IronHead,SuckerPunch,KowtowCleave,LowKick|Adamant||F|||50|]Garchomp||LifeOrb|RoughSkin|Protect,DragonClaw,Earthquake,RockSlide|Jolly||F|||50|
|showteam|p2|Raichu||RaichuniteY|LightningRod|FakeOut,ZapCannon,FocusBlast,Protect|Hasty||F|||50|]Mr. Rime||MentalHerb|TangledFeet|RolePlay,SheerCold,Protect,FakeOut|Timid||M|||50|]Talonflame||FocusSash|GaleWings|BraveBird,FlareBlitz,Tailwind,Taunt|Jolly||M|||50|]Empoleon||Leftovers|Competitive|Protect,HydroPump,IceBeam,FlashCannon|Modest||F|||50|]Meganium||Meganiumite|LeafGuard|DazzlingGleam,SolarBeam,WeatherBall,Protect|Modest||F|||50|]Garchomp||LifeOrb|RoughSkin|RockSlide,Earthquake,Crunch,Protect|Jolly||M|||50|
|
|t:|1784703750
|teamsize|p1|4
|teamsize|p2|4
|start
|switch|p1a: Aerodactyl|Aerodactyl, L50, M|100/100
|switch|p1b: Floette|Floette-Eternal, L50, F|100/100
|switch|p2a: Talonflame|Talonflame, L50, M|100/100
|switch|p2b: Empoleon|Empoleon, L50, F|100/100
|-ability|p1a: Aerodactyl|Unnerve
|turn|1
|inactive|Battle timer is ON: inactive players will automatically lose when time's up. (requested by Chochito Pelao)
|inactive|an1221 has 60 seconds left.
|
|t:|1784703827
|detailschange|p1b: Floette|Floette-Mega, L50, F
|-mega|p1b: Floette|Floette|Floettite
|-ability|p1b: Floette|Fairy Aura
|move|p2a: Talonflame|Tailwind|p2a: Talonflame
|-sidestart|p2: an1221|move: Tailwind
|move|p1a: Aerodactyl|Rock Slide|p2b: Empoleon|[spread] p2b
|-miss|p1a: Aerodactyl|p2a: Talonflame
|-resisted|p2b: Empoleon|1
|-damage|p2b: Empoleon|88/100
|move|p2b: Empoleon|Hydro Pump|p1a: Aerodactyl|[miss]
|-miss|p2b: Empoleon|p1a: Aerodactyl
|move|p1b: Floette|Calm Mind|p1b: Floette
|-boost|p1b: Floette|spa|1
|-boost|p1b: Floette|spd|1
|
|-heal|p2b: Empoleon|94/100|[from] item: Leftovers
|upkeep
|turn|2
|inactive|Chochito Pelao has 30 seconds left.
|inactive|an1221 has 30 seconds left.
|
|t:|1784703860
|switch|p1a: Kingambit|Kingambit, L50, F|100/100
|move|p2a: Talonflame|Brave Bird|p1b: Floette
|-damage|p1b: Floette|51/100
|-damage|p2a: Talonflame|81/100|[from] Recoil
|move|p2b: Empoleon|Flash Cannon|p1b: Floette
|-supereffective|p1b: Floette|1
|-damage|p1b: Floette|8/100
|move|p1b: Floette|Dazzling Gleam|p2a: Talonflame|[spread] p2a,p2b
|-resisted|p2a: Talonflame|1
|-resisted|p2b: Empoleon|1
|-damage|p2a: Talonflame|28/100
|-damage|p2b: Empoleon|61/100
|
|-heal|p2b: Empoleon|67/100|[from] item: Leftovers
|upkeep
|turn|3
|inactive|an1221 has 30 seconds left.
|inactive|Chochito Pelao has 30 seconds left.
|inactive|an1221 has 20 seconds left.
|
|t:|1784703903
|move|p1a: Kingambit|Sucker Punch||[still]
|-fail|p1a: Kingambit
|move|p2a: Talonflame|Taunt|p1b: Floette
|-start|p1b: Floette|move: Taunt
|move|p2b: Empoleon|Flash Cannon|p1b: Floette
|-supereffective|p1b: Floette|1
|-damage|p1b: Floette|0 fnt
|faint|p1b: Floette
|
|-heal|p2b: Empoleon|73/100|[from] item: Leftovers
|upkeep
|
|t:|1784703913
|switch|p1b: Garchomp|Garchomp, L50, F|100/100
|turn|4
|
|t:|1784703936
|switch|p2a: Garchomp|Garchomp, L50, M|100/100
|move|p1b: Garchomp|Protect|p1b: Garchomp
|-singleturn|p1b: Garchomp|Protect
|move|p1a: Kingambit|Sucker Punch||[still]
|-fail|p1a: Kingambit
|move|p2b: Empoleon|Ice Beam|p1b: Garchomp
|-activate|p1b: Garchomp|move: Protect
|
|-heal|p2b: Empoleon|79/100|[from] item: Leftovers
|-sideend|p2: an1221|move: Tailwind
|upkeep
|turn|5
|
|t:|1784703958
|move|p2b: Empoleon|Protect|p2b: Empoleon
|-singleturn|p2b: Empoleon|Protect
|move|p1b: Garchomp|Dragon Claw|p2a: Garchomp
|-supereffective|p2a: Garchomp|1
|-damage|p2a: Garchomp|1/100
|-damage|p1b: Garchomp|87/100|[from] ability: Rough Skin|[of] p2a: Garchomp
|-damage|p1b: Garchomp|78/100|[from] item: Life Orb
|move|p2a: Garchomp|Earthquake|p1b: Garchomp|[spread] p1a,p1b
|-activate|p2b: Empoleon|move: Protect
|-supereffective|p1a: Kingambit|1
|-damage|p1a: Kingambit|2/100
|-damage|p1b: Garchomp|28/100
|-damage|p2a: Garchomp|0 fnt|[from] item: Life Orb
|faint|p2a: Garchomp
|move|p1a: Kingambit|Low Kick|p2b: Empoleon
|-activate|p2b: Empoleon|move: Protect
|
|-heal|p2b: Empoleon|84/100|[from] item: Leftovers
|upkeep
|
|t:|1784703978
|switch|p2a: Talonflame|Talonflame, L50, M|28/100
|turn|6
|
|t:|1784703995
|move|p2a: Talonflame|Tailwind|p2a: Talonflame
|-sidestart|p2: an1221|move: Tailwind
|move|p1b: Garchomp|Rock Slide|p2a: Talonflame|[spread] p2a,p2b
|-supereffective|p2a: Talonflame|2
|-crit|p2a: Talonflame
|-resisted|p2b: Empoleon|1
|-damage|p2a: Talonflame|0 fnt
|-damage|p2b: Empoleon|71/100
|faint|p2a: Talonflame
|-damage|p1b: Garchomp|19/100|[from] item: Life Orb
|move|p2b: Empoleon|Flash Cannon|p1b: Garchomp
|-damage|p1b: Garchomp|0 fnt
|faint|p1b: Garchomp
|move|p1a: Kingambit|Low Kick|p2b: Empoleon
|-supereffective|p2b: Empoleon|1
|-damage|p2b: Empoleon|8/100
|
|-heal|p2b: Empoleon|14/100|[from] item: Leftovers
|upkeep
|
|t:|1784704008
|switch|p2a: Raichu|Raichu, L50, F|100/100
|switch|p1b: Aerodactyl|Aerodactyl, L50, M|100/100
|-ability|p1b: Aerodactyl|Unnerve
|turn|7
|
|t:|1784704025
|detailschange|p2a: Raichu|Raichu-Mega-Y, L50, F
|-mega|p2a: Raichu|Raichu|Raichunite Y
|move|p2b: Empoleon|Protect|p2b: Empoleon
|-singleturn|p2b: Empoleon|Protect
|move|p2a: Raichu|Fake Out|p1a: Kingambit
|-resisted|p1a: Kingambit|1
|-damage|p1a: Kingambit|0 fnt
|faint|p1a: Kingambit
|move|p1b: Aerodactyl|Rock Slide|p2b: Empoleon|[spread] p2a
|-activate|p2b: Empoleon|move: Protect
|-damage|p2a: Raichu|44/100
|
|-heal|p2b: Empoleon|20/100y|[from] item: Leftovers
|upkeep
|turn|8
|
|t:|1784704043
|move|p2a: Raichu|Zap Cannon|p1b: Aerodactyl
|-supereffective|p1b: Aerodactyl|1
|-damage|p1b: Aerodactyl|0 fnt
|faint|p1b: Aerodactyl
|
|win|an1221
||Chochito Pelao is ready for game 2.
||an1221 is ready for game 2.
|uhtml|next|Next: Game 2 of 3
|l|☆an1221
|player|p2|
