|j|☆Henry Poor
|j|☆nicven
|html|Henry Poornicven    
|uhtml|bestof|Game 2 of a best-of-3
|t:|1783891047
|gametype|doubles
|player|p1|Henry Poor|wattson|1155
|player|p2|nicven|ghetsis|1248
|gen|9
|tier|[Gen 9 Champions] VGC 2026 Reg M-B (Bo3)
|rated|
|rule|Species Clause: Limit one of each Pokémon
|rule|Item Clause: Limit 1 of each item
|clearpoke
|poke|p1|Garchomp, L50, F|
|poke|p1|Venusaur, L50, M|
|poke|p1|Incineroar, L50, M|
|poke|p1|Charizard, L50, M|
|poke|p1|Toxapex, L50, M|
|poke|p1|Annihilape, L50, F|
|poke|p2|Ninetales-Alola, L50, F|
|poke|p2|Farigiraf, L50, M|
|poke|p2|Incineroar, L50, M|
|poke|p2|Mawile, L50, M|
|poke|p2|Basculegion, L50, M|
|poke|p2|Drampa, L50, F|
|teampreview|4
|showteam|p1|Garchomp||ChoiceScarf|RoughSkin|Earthquake,RockSlide,DragonClaw,StompingTantrum|Adamant||F|||50|]Venusaur||LifeOrb|Chlorophyll|SludgeBomb,SolarBeam,EarthPower,Protect|Modest||M|||50|]Incineroar||SitrusBerry|Intimidate|FakeOut,FlareBlitz,ThroatChop,PartingShot|Impish||M|||50|]Charizard||CharizarditeY|Blaze|HeatWave,WeatherBall,Protect,HelpingHand|Modest||M|||50|]Toxapex||Leftovers|Regenerator|Infestation,Toxic,WideGuard,BanefulBunker|Impish||M|||50|]Annihilape||FocusSash|Defiant|CloseCombat,PhantomForce,RockTomb,Protect|Jolly||F|||50|
|showteam|p2|Ninetales-Alola||FocusSash|SnowWarning|Blizzard,FreezeDry,AuroraVeil,Protect|Timid||F|||50|]Farigiraf||ColburBerry|ArmorTail|TrickRoom,HelpingHand,Psychic,Protect|Quiet||M|||50|]Incineroar||Charcoal|Intimidate|FlareBlitz,ThroatChop,PartingShot,FakeOut|Adamant||M|||50|]Mawile||Mawilite|HyperCutter|PlayRough,RockSlide,SuckerPunch,Protect|Adamant||M|||50|]Basculegion||SitrusBerry|Adaptability|WaveCrash,AquaJet,LastRespects,Protect|Adamant||M|||50|]Drampa||Drampanite|CloudNine|EarthPower,HyperVoice,DragonPulse,Protect|Quiet||F|||50|
|
|t:|1783891090
|teamsize|p1|4
|teamsize|p2|4
|start
|switch|p1a: Incineroar|Incineroar, L50, M|100/100
|switch|p1b: Charizard|Charizard, L50, M|100/100
|switch|p2a: Farigiraf|Farigiraf, L50, M|100/100
|switch|p2b: Basculegion|Basculegion, L50, M|100/100
|-ability|p1a: Incineroar|Intimidate|boost
|-unboost|p2a: Farigiraf|atk|1
|-unboost|p2b: Basculegion|atk|1
|turn|1
|
|t:|1783891117
|switch|p2a: Drampa|Drampa, L50, F|100/100
|-ability|p2a: Drampa|Cloud Nine
|detailschange|p1b: Charizard|Charizard-Mega-Y, L50, M
|-mega|p1b: Charizard|Charizard|Charizardite Y
|-weather|SunnyDay|[from] ability: Drought|[of] p1b: Charizard
|move|p1b: Charizard|Heat Wave|p2a: Drampa|[spread] p2a,p2b
|-resisted|p2a: Drampa|1
|-resisted|p2b: Basculegion|1
|-damage|p2a: Drampa|78/100
|-damage|p2b: Basculegion|82/100
|move|p2b: Basculegion|Wave Crash|p1b: Charizard
|-supereffective|p1b: Charizard|1
|-damage|p1b: Charizard|1/100
|-damage|p2b: Basculegion|55/100|[from] Recoil
|move|p1a: Incineroar|Parting Shot|p2b: Basculegion
|-unboost|p2b: Basculegion|atk|1
|-unboost|p2b: Basculegion|spa|1
|
|t:|1783891130
|switch|p1a: Annihilape|Annihilape, L50, F|100/100|[from] Parting Shot
|
|-weather|SunnyDay|[upkeep]
|upkeep
|turn|2
|
|t:|1783891158
|switch|p1b: Toxapex|Toxapex, L50, M|100/100
|switch|p2a: Farigiraf|Farigiraf, L50, M|100/100
|move|p2b: Basculegion|Protect|p2b: Basculegion
|-singleturn|p2b: Basculegion|Protect
|move|p1a: Annihilape|Close Combat|p2a: Farigiraf
|-damage|p2a: Farigiraf|47/100
|-unboost|p1a: Annihilape|def|1
|-unboost|p1a: Annihilape|spd|1
|
|-weather|SunnyDay|[upkeep]
|upkeep
|turn|3
|
|t:|1783891187
|switch|p1a: Incineroar|Incineroar, L50, M|100/100
|-ability|p1a: Incineroar|Intimidate|boost
|-unboost|p2a: Farigiraf|atk|1
|-unboost|p2b: Basculegion|atk|1
|move|p2a: Farigiraf|Protect|p2a: Farigiraf
|-singleturn|p2a: Farigiraf|Protect
|move|p2b: Basculegion|Last Respects|p1a: Incineroar
|-resisted|p1a: Incineroar|1
|-damage|p1a: Incineroar|95/100
|move|p1b: Toxapex|Toxic|p2b: Basculegion
|-status|p2b: Basculegion|tox
|
|-weather|SunnyDay|[upkeep]
|-damage|p2b: Basculegion|49/100 tox|[from] psn
|upkeep
|-enditem|p2b: Basculegion|Sitrus Berry|[eat]
|-heal|p2b: Basculegion|73/100 tox|[from] item: Sitrus Berry
|turn|4
|
|t:|1783891208
|switch|p2b: Drampa|Drampa, L50, F|78/100
|-ability|p2b: Drampa|Cloud Nine
|move|p1a: Incineroar|Flare Blitz|p2a: Farigiraf
|-damage|p2a: Farigiraf|6/100
|-damage|p1a: Incineroar|79/100|[from] Recoil
|move|p2a: Farigiraf|Psychic|p1b: Toxapex
|-supereffective|p1b: Toxapex|1
|-damage|p1b: Toxapex|46/100
|move|p1b: Toxapex|Infestation|p2a: Farigiraf
|-supereffective|p2a: Farigiraf|1
|-damage|p2a: Farigiraf|1/100
|-activate|p2a: Farigiraf|move: Infestation|[of] p1b: Toxapex
|
|-weather|SunnyDay|[upkeep]
|-heal|p1b: Toxapex|52/100|[from] item: Leftovers
|-damage|p2a: Farigiraf|0 fnt|[from] move: Infestation|[partiallytrapped]
|faint|p2a: Farigiraf
|upkeep
|
|t:|1783891228
|switch|p2a: Basculegion|Basculegion, L50, M|73/100 tox
|turn|5
|
|t:|1783891244
|switch|p1a: Charizard|Charizard-Mega-Y, L50, M|1/100
|detailschange|p2b: Drampa|Drampa-Mega, L50, F
|-mega|p2b: Drampa|Drampa|Drampanite
|move|p1b: Toxapex|Baneful Bunker|p1b: Toxapex
|-singleturn|p1b: Toxapex|move: Protect
|move|p2a: Basculegion|Wave Crash|p1a: Charizard
|-supereffective|p1a: Charizard|1
|-crit|p1a: Charizard
|-damage|p1a: Charizard|0 fnt
|faint|p1a: Charizard
|-damage|p2a: Basculegion|73/100 tox|[from] Recoil
|move|p2b: Drampa|Earth Power|p1b: Toxapex
|-activate|p1b: Toxapex|move: Protect
|
|-weather|none
|-heal|p1b: Toxapex|57/100|[from] item: Leftovers
|-damage|p2a: Basculegion|67/100 tox|[from] psn
|upkeep
|
|t:|1783891260
|switch|p1a: Annihilape|Annihilape, L50, F|100/100
|turn|6
|
|t:|1783891273
|-heal|p1b: Toxapex|91/100|[from] ability: Regenerator|[silent]
|switch|p1b: Incineroar|Incineroar, L50, M|79/100
|-ability|p1b: Incineroar|Intimidate|boost
|-unboost|p2a: Basculegion|atk|1
|-unboost|p2b: Drampa|atk|1
|move|p2b: Drampa|Protect|p2b: Drampa
|-singleturn|p2b: Drampa|Protect
|move|p1a: Annihilape|Phantom Force||[still]
|-prepare|p1a: Annihilape|Phantom Force
|move|p2a: Basculegion|Last Respects|p1a: Annihilape|[miss]
|-miss|p2a: Basculegion|p1a: Annihilape
|
|-damage|p2a: Basculegion|55/100 tox|[from] psn
|upkeep
|turn|7
|inactive|Battle timer is ON: inactive players will automatically lose when time's up. (requested by Henry Poor)
|
|t:|1783891305
|switch|p2a: Ninetales|Ninetales-Alola, L50, F|100/100
|-weather|Snowscape|[from] ability: Snow Warning|[of] p2a: Ninetales
|move|p1a: Annihilape|Phantom Force|p2a: Ninetales|[from] lockedmove
|-damage|p2a: Ninetales|53/100
|move|p1b: Incineroar|Parting Shot|p2b: Drampa
|-unboost|p2b: Drampa|atk|1
|-unboost|p2b: Drampa|spa|1
|
|t:|1783891311
|switch|p1b: Toxapex|Toxapex, L50, M|91/100|[from] Parting Shot
|move|p2b: Drampa|Earth Power|p1b: Toxapex
|-supereffective|p1b: Toxapex|1
|-damage|p1b: Toxapex|51/100
|-unboost|p1b: Toxapex|spd|1
|
|-weather|Snowscape|[upkeep]
|-heal|p1b: Toxapex|57/100|[from] item: Leftovers
|upkeep
|turn|8
|inactive|Henry Poor has 30 seconds left.
|inactive|nicven has 30 seconds left.
|inactive|Henry Poor has 20 seconds left.
|inactive|Henry Poor has 15 seconds left.
|
|t:|1783891351
|-heal|p1b: Toxapex|90/100|[from] ability: Regenerator|[silent]
|switch|p1b: Incineroar|Incineroar, L50, M|79/100
|-ability|p1b: Incineroar|Intimidate|boost
|-unboost|p2a: Ninetales|atk|1
|-unboost|p2b: Drampa|atk|1
|move|p2a: Ninetales|Aurora Veil|p2a: Ninetales
|-sidestart|p2: nicven|move: Aurora Veil
|move|p1a: Annihilape|Phantom Force||[still]
|-prepare|p1a: Annihilape|Phantom Force
|move|p2b: Drampa|Dragon Pulse|p1a: Annihilape|[miss]
|-miss|p2b: Drampa|p1a: Annihilape
|
|-weather|Snowscape|[upkeep]
|upkeep
|turn|9
|inactive|Henry Poor has 30 seconds left.
|
|t:|1783891379
|move|p2a: Ninetales|Blizzard|p1a: Annihilape|[spread] p1b
|-miss|p2a: Ninetales|p1a: Annihilape
|-resisted|p1b: Incineroar|1
|-damage|p1b: Incineroar|66/100
|move|p1a: Annihilape|Phantom Force|p2b: Drampa|[from] lockedmove
|-immune|p2b: Drampa
|move|p1b: Incineroar|Flare Blitz|p2a: Ninetales
|-supereffective|p2a: Ninetales|1
|-damage|p2a: Ninetales|0 fnt
|faint|p2a: Ninetales
|-damage|p1b: Incineroar|53/100|[from] Recoil
|move|p2b: Drampa|Dragon Pulse|p1a: Annihilape
|-damage|p1a: Annihilape|63/100
|
|-weather|Snowscape|[upkeep]
|upkeep
|
|t:|1783891394
|switch|p2a: Basculegion|Basculegion, L50, M|55/100 tox
|turn|10
|
|t:|1783891405
|move|p1a: Annihilape|Phantom Force||[still]
|-prepare|p1a: Annihilape|Phantom Force
|move|p2a: Basculegion|Wave Crash|p1b: Incineroar
|-supereffective|p1b: Incineroar|1
|-damage|p1b: Incineroar|0 fnt
|faint|p1b: Incineroar
|-damage|p2a: Basculegion|39/100 tox|[from] Recoil
|move|p2b: Drampa|Earth Power|p1a: Annihilape|[miss]
|-miss|p2b: Drampa|p1a: Annihilape
|
|-weather|Snowscape|[upkeep]
|-damage|p2a: Basculegion|33/100 tox|[from] psn
|upkeep
|
|t:|1783891409
|switch|p1b: Toxapex|Toxapex, L50, M|90/100
|turn|11
|
|t:|1783891426
|move|p2a: Basculegion|Protect|p2a: Basculegion
|-singleturn|p2a: Basculegion|Protect
|move|p1a: Annihilape|Phantom Force|p2a: Basculegion|[from] lockedmove
|-activate|p2a: Basculegion|move: Phantom Force|[broken]
|-supereffective|p2a: Basculegion|1
|-damage|p2a: Basculegion|0 fnt
|faint|p2a: Basculegion
|move|p1b: Toxapex|Toxic|p2b: Drampa
|-status|p2b: Drampa|tox
|move|p2b: Drampa|Earth Power|p1b: Toxapex
|-supereffective|p1b: Toxapex|1
|-damage|p1b: Toxapex|52/100
|-unboost|p1b: Toxapex|spd|1
|
|-weather|none
|-heal|p1b: Toxapex|57/100|[from] item: Leftovers
|-damage|p2b: Drampa|72/100 tox|[from] psn
|upkeep
|turn|12
|
|t:|1783891449
|move|p1a: Annihilape|Protect|p1a: Annihilape
|-singleturn|p1a: Annihilape|Protect
|move|p1b: Toxapex|Baneful Bunker|p1b: Toxapex
|-singleturn|p1b: Toxapex|move: Protect
|move|p2b: Drampa|Dragon Pulse|p1a: Annihilape
|-activate|p1a: Annihilape|move: Protect
|
|-heal|p1b: Toxapex|63/100|[from] item: Leftovers
|-damage|p2b: Drampa|60/100 tox|[from] psn
|-sideend|p2: nicven|move: Aurora Veil
|upkeep
|turn|13
|
|t:|1783891456
|move|p1a: Annihilape|Close Combat|p2b: Drampa
|-supereffective|p2b: Drampa|1
|-damage|p2b: Drampa|0 fnt
|-unboost|p1a: Annihilape|def|1
|-unboost|p1a: Annihilape|spd|1
|faint|p2b: Drampa
|
|win|Henry Poor
|raw|Henry Poor's rating: 1155 → 1187(+32 for winning)
|raw|nicven's rating: 1248 → 1216(-32 for losing)
|l|☆nicven
|player|p2|
|j|☆nicven
|player|p2|nicven|ghetsis|
|l|☆Henry Poor
|player|p1|
