|j|☆alexanderbr039
|j|☆Inteligent8pro
|html|alexanderbr039Inteligent8pro    
|uhtml|bestof|Game 1 of a best-of-3
|t:|1786204707
|gametype|doubles
|player|p1|alexanderbr039|2|1329
|player|p2|Inteligent8pro|elesa|1292
|gen|9
|tier|[Gen 9 Champions] VGC 2026 Reg M-B (Bo3)
|rated|
|rule|Species Clause: Limit one of each Pokémon
|rule|Item Clause: Limit 1 of each item
|clearpoke
|poke|p1|Gengar, L50, M|
|poke|p1|Archaludon, L50, M|
|poke|p1|Politoed, L50, F|
|poke|p1|Swampert, L50, M|
|poke|p1|Vivillon-Fancy, L50, M|
|poke|p1|Incineroar, L50, F|
|poke|p2|Blaziken, L50, M|
|poke|p2|Venusaur, L50, M|
|poke|p2|Kingambit, L50, M|
|poke|p2|Ninetales-Alola, L50, F|
|poke|p2|Lycanroc-Dusk, L50, M|
|poke|p2|Basculegion, L50, M|
|teampreview|4
|showteam|p1|Gengar||Gengarite|CursedBody|ShadowBall,SludgeBomb,PerishSong,Protect|Modest||M|||50|]Archaludon||Leftovers|Stamina|ElectroShot,DragonPulse,FlashCannon,Protect|Bold||M|||50|]Politoed||SitrusBerry|Drizzle|WeatherBall,Hypnosis,PerishSong,Protect|Calm||F|||50|]Swampert||Swampertite|Torrent|WaveCrash,Earthquake,IcePunch,Protect|Adamant||M|||50|]Vivillon-Fancy||FocusSash|CompoundEyes|Hurricane,SleepPowder,RagePowder,Protect|Timid||M|||50|]Incineroar||PasshoBerry|Intimidate|ThroatChop,FakeOut,PartingShot,Protect|Impish||F|||50|
|showteam|p2|Blaziken||Blazikenite|SpeedBoost|FlareBlitz,CloseCombat,RockSlide,Detect|Adamant||M|||50|]Venusaur||Venusaurite|Chlorophyll|GigaDrain,SludgeBomb,EarthPower,Protect|Modest||M|||50|]Kingambit||LifeOrb|Defiant|KowtowCleave,SuckerPunch,IronHead,Protect|Adamant||M|||50|]Ninetales-Alola||NeverMeltIce|SnowWarning|Blizzard,FreezeDry,Encore,Protect|Timid||F|||50|]Lycanroc-Dusk||FocusSash|ToughClaws|RockSlide,Accelerock,CloseCombat,Protect|Adamant||M|||50|]Basculegion||ChoiceScarf|Adaptability|LastRespects,WaveCrash,AquaJet,FlipTurn|Jolly||M|||50|
|inactive|Battle timer is ON: inactive players will automatically lose when time's up. (requested by Inteligent8pro)
|inactive|alexanderbr039 has 60 seconds left.
|
|t:|1786204786
|teamsize|p1|4
|teamsize|p2|4
|start
|switch|p1a: Archaludon|Archaludon, L50, M|100/100
|switch|p1b: Incineroar|Incineroar, L50, F|100/100
|switch|p2a: Ninetales|Ninetales-Alola, L50, F|100/100
|switch|p2b: Basculegion|Basculegion, L50, M|100/100
|-weather|Snowscape|[from] ability: Snow Warning|[of] p2a: Ninetales
|-ability|p1b: Incineroar|Intimidate|boost
|-unboost|p2a: Ninetales|atk|1
|-unboost|p2b: Basculegion|atk|1
|turn|1
|inactive|alexanderbr039 has 30 seconds left.
|
|t:|1786204819
|switch|p2a: Venusaur|Venusaur, L50, M|100/100
|move|p2b: Basculegion|Flip Turn|p1b: Incineroar
|-supereffective|p1b: Incineroar|1
|-enditem|p1b: Incineroar|Passho Berry|[eat]
|-enditem|p1b: Incineroar|Passho Berry|[weaken]
|-damage|p1b: Incineroar|80/100
|
|t:|1786204836
|switch|p2b: Lycanroc|Lycanroc-Dusk, L50, M|100/100|[from] Flip Turn
|move|p1a: Archaludon|Flash Cannon|p2a: Venusaur
|-damage|p2a: Venusaur|66/100
|move|p1b: Incineroar|Parting Shot|p2b: Lycanroc
|-unboost|p2b: Lycanroc|atk|1
|-unboost|p2b: Lycanroc|spa|1
|
|t:|1786204843
|switch|p1b: Gengar|Gengar, L50, M|100/100|[from] Parting Shot
|
|-weather|Snowscape|[upkeep]
|upkeep
|turn|2
|
|t:|1786204870
|detailschange|p1b: Gengar|Gengar-Mega, L50, M
|-mega|p1b: Gengar|Gengar|Gengarite
|detailschange|p2a: Venusaur|Venusaur-Mega, L50, M
|-mega|p2a: Venusaur|Venusaur|Venusaurite
|move|p2b: Lycanroc|Accelerock|p1b: Gengar
|-damage|p1b: Gengar|76/100
|move|p1b: Gengar|Shadow Ball|p2a: Venusaur
|-damage|p2a: Venusaur|29/100
|move|p2a: Venusaur|Earth Power|p1b: Gengar
|-supereffective|p1b: Gengar|1
|-crit|p1b: Gengar
|-damage|p1b: Gengar|0 fnt
|faint|p1b: Gengar
|move|p1a: Archaludon|Flash Cannon|p2a: Venusaur
|-damage|p2a: Venusaur|4/100
|
|-weather|Snowscape|[upkeep]
|upkeep
|
|t:|1786204887
|switch|p1b: Incineroar|Incineroar, L50, F|80/100
|-ability|p1b: Incineroar|Intimidate|boost
|-unboost|p2a: Venusaur|atk|1
|-unboost|p2b: Lycanroc|atk|1
|turn|3
|inactive|alexanderbr039 has 30 seconds left.
|
|t:|1786204915
|switch|p2b: Basculegion|Basculegion, L50, M|100/100
|move|p2a: Venusaur|Protect|p2a: Venusaur
|-singleturn|p2a: Venusaur|Protect
|move|p1b: Incineroar|Fake Out|p2a: Venusaur
|-activate|p2a: Venusaur|move: Protect
|move|p1a: Archaludon|Flash Cannon|p2b: Basculegion
|-resisted|p2b: Basculegion|1
|-damage|p2b: Basculegion|80/100
|
|-weather|Snowscape|[upkeep]
|upkeep
|turn|4
|inactive|Inteligent8pro has 30 seconds left.
|inactive|alexanderbr039 has 30 seconds left.
|inactive|Inteligent8pro has 20 seconds left.
|inactive|Inteligent8pro has 15 seconds left.
|inactive|Inteligent8pro has 10 seconds left.
|inactive|Inteligent8pro has 5 seconds left.
|
|t:|1786204966
|switch|p1b: Politoed|Politoed, L50, F|100/100
|-weather|RainDance|[from] ability: Drizzle|[of] p1b: Politoed
|move|p2b: Basculegion|Last Respects|p1a: Archaludon
|-damage|p1a: Archaludon|80/100
|-ability|p1a: Archaludon|Stamina|boost
|-boost|p1a: Archaludon|def|1
|move|p2a: Venusaur|Earth Power|p1a: Archaludon
|-supereffective|p1a: Archaludon|1
|-damage|p1a: Archaludon|23/100
|-ability|p1a: Archaludon|Stamina|boost
|-boost|p1a: Archaludon|def|1
|move|p1a: Archaludon|Electro Shot||[still]
|-prepare|p1a: Archaludon|Electro Shot
|-boost|p1a: Archaludon|spa|1
|-anim|p1a: Archaludon|Electro Shot|p2a: Venusaur
|-resisted|p2a: Venusaur|1
|-damage|p2a: Venusaur|0 fnt
|faint|p2a: Venusaur
|
|-weather|RainDance|[upkeep]
|-heal|p1a: Archaludon|29/100|[from] item: Leftovers
|upkeep
|
|t:|1786204986
|switch|p2a: Ninetales|Ninetales-Alola, L50, F|100/100
|-weather|Snowscape|[from] ability: Snow Warning|[of] p2a: Ninetales
|turn|5
|inactive|Inteligent8pro has 30 seconds left.
|
|t:|1786205013
|switch|p1b: Incineroar|Incineroar, L50, F|80/100
|-ability|p1b: Incineroar|Intimidate|boost
|-unboost|p2a: Ninetales|atk|1
|-unboost|p2b: Basculegion|atk|1
|move|p2b: Basculegion|Last Respects|p1a: Archaludon
|-damage|p1a: Archaludon|16/100
|-ability|p1a: Archaludon|Stamina|boost
|-boost|p1a: Archaludon|def|1
|move|p2a: Ninetales|Freeze-Dry|p1b: Incineroar
|-resisted|p1b: Incineroar|1
|-damage|p1b: Incineroar|68/100
|move|p1a: Archaludon|Dragon Pulse|p2b: Basculegion
|-damage|p2b: Basculegion|13/100
|
|-weather|Snowscape|[upkeep]
|-heal|p1a: Archaludon|22/100|[from] item: Leftovers
|upkeep
|turn|6
|inactive|alexanderbr039 has 30 seconds left.
|inactive|Inteligent8pro has 30 seconds left.
|
|t:|1786205047
|switch|p2b: Lycanroc|Lycanroc-Dusk, L50, M|100/100
|move|p1b: Incineroar|Fake Out|p2a: Ninetales
|-damage|p2a: Ninetales|90/100
|cant|p2a: Ninetales|flinch
|move|p1a: Archaludon|Dragon Pulse|p2b: Lycanroc
|-damage|p2b: Lycanroc|11/100
|
|-weather|Snowscape|[upkeep]
|-heal|p1a: Archaludon|28/100|[from] item: Leftovers
|upkeep
|turn|7
|inactive|Inteligent8pro has 30 seconds left.
|
|t:|1786205076
|move|p2a: Ninetales|Freeze-Dry|p1a: Archaludon
|-damage|p1a: Archaludon|1/100
|-ability|p1a: Archaludon|Stamina|boost
|-boost|p1a: Archaludon|def|1
|move|p2b: Lycanroc|Close Combat|p1a: Archaludon
|-supereffective|p1a: Archaludon|1
|-damage|p1a: Archaludon|0 fnt
|-unboost|p2b: Lycanroc|def|1
|-unboost|p2b: Lycanroc|spd|1
|faint|p1a: Archaludon
|move|p1b: Incineroar|Parting Shot|p2b: Lycanroc
|-unboost|p2b: Lycanroc|atk|1
|-unboost|p2b: Lycanroc|spa|1
|
|t:|1786205084
|switch|p1b: Politoed|Politoed, L50, F|100/100|[from] Parting Shot
|-weather|RainDance|[from] ability: Drizzle|[of] p1b: Politoed
|
|-weather|RainDance|[upkeep]
|upkeep
|
|t:|1786205086
|switch|p1a: Incineroar|Incineroar, L50, F|68/100
|-ability|p1a: Incineroar|Intimidate|boost
|-unboost|p2a: Ninetales|atk|1
|-unboost|p2b: Lycanroc|atk|1
|turn|8
|inactive|alexanderbr039 has 30 seconds left.
|inactive|Inteligent8pro has 30 seconds left.
|inactive|Inteligent8pro has 20 seconds left.
|inactive|Inteligent8pro has 15 seconds left.
|inactive|Inteligent8pro has 10 seconds left.
|inactive|Inteligent8pro has 5 seconds left.
|
|t:|1786205137
|move|p2a: Ninetales|Protect|p2a: Ninetales
|-singleturn|p2a: Ninetales|Protect
|move|p2b: Lycanroc|Protect|p2b: Lycanroc
|-singleturn|p2b: Lycanroc|Protect
|move|p1a: Incineroar|Fake Out|p2a: Ninetales
|-activate|p2a: Ninetales|move: Protect
|move|p1b: Politoed|Weather Ball|p2b: Lycanroc
|-activate|p2b: Lycanroc|move: Protect
|
|-weather|RainDance|[upkeep]
|upkeep
|turn|9
|inactive|alexanderbr039 has 30 seconds left.
|inactive|Inteligent8pro has 30 seconds left.
|inactive|alexanderbr039 has 20 seconds left.
|inactive|alexanderbr039 has 15 seconds left.
|
|t:|1786205177
|move|p2a: Ninetales|Freeze-Dry|p1b: Politoed
|-supereffective|p1b: Politoed|1
|-damage|p1b: Politoed|54/100
|move|p2b: Lycanroc|Rock Slide|p1a: Incineroar|[spread] p1a,p1b
|-supereffective|p1a: Incineroar|1
|-damage|p1a: Incineroar|41/100
|-damage|p1b: Politoed|39/100
|-enditem|p1b: Politoed|Sitrus Berry|[eat]
|-heal|p1b: Politoed|64/100|[from] item: Sitrus Berry
|move|p1b: Politoed|Weather Ball|p2a: Ninetales
|-damage|p2a: Ninetales|35/100
|move|p1a: Incineroar|Throat Chop|p2b: Lycanroc
|-damage|p2b: Lycanroc|0 fnt
|faint|p2b: Lycanroc
|
|-weather|RainDance|[upkeep]
|upkeep
|
|t:|1786205191
|switch|p2b: Basculegion|Basculegion, L50, M|13/100
|turn|10
|inactive|Inteligent8pro has 30 seconds left.
|
|t:|1786205224
|move|p1a: Incineroar|Protect|p1a: Incineroar
|-singleturn|p1a: Incineroar|Protect
|move|p2b: Basculegion|Last Respects|p1b: Politoed
|-damage|p1b: Politoed|0 fnt
|faint|p1b: Politoed
|move|p2a: Ninetales|Freeze-Dry|p1a: Incineroar
|-activate|p1a: Incineroar|move: Protect
|
|-weather|RainDance|[upkeep]
|upkeep
|turn|11
|-message|alexanderbr039 forfeited.
|
|win|Inteligent8pro
