|j|☆Carlos Giraldez
|j|☆No.1AnicredibleFan
|html|Carlos GiraldezNo.1AnicredibleFan    
|uhtml|bestof|Game 3 of a best-of-3
|t:|1756421072
|gametype|doubles
|player|p1|Carlos Giraldez|wattson|1135
|player|p2|No.1AnicredibleFan|hilbert|1095
|gen|9
|tier|[Gen 9] VGC 2025 Reg H (Bo3)
|rated|
|rule|Species Clause: Limit one of each Pokémon
|rule|Item Clause: Limit 1 of each item
|clearpoke
|poke|p1|Indeedee-F, L50, F|
|poke|p1|Hatterene, L50, F|
|poke|p1|Gallade, L50, M|
|poke|p1|Ursaluna, L50, M|
|poke|p1|Lilligant-Hisui, L50, F|
|poke|p1|Torkoal, L50, M|
|poke|p2|Baxcalibur, L50, M|
|poke|p2|Ursaluna-Bloodmoon, L50, M|
|poke|p2|Farigiraf, L50, F|
|poke|p2|Murkrow, L50, M|
|poke|p2|Arcanine-Hisui, L50, F|
|poke|p2|Amoonguss, L50, M|
|teampreview|4
|showteam|p1|Indeedee-F||PsychicSeed|PsychicSurge|TrickRoom,FollowMe,HelpingHand,DazzlingGleam|||F|||50|,,,,,Fire]Hatterene||LifeOrb|MagicBounce|ExpandingForce,TrickRoom,DazzlingGleam,Protect|||F|||50|,,,,,Psychic]Gallade||ClearAmulet|Sharpness|PsychoCut,TrickRoom,SacredSword,WideGuard|||M|||50|,,,,,Grass]Ursaluna||FlameOrb|Guts|HeadlongRush,Facade,SwordsDance,Protect|||M|||50|,,,,,Ghost]Lilligant-Hisui||FocusSash|Chlorophyll|SolarBlade,SleepPowder,CloseCombat,AfterYou|||F|||50|,,,,,Ghost]Torkoal||ChoiceSpecs|Drought|Eruption,HeatWave,WeatherBall,EarthPower|||M|||50|,,,,,Fire
|showteam|p2|Baxcalibur||LoadedDice|ThermalExchange|Protect,SwordsDance,ScaleShot,IcicleSpear|||M|||50|,,,,,Poison]Ursaluna-Bloodmoon||LifeOrb|MindsEye|Protect,EarthPower,HyperVoice,BloodMoon|||M|||50|,,,,,Normal]Farigiraf||ThroatSpray|ArmorTail|Protect,TrickRoom,HyperVoice,Psychic|||F|||50|,,,,,Grass]Murkrow||Eviolite|Prankster|Protect,Tailwind,Snarl,Haze|||M|||50|,,,,,Ghost]Arcanine-Hisui||ChoiceBand|Intimidate|FlareBlitz,RockSlide,ExtremeSpeed,WildCharge|||F|||50|,,,,,Grass]Amoonguss||SitrusBerry|Regenerator|Protect,RagePowder,PollenPuff,Spore|||M|||50|,,,,,Water
|
|t:|1756421094
|teamsize|p1|4
|teamsize|p2|4
|start
|switch|p1a: Power Ranger|Gallade, L50, M, shiny|100/100
|switch|p1b: Salam Malecum|Indeedee-F, L50, F, shiny|100/100
|switch|p2a: Arcanine|Arcanine-Hisui, L50, F|100/100
|switch|p2b: Farigiraf|Farigiraf, L50, F|100/100
|-ability|p2a: Arcanine|Intimidate|boost
|-fail|p1a: Power Ranger|unboost|[from] item: Clear Amulet|[of] p1a: Power Ranger
|-unboost|p1b: Salam Malecum|atk|1
|-fieldstart|move: Psychic Terrain|[from] ability: Psychic Surge|[of] p1b: Salam Malecum
|-enditem|p1b: Salam Malecum|Psychic Seed
|-boost|p1b: Salam Malecum|spd|1|[from] item: Psychic Seed
|turn|1
|
|t:|1756421116
|move|p1b: Salam Malecum|Follow Me|p1b: Salam Malecum
|-singleturn|p1b: Salam Malecum|move: Follow Me
|move|p2a: Arcanine|Flare Blitz|p1b: Salam Malecum
|-crit|p1b: Salam Malecum
|-damage|p1b: Salam Malecum|0 fnt
|faint|p1b: Salam Malecum
|-damage|p2a: Arcanine|68/100|[from] Recoil
|move|p2b: Farigiraf|Hyper Voice|p1a: Power Ranger
|-damage|p1a: Power Ranger|66/100
|-enditem|p2b: Farigiraf|Throat Spray
|-boost|p2b: Farigiraf|spa|1|[from] item: Throat Spray
|move|p1a: Power Ranger|Trick Room|p1a: Power Ranger
|-fieldstart|move: Trick Room|[of] p1a: Power Ranger
|
|upkeep
|
|t:|1756421126
|switch|p1b: Smokye|Torkoal, L50, M, shiny|100/100
|-weather|SunnyDay|[from] ability: Drought|[of] p1b: Smokye
|turn|2
|
|t:|1756421153
|-terastallize|p1b: Smokye|Fire
|move|p2b: Farigiraf|Protect|p2b: Farigiraf
|-singleturn|p2b: Farigiraf|Protect
|move|p1b: Smokye|Eruption|p2b: Farigiraf|[spread] p2a
|-activate|p2b: Farigiraf|move: Protect
|-resisted|p2a: Arcanine
|-damage|p2a: Arcanine|24/100
|move|p1a: Power Ranger|Psycho Cut|p2a: Arcanine
|-damage|p2a: Arcanine|0 fnt
|faint|p2a: Arcanine
|
|-weather|SunnyDay|[upkeep]
|upkeep
|
|t:|1756421167
|switch|p2a: Amoonguss|Amoonguss, L50, M|100/100
|turn|3
|
|t:|1756421209
|-terastallize|p2a: Amoonguss|Water
|move|p1b: Smokye|Eruption|p2a: Amoonguss|[spread] p2a,p2b
|-resisted|p2a: Amoonguss
|-damage|p2a: Amoonguss|35/100
|-damage|p2b: Farigiraf|0 fnt
|-enditem|p2a: Amoonguss|Sitrus Berry|[eat]
|-heal|p2a: Amoonguss|60/100|[from] item: Sitrus Berry
|faint|p2b: Farigiraf
|move|p2a: Amoonguss|Spore|p1b: Smokye
|-status|p1b: Smokye|slp|[from] move: Spore
|move|p1a: Power Ranger|Psycho Cut|p2a: Amoonguss
|-damage|p2a: Amoonguss|3/100
|
|-weather|SunnyDay|[upkeep]
|upkeep
|
|t:|1756421222
|switch|p2b: Ursaluna|Ursaluna-Bloodmoon, L50, M|100/100
|turn|4
|
|t:|1756421236
|switch|p1a: Malecum Salam|Hatterene, L50, F, shiny|100/100
|cant|p1b: Smokye|slp
|move|p2a: Amoonguss|Spore|p1a: Malecum Salam
|move|p1a: Malecum Salam|Spore|p2a: Amoonguss|[from] ability: Magic Bounce
|-status|p2a: Amoonguss|slp|[from] move: Spore
|move|p2b: Ursaluna|Hyper Voice|p1b: Smokye|[spread] p1a,p1b
|-damage|p1a: Malecum Salam|49/100
|-damage|p1b: Smokye|39/100 slp
|-damage|p2b: Ursaluna|91/100|[from] item: Life Orb
|
|-weather|SunnyDay|[upkeep]
|upkeep
|turn|5
|
|t:|1756421253
|cant|p2a: Amoonguss|slp
|move|p2b: Ursaluna|Protect|p2b: Ursaluna
|-singleturn|p2b: Ursaluna|Protect
|-curestatus|p1b: Smokye|slp|[msg]
|move|p1b: Smokye|Eruption|p2b: Ursaluna|[spread] p2a
|-activate|p2b: Ursaluna|move: Protect
|-resisted|p2a: Amoonguss
|-damage|p2a: Amoonguss|0 fnt
|faint|p2a: Amoonguss
|move|p1a: Malecum Salam|Expanding Force|p2b: Ursaluna
|-activate|p2b: Ursaluna|move: Protect
|
|-weather|SunnyDay|[upkeep]
|-fieldend|move: Trick Room
|-fieldend|move: Psychic Terrain
|upkeep
|turn|6
|
|t:|1756421268
|move|p1a: Malecum Salam|Protect|p1a: Malecum Salam
|-singleturn|p1a: Malecum Salam|Protect
|move|p2b: Ursaluna|Hyper Voice|p1a: Malecum Salam|[spread] p1b
|-activate|p1a: Malecum Salam|move: Protect
|-crit|p1b: Smokye
|-damage|p1b: Smokye|0 fnt
|faint|p1b: Smokye
|-damage|p2b: Ursaluna|81/100|[from] item: Life Orb
|
|-weather|none
|upkeep
|j| chestnaughtgamings
|
|t:|1756421295
|switch|p1b: Power Ranger|Gallade, L50, M, shiny|66/100
|turn|7
|
|t:|1756421313
|move|p2b: Ursaluna|Hyper Voice|p1b: Power Ranger|[spread] p1a,p1b
|-damage|p1a: Malecum Salam|0 fnt
|-damage|p1b: Power Ranger|26/100
|faint|p1a: Malecum Salam
|-damage|p2b: Ursaluna|72/100|[from] item: Life Orb
|move|p1b: Power Ranger|Sacred Sword|p2b: Ursaluna
|-supereffective|p2b: Ursaluna
|-damage|p2b: Ursaluna|0 fnt
|faint|p2b: Ursaluna
|
|win|Carlos Giraldez
|raw|Carlos Giraldez's rating: 1135 → 1157(+22 for winning)
|raw|No.1AnicredibleFan's rating: 1095 → 1074(-21 for losing)
|l|☆Carlos Giraldez
|player|p1|
