|j|☆MEGA FRAUD
|j|☆Chelicerate1
|html|MEGA FRAUDChelicerate1    
|uhtml|bestof|Game 2 of a best-of-3
|t:|1785421185
|gametype|doubles
|player|p1|MEGA FRAUD|170|1408
|player|p2|Chelicerate1|ethan|1394
|gen|9
|tier|[Gen 9 Champions] VGC 2026 Reg M-B (Bo3)
|rated|
|rule|Species Clause: Limit one of each Pokémon
|rule|Item Clause: Limit 1 of each item
|clearpoke
|poke|p1|Tyranitar, L50, M|
|poke|p1|Excadrill, L50, F|
|poke|p1|Milotic, L50, F|
|poke|p1|Sinistcha, L50|
|poke|p1|Staraptor, L50, F|
|poke|p1|Gholdengo, L50|
|poke|p2|Grimmsnarl, L50, M|
|poke|p2|Basculegion, L50, M|
|poke|p2|Charizard, L50, F|
|poke|p2|Pelipper, L50, M|
|poke|p2|Venusaur, L50, M|
|poke|p2|Archaludon, L50, M|
|teampreview|4
|showteam|p1|Tyranitar||Tyranitarite|SandStream|KnockOff,RockSlide,LowKick,Protect|Jolly||M|||50|]Excadrill||FocusSash|SandRush|HighHorsepower,IronHead,RockSlide,Protect|Adamant||F|||50|]Milotic||SitrusBerry|Competitive|Scald,IcyWind,IceBeam,Protect|Calm||F|||50|]Sinistcha||ColburBerry|Hospitality|MatchaGotcha,ShadowBall,Protect,RagePowder|Bold|||||50|]Staraptor||Staraptite|Intimidate|CloseCombat,BraveBird,Tailwind,Protect|Jolly||F|||50|]Gholdengo||LifeOrb|GoodasGold|MakeItRain,ShadowBall,NastyPlot,Protect|Modest|||||50|
|showteam|p2|Grimmsnarl||LightClay|Prankster|SpiritBreak,PartingShot,Reflect,LightScreen|Sassy||M|||50|]Basculegion||ChoiceScarf|Adaptability|LastRespects,WaveCrash,AquaJet,FlipTurn|Jolly||M|||50|]Charizard||CharizarditeY|Blaze|Protect,HeatWave,WeatherBall,SolarBeam|Modest||F|||50|]Pelipper||SitrusBerry|Drizzle|Hurricane,WeatherBall,Tailwind,WideGuard|Modest||M|||50|]Venusaur||FocusSash|Chlorophyll|SludgeBomb,SleepPowder,EarthPower,Protect|Modest||M|||50|]Archaludon||Leftovers|Stamina|ElectroShot,DragonPulse,FlashCannon,Protect|Calm||M|||50|
|inactive|Battle timer is ON: inactive players will automatically lose when time's up. (requested by Chelicerate1)
|
|t:|1785421208
|teamsize|p1|4
|teamsize|p2|4
|start
|switch|p1a: Tyranitar|Tyranitar, L50, M|100/100
|switch|p1b: Staraptor|Staraptor, L50, F|100/100
|switch|p2a: Charizard|Charizard, L50, F|100/100
|switch|p2b: Grimmsnarl|Grimmsnarl, L50, M|100/100
|-ability|p1b: Staraptor|Intimidate|boost
|-unboost|p2a: Charizard|atk|1
|-unboost|p2b: Grimmsnarl|atk|1
|-weather|Sandstorm|[from] ability: Sand Stream|[of] p1a: Tyranitar
|turn|1
|
|t:|1785421232
|switch|p2a: Archaludon|Archaludon, L50, M|100/100
|detailschange|p1b: Staraptor|Staraptor-Mega, L50, F
|-mega|p1b: Staraptor|Staraptor|Staraptite
|move|p2b: Grimmsnarl|Reflect|p2b: Grimmsnarl
|-sidestart|p2: Chelicerate1|Reflect
|move|p1b: Staraptor|Close Combat|p2a: Archaludon
|-supereffective|p2a: Archaludon|1
|-damage|p2a: Archaludon|45/100
|-boost|p1b: Staraptor|def|1
|-boost|p1b: Staraptor|spd|1
|-ability|p2a: Archaludon|Stamina|boost
|-boost|p2a: Archaludon|def|1
|move|p1a: Tyranitar|Rock Slide|p2b: Grimmsnarl|[spread] p2a,p2b
|-resisted|p2a: Archaludon|1
|-crit|p2a: Archaludon
|-damage|p2a: Archaludon|30/100
|-damage|p2b: Grimmsnarl|80/100
|-ability|p2a: Archaludon|Stamina|boost
|-boost|p2a: Archaludon|def|1
|
|-weather|Sandstorm|[upkeep]
|-damage|p1b: Staraptor|94/100|[from] Sandstorm
|-damage|p2b: Grimmsnarl|74/100|[from] Sandstorm
|-heal|p2a: Archaludon|36/100|[from] item: Leftovers
|upkeep
|turn|2
|
|t:|1785421249
|switch|p1a: Sinistcha|Sinistcha, L50|100/100
|-heal|p1b: Staraptor|100/100|[from] ability: Hospitality|[of] p1a: Sinistcha
|move|p2a: Archaludon|Protect|p2a: Archaludon
|-singleturn|p2a: Archaludon|Protect
|move|p1b: Staraptor|Close Combat|p2a: Archaludon
|-activate|p2a: Archaludon|move: Protect
|move|p2b: Grimmsnarl|Spirit Break|p1a: Sinistcha
|-damage|p1a: Sinistcha|84/100
|-unboost|p1a: Sinistcha|spa|1
|
|-weather|Sandstorm|[upkeep]
|-damage|p1b: Staraptor|94/100|[from] Sandstorm
|-damage|p1a: Sinistcha|78/100|[from] Sandstorm
|-damage|p2b: Grimmsnarl|68/100|[from] Sandstorm
|-heal|p2a: Archaludon|43/100|[from] item: Leftovers
|upkeep
|turn|3
|
|t:|1785421260
|move|p2b: Grimmsnarl|Parting Shot|p1a: Sinistcha
|-unboost|p1a: Sinistcha|atk|1
|-unboost|p1a: Sinistcha|spa|1
|
|t:|1785421262
|switch|p2b: Pelipper|Pelipper, L50, M|100/100|[from] Parting Shot
|-weather|RainDance|[from] ability: Drizzle|[of] p2b: Pelipper
|move|p1b: Staraptor|Close Combat|p2a: Archaludon
|-supereffective|p2a: Archaludon|1
|-damage|p2a: Archaludon|13/100
|-boost|p1b: Staraptor|def|1
|-boost|p1b: Staraptor|spd|1
|-ability|p2a: Archaludon|Stamina|boost
|-boost|p2a: Archaludon|def|1
|move|p2a: Archaludon|Electro Shot||[still]
|-prepare|p2a: Archaludon|Electro Shot
|-boost|p2a: Archaludon|spa|1
|-anim|p2a: Archaludon|Electro Shot|p1b: Staraptor
|-supereffective|p1b: Staraptor|1
|-damage|p1b: Staraptor|42/100
|move|p1a: Sinistcha|Shadow Ball|p2a: Archaludon
|-damage|p2a: Archaludon|0 fnt
|faint|p2a: Archaludon
|
|-weather|RainDance|[upkeep]
|upkeep
|
|t:|1785421283
|switch|p2a: Charizard|Charizard, L50, F|100/100
|turn|4
|
|t:|1785421298
|switch|p1a: Tyranitar|Tyranitar, L50, M|100/100
|-weather|Sandstorm|[from] ability: Sand Stream|[of] p1a: Tyranitar
|move|p2a: Charizard|Protect|p2a: Charizard
|-singleturn|p2a: Charizard|Protect
|move|p1b: Staraptor|Tailwind|p1b: Staraptor
|-sidestart|p1: MEGA FRAUD|move: Tailwind
|move|p2b: Pelipper|Weather Ball|p1a: Tyranitar
|-damage|p1a: Tyranitar|82/100
|
|-weather|Sandstorm|[upkeep]
|-damage|p1b: Staraptor|36/100|[from] Sandstorm
|-damage|p2a: Charizard|94/100|[from] Sandstorm
|-damage|p2b: Pelipper|93/100|[from] Sandstorm
|upkeep
|turn|5
|
|t:|1785421320
|detailschange|p2a: Charizard|Charizard-Mega-Y, L50, F
|-mega|p2a: Charizard|Charizard|Charizardite Y
|-weather|SunnyDay|[from] ability: Drought|[of] p2a: Charizard
|move|p1b: Staraptor|Protect|p1b: Staraptor
|-singleturn|p1b: Staraptor|Protect
|move|p2b: Pelipper|Wide Guard|p2b: Pelipper
|-singleturn|p2b: Pelipper|Wide Guard
|move|p1a: Tyranitar|Knock Off|p2b: Pelipper
|-damage|p2b: Pelipper|58/100
|-enditem|p2b: Pelipper|Sitrus Berry|[from] move: Knock Off|[of] p1a: Tyranitar
|move|p2a: Charizard|Weather Ball|p1b: Staraptor
|-activate|p1b: Staraptor|move: Protect
|
|-weather|SunnyDay|[upkeep]
|upkeep
|turn|6
|inactive|MEGA FRAUD has 30 seconds left.
|
|t:|1785421346
|switch|p1a: Sinistcha|Sinistcha, L50|78/100
|-heal|p1b: Staraptor|61/100|[from] ability: Hospitality|[of] p1a: Sinistcha
|move|p2b: Pelipper|Wide Guard|p2b: Pelipper
|-singleturn|p2b: Pelipper|Wide Guard
|move|p1b: Staraptor|Brave Bird|p2b: Pelipper
|-damage|p2b: Pelipper|24/100
|-damage|p1b: Staraptor|51/100|[from] Recoil
|move|p2a: Charizard|Weather Ball|p1b: Staraptor
|-damage|p1b: Staraptor|6/100
|
|-weather|SunnyDay|[upkeep]
|upkeep
|turn|7
|
|t:|1785421362
|switch|p1a: Tyranitar|Tyranitar, L50, M|82/100
|-weather|Sandstorm|[from] ability: Sand Stream|[of] p1a: Tyranitar
|move|p1b: Staraptor|Protect|p1b: Staraptor
|-singleturn|p1b: Staraptor|Protect
|move|p2a: Charizard|Heat Wave|p1a: Tyranitar|[spread] p1a
|-activate|p1b: Staraptor|move: Protect
|-resisted|p1a: Tyranitar|1
|-damage|p1a: Tyranitar|70/100
|move|p2b: Pelipper|Weather Ball|p1a: Tyranitar
|-damage|p1a: Tyranitar|51/100
|
|-weather|Sandstorm|[upkeep]
|-damage|p1b: Staraptor|1/100|[from] Sandstorm
|-damage|p2a: Charizard|88/100|[from] Sandstorm
|-damage|p2b: Pelipper|18/100|[from] Sandstorm
|-sideend|p1: MEGA FRAUD|move: Tailwind
|upkeep
|turn|8
|inactive|MEGA FRAUD has 30 seconds left.
|
|t:|1785421397
|switch|p2b: Grimmsnarl|Grimmsnarl, L50, M|68/100
|move|p1b: Staraptor|Brave Bird|p2b: Grimmsnarl
|-damage|p2b: Grimmsnarl|28/100
|-damage|p1b: Staraptor|0 fnt|[from] Recoil
|faint|p1b: Staraptor
|move|p2a: Charizard|Heat Wave|p1a: Tyranitar
|-resisted|p1a: Tyranitar|1
|-damage|p1a: Tyranitar|35/100
|move|p1a: Tyranitar|Rock Slide|p2a: Charizard|[spread] p2a,p2b
|-supereffective|p2a: Charizard|2
|-damage|p2a: Charizard|10/100
|-damage|p2b: Grimmsnarl|9/100
|
|-weather|Sandstorm|[upkeep]
|-damage|p2a: Charizard|5/100|[from] Sandstorm
|-damage|p2b: Grimmsnarl|3/100|[from] Sandstorm
|-sideend|p2: Chelicerate1|Reflect
|upkeep
|
|t:|1785421403
|switch|p1b: Sinistcha|Sinistcha, L50|78/100
|-heal|p1a: Tyranitar|60/100|[from] ability: Hospitality|[of] p1b: Sinistcha
|turn|9
|
|t:|1785421416
|switch|p2a: Pelipper|Pelipper, L50, M|18/100
|-weather|RainDance|[from] ability: Drizzle|[of] p2a: Pelipper
|move|p2b: Grimmsnarl|Reflect|p2b: Grimmsnarl
|-sidestart|p2: Chelicerate1|Reflect
|move|p1a: Tyranitar|Rock Slide|p2a: Pelipper|[spread] p2a,p2b
|-supereffective|p2a: Pelipper|1
|-damage|p2a: Pelipper|0 fnt
|-damage|p2b: Grimmsnarl|0 fnt
|faint|p2a: Pelipper
|faint|p2b: Grimmsnarl
|move|p1b: Sinistcha|Shadow Ball|p2: Pelipper|[notarget]
|-fail|p1b: Sinistcha
|
|-weather|RainDance|[upkeep]
|upkeep
|inactive|Chelicerate1 has 30 seconds left.
|inactive|Chelicerate1 has 20 seconds left.
|
|t:|1785421451
|switch|p2b: Charizard|Charizard-Mega-Y, L50, F|5/100
|-weather|SunnyDay|[from] ability: Drought|[of] p2b: Charizard
|turn|10
|
|t:|1785421457
|move|p2b: Charizard|Heat Wave|p1b: Sinistcha|[spread] p1a,p1b
|-resisted|p1a: Tyranitar|1
|-supereffective|p1b: Sinistcha|1
|-damage|p1a: Tyranitar|32/100
|-damage|p1b: Sinistcha|0 fnt
|faint|p1b: Sinistcha
|move|p1a: Tyranitar|Knock Off|p2b: Charizard
|-damage|p2b: Charizard|0 fnt
|faint|p2b: Charizard
|
|win|MEGA FRAUD
||MEGA FRAUD is ready for game 3.
|inactive|Chelicerate1 has 30 seconds to confirm battle start!
|inactive|Chelicerate1 has 20 seconds to confirm battle start!
|inactive|Chelicerate1 has 10 seconds to confirm battle start!
||Chelicerate1 is ready for game 3.
|uhtml|next|Next: Game 3 of 3
|l|☆Chelicerate1
|player|p2|
