|j|☆axcoquette
|j|☆gyeeboii
|html|axcoquettegyeeboii    
|uhtml|bestof|Game 2 of a best-of-3
|t:|1784087203
|gametype|doubles
|player|p1|axcoquette|maid|1235
|player|p2|gyeeboii|cynthia|1074
|gen|9
|tier|[Gen 9 Champions] VGC 2026 Reg M-B (Bo3)
|rated|
|rule|Species Clause: Limit one of each Pokémon
|rule|Item Clause: Limit 1 of each item
|clearpoke
|poke|p1|Ceruledge, L50, F|
|poke|p1|Glimmora, L50, F|
|poke|p1|Sylveon, L50, M|
|poke|p1|Raichu, L50, M|
|poke|p1|Sinistcha-Masterpiece, L50|
|poke|p1|Milotic, L50, F|
|poke|p2|Dragalge, L50, F|
|poke|p2|Torkoal, L50, M|
|poke|p2|Rotom-Wash, L50|
|poke|p2|Farigiraf, L50, F|
|poke|p2|Incineroar, L50, F|
|poke|p2|Sceptile, L50, F|
|teampreview|4
|showteam|p1|Ceruledge||ColburBerry|FlashFire|BitterBlade,ShadowSneak,BulkUp,Protect|Impish||F|||50|]Glimmora||Glimmoranite|ToxicDebris|SpikyShield,PowerGem,EarthPower,SludgeBomb|Timid||F|||50|]Sylveon||FairyFeather|Pixilate|HyperVoice,HyperBeam,QuickAttack,Protect|Modest||M|||50|]Raichu||RaichuniteY|LightningRod|FakeOut,FocusBlast,ZapCannon,Protect|Timid||M|||50|]Sinistcha-Masterpiece||OccaBerry|Hospitality|MatchaGotcha,LifeDew,RagePowder,TrickRoom|Bold|||||50|]Milotic||Leftovers|Competitive|Coil,Hypnosis,MuddyWater,Recover|Calm||F|||50|
|showteam|p2|Dragalge||Dragalgite|Adaptability|DragonPulse,DracoMeteor,Protect,SludgeBomb|Quiet||F|||50|]Torkoal||HeatRock|Drought|Eruption,HeatWave,Overheat,Protect|Quiet||M|||50|]Rotom-Wash||ChoiceScarf|Levitate|Discharge,HydroPump,VoltSwitch,ShadowBall|Timid|||||50|]Farigiraf||SitrusBerry|ArmorTail|Psychic,HelpingHand,Protect,TrickRoom|Sassy||F|||50|]Incineroar||WhiteHerb|Intimidate|FlareBlitz,FakeOut,PartingShot,DarkestLariat|Brave||F|||50|]Sceptile||Sceptilite|Unburden|EnergyBall,DragonPulse,EarthPower,Protect|Modest||F|||50|
|inactive|Battle timer is ON: inactive players will automatically lose when time's up. (requested by axcoquette)
|
|t:|1784087221
|teamsize|p1|4
|teamsize|p2|4
|start
|switch|p1a: Sylveon|Sylveon, L50, M|100/100
|switch|p1b: Raichu|Raichu, L50, M|100/100
|switch|p2a: Farigiraf|Farigiraf, L50, F|100/100
|switch|p2b: Incineroar|Incineroar, L50, F|100/100
|-ability|p2b: Incineroar|Intimidate|boost
|-unboost|p1a: Sylveon|atk|1
|-unboost|p1b: Raichu|atk|1
|turn|1
|
|t:|1784087235
|detailschange|p1b: Raichu|Raichu-Mega-Y, L50, M
|-mega|p1b: Raichu|Raichu|Raichunite Y
|move|p2b: Incineroar|Fake Out|p1a: Sylveon
|-damage|p1a: Sylveon|83/100
|move|p1b: Raichu|Focus Blast|p2b: Incineroar
|-supereffective|p2b: Incineroar|1
|-damage|p2b: Incineroar|27/100
|cant|p1a: Sylveon|flinch
|move|p2a: Farigiraf|Trick Room|p2a: Farigiraf
|-fieldstart|move: Trick Room|[of] p2a: Farigiraf
|
|upkeep
|turn|2
|inactive|gyeeboii has 30 seconds left.
|
|t:|1784087266
|move|p2b: Incineroar|Parting Shot|p1b: Raichu
|-unboost|p1b: Raichu|atk|1
|-unboost|p1b: Raichu|spa|1
|
|t:|1784087271
|switch|p2b: Dragalge|Dragalge, L50, F|100/100|[from] Parting Shot
|move|p2a: Farigiraf|Psychic|p1a: Sylveon
|-damage|p1a: Sylveon|59/100
|move|p1a: Sylveon|Hyper Voice|p2a: Farigiraf|[spread] p2a,p2b
|-damage|p2a: Farigiraf|59/100
|-damage|p2b: Dragalge|59/100
|move|p1b: Raichu|Zap Cannon|p2a: Farigiraf
|-damage|p2a: Farigiraf|26/100
|-status|p2a: Farigiraf|par
|-enditem|p2a: Farigiraf|Sitrus Berry|[eat]
|-heal|p2a: Farigiraf|51/100 par|[from] item: Sitrus Berry
|
|upkeep
|turn|3
|inactive|gyeeboii has 30 seconds left.
|
|t:|1784087298
|detailschange|p2b: Dragalge|Dragalge-Mega, L50, F
|-mega|p2b: Dragalge|Dragalge|Dragalgite
|move|p1a: Sylveon|Protect|p1a: Sylveon
|-singleturn|p1a: Sylveon|Protect
|move|p2a: Farigiraf|Psychic|p1b: Raichu
|-damage|p1b: Raichu|56/100
|move|p2b: Dragalge|Sludge Bomb|p1b: Raichu
|-damage|p1b: Raichu|0 fnt
|faint|p1b: Raichu
|
|upkeep
|
|t:|1784087307
|switch|p1b: Sinistcha|Sinistcha-Masterpiece, L50|100/100
|-heal|p1a: Sylveon|84/100|[from] ability: Hospitality|[of] p1b: Sinistcha
|turn|4
|
|t:|1784087318
|move|p1b: Sinistcha|Rage Powder|p1b: Sinistcha
|-singleturn|p1b: Sinistcha|move: Rage Powder
|move|p2a: Farigiraf|Psychic|p1b: Sinistcha
|-damage|p1b: Sinistcha|66/100
|move|p2b: Dragalge|Sludge Bomb|p1b: Sinistcha
|-damage|p1b: Sinistcha|8/100
|move|p1a: Sylveon|Hyper Voice|p2b: Dragalge|[spread] p2a,p2b
|-damage|p2a: Farigiraf|10/100 par
|-damage|p2b: Dragalge|26/100
|
|upkeep
|turn|5
|
|t:|1784087336
|-heal|p2b: Dragalge|59/100|[from] ability: Regenerator|[silent]
|switch|p2b: Incineroar|Incineroar, L50, F|27/100
|-ability|p2b: Incineroar|Intimidate|boost
|-unboost|p1a: Sylveon|atk|1
|-unboost|p1b: Sinistcha|atk|1
|switch|p1b: Ceruledge|Ceruledge, L50, F|100/100
|move|p2a: Farigiraf|Psychic|p1b: Ceruledge
|-damage|p1b: Ceruledge|71/100
|move|p1a: Sylveon|Hyper Voice|p2a: Farigiraf|[spread] p2a,p2b
|-damage|p2a: Farigiraf|0 fnt
|-damage|p2b: Incineroar|0 fnt
|faint|p2a: Farigiraf
|faint|p2b: Incineroar
|
|-fieldend|move: Trick Room
|upkeep
|
|t:|1784087351
|switch|p2a: Torkoal|Torkoal, L50, M|100/100
|switch|p2b: Dragalge|Dragalge-Mega, L50, F|59/100
|-weather|SunnyDay|[from] ability: Drought|[of] p2a: Torkoal
|turn|6
|
|t:|1784087368
|move|p1b: Ceruledge|Bitter Blade|p2b: Dragalge
|-resisted|p2b: Dragalge|1
|-damage|p2b: Dragalge|31/100
|-heal|p1b: Ceruledge|84/100|[from] drain|[of] p2b: Dragalge
|move|p1a: Sylveon|Hyper Beam|p2b: Dragalge
|-damage|p2b: Dragalge|0 fnt
|-mustrecharge|p1a: Sylveon
|faint|p2b: Dragalge
|move|p2a: Torkoal|Overheat|p1a: Sylveon
|-damage|p1a: Sylveon|29/100
|-unboost|p2a: Torkoal|spa|2
|
|-weather|SunnyDay|[upkeep]
|upkeep
|turn|7
|-message|gyeeboii forfeited.
|
|win|axcoquette
|raw|axcoquette's rating: 1235 → 1249(+14 for winning)
|raw|gyeeboii's rating: 1074 → 1062(-12 for losing)
