|j|☆aqawa
|j|☆Kalycgos
|html|aqawaKalycgos    
|uhtml|bestof|Game 3 of a best-of-3
|t:|1783873516
|gametype|doubles
|player|p1|aqawa|101|1013
|player|p2|Kalycgos|102|1000
|gen|9
|tier|[Gen 9 Champions] VGC 2026 Reg M-B (Bo3)
|rated|
|rule|Species Clause: Limit one of each Pokémon
|rule|Item Clause: Limit 1 of each item
|clearpoke
|poke|p1|Maushold-Four, L50|
|poke|p1|Meowscarada, L50, F|
|poke|p1|Staraptor, L50, M|
|poke|p1|Kingambit, L50, M|
|poke|p1|Torkoal, L50, M|
|poke|p1|Floette-Eternal, L50, F|
|poke|p2|Garchomp, L50, M, shiny|
|poke|p2|Charizard, L50, M, shiny|
|poke|p2|Whimsicott, L50, M|
|poke|p2|Sylveon, L50, M|
|poke|p2|Kingambit, L50, M|
|poke|p2|Basculegion, L50, M|
|teampreview|4
|showteam|p1|Maushold-Four||WideLens|Technician|PopulationBomb,FollowMe,Protect,Feint|Jolly|||||50|]Meowscarada||LifeOrb|Overgrow|FlowerTrick,KnockOff,HelpingHand,Protect|Jolly||F|||50|]Staraptor||Staraptite|Intimidate|CloseCombat,BraveBird,Facade,Protect|Adamant||M|||50|]Kingambit||FocusSash|Defiant|Protect,SuckerPunch,KowtowCleave,IronHead|Jolly||M|||50|]Torkoal||Leftovers|Drought|Protect,Yawn,BurningJealousy,Bulldoze|Sassy||M|||50|]Floette-Eternal||Floettite|FlowerVeil|Moonblast,CalmMind,DazzlingGleam,Protect|Modest||F|||50|
|showteam|p2|Garchomp||LifeOrb|RoughSkin|DragonClaw,Earthquake,RockSlide,Protect|Jolly||M|||50|]Charizard||CharizarditeY|Blaze|HeatWave,SolarBeam,AncientPower,Protect|Modest||M|||50|]Whimsicott||FocusSash|Prankster|Moonblast,Tailwind,Encore,Protect|Timid||M|||50|]Sylveon||FairyFeather|Pixilate|HyperVoice,HyperBeam,QuickAttack,Detect|Modest||M|||50|]Kingambit||BlackGlasses|Defiant|KowtowCleave,IronHead,SuckerPunch,LowKick|Adamant||M|||50|]Basculegion||MysticWater|Adaptability|LastRespects,WaveCrash,AquaJet,Protect|Adamant||M|||50|
|inactive|Battle timer is ON: inactive players will automatically lose when time's up. (requested by aqawa)
|
|t:|1783873541
|teamsize|p1|4
|teamsize|p2|4
|start
|switch|p1a: Maushold|Maushold-Four, L50|100/100
|switch|p1b: Floette|Floette-Eternal, L50, F|100/100
|switch|p2a: Goblin|Whimsicott, L50, M|100/100
|switch|p2b: Zenos|Garchomp, L50, M, shiny|100/100
|turn|1
|
|t:|1783873554
|detailschange|p1b: Floette|Floette-Mega, L50, F
|-mega|p1b: Floette|Floette|Floettite
|-ability|p1b: Floette|Fairy Aura
|move|p1a: Maushold|Protect|p1a: Maushold
|-singleturn|p1a: Maushold|Protect
|move|p2a: Goblin|Tailwind|p2a: Goblin
|-sidestart|p2: Kalycgos|move: Tailwind
|move|p2b: Zenos|Rock Slide|p1a: Maushold|[spread] p1b
|-activate|p1a: Maushold|move: Protect
|-damage|p1b: Floette|72/100
|-damage|p2b: Zenos|90/100|[from] item: Life Orb
|move|p1b: Floette|Dazzling Gleam|p2b: Zenos|[spread] p2a,p2b
|-supereffective|p2b: Zenos|1
|-damage|p2a: Goblin|31/100
|-damage|p2b: Zenos|0 fnt
|faint|p2b: Zenos
|
|upkeep
|
|t:|1783873567
|switch|p2b: Nidhogg|Charizard, L50, M, shiny|100/100
|turn|2
|
|t:|1783873579
|switch|p1a: Torkoal|Torkoal, L50, M|100/100
|-weather|SunnyDay|[from] ability: Drought|[of] p1a: Torkoal
|detailschange|p2b: Nidhogg|Charizard-Mega-Y, L50, M, shiny
|-mega|p2b: Nidhogg|Charizard|Charizardite Y
|move|p2a: Goblin|Moonblast|p1a: Torkoal
|-resisted|p1a: Torkoal|1
|-damage|p1a: Torkoal|76/100
|move|p2b: Nidhogg|Heat Wave|p1b: Floette|[spread] p1a
|-miss|p2b: Nidhogg|p1b: Floette
|-resisted|p1a: Torkoal|1
|-crit|p1a: Torkoal
|-damage|p1a: Torkoal|25/100
|move|p1b: Floette|Dazzling Gleam|p2a: Goblin|[spread] p2a,p2b
|-resisted|p2b: Nidhogg|1
|-damage|p2a: Goblin|0 fnt
|-damage|p2b: Nidhogg|78/100
|faint|p2a: Goblin
|
|-weather|SunnyDay|[upkeep]
|-heal|p1a: Torkoal|31/100|[from] item: Leftovers
|upkeep
|
|t:|1783873594
|switch|p2a: Pixl|Sylveon, L50, M|100/100
|turn|3
|
|t:|1783873610
|move|p2b: Nidhogg|Ancient Power|p1a: Torkoal
|-supereffective|p1a: Torkoal|1
|-crit|p1a: Torkoal
|-damage|p1a: Torkoal|0 fnt
|faint|p1a: Torkoal
|move|p2a: Pixl|Hyper Beam|p1b: Floette
|-damage|p1b: Floette|0 fnt
|-mustrecharge|p2a: Pixl
|faint|p1b: Floette
|
|-weather|SunnyDay|[upkeep]
|upkeep
|
|t:|1783873618
|switch|p1b: Maushold|Maushold-Four, L50|100/100
|switch|p1a: Kingambit|Kingambit, L50, M|100/100
|turn|4
|
|t:|1783873624
|move|p1b: Maushold|Protect|p1b: Maushold
|-singleturn|p1b: Maushold|Protect
|move|p1a: Kingambit|Sucker Punch|p2b: Nidhogg
|-damage|p2b: Nidhogg|36/100
|move|p2b: Nidhogg|Heat Wave|p1b: Maushold|[spread] p1a
|-activate|p1b: Maushold|move: Protect
|-supereffective|p1a: Kingambit|1
|-enditem|p1a: Kingambit|Focus Sash
|-damage|p1a: Kingambit|1/100
|cant|p2a: Pixl|recharge
|
|-weather|SunnyDay|[upkeep]
|-sideend|p2: Kalycgos|move: Tailwind
|upkeep
|turn|5
|
|t:|1783873648
|move|p2b: Nidhogg|Protect|p2b: Nidhogg
|-singleturn|p2b: Nidhogg|Protect
|move|p1a: Kingambit|Sucker Punch||[still]
|-fail|p1a: Kingambit
|move|p1b: Maushold|Population Bomb|p2a: Pixl
|-damage|p2a: Pixl|85/100
|-damage|p2a: Pixl|70/100
|-damage|p2a: Pixl|54/100
|-damage|p2a: Pixl|38/100
|-damage|p2a: Pixl|24/100
|-damage|p2a: Pixl|9/100
|-damage|p2a: Pixl|0 fnt
|faint|p2a: Pixl
|-hitcount|p2: Pixl|7
|
|-weather|SunnyDay|[upkeep]
|upkeep
|turn|6
|
|t:|1783873668
|move|p1a: Kingambit|Sucker Punch|p2b: Nidhogg
|-damage|p2b: Nidhogg|0 fnt
|faint|p2b: Nidhogg
|
|win|aqawa
|raw|aqawa's rating: 1013 → 1050(+37 for winning)
|raw|Kalycgos's rating: 1000 → 1000(+0 for losing)
