|j|☆carlitose
|j|☆ur1ryanpowney
|html|carlitoseur1ryanpowney    
|uhtml|bestof|Game 2 of a best-of-3
|t:|1755728050
|gametype|doubles
|player|p1|carlitose|guzma|1205
|player|p2|ur1ryanpowney|nate|1176
|gen|9
|tier|[Gen 9] VGC 2025 Reg H (Bo3)
|rated|
|rule|Species Clause: Limit one of each Pokémon
|rule|Item Clause: Limit 1 of each item
|clearpoke
|poke|p1|Dragapult, L50, M|
|poke|p1|Talonflame, L50, M|
|poke|p1|Slaking, L50, M|
|poke|p1|Weezing, L50, M|
|poke|p1|Electabuzz, L50, F|
|poke|p1|Ursaluna, L50, F|
|poke|p2|Ursaluna, L50, M|
|poke|p2|Kommo-o, L50, M|
|poke|p2|Indeedee-F, L50, F|
|poke|p2|Incineroar, L50, M|
|poke|p2|Braviary-Hisui, L50, M|
|poke|p2|Amoonguss, L50, F|
|teampreview|4
|showteam|p1|Dragapult||ChoiceBand|ClearBody|SuckerPunch,PhantomForce,Uturn,DragonDarts|||M|||50|,,,,,Dragon]Talonflame||CovertCloak|GaleWings|BraveBird,FlareBlitz,Tailwind,Taunt|||M|||50|,,,,,Grass]Slaking||LifeOrb|Truant|KnockOff,DoubleEdge,HighHorsepower,Protect|||M|||50|,,,,,Ghost]Weezing||SitrusBerry|NeutralizingGas|WillOWisp,SludgeBomb,Taunt,Protect|||M|||50|,,,,,Dark]Electabuzz||Eviolite|VitalSpirit|Thunderbolt,Taunt,Protect,FollowMe|||F|||50|,,,,,Water]Ursaluna||FlameOrb|Guts|Facade,HeadlongRush,CloseCombat,Protect|||F|||50|,,,,,Ghost
|showteam|p2|Ursaluna||FlameOrb|Guts|Facade,Earthquake,Protect,HeadlongRush|||M|||50|,,,,,Normal]Kommo-o||ThroatSpray|Overcoat|ClangorousSoul,ClangingScales,Protect,Flamethrower|||M|||50|,,,,,Fire]Indeedee-F||MentalHerb|PsychicSurge|DazzlingGleam,FollowMe,TrickRoom,HelpingHand|||F|||50|,,,,,Fairy]Incineroar||SafetyGoggles|Intimidate|FakeOut,KnockOff,PartingShot,FlareBlitz|||M|||50|,,,,,Grass]Braviary-Hisui||LifeOrb|TintedLens|ExpandingForce,Protect,Hurricane,EsperWing|||M|||50|,,,,,Psychic]Amoonguss||RockyHelmet|Regenerator|Spore,PollenPuff,RagePowder,ClearSmog|||F|||50|,,,,,Water
|inactive|Battle timer is ON: inactive players will automatically lose when time's up. (requested by carlitose)
|inactive|carlitose has 60 seconds left.
|inactive|ur1ryanpowney has 60 seconds left.
|inactive|carlitose has 30 seconds left.
|
|t:|1755728119
|teamsize|p1|4
|teamsize|p2|4
|start
|switch|p1a: Slaking|Slaking, L50, M|100/100
|switch|p1b: Weezing|Weezing, L50, M|100/100
|switch|p2a: Amoonguss|Amoonguss, L50, F, shiny|100/100
|switch|p2b: Kommo-o|Kommo-o, L50, M|100/100
|-ability|p1b: Weezing|Neutralizing Gas
|turn|1
|inactive|carlitose has 30 seconds left.
|
|t:|1755728152
|move|p2a: Amoonguss|Rage Powder|p2a: Amoonguss
|-singleturn|p2a: Amoonguss|move: Rage Powder
|move|p1a: Slaking|Double-Edge|p2a: Amoonguss
|-damage|p2a: Amoonguss|16/100
|-damage|p1a: Slaking|84/100|[from] item: Rocky Helmet|[of] p2a: Amoonguss
|-damage|p1a: Slaking|56/100|[from] Recoil
|-damage|p1a: Slaking|47/100|[from] item: Life Orb
|move|p2b: Kommo-o|Clangorous Soul|p2b: Kommo-o
|-boost|p2b: Kommo-o|atk|1
|-boost|p2b: Kommo-o|def|1
|-boost|p2b: Kommo-o|spa|1
|-boost|p2b: Kommo-o|spd|1
|-boost|p2b: Kommo-o|spe|1
|-damage|p2b: Kommo-o|68/100
|-enditem|p2b: Kommo-o|Throat Spray
|-boost|p2b: Kommo-o|spa|1|[from] item: Throat Spray
|move|p1b: Weezing|Taunt|p2a: Amoonguss
|-start|p2a: Amoonguss|move: Taunt
|
|upkeep
|turn|2
|inactive|ur1ryanpowney has 30 seconds left.
|inactive|ur1ryanpowney has 20 seconds left.
|inactive|ur1ryanpowney has 15 seconds left.
|
|t:|1755728193
|move|p1a: Slaking|Protect|p1a: Slaking
|-singleturn|p1a: Slaking|Protect
|move|p2b: Kommo-o|Clanging Scales|p1a: Slaking|[spread] p1b
|-activate|p1a: Slaking|move: Protect
|-damage|p1b: Weezing|31/100
|-enditem|p1b: Weezing|Sitrus Berry|[eat]
|-heal|p1b: Weezing|56/100|[from] item: Sitrus Berry
|-unboost|p2b: Kommo-o|def|1
|move|p1b: Weezing|Will-O-Wisp|p2b: Kommo-o
|-status|p2b: Kommo-o|brn
|move|p2a: Amoonguss|Pollen Puff|p2b: Kommo-o
|-heal|p2b: Kommo-o|100/100 brn
|
|-damage|p2b: Kommo-o|95/100 brn|[from] brn
|upkeep
|turn|3
|inactive|carlitose has 30 seconds left.
|inactive|ur1ryanpowney has 30 seconds left.
|inactive|ur1ryanpowney has 20 seconds left.
|inactive|ur1ryanpowney has 15 seconds left.
|inactive|ur1ryanpowney has 10 seconds left.
|
|t:|1755728241
|move|p2b: Kommo-o|Protect|p2b: Kommo-o
|-singleturn|p2b: Kommo-o|Protect
|move|p1a: Slaking|Double-Edge|p2b: Kommo-o
|-activate|p2b: Kommo-o|move: Protect
|move|p1b: Weezing|Sludge Bomb|p2a: Amoonguss
|-damage|p2a: Amoonguss|0 fnt
|faint|p2a: Amoonguss
|
|-damage|p2b: Kommo-o|89/100 brn|[from] brn
|upkeep
|
|t:|1755728250
|switch|p2a: Indeedee|Indeedee-F, L50, F|100/100
|turn|4
|
|t:|1755728264
|move|p2a: Indeedee|Helping Hand|p2b: Kommo-o
|-singleturn|p2b: Kommo-o|Helping Hand|[of] p2a: Indeedee
|move|p1a: Slaking|Double-Edge|p2a: Indeedee
|-damage|p2a: Indeedee|1/100
|-damage|p1a: Slaking|23/100|[from] Recoil
|-damage|p1a: Slaking|13/100|[from] item: Life Orb
|move|p2b: Kommo-o|Clanging Scales|p1b: Weezing|[spread] p1a,p1b
|-damage|p1a: Slaking|0 fnt
|-damage|p1b: Weezing|0 fnt
|faint|p1a: Slaking
|faint|p1b: Weezing
|-end|p1b: Weezing|ability: Neutralizing Gas
|-fieldstart|move: Psychic Terrain|[from] ability: Psychic Surge|[of] p2a: Indeedee
|-unboost|p2b: Kommo-o|def|1
|
|-damage|p2b: Kommo-o|83/100 brn|[from] brn
|upkeep
|
|t:|1755728275
|switch|p1a: Talonflame|Talonflame, L50, M|100/100
|switch|p1b: Ursaluna|Ursaluna, L50, F|100/100
|turn|5
|inactive|carlitose has 30 seconds left.
|
|t:|1755728308
|move|p1b: Ursaluna|Protect|p1b: Ursaluna
|-singleturn|p1b: Ursaluna|Protect
|move|p2a: Indeedee|Follow Me|p2a: Indeedee
|-singleturn|p2a: Indeedee|move: Follow Me
|move|p1a: Talonflame|Tailwind|p1a: Talonflame
|-sidestart|p1: carlitose|move: Tailwind
|move|p2b: Kommo-o|Clanging Scales|p1a: Talonflame|[spread] p1a
|-activate|p1b: Ursaluna|move: Protect
|-crit|p1a: Talonflame
|-damage|p1a: Talonflame|0 fnt
|faint|p1a: Talonflame
|-unboost|p2b: Kommo-o|def|1
|
|-damage|p2b: Kommo-o|77/100 brn|[from] brn
|-status|p1b: Ursaluna|brn|[from] item: Flame Orb
|upkeep
|turn|6
|l|☆carlitose
|inactive|carlitose disconnected and has a minute to reconnect!
|player|p1|
|inactive|carlitose has 30 seconds left.
|inactive|carlitose has 20 seconds left.
|inactive|carlitose has 15 seconds left.
|inactive|carlitose has 10 seconds left.
|inactive|carlitose has 5 seconds left.
|-message|carlitose lost due to inactivity.
|
|win|ur1ryanpowney
|raw|carlitose's rating: 1205 → 1178(-27 for losing)
|raw|ur1ryanpowney's rating: 1176 → 1203(+27 for winning)
