|j|☆cubeandcroc
|j|☆ObliviouslyPyro
|html|cubeandcrocObliviouslyPyro    
|uhtml|bestof|Game 2 of a best-of-3
|t:|1783593591
|gametype|doubles
|player|p1|cubeandcroc|266|1054
|player|p2|ObliviouslyPyro|102|1111
|gen|9
|tier|[Gen 9 Champions] VGC 2026 Reg M-B (Bo3)
|rated|
|rule|Species Clause: Limit one of each Pokémon
|rule|Item Clause: Limit 1 of each item
|clearpoke
|poke|p1|Incineroar, L50, F|
|poke|p1|Farigiraf, L50, M|
|poke|p1|Tyranitar, L50, F|
|poke|p1|Rotom-Heat, L50|
|poke|p1|Basculegion, L50, M|
|poke|p1|Sceptile, L50, M|
|poke|p2|Gardevoir, L50, F, shiny|
|poke|p2|Greninja, L50, F|
|poke|p2|Oranguru, L50, F|
|poke|p2|Venusaur, L50, F|
|poke|p2|Annihilape, L50, F|
|poke|p2|Liepard, L50, F|
|teampreview|4
|showteam|p1|Incineroar||KingsRock|Intimidate|FakeOut,FlareBlitz,PartingShot,Fling|Jolly||F|||50|]Farigiraf||SitrusBerry|ArmorTail|Psychic,MirrorCoat,TrickRoom,Roar|Bold||M|||50|]Tyranitar||Tyranitarite|SandStream|KnockOff,RockSlide,IronHead,LowKick|Brave||F|||50|]Rotom-Heat||ChestoBerry|Levitate|Overheat,Discharge,Rest,Protect|Modest|||||50|]Basculegion||ChoiceScarf|Adaptability|WaveCrash,LastRespects,AquaJet,Soak|Jolly||M|||50|]Sceptile||Sceptilite|Overgrow|EnergyBall,DragonPulse,Substitute,Protect|Timid||M|||50|
|showteam|p2|Gardevoir||Gardevoirite|Synchronize|HyperVoice,CalmMind,Psychic,Protect|Modest||F|||50|]Greninja||Greninjite|Protean|DarkPulse,WaterShuriken,GrassKnot,Protect|Modest||F|||50|]Oranguru||MentalHerb|InnerFocus|Psychic,Instruct,Protect,TrickRoom|Bold||F|||50|]Venusaur||SitrusBerry|Chlorophyll|SludgeBomb,GigaDrain,SleepPowder,Protect|Modest||F|||50|]Annihilape||ChoiceScarf|Defiant|Uturn,ShadowClaw,CloseCombat,IcePunch|Jolly||F|||50|]Liepard||FocusSash|Prankster|FakeOut,SunnyDay,KnockOff,ThunderWave|Jolly||F|||50|
|
|t:|1783593616
|teamsize|p1|4
|teamsize|p2|4
|start
|switch|p1a: Rotom|Rotom-Heat, L50|100/100
|switch|p1b: Sceptile|Sceptile, L50, M|100/100
|switch|p2a: Annihilape|Annihilape, L50, F|100/100
|switch|p2b: Liepard|Liepard, L50, F|100/100
|turn|1
|
|t:|1783593645
|switch|p1b: Basculegion|Basculegion, L50, M|100/100
|move|p2b: Liepard|Fake Out|p1a: Rotom
|-damage|p1a: Rotom|88/100
|move|p2a: Annihilape|Ice Punch|p1b: Basculegion
|-resisted|p1b: Basculegion|1
|-damage|p1b: Basculegion|85/100
|cant|p1a: Rotom|flinch
|
|upkeep
|turn|2
|
|t:|1783593666
|switch|p2a: Gardevoir|Gardevoir, L50, F, shiny|100/100
|switch|p1b: Farigiraf|Farigiraf, L50, M|100/100
|move|p2b: Liepard|Knock Off|p1b: Farigiraf
|-supereffective|p1b: Farigiraf|1
|-damage|p1b: Farigiraf|43/100
|-enditem|p1b: Farigiraf|Sitrus Berry|[from] move: Knock Off|[of] p2b: Liepard
|move|p1a: Rotom|Overheat|p2b: Liepard|[miss]
|-miss|p1a: Rotom|p2b: Liepard
|
|upkeep
|turn|3
|
|t:|1783593680
|detailschange|p2a: Gardevoir|Gardevoir-Mega, L50, F, shiny
|-mega|p2a: Gardevoir|Gardevoir|Gardevoirite
|move|p2b: Liepard|Knock Off|p1a: Rotom
|-damage|p1a: Rotom|49/100
|-enditem|p1a: Rotom|Chesto Berry|[from] move: Knock Off|[of] p2b: Liepard
|move|p2a: Gardevoir|Hyper Voice|p1a: Rotom|[spread] p1a,p1b
|-resisted|p1a: Rotom|1
|-crit|p1b: Farigiraf
|-damage|p1a: Rotom|21/100
|-damage|p1b: Farigiraf|0 fnt
|faint|p1b: Farigiraf
|move|p1a: Rotom|Discharge|p2b: Liepard|[spread] p2a,p2b
|-crit|p2b: Liepard
|-damage|p2a: Gardevoir|74/100
|-damage|p2b: Liepard|10/100
|
|upkeep
|
|t:|1783593691
|switch|p1b: Basculegion|Basculegion, L50, M|85/100
|turn|4
|
|t:|1783593704
|move|p2a: Gardevoir|Protect|p2a: Gardevoir
|-singleturn|p2a: Gardevoir|Protect
|move|p2b: Liepard|Thunder Wave|p1b: Basculegion
|-status|p1b: Basculegion|par
|move|p1b: Basculegion|Last Respects|p2b: Liepard
|-resisted|p2b: Liepard|1
|-damage|p2b: Liepard|0 fnt
|faint|p2b: Liepard
|move|p1a: Rotom|Rest|p1a: Rotom
|-status|p1a: Rotom|slp|[from] move: Rest
|-heal|p1a: Rotom|100/100 slp|[silent]
|
|upkeep
|
|t:|1783593716
|switch|p2b: Annihilape|Annihilape, L50, F|100/100
|turn|5
|
|t:|1783593725
|move|p2b: Annihilape|Shadow Claw|p1b: Basculegion
|-supereffective|p1b: Basculegion|1
|-damage|p1b: Basculegion|0 fnt
|faint|p1b: Basculegion
|move|p2a: Gardevoir|Calm Mind|p2a: Gardevoir
|-boost|p2a: Gardevoir|spa|1
|-boost|p2a: Gardevoir|spd|1
|cant|p1a: Rotom|slp
|
|upkeep
|-message|cubeandcroc forfeited.
|raw|cubeandcroc's rating: 1054 → 1039(-15 for losing)
|raw|ObliviouslyPyro's rating: 1111 → 1132(+21 for winning)
|
|win|ObliviouslyPyro
|l|☆cubeandcroc
|player|p1|
