|j|☆quebecquagsires
|j|☆Jtw1313
|html|quebecquagsiresJtw1313    
|uhtml|bestof|Game 2 of a best-of-3
|t:|1784385735
|gametype|doubles
|player|p1|quebecquagsires|2|
|player|p2|Jtw1313|265|
|gen|9
|tier|[Gen 9 Champions] VGC 2026 Reg M-B (Bo3)
|rule|Species Clause: Limit one of each Pokémon
|rule|Item Clause: Limit 1 of each item
|clearpoke
|poke|p1|Dragonite, L50, M, shiny|
|poke|p1|Meganium, L50, M, shiny|
|poke|p1|Klefki, L50, M, shiny|
|poke|p1|Lycanroc-Dusk, L50, F|
|poke|p1|Rotom-Mow, L50, shiny|
|poke|p1|Kangaskhan, L50, F, shiny|
|poke|p2|Toxicroak, L50, M|
|poke|p2|Swampert, L50, M|
|poke|p2|Pelipper, L50, F|
|poke|p2|Kleavor, L50, F|
|poke|p2|Mimikyu, L50, M|
|poke|p2|Venusaur, L50, M|
|teampreview|4
|showteam|p1|Dragonite||Dragoninite|Multiscale|Hurricane,Thunderbolt,DragonPulse,Protect|Timid||M|||50|]Meganium||Meganiumite|Overgrow|Synthesis,DazzlingGleam,SolarBeam,Protect|Modest||M|||50|]Klefki||LightClay|Prankster|Reflect,LightScreen,ThunderWave,MetalSound|Bold||M|||50|]Lycanroc-Dusk||FocusSash|ToughClaws|RockSlide,PsychicFangs,CloseCombat,Accelerock|Jolly||F|||50|]Rotom-Mow||SitrusBerry|Levitate|LeafStorm,VoltSwitch,Electroweb,Protect|Calm|||||50|]Kangaskhan||SilkScarf|Scrappy|FakeOut,LastResort|Adamant||F|||50|
|showteam|p2|Toxicroak||LifeOrb|DrySkin|Protect,PoisonJab,CloseCombat,IcePunch|Jolly||M|||50|]Swampert||Swampertite|Torrent|Protect,Earthquake,WaveCrash,PoisonJab|Adamant||M|||50|]Pelipper||FocusSash|Drizzle|Tailwind,Protect,Hurricane,WeatherBall|Modest||F|||50|]Kleavor||ChoiceScarf|Sharpness|XScissor,StoneAxe,CloseCombat,Uturn|Adamant||F|||50|]Mimikyu||FairyFeather|Disguise|Protect,SwordsDance,PlayRough,LeechLife|Jolly||M|||50|]Venusaur||Venusaurite|Overgrow|EarthPower,Protect,LeechSeed,SludgeBomb|Calm||M|||50|
|
|t:|1784385776
|teamsize|p1|4
|teamsize|p2|4
|start
|switch|p1a: Klefki|Klefki, L50, M, shiny|100/100
|switch|p1b: Dragonite|Dragonite, L50, M, shiny|100/100
|switch|p2a: Kleavor|Kleavor, L50, F|100/100
|switch|p2b: Mimikyu|Mimikyu, L50, M|100/100
|turn|1
|
|t:|1784385804
|detailschange|p1b: Dragonite|Dragonite-Mega, L50, M, shiny
|-mega|p1b: Dragonite|Dragonite|Dragoninite
|move|p1b: Dragonite|Protect|p1b: Dragonite
|-singleturn|p1b: Dragonite|Protect
|move|p1a: Klefki|Reflect|p1a: Klefki
|-sidestart|p1: quebecquagsires|Reflect
|move|p2a: Kleavor|Stone Axe|p1b: Dragonite
|-activate|p1b: Dragonite|move: Protect
|move|p2b: Mimikyu|Swords Dance|p2b: Mimikyu
|-boost|p2b: Mimikyu|atk|2
|
|upkeep
|turn|2
|
|t:|1784385830
|move|p1a: Klefki|Metal Sound|p2a: Kleavor
|-unboost|p2a: Kleavor|spd|2
|move|p2a: Kleavor|Stone Axe|p1b: Dragonite
|-supereffective|p1b: Dragonite|1
|-damage|p1b: Dragonite|62/100
|-sidestart|p1: quebecquagsires|move: Stealth Rock
|move|p1b: Dragonite|Dragon Pulse|p2a: Kleavor
|-damage|p2a: Kleavor|0 fnt
|faint|p2a: Kleavor
|move|p2b: Mimikyu|Swords Dance|p2b: Mimikyu
|-boost|p2b: Mimikyu|atk|2
|
|upkeep
|
|t:|1784385844
|switch|p2a: Swampert|Swampert, L50, M|100/100
|turn|3
|
|t:|1784385869
|detailschange|p2a: Swampert|Swampert-Mega, L50, M
|-mega|p2a: Swampert|Swampert|Swampertite
|move|p1a: Klefki|Metal Sound|p2a: Swampert
|-unboost|p2a: Swampert|spd|2
|move|p1b: Dragonite|Thunderbolt|p2b: Mimikyu
|-activate|p2b: Mimikyu|ability: Disguise
|-damage|p2b: Mimikyu|100/100
|-status|p2b: Mimikyu|par
|detailschange|p2b: Mimikyu|Mimikyu-Busted, L50, M
|-damage|p2b: Mimikyu|87/100 par|[from] pokemon: Mimikyu-Busted
|move|p2a: Swampert|Wave Crash|p1a: Klefki
|-damage|p1a: Klefki|56/100
|-damage|p2a: Swampert|87/100|[from] Recoil
|move|p2b: Mimikyu|Play Rough|p1b: Dragonite|[miss]
|-miss|p2b: Mimikyu|p1b: Dragonite
|
|upkeep
|turn|4
|
|t:|1784385900
|switch|p2a: Pelipper|Pelipper, L50, F|100/100
|-weather|RainDance|[from] ability: Drizzle|[of] p2a: Pelipper
|move|p1a: Klefki|Metal Sound|p2b: Mimikyu
|-unboost|p2b: Mimikyu|spd|2
|move|p1b: Dragonite|Thunderbolt|p2b: Mimikyu
|-crit|p2b: Mimikyu
|-damage|p2b: Mimikyu|0 fnt
|faint|p2b: Mimikyu
|
|-weather|RainDance|[upkeep]
|upkeep
|
|t:|1784385913
|switch|p2b: Swampert|Swampert-Mega, L50, M|87/100
|turn|5
|
|t:|1784385956
|move|p1a: Klefki|Light Screen|p1a: Klefki
|-sidestart|p1: quebecquagsires|move: Light Screen
|move|p2b: Swampert|Wave Crash|p1a: Klefki
|-damage|p1a: Klefki|0 fnt
|faint|p1a: Klefki
|-damage|p2b: Swampert|69/100|[from] Recoil
|move|p1b: Dragonite|Hurricane|p2b: Swampert
|-damage|p2b: Swampert|22/100
|move|p2a: Pelipper|Weather Ball|p1b: Dragonite
|-resisted|p1b: Dragonite|1
|-damage|p1b: Dragonite|41/100
|
|-weather|RainDance|[upkeep]
|upkeep
|-message|Jtw1313 forfeited.
|
|win|quebecquagsires
|l|☆Jtw1313
|player|p2|
