|j|☆mirokart wii
|j|☆huusjsj
|html|mirokart wiihuusjsj    
|uhtml|bestof|Game 2 of a best-of-3
|t:|1755161250
|gametype|doubles
|player|p1|mirokart wii|harlequin|1296
|player|p2|huusjsj|clay|1557
|gen|9
|tier|[Gen 9] VGC 2025 Reg H (Bo3)
|rated|
|rule|Species Clause: Limit one of each Pokémon
|rule|Item Clause: Limit 1 of each item
|clearpoke
|poke|p1|Garchomp, L50, F|
|poke|p1|Gholdengo, L50|
|poke|p1|Incineroar, L50, M|
|poke|p1|Amoonguss, L50, F|
|poke|p1|Kilowattrel, L50, F|
|poke|p1|Tyranitar, L50, M|
|poke|p2|Annihilape, L50, F|
|poke|p2|Maushold-Four, L50|
|poke|p2|Klefki, L50, F|
|poke|p2|Ursaluna-Bloodmoon, L50, M|
|poke|p2|Ninetales-Alola, L50, F|
|poke|p2|Sinistcha, L50|
|teampreview|4
|showteam|p1|Garchomp||LifeOrb|SandVeil|DragonClaw,StompingTantrum,Earthquake,Protect|||F|||50|,,,,,Ground]Gholdengo||MetalCoat|GoodasGold|MakeItRain,ShadowBall,NastyPlot,Protect||||||50|,,,,,Flying]Incineroar||SafetyGoggles|Intimidate|FakeOut,FlareBlitz,KnockOff,PartingShot|||M|||50|,,,,,Ghost]Amoonguss||SitrusBerry|Regenerator|Spore,RagePowder,PollenPuff,Protect|||F|||50|,,,,,Water]Kilowattrel||FocusSash|Competitive|Electroweb,VoltSwitch,AirSlash,Tailwind|||F|||50|,,,,,Ghost]Tyranitar||AssaultVest|SandStream|RockSlide,KnockOff,LowKick,TeraBlast|||M|||50|,,,,,Flying
|showteam|p2|Annihilape||Leftovers|Defiant|Protect,BulkUp,DrainPunch,RageFist|||F|||50|,,,,,Fire]Maushold-Four||SafetyGoggles|FriendGuard|FollowMe,Taunt,BeatUp,Protect||||||50|,,,,,Ghost]Klefki||LightClay|Prankster|Reflect,LightScreen,MistyTerrain,DazzlingGleam|||F|||50|,,,,,Ghost]Ursaluna-Bloodmoon||AssaultVest|MindsEye|BloodMoon,HyperVoice,EarthPower,VacuumWave|||M|||50|,,,,,Water]Ninetales-Alola||FocusSash|SnowWarning|Blizzard,FreezeDry,Encore,Protect|||F|||50|,,,,,Ghost]Sinistcha||SitrusBerry|Hospitality|MatchaGotcha,TrickRoom,LifeDew,RagePowder||||||50|,,,,,Water
|inactive|Battle timer is ON: inactive players will automatically lose when time's up. (requested by mirokart wii)
|inactive|huusjsj also wants the timer to be on.
|inactive|huusjsj has 60 seconds left.
|
|t:|1755161288
|teamsize|p1|4
|teamsize|p2|4
|start
|switch|p1a: Amoonguss|Amoonguss, L50, F|100/100
|switch|p1b: Gholdengo|Gholdengo, L50|100/100
|switch|p2a: Klefki|Klefki, L50, F|100/100
|switch|p2b: Ursaluna|Ursaluna-Bloodmoon, L50, M|100/100
|turn|1
|
|t:|1755161305
|switch|p1a: Garchomp|Garchomp, L50, F|100/100
|-terastallize|p1b: Gholdengo|Flying
|move|p2a: Klefki|Misty Terrain|p2a: Klefki
|-fieldstart|move: Misty Terrain
|move|p1b: Gholdengo|Nasty Plot|p1b: Gholdengo
|-boost|p1b: Gholdengo|spa|2
|move|p2b: Ursaluna|Hyper Voice|p1a: Garchomp|[spread] p1a,p1b
|-damage|p1a: Garchomp|61/100
|-damage|p1b: Gholdengo|60/100
|
|upkeep
|turn|2
|
|t:|1755161317
|-terastallize|p2b: Ursaluna|Water
|move|p2a: Klefki|Light Screen|p2a: Klefki
|-sidestart|p2: huusjsj|move: Light Screen
|move|p1a: Garchomp|Dragon Claw|p2b: Ursaluna
|-damage|p2b: Ursaluna|80/100
|-damage|p1a: Garchomp|51/100|[from] item: Life Orb
|move|p1b: Gholdengo|Make It Rain|p2b: Ursaluna|[spread] p2a,p2b
|-resisted|p2b: Ursaluna
|-damage|p2a: Klefki|32/100
|-damage|p2b: Ursaluna|59/100
|-unboost|p1b: Gholdengo|spa|1
|move|p2b: Ursaluna|Hyper Voice|p1a: Garchomp|[spread] p1a,p1b
|-damage|p1a: Garchomp|11/100
|-damage|p1b: Gholdengo|19/100
|
|upkeep
|turn|3
|inactive|mirokart wii has 30 seconds left.
|
|t:|1755161346
|move|p2a: Klefki|Reflect|p2a: Klefki
|-sidestart|p2: huusjsj|Reflect
|move|p2b: Ursaluna|Vacuum Wave|p1a: Garchomp
|-damage|p1a: Garchomp|0 fnt
|faint|p1a: Garchomp
|move|p1b: Gholdengo|Shadow Ball|p2b: Ursaluna
|-damage|p2b: Ursaluna|35/100
|-unboost|p2b: Ursaluna|spd|1
|
|upkeep
|
|t:|1755161355
|switch|p1a: Tyranitar|Tyranitar, L50, M|100/100
|-weather|Sandstorm|[from] ability: Sand Stream|[of] p1a: Tyranitar
|turn|4
|
|t:|1755161366
|switch|p2b: Annihilape|Annihilape, L50, F, shiny|100/100
|move|p1b: Gholdengo|Make It Rain|p2a: Klefki|[spread] p2a,p2b
|-damage|p2a: Klefki|0 fnt
|-damage|p2b: Annihilape|55/100
|-unboost|p1b: Gholdengo|spa|1
|faint|p2a: Klefki
|move|p1a: Tyranitar|Knock Off|p2b: Annihilape
|-damage|p2b: Annihilape|19/100
|-enditem|p2b: Annihilape|Leftovers|[from] move: Knock Off|[of] p1a: Tyranitar
|
|-weather|Sandstorm|[upkeep]
|-damage|p2b: Annihilape|13/100|[from] Sandstorm
|-damage|p1b: Gholdengo|13/100|[from] Sandstorm
|upkeep
|
|t:|1755161376
|switch|p2a: Ninetales|Ninetales-Alola, L50, F, shiny|100/100
|-weather|Snowscape|[from] ability: Snow Warning|[of] p2a: Ninetales
|turn|5
|
|t:|1755161380
|switch|p1a: Amoonguss|Amoonguss, L50, F|100/100
|move|p1b: Gholdengo|Protect|p1b: Gholdengo
|-singleturn|p1b: Gholdengo|Protect
|move|p2a: Ninetales|Blizzard|p1a: Amoonguss|[spread] p1a
|-activate|p1b: Gholdengo|move: Protect
|-supereffective|p1a: Amoonguss
|-damage|p1a: Amoonguss|45/100
|-enditem|p1a: Amoonguss|Sitrus Berry|[eat]
|-heal|p1a: Amoonguss|69/100|[from] item: Sitrus Berry
|move|p2b: Annihilape|Drain Punch|p1a: Amoonguss
|-resisted|p1a: Amoonguss
|-damage|p1a: Amoonguss|58/100
|-heal|p2b: Annihilape|19/100|[from] drain|[of] p1a: Amoonguss
|
|-weather|Snowscape|[upkeep]
|-fieldend|Misty Terrain
|upkeep
|turn|6
|
|t:|1755161401
|switch|p1b: Tyranitar|Tyranitar, L50, M|100/100
|-weather|Sandstorm|[from] ability: Sand Stream|[of] p1b: Tyranitar
|move|p2a: Ninetales|Freeze-Dry|p1b: Tyranitar
|-damage|p1b: Tyranitar|89/100
|move|p2b: Annihilape|Rage Fist|p1a: Amoonguss
|-damage|p1a: Amoonguss|11/100
|move|p1a: Amoonguss|Spore|p2b: Annihilape
|-status|p2b: Annihilape|slp|[from] move: Spore
|
|-weather|Sandstorm|[upkeep]
|-damage|p2a: Ninetales|94/100|[from] Sandstorm
|-damage|p2b: Annihilape|13/100 slp|[from] Sandstorm
|-damage|p1a: Amoonguss|6/100|[from] Sandstorm
|upkeep
|turn|7
|
|t:|1755161420
|move|p2a: Ninetales|Protect|p2a: Ninetales
|-singleturn|p2a: Ninetales|Protect
|cant|p2b: Annihilape|slp
|move|p1b: Tyranitar|Rock Slide|p2a: Ninetales|[spread] p2b
|-activate|p2a: Ninetales|move: Protect
|-resisted|p2b: Annihilape
|-damage|p2b: Annihilape|2/100 slp
|move|p1a: Amoonguss|Spore|p2a: Ninetales
|-activate|p2a: Ninetales|move: Protect
|
|-weather|Sandstorm|[upkeep]
|-damage|p2a: Ninetales|88/100|[from] Sandstorm
|-damage|p2b: Annihilape|0 fnt|[from] Sandstorm
|-damage|p1a: Amoonguss|0 fnt|[from] Sandstorm
|faint|p2b: Annihilape
|faint|p1a: Amoonguss
|upkeep
|
|t:|1755161433
|switch|p2b: Ursaluna|Ursaluna-Bloodmoon, L50, M, tera:Water|35/100
|switch|p1a: Gholdengo|Gholdengo, L50, tera:Flying|13/100
|turn|8
|
|t:|1755161449
|move|p1a: Gholdengo|Protect|p1a: Gholdengo
|-singleturn|p1a: Gholdengo|Protect
|move|p2a: Ninetales|Freeze-Dry|p1a: Gholdengo
|-activate|p1a: Gholdengo|move: Protect
|move|p1b: Tyranitar|Knock Off|p2b: Ursaluna
|-damage|p2b: Ursaluna|8/100
|-enditem|p2b: Ursaluna|Assault Vest|[from] move: Knock Off|[of] p1b: Tyranitar
|move|p2b: Ursaluna|Earth Power|p1b: Tyranitar
|-supereffective|p1b: Tyranitar
|-damage|p1b: Tyranitar|51/100
|
|-weather|Sandstorm|[upkeep]
|-damage|p2a: Ninetales|82/100|[from] Sandstorm
|-damage|p1a: Gholdengo|7/100|[from] Sandstorm
|-damage|p2b: Ursaluna|1/100|[from] Sandstorm
|upkeep
|turn|9
|
|t:|1755161473
|move|p2b: Ursaluna|Vacuum Wave|p1a: Gholdengo
|-resisted|p1a: Gholdengo
|-damage|p1a: Gholdengo|0 fnt
|faint|p1a: Gholdengo
|move|p2a: Ninetales|Encore|p1b: Tyranitar
|-start|p1b: Tyranitar|Encore
|move|p1b: Tyranitar|Knock Off|p2b: Ursaluna
|-damage|p2b: Ursaluna|0 fnt
|faint|p2b: Ursaluna
|
|-weather|Sandstorm|[upkeep]
|-damage|p2a: Ninetales|76/100|[from] Sandstorm
|-sideend|p2: huusjsj|move: Light Screen
|upkeep
|turn|10
|
|t:|1755161494
|move|p2a: Ninetales|Freeze-Dry|p1b: Tyranitar
|-damage|p1b: Tyranitar|38/100
|move|p1b: Tyranitar|Knock Off|p2a: Ninetales
|-resisted|p2a: Ninetales
|-damage|p2a: Ninetales|47/100
|-enditem|p2a: Ninetales|Focus Sash|[from] move: Knock Off|[of] p1b: Tyranitar
|
|-weather|none
|-sideend|p2: huusjsj|Reflect
|upkeep
|turn|11
|
|t:|1755161504
|move|p2a: Ninetales|Freeze-Dry|p1b: Tyranitar
|-damage|p1b: Tyranitar|21/100
|move|p1b: Tyranitar|Knock Off|p2a: Ninetales
|-resisted|p2a: Ninetales
|-damage|p2a: Ninetales|19/100
|
|-end|p1b: Tyranitar|Encore
|upkeep
|turn|12
|
|t:|1755161516
|move|p2a: Ninetales|Blizzard|p1b: Tyranitar
|-damage|p1b: Tyranitar|0 fnt
|faint|p1b: Tyranitar
|
|win|huusjsj
|raw|mirokart wii's rating: 1296 → 1287(-9 for losing)
|raw|huusjsj's rating: 1557 → 1564(+7 for winning)
