|j|☆Quanimint
|j|☆Lamburrito
|html|QuanimintLamburrito    
|uhtml|bestof|Game 1 of a best-of-3
|t:|1782351752
|gametype|doubles
|player|p1|Quanimint|170|1110
|player|p2|Lamburrito|marlon|1137
|gen|9
|tier|[Gen 9 Champions] VGC 2026 Reg M-B (Bo3)
|rated|
|rule|Species Clause: Limit one of each Pokémon
|rule|Item Clause: Limit 1 of each item
|clearpoke
|poke|p1|Pelipper, L50, M|
|poke|p1|Metagross, L50|
|poke|p1|Archaludon, L50, F|
|poke|p1|Grimmsnarl, L50, M|
|poke|p1|Swampert, L50, F|
|poke|p1|Sinistcha, L50|
|poke|p2|Scrafty, L50, M, shiny|
|poke|p2|Runerigus, L50, M|
|poke|p2|Reuniclus, L50, M, shiny|
|poke|p2|Blastoise, L50, M, shiny|
|poke|p2|Staraptor, L50, F, shiny|
|poke|p2|Scizor, L50, F|
|teampreview|4
|showteam|p1|Pelipper||FocusSash|Drizzle|WeatherBall,Hurricane,Tailwind,Protect|Timid||M|||50|]Metagross||Metagrossite|ClearBody|PsychicFangs,IronHead,BulletPunch,Protect|Adamant|||||50|]Archaludon||Leftovers|Stamina|ElectroShot,FlashCannon,DracoMeteor,Protect|Bold||F|||50|]Grimmsnarl||LightClay|Prankster|SpiritBreak,Reflect,LightScreen,PartingShot|Careful||M|||50|]Swampert||Swampertite|Torrent|WaveCrash,Earthquake,IcePunch,Protect|Adamant||F|||50|]Sinistcha||SitrusBerry|Hospitality|MatchaGotcha,LifeDew,RagePowder,TrickRoom|Bold|||||50|
|showteam|p2|Scrafty||Scraftinite|Intimidate|Crunch,CloseCombat,Coaching,Protect|Brave||M|||50|]Runerigus||ColburBerry|WanderingSpirit|EarthPower,WillOWisp,Protect,TrickRoom|Relaxed||M|||50|]Reuniclus||LifeOrb|MagicGuard|Psychic,Superpower,RainDance,TrickRoom|Quiet||M|||50|]Blastoise||Blastoisinite|Torrent|WaterSpout,DarkPulse,Protect,ShellSmash|Modest||M|||50|]Staraptor||ChoiceScarf|Intimidate|FinalGambit,DualWingbeat,CloseCombat,Tailwind|Jolly||F|||50|]Scizor||SitrusBerry|Technician|BulletPunch,BugBite,QuickGuard,Protect|Adamant||F|||50|
|inactive|Battle timer is ON: inactive players will automatically lose when time's up. (requested by Quanimint)
|
|t:|1782351833
|teamsize|p1|4
|teamsize|p2|4
|start
|switch|p1a: Archaludon|Archaludon, L50, F|100/100
|switch|p1b: Grimmsnarl|Grimmsnarl, L50, M|100/100
|switch|p2a: Zoro|Scizor, L50, F|100/100
|switch|p2b: Blake|Blastoise, L50, M, shiny|100/100
|turn|1
|
|t:|1782351854
|move|p2a: Zoro|Bullet Punch|p1b: Grimmsnarl
|-supereffective|p1b: Grimmsnarl|1
|-damage|p1b: Grimmsnarl|31/100
|move|p1b: Grimmsnarl|Light Screen|p1b: Grimmsnarl
|-sidestart|p1: Quanimint|move: Light Screen
|move|p1a: Archaludon|Electro Shot||[still]
|-prepare|p1a: Archaludon|Electro Shot
|-boost|p1a: Archaludon|spa|1
|move|p2b: Blake|Shell Smash|p2b: Blake
|-unboost|p2b: Blake|def|1
|-unboost|p2b: Blake|spd|1
|-boost|p2b: Blake|atk|2
|-boost|p2b: Blake|spa|2
|-boost|p2b: Blake|spe|2
|
|upkeep
|turn|2
|
|t:|1782351873
|move|p2b: Blake|Protect|p2b: Blake
|-singleturn|p2b: Blake|Protect
|move|p2a: Zoro|Bullet Punch|p1b: Grimmsnarl
|-supereffective|p1b: Grimmsnarl|1
|-damage|p1b: Grimmsnarl|0 fnt
|faint|p1b: Grimmsnarl
|move|p1a: Archaludon|Electro Shot|p2a: Zoro|[from] lockedmove
|-damage|p2a: Zoro|30/100
|-enditem|p2a: Zoro|Sitrus Berry|[eat]
|-heal|p2a: Zoro|55/100|[from] item: Sitrus Berry
|
|upkeep
|
|t:|1782351886
|switch|p1b: Metagross|Metagross, L50|100/100
|turn|3
|inactive|Lamburrito has 30 seconds left.
|inactive|Lamburrito has 20 seconds left.
|
|t:|1782351921
|detailschange|p2b: Blake|Blastoise-Mega, L50, M, shiny
|-mega|p2b: Blake|Blastoise|Blastoisinite
|detailschange|p1b: Metagross|Metagross-Mega, L50
|-mega|p1b: Metagross|Metagross|Metagrossite
|move|p2b: Blake|Dark Pulse|p1b: Metagross
|-supereffective|p1b: Metagross|1
|-damage|p1b: Metagross|0 fnt
|faint|p1b: Metagross
|move|p1a: Archaludon|Electro Shot||[still]
|-prepare|p1a: Archaludon|Electro Shot
|-boost|p1a: Archaludon|spa|1
|move|p2a: Zoro|Bug Bite|p1a: Archaludon
|-resisted|p1a: Archaludon|1
|-damage|p1a: Archaludon|80/100
|-ability|p1a: Archaludon|Stamina|boost
|-boost|p1a: Archaludon|def|1
|
|-heal|p1a: Archaludon|87/100|[from] item: Leftovers
|upkeep
|
|t:|1782351935
|switch|p1b: Sinistcha|Sinistcha, L50|100/100
|-heal|p1a: Archaludon|100/100|[from] ability: Hospitality|[of] p1b: Sinistcha
|turn|4
|
|t:|1782351951
|move|p2b: Blake|Dark Pulse|p1a: Archaludon
|-damage|p1a: Archaludon|28/100
|-ability|p1a: Archaludon|Stamina|boost
|-boost|p1a: Archaludon|def|1
|cant|p1a: Archaludon|flinch
|move|p1b: Sinistcha|Matcha Gotcha|p2a: Zoro|[spread] p2a,p2b
|-resisted|p2a: Zoro|2
|-supereffective|p2b: Blake|1
|-damage|p2a: Zoro|47/100
|-damage|p2b: Blake|31/100
|move|p2a: Zoro|Bug Bite|p1b: Sinistcha
|-damage|p1b: Sinistcha|62/100
|-enditem|p1b: Sinistcha|Sitrus Berry|[from] stealeat|[move] Bug Bite|[of] p2a: Zoro
|-heal|p2a: Zoro|72/100|[from] item: Sitrus Berry
|
|-heal|p1a: Archaludon|34/100|[from] item: Leftovers
|upkeep
|turn|5
|inactive|Quanimint has 30 seconds left.
|
|t:|1782351977
|move|p1a: Archaludon|Protect|p1a: Archaludon
|-singleturn|p1a: Archaludon|Protect
|move|p2a: Zoro|Bullet Punch|p1b: Sinistcha
|-damage|p1b: Sinistcha|34/100
|move|p2b: Blake|Dark Pulse|p1b: Sinistcha
|-supereffective|p1b: Sinistcha|1
|-damage|p1b: Sinistcha|0 fnt
|faint|p1b: Sinistcha
|
|-heal|p1a: Archaludon|41/100|[from] item: Leftovers
|upkeep
|turn|6
|-message|Quanimint forfeited.
|
|win|Lamburrito
|l|☆Quanimint
|player|p1|
||Quanimint is ready for game 2.
