|j|☆piase
|j|☆mrpokemon33
|html|piasemrpokemon33    
|uhtml|bestof|Game 1 of a best-of-3
|t:|1785778627
|gametype|doubles
|player|p1|piase|cynthia-gen4|
|player|p2|mrpokemon33|steven|
|gen|9
|tier|[Gen 9 Champions] VGC 2026 Reg M-B (Bo3)
|rule|Species Clause: Limit one of each Pokémon
|rule|Item Clause: Limit 1 of each item
|clearpoke
|poke|p1|Tsareena, L50, F, shiny|
|poke|p1|Maushold-Four, L50, shiny|
|poke|p1|Floette-Eternal, L50, F|
|poke|p1|Jolteon, L50, F, shiny|
|poke|p1|Dragapult, L50, F, shiny|
|poke|p1|Hawlucha, L50, F, shiny|
|poke|p2|Oranguru, L50, F, shiny|
|poke|p2|Farigiraf, L50, M, shiny|
|poke|p2|Trevenant, L50, F, shiny|
|poke|p2|Drampa, L50, M|
|poke|p2|Incineroar, L50, M, shiny|
|poke|p2|Orthworm, L50, F, shiny|
|teampreview|4
|showteam|p1|Tsareena||OccaBerry|QueenlyMajesty|TripleAxel,RapidSpin,Protect,Taunt|Careful||F|||50|]Maushold-Four||ChopleBerry|FriendGuard|FollowMe,Encore,PopulationBomb,Protect|Jolly|||||50|]Floette-Eternal||Floettite|FlowerVeil|DazzlingGleam,Protect,DrainingKiss,Substitute|Timid||F|||50|]Jolteon||Leftovers|VoltAbsorb|Roar,Yawn,VoltSwitch,Protect|Timid||F|||50|]Dragapult||LifeOrb|ClearBody|DragonDarts,DragonTail,Protect,PhantomForce|Adamant||F|||50|]Hawlucha||Hawluchanite|Limber|Defog,Detect,PoisonJab,HighJumpKick|Adamant||F|||50|
|showteam|p2|Oranguru||MentalHerb|Telepathy|TrickRoom,SkillSwap,FoulPlay,Psychic|Sassy||F|||50|]Farigiraf||SitrusBerry|ArmorTail|TrickRoom,Psychic,Thunderbolt,Protect|Sassy||M|||50|]Trevenant||OccaBerry|Harvest|TrickRoom,HornLeech,WillOWisp,DestinyBond|Sassy||F|||50|]Drampa||DragonFang|CloudNine|DragonDance,Thunder,DragonPulse,LightScreen|Calm||M|||50|]Incineroar||LifeOrb|Intimidate|BlazeKick,DarkestLariat,CloseCombat,HeatWave|Brave||M|||50|]Orthworm||FocusSash|SandVeil|Earthquake,RockSlide,Protect,StealthRock|Impish||F|||50|
|
|t:|1785778726
|teamsize|p1|4
|teamsize|p2|4
|start
|switch|p1a: Jolteon|Jolteon, L50, F, shiny|100/100
|switch|p1b: Hawlucha|Hawlucha, L50, F, shiny|100/100
|switch|p2a: Oranguru|Oranguru, L50, F, shiny|100/100
|switch|p2b: Farigiraf|Farigiraf, L50, M, shiny|100/100
|turn|1
|
|t:|1785778765
|detailschange|p1b: Hawlucha|Hawlucha-Mega, L50, F, shiny
|-mega|p1b: Hawlucha|Hawlucha|Hawluchanite
|move|p1b: Hawlucha|Detect|p1b: Hawlucha
|-singleturn|p1b: Hawlucha|Protect
|move|p2a: Oranguru|Psychic|p1b: Hawlucha
|-activate|p1b: Hawlucha|move: Protect
|move|p1a: Jolteon|Roar|p2b: Farigiraf
|drag|p2b: Drampa|Drampa, L50, M|100/100
|-ability|p2b: Drampa|Cloud Nine
|
|upkeep
|turn|2
|
|t:|1785778811
|switch|p1b: Tsareena|Tsareena, L50, F, shiny|100/100
|move|p1a: Jolteon|Yawn|p2b: Drampa
|-start|p2b: Drampa|move: Yawn|[of] p1a: Jolteon
|move|p2a: Oranguru|Skill Swap|p1a: Jolteon
|-activate|p2a: Oranguru|Skill Swap|Volt Absorb|Telepathy|[of] p1a: Jolteon
|move|p2b: Drampa|Thunder|p1b: Tsareena
|-resisted|p1b: Tsareena|1
|-damage|p1b: Tsareena|85/100
|
|upkeep
|turn|3
|
|t:|1785778836
|switch|p2b: Farigiraf|Farigiraf, L50, M, shiny|100/100
|move|p1a: Jolteon|Yawn|p2a: Oranguru
|-start|p2a: Oranguru|move: Yawn|[of] p1a: Jolteon
|move|p1b: Tsareena|Triple Axel|p2b: Farigiraf
|-damage|p2b: Farigiraf|93/100
|-damage|p2b: Farigiraf|81/100
|-damage|p2b: Farigiraf|63/100
|-hitcount|p2b: Farigiraf|3
|move|p2a: Oranguru|Trick Room|p2a: Oranguru
|-fieldstart|move: Trick Room|[of] p2a: Oranguru
|
|upkeep
|turn|4
|
|t:|1785778891
|switch|p2a: Trevenant|Trevenant, L50, F, shiny|100/100
|move|p1b: Tsareena|Protect|p1b: Tsareena
|-singleturn|p1b: Tsareena|Protect
|move|p2b: Farigiraf|Psychic|p1b: Tsareena
|-activate|p1b: Tsareena|move: Protect
|move|p1a: Jolteon|Yawn|p2b: Farigiraf
|-start|p2b: Farigiraf|move: Yawn|[of] p1a: Jolteon
|
|upkeep
|turn|5
|
|t:|1785778923
|switch|p2b: Drampa|Drampa, L50, M|100/100
|-ability|p2b: Drampa|Cloud Nine
|move|p2a: Trevenant|Will-O-Wisp|p1b: Tsareena
|-status|p1b: Tsareena|brn
|move|p1b: Tsareena|Triple Axel|p2a: Trevenant
|-supereffective|p2a: Trevenant|1
|-damage|p2a: Trevenant|92/100
|-hitcount|p2a: Trevenant|1
|move|p1a: Jolteon|Volt Switch|p2a: Trevenant
|-resisted|p2a: Trevenant|1
|-damage|p2a: Trevenant|82/100
|
|t:|1785778942
|switch|p1a: Dragapult|Dragapult, L50, F, shiny|100/100|[from] Volt Switch
|
|-damage|p1b: Tsareena|79/100 brn|[from] brn
|upkeep
|turn|6
|
|t:|1785778964
|move|p1a: Dragapult|Protect|p1a: Dragapult
|-singleturn|p1a: Dragapult|Protect
|move|p2b: Drampa|Dragon Pulse|p1a: Dragapult
|-activate|p1a: Dragapult|move: Protect
|move|p2a: Trevenant|Destiny Bond|p2a: Trevenant
|-singlemove|p2a: Trevenant|Destiny Bond
|move|p1b: Tsareena|Taunt|p2a: Trevenant
|-start|p2a: Trevenant|move: Taunt
|
|-damage|p1b: Tsareena|73/100 brn|[from] brn
|upkeep
|turn|7
|
|t:|1785778999
|switch|p2a: Oranguru|Oranguru, L50, F, shiny|100/100
|move|p2b: Drampa|Dragon Pulse|p1a: Dragapult
|-supereffective|p1a: Dragapult|1
|-damage|p1a: Dragapult|0 fnt
|faint|p1a: Dragapult
|move|p1b: Tsareena|Triple Axel|p2b: Drampa
|-supereffective|p2b: Drampa|1
|-damage|p2b: Drampa|92/100
|-supereffective|p2b: Drampa|1
|-damage|p2b: Drampa|78/100
|-supereffective|p2b: Drampa|1
|-damage|p2b: Drampa|54/100
|-hitcount|p2b: Drampa|3
|
|-damage|p1b: Tsareena|67/100 brn|[from] brn
|-fieldend|move: Trick Room
|upkeep
|
|t:|1785779015
|switch|p1a: Hawlucha|Hawlucha-Mega, L50, F, shiny|100/100
|turn|8
|
|t:|1785779031
|move|p1a: Hawlucha|High Jump Kick|p2b: Drampa
|-supereffective|p2b: Drampa|1
|-damage|p2b: Drampa|0 fnt
|faint|p2b: Drampa
|move|p1b: Tsareena|Taunt|p2a: Oranguru
|-start|p2a: Oranguru|move: Taunt
|-enditem|p2a: Oranguru|Mental Herb
|-end|p2a: Oranguru|move: Taunt
|move|p2a: Oranguru|Trick Room|p2a: Oranguru
|-fieldstart|move: Trick Room|[of] p2a: Oranguru
|
|-damage|p1b: Tsareena|60/100 brn|[from] brn
|upkeep
|
|t:|1785779048
|switch|p2b: Farigiraf|Farigiraf, L50, M, shiny|63/100
|turn|9
|c|☆mrpokemon33|what a chess match
|
|t:|1785779080
|switch|p1b: Jolteon|Jolteon, L50, F, shiny|100/100
|move|p1a: Hawlucha|Detect|p1a: Hawlucha
|-singleturn|p1a: Hawlucha|Protect
|move|p2b: Farigiraf|Thunderbolt|p1a: Hawlucha
|-activate|p1a: Hawlucha|move: Protect
|move|p2a: Oranguru|Psychic|p1a: Hawlucha
|-activate|p1a: Hawlucha|move: Protect
|
|upkeep
|turn|10
|
|t:|1785779110
|switch|p1a: Tsareena|Tsareena, L50, F, shiny|60/100 brn
|move|p2b: Farigiraf|Thunderbolt|p1a: Tsareena
|-resisted|p1a: Tsareena|1
|-damage|p1a: Tsareena|51/100 brn
|move|p2a: Oranguru|Psychic|p1a: Tsareena
|-damage|p1a: Tsareena|30/100 brn
|-unboost|p1a: Tsareena|spd|1
|move|p1b: Jolteon|Yawn|p2a: Oranguru
|-start|p2a: Oranguru|move: Yawn|[of] p1b: Jolteon
|
|-damage|p1a: Tsareena|24/100 brn|[from] brn
|upkeep
|turn|11
|
|t:|1785779150
|switch|p2a: Trevenant|Trevenant, L50, F, shiny|82/100
|move|p1a: Tsareena|Protect|p1a: Tsareena
|-singleturn|p1a: Tsareena|Protect
|move|p2b: Farigiraf|Psychic|p1b: Jolteon
|-damage|p1b: Jolteon|65/100
|move|p1b: Jolteon|Volt Switch|p2b: Farigiraf
|-damage|p2b: Farigiraf|43/100
|-enditem|p2b: Farigiraf|Sitrus Berry|[eat]
|-heal|p2b: Farigiraf|68/100|[from] item: Sitrus Berry
|
|t:|1785779163
|switch|p1b: Hawlucha|Hawlucha-Mega, L50, F, shiny|100/100|[from] Volt Switch
|
|-damage|p1a: Tsareena|17/100 brn|[from] brn
|upkeep
|turn|12
|
|t:|1785779185
|switch|p1a: Jolteon|Jolteon, L50, F, shiny|65/100
|move|p1b: Hawlucha|Detect|p1b: Hawlucha
|-singleturn|p1b: Hawlucha|Protect
|move|p2a: Trevenant|Destiny Bond|p2a: Trevenant
|-singlemove|p2a: Trevenant|Destiny Bond
|move|p2b: Farigiraf|Psychic|p1a: Jolteon
|-damage|p1a: Jolteon|31/100
|
|-heal|p1a: Jolteon|37/100|[from] item: Leftovers
|-fieldend|move: Trick Room
|upkeep
|turn|13
|
|t:|1785779232
|move|p1b: Hawlucha|High Jump Kick|p2b: Farigiraf
|-damage|p2b: Farigiraf|0 fnt
|faint|p2b: Farigiraf
|move|p2a: Trevenant|Will-O-Wisp|p1b: Hawlucha
|-status|p1b: Hawlucha|brn
|move|p1a: Jolteon|Roar|p2a: Trevenant
|drag|p2a: Oranguru|Oranguru, L50, F, shiny|100/100
|
|-heal|p1a: Jolteon|43/100|[from] item: Leftovers
|-damage|p1b: Hawlucha|94/100 brn|[from] brn
|upkeep
|
|t:|1785779243
|switch|p2b: Trevenant|Trevenant, L50, F, shiny|82/100
|turn|14
|
|t:|1785779273
|move|p1b: Hawlucha|High Jump Kick|p2a: Oranguru
|-damage|p2a: Oranguru|63/100
|move|p1a: Jolteon|Volt Switch|p2a: Oranguru
|-damage|p2a: Oranguru|46/100
|
|t:|1785779279
|switch|p1a: Tsareena|Tsareena, L50, F, shiny|17/100 brn|[from] Volt Switch
|move|p2a: Oranguru|Psychic|p1b: Hawlucha
|-supereffective|p1b: Hawlucha|1
|-damage|p1b: Hawlucha|32/100 brn
|move|p2b: Trevenant|Trick Room|p2b: Trevenant
|-fieldstart|move: Trick Room|[of] p2b: Trevenant
|
|-damage|p1a: Tsareena|11/100 brn|[from] brn
|-damage|p1b: Hawlucha|26/100 brn|[from] brn
|upkeep
|turn|15
|
|t:|1785779306
|move|p1b: Hawlucha|Detect|p1b: Hawlucha
|-singleturn|p1b: Hawlucha|Protect
|move|p2b: Trevenant|Horn Leech|p1a: Tsareena
|-resisted|p1a: Tsareena|1
|-damage|p1a: Tsareena|0 fnt
|-heal|p2b: Trevenant|88/100|[from] drain|[of] p1a: Tsareena
|faint|p1a: Tsareena
|move|p2a: Oranguru|Psychic|p1b: Hawlucha
|-activate|p1b: Hawlucha|move: Protect
|
|-damage|p1b: Hawlucha|20/100y brn|[from] brn
|upkeep
|
|t:|1785779316
|switch|p1a: Jolteon|Jolteon, L50, F, shiny|43/100
|turn|16
|
|t:|1785779335
|move|p1b: Hawlucha|Detect||[still]
|-fail|p1b: Hawlucha
|move|p2b: Trevenant|Horn Leech|p1a: Jolteon
|-damage|p1a: Jolteon|6/100
|-heal|p2b: Trevenant|100/100|[from] drain|[of] p1a: Jolteon
|move|p2a: Oranguru|Psychic|p1b: Hawlucha
|-supereffective|p1b: Hawlucha|1
|-damage|p1b: Hawlucha|0 fnt
|faint|p1b: Hawlucha
|move|p1a: Jolteon|Yawn|p2a: Oranguru
|-start|p2a: Oranguru|move: Yawn|[of] p1a: Jolteon
|
|-heal|p1a: Jolteon|12/100|[from] item: Leftovers
|upkeep
|turn|17
|
|t:|1785779351
|move|p2b: Trevenant|Horn Leech|p1a: Jolteon
|-damage|p1a: Jolteon|0 fnt
|faint|p1a: Jolteon
|
|win|mrpokemon33
||piase is ready for game 2.
|inactive|mrpokemon33 has 30 seconds to confirm battle start!
||mrpokemon33 is ready for game 2.
|uhtml|next|Next: Game 2 of 3
