|j|â˜†camala64
|j|â˜†AthenaStrive9
|html|camala64AthenaStrive9    
|uhtml|bestof|Game 2 of a best-of-3
|t:|1757781714
|gametype|doubles
|player|p1|camala64|265|
|player|p2|AthenaStrive9|nancy|
|gen|9
|tier|[Gen 9] VGC 2025 Reg H (Bo3)
|rule|Species Clause: Limit one of each PokÃ©mon
|rule|Item Clause: Limit 1 of each item
|clearpoke
|poke|p1|Kommo-o, L50, M|
|poke|p1|Sinistcha, L50|
|poke|p1|Incineroar, L50, F|
|poke|p1|Sneasler, L50, M|
|poke|p1|Ursaluna, L50, M|
|poke|p1|Kilowattrel, L50, M|
|poke|p2|Hydreigon, L50, M|
|poke|p2|Sneasler, L50, F|
|poke|p2|Araquanid, L50, F|
|poke|p2|Indeedee, L50, M|
|poke|p2|Dragonite, L50, F|
|poke|p2|Gholdengo, L50|
|teampreview|4
|showteam|p1|Kommo-o||ThroatSpray|Soundproof|Flamethrower,ClangingScales,ClangorousSoul,Protect|||M|||50|,,,,,Fire]Sinistcha||SitrusBerry|Hospitality|ShadowBall,RagePowder,LifeDew,TrickRoom||||||50|,,,,,Fairy]Incineroar||SafetyGoggles|Intimidate|FakeOut,KnockOff,PartingShot,FlareBlitz|||F|||50|,,,,,Water]Sneasler||WhiteHerb|Unburden|DireClaw,CloseCombat,FakeOut,Protect|||M|||50|,,,,,Stellar]Ursaluna||FlameOrb|Guts|HeadlongRush,Facade,Earthquake,Protect|||M|||50|,,,,,Ghost]Kilowattrel||FocusSash|Competitive|Thunderbolt,AirSlash,Tailwind,Protect|||M|||50|,,,,,Ghost
|showteam|p2|Hydreigon||LifeOrb|Levitate|Protect,DarkPulse,DracoMeteor,Snarl|||M|||50|,,,,,Poison]Sneasler||PsychicSeed|Unburden|Protect,CloseCombat,DireClaw,Coaching|||F|||50|,,,,,Ghost]Araquanid||MysticWater|WaterBubble|Protect,Liquidation,LeechLife,WideGuard|||F|||50|,,,,,Water]Indeedee||ChoiceScarf|PsychicSurge|ExpandingForce,TeraBlast,AfterYou,Trick|||M|||50|,,,,,Psychic]Dragonite||LoadedDice|Multiscale|Protect,ScaleShot,Tailwind,Haze|||F|||50|,,,,,Fairy]Gholdengo||MetalCoat|GoodasGold|Protect,MakeItRain,ShadowBall,NastyPlot||||||50|,,,,,Water
|c|â˜†camala64|Glhf
|c|â˜†AthenaStrive9|I hate Incineroar
|c|â˜†AthenaStrive9|so fucking much
|j| 21Kieran
|c|â˜†AthenaStrive9|hard walls my ENTIRE team
|c|â˜†camala64|Ok
|j| Culley
|c|â˜†AthenaStrive9|I'm probably dropping Dragonite and finding someone else who can actually deal with Dozogiri and do something else too
|c|â˜†camala64|21Kieran why are you obsessed with p2 now?
|j| camdeeni
|c| 21Kieran|no i js think its a better pick then sinis here
|c| 21Kieran|athena amoonguss
|c| 21Kieran|helps the tr mu too
|c|â˜†AthenaStrive9|I don't need help vs the TR mu
|c|â˜†AthenaStrive9|it's only a problem when they have sinis or amoonguss
|c|â˜†AthenaStrive9|who can redirect Araq and tank hits
|c|â˜†camala64|Kieran I just donâ€™t wanna use 3 supporters and kommo
|c| 21Kieran|me when p2 is more offensive then support
|c| 21Kieran|0-0
|c|â˜†camala64|Ig I could run Marco spread but whatevs
|l| camdeeni
|
|t:|1757781920
|teamsize|p1|4
|teamsize|p2|4
|start
|switch|p1a: Incineroar|Incineroar, L50, F, shiny|100/100
|switch|p1b: Ursaluna|Ursaluna, L50, M, shiny|100/100
|switch|p2a: Sneasler|Sneasler, L50, F|100/100
|switch|p2b: Indeedee|Indeedee, L50, M|100/100
|-fieldstart|move: Psychic Terrain|[from] ability: Psychic Surge|[of] p2b: Indeedee
|-enditem|p2a: Sneasler|Psychic Seed
|-boost|p2a: Sneasler|spd|1|[from] item: Psychic Seed
|-ability|p1a: Incineroar|Intimidate|boost
|-unboost|p2a: Sneasler|atk|1
|-unboost|p2b: Indeedee|atk|1
|turn|1
|
|t:|1757781976
|-terastallize|p1b: Ursaluna|Ghost
|move|p2a: Sneasler|Close Combat|p1a: Incineroar
|-supereffective|p1a: Incineroar
|-damage|p1a: Incineroar|9/100
|-unboost|p2a: Sneasler|def|1
|-unboost|p2a: Sneasler|spd|1
|move|p2b: Indeedee|Expanding Force|p1a: Incineroar|[spread] p1b
|-immune|p1a: Incineroar
|-damage|p1b: Ursaluna|52/100
|move|p1a: Incineroar|Knock Off|p2b: Indeedee
|-supereffective|p2b: Indeedee
|-damage|p2b: Indeedee|0 fnt
|-enditem|p2b: Indeedee|Choice Scarf|[from] move: Knock Off|[of] p1a: Incineroar
|faint|p2b: Indeedee
|move|p1b: Ursaluna|Headlong Rush|p2a: Sneasler
|-supereffective|p2a: Sneasler
|-damage|p2a: Sneasler|0 fnt
|-unboost|p1b: Ursaluna|def|1
|-unboost|p1b: Ursaluna|spd|1
|faint|p2a: Sneasler
|
|-status|p1b: Ursaluna|brn|[from] item: Flame Orb
|upkeep
|
|t:|1757781982
|switch|p2a: Araquanid|Araquanid, L50, F|100/100
|switch|p2b: Hydreigon|Hydreigon, L50, M|100/100
|turn|2
|
|t:|1757782019
|switch|p1a: Sinistcha|Sinistcha, L50, shiny|100/100
|-heal|p1b: Ursaluna|76/100 brn|[from] ability: Hospitality|[of] p1a: Sinistcha
|move|p1b: Ursaluna|Protect|p1b: Ursaluna
|-singleturn|p1b: Ursaluna|Protect
|move|p2b: Hydreigon|Snarl|p1a: Sinistcha|[spread] p1a
|-activate|p1b: Ursaluna|move: Protect
|-supereffective|p1a: Sinistcha
|-damage|p1a: Sinistcha|52/100
|-unboost|p1a: Sinistcha|spa|1
|-damage|p2b: Hydreigon|91/100|[from] item: Life Orb
|move|p2a: Araquanid|Liquidation|p1a: Sinistcha
|-resisted|p1a: Sinistcha
|-damage|p1a: Sinistcha|18/100
|-enditem|p1a: Sinistcha|Sitrus Berry|[eat]
|-heal|p1a: Sinistcha|43/100|[from] item: Sitrus Berry
|
|-damage|p1b: Ursaluna|70/100 brn|[from] brn
|upkeep
|turn|3
|
|t:|1757782056
|move|p1a: Sinistcha|Rage Powder|p1a: Sinistcha
|-singleturn|p1a: Sinistcha|move: Rage Powder
|move|p2b: Hydreigon|Snarl|p1b: Ursaluna|[spread] p1a,p1b
|-supereffective|p1a: Sinistcha
|-supereffective|p1b: Ursaluna
|-damage|p1a: Sinistcha|0 fnt
|-damage|p1b: Ursaluna|0 fnt
|faint|p1a: Sinistcha
|faint|p1b: Ursaluna
|-damage|p2b: Hydreigon|81/100|[from] item: Life Orb
|move|p2a: Araquanid|Liquidation|p1: Sinistcha|[notarget]
|-fail|p2a: Araquanid
|
|upkeep
|
|t:|1757782069
|switch|p1a: Incineroar|Incineroar, L50, F, shiny|9/100
|switch|p1b: Kilowattrel|Kilowattrel, L50, M, shiny|100/100
|-ability|p1a: Incineroar|Intimidate|boost
|-unboost|p2a: Araquanid|atk|1
|-unboost|p2b: Hydreigon|atk|1
|turn|4
|
|t:|1757782089
|move|p2b: Hydreigon|Protect|p2b: Hydreigon
|-singleturn|p2b: Hydreigon|Protect
|move|p1a: Incineroar|Fake Out|p2b: Hydreigon
|-hint|Psychic Terrain doesn't affect PokÃ©mon immune to Ground.
|-activate|p2b: Hydreigon|move: Protect
|move|p1b: Kilowattrel|Thunderbolt|p2a: Araquanid
|-supereffective|p2a: Araquanid
|-damage|p2a: Araquanid|44/100
|move|p2a: Araquanid|Liquidation|p1a: Incineroar
|-supereffective|p1a: Incineroar
|-damage|p1a: Incineroar|0 fnt
|faint|p1a: Incineroar
|
|upkeep
|turn|5
|
|t:|1757782104
|move|p1b: Kilowattrel|Thunderbolt|p2a: Araquanid
|-supereffective|p2a: Araquanid
|-damage|p2a: Araquanid|0 fnt
|faint|p2a: Araquanid
|move|p2b: Hydreigon|Dark Pulse|p1b: Kilowattrel
|-crit|p1b: Kilowattrel
|-enditem|p1b: Kilowattrel|Focus Sash
|-damage|p1b: Kilowattrel|1/100
|-damage|p2b: Hydreigon|72/100|[from] item: Life Orb
|
|-fieldend|move: Psychic Terrain
|upkeep
|turn|6
|
|t:|1757782114
|move|p1b: Kilowattrel|Air Slash|p2b: Hydreigon
|-damage|p2b: Hydreigon|34/100
|move|p2b: Hydreigon|Dark Pulse|p1b: Kilowattrel
|-damage|p1b: Kilowattrel|0 fnt
|faint|p1b: Kilowattrel
|-damage|p2b: Hydreigon|24/100|[from] item: Life Orb
|
|win|AthenaStrive9
|c|â˜†AthenaStrive9|gg
||AthenaStrive9 is ready for game 3.
|l| Culley
||camala64 is ready for game 3.
|uhtml|next|Next: Game 3 of 3
|l|â˜†AthenaStrive9
|player|p2|
|l| 21Kieran
