|j|☆fortree21utube
|j|☆mental patient rx
|html|fortree21utubemental patient rx    
|uhtml|bestof|Game 3 of a best-of-3
|t:|1754947440
|gametype|doubles
|player|p1|fortree21utube|102|1160
|player|p2|mental patient rx|265|1298
|gen|9
|tier|[Gen 9] VGC 2025 Reg H (Bo3)
|rated|
|rule|Species Clause: Limit one of each Pokémon
|rule|Item Clause: Limit 1 of each item
|clearpoke
|poke|p1|Sneasler, L50, F|
|poke|p1|Indeedee, L50, M|
|poke|p1|Weezing-Galar, L50, F|
|poke|p1|Toedscruel, L50, F|
|poke|p1|Corviknight, L50, M|
|poke|p1|Garchomp, L50, F|
|poke|p2|Gholdengo, L50|
|poke|p2|Sneasler, L50, F|
|poke|p2|Incineroar, L50, F|
|poke|p2|Dragonite, L50, F|
|poke|p2|Amoonguss, L50, F|
|poke|p2|Ursaluna-Bloodmoon, L50, M|
|teampreview|4
|showteam|p1|Sneasler||PsychicSeed|Unburden|DireClaw,CloseCombat,ShadowClaw,Protect|||F|||50|,,,,,Ghost]Indeedee||FocusSash|PsychicSurge|ExpandingForce,Imprison,TrickRoom,Protect|||M|||50|,,,,,Fire]Weezing-Galar||ChoiceSpecs|NeutralizingGas|StrangeSteam,DazzlingGleam,SludgeBomb,Flamethrower|||F|||50|,,,,,Water]Toedscruel||CovertCloak|MyceliumMight|EarthPower,AcidSpray,Spore,Protect|||F|||50|,,,,,Water]Corviknight||SitrusBerry|MirrorArmor|BraveBird,Tailwind,Roost,BulkUp|||M|||50|,,,,,Dragon]Garchomp||LifeOrb|RoughSkin|Earthquake,StompingTantrum,DragonClaw,Protect|||F|||50|,,,,,Ground
|showteam|p2|Gholdengo||LifeOrb|GoodasGold|MakeItRain,ShadowBall,NastyPlot,Protect||||||50|,,,,,Steel]Sneasler||FocusSash|Unburden|CloseCombat,DireClaw,FakeOut,Protect|||F|||50|,,,,,Stellar]Incineroar||SafetyGoggles|Intimidate|FlareBlitz,KnockOff,PartingShot,FakeOut|||F|||50|,,,,,Ghost]Dragonite||LoadedDice|Multiscale|ScaleShot,ExtremeSpeed,Tailwind,Haze|||F|||50|,,,,,Fairy]Amoonguss||SitrusBerry|Regenerator|PollenPuff,Spore,RagePowder,Protect|||F|||50|,,,,,Water]Ursaluna-Bloodmoon||AssaultVest|MindsEye|BloodMoon,HyperVoice,EarthPower,VacuumWave|||M|||50|,,,,,Normal
|inactive|Battle timer is ON: inactive players will automatically lose when time's up. (requested by mental patient rx)
|inactive|fortree21utube has 60 seconds left.
|inactive|mental patient rx has 60 seconds left.
|
|t:|1754947484
|teamsize|p1|4
|teamsize|p2|4
|start
|switch|p1a: Corviknight|Corviknight, L50, M|100/100
|switch|p1b: Garchomp|Garchomp, L50, F|100/100
|switch|p2a: Amoonguss|Amoonguss, L50, F|100/100
|switch|p2b: Dragonite|Dragonite, L50, F|100/100
|turn|1
|
|t:|1754947503
|-terastallize|p2a: Amoonguss|Water
|move|p1b: Garchomp|Protect|p1b: Garchomp
|-singleturn|p1b: Garchomp|Protect
|move|p2b: Dragonite|Tailwind|p2b: Dragonite
|-sidestart|p2: mental patient rx|move: Tailwind
|move|p2a: Amoonguss|Spore|p1b: Garchomp
|-activate|p1b: Garchomp|move: Protect
|move|p1a: Corviknight|Tailwind|p1a: Corviknight
|-sidestart|p1: fortree21utube|move: Tailwind
|
|upkeep
|turn|2
|inactive|fortree21utube has 30 seconds left.
|
|t:|1754947534
|-terastallize|p1b: Garchomp|Ground
|move|p1b: Garchomp|Earthquake|p2b: Dragonite|[spread] p2a
|-immune|p1a: Corviknight
|-immune|p2b: Dragonite
|-damage|p2a: Amoonguss|45/100
|-enditem|p2a: Amoonguss|Sitrus Berry|[eat]
|-heal|p2a: Amoonguss|70/100|[from] item: Sitrus Berry
|-damage|p1b: Garchomp|91/100|[from] item: Life Orb
|move|p2b: Dragonite|Scale Shot|p1b: Garchomp
|-damage|p1b: Garchomp|75/100
|-damage|p1b: Garchomp|60/100
|-damage|p1b: Garchomp|44/100
|-damage|p1b: Garchomp|27/100
|-hitcount|p1b: Garchomp|4
|-unboost|p2b: Dragonite|def|1
|-boost|p2b: Dragonite|spe|1
|move|p1a: Corviknight|Brave Bird|p2a: Amoonguss
|-damage|p2a: Amoonguss|38/100
|-damage|p1a: Corviknight|89/100|[from] Recoil
|move|p2a: Amoonguss|Spore|p1b: Garchomp
|-status|p1b: Garchomp|slp|[from] move: Spore
|
|upkeep
|turn|3
|inactive|fortree21utube has 30 seconds left.
|inactive|mental patient rx has 30 seconds left.
|inactive|fortree21utube has 20 seconds left.
|inactive|mental patient rx has 20 seconds left.
|
|t:|1754947570
|switch|p2a: Ursaluna|Ursaluna-Bloodmoon, L50, M|100/100
|move|p2b: Dragonite|Scale Shot|p1a: Corviknight
|-resisted|p1a: Corviknight
|-damage|p1a: Corviknight|82/100
|-resisted|p1a: Corviknight
|-damage|p1a: Corviknight|76/100
|-resisted|p1a: Corviknight
|-damage|p1a: Corviknight|70/100
|-resisted|p1a: Corviknight
|-damage|p1a: Corviknight|64/100
|-resisted|p1a: Corviknight
|-damage|p1a: Corviknight|59/100
|-hitcount|p1a: Corviknight|5
|-unboost|p2b: Dragonite|def|1
|-boost|p2b: Dragonite|spe|1
|cant|p1b: Garchomp|slp
|move|p1a: Corviknight|Bulk Up|p1a: Corviknight
|-boost|p1a: Corviknight|atk|1
|-boost|p1a: Corviknight|def|1
|
|upkeep
|turn|4
|inactive|fortree21utube has 30 seconds left.
|
|t:|1754947599
|move|p2b: Dragonite|Haze|p2b: Dragonite
|-clearallboost
|-curestatus|p1b: Garchomp|slp|[msg]
|move|p1b: Garchomp|Dragon Claw|p2b: Dragonite
|-supereffective|p2b: Dragonite
|-damage|p2b: Dragonite|36/100
|-damage|p1b: Garchomp|17/100|[from] item: Life Orb
|move|p2a: Ursaluna|Hyper Voice|p1a: Corviknight|[spread] p1a,p1b
|-resisted|p1a: Corviknight
|-damage|p1a: Corviknight|44/100
|-damage|p1b: Garchomp|0 fnt
|-enditem|p1a: Corviknight|Sitrus Berry|[eat]
|-heal|p1a: Corviknight|69/100|[from] item: Sitrus Berry
|faint|p1b: Garchomp
|move|p1a: Corviknight|Brave Bird|p2b: Dragonite
|-damage|p2b: Dragonite|0 fnt
|faint|p2b: Dragonite
|-damage|p1a: Corviknight|59/100|[from] Recoil
|
|-sideend|p1: fortree21utube|move: Tailwind
|-sideend|p2: mental patient rx|move: Tailwind
|upkeep
|inactive|fortree21utube has 30 seconds left.
|
|t:|1754947628
|switch|p1b: Sneasler|Sneasler, L50, F|100/100
|switch|p2b: Amoonguss|Amoonguss, L50, F, tera:Water|71/100
|turn|5
|
|t:|1754947648
|switch|p2a: Sneasler|Sneasler, L50, F|100/100
|move|p1b: Sneasler|Protect|p1b: Sneasler
|-singleturn|p1b: Sneasler|Protect
|move|p1a: Corviknight|Tailwind|p1a: Corviknight
|-sidestart|p1: fortree21utube|move: Tailwind
|move|p2b: Amoonguss|Spore|p1a: Corviknight
|-status|p1a: Corviknight|slp|[from] move: Spore
|
|upkeep
|turn|6
|
|t:|1754947668
|switch|p1a: Indeedee|Indeedee, L50, M|100/100
|-fieldstart|move: Psychic Terrain|[from] ability: Psychic Surge|[of] p1a: Indeedee
|-enditem|p1b: Sneasler|Psychic Seed
|-boost|p1b: Sneasler|spd|1|[from] item: Psychic Seed
|move|p1b: Sneasler|Dire Claw|p2b: Amoonguss
|-damage|p2b: Amoonguss|33/100
|-status|p2b: Amoonguss|slp
|move|p2a: Sneasler|Close Combat|p1a: Indeedee
|-enditem|p1a: Indeedee|Focus Sash
|-damage|p1a: Indeedee|1/100
|-unboost|p2a: Sneasler|def|1
|-unboost|p2a: Sneasler|spd|1
|cant|p2b: Amoonguss|slp
|
|upkeep
|turn|7
|inactive|mental patient rx has 30 seconds left.
|
|t:|1754947697
|switch|p2a: Ursaluna|Ursaluna-Bloodmoon, L50, M|100/100
|move|p1b: Sneasler|Dire Claw|p2a: Ursaluna
|-resisted|p2a: Ursaluna
|-damage|p2a: Ursaluna|82/100
|-status|p2a: Ursaluna|slp
|move|p1a: Indeedee|Expanding Force|p2a: Ursaluna|[spread] p2a,p2b
|-damage|p2a: Ursaluna|36/100 slp
|-damage|p2b: Amoonguss|0 fnt
|faint|p2b: Amoonguss
|
|upkeep
|
|t:|1754947706
|switch|p2b: Sneasler|Sneasler, L50, F|100/100
|turn|8
|
|t:|1754947722
|move|p2b: Sneasler|Protect|p2b: Sneasler
|-singleturn|p2b: Sneasler|Protect
|move|p1b: Sneasler|Dire Claw|p2b: Sneasler
|-activate|p2b: Sneasler|move: Protect
|move|p1a: Indeedee|Expanding Force|p2b: Sneasler|[spread] p2a
|-activate|p2b: Sneasler|move: Protect
|-crit|p2a: Ursaluna
|-damage|p2a: Ursaluna|0 fnt
|faint|p2a: Ursaluna
|
|-sideend|p1: fortree21utube|move: Tailwind
|upkeep
|turn|9
|
|t:|1754947740
|move|p2b: Sneasler|Protect|p2b: Sneasler
|-singleturn|p2b: Sneasler|Protect
|move|p1a: Indeedee|Protect|p1a: Indeedee
|-singleturn|p1a: Indeedee|Protect
|move|p1b: Sneasler|Dire Claw|p2b: Sneasler
|-activate|p2b: Sneasler|move: Protect
|
|upkeep
|turn|10
|c|☆mental patient rx|What a stupid move
|c|☆fortree21utube|ikr
|c|☆fortree21utube|silly
|
|t:|1754947757
|move|p1b: Sneasler|Dire Claw|p2b: Sneasler
|-resisted|p2b: Sneasler
|-damage|p2b: Sneasler|58/100
|-status|p2b: Sneasler|slp
|cant|p2b: Sneasler|slp
|move|p1a: Indeedee|Expanding Force|p2b: Sneasler
|-supereffective|p2b: Sneasler
|-damage|p2b: Sneasler|0 fnt
|faint|p2b: Sneasler
|
|win|fortree21utube
|raw|fortree21utube's rating: 1160 → 1194(+34 for winning)
|raw|mental patient rx's rating: 1298 → 1264(-34 for losing)
|c|☆fortree21utube|lol
|c|☆fortree21utube|gg
|c|☆mental patient rx|..
|l|☆fortree21utube
|player|p1|
|j|☆fortree21utube
|player|p1|fortree21utube|102|
