|j|☆Someoneofficial
|j|☆Theo The Mighty
|html|SomeoneofficialTheo The Mighty    
|uhtml|bestof|Game 3 of a best-of-3
|t:|1783890795
|gametype|doubles
|player|p1|Someoneofficial|gentleman-gen4|
|player|p2|Theo The Mighty|acetrainer-gen4|
|gen|9
|tier|[Gen 9 Champions] VGC 2026 Reg M-B (Bo3)
|rule|Species Clause: Limit one of each Pokémon
|rule|Item Clause: Limit 1 of each item
|clearpoke
|poke|p1|Floette-Eternal, L50, F|
|poke|p1|Grimmsnarl, L50, M, shiny|
|poke|p1|Basculegion, L50, M, shiny|
|poke|p1|Sneasler, L50, M, shiny|
|poke|p1|Garchomp, L50, M, shiny|
|poke|p1|Charizard, L50, M, shiny|
|poke|p2|Decidueye-Hisui, L50, F|
|poke|p2|Dragonite, L50, F|
|poke|p2|Zoroark-Hisui, L50, M|
|poke|p2|Excadrill, L50, F|
|poke|p2|Lycanroc-Dusk, L50, F|
|poke|p2|Incineroar, L50, F|
|teampreview|4
|showteam|p1|Floette-Eternal||Floettite|FlowerVeil|Moonblast,Protect,LightofRuin,DazzlingGleam|Timid||F|||50|]Grimmsnarl||LightClay|Prankster|LightScreen,Reflect,PartingShot,SpiritBreak|Impish||M|||50|]Basculegion||ChoiceScarf|Adaptability|WaveCrash,LastRespects,AquaJet,FlipTurn|Jolly||M|||50|]Sneasler||FocusSash|PoisonTouch|FakeOut,CloseCombat,DireClaw,Protect|Jolly||M|||50|]Garchomp||LifeOrb|RoughSkin|DragonClaw,StompingTantrum,RockSlide,Protect|Jolly||M|||50|]Charizard||CharizarditeY|Blaze|Protect,SolarBeam,WeatherBall,HeatWave|Timid||M|||50|
|showteam|p2|Decidueye-Hisui||FocusSash|Scrappy|TripleArrows,LeafBlade,Tailwind,Protect|Adamant||F|||50|]Dragonite||Dragoninite|Multiscale|AirCutter,Thunderbolt,IceBeam,Protect|Timid||F|||50|]Zoroark-Hisui||LifeOrb|Illusion|ShadowBall,IcyWind,Taunt,Protect|Timid||M|||50|]Excadrill||Excadrite|MoldBreaker|IronHead,HighHorsepower,RockSlide,Protect|Adamant||F|||50|]Lycanroc-Dusk||MuscleBand|ToughClaws|Accelerock,SuckerPunch,PsychicFangs,Protect|Jolly||F|||50|]Incineroar||SitrusBerry|Intimidate|DarkestLariat,FakeOut,FlareBlitz,PartingShot|Adamant||F|||50|
|
|t:|1783890820
|teamsize|p1|4
|teamsize|p2|4
|start
|switch|p1a: Basculegion|Basculegion, L50, M, shiny|100/100
|switch|p1b: Sneasler|Sneasler, L50, M, shiny|100/100
|switch|p2a: Excadrill|Excadrill, L50, F|100/100
|switch|p2b: Incineroar|Incineroar, L50, F|100/100
|-ability|p2b: Incineroar|Intimidate|boost
|-unboost|p1a: Basculegion|atk|1
|-unboost|p1b: Sneasler|atk|1
|turn|1
|inactive|Battle timer is ON: inactive players will automatically lose when time's up. (requested by Someoneofficial)
|inactive|Theo The Mighty has 60 seconds left.
|
|t:|1783890857
|switch|p2b: Decidueye|Decidueye-Hisui, L50, F|100/100
|move|p1b: Sneasler|Fake Out|p2b: Decidueye
|-damage|p2b: Decidueye|86/100
|-status|p2b: Decidueye|psn|[from] ability: Poison Touch|[of] p1b: Sneasler
|move|p1a: Basculegion|Wave Crash|p2a: Excadrill
|-damage|p2a: Excadrill|0 fnt
|replace|p2a: Zoroark|Zoroark-Hisui, L50, M
|-end|p2a: Zoroark|Illusion
|faint|p2a: Zoroark
|-damage|p1a: Basculegion|77/100|[from] Recoil
|
|-damage|p2b: Decidueye|74/100 psn|[from] psn
|upkeep
|
|t:|1783890874
|switch|p2a: Incineroar|Incineroar, L50, F|100/100
|-ability|p2a: Incineroar|Intimidate|boost
|-unboost|p1a: Basculegion|atk|1
|-unboost|p1b: Sneasler|atk|1
|turn|2
|
|t:|1783890887
|move|p2a: Incineroar|Fake Out|p1b: Sneasler
|-damage|p1b: Sneasler|75/100
|move|p1a: Basculegion|Wave Crash|p2a: Incineroar
|-supereffective|p2a: Incineroar|1
|-damage|p2a: Incineroar|18/100
|-enditem|p2a: Incineroar|Sitrus Berry|[eat]
|-heal|p2a: Incineroar|43/100|[from] item: Sitrus Berry
|-damage|p1a: Basculegion|52/100|[from] Recoil
|cant|p1b: Sneasler|flinch
|move|p2b: Decidueye|Tailwind|p2b: Decidueye
|-sidestart|p2: Theo The Mighty|move: Tailwind
|
|-damage|p2b: Decidueye|61/100 psn|[from] psn
|upkeep
|turn|3
|
|t:|1783890921
|switch|p1a: Garchomp|Garchomp, L50, M, shiny|100/100
|move|p2b: Decidueye|Leaf Blade|p1a: Garchomp
|-crit|p1a: Garchomp
|-damage|p1a: Garchomp|31/100
|-damage|p2b: Decidueye|49/100 psn|[from] ability: Rough Skin|[of] p1a: Garchomp
|move|p1b: Sneasler|Close Combat|p2a: Incineroar
|-supereffective|p2a: Incineroar|1
|-damage|p2a: Incineroar|0 fnt
|-unboost|p1b: Sneasler|def|1
|-unboost|p1b: Sneasler|spd|1
|faint|p2a: Incineroar
|
|-damage|p2b: Decidueye|37/100 psn|[from] psn
|upkeep
|
|t:|1783890937
|switch|p2a: Excadrill|Excadrill, L50, F|100/100
|-ability|p2a: Excadrill|Mold Breaker
|turn|4
|
|t:|1783890953
|switch|p1b: Charizard|Charizard, L50, M, shiny|100/100
|detailschange|p2a: Excadrill|Excadrill-Mega, L50, F
|-mega|p2a: Excadrill|Excadrill|Excadrite
|move|p1a: Garchomp|Protect|p1a: Garchomp
|-singleturn|p1a: Garchomp|Protect
|move|p2a: Excadrill|High Horsepower|p1b: Charizard
|-immune|p1b: Charizard
|move|p2b: Decidueye|Triple Arrows|p1a: Garchomp
|-activate|p1a: Garchomp|move: Protect
|
|-damage|p2b: Decidueye|25/100 psn|[from] psn
|upkeep
|turn|5
|
|t:|1783890974
|switch|p1b: Basculegion|Basculegion, L50, M, shiny|52/100
|move|p2a: Excadrill|Rock Slide|p1b: Basculegion|[spread] p1a,p1b
|-resisted|p1a: Garchomp|1
|-damage|p1a: Garchomp|18/100
|-damage|p1b: Basculegion|21/100
|move|p2b: Decidueye|Triple Arrows|p1a: Garchomp
|-damage|p1a: Garchomp|0 fnt
|faint|p1a: Garchomp
|
|-damage|p2b: Decidueye|12/100 psn|[from] psn
|-sideend|p2: Theo The Mighty|move: Tailwind
|upkeep
|
|t:|1783890986
|switch|p1a: Sneasler|Sneasler, L50, M, shiny|75/100
|turn|6
|
|t:|1783890994
|move|p2a: Excadrill|Protect|p2a: Excadrill
|-singleturn|p2a: Excadrill|Protect
|move|p1a: Sneasler|Fake Out|p2a: Excadrill
|-activate|p2a: Excadrill|move: Protect
|move|p1b: Basculegion|Wave Crash|p2a: Excadrill
|-activate|p2a: Excadrill|move: Protect
|move|p2b: Decidueye|Tailwind|p2b: Decidueye
|-sidestart|p2: Theo The Mighty|move: Tailwind
|
|-damage|p2b: Decidueye|1/100 psn|[from] psn
|upkeep
|turn|7
|inactive|Theo The Mighty has 30 seconds left.
|
|t:|1783891023
|switch|p1b: Charizard|Charizard, L50, M, shiny|100/100
|move|p1a: Sneasler|Protect|p1a: Sneasler
|-singleturn|p1a: Sneasler|Protect
|move|p2a: Excadrill|Rock Slide|p1b: Charizard|[spread] p1b
|-activate|p1a: Sneasler|move: Protect
|-supereffective|p1b: Charizard|2
|-damage|p1b: Charizard|0 fnt
|faint|p1b: Charizard
|move|p2b: Decidueye|Triple Arrows|p1a: Sneasler
|-activate|p1a: Sneasler|move: Protect
|
|-damage|p2b: Decidueye|0 fnt|[from] psn
|faint|p2b: Decidueye
|upkeep
|
|t:|1783891031
|switch|p1b: Basculegion|Basculegion, L50, M, shiny|21/100
|turn|8
|inactive|Theo The Mighty has 30 seconds left.
|
|t:|1783891057
|move|p1b: Basculegion|Aqua Jet|p2a: Excadrill
|-supereffective|p2a: Excadrill|1
|-damage|p2a: Excadrill|46/100
|move|p2a: Excadrill|High Horsepower|p1a: Sneasler
|-supereffective|p1a: Sneasler|1
|-damage|p1a: Sneasler|0 fnt
|faint|p1a: Sneasler
|
|upkeep
|turn|9
|
|t:|1783891074
|move|p1b: Basculegion|Aqua Jet|p2a: Excadrill
|-supereffective|p2a: Excadrill|1
|-damage|p2a: Excadrill|0 fnt
|faint|p2a: Excadrill
|
|win|Someoneofficial
