|j|☆UbeYMatcha
|j|☆noka47
|html|UbeYMatchanoka47    
|uhtml|bestof|Game 2 of a best-of-3
|t:|1782235025
|gametype|doubles
|player|p1|UbeYMatcha|drayden|1233
|player|p2|noka47|101|1164
|gen|9
|tier|[Gen 9 Champions] VGC 2026 Reg M-B (Bo3)
|rated|
|rule|Species Clause: Limit one of each Pokémon
|rule|Item Clause: Limit 1 of each item
|clearpoke
|poke|p1|Garchomp, L50, M|
|poke|p1|Tyranitar, L50, M|
|poke|p1|Klefki, L50, F|
|poke|p1|Rotom-Wash, L50|
|poke|p1|Incineroar, L50, M|
|poke|p1|Froslass, L50, F|
|poke|p2|Mawile, L50, F|
|poke|p2|Incineroar, L50, F|
|poke|p2|Sneasler, L50, F|
|poke|p2|Pelipper, L50, M|
|poke|p2|Farigiraf, L50, F|
|poke|p2|Sinistcha, L50|
|teampreview|4
|showteam|p1|Garchomp||Garchompite|RoughSkin|Earthquake,Protect,DragonClaw,RockSlide|Adamant||M|||50|]Tyranitar||FocusSash|SandStream|RockSlide,KnockOff,LowKick,Protect|Adamant||M|||50|]Klefki||MetalCoat|Prankster|Sandstorm,TrickRoom,MagnetRise,SteelBeam|Bold||F|||50|]Rotom-Wash||Magnet|Levitate|Thunderbolt,HydroPump,WillOWisp,Protect|Modest|||||50|]Incineroar||Charcoal|Intimidate|FlareBlitz,ThroatChop,FakeOut,PartingShot|Adamant||M|||50|]Froslass||Froslassite|SnowCloak|Blizzard,WeatherBall,ShadowBall,Protect|Timid||F|||50|
|showteam|p2|Mawile||Mawilite|Intimidate|IronHead,PlayRough,SuckerPunch,Protect|Adamant||F|||50|]Incineroar||PasshoBerry|Intimidate|FlareBlitz,DarkestLariat,FakeOut,PartingShot|Adamant||F|||50|]Sneasler||WhiteHerb|Unburden|CloseCombat,DireClaw,FakeOut,Protect|Adamant||F|||50|]Pelipper||LifeOrb|Drizzle|Hurricane,WeatherBall,IceBeam,Protect|Modest||M|||50|]Farigiraf||ColburBerry|ArmorTail|Psychic,Thunderbolt,TrickRoom,Protect|Quiet||F|||50|]Sinistcha||SitrusBerry|Hospitality|MatchaGotcha,RagePowder,TrickRoom,ShadowBall|Relaxed|||||50|
|inactive|Battle timer is ON: inactive players will automatically lose when time's up. (requested by UbeYMatcha)
|inactive|noka47 has 60 seconds left.
|
|t:|1782235075
|teamsize|p1|4
|teamsize|p2|4
|start
|switch|p1a: Incineroar|Incineroar, L50, M|100/100
|switch|p1b: Tyranitar|Tyranitar, L50, M|100/100
|switch|p2a: Sneasler|Sneasler, L50, F|100/100
|switch|p2b: Mawile|Mawile, L50, F|100/100
|-weather|Sandstorm|[from] ability: Sand Stream|[of] p1b: Tyranitar
|-ability|p1a: Incineroar|Intimidate|boost
|-unboost|p2a: Sneasler|atk|1
|-unboost|p2b: Mawile|atk|1
|-ability|p2b: Mawile|Intimidate|boost
|-unboost|p1a: Incineroar|atk|1
|-unboost|p1b: Tyranitar|atk|1
|-enditem|p2a: Sneasler|White Herb
|-clearnegativeboost|p2a: Sneasler|[silent]
|turn|1
|inactive|noka47 has 30 seconds left.
|
|t:|1782235106
|switch|p1a: Mr. Cuddles|Garchomp, L50, M|100/100
|detailschange|p2b: Mawile|Mawile-Mega, L50, F
|-mega|p2b: Mawile|Mawile|Mawilite
|move|p1b: Tyranitar|Protect|p1b: Tyranitar
|-singleturn|p1b: Tyranitar|Protect
|move|p2a: Sneasler|Close Combat|p1a: Mr. Cuddles
|-damage|p1a: Mr. Cuddles|42/100
|-unboost|p2a: Sneasler|def|1
|-unboost|p2a: Sneasler|spd|1
|-damage|p2a: Sneasler|87/100|[from] ability: Rough Skin|[of] p1a: Mr. Cuddles
|move|p2b: Mawile|Iron Head|p1b: Tyranitar
|-activate|p1b: Tyranitar|move: Protect
|
|-weather|Sandstorm|[upkeep]
|-damage|p2a: Sneasler|82/100|[from] Sandstorm
|upkeep
|turn|2
|inactive|noka47 has 30 seconds left.
|inactive|noka47 has 20 seconds left.
|inactive|noka47 has 15 seconds left.
|
|t:|1782235149
|detailschange|p1a: Mr. Cuddles|Garchomp-Mega, L50, M
|-mega|p1a: Mr. Cuddles|Garchomp|Garchompite
|move|p2b: Mawile|Sucker Punch|p1b: Tyranitar
|-resisted|p1b: Tyranitar|1
|-crit|p1b: Tyranitar
|-damage|p1b: Tyranitar|68/100
|move|p2a: Sneasler|Close Combat|p1b: Tyranitar
|-supereffective|p1b: Tyranitar|2
|-damage|p1b: Tyranitar|0 fnt
|-unboost|p2a: Sneasler|def|1
|-unboost|p2a: Sneasler|spd|1
|faint|p1b: Tyranitar
|move|p1a: Mr. Cuddles|Earthquake|p2b: Mawile|[spread] p2a,p2b
|-supereffective|p2a: Sneasler|1
|-supereffective|p2b: Mawile|1
|-damage|p2a: Sneasler|0 fnt
|-damage|p2b: Mawile|0 fnt
|faint|p2a: Sneasler
|faint|p2b: Mawile
|
|-weather|Sandstorm|[upkeep]
|upkeep
|
|t:|1782235164
|switch|p2a: Sinistcha|Sinistcha, L50|100/100
|switch|p1b: Rotom|Rotom-Wash, L50|100/100
|switch|p2b: Incineroar|Incineroar, L50, F|100/100
|-ability|p2b: Incineroar|Intimidate|boost
|-unboost|p1a: Mr. Cuddles|atk|1
|-unboost|p1b: Rotom|atk|1
|turn|3
|
|t:|1782235174
|switch|p1b: Incineroar|Incineroar, L50, M|100/100
|-ability|p1b: Incineroar|Intimidate|boost
|-unboost|p2a: Sinistcha|atk|1
|-unboost|p2b: Incineroar|atk|1
|move|p1a: Mr. Cuddles|Protect|p1a: Mr. Cuddles
|-singleturn|p1a: Mr. Cuddles|Protect
|move|p2b: Incineroar|Fake Out|p1b: Incineroar
|-damage|p1b: Incineroar|91/100
|move|p2a: Sinistcha|Matcha Gotcha|p1b: Incineroar|[spread] 
|-activate|p1a: Mr. Cuddles|move: Protect
|-miss|p2a: Sinistcha|p1b: Incineroar
|
|-weather|Sandstorm|[upkeep]
|-damage|p2a: Sinistcha|93/100|[from] Sandstorm
|-damage|p1b: Incineroar|85/100|[from] Sandstorm
|-damage|p2b: Incineroar|94/100|[from] Sandstorm
|upkeep
|turn|4
|
|t:|1782235197
|move|p1a: Mr. Cuddles|Rock Slide|p2a: Sinistcha|[spread] p2a,p2b
|-supereffective|p2b: Incineroar|1
|-damage|p2a: Sinistcha|78/100
|-damage|p2b: Incineroar|51/100
|move|p1b: Incineroar|Flare Blitz|p2a: Sinistcha
|-supereffective|p2a: Sinistcha|1
|-damage|p2a: Sinistcha|0 fnt
|faint|p2a: Sinistcha
|-damage|p1b: Incineroar|62/100|[from] Recoil
|cant|p2b: Incineroar|flinch
|
|-weather|Sandstorm|[upkeep]
|-damage|p2b: Incineroar|45/100|[from] Sandstorm
|-damage|p1b: Incineroar|56/100|[from] Sandstorm
|upkeep
|turn|5
|-message|noka47 forfeited.
|
|win|UbeYMatcha
||noka47 is ready for game 3.
||UbeYMatcha is ready for game 3.
|uhtml|next|Next: Game 3 of 3
