|j|☆svsdfsdf
|j|☆toqjosh
|html|svsdfsdftoqjosh    
|uhtml|bestof|Game 1 of a best-of-3
|t:|1784791281
|gametype|doubles
|player|p1|svsdfsdf|101|1048
|player|p2|toqjosh|pokemonranger-gen4|1165
|gen|9
|tier|[Gen 9 Champions] VGC 2026 Reg M-B (Bo3)
|rated|
|rule|Species Clause: Limit one of each Pokémon
|rule|Item Clause: Limit 1 of each item
|clearpoke
|poke|p1|Pelipper, L50, F|
|poke|p1|Archaludon, L50, M|
|poke|p1|Swampert, L50, M|
|poke|p1|Sinistcha, L50|
|poke|p1|Grimmsnarl, L50, M|
|poke|p1|Maushold-Four, L50|
|poke|p2|Slowbro, L50, F|
|poke|p2|Delphox, L50, M|
|poke|p2|Decidueye-Hisui, L50, M|
|poke|p2|Aerodactyl, L50, M|
|poke|p2|Sinistcha, L50|
|poke|p2|Garchomp, L50, M|
|teampreview|4
|showteam|p1|Pelipper||FocusSash|Drizzle|WeatherBall,Hurricane,Protect,Tailwind|Modest||F|||50|]Archaludon||Leftovers|Stamina|DragonPulse,FlashCannon,ElectroShot,Protect|Calm||M|||50|]Swampert||Swampertite|Torrent|WaveCrash,HighHorsepower,IcePunch,Protect|Adamant||M|||50|]Sinistcha||SitrusBerry|Hospitality|MatchaGotcha,LifeDew,TrickRoom,RagePowder|Bold|||||50|]Grimmsnarl||LightClay|Prankster|PartingShot,LightScreen,Reflect,SpiritBreak|Impish||M|||50|]Maushold-Four||WideLens|Technician|PopulationBomb,RainDance,FollowMe,Protect|Jolly|||||50|
|showteam|p2|Slowbro||Slowbronite|Regenerator|SlackOff,Scald,Protect,BodyPress|Calm||F|||50|]Delphox||Delphoxite|Blaze|HeatWave,Psychic,Protect,DazzlingGleam|Modest||M|||50|]Decidueye-Hisui||ScopeLens|Scrappy|TripleArrows,LeafBlade,Protect,RockTomb|Adamant||M|||50|]Aerodactyl||FocusSash|Unnerve|Tailwind,RockSlide,WideGuard,Taunt|Jolly||M|||50|]Sinistcha||ColburBerry|Hospitality|MatchaGotcha,RagePowder,TrickRoom,Protect|Calm|||||50|]Garchomp||LifeOrb|RoughSkin|Protect,Earthquake,RockTomb,DragonClaw|Adamant||M|||50|
|inactive|Battle timer is ON: inactive players will automatically lose when time's up. (requested by svsdfsdf)
|inactive|toqjosh has 60 seconds left.
|
|t:|1784791336
|teamsize|p1|4
|teamsize|p2|4
|start
|switch|p1a: Pelipper|Pelipper, L50, F|100/100
|switch|p1b: Swampert|Swampert, L50, M|100/100
|switch|p2a: Slowbro|Slowbro, L50, F|100/100
|switch|p2b: Sinistcha|Sinistcha, L50|100/100
|-weather|RainDance|[from] ability: Drizzle|[of] p1a: Pelipper
|turn|1
|
|t:|1784791357
|detailschange|p1b: Swampert|Swampert-Mega, L50, M
|-mega|p1b: Swampert|Swampert|Swampertite
|detailschange|p2a: Slowbro|Slowbro-Mega, L50, F
|-mega|p2a: Slowbro|Slowbro|Slowbronite
|move|p1b: Swampert|Ice Punch|p2b: Sinistcha
|-supereffective|p2b: Sinistcha|1
|-damage|p2b: Sinistcha|43/100
|-status|p2b: Sinistcha|frz
|move|p1a: Pelipper|Hurricane|p2b: Sinistcha
|-supereffective|p2b: Sinistcha|1
|-damage|p2b: Sinistcha|0 fnt
|faint|p2b: Sinistcha
|move|p2a: Slowbro|Scald|p1a: Pelipper
|-resisted|p1a: Pelipper|1
|-crit|p1a: Pelipper
|-damage|p1a: Pelipper|31/100
|
|-weather|RainDance|[upkeep]
|upkeep
|
|t:|1784791367
|switch|p2b: Garchomp|Garchomp, L50, M|100/100
|turn|2
|
|t:|1784791378
|move|p2b: Garchomp|Protect|p2b: Garchomp
|-singleturn|p2b: Garchomp|Protect
|move|p1b: Swampert|Ice Punch|p2b: Garchomp
|-activate|p2b: Garchomp|move: Protect
|move|p1a: Pelipper|Hurricane|p2a: Slowbro
|-damage|p2a: Slowbro|54/100
|move|p2a: Slowbro|Scald|p1b: Swampert
|-damage|p1b: Swampert|48/100
|
|-weather|RainDance|[upkeep]
|upkeep
|turn|3
|
|t:|1784791394
|move|p1b: Swampert|Ice Punch|p2b: Garchomp
|-supereffective|p2b: Garchomp|2
|-damage|p2b: Garchomp|0 fnt
|-damage|p1b: Swampert|35/100|[from] ability: Rough Skin|[of] p2b: Garchomp
|faint|p2b: Garchomp
|move|p1a: Pelipper|Hurricane|p2a: Slowbro
|-damage|p2a: Slowbro|10/100
|move|p2a: Slowbro|Slack Off|p2a: Slowbro
|-heal|p2a: Slowbro|60/100
|
|-weather|RainDance|[upkeep]
|upkeep
|
|t:|1784791398
|switch|p2b: Decidueye|Decidueye-Hisui, L50, M|100/100
|turn|4
|
|t:|1784791415
|move|p2b: Decidueye|Protect|p2b: Decidueye
|-singleturn|p2b: Decidueye|Protect
|move|p1b: Swampert|High Horsepower|p2a: Slowbro
|-damage|p2a: Slowbro|30/100
|move|p1a: Pelipper|Hurricane|p2b: Decidueye
|-activate|p2b: Decidueye|move: Protect
|move|p2a: Slowbro|Scald|p1a: Pelipper
|-resisted|p1a: Pelipper|1
|-damage|p1a: Pelipper|0 fnt
|faint|p1a: Pelipper
|
|-weather|RainDance|[upkeep]
|upkeep
|
|t:|1784791418
|switch|p1a: Archaludon|Archaludon, L50, M|100/100
|turn|5
|inactive|toqjosh has 30 seconds left.
|
|t:|1784791446
|move|p2a: Slowbro|Protect|p2a: Slowbro
|-singleturn|p2a: Slowbro|Protect
|move|p1b: Swampert|Wave Crash|p2b: Decidueye
|-resisted|p2b: Decidueye|1
|-damage|p2b: Decidueye|27/100
|-damage|p1b: Swampert|13/100|[from] Recoil
|move|p1a: Archaludon|Electro Shot||[still]
|-prepare|p1a: Archaludon|Electro Shot
|-boost|p1a: Archaludon|spa|1
|-anim|p1a: Archaludon|Electro Shot|p2a: Slowbro
|-activate|p2a: Slowbro|move: Protect
|move|p2b: Decidueye|Triple Arrows|p1a: Archaludon
|-supereffective|p1a: Archaludon|1
|-damage|p1a: Archaludon|33/100
|-ability|p1a: Archaludon|Stamina|boost
|-boost|p1a: Archaludon|def|1
|
|-weather|none
|-heal|p1a: Archaludon|39/100|[from] item: Leftovers
|upkeep
|turn|6
|inactive|svsdfsdf has 30 seconds left.
|inactive|toqjosh has 30 seconds left.
|
|t:|1784791475
|move|p1b: Swampert|Wave Crash|p2b: Decidueye
|-resisted|p2b: Decidueye|1
|-damage|p2b: Decidueye|0 fnt
|faint|p2b: Decidueye
|-damage|p1b: Swampert|5/100|[from] Recoil
|move|p1a: Archaludon|Dragon Pulse|p2a: Slowbro
|-damage|p2a: Slowbro|0 fnt
|faint|p2a: Slowbro
|
|win|svsdfsdf
