|j|☆Opus500
|j|☆newtopokemonteehee
|html|Opus500newtopokemonteehee    
|uhtml|bestof|Game 2 of a best-of-3
|t:|1784173040
|gametype|doubles
|player|p1|Opus500|170|1043
|player|p2|newtopokemonteehee|266|1119
|gen|9
|tier|[Gen 9 Champions] VGC 2026 Reg M-B (Bo3)
|rated|
|rule|Species Clause: Limit one of each Pokémon
|rule|Item Clause: Limit 1 of each item
|clearpoke
|poke|p1|Ninetales-Alola, L50, M|
|poke|p1|Venusaur, L50, F|
|poke|p1|Blaziken, L50, F|
|poke|p1|Lycanroc-Dusk, L50, F|
|poke|p1|Kingambit, L50, F|
|poke|p1|Farigiraf, L50, M|
|poke|p2|Basculegion, L50, M|
|poke|p2|Spiritomb, L50, M|
|poke|p2|Conkeldurr, L50, M|
|poke|p2|Mawile, L50, M|
|poke|p2|Dragonite, L50, F|
|poke|p2|Pelipper, L50, F|
|teampreview|4
|showteam|p1|Ninetales-Alola||LightClay|SnowWarning|AuroraVeil,FreezeDry,Blizzard,IcyWind|Timid||M|||50|]Venusaur||Venusaurite|Chlorophyll|SludgeBomb,GigaDrain,SleepPowder,Protect|Bold||F|||50|]Blaziken||Blazikenite|SpeedBoost|CloseCombat,FlareBlitz,RockSlide,Protect|Adamant||F|||50|]Lycanroc-Dusk||FocusSash|ToughClaws|Accelerock,RockSlide,CloseCombat,Protect|Jolly||F|||50|]Kingambit||LifeOrb|Defiant|SuckerPunch,KowtowCleave,IronHead,LowKick|Adamant||F|||50|]Farigiraf||ColburBerry|ArmorTail|TrickRoom,HelpingHand,Psychic,FoulPlay|Bold||M|||50|
|showteam|p2|Basculegion||ChoiceScarf|Adaptability|LastRespects,FlipTurn,WaveCrash,IceFang|Jolly||M|||50|]Spiritomb||RoseliBerry|Infiltrator|TrickRoom,DestinyBond,WillOWisp,DarkPulse|Relaxed||M|||50|]Conkeldurr||LifeOrb|SheerForce|LowSweep,MachPunch,Protect,IcePunch|Brave||M|||50|]Mawile||Mawilite|HyperCutter|PlayRough,SuckerPunch,IronHead,Protect|Brave||M|||50|]Dragonite||Dragoninite|InnerFocus|Thunder,Hurricane,DracoMeteor,ThunderWave|Modest||F|||50|]Pelipper||Leftovers|Drizzle|WideGuard,Protect,Tailwind,MuddyWater|Quiet||F|||50|
|inactive|Battle timer is ON: inactive players will automatically lose when time's up. (requested by Opus500)
|
|t:|1784173066
|teamsize|p1|4
|teamsize|p2|4
|start
|switch|p1a: Farigiraf|Farigiraf, L50, M|100/100
|switch|p1b: Kingambit|Kingambit, L50, F|100/100
|switch|p2a: Dragonite|Dragonite, L50, F|100/100
|switch|p2b: Basculegion|Basculegion, L50, M|100/100
|turn|1
|
|t:|1784173090
|detailschange|p2a: Dragonite|Dragonite-Mega, L50, F
|-mega|p2a: Dragonite|Dragonite|Dragoninite
|move|p1b: Kingambit|Sucker Punch|p2b: Basculegion
|-supereffective|p2b: Basculegion|1
|-damage|p2b: Basculegion|0 fnt
|faint|p2b: Basculegion
|-damage|p1b: Kingambit|90/100|[from] item: Life Orb
|move|p2a: Dragonite|Draco Meteor|p1a: Farigiraf
|-damage|p1a: Farigiraf|29/100
|-unboost|p2a: Dragonite|spa|2
|move|p1a: Farigiraf|Trick Room|p1a: Farigiraf
|-fieldstart|move: Trick Room|[of] p1a: Farigiraf
|
|upkeep
|
|t:|1784173101
|switch|p2b: Conkeldurr|Conkeldurr, L50, M|100/100
|turn|2
|
|t:|1784173111
|switch|p2a: Pelipper|Pelipper, L50, F|100/100
|-weather|RainDance|[from] ability: Drizzle|[of] p2a: Pelipper
|move|p2b: Conkeldurr|Low Sweep|p1b: Kingambit
|-supereffective|p1b: Kingambit|2
|-damage|p1b: Kingambit|0 fnt
|faint|p1b: Kingambit
|move|p1a: Farigiraf|Psychic|p2b: Conkeldurr
|-supereffective|p2b: Conkeldurr|1
|-damage|p2b: Conkeldurr|8/100
|
|-weather|RainDance|[upkeep]
|upkeep
|
|t:|1784173131
|switch|p1b: Venusaur|Venusaur, L50, F|100/100
|turn|3
|inactive|newtopokemonteehee has 30 seconds left.
|
|t:|1784173158
|switch|p1a: Ninetales|Ninetales-Alola, L50, M|100/100
|-weather|Snowscape|[from] ability: Snow Warning|[of] p1a: Ninetales
|detailschange|p1b: Venusaur|Venusaur-Mega, L50, F
|-mega|p1b: Venusaur|Venusaur|Venusaurite
|move|p2b: Conkeldurr|Ice Punch|p1b: Venusaur
|-supereffective|p1b: Venusaur|1
|-damage|p1b: Venusaur|62/100
|move|p2a: Pelipper|Muddy Water|p1b: Venusaur|[spread] p1a,p1b
|-resisted|p1b: Venusaur|1
|-damage|p1a: Ninetales|74/100
|-damage|p1b: Venusaur|53/100
|move|p1b: Venusaur|Giga Drain|p2b: Conkeldurr
|-damage|p2b: Conkeldurr|0 fnt
|-heal|p1b: Venusaur|58/100|[from] drain|[of] p2b: Conkeldurr
|faint|p2b: Conkeldurr
|
|-weather|Snowscape|[upkeep]
|upkeep
|
|t:|1784173174
|switch|p2b: Dragonite|Dragonite-Mega, L50, F|100/100
|turn|4
|inactive|newtopokemonteehee has 30 seconds left.
|
|t:|1784173203
|move|p2a: Pelipper|Wide Guard|p2a: Pelipper
|-singleturn|p2a: Pelipper|Wide Guard
|move|p1b: Venusaur|Sludge Bomb|p2b: Dragonite
|-damage|p2b: Dragonite|82/100
|move|p2b: Dragonite|Hurricane|p1b: Venusaur
|-supereffective|p1b: Venusaur|1
|-damage|p1b: Venusaur|0 fnt
|faint|p1b: Venusaur
|move|p1a: Ninetales|Blizzard|p2a: Pelipper|[spread] 
|-activate|p2a: Pelipper|move: Wide Guard
|-activate|p2b: Dragonite|move: Wide Guard
|
|-weather|Snowscape|[upkeep]
|upkeep
|
|t:|1784173217
|switch|p1b: Farigiraf|Farigiraf, L50, M|29/100
|turn|5
|
|t:|1784173238
|move|p1b: Farigiraf|Helping Hand|p1a: Ninetales
|-singleturn|p1a: Ninetales|Helping Hand|[of] p1b: Farigiraf
|move|p2a: Pelipper|Wide Guard|p2a: Pelipper
|-singleturn|p2a: Pelipper|Wide Guard
|move|p2b: Dragonite|Hurricane|p1b: Farigiraf
|-damage|p1b: Farigiraf|0 fnt
|faint|p1b: Farigiraf
|move|p1a: Ninetales|Freeze-Dry|p2b: Dragonite
|-supereffective|p2b: Dragonite|2
|-damage|p2b: Dragonite|0 fnt
|faint|p2b: Dragonite
|
|-weather|Snowscape|[upkeep]
|-fieldend|move: Trick Room
|upkeep
|turn|6
|inactive|newtopokemonteehee has 30 seconds left.
|
|t:|1784173266
|move|p1a: Ninetales|Freeze-Dry|p2a: Pelipper
|-supereffective|p2a: Pelipper|2
|-damage|p2a: Pelipper|0 fnt
|faint|p2a: Pelipper
|
|win|Opus500
||newtopokemonteehee is ready for game 3.
||Opus500 is ready for game 3.
|uhtml|next|Next: Game 3 of 3
