|j|☆SabinoRaw
|j|☆herobrinevevo
|html|SabinoRawherobrinevevo    
|uhtml|bestof|Game 3 of a best-of-3
|t:|1786044326
|gametype|doubles
|player|p1|SabinoRaw|noland-gen3|1124
|player|p2|herobrinevevo|266|1028
|gen|9
|tier|[Gen 9 Champions] VGC 2026 Reg M-B (Bo3)
|rated|
|rule|Species Clause: Limit one of each Pokémon
|rule|Item Clause: Limit 1 of each item
|clearpoke
|poke|p1|Swampert, L50, M|
|poke|p1|Floette-Eternal, L50, F|
|poke|p1|Pelipper, L50, M|
|poke|p1|Grimmsnarl, L50, M|
|poke|p1|Sinistcha, L50|
|poke|p1|Archaludon, L50, M|
|poke|p2|Alakazam, L50, M|
|poke|p2|Gholdengo, L50|
|poke|p2|Clefable, L50, F|
|poke|p2|Rotom-Wash, L50|
|poke|p2|Excadrill, L50, F|
|poke|p2|Meowscarada, L50, F|
|teampreview|4
|showteam|p1|Swampert||Swampertite|Torrent|WaveCrash,Earthquake,IcePunch,Protect|Adamant||M|||50|]Floette-Eternal||Floettite|FlowerVeil|Moonblast,DazzlingGleam,CalmMind,Protect|Modest||F|||50|]Pelipper||SitrusBerry|Drizzle|Hurricane,WeatherBall,Tailwind,WideGuard|Modest||M|||50|]Grimmsnarl||LightClay|Prankster|LightScreen,Reflect,FoulPlay,PartingShot|Calm||M|||50|]Sinistcha||CobaBerry|Hospitality|MatchaGotcha,LifeDew,TrickRoom,RagePowder|Relaxed|||||50|]Archaludon||Leftovers|Stamina|ElectroShot,DragonPulse,FlashCannon,Protect|Modest||M|||50|
|showteam|p2|Alakazam||Alakazite|Synchronize|NastyPlot,Protect,Psychic,FocusBlast|Timid||M|||50|]Gholdengo||MetalCoat|GoodasGold|NastyPlot,MakeItRain,ShadowBall,Psyshock|Timid|||||50|]Clefable||Leftovers|CuteCharm|FollowMe,Encore,ThunderWave,StealthRock|Calm||F|||50|]Rotom-Wash||ChoiceScarf|Levitate|VoltSwitch,Thunder,HydroPump,DarkPulse|Timid|||||50|]Excadrill||LifeOrb|MoldBreaker|Earthquake,RapidSpin,IronHead,Megahorn|Jolly||F|||50|]Meowscarada||BrightPowder|Protean|FlowerTrick,KnockOff,TripleAxel,Uturn|Jolly||F|||50|
|inactive|Battle timer is ON: inactive players will automatically lose when time's up. (requested by herobrinevevo)
|
|t:|1786044337
|teamsize|p1|4
|teamsize|p2|4
|start
|switch|p1a: Swampert|Swampert, L50, M|100/100
|switch|p1b: Pelipper|Pelipper, L50, M|100/100
|switch|p2a: Rotom|Rotom-Wash, L50|100/100
|switch|p2b: Meowscarada|Meowscarada, L50, F|100/100
|-weather|RainDance|[from] ability: Drizzle|[of] p1b: Pelipper
|turn|1
|inactive|SabinoRaw has 30 seconds left.
|
|t:|1786044368
|detailschange|p1a: Swampert|Swampert-Mega, L50, M
|-mega|p1a: Swampert|Swampert|Swampertite
|move|p1a: Swampert|Protect|p1a: Swampert
|-singleturn|p1a: Swampert|Protect
|move|p2a: Rotom|Volt Switch|p1b: Pelipper
|-supereffective|p1b: Pelipper|2
|-damage|p1b: Pelipper|0 fnt
|faint|p1b: Pelipper
|
|t:|1786044377
|switch|p2a: Clefable|Clefable, L50, F|100/100|[from] Volt Switch
|move|p2b: Meowscarada|Flower Trick|p1a: Swampert
|-start|p2b: Meowscarada|typechange|Grass|[from] ability: Protean
|-activate|p1a: Swampert|move: Protect
|
|-weather|RainDance|[upkeep]
|upkeep
|
|t:|1786044387
|switch|p1b: Archaludon|Archaludon, L50, M|100/100
|turn|2
|
|t:|1786044399
|move|p1a: Swampert|Ice Punch|p2b: Meowscarada
|-supereffective|p2b: Meowscarada|1
|-damage|p2b: Meowscarada|0 fnt
|faint|p2b: Meowscarada
|move|p1b: Archaludon|Flash Cannon|p2a: Clefable
|-supereffective|p2a: Clefable|1
|-damage|p2a: Clefable|46/100
|move|p2a: Clefable|Thunder Wave|p1b: Archaludon
|-status|p1b: Archaludon|par
|
|-weather|RainDance|[upkeep]
|-heal|p2a: Clefable|52/100|[from] item: Leftovers
|upkeep
|
|t:|1786044405
|switch|p2b: Alakazam|Alakazam, L50, M|100/100
|turn|3
|
|t:|1786044415
|detailschange|p2b: Alakazam|Alakazam-Mega, L50, M
|-mega|p2b: Alakazam|Alakazam|Alakazite
|-ability|p2b: Alakazam|Stamina|Trace|[from] ability: Trace|[of] p1b: Archaludon
|move|p2a: Clefable|Follow Me|p2a: Clefable
|-singleturn|p2a: Clefable|move: Follow Me
|move|p1a: Swampert|Earthquake|p2a: Clefable|[spread] p1b,p2a,p2b
|-supereffective|p1b: Archaludon|1
|-crit|p2a: Clefable
|-damage|p1b: Archaludon|26/100 par
|-damage|p2a: Clefable|0 fnt
|-damage|p2b: Alakazam|10/100
|-ability|p1b: Archaludon|Stamina|boost
|-boost|p1b: Archaludon|def|1
|-ability|p2b: Alakazam|Stamina|boost
|-boost|p2b: Alakazam|def|1
|faint|p2a: Clefable
|move|p2b: Alakazam|Nasty Plot|p2b: Alakazam
|-boost|p2b: Alakazam|spa|2
|cant|p1b: Archaludon|par
|
|-weather|RainDance|[upkeep]
|-heal|p1b: Archaludon|32/100 par|[from] item: Leftovers
|upkeep
|
|t:|1786044427
|switch|p2a: Rotom|Rotom-Wash, L50|100/100
|turn|4
|
|t:|1786044441
|switch|p1b: Sinistcha|Sinistcha, L50|100/100
|move|p1a: Swampert|Protect|p1a: Swampert
|-singleturn|p1a: Swampert|Protect
|move|p2b: Alakazam|Protect|p2b: Alakazam
|-singleturn|p2b: Alakazam|Protect
|move|p2a: Rotom|Hydro Pump|p1a: Swampert
|-activate|p1a: Swampert|move: Protect
|
|-weather|RainDance|[upkeep]
|upkeep
|turn|5
|
|t:|1786044456
|move|p1a: Swampert|Wave Crash|p2b: Alakazam
|-damage|p2b: Alakazam|0 fnt
|faint|p2b: Alakazam
|-damage|p1a: Swampert|97/100|[from] Recoil
|move|p2a: Rotom|Hydro Pump|p1a: Swampert
|-damage|p1a: Swampert|25/100
|move|p1b: Sinistcha|Matcha Gotcha|p2a: Rotom
|-supereffective|p2a: Rotom|1
|-damage|p2a: Rotom|5/100
|
|-weather|none
|upkeep
|turn|6
|
|t:|1786044468
|move|p2a: Rotom|Hydro Pump|p1a: Swampert
|-damage|p1a: Swampert|0 fnt
|faint|p1a: Swampert
|move|p1b: Sinistcha|Matcha Gotcha|p2a: Rotom
|-supereffective|p2a: Rotom|1
|-damage|p2a: Rotom|0 fnt
|faint|p2a: Rotom
|
|win|SabinoRaw
|raw|SabinoRaw's rating: 1124 → 1142(+18 for winning)
|raw|herobrinevevo's rating: 1028 → 1018(-10 for losing)
