|j|☆Pablon999
|j|☆markydoki26
|html|Pablon999markydoki26    
|uhtml|bestof|Game 1 of a best-of-3
|t:|1782396996
|gametype|doubles
|player|p1|Pablon999|266|1036
|player|p2|markydoki26|101|1007
|gen|9
|tier|[Gen 9 Champions] VGC 2026 Reg M-B (Bo3)
|rated|
|rule|Species Clause: Limit one of each Pokémon
|rule|Item Clause: Limit 1 of each item
|clearpoke
|poke|p1|Charizard, L50, F|
|poke|p1|Sneasler, L50, M|
|poke|p1|Sylveon, L50, F|
|poke|p1|Basculegion, L50, M|
|poke|p1|Metagross, L50|
|poke|p1|Aerodactyl, L50, F|
|poke|p2|Hawlucha, L50, M|
|poke|p2|Snorlax, L50, M|
|poke|p2|Grimmsnarl, L50, M|
|poke|p2|Gallade, L50, M|
|poke|p2|Sinistcha-Masterpiece, L50|
|poke|p2|Aerodactyl, L50, F|
|teampreview|4
|showteam|p1|Charizard||CharizarditeX|Blaze|Protect,DragonDance,FlareBlitz,DragonClaw|Adamant||F|||50|]Sneasler||WhiteHerb|Unburden|CloseCombat,FakeOut,DireClaw,Coaching|Jolly||M|||50|]Sylveon||FairyFeather|Pixilate|Detect,HyperBeam,HyperVoice,Yawn|Modest||F|||50|]Basculegion||LifeOrb|SwiftSwim|Protect,LastRespects,WaveCrash,AquaJet|Adamant||M|||50|]Metagross||Metagrossite|ClearBody|Protect,StompingTantrum,IronHead,PsychicFangs|Adamant|||||50|]Aerodactyl||FocusSash|Unnerve|Tailwind,RockSlide,Roar,DualWingbeat|Jolly||F|||50|
|showteam|p2|Hawlucha||LumBerry|Unburden|Acrobatics,BulkUp,CloseCombat,Protect|Adamant||M|||50|]Snorlax|||ThickFat|Yawn,ChillingWater,Covet,Fling|Brave||M|||50|]Grimmsnarl||WideLens|Prankster|Swagger,Reflect,LightScreen,PartingShot|Calm||M|||50|]Gallade||Galladite|Steadfast|SacredSword,PsychoCut,RockSlide,Protect|Jolly||M|||50|]Sinistcha-Masterpiece||SitrusBerry|Hospitality|MatchaGotcha,LifeDew,RagePowder,ShadowBall|Bold|||||50|]Aerodactyl||Aerodactylite|RockHead|Tailwind,RockSlide,Earthquake,DualWingbeat|Jolly||F|||50|
|
|t:|1782397064
|teamsize|p1|4
|teamsize|p2|4
|start
|switch|p1a: Charizard|Charizard, L50, F|100/100
|switch|p1b: Sneasler|Sneasler, L50, M|100/100
|switch|p2a: Hawlucha|Hawlucha, L50, M|100/100
|switch|p2b: Grimmsnarl|Grimmsnarl, L50, M|100/100
|turn|1
|
|t:|1782397085
|detailschange|p1a: Charizard|Charizard-Mega-X, L50, F
|-mega|p1a: Charizard|Charizard|Charizardite X
|move|p2b: Grimmsnarl|Swagger|p2a: Hawlucha
|-boost|p2a: Hawlucha|atk|2
|-start|p2a: Hawlucha|confusion
|-enditem|p2a: Hawlucha|Lum Berry|[eat]
|-end|p2a: Hawlucha|confusion
|move|p2a: Hawlucha|Bulk Up|p2a: Hawlucha
|-boost|p2a: Hawlucha|atk|1
|-boost|p2a: Hawlucha|def|1
|move|p1b: Sneasler|Coaching|p1a: Charizard
|-boost|p1a: Charizard|atk|1
|-boost|p1a: Charizard|def|1
|move|p1a: Charizard|Dragon Dance|p1a: Charizard
|-boost|p1a: Charizard|atk|1
|-boost|p1a: Charizard|spe|1
|
|upkeep
|turn|2
|
|t:|1782397143
|switch|p1b: Sylveon|Sylveon, L50, F|100/100
|move|p2b: Grimmsnarl|Reflect|p2b: Grimmsnarl
|-sidestart|p2: markydoki26|Reflect
|move|p2a: Hawlucha|Acrobatics|p1a: Charizard
|-damage|p1a: Charizard|11/100
|move|p1a: Charizard|Flare Blitz|p2a: Hawlucha
|-damage|p2a: Hawlucha|8/100
|-damage|p1a: Charizard|0 fnt|[from] Recoil
|faint|p1a: Charizard
|
|upkeep
|
|t:|1782397157
|switch|p1a: Sneasler|Sneasler, L50, M|100/100
|turn|3
|
|t:|1782397165
|move|p2a: Hawlucha|Protect|p2a: Hawlucha
|-singleturn|p2a: Hawlucha|Protect
|move|p1a: Sneasler|Fake Out|p2a: Hawlucha
|-activate|p2a: Hawlucha|move: Protect
|move|p2b: Grimmsnarl|Parting Shot|p1b: Sylveon
|-unboost|p1b: Sylveon|atk|1
|-unboost|p1b: Sylveon|spa|1
|
|t:|1782397174
|switch|p2b: Sinistcha|Sinistcha-Masterpiece, L50|100/100|[from] Parting Shot
|-heal|p2a: Hawlucha|33/100|[from] ability: Hospitality|[of] p2b: Sinistcha
|move|p1b: Sylveon|Hyper Voice|p2a: Hawlucha|[spread] p2b
|-activate|p2a: Hawlucha|move: Protect
|-damage|p2b: Sinistcha|59/100
|
|upkeep
|turn|4
|
|t:|1782397187
|switch|p1b: Basculegion|Basculegion, L50, M|100/100
|move|p2b: Sinistcha|Rage Powder|p2b: Sinistcha
|-singleturn|p2b: Sinistcha|move: Rage Powder
|move|p2a: Hawlucha|Acrobatics|p1b: Basculegion
|-damage|p1b: Basculegion|0 fnt
|faint|p1b: Basculegion
|move|p1a: Sneasler|Dire Claw|p2b: Sinistcha
|-crit|p2b: Sinistcha
|-damage|p2b: Sinistcha|22/100
|-enditem|p2b: Sinistcha|Sitrus Berry|[eat]
|-heal|p2b: Sinistcha|47/100|[from] item: Sitrus Berry
|
|upkeep
|
|t:|1782397196
|switch|p1b: Sylveon|Sylveon, L50, F|100/100
|turn|5
|-message|Pablon999 forfeited.
|
|win|markydoki26
||Pablon999 is ready for game 2.
