|j|☆Bellbottoms
|j|☆Sark_RL
|html|BellbottomsSark_RL    
|uhtml|bestof|Game 1 of a best-of-3
|t:|1757242493
|gametype|doubles
|player|p1|Bellbottoms|pokemonbreederf-gen4|
|player|p2|Sark_RL|rika|
|gen|9
|tier|[Gen 9] VGC 2025 Reg H (Bo3)
|rule|Species Clause: Limit one of each Pokémon
|rule|Item Clause: Limit 1 of each item
|clearpoke
|poke|p1|Gholdengo, L50|
|poke|p1|Rillaboom, L50, F|
|poke|p1|Arcanine-Hisui, L50, F|
|poke|p1|Sneasler, L50, F|
|poke|p1|Dragonite, L50, F|
|poke|p1|Ninetales-Alola, L50, F|
|poke|p2|Tyranitar, L50, F|
|poke|p2|Corviknight, L50, F|
|poke|p2|Dragapult, L50, M|
|poke|p2|Kilowattrel, L50, F|
|poke|p2|Garchomp, L50, F|
|poke|p2|Amoonguss, L50, M|
|teampreview|4
|showteam|p1|Gholdengo||GrassySeed|GoodasGold|MakeItRain,NastyPlot,ShadowBall,Protect||||||50|,,,,,Water]Rillaboom||AssaultVest|GrassySurge|DrumBeating,GrassyGlide,FakeOut,HighHorsepower|||F|||50|,,,,,Fire]Arcanine-Hisui||ClearAmulet|Intimidate|RockSlide,FlareBlitz,ExtremeSpeed,Protect|||F|||50|,,,,,Water]Sneasler||WhiteHerb|Unburden|CloseCombat,DireClaw,Coaching,Protect|||F|||50|,,,,,Ghost]Dragonite||LoadedDice|Multiscale|ScaleShot,StompingTantrum,Protect,Tailwind|||F|||50|,,,,,Ground]Ninetales-Alola||FocusSash|SnowWarning|Blizzard,IcyWind,AuroraVeil,Encore|||F|||50|,,,,,Ghost
|showteam|p2|Tyranitar||AssaultVest|SandStream|RockSlide,KnockOff,LowKick,TeraBlast|||F|||50|,,,,,Flying]Corviknight||SitrusBerry|MirrorArmor|BraveBird,BodyPress,Tailwind,Roost|||F|||50|,,,,,Fire]Dragapult||LifeOrb|Infiltrator|ShadowBall,DracoMeteor,Flamethrower,Protect|||M|||50|,,,,,Stellar]Kilowattrel||FocusSash|Competitive|Thunderbolt,AirSlash,Tailwind,Protect|||F|||50|,,,,,Stellar]Garchomp||Leftovers|SandVeil|Earthquake,DragonClaw,Substitute,Protect|||F|||50|,,,,,Steel]Amoonguss||CovertCloak|Regenerator|PollenPuff,SludgeBomb,RagePowder,Spore|||M|||50|,,,,,Fairy
|
|t:|1757242530
|teamsize|p1|4
|teamsize|p2|4
|start
|switch|p1a: Gold Ship|Gholdengo, L50, shiny|100/100
|switch|p1b: AgnesTachyon|Dragonite, L50, F, shiny|100/100
|switch|p2a: Paparazzi|Corviknight, L50, F|100/100
|switch|p2b: Poker Face|Garchomp, L50, F|100/100
|turn|1
|l|☆Bellbottoms
|player|p1|
|j|☆Bellbottoms
|player|p1|Bellbottoms|pokemonbreederf-gen4|
|
|t:|1757242579
|switch|p1b: Grass Wonder|Rillaboom, L50, F|100/100
|-fieldstart|move: Grassy Terrain|[from] ability: Grassy Surge|[of] p1b: Grass Wonder
|-enditem|p1a: Gold Ship|Grassy Seed
|-boost|p1a: Gold Ship|def|1|[from] item: Grassy Seed
|move|p2b: Poker Face|Protect|p2b: Poker Face
|-singleturn|p2b: Poker Face|Protect
|move|p1a: Gold Ship|Nasty Plot|p1a: Gold Ship
|-boost|p1a: Gold Ship|spa|2
|move|p2a: Paparazzi|Brave Bird|p1b: Grass Wonder
|-supereffective|p1b: Grass Wonder
|-damage|p1b: Grass Wonder|23/100
|-damage|p2a: Paparazzi|75/100|[from] Recoil
|
|-heal|p1b: Grass Wonder|29/100|[from] Grassy Terrain
|upkeep
|turn|2
|
|t:|1757242610
|switch|p2b: Judas|Tyranitar, L50, F|100/100
|-weather|Sandstorm|[from] ability: Sand Stream|[of] p2b: Judas
|move|p1b: Grass Wonder|Fake Out|p2a: Paparazzi
|-resisted|p2a: Paparazzi
|-damage|p2a: Paparazzi|71/100
|move|p1a: Gold Ship|Shadow Ball|p2a: Paparazzi
|-damage|p2a: Paparazzi|0 fnt
|faint|p2a: Paparazzi
|
|-weather|Sandstorm|[upkeep]
|-damage|p1b: Grass Wonder|23/100|[from] Sandstorm
|-heal|p1b: Grass Wonder|29/100|[from] Grassy Terrain
|upkeep
|
|t:|1757242621
|switch|p2a: Abracadabra|Dragapult, L50, M|100/100
|turn|3
|
|t:|1757242651
|switch|p1b: Oguri Cap|Ninetales-Alola, L50, F|100/100
|-weather|Snowscape|[from] ability: Snow Warning|[of] p1b: Oguri Cap
|-terastallize|p1a: Gold Ship|Water
|move|p2a: Abracadabra|Draco Meteor|p1a: Gold Ship
|-damage|p1a: Gold Ship|20/100
|-unboost|p2a: Abracadabra|spa|2
|-damage|p2a: Abracadabra|91/100|[from] item: Life Orb
|move|p1a: Gold Ship|Make It Rain|p2b: Judas|[spread] p2a,p2b
|-supereffective|p2b: Judas
|-damage|p2a: Abracadabra|0 fnt
|-damage|p2b: Judas|24/100
|-unboost|p1a: Gold Ship|spa|1
|faint|p2a: Abracadabra
|move|p2b: Judas|Knock Off|p1a: Gold Ship
|-damage|p1a: Gold Ship|2/100
|
|-weather|Snowscape|[upkeep]
|-heal|p1a: Gold Ship|8/100|[from] Grassy Terrain
|-heal|p2b: Judas|30/100|[from] Grassy Terrain
|upkeep
|
|t:|1757242664
|switch|p2a: Poker Face|Garchomp, L50, F|100/100
|turn|4
|
|t:|1757242674
|-terastallize|p2a: Poker Face|Steel
|move|p1b: Oguri Cap|Icy Wind|p2b: Judas|[spread] p2a,p2b
|-resisted|p2a: Poker Face
|-damage|p2a: Poker Face|94/100
|-damage|p2b: Judas|24/100
|-unboost|p2a: Poker Face|spe|1
|-unboost|p2b: Judas|spe|1
|move|p1a: Gold Ship|Make It Rain|p2a: Poker Face|[spread] p2a,p2b
|-resisted|p2a: Poker Face
|-supereffective|p2b: Judas
|-damage|p2a: Poker Face|63/100
|-damage|p2b: Judas|0 fnt
|-unboost|p1a: Gold Ship|spa|1
|faint|p2b: Judas
|move|p2a: Poker Face|Earthquake|p1a: Gold Ship|[spread] p1a,p1b
|-damage|p1a: Gold Ship|0 fnt
|-damage|p1b: Oguri Cap|80/100
|faint|p1a: Gold Ship
|
|-weather|Snowscape|[upkeep]
|-heal|p1b: Oguri Cap|86/100|[from] Grassy Terrain
|-heal|p2a: Poker Face|69/100|[from] Grassy Terrain
|-heal|p2a: Poker Face|75/100|[from] item: Leftovers
|upkeep
|
|t:|1757242676
|switch|p1a: AgnesTachyon|Dragonite, L50, F, shiny|100/100
|turn|5
|
|t:|1757242693
|move|p1b: Oguri Cap|Aurora Veil|p1b: Oguri Cap
|-sidestart|p1: Bellbottoms|move: Aurora Veil
|move|p1a: AgnesTachyon|Stomping Tantrum|p2a: Poker Face
|-supereffective|p2a: Poker Face
|-damage|p2a: Poker Face|24/100
|move|p2a: Poker Face|Dragon Claw|p1a: AgnesTachyon
|-supereffective|p1a: AgnesTachyon
|-damage|p1a: AgnesTachyon|73/100
|
|-weather|Snowscape|[upkeep]
|-heal|p1b: Oguri Cap|92/100|[from] Grassy Terrain
|-heal|p2a: Poker Face|30/100|[from] Grassy Terrain
|-heal|p2a: Poker Face|36/100|[from] item: Leftovers
|-fieldend|move: Grassy Terrain
|upkeep
|turn|6
|
|t:|1757242700
|move|p1b: Oguri Cap|Encore|p2a: Poker Face
|-start|p2a: Poker Face|Encore
|move|p1a: AgnesTachyon|Stomping Tantrum|p2a: Poker Face
|-supereffective|p2a: Poker Face
|-damage|p2a: Poker Face|0 fnt
|faint|p2a: Poker Face
|
|win|Bellbottoms
||Bellbottoms is ready for game 2.
||Sark_RL is ready for game 2.
|uhtml|next|Next: Game 2 of 3
|l|☆Bellbottoms
|player|p1|
|j|☆Bellbottoms
|player|p1|Bellbottoms|pokemonbreederf-gen4|
