|j|☆hugoggg
|j|☆derainer
|html|hugogggderainer    
|uhtml|bestof|Game 1 of a best-of-3
|t:|1786108237
|gametype|doubles
|player|p1|hugoggg|170|1184
|player|p2|derainer|hilbert|1178
|gen|9
|tier|[Gen 9 Champions] VGC 2026 Reg M-B (Bo3)
|rated|
|rule|Species Clause: Limit one of each Pokémon
|rule|Item Clause: Limit 1 of each item
|clearpoke
|poke|p1|Froslass, L50, F|
|poke|p1|Dragonite, L50, F, shiny|
|poke|p1|Sneasler, L50, F|
|poke|p1|Arcanine-Hisui, L50, F|
|poke|p1|Gholdengo, L50|
|poke|p1|Kingambit, L50, F|
|poke|p2|Farigiraf, L50, M|
|poke|p2|Sylveon, L50, M|
|poke|p2|Incineroar, L50, F|
|poke|p2|Tyranitar, L50, F|
|poke|p2|Camerupt, L50, M|
|poke|p2|Sinistcha, L50|
|teampreview|4
|showteam|p1|Froslass||Froslassite|CursedBody|Blizzard,ShadowBall,AuroraVeil,Protect|Modest||F|||50|]Dragonite||DragonFang|Multiscale|ScaleShot,Haze,Tailwind,Protect|Adamant||F|||50|]Sneasler||WhiteHerb|Unburden|CloseCombat,GunkShot,FakeOut,Protect|Adamant||F|||50|]Arcanine-Hisui||FocusSash|RockHead|HeadSmash,FlareBlitz,ExtremeSpeed,Protect|Adamant||F|||50|]Gholdengo||ChoiceScarf|GoodasGold|MakeItRain,ShadowBall,PowerGem,Trick|Modest|||||50|]Kingambit||LifeOrb|Defiant|KowtowCleave,SuckerPunch,SwordsDance,Protect|Adamant||F|||50|
|showteam|p2|Farigiraf||ColburBerry|ArmorTail|Reflect,TrickRoom,HelpingHand,Psychic|Sassy||M|||50|]Sylveon||FairyFeather|Pixilate|HyperVoice,CalmMind,Protect,Curse|Sassy||M|||50|]Incineroar||WhiteHerb|Intimidate|FakeOut,PartingShot,DarkestLariat,CloseCombat|Adamant||F|||50|]Tyranitar||Tyranitarite|SandStream|AncientPower,HelpingHand,Protect,EarthPower|Adamant||F|||50|]Camerupt||Cameruptite|MagmaArmor|HeatWave,EarthPower,AncientPower,Protect|Modest||M|||50|]Sinistcha||SitrusBerry|Hospitality|MatchaGotcha,RagePowder,LifeDew,TrickRoom|Relaxed|||||50|
|c|☆derainer|Haze n scale shot
|c|☆derainer|Tf
|c|☆hugoggg|bro
|c|☆derainer|Don't u mean Draco meteor
|c|☆hugoggg|you cant really say anything
|c|☆derainer|Shi
|c|☆derainer|Whys tht homie
|c|☆hugoggg|special ttar cuh
|c|☆derainer|Intimidate
|c|☆derainer|Mfs
|c|☆hugoggg|yeah haze is for intim too
|c|☆derainer|I was running physical sylveon
|c|☆derainer|Gang
|c|☆derainer|Shi
|c|☆derainer|Js run innerfocus bro
|c|☆hugoggg|son
|c|☆derainer|😭
|c|☆derainer|Aint even running setup w dnote
|
|t:|1786108446
|teamsize|p1|4
|teamsize|p2|4
|start
|switch|p1a: Flop era|Gholdengo, L50|100/100
|switch|p1b: Animal|Arcanine-Hisui, L50, F|100/100
|switch|p2a: Farigiraf|Farigiraf, L50, M|100/100
|switch|p2b: Incineroar|Incineroar, L50, F|100/100
|-ability|p2b: Incineroar|Intimidate|boost
|-unboost|p1a: Flop era|atk|1
|-unboost|p1b: Animal|atk|1
|turn|1
|
|t:|1786108456
|move|p1b: Animal|Protect|p1b: Animal
|-singleturn|p1b: Animal|Protect
|move|p2b: Incineroar|Fake Out|p1b: Animal
|-activate|p1b: Animal|move: Protect
|move|p1a: Flop era|Trick|p2a: Farigiraf
|-activate|p1a: Flop era|move: Trick|[of] p2a: Farigiraf
|-item|p2a: Farigiraf|Choice Scarf|[from] move: Trick
|-item|p1a: Flop era|Colbur Berry|[from] move: Trick
|move|p2a: Farigiraf|Trick Room|p2a: Farigiraf
|-fieldstart|move: Trick Room|[of] p2a: Farigiraf
|
|upkeep
|turn|2
|
|t:|1786108491
|switch|p2a: Tyranitar|Tyranitar, L50, F|100/100
|-weather|Sandstorm|[from] ability: Sand Stream|[of] p2a: Tyranitar
|switch|p1a: Rollin girl|Dragonite, L50, F, shiny|100/100
|move|p2b: Incineroar|Close Combat|p1b: Animal
|-supereffective|p1b: Animal|1
|-enditem|p1b: Animal|Focus Sash
|-damage|p1b: Animal|1/100
|-unboost|p2b: Incineroar|def|1
|-unboost|p2b: Incineroar|spd|1
|-enditem|p2b: Incineroar|White Herb
|-clearnegativeboost|p2b: Incineroar|[silent]
|move|p1b: Animal|Head Smash|p2a: Tyranitar
|-damage|p2a: Tyranitar|57/100
|
|-weather|Sandstorm|[upkeep]
|-damage|p2b: Incineroar|94/100|[from] Sandstorm
|-damage|p1a: Rollin girl|94/100|[from] Sandstorm
|upkeep
|turn|3
|
|t:|1786108531
|switch|p1b: Flop era|Gholdengo, L50|100/100
|move|p2b: Incineroar|Darkest Lariat|p1b: Flop era
|-supereffective|p1b: Flop era|1
|-enditem|p1b: Flop era|Colbur Berry|[eat]
|-enditem|p1b: Flop era|Colbur Berry|[weaken]
|-damage|p1b: Flop era|49/100
|move|p2a: Tyranitar|Ancient Power|p1a: Rollin girl
|-supereffective|p1a: Rollin girl|1
|-damage|p1a: Rollin girl|58/100
|move|p1a: Rollin girl|Scale Shot|p2a: Tyranitar
|-damage|p2a: Tyranitar|43/100
|-crit|p2a: Tyranitar
|-damage|p2a: Tyranitar|20/100y
|-damage|p2a: Tyranitar|6/100
|-damage|p2a: Tyranitar|0 fnt
|faint|p2a: Tyranitar
|-hitcount|p2: Tyranitar|4
|-unboost|p1a: Rollin girl|def|1
|-boost|p1a: Rollin girl|spe|1
|
|-weather|Sandstorm|[upkeep]
|-damage|p2b: Incineroar|88/100|[from] Sandstorm
|-damage|p1a: Rollin girl|52/100|[from] Sandstorm
|upkeep
|c|☆derainer|Shi
|c|☆derainer|U in the luck
|
|t:|1786108555
|switch|p2a: Camerupt|Camerupt, L50, M|100/100
|turn|4
|
|t:|1786108573
|detailschange|p2a: Camerupt|Camerupt-Mega, L50, M
|-mega|p2a: Camerupt|Camerupt|Cameruptite
|move|p1a: Rollin girl|Protect|p1a: Rollin girl
|-singleturn|p1a: Rollin girl|Protect
|move|p2a: Camerupt|Heat Wave|p1b: Flop era|[spread] p1b
|-activate|p1a: Rollin girl|move: Protect
|-supereffective|p1b: Flop era|1
|-damage|p1b: Flop era|0 fnt
|faint|p1b: Flop era
|move|p2b: Incineroar|Darkest Lariat|p1a: Rollin girl
|-activate|p1a: Rollin girl|move: Protect
|
|-weather|Sandstorm|[upkeep]
|-damage|p2b: Incineroar|82/100|[from] Sandstorm
|-damage|p1a: Rollin girl|46/100|[from] Sandstorm
|upkeep
|c|☆derainer|Raising speed in trick room
|
|t:|1786108585
|switch|p1b: Animal|Arcanine-Hisui, L50, F|1/100
|turn|5
|
|t:|1786108593
|move|p1b: Animal|Protect|p1b: Animal
|-singleturn|p1b: Animal|Protect
|move|p2a: Camerupt|Heat Wave|p1a: Rollin girl|[spread] p1a
|-activate|p1b: Animal|move: Protect
|-resisted|p1a: Rollin girl|1
|-damage|p1a: Rollin girl|18/100
|move|p2b: Incineroar|Darkest Lariat|p1a: Rollin girl
|-damage|p1a: Rollin girl|0 fnt
|faint|p1a: Rollin girl
|
|-weather|Sandstorm|[upkeep]
|-damage|p2b: Incineroar|76/100|[from] Sandstorm
|-fieldend|move: Trick Room
|upkeep
|
|t:|1786108603
|switch|p1a: Villain|Kingambit, L50, F|100/100
|turn|6
|
|t:|1786108669
|switch|p2b: Farigiraf|Farigiraf, L50, M|100/100
|move|p1b: Animal|Head Smash|p2b: Farigiraf
|-damage|p2b: Farigiraf|39/100
|move|p1a: Villain|Swords Dance|p1a: Villain
|-boost|p1a: Villain|atk|2
|move|p2a: Camerupt|Heat Wave|p1b: Animal|[spread] p1a,p1b
|-supereffective|p1a: Villain|1
|-resisted|p1b: Animal|2
|-damage|p1a: Villain|0 fnt
|-damage|p1b: Animal|0 fnt
|faint|p1a: Villain
|faint|p1b: Animal
|
|win|derainer
||hugoggg is ready for game 2.
|inactive|derainer has 30 seconds to confirm battle start!
|c|☆derainer|Bro did swords
|c|☆derainer|Gg
|inactive|derainer has 20 seconds to confirm battle start!
||derainer is ready for game 2.
|uhtml|next|Next: Game 2 of 3
|l|☆derainer
|player|p2|
