|j|鈽哛egionalModeSlow
|j|鈽唖apillo
|html|RegionalModeSlowsapillo    
|uhtml|bestof|Game 2 of a best-of-3
|t:|1756397242
|gametype|doubles
|player|p1|RegionalModeSlow|steven|1174
|player|p2|sapillo|169|1227
|gen|9
|tier|[Gen 9] VGC 2025 Reg H (Bo3)
|rated|
|rule|Species Clause: Limit one of each Pok茅mon
|rule|Item Clause: Limit 1 of each item
|clearpoke
|poke|p1|Noivern, L50, M|
|poke|p1|Weezing-Galar, L50, M|
|poke|p1|Gholdengo, L50|
|poke|p1|Garchomp, L50, F|
|poke|p1|Annihilape, L50, M|
|poke|p1|Magmar, L50, M|
|poke|p2|Tyranitar, L50, M|
|poke|p2|Garchomp, L50, M|
|poke|p2|Volcarona, L50, F|
|poke|p2|Amoonguss, L50, M|
|poke|p2|Dragonite, L50, F|
|poke|p2|Primarina, L50, F|
|teampreview|4
|showteam|p1|Noivern||CovertCloak|Telepathy|AirSlash,SuperFang,Tailwind,Taunt|||M|||50|,,,,,Steel]Weezing-Galar||ChoiceSpecs|NeutralizingGas|DazzlingGleam,SludgeBomb,StrangeSteam,Flamethrower|||M|||50|,,,,,Flying]Gholdengo||MetalCoat|GoodasGold|MakeItRain,ShadowBall,NastyPlot,Protect||||||50|,,,,,Flying]Garchomp||LifeOrb|RoughSkin|DragonClaw,Earthquake,StompingTantrum,Protect|||F|||50|,,,,,Ground]Annihilape||AssaultVest|Defiant|CloseCombat,ShadowClaw,FinalGambit,Uturn|||M|||50|,,,,,Stellar]Magmar||Eviolite|VitalSpirit|HeatWave,WillOWisp,FollowMe,Protect|||M|||50|,,,,,Ghost
|showteam|p2|Tyranitar||AssaultVest|SandStream|RockSlide,KnockOff,TeraBlast,LowKick|||M|||50|,,,,,Flying]Garchomp||ClearAmulet|RoughSkin|Earthquake,StompingTantrum,DragonClaw,Protect|||M|||50|,,,,,Ghost]Volcarona||CovertCloak|FlameBody|HeatWave,GigaDrain,QuiverDance,Protect|||F|||50|,,,,,Grass]Amoonguss||RockyHelmet|Regenerator|PollenPuff,Spore,Protect,RagePowder|||M|||50|,,,,,Water]Dragonite||LoadedDice|Multiscale|ScaleShot,Haze,Tailwind,Protect|||F|||50|,,,,,Fairy]Primarina||SafetyGoggles|LiquidVoice|Moonblast,HyperVoice,Protect,HelpingHand|||F|||50|,,,,,Poison
|inactive|Battle timer is ON: inactive players will automatically lose when time's up. (requested by RegionalModeSlow)
|
|t:|1756397274
|teamsize|p1|4
|teamsize|p2|4
|start
|switch|p1a: Ozzy|Noivern, L50, M|100/100
|switch|p1b: V盲in盲m枚inen|Annihilape, L50, M, shiny|100/100
|switch|p2a: Tyranitar|Tyranitar, L50, M|100/100
|switch|p2b: Garchomp|Garchomp, L50, M|100/100
|-weather|Sandstorm|[from] ability: Sand Stream|[of] p2a: Tyranitar
|turn|1
|inactive|sapillo has 30 seconds left.
|inactive|sapillo has 20 seconds left.
|
|t:|1756397312
|switch|p2a: Amoonguss|Amoonguss, L50, M|100/100
|move|p1a: Ozzy|Tailwind|p1a: Ozzy
|-sidestart|p1: RegionalModeSlow|move: Tailwind
|move|p1b: V盲in盲m枚inen|Final Gambit|p2a: Amoonguss
|-damage|p2a: Amoonguss|11/100
|faint|p1b: V盲in盲m枚inen
|move|p2b: Garchomp|Dragon Claw|p1a: Ozzy
|-supereffective|p1a: Ozzy
|-damage|p1a: Ozzy|0 fnt
|faint|p1a: Ozzy
|
|-weather|Sandstorm|[upkeep]
|-damage|p2a: Amoonguss|5/100|[from] Sandstorm
|upkeep
|
|t:|1756397319
|switch|p1a: Bl氓haj|Garchomp, L50, F|100/100
|switch|p1b: Purple馃挏Haze|Weezing-Galar, L50, M|100/100
|-ability|p1b: Purple馃挏Haze|Neutralizing Gas
|turn|2
|
|t:|1756397343
|-terastallize|p1b: Purple馃挏Haze|Flying
|-terastallize|p2b: Garchomp|Ghost
|move|p2a: Amoonguss|Rage Powder|p2a: Amoonguss
|-singleturn|p2a: Amoonguss|move: Rage Powder
|move|p1a: Bl氓haj|Earthquake|p2b: Garchomp|[spread] p2a,p2b
|-immune|p1b: Purple馃挏Haze
|-damage|p2a: Amoonguss|0 fnt
|-damage|p2b: Garchomp|45/100
|faint|p2a: Amoonguss
|-damage|p1a: Bl氓haj|91/100|[from] item: Life Orb
|move|p1b: Purple馃挏Haze|Dazzling Gleam|p2b: Garchomp
|-damage|p2b: Garchomp|0 fnt
|faint|p2b: Garchomp
|
|-weather|Sandstorm|[upkeep]
|-damage|p1b: Purple馃挏Haze|95/100|[from] Sandstorm
|upkeep
|
|t:|1756397358
|switch|p2b: Dragonite|Dragonite, L50, F|100/100
|switch|p2a: Tyranitar|Tyranitar, L50, M|100/100
|turn|3
|
|t:|1756397374
|move|p1a: Bl氓haj|Earthquake|p2b: Dragonite|[spread] p2a
|-immune|p1b: Purple馃挏Haze
|-immune|p2b: Dragonite
|-supereffective|p2a: Tyranitar
|-damage|p2a: Tyranitar|14/100
|-damage|p1a: Bl氓haj|81/100|[from] item: Life Orb
|move|p1b: Purple馃挏Haze|Dazzling Gleam|p2a: Tyranitar|[spread] p2a,p2b
|-supereffective|p2a: Tyranitar
|-supereffective|p2b: Dragonite
|-damage|p2a: Tyranitar|0 fnt
|-damage|p2b: Dragonite|27/100
|faint|p2a: Tyranitar
|move|p2b: Dragonite|Scale Shot|p1a: Bl氓haj
|-supereffective|p1a: Bl氓haj
|-damage|p1a: Bl氓haj|53/100
|-supereffective|p1a: Bl氓haj
|-damage|p1a: Bl氓haj|20/100
|-supereffective|p1a: Bl氓haj
|-damage|p1a: Bl氓haj|0 fnt
|faint|p1a: Bl氓haj
|-hitcount|p1: Bl氓haj|3
|-unboost|p2b: Dragonite|def|1
|-boost|p2b: Dragonite|spe|1
|
|-weather|Sandstorm|[upkeep]
|-damage|p2b: Dragonite|21/100|[from] Sandstorm
|-damage|p1b: Purple馃挏Haze|89/100|[from] Sandstorm
|upkeep
|turn|4
|
|t:|1756397382
|move|p2b: Dragonite|Protect|p2b: Dragonite
|-singleturn|p2b: Dragonite|Protect
|move|p1b: Purple馃挏Haze|Dazzling Gleam|p2b: Dragonite
|-activate|p2b: Dragonite|move: Protect
|
|-weather|Sandstorm|[upkeep]
|-damage|p2b: Dragonite|15/100|[from] Sandstorm
|-damage|p1b: Purple馃挏Haze|83/100|[from] Sandstorm
|-sideend|p1: RegionalModeSlow|move: Tailwind
|upkeep
|turn|5
|
|t:|1756397384
|move|p2b: Dragonite|Scale Shot|p1b: Purple馃挏Haze
|-damage|p1b: Purple馃挏Haze|67/100
|-crit|p1b: Purple馃挏Haze
|-damage|p1b: Purple馃挏Haze|47/100
|-damage|p1b: Purple馃挏Haze|34/100
|-damage|p1b: Purple馃挏Haze|20/100
|-hitcount|p1b: Purple馃挏Haze|4
|-unboost|p2b: Dragonite|def|1
|-boost|p2b: Dragonite|spe|1
|move|p1b: Purple馃挏Haze|Dazzling Gleam|p2b: Dragonite
|-supereffective|p2b: Dragonite
|-damage|p2b: Dragonite|0 fnt
|faint|p2b: Dragonite
|
|win|RegionalModeSlow
|raw|RegionalModeSlow's rating: 1174 → 1203(+29 for winning)
|raw|sapillo's rating: 1227 → 1198(-29 for losing)
|l|鈽唖apillo
|player|p2|
