|j|☆mkleo enjoyerr
|j|☆SitrusC
|html|mkleo enjoyerrSitrusC    
|uhtml|bestof|Game 3 of a best-of-3
|t:|1783534436
|gametype|doubles
|player|p1|mkleo enjoyerr|dawn-gen4pt|
|player|p2|SitrusC|lucas|
|gen|9
|tier|[Gen 9 Champions] VGC 2026 Reg M-B (Bo3)
|rule|Species Clause: Limit one of each Pokémon
|rule|Item Clause: Limit 1 of each item
|clearpoke
|poke|p1|Gardevoir, L50, F, shiny|
|poke|p1|Blastoise, L50, M, shiny|
|poke|p1|Sneasler, L50, M|
|poke|p1|Kingambit, L50, M, shiny|
|poke|p1|Sinistcha, L50|
|poke|p1|Incineroar, L50, M, shiny|
|poke|p2|Charizard, L50, M, shiny|
|poke|p2|Garchomp, L50, M|
|poke|p2|Kingambit, L50, F|
|poke|p2|Aerodactyl, L50, F|
|poke|p2|Sylveon, L50, M|
|poke|p2|Farigiraf, L50, F|
|teampreview|4
|showteam|p1|Gardevoir||Gardevoirite|Trace|HyperVoice,Psyshock,Protect,CalmMind|Timid||F|||50|]Blastoise||Blastoisinite|RainDish|WaterSpout,DarkPulse,ShellSmash,Protect|Modest||M|||50|]Sneasler||FocusSash|PoisonTouch|DireClaw,CloseCombat,FakeOut,QuickGuard|Jolly||M|||50|]Kingambit||BlackGlasses|Defiant|KowtowCleave,SuckerPunch,SwordsDance,Protect|Adamant||M|||50|]Sinistcha||OccaBerry|Hospitality|MatchaGotcha,Protect,TrickRoom,RagePowder|Bold|||||50|]Incineroar||SitrusBerry|Intimidate|FlareBlitz,ThroatChop,FakeOut,PartingShot|Calm||M|||50|
|showteam|p2|Charizard||CharizarditeY|Blaze|Protect,HeatWave,SolarBeam,WeatherBall|Modest||M|||50|]Garchomp||LifeOrb|RoughSkin|Protect,Earthquake,DragonClaw,StompingTantrum|Jolly||M|||50|]Kingambit||FocusSash|Defiant|LowKick,IronHead,SuckerPunch,KowtowCleave|Adamant||F|||50|]Aerodactyl||Aerodactylite|Unnerve|Tailwind,IceFang,RockSlide,WideGuard|Jolly||F|||50|]Sylveon||FairyFeather|Pixilate|Protect,HyperVoice,HyperBeam,QuickAttack|Modest||M|||50|]Farigiraf||SitrusBerry|ArmorTail|TrickRoom,TwinBeam,Thunderbolt,HelpingHand|Bold||F|||50|
|inactive|Battle timer is ON: inactive players will automatically lose when time's up. (requested by SitrusC)
|j| ThaiBel
|c|☆SitrusC|Glhf
|c|☆mkleo enjoyerr|glhf
|inactive|mkleo enjoyerr has 60 seconds left.
|inactive|SitrusC has 60 seconds left.
|inactive|mkleo enjoyerr has 30 seconds left.
|
|t:|1783534505
|teamsize|p1|4
|teamsize|p2|4
|start
|switch|p1a: Big Man|Blastoise, L50, M, shiny|100/100
|switch|p1b: Katze|Incineroar, L50, M, shiny|100/100
|switch|p2a: Farigiraf|Farigiraf, L50, F|100/100
|switch|p2b: Charizard|Charizard, L50, M, shiny|100/100
|-ability|p1b: Katze|Intimidate|boost
|-unboost|p2a: Farigiraf|atk|1
|-unboost|p2b: Charizard|atk|1
|turn|1
|inactive|mkleo enjoyerr has 30 seconds left.
|
|t:|1783534532
|switch|p2b: Kingambit|Kingambit, L50, F|100/100
|detailschange|p1a: Big Man|Blastoise-Mega, L50, M, shiny
|-mega|p1a: Big Man|Blastoise|Blastoisinite
|move|p1a: Big Man|Protect|p1a: Big Man
|-singleturn|p1a: Big Man|Protect
|move|p1b: Katze|Parting Shot|p2b: Kingambit
|-unboost|p2b: Kingambit|atk|1
|-ability|p2b: Kingambit|Defiant|boost
|-boost|p2b: Kingambit|atk|2
|-unboost|p2b: Kingambit|spa|1
|-ability|p2b: Kingambit|Defiant|boost
|-boost|p2b: Kingambit|atk|2
|
|t:|1783534538
|switch|p1b: Tee|Sinistcha, L50|100/100|[from] Parting Shot
|move|p2a: Farigiraf|Trick Room|p2a: Farigiraf
|-fieldstart|move: Trick Room|[of] p2a: Farigiraf
|
|upkeep
|turn|2
|inactive|mkleo enjoyerr has 30 seconds left.
|
|t:|1783534566
|move|p1b: Tee|Rage Powder|p1b: Tee
|-singleturn|p1b: Tee|move: Rage Powder
|move|p2a: Farigiraf|Thunderbolt|p1b: Tee
|-resisted|p1b: Tee|1
|-damage|p1b: Tee|88/100
|move|p2b: Kingambit|Kowtow Cleave|p1b: Tee
|-supereffective|p1b: Tee|1
|-damage|p1b: Tee|0 fnt
|faint|p1b: Tee
|move|p1a: Big Man|Water Spout|p2a: Farigiraf|[spread] p2a,p2b
|-damage|p2a: Farigiraf|44/100
|-damage|p2b: Kingambit|25/100
|-enditem|p2a: Farigiraf|Sitrus Berry|[eat]
|-heal|p2a: Farigiraf|69/100|[from] item: Sitrus Berry
|
|upkeep
|
|t:|1783534575
|switch|p1b: Katze|Incineroar, L50, M, shiny|100/100
|-ability|p1b: Katze|Intimidate|boost
|-unboost|p2a: Farigiraf|atk|1
|-unboost|p2b: Kingambit|atk|1
|-ability|p2b: Kingambit|Defiant|boost
|-boost|p2b: Kingambit|atk|2
|turn|3
|
|t:|1783534598
|move|p2a: Farigiraf|Helping Hand|p2b: Kingambit
|-singleturn|p2b: Kingambit|Helping Hand|[of] p2a: Farigiraf
|move|p1a: Big Man|Protect|p1a: Big Man
|-singleturn|p1a: Big Man|Protect
|move|p2b: Kingambit|Sucker Punch|p1b: Katze
|-resisted|p1b: Katze|1
|-damage|p1b: Katze|24/100
|-enditem|p1b: Katze|Sitrus Berry|[eat]
|-heal|p1b: Katze|49/100|[from] item: Sitrus Berry
|move|p1b: Katze|Flare Blitz|p2b: Kingambit
|-supereffective|p2b: Kingambit|1
|-damage|p2b: Kingambit|0 fnt
|faint|p2b: Kingambit
|-damage|p1b: Katze|41/100|[from] Recoil
|
|upkeep
|inactive|SitrusC has 30 seconds left.
|
|t:|1783534626
|switch|p2b: Charizard|Charizard, L50, M, shiny|100/100
|turn|4
|inactive|mkleo enjoyerr has 30 seconds left.
|
|t:|1783534659
|switch|p1a: Uncool|Sneasler, L50, M|100/100
|detailschange|p2b: Charizard|Charizard-Mega-Y, L50, M, shiny
|-mega|p2b: Charizard|Charizard|Charizardite Y
|-weather|SunnyDay|[from] ability: Drought|[of] p2b: Charizard
|move|p1b: Katze|Parting Shot|p2b: Charizard
|-unboost|p2b: Charizard|atk|1
|-unboost|p2b: Charizard|spa|1
|
|t:|1783534666
|switch|p1b: Big Man|Blastoise-Mega, L50, M, shiny|100/100|[from] Parting Shot
|move|p2a: Farigiraf|Thunderbolt|p1a: Uncool
|-damage|p1a: Uncool|71/100
|move|p2b: Charizard|Solar Beam||[still]
|-prepare|p2b: Charizard|Solar Beam
|-anim|p2b: Charizard|Solar Beam|p1a: Uncool
|-resisted|p1a: Uncool|1
|-damage|p1a: Uncool|52/100
|
|-weather|SunnyDay|[upkeep]
|upkeep
|turn|5
|inactive|SitrusC has 30 seconds left.
|inactive|mkleo enjoyerr has 30 seconds left.
|inactive|SitrusC has 20 seconds left.
|inactive|SitrusC has 15 seconds left.
|inactive|mkleo enjoyerr has 20 seconds left.
|inactive|SitrusC has 10 seconds left.
|inactive|SitrusC has 5 seconds left.
|
|t:|1783534716
|switch|p2b: Sylveon|Sylveon, L50, M|100/100
|switch|p1a: Katze|Incineroar, L50, M, shiny|41/100
|-ability|p1a: Katze|Intimidate|boost
|-unboost|p2a: Farigiraf|atk|1
|-unboost|p2b: Sylveon|atk|1
|move|p2a: Farigiraf|Twin Beam|p1a: Katze
|-immune|p1a: Katze
|move|p1b: Big Man|Dark Pulse|p2a: Farigiraf
|-supereffective|p2a: Farigiraf|1
|-crit|p2a: Farigiraf
|-damage|p2a: Farigiraf|0 fnt
|faint|p2a: Farigiraf
|
|-weather|SunnyDay|[upkeep]
|-fieldend|move: Trick Room
|upkeep
|
|t:|1783534732
|switch|p2a: Charizard|Charizard-Mega-Y, L50, M, shiny|100/100
|turn|6
|
|t:|1783534747
|move|p1a: Katze|Fake Out|p2a: Charizard
|-damage|p2a: Charizard|90/100
|cant|p2a: Charizard|flinch
|move|p1b: Big Man|Water Spout|p2b: Sylveon|[spread] p2a,p2b
|-supereffective|p2a: Charizard|1
|-damage|p2a: Charizard|34/100
|-damage|p2b: Sylveon|75/100
|move|p2b: Sylveon|Hyper Beam|p1b: Big Man
|-damage|p1b: Big Man|2/100
|-mustrecharge|p2b: Sylveon
|
|-weather|SunnyDay|[upkeep]
|upkeep
|turn|7
|inactive|SitrusC has 30 seconds left.
|
|t:|1783534782
|move|p2a: Charizard|Weather Ball|p1a: Katze
|-resisted|p1a: Katze|1
|-damage|p1a: Katze|7/100
|move|p1b: Big Man|Shell Smash|p1b: Big Man
|-unboost|p1b: Big Man|def|1
|-unboost|p1b: Big Man|spd|1
|-boost|p1b: Big Man|atk|2
|-boost|p1b: Big Man|spa|2
|-boost|p1b: Big Man|spe|2
|cant|p2b: Sylveon|recharge
|move|p1a: Katze|Flare Blitz|p2b: Sylveon
|-damage|p2b: Sylveon|0 fnt
|faint|p2b: Sylveon
|-damage|p1a: Katze|0 fnt|[from] Recoil
|faint|p1a: Katze
|
|-weather|SunnyDay|[upkeep]
|upkeep
|
|t:|1783534787
|switch|p1a: Uncool|Sneasler, L50, M|52/100
|turn|8
|c|☆SitrusC|Ggs wp
|c|☆mkleo enjoyerr|ggs gwp
|-message|SitrusC forfeited.
|
|win|mkleo enjoyerr
|l|☆SitrusC
|player|p2|
