|j|☆gingembre230197
|j|☆Rinirin
|html|gingembre230197Rinirin    
|uhtml|bestof|Game 2 of a best-of-3
|t:|1785508248
|gametype|doubles
|player|p1|gingembre230197|266|1189
|player|p2|Rinirin|lacey|1336
|gen|9
|tier|[Gen 9 Champions] VGC 2026 Reg M-B (Bo3)
|rated|
|rule|Species Clause: Limit one of each Pokémon
|rule|Item Clause: Limit 1 of each item
|clearpoke
|poke|p1|Charizard, L50, M, shiny|
|poke|p1|Toxapex, L50, F, shiny|
|poke|p1|Incineroar, L50, M, shiny|
|poke|p1|Whimsicott, L50, F, shiny|
|poke|p1|Basculegion, L50, M, shiny|
|poke|p1|Garchomp, L50, F, shiny|
|poke|p2|Staraptor, L50, M|
|poke|p2|Milotic, L50, F|
|poke|p2|Tyranitar, L50, M|
|poke|p2|Gholdengo, L50|
|poke|p2|Excadrill, L50, M|
|poke|p2|Sinistcha, L50|
|teampreview|4
|showteam|p1|Charizard||CharizarditeY|Blaze|Protect,SolarBeam,HeatWave,WeatherBall|Timid||M|||50|]Toxapex||Leftovers|Regenerator|Toxic,BanefulBunker,Infestation,WideGuard|Calm||F|||50|]Incineroar||SitrusBerry|Intimidate|FakeOut,DarkestLariat,PartingShot,FlareBlitz|Careful||M|||50|]Whimsicott||FocusSash|Prankster|Tailwind,Encore,Moonblast,HelpingHand|Timid||F|||50|]Basculegion||ChoiceScarf|Adaptability|AquaJet,WaveCrash,FlipTurn,LastRespects|Adamant||M|||50|]Garchomp||Garchompite|RoughSkin|DragonClaw,Earthquake,RockSlide,Protect|Jolly||F|||50|
|showteam|p2|Staraptor||Staraptite|Intimidate|BraveBird,CloseCombat,Tailwind,Protect|Jolly||M|||50|]Milotic||SitrusBerry|Competitive|Scald,IceBeam,IcyWind,Recover|Modest||F|||50|]Tyranitar||Tyranitarite|SandStream|RockSlide,KnockOff,LowKick,Protect|Adamant||M|||50|]Gholdengo||LifeOrb|GoodasGold|ShadowBall,MakeItRain,NastyPlot,Protect|Modest|||||50|]Excadrill||FocusSash|SandRush|HighHorsepower,IronHead,RockSlide,Protect|Adamant||M|||50|]Sinistcha||ColburBerry|Hospitality|MatchaGotcha,RagePowder,TrickRoom,Protect|Bold|||||50|
|
|t:|1785508282
|teamsize|p1|4
|teamsize|p2|4
|start
|switch|p1a: Toxapex|Toxapex, L50, F, shiny|100/100
|switch|p1b: big fish|Basculegion, L50, M, shiny|100/100
|switch|p2a: Milotic|Milotic, L50, F|100/100
|switch|p2b: Gholdengo|Gholdengo, L50|100/100
|turn|1
|
|t:|1785508297
|move|p1b: big fish|Last Respects|p2b: Gholdengo
|-supereffective|p2b: Gholdengo|1
|-damage|p2b: Gholdengo|28/100
|move|p2b: Gholdengo|Nasty Plot|p2b: Gholdengo
|-boost|p2b: Gholdengo|spa|2
|move|p2a: Milotic|Scald|p1b: big fish
|-resisted|p1b: big fish|1
|-damage|p1b: big fish|80/100
|move|p1a: Toxapex|Toxic|p2a: Milotic
|-status|p2a: Milotic|tox
|
|-damage|p2a: Milotic|94/100 tox|[from] psn
|upkeep
|turn|2
|
|t:|1785508313
|move|p2b: Gholdengo|Protect|p2b: Gholdengo
|-singleturn|p2b: Gholdengo|Protect
|move|p1a: Toxapex|Baneful Bunker|p1a: Toxapex
|-singleturn|p1a: Toxapex|move: Protect
|move|p1b: big fish|Last Respects|p2b: Gholdengo
|-activate|p2b: Gholdengo|move: Protect
|move|p2a: Milotic|Icy Wind|p1a: Toxapex|[spread] p1b
|-activate|p1a: Toxapex|move: Protect
|-resisted|p1b: big fish|1
|-damage|p1b: big fish|74/100
|-unboost|p1b: big fish|spe|1
|
|-damage|p2a: Milotic|82/100 tox|[from] psn
|upkeep
|turn|3
|
|t:|1785508330
|switch|p2a: Tyranitar|Tyranitar, L50, M|100/100
|-weather|Sandstorm|[from] ability: Sand Stream|[of] p2a: Tyranitar
|move|p2b: Gholdengo|Shadow Ball|p1b: big fish
|-supereffective|p1b: big fish|1
|-damage|p1b: big fish|0 fnt
|faint|p1b: big fish
|-damage|p2b: Gholdengo|18/100|[from] item: Life Orb
|move|p1a: Toxapex|Infestation|p2a: Tyranitar
|-supereffective|p2a: Tyranitar|1
|-crit|p2a: Tyranitar
|-damage|p2a: Tyranitar|93/100
|-activate|p2a: Tyranitar|move: Infestation|[of] p1a: Toxapex
|
|-weather|Sandstorm|[upkeep]
|-damage|p1a: Toxapex|94/100|[from] Sandstorm
|-heal|p1a: Toxapex|100/100|[from] item: Leftovers
|-damage|p2a: Tyranitar|81/100|[from] move: Infestation|[partiallytrapped]
|upkeep
|
|t:|1785508347
|switch|p1b: cancer|Incineroar, L50, M, shiny|100/100
|-ability|p1b: cancer|Intimidate|boost
|-unboost|p2a: Tyranitar|atk|1
|-unboost|p2b: Gholdengo|atk|1
|turn|4
|
|t:|1785508361
|move|p1a: Toxapex|Baneful Bunker|p1a: Toxapex
|-singleturn|p1a: Toxapex|move: Protect
|move|p1b: cancer|Fake Out|p2a: Tyranitar
|-resisted|p2a: Tyranitar|1
|-damage|p2a: Tyranitar|77/100
|move|p2b: Gholdengo|Shadow Ball|p1a: Toxapex
|-activate|p1a: Toxapex|move: Protect
|cant|p2a: Tyranitar|flinch
|
|-weather|Sandstorm|[upkeep]
|-damage|p1b: cancer|94/100|[from] Sandstorm
|-damage|p1a: Toxapex|94/100|[from] Sandstorm
|-heal|p1a: Toxapex|100/100|[from] item: Leftovers
|-damage|p2a: Tyranitar|64/100|[from] move: Infestation|[partiallytrapped]
|upkeep
|turn|5
|
|t:|1785508384
|move|p2b: Gholdengo|Shadow Ball|p1a: Toxapex
|-damage|p1a: Toxapex|17/100
|-unboost|p1a: Toxapex|spd|1
|-damage|p2b: Gholdengo|9/100|[from] item: Life Orb
|move|p2a: Tyranitar|Knock Off|p1a: Toxapex
|-damage|p1a: Toxapex|0 fnt
|-enditem|p1a: Toxapex|Leftovers|[from] move: Knock Off|[of] p2a: Tyranitar
|faint|p1a: Toxapex
|move|p1b: cancer|Flare Blitz|p2b: Gholdengo
|-supereffective|p2b: Gholdengo|1
|-crit|p2b: Gholdengo
|-damage|p2b: Gholdengo|0 fnt
|faint|p2b: Gholdengo
|-damage|p1b: cancer|91/100|[from] Recoil
|
|-weather|Sandstorm|[upkeep]
|-damage|p1b: cancer|85/100|[from] Sandstorm
|-end|p2a: Tyranitar|Infestation|[partiallytrapped]|[silent]
|upkeep
|
|t:|1785508401
|switch|p2b: Staraptor|Staraptor, L50, M|100/100
|switch|p1a: pitch black|Garchomp, L50, F, shiny|100/100
|-ability|p2b: Staraptor|Intimidate|boost
|-unboost|p1a: pitch black|atk|1
|-unboost|p1b: cancer|atk|1
|turn|6
|
|t:|1785508422
|detailschange|p1a: pitch black|Garchomp-Mega, L50, F, shiny
|-mega|p1a: pitch black|Garchomp|Garchompite
|detailschange|p2b: Staraptor|Staraptor-Mega, L50, M
|-mega|p2b: Staraptor|Staraptor|Staraptite
|move|p2b: Staraptor|Close Combat|p1b: cancer
|-supereffective|p1b: cancer|1
|-damage|p1b: cancer|0 fnt
|-boost|p2b: Staraptor|def|1
|-boost|p2b: Staraptor|spd|1
|faint|p1b: cancer
|move|p1a: pitch black|Rock Slide|p2a: Tyranitar|[spread] p2a,p2b
|-damage|p2a: Tyranitar|46/100
|-damage|p2b: Staraptor|85/100
|move|p2a: Tyranitar|Knock Off|p1a: pitch black
|-damage|p1a: pitch black|80/100
|
|-weather|Sandstorm|[upkeep]
|-damage|p2b: Staraptor|79/100|[from] Sandstorm
|upkeep
|turn|7
|
|t:|1785508439
|move|p2b: Staraptor|Close Combat|p1a: pitch black
|-damage|p1a: pitch black|25/100
|-boost|p2b: Staraptor|def|1
|-boost|p2b: Staraptor|spd|1
|move|p1a: pitch black|Earthquake|p2a: Tyranitar|[spread] p2a
|-immune|p2b: Staraptor
|-supereffective|p2a: Tyranitar|1
|-crit|p2a: Tyranitar
|-damage|p2a: Tyranitar|0 fnt
|faint|p2a: Tyranitar
|
|-weather|none
|upkeep
|
|t:|1785508446
|switch|p2a: Milotic|Milotic, L50, F|82/100 tox
|turn|8
|c|☆gingembre230197|gg
|-message|gingembre230197 forfeited.
|raw|gingembre230197's rating: 1189 → 1174(-15 for losing)
|raw|Rinirin's rating: 1336 → 1348(+12 for winning)
|
|win|Rinirin
|l|☆gingembre230197
|player|p1|
