|j|☆TrashTest6116
|j|☆TobiYume
|html|TrashTest6116TobiYume    
|uhtml|bestof|Game 1 of a best-of-3
|t:|1784565149
|gametype|doubles
|player|p1|TrashTest6116|colress|1182
|player|p2|TobiYume|cheren-gen5bw2|1179
|gen|9
|tier|[Gen 9 Champions] VGC 2026 Reg M-B (Bo3)
|rated|
|rule|Species Clause: Limit one of each Pokémon
|rule|Item Clause: Limit 1 of each item
|clearpoke
|poke|p1|Garchomp, L50, M|
|poke|p1|Venusaur, L50, F|
|poke|p1|Incineroar, L50, F|
|poke|p1|Charizard, L50, M|
|poke|p1|Toxapex, L50, F|
|poke|p1|Annihilape, L50, F|
|poke|p2|Tyranitar, L50, M|
|poke|p2|Excadrill, L50, M|
|poke|p2|Gholdengo, L50|
|poke|p2|Sinistcha, L50|
|poke|p2|Staraptor, L50, M|
|poke|p2|Sylveon, L50, F|
|teampreview|4
|showteam|p1|Garchomp||ChoiceScarf|RoughSkin|Earthquake,RockSlide,DragonClaw,StompingTantrum|Adamant||M|||50|]Venusaur||LifeOrb|Chlorophyll|SludgeBomb,SolarBeam,EarthPower,Protect|Modest||F|||50|]Incineroar||SitrusBerry|Intimidate|FakeOut,FlareBlitz,ThroatChop,PartingShot|Impish||F|||50|]Charizard||CharizarditeY|Blaze|HeatWave,WeatherBall,Protect,HelpingHand|Modest||M|||50|]Toxapex||Leftovers|Regenerator|Infestation,Toxic,WideGuard,BanefulBunker|Impish||F|||50|]Annihilape||FocusSash|Defiant|CloseCombat,PhantomForce,RockTomb,Protect|Jolly||F|||50|
|showteam|p2|Tyranitar||Tyranitarite|SandStream|RockSlide,KnockOff,LowKick,Protect|Jolly||M|||50|]Excadrill||FocusSash|SandRush|IronHead,HighHorsepower,RockSlide,Protect|Adamant||M|||50|]Gholdengo||LifeOrb|GoodasGold|ShadowBall,MakeItRain,NastyPlot,Protect|Modest|||||50|]Sinistcha||ColburBerry|Hospitality|MatchaGotcha,RagePowder,TrickRoom,Protect|Bold|||||50|]Staraptor||Staraptite|Intimidate|BraveBird,CloseCombat,Tailwind,Protect|Jolly||M|||50|]Sylveon||FairyFeather|Pixilate|HyperVoice,HyperBeam,QuickAttack,Protect|Modest||F|||50|
|
|t:|1784565198
|teamsize|p1|4
|teamsize|p2|4
|start
|switch|p1a: Venusaur|Venusaur, L50, F|100/100
|switch|p1b: Charizard|Charizard, L50, M|100/100
|switch|p2a: Staraptor|Staraptor, L50, M|100/100
|switch|p2b: Sylveon|Sylveon, L50, F|100/100
|-ability|p2a: Staraptor|Intimidate|boost
|-unboost|p1a: Venusaur|atk|1
|-unboost|p1b: Charizard|atk|1
|turn|1
|inactive|Battle timer is ON: inactive players will automatically lose when time's up. (requested by TobiYume)
|c|☆TrashTest6116|oh hi
|inactive|TobiYume has 60 seconds left.
|
|t:|1784565230
|detailschange|p1b: Charizard|Charizard-Mega-Y, L50, M
|-mega|p1b: Charizard|Charizard|Charizardite Y
|-weather|SunnyDay|[from] ability: Drought|[of] p1b: Charizard
|move|p2b: Sylveon|Protect|p2b: Sylveon
|-singleturn|p2b: Sylveon|Protect
|move|p1a: Venusaur|Sludge Bomb|p2b: Sylveon
|-activate|p2b: Sylveon|move: Protect
|move|p2a: Staraptor|Tailwind|p2a: Staraptor
|-sidestart|p2: TobiYume|move: Tailwind
|move|p1b: Charizard|Heat Wave|p2a: Staraptor|[spread] p2a
|-activate|p2b: Sylveon|move: Protect
|-damage|p2a: Staraptor|20/100y
|
|-weather|SunnyDay|[upkeep]
|upkeep
|turn|2
|inactive|TrashTest6116 has 30 seconds left.
|
|t:|1784565256
|switch|p1a: Incineroar|Incineroar, L50, F|100/100
|-ability|p1a: Incineroar|Intimidate|boost
|-unboost|p2a: Staraptor|atk|1
|-unboost|p2b: Sylveon|atk|1
|switch|p2b: Tyranitar|Tyranitar, L50, M|100/100
|-weather|Sandstorm|[from] ability: Sand Stream|[of] p2b: Tyranitar
|move|p1b: Charizard|Protect|p1b: Charizard
|-singleturn|p1b: Charizard|Protect
|move|p2a: Staraptor|Brave Bird|p1a: Incineroar
|-damage|p1a: Incineroar|77/100
|-damage|p2a: Staraptor|12/100|[from] Recoil
|
|-weather|Sandstorm|[upkeep]
|-damage|p2a: Staraptor|6/100|[from] Sandstorm
|-damage|p1b: Charizard|94/100|[from] Sandstorm
|-damage|p1a: Incineroar|71/100|[from] Sandstorm
|upkeep
|turn|3
|inactive|TobiYume has 30 seconds left.
|inactive|TobiYume has 20 seconds left.
|
|t:|1784565295
|switch|p2a: Sylveon|Sylveon, L50, F|100/100
|switch|p1b: Annihilape|Annihilape, L50, F|100/100
|move|p2b: Tyranitar|Protect|p2b: Tyranitar
|-singleturn|p2b: Tyranitar|Protect
|move|p1a: Incineroar|Fake Out|p2b: Tyranitar
|-activate|p2b: Tyranitar|move: Protect
|
|-weather|Sandstorm|[upkeep]
|-damage|p2a: Sylveon|93/100|[from] Sandstorm
|-damage|p1b: Annihilape|94/100|[from] Sandstorm
|-damage|p1a: Incineroar|65/100|[from] Sandstorm
|upkeep
|turn|4
|
|t:|1784565315
|move|p1b: Annihilape|Protect|p1b: Annihilape
|-singleturn|p1b: Annihilape|Protect
|move|p2b: Tyranitar|Rock Slide|p1a: Incineroar|[spread] p1a
|-activate|p1b: Annihilape|move: Protect
|-supereffective|p1a: Incineroar|1
|-damage|p1a: Incineroar|24/100
|-enditem|p1a: Incineroar|Sitrus Berry|[eat]
|-heal|p1a: Incineroar|49/100|[from] item: Sitrus Berry
|move|p2a: Sylveon|Hyper Voice|p1a: Incineroar|[spread] p1a
|-activate|p1b: Annihilape|move: Protect
|-damage|p1a: Incineroar|5/100
|cant|p1a: Incineroar|flinch
|
|-weather|Sandstorm|[upkeep]
|-damage|p2a: Sylveon|87/100|[from] Sandstorm
|-damage|p1b: Annihilape|88/100|[from] Sandstorm
|-damage|p1a: Incineroar|0 fnt|[from] Sandstorm
|faint|p1a: Incineroar
|-sideend|p2: TobiYume|move: Tailwind
|upkeep
|
|t:|1784565317
|switch|p1a: Venusaur|Venusaur, L50, F|100/100
|turn|5
|inactive|TobiYume has 30 seconds left.
|
|t:|1784565348
|switch|p2a: Excadrill|Excadrill, L50, M|100/100
|move|p2b: Tyranitar|Protect|p2b: Tyranitar
|-singleturn|p2b: Tyranitar|Protect
|move|p1b: Annihilape|Close Combat|p2a: Excadrill
|-supereffective|p2a: Excadrill|1
|-crit|p2a: Excadrill
|-enditem|p2a: Excadrill|Focus Sash
|-damage|p2a: Excadrill|1/100
|-unboost|p1b: Annihilape|def|1
|-unboost|p1b: Annihilape|spd|1
|move|p1a: Venusaur|Sludge Bomb|p2a: Excadrill
|-immune|p2a: Excadrill
|
|-weather|Sandstorm|[upkeep]
|-damage|p1b: Annihilape|82/100|[from] Sandstorm
|-damage|p1a: Venusaur|94/100|[from] Sandstorm
|upkeep
|turn|6
|inactive|TobiYume has 30 seconds left.
|
|t:|1784565373
|switch|p2b: Staraptor|Staraptor, L50, M|6/100
|-ability|p2b: Staraptor|Intimidate|boost
|-unboost|p1a: Venusaur|atk|1
|-unboost|p1b: Annihilape|atk|1
|-ability|p1b: Annihilape|Defiant|boost
|-boost|p1b: Annihilape|atk|2
|move|p1b: Annihilape|Protect|p1b: Annihilape
|-singleturn|p1b: Annihilape|Protect
|move|p1a: Venusaur|Protect|p1a: Venusaur
|-singleturn|p1a: Venusaur|Protect
|move|p2a: Excadrill|High Horsepower|p1a: Venusaur
|-activate|p1a: Venusaur|move: Protect
|
|-weather|none
|upkeep
|turn|7
|
|t:|1784565386
|switch|p1b: Charizard|Charizard-Mega-Y, L50, M|94/100
|-weather|SunnyDay|[from] ability: Drought|[of] p1b: Charizard
|move|p1a: Venusaur|Sludge Bomb|p2b: Staraptor
|-damage|p2b: Staraptor|0 fnt
|faint|p2b: Staraptor
|-damage|p1a: Venusaur|84/100|[from] item: Life Orb
|move|p2a: Excadrill|High Horsepower|p1b: Charizard
|-immune|p1b: Charizard
|
|-weather|SunnyDay|[upkeep]
|upkeep
|
|t:|1784565392
|switch|p2b: Tyranitar|Tyranitar, L50, M|100/100
|-weather|Sandstorm|[from] ability: Sand Stream|[of] p2b: Tyranitar
|turn|8
|
|t:|1784565403
|move|p2a: Excadrill|Iron Head|p1a: Venusaur
|-damage|p1a: Venusaur|24/100
|move|p1b: Charizard|Heat Wave|p2b: Tyranitar|[spread] p2a
|-miss|p1b: Charizard|p2b: Tyranitar
|-supereffective|p2a: Excadrill|1
|-damage|p2a: Excadrill|0 fnt
|faint|p2a: Excadrill
|move|p1a: Venusaur|Earth Power|p2b: Tyranitar
|-supereffective|p2b: Tyranitar|1
|-damage|p2b: Tyranitar|55/100
|-damage|p1a: Venusaur|15/100|[from] item: Life Orb
|move|p2b: Tyranitar|Rock Slide|p1b: Charizard|[spread] p1a,p1b
|-supereffective|p1b: Charizard|2
|-damage|p1a: Venusaur|0 fnt
|-damage|p1b: Charizard|0 fnt
|faint|p1a: Venusaur
|faint|p1b: Charizard
|
|-weather|Sandstorm|[upkeep]
|upkeep
|-message|TrashTest6116 forfeited.
|
|win|TobiYume
