|j|☆Twiz94
|j|☆LightGrayGarbodor
|html|Twiz94LightGrayGarbodor    
|uhtml|bestof|Game 3 of a best-of-3
|t:|1756774721
|gametype|doubles
|player|p1|Twiz94|169|1168
|player|p2|LightGrayGarbodor|giovanni|1000
|gen|9
|tier|[Gen 9] VGC 2025 Reg H (Bo3)
|rated|
|rule|Species Clause: Limit one of each Pokémon
|rule|Item Clause: Limit 1 of each item
|clearpoke
|poke|p1|Typhlosion-Hisui, L50, M|
|poke|p1|Garchomp, L50, M|
|poke|p1|Indeedee, L50, M|
|poke|p1|Torkoal, L50, F|
|poke|p1|Sneasler, L50, M|
|poke|p1|Jumpluff, L50, F|
|poke|p2|Sneasler, L50, F|
|poke|p2|Dragonite, L50, M|
|poke|p2|Incineroar, L50, M|
|poke|p2|Ursaluna-Bloodmoon, L50, M|
|poke|p2|Gholdengo, L50|
|poke|p2|Amoonguss, L50, M|
|teampreview|4
|showteam|p1|Typhlosion-Hisui||ChoiceScarf|Blaze|Eruption,HeatWave,Overheat,ShadowBall|||M|||50|,,,,,Fire]Garchomp||LifeOrb|RoughSkin|Protect,ScaleShot,StompingTantrum,Earthquake|||M|||50|,,,,,Fairy]Indeedee||FocusSash|PsychicSurge|Protect,TeraBlast,ExpandingForce,TrickRoom|||M|||50|,,,,,Fighting]Torkoal||EjectPack|Drought|Protect,HelpingHand,Overheat,Eruption|||F|||50|,,,,,Fire]Sneasler||AirBalloon|Unburden|FakeOut,DireClaw,CloseCombat,Coaching|||M|||50|,,,,,Stellar]Jumpluff||CovertCloak|Chlorophyll|SleepPowder,Tailwind,RagePowder,Encore|||F|||50|,,,,,Water
|showteam|p2|Sneasler||FocusSash|Unburden|DireClaw,CloseCombat,FakeOut,Protect|||F|||50|,,,,,Fairy]Dragonite||LoadedDice|InnerFocus|Haze,ScaleShot,Tailwind,ExtremeSpeed|||M|||50|,,,,,Fairy]Incineroar||SafetyGoggles|Intimidate|FakeOut,FlareBlitz,KnockOff,PartingShot|||M|||50|,,,,,Grass]Ursaluna-Bloodmoon||AssaultVest|MindsEye|BloodMoon,EarthPower,HyperVoice,Snarl|||M|||50|,,,,,Water]Gholdengo||GrassySeed|GoodasGold|MakeItRain,ShadowBall,NastyPlot,Protect||||||50|,,,,,Dragon]Amoonguss||RoomService|Regenerator|Spore,RagePowder,PollenPuff,Protect|||M|||50|,,,,,Water
|inactive|Battle timer is ON: inactive players will automatically lose when time's up. (requested by LightGrayGarbodor)
|
|t:|1756774730
|teamsize|p1|4
|teamsize|p2|4
|start
|switch|p1a: Jumpluff|Jumpluff, L50, F, shiny|100/100
|switch|p1b: Garchomp|Garchomp, L50, M, shiny|100/100
|switch|p2a: Free|Dragonite, L50, M|100/100
|switch|p2b: Your Idol|Incineroar, L50, M|100/100
|-ability|p2b: Your Idol|Intimidate|boost
|-unboost|p1a: Jumpluff|atk|1
|-unboost|p1b: Garchomp|atk|1
|turn|1
|inactive|Twiz94 has 30 seconds left.
|
|t:|1756774760
|switch|p1b: Sneasler|Sneasler, L50, M, shiny|100/100
|-item|p1b: Sneasler|Air Balloon
|move|p2b: Your Idol|Fake Out|p1b: Sneasler
|-damage|p1b: Sneasler|79/100
|-enditem|p1b: Sneasler|Air Balloon
|move|p1a: Jumpluff|Tailwind|p1a: Jumpluff
|-sidestart|p1: Twiz94|move: Tailwind
|move|p2a: Free|Tailwind|p2a: Free
|-sidestart|p2: LightGrayGarbodor|move: Tailwind
|
|upkeep
|turn|2
|inactive|Twiz94 has 30 seconds left.
|
|t:|1756774787
|switch|p2b: Takedown|Sneasler, L50, F|100/100
|-terastallize|p1b: Sneasler|Stellar
|move|p1b: Sneasler|Close Combat|p2b: Takedown
|-resisted|p2b: Takedown
|-damage|p2b: Takedown|32/100
|-unboost|p1b: Sneasler|def|1
|-unboost|p1b: Sneasler|spd|1
|move|p1a: Jumpluff|Encore|p2a: Free
|-start|p2a: Free|Encore
|move|p2a: Free|Tailwind||[still]
|-fail|p2a: Free
|
|upkeep
|turn|3
|inactive|Twiz94 has 30 seconds left.
|inactive|Twiz94 has 20 seconds left.
|
|t:|1756774825
|switch|p1a: Garchomp|Garchomp, L50, M, shiny|100/100
|switch|p2a: Your Idol|Incineroar, L50, M|100/100
|-ability|p2a: Your Idol|Intimidate|boost
|-unboost|p1a: Garchomp|atk|1
|-unboost|p1b: Sneasler|atk|1
|move|p2b: Takedown|Protect|p2b: Takedown
|-singleturn|p2b: Takedown|Protect
|move|p1b: Sneasler|Close Combat|p2b: Takedown
|-activate|p2b: Takedown|move: Protect
|
|upkeep
|turn|4
|inactive|Twiz94 has 30 seconds left.
|inactive|LightGrayGarbodor has 30 seconds left.
|inactive|Twiz94 has 20 seconds left.
|
|t:|1756774861
|switch|p1b: Jumpluff|Jumpluff, L50, F, shiny|100/100
|move|p2a: Your Idol|Fake Out|p1a: Garchomp
|-damage|p1a: Garchomp|89/100
|-damage|p2a: Your Idol|88/100|[from] ability: Rough Skin|[of] p1a: Garchomp
|move|p2b: Takedown|Close Combat|p1b: Jumpluff
|-resisted|p1b: Jumpluff
|-damage|p1b: Jumpluff|64/100
|-unboost|p2b: Takedown|def|1
|-unboost|p2b: Takedown|spd|1
|cant|p1a: Garchomp|flinch
|
|-sideend|p1: Twiz94|move: Tailwind
|-sideend|p2: LightGrayGarbodor|move: Tailwind
|upkeep
|turn|5
|inactive|Twiz94 has 30 seconds left.
|
|t:|1756774892
|switch|p2a: Free|Dragonite, L50, M|100/100
|move|p2b: Takedown|Dire Claw|p1b: Jumpluff
|-supereffective|p1b: Jumpluff
|-damage|p1b: Jumpluff|0 fnt
|faint|p1b: Jumpluff
|move|p1a: Garchomp|Scale Shot|p2b: Takedown|[miss]
|-miss|p1a: Garchomp|p2b: Takedown
|
|upkeep
|
|t:|1756774910
|switch|p1b: Sneasler|Sneasler, L50, M, shiny, tera:Stellar|79/100
|turn|6
|inactive|Twiz94 has 30 seconds left.
|inactive|LightGrayGarbodor has 30 seconds left.
|
|t:|1756774944
|-terastallize|p2a: Free|Fairy
|move|p1b: Sneasler|Coaching|p1a: Garchomp
|-boost|p1a: Garchomp|atk|1
|-boost|p1a: Garchomp|def|1
|move|p2b: Takedown|Dire Claw|p1b: Sneasler
|-resisted|p1b: Sneasler
|-damage|p1b: Sneasler|46/100
|-status|p1b: Sneasler|slp
|move|p1a: Garchomp|Scale Shot|p2b: Takedown
|-damage|p2b: Takedown|0 fnt
|faint|p2b: Takedown
|-hitcount|p2: Takedown|1
|-unboost|p1a: Garchomp|def|1
|-boost|p1a: Garchomp|spe|1
|-damage|p1a: Garchomp|79/100|[from] item: Life Orb
|move|p2a: Free|Tailwind|p2a: Free
|-sidestart|p2: LightGrayGarbodor|move: Tailwind
|
|upkeep
|
|t:|1756774949
|switch|p2b: Sounds Like|Ursaluna-Bloodmoon, L50, M|100/100
|turn|7
|inactive|Twiz94 has 30 seconds left.
|
|t:|1756774981
|move|p1a: Garchomp|Protect|p1a: Garchomp
|-singleturn|p1a: Garchomp|Protect
|move|p2a: Free|Scale Shot|p1a: Garchomp
|-activate|p1a: Garchomp|move: Protect
|cant|p1b: Sneasler|slp
|move|p2b: Sounds Like|Earth Power|p1b: Sneasler
|-supereffective|p1b: Sneasler
|-damage|p1b: Sneasler|0 fnt
|faint|p1b: Sneasler
|
|upkeep
|
|t:|1756774992
|switch|p1b: Indeedee|Indeedee, L50, M, shiny|100/100
|-fieldstart|move: Psychic Terrain|[from] ability: Psychic Surge|[of] p1b: Indeedee
|turn|8
|inactive|LightGrayGarbodor has 30 seconds left.
|
|t:|1756775018
|move|p1b: Indeedee|Protect|p1b: Indeedee
|-singleturn|p1b: Indeedee|Protect
|move|p2a: Free|Scale Shot|p1a: Garchomp|[miss]
|-miss|p2a: Free|p1a: Garchomp
|move|p1a: Garchomp|Earthquake|p2b: Sounds Like|[spread] p2a,p2b
|-activate|p1b: Indeedee|move: Protect
|-damage|p2a: Free|43/100
|-damage|p2b: Sounds Like|61/100
|-damage|p1a: Garchomp|69/100|[from] item: Life Orb
|move|p2b: Sounds Like|Hyper Voice|p1b: Indeedee|[spread] p1a
|-activate|p1b: Indeedee|move: Protect
|-damage|p1a: Garchomp|36/100
|
|upkeep
|turn|9
|inactive|Twiz94 has 30 seconds left.
|inactive|Twiz94 has 20 seconds left.
|inactive|LightGrayGarbodor has 30 seconds left.
|
|t:|1756775058
|move|p1a: Garchomp|Protect|p1a: Garchomp
|-singleturn|p1a: Garchomp|Protect
|move|p1b: Indeedee|Protect||[still]
|-fail|p1b: Indeedee
|move|p2a: Free|Scale Shot|p1b: Indeedee|[miss]
|-miss|p2a: Free|p1b: Indeedee
|move|p2b: Sounds Like|Blood Moon|p1a: Garchomp
|-activate|p1a: Garchomp|move: Protect
|
|-sideend|p2: LightGrayGarbodor|move: Tailwind
|upkeep
|turn|10
|c|☆Twiz94|lol gg
|c|☆Twiz94|rip
|inactive|Twiz94 has 30 seconds left.
|
|t:|1756775086
|switch|p2b: Your Idol|Incineroar, L50, M|88/100
|-ability|p2b: Your Idol|Intimidate|boost
|-unboost|p1a: Garchomp|atk|1
|-unboost|p1b: Indeedee|atk|1
|move|p1a: Garchomp|Earthquake|p2a: Free|[spread] p1b,p2a,p2b
|-supereffective|p2b: Your Idol
|-damage|p1b: Indeedee|26/100
|-damage|p2a: Free|2/100
|-damage|p2b: Your Idol|22/100
|-damage|p1a: Garchomp|26/100|[from] item: Life Orb
|move|p1b: Indeedee|Expanding Force|p2a: Free|[spread] p2a
|-immune|p2b: Your Idol
|-damage|p2a: Free|0 fnt
|faint|p2a: Free
|
|upkeep
|
|t:|1756775093
|switch|p2a: Sounds Like|Ursaluna-Bloodmoon, L50, M|61/100
|turn|11
|inactive|Twiz94 has 30 seconds left.
|
|t:|1756775124
|move|p1b: Indeedee|Protect|p1b: Indeedee
|-singleturn|p1b: Indeedee|Protect
|move|p1a: Garchomp|Earthquake|p2a: Sounds Like|[spread] p2a,p2b
|-activate|p1b: Indeedee|move: Protect
|-supereffective|p2b: Your Idol
|-damage|p2a: Sounds Like|34/100
|-damage|p2b: Your Idol|0 fnt
|faint|p2b: Your Idol
|-damage|p1a: Garchomp|16/100|[from] item: Life Orb
|move|p2a: Sounds Like|Hyper Voice|p1b: Indeedee|[spread] p1a
|-activate|p1b: Indeedee|move: Protect
|-damage|p1a: Garchomp|0 fnt
|faint|p1a: Garchomp
|
|upkeep
|turn|12
|
|t:|1756775139
|move|p1b: Indeedee|Expanding Force|p2a: Sounds Like
|-damage|p2a: Sounds Like|0 fnt
|faint|p2a: Sounds Like
|
|win|Twiz94
|raw|Twiz94's rating: 1168 → 1182(+14 for winning)
|raw|LightGrayGarbodor's rating: 1000 → 1000(+0 for losing)
