|j|☆SP-9733
|j|☆lettitripppp
|html|SP-9733lettitripppp    
|uhtml|bestof|Game 2 of a best-of-3
|t:|1783911516
|gametype|doubles
|player|p1|SP-9733|n|1166
|player|p2|lettitripppp|lucas|1300
|gen|9
|tier|[Gen 9 Champions] VGC 2026 Reg M-B (Bo3)
|rated|
|rule|Species Clause: Limit one of each Pokémon
|rule|Item Clause: Limit 1 of each item
|clearpoke
|poke|p1|Swampert, L50, M|
|poke|p1|Politoed, L50, F|
|poke|p1|Archaludon, L50, M|
|poke|p1|Sneasler, L50, M|
|poke|p1|Whimsicott, L50, F|
|poke|p1|Sinistcha, L50|
|poke|p2|Charizard, L50, M|
|poke|p2|Floette-Eternal, L50, F|
|poke|p2|Basculegion, L50, M|
|poke|p2|Whimsicott, L50, F, shiny|
|poke|p2|Garchomp, L50, F, shiny|
|poke|p2|Kingambit, L50, F, shiny|
|teampreview|4
|showteam|p1|Swampert||Swampertite|Torrent|WaveCrash,Earthquake,Protect,IcePunch|Adamant||M|||50|]Politoed||SitrusBerry|Drizzle|WeatherBall,IcyWind,Protect,PerishSong|Sassy||F|||50|]Archaludon||Leftovers|Stamina|ElectroShot,FlashCannon,AuraSphere,Protect|Modest||M|||50|]Sneasler||WhiteHerb|Unburden|FakeOut,DireClaw,CloseCombat,Protect|Jolly||M|||50|]Whimsicott||FocusSash|Prankster|Tailwind,Encore,WorrySeed,Moonblast|Timid||F|||50|]Sinistcha||CobaBerry|Hospitality|MatchaGotcha,Protect,TrickRoom,RagePowder|Sassy|||||50|
|showteam|p2|Charizard||CharizarditeY|Blaze|WeatherBall,SolarBeam,HeatWave,Protect|Modest||M|||50|]Floette-Eternal||Floettite|FlowerVeil|DazzlingGleam,LightofRuin,Moonblast,Protect|Modest||F|||50|]Basculegion||MysticWater|Adaptability|LastRespects,WaveCrash,AquaJet,Protect|Adamant||M|||50|]Whimsicott||FocusSash|Prankster|Moonblast,Tailwind,Encore,Protect|Timid||F|||50|]Garchomp||LifeOrb|RoughSkin|DragonClaw,Earthquake,RockSlide,Protect|Jolly||F|||50|]Kingambit||ChopleBerry|Defiant|KowtowCleave,SuckerPunch,IronHead,LowKick|Adamant||F|||50|
|inactive|Battle timer is ON: inactive players will automatically lose when time's up. (requested by lettitripppp)
|
|t:|1783911530
|teamsize|p1|4
|teamsize|p2|4
|start
|switch|p1a: Sneasler|Sneasler, L50, M|100/100
|switch|p1b: Whimsicott|Whimsicott, L50, F|100/100
|switch|p2a: GENERAL BLADUS|Kingambit, L50, F, shiny|100/100
|switch|p2b: LETS GO GO|Whimsicott, L50, F, shiny|100/100
|turn|1
|
|t:|1783911548
|move|p1b: Whimsicott|Tailwind|p1b: Whimsicott
|-sidestart|p1: SP-9733|move: Tailwind
|move|p1a: Sneasler|Dire Claw|p2b: LETS GO GO
|-supereffective|p2b: LETS GO GO|2
|-enditem|p2b: LETS GO GO|Focus Sash
|-damage|p2b: LETS GO GO|1/100
|move|p2b: LETS GO GO|Moonblast|p1b: Whimsicott
|-damage|p1b: Whimsicott|54/100
|move|p2a: GENERAL BLADUS|Iron Head|p1b: Whimsicott
|-supereffective|p1b: Whimsicott|1
|-damage|p1b: Whimsicott|0 fnt
|faint|p1b: Whimsicott
|
|upkeep
|
|t:|1783911561
|switch|p1b: Swampert|Swampert, L50, M|100/100
|turn|2
|
|t:|1783911570
|detailschange|p1b: Swampert|Swampert-Mega, L50, M
|-mega|p1b: Swampert|Swampert|Swampertite
|move|p2b: LETS GO GO|Protect|p2b: LETS GO GO
|-singleturn|p2b: LETS GO GO|Protect
|move|p1a: Sneasler|Protect|p1a: Sneasler
|-singleturn|p1a: Sneasler|Protect
|move|p1b: Swampert|Earthquake|p2a: GENERAL BLADUS|[spread] p2a
|-activate|p1a: Sneasler|move: Protect
|-activate|p2b: LETS GO GO|move: Protect
|-supereffective|p2a: GENERAL BLADUS|1
|-damage|p2a: GENERAL BLADUS|33/100
|move|p2a: GENERAL BLADUS|Iron Head|p1a: Sneasler
|-activate|p1a: Sneasler|move: Protect
|
|upkeep
|turn|3
|
|t:|1783911586
|switch|p1a: Politoed|Politoed, L50, F|100/100
|-weather|RainDance|[from] ability: Drizzle|[of] p1a: Politoed
|move|p2b: LETS GO GO|Tailwind|p2b: LETS GO GO
|-sidestart|p2: lettitripppp|move: Tailwind
|move|p2a: GENERAL BLADUS|Sucker Punch|p1b: Swampert
|-damage|p1b: Swampert|59/100
|move|p1b: Swampert|Earthquake|p2a: GENERAL BLADUS|[spread] p1a,p2a,p2b
|-supereffective|p2a: GENERAL BLADUS|1
|-resisted|p2b: LETS GO GO|1
|-damage|p1a: Politoed|60/100
|-damage|p2a: GENERAL BLADUS|0 fnt
|-damage|p2b: LETS GO GO|0 fnt
|faint|p2a: GENERAL BLADUS
|faint|p2b: LETS GO GO
|
|-weather|RainDance|[upkeep]
|upkeep
|
|t:|1783911596
|switch|p2b: GHOSTWAVE|Basculegion, L50, M|100/100
|switch|p2a: RUINOUS LIGHT|Floette-Eternal, L50, F|100/100
|turn|4
|
|t:|1783911605
|detailschange|p2a: RUINOUS LIGHT|Floette-Mega, L50, F
|-mega|p2a: RUINOUS LIGHT|Floette|Floettite
|-ability|p2a: RUINOUS LIGHT|Fairy Aura
|move|p1b: Swampert|Protect|p1b: Swampert
|-singleturn|p1b: Swampert|Protect
|move|p2a: RUINOUS LIGHT|Moonblast|p1b: Swampert
|-activate|p1b: Swampert|move: Protect
|move|p2b: GHOSTWAVE|Last Respects|p1a: Politoed
|-damage|p1a: Politoed|0 fnt
|faint|p1a: Politoed
|
|-weather|RainDance|[upkeep]
|-sideend|p1: SP-9733|move: Tailwind
|upkeep
|
|t:|1783911615
|switch|p1a: Sneasler|Sneasler, L50, M|100/100
|turn|5
|
|t:|1783911627
|move|p2a: RUINOUS LIGHT|Protect|p2a: RUINOUS LIGHT
|-singleturn|p2a: RUINOUS LIGHT|Protect
|move|p2b: GHOSTWAVE|Wave Crash|p1a: Sneasler
|-damage|p1a: Sneasler|0 fnt
|faint|p1a: Sneasler
|-damage|p2b: GHOSTWAVE|74/100|[from] Recoil
|move|p1b: Swampert|Wave Crash|p2b: GHOSTWAVE
|-resisted|p2b: GHOSTWAVE|1
|-damage|p2b: GHOSTWAVE|18/100
|-damage|p1b: Swampert|39/100|[from] Recoil
|
|-weather|RainDance|[upkeep]
|upkeep
|turn|6
|
|t:|1783911641
|move|p2b: GHOSTWAVE|Aqua Jet|p1b: Swampert
|-damage|p1b: Swampert|1/100
|move|p2a: RUINOUS LIGHT|Moonblast|p1b: Swampert
|-damage|p1b: Swampert|0 fnt
|faint|p1b: Swampert
|
|win|lettitripppp
|raw|SP-9733's rating: 1166 → 1150(-16 for losing)
|raw|lettitripppp's rating: 1300 → 1316(+16 for winning)
