|j|☆WASHINGTONGARGACHA
|j|☆HunterOnShowdown
|html|WASHINGTONGARGACHAHunterOnShowdown    
|uhtml|bestof|Game 2 of a best-of-3
|t:|1756686292
|gametype|doubles
|player|p1|WASHINGTONGARGACHA|2|1165
|player|p2|HunterOnShowdown|hilbert-masters2|1115
|gen|9
|tier|[Gen 9] VGC 2025 Reg H (Bo3)
|rated|
|rule|Species Clause: Limit one of each Pokémon
|rule|Item Clause: Limit 1 of each item
|clearpoke
|poke|p1|Gholdengo, L50|
|poke|p1|Garchomp, L50, M|
|poke|p1|Archaludon, L50, M|
|poke|p1|Murkrow, L50, F|
|poke|p1|Farigiraf, L50, M|
|poke|p1|Sneasler, L50, M|
|poke|p2|Volcarona, L50, F|
|poke|p2|Dragonite, L50, M|
|poke|p2|Sneasler, L50, M|
|poke|p2|Meowscarada, L50, M|
|poke|p2|Kingambit, L50, M|
|poke|p2|Electabuzz, L50, M|
|teampreview|4
|showteam|p1|Gholdengo||LifeOrb|GoodasGold|ShadowBall,MakeItRain,NastyPlot,Protect||||||50|,,,,,Water]Garchomp||ChoiceScarf|RoughSkin|Earthquake,Outrage,RockSlide,StompingTantrum|||M|||50|,,,,,Ground]Archaludon||PowerHerb|Sturdy|ElectroShot,FlashCannon,DracoMeteor,Protect|||M|||50|,,,,,Grass]Murkrow||Eviolite|Prankster|Tailwind,RainDance,FoulPlay,Haze|||F|||50|,,,,,Dark]Farigiraf||ThroatSpray|ArmorTail|HyperVoice,TrickRoom,Psychic,Protect|||M|||50|,,,,,Fairy]Sneasler||AirBalloon|Unburden|DireClaw,CloseCombat,Protect,ThroatChop|||M|||50|,,,,,Flying
|showteam|p2|Volcarona||Leftovers|FlameBody|FieryDance,QuiverDance,TeraBlast,Protect|||F|||50|,,,,,Dragon]Dragonite||LoadedDice|Multiscale|Haze,ScaleShot,StompingTantrum,Protect|||M|||50|,,,,,Fairy]Sneasler||WhiteHerb|Unburden|Coaching,CloseCombat,DireClaw,FakeOut|||M|||50|,,,,,Ghost]Meowscarada||FocusSash|Overgrow|KnockOff,FlowerTrick,TripleAxel,Protect|||M|||50|,,,,,Ghost]Kingambit||BlackGlasses|Defiant|SuckerPunch,KowtowCleave,SwordsDance,Protect|||M|||50|,,,,,Dark]Electabuzz||Eviolite|VitalSpirit|Taunt,Electroweb,FollowMe,Protect|||M|||50|,,,,,Ghost
|inactive|Battle timer is ON: inactive players will automatically lose when time's up. (requested by HunterOnShowdown)
|inactive|WASHINGTONGARGACHA has 60 seconds left.
|
|t:|1756686325
|teamsize|p1|4
|teamsize|p2|4
|start
|switch|p1a: Murkrow|Murkrow, L50, F|100/100
|switch|p1b: Gholdengo|Gholdengo, L50|100/100
|switch|p2a: Dragonite|Dragonite, L50, M|100/100
|switch|p2b: Sneasler|Sneasler, L50, M|100/100
|turn|1
|
|t:|1756686350
|move|p1a: Murkrow|Tailwind|p1a: Murkrow
|-sidestart|p1: WASHINGTONGARGACHA|move: Tailwind
|move|p1b: Gholdengo|Nasty Plot|p1b: Gholdengo
|-boost|p1b: Gholdengo|spa|2
|move|p2b: Sneasler|Coaching|p2a: Dragonite
|-boost|p2a: Dragonite|atk|1
|-boost|p2a: Dragonite|def|1
|move|p2a: Dragonite|Scale Shot|p1a: Murkrow
|-damage|p1a: Murkrow|73/100
|-damage|p1a: Murkrow|44/100
|-damage|p1a: Murkrow|15/100
|-damage|p1a: Murkrow|0 fnt
|faint|p1a: Murkrow
|-hitcount|p1: Murkrow|4
|-unboost|p2a: Dragonite|def|1
|-boost|p2a: Dragonite|spe|1
|
|upkeep
|
|t:|1756686370
|switch|p1a: Garchomp|Garchomp, L50, M|100/100
|turn|2
|
|t:|1756686383
|switch|p2b: Volcarona|Volcarona, L50, F|100/100
|move|p2a: Dragonite|Protect|p2a: Dragonite
|-singleturn|p2a: Dragonite|Protect
|move|p1a: Garchomp|Rock Slide|p2b: Volcarona|[spread] p2b
|-activate|p2a: Dragonite|move: Protect
|-supereffective|p2b: Volcarona
|-damage|p2b: Volcarona|16/100
|move|p1b: Gholdengo|Make It Rain|p2a: Dragonite|[spread] p2b
|-activate|p2a: Dragonite|move: Protect
|-resisted|p2b: Volcarona
|-damage|p2b: Volcarona|0 fnt
|-unboost|p1b: Gholdengo|spa|1
|faint|p2b: Volcarona
|-damage|p1b: Gholdengo|91/100|[from] item: Life Orb
|
|upkeep
|
|t:|1756686387
|switch|p2b: Sneasler|Sneasler, L50, M|100/100
|turn|3
|
|t:|1756686410
|switch|p1a: Sneasler|Sneasler, L50, M|100/100
|-item|p1a: Sneasler|Air Balloon
|move|p2b: Sneasler|Fake Out|p1a: Sneasler
|-damage|p1a: Sneasler|73/100
|-enditem|p1a: Sneasler|Air Balloon
|move|p1b: Gholdengo|Make It Rain|p2b: Sneasler|[spread] p2a,p2b
|-damage|p2a: Dragonite|51/100
|-damage|p2b: Sneasler|0 fnt
|-unboost|p1b: Gholdengo|spa|1
|faint|p2b: Sneasler
|-damage|p1b: Gholdengo|81/100|[from] item: Life Orb
|move|p2a: Dragonite|Scale Shot|p1a: Sneasler
|-damage|p1a: Sneasler|37/100
|-damage|p1a: Sneasler|1/100
|-damage|p1a: Sneasler|0 fnt
|faint|p1a: Sneasler
|-hitcount|p1: Sneasler|3
|-unboost|p2a: Dragonite|def|1
|-boost|p2a: Dragonite|spe|1
|
|upkeep
|
|t:|1756686431
|switch|p2b: Meowscarada|Meowscarada, L50, M|100/100
|switch|p1a: Garchomp|Garchomp, L50, M|100/100
|turn|4
|
|t:|1756686443
|move|p2a: Dragonite|Protect|p2a: Dragonite
|-singleturn|p2a: Dragonite|Protect
|move|p2b: Meowscarada|Protect|p2b: Meowscarada
|-singleturn|p2b: Meowscarada|Protect
|move|p1a: Garchomp|Outrage|p2b: Meowscarada
|-activate|p2b: Meowscarada|move: Protect
|move|p1b: Gholdengo|Make It Rain|p2b: Meowscarada|[spread] 
|-activate|p2a: Dragonite|move: Protect
|-activate|p2b: Meowscarada|move: Protect
|
|-sideend|p1: WASHINGTONGARGACHA|move: Tailwind
|upkeep
|turn|5
|
|t:|1756686456
|-terastallize|p1b: Gholdengo|Water
|move|p2a: Dragonite|Scale Shot|p1a: Garchomp
|-supereffective|p1a: Garchomp
|-damage|p1a: Garchomp|55/100
|-supereffective|p1a: Garchomp
|-damage|p1a: Garchomp|8/100
|-supereffective|p1a: Garchomp
|-damage|p1a: Garchomp|0 fnt
|faint|p1a: Garchomp
|-hitcount|p1: Garchomp|3
|-unboost|p2a: Dragonite|def|1
|-boost|p2a: Dragonite|spe|1
|move|p2b: Meowscarada|Knock Off|p1b: Gholdengo
|-damage|p1b: Gholdengo|33/100
|-enditem|p1b: Gholdengo|Life Orb|[from] move: Knock Off|[of] p2b: Meowscarada
|move|p1b: Gholdengo|Make It Rain|p2a: Dragonite|[spread] p2a,p2b
|-damage|p2a: Dragonite|1/100
|-damage|p2b: Meowscarada|25/100
|-unboost|p1b: Gholdengo|spa|1
|
|upkeep
|turn|6
|
|t:|1756686475
|move|p2a: Dragonite|Scale Shot|p1b: Gholdengo
|-damage|p1b: Gholdengo|9/100
|-damage|p1b: Gholdengo|0 fnt
|faint|p1b: Gholdengo
|-hitcount|p1: Gholdengo|2
|
|win|HunterOnShowdown
|raw|WASHINGTONGARGACHA's rating: 1165 → 1136(-29 for losing)
|raw|HunterOnShowdown's rating: 1115 → 1144(+29 for winning)
