|j|☆Joey Snowball
|j|☆PrinceFrerin
|html|Joey SnowballPrinceFrerin    
|uhtml|bestof|Game 2 of a best-of-3
|t:|1783789109
|gametype|doubles
|player|p1|Joey Snowball|266|
|player|p2|PrinceFrerin|266|
|gen|9
|tier|[Gen 9 Champions] VGC 2026 Reg M-B (Bo3)
|rule|Species Clause: Limit one of each Pokémon
|rule|Item Clause: Limit 1 of each item
|clearpoke
|poke|p1|Basculegion-F, L50, F|
|poke|p1|Sinistcha, L50|
|poke|p1|Wyrdeer, L50, M|
|poke|p1|Gyarados, L50, F|
|poke|p1|Blaziken, L50, M|
|poke|p1|Lycanroc-Dusk, L50, F|
|poke|p2|Sneasler, L50, M|
|poke|p2|Tauros-Paldea-Aqua, L50, M|
|poke|p2|Slowbro, L50, M|
|poke|p2|Gardevoir, L50, F|
|poke|p2|Metagross, L50|
|poke|p2|Kleavor, L50, F|
|teampreview|4
|showteam|p1|Basculegion-F||ChoiceScarf|Adaptability|ShadowBall,MuddyWater,Surf,Blizzard|Mild||F|||50|]Sinistcha||QuickClaw|Hospitality|MatchaGotcha,NastyPlot,TrickRoom,ShadowBall|Modest|||||50|]Wyrdeer||SilkScarf|Frisk|PsyshieldBash,GigaImpact,Thrash,ThroatChop|Adamant||M|||50|]Gyarados||Gyaradosite|Intimidate|Waterfall,StoneEdge,Protect,PowerWhip|Relaxed||F|||50|]Blaziken||Blazikenite|Blaze|CloseCombat,FlareBlitz,KnockOff,Protect|Adamant||M|||50|]Lycanroc-Dusk||FocusSash|ToughClaws|RockSlide,Protect,LastResort,SuckerPunch|Adamant||F|||50|
|showteam|p2|Sneasler||FocusSash|Unburden|RockSlide,RockTomb,FakeOut,DireClaw|Adamant||M|||50|]Tauros-Paldea-Aqua||LifeOrb|Intimidate|AquaJet,CloseCombat,HighHorsepower,RagingBull|Naughty||M|||50|]Slowbro||SitrusBerry|Regenerator|Scald,IceBeam,NastyPlot,FoulPlay|Modest||M|||50|]Gardevoir||Gardevoirite|Trace|HyperVoice,Protect,CalmMind,Psychic|Quiet||F|||50|]Metagross||Metagrossite|ClearBody|MeteorMash,Protect,ShadowClaw,ThunderPunch|Adamant|||||50|]Kleavor||ChoiceScarf|SheerForce|StoneAxe,NightSlash,BrickBreak,DoubleHit|Adamant||F|||50|
|j| prophetcassandra
|
|t:|1783789153
|teamsize|p1|4
|teamsize|p2|4
|start
|switch|p1a: matcha at home|Sinistcha, L50|100/100
|switch|p1b: mega moxie|Gyarados, L50, F|100/100
|switch|p2a: Reecoome|Sneasler, L50, M|100/100
|switch|p2b: Jeice|Tauros-Paldea-Aqua, L50, M|100/100
|-ability|p2b: Jeice|Intimidate|boost
|-unboost|p1a: matcha at home|atk|1
|-unboost|p1b: mega moxie|atk|1
|-ability|p1b: mega moxie|Intimidate|boost
|-unboost|p2a: Reecoome|atk|1
|-unboost|p2b: Jeice|atk|1
|turn|1
|inactive|Battle timer is ON: inactive players will automatically lose when time's up. (requested by Joey Snowball)
|inactive|Joey Snowball has 60 seconds left.
|inactive|PrinceFrerin has 60 seconds left.
|
|t:|1783789195
|switch|p2b: Captain Ginyu|Metagross, L50|100/100
|move|p2a: Reecoome|Dire Claw|p1a: matcha at home
|-damage|p1a: matcha at home|62/100
|move|p1a: matcha at home|Matcha Gotcha|p2b: Captain Ginyu|[spread] p2a,p2b
|-resisted|p2a: Reecoome|1
|-resisted|p2b: Captain Ginyu|1
|-damage|p2a: Reecoome|82/100
|-heal|p1a: matcha at home|73/100|[from] drain|[of] p2a: Reecoome
|-damage|p2b: Captain Ginyu|81/100
|-heal|p1a: matcha at home|84/100|[from] drain|[of] p2b: Captain Ginyu
|move|p1b: mega moxie|Power Whip|p2b: Captain Ginyu
|-resisted|p2b: Captain Ginyu|1
|-damage|p2b: Captain Ginyu|70/100
|
|upkeep
|turn|2
|inactive|Joey Snowball has 30 seconds left.
|inactive|PrinceFrerin has 30 seconds left.
|inactive|Joey Snowball has 20 seconds left.
|inactive|Joey Snowball has 15 seconds left.
|
|t:|1783789237
|move|p1b: mega moxie|Protect|p1b: mega moxie
|-singleturn|p1b: mega moxie|Protect
|move|p2a: Reecoome|Rock Slide|p1a: matcha at home|[spread] p1a
|-activate|p1b: mega moxie|move: Protect
|-damage|p1a: matcha at home|66/100
|move|p2b: Captain Ginyu|Thunder Punch|p1b: mega moxie
|-activate|p1b: mega moxie|move: Protect
|move|p1a: matcha at home|Shadow Ball|p2b: Captain Ginyu
|-supereffective|p2b: Captain Ginyu|1
|-damage|p2b: Captain Ginyu|0 fnt
|faint|p2b: Captain Ginyu
|
|upkeep
|inactive|PrinceFrerin has 30 seconds left.
|
|t:|1783789262
|switch|p2b: Frieza|Gardevoir, L50, F|100/100
|-ability|p2b: Frieza|Intimidate|Trace|[from] ability: Trace|[of] p1b: mega moxie
|-ability|p2b: Frieza|Intimidate|boost
|-unboost|p1a: matcha at home|atk|1
|-unboost|p1b: mega moxie|atk|1
|turn|3
|inactive|PrinceFrerin has 30 seconds left.
|inactive|PrinceFrerin has 20 seconds left.
|inactive|PrinceFrerin has 15 seconds left.
|
|t:|1783789303
|switch|p2a: Jeice|Tauros-Paldea-Aqua, L50, M|100/100
|-ability|p2a: Jeice|Intimidate|boost
|-unboost|p1a: matcha at home|atk|1
|-unboost|p1b: mega moxie|atk|1
|switch|p1b: Good ol reliable|Basculegion-F, L50, F|100/100
|detailschange|p2b: Frieza|Gardevoir-Mega, L50, F
|-mega|p2b: Frieza|Gardevoir|Gardevoirite
|move|p2b: Frieza|Calm Mind|p2b: Frieza
|-boost|p2b: Frieza|spa|1
|-boost|p2b: Frieza|spd|1
|move|p1a: matcha at home|Shadow Ball|p2b: Frieza
|-supereffective|p2b: Frieza|1
|-damage|p2b: Frieza|55/100
|-unboost|p2b: Frieza|spd|1
|
|upkeep
|turn|4
|inactive|Joey Snowball has 30 seconds left.
|inactive|PrinceFrerin has 30 seconds left.
|inactive|PrinceFrerin has 20 seconds left.
|-activate|p1a: matcha at home|item: Quick Claw
|
|t:|1783789339
|move|p2b: Frieza|Protect|p2b: Frieza
|-singleturn|p2b: Frieza|Protect
|move|p1a: matcha at home|Matcha Gotcha|p2a: Jeice|[spread] p2a
|-activate|p2b: Frieza|move: Protect
|-supereffective|p2a: Jeice|1
|-damage|p2a: Jeice|3/100
|-heal|p1a: matcha at home|100/100|[from] drain|[of] p2a: Jeice
|-status|p2a: Jeice|brn
|move|p1b: Good ol reliable|Shadow Ball|p2b: Frieza
|-activate|p2b: Frieza|move: Protect
|move|p2a: Jeice|High Horsepower|p1b: Good ol reliable
|-damage|p1b: Good ol reliable|68/100
|-damage|p2a: Jeice|0 fnt|[from] item: Life Orb
|faint|p2a: Jeice
|
|upkeep
|
|t:|1783789356
|switch|p2a: Reecoome|Sneasler, L50, M|82/100
|turn|5
|c|☆Joey Snowball|:)
|-activate|p1a: matcha at home|item: Quick Claw
|
|t:|1783789374
|move|p1a: matcha at home|Shadow Ball|p2a: Reecoome
|-damage|p2a: Reecoome|32/100
|move|p1b: Good ol reliable|Shadow Ball|p2b: Frieza
|-supereffective|p2b: Frieza|1
|-damage|p2b: Frieza|0 fnt
|faint|p2b: Frieza
|move|p2a: Reecoome|Rock Slide|p1b: Good ol reliable|[spread] p1a,p1b
|-damage|p1a: matcha at home|76/100
|-damage|p1b: Good ol reliable|35/100
|
|upkeep
|turn|6
|-activate|p1a: matcha at home|item: Quick Claw
|
|t:|1783789391
|move|p1a: matcha at home|Shadow Ball|p2a: Reecoome
|-damage|p2a: Reecoome|0 fnt
|faint|p2a: Reecoome
|
|win|Joey Snowball
|l|☆PrinceFrerin
|player|p2|
