|j|☆exessvgc
|j|☆raksbach
|html|exessvgcraksbach    
|uhtml|bestof|Game 3 of a best-of-3
|t:|1784297933
|gametype|doubles
|player|p1|exessvgc|lucas|1297
|player|p2|raksbach|265|1310
|gen|9
|tier|[Gen 9 Champions] VGC 2026 Reg M-B (Bo3)
|rated|
|rule|Species Clause: Limit one of each Pokémon
|rule|Item Clause: Limit 1 of each item
|clearpoke
|poke|p1|Farigiraf, L50, F|
|poke|p1|Aerodactyl, L50, F|
|poke|p1|Sylveon, L50, F|
|poke|p1|Kingambit, L50, F|
|poke|p1|Garchomp, L50, M|
|poke|p1|Charizard, L50, F|
|poke|p2|Incineroar, L50, M|
|poke|p2|Maushold, L50|
|poke|p2|Sinistcha, L50|
|poke|p2|Sneasler, L50, F|
|poke|p2|Blastoise, L50, F|
|poke|p2|Delphox, L50, M|
|teampreview|4
|showteam|p1|Farigiraf||SitrusBerry|ArmorTail|TrickRoom,TwinBeam,HelpingHand,Thunderbolt|Bold||F|||50|]Aerodactyl||Aerodactylite|Unnerve|RockSlide,Protect,Tailwind,Taunt|Jolly||F|||50|]Sylveon||FairyFeather|Pixilate|HyperVoice,HyperBeam,Protect,Yawn|Modest||F|||50|]Kingambit||FocusSash|Defiant|LowKick,SuckerPunch,IronHead,Protect|Adamant||F|||50|]Garchomp||LifeOrb|RoughSkin|DragonClaw,Earthquake,RockSlide,Protect|Adamant||M|||50|]Charizard||CharizarditeY|Blaze|WeatherBall,HeatWave,SolarBeam,Protect|Modest||F|||50|
|showteam|p2|Incineroar||SitrusBerry|Intimidate|FakeOut,FlareBlitz,DarkestLariat,PartingShot|Impish||M|||50|]Maushold||ChopleBerry|FriendGuard|SuperFang,FollowMe,Protect,Feint|Impish|||||50|]Sinistcha||OccaBerry|Hospitality|MatchaGotcha,LifeDew,RagePowder,Protect|Bold|||||50|]Sneasler||FocusSash|PoisonTouch|FakeOut,CloseCombat,DireClaw,QuickGuard|Jolly||F|||50|]Blastoise||Blastoisinite|Torrent|WaterSpout,DarkPulse,ShellSmash,Protect|Modest||F|||50|]Delphox||Delphoxite|Blaze|HeatWave,Psychic,NastyPlot,Protect|Timid||M|||50|
|inactive|Battle timer is ON: inactive players will automatically lose when time's up. (requested by raksbach)
|
|t:|1784297945
|teamsize|p1|4
|teamsize|p2|4
|start
|switch|p1a: Kingambit|Kingambit, L50, F|100/100
|switch|p1b: DINOSAUVO|Aerodactyl, L50, F|100/100
|switch|p2a: Incineroar|Incineroar, L50, M|100/100
|switch|p2b: Delphox|Delphox, L50, M|100/100
|-ability|p1b: DINOSAUVO|Unnerve
|-ability|p2a: Incineroar|Intimidate|boost
|-unboost|p1a: Kingambit|atk|1
|-ability|p1a: Kingambit|Defiant|boost
|-boost|p1a: Kingambit|atk|2
|-unboost|p1b: DINOSAUVO|atk|1
|turn|1
|inactive|raksbach has 30 seconds left.
|inactive|raksbach has 20 seconds left.
|
|t:|1784297983
|detailschange|p2b: Delphox|Delphox-Mega, L50, M
|-mega|p2b: Delphox|Delphox|Delphoxite
|move|p1a: Kingambit|Protect|p1a: Kingambit
|-singleturn|p1a: Kingambit|Protect
|move|p2a: Incineroar|Fake Out|p1a: Kingambit
|-activate|p1a: Kingambit|move: Protect
|move|p1b: DINOSAUVO|Taunt|p2b: Delphox
|-start|p2b: Delphox|move: Taunt
|move|p2b: Delphox|Heat Wave|p1a: Kingambit|[spread] p1b
|-activate|p1a: Kingambit|move: Protect
|-resisted|p1b: DINOSAUVO|1
|-damage|p1b: DINOSAUVO|73/100
|
|upkeep
|turn|2
|inactive|exessvgc has 30 seconds left.
|inactive|raksbach has 30 seconds left.
|
|t:|1784298018
|switch|p2b: Sneasler|Sneasler, L50, F|100/100
|move|p1b: DINOSAUVO|Tailwind|p1b: DINOSAUVO
|-sidestart|p1: exessvgc|move: Tailwind
|move|p1a: Kingambit|Low Kick|p2a: Incineroar
|-supereffective|p2a: Incineroar|1
|-damage|p2a: Incineroar|31/100
|move|p2a: Incineroar|Flare Blitz|p1a: Kingambit
|-supereffective|p1a: Kingambit|1
|-damage|p1a: Kingambit|22/100
|-damage|p2a: Incineroar|6/100|[from] Recoil
|
|upkeep
|turn|3
|inactive|exessvgc has 30 seconds left.
|inactive|raksbach has 30 seconds left.
|inactive|raksbach has 20 seconds left.
|
|t:|1784298058
|switch|p2a: Sinistcha|Sinistcha, L50|100/100
|move|p1b: DINOSAUVO|Protect|p1b: DINOSAUVO
|-singleturn|p1b: DINOSAUVO|Protect
|move|p1a: Kingambit|Protect|p1a: Kingambit
|-singleturn|p1a: Kingambit|Protect
|move|p2b: Sneasler|Close Combat|p1a: Kingambit
|-activate|p1a: Kingambit|move: Protect
|
|upkeep
|turn|4
|inactive|exessvgc has 30 seconds left.
|inactive|raksbach has 30 seconds left.
|
|t:|1784298097
|move|p2a: Sinistcha|Rage Powder|p2a: Sinistcha
|-singleturn|p2a: Sinistcha|move: Rage Powder
|move|p1a: Kingambit|Sucker Punch||[still]
|-fail|p1a: Kingambit
|move|p1b: DINOSAUVO|Taunt|p2a: Sinistcha
|-start|p2a: Sinistcha|move: Taunt
|move|p2b: Sneasler|Close Combat|p1a: Kingambit
|-supereffective|p1a: Kingambit|2
|-damage|p1a: Kingambit|0 fnt
|-unboost|p2b: Sneasler|def|1
|-unboost|p2b: Sneasler|spd|1
|faint|p1a: Kingambit
|
|upkeep
|
|t:|1784298106
|switch|p1a: LA GIRAFFA|Farigiraf, L50, F|100/100
|turn|5
|inactive|exessvgc has 30 seconds left.
|
|t:|1784298134
|switch|p2b: Incineroar|Incineroar, L50, M|6/100
|-ability|p2b: Incineroar|Intimidate|boost
|-unboost|p1a: LA GIRAFFA|atk|1
|-unboost|p1b: DINOSAUVO|atk|1
|move|p1b: DINOSAUVO|Protect|p1b: DINOSAUVO
|-singleturn|p1b: DINOSAUVO|Protect
|move|p1a: LA GIRAFFA|Thunderbolt|p2b: Incineroar
|-damage|p2b: Incineroar|0 fnt
|faint|p2b: Incineroar
|move|p2a: Sinistcha|Matcha Gotcha|p1a: LA GIRAFFA|[spread] p1a
|-activate|p1b: DINOSAUVO|move: Protect
|-damage|p1a: LA GIRAFFA|80/100
|-status|p1a: LA GIRAFFA|brn
|
|-damage|p1a: LA GIRAFFA|74/100 brn|[from] brn
|-sideend|p1: exessvgc|move: Tailwind
|upkeep
|
|t:|1784298150
|switch|p2b: Delphox|Delphox-Mega, L50, M|100/100
|turn|6
|inactive|exessvgc has 30 seconds left.
|inactive|raksbach has 30 seconds left.
|inactive|exessvgc has 20 seconds left.
|inactive|exessvgc has 15 seconds left.
|inactive|exessvgc has 10 seconds left.
|inactive|exessvgc has 5 seconds left.
|
|t:|1784298201
|switch|p1a: Charizard|Charizard, L50, F|100/100
|move|p1b: DINOSAUVO|Tailwind|p1b: DINOSAUVO
|-sidestart|p1: exessvgc|move: Tailwind
|move|p2b: Delphox|Nasty Plot|p2b: Delphox
|-boost|p2b: Delphox|spa|2
|move|p2a: Sinistcha|Matcha Gotcha|p1b: DINOSAUVO|[spread] p1a,p1b
|-resisted|p1a: Charizard|2
|-damage|p1a: Charizard|93/100
|-damage|p1b: DINOSAUVO|35/100
|
|upkeep
|turn|7
|inactive|exessvgc has 30 seconds left.
|inactive|raksbach has 30 seconds left.
|inactive|raksbach has 20 seconds left.
|inactive|raksbach has 15 seconds left.
|inactive|raksbach has 10 seconds left.
|inactive|exessvgc has 20 seconds left.
|inactive|raksbach has 5 seconds left.
|
|t:|1784298257
|switch|p1b: LA GIRAFFA|Farigiraf, L50, F|74/100 brn
|detailschange|p1a: Charizard|Charizard-Mega-Y, L50, F
|-mega|p1a: Charizard|Charizard|Charizardite Y
|-weather|SunnyDay|[from] ability: Drought|[of] p1a: Charizard
|move|p1a: Charizard|Heat Wave|p2a: Sinistcha|[spread] p2a,p2b
|-supereffective|p2a: Sinistcha|1
|-enditem|p2a: Sinistcha|Occa Berry|[eat]
|-enditem|p2a: Sinistcha|Occa Berry|[weaken]
|-resisted|p2b: Delphox|1
|-damage|p2a: Sinistcha|46/100
|-damage|p2b: Delphox|70/100
|move|p2b: Delphox|Heat Wave|p1b: LA GIRAFFA|[spread] 
|-miss|p2b: Delphox|p1a: Charizard
|-miss|p2b: Delphox|p1b: LA GIRAFFA
|move|p2a: Sinistcha|Matcha Gotcha|p1a: Charizard|[spread] p1a,p1b
|-resisted|p1a: Charizard|2
|-damage|p1a: Charizard|87/100
|-heal|p2a: Sinistcha|48/100|[from] drain|[of] p1a: Charizard
|-damage|p1b: LA GIRAFFA|53/100 brn
|-heal|p2a: Sinistcha|61/100|[from] drain|[of] p1b: LA GIRAFFA
|
|-weather|SunnyDay|[upkeep]
|-damage|p1b: LA GIRAFFA|47/100 brn|[from] brn
|-end|p2a: Sinistcha|move: Taunt
|upkeep
|-enditem|p1b: LA GIRAFFA|Sitrus Berry|[eat]
|-heal|p1b: LA GIRAFFA|72/100 brn|[from] item: Sitrus Berry
|turn|8
|inactive|exessvgc has 30 seconds left.
|inactive|raksbach has 30 seconds left.
|inactive|exessvgc has 20 seconds left.
|inactive|exessvgc has 15 seconds left.
|inactive|exessvgc has 10 seconds left.
|inactive|raksbach has 20 seconds left.
|inactive|raksbach has 15 seconds left.
|
|t:|1784298309
|move|p1b: LA GIRAFFA|Helping Hand|p1a: Charizard
|-singleturn|p1a: Charizard|Helping Hand|[of] p1b: LA GIRAFFA
|move|p2a: Sinistcha|Protect|p2a: Sinistcha
|-singleturn|p2a: Sinistcha|Protect
|move|p1a: Charizard|Heat Wave|p2a: Sinistcha|[spread] p2b
|-activate|p2a: Sinistcha|move: Protect
|-resisted|p2b: Delphox|1
|-damage|p2b: Delphox|26/100
|move|p2b: Delphox|Psychic|p1a: Charizard
|-damage|p1a: Charizard|4/100
|
|-weather|SunnyDay|[upkeep]
|-damage|p1b: LA GIRAFFA|66/100 brn|[from] brn
|upkeep
|turn|9
|
|t:|1784298325
|move|p1b: LA GIRAFFA|Helping Hand|p1a: Charizard
|-singleturn|p1a: Charizard|Helping Hand|[of] p1b: LA GIRAFFA
|move|p2b: Delphox|Protect|p2b: Delphox
|-singleturn|p2b: Delphox|Protect
|move|p2a: Sinistcha|Protect||[still]
|-fail|p2a: Sinistcha
|move|p1a: Charizard|Heat Wave|p2a: Sinistcha|[spread] p2a
|-activate|p2b: Delphox|move: Protect
|-supereffective|p2a: Sinistcha|1
|-damage|p2a: Sinistcha|0 fnt
|faint|p2a: Sinistcha
|
|-weather|SunnyDay|[upkeep]
|-damage|p1b: LA GIRAFFA|60/100 brn|[from] brn
|-sideend|p1: exessvgc|move: Tailwind
|upkeep
|
|t:|1784298333
|switch|p2a: Sneasler|Sneasler, L50, F|100/100
|turn|10
|inactive|raksbach has 30 seconds left.
|
|t:|1784298362
|move|p1a: Charizard|Protect|p1a: Charizard
|-singleturn|p1a: Charizard|Protect
|move|p2b: Delphox|Heat Wave|p1b: LA GIRAFFA|[spread] p1b
|-activate|p1a: Charizard|move: Protect
|-damage|p1b: LA GIRAFFA|0 fnt
|faint|p1b: LA GIRAFFA
|move|p2a: Sneasler|Dire Claw|p1a: Charizard
|-activate|p1a: Charizard|move: Protect
|
|-weather|SunnyDay|[upkeep]
|upkeep
|
|t:|1784298370
|switch|p1b: DINOSAUVO|Aerodactyl, L50, F|35/100
|-ability|p1b: DINOSAUVO|Unnerve
|turn|11
|
|t:|1784298388
|move|p2b: Delphox|Protect|p2b: Delphox
|-singleturn|p2b: Delphox|Protect
|move|p1b: DINOSAUVO|Tailwind|p1b: DINOSAUVO
|-sidestart|p1: exessvgc|move: Tailwind
|move|p1a: Charizard|Heat Wave|p2a: Sneasler|[spread] p2a
|-activate|p2b: Delphox|move: Protect
|-damage|p2a: Sneasler|10/100
|move|p2a: Sneasler|Dire Claw|p1a: Charizard
|-damage|p1a: Charizard|0 fnt
|faint|p1a: Charizard
|
|-weather|none
|upkeep
|turn|12
|
|t:|1784298408
|move|p1b: DINOSAUVO|Rock Slide|p2b: Delphox|[spread] p2a,p2b
|-resisted|p2a: Sneasler|1
|-supereffective|p2b: Delphox|1
|-damage|p2a: Sneasler|0 fnt
|-damage|p2b: Delphox|0 fnt
|faint|p2a: Sneasler
|faint|p2b: Delphox
|
|win|exessvgc
|raw|exessvgc's rating: 1297 → 1323(+26 for winning)
|raw|raksbach's rating: 1310 → 1289(-21 for losing)
