|j|☆Reubz123
|j|☆jompinhans
|html|Reubz123jompinhans    
|uhtml|bestof|Game 2 of a best-of-3
|t:|1783050851
|gametype|doubles
|player|p1|Reubz123|2|1122
|player|p2|jompinhans|101|1250
|gen|9
|tier|[Gen 9 Champions] VGC 2026 Reg M-B (Bo3)
|rated|
|rule|Species Clause: Limit one of each Pokémon
|rule|Item Clause: Limit 1 of each item
|clearpoke
|poke|p1|Kingambit, L50, F|
|poke|p1|Kommo-o, L50, F|
|poke|p1|Floette-Eternal, L50, F|
|poke|p1|Tinkaton, L50, F|
|poke|p1|Incineroar, L50, F|
|poke|p1|Gengar, L50, M|
|poke|p2|Sinistcha, L50|
|poke|p2|Goodra-Hisui, L50, M|
|poke|p2|Tyranitar, L50, F|
|poke|p2|Gholdengo, L50|
|poke|p2|Grimmsnarl, L50, M|
|poke|p2|Milotic, L50, F|
|teampreview|4
|showteam|p1|Kingambit||LifeOrb|Defiant|KowtowCleave,IronHead,SuckerPunch,Protect|Adamant||F|||50|]Kommo-o||DragonFang|Soundproof|ClangingScales,AuraSphere,ClangorousSoul,Protect|Modest||F|||50|]Floette-Eternal||Floettite|FlowerVeil|LightofRuin,DazzlingGleam,Moonblast,Protect|Timid||F|||50|]Tinkaton||ShucaBerry|MoldBreaker|FakeOut,GigatonHammer,Encore,Protect|Jolly||F|||50|]Incineroar||PasshoBerry|Intimidate|DarkestLariat,FakeOut,PartingShot,Protect|Relaxed||F|||50|]Gengar||Gengarite|CursedBody|ShadowBall,Disable,PerishSong,Protect|Timid||M|||50|
|showteam|p2|Sinistcha||KasibBerry|Hospitality|LifeDew,TrickRoom,MatchaGotcha,RagePowder|Quiet|||||50|]Goodra-Hisui||Leftovers|ShellArmor|Protect,Thunderbolt,BodyPress,Shelter|Bold||M|||50|]Tyranitar||Tyranitarite|SandStream|Protect,DragonDance,KnockOff,RockSlide|Adamant||F|||50|]Gholdengo||LifeOrb|GoodasGold|MakeItRain,Protect,NastyPlot,ShadowBall|Timid|||||50|]Grimmsnarl||LightClay|Prankster|PartingShot,SpiritBreak,LightScreen,Reflect|Careful||M|||50|]Milotic||SitrusBerry|Competitive|Protect,IceBeam,LifeDew,Scald|Modest||F|||50|
|inactive|Battle timer is ON: inactive players will automatically lose when time's up. (requested by Reubz123)
|
|t:|1783050885
|teamsize|p1|4
|teamsize|p2|4
|start
|switch|p1a: Kingambit|Kingambit, L50, F|100/100
|switch|p1b: Floette|Floette-Eternal, L50, F|100/100
|switch|p2a: Gholdengo|Gholdengo, L50|100/100
|switch|p2b: Goodra|Goodra-Hisui, L50, M|100/100
|turn|1
|
|t:|1783050897
|detailschange|p1b: Floette|Floette-Mega, L50, F
|-mega|p1b: Floette|Floette|Floettite
|-ability|p1b: Floette|Fairy Aura
|move|p2a: Gholdengo|Protect|p2a: Gholdengo
|-singleturn|p2a: Gholdengo|Protect
|move|p1b: Floette|Light of Ruin|p2b: Goodra
|-damage|p2b: Goodra|20/100y
|-damage|p1b: Floette|50/100g|[from] Recoil
|move|p2b: Goodra|Body Press|p1a: Kingambit
|-supereffective|p1a: Kingambit|2
|-damage|p1a: Kingambit|15/100
|move|p1a: Kingambit|Kowtow Cleave|p2a: Gholdengo
|-activate|p2a: Gholdengo|move: Protect
|
|-heal|p2b: Goodra|26/100|[from] item: Leftovers
|upkeep
|turn|2
|inactive|jompinhans has 30 seconds left.
|
|t:|1783050930
|move|p2b: Goodra|Protect|p2b: Goodra
|-singleturn|p2b: Goodra|Protect
|move|p1a: Kingambit|Sucker Punch|p2a: Gholdengo
|-supereffective|p2a: Gholdengo|1
|-damage|p2a: Gholdengo|0 fnt
|faint|p2a: Gholdengo
|-damage|p1a: Kingambit|6/100|[from] item: Life Orb
|move|p1b: Floette|Moonblast|p2b: Goodra
|-activate|p2b: Goodra|move: Protect
|
|-heal|p2b: Goodra|32/100|[from] item: Leftovers
|upkeep
|
|t:|1783050941
|switch|p2a: Sinistcha|Sinistcha, L50|100/100
|-heal|p2b: Goodra|57/100|[from] ability: Hospitality|[of] p2a: Sinistcha
|turn|3
|
|t:|1783050961
|switch|p2a: Milotic|Milotic, L50, F|100/100
|switch|p1a: Incineroar|Incineroar, L50, F|100/100
|-ability|p1a: Incineroar|Intimidate|boost
|-unboost|p2a: Milotic|atk|1
|-ability|p2a: Milotic|Competitive|boost
|-boost|p2a: Milotic|spa|2
|-unboost|p2b: Goodra|atk|1
|move|p1b: Floette|Dazzling Gleam|p2a: Milotic|[spread] p2a,p2b
|-damage|p2a: Milotic|62/100
|-damage|p2b: Goodra|23/100
|move|p2b: Goodra|Shelter|p2b: Goodra
|-boost|p2b: Goodra|def|2
|
|-heal|p2b: Goodra|29/100|[from] item: Leftovers
|upkeep
|turn|4
|
|t:|1783050977
|switch|p1a: Tinkaton|Tinkaton, L50, F|100/100
|-ability|p1a: Tinkaton|Mold Breaker
|move|p2a: Milotic|Protect|p2a: Milotic
|-singleturn|p2a: Milotic|Protect
|move|p2b: Goodra|Protect|p2b: Goodra
|-singleturn|p2b: Goodra|Protect
|move|p1b: Floette|Dazzling Gleam|p2a: Milotic|[spread] 
|-activate|p2a: Milotic|move: Protect
|-activate|p2b: Goodra|move: Protect
|
|-heal|p2b: Goodra|35/100|[from] item: Leftovers
|upkeep
|turn|5
|
|t:|1783051000
|move|p1b: Floette|Moonblast|p2b: Goodra
|-damage|p2b: Goodra|0 fnt
|faint|p2b: Goodra
|move|p1a: Tinkaton|Encore|p2a: Milotic
|-start|p2a: Milotic|Encore
|move|p2a: Milotic|Protect|p2a: Milotic
|-singleturn|p2a: Milotic|Protect
|
|upkeep
|
|t:|1783051003
|switch|p2b: Sinistcha|Sinistcha, L50|100/100
|-heal|p2a: Milotic|87/100|[from] ability: Hospitality|[of] p2b: Sinistcha
|turn|6
|-message|jompinhans forfeited.
|raw|Reubz123's rating: 1122 → 1156(+34 for winning)
|raw|jompinhans's rating: 1250 → 1216(-34 for losing)
|
|win|Reubz123
|c|☆Reubz123|gg
|l|☆jompinhans
|player|p2|
