|j|☆sille rovert
|j|☆jagheter
|html|sille rovertjagheter    
|uhtml|bestof|Game 2 of a best-of-3
|t:|1757006204
|gametype|doubles
|player|p1|sille rovert|trevor|1301
|player|p2|jagheter|worker|1267
|gen|9
|tier|[Gen 9] VGC 2025 Reg H (Bo3)
|rated|
|rule|Species Clause: Limit one of each Pokémon
|rule|Item Clause: Limit 1 of each item
|clearpoke
|poke|p1|Samurott-Hisui, L50, F|
|poke|p1|Dragonite, L50, F|
|poke|p1|Ursaluna-Bloodmoon, L50, M|
|poke|p1|Sneasler, L50, F|
|poke|p1|Indeedee, L50, M|
|poke|p1|Gholdengo, L50|
|poke|p2|Venusaur, L50, M|
|poke|p2|Volcarona, L50, F|
|poke|p2|Incineroar, L50, M|
|poke|p2|Rillaboom, L50, M|
|poke|p2|Sneasler, L50, M|
|poke|p2|Dondozo, L50, M|
|teampreview|4
|showteam|p1|Samurott-Hisui||AssaultVest|Sharpness|CeaselessEdge,IcyWind,RazorShell,SacredSword|||F|||50|,,,,,Poison]Dragonite||LoadedDice|Multiscale|Protect,ScaleShot,Tailwind,Haze|||F|||50|,,,,,Steel]Ursaluna-Bloodmoon||LifeOrb|MindsEye|BloodMoon,HyperVoice,EarthPower,Protect|||M|||50|,,,,,Normal]Sneasler||PsychicSeed|Unburden|ThroatChop,CloseCombat,DireClaw,Protect|||F|||50|,,,,,Stellar]Indeedee||FocusSash|PsychicSurge|ExpandingForce,TrickRoom,Imprison,TeraBlast|||M|||50|,,,,,Fighting]Gholdengo||ChoiceSpecs|GoodasGold|MakeItRain,ShadowBall,PowerGem,Trick||||||50|,,,,,Steel
|showteam|p2|Venusaur||WideLens|Chlorophyll|SleepPowder,Protect,SludgeBomb,EarthPower|||M|||50|,,,,,Ghost]Volcarona||CovertCloak|FlameBody|FieryDance,TeraBlast,QuiverDance,Protect|||F|||50|,,,,,Fairy]Incineroar||SafetyGoggles|Intimidate|FakeOut,KnockOff,PartingShot,FlareBlitz|||M|||50|,,,,,Bug]Rillaboom||AssaultVest|GrassySurge|FakeOut,WoodHammer,GrassyGlide,HighHorsepower|||M|||50|,,,,,Fire]Sneasler||GrassySeed|Unburden|Coaching,DireClaw,CloseCombat,Protect|||M|||50|,,,,,Stellar]Dondozo||Leftovers|Unaware|Fissure,Protect,Liquidation,Yawn|||M|||50|,,,,,Poison
|c|☆sille rovert|Supposed to forfeit in situations like that
|inactive|Battle timer is ON: inactive players will automatically lose when time's up. (requested by sille rovert)
|c|☆jagheter|I never give up
|
|t:|1757006276
|teamsize|p1|4
|teamsize|p2|4
|start
|switch|p1a: Dragonite|Dragonite, L50, F|100/100
|switch|p1b: Gholdengo|Gholdengo, L50|100/100
|switch|p2a: YUKIMIYA|Incineroar, L50, M, shiny|100/100
|switch|p2b: PITUFO-M|Rillaboom, L50, M, shiny|100/100
|-fieldstart|move: Grassy Terrain|[from] ability: Grassy Surge|[of] p2b: PITUFO-M
|-ability|p2a: YUKIMIYA|Intimidate|boost
|-unboost|p1a: Dragonite|atk|1
|-unboost|p1b: Gholdengo|atk|1
|turn|1
|
|t:|1757006294
|move|p1a: Dragonite|Protect|p1a: Dragonite
|-singleturn|p1a: Dragonite|Protect
|move|p1b: Gholdengo|Power Gem|p2a: YUKIMIYA
|-supereffective|p2a: YUKIMIYA
|-damage|p2a: YUKIMIYA|27/100
|move|p2b: PITUFO-M|Wood Hammer|p1a: Dragonite
|-activate|p1a: Dragonite|move: Protect
|move|p2a: YUKIMIYA|Knock Off|p1a: Dragonite
|-activate|p1a: Dragonite|move: Protect
|
|-heal|p2a: YUKIMIYA|33/100|[from] Grassy Terrain
|upkeep
|turn|2
|
|t:|1757006315
|move|p1b: Gholdengo|Power Gem|p2a: YUKIMIYA
|-supereffective|p2a: YUKIMIYA
|-damage|p2a: YUKIMIYA|0 fnt
|faint|p2a: YUKIMIYA
|move|p1a: Dragonite|Scale Shot|p2b: PITUFO-M
|-damage|p2b: PITUFO-M|91/100
|-damage|p2b: PITUFO-M|82/100
|-damage|p2b: PITUFO-M|73/100
|-damage|p2b: PITUFO-M|64/100
|-hitcount|p2b: PITUFO-M|4
|-unboost|p1a: Dragonite|def|1
|-boost|p1a: Dragonite|spe|1
|move|p2b: PITUFO-M|Wood Hammer|p1a: Dragonite
|-resisted|p1a: Dragonite
|-crit|p1a: Dragonite
|-damage|p1a: Dragonite|75/100
|-damage|p2b: PITUFO-M|57/100|[from] Recoil
|
|-heal|p2b: PITUFO-M|63/100|[from] Grassy Terrain
|upkeep
|
|t:|1757006318
|switch|p2a: KYUUUSAL|Volcarona, L50, F, shiny|100/100
|turn|3
|
|t:|1757006329
|switch|p1b: Indeedee|Indeedee, L50, M|100/100
|-fieldstart|move: Psychic Terrain|[from] ability: Psychic Surge|[of] p1b: Indeedee
|-terastallize|p2a: KYUUUSAL|Fairy
|move|p1a: Dragonite|Tailwind|p1a: Dragonite
|-sidestart|p1: sille rovert|move: Tailwind
|move|p2a: KYUUUSAL|Tera Blast|p1a: Dragonite|[anim] Tera Blast Fairy
|-supereffective|p1a: Dragonite
|-damage|p1a: Dragonite|0 fnt
|faint|p1a: Dragonite
|move|p2b: PITUFO-M|High Horsepower|p1b: Indeedee
|-damage|p1b: Indeedee|34/100
|
|upkeep
|
|t:|1757006332
|switch|p1a: Gholdengo|Gholdengo, L50|100/100
|turn|4
|
|t:|1757006349
|switch|p2b: ITOSHI|Sneasler, L50, M, shiny|100/100
|move|p2a: KYUUUSAL|Protect|p2a: KYUUUSAL
|-singleturn|p2a: KYUUUSAL|Protect
|move|p1b: Indeedee|Expanding Force|p2a: KYUUUSAL|[spread] p2b
|-activate|p2a: KYUUUSAL|move: Protect
|-supereffective|p2b: ITOSHI
|-damage|p2b: ITOSHI|0 fnt
|faint|p2b: ITOSHI
|move|p1a: Gholdengo|Make It Rain|p2a: KYUUUSAL
|-activate|p2a: KYUUUSAL|move: Protect
|
|upkeep
|
|t:|1757006352
|switch|p2b: PITUFO-M|Rillaboom, L50, M, shiny|63/100
|-fieldstart|move: Grassy Terrain|[from] ability: Grassy Surge|[of] p2b: PITUFO-M
|turn|5
|
|t:|1757006359
|switch|p1b: Sneasler|Sneasler, L50, F|100/100
|move|p1a: Gholdengo|Make It Rain|p2a: KYUUUSAL|[spread] p2a,p2b
|-supereffective|p2a: KYUUUSAL
|-damage|p2a: KYUUUSAL|0 fnt
|-damage|p2b: PITUFO-M|11/100
|-unboost|p1a: Gholdengo|spa|1
|faint|p2a: KYUUUSAL
|move|p2b: PITUFO-M|High Horsepower|p1a: Gholdengo
|-supereffective|p1a: Gholdengo
|-damage|p1a: Gholdengo|32/100
|
|-heal|p1a: Gholdengo|38/100|[from] Grassy Terrain
|-heal|p2b: PITUFO-M|18/100|[from] Grassy Terrain
|upkeep
|turn|6
|
|t:|1757006367
|move|p1b: Sneasler|Dire Claw|p2b: PITUFO-M
|-supereffective|p2b: PITUFO-M
|-damage|p2b: PITUFO-M|0 fnt
|faint|p2b: PITUFO-M
|
|win|sille rovert
|raw|sille rovert's rating: 1301 → 1319(+18 for winning)
|raw|jagheter's rating: 1267 → 1244(-23 for losing)
|l|☆sille rovert
|player|p1|
