|j|☆N4nD1tt0
|j|☆SuperiorPangoro
|html|N4nD1tt0SuperiorPangoro    
|uhtml|bestof|Game 1 of a best-of-3
|t:|1784074605
|gametype|doubles
|player|p1|N4nD1tt0|pokefan-gen4|
|player|p2|SuperiorPangoro|youngster-gen4dp|
|gen|9
|tier|[Gen 9 Champions] VGC 2026 Reg M-B (Bo3)
|rule|Species Clause: Limit one of each Pokémon
|rule|Item Clause: Limit 1 of each item
|clearpoke
|poke|p1|Kingambit, L50, F|
|poke|p1|Sylveon, L50, F|
|poke|p1|Garchomp, L50, M|
|poke|p1|Aerodactyl, L50, M|
|poke|p1|Farigiraf, L50, M|
|poke|p1|Charizard, L50, F|
|poke|p2|Swampert, L50, F|
|poke|p2|Mawile, L50, F|
|poke|p2|Archaludon, L50, F|
|poke|p2|Pelipper, L50, F|
|poke|p2|Grimmsnarl, L50, M|
|poke|p2|Farigiraf, L50, F|
|teampreview|4
|showteam|p1|Kingambit||FocusSash|Defiant|IronHead,SuckerPunch,KowtowCleave,LowKick|Adamant||F|||50|]Sylveon||FairyFeather|Pixilate|Detect,HyperVoice,HyperBeam,QuickAttack|Modest||F|||50|]Garchomp||LifeOrb|RoughSkin|Protect,DragonClaw,Earthquake,StompingTantrum|Jolly||M|||50|]Aerodactyl||Aerodactylite|Pressure|IceFang,RockSlide,Tailwind,DualWingbeat|Jolly||M|||50|]Farigiraf||SitrusBerry|ArmorTail|TrickRoom,Psychic,Thunderbolt,Roar|Bold||M|||50|]Charizard||CharizarditeY|SolarPower|HeatWave,SolarBeam,WeatherBall,Protect|Modest||F|||50|
|showteam|p2|Swampert||Swampertite|Torrent|Earthquake,WaveCrash,IcePunch,Protect|Adamant||F|||50|]Mawile||Mawilite|Intimidate|PlayRough,IronHead,SuckerPunch,Protect|Adamant||F|||50|]Archaludon||Leftovers|Stamina|ElectroShot,DragonPulse,FlashCannon,Protect|Modest||F|||50|]Pelipper||LifeOrb|Drizzle|WideGuard,WeatherBall,Hurricane,Tailwind|Modest||F|||50|]Grimmsnarl||LightClay|Prankster|PartingShot,FoulPlay,Reflect,LightScreen|Careful||M|||50|]Farigiraf||SitrusBerry|ArmorTail|Psychic,Thunderbolt,TrickRoom,Protect|Quiet||F|||50|
|inactive|Battle timer is ON: inactive players will automatically lose when time's up. (requested by N4nD1tt0)
|inactive|N4nD1tt0 has 60 seconds left.
|inactive|N4nD1tt0 has 30 seconds left.
|
|t:|1784074674
|teamsize|p1|4
|teamsize|p2|4
|start
|switch|p1a: Aerodactyl|Aerodactyl, L50, M|100/100
|switch|p1b: Kingambit|Kingambit, L50, F|100/100
|switch|p2a: Pelipper|Pelipper, L50, F|100/100
|switch|p2b: Swampert|Swampert, L50, F|100/100
|-ability|p1a: Aerodactyl|Pressure
|-weather|RainDance|[from] ability: Drizzle|[of] p2a: Pelipper
|turn|1
|inactive|N4nD1tt0 has 30 seconds left.
|inactive|SuperiorPangoro has 30 seconds left.
|inactive|N4nD1tt0 has 20 seconds left.
|
|t:|1784074714
|switch|p1a: Sylveon|Sylveon, L50, F|100/100
|detailschange|p2b: Swampert|Swampert-Mega, L50, F
|-mega|p2b: Swampert|Swampert|Swampertite
|move|p1b: Kingambit|Sucker Punch|p2b: Swampert
|-damage|p2b: Swampert|65/100
|move|p2b: Swampert|Wave Crash|p1a: Sylveon
|-damage|p1a: Sylveon|0 fnt
|faint|p1a: Sylveon
|-damage|p2b: Swampert|34/100|[from] Recoil
|move|p2a: Pelipper|Weather Ball|p1b: Kingambit
|-enditem|p1b: Kingambit|Focus Sash
|-damage|p1b: Kingambit|1/100
|-damage|p2a: Pelipper|90/100|[from] item: Life Orb
|
|-weather|RainDance|[upkeep]
|upkeep
|
|t:|1784074725
|switch|p1a: Charizard|Charizard, L50, F|100/100
|turn|2
|inactive|N4nD1tt0 has 30 seconds left.
|
|t:|1784074752
|switch|p1b: Aerodactyl|Aerodactyl, L50, M|100/100
|-ability|p1b: Aerodactyl|Pressure
|switch|p2a: Grimmsnarl|Grimmsnarl, L50, M|100/100
|detailschange|p1a: Charizard|Charizard-Mega-Y, L50, F
|-mega|p1a: Charizard|Charizard|Charizardite Y
|-weather|SunnyDay|[from] ability: Drought|[of] p1a: Charizard
|move|p2b: Swampert|Protect|p2b: Swampert
|-singleturn|p2b: Swampert|Protect
|move|p1a: Charizard|Weather Ball|p2a: Grimmsnarl
|-damage|p2a: Grimmsnarl|20/100y
|
|-weather|SunnyDay|[upkeep]
|upkeep
|turn|3
|
|t:|1784074769
|switch|p1a: Kingambit|Kingambit, L50, F|1/100
|switch|p2b: Pelipper|Pelipper, L50, F|90/100
|-weather|RainDance|[from] ability: Drizzle|[of] p2b: Pelipper
|move|p2a: Grimmsnarl|Light Screen|p2a: Grimmsnarl
|-sidestart|p2: SuperiorPangoro|move: Light Screen
|move|p1b: Aerodactyl|Tailwind|p1b: Aerodactyl
|-sidestart|p1: N4nD1tt0|move: Tailwind
|
|-weather|RainDance|[upkeep]
|upkeep
|turn|4
|
|t:|1784074782
|move|p2a: Grimmsnarl|Reflect|p2a: Grimmsnarl
|-sidestart|p2: SuperiorPangoro|Reflect
|move|p1b: Aerodactyl|Rock Slide|p2a: Grimmsnarl|[spread] p2b
|-miss|p1b: Aerodactyl|p2a: Grimmsnarl
|-supereffective|p2b: Pelipper|1
|-damage|p2b: Pelipper|60/100
|move|p1a: Kingambit|Iron Head|p2a: Grimmsnarl
|-supereffective|p2a: Grimmsnarl|1
|-damage|p2a: Grimmsnarl|0 fnt
|faint|p2a: Grimmsnarl
|cant|p2b: Pelipper|flinch
|
|-weather|RainDance|[upkeep]
|upkeep
|
|t:|1784074786
|switch|p2a: Swampert|Swampert-Mega, L50, F|34/100
|turn|5
|
|t:|1784074810
|switch|p2a: Archaludon|Archaludon, L50, F|100/100
|move|p1a: Kingambit|Sucker Punch||[still]
|-fail|p1a: Kingambit
|move|p1b: Aerodactyl|Ice Fang|p2b: Pelipper
|-damage|p2b: Pelipper|47/100
|-status|p2b: Pelipper|frz
|cant|p2b: Pelipper|frz
|
|-weather|RainDance|[upkeep]
|upkeep
|turn|6
|
|t:|1784074832
|switch|p2b: Swampert|Swampert-Mega, L50, F|34/100
|move|p1b: Aerodactyl|Ice Fang|p2b: Swampert
|-damage|p2b: Swampert|24/100
|move|p1a: Kingambit|Kowtow Cleave|p2b: Swampert
|-damage|p2b: Swampert|0 fnt
|faint|p2b: Swampert
|move|p2a: Archaludon|Electro Shot||[still]
|-prepare|p2a: Archaludon|Electro Shot
|-boost|p2a: Archaludon|spa|1
|-anim|p2a: Archaludon|Electro Shot|p1b: Aerodactyl
|-supereffective|p1b: Aerodactyl|1
|-damage|p1b: Aerodactyl|0 fnt
|faint|p1b: Aerodactyl
|
|-weather|RainDance|[upkeep]
|-sideend|p1: N4nD1tt0|move: Tailwind
|upkeep
|
|t:|1784074846
|switch|p1b: Charizard|Charizard-Mega-Y, L50, F|100/100
|switch|p2b: Pelipper|Pelipper, L50, F|47/100 frz
|-weather|SunnyDay|[from] ability: Drought|[of] p1b: Charizard
|-weather|RainDance|[from] ability: Drizzle|[of] p2b: Pelipper
|turn|7
|
|t:|1784074879
|move|p1b: Charizard|Heat Wave|p2a: Archaludon|[spread] p2a,p2b
|-resisted|p2b: Pelipper|1
|-damage|p2a: Archaludon|82/100
|-damage|p2b: Pelipper|38/100 frz
|-ability|p2a: Archaludon|Stamina|boost
|-boost|p2a: Archaludon|def|1
|-curestatus|p2b: Pelipper|frz|[msg]
|move|p2a: Archaludon|Electro Shot||[still]
|-prepare|p2a: Archaludon|Electro Shot
|-boost|p2a: Archaludon|spa|1
|-anim|p2a: Archaludon|Electro Shot|p1a: Kingambit
|-damage|p1a: Kingambit|0 fnt
|faint|p1a: Kingambit
|move|p2b: Pelipper|Hurricane|p1b: Charizard
|-damage|p1b: Charizard|34/100
|-damage|p2b: Pelipper|29/100|[from] item: Life Orb
|
|-weather|RainDance|[upkeep]
|-heal|p2a: Archaludon|88/100|[from] item: Leftovers
|upkeep
|turn|8
|
|t:|1784074892
|move|p1b: Charizard|Heat Wave|p2b: Pelipper|[spread] p2a,p2b
|-resisted|p2b: Pelipper|1
|-damage|p2a: Archaludon|70/100
|-damage|p2b: Pelipper|21/100
|-ability|p2a: Archaludon|Stamina|boost
|-boost|p2a: Archaludon|def|1
|move|p2a: Archaludon|Dragon Pulse|p1b: Charizard
|-damage|p1b: Charizard|0 fnt
|faint|p1b: Charizard
|
|win|SuperiorPangoro
|inactive|N4nD1tt0 has 30 seconds to confirm battle start!
|inactive|SuperiorPangoro has 30 seconds to confirm battle start!
||N4nD1tt0 is ready for game 2.
||SuperiorPangoro is ready for game 2.
|uhtml|next|Next: Game 2 of 3
|l|☆N4nD1tt0
|player|p1|
|l|☆SuperiorPangoro
|player|p2|
|j|☆SuperiorPangoro
|player|p2|SuperiorPangoro|youngster-gen4dp|
