|j|☆fortree21utube
|j|☆testalt3211
|html|fortree21utubetestalt3211    
|uhtml|bestof|Game 1 of a best-of-3
|t:|1756930325
|gametype|doubles
|player|p1|fortree21utube|265|
|player|p2|testalt3211|pokemonbreeder-gen4|
|gen|9
|tier|[Gen 9] VGC 2025 Reg H (Bo3)
|rule|Species Clause: Limit one of each Pokémon
|rule|Item Clause: Limit 1 of each item
|clearpoke
|poke|p1|Pawmot, L50, M|
|poke|p1|Typhlosion-Hisui, L50, F|
|poke|p1|Weezing-Galar, L50, F|
|poke|p1|Toedscruel, L50, M|
|poke|p1|Corviknight, L50, F|
|poke|p1|Garchomp, L50, F|
|poke|p2|Incineroar, L50, M|
|poke|p2|Amoonguss, L50, F|
|poke|p2|Ursaluna-Bloodmoon, L50, M|
|poke|p2|Sneasler, L50, M|
|poke|p2|Gholdengo, L50|
|poke|p2|Dragonite, L50, F|
|teampreview|4
|showteam|p1|Pawmot||FocusSash|VoltAbsorb|DoubleShock,CloseCombat,FakeOut,Protect|||M|||50|,,,,,Electric]Typhlosion-Hisui||ChoiceScarf|Frisk|Eruption,HeatWave,ShadowBall,SleepTalk|||F|||50|,,,,,Fire]Weezing-Galar||ChoiceSpecs|NeutralizingGas|StrangeSteam,DazzlingGleam,SludgeBomb,Flamethrower|||F|||50|,,,,,Flying]Toedscruel||CovertCloak|MyceliumMight|EarthPower,AcidSpray,Spore,RagePowder|||M|||50|,,,,,Water]Corviknight||SitrusBerry|MirrorArmor|BraveBird,Tailwind,Roost,Protect|||F|||50|,,,,,Dragon]Garchomp||ClearAmulet|RoughSkin|Earthquake,StompingTantrum,DragonClaw,Protect|||F|||50|,,,,,Ground
|showteam|p2|Incineroar||SafetyGoggles|Intimidate|FlareBlitz,KnockOff,PartingShot,FakeOut|||M|||50|,,,,,Ghost]Amoonguss||SitrusBerry|Regenerator|Spore,RagePowder,PollenPuff,Protect|||F|||50|,,,,,Psychic]Ursaluna-Bloodmoon||AssaultVest|MindsEye|HyperVoice,BloodMoon,EarthPower,VacuumWave|||M|||50|,,,,,Water]Sneasler||FocusSash|Unburden|CloseCombat,DireClaw,ThroatChop,Protect|||M|||50|,,,,,Stellar]Gholdengo||LifeOrb|GoodasGold|MakeItRain,ShadowBall,NastyPlot,Protect||||||50|,,,,,Water]Dragonite||LoadedDice|Multiscale|ScaleShot,Tailwind,Haze,Protect|||F|||50|,,,,,Fairy
|c|☆testalt3211|glhf
|c|☆fortree21utube|u2
|
|t:|1756930405
|teamsize|p1|4
|teamsize|p2|4
|start
|switch|p1a: Corviknight|Corviknight, L50, F|100/100
|switch|p1b: Garchomp|Garchomp, L50, F|100/100
|switch|p2a: Gholdengo|Gholdengo, L50|100/100
|switch|p2b: Incineroar|Incineroar, L50, M|100/100
|-ability|p2b: Incineroar|Intimidate|boost
|-ability|p1a: Corviknight|Mirror Armor
|-unboost|p2b: Incineroar|atk|1
|-fail|p1b: Garchomp|unboost|[from] item: Clear Amulet|[of] p1b: Garchomp
|turn|1
|
|t:|1756930423
|switch|p2b: Amoonguss|Amoonguss, L50, F|100/100
|-terastallize|p2a: Gholdengo|Water
|move|p1b: Garchomp|Earthquake|p2b: Amoonguss|[spread] p2a,p2b
|-immune|p1a: Corviknight
|-damage|p2a: Gholdengo|62/100
|-damage|p2b: Amoonguss|65/100
|move|p2a: Gholdengo|Nasty Plot|p2a: Gholdengo
|-boost|p2a: Gholdengo|spa|2
|move|p1a: Corviknight|Tailwind|p1a: Corviknight
|-sidestart|p1: fortree21utube|move: Tailwind
|
|upkeep
|turn|2
|
|t:|1756930447
|move|p2b: Amoonguss|Rage Powder|p2b: Amoonguss
|-singleturn|p2b: Amoonguss|move: Rage Powder
|move|p1b: Garchomp|Earthquake|p2b: Amoonguss|[spread] p2a,p2b
|-immune|p1a: Corviknight
|-damage|p2a: Gholdengo|19/100
|-damage|p2b: Amoonguss|30/100
|-enditem|p2b: Amoonguss|Sitrus Berry|[eat]
|-heal|p2b: Amoonguss|55/100|[from] item: Sitrus Berry
|move|p1a: Corviknight|Brave Bird|p2b: Amoonguss
|-supereffective|p2b: Amoonguss
|-damage|p2b: Amoonguss|0 fnt
|faint|p2b: Amoonguss
|-damage|p1a: Corviknight|81/100|[from] Recoil
|move|p2a: Gholdengo|Make It Rain|p1a: Corviknight|[spread] p1a,p1b
|-resisted|p1a: Corviknight
|-damage|p1a: Corviknight|39/100
|-damage|p1b: Garchomp|0 fnt
|-unboost|p2a: Gholdengo|spa|1
|-enditem|p1a: Corviknight|Sitrus Berry|[eat]
|-heal|p1a: Corviknight|64/100|[from] item: Sitrus Berry
|faint|p1b: Garchomp
|-damage|p2a: Gholdengo|10/100|[from] item: Life Orb
|
|upkeep
|
|t:|1756930471
|switch|p1b: Weezing|Weezing-Galar, L50, F|100/100
|switch|p2b: Ursaluna|Ursaluna-Bloodmoon, L50, M|100/100
|-ability|p1b: Weezing|Neutralizing Gas
|turn|3
|
|t:|1756930486
|switch|p2a: Incineroar|Incineroar, L50, M|100/100
|move|p1a: Corviknight|Brave Bird|p2b: Ursaluna
|-damage|p2b: Ursaluna|74/100
|-damage|p1a: Corviknight|55/100|[from] Recoil
|move|p1b: Weezing|Dazzling Gleam|p2a: Incineroar|[spread] p2a,p2b
|-crit|p2b: Ursaluna
|-damage|p2a: Incineroar|67/100
|-damage|p2b: Ursaluna|34/100
|move|p2b: Ursaluna|Blood Moon|p1b: Weezing
|-damage|p1b: Weezing|11/100
|
|upkeep
|turn|4
|
|t:|1756930515
|move|p2b: Ursaluna|Vacuum Wave|p1b: Weezing
|-resisted|p1b: Weezing
|-damage|p1b: Weezing|7/100
|move|p1a: Corviknight|Roost|p1a: Corviknight
|-heal|p1a: Corviknight|100/100
|-singleturn|p1a: Corviknight|move: Roost
|move|p1b: Weezing|Dazzling Gleam|p2a: Incineroar|[spread] p2a,p2b
|-damage|p2a: Incineroar|33/100
|-damage|p2b: Ursaluna|11/100
|move|p2a: Incineroar|Flare Blitz|p1a: Corviknight
|-supereffective|p1a: Corviknight
|-damage|p1a: Corviknight|19/100
|-damage|p2a: Incineroar|6/100|[from] Recoil
|
|-sideend|p1: fortree21utube|move: Tailwind
|upkeep
|turn|5
|
|t:|1756930534
|move|p1a: Corviknight|Protect|p1a: Corviknight
|-singleturn|p1a: Corviknight|Protect
|move|p2a: Incineroar|Flare Blitz|p1a: Corviknight
|-activate|p1a: Corviknight|move: Protect
|move|p1b: Weezing|Dazzling Gleam|p2a: Incineroar|[spread] p2a,p2b
|-crit|p2b: Ursaluna
|-damage|p2a: Incineroar|0 fnt
|-damage|p2b: Ursaluna|0 fnt
|faint|p2a: Incineroar
|faint|p2b: Ursaluna
|
|upkeep
|
|t:|1756930537
|switch|p2b: Gholdengo|Gholdengo, L50, tera:Water|10/100
|turn|6
|
|t:|1756930550
|move|p2b: Gholdengo|Make It Rain|p1b: Weezing|[spread] p1a,p1b
|-resisted|p1a: Corviknight
|-supereffective|p1b: Weezing
|-damage|p1a: Corviknight|0 fnt
|-damage|p1b: Weezing|0 fnt
|-unboost|p2b: Gholdengo|spa|1
|faint|p1a: Corviknight
|faint|p1b: Weezing
|-end|p1b: Weezing|ability: Neutralizing Gas
|-damage|p2b: Gholdengo|0 fnt|[from] item: Life Orb
|faint|p2b: Gholdengo
|
|win|fortree21utube
|l|☆fortree21utube
|player|p1|
||fortree21utube is ready for game 2.
|inactive|testalt3211 has 30 seconds to confirm battle start!
||testalt3211 is ready for game 2.
|uhtml|next|Next: Game 2 of 3
|j|☆fortree21utube
|player|p1|fortree21utube|265|
|l|☆fortree21utube
|player|p1|
