|j|☆dambro222
|j|☆PkSbm
|html|dambro222PkSbm    
|uhtml|bestof|Game 1 of a best-of-3
|t:|1756325367
|gametype|doubles
|player|p1|dambro222|101|1134
|player|p2|PkSbm|101|1184
|gen|9
|tier|[Gen 9] VGC 2025 Reg H (Bo3)
|rated|
|rule|Species Clause: Limit one of each Pokémon
|rule|Item Clause: Limit 1 of each item
|clearpoke
|poke|p1|Dragonite, L50, M|
|poke|p1|Volcarona, L50, F|
|poke|p1|Sneasler, L50, M|
|poke|p1|Rillaboom, L50, M|
|poke|p1|Electabuzz, L50, M|
|poke|p1|Kingambit, L50, M|
|poke|p2|Gholdengo, L50|
|poke|p2|Dragonite, L50, M|
|poke|p2|Porygon2, L50|
|poke|p2|Ursaluna-Bloodmoon, L50, M|
|poke|p2|Primarina, L50, M|
|poke|p2|Incineroar, L50, F|
|teampreview|4
|showteam|p1|Dragonite||LoadedDice|Multiscale|ScaleShot,ExtremeSpeed,Haze,Protect|||M|||50|,,,,,Fairy]Volcarona||CovertCloak|FlameBody|HeatWave,TeraBlast,QuiverDance,Protect|||F|||50|,,,,,Fairy]Sneasler||FocusSash|Unburden|CloseCombat,DireClaw,RockSlide,Protect|||M|||50|,,,,,Stellar]Rillaboom||AssaultVest|GrassySurge|WoodHammer,GrassyGlide,HighHorsepower,FakeOut|||M|||50|,,,,,Water]Electabuzz||Eviolite|VitalSpirit|Electroweb,FollowMe,Taunt,Protect|||M|||50|,,,,,Ghost]Kingambit||BlackGlasses|Defiant|KowtowCleave,SuckerPunch,SwordsDance,Protect|||M|||50|,,,,,Dark
|showteam|p2|Gholdengo||LifeOrb|GoodasGold|ShadowBall,MakeItRain,Reflect,LightScreen||||||50|,,,,,Steel]Dragonite||LoadedDice|Multiscale|Tailwind,ScaleShot,ExtremeSpeed,Haze|||M|||50|,,,,,Fairy]Porygon2||Eviolite|Download|Recover,IceBeam,TrickRoom,TeraBlast||||||50|,,,,,Fighting]Ursaluna-Bloodmoon||AssaultVest|MindsEye|VacuumWave,EarthPower,HyperVoice,BloodMoon|||M|||50|,,,,,Ghost]Primarina||SitrusBerry|LiquidVoice|HyperVoice,Haze,Moonblast,Protect|||M|||50|,,,,,Steel]Incineroar||SafetyGoggles|Intimidate|FakeOut,KnockOff,PartingShot,FlareBlitz|||F|||50|,,,,,Ghost
|inactive|Battle timer is ON: inactive players will automatically lose when time's up. (requested by dambro222)
|inactive|dambro222 has 60 seconds left.
|inactive|PkSbm has 60 seconds left.
|
|t:|1756325405
|teamsize|p1|4
|teamsize|p2|4
|start
|switch|p1a: Kingambit|Kingambit, L50, M, shiny|100/100
|switch|p1b: Electabuzz|Electabuzz, L50, M|100/100
|switch|p2a: Gholdengo|Gholdengo, L50|100/100
|switch|p2b: Primarina|Primarina, L50, M|100/100
|turn|1
|inactive|dambro222 has 30 seconds left.
|inactive|dambro222 has 20 seconds left.
|
|t:|1756325441
|switch|p2a: Ursaluna|Ursaluna-Bloodmoon, L50, M|100/100
|move|p1a: Kingambit|Protect|p1a: Kingambit
|-singleturn|p1a: Kingambit|Protect
|move|p1b: Electabuzz|Electroweb|p2b: Primarina|[spread] p2b
|-immune|p2a: Ursaluna
|-supereffective|p2b: Primarina
|-damage|p2b: Primarina|78/100
|-unboost|p2b: Primarina|spe|1
|move|p2b: Primarina|Hyper Voice|p1b: Electabuzz|[spread] p1b
|-activate|p1a: Kingambit|move: Protect
|-damage|p1b: Electabuzz|74/100
|
|upkeep
|turn|2
|
|t:|1756325464
|switch|p1a: Rillaboom|Rillaboom, L50, M|100/100
|-fieldstart|move: Grassy Terrain|[from] ability: Grassy Surge|[of] p1a: Rillaboom
|move|p1b: Electabuzz|Electroweb|p2a: Ursaluna|[spread] p2b
|-immune|p2a: Ursaluna
|-supereffective|p2b: Primarina
|-damage|p2b: Primarina|54/100
|-unboost|p2b: Primarina|spe|1
|move|p2a: Ursaluna|Earth Power|p1a: Rillaboom
|-resisted|p1a: Rillaboom
|-damage|p1a: Rillaboom|78/100
|move|p2b: Primarina|Hyper Voice|p1a: Rillaboom|[spread] p1a,p1b
|-resisted|p1a: Rillaboom
|-damage|p1a: Rillaboom|65/100
|-damage|p1b: Electabuzz|44/100
|
|-heal|p1b: Electabuzz|50/100|[from] Grassy Terrain
|-heal|p1a: Rillaboom|71/100|[from] Grassy Terrain
|-heal|p2b: Primarina|60/100|[from] Grassy Terrain
|upkeep
|turn|3
|inactive|dambro222 has 30 seconds left.
|inactive|PkSbm has 30 seconds left.
|inactive|dambro222 has 20 seconds left.
|inactive|dambro222 has 15 seconds left.
|inactive|dambro222 has 10 seconds left.
|
|t:|1756325510
|switch|p2a: Dragonite|Dragonite, L50, M|100/100
|switch|p2b: Gholdengo|Gholdengo, L50|100/100
|move|p1b: Electabuzz|Taunt|p2b: Gholdengo
|-immune|p2b: Gholdengo|[from] ability: Good as Gold
|move|p1a: Rillaboom|High Horsepower|p2a: Dragonite
|-immune|p2a: Dragonite
|
|-heal|p1b: Electabuzz|56/100|[from] Grassy Terrain
|-heal|p1a: Rillaboom|78/100|[from] Grassy Terrain
|upkeep
|turn|4
|inactive|dambro222 has 30 seconds left.
|
|t:|1756325540
|switch|p1a: Kingambit|Kingambit, L50, M, shiny|100/100
|move|p1b: Electabuzz|Electroweb|p2b: Gholdengo|[spread] p2a,p2b
|-damage|p2a: Dragonite|94/100
|-damage|p2b: Gholdengo|87/100
|-unboost|p2a: Dragonite|spe|1
|-unboost|p2b: Gholdengo|spe|1
|move|p2a: Dragonite|Scale Shot|p1a: Kingambit
|-resisted|p1a: Kingambit
|-damage|p1a: Kingambit|95/100
|-resisted|p1a: Kingambit
|-damage|p1a: Kingambit|90/100
|-resisted|p1a: Kingambit
|-damage|p1a: Kingambit|84/100
|-resisted|p1a: Kingambit
|-damage|p1a: Kingambit|79/100
|-hitcount|p1a: Kingambit|4
|-unboost|p2a: Dragonite|def|1
|-boost|p2a: Dragonite|spe|1
|move|p2b: Gholdengo|Shadow Ball|p1a: Kingambit
|-resisted|p1a: Kingambit
|-damage|p1a: Kingambit|52/100
|-damage|p2b: Gholdengo|78/100|[from] item: Life Orb
|
|-heal|p1b: Electabuzz|62/100|[from] Grassy Terrain
|-heal|p1a: Kingambit|58/100|[from] Grassy Terrain
|-heal|p2b: Gholdengo|84/100|[from] Grassy Terrain
|upkeep
|turn|5
|inactive|dambro222 has 30 seconds left.
|inactive|PkSbm has 30 seconds left.
|inactive|dambro222 has 20 seconds left.
|
|t:|1756325580
|move|p1b: Electabuzz|Electroweb|p2b: Gholdengo|[spread] p2a,p2b
|-damage|p2a: Dragonite|81/100
|-damage|p2b: Gholdengo|71/100
|-unboost|p2a: Dragonite|spe|1
|-unboost|p2b: Gholdengo|spe|1
|move|p2a: Dragonite|Scale Shot|p1b: Electabuzz
|-damage|p1b: Electabuzz|51/100
|-damage|p1b: Electabuzz|41/100
|-damage|p1b: Electabuzz|30/100
|-crit|p1b: Electabuzz
|-damage|p1b: Electabuzz|12/100
|-hitcount|p1b: Electabuzz|4
|-unboost|p2a: Dragonite|def|1
|-boost|p2a: Dragonite|spe|1
|move|p1a: Kingambit|Kowtow Cleave|p2b: Gholdengo
|-supereffective|p2b: Gholdengo
|-damage|p2b: Gholdengo|0 fnt
|faint|p2b: Gholdengo
|
|-heal|p1b: Electabuzz|18/100|[from] Grassy Terrain
|-heal|p1a: Kingambit|64/100|[from] Grassy Terrain
|upkeep
|
|t:|1756325600
|switch|p2b: Ursaluna|Ursaluna-Bloodmoon, L50, M|100/100
|turn|6
|inactive|dambro222 has 30 seconds left.
|
|t:|1756325627
|move|p1b: Electabuzz|Follow Me|p1b: Electabuzz
|-singleturn|p1b: Electabuzz|move: Follow Me
|move|p2a: Dragonite|Extreme Speed|p1b: Electabuzz
|-damage|p1b: Electabuzz|0 fnt
|faint|p1b: Electabuzz
|move|p2b: Ursaluna|Vacuum Wave|p1a: Kingambit
|-supereffective|p1a: Kingambit
|-damage|p1a: Kingambit|0 fnt
|faint|p1a: Kingambit
|
|-fieldend|move: Grassy Terrain
|upkeep
|
|t:|1756325636
|switch|p1b: Rillaboom|Rillaboom, L50, M|78/100
|switch|p1a: Sneasler|Sneasler, L50, M|100/100
|-fieldstart|move: Grassy Terrain|[from] ability: Grassy Surge|[of] p1b: Rillaboom
|turn|7
|inactive|dambro222 has 30 seconds left.
|inactive|PkSbm has 30 seconds left.
|inactive|dambro222 has 20 seconds left.
|
|t:|1756325675
|-terastallize|p2b: Ursaluna|Ghost
|move|p1b: Rillaboom|Fake Out|p2a: Dragonite
|-damage|p2a: Dragonite|50/100
|cant|p2a: Dragonite|flinch
|move|p1a: Sneasler|Close Combat|p2b: Ursaluna
|-immune|p2b: Ursaluna
|move|p2b: Ursaluna|Hyper Voice|p1a: Sneasler|[spread] p1a,p1b
|-damage|p1a: Sneasler|44/100
|-damage|p1b: Rillaboom|46/100
|
|-heal|p1a: Sneasler|50/100|[from] Grassy Terrain
|-heal|p1b: Rillaboom|53/100|[from] Grassy Terrain
|upkeep
|turn|8
|inactive|PkSbm has 30 seconds left.
|inactive|dambro222 has 30 seconds left.
|
|t:|1756325709
|switch|p2a: Primarina|Primarina, L50, M|60/100
|-terastallize|p1a: Sneasler|Stellar
|move|p1a: Sneasler|Rock Slide|p2a: Primarina|[spread] p2a,p2b
|-damage|p2a: Primarina|34/100
|-damage|p2b: Ursaluna|83/100
|-enditem|p2a: Primarina|Sitrus Berry|[eat]
|-heal|p2a: Primarina|58/100|[from] item: Sitrus Berry
|move|p1b: Rillaboom|Wood Hammer|p2b: Ursaluna
|-damage|p2b: Ursaluna|25/100
|-damage|p1b: Rillaboom|31/100|[from] Recoil
|move|p2b: Ursaluna|Hyper Voice|p1a: Sneasler|[spread] p1a,p1b
|-crit|p1b: Rillaboom
|-damage|p1a: Sneasler|0 fnt
|-damage|p1b: Rillaboom|0 fnt
|faint|p1a: Sneasler
|faint|p1b: Rillaboom
|
|win|PkSbm
|inactive|dambro222 has 30 seconds to confirm battle start!
|inactive|PkSbm has 30 seconds to confirm battle start!
||dambro222 is ready for game 2.
||PkSbm is ready for game 2.
|uhtml|next|Next: Game 2 of 3
|l|☆PkSbm
|player|p2|
