|j|☆Jurbski
|j|☆curios d'arte
|html|Jurbskicurios d'arte    
|uhtml|bestof|Game 2 of a best-of-3
|t:|1756751617
|gametype|doubles
|player|p1|Jurbski|cheren-masters|
|player|p2|curios d'arte|miku-ghost|
|gen|9
|tier|[Gen 9] VGC 2025 Reg H (Bo3)
|rule|Species Clause: Limit one of each Pokémon
|rule|Item Clause: Limit 1 of each item
|clearpoke
|poke|p1|Drifblim, L50, F|
|poke|p1|Amoonguss, L50, M|
|poke|p1|Indeedee-F, L50, F|
|poke|p1|Reuniclus, L50, M|
|poke|p1|Torkoal, L50, F|
|poke|p1|Hariyama, L50, M|
|poke|p2|Torkoal, L50, M|
|poke|p2|Crabominable, L50, M|
|poke|p2|Reuniclus, L50, M|
|poke|p2|Indeedee-F, L50, F|
|poke|p2|Bisharp, L50, F|
|poke|p2|Scrafty, L50, M|
|teampreview|4
|showteam|p1|Drifblim||PsychicSeed|Unburden|Acrobatics,WillOWisp,Tailwind,StrengthSap|||F|||50|,,,,,Flying]Amoonguss||CovertCloak|Regenerator|PollenPuff,Spore,RagePowder,Protect|||M|||50|,,,,,Dark]Indeedee-F||SafetyGoggles|PsychicSurge|DazzlingGleam,FollowMe,TrickRoom,Protect|||F|||50|,,,,,Fairy]Reuniclus||Leftovers|Overcoat|ExpandingForce,PsychicNoise,TrickRoom,Protect|||M|||50|,,,,,Psychic]Torkoal||Charcoal|Drought|HeatWave,Eruption,Overheat,Protect|||F|||50|,,,,,Dragon]Hariyama||FlameOrb|Guts|CloseCombat,KnockOff,WideGuard,Detect|||M|||50|,,,,,Ghost
|showteam|p2|Torkoal||Charcoal|Drought|EarthPower,Eruption,Protect,Flamethrower|||M|||50|,,,,,Fire]Crabominable||ClearAmulet|IronFist|IceHammer,Protect,DrainPunch,ThunderPunch|||M|||50|,,,,,Water]Reuniclus||TwistedSpoon|Overcoat|ExpandingForce,TrickRoom,Protect,FocusBlast|||M|||50|,,,,,Fighting]Indeedee-F||SafetyGoggles|OwnTempo|TrickRoom,FollowMe,Psychic,HelpingHand|||F|||50|,,,,,Water]Bisharp||Eviolite|Defiant|SuckerPunch,IronHead,Protect,ThroatChop|||F|||50|,,,,,Fairy]Scrafty||CovertCloak|Intimidate|Coaching,KnockOff,SuperFang,FakeOut|||M|||50|,,,,,Grass
|inactive|Battle timer is ON: inactive players will automatically lose when time's up. (requested by curios d'arte)
|inactive|Jurbski has 60 seconds left.
|
|t:|1756751665
|teamsize|p1|4
|teamsize|p2|4
|start
|switch|p1a: Hariyama|Hariyama, L50, M, shiny|100/100
|switch|p1b: Drifblim|Drifblim, L50, F, shiny|100/100
|switch|p2a: Torkoal|Torkoal, L50, M|100/100
|switch|p2b: Reuniclus|Reuniclus, L50, M|100/100
|-weather|SunnyDay|[from] ability: Drought|[of] p2a: Torkoal
|turn|1
|
|t:|1756751696
|move|p1a: Hariyama|Detect|p1a: Hariyama
|-singleturn|p1a: Hariyama|Protect
|move|p1b: Drifblim|Tailwind|p1b: Drifblim
|-sidestart|p1: Jurbski|move: Tailwind
|move|p2b: Reuniclus|Expanding Force|p1a: Hariyama
|-activate|p1a: Hariyama|move: Protect
|move|p2a: Torkoal|Flamethrower|p1b: Drifblim
|-damage|p1b: Drifblim|8/100
|
|-weather|SunnyDay|[upkeep]
|-status|p1a: Hariyama|brn|[from] item: Flame Orb
|upkeep
|turn|2
|
|t:|1756751715
|move|p1b: Drifblim|Strength Sap|p2a: Torkoal
|-unboost|p2a: Torkoal|atk|1
|-heal|p1b: Drifblim|44/100
|move|p1a: Hariyama|Knock Off|p2b: Reuniclus
|-supereffective|p2b: Reuniclus
|-damage|p2b: Reuniclus|0 fnt
|-enditem|p2b: Reuniclus|Twisted Spoon|[from] move: Knock Off|[of] p1a: Hariyama
|faint|p2b: Reuniclus
|move|p2a: Torkoal|Eruption|p1a: Hariyama|[spread] p1a,p1b
|-damage|p1a: Hariyama|7/100 brn
|-damage|p1b: Drifblim|0 fnt
|faint|p1b: Drifblim
|
|-weather|SunnyDay|[upkeep]
|-damage|p1a: Hariyama|1/100 brn|[from] brn
|upkeep
|
|t:|1756751735
|switch|p1b: Reuniclus|Reuniclus, L50, M|100/100
|switch|p2b: Crabominable|Crabominable, L50, M|100/100
|turn|3
|
|t:|1756751760
|move|p2b: Crabominable|Protect|p2b: Crabominable
|-singleturn|p2b: Crabominable|Protect
|move|p2a: Torkoal|Protect|p2a: Torkoal
|-singleturn|p2a: Torkoal|Protect
|move|p1a: Hariyama|Wide Guard|p1a: Hariyama
|-singleturn|p1a: Hariyama|Wide Guard
|move|p1b: Reuniclus|Expanding Force|p2a: Torkoal
|-activate|p2a: Torkoal|move: Protect
|
|-weather|SunnyDay|[upkeep]
|-damage|p1a: Hariyama|0 fnt|[from] brn
|faint|p1a: Hariyama
|upkeep
|
|t:|1756751770
|switch|p1a: Torkoal|Torkoal, L50, F|100/100
|turn|4
|
|t:|1756751783
|switch|p2b: Scrafty|Scrafty, L50, M|100/100
|-ability|p2b: Scrafty|Intimidate|boost
|-unboost|p1a: Torkoal|atk|1
|-unboost|p1b: Reuniclus|atk|1
|move|p1b: Reuniclus|Expanding Force|p2a: Torkoal
|-damage|p2a: Torkoal|38/100
|move|p1a: Torkoal|Heat Wave|p2a: Torkoal|[spread] p2a
|-miss|p1a: Torkoal|p2b: Scrafty
|-resisted|p2a: Torkoal
|-damage|p2a: Torkoal|2/100
|move|p2a: Torkoal|Earth Power|p1a: Torkoal
|-supereffective|p1a: Torkoal
|-damage|p1a: Torkoal|35/100
|
|-weather|SunnyDay|[upkeep]
|-sideend|p1: Jurbski|move: Tailwind
|upkeep
|turn|5
|inactive|Jurbski has 30 seconds left.
|inactive|curios d'arte has 30 seconds left.
|inactive|curios d'arte has 20 seconds left.
|inactive|curios d'arte has 15 seconds left.
|
|t:|1756751828
|move|p1a: Torkoal|Protect|p1a: Torkoal
|-singleturn|p1a: Torkoal|Protect
|move|p2b: Scrafty|Knock Off|p1b: Reuniclus
|-supereffective|p1b: Reuniclus
|-damage|p1b: Reuniclus|45/100
|-enditem|p1b: Reuniclus|Leftovers|[from] move: Knock Off|[of] p2b: Scrafty
|move|p2a: Torkoal|Flamethrower|p1b: Reuniclus
|-damage|p1b: Reuniclus|0 fnt
|faint|p1b: Reuniclus
|
|-weather|none
|upkeep
|turn|6
|-message|Jurbski forfeited.
|
|win|curios d'arte
|c|☆Jurbski|gg
|c|☆curios d'arte|ggs
|l|☆Jurbski
|player|p1|
