|j|☆ToastedArt
|j|☆guinman24
|html|ToastedArtguinman24    
|uhtml|bestof|Game 3 of a best-of-3
|t:|1784333898
|gametype|doubles
|player|p1|ToastedArt|iris|1095
|player|p2|guinman24|infielder|1000
|gen|9
|tier|[Gen 9 Champions] VGC 2026 Reg M-B (Bo3)
|rated|
|rule|Species Clause: Limit one of each Pokémon
|rule|Item Clause: Limit 1 of each item
|clearpoke
|poke|p1|Sinistcha, L50|
|poke|p1|Sneasler, L50, M|
|poke|p1|Hydreigon, L50, F|
|poke|p1|Gholdengo, L50|
|poke|p1|Falinks, L50, shiny|
|poke|p1|Incineroar, L50, M|
|poke|p2|Glimmora, L50, F, shiny|
|poke|p2|Whimsicott, L50, F|
|poke|p2|Hydreigon, L50, M|
|poke|p2|Incineroar, L50, F|
|poke|p2|Basculegion, L50, M|
|poke|p2|Metagross, L50|
|teampreview|4
|showteam|p1|Sinistcha||KasibBerry|Hospitality|MatchaGotcha,Imprison,RagePowder,TrickRoom|Calm|||||50|]Sneasler||FocusSash|PoisonTouch|CloseCombat,FakeOut,PoisonJab,AcidSpray|Jolly||M|||50|]Hydreigon||ChoiceScarf|Levitate|DarkPulse,DracoMeteor,EarthPower,Snarl|Modest||F|||50|]Gholdengo||LifeOrb|GoodasGold|MakeItRain,ShadowBall,NastyPlot,Protect|Modest|||||50|]Falinks||Falinksite|Defiant|NoRetreat,SwordsDance,CloseCombat,Protect|Adamant|||||50|]Incineroar||SitrusBerry|Intimidate|FlareBlitz,DarkestLariat,FakeOut,PartingShot|Careful||M|||50|
|showteam|p2|Glimmora||Glimmoranite|ToxicDebris|SludgeBomb,PowerGem,EnergyBall,SpikyShield|Timid||F|||50|]Whimsicott||FocusSash|Prankster|Encore,Moonblast,Tailwind,Protect|Timid||F|||50|]Hydreigon||LifeOrb|Levitate|Snarl,DracoMeteor,EarthPower,Protect|Modest||M|||50|]Incineroar||SitrusBerry|Intimidate|FlareBlitz,DarkestLariat,PartingShot,FakeOut|Impish||F|||50|]Basculegion||MysticWater|Adaptability|WaveCrash,AquaJet,LastRespects,Protect|Jolly||M|||50|]Metagross||Metagrossite|ClearBody|IronHead,PsychicFangs,IcePunch,Protect|Jolly|||||50|
|inactive|Battle timer is ON: inactive players will automatically lose when time's up. (requested by ToastedArt)
|
|t:|1784333923
|teamsize|p1|4
|teamsize|p2|4
|start
|switch|p1a: Falinks|Falinks, L50, shiny|100/100
|switch|p1b: Sneasler|Sneasler, L50, M|100/100
|switch|p2a: Whimsicott|Whimsicott, L50, F|100/100
|switch|p2b: Hydreigon|Hydreigon, L50, M|100/100
|turn|1
|
|t:|1784333938
|detailschange|p1a: Falinks|Falinks-Mega, L50, shiny
|-mega|p1a: Falinks|Falinks|Falinksite
|move|p2a: Whimsicott|Protect|p2a: Whimsicott
|-singleturn|p2a: Whimsicott|Protect
|move|p2b: Hydreigon|Protect|p2b: Hydreigon
|-singleturn|p2b: Hydreigon|Protect
|move|p1b: Sneasler|Poison Jab|p2a: Whimsicott
|-activate|p2a: Whimsicott|move: Protect
|move|p1a: Falinks|No Retreat|p1a: Falinks
|-boost|p1a: Falinks|atk|1
|-boost|p1a: Falinks|def|1
|-boost|p1a: Falinks|spa|1
|-boost|p1a: Falinks|spd|1
|-boost|p1a: Falinks|spe|1
|-start|p1a: Falinks|move: No Retreat
|
|upkeep
|turn|2
|
|t:|1784333954
|move|p2a: Whimsicott|Encore|p1a: Falinks
|-start|p1a: Falinks|Encore
|move|p1a: Falinks|No Retreat||[still]
|-fail|p1a: Falinks
|move|p1b: Sneasler|Poison Jab|p2a: Whimsicott
|-supereffective|p2a: Whimsicott|2
|-enditem|p2a: Whimsicott|Focus Sash
|-damage|p2a: Whimsicott|1/100
|-status|p2a: Whimsicott|psn
|move|p2b: Hydreigon|Earth Power|p1b: Sneasler
|-supereffective|p1b: Sneasler|1
|-enditem|p1b: Sneasler|Focus Sash
|-damage|p1b: Sneasler|1/100
|-damage|p2b: Hydreigon|90/100|[from] item: Life Orb
|
|-damage|p2a: Whimsicott|0 fnt|[from] psn
|faint|p2a: Whimsicott
|upkeep
|
|t:|1784333970
|switch|p2a: Basculegion|Basculegion, L50, M|100/100
|turn|3
|inactive|guinman24 has 30 seconds left.
|inactive|guinman24 has 20 seconds left.
|
|t:|1784334009
|move|p2a: Basculegion|Aqua Jet|p1b: Sneasler
|-damage|p1b: Sneasler|0 fnt
|faint|p1b: Sneasler
|move|p1a: Falinks|No Retreat||[still]
|-fail|p1a: Falinks
|move|p2b: Hydreigon|Earth Power|p1a: Falinks
|-damage|p1a: Falinks|60/100
|-damage|p2b: Hydreigon|80/100|[from] item: Life Orb
|
|upkeep
|
|t:|1784334018
|switch|p1b: Hydreigon|Hydreigon, L50, F|100/100
|turn|4
|inactive|guinman24 has 30 seconds left.
|
|t:|1784334045
|move|p1b: Hydreigon|Dark Pulse|p2a: Basculegion
|-supereffective|p2a: Basculegion|1
|-damage|p2a: Basculegion|4/100
|move|p1a: Falinks|No Retreat||[still]
|-fail|p1a: Falinks
|move|p2b: Hydreigon|Draco Meteor|p1a: Falinks
|-damage|p1a: Falinks|0 fnt
|-unboost|p2b: Hydreigon|spa|2
|faint|p1a: Falinks
|-damage|p2b: Hydreigon|70/100|[from] item: Life Orb
|move|p2a: Basculegion|Wave Crash|p1b: Hydreigon
|-resisted|p1b: Hydreigon|1
|-damage|p1b: Hydreigon|50/100g
|-damage|p2a: Basculegion|0 fnt|[from] Recoil
|faint|p2a: Basculegion
|
|upkeep
|
|t:|1784334060
|switch|p2a: Metagross|Metagross, L50|100/100
|switch|p1a: Gholdengo|Gholdengo, L50|100/100
|turn|5
|
|t:|1784334079
|detailschange|p2a: Metagross|Metagross-Mega, L50
|-mega|p2a: Metagross|Metagross|Metagrossite
|move|p1b: Hydreigon|Dark Pulse|p2a: Metagross
|-supereffective|p2a: Metagross|1
|-damage|p2a: Metagross|1/100
|cant|p2a: Metagross|flinch
|move|p2b: Hydreigon|Snarl|p1a: Gholdengo|[spread] p1b
|-miss|p2b: Hydreigon|p1a: Gholdengo
|-resisted|p1b: Hydreigon|1
|-damage|p1b: Hydreigon|43/100
|-unboost|p1b: Hydreigon|spa|1
|-damage|p2b: Hydreigon|61/100|[from] item: Life Orb
|move|p1a: Gholdengo|Shadow Ball|p2a: Metagross
|-supereffective|p2a: Metagross|1
|-damage|p2a: Metagross|0 fnt
|faint|p2a: Metagross
|-damage|p1a: Gholdengo|90/100|[from] item: Life Orb
|
|upkeep
|turn|6
|
|t:|1784334096
|move|p1b: Hydreigon|Dark Pulse|p2b: Hydreigon
|-resisted|p2b: Hydreigon|1
|-damage|p2b: Hydreigon|44/100
|move|p2b: Hydreigon|Snarl|p1b: Hydreigon|[spread] p1a,p1b
|-supereffective|p1a: Gholdengo|1
|-crit|p1a: Gholdengo
|-resisted|p1b: Hydreigon|1
|-damage|p1a: Gholdengo|0 fnt
|-damage|p1b: Hydreigon|33/100
|-unboost|p1b: Hydreigon|spa|1
|faint|p1a: Gholdengo
|-damage|p2b: Hydreigon|34/100|[from] item: Life Orb
|
|upkeep
|turn|7
|
|t:|1784334107
|move|p1b: Hydreigon|Dark Pulse|p2b: Hydreigon
|-resisted|p2b: Hydreigon|1
|-damage|p2b: Hydreigon|22/100
|move|p2b: Hydreigon|Draco Meteor|p1b: Hydreigon
|-supereffective|p1b: Hydreigon|1
|-crit|p1b: Hydreigon
|-damage|p1b: Hydreigon|0 fnt
|-unboost|p2b: Hydreigon|spa|2
|faint|p1b: Hydreigon
|-damage|p2b: Hydreigon|12/100|[from] item: Life Orb
|
|win|guinman24
|raw|ToastedArt's rating: 1095 → 1064(-31 for losing)
|raw|guinman24's rating: 1000 → 1051(+51 for winning)
