|j|☆new mental
|j|☆munjah 14
|html|new mentalmunjah 14    
|uhtml|bestof|Game 3 of a best-of-3
|t:|1784467797
|gametype|doubles
|player|p1|new mental|volkner|1242
|player|p2|munjah 14|170|1264
|gen|9
|tier|[Gen 9 Champions] VGC 2026 Reg M-B (Bo3)
|rated|
|rule|Species Clause: Limit one of each Pokémon
|rule|Item Clause: Limit 1 of each item
|clearpoke
|poke|p1|Aerodactyl, L50, M|
|poke|p1|Garchomp, L50, M|
|poke|p1|Kingambit, L50, M|
|poke|p1|Charizard, L50, F|
|poke|p1|Sylveon, L50, F|
|poke|p1|Farigiraf, L50, F|
|poke|p2|Tyranitar, L50, F, shiny|
|poke|p2|Talonflame, L50, M, shiny|
|poke|p2|Sneasler, L50, F, shiny|
|poke|p2|Grimmsnarl, L50, M, shiny|
|poke|p2|Rotom-Wash, L50, shiny|
|poke|p2|Venusaur, L50, F, shiny|
|teampreview|4
|showteam|p1|Aerodactyl||Aerodactylite|Unnerve|IceFang,RockSlide,Tailwind,DualWingbeat|Jolly||M|||50|]Garchomp||LifeOrb|RoughSkin|DragonClaw,RockSlide,Earthquake,Protect|Jolly||M|||50|]Kingambit||FocusSash|Defiant|SuckerPunch,KowtowCleave,IronHead,LowKick|Adamant||M|||50|]Charizard||CharizarditeY|SolarPower|Protect,WeatherBall,HeatWave,SolarBeam|Modest||F|||50|]Sylveon||FairyFeather|Pixilate|Protect,HyperVoice,HyperBeam,QuickAttack|Modest||F|||50|]Farigiraf||SitrusBerry|ArmorTail|TrickRoom,Thunderbolt,Roar,Psychic|Bold||F|||50|
|showteam|p2|Tyranitar||Tyranitarite|SandStream|DragonDance,RockSlide,KnockOff,Protect|Jolly||F|||50|]Talonflame||SharpBeak|GaleWings|Tailwind,FlareBlitz,BraveBird,Protect|Jolly||M|||50|]Sneasler||WhiteHerb|Unburden|FakeOut,CloseCombat,DireClaw,Protect|Jolly||F|||50|]Grimmsnarl||LightClay|Prankster|Reflect,LightScreen,PartingShot,FoulPlay|Careful||M|||50|]Rotom-Wash||WideLens|Levitate|HydroPump,Thunderbolt,WillOWisp,Protect|Modest|||||50|]Venusaur||Venusaurite|Chlorophyll|EnergyBall,EarthPower,SludgeBomb,Protect|Modest||F|||50|
|
|t:|1784467813
|teamsize|p1|4
|teamsize|p2|4
|start
|switch|p1a: Sylveon|Sylveon, L50, F|100/100
|switch|p1b: Farigiraf|Farigiraf, L50, F|100/100
|switch|p2a: Grimmsnarl|Grimmsnarl, L50, M, shiny|100/100
|switch|p2b: Rotom|Rotom-Wash, L50, shiny|100/100
|turn|1
|
|t:|1784467831
|move|p2a: Grimmsnarl|Light Screen|p2a: Grimmsnarl
|-sidestart|p2: munjah 14|move: Light Screen
|move|p2b: Rotom|Hydro Pump|p1b: Farigiraf
|-damage|p1b: Farigiraf|49/100
|-enditem|p1b: Farigiraf|Sitrus Berry|[eat]
|-heal|p1b: Farigiraf|74/100|[from] item: Sitrus Berry
|move|p1a: Sylveon|Hyper Beam|p2a: Grimmsnarl
|-supereffective|p2a: Grimmsnarl|1
|-damage|p2a: Grimmsnarl|0 fnt
|-mustrecharge|p1a: Sylveon
|faint|p2a: Grimmsnarl
|move|p1b: Farigiraf|Roar|p1a: Sylveon
|drag|p1a: Garchomp|Garchomp, L50, M|100/100
|
|upkeep
|
|t:|1784467852
|switch|p2a: Tyranitar|Tyranitar, L50, F, shiny|100/100
|-weather|Sandstorm|[from] ability: Sand Stream|[of] p2a: Tyranitar
|turn|2
|
|t:|1784467868
|move|p1a: Garchomp|Protect|p1a: Garchomp
|-singleturn|p1a: Garchomp|Protect
|move|p2a: Tyranitar|Dragon Dance|p2a: Tyranitar
|-boost|p2a: Tyranitar|atk|1
|-boost|p2a: Tyranitar|spe|1
|move|p2b: Rotom|Will-O-Wisp|p1a: Garchomp
|-activate|p1a: Garchomp|move: Protect
|move|p1b: Farigiraf|Psychic|p2b: Rotom
|-damage|p2b: Rotom|75/100
|
|-weather|Sandstorm|[upkeep]
|-damage|p2b: Rotom|70/100|[from] Sandstorm
|-damage|p1b: Farigiraf|68/100|[from] Sandstorm
|upkeep
|turn|3
|
|t:|1784467887
|switch|p1a: Sylveon|Sylveon, L50, F|100/100
|detailschange|p2a: Tyranitar|Tyranitar-Mega, L50, F, shiny
|-mega|p2a: Tyranitar|Tyranitar|Tyranitarite
|move|p2a: Tyranitar|Dragon Dance|p2a: Tyranitar
|-boost|p2a: Tyranitar|atk|1
|-boost|p2a: Tyranitar|spe|1
|move|p2b: Rotom|Will-O-Wisp|p1a: Sylveon
|-status|p1a: Sylveon|brn
|move|p1b: Farigiraf|Roar|p2a: Tyranitar
|drag|p2a: Venusaur|Venusaur, L50, F, shiny|100/100
|
|-weather|Sandstorm|[upkeep]
|-damage|p2b: Rotom|64/100|[from] Sandstorm
|-damage|p2a: Venusaur|94/100|[from] Sandstorm
|-damage|p1a: Sylveon|93/100 brn|[from] Sandstorm
|-damage|p1b: Farigiraf|62/100|[from] Sandstorm
|-damage|p1a: Sylveon|87/100 brn|[from] brn
|upkeep
|turn|4
|
|t:|1784467906
|move|p2b: Rotom|Thunderbolt|p1b: Farigiraf
|-damage|p1b: Farigiraf|25/100
|-status|p1b: Farigiraf|par
|move|p2a: Venusaur|Sludge Bomb|p1a: Sylveon
|-supereffective|p1a: Sylveon|1
|-damage|p1a: Sylveon|19/100 brn
|move|p1a: Sylveon|Hyper Beam|p2b: Rotom
|-damage|p2b: Rotom|0 fnt
|-mustrecharge|p1a: Sylveon
|faint|p2b: Rotom
|move|p1b: Farigiraf|Psychic|p2a: Venusaur
|-supereffective|p2a: Venusaur|1
|-damage|p2a: Venusaur|52/100
|
|-weather|Sandstorm|[upkeep]
|-damage|p2a: Venusaur|46/100|[from] Sandstorm
|-damage|p1a: Sylveon|13/100 brn|[from] Sandstorm
|-damage|p1b: Farigiraf|19/100 par|[from] Sandstorm
|-damage|p1a: Sylveon|7/100 brn|[from] brn
|upkeep
|
|t:|1784467915
|switch|p2b: Tyranitar|Tyranitar-Mega, L50, F, shiny|100/100
|turn|5
|
|t:|1784467932
|move|p2b: Tyranitar|Dragon Dance|p2b: Tyranitar
|-boost|p2b: Tyranitar|atk|1
|-boost|p2b: Tyranitar|spe|1
|move|p2a: Venusaur|Sludge Bomb|p1b: Farigiraf
|-damage|p1b: Farigiraf|0 fnt
|faint|p1b: Farigiraf
|cant|p1a: Sylveon|recharge
|
|-weather|Sandstorm|[upkeep]
|-damage|p2a: Venusaur|40/100|[from] Sandstorm
|-damage|p1a: Sylveon|1/100 brn|[from] Sandstorm
|-damage|p1a: Sylveon|0 fnt|[from] brn
|faint|p1a: Sylveon
|upkeep
|
|t:|1784467939
|switch|p1a: Charizard|Charizard, L50, F|100/100
|switch|p1b: Garchomp|Garchomp, L50, M|100/100
|turn|6
|
|t:|1784467953
|move|p1a: Charizard|Protect|p1a: Charizard
|-singleturn|p1a: Charizard|Protect
|move|p2b: Tyranitar|Rock Slide|p1b: Garchomp|[spread] p1b
|-activate|p1a: Charizard|move: Protect
|-resisted|p1b: Garchomp|1
|-damage|p1b: Garchomp|75/100
|cant|p1b: Garchomp|flinch
|move|p2a: Venusaur|Energy Ball|p1b: Garchomp
|-damage|p1b: Garchomp|31/100
|
|-weather|none
|upkeep
|turn|7
|inactive|Battle timer is ON: inactive players will automatically lose when time's up. (requested by new mental)
|
|t:|1784467974
|move|p2b: Tyranitar|Rock Slide|p1b: Garchomp|[spread] p1a,p1b
|-supereffective|p1a: Charizard|2
|-resisted|p1b: Garchomp|1
|-damage|p1a: Charizard|0 fnt
|-damage|p1b: Garchomp|4/100
|faint|p1a: Charizard
|move|p1b: Garchomp|Earthquake|p2b: Tyranitar|[spread] p2a,p2b
|-supereffective|p2b: Tyranitar|1
|-damage|p2a: Venusaur|0 fnt
|-damage|p2b: Tyranitar|33/100
|faint|p2a: Venusaur
|-damage|p1b: Garchomp|0 fnt|[from] item: Life Orb
|faint|p1b: Garchomp
|
|win|munjah 14
|raw|new mental's rating: 1242 → 1219(-23 for losing)
|raw|munjah 14's rating: 1264 → 1287(+23 for winning)
