|j|☆Manu2526mr
|j|☆robinrambles
|html|Manu2526mrrobinrambles    
|uhtml|bestof|Game 1 of a best-of-3
|t:|1785862527
|gametype|doubles
|player|p1|Manu2526mr|170|1000
|player|p2|robinrambles|dawn-gen4pt|1100
|gen|9
|tier|[Gen 9 Champions] VGC 2026 Reg M-B (Bo3)
|rated|
|rule|Species Clause: Limit one of each Pokémon
|rule|Item Clause: Limit 1 of each item
|clearpoke
|poke|p1|Blaziken, L50, M|
|poke|p1|Aerodactyl, L50, M|
|poke|p1|Kingambit, L50, M|
|poke|p1|Basculegion, L50, M|
|poke|p1|Sylveon, L50, F|
|poke|p1|Garchomp, L50, F|
|poke|p2|Staraptor, L50, F|
|poke|p2|Arcanine-Hisui, L50, M|
|poke|p2|Whimsicott, L50, M|
|poke|p2|Raichu, L50, F|
|poke|p2|Gholdengo, L50|
|poke|p2|Hydreigon, L50, F|
|teampreview|4
|showteam|p1|Blaziken||Blazikenite|SpeedBoost|CloseCombat,FlareBlitz,Protect,RockSlide|Adamant||M|||50|]Aerodactyl||Aerodactylite|Unnerve|RockSlide,DualWingbeat,IceFang,Tailwind|Jolly||M|||50|]Kingambit||FocusSash|Defiant|KowtowCleave,Protect,IronHead,SuckerPunch|Adamant||M|||50|]Basculegion||ChoiceScarf|Adaptability|Liquidation,FlipTurn,LastRespects,AquaJet|Jolly||M|||50|]Sylveon||FairyFeather|Pixilate|HyperVoice,Moonblast,QuickAttack,Protect|Sassy||F|||50|]Garchomp||LifeOrb|SandVeil|DragonClaw,Earthquake,Protect,RockSlide|Jolly||F|||50|
|showteam|p2|Staraptor||Staraptite|Intimidate|BraveBird,CloseCombat,Protect,Roost|Jolly||F|||50|]Arcanine-Hisui||FocusSash|RockHead|HeadSmash,FlareBlitz,ExtremeSpeed,Protect|Jolly||M|||50|]Whimsicott||MentalHerb|Prankster|Moonblast,Taunt,Tailwind,Charm|Bold||M|||50|]Raichu||RaichuniteY|LightningRod|AlluringVoice,ZapCannon,FakeOut,VoltSwitch|Timid||F|||50|]Gholdengo||LifeOrb|GoodasGold|NastyPlot,MakeItRain,ShadowBall,Protect|Timid|||||50|]Hydreigon||ChoiceScarf|Levitate|DracoMeteor,DarkPulse,EarthPower,Snarl|Modest||F|||50|
|
|t:|1785862584
|teamsize|p1|4
|teamsize|p2|4
|start
|switch|p1a: Kingambit|Kingambit, L50, M|100/100
|switch|p1b: Sylveon|Sylveon, L50, F|100/100
|switch|p2a: Raichu|Raichu, L50, F|100/100
|switch|p2b: Arcanine|Arcanine-Hisui, L50, M|100/100
|turn|1
|
|t:|1785862617
|detailschange|p2a: Raichu|Raichu-Mega-Y, L50, F
|-mega|p2a: Raichu|Raichu|Raichunite Y
|move|p1a: Kingambit|Protect|p1a: Kingambit
|-singleturn|p1a: Kingambit|Protect
|move|p2a: Raichu|Volt Switch|p1a: Kingambit
|-activate|p1a: Kingambit|move: Protect
|move|p2b: Arcanine|Flare Blitz|p1a: Kingambit
|-activate|p1a: Kingambit|move: Protect
|move|p1b: Sylveon|Hyper Voice|p2b: Arcanine|[spread] p2a,p2b
|-resisted|p2b: Arcanine|1
|-crit|p2b: Arcanine
|-damage|p2a: Raichu|42/100
|-damage|p2b: Arcanine|66/100
|
|upkeep
|turn|2
|
|t:|1785862650
|switch|p2a: Gholdengo|Gholdengo, L50|100/100
|move|p1a: Kingambit|Sucker Punch||[still]
|-fail|p1a: Kingambit
|move|p2b: Arcanine|Flare Blitz|p1a: Kingambit
|-supereffective|p1a: Kingambit|1
|-damage|p1a: Kingambit|9/100
|-status|p1a: Kingambit|brn
|move|p1b: Sylveon|Hyper Voice|p2a: Gholdengo|[spread] p2a,p2b
|-resisted|p2a: Gholdengo|1
|-resisted|p2b: Arcanine|1
|-damage|p2a: Gholdengo|79/100
|-damage|p2b: Arcanine|43/100
|
|-damage|p1a: Kingambit|3/100 brn|[from] brn
|upkeep
|turn|3
|
|t:|1785862673
|switch|p1b: Garchomp|Garchomp, L50, F|100/100
|move|p2b: Arcanine|Extreme Speed|p1a: Kingambit
|-resisted|p1a: Kingambit|1
|-damage|p1a: Kingambit|0 fnt
|faint|p1a: Kingambit
|move|p2a: Gholdengo|Nasty Plot|p2a: Gholdengo
|-boost|p2a: Gholdengo|spa|2
|
|upkeep
|
|t:|1785862685
|switch|p1a: Aerodactyl|Aerodactyl, L50, M|100/100
|-ability|p1a: Aerodactyl|Unnerve
|turn|4
|
|t:|1785862715
|switch|p2a: Hydreigon|Hydreigon, L50, F|100/100
|detailschange|p1a: Aerodactyl|Aerodactyl-Mega, L50, M
|-mega|p1a: Aerodactyl|Aerodactyl|Aerodactylite
|move|p1a: Aerodactyl|Tailwind|p1a: Aerodactyl
|-sidestart|p1: Manu2526mr|move: Tailwind
|move|p1b: Garchomp|Earthquake|p2b: Arcanine|[spread] p2b
|-immune|p1a: Aerodactyl
|-immune|p2a: Hydreigon|[from] ability: Levitate
|-supereffective|p2b: Arcanine|2
|-damage|p2b: Arcanine|0 fnt
|faint|p2b: Arcanine
|-damage|p1b: Garchomp|90/100|[from] item: Life Orb
|
|upkeep
|
|t:|1785862729
|switch|p2b: Raichu|Raichu-Mega-Y, L50, F|42/100
|turn|5
|
|t:|1785862751
|move|p2b: Raichu|Fake Out|p1a: Aerodactyl
|-resisted|p1a: Aerodactyl|1
|-damage|p1a: Aerodactyl|94/100
|cant|p1a: Aerodactyl|flinch
|move|p1b: Garchomp|Dragon Claw|p2b: Raichu
|-damage|p2b: Raichu|0 fnt
|faint|p2b: Raichu
|-damage|p1b: Garchomp|80/100|[from] item: Life Orb
|move|p2a: Hydreigon|Draco Meteor|p1b: Garchomp
|-supereffective|p1b: Garchomp|1
|-damage|p1b: Garchomp|0 fnt
|-unboost|p2a: Hydreigon|spa|2
|faint|p1b: Garchomp
|
|upkeep
|
|t:|1785862767
|switch|p2b: Gholdengo|Gholdengo, L50|79/100
|switch|p1b: Sylveon|Sylveon, L50, F|100/100
|turn|6
|
|t:|1785862781
|move|p1a: Aerodactyl|Rock Slide|p2a: Hydreigon|[spread] p2a
|-miss|p1a: Aerodactyl|p2b: Gholdengo
|-damage|p2a: Hydreigon|71/100
|cant|p2a: Hydreigon|flinch
|move|p2b: Gholdengo|Make It Rain|p1a: Aerodactyl|[spread] p1a,p1b
|-supereffective|p1a: Aerodactyl|1
|-supereffective|p1b: Sylveon|1
|-damage|p1a: Aerodactyl|0 fnt
|-damage|p1b: Sylveon|34/100
|-unboost|p2b: Gholdengo|spa|2
|faint|p1a: Aerodactyl
|-damage|p2b: Gholdengo|69/100|[from] item: Life Orb
|move|p1b: Sylveon|Hyper Voice|p2a: Hydreigon|[spread] p2a,p2b
|-supereffective|p2a: Hydreigon|2
|-resisted|p2b: Gholdengo|1
|-damage|p2a: Hydreigon|0 fnt
|-damage|p2b: Gholdengo|50/100g
|faint|p2a: Hydreigon
|
|upkeep
|turn|7
|
|t:|1785862803
|move|p2b: Gholdengo|Make It Rain|p1b: Sylveon
|-supereffective|p1b: Sylveon|1
|-damage|p1b: Sylveon|0 fnt
|-unboost|p2b: Gholdengo|spa|2
|faint|p1b: Sylveon
|-damage|p2b: Gholdengo|41/100|[from] item: Life Orb
|
|win|robinrambles
||robinrambles is ready for game 2.
||Manu2526mr is ready for game 2.
|uhtml|next|Next: Game 2 of 3
