|j|☆SelvesterTheYAK
|j|☆wester7
|html|SelvesterTheYAKwester7    
|uhtml|bestof|Game 2 of a best-of-3
|t:|1756867845
|gametype|doubles
|player|p1|SelvesterTheYAK|170|1104
|player|p2|wester7|2|1130
|gen|9
|tier|[Gen 9] VGC 2025 Reg H (Bo3)
|rated|
|rule|Species Clause: Limit one of each Pokémon
|rule|Item Clause: Limit 1 of each item
|clearpoke
|poke|p1|Tyranitar, L50, F|
|poke|p1|Arcanine-Hisui, L50, M|
|poke|p1|Kommo-o, L50, F|
|poke|p1|Gholdengo, L50|
|poke|p1|Rillaboom, L50, M|
|poke|p1|Electabuzz, L50, F|
|poke|p2|Gastrodon-East, L50, F|
|poke|p2|Magmar, L50, F|
|poke|p2|Salamence, L50, F|
|poke|p2|Hydreigon, L50, M|
|poke|p2|Metagross, L50|
|poke|p2|Flamigo, L50, F|
|teampreview|4
|showteam|p1|Tyranitar||AssaultVest|SandStream|RockSlide,KnockOff,TeraBlast,LowKick|||F|||50|,,,,,Flying]Arcanine-Hisui||SitrusBerry|Intimidate|RockSlide,FlareBlitz,WillOWisp,Howl|||M|||50|,,,,,Water]Kommo-o||Leftovers|Overcoat|IronDefense,BodyPress,Protect,DragonClaw|||F|||50|,,,,,Steel]Gholdengo||LifeOrb|GoodasGold|MakeItRain,ShadowBall,NastyPlot,Protect||||||50|,,,,,Steel]Rillaboom||MiracleSeed|GrassySurge|FakeOut,GrassyGlide,WoodHammer,Protect|||M|||50|,,,,,Grass]Electabuzz||Eviolite|VitalSpirit|Taunt,Protect,Electroweb,FollowMe|||F|||50|,,,,,Ghost
|showteam|p2|Gastrodon-East||Leftovers|StormDrain|EarthPower,IceBeam,Yawn,Protect|||F|||50|,,,,,Fairy]Magmar||Eviolite|VitalSpirit|FireSpin,FollowMe,Taunt,Protect|||F|||50|,,,,,Water]Salamence||RockyHelmet|Intimidate|AirSlash,DracoMeteor,Tailwind,Protect|||F|||50|,,,,,Steel]Hydreigon||ChoiceSpecs|Levitate|DracoMeteor,DarkPulse,TeraBlast,Surf|||M|||50|,,,,,Poison]Metagross||AssaultVest|ClearBody|HeavySlam,BulletPunch,PsychicFangs,Earthquake||||||50|,,,,,Water]Flamigo||EjectPack|Scrappy|BraveBird,CloseCombat,WideGuard,Detect|||F|||50|,,,,,Fire
|
|t:|1756867915
|teamsize|p1|4
|teamsize|p2|4
|start
|switch|p1a: Rillaboom|Rillaboom, L50, M|100/100
|switch|p1b: Kommo-o|Kommo-o, L50, F|100/100
|switch|p2a: Gastrodon|Gastrodon-East, L50, F|100/100
|switch|p2b: Hydreigon|Hydreigon, L50, M|100/100
|-fieldstart|move: Grassy Terrain|[from] ability: Grassy Surge|[of] p1a: Rillaboom
|turn|1
|
|t:|1756867949
|-terastallize|p2a: Gastrodon|Fairy
|move|p1a: Rillaboom|Fake Out|p2b: Hydreigon
|-damage|p2b: Hydreigon|81/100
|cant|p2b: Hydreigon|flinch
|move|p1b: Kommo-o|Dragon Claw|p2b: Hydreigon
|-supereffective|p2b: Hydreigon
|-damage|p2b: Hydreigon|16/100
|move|p2a: Gastrodon|Yawn|p1b: Kommo-o
|-start|p1b: Kommo-o|move: Yawn|[of] p2a: Gastrodon
|
|upkeep
|turn|2
|inactive|Battle timer is ON: inactive players will automatically lose when time's up. (requested by SelvesterTheYAK)
|
|t:|1756867971
|switch|p2b: Metagross|Metagross, L50|100/100
|switch|p1b: Gholdengo|Gholdengo, L50|100/100
|switch|p2a: Salamence|Salamence, L50, F|100/100
|-ability|p2a: Salamence|Intimidate|boost
|-unboost|p1a: Rillaboom|atk|1
|-unboost|p1b: Gholdengo|atk|1
|move|p1a: Rillaboom|Grassy Glide|p2b: Metagross
|-resisted|p2b: Metagross
|-damage|p2b: Metagross|88/100
|
|-heal|p2b: Metagross|94/100|[from] Grassy Terrain
|upkeep
|turn|3
|inactive|SelvesterTheYAK has 30 seconds left.
|inactive|wester7 has 30 seconds left.
|inactive|wester7 has 20 seconds left.
|
|t:|1756868006
|switch|p1a: Tyranitar|Tyranitar, L50, F|100/100
|-weather|Sandstorm|[from] ability: Sand Stream|[of] p1a: Tyranitar
|move|p1b: Gholdengo|Protect|p1b: Gholdengo
|-singleturn|p1b: Gholdengo|Protect
|move|p2a: Salamence|Air Slash|p1a: Tyranitar
|-resisted|p1a: Tyranitar
|-damage|p1a: Tyranitar|94/100
|move|p2b: Metagross|Earthquake|p1a: Tyranitar|[spread] p1a
|-activate|p1b: Gholdengo|move: Protect
|-immune|p2a: Salamence
|-supereffective|p1a: Tyranitar
|-damage|p1a: Tyranitar|70/100
|
|-weather|Sandstorm|[upkeep]
|-damage|p2a: Salamence|95/100|[from] Sandstorm
|-heal|p2b: Metagross|99/100|[from] Grassy Terrain
|-heal|p1a: Tyranitar|76/100|[from] Grassy Terrain
|upkeep
|turn|4
|inactive|SelvesterTheYAK has 30 seconds left.
|inactive|wester7 has 30 seconds left.
|inactive|wester7 has 20 seconds left.
|
|t:|1756868042
|switch|p2a: Gastrodon|Gastrodon-East, L50, F, tera:Fairy|100/100
|switch|p1b: Rillaboom|Rillaboom, L50, M|100/100
|move|p2b: Metagross|Bullet Punch|p1a: Tyranitar
|-supereffective|p1a: Tyranitar
|-damage|p1a: Tyranitar|35/100
|move|p1a: Tyranitar|Knock Off|p2b: Metagross
|-supereffective|p2b: Metagross
|-crit|p2b: Metagross
|-damage|p2b: Metagross|0 fnt
|-enditem|p2b: Metagross|Assault Vest|[from] move: Knock Off|[of] p1a: Tyranitar
|faint|p2b: Metagross
|
|-weather|Sandstorm|[upkeep]
|-damage|p1b: Rillaboom|95/100|[from] Sandstorm
|-damage|p2a: Gastrodon|94/100|[from] Sandstorm
|-heal|p1b: Rillaboom|100/100|[from] Grassy Terrain
|-heal|p1a: Tyranitar|41/100|[from] Grassy Terrain
|-heal|p2a: Gastrodon|100/100|[from] Grassy Terrain
|upkeep
|
|t:|1756868056
|switch|p2b: Salamence|Salamence, L50, F|95/100
|-ability|p2b: Salamence|Intimidate|boost
|-unboost|p1a: Tyranitar|atk|1
|-unboost|p1b: Rillaboom|atk|1
|turn|5
|inactive|wester7 has 30 seconds left.
|
|t:|1756868085
|move|p2b: Salamence|Protect|p2b: Salamence
|-singleturn|p2b: Salamence|Protect
|move|p1b: Rillaboom|Fake Out|p2b: Salamence
|-activate|p2b: Salamence|move: Protect
|move|p1a: Tyranitar|Rock Slide|p2b: Salamence|[spread] p2a
|-activate|p2b: Salamence|move: Protect
|-damage|p2a: Gastrodon|84/100
|move|p2a: Gastrodon|Yawn|p1b: Rillaboom
|-start|p1b: Rillaboom|move: Yawn|[of] p2a: Gastrodon
|
|-weather|Sandstorm|[upkeep]
|-damage|p2b: Salamence|89/100|[from] Sandstorm
|-damage|p1b: Rillaboom|95/100|[from] Sandstorm
|-damage|p2a: Gastrodon|78/100|[from] Sandstorm
|-heal|p1b: Rillaboom|100/100|[from] Grassy Terrain
|-heal|p1a: Tyranitar|47/100|[from] Grassy Terrain
|-heal|p2a: Gastrodon|84/100|[from] Grassy Terrain
|-heal|p2a: Gastrodon|90/100|[from] item: Leftovers
|-fieldend|move: Grassy Terrain
|upkeep
|turn|6
|inactive|SelvesterTheYAK has 30 seconds left.
|inactive|wester7 has 30 seconds left.
|inactive|SelvesterTheYAK has 20 seconds left.
|inactive|wester7 has 20 seconds left.
|inactive|wester7 has 15 seconds left.
|
|t:|1756868127
|switch|p1b: Kommo-o|Kommo-o, L50, F|100/100
|move|p2b: Salamence|Draco Meteor|p1a: Tyranitar
|-damage|p1a: Tyranitar|25/100
|-unboost|p2b: Salamence|spa|2
|move|p1a: Tyranitar|Rock Slide|p2b: Salamence|[spread] p2a,p2b
|-supereffective|p2b: Salamence
|-damage|p2a: Gastrodon|74/100
|-damage|p2b: Salamence|44/100
|move|p2a: Gastrodon|Earth Power|p1b: Kommo-o
|-damage|p1b: Kommo-o|73/100
|
|-weather|Sandstorm|[upkeep]
|-damage|p2b: Salamence|38/100|[from] Sandstorm
|-damage|p2a: Gastrodon|68/100|[from] Sandstorm
|-heal|p1b: Kommo-o|79/100|[from] item: Leftovers
|-heal|p2a: Gastrodon|74/100|[from] item: Leftovers
|upkeep
|turn|7
|inactive|SelvesterTheYAK has 30 seconds left.
|inactive|SelvesterTheYAK has 20 seconds left.
|inactive|SelvesterTheYAK has 15 seconds left.
|inactive|SelvesterTheYAK has 10 seconds left.
|inactive|SelvesterTheYAK has 5 seconds left.
|
|t:|1756868180
|-terastallize|p1b: Kommo-o|Steel
|move|p2b: Salamence|Tailwind|p2b: Salamence
|-sidestart|p2: wester7|move: Tailwind
|move|p2a: Gastrodon|Earth Power|p1a: Tyranitar
|-supereffective|p1a: Tyranitar
|-damage|p1a: Tyranitar|0 fnt
|faint|p1a: Tyranitar
|move|p1b: Kommo-o|Dragon Claw|p2b: Salamence
|-supereffective|p2b: Salamence
|-damage|p2b: Salamence|0 fnt
|-damage|p1b: Kommo-o|62/100|[from] item: Rocky Helmet|[of] p2b: Salamence
|faint|p2b: Salamence
|
|-weather|none
|-heal|p2a: Gastrodon|80/100|[from] item: Leftovers
|-heal|p1b: Kommo-o|69/100|[from] item: Leftovers
|upkeep
|
|t:|1756868194
|switch|p2b: Hydreigon|Hydreigon, L50, M|16/100
|switch|p1a: Rillaboom|Rillaboom, L50, M|100/100
|-fieldstart|move: Grassy Terrain|[from] ability: Grassy Surge|[of] p1a: Rillaboom
|turn|8
|
|t:|1756868216
|move|p1a: Rillaboom|Grassy Glide|p2b: Hydreigon
|-resisted|p2b: Hydreigon
|-crit|p2b: Hydreigon
|-damage|p2b: Hydreigon|0 fnt
|faint|p2b: Hydreigon
|move|p2a: Gastrodon|Ice Beam|p1a: Rillaboom
|-supereffective|p1a: Rillaboom
|-damage|p1a: Rillaboom|53/100
|move|p1b: Kommo-o|Body Press|p2a: Gastrodon
|-resisted|p2a: Gastrodon
|-damage|p2a: Gastrodon|63/100
|
|-heal|p2a: Gastrodon|69/100|[from] Grassy Terrain
|-heal|p2a: Gastrodon|76/100|[from] item: Leftovers
|-heal|p1b: Kommo-o|75/100|[from] Grassy Terrain
|-heal|p1b: Kommo-o|81/100|[from] item: Leftovers
|-heal|p1a: Rillaboom|59/100|[from] Grassy Terrain
|upkeep
|turn|9
|inactive|wester7 has 30 seconds left.
|inactive|wester7 has 20 seconds left.
|
|t:|1756868251
|move|p2a: Gastrodon|Earth Power|p1b: Kommo-o
|-supereffective|p1b: Kommo-o
|-damage|p1b: Kommo-o|25/100
|move|p1b: Kommo-o|Body Press|p2a: Gastrodon
|-resisted|p2a: Gastrodon
|-damage|p2a: Gastrodon|60/100
|move|p1a: Rillaboom|Wood Hammer|p2a: Gastrodon
|-damage|p2a: Gastrodon|0 fnt
|faint|p2a: Gastrodon
|-damage|p1a: Rillaboom|39/100|[from] Recoil
|
|win|SelvesterTheYAK
||wester7 is ready for game 3.
||SelvesterTheYAK is ready for game 3.
|uhtml|next|Next: Game 3 of 3
