|j|☆Luzeleah
|j|☆MakeIt(C)RAIn
|html|LuzeleahMakeIt(C)RAIn    
|uhtml|bestof|Game 3 of a best-of-3
|t:|1756306706
|gametype|doubles
|player|p1|Luzeleah|lacey|
|player|p2|MakeIt(C)RAIn|101|
|gen|9
|tier|[Gen 9] VGC 2025 Reg H (Bo3)
|rule|Species Clause: Limit one of each Pokémon
|rule|Item Clause: Limit 1 of each item
|clearpoke
|poke|p1|Spewpa, L50, F|
|poke|p1|Dragonite, L50, F|
|poke|p1|Incineroar, L50, F|
|poke|p1|Ursaluna-Bloodmoon, L50, M|
|poke|p1|Amoonguss, L50, F|
|poke|p1|Gholdengo, L50|
|poke|p2|Maushold-Four, L50|
|poke|p2|Archaludon, L50, F|
|poke|p2|Pelipper, L50, M|
|poke|p2|Basculegion, L50, M|
|poke|p2|Annihilape, L50, M|
|poke|p2|Farigiraf, L50, M|
|teampreview|4
|showteam|p1|Spewpa||Eviolite|FriendGuard|StruggleBug,RagePowder,StringShot,Protect|||F|||50|,,,,,Dark]Dragonite||LoadedDice|Multiscale|ScaleShot,ExtremeSpeed,Tailwind,Protect|||F|||50|,,,,,Fairy]Incineroar||SafetyGoggles|Intimidate|FakeOut,FlareBlitz,KnockOff,PartingShot|||F|||50|,,,,,Bug]Ursaluna-Bloodmoon||AssaultVest|MindsEye|HyperVoice,BloodMoon,EarthPower,VacuumWave|||M|||50|,,,,,Normal]Amoonguss||RockyHelmet|Regenerator|PollenPuff,ClearSmog,Spore,RagePowder|||F|||50|,,,,,Water]Gholdengo||LifeOrb|GoodasGold|MakeItRain,ShadowBall,NastyPlot,Protect||||||50|,,,,,Water
|showteam|p2|Maushold-Four||SafetyGoggles|FriendGuard|FollowMe,BeatUp,Taunt,Protect||||||50|,,,,,Bug]Archaludon||AssaultVest|Stamina|BodyPress,ElectroShot,DragonPulse,Snarl|||F|||50|,,,,,Grass]Pelipper||FocusSash|Drizzle|WeatherBall,Hurricane,WideGuard,Tailwind|||M|||50|,,,,,Grass]Basculegion||ChoiceScarf|SwiftSwim|LastRespects,FlipTurn,AquaJet,WaveCrash|||M|||50|,,,,,Ghost]Annihilape||Leftovers|Defiant|DrainPunch,RageFist,FinalGambit,Protect|||M|||50|,,,,,Dark]Farigiraf||SitrusBerry|ArmorTail|PsychicNoise,Protect,TrickRoom,Imprison|||M|||50|,,,,,Fairy
|inactive|Battle timer is ON: inactive players will automatically lose when time's up. (requested by MakeIt(C)RAIn)
|
|t:|1756306739
|teamsize|p1|4
|teamsize|p2|4
|start
|switch|p1a: Ursaluna|Ursaluna-Bloodmoon, L50, M|100/100
|switch|p1b: Gholdengo|Gholdengo, L50|100/100
|switch|p2a: Maushold|Maushold-Four, L50, shiny|100/100
|switch|p2b: Annihilape|Annihilape, L50, M, shiny|100/100
|turn|1
|inactive|Luzeleah has 30 seconds left.
|inactive|Luzeleah has 20 seconds left.
|inactive|Luzeleah has 15 seconds left.
|inactive|Luzeleah has 10 seconds left.
|
|t:|1756306784
|-terastallize|p1a: Ursaluna|Normal
|move|p1b: Gholdengo|Protect|p1b: Gholdengo
|-singleturn|p1b: Gholdengo|Protect
|move|p2a: Maushold|Follow Me|p2a: Maushold
|-singleturn|p2a: Maushold|move: Follow Me
|move|p2b: Annihilape|Drain Punch|p1a: Ursaluna
|-supereffective|p1a: Ursaluna
|-damage|p1a: Ursaluna|53/100
|move|p1a: Ursaluna|Blood Moon|p2a: Maushold
|-damage|p2a: Maushold|0 fnt
|faint|p2a: Maushold
|
|upkeep
|
|t:|1756306799
|switch|p2a: Pelipper|Pelipper, L50, M|100/100
|-weather|RainDance|[from] ability: Drizzle|[of] p2a: Pelipper
|turn|2
|inactive|Luzeleah has 30 seconds left.
|inactive|MakeIt(C)RAIn has 30 seconds left.
|
|t:|1756306833
|switch|p1a: Amoonguss|Amoonguss, L50, F|100/100
|-terastallize|p2b: Annihilape|Dark
|move|p1b: Gholdengo|Shadow Ball|p2b: Annihilape
|-resisted|p2b: Annihilape
|-damage|p2b: Annihilape|81/100
|-damage|p1b: Gholdengo|91/100|[from] item: Life Orb
|move|p2b: Annihilape|Drain Punch|p1a: Amoonguss
|-resisted|p1a: Amoonguss
|-damage|p1a: Amoonguss|89/100
|-heal|p2b: Annihilape|87/100|[from] drain|[of] p1a: Amoonguss
|-damage|p2b: Annihilape|70/100|[from] item: Rocky Helmet|[of] p1a: Amoonguss
|move|p2a: Pelipper|Hurricane|p1a: Amoonguss
|-supereffective|p1a: Amoonguss
|-damage|p1a: Amoonguss|19/100
|
|-weather|RainDance|[upkeep]
|-heal|p2b: Annihilape|76/100|[from] item: Leftovers
|upkeep
|turn|3
|inactive|Luzeleah has 30 seconds left.
|inactive|Luzeleah has 20 seconds left.
|inactive|Luzeleah has 15 seconds left.
|inactive|Luzeleah has 10 seconds left.
|inactive|Luzeleah has 5 seconds left.
|
|t:|1756306884
|move|p2b: Annihilape|Protect|p2b: Annihilape
|-singleturn|p2b: Annihilape|Protect
|move|p1b: Gholdengo|Shadow Ball|p2a: Pelipper
|-damage|p2a: Pelipper|39/100
|-damage|p1b: Gholdengo|81/100|[from] item: Life Orb
|move|p2a: Pelipper|Hurricane|p1a: Amoonguss
|-supereffective|p1a: Amoonguss
|-damage|p1a: Amoonguss|0 fnt
|faint|p1a: Amoonguss
|
|-weather|RainDance|[upkeep]
|-heal|p2b: Annihilape|82/100|[from] item: Leftovers
|upkeep
|
|t:|1756306899
|switch|p1a: Dragonite|Dragonite, L50, F|100/100
|turn|4
|inactive|MakeIt(C)RAIn has 30 seconds left.
|
|t:|1756306933
|move|p1b: Gholdengo|Protect|p1b: Gholdengo
|-singleturn|p1b: Gholdengo|Protect
|move|p1a: Dragonite|Tailwind|p1a: Dragonite
|-sidestart|p1: Luzeleah|move: Tailwind
|move|p2b: Annihilape|Rage Fist|p1b: Gholdengo
|-activate|p1b: Gholdengo|move: Protect
|move|p2a: Pelipper|Tailwind|p2a: Pelipper
|-sidestart|p2: MakeIt(C)RAIn|move: Tailwind
|
|-weather|RainDance|[upkeep]
|-heal|p2b: Annihilape|88/100|[from] item: Leftovers
|upkeep
|turn|5
|inactive|MakeIt(C)RAIn has 30 seconds left.
|
|t:|1756306963
|switch|p1b: Ursaluna|Ursaluna-Bloodmoon, L50, M, tera:Normal|53/100
|move|p1a: Dragonite|Scale Shot|p2b: Annihilape
|-damage|p2b: Annihilape|76/100
|-damage|p2b: Annihilape|62/100
|-damage|p2b: Annihilape|48/100
|-crit|p2b: Annihilape
|-damage|p2b: Annihilape|26/100
|-hitcount|p2b: Annihilape|4
|-unboost|p1a: Dragonite|def|1
|-boost|p1a: Dragonite|spe|1
|move|p2b: Annihilape|Rage Fist|p1b: Ursaluna
|-immune|p1b: Ursaluna
|move|p2a: Pelipper|Hurricane|p1a: Dragonite
|-damage|p1a: Dragonite|84/100
|-start|p1a: Dragonite|confusion
|
|-weather|RainDance|[upkeep]
|-heal|p2b: Annihilape|32/100|[from] item: Leftovers
|upkeep
|turn|6
|inactive|Luzeleah has 30 seconds left.
|inactive|MakeIt(C)RAIn has 30 seconds left.
|inactive|Luzeleah has 20 seconds left.
|inactive|MakeIt(C)RAIn has 20 seconds left.
|inactive|Luzeleah has 15 seconds left.
|inactive|MakeIt(C)RAIn has 15 seconds left.
|
|t:|1756307008
|move|p2b: Annihilape|Protect|p2b: Annihilape
|-singleturn|p2b: Annihilape|Protect
|-activate|p1a: Dragonite|confusion
|move|p1a: Dragonite|Extreme Speed|p2b: Annihilape
|-activate|p2b: Annihilape|move: Protect
|move|p1b: Ursaluna|Vacuum Wave|p2b: Annihilape
|-activate|p2b: Annihilape|move: Protect
|move|p2a: Pelipper|Weather Ball|p1b: Ursaluna
|-damage|p1b: Ursaluna|17/100
|
|-weather|none
|-heal|p2b: Annihilape|38/100|[from] item: Leftovers
|upkeep
|turn|7
|inactive|Luzeleah has 30 seconds left.
|
|t:|1756307039
|switch|p2b: Basculegion|Basculegion, L50, M|100/100
|switch|p1b: Gholdengo|Gholdengo, L50|81/100
|-activate|p1a: Dragonite|confusion
|move|p1a: Dragonite|Scale Shot|p2a: Pelipper
|-damage|p2a: Pelipper|22/100
|-damage|p2a: Pelipper|6/100
|-damage|p2a: Pelipper|0 fnt
|faint|p2a: Pelipper
|-hitcount|p2: Pelipper|3
|-unboost|p1a: Dragonite|def|1
|-boost|p1a: Dragonite|spe|1
|
|-sideend|p2: MakeIt(C)RAIn|move: Tailwind
|-sideend|p1: Luzeleah|move: Tailwind
|upkeep
|
|t:|1756307048
|switch|p2a: Annihilape|Annihilape, L50, M, shiny, tera:Dark|38/100
|turn|8
|inactive|Luzeleah has 30 seconds left.
|
|t:|1756307074
|move|p1b: Gholdengo|Protect|p1b: Gholdengo
|-singleturn|p1b: Gholdengo|Protect
|move|p2a: Annihilape|Protect|p2a: Annihilape
|-singleturn|p2a: Annihilape|Protect
|-activate|p1a: Dragonite|confusion
|move|p1a: Dragonite|Tailwind|p1a: Dragonite
|-sidestart|p1: Luzeleah|move: Tailwind
|move|p2b: Basculegion|Last Respects|p1a: Dragonite
|-crit|p1a: Dragonite
|-damage|p1a: Dragonite|0 fnt
|faint|p1a: Dragonite
|
|-heal|p2a: Annihilape|44/100|[from] item: Leftovers
|upkeep
|
|t:|1756307082
|switch|p1a: Ursaluna|Ursaluna-Bloodmoon, L50, M, tera:Normal|17/100
|turn|9
|inactive|Luzeleah has 30 seconds left.
|
|t:|1756307109
|move|p1b: Gholdengo|Shadow Ball|p2b: Basculegion
|-supereffective|p2b: Basculegion
|-damage|p2b: Basculegion|0 fnt
|faint|p2b: Basculegion
|-damage|p1b: Gholdengo|72/100|[from] item: Life Orb
|move|p1a: Ursaluna|Blood Moon|p2a: Annihilape
|-damage|p2a: Annihilape|0 fnt
|faint|p2a: Annihilape
|
|win|Luzeleah
|c|☆Luzeleah|gg!
|c|☆MakeIt(C)RAIn|gg
