|j|☆capacete5
|j|☆kodehue
|html|capacete5kodehue    
|uhtml|bestof|Game 3 of a best-of-3
|t:|1784479908
|gametype|doubles
|player|p1|capacete5|byron|1122
|player|p2|kodehue|170|1080
|gen|9
|tier|[Gen 9 Champions] VGC 2026 Reg M-B (Bo3)
|rated|
|rule|Species Clause: Limit one of each Pokémon
|rule|Item Clause: Limit 1 of each item
|clearpoke
|poke|p1|Charizard, L50, F|
|poke|p1|Garchomp, L50, F|
|poke|p1|Sylveon, L50, M|
|poke|p1|Farigiraf, L50, F|
|poke|p1|Kingambit, L50, F|
|poke|p1|Aerodactyl, L50, F|
|poke|p2|Vivillon, L50, M|
|poke|p2|Lopunny, L50, M|
|poke|p2|Malamar, L50, M|
|poke|p2|Aerodactyl, L50, F|
|poke|p2|Volcarona, L50, F|
|poke|p2|Basculegion-F, L50, F|
|teampreview|4
|showteam|p1|Charizard||CharizarditeY|Blaze|Protect,HeatWave,WeatherBall,SolarBeam|Modest||F|||50|]Garchomp||LifeOrb|RoughSkin|Protect,DragonClaw,StompingTantrum,Earthquake|Adamant||F|||50|]Sylveon||FairyFeather|Pixilate|Detect,QuickAttack,HyperVoice,Yawn|Modest||M|||50|]Farigiraf||SitrusBerry|ArmorTail|TwinBeam,Thunderbolt,Protect,TrickRoom|Bold||F|||50|]Kingambit||FocusSash|Defiant|KowtowCleave,IronHead,SuckerPunch,LowKick|Adamant||F|||50|]Aerodactyl||Aerodactylite|Unnerve|RockSlide,DualWingbeat,IceFang,Tailwind|Jolly||F|||50|
|showteam|p2|Vivillon||FocusSash|CompoundEyes|SleepPowder,Hurricane,Whirlwind,Protect|Timid||M|||50|]Lopunny||Lopunnite|CuteCharm|FakeOut,ThunderPunch,FirePunch,HighJumpKick|Jolly||M|||50|]Malamar||Malamarite|Contrary|Superpower,ThroatChop,PoisonJab,PsychoCut|Serious||M|||50|]Aerodactyl||Aerodactylite|RockHead|Tailwind,Taunt,Earthquake,RockSlide|Jolly||F|||50|]Volcarona||BigRoot|FlameBody|Flamethrower,BugBuzz,Protect,GigaDrain|Modest||F|||50|]Basculegion-F||ExpertBelt|Adaptability|IceBeam,MuddyWater,ShadowBall,Protect|Modest||F|||50|
|inactive|Battle timer is ON: inactive players will automatically lose when time's up. (requested by kodehue)
|inactive|capacete5 also wants the timer to be on.
|
|t:|1784479936
|teamsize|p1|4
|teamsize|p2|4
|start
|switch|p1a: Aerodactyl|Aerodactyl, L50, F|100/100
|switch|p1b: Sylveon|Sylveon, L50, M|100/100
|switch|p2a: Vivillon|Vivillon, L50, M|100/100
|switch|p2b: Lopunny|Lopunny, L50, M|100/100
|-ability|p1a: Aerodactyl|Unnerve
|turn|1
|
|t:|1784479954
|switch|p1b: Farigiraf|Farigiraf, L50, F|100/100
|detailschange|p1a: Aerodactyl|Aerodactyl-Mega, L50, F
|-mega|p1a: Aerodactyl|Aerodactyl|Aerodactylite
|detailschange|p2b: Lopunny|Lopunny-Mega, L50, M
|-mega|p2b: Lopunny|Lopunny|Lopunnite
|move|p2b: Lopunny|Fake Out||[still]
|cant|p1b: Farigiraf|ability: Armor Tail|Fake Out|[of] p2b: Lopunny
|move|p1a: Aerodactyl|Rock Slide|p2a: Vivillon|[spread] p2a,p2b
|-supereffective|p2a: Vivillon|2
|-resisted|p2b: Lopunny|1
|-enditem|p2a: Vivillon|Focus Sash
|-damage|p2a: Vivillon|1/100
|-damage|p2b: Lopunny|78/100
|move|p2a: Vivillon|Sleep Powder|p1a: Aerodactyl
|-status|p1a: Aerodactyl|slp|[from] move: Sleep Powder
|
|upkeep
|turn|2
|inactive|capacete5 has 30 seconds left.
|
|t:|1784479982
|switch|p1a: Sylveon|Sylveon, L50, M|100/100
|move|p1b: Farigiraf|Protect|p1b: Farigiraf
|-singleturn|p1b: Farigiraf|Protect
|move|p2b: Lopunny|Thunder Punch|p1a: Sylveon
|-damage|p1a: Sylveon|68/100
|move|p2a: Vivillon|Sleep Powder|p1b: Farigiraf
|-activate|p1b: Farigiraf|move: Protect
|
|upkeep
|turn|3
|
|t:|1784479997
|move|p2a: Vivillon|Protect|p2a: Vivillon
|-singleturn|p2a: Vivillon|Protect
|move|p1a: Sylveon|Quick Attack|p2a: Vivillon
|-activate|p2a: Vivillon|move: Protect
|move|p2b: Lopunny|High Jump Kick|p1a: Sylveon
|-resisted|p1a: Sylveon|1
|-damage|p1a: Sylveon|29/100
|move|p1b: Farigiraf|Twin Beam|p2b: Lopunny
|-supereffective|p2b: Lopunny|1
|-damage|p2b: Lopunny|35/100
|-supereffective|p2b: Lopunny|1
|-damage|p2b: Lopunny|0 fnt
|faint|p2b: Lopunny
|-hitcount|p2: Lopunny|2
|
|upkeep
|
|t:|1784480014
|switch|p2b: Malamar|Malamar, L50, M|100/100
|turn|4
|
|t:|1784480030
|switch|p2a: Basculegion|Basculegion-F, L50, F|100/100
|move|p1a: Sylveon|Detect|p1a: Sylveon
|-singleturn|p1a: Sylveon|Protect
|move|p2b: Malamar|Poison Jab|p1a: Sylveon
|-activate|p1a: Sylveon|move: Protect
|move|p1b: Farigiraf|Thunderbolt|p2a: Basculegion
|-supereffective|p2a: Basculegion|1
|-damage|p2a: Basculegion|46/100
|
|upkeep
|turn|5
|inactive|kodehue has 30 seconds left.
|
|t:|1784480056
|switch|p1a: Garchomp|Garchomp, L50, F|100/100
|move|p2a: Basculegion|Muddy Water|p1b: Farigiraf|[spread] p1a
|-miss|p2a: Basculegion|p1b: Farigiraf
|-crit|p1a: Garchomp
|-damage|p1a: Garchomp|31/100
|move|p2b: Malamar|Throat Chop|p1b: Farigiraf
|-supereffective|p1b: Farigiraf|1
|-damage|p1b: Farigiraf|48/100
|-start|p1b: Farigiraf|Throat Chop|[silent]
|-enditem|p1b: Farigiraf|Sitrus Berry|[eat]
|-heal|p1b: Farigiraf|73/100|[from] item: Sitrus Berry
|move|p1b: Farigiraf|Trick Room|p1b: Farigiraf
|-fieldstart|move: Trick Room|[of] p1b: Farigiraf
|
|upkeep
|turn|6
|inactive|capacete5 has 30 seconds left.
|inactive|kodehue has 30 seconds left.
|
|t:|1784480085
|move|p2a: Basculegion|Protect|p2a: Basculegion
|-singleturn|p2a: Basculegion|Protect
|move|p1b: Farigiraf|Thunderbolt|p2a: Basculegion
|-activate|p2a: Basculegion|move: Protect
|move|p2b: Malamar|Throat Chop|p1b: Farigiraf
|-supereffective|p1b: Farigiraf|1
|-damage|p1b: Farigiraf|23/100
|move|p1a: Garchomp|Dragon Claw|p2b: Malamar
|-damage|p2b: Malamar|19/100
|-damage|p1a: Garchomp|21/100|[from] item: Life Orb
|
|-end|p1b: Farigiraf|Throat Chop|[silent]
|upkeep
|turn|7
|inactive|kodehue has 30 seconds left.
|
|t:|1784480111
|switch|p2a: Vivillon|Vivillon, L50, M|1/100
|move|p1b: Farigiraf|Thunderbolt|p2a: Vivillon
|-supereffective|p2a: Vivillon|1
|-damage|p2a: Vivillon|0 fnt
|faint|p2a: Vivillon
|move|p2b: Malamar|Superpower|p1a: Garchomp
|-damage|p1a: Garchomp|0 fnt
|-boost|p2b: Malamar|atk|1
|-boost|p2b: Malamar|def|1
|-damage|p2b: Malamar|6/100|[from] ability: Rough Skin|[of] p1a: Garchomp
|faint|p1a: Garchomp
|
|upkeep
|
|t:|1784480128
|switch|p1a: Sylveon|Sylveon, L50, M|29/100
|switch|p2a: Basculegion|Basculegion-F, L50, F|46/100
|turn|8
|
|t:|1784480149
|move|p2a: Basculegion|Protect|p2a: Basculegion
|-singleturn|p2a: Basculegion|Protect
|move|p1b: Farigiraf|Thunderbolt|p2a: Basculegion
|-activate|p2a: Basculegion|move: Protect
|move|p2b: Malamar|Poison Jab|p1a: Sylveon
|-supereffective|p1a: Sylveon|1
|-damage|p1a: Sylveon|0 fnt
|faint|p1a: Sylveon
|
|upkeep
|
|t:|1784480158
|switch|p1a: Aerodactyl|Aerodactyl-Mega, L50, F|100/100 slp
|turn|9
|inactive|kodehue has 30 seconds left.
|inactive|kodehue has 20 seconds left.
|inactive|kodehue has 15 seconds left.
|
|t:|1784480199
|move|p1b: Farigiraf|Thunderbolt|p2a: Basculegion
|-supereffective|p2a: Basculegion|1
|-damage|p2a: Basculegion|0 fnt
|faint|p2a: Basculegion
|move|p2b: Malamar|Throat Chop|p1b: Farigiraf
|-supereffective|p1b: Farigiraf|1
|-damage|p1b: Farigiraf|0 fnt
|faint|p1b: Farigiraf
|cant|p1a: Aerodactyl|slp
|
|-fieldend|move: Trick Room
|upkeep
|turn|10
|inactive|kodehue has 30 seconds left.
|
|t:|1784480226
|cant|p1a: Aerodactyl|slp
|move|p2b: Malamar|Superpower|p1a: Aerodactyl
|-damage|p1a: Aerodactyl|40/100 slp
|-boost|p2b: Malamar|atk|1
|-boost|p2b: Malamar|def|1
|
|upkeep
|turn|11
|
|t:|1784480240
|-curestatus|p1a: Aerodactyl|slp|[msg]
|move|p1a: Aerodactyl|Ice Fang|p2b: Malamar
|-damage|p2b: Malamar|0 fnt
|faint|p2b: Malamar
|
|win|capacete5
|raw|capacete5's rating: 1122 → 1144(+22 for winning)
|raw|kodehue's rating: 1080 → 1061(-19 for losing)
