|j|☆fernsthedruids
|j|☆Bruneauxx
|html|fernsthedruidsBruneauxx    
|uhtml|bestof|Game 1 of a best-of-3
|t:|1757816348
|gametype|doubles
|player|p1|fernsthedruids|1|1177
|player|p2|Bruneauxx|fisherman-gen4|1205
|gen|9
|tier|[Gen 9] VGC 2025 Reg H (Bo3)
|rated|
|rule|Species Clause: Limit one of each Pokémon
|rule|Item Clause: Limit 1 of each item
|clearpoke
|poke|p1|Tyranitar, L50, F|
|poke|p1|Indeedee, L50, M|
|poke|p1|Excadrill, L50, M|
|poke|p1|Talonflame, L50, F|
|poke|p1|Dragonite, L50, M|
|poke|p1|Gholdengo, L50|
|poke|p2|Braviary-Hisui, L50, M|
|poke|p2|Sneasler, L50, M|
|poke|p2|Indeedee-F, L50, F|
|poke|p2|Pelipper, L50, F|
|poke|p2|Archaludon, L50, F|
|poke|p2|Kingambit, L50, M|
|teampreview|4
|showteam|p1|Tyranitar||ClearAmulet|SandStream|Protect,KnockOff,RockSlide,DragonDance|||F|||50|,,,,,Flying]Indeedee||ChoiceScarf|PsychicSurge|ExpandingForce,TeraBlast,Trick,Protect|||M|||50|,,,,,Psychic]Excadrill||ChoiceBand|SandRush|Earthquake,HighHorsepower,IronHead,RockSlide|||M|||50|,,,,,Ground]Talonflame||CovertCloak|GaleWings|FlareBlitz,Taunt,Tailwind,BraveBird|||F|||50|,,,,,Flying]Dragonite||LoadedDice|InnerFocus|ScaleShot,Protect,Haze,Tailwind|||M|||50|,,,,,Fairy]Gholdengo||LifeOrb|GoodasGold|Protect,NastyPlot,ShadowBall,MakeItRain||||||50|,,,,,Flying
|showteam|p2|Braviary-Hisui||TwistedSpoon|TintedLens|ExpandingForce,AirSlash,EsperWing,Protect|||M|||50|,,,,,Psychic]Sneasler||PsychicSeed|Unburden|DireClaw,CloseCombat,ThroatChop,Protect|||M|||50|,,,,,Dark]Indeedee-F||SafetyGoggles|PsychicSurge|DazzlingGleam,FollowMe,TrickRoom,HelpingHand|||F|||50|,,,,,Fairy]Pelipper||FocusSash|Drizzle|Hurricane,WeatherBall,Tailwind,Protect|||F|||50|,,,,,Stellar]Archaludon||AssaultVest|Stamina|ElectroShot,FlashCannon,DragonPulse,BodyPress|||F|||50|,,,,,Grass]Kingambit||BlackGlasses|Defiant|KowtowCleave,LowKick,SuckerPunch,Protect|||M|||50|,,,,,Dark
|inactive|Battle timer is ON: inactive players will automatically lose when time's up. (requested by Bruneauxx)
|
|t:|1757816378
|teamsize|p1|4
|teamsize|p2|4
|start
|switch|p1a: Talonflame|Talonflame, L50, F|100/100
|switch|p1b: Dragonite|Dragonite, L50, M|100/100
|switch|p2a: Sneasler|Sneasler, L50, M|100/100
|switch|p2b: Indeedee|Indeedee-F, L50, F|100/100
|-fieldstart|move: Psychic Terrain|[from] ability: Psychic Surge|[of] p2b: Indeedee
|-enditem|p2a: Sneasler|Psychic Seed
|-boost|p2a: Sneasler|spd|1|[from] item: Psychic Seed
|turn|1
|inactive|fernsthedruids has 30 seconds left.
|
|t:|1757816403
|switch|p2a: Braviary|Braviary-Hisui, L50, M|100/100
|move|p1a: Talonflame|Taunt|p2b: Indeedee
|-start|p2b: Indeedee|move: Taunt
|move|p1b: Dragonite|Scale Shot|p2a: Braviary
|-damage|p2a: Braviary|82/100
|-damage|p2a: Braviary|63/100
|-damage|p2a: Braviary|46/100
|-damage|p2a: Braviary|27/100
|-damage|p2a: Braviary|11/100
|-hitcount|p2a: Braviary|5
|-unboost|p1b: Dragonite|def|1
|-boost|p1b: Dragonite|spe|1
|cant|p2b: Indeedee|move: Taunt|Trick Room
|
|upkeep
|turn|2
|inactive|fernsthedruids has 30 seconds left.
|inactive|fernsthedruids has 20 seconds left.
|
|t:|1757816442
|switch|p2a: Archaludon|Archaludon, L50, F|100/100
|move|p1b: Dragonite|Scale Shot|p2b: Indeedee
|-damage|p2b: Indeedee|86/100
|-damage|p2b: Indeedee|71/100
|-damage|p2b: Indeedee|55/100
|-damage|p2b: Indeedee|39/100
|-damage|p2b: Indeedee|24/100
|-hitcount|p2b: Indeedee|5
|-unboost|p1b: Dragonite|def|1
|-boost|p1b: Dragonite|spe|1
|move|p1a: Talonflame|Flare Blitz|p2a: Archaludon
|-damage|p2a: Archaludon|76/100
|-ability|p2a: Archaludon|Stamina|boost
|-boost|p2a: Archaludon|def|1
|-damage|p1a: Talonflame|92/100|[from] Recoil
|move|p2b: Indeedee|Dazzling Gleam|p1b: Dragonite|[spread] p1a,p1b
|-resisted|p1a: Talonflame
|-supereffective|p1b: Dragonite
|-damage|p1a: Talonflame|84/100
|-damage|p1b: Dragonite|75/100
|
|upkeep
|turn|3
|inactive|fernsthedruids has 30 seconds left.
|inactive|fernsthedruids has 20 seconds left.
|inactive|fernsthedruids has 15 seconds left.
|
|t:|1757816485
|move|p1b: Dragonite|Scale Shot|p2a: Archaludon
|-damage|p2a: Archaludon|68/100
|-ability|p2a: Archaludon|Stamina|boost
|-boost|p2a: Archaludon|def|1
|-damage|p2a: Archaludon|63/100
|-ability|p2a: Archaludon|Stamina|boost
|-boost|p2a: Archaludon|def|1
|-damage|p2a: Archaludon|58/100
|-ability|p2a: Archaludon|Stamina|boost
|-boost|p2a: Archaludon|def|1
|-damage|p2a: Archaludon|55/100
|-ability|p2a: Archaludon|Stamina|boost
|-boost|p2a: Archaludon|def|1
|-damage|p2a: Archaludon|50/100
|-ability|p2a: Archaludon|Stamina|boost
|-boost|p2a: Archaludon|def|1
|-hitcount|p2a: Archaludon|5
|-unboost|p1b: Dragonite|def|1
|-boost|p1b: Dragonite|spe|1
|move|p1a: Talonflame|Brave Bird|p2b: Indeedee
|-damage|p2b: Indeedee|0 fnt
|faint|p2b: Indeedee
|-damage|p1a: Talonflame|76/100|[from] Recoil
|move|p2a: Archaludon|Dragon Pulse|p1b: Dragonite
|-supereffective|p1b: Dragonite
|-damage|p1b: Dragonite|0 fnt
|faint|p1b: Dragonite
|
|upkeep
|
|t:|1757816507
|switch|p1b: Gholdengo|Gholdengo, L50|100/100
|switch|p2b: Sneasler|Sneasler, L50, M|100/100
|turn|4
|inactive|fernsthedruids has 30 seconds left.
|inactive|fernsthedruids has 20 seconds left.
|
|t:|1757816543
|-terastallize|p2b: Sneasler|Dark
|move|p1a: Talonflame|Tailwind|p1a: Talonflame
|-sidestart|p1: fernsthedruids|move: Tailwind
|move|p1b: Gholdengo|Shadow Ball|p2a: Archaludon
|-damage|p2a: Archaludon|4/100
|-damage|p1b: Gholdengo|91/100|[from] item: Life Orb
|move|p2b: Sneasler|Throat Chop|p1b: Gholdengo
|-supereffective|p1b: Gholdengo
|-damage|p1b: Gholdengo|16/100
|-start|p1b: Gholdengo|Throat Chop|[silent]
|move|p2a: Archaludon|Dragon Pulse|p1a: Talonflame
|-damage|p1a: Talonflame|27/100
|
|upkeep
|turn|5
|inactive|Bruneauxx has 30 seconds left.
|
|t:|1757816569
|move|p1a: Talonflame|Flare Blitz|p2a: Archaludon
|-damage|p2a: Archaludon|0 fnt
|faint|p2a: Archaludon
|-damage|p1a: Talonflame|26/100|[from] Recoil
|move|p1b: Gholdengo|Make It Rain|p2b: Sneasler
|-damage|p2b: Sneasler|0 fnt
|-unboost|p1b: Gholdengo|spa|1
|faint|p2b: Sneasler
|-damage|p1b: Gholdengo|6/100|[from] item: Life Orb
|
|-end|p1b: Gholdengo|Throat Chop|[silent]
|-fieldend|move: Psychic Terrain
|upkeep
|
|t:|1757816572
|switch|p2a: Braviary|Braviary-Hisui, L50, M|11/100
|turn|6
|
|t:|1757816581
|switch|p1b: Excadrill|Excadrill, L50, M|100/100
|move|p1a: Talonflame|Flare Blitz|p2a: Braviary
|-damage|p2a: Braviary|0 fnt
|faint|p2a: Braviary
|-damage|p1a: Talonflame|23/100|[from] Recoil
|
|win|fernsthedruids
||Bruneauxx is ready for game 2.
||fernsthedruids is ready for game 2.
|uhtml|next|Next: Game 2 of 3
