|j|☆joyfulwizard
|j|☆RodrigoVGC27
|html|joyfulwizardRodrigoVGC27    
|uhtml|bestof|Game 1 of a best-of-3
|t:|1782297399
|gametype|doubles
|player|p1|joyfulwizard|266|1114
|player|p2|RodrigoVGC27|170|1000
|gen|9
|tier|[Gen 9 Champions] VGC 2026 Reg M-B (Bo3)
|rated|
|rule|Species Clause: Limit one of each Pokémon
|rule|Item Clause: Limit 1 of each item
|clearpoke
|poke|p1|Politoed, L50, F|
|poke|p1|Gengar, L50, F, shiny|
|poke|p1|Sinistcha, L50|
|poke|p1|Incineroar, L50, M|
|poke|p1|Scrafty, L50, F|
|poke|p1|Floette-Eternal, L50, F|
|poke|p2|Drampa, L50, F|
|poke|p2|Sinistcha, L50|
|poke|p2|Alakazam, L50, M|
|poke|p2|Pelipper, L50, F|
|poke|p2|Basculegion, L50, M|
|poke|p2|Dragalge, L50, F|
|teampreview|4
|showteam|p1|Politoed||SitrusBerry|Drizzle|Protect,WeatherBall,IcyWind,Encore|Modest||F|||50|]Gengar||Gengarite|CursedBody|PerishSong,ShadowBall,Disable,Protect|Timid||F|||50|]Sinistcha||KasibBerry|Hospitality|MatchaGotcha,TrickRoom,RagePowder,Protect|Modest|||||50|]Incineroar||PasshoBerry|Intimidate|Protect,FakeOut,PartingShot,DarkestLariat|Careful||M|||50|]Scrafty||FocusSash|Intimidate|Protect,FakeOut,KnockOff,CloseCombat|Adamant||F|||50|]Floette-Eternal||Floettite|FlowerVeil|Protect,DrainingKiss,CalmMind,DazzlingGleam|Modest||F|||50|
|showteam|p2|Drampa||Drampanite|CloudNine|CalmMind,HyperVoice,EarthPower,Protect|Modest||F|||50|]Sinistcha||SitrusBerry|Hospitality|RagePowder,TrickRoom,LifeDew,MatchaGotcha|Relaxed|||||50|]Alakazam||ColburBerry|InnerFocus|Reflect,LightScreen,SpeedSwap,Psychic|Timid||M|||50|]Pelipper||FocusSash|Drizzle|Protect,Tailwind,Hurricane,WeatherBall|Bold||F|||50|]Basculegion||MysticWater|SwiftSwim|LastRespects,AquaJet,WaveCrash,Protect|Adamant||M|||50|]Dragalge||Dragalgite|Adaptability|DracoMeteor,PoisonJab,Protect,Thunder|Sassy||F|||50|
|
|t:|1782297438
|teamsize|p1|4
|teamsize|p2|4
|start
|switch|p1a: Floette|Floette-Eternal, L50, F|100/100
|switch|p1b: Scrafty|Scrafty, L50, F|100/100
|switch|p2a: Dragalge|Dragalge, L50, F|100/100
|switch|p2b: Alakazam|Alakazam, L50, M|100/100
|-ability|p1b: Scrafty|Intimidate|boost
|-unboost|p2a: Dragalge|atk|1
|-fail|p2b: Alakazam|unboost|Attack|[from] ability: Inner Focus|[of] p2b: Alakazam
|turn|1
|inactive|Battle timer is ON: inactive players will automatically lose when time's up. (requested by joyfulwizard)
|
|t:|1782297466
|detailschange|p1a: Floette|Floette-Mega, L50, F
|-mega|p1a: Floette|Floette|Floettite
|-ability|p1a: Floette|Fairy Aura
|detailschange|p2a: Dragalge|Dragalge-Mega, L50, F
|-mega|p2a: Dragalge|Dragalge|Dragalgite
|move|p2a: Dragalge|Protect|p2a: Dragalge
|-singleturn|p2a: Dragalge|Protect
|move|p1b: Scrafty|Fake Out|p2a: Dragalge
|-activate|p2a: Dragalge|move: Protect
|move|p2b: Alakazam|Reflect|p2b: Alakazam
|-sidestart|p2: RodrigoVGC27|Reflect
|move|p1a: Floette|Calm Mind|p1a: Floette
|-boost|p1a: Floette|spa|1
|-boost|p1a: Floette|spd|1
|
|upkeep
|turn|2
|
|t:|1782297487
|switch|p1b: Incineroar|Incineroar, L50, M|100/100
|-ability|p1b: Incineroar|Intimidate|boost
|-unboost|p2a: Dragalge|atk|1
|-fail|p2b: Alakazam|unboost|Attack|[from] ability: Inner Focus|[of] p2b: Alakazam
|move|p1a: Floette|Protect|p1a: Floette
|-singleturn|p1a: Floette|Protect
|move|p2b: Alakazam|Speed Swap|p2a: Dragalge
|-activate|p2b: Alakazam|move: Speed Swap|[of] p2a: Dragalge
|move|p2a: Dragalge|Poison Jab|p1a: Floette
|-activate|p1a: Floette|move: Protect
|
|upkeep
|turn|3
|inactive|RodrigoVGC27 has 30 seconds left.
|
|t:|1782297521
|switch|p2b: Pelipper|Pelipper, L50, F|100/100
|-weather|RainDance|[from] ability: Drizzle|[of] p2b: Pelipper
|move|p2a: Dragalge|Protect|p2a: Dragalge
|-singleturn|p2a: Dragalge|Protect
|move|p1b: Incineroar|Fake Out|p2a: Dragalge
|-activate|p2a: Dragalge|move: Protect
|move|p1a: Floette|Calm Mind|p1a: Floette
|-boost|p1a: Floette|spa|1
|-boost|p1a: Floette|spd|1
|
|-weather|RainDance|[upkeep]
|upkeep
|turn|4
|inactive|RodrigoVGC27 has 30 seconds left.
|
|t:|1782297551
|switch|p1b: Scrafty|Scrafty, L50, F|100/100
|-ability|p1b: Scrafty|Intimidate|boost
|-unboost|p2a: Dragalge|atk|1
|-unboost|p2b: Pelipper|atk|1
|move|p1a: Floette|Protect|p1a: Floette
|-singleturn|p1a: Floette|Protect
|move|p2a: Dragalge|Poison Jab|p1a: Floette
|-activate|p1a: Floette|move: Protect
|move|p2b: Pelipper|Weather Ball|p1a: Floette
|-activate|p1a: Floette|move: Protect
|
|-weather|RainDance|[upkeep]
|upkeep
|turn|5
|inactive|RodrigoVGC27 has 30 seconds left.
|
|t:|1782297577
|move|p2a: Dragalge|Protect|p2a: Dragalge
|-singleturn|p2a: Dragalge|Protect
|move|p1b: Scrafty|Fake Out|p2a: Dragalge
|-activate|p2a: Dragalge|move: Protect
|move|p1a: Floette|Calm Mind|p1a: Floette
|-boost|p1a: Floette|spa|1
|-boost|p1a: Floette|spd|1
|move|p2b: Pelipper|Hurricane|p1b: Scrafty
|-supereffective|p1b: Scrafty|1
|-damage|p1b: Scrafty|14/100
|
|-weather|RainDance|[upkeep]
|-sideend|p2: RodrigoVGC27|Reflect
|upkeep
|turn|6
|inactive|RodrigoVGC27 has 30 seconds left.
|
|t:|1782297606
|move|p2a: Dragalge|Poison Jab|p1a: Floette
|-supereffective|p1a: Floette|1
|-damage|p1a: Floette|75/100
|move|p1a: Floette|Dazzling Gleam|p2b: Pelipper|[spread] p2a,p2b
|-damage|p2a: Dragalge|38/100
|-enditem|p2b: Pelipper|Focus Sash
|-damage|p2b: Pelipper|1/100
|move|p1b: Scrafty|Knock Off|p2a: Dragalge
|-damage|p2a: Dragalge|8/100
|move|p2b: Pelipper|Weather Ball|p1b: Scrafty
|-damage|p1b: Scrafty|0 fnt
|faint|p1b: Scrafty
|
|-weather|RainDance|[upkeep]
|upkeep
|
|t:|1782297618
|switch|p1b: Incineroar|Incineroar, L50, M|100/100
|-ability|p1b: Incineroar|Intimidate|boost
|-unboost|p2a: Dragalge|atk|1
|-unboost|p2b: Pelipper|atk|1
|turn|7
|
|t:|1782297638
|move|p2a: Dragalge|Protect|p2a: Dragalge
|-singleturn|p2a: Dragalge|Protect
|move|p1b: Incineroar|Fake Out|p2a: Dragalge
|-activate|p2a: Dragalge|move: Protect
|move|p1a: Floette|Dazzling Gleam|p2a: Dragalge|[spread] p2b
|-activate|p2a: Dragalge|move: Protect
|-damage|p2b: Pelipper|0 fnt
|faint|p2b: Pelipper
|
|-weather|none
|upkeep
|
|t:|1782297652
|switch|p2b: Alakazam|Alakazam, L50, M|100/100
|turn|8
|inactive|RodrigoVGC27 has 30 seconds left.
|
|t:|1782297680
|switch|p1b: Sinistcha|Sinistcha, L50|100/100
|-heal|p1a: Floette|100/100|[from] ability: Hospitality|[of] p1b: Sinistcha
|move|p2a: Dragalge|Poison Jab|p1a: Floette
|-supereffective|p1a: Floette|1
|-damage|p1a: Floette|79/100
|move|p2b: Alakazam|Light Screen|p2b: Alakazam
|-sidestart|p2: RodrigoVGC27|move: Light Screen
|move|p1a: Floette|Dazzling Gleam|p2b: Alakazam|[spread] p2a,p2b
|-damage|p2a: Dragalge|0 fnt
|-damage|p2b: Alakazam|2/100
|faint|p2a: Dragalge
|
|upkeep
|-message|RodrigoVGC27 forfeited.
|
|win|joyfulwizard
|l|☆RodrigoVGC27
|player|p2|
|raw|joyfulwizard's rating: 1114 → 1131(+17 for winning)
|raw|RodrigoVGC27's rating: 1000 → 1000(+0 for losing)
