|j|☆MR. HEROW
|j|☆Welosethose!
|html|MR. HEROWWelosethose!    
|uhtml|bestof|Game 1 of a best-of-3
|t:|1756511463
|gametype|doubles
|player|p1|MR. HEROW|266|1000
|player|p2|Welosethose!|hilbert|1109
|gen|9
|tier|[Gen 9] VGC 2025 Reg H (Bo3)
|rated|
|rule|Species Clause: Limit one of each Pokémon
|rule|Item Clause: Limit 1 of each item
|clearpoke
|poke|p1|Porygon2, L50|
|poke|p1|Golem-Alola, L50, F|
|poke|p1|Ursaluna-Bloodmoon, L50, M|
|poke|p1|Vikavolt, L50, F|
|poke|p1|Annihilape, L50, F|
|poke|p1|Incineroar, L50, F|
|poke|p2|Politoed, L50, F|
|poke|p2|Gothitelle, L50, M|
|poke|p2|Kingdra, L50, F|
|poke|p2|Archaludon, L50, M|
|poke|p2|Amoonguss, L50, M|
|poke|p2|Incineroar, L50, F|
|teampreview|4
|showteam|p1|Porygon2||Eviolite|Download|IceBeam,TeraBlast,TrickRoom,Recover||||||50|,,,,,Ground]Golem-Alola||AirBalloon|Galvanize|DoubleEdge,Explosion,Protect,TeraBlast|||F|||50|,,,,,Water]Ursaluna-Bloodmoon||LifeOrb|MindsEye|BloodMoon,HyperVoice,EarthPower,Protect|||M|||50|,,,,,Normal]Vikavolt||AssaultVest|Levitate|Discharge,BugBuzz,Thunderbolt,StruggleBug|||F|||50|,,,,,Ghost]Annihilape||ChoiceScarf|Defiant|CloseCombat,RageFist,DrainPunch,FinalGambit|||F|||50|,,,,,Fighting]Incineroar||RockyHelmet|Intimidate|FakeOut,KnockOff,PartingShot,FlareBlitz|||F|||50|,,,,,Grass
|showteam|p2|Politoed||Leftovers|Drizzle|WeatherBall,Encore,PerishSong,Protect|||F|||50|,,,,,Grass]Gothitelle||SitrusBerry|ShadowTag|FakeOut,Psychic,TrickRoom,Protect|||M|||50|,,,,,Dark]Kingdra||LifeOrb|SwiftSwim|WeatherBall,MuddyWater,DracoMeteor,Protect|||F|||50|,,,,,Stellar]Archaludon||PowerHerb|Sturdy|ElectroShot,FlashCannon,DragonPulse,Protect|||M|||50|,,,,,Electric]Amoonguss||EjectButton|Regenerator|PollenPuff,Spore,RagePowder,Protect|||M|||50|,,,,,Fairy]Incineroar||SafetyGoggles|Intimidate|FakeOut,KnockOff,PartingShot,Protect|||F|||50|,,,,,Ghost
|inactive|Battle timer is ON: inactive players will automatically lose when time's up. (requested by MR. HEROW)
|inactive|Welosethose! has 60 seconds left.
|
|t:|1756511526
|teamsize|p1|4
|teamsize|p2|4
|start
|switch|p1a: Golem|Golem-Alola, L50, F|100/100
|switch|p1b: Porygon2|Porygon2, L50, shiny|100/100
|switch|p2a: Politoed|Politoed, L50, F|100/100
|switch|p2b: Amoonguss|Amoonguss, L50, M|100/100
|-weather|RainDance|[from] ability: Drizzle|[of] p2a: Politoed
|-ability|p1b: Porygon2|Download|boost
|-boost|p1b: Porygon2|atk|1
|-item|p1a: Golem|Air Balloon
|turn|1
|
|t:|1756511542
|-terastallize|p2a: Politoed|Grass
|-terastallize|p1b: Porygon2|Ground
|move|p2b: Amoonguss|Rage Powder|p2b: Amoonguss
|-singleturn|p2b: Amoonguss|move: Rage Powder
|move|p2a: Politoed|Perish Song|p2a: Politoed
|-start|p1a: Golem|perish3|[silent]
|-start|p1b: Porygon2|perish3|[silent]
|-start|p2a: Politoed|perish3|[silent]
|-start|p2b: Amoonguss|perish3|[silent]
|-fieldactivate|move: Perish Song
|move|p1a: Golem|Explosion|p2b: Amoonguss|[spread] p2a,p2b
|-immune|p1b: Porygon2
|-resisted|p2a: Politoed
|-resisted|p2b: Amoonguss
|-damage|p2a: Politoed|38/100
|-damage|p2b: Amoonguss|54/100
|faint|p1a: Golem
|-enditem|p2b: Amoonguss|Eject Button
|
|t:|1756511553
|switch|p2b: Gothitelle|Gothitelle, L50, M|100/100
|move|p1b: Porygon2|Trick Room|p1b: Porygon2
|-fieldstart|move: Trick Room|[of] p1b: Porygon2
|
|-weather|RainDance|[upkeep]
|-heal|p2a: Politoed|44/100|[from] item: Leftovers
|-start|p1b: Porygon2|perish3
|-start|p2a: Politoed|perish3
|upkeep
|
|t:|1756511562
|switch|p1a: Ursaluna|Ursaluna-Bloodmoon, L50, M|100/100
|turn|2
|inactive|Welosethose! has 30 seconds left.
|
|t:|1756511594
|move|p2b: Gothitelle|Fake Out|p1a: Ursaluna
|-damage|p1a: Ursaluna|96/100
|cant|p1a: Ursaluna|flinch
|move|p1b: Porygon2|Ice Beam|p2a: Politoed
|-supereffective|p2a: Politoed
|-damage|p2a: Politoed|9/100
|move|p2a: Politoed|Perish Song|p2a: Politoed
|-start|p1a: Ursaluna|perish3|[silent]
|-start|p2b: Gothitelle|perish3|[silent]
|-fieldactivate|move: Perish Song
|
|-weather|RainDance|[upkeep]
|-heal|p2a: Politoed|15/100|[from] item: Leftovers
|-start|p2b: Gothitelle|perish3
|-start|p1a: Ursaluna|perish3
|-start|p1b: Porygon2|perish2
|-start|p2a: Politoed|perish2
|upkeep
|turn|3
|
|t:|1756511613
|move|p2b: Gothitelle|Protect|p2b: Gothitelle
|-singleturn|p2b: Gothitelle|Protect
|move|p2a: Politoed|Protect|p2a: Politoed
|-singleturn|p2a: Politoed|Protect
|move|p1a: Ursaluna|Blood Moon|p2b: Gothitelle
|-activate|p2b: Gothitelle|move: Protect
|move|p1b: Porygon2|Ice Beam|p2a: Politoed
|-activate|p2a: Politoed|move: Protect
|
|-weather|RainDance|[upkeep]
|-heal|p2a: Politoed|21/100|[from] item: Leftovers
|-start|p2b: Gothitelle|perish2
|-start|p1a: Ursaluna|perish2
|-start|p1b: Porygon2|perish1
|-start|p2a: Politoed|perish1
|upkeep
|turn|4
|
|t:|1756511637
|switch|p2b: Amoonguss|Amoonguss, L50, M|87/100
|switch|p2a: Incineroar|Incineroar, L50, F|100/100
|-ability|p2a: Incineroar|Intimidate|boost
|-unboost|p1a: Ursaluna|atk|1
|-unboost|p1b: Porygon2|atk|1
|move|p1a: Ursaluna|Hyper Voice|p2a: Incineroar|[spread] p2a,p2b
|-damage|p2a: Incineroar|66/100
|-damage|p2b: Amoonguss|42/100
|-damage|p1a: Ursaluna|86/100|[from] item: Life Orb
|move|p1b: Porygon2|Ice Beam|p2a: Incineroar
|-resisted|p2a: Incineroar
|-damage|p2a: Incineroar|58/100
|
|-weather|RainDance|[upkeep]
|-start|p1a: Ursaluna|perish1
|-start|p1b: Porygon2|perish0
|faint|p1b: Porygon2
|upkeep
|
|t:|1756511641
|switch|p1b: Vikavolt|Vikavolt, L50, F|100/100
|turn|5
|inactive|MR. HEROW has 30 seconds left.
|
|t:|1756511669
|move|p2a: Incineroar|Fake Out|p1b: Vikavolt
|-damage|p1b: Vikavolt|90/100
|move|p2b: Amoonguss|Spore|p1a: Ursaluna
|-status|p1a: Ursaluna|slp|[from] move: Spore
|cant|p1b: Vikavolt|flinch
|cant|p1a: Ursaluna|slp
|
|-weather|none
|-start|p1a: Ursaluna|perish0
|-fieldend|move: Trick Room
|upkeep
|faint|p1a: Ursaluna
|turn|6
|-message|MR. HEROW forfeited.
|
|win|Welosethose!
|l|☆MR. HEROW
|player|p1|
||Welosethose! is ready for game 2.
||MR. HEROW is ready for game 2.
|uhtml|next|Next: Game 2 of 3
