|j|☆new mental
|j|☆mairakov
|html|new mentalmairakov    
|uhtml|bestof|Game 2 of a best-of-3
|t:|1786105790
|gametype|doubles
|player|p1|new mental|volkner|1254
|player|p2|mairakov|265|1258
|gen|9
|tier|[Gen 9 Champions] VGC 2026 Reg M-B (Bo3)
|rated|
|rule|Species Clause: Limit one of each Pokémon
|rule|Item Clause: Limit 1 of each item
|clearpoke
|poke|p1|Charizard, L50, F|
|poke|p1|Garchomp, L50, M|
|poke|p1|Incineroar, L50, F|
|poke|p1|Venusaur, L50, F|
|poke|p1|Toxapex, L50, M|
|poke|p1|Sylveon, L50, F|
|poke|p2|Aerodactyl, L50, M|
|poke|p2|Garchomp, L50, F|
|poke|p2|Farigiraf, L50, F|
|poke|p2|Charizard, L50, M|
|poke|p2|Incineroar, L50, M|
|poke|p2|Sylveon, L50, M|
|teampreview|4
|showteam|p1|Charizard||CharizarditeY|Blaze|WeatherBall,HeatWave,AncientPower,Protect|Modest||F|||50|]Garchomp||ChoiceScarf|RoughSkin|RockSlide,DragonClaw,Earthquake,StompingTantrum|Adamant||M|||50|]Incineroar||SitrusBerry|Intimidate|FlareBlitz,FakeOut,DarkestLariat,PartingShot|Impish||F|||50|]Venusaur||LifeOrb|Chlorophyll|SludgeBomb,LeafStorm,EarthPower,Protect|Modest||F|||50|]Toxapex||Leftovers|Regenerator|Infestation,Toxic,WideGuard,BanefulBunker|Bold||M|||50|]Sylveon||FairyFeather|Pixilate|HyperVoice,QuickAttack,Yawn,Detect|Modest||F|||50|
|showteam|p2|Aerodactyl||Aerodactylite|Unnerve|RockSlide,Protect,Tailwind,WideGuard|Jolly||M|||50|]Garchomp||LifeOrb|RoughSkin|Earthquake,DragonClaw,Protect,PoisonJab|Jolly||F|||50|]Farigiraf||SitrusBerry|ArmorTail|Psychic,HelpingHand,TrickRoom,Protect|Calm||F|||50|]Charizard||CharizarditeY|Blaze|HeatWave,SolarBeam,WeatherBall,Protect|Modest||M|||50|]Incineroar||Charcoal|Intimidate|FlareBlitz,ThroatChop,FakeOut,PartingShot|Adamant||M|||50|]Sylveon||FairyFeather|Pixilate|HyperVoice,QuickAttack,Detect,Yawn|Quiet||M|||50|
|inactive|Battle timer is ON: inactive players will automatically lose when time's up. (requested by mairakov)
|
|t:|1786105819
|teamsize|p1|4
|teamsize|p2|4
|start
|switch|p1a: Charizard|Charizard, L50, F|100/100
|switch|p1b: Toxapex|Toxapex, L50, M|100/100
|switch|p2a: Aerodactyl|Aerodactyl, L50, M|100/100
|switch|p2b: Incineroar|Incineroar, L50, M|100/100
|-ability|p2a: Aerodactyl|Unnerve
|-ability|p2b: Incineroar|Intimidate|boost
|-unboost|p1a: Charizard|atk|1
|-unboost|p1b: Toxapex|atk|1
|turn|1
|inactive|mairakov has 30 seconds left.
|
|t:|1786105845
|switch|p1a: Incineroar|Incineroar, L50, F|100/100
|-ability|p1a: Incineroar|Intimidate|boost
|-unboost|p2a: Aerodactyl|atk|1
|-unboost|p2b: Incineroar|atk|1
|detailschange|p2a: Aerodactyl|Aerodactyl-Mega, L50, M
|-mega|p2a: Aerodactyl|Aerodactyl|Aerodactylite
|move|p2a: Aerodactyl|Rock Slide|p1b: Toxapex|[spread] p1a,p1b
|-supereffective|p1a: Incineroar|1
|-damage|p1a: Incineroar|73/100
|-damage|p1b: Toxapex|87/100
|move|p2b: Incineroar|Flare Blitz|p1a: Incineroar
|-resisted|p1a: Incineroar|1
|-damage|p1a: Incineroar|53/100
|-damage|p2b: Incineroar|93/100|[from] Recoil
|move|p1b: Toxapex|Infestation|p2a: Aerodactyl
|-resisted|p2a: Aerodactyl|1
|-damage|p2a: Aerodactyl|98/100
|-activate|p2a: Aerodactyl|move: Infestation|[of] p1b: Toxapex
|
|-heal|p1b: Toxapex|93/100|[from] item: Leftovers
|-damage|p2a: Aerodactyl|85/100|[from] move: Infestation|[partiallytrapped]
|upkeep
|turn|2
|
|t:|1786105868
|move|p1a: Incineroar|Fake Out|p2b: Incineroar
|-damage|p2b: Incineroar|82/100
|move|p2a: Aerodactyl|Rock Slide|p1b: Toxapex|[spread] p1a,p1b
|-supereffective|p1a: Incineroar|1
|-crit|p1b: Toxapex
|-damage|p1a: Incineroar|24/100
|-damage|p1b: Toxapex|66/100
|-enditem|p1a: Incineroar|Sitrus Berry|[eat]
|-heal|p1a: Incineroar|49/100|[from] item: Sitrus Berry
|cant|p2b: Incineroar|flinch
|move|p1b: Toxapex|Toxic|p2b: Incineroar
|-status|p2b: Incineroar|tox
|
|-heal|p1b: Toxapex|71/100|[from] item: Leftovers
|-damage|p2b: Incineroar|76/100 tox|[from] psn
|-damage|p2a: Aerodactyl|73/100|[from] move: Infestation|[partiallytrapped]
|upkeep
|turn|3
|
|t:|1786105881
|switch|p2b: Garchomp|Garchomp, L50, F|100/100
|move|p2a: Aerodactyl|Rock Slide|p1b: Toxapex|[spread] p1a,p1b
|-supereffective|p1a: Incineroar|1
|-damage|p1a: Incineroar|18/100
|-damage|p1b: Toxapex|57/100
|move|p1a: Incineroar|Parting Shot|p2b: Garchomp
|-unboost|p2b: Garchomp|atk|1
|-unboost|p2b: Garchomp|spa|1
|
|t:|1786105887
|switch|p1a: Sylveon|Sylveon, L50, F|100/100|[from] Parting Shot
|move|p1b: Toxapex|Toxic|p2a: Aerodactyl
|-status|p2a: Aerodactyl|tox
|
|-heal|p1b: Toxapex|63/100|[from] item: Leftovers
|-damage|p2a: Aerodactyl|68/100 tox|[from] psn
|-damage|p2a: Aerodactyl|56/100 tox|[from] move: Infestation|[partiallytrapped]
|upkeep
|turn|4
|
|t:|1786105900
|switch|p1a: Incineroar|Incineroar, L50, F|18/100
|-ability|p1a: Incineroar|Intimidate|boost
|-unboost|p2a: Aerodactyl|atk|1
|-unboost|p2b: Garchomp|atk|1
|move|p2a: Aerodactyl|Rock Slide|p1a: Incineroar|[spread] p1a,p1b
|-supereffective|p1a: Incineroar|1
|-damage|p1a: Incineroar|0 fnt
|-damage|p1b: Toxapex|53/100
|faint|p1a: Incineroar
|move|p2b: Garchomp|Earthquake|p1b: Toxapex|[spread] p1b
|-immune|p2a: Aerodactyl
|-supereffective|p1b: Toxapex|1
|-damage|p1b: Toxapex|18/100
|-damage|p2b: Garchomp|90/100|[from] item: Life Orb
|cant|p1b: Toxapex|flinch
|
|-heal|p1b: Toxapex|24/100|[from] item: Leftovers
|-damage|p2a: Aerodactyl|44/100 tox|[from] psn
|-damage|p2a: Aerodactyl|32/100 tox|[from] move: Infestation|[partiallytrapped]
|upkeep
|
|t:|1786105904
|switch|p1a: Sylveon|Sylveon, L50, F|100/100
|turn|5
|
|t:|1786105920
|move|p1b: Toxapex|Baneful Bunker|p1b: Toxapex
|-singleturn|p1b: Toxapex|move: Protect
|move|p2a: Aerodactyl|Wide Guard|p2a: Aerodactyl
|-singleturn|p2a: Aerodactyl|Wide Guard
|move|p2b: Garchomp|Earthquake|p1b: Toxapex|[spread] p1a
|-activate|p2a: Aerodactyl|move: Wide Guard
|-activate|p1b: Toxapex|move: Protect
|-damage|p1a: Sylveon|76/100
|-damage|p2b: Garchomp|80/100|[from] item: Life Orb
|move|p1a: Sylveon|Hyper Voice|p2b: Garchomp|[spread] 
|-activate|p2a: Aerodactyl|move: Wide Guard
|-activate|p2b: Garchomp|move: Wide Guard
|
|-heal|p1b: Toxapex|29/100|[from] item: Leftovers
|-damage|p2a: Aerodactyl|15/100 tox|[from] psn
|-damage|p2a: Aerodactyl|3/100 tox|[from] move: Infestation|[partiallytrapped]
|upkeep
|turn|6
|
|t:|1786105936
|move|p2a: Aerodactyl|Wide Guard|p2a: Aerodactyl
|-singleturn|p2a: Aerodactyl|Wide Guard
|move|p1b: Toxapex|Wide Guard|p1b: Toxapex
|-singleturn|p1b: Toxapex|Wide Guard
|move|p2b: Garchomp|Earthquake|p1b: Toxapex|[spread] 
|-activate|p2a: Aerodactyl|move: Wide Guard
|-activate|p1a: Sylveon|move: Wide Guard
|-activate|p1b: Toxapex|move: Wide Guard
|move|p1a: Sylveon|Hyper Voice|p2a: Aerodactyl|[spread] 
|-activate|p2a: Aerodactyl|move: Wide Guard
|-activate|p2b: Garchomp|move: Wide Guard
|
|-heal|p1b: Toxapex|35/100|[from] item: Leftovers
|-damage|p2a: Aerodactyl|0 fnt|[from] psn
|faint|p2a: Aerodactyl
|upkeep
|
|t:|1786105944
|switch|p2a: Farigiraf|Farigiraf, L50, F|100/100
|turn|7
|
|t:|1786105963
|move|p1b: Toxapex|Wide Guard|p1b: Toxapex
|-singleturn|p1b: Toxapex|Wide Guard
|move|p2b: Garchomp|Poison Jab|p1a: Sylveon
|-supereffective|p1a: Sylveon|1
|-damage|p1a: Sylveon|44/100
|-status|p1a: Sylveon|psn
|-damage|p2b: Garchomp|71/100|[from] item: Life Orb
|move|p1a: Sylveon|Hyper Voice|p2a: Farigiraf|[spread] p2a,p2b
|-supereffective|p2b: Garchomp|1
|-damage|p2a: Farigiraf|53/100
|-damage|p2b: Garchomp|0 fnt
|faint|p2b: Garchomp
|move|p2a: Farigiraf|Psychic|p1b: Toxapex
|-supereffective|p1b: Toxapex|1
|-damage|p1b: Toxapex|0 fnt
|faint|p1b: Toxapex
|
|-damage|p1a: Sylveon|32/100 psn|[from] psn
|upkeep
|
|t:|1786105968
|switch|p2b: Incineroar|Incineroar, L50, M|76/100 tox
|switch|p1b: Charizard|Charizard, L50, F|100/100
|-ability|p2b: Incineroar|Intimidate|boost
|-unboost|p1a: Sylveon|atk|1
|-unboost|p1b: Charizard|atk|1
|turn|8
|
|t:|1786105978
|detailschange|p1b: Charizard|Charizard-Mega-Y, L50, F
|-mega|p1b: Charizard|Charizard|Charizardite Y
|-weather|SunnyDay|[from] ability: Drought|[of] p1b: Charizard
|move|p2b: Incineroar|Fake Out|p1b: Charizard
|-damage|p1b: Charizard|84/100
|cant|p1b: Charizard|flinch
|move|p1a: Sylveon|Hyper Voice|p2b: Incineroar|[spread] p2a,p2b
|-damage|p2a: Farigiraf|8/100
|-damage|p2b: Incineroar|35/100 tox
|-enditem|p2a: Farigiraf|Sitrus Berry|[eat]
|-heal|p2a: Farigiraf|33/100|[from] item: Sitrus Berry
|move|p2a: Farigiraf|Trick Room|p2a: Farigiraf
|-fieldstart|move: Trick Room|[of] p2a: Farigiraf
|
|-weather|SunnyDay|[upkeep]
|-damage|p1a: Sylveon|20/100y psn|[from] psn
|-damage|p2b: Incineroar|29/100 tox|[from] psn
|upkeep
|turn|9
|
|t:|1786105994
|move|p2a: Farigiraf|Psychic|p1b: Charizard
|-damage|p1b: Charizard|44/100
|move|p1a: Sylveon|Hyper Voice|p2b: Incineroar|[spread] p2a,p2b
|-damage|p2a: Farigiraf|0 fnt
|-damage|p2b: Incineroar|0 fnt
|faint|p2a: Farigiraf
|faint|p2b: Incineroar
|
|win|new mental
|raw|new mental's rating: 1254 → 1279(+25 for winning)
|raw|mairakov's rating: 1258 → 1233(-25 for losing)
