|j|☆MuseigenTest
|j|☆theonlyambipomfan
|html|MuseigenTesttheonlyambipomfan    
|uhtml|bestof|Game 2 of a best-of-3
|t:|1782253505
|gametype|doubles
|player|p1|MuseigenTest|102|1046
|player|p2|theonlyambipomfan|volkner|1160
|gen|9
|tier|[Gen 9 Champions] VGC 2026 Reg M-B (Bo3)
|rated|
|rule|Species Clause: Limit one of each Pokémon
|rule|Item Clause: Limit 1 of each item
|clearpoke
|poke|p1|Sinistcha, L50, shiny|
|poke|p1|Incineroar, L50, M, shiny|
|poke|p1|Milotic, L50, F|
|poke|p1|Metagross, L50|
|poke|p1|Floette-Eternal, L50, F|
|poke|p1|Ceruledge, L50, M, shiny|
|poke|p2|Houndstone, L50, M|
|poke|p2|Tyranitar, L50, M|
|poke|p2|Excadrill, L50, F, shiny|
|poke|p2|Rotom-Wash, L50, shiny|
|poke|p2|Corviknight, L50, F|
|poke|p2|Farigiraf, L50, M|
|teampreview|4
|showteam|p1|Sinistcha||KasibBerry|Hospitality|Protect,RagePowder,MatchaGotcha,LifeDew|Calm|||||50|]Incineroar||SitrusBerry|Intimidate|FakeOut,ThroatChop,FlareBlitz,PartingShot|Impish||M|||50|]Milotic||Leftovers|Competitive|Coil,MuddyWater,Hypnosis,Protect|Bold||F|||50|]Metagross||Metagrossite|ClearBody|PsychicFangs,IronHead,StompingTantrum,Protect|Adamant|||||50|]Floette-Eternal||Floettite|FlowerVeil|Protect,DrainingKiss,CalmMind,DazzlingGleam|Timid||F|||50|]Ceruledge||ColburBerry|FlashFire|BulkUp,Protect,ShadowSneak,BitterBlade|Adamant||M|||50|
|showteam|p2|Houndstone||LifeOrb|SandRush|LastRespects,ShadowSneak,Protect,WillOWisp|Jolly||M|||50|]Tyranitar||Tyranitarite|SandStream|RockSlide,IcePunch,KnockOff,Protect|Adamant||M|||50|]Excadrill||FocusSash|SandRush|IronHead,HighHorsepower,RockSlide,Earthquake|Adamant||F|||50|]Rotom-Wash||Magnet|Levitate|VoltSwitch,HydroPump,Thunderbolt,WillOWisp|Calm|||||50|]Corviknight||Leftovers|MirrorArmor|Tailwind,BulkUp,IronHead,BraveBird|Careful||F|||50|]Farigiraf||SitrusBerry|ArmorTail|Protect,Psychic,TrickRoom,HyperVoice|Sassy||M|||50|
|inactive|Battle timer is ON: inactive players will automatically lose when time's up. (requested by MuseigenTest)
|inactive|MuseigenTest has 60 seconds left.
|inactive|MuseigenTest has 30 seconds left.
|
|t:|1782253572
|teamsize|p1|4
|teamsize|p2|4
|start
|switch|p1a: Milotic|Milotic, L50, F|100/100
|switch|p1b: Ceruledge|Ceruledge, L50, M, shiny|100/100
|switch|p2a: Tyranitar|Tyranitar, L50, M|100/100
|switch|p2b: Corviknight|Corviknight, L50, F|100/100
|-weather|Sandstorm|[from] ability: Sand Stream|[of] p2a: Tyranitar
|turn|1
|
|t:|1782253588
|switch|p1b: Incineroar|Incineroar, L50, M, shiny|100/100
|-ability|p1b: Incineroar|Intimidate|boost
|-unboost|p2a: Tyranitar|atk|1
|-ability|p2b: Corviknight|Mirror Armor
|-unboost|p1b: Incineroar|atk|1
|detailschange|p2a: Tyranitar|Tyranitar-Mega, L50, M
|-mega|p2a: Tyranitar|Tyranitar|Tyranitarite
|move|p2b: Corviknight|Tailwind|p2b: Corviknight
|-sidestart|p2: theonlyambipomfan|move: Tailwind
|move|p2a: Tyranitar|Knock Off|p1b: Incineroar
|-resisted|p1b: Incineroar|1
|-damage|p1b: Incineroar|83/100
|-enditem|p1b: Incineroar|Sitrus Berry|[from] move: Knock Off|[of] p2a: Tyranitar
|move|p1a: Milotic|Coil|p1a: Milotic
|-boost|p1a: Milotic|atk|1
|-boost|p1a: Milotic|def|1
|-boost|p1a: Milotic|accuracy|1
|
|-weather|Sandstorm|[upkeep]
|-damage|p1a: Milotic|94/100|[from] Sandstorm
|-damage|p1b: Incineroar|77/100|[from] Sandstorm
|-heal|p1a: Milotic|100/100|[from] item: Leftovers
|upkeep
|turn|2
|inactive|MuseigenTest has 30 seconds left.
|inactive|theonlyambipomfan has 30 seconds left.
|
|t:|1782253615
|move|p1b: Incineroar|Fake Out|p2a: Tyranitar
|-resisted|p2a: Tyranitar|1
|-damage|p2a: Tyranitar|98/100
|move|p2b: Corviknight|Bulk Up|p2b: Corviknight
|-boost|p2b: Corviknight|atk|1
|-boost|p2b: Corviknight|def|1
|cant|p2a: Tyranitar|flinch
|move|p1a: Milotic|Coil|p1a: Milotic
|-boost|p1a: Milotic|atk|1
|-boost|p1a: Milotic|def|1
|-boost|p1a: Milotic|accuracy|1
|
|-weather|Sandstorm|[upkeep]
|-damage|p1a: Milotic|94/100|[from] Sandstorm
|-damage|p1b: Incineroar|71/100|[from] Sandstorm
|-heal|p1a: Milotic|100/100|[from] item: Leftovers
|upkeep
|turn|3
|inactive|MuseigenTest has 30 seconds left.
|
|t:|1782253642
|move|p2b: Corviknight|Brave Bird|p1a: Milotic
|-damage|p1a: Milotic|75/100
|-damage|p2b: Corviknight|92/100|[from] Recoil
|move|p2a: Tyranitar|Rock Slide|p1b: Incineroar|[spread] p1a
|-miss|p2a: Tyranitar|p1b: Incineroar
|-damage|p1a: Milotic|66/100
|cant|p1a: Milotic|flinch
|move|p1b: Incineroar|Parting Shot|p2a: Tyranitar
|-unboost|p2a: Tyranitar|atk|1
|-unboost|p2a: Tyranitar|spa|1
|
|t:|1782253658
|switch|p1b: Ceruledge|Ceruledge, L50, M, shiny|100/100|[from] Parting Shot
|
|-weather|Sandstorm|[upkeep]
|-damage|p1b: Ceruledge|93/100|[from] Sandstorm
|-damage|p1a: Milotic|60/100|[from] Sandstorm
|-heal|p2b: Corviknight|98/100|[from] item: Leftovers
|-heal|p1a: Milotic|66/100|[from] item: Leftovers
|upkeep
|turn|4
|inactive|MuseigenTest has 30 seconds left.
|inactive|MuseigenTest has 20 seconds left.
|
|t:|1782253698
|switch|p2a: Rotom|Rotom-Wash, L50, shiny|100/100
|switch|p1b: Incineroar|Incineroar, L50, M, shiny|71/100
|-ability|p1b: Incineroar|Intimidate|boost
|-unboost|p2a: Rotom|atk|1
|-ability|p2b: Corviknight|Mirror Armor
|-unboost|p1b: Incineroar|atk|1
|move|p2b: Corviknight|Brave Bird|p1a: Milotic
|-damage|p1a: Milotic|42/100
|-damage|p2b: Corviknight|90/100|[from] Recoil
|move|p1a: Milotic|Hypnosis|p2a: Rotom
|-status|p2a: Rotom|slp|[from] move: Hypnosis
|
|-weather|Sandstorm|[upkeep]
|-damage|p2a: Rotom|94/100 slp|[from] Sandstorm
|-damage|p1a: Milotic|36/100|[from] Sandstorm
|-damage|p1b: Incineroar|65/100|[from] Sandstorm
|-heal|p2b: Corviknight|96/100|[from] item: Leftovers
|-heal|p1a: Milotic|42/100|[from] item: Leftovers
|-sideend|p2: theonlyambipomfan|move: Tailwind
|upkeep
|turn|5
|inactive|MuseigenTest has 30 seconds left.
|inactive|MuseigenTest has 20 seconds left.
|inactive|MuseigenTest has 15 seconds left.
|
|t:|1782253742
|cant|p2a: Rotom|slp
|move|p2b: Corviknight|Brave Bird|p1a: Milotic
|-damage|p1a: Milotic|16/100
|-damage|p2b: Corviknight|87/100|[from] Recoil
|move|p1a: Milotic|Hypnosis|p2b: Corviknight
|-status|p2b: Corviknight|slp|[from] move: Hypnosis
|move|p1b: Incineroar|Parting Shot|p2a: Rotom
|-unboost|p2a: Rotom|atk|1
|-unboost|p2a: Rotom|spa|1
|
|t:|1782253752
|switch|p1b: Floette|Floette-Eternal, L50, F|100/100|[from] Parting Shot
|
|-weather|none
|-heal|p2b: Corviknight|93/100 slp|[from] item: Leftovers
|-heal|p1a: Milotic|22/100|[from] item: Leftovers
|upkeep
|turn|6
|inactive|MuseigenTest has 30 seconds left.
|
|t:|1782253778
|detailschange|p1b: Floette|Floette-Mega, L50, F
|-mega|p1b: Floette|Floette|Floettite
|-ability|p1b: Floette|Fairy Aura
|move|p1b: Floette|Dazzling Gleam|p2a: Rotom|[spread] p2a,p2b
|-resisted|p2b: Corviknight|1
|-damage|p2a: Rotom|58/100 slp
|-damage|p2b: Corviknight|78/100 slp
|cant|p2b: Corviknight|slp
|cant|p2a: Rotom|slp
|move|p1a: Milotic|Muddy Water|p2a: Rotom|[spread] p2a,p2b
|-resisted|p2a: Rotom|1
|-damage|p2a: Rotom|48/100 slp
|-damage|p2b: Corviknight|60/100 slp
|-unboost|p2a: Rotom|accuracy|1
|
|-heal|p2b: Corviknight|66/100 slp|[from] item: Leftovers
|-heal|p1a: Milotic|28/100|[from] item: Leftovers
|upkeep
|turn|7
|inactive|MuseigenTest has 30 seconds left.
|inactive|MuseigenTest has 20 seconds left.
|
|t:|1782253815
|move|p1b: Floette|Dazzling Gleam|p2a: Rotom|[spread] p2a,p2b
|-resisted|p2b: Corviknight|1
|-damage|p2a: Rotom|16/100 slp
|-damage|p2b: Corviknight|50/100g slp
|-curestatus|p2a: Rotom|slp|[msg]
|move|p2a: Rotom|Volt Switch|p1a: Milotic
|-supereffective|p1a: Milotic|1
|-damage|p1a: Milotic|0 fnt
|faint|p1a: Milotic
|
|t:|1782253826
|switch|p2a: Tyranitar|Tyranitar-Mega, L50, M|98/100|[from] Volt Switch
|-weather|Sandstorm|[from] ability: Sand Stream|[of] p2a: Tyranitar
|cant|p2b: Corviknight|slp
|
|-weather|Sandstorm|[upkeep]
|-damage|p1b: Floette|94/100|[from] Sandstorm
|-heal|p2b: Corviknight|56/100 slp|[from] item: Leftovers
|upkeep
|
|t:|1782253831
|switch|p1a: Incineroar|Incineroar, L50, M, shiny|65/100
|-ability|p1a: Incineroar|Intimidate|boost
|-unboost|p2a: Tyranitar|atk|1
|-ability|p2b: Corviknight|Mirror Armor
|-unboost|p1a: Incineroar|atk|1
|turn|8
|inactive|MuseigenTest has 30 seconds left.
|
|t:|1782253861
|move|p1b: Floette|Protect|p1b: Floette
|-singleturn|p1b: Floette|Protect
|move|p2a: Tyranitar|Protect|p2a: Tyranitar
|-singleturn|p2a: Tyranitar|Protect
|-curestatus|p2b: Corviknight|slp|[msg]
|move|p2b: Corviknight|Iron Head|p1b: Floette
|-activate|p1b: Floette|move: Protect
|move|p1a: Incineroar|Flare Blitz|p2b: Corviknight
|-supereffective|p2b: Corviknight|1
|-damage|p2b: Corviknight|22/100
|-damage|p1a: Incineroar|54/100|[from] Recoil
|
|-weather|Sandstorm|[upkeep]
|-damage|p1b: Floette|88/100|[from] Sandstorm
|-damage|p1a: Incineroar|49/100|[from] Sandstorm
|-heal|p2b: Corviknight|28/100|[from] item: Leftovers
|upkeep
|turn|9
|inactive|MuseigenTest has 30 seconds left.
|inactive|MuseigenTest has 20 seconds left.
|
|t:|1782253896
|switch|p1b: Ceruledge|Ceruledge, L50, M, shiny|93/100
|move|p2b: Corviknight|Iron Head|p1b: Ceruledge
|-resisted|p1b: Ceruledge|1
|-damage|p1b: Ceruledge|75/100
|move|p2a: Tyranitar|Rock Slide|p1b: Ceruledge|[spread] p1a
|-miss|p2a: Tyranitar|p1b: Ceruledge
|-supereffective|p1a: Incineroar|1
|-damage|p1a: Incineroar|9/100
|move|p1a: Incineroar|Flare Blitz|p2b: Corviknight
|-supereffective|p2b: Corviknight|1
|-damage|p2b: Corviknight|0 fnt
|faint|p2b: Corviknight
|-damage|p1a: Incineroar|0 fnt|[from] Recoil
|faint|p1a: Incineroar
|
|-weather|Sandstorm|[upkeep]
|-damage|p1b: Ceruledge|68/100|[from] Sandstorm
|upkeep
|
|t:|1782253916
|switch|p2b: Rotom|Rotom-Wash, L50, shiny|16/100
|switch|p1a: Floette|Floette-Mega, L50, F|88/100
|-ability|p1a: Floette|Fairy Aura
|turn|10
|
|t:|1782253940
|move|p1b: Ceruledge|Protect|p1b: Ceruledge
|-singleturn|p1b: Ceruledge|Protect
|move|p1a: Floette|Dazzling Gleam|p2b: Rotom|[spread] p2a,p2b
|-supereffective|p2a: Tyranitar|1
|-damage|p2a: Tyranitar|54/100
|-damage|p2b: Rotom|0 fnt
|faint|p2b: Rotom
|move|p2a: Tyranitar|Rock Slide|p1b: Ceruledge|[spread] p1a
|-activate|p1b: Ceruledge|move: Protect
|-damage|p1a: Floette|64/100
|
|-weather|Sandstorm|[upkeep]
|-damage|p1a: Floette|58/100|[from] Sandstorm
|-damage|p1b: Ceruledge|62/100|[from] Sandstorm
|upkeep
|
|t:|1782253951
|switch|p2b: Excadrill|Excadrill, L50, F, shiny|100/100
|turn|11
|inactive|MuseigenTest has 30 seconds left.
|inactive|MuseigenTest has 20 seconds left.
|
|t:|1782253986
|move|p1a: Floette|Protect|p1a: Floette
|-singleturn|p1a: Floette|Protect
|move|p2b: Excadrill|Rock Slide|p1a: Floette|[spread] p1b
|-activate|p1a: Floette|move: Protect
|-supereffective|p1b: Ceruledge|1
|-damage|p1b: Ceruledge|16/100
|move|p1b: Ceruledge|Bitter Blade|p2b: Excadrill
|-supereffective|p2b: Excadrill|1
|-enditem|p2b: Excadrill|Focus Sash
|-damage|p2b: Excadrill|1/100
|-heal|p1b: Ceruledge|72/100|[from] drain|[of] p2b: Excadrill
|move|p2a: Tyranitar|Rock Slide|p1a: Floette|[spread] p1b
|-activate|p1a: Floette|move: Protect
|-supereffective|p1b: Ceruledge|1
|-damage|p1b: Ceruledge|18/100
|
|-weather|none
|upkeep
|turn|12
|
|t:|1782254009
|move|p1b: Ceruledge|Shadow Sneak|p2b: Excadrill
|-damage|p2b: Excadrill|0 fnt
|faint|p2b: Excadrill
|move|p1a: Floette|Draining Kiss|p2a: Tyranitar
|-supereffective|p2a: Tyranitar|1
|-damage|p2a: Tyranitar|0 fnt
|-heal|p1a: Floette|100/100|[from] drain|[of] p2a: Tyranitar
|faint|p2a: Tyranitar
|
|win|MuseigenTest
||MuseigenTest is ready for game 3.
||theonlyambipomfan is ready for game 3.
|uhtml|next|Next: Game 3 of 3
|l|☆theonlyambipomfan
|player|p2|
