|j|☆HumanPlaysVGC
|j|☆RillaZardCJM
|html|HumanPlaysVGCRillaZardCJM    
|uhtml|bestof|Game 2 of a best-of-3
|t:|1756558264
|gametype|doubles
|player|p1|HumanPlaysVGC|n-masters3|
|player|p2|RillaZardCJM|byron|
|gen|9
|tier|[Gen 9] VGC 2025 Reg H (Bo3)
|rule|Species Clause: Limit one of each Pokémon
|rule|Item Clause: Limit 1 of each item
|clearpoke
|poke|p1|Weezing-Galar, L50, F|
|poke|p1|Toedscruel, L50, F|
|poke|p1|Corviknight, L50, F|
|poke|p1|Incineroar, L50, M|
|poke|p1|Garchomp, L50, F|
|poke|p1|Indeedee, L50, M|
|poke|p2|Archaludon, L50, M|
|poke|p2|Maushold-Four, L50|
|poke|p2|Pelipper, L50, M|
|poke|p2|Rillaboom, L50, M|
|poke|p2|Dondozo, L50, F|
|poke|p2|Tatsugiri, L50, F|
|teampreview|4
|showteam|p1|Weezing-Galar||SitrusBerry|NeutralizingGas|DazzlingGleam,SludgeBomb,Protect,Taunt|||F|||50|,,,,,Grass]Toedscruel||CovertCloak|MyceliumMight|Spore,RagePowder,EarthPower,AcidSpray|||F|||50|,,,,,Water]Corviknight||RockyHelmet|MirrorArmor|Tailwind,BraveBird,Protect,Roost|||F|||50|,,,,,Dragon]Incineroar||AbilityShield|Intimidate|FakeOut,KnockOff,PartingShot,Taunt|||M|||50|,,,,,Ghost]Garchomp||LifeOrb|RoughSkin|DragonClaw,Earthquake,Protect,StompingTantrum|||F|||50|,,,,,Ground]Indeedee||FocusSash|PsychicSurge|ExpandingForce,DazzlingGleam,Protect,TrickRoom|||M|||50|,,,,,Psychic
|showteam|p2|Archaludon||AssaultVest|Stamina|FlashCannon,BodyPress,ElectroShot,DragonPulse|||M|||50|,,,,,Fairy]Maushold-Four||LoadedDice|FriendGuard|BeatUp,PopulationBomb,Protect,Taunt||||||50|,,,,,Normal]Pelipper||SitrusBerry|Drizzle|Tailwind,WeatherBall,Hurricane,Protect|||M|||50|,,,,,Water]Rillaboom||MeadowPlate|GrassySurge|WoodHammer,FakeOut,GrassyGlide,HighHorsepower|||M|||50|,,,,,Grass]Dondozo||Leftovers|Unaware|OrderUp,WaveCrash,Protect,Yawn|||F|||50|,,,,,Grass]Tatsugiri||FocusSash|Commander|IcyWind,MuddyWater,Protect,DracoMeteor|||F|||50|,,,,,Steel
|
|t:|1756558326
|teamsize|p1|4
|teamsize|p2|4
|start
|switch|p1a: Indeedee|Indeedee, L50, M|100/100
|switch|p1b: Toedscruel|Toedscruel, L50, F|100/100
|switch|p2a: Maushold|Maushold-Four, L50|100/100
|switch|p2b: Archaludon|Archaludon, L50, M|100/100
|-fieldstart|move: Psychic Terrain|[from] ability: Psychic Surge|[of] p1a: Indeedee
|turn|1
|
|t:|1756558354
|switch|p2b: Rillaboom|Rillaboom, L50, M|100/100
|-fieldstart|move: Grassy Terrain|[from] ability: Grassy Surge|[of] p2b: Rillaboom
|move|p1b: Toedscruel|Rage Powder|p1b: Toedscruel
|-singleturn|p1b: Toedscruel|move: Rage Powder
|move|p2a: Maushold|Taunt|p1b: Toedscruel
|-start|p1b: Toedscruel|move: Taunt
|move|p1a: Indeedee|Expanding Force|p2a: Maushold
|-damage|p2a: Maushold|51/100
|
|-heal|p2a: Maushold|57/100|[from] Grassy Terrain
|upkeep
|turn|2
|
|t:|1756558382
|switch|p1b: Weezing|Weezing-Galar, L50, F|100/100
|-ability|p1b: Weezing|Neutralizing Gas
|switch|p2b: Archaludon|Archaludon, L50, M|100/100
|move|p1a: Indeedee|Protect|p1a: Indeedee
|-singleturn|p1a: Indeedee|Protect
|move|p2a: Maushold|Beat Up|p2b: Archaludon
|-crit|p2b: Archaludon
|-damage|p2b: Archaludon|97/100
|-damage|p2b: Archaludon|95/100
|-damage|p2b: Archaludon|93/100
|-damage|p2b: Archaludon|90/100
|-hitcount|p2b: Archaludon|4
|
|-heal|p2a: Maushold|63/100|[from] Grassy Terrain
|-heal|p2b: Archaludon|96/100|[from] Grassy Terrain
|upkeep
|turn|3
|
|t:|1756558425
|switch|p2a: Pelipper|Pelipper, L50, M|100/100
|switch|p1a: Toedscruel|Toedscruel, L50, F|100/100
|move|p1b: Weezing|Protect|p1b: Weezing
|-singleturn|p1b: Weezing|Protect
|move|p2b: Archaludon|Dragon Pulse|p1a: Toedscruel
|-damage|p1a: Toedscruel|67/100
|
|-heal|p1a: Toedscruel|73/100|[from] Grassy Terrain
|-heal|p2b: Archaludon|100/100|[from] Grassy Terrain
|upkeep
|turn|4
|
|t:|1756558461
|switch|p2b: Rillaboom|Rillaboom, L50, M|100/100
|move|p1a: Toedscruel|Spore|p2a: Pelipper
|-status|p2a: Pelipper|slp|[from] move: Spore
|cant|p2a: Pelipper|slp
|move|p1b: Weezing|Dazzling Gleam|p2b: Rillaboom|[spread] p2a,p2b
|-damage|p2a: Pelipper|73/100 slp
|-damage|p2b: Rillaboom|75/100
|
|-heal|p1a: Toedscruel|79/100|[from] Grassy Terrain
|-heal|p2b: Rillaboom|80/100|[from] Grassy Terrain
|upkeep
|turn|5
|
|t:|1756558487
|cant|p2a: Pelipper|slp
|move|p1a: Toedscruel|Acid Spray|p2b: Rillaboom
|-supereffective|p2b: Rillaboom
|-damage|p2b: Rillaboom|60/100
|-unboost|p2b: Rillaboom|spd|2
|move|p2b: Rillaboom|High Horsepower|p1b: Weezing
|-supereffective|p1b: Weezing
|-damage|p1b: Weezing|46/100
|-enditem|p1b: Weezing|Sitrus Berry|[eat]
|-heal|p1b: Weezing|71/100|[from] item: Sitrus Berry
|move|p1b: Weezing|Dazzling Gleam|p2b: Rillaboom|[spread] p2a,p2b
|-damage|p2a: Pelipper|46/100 slp
|-damage|p2b: Rillaboom|11/100
|-enditem|p2a: Pelipper|Sitrus Berry|[eat]
|-heal|p2a: Pelipper|71/100 slp|[from] item: Sitrus Berry
|
|-heal|p1a: Toedscruel|85/100|[from] Grassy Terrain
|-heal|p2b: Rillaboom|17/100|[from] Grassy Terrain
|-heal|p1b: Weezing|77/100|[from] Grassy Terrain
|-fieldend|move: Grassy Terrain
|upkeep
|turn|6
|
|t:|1756558514
|-curestatus|p2a: Pelipper|slp|[msg]
|move|p2a: Pelipper|Protect|p2a: Pelipper
|-singleturn|p2a: Pelipper|Protect
|move|p1a: Toedscruel|Spore|p2a: Pelipper
|-activate|p2a: Pelipper|move: Protect
|move|p2b: Rillaboom|High Horsepower|p1b: Weezing
|-supereffective|p1b: Weezing
|-damage|p1b: Weezing|27/100
|move|p1b: Weezing|Dazzling Gleam|p2b: Rillaboom|[spread] p2b
|-activate|p2a: Pelipper|move: Protect
|-damage|p2b: Rillaboom|0 fnt
|faint|p2b: Rillaboom
|
|upkeep
|
|t:|1756558536
|switch|p2b: Maushold|Maushold-Four, L50|63/100
|turn|7
|
|t:|1756558555
|-terastallize|p2b: Maushold|Normal
|move|p2a: Pelipper|Protect||[still]
|-fail|p2a: Pelipper
|move|p1b: Weezing|Protect|p1b: Weezing
|-singleturn|p1b: Weezing|Protect
|move|p1a: Toedscruel|Spore|p2a: Pelipper
|-status|p2a: Pelipper|slp|[from] move: Spore
|move|p2b: Maushold|Population Bomb|p1a: Toedscruel
|-damage|p1a: Toedscruel|72/100
|-damage|p1a: Toedscruel|59/100
|-damage|p1a: Toedscruel|46/100
|-damage|p1a: Toedscruel|33/100
|-damage|p1a: Toedscruel|19/100
|-damage|p1a: Toedscruel|6/100
|-damage|p1a: Toedscruel|0 fnt
|faint|p1a: Toedscruel
|-hitcount|p1: Toedscruel|7
|
|upkeep
|
|t:|1756558583
|switch|p1a: Garchomp|Garchomp, L50, F|100/100
|turn|8
|
|t:|1756558598
|move|p2b: Maushold|Protect|p2b: Maushold
|-singleturn|p2b: Maushold|Protect
|move|p1a: Garchomp|Stomping Tantrum|p2b: Maushold
|-activate|p2b: Maushold|move: Protect
|cant|p2a: Pelipper|slp
|move|p1b: Weezing|Dazzling Gleam|p2a: Pelipper|[spread] p2a
|-activate|p2b: Maushold|move: Protect
|-damage|p2a: Pelipper|44/100 slp
|
|upkeep
|turn|9
|
|t:|1756558617
|move|p1a: Garchomp|Stomping Tantrum|p2b: Maushold
|-damage|p2b: Maushold|0 fnt
|faint|p2b: Maushold
|-damage|p1a: Garchomp|91/100|[from] item: Life Orb
|-curestatus|p2a: Pelipper|slp|[msg]
|move|p2a: Pelipper|Weather Ball|p1a: Garchomp
|-damage|p1a: Garchomp|76/100
|move|p1b: Weezing|Dazzling Gleam|p2a: Pelipper
|-damage|p2a: Pelipper|5/100
|
|upkeep
|
|t:|1756558629
|switch|p2b: Archaludon|Archaludon, L50, M|100/100
|turn|10
|
|t:|1756558654
|-terastallize|p1a: Garchomp|Ground
|move|p1b: Weezing|Protect|p1b: Weezing
|-singleturn|p1b: Weezing|Protect
|move|p1a: Garchomp|Earthquake|p2a: Pelipper|[spread] p2b
|-activate|p1b: Weezing|move: Protect
|-immune|p2a: Pelipper
|-supereffective|p2b: Archaludon
|-damage|p2b: Archaludon|15/100
|-damage|p1a: Garchomp|67/100|[from] item: Life Orb
|move|p2b: Archaludon|Dragon Pulse|p1a: Garchomp
|-damage|p1a: Garchomp|25/100
|move|p2a: Pelipper|Hurricane|p1a: Garchomp
|-damage|p1a: Garchomp|0 fnt
|faint|p1a: Garchomp
|
|upkeep
|
|t:|1756558674
|switch|p1a: Indeedee|Indeedee, L50, M|100/100
|turn|11
|
|t:|1756558690
|move|p1a: Indeedee|Dazzling Gleam|p2a: Pelipper|[spread] p2a,p2b
|-damage|p2a: Pelipper|0 fnt
|-damage|p2b: Archaludon|0 fnt
|faint|p2a: Pelipper
|faint|p2b: Archaludon
|
|win|HumanPlaysVGC
|l|☆RillaZardCJM
|player|p2|
