|j|☆Slayermen34
|j|☆GetSlagged
|html|Slayermen34GetSlagged    
|uhtml|bestof|Game 2 of a best-of-3
|t:|1783052603
|gametype|doubles
|player|p1|Slayermen34|alder|
|player|p2|GetSlagged|miku-water|
|gen|9
|tier|[Gen 9 Champions] VGC 2026 Reg M-B (Bo3)
|rule|Species Clause: Limit one of each Pokémon
|rule|Item Clause: Limit 1 of each item
|clearpoke
|poke|p1|Gardevoir, L50, F, shiny|
|poke|p1|Ceruledge, L50, F|
|poke|p1|Goodra, L50, F|
|poke|p1|Mamoswine, L50, M|
|poke|p1|Musharna, L50, M, shiny|
|poke|p1|Aggron, L50, M|
|poke|p2|Swampert, L50, M|
|poke|p2|Liepard, L50, F|
|poke|p2|Venusaur, L50, F|
|poke|p2|Lycanroc, L50, M, shiny|
|poke|p2|Empoleon, L50, F, shiny|
|poke|p2|Tyrantrum, L50, F, shiny|
|teampreview|4
|showteam|p1|Gardevoir||Gardevoirite|Trace|CalmMind,HyperVoice,ShadowBall,EnergyBall|Timid||F|||50|]Ceruledge||FocusSash|FlashFire|SwordsDance,BitterBlade,SunnyDay,SolarBlade|Jolly||F|||50|]Goodra||Leftovers|Gooey|AcidArmor,GigaDrain,Thunderbolt,DragonPulse|Modest||F|||50|]Mamoswine||LifeOrb|ThickFat|Earthquake,RockSlide,IceShard,KnockOff|Jolly||M|||50|]Musharna||LightClay|Telepathy|LightScreen,Reflect,EnergyBall,MistyExplosion|Modest||M|||50|]Aggron||QuickClaw|Sturdy|RockSlide,IronHead,StealthRock,Outrage|Adamant||M|||50|
|showteam|p2|Swampert||Swampertite|Torrent|WaveCrash,Protect,Bulldoze,RockSlide|Adamant||M|||50|]Liepard||BlackGlasses|Prankster|DarkPulse,RainDance,FakeOut,FakeTears|Sassy||F|||50|]Venusaur||WideLens|Chlorophyll|SleepPowder,EarthPower,SludgeWave,WeatherBall|Modest||F|||50|]Lycanroc||FocusSash|Steadfast|Accelerock,StealthRock,RockSlide,CloseCombat|Jolly||M|||50|]Empoleon||Leftovers|Competitive|Surf,Substitute,Roost,Protect|Calm||F|||50|]Tyrantrum||ChoiceScarf|RockHead|HeadSmash,Outrage,Earthquake,CloseCombat|Jolly||F|||50|
|inactive|Battle timer is ON: inactive players will automatically lose when time's up. (requested by GetSlagged)
|inactive|Slayermen34 has 60 seconds left.
|
|t:|1783052666
|teamsize|p1|4
|teamsize|p2|4
|start
|switch|p1a: JOD|Musharna, L50, M, shiny|100/100
|switch|p1b: Uther|Aggron, L50, M|100/100
|switch|p2a: Liepard|Liepard, L50, F|100/100
|switch|p2b: Swampert|Swampert, L50, M|100/100
|turn|1
|
|t:|1783052682
|detailschange|p2b: Swampert|Swampert-Mega, L50, M
|-mega|p2b: Swampert|Swampert|Swampertite
|move|p2a: Liepard|Rain Dance|p2a: Liepard
|-weather|RainDance
|move|p2b: Swampert|Bulldoze|p1b: Uther|[spread] p2a,p1a,p1b
|-supereffective|p1b: Uther|2
|-damage|p2a: Liepard|45/100
|-damage|p1a: JOD|74/100
|-damage|p1b: Uther|23/100
|-unboost|p2a: Liepard|spe|1
|-unboost|p1a: JOD|spe|1
|-unboost|p1b: Uther|spe|1
|move|p1b: Uther|Stealth Rock|p2b: Swampert
|-sidestart|p2: GetSlagged|move: Stealth Rock
|move|p1a: JOD|Energy Ball|p2b: Swampert
|-supereffective|p2b: Swampert|2
|-damage|p2b: Swampert|7/100
|
|-weather|RainDance|[upkeep]
|upkeep
|turn|2
|inactive|Slayermen34 has 30 seconds left.
|inactive|GetSlagged has 30 seconds left.
|
|t:|1783052709
|move|p2b: Swampert|Wave Crash|p1b: Uther
|-supereffective|p1b: Uther|1
|-damage|p1b: Uther|0 fnt
|faint|p1b: Uther
|-damage|p2b: Swampert|1/100|[from] Recoil
|move|p2a: Liepard|Dark Pulse|p1a: JOD
|-supereffective|p1a: JOD|1
|-damage|p1a: JOD|28/100
|move|p1a: JOD|Misty Explosion|p2a: Liepard|[spread] p2a,p2b
|-supereffective|p2a: Liepard|1
|-crit|p2b: Swampert
|-damage|p2a: Liepard|0 fnt
|-damage|p2b: Swampert|0 fnt
|faint|p1a: JOD
|faint|p2a: Liepard
|faint|p2b: Swampert
|
|-weather|RainDance|[upkeep]
|upkeep
|
|t:|1783052724
|switch|p2a: Venusaur|Venusaur, L50, F|100/100
|switch|p2b: Empoleon|Empoleon, L50, F, shiny|100/100
|switch|p1b: Alter|Ceruledge, L50, F|100/100
|switch|p1a: Gheeeeew|Goodra, L50, F|100/100
|-damage|p2a: Venusaur|87/100|[from] Stealth Rock
|-damage|p2b: Empoleon|94/100|[from] Stealth Rock
|turn|3
|inactive|Slayermen34 has 30 seconds left.
|inactive|GetSlagged has 30 seconds left.
|
|t:|1783052754
|move|p1b: Alter|Sunny Day|p1b: Alter
|-weather|SunnyDay
|move|p2a: Venusaur|Sleep Powder|p1a: Gheeeeew
|-status|p1a: Gheeeeew|slp|[from] move: Sleep Powder
|cant|p1a: Gheeeeew|slp
|move|p2b: Empoleon|Substitute|p2b: Empoleon
|-start|p2b: Empoleon|Substitute
|-damage|p2b: Empoleon|69/100
|
|-weather|SunnyDay|[upkeep]
|-heal|p2b: Empoleon|75/100|[from] item: Leftovers
|upkeep
|turn|4
|
|t:|1783052771
|move|p2a: Venusaur|Sleep Powder|p1b: Alter
|-status|p1b: Alter|slp|[from] move: Sleep Powder
|cant|p1b: Alter|slp
|-curestatus|p1a: Gheeeeew|slp|[msg]
|move|p1a: Gheeeeew|Acid Armor|p1a: Gheeeeew
|-boost|p1a: Gheeeeew|def|2
|move|p2b: Empoleon|Roost|p2b: Empoleon
|-heal|p2b: Empoleon|100/100
|-singleturn|p2b: Empoleon|move: Roost
|
|-weather|SunnyDay|[upkeep]
|upkeep
|turn|5
|
|t:|1783052786
|move|p2a: Venusaur|Sleep Powder|p1a: Gheeeeew
|-status|p1a: Gheeeeew|slp|[from] move: Sleep Powder
|cant|p1b: Alter|slp
|cant|p1a: Gheeeeew|slp
|move|p2b: Empoleon|Surf|p1a: Gheeeeew|[spread] p2a,p1a,p1b
|-resisted|p2a: Venusaur|1
|-resisted|p1a: Gheeeeew|1
|-supereffective|p1b: Alter|1
|-damage|p2a: Venusaur|81/100
|-damage|p1a: Gheeeeew|96/100 slp
|-damage|p1b: Alter|70/100 slp
|
|-weather|SunnyDay|[upkeep]
|-heal|p1a: Gheeeeew|100/100 slp|[from] item: Leftovers
|upkeep
|turn|6
|
|t:|1783052802
|move|p2b: Empoleon|Protect|p2b: Empoleon
|-singleturn|p2b: Empoleon|Protect
|move|p2a: Venusaur|Sludge Wave|p1b: Alter|[spread] p1a,p1b
|-activate|p2b: Empoleon|move: Protect
|-resisted|p1b: Alter|1
|-damage|p1a: Gheeeeew|76/100 slp
|-damage|p1b: Alter|51/100 slp
|-curestatus|p1b: Alter|slp|[msg]
|move|p1b: Alter|Swords Dance|p1b: Alter
|-boost|p1b: Alter|atk|2
|-curestatus|p1a: Gheeeeew|slp|[msg]
|move|p1a: Gheeeeew|Thunderbolt|p2b: Empoleon
|-activate|p2b: Empoleon|move: Protect
|
|-weather|SunnyDay|[upkeep]
|-heal|p1a: Gheeeeew|82/100|[from] item: Leftovers
|upkeep
|turn|7
|
|t:|1783052821
|move|p2a: Venusaur|Sleep Powder|p1b: Alter
|-status|p1b: Alter|slp|[from] move: Sleep Powder
|cant|p1b: Alter|slp
|move|p1a: Gheeeeew|Thunderbolt|p2b: Empoleon
|-supereffective|p2b: Empoleon|1
|-end|p2b: Empoleon|Substitute
|move|p2b: Empoleon|Surf|p1a: Gheeeeew|[spread] p2a,p1a,p1b
|-resisted|p2a: Venusaur|1
|-resisted|p1a: Gheeeeew|1
|-supereffective|p1b: Alter|1
|-damage|p2a: Venusaur|73/100
|-damage|p1a: Gheeeeew|78/100
|-damage|p1b: Alter|18/100 slp
|
|-weather|none
|-heal|p1a: Gheeeeew|84/100|[from] item: Leftovers
|upkeep
|turn|8
|inactive|Slayermen34 has 30 seconds left.
|
|t:|1783052847
|cant|p1b: Alter|slp
|move|p2a: Venusaur|Earth Power|p1b: Alter
|-supereffective|p1b: Alter|1
|-damage|p1b: Alter|0 fnt
|faint|p1b: Alter
|move|p1a: Gheeeeew|Thunderbolt|p2b: Empoleon
|-supereffective|p2b: Empoleon|1
|-damage|p2b: Empoleon|57/100
|move|p2b: Empoleon|Substitute|p2b: Empoleon
|-start|p2b: Empoleon|Substitute
|-damage|p2b: Empoleon|32/100
|
|-heal|p1a: Gheeeeew|90/100|[from] item: Leftovers
|-heal|p2b: Empoleon|38/100|[from] item: Leftovers
|upkeep
|turn|9
|
|t:|1783052862
|move|p2a: Venusaur|Sleep Powder|p1a: Gheeeeew
|-status|p1a: Gheeeeew|slp|[from] move: Sleep Powder
|cant|p1a: Gheeeeew|slp
|move|p2b: Empoleon|Roost|p2b: Empoleon
|-heal|p2b: Empoleon|88/100
|-singleturn|p2b: Empoleon|move: Roost
|
|-heal|p1a: Gheeeeew|96/100 slp|[from] item: Leftovers
|-heal|p2b: Empoleon|94/100|[from] item: Leftovers
|upkeep
|turn|10
|
|t:|1783052876
|move|p2b: Empoleon|Protect|p2b: Empoleon
|-singleturn|p2b: Empoleon|Protect
|move|p2a: Venusaur|Earth Power|p1a: Gheeeeew
|-damage|p1a: Gheeeeew|77/100 slp
|cant|p1a: Gheeeeew|slp
|
|-heal|p1a: Gheeeeew|83/100 slp|[from] item: Leftovers
|-heal|p2b: Empoleon|100/100|[from] item: Leftovers
|upkeep
|turn|11
|
|t:|1783052885
|move|p2a: Venusaur|Earth Power|p1a: Gheeeeew
|-damage|p1a: Gheeeeew|65/100 slp
|-curestatus|p1a: Gheeeeew|slp|[msg]
|move|p1a: Gheeeeew|Acid Armor|p1a: Gheeeeew
|-boost|p1a: Gheeeeew|def|2
|move|p2b: Empoleon|Substitute|p2b: Empoleon
|-fail|p2b: Empoleon|move: Substitute
|
|-heal|p1a: Gheeeeew|71/100|[from] item: Leftovers
|upkeep
|turn|12
|
|t:|1783052897
|move|p2a: Venusaur|Sleep Powder|p1a: Gheeeeew
|-status|p1a: Gheeeeew|slp|[from] move: Sleep Powder
|cant|p1a: Gheeeeew|slp
|move|p2b: Empoleon|Substitute|p2b: Empoleon
|-fail|p2b: Empoleon|move: Substitute
|
|-heal|p1a: Gheeeeew|77/100 slp|[from] item: Leftovers
|upkeep
|turn|13
|
|t:|1783052905
|move|p2a: Venusaur|Earth Power|p1a: Gheeeeew
|-damage|p1a: Gheeeeew|59/100 slp
|-unboost|p1a: Gheeeeew|spd|1
|cant|p1a: Gheeeeew|slp
|move|p2b: Empoleon|Substitute|p2b: Empoleon
|-fail|p2b: Empoleon|move: Substitute
|
|-heal|p1a: Gheeeeew|65/100 slp|[from] item: Leftovers
|upkeep
|turn|14
|
|t:|1783052915
|move|p2b: Empoleon|Protect|p2b: Empoleon
|-singleturn|p2b: Empoleon|Protect
|move|p2a: Venusaur|Earth Power|p1a: Gheeeeew
|-damage|p1a: Gheeeeew|36/100 slp
|-curestatus|p1a: Gheeeeew|slp|[msg]
|move|p1a: Gheeeeew|Dragon Pulse|p2a: Venusaur
|-damage|p2a: Venusaur|22/100
|
|-heal|p1a: Gheeeeew|42/100|[from] item: Leftovers
|upkeep
|turn|15
|
|t:|1783052929
|move|p2a: Venusaur|Sleep Powder|p1a: Gheeeeew
|-status|p1a: Gheeeeew|slp|[from] move: Sleep Powder
|cant|p1a: Gheeeeew|slp
|move|p2b: Empoleon|Substitute|p2b: Empoleon
|-fail|p2b: Empoleon|move: Substitute
|
|-heal|p1a: Gheeeeew|48/100 slp|[from] item: Leftovers
|upkeep
|turn|16
|
|t:|1783052938
|move|p2b: Empoleon|Protect|p2b: Empoleon
|-singleturn|p2b: Empoleon|Protect
|move|p2a: Venusaur|Sludge Wave|p1a: Gheeeeew|[spread] p1a
|-activate|p2b: Empoleon|move: Protect
|-damage|p1a: Gheeeeew|13/100 slp
|-curestatus|p1a: Gheeeeew|slp|[msg]
|move|p1a: Gheeeeew|Dragon Pulse|p2a: Venusaur
|-damage|p2a: Venusaur|0 fnt
|faint|p2a: Venusaur
|
|-heal|p1a: Gheeeeew|19/100|[from] item: Leftovers
|upkeep
|turn|17
|
|t:|1783052956
|move|p1a: Gheeeeew|Thunderbolt|p2b: Empoleon
|-supereffective|p2b: Empoleon|1
|-end|p2b: Empoleon|Substitute
|move|p2b: Empoleon|Surf|p1a: Gheeeeew
|-resisted|p1a: Gheeeeew|1
|-damage|p1a: Gheeeeew|4/100
|
|-heal|p1a: Gheeeeew|10/100|[from] item: Leftovers
|upkeep
|turn|18
|
|t:|1783052965
|move|p1a: Gheeeeew|Giga Drain|p2b: Empoleon
|-damage|p2b: Empoleon|82/100
|-heal|p1a: Gheeeeew|19/100|[from] drain|[of] p2b: Empoleon
|move|p2b: Empoleon|Surf|p1a: Gheeeeew
|-resisted|p1a: Gheeeeew|1
|-damage|p1a: Gheeeeew|1/100
|
|-heal|p1a: Gheeeeew|7/100|[from] item: Leftovers
|-heal|p2b: Empoleon|87/100|[from] item: Leftovers
|upkeep
|turn|19
|
|t:|1783052975
|move|p1a: Gheeeeew|Thunderbolt|p2b: Empoleon
|-supereffective|p2b: Empoleon|1
|-damage|p2b: Empoleon|46/100
|-status|p2b: Empoleon|par
|move|p2b: Empoleon|Surf|p1a: Gheeeeew
|-resisted|p1a: Gheeeeew|1
|-damage|p1a: Gheeeeew|0 fnt
|faint|p1a: Gheeeeew
|
|win|GetSlagged
||GetSlagged is ready for game 3.
