|j|☆KastusDiea
|j|☆Crystneel
|html|KastusDieaCrystneel    
|uhtml|bestof|Game 1 of a best-of-3
|t:|1756662803
|gametype|doubles
|player|p1|KastusDiea|pilot|1008
|player|p2|Crystneel|101|1080
|gen|9
|tier|[Gen 9] VGC 2025 Reg H (Bo3)
|rated|
|rule|Species Clause: Limit one of each Pokémon
|rule|Item Clause: Limit 1 of each item
|clearpoke
|poke|p1|Dondozo, L50, M|
|poke|p1|Tatsugiri, L50, M|
|poke|p1|Talonflame, L50, M|
|poke|p1|Dragonite, L50, M|
|poke|p1|Gholdengo, L50|
|poke|p1|Sneasler, L50, F|
|poke|p2|Volcarona, L50, M|
|poke|p2|Electabuzz, L50, F|
|poke|p2|Sneasler, L50, F|
|poke|p2|Rillaboom, L50, F|
|poke|p2|Dragonite, L50, M|
|poke|p2|Ursaluna-Bloodmoon, L50, M|
|teampreview|4
|showteam|p1|Dondozo||Leftovers|Unaware|Protect,Earthquake,WaveCrash,OrderUp|||M|||50|,,,,,Grass]Tatsugiri||ChoiceScarf|Commander|MuddyWater,IcyWind,DracoMeteor,DragonPulse|||M|||50|,,,,,Water]Talonflame||CovertCloak|GaleWings|FlareBlitz,BraveBird,Tailwind,WillOWisp|||M|||50|,,,,,Ghost]Dragonite||ChoiceBand|InnerFocus|Outrage,ExtremeSpeed,StompingTantrum,BrickBreak|||M|||50|,,,,,Normal]Gholdengo||ChoiceSpecs|GoodasGold|MakeItRain,ShadowBall,Thunderbolt,Trick||||||50|,,,,,Steel]Sneasler||FocusSash|PoisonTouch|CloseCombat,DireClaw,FakeOut,Protect|||F|||50|,,,,,Fighting
|showteam|p2|Volcarona||Leftovers|FlameBody|FieryDance,QuiverDance,GigaDrain,Protect|||M|||50|,,,,,Water]Electabuzz||Eviolite|Static|FollowMe,Electroweb,VoltSwitch,Taunt|||F|||50|,,,,,Fairy]Sneasler||GrassySeed|Unburden|DireClaw,CloseCombat,ThroatChop,Protect|||F|||50|,,,,,Dark]Rillaboom||AssaultVest|GrassySurge|FakeOut,GrassyGlide,WoodHammer,Uturn|||F|||50|,,,,,Fire]Dragonite||LoadedDice|Multiscale|ExtremeSpeed,ScaleShot,IceSpinner,LowKick|||M|||50|,,,,,Normal]Ursaluna-Bloodmoon||ThroatSpray|MindsEye|BloodMoon,HyperVoice,EarthPower,Protect|||M|||50|,,,,,Poison
|inactive|Battle timer is ON: inactive players will automatically lose when time's up. (requested by Crystneel)
|
|t:|1756662852
|teamsize|p1|4
|teamsize|p2|4
|start
|switch|p1a: Talonflame|Talonflame, L50, M|100/100
|switch|p1b: Dragonite|Dragonite, L50, M|100/100
|switch|p2a: Volcarona|Volcarona, L50, M|100/100
|switch|p2b: Electabuzz|Electabuzz, L50, F|100/100
|turn|1
|inactive|KastusDiea has 30 seconds left.
|inactive|Crystneel has 30 seconds left.
|
|t:|1756662882
|move|p2b: Electabuzz|Follow Me|p2b: Electabuzz
|-singleturn|p2b: Electabuzz|move: Follow Me
|move|p1a: Talonflame|Tailwind|p1a: Talonflame
|-sidestart|p1: KastusDiea|move: Tailwind
|move|p1b: Dragonite|Stomping Tantrum|p2b: Electabuzz
|-supereffective|p2b: Electabuzz
|-damage|p2b: Electabuzz|23/100
|move|p2a: Volcarona|Quiver Dance|p2a: Volcarona
|-boost|p2a: Volcarona|spa|1
|-boost|p2a: Volcarona|spd|1
|-boost|p2a: Volcarona|spe|1
|
|upkeep
|turn|2
|
|t:|1756662903
|move|p2b: Electabuzz|Follow Me|p2b: Electabuzz
|-singleturn|p2b: Electabuzz|move: Follow Me
|move|p1a: Talonflame|Brave Bird|p2b: Electabuzz
|-resisted|p2b: Electabuzz
|-damage|p2b: Electabuzz|2/100
|-damage|p1a: Talonflame|93/100|[from] Recoil
|move|p2a: Volcarona|Fiery Dance|p1a: Talonflame
|-resisted|p1a: Talonflame
|-damage|p1a: Talonflame|52/100
|-boost|p2a: Volcarona|spa|1
|move|p1b: Dragonite|Stomping Tantrum|p2b: Electabuzz
|-supereffective|p2b: Electabuzz
|-damage|p2b: Electabuzz|0 fnt
|faint|p2b: Electabuzz
|
|upkeep
|
|t:|1756662919
|switch|p2b: Rillaboom|Rillaboom, L50, F|100/100
|-fieldstart|move: Grassy Terrain|[from] ability: Grassy Surge|[of] p2b: Rillaboom
|turn|3
|
|t:|1756662937
|-terastallize|p2a: Volcarona|Water
|move|p1a: Talonflame|Will-O-Wisp|p2b: Rillaboom|[miss]
|-miss|p1a: Talonflame|p2b: Rillaboom
|move|p2a: Volcarona|Fiery Dance|p1a: Talonflame
|-resisted|p1a: Talonflame
|-damage|p1a: Talonflame|0 fnt
|faint|p1a: Talonflame
|move|p1b: Dragonite|Stomping Tantrum|p2a: Volcarona
|-damage|p2a: Volcarona|43/100
|move|p2b: Rillaboom|U-turn|p1b: Dragonite
|-resisted|p1b: Dragonite
|-damage|p1b: Dragonite|89/100
|
|t:|1756662949
|switch|p2b: Sneasler|Sneasler, L50, F|100/100|[from] U-turn
|-enditem|p2b: Sneasler|Grassy Seed
|-boost|p2b: Sneasler|def|1|[from] item: Grassy Seed
|
|-heal|p2a: Volcarona|49/100|[from] Grassy Terrain
|-heal|p2a: Volcarona|55/100|[from] item: Leftovers
|upkeep
|
|t:|1756662957
|switch|p1a: Dondozo|Dondozo, L50, M|100/100
|turn|4
|
|t:|1756662972
|move|p1a: Dondozo|Protect|p1a: Dondozo
|-singleturn|p1a: Dondozo|Protect
|move|p2b: Sneasler|Dire Claw|p1a: Dondozo
|-activate|p1a: Dondozo|move: Protect
|move|p2a: Volcarona|Giga Drain|p1a: Dondozo
|-activate|p1a: Dondozo|move: Protect
|move|p1b: Dragonite|Stomping Tantrum|p2b: Sneasler
|-supereffective|p2b: Sneasler
|-damage|p2b: Sneasler|0 fnt
|faint|p2b: Sneasler
|
|-heal|p2a: Volcarona|61/100|[from] Grassy Terrain
|-heal|p2a: Volcarona|66/100|[from] item: Leftovers
|-sideend|p1: KastusDiea|move: Tailwind
|upkeep
|
|t:|1756662984
|switch|p2b: Rillaboom|Rillaboom, L50, F|100/100
|turn|5
|
|t:|1756663006
|switch|p1a: Tatsugiri|Tatsugiri, L50, M|100/100
|move|p2b: Rillaboom|Fake Out|p1a: Tatsugiri
|-damage|p1a: Tatsugiri|70/100
|move|p2a: Volcarona|Quiver Dance|p2a: Volcarona
|-boost|p2a: Volcarona|spa|1
|-boost|p2a: Volcarona|spd|1
|-boost|p2a: Volcarona|spe|1
|move|p1b: Dragonite|Stomping Tantrum|p2a: Volcarona
|-damage|p2a: Volcarona|14/100
|-status|p1b: Dragonite|brn|[from] ability: Flame Body|[of] p2a: Volcarona
|
|-heal|p2a: Volcarona|19/100|[from] Grassy Terrain
|-heal|p2a: Volcarona|25/100|[from] item: Leftovers
|-heal|p1a: Tatsugiri|76/100|[from] Grassy Terrain
|-damage|p1b: Dragonite|83/100 brn|[from] brn
|upkeep
|turn|6
|inactive|KastusDiea has 30 seconds left.
|inactive|KastusDiea has 20 seconds left.
|inactive|KastusDiea has 15 seconds left.
|inactive|KastusDiea has 10 seconds left.
|
|t:|1756663053
|move|p2a: Volcarona|Protect|p2a: Volcarona
|-singleturn|p2a: Volcarona|Protect
|move|p1a: Tatsugiri|Icy Wind|p2a: Volcarona|[spread] p2b
|-activate|p2a: Volcarona|move: Protect
|-supereffective|p2b: Rillaboom
|-damage|p2b: Rillaboom|81/100
|-unboost|p2b: Rillaboom|spe|1
|move|p1b: Dragonite|Stomping Tantrum|p2a: Volcarona
|-activate|p2a: Volcarona|move: Protect
|move|p2b: Rillaboom|Wood Hammer|p1b: Dragonite
|-resisted|p1b: Dragonite
|-damage|p1b: Dragonite|62/100 brn
|-damage|p2b: Rillaboom|74/100|[from] Recoil
|
|-heal|p2a: Volcarona|31/100|[from] Grassy Terrain
|-heal|p2a: Volcarona|37/100|[from] item: Leftovers
|-heal|p1a: Tatsugiri|82/100|[from] Grassy Terrain
|-heal|p2b: Rillaboom|80/100|[from] Grassy Terrain
|-damage|p1b: Dragonite|56/100 brn|[from] brn
|upkeep
|turn|7
|
|t:|1756663076
|switch|p1b: Dondozo|Dondozo, L50, M|100/100
|-activate|p1a: Tatsugiri|ability: Commander|[of] p1b: Dondozo
|-boost|p1b: Dondozo|atk|2
|-boost|p1b: Dondozo|spa|2
|-boost|p1b: Dondozo|spe|2
|-boost|p1b: Dondozo|def|2
|-boost|p1b: Dondozo|spd|2
|move|p2a: Volcarona|Fiery Dance|p1b: Dondozo
|-resisted|p1b: Dondozo
|-damage|p1b: Dondozo|90/100
|move|p2b: Rillaboom|Wood Hammer|p1a: Tatsugiri|[miss]
|-miss|p2b: Rillaboom|p1a: Tatsugiri
|
|-heal|p2a: Volcarona|42/100|[from] Grassy Terrain
|-heal|p2a: Volcarona|48/100|[from] item: Leftovers
|-heal|p1a: Tatsugiri|87/100|[from] Grassy Terrain
|-heal|p1b: Dondozo|96/100|[from] Grassy Terrain
|-heal|p1b: Dondozo|100/100|[from] item: Leftovers
|-heal|p2b: Rillaboom|86/100|[from] Grassy Terrain
|-fieldend|move: Grassy Terrain
|upkeep
|turn|8
|inactive|KastusDiea has 30 seconds left.
|inactive|Crystneel has 30 seconds left.
|inactive|KastusDiea has 20 seconds left.
|inactive|KastusDiea has 15 seconds left.
|
|t:|1756663116
|-terastallize|p1b: Dondozo|Grass
|move|p2a: Volcarona|Giga Drain|p1b: Dondozo
|-resisted|p1b: Dondozo
|-damage|p1b: Dondozo|95/100
|-heal|p2a: Volcarona|52/100|[from] drain|[of] p1b: Dondozo
|move|p1b: Dondozo|Wave Crash|p2a: Volcarona
|-resisted|p2a: Volcarona
|-damage|p2a: Volcarona|0 fnt
|faint|p2a: Volcarona
|-damage|p1b: Dondozo|80/100|[from] Recoil
|move|p2b: Rillaboom|Wood Hammer|p1b: Dondozo
|-resisted|p1b: Dondozo
|-damage|p1b: Dondozo|69/100
|-damage|p2b: Rillaboom|81/100|[from] Recoil
|
|-heal|p1b: Dondozo|75/100|[from] item: Leftovers
|upkeep
|turn|9
|
|t:|1756663136
|move|p1b: Dondozo|Order Up|p2b: Rillaboom
|-damage|p2b: Rillaboom|37/100
|-boost|p1b: Dondozo|atk|1
|move|p2b: Rillaboom|U-turn|p1b: Dondozo
|-supereffective|p1b: Dondozo
|-damage|p1b: Dondozo|55/100
|
|-heal|p1b: Dondozo|61/100|[from] item: Leftovers
|upkeep
|turn|10
|inactive|Crystneel has 30 seconds left.
|
|t:|1756663167
|move|p1b: Dondozo|Protect|p1b: Dondozo
|-singleturn|p1b: Dondozo|Protect
|move|p2b: Rillaboom|U-turn|p1b: Dondozo
|-activate|p1b: Dondozo|move: Protect
|
|-heal|p1b: Dondozo|67/100|[from] item: Leftovers
|upkeep
|turn|11
|
|t:|1756663177
|move|p1b: Dondozo|Order Up|p2b: Rillaboom
|-damage|p2b: Rillaboom|0 fnt
|faint|p2b: Rillaboom
|
|win|KastusDiea
||KastusDiea is ready for game 2.
||Crystneel is ready for game 2.
|uhtml|next|Next: Game 2 of 3
