|j|☆8787878i
|j|☆natsukivgc
|html|8787878inatsukivgc    
|uhtml|bestof|Game 2 of a best-of-3
|t:|1785688880
|gametype|doubles
|player|p1|8787878i|tuberf|1260
|player|p2|natsukivgc|265|1246
|gen|9
|tier|[Gen 9 Champions] VGC 2026 Reg M-B (Bo3)
|rated|
|rule|Species Clause: Limit one of each Pokémon
|rule|Item Clause: Limit 1 of each item
|clearpoke
|poke|p1|Froslass, L50, F|
|poke|p1|Sneasler, L50, F|
|poke|p1|Kingambit, L50, M|
|poke|p1|Basculegion, L50, M|
|poke|p1|Scovillain, L50, M|
|poke|p1|Lycanroc-Dusk, L50, F|
|poke|p2|Garchomp, L50, M|
|poke|p2|Charizard, L50, M|
|poke|p2|Kingambit, L50, M|
|poke|p2|Basculegion, L50, M|
|poke|p2|Whimsicott, L50, F|
|poke|p2|Floette-Eternal, L50, F|
|teampreview|4
|showteam|p1|Froslass||Froslassite|CursedBody|Protect,Blizzard,AuroraVeil,ShadowBall|Modest||F|||50|]Sneasler||WhiteHerb|Unburden|Protect,CloseCombat,FakeOut,GunkShot|Adamant||F|||50|]Kingambit||LifeOrb|Defiant|KowtowCleave,SuckerPunch,SwordsDance,Protect|Adamant||M|||50|]Basculegion||SitrusBerry|Adaptability|Protect,WaveCrash,LastRespects,AquaJet|Adamant||M|||50|]Scovillain||Scovillainite|Moody|Protect,GigaDrain,Overheat,RagePowder|Bold||M|||50|]Lycanroc-Dusk||FocusSash|ToughClaws|Protect,Accelerock,RockSlide,CloseCombat|Adamant||F|||50|
|showteam|p2|Garchomp||SitrusBerry|RoughSkin|RockSlide,DragonTail,StompingTantrum,PoisonJab|Adamant||M|||50|]Charizard||CharizarditeY|Blaze|HeatWave,SolarBeam,WeatherBall,Protect|Modest||M|||50|]Kingambit||LifeOrb|Defiant|KowtowCleave,IronHead,SuckerPunch,LowKick|Adamant||M|||50|]Basculegion||ChoiceScarf|Adaptability|LastRespects,WaveCrash,FlipTurn,AquaJet|Jolly||M|||50|]Whimsicott||FocusSash|Prankster|Tailwind,Moonblast,Encore,Protect|Timid||F|||50|]Floette-Eternal||Floettite|FlowerVeil|DazzlingGleam,Moonblast,LightofRuin,Protect|Modest||F|||50|
|
|t:|1785688929
|teamsize|p1|4
|teamsize|p2|4
|start
|switch|p1a: Zara|Lycanroc-Dusk, L50, F|100/100
|switch|p1b: Nella|Froslass, L50, F|100/100
|switch|p2a: Whimsicott|Whimsicott, L50, F|100/100
|switch|p2b: Floette|Floette-Eternal, L50, F|100/100
|turn|1
|
|t:|1785688942
|detailschange|p1b: Nella|Froslass-Mega, L50, F
|-mega|p1b: Nella|Froslass|Froslassite
|-weather|Snowscape|[from] ability: Snow Warning|[of] p1b: Nella
|detailschange|p2b: Floette|Floette-Mega, L50, F
|-mega|p2b: Floette|Floette|Floettite
|-ability|p2b: Floette|Fairy Aura
|move|p2a: Whimsicott|Tailwind|p2a: Whimsicott
|-sidestart|p2: natsukivgc|move: Tailwind
|move|p2b: Floette|Dazzling Gleam|p1b: Nella|[spread] p1a,p1b
|-damage|p1a: Zara|27/100
|-damage|p1b: Nella|49/100
|move|p1b: Nella|Blizzard|p2b: Floette|[spread] p2a,p2b
|-supereffective|p2a: Whimsicott|1
|-enditem|p2a: Whimsicott|Focus Sash
|-damage|p2a: Whimsicott|1/100
|-damage|p2b: Floette|67/100
|move|p1a: Zara|Rock Slide|p2a: Whimsicott|[spread] p2a,p2b
|-damage|p2a: Whimsicott|0 fnt
|-damage|p2b: Floette|35/100
|faint|p2a: Whimsicott
|
|-weather|Snowscape|[upkeep]
|upkeep
|
|t:|1785688976
|switch|p2a: Basculegion|Basculegion, L50, M|100/100
|turn|2
|
|t:|1785688993
|switch|p1b: Basculegion|Basculegion, L50, M|100/100
|move|p1a: Zara|Accelerock|p2b: Floette
|-damage|p2b: Floette|6/100
|move|p2a: Basculegion|Flip Turn|p1a: Zara
|-supereffective|p1a: Zara|1
|-damage|p1a: Zara|0 fnt
|faint|p1a: Zara
|
|t:|1785689003
|switch|p2a: Garchomp|Garchomp, L50, M|100/100|[from] Flip Turn
|move|p2b: Floette|Moonblast|p1b: Basculegion
|-damage|p1b: Basculegion|26/100
|-enditem|p1b: Basculegion|Sitrus Berry|[eat]
|-heal|p1b: Basculegion|50/100g|[from] item: Sitrus Berry
|
|-weather|Snowscape|[upkeep]
|upkeep
|
|t:|1785689006
|switch|p1a: Kingambit|Kingambit, L50, M|100/100
|turn|3
|
|t:|1785689029
|move|p2b: Floette|Protect|p2b: Floette
|-singleturn|p2b: Floette|Protect
|move|p1b: Basculegion|Aqua Jet|p2b: Floette
|-activate|p2b: Floette|move: Protect
|move|p2a: Garchomp|Stomping Tantrum|p1a: Kingambit
|-supereffective|p1a: Kingambit|1
|-damage|p1a: Kingambit|35/100
|move|p1a: Kingambit|Swords Dance|p1a: Kingambit
|-boost|p1a: Kingambit|atk|2
|
|-weather|Snowscape|[upkeep]
|upkeep
|turn|4
|
|t:|1785689072
|move|p1a: Kingambit|Protect|p1a: Kingambit
|-singleturn|p1a: Kingambit|Protect
|move|p2b: Floette|Dazzling Gleam|p1a: Kingambit|[spread] p1b
|-activate|p1a: Kingambit|move: Protect
|-damage|p1b: Basculegion|5/100
|move|p2a: Garchomp|Rock Slide|p1b: Basculegion|[spread] p1b
|-activate|p1a: Kingambit|move: Protect
|-damage|p1b: Basculegion|0 fnt
|faint|p1b: Basculegion
|
|-weather|Snowscape|[upkeep]
|-sideend|p2: natsukivgc|move: Tailwind
|upkeep
|
|t:|1785689105
|switch|p1b: Nella|Froslass-Mega, L50, F|49/100
|turn|5
|
|t:|1785689123
|move|p1b: Nella|Blizzard|p2a: Garchomp|[spread] p2a,p2b
|-supereffective|p2a: Garchomp|2
|-damage|p2a: Garchomp|0 fnt
|-damage|p2b: Floette|0 fnt
|faint|p2a: Garchomp
|faint|p2b: Floette
|move|p1a: Kingambit|Kowtow Cleave|p2: Garchomp|[notarget]
|-fail|p1a: Kingambit
|
|-weather|none
|upkeep
|
|t:|1785689155
|switch|p2b: Basculegion|Basculegion, L50, M|100/100
|turn|6
|inactive|Battle timer is ON: inactive players will automatically lose when time's up. (requested by 8787878i)
|
|t:|1785689167
|move|p2b: Basculegion|Aqua Jet|p1a: Kingambit
|-damage|p1a: Kingambit|14/100
|move|p1a: Kingambit|Sucker Punch||[still]
|-fail|p1a: Kingambit
|move|p1b: Nella|Shadow Ball|p2b: Basculegion
|-supereffective|p2b: Basculegion|1
|-damage|p2b: Basculegion|3/100
|
|upkeep
|turn|7
|
|t:|1785689175
|move|p2b: Basculegion|Aqua Jet|p1a: Kingambit
|-damage|p1a: Kingambit|0 fnt
|faint|p1a: Kingambit
|move|p1b: Nella|Shadow Ball|p2b: Basculegion
|-supereffective|p2b: Basculegion|1
|-damage|p2b: Basculegion|0 fnt
|faint|p2b: Basculegion
|
|win|8787878i
|raw|8787878i's rating: 1230 → 1256(+26 for winning)
|raw|natsukivgc's rating: 1246 → 1220(-26 for losing)
