|j|☆ikerros2010
|j|☆tang de maracuja
|html|ikerros2010tang de maracuja    
|uhtml|bestof|Game 2 of a best-of-3
|t:|1785202396
|gametype|doubles
|player|p1|ikerros2010|leon|1256
|player|p2|tang de maracuja|morty|1331
|gen|9
|tier|[Gen 9 Champions] VGC 2026 Reg M-B (Bo3)
|rated|
|rule|Species Clause: Limit one of each Pokémon
|rule|Item Clause: Limit 1 of each item
|clearpoke
|poke|p1|Kangaskhan, L50, F|
|poke|p1|Farigiraf, L50, M|
|poke|p1|Torkoal, L50, F|
|poke|p1|Hatterene, L50, F|
|poke|p1|Kingambit, L50, F|
|poke|p1|Venusaur, L50, M|
|poke|p2|Staraptor, L50, F|
|poke|p2|Garchomp, L50, F|
|poke|p2|Whimsicott, L50, M|
|poke|p2|Delphox, L50, M|
|poke|p2|Glimmora, L50, M|
|poke|p2|Kingambit, L50, M, shiny|
|teampreview|4
|showteam|p1|Kangaskhan||Kangaskhanite|Scrappy|FakeOut,DoubleEdge,Crunch,DrainPunch|Brave||F|||50|]Farigiraf||SitrusBerry|ArmorTail|Psychic,HyperVoice,TrickRoom,Protect|Quiet||M|||50|]Torkoal||Charcoal|Drought|Eruption,WeatherBall,EarthPower,Protect|Quiet||F|||50|]Hatterene||LifeOrb|MagicBounce|Psychic,DazzlingGleam,Protect,TrickRoom|Quiet||F|||50|]Kingambit||ExpertBelt|Defiant|KowtowCleave,SuckerPunch,IronHead,LowKick|Brave||F|||50|]Venusaur||FocusSash|Chlorophyll|EarthPower,SludgeBomb,SleepPowder,Protect|Modest||M|||50|
|showteam|p2|Staraptor||Staraptite|Intimidate|Protect,Roost,CloseCombat,BraveBird|Jolly||F|||50|]Garchomp||LifeOrb|RoughSkin|Protect,RockSlide,Earthquake,DragonClaw|Jolly||F|||50|]Whimsicott||OccaBerry|Prankster|Moonblast,Tailwind,Charm,LightScreen|Timid||M|||50|]Delphox||Delphoxite|Magician|Protect,Psychic,HeatWave,Substitute|Timid||M|||50|]Glimmora||FocusSash|ToxicDebris|SpikyShield,EarthPower,PowerGem,SludgeBomb|Timid||M|||50|]Kingambit||ChopleBerry|Defiant|KowtowCleave,IronHead,SuckerPunch,LowKick|Adamant||M|||50|
|inactive|Battle timer is ON: inactive players will automatically lose when time's up. (requested by tang de maracuja)
|
|t:|1785202415
|teamsize|p1|4
|teamsize|p2|4
|start
|switch|p1a: Kangaskhan|Kangaskhan, L50, F|100/100
|switch|p1b: Farigiraf|Farigiraf, L50, M|100/100
|switch|p2a: Garchomp|Garchomp, L50, F|100/100
|switch|p2b: Delphox|Delphox, L50, M|100/100
|turn|1
|
|t:|1785202426
|switch|p2b: Glimmora|Glimmora, L50, M|100/100
|detailschange|p1a: Kangaskhan|Kangaskhan-Mega, L50, F
|-mega|p1a: Kangaskhan|Kangaskhan|Kangaskhanite
|move|p1a: Kangaskhan|Fake Out|p2b: Glimmora
|-resisted|p2b: Glimmora|1
|-damage|p2b: Glimmora|87/100
|-activate|p2b: Glimmora|ability: Toxic Debris
|-sidestart|p1: ikerros2010|move: Toxic Spikes
|-resisted|p2b: Glimmora|1
|-damage|p2b: Glimmora|84/100
|-activate|p2b: Glimmora|ability: Toxic Debris
|-sidestart|p1: ikerros2010|move: Toxic Spikes
|-hitcount|p2b: Glimmora|2
|move|p2a: Garchomp|Dragon Claw|p1a: Kangaskhan
|-damage|p1a: Kangaskhan|53/100
|-damage|p2a: Garchomp|90/100|[from] item: Life Orb
|move|p1b: Farigiraf|Trick Room|p1b: Farigiraf
|-fieldstart|move: Trick Room|[of] p1b: Farigiraf
|
|upkeep
|turn|2
|
|t:|1785202447
|move|p2b: Glimmora|Spiky Shield|p2b: Glimmora
|-singleturn|p2b: Glimmora|move: Protect
|move|p1b: Farigiraf|Psychic|p2b: Glimmora
|-activate|p2b: Glimmora|move: Protect
|move|p1a: Kangaskhan|Double-Edge|p2a: Garchomp
|-damage|p2a: Garchomp|27/100
|-damage|p1a: Kangaskhan|40/100|[from] ability: Rough Skin|[of] p2a: Garchomp
|-damage|p2a: Garchomp|10/100
|-damage|p1a: Kangaskhan|28/100|[from] ability: Rough Skin|[of] p2a: Garchomp
|-hitcount|p2a: Garchomp|2
|-damage|p1a: Kangaskhan|5/100|[from] Recoil
|move|p2a: Garchomp|Earthquake|p1a: Kangaskhan|[spread] p1a,p1b
|-activate|p2b: Glimmora|move: Protect
|-damage|p1a: Kangaskhan|0 fnt
|-damage|p1b: Farigiraf|55/100
|faint|p1a: Kangaskhan
|-damage|p2a: Garchomp|1/100|[from] item: Life Orb
|
|upkeep
|
|t:|1785202451
|switch|p1a: Hatterene|Hatterene, L50, F|100/100
|-status|p1a: Hatterene|tox
|turn|3
|
|t:|1785202465
|switch|p2b: Kingambit|Kingambit, L50, M, shiny|100/100
|move|p2a: Garchomp|Protect|p2a: Garchomp
|-singleturn|p2a: Garchomp|Protect
|move|p1a: Hatterene|Psychic|p2b: Kingambit
|-immune|p2b: Kingambit
|move|p1b: Farigiraf|Hyper Voice|p2a: Garchomp|[spread] p2b
|-activate|p2a: Garchomp|move: Protect
|-resisted|p2b: Kingambit|1
|-damage|p2b: Kingambit|85/100
|
|-damage|p1a: Hatterene|94/100 tox|[from] psn
|upkeep
|turn|4
|
|t:|1785202485
|move|p2a: Garchomp|Protect||[still]
|-fail|p2a: Garchomp
|move|p1a: Hatterene|Dazzling Gleam|p2b: Kingambit|[spread] p2a,p2b
|-supereffective|p2a: Garchomp|1
|-damage|p2a: Garchomp|0 fnt
|-damage|p2b: Kingambit|43/100
|faint|p2a: Garchomp
|-damage|p1a: Hatterene|84/100 tox|[from] item: Life Orb
|move|p2b: Kingambit|Kowtow Cleave|p1b: Farigiraf
|-supereffective|p1b: Farigiraf|1
|-damage|p1b: Farigiraf|0 fnt
|faint|p1b: Farigiraf
|
|-damage|p1a: Hatterene|73/100 tox|[from] psn
|upkeep
|
|t:|1785202490
|switch|p1b: Torkoal|Torkoal, L50, F|100/100
|switch|p2a: Delphox|Delphox, L50, M|100/100
|-status|p1b: Torkoal|tox
|-weather|SunnyDay|[from] ability: Drought|[of] p1b: Torkoal
|turn|5
|
|t:|1785202499
|detailschange|p2a: Delphox|Delphox-Mega, L50, M
|-mega|p2a: Delphox|Delphox|Delphoxite
|move|p2a: Delphox|Protect|p2a: Delphox
|-singleturn|p2a: Delphox|Protect
|move|p2b: Kingambit|Sucker Punch|p1b: Torkoal
|-damage|p1b: Torkoal|72/100 tox
|move|p1b: Torkoal|Eruption|p2a: Delphox|[spread] p2b
|-activate|p2a: Delphox|move: Protect
|-supereffective|p2b: Kingambit|1
|-damage|p2b: Kingambit|0 fnt
|faint|p2b: Kingambit
|move|p1a: Hatterene|Psychic|p2a: Delphox
|-activate|p2a: Delphox|move: Protect
|
|-weather|SunnyDay|[upkeep]
|-damage|p1b: Torkoal|66/100 tox|[from] psn
|-damage|p1a: Hatterene|56/100 tox|[from] psn
|-fieldend|move: Trick Room
|upkeep
|
|t:|1785202505
|switch|p2b: Glimmora|Glimmora, L50, M|84/100
|turn|6
|
|t:|1785202515
|move|p1a: Hatterene|Protect|p1a: Hatterene
|-singleturn|p1a: Hatterene|Protect
|move|p2a: Delphox|Heat Wave|p1b: Torkoal|[spread] p1b
|-activate|p1a: Hatterene|move: Protect
|-resisted|p1b: Torkoal|1
|-damage|p1b: Torkoal|24/100 tox
|move|p2b: Glimmora|Power Gem|p1b: Torkoal
|-supereffective|p1b: Torkoal|1
|-damage|p1b: Torkoal|0 fnt
|faint|p1b: Torkoal
|
|-weather|SunnyDay|[upkeep]
|-damage|p1a: Hatterene|33/100 tox|[from] psn
|upkeep
|turn|7
|-message|ikerros2010 forfeited.
|
|win|tang de maracuja
