|j|☆VGChris6
|j|☆D10_O1
|html|VGChris6D10_O1    
|uhtml|bestof|Game 1 of a best-of-3
|t:|1757195887
|gametype|doubles
|player|p1|VGChris6|169|1103
|player|p2|D10_O1|1|1161
|gen|9
|tier|[Gen 9] VGC 2025 Reg H (Bo3)
|rated|
|rule|Species Clause: Limit one of each Pokémon
|rule|Item Clause: Limit 1 of each item
|clearpoke
|poke|p1|Archaludon, L50, F|
|poke|p1|Pelipper, L50, F|
|poke|p1|Basculegion, L50, M|
|poke|p1|Annihilape, L50, F|
|poke|p1|Whimsicott, L50, M|
|poke|p1|Ursaluna-Bloodmoon, L50, M|
|poke|p2|Typhlosion-Hisui, L50, M|
|poke|p2|Whimsicott, L50, M|
|poke|p2|Amoonguss, L50, F|
|poke|p2|Garchomp, L50, M|
|poke|p2|Incineroar, L50, F|
|poke|p2|Rillaboom, L50, M|
|teampreview|4
|showteam|p1|Archaludon||PowerHerb|Sturdy|ElectroShot,DragonPulse,FlashCannon,Protect|||F|||50|,,,,,Ghost]Pelipper||FocusSash|Drizzle|Tailwind,WeatherBall,Hurricane,WideGuard|||F|||50|,,,,,Ghost]Basculegion||ChoiceScarf|Adaptability|LastRespects,FlipTurn,WaveCrash,AquaJet|||M|||50|,,,,,Dark]Annihilape||SitrusBerry|Defiant|DrainPunch,Protect,RageFist,BulkUp|||F|||50|,,,,,Steel]Whimsicott||CovertCloak|Prankster|Taunt,Tailwind,Encore,Moonblast|||M|||50|,,,,,Dark]Ursaluna-Bloodmoon||AssaultVest|MindsEye|HyperVoice,BloodMoon,EarthPower,VacuumWave|||M|||50|,,,,,Ghost
|showteam|p2|Typhlosion-Hisui||ChoiceSpecs|Blaze|Eruption,HeatWave,ShadowBall,SleepTalk|||M|||50|,,,,,Fire]Whimsicott||CovertCloak|Prankster|SunnyDay,Taunt,Encore,Tailwind|||M|||50|,,,,,Water]Amoonguss||MentalHerb|Regenerator|Spore,RagePowder,Protect,SludgeBomb|||F|||50|,,,,,Fire]Garchomp||LoadedDice|RoughSkin|StompingTantrum,IronHead,Protect,ScaleShot|||M|||50|,,,,,Steel]Incineroar||SafetyGoggles|Intimidate|FakeOut,FlareBlitz,KnockOff,PartingShot|||F|||50|,,,,,Ghost]Rillaboom||MiracleSeed|GrassySurge|WoodHammer,GrassyGlide,FakeOut,Taunt|||M|||50|,,,,,Fire
|inactive|Battle timer is ON: inactive players will automatically lose when time's up. (requested by VGChris6)
|inactive|VGChris6 has 60 seconds left.
|
|t:|1757195921
|teamsize|p1|4
|teamsize|p2|4
|start
|switch|p1a: Whimsicott|Whimsicott, L50, M|100/100
|switch|p1b: Annihilape|Annihilape, L50, F|100/100
|switch|p2a: Typhlosion|Typhlosion-Hisui, L50, M|100/100
|switch|p2b: Whimsicott|Whimsicott, L50, M|100/100
|turn|1
|
|t:|1757195944
|-terastallize|p2a: Typhlosion|Fire
|move|p1b: Annihilape|Protect|p1b: Annihilape
|-singleturn|p1b: Annihilape|Protect
|move|p1a: Whimsicott|Tailwind|p1a: Whimsicott
|-sidestart|p1: VGChris6|move: Tailwind
|move|p2b: Whimsicott|Sunny Day|p2b: Whimsicott
|-weather|SunnyDay
|move|p2a: Typhlosion|Eruption|p1b: Annihilape|[spread] p1a
|-activate|p1b: Annihilape|move: Protect
|-supereffective|p1a: Whimsicott
|-damage|p1a: Whimsicott|0 fnt
|faint|p1a: Whimsicott
|
|-weather|SunnyDay|[upkeep]
|upkeep
|
|t:|1757195956
|switch|p1a: Basculegion|Basculegion, L50, M|100/100
|turn|2
|
|t:|1757195981
|switch|p2a: Homophobia|Rillaboom, L50, M|100/100
|-fieldstart|move: Grassy Terrain|[from] ability: Grassy Surge|[of] p2a: Homophobia
|move|p2b: Whimsicott|Encore|p1b: Annihilape
|-start|p1b: Annihilape|Encore
|move|p1a: Basculegion|Last Respects|p2a: Homophobia
|-damage|p2a: Homophobia|30/100
|move|p1b: Annihilape|Protect||[still]
|-fail|p1b: Annihilape
|
|-weather|SunnyDay|[upkeep]
|-heal|p2a: Homophobia|36/100|[from] Grassy Terrain
|upkeep
|turn|3
|
|t:|1757195995
|switch|p1b: Archaludon|Archaludon, L50, F|100/100
|move|p2b: Whimsicott|Tailwind|p2b: Whimsicott
|-sidestart|p2: D10_O1|move: Tailwind
|move|p2a: Homophobia|Grassy Glide|p1a: Basculegion
|-supereffective|p1a: Basculegion
|-damage|p1a: Basculegion|0 fnt
|faint|p1a: Basculegion
|
|-weather|SunnyDay|[upkeep]
|-heal|p2a: Homophobia|42/100|[from] Grassy Terrain
|upkeep
|
|t:|1757196005
|switch|p1a: Annihilape|Annihilape, L50, F|100/100
|turn|4
|inactive|VGChris6 has 30 seconds left.
|inactive|VGChris6 has 20 seconds left.
|inactive|VGChris6 has 15 seconds left.
|inactive|VGChris6 has 10 seconds left.
|
|t:|1757196053
|move|p2b: Whimsicott|Taunt|p1a: Annihilape
|-start|p1a: Annihilape|move: Taunt
|move|p1b: Archaludon|Flash Cannon|p2b: Whimsicott
|-supereffective|p2b: Whimsicott
|-damage|p2b: Whimsicott|0 fnt
|faint|p2b: Whimsicott
|move|p2a: Homophobia|Wood Hammer|p1a: Annihilape
|-damage|p1a: Annihilape|31/100
|-enditem|p1a: Annihilape|Sitrus Berry|[eat]
|-heal|p1a: Annihilape|56/100|[from] item: Sitrus Berry
|-damage|p2a: Homophobia|17/100|[from] Recoil
|cant|p1a: Annihilape|move: Taunt|Bulk Up
|
|-weather|SunnyDay|[upkeep]
|-heal|p2a: Homophobia|23/100|[from] Grassy Terrain
|-heal|p1a: Annihilape|62/100|[from] Grassy Terrain
|-sideend|p1: VGChris6|move: Tailwind
|upkeep
|
|t:|1757196059
|switch|p2b: Typhlosion|Typhlosion-Hisui, L50, M, tera:Fire|100/100
|turn|5
|
|t:|1757196077
|move|p2b: Typhlosion|Eruption|p1b: Archaludon|[spread] p1a,p1b
|-damage|p1a: Annihilape|0 fnt
|-ability|p1b: Archaludon|Sturdy
|-damage|p1b: Archaludon|1/100
|faint|p1a: Annihilape
|move|p2a: Homophobia|Wood Hammer|p1b: Archaludon
|-resisted|p1b: Archaludon
|-damage|p1b: Archaludon|0 fnt
|faint|p1b: Archaludon
|-damage|p2a: Homophobia|23/100|[from] Recoil
|
|win|D10_O1
