|j|☆ManiacTest09
|j|☆standardamerican
|html|ManiacTest09standardamerican    
|uhtml|bestof|Game 3 of a best-of-3
|t:|1784816289
|gametype|doubles
|player|p1|ManiacTest09|2|1124
|player|p2|standardamerican|169|1198
|gen|9
|tier|[Gen 9 Champions] VGC 2026 Reg M-B (Bo3)
|rated|
|rule|Species Clause: Limit one of each Pokémon
|rule|Item Clause: Limit 1 of each item
|clearpoke
|poke|p1|Tyranitar, L50, M|
|poke|p1|Mawile, L50, M|
|poke|p1|Farigiraf, L50, F|
|poke|p1|Armarouge, L50, F|
|poke|p1|Basculegion, L50, M|
|poke|p1|Hydreigon, L50, M|
|poke|p2|Sinistcha, L50|
|poke|p2|Incineroar, L50, M|
|poke|p2|Milotic, L50, M|
|poke|p2|Raichu, L50, F|
|poke|p2|Gardevoir, L50, F|
|poke|p2|Ceruledge, L50, F|
|teampreview|4
|showteam|p1|Tyranitar||Tyranitarite|SandStream|RockSlide,Protect,Crunch,HighHorsepower|Adamant||M|||50|]Mawile||Mawilite|HyperCutter|SuckerPunch,Protect,PlayRough,IronHead|Adamant||M|||50|]Farigiraf||ColburBerry|ArmorTail|TrickRoom,TwinBeam,Roar,FoulPlay|Sassy||F|||50|]Armarouge||FocusSash|FlashFire|TrickRoom,ArmorCannon,Protect,AuraSphere|Quiet||F|||50|]Basculegion||MysticWater|Adaptability|AquaJet,LastRespects,WaveCrash,Protect|Adamant||M|||50|]Hydreigon||ChoiceScarf|Levitate|EarthPower,DracoMeteor,Snarl,DarkPulse|Timid||M|||50|
|showteam|p2|Sinistcha||KasibBerry|Hospitality|MatchaGotcha,Imprison,RagePowder,Protect|Bold|||||50|]Incineroar||SitrusBerry|Intimidate|FlareBlitz,DarkestLariat,FakeOut,PartingShot|Careful||M|||50|]Milotic||Leftovers|Competitive|MuddyWater,Coil,Hypnosis,Protect|Calm||M|||50|]Raichu||RaichuniteY|LightningRod|ZapCannon,FocusBlast,FakeOut,Protect|Timid||F|||50|]Gardevoir||Gardevoirite|Trace|HyperVoice,Psyshock,TrickRoom,Protect|Modest||F|||50|]Ceruledge||ColburBerry|FlashFire|BitterBlade,ShadowSneak,BulkUp,Protect|Adamant||F|||50|
|
|t:|1784816360
|teamsize|p1|4
|teamsize|p2|4
|start
|switch|p1a: Mawile|Mawile, L50, M|100/100
|switch|p1b: Farigiraf|Farigiraf, L50, F|100/100
|switch|p2a: Raichu|Raichu, L50, F|100/100
|switch|p2b: Milotic|Milotic, L50, M|100/100
|turn|1
|
|t:|1784816424
|detailschange|p2a: Raichu|Raichu-Mega-Y, L50, F
|-mega|p2a: Raichu|Raichu|Raichunite Y
|detailschange|p1a: Mawile|Mawile-Mega, L50, M
|-mega|p1a: Mawile|Mawile|Mawilite
|move|p1a: Mawile|Sucker Punch|p2a: Raichu
|-damage|p2a: Raichu|28/100
|move|p2a: Raichu|Focus Blast|p1b: Farigiraf
|-damage|p1b: Farigiraf|65/100
|move|p2b: Milotic|Coil|p2b: Milotic
|-boost|p2b: Milotic|atk|1
|-boost|p2b: Milotic|def|1
|-boost|p2b: Milotic|accuracy|1
|move|p1b: Farigiraf|Trick Room|p1b: Farigiraf
|-fieldstart|move: Trick Room|[of] p1b: Farigiraf
|
|upkeep
|turn|2
|
|t:|1784816457
|switch|p2a: Incineroar|Incineroar, L50, M|100/100
|-ability|p2a: Incineroar|Intimidate|boost
|-unboost|p1a: Mawile|atk|1
|-unboost|p1b: Farigiraf|atk|1
|move|p1a: Mawile|Protect|p1a: Mawile
|-singleturn|p1a: Mawile|Protect
|move|p2b: Milotic|Hypnosis|p1b: Farigiraf
|-status|p1b: Farigiraf|slp|[from] move: Hypnosis
|cant|p1b: Farigiraf|slp
|
|upkeep
|turn|3
|
|t:|1784816488
|move|p1a: Mawile|Play Rough|p2a: Incineroar
|-damage|p2a: Incineroar|48/100
|-enditem|p2a: Incineroar|Sitrus Berry|[eat]
|-heal|p2a: Incineroar|72/100|[from] item: Sitrus Berry
|move|p2a: Incineroar|Flare Blitz|p1a: Mawile
|-supereffective|p1a: Mawile|1
|-damage|p1a: Mawile|18/100
|-damage|p2a: Incineroar|51/100|[from] Recoil
|move|p2b: Milotic|Muddy Water|p1a: Mawile|[spread] p1a,p1b
|-damage|p1a: Mawile|0 fnt
|-damage|p1b: Farigiraf|45/100 slp
|-unboost|p1b: Farigiraf|accuracy|1
|faint|p1a: Mawile
|-curestatus|p1b: Farigiraf|slp|[msg]
|move|p1b: Farigiraf|Roar|p2b: Milotic
|drag|p2b: Sinistcha|Sinistcha, L50|100/100
|-heal|p2a: Incineroar|76/100|[from] ability: Hospitality|[of] p2b: Sinistcha
|
|upkeep
|
|t:|1784816501
|switch|p1a: Basculegion|Basculegion, L50, M|100/100
|turn|4
|
|t:|1784816548
|move|p1a: Basculegion|Aqua Jet|p2a: Incineroar
|-supereffective|p2a: Incineroar|1
|-damage|p2a: Incineroar|23/100
|move|p1b: Farigiraf|Twin Beam|p2b: Sinistcha|[miss]
|-miss|p1b: Farigiraf|p2b: Sinistcha
|move|p2a: Incineroar|Parting Shot|p1a: Basculegion
|-unboost|p1a: Basculegion|atk|1
|-unboost|p1a: Basculegion|spa|1
|
|t:|1784816561
|switch|p2a: Milotic|Milotic, L50, M|100/100|[from] Parting Shot
|move|p2b: Sinistcha|Matcha Gotcha|p1b: Farigiraf|[spread] p1a,p1b
|-supereffective|p1a: Basculegion|1
|-damage|p1a: Basculegion|52/100
|-damage|p1b: Farigiraf|25/100
|
|upkeep
|turn|5
|
|t:|1784816588
|move|p1a: Basculegion|Aqua Jet|p2b: Sinistcha
|-resisted|p2b: Sinistcha|1
|-damage|p2b: Sinistcha|91/100
|move|p2b: Sinistcha|Matcha Gotcha|p1b: Farigiraf|[spread] p1a,p1b
|-supereffective|p1a: Basculegion|1
|-damage|p1a: Basculegion|6/100
|-heal|p2b: Sinistcha|100/100|[from] drain|[of] p1a: Basculegion
|-damage|p1b: Farigiraf|5/100
|-status|p1b: Farigiraf|brn
|move|p2a: Milotic|Muddy Water|p1b: Farigiraf|[spread] p1a,p1b
|-resisted|p1a: Basculegion|1
|-damage|p1a: Basculegion|0 fnt
|-damage|p1b: Farigiraf|0 fnt
|faint|p1a: Basculegion
|faint|p1b: Farigiraf
|
|-fieldend|move: Trick Room
|upkeep
|
|t:|1784816603
|switch|p1b: Tyranitar|Tyranitar, L50, M|100/100
|-weather|Sandstorm|[from] ability: Sand Stream|[of] p1b: Tyranitar
|turn|6
|-message|ManiacTest09 forfeited.
|
|win|standardamerican
|raw|ManiacTest09's rating: 1124 → 1104(-20 for losing)
|raw|standardamerican's rating: 1198 → 1218(+20 for winning)
|l|☆ManiacTest09
|player|p1|
