|j|☆cheesbuga
|j|☆mrshivers33
|html|cheesbugamrshivers33    
|uhtml|bestof|Game 2 of a best-of-3
|t:|1757921670
|gametype|doubles
|player|p1|cheesbuga|pokemaniac|1087
|player|p2|mrshivers33|102|1038
|gen|9
|tier|[Gen 9] VGC 2025 Reg H (Bo3)
|rated|
|rule|Species Clause: Limit one of each Pokémon
|rule|Item Clause: Limit 1 of each item
|clearpoke
|poke|p1|Ursaluna-Bloodmoon, L50, M|
|poke|p1|Incineroar, L50, M|
|poke|p1|Rillaboom, L50, M|
|poke|p1|Farigiraf, L50, M|
|poke|p1|Sneasler, L50, M|
|poke|p1|Volcarona, L50, M|
|poke|p2|Charizard, L50, F|
|poke|p2|Torkoal, L50, F|
|poke|p2|Porygon2, L50|
|poke|p2|Incineroar, L50, M|
|poke|p2|Jumpluff, L50, M|
|poke|p2|Ursaluna, L50, F|
|teampreview|4
|showteam|p1|Ursaluna-Bloodmoon||LifeOrb|MindsEye|HyperVoice,BloodMoon,EarthPower,Protect|||M|||50|,,,,,Normal]Incineroar||SafetyGoggles|Intimidate|FakeOut,FlareBlitz,KnockOff,PartingShot|||M|||50|,,,,,Ghost]Rillaboom||AssaultVest|GrassySurge|Uturn,WoodHammer,GrassyGlide,FakeOut|||M|||50|,,,,,Fire]Farigiraf||ThroatSpray|ArmorTail|HyperVoice,Protect,Psychic,TrickRoom|||M|||50|,,,,,Fairy]Sneasler||FocusSash|Unburden|CloseCombat,Protect,FakeOut,ThroatChop|||M|||50|,,,,,Dark]Volcarona||CovertCloak|FlameBody|HeatWave,Protect,StruggleBug,QuiverDance|||M|||50|,,,,,Water
|showteam|p2|Charizard||ChoiceSpecs|SolarPower|HeatWave,Overheat,SolarBeam,AirSlash|||F|||50|,,,,,Ghost]Torkoal||EjectPack|Drought|Eruption,Overheat,HelpingHand,Protect|||F|||50|,,,,,Fire]Porygon2||Eviolite|Download|TeraBlast,IceBeam,Recover,TrickRoom||||||50|,,,,,Fighting]Incineroar||SitrusBerry|Intimidate|FlareBlitz,KnockOff,FakeOut,PartingShot|||M|||50|,,,,,Ghost]Jumpluff||CovertCloak|Chlorophyll|SleepPowder,SunnyDay,RagePowder,Tailwind|||M|||50|,,,,,Dark]Ursaluna||FlameOrb|Guts|HeadlongRush,Facade,Earthquake,Protect|||F|||50|,,,,,Ghost
|
|t:|1757921722
|teamsize|p1|4
|teamsize|p2|4
|start
|switch|p1a: Incineroar|Incineroar, L50, M|100/100
|switch|p1b: Volcarona|Volcarona, L50, M|100/100
|switch|p2a: Charizard|Charizard, L50, F, shiny|100/100
|switch|p2b: Torkoal|Torkoal, L50, F, shiny|100/100
|-ability|p1a: Incineroar|Intimidate|boost
|-unboost|p2a: Charizard|atk|1
|-unboost|p2b: Torkoal|atk|1
|-weather|SunnyDay|[from] ability: Drought|[of] p2b: Torkoal
|-enditem|p2b: Torkoal|Eject Pack
|
|t:|1757921733
|switch|p2b: Jumpluff|Jumpluff, L50, M, shiny|100/100
|turn|1
|
|t:|1757921751
|-terastallize|p2a: Charizard|Ghost
|-terastallize|p1b: Volcarona|Water
|move|p2b: Jumpluff|Tailwind|p2b: Jumpluff
|-sidestart|p2: mrshivers33|move: Tailwind
|move|p2a: Charizard|Heat Wave|p1b: Volcarona|[spread] p1a,p1b
|-resisted|p1a: Incineroar
|-resisted|p1b: Volcarona
|-damage|p1a: Incineroar|50/100
|-damage|p1b: Volcarona|47/100
|move|p1b: Volcarona|Quiver Dance|p1b: Volcarona
|-boost|p1b: Volcarona|spa|1
|-boost|p1b: Volcarona|spd|1
|-boost|p1b: Volcarona|spe|1
|move|p1a: Incineroar|Knock Off|p2a: Charizard
|-supereffective|p2a: Charizard
|-damage|p2a: Charizard|0 fnt
|-enditem|p2a: Charizard|Choice Specs|[from] move: Knock Off|[of] p1a: Incineroar
|faint|p2a: Charizard
|
|-weather|SunnyDay|[upkeep]
|upkeep
|
|t:|1757921768
|switch|p2a: Torkoal|Torkoal, L50, F, shiny|100/100
|turn|2
|
|t:|1757921784
|move|p1b: Volcarona|Protect|p1b: Volcarona
|-singleturn|p1b: Volcarona|Protect
|move|p2b: Jumpluff|Sleep Powder|p1b: Volcarona
|-activate|p1b: Volcarona|move: Protect
|move|p1a: Incineroar|Parting Shot|p2a: Torkoal
|-unboost|p2a: Torkoal|atk|1
|-unboost|p2a: Torkoal|spa|1
|
|t:|1757921792
|switch|p1a: Sneasler|Sneasler, L50, M|100/100|[from] Parting Shot
|move|p2a: Torkoal|Eruption|p1a: Sneasler|[spread] p1a
|-activate|p1b: Volcarona|move: Protect
|-damage|p1a: Sneasler|31/100
|
|-weather|SunnyDay|[upkeep]
|upkeep
|turn|3
|
|t:|1757921809
|move|p2a: Torkoal|Protect|p2a: Torkoal
|-singleturn|p2a: Torkoal|Protect
|move|p1a: Sneasler|Fake Out|p2a: Torkoal
|-activate|p2a: Torkoal|move: Protect
|move|p2b: Jumpluff|Sleep Powder|p1b: Volcarona
|-status|p1b: Volcarona|slp|[from] move: Sleep Powder
|cant|p1b: Volcarona|slp
|
|-weather|SunnyDay|[upkeep]
|upkeep
|turn|4
|
|t:|1757921831
|cant|p1b: Volcarona|slp
|move|p1a: Sneasler|Protect|p1a: Sneasler
|-singleturn|p1a: Sneasler|Protect
|move|p2b: Jumpluff|Sleep Powder|p1a: Sneasler
|-activate|p1a: Sneasler|move: Protect
|move|p2a: Torkoal|Eruption|p1a: Sneasler|[spread] p1b
|-activate|p1a: Sneasler|move: Protect
|-resisted|p1b: Volcarona
|-damage|p1b: Volcarona|29/100 slp
|
|-weather|SunnyDay|[upkeep]
|-sideend|p2: mrshivers33|move: Tailwind
|upkeep
|turn|5
|
|t:|1757921850
|move|p2a: Torkoal|Protect|p2a: Torkoal
|-singleturn|p2a: Torkoal|Protect
|move|p2b: Jumpluff|Tailwind|p2b: Jumpluff
|-sidestart|p2: mrshivers33|move: Tailwind
|-curestatus|p1b: Volcarona|slp|[msg]
|move|p1b: Volcarona|Heat Wave|p2a: Torkoal|[spread] p2b
|-activate|p2a: Torkoal|move: Protect
|-supereffective|p2b: Jumpluff
|-damage|p2b: Jumpluff|0 fnt
|faint|p2b: Jumpluff
|move|p1a: Sneasler|Close Combat|p2a: Torkoal
|-activate|p2a: Torkoal|move: Protect
|
|-weather|none
|upkeep
|
|t:|1757921862
|switch|p2b: Ursaluna|Ursaluna, L50, F, shiny|100/100
|turn|6
|
|t:|1757921891
|move|p1b: Volcarona|Protect|p1b: Volcarona
|-singleturn|p1b: Volcarona|Protect
|move|p2a: Torkoal|Protect||[still]
|-fail|p2a: Torkoal
|move|p1a: Sneasler|Close Combat|p2b: Ursaluna
|-supereffective|p2b: Ursaluna
|-damage|p2b: Ursaluna|6/100
|-unboost|p1a: Sneasler|def|1
|-unboost|p1a: Sneasler|spd|1
|move|p2b: Ursaluna|Earthquake|p1b: Volcarona|[spread] p2a,p1a
|-activate|p1b: Volcarona|move: Protect
|-supereffective|p2a: Torkoal
|-supereffective|p1a: Sneasler
|-damage|p2a: Torkoal|26/100
|-damage|p1a: Sneasler|0 fnt
|faint|p1a: Sneasler
|
|-status|p2b: Ursaluna|brn|[from] item: Flame Orb
|upkeep
|
|t:|1757921907
|switch|p1a: Incineroar|Incineroar, L50, M|50/100
|-ability|p1a: Incineroar|Intimidate|boost
|-unboost|p2a: Torkoal|atk|1
|-unboost|p2b: Ursaluna|atk|1
|turn|7
|
|t:|1757921923
|move|p2b: Ursaluna|Protect|p2b: Ursaluna
|-singleturn|p2b: Ursaluna|Protect
|move|p1a: Incineroar|Fake Out|p2a: Torkoal
|-damage|p2a: Torkoal|17/100
|move|p1b: Volcarona|Heat Wave|p2b: Ursaluna|[spread] p2a
|-activate|p2b: Ursaluna|move: Protect
|-resisted|p2a: Torkoal
|-damage|p2a: Torkoal|0 fnt
|faint|p2a: Torkoal
|
|-damage|p2b: Ursaluna|0 fnt|[from] brn
|faint|p2b: Ursaluna
|
|win|cheesbuga
||cheesbuga is ready for game 3.
|inactive|mrshivers33 has 30 seconds to confirm battle start!
||mrshivers33 is ready for game 3.
|uhtml|next|Next: Game 3 of 3
|l|☆mrshivers33
|player|p2|
