|j|☆lettitripppp
|j|☆Kosluger
|html|lettitrippppKosluger    
|uhtml|bestof|Game 3 of a best-of-3
|t:|1785185433
|gametype|doubles
|player|p1|lettitripppp|lucas|1191
|player|p2|Kosluger|266|1277
|gen|9
|tier|[Gen 9 Champions] VGC 2026 Reg M-B (Bo3)
|rated|
|rule|Species Clause: Limit one of each Pokémon
|rule|Item Clause: Limit 1 of each item
|clearpoke
|poke|p1|Charizard, L50, F|
|poke|p1|Floette-Eternal, L50, F|
|poke|p1|Basculegion, L50, M|
|poke|p1|Whimsicott, L50, F, shiny|
|poke|p1|Garchomp, L50, M|
|poke|p1|Kingambit, L50, M, shiny|
|poke|p2|Farigiraf, L50, M|
|poke|p2|Incineroar, L50, F|
|poke|p2|Camerupt, L50, F|
|poke|p2|Kingambit, L50, M|
|poke|p2|Ninetales-Alola, L50, M|
|poke|p2|Raichu, L50, F|
|teampreview|4
|showteam|p1|Charizard||CharizarditeY|Blaze|AncientPower,WeatherBall,HeatWave,Protect|Modest||F|||50|]Floette-Eternal||Floettite|Symbiosis|DazzlingGleam,LightofRuin,Moonblast,Protect|Timid||F|||50|]Basculegion||LifeOrb|Adaptability|LastRespects,WaveCrash,AquaJet,Protect|Adamant||M|||50|]Whimsicott||FocusSash|Prankster|Moonblast,Tailwind,Encore,Protect|Timid||F|||50|]Garchomp||RoseliBerry|RoughSkin|DragonClaw,Earthquake,PoisonJab,RockSlide|Jolly||M|||50|]Kingambit||OccaBerry|Defiant|KowtowCleave,SuckerPunch,IronHead,Protect|Adamant||M|||50|
|showteam|p2|Farigiraf||ColburBerry|ArmorTail|HelpingHand,AllySwitch,TrickRoom,Psychic|Sassy||M|||50|]Incineroar||Charcoal|Intimidate|FakeOut,PartingShot,Taunt,FlareBlitz|Brave||F|||50|]Camerupt||Cameruptite|SolidRock|Protect,HeatWave,AncientPower,EarthPower|Quiet||F|||50|]Kingambit||LifeOrb|Defiant|SuckerPunch,KowtowCleave,Protect,IronHead|Brave||M|||50|]Ninetales-Alola||ChoiceScarf|SnowWarning|Blizzard,FreezeDry,IcyWind,DazzlingGleam|Modest||M|||50|]Raichu||RaichuniteY|LightningRod|FakeOut,Protect,ZapCannon,FocusBlast|Modest||F|||50|
|inactive|Battle timer is ON: inactive players will automatically lose when time's up. (requested by lettitripppp)
|inactive|lettitripppp has 60 seconds left.
|
|t:|1785185466
|teamsize|p1|4
|teamsize|p2|4
|start
|switch|p1a: GENERAL BLADUS|Kingambit, L50, M, shiny|100/100
|switch|p1b: GHOSTWAVE|Basculegion, L50, M|100/100
|switch|p2a: Farigiraf|Farigiraf, L50, M|100/100
|switch|p2b: Incineroar|Incineroar, L50, F|100/100
|-ability|p2b: Incineroar|Intimidate|boost
|-unboost|p1a: GENERAL BLADUS|atk|1
|-ability|p1a: GENERAL BLADUS|Defiant|boost
|-boost|p1a: GENERAL BLADUS|atk|2
|-unboost|p1b: GHOSTWAVE|atk|1
|turn|1
|
|t:|1785185473
|switch|p1b: CRUSH SHARK|Garchomp, L50, M|100/100
|move|p1a: GENERAL BLADUS|Protect|p1a: GENERAL BLADUS
|-singleturn|p1a: GENERAL BLADUS|Protect
|move|p2b: Incineroar|Fake Out|p1a: GENERAL BLADUS
|-activate|p1a: GENERAL BLADUS|move: Protect
|move|p2a: Farigiraf|Trick Room|p2a: Farigiraf
|-fieldstart|move: Trick Room|[of] p2a: Farigiraf
|
|upkeep
|turn|2
|
|t:|1785185492
|switch|p1a: AGNI|Charizard, L50, F|100/100
|move|p2a: Farigiraf|Ally Switch|p2a: Farigiraf
|swap|p2a: Farigiraf|1|[from] move: Ally Switch
|move|p2a: Incineroar|Parting Shot|p1b: CRUSH SHARK
|-unboost|p1b: CRUSH SHARK|atk|1
|-unboost|p1b: CRUSH SHARK|spa|1
|
|t:|1785185503
|switch|p2a: Camerupt|Camerupt, L50, F|100/100|[from] Parting Shot
|move|p1b: CRUSH SHARK|Earthquake|p2b: Farigiraf|[spread] p2a,p2b
|-immune|p1a: AGNI
|-supereffective|p2a: Camerupt|1
|-damage|p2a: Camerupt|48/100
|-damage|p2b: Farigiraf|77/100
|
|upkeep
|turn|3
|
|t:|1785185517
|switch|p2b: Incineroar|Incineroar, L50, F|100/100
|-ability|p2b: Incineroar|Intimidate|boost
|-unboost|p1a: AGNI|atk|1
|-unboost|p1b: CRUSH SHARK|atk|1
|detailschange|p2a: Camerupt|Camerupt-Mega, L50, F
|-mega|p2a: Camerupt|Camerupt|Cameruptite
|move|p1a: AGNI|Protect|p1a: AGNI
|-singleturn|p1a: AGNI|Protect
|move|p2a: Camerupt|Ancient Power|p1a: AGNI
|-activate|p1a: AGNI|move: Protect
|move|p1b: CRUSH SHARK|Earthquake|p2a: Camerupt|[spread] p2a,p2b
|-activate|p1a: AGNI|move: Protect
|-supereffective|p2a: Camerupt|1
|-supereffective|p2b: Incineroar|1
|-damage|p2a: Camerupt|13/100
|-damage|p2b: Incineroar|61/100
|
|upkeep
|turn|4
|
|t:|1785185541
|switch|p1a: GHOSTWAVE|Basculegion, L50, M|100/100
|move|p2a: Camerupt|Earth Power|p1b: CRUSH SHARK
|-damage|p1b: CRUSH SHARK|16/100
|move|p2b: Incineroar|Flare Blitz|p1b: CRUSH SHARK
|-resisted|p1b: CRUSH SHARK|1
|-damage|p1b: CRUSH SHARK|0 fnt
|-damage|p2b: Incineroar|49/100|[from] ability: Rough Skin|[of] p1b: CRUSH SHARK
|faint|p1b: CRUSH SHARK
|-damage|p2b: Incineroar|44/100|[from] Recoil
|
|upkeep
|
|t:|1785185552
|switch|p1b: AGNI|Charizard, L50, F|100/100
|turn|5
|
|t:|1785185574
|switch|p2a: Kingambit|Kingambit, L50, M|100/100
|switch|p2b: Farigiraf|Farigiraf, L50, M|77/100
|move|p1b: AGNI|Protect|p1b: AGNI
|-singleturn|p1b: AGNI|Protect
|move|p1a: GHOSTWAVE|Protect||[still]
|-fail|p1a: GHOSTWAVE
|
|-fieldend|move: Trick Room
|upkeep
|turn|6
|
|t:|1785185594
|switch|p1a: GENERAL BLADUS|Kingambit, L50, M, shiny|100/100
|detailschange|p1b: AGNI|Charizard-Mega-Y, L50, F
|-mega|p1b: AGNI|Charizard|Charizardite Y
|-weather|SunnyDay|[from] ability: Drought|[of] p1b: AGNI
|move|p2a: Kingambit|Sucker Punch||[still]
|-fail|p2a: Kingambit
|move|p1b: AGNI|Weather Ball|p2b: Farigiraf
|-damage|p2b: Farigiraf|2/100
|move|p2b: Farigiraf|Trick Room|p2b: Farigiraf
|-fieldstart|move: Trick Room|[of] p2b: Farigiraf
|
|-weather|SunnyDay|[upkeep]
|upkeep
|turn|7
|
|t:|1785185618
|switch|p2b: Incineroar|Incineroar, L50, F|44/100
|-ability|p2b: Incineroar|Intimidate|boost
|-unboost|p1a: GENERAL BLADUS|atk|1
|-ability|p1a: GENERAL BLADUS|Defiant|boost
|-boost|p1a: GENERAL BLADUS|atk|2
|-unboost|p1b: AGNI|atk|1
|move|p2a: Kingambit|Kowtow Cleave|p1b: AGNI
|-damage|p1b: AGNI|40/100
|-damage|p2a: Kingambit|90/100|[from] item: Life Orb
|move|p1a: GENERAL BLADUS|Kowtow Cleave|p2a: Kingambit
|-resisted|p2a: Kingambit|1
|-damage|p2a: Kingambit|61/100
|move|p1b: AGNI|Heat Wave|p2a: Kingambit|[spread] p2a,p2b
|-supereffective|p2a: Kingambit|1
|-resisted|p2b: Incineroar|1
|-damage|p2a: Kingambit|0 fnt
|-damage|p2b: Incineroar|11/100
|faint|p2a: Kingambit
|
|-weather|SunnyDay|[upkeep]
|upkeep
|inactive|Kosluger has 30 seconds left.
|inactive|Kosluger has 20 seconds left.
|inactive|Kosluger has 15 seconds left.
|inactive|Kosluger has 10 seconds left.
|inactive|Kosluger has 5 seconds left.
|
|t:|1785185668
|switch|p2a: Camerupt|Camerupt-Mega, L50, F|13/100
|turn|8
|
|t:|1785185677
|switch|p1b: GHOSTWAVE|Basculegion, L50, M|100/100
|move|p1a: GENERAL BLADUS|Protect|p1a: GENERAL BLADUS
|-singleturn|p1a: GENERAL BLADUS|Protect
|move|p2b: Incineroar|Fake Out|p1a: GENERAL BLADUS
|-activate|p1a: GENERAL BLADUS|move: Protect
|move|p2a: Camerupt|Ancient Power|p1b: GHOSTWAVE
|-damage|p1b: GHOSTWAVE|64/100
|
|-weather|SunnyDay|[upkeep]
|upkeep
|turn|9
|inactive|Kosluger has 30 seconds left.
|
|t:|1785185710
|switch|p2b: Farigiraf|Farigiraf, L50, M|2/100
|switch|p1a: AGNI|Charizard-Mega-Y, L50, F|40/100
|move|p1b: GHOSTWAVE|Protect|p1b: GHOSTWAVE
|-singleturn|p1b: GHOSTWAVE|Protect
|move|p2a: Camerupt|Earth Power|p1a: AGNI
|-immune|p1a: AGNI
|
|-weather|SunnyDay|[upkeep]
|upkeep
|turn|10
|inactive|Kosluger has 30 seconds left.
|
|t:|1785185738
|switch|p1b: GENERAL BLADUS|Kingambit, L50, M, shiny|100/100
|move|p2a: Camerupt|Earth Power|p1b: GENERAL BLADUS
|-supereffective|p1b: GENERAL BLADUS|1
|-damage|p1b: GENERAL BLADUS|0 fnt
|faint|p1b: GENERAL BLADUS
|move|p2b: Farigiraf|Psychic|p1a: AGNI
|-damage|p1a: AGNI|11/100
|move|p1a: AGNI|Heat Wave|p2a: Camerupt|[spread] p2a,p2b
|-resisted|p2a: Camerupt|1
|-damage|p2a: Camerupt|0 fnt
|-damage|p2b: Farigiraf|0 fnt
|faint|p2a: Camerupt
|faint|p2b: Farigiraf
|
|-weather|none
|-fieldend|move: Trick Room
|upkeep
|c|☆lettitripppp|gg
|-message|Kosluger forfeited.
|
|win|lettitripppp
|raw|lettitripppp's rating: 1191 → 1222(+31 for winning)
|raw|Kosluger's rating: 1277 → 1246(-31 for losing)
|l|☆Kosluger
|player|p2|
