|j|☆redjaguar
|j|☆elchiiiiiiii
|html|redjaguarelchiiiiiiii    
|uhtml|bestof|Game 3 of a best-of-3
|t:|1784914468
|gametype|doubles
|player|p1|redjaguar|gambler|1041
|player|p2|elchiiiiiiii|265|1092
|gen|9
|tier|[Gen 9 Champions] VGC 2026 Reg M-B (Bo3)
|rated|
|rule|Species Clause: Limit one of each Pokémon
|rule|Item Clause: Limit 1 of each item
|clearpoke
|poke|p1|Dragonite, L50, F|
|poke|p1|Gardevoir, L50, M|
|poke|p1|Raichu, L50, F|
|poke|p1|Kingambit, L50, F|
|poke|p1|Incineroar, L50, M|
|poke|p1|Empoleon, L50, F|
|poke|p2|Alakazam, L50, F|
|poke|p2|Tyranitar, L50, M|
|poke|p2|Excadrill, L50, M|
|poke|p2|Dragalge, L50, F|
|poke|p2|Corviknight, L50, M|
|poke|p2|Samurott-Hisui, L50, F|
|teampreview|4
|showteam|p1|Dragonite||ExpertBelt|Multiscale|IceSpinner,StompingTantrum,ExtremeSpeed,Protect|Adamant||F|||50|]Gardevoir||Gardevoirite|Trace|HyperVoice,MysticalFire,Protect,Psychic|Timid||M|||50|]Raichu||SitrusBerry|LightningRod|FakeOut,HelpingHand,Nuzzle,Encore|Timid||F|||50|]Kingambit||BlackGlasses|SupremeOverlord|KowtowCleave,SuckerPunch,Protect,IronHead|Adamant||F|||50|]Incineroar||WhiteHerb|Intimidate|FakeOut,FlareBlitz,PartingShot,Taunt|Impish||M|||50|]Empoleon||Leftovers|Competitive|IcyWind,Protect,FlashCannon,HydroCannon|Modest||F|||50|
|showteam|p2|Alakazam||ChoiceScarf|MagicGuard|ExpandingForce,DazzlingGleam,Encore,Protect|Timid||F|||50|]Tyranitar||Tyranitarite|SandStream|RockSlide,DragonDance,KnockOff,Protect|Adamant||M|||50|]Excadrill||FocusSash|SandRush|HighHorsepower,IronHead,RockSlide,Protect|Adamant||M|||50|]Dragalge||Leftovers|Adaptability|DracoMeteor,SludgeWave,ToxicSpikes,Protect|Calm||F|||50|]Corviknight||SitrusBerry|MirrorArmor|Tailwind,IronHead,AirSlash,Protect|Relaxed||M|||50|]Samurott-Hisui||LifeOrb|Sharpness|CeaselessEdge,AquaCutter,XScissor,Protect|Jolly||F|||50|
|
|t:|1784914487
|teamsize|p1|4
|teamsize|p2|4
|start
|switch|p1a: Incineroar|Incineroar, L50, M|100/100
|switch|p1b: Empoleon|Empoleon, L50, F|100/100
|switch|p2a: Tyranitar|Tyranitar, L50, M|100/100
|switch|p2b: Excadrill|Excadrill, L50, M|100/100
|-weather|Sandstorm|[from] ability: Sand Stream|[of] p2a: Tyranitar
|-ability|p1a: Incineroar|Intimidate|boost
|-unboost|p2a: Tyranitar|atk|1
|-unboost|p2b: Excadrill|atk|1
|turn|1
|
|t:|1784914509
|move|p2b: Excadrill|Protect|p2b: Excadrill
|-singleturn|p2b: Excadrill|Protect
|move|p2a: Tyranitar|Protect|p2a: Tyranitar
|-singleturn|p2a: Tyranitar|Protect
|move|p1a: Incineroar|Fake Out|p2b: Excadrill
|-activate|p2b: Excadrill|move: Protect
|move|p1b: Empoleon|Hydro Cannon|p2b: Excadrill
|-activate|p2b: Excadrill|move: Protect
|
|-weather|Sandstorm|[upkeep]
|-damage|p1a: Incineroar|94/100|[from] Sandstorm
|upkeep
|turn|2
|
|t:|1784914534
|detailschange|p2a: Tyranitar|Tyranitar-Mega, L50, M
|-mega|p2a: Tyranitar|Tyranitar|Tyranitarite
|move|p2b: Excadrill|High Horsepower|p1b: Empoleon
|-supereffective|p1b: Empoleon|1
|-damage|p1b: Empoleon|24/100
|move|p2a: Tyranitar|Rock Slide|p1a: Incineroar|[spread] p1a,p1b
|-supereffective|p1a: Incineroar|1
|-resisted|p1b: Empoleon|1
|-damage|p1a: Incineroar|57/100
|-damage|p1b: Empoleon|12/100
|move|p1a: Incineroar|Flare Blitz|p2b: Excadrill
|-supereffective|p2b: Excadrill|1
|-enditem|p2b: Excadrill|Focus Sash
|-damage|p2b: Excadrill|1/100
|-damage|p1a: Incineroar|26/100|[from] Recoil
|move|p1b: Empoleon|Hydro Cannon|p2b: Excadrill
|-supereffective|p2b: Excadrill|1
|-damage|p2b: Excadrill|0 fnt
|-mustrecharge|p1b: Empoleon
|faint|p2b: Excadrill
|
|-weather|Sandstorm|[upkeep]
|-damage|p1a: Incineroar|20/100y|[from] Sandstorm
|-heal|p1b: Empoleon|18/100|[from] item: Leftovers
|upkeep
|
|t:|1784914554
|switch|p2b: Samurott|Samurott-Hisui, L50, F|100/100
|turn|3
|
|t:|1784914562
|move|p2b: Samurott|Ceaseless Edge|p1b: Empoleon
|-damage|p1b: Empoleon|0 fnt
|-sidestart|p1: redjaguar|Spikes
|faint|p1b: Empoleon
|-damage|p2b: Samurott|90/100|[from] item: Life Orb
|move|p2a: Tyranitar|Rock Slide|p1a: Incineroar
|-supereffective|p1a: Incineroar|1
|-damage|p1a: Incineroar|0 fnt
|faint|p1a: Incineroar
|
|-weather|Sandstorm|[upkeep]
|-damage|p2b: Samurott|84/100|[from] Sandstorm
|upkeep
|
|t:|1784914574
|switch|p1a: Kingambit|Kingambit, L50, F|100/100
|switch|p1b: Dragonite|Dragonite, L50, F|100/100
|-damage|p1a: Kingambit|87/100|[from] Spikes
|-activate|p1a: Kingambit|ability: Supreme Overlord
|-start|p1a: Kingambit|fallen2|[silent]
|turn|4
|
|t:|1784914611
|move|p2b: Samurott|Aqua Cutter|p1a: Kingambit
|-damage|p1a: Kingambit|40/100
|-damage|p2b: Samurott|74/100|[from] item: Life Orb
|move|p2a: Tyranitar|Rock Slide|p1b: Dragonite|[spread] p1a,p1b
|-resisted|p1a: Kingambit|1
|-supereffective|p1b: Dragonite|1
|-damage|p1a: Kingambit|31/100
|-damage|p1b: Dragonite|77/100
|cant|p1b: Dragonite|flinch
|move|p1a: Kingambit|Iron Head|p2a: Tyranitar
|-supereffective|p2a: Tyranitar|1
|-damage|p2a: Tyranitar|32/100
|
|-weather|Sandstorm|[upkeep]
|-damage|p2b: Samurott|68/100|[from] Sandstorm
|-damage|p1b: Dragonite|71/100|[from] Sandstorm
|upkeep
|turn|5
|
|t:|1784914634
|move|p2a: Tyranitar|Protect|p2a: Tyranitar
|-singleturn|p2a: Tyranitar|Protect
|move|p1a: Kingambit|Protect|p1a: Kingambit
|-singleturn|p1a: Kingambit|Protect
|move|p2b: Samurott|Aqua Cutter|p1a: Kingambit
|-activate|p1a: Kingambit|move: Protect
|move|p1b: Dragonite|Stomping Tantrum|p2a: Tyranitar
|-activate|p2a: Tyranitar|move: Protect
|
|-weather|none
|upkeep
|turn|6
|
|t:|1784914656
|switch|p2a: Dragalge|Dragalge, L50, F|100/100
|move|p1a: Kingambit|Sucker Punch||[still]
|-fail|p1a: Kingambit
|move|p2b: Samurott|Aqua Cutter|p1a: Kingambit
|-damage|p1a: Kingambit|0 fnt
|faint|p1a: Kingambit
|-end|p1a: Kingambit|fallen2|[silent]
|-damage|p2b: Samurott|59/100|[from] item: Life Orb
|move|p1b: Dragonite|Stomping Tantrum|p2a: Dragalge
|-supereffective|p2a: Dragalge|1
|-damage|p2a: Dragalge|36/100
|
|-heal|p2a: Dragalge|42/100|[from] item: Leftovers
|upkeep
|turn|7
|
|t:|1784914675
|move|p2b: Samurott|Ceaseless Edge|p1b: Dragonite
|-damage|p1b: Dragonite|17/100
|-sidestart|p1: redjaguar|Spikes
|-damage|p2b: Samurott|49/100|[from] item: Life Orb
|move|p1b: Dragonite|Stomping Tantrum|p2a: Dragalge
|-supereffective|p2a: Dragalge|1
|-crit|p2a: Dragalge
|-damage|p2a: Dragalge|0 fnt
|faint|p2a: Dragalge
|
|upkeep
|
|t:|1784914684
|switch|p2a: Tyranitar|Tyranitar-Mega, L50, M|32/100
|-weather|Sandstorm|[from] ability: Sand Stream|[of] p2a: Tyranitar
|turn|8
|
|t:|1784914700
|move|p1b: Dragonite|Extreme Speed|p2b: Samurott
|-damage|p2b: Samurott|10/100
|move|p2b: Samurott|Ceaseless Edge|p1b: Dragonite
|-damage|p1b: Dragonite|0 fnt
|-sidestart|p1: redjaguar|Spikes
|faint|p1b: Dragonite
|-damage|p2b: Samurott|1/100|[from] item: Life Orb
|
|win|elchiiiiiiii
|raw|redjaguar's rating: 1041 → 1027(-14 for losing)
|raw|elchiiiiiiii's rating: 1092 → 1114(+22 for winning)
|l|☆elchiiiiiiii
|player|p2|
