|j|☆Bruneauxx
|j|☆hexagonfoot
|html|Bruneauxxhexagonfoot    
|uhtml|bestof|Game 1 of a best-of-3
|t:|1757904411
|gametype|doubles
|player|p1|Bruneauxx|fisherman-gen4|1190
|player|p2|hexagonfoot|caitlin|1258
|gen|9
|tier|[Gen 9] VGC 2025 Reg H (Bo3)
|rated|
|rule|Species Clause: Limit one of each Pokémon
|rule|Item Clause: Limit 1 of each item
|clearpoke
|poke|p1|Braviary-Hisui, L50, M|
|poke|p1|Sneasler, L50, F|
|poke|p1|Indeedee-F, L50, F|
|poke|p1|Pelipper, L50, F|
|poke|p1|Archaludon, L50, F|
|poke|p1|Kingambit, L50, M|
|poke|p2|Gholdengo, L50|
|poke|p2|Sneasler, L50, M|
|poke|p2|Rillaboom, L50, M|
|poke|p2|Dragonite, L50, M|
|poke|p2|Ninetales-Alola, L50, M|
|poke|p2|Arcanine-Hisui, L50, M|
|teampreview|4
|showteam|p1|Braviary-Hisui||TwistedSpoon|TintedLens|ExpandingForce,AirSlash,EsperWing,Protect|||M|||50|,,,,,Psychic]Sneasler||PsychicSeed|Unburden|DireClaw,CloseCombat,ThroatChop,Protect|||F|||50|,,,,,Dark]Indeedee-F||SafetyGoggles|PsychicSurge|DazzlingGleam,FollowMe,TrickRoom,HelpingHand|||F|||50|,,,,,Fairy]Pelipper||FocusSash|Drizzle|Hurricane,WeatherBall,Tailwind,Protect|||F|||50|,,,,,Stellar]Archaludon||AssaultVest|Stamina|ElectroShot,FlashCannon,DragonPulse,BodyPress|||F|||50|,,,,,Grass]Kingambit||BlackGlasses|Defiant|KowtowCleave,LowKick,SuckerPunch,Protect|||M|||50|,,,,,Dark
|showteam|p2|Gholdengo||GrassySeed|GoodasGold|NastyPlot,MakeItRain,ShadowBall,Protect||||||50|,,,,,Water]Sneasler||WhiteHerb|Unburden|CloseCombat,DireClaw,Coaching,Protect|||M|||50|,,,,,Ghost]Rillaboom||AssaultVest|GrassySurge|FakeOut,GrassyGlide,DrumBeating,HighHorsepower|||M|||50|,,,,,Fire]Dragonite||LoadedDice|Multiscale|ScaleShot,StompingTantrum,Tailwind,Protect|||M|||50|,,,,,Ground]Ninetales-Alola||FocusSash|SnowWarning|Blizzard,IcyWind,Encore,AuroraVeil|||M|||50|,,,,,Ghost]Arcanine-Hisui||ClearAmulet|Intimidate|RockSlide,FlareBlitz,ExtremeSpeed,Protect|||M|||50|,,,,,Water
|inactive|Battle timer is ON: inactive players will automatically lose when time's up. (requested by Bruneauxx)
|
|t:|1757904464
|teamsize|p1|4
|teamsize|p2|4
|start
|switch|p1a: Archaludon|Archaludon, L50, F|100/100
|switch|p1b: Sneasler|Sneasler, L50, F|100/100
|switch|p2a: Euston|Sneasler, L50, M|100/100
|switch|p2b: Romford|Dragonite, L50, M|100/100
|turn|1
|inactive|hexagonfoot has 30 seconds left.
|
|t:|1757904498
|move|p2b: Romford|Protect|p2b: Romford
|-singleturn|p2b: Romford|Protect
|move|p1b: Sneasler|Dire Claw|p2b: Romford
|-activate|p2b: Romford|move: Protect
|move|p2a: Euston|Close Combat|p1a: Archaludon
|-supereffective|p1a: Archaludon
|-damage|p1a: Archaludon|14/100
|-unboost|p2a: Euston|def|1
|-unboost|p2a: Euston|spd|1
|-ability|p1a: Archaludon|Stamina|boost
|-boost|p1a: Archaludon|def|1
|-enditem|p2a: Euston|White Herb
|-clearnegativeboost|p2a: Euston|[silent]
|move|p1a: Archaludon|Dragon Pulse|p2b: Romford
|-activate|p2b: Romford|move: Protect
|
|upkeep
|turn|2
|inactive|Bruneauxx has 30 seconds left.
|inactive|hexagonfoot has 30 seconds left.
|
|t:|1757904539
|move|p2a: Euston|Close Combat|p1a: Archaludon
|-supereffective|p1a: Archaludon
|-crit|p1a: Archaludon
|-damage|p1a: Archaludon|0 fnt
|-unboost|p2a: Euston|def|1
|-unboost|p2a: Euston|spd|1
|faint|p1a: Archaludon
|move|p1b: Sneasler|Dire Claw|p2b: Romford
|-damage|p2b: Romford|78/100
|-status|p2b: Romford|par
|move|p2b: Romford|Scale Shot|p1b: Sneasler
|-crit|p1b: Sneasler
|-damage|p1b: Sneasler|59/100
|-damage|p1b: Sneasler|31/100
|-damage|p1b: Sneasler|6/100
|-damage|p1b: Sneasler|0 fnt
|faint|p1b: Sneasler
|-hitcount|p1: Sneasler|4
|-unboost|p2b: Romford|def|1
|-boost|p2b: Romford|spe|1
|
|upkeep
|
|t:|1757904550
|switch|p1b: Pelipper|Pelipper, L50, F|100/100
|switch|p1a: Kingambit|Kingambit, L50, M|100/100
|-weather|RainDance|[from] ability: Drizzle|[of] p1b: Pelipper
|turn|3
|
|t:|1757904567
|switch|p2b: Canada Water|Ninetales-Alola, L50, M|100/100
|-weather|Snowscape|[from] ability: Snow Warning|[of] p2b: Canada Water
|-terastallize|p1b: Pelipper|Stellar
|move|p2a: Euston|Protect|p2a: Euston
|-singleturn|p2a: Euston|Protect
|move|p1b: Pelipper|Hurricane|p2b: Canada Water
|-damage|p2b: Canada Water|25/100
|move|p1a: Kingambit|Kowtow Cleave|p2a: Euston
|-activate|p2a: Euston|move: Protect
|
|-weather|Snowscape|[upkeep]
|upkeep
|turn|4
|inactive|Bruneauxx has 30 seconds left.
|
|t:|1757904598
|move|p1a: Kingambit|Sucker Punch|p2a: Euston
|-resisted|p2a: Euston
|-damage|p2a: Euston|51/100
|move|p2a: Euston|Dire Claw|p1b: Pelipper
|-damage|p1b: Pelipper|49/100
|-status|p1b: Pelipper|psn
|move|p2b: Canada Water|Blizzard|p1b: Pelipper|[spread] p1a,p1b
|-resisted|p1a: Kingambit
|-damage|p1a: Kingambit|84/100
|-damage|p1b: Pelipper|0 fnt
|faint|p1b: Pelipper
|
|-weather|Snowscape|[upkeep]
|upkeep
|turn|5
|
|t:|1757904614
|switch|p2a: Hampstead Heath|Rillaboom, L50, M|100/100
|-fieldstart|move: Grassy Terrain|[from] ability: Grassy Surge|[of] p2a: Hampstead Heath
|move|p1a: Kingambit|Sucker Punch||[still]
|-fail|p1a: Kingambit
|move|p2b: Canada Water|Encore|p1a: Kingambit
|-start|p1a: Kingambit|Encore
|
|-weather|Snowscape|[upkeep]
|-heal|p2b: Canada Water|31/100|[from] Grassy Terrain
|-heal|p1a: Kingambit|90/100|[from] Grassy Terrain
|upkeep
|turn|6
|-message|Bruneauxx forfeited.
|
|win|hexagonfoot
||hexagonfoot is ready for game 2.
||Bruneauxx is ready for game 2.
|uhtml|next|Next: Game 2 of 3
|l|☆Bruneauxx
|player|p1|
