|j|☆helio list
|j|☆TheDark69420
|html|helio listTheDark69420    
|uhtml|bestof|Game 2 of a best-of-3
|t:|1785854383
|gametype|doubles
|player|p1|helio list|169|1479
|player|p2|TheDark69420|ghetsis-gen5bw|1482
|gen|9
|tier|[Gen 9 Champions] VGC 2026 Reg M-B (Bo3)
|rated|
|rule|Species Clause: Limit one of each Pokémon
|rule|Item Clause: Limit 1 of each item
|clearpoke
|poke|p1|Floette-Eternal, L50, F|
|poke|p1|Garchomp, L50, F|
|poke|p1|Basculegion, L50, M|
|poke|p1|Kingambit, L50, F|
|poke|p1|Talonflame, L50, F|
|poke|p1|Vivillon-Fancy, L50, F|
|poke|p2|Milotic, L50, M|
|poke|p2|Garchomp, L50, F|
|poke|p2|Tyranitar, L50, F|
|poke|p2|Gliscor, L50, F|
|poke|p2|Sinistcha, L50|
|poke|p2|Ceruledge, L50, M|
|teampreview|4
|showteam|p1|Floette-Eternal||Floettite|FlowerVeil|CalmMind,DazzlingGleam,LightofRuin,Protect|Modest||F|||50|]Garchomp||LifeOrb|RoughSkin|DragonClaw,Earthquake,RockSlide,Protect|Jolly||F|||50|]Basculegion||MysticWater|Adaptability|WaveCrash,LastRespects,AquaJet,Protect|Adamant||M|||50|]Kingambit||OccaBerry|Defiant|KowtowCleave,LowKick,SuckerPunch,Protect|Adamant||F|||50|]Talonflame||SharpBeak|GaleWings|Tailwind,DualWingbeat,QuickGuard,Protect|Jolly||F|||50|]Vivillon-Fancy||FocusSash|CompoundEyes|SleepPowder,Hurricane,RagePowder,Protect|Timid||F|||50|
|showteam|p2|Milotic||Leftovers|Competitive|HelpingHand,IcyWind,Scald,Protect|Bold||M|||50|]Garchomp||Garchompite|SandVeil|IronHead,Earthquake,RockSlide,Protect|Adamant||F|||50|]Tyranitar||ChoiceScarf|SandStream|RockSlide,IcePunch,KnockOff,LowKick|Jolly||F|||50|]Gliscor||BrightPowder|SandVeil|Tailwind,Uturn,Feint,DualWingbeat|Jolly||F|||50|]Sinistcha||SitrusBerry|Hospitality|MatchaGotcha,RagePowder,TrickRoom,Protect|Bold|||||50|]Ceruledge||ColburBerry|FlashFire|BulkUp,ShadowSneak,BitterBlade,Protect|Adamant||M|||50|
|inactive|Battle timer is ON: inactive players will automatically lose when time's up. (requested by helio list)
|inactive|TheDark69420 also wants the timer to be on.
|
|t:|1785854408
|teamsize|p1|4
|teamsize|p2|4
|start
|switch|p1a: Talonflame|Talonflame, L50, F|100/100
|switch|p1b: Garchomp|Garchomp, L50, F|100/100
|switch|p2a: Tyranitar|Tyranitar, L50, F|100/100
|switch|p2b: Milotic|Milotic, L50, M|100/100
|-weather|Sandstorm|[from] ability: Sand Stream|[of] p2a: Tyranitar
|turn|1
|
|t:|1785854423
|move|p1a: Talonflame|Tailwind|p1a: Talonflame
|-sidestart|p1: helio list|move: Tailwind
|move|p1b: Garchomp|Earthquake|p2a: Tyranitar|[spread] p2a,p2b
|-immune|p1a: Talonflame
|-supereffective|p2a: Tyranitar|1
|-crit|p2b: Milotic
|-damage|p2a: Tyranitar|7/100
|-damage|p2b: Milotic|44/100
|-damage|p1b: Garchomp|90/100|[from] item: Life Orb
|move|p2a: Tyranitar|Rock Slide|p1b: Garchomp|[spread] p1a,p1b
|-supereffective|p1a: Talonflame|2
|-resisted|p1b: Garchomp|1
|-damage|p1a: Talonflame|0 fnt
|-damage|p1b: Garchomp|74/100
|faint|p1a: Talonflame
|move|p2b: Milotic|Icy Wind|p1b: Garchomp
|-supereffective|p1b: Garchomp|2
|-damage|p1b: Garchomp|13/100
|-unboost|p1b: Garchomp|spe|1
|
|-weather|Sandstorm|[upkeep]
|-damage|p2b: Milotic|38/100|[from] Sandstorm
|-heal|p2b: Milotic|44/100|[from] item: Leftovers
|upkeep
|
|t:|1785854437
|switch|p1a: Basculegion|Basculegion, L50, M|100/100
|turn|2
|
|t:|1785854451
|move|p1a: Basculegion|Last Respects|p2b: Milotic
|-damage|p2b: Milotic|0 fnt
|faint|p2b: Milotic
|move|p1b: Garchomp|Dragon Claw|p2a: Tyranitar
|-damage|p2a: Tyranitar|0 fnt
|faint|p2a: Tyranitar
|-damage|p1b: Garchomp|3/100|[from] item: Life Orb
|
|-weather|Sandstorm|[upkeep]
|-damage|p1a: Basculegion|93/100|[from] Sandstorm
|upkeep
|
|t:|1785854457
|switch|p2a: Garchomp|Garchomp, L50, F|100/100
|switch|p2b: Gliscor|Gliscor, L50, F|100/100
|turn|3
|
|t:|1785854463
|move|p2a: Garchomp|Protect|p2a: Garchomp
|-singleturn|p2a: Garchomp|Protect
|move|p1a: Basculegion|Wave Crash|p2b: Gliscor|[miss]
|-miss|p1a: Basculegion|p2b: Gliscor
|move|p1b: Garchomp|Dragon Claw|p2a: Garchomp
|-activate|p2a: Garchomp|move: Protect
|move|p2b: Gliscor|Tailwind|p2b: Gliscor
|-sidestart|p2: TheDark69420|move: Tailwind
|
|-weather|Sandstorm|[upkeep]
|-damage|p1a: Basculegion|87/100|[from] Sandstorm
|upkeep
|turn|4
|
|t:|1785854475
|detailschange|p2a: Garchomp|Garchomp-Mega, L50, F
|-mega|p2a: Garchomp|Garchomp|Garchompite
|move|p2b: Gliscor|Feint|p1b: Garchomp
|-damage|p1b: Garchomp|0 fnt
|faint|p1b: Garchomp
|move|p2a: Garchomp|Earthquake|p1a: Basculegion|[spread] p1a
|-immune|p2b: Gliscor
|-damage|p1a: Basculegion|12/100
|move|p1a: Basculegion|Last Respects|p2a: Garchomp
|-damage|p2a: Garchomp|13/100
|
|-weather|Sandstorm|[upkeep]
|-damage|p1a: Basculegion|6/100|[from] Sandstorm
|-sideend|p1: helio list|move: Tailwind
|upkeep
|
|t:|1785854487
|switch|p1b: Floette|Floette-Eternal, L50, F|100/100
|turn|5
|
|t:|1785854499
|detailschange|p1b: Floette|Floette-Mega, L50, F
|-mega|p1b: Floette|Floette|Floettite
|-ability|p1b: Floette|Fairy Aura
|move|p2a: Garchomp|Protect|p2a: Garchomp
|-singleturn|p2a: Garchomp|Protect
|move|p1a: Basculegion|Aqua Jet|p2a: Garchomp
|-activate|p2a: Garchomp|move: Protect
|move|p2b: Gliscor|Dual Wingbeat|p1a: Basculegion
|-damage|p1a: Basculegion|0 fnt
|faint|p1a: Basculegion
|-hitcount|p1: Basculegion|1
|move|p1b: Floette|Light of Ruin|p2b: Gliscor|[miss]
|-miss|p1b: Floette|p2b: Gliscor
|
|-weather|none
|upkeep
|turn|6
|
|t:|1785854509
|move|p1b: Floette|Protect|p1b: Floette
|-singleturn|p1b: Floette|Protect
|move|p2b: Gliscor|Dual Wingbeat|p1b: Floette
|-activate|p1b: Floette|move: Protect
|move|p2a: Garchomp|Iron Head|p1b: Floette
|-activate|p1b: Floette|move: Protect
|
|-sideend|p2: TheDark69420|move: Tailwind
|upkeep
|turn|7
|
|t:|1785854513
|move|p2a: Garchomp|Protect|p2a: Garchomp
|-singleturn|p2a: Garchomp|Protect
|move|p2b: Gliscor|Tailwind|p2b: Gliscor
|-sidestart|p2: TheDark69420|move: Tailwind
|move|p1b: Floette|Dazzling Gleam|p2a: Garchomp|[spread] p2b
|-activate|p2a: Garchomp|move: Protect
|-damage|p2b: Gliscor|43/100
|
|upkeep
|turn|8
|-message|helio list forfeited.
|
|win|TheDark69420
||helio list is ready for game 3.
