|j|☆NPCMystic
|j|☆Crimson Jake
|html|NPCMysticCrimson Jake    
|uhtml|bestof|Game 3 of a best-of-3
|t:|1782345964
|gametype|doubles
|player|p1|NPCMystic|cynthia-gen4|1000
|player|p2|Crimson Jake|blue|1025
|gen|9
|tier|[Gen 9 Champions] VGC 2026 Reg M-B (Bo3)
|rated|
|rule|Species Clause: Limit one of each Pokémon
|rule|Item Clause: Limit 1 of each item
|clearpoke
|poke|p1|Spiritomb, L50, M|
|poke|p1|Garchomp, L50, F|
|poke|p1|Milotic, L50, M|
|poke|p1|Lucario, L50, F|
|poke|p1|Roserade, L50, F|
|poke|p1|Glaceon, L50, F|
|poke|p2|Pelipper, L50, M|
|poke|p2|Charizard, L50, M|
|poke|p2|Archaludon, L50, M|
|poke|p2|Greninja, L50, M, shiny|
|poke|p2|Grimmsnarl, L50, M|
|poke|p2|Sneasler, L50, F|
|teampreview|4
|showteam|p1|Spiritomb||FocusSash|Infiltrator|Disable,WillOWisp,SuckerPunch,PhantomForce|Careful||M|||50|]Garchomp||Garchompite|RoughSkin|DragonClaw,Earthquake,StompingTantrum,Protect|Jolly||F|||50|]Milotic||LifeOrb|MarvelScale|Coil,MuddyWater,Hypnosis,Protect|Timid||M|||50|]Lucario||ExpertBelt|InnerFocus|RockSlide,FinalGambit,MeteorMash,Protect|Jolly||F|||50|]Roserade||LumBerry|PoisonPoint|PetalDance,DazzlingGleam,ToxicSpikes,Protect|Timid||F|||50|]Glaceon||ChoiceScarf|SnowCloak|HyperVoice,IceBeam,ShadowBall,Protect|Timid||F|||50|
|showteam|p2|Pelipper||FocusSash|Drizzle|Hurricane,Tailwind,WeatherBall,AirSlash|Bold||M|||50|]Charizard||CharizarditeY|SolarPower|WeatherBall,HeatWave,SolarBeam,Protect|Timid||M|||50|]Archaludon||Leftovers|Stamina|ElectroShot,FlashCannon,MeteorBeam,DragonPulse|Timid||M|||50|]Greninja||Greninjite|Protean|WeatherBall,SludgeWave,DarkPulse,Surf|Timid||M|||50|]Grimmsnarl||LightClay|Prankster|Reflect,LightScreen,PartingShot,SpiritBreak|Careful||M|||50|]Sneasler||WhiteHerb|Unburden|FakeOut,BrickBreak,DireClaw,Protect|Adamant||F|||50|
|
|t:|1782346009
|teamsize|p1|4
|teamsize|p2|4
|start
|switch|p1a: Milotic|Milotic, L50, M|100/100
|switch|p1b: Spiritomb|Spiritomb, L50, M|100/100
|switch|p2a: Logan|Sneasler, L50, F|100/100
|switch|p2b: Pyro|Charizard, L50, M|100/100
|turn|1
|inactive|Battle timer is ON: inactive players will automatically lose when time's up. (requested by Crimson Jake)
|
|t:|1782346027
|detailschange|p2b: Pyro|Charizard-Mega-Y, L50, M
|-mega|p2b: Pyro|Charizard|Charizardite Y
|-weather|SunnyDay|[from] ability: Drought|[of] p2b: Pyro
|move|p1a: Milotic|Protect|p1a: Milotic
|-singleturn|p1a: Milotic|Protect
|move|p2a: Logan|Fake Out|p1a: Milotic
|-activate|p1a: Milotic|move: Protect
|move|p2b: Pyro|Weather Ball|p1b: Spiritomb
|-damage|p1b: Spiritomb|24/100
|move|p1b: Spiritomb|Disable|p2b: Pyro
|-start|p2b: Pyro|Disable|Weather Ball
|
|-weather|SunnyDay|[upkeep]
|upkeep
|turn|2
|
|t:|1782346051
|move|p1b: Spiritomb|Sucker Punch|p2a: Logan
|-resisted|p2a: Logan|1
|-damage|p2a: Logan|80/100
|move|p2a: Logan|Dire Claw|p1b: Spiritomb
|-resisted|p1b: Spiritomb|1
|-damage|p1b: Spiritomb|1/100
|move|p2b: Pyro|Solar Beam||[still]
|-prepare|p2b: Pyro|Solar Beam
|-anim|p2b: Pyro|Solar Beam|p1a: Milotic
|-supereffective|p1a: Milotic|1
|-damage|p1a: Milotic|28/100
|move|p1a: Milotic|Muddy Water|p2a: Logan|[spread] p2a,p2b
|-supereffective|p2b: Pyro|1
|-damage|p2a: Logan|61/100
|-damage|p2b: Pyro|64/100
|-unboost|p2b: Pyro|accuracy|1
|-damage|p1a: Milotic|18/100|[from] item: Life Orb
|
|-weather|SunnyDay|[upkeep]
|upkeep
|turn|3
|
|t:|1782346072
|move|p2a: Logan|Dire Claw|p1a: Milotic
|-damage|p1a: Milotic|0 fnt
|faint|p1a: Milotic
|move|p2b: Pyro|Heat Wave|p1b: Spiritomb|[miss]
|-miss|p2b: Pyro|p1b: Spiritomb
|move|p1b: Spiritomb|Will-O-Wisp|p2a: Logan
|-status|p2a: Logan|brn
|
|-weather|SunnyDay|[upkeep]
|-damage|p2a: Logan|56/100 brn|[from] brn
|upkeep
|
|t:|1782346082
|switch|p1a: Garchomp|Garchomp, L50, F|100/100
|turn|4
|
|t:|1782346101
|switch|p2a: Smee|Pelipper, L50, M|100/100
|-weather|RainDance|[from] ability: Drizzle|[of] p2a: Smee
|detailschange|p1a: Garchomp|Garchomp-Mega, L50, F
|-mega|p1a: Garchomp|Garchomp|Garchompite
|move|p2b: Pyro|Protect|p2b: Pyro
|-singleturn|p2b: Pyro|Protect
|move|p1b: Spiritomb|Sucker Punch||[still]
|-fail|p1b: Spiritomb
|move|p1a: Garchomp|Stomping Tantrum|p2a: Smee
|-immune|p2a: Smee
|
|-weather|RainDance|[upkeep]
|upkeep
|turn|5
|inactive|NPCMystic has 30 seconds left.
|inactive|Crimson Jake has 30 seconds left.
|
|t:|1782346135
|move|p1a: Garchomp|Protect|p1a: Garchomp
|-singleturn|p1a: Garchomp|Protect
|move|p1b: Spiritomb|Sucker Punch|p2b: Pyro
|-damage|p2b: Pyro|30/100
|move|p2b: Pyro|Heat Wave|p1a: Garchomp|[spread] 
|-activate|p1a: Garchomp|move: Protect
|-miss|p2b: Pyro|p1b: Spiritomb
|move|p2a: Smee|Tailwind|p2a: Smee
|-sidestart|p2: Crimson Jake|move: Tailwind
|
|-weather|RainDance|[upkeep]
|-end|p2b: Pyro|Disable
|upkeep
|turn|6
|inactive|Crimson Jake has 30 seconds left.
|
|t:|1782346167
|move|p2b: Pyro|Protect|p2b: Pyro
|-singleturn|p2b: Pyro|Protect
|move|p1b: Spiritomb|Sucker Punch|p2a: Smee
|-damage|p2a: Smee|81/100
|move|p2a: Smee|Air Slash|p1b: Spiritomb
|-damage|p1b: Spiritomb|0 fnt
|faint|p1b: Spiritomb
|move|p1a: Garchomp|Dragon Claw|p2b: Pyro
|-activate|p2b: Pyro|move: Protect
|
|-weather|RainDance|[upkeep]
|upkeep
|
|t:|1782346178
|switch|p1b: Lucario|Lucario, L50, F|100/100
|turn|7
|
|t:|1782346192
|move|p1a: Garchomp|Protect|p1a: Garchomp
|-singleturn|p1a: Garchomp|Protect
|move|p2b: Pyro|Weather Ball|p1a: Garchomp
|-activate|p1a: Garchomp|move: Protect
|move|p2a: Smee|Hurricane|p1a: Garchomp
|-activate|p1a: Garchomp|move: Protect
|move|p1b: Lucario|Rock Slide|p2a: Smee|[spread] p2a,p2b
|-supereffective|p2a: Smee|1
|-supereffective|p2b: Pyro|2
|-damage|p2a: Smee|51/100
|-damage|p2b: Pyro|0 fnt
|faint|p2b: Pyro
|
|-weather|RainDance|[upkeep]
|upkeep
|
|t:|1782346202
|switch|p2b: Don|Archaludon, L50, M|100/100
|turn|8
|
|t:|1782346211
|move|p2b: Don|Dragon Pulse|p1a: Garchomp
|-supereffective|p1a: Garchomp|1
|-damage|p1a: Garchomp|5/100
|move|p2a: Smee|Hurricane|p1b: Lucario
|-damage|p1b: Lucario|40/100
|move|p1a: Garchomp|Stomping Tantrum|p2b: Don
|-supereffective|p2b: Don|1
|-damage|p2b: Don|20/100y
|-ability|p2b: Don|Stamina|boost
|-boost|p2b: Don|def|1
|move|p1b: Lucario|Rock Slide|p2b: Don|[spread] p2a,p2b
|-supereffective|p2a: Smee|1
|-resisted|p2b: Don|1
|-damage|p2a: Smee|19/100
|-damage|p2b: Don|16/100
|-ability|p2b: Don|Stamina|boost
|-boost|p2b: Don|def|1
|
|-weather|none
|-heal|p2b: Don|22/100|[from] item: Leftovers
|-sideend|p2: Crimson Jake|move: Tailwind
|upkeep
|turn|9
|inactive|Crimson Jake has 30 seconds left.
|
|t:|1782346246
|move|p1a: Garchomp|Protect|p1a: Garchomp
|-singleturn|p1a: Garchomp|Protect
|move|p1b: Lucario|Rock Slide|p2b: Don|[spread] p2a,p2b
|-supereffective|p2a: Smee|1
|-resisted|p2b: Don|1
|-damage|p2a: Smee|0 fnt
|-damage|p2b: Don|18/100
|-ability|p2b: Don|Stamina|boost
|-boost|p2b: Don|def|1
|faint|p2a: Smee
|cant|p2b: Don|flinch
|
|-heal|p2b: Don|24/100|[from] item: Leftovers
|upkeep
|
|t:|1782346252
|switch|p2a: Logan|Sneasler, L50, F|56/100 brn
|turn|10
|
|t:|1782346268
|move|p1b: Lucario|Protect|p1b: Lucario
|-singleturn|p1b: Lucario|Protect
|move|p2a: Logan|Fake Out|p1a: Garchomp
|-damage|p1a: Garchomp|0 fnt
|faint|p1a: Garchomp
|move|p2b: Don|Dragon Pulse|p1b: Lucario
|-activate|p1b: Lucario|move: Protect
|
|-heal|p2b: Don|30/100|[from] item: Leftovers
|-damage|p2a: Logan|50/100g brn|[from] brn
|upkeep
|turn|11
|
|t:|1782346278
|move|p2a: Logan|Brick Break|p1b: Lucario
|-supereffective|p1b: Lucario|1
|-damage|p1b: Lucario|0 fnt
|faint|p1b: Lucario
|
|win|Crimson Jake
|raw|NPCMystic's rating: 1000 → 1000(+0 for losing)
|raw|Crimson Jake's rating: 1025 → 1059(+34 for winning)
|c|☆NPCMystic|gg
|c|☆Crimson Jake|gg
|l|☆NPCMystic
|player|p1|
