|j|☆Chelicerate1
|j|☆westarte33
|html|Chelicerate1westarte33    
|uhtml|bestof|Game 3 of a best-of-3
|t:|1785428248
|gametype|doubles
|player|p1|Chelicerate1|ethan|1413
|player|p2|westarte33|102|1412
|gen|9
|tier|[Gen 9 Champions] VGC 2026 Reg M-B (Bo3)
|rated|
|rule|Species Clause: Limit one of each Pokémon
|rule|Item Clause: Limit 1 of each item
|clearpoke
|poke|p1|Grimmsnarl, L50, M|
|poke|p1|Basculegion, L50, M|
|poke|p1|Charizard, L50, F|
|poke|p1|Pelipper, L50, M|
|poke|p1|Venusaur, L50, M|
|poke|p1|Archaludon, L50, M|
|poke|p2|Gardevoir, L50, M|
|poke|p2|Maushold-Four, L50|
|poke|p2|Kingambit, L50, F|
|poke|p2|Garchomp, L50, F|
|poke|p2|Talonflame, L50, M|
|poke|p2|Basculegion, L50, M|
|teampreview|4
|showteam|p1|Grimmsnarl||LightClay|Prankster|SpiritBreak,PartingShot,Reflect,LightScreen|Sassy||M|||50|]Basculegion||ChoiceScarf|Adaptability|LastRespects,WaveCrash,AquaJet,FlipTurn|Jolly||M|||50|]Charizard||CharizarditeY|Blaze|Protect,HeatWave,WeatherBall,SolarBeam|Modest||F|||50|]Pelipper||SitrusBerry|Drizzle|Hurricane,WeatherBall,Tailwind,WideGuard|Modest||M|||50|]Venusaur||FocusSash|Chlorophyll|SludgeBomb,SleepPowder,EarthPower,Protect|Modest||M|||50|]Archaludon||Leftovers|Stamina|ElectroShot,DragonPulse,FlashCannon,Protect|Calm||M|||50|
|showteam|p2|Gardevoir||Gardevoirite|Trace|HyperVoice,Psyshock,VacuumWave,Protect|Modest||M|||50|]Maushold-Four||FocusSash|FriendGuard|SuperFang,Taunt,FollowMe,Protect|Timid|||||50|]Kingambit||BlackGlasses|Defiant|KowtowCleave,Protect,SuckerPunch,IronHead|Adamant||F|||50|]Garchomp||LifeOrb|RoughSkin|DragonClaw,Earthquake,RockSlide,Protect|Jolly||F|||50|]Talonflame||SharpBeak|GaleWings|QuickGuard,Protect,Tailwind,BraveBird|Jolly||M|||50|]Basculegion||ChoiceScarf|Adaptability|WaveCrash,AquaJet,FlipTurn,LastRespects|Jolly||M|||50|
|inactive|Battle timer is ON: inactive players will automatically lose when time's up. (requested by Chelicerate1)
|
|t:|1785428262
|teamsize|p1|4
|teamsize|p2|4
|start
|switch|p1a: Charizard|Charizard, L50, F|100/100
|switch|p1b: Grimmsnarl|Grimmsnarl, L50, M|100/100
|switch|p2a: Gardevoir|Gardevoir, L50, M|100/100
|switch|p2b: Maushold|Maushold-Four, L50|100/100
|-ability|p2a: Gardevoir|Blaze|Trace|[from] ability: Trace|[of] p1a: Charizard
|turn|1
|
|t:|1785428271
|detailschange|p1a: Charizard|Charizard-Mega-Y, L50, F
|-mega|p1a: Charizard|Charizard|Charizardite Y
|-weather|SunnyDay|[from] ability: Drought|[of] p1a: Charizard
|detailschange|p2a: Gardevoir|Gardevoir-Mega, L50, M
|-mega|p2a: Gardevoir|Gardevoir|Gardevoirite
|move|p1b: Grimmsnarl|Light Screen|p1b: Grimmsnarl
|-sidestart|p1: Chelicerate1|move: Light Screen
|move|p2b: Maushold|Super Fang|p1a: Charizard|[miss]
|-miss|p2b: Maushold|p1a: Charizard
|move|p2a: Gardevoir|Hyper Voice|p1a: Charizard|[spread] p1a,p1b
|-resisted|p1a: Charizard|1
|-supereffective|p1b: Grimmsnarl|1
|-crit|p1b: Grimmsnarl
|-damage|p1a: Charizard|84/100
|-damage|p1b: Grimmsnarl|0 fnt
|faint|p1b: Grimmsnarl
|move|p1a: Charizard|Heat Wave|p2b: Maushold|[spread] p2a,p2b
|-crit|p2b: Maushold
|-damage|p2a: Gardevoir|54/100
|-enditem|p2b: Maushold|Focus Sash
|-damage|p2b: Maushold|1/100
|
|-weather|SunnyDay|[upkeep]
|upkeep
|
|t:|1785428282
|switch|p1b: Archaludon|Archaludon, L50, M|100/100
|turn|2
|
|t:|1785428298
|move|p2a: Gardevoir|Protect|p2a: Gardevoir
|-singleturn|p2a: Gardevoir|Protect
|move|p1a: Charizard|Protect|p1a: Charizard
|-singleturn|p1a: Charizard|Protect
|move|p1b: Archaludon|Protect|p1b: Archaludon
|-singleturn|p1b: Archaludon|Protect
|move|p2b: Maushold|Super Fang|p1b: Archaludon
|-activate|p1b: Archaludon|move: Protect
|
|-weather|SunnyDay|[upkeep]
|upkeep
|turn|3
|inactive|westarte33 has 30 seconds left.
|
|t:|1785428333
|switch|p2a: Garchomp|Garchomp, L50, F|100/100
|move|p2b: Maushold|Super Fang|p1b: Archaludon
|-damage|p1b: Archaludon|50/100g
|-ability|p1b: Archaludon|Stamina|boost
|-boost|p1b: Archaludon|def|1
|move|p1a: Charizard|Weather Ball|p2a: Garchomp
|-resisted|p2a: Garchomp|1
|-damage|p2a: Garchomp|65/100
|move|p1b: Archaludon|Flash Cannon|p2a: Garchomp
|-damage|p2a: Garchomp|39/100
|
|-weather|SunnyDay|[upkeep]
|-heal|p1b: Archaludon|56/100|[from] item: Leftovers
|upkeep
|turn|4
|inactive|westarte33 has 30 seconds left.
|inactive|westarte33 has 20 seconds left.
|
|t:|1785428373
|switch|p1a: Pelipper|Pelipper, L50, M|100/100
|-weather|RainDance|[from] ability: Drizzle|[of] p1a: Pelipper
|move|p2b: Maushold|Protect|p2b: Maushold
|-singleturn|p2b: Maushold|Protect
|move|p2a: Garchomp|Rock Slide|p1b: Archaludon|[spread] p1a,p1b
|-supereffective|p1a: Pelipper|1
|-resisted|p1b: Archaludon|1
|-damage|p1a: Pelipper|46/100
|-damage|p1b: Archaludon|50/100g
|-ability|p1b: Archaludon|Stamina|boost
|-boost|p1b: Archaludon|def|1
|-enditem|p1a: Pelipper|Sitrus Berry|[eat]
|-heal|p1a: Pelipper|71/100|[from] item: Sitrus Berry
|-damage|p2a: Garchomp|29/100|[from] item: Life Orb
|move|p1b: Archaludon|Electro Shot||[still]
|-prepare|p1b: Archaludon|Electro Shot
|-boost|p1b: Archaludon|spa|1
|-anim|p1b: Archaludon|Electro Shot|p2b: Maushold
|-activate|p2b: Maushold|move: Protect
|
|-weather|RainDance|[upkeep]
|-heal|p1b: Archaludon|56/100|[from] item: Leftovers
|upkeep
|turn|5
|inactive|westarte33 has 30 seconds left.
|
|t:|1785428399
|move|p2b: Maushold|Taunt|p1a: Pelipper
|-start|p1a: Pelipper|move: Taunt
|move|p2a: Garchomp|Dragon Claw|p1a: Pelipper
|-damage|p1a: Pelipper|15/100
|-damage|p2a: Garchomp|20/100r|[from] item: Life Orb
|move|p1b: Archaludon|Dragon Pulse|p2a: Garchomp
|-supereffective|p2a: Garchomp|1
|-damage|p2a: Garchomp|0 fnt
|faint|p2a: Garchomp
|cant|p1a: Pelipper|move: Taunt|Tailwind
|
|-weather|RainDance|[upkeep]
|-heal|p1b: Archaludon|62/100|[from] item: Leftovers
|upkeep
|
|t:|1785428407
|switch|p2a: Gardevoir|Gardevoir-Mega, L50, M|54/100
|turn|6
|
|t:|1785428415
|move|p2b: Maushold|Super Fang|p1b: Archaludon
|-damage|p1b: Archaludon|31/100
|-ability|p1b: Archaludon|Stamina|boost
|-boost|p1b: Archaludon|def|1
|move|p2a: Gardevoir|Hyper Voice|p1b: Archaludon|[spread] p1a,p1b
|-damage|p1a: Pelipper|0 fnt
|-damage|p1b: Archaludon|0 fnt
|faint|p1a: Pelipper
|faint|p1b: Archaludon
|
|-weather|RainDance|[upkeep]
|upkeep
|
|t:|1785428418
|switch|p1b: Charizard|Charizard-Mega-Y, L50, F|84/100
|-weather|SunnyDay|[from] ability: Drought|[of] p1b: Charizard
|turn|7
|
|t:|1785428433
|move|p2a: Gardevoir|Protect|p2a: Gardevoir
|-singleturn|p2a: Gardevoir|Protect
|move|p2b: Maushold|Super Fang|p1b: Charizard
|-damage|p1b: Charizard|42/100
|move|p1b: Charizard|Heat Wave|p2b: Maushold|[spread] p2b
|-activate|p2a: Gardevoir|move: Protect
|-damage|p2b: Maushold|0 fnt
|faint|p2b: Maushold
|
|-weather|SunnyDay|[upkeep]
|upkeep
|
|t:|1785428438
|switch|p2b: Talonflame|Talonflame, L50, M|100/100
|turn|8
|c|☆westarte33|ggs wp
|
|t:|1785428448
|move|p2b: Talonflame|Brave Bird|p1b: Charizard
|-damage|p1b: Charizard|0 fnt
|faint|p1b: Charizard
|-damage|p2b: Talonflame|84/100|[from] Recoil
|
|win|westarte33
|raw|Chelicerate1's rating: 1413 → 1393(-20 for losing)
|raw|westarte33's rating: 1412 → 1432(+20 for winning)
