|j|☆DJ_Arcigno
|j|☆BonnieSSR
|html|DJ_ArcignoBonnieSSR    
|uhtml|bestof|Game 3 of a best-of-3
|t:|1756428680
|gametype|doubles
|player|p1|DJ_Arcigno|266|1229
|player|p2|BonnieSSR|miku-ground|1130
|gen|9
|tier|[Gen 9] VGC 2025 Reg H (Bo3)
|rated|
|rule|Species Clause: Limit one of each Pokémon
|rule|Item Clause: Limit 1 of each item
|clearpoke
|poke|p1|Charizard, L50, M|
|poke|p1|Torkoal, L50, F|
|poke|p1|Porygon2, L50|
|poke|p1|Incineroar, L50, F|
|poke|p1|Jumpluff, L50, F|
|poke|p1|Ursaluna, L50, M|
|poke|p2|Tyranitar, L50, F|
|poke|p2|Amoonguss, L50, M|
|poke|p2|Kilowattrel, L50, F|
|poke|p2|Excadrill, L50, F|
|poke|p2|Kommo-o, L50, F|
|poke|p2|Incineroar, L50, M|
|teampreview|4
|showteam|p1|Charizard||ChoiceSpecs|SolarPower|HeatWave,Overheat,WeatherBall,AirSlash|||M|||50|,,,,,Ghost]Torkoal||EjectPack|Drought|Eruption,Overheat,HelpingHand,Protect|||F|||50|,,,,,Fire]Porygon2||Eviolite|Download|IceBeam,TeraBlast,TrickRoom,Recover||||||50|,,,,,Fighting]Incineroar||SitrusBerry|Intimidate|FlareBlitz,KnockOff,FakeOut,PartingShot|||F|||50|,,,,,Ghost]Jumpluff||CovertCloak|Chlorophyll|SleepPowder,SunnyDay,RagePowder,Tailwind|||F|||50|,,,,,Water]Ursaluna||FlameOrb|Guts|Protect,Facade,HeadlongRush,Earthquake|||M|||50|,,,,,Ghost
|showteam|p2|Tyranitar||AssaultVest|SandStream|LowKick,RockSlide,KnockOff,TeraBlast|||F|||50|,,,,,Flying]Amoonguss||SitrusBerry|Regenerator|Spore,RagePowder,SludgeBomb,Protect|||M|||50|,,,,,Water]Kilowattrel||ChoiceSpecs|Competitive|Thunderbolt,Discharge,VoltSwitch,AirSlash|||F|||50|,,,,,Ghost]Excadrill||FocusSash|SandRush|IronHead,Earthquake,HighHorsepower,Protect|||F|||50|,,,,,Ground]Kommo-o||Leftovers|Overcoat|IronDefense,BodyPress,ThroatChop,Protect|||F|||50|,,,,,Steel]Incineroar||SafetyGoggles|Intimidate|FlareBlitz,KnockOff,PartingShot,FakeOut|||M|||50|,,,,,Ghost
|
|t:|1756428737
|teamsize|p1|4
|teamsize|p2|4
|start
|switch|p1a: Jumpluff|Jumpluff, L50, F|100/100
|switch|p1b: Ursaluna|Ursaluna, L50, M|100/100
|switch|p2a: Prim|Kilowattrel, L50, F|100/100
|switch|p2b: Arturia|Kommo-o, L50, F, shiny|100/100
|turn|1
|
|t:|1756428752
|switch|p2a: Wolfey|Incineroar, L50, M, shiny|100/100
|-ability|p2a: Wolfey|Intimidate|boost
|-unboost|p1a: Jumpluff|atk|1
|-unboost|p1b: Ursaluna|atk|1
|switch|p1b: Torkoal|Torkoal, L50, F|100/100
|-weather|SunnyDay|[from] ability: Drought|[of] p1b: Torkoal
|move|p1a: Jumpluff|Sleep Powder|p2a: Wolfey
|-activate|p2a: Wolfey|item: Safety Goggles|Sleep Powder
|move|p2b: Arturia|Iron Defense|p2b: Arturia
|-boost|p2b: Arturia|def|2
|
|-weather|SunnyDay|[upkeep]
|upkeep
|turn|2
|
|t:|1756428783
|move|p1a: Jumpluff|Rage Powder|p1a: Jumpluff
|-singleturn|p1a: Jumpluff|move: Rage Powder
|move|p2b: Arturia|Iron Defense|p2b: Arturia
|-boost|p2b: Arturia|def|2
|move|p2a: Wolfey|Parting Shot|p1b: Torkoal
|-unboost|p1b: Torkoal|atk|1
|-unboost|p1b: Torkoal|spa|1
|
|t:|1756428793
|switch|p2a: Ouroboros|Tyranitar, L50, F, shiny|100/100|[from] Parting Shot
|-weather|Sandstorm|[from] ability: Sand Stream|[of] p2a: Ouroboros
|move|p1b: Torkoal|Overheat|p2b: Arturia
|-resisted|p2b: Arturia
|-damage|p2b: Arturia|82/100
|-unboost|p1b: Torkoal|spa|2
|-enditem|p1b: Torkoal|Eject Pack
|
|t:|1756428812
|switch|p1b: Porygon2|Porygon2, L50|100/100
|-ability|p1b: Porygon2|Download|boost
|-boost|p1b: Porygon2|spa|1
|
|-weather|Sandstorm|[upkeep]
|-damage|p1a: Jumpluff|95/100|[from] Sandstorm
|-damage|p1b: Porygon2|94/100|[from] Sandstorm
|-heal|p2b: Arturia|88/100|[from] item: Leftovers
|upkeep
|turn|3
|
|t:|1756428833
|switch|p2a: Prim|Kilowattrel, L50, F|100/100
|move|p1a: Jumpluff|Sleep Powder|p2a: Prim
|-status|p2a: Prim|slp|[from] move: Sleep Powder
|move|p2b: Arturia|Body Press|p1b: Porygon2
|-supereffective|p1b: Porygon2
|-damage|p1b: Porygon2|0 fnt
|faint|p1b: Porygon2
|
|-weather|Sandstorm|[upkeep]
|-damage|p2a: Prim|95/100 slp|[from] Sandstorm
|-damage|p1a: Jumpluff|89/100|[from] Sandstorm
|-heal|p2b: Arturia|94/100|[from] item: Leftovers
|upkeep
|
|t:|1756428844
|switch|p1b: Ursaluna|Ursaluna, L50, M|100/100
|turn|4
|
|t:|1756428859
|switch|p2a: Wolfey|Incineroar, L50, M, shiny|100/100
|-ability|p2a: Wolfey|Intimidate|boost
|-unboost|p1a: Jumpluff|atk|1
|-unboost|p1b: Ursaluna|atk|1
|move|p1a: Jumpluff|Rage Powder|p1a: Jumpluff
|-singleturn|p1a: Jumpluff|move: Rage Powder
|move|p2b: Arturia|Iron Defense|p2b: Arturia
|-boost|p2b: Arturia|def|2
|move|p1b: Ursaluna|Facade|p2a: Wolfey
|-damage|p2a: Wolfey|75/100
|
|-weather|Sandstorm|[upkeep]
|-damage|p1a: Jumpluff|83/100|[from] Sandstorm
|-heal|p2b: Arturia|99/100|[from] item: Leftovers
|-status|p1b: Ursaluna|brn|[from] item: Flame Orb
|upkeep
|turn|5
|
|t:|1756428880
|switch|p1a: Torkoal|Torkoal, L50, F|100/100
|-weather|SunnyDay|[from] ability: Drought|[of] p1a: Torkoal
|switch|p2a: Prim|Kilowattrel, L50, F|95/100 slp
|-terastallize|p1b: Ursaluna|Ghost
|move|p2b: Arturia|Throat Chop|p1b: Ursaluna
|-supereffective|p1b: Ursaluna
|-damage|p1b: Ursaluna|72/100 brn
|-start|p1b: Ursaluna|Throat Chop|[silent]
|move|p1b: Ursaluna|Headlong Rush|p2a: Prim
|-immune|p2a: Prim
|
|-weather|SunnyDay|[upkeep]
|-heal|p2b: Arturia|100/100|[from] item: Leftovers
|-damage|p1b: Ursaluna|66/100 brn|[from] brn
|upkeep
|turn|6
|-message|DJ_Arcigno forfeited.
|
|win|BonnieSSR
|raw|DJ_Arcigno's rating: 1229 → 1197(-32 for losing)
|raw|BonnieSSR's rating: 1130 → 1162(+32 for winning)
|l|☆DJ_Arcigno
|player|p1|
