|j|☆Aquarior_testing1
|j|☆jusemato
|html|Aquarior_testing1jusemato    
|uhtml|bestof|Game 2 of a best-of-3
|t:|1783116166
|gametype|doubles
|player|p1|Aquarior_testing1|mustard-master|1281
|player|p2|jusemato|ingo|1269
|gen|9
|tier|[Gen 9 Champions] VGC 2026 Reg M-B (Bo3)
|rated|
|rule|Species Clause: Limit one of each Pokémon
|rule|Item Clause: Limit 1 of each item
|clearpoke
|poke|p1|Kingambit, L50, F, shiny|
|poke|p1|Charizard, L50, M, shiny|
|poke|p1|Aerodactyl, L50, F, shiny|
|poke|p1|Farigiraf, L50, M, shiny|
|poke|p1|Garchomp, L50, M, shiny|
|poke|p1|Sylveon, L50, F, shiny|
|poke|p2|Kingambit, L50, M|
|poke|p2|Farigiraf, L50, F|
|poke|p2|Venusaur, L50, M|
|poke|p2|Vivillon-Marine, L50, F|
|poke|p2|Sylveon, L50, F|
|poke|p2|Camerupt, L50, M, shiny|
|teampreview|4
|showteam|p1|Kingambit||FocusSash|Defiant|KowtowCleave,SuckerPunch,IronHead,LowKick|Adamant||F|||50|]Charizard||CharizarditeY|Blaze|HeatWave,WeatherBall,SolarBeam,Protect|Serious||M|||50|]Aerodactyl||Aerodactylite|Unnerve|RockSlide,DualWingbeat,IceFang,Tailwind|Jolly||F|||50|]Farigiraf||SitrusBerry|ArmorTail|Psychic,Thunderbolt,TrickRoom,Protect|Bold||M|||50|]Garchomp||LifeOrb|RoughSkin|Earthquake,StompingTantrum,DragonClaw,Protect|Jolly||M|||50|]Sylveon||FairyFeather|Pixilate|HyperVoice,HyperBeam,QuickAttack,Detect|Modest||F|||50|
|showteam|p2|Kingambit||BlackGlasses|Defiant|KowtowCleave,SwordsDance,SuckerPunch,Protect|Adamant||M|||50|]Farigiraf||SitrusBerry|ArmorTail|PsychicFangs,Protect,Thunderbolt,TrickRoom|Relaxed||F|||50|]Venusaur||Venusaurite|Chlorophyll|SludgeBomb,EarthPower,GigaDrain,Protect|Modest||M|||50|]Vivillon-Marine||FocusSash|CompoundEyes|Hurricane,Protect,RagePowder,SleepPowder|Timid||F|||50|]Sylveon||LifeOrb|Pixilate|HyperVoice,QuickAttack,Detect,HyperBeam|Quiet||F|||50|]Camerupt||Cameruptite|SolidRock|HeatWave,EarthPower,AncientPower,Protect|Quiet||M|||50|
|inactive|Battle timer is ON: inactive players will automatically lose when time's up. (requested by Aquarior_testing1)
|inactive|Aquarior_testing1 has 60 seconds left.
|inactive|Aquarior_testing1 has 30 seconds left.
|
|t:|1783116234
|teamsize|p1|4
|teamsize|p2|4
|start
|switch|p1a: Aerodactyl|Aerodactyl, L50, F, shiny|100/100
|switch|p1b: Charizard|Charizard, L50, M, shiny|100/100
|switch|p2a: Farigiraf|Farigiraf, L50, F|100/100
|switch|p2b: Vivillon|Vivillon-Marine, L50, F|100/100
|-ability|p1a: Aerodactyl|Unnerve
|turn|1
|inactive|jusemato has 30 seconds left.
|
|t:|1783116267
|move|p1b: Charizard|Protect|p1b: Charizard
|-singleturn|p1b: Charizard|Protect
|move|p2a: Farigiraf|Protect|p2a: Farigiraf
|-singleturn|p2a: Farigiraf|Protect
|move|p1a: Aerodactyl|Rock Slide|p2b: Vivillon|[spread] p2b
|-activate|p2a: Farigiraf|move: Protect
|-supereffective|p2b: Vivillon|2
|-crit|p2b: Vivillon
|-enditem|p2b: Vivillon|Focus Sash
|-damage|p2b: Vivillon|1/100
|cant|p2b: Vivillon|flinch
|
|upkeep
|turn|2
|
|t:|1783116284
|detailschange|p1b: Charizard|Charizard-Mega-Y, L50, M, shiny
|-mega|p1b: Charizard|Charizard|Charizardite Y
|-weather|SunnyDay|[from] ability: Drought|[of] p1b: Charizard
|move|p2b: Vivillon|Rage Powder|p2b: Vivillon
|-singleturn|p2b: Vivillon|move: Rage Powder
|move|p1a: Aerodactyl|Rock Slide|p2a: Farigiraf|[spread] p2a,p2b
|-supereffective|p2b: Vivillon|2
|-damage|p2a: Farigiraf|83/100
|-damage|p2b: Vivillon|0 fnt
|faint|p2b: Vivillon
|move|p1b: Charizard|Weather Ball|p2a: Farigiraf
|-damage|p2a: Farigiraf|17/100
|move|p2a: Farigiraf|Trick Room|p2a: Farigiraf
|-fieldstart|move: Trick Room|[of] p2a: Farigiraf
|
|-weather|SunnyDay|[upkeep]
|upkeep
|
|t:|1783116297
|switch|p2b: Camerupt|Camerupt, L50, M, shiny|100/100
|turn|3
|
|t:|1783116322
|switch|p2a: Sylveon|Sylveon, L50, F|100/100
|detailschange|p2b: Camerupt|Camerupt-Mega, L50, M, shiny
|-mega|p2b: Camerupt|Camerupt|Cameruptite
|move|p2b: Camerupt|Heat Wave|p1a: Aerodactyl|[spread] p1a,p1b
|-resisted|p1a: Aerodactyl|1
|-resisted|p1b: Charizard|1
|-damage|p1a: Aerodactyl|46/100
|-damage|p1b: Charizard|63/100
|move|p1b: Charizard|Heat Wave|p2b: Camerupt|[spread] p2a,p2b
|-resisted|p2b: Camerupt|1
|-damage|p2a: Sylveon|57/100
|-damage|p2b: Camerupt|73/100
|move|p1a: Aerodactyl|Rock Slide|p2a: Sylveon|[spread] p2a,p2b
|-damage|p2a: Sylveon|32/100
|-damage|p2b: Camerupt|52/100
|
|-weather|SunnyDay|[upkeep]
|upkeep
|turn|4
|
|t:|1783116345
|move|p1b: Charizard|Protect|p1b: Charizard
|-singleturn|p1b: Charizard|Protect
|move|p2b: Camerupt|Ancient Power|p1b: Charizard
|-activate|p1b: Charizard|move: Protect
|move|p2a: Sylveon|Hyper Voice|p1a: Aerodactyl|[spread] p1a
|-activate|p1b: Charizard|move: Protect
|-damage|p1a: Aerodactyl|0 fnt
|faint|p1a: Aerodactyl
|-damage|p2a: Sylveon|23/100|[from] item: Life Orb
|
|-weather|SunnyDay|[upkeep]
|upkeep
|
|t:|1783116355
|switch|p1a: Farigiraf|Farigiraf, L50, M, shiny|100/100
|turn|5
|inactive|jusemato has 30 seconds left.
|inactive|jusemato has 20 seconds left.
|inactive|jusemato has 15 seconds left.
|inactive|jusemato has 10 seconds left.
|
|t:|1783116400
|move|p2b: Camerupt|Ancient Power|p1b: Charizard
|-supereffective|p1b: Charizard|2
|-damage|p1b: Charizard|0 fnt
|faint|p1b: Charizard
|move|p2a: Sylveon|Hyper Beam|p1a: Farigiraf
|-damage|p1a: Farigiraf|1/100
|-mustrecharge|p2a: Sylveon
|-enditem|p1a: Farigiraf|Sitrus Berry|[eat]
|-heal|p1a: Farigiraf|26/100|[from] item: Sitrus Berry
|-damage|p2a: Sylveon|13/100|[from] item: Life Orb
|move|p1a: Farigiraf|Psychic|p2b: Camerupt
|-damage|p2b: Camerupt|19/100
|
|-weather|SunnyDay|[upkeep]
|upkeep
|
|t:|1783116413
|switch|p1b: Garchomp|Garchomp, L50, M, shiny|100/100
|turn|6
|
|t:|1783116426
|move|p1a: Farigiraf|Protect|p1a: Farigiraf
|-singleturn|p1a: Farigiraf|Protect
|move|p1b: Garchomp|Protect|p1b: Garchomp
|-singleturn|p1b: Garchomp|Protect
|move|p2b: Camerupt|Heat Wave|p1a: Farigiraf|[spread] 
|-activate|p1a: Farigiraf|move: Protect
|-activate|p1b: Garchomp|move: Protect
|cant|p2a: Sylveon|recharge
|
|-weather|none
|-fieldend|move: Trick Room
|upkeep
|turn|7
|-message|jusemato forfeited.
|
|win|Aquarior_testing1
|l|☆jusemato
|player|p2|
||jusemato is ready for game 3.
||Aquarior_testing1 is ready for game 3.
|uhtml|next|Next: Game 3 of 3
