|j|☆TogoVGC
|j|☆certified urgl
|html|TogoVGCcertified urgl    
|uhtml|bestof|Game 1 of a best-of-3
|t:|1756550610
|gametype|doubles
|player|p1|TogoVGC|101|1265
|player|p2|certified urgl|102|1317
|gen|9
|tier|[Gen 9] VGC 2025 Reg H (Bo3)
|rated|
|rule|Species Clause: Limit one of each Pokémon
|rule|Item Clause: Limit 1 of each item
|clearpoke
|poke|p1|Dondozo, L50, M|
|poke|p1|Tatsugiri, L50, M|
|poke|p1|Exeggutor, L50, M|
|poke|p1|Indeedee-F, L50, F|
|poke|p1|Blaziken, L50, F|
|poke|p1|Kingambit, L50, F|
|poke|p2|Gholdengo, L50|
|poke|p2|Sneasler, L50, M|
|poke|p2|Rillaboom, L50, M|
|poke|p2|Dragonite, L50, M|
|poke|p2|Ninetales-Alola, L50, F|
|poke|p2|Arcanine-Hisui, L50, F|
|teampreview|4
|showteam|p1|Dondozo||SafetyGoggles|Unaware|WaveCrash,Earthquake,HeavySlam,Protect|||M|||50|,,,,,Steel]Tatsugiri||ChoiceScarf|Commander|MuddyWater,DracoMeteor,IcyWind,HydroPump|||M|||50|,,,,,Grass]Exeggutor||PetayaBerry|Harvest|ExpandingForce,GigaDrain,TrickRoom,Protect|||M|||50|,,,,,Fire]Indeedee-F||SitrusBerry|PsychicSurge|Psychic,AlluringVoice,FollowMe,HelpingHand|||F|||50|,,,,,Fairy]Blaziken||FocusSash|SpeedBoost|HeatWave,FocusBlast,UpperHand,Detect|||F|||50|,,,,,Stellar]Kingambit||AssaultVest|Defiant|KowtowCleave,IronHead,SuckerPunch,StoneEdge|||F|||50|,,,,,Ghost
|showteam|p2|Gholdengo||GrassySeed|GoodasGold|NastyPlot,MakeItRain,ShadowBall,Protect||||||50|,,,,,Dragon]Sneasler||WhiteHerb|Unburden|CloseCombat,DireClaw,Coaching,Protect|||M|||50|,,,,,Ghost]Rillaboom||AssaultVest|GrassySurge|FakeOut,GrassyGlide,DrumBeating,HighHorsepower|||M|||50|,,,,,Fire]Dragonite||LoadedDice|Multiscale|ScaleShot,StompingTantrum,Tailwind,Protect|||M|||50|,,,,,Ground]Ninetales-Alola||FocusSash|SnowWarning|Blizzard,IcyWind,Encore,AuroraVeil|||F|||50|,,,,,Ghost]Arcanine-Hisui||ClearAmulet|Intimidate|RockSlide,FlareBlitz,ExtremeSpeed,Protect|||F|||50|,,,,,Water
|inactive|Battle timer is ON: inactive players will automatically lose when time's up. (requested by certified urgl)
|inactive|certified urgl has 60 seconds left.
|
|t:|1756550652
|teamsize|p1|4
|teamsize|p2|4
|start
|switch|p1a: Indeedee|Indeedee-F, L50, F|100/100
|switch|p1b: Exeggutor|Exeggutor, L50, M|100/100
|switch|p2a: Sneasler|Sneasler, L50, M|100/100
|switch|p2b: Dragonite|Dragonite, L50, M|100/100
|-fieldstart|move: Psychic Terrain|[from] ability: Psychic Surge|[of] p1a: Indeedee
|turn|1
|inactive|TogoVGC has 30 seconds left.
|
|t:|1756550683
|move|p1a: Indeedee|Follow Me|p1a: Indeedee
|-singleturn|p1a: Indeedee|move: Follow Me
|move|p2a: Sneasler|Coaching|p2b: Dragonite
|-boost|p2b: Dragonite|atk|1
|-boost|p2b: Dragonite|def|1
|move|p2b: Dragonite|Scale Shot|p1a: Indeedee
|-damage|p1a: Indeedee|71/100
|-crit|p1a: Indeedee
|-damage|p1a: Indeedee|31/100
|-enditem|p1a: Indeedee|Sitrus Berry|[eat]
|-heal|p1a: Indeedee|55/100|[from] item: Sitrus Berry
|-damage|p1a: Indeedee|26/100
|-damage|p1a: Indeedee|0 fnt
|faint|p1a: Indeedee
|-hitcount|p1: Indeedee|4
|-unboost|p2b: Dragonite|def|1
|-boost|p2b: Dragonite|spe|1
|move|p1b: Exeggutor|Trick Room|p1b: Exeggutor
|-fieldstart|move: Trick Room|[of] p1b: Exeggutor
|
|upkeep
|inactive|TogoVGC has 30 seconds left.
|
|t:|1756550716
|switch|p1a: Kingambit|Kingambit, L50, F|100/100
|turn|2
|inactive|certified urgl has 30 seconds left.
|
|t:|1756550745
|switch|p2a: Rillaboom|Rillaboom, L50, M|100/100
|-fieldstart|move: Grassy Terrain|[from] ability: Grassy Surge|[of] p2a: Rillaboom
|-terastallize|p2b: Dragonite|Ground
|move|p1a: Kingambit|Kowtow Cleave|p2a: Rillaboom
|-damage|p2a: Rillaboom|54/100
|move|p1b: Exeggutor|Expanding Force|p2a: Rillaboom
|-damage|p2a: Rillaboom|20/100
|move|p2b: Dragonite|Stomping Tantrum|p1a: Kingambit
|-supereffective|p1a: Kingambit
|-damage|p1a: Kingambit|0 fnt
|faint|p1a: Kingambit
|
|-heal|p2a: Rillaboom|25/100|[from] Grassy Terrain
|upkeep
|
|t:|1756550754
|switch|p1a: Blaziken|Blaziken, L50, F|100/100
|turn|3
|
|t:|1756550777
|move|p2a: Rillaboom|Grassy Glide|p1a: Blaziken
|-resisted|p1a: Blaziken
|-damage|p1a: Blaziken|77/100
|move|p1b: Exeggutor|Giga Drain|p2b: Dragonite
|-supereffective|p2b: Dragonite
|-damage|p2b: Dragonite|43/100
|move|p1a: Blaziken|Heat Wave|p2b: Dragonite|[spread] p2a,p2b
|-supereffective|p2a: Rillaboom
|-damage|p2a: Rillaboom|0 fnt
|-damage|p2b: Dragonite|3/100
|faint|p2a: Rillaboom
|move|p2b: Dragonite|Scale Shot|p1b: Exeggutor
|-damage|p1b: Exeggutor|79/100
|-damage|p1b: Exeggutor|56/100
|-damage|p1b: Exeggutor|35/100
|-damage|p1b: Exeggutor|13/100
|-enditem|p1b: Exeggutor|Petaya Berry|[eat]
|-boost|p1b: Exeggutor|spa|1|[from] item: Petaya Berry
|-hitcount|p1b: Exeggutor|4
|-unboost|p2b: Dragonite|def|1
|-boost|p2b: Dragonite|spe|1
|
|-heal|p1b: Exeggutor|19/100|[from] Grassy Terrain
|-heal|p1a: Blaziken|83/100|[from] Grassy Terrain
|-heal|p2b: Dragonite|9/100|[from] Grassy Terrain
|-item|p1b: Exeggutor|Petaya Berry|[from] ability: Harvest
|-ability|p1a: Blaziken|Speed Boost|boost
|-boost|p1a: Blaziken|spe|1
|upkeep
|-enditem|p1b: Exeggutor|Petaya Berry|[eat]
|-boost|p1b: Exeggutor|spa|1|[from] item: Petaya Berry
|inactive|certified urgl has 30 seconds left.
|
|t:|1756550809
|switch|p2a: Arcanine|Arcanine-Hisui, L50, F|100/100
|-ability|p2a: Arcanine|Intimidate|boost
|-unboost|p1a: Blaziken|atk|1
|-unboost|p1b: Exeggutor|atk|1
|turn|4
|inactive|certified urgl has 30 seconds left.
|inactive|TogoVGC has 30 seconds left.
|inactive|certified urgl has 20 seconds left.
|inactive|certified urgl has 15 seconds left.
|
|t:|1756550854
|move|p1b: Exeggutor|Protect|p1b: Exeggutor
|-singleturn|p1b: Exeggutor|Protect
|move|p2a: Arcanine|Rock Slide|p1b: Exeggutor|[spread] 
|-activate|p1b: Exeggutor|move: Protect
|-miss|p2a: Arcanine|p1a: Blaziken
|move|p1a: Blaziken|Heat Wave|p2b: Dragonite|[spread] p2a,p2b
|-resisted|p2a: Arcanine
|-damage|p2a: Arcanine|89/100
|-damage|p2b: Dragonite|0 fnt
|faint|p2b: Dragonite
|
|-heal|p1b: Exeggutor|25/100|[from] Grassy Terrain
|-heal|p2a: Arcanine|95/100|[from] Grassy Terrain
|-heal|p1a: Blaziken|89/100|[from] Grassy Terrain
|-item|p1b: Exeggutor|Petaya Berry|[from] ability: Harvest
|-ability|p1a: Blaziken|Speed Boost|boost
|-boost|p1a: Blaziken|spe|1
|upkeep
|-enditem|p1b: Exeggutor|Petaya Berry|[eat]
|-boost|p1b: Exeggutor|spa|1|[from] item: Petaya Berry
|
|t:|1756550863
|switch|p2b: Sneasler|Sneasler, L50, M|100/100
|turn|5
|inactive|TogoVGC has 30 seconds left.
|
|t:|1756550890
|move|p2b: Sneasler|Protect|p2b: Sneasler
|-singleturn|p2b: Sneasler|Protect
|move|p2a: Arcanine|Extreme Speed|p1b: Exeggutor
|-damage|p1b: Exeggutor|0 fnt
|faint|p1b: Exeggutor
|move|p1a: Blaziken|Focus Blast|p2a: Arcanine
|-supereffective|p2a: Arcanine
|-damage|p2a: Arcanine|0 fnt
|faint|p2a: Arcanine
|
|-heal|p1a: Blaziken|95/100|[from] Grassy Terrain
|-fieldend|move: Trick Room
|-ability|p1a: Blaziken|Speed Boost|boost
|-boost|p1a: Blaziken|spe|1
|upkeep
|turn|6
|
|t:|1756550905
|move|p1a: Blaziken|Detect|p1a: Blaziken
|-singleturn|p1a: Blaziken|Protect
|move|p2b: Sneasler|Dire Claw|p1a: Blaziken
|-activate|p1a: Blaziken|move: Protect
|
|-heal|p1a: Blaziken|100/100|[from] Grassy Terrain
|-fieldend|move: Grassy Terrain
|-ability|p1a: Blaziken|Speed Boost|boost
|-boost|p1a: Blaziken|spe|1
|upkeep
|turn|7
|
|t:|1756550910
|move|p1a: Blaziken|Heat Wave|p2b: Sneasler
|-damage|p2b: Sneasler|46/100
|-status|p2b: Sneasler|brn
|move|p2b: Sneasler|Dire Claw|p1a: Blaziken
|-damage|p1a: Blaziken|70/100
|-status|p1a: Blaziken|psn
|
|-damage|p1a: Blaziken|57/100 psn|[from] psn
|-damage|p2b: Sneasler|39/100 brn|[from] brn
|-ability|p1a: Blaziken|Speed Boost|boost
|-boost|p1a: Blaziken|spe|1
|upkeep
|turn|8
|-message|certified urgl forfeited.
|
|win|TogoVGC
