|j|☆hexagonfoot
|j|☆archyx
|html|hexagonfootarchyx    
|uhtml|bestof|Game 2 of a best-of-3
|t:|1756757541
|gametype|doubles
|player|p1|hexagonfoot|caitlin|1243
|player|p2|archyx|ethan|1191
|gen|9
|tier|[Gen 9] VGC 2025 Reg H (Bo3)
|rated|
|rule|Species Clause: Limit one of each Pokémon
|rule|Item Clause: Limit 1 of each item
|clearpoke
|poke|p1|Kingambit, L50, M|
|poke|p1|Primarina, L50, M|
|poke|p1|Sneasler, L50, F|
|poke|p1|Magmar, L50, F|
|poke|p1|Rillaboom, L50, F|
|poke|p1|Dragapult, L50, M|
|poke|p2|Dragonite, L50, F|
|poke|p2|Ursaluna-Bloodmoon, L50, M|
|poke|p2|Gholdengo, L50|
|poke|p2|Maushold-Four, L50|
|poke|p2|Annihilape, L50, F|
|poke|p2|Rillaboom, L50, F|
|teampreview|4
|showteam|p1|Kingambit||BlackGlasses|Defiant|KowtowCleave,SuckerPunch,SwordsDance,Protect|||M|||50|,,,,,Ghost]Primarina||SitrusBerry|LiquidVoice|HyperVoice,Moonblast,Haze,Protect|||M|||50|,,,,,Water]Sneasler||FocusSash|PoisonTouch|CloseCombat,DireClaw,FakeOut,Protect|||F|||50|,,,,,Stellar]Magmar||Eviolite|VitalSpirit|Overheat,WillOWisp,FollowMe,Protect|||F|||50|,,,,,Ghost]Rillaboom||AssaultVest|GrassySurge|WoodHammer,GrassyGlide,HighHorsepower,FakeOut|||F|||50|,,,,,Fire]Dragapult||ChoiceBand|ClearBody|DragonDarts,PhantomForce,TeraBlast,Uturn|||M|||50|,,,,,Ghost
|showteam|p2|Dragonite||LoadedDice|Multiscale|ScaleShot,Tailwind,Haze,Protect|||F|||50|,,,,,Steel]Ursaluna-Bloodmoon||AssaultVest|MindsEye|BloodMoon,EarthPower,HyperVoice,VacuumWave|||M|||50|,,,,,Water]Gholdengo||LifeOrb|GoodasGold|MakeItRain,ShadowBall,NastyPlot,Protect||||||50|,,,,,Water]Maushold-Four||FocusSash|FriendGuard|SuperFang,FollowMe,BeatUp,Protect||||||50|,,,,,Ghost]Annihilape||SitrusBerry|Defiant|RageFist,DrainPunch,BulkUp,Protect|||F|||50|,,,,,Fire]Rillaboom||MiracleSeed|GrassySurge|WoodHammer,GrassyGlide,HighHorsepower,FakeOut|||F|||50|,,,,,Fire
|inactive|Battle timer is ON: inactive players will automatically lose when time's up. (requested by hexagonfoot)
|
|t:|1756757573
|teamsize|p1|4
|teamsize|p2|4
|start
|switch|p1a: Canary Wharf|Primarina, L50, M|100/100
|switch|p1b: Slough|Sneasler, L50, F|100/100
|switch|p2a: Maushold|Maushold-Four, L50|100/100
|switch|p2b: Annihilape|Annihilape, L50, F|100/100
|turn|1
|inactive|hexagonfoot has 30 seconds left.
|inactive|archyx has 30 seconds left.
|inactive|hexagonfoot has 20 seconds left.
|inactive|hexagonfoot has 15 seconds left.
|
|t:|1756757617
|switch|p2b: Gholdengo|Gholdengo, L50|100/100
|move|p1b: Slough|Close Combat|p2a: Maushold
|-supereffective|p2a: Maushold
|-enditem|p2a: Maushold|Focus Sash
|-damage|p2a: Maushold|1/100
|-unboost|p1b: Slough|def|1
|-unboost|p1b: Slough|spd|1
|-status|p2a: Maushold|psn|[from] ability: Poison Touch|[of] p1b: Slough
|move|p2a: Maushold|Super Fang|p1a: Canary Wharf
|-damage|p1a: Canary Wharf|50/100
|-enditem|p1a: Canary Wharf|Sitrus Berry|[eat]
|-heal|p1a: Canary Wharf|75/100|[from] item: Sitrus Berry
|move|p1a: Canary Wharf|Hyper Voice|p2b: Gholdengo|[spread] p2a,p2b
|-damage|p2a: Maushold|0 fnt
|-damage|p2b: Gholdengo|74/100
|faint|p2a: Maushold
|
|upkeep
|
|t:|1756757634
|switch|p2a: Dragonite|Dragonite, L50, F|100/100
|turn|2
|inactive|archyx has 30 seconds left.
|
|t:|1756757662
|switch|p1a: Syon Lane|Magmar, L50, F|100/100
|-terastallize|p2b: Gholdengo|Water
|move|p1b: Slough|Protect|p1b: Slough
|-singleturn|p1b: Slough|Protect
|move|p2b: Gholdengo|Nasty Plot|p2b: Gholdengo
|-boost|p2b: Gholdengo|spa|2
|move|p2a: Dragonite|Tailwind|p2a: Dragonite
|-sidestart|p2: archyx|move: Tailwind
|
|upkeep
|turn|3
|
|t:|1756757684
|-terastallize|p1b: Slough|Stellar
|move|p1a: Syon Lane|Follow Me|p1a: Syon Lane
|-singleturn|p1a: Syon Lane|move: Follow Me
|move|p2b: Gholdengo|Make It Rain|p1b: Slough|[spread] p1a,p1b
|-resisted|p1a: Syon Lane
|-damage|p1a: Syon Lane|56/100
|-enditem|p1b: Slough|Focus Sash
|-damage|p1b: Slough|1/100
|-unboost|p2b: Gholdengo|spa|1
|-damage|p2b: Gholdengo|64/100|[from] item: Life Orb
|move|p2a: Dragonite|Scale Shot|p1a: Syon Lane
|-damage|p1a: Syon Lane|43/100
|-damage|p1a: Syon Lane|30/100
|-damage|p1a: Syon Lane|19/100
|-crit|p1a: Syon Lane
|-damage|p1a: Syon Lane|2/100
|-hitcount|p1a: Syon Lane|4
|-unboost|p2a: Dragonite|def|1
|-boost|p2a: Dragonite|spe|1
|move|p1b: Slough|Close Combat|p2b: Gholdengo
|-damage|p2b: Gholdengo|0 fnt
|-unboost|p1b: Slough|def|1
|-unboost|p1b: Slough|spd|1
|faint|p2b: Gholdengo
|
|upkeep
|
|t:|1756757708
|switch|p2b: Annihilape|Annihilape, L50, F|100/100
|turn|4
|
|t:|1756757731
|move|p1a: Syon Lane|Follow Me|p1a: Syon Lane
|-singleturn|p1a: Syon Lane|move: Follow Me
|move|p2a: Dragonite|Scale Shot|p1a: Syon Lane|[miss]
|-miss|p2a: Dragonite|p1a: Syon Lane
|move|p2b: Annihilape|Rage Fist|p1a: Syon Lane
|-damage|p1a: Syon Lane|0 fnt
|faint|p1a: Syon Lane
|move|p1b: Slough|Dire Claw|p2b: Annihilape
|-resisted|p2b: Annihilape
|-damage|p2b: Annihilape|71/100
|
|upkeep
|
|t:|1756757741
|switch|p1a: Canary Wharf|Primarina, L50, M|75/100
|turn|5
|
|t:|1756757757
|move|p1b: Slough|Protect|p1b: Slough
|-singleturn|p1b: Slough|Protect
|move|p2a: Dragonite|Scale Shot|p1b: Slough
|-activate|p1b: Slough|move: Protect
|move|p2b: Annihilape|Rage Fist|p1a: Canary Wharf
|-damage|p1a: Canary Wharf|36/100
|move|p1a: Canary Wharf|Haze|p1a: Canary Wharf
|-clearallboost
|
|-sideend|p2: archyx|move: Tailwind
|upkeep
|turn|6
|inactive|hexagonfoot has 30 seconds left.
|
|t:|1756757787
|move|p2b: Annihilape|Protect|p2b: Annihilape
|-singleturn|p2b: Annihilape|Protect
|move|p1a: Canary Wharf|Protect|p1a: Canary Wharf
|-singleturn|p1a: Canary Wharf|Protect
|move|p1b: Slough|Dire Claw|p2a: Dragonite
|-damage|p2a: Dragonite|76/100
|-status|p2a: Dragonite|psn
|move|p2a: Dragonite|Tailwind|p2a: Dragonite
|-sidestart|p2: archyx|move: Tailwind
|
|-damage|p2a: Dragonite|63/100 psn|[from] psn
|upkeep
|turn|7
|inactive|hexagonfoot has 30 seconds left.
|
|t:|1756757818
|move|p2b: Annihilape|Rage Fist|p1a: Canary Wharf
|-damage|p1a: Canary Wharf|0 fnt
|faint|p1a: Canary Wharf
|move|p2a: Dragonite|Scale Shot|p1b: Slough|[miss]
|-miss|p2a: Dragonite|p1b: Slough
|move|p1b: Slough|Dire Claw|p2b: Annihilape
|-resisted|p2b: Annihilape
|-damage|p2b: Annihilape|49/100
|-enditem|p2b: Annihilape|Sitrus Berry|[eat]
|-heal|p2b: Annihilape|74/100|[from] item: Sitrus Berry
|
|-damage|p2a: Dragonite|51/100 psn|[from] psn
|upkeep
|
|t:|1756757824
|switch|p1a: Headstone Lane|Dragapult, L50, M|100/100
|turn|8
|
|t:|1756757844
|move|p2b: Annihilape|Rage Fist|p1a: Headstone Lane
|-supereffective|p1a: Headstone Lane
|-damage|p1a: Headstone Lane|0 fnt
|faint|p1a: Headstone Lane
|move|p2a: Dragonite|Scale Shot|p1b: Slough
|-damage|p1b: Slough|0 fnt
|faint|p1b: Slough
|-hitcount|p1: Slough|1
|
|win|archyx
|raw|hexagonfoot's rating: 1243 → 1214(-29 for losing)
|raw|archyx's rating: 1191 → 1220(+29 for winning)
