|j|☆cesarugamer
|j|☆nickylicky
|html|cesarugamernickylicky    
|uhtml|bestof|Game 1 of a best-of-3
|t:|1782730733
|gametype|doubles
|player|p1|cesarugamer|nate|1028
|player|p2|nickylicky|richboy|1000
|gen|9
|tier|[Gen 9 Champions] VGC 2026 Reg M-B (Bo3)
|rated|
|rule|Species Clause: Limit one of each Pokémon
|rule|Item Clause: Limit 1 of each item
|clearpoke
|poke|p1|Tyranitar, L50, M|
|poke|p1|Excadrill, L50, M|
|poke|p1|Corviknight, L50, F|
|poke|p1|Dragapult, L50, M|
|poke|p1|Kingambit, L50, F|
|poke|p1|Garchomp, L50, F|
|poke|p2|Grimmsnarl, L50, M, shiny|
|poke|p2|Mawile, L50, F|
|poke|p2|Whimsicott, L50, M|
|poke|p2|Floette-Eternal, L50, F|
|poke|p2|Gardevoir, L50, F|
|poke|p2|Sylveon, L50, F|
|teampreview|4
|showteam|p1|Tyranitar||SitrusBerry|SandStream|Crunch,DragonDance,Earthquake,RockSlide|Adamant||M|||50|]Excadrill||ChoiceScarf|SandRush|BrickBreak,Earthquake,IronHead,Protect|Careful||M|||50|]Corviknight||Leftovers|MirrorArmor|BodyPress,BraveBird,BulkUp,IronHead|Careful||F|||50|]Dragapult||FocusSash|ClearBody|DragonClaw,Flamethrower,PhantomForce,SuckerPunch|Adamant||M|||50|]Kingambit||ExpertBelt|SupremeOverlord|KowtowCleave,IronHead,BrickBreak,ShadowClaw|Serious||F|||50|]Garchomp||LifeOrb|RoughSkin|Earthquake,SwordsDance,DragonClaw,RockSlide|Jolly||F|||50|
|showteam|p2|Grimmsnarl||LightClay|Prankster|Reflect,LightScreen,MistyTerrain,PartingShot|Calm||M|||50|]Mawile||Mawilite|HyperCutter|SwordsDance,PlayRough,IronHead,SuckerPunch|Adamant||F|||50|]Whimsicott||FocusSash|Prankster|Tailwind,Encore,DazzlingGleam,SunnyDay|Bold||M|||50|]Floette-Eternal||Floettite|FlowerVeil|CalmMind,DazzlingGleam,Moonblast,SkillSwap|Timid||F|||50|]Gardevoir||Gardevoirite|Trace|HyperVoice,Psychic,DazzlingGleam,MysticalFire|Timid||F|||50|]Sylveon||FairyFeather|Pixilate|CalmMind,HyperVoice,MysticalFire,QuickAttack|Quiet||F|||50|
|inactive|Battle timer is ON: inactive players will automatically lose when time's up. (requested by cesarugamer)
|
|t:|1782730764
|teamsize|p1|4
|teamsize|p2|4
|start
|switch|p1a: Excadrill|Excadrill, L50, M|100/100
|switch|p1b: Corviknight|Corviknight, L50, F|100/100
|switch|p2a: Grimmsnarl|Grimmsnarl, L50, M, shiny|100/100
|switch|p2b: Whimsicott|Whimsicott, L50, M|100/100
|turn|1
|inactive|cesarugamer has 30 seconds left.
|
|t:|1782730795
|move|p2b: Whimsicott|Tailwind|p2b: Whimsicott
|-sidestart|p2: nickylicky|move: Tailwind
|move|p2a: Grimmsnarl|Reflect|p2a: Grimmsnarl
|-sidestart|p2: nickylicky|Reflect
|move|p1a: Excadrill|Iron Head|p2a: Grimmsnarl
|-supereffective|p2a: Grimmsnarl|1
|-damage|p2a: Grimmsnarl|32/100
|move|p1b: Corviknight|Brave Bird|p2b: Whimsicott
|-supereffective|p2b: Whimsicott|1
|-damage|p2b: Whimsicott|52/100
|-damage|p1b: Corviknight|87/100|[from] Recoil
|
|-heal|p1b: Corviknight|93/100|[from] item: Leftovers
|upkeep
|turn|2
|inactive|cesarugamer has 30 seconds left.
|inactive|cesarugamer has 20 seconds left.
|inactive|cesarugamer has 15 seconds left.
|
|t:|1782730836
|switch|p2b: Sylveon|Sylveon, L50, F|100/100
|move|p2a: Grimmsnarl|Parting Shot|p1a: Excadrill
|-unboost|p1a: Excadrill|atk|1
|-unboost|p1a: Excadrill|spa|1
|
|t:|1782730844
|switch|p2a: Floette|Floette-Eternal, L50, F|100/100|[from] Parting Shot
|move|p1a: Excadrill|Iron Head|p2a: Floette
|-supereffective|p2a: Floette|1
|-damage|p2a: Floette|41/100
|move|p1b: Corviknight|Brave Bird|p2b: Sylveon
|-damage|p2b: Sylveon|65/100
|-damage|p1b: Corviknight|81/100|[from] Recoil
|
|-heal|p1b: Corviknight|87/100|[from] item: Leftovers
|upkeep
|turn|3
|
|t:|1782730868
|detailschange|p2a: Floette|Floette-Mega, L50, F
|-mega|p2a: Floette|Floette|Floettite
|-ability|p2a: Floette|Fairy Aura
|move|p2a: Floette|Moonblast|p1a: Excadrill
|-resisted|p1a: Excadrill|1
|-damage|p1a: Excadrill|56/100
|move|p1a: Excadrill|Iron Head|p2a: Floette
|-supereffective|p2a: Floette|1
|-damage|p2a: Floette|0 fnt
|faint|p2a: Floette
|move|p2b: Sylveon|Mystical Fire|p1a: Excadrill
|-supereffective|p1a: Excadrill|1
|-damage|p1a: Excadrill|0 fnt
|faint|p1a: Excadrill
|move|p1b: Corviknight|Bulk Up|p1b: Corviknight
|-boost|p1b: Corviknight|atk|1
|-boost|p1b: Corviknight|def|1
|
|-heal|p1b: Corviknight|93/100|[from] item: Leftovers
|upkeep
|
|t:|1782730891
|switch|p2a: Whimsicott|Whimsicott, L50, M|52/100
|switch|p1a: Dragapult|Dragapult, L50, M|100/100
|turn|4
|
|t:|1782730914
|move|p2a: Whimsicott|Dazzling Gleam|p1a: Dragapult|[spread] p1a,p1b
|-supereffective|p1a: Dragapult|1
|-resisted|p1b: Corviknight|1
|-damage|p1a: Dragapult|56/100
|-damage|p1b: Corviknight|85/100
|move|p1a: Dragapult|Flamethrower|p2a: Whimsicott
|-supereffective|p2a: Whimsicott|1
|-damage|p2a: Whimsicott|2/100
|move|p2b: Sylveon|Hyper Voice|p1a: Dragapult|[spread] p1a,p1b
|-supereffective|p1a: Dragapult|1
|-resisted|p1b: Corviknight|1
|-damage|p1a: Dragapult|0 fnt
|-damage|p1b: Corviknight|63/100
|faint|p1a: Dragapult
|move|p1b: Corviknight|Iron Head|p2b: Sylveon
|-supereffective|p2b: Sylveon|1
|-damage|p2b: Sylveon|1/100
|
|-heal|p1b: Corviknight|69/100|[from] item: Leftovers
|-sideend|p2: nickylicky|move: Tailwind
|upkeep
|
|t:|1782730933
|switch|p1a: Kingambit|Kingambit, L50, F|100/100
|-activate|p1a: Kingambit|ability: Supreme Overlord
|-start|p1a: Kingambit|fallen2|[silent]
|turn|5
|inactive|nickylicky has 30 seconds left.
|
|t:|1782730962
|move|p2a: Whimsicott|Tailwind|p2a: Whimsicott
|-sidestart|p2: nickylicky|move: Tailwind
|move|p2b: Sylveon|Mystical Fire|p1b: Corviknight
|-supereffective|p1b: Corviknight|1
|-damage|p1b: Corviknight|21/100
|-ability|p1b: Corviknight|Mirror Armor
|-unboost|p2b: Sylveon|spa|1
|move|p1b: Corviknight|Iron Head|p2b: Sylveon
|-supereffective|p2b: Sylveon|1
|-damage|p2b: Sylveon|0 fnt
|faint|p2b: Sylveon
|move|p1a: Kingambit|Iron Head|p2a: Whimsicott
|-supereffective|p2a: Whimsicott|1
|-damage|p2a: Whimsicott|0 fnt
|faint|p2a: Whimsicott
|
|-heal|p1b: Corviknight|27/100|[from] item: Leftovers
|upkeep
|
|t:|1782730978
|switch|p2a: Grimmsnarl|Grimmsnarl, L50, M, shiny|32/100
|turn|6
|-message|nickylicky forfeited.
|
|win|cesarugamer
|l|☆nickylicky
|player|p2|
||nickylicky is ready for game 2.
