|j|☆renkinex
|j|☆JuancitoA
|html|renkinexJuancitoA    
|uhtml|bestof|Game 1 of a best-of-3
|t:|1757718997
|gametype|doubles
|player|p1|renkinex|skyla|
|player|p2|JuancitoA|steven|
|gen|9
|tier|[Gen 9] VGC 2025 Reg H (Bo3)
|rule|Species Clause: Limit one of each Pokémon
|rule|Item Clause: Limit 1 of each item
|clearpoke
|poke|p1|Ceruledge, L50, M|
|poke|p1|Gastrodon-East, L50, M|
|poke|p1|Sneasler, L50, M|
|poke|p1|Dragonite, L50, F|
|poke|p1|Rillaboom, L50, F|
|poke|p1|Kingambit, L50, F|
|poke|p2|Ursaluna, L50, F|
|poke|p2|Gholdengo, L50|
|poke|p2|Porygon2, L50|
|poke|p2|Amoonguss, L50, F|
|poke|p2|Incineroar, L50, F|
|poke|p2|Hydreigon, L50, F|
|teampreview|4
|showteam|p1|Ceruledge||Leftovers|FlashFire|BitterBlade,Protect,BulkUp,ShadowSneak|||M|||50|,,,,,Grass]Gastrodon-East||SitrusBerry|StormDrain|EarthPower,Protect,ClearSmog,IceBeam|||M|||50|,,,,,Poison]Sneasler||FocusSash|Unburden|DireClaw,CloseCombat,FakeOut,Coaching|||M|||50|,,,,,Ghost]Dragonite||LoadedDice|Multiscale|ExtremeSpeed,ScaleShot,Protect,LowKick|||F|||50|,,,,,Fairy]Rillaboom||MiracleSeed|GrassySurge|WoodHammer,GrassyGlide,HighHorsepower,FakeOut|||F|||50|,,,,,Fire]Kingambit||AssaultVest|Defiant|KowtowCleave,SuckerPunch,IronHead,TeraBlast|||F|||50|,,,,,Flying
|showteam|p2|Ursaluna||FlameOrb|Guts|HeadlongRush,EarthPower,Facade,Protect|||F|||50|,,,,,Ghost]Gholdengo||MetalCoat|GoodasGold|MakeItRain,ShadowBall,NastyPlot,Protect||||||50|,,,,,Water]Porygon2||Eviolite|Download|TeraBlast,IceBeam,Recover,TrickRoom||||||50|,,,,,Fighting]Amoonguss||CovertCloak|Regenerator|PollenPuff,Spore,RagePowder,Protect|||F|||50|,,,,,Psychic]Incineroar||SitrusBerry|Intimidate|FlareBlitz,KnockOff,PartingShot,FakeOut|||F|||50|,,,,,Ghost]Hydreigon||SafetyGoggles|Levitate|Snarl,DragonPulse,Tailwind,Protect|||F|||50|,,,,,Ghost
|j| LiebesleidVGC
|j| ziriux
|j| The Mighty Tofu
|l| ziriux
|j| pipoqueiroz
|
|t:|1757719103
|teamsize|p1|4
|teamsize|p2|4
|start
|switch|p1a: Sneasler|Sneasler, L50, M|100/100
|switch|p1b: Kingambit|Kingambit, L50, F|100/100
|switch|p2a: Gholdengo|Gholdengo, L50|100/100
|switch|p2b: Porygon2|Porygon2, L50|100/100
|-ability|p2b: Porygon2|Download|boost
|-boost|p2b: Porygon2|spa|1
|turn|1
|
|t:|1757719166
|move|p1a: Sneasler|Fake Out|p2b: Porygon2
|-damage|p2b: Porygon2|93/100
|move|p2a: Gholdengo|Make It Rain|p1a: Sneasler|[spread] p1a,p1b
|-resisted|p1b: Kingambit
|-damage|p1a: Sneasler|26/100
|-damage|p1b: Kingambit|82/100
|-unboost|p2a: Gholdengo|spa|1
|move|p1b: Kingambit|Kowtow Cleave|p2b: Porygon2
|-damage|p2b: Porygon2|64/100
|cant|p2b: Porygon2|flinch
|
|upkeep
|turn|2
|j| ziriux
|
|t:|1757719238
|switch|p2b: Amoonguss|Amoonguss, L50, F|100/100
|move|p1a: Sneasler|Close Combat|p2b: Amoonguss
|-resisted|p2b: Amoonguss
|-damage|p2b: Amoonguss|73/100
|-unboost|p1a: Sneasler|def|1
|-unboost|p1a: Sneasler|spd|1
|move|p2a: Gholdengo|Make It Rain|p1b: Kingambit|[spread] p1a,p1b
|-resisted|p1b: Kingambit
|-damage|p1a: Sneasler|0 fnt
|-damage|p1b: Kingambit|70/100
|-unboost|p2a: Gholdengo|spa|1
|faint|p1a: Sneasler
|move|p1b: Kingambit|Iron Head|p2b: Amoonguss
|-crit|p2b: Amoonguss
|-damage|p2b: Amoonguss|7/100
|
|upkeep
|
|t:|1757719284
|switch|p1a: Ceruledge|Ceruledge, L50, M|100/100
|turn|3
|
|t:|1757719319
|switch|p1b: Rillaboom|Rillaboom, L50, F|100/100
|-fieldstart|move: Grassy Terrain|[from] ability: Grassy Surge|[of] p1b: Rillaboom
|switch|p2b: Porygon2|Porygon2, L50|64/100
|-ability|p2b: Porygon2|Download|boost
|-boost|p2b: Porygon2|spa|1
|-terastallize|p2a: Gholdengo|Water
|-terastallize|p1a: Ceruledge|Grass
|move|p2a: Gholdengo|Nasty Plot|p2a: Gholdengo
|-boost|p2a: Gholdengo|spa|2
|move|p1a: Ceruledge|Bulk Up|p1a: Ceruledge
|-boost|p1a: Ceruledge|atk|1
|-boost|p1a: Ceruledge|def|1
|
|-heal|p2b: Porygon2|70/100|[from] Grassy Terrain
|upkeep
|turn|4
|
|t:|1757719354
|switch|p2b: Amoonguss|Amoonguss, L50, F|40/100
|move|p2a: Gholdengo|Protect|p2a: Gholdengo
|-singleturn|p2a: Gholdengo|Protect
|move|p1b: Rillaboom|Fake Out|p2b: Amoonguss
|-damage|p2b: Amoonguss|26/100
|move|p1a: Ceruledge|Bitter Blade|p2b: Amoonguss
|-supereffective|p2b: Amoonguss
|-damage|p2b: Amoonguss|0 fnt
|faint|p2b: Amoonguss
|
|upkeep
|
|t:|1757719395
|switch|p2b: Porygon2|Porygon2, L50|70/100
|-ability|p2b: Porygon2|Download|boost
|-boost|p2b: Porygon2|spa|1
|turn|5
|
|t:|1757719421
|move|p2a: Gholdengo|Make It Rain|p1b: Rillaboom|[spread] p1a,p1b
|-damage|p1a: Ceruledge|46/100
|-damage|p1b: Rillaboom|32/100
|-unboost|p2a: Gholdengo|spa|1
|move|p1a: Ceruledge|Bitter Blade|p2b: Porygon2
|-damage|p2b: Porygon2|34/100
|-heal|p1a: Ceruledge|65/100|[from] drain|[of] p2b: Porygon2
|move|p1b: Rillaboom|Wood Hammer|p2b: Porygon2
|-damage|p2b: Porygon2|0 fnt
|faint|p2b: Porygon2
|-damage|p1b: Rillaboom|21/100|[from] Recoil
|
|-heal|p1a: Ceruledge|71/100|[from] Grassy Terrain
|-heal|p1a: Ceruledge|77/100|[from] item: Leftovers
|-heal|p1b: Rillaboom|27/100|[from] Grassy Terrain
|upkeep
|
|t:|1757719432
|switch|p2b: Ursaluna|Ursaluna, L50, F|100/100
|turn|6
|
|t:|1757719493
|move|p1b: Rillaboom|Grassy Glide|p2a: Gholdengo
|-supereffective|p2a: Gholdengo
|-damage|p2a: Gholdengo|8/100
|move|p2a: Gholdengo|Make It Rain|p1a: Ceruledge|[spread] p1a,p1b
|-crit|p1a: Ceruledge
|-damage|p1a: Ceruledge|0 fnt
|-damage|p1b: Rillaboom|0 fnt
|-unboost|p2a: Gholdengo|spa|1
|faint|p1a: Ceruledge
|faint|p1b: Rillaboom
|move|p2b: Ursaluna|Facade|p1: Ceruledge|[notarget]
|-fail|p2b: Ursaluna
|
|-heal|p2a: Gholdengo|14/100|[from] Grassy Terrain
|-status|p2b: Ursaluna|brn|[from] item: Flame Orb
|upkeep
|
|t:|1757719512
|switch|p1a: Kingambit|Kingambit, L50, F|70/100
|turn|7
|
|t:|1757719531
|move|p2a: Gholdengo|Make It Rain|p1a: Kingambit
|-resisted|p1a: Kingambit
|-damage|p1a: Kingambit|59/100
|-unboost|p2a: Gholdengo|spa|1
|move|p1a: Kingambit|Kowtow Cleave|p2b: Ursaluna
|-damage|p2b: Ursaluna|65/100 brn
|move|p2b: Ursaluna|Headlong Rush|p1a: Kingambit
|-supereffective|p1a: Kingambit
|-damage|p1a: Kingambit|0 fnt
|-unboost|p2b: Ursaluna|def|1
|-unboost|p2b: Ursaluna|spd|1
|faint|p1a: Kingambit
|
|win|JuancitoA
||renkinex is ready for game 2.
|inactive|JuancitoA has 30 seconds to confirm battle start!
||JuancitoA is ready for game 2.
|uhtml|next|Next: Game 2 of 3
|j| cocoralladoquemado
|j| copicentrovgc
|l| copicentrovgc
|j| ekeif
|l| pipoqueiroz
|j| pipoqueiroz
|l|☆renkinex
|player|p1|
|l| cocoralladoquemado
|l| LiebesleidVGC
|l| ziriux
|l| The Mighty Tofu
