|j|☆hakoryu
|j|☆Someoneofficial
|html|hakoryuSomeoneofficial    
|uhtml|bestof|Game 2 of a best-of-3
|t:|1784926793
|gametype|doubles
|player|p1|hakoryu|valerie|
|player|p2|Someoneofficial|170|
|gen|9
|tier|[Gen 9 Champions] VGC 2026 Reg M-B (Bo3)
|rule|Species Clause: Limit one of each Pokémon
|rule|Item Clause: Limit 1 of each item
|clearpoke
|poke|p1|Kommo-o, L50, F|
|poke|p1|Gyarados, L50, F|
|poke|p1|Sinistcha, L50|
|poke|p1|Banette, L50, F|
|poke|p1|Arcanine-Hisui, L50, F|
|poke|p1|Ninetales-Alola, L50, F|
|poke|p2|Charizard, L50, F, shiny|
|poke|p2|Raichu, L50, F, shiny|
|poke|p2|Sinistcha, L50, shiny|
|poke|p2|Vivillon-Monsoon, L50, F, shiny|
|poke|p2|Basculegion, L50, M, shiny|
|poke|p2|Sneasler, L50, M, shiny|
|teampreview|4
|showteam|p1|Kommo-o||Leftovers|Bulletproof|ClangorousSoul,ClangingScales,Protect,AuraSphere|Modest||F|||50|]Gyarados||Gyaradosite|Intimidate|Waterfall,DragonDance,Protect,Crunch|Adamant||F|||50|]Sinistcha||SitrusBerry|Hospitality|MatchaGotcha,LifeDew,TrickRoom,RagePowder|Quiet|||||50|]Banette||Banettite|Insomnia|Poltergeist,ShadowSneak,Taunt,DestinyBond|Lonely||F|||50|]Arcanine-Hisui||LifeOrb|Intimidate|RockSlide,FlareBlitz,ExtremeSpeed,Protect|Adamant||F|||50|]Ninetales-Alola||LightClay|SnowWarning|FreezeDry,IcyWind,AuroraVeil,Protect|Timid||F|||50|
|showteam|p2|Charizard||CharizarditeX|Blaze|BreakingSwipe,DragonDance,FlareBlitz,Protect|Adamant||F|||50|]Raichu||RaichuniteY|LightningRod|FakeOut,Protect,FocusBlast,ZapCannon|Timid||F|||50|]Sinistcha||ColburBerry|Hospitality|RagePowder,MatchaGotcha,TrickRoom,Imprison|Bold|||||50|]Vivillon-Monsoon||FocusSash|CompoundEyes|Protect,Tailwind,SleepPowder,SunnyDay|Timid||F|||50|]Basculegion||ChoiceScarf|Adaptability|LastRespects,WaveCrash,AquaJet,FlipTurn|Jolly||M|||50|]Sneasler||WhiteHerb|Unburden|Protect,FakeOut,CloseCombat,DireClaw|Adamant||M|||50|
|j| Shitfuckerreturns2
|c| Shitfuckerreturns2|Call me double protect the way I double protect in doubles
|
|t:|1784926840
|teamsize|p1|4
|teamsize|p2|4
|start
|switch|p1a: Kommo-o|Kommo-o, L50, F|100/100
|switch|p1b: Arcanine|Arcanine-Hisui, L50, F|100/100
|switch|p2a: Vivion|Vivillon-Monsoon, L50, F, shiny|100/100
|switch|p2b: Chonka chu|Raichu, L50, F, shiny|100/100
|-ability|p1b: Arcanine|Intimidate|boost
|-unboost|p2a: Vivion|atk|1
|-unboost|p2b: Chonka chu|atk|1
|turn|1
|c| Shitfuckerreturns2|Call me sinistcha the way I be sinister
|
|t:|1784926858
|detailschange|p2b: Chonka chu|Raichu-Mega-Y, L50, F, shiny
|-mega|p2b: Chonka chu|Raichu|Raichunite Y
|move|p2b: Chonka chu|Fake Out|p1a: Kommo-o
|-damage|p1a: Kommo-o|94/100
|move|p2a: Vivion|Sleep Powder|p1b: Arcanine
|-status|p1b: Arcanine|slp|[from] move: Sleep Powder
|cant|p1b: Arcanine|slp
|cant|p1a: Kommo-o|flinch
|
|-heal|p1a: Kommo-o|100/100|[from] item: Leftovers
|upkeep
|turn|2
|
|t:|1784926870
|switch|p1b: Gyarados|Gyarados, L50, F|100/100
|-ability|p1b: Gyarados|Intimidate|boost
|-unboost|p2a: Vivion|atk|1
|-unboost|p2b: Chonka chu|atk|1
|switch|p1a: Sinistcha|Sinistcha, L50|100/100
|move|p2b: Chonka chu|Focus Blast|p1b: Gyarados
|-resisted|p1b: Gyarados|1
|-damage|p1b: Gyarados|81/100
|move|p2a: Vivion|Sleep Powder|p1a: Sinistcha
|-immune|p1a: Sinistcha
|
|upkeep
|turn|3
|c| Shitfuckerreturns2|Cal me sleep the way I sleep
|c| Shitfuckerreturns2|Call me hospitable the way I be sharing my hospitality
|
|t:|1784926894
|switch|p2a: 2slimey|Sneasler, L50, M, shiny|100/100
|switch|p1b: Kommo-o|Kommo-o, L50, F|100/100
|move|p2b: Chonka chu|Zap Cannon|p1a: Sinistcha
|-resisted|p1a: Sinistcha|1
|-damage|p1a: Sinistcha|66/100
|-status|p1a: Sinistcha|par
|move|p1a: Sinistcha|Trick Room|p1a: Sinistcha
|-fieldstart|move: Trick Room|[of] p1a: Sinistcha
|
|upkeep
|turn|4
|
|t:|1784926911
|move|p1a: Sinistcha|Life Dew||[still]|[spread] p1a,p1b
|-heal|p1a: Sinistcha|92/100 par
|-fail|p1b: Kommo-o|heal
|move|p1b: Kommo-o|Clangorous Soul|p1b: Kommo-o
|-boost|p1b: Kommo-o|atk|1
|-boost|p1b: Kommo-o|def|1
|-boost|p1b: Kommo-o|spa|1
|-boost|p1b: Kommo-o|spd|1
|-boost|p1b: Kommo-o|spe|1
|-damage|p1b: Kommo-o|67/100
|move|p2a: 2slimey|Dire Claw|p1b: Kommo-o
|-damage|p1b: Kommo-o|41/100
|move|p2b: Chonka chu|Zap Cannon|p1a: Sinistcha
|-resisted|p1a: Sinistcha|1
|-damage|p1a: Sinistcha|57/100 par
|
|-heal|p1b: Kommo-o|47/100|[from] item: Leftovers
|upkeep
|turn|5
|c| Shitfuckerreturns2|Call me friend guard the way I be using different abilities
|c| Shitfuckerreturns2|call me shield dust
|
|t:|1784926936
|move|p1b: Kommo-o|Protect|p1b: Kommo-o
|-singleturn|p1b: Kommo-o|Protect
|move|p1a: Sinistcha|Life Dew|p1a: Sinistcha|[spread] p1a,p1b
|-heal|p1a: Sinistcha|83/100 par
|-heal|p1b: Kommo-o|72/100
|move|p2a: 2slimey|Dire Claw|p1b: Kommo-o
|-activate|p1b: Kommo-o|move: Protect
|move|p2b: Chonka chu|Zap Cannon|p1a: Sinistcha
|-resisted|p1a: Sinistcha|1
|-damage|p1a: Sinistcha|49/100 par
|-enditem|p1a: Sinistcha|Sitrus Berry|[eat]
|-heal|p1a: Sinistcha|74/100 par|[from] item: Sitrus Berry
|
|-heal|p1b: Kommo-o|77/100|[from] item: Leftovers
|upkeep
|turn|6
|
|t:|1784926951
|switch|p1a: Arcanine|Arcanine-Hisui, L50, F|100/100 slp
|-ability|p1a: Arcanine|Intimidate|boost
|-unboost|p2a: 2slimey|atk|1
|-unboost|p2b: Chonka chu|atk|1
|-enditem|p2a: 2slimey|White Herb
|-clearnegativeboost|p2a: 2slimey|[silent]
|move|p2b: Chonka chu|Zap Cannon|p1a: Arcanine
|-damage|p1a: Arcanine|18/100 slp
|move|p1b: Kommo-o|Aura Sphere|p2b: Chonka chu
|-damage|p2b: Chonka chu|35/100
|move|p2a: 2slimey|Dire Claw|p1a: Arcanine
|-resisted|p1a: Arcanine|1
|-damage|p1a: Arcanine|0 fnt
|-fail|p1a: Arcanine
|faint|p1a: Arcanine
|
|-heal|p1b: Kommo-o|83/100|[from] item: Leftovers
|upkeep
|c| Shitfuckerreturns2|Call me basculegion the way I be giving my last respects
|
|t:|1784926969
|switch|p1a: Gyarados|Gyarados, L50, F|81/100
|-ability|p1a: Gyarados|Intimidate|boost
|-unboost|p2a: 2slimey|atk|1
|-unboost|p2b: Chonka chu|atk|1
|turn|7
|c| Shitfuckerreturns2|call me arcanine the way I be intimidating my opponents
|
|t:|1784926982
|switch|p2b: Bascu|Basculegion, L50, M, shiny|100/100
|detailschange|p1a: Gyarados|Gyarados-Mega, L50, F
|-mega|p1a: Gyarados|Gyarados|Gyaradosite
|-ability|p1a: Gyarados|Mold Breaker
|move|p1a: Gyarados|Crunch|p2b: Bascu
|-supereffective|p2b: Bascu|1
|-damage|p2b: Bascu|0 fnt
|faint|p2b: Bascu
|move|p1b: Kommo-o|Clangorous Soul|p1b: Kommo-o
|-boost|p1b: Kommo-o|atk|1
|-boost|p1b: Kommo-o|def|1
|-boost|p1b: Kommo-o|spa|1
|-boost|p1b: Kommo-o|spd|1
|-boost|p1b: Kommo-o|spe|1
|-damage|p1b: Kommo-o|51/100
|move|p2a: 2slimey|Dire Claw|p1b: Kommo-o
|-crit|p1b: Kommo-o
|-damage|p1b: Kommo-o|0 fnt
|faint|p1b: Kommo-o
|
|-fieldend|move: Trick Room
|upkeep
|c|☆hakoryu|fuck
|c| Shitfuckerreturns2|Call me arcanine hisui the way I be scarfed head smashing
|
|t:|1784927003
|switch|p2b: Chonka chu|Raichu-Mega-Y, L50, F, shiny|35/100
|switch|p1b: Sinistcha|Sinistcha, L50|74/100 par
|-heal|p1a: Gyarados|100/100|[from] ability: Hospitality|[of] p1b: Sinistcha
|turn|8
|c| Shitfuckerreturns2|Call me matcha the way I be green
|
|t:|1784927026
|move|p1b: Sinistcha|Rage Powder|p1b: Sinistcha
|-singleturn|p1b: Sinistcha|move: Rage Powder
|move|p2a: 2slimey|Dire Claw|p1b: Sinistcha
|-damage|p1b: Sinistcha|50/100y par
|-fail|p1b: Sinistcha|par
|move|p2b: Chonka chu|Zap Cannon|p1b: Sinistcha
|-resisted|p1b: Sinistcha|1
|-damage|p1b: Sinistcha|16/100 par
|move|p1a: Gyarados|Crunch|p2b: Chonka chu
|-damage|p2b: Chonka chu|0 fnt
|faint|p2b: Chonka chu
|
|upkeep
|c| Shitfuckerreturns2|he is green because he can be placed fhere
|
|t:|1784927035
|switch|p2b: Vivion|Vivillon-Monsoon, L50, F, shiny|100/100
|turn|9
|
|t:|1784927044
|move|p1b: Sinistcha|Rage Powder|p1b: Sinistcha
|-singleturn|p1b: Sinistcha|move: Rage Powder
|move|p2a: 2slimey|Dire Claw|p1b: Sinistcha
|-damage|p1b: Sinistcha|0 fnt
|-fail|p1b: Sinistcha|par
|faint|p1b: Sinistcha
|move|p2b: Vivion|Sleep Powder|p1a: Gyarados
|-status|p1a: Gyarados|slp|[from] move: Sleep Powder
|cant|p1a: Gyarados|slp
|
|upkeep
|turn|10
|
|t:|1784927056
|move|p2a: 2slimey|Dire Claw|p1a: Gyarados
|-damage|p1a: Gyarados|72/100 slp
|move|p2b: Vivion|Tailwind|p2b: Vivion
|-sidestart|p2: Someoneofficial|move: Tailwind
|cant|p1a: Gyarados|slp
|
|upkeep
|turn|11
|c| Shitfuckerreturns2|Call me gen 9 sleep clause the way I be staying awake
|
|t:|1784927071
|move|p2a: 2slimey|Protect|p2a: 2slimey
|-singleturn|p2a: 2slimey|Protect
|move|p2b: Vivion|Protect|p2b: Vivion
|-singleturn|p2b: Vivion|Protect
|-curestatus|p1a: Gyarados|slp|[msg]
|move|p1a: Gyarados|Waterfall|p2a: 2slimey
|-activate|p2a: 2slimey|move: Protect
|
|upkeep
|turn|12
|
|t:|1784927083
|move|p2a: 2slimey|Close Combat|p1a: Gyarados
|-supereffective|p1a: Gyarados|1
|-damage|p1a: Gyarados|0 fnt
|-unboost|p2a: 2slimey|def|1
|-unboost|p2a: 2slimey|spd|1
|faint|p1a: Gyarados
|
|win|Someoneofficial
||hakoryu is ready for game 3.
||Someoneofficial is ready for game 3.
|uhtml|next|Next: Game 3 of 3
|j| HEROBREIN9
|j| guxueprimalblade
|l| guxueprimalblade
