|j|☆CavaliereIsSoPeak
|j|☆dialghite
|html|CavaliereIsSoPeakdialghite    
|uhtml|bestof|Game 2 of a best-of-3
|t:|1756925489
|gametype|doubles
|player|p1|CavaliereIsSoPeak|gambler|
|player|p2|dialghite|volkner|
|gen|9
|tier|[Gen 9] VGC 2025 Reg H (Bo3)
|rule|Species Clause: Limit one of each Pokémon
|rule|Item Clause: Limit 1 of each item
|clearpoke
|poke|p1|Volcarona, L50, M|
|poke|p1|Basculegion, L50, M|
|poke|p1|Sneasler, L50, F|
|poke|p1|Dragonite, L50, M|
|poke|p1|Ursaluna-Bloodmoon, L50, M|
|poke|p1|Whimsicott, L50, F|
|poke|p2|Whimsicott, L50, M|
|poke|p2|Corviknight, L50, F|
|poke|p2|Indeedee, L50, M|
|poke|p2|Sneasler, L50, M|
|poke|p2|Ursaluna-Bloodmoon, L50, M|
|poke|p2|Archaludon, L50, F|
|teampreview|4
|showteam|p1|Volcarona||SitrusBerry|FlameBody|HeatWave,TeraBlast,QuiverDance,Protect|||M|||50|,,,,,Fairy]Basculegion||ChoiceBand|Adaptability|WaveCrash,FlipTurn,AquaJet,LastRespects|||M|||50|,,,,,Water]Sneasler||FocusSash|Unburden|DireClaw,CloseCombat,ThroatChop,Protect|||F|||50|,,,,,Dark]Dragonite||LoadedDice|Multiscale|ScaleShot,ExtremeSpeed,Haze,Protect|||M|||50|,,,,,Steel]Ursaluna-Bloodmoon||LifeOrb|MindsEye|BloodMoon,HyperVoice,EarthPower,Protect|||M|||50|,,,,,Normal]Whimsicott||CovertCloak|Prankster|Moonblast,Tailwind,Encore,Taunt|||F|||50|,,,,,Poison
|showteam|p2|Whimsicott||CovertCloak|Prankster|Moonblast,Taunt,Tailwind,FakeTears|||M|||50|,,,,,Water]Corviknight||Leftovers|MirrorArmor|BraveBird,BulkUp,Tailwind,Roost|||F|||50|,,,,,Dragon]Indeedee||FocusSash|PsychicSurge|ExpandingForce,TeraBlast,Imprison,TrickRoom|||M|||50|,,,,,Psychic]Sneasler||PsychicSeed|Unburden|CloseCombat,DireClaw,ThroatChop,Protect|||M|||50|,,,,,Dark]Ursaluna-Bloodmoon||LifeOrb|MindsEye|HyperVoice,BloodMoon,EarthPower,Protect|||M|||50|,,,,,Normal]Archaludon||PowerHerb|Stalwart|ElectroShot,DragonPulse,Thunderbolt,Protect|||F|||50|,,,,,Electric
|inactive|Battle timer is ON: inactive players will automatically lose when time's up. (requested by dialghite)
|
|t:|1756925518
|teamsize|p1|4
|teamsize|p2|4
|start
|switch|p1a: Ventus|Dragonite, L50, M|100/100
|switch|p1b: Mary|Whimsicott, L50, F|100/100
|switch|p2a: Indeedee|Indeedee, L50, M|100/100
|switch|p2b: Sneasler|Sneasler, L50, M|100/100
|-fieldstart|move: Psychic Terrain|[from] ability: Psychic Surge|[of] p2a: Indeedee
|-enditem|p2b: Sneasler|Psychic Seed
|-boost|p2b: Sneasler|spd|1|[from] item: Psychic Seed
|turn|1
|
|t:|1756925531
|switch|p2a: Whimsicott|Whimsicott, L50, M|100/100
|-terastallize|p1a: Ventus|Steel
|move|p1b: Mary|Tailwind|p1b: Mary
|-sidestart|p1: CavaliereIsSoPeak|move: Tailwind
|move|p2b: Sneasler|Dire Claw|p1a: Ventus
|-immune|p1a: Ventus
|move|p1a: Ventus|Scale Shot|p2a: Whimsicott
|-immune|p2a: Whimsicott
|
|upkeep
|turn|2
|
|t:|1756925553
|move|p2b: Sneasler|Protect|p2b: Sneasler
|-singleturn|p2b: Sneasler|Protect
|move|p1b: Mary|Moonblast|p2a: Whimsicott
|-damage|p2a: Whimsicott|64/100
|move|p1a: Ventus|Scale Shot|p2b: Sneasler
|-activate|p2b: Sneasler|move: Protect
|move|p2a: Whimsicott|Moonblast|p1a: Ventus
|-resisted|p1a: Ventus
|-damage|p1a: Ventus|93/100
|
|upkeep
|turn|3
|
|t:|1756925564
|switch|p1a: Dante|Volcarona, L50, M|100/100
|move|p2a: Whimsicott|Tailwind|p2a: Whimsicott
|-sidestart|p2: dialghite|move: Tailwind
|move|p2b: Sneasler|Close Combat|p1a: Dante
|-resisted|p1a: Dante
|-damage|p1a: Dante|60/100
|-unboost|p2b: Sneasler|def|1
|-unboost|p2b: Sneasler|spd|1
|move|p1b: Mary|Moonblast|p2a: Whimsicott
|-damage|p2a: Whimsicott|29/100
|
|upkeep
|turn|4
|inactive|CavaliereIsSoPeak has 30 seconds left.
|
|t:|1756925590
|switch|p2a: Indeedee|Indeedee, L50, M|100/100
|switch|p1b: Ventus|Dragonite, L50, M, tera:Steel|93/100
|move|p2b: Sneasler|Dire Claw|p1b: Ventus
|-immune|p1b: Ventus
|move|p1a: Dante|Heat Wave|p2b: Sneasler|[spread] p2a,p2b
|-crit|p2a: Indeedee
|-damage|p2a: Indeedee|29/100
|-damage|p2b: Sneasler|56/100
|
|-sideend|p1: CavaliereIsSoPeak|move: Tailwind
|upkeep
|turn|5
|
|t:|1756925615
|-terastallize|p2a: Indeedee|Psychic
|move|p1b: Ventus|Protect|p1b: Ventus
|-singleturn|p1b: Ventus|Protect
|move|p2b: Sneasler|Close Combat|p1b: Ventus
|-activate|p1b: Ventus|move: Protect
|move|p2a: Indeedee|Expanding Force|p1b: Ventus|[spread] p1a
|-activate|p1b: Ventus|move: Protect
|-damage|p1a: Dante|0 fnt
|faint|p1a: Dante
|
|-fieldend|move: Psychic Terrain
|upkeep
|
|t:|1756925630
|switch|p1a: D'oro|Sneasler, L50, F|100/100
|turn|6
|
|t:|1756925641
|switch|p2a: Ursaluna|Ursaluna-Bloodmoon, L50, M|100/100
|move|p2b: Sneasler|Protect|p2b: Sneasler
|-singleturn|p2b: Sneasler|Protect
|move|p1b: Ventus|Extreme Speed|p2a: Ursaluna
|-damage|p2a: Ursaluna|74/100
|move|p1a: D'oro|Dire Claw|p2b: Sneasler
|-activate|p2b: Sneasler|move: Protect
|
|-sideend|p2: dialghite|move: Tailwind
|upkeep
|turn|7
|
|t:|1756925657
|switch|p1b: Mary|Whimsicott, L50, F|100/100
|move|p2b: Sneasler|Dire Claw|p1a: D'oro
|-resisted|p1a: D'oro
|-damage|p1a: D'oro|66/100
|move|p1a: D'oro|Dire Claw|p2b: Sneasler
|-resisted|p2b: Sneasler
|-damage|p2b: Sneasler|1/100
|move|p2a: Ursaluna|Earth Power|p1a: D'oro
|-supereffective|p1a: D'oro
|-damage|p1a: D'oro|0 fnt
|faint|p1a: D'oro
|-damage|p2a: Ursaluna|65/100|[from] item: Life Orb
|
|upkeep
|
|t:|1756925661
|switch|p1a: Ventus|Dragonite, L50, M, tera:Steel|93/100
|turn|8
|
|t:|1756925680
|switch|p2a: Indeedee|Indeedee, L50, M, tera:Psychic|29/100
|-fieldstart|move: Psychic Terrain|[from] ability: Psychic Surge|[of] p2a: Indeedee
|move|p1b: Mary|Tailwind|p1b: Mary
|-sidestart|p1: CavaliereIsSoPeak|move: Tailwind
|move|p2b: Sneasler|Dire Claw|p1b: Mary
|-supereffective|p1b: Mary
|-damage|p1b: Mary|0 fnt
|faint|p1b: Mary
|move|p1a: Ventus|Scale Shot|p2a: Indeedee
|-damage|p2a: Indeedee|0 fnt
|faint|p2a: Indeedee
|-hitcount|p2: Indeedee|1
|-unboost|p1a: Ventus|def|1
|-boost|p1a: Ventus|spe|1
|
|upkeep
|
|t:|1756925685
|switch|p2a: Ursaluna|Ursaluna-Bloodmoon, L50, M|65/100
|turn|9
|
|t:|1756925706
|move|p1a: Ventus|Scale Shot|p2a: Ursaluna
|-damage|p2a: Ursaluna|51/100
|-damage|p2a: Ursaluna|39/100
|-damage|p2a: Ursaluna|27/100
|-damage|p2a: Ursaluna|14/100
|-damage|p2a: Ursaluna|2/100
|-hitcount|p2a: Ursaluna|5
|-unboost|p1a: Ventus|def|1
|-boost|p1a: Ventus|spe|1
|move|p2b: Sneasler|Close Combat|p1a: Ventus
|-supereffective|p1a: Ventus
|-damage|p1a: Ventus|0 fnt
|-unboost|p2b: Sneasler|def|1
|-unboost|p2b: Sneasler|spd|1
|faint|p1a: Ventus
|
|win|dialghite
