|j|☆sky yeh
|j|☆aaroncito4
|html|sky yehaaroncito4    
|uhtml|bestof|Game 3 of a best-of-3
|t:|1782209919
|gametype|doubles
|player|p1|sky yeh|perrin|1196
|player|p2|aaroncito4|roughneck-gen4|1086
|gen|9
|tier|[Gen 9 Champions] VGC 2026 Reg M-B (Bo3)
|rated|
|rule|Species Clause: Limit one of each Pokémon
|rule|Item Clause: Limit 1 of each item
|clearpoke
|poke|p1|Staraptor, L50, M, shiny|
|poke|p1|Charizard, L50, M, shiny|
|poke|p1|Grimmsnarl, L50, M, shiny|
|poke|p1|Sinistcha-Masterpiece, L50, shiny|
|poke|p1|Garchomp, L50, M, shiny|
|poke|p1|Gholdengo, L50|
|poke|p2|Garchomp, L50, M|
|poke|p2|Kingambit, L50, F|
|poke|p2|Charizard, L50, M|
|poke|p2|Aerodactyl, L50, F|
|poke|p2|Sylveon, L50, F|
|poke|p2|Farigiraf, L50, F|
|teampreview|4
|showteam|p1|Staraptor||Staraptite|Intimidate|BraveBird,CloseCombat,Roost,Protect|Adamant||M|||50|]Charizard||CharizarditeY|Blaze|WeatherBall,HeatWave,SolarBeam,Protect|Modest||M|||50|]Grimmsnarl||LightClay|Prankster|SpiritBreak,LightScreen,Reflect,PartingShot|Careful||M|||50|]Sinistcha-Masterpiece||CobaBerry|Hospitality|MatchaGotcha,StrengthSap,RagePowder,TrickRoom|Calm|||||50|]Garchomp||LifeOrb|RoughSkin|Earthquake,DragonClaw,RockSlide,Protect|Adamant||M|||50|]Gholdengo||Leftovers|GoodasGold|MakeItRain,ShadowBall,NastyPlot,Protect|Modest|||||50|
|showteam|p2|Garchomp||LifeOrb|RoughSkin|Earthquake,StompingTantrum,RockSlide,DragonClaw|Jolly||M|||50|]Kingambit||FocusSash|Defiant|KowtowCleave,SuckerPunch,LowKick,IronHead|Adamant||F|||50|]Charizard||CharizarditeY|Blaze|HeatWave,WeatherBall,SolarBeam,Protect|Modest||M|||50|]Aerodactyl||Aerodactylite|Pressure|RockSlide,DualWingbeat,IceFang,Tailwind|Jolly||F|||50|]Sylveon||FairyFeather|Pixilate|HyperBeam,HyperVoice,Detect,QuickAttack|Modest||F|||50|]Farigiraf||SitrusBerry|ArmorTail|Psychic,Thunderbolt,TrickRoom,HyperVoice|Bold||F|||50|
|inactive|Battle timer is ON: inactive players will automatically lose when time's up. (requested by sky yeh)
|inactive|aaroncito4 has 60 seconds left.
|
|t:|1782209975
|teamsize|p1|4
|teamsize|p2|4
|start
|switch|p1a: Staraptor|Staraptor, L50, M, shiny|100/100
|switch|p1b: Grimmsnarl|Grimmsnarl, L50, M, shiny|100/100
|switch|p2a: Aerodactyl|Aerodactyl, L50, F|100/100
|switch|p2b: Farigiraf|Farigiraf, L50, F|100/100
|-ability|p2a: Aerodactyl|Pressure
|-ability|p1a: Staraptor|Intimidate|boost
|-unboost|p2a: Aerodactyl|atk|1
|-unboost|p2b: Farigiraf|atk|1
|turn|1
|inactive|sky yeh has 30 seconds left.
|inactive|aaroncito4 has 30 seconds left.
|
|t:|1782210004
|switch|p1a: Gholdengo|Gholdengo, L50|100/100
|switch|p2b: Garchomp|Garchomp, L50, M|100/100
|detailschange|p2a: Aerodactyl|Aerodactyl-Mega, L50, F
|-mega|p2a: Aerodactyl|Aerodactyl|Aerodactylite
|move|p1b: Grimmsnarl|Light Screen|p1b: Grimmsnarl
|-sidestart|p1: sky yeh|move: Light Screen
|move|p2a: Aerodactyl|Tailwind|p2a: Aerodactyl
|-sidestart|p2: aaroncito4|move: Tailwind
|
|upkeep
|turn|2
|
|t:|1782210028
|switch|p2a: Farigiraf|Farigiraf, L50, F|100/100
|move|p1a: Gholdengo|Protect|p1a: Gholdengo
|-singleturn|p1a: Gholdengo|Protect
|move|p1b: Grimmsnarl|Reflect|p1b: Grimmsnarl
|-sidestart|p1: sky yeh|Reflect
|move|p2b: Garchomp|Rock Slide|p1b: Grimmsnarl|[spread] p1b
|-activate|p1a: Gholdengo|move: Protect
|-damage|p1b: Grimmsnarl|84/100
|-damage|p2b: Garchomp|90/100|[from] item: Life Orb
|
|upkeep
|turn|3
|inactive|sky yeh has 30 seconds left.
|inactive|sky yeh has 20 seconds left.
|inactive|sky yeh has 15 seconds left.
|
|t:|1782210072
|switch|p2a: Aerodactyl|Aerodactyl-Mega, L50, F|100/100
|move|p2b: Garchomp|Earthquake|p1b: Grimmsnarl|[spread] p1a,p1b
|-immune|p2a: Aerodactyl
|-supereffective|p1a: Gholdengo|1
|-damage|p1a: Gholdengo|42/100
|-damage|p1b: Grimmsnarl|50/100y
|-damage|p2b: Garchomp|80/100|[from] item: Life Orb
|move|p1a: Gholdengo|Nasty Plot|p1a: Gholdengo
|-boost|p1a: Gholdengo|spa|2
|move|p1b: Grimmsnarl|Spirit Break|p2a: Aerodactyl
|-crit|p2a: Aerodactyl
|-damage|p2a: Aerodactyl|43/100
|-unboost|p2a: Aerodactyl|spa|1
|
|-heal|p1a: Gholdengo|48/100|[from] item: Leftovers
|upkeep
|turn|4
|inactive|aaroncito4 has 30 seconds left.
|
|t:|1782210104
|move|p1a: Gholdengo|Protect|p1a: Gholdengo
|-singleturn|p1a: Gholdengo|Protect
|move|p2a: Aerodactyl|Rock Slide|p1a: Gholdengo|[spread] p1b
|-activate|p1a: Gholdengo|move: Protect
|-damage|p1b: Grimmsnarl|32/100
|move|p2b: Garchomp|Rock Slide|p1b: Grimmsnarl|[spread] p1b
|-activate|p1a: Gholdengo|move: Protect
|-damage|p1b: Grimmsnarl|16/100
|-damage|p2b: Garchomp|71/100|[from] item: Life Orb
|cant|p1b: Grimmsnarl|flinch
|
|-heal|p1a: Gholdengo|54/100|[from] item: Leftovers
|-sideend|p2: aaroncito4|move: Tailwind
|upkeep
|turn|5
|
|t:|1782210124
|move|p1b: Grimmsnarl|Parting Shot|p2b: Garchomp
|-unboost|p2b: Garchomp|atk|1
|-unboost|p2b: Garchomp|spa|1
|
|t:|1782210126
|switch|p1b: Staraptor|Staraptor, L50, M, shiny|100/100|[from] Parting Shot
|-ability|p1b: Staraptor|Intimidate|boost
|-unboost|p2a: Aerodactyl|atk|1
|-unboost|p2b: Garchomp|atk|1
|move|p2a: Aerodactyl|Rock Slide|p1b: Staraptor|[spread] p1a,p1b
|-resisted|p1a: Gholdengo|1
|-supereffective|p1b: Staraptor|1
|-damage|p1a: Gholdengo|48/100
|-damage|p1b: Staraptor|66/100
|move|p2b: Garchomp|Earthquake|p1b: Staraptor|[spread] p1a
|-immune|p2a: Aerodactyl
|-immune|p1b: Staraptor
|-supereffective|p1a: Gholdengo|1
|-damage|p1a: Gholdengo|21/100
|-damage|p2b: Garchomp|61/100|[from] item: Life Orb
|move|p1a: Gholdengo|Make It Rain|p2b: Garchomp|[spread] p2a,p2b
|-supereffective|p2a: Aerodactyl|1
|-damage|p2a: Aerodactyl|0 fnt
|-damage|p2b: Garchomp|0 fnt
|-unboost|p1a: Gholdengo|spa|2
|faint|p2a: Aerodactyl
|faint|p2b: Garchomp
|
|-heal|p1a: Gholdengo|27/100|[from] item: Leftovers
|upkeep
|inactive|aaroncito4 has 30 seconds left.
|
|t:|1782210153
|switch|p2a: Kingambit|Kingambit, L50, F|100/100
|switch|p2b: Farigiraf|Farigiraf, L50, F|100/100
|turn|6
|inactive|sky yeh has 30 seconds left.
|inactive|aaroncito4 has 30 seconds left.
|
|t:|1782210181
|switch|p1a: Grimmsnarl|Grimmsnarl, L50, M, shiny|16/100
|move|p1b: Staraptor|Roost|p1b: Staraptor
|-heal|p1b: Staraptor|100/100
|-singleturn|p1b: Staraptor|move: Roost
|move|p2a: Kingambit|Iron Head|p1b: Staraptor
|-crit|p1b: Staraptor
|-damage|p1b: Staraptor|12/100
|move|p2b: Farigiraf|Trick Room|p2b: Farigiraf
|-fieldstart|move: Trick Room|[of] p2b: Farigiraf
|
|upkeep
|turn|7
|inactive|sky yeh has 30 seconds left.
|
|t:|1782210211
|detailschange|p1b: Staraptor|Staraptor-Mega, L50, M, shiny
|-mega|p1b: Staraptor|Staraptor|Staraptite
|move|p2b: Farigiraf|Thunderbolt|p1a: Grimmsnarl
|-damage|p1a: Grimmsnarl|1/100
|move|p1a: Grimmsnarl|Spirit Break|p2b: Farigiraf
|-damage|p2b: Farigiraf|72/100
|-unboost|p2b: Farigiraf|spa|1
|move|p2a: Kingambit|Kowtow Cleave|p1b: Staraptor
|-resisted|p1b: Staraptor|1
|-damage|p1b: Staraptor|0 fnt
|faint|p1b: Staraptor
|
|upkeep
|
|t:|1782210221
|switch|p1b: Garchomp|Garchomp, L50, M, shiny|100/100
|turn|8
|
|t:|1782210241
|move|p1a: Grimmsnarl|Spirit Break|p2b: Farigiraf
|-damage|p2b: Farigiraf|46/100
|-unboost|p2b: Farigiraf|spa|1
|-enditem|p2b: Farigiraf|Sitrus Berry|[eat]
|-heal|p2b: Farigiraf|71/100|[from] item: Sitrus Berry
|move|p2b: Farigiraf|Hyper Voice|p1a: Grimmsnarl|[spread] p1a,p1b
|-damage|p1a: Grimmsnarl|0 fnt
|-damage|p1b: Garchomp|90/100
|faint|p1a: Grimmsnarl
|move|p2a: Kingambit|Iron Head|p1b: Garchomp
|-damage|p1b: Garchomp|66/100
|-damage|p2a: Kingambit|87/100|[from] ability: Rough Skin|[of] p1b: Garchomp
|move|p1b: Garchomp|Earthquake|p2a: Kingambit|[spread] p2a,p2b
|-supereffective|p2a: Kingambit|1
|-crit|p2a: Kingambit
|-damage|p2a: Kingambit|0 fnt
|-damage|p2b: Farigiraf|27/100
|faint|p2a: Kingambit
|-damage|p1b: Garchomp|56/100|[from] item: Life Orb
|
|-sideend|p1: sky yeh|move: Light Screen
|upkeep
|
|t:|1782210257
|switch|p1a: Gholdengo|Gholdengo, L50|27/100
|turn|9
|
|t:|1782210268
|move|p2b: Farigiraf|Psychic|p1a: Gholdengo
|-resisted|p1a: Gholdengo|1
|-damage|p1a: Gholdengo|18/100
|move|p1a: Gholdengo|Make It Rain|p2b: Farigiraf
|-damage|p2b: Farigiraf|0 fnt
|-unboost|p1a: Gholdengo|spa|2
|faint|p2b: Farigiraf
|
|win|sky yeh
|raw|sky yeh's rating: 1196 → 1213(+17 for winning)
|raw|aaroncito4's rating: 1086 → 1070(-16 for losing)
|l|☆aaroncito4
|player|p2|
