|j|☆Prepucio Santos
|j|☆AnnoyingFish
|html|Prepucio SantosAnnoyingFish    
|uhtml|bestof|Game 3 of a best-of-3
|t:|1784312387
|gametype|doubles
|player|p1|Prepucio Santos|striker|1244
|player|p2|AnnoyingFish|preschooler|1210
|gen|9
|tier|[Gen 9 Champions] VGC 2026 Reg M-B (Bo3)
|rated|
|rule|Species Clause: Limit one of each Pokémon
|rule|Item Clause: Limit 1 of each item
|clearpoke
|poke|p1|Incineroar, L50, M|
|poke|p1|Sinistcha-Masterpiece, L50, shiny|
|poke|p1|Floette-Eternal, L50, F|
|poke|p1|Kingambit, L50, M|
|poke|p1|Sneasler, L50, F|
|poke|p1|Delphox, L50, F, shiny|
|poke|p2|Garchomp, L50, F|
|poke|p2|Venusaur, L50, M|
|poke|p2|Incineroar, L50, F|
|poke|p2|Charizard, L50, M|
|poke|p2|Toxapex, L50, F|
|poke|p2|Annihilape, L50, M|
|teampreview|4
|showteam|p1|Incineroar||SitrusBerry|Intimidate|FakeOut,PartingShot,ThroatChop,FlareBlitz|Careful||M|||50|]Sinistcha-Masterpiece||KasibBerry|Hospitality|MatchaGotcha,LifeDew,RagePowder,TrickRoom|Bold|||||50|]Floette-Eternal||Floettite|FlowerVeil|Moonblast,DazzlingGleam,CalmMind,Protect|Modest||F|||50|]Kingambit||BlackGlasses|Defiant|KowtowCleave,SuckerPunch,SwordsDance,Protect|Adamant||M|||50|]Sneasler||FocusSash|PoisonTouch|FakeOut,CloseCombat,DireClaw,QuickGuard|Jolly||F|||50|]Delphox||Delphoxite|Blaze|HeatWave,Psyshock,NastyPlot,Protect|Timid||F|||50|
|showteam|p2|Garchomp||ChoiceScarf|RoughSkin|Earthquake,RockSlide,DragonClaw,StompingTantrum|Adamant||F|||50|]Venusaur||LifeOrb|Chlorophyll|SludgeBomb,SolarBeam,EarthPower,Protect|Modest||M|||50|]Incineroar||SitrusBerry|Intimidate|FakeOut,FlareBlitz,ThroatChop,PartingShot|Impish||F|||50|]Charizard||CharizarditeY|Blaze|HeatWave,WeatherBall,Protect,HelpingHand|Modest||M|||50|]Toxapex||Leftovers|Regenerator|Infestation,Toxic,WideGuard,BanefulBunker|Impish||F|||50|]Annihilape||FocusSash|Defiant|CloseCombat,PhantomForce,RockTomb,Protect|Jolly||M|||50|
|inactive|Battle timer is ON: inactive players will automatically lose when time's up. (requested by Prepucio Santos)
|inactive|AnnoyingFish has 60 seconds left.
|
|t:|1784312465
|teamsize|p1|4
|teamsize|p2|4
|start
|switch|p1a: Sneasler|Sneasler, L50, F|100/100
|switch|p1b: Delphox|Delphox, L50, F, shiny|100/100
|switch|p2a: Incineroar|Incineroar, L50, F|100/100
|switch|p2b: Annihilape|Annihilape, L50, M|100/100
|-ability|p2a: Incineroar|Intimidate|boost
|-unboost|p1a: Sneasler|atk|1
|-unboost|p1b: Delphox|atk|1
|turn|1
|inactive|AnnoyingFish has 30 seconds left.
|inactive|Prepucio Santos has 30 seconds left.
|
|t:|1784312496
|detailschange|p1b: Delphox|Delphox-Mega, L50, F, shiny
|-mega|p1b: Delphox|Delphox|Delphoxite
|move|p1a: Sneasler|Fake Out|p2a: Incineroar
|-damage|p2a: Incineroar|92/100
|cant|p2a: Incineroar|flinch
|move|p1b: Delphox|Psyshock|p2b: Annihilape
|-supereffective|p2b: Annihilape|1
|-enditem|p2b: Annihilape|Focus Sash
|-damage|p2b: Annihilape|1/100
|move|p2b: Annihilape|Phantom Force||[still]
|-prepare|p2b: Annihilape|Phantom Force
|
|upkeep
|turn|2
|
|t:|1784312512
|switch|p1b: Incineroar|Incineroar, L50, M|100/100
|-ability|p1b: Incineroar|Intimidate|boost
|-unboost|p2a: Incineroar|atk|1
|-unboost|p2b: Annihilape|atk|1
|-ability|p2b: Annihilape|Defiant|boost
|-boost|p2b: Annihilape|atk|2
|move|p1a: Sneasler|Close Combat|p2a: Incineroar
|-supereffective|p2a: Incineroar|1
|-damage|p2a: Incineroar|24/100
|-unboost|p1a: Sneasler|def|1
|-unboost|p1a: Sneasler|spd|1
|-enditem|p2a: Incineroar|Sitrus Berry|[eat]
|-heal|p2a: Incineroar|49/100|[from] item: Sitrus Berry
|move|p2b: Annihilape|Phantom Force|p1b: Incineroar|[from] lockedmove
|-resisted|p1b: Incineroar|1
|-crit|p1b: Incineroar
|-damage|p1b: Incineroar|57/100
|move|p2a: Incineroar|Flare Blitz|p1b: Incineroar
|-resisted|p1b: Incineroar|1
|-damage|p1b: Incineroar|42/100
|-enditem|p1b: Incineroar|Sitrus Berry|[eat]
|-heal|p1b: Incineroar|67/100|[from] item: Sitrus Berry
|-damage|p2a: Incineroar|44/100|[from] Recoil
|
|upkeep
|turn|3
|inactive|AnnoyingFish has 30 seconds left.
|
|t:|1784312541
|switch|p2b: Charizard|Charizard, L50, M|100/100
|switch|p2a: Garchomp|Garchomp, L50, F|100/100
|move|p1a: Sneasler|Dire Claw|p2b: Charizard
|-damage|p2b: Charizard|71/100
|-status|p2b: Charizard|psn
|move|p1b: Incineroar|Parting Shot|p2a: Garchomp
|-unboost|p2a: Garchomp|atk|1
|-unboost|p2a: Garchomp|spa|1
|
|t:|1784312552
|switch|p1b: Delphox|Delphox-Mega, L50, F, shiny|100/100|[from] Parting Shot
|
|-damage|p2b: Charizard|59/100 psn|[from] psn
|upkeep
|turn|4
|
|t:|1784312571
|switch|p1a: Incineroar|Incineroar, L50, M|67/100
|-ability|p1a: Incineroar|Intimidate|boost
|-unboost|p2a: Garchomp|atk|1
|-unboost|p2b: Charizard|atk|1
|detailschange|p2b: Charizard|Charizard-Mega-Y, L50, M
|-mega|p2b: Charizard|Charizard|Charizardite Y
|-weather|SunnyDay|[from] ability: Drought|[of] p2b: Charizard
|move|p2a: Garchomp|Rock Slide|p1b: Delphox|[spread] p1a,p1b
|-supereffective|p1a: Incineroar|1
|-supereffective|p1b: Delphox|1
|-damage|p1a: Incineroar|47/100
|-damage|p1b: Delphox|69/100
|move|p1b: Delphox|Nasty Plot|p1b: Delphox
|-boost|p1b: Delphox|spa|2
|move|p2b: Charizard|Heat Wave|p1a: Incineroar|[spread] p1a
|-miss|p2b: Charizard|p1b: Delphox
|-resisted|p1a: Incineroar|1
|-damage|p1a: Incineroar|25/100
|
|-weather|SunnyDay|[upkeep]
|-damage|p2b: Charizard|46/100 psn|[from] psn
|upkeep
|turn|5
|inactive|AnnoyingFish has 30 seconds left.
|
|t:|1784312600
|switch|p2a: Annihilape|Annihilape, L50, M|1/100
|move|p2b: Charizard|Protect|p2b: Charizard
|-singleturn|p2b: Charizard|Protect
|move|p1a: Incineroar|Fake Out|p2a: Annihilape
|-immune|p2a: Annihilape
|move|p1b: Delphox|Heat Wave|p2b: Charizard|[spread] p2a
|-activate|p2b: Charizard|move: Protect
|-damage|p2a: Annihilape|0 fnt
|faint|p2a: Annihilape
|
|-weather|SunnyDay|[upkeep]
|-damage|p2b: Charizard|34/100 psn|[from] psn
|upkeep
|
|t:|1784312613
|switch|p2a: Garchomp|Garchomp, L50, F|100/100
|turn|6
|
|t:|1784312637
|switch|p1a: Sinistcha|Sinistcha-Masterpiece, L50, shiny|100/100
|-heal|p1b: Delphox|94/100|[from] ability: Hospitality|[of] p1a: Sinistcha
|move|p2a: Garchomp|Rock Slide|p1b: Delphox|[spread] p1a,p1b
|-supereffective|p1b: Delphox|1
|-damage|p1a: Sinistcha|85/100
|-damage|p1b: Delphox|36/100
|cant|p1b: Delphox|flinch
|move|p2b: Charizard|Heat Wave|p1b: Delphox|[spread] p1a,p1b
|-supereffective|p1a: Sinistcha|1
|-resisted|p1b: Delphox|1
|-damage|p1a: Sinistcha|0 fnt
|-damage|p1b: Delphox|10/100
|faint|p1a: Sinistcha
|
|-weather|SunnyDay|[upkeep]
|-damage|p2b: Charizard|22/100 psn|[from] psn
|upkeep
|
|t:|1784312656
|switch|p1a: Incineroar|Incineroar, L50, M|25/100
|-ability|p1a: Incineroar|Intimidate|boost
|-unboost|p2a: Garchomp|atk|1
|-unboost|p2b: Charizard|atk|1
|turn|7
|inactive|AnnoyingFish has 30 seconds left.
|inactive|AnnoyingFish has 20 seconds left.
|
|t:|1784312695
|switch|p2a: Incineroar|Incineroar, L50, F|44/100
|-ability|p2a: Incineroar|Intimidate|boost
|-unboost|p1a: Incineroar|atk|1
|-unboost|p1b: Delphox|atk|1
|move|p1a: Incineroar|Fake Out|p2a: Incineroar
|-damage|p2a: Incineroar|38/100
|move|p1b: Delphox|Heat Wave|p2a: Incineroar|[spread] p2a,p2b
|-resisted|p2a: Incineroar|1
|-resisted|p2b: Charizard|1
|-damage|p2a: Incineroar|0 fnt
|-damage|p2b: Charizard|0 fnt
|faint|p2a: Incineroar
|faint|p2b: Charizard
|
|-weather|SunnyDay|[upkeep]
|upkeep
|
|t:|1784312708
|switch|p2b: Garchomp|Garchomp, L50, F|100/100
|turn|8
|
|t:|1784312719
|move|p1b: Delphox|Protect|p1b: Delphox
|-singleturn|p1b: Delphox|Protect
|move|p2b: Garchomp|Rock Slide|p1a: Incineroar|[spread] p1a
|-activate|p1b: Delphox|move: Protect
|-supereffective|p1a: Incineroar|1
|-damage|p1a: Incineroar|0 fnt
|faint|p1a: Incineroar
|
|-weather|none
|upkeep
|
|t:|1784312724
|switch|p1a: Sneasler|Sneasler, L50, F|100/100
|turn|9
|
|t:|1784312727
|move|p1a: Sneasler|Fake Out|p2b: Garchomp
|-damage|p2b: Garchomp|86/100
|-damage|p1a: Sneasler|87/100|[from] ability: Rough Skin|[of] p2b: Garchomp
|cant|p2b: Garchomp|flinch
|move|p1b: Delphox|Psyshock|p2b: Garchomp
|-damage|p2b: Garchomp|1/100
|
|upkeep
|turn|10
|
|t:|1784312736
|move|p1b: Delphox|Protect|p1b: Delphox
|-singleturn|p1b: Delphox|Protect
|move|p2b: Garchomp|Rock Slide|p1b: Delphox|[spread] p1a
|-activate|p1b: Delphox|move: Protect
|-resisted|p1a: Sneasler|1
|-damage|p1a: Sneasler|71/100
|cant|p1a: Sneasler|flinch
|
|upkeep
|turn|11
|
|t:|1784312744
|move|p2b: Garchomp|Rock Slide|p1b: Delphox|[spread] p1a,p1b
|-resisted|p1a: Sneasler|1
|-supereffective|p1b: Delphox|1
|-damage|p1a: Sneasler|54/100
|-damage|p1b: Delphox|0 fnt
|faint|p1b: Delphox
|move|p1a: Sneasler|Close Combat|p2b: Garchomp
|-damage|p2b: Garchomp|0 fnt
|-unboost|p1a: Sneasler|def|1
|-unboost|p1a: Sneasler|spd|1
|-damage|p1a: Sneasler|42/100|[from] ability: Rough Skin|[of] p2b: Garchomp
|faint|p2b: Garchomp
|
|win|Prepucio Santos
|raw|Prepucio Santos's rating: 1244 → 1267(+23 for winning)
|raw|AnnoyingFish's rating: 1210 → 1187(-23 for losing)
