|j|☆gravyholder
|j|☆Cazenovia
|html|gravyholderCazenovia    
|uhtml|bestof|Game 1 of a best-of-3
|t:|1785965958
|gametype|doubles
|player|p1|gravyholder|guitarist|
|player|p2|Cazenovia|anabel|
|gen|9
|tier|[Gen 9 Champions] VGC 2026 Reg M-B (Bo3)
|rule|Species Clause: Limit one of each Pokémon
|rule|Item Clause: Limit 1 of each item
|clearpoke
|poke|p1|Excadrill, L50, F|
|poke|p1|Tyranitar, L50, F|
|poke|p1|Grimmsnarl, L50, M|
|poke|p1|Klefki, L50, M|
|poke|p1|Venusaur, L50, F|
|poke|p1|Typhlosion-Hisui, L50, M|
|poke|p2|Incineroar, L50, M|
|poke|p2|Sinistcha, L50|
|poke|p2|Blastoise, L50, M|
|poke|p2|Scizor, L50, M|
|poke|p2|Audino, L50, M|
|poke|p2|Goodra-Hisui, L50, M|
|teampreview|4
|showteam|p1|Excadrill||FocusSash|SandRush|IronHead,Earthquake,HighHorsepower,Protect|Jolly||F|||50|]Tyranitar||Tyranitarite|SandStream|RockSlide,KnockOff,IcePunch,Protect|Jolly||F|||50|]Grimmsnarl||BabiriBerry|Prankster|SpiritBreak,SuckerPunch,PartingShot,Taunt|Impish||M|||50|]Klefki||SitrusBerry|Prankster|DazzlingGleam,Imprison,TrickRoom,Protect|Bold||M|||50|]Venusaur||Venusaurite|Overgrow|EnergyBall,EarthPower,Toxic,Protect|Timid||F|||50|]Typhlosion-Hisui||Charcoal|Frisk|Eruption,Flamethrower,ShadowBall,Protect|Modest||M|||50|
|showteam|p2|Incineroar||ChartiBerry|Intimidate|FakeOut,BrickBreak,FlareBlitz,Protect|Brave||M|||50|]Sinistcha||ColburBerry|Hospitality|TrickRoom,MatchaGotcha,StrengthSap,RagePowder|Relaxed|||||50|]Blastoise||Blastoisinite|Torrent|WaterPulse,WaterSpout,AuraSphere,IceBeam|Modest||M|||50|]Scizor||LifeOrb|Technician|SwordsDance,BulletPunch,BrickBreak,BrutalSwing|Adamant||M|||50|]Audino||Audinite|Regenerator|TrickRoom,DazzlingGleam,Encore,HealingWish|Relaxed||M|||50|]Goodra-Hisui||ExpertBelt|SapSipper|AcidSpray,HeavySlam,Flamethrower,BodyPress|Quiet||M|||50|
|inactive|Battle timer is ON: inactive players will automatically lose when time's up. (requested by gravyholder)
|c|☆Cazenovia|glhf
|inactiveoff|Battle timer is now OFF.
|c|☆gravyholder|you too!
|j| Spiderc
|
|t:|1785966031
|teamsize|p1|4
|teamsize|p2|4
|start
|switch|p1a: Boo-Boo Keys|Klefki, L50, M|100/100
|switch|p1b: Reptar|Tyranitar, L50, F|100/100
|switch|p2a: This guy|Incineroar, L50, M|100/100
|switch|p2b: Scizor|Scizor, L50, M|100/100
|-weather|Sandstorm|[from] ability: Sand Stream|[of] p1b: Reptar
|-ability|p2a: This guy|Intimidate|boost
|-unboost|p1a: Boo-Boo Keys|atk|1
|-unboost|p1b: Reptar|atk|1
|turn|1
|
|t:|1785966053
|switch|p1a: Old Flame|Typhlosion-Hisui, L50, M|100/100
|-item|p2a: This guy|Charti Berry|[from] ability: Frisk|[of] p1a: Old Flame
|-item|p2b: Scizor|Life Orb|[from] ability: Frisk|[of] p1a: Old Flame
|move|p1b: Reptar|Rock Slide|p2b: Scizor|[spread] p2a,p2b
|-supereffective|p2a: This guy|1
|-enditem|p2a: This guy|Charti Berry|[eat]
|-enditem|p2a: This guy|Charti Berry|[weaken]
|-damage|p2a: This guy|83/100
|-damage|p2b: Scizor|81/100
|cant|p2b: Scizor|flinch
|move|p2a: This guy|Brick Break|p1b: Reptar
|-supereffective|p1b: Reptar|2
|-damage|p1b: Reptar|15/100
|
|-weather|Sandstorm|[upkeep]
|-damage|p1a: Old Flame|94/100|[from] Sandstorm
|-damage|p2a: This guy|77/100|[from] Sandstorm
|upkeep
|turn|2
|
|t:|1785966080
|switch|p1b: Gloria|Excadrill, L50, F|100/100
|move|p1a: Old Flame|Protect|p1a: Old Flame
|-singleturn|p1a: Old Flame|Protect
|move|p2a: This guy|Protect|p2a: This guy
|-singleturn|p2a: This guy|Protect
|move|p2b: Scizor|Bullet Punch|p1b: Gloria
|-resisted|p1b: Gloria|1
|-damage|p1b: Gloria|71/100
|-damage|p2b: Scizor|71/100|[from] item: Life Orb
|
|-weather|Sandstorm|[upkeep]
|-damage|p1a: Old Flame|88/100|[from] Sandstorm
|-damage|p2a: This guy|71/100|[from] Sandstorm
|upkeep
|turn|3
|j| eddaket
|
|t:|1785966109
|move|p2a: This guy|Protect|p2a: This guy
|-singleturn|p2a: This guy|Protect
|move|p1b: Gloria|High Horsepower|p2a: This guy
|-activate|p2a: This guy|move: Protect
|move|p1a: Old Flame|Flamethrower|p2b: Scizor
|-supereffective|p2b: Scizor|2
|-damage|p2b: Scizor|0 fnt
|faint|p2b: Scizor
|
|-weather|Sandstorm|[upkeep]
|-damage|p1a: Old Flame|82/100|[from] Sandstorm
|-damage|p2a: This guy|65/100|[from] Sandstorm
|upkeep
|
|t:|1785966117
|switch|p2b: Blastoise|Blastoise, L50, M|100/100
|turn|4
|
|t:|1785966147
|detailschange|p2b: Blastoise|Blastoise-Mega, L50, M
|-mega|p2b: Blastoise|Blastoise|Blastoisinite
|move|p1b: Gloria|High Horsepower|p2b: Blastoise
|-damage|p2b: Blastoise|56/100
|move|p1a: Old Flame|Eruption|p2a: This guy|[spread] p2a,p2b
|-resisted|p2a: This guy|1
|-resisted|p2b: Blastoise|1
|-damage|p2a: This guy|39/100
|-damage|p2b: Blastoise|32/100
|move|p2b: Blastoise|Water Pulse|p1a: Old Flame
|-supereffective|p1a: Old Flame|1
|-damage|p1a: Old Flame|0 fnt
|faint|p1a: Old Flame
|move|p2a: This guy|Flare Blitz|p1b: Gloria
|-supereffective|p1b: Gloria|1
|-damage|p1b: Gloria|0 fnt
|faint|p1b: Gloria
|-damage|p2a: This guy|16/100|[from] Recoil
|
|-weather|Sandstorm|[upkeep]
|-damage|p2b: Blastoise|26/100|[from] Sandstorm
|-damage|p2a: This guy|10/100|[from] Sandstorm
|upkeep
|
|t:|1785966159
|switch|p1b: Boo-Boo Keys|Klefki, L50, M|100/100
|switch|p1a: Reptar|Tyranitar, L50, F|15/100
|turn|5
|
|t:|1785966188
|switch|p2a: Sinistcha|Sinistcha, L50|100/100
|-heal|p2b: Blastoise|51/100|[from] ability: Hospitality|[of] p2a: Sinistcha
|move|p1a: Reptar|Protect|p1a: Reptar
|-singleturn|p1a: Reptar|Protect
|move|p2b: Blastoise|Water Pulse|p1b: Boo-Boo Keys
|-damage|p1b: Boo-Boo Keys|39/100
|-enditem|p1b: Boo-Boo Keys|Sitrus Berry|[eat]
|-heal|p1b: Boo-Boo Keys|64/100|[from] item: Sitrus Berry
|move|p1b: Boo-Boo Keys|Dazzling Gleam|p2a: Sinistcha|[spread] p2a,p2b
|-damage|p2a: Sinistcha|79/100
|-damage|p2b: Blastoise|37/100
|
|-weather|none
|upkeep
|turn|6
|
|t:|1785966222
|detailschange|p1a: Reptar|Tyranitar-Mega, L50, F
|-mega|p1a: Reptar|Tyranitar|Tyranitarite
|-weather|Sandstorm|[from] ability: Sand Stream|[of] p1a: Reptar
|move|p2a: Sinistcha|Rage Powder|p2a: Sinistcha
|-singleturn|p2a: Sinistcha|move: Rage Powder
|move|p1a: Reptar|Knock Off|p2a: Sinistcha
|-supereffective|p2a: Sinistcha|1
|-enditem|p2a: Sinistcha|Colbur Berry|[eat]
|-enditem|p2a: Sinistcha|Colbur Berry|[weaken]
|-damage|p2a: Sinistcha|40/100
|move|p2b: Blastoise|Water Pulse|p1a: Reptar
|-supereffective|p1a: Reptar|1
|-damage|p1a: Reptar|0 fnt
|faint|p1a: Reptar
|move|p1b: Boo-Boo Keys|Dazzling Gleam|p2b: Blastoise|[spread] p2a,p2b
|-damage|p2a: Sinistcha|21/100
|-damage|p2b: Blastoise|24/100
|
|-weather|Sandstorm|[upkeep]
|-damage|p2b: Blastoise|18/100|[from] Sandstorm
|-damage|p2a: Sinistcha|15/100|[from] Sandstorm
|upkeep
|turn|7
|
|t:|1785966246
|move|p1b: Boo-Boo Keys|Protect|p1b: Boo-Boo Keys
|-singleturn|p1b: Boo-Boo Keys|Protect
|move|p2b: Blastoise|Water Pulse|p1b: Boo-Boo Keys
|-activate|p1b: Boo-Boo Keys|move: Protect
|move|p2a: Sinistcha|Strength Sap|p1b: Boo-Boo Keys
|-activate|p1b: Boo-Boo Keys|move: Protect
|
|-weather|Sandstorm|[upkeep]
|-damage|p2b: Blastoise|12/100|[from] Sandstorm
|-damage|p2a: Sinistcha|8/100|[from] Sandstorm
|upkeep
|turn|8
|
|t:|1785966270
|move|p2b: Blastoise|Water Pulse|p1b: Boo-Boo Keys
|-damage|p1b: Boo-Boo Keys|5/100
|move|p1b: Boo-Boo Keys|Dazzling Gleam|p2a: Sinistcha|[spread] p2a,p2b
|-damage|p2a: Sinistcha|0 fnt
|-damage|p2b: Blastoise|0 fnt
|faint|p2a: Sinistcha
|faint|p2b: Blastoise
|
|-weather|Sandstorm|[upkeep]
|upkeep
|
|t:|1785966277
|switch|p2a: This guy|Incineroar, L50, M|10/100
|-ability|p2a: This guy|Intimidate|boost
|-unboost|p1b: Boo-Boo Keys|atk|1
|turn|9
|
|t:|1785966285
|move|p1b: Boo-Boo Keys|Protect|p1b: Boo-Boo Keys
|-singleturn|p1b: Boo-Boo Keys|Protect
|move|p2a: This guy|Fake Out|p1b: Boo-Boo Keys
|-activate|p1b: Boo-Boo Keys|move: Protect
|
|-weather|Sandstorm|[upkeep]
|-damage|p2a: This guy|4/100|[from] Sandstorm
|upkeep
|turn|10
|
|t:|1785966321
|move|p1b: Boo-Boo Keys|Dazzling Gleam|p2a: This guy
|-damage|p2a: This guy|0 fnt
|faint|p2a: This guy
|
|win|gravyholder
