|j|☆Eldrazii
|j|☆Harry Koekenpan
|html|EldraziiHarry Koekenpan    
|uhtml|bestof|Game 2 of a best-of-3
|t:|1756219110
|gametype|doubles
|player|p1|Eldrazii|swimmerf|
|player|p2|Harry Koekenpan|265|
|gen|9
|tier|[Gen 9] VGC 2025 Reg H (Bo3)
|rule|Species Clause: Limit one of each Pokémon
|rule|Item Clause: Limit 1 of each item
|clearpoke
|poke|p1|Kingambit, L50, M|
|poke|p1|Electabuzz, L50, F|
|poke|p1|Primarina, L50, M|
|poke|p1|Rillaboom, L50, F|
|poke|p1|Sneasler, L50, M|
|poke|p1|Ceruledge, L50, M|
|poke|p2|Typhlosion-Hisui, L50, M|
|poke|p2|Murkrow, L50, M|
|poke|p2|Muk-Alola, L50, F|
|poke|p2|Smeargle, L50, F|
|poke|p2|Rillaboom, L50, M|
|poke|p2|Flamigo, L50, F|
|teampreview|4
|showteam|p1|Kingambit||BlackGlasses|Defiant|KowtowCleave,SuckerPunch,SwordsDance,Protect|||M|||50|,,,,,Flying]Electabuzz||Eviolite|VitalSpirit|FollowMe,Electroweb,Taunt,Protect|||F|||50|,,,,,Water]Primarina||ThroatSpray|LiquidVoice|HyperVoice,Moonblast,Haze,Protect|||M|||50|,,,,,Poison]Rillaboom||AssaultVest|GrassySurge|FakeOut,GrassyGlide,WoodHammer,Uturn|||F|||50|,,,,,Fire]Sneasler||WhiteHerb|Unburden|CloseCombat,DireClaw,Coaching,Protect|||M|||50|,,,,,Ghost]Ceruledge||GrassySeed|FlashFire|BitterBlade,Poltergeist,Protect,BulkUp|||M|||50|,,,,,Grass
|showteam|p2|Typhlosion-Hisui||ChoiceSpecs|Blaze|Eruption,ShadowBall,Overheat,HeatWave|||M|||50|,,,,,Fire]Murkrow||Eviolite|Prankster|Tailwind,Taunt,SunnyDay,FoulPlay|||M|||50|,,,,,Ghost]Muk-Alola||Leftovers|PowerofAlchemy|Minimize,PoisonFang,KnockOff,Protect|||F|||50|,,,,,Ghost]Smeargle||FocusSash|Moody|FollowMe,FakeOut,SpikyShield,Explosion|||F|||50|,,,,,Ghost]Rillaboom||AssaultVest|GrassySurge|WoodHammer,GrassyGlide,FakeOut,HighHorsepower|||M|||50|,,,,,Fire]Flamigo||LifeOrb|Costar|CloseCombat,BraveBird,Taunt,Detect|||F|||50|,,,,,Ghost
|inactive|Battle timer is ON: inactive players will automatically lose when time's up. (requested by Eldrazii)
|
|t:|1756219129
|teamsize|p1|4
|teamsize|p2|4
|start
|switch|p1a: Sneasler|Sneasler, L50, M|100/100
|switch|p1b: Ceruledge|Ceruledge, L50, M, shiny|100/100
|switch|p2a: Murkrow|Murkrow, L50, M|100/100
|switch|p2b: Typhlosion|Typhlosion-Hisui, L50, M|100/100
|turn|1
|inactive|Harry Koekenpan has 30 seconds left.
|
|t:|1756219157
|move|p1a: Sneasler|Protect|p1a: Sneasler
|-singleturn|p1a: Sneasler|Protect
|move|p2a: Murkrow|Tailwind|p2a: Murkrow
|-sidestart|p2: Harry Koekenpan|move: Tailwind
|move|p2b: Typhlosion|Shadow Ball|p1b: Ceruledge
|-supereffective|p1b: Ceruledge
|-damage|p1b: Ceruledge|0 fnt
|faint|p1b: Ceruledge
|
|upkeep
|
|t:|1756219165
|switch|p1b: Rillaboom|Rillaboom, L50, F|100/100
|-fieldstart|move: Grassy Terrain|[from] ability: Grassy Surge|[of] p1b: Rillaboom
|turn|2
|inactive|Harry Koekenpan has 30 seconds left.
|
|t:|1756219192
|switch|p2b: Rillaboom|Rillaboom, L50, M|100/100
|switch|p1b: Primarina|Primarina, L50, M|100/100
|move|p2a: Murkrow|Taunt|p1a: Sneasler
|-start|p1a: Sneasler|move: Taunt
|move|p1a: Sneasler|Close Combat|p2a: Murkrow
|-damage|p2a: Murkrow|29/100
|-unboost|p1a: Sneasler|def|1
|-unboost|p1a: Sneasler|spd|1
|-enditem|p1a: Sneasler|White Herb
|-clearnegativeboost|p1a: Sneasler|[silent]
|
|upkeep
|turn|3
|inactive|Harry Koekenpan has 30 seconds left.
|inactive|Harry Koekenpan has 20 seconds left.
|inactive|Harry Koekenpan has 15 seconds left.
|
|t:|1756219233
|-terastallize|p1a: Sneasler|Ghost
|-terastallize|p2b: Rillaboom|Fire
|move|p2a: Murkrow|Sunny Day|p2a: Murkrow
|-weather|SunnyDay
|move|p1a: Sneasler|Dire Claw|p2b: Rillaboom
|-damage|p2b: Rillaboom|61/100
|move|p2b: Rillaboom|High Horsepower|p1a: Sneasler
|-damage|p1a: Sneasler|55/100
|move|p1b: Primarina|Hyper Voice|p2a: Murkrow|[spread] p2a,p2b
|-supereffective|p2b: Rillaboom
|-damage|p2a: Murkrow|14/100
|-damage|p2b: Rillaboom|35/100
|-enditem|p1b: Primarina|Throat Spray
|-boost|p1b: Primarina|spa|1|[from] item: Throat Spray
|
|-weather|SunnyDay|[upkeep]
|-heal|p1a: Sneasler|61/100|[from] Grassy Terrain
|-heal|p2b: Rillaboom|41/100|[from] Grassy Terrain
|upkeep
|turn|4
|inactive|Harry Koekenpan has 30 seconds left.
|inactive|Harry Koekenpan has 20 seconds left.
|inactive|Harry Koekenpan has 15 seconds left.
|
|t:|1756219277
|move|p2b: Rillaboom|Grassy Glide|p1a: Sneasler
|-damage|p1a: Sneasler|11/100
|move|p1a: Sneasler|Dire Claw|p2a: Murkrow
|-damage|p2a: Murkrow|0 fnt
|faint|p2a: Murkrow
|move|p1b: Primarina|Hyper Voice|p2b: Rillaboom
|-supereffective|p2b: Rillaboom
|-damage|p2b: Rillaboom|0 fnt
|faint|p2b: Rillaboom
|
|-weather|SunnyDay|[upkeep]
|-heal|p1a: Sneasler|17/100|[from] Grassy Terrain
|-end|p1a: Sneasler|move: Taunt
|-sideend|p2: Harry Koekenpan|move: Tailwind
|upkeep
|
|t:|1756219295
|switch|p2a: Typhlosion|Typhlosion-Hisui, L50, M|100/100
|switch|p2b: Flamigo|Flamigo, L50, F|100/100
|-copyboost|p2b: Flamigo|p2a: Typhlosion|[from] ability: Costar
|turn|5
|
|t:|1756219320
|move|p1a: Sneasler|Dire Claw|p2a: Typhlosion
|-resisted|p2a: Typhlosion
|-damage|p2a: Typhlosion|72/100
|-status|p2a: Typhlosion|slp
|cant|p2a: Typhlosion|slp
|move|p2b: Flamigo|Brave Bird|p1b: Primarina
|-damage|p1b: Primarina|22/100
|-damage|p2b: Flamigo|70/100|[from] Recoil
|-damage|p2b: Flamigo|61/100|[from] item: Life Orb
|move|p1b: Primarina|Hyper Voice|p2b: Flamigo|[spread] p2a,p2b
|-supereffective|p2a: Typhlosion
|-damage|p2a: Typhlosion|0 fnt
|-damage|p2b: Flamigo|19/100
|faint|p2a: Typhlosion
|
|-weather|SunnyDay|[upkeep]
|-heal|p1a: Sneasler|24/100|[from] Grassy Terrain
|-heal|p1b: Primarina|28/100|[from] Grassy Terrain
|upkeep
|turn|6
|
|t:|1756219337
|move|p1a: Sneasler|Dire Claw|p2b: Flamigo
|-damage|p2b: Flamigo|0 fnt
|faint|p2b: Flamigo
|
|win|Eldrazii
||Eldrazii is ready for game 3.
|inactive|Harry Koekenpan has 30 seconds to confirm battle start!
||Harry Koekenpan is ready for game 3.
|uhtml|next|Next: Game 3 of 3
