|j|☆Npc red panther
|j|☆fsdewfgkijeeoki
|html|Npc red pantherfsdewfgkijeeoki    
|uhtml|bestof|Game 2 of a best-of-3
|t:|1757625724
|gametype|doubles
|player|p1|Npc red panther|102|1209
|player|p2|fsdewfgkijeeoki|lillie-masters|1313
|gen|9
|tier|[Gen 9] VGC 2025 Reg H (Bo3)
|rated|
|rule|Species Clause: Limit one of each Pokémon
|rule|Item Clause: Limit 1 of each item
|clearpoke
|poke|p1|Gholdengo, L50|
|poke|p1|Basculegion, L50, M|
|poke|p1|Electabuzz, L50, F|
|poke|p1|Incineroar, L50, M|
|poke|p1|Sneasler, L50, F|
|poke|p1|Talonflame, L50, M|
|poke|p2|Dondozo, L50, M|
|poke|p2|Tatsugiri, L50, M|
|poke|p2|Ursaluna-Bloodmoon, L50, M|
|poke|p2|Whimsicott, L50, F|
|poke|p2|Sneasler, L50, F|
|poke|p2|Indeedee, L50, M|
|teampreview|4
|showteam|p1|Gholdengo||LifeOrb|GoodasGold|MakeItRain,ShadowBall,NastyPlot,Protect||||||50|,,,,,Steel]Basculegion||ChoiceScarf|Adaptability|WaveCrash,AquaJet,FlipTurn,LastRespects|||M|||50|,,,,,Water]Electabuzz||Eviolite|VitalSpirit|FollowMe,Electroweb,VoltSwitch,Taunt|||F|||50|,,,,,Fairy]Incineroar||AssaultVest|Intimidate|FakeOut,FlareBlitz,KnockOff,Uturn|||M|||50|,,,,,Ghost]Sneasler||FocusSash|Unburden|DireClaw,CloseCombat,ThroatChop,Protect|||F|||50|,,,,,Dark]Talonflame||CovertCloak|GaleWings|Tailwind,BraveBird,WillOWisp,Taunt|||M|||50|,,,,,Ghost
|showteam|p2|Dondozo||Leftovers|Unaware|WaveCrash,OrderUp,Earthquake,Protect|||M|||50|,,,,,Grass]Tatsugiri||SafetyGoggles|Commander|DracoMeteor,MuddyWater,HelpingHand,Protect|||M|||50|,,,,,Steel]Ursaluna-Bloodmoon||SilkScarf|MindsEye|BloodMoon,HyperVoice,EarthPower,Protect|||M|||50|,,,,,Normal]Whimsicott||CovertCloak|Prankster|Moonblast,Encore,LightScreen,Tailwind|||F|||50|,,,,,Dark]Sneasler||PsychicSeed|Unburden|CloseCombat,DireClaw,ThroatChop,Protect|||F|||50|,,,,,Dark]Indeedee||FocusSash|PsychicSurge|ExpandingForce,TeraBlast,HelpingHand,Protect|||M|||50|,,,,,Psychic
|
|t:|1757625793
|teamsize|p1|4
|teamsize|p2|4
|start
|switch|p1a: Gholdengo|Gholdengo, L50|100/100
|switch|p1b: Incineroar|Incineroar, L50, M, shiny|100/100
|switch|p2a: boom!|Indeedee, L50, M, shiny|100/100
|switch|p2b: menacetosociety|Sneasler, L50, F, shiny|100/100
|-fieldstart|move: Psychic Terrain|[from] ability: Psychic Surge|[of] p2a: boom!
|-enditem|p2b: menacetosociety|Psychic Seed
|-boost|p2b: menacetosociety|spd|1|[from] item: Psychic Seed
|-ability|p1b: Incineroar|Intimidate|boost
|-unboost|p2a: boom!|atk|1
|-unboost|p2b: menacetosociety|atk|1
|turn|1
|
|t:|1757625816
|-terastallize|p1a: Gholdengo|Steel
|move|p2a: boom!|Helping Hand|p2b: menacetosociety
|-singleturn|p2b: menacetosociety|Helping Hand|[of] p2a: boom!
|move|p2b: menacetosociety|Close Combat|p1b: Incineroar
|-supereffective|p1b: Incineroar
|-damage|p1b: Incineroar|0 fnt
|-unboost|p2b: menacetosociety|def|1
|-unboost|p2b: menacetosociety|spd|1
|faint|p1b: Incineroar
|move|p1a: Gholdengo|Make It Rain|p2b: menacetosociety|[spread] p2a,p2b
|-enditem|p2a: boom!|Focus Sash
|-damage|p2a: boom!|1/100
|-damage|p2b: menacetosociety|0 fnt
|-unboost|p1a: Gholdengo|spa|1
|faint|p2b: menacetosociety
|-damage|p1a: Gholdengo|91/100|[from] item: Life Orb
|
|upkeep
|
|t:|1757625858
|switch|p2b: Figurehead|Dondozo, L50, M, shiny|100/100
|switch|p1b: Talonflame|Talonflame, L50, M, shiny|100/100
|turn|2
|
|t:|1757625875
|switch|p2a: true leader.|Tatsugiri, L50, M|100/100
|-activate|p2a: true leader.|ability: Commander|[of] p2b: Figurehead
|-boost|p2b: Figurehead|atk|2
|-boost|p2b: Figurehead|spa|2
|-boost|p2b: Figurehead|spe|2
|-boost|p2b: Figurehead|def|2
|-boost|p2b: Figurehead|spd|2
|move|p1a: Gholdengo|Protect|p1a: Gholdengo
|-singleturn|p1a: Gholdengo|Protect
|move|p1b: Talonflame|Will-O-Wisp|p2b: Figurehead
|-status|p2b: Figurehead|brn
|move|p2b: Figurehead|Earthquake|p1a: Gholdengo|[spread] 
|-miss|p2b: Figurehead|p2a: true leader.
|-activate|p1a: Gholdengo|move: Protect
|-immune|p1b: Talonflame
|
|-damage|p2b: Figurehead|94/100 brn|[from] brn
|upkeep
|turn|3
|
|t:|1757625898
|move|p1b: Talonflame|Taunt|p2b: Figurehead
|-start|p2b: Figurehead|move: Taunt
|move|p2b: Figurehead|Order Up|p1b: Talonflame
|-damage|p1b: Talonflame|74/100
|-boost|p2b: Figurehead|atk|1
|move|p1a: Gholdengo|Make It Rain|p2b: Figurehead|[spread] p2b
|-miss|p1a: Gholdengo|p2a: true leader.
|-resisted|p2b: Figurehead
|-damage|p2b: Figurehead|77/100 brn
|-unboost|p1a: Gholdengo|spa|1
|-damage|p1a: Gholdengo|81/100|[from] item: Life Orb
|
|-heal|p2b: Figurehead|83/100 brn|[from] item: Leftovers
|-damage|p2b: Figurehead|77/100 brn|[from] brn
|upkeep
|turn|4
|
|t:|1757625920
|move|p1b: Talonflame|Brave Bird|p2b: Figurehead
|-damage|p2b: Figurehead|64/100 brn
|-damage|p1b: Talonflame|69/100|[from] Recoil
|move|p2b: Figurehead|Earthquake|p1a: Gholdengo|[spread] p1a
|-miss|p2b: Figurehead|p2a: true leader.
|-immune|p1b: Talonflame
|-supereffective|p1a: Gholdengo
|-damage|p1a: Gholdengo|24/100
|move|p1a: Gholdengo|Make It Rain|p2b: Figurehead|[spread] p2b
|-miss|p1a: Gholdengo|p2a: true leader.
|-resisted|p2b: Figurehead
|-damage|p2b: Figurehead|45/100 brn
|-unboost|p1a: Gholdengo|spa|1
|-damage|p1a: Gholdengo|15/100|[from] item: Life Orb
|
|-heal|p2b: Figurehead|52/100 brn|[from] item: Leftovers
|-damage|p2b: Figurehead|45/100 brn|[from] brn
|upkeep
|turn|5
|
|t:|1757625956
|move|p1a: Gholdengo|Protect|p1a: Gholdengo
|-singleturn|p1a: Gholdengo|Protect
|move|p1b: Talonflame|Brave Bird|p2b: Figurehead
|-damage|p2b: Figurehead|33/100 brn
|-damage|p1b: Talonflame|64/100|[from] Recoil
|move|p2b: Figurehead|Order Up|p1a: Gholdengo
|-activate|p1a: Gholdengo|move: Protect
|
|-heal|p2b: Figurehead|39/100 brn|[from] item: Leftovers
|-damage|p2b: Figurehead|33/100 brn|[from] brn
|-end|p2b: Figurehead|move: Taunt
|-fieldend|move: Psychic Terrain
|upkeep
|turn|6
|
|t:|1757625978
|move|p1b: Talonflame|Tailwind|p1b: Talonflame
|-sidestart|p1: Npc red panther|move: Tailwind
|move|p1a: Gholdengo|Make It Rain|p2b: Figurehead|[spread] p2b
|-miss|p1a: Gholdengo|p2a: true leader.
|-resisted|p2b: Figurehead
|-damage|p2b: Figurehead|13/100 brn
|-unboost|p1a: Gholdengo|spa|1
|-damage|p1a: Gholdengo|5/100|[from] item: Life Orb
|move|p2b: Figurehead|Wave Crash|p1b: Talonflame
|-supereffective|p1b: Talonflame
|-damage|p1b: Talonflame|0 fnt
|faint|p1b: Talonflame
|-damage|p2b: Figurehead|0 fnt|[from] Recoil
|faint|p2b: Figurehead
|
|upkeep
|
|t:|1757625994
|switch|p1b: Sneasler|Sneasler, L50, F, shiny|100/100
|switch|p2b: boom!|Indeedee, L50, M, shiny|1/100
|-fieldstart|move: Psychic Terrain|[from] ability: Psychic Surge|[of] p2b: boom!
|turn|7
|
|t:|1757626015
|move|p2a: true leader.|Protect|p2a: true leader.
|-singleturn|p2a: true leader.|Protect
|move|p1b: Sneasler|Close Combat|p2b: boom!
|-damage|p2b: boom!|0 fnt
|-unboost|p1b: Sneasler|def|1
|-unboost|p1b: Sneasler|spd|1
|faint|p2b: boom!
|move|p1a: Gholdengo|Make It Rain|p2a: true leader.
|-activate|p2a: true leader.|move: Protect
|
|upkeep
|turn|8
|
|t:|1757626024
|move|p1b: Sneasler|Close Combat|p2a: true leader.
|-damage|p2a: true leader.|10/100
|-unboost|p1b: Sneasler|def|1
|-unboost|p1b: Sneasler|spd|1
|move|p1a: Gholdengo|Make It Rain|p2a: true leader.
|-resisted|p2a: true leader.
|-damage|p2a: true leader.|0 fnt
|-unboost|p1a: Gholdengo|spa|1
|faint|p2a: true leader.
|-damage|p1a: Gholdengo|0 fnt|[from] item: Life Orb
|faint|p1a: Gholdengo
|
|win|Npc red panther
