|j|☆Gen4lover2
|j|☆Tatsulol
|html|Gen4lover2Tatsulol    
|uhtml|bestof|Game 2 of a best-of-3
|t:|1786033692
|gametype|doubles
|player|p1|Gen4lover2|wallace|1337
|player|p2|Tatsulol|169|1323
|gen|9
|tier|[Gen 9 Champions] VGC 2026 Reg M-B (Bo3)
|rated|
|rule|Species Clause: Limit one of each Pokémon
|rule|Item Clause: Limit 1 of each item
|clearpoke
|poke|p1|Tyranitar, L50, M|
|poke|p1|Excadrill, L50, F|
|poke|p1|Staraptor, L50, F|
|poke|p1|Milotic, L50, F, shiny|
|poke|p1|Gholdengo, L50|
|poke|p1|Sinistcha-Masterpiece, L50|
|poke|p2|Staraptor, L50, M|
|poke|p2|Milotic, L50, F|
|poke|p2|Tyranitar, L50, M|
|poke|p2|Gholdengo, L50|
|poke|p2|Excadrill, L50, M|
|poke|p2|Sinistcha, L50|
|teampreview|4
|showteam|p1|Tyranitar||Tyranitarite|SandStream|RockSlide,KnockOff,LowKick,Protect|Adamant||M|||50|]Excadrill||FocusSash|SandRush|HighHorsepower,IronHead,RockSlide,Protect|Adamant||F|||50|]Staraptor||Staraptite|Intimidate|BraveBird,CloseCombat,Tailwind,Protect|Jolly||F|||50|]Milotic||SitrusBerry|Competitive|Scald,IceBeam,Recover,Protect|Modest||F|||50|]Gholdengo||LifeOrb|GoodasGold|MakeItRain,ShadowBall,NastyPlot,Protect|Modest|||||50|]Sinistcha-Masterpiece||ColburBerry|Hospitality|MatchaGotcha,RagePowder,TrickRoom,Protect|Relaxed|||||50|
|showteam|p2|Staraptor||Staraptite|Intimidate|BraveBird,CloseCombat,Tailwind,Protect|Jolly||M|||50|]Milotic||SitrusBerry|Competitive|Scald,IceBeam,IcyWind,Protect|Modest||F|||50|]Tyranitar||Tyranitarite|SandStream|RockSlide,KnockOff,LowKick,Protect|Adamant||M|||50|]Gholdengo||ChoiceScarf|GoodasGold|ShadowBall,MakeItRain,Thunderbolt,PowerGem|Modest|||||50|]Excadrill||FocusSash|SandRush|HighHorsepower,IronHead,RockSlide,Protect|Adamant||M|||50|]Sinistcha||CobaBerry|Hospitality|MatchaGotcha,RagePowder,TrickRoom,LifeDew|Relaxed|||||50|
|inactive|Battle timer is ON: inactive players will automatically lose when time's up. (requested by Gen4lover2)
|inactive|Tatsulol has 60 seconds left.
|inactive|Tatsulol has 30 seconds left.
|inactive|Tatsulol has 20 seconds left.
|inactive|Tatsulol has 15 seconds left.
|
|t:|1786033769
|teamsize|p1|4
|teamsize|p2|4
|start
|switch|p1a: Tyranitar|Tyranitar, L50, M|100/100
|switch|p1b: Sinistcha|Sinistcha-Masterpiece, L50|100/100
|switch|p2a: Gholdengo|Gholdengo, L50|100/100
|switch|p2b: Milotic|Milotic, L50, F|100/100
|-weather|Sandstorm|[from] ability: Sand Stream|[of] p1a: Tyranitar
|turn|1
|inactive|Tatsulol has 30 seconds left.
|
|t:|1786033804
|switch|p2a: Tyranitar|Tyranitar, L50, M|100/100
|move|p1a: Tyranitar|Rock Slide|p2a: Tyranitar|[spread] p2a,p2b
|-damage|p2a: Tyranitar|75/100
|-damage|p2b: Milotic|74/100
|move|p2b: Milotic|Icy Wind|p1a: Tyranitar|[spread] p1a,p1b
|-supereffective|p1b: Sinistcha|1
|-damage|p1a: Tyranitar|92/100
|-damage|p1b: Sinistcha|78/100
|-unboost|p1a: Tyranitar|spe|1
|-unboost|p1b: Sinistcha|spe|1
|move|p1b: Sinistcha|Matcha Gotcha|p2a: Tyranitar|[spread] p2a
|-miss|p1b: Sinistcha|p2b: Milotic
|-supereffective|p2a: Tyranitar|1
|-crit|p2a: Tyranitar
|-damage|p2a: Tyranitar|27/100
|-heal|p1b: Sinistcha|100/100|[from] drain|[of] p2a: Tyranitar
|
|-weather|Sandstorm|[upkeep]
|-damage|p2b: Milotic|68/100|[from] Sandstorm
|-damage|p1b: Sinistcha|93/100|[from] Sandstorm
|upkeep
|turn|2
|inactive|Gen4lover2 has 30 seconds left.
|inactive|Tatsulol has 30 seconds left.
|inactive|Tatsulol has 20 seconds left.
|inactive|Tatsulol has 15 seconds left.
|inactive|Tatsulol has 10 seconds left.
|
|t:|1786033852
|detailschange|p2a: Tyranitar|Tyranitar-Mega, L50, M
|-mega|p2a: Tyranitar|Tyranitar|Tyranitarite
|move|p1a: Tyranitar|Protect|p1a: Tyranitar
|-singleturn|p1a: Tyranitar|Protect
|move|p2a: Tyranitar|Knock Off|p1b: Sinistcha
|-supereffective|p1b: Sinistcha|1
|-crit|p1b: Sinistcha
|-enditem|p1b: Sinistcha|Colbur Berry|[eat]
|-enditem|p1b: Sinistcha|Colbur Berry|[weaken]
|-damage|p1b: Sinistcha|11/100
|move|p2b: Milotic|Scald|p1a: Tyranitar
|-activate|p1a: Tyranitar|move: Protect
|move|p1b: Sinistcha|Matcha Gotcha|p2a: Tyranitar|[spread] p2b
|-miss|p1b: Sinistcha|p2a: Tyranitar
|-supereffective|p2b: Milotic|1
|-damage|p2b: Milotic|35/100
|-heal|p1b: Sinistcha|31/100|[from] drain|[of] p2b: Milotic
|-enditem|p2b: Milotic|Sitrus Berry|[eat]
|-heal|p2b: Milotic|59/100|[from] item: Sitrus Berry
|
|-weather|Sandstorm|[upkeep]
|-damage|p2b: Milotic|53/100|[from] Sandstorm
|-damage|p1b: Sinistcha|24/100|[from] Sandstorm
|upkeep
|turn|3
|inactive|Gen4lover2 has 30 seconds left.
|inactive|Gen4lover2 has 20 seconds left.
|
|t:|1786033890
|move|p2a: Tyranitar|Protect|p2a: Tyranitar
|-singleturn|p2a: Tyranitar|Protect
|move|p1b: Sinistcha|Protect|p1b: Sinistcha
|-singleturn|p1b: Sinistcha|Protect
|move|p2b: Milotic|Ice Beam|p1b: Sinistcha
|-activate|p1b: Sinistcha|move: Protect
|move|p1a: Tyranitar|Low Kick|p2a: Tyranitar
|-activate|p2a: Tyranitar|move: Protect
|
|-weather|Sandstorm|[upkeep]
|-damage|p2b: Milotic|48/100|[from] Sandstorm
|-damage|p1b: Sinistcha|18/100|[from] Sandstorm
|upkeep
|turn|4
|inactive|Tatsulol has 30 seconds left.
|
|t:|1786033924
|switch|p2a: Gholdengo|Gholdengo, L50|100/100
|switch|p1b: Gholdengo|Gholdengo, L50|100/100
|move|p2b: Milotic|Icy Wind|p1a: Tyranitar|[spread] p1a,p1b
|-resisted|p1b: Gholdengo|1
|-damage|p1a: Tyranitar|84/100
|-damage|p1b: Gholdengo|93/100
|-unboost|p1a: Tyranitar|spe|1
|-unboost|p1b: Gholdengo|spe|1
|move|p1a: Tyranitar|Low Kick|p2a: Gholdengo
|-immune|p2a: Gholdengo
|
|-weather|Sandstorm|[upkeep]
|-damage|p2b: Milotic|42/100|[from] Sandstorm
|upkeep
|turn|5
|inactive|Tatsulol has 30 seconds left.
|inactive|Tatsulol has 20 seconds left.
|inactive|Tatsulol has 15 seconds left.
|inactive|Tatsulol has 10 seconds left.
|inactive|Tatsulol has 5 seconds left.
|
|t:|1786033976
|switch|p2a: Tyranitar|Tyranitar-Mega, L50, M|27/100
|move|p2b: Milotic|Scald|p1a: Tyranitar
|-supereffective|p1a: Tyranitar|1
|-damage|p1a: Tyranitar|42/100
|move|p1b: Gholdengo|Shadow Ball|p2a: Tyranitar
|-resisted|p2a: Tyranitar|1
|-damage|p2a: Tyranitar|13/100
|-damage|p1b: Gholdengo|83/100|[from] item: Life Orb
|move|p1a: Tyranitar|Knock Off|p2a: Tyranitar
|-resisted|p2a: Tyranitar|1
|-damage|p2a: Tyranitar|2/100
|
|-weather|none
|upkeep
|turn|6
|
|t:|1786034000
|switch|p1b: Sinistcha|Sinistcha-Masterpiece, L50|18/100
|-heal|p1a: Tyranitar|67/100|[from] ability: Hospitality|[of] p1b: Sinistcha
|move|p2a: Tyranitar|Knock Off|p1b: Sinistcha
|-supereffective|p1b: Sinistcha|1
|-damage|p1b: Sinistcha|0 fnt
|faint|p1b: Sinistcha
|move|p2b: Milotic|Scald|p1a: Tyranitar
|-supereffective|p1a: Tyranitar|1
|-damage|p1a: Tyranitar|9/100
|-status|p1a: Tyranitar|brn
|move|p1a: Tyranitar|Rock Slide|p2b: Milotic|[spread] p2a,p2b
|-damage|p2a: Tyranitar|0 fnt
|-damage|p2b: Milotic|28/100
|faint|p2a: Tyranitar
|
|-damage|p1a: Tyranitar|4/100 brn|[from] brn
|upkeep
|
|t:|1786034021
|switch|p2a: Gholdengo|Gholdengo, L50|100/100
|switch|p1b: Staraptor|Staraptor, L50, F|100/100
|-ability|p1b: Staraptor|Intimidate|boost
|-unboost|p2a: Gholdengo|atk|1
|-unboost|p2b: Milotic|atk|1
|-ability|p2b: Milotic|Competitive|boost
|-boost|p2b: Milotic|spa|2
|turn|7
|inactive|Tatsulol has 30 seconds left.
|inactive|Tatsulol has 20 seconds left.
|inactive|Tatsulol has 15 seconds left.
|inactive|Tatsulol has 10 seconds left.
|inactive|Tatsulol has 5 seconds left.
|
|t:|1786034074
|detailschange|p1b: Staraptor|Staraptor-Mega, L50, F
|-mega|p1b: Staraptor|Staraptor|Staraptite
|move|p2b: Milotic|Protect|p2b: Milotic
|-singleturn|p2b: Milotic|Protect
|move|p2a: Gholdengo|Thunderbolt|p1b: Staraptor
|-supereffective|p1b: Staraptor|1
|-damage|p1b: Staraptor|25/100
|move|p1b: Staraptor|Close Combat|p2b: Milotic
|-activate|p2b: Milotic|move: Protect
|move|p1a: Tyranitar|Knock Off|p2a: Gholdengo
|-supereffective|p2a: Gholdengo|1
|-damage|p2a: Gholdengo|41/100
|-enditem|p2a: Gholdengo|Choice Scarf|[from] move: Knock Off|[of] p1a: Tyranitar
|
|-damage|p1a: Tyranitar|0 fnt|[from] brn
|faint|p1a: Tyranitar
|upkeep
|
|t:|1786034082
|switch|p1a: Gholdengo|Gholdengo, L50|83/100
|turn|8
|inactive|Tatsulol has 30 seconds left.
|inactive|Tatsulol has 20 seconds left.
|inactive|Tatsulol has 15 seconds left.
|inactive|Tatsulol has 10 seconds left.
|inactive|Tatsulol has 5 seconds left.
|
|t:|1786034134
|move|p1b: Staraptor|Close Combat|p2b: Milotic
|-damage|p2b: Milotic|0 fnt
|-boost|p1b: Staraptor|def|1
|-boost|p1b: Staraptor|spd|1
|faint|p2b: Milotic
|move|p1a: Gholdengo|Shadow Ball|p2a: Gholdengo
|-supereffective|p2a: Gholdengo|1
|-damage|p2a: Gholdengo|0 fnt
|faint|p2a: Gholdengo
|-damage|p1a: Gholdengo|74/100|[from] item: Life Orb
|
|upkeep
|
|t:|1786034152
|switch|p2b: Excadrill|Excadrill, L50, M|100/100
|turn|9
|inactive|Tatsulol has 30 seconds left.
|
|t:|1786034182
|move|p1b: Staraptor|Close Combat|p2b: Excadrill
|-supereffective|p2b: Excadrill|1
|-enditem|p2b: Excadrill|Focus Sash
|-damage|p2b: Excadrill|1/100
|-boost|p1b: Staraptor|def|1
|-boost|p1b: Staraptor|spd|1
|move|p2b: Excadrill|Iron Head|p1b: Staraptor
|-damage|p1b: Staraptor|2/100
|move|p1a: Gholdengo|Shadow Ball|p2b: Excadrill
|-crit|p2b: Excadrill
|-damage|p2b: Excadrill|0 fnt
|faint|p2b: Excadrill
|-damage|p1a: Gholdengo|64/100|[from] item: Life Orb
|
|win|Gen4lover2
||Tatsulol is ready for game 3.
|inactive|Gen4lover2 has 30 seconds to confirm battle start!
||Gen4lover2 is ready for game 3.
|uhtml|next|Next: Game 3 of 3
|l|☆Gen4lover2
|player|p1|
