|j|☆Jared66
|j|☆282839393m
|html|Jared66282839393m    
|uhtml|bestof|Game 3 of a best-of-3
|t:|1784190629
|gametype|doubles
|player|p1|Jared66|hilbert|1153
|player|p2|282839393m|hilbert|1105
|gen|9
|tier|[Gen 9 Champions] VGC 2026 Reg M-B (Bo3)
|rated|
|rule|Species Clause: Limit one of each Pokémon
|rule|Item Clause: Limit 1 of each item
|clearpoke
|poke|p1|Raichu, L50, M|
|poke|p1|Talonflame, L50, M|
|poke|p1|Basculegion, L50, M|
|poke|p1|Sinistcha-Masterpiece, L50|
|poke|p1|Garchomp, L50, F|
|poke|p1|Sneasler, L50, M|
|poke|p2|Alakazam, L50, F|
|poke|p2|Gardevoir, L50, F|
|poke|p2|Meowstic, L50, M|
|poke|p2|Incineroar, L50, M|
|poke|p2|Maushold-Four, L50|
|poke|p2|Farigiraf, L50, M|
|teampreview|4
|showteam|p1|Raichu||RaichuniteY|LightningRod|ZapCannon,Encore,FocusBlast,Protect|Timid||M|||50|]Talonflame||ExpertBelt|GaleWings|Tailwind,Protect,FlareBlitz,BraveBird|Adamant||M|||50|]Basculegion||ChoiceScarf|Adaptability|AquaJet,LastRespects,WaveCrash,FlipTurn|Jolly||M|||50|]Sinistcha-Masterpiece||ColburBerry|Hospitality|MatchaGotcha,LifeDew,Imprison,TrickRoom|Modest|||||50|]Garchomp||LifeOrb|RoughSkin|Earthquake,DragonClaw,RockSlide,Protect|Adamant||F|||50|]Sneasler||FocusSash|Unburden|DireClaw,CloseCombat,FakeOut,Protect|Jolly||M|||50|
|showteam|p2|Alakazam||Alakazite|Synchronize|NastyPlot,Encore,ExpandingForce,Protect|Timid||F|||50|]Gardevoir||Gardevoirite|Synchronize|HyperVoice,ExpandingForce,CalmMind,Protect|Timid||F|||50|]Meowstic||MentalHerb|Prankster|PsychicTerrain,FakeOut,Reflect,LightScreen|Careful||M|||50|]Incineroar||PasshoBerry|Intimidate|FakeOut,PartingShot,FlareBlitz,ThroatChop|Impish||M|||50|]Maushold-Four||FocusSash|FriendGuard|PopulationBomb,Encore,FollowMe,Protect|Jolly|||||50|]Farigiraf||SitrusBerry|ArmorTail|ExpandingForce,TrickRoom,GrassKnot,Protect|Sassy||M|||50|
|inactive|Battle timer is ON: inactive players will automatically lose when time's up. (requested by Jared66)
|inactive|282839393m has 60 seconds left.
|
|t:|1784190663
|teamsize|p1|4
|teamsize|p2|4
|start
|switch|p1a: Sneasler|Sneasler, L50, M|100/100
|switch|p1b: Basculegion|Basculegion, L50, M|100/100
|switch|p2a: Alakazam|Alakazam, L50, F|100/100
|switch|p2b: Meowstic|Meowstic, L50, M|100/100
|turn|1
|
|t:|1784190683
|detailschange|p2a: Alakazam|Alakazam-Mega, L50, F
|-mega|p2a: Alakazam|Alakazam|Alakazite
|-ability|p2a: Alakazam|Unburden|Trace|[from] ability: Trace|[of] p1a: Sneasler
|move|p2a: Alakazam|Protect|p2a: Alakazam
|-singleturn|p2a: Alakazam|Protect
|move|p1a: Sneasler|Fake Out|p2a: Alakazam
|-activate|p2a: Alakazam|move: Protect
|move|p2b: Meowstic|Reflect|p2b: Meowstic
|-sidestart|p2: 282839393m|Reflect
|move|p1b: Basculegion|Wave Crash|p2b: Meowstic
|-damage|p2b: Meowstic|49/100
|-damage|p1b: Basculegion|84/100|[from] Recoil
|
|upkeep
|turn|2
|inactive|282839393m has 30 seconds left.
|
|t:|1784190710
|switch|p2b: Maushold|Maushold-Four, L50|100/100
|move|p2a: Alakazam|Encore|p1a: Sneasler
|-start|p1a: Sneasler|Encore
|move|p1a: Sneasler|Fake Out||[still]
|-hint|Fake Out only works on your first turn out.
|-fail|p1a: Sneasler
|move|p1b: Basculegion|Wave Crash|p2b: Maushold
|-damage|p2b: Maushold|33/100
|-damage|p1b: Basculegion|64/100|[from] Recoil
|
|upkeep
|turn|3
|
|t:|1784190727
|switch|p1a: Garchomp|Garchomp, L50, F|100/100
|move|p2b: Maushold|Follow Me|p2b: Maushold
|-singleturn|p2b: Maushold|move: Follow Me
|move|p2a: Alakazam|Nasty Plot|p2a: Alakazam
|-boost|p2a: Alakazam|spa|2
|move|p1b: Basculegion|Wave Crash|p2b: Maushold
|-damage|p2b: Maushold|0 fnt
|faint|p2b: Maushold
|-damage|p1b: Basculegion|54/100|[from] Recoil
|
|upkeep
|
|t:|1784190730
|switch|p2b: Meowstic|Meowstic, L50, M|49/100
|turn|4
|
|t:|1784190741
|move|p2b: Meowstic|Fake Out|p1a: Garchomp
|-damage|p1a: Garchomp|95/100
|-damage|p2b: Meowstic|37/100|[from] ability: Rough Skin|[of] p1a: Garchomp
|move|p2a: Alakazam|Expanding Force|p1b: Basculegion
|-damage|p1b: Basculegion|0 fnt
|faint|p1b: Basculegion
|cant|p1a: Garchomp|flinch
|
|upkeep
|
|t:|1784190753
|switch|p1b: Sneasler|Sneasler, L50, M|100/100
|turn|5
|c|☆282839393m|Lol bro
|
|t:|1784190767
|switch|p2b: Incineroar|Incineroar, L50, M|100/100
|-ability|p2b: Incineroar|Intimidate|boost
|-unboost|p1a: Garchomp|atk|1
|-unboost|p1b: Sneasler|atk|1
|move|p2a: Alakazam|Expanding Force|p1b: Sneasler
|-supereffective|p1b: Sneasler|2
|-enditem|p1b: Sneasler|Focus Sash
|-damage|p1b: Sneasler|1/100
|move|p1b: Sneasler|Dire Claw|p2a: Alakazam
|-damage|p2a: Alakazam|64/100
|move|p1a: Garchomp|Earthquake|p2b: Incineroar|[spread] p1b,p2a,p2b
|-supereffective|p1b: Sneasler|1
|-supereffective|p2b: Incineroar|1
|-crit|p2b: Incineroar
|-damage|p1b: Sneasler|0 fnt
|-damage|p2a: Alakazam|17/100
|-damage|p2b: Incineroar|0 fnt
|faint|p1b: Sneasler
|faint|p2b: Incineroar
|-damage|p1a: Garchomp|85/100|[from] item: Life Orb
|
|-sideend|p2: 282839393m|Reflect
|upkeep
|
|t:|1784190781
|switch|p1b: Raichu|Raichu, L50, M|100/100
|switch|p2b: Meowstic|Meowstic, L50, M|37/100
|turn|6
|inactive|Jared66 has 30 seconds left.
|
|t:|1784190808
|detailschange|p1b: Raichu|Raichu-Mega-Y, L50, M
|-mega|p1b: Raichu|Raichu|Raichunite Y
|move|p2b: Meowstic|Psychic Terrain|p2b: Meowstic
|-fieldstart|move: Psychic Terrain
|move|p2a: Alakazam|Expanding Force|p1b: Raichu|[spread] p1a,p1b
|-damage|p1a: Garchomp|0 fnt
|-damage|p1b: Raichu|0 fnt
|faint|p1a: Garchomp
|faint|p1b: Raichu
|
|win|282839393m
|raw|Jared66's rating: 1153 → 1125(-28 for losing)
|raw|282839393m's rating: 1105 → 1133(+28 for winning)
|l|☆Jared66
|player|p1|
|l|☆282839393m
|player|p2|
|j|☆282839393m
|player|p2|282839393m|hilbert|
