|j|☆lettitripppp
|j|☆thecrazur
|html|lettitrippppthecrazur    
|uhtml|bestof|Game 2 of a best-of-3
|t:|1784766163
|gametype|doubles
|player|p1|lettitripppp|lucas|1278
|player|p2|thecrazur|2|1247
|gen|9
|tier|[Gen 9 Champions] VGC 2026 Reg M-B (Bo3)
|rated|
|rule|Species Clause: Limit one of each Pokémon
|rule|Item Clause: Limit 1 of each item
|clearpoke
|poke|p1|Charizard, L50, F, shiny|
|poke|p1|Basculegion, L50, M, shiny|
|poke|p1|Pelipper, L50, F|
|poke|p1|Venusaur, L50, F|
|poke|p1|Archaludon, L50, F|
|poke|p1|Grimmsnarl, L50, M, shiny|
|poke|p2|Blaziken, L50, F|
|poke|p2|Ninetales-Alola, L50, M|
|poke|p2|Sinistcha, L50|
|poke|p2|Aerodactyl, L50, M|
|poke|p2|Kingambit, L50, M|
|poke|p2|Basculegion, L50, M|
|teampreview|4
|showteam|p1|Charizard||CharizarditeY|Blaze|WeatherBall,SolarBeam,HeatWave,Protect|Modest||F|||50|]Basculegion||ChoiceScarf|Adaptability|LastRespects,WaveCrash,FlipTurn,AquaJet|Jolly||M|||50|]Pelipper||SitrusBerry|Drizzle|WeatherBall,WideGuard,Hurricane,Tailwind|Modest||F|||50|]Venusaur||FocusSash|Chlorophyll|SleepPowder,SludgeBomb,EarthPower,Protect|Modest||F|||50|]Archaludon||Leftovers|Stamina|FlashCannon,DragonPulse,ElectroShot,Protect|Calm||F|||50|]Grimmsnarl||LightClay|Prankster|PartingShot,LightScreen,SpiritBreak,Reflect|Relaxed||M|||50|
|showteam|p2|Blaziken||Blazikenite|SpeedBoost|AuraSphere,HeatWave,ScorchingSands,Detect|Modest||F|||50|]Ninetales-Alola||LifeOrb|SnowWarning|Blizzard,FreezeDry,Moonblast,Protect|Timid||M|||50|]Sinistcha||ColburBerry|Hospitality|MatchaGotcha,Protect,TrickRoom,RagePowder|Bold|||||50|]Aerodactyl||Aerodactylite|Unnerve|RockSlide,DualWingbeat,Protect,Tailwind|Jolly||M|||50|]Kingambit||FocusSash|Defiant|SuckerPunch,IronHead,LowKick,KowtowCleave|Adamant||M|||50|]Basculegion||ChoiceScarf|Adaptability|LastRespects,WaveCrash,AquaJet,FlipTurn|Jolly||M|||50|
|inactive|Battle timer is ON: inactive players will automatically lose when time's up. (requested by lettitripppp)
|inactive|thecrazur has 60 seconds left.
|inactive|thecrazur has 30 seconds left.
|inactive|thecrazur has 20 seconds left.
|
|t:|1784766234
|teamsize|p1|4
|teamsize|p2|4
|start
|switch|p1a: GHOSTWAVE|Basculegion, L50, M, shiny|100/100
|switch|p1b: WET-BEAK|Pelipper, L50, F|100/100
|switch|p2a: Blaziken|Blaziken, L50, F|100/100
|switch|p2b: Kingambit|Kingambit, L50, M|100/100
|-weather|RainDance|[from] ability: Drizzle|[of] p1b: WET-BEAK
|turn|1
|inactive|thecrazur has 30 seconds left.
|
|t:|1784766262
|switch|p1a: GO JOHAN|Grimmsnarl, L50, M, shiny|100/100
|switch|p2b: Basculegion|Basculegion, L50, M|100/100
|detailschange|p2a: Blaziken|Blaziken-Mega, L50, F
|-mega|p2a: Blaziken|Blaziken|Blazikenite
|move|p2a: Blaziken|Detect|p2a: Blaziken
|-singleturn|p2a: Blaziken|Protect
|move|p1b: WET-BEAK|Tailwind|p1b: WET-BEAK
|-sidestart|p1: lettitripppp|move: Tailwind
|
|-weather|RainDance|[upkeep]
|-ability|p2a: Blaziken|Speed Boost|boost
|-boost|p2a: Blaziken|spe|1
|upkeep
|turn|2
|
|t:|1784766287
|switch|p2a: Kingambit|Kingambit, L50, M|100/100
|move|p1a: GO JOHAN|Reflect|p1a: GO JOHAN
|-sidestart|p1: lettitripppp|Reflect
|move|p2b: Basculegion|Wave Crash|p1a: GO JOHAN
|-damage|p1a: GO JOHAN|29/100
|-damage|p2b: Basculegion|76/100|[from] Recoil
|move|p1b: WET-BEAK|Weather Ball|p2a: Kingambit
|-damage|p2a: Kingambit|23/100
|
|-weather|RainDance|[upkeep]
|upkeep
|turn|3
|
|t:|1784766303
|move|p1a: GO JOHAN|Parting Shot|p2b: Basculegion
|-unboost|p2b: Basculegion|atk|1
|-unboost|p2b: Basculegion|spa|1
|
|t:|1784766307
|switch|p1a: GHOSTWAVE|Basculegion, L50, M, shiny|100/100|[from] Parting Shot
|move|p2a: Kingambit|Sucker Punch|p1b: WET-BEAK
|-damage|p1b: WET-BEAK|71/100
|move|p2b: Basculegion|Wave Crash|p1b: WET-BEAK
|-resisted|p1b: WET-BEAK|1
|-crit|p1b: WET-BEAK
|-damage|p1b: WET-BEAK|0 fnt
|faint|p1b: WET-BEAK
|-damage|p2b: Basculegion|56/100|[from] Recoil
|
|-weather|RainDance|[upkeep]
|upkeep
|
|t:|1784766316
|switch|p1b: AGNI|Charizard, L50, F, shiny|100/100
|turn|4
|
|t:|1784766333
|detailschange|p1b: AGNI|Charizard-Mega-Y, L50, F, shiny
|-mega|p1b: AGNI|Charizard|Charizardite Y
|-weather|SunnyDay|[from] ability: Drought|[of] p1b: AGNI
|move|p2a: Kingambit|Sucker Punch|p1a: GHOSTWAVE
|-supereffective|p1a: GHOSTWAVE|1
|-damage|p1a: GHOSTWAVE|28/100
|move|p1a: GHOSTWAVE|Last Respects|p2b: Basculegion
|-supereffective|p2b: Basculegion|1
|-damage|p2b: Basculegion|0 fnt
|faint|p2b: Basculegion
|move|p1b: AGNI|Heat Wave|p2a: Kingambit
|-supereffective|p2a: Kingambit|1
|-damage|p2a: Kingambit|0 fnt
|faint|p2a: Kingambit
|
|-weather|SunnyDay|[upkeep]
|-sideend|p1: lettitripppp|move: Tailwind
|upkeep
|
|t:|1784766350
|switch|p2b: Aerodactyl|Aerodactyl, L50, M|100/100
|switch|p2a: Blaziken|Blaziken-Mega, L50, F|100/100
|-ability|p2b: Aerodactyl|Unnerve
|turn|5
|
|t:|1784766369
|move|p2b: Aerodactyl|Protect|p2b: Aerodactyl
|-singleturn|p2b: Aerodactyl|Protect
|move|p2a: Blaziken|Detect|p2a: Blaziken
|-singleturn|p2a: Blaziken|Protect
|move|p1a: GHOSTWAVE|Last Respects|p2b: Aerodactyl
|-activate|p2b: Aerodactyl|move: Protect
|move|p1b: AGNI|Solar Beam||[still]
|-prepare|p1b: AGNI|Solar Beam
|-anim|p1b: AGNI|Solar Beam|p2b: Aerodactyl
|-activate|p2b: Aerodactyl|move: Protect
|
|-weather|SunnyDay|[upkeep]
|-ability|p2a: Blaziken|Speed Boost|boost
|-boost|p2a: Blaziken|spe|1
|upkeep
|turn|6
|inactive|thecrazur has 30 seconds left.
|
|t:|1784766398
|move|p2a: Blaziken|Scorching Sands|p1a: GHOSTWAVE
|-damage|p1a: GHOSTWAVE|0 fnt
|faint|p1a: GHOSTWAVE
|move|p2b: Aerodactyl|Rock Slide|p1b: AGNI
|-supereffective|p1b: AGNI|2
|-damage|p1b: AGNI|11/100
|cant|p1b: AGNI|flinch
|
|-weather|SunnyDay|[upkeep]
|-ability|p2a: Blaziken|Speed Boost|boost
|-boost|p2a: Blaziken|spe|1
|upkeep
|
|t:|1784766411
|switch|p1a: GO JOHAN|Grimmsnarl, L50, M, shiny|29/100
|turn|7
|
|t:|1784766419
|move|p1b: AGNI|Protect|p1b: AGNI
|-singleturn|p1b: AGNI|Protect
|move|p1a: GO JOHAN|Light Screen|p1a: GO JOHAN
|-sidestart|p1: lettitripppp|move: Light Screen
|move|p2a: Blaziken|Heat Wave|p1b: AGNI|[spread] p1a
|-activate|p1b: AGNI|move: Protect
|-damage|p1a: GO JOHAN|0 fnt
|faint|p1a: GO JOHAN
|move|p2b: Aerodactyl|Rock Slide|p1b: AGNI
|-activate|p1b: AGNI|move: Protect
|
|-weather|SunnyDay|[upkeep]
|-ability|p2a: Blaziken|Speed Boost|boost
|-boost|p2a: Blaziken|spe|1
|upkeep
|turn|8
|
|t:|1784766433
|move|p2a: Blaziken|Heat Wave|p1b: AGNI
|-resisted|p1b: AGNI|1
|-damage|p1b: AGNI|0 fnt
|faint|p1b: AGNI
|
|win|thecrazur
