|j|☆gunkqing
|j|☆Draxolotl
|html|gunkqingDraxolotl    
|uhtml|bestof|Game 3 of a best-of-3
|t:|1756404593
|gametype|doubles
|player|p1|gunkqing|striker|
|player|p2|Draxolotl|shelly|
|gen|9
|tier|[Gen 9] VGC 2025 Reg H (Bo3)
|rule|Species Clause: Limit one of each Pokémon
|rule|Item Clause: Limit 1 of each item
|clearpoke
|poke|p1|Charizard, L50, F|
|poke|p1|Jumpluff, L50, M|
|poke|p1|Torkoal, L50, M|
|poke|p1|Ursaluna, L50, M|
|poke|p1|Incineroar, L50, F|
|poke|p1|Duskull, L50, M|
|poke|p2|Pelipper, L50, F|
|poke|p2|Archaludon, L50, M|
|poke|p2|Basculegion, L50, M|
|poke|p2|Amoonguss, L50, F|
|poke|p2|Incineroar, L50, F|
|poke|p2|Gholdengo, L50|
|teampreview|4
|showteam|p1|Charizard||ChoiceSpecs|SolarPower|HeatWave,Overheat,WeatherBall,DragonPulse|||F|||50|,,,,,Ghost]Jumpluff||CovertCloak|Chlorophyll|SleepPowder,Tailwind,RagePowder,SunnyDay|||M|||50|,,,,,Water]Torkoal||EjectPack|Drought|Overheat,Eruption,ClearSmog,Protect|||M|||50|,,,,,Fire]Ursaluna||FlameOrb|Guts|Facade,HeadlongRush,Earthquake,Protect|||M|||50|,,,,,Ghost]Incineroar||AssaultVest|Intimidate|FakeOut,FlareBlitz,KnockOff,Uturn|||F|||50|,,,,,Grass]Duskull||Eviolite|Levitate|NightShade,TrickRoom,HelpingHand,PainSplit|||M|||50|,,,,,Steel
|showteam|p2|Pelipper||FocusSash|Drizzle|Protect,MuddyWater,Hurricane,Tailwind|||F|||50|,,,,,Ghost]Archaludon||AssaultVest|Stamina|ElectroShot,DragonPulse,Snarl,BodyPress|||M|||50|,,,,,Grass]Basculegion||ChoiceScarf|Adaptability|WaveCrash,LastRespects,FlipTurn,AquaJet|||M|||50|,,,,,Water]Amoonguss||CovertCloak|Regenerator|Protect,PollenPuff,Spore,RagePowder|||F|||50|,,,,,Psychic]Incineroar||SafetyGoggles|Intimidate|FakeOut,KnockOff,Taunt,PartingShot|||F|||50|,,,,,Ghost]Gholdengo||LifeOrb|GoodasGold|Protect,MakeItRain,ShadowBall,NastyPlot||||||50|,,,,,Water
|inactive|Battle timer is ON: inactive players will automatically lose when time's up. (requested by Draxolotl)
|inactive|gunkqing also wants the timer to be on.
|inactive|gunkqing has 60 seconds left.
|inactive|gunkqing has 30 seconds left.
|
|t:|1756404658
|teamsize|p1|4
|teamsize|p2|4
|start
|switch|p1a: Jumpluff|Jumpluff, L50, M|100/100
|switch|p1b: Incineroar|Incineroar, L50, F|100/100
|switch|p2a: Bridge|Archaludon, L50, M, shiny|100/100
|switch|p2b: Cat|Incineroar, L50, F|100/100
|-ability|p2b: Cat|Intimidate|boost
|-unboost|p1a: Jumpluff|atk|1
|-unboost|p1b: Incineroar|atk|1
|-ability|p1b: Incineroar|Intimidate|boost
|-unboost|p2a: Bridge|atk|1
|-unboost|p2b: Cat|atk|1
|turn|1
|inactive|Draxolotl has 30 seconds left.
|
|t:|1756404684
|-terastallize|p2a: Bridge|Grass
|move|p2b: Cat|Fake Out|p1b: Incineroar
|-damage|p1b: Incineroar|94/100
|move|p1a: Jumpluff|Tailwind|p1a: Jumpluff
|-sidestart|p1: gunkqing|move: Tailwind
|cant|p1b: Incineroar|flinch
|move|p2a: Bridge|Dragon Pulse|p1a: Jumpluff
|-damage|p1a: Jumpluff|59/100
|
|upkeep
|turn|2
|inactive|gunkqing has 30 seconds left.
|inactive|gunkqing has 20 seconds left.
|inactive|gunkqing has 15 seconds left.
|inactive|gunkqing has 10 seconds left.
|
|t:|1756404732
|move|p1a: Jumpluff|Sunny Day|p1a: Jumpluff
|-weather|SunnyDay
|move|p1b: Incineroar|U-turn|p2b: Cat
|-damage|p2b: Cat|87/100
|
|t:|1756404736
|switch|p1b: Charizard|Charizard, L50, F, shiny|100/100|[from] U-turn
|move|p2b: Cat|Taunt|p1a: Jumpluff
|-start|p1a: Jumpluff|move: Taunt
|move|p2a: Bridge|Dragon Pulse|p1b: Charizard
|-damage|p1b: Charizard|40/100
|
|-weather|SunnyDay|[upkeep]
|-damage|p1b: Charizard|27/100|[from] ability: Solar Power|[of] p1b: Charizard
|upkeep
|turn|3
|inactive|gunkqing has 30 seconds left.
|inactive|Draxolotl has 30 seconds left.
|inactive|Draxolotl has 20 seconds left.
|inactive|Draxolotl has 15 seconds left.
|
|t:|1756404778
|switch|p1a: Incineroar|Incineroar, L50, F|94/100
|-ability|p1a: Incineroar|Intimidate|boost
|-unboost|p2a: Bridge|atk|1
|-unboost|p2b: Cat|atk|1
|switch|p1b: Torkoal|Torkoal, L50, M, shiny|100/100
|switch|p2a: Birb|Pelipper, L50, F|100/100
|-weather|RainDance|[from] ability: Drizzle|[of] p2a: Birb
|move|p2b: Cat|Knock Off|p1b: Torkoal
|-damage|p1b: Torkoal|85/100
|-enditem|p1b: Torkoal|Eject Pack|[from] move: Knock Off|[of] p2b: Cat
|
|-weather|RainDance|[upkeep]
|upkeep
|turn|4
|inactive|gunkqing has 30 seconds left.
|inactive|gunkqing has 20 seconds left.
|inactive|gunkqing has 15 seconds left.
|
|t:|1756404822
|switch|p2a: Feesh|Basculegion, L50, M|100/100
|switch|p1b: Jumpluff|Jumpluff, L50, M|59/100
|move|p1a: Incineroar|U-turn|p2b: Cat
|-crit|p2b: Cat
|-damage|p2b: Cat|53/100
|
|t:|1756404842
|switch|p1a: Torkoal|Torkoal, L50, M, shiny|85/100|[from] U-turn
|-weather|SunnyDay|[from] ability: Drought|[of] p1a: Torkoal
|move|p2b: Cat|Taunt|p1b: Jumpluff
|-start|p1b: Jumpluff|move: Taunt
|
|-weather|SunnyDay|[upkeep]
|-sideend|p1: gunkqing|move: Tailwind
|upkeep
|turn|5
|
|t:|1756404861
|switch|p2b: Birb|Pelipper, L50, F|100/100
|-weather|RainDance|[from] ability: Drizzle|[of] p2b: Birb
|switch|p1a: Incineroar|Incineroar, L50, F|94/100
|-ability|p1a: Incineroar|Intimidate|boost
|-unboost|p2a: Feesh|atk|1
|-unboost|p2b: Birb|atk|1
|move|p2a: Feesh|Wave Crash|p1b: Jumpluff
|-resisted|p1b: Jumpluff
|-crit|p1b: Jumpluff
|-damage|p1b: Jumpluff|0 fnt
|faint|p1b: Jumpluff
|-damage|p2a: Feesh|83/100|[from] Recoil
|
|-weather|RainDance|[upkeep]
|upkeep
|
|t:|1756404876
|switch|p1b: Torkoal|Torkoal, L50, M, shiny|85/100
|-weather|SunnyDay|[from] ability: Drought|[of] p1b: Torkoal
|turn|6
|
|t:|1756404896
|switch|p2b: Cat|Incineroar, L50, F|53/100
|-ability|p2b: Cat|Intimidate|boost
|-unboost|p1a: Incineroar|atk|1
|-unboost|p1b: Torkoal|atk|1
|move|p1a: Incineroar|Fake Out|p2b: Cat
|-damage|p2b: Cat|45/100
|move|p2a: Feesh|Wave Crash|p1a: Incineroar
|-supereffective|p1a: Incineroar
|-damage|p1a: Incineroar|46/100
|-damage|p2a: Feesh|66/100|[from] Recoil
|move|p1b: Torkoal|Eruption|p2a: Feesh|[spread] p2a,p2b
|-resisted|p2a: Feesh
|-resisted|p2b: Cat
|-damage|p2a: Feesh|28/100
|-damage|p2b: Cat|15/100
|
|-weather|SunnyDay|[upkeep]
|upkeep
|turn|7
|inactive|gunkqing has 30 seconds left.
|
|t:|1756404928
|move|p2b: Cat|Fake Out|p1b: Torkoal
|-damage|p1b: Torkoal|77/100
|move|p2a: Feesh|Wave Crash|p1a: Incineroar
|-supereffective|p1a: Incineroar
|-damage|p1a: Incineroar|0 fnt
|faint|p1a: Incineroar
|-damage|p2a: Feesh|12/100|[from] Recoil
|cant|p1b: Torkoal|flinch
|
|-weather|SunnyDay|[upkeep]
|upkeep
|
|t:|1756404930
|switch|p1a: Charizard|Charizard, L50, F, shiny|27/100
|turn|8
|-message|gunkqing forfeited.
|
|win|Draxolotl
|c|☆Draxolotl|gg
|c|☆gunkqing|ggs
