|j|☆PaparaEX
|j|☆I love bo3
|html|PaparaEXI love bo3    
|uhtml|bestof|Game 1 of a best-of-3
|t:|1785424535
|gametype|doubles
|player|p1|PaparaEX|101|
|player|p2|I love bo3|perrin|
|gen|9
|tier|[Gen 9 Champions] VGC 2026 Reg M-B (Bo3)
|rule|Species Clause: Limit one of each Pokémon
|rule|Item Clause: Limit 1 of each item
|clearpoke
|poke|p1|Lycanroc-Dusk, L50, M|
|poke|p1|Hydreigon, L50, F|
|poke|p1|Talonflame, L50, F|
|poke|p1|Venusaur, L50, F|
|poke|p1|Metagross, L50|
|poke|p1|Primarina, L50, M|
|poke|p2|Staraptor, L50, M, shiny|
|poke|p2|Charizard, L50, M, shiny|
|poke|p2|Garchomp, L50, M, shiny|
|poke|p2|Gholdengo, L50|
|poke|p2|Whimsicott, L50, F, shiny|
|poke|p2|Rotom-Wash, L50|
|teampreview|4
|showteam|p1|Lycanroc-Dusk||FocusSash|ToughClaws|RockSlide,Accelerock,CloseCombat,Protect|Adamant||M|||50|]Hydreigon||LifeOrb|Levitate|DracoMeteor,DarkPulse,EarthPower,Protect|Modest||F|||50|]Talonflame||Charcoal|GaleWings|Overheat,Taunt,QuickGuard,Tailwind|Timid||F|||50|]Venusaur||Venusaurite|Chlorophyll|GigaDrain,SludgeBomb,EarthPower,Protect|Modest||F|||50|]Metagross||Metagrossite|ClearBody|IronHead,PsychicFangs,IcePunch,Protect|Jolly|||||50|]Primarina||ExpertBelt|LiquidVoice|HyperVoice,Moonblast,IceBeam,Protect|Modest||M|||50|
|showteam|p2|Staraptor||Staraptite|Intimidate|CloseCombat,DualWingbeat,Roost,Protect|Jolly||M|||50|]Charizard||CharizarditeY|Blaze|WeatherBall,HeatWave,SolarBeam,Protect|Modest||M|||50|]Garchomp||LifeOrb|RoughSkin|Earthquake,DragonClaw,RockSlide,Protect|Jolly||M|||50|]Gholdengo||SpellTag|GoodasGold|MakeItRain,ShadowBall,NastyPlot,Protect|Modest|||||50|]Whimsicott||FocusSash|Prankster|Moonblast,Charm,Tailwind,Protect|Timid||F|||50|]Rotom-Wash||ChoiceScarf|Levitate|HydroPump,VoltSwitch,Electroweb,WillOWisp|Timid|||||50|
|j| smallyeeaa
|j| BenBen84
|j| zuutokei2
|
|t:|1785424666
|teamsize|p1|4
|teamsize|p2|4
|start
|switch|p1a: Talonflame|Talonflame, L50, F|100/100
|switch|p1b: Hydreigon|Hydreigon, L50, F|100/100
|switch|p2a: Staraptor|Staraptor, L50, M, shiny|100/100
|switch|p2b: Whimsicott|Whimsicott, L50, F, shiny|100/100
|-ability|p2a: Staraptor|Intimidate|boost
|-unboost|p1a: Talonflame|atk|1
|-unboost|p1b: Hydreigon|atk|1
|turn|1
|
|t:|1785424722
|detailschange|p2a: Staraptor|Staraptor-Mega, L50, M, shiny
|-mega|p2a: Staraptor|Staraptor|Staraptite
|move|p1a: Talonflame|Tailwind|p1a: Talonflame
|-sidestart|p1: PaparaEX|move: Tailwind
|move|p2b: Whimsicott|Charm|p2a: Staraptor
|-boost|p2a: Staraptor|atk|2
|move|p1b: Hydreigon|Draco Meteor|p2a: Staraptor
|-damage|p2a: Staraptor|0 fnt
|-unboost|p1b: Hydreigon|spa|2
|faint|p2a: Staraptor
|-damage|p1b: Hydreigon|90/100|[from] item: Life Orb
|
|upkeep
|
|t:|1785424735
|switch|p2a: Rotom|Rotom-Wash, L50|100/100
|turn|2
|c| BenBen84|這會死喔
|c|☆PaparaEX|怕了吧
|
|t:|1785424788
|switch|p1b: Venusaur|Venusaur, L50, F|100/100
|move|p2b: Whimsicott|Tailwind|p2b: Whimsicott
|-sidestart|p2: I love bo3|move: Tailwind
|move|p2a: Rotom|Volt Switch|p1a: Talonflame
|-supereffective|p1a: Talonflame|1
|-damage|p1a: Talonflame|6/100
|
|t:|1785424795
|switch|p2a: Gholdengo|Gholdengo, L50|100/100|[from] Volt Switch
|move|p1a: Talonflame|Overheat|p2b: Whimsicott|[miss]
|-miss|p1a: Talonflame|p2b: Whimsicott
|
|upkeep
|turn|3
|c|☆PaparaEX|QQ
|c| BenBen84|哭了
|c| BenBen84|確定運氣要用在這嗎
|
|t:|1785424824
|switch|p2b: Rotom|Rotom-Wash, L50|100/100
|detailschange|p1b: Venusaur|Venusaur-Mega, L50, F
|-mega|p1b: Venusaur|Venusaur|Venusaurite
|move|p2a: Gholdengo|Protect|p2a: Gholdengo
|-singleturn|p2a: Gholdengo|Protect
|move|p1a: Talonflame|Overheat|p2b: Rotom
|-resisted|p2b: Rotom|1
|-damage|p2b: Rotom|66/100
|-unboost|p1a: Talonflame|spa|2
|move|p1b: Venusaur|Sludge Bomb|p2b: Rotom
|-damage|p2b: Rotom|15/100
|-status|p2b: Rotom|psn
|
|-damage|p2b: Rotom|3/100 psn|[from] psn
|upkeep
|turn|4
|
|t:|1785424841
|switch|p1a: Hydreigon|Hydreigon, L50, F|90/100
|move|p2b: Rotom|Volt Switch|p1a: Hydreigon
|-resisted|p1a: Hydreigon|1
|-damage|p1a: Hydreigon|73/100
|
|t:|1785424846
|switch|p2b: Whimsicott|Whimsicott, L50, F, shiny|100/100|[from] Volt Switch
|move|p1b: Venusaur|Earth Power|p2a: Gholdengo
|-supereffective|p2a: Gholdengo|1
|-crit|p2a: Gholdengo
|-damage|p2a: Gholdengo|23/100
|move|p2a: Gholdengo|Nasty Plot|p2a: Gholdengo
|-boost|p2a: Gholdengo|spa|2
|
|-sideend|p1: PaparaEX|move: Tailwind
|upkeep
|turn|5
|
|t:|1785424881
|move|p1b: Venusaur|Protect|p1b: Venusaur
|-singleturn|p1b: Venusaur|Protect
|move|p2b: Whimsicott|Moonblast|p1b: Venusaur
|-activate|p1b: Venusaur|move: Protect
|move|p2a: Gholdengo|Shadow Ball|p1b: Venusaur
|-activate|p1b: Venusaur|move: Protect
|move|p1a: Hydreigon|Dark Pulse|p2b: Whimsicott
|-resisted|p2b: Whimsicott|1
|-damage|p2b: Whimsicott|56/100
|-damage|p1a: Hydreigon|63/100|[from] item: Life Orb
|
|-sideend|p2: I love bo3|move: Tailwind
|upkeep
|turn|6
|
|t:|1785424900
|switch|p1b: Lycanroc|Lycanroc-Dusk, L50, M|100/100
|move|p2b: Whimsicott|Tailwind|p2b: Whimsicott
|-sidestart|p2: I love bo3|move: Tailwind
|move|p2a: Gholdengo|Make It Rain|p1a: Hydreigon|[spread] p1a,p1b
|-supereffective|p1b: Lycanroc|1
|-damage|p1a: Hydreigon|0 fnt
|-enditem|p1b: Lycanroc|Focus Sash
|-damage|p1b: Lycanroc|1/100
|-unboost|p2a: Gholdengo|spa|2
|faint|p1a: Hydreigon
|
|upkeep
|
|t:|1785424907
|switch|p1a: Talonflame|Talonflame, L50, F|6/100
|turn|7
|j| Jason0103
|
|t:|1785424959
|move|p1b: Lycanroc|Accelerock|p2a: Gholdengo
|-resisted|p2a: Gholdengo|1
|-damage|p2a: Gholdengo|11/100
|move|p2b: Whimsicott|Moonblast|p1a: Talonflame
|-resisted|p1a: Talonflame|1
|-damage|p1a: Talonflame|0 fnt
|faint|p1a: Talonflame
|move|p2a: Gholdengo|Nasty Plot|p2a: Gholdengo
|-boost|p2a: Gholdengo|spa|2
|
|upkeep
|
|t:|1785424965
|switch|p1a: Venusaur|Venusaur-Mega, L50, F|100/100
|turn|8
|
|t:|1785425023
|move|p1b: Lycanroc|Accelerock|p2a: Gholdengo
|-resisted|p2a: Gholdengo|1
|-damage|p2a: Gholdengo|0 fnt
|faint|p2a: Gholdengo
|move|p2b: Whimsicott|Moonblast|p1a: Venusaur
|-resisted|p1a: Venusaur|1
|-damage|p1a: Venusaur|86/100
|move|p1a: Venusaur|Earth Power|p2b: Whimsicott
|-resisted|p2b: Whimsicott|1
|-damage|p2b: Whimsicott|31/100
|
|upkeep
|-message|I love bo3 forfeited.
|
|win|PaparaEX
|l|☆I love bo3
|player|p2|
||I love bo3 is ready for game 2.
|inactive|PaparaEX has 30 seconds to confirm battle start!
||PaparaEX is ready for game 2.
|uhtml|next|Next: Game 2 of 3
|l| smallyeeaa
|l|☆PaparaEX
|player|p1|
|j|☆I love bo3
|player|p2|I love bo3|perrin|
