|j|☆25th_mang
|j|☆HeoWay
|html|25th_mangHeoWay    
|uhtml|bestof|Game 1 of a best-of-3
|t:|1783567756
|gametype|doubles
|player|p1|25th_mang|ballguy|1237
|player|p2|HeoWay|265|1192
|gen|9
|tier|[Gen 9 Champions] VGC 2026 Reg M-B (Bo3)
|rated|
|rule|Species Clause: Limit one of each Pokémon
|rule|Item Clause: Limit 1 of each item
|clearpoke
|poke|p1|Chandelure, L50, F|
|poke|p1|Garchomp, L50, M|
|poke|p1|Kingambit, L50, F|
|poke|p1|Tsareena, L50, F|
|poke|p1|Whimsicott, L50, M|
|poke|p1|Starmie, L50|
|poke|p2|Froslass, L50, F|
|poke|p2|Basculegion, L50, M|
|poke|p2|Kingambit, L50, M|
|poke|p2|Infernape, L50, M|
|poke|p2|Aerodactyl, L50, M|
|poke|p2|Glaceon, L50, M|
|teampreview|4
|showteam|p1|Chandelure||Chandelurite|FlashFire|HeatWave,ShadowBall,TrickRoom,Protect|Modest||F|||50|]Garchomp||LifeOrb|RoughSkin|StompingTantrum,DragonClaw,RockSlide,Protect|Jolly||M|||50|]Kingambit||ChopleBerry|Defiant|IronHead,SuckerPunch,LowKick,Protect|Adamant||F|||50|]Tsareena||WideLens|QueenlyMajesty|PowerWhip,TripleAxel,HelpingHand,Protect|Adamant||F|||50|]Whimsicott||FocusSash|Prankster|Moonblast,Tailwind,Encore,SunnyDay|Modest||M|||50|]Starmie||ChoiceScarf|NaturalCure|Scald,IcyWind,Psychic,Thunderbolt|Modest|||||50|
|showteam|p2|Froslass||Froslassite|SnowCloak|Blizzard,ShadowBall,AuroraVeil,Protect|Modest||F|||50|]Basculegion||SitrusBerry|Adaptability|WaveCrash,LastRespects,AquaJet,Protect|Adamant||M|||50|]Kingambit||BlackGlasses|Defiant|KowtowCleave,SuckerPunch,SwordsDance,Protect|Adamant||M|||50|]Infernape||FocusSash|IronFist|CloseCombat,FakeOut,Protect,FirePunch|Jolly||M|||50|]Aerodactyl||Aerodactylite|Unnerve|RockSlide,Protect,DualWingbeat,Tailwind|Jolly||M|||50|]Glaceon||NeverMeltIce|SnowCloak|Blizzard,Protect,FreezeDry,CalmMind|Modest||M|||50|
|inactive|Battle timer is ON: inactive players will automatically lose when time's up. (requested by HeoWay)
|inactive|25th_mang also wants the timer to be on.
|inactive|25th_mang has 60 seconds left.
|inactive|HeoWay has 60 seconds left.
|
|t:|1783567800
|teamsize|p1|4
|teamsize|p2|4
|start
|switch|p1a: Whimsicott|Whimsicott, L50, M|100/100
|switch|p1b: Kingambit|Kingambit, L50, F|100/100
|switch|p2a: Froslass|Froslass, L50, F|100/100
|switch|p2b: Kingambit|Kingambit, L50, M|100/100
|turn|1
|
|t:|1783567819
|switch|p2a: Infernape|Infernape, L50, M|100/100
|move|p1a: Whimsicott|Sunny Day|p1a: Whimsicott
|-weather|SunnyDay
|move|p1b: Kingambit|Low Kick|p2b: Kingambit
|-supereffective|p2b: Kingambit|2
|-damage|p2b: Kingambit|0 fnt
|faint|p2b: Kingambit
|
|-weather|SunnyDay|[upkeep]
|upkeep
|
|t:|1783567827
|switch|p2b: Froslass|Froslass, L50, F|100/100
|turn|2
|
|t:|1783567848
|switch|p2b: Basculegion|Basculegion, L50, M|100/100
|switch|p1b: Chandelure|Chandelure, L50, F|100/100
|move|p1a: Whimsicott|Tailwind|p1a: Whimsicott
|-sidestart|p1: 25th_mang|move: Tailwind
|move|p2a: Infernape|Fire Punch|p1b: Chandelure
|-start|p1b: Chandelure|ability: Flash Fire
|
|-weather|SunnyDay|[upkeep]
|upkeep
|turn|3
|inactive|25th_mang has 30 seconds left.
|inactive|HeoWay has 30 seconds left.
|
|t:|1783567879
|switch|p1a: Tsareena|Tsareena, L50, F|100/100
|switch|p2a: Froslass|Froslass, L50, F|100/100
|move|p2b: Basculegion|Protect|p2b: Basculegion
|-singleturn|p2b: Basculegion|Protect
|move|p1b: Chandelure|Shadow Ball|p2b: Basculegion
|-activate|p2b: Basculegion|move: Protect
|
|-weather|SunnyDay|[upkeep]
|upkeep
|turn|4
|inactive|25th_mang has 30 seconds left.
|
|t:|1783567909
|switch|p1a: Kingambit|Kingambit, L50, F|100/100
|switch|p2b: Infernape|Infernape, L50, M|100/100
|detailschange|p1b: Chandelure|Chandelure-Mega, L50, F
|-mega|p1b: Chandelure|Chandelure|Chandelurite
|-end|p1b: Chandelure|ability: Flash Fire|[silent]
|detailschange|p2a: Froslass|Froslass-Mega, L50, F
|-mega|p2a: Froslass|Froslass|Froslassite
|-weather|Snowscape|[from] ability: Snow Warning|[of] p2a: Froslass
|move|p2a: Froslass|Protect|p2a: Froslass
|-singleturn|p2a: Froslass|Protect
|move|p1b: Chandelure|Shadow Ball|p2b: Infernape
|-damage|p2b: Infernape|15/100
|
|-weather|Snowscape|[upkeep]
|upkeep
|turn|5
|inactive|25th_mang has 30 seconds left.
|
|t:|1783567941
|switch|p1b: Tsareena|Tsareena, L50, F|100/100
|switch|p2a: Basculegion|Basculegion, L50, M|100/100
|move|p2b: Infernape|Close Combat|p1a: Kingambit
|-supereffective|p1a: Kingambit|2
|-enditem|p1a: Kingambit|Chople Berry|[eat]
|-enditem|p1a: Kingambit|Chople Berry|[weaken]
|-damage|p1a: Kingambit|22/100
|-unboost|p2b: Infernape|def|1
|-unboost|p2b: Infernape|spd|1
|move|p1a: Kingambit|Iron Head|p2b: Infernape
|-resisted|p2b: Infernape|1
|-damage|p2b: Infernape|0 fnt
|faint|p2b: Infernape
|
|-weather|Snowscape|[upkeep]
|-sideend|p1: 25th_mang|move: Tailwind
|upkeep
|
|t:|1783567952
|switch|p2b: Froslass|Froslass-Mega, L50, F|100/100
|turn|6
|inactive|25th_mang has 30 seconds left.
|
|t:|1783567978
|move|p1b: Tsareena|Protect|p1b: Tsareena
|-singleturn|p1b: Tsareena|Protect
|move|p1a: Kingambit|Sucker Punch||[still]
|-fail|p1a: Kingambit
|move|p2b: Froslass|Aurora Veil|p2b: Froslass
|-sidestart|p2: HeoWay|move: Aurora Veil
|move|p2a: Basculegion|Last Respects|p1b: Tsareena
|-activate|p1b: Tsareena|move: Protect
|
|-weather|Snowscape|[upkeep]
|upkeep
|turn|7
|
|t:|1783567994
|move|p1b: Tsareena|Helping Hand|p1a: Kingambit
|-singleturn|p1a: Kingambit|Helping Hand|[of] p1b: Tsareena
|move|p2a: Basculegion|Protect|p2a: Basculegion
|-singleturn|p2a: Basculegion|Protect
|move|p1a: Kingambit|Sucker Punch||[still]
|-fail|p1a: Kingambit
|move|p2b: Froslass|Blizzard|p1b: Tsareena|[spread] p1a,p1b
|-resisted|p1a: Kingambit|1
|-supereffective|p1b: Tsareena|1
|-damage|p1a: Kingambit|0 fnt
|-damage|p1b: Tsareena|4/100
|faint|p1a: Kingambit
|
|-weather|Snowscape|[upkeep]
|upkeep
|
|t:|1783568015
|switch|p1a: Whimsicott|Whimsicott, L50, M|100/100
|turn|8
|
|t:|1783568025
|move|p1b: Tsareena|Protect|p1b: Tsareena
|-singleturn|p1b: Tsareena|Protect
|move|p1a: Whimsicott|Tailwind|p1a: Whimsicott
|-sidestart|p1: 25th_mang|move: Tailwind
|move|p2b: Froslass|Blizzard|p1a: Whimsicott|[spread] p1a
|-activate|p1b: Tsareena|move: Protect
|-supereffective|p1a: Whimsicott|1
|-enditem|p1a: Whimsicott|Focus Sash
|-damage|p1a: Whimsicott|1/100
|move|p2a: Basculegion|Last Respects|p1a: Whimsicott
|-damage|p1a: Whimsicott|0 fnt
|faint|p1a: Whimsicott
|
|-weather|none
|upkeep
|
|t:|1783568041
|switch|p1a: Chandelure|Chandelure-Mega, L50, F|100/100
|turn|9
|inactive|25th_mang has 30 seconds left.
|
|t:|1783568067
|move|p1a: Chandelure|Shadow Ball|p2a: Basculegion
|-supereffective|p2a: Basculegion|1
|-damage|p2a: Basculegion|5/100
|-unboost|p2a: Basculegion|spd|1
|-enditem|p2a: Basculegion|Sitrus Berry|[eat]
|-heal|p2a: Basculegion|30/100|[from] item: Sitrus Berry
|move|p1b: Tsareena|Power Whip|p2a: Basculegion
|-supereffective|p2a: Basculegion|1
|-damage|p2a: Basculegion|0 fnt
|faint|p2a: Basculegion
|move|p2b: Froslass|Shadow Ball|p1a: Chandelure
|-supereffective|p1a: Chandelure|1
|-damage|p1a: Chandelure|11/100
|-unboost|p1a: Chandelure|spd|1
|
|upkeep
|turn|10
|inactive|25th_mang has 30 seconds left.
|inactive|25th_mang has 20 seconds left.
|
|t:|1783568103
|move|p1b: Tsareena|Helping Hand|p1a: Chandelure
|-singleturn|p1a: Chandelure|Helping Hand|[of] p1b: Tsareena
|move|p1a: Chandelure|Shadow Ball|p2b: Froslass
|-supereffective|p2b: Froslass|1
|-damage|p2b: Froslass|0 fnt
|faint|p2b: Froslass
|
|win|25th_mang
|l|☆HeoWay
|player|p2|
||HeoWay is ready for game 2.
|inactive|25th_mang has 30 seconds to confirm battle start!
||25th_mang is ready for game 2.
|uhtml|next|Next: Game 2 of 3
|l|☆25th_mang
|player|p1|
|j|☆25th_mang
|player|p1|25th_mang|ballguy|
