|j|☆LaxIsLoveLaxIsLife
|j|☆Leif Abdala
|html|LaxIsLoveLaxIsLifeLeif Abdala    
|uhtml|bestof|Game 3 of a best-of-3
|t:|1783869898
|gametype|doubles
|player|p1|LaxIsLoveLaxIsLife|bugcatcher-gen4dp|1083
|player|p2|Leif Abdala|169|1100
|gen|9
|tier|[Gen 9 Champions] VGC 2026 Reg M-B (Bo3)
|rated|
|rule|Species Clause: Limit one of each Pokémon
|rule|Item Clause: Limit 1 of each item
|clearpoke
|poke|p1|Floette-Eternal, L50, F|
|poke|p1|Raichu, L50, M|
|poke|p1|Sinistcha, L50|
|poke|p1|Weavile, L50, M|
|poke|p1|Ceruledge, L50, F|
|poke|p1|Milotic, L50, F|
|poke|p2|Charizard, L50, F, shiny|
|poke|p2|Whimsicott, L50, F|
|poke|p2|Incineroar, L50, F|
|poke|p2|Venusaur, L50, M|
|poke|p2|Garchomp, L50, M|
|poke|p2|Staraptor, L50, M|
|teampreview|4
|showteam|p1|Floette-Eternal||Floettite|FlowerVeil|Protect,DrainingKiss,DazzlingGleam,CalmMind|Modest||F|||50|]Raichu||RaichuniteY|LightningRod|ZapCannon,FocusBlast,Protect,FakeOut|Timid||M|||50|]Sinistcha||KasibBerry|Hospitality|MatchaGotcha,LifeDew,Protect,RagePowder|Relaxed|||||50|]Weavile||FocusSash|Pickpocket|KnockOff,TripleAxel,LowKick,FakeOut|Jolly||M|||50|]Ceruledge||ColburBerry|FlashFire|BitterBlade,ShadowSneak,Protect,BulkUp|Adamant||F|||50|]Milotic||Leftovers|Competitive|MuddyWater,Coil,Protect,Hypnosis|Calm||F|||50|
|showteam|p2|Charizard||CharizarditeY|Blaze|WeatherBall,HeatWave,Protect,SolarBeam|Serious||F|||50|]Whimsicott||FocusSash|Prankster|Tailwind,DazzlingGleam,FakeTears,Charm|Rash||F|||50|]Incineroar||SitrusBerry|Intimidate|DarkestLariat,FakeOut,FlareBlitz,PartingShot|Adamant||F|||50|]Venusaur||LifeOrb|Chlorophyll|SludgeBomb,GigaDrain,SleepPowder,Protect|Modest||M|||50|]Garchomp||ChoiceScarf|RoughSkin|Earthquake,RockSlide,DracoMeteor,StompingTantrum|Serious||M|||50|]Staraptor||Staraptite|Intimidate|Protect,BraveBird,CloseCombat,Roost|Serious||M|||50|
|
|t:|1783869932
|teamsize|p1|4
|teamsize|p2|4
|start
|switch|p1a: Milotic|Milotic, L50, F|100/100
|switch|p1b: Weavile|Weavile, L50, M|100/100
|switch|p2a: Staraptor|Staraptor, L50, M|100/100
|switch|p2b: Whimsicott|Whimsicott, L50, F|100/100
|-ability|p2a: Staraptor|Intimidate|boost
|-unboost|p1a: Milotic|atk|1
|-ability|p1a: Milotic|Competitive|boost
|-boost|p1a: Milotic|spa|2
|-unboost|p1b: Weavile|atk|1
|turn|1
|
|t:|1783869953
|detailschange|p2a: Staraptor|Staraptor-Mega, L50, M
|-mega|p2a: Staraptor|Staraptor|Staraptite
|move|p2a: Staraptor|Protect|p2a: Staraptor
|-singleturn|p2a: Staraptor|Protect
|move|p1b: Weavile|Triple Axel|p2b: Whimsicott
|-supereffective|p2b: Whimsicott|1
|-damage|p2b: Whimsicott|77/100
|-supereffective|p2b: Whimsicott|1
|-damage|p2b: Whimsicott|37/100
|-supereffective|p2b: Whimsicott|1
|-damage|p2b: Whimsicott|0 fnt
|faint|p2b: Whimsicott
|-hitcount|p2: Whimsicott|3
|move|p1a: Milotic|Coil|p1a: Milotic
|-boost|p1a: Milotic|atk|1
|-boost|p1a: Milotic|def|1
|-boost|p1a: Milotic|accuracy|1
|
|upkeep
|
|t:|1783869967
|switch|p2b: Venusaur|Venusaur, L50, M|100/100
|turn|2
|
|t:|1783869988
|move|p1b: Weavile|Triple Axel|p2b: Venusaur
|-supereffective|p2b: Venusaur|1
|-damage|p2b: Venusaur|83/100
|-supereffective|p2b: Venusaur|1
|-damage|p2b: Venusaur|47/100
|-supereffective|p2b: Venusaur|1
|-damage|p2b: Venusaur|0 fnt
|faint|p2b: Venusaur
|-hitcount|p2: Venusaur|3
|move|p2a: Staraptor|Close Combat|p1b: Weavile
|-supereffective|p1b: Weavile|2
|-enditem|p1b: Weavile|Focus Sash
|-damage|p1b: Weavile|1/100
|-boost|p2a: Staraptor|def|1
|-boost|p2a: Staraptor|spd|1
|move|p1a: Milotic|Coil|p1a: Milotic
|-boost|p1a: Milotic|atk|1
|-boost|p1a: Milotic|def|1
|-boost|p1a: Milotic|accuracy|1
|
|upkeep
|
|t:|1783870004
|switch|p2b: Incineroar|Incineroar, L50, F|100/100
|-ability|p2b: Incineroar|Intimidate|boost
|-unboost|p1a: Milotic|atk|1
|-ability|p1a: Milotic|Competitive|boost
|-boost|p1a: Milotic|spa|2
|-unboost|p1b: Weavile|atk|1
|turn|3
|
|t:|1783870041
|move|p2b: Incineroar|Fake Out|p1a: Milotic
|-damage|p1a: Milotic|93/100
|move|p1b: Weavile|Triple Axel|p2a: Staraptor|[miss]
|-miss|p1b: Weavile|p2a: Staraptor
|move|p2a: Staraptor|Close Combat|p1a: Milotic
|-damage|p1a: Milotic|63/100
|-boost|p2a: Staraptor|def|1
|-boost|p2a: Staraptor|spd|1
|cant|p1a: Milotic|flinch
|
|-heal|p1a: Milotic|69/100|[from] item: Leftovers
|upkeep
|turn|4
|
|t:|1783870061
|move|p1b: Weavile|Triple Axel|p2a: Staraptor
|-supereffective|p2a: Staraptor|1
|-damage|p2a: Staraptor|92/100
|-hitcount|p2a: Staraptor|1
|move|p2a: Staraptor|Close Combat|p1a: Milotic
|-damage|p1a: Milotic|38/100
|-boost|p2a: Staraptor|def|1
|-boost|p2a: Staraptor|spd|1
|move|p1a: Milotic|Hypnosis|p2a: Staraptor
|-status|p2a: Staraptor|slp|[from] move: Hypnosis
|move|p2b: Incineroar|Darkest Lariat|p1a: Milotic
|-damage|p1a: Milotic|0 fnt
|faint|p1a: Milotic
|
|upkeep
|
|t:|1783870076
|switch|p1a: Raichu|Raichu, L50, M|100/100
|turn|5
|
|t:|1783870089
|detailschange|p1a: Raichu|Raichu-Mega-Y, L50, M
|-mega|p1a: Raichu|Raichu|Raichunite Y
|cant|p2a: Staraptor|slp
|move|p1b: Weavile|Triple Axel|p2a: Staraptor
|-supereffective|p2a: Staraptor|1
|-damage|p2a: Staraptor|87/100 slp
|-supereffective|p2a: Staraptor|1
|-damage|p2a: Staraptor|75/100 slp
|-supereffective|p2a: Staraptor|1
|-damage|p2a: Staraptor|60/100 slp
|-hitcount|p2a: Staraptor|3
|move|p1a: Raichu|Zap Cannon|p2a: Staraptor
|-supereffective|p2a: Staraptor|1
|-damage|p2a: Staraptor|0 fnt
|faint|p2a: Staraptor
|move|p2b: Incineroar|Flare Blitz|p1a: Raichu
|-damage|p1a: Raichu|11/100
|-damage|p2b: Incineroar|73/100|[from] Recoil
|
|upkeep
|turn|6
|
|t:|1783870107
|move|p1b: Weavile|Low Kick|p2b: Incineroar
|-supereffective|p2b: Incineroar|1
|-damage|p2b: Incineroar|43/100
|-enditem|p2b: Incineroar|Sitrus Berry|[eat]
|-heal|p2b: Incineroar|68/100|[from] item: Sitrus Berry
|move|p1a: Raichu|Focus Blast|p2b: Incineroar
|-supereffective|p2b: Incineroar|1
|-crit|p2b: Incineroar
|-damage|p2b: Incineroar|0 fnt
|faint|p2b: Incineroar
|
|win|LaxIsLoveLaxIsLife
|raw|LaxIsLoveLaxIsLife's rating: 1083 → 1112(+29 for winning)
|raw|Leif Abdala's rating: 1100 → 1074(-26 for losing)
