|j|☆Beeetch
|j|☆Tlayer4002
|html|BeeetchTlayer4002    
|uhtml|bestof|Game 1 of a best-of-3
|t:|1756639512
|gametype|doubles
|player|p1|Beeetch|beauty-gen4dp|1322
|player|p2|Tlayer4002|1|1227
|gen|9
|tier|[Gen 9] VGC 2025 Reg H (Bo3)
|rated|
|rule|Species Clause: Limit one of each Pokémon
|rule|Item Clause: Limit 1 of each item
|clearpoke
|poke|p1|Toedscruel, L50, F|
|poke|p1|Weezing-Galar, L50, F|
|poke|p1|Corviknight, L50, F|
|poke|p1|Pawmot, L50, M|
|poke|p1|Garchomp, L50, F|
|poke|p1|Typhlosion-Hisui, L50, M|
|poke|p2|Annihilape, L50, F|
|poke|p2|Indeedee, L50, M|
|poke|p2|Amoonguss, L50, M|
|poke|p2|Ninetales-Alola, L50, F|
|poke|p2|Volcarona, L50, M|
|poke|p2|Incineroar, L50, M|
|teampreview|4
|showteam|p1|Toedscruel||CovertCloak|MyceliumMight|Spore,EarthPower,AcidSpray,RagePowder|||F|||50|,,,,,Water]Weezing-Galar||ChoiceSpecs|NeutralizingGas|DazzlingGleam,SludgeBomb,StrangeSteam,Flamethrower|||F|||50|,,,,,Flying]Corviknight||SitrusBerry|MirrorArmor|Protect,Tailwind,Roost,BraveBird|||F|||50|,,,,,Dragon]Pawmot||FocusSash|NaturalCure|Protect,CloseCombat,DoubleShock,FakeOut|||M|||50|,,,,,Electric]Garchomp||LifeOrb|RoughSkin|Protect,Earthquake,DragonClaw,StompingTantrum|||F|||50|,,,,,Ground]Typhlosion-Hisui||ChoiceScarf|Blaze|Eruption,SleepTalk,HeatWave,ShadowBall|||M|||50|,,,,,Fire
|showteam|p2|Annihilape||PsychicSeed|Defiant|DrainPunch,RageFist,BulkUp,Protect|||F|||50|,,,,,Water]Indeedee||ChoiceScarf|PsychicSurge|ExpandingForce,Trick,HyperVoice,TeraBlast|||M|||50|,,,,,Fighting]Amoonguss||SitrusBerry|Regenerator|PollenPuff,RagePowder,ClearSmog,Spore|||M|||50|,,,,,Water]Ninetales-Alola||LightClay|SnowWarning|Blizzard,AuroraVeil,Encore,Protect|||F|||50|,,,,,Steel]Volcarona||Leftovers|FlameBody|HeatWave,TeraBlast,QuiverDance,Protect|||M|||50|,,,,,Fairy]Incineroar||SafetyGoggles|Intimidate|FlareBlitz,KnockOff,Uturn,FakeOut|||M|||50|,,,,,Ghost
|
|t:|1756639547
|teamsize|p1|4
|teamsize|p2|4
|start
|switch|p1a: Typhlosion|Typhlosion-Hisui, L50, M|100/100
|switch|p1b: Weezing|Weezing-Galar, L50, F|100/100
|switch|p2a: Volcarona|Volcarona, L50, M|100/100
|switch|p2b: Incineroar|Incineroar, L50, M|100/100
|-ability|p1b: Weezing|Neutralizing Gas
|turn|1
|
|t:|1756639564
|switch|p1a: Corviknight|Corviknight, L50, F|100/100
|move|p2a: Volcarona|Quiver Dance|p2a: Volcarona
|-boost|p2a: Volcarona|spa|1
|-boost|p2a: Volcarona|spd|1
|-boost|p2a: Volcarona|spe|1
|move|p1b: Weezing|Sludge Bomb|p2a: Volcarona
|-damage|p2a: Volcarona|66/100
|move|p2b: Incineroar|Knock Off|p1a: Corviknight
|-damage|p1a: Corviknight|60/100
|-enditem|p1a: Corviknight|Sitrus Berry|[from] move: Knock Off|[of] p2b: Incineroar
|
|-heal|p2a: Volcarona|72/100|[from] item: Leftovers
|upkeep
|turn|2
|
|t:|1756639585
|-end|p1b: Weezing|ability: Neutralizing Gas
|-ability|p2b: Incineroar|Intimidate|boost
|-ability|p1a: Corviknight|Mirror Armor
|-unboost|p2b: Incineroar|atk|1
|-unboost|p1b: Weezing|atk|1
|switch|p1b: Pawmot|Pawmot, L50, M|100/100
|move|p2a: Volcarona|Protect|p2a: Volcarona
|-singleturn|p2a: Volcarona|Protect
|move|p1a: Corviknight|Protect|p1a: Corviknight
|-singleturn|p1a: Corviknight|Protect
|move|p2b: Incineroar|Knock Off|p1b: Pawmot
|-resisted|p1b: Pawmot
|-damage|p1b: Pawmot|76/100
|-enditem|p1b: Pawmot|Focus Sash|[from] move: Knock Off|[of] p2b: Incineroar
|
|-heal|p2a: Volcarona|78/100|[from] item: Leftovers
|upkeep
|turn|3
|
|t:|1756639614
|switch|p2a: Amoonguss|Amoonguss, L50, M|100/100
|move|p1b: Pawmot|Fake Out|p2a: Amoonguss
|-damage|p2a: Amoonguss|89/100
|move|p1a: Corviknight|Tailwind|p1a: Corviknight
|-sidestart|p1: Beeetch|move: Tailwind
|move|p2b: Incineroar|U-turn|p1a: Corviknight
|-resisted|p1a: Corviknight
|-damage|p1a: Corviknight|58/100
|
|t:|1756639623
|switch|p2b: Ninetales|Ninetales-Alola, L50, F|100/100|[from] U-turn
|-weather|Snowscape|[from] ability: Snow Warning|[of] p2b: Ninetales
|
|-weather|Snowscape|[upkeep]
|upkeep
|turn|4
|
|t:|1756639640
|-terastallize|p1b: Pawmot|Electric
|-terastallize|p2a: Amoonguss|Water
|move|p1b: Pawmot|Double Shock|p2b: Ninetales
|-damage|p2b: Ninetales|33/100
|-start|p1b: Pawmot|typechange|Electric|[from] move: Double Shock
|move|p1a: Corviknight|Brave Bird|p2b: Ninetales
|-damage|p2b: Ninetales|0 fnt
|faint|p2b: Ninetales
|-damage|p1a: Corviknight|49/100|[from] Recoil
|move|p2a: Amoonguss|Spore|p1a: Corviknight
|-status|p1a: Corviknight|slp|[from] move: Spore
|
|-weather|Snowscape|[upkeep]
|upkeep
|
|t:|1756639651
|switch|p2b: Volcarona|Volcarona, L50, M|78/100
|turn|5
|
|t:|1756639673
|switch|p2a: Incineroar|Incineroar, L50, M|100/100
|-ability|p2a: Incineroar|Intimidate|boost
|-ability|p1a: Corviknight|Mirror Armor
|-unboost|p2a: Incineroar|atk|1
|-unboost|p1b: Pawmot|atk|1
|move|p1b: Pawmot|Double Shock|p2b: Volcarona
|-damage|p2b: Volcarona|28/100
|-start|p1b: Pawmot|typechange|Electric|[from] move: Double Shock
|cant|p1a: Corviknight|slp
|move|p2b: Volcarona|Quiver Dance|p2b: Volcarona
|-boost|p2b: Volcarona|spa|1
|-boost|p2b: Volcarona|spd|1
|-boost|p2b: Volcarona|spe|1
|
|-weather|Snowscape|[upkeep]
|-heal|p2b: Volcarona|34/100|[from] item: Leftovers
|upkeep
|turn|6
|
|t:|1756639697
|switch|p1b: Weezing|Weezing-Galar, L50, F|100/100
|-ability|p1b: Weezing|Neutralizing Gas
|move|p2b: Volcarona|Protect|p2b: Volcarona
|-singleturn|p2b: Volcarona|Protect
|cant|p1a: Corviknight|slp
|move|p2a: Incineroar|Flare Blitz|p1a: Corviknight
|-supereffective|p1a: Corviknight
|-damage|p1a: Corviknight|0 fnt
|faint|p1a: Corviknight
|-damage|p2a: Incineroar|84/100|[from] Recoil
|
|-weather|Snowscape|[upkeep]
|-heal|p2b: Volcarona|41/100|[from] item: Leftovers
|-sideend|p1: Beeetch|move: Tailwind
|upkeep
|
|t:|1756639709
|switch|p1a: Typhlosion|Typhlosion-Hisui, L50, M|100/100
|turn|7
|
|t:|1756639719
|switch|p2a: Amoonguss|Amoonguss, L50, M, tera:Water|100/100
|move|p1a: Typhlosion|Eruption|p2a: Amoonguss|[spread] p2a,p2b
|-resisted|p2a: Amoonguss
|-damage|p2a: Amoonguss|77/100
|-damage|p2b: Volcarona|2/100
|move|p2b: Volcarona|Heat Wave|p1a: Typhlosion|[spread] p1a,p1b
|-resisted|p1a: Typhlosion
|-damage|p1a: Typhlosion|64/100
|-damage|p1b: Weezing|26/100
|move|p1b: Weezing|Sludge Bomb|p2b: Volcarona
|-damage|p2b: Volcarona|0 fnt
|faint|p2b: Volcarona
|
|-weather|none
|upkeep
|
|t:|1756639730
|switch|p2b: Incineroar|Incineroar, L50, M|84/100
|turn|8
|
|t:|1756639741
|move|p1a: Typhlosion|Eruption|p2b: Incineroar|[spread] p2a,p2b
|-resisted|p2a: Amoonguss
|-resisted|p2b: Incineroar
|-damage|p2a: Amoonguss|64/100
|-damage|p2b: Incineroar|68/100
|move|p1b: Weezing|Sludge Bomb|p2a: Amoonguss
|-damage|p2a: Amoonguss|24/100
|-status|p2a: Amoonguss|psn
|-enditem|p2a: Amoonguss|Sitrus Berry|[eat]
|-heal|p2a: Amoonguss|49/100 psn|[from] item: Sitrus Berry
|move|p2b: Incineroar|Flare Blitz|p1b: Weezing
|-damage|p1b: Weezing|0 fnt
|faint|p1b: Weezing
|-end|p1b: Weezing|ability: Neutralizing Gas
|-ability|p2b: Incineroar|Intimidate|boost
|-unboost|p1a: Typhlosion|atk|1
|-damage|p2b: Incineroar|61/100|[from] Recoil
|move|p2a: Amoonguss|Spore|p1a: Typhlosion
|-status|p1a: Typhlosion|slp|[from] move: Spore
|
|-damage|p2a: Amoonguss|37/100 psn|[from] psn
|upkeep
|
|t:|1756639752
|switch|p1b: Pawmot|Pawmot, L50, M, tera:Electric|76/100
|turn|9
|
|t:|1756639770
|move|p2a: Amoonguss|Rage Powder|p2a: Amoonguss
|-singleturn|p2a: Amoonguss|move: Rage Powder
|cant|p1a: Typhlosion|slp
|move|p1b: Pawmot|Close Combat|p2a: Amoonguss
|-damage|p2a: Amoonguss|0 fnt
|-unboost|p1b: Pawmot|def|1
|-unboost|p1b: Pawmot|spd|1
|faint|p2a: Amoonguss
|move|p2b: Incineroar|Flare Blitz|p1b: Pawmot
|-damage|p1b: Pawmot|0 fnt
|faint|p1b: Pawmot
|-damage|p2b: Incineroar|44/100|[from] Recoil
|
|upkeep
|turn|10
|
|t:|1756639777
|-curestatus|p1a: Typhlosion|slp|[msg]
|move|p1a: Typhlosion|Eruption|p2b: Incineroar
|-resisted|p2b: Incineroar
|-damage|p2b: Incineroar|21/100
|move|p2b: Incineroar|Knock Off|p1a: Typhlosion
|-supereffective|p1a: Typhlosion
|-damage|p1a: Typhlosion|0 fnt
|-enditem|p1a: Typhlosion|Choice Scarf|[from] move: Knock Off|[of] p2b: Incineroar
|faint|p1a: Typhlosion
|
|win|Tlayer4002
