|j|☆umizoomis
|j|☆MrPhoenixGC
|html|umizoomisMrPhoenixGC    
|uhtml|bestof|Game 1 of a best-of-3
|t:|1783466070
|gametype|doubles
|player|p1|umizoomis|n|1068
|player|p2|MrPhoenixGC|steven|1109
|gen|9
|tier|[Gen 9 Champions] VGC 2026 Reg M-B (Bo3)
|rated|
|rule|Species Clause: Limit one of each Pokémon
|rule|Item Clause: Limit 1 of each item
|clearpoke
|poke|p1|Charizard, L50, M|
|poke|p1|Luxray, L50, F|
|poke|p1|Sneasler, L50, M|
|poke|p1|Sinistcha, L50, shiny|
|poke|p1|Toxapex, L50, M|
|poke|p1|Kingambit, L50, F, shiny|
|poke|p2|Aerodactyl, L50, M|
|poke|p2|Garchomp, L50, F|
|poke|p2|Kingambit, L50, M|
|poke|p2|Charizard, L50, F|
|poke|p2|Sylveon, L50, F|
|poke|p2|Farigiraf, L50, M|
|teampreview|4
|showteam|p1|Charizard||CharizarditeX|Blaze|DragonDance,DragonClaw,FlareBlitz,Earthquake|Jolly||M|||50|]Luxray||ChoiceScarf|Intimidate|Crunch,PlayRough,WildCharge,PsychicFangs|Jolly||F|||50|]Sneasler||FocusSash|Unburden|DireClaw,CloseCombat,Coaching,FakeOut|Adamant||M|||50|]Sinistcha||SitrusBerry|Hospitality|Protect,MatchaGotcha,RagePowder,ShadowBall|Modest|||||50|]Toxapex||Leftovers|Regenerator|BanefulBunker,Infestation,Toxic,WideGuard|Relaxed||M|||50|]Kingambit||ChopleBerry|Defiant|KowtowCleave,IronHead,SuckerPunch,SwordsDance|Adamant||F|||50|
|showteam|p2|Aerodactyl||Aerodactylite|Unnerve|IceFang,RockSlide,Tailwind,DualWingbeat|Jolly||M|||50|]Garchomp||LifeOrb|RoughSkin|DragonClaw,StompingTantrum,Earthquake,Protect|Jolly||F|||50|]Kingambit||FocusSash|Defiant|SuckerPunch,KowtowCleave,IronHead,LowKick|Adamant||M|||50|]Charizard||CharizarditeY|SolarPower|Protect,WeatherBall,HeatWave,SolarBeam|Modest||F|||50|]Sylveon||FairyFeather|Pixilate|Protect,HyperVoice,HyperBeam,QuickAttack|Modest||F|||50|]Farigiraf||SitrusBerry|ArmorTail|TrickRoom,Thunderbolt,Roar,TwinBeam|Bold||M|||50|
|inactive|Battle timer is ON: inactive players will automatically lose when time's up. (requested by umizoomis)
|
|t:|1783466112
|teamsize|p1|4
|teamsize|p2|4
|start
|switch|p1a: Luxray|Luxray, L50, F|100/100
|switch|p1b: Sneasler|Sneasler, L50, M|100/100
|switch|p2a: Charizard|Charizard, L50, F|100/100
|switch|p2b: Kingambit|Kingambit, L50, M|100/100
|-ability|p1a: Luxray|Intimidate|boost
|-unboost|p2a: Charizard|atk|1
|-unboost|p2b: Kingambit|atk|1
|-ability|p2b: Kingambit|Defiant|boost
|-boost|p2b: Kingambit|atk|2
|turn|1
|inactive|umizoomis has 30 seconds left.
|inactive|MrPhoenixGC has 30 seconds left.
|inactive|MrPhoenixGC has 20 seconds left.
|inactive|MrPhoenixGC has 15 seconds left.
|inactive|MrPhoenixGC has 10 seconds left.
|
|t:|1783466162
|move|p2a: Charizard|Protect|p2a: Charizard
|-singleturn|p2a: Charizard|Protect
|move|p1a: Luxray|Wild Charge|p2a: Charizard
|-activate|p2a: Charizard|move: Protect
|move|p1b: Sneasler|Close Combat|p2b: Kingambit
|-supereffective|p2b: Kingambit|2
|-enditem|p2b: Kingambit|Focus Sash
|-damage|p2b: Kingambit|1/100
|-unboost|p1b: Sneasler|def|1
|-unboost|p1b: Sneasler|spd|1
|move|p2b: Kingambit|Kowtow Cleave|p1a: Luxray
|-damage|p1a: Luxray|0 fnt
|faint|p1a: Luxray
|
|upkeep
|
|t:|1783466180
|switch|p1a: Charizard|Charizard, L50, M|100/100
|turn|2
|
|t:|1783466200
|detailschange|p1a: Charizard|Charizard-Mega-X, L50, M
|-mega|p1a: Charizard|Charizard|Charizardite X
|detailschange|p2a: Charizard|Charizard-Mega-Y, L50, F
|-mega|p2a: Charizard|Charizard|Charizardite Y
|-weather|SunnyDay|[from] ability: Drought|[of] p2a: Charizard
|move|p2b: Kingambit|Sucker Punch||[still]
|-fail|p2b: Kingambit
|move|p1b: Sneasler|Close Combat|p2b: Kingambit
|-supereffective|p2b: Kingambit|2
|-damage|p2b: Kingambit|0 fnt
|-unboost|p1b: Sneasler|def|1
|-unboost|p1b: Sneasler|spd|1
|faint|p2b: Kingambit
|move|p1a: Charizard|Dragon Dance|p1a: Charizard
|-boost|p1a: Charizard|atk|1
|-boost|p1a: Charizard|spe|1
|move|p2a: Charizard|Heat Wave|p1b: Sneasler|[spread] p1a,p1b
|-resisted|p1a: Charizard|2
|-damage|p1a: Charizard|79/100
|-enditem|p1b: Sneasler|Focus Sash
|-damage|p1b: Sneasler|1/100
|
|-weather|SunnyDay|[upkeep]
|upkeep
|inactive|MrPhoenixGC has 30 seconds left.
|
|t:|1783466225
|switch|p2b: Farigiraf|Farigiraf, L50, M|100/100
|turn|3
|inactive|umizoomis has 30 seconds left.
|
|t:|1783466256
|move|p2a: Charizard|Protect|p2a: Charizard
|-singleturn|p2a: Charizard|Protect
|move|p1b: Sneasler|Dire Claw|p2b: Farigiraf
|-damage|p2b: Farigiraf|61/100
|move|p1a: Charizard|Dragon Claw|p2a: Charizard
|-activate|p2a: Charizard|move: Protect
|move|p2b: Farigiraf|Trick Room|p2b: Farigiraf
|-fieldstart|move: Trick Room|[of] p2b: Farigiraf
|
|-weather|SunnyDay|[upkeep]
|upkeep
|turn|4
|inactive|umizoomis has 30 seconds left.
|
|t:|1783466283
|switch|p1b: Sinistcha|Sinistcha, L50, shiny|100/100
|-heal|p1a: Charizard|100/100|[from] ability: Hospitality|[of] p1b: Sinistcha
|move|p2a: Charizard|Heat Wave|p1b: Sinistcha|[spread] p1b
|-miss|p2a: Charizard|p1a: Charizard
|-supereffective|p1b: Sinistcha|1
|-damage|p1b: Sinistcha|0 fnt
|faint|p1b: Sinistcha
|move|p1a: Charizard|Dragon Claw|p2a: Charizard
|-damage|p2a: Charizard|16/100
|move|p2b: Farigiraf|Roar|p1a: Charizard
|drag|p1a: Sneasler|Sneasler, L50, M|1/100
|
|-weather|SunnyDay|[upkeep]
|upkeep
|
|t:|1783466300
|switch|p1b: Charizard|Charizard-Mega-X, L50, M|100/100
|turn|5
|inactive|MrPhoenixGC has 30 seconds left.
|inactive|MrPhoenixGC has 20 seconds left.
|inactive|MrPhoenixGC has 15 seconds left.
|inactive|MrPhoenixGC has 10 seconds left.
|
|t:|1783466345
|move|p2b: Farigiraf|Twin Beam|p1b: Charizard
|-damage|p1b: Charizard|78/100
|-damage|p1b: Charizard|57/100
|-hitcount|p1b: Charizard|2
|move|p2a: Charizard|Heat Wave|p1a: Sneasler|[spread] p1a
|-miss|p2a: Charizard|p1b: Charizard
|-damage|p1a: Sneasler|0 fnt
|faint|p1a: Sneasler
|move|p1b: Charizard|Earthquake|p2b: Farigiraf|[spread] p2b
|-immune|p2a: Charizard
|-damage|p2b: Farigiraf|40/100
|-enditem|p2b: Farigiraf|Sitrus Berry|[eat]
|-heal|p2b: Farigiraf|65/100|[from] item: Sitrus Berry
|
|-weather|SunnyDay|[upkeep]
|upkeep
|turn|6
|inactive|umizoomis has 30 seconds left.
|inactive|MrPhoenixGC has 30 seconds left.
|
|t:|1783466375
|move|p2b: Farigiraf|Twin Beam|p1b: Charizard
|-damage|p1b: Charizard|37/100
|-damage|p1b: Charizard|16/100
|-hitcount|p1b: Charizard|2
|move|p2a: Charizard|Solar Beam||[still]
|-prepare|p2a: Charizard|Solar Beam
|-anim|p2a: Charizard|Solar Beam|p1b: Charizard
|-resisted|p1b: Charizard|2
|-damage|p1b: Charizard|1/100
|move|p1b: Charizard|Flare Blitz|p2b: Farigiraf
|-damage|p2b: Farigiraf|0 fnt
|faint|p2b: Farigiraf
|-damage|p1b: Charizard|0 fnt|[from] Recoil
|faint|p1b: Charizard
|
|win|MrPhoenixGC
|inactive|umizoomis has 30 seconds to confirm battle start!
|inactive|MrPhoenixGC has 30 seconds to confirm battle start!
||umizoomis is ready for game 2.
||MrPhoenixGC is ready for game 2.
|uhtml|next|Next: Game 2 of 3
|l|☆umizoomis
|player|p1|
|j|☆umizoomis
|player|p1|umizoomis|n|
|l|☆umizoomis
|player|p1|
