|j|☆desrichards
|j|☆imsavusnic
|html|desrichardsimsavusnic    
|uhtml|bestof|Game 2 of a best-of-3
|t:|1784998512
|gametype|doubles
|player|p1|desrichards|hilbert|1218
|player|p2|imsavusnic|boarder|1123
|gen|9
|tier|[Gen 9 Champions] VGC 2026 Reg M-B (Bo3)
|rated|
|rule|Species Clause: Limit one of each Pokémon
|rule|Item Clause: Limit 1 of each item
|clearpoke
|poke|p1|Tyranitar, L50, F|
|poke|p1|Excadrill, L50, M|
|poke|p1|Milotic, L50, F|
|poke|p1|Tsareena, L50, F|
|poke|p1|Staraptor, L50, M|
|poke|p1|Gholdengo, L50|
|poke|p2|Charizard, L50, M|
|poke|p2|Grimmsnarl, L50, M|
|poke|p2|Pelipper, L50, F|
|poke|p2|Archaludon, L50, F|
|poke|p2|Basculegion, L50, M|
|poke|p2|Venusaur, L50, M|
|teampreview|4
|showteam|p1|Tyranitar||Tyranitarite|SandStream|KnockOff,RockSlide,HighHorsepower,Protect|Jolly||F|||50|]Excadrill||FocusSash|SandRush|Earthquake,IronHead,StompingTantrum,Protect|Adamant||M|||50|]Milotic||SitrusBerry|Competitive|Scald,IcyWind,MuddyWater,Protect|Modest||F|||50|]Tsareena||WideLens|QueenlyMajesty|TripleAxel,HighJumpKick,PowerWhip,Protect|Adamant||F|||50|]Staraptor||Staraptite|Intimidate|CloseCombat,BraveBird,Tailwind,Protect|Jolly||M|||50|]Gholdengo||LifeOrb|GoodasGold|MakeItRain,ShadowBall,NastyPlot,Protect|Modest|||||50|
|showteam|p2|Charizard||CharizarditeY|Blaze|HeatWave,WeatherBall,SolarBeam,Protect|Modest||M|||50|]Grimmsnarl||LightClay|Prankster|SpiritBreak,Reflect,LightScreen,PartingShot|Impish||M|||50|]Pelipper||SitrusBerry|Drizzle|WeatherBall,Hurricane,Tailwind,WideGuard|Jolly||F|||50|]Archaludon||Leftovers|Stamina|FlashCannon,DragonPulse,ElectroShot,Protect|Calm||F|||50|]Basculegion||ChoiceScarf|Adaptability|WaveCrash,AquaJet,LastRespects,FlipTurn|Jolly||M|||50|]Venusaur||FocusSash|Chlorophyll|SludgeBomb,EarthPower,SleepPowder,Protect|Modest||M|||50|
|inactive|Battle timer is ON: inactive players will automatically lose when time's up. (requested by imsavusnic)
|
|t:|1784998550
|teamsize|p1|4
|teamsize|p2|4
|start
|switch|p1a: Tsareena|Tsareena, L50, F|100/100
|switch|p1b: Staraptor|Staraptor, L50, M|100/100
|switch|p2a: Pelipper|Pelipper, L50, F|100/100
|switch|p2b: Archaludon|Archaludon, L50, F|100/100
|-ability|p1b: Staraptor|Intimidate|boost
|-unboost|p2a: Pelipper|atk|1
|-unboost|p2b: Archaludon|atk|1
|-weather|RainDance|[from] ability: Drizzle|[of] p2a: Pelipper
|turn|1
|inactive|imsavusnic has 30 seconds left.
|inactive|imsavusnic has 20 seconds left.
|inactive|imsavusnic has 15 seconds left.
|
|t:|1784998595
|switch|p1a: Tyranitar|Tyranitar, L50, F|100/100
|-weather|Sandstorm|[from] ability: Sand Stream|[of] p1a: Tyranitar
|detailschange|p1b: Staraptor|Staraptor-Mega, L50, M
|-mega|p1b: Staraptor|Staraptor|Staraptite
|move|p2b: Archaludon|Protect|p2b: Archaludon
|-singleturn|p2b: Archaludon|Protect
|move|p1b: Staraptor|Close Combat|p2b: Archaludon
|-activate|p2b: Archaludon|move: Protect
|move|p2a: Pelipper|Tailwind|p2a: Pelipper
|-sidestart|p2: imsavusnic|move: Tailwind
|
|-weather|Sandstorm|[upkeep]
|-damage|p2a: Pelipper|94/100|[from] Sandstorm
|-damage|p1b: Staraptor|94/100|[from] Sandstorm
|upkeep
|turn|2
|inactive|imsavusnic has 30 seconds left.
|
|t:|1784998626
|switch|p2b: Basculegion|Basculegion, L50, M|100/100
|move|p2a: Pelipper|Wide Guard|p2a: Pelipper
|-singleturn|p2a: Pelipper|Wide Guard
|move|p1b: Staraptor|Tailwind|p1b: Staraptor
|-sidestart|p1: desrichards|move: Tailwind
|move|p1a: Tyranitar|Knock Off|p2a: Pelipper
|-damage|p2a: Pelipper|46/100
|-enditem|p2a: Pelipper|Sitrus Berry|[from] move: Knock Off|[of] p1a: Tyranitar
|
|-weather|Sandstorm|[upkeep]
|-damage|p2b: Basculegion|93/100|[from] Sandstorm
|-damage|p1b: Staraptor|88/100|[from] Sandstorm
|-damage|p2a: Pelipper|40/100|[from] Sandstorm
|upkeep
|turn|3
|inactive|imsavusnic has 30 seconds left.
|
|t:|1784998653
|switch|p1a: Tsareena|Tsareena, L50, F|100/100
|switch|p2a: Archaludon|Archaludon, L50, F|100/100
|move|p2b: Basculegion|Flip Turn|p1a: Tsareena
|-resisted|p1a: Tsareena|1
|-damage|p1a: Tsareena|83/100
|
|t:|1784998662
|switch|p2b: Pelipper|Pelipper, L50, F|40/100|[from] Flip Turn
|-weather|RainDance|[from] ability: Drizzle|[of] p2b: Pelipper
|move|p1b: Staraptor|Brave Bird|p2b: Pelipper
|-damage|p2b: Pelipper|0 fnt
|faint|p2b: Pelipper
|-damage|p1b: Staraptor|76/100|[from] Recoil
|
|-weather|RainDance|[upkeep]
|upkeep
|
|t:|1784998676
|switch|p2b: Basculegion|Basculegion, L50, M|93/100
|turn|4
|inactive|imsavusnic has 30 seconds left.
|
|t:|1784998705
|switch|p1b: Tyranitar|Tyranitar, L50, F|100/100
|-weather|Sandstorm|[from] ability: Sand Stream|[of] p1b: Tyranitar
|move|p1a: Tsareena|Protect|p1a: Tsareena
|-singleturn|p1a: Tsareena|Protect
|move|p2b: Basculegion|Wave Crash|p1b: Tyranitar
|-supereffective|p1b: Tyranitar|1
|-damage|p1b: Tyranitar|0 fnt
|faint|p1b: Tyranitar
|-damage|p2b: Basculegion|61/100|[from] Recoil
|move|p2a: Archaludon|Dragon Pulse|p1a: Tsareena
|-activate|p1a: Tsareena|move: Protect
|
|-weather|Sandstorm|[upkeep]
|-damage|p2b: Basculegion|55/100|[from] Sandstorm
|-damage|p1a: Tsareena|76/100|[from] Sandstorm
|-sideend|p2: imsavusnic|move: Tailwind
|upkeep
|
|t:|1784998720
|switch|p1b: Staraptor|Staraptor-Mega, L50, M|76/100
|turn|5
|
|t:|1784998737
|switch|p2b: Charizard|Charizard, L50, M|100/100
|move|p2a: Archaludon|Protect|p2a: Archaludon
|-singleturn|p2a: Archaludon|Protect
|move|p1b: Staraptor|Close Combat|p2a: Archaludon
|-activate|p2a: Archaludon|move: Protect
|move|p1a: Tsareena|Power Whip|p2b: Charizard
|-resisted|p2b: Charizard|2
|-damage|p2b: Charizard|83/100
|
|-weather|Sandstorm|[upkeep]
|-damage|p1b: Staraptor|70/100|[from] Sandstorm
|-damage|p1a: Tsareena|70/100|[from] Sandstorm
|-damage|p2b: Charizard|77/100|[from] Sandstorm
|-sideend|p1: desrichards|move: Tailwind
|upkeep
|turn|6
|inactive|imsavusnic has 30 seconds left.
|inactive|imsavusnic has 20 seconds left.
|
|t:|1784998781
|detailschange|p2b: Charizard|Charizard-Mega-Y, L50, M
|-mega|p2b: Charizard|Charizard|Charizardite Y
|-weather|SunnyDay|[from] ability: Drought|[of] p2b: Charizard
|move|p1b: Staraptor|Close Combat|p2a: Archaludon
|-supereffective|p2a: Archaludon|1
|-damage|p2a: Archaludon|18/100
|-boost|p1b: Staraptor|def|1
|-boost|p1b: Staraptor|spd|1
|-ability|p2a: Archaludon|Stamina|boost
|-boost|p2a: Archaludon|def|1
|move|p2b: Charizard|Heat Wave|p1a: Tsareena|[spread] p1a,p1b
|-supereffective|p1a: Tsareena|1
|-damage|p1a: Tsareena|0 fnt
|-damage|p1b: Staraptor|30/100
|faint|p1a: Tsareena
|move|p2a: Archaludon|Dragon Pulse|p1b: Staraptor
|-damage|p1b: Staraptor|6/100
|
|-weather|SunnyDay|[upkeep]
|-heal|p2a: Archaludon|25/100|[from] item: Leftovers
|upkeep
|
|t:|1784998793
|switch|p1a: Milotic|Milotic, L50, F|100/100
|turn|7
|
|t:|1784998807
|move|p2a: Archaludon|Protect|p2a: Archaludon
|-singleturn|p2a: Archaludon|Protect
|move|p1b: Staraptor|Close Combat|p2a: Archaludon
|-activate|p2a: Archaludon|move: Protect
|move|p2b: Charizard|Solar Beam||[still]
|-prepare|p2b: Charizard|Solar Beam
|-anim|p2b: Charizard|Solar Beam|p1a: Milotic
|-supereffective|p1a: Milotic|1
|-damage|p1a: Milotic|18/100
|-enditem|p1a: Milotic|Sitrus Berry|[eat]
|-heal|p1a: Milotic|43/100|[from] item: Sitrus Berry
|move|p1a: Milotic|Scald|p2b: Charizard
|-supereffective|p2b: Charizard|1
|-damage|p2b: Charizard|44/100
|
|-weather|SunnyDay|[upkeep]
|-heal|p2a: Archaludon|31/100|[from] item: Leftovers
|upkeep
|turn|8
|inactive|desrichards has 30 seconds left.
|
|t:|1784998835
|switch|p2a: Basculegion|Basculegion, L50, M|55/100
|move|p1b: Staraptor|Close Combat|p2a: Basculegion
|-immune|p2a: Basculegion
|move|p2b: Charizard|Solar Beam||[still]
|-prepare|p2b: Charizard|Solar Beam
|-anim|p2b: Charizard|Solar Beam|p1a: Milotic
|-supereffective|p1a: Milotic|1
|-damage|p1a: Milotic|0 fnt
|faint|p1a: Milotic
|
|-weather|SunnyDay|[upkeep]
|upkeep
|turn|9
|-message|desrichards forfeited.
|
|win|imsavusnic
|raw|desrichards's rating: 1218 → 1186(-32 for losing)
|raw|imsavusnic's rating: 1123 → 1155(+32 for winning)
|l|☆desrichards
|player|p1|
