|j|☆No.1AnicredibleFan
|j|☆OzzyUF
|html|No.1AnicredibleFanOzzyUF    
|uhtml|bestof|Game 1 of a best-of-3
|t:|1756420086
|gametype|doubles
|player|p1|No.1AnicredibleFan|hilbert|1114
|player|p2|OzzyUF|medium|1197
|gen|9
|tier|[Gen 9] VGC 2025 Reg H (Bo3)
|rated|
|rule|Species Clause: Limit one of each Pokémon
|rule|Item Clause: Limit 1 of each item
|clearpoke
|poke|p1|Baxcalibur, L50, M|
|poke|p1|Ursaluna-Bloodmoon, L50, M|
|poke|p1|Farigiraf, L50, F|
|poke|p1|Murkrow, L50, F|
|poke|p1|Arcanine-Hisui, L50, M|
|poke|p1|Amoonguss, L50, M|
|poke|p2|Gholdengo, L50|
|poke|p2|Whimsicott, L50, M|
|poke|p2|Rotom-Wash, L50|
|poke|p2|Dragonite, L50, M|
|poke|p2|Porygon2, L50|
|poke|p2|Ursaluna, L50, F|
|teampreview|4
|showteam|p1|Baxcalibur||LoadedDice|ThermalExchange|Protect,SwordsDance,ScaleShot,IcicleSpear|||M|||50|,,,,,Poison]Ursaluna-Bloodmoon||LifeOrb|MindsEye|Protect,EarthPower,HyperVoice,BloodMoon|||M|||50|,,,,,Normal]Farigiraf||ThroatSpray|ArmorTail|Protect,TrickRoom,HyperVoice,Psychic|||F|||50|,,,,,Grass]Murkrow||Eviolite|Prankster|Protect,Tailwind,Snarl,Haze|||F|||50|,,,,,Ghost]Arcanine-Hisui||ChoiceBand|Intimidate|FlareBlitz,RockSlide,ExtremeSpeed,WildCharge|||M|||50|,,,,,Grass]Amoonguss||SitrusBerry|Regenerator|Protect,RagePowder,PollenPuff,Spore|||M|||50|,,,,,Water
|showteam|p2|Gholdengo||EjectPack|GoodasGold|MakeItRain,Protect,NastyPlot,ShadowBall||||||50|,,,,,Steel]Whimsicott||CovertCloak|Prankster|Tailwind,FakeTears,Moonblast,Encore|||M|||50|,,,,,Grass]Rotom-Wash||Leftovers|Levitate|HydroPump,WillOWisp,Discharge,VoltSwitch||||||50|,,,,,Electric]Dragonite||LoadedDice|Multiscale|ExtremeSpeed,Protect,Haze,ScaleShot|||M|||50|,,,,,Fairy]Porygon2||Eviolite|Download|TeraBlast,IceBeam,Recover,TrickRoom||||||50|,,,,,Fighting]Ursaluna||FlameOrb|Guts|HeadlongRush,Facade,Earthquake,Protect|||F|||50|,,,,,Ghost
|inactive|Battle timer is ON: inactive players will automatically lose when time's up. (requested by OzzyUF)
|inactive|No.1AnicredibleFan has 60 seconds left.
|inactive|OzzyUF has 60 seconds left.
|
|t:|1756420134
|teamsize|p1|4
|teamsize|p2|4
|start
|switch|p1a: Baxcalibur|Baxcalibur, L50, M|100/100
|switch|p1b: Amoonguss|Amoonguss, L50, M|100/100
|switch|p2a: Gholdengo|Gholdengo, L50|100/100
|switch|p2b: Porygon2|Porygon2, L50|100/100
|-ability|p2b: Porygon2|Download|boost
|-boost|p2b: Porygon2|spa|1
|turn|1
|
|t:|1756420154
|-terastallize|p1a: Baxcalibur|Poison
|move|p1a: Baxcalibur|Swords Dance|p1a: Baxcalibur
|-boost|p1a: Baxcalibur|atk|2
|move|p2a: Gholdengo|Make It Rain|p1a: Baxcalibur|[spread] p1a,p1b
|-damage|p1a: Baxcalibur|53/100
|-damage|p1b: Amoonguss|59/100
|-unboost|p2a: Gholdengo|spa|1
|-enditem|p2a: Gholdengo|Eject Pack
|
|t:|1756420163
|switch|p2a: Ursaluna|Ursaluna, L50, F|100/100
|move|p1b: Amoonguss|Spore|p2b: Porygon2
|-status|p2b: Porygon2|slp|[from] move: Spore
|cant|p2b: Porygon2|slp
|
|-status|p2a: Ursaluna|brn|[from] item: Flame Orb
|upkeep
|turn|2
|
|t:|1756420186
|switch|p2b: Dragonite|Dragonite, L50, M|100/100
|switch|p1b: Ursaluna|Ursaluna-Bloodmoon, L50, M|100/100
|-terastallize|p2a: Ursaluna|Ghost
|move|p1a: Baxcalibur|Icicle Spear|p2a: Ursaluna
|-damage|p2a: Ursaluna|81/100 brn
|-damage|p2a: Ursaluna|62/100 brn
|-damage|p2a: Ursaluna|44/100 brn
|-damage|p2a: Ursaluna|23/100 brn
|-damage|p2a: Ursaluna|4/100 brn
|-hitcount|p2a: Ursaluna|5
|move|p2a: Ursaluna|Earthquake|p1b: Ursaluna|[spread] p1a,p1b
|-immune|p2b: Dragonite
|-supereffective|p1a: Baxcalibur
|-damage|p1a: Baxcalibur|0 fnt
|-damage|p1b: Ursaluna|55/100
|faint|p1a: Baxcalibur
|
|-damage|p2a: Ursaluna|0 fnt|[from] brn
|faint|p2a: Ursaluna
|upkeep
|
|t:|1756420207
|switch|p1a: Amoonguss|Amoonguss, L50, M|92/100
|switch|p2a: Gholdengo|Gholdengo, L50|100/100
|turn|3
|inactive|No.1AnicredibleFan has 30 seconds left.
|inactive|OzzyUF has 30 seconds left.
|inactive|No.1AnicredibleFan has 20 seconds left.
|
|t:|1756420243
|move|p1b: Ursaluna|Protect|p1b: Ursaluna
|-singleturn|p1b: Ursaluna|Protect
|move|p2b: Dragonite|Scale Shot|p1a: Amoonguss
|-damage|p1a: Amoonguss|81/100
|-damage|p1a: Amoonguss|68/100
|-damage|p1a: Amoonguss|55/100
|-damage|p1a: Amoonguss|44/100
|-enditem|p1a: Amoonguss|Sitrus Berry|[eat]
|-heal|p1a: Amoonguss|69/100|[from] item: Sitrus Berry
|-hitcount|p1a: Amoonguss|4
|-unboost|p2b: Dragonite|def|1
|-boost|p2b: Dragonite|spe|1
|move|p2a: Gholdengo|Make It Rain|p1a: Amoonguss|[spread] p1a
|-activate|p1b: Ursaluna|move: Protect
|-damage|p1a: Amoonguss|24/100
|-unboost|p2a: Gholdengo|spa|1
|move|p1a: Amoonguss|Spore|p2b: Dragonite
|-status|p2b: Dragonite|slp|[from] move: Spore
|
|upkeep
|turn|4
|inactive|OzzyUF has 30 seconds left.
|
|t:|1756420278
|switch|p1a: Farigiraf|Farigiraf, L50, F|100/100
|move|p2a: Gholdengo|Protect|p2a: Gholdengo
|-singleturn|p2a: Gholdengo|Protect
|cant|p2b: Dragonite|slp
|move|p1b: Ursaluna|Earth Power|p2a: Gholdengo
|-activate|p2a: Gholdengo|move: Protect
|
|upkeep
|turn|5
|
|t:|1756420291
|switch|p2a: Porygon2|Porygon2, L50|100/100 slp
|-ability|p2a: Porygon2|Download|boost
|-boost|p2a: Porygon2|spa|1
|switch|p1b: Amoonguss|Amoonguss, L50, M|57/100
|-curestatus|p2b: Dragonite|slp|[msg]
|move|p2b: Dragonite|Scale Shot|p1b: Amoonguss
|-damage|p1b: Amoonguss|45/100
|-damage|p1b: Amoonguss|32/100
|-damage|p1b: Amoonguss|20/100
|-damage|p1b: Amoonguss|7/100
|-damage|p1b: Amoonguss|0 fnt
|faint|p1b: Amoonguss
|-hitcount|p1: Amoonguss|5
|-unboost|p2b: Dragonite|def|1
|-boost|p2b: Dragonite|spe|1
|move|p1a: Farigiraf|Trick Room|p1a: Farigiraf
|-fieldstart|move: Trick Room|[of] p1a: Farigiraf
|
|upkeep
|
|t:|1756420296
|switch|p1b: Ursaluna|Ursaluna-Bloodmoon, L50, M|55/100
|turn|6
|
|t:|1756420314
|move|p1b: Ursaluna|Hyper Voice|p2a: Porygon2|[spread] p2a,p2b
|-damage|p2a: Porygon2|71/100 slp
|-damage|p2b: Dragonite|77/100
|-damage|p1b: Ursaluna|45/100|[from] item: Life Orb
|cant|p2a: Porygon2|slp
|move|p1a: Farigiraf|Hyper Voice|p2b: Dragonite|[spread] p2a,p2b
|-damage|p2a: Porygon2|52/100 slp
|-damage|p2b: Dragonite|45/100
|-enditem|p1a: Farigiraf|Throat Spray
|-boost|p1a: Farigiraf|spa|1|[from] item: Throat Spray
|move|p2b: Dragonite|Scale Shot|p1b: Ursaluna
|-damage|p1b: Ursaluna|33/100
|-damage|p1b: Ursaluna|22/100
|-damage|p1b: Ursaluna|11/100
|-damage|p1b: Ursaluna|0 fnt
|faint|p1b: Ursaluna
|-hitcount|p1: Ursaluna|4
|-unboost|p2b: Dragonite|def|1
|-boost|p2b: Dragonite|spe|1
|
|upkeep
|turn|7
|inactive|OzzyUF has 30 seconds left.
|
|t:|1756420343
|move|p2b: Dragonite|Protect|p2b: Dragonite
|-singleturn|p2b: Dragonite|Protect
|cant|p2a: Porygon2|slp
|move|p1a: Farigiraf|Hyper Voice|p2a: Porygon2|[spread] p2a
|-activate|p2b: Dragonite|move: Protect
|-damage|p2a: Porygon2|24/100 slp
|
|upkeep
|turn|8
|
|t:|1756420353
|-curestatus|p2a: Porygon2|slp|[msg]
|move|p2a: Porygon2|Recover|p2a: Porygon2
|-heal|p2a: Porygon2|74/100
|move|p1a: Farigiraf|Hyper Voice|p2a: Porygon2|[spread] p2a,p2b
|-crit|p2b: Dragonite
|-damage|p2a: Porygon2|44/100
|-damage|p2b: Dragonite|0 fnt
|faint|p2b: Dragonite
|
|upkeep
|
|t:|1756420362
|switch|p2b: Gholdengo|Gholdengo, L50|100/100
|turn|9
|
|t:|1756420366
|move|p2b: Gholdengo|Protect|p2b: Gholdengo
|-singleturn|p2b: Gholdengo|Protect
|move|p2a: Porygon2|Recover|p2a: Porygon2
|-heal|p2a: Porygon2|94/100
|move|p1a: Farigiraf|Psychic|p2a: Porygon2
|-damage|p2a: Porygon2|54/100
|
|-fieldend|move: Trick Room
|upkeep
|turn|10
|-message|No.1AnicredibleFan forfeited.
|
|win|OzzyUF
