|j|☆gunkqing
|j|☆Tyrae
|html|gunkqingTyrae    
|uhtml|bestof|Game 3 of a best-of-3
|t:|1756403210
|gametype|doubles
|player|p1|gunkqing|striker|
|player|p2|Tyrae|ethan|
|gen|9
|tier|[Gen 9] VGC 2025 Reg H (Bo3)
|rule|Species Clause: Limit one of each Pokémon
|rule|Item Clause: Limit 1 of each item
|clearpoke
|poke|p1|Charizard, L50, F|
|poke|p1|Jumpluff, L50, F|
|poke|p1|Torkoal, L50, M|
|poke|p1|Ursaluna, L50, F|
|poke|p1|Incineroar, L50, F|
|poke|p1|Duskull, L50, M|
|poke|p2|Rillaboom, L50, F|
|poke|p2|Primarina, L50, F|
|poke|p2|Glimmora, L50, F|
|poke|p2|Dragonite, L50, M|
|poke|p2|Talonflame, L50, F|
|poke|p2|Sneasler, L50, M|
|teampreview|4
|showteam|p1|Charizard||ChoiceSpecs|SolarPower|HeatWave,Overheat,WeatherBall,DragonPulse|||F|||50|,,,,,Ghost]Jumpluff||CovertCloak|Chlorophyll|SleepPowder,Tailwind,RagePowder,SunnyDay|||F|||50|,,,,,Water]Torkoal||EjectPack|Drought|Overheat,Eruption,ClearSmog,Protect|||M|||50|,,,,,Fire]Ursaluna||FlameOrb|Guts|Facade,HeadlongRush,Earthquake,Protect|||F|||50|,,,,,Ghost]Incineroar||AssaultVest|Intimidate|FakeOut,FlareBlitz,KnockOff,Uturn|||F|||50|,,,,,Grass]Duskull||Eviolite|Levitate|NightShade,TrickRoom,HelpingHand,PainSplit|||M|||50|,,,,,Steel
|showteam|p2|Rillaboom||AssaultVest|GrassySurge|GrassyGlide,WoodHammer,FakeOut,HighHorsepower|||F|||50|,,,,,Fire]Primarina||ThroatSpray|LiquidVoice|HyperVoice,Moonblast,Haze,Protect|||F|||50|,,,,,Dragon]Glimmora||PowerHerb|ToxicDebris|MeteorBeam,SludgeBomb,EarthPower,SpikyShield|||F|||50|,,,,,Ground]Dragonite||LoadedDice|Multiscale|ScaleShot,ExtremeSpeed,TeraBlast,Protect|||M|||50|,,,,,Flying]Talonflame||CovertCloak|GaleWings|BraveBird,FlareBlitz,Tailwind,Taunt|||F|||50|,,,,,Grass]Sneasler||FocusSash|Unburden|DireClaw,CloseCombat,Coaching,Protect|||M|||50|,,,,,Stellar
|inactive|Battle timer is ON: inactive players will automatically lose when time's up. (requested by gunkqing)
|inactive|gunkqing has 60 seconds left.
|inactive|Tyrae has 60 seconds left.
|
|t:|1756403267
|teamsize|p1|4
|teamsize|p2|4
|start
|switch|p1a: Jumpluff|Jumpluff, L50, F|100/100
|switch|p1b: Torkoal|Torkoal, L50, M, shiny|100/100
|switch|p2a: Talonflame|Talonflame, L50, F|100/100
|switch|p2b: Primarina|Primarina, L50, F|100/100
|-weather|SunnyDay|[from] ability: Drought|[of] p1b: Torkoal
|turn|1
|inactive|gunkqing has 30 seconds left.
|inactive|gunkqing has 20 seconds left.
|
|t:|1756403305
|-terastallize|p1a: Jumpluff|Water
|move|p2a: Talonflame|Tailwind|p2a: Talonflame
|-sidestart|p2: Tyrae|move: Tailwind
|move|p1a: Jumpluff|Sleep Powder|p2b: Primarina
|-status|p2b: Primarina|slp|[from] move: Sleep Powder
|cant|p2b: Primarina|slp
|move|p1b: Torkoal|Overheat|p2a: Talonflame
|-resisted|p2a: Talonflame
|-damage|p2a: Talonflame|38/100
|-unboost|p1b: Torkoal|spa|2
|-enditem|p1b: Torkoal|Eject Pack
|
|t:|1756403320
|switch|p1b: Ursaluna|Ursaluna, L50, F, shiny|100/100
|
|-weather|SunnyDay|[upkeep]
|-status|p1b: Ursaluna|brn|[from] item: Flame Orb
|upkeep
|turn|2
|inactive|Tyrae has 30 seconds left.
|
|t:|1756403350
|move|p2a: Talonflame|Brave Bird|p1b: Ursaluna
|-damage|p1b: Ursaluna|68/100 brn
|-damage|p2a: Talonflame|23/100|[from] Recoil
|move|p1a: Jumpluff|Sleep Powder|p2a: Talonflame
|-status|p2a: Talonflame|slp|[from] move: Sleep Powder
|-curestatus|p2b: Primarina|slp|[msg]
|move|p2b: Primarina|Hyper Voice|p1a: Jumpluff|[spread] p1a,p1b
|-resisted|p1a: Jumpluff
|-supereffective|p1b: Ursaluna
|-damage|p1a: Jumpluff|93/100
|-damage|p1b: Ursaluna|36/100 brn
|-enditem|p2b: Primarina|Throat Spray
|-boost|p2b: Primarina|spa|1|[from] item: Throat Spray
|move|p1b: Ursaluna|Facade|p2b: Primarina
|-damage|p2b: Primarina|0 fnt
|faint|p2b: Primarina
|
|-weather|SunnyDay|[upkeep]
|-damage|p1b: Ursaluna|30/100 brn|[from] brn
|upkeep
|
|t:|1756403373
|switch|p2b: Dragonite|Dragonite, L50, M|100/100
|turn|3
|inactive|gunkqing has 30 seconds left.
|
|t:|1756403404
|move|p1a: Jumpluff|Rage Powder|p1a: Jumpluff
|-singleturn|p1a: Jumpluff|move: Rage Powder
|move|p2b: Dragonite|Extreme Speed|p1a: Jumpluff
|-damage|p1a: Jumpluff|54/100
|cant|p2a: Talonflame|slp
|move|p1b: Ursaluna|Facade|p2b: Dragonite
|-damage|p2b: Dragonite|30/100
|
|-weather|SunnyDay|[upkeep]
|-damage|p1b: Ursaluna|24/100 brn|[from] brn
|upkeep
|turn|4
|
|t:|1756403426
|move|p1a: Jumpluff|Rage Powder|p1a: Jumpluff
|-singleturn|p1a: Jumpluff|move: Rage Powder
|-curestatus|p2a: Talonflame|slp|[msg]
|move|p2a: Talonflame|Brave Bird|p1a: Jumpluff
|-damage|p1a: Jumpluff|0 fnt
|faint|p1a: Jumpluff
|-damage|p2a: Talonflame|2/100|[from] Recoil
|move|p2b: Dragonite|Scale Shot|p1b: Ursaluna
|-damage|p1b: Ursaluna|12/100 brn
|-damage|p1b: Ursaluna|0 fnt
|faint|p1b: Ursaluna
|-hitcount|p1: Ursaluna|2
|-unboost|p2b: Dragonite|def|1
|-boost|p2b: Dragonite|spe|1
|
|-weather|SunnyDay|[upkeep]
|-sideend|p2: Tyrae|move: Tailwind
|upkeep
|
|t:|1756403434
|switch|p1a: Charizard|Charizard, L50, F, shiny|100/100
|switch|p1b: Torkoal|Torkoal, L50, M, shiny|100/100
|turn|5
|inactive|Tyrae has 30 seconds left.
|inactive|Tyrae has 20 seconds left.
|inactive|Tyrae has 15 seconds left.
|
|t:|1756403474
|move|p2b: Dragonite|Scale Shot|p1b: Torkoal
|-damage|p1b: Torkoal|89/100
|-damage|p1b: Torkoal|78/100
|-damage|p1b: Torkoal|65/100
|-damage|p1b: Torkoal|54/100
|-hitcount|p1b: Torkoal|4
|-unboost|p2b: Dragonite|def|1
|-boost|p2b: Dragonite|spe|1
|move|p2a: Talonflame|Tailwind|p2a: Talonflame
|-sidestart|p2: Tyrae|move: Tailwind
|move|p1a: Charizard|Heat Wave|p2b: Dragonite|[spread] p2a,p2b
|-resisted|p2a: Talonflame
|-resisted|p2b: Dragonite
|-damage|p2a: Talonflame|0 fnt
|-damage|p2b: Dragonite|0 fnt
|faint|p2a: Talonflame
|faint|p2b: Dragonite
|move|p1b: Torkoal|Eruption|p2: Talonflame|[notarget]
|-fail|p1b: Torkoal
|
|-weather|none
|upkeep
|
|t:|1756403494
|switch|p2b: Glimmora|Glimmora, L50, F|100/100
|turn|6
|
|t:|1756403510
|-terastallize|p2b: Glimmora|Ground
|move|p2b: Glimmora|Meteor Beam||[still]
|-prepare|p2b: Glimmora|Meteor Beam
|-boost|p2b: Glimmora|spa|1
|-enditem|p2b: Glimmora|Power Herb
|-anim|p2b: Glimmora|Meteor Beam|p1a: Charizard
|-supereffective|p1a: Charizard
|-crit|p1a: Charizard
|-damage|p1a: Charizard|0 fnt
|faint|p1a: Charizard
|move|p1b: Torkoal|Overheat|p2b: Glimmora|[miss]
|-miss|p1b: Torkoal|p2b: Glimmora
|
|upkeep
|turn|7
|-message|gunkqing forfeited.
|
|win|Tyrae
