|j|☆Staryu14
|j|☆RustyTacos27
|html|Staryu14RustyTacos27    
|uhtml|bestof|Game 3 of a best-of-3
|t:|1755908551
|gametype|doubles
|player|p1|Staryu14|1|1170
|player|p2|RustyTacos27|102|1265
|gen|9
|tier|[Gen 9] VGC 2025 Reg H (Bo3)
|rated|
|rule|Species Clause: Limit one of each Pokémon
|rule|Item Clause: Limit 1 of each item
|clearpoke
|poke|p1|Archaludon, L50, F|
|poke|p1|Pelipper, L50, M|
|poke|p1|Basculegion, L50, M|
|poke|p1|Incineroar, L50, M|
|poke|p1|Toxicroak, L50, M|
|poke|p1|Amoonguss, L50, M|
|poke|p2|Incineroar, L50, M|
|poke|p2|Porygon2, L50|
|poke|p2|Amoonguss, L50, F|
|poke|p2|Ursaluna, L50, F|
|poke|p2|Gholdengo, L50|
|poke|p2|Flamigo, L50, F|
|teampreview|4
|showteam|p1|Archaludon||AssaultVest|Stamina|ElectroShot,Snarl,DragonPulse,BodyPress|||F|||50|,,,,,Grass]Pelipper||FocusSash|Drizzle|WeatherBall,Hurricane,Protect,Tailwind|||M|||50|,,,,,Stellar]Basculegion||MysticWater|SwiftSwim|Protect,WaveCrash,AquaJet,LastRespects|||M|||50|,,,,,Water]Incineroar||SafetyGoggles|Intimidate|FakeOut,FlareBlitz,KnockOff,PartingShot|||M|||50|,,,,,Ghost]Toxicroak||LifeOrb|DrySkin|FakeOut,CloseCombat,PoisonJab,SuckerPunch|||M|||50|,,,,,Dark]Amoonguss||CovertCloak|Regenerator|ClearSmog,PollenPuff,RagePowder,Spore|||M|||50|,,,,,Psychic
|showteam|p2|Incineroar||SafetyGoggles|Intimidate|FlareBlitz,KnockOff,PartingShot,FakeOut|||M|||50|,,,,,Grass]Porygon2||Eviolite|Download|TeraBlast,IceBeam,Recover,TrickRoom||||||50|,,,,,Fighting]Amoonguss||MentalHerb|Regenerator|Spore,RagePowder,SludgeBomb,PollenPuff|||F|||50|,,,,,Water]Ursaluna||FlameOrb|Guts|Facade,HeadlongRush,Earthquake,Protect|||F|||50|,,,,,Normal]Gholdengo||LifeOrb|GoodasGold|MakeItRain,ShadowBall,NastyPlot,Protect||||||50|,,,,,Dragon]Flamigo||FocusSash|Scrappy|CloseCombat,BraveBird,WideGuard,Protect|||F|||50|,,,,,Ghost
|
|t:|1755908575
|teamsize|p1|4
|teamsize|p2|4
|start
|switch|p1a: Incineroar|Incineroar, L50, M|100/100
|switch|p1b: Archaludon|Archaludon, L50, F|100/100
|switch|p2a: Porygon2|Porygon2, L50, shiny|100/100
|switch|p2b: Amoonguss|Amoonguss, L50, F, shiny|100/100
|-ability|p1a: Incineroar|Intimidate|boost
|-unboost|p2a: Porygon2|atk|1
|-unboost|p2b: Amoonguss|atk|1
|-ability|p2a: Porygon2|Download|boost
|-boost|p2a: Porygon2|spa|1
|turn|1
|
|t:|1755908611
|-terastallize|p1b: Archaludon|Grass
|move|p1a: Incineroar|Fake Out|p2a: Porygon2
|-damage|p2a: Porygon2|94/100
|move|p1b: Archaludon|Snarl|p2b: Amoonguss|[spread] p2a,p2b
|-damage|p2a: Porygon2|85/100
|-damage|p2b: Amoonguss|88/100
|-unboost|p2a: Porygon2|spa|1
|-unboost|p2b: Amoonguss|spa|1
|cant|p2a: Porygon2|flinch
|move|p2b: Amoonguss|Spore|p1b: Archaludon
|-immune|p1b: Archaludon
|
|upkeep
|turn|2
|inactive|Battle timer is ON: inactive players will automatically lose when time's up. (requested by RustyTacos27)
|
|t:|1755908628
|switch|p1b: Basculegion|Basculegion, L50, M|100/100
|switch|p2a: Ursaluna|Ursaluna, L50, F, shiny|100/100
|move|p1a: Incineroar|Knock Off|p2b: Amoonguss
|-damage|p2b: Amoonguss|58/100
|-enditem|p2b: Amoonguss|Mental Herb|[from] move: Knock Off|[of] p1a: Incineroar
|move|p2b: Amoonguss|Sludge Bomb|p1b: Basculegion
|-resisted|p1b: Basculegion
|-damage|p1b: Basculegion|91/100
|
|-status|p2a: Ursaluna|brn|[from] item: Flame Orb
|upkeep
|turn|3
|
|t:|1755908653
|switch|p2b: Incineroar|Incineroar, L50, M, shiny|100/100
|-ability|p2b: Incineroar|Intimidate|boost
|-unboost|p1a: Incineroar|atk|1
|-unboost|p1b: Basculegion|atk|1
|-terastallize|p2a: Ursaluna|Normal
|move|p1b: Basculegion|Protect|p1b: Basculegion
|-singleturn|p1b: Basculegion|Protect
|move|p1a: Incineroar|Parting Shot|p2a: Ursaluna
|-unboost|p2a: Ursaluna|atk|1
|-unboost|p2a: Ursaluna|spa|1
|
|t:|1755908669
|switch|p1a: Archaludon|Archaludon, L50, F, tera:Grass|100/100|[from] Parting Shot
|move|p2a: Ursaluna|Headlong Rush|p1b: Basculegion
|-activate|p1b: Basculegion|move: Protect
|
|-damage|p2a: Ursaluna|95/100 brn|[from] brn
|upkeep
|turn|4
|
|t:|1755908693
|switch|p1b: Pelipper|Pelipper, L50, M|100/100
|-weather|RainDance|[from] ability: Drizzle|[of] p1b: Pelipper
|switch|p1a: Incineroar|Incineroar, L50, M|100/100
|-ability|p1a: Incineroar|Intimidate|boost
|-unboost|p2a: Ursaluna|atk|1
|-unboost|p2b: Incineroar|atk|1
|move|p2b: Incineroar|Parting Shot|p1b: Pelipper
|-unboost|p1b: Pelipper|atk|1
|-unboost|p1b: Pelipper|spa|1
|
|t:|1755908705
|switch|p2b: Porygon2|Porygon2, L50, shiny|85/100|[from] Parting Shot
|-ability|p2b: Porygon2|Download|boost
|-boost|p2b: Porygon2|spa|1
|move|p2a: Ursaluna|Facade|p1a: Incineroar
|-damage|p1a: Incineroar|33/100
|
|-weather|RainDance|[upkeep]
|-damage|p2a: Ursaluna|89/100 brn|[from] brn
|upkeep
|turn|5
|inactive|Staryu14 has 30 seconds left.
|
|t:|1755908741
|switch|p1b: Basculegion|Basculegion, L50, M|91/100
|switch|p2a: Amoonguss|Amoonguss, L50, F, shiny|91/100
|move|p1a: Incineroar|Fake Out|p2b: Porygon2
|-damage|p2b: Porygon2|79/100
|cant|p2b: Porygon2|flinch
|
|-weather|RainDance|[upkeep]
|upkeep
|turn|6
|inactive|Staryu14 has 30 seconds left.
|inactive|Staryu14 has 20 seconds left.
|
|t:|1755908778
|move|p1b: Basculegion|Protect|p1b: Basculegion
|-singleturn|p1b: Basculegion|Protect
|move|p1a: Incineroar|Parting Shot|p2b: Porygon2
|-unboost|p2b: Porygon2|atk|1
|-unboost|p2b: Porygon2|spa|1
|
|t:|1755908783
|switch|p1a: Archaludon|Archaludon, L50, F, tera:Grass|100/100|[from] Parting Shot
|move|p2b: Porygon2|Tera Blast|p1a: Archaludon
|-crit|p1a: Archaludon
|-damage|p1a: Archaludon|67/100
|-ability|p1a: Archaludon|Stamina|boost
|-boost|p1a: Archaludon|def|1
|move|p2a: Amoonguss|Spore|p1a: Archaludon
|-immune|p1a: Archaludon
|
|-weather|RainDance|[upkeep]
|upkeep
|turn|7
|
|t:|1755908805
|move|p1b: Basculegion|Wave Crash|p2b: Porygon2
|-damage|p2b: Porygon2|18/100
|-damage|p1b: Basculegion|71/100|[from] Recoil
|move|p1a: Archaludon|Body Press|p2b: Porygon2
|-supereffective|p2b: Porygon2
|-damage|p2b: Porygon2|0 fnt
|faint|p2b: Porygon2
|move|p2a: Amoonguss|Spore|p1b: Basculegion
|-status|p1b: Basculegion|slp|[from] move: Spore
|
|-weather|RainDance|[upkeep]
|upkeep
|
|t:|1755908813
|switch|p2b: Ursaluna|Ursaluna, L50, F, shiny, tera:Normal|89/100 brn
|turn|8
|
|t:|1755908818
|switch|p1b: Incineroar|Incineroar, L50, M|33/100
|-ability|p1b: Incineroar|Intimidate|boost
|-unboost|p2a: Amoonguss|atk|1
|-unboost|p2b: Ursaluna|atk|1
|move|p1a: Archaludon|Body Press|p2b: Ursaluna
|-supereffective|p2b: Ursaluna
|-damage|p2b: Ursaluna|40/100 brn
|move|p2a: Amoonguss|Sludge Bomb|p1a: Archaludon
|-supereffective|p1a: Archaludon
|-damage|p1a: Archaludon|26/100
|-ability|p1a: Archaludon|Stamina|boost
|-boost|p1a: Archaludon|def|1
|move|p2b: Ursaluna|Facade|p1a: Archaludon
|-damage|p1a: Archaludon|0 fnt
|faint|p1a: Archaludon
|
|-weather|none
|-damage|p2b: Ursaluna|34/100 brn|[from] brn
|upkeep
|inactive|Staryu14 has 30 seconds left.
|
|t:|1755908844
|switch|p1a: Basculegion|Basculegion, L50, M|71/100 slp
|turn|9
|
|t:|1755908858
|cant|p1a: Basculegion|slp
|move|p1b: Incineroar|Flare Blitz|p2b: Ursaluna
|-damage|p2b: Ursaluna|0 fnt
|faint|p2b: Ursaluna
|-damage|p1b: Incineroar|21/100|[from] Recoil
|move|p2a: Amoonguss|Pollen Puff|p2: Ursaluna|[notarget]
|-fail|p2a: Amoonguss
|
|upkeep
|
|t:|1755908863
|switch|p2b: Incineroar|Incineroar, L50, M, shiny|100/100
|-ability|p2b: Incineroar|Intimidate|boost
|-unboost|p1a: Basculegion|atk|1
|-unboost|p1b: Incineroar|atk|1
|turn|10
|
|t:|1755908878
|move|p2a: Amoonguss|Rage Powder|p2a: Amoonguss
|-singleturn|p2a: Amoonguss|move: Rage Powder
|cant|p1a: Basculegion|slp
|move|p2b: Incineroar|Knock Off|p1a: Basculegion
|-supereffective|p1a: Basculegion
|-damage|p1a: Basculegion|0 fnt
|-enditem|p1a: Basculegion|Mystic Water|[from] move: Knock Off|[of] p2b: Incineroar
|faint|p1a: Basculegion
|move|p1b: Incineroar|Flare Blitz|p2a: Amoonguss
|-supereffective|p2a: Amoonguss
|-damage|p2a: Amoonguss|39/100
|-damage|p1b: Incineroar|2/100|[from] Recoil
|
|upkeep
|
|t:|1755908882
|switch|p1a: Pelipper|Pelipper, L50, M|100/100
|-weather|RainDance|[from] ability: Drizzle|[of] p1a: Pelipper
|turn|11
|
|t:|1755908902
|move|p1a: Pelipper|Weather Ball|p2b: Incineroar
|-supereffective|p2b: Incineroar
|-damage|p2b: Incineroar|0 fnt
|faint|p2b: Incineroar
|move|p1b: Incineroar|Flare Blitz|p2a: Amoonguss
|-supereffective|p2a: Amoonguss
|-damage|p2a: Amoonguss|13/100
|-status|p2a: Amoonguss|brn
|-damage|p1b: Incineroar|0 fnt|[from] Recoil
|faint|p1b: Incineroar
|move|p2a: Amoonguss|Sludge Bomb|p1a: Pelipper
|-damage|p1a: Pelipper|50/100
|
|-weather|RainDance|[upkeep]
|-damage|p2a: Amoonguss|7/100 brn|[from] brn
|upkeep
|turn|12
|
|t:|1755908907
|move|p1a: Pelipper|Hurricane|p2a: Amoonguss
|-supereffective|p2a: Amoonguss
|-damage|p2a: Amoonguss|0 fnt
|faint|p2a: Amoonguss
|
|win|Staryu14
|raw|Staryu14's rating: 1170 → 1202(+32 for winning)
|raw|RustyTacos27's rating: 1265 → 1233(-32 for losing)
|l|☆RustyTacos27
|player|p2|
|l|☆Staryu14
|player|p1|
|j|☆Staryu14
|player|p1|Staryu14|1|
