|j|☆aox93
|j|☆dogggybears
|html|aox93dogggybears    
|uhtml|bestof|Game 1 of a best-of-3
|t:|1757208336
|gametype|doubles
|player|p1|aox93|266|1268
|player|p2|dogggybears|roxie|1186
|gen|9
|tier|[Gen 9] VGC 2025 Reg H (Bo3)
|rated|
|rule|Species Clause: Limit one of each Pokémon
|rule|Item Clause: Limit 1 of each item
|clearpoke
|poke|p1|Gholdengo, L50|
|poke|p1|Talonflame, L50, M|
|poke|p1|Primarina, L50, F|
|poke|p1|Tyranitar, L50, F|
|poke|p1|Garchomp, L50, M|
|poke|p1|Indeedee, L50, M|
|poke|p2|Sneasler, L50, F|
|poke|p2|Indeedee, L50, M|
|poke|p2|Volcarona, L50, M|
|poke|p2|Ursaluna-Bloodmoon, L50, M|
|poke|p2|Annihilape, L50, M|
|poke|p2|Tyranitar, L50, M|
|teampreview|4
|showteam|p1|Gholdengo||ChoiceSpecs|GoodasGold|MakeItRain,ShadowBall,Thunderbolt,Trick||||||50|,,,,,Steel]Talonflame||CovertCloak|GaleWings|BraveBird,FlareBlitz,Tailwind,Taunt|||M|||50|,,,,,Grass]Primarina||MysticWater|LiquidVoice|Protect,Haze,Moonblast,HyperVoice|||F|||50|,,,,,Poison]Tyranitar||AssaultVest|SandStream|KnockOff,RockSlide,TeraBlast,LowKick|||F|||50|,,,,,Flying]Garchomp||LifeOrb|RoughSkin|Protect,Earthquake,StompingTantrum,DragonClaw|||M|||50|,,,,,Ground]Indeedee||FocusSash|PsychicSurge|Protect,ExpandingForce,TrickRoom,Imprison|||M|||50|,,,,,Psychic
|showteam|p2|Sneasler||PsychicSeed|Unburden|CloseCombat,DireClaw,ThroatChop,Protect|||F|||50|,,,,,Dark]Indeedee||ChoiceScarf|PsychicSurge|ExpandingForce,TeraBlast,Trick,Protect|||M|||50|,,,,,Psychic]Volcarona||SitrusBerry|FlameBody|Overheat,StruggleBug,RagePowder,Tailwind|||M|||50|,,,,,Grass]Ursaluna-Bloodmoon||LifeOrb|MindsEye|BloodMoon,HyperVoice,EarthPower,Protect|||M|||50|,,,,,Normal]Annihilape||SafetyGoggles|Defiant|CloseCombat,RageFist,Taunt,FinalGambit|||M|||50|,,,,,Fairy]Tyranitar||AssaultVest|SandStream|RockSlide,KnockOff,TeraBlast,LowKick|||M|||50|,,,,,Flying
|inactive|Battle timer is ON: inactive players will automatically lose when time's up. (requested by aox93)
|
|t:|1757208378
|teamsize|p1|4
|teamsize|p2|4
|start
|switch|p1a: Talonflame|Talonflame, L50, M, shiny|100/100
|switch|p1b: Garchomp|Garchomp, L50, M, shiny|100/100
|switch|p2a: Volcarona|Volcarona, L50, M|100/100
|switch|p2b: Ursaluna|Ursaluna-Bloodmoon, L50, M|100/100
|turn|1
|
|t:|1757208398
|-terastallize|p1b: Garchomp|Ground
|-terastallize|p2b: Ursaluna|Normal
|move|p1a: Talonflame|Tailwind|p1a: Talonflame
|-sidestart|p1: aox93|move: Tailwind
|move|p1b: Garchomp|Earthquake|p2a: Volcarona|[spread] p2a,p2b
|-immune|p1a: Talonflame
|-damage|p2a: Volcarona|12/100
|-damage|p2b: Ursaluna|45/100
|-enditem|p2a: Volcarona|Sitrus Berry|[eat]
|-heal|p2a: Volcarona|37/100|[from] item: Sitrus Berry
|-damage|p1b: Garchomp|91/100|[from] item: Life Orb
|move|p2a: Volcarona|Tailwind|p2a: Volcarona
|-sidestart|p2: dogggybears|move: Tailwind
|move|p2b: Ursaluna|Hyper Voice|p1a: Talonflame|[spread] p1a,p1b
|-crit|p1a: Talonflame
|-damage|p1a: Talonflame|0 fnt
|-damage|p1b: Garchomp|20/100
|faint|p1a: Talonflame
|-damage|p2b: Ursaluna|36/100|[from] item: Life Orb
|
|upkeep
|inactive|aox93 has 30 seconds left.
|
|t:|1757208426
|switch|p1a: Gholdengo|Gholdengo, L50|100/100
|turn|2
|inactive|dogggybears has 30 seconds left.
|
|t:|1757208457
|move|p1b: Garchomp|Stomping Tantrum|p2a: Volcarona
|-damage|p2a: Volcarona|0 fnt
|faint|p2a: Volcarona
|-damage|p1b: Garchomp|10/100|[from] item: Life Orb
|move|p1a: Gholdengo|Make It Rain|p2b: Ursaluna
|-damage|p2b: Ursaluna|0 fnt
|-unboost|p1a: Gholdengo|spa|1
|faint|p2b: Ursaluna
|
|upkeep
|
|t:|1757208464
|switch|p2a: Indeedee|Indeedee, L50, M|100/100
|switch|p2b: Sneasler|Sneasler, L50, F|100/100
|-fieldstart|move: Psychic Terrain|[from] ability: Psychic Surge|[of] p2a: Indeedee
|-enditem|p2b: Sneasler|Psychic Seed
|-boost|p2b: Sneasler|spd|1|[from] item: Psychic Seed
|turn|3
|
|t:|1757208485
|switch|p1b: Tyranitar|Tyranitar, L50, F, shiny|100/100
|-weather|Sandstorm|[from] ability: Sand Stream|[of] p1b: Tyranitar
|move|p2b: Sneasler|Throat Chop|p1a: Gholdengo
|-supereffective|p1a: Gholdengo
|-damage|p1a: Gholdengo|32/100
|-start|p1a: Gholdengo|Throat Chop|[silent]
|move|p2a: Indeedee|Expanding Force|p1b: Tyranitar|[spread] p1a
|-immune|p1b: Tyranitar
|-resisted|p1a: Gholdengo
|-damage|p1a: Gholdengo|2/100
|move|p1a: Gholdengo|Make It Rain|p2a: Indeedee|[spread] p2a,p2b
|-damage|p2a: Indeedee|32/100
|-damage|p2b: Sneasler|55/100
|-unboost|p1a: Gholdengo|spa|1
|
|-weather|Sandstorm|[upkeep]
|-damage|p2b: Sneasler|50/100|[from] Sandstorm
|-damage|p2a: Indeedee|26/100|[from] Sandstorm
|upkeep
|turn|4
|inactive|aox93 has 30 seconds left.
|
|t:|1757208515
|switch|p1b: Garchomp|Garchomp, L50, M, shiny, tera:Ground|10/100
|move|p2b: Sneasler|Close Combat|p1b: Garchomp
|-damage|p1b: Garchomp|0 fnt
|-unboost|p2b: Sneasler|def|1
|-unboost|p2b: Sneasler|spd|1
|-damage|p2b: Sneasler|37/100|[from] ability: Rough Skin|[of] p1b: Garchomp
|faint|p1b: Garchomp
|move|p2a: Indeedee|Expanding Force|p1a: Gholdengo
|-resisted|p1a: Gholdengo
|-damage|p1a: Gholdengo|0 fnt
|faint|p1a: Gholdengo
|
|-weather|Sandstorm|[upkeep]
|-damage|p2b: Sneasler|31/100|[from] Sandstorm
|-damage|p2a: Indeedee|20/100|[from] Sandstorm
|-sideend|p1: aox93|move: Tailwind
|-sideend|p2: dogggybears|move: Tailwind
|upkeep
|
|t:|1757208532
|switch|p1b: Tyranitar|Tyranitar, L50, F, shiny|100/100
|turn|5
|
|t:|1757208541
|move|p2b: Sneasler|Close Combat|p1b: Tyranitar
|-supereffective|p1b: Tyranitar
|-damage|p1b: Tyranitar|0 fnt
|-unboost|p2b: Sneasler|def|1
|-unboost|p2b: Sneasler|spd|1
|faint|p1b: Tyranitar
|
|win|dogggybears
||aox93 is ready for game 2.
||dogggybears is ready for game 2.
|uhtml|next|Next: Game 2 of 3
