|j|☆free4aldi
|j|☆sweetlysunny
|html|free4aldisweetlysunny    
|uhtml|bestof|Game 2 of a best-of-3
|t:|1783467636
|gametype|doubles
|player|p1|free4aldi|266|1049
|player|p2|sweetlysunny|serena|1116
|gen|9
|tier|[Gen 9 Champions] VGC 2026 Reg M-B (Bo3)
|rated|
|rule|Species Clause: Limit one of each Pokémon
|rule|Item Clause: Limit 1 of each item
|clearpoke
|poke|p1|Staraptor, L50, F|
|poke|p1|Grimmsnarl, L50, M|
|poke|p1|Sinistcha, L50|
|poke|p1|Archaludon, L50, M|
|poke|p1|Pelipper, L50, F|
|poke|p1|Basculegion, L50, M|
|poke|p2|Torkoal, L50, M|
|poke|p2|Pyroar, L50, M|
|poke|p2|Vileplume, L50, M|
|poke|p2|Scrafty, L50, M|
|poke|p2|Farigiraf, L50, F|
|poke|p2|Sylveon, L50, F|
|teampreview|4
|showteam|p1|Staraptor||Staraptite|Intimidate|CloseCombat,BraveBird,Roost,Protect|Jolly||F|||50|]Grimmsnarl||LightClay|Prankster|PartingShot,LightScreen,Reflect,SpiritBreak|Careful||M|||50|]Sinistcha||SitrusBerry|Hospitality|RagePowder,LifeDew,MatchaGotcha,ShadowBall|Calm|||||50|]Archaludon||Leftovers|Stamina|ElectroShot,FlashCannon,DragonPulse,Protect|Modest||M|||50|]Pelipper||FocusSash|Drizzle|Tailwind,WideGuard,Hurricane,WeatherBall|Bold||F|||50|]Basculegion||ChoiceScarf|Adaptability|WaveCrash,LastRespects,FlipTurn,AquaJet|Adamant||M|||50|
|showteam|p2|Torkoal||Charcoal|Drought|HeatWave,Eruption,HelpingHand,Protect|Quiet||M|||50|]Pyroar||Pyroarite|Unnerve|HeatWave,Overheat,ScorchingSands,Protect|Timid||M|||50|]Vileplume||FocusSash|Chlorophyll|EnergyBall,SludgeBomb,SleepPowder,AfterYou|Timid||M|||50|]Scrafty||Scraftinite|Intimidate|FakeOut,CloseCombat,PoisonJab,KnockOff|Brave||M|||50|]Farigiraf||SitrusBerry|ArmorTail|HyperVoice,Psychic,HelpingHand,TrickRoom|Bold||F|||50|]Sylveon||FairyFeather|Pixilate|HyperVoice,HyperBeam,QuickAttack,Protect|Quiet||F|||50|
|inactive|Battle timer is ON: inactive players will automatically lose when time's up. (requested by sweetlysunny)
|
|t:|1783467665
|teamsize|p1|4
|teamsize|p2|4
|start
|switch|p1a: Staraptor|Staraptor, L50, F|100/100
|switch|p1b: Grimmsnarl|Grimmsnarl, L50, M|100/100
|switch|p2a: Pyroar|Pyroar, L50, M|100/100
|switch|p2b: Vileplume|Vileplume, L50, M|100/100
|-ability|p2a: Pyroar|Unnerve
|-ability|p1a: Staraptor|Intimidate|boost
|-unboost|p2a: Pyroar|atk|1
|-unboost|p2b: Vileplume|atk|1
|turn|1
|
|t:|1783467681
|switch|p2b: Torkoal|Torkoal, L50, M|100/100
|-weather|SunnyDay|[from] ability: Drought|[of] p2b: Torkoal
|detailschange|p2a: Pyroar|Pyroar-Mega, L50, M
|-mega|p2a: Pyroar|Pyroar|Pyroarite
|detailschange|p1a: Staraptor|Staraptor-Mega, L50, F
|-mega|p1a: Staraptor|Staraptor|Staraptite
|move|p1b: Grimmsnarl|Light Screen|p1b: Grimmsnarl
|-sidestart|p1: free4aldi|move: Light Screen
|move|p2a: Pyroar|Heat Wave|p1b: Grimmsnarl|[spread] p1a,p1b
|-damage|p1a: Staraptor|31/100
|-damage|p1b: Grimmsnarl|53/100
|move|p1a: Staraptor|Close Combat|p2a: Pyroar
|-supereffective|p2a: Pyroar|1
|-damage|p2a: Pyroar|0 fnt
|-boost|p1a: Staraptor|def|1
|-boost|p1a: Staraptor|spd|1
|faint|p2a: Pyroar
|
|-weather|SunnyDay|[upkeep]
|upkeep
|
|t:|1783467694
|switch|p2a: Vileplume|Vileplume, L50, M|100/100
|turn|2
|
|t:|1783467709
|move|p1b: Grimmsnarl|Parting Shot|p1a: Staraptor
|-boost|p1a: Staraptor|atk|1
|-boost|p1a: Staraptor|spa|1
|
|t:|1783467711
|switch|p1b: Pelipper|Pelipper, L50, F|100/100|[from] Parting Shot
|-weather|RainDance|[from] ability: Drizzle|[of] p1b: Pelipper
|move|p1a: Staraptor|Roost|p1a: Staraptor
|-heal|p1a: Staraptor|81/100
|-singleturn|p1a: Staraptor|move: Roost
|move|p2a: Vileplume|Sleep Powder|p1a: Staraptor
|-status|p1a: Staraptor|slp|[from] move: Sleep Powder
|move|p2b: Torkoal|Heat Wave|p1b: Pelipper|[spread] p1a,p1b
|-resisted|p1b: Pelipper|1
|-damage|p1a: Staraptor|71/100 slp
|-damage|p1b: Pelipper|91/100
|
|-weather|RainDance|[upkeep]
|upkeep
|turn|3
|inactive|sweetlysunny has 30 seconds left.
|
|t:|1783467740
|switch|p2b: Sylveon|Sylveon, L50, F|100/100
|cant|p1a: Staraptor|slp
|move|p2a: Vileplume|Sleep Powder|p1b: Pelipper|[miss]
|-miss|p2a: Vileplume|p1b: Pelipper
|move|p1b: Pelipper|Hurricane|p2a: Vileplume
|-supereffective|p2a: Vileplume|1
|-damage|p2a: Vileplume|1/100
|
|-weather|RainDance|[upkeep]
|upkeep
|turn|4
|
|t:|1783467761
|switch|p2a: Torkoal|Torkoal, L50, M|100/100
|-weather|SunnyDay|[from] ability: Drought|[of] p2a: Torkoal
|move|p1b: Pelipper|Wide Guard|p1b: Pelipper
|-singleturn|p1b: Pelipper|Wide Guard
|-curestatus|p1a: Staraptor|slp|[msg]
|move|p1a: Staraptor|Close Combat|p2a: Torkoal
|-damage|p2a: Torkoal|23/100
|-boost|p1a: Staraptor|def|1
|-boost|p1a: Staraptor|spd|1
|move|p2b: Sylveon|Hyper Voice|p1b: Pelipper|[spread] 
|-activate|p1a: Staraptor|move: Wide Guard
|-activate|p1b: Pelipper|move: Wide Guard
|
|-weather|SunnyDay|[upkeep]
|upkeep
|turn|5
|inactive|free4aldi has 30 seconds left.
|
|t:|1783467794
|switch|p1b: Grimmsnarl|Grimmsnarl, L50, M|53/100
|move|p1a: Staraptor|Protect|p1a: Staraptor
|-singleturn|p1a: Staraptor|Protect
|move|p2b: Sylveon|Hyper Voice|p1b: Grimmsnarl|[spread] p1b
|-activate|p1a: Staraptor|move: Protect
|-supereffective|p1b: Grimmsnarl|1
|-damage|p1b: Grimmsnarl|1/100
|move|p2a: Torkoal|Heat Wave|p1a: Staraptor|[spread] p1b
|-activate|p1a: Staraptor|move: Protect
|-damage|p1b: Grimmsnarl|0 fnt
|faint|p1b: Grimmsnarl
|
|-weather|SunnyDay|[upkeep]
|upkeep
|
|t:|1783467802
|switch|p1b: Pelipper|Pelipper, L50, F|91/100
|-weather|RainDance|[from] ability: Drizzle|[of] p1b: Pelipper
|turn|6
|
|t:|1783467817
|switch|p2a: Vileplume|Vileplume, L50, M|1/100
|move|p1a: Staraptor|Brave Bird|p2b: Sylveon
|-damage|p2b: Sylveon|0 fnt
|faint|p2b: Sylveon
|-damage|p1a: Staraptor|29/100|[from] Recoil
|move|p1b: Pelipper|Weather Ball|p2a: Vileplume
|-resisted|p2a: Vileplume|1
|-damage|p2a: Vileplume|0 fnt
|faint|p2a: Vileplume
|
|-weather|RainDance|[upkeep]
|upkeep
|-message|sweetlysunny forfeited.
|
|win|free4aldi
|raw|free4aldi's rating: 1049 → 1088(+39 for winning)
|raw|sweetlysunny's rating: 1116 → 1086(-30 for losing)
|l|☆free4aldi
|player|p1|
