|j|☆CretaceousDraconid
|j|☆TheMaoriGamer
|html|CretaceousDraconidTheMaoriGamer    
|uhtml|bestof|Game 1 of a best-of-3
|t:|1756622417
|gametype|doubles
|player|p1|CretaceousDraconid|zinnia-masters|
|player|p2|TheMaoriGamer|2|
|gen|9
|tier|[Gen 9] VGC 2025 Reg H (Bo3)
|rule|Species Clause: Limit one of each Pokémon
|rule|Item Clause: Limit 1 of each item
|clearpoke
|poke|p1|Tyranitar, L50, M|
|poke|p1|Salamence, L50, M|
|poke|p1|Basculegion, L50, M|
|poke|p1|Electabuzz, L50, F|
|poke|p1|Excadrill, L50, M|
|poke|p1|Corviknight, L50, M|
|poke|p2|Gholdengo, L50|
|poke|p2|Incineroar, L50, M|
|poke|p2|Amoonguss, L50, M|
|poke|p2|Archaludon, L50, F|
|poke|p2|Pelipper, L50, M|
|poke|p2|Basculegion, L50, M|
|teampreview|4
|showteam|p1|Tyranitar||AssaultVest|SandStream|TeraBlast,LowKick,KnockOff,RockSlide|||M|||50|,,,,,Flying]Salamence||SafetyGoggles|Intimidate|HeatWave,Hurricane,Protect,DracoMeteor|||M|||50|,,,,,Fire]Basculegion||ChoiceScarf|Adaptability|FlipTurn,LastRespects,AquaJet,WaveCrash|||M|||50|,,,,,Water]Electabuzz||Eviolite|VitalSpirit|Electroweb,Protect,Taunt,FollowMe|||F|||50|,,,,,Dragon]Excadrill||ClearAmulet|SandRush|Protect,IronHead,HighHorsepower,Earthquake|||M|||50|,,,,,Ghost]Corviknight||CovertCloak|MirrorArmor|BulkUp,Tailwind,BraveBird,Roost|||M|||50|,,,,,Fire
|showteam|p2|Gholdengo||LifeOrb|GoodasGold|MakeItRain,ShadowBall,NastyPlot,Protect||||||50|,,,,,Water]Incineroar||MirrorHerb|Intimidate|Taunt,KnockOff,PartingShot,FakeOut|||M|||50|,,,,,Ghost]Amoonguss||RockyHelmet|Regenerator|PollenPuff,Spore,RagePowder,Protect|||M|||50|,,,,,Water]Archaludon||AssaultVest|Stamina|DragonPulse,FlashCannon,ElectroShot,BodyPress|||F|||50|,,,,,Bug]Pelipper||FocusSash|Drizzle|WeatherBall,Hurricane,Tailwind,Protect|||M|||50|,,,,,Ground]Basculegion||ChoiceBand|SwiftSwim|WaveCrash,LastRespects,FlipTurn,AquaJet|||M|||50|,,,,,Water
|inactive|Battle timer is ON: inactive players will automatically lose when time's up. (requested by TheMaoriGamer)
|inactive|CretaceousDraconid has 60 seconds left.
|inactive|TheMaoriGamer has 60 seconds left.
|c|☆CretaceousDraconid|glhf
|inactive|TheMaoriGamer has 30 seconds left.
|inactive|TheMaoriGamer has 20 seconds left.
|inactive|TheMaoriGamer has 15 seconds left.
|
|t:|1756622496
|teamsize|p1|4
|teamsize|p2|4
|start
|switch|p1a: john|Electabuzz, L50, F|100/100
|switch|p1b: Renegade|Excadrill, L50, M|100/100
|switch|p2a: Pelipper|Pelipper, L50, M|100/100
|switch|p2b: Basculegion|Basculegion, L50, M|100/100
|-weather|RainDance|[from] ability: Drizzle|[of] p2a: Pelipper
|turn|1
|c|☆TheMaoriGamer|glhf
|inactive|CretaceousDraconid has 30 seconds left.
|inactive|TheMaoriGamer has 30 seconds left.
|inactive|CretaceousDraconid has 20 seconds left.
|inactive|TheMaoriGamer has 20 seconds left.
|inactive|TheMaoriGamer has 15 seconds left.
|
|t:|1756622538
|switch|p2a: Amoonguss|Amoonguss, L50, M|100/100
|-terastallize|p1a: john|Dragon
|move|p1b: Renegade|Protect|p1b: Renegade
|-singleturn|p1b: Renegade|Protect
|move|p2b: Basculegion|Flip Turn|p1b: Renegade
|-activate|p1b: Renegade|move: Protect
|move|p1a: john|Taunt|p2a: Amoonguss
|-start|p2a: Amoonguss|move: Taunt
|
|-weather|RainDance|[upkeep]
|upkeep
|turn|2
|inactive|TheMaoriGamer has 30 seconds left.
|
|t:|1756622571
|switch|p1b: Rebel Heart|Salamence, L50, M|100/100
|-ability|p1b: Rebel Heart|Intimidate|boost
|-unboost|p2a: Amoonguss|atk|1
|-unboost|p2b: Basculegion|atk|1
|switch|p2a: Pelipper|Pelipper, L50, M|100/100
|move|p2b: Basculegion|Flip Turn|p1b: Rebel Heart
|-resisted|p1b: Rebel Heart
|-damage|p1b: Rebel Heart|73/100
|
|t:|1756622581
|switch|p2b: Archaludon|Archaludon, L50, F|100/100|[from] Flip Turn
|move|p1a: john|Electroweb|p2b: Archaludon|[spread] p2a,p2b
|-supereffective|p2a: Pelipper
|-resisted|p2b: Archaludon
|-damage|p2a: Pelipper|3/100
|-damage|p2b: Archaludon|95/100
|-unboost|p2a: Pelipper|spe|1
|-unboost|p2b: Archaludon|spe|1
|-ability|p2b: Archaludon|Stamina|boost
|-boost|p2b: Archaludon|def|1
|
|-weather|RainDance|[upkeep]
|upkeep
|turn|3
|inactive|TheMaoriGamer has 30 seconds left.
|
|t:|1756622610
|switch|p1b: Wasteland|Tyranitar, L50, M|100/100
|-weather|Sandstorm|[from] ability: Sand Stream|[of] p1b: Wasteland
|move|p1a: john|Protect|p1a: john
|-singleturn|p1a: john|Protect
|move|p2a: Pelipper|Protect|p2a: Pelipper
|-singleturn|p2a: Pelipper|Protect
|move|p2b: Archaludon|Dragon Pulse|p1b: Wasteland
|-damage|p1b: Wasteland|84/100
|
|-weather|Sandstorm|[upkeep]
|-damage|p1a: john|95/100|[from] Sandstorm
|-damage|p2a: Pelipper|0 fnt|[from] Sandstorm
|faint|p2a: Pelipper
|upkeep
|
|t:|1756622624
|switch|p2a: Amoonguss|Amoonguss, L50, M|100/100
|turn|4
|
|t:|1756622639
|switch|p1b: Rebel Heart|Salamence, L50, M|73/100
|-ability|p1b: Rebel Heart|Intimidate|boost
|-unboost|p2a: Amoonguss|atk|1
|-unboost|p2b: Archaludon|atk|1
|-terastallize|p2b: Archaludon|Bug
|move|p2a: Amoonguss|Rage Powder|p2a: Amoonguss
|-singleturn|p2a: Amoonguss|move: Rage Powder
|move|p1a: john|Taunt|p2a: Amoonguss
|-start|p2a: Amoonguss|move: Taunt
|move|p2b: Archaludon|Dragon Pulse|p1a: john
|-supereffective|p1a: john
|-damage|p1a: john|27/100
|
|-weather|Sandstorm|[upkeep]
|-damage|p1a: john|21/100|[from] Sandstorm
|-damage|p2b: Archaludon|89/100|[from] Sandstorm
|-damage|p2a: Amoonguss|95/100|[from] Sandstorm
|upkeep
|turn|5
|inactive|TheMaoriGamer has 30 seconds left.
|
|t:|1756622666
|move|p1a: john|Electroweb|p2b: Archaludon|[spread] p2a,p2b
|-resisted|p2a: Amoonguss
|-damage|p2a: Amoonguss|89/100
|-damage|p2b: Archaludon|78/100
|-unboost|p2a: Amoonguss|spe|1
|-unboost|p2b: Archaludon|spe|1
|-ability|p2b: Archaludon|Stamina|boost
|-boost|p2b: Archaludon|def|1
|move|p1b: Rebel Heart|Hurricane|p2b: Archaludon|[miss]
|-miss|p1b: Rebel Heart|p2b: Archaludon
|move|p2b: Archaludon|Dragon Pulse|p1b: Rebel Heart
|-supereffective|p1b: Rebel Heart
|-damage|p1b: Rebel Heart|0 fnt
|faint|p1b: Rebel Heart
|move|p2a: Amoonguss|Pollen Puff|p2b: Archaludon
|-heal|p2b: Archaludon|100/100
|
|-weather|Sandstorm|[upkeep]
|-damage|p1a: john|16/100|[from] Sandstorm
|-damage|p2b: Archaludon|94/100|[from] Sandstorm
|-damage|p2a: Amoonguss|83/100|[from] Sandstorm
|upkeep
|
|t:|1756622677
|switch|p1b: Wasteland|Tyranitar, L50, M|84/100
|turn|6
|
|t:|1756622700
|move|p1a: john|Electroweb|p2a: Amoonguss|[spread] p2a,p2b
|-resisted|p2a: Amoonguss
|-damage|p2a: Amoonguss|76/100
|-damage|p2b: Archaludon|85/100
|-unboost|p2a: Amoonguss|spe|1
|-unboost|p2b: Archaludon|spe|1
|-ability|p2b: Archaludon|Stamina|boost
|-boost|p2b: Archaludon|def|1
|move|p1b: Wasteland|Rock Slide|p2a: Amoonguss|[spread] p2b
|-miss|p1b: Wasteland|p2a: Amoonguss
|-supereffective|p2b: Archaludon
|-damage|p2b: Archaludon|66/100
|-ability|p2b: Archaludon|Stamina|boost
|-boost|p2b: Archaludon|def|1
|move|p2b: Archaludon|Body Press|p1b: Wasteland
|-supereffective|p1b: Wasteland
|-damage|p1b: Wasteland|0 fnt
|faint|p1b: Wasteland
|move|p2a: Amoonguss|Pollen Puff|p2b: Archaludon
|-heal|p2b: Archaludon|100/100
|
|-weather|Sandstorm|[upkeep]
|-damage|p1a: john|10/100|[from] Sandstorm
|-damage|p2b: Archaludon|94/100|[from] Sandstorm
|-damage|p2a: Amoonguss|70/100|[from] Sandstorm
|upkeep
|
|t:|1756622711
|switch|p1b: Renegade|Excadrill, L50, M|100/100
|turn|7
|
|t:|1756622734
|move|p1b: Renegade|Iron Head|p2b: Archaludon
|-damage|p2b: Archaludon|84/100
|-ability|p2b: Archaludon|Stamina|boost
|-boost|p2b: Archaludon|def|1
|move|p1a: john|Electroweb|p2a: Amoonguss|[spread] p2a,p2b
|-resisted|p2a: Amoonguss
|-damage|p2a: Amoonguss|65/100
|-damage|p2b: Archaludon|73/100
|-unboost|p2a: Amoonguss|spe|1
|-unboost|p2b: Archaludon|spe|1
|-ability|p2b: Archaludon|Stamina|boost
|-boost|p2b: Archaludon|def|1
|cant|p2b: Archaludon|flinch
|move|p2a: Amoonguss|Pollen Puff|p2b: Archaludon
|-heal|p2b: Archaludon|100/100
|
|-weather|none
|-end|p2a: Amoonguss|move: Taunt
|upkeep
|turn|8
|inactive|TheMaoriGamer has 30 seconds left.
|
|t:|1756622762
|move|p1a: john|Protect|p1a: john
|-singleturn|p1a: john|Protect
|move|p2a: Amoonguss|Protect|p2a: Amoonguss
|-singleturn|p2a: Amoonguss|Protect
|move|p1b: Renegade|High Horsepower|p2a: Amoonguss
|-activate|p2a: Amoonguss|move: Protect
|move|p2b: Archaludon|Dragon Pulse|p1a: john
|-activate|p1a: john|move: Protect
|
|upkeep
|turn|9
|
|t:|1756622782
|move|p1a: john|Follow Me|p1a: john
|-singleturn|p1a: john|move: Follow Me
|move|p1b: Renegade|High Horsepower|p2a: Amoonguss|[miss]
|-miss|p1b: Renegade|p2a: Amoonguss
|move|p2b: Archaludon|Body Press|p1a: john
|-damage|p1a: john|0 fnt
|faint|p1a: john
|move|p2a: Amoonguss|Spore|p1b: Renegade
|-status|p1b: Renegade|slp|[from] move: Spore
|
|upkeep
|turn|10
|-message|CretaceousDraconid forfeited.
|
|win|TheMaoriGamer
|c|☆TheMaoriGamer|gg
||CretaceousDraconid is ready for game 2.
|inactive|TheMaoriGamer has 30 seconds to confirm battle start!
|c|☆CretaceousDraconid|gg
|inactive|TheMaoriGamer has 20 seconds to confirm battle start!
||TheMaoriGamer is ready for game 2.
|uhtml|next|Next: Game 2 of 3
|l|☆CretaceousDraconid
|player|p1|
