|j|☆arthur.ayms
|j|☆uglybeast
|html|arthur.aymsuglybeast    
|uhtml|bestof|Game 1 of a best-of-3
|t:|1756160504
|gametype|doubles
|player|p1|arthur.ayms|265|1143
|player|p2|uglybeast|lucas|1235
|gen|9
|tier|[Gen 9] VGC 2025 Reg H (Bo3)
|rated|
|rule|Species Clause: Limit one of each Pokémon
|rule|Item Clause: Limit 1 of each item
|clearpoke
|poke|p1|Ursaluna-Bloodmoon, L50, M|
|poke|p1|Indeedee, L50, M|
|poke|p1|Decidueye-Hisui, L50, M|
|poke|p1|Talonflame, L50, F|
|poke|p1|Amoonguss, L50, M|
|poke|p1|Sneasler, L50, F|
|poke|p2|Murkrow, L50, F|
|poke|p2|Ursaluna-Bloodmoon, L50, M|
|poke|p2|Sneasler, L50, F|
|poke|p2|Dragapult, L50, F|
|poke|p2|Armarouge, L50, F|
|poke|p2|Indeedee-F, L50, F|
|teampreview|4
|showteam|p1|Ursaluna-Bloodmoon||LifeOrb|MindsEye|HyperVoice,EarthPower,BloodMoon,Protect|||M|||50|,,,,,Normal]Indeedee||FocusSash|PsychicSurge|ExpandingForce,Imprison,TrickRoom,DazzlingGleam|||M|||50|,,,,,Fairy]Decidueye-Hisui||RazorClaw|Scrappy|TripleArrows,LeafBlade,Haze,Protect|||M|||50|,,,,,Fire]Talonflame||CovertCloak|GaleWings|Tailwind,DualWingbeat,FlareBlitz,SunnyDay|||F|||50|,,,,,Steel]Amoonguss||SitrusBerry|EffectSpore|Spore,RagePowder,ClearSmog,Protect|||M|||50|,,,,,Water]Sneasler||PsychicSeed|Unburden|ThroatChop,DireClaw,CloseCombat,Protect|||F|||50|,,,,,Dark
|showteam|p2|Murkrow||Eviolite|Prankster|Haze,SunnyDay,Tailwind,BraveBird|||F|||50|,,,,,Ghost]Ursaluna-Bloodmoon||LifeOrb|MindsEye|BloodMoon,HyperVoice,Protect,EarthPower|||M|||50|,,,,,Normal]Sneasler||PsychicSeed|Unburden|ThroatChop,DireClaw,CloseCombat,Protect|||F|||50|,,,,,Dark]Dragapult||ChoiceBand|ClearBody|DragonDarts,Outrage,Uturn,PhantomForce|||F|||50|,,,,,Dragon]Armarouge||PowerHerb|FlashFire|HeatWave,MeteorBeam,ExpandingForce,Protect|||F|||50|,,,,,Grass]Indeedee-F||RockyHelmet|PsychicSurge|DazzlingGleam,FollowMe,HelpingHand,TrickRoom|||F|||50|,,,,,Grass
|inactive|Battle timer is ON: inactive players will automatically lose when time's up. (requested by arthur.ayms)
|
|t:|1756160546
|teamsize|p1|4
|teamsize|p2|4
|start
|switch|p1a: Indeedee|Indeedee, L50, M|100/100
|switch|p1b: Sneasler|Sneasler, L50, F|100/100
|switch|p2a: Kwstas|Murkrow, L50, F|100/100
|switch|p2b: Giandam|Armarouge, L50, F|100/100
|-fieldstart|move: Psychic Terrain|[from] ability: Psychic Surge|[of] p1a: Indeedee
|-enditem|p1b: Sneasler|Psychic Seed
|-boost|p1b: Sneasler|spd|1|[from] item: Psychic Seed
|turn|1
|inactive|arthur.ayms has 30 seconds left.
|inactive|uglybeast has 30 seconds left.
|inactive|uglybeast has 20 seconds left.
|inactive|uglybeast has 15 seconds left.
|inactive|uglybeast has 10 seconds left.
|
|t:|1756160594
|-terastallize|p1b: Sneasler|Dark
|move|p2b: Giandam|Protect|p2b: Giandam
|-singleturn|p2b: Giandam|Protect
|move|p1b: Sneasler|Throat Chop|p2b: Giandam
|-activate|p2b: Giandam|move: Protect
|move|p1a: Indeedee|Dazzling Gleam|p2b: Giandam|[spread] p2a
|-activate|p2b: Giandam|move: Protect
|-supereffective|p2a: Kwstas
|-damage|p2a: Kwstas|51/100
|move|p2a: Kwstas|Brave Bird|p1b: Sneasler
|-damage|p1b: Sneasler|41/100
|-damage|p2a: Kwstas|29/100|[from] Recoil
|
|upkeep
|turn|2
|inactive|uglybeast has 30 seconds left.
|
|t:|1756160621
|move|p2a: Kwstas|Tailwind|p2a: Kwstas
|-sidestart|p2: uglybeast|move: Tailwind
|move|p1b: Sneasler|Dire Claw|p2b: Giandam
|-damage|p2b: Giandam|53/100
|-status|p2b: Giandam|slp
|cant|p2b: Giandam|slp
|move|p1a: Indeedee|Dazzling Gleam|p2b: Giandam|[spread] p2a,p2b
|-supereffective|p2a: Kwstas
|-resisted|p2b: Giandam
|-damage|p2a: Kwstas|0 fnt
|-damage|p2b: Giandam|41/100 slp
|faint|p2a: Kwstas
|
|upkeep
|
|t:|1756160638
|switch|p2a: Anagnoman|Sneasler, L50, F|100/100
|-enditem|p2a: Anagnoman|Psychic Seed
|-boost|p2a: Anagnoman|spd|1|[from] item: Psychic Seed
|turn|3
|
|t:|1756160662
|move|p1b: Sneasler|Protect|p1b: Sneasler
|-singleturn|p1b: Sneasler|Protect
|move|p2a: Anagnoman|Throat Chop|p1a: Indeedee
|-supereffective|p1a: Indeedee
|-enditem|p1a: Indeedee|Focus Sash
|-damage|p1a: Indeedee|1/100
|-start|p1a: Indeedee|Throat Chop|[silent]
|cant|p2b: Giandam|slp
|move|p1a: Indeedee|Expanding Force|p2b: Giandam|[spread] p2a,p2b
|-supereffective|p2a: Anagnoman
|-resisted|p2b: Giandam
|-damage|p2a: Anagnoman|0 fnt
|-damage|p2b: Giandam|1/100 slp
|faint|p2a: Anagnoman
|
|upkeep
|
|t:|1756160670
|switch|p2a: Blade|Indeedee-F, L50, F|100/100
|turn|4
|
|t:|1756160686
|-terastallize|p2a: Blade|Grass
|move|p2a: Blade|Follow Me|p2a: Blade
|-singleturn|p2a: Blade|move: Follow Me
|move|p1b: Sneasler|Throat Chop|p2a: Blade
|-damage|p2a: Blade|60/100
|-start|p2a: Blade|Throat Chop|[silent]
|-damage|p1b: Sneasler|24/100|[from] item: Rocky Helmet|[of] p2a: Blade
|cant|p2b: Giandam|slp
|move|p1a: Indeedee|Imprison|p1a: Indeedee
|-start|p1a: Indeedee|move: Imprison
|
|-end|p1a: Indeedee|Throat Chop|[silent]
|upkeep
|turn|5
|
|t:|1756160700
|move|p2a: Blade|Follow Me|p2a: Blade
|-singleturn|p2a: Blade|move: Follow Me
|move|p1b: Sneasler|Dire Claw|p2a: Blade
|-supereffective|p2a: Blade
|-damage|p2a: Blade|0 fnt
|-damage|p1b: Sneasler|8/100|[from] item: Rocky Helmet|[of] p2a: Blade
|faint|p2a: Blade
|-curestatus|p2b: Giandam|slp|[msg]
|move|p2b: Giandam|Heat Wave|p1a: Indeedee|[spread] p1a,p1b
|-damage|p1a: Indeedee|0 fnt
|-damage|p1b: Sneasler|0 fnt
|faint|p1a: Indeedee
|faint|p1b: Sneasler
|
|-sideend|p2: uglybeast|move: Tailwind
|-fieldend|move: Psychic Terrain
|upkeep
|
|t:|1756160711
|switch|p1b: Decidueye|Decidueye-Hisui, L50, M|100/100
|switch|p1a: Amoonguss|Amoonguss, L50, M|100/100
|turn|6
|
|t:|1756160716
|move|p2b: Giandam|Meteor Beam||[still]
|-prepare|p2b: Giandam|Meteor Beam
|-boost|p2b: Giandam|spa|1
|-enditem|p2b: Giandam|Power Herb
|-anim|p2b: Giandam|Meteor Beam|p1a: Amoonguss
|-damage|p1a: Amoonguss|47/100
|-enditem|p1a: Amoonguss|Sitrus Berry|[eat]
|-heal|p1a: Amoonguss|72/100|[from] item: Sitrus Berry
|move|p1b: Decidueye|Triple Arrows|p2b: Giandam
|-resisted|p2b: Giandam
|-damage|p2b: Giandam|0 fnt
|faint|p2b: Giandam
|
|win|arthur.ayms
|inactive|arthur.ayms has 30 seconds to confirm battle start!
|inactive|uglybeast has 30 seconds to confirm battle start!
||uglybeast is ready for game 2.
||arthur.ayms is ready for game 2.
|uhtml|next|Next: Game 2 of 3
