|j|☆SeniaKC
|j|☆zileu
|html|SeniaKCzileu    
|uhtml|bestof|Game 3 of a best-of-3
|t:|1784026655
|gametype|doubles
|player|p1|SeniaKC|bianca-pwt|1147
|player|p2|zileu|cyclist-gen4|1085
|gen|9
|tier|[Gen 9 Champions] VGC 2026 Reg M-B (Bo3)
|rated|
|rule|Species Clause: Limit one of each Pokémon
|rule|Item Clause: Limit 1 of each item
|clearpoke
|poke|p1|Charizard, L50, F|
|poke|p1|Garchomp, L50, F|
|poke|p1|Aerodactyl, L50, M|
|poke|p1|Sableye, L50, M|
|poke|p1|Gardevoir, L50, F|
|poke|p1|Vileplume, L50, F|
|poke|p2|Delphox, L50, M|
|poke|p2|Sneasler, L50, F|
|poke|p2|Incineroar, L50, M|
|poke|p2|Sinistcha, L50|
|poke|p2|Blastoise, L50, M|
|poke|p2|Kingambit, L50, M|
|teampreview|4
|showteam|p1|Charizard||CharizarditeY|Blaze|HeatWave,WeatherBall,SolarBeam,Protect|Modest||F|||50|]Garchomp||LifeOrb|RoughSkin|Earthquake,DragonClaw,RockSlide,Protect|Adamant||F|||50|]Aerodactyl||FocusSash|Pressure|Tailwind,DualWingbeat,RockSlide,WideGuard|Jolly||M|||50|]Sableye||RoseliBerry|Prankster|LightScreen,Disable,IcyWind,FoulPlay|Calm||M|||50|]Gardevoir||ChoiceScarf|Telepathy|Moonblast,Psychic,DazzlingGleam,IcyWind|Timid||F|||50|]Vileplume||ZoomLens|Chlorophyll|SleepPowder,AfterYou,SludgeBomb,EnergyBall|Timid||F|||50|
|showteam|p2|Delphox||Delphoxite|Blaze|HeatWave,Psyshock,NastyPlot,Protect|Timid||M|||50|]Sneasler||FocusSash|PoisonTouch|QuickGuard,Protect,DireClaw,CloseCombat|Jolly||F|||50|]Incineroar||SitrusBerry|Intimidate|FakeOut,PartingShot,HelpingHand,FlareBlitz|Impish||M|||50|]Sinistcha||OccaBerry|Hospitality|MatchaGotcha,RagePowder,TrickRoom,Protect|Bold|||||50|]Blastoise||Blastoisinite|RainDish|WaterSpout,DarkPulse,ShellSmash,Protect|Modest||M|||50|]Kingambit||BlackGlasses|Defiant|Protect,SwordsDance,KowtowCleave,SuckerPunch|Adamant||M|||50|
|inactive|Battle timer is ON: inactive players will automatically lose when time's up. (requested by SeniaKC)
|inactive|SeniaKC has 60 seconds left.
|inactive|SeniaKC has 30 seconds left.
|
|t:|1784026718
|teamsize|p1|4
|teamsize|p2|4
|start
|switch|p1a: Sableye|Sableye, L50, M|100/100
|switch|p1b: Charizard|Charizard, L50, F|100/100
|switch|p2a: Blastoise|Blastoise, L50, M|100/100
|switch|p2b: Sinistcha|Sinistcha, L50|100/100
|turn|1
|inactive|zileu has 30 seconds left.
|inactive|zileu has 20 seconds left.
|inactive|SeniaKC has 30 seconds left.
|inactive|zileu has 15 seconds left.
|
|t:|1784026766
|switch|p2a: Incineroar|Incineroar, L50, M|100/100
|-ability|p2a: Incineroar|Intimidate|boost
|-unboost|p1a: Sableye|atk|1
|-unboost|p1b: Charizard|atk|1
|detailschange|p1b: Charizard|Charizard-Mega-Y, L50, F
|-mega|p1b: Charizard|Charizard|Charizardite Y
|-weather|SunnyDay|[from] ability: Drought|[of] p1b: Charizard
|move|p1a: Sableye|Light Screen|p1a: Sableye
|-sidestart|p1: SeniaKC|move: Light Screen
|move|p1b: Charizard|Heat Wave|p2b: Sinistcha|[spread] p2a,p2b
|-resisted|p2a: Incineroar|1
|-supereffective|p2b: Sinistcha|1
|-enditem|p2b: Sinistcha|Occa Berry|[eat]
|-enditem|p2b: Sinistcha|Occa Berry|[weaken]
|-damage|p2a: Incineroar|64/100
|-damage|p2b: Sinistcha|13/100
|move|p2b: Sinistcha|Trick Room|p2b: Sinistcha
|-fieldstart|move: Trick Room|[of] p2b: Sinistcha
|
|-weather|SunnyDay|[upkeep]
|upkeep
|turn|2
|inactive|SeniaKC has 30 seconds left.
|
|t:|1784026794
|switch|p1a: Garchomp|Garchomp, L50, F|100/100
|move|p2a: Incineroar|Fake Out|p1b: Charizard
|-damage|p1b: Charizard|87/100
|move|p2b: Sinistcha|Matcha Gotcha|p1a: Garchomp|[spread] p1b
|-miss|p2b: Sinistcha|p1a: Garchomp
|-resisted|p1b: Charizard|2
|-damage|p1b: Charizard|83/100
|-heal|p2b: Sinistcha|15/100|[from] drain|[of] p1b: Charizard
|cant|p1b: Charizard|flinch
|
|-weather|SunnyDay|[upkeep]
|upkeep
|turn|3
|
|t:|1784026811
|move|p2a: Incineroar|Parting Shot|p1b: Charizard
|-unboost|p1b: Charizard|atk|1
|-unboost|p1b: Charizard|spa|1
|
|t:|1784026818
|switch|p2a: Blastoise|Blastoise, L50, M|100/100|[from] Parting Shot
|move|p2b: Sinistcha|Matcha Gotcha|p1a: Garchomp|[spread] p1a,p1b
|-resisted|p1b: Charizard|2
|-damage|p1a: Garchomp|81/100
|-heal|p2b: Sinistcha|26/100|[from] drain|[of] p1a: Garchomp
|-damage|p1b: Charizard|80/100
|-heal|p2b: Sinistcha|28/100|[from] drain|[of] p1b: Charizard
|move|p1b: Charizard|Heat Wave|p2b: Sinistcha|[spread] p2b
|-miss|p1b: Charizard|p2a: Blastoise
|-supereffective|p2b: Sinistcha|1
|-damage|p2b: Sinistcha|0 fnt
|faint|p2b: Sinistcha
|move|p1a: Garchomp|Earthquake|p2a: Blastoise|[spread] p2a
|-immune|p1b: Charizard
|-damage|p2a: Blastoise|40/100
|-damage|p1a: Garchomp|71/100|[from] item: Life Orb
|
|-weather|SunnyDay|[upkeep]
|upkeep
|
|t:|1784026832
|switch|p2b: Incineroar|Incineroar, L50, M|64/100
|-ability|p2b: Incineroar|Intimidate|boost
|-unboost|p1a: Garchomp|atk|1
|-unboost|p1b: Charizard|atk|1
|turn|4
|
|t:|1784026846
|detailschange|p2a: Blastoise|Blastoise-Mega, L50, M
|-mega|p2a: Blastoise|Blastoise|Blastoisinite
|move|p2b: Incineroar|Helping Hand|p2a: Blastoise
|-singleturn|p2a: Blastoise|Helping Hand|[of] p2b: Incineroar
|move|p2a: Blastoise|Dark Pulse|p1a: Garchomp
|-damage|p1a: Garchomp|31/100
|move|p1b: Charizard|Solar Beam||[still]
|-prepare|p1b: Charizard|Solar Beam
|-anim|p1b: Charizard|Solar Beam|p2a: Blastoise
|-supereffective|p2a: Blastoise|1
|-damage|p2a: Blastoise|0 fnt
|faint|p2a: Blastoise
|move|p1a: Garchomp|Earthquake|p2b: Incineroar|[spread] p2b
|-immune|p1b: Charizard
|-supereffective|p2b: Incineroar|1
|-damage|p2b: Incineroar|0 fnt
|faint|p2b: Incineroar
|-damage|p1a: Garchomp|21/100|[from] item: Life Orb
|
|-weather|SunnyDay|[upkeep]
|upkeep
|
|t:|1784026854
|switch|p2b: Sneasler|Sneasler, L50, F|100/100
|turn|5
|
|t:|1784026869
|move|p2b: Sneasler|Protect|p2b: Sneasler
|-singleturn|p2b: Sneasler|Protect
|move|p1b: Charizard|Weather Ball|p2b: Sneasler
|-activate|p2b: Sneasler|move: Protect
|move|p1a: Garchomp|Earthquake|p2b: Sneasler|[spread] 
|-activate|p2b: Sneasler|move: Protect
|-immune|p1b: Charizard
|
|-weather|none
|-sideend|p1: SeniaKC|move: Light Screen
|-fieldend|move: Trick Room
|upkeep
|turn|6
|
|t:|1784026887
|switch|p1b: Sableye|Sableye, L50, M|100/100
|move|p2b: Sneasler|Dire Claw|p1b: Sableye
|-resisted|p1b: Sableye|1
|-damage|p1b: Sableye|78/100
|move|p1a: Garchomp|Earthquake|p2b: Sneasler|[spread] p1b,p2b
|-supereffective|p2b: Sneasler|1
|-damage|p1b: Sableye|33/100
|-enditem|p2b: Sneasler|Focus Sash
|-damage|p2b: Sneasler|1/100
|-damage|p1a: Garchomp|11/100|[from] item: Life Orb
|
|upkeep
|turn|7
|-message|zileu forfeited.
|
|win|SeniaKC
|raw|SeniaKC's rating: 1147 → 1168(+21 for winning)
|raw|zileu's rating: 1085 → 1066(-19 for losing)
|l|☆zileu
|player|p2|
