|j|☆lindsey453
|j|☆BackToTwork
|html|lindsey453BackToTwork    
|uhtml|bestof|Game 1 of a best-of-3
|t:|1757818432
|gametype|doubles
|player|p1|lindsey453|101|1281
|player|p2|BackToTwork|2|1417
|gen|9
|tier|[Gen 9] VGC 2025 Reg H (Bo3)
|rated|
|rule|Species Clause: Limit one of each Pokémon
|rule|Item Clause: Limit 1 of each item
|clearpoke
|poke|p1|Annihilape, L50, M|
|poke|p1|Archaludon, L50, M|
|poke|p1|Oranguru, L50, M|
|poke|p1|Electabuzz, L50, F|
|poke|p1|Ursaluna-Bloodmoon, L50, M|
|poke|p1|Incineroar, L50, M|
|poke|p2|Talonflame, L50, F|
|poke|p2|Archaludon, L50, F|
|poke|p2|Indeedee, L50, M|
|poke|p2|Sneasler, L50, F|
|poke|p2|Annihilape, L50, F|
|poke|p2|Primarina, L50, M|
|teampreview|4
|showteam|p1|Annihilape||SitrusBerry|Defiant|BulkUp,RageFist,DrainPunch,Protect|||M|||50|,,,,,Grass]Archaludon||PowerHerb|Sturdy|ElectroShot,Snarl,AuraSphere,FlashCannon|||M|||50|,,,,,Electric]Oranguru||MentalHerb|InnerFocus|Instruct,TrickRoom,Imprison,FoulPlay|||M|||50|,,,,,Fairy]Electabuzz||Eviolite|VitalSpirit|FollowMe,Thunderbolt,Taunt,EerieImpulse|||F|||50|,,,,,Ghost]Ursaluna-Bloodmoon||LifeOrb|MindsEye|HyperVoice,BloodMoon,EarthPower,Protect|||M|||50|,,,,,Normal]Incineroar||AssaultVest|Intimidate|FlareBlitz,Uturn,FakeOut,KnockOff|||M|||50|,,,,,Grass
|showteam|p2|Talonflame||CovertCloak|GaleWings|DualWingbeat,FlareBlitz,Tailwind,WillOWisp|||F|||50|,,,,,Stellar]Archaludon||PowerHerb|Sturdy|ElectroShot,DragonPulse,Thunderbolt,Protect|||F|||50|,,,,,Electric]Indeedee||FocusSash|PsychicSurge|ExpandingForce,HelpingHand,Imprison,TrickRoom|||M|||50|,,,,,Psychic]Sneasler||PsychicSeed|Unburden|CloseCombat,DireClaw,ThroatChop,Protect|||F|||50|,,,,,Dark]Annihilape||ChoiceScarf|Defiant|CloseCombat,Uturn,FinalGambit,ShadowClaw|||F|||50|,,,,,Grass]Primarina||LifeOrb|LiquidVoice|HyperVoice,Moonblast,Haze,Protect|||M|||50|,,,,,Steel
|inactive|Battle timer is ON: inactive players will automatically lose when time's up. (requested by lindsey453)
|inactive|lindsey453 has 60 seconds left.
|
|t:|1757818478
|teamsize|p1|4
|teamsize|p2|4
|start
|switch|p1a: Archaludon|Archaludon, L50, M|100/100
|switch|p1b: Electabuzz|Electabuzz, L50, F|100/100
|switch|p2a: Indeedee|Indeedee, L50, M|100/100
|switch|p2b: Archaludon|Archaludon, L50, F|100/100
|-fieldstart|move: Psychic Terrain|[from] ability: Psychic Surge|[of] p2a: Indeedee
|turn|1
|
|t:|1757818496
|move|p2a: Indeedee|Expanding Force|p1a: Archaludon|[spread] p1a,p1b
|-resisted|p1a: Archaludon
|-crit|p1a: Archaludon
|-damage|p1a: Archaludon|48/100
|-damage|p1b: Electabuzz|62/100
|move|p1a: Archaludon|Snarl|p2a: Indeedee|[spread] p2a,p2b
|-supereffective|p2a: Indeedee
|-crit|p2b: Archaludon
|-damage|p2a: Indeedee|59/100
|-damage|p2b: Archaludon|70/100
|-unboost|p2a: Indeedee|spa|1
|-unboost|p2b: Archaludon|spa|1
|move|p2b: Archaludon|Dragon Pulse|p1a: Archaludon
|-damage|p1a: Archaludon|8/100
|move|p1b: Electabuzz|Taunt|p2a: Indeedee
|-start|p2a: Indeedee|move: Taunt
|
|upkeep
|turn|2
|inactive|BackToTwork has 30 seconds left.
|inactive|lindsey453 has 30 seconds left.
|inactive|BackToTwork has 20 seconds left.
|inactive|BackToTwork has 15 seconds left.
|inactive|BackToTwork has 10 seconds left.
|
|t:|1757818542
|switch|p2a: Annihilape|Annihilape, L50, F|100/100
|switch|p1a: Oranguru|Oranguru, L50, M|100/100
|move|p2b: Archaludon|Dragon Pulse|p1b: Electabuzz
|-damage|p1b: Electabuzz|39/100
|move|p1b: Electabuzz|Thunderbolt|p2a: Annihilape
|-damage|p2a: Annihilape|72/100
|
|upkeep
|turn|3
|
|t:|1757818554
|switch|p2b: Sneasler|Sneasler, L50, F|100/100
|-enditem|p2b: Sneasler|Psychic Seed
|-boost|p2b: Sneasler|spd|1|[from] item: Psychic Seed
|move|p1b: Electabuzz|Follow Me|p1b: Electabuzz
|-singleturn|p1b: Electabuzz|move: Follow Me
|move|p2a: Annihilape|U-turn|p1b: Electabuzz
|-damage|p1b: Electabuzz|19/100
|
|t:|1757818557
|switch|p2a: Indeedee|Indeedee, L50, M|59/100|[from] U-turn
|move|p1a: Oranguru|Trick Room|p1a: Oranguru
|-fieldstart|move: Trick Room|[of] p1a: Oranguru
|
|upkeep
|turn|4
|
|t:|1757818580
|switch|p2a: Annihilape|Annihilape, L50, F|72/100
|move|p2b: Sneasler|Protect|p2b: Sneasler
|-singleturn|p2b: Sneasler|Protect
|move|p1b: Electabuzz|Follow Me|p1b: Electabuzz
|-singleturn|p1b: Electabuzz|move: Follow Me
|move|p1a: Oranguru|Foul Play|p2a: Annihilape
|-damage|p2a: Annihilape|41/100
|
|upkeep
|turn|5
|
|t:|1757818593
|move|p1b: Electabuzz|Follow Me|p1b: Electabuzz
|-singleturn|p1b: Electabuzz|move: Follow Me
|move|p1a: Oranguru|Foul Play|p2a: Annihilape
|-damage|p2a: Annihilape|8/100
|move|p2a: Annihilape|U-turn|p1b: Electabuzz
|-damage|p1b: Electabuzz|0 fnt
|faint|p1b: Electabuzz
|
|t:|1757818601
|switch|p2a: Indeedee|Indeedee, L50, M|59/100|[from] U-turn
|move|p2b: Sneasler|Dire Claw|p1a: Oranguru
|-damage|p1a: Oranguru|57/100
|-status|p1a: Oranguru|par
|
|-fieldend|move: Psychic Terrain
|upkeep
|
|t:|1757818604
|switch|p1b: Ursaluna|Ursaluna-Bloodmoon, L50, M|100/100
|turn|6
|
|t:|1757818620
|switch|p2b: Annihilape|Annihilape, L50, F|8/100
|-terastallize|p1b: Ursaluna|Normal
|move|p1a: Oranguru|Instruct||[still]
|-fail|p1a: Oranguru
|move|p1b: Ursaluna|Hyper Voice|p2b: Annihilape|[spread] p2a,p2b
|-damage|p2a: Indeedee|0 fnt
|-damage|p2b: Annihilape|0 fnt
|faint|p2a: Indeedee
|faint|p2b: Annihilape
|-damage|p1b: Ursaluna|90/100|[from] item: Life Orb
|
|upkeep
|
|t:|1757818623
|switch|p2b: Archaludon|Archaludon, L50, F|70/100
|switch|p2a: Sneasler|Sneasler, L50, F|100/100
|turn|7
|inactive|lindsey453 has 30 seconds left.
|inactive|lindsey453 has 20 seconds left.
|
|t:|1757818661
|move|p2b: Archaludon|Protect|p2b: Archaludon
|-singleturn|p2b: Archaludon|Protect
|move|p2a: Sneasler|Protect|p2a: Sneasler
|-singleturn|p2a: Sneasler|Protect
|move|p1a: Oranguru|Foul Play|p2a: Sneasler
|-activate|p2a: Sneasler|move: Protect
|move|p1b: Ursaluna|Hyper Voice|p2a: Sneasler|[spread] 
|-activate|p2a: Sneasler|move: Protect
|-activate|p2b: Archaludon|move: Protect
|
|-fieldend|move: Trick Room
|upkeep
|turn|8
|
|t:|1757818667
|switch|p1a: Archaludon|Archaludon, L50, M|8/100
|-terastallize|p2b: Archaludon|Electric
|move|p2a: Sneasler|Throat Chop|p1a: Archaludon
|-damage|p1a: Archaludon|0 fnt
|faint|p1a: Archaludon
|move|p2b: Archaludon|Electro Shot||[still]
|-prepare|p2b: Archaludon|Electro Shot
|-boost|p2b: Archaludon|spa|1
|-enditem|p2b: Archaludon|Power Herb
|-anim|p2b: Archaludon|Electro Shot|p1b: Ursaluna
|-damage|p1b: Ursaluna|0 fnt
|faint|p1b: Ursaluna
|
|upkeep
|-message|lindsey453 forfeited.
|
|win|BackToTwork
|l|☆lindsey453
|player|p1|
||BackToTwork is ready for game 2.
||lindsey453 is ready for game 2.
|uhtml|next|Next: Game 2 of 3
