|j|☆sbhaga34
|j|☆Bucketeering
|html|sbhaga34Bucketeering    
|uhtml|bestof|Game 3 of a best-of-3
|t:|1784577717
|gametype|doubles
|player|p1|sbhaga34|hugh|1365
|player|p2|Bucketeering|gentleman-gen4|1262
|gen|9
|tier|[Gen 9 Champions] VGC 2026 Reg M-B (Bo3)
|rated|
|rule|Species Clause: Limit one of each Pokémon
|rule|Item Clause: Limit 1 of each item
|clearpoke
|poke|p1|Excadrill, L50, F|
|poke|p1|Tyranitar, L50, M|
|poke|p1|Corviknight, L50, F|
|poke|p1|Rotom-Wash, L50|
|poke|p1|Chandelure, L50, F|
|poke|p1|Scovillain, L50, F|
|poke|p2|Raichu, L50, M|
|poke|p2|Mamoswine, L50, F|
|poke|p2|Kingambit, L50, M|
|poke|p2|Delphox, L50, M|
|poke|p2|Glimmora, L50, F|
|poke|p2|Sylveon, L50, M|
|teampreview|4
|showteam|p1|Excadrill||FocusSash|SandRush|Earthquake,IronHead,SwordsDance,Protect|Adamant||F|||50|]Tyranitar||Tyranitarite|SandStream|RockSlide,KnockOff,LowKick,Protect|Adamant||M|||50|]Corviknight||SharpBeak|MirrorArmor|BraveBird,Tailwind,BulkUp,Roost|Careful||F|||50|]Rotom-Wash||ChoiceScarf|Levitate|VoltSwitch,Thunderbolt,Electroweb,HydroPump|Timid|||||50|]Chandelure||ShucaBerry|FlashFire|HeatWave,ShadowBall,TrickRoom,Protect|Modest||F|||50|]Scovillain||Scovillainite|Chlorophyll|RagePowder,Overheat,GigaDrain,Protect|Calm||F|||50|
|showteam|p2|Raichu||RaichuniteY|LightningRod|ZapCannon,FakeOut,Protect,FocusBlast|Timid||M|||50|]Mamoswine||LifeOrb|Oblivious|IcicleCrash,IceShard,HighHorsepower,Protect|Adamant||F|||50|]Kingambit||BlackGlasses|Defiant|KowtowCleave,SuckerPunch,SwordsDance,Protect|Brave||M|||50|]Delphox||Delphoxite|Magician|HeatWave,Psyshock,NastyPlot,Protect|Timid||M|||50|]Glimmora||FocusSash|ToxicDebris|SludgeBomb,PowerGem,EarthPower,SpikyShield|Timid||F|||50|]Sylveon||FairyFeather|Pixilate|HyperVoice,HyperBeam,CalmMind,Detect|Modest||M|||50|
|inactive|Battle timer is ON: inactive players will automatically lose when time's up. (requested by sbhaga34)
|
|t:|1784577783
|teamsize|p1|4
|teamsize|p2|4
|start
|switch|p1a: Excadrill|Excadrill, L50, F|100/100
|switch|p1b: Tyranitar|Tyranitar, L50, M|100/100
|switch|p2a: Kingambit|Kingambit, L50, M|100/100
|switch|p2b: Mamoswine|Mamoswine, L50, F|100/100
|-weather|Sandstorm|[from] ability: Sand Stream|[of] p1b: Tyranitar
|turn|1
|inactive|sbhaga34 has 30 seconds left.
|
|t:|1784577818
|move|p1a: Excadrill|Protect|p1a: Excadrill
|-singleturn|p1a: Excadrill|Protect
|move|p1b: Tyranitar|Protect|p1b: Tyranitar
|-singleturn|p1b: Tyranitar|Protect
|move|p2a: Kingambit|Protect|p2a: Kingambit
|-singleturn|p2a: Kingambit|Protect
|move|p2b: Mamoswine|High Horsepower|p1a: Excadrill
|-activate|p1a: Excadrill|move: Protect
|
|-weather|Sandstorm|[upkeep]
|upkeep
|turn|2
|
|t:|1784577831
|switch|p2a: Glimmora|Glimmora, L50, F|100/100
|detailschange|p1b: Tyranitar|Tyranitar-Mega, L50, M
|-mega|p1b: Tyranitar|Tyranitar|Tyranitarite
|move|p1a: Excadrill|Iron Head|p2b: Mamoswine
|-supereffective|p2b: Mamoswine|1
|-damage|p2b: Mamoswine|0 fnt
|faint|p2b: Mamoswine
|move|p1b: Tyranitar|Low Kick|p2a: Glimmora
|-damage|p2a: Glimmora|69/100
|-activate|p2a: Glimmora|ability: Toxic Debris
|-sidestart|p1: sbhaga34|move: Toxic Spikes
|
|-weather|Sandstorm|[upkeep]
|upkeep
|
|t:|1784577842
|switch|p2b: Delphox|Delphox, L50, M|100/100
|turn|3
|
|t:|1784577855
|detailschange|p2b: Delphox|Delphox-Mega, L50, M
|-mega|p2b: Delphox|Delphox|Delphoxite
|move|p1a: Excadrill|Protect|p1a: Excadrill
|-singleturn|p1a: Excadrill|Protect
|move|p2b: Delphox|Heat Wave|p1a: Excadrill|[spread] p1b
|-activate|p1a: Excadrill|move: Protect
|-resisted|p1b: Tyranitar|1
|-damage|p1b: Tyranitar|91/100
|move|p2a: Glimmora|Earth Power|p1b: Tyranitar
|-supereffective|p1b: Tyranitar|1
|-damage|p1b: Tyranitar|61/100
|-unboost|p1b: Tyranitar|spd|1
|move|p1b: Tyranitar|Rock Slide|p2b: Delphox|[spread] p2a,p2b
|-supereffective|p2b: Delphox|1
|-damage|p2a: Glimmora|25/100
|-damage|p2b: Delphox|15/100
|-activate|p2a: Glimmora|ability: Toxic Debris
|-sidestart|p1: sbhaga34|move: Toxic Spikes
|
|-weather|Sandstorm|[upkeep]
|-damage|p2b: Delphox|10/100|[from] Sandstorm
|upkeep
|turn|4
|inactive|Bucketeering has 30 seconds left.
|inactive|sbhaga34 has 30 seconds left.
|inactive|Bucketeering has 20 seconds left.
|inactive|sbhaga34 has 20 seconds left.
|inactive|sbhaga34 has 15 seconds left.
|inactive|Bucketeering has 15 seconds left.
|inactive|Bucketeering has 10 seconds left.
|
|t:|1784577907
|switch|p1b: Rotom|Rotom-Wash, L50|100/100
|move|p1a: Excadrill|Iron Head|p2b: Delphox
|-resisted|p2b: Delphox|1
|-damage|p2b: Delphox|0 fnt
|faint|p2b: Delphox
|move|p2a: Glimmora|Earth Power|p1b: Rotom
|-immune|p1b: Rotom|[from] ability: Levitate
|
|-weather|Sandstorm|[upkeep]
|-damage|p1b: Rotom|94/100|[from] Sandstorm
|upkeep
|
|t:|1784577911
|switch|p2b: Kingambit|Kingambit, L50, M|100/100
|turn|5
|
|t:|1784577924
|move|p2a: Glimmora|Spiky Shield|p2a: Glimmora
|-singleturn|p2a: Glimmora|move: Protect
|move|p2b: Kingambit|Protect|p2b: Kingambit
|-singleturn|p2b: Kingambit|Protect
|move|p1a: Excadrill|Earthquake|p2b: Kingambit|[spread] 
|-activate|p2a: Glimmora|move: Protect
|-activate|p2b: Kingambit|move: Protect
|-immune|p1b: Rotom|[from] ability: Levitate
|move|p1b: Rotom|Thunderbolt|p2b: Kingambit
|-activate|p2b: Kingambit|move: Protect
|
|-weather|none
|upkeep
|turn|6
|
|t:|1784577930
|move|p1b: Rotom|Thunderbolt|p2a: Glimmora
|-damage|p2a: Glimmora|0 fnt
|faint|p2a: Glimmora
|move|p1a: Excadrill|Earthquake|p2b: Kingambit|[spread] p2b
|-immune|p1b: Rotom|[from] ability: Levitate
|-supereffective|p2b: Kingambit|1
|-damage|p2b: Kingambit|38/100
|move|p2b: Kingambit|Swords Dance|p2b: Kingambit
|-boost|p2b: Kingambit|atk|2
|
|upkeep
|turn|7
|
|t:|1784577939
|move|p2b: Kingambit|Sucker Punch|p1a: Excadrill
|-enditem|p1a: Excadrill|Focus Sash
|-damage|p1a: Excadrill|1/100
|move|p1b: Rotom|Thunderbolt|p2b: Kingambit
|-damage|p2b: Kingambit|6/100
|move|p1a: Excadrill|Earthquake|p2b: Kingambit|[spread] p2b
|-immune|p1b: Rotom|[from] ability: Levitate
|-supereffective|p2b: Kingambit|1
|-damage|p2b: Kingambit|0 fnt
|faint|p2b: Kingambit
|
|win|sbhaga34
|raw|sbhaga34's rating: 1365 → 1379(+14 for winning)
|raw|Bucketeering's rating: 1262 → 1244(-18 for losing)
