|j|☆Fornem
|j|☆b00mer8556
|html|Fornemb00mer8556    
|uhtml|bestof|Game 2 of a best-of-3
|t:|1757741682
|gametype|doubles
|player|p1|Fornem|266|1077
|player|p2|b00mer8556|169|1053
|gen|9
|tier|[Gen 9] VGC 2025 Reg H (Bo3)
|rated|
|rule|Species Clause: Limit one of each Pokémon
|rule|Item Clause: Limit 1 of each item
|clearpoke
|poke|p1|Kingambit, L50, F|
|poke|p1|Gholdengo, L50|
|poke|p1|Sneasler, L50, M|
|poke|p1|Dragonite, L50, M|
|poke|p1|Pelipper, L50, M|
|poke|p1|Archaludon, L50, F|
|poke|p2|Slaking, L50, M|
|poke|p2|Weezing, L50, M|
|poke|p2|Tatsugiri-Droopy, L50, M|
|poke|p2|Dondozo, L50, F|
|poke|p2|Kilowattrel, L50, F|
|poke|p2|Mamoswine, L50, M|
|teampreview|4
|showteam|p1|Kingambit||BlackGlasses|Defiant|SuckerPunch,KowtowCleave,Protect,SwordsDance|||F|||50|,,,,,Dark]Gholdengo||LifeOrb|GoodasGold|MakeItRain,ShadowBall,Protect,NastyPlot||||||50|,,,,,Steel]Sneasler||FocusSash|Unburden|DireClaw,CloseCombat,ThroatChop,Protect|||M|||50|,,,,,Stellar]Dragonite||LoadedDice|Multiscale|ScaleShot,Tailwind,Protect,Haze|||M|||50|,,,,,Fairy]Pelipper||CovertCloak|Drizzle|Hurricane,WeatherBall,Tailwind,Protect|||M|||50|,,,,,Grass]Archaludon||AssaultVest|Stamina|ElectroShot,BodyPress,FlashCannon,DracoMeteor|||F|||50|,,,,,Fairy
|showteam|p2|Slaking||LifeOrb|Truant|Protect,DoubleEdge,HighHorsepower,SuckerPunch|||M|||50|,,,,,Ghost]Weezing||CovertCloak|NeutralizingGas|Protect,ToxicSpikes,WillOWisp,SludgeBomb|||M|||50|,,,,,Fairy]Tatsugiri-Droopy||AssaultVest|Commander|MuddyWater,DracoMeteor,IcyWind,MirrorCoat|||M|||50|,,,,,Steel]Dondozo||Leftovers|Unaware|Protect,Substitute,WaveCrash,Earthquake|||F|||50|,,,,,Ground]Kilowattrel||ChoiceSpecs|Competitive|VoltSwitch,Discharge,AirSlash,Thunderbolt|||F|||50|,,,,,Ghost]Mamoswine||FocusSash|Oblivious|Protect,Earthquake,IceShard,IcicleCrash|||M|||50|,,,,,Ghost
|inactive|Battle timer is ON: inactive players will automatically lose when time's up. (requested by Fornem)
|
|t:|1757741713
|teamsize|p1|4
|teamsize|p2|4
|start
|switch|p1a: Pelipper|Pelipper, L50, M|100/100
|switch|p1b: Archaludon|Archaludon, L50, F|100/100
|switch|p2a: Weezing|Weezing, L50, M|100/100
|switch|p2b: Mamoswine|Mamoswine, L50, M|100/100
|-ability|p2a: Weezing|Neutralizing Gas
|turn|1
|inactive|Fornem has 30 seconds left.
|inactive|b00mer8556 has 30 seconds left.
|inactive|b00mer8556 has 20 seconds left.
|
|t:|1757741752
|move|p2b: Mamoswine|Protect|p2b: Mamoswine
|-singleturn|p2b: Mamoswine|Protect
|move|p1b: Archaludon|Body Press|p2b: Mamoswine
|-activate|p2b: Mamoswine|move: Protect
|move|p1a: Pelipper|Hurricane|p2a: Weezing
|-damage|p2a: Weezing|48/100
|move|p2a: Weezing|Will-O-Wisp|p1b: Archaludon
|-status|p1b: Archaludon|brn
|
|-damage|p1b: Archaludon|94/100 brn|[from] brn
|upkeep
|turn|2
|inactive|Fornem has 30 seconds left.
|inactive|b00mer8556 has 30 seconds left.
|inactive|Fornem has 20 seconds left.
|
|t:|1757741790
|switch|p1a: Gholdengo|Gholdengo, L50|100/100
|move|p2a: Weezing|Protect|p2a: Weezing
|-singleturn|p2a: Weezing|Protect
|move|p1b: Archaludon|Flash Cannon|p2a: Weezing
|-activate|p2a: Weezing|move: Protect
|move|p2b: Mamoswine|Icicle Crash|p1a: Gholdengo
|-resisted|p1a: Gholdengo
|-damage|p1a: Gholdengo|75/100
|
|-damage|p1b: Archaludon|88/100 brn|[from] brn
|upkeep
|turn|3
|
|t:|1757741811
|-end|p2a: Weezing|ability: Neutralizing Gas
|switch|p2a: Tatsugiri|Tatsugiri-Droopy, L50, M|100/100
|-terastallize|p2b: Mamoswine|Ghost
|move|p1b: Archaludon|Flash Cannon|p2a: Tatsugiri
|-resisted|p2a: Tatsugiri
|-damage|p2a: Tatsugiri|88/100
|move|p1a: Gholdengo|Make It Rain|p2b: Mamoswine|[spread] p2a,p2b
|-resisted|p2a: Tatsugiri
|-damage|p2a: Tatsugiri|66/100
|-enditem|p2b: Mamoswine|Focus Sash
|-damage|p2b: Mamoswine|1/100
|-unboost|p1a: Gholdengo|spa|1
|-damage|p1a: Gholdengo|65/100|[from] item: Life Orb
|move|p2b: Mamoswine|Earthquake|p1b: Archaludon|[spread] p2a,p1a,p1b
|-supereffective|p1a: Gholdengo
|-supereffective|p1b: Archaludon
|-damage|p2a: Tatsugiri|2/100
|-damage|p1a: Gholdengo|0 fnt
|-damage|p1b: Archaludon|19/100 brn
|-ability|p1b: Archaludon|Stamina|boost
|-boost|p1b: Archaludon|def|1
|faint|p1a: Gholdengo
|
|-damage|p1b: Archaludon|13/100 brn|[from] brn
|upkeep
|
|t:|1757741828
|switch|p1a: Pelipper|Pelipper, L50, M|100/100
|-weather|RainDance|[from] ability: Drizzle|[of] p1a: Pelipper
|turn|4
|inactive|b00mer8556 has 30 seconds left.
|inactive|b00mer8556 has 20 seconds left.
|inactive|b00mer8556 has 15 seconds left.
|
|t:|1757741869
|switch|p2a: Dondozo|Dondozo, L50, F|100/100
|move|p2b: Mamoswine|Ice Shard|p1b: Archaludon
|-damage|p1b: Archaludon|0 fnt
|faint|p1b: Archaludon
|move|p1a: Pelipper|Hurricane|p2b: Mamoswine
|-damage|p2b: Mamoswine|0 fnt
|faint|p2b: Mamoswine
|
|-weather|RainDance|[upkeep]
|upkeep
|
|t:|1757741879
|switch|p1b: Dragonite|Dragonite, L50, M|100/100
|switch|p2b: Tatsugiri|Tatsugiri-Droopy, L50, M|2/100
|-activate|p2b: Tatsugiri|ability: Commander|[of] p2a: Dondozo
|-boost|p2a: Dondozo|atk|2
|-boost|p2a: Dondozo|spa|2
|-boost|p2a: Dondozo|spe|2
|-boost|p2a: Dondozo|def|2
|-boost|p2a: Dondozo|spd|2
|turn|5
|
|t:|1757741897
|move|p2a: Dondozo|Wave Crash|p1b: Dragonite
|-resisted|p1b: Dragonite
|-damage|p1b: Dragonite|50/100
|-damage|p2a: Dondozo|88/100|[from] Recoil
|move|p1b: Dragonite|Haze|p1b: Dragonite
|-clearallboost
|move|p1a: Pelipper|Hurricane|p2a: Dondozo
|-damage|p2a: Dondozo|28/100
|-start|p2a: Dondozo|confusion
|
|-weather|RainDance|[upkeep]
|-heal|p2a: Dondozo|34/100|[from] item: Leftovers
|upkeep
|turn|6
|
|t:|1757741918
|-activate|p2a: Dondozo|confusion
|move|p2a: Dondozo|Protect|p2a: Dondozo
|-singleturn|p2a: Dondozo|Protect
|move|p1b: Dragonite|Scale Shot|p2a: Dondozo
|-activate|p2a: Dondozo|move: Protect
|move|p1a: Pelipper|Tailwind|p1a: Pelipper
|-sidestart|p1: Fornem|move: Tailwind
|
|-weather|RainDance|[upkeep]
|-heal|p2a: Dondozo|40/100|[from] item: Leftovers
|upkeep
|turn|7
|
|t:|1757741935
|move|p1b: Dragonite|Scale Shot|p2a: Dondozo
|-damage|p2a: Dondozo|31/100
|-damage|p2a: Dondozo|21/100
|-damage|p2a: Dondozo|12/100
|-damage|p2a: Dondozo|2/100
|-hitcount|p2a: Dondozo|4
|-unboost|p1b: Dragonite|def|1
|-boost|p1b: Dragonite|spe|1
|move|p1a: Pelipper|Hurricane|p2a: Dondozo
|-damage|p2a: Dondozo|0 fnt
|faint|p2a: Dondozo
|
|-weather|RainDance|[upkeep]
|upkeep
|
|t:|1757741938
|switch|p2a: Weezing|Weezing, L50, M|48/100
|-ability|p2a: Weezing|Neutralizing Gas
|turn|8
|
|t:|1757741957
|move|p1b: Dragonite|Scale Shot|p2b: Tatsugiri
|-supereffective|p2b: Tatsugiri
|-damage|p2b: Tatsugiri|0 fnt
|faint|p2b: Tatsugiri
|-hitcount|p2: Tatsugiri|1
|-unboost|p1b: Dragonite|def|1
|-boost|p1b: Dragonite|spe|1
|move|p1a: Pelipper|Weather Ball|p2a: Weezing
|-damage|p2a: Weezing|0 fnt
|faint|p2a: Weezing
|-end|p2a: Weezing|ability: Neutralizing Gas
|
|win|Fornem
||b00mer8556 is ready for game 3.
|inactive|Fornem has 30 seconds to confirm battle start!
|inactive|Fornem has 20 seconds to confirm battle start!
||Fornem is ready for game 3.
|uhtml|next|Next: Game 3 of 3
|l|☆b00mer8556
|player|p2|
