|j|☆monsoonisbest
|j|☆Artere Happy
|html|monsoonisbestArtere Happy    
|uhtml|bestof|Game 1 of a best-of-3
|t:|1785488436
|gametype|doubles
|player|p1|monsoonisbest|2|1297
|player|p2|Artere Happy|1|1168
|gen|9
|tier|[Gen 9 Champions] VGC 2026 Reg M-B (Bo3)
|rated|
|rule|Species Clause: Limit one of each Pokémon
|rule|Item Clause: Limit 1 of each item
|clearpoke
|poke|p1|Appletun, L50, M|
|poke|p1|Farigiraf, L50, F|
|poke|p1|Mawile, L50, F|
|poke|p1|Sylveon, L50, F|
|poke|p1|Charizard, L50, F|
|poke|p1|Garchomp, L50, M|
|poke|p2|Venusaur, L50, M|
|poke|p2|Mamoswine, L50, M|
|poke|p2|Charizard, L50, F|
|poke|p2|Garchomp, L50, F|
|poke|p2|Sylveon, L50, F|
|poke|p2|Incineroar, L50, F|
|teampreview|4
|showteam|p1|Appletun||Leftovers|ThickFat|DracoMeteor,AppleAcid,Recover,Protect|Bold||M|||50|]Farigiraf||SitrusBerry|ArmorTail|Psychic,Thunderbolt,TrickRoom,Protect|Bold||F|||50|]Mawile||Mawilite|Intimidate|PlayRough,SuckerPunch,RockSlide,Protect|Adamant||F|||50|]Sylveon||FairyFeather|Pixilate|HyperVoice,HyperBeam,QuickAttack,Protect|Modest||F|||50|]Charizard||CharizarditeY|Blaze|HeatWave,SolarBeam,WeatherBall,Protect|Modest||F|||50|]Garchomp||LifeOrb|RoughSkin|Earthquake,DragonClaw,StompingTantrum,Protect|Jolly||M|||50|
|showteam|p2|Venusaur||LifeOrb|Chlorophyll|SolarBeam,SludgeBomb,EarthPower,Protect|Modest||M|||50|]Mamoswine||FocusSash|Oblivious|HighHorsepower,RockTomb,IceShard,Protect|Jolly||M|||50|]Charizard||CharizarditeY|Blaze|HeatWave,WeatherBall,HelpingHand,Protect|Modest||F|||50|]Garchomp||ChoiceScarf|RoughSkin|Earthquake,DragonClaw,RockSlide,StompingTantrum|Adamant||F|||50|]Sylveon||FairyFeather|Pixilate|HyperVoice,Yawn,Moonblast,Detect|Modest||F|||50|]Incineroar||SitrusBerry|Intimidate|FakeOut,PartingShot,FlareBlitz,ThroatChop|Careful||F|||50|
|
|t:|1785488476
|teamsize|p1|4
|teamsize|p2|4
|start
|switch|p1a: Farigiraf|Farigiraf, L50, F|100/100
|switch|p1b: Charizard|Charizard, L50, F|100/100
|switch|p2a: Charizard|Charizard, L50, F|100/100
|switch|p2b: Mamoswine|Mamoswine, L50, M|100/100
|turn|1
|
|t:|1785488493
|switch|p1b: Appletun|Appletun, L50, M|100/100
|detailschange|p2a: Charizard|Charizard-Mega-Y, L50, F
|-mega|p2a: Charizard|Charizard|Charizardite Y
|-weather|SunnyDay|[from] ability: Drought|[of] p2a: Charizard
|move|p2a: Charizard|Protect|p2a: Charizard
|-singleturn|p2a: Charizard|Protect
|move|p2b: Mamoswine|Rock Tomb|p1b: Appletun
|-damage|p1b: Appletun|83/100
|-unboost|p1b: Appletun|spe|1
|move|p1a: Farigiraf|Trick Room|p1a: Farigiraf
|-fieldstart|move: Trick Room|[of] p1a: Farigiraf
|
|-weather|SunnyDay|[upkeep]
|-heal|p1b: Appletun|89/100|[from] item: Leftovers
|upkeep
|turn|2
|
|t:|1785488539
|switch|p2a: Incineroar|Incineroar, L50, F|100/100
|-ability|p2a: Incineroar|Intimidate|boost
|-unboost|p1a: Farigiraf|atk|1
|-unboost|p1b: Appletun|atk|1
|move|p2b: Mamoswine|Protect|p2b: Mamoswine
|-singleturn|p2b: Mamoswine|Protect
|move|p1b: Appletun|Apple Acid|p2a: Incineroar
|-resisted|p2a: Incineroar|1
|-damage|p2a: Incineroar|88/100
|-unboost|p2a: Incineroar|spd|1
|move|p1a: Farigiraf|Thunderbolt|p2a: Incineroar
|-damage|p2a: Incineroar|63/100
|
|-weather|SunnyDay|[upkeep]
|-heal|p1b: Appletun|95/100|[from] item: Leftovers
|upkeep
|turn|3
|
|t:|1785488563
|switch|p2b: Charizard|Charizard-Mega-Y, L50, F|100/100
|move|p1b: Appletun|Apple Acid|p2b: Charizard
|-resisted|p2b: Charizard|2
|-damage|p2b: Charizard|92/100
|-unboost|p2b: Charizard|spd|1
|move|p1a: Farigiraf|Psychic|p2b: Charizard
|-damage|p2b: Charizard|49/100
|move|p2a: Incineroar|Throat Chop|p1a: Farigiraf
|-supereffective|p1a: Farigiraf|1
|-damage|p1a: Farigiraf|53/100
|-start|p1a: Farigiraf|Throat Chop|[silent]
|
|-weather|SunnyDay|[upkeep]
|-heal|p1b: Appletun|100/100|[from] item: Leftovers
|upkeep
|turn|4
|
|t:|1785488576
|move|p2b: Charizard|Protect|p2b: Charizard
|-singleturn|p2b: Charizard|Protect
|move|p1b: Appletun|Draco Meteor|p2a: Incineroar
|-damage|p2a: Incineroar|15/100
|-unboost|p1b: Appletun|spa|2
|-enditem|p2a: Incineroar|Sitrus Berry|[eat]
|-heal|p2a: Incineroar|40/100|[from] item: Sitrus Berry
|move|p1a: Farigiraf|Thunderbolt|p2b: Charizard
|-activate|p2b: Charizard|move: Protect
|move|p2a: Incineroar|Parting Shot|p1a: Farigiraf
|-unboost|p1a: Farigiraf|atk|1
|-unboost|p1a: Farigiraf|spa|1
|
|t:|1785488585
|switch|p2a: Mamoswine|Mamoswine, L50, M|100/100|[from] Parting Shot
|
|-weather|SunnyDay|[upkeep]
|-end|p1a: Farigiraf|Throat Chop|[silent]
|upkeep
|turn|5
|
|t:|1785488590
|switch|p2b: Incineroar|Incineroar, L50, F|40/100
|-ability|p2b: Incineroar|Intimidate|boost
|-unboost|p1a: Farigiraf|atk|1
|-unboost|p1b: Appletun|atk|1
|move|p2a: Mamoswine|Protect|p2a: Mamoswine
|-singleturn|p2a: Mamoswine|Protect
|move|p1b: Appletun|Apple Acid|p2b: Incineroar
|-resisted|p2b: Incineroar|1
|-damage|p2b: Incineroar|34/100
|-unboost|p2b: Incineroar|spd|1
|move|p1a: Farigiraf|Thunderbolt|p2b: Incineroar
|-damage|p2b: Incineroar|18/100
|
|-weather|none
|-fieldend|move: Trick Room
|upkeep
|turn|6
|
|t:|1785488608
|move|p2a: Mamoswine|High Horsepower|p1a: Farigiraf
|-damage|p1a: Farigiraf|12/100
|-enditem|p1a: Farigiraf|Sitrus Berry|[eat]
|-heal|p1a: Farigiraf|37/100|[from] item: Sitrus Berry
|move|p2b: Incineroar|Flare Blitz|p1a: Farigiraf
|-damage|p1a: Farigiraf|0 fnt
|faint|p1a: Farigiraf
|-damage|p2b: Incineroar|4/100|[from] Recoil
|move|p1b: Appletun|Apple Acid|p2a: Mamoswine
|-supereffective|p2a: Mamoswine|1
|-damage|p2a: Mamoswine|50/100g
|-unboost|p2a: Mamoswine|spd|1
|
|upkeep
|
|t:|1785488616
|switch|p1a: Charizard|Charizard, L50, F|100/100
|turn|7
|
|t:|1785488632
|switch|p1b: Sylveon|Sylveon, L50, F|100/100
|detailschange|p1a: Charizard|Charizard-Mega-Y, L50, F
|-mega|p1a: Charizard|Charizard|Charizardite Y
|-weather|SunnyDay|[from] ability: Drought|[of] p1a: Charizard
|move|p2a: Mamoswine|Rock Tomb|p1a: Charizard
|-supereffective|p1a: Charizard|2
|-damage|p1a: Charizard|25/100
|-unboost|p1a: Charizard|spe|1
|move|p1a: Charizard|Heat Wave|p2b: Incineroar|[spread] p2a,p2b
|-supereffective|p2a: Mamoswine|1
|-resisted|p2b: Incineroar|1
|-damage|p2a: Mamoswine|0 fnt
|-damage|p2b: Incineroar|0 fnt
|faint|p2a: Mamoswine
|faint|p2b: Incineroar
|
|-weather|SunnyDay|[upkeep]
|upkeep
|
|t:|1785488640
|switch|p2a: Charizard|Charizard-Mega-Y, L50, F|49/100
|switch|p2b: Venusaur|Venusaur, L50, M|100/100
|turn|8
|
|t:|1785488675
|switch|p1a: Appletun|Appletun, L50, M|100/100
|move|p2b: Venusaur|Sludge Bomb|p1b: Sylveon
|-supereffective|p1b: Sylveon|1
|-damage|p1b: Sylveon|1/100
|-damage|p2b: Venusaur|90/100|[from] item: Life Orb
|move|p2a: Charizard|Heat Wave|p1b: Sylveon|[spread] p1a,p1b
|-damage|p1a: Appletun|73/100
|-damage|p1b: Sylveon|0 fnt
|faint|p1b: Sylveon
|
|-weather|SunnyDay|[upkeep]
|-heal|p1a: Appletun|79/100|[from] item: Leftovers
|upkeep
|
|t:|1785488683
|switch|p1b: Charizard|Charizard-Mega-Y, L50, F|25/100
|turn|9
|
|t:|1785488719
|move|p2a: Charizard|Protect|p2a: Charizard
|-singleturn|p2a: Charizard|Protect
|move|p1b: Charizard|Protect|p1b: Charizard
|-singleturn|p1b: Charizard|Protect
|move|p2b: Venusaur|Sludge Bomb|p1b: Charizard
|-activate|p1b: Charizard|move: Protect
|move|p1a: Appletun|Draco Meteor|p2b: Venusaur
|-damage|p2b: Venusaur|45/100
|-unboost|p1a: Appletun|spa|2
|
|-weather|SunnyDay|[upkeep]
|-heal|p1a: Appletun|85/100|[from] item: Leftovers
|upkeep
|turn|10
|
|t:|1785488765
|move|p2b: Venusaur|Sludge Bomb|p1b: Charizard
|-damage|p1b: Charizard|0 fnt
|faint|p1b: Charizard
|-damage|p2b: Venusaur|36/100|[from] item: Life Orb
|move|p2a: Charizard|Heat Wave|p1a: Appletun
|-damage|p1a: Appletun|49/100
|move|p1a: Appletun|Draco Meteor|p2b: Venusaur
|-damage|p2b: Venusaur|11/100
|-unboost|p1a: Appletun|spa|2
|
|-weather|SunnyDay|[upkeep]
|-heal|p1a: Appletun|55/100|[from] item: Leftovers
|upkeep
|turn|11
|
|t:|1785488809
|move|p1a: Appletun|Protect|p1a: Appletun
|-singleturn|p1a: Appletun|Protect
|move|p2b: Venusaur|Sludge Bomb|p1a: Appletun
|-activate|p1a: Appletun|move: Protect
|move|p2a: Charizard|Weather Ball|p1a: Appletun
|-activate|p1a: Appletun|move: Protect
|
|-weather|none
|-heal|p1a: Appletun|61/100|[from] item: Leftovers
|upkeep
|turn|12
|
|t:|1785488818
|move|p2a: Charizard|Helping Hand|p2b: Venusaur
|-singleturn|p2b: Venusaur|Helping Hand|[of] p2a: Charizard
|move|p2b: Venusaur|Sludge Bomb|p1a: Appletun
|-supereffective|p1a: Appletun|1
|-damage|p1a: Appletun|0 fnt
|faint|p1a: Appletun
|-damage|p2b: Venusaur|1/100|[from] item: Life Orb
|
|win|Artere Happy
