|j|☆arrascaxeira
|j|☆ggep123
|html|arrascaxeiraggep123    
|uhtml|bestof|Game 1 of a best-of-3
|t:|1756570130
|gametype|doubles
|player|p1|arrascaxeira|169|1131
|player|p2|ggep123|170|1129
|gen|9
|tier|[Gen 9] VGC 2025 Reg H (Bo3)
|rated|
|rule|Species Clause: Limit one of each Pokémon
|rule|Item Clause: Limit 1 of each item
|clearpoke
|poke|p1|Gholdengo, L50|
|poke|p1|Rillaboom, L50, M|
|poke|p1|Tauros-Paldea-Aqua, L50, M|
|poke|p1|Dragonite, L50, F|
|poke|p1|Clefable, L50, M|
|poke|p1|Incineroar, L50, F|
|poke|p2|Amoonguss, L50, F|
|poke|p2|Sneasler, L50, M|
|poke|p2|Gholdengo, L50|
|poke|p2|Incineroar, L50, M|
|poke|p2|Ursaluna-Bloodmoon, L50, M|
|poke|p2|Dragonite, L50, M|
|teampreview|4
|showteam|p1|Gholdengo||GrassySeed|GoodasGold|NastyPlot,MakeItRain,ShadowBall,Protect||||||50|,,,,,Water]Rillaboom||AssaultVest|GrassySurge|FakeOut,GrassyGlide,HighHorsepower,WoodHammer|||M|||50|,,,,,Fire]Tauros-Paldea-Aqua||MirrorHerb|Intimidate|WaveCrash,CloseCombat,AquaJet,Protect|||M|||50|,,,,,Grass]Dragonite||LoadedDice|Multiscale|ScaleShot,Haze,StompingTantrum,Protect|||F|||50|,,,,,Fairy]Clefable||RockyHelmet|Unaware|Moonblast,FollowMe,IcyWind,Protect|||M|||50|,,,,,Electric]Incineroar||SafetyGoggles|Intimidate|FakeOut,PartingShot,KnockOff,FlareBlitz|||F|||50|,,,,,Bug
|showteam|p2|Amoonguss||SitrusBerry|Regenerator|RagePowder,Spore,PollenPuff,Protect|||F|||50|,,,,,Psychic]Sneasler||FocusSash|Unburden|Protect,DireClaw,CloseCombat,ThroatChop|||M|||50|,,,,,Stellar]Gholdengo||LifeOrb|GoodasGold|Protect,MakeItRain,ShadowBall,NastyPlot||||||50|,,,,,Water]Incineroar||SafetyGoggles|Intimidate|KnockOff,PartingShot,FlareBlitz,FakeOut|||M|||50|,,,,,Ghost]Ursaluna-Bloodmoon||AssaultVest|MindsEye|BloodMoon,EarthPower,VacuumWave,HyperVoice|||M|||50|,,,,,Water]Dragonite||LoadedDice|Multiscale|ScaleShot,Tailwind,Haze,Protect|||M|||50|,,,,,Fairy
|inactive|Battle timer is ON: inactive players will automatically lose when time's up. (requested by arrascaxeira)
|inactive|arrascaxeira has 60 seconds left.
|inactive|ggep123 has 60 seconds left.
|
|t:|1756570198
|teamsize|p1|4
|teamsize|p2|4
|start
|switch|p1a: Rillaboom|Rillaboom, L50, M|100/100
|switch|p1b: Gholdengo|Gholdengo, L50|100/100
|switch|p2a: fire cat|Incineroar, L50, M|100/100
|switch|p2b: Cheese|Gholdengo, L50|100/100
|-fieldstart|move: Grassy Terrain|[from] ability: Grassy Surge|[of] p1a: Rillaboom
|-enditem|p1b: Gholdengo|Grassy Seed
|-boost|p1b: Gholdengo|def|1|[from] item: Grassy Seed
|-ability|p2a: fire cat|Intimidate|boost
|-unboost|p1a: Rillaboom|atk|1
|-unboost|p1b: Gholdengo|atk|1
|turn|1
|inactive|ggep123 has 30 seconds left.
|
|t:|1756570230
|-terastallize|p1b: Gholdengo|Water
|move|p2b: Cheese|Protect|p2b: Cheese
|-singleturn|p2b: Cheese|Protect
|move|p1a: Rillaboom|Fake Out|p2b: Cheese
|-activate|p2b: Cheese|move: Protect
|move|p1b: Gholdengo|Nasty Plot|p1b: Gholdengo
|-boost|p1b: Gholdengo|spa|2
|move|p2a: fire cat|Flare Blitz|p1b: Gholdengo
|-resisted|p1b: Gholdengo
|-damage|p1b: Gholdengo|83/100
|-damage|p2a: fire cat|95/100|[from] Recoil
|
|-heal|p1b: Gholdengo|90/100|[from] Grassy Terrain
|-heal|p2a: fire cat|100/100|[from] Grassy Terrain
|upkeep
|turn|2
|
|t:|1756570255
|-terastallize|p2b: Cheese|Water
|move|p2b: Cheese|Make It Rain|p1a: Rillaboom|[spread] p1a,p1b
|-resisted|p1b: Gholdengo
|-damage|p1a: Rillaboom|53/100
|-damage|p1b: Gholdengo|61/100
|-unboost|p2b: Cheese|spa|1
|-damage|p2b: Cheese|91/100|[from] item: Life Orb
|move|p1b: Gholdengo|Shadow Ball|p2b: Cheese
|-damage|p2b: Cheese|6/100
|move|p1a: Rillaboom|Wood Hammer|p2b: Cheese
|-supereffective|p2b: Cheese
|-damage|p2b: Cheese|0 fnt
|faint|p2b: Cheese
|-damage|p1a: Rillaboom|52/100|[from] Recoil
|move|p2a: fire cat|Parting Shot|p1b: Gholdengo
|-immune|p1b: Gholdengo|[from] ability: Good as Gold
|
|-heal|p1b: Gholdengo|67/100|[from] Grassy Terrain
|-heal|p1a: Rillaboom|58/100|[from] Grassy Terrain
|upkeep
|
|t:|1756570276
|switch|p2b: Gam bell|Sneasler, L50, M|100/100
|turn|3
|
|t:|1756570286
|switch|p1a: Incineroar|Incineroar, L50, F|100/100
|-ability|p1a: Incineroar|Intimidate|boost
|-unboost|p2a: fire cat|atk|1
|-unboost|p2b: Gam bell|atk|1
|move|p1b: Gholdengo|Protect|p1b: Gholdengo
|-singleturn|p1b: Gholdengo|Protect
|move|p2b: Gam bell|Dire Claw|p1b: Gholdengo
|-activate|p1b: Gholdengo|move: Protect
|move|p2a: fire cat|Knock Off|p1a: Incineroar
|-resisted|p1a: Incineroar
|-damage|p1a: Incineroar|85/100
|-enditem|p1a: Incineroar|Safety Goggles|[from] move: Knock Off|[of] p2a: fire cat
|
|-heal|p1a: Incineroar|91/100|[from] Grassy Terrain
|-heal|p1b: Gholdengo|73/100|[from] Grassy Terrain
|upkeep
|turn|4
|
|t:|1756570310
|move|p2b: Gam bell|Protect|p2b: Gam bell
|-singleturn|p2b: Gam bell|Protect
|move|p1a: Incineroar|Fake Out|p2b: Gam bell
|-activate|p2b: Gam bell|move: Protect
|move|p1b: Gholdengo|Shadow Ball|p2a: fire cat
|-resisted|p2a: fire cat
|-damage|p2a: fire cat|62/100
|-unboost|p2a: fire cat|spd|1
|move|p2a: fire cat|Flare Blitz|p1b: Gholdengo
|-resisted|p1b: Gholdengo
|-damage|p1b: Gholdengo|62/100
|-damage|p2a: fire cat|58/100|[from] Recoil
|
|-heal|p1a: Incineroar|97/100|[from] Grassy Terrain
|-heal|p1b: Gholdengo|68/100|[from] Grassy Terrain
|-heal|p2a: fire cat|64/100|[from] Grassy Terrain
|upkeep
|turn|5
|
|t:|1756570327
|switch|p2a: New Trapa|Ursaluna-Bloodmoon, L50, M|100/100
|move|p2b: Gam bell|Dire Claw|p1b: Gholdengo
|-crit|p1b: Gholdengo
|-damage|p1b: Gholdengo|17/100
|-status|p1b: Gholdengo|slp
|move|p1a: Incineroar|Knock Off|p2b: Gam bell
|-resisted|p2b: Gam bell
|-damage|p2b: Gam bell|69/100
|-enditem|p2b: Gam bell|Focus Sash|[from] move: Knock Off|[of] p1a: Incineroar
|cant|p1b: Gholdengo|slp
|
|-heal|p2b: Gam bell|75/100|[from] Grassy Terrain
|-heal|p1a: Incineroar|100/100|[from] Grassy Terrain
|-heal|p1b: Gholdengo|23/100 slp|[from] Grassy Terrain
|-fieldend|move: Grassy Terrain
|upkeep
|turn|6
|
|t:|1756570343
|cant|p1b: Gholdengo|slp
|move|p2b: Gam bell|Dire Claw|p1a: Incineroar
|-damage|p1a: Incineroar|72/100
|move|p1a: Incineroar|Parting Shot|p2a: New Trapa
|-unboost|p2a: New Trapa|atk|1
|-unboost|p2a: New Trapa|spa|1
|
|t:|1756570352
|switch|p1a: Rillaboom|Rillaboom, L50, M|58/100|[from] Parting Shot
|-fieldstart|move: Grassy Terrain|[from] ability: Grassy Surge|[of] p1a: Rillaboom
|move|p2a: New Trapa|Hyper Voice|p1a: Rillaboom|[spread] p1a,p1b
|-damage|p1a: Rillaboom|37/100
|-damage|p1b: Gholdengo|0 fnt
|faint|p1b: Gholdengo
|
|-heal|p2b: Gam bell|81/100|[from] Grassy Terrain
|-heal|p1a: Rillaboom|43/100|[from] Grassy Terrain
|upkeep
|
|t:|1756570356
|switch|p1b: Incineroar|Incineroar, L50, F|72/100
|-ability|p1b: Incineroar|Intimidate|boost
|-unboost|p2a: New Trapa|atk|1
|-unboost|p2b: Gam bell|atk|1
|turn|7
|
|t:|1756570373
|switch|p2a: fire cat|Incineroar, L50, M|64/100
|-ability|p2a: fire cat|Intimidate|boost
|-unboost|p1a: Rillaboom|atk|1
|-unboost|p1b: Incineroar|atk|1
|move|p2b: Gam bell|Protect|p2b: Gam bell
|-singleturn|p2b: Gam bell|Protect
|move|p1b: Incineroar|Fake Out|p2a: fire cat
|-damage|p2a: fire cat|57/100
|move|p1a: Rillaboom|High Horsepower|p2b: Gam bell
|-activate|p2b: Gam bell|move: Protect
|
|-heal|p2b: Gam bell|86/100|[from] Grassy Terrain
|-heal|p1b: Incineroar|79/100|[from] Grassy Terrain
|-heal|p1a: Rillaboom|49/100|[from] Grassy Terrain
|-heal|p2a: fire cat|63/100|[from] Grassy Terrain
|upkeep
|turn|8
|
|t:|1756570396
|switch|p2b: New Trapa|Ursaluna-Bloodmoon, L50, M|100/100
|switch|p1a: Tauros|Tauros-Paldea-Aqua, L50, M|100/100
|-ability|p1a: Tauros|Intimidate|boost
|-unboost|p2a: fire cat|atk|1
|-unboost|p2b: New Trapa|atk|1
|move|p2a: fire cat|Fake Out|p1a: Tauros
|-damage|p1a: Tauros|91/100
|move|p1b: Incineroar|Parting Shot|p2a: fire cat
|-unboost|p2a: fire cat|atk|1
|-unboost|p2a: fire cat|spa|1
|
|t:|1756570403
|switch|p1b: Rillaboom|Rillaboom, L50, M|49/100|[from] Parting Shot
|
|-heal|p1a: Tauros|97/100|[from] Grassy Terrain
|-heal|p1b: Rillaboom|55/100|[from] Grassy Terrain
|-heal|p2a: fire cat|69/100|[from] Grassy Terrain
|upkeep
|turn|9
|
|t:|1756570423
|move|p1a: Tauros|Wave Crash|p2b: New Trapa
|-supereffective|p2b: New Trapa
|-damage|p2b: New Trapa|25/100
|-damage|p1a: Tauros|65/100|[from] Recoil
|move|p1b: Rillaboom|High Horsepower|p2a: fire cat
|-supereffective|p2a: fire cat
|-damage|p2a: fire cat|5/100
|move|p2a: fire cat|Flare Blitz|p1b: Rillaboom
|-supereffective|p1b: Rillaboom
|-damage|p1b: Rillaboom|3/100
|-damage|p2a: fire cat|0 fnt|[from] Recoil
|faint|p2a: fire cat
|move|p2b: New Trapa|Blood Moon|p1b: Rillaboom
|-damage|p1b: Rillaboom|0 fnt
|faint|p1b: Rillaboom
|
|-heal|p1a: Tauros|72/100|[from] Grassy Terrain
|-heal|p2b: New Trapa|31/100|[from] Grassy Terrain
|upkeep
|
|t:|1756570440
|switch|p1b: Incineroar|Incineroar, L50, F|79/100
|switch|p2a: Gam bell|Sneasler, L50, M|86/100
|-ability|p1b: Incineroar|Intimidate|boost
|-unboost|p2a: Gam bell|atk|1
|-unboost|p2b: New Trapa|atk|1
|turn|10
|
|t:|1756570455
|move|p1b: Incineroar|Fake Out|p2a: Gam bell
|-damage|p2a: Gam bell|67/100
|cant|p2a: Gam bell|flinch
|move|p1a: Tauros|Wave Crash|p2b: New Trapa
|-supereffective|p2b: New Trapa
|-damage|p2b: New Trapa|0 fnt
|faint|p2b: New Trapa
|-damage|p1a: Tauros|59/100|[from] Recoil
|
|-heal|p2a: Gam bell|72/100|[from] Grassy Terrain
|-heal|p1a: Tauros|65/100|[from] Grassy Terrain
|-heal|p1b: Incineroar|85/100|[from] Grassy Terrain
|-fieldend|move: Grassy Terrain
|upkeep
|turn|11
|
|t:|1756570466
|move|p2a: Gam bell|Protect|p2a: Gam bell
|-singleturn|p2a: Gam bell|Protect
|move|p1a: Tauros|Wave Crash|p2a: Gam bell
|-activate|p2a: Gam bell|move: Protect
|move|p1b: Incineroar|Flare Blitz|p2a: Gam bell
|-activate|p2a: Gam bell|move: Protect
|
|upkeep
|turn|12
|
|t:|1756570476
|move|p2a: Gam bell|Dire Claw|p1a: Tauros
|-damage|p1a: Tauros|35/100
|-status|p1a: Tauros|slp
|cant|p1a: Tauros|slp
|move|p1b: Incineroar|Flare Blitz|p2a: Gam bell
|-damage|p2a: Gam bell|0 fnt
|faint|p2a: Gam bell
|-damage|p1b: Incineroar|66/100|[from] Recoil
|
|win|arrascaxeira
||ggep123 is ready for game 2.
||arrascaxeira is ready for game 2.
|uhtml|next|Next: Game 2 of 3
|l|☆ggep123
|player|p2|
