|j|☆Gabeeel
|j|☆OceanicGamer
|html|GabeeelOceanicGamer    
|uhtml|bestof|Game 3 of a best-of-3
|t:|1783202320
|gametype|doubles
|player|p1|Gabeeel|iris|
|player|p2|OceanicGamer|#agwliiikyogres|
|gen|9
|tier|[Gen 9 Champions] VGC 2026 Reg M-B (Bo3)
|rule|Species Clause: Limit one of each Pokémon
|rule|Item Clause: Limit 1 of each item
|clearpoke
|poke|p1|Scrafty, L50, F|
|poke|p1|Slowking-Galar, L50, M|
|poke|p1|Palafin, L50, F|
|poke|p1|Volcarona, L50, F|
|poke|p1|Meowscarada, L50, F|
|poke|p1|Metagross, L50|
|poke|p2|Tyranitar, L50, M, shiny|
|poke|p2|Excadrill, L50, F, shiny|
|poke|p2|Talonflame, L50, F, shiny|
|poke|p2|Rotom-Mow, L50, shiny|
|poke|p2|Tinkaton, L50, F|
|poke|p2|Samurott-Hisui, L50, M|
|teampreview|4
|showteam|p1|Scrafty||Scraftinite|Intimidate|FakeOut,KnockOff,DrainPunch,SwordsDance|Adamant||F|||50|]Slowking-Galar||LifeOrb|Regenerator|SludgeBomb,Psychic,TrickRoom,Protect|Quiet||M|||50|]Palafin||MysticWater|ZerotoHero|WaveCrash,FlipTurn,JetPunch,Protect|Adamant||F|||50|]Volcarona||Leftovers|FlameBody|HeatWave,GigaDrain,QuiverDance,Protect|Modest||F|||50|]Meowscarada||FocusSash|Overgrow|FlowerTrick,KnockOff,SuckerPunch,Protect|Jolly||F|||50|]Metagross||MetalCoat|ClearBody|BulletPunch,IronHead,PsychicFangs,Protect|Adamant|||||50|
|showteam|p2|Tyranitar||Tyranitarite|SandStream|Protect,RockSlide,KnockOff,LowKick|Adamant||M|||50|]Excadrill||FocusSash|SandRush|HighHorsepower,IronHead,SwordsDance,Protect|Adamant||F|||50|]Talonflame||LifeOrb|GaleWings|FlareBlitz,BraveBird,Protect,Tailwind|Adamant||F|||50|]Rotom-Mow||SitrusBerry|Levitate|LeafStorm,Electroweb,WillOWisp,Protect|Modest|||||50|]Tinkaton||MetalCoat|OwnTempo|FakeOut,GigatonHammer,PlayRough,Protect|Jolly||F|||50|]Samurott-Hisui||BlackGlasses|Sharpness|CeaselessEdge,SuckerPunch,RazorShell,Protect|Jolly||M|||50|
|inactive|Battle timer is ON: inactive players will automatically lose when time's up. (requested by OceanicGamer)
|c|☆OceanicGamer|hf
|j| slitherwingfan6
|c|☆Gabeeel|scrafty my goat
|inactive|Gabeeel has 60 seconds left.
|inactive|OceanicGamer has 60 seconds left.
|
|t:|1783202373
|teamsize|p1|4
|teamsize|p2|4
|start
|switch|p1a: Scrafty|Scrafty, L50, F|100/100
|switch|p1b: Slowking|Slowking-Galar, L50, M|100/100
|switch|p2a: Tinkaton|Tinkaton, L50, F|100/100
|switch|p2b: Tyranitar|Tyranitar, L50, M, shiny|100/100
|-ability|p1a: Scrafty|Intimidate|boost
|-fail|p2a: Tinkaton|unboost|Attack|[from] ability: Own Tempo|[of] p2a: Tinkaton
|-unboost|p2b: Tyranitar|atk|1
|-weather|Sandstorm|[from] ability: Sand Stream|[of] p2b: Tyranitar
|turn|1
|
|t:|1783202397
|switch|p1a: Palafin|Palafin, L50, F|100/100
|detailschange|p2b: Tyranitar|Tyranitar-Mega, L50, M, shiny
|-mega|p2b: Tyranitar|Tyranitar|Tyranitarite
|move|p1b: Slowking|Protect|p1b: Slowking
|-singleturn|p1b: Slowking|Protect
|move|p2a: Tinkaton|Play Rough|p1a: Palafin
|-damage|p1a: Palafin|61/100
|-unboost|p1a: Palafin|atk|1
|move|p2b: Tyranitar|Knock Off|p1b: Slowking
|-activate|p1b: Slowking|move: Protect
|
|-weather|Sandstorm|[upkeep]
|-damage|p1a: Palafin|55/100|[from] Sandstorm
|-damage|p1b: Slowking|93/100|[from] Sandstorm
|upkeep
|turn|2
|inactive|OceanicGamer has 30 seconds left.
|inactive|OceanicGamer has 20 seconds left.
|inactive|OceanicGamer has 15 seconds left.
|
|t:|1783202441
|move|p2a: Tinkaton|Gigaton Hammer|p1b: Slowking
|-damage|p1b: Slowking|24/100
|move|p1a: Palafin|Flip Turn|p2b: Tyranitar
|-supereffective|p2b: Tyranitar|1
|-crit|p2b: Tyranitar
|-damage|p2b: Tyranitar|46/100
|
|t:|1783202455
|detailschange|p1a: Palafin|Palafin-Hero, L50, F
|switch|p1a: Scrafty|Scrafty, L50, F|100/100|[from] Flip Turn
|-ability|p1a: Scrafty|Intimidate|boost
|-fail|p2a: Tinkaton|unboost|Attack|[from] ability: Own Tempo|[of] p2a: Tinkaton
|-unboost|p2b: Tyranitar|atk|1
|move|p2b: Tyranitar|Rock Slide|p1b: Slowking|[spread] p1a,p1b
|-resisted|p1a: Scrafty|1
|-damage|p1a: Scrafty|91/100
|-damage|p1b: Slowking|5/100
|cant|p1b: Slowking|flinch
|
|-weather|Sandstorm|[upkeep]
|-damage|p1a: Scrafty|85/100|[from] Sandstorm
|-damage|p1b: Slowking|0 fnt|[from] Sandstorm
|faint|p1b: Slowking
|upkeep
|c|☆Gabeeel|:(
|c|☆OceanicGamer|what a haxy series
|c| slitherwingfan6|rock slide is such a fake move
|inactive|Gabeeel has 30 seconds left.
|c|☆Gabeeel|yea
|
|t:|1783202483
|switch|p1b: Palafin|Palafin-Hero, L50, F|55/100
|-activate|p1b: Palafin|ability: Zero to Hero
|turn|3
|
|t:|1783202504
|detailschange|p1a: Scrafty|Scrafty-Mega, L50, F
|-mega|p1a: Scrafty|Scrafty|Scraftinite
|-ability|p1a: Scrafty|Intimidate|boost
|-fail|p2a: Tinkaton|unboost|Attack|[from] ability: Own Tempo|[of] p2a: Tinkaton
|-unboost|p2b: Tyranitar|atk|1
|move|p2a: Tinkaton|Protect|p2a: Tinkaton
|-singleturn|p2a: Tinkaton|Protect
|move|p1a: Scrafty|Fake Out|p2a: Tinkaton
|-activate|p2a: Tinkaton|move: Protect
|move|p1b: Palafin|Wave Crash|p2a: Tinkaton
|-activate|p2a: Tinkaton|move: Protect
|move|p2b: Tyranitar|Knock Off|p1b: Palafin
|-damage|p1b: Palafin|30/100
|-enditem|p1b: Palafin|Mystic Water|[from] move: Knock Off|[of] p2b: Tyranitar
|
|-weather|Sandstorm|[upkeep]
|-damage|p1b: Palafin|24/100|[from] Sandstorm
|-damage|p1a: Scrafty|79/100|[from] Sandstorm
|upkeep
|turn|4
|inactive|OceanicGamer has 30 seconds left.
|c|☆Gabeeel|yea thats prob a gg
|c|☆OceanicGamer|not yet
|c|☆OceanicGamer|im bad at this game
|inactive|OceanicGamer has 20 seconds left.
|c|☆Gabeeel|2
|inactive|OceanicGamer has 15 seconds left.
|inactive|OceanicGamer has 10 seconds left.
|inactive|OceanicGamer has 5 seconds left.
|
|t:|1783202556
|switch|p2a: Rotom|Rotom-Mow, L50, shiny|100/100
|switch|p1a: Meowscarada|Meowscarada, L50, F|100/100
|move|p1b: Palafin|Wave Crash|p2a: Rotom
|-resisted|p2a: Rotom|1
|-damage|p2a: Rotom|63/100
|-damage|p1b: Palafin|14/100|[from] Recoil
|move|p2b: Tyranitar|Rock Slide|p1b: Palafin|[spread] p1a,p1b
|-damage|p1a: Meowscarada|74/100
|-damage|p1b: Palafin|1/100
|
|-weather|Sandstorm|[upkeep]
|-damage|p1a: Meowscarada|68/100|[from] Sandstorm
|-damage|p1b: Palafin|0 fnt|[from] Sandstorm
|-damage|p2a: Rotom|57/100|[from] Sandstorm
|faint|p1b: Palafin
|upkeep
|
|t:|1783202565
|switch|p1b: Scrafty|Scrafty-Mega, L50, F|79/100
|-ability|p1b: Scrafty|Intimidate|boost
|-unboost|p2a: Rotom|atk|1
|-unboost|p2b: Tyranitar|atk|1
|turn|5
|
|t:|1783202579
|move|p2a: Rotom|Protect|p2a: Rotom
|-singleturn|p2a: Rotom|Protect
|move|p2b: Tyranitar|Protect|p2b: Tyranitar
|-singleturn|p2b: Tyranitar|Protect
|move|p1a: Meowscarada|Flower Trick|p2b: Tyranitar
|-activate|p2b: Tyranitar|move: Protect
|move|p1b: Scrafty|Swords Dance|p1b: Scrafty
|-boost|p1b: Scrafty|atk|2
|
|-weather|none
|upkeep
|turn|6
|inactive|OceanicGamer has 30 seconds left.
|
|t:|1783202609
|move|p1a: Meowscarada|Knock Off|p2a: Rotom
|-damage|p2a: Rotom|15/100
|-enditem|p2a: Rotom|Sitrus Berry|[from] move: Knock Off|[of] p1a: Meowscarada
|move|p2a: Rotom|Will-O-Wisp|p1b: Scrafty
|-status|p1b: Scrafty|brn
|move|p1b: Scrafty|Drain Punch|p2b: Tyranitar
|-supereffective|p2b: Tyranitar|2
|-damage|p2b: Tyranitar|0 fnt
|-heal|p1b: Scrafty|100/100 brn|[from] drain|[of] p2b: Tyranitar
|faint|p2b: Tyranitar
|
|-damage|p1b: Scrafty|94/100 brn|[from] brn
|upkeep
|
|t:|1783202620
|switch|p2b: Tinkaton|Tinkaton, L50, F|100/100
|turn|7
|
|t:|1783202636
|move|p1a: Meowscarada|Knock Off|p2b: Tinkaton
|-resisted|p2b: Tinkaton|1
|-damage|p2b: Tinkaton|70/100
|-enditem|p2b: Tinkaton|Metal Coat|[from] move: Knock Off|[of] p1a: Meowscarada
|move|p2b: Tinkaton|Play Rough|p1b: Scrafty
|-supereffective|p1b: Scrafty|2
|-damage|p1b: Scrafty|0 fnt
|faint|p1b: Scrafty
|move|p2a: Rotom|Will-O-Wisp|p1a: Meowscarada|[miss]
|-miss|p2a: Rotom|p1a: Meowscarada
|
|upkeep
|turn|8
|c|☆OceanicGamer|ggs
|
|t:|1783202649
|move|p1a: Meowscarada|Flower Trick|p2a: Rotom
|-resisted|p2a: Rotom|1
|-crit|p2a: Rotom
|-damage|p2a: Rotom|0 fnt
|faint|p2a: Rotom
|move|p2b: Tinkaton|Play Rough|p1a: Meowscarada
|-supereffective|p1a: Meowscarada|1
|-damage|p1a: Meowscarada|0 fnt
|faint|p1a: Meowscarada
|
|win|OceanicGamer
|c|☆OceanicGamer|haxy set
|c|☆Gabeeel|ggs
|c|☆Gabeeel|wp
|c|☆OceanicGamer|u2
|l| slitherwingfan6
|c|☆Gabeeel|<3
