|j|☆joyfulwizard
|j|☆ShinyHonkrow
|html|joyfulwizardShinyHonkrow    
|uhtml|bestof|Game 2 of a best-of-3
|t:|1782240005
|gametype|doubles
|player|p1|joyfulwizard|2|1068
|player|p2|ShinyHonkrow|unknown|1041
|gen|9
|tier|[Gen 9 Champions] VGC 2026 Reg M-B (Bo3)
|rated|
|rule|Species Clause: Limit one of each Pokémon
|rule|Item Clause: Limit 1 of each item
|clearpoke
|poke|p1|Politoed, L50, F|
|poke|p1|Gengar, L50, F, shiny|
|poke|p1|Sinistcha, L50|
|poke|p1|Incineroar, L50, M|
|poke|p1|Scrafty, L50, F|
|poke|p1|Floette-Eternal, L50, F|
|poke|p2|Mawile, L50, M, shiny|
|poke|p2|Farigiraf, L50, M, shiny|
|poke|p2|Toxapex, L50, F|
|poke|p2|Torkoal, L50, F|
|poke|p2|Runerigus, L50, M|
|poke|p2|Snorlax, L50, M|
|teampreview|4
|showteam|p1|Politoed||SitrusBerry|Drizzle|Protect,WeatherBall,IcyWind,Encore|Modest||F|||50|]Gengar||Gengarite|CursedBody|PerishSong,ShadowBall,Disable,Protect|Timid||F|||50|]Sinistcha||KasibBerry|Hospitality|MatchaGotcha,TrickRoom,RagePowder,Protect|Modest|||||50|]Incineroar||PasshoBerry|Intimidate|Protect,FakeOut,PartingShot,DarkestLariat|Careful||M|||50|]Scrafty||FocusSash|Intimidate|Protect,FakeOut,KnockOff,CloseCombat|Adamant||F|||50|]Floette-Eternal||Floettite|FlowerVeil|Protect,DrainingKiss,CalmMind,DazzlingGleam|Modest||F|||50|
|showteam|p2|Mawile||Mawilite|Intimidate|PlayRough,SuckerPunch,IronHead,Protect|Brave||M|||50|]Farigiraf||FocusSash|ArmorTail|HyperBeam,TwinBeam,NastyPlot,TrickRoom|Quiet||M|||50|]Toxapex||Leftovers|Merciless|Toxic,Infestation,RainDance,BanefulBunker|Sassy||F|||50|]Torkoal||LifeOrb|Drought|SolarBeam,Eruption,EarthPower,StealthRock|Quiet||F|||50|]Runerigus||KingsRock|WanderingSpirit|DestinyBond,Earthquake,PhantomForce,TrickRoom|Brave||M|||50|]Snorlax||SitrusBerry|Gluttony|BodySlam,Earthquake,ThunderPunch,SelfDestruct|Brave||M|||50|
|j| Schroeder
|l| Schroeder
|
|t:|1782240057
|teamsize|p1|4
|teamsize|p2|4
|start
|switch|p1a: Gengar|Gengar, L50, F, shiny|100/100
|switch|p1b: Scrafty|Scrafty, L50, F|100/100
|switch|p2a: Farigiraf|Farigiraf, L50, M, shiny|100/100
|switch|p2b: Toxapex|Toxapex, L50, F|100/100
|-ability|p1b: Scrafty|Intimidate|boost
|-unboost|p2a: Farigiraf|atk|1
|-unboost|p2b: Toxapex|atk|1
|turn|1
|inactive|Battle timer is ON: inactive players will automatically lose when time's up. (requested by joyfulwizard)
|
|t:|1782240072
|detailschange|p1a: Gengar|Gengar-Mega, L50, F, shiny
|-mega|p1a: Gengar|Gengar|Gengarite
|move|p2b: Toxapex|Baneful Bunker|p2b: Toxapex
|-singleturn|p2b: Toxapex|move: Protect
|move|p1a: Gengar|Perish Song|p1a: Gengar
|-start|p1a: Gengar|perish3|[silent]
|-start|p1b: Scrafty|perish3|[silent]
|-start|p2a: Farigiraf|perish3|[silent]
|-start|p2b: Toxapex|perish3|[silent]
|-fieldactivate|move: Perish Song
|move|p1b: Scrafty|Knock Off|p2a: Farigiraf
|-supereffective|p2a: Farigiraf|1
|-damage|p2a: Farigiraf|9/100
|-enditem|p2a: Farigiraf|Focus Sash|[from] move: Knock Off|[of] p1b: Scrafty
|move|p2a: Farigiraf|Trick Room|p2a: Farigiraf
|-fieldstart|move: Trick Room|[of] p2a: Farigiraf
|
|-start|p2b: Toxapex|perish3
|-start|p2a: Farigiraf|perish3
|-start|p1b: Scrafty|perish3
|-start|p1a: Gengar|perish3
|upkeep
|turn|2
|
|t:|1782240096
|switch|p1b: Incineroar|Incineroar, L50, M|100/100
|-ability|p1b: Incineroar|Intimidate|boost
|-unboost|p2a: Farigiraf|atk|1
|-unboost|p2b: Toxapex|atk|1
|move|p1a: Gengar|Protect|p1a: Gengar
|-singleturn|p1a: Gengar|Protect
|move|p2b: Toxapex|Infestation|p1b: Incineroar
|-damage|p1b: Incineroar|97/100
|-activate|p1b: Incineroar|move: Infestation|[of] p2b: Toxapex
|move|p2a: Farigiraf|Twin Beam|p1a: Gengar
|-activate|p1a: Gengar|move: Protect
|
|-damage|p1b: Incineroar|85/100|[from] move: Infestation|[partiallytrapped]
|-start|p2b: Toxapex|perish2
|-start|p2a: Farigiraf|perish2
|-start|p1a: Gengar|perish2
|upkeep
|turn|3
|
|t:|1782240115
|switch|p1a: Scrafty|Scrafty, L50, F|100/100
|-ability|p1a: Scrafty|Intimidate|boost
|-unboost|p2a: Farigiraf|atk|1
|-unboost|p2b: Toxapex|atk|1
|move|p2b: Toxapex|Infestation|p1b: Incineroar
|-damage|p1b: Incineroar|82/100
|move|p2a: Farigiraf|Twin Beam|p1a: Scrafty
|-immune|p1a: Scrafty
|move|p1b: Incineroar|Parting Shot|p2a: Farigiraf
|-unboost|p2a: Farigiraf|atk|1
|-unboost|p2a: Farigiraf|spa|1
|
|t:|1782240123
|switch|p1b: Gengar|Gengar-Mega, L50, F, shiny|100/100|[from] Parting Shot
|
|-start|p2b: Toxapex|perish1
|-start|p2a: Farigiraf|perish1
|upkeep
|turn|4
|
|t:|1782240136
|move|p1a: Scrafty|Protect|p1a: Scrafty
|-singleturn|p1a: Scrafty|Protect
|move|p1b: Gengar|Protect|p1b: Gengar
|-singleturn|p1b: Gengar|Protect
|move|p2b: Toxapex|Infestation|p1b: Gengar
|-activate|p1b: Gengar|move: Protect
|move|p2a: Farigiraf|Hyper Beam|p1a: Scrafty
|-activate|p1a: Scrafty|move: Protect
|
|-start|p2b: Toxapex|perish0
|-start|p2a: Farigiraf|perish0
|faint|p2b: Toxapex
|faint|p2a: Farigiraf
|upkeep
|
|t:|1782240148
|switch|p2b: Mawile|Mawile, L50, M, shiny|100/100
|switch|p2a: Runerigus|Runerigus, L50, M|100/100
|-ability|p2b: Mawile|Intimidate|boost
|-unboost|p1a: Scrafty|atk|1
|-unboost|p1b: Gengar|atk|1
|turn|5
|
|t:|1782240173
|switch|p1a: Sinistcha|Sinistcha, L50|100/100
|switch|p1b: Incineroar|Incineroar, L50, M|82/100
|-ability|p1b: Incineroar|Intimidate|boost
|-unboost|p2a: Runerigus|atk|1
|-unboost|p2b: Mawile|atk|1
|detailschange|p2b: Mawile|Mawile-Mega, L50, M, shiny
|-mega|p2b: Mawile|Mawile|Mawilite
|move|p2a: Runerigus|Destiny Bond|p2a: Runerigus
|-singlemove|p2a: Runerigus|Destiny Bond
|move|p2b: Mawile|Iron Head|p1b: Incineroar
|-resisted|p1b: Incineroar|1
|-damage|p1b: Incineroar|58/100
|
|-fieldend|move: Trick Room
|upkeep
|turn|6
|
|t:|1782240195
|move|p1a: Sinistcha|Matcha Gotcha|p2a: Runerigus|[spread] p2a,p2b
|-supereffective|p2a: Runerigus|1
|-resisted|p2b: Mawile|1
|-damage|p2a: Runerigus|30/100
|-damage|p2b: Mawile|84/100
|-status|p2a: Runerigus|brn
|move|p1b: Incineroar|Parting Shot|p2b: Mawile
|-unboost|p2b: Mawile|atk|1
|-unboost|p2b: Mawile|spa|1
|
|t:|1782240203
|switch|p1b: Scrafty|Scrafty, L50, F|100/100|[from] Parting Shot
|-ability|p1b: Scrafty|Intimidate|boost
|-unboost|p2a: Runerigus|atk|1
|-unboost|p2b: Mawile|atk|1
|move|p2b: Mawile|Play Rough|p1a: Sinistcha
|-damage|p1a: Sinistcha|66/100
|-unboost|p1a: Sinistcha|atk|1
|move|p2a: Runerigus|Trick Room|p2a: Runerigus
|-fieldstart|move: Trick Room|[of] p2a: Runerigus
|
|-damage|p2a: Runerigus|24/100 brn|[from] brn
|upkeep
|turn|7
|
|t:|1782240223
|move|p1b: Scrafty|Fake Out|p2b: Mawile
|-resisted|p2b: Mawile|1
|-damage|p2b: Mawile|77/100
|cant|p2b: Mawile|flinch
|move|p2a: Runerigus|Destiny Bond|p2a: Runerigus
|-singlemove|p2a: Runerigus|Destiny Bond
|move|p1a: Sinistcha|Matcha Gotcha|p2b: Mawile|[spread] p2a,p2b
|-supereffective|p2a: Runerigus|1
|-resisted|p2b: Mawile|1
|-damage|p2a: Runerigus|0 fnt
|-heal|p1a: Sinistcha|75/100|[from] drain|[of] p2a: Runerigus
|-damage|p2b: Mawile|62/100
|-heal|p1a: Sinistcha|81/100|[from] drain|[of] p2b: Mawile
|faint|p2a: Runerigus
|-activate|p2a: Runerigus|move: Destiny Bond
|faint|p1a: Sinistcha
|
|upkeep
|
|t:|1782240233
|switch|p1a: Incineroar|Incineroar, L50, M|58/100
|-ability|p1a: Incineroar|Intimidate|boost
|-unboost|p2b: Mawile|atk|1
|turn|8
|
|t:|1782240245
|switch|p1b: Gengar|Gengar-Mega, L50, F, shiny|100/100
|move|p1a: Incineroar|Fake Out|p2b: Mawile
|-resisted|p2b: Mawile|1
|-damage|p2b: Mawile|56/100
|cant|p2b: Mawile|flinch
|
|upkeep
|turn|9
|
|t:|1782240263
|move|p1b: Gengar|Protect|p1b: Gengar
|-singleturn|p1b: Gengar|Protect
|move|p2b: Mawile|Iron Head|p1b: Gengar
|-activate|p1b: Gengar|move: Protect
|move|p1a: Incineroar|Parting Shot|p2b: Mawile
|-unboost|p2b: Mawile|atk|1
|-unboost|p2b: Mawile|spa|1
|
|t:|1782240266
|switch|p1a: Scrafty|Scrafty, L50, F|100/100|[from] Parting Shot
|-ability|p1a: Scrafty|Intimidate|boost
|-unboost|p2b: Mawile|atk|1
|
|upkeep
|turn|10
|
|t:|1782240287
|move|p1a: Scrafty|Fake Out|p2b: Mawile
|-resisted|p2b: Mawile|1
|-damage|p2b: Mawile|48/100
|cant|p2b: Mawile|flinch
|move|p1b: Gengar|Shadow Ball|p2b: Mawile
|-damage|p2b: Mawile|0 fnt
|faint|p2b: Mawile
|
|win|joyfulwizard
|raw|joyfulwizard's rating: 1068 → 1095(+27 for winning)
|raw|ShinyHonkrow's rating: 1041 → 1026(-15 for losing)
|l|☆ShinyHonkrow
|player|p2|
