|j|☆KrisKiwii
|j|☆WASHINGTONGARGACHA
|html|KrisKiwiiWASHINGTONGARGACHA    
|uhtml|bestof|Game 2 of a best-of-3
|t:|1756637830
|gametype|doubles
|player|p1|KrisKiwii|acetrainerf-gen4dp|1116
|player|p2|WASHINGTONGARGACHA|266|1170
|gen|9
|tier|[Gen 9] VGC 2025 Reg H (Bo3)
|rated|
|rule|Species Clause: Limit one of each Pokémon
|rule|Item Clause: Limit 1 of each item
|clearpoke
|poke|p1|Gholdengo, L50|
|poke|p1|Incineroar, L50, F|
|poke|p1|Amoonguss, L50, F|
|poke|p1|Porygon2, L50|
|poke|p1|Sneasler, L50, F|
|poke|p1|Ursaluna, L50, M|
|poke|p2|Gholdengo, L50|
|poke|p2|Ursaluna, L50, F|
|poke|p2|Archaludon, L50, F|
|poke|p2|Murkrow, L50, F|
|poke|p2|Farigiraf, L50, F|
|poke|p2|Basculegion, L50, M|
|teampreview|4
|showteam|p1|Gholdengo||LifeOrb|GoodasGold|MakeItRain,ShadowBall,NastyPlot,Protect||||||50|,,,,,Water]Incineroar||SafetyGoggles|Intimidate|FakeOut,PartingShot,KnockOff,FlareBlitz|||F|||50|,,,,,Ghost]Amoonguss||MentalHerb|Regenerator|RagePowder,Spore,PollenPuff,Protect|||F|||50|,,,,,Water]Porygon2||Eviolite|Download|TeraBlast,IceBeam,TrickRoom,Recover||||||50|,,,,,Electric]Sneasler||FocusSash|PoisonTouch|Protect,CloseCombat,DireClaw,FakeOut|||F|||50|,,,,,Stellar]Ursaluna||FlameOrb|Guts|Facade,HeadlongRush,Earthquake,Protect|||M|||50|,,,,,Poison
|showteam|p2|Gholdengo||LifeOrb|GoodasGold|ShadowBall,MakeItRain,NastyPlot,Protect||||||50|,,,,,Water]Ursaluna||FlameOrb|Guts|Facade,Earthquake,Protect,HeadlongRush|||F|||50|,,,,,Ghost]Archaludon||PowerHerb|Stamina|ElectroShot,FlashCannon,DracoMeteor,Protect|||F|||50|,,,,,Grass]Murkrow||Eviolite|Prankster|Tailwind,RainDance,FoulPlay,Haze|||F|||50|,,,,,Dark]Farigiraf||ThroatSpray|ArmorTail|HyperVoice,TrickRoom,Psychic,Protect|||F|||50|,,,,,Fairy]Basculegion||MysticWater|SwiftSwim|AquaJet,FlipTurn,WaveCrash,LastRespects|||M|||50|,,,,,Water
|inactive|Battle timer is ON: inactive players will automatically lose when time's up. (requested by KrisKiwii)
|
|t:|1756637854
|teamsize|p1|4
|teamsize|p2|4
|start
|switch|p1a: Hakari|Porygon2, L50, shiny|100/100
|switch|p1b: Chiitan|Incineroar, L50, F|100/100
|switch|p2a: Murkrow|Murkrow, L50, F|100/100
|switch|p2b: Basculegion|Basculegion, L50, M|100/100
|-ability|p1b: Chiitan|Intimidate|boost
|-unboost|p2a: Murkrow|atk|1
|-unboost|p2b: Basculegion|atk|1
|-ability|p1a: Hakari|Download|boost
|-boost|p1a: Hakari|atk|1
|turn|1
|inactive|WASHINGTONGARGACHA has 30 seconds left.
|
|t:|1756637885
|-terastallize|p1b: Chiitan|Ghost
|move|p2a: Murkrow|Rain Dance|p2a: Murkrow
|-weather|RainDance
|move|p2b: Basculegion|Flip Turn|p1b: Chiitan
|-damage|p1b: Chiitan|69/100
|
|t:|1756637893
|switch|p2b: Ursaluna|Ursaluna, L50, F|100/100|[from] Flip Turn
|move|p1b: Chiitan|Parting Shot|p2b: Ursaluna
|-unboost|p2b: Ursaluna|atk|1
|-unboost|p2b: Ursaluna|spa|1
|
|t:|1756637896
|switch|p1b: Crescendo|Ursaluna, L50, M|100/100|[from] Parting Shot
|move|p1a: Hakari|Trick Room|p1a: Hakari
|-fieldstart|move: Trick Room|[of] p1a: Hakari
|
|-weather|RainDance|[upkeep]
|-status|p1b: Crescendo|brn|[from] item: Flame Orb
|-status|p2b: Ursaluna|brn|[from] item: Flame Orb
|upkeep
|turn|2
|
|t:|1756637917
|move|p2b: Ursaluna|Protect|p2b: Ursaluna
|-singleturn|p2b: Ursaluna|Protect
|move|p2a: Murkrow|Haze|p2a: Murkrow
|-clearallboost
|move|p1b: Crescendo|Headlong Rush|p2b: Ursaluna
|-activate|p2b: Ursaluna|move: Protect
|move|p1a: Hakari|Ice Beam|p2b: Ursaluna
|-activate|p2b: Ursaluna|move: Protect
|
|-weather|RainDance|[upkeep]
|-damage|p1b: Crescendo|95/100 brn|[from] brn
|-damage|p2b: Ursaluna|94/100 brn|[from] brn
|upkeep
|turn|3
|inactive|WASHINGTONGARGACHA has 30 seconds left.
|
|t:|1756637947
|move|p1b: Crescendo|Headlong Rush|p2b: Ursaluna
|-damage|p2b: Ursaluna|14/100 brn
|-unboost|p1b: Crescendo|def|1
|-unboost|p1b: Crescendo|spd|1
|move|p1a: Hakari|Ice Beam|p2b: Ursaluna
|-supereffective|p2b: Ursaluna
|-damage|p2b: Ursaluna|0 fnt
|faint|p2b: Ursaluna
|move|p2a: Murkrow|Foul Play|p1b: Crescendo
|-damage|p1b: Crescendo|30/100 brn
|
|-weather|RainDance|[upkeep]
|-damage|p1b: Crescendo|24/100 brn|[from] brn
|upkeep
|
|t:|1756637961
|switch|p2b: Basculegion|Basculegion, L50, M|100/100
|turn|4
|
|t:|1756637976
|switch|p1b: Chiitan|Incineroar, L50, F, tera:Ghost|69/100
|-ability|p1b: Chiitan|Intimidate|boost
|-unboost|p2a: Murkrow|atk|1
|-unboost|p2b: Basculegion|atk|1
|-terastallize|p2b: Basculegion|Water
|move|p2b: Basculegion|Aqua Jet|p1b: Chiitan
|-damage|p1b: Chiitan|39/100
|move|p1a: Hakari|Ice Beam|p2a: Murkrow
|-supereffective|p2a: Murkrow
|-damage|p2a: Murkrow|60/100
|move|p2a: Murkrow|Foul Play|p1a: Hakari
|-damage|p1a: Hakari|83/100
|
|-weather|RainDance|[upkeep]
|upkeep
|turn|5
|
|t:|1756637994
|move|p2a: Murkrow|Haze|p2a: Murkrow
|-clearallboost
|move|p2b: Basculegion|Aqua Jet|p1b: Chiitan
|-damage|p1b: Chiitan|0 fnt
|faint|p1b: Chiitan
|move|p1a: Hakari|Ice Beam|p2a: Murkrow
|-supereffective|p2a: Murkrow
|-damage|p2a: Murkrow|15/100
|
|-weather|none
|-fieldend|move: Trick Room
|upkeep
|
|t:|1756638000
|switch|p1b: MUSTARDDD|Sneasler, L50, F, shiny|100/100
|turn|6
|
|t:|1756638023
|switch|p2a: Archaludon|Archaludon, L50, F|100/100
|move|p1b: MUSTARDDD|Fake Out|p2b: Basculegion
|-damage|p2b: Basculegion|80/100
|cant|p2b: Basculegion|flinch
|move|p1a: Hakari|Ice Beam|p2a: Archaludon
|-damage|p2a: Archaludon|64/100
|-ability|p2a: Archaludon|Stamina|boost
|-boost|p2a: Archaludon|def|1
|
|upkeep
|turn|7
|
|t:|1756638046
|move|p1b: MUSTARDDD|Dire Claw|p2b: Basculegion
|-crit|p2b: Basculegion
|-damage|p2b: Basculegion|3/100
|-status|p2b: Basculegion|psn
|move|p2a: Archaludon|Electro Shot||[still]
|-prepare|p2a: Archaludon|Electro Shot
|-boost|p2a: Archaludon|spa|1
|-enditem|p2a: Archaludon|Power Herb
|-anim|p2a: Archaludon|Electro Shot|p1a: Hakari
|-crit|p1a: Hakari
|-damage|p1a: Hakari|28/100
|move|p2b: Basculegion|Flip Turn|p1a: Hakari
|-damage|p1a: Hakari|0 fnt
|faint|p1a: Hakari
|
|t:|1756638058
|switch|p2b: Murkrow|Murkrow, L50, F|15/100|[from] Flip Turn
|
|upkeep
|
|t:|1756638060
|switch|p1a: Crescendo|Ursaluna, L50, M|24/100 brn
|turn|8
|inactive|WASHINGTONGARGACHA has 30 seconds left.
|
|t:|1756638090
|move|p1b: MUSTARDDD|Dire Claw|p2b: Murkrow
|-damage|p2b: Murkrow|0 fnt
|faint|p2b: Murkrow
|move|p2a: Archaludon|Flash Cannon|p1b: MUSTARDDD
|-damage|p1b: MUSTARDDD|12/100
|move|p1a: Crescendo|Headlong Rush|p2a: Archaludon
|-supereffective|p2a: Archaludon
|-damage|p2a: Archaludon|0 fnt
|-unboost|p1a: Crescendo|def|1
|-unboost|p1a: Crescendo|spd|1
|faint|p2a: Archaludon
|
|-damage|p1a: Crescendo|18/100 brn|[from] brn
|upkeep
|
|t:|1756638103
|switch|p2b: Basculegion|Basculegion, L50, M, tera:Water|3/100 psn
|turn|9
|
|t:|1756638107
|move|p1b: MUSTARDDD|Protect|p1b: MUSTARDDD
|-singleturn|p1b: MUSTARDDD|Protect
|move|p1a: Crescendo|Protect|p1a: Crescendo
|-singleturn|p1a: Crescendo|Protect
|move|p2b: Basculegion|Aqua Jet|p1b: MUSTARDDD
|-activate|p1b: MUSTARDDD|move: Protect
|
|-damage|p2b: Basculegion|0 fnt|[from] psn
|faint|p2b: Basculegion
|
|win|KrisKiwii
