|j|☆jyvjnn
|j|☆battle sim trainer
|html|jyvjnnbattle sim trainer    
|uhtml|bestof|Game 3 of a best-of-3
|t:|1783705120
|gametype|doubles
|player|p1|jyvjnn|265|1100
|player|p2|battle sim trainer|turo|1155
|gen|9
|tier|[Gen 9 Champions] VGC 2026 Reg M-B (Bo3)
|rated|
|rule|Species Clause: Limit one of each Pokémon
|rule|Item Clause: Limit 1 of each item
|clearpoke
|poke|p1|Charizard, L50, M|
|poke|p1|Venusaur, L50, M|
|poke|p1|Blastoise, L50, M|
|poke|p1|Torkoal, L50, M|
|poke|p1|Farigiraf, L50, M|
|poke|p1|Whimsicott, L50, M|
|poke|p2|Swampert, L50, F|
|poke|p2|Pelipper, L50, M|
|poke|p2|Archaludon, L50, F|
|poke|p2|Grimmsnarl, L50, M|
|poke|p2|Sinistcha, L50|
|poke|p2|Gallade, L50, M|
|teampreview|4
|showteam|p1|Charizard||CharizarditeY|SolarPower|WeatherBall,HeatWave,HelpingHand,Protect|Timid||M|||50|]Venusaur||LifeOrb|Chlorophyll|SolarBeam,SludgeBomb,EarthPower,Protect|Modest||M|||50|]Blastoise||Blastoisinite|Torrent|WaterSpout,WaterPulse,IceBeam,FakeOut|Quiet||M|||50|]Torkoal||Charcoal|Drought|Eruption,HeatWave,EarthPower,Protect|Quiet||M|||50|]Farigiraf||SitrusBerry|ArmorTail|Psychic,RainDance,HelpingHand,TrickRoom|Relaxed||M|||50|]Whimsicott||FocusSash|Prankster|Moonblast,Encore,Tailwind,Protect|Timid||M|||50|
|showteam|p2|Swampert||Swampertite|Damp|WaveCrash,Earthquake,IcePunch,Protect|Adamant||F|||50|]Pelipper||SitrusBerry|Drizzle|Hurricane,WeatherBall,Tailwind,Protect|Modest||M|||50|]Archaludon||Leftovers|Stamina|ElectroShot,DragonPulse,FlashCannon,Protect|Modest||F|||50|]Grimmsnarl||LightClay|Prankster|SpiritBreak,Reflect,LightScreen,PartingShot|Careful||M|||50|]Sinistcha||CobaBerry|Hospitality|LifeDew,MatchaGotcha,TrickRoom,RagePowder|Bold|||||50|]Gallade||Galladite|Sharpness|SwordsDance,PsychoCut,CloseCombat,HealPulse|Jolly||M|||50|
|inactive|Battle timer is ON: inactive players will automatically lose when time's up. (requested by battle sim trainer)
|
|t:|1783705186
|teamsize|p1|4
|teamsize|p2|4
|start
|switch|p1a: Charizard|Charizard, L50, M|100/100
|switch|p1b: Venusaur|Venusaur, L50, M|100/100
|switch|p2a: Swampert|Swampert, L50, F|100/100
|switch|p2b: Grimmsnarl|Grimmsnarl, L50, M|100/100
|turn|1
|
|t:|1783705202
|detailschange|p1a: Charizard|Charizard-Mega-Y, L50, M
|-mega|p1a: Charizard|Charizard|Charizardite Y
|-weather|SunnyDay|[from] ability: Drought|[of] p1a: Charizard
|move|p2a: Swampert|Protect|p2a: Swampert
|-singleturn|p2a: Swampert|Protect
|move|p2b: Grimmsnarl|Light Screen|p2b: Grimmsnarl
|-sidestart|p2: battle sim trainer|move: Light Screen
|move|p1b: Venusaur|Sludge Bomb|p2b: Grimmsnarl
|-supereffective|p2b: Grimmsnarl|1
|-damage|p2b: Grimmsnarl|33/100
|-damage|p1b: Venusaur|90/100|[from] item: Life Orb
|move|p1a: Charizard|Heat Wave|p2b: Grimmsnarl|[spread] p2b
|-activate|p2a: Swampert|move: Protect
|-damage|p2b: Grimmsnarl|0 fnt
|faint|p2b: Grimmsnarl
|
|-weather|SunnyDay|[upkeep]
|upkeep
|
|t:|1783705216
|switch|p2b: Pelipper|Pelipper, L50, M|100/100
|-weather|RainDance|[from] ability: Drizzle|[of] p2b: Pelipper
|turn|2
|
|t:|1783705235
|switch|p1a: Torkoal|Torkoal, L50, M|100/100
|-weather|SunnyDay|[from] ability: Drought|[of] p1a: Torkoal
|detailschange|p2a: Swampert|Swampert-Mega, L50, F
|-mega|p2a: Swampert|Swampert|Swampertite
|move|p1b: Venusaur|Solar Beam||[still]
|-prepare|p1b: Venusaur|Solar Beam
|-anim|p1b: Venusaur|Solar Beam|p2a: Swampert
|-supereffective|p2a: Swampert|2
|-damage|p2a: Swampert|0 fnt
|faint|p2a: Swampert
|-damage|p1b: Venusaur|80/100|[from] item: Life Orb
|move|p2b: Pelipper|Hurricane|p1b: Venusaur
|-supereffective|p1b: Venusaur|1
|-damage|p1b: Venusaur|0 fnt
|faint|p1b: Venusaur
|
|-weather|SunnyDay|[upkeep]
|upkeep
|
|t:|1783705251
|switch|p1b: Charizard|Charizard-Mega-Y, L50, M|100/100
|switch|p2a: Archaludon|Archaludon, L50, F|100/100
|turn|3
|c|☆battle sim trainer|i threw this away
|
|t:|1783705268
|move|p1b: Charizard|Heat Wave|p2b: Pelipper|[spread] p2a,p2b
|-resisted|p2b: Pelipper|1
|-crit|p2b: Pelipper
|-damage|p2a: Archaludon|55/100
|-damage|p2b: Pelipper|49/100
|-ability|p2a: Archaludon|Stamina|boost
|-boost|p2a: Archaludon|def|1
|-enditem|p2b: Pelipper|Sitrus Berry|[eat]
|-heal|p2b: Pelipper|74/100|[from] item: Sitrus Berry
|move|p2a: Archaludon|Electro Shot||[still]
|-prepare|p2a: Archaludon|Electro Shot
|-boost|p2a: Archaludon|spa|1
|move|p2b: Pelipper|Tailwind|p2b: Pelipper
|-sidestart|p2: battle sim trainer|move: Tailwind
|move|p1a: Torkoal|Heat Wave|p2a: Archaludon|[spread] p2a,p2b
|-resisted|p2b: Pelipper|1
|-damage|p2a: Archaludon|19/100
|-damage|p2b: Pelipper|55/100
|-ability|p2a: Archaludon|Stamina|boost
|-boost|p2a: Archaludon|def|1
|
|-weather|SunnyDay|[upkeep]
|-heal|p2a: Archaludon|25/100|[from] item: Leftovers
|upkeep
|turn|4
|
|t:|1783705286
|move|p1b: Charizard|Protect|p1b: Charizard
|-singleturn|p1b: Charizard|Protect
|move|p1a: Torkoal|Protect|p1a: Torkoal
|-singleturn|p1a: Torkoal|Protect
|move|p2a: Archaludon|Electro Shot|p1b: Charizard|[from] lockedmove
|-activate|p1b: Charizard|move: Protect
|move|p2b: Pelipper|Hurricane|p1a: Torkoal
|-activate|p1a: Torkoal|move: Protect
|
|-weather|SunnyDay|[upkeep]
|-heal|p2a: Archaludon|31/100|[from] item: Leftovers
|upkeep
|turn|5
|
|t:|1783705307
|move|p2a: Archaludon|Protect|p2a: Archaludon
|-singleturn|p2a: Archaludon|Protect
|move|p2b: Pelipper|Hurricane|p1b: Charizard|[miss]
|-miss|p2b: Pelipper|p1b: Charizard
|move|p1b: Charizard|Heat Wave|p2a: Archaludon|[spread] p2b
|-activate|p2a: Archaludon|move: Protect
|-resisted|p2b: Pelipper|1
|-damage|p2b: Pelipper|31/100
|move|p1a: Torkoal|Heat Wave|p2b: Pelipper|[spread] p2b
|-activate|p2a: Archaludon|move: Protect
|-resisted|p2b: Pelipper|1
|-damage|p2b: Pelipper|10/100
|
|-weather|SunnyDay|[upkeep]
|-heal|p2a: Archaludon|38/100|[from] item: Leftovers
|upkeep
|turn|6
|
|t:|1783705322
|move|p2a: Archaludon|Dragon Pulse|p1b: Charizard
|-damage|p1b: Charizard|41/100
|move|p2b: Pelipper|Weather Ball|p1b: Charizard
|-resisted|p1b: Charizard|1
|-damage|p1b: Charizard|24/100
|move|p1b: Charizard|Heat Wave|p2b: Pelipper|[spread] p2a,p2b
|-resisted|p2b: Pelipper|1
|-damage|p2a: Archaludon|0 fnt
|-damage|p2b: Pelipper|0 fnt
|faint|p2a: Archaludon
|faint|p2b: Pelipper
|
|win|jyvjnn
|raw|jyvjnn's rating: 1100 → 1129(+29 for winning)
|raw|battle sim trainer's rating: 1155 → 1126(-29 for losing)
