|j|☆SelvesterTheYAK
|j|☆lexerthanatauros
|html|SelvesterTheYAKlexerthanatauros    
|uhtml|bestof|Game 1 of a best-of-3
|t:|1756952627
|gametype|doubles
|player|p1|SelvesterTheYAK|265|1114
|player|p2|lexerthanatauros|lucas|1016
|gen|9
|tier|[Gen 9] VGC 2025 Reg H (Bo3)
|rated|
|rule|Species Clause: Limit one of each Pokémon
|rule|Item Clause: Limit 1 of each item
|clearpoke
|poke|p1|Tyranitar, L50, F|
|poke|p1|Garchomp, L50, M|
|poke|p1|Gholdengo, L50|
|poke|p1|Talonflame, L50, F|
|poke|p1|Amoonguss, L50, M|
|poke|p1|Milotic, L50, M|
|poke|p2|Blastoise, L50, M|
|poke|p2|Pelipper, L50, F|
|poke|p2|Baxcalibur, L50, F|
|poke|p2|Pachirisu, L50, M|
|poke|p2|Rillaboom, L50, M|
|poke|p2|Basculegion, L50, M|
|teampreview|4
|showteam|p1|Tyranitar||AssaultVest|SandStream|RockSlide,TeraBlast,KnockOff,LowKick|||F|||50|,,,,,Flying]Garchomp||LifeOrb|SandVeil|Protect,DragonClaw,StompingTantrum,Earthquake|||M|||50|,,,,,Steel]Gholdengo||MetalCoat|GoodasGold|MakeItRain,ShadowBall,Protect,NastyPlot||||||50|,,,,,Flying]Talonflame||CovertCloak|GaleWings|BraveBird,Tailwind,WillOWisp,Taunt|||F|||50|,,,,,Ghost]Amoonguss||SitrusBerry|Regenerator|Protect,Spore,RagePowder,PollenPuff|||M|||50|,,,,,Water]Milotic||SafetyGoggles|Competitive|Haze,Protect,IcyWind,Scald|||M|||50|,,,,,Dragon
|showteam|p2|Blastoise||MysticWater|Torrent|HydroCannon,WaterSpout,IcyWind,Protect|||M|||50|,,,,,Water]Pelipper||FocusSash|Drizzle|Hurricane,Tailwind,WideGuard,WeatherBall|||F|||50|,,,,,Ghost]Baxcalibur||LoadedDice|ThermalExchange|ScaleShot,IcicleSpear,GlaiveRush,Protect|||F|||50|,,,,,Dragon]Pachirisu||SitrusBerry|VoltAbsorb|SuperFang,Nuzzle,FollowMe,HelpingHand|||M|||50|,,,,,Water]Rillaboom||MiracleSeed|GrassySurge|FakeOut,GrassyGlide,WoodHammer,Protect|||M|||50|,,,,,Grass]Basculegion||ChoiceScarf|Adaptability|FlipTurn,WaveCrash,LastRespects,AquaJet|||M|||50|,,,,,Water
|inactive|Battle timer is ON: inactive players will automatically lose when time's up. (requested by lexerthanatauros)
|
|t:|1756952649
|teamsize|p1|4
|teamsize|p2|4
|start
|switch|p1a: Talonflame|Talonflame, L50, F|100/100
|switch|p1b: Gholdengo|Gholdengo, L50|100/100
|switch|p2a: Baxcalibur|Baxcalibur, L50, F|100/100
|switch|p2b: Pachirisu|Pachirisu, L50, M|100/100
|turn|1
|inactive|SelvesterTheYAK has 30 seconds left.
|inactive|SelvesterTheYAK has 20 seconds left.
|
|t:|1756952688
|-terastallize|p2a: Baxcalibur|Dragon
|move|p2b: Pachirisu|Follow Me|p2b: Pachirisu
|-singleturn|p2b: Pachirisu|move: Follow Me
|move|p1a: Talonflame|Tailwind|p1a: Talonflame
|-sidestart|p1: SelvesterTheYAK|move: Tailwind
|move|p1b: Gholdengo|Make It Rain|p2a: Baxcalibur|[spread] p2a,p2b
|-resisted|p2b: Pachirisu
|-damage|p2a: Baxcalibur|39/100
|-damage|p2b: Pachirisu|65/100
|-unboost|p1b: Gholdengo|spa|1
|move|p2a: Baxcalibur|Scale Shot|p1a: Talonflame
|-damage|p1a: Talonflame|79/100
|-crit|p1a: Talonflame
|-damage|p1a: Talonflame|43/100
|-damage|p1a: Talonflame|19/100
|-damage|p1a: Talonflame|0 fnt
|faint|p1a: Talonflame
|-hitcount|p1: Talonflame|4
|-unboost|p2a: Baxcalibur|def|1
|-boost|p2a: Baxcalibur|spe|1
|
|upkeep
|
|t:|1756952710
|switch|p1a: Garchomp|Garchomp, L50, M|100/100
|turn|2
|
|t:|1756952733
|move|p2b: Pachirisu|Helping Hand|p2a: Baxcalibur
|-singleturn|p2a: Baxcalibur|Helping Hand|[of] p2b: Pachirisu
|move|p1a: Garchomp|Dragon Claw|p2b: Pachirisu
|-damage|p2b: Pachirisu|8/100
|-enditem|p2b: Pachirisu|Sitrus Berry|[eat]
|-heal|p2b: Pachirisu|32/100|[from] item: Sitrus Berry
|-damage|p1a: Garchomp|91/100|[from] item: Life Orb
|move|p1b: Gholdengo|Shadow Ball|p2a: Baxcalibur
|-damage|p2a: Baxcalibur|9/100
|move|p2a: Baxcalibur|Glaive Rush|p1b: Gholdengo
|-resisted|p1b: Gholdengo
|-damage|p1b: Gholdengo|20/100
|-singlemove|p2a: Baxcalibur|Glaive Rush|[silent]
|
|upkeep
|turn|3
|inactive|SelvesterTheYAK has 30 seconds left.
|
|t:|1756952760
|-terastallize|p1b: Gholdengo|Flying
|move|p2a: Baxcalibur|Protect|p2a: Baxcalibur
|-singleturn|p2a: Baxcalibur|Protect
|move|p1a: Garchomp|Earthquake|p2b: Pachirisu|[spread] p2b
|-activate|p2a: Baxcalibur|move: Protect
|-immune|p1b: Gholdengo
|-supereffective|p2b: Pachirisu
|-damage|p2b: Pachirisu|0 fnt
|faint|p2b: Pachirisu
|-damage|p1a: Garchomp|81/100|[from] item: Life Orb
|move|p1b: Gholdengo|Nasty Plot|p1b: Gholdengo
|-boost|p1b: Gholdengo|spa|2
|
|upkeep
|
|t:|1756952770
|switch|p2b: Pelipper|Pelipper, L50, F|100/100
|-weather|RainDance|[from] ability: Drizzle|[of] p2b: Pelipper
|turn|4
|
|t:|1756952789
|move|p2b: Pelipper|Wide Guard|p2b: Pelipper
|-singleturn|p2b: Pelipper|Wide Guard
|move|p1a: Garchomp|Dragon Claw|p2a: Baxcalibur
|-supereffective|p2a: Baxcalibur
|-damage|p2a: Baxcalibur|0 fnt
|faint|p2a: Baxcalibur
|-damage|p1a: Garchomp|71/100|[from] item: Life Orb
|move|p1b: Gholdengo|Shadow Ball|p2b: Pelipper
|-enditem|p2b: Pelipper|Focus Sash
|-damage|p2b: Pelipper|1/100
|-unboost|p2b: Pelipper|spd|1
|
|-weather|RainDance|[upkeep]
|-sideend|p1: SelvesterTheYAK|move: Tailwind
|upkeep
|
|t:|1756952793
|switch|p2a: Blastoise|Blastoise, L50, M|100/100
|turn|5
|
|t:|1756952817
|move|p1a: Garchomp|Dragon Claw|p2b: Pelipper
|-damage|p2b: Pelipper|0 fnt
|faint|p2b: Pelipper
|-damage|p1a: Garchomp|61/100|[from] item: Life Orb
|move|p1b: Gholdengo|Shadow Ball|p2a: Blastoise
|-damage|p2a: Blastoise|39/100
|move|p2a: Blastoise|Icy Wind|p1b: Gholdengo|[spread] p1a
|-miss|p2a: Blastoise|p1b: Gholdengo
|-supereffective|p1a: Garchomp
|-damage|p1a: Garchomp|9/100
|-unboost|p1a: Garchomp|spe|1
|
|-weather|RainDance|[upkeep]
|upkeep
|turn|6
|
|t:|1756952833
|move|p1b: Gholdengo|Shadow Ball|p2a: Blastoise
|-damage|p2a: Blastoise|0 fnt
|faint|p2a: Blastoise
|
|win|SelvesterTheYAK
|l|☆lexerthanatauros
|player|p2|
||lexerthanatauros is ready for game 2.
||SelvesterTheYAK is ready for game 2.
|uhtml|next|Next: Game 2 of 3
