|j|☆Brummes
|j|☆The PWC Luigi
|html|BrummesThe PWC Luigi    
|uhtml|bestof|Game 3 of a best-of-3
|t:|1756903435
|gametype|doubles
|player|p1|Brummes|170|1084
|player|p2|The PWC Luigi|cheren-gen5bw2|1044
|gen|9
|tier|[Gen 9] VGC 2025 Reg H (Bo3)
|rated|
|rule|Species Clause: Limit one of each Pokémon
|rule|Item Clause: Limit 1 of each item
|clearpoke
|poke|p1|Azumarill, L50, M|
|poke|p1|Politoed, L50, F|
|poke|p1|Dragonite, L50, F|
|poke|p1|Clefairy, L50, M|
|poke|p1|Sinistcha, L50|
|poke|p1|Pawmot, L50, F|
|poke|p2|Tyranitar, L50, M|
|poke|p2|Excadrill, L50, F|
|poke|p2|Sinistcha-Masterpiece, L50|
|poke|p2|Salamence, L50, F|
|poke|p2|Blaziken, L50, M|
|poke|p2|Bruxish, L50, M|
|teampreview|4
|showteam|p1|Azumarill||SitrusBerry|HugePower|AquaJet,PlayRough,Protect,BellyDrum|||M|||50|,,,,,Water]Politoed||RindoBerry|Drizzle|MuddyWater,Protect,PerishSong,IceBeam|||F|||50|,,,,,Grass]Dragonite||ClearAmulet|Multiscale|DragonDance,DragonClaw,TeraBlast,Protect|||F|||50|,,,,,Flying]Clefairy||Eviolite|FriendGuard|FollowMe,Moonblast,LifeDew,Protect|||M|||50|,,,,,Steel]Sinistcha||CobaBerry|Hospitality|MatchaGotcha,RagePowder,TrickRoom,Protect||||||50|,,,,,Fire]Pawmot||AssaultVest|NaturalCure|CloseCombat,DoubleShock,FakeOut,Nuzzle|||F|||50|,,,,,Electric
|showteam|p2|Tyranitar||ClearAmulet|SandStream|RockSlide,KnockOff,DragonDance,Protect|||M|||50|,,,,,Grass]Excadrill||AssaultVest|SandRush|Earthquake,IronHead,HighHorsepower,RockSlide|||F|||50|,,,,,Ghost]Sinistcha-Masterpiece||SitrusBerry|Hospitality|ShadowBall,MatchaGotcha,RagePowder,Protect||||||50|,,,,,Dark]Salamence||LifeOrb|Intimidate|DracoMeteor,AirSlash,Protect,Tailwind|||F|||50|,,,,,Ghost]Blaziken||CovertCloak|SpeedBoost|AuraSphere,HeatWave,Coaching,WillOWisp|||M|||50|,,,,,Dragon]Bruxish||ChoiceScarf|Dazzling|PsychicFangs,WaveCrash,FlipTurn,SuperFang|||M|||50|,,,,,Water
|
|t:|1756903509
|teamsize|p1|4
|teamsize|p2|4
|start
|switch|p1a: Dragonite|Dragonite, L50, F|100/100
|switch|p1b: Pawmot|Pawmot, L50, F|100/100
|switch|p2a: Blaziken|Blaziken, L50, M|100/100
|switch|p2b: Excadrill|Excadrill, L50, F|100/100
|turn|1
|
|t:|1756903529
|-terastallize|p2b: Excadrill|Ghost
|-terastallize|p1a: Dragonite|Flying
|move|p1b: Pawmot|Close Combat|p2b: Excadrill
|-immune|p2b: Excadrill
|move|p2a: Blaziken|Will-O-Wisp|p1a: Dragonite|[miss]
|-miss|p2a: Blaziken|p1a: Dragonite
|move|p2b: Excadrill|High Horsepower|p1b: Pawmot
|-supereffective|p1b: Pawmot
|-damage|p1b: Pawmot|0 fnt
|faint|p1b: Pawmot
|move|p1a: Dragonite|Tera Blast|p2a: Blaziken|[anim] Tera Blast Flying
|-supereffective|p2a: Blaziken
|-damage|p2a: Blaziken|0 fnt
|faint|p2a: Blaziken
|
|upkeep
|
|t:|1756903549
|switch|p1b: Politoed|Politoed, L50, F|100/100
|switch|p2a: Salamence|Salamence, L50, F|100/100
|-ability|p2a: Salamence|Intimidate|boost
|-fail|p1a: Dragonite|unboost|[from] item: Clear Amulet|[of] p1a: Dragonite
|-unboost|p1b: Politoed|atk|1
|-weather|RainDance|[from] ability: Drizzle|[of] p1b: Politoed
|turn|2
|j| sandy ghost 5
|
|t:|1756903584
|switch|p2a: Tyranitar|Tyranitar, L50, M|100/100
|-weather|Sandstorm|[from] ability: Sand Stream|[of] p2a: Tyranitar
|move|p2b: Excadrill|Rock Slide|p1a: Dragonite|[spread] p1a,p1b
|-supereffective|p1a: Dragonite
|-damage|p1a: Dragonite|78/100
|-damage|p1b: Politoed|77/100
|move|p1a: Dragonite|Dragon Dance|p1a: Dragonite
|-boost|p1a: Dragonite|atk|1
|-boost|p1a: Dragonite|spe|1
|move|p1b: Politoed|Ice Beam|p2a: Tyranitar
|-damage|p2a: Tyranitar|85/100
|
|-weather|Sandstorm|[upkeep]
|-damage|p1a: Dragonite|72/100|[from] Sandstorm
|-damage|p1b: Politoed|71/100|[from] Sandstorm
|upkeep
|turn|3
|
|t:|1756903606
|switch|p1b: Sinistcha|Sinistcha, L50|100/100
|-heal|p1a: Dragonite|97/100|[from] ability: Hospitality|[of] p1b: Sinistcha
|move|p1a: Dragonite|Protect|p1a: Dragonite
|-singleturn|p1a: Dragonite|Protect
|move|p2b: Excadrill|Rock Slide|p1a: Dragonite|[spread] p1b
|-activate|p1a: Dragonite|move: Protect
|-damage|p1b: Sinistcha|83/100
|move|p2a: Tyranitar|Rock Slide|p1b: Sinistcha|[spread] p1b
|-activate|p1a: Dragonite|move: Protect
|-damage|p1b: Sinistcha|56/100
|
|-weather|Sandstorm|[upkeep]
|-damage|p1a: Dragonite|91/100|[from] Sandstorm
|-damage|p1b: Sinistcha|50/100|[from] Sandstorm
|upkeep
|turn|4
|
|t:|1756903629
|switch|p1b: Politoed|Politoed, L50, F|71/100
|-weather|RainDance|[from] ability: Drizzle|[of] p1b: Politoed
|move|p1a: Dragonite|Tera Blast|p2b: Excadrill|[anim] Tera Blast Flying
|-damage|p2b: Excadrill|0 fnt
|faint|p2b: Excadrill
|move|p2a: Tyranitar|Rock Slide|p1a: Dragonite|[spread] p1a,p1b
|-supereffective|p1a: Dragonite
|-damage|p1a: Dragonite|18/100
|-damage|p1b: Politoed|40/100
|
|-weather|RainDance|[upkeep]
|upkeep
|
|t:|1756903638
|switch|p2b: Salamence|Salamence, L50, F|100/100
|-ability|p2b: Salamence|Intimidate|boost
|-fail|p1a: Dragonite|unboost|[from] item: Clear Amulet|[of] p1a: Dragonite
|-unboost|p1b: Politoed|atk|1
|turn|5
|
|t:|1756903681
|switch|p1b: Sinistcha|Sinistcha, L50|50/100
|-heal|p1a: Dragonite|43/100|[from] ability: Hospitality|[of] p1b: Sinistcha
|move|p1a: Dragonite|Protect|p1a: Dragonite
|-singleturn|p1a: Dragonite|Protect
|move|p2b: Salamence|Protect|p2b: Salamence
|-singleturn|p2b: Salamence|Protect
|move|p2a: Tyranitar|Knock Off|p1b: Sinistcha
|-supereffective|p1b: Sinistcha
|-damage|p1b: Sinistcha|0 fnt
|-enditem|p1b: Sinistcha|Coba Berry|[from] move: Knock Off|[of] p2a: Tyranitar
|faint|p1b: Sinistcha
|
|-weather|RainDance|[upkeep]
|upkeep
|
|t:|1756903694
|switch|p1b: Politoed|Politoed, L50, F|40/100
|turn|6
|
|t:|1756903712
|move|p1a: Dragonite|Dragon Claw|p2b: Salamence
|-supereffective|p2b: Salamence
|-damage|p2b: Salamence|0 fnt
|faint|p2b: Salamence
|move|p2a: Tyranitar|Rock Slide|p1a: Dragonite|[spread] p1a,p1b
|-supereffective|p1a: Dragonite
|-damage|p1a: Dragonite|0 fnt
|-damage|p1b: Politoed|5/100
|faint|p1a: Dragonite
|move|p1b: Politoed|Muddy Water|p2a: Tyranitar
|-supereffective|p2a: Tyranitar
|-damage|p2a: Tyranitar|0 fnt
|faint|p2a: Tyranitar
|
|win|Brummes
|raw|Brummes's rating: 1084 → 1108(+24 for winning)
|raw|The PWC Luigi's rating: 1044 → 1029(-15 for losing)
|l|☆Brummes
|player|p1|
