|j|☆Picoti
|j|☆Furbyx
|html|PicotiFurbyx    
|uhtml|bestof|Game 1 of a best-of-3
|t:|1783091286
|gametype|doubles
|player|p1|Picoti|265|1078
|player|p2|Furbyx|2|1078
|gen|9
|tier|[Gen 9 Champions] VGC 2026 Reg M-B (Bo3)
|rated|
|rule|Species Clause: Limit one of each Pokémon
|rule|Item Clause: Limit 1 of each item
|clearpoke
|poke|p1|Blaziken, L50, F|
|poke|p1|Aerodactyl, L50, M|
|poke|p1|Kingambit, L50, M|
|poke|p1|Basculegion, L50, M|
|poke|p1|Sylveon, L50, M|
|poke|p1|Torkoal, L50, F|
|poke|p2|Pelipper, L50, M|
|poke|p2|Venusaur, L50, F|
|poke|p2|Archaludon, L50, F|
|poke|p2|Lycanroc-Dusk, L50, F|
|poke|p2|Swampert, L50, M|
|poke|p2|Hydreigon, L50, F|
|teampreview|4
|showteam|p1|Blaziken||Blazikenite|SpeedBoost|FlareBlitz,CloseCombat,Protect,RockSlide|Adamant||F|||50|]Aerodactyl||Aerodactylite|Unnerve|RockSlide,DualWingbeat,IceFang,Tailwind|Jolly||M|||50|]Kingambit||LifeOrb|Defiant|KowtowCleave,Protect,IronHead,SuckerPunch|Adamant||M|||50|]Basculegion||FocusSash|Adaptability|Liquidation,Protect,LastRespects,AquaJet|Adamant||M|||50|]Sylveon||FairyFeather|Pixilate|HyperVoice,Moonblast,QuickAttack,Protect|Modest||M|||50|]Torkoal||Leftovers|Drought|BurningJealousy,WeatherBall,Protect,Yawn|Relaxed||F|||50|
|showteam|p2|Pelipper||SitrusBerry|Drizzle|WeatherBall,Hurricane,ChillingWater,Tailwind|Modest||M|||50|]Venusaur||Venusaurite|Overgrow|Protect,EarthPower,SludgeBomb,GigaDrain|Modest||F|||50|]Archaludon||Leftovers|Stamina|Protect,ElectroShot,DragonPulse,FlashCannon|Modest||F|||50|]Lycanroc-Dusk||FocusSash|ToughClaws|Protect,RockSlide,CloseCombat,Accelerock|Adamant||F|||50|]Swampert||Swampertite|Torrent|Protect,WaveCrash,Earthquake,IcePunch|Adamant||M|||50|]Hydreigon||ChoiceScarf|Levitate|DracoMeteor,DarkPulse,Uturn,FireSpin|Modest||F|||50|
|inactive|Battle timer is ON: inactive players will automatically lose when time's up. (requested by Picoti)
|
|t:|1783091319
|teamsize|p1|4
|teamsize|p2|4
|start
|switch|p1a: Basculegion|Basculegion, L50, M|100/100
|switch|p1b: Kingambit|Kingambit, L50, M|100/100
|switch|p2a: Swampert|Swampert, L50, M|100/100
|switch|p2b: Hydreigon|Hydreigon, L50, F|100/100
|turn|1
|inactive|Picoti has 30 seconds left.
|
|t:|1783091345
|detailschange|p2a: Swampert|Swampert-Mega, L50, M
|-mega|p2a: Swampert|Swampert|Swampertite
|move|p1a: Basculegion|Protect|p1a: Basculegion
|-singleturn|p1a: Basculegion|Protect
|move|p2b: Hydreigon|U-turn|p1b: Kingambit
|-damage|p1b: Kingambit|88/100
|
|t:|1783091351
|switch|p2b: Pelipper|Pelipper, L50, M|100/100|[from] U-turn
|-weather|RainDance|[from] ability: Drizzle|[of] p2b: Pelipper
|move|p2a: Swampert|Earthquake|p1a: Basculegion|[spread] p1b
|-activate|p1a: Basculegion|move: Protect
|-immune|p2b: Pelipper
|-supereffective|p1b: Kingambit|1
|-damage|p1b: Kingambit|10/100
|move|p1b: Kingambit|Kowtow Cleave|p2a: Swampert
|-crit|p2a: Swampert
|-damage|p2a: Swampert|13/100
|-damage|p1b: Kingambit|1/100|[from] item: Life Orb
|
|-weather|RainDance|[upkeep]
|upkeep
|turn|2
|inactive|Furbyx has 30 seconds left.
|
|t:|1783091378
|move|p2a: Swampert|Protect|p2a: Swampert
|-singleturn|p2a: Swampert|Protect
|move|p1a: Basculegion|Aqua Jet|p2a: Swampert
|-activate|p2a: Swampert|move: Protect
|move|p1b: Kingambit|Sucker Punch|p2b: Pelipper
|-damage|p2b: Pelipper|47/100
|-enditem|p2b: Pelipper|Sitrus Berry|[eat]
|-heal|p2b: Pelipper|72/100|[from] item: Sitrus Berry
|-damage|p1b: Kingambit|0 fnt|[from] item: Life Orb
|faint|p1b: Kingambit
|move|p2b: Pelipper|Chilling Water|p1a: Basculegion
|-resisted|p1a: Basculegion|1
|-damage|p1a: Basculegion|84/100
|-unboost|p1a: Basculegion|atk|1
|
|-weather|RainDance|[upkeep]
|upkeep
|
|t:|1783091384
|switch|p1b: Torkoal|Torkoal, L50, F|100/100
|-weather|SunnyDay|[from] ability: Drought|[of] p1b: Torkoal
|turn|3
|inactive|Furbyx has 30 seconds left.
|
|t:|1783091412
|switch|p2a: Hydreigon|Hydreigon, L50, F|100/100
|switch|p2b: Archaludon|Archaludon, L50, F|100/100
|move|p1a: Basculegion|Last Respects|p2b: Archaludon
|-damage|p2b: Archaludon|62/100
|-ability|p2b: Archaludon|Stamina|boost
|-boost|p2b: Archaludon|def|1
|move|p1b: Torkoal|Burning Jealousy|p2a: Hydreigon|[spread] p2a,p2b
|-resisted|p2a: Hydreigon|1
|-damage|p2a: Hydreigon|83/100
|-damage|p2b: Archaludon|37/100
|-status|p2b: Archaludon|brn
|-ability|p2b: Archaludon|Stamina|boost
|-boost|p2b: Archaludon|def|1
|
|-weather|SunnyDay|[upkeep]
|-heal|p2b: Archaludon|43/100 brn|[from] item: Leftovers
|-damage|p2b: Archaludon|37/100 brn|[from] brn
|upkeep
|turn|4
|inactive|Picoti has 30 seconds left.
|inactive|Furbyx has 30 seconds left.
|
|t:|1783091443
|move|p2a: Hydreigon|U-turn|p1b: Torkoal
|-resisted|p1b: Torkoal|1
|-damage|p1b: Torkoal|94/100
|
|t:|1783091446
|switch|p2a: Pelipper|Pelipper, L50, M|72/100|[from] U-turn
|-weather|RainDance|[from] ability: Drizzle|[of] p2a: Pelipper
|move|p1a: Basculegion|Last Respects|p2b: Archaludon
|-damage|p2b: Archaludon|20/100y brn
|-ability|p2b: Archaludon|Stamina|boost
|-boost|p2b: Archaludon|def|1
|move|p2b: Archaludon|Electro Shot||[still]
|-prepare|p2b: Archaludon|Electro Shot
|-boost|p2b: Archaludon|spa|1
|-anim|p2b: Archaludon|Electro Shot|p1a: Basculegion
|-supereffective|p1a: Basculegion|1
|-damage|p1a: Basculegion|0 fnt
|faint|p1a: Basculegion
|move|p1b: Torkoal|Yawn|p2a: Pelipper
|-start|p2a: Pelipper|move: Yawn|[of] p1b: Torkoal
|
|-weather|RainDance|[upkeep]
|-heal|p2b: Archaludon|27/100 brn|[from] item: Leftovers
|-heal|p1b: Torkoal|100/100|[from] item: Leftovers
|-damage|p2b: Archaludon|20/100y brn|[from] brn
|upkeep
|
|t:|1783091463
|switch|p1a: Blaziken|Blaziken, L50, F|100/100
|turn|5
|
|t:|1783091481
|detailschange|p1a: Blaziken|Blaziken-Mega, L50, F
|-mega|p1a: Blaziken|Blaziken|Blazikenite
|move|p1a: Blaziken|Protect|p1a: Blaziken
|-singleturn|p1a: Blaziken|Protect
|move|p2b: Archaludon|Electro Shot||[still]
|-prepare|p2b: Archaludon|Electro Shot
|-boost|p2b: Archaludon|spa|1
|-anim|p2b: Archaludon|Electro Shot|p1b: Torkoal
|-damage|p1b: Torkoal|12/100
|move|p2a: Pelipper|Hurricane|p1a: Blaziken
|-activate|p1a: Blaziken|move: Protect
|move|p1b: Torkoal|Weather Ball|p2b: Archaludon
|-resisted|p2b: Archaludon|1
|-damage|p2b: Archaludon|4/100 brn
|-ability|p2b: Archaludon|Stamina|boost
|-boost|p2b: Archaludon|def|1
|
|-weather|RainDance|[upkeep]
|-heal|p2b: Archaludon|10/100 brn|[from] item: Leftovers
|-heal|p1b: Torkoal|18/100|[from] item: Leftovers
|-damage|p2b: Archaludon|4/100 brn|[from] brn
|-end|p2a: Pelipper|move: Yawn|[silent]
|-status|p2a: Pelipper|slp
|-ability|p1a: Blaziken|Speed Boost|boost
|-boost|p1a: Blaziken|spe|1
|upkeep
|turn|6
|inactive|Picoti has 30 seconds left.
|inactive|Furbyx has 30 seconds left.
|
|t:|1783091514
|move|p1a: Blaziken|Rock Slide|p2b: Archaludon|[spread] p2a,p2b
|-supereffective|p2a: Pelipper|1
|-resisted|p2b: Archaludon|1
|-damage|p2a: Pelipper|22/100 slp
|-damage|p2b: Archaludon|1/100 brn
|-ability|p2b: Archaludon|Stamina|boost
|-boost|p2b: Archaludon|def|1
|cant|p2b: Archaludon|flinch
|cant|p2a: Pelipper|slp
|move|p1b: Torkoal|Weather Ball|p2a: Pelipper
|-resisted|p2a: Pelipper|1
|-damage|p2a: Pelipper|2/100 slp
|
|-weather|RainDance|[upkeep]
|-heal|p2b: Archaludon|7/100 brn|[from] item: Leftovers
|-heal|p1b: Torkoal|25/100|[from] item: Leftovers
|-damage|p2b: Archaludon|1/100 brn|[from] brn
|-ability|p1a: Blaziken|Speed Boost|boost
|-boost|p1a: Blaziken|spe|1
|upkeep
|turn|7
|
|t:|1783091532
|move|p1a: Blaziken|Rock Slide|p2a: Pelipper|[spread] p2a,p2b
|-supereffective|p2a: Pelipper|1
|-resisted|p2b: Archaludon|1
|-damage|p2a: Pelipper|0 fnt
|-damage|p2b: Archaludon|0 fnt
|faint|p2a: Pelipper
|faint|p2b: Archaludon
|move|p1b: Torkoal|Burning Jealousy|p2: Pelipper|[notarget]
|-fail|p1b: Torkoal
|
|-weather|RainDance|[upkeep]
|-heal|p1b: Torkoal|31/100|[from] item: Leftovers
|-ability|p1a: Blaziken|Speed Boost|boost
|-boost|p1a: Blaziken|spe|1
|upkeep
|
|t:|1783091542
|switch|p2b: Hydreigon|Hydreigon, L50, F|83/100
|switch|p2a: Swampert|Swampert-Mega, L50, M|13/100
|turn|8
|
|t:|1783091553
|move|p1a: Blaziken|Close Combat|p2b: Hydreigon
|-supereffective|p2b: Hydreigon|1
|-damage|p2b: Hydreigon|0 fnt
|-unboost|p1a: Blaziken|def|1
|-unboost|p1a: Blaziken|spd|1
|faint|p2b: Hydreigon
|move|p2a: Swampert|Earthquake|p1b: Torkoal|[spread] p1a,p1b
|-supereffective|p1a: Blaziken|1
|-supereffective|p1b: Torkoal|1
|-damage|p1a: Blaziken|0 fnt
|-damage|p1b: Torkoal|0 fnt
|faint|p1a: Blaziken
|faint|p1b: Torkoal
|
|win|Furbyx
|l|☆Picoti
|player|p1|
|inactive|Picoti has 30 seconds to confirm battle start!
|inactive|Furbyx has 30 seconds to confirm battle start!
