|j|☆FastForwardMyGame
|j|☆mechabicho_14
|html|FastForwardMyGamemechabicho_14    
|uhtml|bestof|Game 1 of a best-of-3
|t:|1757811718
|gametype|doubles
|player|p1|FastForwardMyGame|cyclist|1107
|player|p2|mechabicho_14|169|1174
|gen|9
|tier|[Gen 9] VGC 2025 Reg H (Bo3)
|rated|
|rule|Species Clause: Limit one of each Pokémon
|rule|Item Clause: Limit 1 of each item
|clearpoke
|poke|p1|Hatterene, L50, F|
|poke|p1|Sunflora, L50, F|
|poke|p1|Indeedee-F, L50, F|
|poke|p1|Torkoal, L50, M|
|poke|p1|Gallade, L50, M|
|poke|p1|Ursaluna, L50, M|
|poke|p2|Armarouge, L50, M|
|poke|p2|Kingambit, L50, M|
|poke|p2|Sneasler, L50, F|
|poke|p2|Ursaluna, L50, F|
|poke|p2|Dragonite, L50, M|
|poke|p2|Indeedee-F, L50, F|
|teampreview|4
|showteam|p1|Hatterene||CovertCloak|MagicBounce|TrickRoom,ExpandingForce,DazzlingGleam,Protect|||F|||50|,,,,,Water]Sunflora||LifeOrb|SolarPower|EarthPower,WeatherBall,EnergyBall,Protect|||F|||50|,,,,,Fire]Indeedee-F||EjectButton|PsychicSurge|FollowMe,HelpingHand,TrickRoom,TeraBlast|||F|||50|,,,,,Dark]Torkoal||EjectPack|Drought|Eruption,HelpingHand,SunnyDay,Overheat|||M|||50|,,,,,Grass]Gallade||PsychicSeed|Sharpness|TrickRoom,SacredSword,PsychoCut,WideGuard|||M|||50|,,,,,Fire]Ursaluna||FlameOrb|Guts|Facade,HeadlongRush,Protect,Crunch|||M|||50|,,,,,Ghost
|showteam|p2|Armarouge||PowerLens|FlashFire|Protect,ArmorCannon,TrickRoom,ExpandingForce|||M|||50|,,,,,Grass]Kingambit||AssaultVest|Defiant|IronHead,SuckerPunch,KowtowCleave,TeraBlast|||M|||50|,,,,,Fairy]Sneasler||FocusSash|PoisonTouch|FakeOut,DireClaw,CloseCombat,Coaching|||F|||50|,,,,,Ghost]Ursaluna||FlameOrb|Guts|Protect,HeadlongRush,Earthquake,Facade|||F|||50|,,,,,Ghost]Dragonite||LoadedDice|Multiscale|Protect,Haze,ScaleShot,Tailwind|||M|||50|,,,,,Fairy]Indeedee-F||SafetyGoggles|PsychicSurge|Psychic,HelpingHand,TrickRoom,FollowMe|||F|||50|,,,,,Fairy
|inactive|Battle timer is ON: inactive players will automatically lose when time's up. (requested by FastForwardMyGame)
|inactive|FastForwardMyGame has 60 seconds left.
|inactive|mechabicho_14 has 60 seconds left.
|
|t:|1757811780
|teamsize|p1|4
|teamsize|p2|4
|start
|switch|p1a: Goatllade|Gallade, L50, M, shiny|100/100
|switch|p1b: Amiable|Indeedee-F, L50, F|100/100
|switch|p2a: Sneasler|Sneasler, L50, F|100/100
|switch|p2b: Ursaluna|Ursaluna, L50, F|100/100
|-fieldstart|move: Psychic Terrain|[from] ability: Psychic Surge|[of] p1b: Amiable
|-enditem|p1a: Goatllade|Psychic Seed
|-boost|p1a: Goatllade|spd|1|[from] item: Psychic Seed
|turn|1
|
|t:|1757811798
|-terastallize|p2b: Ursaluna|Ghost
|move|p1b: Amiable|Follow Me|p1b: Amiable
|-singleturn|p1b: Amiable|move: Follow Me
|move|p2a: Sneasler|Coaching|p2b: Ursaluna
|-boost|p2b: Ursaluna|atk|1
|-boost|p2b: Ursaluna|def|1
|move|p2b: Ursaluna|Facade|p1b: Amiable
|-damage|p1b: Amiable|42/100
|-enditem|p1b: Amiable|Eject Button
|
|t:|1757811808
|switch|p1b: Anger|Torkoal, L50, M|100/100
|-weather|SunnyDay|[from] ability: Drought|[of] p1b: Anger
|move|p1a: Goatllade|Trick Room|p1a: Goatllade
|-fieldstart|move: Trick Room|[of] p1a: Goatllade
|
|-weather|SunnyDay|[upkeep]
|-status|p2b: Ursaluna|brn|[from] item: Flame Orb
|upkeep
|turn|2
|
|t:|1757811830
|switch|p2b: Armarouge|Armarouge, L50, M|100/100
|move|p1a: Goatllade|Wide Guard|p1a: Goatllade
|-singleturn|p1a: Goatllade|Wide Guard
|move|p1b: Anger|Eruption|p2a: Sneasler|[spread] p2a
|-start|p2b: Armarouge|ability: Flash Fire
|-damage|p2a: Sneasler|2/100
|move|p2a: Sneasler|Dire Claw|p1a: Goatllade
|-damage|p1a: Goatllade|41/100
|-status|p1a: Goatllade|slp
|
|-weather|SunnyDay|[upkeep]
|upkeep
|turn|3
|inactive|FastForwardMyGame has 30 seconds left.
|
|t:|1757811864
|cant|p1a: Goatllade|slp
|move|p1b: Anger|Overheat|p2a: Sneasler
|-damage|p2a: Sneasler|0 fnt
|-unboost|p1b: Anger|spa|2
|faint|p2a: Sneasler
|-enditem|p1b: Anger|Eject Pack
|
|t:|1757811870
|switch|p1b: Amiable|Indeedee-F, L50, F|42/100
|move|p2b: Armarouge|Expanding Force|p1a: Goatllade|[spread] p1a,p1b
|-resisted|p1b: Amiable
|-damage|p1a: Goatllade|5/100 slp
|-damage|p1b: Amiable|10/100
|
|-weather|SunnyDay|[upkeep]
|upkeep
|
|t:|1757811875
|switch|p2a: Ursaluna|Ursaluna, L50, F, tera:Ghost|100/100 brn
|turn|4
|
|t:|1757811900
|-terastallize|p1b: Amiable|Dark
|cant|p1a: Goatllade|slp
|move|p2b: Armarouge|Expanding Force|p1b: Amiable|[spread] p1a
|-immune|p1b: Amiable
|-damage|p1a: Goatllade|0 fnt
|faint|p1a: Goatllade
|move|p2a: Ursaluna|Facade|p1b: Amiable
|-damage|p1b: Amiable|0 fnt
|faint|p1b: Amiable
|
|-weather|SunnyDay|[upkeep]
|-damage|p2a: Ursaluna|95/100 brn|[from] brn
|upkeep
|
|t:|1757811908
|switch|p1b: Goatflora|Sunflora, L50, F|100/100
|switch|p1a: Anger|Torkoal, L50, M|100/100
|turn|5
|j| redshoes7
|
|t:|1757811923
|move|p1a: Anger|Eruption|p2a: Ursaluna|[spread] p2a
|-immune|p2b: Armarouge|[from] ability: Flash Fire
|-damage|p2a: Ursaluna|32/100 brn
|move|p1b: Goatflora|Earth Power|p2b: Armarouge
|-supereffective|p2b: Armarouge
|-damage|p2b: Armarouge|0 fnt
|faint|p2b: Armarouge
|-damage|p1b: Goatflora|91/100|[from] item: Life Orb
|move|p2a: Ursaluna|Facade|p1b: Goatflora
|-damage|p1b: Goatflora|0 fnt
|faint|p1b: Goatflora
|
|-weather|none
|-damage|p2a: Ursaluna|26/100 brn|[from] brn
|-fieldend|move: Trick Room
|-fieldend|move: Psychic Terrain
|upkeep
|
|t:|1757811932
|switch|p2b: Indeedee|Indeedee-F, L50, F|100/100
|-fieldstart|move: Psychic Terrain|[from] ability: Psychic Surge|[of] p2b: Indeedee
|turn|6
|
|t:|1757811937
|move|p2b: Indeedee|Psychic|p1a: Anger
|-damage|p1a: Anger|46/100
|move|p2a: Ursaluna|Headlong Rush|p1a: Anger
|-supereffective|p1a: Anger
|-damage|p1a: Anger|0 fnt
|-unboost|p2a: Ursaluna|def|1
|-unboost|p2a: Ursaluna|spd|1
|faint|p1a: Anger
|
|win|mechabicho_14
||FastForwardMyGame is ready for game 2.
||mechabicho_14 is ready for game 2.
|uhtml|next|Next: Game 2 of 3
|l| redshoes7
|l|☆mechabicho_14
|player|p2|
