|j|☆new mental
|j|☆vilan333
|html|new mentalvilan333    
|uhtml|bestof|Game 1 of a best-of-3
|t:|1786040391
|gametype|doubles
|player|p1|new mental|volkner|1298
|player|p2|vilan333|marshal|1306
|gen|9
|tier|[Gen 9 Champions] VGC 2026 Reg M-B (Bo3)
|rated|
|rule|Species Clause: Limit one of each Pokémon
|rule|Item Clause: Limit 1 of each item
|clearpoke
|poke|p1|Charizard, L50, F|
|poke|p1|Garchomp, L50, M|
|poke|p1|Incineroar, L50, M|
|poke|p1|Venusaur, L50, F|
|poke|p1|Toxapex, L50, M|
|poke|p1|Sylveon, L50, F|
|poke|p2|Tyranitar, L50, M, shiny|
|poke|p2|Excadrill, L50, F|
|poke|p2|Floette-Eternal, L50, F|
|poke|p2|Whimsicott, L50, F|
|poke|p2|Incineroar, L50, M|
|poke|p2|Sinistcha, L50|
|teampreview|4
|showteam|p1|Charizard||CharizarditeY|Blaze|WeatherBall,HeatWave,AncientPower,Protect|Modest||F|||50|]Garchomp||ChoiceScarf|RoughSkin|RockSlide,DragonClaw,Earthquake,StompingTantrum|Adamant||M|||50|]Incineroar||SitrusBerry|Intimidate|FlareBlitz,FakeOut,DarkestLariat,PartingShot|Impish||M|||50|]Venusaur||LifeOrb|Chlorophyll|SludgeBomb,LeafStorm,EarthPower,Protect|Modest||F|||50|]Toxapex||Leftovers|Regenerator|Infestation,Toxic,WideGuard,BanefulBunker|Bold||M|||50|]Sylveon||FairyFeather|Pixilate|HyperVoice,QuickAttack,Yawn,Detect|Modest||F|||50|
|showteam|p2|Tyranitar||FocusSash|SandStream|Protect,RockSlide,KnockOff,LowKick|Adamant||M|||50|]Excadrill||LifeOrb|SandRush|RockSlide,Protect,IronHead,Earthquake|Adamant||F|||50|]Floette-Eternal||Floettite|FlowerVeil|Protect,Moonblast,DazzlingGleam,CalmMind|Modest||F|||50|]Whimsicott||OccaBerry|Prankster|Moonblast,Encore,Tailwind,Protect|Calm||F|||50|]Incineroar||SitrusBerry|Intimidate|PartingShot,FakeOut,FlareBlitz,HelpingHand|Adamant||M|||50|]Sinistcha||Leftovers|Hospitality|ShadowBall,RagePowder,TrickRoom,Protect|Calm|||||50|
|inactive|Battle timer is ON: inactive players will automatically lose when time's up. (requested by new mental)
|
|t:|1786040423
|teamsize|p1|4
|teamsize|p2|4
|start
|switch|p1a: Toxapex|Toxapex, L50, M|100/100
|switch|p1b: Charizard|Charizard, L50, F|100/100
|switch|p2a: Floette|Floette-Eternal, L50, F|100/100
|switch|p2b: Incineroar|Incineroar, L50, M|100/100
|-ability|p2b: Incineroar|Intimidate|boost
|-unboost|p1a: Toxapex|atk|1
|-unboost|p1b: Charizard|atk|1
|turn|1
|
|t:|1786040444
|detailschange|p1b: Charizard|Charizard-Mega-Y, L50, F
|-mega|p1b: Charizard|Charizard|Charizardite Y
|-weather|SunnyDay|[from] ability: Drought|[of] p1b: Charizard
|detailschange|p2a: Floette|Floette-Mega, L50, F
|-mega|p2a: Floette|Floette|Floettite
|-ability|p2a: Floette|Fairy Aura
|move|p2b: Incineroar|Fake Out|p1b: Charizard
|-damage|p1b: Charizard|86/100
|move|p2a: Floette|Calm Mind|p2a: Floette
|-boost|p2a: Floette|spa|1
|-boost|p2a: Floette|spd|1
|cant|p1b: Charizard|flinch
|move|p1a: Toxapex|Toxic|p2b: Incineroar
|-status|p2b: Incineroar|tox
|
|-weather|SunnyDay|[upkeep]
|-damage|p2b: Incineroar|94/100 tox|[from] psn
|upkeep
|turn|2
|inactive|vilan333 has 30 seconds left.
|
|t:|1786040470
|move|p2b: Incineroar|Helping Hand|p2a: Floette
|-singleturn|p2a: Floette|Helping Hand|[of] p2b: Incineroar
|move|p1b: Charizard|Protect|p1b: Charizard
|-singleturn|p1b: Charizard|Protect
|move|p1a: Toxapex|Baneful Bunker|p1a: Toxapex
|-singleturn|p1a: Toxapex|move: Protect
|move|p2a: Floette|Moonblast|p1b: Charizard
|-activate|p1b: Charizard|move: Protect
|
|-weather|SunnyDay|[upkeep]
|-damage|p2b: Incineroar|82/100 tox|[from] psn
|upkeep
|turn|3
|inactive|vilan333 has 30 seconds left.
|
|t:|1786040496
|move|p2a: Floette|Moonblast|p1b: Charizard
|-resisted|p1b: Charizard|1
|-damage|p1b: Charizard|36/100
|move|p1b: Charizard|Weather Ball|p2a: Floette
|-damage|p2a: Floette|58/100
|move|p2b: Incineroar|Parting Shot|p1b: Charizard
|-unboost|p1b: Charizard|atk|1
|-unboost|p1b: Charizard|spa|1
|
|t:|1786040508
|switch|p2b: Excadrill|Excadrill, L50, F|100/100|[from] Parting Shot
|move|p1a: Toxapex|Toxic|p2a: Floette
|-status|p2a: Floette|tox
|
|-weather|SunnyDay|[upkeep]
|-damage|p2a: Floette|52/100 tox|[from] psn
|upkeep
|turn|4
|
|t:|1786040521
|switch|p1b: Incineroar|Incineroar, L50, M|100/100
|-ability|p1b: Incineroar|Intimidate|boost
|-unboost|p2a: Floette|atk|1
|-unboost|p2b: Excadrill|atk|1
|move|p1a: Toxapex|Baneful Bunker|p1a: Toxapex
|-singleturn|p1a: Toxapex|move: Protect
|move|p2a: Floette|Moonblast|p1b: Incineroar
|-damage|p1b: Incineroar|3/100
|-enditem|p1b: Incineroar|Sitrus Berry|[eat]
|-heal|p1b: Incineroar|28/100|[from] item: Sitrus Berry
|move|p2b: Excadrill|Iron Head|p1a: Toxapex
|-activate|p1a: Toxapex|move: Protect
|
|-weather|SunnyDay|[upkeep]
|-damage|p2a: Floette|41/100 tox|[from] psn
|upkeep
|turn|5
|inactive|vilan333 has 30 seconds left.
|inactive|vilan333 has 20 seconds left.
|
|t:|1786040557
|switch|p2b: Incineroar|Incineroar, L50, M|82/100 tox
|-ability|p2b: Incineroar|Intimidate|boost
|-unboost|p1a: Toxapex|atk|1
|-unboost|p1b: Incineroar|atk|1
|move|p1b: Incineroar|Fake Out|p2a: Floette
|-damage|p2a: Floette|33/100 tox
|cant|p2a: Floette|flinch
|move|p1a: Toxapex|Infestation|p2b: Incineroar
|-damage|p2b: Incineroar|79/100 tox
|-activate|p2b: Incineroar|move: Infestation|[of] p1a: Toxapex
|
|-weather|none
|-damage|p2a: Floette|16/100 tox|[from] psn
|-damage|p2b: Incineroar|73/100 tox|[from] psn
|-damage|p2b: Incineroar|61/100 tox|[from] move: Infestation|[partiallytrapped]
|upkeep
|turn|6
|
|t:|1786040581
|move|p1a: Toxapex|Baneful Bunker|p1a: Toxapex
|-singleturn|p1a: Toxapex|move: Protect
|move|p2a: Floette|Dazzling Gleam|p1b: Incineroar|[spread] p1b
|-activate|p1a: Toxapex|move: Protect
|-damage|p1b: Incineroar|0 fnt
|faint|p1b: Incineroar
|move|p2b: Incineroar|Parting Shot|p1a: Toxapex
|-activate|p1a: Toxapex|move: Protect
|
|-damage|p2a: Floette|0 fnt|[from] psn
|faint|p2a: Floette
|-damage|p2b: Incineroar|49/100 tox|[from] psn
|-damage|p2b: Incineroar|36/100 tox|[from] move: Infestation|[partiallytrapped]
|upkeep
|-enditem|p2b: Incineroar|Sitrus Berry|[eat]
|-heal|p2b: Incineroar|61/100 tox|[from] item: Sitrus Berry
|
|t:|1786040598
|switch|p2a: Excadrill|Excadrill, L50, F|100/100
|switch|p1b: Charizard|Charizard-Mega-Y, L50, F|36/100
|-weather|SunnyDay|[from] ability: Drought|[of] p1b: Charizard
|turn|7
|
|t:|1786040608
|move|p1b: Charizard|Protect|p1b: Charizard
|-singleturn|p1b: Charizard|Protect
|move|p2a: Excadrill|Protect|p2a: Excadrill
|-singleturn|p2a: Excadrill|Protect
|move|p2b: Incineroar|Parting Shot|p1a: Toxapex
|-unboost|p1a: Toxapex|atk|1
|-unboost|p1a: Toxapex|spa|1
|
|t:|1786040615
|switch|p2b: Tyranitar|Tyranitar, L50, M, shiny|100/100|[from] Parting Shot
|-weather|Sandstorm|[from] ability: Sand Stream|[of] p2b: Tyranitar
|move|p1a: Toxapex|Infestation|p2a: Excadrill
|-activate|p2a: Excadrill|move: Protect
|
|-weather|Sandstorm|[upkeep]
|-damage|p1b: Charizard|30/100|[from] Sandstorm
|-damage|p1a: Toxapex|94/100|[from] Sandstorm
|-heal|p1a: Toxapex|100/100|[from] item: Leftovers
|upkeep
|turn|8
|inactive|vilan333 has 30 seconds left.
|
|t:|1786040641
|switch|p1b: Venusaur|Venusaur, L50, F|100/100
|move|p2a: Excadrill|Rock Slide|p1b: Venusaur|[spread] p1a,p1b
|-damage|p1a: Toxapex|82/100
|-damage|p1b: Venusaur|60/100
|-damage|p2a: Excadrill|90/100|[from] item: Life Orb
|move|p2b: Tyranitar|Knock Off|p1b: Venusaur
|-damage|p1b: Venusaur|0 fnt
|-enditem|p1b: Venusaur|Life Orb|[from] move: Knock Off|[of] p2b: Tyranitar
|faint|p1b: Venusaur
|move|p1a: Toxapex|Toxic|p2b: Tyranitar
|-status|p2b: Tyranitar|tox
|
|-weather|Sandstorm|[upkeep]
|-damage|p1a: Toxapex|77/100|[from] Sandstorm
|-heal|p1a: Toxapex|82/100|[from] item: Leftovers
|-damage|p2b: Tyranitar|94/100 tox|[from] psn
|upkeep
|
|t:|1786040648
|switch|p1b: Charizard|Charizard-Mega-Y, L50, F|30/100
|-weather|SunnyDay|[from] ability: Drought|[of] p1b: Charizard
|turn|9
|
|t:|1786040669
|switch|p2b: Incineroar|Incineroar, L50, M|61/100 tox
|-ability|p2b: Incineroar|Intimidate|boost
|-unboost|p1a: Toxapex|atk|1
|-unboost|p1b: Charizard|atk|1
|move|p2a: Excadrill|Protect|p2a: Excadrill
|-singleturn|p2a: Excadrill|Protect
|move|p1b: Charizard|Weather Ball|p2a: Excadrill
|-activate|p2a: Excadrill|move: Protect
|move|p1a: Toxapex|Infestation|p2b: Incineroar
|-damage|p2b: Incineroar|59/100 tox
|-activate|p2b: Incineroar|move: Infestation|[of] p1a: Toxapex
|
|-weather|SunnyDay|[upkeep]
|-heal|p1a: Toxapex|88/100|[from] item: Leftovers
|-damage|p2b: Incineroar|53/100 tox|[from] psn
|-damage|p2b: Incineroar|41/100 tox|[from] move: Infestation|[partiallytrapped]
|upkeep
|turn|10
|inactive|vilan333 has 30 seconds left.
|
|t:|1786040704
|move|p1b: Charizard|Protect|p1b: Charizard
|-singleturn|p1b: Charizard|Protect
|move|p2a: Excadrill|Protect|p2a: Excadrill
|-singleturn|p2a: Excadrill|Protect
|move|p2b: Incineroar|Parting Shot|p1b: Charizard
|-activate|p1b: Charizard|move: Protect
|move|p1a: Toxapex|Infestation|p2a: Excadrill
|-activate|p2a: Excadrill|move: Protect
|
|-weather|SunnyDay|[upkeep]
|-heal|p1a: Toxapex|94/100|[from] item: Leftovers
|-damage|p2b: Incineroar|29/100 tox|[from] psn
|-damage|p2b: Incineroar|16/100 tox|[from] move: Infestation|[partiallytrapped]
|upkeep
|turn|11
|
|t:|1786040722
|switch|p2a: Tyranitar|Tyranitar, L50, M, shiny|94/100 tox
|-weather|Sandstorm|[from] ability: Sand Stream|[of] p2a: Tyranitar
|move|p1b: Charizard|Heat Wave|p2a: Tyranitar|[spread] p2a,p2b
|-resisted|p2a: Tyranitar|1
|-resisted|p2b: Incineroar|1
|-damage|p2a: Tyranitar|78/100 tox
|-damage|p2b: Incineroar|0 fnt
|faint|p2b: Incineroar
|move|p1a: Toxapex|Infestation|p2a: Tyranitar
|-supereffective|p2a: Tyranitar|1
|-damage|p2a: Tyranitar|75/100 tox
|-activate|p2a: Tyranitar|move: Infestation|[of] p1a: Toxapex
|
|-weather|Sandstorm|[upkeep]
|-damage|p1b: Charizard|24/100|[from] Sandstorm
|-damage|p1a: Toxapex|88/100|[from] Sandstorm
|-heal|p1a: Toxapex|94/100|[from] item: Leftovers
|-damage|p2a: Tyranitar|69/100 tox|[from] psn
|-damage|p2a: Tyranitar|57/100 tox|[from] move: Infestation|[partiallytrapped]
|upkeep
|
|t:|1786040740
|switch|p2b: Excadrill|Excadrill, L50, F|90/100
|turn|12
|
|t:|1786040745
|move|p1b: Charizard|Protect|p1b: Charizard
|-singleturn|p1b: Charizard|Protect
|move|p2b: Excadrill|Rock Slide|p1a: Toxapex|[spread] p1a
|-activate|p1b: Charizard|move: Protect
|-damage|p1a: Toxapex|75/100
|-damage|p2b: Excadrill|80/100|[from] item: Life Orb
|move|p2a: Tyranitar|Rock Slide|p1a: Toxapex|[spread] p1a
|-activate|p1b: Charizard|move: Protect
|-damage|p1a: Toxapex|55/100
|cant|p1a: Toxapex|flinch
|
|-weather|Sandstorm|[upkeep]
|-damage|p1b: Charizard|18/100|[from] Sandstorm
|-damage|p1a: Toxapex|49/100|[from] Sandstorm
|-heal|p1a: Toxapex|55/100|[from] item: Leftovers
|-damage|p2a: Tyranitar|46/100 tox|[from] psn
|-damage|p2a: Tyranitar|34/100 tox|[from] move: Infestation|[partiallytrapped]
|upkeep
|turn|13
|
|t:|1786040766
|move|p1a: Toxapex|Wide Guard|p1a: Toxapex
|-singleturn|p1a: Toxapex|Wide Guard
|move|p2b: Excadrill|Rock Slide|p1b: Charizard|[spread] 
|-activate|p1a: Toxapex|move: Wide Guard
|-activate|p1b: Charizard|move: Wide Guard
|move|p1b: Charizard|Heat Wave|p2b: Excadrill|[spread] p2a,p2b
|-resisted|p2a: Tyranitar|1
|-supereffective|p2b: Excadrill|1
|-crit|p2b: Excadrill
|-damage|p2a: Tyranitar|18/100 tox
|-damage|p2b: Excadrill|0 fnt
|faint|p2b: Excadrill
|move|p2a: Tyranitar|Rock Slide|p1b: Charizard|[spread] 
|-activate|p1a: Toxapex|move: Wide Guard
|-activate|p1b: Charizard|move: Wide Guard
|
|-weather|Sandstorm|[upkeep]
|-damage|p1b: Charizard|13/100|[from] Sandstorm
|-damage|p1a: Toxapex|49/100|[from] Sandstorm
|-heal|p1a: Toxapex|55/100|[from] item: Leftovers
|-damage|p2a: Tyranitar|1/100 tox|[from] psn
|-damage|p2a: Tyranitar|0 fnt|[from] move: Infestation|[partiallytrapped]
|faint|p2a: Tyranitar
|
|win|new mental
||new mental is ready for game 2.
|inactive|vilan333 has 30 seconds to confirm battle start!
|inactive|vilan333 has 20 seconds to confirm battle start!
