|j|â˜†bricktree
|j|â˜†MetaphorCrazyMonk
|html|bricktreeMetaphorCrazyMonk    
|uhtml|bestof|Game 3 of a best-of-3
|t:|1782964472
|gametype|doubles
|player|p1|bricktree|2|1346
|player|p2|MetaphorCrazyMonk|expert-gen6|1326
|gen|9
|tier|[Gen 9 Champions] VGC 2026 Reg M-B (Bo3)
|rated|
|rule|Species Clause: Limit one of each PokÃ©mon
|rule|Item Clause: Limit 1 of each item
|clearpoke
|poke|p1|Staraptor, L50, F|
|poke|p1|Manectric, L50, M|
|poke|p1|Incineroar, L50, M|
|poke|p1|Ceruledge, L50, M|
|poke|p1|Sinistcha, L50|
|poke|p1|Ninetales-Alola, L50, M|
|poke|p2|Floette-Eternal, L50, F|
|poke|p2|Sinistcha, L50|
|poke|p2|Incineroar, L50, M|
|poke|p2|Delphox, L50, M|
|poke|p2|Kingambit, L50, M|
|poke|p2|Sneasler, L50, M|
|teampreview|4
|showteam|p1|Staraptor||Staraptite|Intimidate|CloseCombat,BraveBird,Roost,Protect|Jolly||F|||50|]Manectric||Manectite|LightningRod|Thunderbolt,VoltSwitch,Overheat,Protect|Modest||M|||50|]Incineroar||SitrusBerry|Intimidate|FakeOut,FlareBlitz,DarkestLariat,PartingShot|Impish||M|||50|]Ceruledge||ColburBerry|FlashFire|SwordsDance,BitterBlade,ShadowSneak,Protect|Adamant||M|||50|]Sinistcha||KasibBerry|Hospitality|RagePowder,MatchaGotcha,TrickRoom,Protect|Bold|||||50|]Ninetales-Alola||FocusSash|SnowWarning|Blizzard,FreezeDry,Charm,Protect|Timid||M|||50|
|showteam|p2|Floette-Eternal||Floettite|FlowerVeil|Moonblast,DazzlingGleam,CalmMind,Protect|Modest||F|||50|]Sinistcha||ColburBerry|Hospitality|MatchaGotcha,RagePowder,Protect,TrickRoom|Bold|||||50|]Incineroar||SitrusBerry|Intimidate|FlareBlitz,PartingShot,FakeOut,HelpingHand|Careful||M|||50|]Delphox||Delphoxite|Blaze|HeatWave,Psyshock,NastyPlot,Protect|Timid||M|||50|]Kingambit||BlackGlasses|Defiant|KowtowCleave,SuckerPunch,SwordsDance,Protect|Adamant||M|||50|]Sneasler||FocusSash|Unburden|CloseCombat,DireClaw,FakeOut,QuickGuard|Jolly||M|||50|
|inactive|Battle timer is ON: inactive players will automatically lose when time's up. (requested by bricktree)
|
|t:|1782964497
|teamsize|p1|4
|teamsize|p2|4
|start
|switch|p1a: Staraptor|Staraptor, L50, F|100/100
|switch|p1b: Ceruledge|Ceruledge, L50, M|100/100
|switch|p2a: Delphox|Delphox, L50, M|100/100
|switch|p2b: Gradisce|Incineroar, L50, M|100/100
|-ability|p1a: Staraptor|Intimidate|boost
|-unboost|p2a: Delphox|atk|1
|-unboost|p2b: Gradisce|atk|1
|-ability|p2b: Gradisce|Intimidate|boost
|-unboost|p1a: Staraptor|atk|1
|-unboost|p1b: Ceruledge|atk|1
|turn|1
|
|t:|1782964519
|detailschange|p1a: Staraptor|Staraptor-Mega, L50, F
|-mega|p1a: Staraptor|Staraptor|Staraptite
|detailschange|p2a: Delphox|Delphox-Mega, L50, M
|-mega|p2a: Delphox|Delphox|Delphoxite
|move|p2a: Delphox|Nasty Plot|p2a: Delphox
|-boost|p2a: Delphox|spa|2
|move|p1a: Staraptor|Brave Bird|p2a: Delphox
|-damage|p2a: Delphox|44/100
|-damage|p1a: Staraptor|84/100|[from] Recoil
|move|p1b: Ceruledge|Swords Dance|p1b: Ceruledge
|-boost|p1b: Ceruledge|atk|2
|move|p2b: Gradisce|Parting Shot|p1b: Ceruledge
|-unboost|p1b: Ceruledge|atk|1
|-unboost|p1b: Ceruledge|spa|1
|
|t:|1782964530
|switch|p2b: Il Conto?|Sinistcha, L50|100/100|[from] Parting Shot
|-heal|p2a: Delphox|69/100|[from] ability: Hospitality|[of] p2b: Il Conto?
|
|upkeep
|turn|2
|inactive|bricktree has 30 seconds left.
|inactive|MetaphorCrazyMonk has 30 seconds left.
|inactive|MetaphorCrazyMonk has 20 seconds left.
|
|t:|1782964569
|switch|p1a: Incineroar|Incineroar, L50, M|100/100
|-ability|p1a: Incineroar|Intimidate|boost
|-unboost|p2a: Delphox|atk|1
|-unboost|p2b: Il Conto?|atk|1
|move|p2b: Il Conto?|Rage Powder|p2b: Il Conto?
|-singleturn|p2b: Il Conto?|move: Rage Powder
|move|p2a: Delphox|Psyshock|p1b: Ceruledge
|-damage|p1b: Ceruledge|0 fnt
|faint|p1b: Ceruledge
|
|upkeep
|
|t:|1782964590
|switch|p1b: Staraptor|Staraptor-Mega, L50, F|84/100
|turn|3
|
|t:|1782964603
|move|p2a: Delphox|Protect|p2a: Delphox
|-singleturn|p2a: Delphox|Protect
|move|p2b: Il Conto?|Protect|p2b: Il Conto?
|-singleturn|p2b: Il Conto?|Protect
|move|p1a: Incineroar|Fake Out|p2a: Delphox
|-activate|p2a: Delphox|move: Protect
|move|p1b: Staraptor|Brave Bird|p2a: Delphox
|-activate|p2a: Delphox|move: Protect
|
|upkeep
|turn|4
|
|t:|1782964622
|move|p1b: Staraptor|Protect|p1b: Staraptor
|-singleturn|p1b: Staraptor|Protect
|move|p2b: Il Conto?|Rage Powder|p2b: Il Conto?
|-singleturn|p2b: Il Conto?|move: Rage Powder
|move|p2a: Delphox|Heat Wave|p1a: Incineroar|[spread] 
|-activate|p1b: Staraptor|move: Protect
|-miss|p2a: Delphox|p1a: Incineroar
|move|p1a: Incineroar|Darkest Lariat|p2b: Il Conto?
|-supereffective|p2b: Il Conto?|1
|-enditem|p2b: Il Conto?|Colbur Berry|[eat]
|-enditem|p2b: Il Conto?|Colbur Berry|[weaken]
|-damage|p2b: Il Conto?|69/100
|
|upkeep
|turn|5
|
|t:|1782964637
|move|p2b: Il Conto?|Rage Powder|p2b: Il Conto?
|-singleturn|p2b: Il Conto?|move: Rage Powder
|move|p2a: Delphox|Psyshock|p1b: Staraptor
|-supereffective|p1b: Staraptor|1
|-damage|p1b: Staraptor|0 fnt
|faint|p1b: Staraptor
|move|p1a: Incineroar|Flare Blitz|p2b: Il Conto?
|-supereffective|p2b: Il Conto?|1
|-crit|p2b: Il Conto?
|-damage|p2b: Il Conto?|0 fnt
|faint|p2b: Il Conto?
|-damage|p1a: Incineroar|79/100|[from] Recoil
|
|upkeep
|-message|bricktree forfeited.
|
|win|MetaphorCrazyMonk
|raw|bricktree's rating: 1346 → 1325(-21 for losing)
|raw|MetaphorCrazyMonk's rating: 1326 → 1347(+21 for winning)
|l|â˜†bricktree
|player|p1|
