|j|☆MobiusVGC
|j|☆eneko jauregi
|html|MobiusVGCeneko jauregi    
|uhtml|bestof|Game 1 of a best-of-3
|t:|1756491924
|gametype|doubles
|player|p1|MobiusVGC|gentleman-gen4dp|1225
|player|p2|eneko jauregi|steven|1199
|gen|9
|tier|[Gen 9] VGC 2025 Reg H (Bo3)
|rated|
|rule|Species Clause: Limit one of each Pokémon
|rule|Item Clause: Limit 1 of each item
|clearpoke
|poke|p1|Hydreigon, L50, F|
|poke|p1|Gholdengo, L50|
|poke|p1|Amoonguss, L50, M|
|poke|p1|Incineroar, L50, M|
|poke|p1|Garchomp, L50, M|
|poke|p1|Sneasler, L50, M|
|poke|p2|Grimmsnarl, L50, M|
|poke|p2|Archaludon, L50, M|
|poke|p2|Sinistcha, L50|
|poke|p2|Pelipper, L50, M|
|poke|p2|Maushold, L50|
|poke|p2|Annihilape, L50, M|
|teampreview|4
|showteam|p1|Hydreigon||CovertCloak|Levitate|DracoMeteor,Snarl,Tailwind,Taunt|||F|||50|,,,,,Ghost]Gholdengo||MetalCoat|GoodasGold|MakeItRain,ShadowBall,NastyPlot,Protect||||||50|,,,,,Flying]Amoonguss||RockyHelmet|Regenerator|PollenPuff,Spore,RagePowder,Protect|||M|||50|,,,,,Fairy]Incineroar||SafetyGoggles|Intimidate|FlareBlitz,KnockOff,FakeOut,PartingShot|||M|||50|,,,,,Ghost]Garchomp||ClearAmulet|RoughSkin|Earthquake,DragonClaw,StompingTantrum,Protect|||M|||50|,,,,,Fire]Sneasler||FocusSash|Unburden|CloseCombat,DireClaw,Coaching,Protect|||M|||50|,,,,,Flying
|showteam|p2|Grimmsnarl||LightClay|Prankster|SpiritBreak,ThunderWave,Reflect,LightScreen|||M|||50|,,,,,Ghost]Archaludon||AssaultVest|Stamina|ElectroShot,FlashCannon,BodyPress,Snarl|||M|||50|,,,,,Grass]Sinistcha||SitrusBerry|Hospitality|MatchaGotcha,LifeDew,RagePowder,TrickRoom||||||50|,,,,,Dark]Pelipper||FocusSash|Drizzle|Hurricane,WeatherBall,Tailwind,Protect|||M|||50|,,,,,Ghost]Maushold||SafetyGoggles|FriendGuard|BeatUp,Taunt,FollowMe,Protect||||||50|,,,,,Ghost]Annihilape||Leftovers|Defiant|DrainPunch,RageFist,BulkUp,Protect|||M|||50|,,,,,Water
|
|t:|1756491957
|teamsize|p1|4
|teamsize|p2|4
|start
|switch|p1a: Hydreigon|Hydreigon, L50, F|100/100
|switch|p1b: Sneasler|Sneasler, L50, M|100/100
|switch|p2a: Grimmsnarl|Grimmsnarl, L50, M|100/100
|switch|p2b: Annihilape|Annihilape, L50, M|100/100
|turn|1
|inactive|Battle timer is ON: inactive players will automatically lose when time's up. (requested by MobiusVGC)
|
|t:|1756492002
|move|p2a: Grimmsnarl|Light Screen|p2a: Grimmsnarl
|-sidestart|p2: eneko jauregi|move: Light Screen
|move|p1b: Sneasler|Dire Claw|p2a: Grimmsnarl
|-supereffective|p2a: Grimmsnarl
|-damage|p2a: Grimmsnarl|17/100
|move|p1a: Hydreigon|Taunt|p2b: Annihilape
|-start|p2b: Annihilape|move: Taunt
|cant|p2b: Annihilape|move: Taunt|Bulk Up
|
|upkeep
|turn|2
|inactive|eneko jauregi has 30 seconds left.
|inactive|eneko jauregi has 20 seconds left.
|inactive|eneko jauregi has 15 seconds left.
|
|t:|1756492047
|switch|p1a: Amoonguss|Amoonguss, L50, M|100/100
|move|p1b: Sneasler|Dire Claw|p2a: Grimmsnarl
|-supereffective|p2a: Grimmsnarl
|-damage|p2a: Grimmsnarl|0 fnt
|faint|p2a: Grimmsnarl
|move|p2b: Annihilape|Rage Fist|p1a: Amoonguss
|-damage|p1a: Amoonguss|84/100
|-damage|p2b: Annihilape|84/100|[from] item: Rocky Helmet|[of] p1a: Amoonguss
|
|-heal|p2b: Annihilape|90/100|[from] item: Leftovers
|upkeep
|
|t:|1756492064
|switch|p2a: Pelipper|Pelipper, L50, M|100/100
|-weather|RainDance|[from] ability: Drizzle|[of] p2a: Pelipper
|turn|3
|inactive|eneko jauregi has 30 seconds left.
|
|t:|1756492091
|-terastallize|p2a: Pelipper|Ghost
|move|p1b: Sneasler|Dire Claw|p2a: Pelipper
|-resisted|p2a: Pelipper
|-crit|p2a: Pelipper
|-damage|p2a: Pelipper|60/100
|move|p2b: Annihilape|Rage Fist|p1a: Amoonguss
|-damage|p1a: Amoonguss|68/100
|-damage|p2b: Annihilape|73/100|[from] item: Rocky Helmet|[of] p1a: Amoonguss
|move|p2a: Pelipper|Hurricane|p1a: Amoonguss
|-supereffective|p1a: Amoonguss
|-damage|p1a: Amoonguss|0 fnt
|faint|p1a: Amoonguss
|
|-weather|RainDance|[upkeep]
|-heal|p2b: Annihilape|79/100|[from] item: Leftovers
|-end|p2b: Annihilape|move: Taunt
|upkeep
|
|t:|1756492108
|switch|p1a: Gholdengo|Gholdengo, L50|100/100
|turn|4
|inactive|eneko jauregi has 30 seconds left.
|
|t:|1756492135
|move|p1b: Sneasler|Coaching|p1a: Gholdengo
|-immune|p1a: Gholdengo|[from] ability: Good as Gold
|move|p2b: Annihilape|Rage Fist|p1b: Sneasler
|-damage|p1b: Sneasler|66/100
|move|p1a: Gholdengo|Shadow Ball|p2a: Pelipper
|-supereffective|p2a: Pelipper
|-damage|p2a: Pelipper|0 fnt
|faint|p2a: Pelipper
|
|-weather|RainDance|[upkeep]
|-heal|p2b: Annihilape|85/100|[from] item: Leftovers
|upkeep
|
|t:|1756492149
|switch|p2a: Sinistcha|Sinistcha, L50|100/100
|-heal|p2b: Annihilape|100/100|[from] ability: Hospitality|[of] p2a: Sinistcha
|turn|5
|
|t:|1756492162
|move|p1b: Sneasler|Dire Claw|p2a: Sinistcha
|-damage|p2a: Sinistcha|65/100
|-status|p2a: Sinistcha|par
|move|p2b: Annihilape|Bulk Up|p2b: Annihilape
|-boost|p2b: Annihilape|atk|1
|-boost|p2b: Annihilape|def|1
|move|p1a: Gholdengo|Shadow Ball|p2a: Sinistcha
|-supereffective|p2a: Sinistcha
|-damage|p2a: Sinistcha|13/100 par
|-enditem|p2a: Sinistcha|Sitrus Berry|[eat]
|-heal|p2a: Sinistcha|38/100 par|[from] item: Sitrus Berry
|move|p2a: Sinistcha|Matcha Gotcha|p1a: Gholdengo|[spread] p1a,p1b
|-resisted|p1a: Gholdengo
|-resisted|p1b: Sneasler
|-damage|p1a: Gholdengo|88/100
|-heal|p2a: Sinistcha|44/100 par|[from] drain|[of] p1a: Gholdengo
|-damage|p1b: Sneasler|48/100
|-heal|p2a: Sinistcha|52/100 par|[from] drain|[of] p1b: Sneasler
|
|-weather|RainDance|[upkeep]
|upkeep
|turn|6
|inactive|eneko jauregi has 30 seconds left.
|
|t:|1756492187
|move|p1a: Gholdengo|Protect|p1a: Gholdengo
|-singleturn|p1a: Gholdengo|Protect
|move|p1b: Sneasler|Dire Claw|p2a: Sinistcha
|-damage|p2a: Sinistcha|15/100 par
|move|p2b: Annihilape|Rage Fist|p1a: Gholdengo
|-activate|p1a: Gholdengo|move: Protect
|move|p2a: Sinistcha|Matcha Gotcha|p1a: Gholdengo|[spread] p1b
|-activate|p1a: Gholdengo|move: Protect
|-resisted|p1b: Sneasler
|-damage|p1b: Sneasler|31/100
|-heal|p2a: Sinistcha|22/100 par|[from] drain|[of] p1b: Sneasler
|
|-weather|RainDance|[upkeep]
|upkeep
|turn|7
|
|t:|1756492209
|-terastallize|p1a: Gholdengo|Flying
|move|p1b: Sneasler|Dire Claw|p2a: Sinistcha
|-crit|p2a: Sinistcha
|-damage|p2a: Sinistcha|0 fnt
|faint|p2a: Sinistcha
|move|p2b: Annihilape|Rage Fist|p1a: Gholdengo
|-damage|p1a: Gholdengo|58/100
|move|p1a: Gholdengo|Nasty Plot|p1a: Gholdengo
|-boost|p1a: Gholdengo|spa|2
|
|-weather|none
|upkeep
|turn|8
|inactive|eneko jauregi has 30 seconds left.
|
|t:|1756492237
|switch|p1b: Hydreigon|Hydreigon, L50, F|100/100
|move|p2b: Annihilape|Rage Fist|p1b: Hydreigon
|-resisted|p1b: Hydreigon
|-damage|p1b: Hydreigon|86/100
|move|p1a: Gholdengo|Shadow Ball|p2b: Annihilape
|-supereffective|p2b: Annihilape
|-damage|p2b: Annihilape|12/100
|
|-heal|p2b: Annihilape|18/100|[from] item: Leftovers
|-sideend|p2: eneko jauregi|move: Light Screen
|upkeep
|turn|9
|
|t:|1756492251
|move|p1b: Hydreigon|Tailwind|p1b: Hydreigon
|-sidestart|p1: MobiusVGC|move: Tailwind
|move|p1a: Gholdengo|Shadow Ball|p2b: Annihilape
|-supereffective|p2b: Annihilape
|-damage|p2b: Annihilape|0 fnt
|faint|p2b: Annihilape
|
|win|MobiusVGC
||MobiusVGC is ready for game 2.
|l|☆eneko jauregi
|player|p2|
|inactive|eneko jauregi has 30 seconds to confirm battle start!
||eneko jauregi is ready for game 2.
|uhtml|next|Next: Game 2 of 3
