|j|☆gama123
|j|☆endk649
|html|gama123endk649    
|uhtml|bestof|Game 2 of a best-of-3
|t:|1756406081
|gametype|doubles
|player|p1|gama123|170|1151
|player|p2|endk649|gambler|1197
|gen|9
|tier|[Gen 9] VGC 2025 Reg H (Bo3)
|rated|
|rule|Species Clause: Limit one of each Pokémon
|rule|Item Clause: Limit 1 of each item
|clearpoke
|poke|p1|Pelipper, L50, F|
|poke|p1|Archaludon, L50, M|
|poke|p1|Rillaboom, L50, F|
|poke|p1|Gholdengo, L50|
|poke|p1|Scizor, L50, F|
|poke|p1|Kingdra, L50, F|
|poke|p2|Feraligatr, L50, M|
|poke|p2|Gholdengo, L50|
|poke|p2|Politoed, L50, F|
|poke|p2|Amoonguss, L50, M|
|poke|p2|Rillaboom, L50, M|
|poke|p2|Incineroar, L50, F|
|teampreview|4
|showteam|p1|Pelipper||CovertCloak|Drizzle|Hurricane,WeatherBall,Protect,Tailwind|||F|||50|,,,,,Grass]Archaludon||AssaultVest|Stamina|BodyPress,DracoMeteor,ElectroShot,FlashCannon|||M|||50|,,,,,Electric]Rillaboom||MiracleSeed|GrassySurge|FakeOut,GrassyGlide,WoodHammer,KnockOff|||F|||50|,,,,,Grass]Gholdengo||WhiteHerb|GoodasGold|MakeItRain,Psychic,Protect,ShadowBall||||||50|,,,,,Dragon]Scizor||LifeOrb|Technician|BulletPunch,DualWingbeat,Pounce,Protect|||F|||50|,,,,,Flying]Kingdra||Leftovers|SwiftSwim|RainDance,WeatherBall,IceBeam,Protect|||F|||50|,,,,,Steel
|showteam|p2|Feraligatr||LifeOrb|SheerForce|Liquidation,Crunch,DragonDance,Protect|||M|||50|,,,,,Dark]Gholdengo||Leftovers|GoodasGold|MakeItRain,ShadowBall,NastyPlot,Protect||||||50|,,,,,Dragon]Politoed||SitrusBerry|Drizzle|WeatherBall,IcyWind,Haze,Protect|||F|||50|,,,,,Grass]Amoonguss||CovertCloak|Regenerator|PollenPuff,Spore,RagePowder,Protect|||M|||50|,,,,,Water]Rillaboom||AssaultVest|GrassySurge|WoodHammer,GrassyGlide,FakeOut,Uturn|||M|||50|,,,,,Fire]Incineroar||SafetyGoggles|Intimidate|KnockOff,FakeOut,Taunt,PartingShot|||F|||50|,,,,,Ghost
|
|t:|1756406107
|teamsize|p1|4
|teamsize|p2|4
|start
|switch|p1a: Scizor|Scizor, L50, F|100/100
|switch|p1b: Archaludon|Archaludon, L50, M|100/100
|switch|p2a: Rillaboom|Rillaboom, L50, M, shiny|100/100
|switch|p2b: Gholdengo|Gholdengo, L50|100/100
|-fieldstart|move: Grassy Terrain|[from] ability: Grassy Surge|[of] p2a: Rillaboom
|turn|1
|
|t:|1756406137
|switch|p1a: Gholdengo|Gholdengo, L50|100/100
|move|p2a: Rillaboom|Fake Out|p1a: Gholdengo
|-immune|p1a: Gholdengo
|move|p2b: Gholdengo|Nasty Plot|p2b: Gholdengo
|-boost|p2b: Gholdengo|spa|2
|move|p1b: Archaludon|Draco Meteor|p2b: Gholdengo
|-resisted|p2b: Gholdengo
|-damage|p2b: Gholdengo|67/100
|-unboost|p1b: Archaludon|spa|2
|
|-heal|p2b: Gholdengo|73/100|[from] Grassy Terrain
|-heal|p2b: Gholdengo|79/100|[from] item: Leftovers
|upkeep
|turn|2
|
|t:|1756406169
|switch|p1b: Kingdra|Kingdra, L50, F|100/100
|-terastallize|p1a: Gholdengo|Dragon
|move|p2b: Gholdengo|Protect|p2b: Gholdengo
|-singleturn|p2b: Gholdengo|Protect
|move|p1a: Gholdengo|Shadow Ball|p2b: Gholdengo
|-activate|p2b: Gholdengo|move: Protect
|move|p2a: Rillaboom|U-turn|p1a: Gholdengo
|-damage|p1a: Gholdengo|78/100
|
|t:|1756406179
|switch|p2a: Amoonguss|Amoonguss, L50, M, shiny|100/100|[from] U-turn
|
|-heal|p1a: Gholdengo|84/100|[from] Grassy Terrain
|-heal|p2b: Gholdengo|85/100|[from] Grassy Terrain
|-heal|p2b: Gholdengo|90/100|[from] item: Leftovers
|upkeep
|turn|3
|
|t:|1756406192
|-terastallize|p2a: Amoonguss|Water
|move|p1b: Kingdra|Protect|p1b: Kingdra
|-singleturn|p1b: Kingdra|Protect
|move|p2a: Amoonguss|Rage Powder|p2a: Amoonguss
|-singleturn|p2a: Amoonguss|move: Rage Powder
|move|p1a: Gholdengo|Shadow Ball|p2a: Amoonguss
|-damage|p2a: Amoonguss|65/100
|move|p2b: Gholdengo|Make It Rain|p1b: Kingdra|[spread] p1a
|-activate|p1b: Kingdra|move: Protect
|-damage|p1a: Gholdengo|0 fnt
|-unboost|p2b: Gholdengo|spa|1
|faint|p1a: Gholdengo
|
|-heal|p2b: Gholdengo|96/100|[from] Grassy Terrain
|-heal|p2b: Gholdengo|100/100|[from] item: Leftovers
|-heal|p2a: Amoonguss|71/100|[from] Grassy Terrain
|upkeep
|inactive|Battle timer is ON: inactive players will automatically lose when time's up. (requested by endk649)
|
|t:|1756406215
|switch|p1a: Archaludon|Archaludon, L50, M|100/100
|turn|4
|
|t:|1756406220
|move|p2a: Amoonguss|Rage Powder|p2a: Amoonguss
|-singleturn|p2a: Amoonguss|move: Rage Powder
|move|p2b: Gholdengo|Shadow Ball|p1a: Archaludon
|-damage|p1a: Archaludon|49/100
|-ability|p1a: Archaludon|Stamina|boost
|-boost|p1a: Archaludon|def|1
|move|p1a: Archaludon|Electro Shot||[still]
|-prepare|p1a: Archaludon|Electro Shot
|-boost|p1a: Archaludon|spa|1
|move|p1b: Kingdra|Rain Dance|p1b: Kingdra
|-weather|RainDance
|
|-weather|RainDance|[upkeep]
|-heal|p1a: Archaludon|55/100|[from] Grassy Terrain
|-heal|p2a: Amoonguss|77/100|[from] Grassy Terrain
|upkeep
|turn|5
|inactive|endk649 has 30 seconds left.
|inactive|endk649 has 20 seconds left.
|
|t:|1756406256
|move|p2a: Amoonguss|Protect|p2a: Amoonguss
|-singleturn|p2a: Amoonguss|Protect
|move|p1b: Kingdra|Weather Ball|p2b: Gholdengo
|-crit|p2b: Gholdengo
|-damage|p2b: Gholdengo|0 fnt
|faint|p2b: Gholdengo
|move|p1a: Archaludon|Electro Shot|p2a: Amoonguss|[from] lockedmove
|-activate|p2a: Amoonguss|move: Protect
|
|-weather|RainDance|[upkeep]
|-heal|p1a: Archaludon|61/100|[from] Grassy Terrain
|-heal|p2a: Amoonguss|83/100|[from] Grassy Terrain
|-fieldend|move: Grassy Terrain
|upkeep
|
|t:|1756406268
|switch|p2b: Rillaboom|Rillaboom, L50, M, shiny|100/100
|-fieldstart|move: Grassy Terrain|[from] ability: Grassy Surge|[of] p2b: Rillaboom
|turn|6
|
|t:|1756406281
|switch|p2a: Incineroar|Incineroar, L50, F, shiny|100/100
|-ability|p2a: Incineroar|Intimidate|boost
|-unboost|p1a: Archaludon|atk|1
|-unboost|p1b: Kingdra|atk|1
|move|p1b: Kingdra|Ice Beam|p2b: Rillaboom
|-supereffective|p2b: Rillaboom
|-damage|p2b: Rillaboom|64/100
|move|p1a: Archaludon|Electro Shot||[still]
|-prepare|p1a: Archaludon|Electro Shot
|-boost|p1a: Archaludon|spa|1
|-anim|p1a: Archaludon|Electro Shot|p2a: Incineroar
|-damage|p2a: Incineroar|28/100
|move|p2b: Rillaboom|Wood Hammer|p1b: Kingdra
|-damage|p1b: Kingdra|9/100
|-damage|p2b: Rillaboom|42/100|[from] Recoil
|
|-weather|RainDance|[upkeep]
|-heal|p1b: Kingdra|15/100|[from] Grassy Terrain
|-heal|p1b: Kingdra|21/100|[from] item: Leftovers
|-heal|p1a: Archaludon|67/100|[from] Grassy Terrain
|-heal|p2b: Rillaboom|47/100|[from] Grassy Terrain
|-heal|p2a: Incineroar|34/100|[from] Grassy Terrain
|upkeep
|turn|7
|inactive|gama123 has 30 seconds left.
|
|t:|1756406306
|move|p1b: Kingdra|Protect|p1b: Kingdra
|-singleturn|p1b: Kingdra|Protect
|move|p2a: Incineroar|Fake Out|p1a: Archaludon
|-resisted|p1a: Archaludon
|-damage|p1a: Archaludon|64/100
|-ability|p1a: Archaludon|Stamina|boost
|-boost|p1a: Archaludon|def|1
|move|p2b: Rillaboom|Grassy Glide|p1b: Kingdra
|-activate|p1b: Kingdra|move: Protect
|cant|p1a: Archaludon|flinch
|
|-weather|RainDance|[upkeep]
|-heal|p1b: Kingdra|27/100|[from] Grassy Terrain
|-heal|p1b: Kingdra|33/100|[from] item: Leftovers
|-heal|p1a: Archaludon|70/100|[from] Grassy Terrain
|-heal|p2b: Rillaboom|53/100|[from] Grassy Terrain
|-heal|p2a: Incineroar|40/100|[from] Grassy Terrain
|upkeep
|turn|8
|
|t:|1756406325
|switch|p1b: Scizor|Scizor, L50, F|100/100
|move|p2b: Rillaboom|Grassy Glide|p1b: Scizor
|-resisted|p1b: Scizor
|-damage|p1b: Scizor|91/100
|move|p1a: Archaludon|Electro Shot||[still]
|-prepare|p1a: Archaludon|Electro Shot
|-boost|p1a: Archaludon|spa|1
|-anim|p1a: Archaludon|Electro Shot|p2a: Incineroar
|-damage|p2a: Incineroar|0 fnt
|faint|p2a: Incineroar
|
|-weather|none
|-heal|p1a: Archaludon|77/100|[from] Grassy Terrain
|-heal|p2b: Rillaboom|59/100|[from] Grassy Terrain
|-heal|p1b: Scizor|97/100|[from] Grassy Terrain
|upkeep
|
|t:|1756406327
|switch|p2a: Amoonguss|Amoonguss, L50, M, shiny, tera:Water|100/100
|turn|9
|
|t:|1756406343
|move|p1a: Archaludon|Electro Shot||[still]
|-prepare|p1a: Archaludon|Electro Shot
|-boost|p1a: Archaludon|spa|1
|move|p2b: Rillaboom|Wood Hammer|p1b: Scizor
|-resisted|p1b: Scizor
|-damage|p1b: Scizor|75/100
|-damage|p2b: Rillaboom|53/100|[from] Recoil
|move|p1b: Scizor|Pounce|p2b: Rillaboom
|-supereffective|p2b: Rillaboom
|-damage|p2b: Rillaboom|0 fnt
|faint|p2b: Rillaboom
|-damage|p1b: Scizor|65/100|[from] item: Life Orb
|move|p2a: Amoonguss|Spore|p1a: Archaludon
|-status|p1a: Archaludon|slp|[from] move: Spore
|
|-heal|p1a: Archaludon|83/100 slp|[from] Grassy Terrain
|-heal|p1b: Scizor|72/100|[from] Grassy Terrain
|upkeep
|turn|10
|-message|endk649 forfeited.
|
|win|gama123
||endk649 is ready for game 3.
