|j|☆lorenzopoke
|j|☆VenusaurBot
|html|lorenzopokeVenusaurBot    
|uhtml|bestof|Game 1 of a best-of-3
|t:|1784644523
|gametype|doubles
|player|p1|lorenzopoke|red|1131
|player|p2|VenusaurBot|koga|1251
|gen|9
|tier|[Gen 9 Champions] VGC 2026 Reg M-B (Bo3)
|rated|
|rule|Species Clause: Limit one of each Pokémon
|rule|Item Clause: Limit 1 of each item
|clearpoke
|poke|p1|Staraptor, L50, F|
|poke|p1|Farigiraf, L50, F|
|poke|p1|Sylveon, L50, M|
|poke|p1|Torkoal, L50, F|
|poke|p1|Ampharos, L50, M|
|poke|p1|Kangaskhan, L50, F|
|poke|p2|Sneasler, L50, F|
|poke|p2|Floette-Eternal, L50, F|
|poke|p2|Kingambit, L50, F|
|poke|p2|Basculegion, L50, M|
|poke|p2|Incineroar, L50, F|
|poke|p2|Sinistcha-Masterpiece, L50|
|teampreview|4
|showteam|p1|Staraptor||ChoiceScarf|Intimidate|BraveBird,CloseCombat,Uturn,FinalGambit|Jolly||F|||50|]Farigiraf||SitrusBerry|ArmorTail|HelpingHand,TwinBeam,Thunderbolt,TrickRoom|Sassy||F|||50|]Sylveon||FairyFeather|Pixilate|HyperVoice,QuickAttack,HyperBeam,Detect|Quiet||M|||50|]Torkoal||Charcoal|Drought|Eruption,WeatherBall,HeatWave,Protect|Quiet||F|||50|]Ampharos||Ampharosite|Static|Thunderbolt,DragonPulse,PowerGem,Protect|Quiet||M|||50|]Kangaskhan||Kangaskhanite|Scrappy|HammerArm,FakeOut,DoubleEdge,RockTomb|Adamant||F|||50|
|showteam|p2|Sneasler||FocusSash|PoisonTouch|Protect,DireClaw,CloseCombat,FakeOut|Jolly||F|||50|]Floette-Eternal||Floettite|FlowerVeil|Protect,DazzlingGleam,DrainingKiss,CalmMind|Modest||F|||50|]Kingambit||BlackGlasses|Defiant|Protect,KowtowCleave,SuckerPunch,SwordsDance|Adamant||F|||50|]Basculegion||ChoiceScarf|Adaptability|WaveCrash,LastRespects,AquaJet,FlipTurn|Jolly||M|||50|]Incineroar||PasshoBerry|Intimidate|FlareBlitz,ThroatChop,PartingShot,FakeOut|Careful||F|||50|]Sinistcha-Masterpiece||OccaBerry|Hospitality|Protect,RagePowder,MatchaGotcha,TrickRoom|Bold|||||50|
|inactive|Battle timer is ON: inactive players will automatically lose when time's up. (requested by VenusaurBot)
|inactive|VenusaurBot has 60 seconds left.
|
|t:|1784644581
|teamsize|p1|4
|teamsize|p2|4
|start
|switch|p1a: Kangaskhan|Kangaskhan, L50, F|100/100
|switch|p1b: Farigiraf|Farigiraf, L50, F|100/100
|switch|p2a: Floette|Floette-Eternal, L50, F|100/100
|switch|p2b: Sinistcha|Sinistcha-Masterpiece, L50|100/100
|turn|1
|
|t:|1784644603
|detailschange|p2a: Floette|Floette-Mega, L50, F
|-mega|p2a: Floette|Floette|Floettite
|-ability|p2a: Floette|Fairy Aura
|detailschange|p1a: Kangaskhan|Kangaskhan-Mega, L50, F
|-mega|p1a: Kangaskhan|Kangaskhan|Kangaskhanite
|move|p1b: Farigiraf|Helping Hand|p1a: Kangaskhan
|-singleturn|p1a: Kangaskhan|Helping Hand|[of] p1b: Farigiraf
|move|p2a: Floette|Calm Mind|p2a: Floette
|-boost|p2a: Floette|spa|1
|-boost|p2a: Floette|spd|1
|move|p1a: Kangaskhan|Double-Edge|p2b: Sinistcha
|-immune|p2b: Sinistcha
|move|p2b: Sinistcha|Matcha Gotcha|p1b: Farigiraf|[spread] p1a,p1b
|-damage|p1a: Kangaskhan|78/100
|-damage|p1b: Farigiraf|82/100
|-status|p1a: Kangaskhan|brn
|
|-damage|p1a: Kangaskhan|72/100 brn|[from] brn
|upkeep
|turn|2
|inactive|lorenzopoke has 30 seconds left.
|inactive|lorenzopoke has 20 seconds left.
|inactive|lorenzopoke has 15 seconds left.
|inactive|lorenzopoke has 10 seconds left.
|inactive|lorenzopoke has 5 seconds left.
|
|t:|1784644658
|switch|p2b: Incineroar|Incineroar, L50, F|100/100
|-ability|p2b: Incineroar|Intimidate|boost
|-unboost|p1a: Kangaskhan|atk|1
|-unboost|p1b: Farigiraf|atk|1
|move|p1b: Farigiraf|Helping Hand|p1a: Kangaskhan
|-singleturn|p1a: Kangaskhan|Helping Hand|[of] p1b: Farigiraf
|move|p2a: Floette|Dazzling Gleam|p1b: Farigiraf|[spread] p1a,p1b
|-damage|p1a: Kangaskhan|14/100 brn
|-damage|p1b: Farigiraf|27/100
|-enditem|p1b: Farigiraf|Sitrus Berry|[eat]
|-heal|p1b: Farigiraf|52/100|[from] item: Sitrus Berry
|move|p1a: Kangaskhan|Hammer Arm|p2a: Floette
|-resisted|p2a: Floette|1
|-damage|p2a: Floette|91/100
|-unboost|p1a: Kangaskhan|spe|1
|-resisted|p2a: Floette|1
|-damage|p2a: Floette|89/100
|-unboost|p1a: Kangaskhan|spe|1
|-hitcount|p2a: Floette|2
|
|-damage|p1a: Kangaskhan|8/100 brn|[from] brn
|upkeep
|turn|3
|inactive|lorenzopoke has 30 seconds left.
|inactive|lorenzopoke has 20 seconds left.
|inactive|lorenzopoke has 15 seconds left.
|inactive|lorenzopoke has 10 seconds left.
|inactive|lorenzopoke has 5 seconds left.
|
|t:|1784644714
|switch|p2b: Sinistcha|Sinistcha-Masterpiece, L50|100/100
|-heal|p2a: Floette|100/100|[from] ability: Hospitality|[of] p2b: Sinistcha
|move|p1b: Farigiraf|Helping Hand|p1a: Kangaskhan
|-singleturn|p1a: Kangaskhan|Helping Hand|[of] p1b: Farigiraf
|move|p2a: Floette|Dazzling Gleam|p1b: Farigiraf|[spread] p1a,p1b
|-damage|p1a: Kangaskhan|0 fnt
|-damage|p1b: Farigiraf|2/100
|faint|p1a: Kangaskhan
|
|upkeep
|inactive|lorenzopoke has 30 seconds left.
|
|t:|1784644746
|switch|p1a: Torkoal|Torkoal, L50, F|100/100
|-weather|SunnyDay|[from] ability: Drought|[of] p1a: Torkoal
|turn|4
|
|t:|1784644769
|switch|p2b: Incineroar|Incineroar, L50, F|100/100
|-ability|p2b: Incineroar|Intimidate|boost
|-unboost|p1a: Torkoal|atk|1
|-unboost|p1b: Farigiraf|atk|1
|move|p2a: Floette|Dazzling Gleam|p1a: Torkoal|[spread] p1a,p1b
|-resisted|p1a: Torkoal|1
|-damage|p1a: Torkoal|55/100
|-damage|p1b: Farigiraf|0 fnt
|faint|p1b: Farigiraf
|move|p1a: Torkoal|Heat Wave|p2a: Floette|[spread] p2a,p2b
|-resisted|p2b: Incineroar|1
|-damage|p2a: Floette|72/100
|-damage|p2b: Incineroar|78/100
|
|-weather|SunnyDay|[upkeep]
|upkeep
|
|t:|1784644792
|switch|p1b: Sylveon|Sylveon, L50, M|100/100
|turn|5
|
|t:|1784644805
|move|p2b: Incineroar|Fake Out|p1b: Sylveon
|-damage|p1b: Sylveon|88/100
|move|p2a: Floette|Dazzling Gleam|p1b: Sylveon|[spread] p1a,p1b
|-resisted|p1a: Torkoal|1
|-damage|p1a: Torkoal|7/100
|-damage|p1b: Sylveon|28/100
|cant|p1b: Sylveon|flinch
|move|p1a: Torkoal|Heat Wave|p2b: Incineroar|[spread] p2b
|-miss|p1a: Torkoal|p2a: Floette
|-resisted|p2b: Incineroar|1
|-damage|p2b: Incineroar|58/100
|
|-weather|SunnyDay|[upkeep]
|upkeep
|turn|6
|
|t:|1784644825
|switch|p2b: Sinistcha|Sinistcha-Masterpiece, L50|100/100
|-heal|p2a: Floette|97/100|[from] ability: Hospitality|[of] p2b: Sinistcha
|move|p2a: Floette|Dazzling Gleam|p1a: Torkoal|[spread] p1a,p1b
|-resisted|p1a: Torkoal|1
|-crit|p1a: Torkoal
|-damage|p1a: Torkoal|0 fnt
|-damage|p1b: Sylveon|0 fnt
|faint|p1a: Torkoal
|faint|p1b: Sylveon
|
|win|VenusaurBot
||VenusaurBot is ready for game 2.
||lorenzopoke is ready for game 2.
|uhtml|next|Next: Game 2 of 3
|l|☆lorenzopoke
|player|p1|
