|j|☆Kilian0610
|j|☆TheGayOneVGC
|html|Kilian0610TheGayOneVGC    
|uhtml|bestof|Game 3 of a best-of-3
|t:|1786204719
|gametype|doubles
|player|p1|Kilian0610|1|1073
|player|p2|TheGayOneVGC|265|1083
|gen|9
|tier|[Gen 9 Champions] VGC 2026 Reg M-B (Bo3)
|rated|
|rule|Species Clause: Limit one of each Pokémon
|rule|Item Clause: Limit 1 of each item
|clearpoke
|poke|p1|Sceptile, L50, M|
|poke|p1|Rotom-Heat, L50|
|poke|p1|Bellibolt, L50, F|
|poke|p1|Pelipper, L50, M|
|poke|p1|Swampert, L50, M|
|poke|p1|Basculegion, L50, M|
|poke|p2|Sinistcha, L50|
|poke|p2|Staraptor, L50, M|
|poke|p2|Talonflame, L50, F|
|poke|p2|Incineroar, L50, M|
|poke|p2|Garchomp, L50, F|
|poke|p2|Greninja, L50, F|
|teampreview|4
|showteam|p1|Sceptile||Sceptilite|Overgrow|DragonPulse,EarthPower,EnergyBall,Protect|Timid||M|||50|]Rotom-Heat||ChoiceScarf|Levitate|Discharge,Overheat,VoltSwitch,Protect|Timid|||||50|]Bellibolt||SitrusBerry|Electromorphosis|ParabolicCharge,VoltSwitch,EerieImpulse,Protect|Calm||F|||50|]Pelipper||Leftovers|Drizzle|Tailwind,WideGuard,WeatherBall,Hurricane|Modest||M|||50|]Swampert||FocusSash|Torrent|FlipTurn,KnockOff,HighHorsepower,Protect|Adamant||M|||50|]Basculegion||LifeOrb|SwiftSwim|WaveCrash,LastRespects,AquaJet,Protect|Adamant||M|||50|
|showteam|p2|Sinistcha||OccaBerry|Hospitality|ShadowBall,MatchaGotcha,LifeDew,RagePowder|Modest|||||50|]Staraptor||Staraptite|Intimidate|CloseCombat,Roost,Protect,BraveBird|Jolly||M|||50|]Talonflame||FocusSash|GaleWings|DualWingbeat,FeatherDance,Protect,Tailwind|Adamant||F|||50|]Incineroar||SitrusBerry|Intimidate|FakeOut,FlareBlitz,PartingShot,DarkestLariat|Adamant||M|||50|]Garchomp||WideLens|RoughSkin|RockSlide,DragonRush,Protect,Earthquake|Jolly||F|||50|]Greninja||Greninjite|Protean|WaterShuriken,IceBeam,Protect,SludgeWave|Modest||F|||50|
|j| cillianvgc
|
|t:|1786204738
|teamsize|p1|4
|teamsize|p2|4
|start
|switch|p1a: Basculegion|Basculegion, L50, M|100/100
|switch|p1b: Pelipper|Pelipper, L50, M|100/100
|switch|p2a: Staraptor|Staraptor, L50, M|100/100
|switch|p2b: Talonflame|Talonflame, L50, F|100/100
|-ability|p2a: Staraptor|Intimidate|boost
|-unboost|p1a: Basculegion|atk|1
|-unboost|p1b: Pelipper|atk|1
|-weather|RainDance|[from] ability: Drizzle|[of] p1b: Pelipper
|turn|1
|
|t:|1786204766
|detailschange|p2a: Staraptor|Staraptor-Mega, L50, M
|-mega|p2a: Staraptor|Staraptor|Staraptite
|move|p2a: Staraptor|Protect|p2a: Staraptor
|-singleturn|p2a: Staraptor|Protect
|move|p2b: Talonflame|Tailwind|p2b: Talonflame
|-sidestart|p2: TheGayOneVGC|move: Tailwind
|move|p1a: Basculegion|Wave Crash|p2a: Staraptor
|-activate|p2a: Staraptor|move: Protect
|move|p1b: Pelipper|Tailwind|p1b: Pelipper
|-sidestart|p1: Kilian0610|move: Tailwind
|
|-weather|RainDance|[upkeep]
|upkeep
|turn|2
|
|t:|1786204784
|move|p2b: Talonflame|Feather Dance|p1a: Basculegion
|-unboost|p1a: Basculegion|atk|2
|move|p1a: Basculegion|Wave Crash|p2a: Staraptor
|-damage|p2a: Staraptor|51/100
|-damage|p1a: Basculegion|86/100|[from] Recoil
|-damage|p1a: Basculegion|77/100|[from] item: Life Orb
|move|p2a: Staraptor|Close Combat|p1b: Pelipper
|-resisted|p1b: Pelipper|1
|-damage|p1b: Pelipper|62/100
|-boost|p2a: Staraptor|def|1
|-boost|p2a: Staraptor|spd|1
|move|p1b: Pelipper|Weather Ball|p2a: Staraptor
|-damage|p2a: Staraptor|0 fnt
|faint|p2a: Staraptor
|
|-weather|RainDance|[upkeep]
|-heal|p1b: Pelipper|68/100|[from] item: Leftovers
|upkeep
|
|t:|1786204802
|switch|p2a: Garchomp|Garchomp, L50, F|100/100
|turn|3
|
|t:|1786204826
|move|p1b: Pelipper|Wide Guard|p1b: Pelipper
|-singleturn|p1b: Pelipper|Wide Guard
|move|p2b: Talonflame|Dual Wingbeat|p1b: Pelipper
|-damage|p1b: Pelipper|49/100
|-damage|p1b: Pelipper|32/100
|-hitcount|p1b: Pelipper|2
|move|p1a: Basculegion|Wave Crash|p2b: Talonflame
|-supereffective|p2b: Talonflame|1
|-crit|p2b: Talonflame
|-enditem|p2b: Talonflame|Focus Sash
|-damage|p2b: Talonflame|1/100
|-damage|p1a: Basculegion|51/100|[from] Recoil
|-damage|p1a: Basculegion|42/100|[from] item: Life Orb
|move|p2a: Garchomp|Dragon Rush|p1a: Basculegion
|-damage|p1a: Basculegion|0 fnt
|faint|p1a: Basculegion
|
|-weather|RainDance|[upkeep]
|-heal|p1b: Pelipper|38/100|[from] item: Leftovers
|upkeep
|
|t:|1786204854
|switch|p1a: Sceptile|Sceptile, L50, M|100/100
|turn|4
|
|t:|1786204866
|detailschange|p1a: Sceptile|Sceptile-Mega, L50, M
|-mega|p1a: Sceptile|Sceptile|Sceptilite
|move|p2a: Garchomp|Protect|p2a: Garchomp
|-singleturn|p2a: Garchomp|Protect
|move|p1a: Sceptile|Dragon Pulse|p2a: Garchomp
|-activate|p2a: Garchomp|move: Protect
|move|p2b: Talonflame|Dual Wingbeat|p1a: Sceptile
|-supereffective|p1a: Sceptile|1
|-damage|p1a: Sceptile|45/100
|-supereffective|p1a: Sceptile|1
|-damage|p1a: Sceptile|0 fnt
|faint|p1a: Sceptile
|-hitcount|p1: Sceptile|2
|move|p1b: Pelipper|Weather Ball|p2b: Talonflame
|-supereffective|p2b: Talonflame|1
|-damage|p2b: Talonflame|0 fnt
|faint|p2b: Talonflame
|
|-weather|RainDance|[upkeep]
|-heal|p1b: Pelipper|44/100|[from] item: Leftovers
|-sideend|p1: Kilian0610|move: Tailwind
|-sideend|p2: TheGayOneVGC|move: Tailwind
|upkeep
|
|t:|1786204884
|switch|p1a: Rotom|Rotom-Heat, L50|100/100
|switch|p2b: Incineroar|Incineroar, L50, M|100/100
|-ability|p2b: Incineroar|Intimidate|boost
|-unboost|p1a: Rotom|atk|1
|-unboost|p1b: Pelipper|atk|1
|turn|5
|
|t:|1786204901
|move|p2b: Incineroar|Fake Out|p1a: Rotom
|-damage|p1a: Rotom|84/100
|cant|p1a: Rotom|flinch
|move|p2a: Garchomp|Dragon Rush|p1b: Pelipper
|-damage|p1b: Pelipper|0 fnt
|faint|p1b: Pelipper
|
|-weather|none
|upkeep
|turn|6
|
|t:|1786204917
|move|p1a: Rotom|Overheat|p2a: Garchomp
|-resisted|p2a: Garchomp|1
|-damage|p2a: Garchomp|65/100
|-unboost|p1a: Rotom|spa|2
|move|p2a: Garchomp|Rock Slide|p1a: Rotom
|-supereffective|p1a: Rotom|1
|-damage|p1a: Rotom|14/100
|move|p2b: Incineroar|Darkest Lariat|p1a: Rotom
|-damage|p1a: Rotom|0 fnt
|faint|p1a: Rotom
|
|win|TheGayOneVGC
|raw|Kilian0610's rating: 1073 → 1053(-20 for losing)
|raw|TheGayOneVGC's rating: 1083 → 1110(+27 for winning)
|c|☆TheGayOneVGC|ggs!
|l| cillianvgc
