|j|☆LorGhez
|j|☆piktocat
|html|LorGhezpiktocat    
|uhtml|bestof|Game 2 of a best-of-3
|t:|1782758125
|gametype|doubles
|player|p1|LorGhez|169|1146
|player|p2|piktocat|caitlin|1153
|gen|9
|tier|[Gen 9 Champions] VGC 2026 Reg M-B (Bo3)
|rated|
|rule|Species Clause: Limit one of each Pokémon
|rule|Item Clause: Limit 1 of each item
|clearpoke
|poke|p1|Sceptile, L50, M|
|poke|p1|Sylveon, L50, M|
|poke|p1|Rotom-Wash, L50|
|poke|p1|Aerodactyl, L50, M|
|poke|p1|Incineroar, L50, M|
|poke|p1|Kingambit, L50, F|
|poke|p2|Mawile, L50, F|
|poke|p2|Farigiraf, L50, F|
|poke|p2|Incineroar, L50, F|
|poke|p2|Basculegion, L50, M|
|poke|p2|Staraptor, L50, M|
|poke|p2|Maushold, L50|
|teampreview|4
|showteam|p1|Sceptile||Sceptilite|Overgrow|Protect,LeafStorm,DragonPulse,EarthPower|Timid||M|||50|]Sylveon||FairyFeather|Pixilate|Protect,HyperBeam,HyperVoice,QuickAttack|Modest||M|||50|]Rotom-Wash||Leftovers|Levitate|WillOWisp,Discharge,HydroPump,LightScreen|Modest|||||50|]Aerodactyl||Aerodactylite|Unnerve|Protect,Tailwind,RockSlide,IceFang|Jolly||M|||50|]Incineroar||SitrusBerry|Intimidate|FakeOut,PartingShot,ThroatChop,FlareBlitz|Careful||M|||50|]Kingambit||BlackGlasses|Defiant|Protect,SuckerPunch,KowtowCleave,IronHead|Adamant||F|||50|
|showteam|p2|Mawile||Mawilite|HyperCutter|IronHead,PlayRough,SuckerPunch,Protect|Adamant||F|||50|]Farigiraf||SitrusBerry|ArmorTail|HyperVoice,TwinBeam,TrickRoom,HelpingHand|Bold||F|||50|]Incineroar||PasshoBerry|Intimidate|FlareBlitz,ThroatChop,FakeOut,PartingShot|Adamant||F|||50|]Basculegion||MysticWater|Adaptability|WaveCrash,AquaJet,LastRespects,Protect|Adamant||M|||50|]Staraptor||Staraptite|Reckless|CloseCombat,BraveBird,Tailwind,Protect|Adamant||M|||50|]Maushold||WideLens|Technician|PopulationBomb,FollowMe,Charm,Protect|Jolly|||||50|
|inactive|Battle timer is ON: inactive players will automatically lose when time's up. (requested by piktocat)
|
|t:|1782758153
|teamsize|p1|4
|teamsize|p2|4
|start
|switch|p1a: Rotom|Rotom-Wash, L50|100/100
|switch|p1b: Aerodactyl|Aerodactyl, L50, M|100/100
|switch|p2a: Staraptor|Staraptor, L50, M|100/100
|switch|p2b: Incineroar|Incineroar, L50, F|100/100
|-ability|p1b: Aerodactyl|Unnerve
|-ability|p2b: Incineroar|Intimidate|boost
|-unboost|p1a: Rotom|atk|1
|-unboost|p1b: Aerodactyl|atk|1
|turn|1
|inactive|LorGhez has 30 seconds left.
|inactive|piktocat has 30 seconds left.
|inactive|LorGhez has 20 seconds left.
|inactive|piktocat has 20 seconds left.
|inactive|LorGhez has 15 seconds left.
|inactive|piktocat has 15 seconds left.
|
|t:|1782758196
|switch|p2a: Farigiraf|Farigiraf, L50, F|100/100
|detailschange|p1b: Aerodactyl|Aerodactyl-Mega, L50, M
|-mega|p1b: Aerodactyl|Aerodactyl|Aerodactylite
|move|p1b: Aerodactyl|Tailwind|p1b: Aerodactyl
|-sidestart|p1: LorGhez|move: Tailwind
|move|p1a: Rotom|Will-O-Wisp|p2a: Farigiraf
|-status|p2a: Farigiraf|brn
|move|p2b: Incineroar|Parting Shot|p1a: Rotom
|-unboost|p1a: Rotom|atk|1
|-unboost|p1a: Rotom|spa|1
|
|t:|1782758208
|switch|p2b: Maushold|Maushold, L50|100/100|[from] Parting Shot
|
|-damage|p2a: Farigiraf|93/100 brn|[from] brn
|upkeep
|turn|2
|
|t:|1782758220
|move|p2a: Farigiraf|Helping Hand|p2b: Maushold
|-singleturn|p2b: Maushold|Helping Hand|[of] p2a: Farigiraf
|move|p1b: Aerodactyl|Rock Slide|p2a: Farigiraf|[spread] p2a,p2b
|-damage|p2a: Farigiraf|76/100 brn
|-damage|p2b: Maushold|71/100
|move|p1a: Rotom|Light Screen|p1a: Rotom
|-sidestart|p1: LorGhez|move: Light Screen
|move|p2b: Maushold|Population Bomb|p1a: Rotom
|-crit|p1a: Rotom
|-damage|p1a: Rotom|71/100
|-damage|p1a: Rotom|52/100
|-damage|p1a: Rotom|35/100
|-damage|p1a: Rotom|15/100
|-damage|p1a: Rotom|0 fnt
|faint|p1a: Rotom
|-hitcount|p1: Rotom|5
|
|-damage|p2a: Farigiraf|70/100 brn|[from] brn
|upkeep
|inactive|LorGhez has 30 seconds left.
|
|t:|1782758249
|switch|p1a: Sylveon|Sylveon, L50, M|100/100
|turn|3
|
|t:|1782758257
|switch|p2a: Incineroar|Incineroar, L50, F|100/100
|-ability|p2a: Incineroar|Intimidate|boost
|-unboost|p1a: Sylveon|atk|1
|-unboost|p1b: Aerodactyl|atk|1
|move|p1b: Aerodactyl|Rock Slide|p2b: Maushold|[spread] p2a,p2b
|-supereffective|p2a: Incineroar|1
|-damage|p2a: Incineroar|67/100
|-damage|p2b: Maushold|45/100
|move|p2b: Maushold|Population Bomb|p1a: Sylveon|[miss]
|-miss|p2b: Maushold|p1a: Sylveon
|move|p1a: Sylveon|Hyper Voice|p2b: Maushold|[spread] p2a,p2b
|-damage|p2a: Incineroar|23/100
|-damage|p2b: Maushold|0 fnt
|faint|p2b: Maushold
|
|upkeep
|
|t:|1782758271
|switch|p2b: Farigiraf|Farigiraf, L50, F|70/100 brn
|turn|4
|
|t:|1782758278
|move|p2a: Incineroar|Fake Out|p1a: Sylveon
|-damage|p1a: Sylveon|84/100
|move|p1b: Aerodactyl|Rock Slide|p2b: Farigiraf|[spread] p2a,p2b
|-supereffective|p2a: Incineroar|1
|-damage|p2a: Incineroar|0 fnt
|-damage|p2b: Farigiraf|58/100 brn
|faint|p2a: Incineroar
|cant|p1a: Sylveon|flinch
|cant|p2b: Farigiraf|flinch
|
|-damage|p2b: Farigiraf|52/100 brn|[from] brn
|-sideend|p1: LorGhez|move: Tailwind
|upkeep
|
|t:|1782758284
|switch|p2a: Staraptor|Staraptor, L50, M|100/100
|turn|5
|
|t:|1782758306
|move|p1b: Aerodactyl|Rock Slide|p2a: Staraptor|[spread] p2a,p2b
|-supereffective|p2a: Staraptor|1
|-damage|p2a: Staraptor|65/100
|-damage|p2b: Farigiraf|39/100 brn
|-enditem|p2b: Farigiraf|Sitrus Berry|[eat]
|-heal|p2b: Farigiraf|63/100 brn|[from] item: Sitrus Berry
|cant|p2a: Staraptor|flinch
|move|p1a: Sylveon|Hyper Voice|p2a: Staraptor|[spread] p2a,p2b
|-crit|p2a: Staraptor
|-damage|p2a: Staraptor|0 fnt
|-damage|p2b: Farigiraf|27/100 brn
|faint|p2a: Staraptor
|move|p2b: Farigiraf|Trick Room|p2b: Farigiraf
|-fieldstart|move: Trick Room|[of] p2b: Farigiraf
|
|-damage|p2b: Farigiraf|21/100 brn|[from] brn
|upkeep
|turn|6
|-message|piktocat forfeited.
|
|win|LorGhez
||piktocat is ready for game 3.
|inactive|LorGhez has 30 seconds to confirm battle start!
|inactive|LorGhez has 20 seconds to confirm battle start!
|inactive|LorGhez has 10 seconds to confirm battle start!
|uhtml|next|Next: Game 3 of 3
|l|☆piktocat
|player|p2|
