|j|☆vilan333
|j|☆biggestdunce
|html|vilan333biggestdunce    
|uhtml|bestof|Game 2 of a best-of-3
|t:|1783462901
|gametype|doubles
|player|p1|vilan333|marshal|1124
|player|p2|biggestdunce|2|1057
|gen|9
|tier|[Gen 9 Champions] VGC 2026 Reg M-B (Bo3)
|rated|
|rule|Species Clause: Limit one of each Pokémon
|rule|Item Clause: Limit 1 of each item
|clearpoke
|poke|p1|Charizard, L50, M|
|poke|p1|Mawile, L50, F|
|poke|p1|Basculegion, L50, M|
|poke|p1|Garchomp, L50, F|
|poke|p1|Whimsicott, L50, F|
|poke|p1|Farigiraf, L50, M|
|poke|p2|Heracross, L50, F|
|poke|p2|Kangaskhan, L50, F|
|poke|p2|Slowking-Galar, L50, F|
|poke|p2|Kingambit, L50, M|
|poke|p2|Torkoal, L50, M|
|poke|p2|Sylveon, L50, M|
|teampreview|4
|showteam|p1|Charizard||CharizarditeY|Blaze|WeatherBall,HeatWave,SolarBeam,Protect|Timid||M|||50|]Mawile||Mawilite|HyperCutter|PlayRough,SuckerPunch,RockSlide,Protect|Adamant||F|||50|]Basculegion||MysticWater|Adaptability|WaveCrash,LastRespects,AquaJet,Protect|Adamant||M|||50|]Garchomp||LifeOrb|RoughSkin|Earthquake,DragonClaw,RockSlide,Protect|Jolly||F|||50|]Whimsicott||FocusSash|Prankster|Moonblast,Encore,Tailwind,Protect|Timid||F|||50|]Farigiraf||SitrusBerry|ArmorTail|TwinBeam,Thunderbolt,TrickRoom,HelpingHand|Bold||M|||50|
|showteam|p2|Heracross||Heracronite|Guts|CloseCombat,PinMissile,RockBlast,Detect|Brave||F|||50|]Kangaskhan||SilkScarf|Scrappy|FakeOut,LastResort|Brave||F|||50|]Slowking-Galar||ShucaBerry|Regenerator|AcidSpray,TrickRoom,HealPulse,ChillyReception|Sassy||F|||50|]Kingambit||FocusSash|SupremeOverlord|IronHead,SuckerPunch,KowtowCleave,Protect|Brave||M|||50|]Torkoal||Charcoal|Drought|Eruption,WeatherBall,EarthPower,Protect|Modest||M|||50|]Sylveon||FairyFeather|Pixilate|HyperBeam,HyperVoice,Substitute,Protect|Modest||M|||50|
|
|t:|1783462918
|teamsize|p1|4
|teamsize|p2|4
|start
|switch|p1a: Charizard|Charizard, L50, M|100/100
|switch|p1b: Farigiraf|Farigiraf, L50, M|100/100
|switch|p2a: Slowking|Slowking-Galar, L50, F|100/100
|switch|p2b: Kangaskhan|Kangaskhan, L50, F|100/100
|turn|1
|
|t:|1783462935
|detailschange|p1a: Charizard|Charizard-Mega-Y, L50, M
|-mega|p1a: Charizard|Charizard|Charizardite Y
|-weather|SunnyDay|[from] ability: Drought|[of] p1a: Charizard
|move|p1b: Farigiraf|Helping Hand|p1a: Charizard
|-singleturn|p1a: Charizard|Helping Hand|[of] p1b: Farigiraf
|move|p2b: Kangaskhan|Fake Out||[still]
|cant|p1b: Farigiraf|ability: Armor Tail|Fake Out|[of] p2b: Kangaskhan
|move|p1a: Charizard|Weather Ball|p2b: Kangaskhan
|-damage|p2b: Kangaskhan|0 fnt
|faint|p2b: Kangaskhan
|move|p2a: Slowking|Trick Room|p2a: Slowking
|-fieldstart|move: Trick Room|[of] p2a: Slowking
|
|-weather|SunnyDay|[upkeep]
|upkeep
|
|t:|1783462948
|switch|p2b: Heracross|Heracross, L50, F|100/100
|turn|2
|
|t:|1783462960
|switch|p1a: Garchomp|Garchomp, L50, F|100/100
|detailschange|p2b: Heracross|Heracross-Mega, L50, F
|-mega|p2b: Heracross|Heracross|Heracronite
|-prepare|p2a: Slowking|Chilly Reception|[premajor]
|move|p2a: Slowking|Chilly Reception|p2a: Slowking
|-weather|Snowscape
|
|t:|1783462967
|switch|p2a: Kingambit|Kingambit, L50, M|100/100|[from] Chilly Reception
|-activate|p2a: Kingambit|ability: Supreme Overlord
|-start|p2a: Kingambit|fallen1|[silent]
|move|p2b: Heracross|Rock Blast|p1a: Garchomp
|-resisted|p1a: Garchomp|1
|-damage|p1a: Garchomp|94/100
|-resisted|p1a: Garchomp|1
|-damage|p1a: Garchomp|87/100
|-resisted|p1a: Garchomp|1
|-crit|p1a: Garchomp
|-damage|p1a: Garchomp|78/100
|-resisted|p1a: Garchomp|1
|-damage|p1a: Garchomp|71/100
|-resisted|p1a: Garchomp|1
|-damage|p1a: Garchomp|66/100
|-hitcount|p1a: Garchomp|5
|move|p1b: Farigiraf|Trick Room|p1b: Farigiraf
|-fieldend|move: Trick Room
|
|-weather|Snowscape|[upkeep]
|upkeep
|turn|3
|
|t:|1783462993
|switch|p1b: Charizard|Charizard-Mega-Y, L50, M|100/100
|-weather|SunnyDay|[from] ability: Drought|[of] p1b: Charizard
|move|p2a: Kingambit|Protect|p2a: Kingambit
|-singleturn|p2a: Kingambit|Protect
|move|p1a: Garchomp|Earthquake|p2a: Kingambit|[spread] p2b
|-activate|p2a: Kingambit|move: Protect
|-immune|p1b: Charizard
|-resisted|p2b: Heracross|1
|-damage|p2b: Heracross|78/100
|-damage|p1a: Garchomp|56/100|[from] item: Life Orb
|move|p2b: Heracross|Close Combat|p1a: Garchomp
|-damage|p1a: Garchomp|0 fnt
|-unboost|p2b: Heracross|def|1
|-unboost|p2b: Heracross|spd|1
|-damage|p2b: Heracross|66/100|[from] ability: Rough Skin|[of] p1a: Garchomp
|faint|p1a: Garchomp
|
|-weather|SunnyDay|[upkeep]
|upkeep
|
|t:|1783463015
|switch|p1a: Basculegion|Basculegion, L50, M|100/100
|turn|4
|
|t:|1783463023
|switch|p2b: Slowking|Slowking-Galar, L50, F|100/100
|move|p1a: Basculegion|Aqua Jet|p2a: Kingambit
|-crit|p2a: Kingambit
|-damage|p2a: Kingambit|83/100
|move|p2a: Kingambit|Sucker Punch||[still]
|-fail|p2a: Kingambit
|move|p1b: Charizard|Heat Wave|p2a: Kingambit|[spread] p2a
|-miss|p1b: Charizard|p2b: Slowking
|-supereffective|p2a: Kingambit|1
|-damage|p2a: Kingambit|0 fnt
|faint|p2a: Kingambit
|-end|p2a: Kingambit|fallen1|[silent]
|
|-weather|SunnyDay|[upkeep]
|upkeep
|
|t:|1783463035
|switch|p2a: Heracross|Heracross-Mega, L50, F|66/100
|turn|5
|
|t:|1783463044
|move|p2a: Heracross|Detect|p2a: Heracross
|-singleturn|p2a: Heracross|Protect
|move|p1b: Charizard|Weather Ball|p2a: Heracross
|-activate|p2a: Heracross|move: Protect
|move|p1a: Basculegion|Last Respects|p2b: Slowking
|-supereffective|p2b: Slowking|1
|-crit|p2b: Slowking
|-damage|p2b: Slowking|0 fnt
|faint|p2b: Slowking
|
|-weather|SunnyDay|[upkeep]
|upkeep
|turn|6
|-message|biggestdunce forfeited.
|
|win|vilan333
|l|☆biggestdunce
|player|p2|
