|j|☆noaddedsugar123
|j|☆Arahelis
|html|noaddedsugar123Arahelis    
|uhtml|bestof|Game 1 of a best-of-3
|t:|1783369313
|gametype|doubles
|player|p1|noaddedsugar123|iris-gen5bw2|1000
|player|p2|Arahelis|sailor|1069
|gen|9
|tier|[Gen 9 Champions] VGC 2026 Reg M-B (Bo3)
|rated|
|rule|Species Clause: Limit one of each Pokémon
|rule|Item Clause: Limit 1 of each item
|clearpoke
|poke|p1|Froslass, L50, F|
|poke|p1|Dragonite, L50, M|
|poke|p1|Orthworm, L50, M|
|poke|p1|Sneasler, L50, M|
|poke|p1|Glimmora, L50, M|
|poke|p1|Sinistcha, L50|
|poke|p2|Dragalge, L50, F|
|poke|p2|Scrafty, L50, F|
|poke|p2|Grimmsnarl, L50, M|
|poke|p2|Garchomp, L50, F|
|poke|p2|Sinistcha-Masterpiece, L50|
|poke|p2|Krookodile, L50, M|
|teampreview|4
|showteam|p1|Froslass||Froslassite|SnowCloak|AuroraVeil,Blizzard,Protect,ShadowBall|Timid||F|||50|]Dragonite||Dragoninite|Multiscale|DragonClaw,DragonDance,Earthquake,Protect|Jolly||M|||50|]Orthworm||SitrusBerry|EarthEater|ShedTail,BodyPress,IronDefense,Protect|Impish||M|||50|]Sneasler||WhiteHerb|Unburden|CloseCombat,DireClaw,FakeOut,Protect|Naive||M|||50|]Glimmora||FocusSash|ToxicDebris|SpikyShield,PowerGem,EarthPower,SludgeBomb|Modest||M|||50|]Sinistcha||KasibBerry|Hospitality|MatchaGotcha,LifeDew,RagePowder,Protect|Modest|||||50|
|showteam|p2|Dragalge||Dragalgite|PoisonPoint|Scald,ToxicSpikes,Toxic,Protect|Calm||F|||50|]Scrafty||SitrusBerry|Intimidate|FakeOut,KnockOff,Roar,QuickGuard|Careful||F|||50|]Grimmsnarl||LightClay|Prankster|Reflect,LightScreen,FakeOut,PartingShot|Calm||M|||50|]Garchomp||LifeOrb|RoughSkin|Earthquake,BreakingSwipe,PoisonJab,Protect|Jolly||F|||50|]Sinistcha-Masterpiece||Leftovers|Hospitality|MatchaGotcha,StrengthSap,GrassyTerrain,LifeDew|Calm|||||50|]Krookodile||FocusSash|Intimidate|HighHorsepower,CloseCombat,ThroatChop,Protect|Jolly||M|||50|
|c|☆Arahelis|glhf
|
|t:|1783369342
|teamsize|p1|4
|teamsize|p2|4
|start
|switch|p1a: Orthworm|Orthworm, L50, M|100/100
|switch|p1b: Sneasler|Sneasler, L50, M|100/100
|switch|p2a: Dragalge|Dragalge, L50, F|100/100
|switch|p2b: Scrafty|Scrafty, L50, F|100/100
|-ability|p2b: Scrafty|Intimidate|boost
|-unboost|p1a: Orthworm|atk|1
|-unboost|p1b: Sneasler|atk|1
|-enditem|p1b: Sneasler|White Herb
|-clearnegativeboost|p1b: Sneasler|[silent]
|turn|1
|inactive|Battle timer is ON: inactive players will automatically lose when time's up. (requested by noaddedsugar123)
|
|t:|1783369375
|switch|p2b: Krookodile|Krookodile, L50, M|100/100
|-ability|p2b: Krookodile|Intimidate|boost
|-unboost|p1a: Orthworm|atk|1
|-unboost|p1b: Sneasler|atk|1
|detailschange|p2a: Dragalge|Dragalge-Mega, L50, F
|-mega|p2a: Dragalge|Dragalge|Dragalgite
|move|p2a: Dragalge|Protect|p2a: Dragalge
|-singleturn|p2a: Dragalge|Protect
|move|p1b: Sneasler|Fake Out|p2a: Dragalge
|-activate|p2a: Dragalge|move: Protect
|move|p1a: Orthworm|Shed Tail|p1a: Orthworm
|-start|p1a: Orthworm|Substitute|[from] move: Shed Tail
|-damage|p1a: Orthworm|49/100
|-enditem|p1a: Orthworm|Sitrus Berry|[eat]
|-heal|p1a: Orthworm|74/100|[from] item: Sitrus Berry
|inactive|noaddedsugar123 has 30 seconds left.
|
|t:|1783369401
|switch|p1a: Froslass|Froslass, L50, F|100/100|[from] Shed Tail
|
|upkeep
|turn|2
|
|t:|1783369418
|switch|p1b: Orthworm|Orthworm, L50, M|74/100
|detailschange|p1a: Froslass|Froslass-Mega, L50, F
|-mega|p1a: Froslass|Froslass|Froslassite
|-weather|Snowscape|[from] ability: Snow Warning|[of] p1a: Froslass
|move|p2b: Krookodile|Throat Chop|p1a: Froslass
|-supereffective|p1a: Froslass|1
|-end|p1a: Froslass|Substitute
|move|p1a: Froslass|Blizzard|p2b: Krookodile|[spread] p2a,p2b
|-supereffective|p2a: Dragalge|1
|-supereffective|p2b: Krookodile|1
|-damage|p2a: Dragalge|40/100
|-enditem|p2b: Krookodile|Focus Sash
|-damage|p2b: Krookodile|1/100
|move|p2a: Dragalge|Toxic Spikes|p1a: Froslass
|-sidestart|p1: noaddedsugar123|move: Toxic Spikes
|
|-weather|Snowscape|[upkeep]
|upkeep
|turn|3
|inactive|Arahelis has 30 seconds left.
|
|t:|1783369445
|-heal|p2a: Dragalge|73/100|[from] ability: Regenerator|[silent]
|switch|p2a: Scrafty|Scrafty, L50, F|100/100
|-ability|p2a: Scrafty|Intimidate|boost
|-unboost|p1a: Froslass|atk|1
|-unboost|p1b: Orthworm|atk|1
|move|p1a: Froslass|Protect|p1a: Froslass
|-singleturn|p1a: Froslass|Protect
|move|p2b: Krookodile|Throat Chop|p1a: Froslass
|-activate|p1a: Froslass|move: Protect
|move|p1b: Orthworm|Iron Defense|p1b: Orthworm
|-boost|p1b: Orthworm|def|2
|
|-weather|Snowscape|[upkeep]
|upkeep
|turn|4
|inactive|noaddedsugar123 has 30 seconds left.
|
|t:|1783369476
|switch|p1a: Sneasler|Sneasler, L50, M|100/100
|-sideend|p1: noaddedsugar123|move: Toxic Spikes|[of] p1a: Sneasler
|move|p2a: Scrafty|Fake Out|p1b: Orthworm
|-resisted|p1b: Orthworm|1
|-damage|p1b: Orthworm|72/100
|move|p2b: Krookodile|Throat Chop|p1a: Sneasler
|-resisted|p1a: Sneasler|1
|-damage|p1a: Sneasler|78/100
|-start|p1a: Sneasler|Throat Chop|[silent]
|cant|p1b: Orthworm|flinch
|
|-weather|Snowscape|[upkeep]
|upkeep
|turn|5
|inactive|Arahelis has 30 seconds left.
|
|t:|1783369508
|switch|p2a: Dragalge|Dragalge-Mega, L50, F|73/100
|move|p2b: Krookodile|Protect|p2b: Krookodile
|-singleturn|p2b: Krookodile|Protect
|move|p1a: Sneasler|Fake Out|p2b: Krookodile
|-activate|p2b: Krookodile|move: Protect
|move|p1b: Orthworm|Body Press|p2a: Dragalge
|-resisted|p2a: Dragalge|1
|-damage|p2a: Dragalge|52/100
|
|-weather|Snowscape|[upkeep]
|-end|p1a: Sneasler|Throat Chop|[silent]
|upkeep
|turn|6
|inactive|noaddedsugar123 has 30 seconds left.
|inactive|Arahelis has 30 seconds left.
|
|t:|1783369540
|switch|p2b: Scrafty|Scrafty, L50, F|100/100
|-ability|p2b: Scrafty|Intimidate|boost
|-unboost|p1a: Sneasler|atk|1
|-unboost|p1b: Orthworm|atk|1
|switch|p1b: Froslass|Froslass-Mega, L50, F|100/100
|move|p1a: Sneasler|Dire Claw|p2b: Scrafty
|-damage|p2b: Scrafty|75/100
|-status|p2b: Scrafty|psn
|move|p2a: Dragalge|Toxic Spikes|p1b: Froslass
|-sidestart|p1: noaddedsugar123|move: Toxic Spikes
|
|-weather|none
|-damage|p2b: Scrafty|62/100 psn|[from] psn
|upkeep
|turn|7
|
|t:|1783369563
|move|p2b: Scrafty|Fake Out|p1a: Sneasler
|-damage|p1a: Sneasler|67/100
|cant|p1a: Sneasler|flinch
|move|p1b: Froslass|Aurora Veil||[still]
|-fail|p1b: Froslass
|move|p2a: Dragalge|Toxic|p1b: Froslass
|-status|p1b: Froslass|tox
|
|-damage|p1b: Froslass|93/100 tox|[from] psn
|-damage|p2b: Scrafty|50/100g psn|[from] psn
|upkeep
|turn|8
|
|t:|1783369582
|switch|p1b: Orthworm|Orthworm, L50, M|72/100
|-heal|p2a: Dragalge|86/100|[from] ability: Regenerator|[silent]
|switch|p2a: Sinistcha|Sinistcha-Masterpiece, L50|100/100
|-heal|p2b: Scrafty|75/100 psn|[from] ability: Hospitality|[of] p2a: Sinistcha
|move|p1a: Sneasler|Protect|p1a: Sneasler
|-singleturn|p1a: Sneasler|Protect
|move|p2b: Scrafty|Knock Off|p1b: Orthworm
|-crit|p1b: Orthworm
|-damage|p1b: Orthworm|51/100
|
|-damage|p2b: Scrafty|63/100 psn|[from] psn
|upkeep
|turn|9
|inactive|noaddedsugar123 has 30 seconds left.
|inactive|Arahelis has 30 seconds left.
|
|t:|1783369611
|switch|p2b: Dragalge|Dragalge-Mega, L50, F|86/100
|move|p1a: Sneasler|Dire Claw|p2a: Sinistcha
|-damage|p2a: Sinistcha|71/100
|move|p1b: Orthworm|Body Press|p2b: Dragalge
|-resisted|p2b: Dragalge|1
|-damage|p2b: Dragalge|75/100
|move|p2a: Sinistcha|Matcha Gotcha|p1b: Orthworm|[spread] p1a,p1b
|-resisted|p1a: Sneasler|1
|-resisted|p1b: Orthworm|1
|-damage|p1a: Sneasler|47/100
|-heal|p2a: Sinistcha|79/100|[from] drain|[of] p1a: Sneasler
|-damage|p1b: Orthworm|32/100
|-heal|p2a: Sinistcha|89/100|[from] drain|[of] p1b: Orthworm
|-status|p1b: Orthworm|brn
|
|-heal|p2a: Sinistcha|95/100|[from] item: Leftovers
|-damage|p1b: Orthworm|26/100 brn|[from] brn
|upkeep
|turn|10
|inactive|noaddedsugar123 has 30 seconds left.
|inactive|Arahelis has 30 seconds left.
|
|t:|1783369636
|switch|p1b: Froslass|Froslass-Mega, L50, F|93/100 tox
|-weather|Snowscape|[from] ability: Snow Warning|[of] p1b: Froslass
|move|p1a: Sneasler|Protect|p1a: Sneasler
|-singleturn|p1a: Sneasler|Protect
|move|p2a: Sinistcha|Matcha Gotcha|p1a: Sneasler|[spread] p1b
|-activate|p1a: Sneasler|move: Protect
|-damage|p1b: Froslass|71/100 tox
|-heal|p2a: Sinistcha|100/100|[from] drain|[of] p1b: Froslass
|move|p2b: Dragalge|Scald|p1a: Sneasler
|-activate|p1a: Sneasler|move: Protect
|
|-weather|Snowscape|[upkeep]
|-damage|p1b: Froslass|64/100 tox|[from] psn
|upkeep
|turn|11
|inactive|noaddedsugar123 has 30 seconds left.
|inactive|Arahelis has 30 seconds left.
|
|t:|1783369664
|switch|p2a: Scrafty|Scrafty, L50, F|63/100 psn
|-ability|p2a: Scrafty|Intimidate|boost
|-unboost|p1a: Sneasler|atk|1
|-unboost|p1b: Froslass|atk|1
|move|p2b: Dragalge|Protect|p2b: Dragalge
|-singleturn|p2b: Dragalge|Protect
|move|p1a: Sneasler|Close Combat|p2b: Dragalge
|-activate|p2b: Dragalge|move: Protect
|move|p1b: Froslass|Aurora Veil|p1b: Froslass
|-sidestart|p1: noaddedsugar123|move: Aurora Veil
|
|-weather|Snowscape|[upkeep]
|-damage|p1b: Froslass|52/100 tox|[from] psn
|-damage|p2a: Scrafty|51/100 psn|[from] psn
|upkeep
|turn|12
|
|t:|1783369684
|switch|p1a: Dragonite|Dragonite, L50, M|100/100
|-heal|p2b: Dragalge|100/100|[from] ability: Regenerator|[silent]
|switch|p2b: Sinistcha|Sinistcha-Masterpiece, L50|100/100
|-heal|p2a: Scrafty|76/100 psn|[from] ability: Hospitality|[of] p2b: Sinistcha
|move|p1b: Froslass|Blizzard|p2a: Scrafty|[spread] p2a,p2b
|-supereffective|p2b: Sinistcha|1
|-damage|p2a: Scrafty|44/100 psn
|-damage|p2b: Sinistcha|25/100
|-enditem|p2a: Scrafty|Sitrus Berry|[eat]
|-heal|p2a: Scrafty|69/100 psn|[from] item: Sitrus Berry
|move|p2a: Scrafty|Knock Off|p1b: Froslass
|-supereffective|p1b: Froslass|1
|-damage|p1b: Froslass|25/100 tox
|
|-weather|Snowscape|[upkeep]
|-heal|p2b: Sinistcha|32/100|[from] item: Leftovers
|-damage|p1b: Froslass|6/100 tox|[from] psn
|-damage|p2a: Scrafty|57/100 psn|[from] psn
|upkeep
|turn|13
|inactive|noaddedsugar123 has 30 seconds left.
|inactive|Arahelis has 30 seconds left.
|inactive|Arahelis has 20 seconds left.
|inactive|Arahelis has 15 seconds left.
|
|t:|1783369725
|switch|p2b: Krookodile|Krookodile, L50, M|1/100
|-ability|p2b: Krookodile|Intimidate|boost
|-unboost|p1a: Dragonite|atk|1
|-unboost|p1b: Froslass|atk|1
|move|p1b: Froslass|Blizzard|p2a: Scrafty|[spread] p2a,p2b
|-supereffective|p2b: Krookodile|1
|-damage|p2a: Scrafty|29/100 psn
|-damage|p2b: Krookodile|0 fnt
|faint|p2b: Krookodile
|move|p1a: Dragonite|Dragon Claw|p2a: Scrafty
|-damage|p2a: Scrafty|2/100 psn
|move|p2a: Scrafty|Knock Off|p1a: Dragonite
|-damage|p1a: Dragonite|92/100
|
|-weather|Snowscape|[upkeep]
|-damage|p1b: Froslass|0 fnt|[from] psn
|faint|p1b: Froslass
|-damage|p2a: Scrafty|0 fnt|[from] psn
|faint|p2a: Scrafty
|upkeep
|
|t:|1783369745
|switch|p2b: Sinistcha|Sinistcha-Masterpiece, L50|32/100
|switch|p1b: Sneasler|Sneasler, L50, M|47/100
|switch|p2a: Dragalge|Dragalge-Mega, L50, F|100/100
|-sideend|p1: noaddedsugar123|move: Toxic Spikes|[of] p1b: Sneasler
|turn|14
|inactive|Arahelis has 30 seconds left.
|
|t:|1783369772
|move|p1b: Sneasler|Fake Out|p2a: Dragalge
|-damage|p2a: Dragalge|88/100
|move|p1a: Dragonite|Dragon Claw|p2a: Dragalge
|-supereffective|p2a: Dragalge|1
|-damage|p2a: Dragalge|38/100
|move|p2b: Sinistcha|Strength Sap|p1a: Dragonite
|-unboost|p1a: Dragonite|atk|1
|-heal|p2b: Sinistcha|100/100
|cant|p2a: Dragalge|flinch
|
|-weather|none
|upkeep
|turn|15
|inactive|Arahelis has 30 seconds left.
|
|t:|1783369797
|switch|p1a: Orthworm|Orthworm, L50, M|26/100 brn
|move|p2a: Dragalge|Protect|p2a: Dragalge
|-singleturn|p2a: Dragalge|Protect
|move|p1b: Sneasler|Dire Claw|p2b: Sinistcha
|-damage|p2b: Sinistcha|57/100
|-status|p2b: Sinistcha|par
|move|p2b: Sinistcha|Life Dew|p2b: Sinistcha|[spread] p2a,p2b
|-heal|p2a: Dragalge|63/100
|-heal|p2b: Sinistcha|82/100 par
|
|-heal|p2b: Sinistcha|88/100 par|[from] item: Leftovers
|-damage|p1a: Orthworm|20/100y brn|[from] brn
|-sideend|p1: noaddedsugar123|move: Aurora Veil
|upkeep
|turn|16
|
|t:|1783369820
|move|p1b: Sneasler|Dire Claw|p2b: Sinistcha
|-damage|p2b: Sinistcha|48/100 par
|move|p1a: Orthworm|Shed Tail|p1a: Orthworm
|-fail|p1a: Orthworm|move: Shed Tail|[weak]
|move|p2a: Dragalge|Scald|p1b: Sneasler
|-damage|p1b: Sneasler|11/100
|-status|p1b: Sneasler|brn
|move|p2b: Sinistcha|Strength Sap|p1b: Sneasler
|-unboost|p1b: Sneasler|atk|1
|-heal|p2b: Sinistcha|100/100 par
|
|-damage|p1b: Sneasler|5/100 brn|[from] brn
|-damage|p1a: Orthworm|14/100 brn|[from] brn
|upkeep
|turn|17
|
|t:|1783369842
|move|p1a: Orthworm|Protect|p1a: Orthworm
|-singleturn|p1a: Orthworm|Protect
|move|p2a: Dragalge|Protect|p2a: Dragalge
|-singleturn|p2a: Dragalge|Protect
|move|p1b: Sneasler|Dire Claw|p2a: Dragalge
|-activate|p2a: Dragalge|move: Protect
|move|p2b: Sinistcha|Life Dew||[still]|[spread] p2a,p2b
|-heal|p2a: Dragalge|88/100
|-fail|p2b: Sinistcha|heal
|
|-damage|p1b: Sneasler|0 fnt|[from] brn
|faint|p1b: Sneasler
|-damage|p1a: Orthworm|7/100 brn|[from] brn
|upkeep
|
|t:|1783369858
|switch|p1b: Dragonite|Dragonite, L50, M|92/100
|turn|18
|inactive|noaddedsugar123 has 30 seconds left.
|
|t:|1783369869
|move|p1b: Dragonite|Dragon Claw|p2a: Dragalge
|-supereffective|p2a: Dragalge|1
|-damage|p2a: Dragalge|19/100
|move|p1a: Orthworm|Body Press|p2a: Dragalge
|-resisted|p2a: Dragalge|1
|-damage|p2a: Dragalge|13/100
|move|p2a: Dragalge|Toxic|p1b: Dragonite
|-status|p1b: Dragonite|tox
|move|p2b: Sinistcha|Strength Sap|p1b: Dragonite
|-unboost|p1b: Dragonite|atk|1
|
|-damage|p1b: Dragonite|86/100 tox|[from] psn
|-damage|p1a: Orthworm|1/100 brn|[from] brn
|upkeep
|turn|19
|inactive|noaddedsugar123 has 30 seconds left this turn.
|inactive|noaddedsugar123 has 20 seconds left.
|inactive|noaddedsugar123 has 15 seconds left.
|inactive|noaddedsugar123 has 10 seconds left.
|
|t:|1783369890
|move|p2a: Dragalge|Protect|p2a: Dragalge
|-singleturn|p2a: Dragalge|Protect
|move|p1b: Dragonite|Dragon Claw|p2b: Sinistcha
|-damage|p2b: Sinistcha|74/100 par
|move|p1a: Orthworm|Body Press|p2a: Dragalge
|-activate|p2a: Dragalge|move: Protect
|move|p2b: Sinistcha|Life Dew|p2b: Sinistcha|[spread] p2a,p2b
|-heal|p2a: Dragalge|38/100
|-heal|p2b: Sinistcha|99/100 par
|
|-heal|p2b: Sinistcha|100/100 par|[from] item: Leftovers
|-damage|p1b: Dragonite|74/100 tox|[from] psn
|-damage|p1a: Orthworm|0 fnt|[from] brn
|faint|p1a: Orthworm
|upkeep
|turn|20
|inactive|noaddedsugar123 has 10 seconds left this turn.
|inactive|noaddedsugar123 has 5 seconds left.
|inactive|Arahelis has 30 seconds left.
|-message|noaddedsugar123 lost due to inactivity.
|
|win|Arahelis
