|j|☆ninha1600
|j|☆viatles
|html|ninha1600viatles    
|uhtml|bestof|Game 1 of a best-of-3
|t:|1756279916
|gametype|doubles
|player|p1|ninha1600|lady|1055
|player|p2|viatles|hiker|1029
|gen|9
|tier|[Gen 9] VGC 2025 Reg H (Bo3)
|rated|
|rule|Species Clause: Limit one of each Pokémon
|rule|Item Clause: Limit 1 of each item
|clearpoke
|poke|p1|Gholdengo, L50|
|poke|p1|Sneasler, L50, F|
|poke|p1|Dragonite, L50, F|
|poke|p1|Incineroar, L50, F|
|poke|p1|Whimsicott, L50, M|
|poke|p1|Baxcalibur, L50, M|
|poke|p2|Oricorio-Sensu, L50, M|
|poke|p2|Volcarona, L50, F|
|poke|p2|Sylveon, L50, F|
|poke|p2|Murkrow, L50, F|
|poke|p2|Dragapult, L50, M|
|poke|p2|Baxcalibur, L50, F|
|teampreview|4
|showteam|p1|Gholdengo||ChoiceSpecs|GoodasGold|Thunderbolt,MakeItRain,ShadowBall,Trick||||||50|,,,,,Water]Sneasler||WhiteHerb|Unburden|FakeOut,Protect,CloseCombat,DireClaw|||F|||50|,,,,,Stellar]Dragonite||Leftovers|InnerFocus|RainDance,ExtremeSpeed,IceSpinner,StompingTantrum|||F|||50|,,,,,Normal]Incineroar||AssaultVest|Intimidate|FakeOut,KnockOff,FlareBlitz,Uturn|||F|||50|,,,,,Grass]Whimsicott||FocusSash|Prankster|Protect,Tailwind,Moonblast,Encore|||M|||50|,,,,,Ghost]Baxcalibur||LoadedDice|ThermalExchange|ScaleShot,IcicleSpear,Protect,IceShard|||M|||50|,,,,,Ghost
|showteam|p2|Oricorio-Sensu||FocusSash|Dancer|QuiverDance,BatonPass,RevelationDance,Protect|||M|||50|,,,,,Fighting]Volcarona||SitrusBerry|FlameBody|QuiverDance,GigaDrain,FieryDance,Protect|||F|||50|,,,,,Grass]Sylveon||ChoiceScarf|Pixilate|HyperVoice,TeraBlast,StoredPower,SleepTalk|||F|||50|,,,,,Ground]Murkrow||Eviolite|Prankster|Tailwind,FoulPlay,Haze,FeatherDance|||F|||50|,,,,,Dark]Dragapult||CovertCloak|ClearBody|DragonCheer,DragonDarts,Protect,PhantomForce|||M|||50|,,,,,Stellar]Baxcalibur||LoadedDice|ThermalExchange|IcicleSpear,ScaleShot,GlaiveRush,Protect|||F|||50|,,,,,Grass
|c|☆viatles|gl hf
|inactive|Battle timer is ON: inactive players will automatically lose when time's up. (requested by viatles)
|inactive|ninha1600 has 60 seconds left.
|inactive|ninha1600 has 30 seconds left.
|inactive|ninha1600 has 20 seconds left.
|
|t:|1756279994
|teamsize|p1|4
|teamsize|p2|4
|start
|switch|p1a: Whimsicott|Whimsicott, L50, M|100/100
|switch|p1b: Incineroar|Incineroar, L50, F|100/100
|switch|p2a: Oricorio|Oricorio-Sensu, L50, M|100/100
|switch|p2b: Volcarona|Volcarona, L50, F|100/100
|-ability|p1b: Incineroar|Intimidate|boost
|-unboost|p2a: Oricorio|atk|1
|-unboost|p2b: Volcarona|atk|1
|turn|1
|inactive|ninha1600 has 30 seconds left.
|
|t:|1756280025
|move|p1a: Whimsicott|Tailwind|p1a: Whimsicott
|-sidestart|p1: ninha1600|move: Tailwind
|move|p1b: Incineroar|U-turn|p2a: Oricorio
|-resisted|p2a: Oricorio
|-damage|p2a: Oricorio|93/100
|
|t:|1756280032
|switch|p1b: Baxcalibur|Baxcalibur, L50, M|100/100|[from] U-turn
|move|p2a: Oricorio|Quiver Dance|p2a: Oricorio
|-boost|p2a: Oricorio|spa|1
|-boost|p2a: Oricorio|spd|1
|-boost|p2a: Oricorio|spe|1
|move|p2b: Volcarona|Quiver Dance|p2b: Volcarona
|-boost|p2b: Volcarona|spa|1
|-boost|p2b: Volcarona|spd|1
|-boost|p2b: Volcarona|spe|1
|-activate|p2a: Oricorio|ability: Dancer
|move|p2a: Oricorio|Quiver Dance|p2a: Oricorio|[from] ability: Dancer
|-boost|p2a: Oricorio|spa|1
|-boost|p2a: Oricorio|spd|1
|-boost|p2a: Oricorio|spe|1
|
|upkeep
|turn|2
|inactive|ninha1600 has 30 seconds left.
|inactive|viatles has 30 seconds left.
|
|t:|1756280064
|-terastallize|p2a: Oricorio|Fighting
|move|p1a: Whimsicott|Encore|p2a: Oricorio
|-start|p2a: Oricorio|Encore
|move|p2a: Oricorio|Quiver Dance|p2a: Oricorio
|-boost|p2a: Oricorio|spa|1
|-boost|p2a: Oricorio|spd|1
|-boost|p2a: Oricorio|spe|1
|move|p1b: Baxcalibur|Scale Shot|p2b: Volcarona
|-damage|p2b: Volcarona|85/100
|-damage|p2b: Volcarona|69/100
|-damage|p2b: Volcarona|53/100
|-damage|p2b: Volcarona|37/100
|-enditem|p2b: Volcarona|Sitrus Berry|[eat]
|-heal|p2b: Volcarona|62/100|[from] item: Sitrus Berry
|-damage|p2b: Volcarona|44/100
|-hitcount|p2b: Volcarona|5
|-unboost|p1b: Baxcalibur|def|1
|-boost|p1b: Baxcalibur|spe|1
|move|p2b: Volcarona|Fiery Dance|p1a: Whimsicott
|-supereffective|p1a: Whimsicott
|-enditem|p1a: Whimsicott|Focus Sash
|-damage|p1a: Whimsicott|1/100
|-activate|p2a: Oricorio|ability: Dancer
|move|p2a: Oricorio|Fiery Dance|p1a: Whimsicott|[from] ability: Dancer
|-supereffective|p1a: Whimsicott
|-damage|p1a: Whimsicott|0 fnt
|faint|p1a: Whimsicott
|
|upkeep
|inactive|ninha1600 has 30 seconds left.
|
|t:|1756280098
|switch|p1a: Gholdengo|Gholdengo, L50|100/100
|turn|3
|
|t:|1756280115
|-terastallize|p1a: Gholdengo|Water
|move|p1b: Baxcalibur|Scale Shot|p2a: Oricorio
|-damage|p2a: Oricorio|71/100
|-damage|p2a: Oricorio|47/100
|-damage|p2a: Oricorio|24/100
|-damage|p2a: Oricorio|0 fnt
|faint|p2a: Oricorio
|-hitcount|p2: Oricorio|4
|-unboost|p1b: Baxcalibur|def|1
|-boost|p1b: Baxcalibur|spe|1
|move|p1a: Gholdengo|Make It Rain|p2b: Volcarona
|-resisted|p2b: Volcarona
|-crit|p2b: Volcarona
|-damage|p2b: Volcarona|0 fnt
|-unboost|p1a: Gholdengo|spa|1
|faint|p2b: Volcarona
|
|upkeep
|
|t:|1756280132
|switch|p2a: Sylveon|Sylveon, L50, F|100/100
|switch|p2b: Dragapult|Dragapult, L50, M|100/100
|turn|4
|
|t:|1756280146
|switch|p1a: Incineroar|Incineroar, L50, F|100/100
|-ability|p1a: Incineroar|Intimidate|boost
|-unboost|p2a: Sylveon|atk|1
|-fail|p2b: Dragapult|unboost|[from] ability: Clear Body|[of] p2b: Dragapult
|move|p1b: Baxcalibur|Protect|p1b: Baxcalibur
|-singleturn|p1b: Baxcalibur|Protect
|move|p2b: Dragapult|Protect|p2b: Dragapult
|-singleturn|p2b: Dragapult|Protect
|move|p2a: Sylveon|Hyper Voice|p1b: Baxcalibur|[spread] p1a
|-activate|p1b: Baxcalibur|move: Protect
|-damage|p1a: Incineroar|73/100
|
|-sideend|p1: ninha1600|move: Tailwind
|upkeep
|turn|5
|inactive|ninha1600 has 30 seconds left.
|
|t:|1756280180
|move|p1b: Baxcalibur|Scale Shot|p2b: Dragapult
|-supereffective|p2b: Dragapult
|-damage|p2b: Dragapult|60/100
|-supereffective|p2b: Dragapult
|-damage|p2b: Dragapult|20/100
|-supereffective|p2b: Dragapult
|-damage|p2b: Dragapult|0 fnt
|faint|p2b: Dragapult
|-hitcount|p2: Dragapult|3
|-unboost|p1b: Baxcalibur|def|1
|-boost|p1b: Baxcalibur|spe|1
|move|p2a: Sylveon|Hyper Voice|p1b: Baxcalibur|[spread] p1a,p1b
|-supereffective|p1b: Baxcalibur
|-damage|p1a: Incineroar|48/100
|-damage|p1b: Baxcalibur|15/100
|move|p1a: Incineroar|Knock Off|p2a: Sylveon
|-resisted|p2a: Sylveon
|-damage|p2a: Sylveon|67/100
|-enditem|p2a: Sylveon|Choice Scarf|[from] move: Knock Off|[of] p1a: Incineroar
|
|upkeep
|turn|6
|inactive|ninha1600 has 30 seconds left.
|
|t:|1756280205
|move|p1b: Baxcalibur|Icicle Spear|p2a: Sylveon
|-damage|p2a: Sylveon|45/100
|-damage|p2a: Sylveon|24/100
|-damage|p2a: Sylveon|2/100
|-damage|p2a: Sylveon|0 fnt
|faint|p2a: Sylveon
|-hitcount|p2: Sylveon|4
|
|win|ninha1600
||viatles is ready for game 2.
|inactive|ninha1600 has 30 seconds to confirm battle start!
||ninha1600 is ready for game 2.
|uhtml|next|Next: Game 2 of 3
|l|☆ninha1600
|player|p1|
