|j|☆Yumgar
|j|☆brevity
|html|Yumgarbrevity    
|uhtml|bestof|Game 1 of a best-of-3
|t:|1783826302
|gametype|doubles
|player|p1|Yumgar|cynthia-gen4|
|player|p2|brevity|ghetsis|
|gen|9
|tier|[Gen 9 Champions] VGC 2026 Reg M-B (Bo3)
|rule|Species Clause: Limit one of each Pokémon
|rule|Item Clause: Limit 1 of each item
|clearpoke
|poke|p1|Charizard, L50, F|
|poke|p1|Venusaur, L50, F|
|poke|p1|Sneasler, L50, F|
|poke|p1|Espathra, L50, F|
|poke|p1|Goodra-Hisui, L50, M|
|poke|p1|Primarina, L50, F|
|poke|p2|Kingambit, L50, F|
|poke|p2|Incineroar, L50, M|
|poke|p2|Sinistcha, L50|
|poke|p2|Vileplume, L50, F|
|poke|p2|Farigiraf, L50, F|
|poke|p2|Torkoal, L50, F|
|teampreview|4
|showteam|p1|Charizard||CharizarditeY|Blaze|HeatWave,BlastBurn,ScorchingSands,Protect|Modest||F|||50|]Venusaur||LifeOrb|Chlorophyll|Roar,SludgeBomb,EarthPower,Protect|Modest||F|||50|]Sneasler||WhiteHerb|PoisonTouch|CloseCombat,DireClaw,FakeOut,Protect|Adamant||F|||50|]Espathra||SitrusBerry|SpeedBoost|BatonPass,LuminaCrash,CalmMind,Protect|Timid||F|||50|]Goodra-Hisui||Leftovers|SapSipper|BodyPress,DracoMeteor,Shelter,Protect|Calm||M|||50|]Primarina||MysticWater|LiquidVoice|HyperVoice,DazzlingGleam,Encore,Protect|Modest||F|||50|
|showteam|p2|Kingambit||BlackGlasses|Defiant|SuckerPunch,KowtowCleave,IronHead,Protect|Adamant||F|||50|]Incineroar||ChopleBerry|Intimidate|FakeOut,PartingShot,FlareBlitz,ThroatChop|Adamant||M|||50|]Sinistcha||SitrusBerry|Hospitality|RagePowder,MatchaGotcha,Protect,TrickRoom|Bold|||||50|]Vileplume||WideLens|Chlorophyll|SleepPowder,AfterYou,SludgeBomb,Protect|Timid||F|||50|]Farigiraf||Leftovers|ArmorTail|TrickRoom,Psychic,HelpingHand,Thunderbolt|Quiet||F|||50|]Torkoal||Charcoal|Drought|Eruption,Protect,WeatherBall,HeatWave|Modest||F|||50|
|j| Crimson's Mudkip
|j| RedUpsidedown
|
|t:|1783826469
|teamsize|p1|4
|teamsize|p2|4
|start
|switch|p1a: Charizard|Charizard, L50, F|100/100
|switch|p1b: Venusaur|Venusaur, L50, F|100/100
|switch|p2a: Vileplume|Vileplume, L50, F|100/100
|switch|p2b: Farigiraf|Farigiraf, L50, F|100/100
|turn|1
|
|t:|1783826520
|move|p2a: Vileplume|Protect|p2a: Vileplume
|-singleturn|p2a: Vileplume|Protect
|move|p1a: Charizard|Heat Wave|p2b: Farigiraf|[spread] p2b
|-activate|p2a: Vileplume|move: Protect
|-crit|p2b: Farigiraf
|-damage|p2b: Farigiraf|49/100
|move|p2b: Farigiraf|Thunderbolt|p1a: Charizard
|-supereffective|p1a: Charizard|1
|-damage|p1a: Charizard|25/100
|move|p1b: Venusaur|Roar|p2b: Farigiraf
|drag|p2b: Kingambit|Kingambit, L50, F|100/100
|
|upkeep
|turn|2
|c|☆Yumgar|we should have timer on to be fair to everyone else
|inactive|Battle timer is ON: inactive players will automatically lose when time's up. (requested by brevity)
|
|t:|1783826632
|move|p1a: Charizard|Protect|p1a: Charizard
|-singleturn|p1a: Charizard|Protect
|move|p2a: Vileplume|Sludge Bomb|p1a: Charizard
|-activate|p1a: Charizard|move: Protect
|move|p1b: Venusaur|Earth Power|p2b: Kingambit
|-supereffective|p2b: Kingambit|1
|-damage|p2b: Kingambit|24/100
|-damage|p1b: Venusaur|90/100|[from] item: Life Orb
|move|p2b: Kingambit|Kowtow Cleave|p1b: Venusaur
|-damage|p1b: Venusaur|24/100
|
|upkeep
|turn|3
|inactive|Yumgar has 30 seconds left.
|inactive|brevity has 30 seconds left.
|inactive|Yumgar has 20 seconds left.
|inactive|brevity has 20 seconds left.
|inactive|Yumgar has 15 seconds left.
|inactive|brevity has 15 seconds left.
|inactive|Yumgar has 10 seconds left.
|inactive|brevity has 10 seconds left.
|
|t:|1783826680
|switch|p1a: Snebby|Goodra-Hisui, L50, M|100/100
|move|p2b: Kingambit|Sucker Punch||[still]
|-fail|p2b: Kingambit
|move|p2a: Vileplume|Sludge Bomb|p1a: Snebby
|-immune|p1a: Snebby
|move|p1b: Venusaur|Earth Power|p2b: Kingambit
|-supereffective|p2b: Kingambit|1
|-damage|p2b: Kingambit|0 fnt
|faint|p2b: Kingambit
|-damage|p1b: Venusaur|14/100|[from] item: Life Orb
|
|upkeep
|
|t:|1783826690
|switch|p2b: Farigiraf|Farigiraf, L50, F|49/100
|turn|4
|inactive|brevity has 30 seconds left.
|
|t:|1783826721
|move|p1b: Venusaur|Protect|p1b: Venusaur
|-singleturn|p1b: Venusaur|Protect
|move|p2a: Vileplume|Sleep Powder|p1a: Snebby
|-ability|p1a: Snebby|Sap Sipper|boost
|-boost|p1a: Snebby|atk|1
|move|p1a: Snebby|Shelter|p1a: Snebby
|-boost|p1a: Snebby|def|2
|move|p2b: Farigiraf|Psychic|p1b: Venusaur
|-activate|p1b: Venusaur|move: Protect
|
|-heal|p2b: Farigiraf|55/100|[from] item: Leftovers
|upkeep
|turn|5
|inactive|brevity has 30 seconds left.
|inactive|Yumgar has 30 seconds left.
|
|t:|1783826752
|move|p2a: Vileplume|Sludge Bomb|p1b: Venusaur
|-damage|p1b: Venusaur|0 fnt
|faint|p1b: Venusaur
|move|p1a: Snebby|Shelter|p1a: Snebby
|-boost|p1a: Snebby|def|2
|move|p2b: Farigiraf|Psychic|p1a: Snebby
|-resisted|p1a: Snebby|1
|-damage|p1a: Snebby|87/100
|
|-heal|p1a: Snebby|93/100|[from] item: Leftovers
|-heal|p2b: Farigiraf|61/100|[from] item: Leftovers
|upkeep
|
|t:|1783826764
|switch|p1b: Charizard|Charizard, L50, F|25/100
|turn|6
|
|t:|1783826782
|move|p1b: Charizard|Protect|p1b: Charizard
|-singleturn|p1b: Charizard|Protect
|move|p2a: Vileplume|Sleep Powder|p1b: Charizard
|-activate|p1b: Charizard|move: Protect
|move|p1a: Snebby|Body Press|p2b: Farigiraf
|-damage|p2b: Farigiraf|0 fnt
|faint|p2b: Farigiraf
|
|-heal|p1a: Snebby|99/100|[from] item: Leftovers
|upkeep
|
|t:|1783826784
|switch|p2b: Sinistcha|Sinistcha, L50|100/100
|turn|7
|
|t:|1783826798
|switch|p1b: Primarina|Primarina, L50, F|100/100
|move|p2a: Vileplume|Sludge Bomb|p1b: Primarina
|-supereffective|p1b: Primarina|1
|-damage|p1b: Primarina|35/100
|move|p2b: Sinistcha|Matcha Gotcha|p1b: Primarina|[spread] p1b
|-ability|p1a: Snebby|Sap Sipper|boost
|-boost|p1a: Snebby|atk|1
|-supereffective|p1b: Primarina|1
|-damage|p1b: Primarina|0 fnt
|faint|p1b: Primarina
|move|p1a: Snebby|Body Press|p2a: Vileplume
|-resisted|p2a: Vileplume|1
|-damage|p2a: Vileplume|71/100
|
|-heal|p1a: Snebby|100/100|[from] item: Leftovers
|upkeep
|
|t:|1783826813
|switch|p1b: Charizard|Charizard, L50, F|25/100
|turn|8
|
|t:|1783826827
|move|p1b: Charizard|Protect|p1b: Charizard
|-singleturn|p1b: Charizard|Protect
|move|p2a: Vileplume|Sludge Bomb|p1b: Charizard
|-activate|p1b: Charizard|move: Protect
|move|p2b: Sinistcha|Matcha Gotcha|p1b: Charizard|[spread] 
|-activate|p1b: Charizard|move: Protect
|-ability|p1a: Snebby|Sap Sipper|boost
|-boost|p1a: Snebby|atk|1
|move|p1a: Snebby|Draco Meteor|p2a: Vileplume|[miss]
|-miss|p1a: Snebby|p2a: Vileplume
|
|upkeep
|turn|9
|
|t:|1783826847
|move|p1b: Charizard|Heat Wave|p2a: Vileplume|[spread] p2a,p2b
|-supereffective|p2a: Vileplume|1
|-supereffective|p2b: Sinistcha|1
|-damage|p2a: Vileplume|0 fnt
|-damage|p2b: Sinistcha|0 fnt
|faint|p2a: Vileplume
|faint|p2b: Sinistcha
|
|win|Yumgar
||brevity is ready for game 2.
|inactive|Yumgar has 30 seconds to confirm battle start!
||Yumgar is ready for game 2.
|uhtml|next|Next: Game 2 of 3
|l| RedUpsidedown
