|j|☆iloveships
|j|☆Theraclod
|html|iloveshipsTheraclod    
|uhtml|bestof|Game 2 of a best-of-3
|t:|1785428582
|gametype|doubles
|player|p1|iloveships|emmet|1143
|player|p2|Theraclod|102|1000
|gen|9
|tier|[Gen 9 Champions] VGC 2026 Reg M-B (Bo3)
|rated|
|rule|Species Clause: Limit one of each Pokémon
|rule|Item Clause: Limit 1 of each item
|clearpoke
|poke|p1|Talonflame, L50, M|
|poke|p1|Raichu, L50, M|
|poke|p1|Maushold, L50|
|poke|p1|Garchomp, L50, F|
|poke|p1|Floette-Eternal, L50, F|
|poke|p1|Kingambit, L50, F|
|poke|p2|Beedrill, L50, M|
|poke|p2|Dragonite, L50, F|
|poke|p2|Talonflame, L50, M|
|poke|p2|Arcanine-Hisui, L50, F|
|poke|p2|Milotic, L50, F|
|poke|p2|Goodra-Hisui, L50, F|
|teampreview|4
|showteam|p1|Talonflame||SharpBeak|GaleWings|Tailwind,QuickGuard,Overheat,Taunt|Jolly||M|||50|]Raichu||RaichuniteY|LightningRod|FakeOut,Protect,ZapCannon,FocusBlast|Serious||M|||50|]Maushold||WideLens|Technician|FollowMe,Protect,PopulationBomb,Encore|Serious|||||50|]Garchomp||LifeOrb|RoughSkin|DragonClaw,RockSlide,Earthquake,Protect|Jolly||F|||50|]Floette-Eternal||Floettite|FlowerVeil|Protect,DazzlingGleam,Moonblast,LightofRuin|Modest||F|||50|]Kingambit||FocusSash|Defiant|SuckerPunch,KowtowCleave,IronHead,Protect|Adamant||F|||50|
|showteam|p2|Beedrill||Beedrillite|Sniper|PoisonJab,Uturn,ThroatChop,Protect|Adamant||M|||50|]Dragonite||WhiteHerb|Multiscale|DracoMeteor,Thunder,Hurricane,ExtremeSpeed|Modest||F|||50|]Talonflame||FocusSash|GaleWings|Acrobatics,UpperHand,Tailwind,RainDance|Jolly||M|||50|]Arcanine-Hisui||Charcoal|Intimidate|HeatWave,PowerGem,ScorchingSands,Protect|Timid||F|||50|]Milotic||Leftovers|Competitive|Scald,IcyWind,Recover,Protect|Bold||F|||50|]Goodra-Hisui||SitrusBerry|ShellArmor|DragonPulse,FlashCannon,Flamethrower,Protect|Modest||F|||50|
|inactive|Battle timer is ON: inactive players will automatically lose when time's up. (requested by iloveships)
|inactive|iloveships has 60 seconds left.
|inactive|Theraclod has 60 seconds left.
|
|t:|1785428631
|teamsize|p1|4
|teamsize|p2|4
|start
|switch|p1a: Garchomp|Garchomp, L50, F|100/100
|switch|p1b: Talonflame|Talonflame, L50, M|100/100
|switch|p2a: Talonflame|Talonflame, L50, M|100/100
|switch|p2b: Milotic|Milotic, L50, F|100/100
|turn|1
|inactive|iloveships has 30 seconds left.
|
|t:|1785428659
|move|p2a: Talonflame|Tailwind|p2a: Talonflame
|-sidestart|p2: Theraclod|move: Tailwind
|move|p1b: Talonflame|Tailwind|p1b: Talonflame
|-sidestart|p1: iloveships|move: Tailwind
|move|p1a: Garchomp|Rock Slide|p2b: Milotic|[spread] p2a,p2b
|-supereffective|p2a: Talonflame|2
|-enditem|p2a: Talonflame|Focus Sash
|-damage|p2a: Talonflame|1/100
|-damage|p2b: Milotic|81/100
|-damage|p1a: Garchomp|90/100|[from] item: Life Orb
|move|p2b: Milotic|Icy Wind|p1a: Garchomp|[spread] p1a,p1b
|-supereffective|p1a: Garchomp|2
|-damage|p1a: Garchomp|41/100
|-damage|p1b: Talonflame|80/100
|-unboost|p1a: Garchomp|spe|1
|-unboost|p1b: Talonflame|spe|1
|
|-heal|p2b: Milotic|87/100|[from] item: Leftovers
|upkeep
|turn|2
|
|t:|1785428683
|move|p1a: Garchomp|Protect|p1a: Garchomp
|-singleturn|p1a: Garchomp|Protect
|move|p2a: Talonflame|Acrobatics|p1a: Garchomp
|-activate|p1a: Garchomp|move: Protect
|move|p1b: Talonflame|Overheat|p2a: Talonflame
|-resisted|p2a: Talonflame|1
|-damage|p2a: Talonflame|0 fnt
|-unboost|p1b: Talonflame|spa|2
|faint|p2a: Talonflame
|move|p2b: Milotic|Scald|p1b: Talonflame
|-supereffective|p1b: Talonflame|1
|-damage|p1b: Talonflame|0 fnt
|faint|p1b: Talonflame
|
|-heal|p2b: Milotic|93/100|[from] item: Leftovers
|upkeep
|
|t:|1785428700
|switch|p2a: Dragonite|Dragonite, L50, F|100/100
|switch|p1b: Raichu|Raichu, L50, M|100/100
|turn|3
|
|t:|1785428720
|switch|p1a: Kingambit|Kingambit, L50, F|100/100
|detailschange|p1b: Raichu|Raichu-Mega-Y, L50, M
|-mega|p1b: Raichu|Raichu|Raichunite Y
|move|p1b: Raichu|Fake Out|p2a: Dragonite
|-damage|p2a: Dragonite|94/100
|cant|p2a: Dragonite|flinch
|move|p2b: Milotic|Icy Wind|p1a: Kingambit|[spread] p1a,p1b
|-resisted|p1a: Kingambit|1
|-damage|p1a: Kingambit|94/100
|-damage|p1b: Raichu|84/100
|-unboost|p1a: Kingambit|spe|1
|-ability|p1a: Kingambit|Defiant|boost
|-boost|p1a: Kingambit|atk|2
|-unboost|p1b: Raichu|spe|1
|
|-heal|p2b: Milotic|99/100|[from] item: Leftovers
|upkeep
|turn|4
|inactive|iloveships has 30 seconds left.
|
|t:|1785428750
|move|p1b: Raichu|Protect|p1b: Raichu
|-singleturn|p1b: Raichu|Protect
|move|p2a: Dragonite|Draco Meteor|p1b: Raichu
|-activate|p1b: Raichu|move: Protect
|move|p2b: Milotic|Scald|p1a: Kingambit
|-damage|p1a: Kingambit|62/100
|-status|p1a: Kingambit|brn
|move|p1a: Kingambit|Kowtow Cleave|p2a: Dragonite
|-damage|p2a: Dragonite|42/100
|
|-heal|p2b: Milotic|100/100|[from] item: Leftovers
|-damage|p1a: Kingambit|56/100 brn|[from] brn
|-sideend|p1: iloveships|move: Tailwind
|-sideend|p2: Theraclod|move: Tailwind
|upkeep
|turn|5
|
|t:|1785428771
|switch|p1b: Garchomp|Garchomp, L50, F|41/100
|move|p1a: Kingambit|Sucker Punch|p2a: Dragonite
|-damage|p2a: Dragonite|0 fnt
|faint|p2a: Dragonite
|move|p2b: Milotic|Scald|p1a: Kingambit
|-damage|p1a: Kingambit|22/100 brn
|
|-damage|p1a: Kingambit|16/100 brn|[from] brn
|upkeep
|
|t:|1785428780
|switch|p2a: Beedrill|Beedrill, L50, M|100/100
|turn|6
|
|t:|1785428788
|detailschange|p2a: Beedrill|Beedrill-Mega, L50, M
|-mega|p2a: Beedrill|Beedrill|Beedrillite
|move|p2a: Beedrill|Protect|p2a: Beedrill
|-singleturn|p2a: Beedrill|Protect
|move|p1a: Kingambit|Sucker Punch||[still]
|-fail|p1a: Kingambit
|move|p1b: Garchomp|Rock Slide|p2b: Milotic|[spread] 
|-activate|p2a: Beedrill|move: Protect
|-miss|p1b: Garchomp|p2b: Milotic
|move|p2b: Milotic|Scald|p1a: Kingambit
|-crit|p1a: Kingambit
|-damage|p1a: Kingambit|0 fnt
|faint|p1a: Kingambit
|
|upkeep
|
|t:|1785428799
|switch|p1a: Raichu|Raichu-Mega-Y, L50, M|84/100
|turn|7
|
|t:|1785428810
|move|p1a: Raichu|Fake Out|p2a: Beedrill
|-damage|p2a: Beedrill|75/100
|cant|p2a: Beedrill|flinch
|move|p1b: Garchomp|Rock Slide|p2b: Milotic|[spread] p2a,p2b
|-supereffective|p2a: Beedrill|1
|-damage|p2a: Beedrill|0 fnt
|-damage|p2b: Milotic|82/100
|faint|p2a: Beedrill
|-damage|p1b: Garchomp|31/100|[from] item: Life Orb
|move|p2b: Milotic|Icy Wind|p1a: Raichu|[spread] p1a
|-miss|p2b: Milotic|p1b: Garchomp
|-damage|p1a: Raichu|68/100
|-unboost|p1a: Raichu|spe|1
|
|-heal|p2b: Milotic|88/100|[from] item: Leftovers
|upkeep
|turn|8
|
|t:|1785428827
|move|p2b: Milotic|Protect|p2b: Milotic
|-singleturn|p2b: Milotic|Protect
|move|p1b: Garchomp|Rock Slide|p2b: Milotic
|-activate|p2b: Milotic|move: Protect
|move|p1a: Raichu|Zap Cannon|p2b: Milotic
|-activate|p2b: Milotic|move: Protect
|
|-heal|p2b: Milotic|94/100|[from] item: Leftovers
|upkeep
|turn|9
|
|t:|1785428836
|move|p1b: Garchomp|Rock Slide|p2b: Milotic
|-damage|p2b: Milotic|69/100
|-damage|p1b: Garchomp|22/100|[from] item: Life Orb
|move|p1a: Raichu|Zap Cannon|p2b: Milotic
|-supereffective|p2b: Milotic|1
|-damage|p2b: Milotic|0 fnt
|faint|p2b: Milotic
|
|win|iloveships
