|j|â˜†Leafeon Main?
|j|â˜†Fayz Sharpie
|html|Leafeon Main?Fayz Sharpie    
|uhtml|bestof|Game 1 of a best-of-3
|t:|1784902185
|gametype|doubles
|player|p1|Leafeon Main?|cheryl|
|player|p2|Fayz Sharpie|koga|
|gen|9
|tier|[Gen 9 Champions] VGC 2026 Reg M-B (Bo3)
|rule|Species Clause: Limit one of each PokÃ©mon
|rule|Item Clause: Limit 1 of each item
|raw|1 custom rule: !Force Open Team Sheets
|clearpoke
|poke|p1|Blastoise, L50, M|
|poke|p1|Jolteon, L50, M|
|poke|p1|Whimsicott, L50, F|
|poke|p1|Politoed, L50, M|
|poke|p1|Gengar, L50, F|
|poke|p1|Ninetales-Alola, L50, F|
|poke|p2|Charizard, L50, M|
|poke|p2|Orthworm, L50, M|
|poke|p2|Scrafty, L50, F|
|poke|p2|Raichu, L50, F|
|poke|p2|Vileplume, L50, M|
|poke|p2|Aerodactyl, L50, F|
|teampreview|4
|c|â˜†Fayz Sharpie|gl hf
|c|â˜†Leafeon Main?|glhf!
|
|t:|1784902259
|teamsize|p1|4
|teamsize|p2|4
|start
|switch|p1a: Ranger|Blastoise, L50, M|100/100
|switch|p1b: Sorcerer|Gengar, L50, F|100/100
|switch|p2a: Raichu|Raichu, L50, F|100/100
|switch|p2b: Aerodactyl|Aerodactyl, L50, F|100/100
|-ability|p2b: Aerodactyl|Unnerve
|turn|1
|
|t:|1784902307
|switch|p1a: Bard|Politoed, L50, M|100/100
|-weather|RainDance|[from] ability: Drizzle|[of] p1a: Bard
|detailschange|p2b: Aerodactyl|Aerodactyl-Mega, L50, F
|-mega|p2b: Aerodactyl|Aerodactyl|Aerodactylite
|detailschange|p1b: Sorcerer|Gengar-Mega, L50, F
|-mega|p1b: Sorcerer|Gengar|Gengarite
|move|p2a: Raichu|Fake Out|p1a: Bard
|-damage|p1a: Bard|90/100
|move|p2b: Aerodactyl|Dual Wingbeat|p1b: Sorcerer
|-damage|p1b: Sorcerer|51/100
|-damage|p1b: Sorcerer|5/100
|-hitcount|p1b: Sorcerer|2
|move|p1b: Sorcerer|Thunder|p2a: Raichu
|-activate|p2a: Raichu|ability: Lightning Rod
|-ability|p2a: Raichu|Lightning Rod|boost
|-boost|p2a: Raichu|spa|1
|
|-weather|RainDance|[upkeep]
|upkeep
|turn|2
|
|t:|1784902329
|move|p1b: Sorcerer|Protect|p1b: Sorcerer
|-singleturn|p1b: Sorcerer|Protect
|move|p2b: Aerodactyl|Rock Slide|p1b: Sorcerer|[spread] p1a
|-activate|p1b: Sorcerer|move: Protect
|-damage|p1a: Bard|59/100
|move|p2a: Raichu|Thunderbolt|p1a: Bard
|-supereffective|p1a: Bard|1
|-enditem|p1a: Bard|Wacan Berry|[eat]
|-enditem|p1a: Bard|Wacan Berry|[weaken]
|-damage|p1a: Bard|32/100
|move|p1a: Bard|Weather Ball|p2b: Aerodactyl
|-supereffective|p2b: Aerodactyl|1
|-damage|p2b: Aerodactyl|0 fnt
|faint|p2b: Aerodactyl
|
|-weather|RainDance|[upkeep]
|upkeep
|
|t:|1784902341
|switch|p2b: Scrafty|Scrafty, L50, F|100/100
|-ability|p2b: Scrafty|Intimidate|boost
|-unboost|p1a: Bard|atk|1
|-unboost|p1b: Sorcerer|atk|1
|turn|3
|
|t:|1784902363
|switch|p1a: Wizard|Jolteon, L50, M|100/100
|move|p1b: Sorcerer|Shadow Ball|p2a: Raichu
|-damage|p2a: Raichu|44/100
|-unboost|p2a: Raichu|spd|1
|move|p2a: Raichu|Volt Switch|p1a: Wizard
|-immune|p1a: Wizard|[from] ability: Volt Absorb
|move|p2b: Scrafty|Throat Chop|p1b: Sorcerer
|-supereffective|p1b: Sorcerer|1
|-damage|p1b: Sorcerer|0 fnt
|faint|p1b: Sorcerer
|
|-weather|RainDance|[upkeep]
|upkeep
|
|t:|1784902377
|switch|p1b: Ranger|Blastoise, L50, M|100/100
|turn|4
|
|t:|1784902418
|move|p1b: Ranger|Fake Out|p2b: Scrafty
|-damage|p2b: Scrafty|93/100
|move|p1a: Wizard|Weather Ball|p2a: Raichu
|-damage|p2a: Raichu|0 fnt
|faint|p2a: Raichu
|cant|p2b: Scrafty|flinch
|
|-weather|RainDance|[upkeep]
|upkeep
|
|t:|1784902422
|switch|p2a: Vileplume|Vileplume, L50, M|100/100
|turn|5
|
|t:|1784902446
|move|p1a: Wizard|Thunderbolt|p2b: Scrafty
|-damage|p2b: Scrafty|54/100
|move|p2a: Vileplume|Sludge Bomb|p1a: Wizard
|-damage|p1a: Wizard|35/100
|move|p1b: Ranger|Ice Beam|p2a: Vileplume
|-supereffective|p2a: Vileplume|1
|-damage|p2a: Vileplume|35/100
|move|p2b: Scrafty|Drain Punch|p1a: Wizard
|-crit|p1a: Wizard
|-damage|p1a: Wizard|0 fnt
|-heal|p2b: Scrafty|69/100|[from] drain|[of] p1a: Wizard
|faint|p1a: Wizard
|
|-weather|none
|upkeep
|
|t:|1784902459
|switch|p1a: Bard|Politoed, L50, M|32/100
|-weather|RainDance|[from] ability: Drizzle|[of] p1a: Bard
|turn|6
|
|t:|1784902484
|move|p2a: Vileplume|Protect|p2a: Vileplume
|-singleturn|p2a: Vileplume|Protect
|move|p1a: Bard|Protect|p1a: Bard
|-singleturn|p1a: Bard|Protect
|move|p1b: Ranger|Ice Beam|p2a: Vileplume
|-activate|p2a: Vileplume|move: Protect
|move|p2b: Scrafty|Drain Punch|p1a: Bard
|-activate|p1a: Bard|move: Protect
|
|-weather|RainDance|[upkeep]
|upkeep
|turn|7
|
|t:|1784902499
|move|p2a: Vileplume|Leaf Storm|p1b: Ranger|[miss]
|-miss|p2a: Vileplume|p1b: Ranger
|move|p1b: Ranger|Ice Beam|p2a: Vileplume
|-supereffective|p2a: Vileplume|1
|-damage|p2a: Vileplume|0 fnt
|faint|p2a: Vileplume
|move|p1a: Bard|Weather Ball|p2b: Scrafty
|-damage|p2b: Scrafty|28/100
|move|p2b: Scrafty|Drain Punch|p1a: Bard
|-damage|p1a: Bard|0 fnt
|-heal|p2b: Scrafty|47/100|[from] drain|[of] p1a: Bard
|faint|p1a: Bard
|
|-weather|RainDance|[upkeep]
|upkeep
|turn|8
|c|â˜†Fayz Sharpie|gg
|
|t:|1784902514
|move|p2b: Scrafty|Protect|p2b: Scrafty
|-singleturn|p2b: Scrafty|Protect
|move|p1b: Ranger|Weather Ball|p2b: Scrafty
|-activate|p2b: Scrafty|move: Protect
|
|-weather|RainDance|[upkeep]
|upkeep
|turn|9
|
|t:|1784902522
|move|p1b: Ranger|Weather Ball|p2b: Scrafty
|-damage|p2b: Scrafty|0 fnt
|faint|p2b: Scrafty
|
|win|Leafeon Main?
|c|â˜†Leafeon Main?|gg
||Fayz Sharpie is ready for game 2.
||Leafeon Main? is ready for game 2.
|uhtml|next|Next: Game 2 of 3
|l|â˜†Fayz Sharpie
|player|p2|
