|j|☆bananatreeenjoyer
|j|☆iambuttersock
|html|bananatreeenjoyeriambuttersock    
|uhtml|bestof|Game 2 of a best-of-3
|t:|1756787540
|gametype|doubles
|player|p1|bananatreeenjoyer|silver|1045
|player|p2|iambuttersock|twins-gen4dp|1000
|gen|9
|tier|[Gen 9] VGC 2025 Reg H (Bo3)
|rated|
|rule|Species Clause: Limit one of each Pokémon
|rule|Item Clause: Limit 1 of each item
|clearpoke
|poke|p1|Gyarados, L50, M|
|poke|p1|Indeedee, L50, M|
|poke|p1|Sneasler, L50, M|
|poke|p1|Tyranitar, L50, M|
|poke|p1|Ursaluna-Bloodmoon, L50, M|
|poke|p1|Volcarona, L50, F|
|poke|p2|Dragapult, L50, M|
|poke|p2|Sneasler, L50, F|
|poke|p2|Volcarona, L50, F|
|poke|p2|Kingambit, L50, F|
|poke|p2|Electabuzz, L50, M|
|poke|p2|Rillaboom, L50, M|
|teampreview|4
|showteam|p1|Gyarados||SafetyGoggles|Intimidate|Taunt,ThunderWave,Waterfall,Protect|||M|||50|,,,,,Steel]Indeedee||ChoiceScarf|PsychicSurge|ExpandingForce,TeraBlast,Trick,Protect|||M|||50|,,,,,Psychic]Sneasler||PsychicSeed|Unburden|CloseCombat,DireClaw,ThroatChop,Protect|||M|||50|,,,,,Dark]Tyranitar||AssaultVest|SandStream|LowKick,TeraBlast,KnockOff,RockSlide|||M|||50|,,,,,Flying]Ursaluna-Bloodmoon||LifeOrb|MindsEye|HyperVoice,BloodMoon,EarthPower,Protect|||M|||50|,,,,,Normal]Volcarona||SitrusBerry|FlameBody|Overheat,StruggleBug,RagePowder,Tailwind|||F|||50|,,,,,Grass
|showteam|p2|Dragapult||ChoiceBand|ClearBody|DragonDarts,Outrage,PhantomForce,Uturn|||M|||50|,,,,,Dragon]Sneasler||FocusSash|PoisonTouch|CloseCombat,DireClaw,FakeOut,Coaching|||F|||50|,,,,,Stellar]Volcarona||Leftovers|FlameBody|HeatWave,TeraBlast,QuiverDance,Protect|||F|||50|,,,,,Fairy]Kingambit||BlackGlasses|Defiant|KowtowCleave,SuckerPunch,SwordsDance,Protect|||F|||50|,,,,,Dark]Electabuzz||Eviolite|VitalSpirit|Electroweb,Taunt,FollowMe,Protect|||M|||50|,,,,,Dragon]Rillaboom||AssaultVest|GrassySurge|WoodHammer,GrassyGlide,Uturn,FakeOut|||M|||50|,,,,,Grass
|inactive|Battle timer is ON: inactive players will automatically lose when time's up. (requested by iambuttersock)
|inactive|bananatreeenjoyer has 60 seconds left.
|
|t:|1756787581
|teamsize|p1|4
|teamsize|p2|4
|start
|switch|p1a: Kalan|Volcarona, L50, F|100/100
|switch|p1b: Althair|Ursaluna-Bloodmoon, L50, M|100/100
|switch|p2a: Kingambit|Kingambit, L50, F, shiny|100/100
|switch|p2b: Electabuzz|Electabuzz, L50, M, shiny|100/100
|turn|1
|inactive|bananatreeenjoyer has 30 seconds left.
|inactive|iambuttersock has 30 seconds left.
|
|t:|1756787609
|move|p2b: Electabuzz|Follow Me|p2b: Electabuzz
|-singleturn|p2b: Electabuzz|move: Follow Me
|move|p1a: Kalan|Overheat|p2b: Electabuzz
|-damage|p2b: Electabuzz|52/100
|-unboost|p1a: Kalan|spa|2
|move|p1b: Althair|Blood Moon|p2b: Electabuzz
|-damage|p2b: Electabuzz|0 fnt
|faint|p2b: Electabuzz
|-damage|p1b: Althair|91/100|[from] item: Life Orb
|move|p2a: Kingambit|Swords Dance|p2a: Kingambit
|-boost|p2a: Kingambit|atk|2
|
|upkeep
|
|t:|1756787619
|switch|p2b: Sneasler|Sneasler, L50, F, shiny|100/100
|turn|2
|inactive|bananatreeenjoyer has 30 seconds left.
|
|t:|1756787644
|-terastallize|p2a: Kingambit|Dark
|move|p1b: Althair|Protect|p1b: Althair
|-singleturn|p1b: Althair|Protect
|move|p2b: Sneasler|Fake Out|p1b: Althair
|-activate|p1b: Althair|move: Protect
|move|p1a: Kalan|Tailwind|p1a: Kalan
|-sidestart|p1: bananatreeenjoyer|move: Tailwind
|move|p2a: Kingambit|Kowtow Cleave|p1a: Kalan
|-damage|p1a: Kalan|0 fnt
|faint|p1a: Kalan
|
|upkeep
|inactive|bananatreeenjoyer has 30 seconds left.
|
|t:|1756787670
|switch|p1a: Haltane|Tyranitar, L50, M|100/100
|-weather|Sandstorm|[from] ability: Sand Stream|[of] p1a: Haltane
|turn|3
|inactive|iambuttersock has 30 seconds left.
|inactive|iambuttersock has 20 seconds left.
|inactive|iambuttersock has 15 seconds left.
|inactive|iambuttersock has 10 seconds left.
|
|t:|1756787717
|-terastallize|p1a: Haltane|Flying
|move|p2a: Kingambit|Protect|p2a: Kingambit
|-singleturn|p2a: Kingambit|Protect
|move|p1a: Haltane|Tera Blast|p2b: Sneasler|[anim] Tera Blast Flying
|-supereffective|p2b: Sneasler
|-enditem|p2b: Sneasler|Focus Sash
|-damage|p2b: Sneasler|1/100
|move|p1b: Althair|Blood Moon|p2a: Kingambit
|-activate|p2a: Kingambit|move: Protect
|move|p2b: Sneasler|Close Combat|p1b: Althair
|-supereffective|p1b: Althair
|-damage|p1b: Althair|0 fnt
|-unboost|p2b: Sneasler|def|1
|-unboost|p2b: Sneasler|spd|1
|faint|p1b: Althair
|
|-weather|Sandstorm|[upkeep]
|-damage|p1a: Haltane|95/100|[from] Sandstorm
|-damage|p2b: Sneasler|0 fnt|[from] Sandstorm
|-damage|p2a: Kingambit|95/100|[from] Sandstorm
|faint|p2b: Sneasler
|upkeep
|
|t:|1756787736
|switch|p2b: Volcarona|Volcarona, L50, F, shiny|100/100
|switch|p1b: Herod|Sneasler, L50, M|100/100
|turn|4
|
|t:|1756787748
|move|p2b: Volcarona|Protect|p2b: Volcarona
|-singleturn|p2b: Volcarona|Protect
|move|p2a: Kingambit|Sucker Punch|p1a: Haltane
|-damage|p1a: Haltane|0 fnt
|faint|p1a: Haltane
|move|p1b: Herod|Close Combat|p2a: Kingambit
|-supereffective|p2a: Kingambit
|-damage|p2a: Kingambit|0 fnt
|-unboost|p1b: Herod|def|1
|-unboost|p1b: Herod|spd|1
|faint|p2a: Kingambit
|
|-weather|Sandstorm|[upkeep]
|-damage|p1b: Herod|95/100|[from] Sandstorm
|-damage|p2b: Volcarona|94/100|[from] Sandstorm
|-heal|p2b: Volcarona|100/100|[from] item: Leftovers
|upkeep
|turn|5
|
|t:|1756787766
|move|p1b: Herod|Dire Claw|p2b: Volcarona
|-crit|p2b: Volcarona
|-damage|p2b: Volcarona|0 fnt
|-status|p1b: Herod|brn|[from] ability: Flame Body|[of] p2b: Volcarona
|faint|p2b: Volcarona
|
|win|bananatreeenjoyer
||iambuttersock is ready for game 3.
||bananatreeenjoyer is ready for game 3.
|uhtml|next|Next: Game 3 of 3
|l|☆iambuttersock
|player|p2|
