|j|вҳҶmikewwm8
|j|вҳҶOreXis945
|html|mikewwm8OreXis945    
|uhtml|bestof|Game 2 of a best-of-3
|t:|1756919747
|gametype|doubles
|player|p1|mikewwm8|1|1288
|player|p2|OreXis945|101|1238
|gen|9
|tier|[Gen 9] VGC 2025 Reg H (Bo3)
|rated|
|rule|Species Clause: Limit one of each PokГ©mon
|rule|Item Clause: Limit 1 of each item
|clearpoke
|poke|p1|Indeedee-F, L50, F|
|poke|p1|Hatterene, L50, F|
|poke|p1|Gallade, L50, M|
|poke|p1|Ursaluna, L50, M|
|poke|p1|Lilligant-Hisui, L50, F|
|poke|p1|Torkoal, L50, M|
|poke|p2|Archaludon, L50, F|
|poke|p2|Sinistcha-Masterpiece, L50|
|poke|p2|Dragonite, L50, F|
|poke|p2|Pelipper, L50, F|
|poke|p2|Ursaluna, L50, M|
|poke|p2|Gholdengo, L50|
|teampreview|4
|showteam|p1|Indeedee-F||PsychicSeed|PsychicSurge|TrickRoom,FollowMe,HelpingHand,DazzlingGleam|||F|||50|,,,,,Fire]Hatterene||LifeOrb|MagicBounce|ExpandingForce,TrickRoom,DazzlingGleam,Protect|||F|||50|,,,,,Psychic]Gallade||ClearAmulet|Sharpness|PsychoCut,TrickRoom,SacredSword,WideGuard|||M|||50|,,,,,Grass]Ursaluna||FlameOrb|Guts|HeadlongRush,Facade,SwordsDance,Protect|||M|||50|,,,,,Ghost]Lilligant-Hisui||FocusSash|Chlorophyll|SolarBlade,SleepPowder,CloseCombat,AfterYou|||F|||50|,,,,,Ghost]Torkoal||ChoiceSpecs|Drought|Eruption,HeatWave,WeatherBall,EarthPower|||M|||50|,,,,,Fire
|showteam|p2|Archaludon||AssaultVest|Stamina|BodyPress,Snarl,ElectroShot,FlashCannon|||F|||50|,,,,,Fighting]Sinistcha-Masterpiece||SitrusBerry|Hospitality|MatchaGotcha,RagePowder,TrickRoom,LifeDew||||||50|,,,,,Dark]Dragonite||LoadedDice|Multiscale|ScaleShot,Protect,Tailwind,Haze|||F|||50|,,,,,Steel]Pelipper||FocusSash|Drizzle|MuddyWater,Hurricane,Tailwind,Protect|||F|||50|,,,,,Ghost]Ursaluna||FlameOrb|Guts|Facade,HeadlongRush,Earthquake,Protect|||M|||50|,,,,,Ghost]Gholdengo||ChoiceScarf|GoodasGold|MakeItRain,TeraBlast,ShadowBall,Trick||||||50|,,,,,Water
|
|t:|1756919802
|teamsize|p1|4
|teamsize|p2|4
|start
|switch|p1a: зҙ«з«ҪеҘҪеҸҜж„ӣ|Lilligant-Hisui, L50, F, shiny|100/100
|switch|p1b: еӨӘжЁӮе·ҙжҲҲж–Ҝ|Torkoal, L50, M, shiny|100/100
|switch|p2a: Dragonite|Dragonite, L50, F|100/100
|switch|p2b: Archaludon|Archaludon, L50, F|100/100
|-weather|SunnyDay|[from] ability: Drought|[of] p1b: еӨӘжЁӮе·ҙжҲҲж–Ҝ
|turn|1
|
|t:|1756919826
|switch|p2b: Pelipper|Pelipper, L50, F|100/100
|-weather|RainDance|[from] ability: Drizzle|[of] p2b: Pelipper
|move|p1a: зҙ«з«ҪеҘҪеҸҜж„ӣ|After You|p1b: еӨӘжЁӮе·ҙжҲҲж–Ҝ
|-activate|p1b: еӨӘжЁӮе·ҙжҲҲж–Ҝ|move: After You
|move|p1b: еӨӘжЁӮе·ҙжҲҲж–Ҝ|Eruption|p2b: Pelipper|[spread] p2a,p2b
|-resisted|p2a: Dragonite
|-resisted|p2b: Pelipper
|-damage|p2a: Dragonite|91/100
|-damage|p2b: Pelipper|69/100
|move|p2a: Dragonite|Scale Shot|p1a: зҙ«з«ҪеҘҪеҸҜж„ӣ
|-damage|p1a: зҙ«з«ҪеҘҪеҸҜж„ӣ|78/100
|-damage|p1a: зҙ«з«ҪеҘҪеҸҜж„ӣ|55/100
|-damage|p1a: зҙ«з«ҪеҘҪеҸҜж„ӣ|31/100
|-damage|p1a: зҙ«з«ҪеҘҪеҸҜж„ӣ|7/100
|-hitcount|p1a: зҙ«з«ҪеҘҪеҸҜж„ӣ|4
|-unboost|p2a: Dragonite|def|1
|-boost|p2a: Dragonite|spe|1
|
|-weather|RainDance|[upkeep]
|upkeep
|turn|2
|
|t:|1756919853
|switch|p1a: зҙ«з«Ҫж•ІеҸҜж„ӣ|Hatterene, L50, F, shiny|100/100
|switch|p1b: зҙ«з«Ҫи¶…еҸҜж„ӣ|Indeedee-F, L50, F, shiny|100/100
|-fieldstart|move: Psychic Terrain|[from] ability: Psychic Surge|[of] p1b: зҙ«з«Ҫи¶…еҸҜж„ӣ
|-enditem|p1b: зҙ«з«Ҫи¶…еҸҜж„ӣ|Psychic Seed
|-boost|p1b: зҙ«з«Ҫи¶…еҸҜж„ӣ|spd|1|[from] item: Psychic Seed
|move|p2a: Dragonite|Scale Shot|p1a: зҙ«з«Ҫж•ІеҸҜж„ӣ
|-immune|p1a: зҙ«з«Ҫж•ІеҸҜж„ӣ
|move|p2b: Pelipper|Muddy Water|p1b: зҙ«з«Ҫи¶…еҸҜж„ӣ|[spread] p1a,p1b
|-damage|p1a: зҙ«з«Ҫж•ІеҸҜж„ӣ|49/100
|-damage|p1b: зҙ«з«Ҫи¶…еҸҜж„ӣ|75/100
|-unboost|p1a: зҙ«з«Ҫж•ІеҸҜж„ӣ|accuracy|1
|
|-weather|RainDance|[upkeep]
|upkeep
|turn|3
|
|t:|1756919879
|switch|p2b: Sinistcha|Sinistcha-Masterpiece, L50|100/100
|-heal|p2a: Dragonite|100/100|[from] ability: Hospitality|[of] p2b: Sinistcha
|switch|p1b: еӨӘжЁӮе·ҙжҲҲж–Ҝ|Torkoal, L50, M, shiny|100/100
|-weather|SunnyDay|[from] ability: Drought|[of] p1b: еӨӘжЁӮе·ҙжҲҲж–Ҝ
|-terastallize|p1a: зҙ«з«Ҫж•ІеҸҜж„ӣ|Psychic
|move|p2a: Dragonite|Scale Shot|p1b: еӨӘжЁӮе·ҙжҲҲж–Ҝ
|-damage|p1b: еӨӘжЁӮе·ҙжҲҲж–Ҝ|90/100
|-damage|p1b: еӨӘжЁӮе·ҙжҲҲж–Ҝ|78/100
|-damage|p1b: еӨӘжЁӮе·ҙжҲҲж–Ҝ|66/100
|-damage|p1b: еӨӘжЁӮе·ҙжҲҲж–Ҝ|55/100
|-hitcount|p1b: еӨӘжЁӮе·ҙжҲҲж–Ҝ|4
|-unboost|p2a: Dragonite|def|1
|-boost|p2a: Dragonite|spe|1
|move|p1a: зҙ«з«Ҫж•ІеҸҜж„ӣ|Expanding Force|p2b: Sinistcha|[spread] p2a
|-miss|p1a: зҙ«з«Ҫж•ІеҸҜж„ӣ|p2b: Sinistcha
|-damage|p2a: Dragonite|41/100
|-damage|p1a: зҙ«з«Ҫж•ІеҸҜж„ӣ|39/100|[from] item: Life Orb
|
|-weather|SunnyDay|[upkeep]
|upkeep
|turn|4
|
|t:|1756919939
|switch|p2a: Pelipper|Pelipper, L50, F|69/100
|-weather|RainDance|[from] ability: Drizzle|[of] p2a: Pelipper
|switch|p1a: зҙ«з«Ҫи¶…еҸҜж„ӣ|Indeedee-F, L50, F, shiny|75/100
|-terastallize|p2b: Sinistcha|Dark
|move|p2b: Sinistcha|Matcha Gotcha|p1a: зҙ«з«Ҫи¶…еҸҜж„ӣ|[spread] p1a,p1b
|-resisted|p1b: еӨӘжЁӮе·ҙжҲҲж–Ҝ
|-damage|p1a: зҙ«з«Ҫи¶…еҸҜж„ӣ|51/100
|-damage|p1b: еӨӘжЁӮе·ҙжҲҲж–Ҝ|40/100
|-status|p1a: зҙ«з«Ҫи¶…еҸҜж„ӣ|brn
|move|p1b: еӨӘжЁӮе·ҙжҲҲж–Ҝ|Heat Wave|p2b: Sinistcha|[spread] p2a,p2b
|-resisted|p2a: Pelipper
|-damage|p2a: Pelipper|50/100
|-damage|p2b: Sinistcha|80/100
|
|-weather|RainDance|[upkeep]
|-damage|p1a: зҙ«з«Ҫи¶…еҸҜж„ӣ|45/100 brn|[from] brn
|upkeep
|turn|5
|
|t:|1756919961
|switch|p1b: зҙ«з«Ҫж•ІеҸҜж„ӣ|Hatterene, L50, F, shiny, tera:Psychic|39/100
|move|p2a: Pelipper|Muddy Water|p1b: зҙ«з«Ҫж•ІеҸҜж„ӣ|[spread] p1b
|-miss|p2a: Pelipper|p1a: зҙ«з«Ҫи¶…еҸҜж„ӣ
|-damage|p1b: зҙ«з«Ҫж•ІеҸҜж„ӣ|0 fnt
|faint|p1b: зҙ«з«Ҫж•ІеҸҜж„ӣ
|move|p2b: Sinistcha|Matcha Gotcha|p1a: зҙ«з«Ҫи¶…еҸҜж„ӣ
|-damage|p1a: зҙ«з«Ҫи¶…еҸҜж„ӣ|16/100 brn
|-heal|p2b: Sinistcha|94/100|[from] drain|[of] p1a: зҙ«з«Ҫи¶…еҸҜж„ӣ
|move|p1a: зҙ«з«Ҫи¶…еҸҜж„ӣ|Trick Room|p1a: зҙ«з«Ҫи¶…еҸҜж„ӣ
|-fieldstart|move: Trick Room|[of] p1a: зҙ«з«Ҫи¶…еҸҜж„ӣ
|
|-weather|RainDance|[upkeep]
|-damage|p1a: зҙ«з«Ҫи¶…еҸҜж„ӣ|10/100 brn|[from] brn
|upkeep
|
|t:|1756919968
|switch|p1b: еӨӘжЁӮе·ҙжҲҲж–Ҝ|Torkoal, L50, M, shiny|40/100
|-weather|SunnyDay|[from] ability: Drought|[of] p1b: еӨӘжЁӮе·ҙжҲҲж–Ҝ
|turn|6
|
|t:|1756919992
|switch|p1a: зҙ«з«ҪеҘҪеҸҜж„ӣ|Lilligant-Hisui, L50, F, shiny|7/100
|switch|p2a: Dragonite|Dragonite, L50, F|41/100
|move|p1b: еӨӘжЁӮе·ҙжҲҲж–Ҝ|Heat Wave|p2a: Dragonite|[spread] p2a,p2b
|-resisted|p2a: Dragonite
|-damage|p2a: Dragonite|5/100
|-damage|p2b: Sinistcha|34/100
|-enditem|p2b: Sinistcha|Sitrus Berry|[eat]
|-heal|p2b: Sinistcha|58/100|[from] item: Sitrus Berry
|move|p2b: Sinistcha|Matcha Gotcha|p1a: зҙ«з«ҪеҘҪеҸҜж„ӣ|[spread] p1a
|-miss|p2b: Sinistcha|p1b: еӨӘжЁӮе·ҙжҲҲж–Ҝ
|-resisted|p1a: зҙ«з«ҪеҘҪеҸҜж„ӣ
|-damage|p1a: зҙ«з«ҪеҘҪеҸҜж„ӣ|0 fnt
|-heal|p2b: Sinistcha|61/100|[from] drain|[of] p1a: зҙ«з«ҪеҘҪеҸҜж„ӣ
|faint|p1a: зҙ«з«ҪеҘҪеҸҜж„ӣ
|
|-weather|SunnyDay|[upkeep]
|-fieldend|move: Psychic Terrain
|upkeep
|
|t:|1756920003
|switch|p1a: зҙ«з«Ҫи¶…еҸҜж„ӣ|Indeedee-F, L50, F, shiny|10/100 brn
|-fieldstart|move: Psychic Terrain|[from] ability: Psychic Surge|[of] p1a: зҙ«з«Ҫи¶…еҸҜж„ӣ
|turn|7
|
|t:|1756920018
|switch|p2b: Archaludon|Archaludon, L50, F|100/100
|switch|p2a: Pelipper|Pelipper, L50, F|50/100
|-weather|RainDance|[from] ability: Drizzle|[of] p2a: Pelipper
|move|p1b: еӨӘжЁӮе·ҙжҲҲж–Ҝ|Heat Wave|p2b: Archaludon|[spread] p2a
|-miss|p1b: еӨӘжЁӮе·ҙжҲҲж–Ҝ|p2b: Archaludon
|-resisted|p2a: Pelipper
|-damage|p2a: Pelipper|29/100
|move|p1a: зҙ«з«Ҫи¶…еҸҜж„ӣ|Dazzling Gleam|p2b: Archaludon|[spread] p2a,p2b
|-damage|p2a: Pelipper|6/100
|-damage|p2b: Archaludon|91/100
|-ability|p2b: Archaludon|Stamina|boost
|-boost|p2b: Archaludon|def|1
|
|-weather|RainDance|[upkeep]
|-damage|p1a: зҙ«з«Ҫи¶…еҸҜж„ӣ|3/100 brn|[from] brn
|upkeep
|turn|8
|
|t:|1756920032
|move|p1a: зҙ«з«Ҫи¶…еҸҜж„ӣ|Helping Hand|p1b: еӨӘжЁӮе·ҙжҲҲж–Ҝ
|-singleturn|p1b: еӨӘжЁӮе·ҙжҲҲж–Ҝ|Helping Hand|[of] p1a: зҙ«з«Ҫи¶…еҸҜж„ӣ
|move|p1b: еӨӘжЁӮе·ҙжҲҲж–Ҝ|Heat Wave|p2b: Archaludon|[spread] p2a,p2b
|-resisted|p2a: Pelipper
|-damage|p2a: Pelipper|0 fnt
|-damage|p2b: Archaludon|70/100
|-ability|p2b: Archaludon|Stamina|boost
|-boost|p2b: Archaludon|def|1
|faint|p2a: Pelipper
|move|p2b: Archaludon|Snarl|p1a: зҙ«з«Ҫи¶…еҸҜж„ӣ|[spread] p1a,p1b
|-supereffective|p1a: зҙ«з«Ҫи¶…еҸҜж„ӣ
|-damage|p1a: зҙ«з«Ҫи¶…еҸҜж„ӣ|0 fnt
|-damage|p1b: еӨӘжЁӮе·ҙжҲҲж–Ҝ|25/100
|-unboost|p1b: еӨӘжЁӮе·ҙжҲҲж–Ҝ|spa|1
|faint|p1a: зҙ«з«Ҫи¶…еҸҜж„ӣ
|
|-weather|RainDance|[upkeep]
|upkeep
|-message|mikewwm8 forfeited.
|
|win|OreXis945
|raw|mikewwm8's rating: 1288 → 1259(-29 for losing)
|raw|OreXis945's rating: 1238 → 1267(+29 for winning)
|l|вҳҶmikewwm8
|player|p1|
|j|вҳҶmikewwm8
|player|p1|mikewwm8|1|
|l|вҳҶmikewwm8
|player|p1|
