|j|☆nillythekid
|j|☆TrainerPoMa
|html|nillythekidTrainerPoMa    
|uhtml|bestof|Game 1 of a best-of-3
|t:|1783627912
|gametype|doubles
|player|p1|nillythekid|hiker-gen4|1180
|player|p2|TrainerPoMa|unknown|1141
|gen|9
|tier|[Gen 9 Champions] VGC 2026 Reg M-B (Bo3)
|rated|
|rule|Species Clause: Limit one of each Pokémon
|rule|Item Clause: Limit 1 of each item
|clearpoke
|poke|p1|Sinistcha, L50|
|poke|p1|Incineroar, L50, M|
|poke|p1|Milotic, L50, F|
|poke|p1|Raichu, L50, F|
|poke|p1|Floette-Eternal, L50, F|
|poke|p1|Ceruledge, L50, F|
|poke|p2|Araquanid, L50, M, shiny|
|poke|p2|Blastoise, L50, M|
|poke|p2|Garchomp, L50, F|
|poke|p2|Talonflame, L50, M|
|poke|p2|Incineroar, L50, M|
|poke|p2|Sinistcha, L50|
|teampreview|4
|showteam|p1|Sinistcha||KasibBerry|Hospitality|MatchaGotcha,LifeDew,RagePowder,Protect|Relaxed|||||50|]Incineroar||SitrusBerry|Intimidate|FlareBlitz,ThroatChop,FakeOut,PartingShot|Impish||M|||50|]Milotic||Leftovers|Competitive|MuddyWater,Coil,Hypnosis,Protect|Calm||F|||50|]Raichu||RaichuniteY|LightningRod|ZapCannon,FocusBlast,FakeOut,Protect|Timid||F|||50|]Floette-Eternal||Floettite|FlowerVeil|DazzlingGleam,DrainingKiss,CalmMind,Protect|Timid||F|||50|]Ceruledge||ColburBerry|FlashFire|BitterBlade,ShadowSneak,BulkUp,Protect|Adamant||F|||50|
|showteam|p2|Araquanid||SitrusBerry|WaterBubble|Entrainment,Liquidation,LeechLife,WideGuard|Impish||M|||50|]Blastoise||MysticWater|Torrent|WaterSpout,Surf,ShellSmash,Protect|Modest||M|||50|]Garchomp||Garchompite|SandVeil|DragonClaw,RockSlide,Earthquake,Protect|Adamant||F|||50|]Talonflame||SharpBeak|GaleWings|Tailwind,DualWingbeat,FlareBlitz,Protect|Jolly||M|||50|]Incineroar||PasshoBerry|Intimidate|FlareBlitz,ThroatChop,PartingShot,FakeOut|Adamant||M|||50|]Sinistcha||ColburBerry|Hospitality|MatchaGotcha,TrickRoom,RagePowder,Protect|Relaxed|||||50|
|inactive|Battle timer is ON: inactive players will automatically lose when time's up. (requested by TrainerPoMa)
|inactive|nillythekid has 60 seconds left.
|
|t:|1783627946
|teamsize|p1|4
|teamsize|p2|4
|start
|switch|p1a: Incineroar|Incineroar, L50, M|100/100
|switch|p1b: Floette|Floette-Eternal, L50, F|100/100
|switch|p2a: Talonflame|Talonflame, L50, M|100/100
|switch|p2b: Incineroar|Incineroar, L50, M|100/100
|-ability|p1a: Incineroar|Intimidate|boost
|-unboost|p2a: Talonflame|atk|1
|-unboost|p2b: Incineroar|atk|1
|-ability|p2b: Incineroar|Intimidate|boost
|-unboost|p1a: Incineroar|atk|1
|-unboost|p1b: Floette|atk|1
|turn|1
|inactive|TrainerPoMa has 30 seconds left.
|
|t:|1783627977
|switch|p1b: Milotic|Milotic, L50, F|100/100
|move|p1a: Incineroar|Fake Out|p2a: Talonflame
|-damage|p2a: Talonflame|89/100
|move|p2b: Incineroar|Fake Out|p1a: Incineroar
|-damage|p1a: Incineroar|92/100
|cant|p2a: Talonflame|flinch
|
|upkeep
|turn|2
|
|t:|1783627999
|move|p2a: Talonflame|Tailwind|p2a: Talonflame
|-sidestart|p2: TrainerPoMa|move: Tailwind
|move|p2b: Incineroar|Parting Shot|p1b: Milotic
|-unboost|p1b: Milotic|atk|1
|-ability|p1b: Milotic|Competitive|boost
|-boost|p1b: Milotic|spa|2
|-unboost|p1b: Milotic|spa|1
|-ability|p1b: Milotic|Competitive|boost
|-boost|p1b: Milotic|spa|2
|c|☆TrainerPoMa|i forgot
|
|t:|1783628012
|switch|p2b: Sinistcha|Sinistcha, L50|100/100|[from] Parting Shot
|-heal|p2a: Talonflame|100/100|[from] ability: Hospitality|[of] p2b: Sinistcha
|move|p1b: Milotic|Coil|p1b: Milotic
|-boost|p1b: Milotic|atk|1
|-boost|p1b: Milotic|def|1
|-boost|p1b: Milotic|accuracy|1
|move|p1a: Incineroar|Parting Shot|p2b: Sinistcha
|-unboost|p2b: Sinistcha|atk|1
|-unboost|p2b: Sinistcha|spa|1
|
|t:|1783628028
|switch|p1a: Floette|Floette-Eternal, L50, F|100/100|[from] Parting Shot
|
|upkeep
|turn|3
|
|t:|1783628038
|switch|p1a: Incineroar|Incineroar, L50, M|92/100
|-ability|p1a: Incineroar|Intimidate|boost
|-unboost|p2a: Talonflame|atk|1
|-unboost|p2b: Sinistcha|atk|1
|move|p2a: Talonflame|Dual Wingbeat|p1b: Milotic
|-damage|p1b: Milotic|95/100
|-damage|p1b: Milotic|89/100
|-hitcount|p1b: Milotic|2
|move|p2b: Sinistcha|Matcha Gotcha|p1b: Milotic|[spread] p1a,p1b
|-resisted|p1a: Incineroar|1
|-supereffective|p1b: Milotic|1
|-damage|p1a: Incineroar|85/100
|-damage|p1b: Milotic|68/100
|move|p1b: Milotic|Muddy Water|p2b: Sinistcha|[spread] p2a,p2b
|-supereffective|p2a: Talonflame|1
|-resisted|p2b: Sinistcha|1
|-damage|p2a: Talonflame|0 fnt
|-damage|p2b: Sinistcha|63/100
|-unboost|p2b: Sinistcha|accuracy|1
|faint|p2a: Talonflame
|
|-heal|p1b: Milotic|74/100|[from] item: Leftovers
|upkeep
|
|t:|1783628052
|switch|p2a: Incineroar|Incineroar, L50, M|100/100
|-ability|p2a: Incineroar|Intimidate|boost
|-unboost|p1a: Incineroar|atk|1
|-unboost|p1b: Milotic|atk|1
|-ability|p1b: Milotic|Competitive|boost
|-boost|p1b: Milotic|spa|2
|turn|4
|
|t:|1783628071
|switch|p2b: Garchomp|Garchomp, L50, F|100/100
|move|p2a: Incineroar|Fake Out|p1b: Milotic
|-damage|p1b: Milotic|65/100
|move|p1a: Incineroar|Fake Out|p2a: Incineroar
|-damage|p2a: Incineroar|93/100
|cant|p1b: Milotic|flinch
|
|-heal|p1b: Milotic|71/100|[from] item: Leftovers
|upkeep
|turn|5
|
|t:|1783628089
|detailschange|p2b: Garchomp|Garchomp-Mega, L50, F
|-mega|p2b: Garchomp|Garchomp|Garchompite
|move|p2b: Garchomp|Rock Slide|p1b: Milotic|[spread] p1a,p1b
|-supereffective|p1a: Incineroar|1
|-damage|p1a: Incineroar|50/100g
|-damage|p1b: Milotic|58/100
|move|p2a: Incineroar|Throat Chop|p1b: Milotic
|-damage|p1b: Milotic|33/100
|-start|p1b: Milotic|Throat Chop|[silent]
|move|p1b: Milotic|Muddy Water|p2b: Garchomp|[spread] p2a,p2b
|-supereffective|p2a: Incineroar|1
|-enditem|p2a: Incineroar|Passho Berry|[eat]
|-enditem|p2a: Incineroar|Passho Berry|[weaken]
|-damage|p2a: Incineroar|15/100
|-damage|p2b: Garchomp|30/100
|-unboost|p2a: Incineroar|accuracy|1
|move|p1a: Incineroar|Parting Shot|p2b: Garchomp
|-unboost|p2b: Garchomp|atk|1
|-unboost|p2b: Garchomp|spa|1
|
|t:|1783628103
|switch|p1a: Sinistcha|Sinistcha, L50|100/100|[from] Parting Shot
|-heal|p1b: Milotic|58/100|[from] ability: Hospitality|[of] p1a: Sinistcha
|
|-heal|p1b: Milotic|64/100|[from] item: Leftovers
|-sideend|p2: TrainerPoMa|move: Tailwind
|upkeep
|turn|6
|inactive|TrainerPoMa has 30 seconds left.
|
|t:|1783628137
|switch|p2b: Sinistcha|Sinistcha, L50|63/100
|-heal|p2a: Incineroar|40/100|[from] ability: Hospitality|[of] p2b: Sinistcha
|move|p1a: Sinistcha|Rage Powder|p1a: Sinistcha
|-singleturn|p1a: Sinistcha|move: Rage Powder
|move|p1b: Milotic|Muddy Water|p2b: Sinistcha|[spread] p2a,p2b
|-supereffective|p2a: Incineroar|1
|-resisted|p2b: Sinistcha|1
|-damage|p2a: Incineroar|0 fnt
|-damage|p2b: Sinistcha|12/100
|faint|p2a: Incineroar
|
|-heal|p1b: Milotic|70/100|[from] item: Leftovers
|-end|p1b: Milotic|Throat Chop|[silent]
|upkeep
|
|t:|1783628145
|switch|p2a: Garchomp|Garchomp-Mega, L50, F|30/100
|turn|7
|
|t:|1783628161
|switch|p1a: Incineroar|Incineroar, L50, M|50/100g
|-ability|p1a: Incineroar|Intimidate|boost
|-unboost|p2a: Garchomp|atk|1
|-unboost|p2b: Sinistcha|atk|1
|move|p2a: Garchomp|Dragon Claw|p1b: Milotic
|-damage|p1b: Milotic|50/100g
|move|p1b: Milotic|Muddy Water|p2b: Sinistcha|[spread] p2a,p2b
|-resisted|p2b: Sinistcha|1
|-damage|p2a: Garchomp|0 fnt
|-damage|p2b: Sinistcha|0 fnt
|faint|p2a: Garchomp
|faint|p2b: Sinistcha
|
|win|nillythekid
||TrainerPoMa is ready for game 2.
