|j|☆MiamiButcher
|j|☆TheThunderstorm
|html|MiamiButcherTheThunderstorm    
|uhtml|bestof|Game 2 of a best-of-3
|t:|1785871573
|gametype|doubles
|player|p1|MiamiButcher|giovanni|1120
|player|p2|TheThunderstorm|2|1063
|gen|9
|tier|[Gen 9 Champions] VGC 2026 Reg M-B (Bo3)
|rated|
|rule|Species Clause: Limit one of each Pokémon
|rule|Item Clause: Limit 1 of each item
|clearpoke
|poke|p1|Tyranitar, L50, M|
|poke|p1|Farigiraf, L50, F|
|poke|p1|Kingambit, L50, M|
|poke|p1|Excadrill, L50, F|
|poke|p1|Maushold-Four, L50|
|poke|p1|Crabominable, L50, F|
|poke|p2|Kingambit, L50, F|
|poke|p2|Garchomp, L50, F|
|poke|p2|Aerodactyl, L50, F|
|poke|p2|Farigiraf, L50, F|
|poke|p2|Charizard, L50, F|
|poke|p2|Sylveon, L50, M|
|teampreview|4
|showteam|p1|Tyranitar||Tyranitarite|SandStream|Curse,Crunch,Protect,RockSlide|Adamant||M|||50|]Farigiraf||SitrusBerry|ArmorTail|Protect,TrickRoom,Psychic,NastyPlot|Sassy||F|||50|]Kingambit||BlackGlasses|Defiant|Protect,KowtowCleave,IronHead,LowKick|Adamant||M|||50|]Excadrill||FocusSash|SandForce|Earthquake,RockSlide,IronHead,Protect|Adamant||F|||50|]Maushold-Four||WideLens|Technician|Protect,PopulationBomb,BeatUp,FollowMe|Jolly|||||50|]Crabominable||Crabominite|HyperCutter|DrainPunch,BulkUp,IcePunch,Protect|Adamant||F|||50|
|showteam|p2|Kingambit||FocusSash|Defiant|KowtowCleave,SuckerPunch,IronHead,Protect|Adamant||F|||50|]Garchomp||LifeOrb|RoughSkin|Earthquake,StompingTantrum,DragonClaw,Protect|Jolly||F|||50|]Aerodactyl||Aerodactylite|Unnerve|IceFang,Tailwind,RockSlide,DualWingbeat|Jolly||F|||50|]Farigiraf||SitrusBerry|ArmorTail|Thunderbolt,Psychic,TrickRoom,Protect|Bold||F|||50|]Charizard||CharizarditeY|Blaze|SolarBeam,HeatWave,WeatherBall,Protect|Modest||F|||50|]Sylveon||FairyFeather|Pixilate|HyperVoice,HyperBeam,QuickAttack,Protect|Modest||M|||50|
|inactive|Battle timer is ON: inactive players will automatically lose when time's up. (requested by MiamiButcher)
|inactive|TheThunderstorm has 60 seconds left.
|inactive|TheThunderstorm has 30 seconds left.
|
|t:|1785871633
|teamsize|p1|4
|teamsize|p2|4
|start
|switch|p1a: Farigiraf|Farigiraf, L50, F|100/100
|switch|p1b: Crabominable|Crabominable, L50, F|100/100
|switch|p2a: Farigiraf|Farigiraf, L50, F|100/100
|switch|p2b: Garchomp|Garchomp, L50, F|100/100
|turn|1
|inactive|TheThunderstorm has 30 seconds left.
|
|t:|1785871663
|detailschange|p1b: Crabominable|Crabominable-Mega, L50, F
|-mega|p1b: Crabominable|Crabominable|Crabominite
|move|p2b: Garchomp|Earthquake|p1b: Crabominable|[spread] p2a,p1a,p1b
|-damage|p2a: Farigiraf|59/100
|-damage|p1a: Farigiraf|42/100
|-damage|p1b: Crabominable|63/100
|-enditem|p1a: Farigiraf|Sitrus Berry|[eat]
|-heal|p1a: Farigiraf|67/100|[from] item: Sitrus Berry
|-damage|p2b: Garchomp|90/100|[from] item: Life Orb
|move|p2a: Farigiraf|Psychic|p1b: Crabominable
|-supereffective|p1b: Crabominable|1
|-damage|p1b: Crabominable|7/100
|move|p1b: Crabominable|Bulk Up|p1b: Crabominable
|-boost|p1b: Crabominable|atk|1
|-boost|p1b: Crabominable|def|1
|move|p1a: Farigiraf|Trick Room|p1a: Farigiraf
|-fieldstart|move: Trick Room|[of] p1a: Farigiraf
|
|upkeep
|turn|2
|
|t:|1785871685
|move|p2b: Garchomp|Protect|p2b: Garchomp
|-singleturn|p2b: Garchomp|Protect
|move|p1b: Crabominable|Drain Punch|p2a: Farigiraf
|-damage|p2a: Farigiraf|0 fnt
|-heal|p1b: Crabominable|39/100|[from] drain|[of] p2a: Farigiraf
|faint|p2a: Farigiraf
|move|p1a: Farigiraf|Nasty Plot|p1a: Farigiraf
|-boost|p1a: Farigiraf|spa|2
|
|upkeep
|
|t:|1785871697
|switch|p2a: Sylveon|Sylveon, L50, M|100/100
|turn|3
|
|t:|1785871707
|switch|p2b: Charizard|Charizard, L50, F|100/100
|move|p1b: Crabominable|Ice Punch|p2a: Sylveon
|-damage|p2a: Sylveon|0 fnt
|faint|p2a: Sylveon
|move|p1a: Farigiraf|Nasty Plot|p1a: Farigiraf
|-boost|p1a: Farigiraf|spa|2
|
|upkeep
|
|t:|1785871718
|switch|p2a: Garchomp|Garchomp, L50, F|90/100
|turn|4
|
|t:|1785871729
|move|p2b: Charizard|Protect|p2b: Charizard
|-singleturn|p2b: Charizard|Protect
|move|p2a: Garchomp|Protect|p2a: Garchomp
|-singleturn|p2a: Garchomp|Protect
|move|p1b: Crabominable|Ice Punch|p2a: Garchomp
|-activate|p2a: Garchomp|move: Protect
|move|p1a: Farigiraf|Psychic|p2b: Charizard
|-activate|p2b: Charizard|move: Protect
|
|upkeep
|turn|5
|inactive|TheThunderstorm has 30 seconds left.
|
|t:|1785871758
|move|p2b: Charizard|Protect|p2b: Charizard
|-singleturn|p2b: Charizard|Protect
|move|p2a: Garchomp|Protect||[still]
|-fail|p2a: Garchomp
|move|p1b: Crabominable|Ice Punch|p2a: Garchomp
|-supereffective|p2a: Garchomp|2
|-damage|p2a: Garchomp|0 fnt
|-damage|p1b: Crabominable|27/100|[from] ability: Rough Skin|[of] p2a: Garchomp
|faint|p2a: Garchomp
|move|p1a: Farigiraf|Psychic|p2b: Charizard
|-activate|p2b: Charizard|move: Protect
|
|-fieldend|move: Trick Room
|upkeep
|turn|6
|
|t:|1785871767
|detailschange|p2b: Charizard|Charizard-Mega-Y, L50, F
|-mega|p2b: Charizard|Charizard|Charizardite Y
|-weather|SunnyDay|[from] ability: Drought|[of] p2b: Charizard
|move|p1b: Crabominable|Protect|p1b: Crabominable
|-singleturn|p1b: Crabominable|Protect
|move|p2b: Charizard|Heat Wave|p1b: Crabominable|[spread] p1a
|-activate|p1b: Crabominable|move: Protect
|-damage|p1a: Farigiraf|25/100
|move|p1a: Farigiraf|Trick Room|p1a: Farigiraf
|-fieldstart|move: Trick Room|[of] p1a: Farigiraf
|
|-weather|SunnyDay|[upkeep]
|upkeep
|turn|7
|inactive|TheThunderstorm has 30 seconds left.
|inactive|TheThunderstorm has 20 seconds left.
|-message|TheThunderstorm forfeited.
|
|win|MiamiButcher
||MiamiButcher is ready for game 3.
|inactive|TheThunderstorm has 30 seconds to confirm battle start!
|inactive|TheThunderstorm has 20 seconds to confirm battle start!
||TheThunderstorm is ready for game 3.
|uhtml|next|Next: Game 3 of 3
|l|☆MiamiButcher
|player|p1|
