|j|☆gastero
|j|☆Bob Sinclair
|html|gasteroBob Sinclair    
|uhtml|bestof|Game 1 of a best-of-3
|t:|1785596074
|gametype|doubles
|player|p1|gastero|carmine|1225
|player|p2|Bob Sinclair|102|1164
|gen|9
|tier|[Gen 9 Champions] VGC 2026 Reg M-B (Bo3)
|rated|
|rule|Species Clause: Limit one of each Pokémon
|rule|Item Clause: Limit 1 of each item
|clearpoke
|poke|p1|Staraptor, L50, M|
|poke|p1|Gholdengo, L50|
|poke|p1|Sinistcha, L50|
|poke|p1|Incineroar, L50, M|
|poke|p1|Arcanine-Hisui, L50, M|
|poke|p1|Ninetales-Alola, L50, F|
|poke|p2|Gardevoir, L50, F|
|poke|p2|Gholdengo, L50|
|poke|p2|Aerodactyl, L50, F|
|poke|p2|Hydreigon, L50, F|
|poke|p2|Basculegion, L50, M|
|poke|p2|Sneasler, L50, F|
|teampreview|4
|showteam|p1|Staraptor||Staraptite|Intimidate|CloseCombat,DualWingbeat,Tailwind,Protect|Jolly||M|||50|]Gholdengo||LifeOrb|GoodasGold|MakeItRain,ShadowBall,NastyPlot,Protect|Modest|||||50|]Sinistcha||ColburBerry|Hospitality|MatchaGotcha,RagePowder,TrickRoom,StrengthSap|Calm|||||50|]Incineroar||SitrusBerry|Intimidate|FakeOut,FlareBlitz,DarkestLariat,PartingShot|Careful||M|||50|]Arcanine-Hisui||FocusSash|RockHead|FlareBlitz,HeadSmash,ExtremeSpeed,Protect|Jolly||M|||50|]Ninetales-Alola||NeverMeltIce|SnowWarning|Blizzard,FreezeDry,Encore,Protect|Timid||F|||50|
|showteam|p2|Gardevoir||Gardevoirite|Trace|HyperVoice,Psychic,AuraSphere,Protect|Modest||F|||50|]Gholdengo||Leftovers|GoodasGold|MakeItRain,ShadowBall,NastyPlot,Protect|Timid|||||50|]Aerodactyl||MentalHerb|Unnerve|RockSlide,DualWingbeat,Tailwind,Protect|Jolly||F|||50|]Hydreigon||LifeOrb|Levitate|DarkPulse,DragonPulse,DracoMeteor,Protect|Timid||F|||50|]Basculegion||ChoiceScarf|Adaptability|FlipTurn,LastRespects,WaveCrash,AquaJet|Jolly||M|||50|]Sneasler||WhiteHerb|Unburden|FakeOut,CloseCombat,DireClaw,Protect|Adamant||F|||50|
|
|t:|1785596161
|teamsize|p1|4
|teamsize|p2|4
|start
|switch|p1a: Ninetales|Ninetales-Alola, L50, F|100/100
|switch|p1b: Gholdengo|Gholdengo, L50|100/100
|switch|p2a: Aerodactyl|Aerodactyl, L50, F|100/100
|switch|p2b: Hydreigon|Hydreigon, L50, F|100/100
|-ability|p2a: Aerodactyl|Unnerve
|-weather|Snowscape|[from] ability: Snow Warning|[of] p1a: Ninetales
|turn|1
|inactive|Battle timer is ON: inactive players will automatically lose when time's up. (requested by Bob Sinclair)
|
|t:|1785596178
|move|p2b: Hydreigon|Protect|p2b: Hydreigon
|-singleturn|p2b: Hydreigon|Protect
|move|p1b: Gholdengo|Protect|p1b: Gholdengo
|-singleturn|p1b: Gholdengo|Protect
|move|p2a: Aerodactyl|Tailwind|p2a: Aerodactyl
|-sidestart|p2: Bob Sinclair|move: Tailwind
|move|p1a: Ninetales|Blizzard|p2b: Hydreigon|[spread] p2a
|-activate|p2b: Hydreigon|move: Protect
|-supereffective|p2a: Aerodactyl|1
|-damage|p2a: Aerodactyl|7/100
|
|-weather|Snowscape|[upkeep]
|upkeep
|turn|2
|inactive|Bob Sinclair has 30 seconds left.
|
|t:|1785596211
|switch|p1b: Incineroar|Incineroar, L50, M|100/100
|-ability|p1b: Incineroar|Intimidate|boost
|-unboost|p2a: Aerodactyl|atk|1
|-unboost|p2b: Hydreigon|atk|1
|move|p2a: Aerodactyl|Rock Slide|p1b: Incineroar|[spread] p1a,p1b
|-supereffective|p1a: Ninetales|1
|-supereffective|p1b: Incineroar|1
|-damage|p1a: Ninetales|71/100
|-damage|p1b: Incineroar|69/100
|move|p2b: Hydreigon|Draco Meteor|p1b: Incineroar
|-damage|p1b: Incineroar|10/100
|-unboost|p2b: Hydreigon|spa|2
|-damage|p2b: Hydreigon|90/100|[from] item: Life Orb
|move|p1a: Ninetales|Blizzard|p2a: Aerodactyl|[spread] p2a,p2b
|-supereffective|p2a: Aerodactyl|1
|-supereffective|p2b: Hydreigon|1
|-damage|p2a: Aerodactyl|0 fnt
|-damage|p2b: Hydreigon|25/100
|-enditem|p1b: Incineroar|Sitrus Berry|[eat]
|-heal|p1b: Incineroar|35/100|[from] item: Sitrus Berry
|faint|p2a: Aerodactyl
|
|-weather|Snowscape|[upkeep]
|upkeep
|
|t:|1785596229
|switch|p2a: Basculegion|Basculegion, L50, M|100/100
|turn|3
|
|t:|1785596240
|switch|p2b: Gardevoir|Gardevoir, L50, F|100/100
|-ability|p2b: Gardevoir|Intimidate|Trace|[from] ability: Trace|[of] p1b: Incineroar
|-ability|p2b: Gardevoir|Intimidate|boost
|-unboost|p1a: Ninetales|atk|1
|-unboost|p1b: Incineroar|atk|1
|switch|p1b: Sinistcha|Sinistcha, L50|100/100
|-heal|p1a: Ninetales|96/100|[from] ability: Hospitality|[of] p1b: Sinistcha
|move|p2a: Basculegion|Flip Turn|p1b: Sinistcha
|-resisted|p1b: Sinistcha|1
|-damage|p1b: Sinistcha|81/100
|
|t:|1785596250
|switch|p2a: Hydreigon|Hydreigon, L50, F|25/100|[from] Flip Turn
|move|p1a: Ninetales|Freeze-Dry|p2a: Hydreigon
|-supereffective|p2a: Hydreigon|1
|-damage|p2a: Hydreigon|0 fnt
|faint|p2a: Hydreigon
|
|-weather|Snowscape|[upkeep]
|upkeep
|
|t:|1785596255
|switch|p2a: Basculegion|Basculegion, L50, M|100/100
|turn|4
|
|t:|1785596272
|switch|p1b: Incineroar|Incineroar, L50, M|35/100
|-ability|p1b: Incineroar|Intimidate|boost
|-unboost|p2a: Basculegion|atk|1
|-unboost|p2b: Gardevoir|atk|1
|detailschange|p2b: Gardevoir|Gardevoir-Mega, L50, F
|-mega|p2b: Gardevoir|Gardevoir|Gardevoirite
|move|p2a: Basculegion|Last Respects|p1b: Incineroar
|-resisted|p1b: Incineroar|1
|-damage|p1b: Incineroar|6/100
|move|p2b: Gardevoir|Hyper Voice|p1a: Ninetales|[spread] p1a,p1b
|-crit|p1b: Incineroar
|-damage|p1a: Ninetales|42/100
|-damage|p1b: Incineroar|0 fnt
|faint|p1b: Incineroar
|move|p1a: Ninetales|Freeze-Dry|p2a: Basculegion
|-supereffective|p2a: Basculegion|1
|-damage|p2a: Basculegion|42/100
|
|-weather|Snowscape|[upkeep]
|-sideend|p2: Bob Sinclair|move: Tailwind
|upkeep
|
|t:|1785596284
|switch|p1b: Sinistcha|Sinistcha, L50|81/100
|-heal|p1a: Ninetales|67/100|[from] ability: Hospitality|[of] p1b: Sinistcha
|turn|5
|
|t:|1785596294
|move|p1b: Sinistcha|Rage Powder|p1b: Sinistcha
|-singleturn|p1b: Sinistcha|move: Rage Powder
|move|p2a: Basculegion|Last Respects|p1b: Sinistcha
|-supereffective|p1b: Sinistcha|1
|-damage|p1b: Sinistcha|0 fnt
|faint|p1b: Sinistcha
|move|p1a: Ninetales|Freeze-Dry|p2a: Basculegion
|-supereffective|p2a: Basculegion|1
|-damage|p2a: Basculegion|0 fnt
|faint|p2a: Basculegion
|move|p2b: Gardevoir|Hyper Voice|p1a: Ninetales
|-damage|p1a: Ninetales|0 fnt
|faint|p1a: Ninetales
|
|-weather|none
|upkeep
|
|t:|1785596299
|switch|p1b: Gholdengo|Gholdengo, L50|100/100
|turn|6
|
|t:|1785596310
|move|p1b: Gholdengo|Make It Rain|p2b: Gardevoir
|-supereffective|p2b: Gardevoir|1
|-damage|p2b: Gardevoir|0 fnt
|-unboost|p1b: Gholdengo|spa|2
|faint|p2b: Gardevoir
|-damage|p1b: Gholdengo|90/100|[from] item: Life Orb
|
|win|gastero
||Bob Sinclair is ready for game 2.
||gastero is ready for game 2.
|uhtml|next|Next: Game 2 of 3
