|j|☆That1Morpecko
|j|☆Fixxxxxxxxxx
|html|That1MorpeckoFixxxxxxxxxx    
|uhtml|bestof|Game 1 of a best-of-3
|t:|1782742005
|gametype|doubles
|player|p1|That1Morpecko|hiker-gen4|1186
|player|p2|Fixxxxxxxxxx|266|1060
|gen|9
|tier|[Gen 9 Champions] VGC 2026 Reg M-B (Bo3)
|rated|
|rule|Species Clause: Limit one of each Pokémon
|rule|Item Clause: Limit 1 of each item
|clearpoke
|poke|p1|Sinistcha, L50|
|poke|p1|Incineroar, L50, M|
|poke|p1|Milotic, L50, M|
|poke|p1|Raichu, L50, M|
|poke|p1|Floette-Eternal, L50, F|
|poke|p1|Ceruledge, L50, M|
|poke|p2|Torkoal, L50, F|
|poke|p2|Farigiraf, L50, F|
|poke|p2|Mamoswine, L50, M|
|poke|p2|Venusaur, L50, F|
|poke|p2|Scrafty, L50, M|
|poke|p2|Pyroar, L50, M|
|teampreview|4
|showteam|p1|Sinistcha||KasibBerry|Hospitality|MatchaGotcha,LifeDew,RagePowder,Protect|Relaxed|||||50|]Incineroar||SitrusBerry|Intimidate|FlareBlitz,ThroatChop,FakeOut,PartingShot|Impish||M|||50|]Milotic||Leftovers|Competitive|MuddyWater,Coil,Hypnosis,Protect|Calm||M|||50|]Raichu||RaichuniteY|LightningRod|ZapCannon,FocusBlast,FakeOut,Protect|Timid||M|||50|]Floette-Eternal||Floettite|FlowerVeil|DazzlingGleam,DrainingKiss,CalmMind,Protect|Timid||F|||50|]Ceruledge||ColburBerry|FlashFire|BitterBlade,ShadowSneak,BulkUp,Protect|Adamant||M|||50|
|showteam|p2|Torkoal||HeatRock|Drought|Eruption,WeatherBall,HelpingHand,Protect|Quiet||F|||50|]Farigiraf||SitrusBerry|ArmorTail|Psychic,Thunder,TrickRoom,Protect|Quiet||F|||50|]Mamoswine||FocusSash|Oblivious|HighHorsepower,RockSlide,IceShard,Protect|Jolly||M|||50|]Venusaur||LifeOrb|Chlorophyll|EnergyBall,SludgeBomb,EarthPower,Protect|Modest||F|||50|]Scrafty||Scraftinite|Intimidate|KnockOff,DrainPunch,FakeOut,IcePunch|Adamant||M|||50|]Pyroar||Pyroarite|Unnerve|HeatWave,Overheat,SolarBeam,Protect|Timid||M|||50|
|inactive|Battle timer is ON: inactive players will automatically lose when time's up. (requested by That1Morpecko)
|inactive|That1Morpecko has 60 seconds left.
|inactive|Fixxxxxxxxxx has 60 seconds left.
|
|t:|1782742041
|teamsize|p1|4
|teamsize|p2|4
|start
|switch|p1a: Raichu|Raichu, L50, M|100/100
|switch|p1b: Incineroar|Incineroar, L50, M|100/100
|switch|p2a: Venusaur|Venusaur, L50, F|100/100
|switch|p2b: Torkoal|Torkoal, L50, F|100/100
|-ability|p1b: Incineroar|Intimidate|boost
|-unboost|p2a: Venusaur|atk|1
|-unboost|p2b: Torkoal|atk|1
|-weather|SunnyDay|[from] ability: Drought|[of] p2b: Torkoal
|turn|1
|
|t:|1782742059
|detailschange|p1a: Raichu|Raichu-Mega-Y, L50, M
|-mega|p1a: Raichu|Raichu|Raichunite Y
|move|p2a: Venusaur|Protect|p2a: Venusaur
|-singleturn|p2a: Venusaur|Protect
|move|p2b: Torkoal|Protect|p2b: Torkoal
|-singleturn|p2b: Torkoal|Protect
|move|p1b: Incineroar|Fake Out|p2a: Venusaur
|-activate|p2a: Venusaur|move: Protect
|move|p1a: Raichu|Zap Cannon|p2b: Torkoal
|-activate|p2b: Torkoal|move: Protect
|
|-weather|SunnyDay|[upkeep]
|upkeep
|turn|2
|
|t:|1782742083
|move|p2b: Torkoal|Helping Hand|p2a: Venusaur
|-singleturn|p2a: Venusaur|Helping Hand|[of] p2b: Torkoal
|move|p2a: Venusaur|Earth Power|p1b: Incineroar
|-supereffective|p1b: Incineroar|1
|-damage|p1b: Incineroar|4/100
|-enditem|p1b: Incineroar|Sitrus Berry|[eat]
|-heal|p1b: Incineroar|29/100|[from] item: Sitrus Berry
|-damage|p2a: Venusaur|90/100|[from] item: Life Orb
|move|p1a: Raichu|Zap Cannon|p2b: Torkoal
|-damage|p2b: Torkoal|23/100
|-status|p2b: Torkoal|par
|move|p1b: Incineroar|Parting Shot|p2a: Venusaur
|-unboost|p2a: Venusaur|atk|1
|-unboost|p2a: Venusaur|spa|1
|
|t:|1782742097
|switch|p1b: Sinistcha|Sinistcha, L50|100/100|[from] Parting Shot
|
|-weather|SunnyDay|[upkeep]
|upkeep
|turn|3
|
|t:|1782742108
|move|p1b: Sinistcha|Rage Powder|p1b: Sinistcha
|-singleturn|p1b: Sinistcha|move: Rage Powder
|move|p2a: Venusaur|Sludge Bomb|p1b: Sinistcha
|-damage|p1b: Sinistcha|65/100
|-damage|p2a: Venusaur|80/100|[from] item: Life Orb
|move|p1a: Raichu|Zap Cannon|p2b: Torkoal
|-damage|p2b: Torkoal|0 fnt
|faint|p2b: Torkoal
|
|-weather|SunnyDay|[upkeep]
|upkeep
|
|t:|1782742122
|switch|p2b: Pyroar|Pyroar, L50, M|100/100
|-ability|p2b: Pyroar|Unnerve
|turn|4
|
|t:|1782742136
|detailschange|p2b: Pyroar|Pyroar-Mega, L50, M
|-mega|p2b: Pyroar|Pyroar|Pyroarite
|move|p2b: Pyroar|Protect|p2b: Pyroar
|-singleturn|p2b: Pyroar|Protect
|move|p1b: Sinistcha|Rage Powder|p1b: Sinistcha
|-singleturn|p1b: Sinistcha|move: Rage Powder
|move|p2a: Venusaur|Earth Power|p1a: Raichu
|-supereffective|p1a: Raichu|1
|-damage|p1a: Raichu|36/100
|-damage|p2a: Venusaur|71/100|[from] item: Life Orb
|move|p1a: Raichu|Zap Cannon|p2b: Pyroar
|-activate|p2b: Pyroar|move: Protect
|
|-weather|SunnyDay|[upkeep]
|upkeep
|turn|5
|
|t:|1782742151
|switch|p2b: Mamoswine|Mamoswine, L50, M|100/100
|switch|p1b: Milotic|Milotic, L50, M|100/100
|move|p1a: Raichu|Protect|p1a: Raichu
|-singleturn|p1a: Raichu|Protect
|move|p2a: Venusaur|Earth Power|p1a: Raichu
|-activate|p1a: Raichu|move: Protect
|
|-weather|SunnyDay|[upkeep]
|upkeep
|turn|6
|inactive|That1Morpecko has 30 seconds left.
|inactive|Fixxxxxxxxxx has 30 seconds left.
|
|t:|1782742179
|move|p2a: Venusaur|Energy Ball|p1b: Milotic
|-supereffective|p1b: Milotic|1
|-damage|p1b: Milotic|53/100
|-damage|p2a: Venusaur|61/100|[from] item: Life Orb
|move|p1a: Raichu|Zap Cannon|p2a: Venusaur
|-resisted|p2a: Venusaur|1
|-damage|p2a: Venusaur|26/100
|-status|p2a: Venusaur|par
|move|p2b: Mamoswine|Rock Slide|p1a: Raichu|[spread] p1a,p1b
|-damage|p1a: Raichu|9/100
|-damage|p1b: Milotic|36/100
|move|p1b: Milotic|Hypnosis||[still]
|-fail|p1b: Milotic
|
|-weather|SunnyDay|[upkeep]
|-heal|p1b: Milotic|42/100|[from] item: Leftovers
|upkeep
|turn|7
|
|t:|1782742203
|move|p2b: Mamoswine|Ice Shard|p1a: Raichu
|-damage|p1a: Raichu|0 fnt
|faint|p1a: Raichu
|cant|p2a: Venusaur|par
|move|p1b: Milotic|Muddy Water|p2b: Mamoswine|[spread] p2a,p2b
|-resisted|p2a: Venusaur|1
|-supereffective|p2b: Mamoswine|1
|-crit|p2b: Mamoswine
|-damage|p2a: Venusaur|20/100y par
|-damage|p2b: Mamoswine|50/100g
|
|-weather|SunnyDay|[upkeep]
|-heal|p1b: Milotic|48/100|[from] item: Leftovers
|upkeep
|
|t:|1782742206
|switch|p1a: Sinistcha|Sinistcha, L50|65/100
|-heal|p1b: Milotic|72/100|[from] ability: Hospitality|[of] p1a: Sinistcha
|turn|8
|
|t:|1782742221
|move|p2a: Venusaur|Sludge Bomb|p1a: Sinistcha
|-damage|p1a: Sinistcha|29/100
|-damage|p2a: Venusaur|10/100 par|[from] item: Life Orb
|move|p2b: Mamoswine|Rock Slide|p1b: Milotic|[spread] p1a,p1b
|-damage|p1a: Sinistcha|11/100
|-damage|p1b: Milotic|54/100
|move|p1b: Milotic|Coil|p1b: Milotic
|-boost|p1b: Milotic|atk|1
|-boost|p1b: Milotic|def|1
|-boost|p1b: Milotic|accuracy|1
|move|p1a: Sinistcha|Matcha Gotcha|p2a: Venusaur|[spread] p2a,p2b
|-resisted|p2a: Venusaur|2
|-supereffective|p2b: Mamoswine|1
|-damage|p2a: Venusaur|3/100 par
|-heal|p1a: Sinistcha|14/100|[from] drain|[of] p2a: Venusaur
|-damage|p2b: Mamoswine|0 fnt
|-heal|p1a: Sinistcha|41/100|[from] drain|[of] p2b: Mamoswine
|faint|p2b: Mamoswine
|
|-weather|none
|-heal|p1b: Milotic|60/100|[from] item: Leftovers
|upkeep
|
|t:|1782742240
|switch|p2b: Pyroar|Pyroar-Mega, L50, M|100/100
|turn|9
|
|t:|1782742252
|switch|p1a: Incineroar|Incineroar, L50, M|29/100
|-ability|p1a: Incineroar|Intimidate|boost
|-unboost|p2a: Venusaur|atk|1
|-unboost|p2b: Pyroar|atk|1
|move|p1b: Milotic|Protect|p1b: Milotic
|-singleturn|p1b: Milotic|Protect
|move|p2b: Pyroar|Heat Wave|p1b: Milotic|[spread] p1a
|-activate|p1b: Milotic|move: Protect
|-resisted|p1a: Incineroar|1
|-damage|p1a: Incineroar|2/100
|move|p2a: Venusaur|Energy Ball|p1b: Milotic
|-activate|p1b: Milotic|move: Protect
|
|-heal|p1b: Milotic|66/100|[from] item: Leftovers
|upkeep
|turn|10
|
|t:|1782742273
|move|p2b: Pyroar|Protect|p2b: Pyroar
|-singleturn|p2b: Pyroar|Protect
|move|p2a: Venusaur|Protect|p2a: Venusaur
|-singleturn|p2a: Venusaur|Protect
|move|p1a: Incineroar|Fake Out|p2a: Venusaur
|-activate|p2a: Venusaur|move: Protect
|move|p1b: Milotic|Coil|p1b: Milotic
|-boost|p1b: Milotic|atk|1
|-boost|p1b: Milotic|def|1
|-boost|p1b: Milotic|accuracy|1
|
|-heal|p1b: Milotic|72/100|[from] item: Leftovers
|upkeep
|turn|11
|
|t:|1782742296
|move|p2b: Pyroar|Heat Wave|p1b: Milotic|[spread] p1a,p1b
|-resisted|p1a: Incineroar|1
|-resisted|p1b: Milotic|1
|-damage|p1a: Incineroar|0 fnt
|-damage|p1b: Milotic|56/100
|faint|p1a: Incineroar
|move|p1b: Milotic|Muddy Water|p2b: Pyroar|[spread] p2a,p2b
|-resisted|p2a: Venusaur|1
|-supereffective|p2b: Pyroar|1
|-damage|p2a: Venusaur|0 fnt
|-damage|p2b: Pyroar|36/100
|-unboost|p2b: Pyroar|accuracy|1
|faint|p2a: Venusaur
|
|-heal|p1b: Milotic|62/100|[from] item: Leftovers
|upkeep
|
|t:|1782742303
|switch|p1a: Sinistcha|Sinistcha, L50|41/100
|-heal|p1b: Milotic|87/100|[from] ability: Hospitality|[of] p1a: Sinistcha
|turn|12
|-message|Fixxxxxxxxxx forfeited.
|
|win|That1Morpecko
||Fixxxxxxxxxx is ready for game 2.
||That1Morpecko is ready for game 2.
|uhtml|next|Next: Game 2 of 3
