|j|☆BigIronChungus
|j|☆ZeraXx
|html|BigIronChungusZeraXx    
|uhtml|bestof|Game 1 of a best-of-3
|t:|1784966349
|gametype|doubles
|player|p1|BigIronChungus|arezu|1131
|player|p2|ZeraXx|169|1213
|gen|9
|tier|[Gen 9 Champions] VGC 2026 Reg M-B (Bo3)
|rated|
|rule|Species Clause: Limit one of each Pokémon
|rule|Item Clause: Limit 1 of each item
|clearpoke
|poke|p1|Milotic, L50, F|
|poke|p1|Staraptor, L50, F|
|poke|p1|Tyranitar, L50, F|
|poke|p1|Gholdengo, L50|
|poke|p1|Excadrill, L50, F|
|poke|p1|Sinistcha, L50|
|poke|p2|Swampert, L50, M|
|poke|p2|Pelipper, L50, F|
|poke|p2|Archaludon, L50, F|
|poke|p2|Sableye, L50, M|
|poke|p2|Sinistcha-Masterpiece, L50|
|poke|p2|Metagross, L50|
|teampreview|4
|showteam|p1|Milotic||Leftovers|Competitive|Protect,IceBeam,Scald,IcyWind|Modest||F|||50|]Staraptor||Staraptite|Intimidate|Protect,BraveBird,CloseCombat,Tailwind|Jolly||F|||50|]Tyranitar||Tyranitarite|SandStream|Protect,KnockOff,RockSlide,LowKick|Adamant||F|||50|]Gholdengo||LifeOrb|GoodasGold|Protect,ShadowBall,NastyPlot,MakeItRain|Modest|||||50|]Excadrill||FocusSash|SandRush|Protect,IronHead,RockSlide,HighHorsepower|Adamant||F|||50|]Sinistcha||SitrusBerry|Hospitality|Protect,TrickRoom,RagePowder,MatchaGotcha|Bold|||||50|
|showteam|p2|Swampert||Swampertite|Torrent|WaveCrash,HighHorsepower,Protect,IcePunch|Adamant||M|||50|]Pelipper||FocusSash|Drizzle|Tailwind,WeatherBall,Hurricane,WideGuard|Modest||F|||50|]Archaludon||Leftovers|Stamina|DragonPulse,ElectroShot,FlashCannon,Protect|Modest||F|||50|]Sableye||LightClay|Prankster|RainDance,FoulPlay,Reflect,LightScreen|Impish||M|||50|]Sinistcha-Masterpiece||SitrusBerry|Hospitality|MatchaGotcha,RagePowder,LifeDew,Protect|Bold|||||50|]Metagross||Metagrossite|ClearBody|MeteorMash,PsychicFangs,IcePunch,Protect|Jolly|||||50|
|
|t:|1784966396
|teamsize|p1|4
|teamsize|p2|4
|start
|switch|p1a: Gholdengo|Gholdengo, L50|100/100
|switch|p1b: Sinistcha|Sinistcha, L50|100/100
|switch|p2a: Sableye|Sableye, L50, M|100/100
|switch|p2b: Metagross|Metagross, L50|100/100
|turn|1
|inactive|Battle timer is ON: inactive players will automatically lose when time's up. (requested by ZeraXx)
|inactive|BigIronChungus has 60 seconds left.
|
|t:|1784966451
|detailschange|p2b: Metagross|Metagross-Mega, L50
|-mega|p2b: Metagross|Metagross|Metagrossite
|move|p2b: Metagross|Psychic Fangs|p1a: Gholdengo
|-resisted|p1a: Gholdengo|1
|-damage|p1a: Gholdengo|72/100
|move|p1a: Gholdengo|Nasty Plot|p1a: Gholdengo
|-boost|p1a: Gholdengo|spa|2
|move|p1b: Sinistcha|Matcha Gotcha|p2b: Metagross|[spread] p2a,p2b
|-crit|p2a: Sableye
|-resisted|p2b: Metagross|1
|-damage|p2a: Sableye|59/100
|-damage|p2b: Metagross|87/100
|-status|p2a: Sableye|brn
|move|p2a: Sableye|Foul Play|p1a: Gholdengo
|-supereffective|p1a: Gholdengo|1
|-damage|p1a: Gholdengo|53/100
|
|-damage|p2a: Sableye|54/100 brn|[from] brn
|upkeep
|turn|2
|
|t:|1784966474
|move|p2b: Metagross|Protect|p2b: Metagross
|-singleturn|p2b: Metagross|Protect
|move|p1b: Sinistcha|Rage Powder|p1b: Sinistcha
|-singleturn|p1b: Sinistcha|move: Rage Powder
|move|p2a: Sableye|Light Screen|p2a: Sableye
|-sidestart|p2: ZeraXx|move: Light Screen
|move|p1a: Gholdengo|Shadow Ball|p2b: Metagross
|-activate|p2b: Metagross|move: Protect
|
|-damage|p2a: Sableye|48/100 brn|[from] brn
|upkeep
|turn|3
|
|t:|1784966487
|move|p1b: Sinistcha|Rage Powder|p1b: Sinistcha
|-singleturn|p1b: Sinistcha|move: Rage Powder
|move|p2b: Metagross|Psychic Fangs|p1b: Sinistcha
|-damage|p1b: Sinistcha|51/100
|move|p1a: Gholdengo|Shadow Ball|p2b: Metagross
|-supereffective|p2b: Metagross|1
|-damage|p2b: Metagross|0 fnt
|faint|p2b: Metagross
|-damage|p1a: Gholdengo|43/100|[from] item: Life Orb
|move|p2a: Sableye|Foul Play|p1b: Sinistcha
|-supereffective|p1b: Sinistcha|1
|-damage|p1b: Sinistcha|34/100
|-enditem|p1b: Sinistcha|Sitrus Berry|[eat]
|-heal|p1b: Sinistcha|58/100|[from] item: Sitrus Berry
|
|-damage|p2a: Sableye|42/100 brn|[from] brn
|upkeep
|
|t:|1784966500
|switch|p2b: Archaludon|Archaludon, L50, F|100/100
|turn|4
|
|t:|1784966510
|move|p1a: Gholdengo|Protect|p1a: Gholdengo
|-singleturn|p1a: Gholdengo|Protect
|move|p1b: Sinistcha|Protect|p1b: Sinistcha
|-singleturn|p1b: Sinistcha|Protect
|move|p2a: Sableye|Rain Dance|p2a: Sableye
|-weather|RainDance
|move|p2b: Archaludon|Electro Shot||[still]
|-prepare|p2b: Archaludon|Electro Shot
|-boost|p2b: Archaludon|spa|1
|-anim|p2b: Archaludon|Electro Shot|p1a: Gholdengo
|-activate|p1a: Gholdengo|move: Protect
|
|-weather|RainDance|[upkeep]
|-damage|p2a: Sableye|36/100 brn|[from] brn
|upkeep
|turn|5
|
|t:|1784966524
|move|p1b: Sinistcha|Rage Powder|p1b: Sinistcha
|-singleturn|p1b: Sinistcha|move: Rage Powder
|move|p2a: Sableye|Reflect|p2a: Sableye
|-sidestart|p2: ZeraXx|Reflect
|move|p1a: Gholdengo|Shadow Ball|p2b: Archaludon
|-damage|p2b: Archaludon|29/100
|-ability|p2b: Archaludon|Stamina|boost
|-boost|p2b: Archaludon|def|1
|-damage|p1a: Gholdengo|34/100|[from] item: Life Orb
|move|p2b: Archaludon|Electro Shot||[still]
|-prepare|p2b: Archaludon|Electro Shot
|-boost|p2b: Archaludon|spa|1
|-anim|p2b: Archaludon|Electro Shot|p1b: Sinistcha
|-resisted|p1b: Sinistcha|1
|-damage|p1b: Sinistcha|17/100
|
|-weather|RainDance|[upkeep]
|-heal|p2b: Archaludon|35/100|[from] item: Leftovers
|-damage|p2a: Sableye|31/100 brn|[from] brn
|upkeep
|turn|6
|inactive|BigIronChungus has 30 seconds left.
|
|t:|1784966551
|switch|p1b: Tyranitar|Tyranitar, L50, F|100/100
|-weather|Sandstorm|[from] ability: Sand Stream|[of] p1b: Tyranitar
|move|p2b: Archaludon|Protect|p2b: Archaludon
|-singleturn|p2b: Archaludon|Protect
|move|p1a: Gholdengo|Shadow Ball|p2b: Archaludon
|-activate|p2b: Archaludon|move: Protect
|move|p2a: Sableye|Foul Play|p1b: Tyranitar
|-resisted|p1b: Tyranitar|1
|-damage|p1b: Tyranitar|90/100
|
|-weather|Sandstorm|[upkeep]
|-damage|p2a: Sableye|25/100 brn|[from] Sandstorm
|-heal|p2b: Archaludon|41/100|[from] item: Leftovers
|-damage|p2a: Sableye|19/100 brn|[from] brn
|upkeep
|turn|7
|
|t:|1784966564
|switch|p1b: Sinistcha|Sinistcha, L50|17/100
|-heal|p1a: Gholdengo|58/100|[from] ability: Hospitality|[of] p1b: Sinistcha
|move|p2a: Sableye|Rain Dance|p2a: Sableye
|-weather|RainDance
|move|p1a: Gholdengo|Shadow Ball|p2b: Archaludon
|-damage|p2b: Archaludon|0 fnt
|faint|p2b: Archaludon
|-damage|p1a: Gholdengo|48/100|[from] item: Life Orb
|
|-weather|RainDance|[upkeep]
|-damage|p2a: Sableye|14/100 brn|[from] brn
|upkeep
|
|t:|1784966567
|switch|p2b: Pelipper|Pelipper, L50, F|100/100
|turn|8
|-message|ZeraXx forfeited.
|
|win|BigIronChungus
|l|☆ZeraXx
|player|p2|
||ZeraXx is ready for game 2.
||BigIronChungus is ready for game 2.
|uhtml|next|Next: Game 2 of 3
