|j|â˜†nastyman21
|j|â˜†PamamoDaisukiKo
|html|nastyman21PamamoDaisukiKo    
|uhtml|bestof|Game 3 of a best-of-3
|t:|1756980659
|gametype|doubles
|player|p1|nastyman21|1|1112
|player|p2|PamamoDaisukiKo|dawn|1165
|gen|9
|tier|[Gen 9] VGC 2025 Reg H (Bo3)
|rated|
|rule|Species Clause: Limit one of each PokÃ©mon
|rule|Item Clause: Limit 1 of each item
|clearpoke
|poke|p1|Gholdengo, L50|
|poke|p1|Amoonguss, L50, M|
|poke|p1|Annihilape, L50, F|
|poke|p1|Incineroar, L50, M|
|poke|p1|Sneasler, L50, F|
|poke|p1|Kingambit, L50, M|
|poke|p2|Dondozo, L50, M|
|poke|p2|Tatsugiri, L50, F|
|poke|p2|Pawmot, L50, F|
|poke|p2|Annihilape, L50, M|
|poke|p2|Maushold, L50|
|poke|p2|Talonflame, L50, M|
|teampreview|4
|showteam|p1|Gholdengo||Leftovers|GoodasGold|Protect,NastyPlot,MakeItRain,ShadowBall||||||50|,,,,,Steel]Amoonguss||RockyHelmet|Regenerator|Protect,RagePowder,Spore,PollenPuff|||M|||50|,,,,,Water]Annihilape||SitrusBerry|Defiant|Protect,BulkUp,DrainPunch,RageFist|||F|||50|,,,,,Fire]Incineroar||SafetyGoggles|Intimidate|FakeOut,KnockOff,PartingShot,WillOWisp|||M|||50|,,,,,Ghost]Sneasler||FocusSash|PoisonTouch|Protect,FakeOut,DireClaw,CloseCombat|||F|||50|,,,,,Poison]Kingambit||AssaultVest|Defiant|KowtowCleave,LowKick,SuckerPunch,IronHead|||M|||50|,,,,,Flying
|showteam|p2|Dondozo||Leftovers|Unaware|OrderUp,WaveCrash,Earthquake,Protect|||M|||50|,,,,,Grass]Tatsugiri||ChoiceScarf|Commander|MuddyWater,IcyWind,DracoMeteor,DragonPulse|||F|||50|,,,,,Ghost]Pawmot||FocusSash|VoltAbsorb|DoubleShock,CloseCombat,RevivalBlessing,Protect|||F|||50|,,,,,Electric]Annihilape||SitrusBerry|Defiant|DrainPunch,RageFist,BulkUp,Protect|||M|||50|,,,,,Water]Maushold||SafetyGoggles|FriendGuard|BeatUp,Taunt,FollowMe,Protect||||||50|,,,,,Fairy]Talonflame||CovertCloak|GaleWings|DualWingbeat,FlareBlitz,Tailwind,WillOWisp|||M|||50|,,,,,Flying
|inactive|Battle timer is ON: inactive players will automatically lose when time's up. (requested by nastyman21)
|inactive|PamamoDaisukiKo has 60 seconds left.
|inactive|PamamoDaisukiKo has 30 seconds left.
|inactive|PamamoDaisukiKo has 20 seconds left.
|inactive|PamamoDaisukiKo has 15 seconds left.
|inactive|PamamoDaisukiKo has 10 seconds left.
|
|t:|1756980741
|teamsize|p1|4
|teamsize|p2|4
|start
|switch|p1a: Amoonguss|Amoonguss, L50, M, shiny|100/100
|switch|p1b: Gholdengo|Gholdengo, L50|100/100
|switch|p2a: Talonflame|Talonflame, L50, M|100/100
|switch|p2b: Maushold|Maushold, L50|100/100
|turn|1
|inactive|PamamoDaisukiKo has 30 seconds left.
|inactive|nastyman21 has 30 seconds left.
|inactive|PamamoDaisukiKo has 20 seconds left.
|inactive|PamamoDaisukiKo has 15 seconds left.
|
|t:|1756980787
|move|p2b: Maushold|Follow Me|p2b: Maushold
|-singleturn|p2b: Maushold|move: Follow Me
|move|p2a: Talonflame|Flare Blitz|p1b: Gholdengo
|-supereffective|p1b: Gholdengo
|-damage|p1b: Gholdengo|7/100
|-damage|p2a: Talonflame|65/100|[from] Recoil
|move|p1b: Gholdengo|Make It Rain|p2b: Maushold|[spread] p2a,p2b
|-resisted|p2a: Talonflame
|-damage|p2a: Talonflame|41/100
|-damage|p2b: Maushold|44/100
|-unboost|p1b: Gholdengo|spa|1
|move|p1a: Amoonguss|Spore|p2b: Maushold
|-activate|p2b: Maushold|item: Safety Goggles|Spore
|
|-heal|p1b: Gholdengo|14/100|[from] item: Leftovers
|upkeep
|turn|2
|
|t:|1756980805
|move|p2a: Talonflame|Flare Blitz|p1a: Amoonguss
|-supereffective|p1a: Amoonguss
|-damage|p1a: Amoonguss|21/100
|-damage|p2a: Talonflame|25/100|[from] item: Rocky Helmet|[of] p1a: Amoonguss
|-damage|p2a: Talonflame|0 fnt|[from] Recoil
|faint|p2a: Talonflame
|move|p2b: Maushold|Beat Up|p1b: Gholdengo
|-supereffective|p1b: Gholdengo
|-damage|p1b: Gholdengo|9/100
|-supereffective|p1b: Gholdengo
|-damage|p1b: Gholdengo|4/100
|-supereffective|p1b: Gholdengo
|-damage|p1b: Gholdengo|0 fnt
|faint|p1b: Gholdengo
|-hitcount|p1: Gholdengo|3
|move|p1a: Amoonguss|Pollen Puff|p2b: Maushold
|-damage|p2b: Maushold|21/100
|
|upkeep
|
|t:|1756980823
|switch|p2a: Dondozo|Dondozo, L50, M|100/100
|switch|p1b: Kingambit|Kingambit, L50, M, shiny|100/100
|turn|3
|inactive|PamamoDaisukiKo has 30 seconds left.
|
|t:|1756980855
|switch|p1a: Sneasler|Sneasler, L50, F|100/100
|move|p2b: Maushold|Taunt|p1a: Sneasler
|-start|p1a: Sneasler|move: Taunt
|move|p2a: Dondozo|Earthquake|p1a: Sneasler|[spread] p2b,p1a,p1b
|-crit|p2b: Maushold
|-supereffective|p1a: Sneasler
|-supereffective|p1b: Kingambit
|-damage|p2b: Maushold|0 fnt
|-damage|p1a: Sneasler|27/100
|-damage|p1b: Kingambit|73/100
|faint|p2b: Maushold
|move|p1b: Kingambit|Kowtow Cleave|p2a: Dondozo
|-damage|p2a: Dondozo|69/100
|
|-heal|p2a: Dondozo|75/100|[from] item: Leftovers
|upkeep
|
|t:|1756980857
|switch|p2b: Tatsugiri|Tatsugiri, L50, F|100/100
|-activate|p2b: Tatsugiri|ability: Commander|[of] p2a: Dondozo
|-boost|p2a: Dondozo|atk|2
|-boost|p2a: Dondozo|spa|2
|-boost|p2a: Dondozo|spe|2
|-boost|p2a: Dondozo|def|2
|-boost|p2a: Dondozo|spd|2
|turn|4
|
|t:|1756980873
|move|p2a: Dondozo|Protect|p2a: Dondozo
|-singleturn|p2a: Dondozo|Protect
|move|p1a: Sneasler|Fake Out|p2a: Dondozo
|-activate|p2a: Dondozo|move: Protect
|move|p1b: Kingambit|Kowtow Cleave|p2a: Dondozo
|-activate|p2a: Dondozo|move: Protect
|
|-heal|p2a: Dondozo|81/100|[from] item: Leftovers
|upkeep
|turn|5
|
|t:|1756980881
|-terastallize|p1b: Kingambit|Flying
|move|p1a: Sneasler|Dire Claw|p2a: Dondozo
|-damage|p2a: Dondozo|66/100
|-status|p2a: Dondozo|psn|[from] ability: Poison Touch|[of] p1a: Sneasler
|move|p2a: Dondozo|Earthquake|p1a: Sneasler|[spread] p1a
|-miss|p2a: Dondozo|p2b: Tatsugiri
|-immune|p1b: Kingambit
|-supereffective|p1a: Sneasler
|-damage|p1a: Sneasler|0 fnt
|faint|p1a: Sneasler
|move|p1b: Kingambit|Kowtow Cleave|p2a: Dondozo
|-damage|p2a: Dondozo|50/100 psn
|
|-heal|p2a: Dondozo|56/100 psn|[from] item: Leftovers
|-damage|p2a: Dondozo|43/100 psn|[from] psn
|upkeep
|
|t:|1756980895
|switch|p1a: Amoonguss|Amoonguss, L50, M, shiny|54/100
|turn|6
|
|t:|1756980916
|-terastallize|p2a: Dondozo|Grass
|move|p2a: Dondozo|Wave Crash|p1b: Kingambit
|-damage|p1b: Kingambit|2/100
|-damage|p2a: Dondozo|22/100 psn|[from] Recoil
|move|p1b: Kingambit|Kowtow Cleave|p2a: Dondozo
|-damage|p2a: Dondozo|6/100 psn
|move|p1a: Amoonguss|Pollen Puff|p1b: Kingambit
|-heal|p1b: Kingambit|52/100
|
|-heal|p2a: Dondozo|12/100 psn|[from] item: Leftovers
|-damage|p2a: Dondozo|0 fnt|[from] psn
|faint|p2a: Dondozo
|upkeep
|turn|7
|c|â˜†PamamoDaisukiKo|hmm
|c|â˜†PamamoDaisukiKo|that's not ideal
|
|t:|1756980938
|move|p1b: Kingambit|Sucker Punch|p2b: Tatsugiri
|-damage|p2b: Tatsugiri|33/100
|move|p2b: Tatsugiri|Icy Wind|p1a: Amoonguss|[spread] p1a,p1b
|-supereffective|p1a: Amoonguss
|-supereffective|p1b: Kingambit
|-damage|p1a: Amoonguss|29/100
|-damage|p1b: Kingambit|35/100
|-unboost|p1a: Amoonguss|spe|1
|-unboost|p1b: Kingambit|spe|1
|-ability|p1b: Kingambit|Defiant|boost
|-boost|p1b: Kingambit|atk|2
|move|p1a: Amoonguss|Spore|p2b: Tatsugiri
|-status|p2b: Tatsugiri|slp|[from] move: Spore
|
|upkeep
|turn|8
|
|t:|1756980951
|cant|p2b: Tatsugiri|slp
|move|p1b: Kingambit|Kowtow Cleave|p2b: Tatsugiri
|-damage|p2b: Tatsugiri|0 fnt
|faint|p2b: Tatsugiri
|
|win|nastyman21
|raw|nastyman21's rating: 1112 → 1141(+29 for winning)
|raw|PamamoDaisukiKo's rating: 1165 → 1136(-29 for losing)
