|j|☆tsteelerfan
|j|☆reshiee
|html|tsteelerfanreshiee    
|uhtml|bestof|Game 1 of a best-of-3
|t:|1784493769
|gametype|doubles
|player|p1|tsteelerfan|2|1105
|player|p2|reshiee|gwynn|1000
|gen|9
|tier|[Gen 9 Champions] VGC 2026 Reg M-B (Bo3)
|rated|
|rule|Species Clause: Limit one of each Pokémon
|rule|Item Clause: Limit 1 of each item
|clearpoke
|poke|p1|Rampardos, L50, F|
|poke|p1|Whimsicott, L50, F|
|poke|p1|Incineroar, L50, F|
|poke|p1|Blaziken, L50, M|
|poke|p1|Rotom-Wash, L50|
|poke|p1|Machamp, L50, F|
|poke|p2|Charizard, L50, M|
|poke|p2|Venusaur, L50, F|
|poke|p2|Pelipper, L50, F|
|poke|p2|Grimmsnarl, L50, M|
|poke|p2|Basculegion, L50, M|
|poke|p2|Archaludon, L50, M|
|teampreview|4
|showteam|p1|Rampardos||ChoiceScarf|SheerForce|IronHead,FirePunch,Avalanche,HeadSmash|Careful||F|||50|]Whimsicott||FocusSash|Prankster|Tailwind,DazzlingGleam,Encore,Memento|Timid||F|||50|]Incineroar||SitrusBerry|Intimidate|PartingShot,FlareBlitz,FakeOut,Protect|Serious||F|||50|]Blaziken||Blazikenite|SpeedBoost|RockSlide,SwordsDance,Protect,BatonPass|Jolly||M|||50|]Rotom-Wash||Magnet|Levitate|VoltSwitch,Protect,LightScreen,HydroPump|Modest|||||50|]Machamp||CobaBerry|NoGuard|DarkestLariat,StoneEdge,Detect,DynamicPunch|Adamant||F|||50|
|showteam|p2|Charizard||CharizarditeY|Blaze|HeatWave,WeatherBall,SolarBeam,Protect|Modest||M|||50|]Venusaur||FocusSash|Chlorophyll|SludgeBomb,EarthPower,SleepPowder,Protect|Modest||F|||50|]Pelipper||SitrusBerry|Drizzle|Hurricane,WeatherBall,Tailwind,WideGuard|Modest||F|||50|]Grimmsnarl||LightClay|Prankster|SpiritBreak,Reflect,LightScreen,PartingShot|Sassy||M|||50|]Basculegion||ChoiceScarf|Adaptability|WaveCrash,LastRespects,FlipTurn,AquaJet|Jolly||M|||50|]Archaludon||Leftovers|Stamina|DragonPulse,FlashCannon,ElectroShot,Protect|Calm||M|||50|
|inactive|Battle timer is ON: inactive players will automatically lose when time's up. (requested by tsteelerfan)
|
|t:|1784493834
|teamsize|p1|4
|teamsize|p2|4
|start
|switch|p1a: Blaziken|Blaziken, L50, M|100/100
|switch|p1b: Rotom|Rotom-Wash, L50|100/100
|switch|p2a: Grimmsnarl|Grimmsnarl, L50, M|100/100
|switch|p2b: Archaludon|Archaludon, L50, M|100/100
|turn|1
|inactive|reshiee has 30 seconds left.
|
|t:|1784493865
|move|p2a: Grimmsnarl|Reflect|p2a: Grimmsnarl
|-sidestart|p2: reshiee|Reflect
|move|p1b: Rotom|Light Screen|p1b: Rotom
|-sidestart|p1: tsteelerfan|move: Light Screen
|move|p1a: Blaziken|Swords Dance|p1a: Blaziken
|-boost|p1a: Blaziken|atk|2
|move|p2b: Archaludon|Dragon Pulse|p1b: Rotom
|-crit|p1b: Rotom
|-damage|p1b: Rotom|42/100
|
|-ability|p1a: Blaziken|Speed Boost|boost
|-boost|p1a: Blaziken|spe|1
|upkeep
|turn|2
|inactive|tsteelerfan has 30 seconds left.
|inactive|reshiee has 30 seconds left.
|inactive|tsteelerfan has 20 seconds left.
|inactive|reshiee has 20 seconds left.
|inactive|reshiee has 15 seconds left.
|
|t:|1784493908
|detailschange|p1a: Blaziken|Blaziken-Mega, L50, M
|-mega|p1a: Blaziken|Blaziken|Blazikenite
|move|p1a: Blaziken|Protect|p1a: Blaziken
|-singleturn|p1a: Blaziken|Protect
|move|p2b: Archaludon|Protect|p2b: Archaludon
|-singleturn|p2b: Archaludon|Protect
|move|p2a: Grimmsnarl|Light Screen|p2a: Grimmsnarl
|-sidestart|p2: reshiee|move: Light Screen
|move|p1b: Rotom|Hydro Pump|p2a: Grimmsnarl|[miss]
|-miss|p1b: Rotom|p2a: Grimmsnarl
|
|-ability|p1a: Blaziken|Speed Boost|boost
|-boost|p1a: Blaziken|spe|1
|upkeep
|turn|3
|
|t:|1784493931
|move|p2a: Grimmsnarl|Parting Shot|p1a: Blaziken
|-unboost|p1a: Blaziken|atk|1
|-unboost|p1a: Blaziken|spa|1
|
|t:|1784493934
|switch|p2a: Pelipper|Pelipper, L50, F|100/100|[from] Parting Shot
|-weather|RainDance|[from] ability: Drizzle|[of] p2a: Pelipper
|move|p1a: Blaziken|Swords Dance|p1a: Blaziken
|-boost|p1a: Blaziken|atk|2
|move|p1b: Rotom|Volt Switch|p2a: Pelipper
|-supereffective|p2a: Pelipper|2
|-damage|p2a: Pelipper|0 fnt
|faint|p2a: Pelipper
|
|t:|1784493946
|switch|p1b: Machamp|Machamp, L50, F|100/100|[from] Volt Switch
|move|p2b: Archaludon|Electro Shot||[still]
|-prepare|p2b: Archaludon|Electro Shot
|-boost|p2b: Archaludon|spa|1
|-anim|p2b: Archaludon|Electro Shot|p1b: Machamp
|-damage|p1b: Machamp|61/100
|
|-weather|RainDance|[upkeep]
|-ability|p1a: Blaziken|Speed Boost|boost
|-boost|p1a: Blaziken|spe|1
|upkeep
|
|t:|1784493959
|switch|p2a: Grimmsnarl|Grimmsnarl, L50, M|100/100
|turn|4
|inactive|reshiee has 30 seconds left.
|
|t:|1784493990
|move|p2a: Grimmsnarl|Parting Shot|p1a: Blaziken
|-unboost|p1a: Blaziken|atk|1
|-unboost|p1a: Blaziken|spa|1
|
|t:|1784493994
|switch|p2a: Charizard|Charizard, L50, M|100/100|[from] Parting Shot
|move|p1a: Blaziken|Baton Pass|p1a: Blaziken
|
|t:|1784493998
|switch|p1a: Rampardos|Rampardos, L50, F|100/100|[from] Baton Pass
|move|p2b: Archaludon|Electro Shot||[still]
|-prepare|p2b: Archaludon|Electro Shot
|-boost|p2b: Archaludon|spa|1
|-anim|p2b: Archaludon|Electro Shot|p1a: Rampardos
|-damage|p1a: Rampardos|34/100
|move|p1b: Machamp|Dynamic Punch|p2b: Archaludon
|-supereffective|p2b: Archaludon|1
|-damage|p2b: Archaludon|47/100
|-start|p2b: Archaludon|confusion
|-ability|p2b: Archaludon|Stamina|boost
|-boost|p2b: Archaludon|def|1
|
|-weather|RainDance|[upkeep]
|-heal|p2b: Archaludon|53/100|[from] item: Leftovers
|upkeep
|turn|5
|inactive|tsteelerfan has 30 seconds left.
|inactive|reshiee has 30 seconds left.
|inactive|reshiee has 20 seconds left.
|inactive|reshiee has 15 seconds left.
|inactive|reshiee has 10 seconds left.
|inactive|reshiee has 5 seconds left.
|
|t:|1784494051
|detailschange|p2a: Charizard|Charizard-Mega-Y, L50, M
|-mega|p2a: Charizard|Charizard|Charizardite Y
|-weather|SunnyDay|[from] ability: Drought|[of] p2a: Charizard
|move|p1a: Rampardos|Head Smash|p2a: Charizard
|-supereffective|p2a: Charizard|2
|-damage|p2a: Charizard|0 fnt
|faint|p2a: Charizard
|-damage|p1a: Rampardos|0 fnt|[from] Recoil
|faint|p1a: Rampardos
|-activate|p2b: Archaludon|confusion
|-damage|p2b: Archaludon|48/100|[from] confusion
|move|p1b: Machamp|Dynamic Punch|p2b: Archaludon
|-supereffective|p2b: Archaludon|1
|-damage|p2b: Archaludon|12/100
|-ability|p2b: Archaludon|Stamina|boost
|-boost|p2b: Archaludon|def|1
|
|-weather|SunnyDay|[upkeep]
|-heal|p2b: Archaludon|18/100|[from] item: Leftovers
|-sideend|p1: tsteelerfan|move: Light Screen
|upkeep
|
|t:|1784494068
|switch|p2a: Grimmsnarl|Grimmsnarl, L50, M|100/100
|switch|p1a: Blaziken|Blaziken-Mega, L50, M|100/100
|turn|6
|
|t:|1784494082
|move|p1a: Blaziken|Protect|p1a: Blaziken
|-singleturn|p1a: Blaziken|Protect
|-end|p2b: Archaludon|confusion
|move|p2b: Archaludon|Protect|p2b: Archaludon
|-singleturn|p2b: Archaludon|Protect
|move|p1b: Machamp|Darkest Lariat|p2b: Archaludon
|-activate|p2b: Archaludon|move: Protect
|move|p2a: Grimmsnarl|Spirit Break|p1b: Machamp
|-supereffective|p1b: Machamp|1
|-damage|p1b: Machamp|0 fnt
|faint|p1b: Machamp
|
|-weather|SunnyDay|[upkeep]
|-heal|p2b: Archaludon|24/100|[from] item: Leftovers
|-ability|p1a: Blaziken|Speed Boost|boost
|-boost|p1a: Blaziken|spe|1
|upkeep
|
|t:|1784494091
|switch|p1b: Rotom|Rotom-Wash, L50|42/100
|turn|7
|
|t:|1784494112
|move|p2a: Grimmsnarl|Parting Shot|p1b: Rotom
|-unboost|p1b: Rotom|atk|1
|-unboost|p1b: Rotom|spa|1
|move|p1a: Blaziken|Swords Dance|p1a: Blaziken
|-boost|p1a: Blaziken|atk|2
|move|p1b: Rotom|Hydro Pump|p2b: Archaludon
|-resisted|p2b: Archaludon|1
|-damage|p2b: Archaludon|19/100
|-ability|p2b: Archaludon|Stamina|boost
|-boost|p2b: Archaludon|def|1
|move|p2b: Archaludon|Dragon Pulse|p1a: Blaziken
|-damage|p1a: Blaziken|27/100
|
|-weather|SunnyDay|[upkeep]
|-heal|p2b: Archaludon|25/100|[from] item: Leftovers
|-ability|p1a: Blaziken|Speed Boost|boost
|-boost|p1a: Blaziken|spe|1
|upkeep
|turn|8
|inactive|reshiee has 30 seconds left.
|
|t:|1784494140
|move|p1a: Blaziken|Rock Slide|p2b: Archaludon|[spread] p2a,p2b
|-resisted|p2b: Archaludon|1
|-damage|p2a: Grimmsnarl|72/100
|-damage|p2b: Archaludon|22/100
|-ability|p2b: Archaludon|Stamina|boost
|-boost|p2b: Archaludon|def|1
|move|p1b: Rotom|Light Screen|p1b: Rotom
|-sidestart|p1: tsteelerfan|move: Light Screen
|move|p2b: Archaludon|Dragon Pulse|p1b: Rotom
|-damage|p1b: Rotom|0 fnt
|faint|p1b: Rotom
|move|p2a: Grimmsnarl|Spirit Break|p1a: Blaziken
|-damage|p1a: Blaziken|0 fnt
|faint|p1a: Blaziken
|
|win|reshiee
|l|☆tsteelerfan
|player|p1|
|inactive|tsteelerfan has 30 seconds to confirm battle start!
|inactive|reshiee has 30 seconds to confirm battle start!
||tsteelerfan is ready for game 2.
