|j|☆amazon-kai
|j|☆saboyita
|html|amazon-kaisaboyita    
|uhtml|bestof|Game 3 of a best-of-3
|t:|1756344298
|gametype|doubles
|player|p1|amazon-kai|169|1094
|player|p2|saboyita|grimsley|1160
|gen|9
|tier|[Gen 9] VGC 2025 Reg H (Bo3)
|rated|
|rule|Species Clause: Limit one of each Pokémon
|rule|Item Clause: Limit 1 of each item
|clearpoke
|poke|p1|Gholdengo, L50|
|poke|p1|Basculegion, L50, M|
|poke|p1|Scrafty, L50, M|
|poke|p1|Rillaboom, L50, M|
|poke|p1|Volcarona, L50, F|
|poke|p1|Salamence, L50, M|
|poke|p2|Amoonguss, L50, F|
|poke|p2|Hydreigon, L50, F|
|poke|p2|Whimsicott, L50, M|
|poke|p2|Maushold-Four, L50|
|poke|p2|Annihilape, L50, F|
|poke|p2|Ursaluna-Bloodmoon, L50, M|
|teampreview|4
|showteam|p1|Gholdengo||LifeOrb|GoodasGold|Protect,ShadowBall,MakeItRain,NastyPlot||||||50|,,,,,Water]Basculegion||ChoiceScarf|Adaptability|WaveCrash,FlipTurn,LastRespects,IcyWind|||M|||50|,,,,,Ghost]Scrafty||AssaultVest|Intimidate|FakeOut,DrainPunch,KnockOff,PoisonJab|||M|||50|,,,,,Poison]Rillaboom||MiracleSeed|GrassySurge|FakeOut,GrassyGlide,WoodHammer,HighHorsepower|||M|||50|,,,,,Fire]Volcarona||CovertCloak|FlameBody|RagePowder,TeraBlast,HeatWave,QuiverDance|||F|||50|,,,,,Fairy]Salamence||MirrorHerb|Intimidate|DualWingbeat,BrickBreak,BreakingSwipe,Protect|||M|||50|,,,,,Fighting
|showteam|p2|Amoonguss||MentalHerb|Regenerator|ClearSmog,Spore,RagePowder,Protect|||F|||50|,,,,,Water]Hydreigon||ChoiceSpecs|Levitate|Snarl,HeatWave,DarkPulse,DracoMeteor|||F|||50|,,,,,Ghost]Whimsicott||CovertCloak|Prankster|BeatUp,Encore,HelpingHand,Tailwind|||M|||50|,,,,,Dark]Maushold-Four||WideLens|Technician|PopulationBomb,Taunt,FollowMe,Protect||||||50|,,,,,Ghost]Annihilape||Leftovers|Defiant|RageFist,CloseCombat,FinalGambit,Protect|||F|||50|,,,,,Water]Ursaluna-Bloodmoon||LifeOrb|MindsEye|HyperVoice,EarthPower,BloodMoon,Protect|||M|||50|,,,,,Water
|inactive|Battle timer is ON: inactive players will automatically lose when time's up. (requested by saboyita)
|inactive|amazon-kai has 60 seconds left.
|
|t:|1756344337
|teamsize|p1|4
|teamsize|p2|4
|start
|switch|p1a: Salamence|Salamence, L50, M|100/100
|switch|p1b: Volcarona|Volcarona, L50, F|100/100
|switch|p2a: Whimsicott|Whimsicott, L50, M|100/100
|switch|p2b: Annihilape|Annihilape, L50, F|100/100
|-ability|p1a: Salamence|Intimidate|boost
|-unboost|p2a: Whimsicott|atk|1
|-unboost|p2b: Annihilape|atk|1
|-ability|p2b: Annihilape|Defiant|boost
|-boost|p2b: Annihilape|atk|2
|-enditem|p1a: Salamence|Mirror Herb
|-boost|p1a: Salamence|atk|2|[from] item: Mirror Herb
|turn|1
|
|t:|1756344359
|-terastallize|p2b: Annihilape|Water
|move|p1b: Volcarona|Rage Powder|p1b: Volcarona
|-singleturn|p1b: Volcarona|move: Rage Powder
|move|p2a: Whimsicott|Beat Up|p2b: Annihilape
|-damage|p2b: Annihilape|99/100
|-crit|p2b: Annihilape
|-damage|p2b: Annihilape|95/100
|-damage|p2b: Annihilape|93/100
|-damage|p2b: Annihilape|91/100
|-hitcount|p2b: Annihilape|4
|move|p2b: Annihilape|Rage Fist|p1b: Volcarona
|-damage|p1b: Volcarona|0 fnt
|faint|p1b: Volcarona
|move|p1a: Salamence|Dual Wingbeat|p2a: Whimsicott
|-supereffective|p2a: Whimsicott
|-damage|p2a: Whimsicott|7/100
|-supereffective|p2a: Whimsicott
|-damage|p2a: Whimsicott|0 fnt
|faint|p2a: Whimsicott
|-hitcount|p2: Whimsicott|2
|
|-heal|p2b: Annihilape|97/100|[from] item: Leftovers
|upkeep
|inactive|saboyita has 30 seconds left.
|
|t:|1756344385
|switch|p2a: Maushold|Maushold-Four, L50|100/100
|switch|p1b: Rillaboom|Rillaboom, L50, M|100/100
|-fieldstart|move: Grassy Terrain|[from] ability: Grassy Surge|[of] p1b: Rillaboom
|turn|2
|
|t:|1756344401
|switch|p1b: Basculegion|Basculegion, L50, M|100/100
|move|p1a: Salamence|Protect|p1a: Salamence
|-singleturn|p1a: Salamence|Protect
|move|p2a: Maushold|Population Bomb|p1b: Basculegion
|-immune|p1b: Basculegion
|move|p2b: Annihilape|Rage Fist|p1a: Salamence
|-activate|p1a: Salamence|move: Protect
|
|-heal|p2b: Annihilape|100/100|[from] Grassy Terrain
|upkeep
|turn|3
|
|t:|1756344423
|move|p2a: Maushold|Follow Me|p2a: Maushold
|-singleturn|p2a: Maushold|move: Follow Me
|move|p1b: Basculegion|Flip Turn|p2a: Maushold
|-damage|p2a: Maushold|40/100
|
|t:|1756344429
|switch|p1b: Rillaboom|Rillaboom, L50, M|100/100|[from] Flip Turn
|move|p2b: Annihilape|Rage Fist|p1b: Rillaboom
|-damage|p1b: Rillaboom|0 fnt
|faint|p1b: Rillaboom
|move|p1a: Salamence|Dual Wingbeat|p2a: Maushold
|-damage|p2a: Maushold|0 fnt
|faint|p2a: Maushold
|-hitcount|p2: Maushold|1
|
|upkeep
|
|t:|1756344440
|switch|p2a: Hydreigon|Hydreigon, L50, F|100/100
|switch|p1b: Basculegion|Basculegion, L50, M|100/100
|turn|4
|
|t:|1756344454
|-terastallize|p1a: Salamence|Fighting
|move|p2b: Annihilape|Protect|p2b: Annihilape
|-singleturn|p2b: Annihilape|Protect
|move|p1b: Basculegion|Last Respects|p2b: Annihilape
|-activate|p2b: Annihilape|move: Protect
|move|p2a: Hydreigon|Dark Pulse|p1b: Basculegion
|-supereffective|p1b: Basculegion
|-damage|p1b: Basculegion|0 fnt
|faint|p1b: Basculegion
|move|p1a: Salamence|Brick Break|p2a: Hydreigon
|-supereffective|p2a: Hydreigon
|-damage|p2a: Hydreigon|0 fnt
|faint|p2a: Hydreigon
|
|upkeep
|turn|5
|
|t:|1756344468
|move|p2b: Annihilape|Rage Fist|p1a: Salamence
|-damage|p1a: Salamence|0 fnt
|faint|p1a: Salamence
|
|win|saboyita
|raw|amazon-kai's rating: 1094 → 1074(-20 for losing)
|raw|saboyita's rating: 1160 → 1180(+20 for winning)
