|j|Ōśåxschulzyx
|j|ŌśåBrolax
|html|xschulzyxBrolax    
|uhtml|bestof|Game 2 of a best-of-3
|t:|1784508743
|gametype|doubles
|player|p1|xschulzyx|266|
|player|p2|Brolax|265|
|gen|9
|tier|[Gen 9 Champions] VGC 2026 Reg M-B (Bo3)
|rule|Species Clause: Limit one of each Pok├®mon
|rule|Item Clause: Limit 1 of each item
|clearpoke
|poke|p1|Eelektross, L50, M, shiny|
|poke|p1|Delphox, L50, M, shiny|
|poke|p1|Meowstic, L50, M, shiny|
|poke|p1|Florges-White, L50, F, shiny|
|poke|p1|Basculegion, L50, M, shiny|
|poke|p1|Umbreon, L50, F, shiny|
|poke|p2|Bellibolt, L50, F, shiny|
|poke|p2|Meganium, L50, F, shiny|
|poke|p2|Politoed, L50, M, shiny|
|poke|p2|Metagross, L50, shiny|
|poke|p2|Dragonite, L50, F|
|poke|p2|Archaludon, L50, F, shiny|
|teampreview|4
|showteam|p1|Eelektross||Eelektrossite|Levitate|GigaDrain,Flamethrower,Thunderbolt,VoltSwitch|Timid||M|||50|]Delphox||Delphoxite|Blaze|GrassKnot,Flamethrower,DazzlingGleam,Psychic|Timid||M|||50|]Meowstic||LightClay|Prankster|LightScreen,Reflect,Psychic,ThunderWave|Timid||M|||50|]Florges-White||BabiriBerry|FlowerVeil|Wish,DrainingKiss,GigaDrain,Protect|Calm||F|||50|]Basculegion||SitrusBerry|SwiftSwim|IceFang,LastRespects,Waterfall,Substitute|Jolly||M|||50|]Umbreon||Leftovers|Synchronize|Wish,Yawn,Protect,FoulPlay|Impish||F|||50|
|showteam|p2|Bellibolt||ShellBell|Electromorphosis|Toxic,ParabolicCharge,VoltSwitch,Protect|Calm||F|||50|]Meganium||Meganiumite|Overgrow|Protect,SolarBeam,DazzlingGleam,Synthesis|Timid||F|||50|]Politoed||SitrusBerry|Drizzle|PerishSong,Protect,WeatherBall,Encore|Calm||M|||50|]Metagross||ExpertBelt|ClearBody|PsychicFangs,BodyPress,Protect,BulletPunch|Adamant|||||50|]Dragonite||DragonFang|InnerFocus|Tailwind,Protect,DragonClaw,IronHead|Jolly||F|||50|]Archaludon||Leftovers|Stamina|ElectroShot,Protect,FlashCannon,DragonPulse|Timid||F|||50|
|j| bugcatcherjinsoul
|j| AE_Elite07
|j| ataba
|c| bugcatcherjinsoul|Wait why is it open team sheet
|c| bugcatcherjinsoul|It's definitely not supposed to be lol
|c|ŌśåBrolax|Because regulation b is I guess
|c| ataba|It shows us what they have
|c| ataba|Can they both see it?
|c|ŌśåBrolax|uhh
|c|ŌśåBrolax|yes
|c| AE_Elite07|lol
|c| ataba|Nice
|c| ataba|Can't wait to cheat every game
|c|Ōśåxschulzyx|this sucks ass
|c|ŌśåBrolax|Didn't actually look at that last game
|c|ŌśåBrolax|Might have helped
|c| ataba|I saw it, but I thought it was just showing it to us
|
|t:|1784508843
|teamsize|p1|4
|teamsize|p2|4
|start
|switch|p1a: LMS|Basculegion, L50, M, shiny|100/100
|switch|p1b: Slinky|Eelektross, L50, M, shiny|100/100
|switch|p2a: King Gizzard|Bellibolt, L50, F, shiny|100/100
|switch|p2b: Guns N' Roses|Meganium, L50, F, shiny|100/100
|turn|1
|c| ataba|Look at those wiggly guys
|
|t:|1784508865
|detailschange|p2b: Guns N' Roses|Meganium-Mega, L50, F, shiny
|-mega|p2b: Guns N' Roses|Meganium|Meganiumite
|move|p2b: Guns N' Roses|Protect|p2b: Guns N' Roses
|-singleturn|p2b: Guns N' Roses|Protect
|move|p1a: LMS|Substitute|p1a: LMS
|-start|p1a: LMS|Substitute
|-damage|p1a: LMS|75/100
|move|p1b: Slinky|Flamethrower|p2b: Guns N' Roses
|-activate|p2b: Guns N' Roses|move: Protect
|move|p2a: King Gizzard|Toxic|p1b: Slinky
|-status|p1b: Slinky|tox
|
|-damage|p1b: Slinky|93/100 tox|[from] psn
|upkeep
|turn|2
|
|t:|1784508884
|switch|p2b: Yoko Ono|Politoed, L50, M, shiny|100/100
|-weather|RainDance|[from] ability: Drizzle|[of] p2b: Yoko Ono
|move|p1a: LMS|Ice Fang|p2b: Yoko Ono
|-resisted|p2b: Yoko Ono|1
|-damage|p2b: Yoko Ono|89/100
|move|p1b: Slinky|Flamethrower|p2b: Yoko Ono
|-resisted|p2b: Yoko Ono|1
|-damage|p2b: Yoko Ono|84/100
|move|p2a: King Gizzard|Parabolic Charge|p1b: Slinky|[spread] p2b,p1a,p1b
|-supereffective|p1a: LMS|1
|-end|p1a: LMS|Substitute
|-supereffective|p2b: Yoko Ono|1
|-resisted|p1b: Slinky|1
|-damage|p2b: Yoko Ono|57/100
|-damage|p1b: Slinky|82/100 tox
|
|-weather|RainDance|[upkeep]
|-damage|p1b: Slinky|70/100 tox|[from] psn
|upkeep
|turn|3
|
|t:|1784508913
|move|p2b: Yoko Ono|Protect|p2b: Yoko Ono
|-singleturn|p2b: Yoko Ono|Protect
|move|p1a: LMS|Waterfall|p2a: King Gizzard
|-damage|p2a: King Gizzard|52/100
|-start|p2a: King Gizzard|Charge|Waterfall|[from] ability: Electromorphosis
|move|p1b: Slinky|Giga Drain|p2a: King Gizzard
|-damage|p2a: King Gizzard|36/100
|-heal|p1b: Slinky|80/100 tox|[from] drain|[of] p2a: King Gizzard
|-start|p2a: King Gizzard|Charge|Giga Drain|[from] ability: Electromorphosis
|cant|p2a: King Gizzard|flinch
|-end|p2a: King Gizzard|Charge|[silent]
|
|-weather|RainDance|[upkeep]
|-damage|p1b: Slinky|62/100 tox|[from] psn
|upkeep
|turn|4
|c| AE_Elite07|cocked
|c|ŌśåBrolax|Damn, clutch flinch
|c|ŌśåBrolax|was gonna heal so much
|c| ataba|I like the no mega, just eel
|
|t:|1784508960
|switch|p2a: Alter Bridge|Archaludon, L50, F, shiny|100/100
|move|p1a: LMS|Waterfall|p2a: Alter Bridge
|-resisted|p2a: Alter Bridge|1
|-damage|p2a: Alter Bridge|74/100
|-ability|p2a: Alter Bridge|Stamina|boost
|-boost|p2a: Alter Bridge|def|1
|move|p1b: Slinky|Volt Switch|p2b: Yoko Ono
|-supereffective|p2b: Yoko Ono|1
|-damage|p2b: Yoko Ono|10/100
|-enditem|p2b: Yoko Ono|Sitrus Berry|[eat]
|-heal|p2b: Yoko Ono|35/100|[from] item: Sitrus Berry
|
|t:|1784508972
|switch|p1b: Umi|Umbreon, L50, F, shiny|100/100|[from] Volt Switch
|move|p2b: Yoko Ono|Weather Ball|p1b: Umi
|-damage|p1b: Umi|63/100
|
|-weather|RainDance|[upkeep]
|-heal|p2a: Alter Bridge|80/100|[from] item: Leftovers
|-heal|p1b: Umi|69/100|[from] item: Leftovers
|upkeep
|turn|5
|
|t:|1784509003
|switch|p2b: King Gizzard|Bellibolt, L50, F, shiny|36/100
|move|p1a: LMS|Ice Fang|p2a: Alter Bridge
|-damage|p2a: Alter Bridge|68/100
|-ability|p2a: Alter Bridge|Stamina|boost
|-boost|p2a: Alter Bridge|def|1
|move|p2a: Alter Bridge|Electro Shot||[still]
|-prepare|p2a: Alter Bridge|Electro Shot
|-boost|p2a: Alter Bridge|spa|1
|-anim|p2a: Alter Bridge|Electro Shot|p1a: LMS
|-supereffective|p1a: LMS|1
|-damage|p1a: LMS|0 fnt
|faint|p1a: LMS
|move|p1b: Umi|Yawn|p2a: Alter Bridge
|-start|p2a: Alter Bridge|move: Yawn|[of] p1b: Umi
|
|-weather|RainDance|[upkeep]
|-heal|p2a: Alter Bridge|74/100|[from] item: Leftovers
|-heal|p1b: Umi|75/100|[from] item: Leftovers
|upkeep
|
|t:|1784509019
|switch|p1a: Slinky|Eelektross, L50, M, shiny|62/100 tox
|turn|6
|
|t:|1784509045
|switch|p2a: Guns N' Roses|Meganium-Mega, L50, F, shiny|100/100
|move|p1a: Slinky|Giga Drain|p2b: King Gizzard
|-crit|p2b: King Gizzard
|-damage|p2b: King Gizzard|11/100
|-heal|p1a: Slinky|79/100 tox|[from] drain|[of] p2b: King Gizzard
|-start|p2b: King Gizzard|Charge|Giga Drain|[from] ability: Electromorphosis
|move|p1b: Umi|Foul Play|p2b: King Gizzard
|-damage|p2b: King Gizzard|0 fnt
|faint|p2b: King Gizzard
|
|-weather|none
|-heal|p1b: Umi|81/100|[from] item: Leftovers
|-damage|p1a: Slinky|73/100 tox|[from] psn
|upkeep
|
|t:|1784509060
|switch|p2b: Yoko Ono|Politoed, L50, M, shiny|35/100
|-weather|RainDance|[from] ability: Drizzle|[of] p2b: Yoko Ono
|turn|7
|c|ŌśåBrolax|Man, Bellibolt go cocked
|
|t:|1784509086
|move|p2b: Yoko Ono|Protect|p2b: Yoko Ono
|-singleturn|p2b: Yoko Ono|Protect
|move|p2a: Guns N' Roses|Solar Beam||[still]
|-prepare|p2a: Guns N' Roses|Solar Beam
|-activate|p2a: Guns N' Roses|ability: Mega Sol
|-anim|p2a: Guns N' Roses|Solar Beam|p1a: Slinky
|-damage|p1a: Slinky|0 fnt
|faint|p1a: Slinky
|move|p1b: Umi|Yawn|p2a: Guns N' Roses
|-start|p2a: Guns N' Roses|move: Yawn|[of] p1b: Umi
|
|-weather|RainDance|[upkeep]
|-heal|p1b: Umi|87/100|[from] item: Leftovers
|upkeep
|c|ŌśåBrolax|got*
|c| ataba|go cocked
|c| bugcatcherjinsoul|:(
|
|t:|1784509099
|switch|p1a: Kiki|Delphox, L50, M, shiny|100/100
|turn|8
|
|t:|1784509147
|detailschange|p1a: Kiki|Delphox-Mega, L50, M, shiny
|-mega|p1a: Kiki|Delphox|Delphoxite
|move|p1a: Kiki|Flamethrower|p2a: Guns N' Roses
|-supereffective|p2a: Guns N' Roses|1
|-damage|p2a: Guns N' Roses|41/100
|-status|p2a: Guns N' Roses|brn
|move|p2a: Guns N' Roses|Solar Beam||[still]
|-prepare|p2a: Guns N' Roses|Solar Beam
|-activate|p2a: Guns N' Roses|ability: Mega Sol
|-anim|p2a: Guns N' Roses|Solar Beam|p1a: Kiki
|-resisted|p1a: Kiki|1
|-damage|p1a: Kiki|68/100
|move|p2b: Yoko Ono|Perish Song|p2b: Yoko Ono
|-start|p1a: Kiki|perish3|[silent]
|-start|p1b: Umi|perish3|[silent]
|-start|p2a: Guns N' Roses|perish3|[silent]
|-start|p2b: Yoko Ono|perish3|[silent]
|-fieldactivate|move: Perish Song
|move|p1b: Umi|Foul Play|p2a: Guns N' Roses
|-resisted|p2a: Guns N' Roses|1
|-damage|p2a: Guns N' Roses|28/100 brn
|
|-weather|RainDance|[upkeep]
|-heal|p1b: Umi|93/100|[from] item: Leftovers
|-damage|p2a: Guns N' Roses|22/100 brn|[from] brn
|-end|p2a: Guns N' Roses|move: Yawn|[silent]
|-start|p1a: Kiki|perish3
|-start|p2a: Guns N' Roses|perish3
|-start|p2b: Yoko Ono|perish3
|-start|p1b: Umi|perish3
|upkeep
|turn|9
|c|ŌśåBrolax|lmao, no sleep for me
|
|t:|1784509172
|move|p2a: Guns N' Roses|Protect|p2a: Guns N' Roses
|-singleturn|p2a: Guns N' Roses|Protect
|move|p2b: Yoko Ono|Protect|p2b: Yoko Ono
|-singleturn|p2b: Yoko Ono|Protect
|move|p1a: Kiki|Flamethrower|p2a: Guns N' Roses
|-activate|p2a: Guns N' Roses|move: Protect
|move|p1b: Umi|Foul Play|p2a: Guns N' Roses
|-activate|p2a: Guns N' Roses|move: Protect
|
|-weather|RainDance|[upkeep]
|-heal|p1b: Umi|99/100|[from] item: Leftovers
|-damage|p2a: Guns N' Roses|16/100 brn|[from] brn
|-start|p1a: Kiki|perish2
|-start|p2a: Guns N' Roses|perish2
|-start|p2b: Yoko Ono|perish2
|-start|p1b: Umi|perish2
|upkeep
|turn|10
|c| bugcatcherjinsoul|Lol
|
|t:|1784509192
|move|p1a: Kiki|Flamethrower|p2a: Guns N' Roses
|-supereffective|p2a: Guns N' Roses|1
|-damage|p2a: Guns N' Roses|0 fnt
|faint|p2a: Guns N' Roses
|move|p2b: Yoko Ono|Weather Ball|p1a: Kiki
|-supereffective|p1a: Kiki|1
|-damage|p1a: Kiki|0 fnt
|faint|p1a: Kiki
|move|p1b: Umi|Foul Play|p2b: Yoko Ono
|-damage|p2b: Yoko Ono|9/100
|
|-weather|RainDance|[upkeep]
|-heal|p1b: Umi|100/100|[from] item: Leftovers
|-start|p2b: Yoko Ono|perish1
|-start|p1b: Umi|perish1
|upkeep
|
|t:|1784509206
|switch|p2a: Alter Bridge|Archaludon, L50, F, shiny|74/100
|turn|11
|
|t:|1784509211
|move|p2a: Alter Bridge|Protect|p2a: Alter Bridge
|-singleturn|p2a: Alter Bridge|Protect
|move|p2b: Yoko Ono|Protect|p2b: Yoko Ono
|-singleturn|p2b: Yoko Ono|Protect
|move|p1b: Umi|Yawn|p2a: Alter Bridge
|-activate|p2a: Alter Bridge|move: Protect
|
|-weather|none
|-heal|p2a: Alter Bridge|80/100|[from] item: Leftovers
|-start|p2b: Yoko Ono|perish0
|-start|p1b: Umi|perish0
|faint|p2b: Yoko Ono
|faint|p1b: Umi
|
|win|Brolax
|c|ŌśåBrolax|gg
|c|Ōśåxschulzyx|gg
|l|Ōśåxschulzyx
|player|p1|
|c| bugcatcherjinsoul|#valuetoed
