|j|â˜†temporary name 3
|j|â˜†alitadark
|html|temporary name 3alitadark    
|uhtml|bestof|Game 1 of a best-of-3
|t:|1784011251
|gametype|doubles
|player|p1|temporary name 3|102|1135
|player|p2|alitadark|169|1164
|gen|9
|tier|[Gen 9 Champions] VGC 2026 Reg M-B (Bo3)
|rated|
|rule|Species Clause: Limit one of each PokÃ©mon
|rule|Item Clause: Limit 1 of each item
|clearpoke
|poke|p1|Dragonite, L50, F, shiny|
|poke|p1|Incineroar, L50, M|
|poke|p1|Pelipper, L50, M|
|poke|p1|Sinistcha, L50|
|poke|p1|Archaludon, L50, F|
|poke|p1|Swampert, L50, M|
|poke|p2|Aerodactyl, L50, F, shiny|
|poke|p2|Kingambit, L50, F, shiny|
|poke|p2|Sylveon, L50, F, shiny|
|poke|p2|Garchomp, L50, F, shiny|
|poke|p2|Charizard, L50, F, shiny|
|poke|p2|Incineroar, L50, F, shiny|
|teampreview|4
|showteam|p1|Dragonite||Dragoninite|Multiscale|Protect,IceBeam,DragonPulse,Roost|Modest||F|||50|]Incineroar||ChopleBerry|Intimidate|FakeOut,PartingShot,CloseCombat,ThroatChop|Relaxed||M|||50|]Pelipper||LifeOrb|Drizzle|Hurricane,Tailwind,WeatherBall,WideGuard|Modest||M|||50|]Sinistcha||SitrusBerry|Hospitality|MatchaGotcha,RagePowder,TrickRoom,LifeDew|Calm|||||50|]Archaludon||Leftovers|Stamina|ElectroShot,Snarl,Protect,DracoMeteor|Modest||F|||50|]Swampert||Swampertite|Torrent|FlipTurn,WaveCrash,Earthquake,Protect|Adamant||M|||50|
|showteam|p2|Aerodactyl||Aerodactylite|Unnerve|RockSlide,IceFang,Tailwind,WideGuard|Jolly||F|||50|]Kingambit||FocusSash|Defiant|KowtowCleave,SuckerPunch,IronHead,Protect|Adamant||F|||50|]Sylveon||FairyFeather|Pixilate|Detect,HyperVoice,HyperBeam,QuickAttack|Modest||F|||50|]Garchomp||LifeOrb|RoughSkin|Earthquake,DragonClaw,StompingTantrum,Protect|Jolly||F|||50|]Charizard||CharizarditeY|Blaze|Protect,HeatWave,SolarBeam,WeatherBall|Modest||F|||50|]Incineroar||SitrusBerry|Intimidate|DarkestLariat,FlareBlitz,FakeOut,PartingShot|Impish||F|||50|
|l|â˜†temporary name 3
|player|p1|
|j|â˜†temporary name 3
|player|p1|temporary name 3|102|
|inactive|Battle timer is ON: inactive players will automatically lose when time's up. (requested by temporary name 3)
|
|t:|1784011306
|teamsize|p1|4
|teamsize|p2|4
|start
|switch|p1a: Swampert|Swampert, L50, M|100/100
|switch|p1b: Pelipper|Pelipper, L50, M|100/100
|switch|p2a: Aerodactyl|Aerodactyl, L50, F, shiny|100/100
|switch|p2b: Incineroar|Incineroar, L50, F, shiny|100/100
|-ability|p2a: Aerodactyl|Unnerve
|-weather|RainDance|[from] ability: Drizzle|[of] p1b: Pelipper
|-ability|p2b: Incineroar|Intimidate|boost
|-unboost|p1a: Swampert|atk|1
|-unboost|p1b: Pelipper|atk|1
|turn|1
|
|t:|1784011324
|detailschange|p1a: Swampert|Swampert-Mega, L50, M
|-mega|p1a: Swampert|Swampert|Swampertite
|move|p2b: Incineroar|Fake Out|p1a: Swampert
|-damage|p1a: Swampert|90/100
|cant|p1a: Swampert|flinch
|move|p2a: Aerodactyl|Tailwind|p2a: Aerodactyl
|-sidestart|p2: alitadark|move: Tailwind
|move|p1b: Pelipper|Tailwind|p1b: Pelipper
|-sidestart|p1: temporary name 3|move: Tailwind
|
|-weather|RainDance|[upkeep]
|upkeep
|turn|2
|
|t:|1784011342
|switch|p2a: Garchomp|Garchomp, L50, F, shiny|100/100
|move|p1a: Swampert|Flip Turn|p2b: Incineroar
|-supereffective|p2b: Incineroar|1
|-damage|p2b: Incineroar|46/100
|-enditem|p2b: Incineroar|Sitrus Berry|[eat]
|-heal|p2b: Incineroar|71/100|[from] item: Sitrus Berry
|
|t:|1784011357
|switch|p1a: Archaludon|Archaludon, L50, F|100/100|[from] Flip Turn
|move|p1b: Pelipper|Weather Ball|p2b: Incineroar
|-supereffective|p2b: Incineroar|1
|-damage|p2b: Incineroar|0 fnt
|faint|p2b: Incineroar
|-damage|p1b: Pelipper|90/100|[from] item: Life Orb
|
|-weather|RainDance|[upkeep]
|upkeep
|
|t:|1784011366
|switch|p2b: Charizard|Charizard, L50, F, shiny|100/100
|turn|3
|
|t:|1784011380
|switch|p1b: Swampert|Swampert-Mega, L50, M|90/100
|detailschange|p2b: Charizard|Charizard-Mega-Y, L50, F, shiny
|-mega|p2b: Charizard|Charizard|Charizardite Y
|-weather|SunnyDay|[from] ability: Drought|[of] p2b: Charizard
|move|p2a: Garchomp|Earthquake|p1a: Archaludon|[spread] p1a,p1b
|-immune|p2b: Charizard
|-supereffective|p1a: Archaludon|1
|-damage|p1a: Archaludon|28/100
|-damage|p1b: Swampert|38/100
|-ability|p1a: Archaludon|Stamina|boost
|-boost|p1a: Archaludon|def|1
|-damage|p2a: Garchomp|90/100|[from] item: Life Orb
|move|p2b: Charizard|Solar Beam||[still]
|-prepare|p2b: Charizard|Solar Beam
|-anim|p2b: Charizard|Solar Beam|p1b: Swampert
|-supereffective|p1b: Swampert|2
|-damage|p1b: Swampert|0 fnt
|faint|p1b: Swampert
|move|p1a: Archaludon|Snarl|p2a: Garchomp|[spread] p2a,p2b
|-damage|p2a: Garchomp|75/100
|-damage|p2b: Charizard|88/100
|-unboost|p2a: Garchomp|spa|1
|-unboost|p2b: Charizard|spa|1
|
|-weather|SunnyDay|[upkeep]
|-heal|p1a: Archaludon|35/100|[from] item: Leftovers
|upkeep
|
|t:|1784011405
|switch|p1b: Sinistcha|Sinistcha, L50|100/100
|-heal|p1a: Archaludon|59/100|[from] ability: Hospitality|[of] p1b: Sinistcha
|turn|4
|inactive|temporary name 3 has 30 seconds left.
|
|t:|1784011439
|switch|p1b: Pelipper|Pelipper, L50, M|90/100
|-weather|RainDance|[from] ability: Drizzle|[of] p1b: Pelipper
|move|p2a: Garchomp|Earthquake|p1a: Archaludon|[spread] p1a
|-immune|p2b: Charizard
|-immune|p1b: Pelipper
|-supereffective|p1a: Archaludon|1
|-damage|p1a: Archaludon|7/100
|-ability|p1a: Archaludon|Stamina|boost
|-boost|p1a: Archaludon|def|1
|-damage|p2a: Garchomp|66/100|[from] item: Life Orb
|move|p2b: Charizard|Heat Wave|p1a: Archaludon|[spread] p1a,p1b
|-resisted|p1b: Pelipper|1
|-damage|p1a: Archaludon|0 fnt
|-damage|p1b: Pelipper|81/100
|-status|p1b: Pelipper|brn
|faint|p1a: Archaludon
|
|-weather|RainDance|[upkeep]
|-damage|p1b: Pelipper|75/100 brn|[from] brn
|-sideend|p2: alitadark|move: Tailwind
|-sideend|p1: temporary name 3|move: Tailwind
|upkeep
|inactive|temporary name 3 has 30 seconds left.
|
|t:|1784011465
|switch|p1a: Sinistcha|Sinistcha, L50|100/100
|-heal|p1b: Pelipper|100/100 brn|[from] ability: Hospitality|[of] p1a: Sinistcha
|turn|5
|
|t:|1784011472
|switch|p2a: Aerodactyl|Aerodactyl, L50, F, shiny|100/100
|-ability|p2a: Aerodactyl|Unnerve
|move|p2b: Charizard|Protect|p2b: Charizard
|-singleturn|p2b: Charizard|Protect
|move|p1a: Sinistcha|Matcha Gotcha|p2b: Charizard|[spread] p2a
|-activate|p2b: Charizard|move: Protect
|-damage|p2a: Aerodactyl|71/100
|move|p1b: Pelipper|Tailwind|p1b: Pelipper
|-sidestart|p1: temporary name 3|move: Tailwind
|
|-weather|RainDance|[upkeep]
|-damage|p1b: Pelipper|94/100 brn|[from] brn
|upkeep
|turn|6
|inactive|temporary name 3 has 30 seconds left.
|
|t:|1784011506
|switch|p2b: Garchomp|Garchomp, L50, F, shiny|66/100
|move|p2a: Aerodactyl|Tailwind|p2a: Aerodactyl
|-sidestart|p2: alitadark|move: Tailwind
|move|p1b: Pelipper|Weather Ball|p2a: Aerodactyl
|-supereffective|p2a: Aerodactyl|1
|-damage|p2a: Aerodactyl|0 fnt
|faint|p2a: Aerodactyl
|-damage|p1b: Pelipper|84/100 brn|[from] item: Life Orb
|move|p1a: Sinistcha|Trick Room|p1a: Sinistcha
|-fieldstart|move: Trick Room|[of] p1a: Sinistcha
|
|-weather|RainDance|[upkeep]
|-damage|p1b: Pelipper|78/100 brn|[from] brn
|upkeep
|
|t:|1784011517
|switch|p2a: Charizard|Charizard-Mega-Y, L50, F, shiny|88/100
|-weather|SunnyDay|[from] ability: Drought|[of] p2a: Charizard
|turn|7
|
|t:|1784011538
|move|p2a: Charizard|Protect|p2a: Charizard
|-singleturn|p2a: Charizard|Protect
|move|p1b: Pelipper|Hurricane|p2a: Charizard
|-activate|p2a: Charizard|move: Protect
|move|p1a: Sinistcha|Matcha Gotcha|p2a: Charizard|[spread] p2b
|-activate|p2a: Charizard|move: Protect
|-damage|p2b: Garchomp|38/100
|move|p2b: Garchomp|Dragon Claw|p1a: Sinistcha
|-damage|p1a: Sinistcha|49/100
|-enditem|p1a: Sinistcha|Sitrus Berry|[eat]
|-heal|p1a: Sinistcha|74/100|[from] item: Sitrus Berry
|-damage|p2b: Garchomp|28/100|[from] item: Life Orb
|
|-weather|SunnyDay|[upkeep]
|-damage|p1b: Pelipper|72/100 brn|[from] brn
|upkeep
|turn|8
|
|t:|1784011562
|move|p1b: Pelipper|Hurricane|p2a: Charizard|[miss]
|-miss|p1b: Pelipper|p2a: Charizard
|move|p1a: Sinistcha|Matcha Gotcha|p2a: Charizard|[spread] p2a,p2b
|-resisted|p2a: Charizard|2
|-damage|p2a: Charizard|83/100
|-heal|p1a: Sinistcha|76/100|[from] drain|[of] p2a: Charizard
|-damage|p2b: Garchomp|1/100
|-heal|p1a: Sinistcha|91/100|[from] drain|[of] p2b: Garchomp
|move|p2a: Charizard|Solar Beam||[still]
|-prepare|p2a: Charizard|Solar Beam
|-anim|p2a: Charizard|Solar Beam|p1b: Pelipper
|-damage|p1b: Pelipper|10/100 brn
|move|p2b: Garchomp|Dragon Claw|p1a: Sinistcha
|-damage|p1a: Sinistcha|38/100
|-damage|p2b: Garchomp|0 fnt|[from] item: Life Orb
|faint|p2b: Garchomp
|
|-weather|SunnyDay|[upkeep]
|-damage|p1b: Pelipper|4/100 brn|[from] brn
|-sideend|p1: temporary name 3|move: Tailwind
|upkeep
|turn|9
|
|t:|1784011587
|move|p1b: Pelipper|Wide Guard|p1b: Pelipper
|-singleturn|p1b: Pelipper|Wide Guard
|move|p1a: Sinistcha|Life Dew|p1a: Sinistcha|[spread] p1a,p1b
|-heal|p1a: Sinistcha|64/100
|-heal|p1b: Pelipper|29/100 brn
|move|p2a: Charizard|Heat Wave|p1b: Pelipper|[spread] 
|-activate|p1a: Sinistcha|move: Wide Guard
|-activate|p1b: Pelipper|move: Wide Guard
|
|-weather|SunnyDay|[upkeep]
|-damage|p1b: Pelipper|23/100 brn|[from] brn
|-sideend|p2: alitadark|move: Tailwind
|upkeep
|turn|10
|inactive|temporary name 3 has 30 seconds left.
|
|t:|1784011616
|move|p2a: Charizard|Protect|p2a: Charizard
|-singleturn|p2a: Charizard|Protect
|move|p1b: Pelipper|Hurricane|p2a: Charizard
|-activate|p2a: Charizard|move: Protect
|move|p1a: Sinistcha|Matcha Gotcha|p2a: Charizard
|-activate|p2a: Charizard|move: Protect
|
|-weather|SunnyDay|[upkeep]
|-damage|p1b: Pelipper|17/100 brn|[from] brn
|-fieldend|move: Trick Room
|upkeep
|turn|11
|
|t:|1784011629
|move|p1b: Pelipper|Wide Guard|p1b: Pelipper
|-singleturn|p1b: Pelipper|Wide Guard
|move|p2a: Charizard|Solar Beam||[still]
|-prepare|p2a: Charizard|Solar Beam
|-anim|p2a: Charizard|Solar Beam|p1b: Pelipper
|-damage|p1b: Pelipper|0 fnt
|faint|p1b: Pelipper
|move|p1a: Sinistcha|Life Dew|p1a: Sinistcha
|-heal|p1a: Sinistcha|89/100
|
|-weather|none
|upkeep
|turn|12
|
|t:|1784011643
|move|p2a: Charizard|Heat Wave|p1a: Sinistcha
|-supereffective|p1a: Sinistcha|1
|-damage|p1a: Sinistcha|0 fnt
|faint|p1a: Sinistcha
|
|win|alitadark
||temporary name 3 is ready for game 2.
||alitadark is ready for game 2.
|uhtml|next|Next: Game 2 of 3
