|j|☆1OO% Jesus
|j|☆kaf7
|html|1OO% Jesuskaf7    
|uhtml|bestof|Game 2 of a best-of-3
|t:|1783451940
|gametype|doubles
|player|p1|1OO% Jesus|lillie-z|1184
|player|p2|kaf7|266|1264
|gen|9
|tier|[Gen 9 Champions] VGC 2026 Reg M-B (Bo3)
|rated|
|rule|Species Clause: Limit one of each Pokémon
|rule|Item Clause: Limit 1 of each item
|clearpoke
|poke|p1|Delphox, L50, F|
|poke|p1|Sneasler, L50, M|
|poke|p1|Incineroar, L50, F|
|poke|p1|Sinistcha, L50|
|poke|p1|Maushold-Four, L50|
|poke|p1|Blastoise, L50, F|
|poke|p2|Delphox, L50, M, shiny|
|poke|p2|Tyranitar, L50, M, shiny|
|poke|p2|Quaquaval, L50, F, shiny|
|poke|p2|Farigiraf, L50, M, shiny|
|poke|p2|Sinistcha-Masterpiece, L50|
|poke|p2|Sylveon, L50, F, shiny|
|teampreview|4
|showteam|p1|Delphox||Delphoxite|Blaze|HeatWave,Psyshock,NastyPlot,Protect|Timid||F|||50|]Sneasler||FocusSash|PoisonTouch|CloseCombat,PoisonJab,FakeOut,QuickGuard|Jolly||M|||50|]Incineroar||SitrusBerry|Intimidate|FlareBlitz,ThroatChop,FakeOut,PartingShot|Impish||F|||50|]Sinistcha||OccaBerry|Hospitality|MatchaGotcha,RagePowder,LifeDew,Protect|Bold|||||50|]Maushold-Four||ChopleBerry|FriendGuard|FollowMe,Feint,HelpingHand,Protect|Impish|||||50|]Blastoise||Blastoisinite|RainDish|WaterSpout,DarkPulse,ShellSmash,Protect|Modest||F|||50|
|showteam|p2|Delphox||Delphoxite|Blaze|Protect,HeatWave,Psyshock,NastyPlot|Timid||M|||50|]Tyranitar||Tyranitarite|SandStream|Protect,RockSlide,KnockOff,DragonDance|Jolly||M|||50|]Quaquaval||MysticWater|Moxie|Protect,AquaStep,CloseCombat,AquaJet|Adamant||F|||50|]Farigiraf||SitrusBerry|ArmorTail|Protect,HyperVoice,Thunderbolt,HelpingHand|Calm||M|||50|]Sinistcha-Masterpiece||KasibBerry|Hospitality|Protect,MatchaGotcha,RagePowder,TrickRoom|Relaxed|||||50|]Sylveon||FairyFeather|Pixilate|Protect,HyperVoice,HyperBeam,QuickAttack|Modest||F|||50|
|
|t:|1783451963
|teamsize|p1|4
|teamsize|p2|4
|start
|switch|p1a: Blastoise|Blastoise, L50, F|100/100
|switch|p1b: Maushold|Maushold-Four, L50|100/100
|switch|p2a: Delphox|Delphox, L50, M, shiny|100/100
|switch|p2b: Sinistcha|Sinistcha-Masterpiece, L50|100/100
|turn|1
|
|t:|1783451999
|detailschange|p2a: Delphox|Delphox-Mega, L50, M, shiny
|-mega|p2a: Delphox|Delphox|Delphoxite
|detailschange|p1a: Blastoise|Blastoise-Mega, L50, F
|-mega|p1a: Blastoise|Blastoise|Blastoisinite
|move|p1b: Maushold|Helping Hand|p1a: Blastoise
|-singleturn|p1a: Blastoise|Helping Hand|[of] p1b: Maushold
|move|p2a: Delphox|Heat Wave|p1a: Blastoise|[spread] p1a,p1b
|-resisted|p1a: Blastoise|1
|-damage|p1a: Blastoise|83/100
|-damage|p1b: Maushold|51/100
|move|p1a: Blastoise|Dark Pulse|p2b: Sinistcha
|-supereffective|p2b: Sinistcha|1
|-damage|p2b: Sinistcha|0 fnt
|faint|p2b: Sinistcha
|
|upkeep
|
|t:|1783452009
|switch|p2b: Sylveon|Sylveon, L50, F, shiny|100/100
|turn|2
|
|t:|1783452023
|move|p1b: Maushold|Follow Me|p1b: Maushold
|-singleturn|p1b: Maushold|move: Follow Me
|move|p2a: Delphox|Nasty Plot|p2a: Delphox
|-boost|p2a: Delphox|spa|2
|move|p1a: Blastoise|Water Spout|p2b: Sylveon|[spread] p2a,p2b
|-supereffective|p2a: Delphox|1
|-damage|p2a: Delphox|1/100
|-damage|p2b: Sylveon|61/100
|move|p2b: Sylveon|Hyper Voice|p1a: Blastoise|[spread] p1a,p1b
|-crit|p1b: Maushold
|-damage|p1a: Blastoise|48/100
|-damage|p1b: Maushold|0 fnt
|faint|p1b: Maushold
|
|upkeep
|
|t:|1783452047
|switch|p1b: Sinistcha|Sinistcha, L50|100/100
|-heal|p1a: Blastoise|73/100|[from] ability: Hospitality|[of] p1b: Sinistcha
|turn|3
|
|t:|1783452069
|move|p2a: Delphox|Protect|p2a: Delphox
|-singleturn|p2a: Delphox|Protect
|move|p1a: Blastoise|Protect|p1a: Blastoise
|-singleturn|p1a: Blastoise|Protect
|move|p2b: Sylveon|Hyper Voice|p1b: Sinistcha|[spread] p1b
|-activate|p1a: Blastoise|move: Protect
|-damage|p1b: Sinistcha|50/100g
|move|p1b: Sinistcha|Matcha Gotcha|p2b: Sylveon|[spread] 
|-activate|p2a: Delphox|move: Protect
|-miss|p1b: Sinistcha|p2b: Sylveon
|
|upkeep
|turn|4
|
|t:|1783452099
|move|p1b: Sinistcha|Protect|p1b: Sinistcha
|-singleturn|p1b: Sinistcha|Protect
|move|p2a: Delphox|Heat Wave|p1a: Blastoise|[spread] p1a
|-activate|p1b: Sinistcha|move: Protect
|-resisted|p1a: Blastoise|1
|-damage|p1a: Blastoise|26/100
|move|p1a: Blastoise|Water Spout|p2a: Delphox|[spread] p2a,p2b
|-supereffective|p2a: Delphox|1
|-damage|p2a: Delphox|0 fnt
|-damage|p2b: Sylveon|47/100
|faint|p2a: Delphox
|move|p2b: Sylveon|Hyper Voice|p1a: Blastoise|[spread] p1a
|-activate|p1b: Sinistcha|move: Protect
|-damage|p1a: Blastoise|0 fnt
|faint|p1a: Blastoise
|
|upkeep
|
|t:|1783452112
|switch|p2a: Farigiraf|Farigiraf, L50, M, shiny|100/100
|switch|p1a: Sneasler|Sneasler, L50, M|100/100
|turn|5
|
|t:|1783452135
|move|p1a: Sneasler|Poison Jab|p2b: Sylveon
|-supereffective|p2b: Sylveon|1
|-damage|p2b: Sylveon|0 fnt
|faint|p2b: Sylveon
|move|p1b: Sinistcha|Life Dew||[still]|[spread] p1a,p1b
|-fail|p1a: Sneasler|heal
|-heal|p1b: Sinistcha|75/100
|move|p2a: Farigiraf|Hyper Voice|p1b: Sinistcha|[spread] p1a
|-immune|p1b: Sinistcha
|-damage|p1a: Sneasler|64/100
|
|upkeep
|turn|6
|-message|kaf7 forfeited.
|
|win|1OO% Jesus
