|j|☆BirdPaws
|j|☆Zifilalgf
|html|BirdPawsZifilalgf    
|uhtml|bestof|Game 1 of a best-of-3
|t:|1756264183
|gametype|doubles
|player|p1|BirdPaws|102|1216
|player|p2|Zifilalgf|266|1267
|gen|9
|tier|[Gen 9] VGC 2025 Reg H (Bo3)
|rated|
|rule|Species Clause: Limit one of each Pokémon
|rule|Item Clause: Limit 1 of each item
|clearpoke
|poke|p1|Whimsicott, L50, M|
|poke|p1|Dragonite, L50, F|
|poke|p1|Gholdengo, L50|
|poke|p1|Incineroar, L50, F|
|poke|p1|Basculegion, L50, M|
|poke|p1|Maushold-Four, L50|
|poke|p2|Rillaboom, L50, M|
|poke|p2|Kingambit, L50, F|
|poke|p2|Sneasler, L50, M|
|poke|p2|Dragonite, L50, F|
|poke|p2|Magmar, L50, F|
|poke|p2|Dondozo, L50, M|
|teampreview|4
|showteam|p1|Whimsicott||FocusSash|Prankster|Moonblast,Tailwind,Taunt,Protect|||M|||50|,,,,,Ghost]Dragonite||ChoiceBand|InnerFocus|ExtremeSpeed,Outrage,StompingTantrum,IceSpinner|||F|||50|,,,,,Normal]Gholdengo||LifeOrb|GoodasGold|MakeItRain,ShadowBall,NastyPlot,Protect||||||50|,,,,,Steel]Incineroar||MirrorHerb|Intimidate|FakeOut,FlareBlitz,KnockOff,PartingShot|||F|||50|,,,,,Grass]Basculegion||ChoiceScarf|Adaptability|WaveCrash,FlipTurn,LastRespects,TeraBlast|||M|||50|,,,,,Fighting]Maushold-Four||WideLens|Technician|PopulationBomb,FollowMe,Encore,Protect||||||50|,,,,,Ghost
|showteam|p2|Rillaboom||AssaultVest|GrassySurge|WoodHammer,GrassyGlide,HighHorsepower,FakeOut|||M|||50|,,,,,Water]Kingambit||BlackGlasses|Defiant|KowtowCleave,SuckerPunch,SwordsDance,Protect|||F|||50|,,,,,Ghost]Sneasler||FocusSash|Unburden|DireClaw,CloseCombat,Coaching,Protect|||M|||50|,,,,,Stellar]Dragonite||LoadedDice|Multiscale|ScaleShot,StompingTantrum,Haze,Protect|||F|||50|,,,,,Fairy]Magmar||Eviolite|FlameBody|Overheat,WillOWisp,FollowMe,Protect|||F|||50|,,,,,Ghost]Dondozo||Leftovers|Unaware|Liquidation,Fissure,Yawn,Protect|||M|||50|,,,,,Bug
|inactive|Battle timer is ON: inactive players will automatically lose when time's up. (requested by BirdPaws)
|inactive|BirdPaws has 60 seconds left.
|inactive|Zifilalgf has 60 seconds left.
|
|t:|1756264234
|teamsize|p1|4
|teamsize|p2|4
|start
|switch|p1a: Dragonite|Dragonite, L50, F|100/100
|switch|p1b: Whimsicott|Whimsicott, L50, M|100/100
|switch|p2a: Sneasler|Sneasler, L50, M|100/100
|switch|p2b: Rillaboom|Rillaboom, L50, M|100/100
|-fieldstart|move: Grassy Terrain|[from] ability: Grassy Surge|[of] p2b: Rillaboom
|turn|1
|inactive|BirdPaws has 30 seconds left.
|
|t:|1756264265
|move|p2b: Rillaboom|Fake Out|p1b: Whimsicott
|-damage|p1b: Whimsicott|80/100
|move|p1a: Dragonite|Extreme Speed|p2a: Sneasler
|-damage|p2a: Sneasler|24/100
|move|p2a: Sneasler|Coaching|p2b: Rillaboom
|-boost|p2b: Rillaboom|atk|1
|-boost|p2b: Rillaboom|def|1
|cant|p1b: Whimsicott|flinch
|
|-heal|p2a: Sneasler|30/100|[from] Grassy Terrain
|-heal|p1b: Whimsicott|86/100|[from] Grassy Terrain
|upkeep
|turn|2
|
|t:|1756264282
|switch|p1b: Incineroar|Incineroar, L50, F|100/100
|-ability|p1b: Incineroar|Intimidate|boost
|-unboost|p2a: Sneasler|atk|1
|-unboost|p2b: Rillaboom|atk|1
|move|p2a: Sneasler|Protect|p2a: Sneasler
|-singleturn|p2a: Sneasler|Protect
|move|p1a: Dragonite|Extreme Speed|p2a: Sneasler
|-activate|p2a: Sneasler|move: Protect
|move|p2b: Rillaboom|Wood Hammer|p1b: Incineroar
|-resisted|p1b: Incineroar
|-damage|p1b: Incineroar|62/100
|-damage|p2b: Rillaboom|88/100|[from] Recoil
|
|-heal|p2a: Sneasler|36/100|[from] Grassy Terrain
|-heal|p1b: Incineroar|68/100|[from] Grassy Terrain
|-heal|p2b: Rillaboom|94/100|[from] Grassy Terrain
|upkeep
|turn|3
|
|t:|1756264300
|switch|p2a: Kingambit|Kingambit, L50, F|100/100
|move|p1a: Dragonite|Extreme Speed|p2a: Kingambit
|-resisted|p2a: Kingambit
|-damage|p2a: Kingambit|84/100
|move|p1b: Incineroar|Parting Shot|p2b: Rillaboom
|-unboost|p2b: Rillaboom|atk|1
|-unboost|p2b: Rillaboom|spa|1
|
|t:|1756264307
|switch|p1b: Whimsicott|Whimsicott, L50, M|86/100|[from] Parting Shot
|move|p2b: Rillaboom|High Horsepower|p1b: Whimsicott
|-resisted|p1b: Whimsicott
|-damage|p1b: Whimsicott|70/100
|
|-heal|p1b: Whimsicott|76/100|[from] Grassy Terrain
|-heal|p2b: Rillaboom|99/100|[from] Grassy Terrain
|-heal|p2a: Kingambit|89/100|[from] Grassy Terrain
|upkeep
|turn|4
|
|t:|1756264326
|switch|p2b: Sneasler|Sneasler, L50, M|36/100
|switch|p1a: Incineroar|Incineroar, L50, F|68/100
|-ability|p1a: Incineroar|Intimidate|boost
|-unboost|p2a: Kingambit|atk|1
|-ability|p2a: Kingambit|Defiant|boost
|-boost|p2a: Kingambit|atk|2
|-unboost|p2b: Sneasler|atk|1
|-enditem|p1a: Incineroar|Mirror Herb
|-boost|p1a: Incineroar|atk|2|[from] item: Mirror Herb
|move|p1b: Whimsicott|Tailwind|p1b: Whimsicott
|-sidestart|p1: BirdPaws|move: Tailwind
|move|p2a: Kingambit|Swords Dance|p2a: Kingambit
|-boost|p2a: Kingambit|atk|2
|
|-heal|p1b: Whimsicott|82/100|[from] Grassy Terrain
|-heal|p1a: Incineroar|74/100|[from] Grassy Terrain
|-heal|p2b: Sneasler|42/100|[from] Grassy Terrain
|-heal|p2a: Kingambit|95/100|[from] Grassy Terrain
|upkeep
|turn|5
|inactive|BirdPaws has 30 seconds left.
|inactive|Zifilalgf has 30 seconds left.
|inactive|BirdPaws has 20 seconds left.
|inactive|BirdPaws has 15 seconds left.
|
|t:|1756264369
|move|p1b: Whimsicott|Protect|p1b: Whimsicott
|-singleturn|p1b: Whimsicott|Protect
|move|p1a: Incineroar|Fake Out|p2b: Sneasler
|-damage|p2b: Sneasler|7/100
|move|p2a: Kingambit|Sucker Punch||[still]
|-fail|p2a: Kingambit
|cant|p2b: Sneasler|flinch
|
|-heal|p1b: Whimsicott|88/100|[from] Grassy Terrain
|-heal|p1a: Incineroar|80/100|[from] Grassy Terrain
|-heal|p2b: Sneasler|13/100|[from] Grassy Terrain
|-heal|p2a: Kingambit|100/100|[from] Grassy Terrain
|-fieldend|move: Grassy Terrain
|upkeep
|turn|6
|
|t:|1756264387
|switch|p2b: Dragonite|Dragonite, L50, F|100/100
|move|p1b: Whimsicott|Taunt|p2b: Dragonite
|-start|p2b: Dragonite|move: Taunt
|move|p2a: Kingambit|Sucker Punch|p1a: Incineroar
|-resisted|p1a: Incineroar
|-damage|p1a: Incineroar|21/100
|move|p1a: Incineroar|Knock Off|p2b: Dragonite
|-damage|p2b: Dragonite|57/100
|-enditem|p2b: Dragonite|Loaded Dice|[from] move: Knock Off|[of] p1a: Incineroar
|
|upkeep
|turn|7
|inactive|BirdPaws has 30 seconds left.
|inactive|Zifilalgf has 30 seconds left.
|
|t:|1756264421
|-terastallize|p2a: Kingambit|Ghost
|move|p1b: Whimsicott|Moonblast|p2b: Dragonite
|-supereffective|p2b: Dragonite
|-damage|p2b: Dragonite|0 fnt
|faint|p2b: Dragonite
|move|p1a: Incineroar|Flare Blitz|p2a: Kingambit
|-damage|p2a: Kingambit|30/100
|-status|p2a: Kingambit|brn
|-damage|p1a: Incineroar|0 fnt|[from] Recoil
|faint|p1a: Incineroar
|move|p2a: Kingambit|Kowtow Cleave|p1b: Whimsicott
|-resisted|p1b: Whimsicott
|-damage|p1b: Whimsicott|31/100
|
|-damage|p2a: Kingambit|24/100 brn|[from] brn
|-sideend|p1: BirdPaws|move: Tailwind
|upkeep
|
|t:|1756264433
|switch|p2b: Sneasler|Sneasler, L50, M|13/100
|switch|p1a: Dragonite|Dragonite, L50, F|100/100
|turn|8
|
|t:|1756264448
|switch|p2b: Rillaboom|Rillaboom, L50, M|99/100
|-fieldstart|move: Grassy Terrain|[from] ability: Grassy Surge|[of] p2b: Rillaboom
|move|p1a: Dragonite|Extreme Speed|p2b: Rillaboom
|-damage|p2b: Rillaboom|53/100
|move|p2a: Kingambit|Sucker Punch||[still]
|-fail|p2a: Kingambit
|move|p1b: Whimsicott|Moonblast|p2a: Kingambit
|-crit|p2a: Kingambit
|-damage|p2a: Kingambit|0 fnt
|faint|p2a: Kingambit
|
|-heal|p1b: Whimsicott|37/100|[from] Grassy Terrain
|-heal|p2b: Rillaboom|59/100|[from] Grassy Terrain
|upkeep
|
|t:|1756264458
|switch|p2a: Sneasler|Sneasler, L50, M|13/100
|turn|9
|
|t:|1756264472
|move|p1b: Whimsicott|Protect|p1b: Whimsicott
|-singleturn|p1b: Whimsicott|Protect
|move|p2a: Sneasler|Protect|p2a: Sneasler
|-singleturn|p2a: Sneasler|Protect
|move|p1a: Dragonite|Extreme Speed|p2a: Sneasler
|-activate|p2a: Sneasler|move: Protect
|move|p2b: Rillaboom|Wood Hammer|p1b: Whimsicott
|-activate|p1b: Whimsicott|move: Protect
|
|-heal|p2a: Sneasler|19/100|[from] Grassy Terrain
|-heal|p1b: Whimsicott|43/100|[from] Grassy Terrain
|-heal|p2b: Rillaboom|65/100|[from] Grassy Terrain
|upkeep
|turn|10
|
|t:|1756264481
|move|p1a: Dragonite|Extreme Speed|p2a: Sneasler
|-damage|p2a: Sneasler|0 fnt
|faint|p2a: Sneasler
|move|p1b: Whimsicott|Moonblast|p2b: Rillaboom
|-damage|p2b: Rillaboom|42/100
|move|p2b: Rillaboom|Wood Hammer|p1b: Whimsicott
|-resisted|p1b: Whimsicott
|-damage|p1b: Whimsicott|0 fnt
|faint|p1b: Whimsicott
|-damage|p2b: Rillaboom|33/100|[from] Recoil
|
|-heal|p2b: Rillaboom|39/100|[from] Grassy Terrain
|upkeep
|
|t:|1756264484
|switch|p1b: Basculegion|Basculegion, L50, M|100/100
|turn|11
|
|t:|1756264494
|-terastallize|p1b: Basculegion|Fighting
|move|p1a: Dragonite|Extreme Speed|p2b: Rillaboom
|-damage|p2b: Rillaboom|0 fnt
|faint|p2b: Rillaboom
|
|win|BirdPaws
||Zifilalgf is ready for game 2.
||BirdPaws is ready for game 2.
|uhtml|next|Next: Game 2 of 3
