|j|‽Best Unkle Dan
|j|☆abadanriyi92
|html|Best Unkle Danabadanriyi92    
|uhtml|bestof|Game 1 of a best-of-3
|t:|1784605107
|gametype|doubles
|player|p1|Best Unkle Dan|sailor|1121
|player|p2|abadanriyi92|colress|1217
|gen|9
|tier|[Gen 9 Champions] VGC 2026 Reg M-B (Bo3)
|rated|
|rule|Species Clause: Limit one of each Pokémon
|rule|Item Clause: Limit 1 of each item
|clearpoke
|poke|p1|Charizard, L50, M|
|poke|p1|Grimmsnarl, L50, M|
|poke|p1|Pelipper, L50, M|
|poke|p1|Archaludon, L50, M|
|poke|p1|Basculegion, L50, M|
|poke|p1|Venusaur, L50, F|
|poke|p2|Venusaur, L50, F|
|poke|p2|Grimmsnarl, L50, M|
|poke|p2|Politoed, L50, M|
|poke|p2|Archaludon, L50, F|
|poke|p2|Kingambit, L50, F|
|poke|p2|Aerodactyl, L50, M|
|teampreview|4
|showteam|p1|Charizard||CharizarditeY|SolarPower|Protect,HeatWave,WeatherBall,SolarBeam|Modest||M|||50|]Grimmsnarl||LightClay|Prankster|SpiritBreak,Reflect,LightScreen,PartingShot|Careful||M|||50|]Pelipper||SitrusBerry|Drizzle|Hurricane,WeatherBall,Tailwind,WideGuard|Modest||M|||50|]Archaludon||Leftovers|Stamina|Protect,ElectroShot,DragonPulse,FlashCannon|Timid||M|||50|]Basculegion||ChoiceScarf|Adaptability|FlipTurn,WaveCrash,AquaJet,LastRespects|Jolly||M|||50|]Venusaur||FocusSash|Chlorophyll|Protect,SleepPowder,SludgeBomb,EarthPower|Modest||F|||50|
|showteam|p2|Venusaur||Venusaurite|Chlorophyll|GigaDrain,SludgeBomb,EarthPower,Protect|Modest||F|||50|]Grimmsnarl||LightClay|Prankster|PartingShot,Reflect,LightScreen,FoulPlay|Relaxed||M|||50|]Politoed||SitrusBerry|Drizzle|WeatherBall,PerishSong,Encore,Protect|Sassy||M|||50|]Archaludon||Leftovers|Stamina|ElectroShot,FlashCannon,DracoMeteor,Protect|Modest||F|||50|]Kingambit||BlackGlasses|Defiant|KowtowCleave,SuckerPunch,SwordsDance,Protect|Brave||F|||50|]Aerodactyl||Aerodactylite|Unnerve|RockSlide,DualWingbeat,Tailwind,Protect|Jolly||M|||50|
|
|t:|1784605133
|teamsize|p1|4
|teamsize|p2|4
|start
|switch|p1a: Pelipper|Pelipper, L50, M|100/100
|switch|p1b: Basculegion|Basculegion, L50, M|100/100
|switch|p2a: Grimmsnarl|Grimmsnarl, L50, M|100/100
|switch|p2b: Venusaur|Venusaur, L50, F|100/100
|-weather|RainDance|[from] ability: Drizzle|[of] p1a: Pelipper
|turn|1
|
|t:|1784605161
|detailschange|p2b: Venusaur|Venusaur-Mega, L50, F
|-mega|p2b: Venusaur|Venusaur|Venusaurite
|move|p2a: Grimmsnarl|Light Screen|p2a: Grimmsnarl
|-sidestart|p2: abadanriyi92|move: Light Screen
|move|p1b: Basculegion|Wave Crash|p2a: Grimmsnarl
|-damage|p2a: Grimmsnarl|0 fnt
|faint|p2a: Grimmsnarl
|-damage|p1b: Basculegion|65/100|[from] Recoil
|move|p2b: Venusaur|Sludge Bomb|p1a: Pelipper
|-damage|p1a: Pelipper|28/100
|-enditem|p1a: Pelipper|Sitrus Berry|[eat]
|-heal|p1a: Pelipper|52/100|[from] item: Sitrus Berry
|move|p1a: Pelipper|Hurricane|p2b: Venusaur
|-supereffective|p2b: Venusaur|1
|-damage|p2b: Venusaur|41/100
|
|-weather|RainDance|[upkeep]
|upkeep
|
|t:|1784605182
|switch|p2a: Archaludon|Archaludon, L50, F|100/100
|turn|2
|
|t:|1784605224
|move|p2b: Venusaur|Protect|p2b: Venusaur
|-singleturn|p2b: Venusaur|Protect
|move|p1b: Basculegion|Wave Crash|p2a: Archaludon
|-resisted|p2a: Archaludon|1
|-crit|p2a: Archaludon
|-damage|p2a: Archaludon|36/100
|-ability|p2a: Archaludon|Stamina|boost
|-boost|p2a: Archaludon|def|1
|-damage|p1b: Basculegion|44/100|[from] Recoil
|move|p2a: Archaludon|Electro Shot||[still]
|-prepare|p2a: Archaludon|Electro Shot
|-boost|p2a: Archaludon|spa|1
|-anim|p2a: Archaludon|Electro Shot|p1a: Pelipper
|-supereffective|p1a: Pelipper|2
|-damage|p1a: Pelipper|0 fnt
|faint|p1a: Pelipper
|
|-weather|RainDance|[upkeep]
|-heal|p2a: Archaludon|42/100|[from] item: Leftovers
|upkeep
|
|t:|1784605231
|switch|p1a: Charizard|Charizard, L50, M|100/100
|turn|3
|
|t:|1784605266
|detailschange|p1a: Charizard|Charizard-Mega-Y, L50, M
|-mega|p1a: Charizard|Charizard|Charizardite Y
|-weather|SunnyDay|[from] ability: Drought|[of] p1a: Charizard
|move|p2a: Archaludon|Protect|p2a: Archaludon
|-singleturn|p2a: Archaludon|Protect
|move|p1b: Basculegion|Wave Crash|p2b: Venusaur
|-resisted|p2b: Venusaur|1
|-damage|p2b: Venusaur|27/100
|-damage|p1b: Basculegion|40/100|[from] Recoil
|move|p1a: Charizard|Heat Wave|p2b: Venusaur|[spread] p2b
|-activate|p2a: Archaludon|move: Protect
|-supereffective|p2b: Venusaur|1
|-damage|p2b: Venusaur|0 fnt
|faint|p2b: Venusaur
|
|-weather|SunnyDay|[upkeep]
|-heal|p2a: Archaludon|48/100|[from] item: Leftovers
|upkeep
|
|t:|1784605281
|switch|p2b: Politoed|Politoed, L50, M|100/100
|-weather|RainDance|[from] ability: Drizzle|[of] p2b: Politoed
|turn|4
|
|t:|1784605295
|switch|p1a: Venusaur|Venusaur, L50, F|100/100
|move|p1b: Basculegion|Wave Crash|p2a: Archaludon
|-resisted|p2a: Archaludon|1
|-damage|p2a: Archaludon|21/100
|-ability|p2a: Archaludon|Stamina|boost
|-boost|p2a: Archaludon|def|1
|-damage|p1b: Basculegion|31/100|[from] Recoil
|move|p2a: Archaludon|Electro Shot||[still]
|-prepare|p2a: Archaludon|Electro Shot
|-boost|p2a: Archaludon|spa|1
|-anim|p2a: Archaludon|Electro Shot|p1b: Basculegion
|-supereffective|p1b: Basculegion|1
|-damage|p1b: Basculegion|0 fnt
|faint|p1b: Basculegion
|move|p2b: Politoed|Weather Ball|p1a: Venusaur
|-resisted|p1a: Venusaur|1
|-damage|p1a: Venusaur|73/100
|
|-weather|RainDance|[upkeep]
|-heal|p2a: Archaludon|27/100|[from] item: Leftovers
|upkeep
|
|t:|1784605300
|switch|p1b: Charizard|Charizard-Mega-Y, L50, M|100/100
|-weather|SunnyDay|[from] ability: Drought|[of] p1b: Charizard
|turn|5
|
|t:|1784605343
|move|p2a: Archaludon|Protect|p2a: Archaludon
|-singleturn|p2a: Archaludon|Protect
|move|p1a: Venusaur|Sleep Powder|p2a: Archaludon
|-activate|p2a: Archaludon|move: Protect
|move|p1b: Charizard|Heat Wave|p2a: Archaludon|[spread] p2b
|-activate|p2a: Archaludon|move: Protect
|-resisted|p2b: Politoed|1
|-damage|p2b: Politoed|82/100
|move|p2b: Politoed|Weather Ball|p1a: Venusaur
|-supereffective|p1a: Venusaur|1
|-damage|p1a: Venusaur|0 fnt
|faint|p1a: Venusaur
|
|-weather|SunnyDay|[upkeep]
|-heal|p2a: Archaludon|34/100|[from] item: Leftovers
|upkeep
|turn|6
|
|t:|1784605375
|move|p1b: Charizard|Weather Ball|p2a: Archaludon
|-damage|p2a: Archaludon|0 fnt
|faint|p2a: Archaludon
|move|p2b: Politoed|Encore|p1b: Charizard
|-start|p1b: Charizard|Encore
|
|-weather|SunnyDay|[upkeep]
|upkeep
|turn|7
|
|t:|1784605389
|move|p1b: Charizard|Weather Ball|p2b: Politoed
|-resisted|p2b: Politoed|1
|-damage|p2b: Politoed|56/100
|move|p2b: Politoed|Perish Song|p2b: Politoed
|-start|p1b: Charizard|perish3|[silent]
|-start|p2b: Politoed|perish3|[silent]
|-fieldactivate|move: Perish Song
|
|-weather|SunnyDay|[upkeep]
|-start|p1b: Charizard|perish3
|-start|p2b: Politoed|perish3
|upkeep
|turn|8
|
|t:|1784605399
|move|p2b: Politoed|Protect|p2b: Politoed
|-singleturn|p2b: Politoed|Protect
|move|p1b: Charizard|Weather Ball|p2b: Politoed
|-activate|p2b: Politoed|move: Protect
|
|-weather|SunnyDay|[upkeep]
|-start|p1b: Charizard|perish2
|-start|p2b: Politoed|perish2
|-sideend|p2: abadanriyi92|move: Light Screen
|upkeep
|turn|9
|
|t:|1784605407
|move|p2b: Politoed|Protect|p2b: Politoed
|-singleturn|p2b: Politoed|Protect
|move|p1b: Charizard|Weather Ball|p2b: Politoed
|-activate|p2b: Politoed|move: Protect
|
|-weather|none
|-end|p1b: Charizard|Encore
|-start|p1b: Charizard|perish1
|-start|p2b: Politoed|perish1
|upkeep
|turn|10
|
|t:|1784605421
|move|p2b: Politoed|Protect||[still]
|-fail|p2b: Politoed
|move|p1b: Charizard|Solar Beam||[still]
|-prepare|p1b: Charizard|Solar Beam
|
|-start|p1b: Charizard|perish0
|-start|p2b: Politoed|perish0
|faint|p1b: Charizard
|faint|p2b: Politoed
|
|win|abadanriyi92
|l|‽Best Unkle Dan
|player|p1|
||Best Unkle Dan is ready for game 2.
||abadanriyi92 is ready for game 2.
|uhtml|next|Next: Game 2 of 3
