|j|☆goodfish6211
|j|☆G3N13
|html|goodfish6211G3N13    
|uhtml|bestof|Game 1 of a best-of-3
|t:|1784797057
|gametype|doubles
|player|p1|goodfish6211|102|1127
|player|p2|G3N13|n|1167
|gen|9
|tier|[Gen 9 Champions] VGC 2026 Reg M-B (Bo3)
|rated|
|rule|Species Clause: Limit one of each Pokémon
|rule|Item Clause: Limit 1 of each item
|clearpoke
|poke|p1|Incineroar, L50, F|
|poke|p1|Sneasler, L50, F, shiny|
|poke|p1|Whimsicott, L50, F|
|poke|p1|Sinistcha-Masterpiece, L50|
|poke|p1|Sylveon, L50, M, shiny|
|poke|p1|Tyranitar, L50, M|
|poke|p2|Blastoise, L50, M|
|poke|p2|Corviknight, L50, F|
|poke|p2|Garchomp, L50, M|
|poke|p2|Grimmsnarl, L50, M|
|poke|p2|Sinistcha, L50|
|poke|p2|Blaziken, L50, M|
|teampreview|4
|showteam|p1|Incineroar||PasshoBerry|Intimidate|FakeOut,FlareBlitz,DarkestLariat,PartingShot|Adamant||F|||50|]Sneasler||WhiteHerb|Unburden|CloseCombat,FakeOut,DireClaw,Protect|Adamant||F|||50|]Whimsicott||FocusSash|Prankster|Tailwind,Moonblast,Encore,Protect|Timid||F|||50|]Sinistcha-Masterpiece||SitrusBerry|Hospitality|MatchaGotcha,TrickRoom,RagePowder,Protect|Bold|||||50|]Sylveon||LifeOrb|Pixilate|HyperVoice,QuickAttack,DrainingKiss,Protect|Modest||M|||50|]Tyranitar||Tyranitarite|SandStream|KnockOff,RockSlide,DragonDance,Protect|Adamant||M|||50|
|showteam|p2|Blastoise||Blastoisinite|Torrent|WaterSpout,FakeOut,ShellSmash,Protect|Modest||M|||50|]Corviknight||Leftovers|MirrorArmor|BraveBird,IronHead,Protect,Tailwind|Adamant||F|||50|]Garchomp||LifeOrb|RoughSkin|Earthquake,RockSlide,Protect,DragonClaw|Jolly||M|||50|]Grimmsnarl||LightClay|Prankster|FakeOut,SpiritBreak,Reflect,LightScreen|Adamant||M|||50|]Sinistcha||SitrusBerry|Hospitality|TrickRoom,RagePowder,MatchaGotcha,Protect|Calm|||||50|]Blaziken||Blazikenite|SpeedBoost|FlareBlitz,CloseCombat,Protect,Uturn|Adamant||M|||50|
|inactive|Battle timer is ON: inactive players will automatically lose when time's up. (requested by goodfish6211)
|inactive|goodfish6211 has 60 seconds left.
|inactive|G3N13 has 60 seconds left.
|
|t:|1784797099
|teamsize|p1|4
|teamsize|p2|4
|start
|switch|p1a: Whimsicott|Whimsicott, L50, F|100/100
|switch|p1b: Tyranitar|Tyranitar, L50, M|100/100
|switch|p2a: Sinistcha|Sinistcha, L50|100/100
|switch|p2b: Blastoise|Blastoise, L50, M|100/100
|-weather|Sandstorm|[from] ability: Sand Stream|[of] p1b: Tyranitar
|turn|1
|inactive|G3N13 has 30 seconds left.
|
|t:|1784797130
|detailschange|p2b: Blastoise|Blastoise-Mega, L50, M
|-mega|p2b: Blastoise|Blastoise|Blastoisinite
|move|p1a: Whimsicott|Protect|p1a: Whimsicott
|-singleturn|p1a: Whimsicott|Protect
|move|p1b: Tyranitar|Protect|p1b: Tyranitar
|-singleturn|p1b: Tyranitar|Protect
|move|p2b: Blastoise|Water Spout|p1a: Whimsicott|[spread] 
|-activate|p1a: Whimsicott|move: Protect
|-activate|p1b: Tyranitar|move: Protect
|move|p2a: Sinistcha|Trick Room|p2a: Sinistcha
|-fieldstart|move: Trick Room|[of] p2a: Sinistcha
|
|-weather|Sandstorm|[upkeep]
|-damage|p2a: Sinistcha|93/100|[from] Sandstorm
|-damage|p2b: Blastoise|94/100|[from] Sandstorm
|-damage|p1a: Whimsicott|94/100|[from] Sandstorm
|upkeep
|turn|2
|
|t:|1784797140
|switch|p1b: Sinistcha|Sinistcha-Masterpiece, L50|100/100
|-heal|p1a: Whimsicott|100/100|[from] ability: Hospitality|[of] p1b: Sinistcha
|move|p2a: Sinistcha|Rage Powder|p2a: Sinistcha
|-singleturn|p2a: Sinistcha|move: Rage Powder
|move|p1a: Whimsicott|Encore|p2a: Sinistcha
|-start|p2a: Sinistcha|Encore
|move|p2b: Blastoise|Water Spout|p1b: Sinistcha|[spread] p1a,p1b
|-resisted|p1a: Whimsicott|1
|-resisted|p1b: Sinistcha|1
|-damage|p1a: Whimsicott|52/100
|-damage|p1b: Sinistcha|67/100
|
|-weather|Sandstorm|[upkeep]
|-damage|p1b: Sinistcha|61/100|[from] Sandstorm
|-damage|p2a: Sinistcha|87/100|[from] Sandstorm
|-damage|p2b: Blastoise|88/100|[from] Sandstorm
|-damage|p1a: Whimsicott|46/100|[from] Sandstorm
|upkeep
|turn|3
|
|t:|1784797154
|switch|p2b: Corviknight|Corviknight, L50, F|100/100
|move|p1a: Whimsicott|Protect|p1a: Whimsicott
|-singleturn|p1a: Whimsicott|Protect
|move|p2a: Sinistcha|Rage Powder|p2a: Sinistcha
|-singleturn|p2a: Sinistcha|move: Rage Powder
|move|p1b: Sinistcha|Matcha Gotcha|p2a: Sinistcha|[spread] p2a,p2b
|-resisted|p2a: Sinistcha|1
|-resisted|p2b: Corviknight|2
|-damage|p2a: Sinistcha|74/100
|-heal|p1b: Sinistcha|67/100|[from] drain|[of] p2a: Sinistcha
|-damage|p2b: Corviknight|94/100
|-heal|p1b: Sinistcha|71/100|[from] drain|[of] p2b: Corviknight
|
|-weather|Sandstorm|[upkeep]
|-damage|p2a: Sinistcha|68/100|[from] Sandstorm
|-damage|p1b: Sinistcha|65/100|[from] Sandstorm
|-damage|p1a: Whimsicott|40/100|[from] Sandstorm
|-heal|p2b: Corviknight|100/100|[from] item: Leftovers
|upkeep
|turn|4
|inactive|goodfish6211 has 30 seconds left.
|
|t:|1784797185
|switch|p1a: Tyranitar|Tyranitar, L50, M|100/100
|move|p1b: Sinistcha|Protect|p1b: Sinistcha
|-singleturn|p1b: Sinistcha|Protect
|move|p2a: Sinistcha|Rage Powder|p2a: Sinistcha
|-singleturn|p2a: Sinistcha|move: Rage Powder
|move|p2b: Corviknight|Brave Bird|p1b: Sinistcha
|-activate|p1b: Sinistcha|move: Protect
|
|-weather|Sandstorm|[upkeep]
|-damage|p1b: Sinistcha|58/100|[from] Sandstorm
|-damage|p2a: Sinistcha|62/100|[from] Sandstorm
|upkeep
|turn|5
|
|t:|1784797208
|switch|p1b: Sneasler|Sneasler, L50, F, shiny|100/100
|detailschange|p1a: Tyranitar|Tyranitar-Mega, L50, M
|-mega|p1a: Tyranitar|Tyranitar|Tyranitarite
|move|p2a: Sinistcha|Rage Powder|p2a: Sinistcha
|-singleturn|p2a: Sinistcha|move: Rage Powder
|move|p2b: Corviknight|Iron Head|p1a: Tyranitar
|-supereffective|p1a: Tyranitar|1
|-damage|p1a: Tyranitar|55/100
|move|p1a: Tyranitar|Dragon Dance|p1a: Tyranitar
|-boost|p1a: Tyranitar|atk|1
|-boost|p1a: Tyranitar|spe|1
|
|-weather|none
|-end|p2a: Sinistcha|Encore
|-fieldend|move: Trick Room
|upkeep
|turn|6
|inactive|goodfish6211 has 30 seconds left.
|inactive|G3N13 has 30 seconds left.
|
|t:|1784797238
|move|p1b: Sneasler|Fake Out|p2b: Corviknight
|-resisted|p2b: Corviknight|1
|-crit|p2b: Corviknight
|-damage|p2b: Corviknight|90/100
|move|p1a: Tyranitar|Knock Off|p2a: Sinistcha
|-supereffective|p2a: Sinistcha|1
|-damage|p2a: Sinistcha|0 fnt
|-enditem|p2a: Sinistcha|Sitrus Berry|[from] move: Knock Off|[of] p1a: Tyranitar
|faint|p2a: Sinistcha
|cant|p2b: Corviknight|flinch
|
|-heal|p2b: Corviknight|96/100|[from] item: Leftovers
|upkeep
|
|t:|1784797243
|switch|p2a: Grimmsnarl|Grimmsnarl, L50, M|100/100
|turn|7
|
|t:|1784797261
|move|p1a: Tyranitar|Protect|p1a: Tyranitar
|-singleturn|p1a: Tyranitar|Protect
|move|p2a: Grimmsnarl|Fake Out|p1a: Tyranitar
|-activate|p1a: Tyranitar|move: Protect
|move|p1b: Sneasler|Close Combat|p2b: Corviknight
|-damage|p2b: Corviknight|37/100
|-unboost|p1b: Sneasler|def|1
|-unboost|p1b: Sneasler|spd|1
|-enditem|p1b: Sneasler|White Herb
|-clearnegativeboost|p1b: Sneasler|[silent]
|move|p2b: Corviknight|Brave Bird|p1b: Sneasler
|-supereffective|p1b: Sneasler|1
|-damage|p1b: Sneasler|0 fnt
|faint|p1b: Sneasler
|-damage|p2b: Corviknight|9/100|[from] Recoil
|
|-heal|p2b: Corviknight|15/100|[from] item: Leftovers
|upkeep
|
|t:|1784797270
|switch|p1b: Whimsicott|Whimsicott, L50, F|40/100
|turn|8
|inactive|G3N13 has 30 seconds left.
|
|t:|1784797299
|move|p2a: Grimmsnarl|Reflect|p2a: Grimmsnarl
|-sidestart|p2: G3N13|Reflect
|move|p1b: Whimsicott|Moonblast|p2a: Grimmsnarl
|-supereffective|p2a: Grimmsnarl|1
|-damage|p2a: Grimmsnarl|20/100y
|move|p1a: Tyranitar|Rock Slide|p2a: Grimmsnarl|[spread] p2a,p2b
|-damage|p2a: Grimmsnarl|0 fnt
|-damage|p2b: Corviknight|0 fnt
|faint|p2a: Grimmsnarl
|faint|p2b: Corviknight
|
|upkeep
|
|t:|1784797308
|switch|p2b: Blastoise|Blastoise-Mega, L50, M|88/100
|turn|9
|
|t:|1784797321
|move|p1b: Whimsicott|Tailwind|p1b: Whimsicott
|-sidestart|p1: goodfish6211|move: Tailwind
|move|p1a: Tyranitar|Rock Slide|p2b: Blastoise
|-damage|p2b: Blastoise|50/100g
|cant|p2b: Blastoise|flinch
|
|upkeep
|turn|10
|
|t:|1784797337
|move|p1a: Tyranitar|Knock Off|p2b: Blastoise
|-damage|p2b: Blastoise|15/100
|move|p1b: Whimsicott|Moonblast|p2b: Blastoise
|-damage|p2b: Blastoise|0 fnt
|faint|p2b: Blastoise
|
|win|goodfish6211
||goodfish6211 is ready for game 2.
