|j|☆pantsuit
|j|☆eutherians
|html|pantsuiteutherians    
|uhtml|bestof|Game 1 of a best-of-3
|t:|1756937937
|gametype|doubles
|player|p1|pantsuit|102|1236
|player|p2|eutherians|ethan|1292
|gen|9
|tier|[Gen 9] VGC 2025 Reg H (Bo3)
|rated|
|rule|Species Clause: Limit one of each Pokémon
|rule|Item Clause: Limit 1 of each item
|clearpoke
|poke|p1|Sneasler, L50, F|
|poke|p1|Indeedee, L50, M|
|poke|p1|Annihilape, L50, M|
|poke|p1|Tyranitar, L50, M|
|poke|p1|Corviknight, L50, F|
|poke|p1|Excadrill, L50, M|
|poke|p2|Archaludon, L50, M|
|poke|p2|Pelipper, L50, F|
|poke|p2|Blastoise, L50, M|
|poke|p2|Dragonite, L50, F|
|poke|p2|Sneasler, L50, M|
|poke|p2|Indeedee-F, L50, F|
|teampreview|4
|showteam|p1|Sneasler||PsychicSeed|Unburden|CloseCombat,DireClaw,ThroatChop,Protect|||F|||50|,,,,,Dark]Indeedee||ChoiceScarf|PsychicSurge|ExpandingForce,TeraBlast,Trick,Protect|||M|||50|,,,,,Psychic]Annihilape||SafetyGoggles|Defiant|CloseCombat,RageFist,Taunt,FinalGambit|||M|||50|,,,,,Water]Tyranitar||AssaultVest|SandStream|RockSlide,KnockOff,TeraBlast,LowKick|||M|||50|,,,,,Flying]Corviknight||Leftovers|MirrorArmor|BraveBird,BulkUp,Roost,Tailwind|||F|||50|,,,,,Dragon]Excadrill||FocusSash|SandRush|IronHead,HighHorsepower,Earthquake,Protect|||M|||50|,,,,,Stellar
|showteam|p2|Archaludon||AssaultVest|Stamina|BodyPress,ElectroShot,DragonPulse,FlashCannon|||M|||50|,,,,,Bug]Pelipper||ChoiceScarf|Drizzle|Hurricane,MuddyWater,Tailwind,HelpingHand|||F|||50|,,,,,Ghost]Blastoise||SplashPlate|Torrent|WaterSpout,WaterPledge,ShellSmash,Protect|||M|||50|,,,,,Water]Dragonite||LoadedDice|Multiscale|ScaleShot,StompingTantrum,Haze,Protect|||F|||50|,,,,,Steel]Sneasler||PsychicSeed|Unburden|DireClaw,CloseCombat,ThroatChop,Protect|||M|||50|,,,,,Dark]Indeedee-F||SafetyGoggles|PsychicSurge|Psychic,Protect,HelpingHand,FollowMe|||F|||50|,,,,,Fairy
|inactive|Battle timer is ON: inactive players will automatically lose when time's up. (requested by eutherians)
|
|t:|1756937983
|teamsize|p1|4
|teamsize|p2|4
|start
|switch|p1a: Annihilape|Annihilape, L50, M|100/100
|switch|p1b: Indeedee|Indeedee, L50, M|100/100
|switch|p2a: Dragonite|Dragonite, L50, F|100/100
|switch|p2b: Sneasler|Sneasler, L50, M|100/100
|-fieldstart|move: Psychic Terrain|[from] ability: Psychic Surge|[of] p1b: Indeedee
|-enditem|p2b: Sneasler|Psychic Seed
|-boost|p2b: Sneasler|spd|1|[from] item: Psychic Seed
|turn|1
|
|t:|1756938009
|switch|p1b: Corviknight|Corviknight, L50, F|100/100
|-terastallize|p2b: Sneasler|Dark
|move|p2b: Sneasler|Throat Chop|p1b: Corviknight
|-damage|p1b: Corviknight|61/100
|-start|p1b: Corviknight|Throat Chop|[silent]
|move|p1a: Annihilape|Taunt|p2a: Dragonite
|-start|p2a: Dragonite|move: Taunt
|move|p2a: Dragonite|Scale Shot|p1a: Annihilape
|-crit|p1a: Annihilape
|-damage|p1a: Annihilape|78/100
|-damage|p1a: Annihilape|63/100
|-damage|p1a: Annihilape|48/100
|-damage|p1a: Annihilape|32/100
|-hitcount|p1a: Annihilape|4
|-unboost|p2a: Dragonite|def|1
|-boost|p2a: Dragonite|spe|1
|
|-heal|p1b: Corviknight|67/100|[from] item: Leftovers
|upkeep
|turn|2
|inactive|pantsuit has 30 seconds left.
|
|t:|1756938038
|switch|p1a: Tyranitar|Tyranitar, L50, M|100/100
|-weather|Sandstorm|[from] ability: Sand Stream|[of] p1a: Tyranitar
|move|p2b: Sneasler|Close Combat|p1b: Corviknight
|-damage|p1b: Corviknight|8/100
|-unboost|p2b: Sneasler|def|1
|-unboost|p2b: Sneasler|spd|1
|move|p2a: Dragonite|Scale Shot|p1a: Tyranitar
|-damage|p1a: Tyranitar|87/100
|-damage|p1a: Tyranitar|74/100
|-crit|p1a: Tyranitar
|-damage|p1a: Tyranitar|55/100
|-damage|p1a: Tyranitar|42/100
|-damage|p1a: Tyranitar|27/100
|-hitcount|p1a: Tyranitar|5
|-unboost|p2a: Dragonite|def|1
|-boost|p2a: Dragonite|spe|1
|move|p1b: Corviknight|Tailwind|p1b: Corviknight
|-sidestart|p1: pantsuit|move: Tailwind
|
|-weather|Sandstorm|[upkeep]
|-damage|p2b: Sneasler|95/100|[from] Sandstorm
|-damage|p2a: Dragonite|95/100|[from] Sandstorm
|-heal|p1b: Corviknight|14/100|[from] item: Leftovers
|-end|p1b: Corviknight|Throat Chop|[silent]
|upkeep
|turn|3
|inactive|eutherians has 30 seconds left.
|
|t:|1756938065
|move|p2b: Sneasler|Throat Chop|p1b: Corviknight
|-damage|p1b: Corviknight|0 fnt
|faint|p1b: Corviknight
|move|p2a: Dragonite|Scale Shot|p1a: Tyranitar
|-damage|p1a: Tyranitar|13/100
|-damage|p1a: Tyranitar|0 fnt
|faint|p1a: Tyranitar
|-hitcount|p1: Tyranitar|2
|-unboost|p2a: Dragonite|def|1
|-boost|p2a: Dragonite|spe|1
|
|-weather|Sandstorm|[upkeep]
|-damage|p2b: Sneasler|89/100|[from] Sandstorm
|-damage|p2a: Dragonite|89/100|[from] Sandstorm
|-end|p2a: Dragonite|move: Taunt
|upkeep
|
|t:|1756938070
|switch|p1a: Indeedee|Indeedee, L50, M|100/100
|switch|p1b: Annihilape|Annihilape, L50, M|32/100
|turn|4
|
|t:|1756938084
|move|p1a: Indeedee|Trick|p1b: Annihilape
|-activate|p1a: Indeedee|move: Trick|[of] p1b: Annihilape
|-item|p1b: Annihilape|Choice Scarf|[from] move: Trick
|-item|p1a: Indeedee|Safety Goggles|[from] move: Trick
|move|p1b: Annihilape|Close Combat|p2b: Sneasler
|-supereffective|p2b: Sneasler
|-damage|p2b: Sneasler|0 fnt
|-unboost|p1b: Annihilape|def|1
|-unboost|p1b: Annihilape|spd|1
|faint|p2b: Sneasler
|move|p2a: Dragonite|Scale Shot|p1b: Annihilape
|-damage|p1b: Annihilape|7/100
|-damage|p1b: Annihilape|0 fnt
|faint|p1b: Annihilape
|-hitcount|p1: Annihilape|2
|-unboost|p2a: Dragonite|def|1
|-boost|p2a: Dragonite|spe|1
|
|-weather|Sandstorm|[upkeep]
|-damage|p2a: Dragonite|83/100|[from] Sandstorm
|upkeep
|
|t:|1756938097
|switch|p2b: Indeedee|Indeedee-F, L50, F|100/100
|turn|5
|
|t:|1756938103
|-terastallize|p1a: Indeedee|Psychic
|move|p2a: Dragonite|Protect|p2a: Dragonite
|-singleturn|p2a: Dragonite|Protect
|move|p2b: Indeedee|Protect|p2b: Indeedee
|-singleturn|p2b: Indeedee|Protect
|move|p1a: Indeedee|Expanding Force|p2b: Indeedee|[spread] 
|-activate|p2a: Dragonite|move: Protect
|-activate|p2b: Indeedee|move: Protect
|
|-weather|Sandstorm|[upkeep]
|-damage|p2a: Dragonite|77/100|[from] Sandstorm
|-sideend|p1: pantsuit|move: Tailwind
|-fieldend|move: Psychic Terrain
|upkeep
|turn|6
|
|t:|1756938112
|move|p2b: Indeedee|Follow Me|p2b: Indeedee
|-singleturn|p2b: Indeedee|move: Follow Me
|move|p2a: Dragonite|Scale Shot|p1a: Indeedee
|-damage|p1a: Indeedee|71/100
|-damage|p1a: Indeedee|42/100
|-damage|p1a: Indeedee|12/100
|-damage|p1a: Indeedee|0 fnt
|faint|p1a: Indeedee
|-hitcount|p1: Indeedee|4
|
|win|eutherians
