|j|☆testdigi
|j|‽Marcored87
|html|testdigiMarcored87    
|uhtml|bestof|Game 1 of a best-of-3
|t:|1784303833
|gametype|doubles
|player|p1|testdigi|1|1121
|player|p2|Marcored87|169|1173
|gen|9
|tier|[Gen 9 Champions] VGC 2026 Reg M-B (Bo3)
|rated|
|rule|Species Clause: Limit one of each Pokémon
|rule|Item Clause: Limit 1 of each item
|clearpoke
|poke|p1|Sneasler, L50, M|
|poke|p1|Delphox, L50, F, shiny|
|poke|p1|Kingambit, L50, M, shiny|
|poke|p1|Sinistcha, L50|
|poke|p1|Incineroar, L50, M|
|poke|p1|Blastoise, L50, F|
|poke|p2|Hydreigon, L50, F|
|poke|p2|Sneasler, L50, F|
|poke|p2|Floette-Eternal, L50, F|
|poke|p2|Gholdengo, L50|
|poke|p2|Whimsicott, L50, M|
|poke|p2|Incineroar, L50, M|
|teampreview|4
|showteam|p1|Sneasler||FocusSash|PoisonTouch|PoisonJab,QuickGuard,CloseCombat,FakeOut|Jolly||M|||50|]Delphox||Delphoxite|Blaze|HeatWave,Psychic,NastyPlot,Protect|Timid||F|||50|]Kingambit||LifeOrb|Defiant|KowtowCleave,SuckerPunch,SwordsDance,Protect|Adamant||M|||50|]Sinistcha||ColburBerry|Hospitality|MatchaGotcha,RagePowder,TrickRoom,Protect|Bold|||||50|]Incineroar||SitrusBerry|Intimidate|FlareBlitz,HelpingHand,PartingShot,FakeOut|Impish||M|||50|]Blastoise||Blastoisinite|RainDish|WaterSpout,DarkPulse,ShellSmash,Protect|Modest||F|||50|
|showteam|p2|Hydreigon||ChoiceScarf|Levitate|DracoMeteor,Snarl,EarthPower,DarkPulse|Modest||F|||50|]Sneasler||LifeOrb|PoisonTouch|Protect,FakeOut,DireClaw,CloseCombat|Jolly||F|||50|]Floette-Eternal||Floettite|FlowerVeil|Protect,Moonblast,DazzlingGleam,CalmMind|Timid||F|||50|]Gholdengo||FocusSash|GoodasGold|Protect,ShadowBall,PowerGem,MakeItRain|Modest|||||50|]Whimsicott||FairyFeather|Prankster|Moonblast,Encore,Protect,Tailwind|Timid||M|||50|]Incineroar||SitrusBerry|Intimidate|PartingShot,FakeOut,FlareBlitz,ThroatChop|Careful||M|||50|
|inactive|Battle timer is ON: inactive players will automatically lose when time's up. (requested by Marcored87)
|inactive|Marcored87 has 60 seconds left.
|
|t:|1784303871
|teamsize|p1|4
|teamsize|p2|4
|start
|switch|p1a: Incineroar|Incineroar, L50, M|100/100
|switch|p1b: Blastoise|Blastoise, L50, F|100/100
|switch|p2a: Sneasler|Sneasler, L50, F|100/100
|switch|p2b: Floette|Floette-Eternal, L50, F|100/100
|-ability|p1a: Incineroar|Intimidate|boost
|-unboost|p2a: Sneasler|atk|1
|-unboost|p2b: Floette|atk|1
|turn|1
|
|t:|1784303886
|switch|p2b: Hydreigon|Hydreigon, L50, F|100/100
|detailschange|p1b: Blastoise|Blastoise-Mega, L50, F
|-mega|p1b: Blastoise|Blastoise|Blastoisinite
|move|p2a: Sneasler|Fake Out|p1b: Blastoise
|-damage|p1b: Blastoise|88/100
|-damage|p2a: Sneasler|90/100|[from] item: Life Orb
|move|p1a: Incineroar|Fake Out|p2b: Hydreigon
|-damage|p2b: Hydreigon|88/100
|cant|p1b: Blastoise|flinch
|
|upkeep
|turn|2
|
|t:|1784303910
|move|p1b: Blastoise|Protect|p1b: Blastoise
|-singleturn|p1b: Blastoise|Protect
|move|p2b: Hydreigon|Draco Meteor|p1b: Blastoise
|-activate|p1b: Blastoise|move: Protect
|move|p2a: Sneasler|Close Combat|p1a: Incineroar
|-supereffective|p1a: Incineroar|1
|-damage|p1a: Incineroar|14/100
|-unboost|p2a: Sneasler|def|1
|-unboost|p2a: Sneasler|spd|1
|-status|p1a: Incineroar|psn|[from] ability: Poison Touch|[of] p2a: Sneasler
|-enditem|p1a: Incineroar|Sitrus Berry|[eat]
|-heal|p1a: Incineroar|39/100 psn|[from] item: Sitrus Berry
|-damage|p2a: Sneasler|81/100|[from] item: Life Orb
|move|p1a: Incineroar|Parting Shot|p2b: Hydreigon
|-unboost|p2b: Hydreigon|atk|1
|-unboost|p2b: Hydreigon|spa|1
|
|t:|1784303918
|switch|p1a: Sneasler|Sneasler, L50, M|100/100|[from] Parting Shot
|
|upkeep
|turn|3
|
|t:|1784303934
|switch|p1b: Incineroar|Incineroar, L50, M|39/100 psn
|-ability|p1b: Incineroar|Intimidate|boost
|-unboost|p2a: Sneasler|atk|1
|-unboost|p2b: Hydreigon|atk|1
|move|p2b: Hydreigon|Draco Meteor|p1b: Incineroar
|-damage|p1b: Incineroar|0 fnt
|-unboost|p2b: Hydreigon|spa|2
|faint|p1b: Incineroar
|move|p2a: Sneasler|Dire Claw|p1a: Sneasler
|-resisted|p1a: Sneasler|1
|-damage|p1a: Sneasler|79/100
|-damage|p2a: Sneasler|71/100|[from] item: Life Orb
|move|p1a: Sneasler|Close Combat|p2b: Hydreigon
|-supereffective|p2b: Hydreigon|1
|-damage|p2b: Hydreigon|0 fnt
|-unboost|p1a: Sneasler|def|1
|-unboost|p1a: Sneasler|spd|1
|faint|p2b: Hydreigon
|
|upkeep
|inactive|Marcored87 has 30 seconds left.
|
|t:|1784303961
|switch|p2b: Floette|Floette-Eternal, L50, F|100/100
|switch|p1b: Blastoise|Blastoise-Mega, L50, F|88/100
|turn|4
|
|t:|1784303975
|switch|p2a: Whimsicott|Whimsicott, L50, M|100/100
|move|p2b: Floette|Protect|p2b: Floette
|-singleturn|p2b: Floette|Protect
|move|p1a: Sneasler|Poison Jab|p2b: Floette
|-activate|p2b: Floette|move: Protect
|move|p1b: Blastoise|Shell Smash|p1b: Blastoise
|-unboost|p1b: Blastoise|def|1
|-unboost|p1b: Blastoise|spd|1
|-boost|p1b: Blastoise|atk|2
|-boost|p1b: Blastoise|spa|2
|-boost|p1b: Blastoise|spe|2
|
|upkeep
|turn|5
|
|t:|1784303990
|detailschange|p2b: Floette|Floette-Mega, L50, F
|-mega|p2b: Floette|Floette|Floettite
|-ability|p2b: Floette|Fairy Aura
|move|p1a: Sneasler|Quick Guard|p1a: Sneasler
|-singleturn|p1a: Sneasler|Quick Guard
|move|p2a: Whimsicott|Encore|p1b: Blastoise
|-activate|p1b: Blastoise|move: Quick Guard
|move|p1b: Blastoise|Water Spout|p2b: Floette|[spread] p2a,p2b
|-resisted|p2a: Whimsicott|1
|-damage|p2a: Whimsicott|5/100
|-damage|p2b: Floette|13/100
|move|p2b: Floette|Dazzling Gleam|p1b: Blastoise|[spread] p1a,p1b
|-crit|p1b: Blastoise
|-damage|p1a: Sneasler|1/100
|-damage|p1b: Blastoise|5/100
|
|upkeep
|turn|6
|
|t:|1784304009
|move|p2a: Whimsicott|Tailwind|p2a: Whimsicott
|-sidestart|p2: Marcored87|move: Tailwind
|move|p2b: Floette|Dazzling Gleam|p1a: Sneasler|[spread] p1a,p1b
|-damage|p1a: Sneasler|0 fnt
|-damage|p1b: Blastoise|0 fnt
|faint|p1a: Sneasler
|faint|p1b: Blastoise
|
|upkeep
|-message|testdigi forfeited.
|
|win|Marcored87
