|j|☆HeracrossVGC
|j|☆CrusaderJCM
|html|HeracrossVGCCrusaderJCM    
|uhtml|bestof|Game 1 of a best-of-3
|t:|1757000562
|gametype|doubles
|player|p1|HeracrossVGC|169|1270
|player|p2|CrusaderJCM|170|1343
|gen|9
|tier|[Gen 9] VGC 2025 Reg H (Bo3)
|rated|
|rule|Species Clause: Limit one of each Pokémon
|rule|Item Clause: Limit 1 of each item
|clearpoke
|poke|p1|Gholdengo, L50|
|poke|p1|Sneasler, L50, M|
|poke|p1|Rillaboom, L50, F|
|poke|p1|Dragonite, L50, M|
|poke|p1|Ninetales-Alola, L50, M|
|poke|p1|Arcanine-Hisui, L50, F|
|poke|p2|Farigiraf, L50, F|
|poke|p2|Ursaluna-Bloodmoon, L50, M|
|poke|p2|Incineroar, L50, M|
|poke|p2|Electabuzz, L50, M|
|poke|p2|Salamence, L50, F|
|poke|p2|Sneasler, L50, M|
|teampreview|4
|showteam|p1|Gholdengo||GrassySeed|GoodasGold|NastyPlot,MakeItRain,ShadowBall,Protect||||||50|,,,,,Water]Sneasler||WhiteHerb|Unburden|CloseCombat,DireClaw,Coaching,Protect|||M|||50|,,,,,Ghost]Rillaboom||AssaultVest|GrassySurge|FakeOut,GrassyGlide,DrumBeating,HighHorsepower|||F|||50|,,,,,Fire]Dragonite||LoadedDice|Multiscale|ScaleShot,Haze,Tailwind,Protect|||M|||50|,,,,,Steel]Ninetales-Alola||FocusSash|SnowWarning|Blizzard,IcyWind,Encore,AuroraVeil|||M|||50|,,,,,Ghost]Arcanine-Hisui||ClearAmulet|Intimidate|RockSlide,FlareBlitz,ExtremeSpeed,Protect|||F|||50|,,,,,Water
|showteam|p2|Farigiraf||ThroatSpray|ArmorTail|HyperVoice,Psychic,TrickRoom,Protect|||F|||50|,,,,,Water]Ursaluna-Bloodmoon||LifeOrb|MindsEye|BloodMoon,EarthPower,HyperVoice,Protect|||M|||50|,,,,,Normal]Incineroar||SafetyGoggles|Intimidate|FakeOut,FlareBlitz,KnockOff,PartingShot|||M|||50|,,,,,Ghost]Electabuzz||Eviolite|VitalSpirit|FollowMe,Thunderbolt,Taunt,Protect|||M|||50|,,,,,Dragon]Salamence||CovertCloak|Intimidate|Tailwind,AirSlash,DracoMeteor,Protect|||F|||50|,,,,,Fairy]Sneasler||FocusSash|Unburden|FakeOut,CloseCombat,DireClaw,Protect|||M|||50|,,,,,Ghost
|inactive|Battle timer is ON: inactive players will automatically lose when time's up. (requested by CrusaderJCM)
|
|t:|1757000639
|teamsize|p1|4
|teamsize|p2|4
|start
|switch|p1a: Arcanine|Arcanine-Hisui, L50, F|100/100
|switch|p1b: Ninetales|Ninetales-Alola, L50, M|100/100
|switch|p2a: Incineroar|Incineroar, L50, M|100/100
|switch|p2b: Farigiraf|Farigiraf, L50, F|100/100
|-weather|Snowscape|[from] ability: Snow Warning|[of] p1b: Ninetales
|-ability|p1a: Arcanine|Intimidate|boost
|-unboost|p2a: Incineroar|atk|1
|-unboost|p2b: Farigiraf|atk|1
|-ability|p2a: Incineroar|Intimidate|boost
|-fail|p1a: Arcanine|unboost|[from] item: Clear Amulet|[of] p1a: Arcanine
|-unboost|p1b: Ninetales|atk|1
|turn|1
|
|t:|1757000662
|move|p2a: Incineroar|Fake Out|p1a: Arcanine
|-resisted|p1a: Arcanine
|-damage|p1a: Arcanine|95/100
|move|p1b: Ninetales|Aurora Veil|p1b: Ninetales
|-sidestart|p1: HeracrossVGC|move: Aurora Veil
|cant|p1a: Arcanine|flinch
|move|p2b: Farigiraf|Trick Room|p2b: Farigiraf
|-fieldstart|move: Trick Room|[of] p2b: Farigiraf
|
|-weather|Snowscape|[upkeep]
|upkeep
|turn|2
|
|t:|1757000678
|move|p2b: Farigiraf|Hyper Voice|p1b: Ninetales|[spread] p1a,p1b
|-resisted|p1a: Arcanine
|-damage|p1a: Arcanine|81/100
|-damage|p1b: Ninetales|75/100
|-enditem|p2b: Farigiraf|Throat Spray
|-boost|p2b: Farigiraf|spa|1|[from] item: Throat Spray
|move|p2a: Incineroar|Knock Off|p1a: Arcanine
|-damage|p1a: Arcanine|54/100
|-enditem|p1a: Arcanine|Clear Amulet|[from] move: Knock Off|[of] p2a: Incineroar
|move|p1a: Arcanine|Rock Slide|p2a: Incineroar|[spread] p2b
|-miss|p1a: Arcanine|p2a: Incineroar
|-damage|p2b: Farigiraf|70/100
|move|p1b: Ninetales|Blizzard|p2a: Incineroar|[spread] p2a,p2b
|-resisted|p2a: Incineroar
|-damage|p2a: Incineroar|87/100
|-damage|p2b: Farigiraf|41/100
|
|-weather|Snowscape|[upkeep]
|upkeep
|turn|3
|inactive|HeracrossVGC has 30 seconds left.
|inactive|CrusaderJCM has 30 seconds left.
|inactive|HeracrossVGC has 20 seconds left.
|inactive|CrusaderJCM has 20 seconds left.
|inactive|HeracrossVGC has 15 seconds left.
|inactive|CrusaderJCM has 15 seconds left.
|inactive|HeracrossVGC has 10 seconds left.
|inactive|CrusaderJCM has 10 seconds left.
|inactive|HeracrossVGC has 5 seconds left.
|
|t:|1757000729
|move|p2b: Farigiraf|Psychic|p1b: Ninetales
|-damage|p1b: Ninetales|19/100
|move|p2a: Incineroar|Flare Blitz|p1b: Ninetales
|-supereffective|p1b: Ninetales
|-damage|p1b: Ninetales|0 fnt
|faint|p1b: Ninetales
|-damage|p2a: Incineroar|83/100|[from] Recoil
|move|p1a: Arcanine|Rock Slide|p2a: Incineroar|[spread] p2a,p2b
|-supereffective|p2a: Incineroar
|-damage|p2a: Incineroar|34/100
|-damage|p2b: Farigiraf|12/100
|
|-weather|Snowscape|[upkeep]
|upkeep
|
|t:|1757000744
|switch|p1b: Gholdengo|Gholdengo, L50|100/100
|turn|4
|inactive|HeracrossVGC has 30 seconds left.
|inactive|HeracrossVGC has 20 seconds left.
|inactive|HeracrossVGC has 15 seconds left.
|
|t:|1757000785
|move|p1b: Gholdengo|Protect|p1b: Gholdengo
|-singleturn|p1b: Gholdengo|Protect
|move|p2b: Farigiraf|Psychic|p1a: Arcanine
|-crit|p1a: Arcanine
|-damage|p1a: Arcanine|0 fnt
|faint|p1a: Arcanine
|move|p2a: Incineroar|Parting Shot|p1b: Gholdengo
|-activate|p1b: Gholdengo|move: Protect
|
|-weather|Snowscape|[upkeep]
|upkeep
|
|t:|1757000793
|switch|p1a: Rillaboom|Rillaboom, L50, F|100/100
|-fieldstart|move: Grassy Terrain|[from] ability: Grassy Surge|[of] p1a: Rillaboom
|-enditem|p1b: Gholdengo|Grassy Seed
|-boost|p1b: Gholdengo|def|1|[from] item: Grassy Seed
|turn|5
|
|t:|1757000807
|move|p2b: Farigiraf|Psychic|p1a: Rillaboom
|-damage|p1a: Rillaboom|63/100
|move|p2a: Incineroar|Flare Blitz|p1a: Rillaboom
|-supereffective|p1a: Rillaboom
|-damage|p1a: Rillaboom|16/100
|-damage|p2a: Incineroar|20/100|[from] Recoil
|move|p1b: Gholdengo|Nasty Plot|p1b: Gholdengo
|-boost|p1b: Gholdengo|spa|2
|move|p1a: Rillaboom|Drum Beating|p2b: Farigiraf
|-damage|p2b: Farigiraf|0 fnt
|faint|p2b: Farigiraf
|
|-weather|none
|-heal|p2a: Incineroar|26/100|[from] Grassy Terrain
|-heal|p1a: Rillaboom|22/100|[from] Grassy Terrain
|-sideend|p1: HeracrossVGC|move: Aurora Veil
|-fieldend|move: Trick Room
|upkeep
|
|t:|1757000828
|switch|p2b: Salamence|Salamence, L50, F|100/100
|-ability|p2b: Salamence|Intimidate|boost
|-unboost|p1a: Rillaboom|atk|1
|-unboost|p1b: Gholdengo|atk|1
|turn|6
|inactive|HeracrossVGC has 30 seconds left.
|
|t:|1757000858
|move|p2b: Salamence|Protect|p2b: Salamence
|-singleturn|p2b: Salamence|Protect
|move|p1a: Rillaboom|High Horsepower|p2a: Incineroar
|-supereffective|p2a: Incineroar
|-damage|p2a: Incineroar|0 fnt
|faint|p2a: Incineroar
|move|p1b: Gholdengo|Make It Rain|p2b: Salamence
|-activate|p2b: Salamence|move: Protect
|
|-heal|p1a: Rillaboom|27/100|[from] Grassy Terrain
|upkeep
|
|t:|1757000864
|switch|p2a: Ursaluna|Ursaluna-Bloodmoon, L50, M|100/100
|turn|7
|inactive|CrusaderJCM has 30 seconds left.
|
|t:|1757000898
|-terastallize|p2a: Ursaluna|Normal
|move|p1a: Rillaboom|Drum Beating|p2a: Ursaluna
|-damage|p2a: Ursaluna|77/100
|-unboost|p2a: Ursaluna|spe|1
|move|p2b: Salamence|Tailwind|p2b: Salamence
|-sidestart|p2: CrusaderJCM|move: Tailwind
|move|p1b: Gholdengo|Make It Rain|p2a: Ursaluna|[spread] p2a,p2b
|-damage|p2a: Ursaluna|0 fnt
|-damage|p2b: Salamence|0 fnt
|-unboost|p1b: Gholdengo|spa|1
|faint|p2a: Ursaluna
|faint|p2b: Salamence
|
|win|HeracrossVGC
|inactive|HeracrossVGC has 30 seconds to confirm battle start!
|inactive|CrusaderJCM has 30 seconds to confirm battle start!
||HeracrossVGC is ready for game 2.
|inactive|CrusaderJCM has 20 seconds to confirm battle start!
||CrusaderJCM is ready for game 2.
|uhtml|next|Next: Game 2 of 3
