|j|☆loucario7
|j|☆goldenchimchar
|html|loucario7goldenchimchar    
|uhtml|bestof|Game 2 of a best-of-3
|t:|1756445642
|gametype|doubles
|player|p1|loucario7|firebreather|1203
|player|p2|goldenchimchar|hilbert|1101
|gen|9
|tier|[Gen 9] VGC 2025 Reg H (Bo3)
|rated|
|rule|Species Clause: Limit one of each Pokémon
|rule|Item Clause: Limit 1 of each item
|clearpoke
|poke|p1|Magmar, L50, M|
|poke|p1|Baxcalibur, L50, F|
|poke|p1|Sneasler, L50, F|
|poke|p1|Kingambit, L50, M|
|poke|p1|Rillaboom, L50, F|
|poke|p1|Gyarados, L50, F|
|poke|p2|Rillaboom, L50, F|
|poke|p2|Dragonite, L50, M|
|poke|p2|Kingambit, L50, M|
|poke|p2|Volcarona, L50, F|
|poke|p2|Sneasler, L50, M|
|poke|p2|Incineroar, L50, F|
|teampreview|4
|showteam|p1|Magmar||Eviolite|VitalSpirit|FollowMe,HeatWave,WillOWisp,Protect|||M|||50|,,,,,Fairy]Baxcalibur||LoadedDice|ThermalExchange|ScaleShot,IcicleSpear,IceShard,Protect|||F|||50|,,,,,Ghost]Sneasler||FocusSash|Unburden|DireClaw,CloseCombat,Coaching,Protect|||F|||50|,,,,,Ghost]Kingambit||SafetyGoggles|Defiant|KowtowCleave,SuckerPunch,SwordsDance,Protect|||M|||50|,,,,,Ghost]Rillaboom||AssaultVest|GrassySurge|FakeOut,WoodHammer,GrassyGlide,HighHorsepower|||F|||50|,,,,,Fire]Gyarados||FigyBerry|Intimidate|Waterfall,ThunderWave,Taunt,HelpingHand|||F|||50|,,,,,Fairy
|showteam|p2|Rillaboom||AssaultVest|GrassySurge|GrassyGlide,FakeOut,WoodHammer,Uturn|||F|||50|,,,,,Fire]Dragonite||LoadedDice|Multiscale|ScaleShot,Protect,Haze,ExtremeSpeed|||M|||50|,,,,,Fairy]Kingambit||BlackGlasses|Defiant|SuckerPunch,KowtowCleave,Protect,SwordsDance|||M|||50|,,,,,Ghost]Volcarona||CovertCloak|FlameBody|HeatWave,StruggleBug,RagePowder,Tailwind|||F|||50|,,,,,Fairy]Sneasler||GrassySeed|Unburden|CloseCombat,DireClaw,Protect,ThroatChop|||M|||50|,,,,,Dark]Incineroar||SafetyGoggles|Intimidate|FakeOut,FlareBlitz,KnockOff,PartingShot|||F|||50|,,,,,Ghost
|inactive|Battle timer is ON: inactive players will automatically lose when time's up. (requested by loucario7)
|
|t:|1756445679
|teamsize|p1|4
|teamsize|p2|4
|start
|switch|p1a: Baxcalibur|Baxcalibur, L50, F|100/100
|switch|p1b: Sneasler|Sneasler, L50, F|100/100
|switch|p2a: Sneasler|Sneasler, L50, M|100/100
|switch|p2b: Rillaboom|Rillaboom, L50, F|100/100
|-fieldstart|move: Grassy Terrain|[from] ability: Grassy Surge|[of] p2b: Rillaboom
|-enditem|p2a: Sneasler|Grassy Seed
|-boost|p2a: Sneasler|def|1|[from] item: Grassy Seed
|turn|1
|
|t:|1756445702
|move|p1b: Sneasler|Protect|p1b: Sneasler
|-singleturn|p1b: Sneasler|Protect
|move|p1a: Baxcalibur|Protect|p1a: Baxcalibur
|-singleturn|p1a: Baxcalibur|Protect
|move|p2a: Sneasler|Dire Claw|p1a: Baxcalibur
|-activate|p1a: Baxcalibur|move: Protect
|move|p2b: Rillaboom|U-turn|p1b: Sneasler
|-activate|p1b: Sneasler|move: Protect
|
|upkeep
|turn|2
|
|t:|1756445722
|switch|p1a: Magmar|Magmar, L50, M|100/100
|switch|p2b: Incineroar|Incineroar, L50, F|100/100
|-ability|p2b: Incineroar|Intimidate|boost
|-unboost|p1a: Magmar|atk|1
|-unboost|p1b: Sneasler|atk|1
|move|p2a: Sneasler|Close Combat|p1a: Magmar
|-damage|p1a: Magmar|52/100
|-unboost|p2a: Sneasler|def|1
|-unboost|p2a: Sneasler|spd|1
|move|p1b: Sneasler|Dire Claw|p2b: Incineroar
|-damage|p2b: Incineroar|75/100
|
|-heal|p1a: Magmar|57/100|[from] Grassy Terrain
|-heal|p2b: Incineroar|81/100|[from] Grassy Terrain
|upkeep
|turn|3
|
|t:|1756445746
|move|p2b: Incineroar|Fake Out|p1b: Sneasler
|-damage|p1b: Sneasler|82/100
|move|p2a: Sneasler|Dire Claw|p1a: Magmar
|-damage|p1a: Magmar|24/100
|cant|p1b: Sneasler|flinch
|move|p1a: Magmar|Heat Wave|p2a: Sneasler|[spread] p2a,p2b
|-resisted|p2b: Incineroar
|-damage|p2a: Sneasler|45/100
|-damage|p2b: Incineroar|69/100
|
|-heal|p2a: Sneasler|50/100|[from] Grassy Terrain
|-heal|p1b: Sneasler|88/100|[from] Grassy Terrain
|-heal|p1a: Magmar|30/100|[from] Grassy Terrain
|-heal|p2b: Incineroar|75/100|[from] Grassy Terrain
|upkeep
|turn|4
|inactive|goldenchimchar has 30 seconds left.
|
|t:|1756445771
|switch|p1a: Kingambit|Kingambit, L50, M|100/100
|switch|p2b: Rillaboom|Rillaboom, L50, F|100/100
|move|p2a: Sneasler|Dire Claw|p1b: Sneasler
|-resisted|p1b: Sneasler
|-damage|p1b: Sneasler|45/100
|-status|p1b: Sneasler|par
|move|p1b: Sneasler|Close Combat|p2a: Sneasler
|-resisted|p2a: Sneasler
|-damage|p2a: Sneasler|18/100
|-unboost|p1b: Sneasler|def|1
|-unboost|p1b: Sneasler|spd|1
|
|-heal|p2a: Sneasler|24/100|[from] Grassy Terrain
|-heal|p1b: Sneasler|51/100 par|[from] Grassy Terrain
|upkeep
|turn|5
|inactive|goldenchimchar has 30 seconds left.
|inactive|loucario7 has 30 seconds left.
|inactive|goldenchimchar has 20 seconds left.
|
|t:|1756445808
|move|p2a: Sneasler|Protect|p2a: Sneasler
|-singleturn|p2a: Sneasler|Protect
|move|p2b: Rillaboom|Fake Out|p1b: Sneasler
|-damage|p1b: Sneasler|18/100 par
|move|p1a: Kingambit|Sucker Punch||[still]
|-fail|p1a: Kingambit
|cant|p1b: Sneasler|flinch
|
|-heal|p2a: Sneasler|29/100|[from] Grassy Terrain
|-heal|p1b: Sneasler|24/100 par|[from] Grassy Terrain
|-fieldend|move: Grassy Terrain
|upkeep
|turn|6
|
|t:|1756445830
|switch|p2a: Dragonite|Dragonite, L50, M|100/100
|move|p2b: Rillaboom|U-turn|p1b: Sneasler
|-resisted|p1b: Sneasler
|-damage|p1b: Sneasler|8/100 par
|
|t:|1756445835
|switch|p2b: Sneasler|Sneasler, L50, M|29/100|[from] U-turn
|move|p1b: Sneasler|Close Combat|p2a: Dragonite
|-resisted|p2a: Dragonite
|-damage|p2a: Dragonite|90/100
|-unboost|p1b: Sneasler|def|1
|-unboost|p1b: Sneasler|spd|1
|move|p1a: Kingambit|Swords Dance|p1a: Kingambit
|-boost|p1a: Kingambit|atk|2
|
|upkeep
|turn|7
|inactive|goldenchimchar has 30 seconds left.
|
|t:|1756445862
|-terastallize|p1a: Kingambit|Ghost
|move|p2a: Dragonite|Extreme Speed|p1b: Sneasler
|-damage|p1b: Sneasler|0 fnt
|faint|p1b: Sneasler
|move|p2b: Sneasler|Close Combat|p1a: Kingambit
|-immune|p1a: Kingambit
|move|p1a: Kingambit|Swords Dance|p1a: Kingambit
|-boost|p1a: Kingambit|atk|2
|
|upkeep
|
|t:|1756445875
|switch|p1b: Magmar|Magmar, L50, M|30/100
|turn|8
|
|t:|1756445890
|move|p2b: Sneasler|Protect|p2b: Sneasler
|-singleturn|p2b: Sneasler|Protect
|move|p1b: Magmar|Follow Me|p1b: Magmar
|-singleturn|p1b: Magmar|move: Follow Me
|move|p2a: Dragonite|Haze|p2a: Dragonite
|-clearallboost
|move|p1a: Kingambit|Kowtow Cleave|p2a: Dragonite
|-damage|p2a: Dragonite|37/100
|
|upkeep
|turn|9
|
|t:|1756445910
|move|p1b: Magmar|Follow Me|p1b: Magmar
|-singleturn|p1b: Magmar|move: Follow Me
|move|p2b: Sneasler|Dire Claw|p1b: Magmar
|-damage|p1b: Magmar|0 fnt
|faint|p1b: Magmar
|move|p2a: Dragonite|Scale Shot|p1a: Kingambit
|-damage|p1a: Kingambit|90/100
|-damage|p1a: Kingambit|80/100
|-damage|p1a: Kingambit|68/100
|-damage|p1a: Kingambit|58/100
|-hitcount|p1a: Kingambit|4
|-unboost|p2a: Dragonite|def|1
|-boost|p2a: Dragonite|spe|1
|move|p1a: Kingambit|Kowtow Cleave|p2b: Sneasler
|-resisted|p2b: Sneasler
|-damage|p2b: Sneasler|0 fnt
|faint|p2b: Sneasler
|
|upkeep
|
|t:|1756445927
|switch|p2b: Rillaboom|Rillaboom, L50, F|100/100
|switch|p1b: Baxcalibur|Baxcalibur, L50, F|100/100
|-fieldstart|move: Grassy Terrain|[from] ability: Grassy Surge|[of] p2b: Rillaboom
|turn|10
|
|t:|1756445948
|switch|p2a: Incineroar|Incineroar, L50, F|75/100
|-ability|p2a: Incineroar|Intimidate|boost
|-unboost|p1a: Kingambit|atk|1
|-ability|p1a: Kingambit|Defiant|boost
|-boost|p1a: Kingambit|atk|2
|-unboost|p1b: Baxcalibur|atk|1
|-terastallize|p2b: Rillaboom|Fire
|move|p1b: Baxcalibur|Ice Shard|p2a: Incineroar
|-resisted|p2a: Incineroar
|-damage|p2a: Incineroar|66/100
|move|p2b: Rillaboom|Wood Hammer|p1a: Kingambit
|-damage|p1a: Kingambit|0 fnt
|faint|p1a: Kingambit
|-damage|p2b: Rillaboom|82/100|[from] Recoil
|
|-heal|p2b: Rillaboom|87/100|[from] Grassy Terrain
|-heal|p2a: Incineroar|72/100|[from] Grassy Terrain
|upkeep
|turn|11
|c|☆loucario7|gg
|-message|loucario7 forfeited.
|
|win|goldenchimchar
|raw|loucario7's rating: 1203 → 1171(-32 for losing)
|raw|goldenchimchar's rating: 1101 → 1133(+32 for winning)
|l|☆loucario7
|player|p1|
|c|☆goldenchimchar|gg
