|j|☆Ninjacoox
|j|☆SHLOK101
|html|NinjacooxSHLOK101    
|uhtml|bestof|Game 2 of a best-of-3
|t:|1785361018
|gametype|doubles
|player|p1|Ninjacoox|rood|1222
|player|p2|SHLOK101|cynthia-gen4|1244
|gen|9
|tier|[Gen 9 Champions] VGC 2026 Reg M-B (Bo3)
|rated|
|rule|Species Clause: Limit one of each Pokémon
|rule|Item Clause: Limit 1 of each item
|clearpoke
|poke|p1|Staraptor, L50, F|
|poke|p1|Sinistcha, L50|
|poke|p1|Maushold, L50|
|poke|p1|Kingambit, L50, M|
|poke|p1|Sneasler, L50, M|
|poke|p1|Delphox, L50, M|
|poke|p2|Blaziken, L50, M|
|poke|p2|Metagross, L50|
|poke|p2|Kingambit, L50, F|
|poke|p2|Charizard, L50, F|
|poke|p2|Sinistcha-Masterpiece, L50|
|poke|p2|Araquanid, L50, M|
|teampreview|4
|showteam|p1|Staraptor||Staraptite|Intimidate|CloseCombat,BraveBird,Roost,Protect|Adamant||F|||50|]Sinistcha||SitrusBerry|Hospitality|RagePowder,MatchaGotcha,Protect,LifeDew|Calm|||||50|]Maushold||LumBerry|FriendGuard|Encore,Charm,FollowMe,Protect|Timid|||||50|]Kingambit||BlackGlasses|Defiant|KowtowCleave,SuckerPunch,SwordsDance,Protect|Adamant||M|||50|]Sneasler||WhiteHerb|Unburden|CloseCombat,DireClaw,FakeOut,Feint|Jolly||M|||50|]Delphox||Delphoxite|Blaze|HeatWave,Psyshock,NastyPlot,Protect|Timid||M|||50|
|showteam|p2|Blaziken||FocusSash|SpeedBoost|HeatWave,AuraSphere,Coaching,Protect|Modest||M|||50|]Metagross||Metagrossite|ClearBody|MeteorMash,PsychicFangs,Substitute,Protect|Jolly|||||50|]Kingambit||LifeOrb|Defiant|KowtowCleave,IronHead,SuckerPunch,Protect|Adamant||F|||50|]Charizard||CharizarditeX|Blaze|TemperFlare,DragonClaw,DragonDance,Protect|Adamant||F|||50|]Sinistcha-Masterpiece||SitrusBerry|Hospitality|MatchaGotcha,RagePowder,LifeDew,TrickRoom|Bold|||||50|]Araquanid||Leftovers|WaterBubble|Liquidation,LeechLife,WideGuard,Protect|Adamant||M|||50|
|inactive|Battle timer is ON: inactive players will automatically lose when time's up. (requested by Ninjacoox)
|inactive|SHLOK101 also wants the timer to be on.
|
|t:|1785361034
|teamsize|p1|4
|teamsize|p2|4
|start
|switch|p1a: Sinistcha|Sinistcha, L50|100/100
|switch|p1b: Delphox|Delphox, L50, M|100/100
|switch|p2a: Metagross|Metagross, L50|100/100
|switch|p2b: Blaziken|Blaziken, L50, M|100/100
|turn|1
|
|t:|1785361059
|detailschange|p1b: Delphox|Delphox-Mega, L50, M
|-mega|p1b: Delphox|Delphox|Delphoxite
|detailschange|p2a: Metagross|Metagross-Mega, L50
|-mega|p2a: Metagross|Metagross|Metagrossite
|move|p1a: Sinistcha|Protect|p1a: Sinistcha
|-singleturn|p1a: Sinistcha|Protect
|move|p1b: Delphox|Psyshock|p2b: Blaziken
|-supereffective|p2b: Blaziken|1
|-enditem|p2b: Blaziken|Focus Sash
|-damage|p2b: Blaziken|1/100
|move|p2a: Metagross|Meteor Mash|p1b: Delphox
|-resisted|p1b: Delphox|1
|-damage|p1b: Delphox|60/100
|move|p2b: Blaziken|Heat Wave|p1a: Sinistcha|[spread] p1b
|-activate|p1a: Sinistcha|move: Protect
|-resisted|p1b: Delphox|1
|-damage|p1b: Delphox|43/100
|
|-ability|p2b: Blaziken|Speed Boost|boost
|-boost|p2b: Blaziken|spe|1
|upkeep
|turn|2
|
|t:|1785361082
|move|p2b: Blaziken|Protect|p2b: Blaziken
|-singleturn|p2b: Blaziken|Protect
|move|p1a: Sinistcha|Rage Powder|p1a: Sinistcha
|-singleturn|p1a: Sinistcha|move: Rage Powder
|move|p1b: Delphox|Heat Wave|p2b: Blaziken|[spread] 
|-activate|p2b: Blaziken|move: Protect
|-miss|p1b: Delphox|p2a: Metagross
|move|p2a: Metagross|Meteor Mash|p1a: Sinistcha
|-damage|p1a: Sinistcha|42/100
|-enditem|p1a: Sinistcha|Sitrus Berry|[eat]
|-heal|p1a: Sinistcha|67/100|[from] item: Sitrus Berry
|
|-ability|p2b: Blaziken|Speed Boost|boost
|-boost|p2b: Blaziken|spe|1
|upkeep
|turn|3
|
|t:|1785361099
|move|p1a: Sinistcha|Rage Powder|p1a: Sinistcha
|-singleturn|p1a: Sinistcha|move: Rage Powder
|move|p2b: Blaziken|Coaching|p2a: Metagross
|-boost|p2a: Metagross|atk|1
|-boost|p2a: Metagross|def|1
|move|p1b: Delphox|Nasty Plot|p1b: Delphox
|-boost|p1b: Delphox|spa|2
|move|p2a: Metagross|Psychic Fangs|p1a: Sinistcha
|-damage|p1a: Sinistcha|0 fnt
|faint|p1a: Sinistcha
|
|-ability|p2b: Blaziken|Speed Boost|boost
|-boost|p2b: Blaziken|spe|1
|upkeep
|
|t:|1785361107
|switch|p1a: Sneasler|Sneasler, L50, M|100/100
|turn|4
|inactive|SHLOK101 has 30 seconds left.
|
|t:|1785361138
|switch|p2a: Sinistcha|Sinistcha-Masterpiece, L50|100/100
|-heal|p2b: Blaziken|25/100|[from] ability: Hospitality|[of] p2a: Sinistcha
|move|p1a: Sneasler|Feint|p2b: Blaziken
|-damage|p2b: Blaziken|9/100
|move|p2b: Blaziken|Heat Wave|p1b: Delphox|[spread] p1a,p1b
|-resisted|p1b: Delphox|1
|-damage|p1a: Sneasler|57/100
|-damage|p1b: Delphox|28/100
|move|p1b: Delphox|Heat Wave|p2a: Sinistcha|[spread] p2a,p2b
|-supereffective|p2a: Sinistcha|1
|-resisted|p2b: Blaziken|1
|-crit|p2b: Blaziken
|-damage|p2a: Sinistcha|0 fnt
|-damage|p2b: Blaziken|0 fnt
|faint|p2a: Sinistcha
|faint|p2b: Blaziken
|
|upkeep
|
|t:|1785361148
|switch|p2b: Araquanid|Araquanid, L50, M|100/100
|switch|p2a: Metagross|Metagross-Mega, L50|100/100
|turn|5
|
|t:|1785361170
|move|p2b: Araquanid|Wide Guard|p2b: Araquanid
|-singleturn|p2b: Araquanid|Wide Guard
|move|p1a: Sneasler|Feint|p2a: Metagross
|-activate|p2a: Metagross|move: Feint
|-resisted|p2a: Metagross|1
|-damage|p2a: Metagross|96/100
|move|p1b: Delphox|Heat Wave|p2a: Metagross|[spread] p2a,p2b
|-supereffective|p2a: Metagross|1
|-damage|p2a: Metagross|0 fnt
|-damage|p2b: Araquanid|66/100
|faint|p2a: Metagross
|
|-heal|p2b: Araquanid|72/100|[from] item: Leftovers
|upkeep
|turn|6
|
|t:|1785361183
|move|p1b: Delphox|Psyshock|p2b: Araquanid
|-damage|p2b: Araquanid|0 fnt
|faint|p2b: Araquanid
|
|win|Ninjacoox
|l|☆SHLOK101
|player|p2|
||SHLOK101 is ready for game 3.
|inactive|Ninjacoox has 30 seconds to confirm battle start!
