|j|☆natsukivgc
|j|☆javi fuego
|html|natsukivgcjavi fuego    
|uhtml|bestof|Game 2 of a best-of-3
|t:|1785762819
|gametype|doubles
|player|p1|natsukivgc|102|1250
|player|p2|javi fuego|265|1317
|gen|9
|tier|[Gen 9 Champions] VGC 2026 Reg M-B (Bo3)
|rated|
|rule|Species Clause: Limit one of each Pokémon
|rule|Item Clause: Limit 1 of each item
|clearpoke
|poke|p1|Garchomp, L50, F|
|poke|p1|Charizard, L50, M|
|poke|p1|Kingambit, L50, F|
|poke|p1|Basculegion, L50, M|
|poke|p1|Whimsicott, L50, F|
|poke|p1|Floette-Eternal, L50, F|
|poke|p2|Raichu, L50, M|
|poke|p2|Floette-Eternal, L50, F|
|poke|p2|Sinistcha, L50|
|poke|p2|Ceruledge, L50, M|
|poke|p2|Milotic, L50, M|
|poke|p2|Incineroar, L50, M|
|teampreview|4
|showteam|p1|Garchomp||SitrusBerry|RoughSkin|RockSlide,DragonTail,StompingTantrum,PoisonJab|Adamant||F|||50|]Charizard||CharizarditeY|Blaze|HeatWave,SolarBeam,WeatherBall,Protect|Modest||M|||50|]Kingambit||LifeOrb|Defiant|KowtowCleave,IronHead,SuckerPunch,LowKick|Adamant||F|||50|]Basculegion||ChoiceScarf|Adaptability|LastRespects,WaveCrash,FlipTurn,AquaJet|Jolly||M|||50|]Whimsicott||FocusSash|Prankster|Tailwind,Moonblast,Encore,Protect|Timid||F|||50|]Floette-Eternal||Floettite|FlowerVeil|DazzlingGleam,Moonblast,LightofRuin,Protect|Modest||F|||50|
|showteam|p2|Raichu||RaichuniteY|LightningRod|ZapCannon,FocusBlast,FakeOut,Protect|Timid||M|||50|]Floette-Eternal||Floettite|FlowerVeil|CalmMind,DazzlingGleam,DrainingKiss,Protect|Timid||F|||50|]Sinistcha||KasibBerry|Hospitality|MatchaGotcha,LifeDew,RagePowder,Protect|Relaxed|||||50|]Ceruledge||ColburBerry|FlashFire|BitterBlade,ShadowSneak,BulkUp,Protect|Adamant||M|||50|]Milotic||Leftovers|Competitive|MuddyWater,Coil,Hypnosis,Protect|Calm||M|||50|]Incineroar||SitrusBerry|Intimidate|FlareBlitz,ThroatChop,FakeOut,PartingShot|Impish||M|||50|
|
|t:|1785762893
|teamsize|p1|4
|teamsize|p2|4
|start
|switch|p1a: Garchomp|Garchomp, L50, F|100/100
|switch|p1b: Basculegion|Basculegion, L50, M|100/100
|switch|p2a: Floette|Floette-Eternal, L50, F|100/100
|switch|p2b: Incineroar|Incineroar, L50, M|100/100
|-ability|p2b: Incineroar|Intimidate|boost
|-unboost|p1a: Garchomp|atk|1
|-unboost|p1b: Basculegion|atk|1
|turn|1
|
|t:|1785762928
|switch|p1a: Floette|Floette-Eternal, L50, F|100/100
|detailschange|p2a: Floette|Floette-Mega, L50, F
|-mega|p2a: Floette|Floette|Floettite
|-ability|p2a: Floette|Fairy Aura
|move|p1b: Basculegion|Flip Turn|p2a: Floette
|-damage|p2a: Floette|75/100
|
|t:|1785762936
|switch|p1b: Whimsicott|Whimsicott, L50, F|100/100|[from] Flip Turn
|move|p2a: Floette|Dazzling Gleam|p1a: Floette|[spread] p1a,p1b
|-damage|p1a: Floette|61/100
|-damage|p1b: Whimsicott|34/100
|move|p2b: Incineroar|Throat Chop|p1b: Whimsicott
|-resisted|p1b: Whimsicott|1
|-crit|p1b: Whimsicott
|-damage|p1b: Whimsicott|0 fnt
|faint|p1b: Whimsicott
|
|upkeep
|
|t:|1785762952
|switch|p1b: Garchomp|Garchomp, L50, F|100/100
|turn|2
|
|t:|1785762976
|switch|p2a: Sinistcha|Sinistcha, L50|100/100
|detailschange|p1a: Floette|Floette-Mega, L50, F
|-mega|p1a: Floette|Floette|Floettite
|-ability|p1a: Floette|Fairy Aura
|move|p1a: Floette|Dazzling Gleam|p2b: Incineroar|[spread] p2a,p2b
|-crit|p2b: Incineroar
|-damage|p2a: Sinistcha|57/100
|-damage|p2b: Incineroar|34/100
|-enditem|p2b: Incineroar|Sitrus Berry|[eat]
|-heal|p2b: Incineroar|58/100|[from] item: Sitrus Berry
|move|p1b: Garchomp|Rock Slide|p2b: Incineroar|[spread] p2a,p2b
|-supereffective|p2b: Incineroar|1
|-damage|p2a: Sinistcha|41/100
|-damage|p2b: Incineroar|30/100
|cant|p2b: Incineroar|flinch
|
|upkeep
|turn|3
|
|t:|1785763015
|switch|p2b: Milotic|Milotic, L50, M|100/100
|move|p1a: Floette|Dazzling Gleam|p2a: Sinistcha|[spread] p2a,p2b
|-damage|p2a: Sinistcha|0 fnt
|-damage|p2b: Milotic|69/100
|faint|p2a: Sinistcha
|move|p1b: Garchomp|Stomping Tantrum|p2b: Milotic
|-damage|p2b: Milotic|36/100
|
|-heal|p2b: Milotic|42/100|[from] item: Leftovers
|upkeep
|
|t:|1785763022
|switch|p2a: Floette|Floette-Mega, L50, F|75/100
|-ability|p2a: Floette|Fairy Aura
|turn|4
|
|t:|1785763059
|switch|p2b: Incineroar|Incineroar, L50, M|30/100
|-ability|p2b: Incineroar|Intimidate|boost
|-unboost|p1a: Floette|atk|1
|-unboost|p1b: Garchomp|atk|1
|move|p2a: Floette|Dazzling Gleam|p1a: Floette|[spread] p1a,p1b
|-supereffective|p1b: Garchomp|1
|-damage|p1a: Floette|29/100
|-damage|p1b: Garchomp|32/100
|-enditem|p1b: Garchomp|Sitrus Berry|[eat]
|-heal|p1b: Garchomp|56/100|[from] item: Sitrus Berry
|move|p1a: Floette|Light of Ruin|p2a: Floette
|-damage|p2a: Floette|0 fnt
|faint|p2a: Floette
|-damage|p1a: Floette|0 fnt|[from] Recoil
|faint|p1a: Floette
|move|p1b: Garchomp|Rock Slide|p2b: Incineroar|[miss]
|-miss|p1b: Garchomp|p2b: Incineroar
|
|upkeep
|
|t:|1785763076
|switch|p2a: Milotic|Milotic, L50, M|42/100
|switch|p1a: Basculegion|Basculegion, L50, M|100/100
|turn|5
|inactive|Battle timer is ON: inactive players will automatically lose when time's up. (requested by javi fuego)
|
|t:|1785763124
|move|p2b: Incineroar|Fake Out|p1b: Garchomp
|-damage|p1b: Garchomp|47/100
|-damage|p2b: Incineroar|17/100|[from] ability: Rough Skin|[of] p1b: Garchomp
|move|p1a: Basculegion|Last Respects|p2b: Incineroar
|-resisted|p2b: Incineroar|1
|-damage|p2b: Incineroar|0 fnt
|faint|p2b: Incineroar
|cant|p1b: Garchomp|flinch
|move|p2a: Milotic|Hypnosis|p1a: Basculegion
|-status|p1a: Basculegion|slp|[from] move: Hypnosis
|
|-heal|p2a: Milotic|48/100|[from] item: Leftovers
|upkeep
|turn|6
|-message|javi fuego forfeited.
|
|win|natsukivgc
||javi fuego is ready for game 3.
||natsukivgc is ready for game 3.
|uhtml|next|Next: Game 3 of 3
|l|☆natsukivgc
|player|p1|
