|j|☆138mysx
|j|☆Artere Happy
|html|138mysxArtere Happy    
|uhtml|bestof|Game 2 of a best-of-3
|t:|1784557568
|gametype|doubles
|player|p1|138mysx|169|1006
|player|p2|Artere Happy|medium|1112
|gen|9
|tier|[Gen 9 Champions] VGC 2026 Reg M-B (Bo3)
|rated|
|rule|Species Clause: Limit one of each Pokémon
|rule|Item Clause: Limit 1 of each item
|clearpoke
|poke|p1|Gengar, L50, M, shiny|
|poke|p1|Incineroar, L50, F, shiny|
|poke|p1|Politoed, L50, M, shiny|
|poke|p1|Archaludon, L50, F|
|poke|p1|Vivillon, L50, F|
|poke|p1|Swampert, L50, F, shiny|
|poke|p2|Aerodactyl, L50, M|
|poke|p2|Kingambit, L50, M|
|poke|p2|Sylveon, L50, F|
|poke|p2|Garchomp, L50, F|
|poke|p2|Charizard, L50, M|
|poke|p2|Incineroar, L50, F|
|teampreview|4
|showteam|p1|Gengar||Gengarite|CursedBody|ShadowBall,PerishSong,SludgeBomb,Protect|Timid||M|||50|]Incineroar||PasshoBerry|Intimidate|ThroatChop,PartingShot,FakeOut,Protect|Sassy||F|||50|]Politoed||SitrusBerry|Drizzle|WeatherBall,PerishSong,Encore,Protect|Calm||M|||50|]Archaludon||Leftovers|Stamina|DragonPulse,FlashCannon,ElectroShot,Protect|Bold||F|||50|]Vivillon||FocusSash|CompoundEyes|Hurricane,SleepPowder,RagePowder,Protect|Timid||F|||50|]Swampert||Swampertite|Torrent|WaveCrash,Earthquake,IcePunch,Protect|Adamant||F|||50|
|showteam|p2|Aerodactyl||Aerodactylite|Unnerve|RockSlide,IceFang,Tailwind,WideGuard|Jolly||M|||50|]Kingambit||FocusSash|Defiant|KowtowCleave,SuckerPunch,IronHead,Protect|Adamant||M|||50|]Sylveon||FairyFeather|Pixilate|Detect,HyperVoice,HyperBeam,QuickAttack|Modest||F|||50|]Garchomp||LifeOrb|RoughSkin|Earthquake,DragonClaw,StompingTantrum,Protect|Jolly||F|||50|]Charizard||CharizarditeY|Blaze|Protect,HeatWave,SolarBeam,WeatherBall|Modest||M|||50|]Incineroar||SitrusBerry|Intimidate|DarkestLariat,FlareBlitz,FakeOut,PartingShot|Impish||F|||50|
|inactive|Battle timer is ON: inactive players will automatically lose when time's up. (requested by Artere Happy)
|inactive|138mysx has 60 seconds left.
|
|t:|1784557603
|teamsize|p1|4
|teamsize|p2|4
|start
|switch|p1a: Gengar|Gengar, L50, M, shiny|100/100
|switch|p1b: Incineroar|Incineroar, L50, F, shiny|100/100
|switch|p2a: Aerodactyl|Aerodactyl, L50, M|100/100
|switch|p2b: Charizard|Charizard, L50, M|100/100
|-ability|p2a: Aerodactyl|Unnerve
|-ability|p1b: Incineroar|Intimidate|boost
|-unboost|p2a: Aerodactyl|atk|1
|-unboost|p2b: Charizard|atk|1
|turn|1
|
|t:|1784557620
|switch|p2b: Garchomp|Garchomp, L50, F|100/100
|detailschange|p1a: Gengar|Gengar-Mega, L50, M, shiny
|-mega|p1a: Gengar|Gengar|Gengarite
|move|p1b: Incineroar|Fake Out|p2b: Garchomp
|-damage|p2b: Garchomp|88/100
|-damage|p1b: Incineroar|87/100|[from] ability: Rough Skin|[of] p2b: Garchomp
|move|p1a: Gengar|Perish Song|p1a: Gengar
|-start|p1a: Gengar|perish3|[silent]
|-start|p1b: Incineroar|perish3|[silent]
|-start|p2a: Aerodactyl|perish3|[silent]
|-start|p2b: Garchomp|perish3|[silent]
|-fieldactivate|move: Perish Song
|move|p2a: Aerodactyl|Tailwind|p2a: Aerodactyl
|-sidestart|p2: Artere Happy|move: Tailwind
|
|-start|p2a: Aerodactyl|perish3
|-start|p2b: Garchomp|perish3
|-start|p1a: Gengar|perish3
|-start|p1b: Incineroar|perish3
|upkeep
|turn|2
|inactive|138mysx has 30 seconds left.
|
|t:|1784557647
|move|p1a: Gengar|Protect|p1a: Gengar
|-singleturn|p1a: Gengar|Protect
|move|p1b: Incineroar|Protect|p1b: Incineroar
|-singleturn|p1b: Incineroar|Protect
|move|p2a: Aerodactyl|Rock Slide|p1b: Incineroar|[spread] 
|-activate|p1a: Gengar|move: Protect
|-activate|p1b: Incineroar|move: Protect
|move|p2b: Garchomp|Earthquake|p1a: Gengar|[spread] 
|-activate|p1a: Gengar|move: Protect
|-activate|p1b: Incineroar|move: Protect
|-immune|p2a: Aerodactyl
|
|-start|p2a: Aerodactyl|perish2
|-start|p2b: Garchomp|perish2
|-start|p1a: Gengar|perish2
|-start|p1b: Incineroar|perish2
|upkeep
|turn|3
|
|t:|1784557669
|switch|p1a: Politoed|Politoed, L50, M, shiny|100/100
|-weather|RainDance|[from] ability: Drizzle|[of] p1a: Politoed
|move|p2a: Aerodactyl|Rock Slide|p1b: Incineroar|[spread] p1b
|-miss|p2a: Aerodactyl|p1a: Politoed
|-supereffective|p1b: Incineroar|1
|-damage|p1b: Incineroar|60/100
|move|p2b: Garchomp|Stomping Tantrum|p1b: Incineroar
|-supereffective|p1b: Incineroar|1
|-damage|p1b: Incineroar|0 fnt
|faint|p1b: Incineroar
|-damage|p2b: Garchomp|78/100|[from] item: Life Orb
|
|-weather|RainDance|[upkeep]
|-start|p2a: Aerodactyl|perish1
|-start|p2b: Garchomp|perish1
|upkeep
|
|t:|1784557678
|switch|p1b: Gengar|Gengar-Mega, L50, M, shiny|100/100
|turn|4
|
|t:|1784557688
|move|p1b: Gengar|Protect|p1b: Gengar
|-singleturn|p1b: Gengar|Protect
|move|p1a: Politoed|Protect|p1a: Politoed
|-singleturn|p1a: Politoed|Protect
|move|p2a: Aerodactyl|Rock Slide|p1b: Gengar|[spread] 
|-activate|p1a: Politoed|move: Protect
|-activate|p1b: Gengar|move: Protect
|move|p2b: Garchomp|Earthquake|p1b: Gengar|[spread] 
|-activate|p1a: Politoed|move: Protect
|-activate|p1b: Gengar|move: Protect
|-immune|p2a: Aerodactyl
|
|-weather|RainDance|[upkeep]
|-start|p2a: Aerodactyl|perish0
|-start|p2b: Garchomp|perish0
|-sideend|p2: Artere Happy|move: Tailwind
|faint|p2a: Aerodactyl
|faint|p2b: Garchomp
|upkeep
|
|t:|1784557690
|switch|p2a: Charizard|Charizard, L50, M|100/100
|switch|p2b: Kingambit|Kingambit, L50, M|100/100
|turn|5
|
|t:|1784557696
|switch|p1b: Archaludon|Archaludon, L50, F|100/100
|detailschange|p2a: Charizard|Charizard-Mega-Y, L50, M
|-mega|p2a: Charizard|Charizard|Charizardite Y
|-weather|SunnyDay|[from] ability: Drought|[of] p2a: Charizard
|move|p2a: Charizard|Heat Wave|p1a: Politoed|[spread] p1a,p1b
|-resisted|p1a: Politoed|1
|-damage|p1a: Politoed|72/100
|-damage|p1b: Archaludon|35/100
|-ability|p1b: Archaludon|Stamina|boost
|-boost|p1b: Archaludon|def|1
|move|p2b: Kingambit|Kowtow Cleave|p1b: Archaludon
|-damage|p1b: Archaludon|13/100
|-ability|p1b: Archaludon|Stamina|boost
|-boost|p1b: Archaludon|def|1
|move|p1a: Politoed|Perish Song|p1a: Politoed
|-start|p1a: Politoed|perish3|[silent]
|-start|p1b: Archaludon|perish3|[silent]
|-start|p2a: Charizard|perish3|[silent]
|-start|p2b: Kingambit|perish3|[silent]
|-fieldactivate|move: Perish Song
|
|-weather|SunnyDay|[upkeep]
|-heal|p1b: Archaludon|19/100|[from] item: Leftovers
|-start|p2a: Charizard|perish3
|-start|p1b: Archaludon|perish3
|-start|p2b: Kingambit|perish3
|-start|p1a: Politoed|perish3
|upkeep
|turn|6
|
|t:|1784557714
|move|p1b: Archaludon|Protect|p1b: Archaludon
|-singleturn|p1b: Archaludon|Protect
|move|p1a: Politoed|Protect|p1a: Politoed
|-singleturn|p1a: Politoed|Protect
|move|p2a: Charizard|Heat Wave|p1b: Archaludon|[spread] 
|-activate|p1a: Politoed|move: Protect
|-activate|p1b: Archaludon|move: Protect
|move|p2b: Kingambit|Kowtow Cleave|p1a: Politoed
|-activate|p1a: Politoed|move: Protect
|
|-weather|SunnyDay|[upkeep]
|-heal|p1b: Archaludon|26/100|[from] item: Leftovers
|-start|p2a: Charizard|perish2
|-start|p1b: Archaludon|perish2
|-start|p2b: Kingambit|perish2
|-start|p1a: Politoed|perish2
|upkeep
|turn|7
|
|t:|1784557735
|switch|p1a: Gengar|Gengar-Mega, L50, M, shiny|100/100
|move|p1b: Archaludon|Protect|p1b: Archaludon
|-singleturn|p1b: Archaludon|Protect
|move|p2a: Charizard|Heat Wave|p1b: Archaludon|[spread] p1a
|-activate|p1b: Archaludon|move: Protect
|-damage|p1a: Gengar|31/100
|move|p2b: Kingambit|Kowtow Cleave|p1a: Gengar
|-supereffective|p1a: Gengar|1
|-damage|p1a: Gengar|0 fnt
|faint|p1a: Gengar
|
|-weather|SunnyDay|[upkeep]
|-heal|p1b: Archaludon|32/100|[from] item: Leftovers
|-start|p2a: Charizard|perish1
|-start|p1b: Archaludon|perish1
|-start|p2b: Kingambit|perish1
|upkeep
|
|t:|1784557752
|switch|p1a: Politoed|Politoed, L50, M, shiny|72/100
|-weather|RainDance|[from] ability: Drizzle|[of] p1a: Politoed
|turn|8
|
|t:|1784557758
|move|p1b: Archaludon|Protect||[still]
|-fail|p1b: Archaludon
|move|p1a: Politoed|Protect|p1a: Politoed
|-singleturn|p1a: Politoed|Protect
|move|p2a: Charizard|Heat Wave|p1a: Politoed|[spread] p1b
|-activate|p1a: Politoed|move: Protect
|-damage|p1b: Archaludon|11/100
|-ability|p1b: Archaludon|Stamina|boost
|-boost|p1b: Archaludon|def|1
|move|p2b: Kingambit|Kowtow Cleave|p1a: Politoed
|-activate|p1a: Politoed|move: Protect
|
|-weather|RainDance|[upkeep]
|-heal|p1b: Archaludon|17/100|[from] item: Leftovers
|-start|p2a: Charizard|perish0
|-start|p1b: Archaludon|perish0
|-start|p2b: Kingambit|perish0
|faint|p2a: Charizard
|faint|p1b: Archaludon
|faint|p2b: Kingambit
|
|win|138mysx
|raw|138mysx's rating: 1006 → 1057(+51 for winning)
|raw|Artere Happy's rating: 1112 → 1080(-32 for losing)
|l|☆Artere Happy
|player|p2|
|l|☆138mysx
|player|p1|
|j|☆138mysx
|player|p1|138mysx|169|
