|j|☆WowieKazowee
|j|☆Island_Bandit34
|html|WowieKazoweeIsland_Bandit34    
|uhtml|bestof|Game 1 of a best-of-3
|t:|1757147610
|gametype|doubles
|player|p1|WowieKazowee|idol|1116
|player|p2|Island_Bandit34|102|1000
|gen|9
|tier|[Gen 9] VGC 2025 Reg H (Bo3)
|rated|
|rule|Species Clause: Limit one of each Pokémon
|rule|Item Clause: Limit 1 of each item
|clearpoke
|poke|p1|Politoed, L50, M|
|poke|p1|Archaludon, L50, F|
|poke|p1|Basculegion, L50, M|
|poke|p1|Farigiraf, L50, M|
|poke|p1|Ursaluna, L50, M|
|poke|p1|Amoonguss, L50, M|
|poke|p2|Clefairy, L50, F|
|poke|p2|Typhlosion-Hisui, L50, M|
|poke|p2|Whimsicott, L50, F|
|poke|p2|Gholdengo, L50|
|poke|p2|Tyranitar, L50, M|
|poke|p2|Excadrill, L50, M|
|teampreview|4
|showteam|p1|Politoed||Leftovers|Drizzle|WeatherBall,HelpingHand,RainDance,Protect|||M|||50|,,,,,Grass]Archaludon||AssaultVest|Stamina|ElectroShot,DracoMeteor,FlashCannon,BodyPress|||F|||50|,,,,,Grass]Basculegion||MysticWater|SwiftSwim|WaveCrash,LastRespects,AquaJet,Protect|||M|||50|,,,,,Water]Farigiraf||MentalHerb|ArmorTail|FoulPlay,TrickRoom,HelpingHand,Protect|||M|||50|,,,,,Dark]Ursaluna||FlameOrb|Guts|Facade,HeadlongRush,SwordsDance,Protect|||M|||50|,,,,,Ghost]Amoonguss||RockyHelmet|Regenerator|Spore,RagePowder,PollenPuff,ClearSmog|||M|||50|,,,,,Water
|showteam|p2|Clefairy||FocusSash|FriendGuard|FollowMe,Encore,HelpingHand,Protect|||F|||50|,,,,,Electric]Typhlosion-Hisui||ChoiceSpecs|Frisk|Eruption,Overheat,HeatWave,ShadowBall|||M|||50|,,,,,Fire]Whimsicott||CovertCloak|Prankster|Moonblast,Encore,Tailwind,LightScreen|||F|||50|,,,,,Fire]Gholdengo||RockyHelmet|GoodasGold|MakeItRain,NastyPlot,Protect,ShadowBall||||||50|,,,,,Water]Tyranitar||AssaultVest|SandStream|RockSlide,LowKick,KnockOff,TeraBlast|||M|||50|,,,,,Flying]Excadrill||Leftovers|SandRush|StealthRock,Earthquake,IronHead,RapidSpin|||M|||50|,,,,,Dragon
|
|t:|1757147629
|teamsize|p1|4
|teamsize|p2|4
|start
|switch|p1a: Politoed|Politoed, L50, M|100/100
|switch|p1b: Archaludon|Archaludon, L50, F|100/100
|switch|p2a: Tyranitar|Tyranitar, L50, M|100/100
|switch|p2b: Excadrill|Excadrill, L50, M|100/100
|-weather|RainDance|[from] ability: Drizzle|[of] p1a: Politoed
|-weather|Sandstorm|[from] ability: Sand Stream|[of] p2a: Tyranitar
|turn|1
|
|t:|1757147660
|switch|p1b: Ursaluna|Ursaluna, L50, M|100/100
|move|p2b: Excadrill|Earthquake|p1b: Ursaluna|[spread] p2a,p1a,p1b
|-supereffective|p2a: Tyranitar
|-damage|p2a: Tyranitar|48/100
|-damage|p1a: Politoed|66/100
|-damage|p1b: Ursaluna|75/100
|move|p1a: Politoed|Weather Ball|p2a: Tyranitar
|-damage|p2a: Tyranitar|38/100
|move|p2a: Tyranitar|Low Kick|p1b: Ursaluna
|-supereffective|p1b: Ursaluna
|-damage|p1b: Ursaluna|14/100
|
|-weather|Sandstorm|[upkeep]
|-damage|p1a: Politoed|59/100|[from] Sandstorm
|-heal|p1a: Politoed|66/100|[from] item: Leftovers
|-status|p1b: Ursaluna|brn|[from] item: Flame Orb
|upkeep
|turn|2
|
|t:|1757147682
|switch|p1b: Farigiraf|Farigiraf, L50, M|100/100
|move|p2b: Excadrill|Rapid Spin|p1b: Farigiraf
|-damage|p1b: Farigiraf|88/100
|-boost|p2b: Excadrill|spe|1
|move|p1a: Politoed|Rain Dance|p1a: Politoed
|-weather|RainDance
|move|p2a: Tyranitar|Rock Slide|p1a: Politoed|[spread] p1a,p1b
|-damage|p1a: Politoed|34/100
|-damage|p1b: Farigiraf|59/100
|
|-weather|RainDance|[upkeep]
|-heal|p1a: Politoed|41/100|[from] item: Leftovers
|upkeep
|turn|3
|
|t:|1757147714
|switch|p2a: Clefairy|Clefairy, L50, F|100/100
|move|p1a: Politoed|Helping Hand|p1b: Farigiraf
|-singleturn|p1b: Farigiraf|Helping Hand|[of] p1a: Politoed
|move|p2b: Excadrill|Rapid Spin|p1a: Politoed
|-damage|p1a: Politoed|25/100
|-boost|p2b: Excadrill|spe|1
|move|p1b: Farigiraf|Foul Play|p2b: Excadrill
|-crit|p2b: Excadrill
|-damage|p2b: Excadrill|26/100
|
|-weather|RainDance|[upkeep]
|-heal|p2b: Excadrill|32/100|[from] item: Leftovers
|-heal|p1a: Politoed|32/100|[from] item: Leftovers
|upkeep
|turn|4
|
|t:|1757147740
|switch|p1a: Ursaluna|Ursaluna, L50, M|14/100 brn
|move|p2a: Clefairy|Helping Hand|p2b: Excadrill
|-singleturn|p2b: Excadrill|Helping Hand|[of] p2a: Clefairy
|move|p2b: Excadrill|Rapid Spin|p1a: Ursaluna
|-damage|p1a: Ursaluna|0 fnt
|-boost|p2b: Excadrill|spe|1
|faint|p1a: Ursaluna
|move|p1b: Farigiraf|Trick Room|p1b: Farigiraf
|-fieldstart|move: Trick Room|[of] p1b: Farigiraf
|
|-weather|RainDance|[upkeep]
|-heal|p2b: Excadrill|38/100|[from] item: Leftovers
|upkeep
|
|t:|1757147751
|switch|p1a: Archaludon|Archaludon, L50, F|100/100
|turn|5
|
|t:|1757147774
|-terastallize|p1a: Archaludon|Grass
|move|p2a: Clefairy|Protect|p2a: Clefairy
|-singleturn|p2a: Clefairy|Protect
|move|p1b: Farigiraf|Foul Play|p2b: Excadrill
|-damage|p2b: Excadrill|8/100
|move|p1a: Archaludon|Electro Shot||[still]
|-prepare|p1a: Archaludon|Electro Shot
|-boost|p1a: Archaludon|spa|1
|-anim|p1a: Archaludon|Electro Shot|p2a: Clefairy
|-activate|p2a: Clefairy|move: Protect
|move|p2b: Excadrill|Earthquake|p1a: Archaludon|[spread] p1a,p1b
|-activate|p2a: Clefairy|move: Protect
|-resisted|p1a: Archaludon
|-crit|p1a: Archaludon
|-damage|p1a: Archaludon|82/100
|-damage|p1b: Farigiraf|27/100
|-ability|p1a: Archaludon|Stamina|boost
|-boost|p1a: Archaludon|def|1
|
|-weather|RainDance|[upkeep]
|-heal|p2b: Excadrill|14/100|[from] item: Leftovers
|upkeep
|turn|6
|
|t:|1757147798
|move|p2a: Clefairy|Follow Me|p2a: Clefairy
|-singleturn|p2a: Clefairy|move: Follow Me
|move|p1b: Farigiraf|Foul Play|p2a: Clefairy
|-resisted|p2a: Clefairy
|-damage|p2a: Clefairy|95/100
|move|p1a: Archaludon|Flash Cannon|p2a: Clefairy
|-supereffective|p2a: Clefairy
|-damage|p2a: Clefairy|0 fnt
|faint|p2a: Clefairy
|move|p2b: Excadrill|Stealth Rock|p1a: Archaludon
|-sidestart|p1: WowieKazowee|move: Stealth Rock
|
|-weather|none
|-heal|p2b: Excadrill|20/100|[from] item: Leftovers
|upkeep
|
|t:|1757147810
|switch|p2a: Tyranitar|Tyranitar, L50, M|38/100
|-weather|Sandstorm|[from] ability: Sand Stream|[of] p2a: Tyranitar
|turn|7
|
|t:|1757147819
|move|p1b: Farigiraf|Foul Play|p2b: Excadrill
|-damage|p2b: Excadrill|0 fnt
|faint|p2b: Excadrill
|move|p2a: Tyranitar|Low Kick|p1a: Archaludon
|-damage|p1a: Archaludon|68/100
|-ability|p1a: Archaludon|Stamina|boost
|-boost|p1a: Archaludon|def|1
|move|p1a: Archaludon|Body Press|p2a: Tyranitar
|-supereffective|p2a: Tyranitar
|-damage|p2a: Tyranitar|0 fnt
|faint|p2a: Tyranitar
|
|-weather|Sandstorm|[upkeep]
|-damage|p1b: Farigiraf|21/100|[from] Sandstorm
|-damage|p1a: Archaludon|61/100|[from] Sandstorm
|upkeep
|
|t:|1757147838
|switch|p2b: Typhlosion|Typhlosion-Hisui, L50, M|100/100
|-item|p1a: Archaludon|Assault Vest|[from] ability: Frisk|[of] p2b: Typhlosion
|-item|p1b: Farigiraf|Mental Herb|[from] ability: Frisk|[of] p2b: Typhlosion
|turn|8
|
|t:|1757147846
|move|p1b: Farigiraf|Foul Play|p2b: Typhlosion
|-supereffective|p2b: Typhlosion
|-damage|p2b: Typhlosion|49/100
|move|p1a: Archaludon|Draco Meteor|p2b: Typhlosion
|-damage|p2b: Typhlosion|0 fnt
|-unboost|p1a: Archaludon|spa|2
|faint|p2b: Typhlosion
|
|win|WowieKazowee
||WowieKazowee is ready for game 2.
