|j|☆genist
|j|☆SpiderGamerXxx
|html|genistSpiderGamerXxx    
|uhtml|bestof|Game 2 of a best-of-3
|t:|1785931273
|gametype|doubles
|player|p1|genist|psychic|1134
|player|p2|SpiderGamerXxx|may-gen3|1000
|gen|9
|tier|[Gen 9 Champions] VGC 2026 Reg M-B (Bo3)
|rated|
|rule|Species Clause: Limit one of each Pokémon
|rule|Item Clause: Limit 1 of each item
|clearpoke
|poke|p1|Reuniclus, L50, M|
|poke|p1|Malamar, L50, F|
|poke|p1|Eelektross, L50, M|
|poke|p1|Whimsicott, L50, F|
|poke|p1|Kangaskhan, L50, F|
|poke|p1|Skarmory, L50, M|
|poke|p2|Raichu, L50, F|
|poke|p2|Machamp, L50, M|
|poke|p2|Gyarados, L50, M, shiny|
|poke|p2|Talonflame, L50, M|
|poke|p2|Lucario, L50, F|
|poke|p2|Tinkaton, L50, F|
|teampreview|4
|showteam|p1|Reuniclus||LifeOrb|MagicGuard|Psychic,TrickRoom,Recover,LightScreen|Calm||M|||50|]Malamar||SitrusBerry|Contrary|Superpower,BatonPass,KnockOff,PsychoCut|Impish||F|||50|]Eelektross||Eelektrossite|Levitate|DrainPunch,DragonClaw,SupercellSlam,Protect|Adamant||M|||50|]Whimsicott||FocusSash|Prankster|DazzlingGleam,Encore,Tailwind,Tickle|Bold||F|||50|]Kangaskhan||SilkScarf|Scrappy|DoubleEdge,FakeOut,Protect,RockSlide|Adamant||F|||50|]Skarmory||Skarmorite|Sturdy|BraveBird,IronHead,Feint,BodyPress|Adamant||M|||50|
|showteam|p2|Raichu||RaichuniteY|LightningRod|ZapCannon,VoltSwitch,FocusBlast,FakeOut|Timid||F|||50|]Machamp||WhiteHerb|NoGuard|DynamicPunch,DarkestLariat,WideGuard,Protect|Careful||M|||50|]Gyarados||Gyaradosite|Intimidate|Waterfall,Crunch,DragonDance,Protect|Jolly||M|||50|]Talonflame||WideLens|GaleWings|DualWingbeat,Taunt,Tailwind,QuickGuard|Jolly||M|||50|]Lucario||ChoiceScarf|InnerFocus|AuraSphere,VacuumWave,FlashCannon,DarkPulse|Timid||F|||50|]Tinkaton||SitrusBerry|MoldBreaker|FakeOut,Feint,BabyDollEyes,Protect|Jolly||F|||50|
|c|☆genist|yo
|
|t:|1785931328
|teamsize|p1|4
|teamsize|p2|4
|start
|switch|p1a: Malamar|Malamar, L50, F|100/100
|switch|p1b: Whimsicott|Whimsicott, L50, F|100/100
|switch|p2a: Raichu|Raichu, L50, F|100/100
|switch|p2b: Talonflame|Talonflame, L50, M|100/100
|turn|1
|inactive|Battle timer is ON: inactive players will automatically lose when time's up. (requested by SpiderGamerXxx)
|
|t:|1785931367
|detailschange|p2a: Raichu|Raichu-Mega-Y, L50, F
|-mega|p2a: Raichu|Raichu|Raichunite Y
|move|p2a: Raichu|Fake Out|p1b: Whimsicott
|-damage|p1b: Whimsicott|91/100
|move|p2b: Talonflame|Dual Wingbeat|p1b: Whimsicott|[miss]
|-miss|p2b: Talonflame|p1b: Whimsicott
|cant|p1b: Whimsicott|flinch
|move|p1a: Malamar|Superpower|p2a: Raichu
|-damage|p2a: Raichu|48/100
|-boost|p1a: Malamar|atk|1
|-boost|p1a: Malamar|def|1
|
|upkeep
|turn|2
|inactive|genist has 30 seconds left.
|inactive|SpiderGamerXxx has 30 seconds left.
|
|t:|1785931399
|move|p2b: Talonflame|Dual Wingbeat|p1b: Whimsicott
|-supereffective|p1b: Whimsicott|1
|-damage|p1b: Whimsicott|61/100
|-supereffective|p1b: Whimsicott|1
|-damage|p1b: Whimsicott|32/100
|-hitcount|p1b: Whimsicott|2
|move|p1b: Whimsicott|Encore|p2a: Raichu
|-start|p2a: Raichu|Encore
|move|p2a: Raichu|Fake Out||[still]
|-hint|Fake Out only works on your first turn out.
|-fail|p2a: Raichu
|move|p1a: Malamar|Knock Off|p2b: Talonflame
|-damage|p2b: Talonflame|28/100
|-enditem|p2b: Talonflame|Wide Lens|[from] move: Knock Off|[of] p1a: Malamar
|
|upkeep
|turn|3
|inactive|genist has 30 seconds left.
|inactive|SpiderGamerXxx has 30 seconds left.
|
|t:|1785931431
|switch|p2a: Gyarados|Gyarados, L50, M, shiny|100/100
|-ability|p2a: Gyarados|Intimidate|boost
|-boost|p1a: Malamar|atk|1
|-unboost|p1b: Whimsicott|atk|1
|move|p1b: Whimsicott|Tickle|p1a: Malamar
|-boost|p1a: Malamar|atk|1
|-boost|p1a: Malamar|def|1
|move|p2b: Talonflame|Taunt|p1b: Whimsicott
|-start|p1b: Whimsicott|move: Taunt
|move|p1a: Malamar|Psycho Cut|p2b: Talonflame
|-crit|p2b: Talonflame
|-damage|p2b: Talonflame|0 fnt
|faint|p2b: Talonflame
|
|upkeep
|
|t:|1785931440
|switch|p2b: Raichu|Raichu-Mega-Y, L50, F|48/100
|turn|4
|
|t:|1785931467
|move|p2b: Raichu|Zap Cannon|p1b: Whimsicott
|-resisted|p1b: Whimsicott|1
|-damage|p1b: Whimsicott|0 fnt
|faint|p1b: Whimsicott
|move|p2a: Gyarados|Dragon Dance|p2a: Gyarados
|-boost|p2a: Gyarados|atk|1
|-boost|p2a: Gyarados|spe|1
|move|p1a: Malamar|Baton Pass|p1a: Malamar
|
|t:|1785931476
|switch|p1a: Eelektross|Eelektross, L50, M|100/100|[from] Baton Pass
|
|upkeep
|
|t:|1785931482
|switch|p1b: Reuniclus|Reuniclus, L50, M|100/100
|turn|5
|
|t:|1785931506
|detailschange|p1a: Eelektross|Eelektross-Mega, L50, M
|-mega|p1a: Eelektross|Eelektross|Eelektrossite
|move|p2a: Gyarados|Crunch|p1b: Reuniclus
|-supereffective|p1b: Reuniclus|1
|-damage|p1b: Reuniclus|34/100
|move|p2b: Raichu|Zap Cannon|p1b: Reuniclus
|-damage|p1b: Reuniclus|0 fnt
|faint|p1b: Reuniclus
|move|p1a: Eelektross|Drain Punch|p2b: Raichu
|-damage|p2b: Raichu|0 fnt
|faint|p2b: Raichu
|-ability|p1a: Eelektross|Eelevate|boost
|-boost|p1a: Eelektross|atk|1
|
|upkeep
|
|t:|1785931518
|switch|p2b: Lucario|Lucario, L50, F|100/100
|switch|p1b: Malamar|Malamar, L50, F|100/100
|turn|6
|
|t:|1785931529
|move|p2b: Lucario|Aura Sphere|p1a: Eelektross
|-damage|p1a: Eelektross|62/100
|move|p2a: Gyarados|Waterfall|p1a: Eelektross
|-damage|p1a: Eelektross|29/100
|move|p1a: Eelektross|Drain Punch|p2b: Lucario
|-supereffective|p2b: Lucario|1
|-crit|p2b: Lucario
|-damage|p2b: Lucario|0 fnt
|-heal|p1a: Eelektross|71/100|[from] drain|[of] p2b: Lucario
|faint|p2b: Lucario
|-ability|p1a: Eelektross|Eelevate|boost
|-boost|p1a: Eelektross|atk|1
|move|p1b: Malamar|Knock Off|p2a: Gyarados
|-damage|p2a: Gyarados|75/100
|
|upkeep
|turn|7
|inactive|genist has 30 seconds left.
|
|t:|1785931560
|move|p2a: Gyarados|Waterfall|p1a: Eelektross
|-damage|p1a: Eelektross|40/100
|move|p1a: Eelektross|Dragon Claw|p2a: Gyarados
|-damage|p2a: Gyarados|0 fnt
|faint|p2a: Gyarados
|
|win|genist
|raw|genist's rating: 1134 → 1150(+16 for winning)
|raw|SpiderGamerXxx's rating: 1000 → 1000(+0 for losing)
|l|☆SpiderGamerXxx
|player|p2|
