|j|☆bunii on spotify
|j|☆Quill86
|html|bunii on spotifyQuill86    
|uhtml|bestof|Game 1 of a best-of-3
|t:|1756943967
|gametype|doubles
|player|p1|bunii on spotify|cheryl|1186
|player|p2|Quill86|lucas|1272
|gen|9
|tier|[Gen 9] VGC 2025 Reg H (Bo3)
|rated|
|rule|Species Clause: Limit one of each Pokémon
|rule|Item Clause: Limit 1 of each item
|clearpoke
|poke|p1|Amoonguss, L50, M|
|poke|p1|Ursaluna, L50, M|
|poke|p1|Hydreigon, L50, M|
|poke|p1|Incineroar, L50, M|
|poke|p1|Porygon2, L50|
|poke|p1|Gholdengo, L50|
|poke|p2|Indeedee-F, L50, F|
|poke|p2|Gallade, L50, M|
|poke|p2|Torkoal, L50, F|
|poke|p2|Ursaluna, L50, M|
|poke|p2|Hatterene, L50, F|
|poke|p2|Smeargle, L50, F|
|teampreview|4
|showteam|p1|Amoonguss||RockyHelmet|Regenerator|PollenPuff,Spore,RagePowder,Protect|||M|||50|,,,,,Fairy]Ursaluna||FlameOrb|Guts|Facade,HeadlongRush,Earthquake,Protect|||M|||50|,,,,,Ghost]Hydreigon||SafetyGoggles|Levitate|DracoMeteor,Protect,Tailwind,Snarl|||M|||50|,,,,,Ghost]Incineroar||SitrusBerry|Intimidate|FlareBlitz,KnockOff,PartingShot,FakeOut|||M|||50|,,,,,Ghost]Porygon2||Eviolite|Download|TeraBlast,IceBeam,Recover,TrickRoom||||||50|,,,,,Fighting]Gholdengo||IronPlate|GoodasGold|MakeItRain,ShadowBall,NastyPlot,Protect||||||50|,,,,,Water
|showteam|p2|Indeedee-F||PsychicSeed|PsychicSurge|FollowMe,TrickRoom,HelpingHand,DazzlingGleam|||F|||50|,,,,,Fairy]Gallade||ClearAmulet|Sharpness|SacredSword,WideGuard,TrickRoom,PsychoCut|||M|||50|,,,,,Grass]Torkoal||ChoiceSpecs|Drought|Eruption,WeatherBall,EarthPower,HeatWave|||F|||50|,,,,,Fire]Ursaluna||FlameOrb|Guts|Protect,HeadlongRush,Facade,Earthquake|||M|||50|,,,,,Ghost]Hatterene||LifeOrb|MagicBounce|DazzlingGleam,ExpandingForce,MysticalFire,TrickRoom|||F|||50|,,,,,Fire]Smeargle||FocusSash|Moody|FakeOut,Spore,Instruct,FollowMe|||F|||50|,,,,,Ghost
|
|t:|1756944004
|teamsize|p1|4
|teamsize|p2|4
|start
|switch|p1a: Hydreigon|Hydreigon, L50, M|100/100
|switch|p1b: Gholdengo|Gholdengo, L50|100/100
|switch|p2a: Indeedee|Indeedee-F, L50, F|100/100
|switch|p2b: Gallade|Gallade, L50, M|100/100
|-fieldstart|move: Psychic Terrain|[from] ability: Psychic Surge|[of] p2a: Indeedee
|-enditem|p2a: Indeedee|Psychic Seed
|-boost|p2a: Indeedee|spd|1|[from] item: Psychic Seed
|turn|1
|inactive|Battle timer is ON: inactive players will automatically lose when time's up. (requested by Quill86)
|
|t:|1756944016
|move|p1a: Hydreigon|Snarl|p2a: Indeedee|[spread] p2a,p2b
|-supereffective|p2a: Indeedee
|-damage|p2a: Indeedee|73/100
|-damage|p2b: Gallade|82/100
|-unboost|p2a: Indeedee|spa|1
|move|p1b: Gholdengo|Nasty Plot|p1b: Gholdengo
|-boost|p1b: Gholdengo|spa|2
|move|p2b: Gallade|Psycho Cut|p1b: Gholdengo
|-resisted|p1b: Gholdengo
|-crit|p1b: Gholdengo
|-damage|p1b: Gholdengo|47/100
|move|p2a: Indeedee|Trick Room|p2a: Indeedee
|-fieldstart|move: Trick Room|[of] p2a: Indeedee
|
|upkeep
|turn|2
|inactive|bunii on spotify has 30 seconds left.
|inactive|bunii on spotify has 20 seconds left.
|inactive|bunii on spotify has 15 seconds left.
|
|t:|1756944058
|-terastallize|p1a: Hydreigon|Ghost
|move|p2a: Indeedee|Helping Hand|p2b: Gallade
|-singleturn|p2b: Gallade|Helping Hand|[of] p2a: Indeedee
|move|p2b: Gallade|Psycho Cut|p1b: Gholdengo
|-resisted|p1b: Gholdengo
|-damage|p1b: Gholdengo|0 fnt
|faint|p1b: Gholdengo
|move|p1a: Hydreigon|Draco Meteor|p2b: Gallade
|-damage|p2b: Gallade|22/100
|-unboost|p1a: Hydreigon|spa|2
|
|upkeep
|
|t:|1756944064
|switch|p1b: Porygon2|Porygon2, L50|100/100
|-ability|p1b: Porygon2|Download|boost
|-boost|p1b: Porygon2|atk|1
|turn|3
|
|t:|1756944074
|switch|p1b: Incineroar|Incineroar, L50, M|100/100
|-ability|p1b: Incineroar|Intimidate|boost
|-unboost|p2a: Indeedee|atk|1
|-fail|p2b: Gallade|unboost|[from] item: Clear Amulet|[of] p2b: Gallade
|move|p2a: Indeedee|Helping Hand|p2b: Gallade
|-singleturn|p2b: Gallade|Helping Hand|[of] p2a: Indeedee
|move|p2b: Gallade|Sacred Sword|p1b: Incineroar
|-supereffective|p1b: Incineroar
|-damage|p1b: Incineroar|0 fnt
|faint|p1b: Incineroar
|move|p1a: Hydreigon|Snarl|p2a: Indeedee|[spread] p2a,p2b
|-supereffective|p2a: Indeedee
|-damage|p2a: Indeedee|60/100
|-damage|p2b: Gallade|12/100
|-unboost|p2a: Indeedee|spa|1
|
|upkeep
|
|t:|1756944077
|switch|p1b: Porygon2|Porygon2, L50|100/100
|-ability|p1b: Porygon2|Download|boost
|-boost|p1b: Porygon2|atk|1
|turn|4
|
|t:|1756944084
|move|p2a: Indeedee|Helping Hand|p2b: Gallade
|-singleturn|p2b: Gallade|Helping Hand|[of] p2a: Indeedee
|move|p2b: Gallade|Sacred Sword|p1b: Porygon2
|-supereffective|p1b: Porygon2
|-damage|p1b: Porygon2|0 fnt
|faint|p1b: Porygon2
|move|p1a: Hydreigon|Snarl|p2a: Indeedee|[spread] p2a,p2b
|-supereffective|p2a: Indeedee
|-damage|p2a: Indeedee|45/100
|-damage|p2b: Gallade|3/100
|-unboost|p2a: Indeedee|spa|1
|
|upkeep
|turn|5
|-message|bunii on spotify forfeited.
|
|win|Quill86
|l|☆bunii on spotify
|player|p1|
||bunii on spotify is ready for game 2.
||Quill86 is ready for game 2.
|uhtml|next|Next: Game 2 of 3
