|j|☆testdigi
|j|☆fl jdhsbsjksms2
|html|testdigifl jdhsbsjksms2    
|uhtml|bestof|Game 1 of a best-of-3
|t:|1785336580
|gametype|doubles
|player|p1|testdigi|169|1097
|player|p2|fl jdhsbsjksms2|1|1123
|gen|9
|tier|[Gen 9 Champions] VGC 2026 Reg M-B (Bo3)
|rated|
|rule|Species Clause: Limit one of each Pokémon
|rule|Item Clause: Limit 1 of each item
|clearpoke
|poke|p1|Tyranitar, L50, F|
|poke|p1|Excadrill, L50, F|
|poke|p1|Gholdengo, L50, shiny|
|poke|p1|Milotic, L50, F, shiny|
|poke|p1|Sinistcha, L50|
|poke|p1|Staraptor, L50, M|
|poke|p2|Pelipper, L50, F|
|poke|p2|Swampert, L50, F, shiny|
|poke|p2|Archaludon, L50, F|
|poke|p2|Sinistcha-Masterpiece, L50|
|poke|p2|Metagross, L50, shiny|
|poke|p2|Sneasler, L50, F|
|teampreview|4
|showteam|p1|Tyranitar||Tyranitarite|SandStream|RockSlide,KnockOff,LowKick,Protect|Jolly||F|||50|]Excadrill||FocusSash|SandRush|HighHorsepower,IronHead,RockSlide,Protect|Adamant||F|||50|]Gholdengo||LifeOrb|GoodasGold|ShadowBall,MakeItRain,NastyPlot,Protect|Modest|||||50|]Milotic||Leftovers|Competitive|Scald,Recover,IcyWind,Protect|Calm||F|||50|]Sinistcha||ColburBerry|Hospitality|MatchaGotcha,LifeDew,RagePowder,Protect|Bold|||||50|]Staraptor||Staraptite|Intimidate|CloseCombat,BraveBird,Tailwind,Protect|Jolly||M|||50|
|showteam|p2|Pelipper||DampRock|Drizzle|WideGuard,Hurricane,WeatherBall,Tailwind|Relaxed||F|||50|]Swampert||Swampertite|Damp|RockSlide,WaveCrash,HighHorsepower,Protect|Adamant||F|||50|]Archaludon||Leftovers|Stamina|ElectroShot,FlashCannon,AuraSphere,Protect|Calm||F|||50|]Sinistcha-Masterpiece||SitrusBerry|Hospitality|TrickRoom,MatchaGotcha,Protect,RagePowder|Relaxed|||||50|]Metagross||Metagrossite|ClearBody|IronHead,StompingTantrum,PsychicFangs,Protect|Jolly|||||50|]Sneasler||FocusSash|PoisonTouch|CloseCombat,Coaching,DireClaw,Protect|Careful||F|||50|
|j| senseii trey
|
|t:|1785336628
|teamsize|p1|4
|teamsize|p2|4
|start
|switch|p1a: Gholdengo|Gholdengo, L50, shiny|100/100
|switch|p1b: Staraptor|Staraptor, L50, M|100/100
|switch|p2a: Archaludon|Archaludon, L50, F|100/100
|switch|p2b: Sneasler|Sneasler, L50, F|100/100
|-ability|p1b: Staraptor|Intimidate|boost
|-unboost|p2a: Archaludon|atk|1
|-unboost|p2b: Sneasler|atk|1
|turn|1
|
|t:|1785336677
|switch|p2b: Pelipper|Pelipper, L50, F|100/100
|-weather|RainDance|[from] ability: Drizzle|[of] p2b: Pelipper
|detailschange|p1b: Staraptor|Staraptor-Mega, L50, M
|-mega|p1b: Staraptor|Staraptor|Staraptite
|move|p1b: Staraptor|Protect|p1b: Staraptor
|-singleturn|p1b: Staraptor|Protect
|move|p2a: Archaludon|Protect|p2a: Archaludon
|-singleturn|p2a: Archaludon|Protect
|move|p1a: Gholdengo|Shadow Ball|p2b: Pelipper
|-damage|p2b: Pelipper|16/100
|-damage|p1a: Gholdengo|90/100|[from] item: Life Orb
|
|-weather|RainDance|[upkeep]
|upkeep
|turn|2
|
|t:|1785336706
|move|p1b: Staraptor|Close Combat|p2b: Pelipper
|-resisted|p2b: Pelipper|1
|-damage|p2b: Pelipper|0 fnt
|-boost|p1b: Staraptor|def|1
|-boost|p1b: Staraptor|spd|1
|faint|p2b: Pelipper
|move|p1a: Gholdengo|Shadow Ball|p2a: Archaludon
|-damage|p2a: Archaludon|38/100
|-ability|p2a: Archaludon|Stamina|boost
|-boost|p2a: Archaludon|def|1
|-damage|p1a: Gholdengo|81/100|[from] item: Life Orb
|move|p2a: Archaludon|Electro Shot||[still]
|-prepare|p2a: Archaludon|Electro Shot
|-boost|p2a: Archaludon|spa|1
|-anim|p2a: Archaludon|Electro Shot|p1b: Staraptor
|-supereffective|p1b: Staraptor|1
|-damage|p1b: Staraptor|15/100
|
|-weather|RainDance|[upkeep]
|-heal|p2a: Archaludon|44/100|[from] item: Leftovers
|upkeep
|
|t:|1785336724
|switch|p2b: Swampert|Swampert, L50, F, shiny|100/100
|turn|3
|
|t:|1785336746
|switch|p1a: Sinistcha|Sinistcha, L50|100/100
|-heal|p1b: Staraptor|40/100|[from] ability: Hospitality|[of] p1a: Sinistcha
|detailschange|p2b: Swampert|Swampert-Mega, L50, F, shiny
|-mega|p2b: Swampert|Swampert|Swampertite
|move|p1b: Staraptor|Protect|p1b: Staraptor
|-singleturn|p1b: Staraptor|Protect
|move|p2b: Swampert|Rock Slide|p1b: Staraptor|[spread] p1a
|-activate|p1b: Staraptor|move: Protect
|-damage|p1a: Sinistcha|81/100
|move|p2a: Archaludon|Electro Shot||[still]
|-prepare|p2a: Archaludon|Electro Shot
|-boost|p2a: Archaludon|spa|1
|-anim|p2a: Archaludon|Electro Shot|p1a: Sinistcha
|-resisted|p1a: Sinistcha|1
|-damage|p1a: Sinistcha|36/100
|
|-weather|RainDance|[upkeep]
|-heal|p2a: Archaludon|50/100g|[from] item: Leftovers
|upkeep
|turn|4
|
|t:|1785336780
|move|p2b: Swampert|Protect|p2b: Swampert
|-singleturn|p2b: Swampert|Protect
|move|p1b: Staraptor|Close Combat|p2a: Archaludon
|-supereffective|p2a: Archaludon|1
|-damage|p2a: Archaludon|0 fnt
|-boost|p1b: Staraptor|def|1
|-boost|p1b: Staraptor|spd|1
|faint|p2a: Archaludon
|move|p1a: Sinistcha|Matcha Gotcha|p2b: Swampert
|-activate|p2b: Swampert|move: Protect
|
|-weather|RainDance|[upkeep]
|upkeep
|
|t:|1785336790
|switch|p2a: Sneasler|Sneasler, L50, F|100/100
|turn|5
|
|t:|1785336804
|switch|p1a: Milotic|Milotic, L50, F, shiny|100/100
|move|p1b: Staraptor|Protect|p1b: Staraptor
|-singleturn|p1b: Staraptor|Protect
|move|p2b: Swampert|Wave Crash|p1b: Staraptor
|-activate|p1b: Staraptor|move: Protect
|move|p2a: Sneasler|Dire Claw|p1a: Milotic
|-damage|p1a: Milotic|65/100
|
|-weather|RainDance|[upkeep]
|-heal|p1a: Milotic|71/100|[from] item: Leftovers
|upkeep
|turn|6
|
|t:|1785336833
|switch|p1b: Sinistcha|Sinistcha, L50|36/100
|-heal|p1a: Milotic|96/100|[from] ability: Hospitality|[of] p1b: Sinistcha
|move|p2b: Swampert|Wave Crash|p1b: Sinistcha
|-resisted|p1b: Sinistcha|1
|-damage|p1b: Sinistcha|0 fnt
|faint|p1b: Sinistcha
|-damage|p2b: Swampert|89/100|[from] Recoil
|move|p2a: Sneasler|Coaching|p2b: Swampert
|-boost|p2b: Swampert|atk|1
|-boost|p2b: Swampert|def|1
|move|p1a: Milotic|Scald|p2b: Swampert
|-damage|p2b: Swampert|53/100
|
|-weather|RainDance|[upkeep]
|-heal|p1a: Milotic|100/100|[from] item: Leftovers
|upkeep
|
|t:|1785336846
|switch|p1b: Staraptor|Staraptor-Mega, L50, M|40/100
|turn|7
|
|t:|1785336861
|move|p1b: Staraptor|Protect|p1b: Staraptor
|-singleturn|p1b: Staraptor|Protect
|move|p2b: Swampert|High Horsepower|p1a: Milotic
|-damage|p1a: Milotic|16/100
|move|p2a: Sneasler|Close Combat|p1a: Milotic
|-damage|p1a: Milotic|0 fnt
|-unboost|p2a: Sneasler|def|1
|-unboost|p2a: Sneasler|spd|1
|faint|p1a: Milotic
|
|-weather|RainDance|[upkeep]
|upkeep
|
|t:|1785336866
|switch|p1a: Gholdengo|Gholdengo, L50, shiny|81/100
|turn|8
|
|t:|1785336891
|move|p2b: Swampert|Wave Crash|p1b: Staraptor
|-damage|p1b: Staraptor|0 fnt
|faint|p1b: Staraptor
|-damage|p2b: Swampert|40/100|[from] Recoil
|move|p2a: Sneasler|Dire Claw|p1a: Gholdengo
|-immune|p1a: Gholdengo
|move|p1a: Gholdengo|Shadow Ball|p2b: Swampert
|-damage|p2b: Swampert|0 fnt
|faint|p2b: Swampert
|-damage|p1a: Gholdengo|71/100|[from] item: Life Orb
|
|-weather|none
|upkeep
|turn|9
|-message|fl jdhsbsjksms2 forfeited.
|
|win|testdigi
|l|☆fl jdhsbsjksms2
|player|p2|
|j|☆fl jdhsbsjksms2
|player|p2|fl jdhsbsjksms2|1|
||testdigi is ready for game 2.
||fl jdhsbsjksms2 is ready for game 2.
|uhtml|next|Next: Game 2 of 3
