|j|☆snailboss
|j|☆Nacos
|html|snailbossNacos    
|uhtml|bestof|Game 3 of a best-of-3
|t:|1757713543
|gametype|doubles
|player|p1|snailboss|hilda-wonderlauncher|1155
|player|p2|Nacos|169|1202
|gen|9
|tier|[Gen 9] VGC 2025 Reg H (Bo3)
|rated|
|rule|Species Clause: Limit one of each Pokémon
|rule|Item Clause: Limit 1 of each item
|clearpoke
|poke|p1|Kingambit, L50, F|
|poke|p1|Rillaboom, L50, F|
|poke|p1|Volcarona, L50, F|
|poke|p1|Tauros-Paldea-Aqua, L50, M|
|poke|p1|Electabuzz, L50, F|
|poke|p1|Ninetales-Alola, L50, M|
|poke|p2|Pelipper, L50, M|
|poke|p2|Archaludon, L50, F|
|poke|p2|Basculegion, L50, M|
|poke|p2|Gholdengo, L50|
|poke|p2|Incineroar, L50, F|
|poke|p2|Rillaboom, L50, M|
|teampreview|4
|showteam|p1|Kingambit||BlackGlasses|Defiant|SuckerPunch,KowtowCleave,SwordsDance,Protect|||F|||50|,,,,,Fire]Rillaboom||AssaultVest|GrassySurge|FakeOut,GrassyGlide,WoodHammer,HighHorsepower|||F|||50|,,,,,Fire]Volcarona||CovertCloak|FlameBody|QuiverDance,HeatWave,GigaDrain,Protect|||F|||50|,,,,,Grass]Tauros-Paldea-Aqua||GrassySeed|Intimidate|WaveCrash,BodyPress,Protect,AquaJet|||M|||50|,,,,,Fire]Electabuzz||Eviolite|VitalSpirit|Taunt,Thunderbolt,Protect,FollowMe|||F|||50|,,,,,Ghost]Ninetales-Alola||FocusSash|SnowWarning|Protect,Encore,FreezeDry,Disable|||M|||50|,,,,,Ghost
|showteam|p2|Pelipper||FocusSash|Drizzle|Tailwind,Protect,WeatherBall,Hurricane|||M|||50|,,,,,Steel]Archaludon||AssaultVest|Stamina|ElectroShot,DracoMeteor,FlashCannon,BodyPress|||F|||50|,,,,,Grass]Basculegion||ChoiceBand|SwiftSwim|WaveCrash,LastRespects,FlipTurn,AquaJet|||M|||50|,,,,,Water]Gholdengo||LifeOrb|GoodasGold|MakeItRain,ShadowBall,NastyPlot,Protect||||||50|,,,,,Dragon]Incineroar||SafetyGoggles|Intimidate|FakeOut,KnockOff,Taunt,PartingShot|||F|||50|,,,,,Water]Rillaboom||MiracleSeed|GrassySurge|FakeOut,GrassyGlide,Uturn,WoodHammer|||M|||50|,,,,,Fire
|inactive|Battle timer is ON: inactive players will automatically lose when time's up. (requested by Nacos)
|
|t:|1757713564
|teamsize|p1|4
|teamsize|p2|4
|start
|switch|p1a: Kingambit|Kingambit, L50, F|100/100
|switch|p1b: Rillaboom|Rillaboom, L50, F|100/100
|switch|p2a: Gholdengo|Gholdengo, L50|100/100
|switch|p2b: Archaludon|Archaludon, L50, F|100/100
|-fieldstart|move: Grassy Terrain|[from] ability: Grassy Surge|[of] p1b: Rillaboom
|turn|1
|inactive|snailboss has 30 seconds left.
|inactive|snailboss has 20 seconds left.
|inactive|snailboss has 15 seconds left.
|inactive|snailboss has 10 seconds left.
|inactive|snailboss has 5 seconds left.
|
|t:|1757713619
|move|p2a: Gholdengo|Protect|p2a: Gholdengo
|-singleturn|p2a: Gholdengo|Protect
|move|p1b: Rillaboom|Fake Out|p2b: Archaludon
|-resisted|p2b: Archaludon
|-damage|p2b: Archaludon|95/100
|-ability|p2b: Archaludon|Stamina|boost
|-boost|p2b: Archaludon|def|1
|move|p1a: Kingambit|Sucker Punch||[still]
|-fail|p1a: Kingambit
|cant|p2b: Archaludon|flinch
|
|-heal|p2b: Archaludon|100/100|[from] Grassy Terrain
|upkeep
|turn|2
|inactive|Nacos has 30 seconds left.
|
|t:|1757713650
|switch|p1a: Volcarona|Volcarona, L50, F|100/100
|-terastallize|p2a: Gholdengo|Dragon
|move|p2a: Gholdengo|Shadow Ball|p1b: Rillaboom
|-damage|p1b: Rillaboom|58/100
|-damage|p2a: Gholdengo|91/100|[from] item: Life Orb
|move|p1b: Rillaboom|High Horsepower|p2a: Gholdengo
|-crit|p2a: Gholdengo
|-damage|p2a: Gholdengo|38/100
|move|p2b: Archaludon|Body Press|p1a: Volcarona
|-resisted|p1a: Volcarona
|-damage|p1a: Volcarona|81/100
|-status|p2b: Archaludon|brn|[from] ability: Flame Body|[of] p1a: Volcarona
|
|-heal|p2a: Gholdengo|44/100|[from] Grassy Terrain
|-heal|p1a: Volcarona|87/100|[from] Grassy Terrain
|-heal|p1b: Rillaboom|64/100|[from] Grassy Terrain
|-damage|p2b: Archaludon|95/100 brn|[from] brn
|upkeep
|turn|3
|inactive|snailboss has 30 seconds left.
|
|t:|1757713675
|switch|p2a: Pelipper|Pelipper, L50, M|100/100
|-weather|RainDance|[from] ability: Drizzle|[of] p2a: Pelipper
|move|p1a: Volcarona|Quiver Dance|p1a: Volcarona
|-boost|p1a: Volcarona|spa|1
|-boost|p1a: Volcarona|spd|1
|-boost|p1a: Volcarona|spe|1
|move|p1b: Rillaboom|Wood Hammer|p2a: Pelipper
|-enditem|p2a: Pelipper|Focus Sash
|-damage|p2a: Pelipper|1/100
|-damage|p1b: Rillaboom|42/100|[from] Recoil
|move|p2b: Archaludon|Electro Shot||[still]
|-prepare|p2b: Archaludon|Electro Shot
|-boost|p2b: Archaludon|spa|1
|-anim|p2b: Archaludon|Electro Shot|p1a: Volcarona
|-damage|p1a: Volcarona|47/100
|
|-weather|RainDance|[upkeep]
|-heal|p1a: Volcarona|54/100|[from] Grassy Terrain
|-heal|p1b: Rillaboom|48/100|[from] Grassy Terrain
|-heal|p2b: Archaludon|100/100 brn|[from] Grassy Terrain
|-damage|p2b: Archaludon|95/100 brn|[from] brn
|upkeep
|turn|4
|inactive|snailboss has 30 seconds left.
|inactive|snailboss has 20 seconds left.
|
|t:|1757713713
|switch|p2a: Gholdengo|Gholdengo, L50, tera:Dragon|44/100
|move|p1a: Volcarona|Protect|p1a: Volcarona
|-singleturn|p1a: Volcarona|Protect
|move|p1b: Rillaboom|Wood Hammer|p2a: Gholdengo
|-resisted|p2a: Gholdengo
|-damage|p2a: Gholdengo|0 fnt
|faint|p2a: Gholdengo
|-damage|p1b: Rillaboom|36/100|[from] Recoil
|move|p2b: Archaludon|Draco Meteor|p1a: Volcarona
|-activate|p1a: Volcarona|move: Protect
|
|-weather|RainDance|[upkeep]
|-heal|p1a: Volcarona|60/100|[from] Grassy Terrain
|-heal|p1b: Rillaboom|42/100|[from] Grassy Terrain
|-heal|p2b: Archaludon|100/100 brn|[from] Grassy Terrain
|-damage|p2b: Archaludon|95/100 brn|[from] brn
|upkeep
|
|t:|1757713721
|switch|p2a: Pelipper|Pelipper, L50, M|1/100
|turn|5
|inactive|snailboss has 30 seconds left.
|inactive|snailboss has 20 seconds left.
|inactive|snailboss has 15 seconds left.
|inactive|snailboss has 10 seconds left.
|
|t:|1757713767
|switch|p1b: Ninetales|Ninetales-Alola, L50, M|100/100
|-weather|Snowscape|[from] ability: Snow Warning|[of] p1b: Ninetales
|move|p2a: Pelipper|Protect|p2a: Pelipper
|-singleturn|p2a: Pelipper|Protect
|move|p1a: Volcarona|Heat Wave|p2a: Pelipper|[spread] p2b
|-activate|p2a: Pelipper|move: Protect
|-damage|p2b: Archaludon|49/100 brn
|-ability|p2b: Archaludon|Stamina|boost
|-boost|p2b: Archaludon|def|1
|move|p2b: Archaludon|Draco Meteor|p1b: Ninetales
|-immune|p1b: Ninetales
|
|-weather|Snowscape|[upkeep]
|-heal|p1a: Volcarona|66/100|[from] Grassy Terrain
|-heal|p2b: Archaludon|55/100 brn|[from] Grassy Terrain
|-damage|p2b: Archaludon|49/100 brn|[from] brn
|-fieldend|move: Grassy Terrain
|upkeep
|turn|6
|inactive|snailboss has 30 seconds left.
|
|t:|1757713796
|switch|p2a: Basculegion|Basculegion, L50, M|100/100
|move|p1a: Volcarona|Heat Wave|p2b: Archaludon|[spread] p2a,p2b
|-resisted|p2a: Basculegion
|-damage|p2a: Basculegion|73/100
|-damage|p2b: Archaludon|5/100 brn
|-ability|p2b: Archaludon|Stamina|boost
|-boost|p2b: Archaludon|def|1
|move|p1b: Ninetales|Freeze-Dry|p2a: Basculegion
|-supereffective|p2a: Basculegion
|-damage|p2a: Basculegion|11/100
|move|p2b: Archaludon|Draco Meteor|p1a: Volcarona
|-damage|p1a: Volcarona|0 fnt
|-unboost|p2b: Archaludon|spa|2
|faint|p1a: Volcarona
|
|-weather|Snowscape|[upkeep]
|-damage|p2b: Archaludon|0 fnt|[from] brn
|faint|p2b: Archaludon
|upkeep
|-message|Nacos forfeited.
|
|win|snailboss
|raw|snailboss's rating: 1155 → 1183(+28 for winning)
|raw|Nacos's rating: 1202 → 1174(-28 for losing)
|l|☆Nacos
|player|p2|
