|j|â˜†ECarcas
|j|â˜†MinasDevilCrobats
|html|ECarcasMinasDevilCrobats    
|uhtml|bestof|Game 1 of a best-of-3
|t:|1756768259
|gametype|doubles
|player|p1|ECarcas|ethan|1113
|player|p2|MinasDevilCrobats|darach-caitlin|1213
|gen|9
|tier|[Gen 9] VGC 2025 Reg H (Bo3)
|rated|
|rule|Species Clause: Limit one of each PokÃ©mon
|rule|Item Clause: Limit 1 of each item
|clearpoke
|poke|p1|Pelipper, L50, F|
|poke|p1|Basculegion, L50, M|
|poke|p1|Archaludon, L50, M|
|poke|p1|Amoonguss, L50, M|
|poke|p1|Gholdengo, L50|
|poke|p1|Incineroar, L50, M|
|poke|p2|Ribombee, L50, M|
|poke|p2|Gholdengo, L50|
|poke|p2|Ursaluna-Bloodmoon, L50, M|
|poke|p2|Primarina, L50, F|
|poke|p2|Incineroar, L50, F|
|poke|p2|Rillaboom, L50, F|
|teampreview|4
|showteam|p1|Pelipper||FocusSash|Drizzle|Hurricane,WeatherBall,Tailwind,Protect|||F|||50|,,,,,Stellar]Basculegion||ChoiceBand|SwiftSwim|WaveCrash,LastRespects,FlipTurn,AquaJet|||M|||50|,,,,,Water]Archaludon||AssaultVest|Stamina|ElectroShot,FlashCannon,DracoMeteor,BodyPress|||M|||50|,,,,,Grass]Amoonguss||SitrusBerry|Regenerator|Spore,RagePowder,PollenPuff,Protect|||M|||50|,,,,,Dark]Gholdengo||LifeOrb|GoodasGold|MakeItRain,ShadowBall,NastyPlot,Protect||||||50|,,,,,Steel]Incineroar||SafetyGoggles|Intimidate|KnockOff,FakeOut,PartingShot,Taunt|||M|||50|,,,,,Bug
|showteam|p2|Ribombee||FocusSash|ShieldDust|Moonblast,PollenPuff,FakeTears,Tailwind|||M|||50|,,,,,Grass]Gholdengo||ChoiceSpecs|GoodasGold|MakeItRain,ShadowBall,Thunderbolt,Trick||||||50|,,,,,Steel]Ursaluna-Bloodmoon||LifeOrb|MindsEye|BloodMoon,HyperVoice,EarthPower,Protect|||M|||50|,,,,,Normal]Primarina||ThroatSpray|LiquidVoice|HyperVoice,Moonblast,WaterPledge,Protect|||F|||50|,,,,,Poison]Incineroar||SafetyGoggles|Intimidate|FakeOut,KnockOff,FlareBlitz,PartingShot|||F|||50|,,,,,Ghost]Rillaboom||AssaultVest|GrassySurge|WoodHammer,GrassyGlide,FakeOut,GrassPledge|||F|||50|,,,,,Fire
|inactive|Battle timer is ON: inactive players will automatically lose when time's up. (requested by ECarcas)
|inactive|ECarcas has 60 seconds left.
|
|t:|1756768328
|teamsize|p1|4
|teamsize|p2|4
|start
|switch|p1a: Incineroar|Incineroar, L50, M|100/100
|switch|p1b: Pelipper|Pelipper, L50, F|100/100
|switch|p2a: Ribombee|Ribombee, L50, M|100/100
|switch|p2b: Gholdengo|Gholdengo, L50|100/100
|-weather|RainDance|[from] ability: Drizzle|[of] p1b: Pelipper
|-ability|p1a: Incineroar|Intimidate|boost
|-unboost|p2a: Ribombee|atk|1
|-unboost|p2b: Gholdengo|atk|1
|turn|1
|inactive|ECarcas has 30 seconds left.
|
|t:|1756768359
|-terastallize|p2b: Gholdengo|Steel
|move|p1a: Incineroar|Fake Out|p2a: Ribombee
|-damage|p2a: Ribombee|80/100
|move|p2a: Ribombee|Tailwind|p2a: Ribombee
|-sidestart|p2: MinasDevilCrobats|move: Tailwind
|move|p2b: Gholdengo|Make It Rain|p1a: Incineroar|[spread] p1a,p1b
|-resisted|p1a: Incineroar
|-resisted|p1b: Pelipper
|-damage|p1a: Incineroar|69/100
|-damage|p1b: Pelipper|16/100
|-unboost|p2b: Gholdengo|spa|1
|move|p1b: Pelipper|Tailwind|p1b: Pelipper
|-sidestart|p1: ECarcas|move: Tailwind
|
|-weather|RainDance|[upkeep]
|upkeep
|turn|2
|inactive|ECarcas has 30 seconds left.
|
|t:|1756768394
|switch|p1b: Archaludon|Archaludon, L50, M|100/100
|move|p2a: Ribombee|Fake Tears|p1a: Incineroar
|-unboost|p1a: Incineroar|spd|2
|move|p2b: Gholdengo|Make It Rain|p1a: Incineroar|[spread] p1a,p1b
|-resisted|p1a: Incineroar
|-resisted|p1b: Archaludon
|-damage|p1a: Incineroar|23/100
|-damage|p1b: Archaludon|80/100
|-unboost|p2b: Gholdengo|spa|1
|-ability|p1b: Archaludon|Stamina|boost
|-boost|p1b: Archaludon|def|1
|move|p1a: Incineroar|Parting Shot|p2b: Gholdengo
|-immune|p2b: Gholdengo|[from] ability: Good as Gold
|
|-weather|RainDance|[upkeep]
|upkeep
|turn|3
|inactive|ECarcas has 30 seconds left.
|inactive|MinasDevilCrobats has 30 seconds left.
|inactive|MinasDevilCrobats has 20 seconds left.
|
|t:|1756768432
|switch|p2a: Rillaboom|Rillaboom, L50, F|100/100
|-fieldstart|move: Grassy Terrain|[from] ability: Grassy Surge|[of] p2a: Rillaboom
|switch|p1a: Basculegion|Basculegion, L50, M|100/100
|move|p2b: Gholdengo|Make It Rain|p1a: Basculegion|[spread] p1a,p1b
|-resisted|p1a: Basculegion
|-resisted|p1b: Archaludon
|-damage|p1a: Basculegion|75/100
|-damage|p1b: Archaludon|65/100
|-unboost|p2b: Gholdengo|spa|1
|-ability|p1b: Archaludon|Stamina|boost
|-boost|p1b: Archaludon|def|1
|move|p1b: Archaludon|Electro Shot||[still]
|-prepare|p1b: Archaludon|Electro Shot
|-boost|p1b: Archaludon|spa|1
|-anim|p1b: Archaludon|Electro Shot|p2a: Rillaboom
|-resisted|p2a: Rillaboom
|-damage|p2a: Rillaboom|81/100
|
|-weather|RainDance|[upkeep]
|-heal|p1a: Basculegion|81/100|[from] Grassy Terrain
|-heal|p2a: Rillaboom|87/100|[from] Grassy Terrain
|-heal|p1b: Archaludon|71/100|[from] Grassy Terrain
|upkeep
|turn|4
|inactive|ECarcas has 30 seconds left.
|inactive|ECarcas has 20 seconds left.
|inactive|MinasDevilCrobats has 30 seconds left.
|inactive|ECarcas has 15 seconds left.
|
|t:|1756768475
|switch|p1a: Incineroar|Incineroar, L50, M|23/100
|-ability|p1a: Incineroar|Intimidate|boost
|-unboost|p2a: Rillaboom|atk|1
|-unboost|p2b: Gholdengo|atk|1
|switch|p2b: Primarina|Primarina, L50, F|100/100
|move|p2a: Rillaboom|Grassy Glide|p1a: Incineroar
|-resisted|p1a: Incineroar
|-damage|p1a: Incineroar|12/100
|move|p1b: Archaludon|Electro Shot||[still]
|-prepare|p1b: Archaludon|Electro Shot
|-boost|p1b: Archaludon|spa|1
|-anim|p1b: Archaludon|Electro Shot|p2b: Primarina
|-supereffective|p2b: Primarina
|-damage|p2b: Primarina|0 fnt
|faint|p2b: Primarina
|
|-weather|RainDance|[upkeep]
|-heal|p2a: Rillaboom|93/100|[from] Grassy Terrain
|-heal|p1b: Archaludon|77/100|[from] Grassy Terrain
|-heal|p1a: Incineroar|18/100|[from] Grassy Terrain
|-sideend|p2: MinasDevilCrobats|move: Tailwind
|-sideend|p1: ECarcas|move: Tailwind
|upkeep
|inactive|MinasDevilCrobats has 30 seconds left.
|
|t:|1756768506
|switch|p2b: Ribombee|Ribombee, L50, M|80/100
|turn|5
|
|t:|1756768523
|switch|p2a: Gholdengo|Gholdengo, L50, tera:Steel|100/100
|move|p1a: Incineroar|Fake Out|p2a: Gholdengo
|-resisted|p2a: Gholdengo
|-crit|p2a: Gholdengo
|-damage|p2a: Gholdengo|92/100
|move|p2b: Ribombee|Moonblast|p1a: Incineroar
|-damage|p1a: Incineroar|0 fnt
|faint|p1a: Incineroar
|move|p1b: Archaludon|Electro Shot||[still]
|-prepare|p1b: Archaludon|Electro Shot
|-boost|p1b: Archaludon|spa|1
|-anim|p1b: Archaludon|Electro Shot|p2b: Ribombee
|-damage|p2b: Ribombee|0 fnt
|faint|p2b: Ribombee
|
|-weather|none
|-heal|p2a: Gholdengo|98/100|[from] Grassy Terrain
|-heal|p1b: Archaludon|83/100|[from] Grassy Terrain
|upkeep
|
|t:|1756768540
|switch|p2b: Rillaboom|Rillaboom, L50, F|93/100
|switch|p1a: Pelipper|Pelipper, L50, F|16/100
|-weather|RainDance|[from] ability: Drizzle|[of] p1a: Pelipper
|turn|6
|
|t:|1756768552
|move|p1a: Pelipper|Protect|p1a: Pelipper
|-singleturn|p1a: Pelipper|Protect
|move|p2b: Rillaboom|Fake Out|p1a: Pelipper
|-activate|p1a: Pelipper|move: Protect
|move|p2a: Gholdengo|Shadow Ball|p1b: Archaludon
|-damage|p1b: Archaludon|41/100
|-ability|p1b: Archaludon|Stamina|boost
|-boost|p1b: Archaludon|def|1
|move|p1b: Archaludon|Electro Shot||[still]
|-prepare|p1b: Archaludon|Electro Shot
|-boost|p1b: Archaludon|spa|1
|-anim|p1b: Archaludon|Electro Shot|p2a: Gholdengo
|-damage|p2a: Gholdengo|0 fnt
|faint|p2a: Gholdengo
|
|-weather|RainDance|[upkeep]
|-heal|p2b: Rillaboom|99/100|[from] Grassy Terrain
|-heal|p1b: Archaludon|47/100|[from] Grassy Terrain
|upkeep
|turn|7
|-message|MinasDevilCrobats forfeited.
|
|win|ECarcas
