|j|☆baerys ❤
|j|☆koihoiboi
|html|baerys ❤koihoiboi    
|uhtml|bestof|Game 3 of a best-of-3
|t:|1756983842
|gametype|doubles
|player|p1|baerys ❤|miku-flying|1104
|player|p2|koihoiboi|n|1046
|gen|9
|tier|[Gen 9] VGC 2025 Reg H (Bo3)
|rated|
|rule|Species Clause: Limit one of each Pokémon
|rule|Item Clause: Limit 1 of each item
|clearpoke
|poke|p1|Hydreigon, L50, F|
|poke|p1|Salazzle, L50, F|
|poke|p1|Gholdengo, L50|
|poke|p1|Ursaluna-Bloodmoon, L50, M|
|poke|p1|Dragonite, L50, F|
|poke|p1|Rillaboom, L50, M|
|poke|p2|Decidueye-Hisui, L50, F|
|poke|p2|Dragonite, L50, M|
|poke|p2|Primarina, L50, M|
|poke|p2|Incineroar, L50, M|
|poke|p2|Farigiraf, L50, F|
|poke|p2|Sneasler, L50, M|
|teampreview|4
|showteam|p1|Hydreigon||ScopeLens|Levitate|DracoMeteor,DarkPulse,Protect,HeatWave|||F|||50|,,,,,Poison]Salazzle||FocusSash|Oblivious|Disable,Taunt,DragonCheer,Protect|||F|||50|,,,,,Grass]Gholdengo||Leftovers|GoodasGold|MakeItRain,ShadowBall,NastyPlot,Protect||||||50|,,,,,Dragon]Ursaluna-Bloodmoon||AssaultVest|MindsEye|BloodMoon,HyperVoice,EarthPower,VacuumWave|||M|||50|,,,,,Water]Dragonite||LoadedDice|Multiscale|ScaleShot,Tailwind,Haze,Protect|||F|||50|,,,,,Fairy]Rillaboom||MiracleSeed|GrassySurge|FakeOut,GrassyGlide,WoodHammer,Uturn|||M|||50|,,,,,Fire
|showteam|p2|Decidueye-Hisui||RazorClaw|Scrappy|TripleArrows,LeafBlade,SuckerPunch,Protect|||F|||50|,,,,,Steel]Dragonite||LoadedDice|Multiscale|ScaleShot,DragonCheer,Tailwind,ExtremeSpeed|||M|||50|,,,,,Steel]Primarina||ThroatSpray|LiquidVoice|HyperVoice,Moonblast,Protect,TeraBlast|||M|||50|,,,,,Poison]Incineroar||SafetyGoggles|Intimidate|FakeOut,FlareBlitz,Taunt,PartingShot|||M|||50|,,,,,Ghost]Farigiraf||MentalHerb|ArmorTail|TrickRoom,HelpingHand,HyperVoice,Protect|||F|||50|,,,,,Fairy]Sneasler||FocusSash|Unburden|ThroatChop,DireClaw,Protect,CloseCombat|||M|||50|,,,,,Stellar
|inactive|Battle timer is ON: inactive players will automatically lose when time's up. (requested by koihoiboi)
|
|t:|1756983860
|teamsize|p1|4
|teamsize|p2|4
|start
|switch|p1a: Gholdengo|Gholdengo, L50|100/100
|switch|p1b: Rillaboom|Rillaboom, L50, M|100/100
|switch|p2a: Dragonite|Dragonite, L50, M|100/100
|switch|p2b: Primarina|Primarina, L50, M|100/100
|-fieldstart|move: Grassy Terrain|[from] ability: Grassy Surge|[of] p1b: Rillaboom
|turn|1
|
|t:|1756983884
|-terastallize|p2b: Primarina|Poison
|move|p1b: Rillaboom|Fake Out|p2a: Dragonite
|-damage|p2a: Dragonite|93/100
|cant|p2a: Dragonite|flinch
|move|p1a: Gholdengo|Nasty Plot|p1a: Gholdengo
|-boost|p1a: Gholdengo|spa|2
|move|p2b: Primarina|Hyper Voice|p1b: Rillaboom|[spread] p1a,p1b
|-resisted|p1b: Rillaboom
|-damage|p1a: Gholdengo|63/100
|-damage|p1b: Rillaboom|82/100
|-enditem|p2b: Primarina|Throat Spray
|-boost|p2b: Primarina|spa|1|[from] item: Throat Spray
|
|-heal|p1a: Gholdengo|68/100|[from] Grassy Terrain
|-heal|p1a: Gholdengo|74/100|[from] item: Leftovers
|-heal|p1b: Rillaboom|88/100|[from] Grassy Terrain
|upkeep
|turn|2
|
|t:|1756983907
|move|p1a: Gholdengo|Protect|p1a: Gholdengo
|-singleturn|p1a: Gholdengo|Protect
|move|p2b: Primarina|Protect|p2b: Primarina
|-singleturn|p2b: Primarina|Protect
|move|p2a: Dragonite|Tailwind|p2a: Dragonite
|-sidestart|p2: koihoiboi|move: Tailwind
|move|p1b: Rillaboom|U-turn|p2b: Primarina
|-activate|p2b: Primarina|move: Protect
|
|-heal|p1a: Gholdengo|80/100|[from] Grassy Terrain
|-heal|p1a: Gholdengo|86/100|[from] item: Leftovers
|-heal|p1b: Rillaboom|94/100|[from] Grassy Terrain
|upkeep
|turn|3
|
|t:|1756983923
|move|p2a: Dragonite|Scale Shot|p1a: Gholdengo
|-resisted|p1a: Gholdengo
|-damage|p1a: Gholdengo|79/100
|-resisted|p1a: Gholdengo
|-damage|p1a: Gholdengo|73/100
|-resisted|p1a: Gholdengo
|-damage|p1a: Gholdengo|66/100
|-resisted|p1a: Gholdengo
|-damage|p1a: Gholdengo|59/100
|-resisted|p1a: Gholdengo
|-damage|p1a: Gholdengo|53/100
|-hitcount|p1a: Gholdengo|5
|-unboost|p2a: Dragonite|def|1
|-boost|p2a: Dragonite|spe|1
|move|p2b: Primarina|Hyper Voice|p1b: Rillaboom|[spread] p1a,p1b
|-resisted|p1b: Rillaboom
|-damage|p1a: Gholdengo|0 fnt
|-damage|p1b: Rillaboom|66/100
|faint|p1a: Gholdengo
|move|p1b: Rillaboom|U-turn|p2b: Primarina
|-resisted|p2b: Primarina
|-damage|p2b: Primarina|83/100
|
|t:|1756983938
|switch|p1b: Dragonite|Dragonite, L50, F|100/100|[from] U-turn
|
|-heal|p2b: Primarina|89/100|[from] Grassy Terrain
|upkeep
|
|t:|1756983940
|switch|p1a: Rillaboom|Rillaboom, L50, M|66/100
|turn|4
|
|t:|1756983950
|-terastallize|p1b: Dragonite|Fairy
|move|p1a: Rillaboom|Fake Out|p2b: Primarina
|-damage|p2b: Primarina|72/100
|move|p2a: Dragonite|Scale Shot|p1b: Dragonite
|-immune|p1b: Dragonite
|cant|p2b: Primarina|flinch
|move|p1b: Dragonite|Scale Shot|p2a: Dragonite
|-supereffective|p2a: Dragonite
|-damage|p2a: Dragonite|41/100
|-supereffective|p2a: Dragonite
|-damage|p2a: Dragonite|0 fnt
|faint|p2a: Dragonite
|-hitcount|p2: Dragonite|2
|-unboost|p1b: Dragonite|def|1
|-boost|p1b: Dragonite|spe|1
|
|-heal|p2b: Primarina|78/100|[from] Grassy Terrain
|-heal|p1a: Rillaboom|72/100|[from] Grassy Terrain
|upkeep
|
|t:|1756983967
|switch|p2a: Sneasler|Sneasler, L50, M|100/100
|turn|5
|
|t:|1756983973
|switch|p1a: Ursaluna|Ursaluna-Bloodmoon, L50, M|100/100
|move|p1b: Dragonite|Protect|p1b: Dragonite
|-singleturn|p1b: Dragonite|Protect
|move|p2a: Sneasler|Dire Claw|p1a: Ursaluna
|-resisted|p1a: Ursaluna
|-damage|p1a: Ursaluna|83/100
|-status|p1a: Ursaluna|slp
|move|p2b: Primarina|Tera Blast|p1b: Dragonite|[anim] Tera Blast Poison
|-activate|p1b: Dragonite|move: Protect
|
|-heal|p2b: Primarina|83/100|[from] Grassy Terrain
|-heal|p1a: Ursaluna|88/100 slp|[from] Grassy Terrain
|-sideend|p2: koihoiboi|move: Tailwind
|-fieldend|move: Grassy Terrain
|upkeep
|turn|6
|
|t:|1756983995
|move|p1b: Dragonite|Scale Shot|p2a: Sneasler|[miss]
|-miss|p1b: Dragonite|p2a: Sneasler
|move|p2a: Sneasler|Dire Claw|p1b: Dragonite
|-supereffective|p1b: Dragonite
|-damage|p1b: Dragonite|20/100
|-status|p1b: Dragonite|psn
|cant|p1a: Ursaluna|slp
|move|p2b: Primarina|Tera Blast|p1b: Dragonite|[anim] Tera Blast Poison
|-supereffective|p1b: Dragonite
|-damage|p1b: Dragonite|0 fnt
|faint|p1b: Dragonite
|
|upkeep
|-message|baerys ❤ forfeited.
|raw|baerys ❤'s rating: 1104 → 1075(-29 for losing)
|raw|koihoiboi's rating: 1046 → 1085(+39 for winning)
|
|win|koihoiboi
|l|☆baerys ❤
|player|p1|
