|j|☆TechBuster
|j|☆MuseigenTest
|html|TechBusterMuseigenTest    
|uhtml|bestof|Game 1 of a best-of-3
|t:|1757038433
|gametype|doubles
|player|p1|TechBuster|266|1203
|player|p2|MuseigenTest|101|1331
|gen|9
|tier|[Gen 9] VGC 2025 Reg H (Bo3)
|rated|
|rule|Species Clause: Limit one of each Pokémon
|rule|Item Clause: Limit 1 of each item
|clearpoke
|poke|p1|Sneasler, L50, M|
|poke|p1|Dragapult, L50, M|
|poke|p1|Primarina, L50, M|
|poke|p1|Rillaboom, L50, M|
|poke|p1|Kingambit, L50, M|
|poke|p1|Magmar, L50, M|
|poke|p2|Sneasler, L50, F|
|poke|p2|Indeedee, L50, M|
|poke|p2|Volcarona, L50, M|
|poke|p2|Ursaluna-Bloodmoon, L50, M|
|poke|p2|Annihilape, L50, F|
|poke|p2|Tyranitar, L50, M|
|teampreview|4
|showteam|p1|Sneasler||FocusSash|PoisonTouch|CloseCombat,DireClaw,FakeOut,Protect|||M|||50|,,,,,Stellar]Dragapult||ChoiceBand|ClearBody|DragonDarts,TeraBlast,PhantomForce,Uturn|||M|||50|,,,,,Ghost]Primarina||SitrusBerry|LiquidVoice|HyperVoice,Moonblast,Haze,Protect|||M|||50|,,,,,Water]Rillaboom||AssaultVest|GrassySurge|WoodHammer,GrassyGlide,HighHorsepower,FakeOut|||M|||50|,,,,,Fire]Kingambit||BlackGlasses|Defiant|KowtowCleave,SuckerPunch,SwordsDance,Protect|||M|||50|,,,,,Ghost]Magmar||Eviolite|VitalSpirit|Overheat,WillOWisp,FollowMe,Protect|||M|||50|,,,,,Ghost
|showteam|p2|Sneasler||PsychicSeed|Unburden|CloseCombat,DireClaw,ThroatChop,Protect|||F|||50|,,,,,Dark]Indeedee||ChoiceScarf|PsychicSurge|ExpandingForce,TeraBlast,Trick,Protect|||M|||50|,,,,,Psychic]Volcarona||SitrusBerry|FlameBody|Overheat,StruggleBug,RagePowder,Tailwind|||M|||50|,,,,,Grass]Ursaluna-Bloodmoon||LifeOrb|MindsEye|BloodMoon,HyperVoice,EarthPower,Protect|||M|||50|,,,,,Normal]Annihilape||SafetyGoggles|Defiant|CloseCombat,RageFist,Taunt,FinalGambit|||F|||50|,,,,,Fairy]Tyranitar||AssaultVest|SandStream|RockSlide,KnockOff,TeraBlast,LowKick|||M|||50|,,,,,Flying
|c|☆MuseigenTest|gl
|inactive|Battle timer is ON: inactive players will automatically lose when time's up. (requested by MuseigenTest)
|inactive|TechBuster has 60 seconds left.
|inactive|MuseigenTest has 60 seconds left.
|inactive|MuseigenTest has 30 seconds left.
|inactive|MuseigenTest has 20 seconds left.
|
|t:|1757038512
|teamsize|p1|4
|teamsize|p2|4
|start
|switch|p1a: Rillaboom|Rillaboom, L50, M|100/100
|switch|p1b: Primarina|Primarina, L50, M|100/100
|switch|p2a: Volcarona|Volcarona, L50, M|100/100
|switch|p2b: Tyranitar|Tyranitar, L50, M|100/100
|-fieldstart|move: Grassy Terrain|[from] ability: Grassy Surge|[of] p1a: Rillaboom
|-weather|Sandstorm|[from] ability: Sand Stream|[of] p2b: Tyranitar
|turn|1
|inactive|TechBuster has 30 seconds left.
|inactive|MuseigenTest has 30 seconds left.
|inactive|TechBuster has 20 seconds left.
|inactive|MuseigenTest has 20 seconds left.
|inactive|TechBuster has 15 seconds left.
|inactive|TechBuster has 10 seconds left.
|inactive|TechBuster has 5 seconds left.
|
|t:|1757038566
|-terastallize|p2b: Tyranitar|Flying
|move|p1a: Rillaboom|Fake Out|p2a: Volcarona
|-damage|p2a: Volcarona|82/100
|cant|p2a: Volcarona|flinch
|move|p2b: Tyranitar|Tera Blast|p1a: Rillaboom|[anim] Tera Blast Flying
|-supereffective|p1a: Rillaboom
|-damage|p1a: Rillaboom|17/100
|move|p1b: Primarina|Hyper Voice|p2a: Volcarona|[spread] p2a,p2b
|-supereffective|p2a: Volcarona
|-damage|p2a: Volcarona|18/100
|-damage|p2b: Tyranitar|81/100
|-enditem|p2a: Volcarona|Sitrus Berry|[eat]
|-heal|p2a: Volcarona|43/100|[from] item: Sitrus Berry
|
|-weather|Sandstorm|[upkeep]
|-damage|p2a: Volcarona|37/100|[from] Sandstorm
|-damage|p1a: Rillaboom|11/100|[from] Sandstorm
|-damage|p2b: Tyranitar|75/100|[from] Sandstorm
|-damage|p1b: Primarina|95/100|[from] Sandstorm
|-heal|p2a: Volcarona|43/100|[from] Grassy Terrain
|-heal|p1a: Rillaboom|17/100|[from] Grassy Terrain
|-heal|p1b: Primarina|100/100|[from] Grassy Terrain
|upkeep
|turn|2
|inactive|MuseigenTest has 30 seconds left.
|inactive|MuseigenTest has 20 seconds left.
|
|t:|1757038604
|move|p1a: Rillaboom|Grassy Glide|p2b: Tyranitar
|-resisted|p2b: Tyranitar
|-crit|p2b: Tyranitar
|-damage|p2b: Tyranitar|52/100
|move|p2a: Volcarona|Tailwind|p2a: Volcarona
|-sidestart|p2: MuseigenTest|move: Tailwind
|move|p2b: Tyranitar|Rock Slide|p1a: Rillaboom|[spread] p1a,p1b
|-damage|p1a: Rillaboom|0 fnt
|-damage|p1b: Primarina|71/100
|faint|p1a: Rillaboom
|cant|p1b: Primarina|flinch
|
|-weather|Sandstorm|[upkeep]
|-damage|p2a: Volcarona|37/100|[from] Sandstorm
|-damage|p2b: Tyranitar|46/100|[from] Sandstorm
|-damage|p1b: Primarina|65/100|[from] Sandstorm
|-heal|p2a: Volcarona|43/100|[from] Grassy Terrain
|-heal|p1b: Primarina|71/100|[from] Grassy Terrain
|upkeep
|
|t:|1757038628
|switch|p1a: Sneasler|Sneasler, L50, M|100/100
|turn|3
|inactive|MuseigenTest has 30 seconds left.
|
|t:|1757038662
|switch|p2a: Indeedee|Indeedee, L50, M|100/100
|-fieldstart|move: Psychic Terrain|[from] ability: Psychic Surge|[of] p2a: Indeedee
|move|p2b: Tyranitar|Tera Blast|p1a: Sneasler|[anim] Tera Blast Flying
|-supereffective|p1a: Sneasler
|-enditem|p1a: Sneasler|Focus Sash
|-damage|p1a: Sneasler|1/100
|move|p1a: Sneasler|Close Combat|p2a: Indeedee
|-damage|p2a: Indeedee|0 fnt
|-unboost|p1a: Sneasler|def|1
|-unboost|p1a: Sneasler|spd|1
|faint|p2a: Indeedee
|move|p1b: Primarina|Hyper Voice|p2b: Tyranitar
|-damage|p2b: Tyranitar|17/100
|
|-weather|Sandstorm|[upkeep]
|-damage|p2b: Tyranitar|12/100|[from] Sandstorm
|-damage|p1a: Sneasler|0 fnt|[from] Sandstorm
|-damage|p1b: Primarina|65/100|[from] Sandstorm
|faint|p1a: Sneasler
|upkeep
|inactive|MuseigenTest has 30 seconds left.
|
|t:|1757038691
|switch|p1a: Dragapult|Dragapult, L50, M|100/100
|switch|p2a: Sneasler|Sneasler, L50, F|100/100
|-enditem|p2a: Sneasler|Psychic Seed
|-boost|p2a: Sneasler|spd|1|[from] item: Psychic Seed
|turn|4
|inactive|MuseigenTest has 30 seconds left.
|inactive|MuseigenTest has 20 seconds left.
|
|t:|1757038730
|-terastallize|p1b: Primarina|Water
|move|p2a: Sneasler|Throat Chop|p1a: Dragapult
|-supereffective|p1a: Dragapult
|-damage|p1a: Dragapult|13/100
|-start|p1a: Dragapult|Throat Chop|[silent]
|move|p1a: Dragapult|Dragon Darts|p2a: Sneasler
|-damage|p2a: Sneasler|31/100
|-anim|p1a: Dragapult|Dragon Darts|p2b: Tyranitar
|-damage|p2b: Tyranitar|0 fnt
|faint|p2b: Tyranitar
|move|p1b: Primarina|Hyper Voice|p2a: Sneasler
|-damage|p2a: Sneasler|0 fnt
|faint|p2a: Sneasler
|
|-weather|Sandstorm|[upkeep]
|-damage|p1a: Dragapult|7/100|[from] Sandstorm
|-damage|p1b: Primarina|59/100|[from] Sandstorm
|upkeep
|
|t:|1757038739
|switch|p2b: Volcarona|Volcarona, L50, M|43/100
|turn|5
|inactive|TechBuster has 30 seconds left.
|inactive|TechBuster has 20 seconds left.
|inactive|TechBuster has 15 seconds left.
|
|t:|1757038780
|move|p2b: Volcarona|Struggle Bug|p1b: Primarina|[spread] p1a,p1b
|-resisted|p1a: Dragapult
|-damage|p1a: Dragapult|0 fnt
|-damage|p1b: Primarina|43/100
|-unboost|p1b: Primarina|spa|1
|-enditem|p1b: Primarina|Sitrus Berry|[eat]
|-heal|p1b: Primarina|68/100|[from] item: Sitrus Berry
|faint|p1a: Dragapult
|move|p1b: Primarina|Hyper Voice|p2b: Volcarona
|-supereffective|p2b: Volcarona
|-damage|p2b: Volcarona|0 fnt
|faint|p2b: Volcarona
|
|win|TechBuster
||TechBuster is ready for game 2.
|inactive|MuseigenTest has 30 seconds to confirm battle start!
||MuseigenTest is ready for game 2.
|uhtml|next|Next: Game 2 of 3
|l|☆TechBuster
|player|p1|
