|j|☆darthnius
|j|☆r4ka
|html|darthniusr4ka    
|uhtml|bestof|Game 2 of a best-of-3
|t:|1756645304
|gametype|doubles
|player|p1|darthnius|volkner|1298
|player|p2|r4ka|169|1150
|gen|9
|tier|[Gen 9] VGC 2025 Reg H (Bo3)
|rated|
|rule|Species Clause: Limit one of each Pokémon
|rule|Item Clause: Limit 1 of each item
|clearpoke
|poke|p1|Frosmoth, L50, F|
|poke|p1|Volcarona, L50, M|
|poke|p1|Ninetales-Alola, L50, M|
|poke|p1|Garchomp, L50, M|
|poke|p1|Rillaboom, L50, F|
|poke|p1|Incineroar, L50, M|
|poke|p2|Rillaboom, L50, M|
|poke|p2|Dragonite, L50, F|
|poke|p2|Sneasler, L50, M|
|poke|p2|Kingambit, L50, M|
|poke|p2|Electabuzz, L50, M|
|poke|p2|Volcarona, L50, F|
|teampreview|4
|showteam|p1|Frosmoth||Leftovers|IceScales|Blizzard,WideGuard,QuiverDance,TeraBlast|||F|||50|,,,,,Water]Volcarona||RockyHelmet|FlameBody|HeatWave,WillOWisp,RagePowder,StruggleBug|||M|||50|,,,,,Steel]Ninetales-Alola||LifeOrb|SnowWarning|FreezeDry,IcyWind,AuroraVeil,Moonblast|||M|||50|,,,,,Ghost]Garchomp||ClearAmulet|RoughSkin|StompingTantrum,BreakingSwipe,RockSlide,Protect|||M|||50|,,,,,Fire]Rillaboom||AssaultVest|GrassySurge|FakeOut,GrassyGlide,WoodHammer,HighHorsepower|||F|||50|,,,,,Fire]Incineroar||SitrusBerry|Intimidate|FakeOut,FlareBlitz,KnockOff,PartingShot|||M|||50|,,,,,Ghost
|showteam|p2|Rillaboom||AssaultVest|GrassySurge|FakeOut,HighHorsepower,WoodHammer,GrassyGlide|||M|||50|,,,,,Fire]Dragonite||LoadedDice|Multiscale|ExtremeSpeed,ScaleShot,Protect,Haze|||F|||50|,,,,,Steel]Sneasler||FocusSash|PoisonTouch|DireClaw,CloseCombat,FakeOut,Coaching|||M|||50|,,,,,Stellar]Kingambit||BlackGlasses|Defiant|KowtowCleave,SuckerPunch,SwordsDance,Protect|||M|||50|,,,,,Dark]Electabuzz||Eviolite|VitalSpirit|Thunderbolt,Taunt,Protect,FollowMe|||M|||50|,,,,,Ghost]Volcarona||Leftovers|FlameBody|HeatWave,TeraBlast,QuiverDance,Protect|||F|||50|,,,,,Fairy
|
|t:|1756645331
|teamsize|p1|4
|teamsize|p2|4
|start
|switch|p1a: Garchomp|Garchomp, L50, M|100/100
|switch|p1b: Volcarona|Volcarona, L50, M|100/100
|switch|p2a: Kingambit|Kingambit, L50, M, shiny|100/100
|switch|p2b: Rillaboom|Rillaboom, L50, M|100/100
|-fieldstart|move: Grassy Terrain|[from] ability: Grassy Surge|[of] p2b: Rillaboom
|turn|1
|inactive|Battle timer is ON: inactive players will automatically lose when time's up. (requested by darthnius)
|
|t:|1756645380
|-terastallize|p2a: Kingambit|Dark
|move|p2b: Rillaboom|Fake Out|p1b: Volcarona
|-damage|p1b: Volcarona|89/100
|-damage|p2b: Rillaboom|84/100|[from] item: Rocky Helmet|[of] p1b: Volcarona
|move|p1a: Garchomp|Stomping Tantrum|p2a: Kingambit
|-damage|p2a: Kingambit|72/100
|cant|p1b: Volcarona|flinch
|move|p2a: Kingambit|Swords Dance|p2a: Kingambit
|-boost|p2a: Kingambit|atk|2
|
|-heal|p1b: Volcarona|95/100|[from] Grassy Terrain
|-heal|p2b: Rillaboom|90/100|[from] Grassy Terrain
|-heal|p2a: Kingambit|78/100|[from] Grassy Terrain
|upkeep
|turn|2
|inactive|darthnius has 30 seconds left.
|
|t:|1756645414
|switch|p2b: Sneasler|Sneasler, L50, M|100/100
|move|p2a: Kingambit|Protect|p2a: Kingambit
|-singleturn|p2a: Kingambit|Protect
|move|p1a: Garchomp|Rock Slide|p2b: Sneasler|[spread] p2b
|-activate|p2a: Kingambit|move: Protect
|-resisted|p2b: Sneasler
|-damage|p2b: Sneasler|86/100
|move|p1b: Volcarona|Will-O-Wisp|p2a: Kingambit
|-activate|p2a: Kingambit|move: Protect
|
|-heal|p2b: Sneasler|92/100|[from] Grassy Terrain
|-heal|p1b: Volcarona|100/100|[from] Grassy Terrain
|-heal|p2a: Kingambit|84/100|[from] Grassy Terrain
|upkeep
|turn|3
|inactive|r4ka has 30 seconds left.
|inactive|r4ka has 20 seconds left.
|inactive|r4ka has 15 seconds left.
|inactive|r4ka has 10 seconds left.
|inactive|r4ka has 5 seconds left.
|
|t:|1756645465
|move|p2b: Sneasler|Fake Out|p1b: Volcarona
|-damage|p1b: Volcarona|87/100
|-damage|p2b: Sneasler|76/100|[from] item: Rocky Helmet|[of] p1b: Volcarona
|move|p2a: Kingambit|Sucker Punch|p1a: Garchomp
|-damage|p1a: Garchomp|0 fnt
|-damage|p2a: Kingambit|72/100|[from] ability: Rough Skin|[of] p1a: Garchomp
|faint|p1a: Garchomp
|cant|p1b: Volcarona|flinch
|
|-heal|p2b: Sneasler|82/100|[from] Grassy Terrain
|-heal|p1b: Volcarona|93/100|[from] Grassy Terrain
|-heal|p2a: Kingambit|78/100|[from] Grassy Terrain
|upkeep
|
|t:|1756645485
|switch|p1a: Rillaboom|Rillaboom, L50, F|100/100
|turn|4
|
|t:|1756645503
|move|p1b: Volcarona|Rage Powder|p1b: Volcarona
|-singleturn|p1b: Volcarona|move: Rage Powder
|move|p2b: Sneasler|Coaching|p2a: Kingambit
|-boost|p2a: Kingambit|atk|1
|-boost|p2a: Kingambit|def|1
|move|p1a: Rillaboom|Wood Hammer|p2a: Kingambit
|-damage|p2a: Kingambit|38/100
|-damage|p1a: Rillaboom|87/100|[from] Recoil
|move|p2a: Kingambit|Swords Dance|p2a: Kingambit
|-boost|p2a: Kingambit|atk|2
|
|-heal|p2b: Sneasler|88/100|[from] Grassy Terrain
|-heal|p1b: Volcarona|99/100|[from] Grassy Terrain
|-heal|p1a: Rillaboom|93/100|[from] Grassy Terrain
|-heal|p2a: Kingambit|44/100|[from] Grassy Terrain
|upkeep
|turn|5
|
|t:|1756645520
|move|p2a: Kingambit|Protect|p2a: Kingambit
|-singleturn|p2a: Kingambit|Protect
|move|p1a: Rillaboom|Grassy Glide|p2a: Kingambit
|-activate|p2a: Kingambit|move: Protect
|move|p2b: Sneasler|Dire Claw|p1a: Rillaboom
|-supereffective|p1a: Rillaboom
|-damage|p1a: Rillaboom|17/100
|-status|p1a: Rillaboom|psn|[from] ability: Poison Touch|[of] p2b: Sneasler
|move|p1b: Volcarona|Heat Wave|p2a: Kingambit|[spread] p2b
|-activate|p2a: Kingambit|move: Protect
|-damage|p2b: Sneasler|40/100
|
|-heal|p2b: Sneasler|46/100|[from] Grassy Terrain
|-heal|p1b: Volcarona|100/100|[from] Grassy Terrain
|-heal|p1a: Rillaboom|23/100 psn|[from] Grassy Terrain
|-heal|p2a: Kingambit|50/100|[from] Grassy Terrain
|-damage|p1a: Rillaboom|11/100 psn|[from] psn
|-fieldend|move: Grassy Terrain
|upkeep
|turn|6
|
|t:|1756645538
|move|p2a: Kingambit|Sucker Punch|p1b: Volcarona
|-damage|p1b: Volcarona|0 fnt
|-damage|p2a: Kingambit|34/100|[from] item: Rocky Helmet|[of] p1b: Volcarona
|faint|p1b: Volcarona
|move|p2b: Sneasler|Dire Claw|p1a: Rillaboom
|-supereffective|p1a: Rillaboom
|-damage|p1a: Rillaboom|0 fnt
|faint|p1a: Rillaboom
|
|upkeep
|
|t:|1756645548
|switch|p1b: Incineroar|Incineroar, L50, M|100/100
|-ability|p1b: Incineroar|Intimidate|boost
|-unboost|p2a: Kingambit|atk|1
|-ability|p2a: Kingambit|Defiant|boost
|-boost|p2a: Kingambit|atk|2
|-unboost|p2b: Sneasler|atk|1
|turn|7
|
|t:|1756645558
|move|p2a: Kingambit|Sucker Punch|p1b: Incineroar
|-resisted|p1b: Incineroar
|-damage|p1b: Incineroar|0 fnt
|faint|p1b: Incineroar
|
|win|r4ka
||r4ka is ready for game 3.
||darthnius is ready for game 3.
|uhtml|next|Next: Game 3 of 3
