|j|☆Tajinvgc2
|j|☆AlrunaDream
|html|Tajinvgc2AlrunaDream    
|uhtml|bestof|Game 3 of a best-of-3
|t:|1783826441
|gametype|doubles
|player|p1|Tajinvgc2|265|1080
|player|p2|AlrunaDream|170|1047
|gen|9
|tier|[Gen 9 Champions] VGC 2026 Reg M-B (Bo3)
|rated|
|rule|Species Clause: Limit one of each Pokémon
|rule|Item Clause: Limit 1 of each item
|clearpoke
|poke|p1|Charizard, L50, M, shiny|
|poke|p1|Kingambit, L50, M, shiny|
|poke|p1|Sylveon, L50, M, shiny|
|poke|p1|Garchomp, L50, F, shiny|
|poke|p1|Aerodactyl, L50, M|
|poke|p1|Farigiraf, L50, F, shiny|
|poke|p2|Lopunny, L50, M|
|poke|p2|Sylveon, L50, M|
|poke|p2|Talonflame, L50, F|
|poke|p2|Basculegion, L50, M|
|poke|p2|Dragonite, L50, F|
|poke|p2|Archaludon, L50, M|
|teampreview|4
|showteam|p1|Charizard||CharizarditeY|SolarPower|HeatWave,WeatherBall,SolarBeam,Protect|Modest||M|||50|]Kingambit||FocusSash|Defiant|IronHead,SuckerPunch,KowtowCleave,LowKick|Adamant||M|||50|]Sylveon||FairyFeather|Pixilate|Detect,HyperVoice,HyperBeam,QuickAttack|Modest||M|||50|]Garchomp||LifeOrb|RoughSkin|Protect,DragonClaw,Earthquake,StompingTantrum|Jolly||F|||50|]Aerodactyl||Aerodactylite|Unnerve|RockSlide,Tailwind,DualWingbeat,IceFang|Jolly||M|||50|]Farigiraf||SitrusBerry|ArmorTail|TrickRoom,Psychic,Thunderbolt,Protect|Bold||F|||50|
|showteam|p2|Lopunny||Lopunnite|CuteCharm|CloseCombat,GigaImpact,FakeOut,Encore|Jolly||M|||50|]Sylveon||FairyFeather|Pixilate|HyperVoice,HyperBeam,QuickAttack,Detect|Modest||M|||50|]Talonflame|||GaleWings|Acrobatics,FlareBlitz,Tailwind,Protect|Adamant||F|||50|]Basculegion||FocusSash|Adaptability|Liquidation,LastRespects,AquaJet,Protect|Adamant||M|||50|]Dragonite||Dragoninite|InnerFocus|DragonPulse,AirSlash,ExtremeSpeed,Protect|Modest||F|||50|]Archaludon||ChoiceScarf|Sturdy|FlashCannon,DracoMeteor,Thunderbolt,AuraSphere|Modest||M|||50|
|inactive|Battle timer is ON: inactive players will automatically lose when time's up. (requested by Tajinvgc2)
|inactive|Tajinvgc2 has 60 seconds left.
|
|t:|1783826498
|teamsize|p1|4
|teamsize|p2|4
|start
|switch|p1a: Aerodactyl|Aerodactyl, L50, M|100/100
|switch|p1b: Kingambit|Kingambit, L50, M, shiny|100/100
|switch|p2a: Lopunny|Lopunny, L50, M|100/100
|switch|p2b: Sylveon|Sylveon, L50, M|100/100
|-ability|p1a: Aerodactyl|Unnerve
|turn|1
|
|t:|1783826519
|detailschange|p1a: Aerodactyl|Aerodactyl-Mega, L50, M
|-mega|p1a: Aerodactyl|Aerodactyl|Aerodactylite
|detailschange|p2a: Lopunny|Lopunny-Mega, L50, M
|-mega|p2a: Lopunny|Lopunny|Lopunnite
|move|p2a: Lopunny|Fake Out|p1b: Kingambit
|-resisted|p1b: Kingambit|1
|-damage|p1b: Kingambit|89/100
|move|p1a: Aerodactyl|Tailwind|p1a: Aerodactyl
|-sidestart|p1: Tajinvgc2|move: Tailwind
|cant|p1b: Kingambit|flinch
|move|p2b: Sylveon|Hyper Voice|p1b: Kingambit|[spread] p1a,p1b
|-damage|p1a: Aerodactyl|47/100
|-damage|p1b: Kingambit|43/100
|
|upkeep
|turn|2
|
|t:|1783826539
|move|p1a: Aerodactyl|Dual Wingbeat|p2a: Lopunny
|-supereffective|p2a: Lopunny|1
|-damage|p2a: Lopunny|36/100
|-supereffective|p2a: Lopunny|1
|-damage|p2a: Lopunny|0 fnt
|faint|p2a: Lopunny
|-hitcount|p2: Lopunny|2
|move|p1b: Kingambit|Iron Head|p2b: Sylveon
|-supereffective|p2b: Sylveon|1
|-damage|p2b: Sylveon|2/100
|move|p2b: Sylveon|Hyper Voice|p1b: Kingambit|[spread] p1a,p1b
|-damage|p1a: Aerodactyl|0 fnt
|-damage|p1b: Kingambit|0 fnt
|faint|p1a: Aerodactyl
|faint|p1b: Kingambit
|
|upkeep
|
|t:|1783826555
|switch|p1a: Sylveon|Sylveon, L50, M, shiny|100/100
|switch|p2a: Archaludon|Archaludon, L50, M|100/100
|switch|p1b: Farigiraf|Farigiraf, L50, F, shiny|100/100
|turn|3
|
|t:|1783826568
|move|p2a: Archaludon|Flash Cannon|p1a: Sylveon
|-supereffective|p1a: Sylveon|1
|-damage|p1a: Sylveon|22/100
|move|p1a: Sylveon|Hyper Voice|p2b: Sylveon|[spread] p2a,p2b
|-damage|p2a: Archaludon|33/100
|-damage|p2b: Sylveon|0 fnt
|faint|p2b: Sylveon
|move|p1b: Farigiraf|Psychic|p2a: Archaludon
|-resisted|p2a: Archaludon|1
|-crit|p2a: Archaludon
|-damage|p2a: Archaludon|0 fnt
|faint|p2a: Archaludon
|
|upkeep
|
|t:|1783826573
|switch|p2b: Basculegion|Basculegion, L50, M|100/100
|turn|4
|
|t:|1783826588
|move|p1a: Sylveon|Quick Attack|p2b: Basculegion
|-damage|p2b: Basculegion|83/100
|move|p1b: Farigiraf|Thunderbolt|p2b: Basculegion
|-supereffective|p2b: Basculegion|1
|-damage|p2b: Basculegion|32/100
|-status|p2b: Basculegion|par
|move|p2b: Basculegion|Last Respects|p1a: Sylveon
|-damage|p1a: Sylveon|0 fnt
|faint|p1a: Sylveon
|
|-sideend|p1: Tajinvgc2|move: Tailwind
|upkeep
|turn|5
|
|t:|1783826601
|move|p1b: Farigiraf|Thunderbolt|p2b: Basculegion
|-supereffective|p2b: Basculegion|1
|-damage|p2b: Basculegion|0 fnt
|faint|p2b: Basculegion
|
|win|Tajinvgc2
|raw|Tajinvgc2's rating: 1080 → 1105(+25 for winning)
|raw|AlrunaDream's rating: 1047 → 1032(-15 for losing)
