|j|☆eevee1ynn
|j|☆Pietplezier7
|html|eevee1ynnPietplezier7    
|uhtml|bestof|Game 3 of a best-of-3
|t:|1785961065
|gametype|doubles
|player|p1|eevee1ynn|irida-masters2|
|player|p2|Pietplezier7|zinnia|
|gen|9
|tier|[Gen 9 Champions] VGC 2026 Reg M-B (Bo3)
|rule|Species Clause: Limit one of each Pokémon
|rule|Item Clause: Limit 1 of each item
|clearpoke
|poke|p1|Raichu, L50, M|
|poke|p1|Talonflame, L50, F|
|poke|p1|Maushold, L50|
|poke|p1|Kommo-o, L50, F|
|poke|p1|Tsareena, L50, F|
|poke|p1|Delphox, L50, F|
|poke|p2|Raichu, L50, F|
|poke|p2|Staraptor, L50, F|
|poke|p2|Arcanine-Hisui, L50, M|
|poke|p2|Farigiraf, L50, M|
|poke|p2|Sylveon, L50, F|
|poke|p2|Kingambit, L50, M|
|teampreview|4
|showteam|p1|Raichu||RaichuniteY|LightningRod|Protect,ZapCannon,FocusBlast,FakeOut|Timid||M|||50|]Talonflame||SharpBeak|GaleWings|QuickGuard,DualWingbeat,Feint,Tailwind|Jolly||F|||50|]Maushold||FocusSash|FriendGuard|Protect,SuperFang,Encore,FollowMe|Timid|||||50|]Kommo-o||LifeOrb|Overcoat|Protect,AuraSphere,ClangingScales,VacuumWave|Modest||F|||50|]Tsareena||WideLens|QueenlyMajesty|Protect,PowerWhip,TripleAxel,Taunt|Adamant||F|||50|]Delphox||Delphoxite|Blaze|Protect,HeatWave,Psychic,Substitute|Timid||F|||50|
|showteam|p2|Raichu||RaichuniteY|LightningRod|ZapCannon,FocusBlast,FakeOut,Protect|Timid||F|||50|]Staraptor||Staraptite|Intimidate|CloseCombat,DualWingbeat,Tailwind,Protect|Jolly||F|||50|]Arcanine-Hisui||FocusSash|RockHead|FlareBlitz,HeadSmash,ExtremeSpeed,Protect|Jolly||M|||50|]Farigiraf||SitrusBerry|ArmorTail|Psychic,HelpingHand,TrickRoom,Protect|Calm||M|||50|]Sylveon||FairyFeather|Pixilate|HyperVoice,QuickAttack,HyperBeam,Detect|Modest||F|||50|]Kingambit||LifeOrb|Defiant|KowtowCleave,SuckerPunch,SwordsDance,Protect|Adamant||M|||50|
|inactive|Battle timer is ON: inactive players will automatically lose when time's up. (requested by Pietplezier7)
|inactive|Pietplezier7 has 60 seconds left.
|inactive|eevee1ynn has 60 seconds left.
|
|t:|1785961122
|teamsize|p1|4
|teamsize|p2|4
|start
|switch|p1a: Maushold|Maushold, L50|100/100
|switch|p1b: Kommo-o|Kommo-o, L50, F|100/100
|switch|p2a: Raichu|Raichu, L50, F|100/100
|switch|p2b: Farigiraf|Farigiraf, L50, M|100/100
|turn|1
|inactive|eevee1ynn has 30 seconds left.
|inactive|Pietplezier7 has 30 seconds left.
|
|t:|1785961157
|switch|p1b: Tsareena|Tsareena, L50, F|100/100
|detailschange|p2a: Raichu|Raichu-Mega-Y, L50, F
|-mega|p2a: Raichu|Raichu|Raichunite Y
|move|p2a: Raichu|Fake Out||[still]
|cant|p1b: Tsareena|ability: Queenly Majesty|Fake Out|[of] p2a: Raichu
|move|p1a: Maushold|Super Fang|p2a: Raichu
|-damage|p2a: Raichu|50/100g
|move|p2b: Farigiraf|Trick Room|p2b: Farigiraf
|-fieldstart|move: Trick Room|[of] p2b: Farigiraf
|
|upkeep
|turn|2
|
|t:|1785961176
|switch|p2a: Sylveon|Sylveon, L50, F|100/100
|move|p2b: Farigiraf|Psychic|p1a: Maushold
|-damage|p1a: Maushold|54/100
|move|p1b: Tsareena|Power Whip|p2a: Sylveon
|-crit|p2a: Sylveon
|-damage|p2a: Sylveon|8/100
|move|p1a: Maushold|Super Fang|p2b: Farigiraf|[miss]
|-miss|p1a: Maushold|p2b: Farigiraf
|
|upkeep
|turn|3
|inactive|Pietplezier7 has 30 seconds left.
|
|t:|1785961208
|move|p2a: Sylveon|Detect|p2a: Sylveon
|-singleturn|p2a: Sylveon|Protect
|move|p1a: Maushold|Follow Me|p1a: Maushold
|-singleturn|p1a: Maushold|move: Follow Me
|move|p2b: Farigiraf|Psychic|p1a: Maushold
|-damage|p1a: Maushold|8/100
|move|p1b: Tsareena|Triple Axel|p2a: Sylveon
|-activate|p2a: Sylveon|move: Protect
|
|upkeep
|turn|4
|
|t:|1785961223
|move|p1b: Tsareena|Protect|p1b: Tsareena
|-singleturn|p1b: Tsareena|Protect
|move|p2b: Farigiraf|Psychic|p1a: Maushold
|-damage|p1a: Maushold|0 fnt
|faint|p1a: Maushold
|move|p2a: Sylveon|Hyper Beam|p1b: Tsareena
|-activate|p1b: Tsareena|move: Protect
|
|upkeep
|
|t:|1785961229
|switch|p1a: Delphox|Delphox, L50, F|100/100
|turn|5
|inactive|Pietplezier7 has 30 seconds left.
|inactive|Pietplezier7 has 20 seconds left.
|
|t:|1785961268
|detailschange|p1a: Delphox|Delphox-Mega, L50, F
|-mega|p1a: Delphox|Delphox|Delphoxite
|move|p2b: Farigiraf|Psychic|p1b: Tsareena
|-damage|p1b: Tsareena|63/100
|move|p2a: Sylveon|Hyper Beam|p1b: Tsareena
|-damage|p1b: Tsareena|0 fnt
|-mustrecharge|p2a: Sylveon
|faint|p1b: Tsareena
|move|p1a: Delphox|Heat Wave|p2b: Farigiraf|[spread] p2a,p2b
|-damage|p2a: Sylveon|0 fnt
|-damage|p2b: Farigiraf|66/100
|faint|p2a: Sylveon
|
|-fieldend|move: Trick Room
|upkeep
|
|t:|1785961289
|switch|p1b: Kommo-o|Kommo-o, L50, F|100/100
|switch|p2a: Raichu|Raichu-Mega-Y, L50, F|50/100g
|turn|6
|inactive|Pietplezier7 has 30 seconds left.
|inactive|Pietplezier7 has 20 seconds left.
|inactive|Pietplezier7 has 15 seconds left.
|inactive|Pietplezier7 has 10 seconds left.
|
|t:|1785961339
|move|p2b: Farigiraf|Protect|p2b: Farigiraf
|-singleturn|p2b: Farigiraf|Protect
|move|p1a: Delphox|Heat Wave|p2a: Raichu|[spread] p2a
|-activate|p2b: Farigiraf|move: Protect
|-damage|p2a: Raichu|0 fnt
|faint|p2a: Raichu
|move|p1b: Kommo-o|Aura Sphere|p2b: Farigiraf
|-activate|p2b: Farigiraf|move: Protect
|
|upkeep
|
|t:|1785961345
|switch|p2a: Arcanine|Arcanine-Hisui, L50, M|100/100
|turn|7
|
|t:|1785961361
|move|p2b: Farigiraf|Protect||[still]
|-fail|p2b: Farigiraf
|move|p1a: Delphox|Heat Wave|p2b: Farigiraf|[spread] p2a,p2b
|-resisted|p2a: Arcanine|2
|-damage|p2a: Arcanine|85/100
|-damage|p2b: Farigiraf|29/100
|-enditem|p2b: Farigiraf|Sitrus Berry|[eat]
|-heal|p2b: Farigiraf|54/100|[from] item: Sitrus Berry
|move|p2a: Arcanine|Head Smash|p1a: Delphox
|-supereffective|p1a: Delphox|1
|-damage|p1a: Delphox|0 fnt
|faint|p1a: Delphox
|move|p1b: Kommo-o|Aura Sphere|p2b: Farigiraf
|-damage|p2b: Farigiraf|12/100
|-damage|p1b: Kommo-o|90/100|[from] item: Life Orb
|
|upkeep
|turn|8
|inactive|eevee1ynn has 30 seconds left.
|inactive|Pietplezier7 has 30 seconds left.
|
|t:|1785961394
|move|p2b: Farigiraf|Helping Hand|p2a: Arcanine
|-singleturn|p2a: Arcanine|Helping Hand|[of] p2b: Farigiraf
|move|p2a: Arcanine|Head Smash|p1b: Kommo-o|[miss]
|-miss|p2a: Arcanine|p1b: Kommo-o
|move|p1b: Kommo-o|Aura Sphere|p2b: Farigiraf
|-damage|p2b: Farigiraf|0 fnt
|faint|p2b: Farigiraf
|-damage|p1b: Kommo-o|80/100|[from] item: Life Orb
|
|upkeep
|turn|9
|
|t:|1785961405
|move|p2a: Arcanine|Head Smash|p1b: Kommo-o
|-resisted|p1b: Kommo-o|1
|-damage|p1b: Kommo-o|43/100
|move|p1b: Kommo-o|Aura Sphere|p2a: Arcanine
|-supereffective|p2a: Arcanine|1
|-damage|p2a: Arcanine|0 fnt
|faint|p2a: Arcanine
|-damage|p1b: Kommo-o|33/100|[from] item: Life Orb
|
|win|eevee1ynn
|c|☆Pietplezier7|ggs
|c|☆eevee1ynn|ggs
