|j|☆jsgshsts
|j|☆colemarcusvgc
|html|jsgshstscolemarcusvgc    
|uhtml|bestof|Game 1 of a best-of-3
|t:|1757795331
|gametype|doubles
|player|p1|jsgshsts|1|1000
|player|p2|colemarcusvgc|n|1067
|gen|9
|tier|[Gen 9] VGC 2025 Reg H (Bo3)
|rated|
|rule|Species Clause: Limit one of each Pokémon
|rule|Item Clause: Limit 1 of each item
|clearpoke
|poke|p1|Volcarona, L50, M|
|poke|p1|Rillaboom, L50, F|
|poke|p1|Sinistcha-Masterpiece, L50|
|poke|p1|Gholdengo, L50|
|poke|p1|Sneasler, L50, M|
|poke|p1|Dragonite, L50, F|
|poke|p2|Indeedee-F, L50, F|
|poke|p2|Hatterene, L50, F|
|poke|p2|Gallade, L50, M|
|poke|p2|Ursaluna, L50, M|
|poke|p2|Torkoal, L50, F|
|poke|p2|Zoroark-Hisui, L50, F|
|teampreview|4
|showteam|p1|Volcarona||CovertCloak|FlameBody|QuiverDance,HeatWave,TeraBlast,Protect|||M|||50|,,,,,Fairy]Rillaboom||AssaultVest|GrassySurge|Uturn,WoodHammer,GrassyGlide,FakeOut|||F|||50|,,,,,Fire]Sinistcha-Masterpiece||RockyHelmet|Hospitality|MatchaGotcha,RagePowder,TrickRoom,Imprison||||||50|,,,,,Dark]Gholdengo||MetalCoat|GoodasGold|MakeItRain,ShadowBall,NastyPlot,Protect||||||50|,,,,,Dragon]Sneasler||FocusSash|Unburden|DireClaw,CloseCombat,FakeOut,Protect|||M|||50|,,,,,Stellar]Dragonite||LoadedDice|Multiscale|ScaleShot,Tailwind,Haze,Protect|||F|||50|,,,,,Fairy
|showteam|p2|Indeedee-F||PsychicSeed|PsychicSurge|TrickRoom,FollowMe,HelpingHand,DazzlingGleam|||F|||50|,,,,,Fire]Hatterene||TwistedSpoon|MagicBounce|ExpandingForce,TrickRoom,DazzlingGleam,Protect|||F|||50|,,,,,Water]Gallade||ClearAmulet|Sharpness|SacredSword,PsychoCut,TrickRoom,WideGuard|||M|||50|,,,,,Grass]Ursaluna||FlameOrb|Guts|HeadlongRush,Facade,Earthquake,Protect|||M|||50|,,,,,Ghost]Torkoal||ChoiceSpecs|Drought|Eruption,HeatWave,WeatherBall,EarthPower|||F|||50|,,,,,Fire]Zoroark-Hisui||FocusSash|Illusion|HyperVoice,BitterMalice,Snarl,Taunt|||F|||50|,,,,,Stellar
|
|t:|1757795352
|teamsize|p1|4
|teamsize|p2|4
|start
|switch|p1a: Dragonite|Dragonite, L50, F|100/100
|switch|p1b: Sinistcha|Sinistcha-Masterpiece, L50|100/100
|switch|p2a: Indeedee|Indeedee-F, L50, F|100/100
|switch|p2b: Gallade|Gallade, L50, M|100/100
|-fieldstart|move: Psychic Terrain|[from] ability: Psychic Surge|[of] p2a: Indeedee
|-enditem|p2a: Indeedee|Psychic Seed
|-boost|p2a: Indeedee|spd|1|[from] item: Psychic Seed
|turn|1
|inactive|Battle timer is ON: inactive players will automatically lose when time's up. (requested by colemarcusvgc)
|
|t:|1757795378
|move|p1a: Dragonite|Scale Shot|p2b: Gallade
|-damage|p2b: Gallade|79/100
|-damage|p2b: Gallade|60/100
|-damage|p2b: Gallade|39/100
|-damage|p2b: Gallade|18/100
|-hitcount|p2b: Gallade|4
|-unboost|p1a: Dragonite|def|1
|-boost|p1a: Dragonite|spe|1
|move|p1b: Sinistcha|Imprison|p1b: Sinistcha
|-start|p1b: Sinistcha|move: Imprison
|move|p2a: Indeedee|Dazzling Gleam|p1b: Sinistcha|[spread] p1a,p1b
|-supereffective|p1a: Dragonite
|-damage|p1a: Dragonite|86/100
|-damage|p1b: Sinistcha|89/100
|move|p2b: Gallade|Psycho Cut|p1b: Sinistcha
|-damage|p1b: Sinistcha|16/100
|
|upkeep
|turn|2
|inactive|jsgshsts has 30 seconds left.
|inactive|colemarcusvgc has 30 seconds left.
|
|t:|1757795408
|move|p2a: Indeedee|Follow Me|p2a: Indeedee
|-singleturn|p2a: Indeedee|move: Follow Me
|move|p1a: Dragonite|Scale Shot|p2a: Indeedee
|-damage|p2a: Indeedee|87/100
|-damage|p2a: Indeedee|72/100
|-damage|p2a: Indeedee|58/100
|-damage|p2a: Indeedee|43/100
|-damage|p2a: Indeedee|30/100
|-hitcount|p2a: Indeedee|5
|-unboost|p1a: Dragonite|def|1
|-boost|p1a: Dragonite|spe|1
|move|p1b: Sinistcha|Matcha Gotcha|p2b: Gallade|[spread] p2a,p2b
|-damage|p2a: Indeedee|13/100
|-heal|p1b: Sinistcha|25/100|[from] drain|[of] p2a: Indeedee
|-damage|p2b: Gallade|0 fnt
|-heal|p1b: Sinistcha|34/100|[from] drain|[of] p2b: Gallade
|faint|p2b: Gallade
|
|upkeep
|
|t:|1757795428
|switch|p2b: Hatterene|Hatterene, L50, F|100/100
|turn|3
|
|t:|1757795440
|-terastallize|p2b: Hatterene|Water
|move|p1b: Sinistcha|Rage Powder|p1b: Sinistcha
|-singleturn|p1b: Sinistcha|move: Rage Powder
|move|p2a: Indeedee|Follow Me|p2a: Indeedee
|-singleturn|p2a: Indeedee|move: Follow Me
|move|p1a: Dragonite|Scale Shot|p2a: Indeedee|[miss]
|-miss|p1a: Dragonite|p2a: Indeedee
|move|p2b: Hatterene|Expanding Force|p1a: Dragonite|[spread] p1a,p1b
|-damage|p1a: Dragonite|3/100
|-damage|p1b: Sinistcha|0 fnt
|faint|p1b: Sinistcha
|
|upkeep
|
|t:|1757795450
|switch|p1b: Sneasler|Sneasler, L50, M|100/100
|turn|4
|
|t:|1757795458
|move|p2a: Indeedee|Follow Me|p2a: Indeedee
|-singleturn|p2a: Indeedee|move: Follow Me
|move|p1a: Dragonite|Scale Shot|p2a: Indeedee
|-damage|p2a: Indeedee|0 fnt
|faint|p2a: Indeedee
|-hitcount|p2: Indeedee|1
|-unboost|p1a: Dragonite|def|1
|-boost|p1a: Dragonite|spe|1
|move|p1b: Sneasler|Dire Claw|p2b: Hatterene
|-damage|p2b: Hatterene|55/100
|-status|p2b: Hatterene|psn
|move|p2b: Hatterene|Trick Room|p2b: Hatterene
|-fieldstart|move: Trick Room|[of] p2b: Hatterene
|
|-damage|p2b: Hatterene|43/100 psn|[from] psn
|upkeep
|
|t:|1757795471
|switch|p2a: Torkoal|Torkoal, L50, F|100/100
|-weather|SunnyDay|[from] ability: Drought|[of] p2a: Torkoal
|turn|5
|
|t:|1757795481
|move|p2a: Torkoal|Eruption|p1a: Dragonite|[spread] p1a,p1b
|-resisted|p1a: Dragonite
|-damage|p1a: Dragonite|0 fnt
|-enditem|p1b: Sneasler|Focus Sash
|-damage|p1b: Sneasler|1/100
|faint|p1a: Dragonite
|move|p2b: Hatterene|Expanding Force|p1b: Sneasler
|-supereffective|p1b: Sneasler
|-crit|p1b: Sneasler
|-damage|p1b: Sneasler|0 fnt
|faint|p1b: Sneasler
|
|-weather|SunnyDay|[upkeep]
|-damage|p2b: Hatterene|31/100 psn|[from] psn
|-fieldend|move: Psychic Terrain
|upkeep
|
|t:|1757795491
|switch|p1b: Volcarona|Volcarona, L50, M, shiny|100/100
|turn|6
|-message|jsgshsts forfeited.
|
|win|colemarcusvgc
|l|☆jsgshsts
|player|p1|
