|j|☆cowking1736
|j|☆Belinvgc
|html|cowking1736Belinvgc    
|uhtml|bestof|Game 2 of a best-of-3
|t:|1784136949
|gametype|doubles
|player|p1|cowking1736|ethan|
|player|p2|Belinvgc|265|
|gen|9
|tier|[Gen 9 Champions] VGC 2026 Reg M-B (Bo3)
|rule|Species Clause: Limit one of each Pokémon
|rule|Item Clause: Limit 1 of each item
|clearpoke
|poke|p1|Weavile, L50, M|
|poke|p1|Raichu, L50, F|
|poke|p1|Ceruledge, L50, M|
|poke|p1|Milotic, L50, F|
|poke|p1|Sinistcha, L50|
|poke|p1|Skarmory, L50, M|
|poke|p2|Blastoise, L50, M|
|poke|p2|Incineroar, L50, M|
|poke|p2|Sinistcha, L50|
|poke|p2|Floette-Eternal, L50, F|
|poke|p2|Sneasler, L50, F|
|poke|p2|Maushold, L50|
|teampreview|4
|showteam|p1|Weavile||FocusSash|Pickpocket|FakeOut,TripleAxel,KnockOff,LowKick|Jolly||M|||50|]Raichu||RaichuniteY|LightningRod|Protect,FakeOut,ZapCannon,FocusBlast|Timid||F|||50|]Ceruledge||ColburBerry|FlashFire|Protect,BulkUp,ShadowSneak,BitterBlade|Adamant||M|||50|]Milotic||Leftovers|Competitive|MuddyWater,Coil,Hypnosis,Protect|Calm||F|||50|]Sinistcha||KasibBerry|Hospitality|MatchaGotcha,LifeDew,Protect,RagePowder|Relaxed|||||50|]Skarmory||Skarmorite|Sturdy|Protect,SwordsDance,BraveBird,IronHead|Jolly||M|||50|
|showteam|p2|Blastoise||Blastoisinite|RainDish|WaterSpout,DarkPulse,ShellSmash,Protect|Modest||M|||50|]Incineroar||SitrusBerry|Intimidate|FlareBlitz,FakeOut,PartingShot,HelpingHand|Impish||M|||50|]Sinistcha||OccaBerry|Hospitality|MatchaGotcha,RagePowder,TrickRoom,Protect|Relaxed|||||50|]Floette-Eternal||Floettite|FlowerVeil|DazzlingGleam,DrainingKiss,CalmMind,Protect|Modest||F|||50|]Sneasler||FocusSash|PoisonTouch|DireClaw,CloseCombat,FakeOut,QuickGuard|Jolly||F|||50|]Maushold||LumBerry|FriendGuard|SuperFang,FollowMe,Feint,Protect|Timid|||||50|
|inactive|Battle timer is ON: inactive players will automatically lose when time's up. (requested by cowking1736)
|inactive|cowking1736 has 60 seconds left.
|
|t:|1784136996
|teamsize|p1|4
|teamsize|p2|4
|start
|switch|p1a: Weavile|Weavile, L50, M|100/100
|switch|p1b: Raichu|Raichu, L50, F|100/100
|switch|p2a: Blastoise|Blastoise, L50, M|100/100
|switch|p2b: Maushold|Maushold, L50|100/100
|turn|1
|inactive|Belinvgc has 30 seconds left.
|
|t:|1784137028
|detailschange|p2a: Blastoise|Blastoise-Mega, L50, M
|-mega|p2a: Blastoise|Blastoise|Blastoisinite
|move|p2b: Maushold|Protect|p2b: Maushold
|-singleturn|p2b: Maushold|Protect
|move|p2a: Blastoise|Protect|p2a: Blastoise
|-singleturn|p2a: Blastoise|Protect
|move|p1b: Raichu|Fake Out|p2a: Blastoise
|-activate|p2a: Blastoise|move: Protect
|move|p1a: Weavile|Triple Axel|p2b: Maushold
|-activate|p2b: Maushold|move: Protect
|
|upkeep
|turn|2
|
|t:|1784137047
|detailschange|p1b: Raichu|Raichu-Mega-Y, L50, F
|-mega|p1b: Raichu|Raichu|Raichunite Y
|move|p2b: Maushold|Follow Me|p2b: Maushold
|-singleturn|p2b: Maushold|move: Follow Me
|move|p1a: Weavile|Triple Axel|p2b: Maushold
|-damage|p2b: Maushold|86/100
|-damage|p2b: Maushold|62/100
|-crit|p2b: Maushold
|-damage|p2b: Maushold|2/100
|-hitcount|p2b: Maushold|3
|move|p1b: Raichu|Zap Cannon|p2b: Maushold
|-damage|p2b: Maushold|0 fnt
|faint|p2b: Maushold
|move|p2a: Blastoise|Shell Smash|p2a: Blastoise
|-unboost|p2a: Blastoise|def|1
|-unboost|p2a: Blastoise|spd|1
|-boost|p2a: Blastoise|atk|2
|-boost|p2a: Blastoise|spa|2
|-boost|p2a: Blastoise|spe|2
|
|upkeep
|
|t:|1784137059
|switch|p2b: Sneasler|Sneasler, L50, F|100/100
|turn|3
|
|t:|1784137082
|switch|p1a: Ceruledge|Ceruledge, L50, M|100/100
|move|p1b: Raichu|Protect|p1b: Raichu
|-singleturn|p1b: Raichu|Protect
|move|p2b: Sneasler|Fake Out|p1a: Ceruledge
|-immune|p1a: Ceruledge
|move|p2a: Blastoise|Water Spout|p1a: Ceruledge|[spread] p1a
|-activate|p1b: Raichu|move: Protect
|-supereffective|p1a: Ceruledge|1
|-damage|p1a: Ceruledge|0 fnt
|faint|p1a: Ceruledge
|
|upkeep
|
|t:|1784137099
|switch|p1a: Weavile|Weavile, L50, M|100/100
|turn|4
|
|t:|1784137110
|move|p1a: Weavile|Fake Out|p2a: Blastoise
|-damage|p2a: Blastoise|79/100
|move|p2b: Sneasler|Quick Guard|p2b: Sneasler
|-singleturn|p2b: Sneasler|Quick Guard
|cant|p2a: Blastoise|flinch
|move|p1b: Raichu|Zap Cannon|p2a: Blastoise
|-supereffective|p2a: Blastoise|1
|-damage|p2a: Blastoise|0 fnt
|faint|p2a: Blastoise
|
|upkeep
|
|t:|1784137121
|switch|p2a: Sinistcha|Sinistcha, L50|100/100
|turn|5
|inactive|Belinvgc has 30 seconds left.
|inactive|cowking1736 has 30 seconds left.
|inactive|Belinvgc has 20 seconds left.
|inactive|Belinvgc has 15 seconds left.
|inactive|Belinvgc has 10 seconds left.
|inactive|Belinvgc has 5 seconds left.
|
|t:|1784137173
|move|p1b: Raichu|Protect|p1b: Raichu
|-singleturn|p1b: Raichu|Protect
|move|p1a: Weavile|Triple Axel|p2b: Sneasler
|-damage|p2b: Sneasler|82/100
|-damage|p2b: Sneasler|49/100
|-damage|p2b: Sneasler|0 fnt
|faint|p2b: Sneasler
|-hitcount|p2: Sneasler|3
|move|p2a: Sinistcha|Matcha Gotcha|p1a: Weavile|[spread] p1a
|-activate|p1b: Raichu|move: Protect
|-crit|p1a: Weavile
|-damage|p1a: Weavile|45/100
|
|upkeep
|turn|6
|
|t:|1784137197
|move|p1a: Weavile|Knock Off|p2a: Sinistcha
|-supereffective|p2a: Sinistcha|1
|-damage|p2a: Sinistcha|19/100
|-enditem|p2a: Sinistcha|Occa Berry|[from] move: Knock Off|[of] p1a: Weavile
|move|p1b: Raichu|Zap Cannon|p2a: Sinistcha
|-resisted|p2a: Sinistcha|1
|-damage|p2a: Sinistcha|0 fnt
|faint|p2a: Sinistcha
|
|win|cowking1736
||Belinvgc is ready for game 3.
|inactive|cowking1736 has 30 seconds to confirm battle start!
||cowking1736 is ready for game 3.
|uhtml|next|Next: Game 3 of 3
|l|☆cowking1736
|player|p1|
