|j|☆bdogplatinum
|j|☆Awesome Person III
|html|bdogplatinumAwesome Person III    
|uhtml|bestof|Game 2 of a best-of-3
|t:|1755055150
|gametype|doubles
|player|p1|bdogplatinum|lucas|1234
|player|p2|Awesome Person III|fisherman-gen4|1336
|gen|9
|tier|[Gen 9] VGC 2025 Reg H (Bo3)
|rated|
|rule|Species Clause: Limit one of each Pokémon
|rule|Item Clause: Limit 1 of each item
|clearpoke
|poke|p1|Hatterene, L50, F|
|poke|p1|Indeedee-F, L50, F|
|poke|p1|Torkoal, L50, M|
|poke|p1|Ursaluna, L50, F|
|poke|p1|Annihilape, L50, F|
|poke|p1|Gallade, L50, M|
|poke|p2|Arcanine-Hisui, L50, M|
|poke|p2|Electabuzz, L50, M|
|poke|p2|Hydreigon, L50, M|
|poke|p2|Rillaboom, L50, M|
|poke|p2|Basculegion, L50, M|
|poke|p2|Gholdengo, L50|
|teampreview|4
|showteam|p1|Hatterene||LifeOrb|MagicBounce|TrickRoom,Psychic,ExpandingForce,DazzlingGleam|||F|||50|,,,,,Fire]Indeedee-F||RockyHelmet|PsychicSurge|TrickRoom,FollowMe,HelpingHand,Psychic|||F|||50|,,,,,Water]Torkoal||ChoiceSpecs|Drought|Eruption,HeatWave,EarthPower,WeatherBall|||M|||50|,,,,,Fire]Ursaluna||FlameOrb|Guts|Protect,Facade,Earthquake,HeadlongRush|||F|||50|,,,,,Ghost]Annihilape||ChoiceScarf|Defiant|CloseCombat,RageFist,FinalGambit,Uturn|||F|||50|,,,,,Grass]Gallade||ClearAmulet|Sharpness|TrickRoom,WideGuard,SacredSword,PsychoCut|||M|||50|,,,,,Grass
|showteam|p2|Arcanine-Hisui||ClearAmulet|Intimidate|FlareBlitz,RockSlide,ExtremeSpeed,Protect|||M|||50|,,,,,Grass]Electabuzz||Eviolite|VitalSpirit|Electroweb,Protect,FollowMe,Taunt|||M|||50|,,,,,Ghost]Hydreigon||SafetyGoggles|Levitate|DracoMeteor,Snarl,Protect,Tailwind|||M|||50|,,,,,Poison]Rillaboom||AssaultVest|GrassySurge|WoodHammer,GrassyGlide,HighHorsepower,FakeOut|||M|||50|,,,,,Ghost]Basculegion||ChoiceScarf|SwiftSwim|WaveCrash,LastRespects,FlipTurn,TeraBlast|||M|||50|,,,,,Fighting]Gholdengo||LifeOrb|GoodasGold|MakeItRain,ShadowBall,Protect,NastyPlot||||||50|,,,,,Water
|inactive|Battle timer is ON: inactive players will automatically lose when time's up. (requested by Awesome Person III)
|inactive|Awesome Person III has 60 seconds left.
|
|t:|1755055188
|teamsize|p1|4
|teamsize|p2|4
|start
|switch|p1a: Gallade|Gallade, L50, M|100/100
|switch|p1b: Annihilape|Annihilape, L50, F|100/100
|switch|p2a: It's Ghover|Gholdengo, L50|100/100
|switch|p2b: Good Boy|Arcanine-Hisui, L50, M|100/100
|-ability|p2b: Good Boy|Intimidate|boost
|-fail|p1a: Gallade|unboost|[from] item: Clear Amulet|[of] p1a: Gallade
|-unboost|p1b: Annihilape|atk|1
|-ability|p1b: Annihilape|Defiant|boost
|-boost|p1b: Annihilape|atk|2
|turn|1
|inactive|bdogplatinum has 30 seconds left.
|inactive|Awesome Person III has 30 seconds left.
|inactive|Awesome Person III has 20 seconds left.
|inactive|Awesome Person III has 15 seconds left.
|inactive|Awesome Person III has 10 seconds left.
|
|t:|1755055234
|move|p2b: Good Boy|Protect|p2b: Good Boy
|-singleturn|p2b: Good Boy|Protect
|move|p1b: Annihilape|Final Gambit|p2b: Good Boy
|-activate|p2b: Good Boy|move: Protect
|move|p2a: It's Ghover|Nasty Plot|p2a: It's Ghover
|-boost|p2a: It's Ghover|spa|2
|move|p1a: Gallade|Trick Room|p1a: Gallade
|-fieldstart|move: Trick Room|[of] p1a: Gallade
|
|upkeep
|turn|2
|
|t:|1755055253
|switch|p2b: Bendy|Electabuzz, L50, M|100/100
|move|p1a: Gallade|Sacred Sword|p2b: Bendy
|-damage|p2b: Bendy|28/100
|move|p2a: It's Ghover|Make It Rain|p1a: Gallade|[spread] p1a,p1b
|-damage|p1a: Gallade|0 fnt
|-damage|p1b: Annihilape|0 fnt
|-unboost|p2a: It's Ghover|spa|1
|faint|p1a: Gallade
|faint|p1b: Annihilape
|-damage|p2a: It's Ghover|91/100|[from] item: Life Orb
|
|upkeep
|
|t:|1755055258
|switch|p1a: Torkoal|Torkoal, L50, M|100/100
|switch|p1b: Indeedee|Indeedee-F, L50, F|100/100
|-weather|SunnyDay|[from] ability: Drought|[of] p1a: Torkoal
|-fieldstart|move: Psychic Terrain|[from] ability: Psychic Surge|[of] p1b: Indeedee
|turn|3
|
|t:|1755055263
|move|p2a: It's Ghover|Protect|p2a: It's Ghover
|-singleturn|p2a: It's Ghover|Protect
|move|p2b: Bendy|Protect|p2b: Bendy
|-singleturn|p2b: Bendy|Protect
|move|p1a: Torkoal|Eruption|p2b: Bendy|[spread] 
|-activate|p2a: It's Ghover|move: Protect
|-activate|p2b: Bendy|move: Protect
|move|p1b: Indeedee|Psychic|p2a: It's Ghover
|-activate|p2a: It's Ghover|move: Protect
|
|-weather|SunnyDay|[upkeep]
|upkeep
|turn|4
|
|t:|1755055275
|switch|p2a: Good Boy|Arcanine-Hisui, L50, M|100/100
|-ability|p2a: Good Boy|Intimidate|boost
|-unboost|p1a: Torkoal|atk|1
|-unboost|p1b: Indeedee|atk|1
|-terastallize|p1a: Torkoal|Fire
|move|p1a: Torkoal|Eruption|p2a: Good Boy|[spread] p2a,p2b
|-resisted|p2a: Good Boy
|-damage|p2a: Good Boy|55/100
|-damage|p2b: Bendy|0 fnt
|faint|p2b: Bendy
|move|p1b: Indeedee|Psychic|p2a: Good Boy
|-damage|p2a: Good Boy|2/100
|
|-weather|SunnyDay|[upkeep]
|upkeep
|
|t:|1755055283
|switch|p2b: It's Ghover|Gholdengo, L50|91/100
|turn|5
|
|t:|1755055288
|move|p2b: It's Ghover|Protect|p2b: It's Ghover
|-singleturn|p2b: It's Ghover|Protect
|move|p2a: Good Boy|Protect|p2a: Good Boy
|-singleturn|p2a: Good Boy|Protect
|move|p1a: Torkoal|Eruption|p2a: Good Boy|[spread] 
|-activate|p2a: Good Boy|move: Protect
|-activate|p2b: It's Ghover|move: Protect
|move|p1b: Indeedee|Psychic|p2b: It's Ghover
|-activate|p2b: It's Ghover|move: Protect
|
|-weather|SunnyDay|[upkeep]
|-fieldend|move: Trick Room
|upkeep
|turn|6
|
|t:|1755055293
|-terastallize|p2b: It's Ghover|Water
|move|p2a: Good Boy|Flare Blitz|p1b: Indeedee
|-damage|p1b: Indeedee|17/100
|-damage|p2a: Good Boy|0 fnt|[from] item: Rocky Helmet|[of] p1b: Indeedee
|faint|p2a: Good Boy
|move|p2b: It's Ghover|Make It Rain|p1a: Torkoal|[spread] p1a,p1b
|-resisted|p1a: Torkoal
|-damage|p1a: Torkoal|56/100
|-damage|p1b: Indeedee|0 fnt
|-unboost|p2b: It's Ghover|spa|1
|faint|p1b: Indeedee
|-damage|p2b: It's Ghover|82/100|[from] item: Life Orb
|move|p1a: Torkoal|Eruption|p2b: It's Ghover
|-resisted|p2b: It's Ghover
|-damage|p2b: It's Ghover|23/100
|
|-weather|SunnyDay|[upkeep]
|upkeep
|
|t:|1755055296
|switch|p2a: Funky Kong|Rillaboom, L50, M|100/100
|-fieldstart|move: Grassy Terrain|[from] ability: Grassy Surge|[of] p2a: Funky Kong
|turn|7
|
|t:|1755055300
|move|p2a: Funky Kong|Fake Out|p1a: Torkoal
|-damage|p1a: Torkoal|46/100
|move|p2b: It's Ghover|Shadow Ball|p1a: Torkoal
|-damage|p1a: Torkoal|0 fnt
|faint|p1a: Torkoal
|-damage|p2b: It's Ghover|14/100|[from] item: Life Orb
|
|win|Awesome Person III
|raw|bdogplatinum's rating: 1234 → 1216(-18 for losing)
|raw|Awesome Person III's rating: 1336 → 1350(+14 for winning)
|l|☆bdogplatinum
|player|p1|
