|j|☆KodeBeast0526
|j|☆Shoto.tx
|html|KodeBeast0526Shoto.tx    
|uhtml|bestof|Game 2 of a best-of-3
|t:|1756573498
|gametype|doubles
|player|p1|KodeBeast0526|wattson|1086
|player|p2|Shoto.tx|2|1124
|gen|9
|tier|[Gen 9] VGC 2025 Reg H (Bo3)
|rated|
|rule|Species Clause: Limit one of each Pokémon
|rule|Item Clause: Limit 1 of each item
|clearpoke
|poke|p1|Sneasler, L50, M|
|poke|p1|Excadrill, L50, M|
|poke|p1|Corviknight, L50, M|
|poke|p1|Tyranitar, L50, M|
|poke|p1|Indeedee-F, L50, F|
|poke|p1|Gholdengo, L50|
|poke|p2|Archaludon, L50, M|
|poke|p2|Politoed, L50, F|
|poke|p2|Gothitelle, L50, M|
|poke|p2|Kingdra, L50, M|
|poke|p2|Incineroar, L50, M|
|poke|p2|Amoonguss, L50, M|
|teampreview|4
|showteam|p1|Sneasler||WhiteHerb|Unburden|CloseCombat,DireClaw,FakeOut,Coaching|||M|||50|,,,,,Flying]Excadrill||FocusSash|SandRush|Earthquake,IronHead,SwordsDance,Protect|||M|||50|,,,,,Ground]Corviknight||PsychicSeed|MirrorArmor|BraveBird,PowerTrip,BulkUp,Roost|||M|||50|,,,,,Water]Tyranitar||AssaultVest|SandStream|RockSlide,KnockOff,LowKick,TeraBlast|||M|||50|,,,,,Flying]Indeedee-F||SafetyGoggles|PsychicSurge|DazzlingGleam,FollowMe,HelpingHand,TrickRoom|||F|||50|,,,,,Fairy]Gholdengo||MetalCoat|GoodasGold|MakeItRain,ShadowBall,NastyPlot,Protect||||||50|,,,,,Water
|showteam|p2|Archaludon||PowerHerb|Sturdy|ElectroShot,FlashCannon,DragonPulse,Protect|||M|||50|,,,,,Electric]Politoed||Leftovers|Drizzle|WeatherBall,PerishSong,Encore,Protect|||F|||50|,,,,,Grass]Gothitelle||SitrusBerry|ShadowTag|Psychic,FakeOut,TrickRoom,Protect|||M|||50|,,,,,Dark]Kingdra||LifeOrb|SwiftSwim|DracoMeteor,WeatherBall,MuddyWater,Protect|||M|||50|,,,,,Stellar]Incineroar||SafetyGoggles|Intimidate|FakeOut,KnockOff,PartingShot,Protect|||M|||50|,,,,,Ghost]Amoonguss||EjectButton|Regenerator|Spore,RagePowder,PollenPuff,Protect|||M|||50|,,,,,Fairy
|inactive|Battle timer is ON: inactive players will automatically lose when time's up. (requested by KodeBeast0526)
|
|t:|1756573518
|teamsize|p1|4
|teamsize|p2|4
|start
|switch|p1a: Sneasler|Sneasler, L50, M|100/100
|switch|p1b: Tyranitar|Tyranitar, L50, M|100/100
|switch|p2a: Politoed|Politoed, L50, F, shiny|100/100
|switch|p2b: Incineroar|Incineroar, L50, M, shiny|100/100
|-ability|p2b: Incineroar|Intimidate|boost
|-unboost|p1a: Sneasler|atk|1
|-unboost|p1b: Tyranitar|atk|1
|-weather|RainDance|[from] ability: Drizzle|[of] p2a: Politoed
|-weather|Sandstorm|[from] ability: Sand Stream|[of] p1b: Tyranitar
|-enditem|p1a: Sneasler|White Herb
|-clearnegativeboost|p1a: Sneasler|[silent]
|turn|1
|inactive|Shoto.tx has 30 seconds left.
|inactive|Shoto.tx has 20 seconds left.
|inactive|Shoto.tx has 15 seconds left.
|inactive|Shoto.tx has 10 seconds left.
|inactive|Shoto.tx has 5 seconds left.
|
|t:|1756573570
|move|p2b: Incineroar|Protect|p2b: Incineroar
|-singleturn|p2b: Incineroar|Protect
|move|p1a: Sneasler|Fake Out|p2b: Incineroar
|-activate|p2b: Incineroar|move: Protect
|move|p2a: Politoed|Perish Song|p2a: Politoed
|-start|p1a: Sneasler|perish3|[silent]
|-start|p1b: Tyranitar|perish3|[silent]
|-start|p2a: Politoed|perish3|[silent]
|-start|p2b: Incineroar|perish3|[silent]
|-fieldactivate|move: Perish Song
|move|p1b: Tyranitar|Rock Slide|p2a: Politoed|[spread] p2a
|-activate|p2b: Incineroar|move: Protect
|-damage|p2a: Politoed|79/100
|
|-weather|Sandstorm|[upkeep]
|-damage|p1a: Sneasler|95/100|[from] Sandstorm
|-damage|p2a: Politoed|73/100|[from] Sandstorm
|-heal|p2a: Politoed|79/100|[from] item: Leftovers
|-start|p1a: Sneasler|perish3
|-start|p2b: Incineroar|perish3
|-start|p2a: Politoed|perish3
|-start|p1b: Tyranitar|perish3
|upkeep
|turn|2
|inactive|Shoto.tx has 30 seconds left.
|
|t:|1756573602
|switch|p2a: Gothitelle|Gothitelle, L50, M, shiny|100/100
|move|p1a: Sneasler|Coaching|p1b: Tyranitar
|-boost|p1b: Tyranitar|atk|1
|-boost|p1b: Tyranitar|def|1
|move|p2b: Incineroar|Parting Shot|p1b: Tyranitar
|-unboost|p1b: Tyranitar|atk|1
|-unboost|p1b: Tyranitar|spa|1
|
|t:|1756573612
|switch|p2b: Politoed|Politoed, L50, F, shiny|79/100|[from] Parting Shot
|-weather|RainDance|[from] ability: Drizzle|[of] p2b: Politoed
|move|p1b: Tyranitar|Rock Slide|p2b: Politoed|[spread] p2a,p2b
|-damage|p2a: Gothitelle|81/100
|-damage|p2b: Politoed|58/100
|
|-weather|RainDance|[upkeep]
|-heal|p2b: Politoed|64/100|[from] item: Leftovers
|-start|p1a: Sneasler|perish2
|-start|p1b: Tyranitar|perish2
|upkeep
|turn|3
|c|☆Shoto.tx|Lol
|inactive|KodeBeast0526 has 30 seconds left.
|
|t:|1756573647
|move|p2b: Politoed|Protect|p2b: Politoed
|-singleturn|p2b: Politoed|Protect
|move|p2a: Gothitelle|Fake Out|p1b: Tyranitar
|-resisted|p1b: Tyranitar
|-damage|p1b: Tyranitar|99/100
|move|p1a: Sneasler|Dire Claw|p2a: Gothitelle
|-damage|p2a: Gothitelle|40/100
|-enditem|p2a: Gothitelle|Sitrus Berry|[eat]
|-heal|p2a: Gothitelle|64/100|[from] item: Sitrus Berry
|cant|p1b: Tyranitar|flinch
|
|-weather|RainDance|[upkeep]
|-heal|p2b: Politoed|70/100|[from] item: Leftovers
|-start|p1a: Sneasler|perish1
|-start|p1b: Tyranitar|perish1
|upkeep
|turn|4
|c|☆KodeBeast0526|loolooloololool
|inactive|Shoto.tx has 30 seconds left.
|
|t:|1756573675
|switch|p2b: Archaludon|Archaludon, L50, M, shiny|100/100
|move|p2a: Gothitelle|Protect|p2a: Gothitelle
|-singleturn|p2a: Gothitelle|Protect
|move|p1a: Sneasler|Dire Claw|p2a: Gothitelle
|-activate|p2a: Gothitelle|move: Protect
|move|p1b: Tyranitar|Knock Off|p2a: Gothitelle
|-activate|p2a: Gothitelle|move: Protect
|
|-weather|RainDance|[upkeep]
|-start|p1a: Sneasler|perish0
|-start|p1b: Tyranitar|perish0
|faint|p1a: Sneasler
|faint|p1b: Tyranitar
|upkeep
|
|t:|1756573688
|switch|p1a: Excadrill|Excadrill, L50, M|100/100
|switch|p1b: Gholdengo|Gholdengo, L50|100/100
|turn|5
|inactive|Shoto.tx has 30 seconds left.
|inactive|Shoto.tx has 20 seconds left.
|inactive|Shoto.tx has 15 seconds left.
|inactive|KodeBeast0526 has 30 seconds left.
|inactive|KodeBeast0526 has 20 seconds left.
|inactive|KodeBeast0526 has 15 seconds left.
|inactive|KodeBeast0526 has 10 seconds left.
|inactive|KodeBeast0526 has 5 seconds left.
|
|t:|1756573759
|switch|p2a: Politoed|Politoed, L50, F, shiny|70/100
|-terastallize|p1b: Gholdengo|Water
|-terastallize|p2b: Archaludon|Electric
|move|p1a: Excadrill|Earthquake|p2b: Archaludon|[spread] p1b,p2a,p2b
|-supereffective|p2b: Archaludon
|-damage|p1b: Gholdengo|54/100
|-damage|p2a: Politoed|29/100
|-damage|p2b: Archaludon|25/100
|move|p1b: Gholdengo|Make It Rain|p2a: Politoed|[spread] p2a,p2b
|-resisted|p2a: Politoed
|-resisted|p2b: Archaludon
|-damage|p2a: Politoed|9/100
|-damage|p2b: Archaludon|0 fnt
|-unboost|p1b: Gholdengo|spa|1
|faint|p2b: Archaludon
|
|-weather|RainDance|[upkeep]
|-heal|p2a: Politoed|15/100|[from] item: Leftovers
|upkeep
|
|t:|1756573779
|switch|p2b: Incineroar|Incineroar, L50, M, shiny|100/100
|-ability|p2b: Incineroar|Intimidate|boost
|-unboost|p1a: Excadrill|atk|1
|-unboost|p1b: Gholdengo|atk|1
|turn|6
|
|t:|1756573792
|move|p2b: Incineroar|Fake Out|p1b: Gholdengo
|-damage|p1b: Gholdengo|42/100
|move|p1a: Excadrill|Earthquake|p2a: Politoed|[spread] p1b,p2a,p2b
|-supereffective|p2b: Incineroar
|-damage|p1b: Gholdengo|10/100
|-damage|p2a: Politoed|0 fnt
|-damage|p2b: Incineroar|53/100
|faint|p2a: Politoed
|cant|p1b: Gholdengo|flinch
|
|-weather|none
|upkeep
|
|t:|1756573803
|switch|p2a: Gothitelle|Gothitelle, L50, M, shiny|64/100
|turn|7
|
|t:|1756573809
|move|p1a: Excadrill|Protect|p1a: Excadrill
|-singleturn|p1a: Excadrill|Protect
|move|p1b: Gholdengo|Protect|p1b: Gholdengo
|-singleturn|p1b: Gholdengo|Protect
|move|p2b: Incineroar|Protect|p2b: Incineroar
|-singleturn|p2b: Incineroar|Protect
|move|p2a: Gothitelle|Trick Room|p2a: Gothitelle
|-fieldstart|move: Trick Room|[of] p2a: Gothitelle
|
|upkeep
|turn|8
|
|t:|1756573830
|move|p2a: Gothitelle|Psychic|p1a: Excadrill
|-resisted|p1a: Excadrill
|-damage|p1a: Excadrill|78/100
|move|p2b: Incineroar|Knock Off|p1b: Gholdengo
|-damage|p1b: Gholdengo|0 fnt
|-enditem|p1b: Gholdengo|Metal Coat|[from] move: Knock Off|[of] p2b: Incineroar
|faint|p1b: Gholdengo
|move|p1a: Excadrill|Earthquake|p2a: Gothitelle|[spread] p2a,p2b
|-supereffective|p2b: Incineroar
|-damage|p2a: Gothitelle|39/100
|-damage|p2b: Incineroar|4/100
|
|upkeep
|turn|9
|
|t:|1756573846
|move|p1a: Excadrill|Protect|p1a: Excadrill
|-singleturn|p1a: Excadrill|Protect
|move|p2a: Gothitelle|Psychic|p1a: Excadrill
|-activate|p1a: Excadrill|move: Protect
|move|p2b: Incineroar|Knock Off|p1a: Excadrill
|-activate|p1a: Excadrill|move: Protect
|
|upkeep
|turn|10
|
|t:|1756573858
|move|p2a: Gothitelle|Psychic|p1a: Excadrill
|-resisted|p1a: Excadrill
|-damage|p1a: Excadrill|57/100
|move|p2b: Incineroar|Knock Off|p1a: Excadrill
|-damage|p1a: Excadrill|3/100
|-enditem|p1a: Excadrill|Focus Sash|[from] move: Knock Off|[of] p2b: Incineroar
|move|p1a: Excadrill|Earthquake|p2a: Gothitelle|[spread] p2a,p2b
|-supereffective|p2b: Incineroar
|-damage|p2a: Gothitelle|11/100
|-damage|p2b: Incineroar|0 fnt
|faint|p2b: Incineroar
|
|upkeep
|turn|11
|
|t:|1756573874
|move|p1a: Excadrill|Protect|p1a: Excadrill
|-singleturn|p1a: Excadrill|Protect
|move|p2a: Gothitelle|Psychic|p1a: Excadrill
|-activate|p1a: Excadrill|move: Protect
|
|-fieldend|move: Trick Room
|upkeep
|turn|12
|l|☆Shoto.tx
|inactive|Shoto.tx disconnected and has a minute to reconnect!
|player|p2|
|j|☆Shoto.tx
|inactive|Shoto.tx reconnected and has 45 seconds left.
|player|p2|Shoto.tx|2|
|
|t:|1756573891
|move|p1a: Excadrill|Iron Head|p2a: Gothitelle
|-damage|p2a: Gothitelle|0 fnt
|faint|p2a: Gothitelle
|
|win|KodeBeast0526
||KodeBeast0526 is ready for game 3.
|inactive|Shoto.tx has 30 seconds to confirm battle start!
||Shoto.tx is ready for game 3.
|uhtml|next|Next: Game 3 of 3
|l|☆Shoto.tx
|player|p2|
