|j|☆ToastedArt
|j|☆LeSkinny23
|html|ToastedArtLeSkinny23    
|uhtml|bestof|Game 3 of a best-of-3
|t:|1785636217
|gametype|doubles
|player|p1|ToastedArt|iris|1083
|player|p2|LeSkinny23|265|1009
|gen|9
|tier|[Gen 9 Champions] VGC 2026 Reg M-B (Bo3)
|rated|
|rule|Species Clause: Limit one of each Pokémon
|rule|Item Clause: Limit 1 of each item
|clearpoke
|poke|p1|Staraptor, L50, M|
|poke|p1|Gholdengo, L50|
|poke|p1|Incineroar, L50, F|
|poke|p1|Sinistcha, L50|
|poke|p1|Arcanine-Hisui, L50, M|
|poke|p1|Ninetales-Alola, L50, F|
|poke|p2|Whimsicott, L50, F, shiny|
|poke|p2|Gyarados, L50, M, shiny|
|poke|p2|Incineroar, L50, M, shiny|
|poke|p2|Sinistcha-Masterpiece, L50, shiny|
|poke|p2|Staraptor, L50, M, shiny|
|poke|p2|Gengar, L50, M, shiny|
|teampreview|4
|showteam|p1|Staraptor||Staraptite|Intimidate|CloseCombat,DualWingbeat,Tailwind,Protect|Jolly||M|||50|]Gholdengo||LifeOrb|GoodasGold|MakeItRain,ShadowBall,NastyPlot,Protect|Modest|||||50|]Incineroar||SitrusBerry|Intimidate|PartingShot,FlareBlitz,ThroatChop,FakeOut|Careful||F|||50|]Sinistcha||ColburBerry|Hospitality|MatchaGotcha,RagePowder,TrickRoom,Protect|Relaxed|||||50|]Arcanine-Hisui||FocusSash|RockHead|FlareBlitz,HeadSmash,ExtremeSpeed,Protect|Jolly||M|||50|]Ninetales-Alola||NeverMeltIce|SnowWarning|Blizzard,FreezeDry,Encore,Protect|Timid||F|||50|
|showteam|p2|Whimsicott||MentalHerb|Prankster|Encore,LightScreen,Moonblast,Tailwind|Timid||F|||50|]Gyarados||SitrusBerry|Intimidate|Protect,Waterfall,ThunderWave,Taunt|Jolly||M|||50|]Incineroar||ChopleBerry|Intimidate|ThroatChop,FlareBlitz,FakeOut,PartingShot|Careful||M|||50|]Sinistcha-Masterpiece||OccaBerry|Hospitality|Protect,MatchaGotcha,RagePowder,TrickRoom|Bold|||||50|]Staraptor||Staraptite|Reckless|Protect,DualWingbeat,CloseCombat,Roost|Jolly||M|||50|]Gengar||Gengarite|CursedBody|Protect,SludgeBomb,ShadowBall,WillOWisp|Timid||M|||50|
|inactive|Battle timer is ON: inactive players will automatically lose when time's up. (requested by ToastedArt)
|
|t:|1785636234
|teamsize|p1|4
|teamsize|p2|4
|start
|switch|p1a: Staraptor|Staraptor, L50, M|100/100
|switch|p1b: Gholdengo|Gholdengo, L50|100/100
|switch|p2a: Gengar|Gengar, L50, M, shiny|100/100
|switch|p2b: Gyarados|Gyarados, L50, M, shiny|100/100
|-ability|p1a: Staraptor|Intimidate|boost
|-unboost|p2a: Gengar|atk|1
|-unboost|p2b: Gyarados|atk|1
|-ability|p2b: Gyarados|Intimidate|boost
|-unboost|p1a: Staraptor|atk|1
|-unboost|p1b: Gholdengo|atk|1
|turn|1
|
|t:|1785636256
|detailschange|p2a: Gengar|Gengar-Mega, L50, M, shiny
|-mega|p2a: Gengar|Gengar|Gengarite
|move|p1b: Gholdengo|Protect|p1b: Gholdengo
|-singleturn|p1b: Gholdengo|Protect
|move|p2a: Gengar|Shadow Ball|p1b: Gholdengo
|-activate|p1b: Gholdengo|move: Protect
|move|p1a: Staraptor|Tailwind|p1a: Staraptor
|-sidestart|p1: ToastedArt|move: Tailwind
|move|p2b: Gyarados|Thunder Wave|p1a: Staraptor
|-status|p1a: Staraptor|par
|
|upkeep
|turn|2
|
|t:|1785636281
|switch|p2b: Whimsicott|Whimsicott, L50, F, shiny|100/100
|detailschange|p1a: Staraptor|Staraptor-Mega, L50, M
|-mega|p1a: Staraptor|Staraptor|Staraptite
|move|p2a: Gengar|Protect|p2a: Gengar
|-singleturn|p2a: Gengar|Protect
|move|p1b: Gholdengo|Shadow Ball|p2a: Gengar
|-activate|p2a: Gengar|move: Protect
|move|p1a: Staraptor|Close Combat|p2b: Whimsicott
|-resisted|p2b: Whimsicott|1
|-damage|p2b: Whimsicott|75/100
|-boost|p1a: Staraptor|def|1
|-boost|p1a: Staraptor|spd|1
|
|upkeep
|turn|3
|inactive|ToastedArt has 30 seconds left.
|inactive|LeSkinny23 has 30 seconds left.
|inactive|LeSkinny23 has 20 seconds left.
|inactive|LeSkinny23 has 15 seconds left.
|
|t:|1785636323
|switch|p1b: Incineroar|Incineroar, L50, F|100/100
|-ability|p1b: Incineroar|Intimidate|boost
|-unboost|p2a: Gengar|atk|1
|-unboost|p2b: Whimsicott|atk|1
|move|p2b: Whimsicott|Tailwind|p2b: Whimsicott
|-sidestart|p2: LeSkinny23|move: Tailwind
|move|p2a: Gengar|Shadow Ball|p1b: Incineroar
|-resisted|p1b: Incineroar|1
|-damage|p1b: Incineroar|79/100
|move|p1a: Staraptor|Dual Wingbeat|p2b: Whimsicott
|-supereffective|p2b: Whimsicott|1
|-crit|p2b: Whimsicott
|-damage|p2b: Whimsicott|7/100
|-supereffective|p2b: Whimsicott|1
|-damage|p2b: Whimsicott|0 fnt
|faint|p2b: Whimsicott
|-hitcount|p2: Whimsicott|2
|
|upkeep
|
|t:|1785636336
|switch|p2b: Incineroar|Incineroar, L50, M, shiny|100/100
|-ability|p2b: Incineroar|Intimidate|boost
|-boost|p1a: Staraptor|atk|1
|-unboost|p1b: Incineroar|atk|1
|turn|4
|inactive|ToastedArt has 30 seconds left.
|
|t:|1785636362
|move|p1a: Staraptor|Protect|p1a: Staraptor
|-singleturn|p1a: Staraptor|Protect
|move|p1b: Incineroar|Fake Out|p2b: Incineroar
|-damage|p2b: Incineroar|93/100
|cant|p2b: Incineroar|flinch
|move|p2a: Gengar|Sludge Bomb|p1a: Staraptor
|-activate|p1a: Staraptor|move: Protect
|
|-sideend|p1: ToastedArt|move: Tailwind
|upkeep
|turn|5
|
|t:|1785636375
|switch|p2b: Gyarados|Gyarados, L50, M, shiny|100/100
|-ability|p2b: Gyarados|Intimidate|boost
|-boost|p1a: Staraptor|atk|1
|-unboost|p1b: Incineroar|atk|1
|move|p2a: Gengar|Sludge Bomb|p1a: Staraptor
|-damage|p1a: Staraptor|60/100 par
|move|p1b: Incineroar|Parting Shot|p2a: Gengar
|-unboost|p2a: Gengar|atk|1
|-unboost|p2a: Gengar|spa|1
|
|t:|1785636388
|switch|p1b: Sinistcha|Sinistcha, L50|100/100|[from] Parting Shot
|-heal|p1a: Staraptor|85/100 par|[from] ability: Hospitality|[of] p1b: Sinistcha
|move|p1a: Staraptor|Tailwind|p1a: Staraptor
|-sidestart|p1: ToastedArt|move: Tailwind
|
|upkeep
|turn|6
|inactive|LeSkinny23 has 30 seconds left.
|
|t:|1785636417
|move|p2a: Gengar|Shadow Ball|p1b: Sinistcha
|-supereffective|p1b: Sinistcha|1
|-damage|p1b: Sinistcha|35/100
|move|p2b: Gyarados|Taunt|p1b: Sinistcha
|-start|p1b: Sinistcha|move: Taunt
|move|p1a: Staraptor|Dual Wingbeat|p2a: Gengar
|-damage|p2a: Gengar|54/100
|-damage|p2a: Gengar|12/100
|-hitcount|p2a: Gengar|2
|move|p1b: Sinistcha|Matcha Gotcha|p2b: Gyarados|[spread] p2a,p2b
|-resisted|p2a: Gengar|1
|-damage|p2a: Gengar|0 fnt
|-heal|p1b: Sinistcha|41/100|[from] drain|[of] p2a: Gengar
|-damage|p2b: Gyarados|77/100
|-heal|p1b: Sinistcha|52/100|[from] drain|[of] p2b: Gyarados
|faint|p2a: Gengar
|
|-sideend|p2: LeSkinny23|move: Tailwind
|upkeep
|
|t:|1785636424
|switch|p2a: Incineroar|Incineroar, L50, M, shiny|93/100
|-ability|p2a: Incineroar|Intimidate|boost
|-boost|p1a: Staraptor|atk|1
|-unboost|p1b: Sinistcha|atk|1
|turn|7
|c|☆LeSkinny23|gg
|
|t:|1785636440
|switch|p1b: Incineroar|Incineroar, L50, F|79/100
|-ability|p1b: Incineroar|Intimidate|boost
|-unboost|p2a: Incineroar|atk|1
|-unboost|p2b: Gyarados|atk|1
|cant|p1a: Staraptor|par
|move|p2b: Gyarados|Waterfall|p1a: Staraptor
|-damage|p1a: Staraptor|68/100 par
|move|p2a: Incineroar|Flare Blitz|p1b: Incineroar
|-resisted|p1b: Incineroar|1
|-damage|p1b: Incineroar|64/100
|-damage|p2a: Incineroar|88/100|[from] Recoil
|
|upkeep
|turn|8
|c|☆ToastedArt|gg
|
|t:|1785636453
|move|p2b: Gyarados|Protect|p2b: Gyarados
|-singleturn|p2b: Gyarados|Protect
|move|p1b: Incineroar|Fake Out|p2b: Gyarados
|-activate|p2b: Gyarados|move: Protect
|cant|p1a: Staraptor|par
|move|p2a: Incineroar|Flare Blitz|p1a: Staraptor
|-damage|p1a: Staraptor|46/100 par
|-damage|p2a: Incineroar|81/100|[from] Recoil
|
|-sideend|p1: ToastedArt|move: Tailwind
|upkeep
|turn|9
|
|t:|1785636471
|move|p2b: Gyarados|Waterfall|p1a: Staraptor
|-damage|p1a: Staraptor|28/100 par
|move|p1b: Incineroar|Parting Shot|p2b: Gyarados
|-unboost|p2b: Gyarados|atk|1
|-unboost|p2b: Gyarados|spa|1
|
|t:|1785636477
|switch|p1b: Sinistcha|Sinistcha, L50|52/100|[from] Parting Shot
|-heal|p1a: Staraptor|53/100 par|[from] ability: Hospitality|[of] p1b: Sinistcha
|move|p1a: Staraptor|Close Combat|p2a: Incineroar
|-supereffective|p2a: Incineroar|1
|-enditem|p2a: Incineroar|Chople Berry|[eat]
|-enditem|p2a: Incineroar|Chople Berry|[weaken]
|-damage|p2a: Incineroar|0 fnt
|-boost|p1a: Staraptor|def|1
|-boost|p1a: Staraptor|spd|1
|faint|p2a: Incineroar
|
|upkeep
|turn|10
|
|t:|1785636492
|move|p1b: Sinistcha|Rage Powder|p1b: Sinistcha
|-singleturn|p1b: Sinistcha|move: Rage Powder
|move|p2b: Gyarados|Taunt|p1b: Sinistcha
|-start|p1b: Sinistcha|move: Taunt
|move|p1a: Staraptor|Dual Wingbeat|p2b: Gyarados
|-damage|p2b: Gyarados|34/100
|-enditem|p2b: Gyarados|Sitrus Berry|[eat]
|-heal|p2b: Gyarados|59/100|[from] item: Sitrus Berry
|-damage|p2b: Gyarados|15/100
|-hitcount|p2b: Gyarados|2
|
|upkeep
|turn|11
|inactive|ToastedArt has 30 seconds left.
|
|t:|1785636523
|move|p2b: Gyarados|Waterfall|p1a: Staraptor
|-damage|p1a: Staraptor|45/100 par
|move|p1a: Staraptor|Dual Wingbeat|p2b: Gyarados
|-damage|p2b: Gyarados|0 fnt
|faint|p2b: Gyarados
|-hitcount|p2: Gyarados|1
|
|win|ToastedArt
|raw|ToastedArt's rating: 1083 → 1105(+22 for winning)
|raw|LeSkinny23's rating: 1009 → 1000(-9 for losing)
