|j|☆Snivii
|j|☆sarkysays
|html|Sniviisarkysays    
|uhtml|bestof|Game 1 of a best-of-3
|t:|1783372458
|gametype|doubles
|player|p1|Snivii|169|1175
|player|p2|sarkysays|266|1065
|gen|9
|tier|[Gen 9 Champions] VGC 2026 Reg M-B (Bo3)
|rated|
|rule|Species Clause: Limit one of each Pokémon
|rule|Item Clause: Limit 1 of each item
|clearpoke
|poke|p1|Serperior, L50, F|
|poke|p1|Grimmsnarl, L50, M|
|poke|p1|Staraptor, L50, F|
|poke|p1|Incineroar, L50, M|
|poke|p1|Whimsicott, L50, M|
|poke|p1|Charizard, L50, F|
|poke|p2|Meganium, L50, F|
|poke|p2|Metagross, L50|
|poke|p2|Pelipper, L50, M|
|poke|p2|Garchomp, L50, M|
|poke|p2|Sneasler, L50, M|
|poke|p2|Volcarona, L50, F|
|teampreview|4
|showteam|p1|Serperior||WideLens|Contrary|LeafStorm,Glare,Protect,GastroAcid|Timid||F|||50|]Grimmsnarl||LightClay|Prankster|SpiritBreak,LightScreen,Reflect,PartingShot|Careful||M|||50|]Staraptor||Staraptite|Intimidate|BraveBird,CloseCombat,Roost,Protect|Jolly||F|||50|]Incineroar||SitrusBerry|Intimidate|FlareBlitz,DarkestLariat,FakeOut,PartingShot|Adamant||M|||50|]Whimsicott||FocusSash|Prankster|Moonblast,Charm,Encore,Tailwind|Timid||M|||50|]Charizard||CharizarditeY|SolarPower|HeatWave,AncientPower,WeatherBall,Protect|Timid||F|||50|
|showteam|p2|Meganium||Meganiumite|Overgrow|DazzlingGleam,SolarBeam,Protect,WeatherBall|Modest||F|||50|]Metagross||LifeOrb|ClearBody|PsychicFangs,BulletPunch,IronHead,Protect|Jolly|||||50|]Pelipper||MysticWater|Drizzle|MuddyWater,Hurricane,IceBeam,WideGuard|Modest||M|||50|]Garchomp||SitrusBerry|RoughSkin|StompingTantrum,DragonClaw,RockSlide,Protect|Jolly||M|||50|]Sneasler||MentalHerb|Unburden|CloseCombat,DireClaw,Protect,FakeOut|Adamant||M|||50|]Volcarona||FocusSash|FlameBody|RagePowder,Tailwind,HeatWave,LightScreen|Modest||F|||50|
|inactive|Battle timer is ON: inactive players will automatically lose when time's up. (requested by sarkysays)
|
|t:|1783372487
|teamsize|p1|4
|teamsize|p2|4
|start
|switch|p1a: Grimmsnarl|Grimmsnarl, L50, M|100/100
|switch|p1b: Serperior|Serperior, L50, F|100/100
|switch|p2a: Meganium|Meganium, L50, F|100/100
|switch|p2b: Volcarona|Volcarona, L50, F|100/100
|turn|1
|inactive|sarkysays has 30 seconds left.
|inactive|sarkysays has 20 seconds left.
|inactive|sarkysays has 15 seconds left.
|
|t:|1783372528
|move|p2a: Meganium|Protect|p2a: Meganium
|-singleturn|p2a: Meganium|Protect
|move|p1a: Grimmsnarl|Light Screen|p1a: Grimmsnarl
|-sidestart|p1: Snivii|move: Light Screen
|move|p1b: Serperior|Gastro Acid|p2b: Volcarona
|-endability|p2b: Volcarona
|move|p2b: Volcarona|Heat Wave|p1b: Serperior|[spread] p1b
|-miss|p2b: Volcarona|p1a: Grimmsnarl
|-supereffective|p1b: Serperior|1
|-damage|p1b: Serperior|45/100
|
|upkeep
|turn|2
|
|t:|1783372545
|detailschange|p2a: Meganium|Meganium-Mega, L50, F
|-mega|p2a: Meganium|Meganium|Meganiumite
|move|p1a: Grimmsnarl|Reflect|p1a: Grimmsnarl
|-sidestart|p1: Snivii|Reflect
|move|p1b: Serperior|Glare|p2a: Meganium
|-status|p2a: Meganium|par
|move|p2b: Volcarona|Tailwind|p2b: Volcarona
|-sidestart|p2: sarkysays|move: Tailwind
|cant|p2a: Meganium|par
|
|upkeep
|turn|3
|
|t:|1783372556
|move|p1a: Grimmsnarl|Parting Shot|p2b: Volcarona
|-unboost|p2b: Volcarona|atk|1
|-unboost|p2b: Volcarona|spa|1
|
|t:|1783372559
|switch|p1a: Incineroar|Incineroar, L50, M|100/100|[from] Parting Shot
|-ability|p1a: Incineroar|Intimidate|boost
|-unboost|p2a: Meganium|atk|1
|-unboost|p2b: Volcarona|atk|1
|move|p2b: Volcarona|Light Screen|p2b: Volcarona
|-sidestart|p2: sarkysays|move: Light Screen
|move|p1b: Serperior|Glare|p2b: Volcarona
|-status|p2b: Volcarona|par
|move|p2a: Meganium|Dazzling Gleam|p1a: Incineroar|[spread] p1a,p1b
|-damage|p1a: Incineroar|78/100
|-damage|p1b: Serperior|17/100
|
|upkeep
|turn|4
|
|t:|1783372582
|move|p1b: Serperior|Leaf Storm|p2b: Volcarona
|-resisted|p2b: Volcarona|2
|-damage|p2b: Volcarona|93/100 par
|-boost|p1b: Serperior|spa|2
|move|p2b: Volcarona|Heat Wave|p1b: Serperior|[spread] p1b
|-miss|p2b: Volcarona|p1a: Incineroar
|-supereffective|p1b: Serperior|1
|-damage|p1b: Serperior|0 fnt
|faint|p1b: Serperior
|move|p2a: Meganium|Dazzling Gleam|p1a: Incineroar
|-damage|p1a: Incineroar|45/100
|-enditem|p1a: Incineroar|Sitrus Berry|[eat]
|-heal|p1a: Incineroar|70/100|[from] item: Sitrus Berry
|move|p1a: Incineroar|Flare Blitz|p2b: Volcarona
|-damage|p2b: Volcarona|0 fnt
|faint|p2b: Volcarona
|-damage|p1a: Incineroar|43/100|[from] Recoil
|
|upkeep
|
|t:|1783372601
|switch|p1b: Staraptor|Staraptor, L50, F|100/100
|switch|p2b: Sneasler|Sneasler, L50, M|100/100
|-ability|p1b: Staraptor|Intimidate|boost
|-unboost|p2a: Meganium|atk|1
|-unboost|p2b: Sneasler|atk|1
|turn|5
|inactive|sarkysays has 30 seconds left.
|inactive|sarkysays has 20 seconds left.
|inactive|sarkysays has 15 seconds left.
|inactive|sarkysays has 10 seconds left.
|inactive|sarkysays has 5 seconds left.
|
|t:|1783372652
|switch|p1a: Grimmsnarl|Grimmsnarl, L50, M|100/100
|move|p1b: Staraptor|Protect|p1b: Staraptor
|-singleturn|p1b: Staraptor|Protect
|move|p2a: Meganium|Protect|p2a: Meganium
|-singleturn|p2a: Meganium|Protect
|move|p2b: Sneasler|Close Combat|p1a: Grimmsnarl
|-damage|p1a: Grimmsnarl|67/100
|-unboost|p2b: Sneasler|def|1
|-unboost|p2b: Sneasler|spd|1
|
|-sideend|p2: sarkysays|move: Tailwind
|upkeep
|turn|6
|inactive|sarkysays has 30 seconds left.
|
|t:|1783372680
|detailschange|p1b: Staraptor|Staraptor-Mega, L50, F
|-mega|p1b: Staraptor|Staraptor|Staraptite
|move|p1a: Grimmsnarl|Parting Shot|p1b: Staraptor
|-boost|p1b: Staraptor|atk|1
|-boost|p1b: Staraptor|spa|1
|
|t:|1783372685
|switch|p1a: Incineroar|Incineroar, L50, M|43/100|[from] Parting Shot
|-ability|p1a: Incineroar|Intimidate|boost
|-unboost|p2a: Meganium|atk|1
|-unboost|p2b: Sneasler|atk|1
|move|p1b: Staraptor|Close Combat|p2b: Sneasler
|-resisted|p2b: Sneasler|1
|-damage|p2b: Sneasler|0 fnt
|-boost|p1b: Staraptor|def|1
|-boost|p1b: Staraptor|spd|1
|faint|p2b: Sneasler
|move|p2a: Meganium|Dazzling Gleam|p1a: Incineroar|[spread] p1a,p1b
|-supereffective|p1b: Staraptor|1
|-damage|p1a: Incineroar|19/100
|-damage|p1b: Staraptor|64/100
|
|upkeep
|
|t:|1783372698
|switch|p2b: Pelipper|Pelipper, L50, M|100/100
|-weather|RainDance|[from] ability: Drizzle|[of] p2b: Pelipper
|turn|7
|
|t:|1783372716
|move|p2a: Meganium|Protect|p2a: Meganium
|-singleturn|p2a: Meganium|Protect
|move|p1b: Staraptor|Brave Bird|p2b: Pelipper
|-damage|p2b: Pelipper|6/100
|-damage|p1b: Staraptor|36/100|[from] Recoil
|move|p2b: Pelipper|Hurricane|p1b: Staraptor
|-supereffective|p1b: Staraptor|1
|-damage|p1b: Staraptor|0 fnt
|faint|p1b: Staraptor
|move|p1a: Incineroar|Parting Shot|p1: Staraptor|[notarget]
|-fail|p1a: Incineroar
|
|-weather|RainDance|[upkeep]
|-sideend|p2: sarkysays|move: Light Screen
|upkeep
|
|t:|1783372726
|switch|p1b: Grimmsnarl|Grimmsnarl, L50, M|67/100
|turn|8
|
|t:|1783372735
|move|p1b: Grimmsnarl|Spirit Break|p2b: Pelipper
|-damage|p2b: Pelipper|0 fnt
|faint|p2b: Pelipper
|move|p1a: Incineroar|Flare Blitz|p2a: Meganium
|-supereffective|p2a: Meganium|1
|-damage|p2a: Meganium|37/100 par
|-damage|p1a: Incineroar|2/100|[from] Recoil
|move|p2a: Meganium|Dazzling Gleam|p1b: Grimmsnarl|[spread] p1a,p1b
|-supereffective|p1b: Grimmsnarl|1
|-damage|p1a: Incineroar|0 fnt
|-damage|p1b: Grimmsnarl|23/100
|faint|p1a: Incineroar
|
|-weather|RainDance|[upkeep]
|-sideend|p1: Snivii|move: Light Screen
|upkeep
|turn|9
|
|t:|1783372749
|move|p1b: Grimmsnarl|Spirit Break|p2a: Meganium
|-damage|p2a: Meganium|5/100 par
|-unboost|p2a: Meganium|spa|1
|move|p2a: Meganium|Dazzling Gleam|p1b: Grimmsnarl
|-supereffective|p1b: Grimmsnarl|1
|-damage|p1b: Grimmsnarl|0 fnt
|faint|p1b: Grimmsnarl
|
|win|sarkysays
||Snivii is ready for game 2.
||sarkysays is ready for game 2.
|uhtml|next|Next: Game 2 of 3
|l|☆Snivii
|player|p1|
