|j|☆Leiva24
|j|☆ZiriuX
|html|Leiva24ZiriuX    
|uhtml|bestof|Game 2 of a best-of-3
|t:|1756408256
|gametype|doubles
|player|p1|Leiva24|102|
|player|p2|ZiriuX|iris|
|gen|9
|tier|[Gen 9] VGC 2025 Reg H (Bo3)
|rule|Species Clause: Limit one of each Pokémon
|rule|Item Clause: Limit 1 of each item
|clearpoke
|poke|p1|Sneasler, L50, M|
|poke|p1|Dragapult, L50, M|
|poke|p1|Primarina, L50, M|
|poke|p1|Rillaboom, L50, M|
|poke|p1|Kingambit, L50, M|
|poke|p1|Magmar, L50, F|
|poke|p2|Sneasler, L50, F|
|poke|p2|Dragapult, L50, M|
|poke|p2|Primarina, L50, M|
|poke|p2|Rillaboom, L50, M|
|poke|p2|Kingambit, L50, M|
|poke|p2|Magmar, L50, F|
|teampreview|4
|showteam|p1|Sneasler||FocusSash|PoisonTouch|CloseCombat,DireClaw,FakeOut,Protect|||M|||50|,,,,,Stellar]Dragapult||ChoiceBand|ClearBody|DragonDarts,TeraBlast,PhantomForce,Uturn|||M|||50|,,,,,Ghost]Primarina||SitrusBerry|LiquidVoice|HyperVoice,Moonblast,Haze,Protect|||M|||50|,,,,,Water]Rillaboom||AssaultVest|GrassySurge|WoodHammer,GrassyGlide,HighHorsepower,FakeOut|||M|||50|,,,,,Fire]Kingambit||BlackGlasses|Defiant|KowtowCleave,SuckerPunch,SwordsDance,Protect|||M|||50|,,,,,Ghost]Magmar||Eviolite|VitalSpirit|Overheat,WillOWisp,FollowMe,Protect|||F|||50|,,,,,Ghost
|showteam|p2|Sneasler||FocusSash|PoisonTouch|CloseCombat,DireClaw,FakeOut,Protect|||F|||50|,,,,,Stellar]Dragapult||ChoiceBand|ClearBody|DragonDarts,TeraBlast,PhantomForce,Uturn|||M|||50|,,,,,Ghost]Primarina||SitrusBerry|LiquidVoice|HyperVoice,Moonblast,Haze,Protect|||M|||50|,,,,,Water]Rillaboom||AssaultVest|GrassySurge|WoodHammer,GrassyGlide,HighHorsepower,FakeOut|||M|||50|,,,,,Fire]Kingambit||BlackGlasses|Defiant|KowtowCleave,SuckerPunch,SwordsDance,Protect|||M|||50|,,,,,Ghost]Magmar||Eviolite|VitalSpirit|Overheat,WillOWisp,FollowMe,Protect|||F|||50|,,,,,Ghost
|j| metalhoney
|j| geosts
|j| Kaiuser
|j| laagartoo
|j| Taffiroll
|
|t:|1756408291
|teamsize|p1|4
|teamsize|p2|4
|start
|switch|p1a: Magmar|Magmar, L50, F|100/100
|switch|p1b: Kingambit|Kingambit, L50, M|100/100
|switch|p2a: Primarina|Primarina, L50, M|100/100
|switch|p2b: Magmar|Magmar, L50, F|100/100
|turn|1
|
|t:|1756408317
|move|p1a: Magmar|Follow Me|p1a: Magmar
|-singleturn|p1a: Magmar|move: Follow Me
|move|p2b: Magmar|Overheat|p1a: Magmar
|-resisted|p1a: Magmar
|-damage|p1a: Magmar|83/100
|-unboost|p2b: Magmar|spa|2
|move|p2a: Primarina|Hyper Voice|p1b: Kingambit|[spread] p1a,p1b
|-supereffective|p1a: Magmar
|-damage|p1a: Magmar|27/100
|-damage|p1b: Kingambit|73/100
|move|p1b: Kingambit|Swords Dance|p1b: Kingambit
|-boost|p1b: Kingambit|atk|2
|
|upkeep
|turn|2
|
|t:|1756408361
|move|p1a: Magmar|Follow Me|p1a: Magmar
|-singleturn|p1a: Magmar|move: Follow Me
|move|p2b: Magmar|Will-O-Wisp|p1a: Magmar|[miss]
|-miss|p2b: Magmar|p1a: Magmar
|move|p2a: Primarina|Haze|p2a: Primarina
|-clearallboost
|move|p1b: Kingambit|Kowtow Cleave|p2b: Magmar
|-damage|p2b: Magmar|53/100
|
|upkeep
|turn|3
|j| Dhrauren
|
|t:|1756408390
|switch|p1a: Rillaboom|Rillaboom, L50, M|100/100
|-fieldstart|move: Grassy Terrain|[from] ability: Grassy Surge|[of] p1a: Rillaboom
|move|p2b: Magmar|Protect|p2b: Magmar
|-singleturn|p2b: Magmar|Protect
|move|p1b: Kingambit|Protect|p1b: Kingambit
|-singleturn|p1b: Kingambit|Protect
|move|p2a: Primarina|Hyper Voice|p1a: Rillaboom|[spread] p1a
|-activate|p1b: Kingambit|move: Protect
|-resisted|p1a: Rillaboom
|-damage|p1a: Rillaboom|87/100
|
|-heal|p2b: Magmar|59/100|[from] Grassy Terrain
|-heal|p1a: Rillaboom|93/100|[from] Grassy Terrain
|-heal|p1b: Kingambit|79/100|[from] Grassy Terrain
|upkeep
|turn|4
|
|t:|1756408422
|-terastallize|p2b: Magmar|Ghost
|move|p2b: Magmar|Will-O-Wisp|p1b: Kingambit
|-status|p1b: Kingambit|brn
|move|p1a: Rillaboom|Wood Hammer|p2b: Magmar
|-damage|p2b: Magmar|0 fnt
|faint|p2b: Magmar
|-damage|p1a: Rillaboom|77/100|[from] Recoil
|move|p2a: Primarina|Moonblast|p1b: Kingambit
|-damage|p1b: Kingambit|35/100 brn
|move|p1b: Kingambit|Swords Dance|p1b: Kingambit
|-boost|p1b: Kingambit|atk|2
|
|-heal|p1a: Rillaboom|83/100|[from] Grassy Terrain
|-heal|p1b: Kingambit|41/100 brn|[from] Grassy Terrain
|-damage|p1b: Kingambit|35/100 brn|[from] brn
|upkeep
|
|t:|1756408449
|switch|p2b: Sneasler|Sneasler, L50, F|100/100
|turn|5
|
|t:|1756408475
|switch|p1a: Magmar|Magmar, L50, F|27/100
|move|p1b: Kingambit|Protect|p1b: Kingambit
|-singleturn|p1b: Kingambit|Protect
|move|p2b: Sneasler|Fake Out|p1a: Magmar
|-damage|p1a: Magmar|15/100
|move|p2a: Primarina|Moonblast|p1b: Kingambit
|-activate|p1b: Kingambit|move: Protect
|
|-heal|p1a: Magmar|21/100|[from] Grassy Terrain
|-heal|p1b: Kingambit|41/100 brn|[from] Grassy Terrain
|-damage|p1b: Kingambit|35/100 brn|[from] brn
|upkeep
|turn|6
|
|t:|1756408516
|switch|p2b: Dragapult|Dragapult, L50, M|100/100
|move|p1a: Magmar|Follow Me|p1a: Magmar
|-singleturn|p1a: Magmar|move: Follow Me
|move|p1b: Kingambit|Sucker Punch||[still]
|-fail|p1b: Kingambit
|move|p2a: Primarina|Haze|p2a: Primarina
|-clearallboost
|
|-heal|p1a: Magmar|27/100|[from] Grassy Terrain
|-heal|p1b: Kingambit|41/100 brn|[from] Grassy Terrain
|-damage|p1b: Kingambit|35/100 brn|[from] brn
|upkeep
|turn|7
|
|t:|1756408545
|move|p1b: Kingambit|Sucker Punch|p2b: Dragapult
|-supereffective|p2b: Dragapult
|-damage|p2b: Dragapult|36/100
|move|p2b: Dragapult|Dragon Darts|p1a: Magmar
|-damage|p1a: Magmar|0 fnt
|-anim|p2b: Dragapult|Dragon Darts|p1b: Kingambit
|-resisted|p1b: Kingambit
|-crit|p1b: Kingambit
|-damage|p1b: Kingambit|12/100 brn
|faint|p1a: Magmar
|move|p2a: Primarina|Moonblast|p1b: Kingambit
|-damage|p1b: Kingambit|0 fnt
|faint|p1b: Kingambit
|
|-heal|p2b: Dragapult|42/100|[from] Grassy Terrain
|-fieldend|move: Grassy Terrain
|upkeep
|
|t:|1756408552
|switch|p1a: Rillaboom|Rillaboom, L50, M|83/100
|switch|p1b: Sneasler|Sneasler, L50, M|100/100
|-fieldstart|move: Grassy Terrain|[from] ability: Grassy Surge|[of] p1a: Rillaboom
|turn|8
|
|t:|1756408578
|move|p2b: Dragapult|Dragon Darts|p1b: Sneasler
|-damage|p1b: Sneasler|42/100
|-anim|p2b: Dragapult|Dragon Darts|p1a: Rillaboom
|-damage|p1a: Rillaboom|43/100
|move|p1b: Sneasler|Dire Claw|p2a: Primarina
|-supereffective|p2a: Primarina
|-damage|p2a: Primarina|18/100
|-enditem|p2a: Primarina|Sitrus Berry|[eat]
|-heal|p2a: Primarina|43/100|[from] item: Sitrus Berry
|move|p1a: Rillaboom|Wood Hammer|p2b: Dragapult
|-resisted|p2b: Dragapult
|-damage|p2b: Dragapult|0 fnt
|faint|p2b: Dragapult
|-damage|p1a: Rillaboom|31/100|[from] Recoil
|move|p2a: Primarina|Moonblast|p1b: Sneasler
|-damage|p1b: Sneasler|0 fnt
|faint|p1b: Sneasler
|
|-heal|p1a: Rillaboom|38/100|[from] Grassy Terrain
|-heal|p2a: Primarina|49/100|[from] Grassy Terrain
|upkeep
|
|t:|1756408588
|switch|p2b: Sneasler|Sneasler, L50, F|100/100
|turn|9
|-message|Leiva24 forfeited.
|
|win|ZiriuX
|c|☆ZiriuX|GGs
|c|☆Leiva24|gg
|l| Kaiuser
|l| laagartoo
|l| metalhoney
|l| Taffiroll
