|j|☆dartsvg
|j|☆kunal
|html|dartsvgkunal    
|uhtml|bestof|Game 2 of a best-of-3
|t:|1784842478
|gametype|doubles
|player|p1|dartsvg|#smogonxnpa2024draftee2|
|player|p2|kunal|#vgcclassicspliii|
|gen|9
|tier|[Gen 9 Champions] VGC 2026 Reg M-B (Bo3)
|rule|Species Clause: Limit one of each Pokémon
|rule|Item Clause: Limit 1 of each item
|clearpoke
|poke|p1|Charizard, L50, F|
|poke|p1|Froslass, L50, F|
|poke|p1|Dragonite, L50, M|
|poke|p1|Kingambit, L50, F|
|poke|p1|Toxapex, L50, F|
|poke|p1|Sneasler, L50, M|
|poke|p2|Gengar, L50, M|
|poke|p2|Swampert, L50, M|
|poke|p2|Incineroar, L50, M|
|poke|p2|Politoed, L50, F|
|poke|p2|Vivillon, L50, M|
|poke|p2|Kommo-o, L50, M|
|teampreview|4
|showteam|p1|Charizard||CharizarditeY|SolarPower|Protect,HeatWave,AncientPower,WeatherBall|Timid||F|||50|]Froslass||Froslassite|CursedBody|Blizzard,ShadowBall,AuroraVeil,Protect|Timid||F|||50|]Dragonite||LifeOrb|InnerFocus|DragonClaw,ExtremeSpeed,LowKick,Protect|Adamant||M|||50|]Kingambit||BlackGlasses|Defiant|KowtowCleave,SuckerPunch,SwordsDance,Protect|Adamant||F|||50|]Toxapex||Leftovers|Regenerator|Toxic,Infestation,WideGuard,BanefulBunker|Relaxed||F|||50|]Sneasler||FocusSash|PoisonTouch|FakeOut,PoisonJab,CloseCombat,Protect|Jolly||M|||50|
|showteam|p2|Gengar||Gengarite|CursedBody|ShadowBall,PerishSong,SludgeBomb,Protect|Timid||M|||50|]Swampert||Swampertite|Torrent|WaveCrash,HighHorsepower,IcePunch,Protect|Adamant||M|||50|]Incineroar||PasshoBerry|Intimidate|ThroatChop,PartingShot,FakeOut,Protect|Sassy||M|||50|]Politoed||SitrusBerry|Drizzle|WeatherBall,PerishSong,Encore,Protect|Calm||F|||50|]Vivillon||FocusSash|CompoundEyes|Hurricane,SleepPowder,RagePowder,Protect|Timid||M|||50|]Kommo-o||Leftovers|Soundproof|ClangingScales,ClangorousSoul,AuraSphere,Protect|Modest||M|||50|
|inactive|Battle timer is ON: inactive players will automatically lose when time's up. (requested by dartsvg)
|j| skittycel
|j| Schister
|j| rovbmc
|j| KeanuVGC
|j| Nido-Rus
|j| srvoltmike
|j| Hasayo
|l| rovbmc
|j| rovbmc
|j| Checkmater
|j|+qsns
|inactive|dartsvg has 60 seconds left.
|inactive|kunal has 60 seconds left.
|c| srvoltmike|GO COSMOGS
|c| srvoltmike|GO KUNAL
|j| IcyPenguin604
|c|☆dartsvg|D:
|j| thacrow
|c|+qsns|GO DARTS
|l| rovbmc
|c|☆dartsvg|:D
|c| srvoltmike|NO DARTS
|inactive|kunal has 30 seconds left.
|c|+qsns|GO AWAY MICHAEL
|inactive|kunal has 20 seconds left.
|
|t:|1784842549
|teamsize|p1|4
|teamsize|p2|4
|start
|switch|p1a: Kingambit|Kingambit, L50, F|100/100
|switch|p1b: Sneasler|Sneasler, L50, M|100/100
|switch|p2a: Gengar|Gengar, L50, M|100/100
|switch|p2b: Incineroar|Incineroar, L50, M|100/100
|-ability|p2b: Incineroar|Intimidate|boost
|-unboost|p1a: Kingambit|atk|1
|-ability|p1a: Kingambit|Defiant|boost
|-boost|p1a: Kingambit|atk|2
|-unboost|p1b: Sneasler|atk|1
|turn|1
|j| hungry lights
|j| kynan sahur
|j| rovbmc
|inactive|kunal has 30 seconds left.
|
|t:|1784842582
|switch|p1b: Froslass|Froslass, L50, F|100/100
|switch|p2b: Vivillon|Vivillon, L50, M|100/100
|detailschange|p2a: Gengar|Gengar-Mega, L50, M
|-mega|p2a: Gengar|Gengar|Gengarite
|move|p2a: Gengar|Protect|p2a: Gengar
|-singleturn|p2a: Gengar|Protect
|move|p1a: Kingambit|Kowtow Cleave|p2a: Gengar
|-activate|p2a: Gengar|move: Protect
|
|upkeep
|turn|2
|inactive|kunal has 30 seconds left.
|inactive|kunal has 20 seconds left.
|
|t:|1784842619
|detailschange|p1b: Froslass|Froslass-Mega, L50, F
|-mega|p1b: Froslass|Froslass|Froslassite
|-weather|Snowscape|[from] ability: Snow Warning|[of] p1b: Froslass
|move|p1a: Kingambit|Sucker Punch||[still]
|-fail|p1a: Kingambit
|move|p2a: Gengar|Perish Song|p2a: Gengar
|-start|p1a: Kingambit|perish3|[silent]
|-start|p1b: Froslass|perish3|[silent]
|-start|p2a: Gengar|perish3|[silent]
|-start|p2b: Vivillon|perish3|[silent]
|-fieldactivate|move: Perish Song
|move|p1b: Froslass|Blizzard|p2b: Vivillon|[spread] p2a,p2b
|-supereffective|p2b: Vivillon|1
|-damage|p2a: Gengar|57/100
|-enditem|p2b: Vivillon|Focus Sash
|-damage|p2b: Vivillon|1/100
|move|p2b: Vivillon|Sleep Powder|p1a: Kingambit
|-status|p1a: Kingambit|slp|[from] move: Sleep Powder
|
|-weather|Snowscape|[upkeep]
|-start|p2a: Gengar|perish3
|-start|p1b: Froslass|perish3
|-start|p2b: Vivillon|perish3
|-start|p1a: Kingambit|perish3
|upkeep
|turn|3
|
|t:|1784842642
|switch|p2b: Incineroar|Incineroar, L50, M|100/100
|-ability|p2b: Incineroar|Intimidate|boost
|-unboost|p1a: Kingambit|atk|1
|-ability|p1a: Kingambit|Defiant|boost
|-boost|p1a: Kingambit|atk|2
|-unboost|p1b: Froslass|atk|1
|move|p2a: Gengar|Protect|p2a: Gengar
|-singleturn|p2a: Gengar|Protect
|move|p1b: Froslass|Protect|p1b: Froslass
|-singleturn|p1b: Froslass|Protect
|cant|p1a: Kingambit|slp
|
|-weather|Snowscape|[upkeep]
|-start|p2a: Gengar|perish2
|-start|p1b: Froslass|perish2
|-start|p1a: Kingambit|perish2
|upkeep
|turn|4
|j|+bagel
|inactive|kunal has 30 seconds left.
|inactive|kunal has 20 seconds left.
|
|t:|1784842678
|switch|p2a: Vivillon|Vivillon, L50, M|1/100
|move|p1b: Froslass|Shadow Ball|p2a: Vivillon
|-damage|p2a: Vivillon|0 fnt
|faint|p2a: Vivillon
|move|p2b: Incineroar|Parting Shot|p1b: Froslass
|-unboost|p1b: Froslass|atk|1
|-unboost|p1b: Froslass|spa|1
|
|t:|1784842685
|switch|p2b: Gengar|Gengar-Mega, L50, M|57/100|[from] Parting Shot
|-curestatus|p1a: Kingambit|slp|[msg]
|move|p1a: Kingambit|Kowtow Cleave|p2b: Gengar
|-supereffective|p2b: Gengar|1
|-damage|p2b: Gengar|0 fnt
|faint|p2b: Gengar
|
|-weather|Snowscape|[upkeep]
|-start|p1b: Froslass|perish1
|-start|p1a: Kingambit|perish1
|upkeep
|
|t:|1784842686
|switch|p2b: Incineroar|Incineroar, L50, M|100/100
|switch|p2a: Kommo-o|Kommo-o, L50, M|100/100
|-ability|p2b: Incineroar|Intimidate|boost
|-unboost|p1a: Kingambit|atk|1
|-ability|p1a: Kingambit|Defiant|boost
|-boost|p1a: Kingambit|atk|2
|-unboost|p1b: Froslass|atk|1
|turn|5
|c|☆kunal|fucjk
|c|☆kunal|i missclicked
|inactive|dartsvg has 30 seconds left.
|inactive|kunal has 30 seconds left.
|l| hungry lights
|inactive|dartsvg has 20 seconds left.
|
|t:|1784842722
|switch|p1a: Dragonite|Dragonite, L50, M|100/100
|move|p2a: Kommo-o|Protect|p2a: Kommo-o
|-singleturn|p2a: Kommo-o|Protect
|move|p2b: Incineroar|Fake Out|p1a: Dragonite
|-damage|p1a: Dragonite|88/100
|move|p1b: Froslass|Blizzard|p2b: Incineroar|[spread] p2b
|-activate|p2a: Kommo-o|move: Protect
|-resisted|p2b: Incineroar|1
|-damage|p2b: Incineroar|89/100
|
|-weather|Snowscape|[upkeep]
|-start|p1b: Froslass|perish0
|faint|p1b: Froslass
|upkeep
|
|t:|1784842727
|switch|p1b: Sneasler|Sneasler, L50, M|100/100
|turn|6
|
|t:|1784842735
|move|p2a: Kommo-o|Protect|p2a: Kommo-o
|-singleturn|p2a: Kommo-o|Protect
|move|p1b: Sneasler|Fake Out|p2a: Kommo-o
|-activate|p2a: Kommo-o|move: Protect
|move|p1a: Dragonite|Dragon Claw|p2a: Kommo-o
|-activate|p2a: Kommo-o|move: Protect
|move|p2b: Incineroar|Throat Chop|p1b: Sneasler
|-resisted|p1b: Sneasler|1
|-damage|p1b: Sneasler|73/100
|-start|p1b: Sneasler|Throat Chop|[silent]
|
|-weather|none
|upkeep
|turn|7
|
|t:|1784842747
|move|p1a: Dragonite|Extreme Speed|p2a: Kommo-o
|-damage|p2a: Kommo-o|66/100
|-damage|p1a: Dragonite|78/100|[from] item: Life Orb
|move|p1b: Sneasler|Close Combat|p2a: Kommo-o
|-damage|p2a: Kommo-o|17/100
|-unboost|p1b: Sneasler|def|1
|-unboost|p1b: Sneasler|spd|1
|move|p2a: Kommo-o|Clanging Scales|p1b: Sneasler|[spread] p1a,p1b
|-supereffective|p1a: Dragonite|1
|-damage|p1a: Dragonite|10/100
|-damage|p1b: Sneasler|0 fnt
|faint|p1b: Sneasler
|-unboost|p2a: Kommo-o|def|1
|move|p2b: Incineroar|Throat Chop|p1a: Dragonite
|-damage|p1a: Dragonite|0 fnt
|faint|p1a: Dragonite
|
|-heal|p2a: Kommo-o|23/100|[from] item: Leftovers
|upkeep
|
|t:|1784842750
|switch|p1b: Kingambit|Kingambit, L50, F|100/100
|turn|8
|j|+eragon
|inactive|kunal has 30 seconds left.
|inactive|kunal has 20 seconds left.
|
|t:|1784842786
|move|p2a: Kommo-o|Aura Sphere|p1b: Kingambit
|-supereffective|p1b: Kingambit|2
|-damage|p1b: Kingambit|0 fnt
|faint|p1b: Kingambit
|
|win|kunal
||dartsvg is ready for game 3.
||kunal is ready for game 3.
|uhtml|next|Next: Game 3 of 3
|l| IcyPenguin604
|l| rovbmc
|j|+iPetBigfoot
|l| Checkmater
|l| skittycel
|l|+iPetBigfoot
|j|+iPetBigfoot
|l|+eragon
|l|+iPetBigfoot
|l|☆kunal
|player|p2|
|l| thacrow
