|j|☆spearow's nest
|j|☆gostzin
|html|spearow's nestgostzin    
|uhtml|bestof|Game 2 of a best-of-3
|t:|1756752904
|gametype|doubles
|player|p1|spearow's nest|lance|1270
|player|p2|gostzin|101|1288
|gen|9
|tier|[Gen 9] VGC 2025 Reg H (Bo3)
|rated|
|rule|Species Clause: Limit one of each Pokémon
|rule|Item Clause: Limit 1 of each item
|clearpoke
|poke|p1|Rillaboom, L50, M|
|poke|p1|Dragonite, L50, M|
|poke|p1|Sneasler, L50, M|
|poke|p1|Ninetales-Alola, L50, F|
|poke|p1|Kingambit, L50, M|
|poke|p1|Magmar, L50, M|
|poke|p2|Pelipper, L50, M|
|poke|p2|Archaludon, L50, F|
|poke|p2|Indeedee, L50, M|
|poke|p2|Sneasler, L50, M|
|poke|p2|Amoonguss, L50, F|
|poke|p2|Basculegion, L50, M|
|teampreview|4
|showteam|p1|Rillaboom||AssaultVest|GrassySurge|WoodHammer,GrassyGlide,HighHorsepower,FakeOut|||M|||50|,,,,,Fire]Dragonite||LoadedDice|Multiscale|Protect,ScaleShot,LowKick,Haze|||M|||50|,,,,,Fairy]Sneasler||WhiteHerb|Unburden|Protect,DireClaw,CloseCombat,Coaching|||M|||50|,,,,,Ghost]Ninetales-Alola||ChoiceSpecs|SnowWarning|Blizzard,IcyWind,Moonblast,FreezeDry|||F|||50|,,,,,Ghost]Kingambit||SafetyGoggles|Defiant|Protect,KowtowCleave,SuckerPunch,SwordsDance|||M|||50|,,,,,Dark]Magmar||Eviolite|VitalSpirit|Protect,FollowMe,Overheat,WillOWisp|||M|||50|,,,,,Ghost
|showteam|p2|Pelipper||FocusSash|Drizzle|Tailwind,WideGuard,WeatherBall,Hurricane|||M|||50|,,,,,Ghost]Archaludon||AssaultVest|Stamina|ElectroShot,BodyPress,DracoMeteor,Snarl|||F|||50|,,,,,Grass]Indeedee||ChoiceScarf|PsychicSurge|Trick,TrickRoom,TeraBlast,ExpandingForce|||M|||50|,,,,,Fighting]Sneasler||PsychicSeed|Unburden|Protect,ThroatChop,CloseCombat,DireClaw|||M|||50|,,,,,Stellar]Amoonguss||RockyHelmet|Regenerator|ClearSmog,PollenPuff,Spore,RagePowder|||F|||50|,,,,,Water]Basculegion||LifeOrb|SwiftSwim|AquaJet,WaveCrash,Protect,LastRespects|||M|||50|,,,,,Grass
|inactive|Battle timer is ON: inactive players will automatically lose when time's up. (requested by gostzin)
|inactive|spearow's nest has 60 seconds left.
|
|t:|1756752953
|teamsize|p1|4
|teamsize|p2|4
|start
|switch|p1a: Rillaboom|Rillaboom, L50, M|100/100
|switch|p1b: Dragonite|Dragonite, L50, M|100/100
|switch|p2a: Amoonguss|Amoonguss, L50, F|100/100
|switch|p2b: Archaludon|Archaludon, L50, F, shiny|100/100
|-fieldstart|move: Grassy Terrain|[from] ability: Grassy Surge|[of] p1a: Rillaboom
|turn|1
|
|t:|1756752973
|move|p1b: Dragonite|Scale Shot|p2a: Amoonguss
|-damage|p2a: Amoonguss|89/100
|-crit|p2a: Amoonguss
|-damage|p2a: Amoonguss|71/100
|-damage|p2a: Amoonguss|58/100
|-damage|p2a: Amoonguss|46/100
|-damage|p2a: Amoonguss|34/100
|-hitcount|p2a: Amoonguss|5
|-unboost|p1b: Dragonite|def|1
|-boost|p1b: Dragonite|spe|1
|move|p1a: Rillaboom|High Horsepower|p2a: Amoonguss|[miss]
|-miss|p1a: Rillaboom|p2a: Amoonguss
|move|p2b: Archaludon|Draco Meteor|p1a: Rillaboom
|-damage|p1a: Rillaboom|57/100
|-unboost|p2b: Archaludon|spa|2
|move|p2a: Amoonguss|Spore|p1b: Dragonite
|-status|p1b: Dragonite|slp|[from] move: Spore
|
|-heal|p1a: Rillaboom|63/100|[from] Grassy Terrain
|-heal|p2a: Amoonguss|40/100|[from] Grassy Terrain
|upkeep
|turn|2
|inactive|gostzin has 30 seconds left.
|
|t:|1756752998
|switch|p2a: Indeedee|Indeedee, L50, M|100/100
|-fieldstart|move: Psychic Terrain|[from] ability: Psychic Surge|[of] p2a: Indeedee
|cant|p1b: Dragonite|slp
|move|p1a: Rillaboom|High Horsepower|p2a: Indeedee
|-damage|p2a: Indeedee|32/100
|move|p2b: Archaludon|Draco Meteor|p1b: Dragonite
|-supereffective|p1b: Dragonite
|-damage|p1b: Dragonite|66/100 slp
|-unboost|p2b: Archaludon|spa|2
|
|upkeep
|turn|3
|
|t:|1756753015
|switch|p1a: Ninetales|Ninetales-Alola, L50, F|100/100
|-weather|Snowscape|[from] ability: Snow Warning|[of] p1a: Ninetales
|switch|p2b: Sneasler|Sneasler, L50, M, shiny|100/100
|-enditem|p2b: Sneasler|Psychic Seed
|-boost|p2b: Sneasler|spd|1|[from] item: Psychic Seed
|cant|p1b: Dragonite|slp
|move|p2a: Indeedee|Expanding Force|p1b: Dragonite|[spread] p1a,p1b
|-damage|p1a: Ninetales|35/100
|-damage|p1b: Dragonite|0 fnt
|faint|p1b: Dragonite
|
|-weather|Snowscape|[upkeep]
|upkeep
|
|t:|1756753026
|switch|p1b: Rillaboom|Rillaboom, L50, M|63/100
|-fieldstart|move: Grassy Terrain|[from] ability: Grassy Surge|[of] p1b: Rillaboom
|turn|4
|
|t:|1756753039
|switch|p2a: Archaludon|Archaludon, L50, F, shiny|100/100
|-terastallize|p1a: Ninetales|Ghost
|move|p2b: Sneasler|Protect|p2b: Sneasler
|-singleturn|p2b: Sneasler|Protect
|move|p1b: Rillaboom|Grassy Glide|p2a: Archaludon
|-resisted|p2a: Archaludon
|-damage|p2a: Archaludon|94/100
|-ability|p2a: Archaludon|Stamina|boost
|-boost|p2a: Archaludon|def|1
|move|p1a: Ninetales|Blizzard|p2b: Sneasler|[spread] p2a
|-activate|p2b: Sneasler|move: Protect
|-damage|p2a: Archaludon|58/100
|-ability|p2a: Archaludon|Stamina|boost
|-boost|p2a: Archaludon|def|1
|
|-weather|Snowscape|[upkeep]
|-heal|p1a: Ninetales|41/100|[from] Grassy Terrain
|-heal|p1b: Rillaboom|69/100|[from] Grassy Terrain
|-heal|p2a: Archaludon|65/100|[from] Grassy Terrain
|upkeep
|turn|5
|
|t:|1756753060
|move|p2b: Sneasler|Throat Chop|p1a: Ninetales
|-supereffective|p1a: Ninetales
|-damage|p1a: Ninetales|0 fnt
|faint|p1a: Ninetales
|move|p1b: Rillaboom|High Horsepower|p2b: Sneasler
|-supereffective|p2b: Sneasler
|-damage|p2b: Sneasler|0 fnt
|faint|p2b: Sneasler
|move|p2a: Archaludon|Body Press|p1b: Rillaboom
|-damage|p1b: Rillaboom|22/100
|
|-weather|Snowscape|[upkeep]
|-heal|p1b: Rillaboom|28/100|[from] Grassy Terrain
|-heal|p2a: Archaludon|71/100|[from] Grassy Terrain
|upkeep
|
|t:|1756753076
|switch|p1a: Sneasler|Sneasler, L50, M|100/100
|switch|p2b: Indeedee|Indeedee, L50, M|32/100
|-fieldstart|move: Psychic Terrain|[from] ability: Psychic Surge|[of] p2b: Indeedee
|turn|6
|inactive|spearow's nest has 30 seconds left.
|
|t:|1756753106
|move|p1a: Sneasler|Protect|p1a: Sneasler
|-singleturn|p1a: Sneasler|Protect
|move|p2b: Indeedee|Expanding Force|p1b: Rillaboom|[spread] p1b
|-activate|p1a: Sneasler|move: Protect
|-crit|p1b: Rillaboom
|-damage|p1b: Rillaboom|0 fnt
|faint|p1b: Rillaboom
|move|p2a: Archaludon|Body Press|p1a: Sneasler
|-activate|p1a: Sneasler|move: Protect
|
|-weather|Snowscape|[upkeep]
|upkeep
|turn|7
|
|t:|1756753123
|-terastallize|p2a: Archaludon|Grass
|move|p1a: Sneasler|Protect|p1a: Sneasler
|-singleturn|p1a: Sneasler|Protect
|move|p2b: Indeedee|Expanding Force|p1a: Sneasler
|-activate|p1a: Sneasler|move: Protect
|move|p2a: Archaludon|Draco Meteor|p1a: Sneasler
|-activate|p1a: Sneasler|move: Protect
|
|-weather|none
|upkeep
|turn|8
|
|t:|1756753134
|move|p1a: Sneasler|Protect||[still]
|-fail|p1a: Sneasler
|move|p2b: Indeedee|Expanding Force|p1a: Sneasler
|-supereffective|p1a: Sneasler
|-damage|p1a: Sneasler|0 fnt
|faint|p1a: Sneasler
|
|win|gostzin
|raw|spearow's nest's rating: 1270 → 1246(-24 for losing)
|raw|gostzin's rating: 1288 → 1312(+24 for winning)
