|j|☆ElAvi04
|j|☆VGCsoul
|html|ElAvi04VGCsoul    
|uhtml|bestof|Game 2 of a best-of-3
|t:|1785999437
|gametype|doubles
|player|p1|ElAvi04|266|1145
|player|p2|VGCsoul|lance|1129
|gen|9
|tier|[Gen 9 Champions] VGC 2026 Reg M-B (Bo3)
|rated|
|rule|Species Clause: Limit one of each Pokémon
|rule|Item Clause: Limit 1 of each item
|clearpoke
|poke|p1|Arcanine-Hisui, L50, F|
|poke|p1|Floette-Eternal, L50, F|
|poke|p1|Blastoise, L50, M|
|poke|p1|Sinistcha, L50|
|poke|p1|Corviknight, L50, M, shiny|
|poke|p1|Kommo-o, L50, M|
|poke|p2|Pelipper, L50, M|
|poke|p2|Swampert, L50, M|
|poke|p2|Archaludon, L50, M|
|poke|p2|Sneasler, L50, M|
|poke|p2|Rotom-Heat, L50|
|poke|p2|Dragonite, L50, M|
|teampreview|4
|showteam|p1|Arcanine-Hisui||FocusSash|RockHead|HeadSmash,FlareBlitz,ExtremeSpeed,Protect|Jolly||F|||50|]Floette-Eternal||Floettite|FlowerVeil|Moonblast,DazzlingGleam,CalmMind,Protect|Timid||F|||50|]Blastoise||Blastoisinite|RainDish|WaterSpout,DarkPulse,ShellSmash,Protect|Modest||M|||50|]Sinistcha||KasibBerry|Hospitality|MatchaGotcha,RagePowder,LifeDew,TrickRoom|Relaxed|||||50|]Corviknight||Leftovers|MirrorArmor|BraveBird,IronHead,Tailwind,Protect|Impish||M|||50|]Kommo-o||SitrusBerry|Soundproof|ClangingScales,AuraSphere,ClangorousSoul,Protect|Modest||M|||50|
|showteam|p2|Pelipper||FocusSash|Drizzle|WeatherBall,Tailwind,Hurricane,WideGuard|Modest||M|||50|]Swampert||Swampertite|Torrent|Liquidation,HighHorsepower,IcePunch,Protect|Adamant||M|||50|]Archaludon||Leftovers|Stamina|FlashCannon,DragonPulse,ElectroShot,Protect|Timid||M|||50|]Sneasler||WhiteHerb|Unburden|FakeOut,CloseCombat,DireClaw,Protect|Adamant||M|||50|]Rotom-Heat||ChoiceScarf|Levitate|Trick,DarkPulse,Overheat,Thunderbolt|Timid|||||50|]Dragonite||Dragoninite|Multiscale|DragonClaw,FirePunch,RockSlide,AquaJet|Adamant||M|||50|
|
|t:|1785999481
|teamsize|p1|4
|teamsize|p2|4
|start
|switch|p1a: Bowser|Blastoise, L50, M|100/100
|switch|p1b: Messi|Sinistcha, L50|100/100
|switch|p2a: Sneasler|Sneasler, L50, M|100/100
|switch|p2b: Rotom|Rotom-Heat, L50|100/100
|turn|1
|
|t:|1785999509
|switch|p1b: Travis Scott|Kommo-o, L50, M|100/100
|move|p1a: Bowser|Protect|p1a: Bowser
|-singleturn|p1a: Bowser|Protect
|move|p2b: Rotom|Trick|p1b: Travis Scott
|-activate|p2b: Rotom|move: Trick|[of] p1b: Travis Scott
|-item|p1b: Travis Scott|Choice Scarf|[from] move: Trick
|-item|p2b: Rotom|Sitrus Berry|[from] move: Trick
|move|p2a: Sneasler|Dire Claw|p1a: Bowser
|-activate|p1a: Bowser|move: Protect
|
|upkeep
|turn|2
|
|t:|1785999544
|switch|p1a: Messi|Sinistcha, L50|100/100
|move|p1b: Travis Scott|Clanging Scales|p2b: Rotom|[spread] p2a,p2b
|-damage|p2a: Sneasler|48/100
|-damage|p2b: Rotom|51/100
|-unboost|p1b: Travis Scott|def|1
|move|p2a: Sneasler|Dire Claw|p1b: Travis Scott
|-damage|p1b: Travis Scott|44/100
|-status|p1b: Travis Scott|par
|move|p2b: Rotom|Thunderbolt|p1a: Messi
|-resisted|p1a: Messi|1
|-damage|p1a: Messi|81/100
|
|upkeep
|turn|3
|c|☆ElAvi04|not the para
|c|☆ElAvi04|lmao
|
|t:|1785999577
|move|p1a: Messi|Rage Powder|p1a: Messi
|-singleturn|p1a: Messi|move: Rage Powder
|move|p2a: Sneasler|Dire Claw|p1a: Messi
|-damage|p1a: Messi|43/100
|move|p2b: Rotom|Overheat|p1a: Messi
|-supereffective|p1a: Messi|1
|-damage|p1a: Messi|0 fnt
|-unboost|p2b: Rotom|spa|2
|faint|p1a: Messi
|move|p1b: Travis Scott|Clanging Scales|p2b: Rotom|[spread] p2a,p2b
|-damage|p2a: Sneasler|0 fnt
|-damage|p2b: Rotom|2/100
|-enditem|p2b: Rotom|Sitrus Berry|[eat]
|-heal|p2b: Rotom|26/100|[from] item: Sitrus Berry
|faint|p2a: Sneasler
|-unboost|p1b: Travis Scott|def|1
|
|upkeep
|
|t:|1785999596
|switch|p2a: Dragonite|Dragonite, L50, M|100/100
|switch|p1a: Blanquita|Arcanine-Hisui, L50, F|100/100
|turn|4
|
|t:|1785999620
|switch|p2b: Pelipper|Pelipper, L50, M|100/100
|-weather|RainDance|[from] ability: Drizzle|[of] p2b: Pelipper
|detailschange|p2a: Dragonite|Dragonite-Mega, L50, M
|-mega|p2a: Dragonite|Dragonite|Dragoninite
|move|p1a: Blanquita|Extreme Speed|p2b: Pelipper
|-damage|p2b: Pelipper|70/100
|move|p2a: Dragonite|Dragon Claw|p1b: Travis Scott
|-supereffective|p1b: Travis Scott|1
|-damage|p1b: Travis Scott|0 fnt
|faint|p1b: Travis Scott
|
|-weather|RainDance|[upkeep]
|upkeep
|
|t:|1785999623
|switch|p1b: Bowser|Blastoise, L50, M|100/100
|turn|5
|
|t:|1785999644
|detailschange|p1b: Bowser|Blastoise-Mega, L50, M
|-mega|p1b: Bowser|Blastoise|Blastoisinite
|move|p1a: Blanquita|Head Smash|p2b: Pelipper
|-supereffective|p2b: Pelipper|1
|-damage|p2b: Pelipper|0 fnt
|faint|p2b: Pelipper
|move|p2a: Dragonite|Dragon Claw|p1b: Bowser
|-damage|p1b: Bowser|61/100
|move|p1b: Bowser|Shell Smash|p1b: Bowser
|-unboost|p1b: Bowser|def|1
|-unboost|p1b: Bowser|spd|1
|-boost|p1b: Bowser|atk|2
|-boost|p1b: Bowser|spa|2
|-boost|p1b: Bowser|spe|2
|
|-weather|RainDance|[upkeep]
|upkeep
|
|t:|1785999657
|switch|p2b: Rotom|Rotom-Heat, L50|26/100
|turn|6
|
|t:|1785999667
|move|p1a: Blanquita|Extreme Speed|p2a: Dragonite
|-damage|p2a: Dragonite|88/100
|move|p1b: Bowser|Water Spout|p2b: Rotom|[spread] p2a,p2b
|-resisted|p2a: Dragonite|1
|-supereffective|p2b: Rotom|1
|-damage|p2a: Dragonite|44/100
|-damage|p2b: Rotom|0 fnt
|faint|p2b: Rotom
|move|p2a: Dragonite|Rock Slide|p1b: Bowser|[spread] p1a,p1b
|-supereffective|p1a: Blanquita|1
|-crit|p1a: Blanquita
|-damage|p1a: Blanquita|24/100
|-damage|p1b: Bowser|35/100
|
|-weather|RainDance|[upkeep]
|upkeep
|turn|7
|
|t:|1785999684
|move|p1a: Blanquita|Extreme Speed|p2a: Dragonite
|-crit|p2a: Dragonite
|-damage|p2a: Dragonite|14/100
|move|p1b: Bowser|Dark Pulse|p2a: Dragonite
|-damage|p2a: Dragonite|0 fnt
|faint|p2a: Dragonite
|
|win|ElAvi04
|raw|ElAvi04's rating: 1145 → 1169(+24 for winning)
|raw|VGCsoul's rating: 1129 → 1105(-24 for losing)
|l|☆VGCsoul
|player|p2|
