|j|☆Watawa
|j|☆CrystalGem02
|html|WatawaCrystalGem02    
|uhtml|bestof|Game 3 of a best-of-3
|t:|1755531911
|gametype|doubles
|player|p1|Watawa|266|1158
|player|p2|CrystalGem02|valerie|1238
|gen|9
|tier|[Gen 9] VGC 2025 Reg H (Bo3)
|rated|
|rule|Species Clause: Limit one of each Pokémon
|rule|Item Clause: Limit 1 of each item
|clearpoke
|poke|p1|Baxcalibur, L50, F|
|poke|p1|Volcarona, L50, F|
|poke|p1|Rillaboom, L50, F|
|poke|p1|Sneasler, L50, F|
|poke|p1|Kingambit, L50, F|
|poke|p1|Dondozo, L50, F|
|poke|p2|Sneasler, L50, F|
|poke|p2|Indeedee, L50, M|
|poke|p2|Golduck, L50, M|
|poke|p2|Ursaluna-Bloodmoon, L50, M|
|poke|p2|Whimsicott, L50, F|
|poke|p2|Archaludon, L50, M|
|teampreview|4
|showteam|p1|Baxcalibur||LoadedDice|ThermalExchange|IcicleSpear,IceShard,ScaleShot,Protect|||F|||50|,,,,,Ghost]Volcarona||CovertCloak|FlameBody|HeatWave,GigaDrain,QuiverDance,Protect|||F|||50|,,,,,Grass]Rillaboom||AssaultVest|GrassySurge|FakeOut,GrassyGlide,WoodHammer,HighHorsepower|||F|||50|,,,,,Fire]Sneasler||FocusSash|Unburden|FakeOut,DireClaw,CloseCombat,Coaching|||F|||50|,,,,,Stellar]Kingambit||SafetyGoggles|Defiant|KowtowCleave,SuckerPunch,SwordsDance,Protect|||F|||50|,,,,,Dark]Dondozo||Leftovers|Unaware|Liquidation,Fissure,Yawn,Protect|||F|||50|,,,,,Grass
|showteam|p2|Sneasler||PsychicSeed|Unburden|CloseCombat,DireClaw,ThroatChop,Protect|||F|||50|,,,,,Dark]Indeedee||ChoiceScarf|PsychicSurge|ExpandingForce,TeraBlast,Trick,Protect|||M|||50|,,,,,Psychic]Golduck||SitrusBerry|CloudNine|ChillingWater,IcyWind,Haze,HelpingHand|||M|||50|,,,,,Grass]Ursaluna-Bloodmoon||LifeOrb|MindsEye|BloodMoon,HyperVoice,EarthPower,Protect|||M|||50|,,,,,Normal]Whimsicott||FocusSash|Prankster|Moonblast,Endeavor,Encore,Tailwind|||F|||50|,,,,,Ghost]Archaludon||PowerHerb|Stalwart|ElectroShot,DragonPulse,FlashCannon,Protect|||M|||50|,,,,,Electric
|inactive|Battle timer is ON: inactive players will automatically lose when time's up. (requested by CrystalGem02)
|inactive|CrystalGem02 has 60 seconds left.
|
|t:|1755531965
|teamsize|p1|4
|teamsize|p2|4
|start
|switch|p1a: Sneasler|Sneasler, L50, F|100/100
|switch|p1b: Baxcalibur|Baxcalibur, L50, F, shiny|100/100
|switch|p2a: Ursaluna|Ursaluna-Bloodmoon, L50, M|100/100
|switch|p2b: Whimsicott|Whimsicott, L50, F|100/100
|turn|1
|
|t:|1755531989
|move|p2a: Ursaluna|Protect|p2a: Ursaluna
|-singleturn|p2a: Ursaluna|Protect
|move|p1a: Sneasler|Close Combat|p2a: Ursaluna
|-activate|p2a: Ursaluna|move: Protect
|move|p2b: Whimsicott|Moonblast|p1a: Sneasler
|-damage|p1a: Sneasler|48/100
|-unboost|p1a: Sneasler|spa|1
|move|p1b: Baxcalibur|Icicle Spear|p2b: Whimsicott
|-supereffective|p2b: Whimsicott
|-damage|p2b: Whimsicott|50/100
|-supereffective|p2b: Whimsicott
|-damage|p2b: Whimsicott|5/100
|-supereffective|p2b: Whimsicott
|-damage|p2b: Whimsicott|0 fnt
|faint|p2b: Whimsicott
|-hitcount|p2: Whimsicott|3
|
|upkeep
|
|t:|1755532007
|switch|p2b: Indeedee|Indeedee, L50, M|100/100
|-fieldstart|move: Psychic Terrain|[from] ability: Psychic Surge|[of] p2b: Indeedee
|turn|2
|inactive|Watawa has 30 seconds left.
|inactive|Watawa has 20 seconds left.
|inactive|Watawa has 15 seconds left.
|
|t:|1755532048
|switch|p1a: Rillaboom|Rillaboom, L50, F|100/100
|-fieldstart|move: Grassy Terrain|[from] ability: Grassy Surge|[of] p1a: Rillaboom
|-terastallize|p2a: Ursaluna|Normal
|move|p1b: Baxcalibur|Protect|p1b: Baxcalibur
|-singleturn|p1b: Baxcalibur|Protect
|move|p2b: Indeedee|Expanding Force|p1a: Rillaboom
|-damage|p1a: Rillaboom|72/100
|move|p2a: Ursaluna|Blood Moon|p1b: Baxcalibur
|-activate|p1b: Baxcalibur|move: Protect
|
|-heal|p1a: Rillaboom|77/100|[from] Grassy Terrain
|upkeep
|turn|3
|inactive|Watawa has 30 seconds left.
|inactive|Watawa has 20 seconds left.
|inactive|Watawa has 15 seconds left.
|
|t:|1755532089
|move|p2a: Ursaluna|Protect|p2a: Ursaluna
|-singleturn|p2a: Ursaluna|Protect
|move|p2b: Indeedee|Expanding Force|p1b: Baxcalibur
|-damage|p1b: Baxcalibur|58/100
|move|p1b: Baxcalibur|Scale Shot|p2b: Indeedee
|-damage|p2b: Indeedee|72/100
|-damage|p2b: Indeedee|41/100
|-damage|p2b: Indeedee|10/100
|-damage|p2b: Indeedee|0 fnt
|faint|p2b: Indeedee
|-hitcount|p2: Indeedee|4
|-unboost|p1b: Baxcalibur|def|1
|-boost|p1b: Baxcalibur|spe|1
|move|p1a: Rillaboom|High Horsepower|p2a: Ursaluna
|-activate|p2a: Ursaluna|move: Protect
|
|-heal|p1b: Baxcalibur|64/100|[from] Grassy Terrain
|-heal|p1a: Rillaboom|83/100|[from] Grassy Terrain
|upkeep
|
|t:|1755532106
|switch|p2b: Sneasler|Sneasler, L50, F|100/100
|turn|4
|inactive|CrystalGem02 has 30 seconds left.
|inactive|CrystalGem02 has 20 seconds left.
|
|t:|1755532146
|switch|p1a: Sneasler|Sneasler, L50, F|48/100
|move|p1b: Baxcalibur|Protect|p1b: Baxcalibur
|-singleturn|p1b: Baxcalibur|Protect
|move|p2b: Sneasler|Dire Claw|p1a: Sneasler
|-resisted|p1a: Sneasler
|-damage|p1a: Sneasler|7/100
|move|p2a: Ursaluna|Hyper Voice|p1a: Sneasler|[spread] p1a
|-activate|p1b: Baxcalibur|move: Protect
|-damage|p1a: Sneasler|0 fnt
|faint|p1a: Sneasler
|-damage|p2a: Ursaluna|91/100|[from] item: Life Orb
|
|-heal|p1b: Baxcalibur|69/100|[from] Grassy Terrain
|-heal|p2a: Ursaluna|97/100|[from] Grassy Terrain
|upkeep
|
|t:|1755532158
|switch|p1a: Rillaboom|Rillaboom, L50, F|83/100
|turn|5
|inactive|Watawa has 30 seconds left.
|inactive|Watawa has 20 seconds left.
|
|t:|1755532194
|move|p2b: Sneasler|Protect|p2b: Sneasler
|-singleturn|p2b: Sneasler|Protect
|move|p2a: Ursaluna|Protect|p2a: Ursaluna
|-singleturn|p2a: Ursaluna|Protect
|move|p1a: Rillaboom|Fake Out|p2a: Ursaluna
|-activate|p2a: Ursaluna|move: Protect
|move|p1b: Baxcalibur|Scale Shot|p2b: Sneasler
|-activate|p2b: Sneasler|move: Protect
|
|-heal|p1b: Baxcalibur|75/100|[from] Grassy Terrain
|-heal|p1a: Rillaboom|89/100|[from] Grassy Terrain
|-heal|p2a: Ursaluna|100/100|[from] Grassy Terrain
|upkeep
|turn|6
|inactive|Watawa has 30 seconds left.
|inactive|Watawa has 20 seconds left.
|
|t:|1755532232
|-terastallize|p1a: Rillaboom|Fire
|move|p1b: Baxcalibur|Scale Shot|p2b: Sneasler
|-crit|p2b: Sneasler
|-damage|p2b: Sneasler|62/100
|-damage|p2b: Sneasler|34/100
|-damage|p2b: Sneasler|11/100
|-damage|p2b: Sneasler|0 fnt
|faint|p2b: Sneasler
|-hitcount|p2: Sneasler|4
|-unboost|p1b: Baxcalibur|def|1
|-boost|p1b: Baxcalibur|spe|1
|move|p1a: Rillaboom|Wood Hammer|p2a: Ursaluna
|-damage|p2a: Ursaluna|24/100
|-damage|p1a: Rillaboom|66/100|[from] Recoil
|move|p2a: Ursaluna|Blood Moon|p1b: Baxcalibur
|-damage|p1b: Baxcalibur|0 fnt
|faint|p1b: Baxcalibur
|-damage|p2a: Ursaluna|15/100|[from] item: Life Orb
|
|-heal|p1a: Rillaboom|72/100|[from] Grassy Terrain
|-heal|p2a: Ursaluna|21/100|[from] Grassy Terrain
|-fieldend|move: Grassy Terrain
|upkeep
|
|t:|1755532240
|switch|p1b: Volcarona|Volcarona, L50, F|100/100
|turn|7
|
|t:|1755532262
|move|p2a: Ursaluna|Protect|p2a: Ursaluna
|-singleturn|p2a: Ursaluna|Protect
|move|p1b: Volcarona|Giga Drain|p2a: Ursaluna
|-activate|p2a: Ursaluna|move: Protect
|move|p1a: Rillaboom|Wood Hammer|p2a: Ursaluna
|-activate|p2a: Ursaluna|move: Protect
|
|upkeep
|turn|8
|
|t:|1755532266
|move|p1b: Volcarona|Giga Drain|p2a: Ursaluna
|-damage|p2a: Ursaluna|0 fnt
|faint|p2a: Ursaluna
|
|win|Watawa
|raw|Watawa's rating: 1158 → 1189(+31 for winning)
|raw|CrystalGem02's rating: 1238 → 1207(-31 for losing)
