|j|☆Potyxxx30
|j|☆ban1106
|html|Potyxxx30ban1106    
|uhtml|bestof|Game 2 of a best-of-3
|t:|1783548079
|gametype|doubles
|player|p1|Potyxxx30|170|
|player|p2|ban1106|brawly|
|gen|9
|tier|[Gen 9 Champions] VGC 2026 Reg M-B (Bo3)
|rule|Species Clause: Limit one of each Pokémon
|rule|Item Clause: Limit 1 of each item
|clearpoke
|poke|p1|Whimsicott, L50, M|
|poke|p1|Staraptor, L50, F|
|poke|p1|Garchomp, L50, F|
|poke|p1|Gholdengo, L50|
|poke|p1|Basculegion, L50, M|
|poke|p1|Typhlosion-Hisui, L50, F|
|poke|p2|Staraptor, L50, M|
|poke|p2|Whimsicott, L50, F|
|poke|p2|Garchomp, L50, F|
|poke|p2|Gholdengo, L50|
|poke|p2|Basculegion, L50, M|
|poke|p2|Typhlosion-Hisui, L50, F|
|teampreview|4
|showteam|p1|Whimsicott||FocusSash|Prankster|Tickle,Tailwind,Moonblast,FakeTears|Timid||M|||50|]Staraptor||Staraptite|Intimidate|BraveBird,CloseCombat,Roost,Protect|Jolly||F|||50|]Garchomp||RoseliBerry|RoughSkin|DragonClaw,StompingTantrum,RockTomb,PoisonJab|Jolly||F|||50|]Gholdengo||LifeOrb|GoodasGold|MakeItRain,ShadowBall,PowerGem,Protect|Modest|||||50|]Basculegion||MysticWater|Adaptability|WaveCrash,LastRespects,AquaJet,Protect|Adamant||M|||50|]Typhlosion-Hisui||ChoiceScarf|Frisk|Eruption,HeatWave,BurnUp,ShadowBall|Modest||F|||50|
|showteam|p2|Staraptor||Staraptite|Intimidate|BraveBird,CloseCombat,Roost,Protect|Jolly||M|||50|]Whimsicott||FocusSash|Prankster|Tickle,Tailwind,Moonblast,FakeTears|Timid||F|||50|]Garchomp||RoseliBerry|RoughSkin|DragonClaw,StompingTantrum,RockTomb,PoisonJab|Jolly||F|||50|]Gholdengo||LifeOrb|GoodasGold|MakeItRain,ShadowBall,PowerGem,Protect|Modest|||||50|]Basculegion||MysticWater|Adaptability|WaveCrash,LastRespects,AquaJet,Protect|Adamant||M|||50|]Typhlosion-Hisui||ChoiceScarf|Frisk|Eruption,HeatWave,BurnUp,ShadowBall|Modest||F|||50|
|inactive|Battle timer is ON: inactive players will automatically lose when time's up. (requested by ban1106)
|inactive|Potyxxx30 has 60 seconds left.
|inactive|ban1106 has 60 seconds left.
|inactive|ban1106 has 30 seconds left.
|
|t:|1783548145
|teamsize|p1|4
|teamsize|p2|4
|start
|switch|p1a: Whimsicott|Whimsicott, L50, M|100/100
|switch|p1b: Staraptor|Staraptor, L50, F|100/100
|switch|p2a: Typhlosion|Typhlosion-Hisui, L50, F|100/100
|switch|p2b: Gholdengo|Gholdengo, L50|100/100
|-item|p1a: Whimsicott|Focus Sash|[from] ability: Frisk|[of] p2a: Typhlosion
|-item|p1b: Staraptor|Staraptite|[from] ability: Frisk|[of] p2a: Typhlosion
|-ability|p1b: Staraptor|Intimidate|boost
|-unboost|p2a: Typhlosion|atk|1
|-unboost|p2b: Gholdengo|atk|1
|turn|1
|inactive|Potyxxx30 has 30 seconds left.
|inactive|ban1106 has 30 seconds left.
|inactive|Potyxxx30 has 20 seconds left.
|
|t:|1783548181
|switch|p1b: Garchomp|Garchomp, L50, F|100/100
|move|p1a: Whimsicott|Tailwind|p1a: Whimsicott
|-sidestart|p1: Potyxxx30|move: Tailwind
|move|p2a: Typhlosion|Eruption|p1a: Whimsicott|[spread] p1a,p1b
|-supereffective|p1a: Whimsicott|1
|-resisted|p1b: Garchomp|1
|-enditem|p1a: Whimsicott|Focus Sash
|-damage|p1a: Whimsicott|1/100
|-damage|p1b: Garchomp|67/100
|move|p2b: Gholdengo|Make It Rain|p1a: Whimsicott|[spread] p1a,p1b
|-supereffective|p1a: Whimsicott|1
|-damage|p1a: Whimsicott|0 fnt
|-damage|p1b: Garchomp|0 fnt
|-unboost|p2b: Gholdengo|spa|2
|faint|p1a: Whimsicott
|faint|p1b: Garchomp
|-damage|p2b: Gholdengo|90/100|[from] item: Life Orb
|
|upkeep
|
|t:|1783548197
|switch|p1a: Basculegion|Basculegion, L50, M|100/100
|switch|p1b: Staraptor|Staraptor, L50, F|100/100
|-ability|p1b: Staraptor|Intimidate|boost
|-unboost|p2a: Typhlosion|atk|1
|-unboost|p2b: Gholdengo|atk|1
|turn|2
|
|t:|1783548221
|switch|p2a: Whimsicott|Whimsicott, L50, F|100/100
|switch|p2b: Staraptor|Staraptor, L50, M|100/100
|-ability|p2b: Staraptor|Intimidate|boost
|-unboost|p1a: Basculegion|atk|1
|-unboost|p1b: Staraptor|atk|1
|detailschange|p1b: Staraptor|Staraptor-Mega, L50, F
|-mega|p1b: Staraptor|Staraptor|Staraptite
|move|p1b: Staraptor|Brave Bird|p2a: Whimsicott
|-supereffective|p2a: Whimsicott|1
|-crit|p2a: Whimsicott
|-enditem|p2a: Whimsicott|Focus Sash
|-damage|p2a: Whimsicott|1/100
|-damage|p1b: Staraptor|72/100|[from] Recoil
|move|p1a: Basculegion|Last Respects|p2b: Staraptor
|-immune|p2b: Staraptor
|
|upkeep
|turn|3
|inactive|ban1106 has 30 seconds left.
|
|t:|1783548251
|detailschange|p2b: Staraptor|Staraptor-Mega, L50, M
|-mega|p2b: Staraptor|Staraptor|Staraptite
|move|p2b: Staraptor|Protect|p2b: Staraptor
|-singleturn|p2b: Staraptor|Protect
|move|p1a: Basculegion|Aqua Jet|p2a: Whimsicott
|-resisted|p2a: Whimsicott|1
|-damage|p2a: Whimsicott|0 fnt
|faint|p2a: Whimsicott
|move|p1b: Staraptor|Brave Bird|p2b: Staraptor
|-activate|p2b: Staraptor|move: Protect
|
|upkeep
|
|t:|1783548265
|switch|p2a: Typhlosion|Typhlosion-Hisui, L50, F|100/100
|-item|p1a: Basculegion|Mystic Water|[from] ability: Frisk|[of] p2a: Typhlosion
|-item|p1b: Staraptor|Staraptite|[from] ability: Frisk|[of] p2a: Typhlosion
|turn|4
|inactive|ban1106 has 30 seconds left.
|
|t:|1783548296
|switch|p2b: Gholdengo|Gholdengo, L50|90/100
|move|p1b: Staraptor|Brave Bird|p2b: Gholdengo
|-resisted|p2b: Gholdengo|1
|-damage|p2b: Gholdengo|64/100
|-damage|p1b: Staraptor|63/100|[from] Recoil
|move|p1a: Basculegion|Wave Crash|p2a: Typhlosion
|-supereffective|p2a: Typhlosion|1
|-damage|p2a: Typhlosion|0 fnt
|faint|p2a: Typhlosion
|-damage|p1a: Basculegion|74/100|[from] Recoil
|
|-sideend|p1: Potyxxx30|move: Tailwind
|upkeep
|
|t:|1783548310
|switch|p2a: Staraptor|Staraptor-Mega, L50, M|100/100
|turn|5
|inactive|ban1106 has 30 seconds left.
|
|t:|1783548341
|move|p1b: Staraptor|Brave Bird|p2a: Staraptor
|-supereffective|p2a: Staraptor|1
|-damage|p2a: Staraptor|0 fnt
|faint|p2a: Staraptor
|-damage|p1b: Staraptor|30/100|[from] Recoil
|move|p2b: Gholdengo|Shadow Ball|p1a: Basculegion
|-supereffective|p1a: Basculegion|1
|-damage|p1a: Basculegion|0 fnt
|faint|p1a: Basculegion
|-damage|p2b: Gholdengo|54/100|[from] item: Life Orb
|
|upkeep
|turn|6
|inactive|Potyxxx30 has 30 seconds left.
|
|t:|1783548368
|move|p1b: Staraptor|Protect|p1b: Staraptor
|-singleturn|p1b: Staraptor|Protect
|move|p2b: Gholdengo|Make It Rain|p1b: Staraptor
|-activate|p1b: Staraptor|move: Protect
|
|upkeep
|turn|7
|
|t:|1783548378
|move|p1b: Staraptor|Roost|p1b: Staraptor
|-heal|p1b: Staraptor|80/100
|-singleturn|p1b: Staraptor|move: Roost
|move|p2b: Gholdengo|Make It Rain|p1b: Staraptor
|-damage|p1b: Staraptor|0 fnt
|-unboost|p2b: Gholdengo|spa|2
|faint|p1b: Staraptor
|-damage|p2b: Gholdengo|44/100|[from] item: Life Orb
|
|win|ban1106
|inactive|Potyxxx30 has 30 seconds to confirm battle start!
|inactive|ban1106 has 30 seconds to confirm battle start!
