|j|☆bigpapalopa
|j|☆TheLeoj
|html|bigpapalopaTheLeoj    
|uhtml|bestof|Game 2 of a best-of-3
|t:|1785074169
|gametype|doubles
|player|p1|bigpapalopa|alder|1063
|player|p2|TheLeoj|101|1079
|gen|9
|tier|[Gen 9 Champions] VGC 2026 Reg M-B (Bo3)
|rated|
|rule|Species Clause: Limit one of each Pokémon
|rule|Item Clause: Limit 1 of each item
|clearpoke
|poke|p1|Aerodactyl, L50, M|
|poke|p1|Incineroar, L50, F|
|poke|p1|Sneasler, L50, F|
|poke|p1|Aegislash, L50, M|
|poke|p1|Delphox, L50, M|
|poke|p1|Garchomp, L50, F|
|poke|p2|Maushold-Four, L50, shiny|
|poke|p2|Malamar, L50, M, shiny|
|poke|p2|Mawile, L50, F, shiny|
|poke|p2|Kommo-o, L50, M, shiny|
|poke|p2|Mr. Rime, L50, M, shiny|
|poke|p2|Basculegion, L50, M, shiny|
|teampreview|4
|showteam|p1|Aerodactyl||FocusSash|Unnerve|DualWingbeat,Taunt,RockSlide,Tailwind|Jolly||M|||50|]Incineroar||SitrusBerry|Intimidate|FakeOut,Protect,WillOWisp,PartingShot|Impish||F|||50|]Sneasler||ExpertBelt|PoisonTouch|DireClaw,CloseCombat,RockSlide,Uturn|Jolly||F|||50|]Aegislash||Leftovers|StanceChange|KingsShield,IronHead,ShadowSneak,SwordsDance|Adamant||M|||50|]Delphox||Delphoxite|Blaze|Psychic,HeatWave,ScorchingSands,DazzlingGleam|Timid||M|||50|]Garchomp||ChoiceScarf|RoughSkin|Earthquake,DragonClaw,IronHead,PoisonJab|Adamant||F|||50|
|showteam|p2|Maushold-Four||WideLens|Technician|FollowMe,PopulationBomb,Feint,Protect|Jolly|||||50|]Malamar||RoseliBerry|Contrary|Superpower,KnockOff,Protect,TrickRoom|Brave||M|||50|]Mawile||Mawilite|HyperCutter|IronHead,PlayRough,RockSlide,SuckerPunch|Brave||F|||50|]Kommo-o||LifeOrb|Soundproof|ClangingScales,AuraSphere,VacuumWave,Protect|Quiet||M|||50|]Mr. Rime||NeverMeltIce|ScreenCleaner|FreezeDry,FrostBreath,Charm,FakeOut|Quiet||M|||50|]Basculegion||FocusSash|Adaptability|Liquidation,LastRespects,AquaJet,Protect|Adamant||M|||50|
|inactive|Battle timer is ON: inactive players will automatically lose when time's up. (requested by TheLeoj)
|
|t:|1785074186
|teamsize|p1|4
|teamsize|p2|4
|start
|switch|p1a: Aerodactyl|Aerodactyl, L50, M|100/100
|switch|p1b: Sneasler|Sneasler, L50, F|100/100
|switch|p2a: Malamar|Malamar, L50, M, shiny|100/100
|switch|p2b: Maushold|Maushold-Four, L50, shiny|100/100
|-ability|p1a: Aerodactyl|Unnerve
|turn|1
|
|t:|1785074204
|move|p2b: Maushold|Follow Me|p2b: Maushold
|-singleturn|p2b: Maushold|move: Follow Me
|move|p1a: Aerodactyl|Taunt|p2b: Maushold
|-start|p2b: Maushold|move: Taunt
|move|p1b: Sneasler|U-turn|p2b: Maushold
|-damage|p2b: Maushold|63/100
|-status|p2b: Maushold|psn|[from] ability: Poison Touch|[of] p1b: Sneasler
|
|t:|1785074213
|switch|p1b: Incineroar|Incineroar, L50, F|100/100|[from] U-turn
|-ability|p1b: Incineroar|Intimidate|boost
|-boost|p2a: Malamar|atk|1
|-unboost|p2b: Maushold|atk|1
|move|p2a: Malamar|Trick Room|p2a: Malamar
|-fieldstart|move: Trick Room|[of] p2a: Malamar
|
|-damage|p2b: Maushold|51/100 psn|[from] psn
|upkeep
|turn|2
|inactive|TheLeoj has 30 seconds left.
|inactive|TheLeoj has 20 seconds left.
|
|t:|1785074251
|move|p1b: Incineroar|Fake Out|p2a: Malamar
|-damage|p2a: Malamar|88/100
|cant|p2a: Malamar|flinch
|move|p2b: Maushold|Population Bomb|p1b: Incineroar
|-damage|p1b: Incineroar|94/100
|-damage|p1b: Incineroar|87/100
|-crit|p1b: Incineroar
|-damage|p1b: Incineroar|72/100
|-damage|p1b: Incineroar|67/100
|-damage|p1b: Incineroar|61/100
|-damage|p1b: Incineroar|55/100
|-damage|p1b: Incineroar|49/100
|-enditem|p1b: Incineroar|Sitrus Berry|[eat]
|-heal|p1b: Incineroar|74/100|[from] item: Sitrus Berry
|-damage|p1b: Incineroar|68/100
|-crit|p1b: Incineroar
|-damage|p1b: Incineroar|54/100
|-damage|p1b: Incineroar|48/100
|-hitcount|p1b: Incineroar|10
|move|p1a: Aerodactyl|Rock Slide|p2a: Malamar|[spread] p2a
|-miss|p1a: Aerodactyl|p2b: Maushold
|-damage|p2a: Malamar|62/100
|
|-damage|p2b: Maushold|39/100 psn|[from] psn
|upkeep
|turn|3
|inactive|bigpapalopa has 30 seconds left.
|
|t:|1785074283
|move|p1b: Incineroar|Protect|p1b: Incineroar
|-singleturn|p1b: Incineroar|Protect
|move|p2a: Malamar|Superpower|p1b: Incineroar
|-activate|p1b: Incineroar|move: Protect
|move|p2b: Maushold|Population Bomb|p1b: Incineroar
|-activate|p1b: Incineroar|move: Protect
|move|p1a: Aerodactyl|Rock Slide|p2a: Malamar|[spread] p2a,p2b
|-damage|p2a: Malamar|35/100
|-damage|p2b: Maushold|0 fnt
|faint|p2b: Maushold
|
|upkeep
|
|t:|1785074288
|switch|p2b: Mawile|Mawile, L50, F, shiny|100/100
|turn|4
|inactive|bigpapalopa has 30 seconds left.
|
|t:|1785074314
|detailschange|p2b: Mawile|Mawile-Mega, L50, F, shiny
|-mega|p2b: Mawile|Mawile|Mawilite
|move|p2b: Mawile|Rock Slide|p1b: Incineroar|[spread] p1a,p1b
|-supereffective|p1a: Aerodactyl|1
|-crit|p1a: Aerodactyl
|-supereffective|p1b: Incineroar|1
|-enditem|p1a: Aerodactyl|Focus Sash
|-damage|p1a: Aerodactyl|1/100
|-damage|p1b: Incineroar|0 fnt
|faint|p1b: Incineroar
|move|p2a: Malamar|Superpower|p1a: Aerodactyl
|-damage|p1a: Aerodactyl|0 fnt
|-boost|p2a: Malamar|atk|1
|-boost|p2a: Malamar|def|1
|faint|p1a: Aerodactyl
|
|upkeep
|
|t:|1785074329
|switch|p1b: Delphox|Delphox, L50, M|100/100
|switch|p1a: Sneasler|Sneasler, L50, F|100/100
|turn|5
|
|t:|1785074348
|detailschange|p1b: Delphox|Delphox-Mega, L50, M
|-mega|p1b: Delphox|Delphox|Delphoxite
|move|p2b: Mawile|Rock Slide|p1b: Delphox|[spread] p1b
|-miss|p2b: Mawile|p1a: Sneasler
|-supereffective|p1b: Delphox|1
|-damage|p1b: Delphox|0 fnt
|faint|p1b: Delphox
|move|p2a: Malamar|Knock Off|p1a: Sneasler
|-resisted|p1a: Sneasler|1
|-damage|p1a: Sneasler|21/100
|-enditem|p1a: Sneasler|Expert Belt|[from] move: Knock Off|[of] p2a: Malamar
|move|p1a: Sneasler|U-turn|p2a: Malamar
|-supereffective|p2a: Malamar|2
|-damage|p2a: Malamar|0 fnt
|faint|p2a: Malamar
|
|-fieldend|move: Trick Room
|upkeep
|
|t:|1785074360
|switch|p2a: Basculegion|Basculegion, L50, M, shiny|100/100
|turn|6
|
|t:|1785074365
|move|p2a: Basculegion|Aqua Jet|p1a: Sneasler
|-damage|p1a: Sneasler|0 fnt
|faint|p1a: Sneasler
|
|win|TheLeoj
