|j|☆gonchochill
|j|☆GaliVGC
|html|gonchochillGaliVGC    
|uhtml|bestof|Game 2 of a best-of-3
|t:|1782478384
|gametype|doubles
|player|p1|gonchochill|lady-gen4|1002
|player|p2|GaliVGC|266|1064
|gen|9
|tier|[Gen 9 Champions] VGC 2026 Reg M-B (Bo3)
|rated|
|rule|Species Clause: Limit one of each Pokémon
|rule|Item Clause: Limit 1 of each item
|clearpoke
|poke|p1|Maushold, L50|
|poke|p1|Sinistcha, L50|
|poke|p1|Delphox, L50, F|
|poke|p1|Staraptor, L50, M|
|poke|p1|Grimmsnarl, L50, M|
|poke|p1|Incineroar, L50, F|
|poke|p2|Eelektross, L50, F|
|poke|p2|Garchomp, L50, F|
|poke|p2|Talonflame, L50, M|
|poke|p2|Incineroar, L50, M|
|poke|p2|Sinistcha, L50|
|poke|p2|Floette-Eternal, L50, F|
|teampreview|4
|showteam|p1|Maushold||FocusSash|FriendGuard|SuperFang,FollowMe,Charm,Protect|Jolly|||||50|]Sinistcha||KasibBerry|Hospitality|MatchaGotcha,ShadowBall,RagePowder,LifeDew|Bold|||||50|]Delphox||Delphoxite|Blaze|HeatWave,Psyshock,NastyPlot,Protect|Timid||F|||50|]Staraptor||Staraptite|Intimidate|CloseCombat,BraveBird,Roost,Protect|Jolly||M|||50|]Grimmsnarl||Leftovers|Prankster|SpiritBreak,ScaryFace,LightScreen,PartingShot|Careful||M|||50|]Incineroar||SitrusBerry|Intimidate|FakeOut,FlareBlitz,ThroatChop,PartingShot|Sassy||F|||50|
|showteam|p2|Eelektross||Eelektrossite|Levitate|Discharge,GrassKnot,Protect,Thunderbolt|Modest||F|||50|]Garchomp||LifeOrb|RoughSkin|Earthquake,DragonClaw,Protect,RockSlide|Adamant||F|||50|]Talonflame||WideLens|GaleWings|DualWingbeat,Tailwind,Protect,WillOWisp|Jolly||M|||50|]Incineroar||ChopleBerry|Intimidate|PartingShot,FakeOut,ThroatChop,FlareBlitz|Impish||M|||50|]Sinistcha||SitrusBerry|Hospitality|MatchaGotcha,RagePowder,Protect,TrickRoom|Calm|||||50|]Floette-Eternal||Floettite|FlowerVeil|Moonblast,DazzlingGleam,CalmMind,Protect|Modest||F|||50|
|
|t:|1782478414
|teamsize|p1|4
|teamsize|p2|4
|start
|switch|p1a: Delphox|Delphox, L50, F|100/100
|switch|p1b: Incineroar|Incineroar, L50, F|100/100
|switch|p2a: Eelektross|Eelektross, L50, F|100/100
|switch|p2b: Garchomp|Garchomp, L50, F|100/100
|-ability|p1b: Incineroar|Intimidate|boost
|-unboost|p2a: Eelektross|atk|1
|-unboost|p2b: Garchomp|atk|1
|turn|1
|inactive|Battle timer is ON: inactive players will automatically lose when time's up. (requested by GaliVGC)
|
|t:|1782478444
|detailschange|p1a: Delphox|Delphox-Mega, L50, F
|-mega|p1a: Delphox|Delphox|Delphoxite
|detailschange|p2a: Eelektross|Eelektross-Mega, L50, F
|-mega|p2a: Eelektross|Eelektross|Eelektrossite
|move|p1b: Incineroar|Fake Out|p2b: Garchomp
|-damage|p2b: Garchomp|89/100
|-damage|p1b: Incineroar|87/100|[from] ability: Rough Skin|[of] p2b: Garchomp
|move|p1a: Delphox|Psyshock|p2b: Garchomp
|-crit|p2b: Garchomp
|-damage|p2b: Garchomp|16/100
|cant|p2b: Garchomp|flinch
|move|p2a: Eelektross|Discharge|p1a: Delphox|[spread] p1a,p1b
|-immune|p2b: Garchomp
|-damage|p1a: Delphox|64/100
|-damage|p1b: Incineroar|62/100
|
|upkeep
|turn|2
|inactive|GaliVGC has 30 seconds left.
|
|t:|1782478473
|switch|p2b: Incineroar|Incineroar, L50, M|100/100
|-ability|p2b: Incineroar|Intimidate|boost
|-unboost|p1a: Delphox|atk|1
|-unboost|p1b: Incineroar|atk|1
|move|p1a: Delphox|Heat Wave|p2a: Eelektross|[spread] p2a
|-miss|p1a: Delphox|p2b: Incineroar
|-damage|p2a: Eelektross|50/100y
|-status|p2a: Eelektross|brn
|move|p2a: Eelektross|Thunderbolt|p1a: Delphox
|-damage|p1a: Delphox|10/100
|move|p1b: Incineroar|Parting Shot|p2a: Eelektross
|-unboost|p2a: Eelektross|atk|1
|-unboost|p2a: Eelektross|spa|1
|
|t:|1782478489
|switch|p1b: Maushold|Maushold, L50|100/100|[from] Parting Shot
|
|-damage|p2a: Eelektross|43/100 brn|[from] brn
|upkeep
|turn|3
|
|t:|1782478503
|switch|p2b: Sinistcha|Sinistcha, L50|100/100
|-heal|p2a: Eelektross|68/100 brn|[from] ability: Hospitality|[of] p2b: Sinistcha
|move|p1b: Maushold|Protect|p1b: Maushold
|-singleturn|p1b: Maushold|Protect
|move|p1a: Delphox|Heat Wave|p2a: Eelektross|[spread] p2a,p2b
|-supereffective|p2b: Sinistcha|1
|-damage|p2a: Eelektross|23/100 brn
|-damage|p2b: Sinistcha|24/100
|-enditem|p2b: Sinistcha|Sitrus Berry|[eat]
|-heal|p2b: Sinistcha|49/100|[from] item: Sitrus Berry
|move|p2a: Eelektross|Discharge|p1a: Delphox|[spread] p2b,p1a
|-activate|p1b: Maushold|move: Protect
|-resisted|p2b: Sinistcha|1
|-damage|p2b: Sinistcha|38/100
|-damage|p1a: Delphox|0 fnt
|faint|p1a: Delphox
|-ability|p2a: Eelektross|Eelevate|boost
|-boost|p2a: Eelektross|spa|1
|
|-damage|p2a: Eelektross|17/100 brn|[from] brn
|upkeep
|
|t:|1782478524
|switch|p1a: Incineroar|Incineroar, L50, F|62/100
|-ability|p1a: Incineroar|Intimidate|boost
|-unboost|p2a: Eelektross|atk|1
|-unboost|p2b: Sinistcha|atk|1
|turn|4
|
|t:|1782478535
|switch|p2b: Incineroar|Incineroar, L50, M|100/100
|-ability|p2b: Incineroar|Intimidate|boost
|-unboost|p1a: Incineroar|atk|1
|-unboost|p1b: Maushold|atk|1
|move|p2a: Eelektross|Protect|p2a: Eelektross
|-singleturn|p2a: Eelektross|Protect
|move|p1a: Incineroar|Fake Out|p2a: Eelektross
|-activate|p2a: Eelektross|move: Protect
|move|p1b: Maushold|Charm|p2b: Incineroar
|-unboost|p2b: Incineroar|atk|2
|
|-damage|p2a: Eelektross|11/100 brn|[from] brn
|upkeep
|turn|5
|inactive|GaliVGC has 30 seconds left.
|
|t:|1782478563
|move|p1b: Maushold|Protect|p1b: Maushold
|-singleturn|p1b: Maushold|Protect
|move|p2b: Incineroar|Fake Out|p1b: Maushold
|-activate|p1b: Maushold|move: Protect
|move|p2a: Eelektross|Thunderbolt|p1a: Incineroar
|-crit|p1a: Incineroar
|-damage|p1a: Incineroar|22/100
|-enditem|p1a: Incineroar|Sitrus Berry|[eat]
|-heal|p1a: Incineroar|47/100|[from] item: Sitrus Berry
|move|p1a: Incineroar|Parting Shot|p2b: Incineroar
|-unboost|p2b: Incineroar|atk|1
|-unboost|p2b: Incineroar|spa|1
|
|t:|1782478571
|switch|p1a: Staraptor|Staraptor, L50, M|100/100|[from] Parting Shot
|-ability|p1a: Staraptor|Intimidate|boost
|-unboost|p2a: Eelektross|atk|1
|-unboost|p2b: Incineroar|atk|1
|
|-damage|p2a: Eelektross|5/100 brn|[from] brn
|upkeep
|turn|6
|
|t:|1782478588
|switch|p2b: Sinistcha|Sinistcha, L50|38/100
|-heal|p2a: Eelektross|30/100 brn|[from] ability: Hospitality|[of] p2b: Sinistcha
|move|p1b: Maushold|Follow Me|p1b: Maushold
|-singleturn|p1b: Maushold|move: Follow Me
|move|p1a: Staraptor|Close Combat|p2b: Sinistcha
|-immune|p2b: Sinistcha
|move|p2a: Eelektross|Thunderbolt|p1b: Maushold
|-damage|p1b: Maushold|29/100
|
|-damage|p2a: Eelektross|24/100 brn|[from] brn
|upkeep
|turn|7
|inactive|gonchochill has 30 seconds left.
|
|t:|1782478614
|move|p1b: Maushold|Protect|p1b: Maushold
|-singleturn|p1b: Maushold|Protect
|move|p2b: Sinistcha|Rage Powder|p2b: Sinistcha
|-singleturn|p2b: Sinistcha|move: Rage Powder
|move|p1a: Staraptor|Close Combat|p2b: Sinistcha
|-immune|p2b: Sinistcha
|move|p2a: Eelektross|Discharge|p1b: Maushold|[spread] p2b,p1a
|-activate|p1b: Maushold|move: Protect
|-resisted|p2b: Sinistcha|1
|-supereffective|p1a: Staraptor|1
|-damage|p2b: Sinistcha|22/100
|-damage|p1a: Staraptor|25/100
|-status|p2b: Sinistcha|par
|
|-damage|p2a: Eelektross|18/100 brn|[from] brn
|upkeep
|turn|8
|
|t:|1782478633
|move|p1b: Maushold|Follow Me|p1b: Maushold
|-singleturn|p1b: Maushold|move: Follow Me
|move|p2b: Sinistcha|Rage Powder|p2b: Sinistcha
|-singleturn|p2b: Sinistcha|move: Rage Powder
|move|p1a: Staraptor|Brave Bird|p2b: Sinistcha
|-supereffective|p2b: Sinistcha|1
|-crit|p2b: Sinistcha
|-damage|p2b: Sinistcha|0 fnt
|faint|p2b: Sinistcha
|-damage|p1a: Staraptor|18/100|[from] Recoil
|move|p2a: Eelektross|Discharge|p1b: Maushold|[spread] p1a,p1b
|-supereffective|p1a: Staraptor|1
|-damage|p1a: Staraptor|0 fnt
|-damage|p1b: Maushold|0 fnt
|faint|p1a: Staraptor
|faint|p1b: Maushold
|-ability|p2a: Eelektross|Eelevate|boost
|-boost|p2a: Eelektross|spa|2
|
|-damage|p2a: Eelektross|12/100 brn|[from] brn
|upkeep
|
|t:|1782478650
|switch|p1b: Incineroar|Incineroar, L50, F|47/100
|switch|p2b: Incineroar|Incineroar, L50, M|100/100
|-ability|p2b: Incineroar|Intimidate|boost
|-unboost|p1b: Incineroar|atk|1
|-ability|p1b: Incineroar|Intimidate|boost
|-unboost|p2a: Eelektross|atk|1
|-unboost|p2b: Incineroar|atk|1
|turn|9
|-message|gonchochill forfeited.
|
|win|GaliVGC
|raw|gonchochill's rating: 1002 → 1000(-2 for losing)
|raw|GaliVGC's rating: 1064 → 1089(+25 for winning)
|l|☆gonchochill
|player|p1|
