|j|☆ground tera
|j|☆imptumnus
|html|ground teraimptumnus    
|uhtml|bestof|Game 2 of a best-of-3
|t:|1783362586
|gametype|doubles
|player|p1|ground tera|169|1191
|player|p2|imptumnus|marlon|1075
|gen|9
|tier|[Gen 9 Champions] VGC 2026 Reg M-B (Bo3)
|rated|
|rule|Species Clause: Limit one of each Pokémon
|rule|Item Clause: Limit 1 of each item
|clearpoke
|poke|p1|Archaludon, L50, M|
|poke|p1|Floette-Eternal, L50, F|
|poke|p1|Incineroar, L50, M|
|poke|p1|Pelipper, L50, F|
|poke|p1|Sinistcha, L50|
|poke|p1|Swampert, L50, F|
|poke|p2|Scizor, L50, M, shiny|
|poke|p2|Farigiraf, L50, M|
|poke|p2|Torkoal, L50, F|
|poke|p2|Sylveon, L50, F, shiny|
|poke|p2|Dragonite, L50, F, shiny|
|poke|p2|Basculegion, L50, M|
|teampreview|4
|showteam|p1|Archaludon||Leftovers|Stamina|Protect,ElectroShot,DracoMeteor,FlashCannon|Modest||M|||50|]Floette-Eternal||Floettite|FlowerVeil|Protect,Moonblast,DazzlingGleam,CalmMind|Modest||F|||50|]Incineroar||PasshoBerry|Intimidate|FakeOut,PartingShot,FlareBlitz,ThroatChop|Careful||M|||50|]Pelipper||LifeOrb|Drizzle|Tailwind,WeatherBall,Hurricane,HelpingHand|Modest||F|||50|]Sinistcha||SitrusBerry|Hospitality|Protect,MatchaGotcha,RagePowder,TrickRoom|Bold|||||50|]Swampert||Swampertite|Torrent|Protect,WaveCrash,HighHorsepower,IcePunch|Adamant||F|||50|
|showteam|p2|Scizor||Scizorite|Technician|Trailblaze,BulletPunch,SwordsDance,CloseCombat|Adamant||M|||50|]Farigiraf||SitrusBerry|ArmorTail|TrickRoom,HyperBeam,Protect,Psychic|Bold||M|||50|]Torkoal||Charcoal|Drought|Eruption,HeatWave,Protect,EarthPower|Quiet||F|||50|]Sylveon||Leftovers|Pixilate|HyperVoice,HyperBeam,Detect,QuickAttack|Modest||F|||50|]Dragonite||Dragoninite|Multiscale|Protect,ExtremeSpeed,Hurricane,DragonPulse|Modest||F|||50|]Basculegion||ChoiceScarf|Adaptability|LastRespects,AquaJet,WaveCrash,FlipTurn|Adamant||M|||50|
|inactive|Battle timer is ON: inactive players will automatically lose when time's up. (requested by ground tera)
|
|t:|1783362608
|teamsize|p1|4
|teamsize|p2|4
|start
|switch|p1a: Pelipper|Pelipper, L50, F|100/100
|switch|p1b: Swampert|Swampert, L50, F|100/100
|switch|p2a: Dragonite|Dragonite, L50, F, shiny|100/100
|switch|p2b: Basculegion|Basculegion, L50, M|100/100
|-weather|RainDance|[from] ability: Drizzle|[of] p1a: Pelipper
|turn|1
|inactive|ground tera has 30 seconds left.
|inactive|imptumnus has 30 seconds left.
|inactive|imptumnus has 20 seconds left.
|
|t:|1783362645
|switch|p2b: Sylveon|Sylveon, L50, F, shiny|100/100
|detailschange|p2a: Dragonite|Dragonite-Mega, L50, F, shiny
|-mega|p2a: Dragonite|Dragonite|Dragoninite
|detailschange|p1b: Swampert|Swampert-Mega, L50, F
|-mega|p1b: Swampert|Swampert|Swampertite
|move|p1b: Swampert|Protect|p1b: Swampert
|-singleturn|p1b: Swampert|Protect
|move|p2a: Dragonite|Hurricane|p1b: Swampert
|-activate|p1b: Swampert|move: Protect
|move|p1a: Pelipper|Tailwind|p1a: Pelipper
|-sidestart|p1: ground tera|move: Tailwind
|
|-weather|RainDance|[upkeep]
|upkeep
|turn|2
|
|t:|1783362670
|move|p2a: Dragonite|Protect|p2a: Dragonite
|-singleturn|p2a: Dragonite|Protect
|move|p2b: Sylveon|Detect|p2b: Sylveon
|-singleturn|p2b: Sylveon|Protect
|move|p1b: Swampert|Wave Crash|p2b: Sylveon
|-activate|p2b: Sylveon|move: Protect
|move|p1a: Pelipper|Weather Ball|p2b: Sylveon
|-activate|p2b: Sylveon|move: Protect
|
|-weather|RainDance|[upkeep]
|upkeep
|turn|3
|
|t:|1783362689
|switch|p2b: Basculegion|Basculegion, L50, M|100/100
|move|p1b: Swampert|High Horsepower|p2b: Basculegion
|-damage|p2b: Basculegion|23/100
|move|p1a: Pelipper|Weather Ball|p2b: Basculegion
|-resisted|p2b: Basculegion|1
|-damage|p2b: Basculegion|0 fnt
|faint|p2b: Basculegion
|-damage|p1a: Pelipper|90/100|[from] item: Life Orb
|move|p2a: Dragonite|Hurricane|p1b: Swampert
|-damage|p1b: Swampert|38/100
|
|-weather|RainDance|[upkeep]
|upkeep
|
|t:|1783362702
|switch|p2b: Torkoal|Torkoal, L50, F|100/100
|-weather|SunnyDay|[from] ability: Drought|[of] p2b: Torkoal
|turn|4
|
|t:|1783362718
|move|p1a: Pelipper|Helping Hand|p1b: Swampert
|-singleturn|p1b: Swampert|Helping Hand|[of] p1a: Pelipper
|move|p2b: Torkoal|Protect|p2b: Torkoal
|-singleturn|p2b: Torkoal|Protect
|move|p2a: Dragonite|Extreme Speed|p1b: Swampert
|-crit|p1b: Swampert
|-damage|p1b: Swampert|11/100
|move|p1b: Swampert|Ice Punch|p2a: Dragonite
|-supereffective|p2a: Dragonite|2
|-damage|p2a: Dragonite|15/100
|
|-weather|SunnyDay|[upkeep]
|-sideend|p1: ground tera|move: Tailwind
|upkeep
|turn|5
|
|t:|1783362735
|switch|p1b: Incineroar|Incineroar, L50, M|100/100
|-ability|p1b: Incineroar|Intimidate|boost
|-unboost|p2a: Dragonite|atk|1
|-unboost|p2b: Torkoal|atk|1
|move|p2a: Dragonite|Protect|p2a: Dragonite
|-singleturn|p2a: Dragonite|Protect
|move|p1a: Pelipper|Weather Ball|p2a: Dragonite
|-activate|p2a: Dragonite|move: Protect
|move|p2b: Torkoal|Earth Power|p1b: Incineroar
|-supereffective|p1b: Incineroar|1
|-damage|p1b: Incineroar|60/100
|
|-weather|SunnyDay|[upkeep]
|upkeep
|turn|6
|
|t:|1783362758
|move|p1b: Incineroar|Fake Out|p2a: Dragonite
|-damage|p2a: Dragonite|5/100
|cant|p2a: Dragonite|flinch
|move|p1a: Pelipper|Tailwind|p1a: Pelipper
|-sidestart|p1: ground tera|move: Tailwind
|move|p2b: Torkoal|Earth Power|p1b: Incineroar
|-supereffective|p1b: Incineroar|1
|-damage|p1b: Incineroar|14/100
|
|-weather|SunnyDay|[upkeep]
|upkeep
|turn|7
|
|t:|1783362775
|switch|p2b: Sylveon|Sylveon, L50, F, shiny|100/100
|move|p2a: Dragonite|Extreme Speed|p1b: Incineroar
|-damage|p1b: Incineroar|2/100
|move|p1a: Pelipper|Weather Ball|p2a: Dragonite
|-resisted|p2a: Dragonite|1
|-damage|p2a: Dragonite|0 fnt
|faint|p2a: Dragonite
|-damage|p1a: Pelipper|81/100|[from] item: Life Orb
|move|p1b: Incineroar|Parting Shot|p2b: Sylveon
|-unboost|p2b: Sylveon|atk|1
|-unboost|p2b: Sylveon|spa|1
|
|t:|1783362789
|switch|p1b: Swampert|Swampert-Mega, L50, F|11/100|[from] Parting Shot
|
|-weather|SunnyDay|[upkeep]
|upkeep
|
|t:|1783362797
|switch|p2a: Torkoal|Torkoal, L50, F|100/100
|turn|8
|
|t:|1783362804
|switch|p1a: Incineroar|Incineroar, L50, M|2/100
|-ability|p1a: Incineroar|Intimidate|boost
|-unboost|p2a: Torkoal|atk|1
|-unboost|p2b: Sylveon|atk|1
|move|p1b: Swampert|Protect|p1b: Swampert
|-singleturn|p1b: Swampert|Protect
|move|p2a: Torkoal|Protect|p2a: Torkoal
|-singleturn|p2a: Torkoal|Protect
|move|p2b: Sylveon|Hyper Voice|p1b: Swampert|[spread] p1a
|-activate|p1b: Swampert|move: Protect
|-damage|p1a: Incineroar|0 fnt
|faint|p1a: Incineroar
|
|-weather|none
|upkeep
|
|t:|1783362814
|switch|p1a: Pelipper|Pelipper, L50, F|81/100
|-weather|RainDance|[from] ability: Drizzle|[of] p1a: Pelipper
|turn|9
|
|t:|1783362828
|move|p1b: Swampert|Wave Crash|p2b: Sylveon
|-damage|p2b: Sylveon|0 fnt
|faint|p2b: Sylveon
|-damage|p1b: Swampert|0 fnt|[from] Recoil
|faint|p1b: Swampert
|move|p1a: Pelipper|Weather Ball|p2a: Torkoal
|-supereffective|p2a: Torkoal|1
|-damage|p2a: Torkoal|0 fnt
|faint|p2a: Torkoal
|-damage|p1a: Pelipper|71/100|[from] item: Life Orb
|
|win|ground tera
|raw|ground tera's rating: 1191 → 1208(+17 for winning)
|raw|imptumnus's rating: 1075 → 1061(-14 for losing)
