|j|☆Harridino
|j|☆jfwarriors
|html|Harridinojfwarriors    
|uhtml|bestof|Game 2 of a best-of-3
|t:|1757030316
|gametype|doubles
|player|p1|Harridino|pokemaniac|
|player|p2|jfwarriors|fisherman-gen4|
|gen|9
|tier|[Gen 9] VGC 2025 Reg H (Bo3)
|rule|Tera Type Preview: Tera Types are shown at Team Preview
|rule|Species Clause: Limit one of each Pokémon
|rule|Item Clause: Limit 1 of each item
|raw|2 custom rules: Tera Type Preview, !Force Open Team Sheets
|clearpoke
|poke|p1|Torkoal, L50, F|
|poke|p1|Jumpluff, L50, M|
|poke|p1|Charizard, L50, F|
|poke|p1|Reuniclus, L50, F|
|poke|p1|Ursaluna, L50, F|
|poke|p1|Indeedee-F, L50, F|
|poke|p2|Annihilape, L50, M|
|poke|p2|Goodra-Hisui, L50, F|
|poke|p2|Volcarona, L50, M|
|poke|p2|Ambipom, L50, F|
|poke|p2|Florges, L50, F|
|poke|p2|Rotom-Wash, L50|
|raw|Harridino's Tera Types: /  /  /  /  / 
|raw|jfwarriors's Tera Types: /  /  /  /  / 
|teampreview|4
|j| zuiyyy
|j| qwhat123
|j| Criee
|j| hunterdrago
|l|☆jfwarriors
|player|p2|
|j|☆jfwarriors
|player|p2|jfwarriors|fisherman-gen4|
|inactive|Battle timer is ON: inactive players will automatically lose when time's up. (requested by Harridino)
|
|t:|1757030355
|teamsize|p1|4
|teamsize|p2|4
|start
|switch|p1a: Chica|Torkoal, L50, F, shiny|100/100
|switch|p1b: Mr. Cupcake|Jumpluff, L50, M|100/100
|switch|p2a: Fleur|Florges, L50, F, shiny|100/100
|switch|p2b: Rage Monke|Annihilape, L50, M, shiny|100/100
|-weather|SunnyDay|[from] ability: Drought|[of] p1a: Chica
|turn|1
|inactive|jfwarriors has 30 seconds left.
|inactive|jfwarriors has 20 seconds left.
|
|t:|1757030392
|switch|p2a: Washer|Rotom-Wash, L50, shiny|100/100
|move|p1b: Mr. Cupcake|Tailwind|p1b: Mr. Cupcake
|-sidestart|p1: Harridino|move: Tailwind
|move|p2b: Rage Monke|Final Gambit|p1a: Chica
|-damage|p1a: Chica|0 fnt
|faint|p2b: Rage Monke
|faint|p1a: Chica
|
|-weather|SunnyDay|[upkeep]
|upkeep
|
|t:|1757030402
|switch|p2b: SLUGGY 0.0|Goodra-Hisui, L50, F, shiny|100/100
|switch|p1a: Freddy|Ursaluna, L50, F, shiny|100/100
|turn|2
|inactive|Harridino has 30 seconds left.
|inactive|jfwarriors has 30 seconds left.
|inactive|Harridino has 20 seconds left.
|inactive|Harridino has 15 seconds left.
|inactive|Harridino has 10 seconds left.
|
|t:|1757030450
|switch|p1b: Foxy|Charizard, L50, F, shiny|100/100
|-terastallize|p2b: SLUGGY 0.0|Water
|move|p1a: Freddy|Protect|p1a: Freddy
|-singleturn|p1a: Freddy|Protect
|move|p2a: Washer|Rain Dance|p2a: Washer
|-weather|RainDance
|move|p2b: SLUGGY 0.0|Knock Off|p1a: Freddy
|-activate|p1a: Freddy|move: Protect
|
|-weather|RainDance|[upkeep]
|-status|p1a: Freddy|brn|[from] item: Flame Orb
|upkeep
|turn|3
|inactive|Harridino has 30 seconds left.
|inactive|jfwarriors has 30 seconds left.
|inactive|Harridino has 20 seconds left.
|inactive|jfwarriors has 20 seconds left.
|inactive|Harridino has 15 seconds left.
|
|t:|1757030492
|-terastallize|p1a: Freddy|Fairy
|move|p1b: Foxy|Dragon Pulse|p2a: Washer
|-damage|p2a: Washer|54/100
|move|p1a: Freddy|Facade|p2b: SLUGGY 0.0
|-damage|p2b: SLUGGY 0.0|12/100
|-enditem|p2b: SLUGGY 0.0|Sitrus Berry|[eat]
|-heal|p2b: SLUGGY 0.0|36/100|[from] item: Sitrus Berry
|move|p2a: Washer|Reflect|p2a: Washer
|-sidestart|p2: jfwarriors|Reflect
|move|p2b: SLUGGY 0.0|Acid Armor|p2b: SLUGGY 0.0
|-boost|p2b: SLUGGY 0.0|def|2
|
|-weather|RainDance|[upkeep]
|-damage|p1a: Freddy|95/100 brn|[from] brn
|upkeep
|turn|4
|
|t:|1757030511
|switch|p1b: Mr. Cupcake|Jumpluff, L50, M|100/100
|move|p1a: Freddy|Facade|p2b: SLUGGY 0.0
|-damage|p2b: SLUGGY 0.0|2/100
|move|p2a: Washer|Hydro Pump|p1a: Freddy
|-damage|p1a: Freddy|12/100 brn
|move|p2b: SLUGGY 0.0|Heavy Slam|p1a: Freddy
|-supereffective|p1a: Freddy
|-damage|p1a: Freddy|0 fnt
|faint|p1a: Freddy
|
|-weather|RainDance|[upkeep]
|-sideend|p1: Harridino|move: Tailwind
|upkeep
|
|t:|1757030516
|switch|p1a: Foxy|Charizard, L50, F, shiny|100/100
|turn|5
|
|t:|1757030538
|move|p1b: Mr. Cupcake|Pollen Puff|p2b: SLUGGY 0.0
|-damage|p2b: SLUGGY 0.0|0 fnt
|faint|p2b: SLUGGY 0.0
|move|p1a: Foxy|Dragon Pulse|p2a: Washer
|-damage|p2a: Washer|6/100
|move|p2a: Washer|Hydro Pump|p1a: Foxy
|-supereffective|p1a: Foxy
|-damage|p1a: Foxy|0 fnt
|faint|p1a: Foxy
|
|-weather|RainDance|[upkeep]
|upkeep
|
|t:|1757030546
|switch|p2b: Fleur|Florges, L50, F, shiny|100/100
|turn|6
|c| hunterdrago|HYDRO HIT
|
|t:|1757030554
|move|p1b: Mr. Cupcake|Pollen Puff|p2a: Washer
|-damage|p2a: Washer|0 fnt
|faint|p2a: Washer
|move|p2b: Fleur|Moonblast|p1b: Mr. Cupcake
|-damage|p1b: Mr. Cupcake|48/100
|
|-weather|none
|upkeep
|turn|7
|
|t:|1757030561
|move|p1b: Mr. Cupcake|Pollen Puff|p2b: Fleur
|-resisted|p2b: Fleur
|-damage|p2b: Fleur|96/100
|move|p2b: Fleur|Moonblast|p1b: Mr. Cupcake
|-damage|p1b: Mr. Cupcake|2/100
|
|-heal|p2b: Fleur|100/100|[from] item: Leftovers
|-sideend|p2: jfwarriors|Reflect
|upkeep
|turn|8
|
|t:|1757030568
|move|p1b: Mr. Cupcake|Pollen Puff|p2b: Fleur
|-resisted|p2b: Fleur
|-crit|p2b: Fleur
|-damage|p2b: Fleur|93/100
|move|p2b: Fleur|Moonblast|p1b: Mr. Cupcake
|-damage|p1b: Mr. Cupcake|0 fnt
|faint|p1b: Mr. Cupcake
|
|win|jfwarriors
||Harridino is ready for game 3.
||jfwarriors is ready for game 3.
|uhtml|next|Next: Game 3 of 3
|l| zuiyyy
