|j|☆gingersolos
|j|☆mesziah
|html|gingersolosmesziah    
|uhtml|bestof|Game 3 of a best-of-3
|t:|1786118518
|gametype|doubles
|player|p1|gingersolos|unknown|
|player|p2|mesziah|beauty-gen4dp|
|gen|9
|tier|[Gen 9 Champions] VGC 2026 Reg M-B (Bo3)
|rule|Species Clause: Limit one of each Pokémon
|rule|Item Clause: Limit 1 of each item
|clearpoke
|poke|p1|Incineroar, L50, M|
|poke|p1|Gardevoir, L50, F|
|poke|p1|Dragonite, L50, M|
|poke|p1|Milotic, L50, F|
|poke|p1|Zoroark-Hisui, L50, M|
|poke|p1|Sandaconda, L50, F|
|poke|p2|Garchomp, L50, F|
|poke|p2|Heliolisk, L50, F|
|poke|p2|Skarmory, L50, F|
|poke|p2|Mimikyu, L50, F|
|poke|p2|Talonflame, L50, M|
|poke|p2|Sinistcha, L50|
|teampreview|4
|showteam|p1|Incineroar||SitrusBerry|Intimidate|FakeOut,FlareBlitz,Snarl,PartingShot|Careful||M|||50|]Gardevoir||Gardevoirite|Trace|HyperVoice,Psychic,TrickRoom,Protect|Modest||F|||50|]Dragonite||DragonFang|Multiscale|ExtremeSpeed,DragonClaw,Tailwind,Protect|Adamant||M|||50|]Milotic||Leftovers|Competitive|Scald,IcyWind,Recover,Protect|Bold||F|||50|]Zoroark-Hisui||FocusSash|Illusion|ShadowBall,HyperVoice,BitterMalice,Protect|Timid||M|||50|]Sandaconda||LumBerry|ShedSkin|Glare,HighHorsepower,RockSlide,Protect|Impish||F|||50|
|showteam|p2|Garchomp||LifeOrb|RoughSkin|Surf,DragonPulse,PowerGem,Protect|Timid||F|||50|]Heliolisk||FocusSash|DrySkin|Discharge,Thunderbolt,EerieImpulse,Protect|Modest||F|||50|]Skarmory||Skarmorite|KeenEye|IronHead,RockTomb,BraveBird,Protect|Jolly||F|||50|]Mimikyu||WideLens|Disguise|PlayRough,DrainPunch,WillOWisp,ShadowClaw|Adamant||F|||50|]Talonflame|||GaleWings|Tailwind,Acrobatics,WillOWisp,UpperHand|Jolly||M|||50|]Sinistcha||ColburBerry|Hospitality|MatchaGotcha,LifeDew,Scald,Protect|Modest|||||50|
|
|t:|1786118539
|teamsize|p1|4
|teamsize|p2|4
|start
|switch|p1a: Incineroar|Incineroar, L50, M|100/100
|switch|p1b: Gardevoir|Gardevoir, L50, F|100/100
|switch|p2a: Skarmory|Skarmory, L50, F|100/100
|switch|p2b: Talonflame|Talonflame, L50, M|100/100
|-ability|p1b: Gardevoir|Gale Wings|Trace|[from] ability: Trace|[of] p2b: Talonflame
|-ability|p1a: Incineroar|Intimidate|boost
|-unboost|p2a: Skarmory|atk|1
|-unboost|p2b: Talonflame|atk|1
|turn|1
|
|t:|1786118567
|detailschange|p2a: Skarmory|Skarmory-Mega, L50, F
|-mega|p2a: Skarmory|Skarmory|Skarmorite
|detailschange|p1b: Gardevoir|Gardevoir-Mega, L50, F
|-mega|p1b: Gardevoir|Gardevoir|Gardevoirite
|move|p1a: Incineroar|Fake Out|p2b: Talonflame
|-damage|p2b: Talonflame|85/100
|cant|p2b: Talonflame|flinch
|move|p2a: Skarmory|Iron Head|p1b: Gardevoir
|-supereffective|p1b: Gardevoir|1
|-damage|p1b: Gardevoir|23/100
|move|p1b: Gardevoir|Hyper Voice|p2a: Skarmory|[spread] p2a,p2b
|-resisted|p2a: Skarmory|1
|-resisted|p2b: Talonflame|1
|-damage|p2a: Skarmory|66/100
|-damage|p2b: Talonflame|54/100
|
|upkeep
|turn|2
|
|t:|1786118590
|move|p2b: Talonflame|Acrobatics|p1a: Incineroar
|-damage|p1a: Incineroar|79/100
|move|p2a: Skarmory|Iron Head|p1b: Gardevoir
|-supereffective|p1b: Gardevoir|1
|-damage|p1b: Gardevoir|0 fnt
|faint|p1b: Gardevoir
|move|p1a: Incineroar|Flare Blitz|p2a: Skarmory
|-supereffective|p2a: Skarmory|1
|-damage|p2a: Skarmory|0 fnt
|faint|p2a: Skarmory
|-damage|p1a: Incineroar|63/100|[from] Recoil
|
|upkeep
|
|t:|1786118611
|switch|p2a: Garchomp|Garchomp, L50, F|100/100
|switch|p1b: Milotic|Milotic, L50, F|100/100
|turn|3
|
|t:|1786118633
|move|p2a: Garchomp|Protect|p2a: Garchomp
|-singleturn|p2a: Garchomp|Protect
|move|p2b: Talonflame|Acrobatics|p1b: Milotic
|-damage|p1b: Milotic|82/100
|move|p1b: Milotic|Icy Wind|p2b: Talonflame|[spread] p2b
|-activate|p2a: Garchomp|move: Protect
|-damage|p2b: Talonflame|42/100
|-unboost|p2b: Talonflame|spe|1
|move|p1a: Incineroar|Snarl|p2a: Garchomp|[spread] p2b
|-activate|p2a: Garchomp|move: Protect
|-damage|p2b: Talonflame|29/100
|-unboost|p2b: Talonflame|spa|1
|
|-heal|p1b: Milotic|88/100|[from] item: Leftovers
|upkeep
|turn|4
|
|t:|1786118670
|switch|p2a: Mimikyu|Mimikyu, L50, F|100/100
|move|p2b: Talonflame|Acrobatics|p1a: Incineroar
|-damage|p1a: Incineroar|43/100
|-enditem|p1a: Incineroar|Sitrus Berry|[eat]
|-heal|p1a: Incineroar|67/100|[from] item: Sitrus Berry
|move|p1b: Milotic|Icy Wind|p2b: Talonflame|[spread] p2a,p2b
|-activate|p2a: Mimikyu|ability: Disguise
|-damage|p2a: Mimikyu|100/100
|-damage|p2b: Talonflame|16/100
|-unboost|p2a: Mimikyu|spe|1
|-unboost|p2b: Talonflame|spe|1
|detailschange|p2a: Mimikyu|Mimikyu-Busted, L50, F
|-damage|p2a: Mimikyu|87/100|[from] pokemon: Mimikyu-Busted
|move|p1a: Incineroar|Flare Blitz|p2a: Mimikyu
|-damage|p2a: Mimikyu|5/100
|-damage|p1a: Incineroar|50/100y|[from] Recoil
|
|-heal|p1b: Milotic|94/100|[from] item: Leftovers
|upkeep
|turn|5
|
|t:|1786118706
|move|p1b: Milotic|Scald|p2b: Talonflame
|-supereffective|p2b: Talonflame|1
|-damage|p2b: Talonflame|0 fnt
|faint|p2b: Talonflame
|move|p2a: Mimikyu|Drain Punch|p1a: Incineroar
|-supereffective|p1a: Incineroar|1
|-damage|p1a: Incineroar|6/100
|-heal|p2a: Mimikyu|38/100|[from] drain|[of] p1a: Incineroar
|move|p1a: Incineroar|Snarl|p2a: Mimikyu
|-damage|p2a: Mimikyu|18/100
|-unboost|p2a: Mimikyu|spa|1
|
|-heal|p1b: Milotic|100/100|[from] item: Leftovers
|upkeep
|
|t:|1786118719
|switch|p2b: Garchomp|Garchomp, L50, F|100/100
|turn|6
|
|t:|1786118735
|move|p2b: Garchomp|Protect|p2b: Garchomp
|-singleturn|p2b: Garchomp|Protect
|move|p1b: Milotic|Icy Wind|p2a: Mimikyu|[spread] p2a
|-activate|p2b: Garchomp|move: Protect
|-damage|p2a: Mimikyu|4/100
|-unboost|p2a: Mimikyu|spe|1
|move|p1a: Incineroar|Snarl|p2b: Garchomp|[spread] p2a
|-activate|p2b: Garchomp|move: Protect
|-damage|p2a: Mimikyu|0 fnt
|faint|p2a: Mimikyu
|
|upkeep
|turn|7
|
|t:|1786118757
|move|p2b: Garchomp|Surf|p1b: Milotic|[spread] p1a,p1b
|-supereffective|p1a: Incineroar|1
|-resisted|p1b: Milotic|1
|-damage|p1a: Incineroar|0 fnt
|-damage|p1b: Milotic|92/100
|faint|p1a: Incineroar
|-damage|p2b: Garchomp|90/100|[from] item: Life Orb
|move|p1b: Milotic|Icy Wind|p2b: Garchomp
|-supereffective|p2b: Garchomp|2
|-damage|p2b: Garchomp|34/100
|-unboost|p2b: Garchomp|spe|1
|
|-heal|p1b: Milotic|98/100|[from] item: Leftovers
|upkeep
|
|t:|1786118769
|switch|p1a: Dragonite|Dragonite, L50, M|100/100
|turn|8
|
|t:|1786118774
|move|p2b: Garchomp|Dragon Pulse|p1a: Dragonite
|-supereffective|p1a: Dragonite|1
|-damage|p1a: Dragonite|62/100
|-damage|p2b: Garchomp|24/100|[from] item: Life Orb
|move|p1a: Dragonite|Dragon Claw|p2b: Garchomp
|-supereffective|p2b: Garchomp|1
|-damage|p2b: Garchomp|0 fnt
|-damage|p1a: Dragonite|50/100y|[from] ability: Rough Skin|[of] p2b: Garchomp
|faint|p2b: Garchomp
|
|win|gingersolos
|c|☆mesziah|ggs
|l|☆gingersolos
|player|p1|
