|j|☆RICHARDHAVOC
|j|☆Money03
|html|RICHARDHAVOCMoney03    
|uhtml|bestof|Game 3 of a best-of-3
|t:|1757193293
|gametype|doubles
|player|p1|RICHARDHAVOC|2|1355
|player|p2|Money03|wattson|1345
|gen|9
|tier|[Gen 9] VGC 2025 Reg H (Bo3)
|rated|
|rule|Species Clause: Limit one of each Pokémon
|rule|Item Clause: Limit 1 of each item
|clearpoke
|poke|p1|Talonflame, L50, M|
|poke|p1|Garchomp, L50, M|
|poke|p1|Gholdengo, L50|
|poke|p1|Incineroar, L50, M|
|poke|p1|Sinistcha-Masterpiece, L50|
|poke|p1|Dragonite, L50, M|
|poke|p2|Arcanine-Hisui, L50, M|
|poke|p2|Rillaboom, L50, M|
|poke|p2|Dragonite, L50, M|
|poke|p2|Sneasler, L50, F|
|poke|p2|Ninetales-Alola, L50, F|
|poke|p2|Gholdengo, L50|
|teampreview|4
|showteam|p1|Talonflame||CovertCloak|GaleWings|Tailwind,WillOWisp,BraveBird,Taunt|||M|||50|,,,,,Flying]Garchomp||ClearAmulet|RoughSkin|Earthquake,StompingTantrum,DragonClaw,Protect|||M|||50|,,,,,Ground]Gholdengo||ChoiceSpecs|GoodasGold|MakeItRain,ShadowBall,Trick,Protect||||||50|,,,,,Flying]Incineroar||SafetyGoggles|Intimidate|FakeOut,FlareBlitz,KnockOff,PartingShot|||M|||50|,,,,,Ghost]Sinistcha-Masterpiece||SitrusBerry|Hospitality|MatchaGotcha,RagePowder,TrickRoom,StrengthSap||||||50|,,,,,Water]Dragonite||ChoiceBand|InnerFocus|ExtremeSpeed,IceSpinner,Outrage,LowKick|||M|||50|,,,,,Normal
|showteam|p2|Arcanine-Hisui||ClearAmulet|Intimidate|FlareBlitz,RockSlide,ExtremeSpeed,Protect|||M|||50|,,,,,Water]Rillaboom||AssaultVest|GrassySurge|DrumBeating,GrassyGlide,HighHorsepower,FakeOut|||M|||50|,,,,,Fire]Dragonite||LoadedDice|Multiscale|ScaleShot,StompingTantrum,Tailwind,Protect|||M|||50|,,,,,Ground]Sneasler||WhiteHerb|Unburden|DireClaw,CloseCombat,Coaching,Protect|||F|||50|,,,,,Ghost]Ninetales-Alola||FocusSash|SnowWarning|Blizzard,Encore,IcyWind,AuroraVeil|||F|||50|,,,,,Ghost]Gholdengo||GrassySeed|GoodasGold|MakeItRain,ShadowBall,NastyPlot,Protect||||||50|,,,,,Water
|inactive|Battle timer is ON: inactive players will automatically lose when time's up. (requested by Money03)
|inactive|Money03 has 60 seconds left.
|
|t:|1757193347
|teamsize|p1|4
|teamsize|p2|4
|start
|switch|p1a: Talonflame|Talonflame, L50, M, shiny|100/100
|switch|p1b: Dragonite|Dragonite, L50, M|100/100
|switch|p2a: Arcanine|Arcanine-Hisui, L50, M|100/100
|switch|p2b: Ninetales|Ninetales-Alola, L50, F|100/100
|-weather|Snowscape|[from] ability: Snow Warning|[of] p2b: Ninetales
|-ability|p2a: Arcanine|Intimidate|boost
|-unboost|p1a: Talonflame|atk|1
|-fail|p1b: Dragonite|unboost|Attack|[from] ability: Inner Focus|[of] p1b: Dragonite
|turn|1
|inactive|Money03 has 30 seconds left.
|inactive|Money03 has 20 seconds left.
|inactive|Money03 has 15 seconds left.
|inactive|Money03 has 10 seconds left.
|
|t:|1757193394
|-terastallize|p2a: Arcanine|Water
|-terastallize|p1b: Dragonite|Normal
|move|p1b: Dragonite|Extreme Speed|p2b: Ninetales
|-damage|p2b: Ninetales|27/100
|move|p1a: Talonflame|Tailwind|p1a: Talonflame
|-sidestart|p1: RICHARDHAVOC|move: Tailwind
|move|p2b: Ninetales|Blizzard|p1b: Dragonite|[spread] p1a,p1b
|-damage|p1a: Talonflame|58/100
|-damage|p1b: Dragonite|67/100
|move|p2a: Arcanine|Rock Slide|p1b: Dragonite|[spread] p1a,p1b
|-supereffective|p1a: Talonflame
|-damage|p1a: Talonflame|0 fnt
|-damage|p1b: Dragonite|36/100
|faint|p1a: Talonflame
|
|-weather|Snowscape|[upkeep]
|upkeep
|
|t:|1757193408
|switch|p1a: Garchomp|Garchomp, L50, M, shiny|100/100
|turn|2
|
|t:|1757193435
|switch|p2b: Rillaboom|Rillaboom, L50, M|100/100
|-fieldstart|move: Grassy Terrain|[from] ability: Grassy Surge|[of] p2b: Rillaboom
|move|p2a: Arcanine|Protect|p2a: Arcanine
|-singleturn|p2a: Arcanine|Protect
|move|p1b: Dragonite|Extreme Speed|p2a: Arcanine
|-activate|p2a: Arcanine|move: Protect
|move|p1a: Garchomp|Earthquake|p2b: Rillaboom|[spread] p1b,p2b
|-activate|p2a: Arcanine|move: Protect
|-resisted|p2b: Rillaboom
|-damage|p1b: Dragonite|14/100
|-damage|p2b: Rillaboom|91/100
|
|-weather|Snowscape|[upkeep]
|-heal|p1b: Dragonite|20/100|[from] Grassy Terrain
|-heal|p2b: Rillaboom|97/100|[from] Grassy Terrain
|upkeep
|turn|3
|inactive|Money03 has 30 seconds left.
|inactive|Money03 has 20 seconds left.
|
|t:|1757193472
|move|p2b: Rillaboom|Fake Out|p1a: Garchomp
|-damage|p1a: Garchomp|88/100
|-damage|p2b: Rillaboom|84/100|[from] ability: Rough Skin|[of] p1a: Garchomp
|move|p1b: Dragonite|Extreme Speed|p2a: Arcanine
|-damage|p2a: Arcanine|15/100
|cant|p1a: Garchomp|flinch
|move|p2a: Arcanine|Rock Slide|p1b: Dragonite|[spread] p1a
|-miss|p2a: Arcanine|p1b: Dragonite
|-resisted|p1a: Garchomp
|-damage|p1a: Garchomp|74/100
|
|-weather|Snowscape|[upkeep]
|-heal|p1a: Garchomp|80/100|[from] Grassy Terrain
|-heal|p1b: Dragonite|26/100|[from] Grassy Terrain
|-heal|p2a: Arcanine|20/100|[from] Grassy Terrain
|-heal|p2b: Rillaboom|91/100|[from] Grassy Terrain
|upkeep
|turn|4
|inactive|Money03 has 30 seconds left.
|
|t:|1757193500
|switch|p1b: Gholdengo|Gholdengo, L50, shiny|100/100
|move|p2a: Arcanine|Protect|p2a: Arcanine
|-singleturn|p2a: Arcanine|Protect
|move|p1a: Garchomp|Dragon Claw|p2b: Rillaboom
|-damage|p2b: Rillaboom|47/100
|move|p2b: Rillaboom|Drum Beating|p1b: Gholdengo
|-resisted|p1b: Gholdengo
|-damage|p1b: Gholdengo|76/100
|-unboost|p1b: Gholdengo|spe|1
|
|-weather|Snowscape|[upkeep]
|-heal|p1a: Garchomp|86/100|[from] Grassy Terrain
|-heal|p1b: Gholdengo|82/100|[from] Grassy Terrain
|-heal|p2a: Arcanine|26/100|[from] Grassy Terrain
|-heal|p2b: Rillaboom|53/100|[from] Grassy Terrain
|-sideend|p1: RICHARDHAVOC|move: Tailwind
|upkeep
|turn|5
|inactive|Money03 has 30 seconds left.
|inactive|Money03 has 20 seconds left.
|inactive|Money03 has 15 seconds left.
|inactive|Money03 has 10 seconds left.
|
|t:|1757193549
|move|p1a: Garchomp|Dragon Claw|p2a: Arcanine
|-damage|p2a: Arcanine|0 fnt
|faint|p2a: Arcanine
|move|p2b: Rillaboom|Drum Beating|p1a: Garchomp
|-damage|p1a: Garchomp|36/100
|move|p1b: Gholdengo|Make It Rain|p2b: Rillaboom
|-damage|p2b: Rillaboom|0 fnt
|-unboost|p1b: Gholdengo|spa|1
|faint|p2b: Rillaboom
|
|-weather|none
|-heal|p1a: Garchomp|42/100|[from] Grassy Terrain
|-heal|p1b: Gholdengo|88/100|[from] Grassy Terrain
|upkeep
|
|t:|1757193562
|switch|p2a: Dragonite|Dragonite, L50, M|100/100
|switch|p2b: Ninetales|Ninetales-Alola, L50, F|27/100
|-weather|Snowscape|[from] ability: Snow Warning|[of] p2b: Ninetales
|turn|6
|
|t:|1757193571
|move|p1a: Garchomp|Protect|p1a: Garchomp
|-singleturn|p1a: Garchomp|Protect
|move|p2b: Ninetales|Blizzard|p1b: Gholdengo|[spread] p1b
|-activate|p1a: Garchomp|move: Protect
|-resisted|p1b: Gholdengo
|-damage|p1b: Gholdengo|68/100
|move|p2a: Dragonite|Stomping Tantrum|p1b: Gholdengo
|-supereffective|p1b: Gholdengo
|-damage|p1b: Gholdengo|4/100
|move|p1b: Gholdengo|Make It Rain|p2b: Ninetales|[spread] p2a,p2b
|-supereffective|p2b: Ninetales
|-damage|p2a: Dragonite|75/100
|-damage|p2b: Ninetales|0 fnt
|-unboost|p1b: Gholdengo|spa|1
|faint|p2b: Ninetales
|
|-weather|Snowscape|[upkeep]
|-heal|p1a: Garchomp|48/100|[from] Grassy Terrain
|-heal|p1b: Gholdengo|10/100|[from] Grassy Terrain
|-fieldend|move: Grassy Terrain
|upkeep
|turn|7
|inactive|Money03 has 30 seconds left.
|inactive|Money03 has 20 seconds left.
|
|t:|1757193610
|move|p1a: Garchomp|Dragon Claw|p2a: Dragonite
|-supereffective|p2a: Dragonite
|-damage|p2a: Dragonite|0 fnt
|faint|p2a: Dragonite
|
|win|RICHARDHAVOC
|raw|RICHARDHAVOC's rating: 1355 → 1374(+19 for winning)
|raw|Money03's rating: 1345 → 1326(-19 for losing)
|l|☆RICHARDHAVOC
|player|p1|
