|j|☆JulesRen
|j|☆CrazyyBoi
|html|JulesRenCrazyyBoi    
|uhtml|bestof|Game 2 of a best-of-3
|t:|1757043721
|gametype|doubles
|player|p1|JulesRen|102|1134
|player|p2|CrazyyBoi|170|1078
|gen|9
|tier|[Gen 9] VGC 2025 Reg H (Bo3)
|rated|
|rule|Species Clause: Limit one of each Pokémon
|rule|Item Clause: Limit 1 of each item
|clearpoke
|poke|p1|Tyranitar, L50, F|
|poke|p1|Garchomp, L50, M|
|poke|p1|Murkrow, L50, M|
|poke|p1|Ursaluna-Bloodmoon, L50, M|
|poke|p1|Sneasler, L50, F|
|poke|p1|Farigiraf, L50, F|
|poke|p2|Maushold-Four, L50|
|poke|p2|Sableye, L50, F|
|poke|p2|Sinistcha, L50|
|poke|p2|Kommo-o, L50, F|
|poke|p2|Incineroar, L50, F|
|poke|p2|Primarina, L50, F|
|teampreview|4
|showteam|p1|Tyranitar||AssaultVest|SandStream|RockSlide,TeraBlast,LowKick,KnockOff|||F|||50|,,,,,Flying]Garchomp||BrightPowder|SandVeil|Earthquake,DragonClaw,StompingTantrum,Protect|||M|||50|,,,,,Fire]Murkrow||Eviolite|Prankster|Haze,Tailwind,FoulPlay,Taunt|||M|||50|,,,,,Ghost]Ursaluna-Bloodmoon||FocusSash|MindsEye|BloodMoon,EarthPower,HyperVoice,Protect|||M|||50|,,,,,Normal]Sneasler||WhiteHerb|Unburden|ThroatChop,CloseCombat,DireClaw,Protect|||F|||50|,,,,,Dark]Farigiraf||ThroatSpray|ArmorTail|HyperVoice,Imprison,TrickRoom,Psychic|||F|||50|,,,,,Fairy
|showteam|p2|Maushold-Four||WideLens|Technician|Protect,PopulationBomb,Bite,FollowMe||||||50|,,,,,Normal]Sableye||FocusSash|Prankster|FakeOut,Quash,Disable,Encore|||F|||50|,,,,,Grass]Sinistcha||MentalHerb|Hospitality|RagePowder,MatchaGotcha,StrengthSap,Protect||||||50|,,,,,Fire]Kommo-o||ThroatSpray|Overcoat|ClangorousSoul,ClangingScales,Protect,AuraSphere|||F|||50|,,,,,Steel]Incineroar||SafetyGoggles|Intimidate|FakeOut,PartingShot,KnockOff,Taunt|||F|||50|,,,,,Ghost]Primarina||LifeOrb|LiquidVoice|HyperVoice,Moonblast,PerishSong,Protect|||F|||50|,,,,,Dragon
|inactive|Battle timer is ON: inactive players will automatically lose when time's up. (requested by CrazyyBoi)
|j| teamthief420
|l| teamthief420
|
|t:|1757043738
|teamsize|p1|4
|teamsize|p2|4
|start
|switch|p1a: Murkrow|Murkrow, L50, M|100/100
|switch|p1b: Ursaluna|Ursaluna-Bloodmoon, L50, M|100/100
|switch|p2a: Incineroar|Incineroar, L50, F|100/100
|switch|p2b: Kommo-o|Kommo-o, L50, F|100/100
|-ability|p2a: Incineroar|Intimidate|boost
|-unboost|p1a: Murkrow|atk|1
|-unboost|p1b: Ursaluna|atk|1
|turn|1
|inactive|CrazyyBoi has 30 seconds left.
|
|t:|1757043771
|switch|p2b: Maushold|Maushold-Four, L50|100/100
|-terastallize|p1a: Murkrow|Ghost
|move|p1b: Ursaluna|Protect|p1b: Ursaluna
|-singleturn|p1b: Ursaluna|Protect
|move|p1a: Murkrow|Tailwind|p1a: Murkrow
|-sidestart|p1: JulesRen|move: Tailwind
|move|p2a: Incineroar|Parting Shot|p1b: Ursaluna
|-activate|p1b: Ursaluna|move: Protect
|
|upkeep
|turn|2
|inactive|JulesRen has 30 seconds left.
|inactive|JulesRen has 20 seconds left.
|
|t:|1757043807
|move|p2b: Maushold|Protect|p2b: Maushold
|-singleturn|p2b: Maushold|Protect
|move|p1a: Murkrow|Foul Play|p2b: Maushold
|-activate|p2b: Maushold|move: Protect
|move|p1b: Ursaluna|Hyper Voice|p2a: Incineroar|[spread] p2a
|-activate|p2b: Maushold|move: Protect
|-damage|p2a: Incineroar|69/100
|move|p2a: Incineroar|Parting Shot|p1b: Ursaluna
|-unboost|p1b: Ursaluna|atk|1
|-unboost|p1b: Ursaluna|spa|1
|
|t:|1757043820
|switch|p2a: Primarina|Primarina, L50, F|100/100|[from] Parting Shot
|
|upkeep
|turn|3
|
|t:|1757043838
|move|p1a: Murkrow|Haze|p1a: Murkrow
|-clearallboost
|move|p1b: Ursaluna|Blood Moon|p2a: Primarina
|-damage|p2a: Primarina|34/100
|move|p2b: Maushold|Population Bomb|p1b: Ursaluna
|-damage|p1b: Ursaluna|92/100
|-damage|p1b: Ursaluna|82/100
|-damage|p1b: Ursaluna|74/100
|-damage|p1b: Ursaluna|65/100
|-damage|p1b: Ursaluna|57/100
|-crit|p1b: Ursaluna
|-damage|p1b: Ursaluna|43/100
|-damage|p1b: Ursaluna|34/100
|-damage|p1b: Ursaluna|25/100
|-damage|p1b: Ursaluna|17/100
|-damage|p1b: Ursaluna|7/100
|-hitcount|p1b: Ursaluna|10
|move|p2a: Primarina|Moonblast|p1a: Murkrow
|-damage|p1a: Murkrow|40/100
|-unboost|p1a: Murkrow|spa|1
|-damage|p2a: Primarina|25/100|[from] item: Life Orb
|
|upkeep
|turn|4
|inactive|CrazyyBoi has 30 seconds left.
|inactive|CrazyyBoi has 20 seconds left.
|
|t:|1757043875
|move|p2a: Primarina|Protect|p2a: Primarina
|-singleturn|p2a: Primarina|Protect
|move|p1a: Murkrow|Taunt|p2b: Maushold
|-start|p2b: Maushold|move: Taunt
|move|p1b: Ursaluna|Hyper Voice|p2a: Primarina|[spread] p2b
|-activate|p2a: Primarina|move: Protect
|-damage|p2b: Maushold|36/100
|move|p2b: Maushold|Bite|p1a: Murkrow
|-supereffective|p1a: Murkrow
|-damage|p1a: Murkrow|0 fnt
|faint|p1a: Murkrow
|
|-sideend|p1: JulesRen|move: Tailwind
|upkeep
|
|t:|1757043889
|switch|p1a: Tyranitar|Tyranitar, L50, F|100/100
|-weather|Sandstorm|[from] ability: Sand Stream|[of] p1a: Tyranitar
|turn|5
|
|t:|1757043905
|move|p2b: Maushold|Bite|p1b: Ursaluna
|-damage|p1b: Ursaluna|0 fnt
|faint|p1b: Ursaluna
|move|p1a: Tyranitar|Rock Slide|p2a: Primarina|[spread] p2a,p2b
|-damage|p2a: Primarina|0 fnt
|-damage|p2b: Maushold|0 fnt
|faint|p2a: Primarina
|faint|p2b: Maushold
|
|-weather|Sandstorm|[upkeep]
|upkeep
|
|t:|1757043913
|switch|p2b: Incineroar|Incineroar, L50, F|69/100
|switch|p1b: Garchomp|Garchomp, L50, M|100/100
|switch|p2a: Kommo-o|Kommo-o, L50, F|100/100
|-ability|p2b: Incineroar|Intimidate|boost
|-unboost|p1a: Tyranitar|atk|1
|-unboost|p1b: Garchomp|atk|1
|turn|6
|inactive|JulesRen has 30 seconds left.
|inactive|JulesRen has 20 seconds left.
|inactive|JulesRen has 15 seconds left.
|inactive|JulesRen has 10 seconds left.
|inactive|JulesRen has 5 seconds left.
|
|t:|1757043968
|move|p2b: Incineroar|Fake Out|p1b: Garchomp
|-damage|p1b: Garchomp|91/100
|cant|p1b: Garchomp|flinch
|move|p1a: Tyranitar|Rock Slide|p2a: Kommo-o|[spread] p2a,p2b
|-resisted|p2a: Kommo-o
|-supereffective|p2b: Incineroar
|-damage|p2a: Kommo-o|92/100
|-damage|p2b: Incineroar|33/100
|move|p2a: Kommo-o|Aura Sphere|p1a: Tyranitar
|-supereffective|p1a: Tyranitar
|-damage|p1a: Tyranitar|33/100
|
|-weather|Sandstorm|[upkeep]
|upkeep
|turn|7
|inactive|CrazyyBoi has 30 seconds left.
|inactive|CrazyyBoi has 20 seconds left.
|inactive|CrazyyBoi has 15 seconds left.
|
|t:|1757044011
|move|p1b: Garchomp|Stomping Tantrum|p2a: Kommo-o
|-damage|p2a: Kommo-o|51/100
|move|p1a: Tyranitar|Rock Slide|p2b: Incineroar|[spread] p2a,p2b
|-resisted|p2a: Kommo-o
|-supereffective|p2b: Incineroar
|-damage|p2a: Kommo-o|43/100
|-damage|p2b: Incineroar|0 fnt
|faint|p2b: Incineroar
|move|p2a: Kommo-o|Clanging Scales|p1b: Garchomp|[spread] p1a
|-miss|p2a: Kommo-o|p1b: Garchomp
|-damage|p1a: Tyranitar|16/100
|-unboost|p2a: Kommo-o|def|1
|-enditem|p2a: Kommo-o|Throat Spray
|-boost|p2a: Kommo-o|spa|1|[from] item: Throat Spray
|
|-weather|Sandstorm|[upkeep]
|upkeep
|turn|8
|-message|CrazyyBoi forfeited.
|
|win|JulesRen
|raw|JulesRen's rating: 1134 → 1155(+21 for winning)
|raw|CrazyyBoi's rating: 1078 → 1060(-18 for losing)
|l|☆CrazyyBoi
|player|p2|
