|j|☆phuc_lamvgc
|j|☆CloudDino
|html|phuc_lamvgcCloudDino    
|uhtml|bestof|Game 3 of a best-of-3
|t:|1783776754
|gametype|doubles
|player|p1|phuc_lamvgc|miku-ghost|1077
|player|p2|CloudDino|265|1153
|gen|9
|tier|[Gen 9 Champions] VGC 2026 Reg M-B (Bo3)
|rated|
|rule|Species Clause: Limit one of each Pokémon
|rule|Item Clause: Limit 1 of each item
|clearpoke
|poke|p1|Raichu, L50, M|
|poke|p1|Floette-Eternal, L50, F|
|poke|p1|Sinistcha, L50|
|poke|p1|Ceruledge, L50, M|
|poke|p1|Milotic, L50, M|
|poke|p1|Incineroar, L50, M|
|poke|p2|Mawile, L50, F|
|poke|p2|Farigiraf, L50, M|
|poke|p2|Kangaskhan, L50, F|
|poke|p2|Torkoal, L50, M|
|poke|p2|Vileplume, L50, M|
|poke|p2|Sylveon, L50, M|
|teampreview|4
|showteam|p1|Raichu||RaichuniteY|LightningRod|ZapCannon,VoltSwitch,FocusBlast,FakeOut|Timid||M|||50|]Floette-Eternal||Floettite|FlowerVeil|Moonblast,DrainingKiss,CalmMind,Protect|Modest||F|||50|]Sinistcha||KasibBerry|Hospitality|MatchaGotcha,RagePowder,LifeDew,Protect|Bold|||||50|]Ceruledge||ColburBerry|FlashFire|BitterBlade,ShadowSneak,BulkUp,Protect|Adamant||M|||50|]Milotic||Leftovers|Competitive|MuddyWater,Hypnosis,Coil,Protect|Calm||M|||50|]Incineroar||SitrusBerry|Intimidate|FlareBlitz,ThroatChop,FakeOut,PartingShot|Impish||M|||50|
|showteam|p2|Mawile||Mawilite|HyperCutter|PlayRough,Protect,SwordsDance,SuckerPunch|Brave||F|||50|]Farigiraf||ColburBerry|ArmorTail|TrickRoom,HyperVoice,Psychic,GrassKnot|Quiet||M|||50|]Kangaskhan||SilkScarf|Scrappy|FakeOut,LastResort|Brave||F|||50|]Torkoal||Charcoal|Drought|Eruption,HeatWave,WeatherBall,Protect|Quiet||M|||50|]Vileplume||FocusSash|Chlorophyll|SleepPowder,AfterYou,SludgeBomb,LeafStorm|Timid||M|||50|]Sylveon||FairyFeather|Pixilate|HyperBeam,HyperVoice,QuickAttack,Detect|Quiet||M|||50|
|inactive|Battle timer is ON: inactive players will automatically lose when time's up. (requested by CloudDino)
|
|t:|1783776769
|teamsize|p1|4
|teamsize|p2|4
|start
|switch|p1a: Ceruledge|Ceruledge, L50, M|100/100
|switch|p1b: Raichu|Raichu, L50, M|100/100
|switch|p2a: Farigiraf|Farigiraf, L50, M|100/100
|switch|p2b: Kangaskhan|Kangaskhan, L50, F|100/100
|turn|1
|
|t:|1783776782
|detailschange|p1b: Raichu|Raichu-Mega-Y, L50, M
|-mega|p1b: Raichu|Raichu|Raichunite Y
|move|p2b: Kangaskhan|Fake Out|p1b: Raichu
|-damage|p1b: Raichu|67/100
|cant|p1b: Raichu|flinch
|move|p1a: Ceruledge|Bulk Up|p1a: Ceruledge
|-boost|p1a: Ceruledge|atk|1
|-boost|p1a: Ceruledge|def|1
|move|p2a: Farigiraf|Trick Room|p2a: Farigiraf
|-fieldstart|move: Trick Room|[of] p2a: Farigiraf
|
|upkeep
|turn|2
|
|t:|1783776796
|move|p2a: Farigiraf|Psychic|p1a: Ceruledge
|-damage|p1a: Ceruledge|59/100
|move|p2b: Kangaskhan|Last Resort|p1a: Ceruledge
|-damage|p1a: Ceruledge|3/100
|move|p1a: Ceruledge|Bitter Blade|p2b: Kangaskhan
|-damage|p2b: Kangaskhan|26/100
|-heal|p1a: Ceruledge|46/100|[from] drain|[of] p2b: Kangaskhan
|move|p1b: Raichu|Volt Switch|p2a: Farigiraf
|-damage|p2a: Farigiraf|66/100
|
|t:|1783776806
|switch|p1b: Sinistcha|Sinistcha, L50|100/100|[from] Volt Switch
|-heal|p1a: Ceruledge|70/100|[from] ability: Hospitality|[of] p1b: Sinistcha
|
|upkeep
|turn|3
|
|t:|1783776810
|move|p1b: Sinistcha|Rage Powder|p1b: Sinistcha
|-singleturn|p1b: Sinistcha|move: Rage Powder
|move|p2a: Farigiraf|Psychic|p1b: Sinistcha
|-damage|p1b: Sinistcha|59/100
|move|p2b: Kangaskhan|Last Resort|p1b: Sinistcha
|-damage|p1b: Sinistcha|0 fnt
|faint|p1b: Sinistcha
|move|p1a: Ceruledge|Bitter Blade|p2b: Kangaskhan
|-damage|p2b: Kangaskhan|0 fnt
|-heal|p1a: Ceruledge|86/100|[from] drain|[of] p2b: Kangaskhan
|faint|p2b: Kangaskhan
|
|upkeep
|
|t:|1783776817
|switch|p1b: Incineroar|Incineroar, L50, M|100/100
|switch|p2b: Sylveon|Sylveon, L50, M|100/100
|-ability|p1b: Incineroar|Intimidate|boost
|-unboost|p2a: Farigiraf|atk|1
|-unboost|p2b: Sylveon|atk|1
|turn|4
|
|t:|1783776825
|move|p1a: Ceruledge|Protect|p1a: Ceruledge
|-singleturn|p1a: Ceruledge|Protect
|move|p2b: Sylveon|Hyper Voice|p1a: Ceruledge|[spread] p1b
|-activate|p1a: Ceruledge|move: Protect
|-damage|p1b: Incineroar|62/100
|move|p2a: Farigiraf|Psychic|p1a: Ceruledge
|-activate|p1a: Ceruledge|move: Protect
|move|p1b: Incineroar|Throat Chop|p2b: Sylveon
|-resisted|p2b: Sylveon|1
|-damage|p2b: Sylveon|84/100
|-start|p2b: Sylveon|Throat Chop|[silent]
|
|upkeep
|turn|5
|
|t:|1783776833
|move|p2b: Sylveon|Hyper Beam|p1a: Ceruledge
|-resisted|p1a: Ceruledge|1
|-damage|p1a: Ceruledge|36/100
|-mustrecharge|p2b: Sylveon
|move|p2a: Farigiraf|Psychic|p1a: Ceruledge
|-damage|p1a: Ceruledge|0 fnt
|faint|p1a: Ceruledge
|move|p1b: Incineroar|Throat Chop|p2a: Farigiraf
|-supereffective|p2a: Farigiraf|1
|-enditem|p2a: Farigiraf|Colbur Berry|[eat]
|-enditem|p2a: Farigiraf|Colbur Berry|[weaken]
|-damage|p2a: Farigiraf|38/100
|-start|p2a: Farigiraf|Throat Chop|[silent]
|
|-end|p2b: Sylveon|Throat Chop|[silent]
|-fieldend|move: Trick Room
|upkeep
|
|t:|1783776838
|switch|p1a: Raichu|Raichu-Mega-Y, L50, M|67/100
|turn|6
|
|t:|1783776845
|move|p1a: Raichu|Zap Cannon|p2a: Farigiraf
|-damage|p2a: Farigiraf|0 fnt
|faint|p2a: Farigiraf
|move|p1b: Incineroar|Flare Blitz|p2b: Sylveon
|-damage|p2b: Sylveon|41/100
|-damage|p1b: Incineroar|48/100|[from] Recoil
|-enditem|p1b: Incineroar|Sitrus Berry|[eat]
|-heal|p1b: Incineroar|73/100|[from] item: Sitrus Berry
|cant|p2b: Sylveon|recharge
|
|upkeep
|
|t:|1783776850
|switch|p2a: Mawile|Mawile, L50, F|100/100
|turn|7
|
|t:|1783776861
|detailschange|p2a: Mawile|Mawile-Mega, L50, F
|-mega|p2a: Mawile|Mawile|Mawilite
|move|p2a: Mawile|Sucker Punch|p1a: Raichu
|-damage|p1a: Raichu|2/100
|move|p1a: Raichu|Zap Cannon|p2b: Sylveon
|-damage|p2b: Sylveon|0 fnt
|faint|p2b: Sylveon
|move|p1b: Incineroar|Flare Blitz|p2a: Mawile
|-supereffective|p2a: Mawile|1
|-damage|p2a: Mawile|12/100
|-damage|p1b: Incineroar|50/100g|[from] Recoil
|
|upkeep
|turn|8
|
|t:|1783776873
|move|p2a: Mawile|Sucker Punch|p1a: Raichu
|-damage|p1a: Raichu|0 fnt
|faint|p1a: Raichu
|move|p1b: Incineroar|Flare Blitz|p2a: Mawile
|-supereffective|p2a: Mawile|1
|-damage|p2a: Mawile|0 fnt
|faint|p2a: Mawile
|-damage|p1b: Incineroar|47/100|[from] Recoil
|
|win|phuc_lamvgc
|raw|phuc_lamvgc's rating: 1077 → 1112(+35 for winning)
|raw|CloudDino's rating: 1153 → 1123(-30 for losing)
|l|☆CloudDino
|player|p2|
|c|☆phuc_lamvgc|ggs
