|j|☆Raiso1302
|j|☆PaquitoelBollito
|html|Raiso1302PaquitoelBollito    
|uhtml|bestof|Game 1 of a best-of-3
|t:|1785021806
|gametype|doubles
|player|p1|Raiso1302|102|1033
|player|p2|PaquitoelBollito|266|1143
|gen|9
|tier|[Gen 9 Champions] VGC 2026 Reg M-B (Bo3)
|rated|
|rule|Species Clause: Limit one of each Pokémon
|rule|Item Clause: Limit 1 of each item
|clearpoke
|poke|p1|Azumarill, L50, F|
|poke|p1|Ceruledge, L50, M|
|poke|p1|Maushold-Four, L50|
|poke|p1|Sinistcha, L50|
|poke|p1|Sableye, L50, F|
|poke|p1|Barbaracle, L50, M|
|poke|p2|Aerodactyl, L50, F|
|poke|p2|Kingambit, L50, F|
|poke|p2|Garchomp, L50, M|
|poke|p2|Farigiraf, L50, F|
|poke|p2|Charizard, L50, F|
|poke|p2|Sylveon, L50, M|
|teampreview|4
|showteam|p1|Azumarill||SitrusBerry|HugePower|PlayRough,AquaJet,BellyDrum,Protect|Adamant||F|||50|]Ceruledge||LifeOrb|FlashFire|BitterBlade,ShadowSneak,BulkUp,PsychUp|Adamant||M|||50|]Maushold-Four||WideLens|Technician|PopulationBomb,TidyUp,FollowMe,Protect|Impish|||||50|]Sinistcha||MiracleSeed|Hospitality|MatchaGotcha,RagePowder,CalmMind,TrickRoom|Bold|||||50|]Sableye||Sablenite|Prankster|SuckerPunch,FakeOut,PsychUp,Encore|Relaxed||F|||50|]Barbaracle||Barbaracite|ToughClaws|ShellSmash,RockSlide,CloseCombat,Protect|Adamant||M|||50|
|showteam|p2|Aerodactyl||Aerodactylite|Unnerve|Tailwind,DualWingbeat,IceFang,RockSlide|Jolly||F|||50|]Kingambit||BlackGlasses|Defiant|SuckerPunch,KowtowCleave,Protect,LowKick|Adamant||F|||50|]Garchomp||LifeOrb|RoughSkin|Protect,DragonClaw,Earthquake,StompingTantrum|Jolly||M|||50|]Farigiraf||SitrusBerry|ArmorTail|PsychicFangs,Thunderbolt,TrickRoom,SunnyDay|Relaxed||F|||50|]Charizard||CharizarditeY|Blaze|Protect,HeatWave,WeatherBall,SolarBeam|Modest||F|||50|]Sylveon||FairyFeather|Pixilate|HyperVoice,Protect,QuickAttack,HyperBeam|Modest||M|||50|
|inactive|Battle timer is ON: inactive players will automatically lose when time's up. (requested by Raiso1302)
|inactive|PaquitoelBollito also wants the timer to be on.
|
|t:|1785021835
|teamsize|p1|4
|teamsize|p2|4
|start
|switch|p1a: Barbaracle|Barbaracle, L50, M|100/100
|switch|p1b: Maushold|Maushold-Four, L50|100/100
|switch|p2a: Kingambit|Kingambit, L50, F|100/100
|switch|p2b: Garchomp|Garchomp, L50, M|100/100
|turn|1
|
|t:|1785021859
|move|p1a: Barbaracle|Protect|p1a: Barbaracle
|-singleturn|p1a: Barbaracle|Protect
|move|p2a: Kingambit|Protect|p2a: Kingambit
|-singleturn|p2a: Kingambit|Protect
|move|p2b: Garchomp|Earthquake|p1b: Maushold|[spread] p1b
|-activate|p2a: Kingambit|move: Protect
|-activate|p1a: Barbaracle|move: Protect
|-damage|p1b: Maushold|46/100
|-damage|p2b: Garchomp|90/100|[from] item: Life Orb
|move|p1b: Maushold|Tidy Up|p1b: Maushold
|-boost|p1b: Maushold|atk|1
|-boost|p1b: Maushold|spe|1
|
|upkeep
|turn|2
|
|t:|1785021882
|switch|p1a: Sinistcha|Sinistcha, L50|100/100
|-heal|p1b: Maushold|71/100|[from] ability: Hospitality|[of] p1a: Sinistcha
|move|p1b: Maushold|Tidy Up|p1b: Maushold
|-boost|p1b: Maushold|atk|1
|-boost|p1b: Maushold|spe|1
|move|p2b: Garchomp|Stomping Tantrum|p1a: Sinistcha
|-resisted|p1a: Sinistcha|1
|-damage|p1a: Sinistcha|80/100
|-damage|p2b: Garchomp|80/100|[from] item: Life Orb
|move|p2a: Kingambit|Low Kick|p1a: Sinistcha
|-immune|p1a: Sinistcha
|
|upkeep
|turn|3
|
|t:|1785021901
|switch|p2a: Farigiraf|Farigiraf, L50, F|100/100
|move|p1a: Sinistcha|Rage Powder|p1a: Sinistcha
|-singleturn|p1a: Sinistcha|move: Rage Powder
|move|p1b: Maushold|Population Bomb|p2a: Farigiraf
|-damage|p2a: Farigiraf|85/100
|-damage|p2a: Farigiraf|70/100
|-damage|p2a: Farigiraf|55/100
|-damage|p2a: Farigiraf|40/100
|-enditem|p2a: Farigiraf|Sitrus Berry|[eat]
|-heal|p2a: Farigiraf|65/100|[from] item: Sitrus Berry
|-damage|p2a: Farigiraf|50/100g
|-damage|p2a: Farigiraf|38/100
|-crit|p2a: Farigiraf
|-damage|p2a: Farigiraf|18/100
|-damage|p2a: Farigiraf|5/100
|-damage|p2a: Farigiraf|0 fnt
|faint|p2a: Farigiraf
|-hitcount|p2: Farigiraf|9
|move|p2b: Garchomp|Earthquake|p1b: Maushold|[spread] p1a,p1b
|-resisted|p1a: Sinistcha|1
|-damage|p1a: Sinistcha|60/100
|-damage|p1b: Maushold|15/100
|-damage|p2b: Garchomp|71/100|[from] item: Life Orb
|
|upkeep
|
|t:|1785021924
|switch|p2a: Sylveon|Sylveon, L50, M|100/100
|turn|4
|
|t:|1785021943
|move|p2a: Sylveon|Protect|p2a: Sylveon
|-singleturn|p2a: Sylveon|Protect
|move|p1a: Sinistcha|Rage Powder|p1a: Sinistcha
|-singleturn|p1a: Sinistcha|move: Rage Powder
|move|p1b: Maushold|Population Bomb|p2a: Sylveon
|-activate|p2a: Sylveon|move: Protect
|move|p2b: Garchomp|Earthquake|p1b: Maushold|[spread] p1a,p1b
|-activate|p2a: Sylveon|move: Protect
|-resisted|p1a: Sinistcha|1
|-damage|p1a: Sinistcha|40/100
|-damage|p1b: Maushold|0 fnt
|faint|p1b: Maushold
|-damage|p2b: Garchomp|61/100|[from] item: Life Orb
|
|upkeep
|
|t:|1785021953
|switch|p1b: Ceruledge|Ceruledge, L50, M|100/100
|turn|5
|
|t:|1785021971
|move|p2b: Garchomp|Protect|p2b: Garchomp
|-singleturn|p2b: Garchomp|Protect
|move|p1b: Ceruledge|Bulk Up|p1b: Ceruledge
|-boost|p1b: Ceruledge|atk|1
|-boost|p1b: Ceruledge|def|1
|move|p2a: Sylveon|Hyper Voice|p1b: Ceruledge|[spread] p1a,p1b
|-resisted|p1b: Ceruledge|1
|-damage|p1a: Sinistcha|0 fnt
|-damage|p1b: Ceruledge|75/100
|faint|p1a: Sinistcha
|
|upkeep
|
|t:|1785021980
|switch|p1a: Barbaracle|Barbaracle, L50, M|100/100
|turn|6
|
|t:|1785021992
|move|p2b: Garchomp|Earthquake|p1a: Barbaracle|[spread] p2a,p1a,p1b
|-supereffective|p1a: Barbaracle|1
|-supereffective|p1b: Ceruledge|1
|-damage|p2a: Sylveon|46/100
|-damage|p1a: Barbaracle|0 fnt
|-damage|p1b: Ceruledge|13/100
|faint|p1a: Barbaracle
|-damage|p2b: Garchomp|52/100|[from] item: Life Orb
|move|p1b: Ceruledge|Bitter Blade|p2a: Sylveon
|-damage|p2a: Sylveon|0 fnt
|-heal|p1b: Ceruledge|36/100|[from] drain|[of] p2a: Sylveon
|faint|p2a: Sylveon
|-damage|p1b: Ceruledge|26/100|[from] item: Life Orb
|
|upkeep
|
|t:|1785022000
|switch|p2a: Kingambit|Kingambit, L50, F|100/100
|turn|7
|
|t:|1785022008
|move|p2a: Kingambit|Sucker Punch|p1b: Ceruledge
|-supereffective|p1b: Ceruledge|1
|-damage|p1b: Ceruledge|0 fnt
|faint|p1b: Ceruledge
|
|win|PaquitoelBollito
