|j|☆sig.kire
|j|☆huatuankhoa
|html|sig.kirehuatuankhoa    
|uhtml|bestof|Game 2 of a best-of-3
|t:|1784207224
|gametype|doubles
|player|p1|sig.kire|ghetsis-gen5bw|1152
|player|p2|huatuankhoa|n|1026
|gen|9
|tier|[Gen 9 Champions] VGC 2026 Reg M-B (Bo3)
|rated|
|rule|Species Clause: Limit one of each Pokémon
|rule|Item Clause: Limit 1 of each item
|clearpoke
|poke|p1|Whimsicott, L50, M|
|poke|p1|Farigiraf, L50, F|
|poke|p1|Sneasler, L50, F|
|poke|p1|Gardevoir, L50, F|
|poke|p1|Raichu, L50, F|
|poke|p1|Typhlosion-Hisui, L50, F|
|poke|p2|Mawile, L50, M|
|poke|p2|Slowbro, L50, F|
|poke|p2|Meowstic, L50, M|
|poke|p2|Sinistcha, L50|
|poke|p2|Conkeldurr, L50, F|
|poke|p2|Torkoal, L50, M|
|teampreview|4
|showteam|p1|Whimsicott||FocusSash|Prankster|Tailwind,SunnyDay,Moonblast,Taunt|Timid||M|||50|]Farigiraf||ColburBerry|ArmorTail|Thunderbolt,TrickRoom,Protect,HyperVoice|Calm||F|||50|]Sneasler||LifeOrb|PoisonTouch|FakeOut,DireClaw,CloseCombat,Protect|Adamant||F|||50|]Gardevoir||Gardevoirite|Synchronize|HyperVoice,Moonblast,Protect,Psychic|Modest||F|||50|]Raichu||RaichuniteY|LightningRod|FocusBlast,FakeOut,Protect,ZapCannon|Hasty||F|||50|]Typhlosion-Hisui||ChoiceScarf|Blaze|Eruption,HeatWave,ShadowBall,BlastBurn|Modest||F|||50|
|showteam|p2|Mawile||Mawilite|HyperCutter|SwordsDance,PlayRough,IronHead,SuckerPunch|Adamant||M|||50|]Slowbro||Slowbronite|Oblivious|ExpandingForce,Protect,TrickRoom,HydroPump|Relaxed||F|||50|]Meowstic||FocusSash|Prankster|FakeOut,PsychicTerrain,RainDance,LightScreen|Sassy||M|||50|]Sinistcha||ColburBerry|Hospitality|MatchaGotcha,LifeDew,RagePowder,TrickRoom|Relaxed|||||50|]Conkeldurr||LifeOrb|SheerForce|CloseCombat,DrainPunch,KnockOff,Protect|Adamant||F|||50|]Torkoal||Charcoal|Drought|Eruption,WeatherBall,EarthPower,Protect|Modest||M|||50|
|
|t:|1784207257
|teamsize|p1|4
|teamsize|p2|4
|start
|switch|p1a: Raichu|Raichu, L50, F|100/100
|switch|p1b: Sneasler|Sneasler, L50, F|100/100
|switch|p2a: Sinistcha|Sinistcha, L50|100/100
|switch|p2b: Conkeldurr|Conkeldurr, L50, F|100/100
|turn|1
|
|t:|1784207272
|detailschange|p1a: Raichu|Raichu-Mega-Y, L50, F
|-mega|p1a: Raichu|Raichu|Raichunite Y
|move|p2b: Conkeldurr|Protect|p2b: Conkeldurr
|-singleturn|p2b: Conkeldurr|Protect
|move|p1b: Sneasler|Fake Out|p2b: Conkeldurr
|-activate|p2b: Conkeldurr|move: Protect
|move|p1a: Raichu|Zap Cannon|p2a: Sinistcha
|-resisted|p2a: Sinistcha|1
|-damage|p2a: Sinistcha|64/100
|-status|p2a: Sinistcha|par
|move|p2a: Sinistcha|Trick Room|p2a: Sinistcha
|-fieldstart|move: Trick Room|[of] p2a: Sinistcha
|
|upkeep
|turn|2
|
|t:|1784207303
|switch|p1a: Typhlosion|Typhlosion-Hisui, L50, F|100/100
|cant|p2a: Sinistcha|par
|move|p2b: Conkeldurr|Drain Punch|p1a: Typhlosion
|-immune|p1a: Typhlosion
|move|p1b: Sneasler|Dire Claw|p2a: Sinistcha
|-damage|p2a: Sinistcha|24/100 par
|-damage|p1b: Sneasler|90/100|[from] item: Life Orb
|
|upkeep
|turn|3
|inactive|Battle timer is ON: inactive players will automatically lose when time's up. (requested by sig.kire)
|
|t:|1784207326
|switch|p2a: Slowbro|Slowbro, L50, F|100/100
|switch|p1a: Farigiraf|Farigiraf, L50, F|100/100
|move|p2b: Conkeldurr|Knock Off|p1a: Farigiraf
|-supereffective|p1a: Farigiraf|1
|-enditem|p1a: Farigiraf|Colbur Berry|[eat]
|-enditem|p1a: Farigiraf|Colbur Berry|[weaken]
|-damage|p1a: Farigiraf|43/100
|-damage|p2b: Conkeldurr|90/100|[from] item: Life Orb
|move|p1b: Sneasler|Dire Claw|p2b: Conkeldurr
|-damage|p2b: Conkeldurr|43/100
|-damage|p1b: Sneasler|81/100|[from] item: Life Orb
|
|upkeep
|turn|4
|
|t:|1784207343
|detailschange|p2a: Slowbro|Slowbro-Mega, L50, F
|-mega|p2a: Slowbro|Slowbro|Slowbronite
|move|p1a: Farigiraf|Protect|p1a: Farigiraf
|-singleturn|p1a: Farigiraf|Protect
|move|p1b: Sneasler|Protect|p1b: Sneasler
|-singleturn|p1b: Sneasler|Protect
|move|p2a: Slowbro|Expanding Force|p1b: Sneasler
|-activate|p1b: Sneasler|move: Protect
|move|p2b: Conkeldurr|Drain Punch|p1a: Farigiraf
|-activate|p1a: Farigiraf|move: Protect
|
|upkeep
|turn|5
|
|t:|1784207356
|switch|p1b: Typhlosion|Typhlosion-Hisui, L50, F|100/100
|move|p2a: Slowbro|Expanding Force|p1b: Typhlosion
|-damage|p1b: Typhlosion|39/100
|move|p2b: Conkeldurr|Drain Punch|p1a: Farigiraf
|-damage|p1a: Farigiraf|0 fnt
|-heal|p2b: Conkeldurr|66/100|[from] drain|[of] p1a: Farigiraf
|faint|p1a: Farigiraf
|-damage|p2b: Conkeldurr|56/100|[from] item: Life Orb
|
|-fieldend|move: Trick Room
|upkeep
|
|t:|1784207359
|switch|p1a: Raichu|Raichu-Mega-Y, L50, F|100/100
|turn|6
|
|t:|1784207376
|switch|p2a: Sinistcha|Sinistcha, L50|24/100 par
|-heal|p2b: Conkeldurr|81/100|[from] ability: Hospitality|[of] p2a: Sinistcha
|move|p1b: Typhlosion|Blast Burn|p2b: Conkeldurr
|-damage|p2b: Conkeldurr|0 fnt
|-mustrecharge|p1b: Typhlosion
|faint|p2b: Conkeldurr
|move|p1a: Raichu|Zap Cannon|p2a: Sinistcha
|-resisted|p2a: Sinistcha|1
|-damage|p2a: Sinistcha|0 fnt
|faint|p2a: Sinistcha
|
|upkeep
|
|t:|1784207386
|switch|p2a: Torkoal|Torkoal, L50, M|100/100
|switch|p2b: Slowbro|Slowbro-Mega, L50, F|100/100
|-weather|SunnyDay|[from] ability: Drought|[of] p2a: Torkoal
|turn|7
|
|t:|1784207394
|move|p1a: Raichu|Protect|p1a: Raichu
|-singleturn|p1a: Raichu|Protect
|cant|p1b: Typhlosion|recharge
|move|p2a: Torkoal|Earth Power|p1a: Raichu
|-activate|p1a: Raichu|move: Protect
|move|p2b: Slowbro|Trick Room|p2b: Slowbro
|-fieldstart|move: Trick Room|[of] p2b: Slowbro
|
|-weather|SunnyDay|[upkeep]
|upkeep
|turn|8
|
|t:|1784207409
|move|p1a: Raichu|Protect||[still]
|-fail|p1a: Raichu
|move|p2a: Torkoal|Eruption|p1b: Typhlosion|[spread] p1a,p1b
|-resisted|p1b: Typhlosion|1
|-damage|p1a: Raichu|0 fnt
|-damage|p1b: Typhlosion|0 fnt
|faint|p1a: Raichu
|faint|p1b: Typhlosion
|move|p2b: Slowbro|Expanding Force|p1: Raichu|[notarget]
|-fail|p2b: Slowbro
|
|-weather|SunnyDay|[upkeep]
|upkeep
|
|t:|1784207418
|switch|p1b: Sneasler|Sneasler, L50, F|81/100
|turn|9
|
|t:|1784207422
|move|p1b: Sneasler|Protect|p1b: Sneasler
|-singleturn|p1b: Sneasler|Protect
|move|p2a: Torkoal|Eruption|p1b: Sneasler
|-activate|p1b: Sneasler|move: Protect
|move|p2b: Slowbro|Expanding Force|p1b: Sneasler
|-activate|p1b: Sneasler|move: Protect
|
|-weather|SunnyDay|[upkeep]
|upkeep
|turn|10
|
|t:|1784207425
|move|p1b: Sneasler|Protect|p1b: Sneasler
|-singleturn|p1b: Sneasler|Protect
|move|p2a: Torkoal|Eruption|p1b: Sneasler
|-activate|p1b: Sneasler|move: Protect
|move|p2b: Slowbro|Expanding Force|p1b: Sneasler
|-activate|p1b: Sneasler|move: Protect
|
|-weather|SunnyDay|[upkeep]
|upkeep
|turn|11
|
|t:|1784207428
|move|p1b: Sneasler|Protect|p1b: Sneasler
|-singleturn|p1b: Sneasler|Protect
|move|p2a: Torkoal|Eruption|p1b: Sneasler
|-activate|p1b: Sneasler|move: Protect
|move|p2b: Slowbro|Expanding Force|p1b: Sneasler
|-activate|p1b: Sneasler|move: Protect
|
|-weather|none
|-fieldend|move: Trick Room
|upkeep
|turn|12
|
|t:|1784207441
|move|p1b: Sneasler|Close Combat|p2a: Torkoal
|-damage|p2a: Torkoal|37/100
|-unboost|p1b: Sneasler|def|1
|-unboost|p1b: Sneasler|spd|1
|-damage|p1b: Sneasler|71/100|[from] item: Life Orb
|move|p2b: Slowbro|Expanding Force|p1b: Sneasler
|-supereffective|p1b: Sneasler|2
|-damage|p1b: Sneasler|0 fnt
|faint|p1b: Sneasler
|
|win|huatuankhoa
|raw|sig.kire's rating: 1152 → 1118(-34 for losing)
|raw|huatuankhoa's rating: 1026 → 1075(+49 for winning)
|l|☆sig.kire
|player|p1|
