|j|☆Slothpk
|j|☆Sagiboi
|html|SlothpkSagiboi    
|uhtml|bestof|Game 2 of a best-of-3
|t:|1784313672
|gametype|doubles
|player|p1|Slothpk|101|1070
|player|p2|Sagiboi|scientist|1000
|gen|9
|tier|[Gen 9 Champions] VGC 2026 Reg M-B (Bo3)
|rated|
|rule|Species Clause: Limit one of each Pokémon
|rule|Item Clause: Limit 1 of each item
|clearpoke
|poke|p1|Staraptor, L50, M|
|poke|p1|Scizor, L50, M|
|poke|p1|Milotic, L50, F|
|poke|p1|Maushold-Four, L50|
|poke|p1|Ceruledge, L50, M|
|poke|p1|Sinistcha-Masterpiece, L50|
|poke|p2|Clefable, L50, F|
|poke|p2|Froslass, L50, F, shiny|
|poke|p2|Palafin, L50, F, shiny|
|poke|p2|Aerodactyl, L50, M, shiny|
|poke|p2|Garchomp, L50, M, shiny|
|poke|p2|Kingambit, L50, M, shiny|
|teampreview|4
|showteam|p1|Staraptor||Staraptite|Intimidate|CloseCombat,BraveBird,Protect,Tailwind|Jolly||M|||50|]Scizor||Scizorite|Technician|Protect,BulletPunch,BugBite,SwordsDance|Adamant||M|||50|]Milotic||Leftovers|Competitive|Protect,IcyWind,Scald,Haze|Modest||F|||50|]Maushold-Four||SitrusBerry|FriendGuard|FollowMe,SuperFang,Charm,Protect|Jolly|||||50|]Ceruledge||ColburBerry|FlashFire|ShadowSneak,BitterBlade,SwordsDance,Protect|Adamant||M|||50|]Sinistcha-Masterpiece||MiracleSeed|Hospitality|MatchaGotcha,Protect,RagePowder,TrickRoom|Modest|||||50|
|showteam|p2|Clefable||SitrusBerry|Unaware|Moonblast,Protect,HelpingHand,FollowMe|Calm||F|||50|]Froslass||Froslassite|SnowCloak|Blizzard,ShadowBall,Protect,AuroraVeil|Timid||F|||50|]Palafin||MysticWater|ZerotoHero|WaveCrash,CloseCombat,Protect,JetPunch|Jolly||F|||50|]Aerodactyl||Aerodactylite|Unnerve|RockSlide,DualWingbeat,Protect,Tailwind|Jolly||M|||50|]Garchomp||ChoiceScarf|RoughSkin|Earthquake,DragonClaw,StompingTantrum,RockSlide|Jolly||M|||50|]Kingambit||BlackGlasses|Defiant|KowtowCleave,SuckerPunch,Protect,SwordsDance|Adamant||M|||50|
|inactive|Battle timer is ON: inactive players will automatically lose when time's up. (requested by Slothpk)
|inactive|Sagiboi has 60 seconds left.
|inactive|Slothpk has 60 seconds left.
|
|t:|1784313724
|teamsize|p1|4
|teamsize|p2|4
|start
|switch|p1a: Scizor|Scizor, L50, M|100/100
|switch|p1b: Maushold|Maushold-Four, L50|100/100
|switch|p2a: Getos|Kingambit, L50, M, shiny|100/100
|switch|p2b: Kagura|Palafin, L50, F, shiny|100/100
|turn|1
|inactive|Sagiboi has 30 seconds left.
|
|t:|1784313758
|detailschange|p2b: Kagura|Palafin-Hero, L50, F, shiny
|switch|p2b: Bazinga!|Garchomp, L50, M, shiny|100/100
|detailschange|p1a: Scizor|Scizor-Mega, L50, M
|-mega|p1a: Scizor|Scizor|Scizorite
|move|p1b: Maushold|Super Fang|p2a: Getos
|-damage|p2a: Getos|50/100g
|move|p1a: Scizor|Swords Dance|p1a: Scizor
|-boost|p1a: Scizor|atk|2
|move|p2a: Getos|Swords Dance|p2a: Getos
|-boost|p2a: Getos|atk|2
|
|upkeep
|turn|2
|inactive|Slothpk has 30 seconds left.
|inactive|Sagiboi has 30 seconds left.
|
|t:|1784313793
|move|p1a: Scizor|Protect|p1a: Scizor
|-singleturn|p1a: Scizor|Protect
|move|p2a: Getos|Protect|p2a: Getos
|-singleturn|p2a: Getos|Protect
|move|p2b: Bazinga!|Earthquake|p1a: Scizor|[spread] p1b
|-activate|p2a: Getos|move: Protect
|-activate|p1a: Scizor|move: Protect
|-damage|p1b: Maushold|51/100
|move|p1b: Maushold|Charm|p2b: Bazinga!
|-unboost|p2b: Bazinga!|atk|2
|
|upkeep
|turn|3
|
|t:|1784313816
|switch|p2b: Kagura|Palafin-Hero, L50, F, shiny|100/100
|-activate|p2b: Kagura|ability: Zero to Hero
|move|p1b: Maushold|Follow Me|p1b: Maushold
|-singleturn|p1b: Maushold|move: Follow Me
|move|p2a: Getos|Sucker Punch||[still]
|-fail|p2a: Getos
|move|p1a: Scizor|Bug Bite|p2a: Getos
|-damage|p2a: Getos|0 fnt
|faint|p2a: Getos
|
|upkeep
|
|t:|1784313829
|switch|p2a: Bazinga!|Garchomp, L50, M, shiny|100/100
|turn|4
|
|t:|1784313852
|move|p2a: Bazinga!|Dragon Claw|p1b: Maushold
|-damage|p1b: Maushold|0 fnt
|faint|p1b: Maushold
|move|p2b: Kagura|Wave Crash|p1a: Scizor
|-crit|p1a: Scizor
|-damage|p1a: Scizor|0 fnt
|faint|p1a: Scizor
|-damage|p2b: Kagura|67/100|[from] Recoil
|
|upkeep
|
|t:|1784313856
|switch|p1b: Milotic|Milotic, L50, F|100/100
|switch|p1a: Ceruledge|Ceruledge, L50, M|100/100
|turn|5
|inactive|Sagiboi has 30 seconds left.
|
|t:|1784313888
|move|p2b: Kagura|Protect|p2b: Kagura
|-singleturn|p2b: Kagura|Protect
|move|p1a: Ceruledge|Protect|p1a: Ceruledge
|-singleturn|p1a: Ceruledge|Protect
|move|p2a: Bazinga!|Dragon Claw|p1b: Milotic
|-damage|p1b: Milotic|58/100
|move|p1b: Milotic|Icy Wind|p2a: Bazinga!|[spread] p2a
|-activate|p2b: Kagura|move: Protect
|-supereffective|p2a: Bazinga!|2
|-damage|p2a: Bazinga!|43/100
|-unboost|p2a: Bazinga!|spe|1
|
|-heal|p1b: Milotic|64/100|[from] item: Leftovers
|upkeep
|turn|6
|
|t:|1784313913
|move|p1a: Ceruledge|Shadow Sneak|p2b: Kagura
|-damage|p2b: Kagura|42/100
|move|p2a: Bazinga!|Dragon Claw|p1a: Ceruledge
|-damage|p1a: Ceruledge|50/100g
|move|p2b: Kagura|Wave Crash|p1a: Ceruledge
|-supereffective|p1a: Ceruledge|1
|-damage|p1a: Ceruledge|0 fnt
|faint|p1a: Ceruledge
|-damage|p2b: Kagura|25/100|[from] Recoil
|move|p1b: Milotic|Icy Wind|p2b: Kagura|[spread] p2a,p2b
|-supereffective|p2a: Bazinga!|2
|-resisted|p2b: Kagura|1
|-damage|p2a: Bazinga!|0 fnt
|-damage|p2b: Kagura|18/100
|-unboost|p2b: Kagura|spe|1
|faint|p2a: Bazinga!
|
|-heal|p1b: Milotic|70/100|[from] item: Leftovers
|upkeep
|
|t:|1784313926
|switch|p2a: Sakaki|Froslass, L50, F, shiny|100/100
|turn|7
|
|t:|1784313950
|detailschange|p2a: Sakaki|Froslass-Mega, L50, F, shiny
|-mega|p2a: Sakaki|Froslass|Froslassite
|-weather|Snowscape|[from] ability: Snow Warning|[of] p2a: Sakaki
|move|p2a: Sakaki|Shadow Ball|p1b: Milotic
|-damage|p1b: Milotic|36/100
|move|p2b: Kagura|Close Combat|p1b: Milotic
|-damage|p1b: Milotic|0 fnt
|-unboost|p2b: Kagura|def|1
|-unboost|p2b: Kagura|spd|1
|faint|p1b: Milotic
|
|win|Sagiboi
||Slothpk is ready for game 3.
|inactive|Sagiboi has 30 seconds to confirm battle start!
||Sagiboi is ready for game 3.
|uhtml|next|Next: Game 3 of 3
|l|☆Slothpk
|player|p1|
