|j|☆exessvgc
|j|☆tauruster
|html|exessvgctauruster    
|uhtml|bestof|Game 1 of a best-of-3
|t:|1782329135
|gametype|doubles
|player|p1|exessvgc|lucas|
|player|p2|tauruster|battlegirl-gen4|
|gen|9
|tier|[Gen 9 Champions] VGC 2026 Reg M-B (Bo3)
|rule|Species Clause: Limit one of each Pokémon
|rule|Item Clause: Limit 1 of each item
|clearpoke
|poke|p1|Blaziken, L50, F|
|poke|p1|Hydreigon, L50, M|
|poke|p1|Basculegion, L50, M|
|poke|p1|Whimsicott, L50, F|
|poke|p1|Farigiraf, L50, F|
|poke|p1|Metagross, L50|
|poke|p2|Farigiraf, L50, F|
|poke|p2|Incineroar, L50, M|
|poke|p2|Mawile, L50, F|
|poke|p2|Garchomp, L50, M|
|poke|p2|Charizard, L50, M|
|poke|p2|Whimsicott, L50, M|
|teampreview|4
|showteam|p1|Blaziken||Blazikenite|SpeedBoost|Detect,RockSlide,CloseCombat,FlareBlitz|Jolly||F|||50|]Hydreigon||ChoiceScarf|Levitate|DracoMeteor,Snarl,EarthPower,DarkPulse|Timid||M|||50|]Basculegion||LifeOrb|Adaptability|Protect,WaveCrash,LastRespects,AquaJet|Adamant||M|||50|]Whimsicott||FocusSash|Prankster|Protect,Moonblast,EnergyBall,Tailwind|Timid||F|||50|]Farigiraf||SitrusBerry|ArmorTail|Psychic,Thunderbolt,Roar,TrickRoom|Quiet||F|||50|]Metagross||Metagrossite|ClearBody|Protect,PsychicFangs,IronHead,StompingTantrum|Brave|||||50|
|showteam|p2|Farigiraf||SitrusBerry|ArmorTail|Psychic,Thunderbolt,TrickRoom,HelpingHand|Calm||F|||50|]Incineroar||Charcoal|Intimidate|FakeOut,FlareBlitz,ThroatChop,PartingShot|Adamant||M|||50|]Mawile||Mawilite|HyperCutter|IronHead,PlayRough,SuckerPunch,Protect|Adamant||F|||50|]Garchomp||LifeOrb|RoughSkin|DragonClaw,StompingTantrum,RockSlide,Protect|Jolly||M|||50|]Charizard||CharizarditeY|SolarPower|HeatWave,WeatherBall,Protect,SolarBeam|Modest||M|||50|]Whimsicott||FocusSash|Prankster|Moonblast,Tailwind,Encore,Protect|Timid||M|||50|
|inactive|Battle timer is ON: inactive players will automatically lose when time's up. (requested by tauruster)
|c|☆tauruster|glhf
|inactive|exessvgc has 60 seconds left.
|
|t:|1782329232
|teamsize|p1|4
|teamsize|p2|4
|start
|switch|p1a: Hydra|Hydreigon, L50, M|100/100
|switch|p1b: Nico|Whimsicott, L50, F|100/100
|switch|p2a: Farigiraf|Farigiraf, L50, F|100/100
|switch|p2b: Incineroar|Incineroar, L50, M|100/100
|-ability|p2b: Incineroar|Intimidate|boost
|-unboost|p1a: Hydra|atk|1
|-unboost|p1b: Nico|atk|1
|turn|1
|inactive|exessvgc has 30 seconds left.
|
|t:|1782329265
|switch|p1b: Uscorp|Farigiraf, L50, F|100/100
|move|p2b: Incineroar|Fake Out||[still]
|cant|p1b: Uscorp|ability: Armor Tail|Fake Out|[of] p2b: Incineroar
|move|p1a: Hydra|Earth Power|p2b: Incineroar
|-supereffective|p2b: Incineroar|1
|-damage|p2b: Incineroar|38/100
|move|p2a: Farigiraf|Trick Room|p2a: Farigiraf
|-fieldstart|move: Trick Room|[of] p2a: Farigiraf
|
|upkeep
|turn|2
|inactive|exessvgc has 30 seconds left.
|inactive|tauruster has 30 seconds left.
|inactive|exessvgc has 20 seconds left.
|inactive|exessvgc has 15 seconds left.
|inactive|exessvgc has 10 seconds left.
|inactive|exessvgc has 5 seconds left.
|
|t:|1782329315
|switch|p2a: Garchomp|Garchomp, L50, M|100/100
|move|p2b: Incineroar|Parting Shot|p1a: Hydra
|-unboost|p1a: Hydra|atk|1
|-unboost|p1a: Hydra|spa|1
|
|t:|1782329322
|switch|p2b: Farigiraf|Farigiraf, L50, F|100/100|[from] Parting Shot
|move|p1a: Hydra|Earth Power|p2a: Garchomp
|-crit|p2a: Garchomp
|-damage|p2a: Garchomp|47/100
|move|p1b: Uscorp|Trick Room|p1b: Uscorp
|-fieldend|move: Trick Room
|
|upkeep
|turn|3
|inactive|exessvgc has 30 seconds left.
|inactive|tauruster has 30 seconds left.
|
|t:|1782329354
|move|p1a: Hydra|Earth Power|p2a: Garchomp
|-damage|p2a: Garchomp|26/100
|move|p2a: Garchomp|Dragon Claw|p1a: Hydra
|-supereffective|p1a: Hydra|1
|-damage|p1a: Hydra|0 fnt
|faint|p1a: Hydra
|-damage|p2a: Garchomp|16/100|[from] item: Life Orb
|move|p1b: Uscorp|Roar|p2b: Farigiraf
|drag|p2b: Mawile|Mawile, L50, F|100/100
|
|upkeep
|
|t:|1782329369
|switch|p1a: Watty|Blaziken, L50, F|100/100
|turn|4
|
|t:|1782329392
|switch|p2b: Incineroar|Incineroar, L50, M|38/100
|-ability|p2b: Incineroar|Intimidate|boost
|-unboost|p1a: Watty|atk|1
|-unboost|p1b: Uscorp|atk|1
|switch|p1b: Nico|Whimsicott, L50, F|100/100
|detailschange|p1a: Watty|Blaziken-Mega, L50, F
|-mega|p1a: Watty|Blaziken|Blazikenite
|move|p1a: Watty|Detect|p1a: Watty
|-singleturn|p1a: Watty|Protect
|move|p2a: Garchomp|Stomping Tantrum|p1b: Nico
|-resisted|p1b: Nico|1
|-damage|p1b: Nico|61/100
|-damage|p2a: Garchomp|7/100|[from] item: Life Orb
|
|-ability|p1a: Watty|Speed Boost|boost
|-boost|p1a: Watty|spe|1
|upkeep
|turn|5
|inactive|exessvgc has 30 seconds left.
|
|t:|1782329418
|switch|p1a: Uscorp|Farigiraf, L50, F|100/100
|switch|p2a: Farigiraf|Farigiraf, L50, F|100/100
|move|p2b: Incineroar|Fake Out||[still]
|cant|p1a: Uscorp|ability: Armor Tail|Fake Out|[of] p2b: Incineroar
|move|p1b: Nico|Moonblast|p2a: Farigiraf
|-damage|p2a: Farigiraf|73/100
|
|upkeep
|turn|6
|inactive|exessvgc has 30 seconds left.
|
|t:|1782329444
|move|p2a: Farigiraf|Helping Hand|p2b: Incineroar
|-singleturn|p2b: Incineroar|Helping Hand|[of] p2a: Farigiraf
|move|p1b: Nico|Moonblast|p2b: Incineroar
|-damage|p2b: Incineroar|6/100
|move|p2b: Incineroar|Throat Chop|p1a: Uscorp
|-supereffective|p1a: Uscorp|1
|-damage|p1a: Uscorp|0 fnt
|faint|p1a: Uscorp
|
|upkeep
|
|t:|1782329452
|switch|p1a: Watty|Blaziken-Mega, L50, F|100/100
|turn|7
|inactive|tauruster has 30 seconds left.
|
|t:|1782329485
|switch|p2b: Garchomp|Garchomp, L50, M|7/100
|switch|p2a: Mawile|Mawile, L50, F|100/100
|move|p1b: Nico|Moonblast|p2a: Mawile
|-resisted|p2a: Mawile|1
|-damage|p2a: Mawile|65/100
|move|p1a: Watty|Flare Blitz|p2a: Mawile
|-supereffective|p2a: Mawile|1
|-damage|p2a: Mawile|0 fnt
|faint|p2a: Mawile
|-damage|p1a: Watty|80/100|[from] Recoil
|
|-ability|p1a: Watty|Speed Boost|boost
|-boost|p1a: Watty|spe|1
|upkeep
|
|t:|1782329498
|switch|p2a: Incineroar|Incineroar, L50, M|6/100
|-ability|p2a: Incineroar|Intimidate|boost
|-unboost|p1a: Watty|atk|1
|-unboost|p1b: Nico|atk|1
|turn|8
|inactive|tauruster has 30 seconds left.
|inactive|tauruster has 20 seconds left.
|
|t:|1782329535
|switch|p2a: Farigiraf|Farigiraf, L50, F|73/100
|move|p1a: Watty|Rock Slide|p2b: Garchomp|[spread] p2a,p2b
|-resisted|p2b: Garchomp|1
|-damage|p2a: Farigiraf|58/100
|-damage|p2b: Garchomp|0 fnt
|faint|p2b: Garchomp
|move|p1b: Nico|Moonblast|p2a: Farigiraf
|-damage|p2a: Farigiraf|30/100
|-enditem|p2a: Farigiraf|Sitrus Berry|[eat]
|-heal|p2a: Farigiraf|55/100|[from] item: Sitrus Berry
|
|-ability|p1a: Watty|Speed Boost|boost
|-boost|p1a: Watty|spe|1
|upkeep
|
|t:|1782329547
|switch|p2b: Incineroar|Incineroar, L50, M|6/100
|-ability|p2b: Incineroar|Intimidate|boost
|-unboost|p1a: Watty|atk|1
|-unboost|p1b: Nico|atk|1
|turn|9
|
|t:|1782329569
|move|p2b: Incineroar|Fake Out|p1b: Nico
|-damage|p1b: Nico|40/100
|move|p1a: Watty|Rock Slide|p2b: Incineroar|[spread] p2a,p2b
|-supereffective|p2b: Incineroar|1
|-damage|p2a: Farigiraf|45/100
|-damage|p2b: Incineroar|0 fnt
|faint|p2b: Incineroar
|cant|p1b: Nico|flinch
|move|p2a: Farigiraf|Psychic|p1a: Watty
|-supereffective|p1a: Watty|1
|-damage|p1a: Watty|0 fnt
|faint|p1a: Watty
|
|upkeep
|turn|10
|
|t:|1782329592
|move|p1b: Nico|Moonblast|p2a: Farigiraf
|-damage|p2a: Farigiraf|15/100
|move|p2a: Farigiraf|Psychic|p1b: Nico
|-damage|p1b: Nico|0 fnt
|faint|p1b: Nico
|
|win|tauruster
||tauruster is ready for game 2.
||exessvgc is ready for game 2.
|uhtml|next|Next: Game 2 of 3
|l|☆exessvgc
|player|p1|
|j|☆exessvgc
|player|p1|exessvgc|lucas|
