|j|☆wintradeofmanuel
|j|☆1Manuel1410
|html|wintradeofmanuel1Manuel1410    
|uhtml|bestof|Game 1 of a best-of-3
|t:|1785335229
|gametype|doubles
|player|p1|wintradeofmanuel|170|1291
|player|p2|1Manuel1410|palmer|1306
|gen|9
|tier|[Gen 9 Champions] VGC 2026 Reg M-B (Bo3)
|rated|
|rule|Species Clause: Limit one of each Pokémon
|rule|Item Clause: Limit 1 of each item
|clearpoke
|poke|p1|Scovillain, L50, F|
|poke|p1|Sylveon, L50, F|
|poke|p1|Kingambit, L50, F|
|poke|p1|Lycanroc-Dusk, L50, F|
|poke|p1|Basculegion, L50, M|
|poke|p1|Metagross, L50|
|poke|p2|Staraptor, L50, F|
|poke|p2|Whimsicott, L50, M|
|poke|p2|Primarina, L50, M|
|poke|p2|Maushold-Four, L50|
|poke|p2|Delphox, L50, M|
|poke|p2|Sneasler, L50, F|
|teampreview|4
|showteam|p1|Scovillain||Scovillainite|Moody|GigaDrain,Overheat,RagePowder,Protect|Bold||F|||50|]Sylveon||FairyFeather|Pixilate|HyperVoice,HyperBeam,QuickAttack,Detect|Modest||F|||50|]Kingambit||BlackGlasses|Defiant|KowtowCleave,SuckerPunch,SwordsDance,Protect|Adamant||F|||50|]Lycanroc-Dusk||FocusSash|ToughClaws|CloseCombat,Accelerock,RockSlide,Protect|Adamant||F|||50|]Basculegion||SitrusBerry|Adaptability|WaveCrash,LastRespects,AquaJet,Protect|Adamant||M|||50|]Metagross||Metagrossite|ClearBody|IronHead,PsychicFangs,IcePunch,Protect|Jolly|||||50|
|showteam|p2|Staraptor||Staraptite|Intimidate|Protect,Roost,CloseCombat,DualWingbeat|Jolly||F|||50|]Whimsicott||FocusSash|Prankster|Tailwind,Moonblast,LightScreen,Charm|Timid||M|||50|]Primarina||Leftovers|LiquidVoice|Protect,CalmMind,HyperVoice,Moonblast|Modest||M|||50|]Maushold-Four||ChopleBerry|FriendGuard|Protect,FollowMe,Charm,Feint|Jolly|||||50|]Delphox||Delphoxite|Blaze|Psychic,HeatWave,NastyPlot,Protect|Timid||M|||50|]Sneasler||WhiteHerb|Unburden|FakeOut,CloseCombat,DireClaw,Protect|Adamant||F|||50|
|inactive|Battle timer is ON: inactive players will automatically lose when time's up. (requested by 1Manuel1410)
|inactive|wintradeofmanuel has 60 seconds left.
|inactive|1Manuel1410 has 60 seconds left.
|
|t:|1785335268
|teamsize|p1|4
|teamsize|p2|4
|start
|switch|p1a: Sylveon|Sylveon, L50, F|100/100
|switch|p1b: Scovillain|Scovillain, L50, F|100/100
|switch|p2a: Delphox|Delphox, L50, M|100/100
|switch|p2b: Sneasler|Sneasler, L50, F|100/100
|turn|1
|inactive|1Manuel1410 has 30 seconds left.
|
|t:|1785335297
|detailschange|p2a: Delphox|Delphox-Mega, L50, M
|-mega|p2a: Delphox|Delphox|Delphoxite
|move|p1b: Scovillain|Protect|p1b: Scovillain
|-singleturn|p1b: Scovillain|Protect
|move|p2a: Delphox|Nasty Plot|p2a: Delphox
|-boost|p2a: Delphox|spa|2
|move|p2b: Sneasler|Dire Claw|p1a: Sylveon
|-supereffective|p1a: Sylveon|1
|-damage|p1a: Sylveon|0 fnt
|faint|p1a: Sylveon
|
|-ability|p1b: Scovillain|Moody|boost
|-boost|p1b: Scovillain|def|2
|-unboost|p1b: Scovillain|spd|1
|upkeep
|
|t:|1785335312
|switch|p1a: Basculegion|Basculegion, L50, M|100/100
|turn|2
|
|t:|1785335328
|detailschange|p1b: Scovillain|Scovillain-Mega, L50, F
|-mega|p1b: Scovillain|Scovillain|Scovillainite
|move|p2a: Delphox|Protect|p2a: Delphox
|-singleturn|p2a: Delphox|Protect
|move|p1b: Scovillain|Rage Powder|p1b: Scovillain
|-singleturn|p1b: Scovillain|move: Rage Powder
|move|p2b: Sneasler|Dire Claw|p1b: Scovillain
|-supereffective|p1b: Scovillain|1
|-damage|p1b: Scovillain|58/100
|-status|p1b: Scovillain|par
|-status|p2b: Sneasler|brn|[from] ability: Spicy Spray|[of] p1b: Scovillain
|move|p1a: Basculegion|Wave Crash|p2b: Sneasler
|-damage|p2b: Sneasler|0 fnt
|faint|p2b: Sneasler
|-damage|p1a: Basculegion|74/100|[from] Recoil
|
|upkeep
|
|t:|1785335343
|switch|p2b: Maushold|Maushold-Four, L50|100/100
|turn|3
|
|t:|1785335359
|move|p2b: Maushold|Follow Me|p2b: Maushold
|-singleturn|p2b: Maushold|move: Follow Me
|move|p1b: Scovillain|Rage Powder|p1b: Scovillain
|-singleturn|p1b: Scovillain|move: Rage Powder
|move|p2a: Delphox|Heat Wave|p1a: Basculegion|[spread] p1a,p1b
|-resisted|p1a: Basculegion|1
|-damage|p1a: Basculegion|25/100
|-damage|p1b: Scovillain|0 fnt
|-immune|p2a: Delphox
|-enditem|p1a: Basculegion|Sitrus Berry|[eat]
|-heal|p1a: Basculegion|50/100y|[from] item: Sitrus Berry
|faint|p1b: Scovillain
|move|p1a: Basculegion|Wave Crash|p2b: Maushold
|-damage|p2b: Maushold|0 fnt
|faint|p2b: Maushold
|-damage|p1a: Basculegion|20/100r|[from] Recoil
|
|upkeep
|
|t:|1785335372
|switch|p2b: Primarina|Primarina, L50, M|100/100
|switch|p1b: Lycanroc|Lycanroc-Dusk, L50, F|100/100
|turn|4
|
|t:|1785335380
|move|p1a: Basculegion|Protect|p1a: Basculegion
|-singleturn|p1a: Basculegion|Protect
|move|p2a: Delphox|Psychic|p1a: Basculegion
|-activate|p1a: Basculegion|move: Protect
|move|p1b: Lycanroc|Rock Slide|p2a: Delphox|[spread] p2a,p2b
|-supereffective|p2a: Delphox|1
|-damage|p2a: Delphox|0 fnt
|-damage|p2b: Primarina|67/100
|faint|p2a: Delphox
|move|p2b: Primarina|Hyper Voice|p1b: Lycanroc|[spread] p1b
|-activate|p1a: Basculegion|move: Protect
|-supereffective|p1b: Lycanroc|1
|-damage|p1b: Lycanroc|3/100
|
|-heal|p2b: Primarina|73/100|[from] item: Leftovers
|upkeep
|turn|5
|
|t:|1785335395
|move|p2b: Primarina|Protect|p2b: Primarina
|-singleturn|p2b: Primarina|Protect
|move|p1b: Lycanroc|Accelerock|p2b: Primarina
|-activate|p2b: Primarina|move: Protect
|move|p1a: Basculegion|Last Respects|p2b: Primarina
|-activate|p2b: Primarina|move: Protect
|
|-heal|p2b: Primarina|79/100|[from] item: Leftovers
|upkeep
|turn|6
|
|t:|1785335404
|move|p1b: Lycanroc|Accelerock|p2b: Primarina
|-damage|p2b: Primarina|51/100
|move|p1a: Basculegion|Last Respects|p2b: Primarina
|-damage|p2b: Primarina|0 fnt
|faint|p2b: Primarina
|
|win|wintradeofmanuel
||1Manuel1410 is ready for game 2.
||wintradeofmanuel is ready for game 2.
|uhtml|next|Next: Game 2 of 3
|l|☆1Manuel1410
|player|p2|
