|j|☆Pointee
|j|☆sunshinetufo
|html|Pointeesunshinetufo    
|uhtml|bestof|Game 2 of a best-of-3
|t:|1785346678
|gametype|doubles
|player|p1|Pointee|wallace-masters|1299
|player|p2|sunshinetufo|li|1300
|gen|9
|tier|[Gen 9 Champions] VGC 2026 Reg M-B (Bo3)
|rated|
|rule|Species Clause: Limit one of each Pokémon
|rule|Item Clause: Limit 1 of each item
|clearpoke
|poke|p1|Metagross, L50, shiny|
|poke|p1|Ninetales-Alola, L50, M|
|poke|p1|Sneasler, L50, M|
|poke|p1|Venusaur, L50, F|
|poke|p1|Hydreigon, L50, F|
|poke|p1|Arcanine-Hisui, L50, F|
|poke|p2|Raichu, L50, M, shiny|
|poke|p2|Decidueye-Hisui, L50, M|
|poke|p2|Floette-Eternal, L50, F|
|poke|p2|Aerodactyl, L50, M, shiny|
|poke|p2|Kingambit, L50, F|
|poke|p2|Basculegion, L50, M, shiny|
|teampreview|4
|showteam|p1|Metagross||Metagrossite|ClearBody|PsychicFangs,HardPress,BulletPunch,Protect|Jolly|||||50|]Ninetales-Alola||NeverMeltIce|SnowWarning|Blizzard,Encore,FreezeDry,Protect|Timid||M|||50|]Sneasler||WhiteHerb|Unburden|FakeOut,CloseCombat,DireClaw,Coaching|Jolly||M|||50|]Venusaur||Venusaurite|Overgrow|SludgeBomb,EarthPower,GigaDrain,Protect|Modest||F|||50|]Hydreigon||ChoiceScarf|Levitate|EarthPower,Snarl,DarkPulse,DracoMeteor|Modest||F|||50|]Arcanine-Hisui||FocusSash|RockHead|FlareBlitz,HeadSmash,ExtremeSpeed,Protect|Jolly||F|||50|
|showteam|p2|Raichu||RaichuniteY|Static|ZapCannon,FocusBlast,FakeOut,Protect|Timid||M|||50|]Decidueye-Hisui||ScopeLens|Scrappy|TripleArrows,LeafBlade,Protect,Taunt|Adamant||M|||50|]Floette-Eternal||Floettite|FlowerVeil|Moonblast,DazzlingGleam,LightofRuin,Protect|Timid||F|||50|]Aerodactyl||FocusSash|Unnerve|RockSlide,DualWingbeat,Tailwind,Protect|Jolly||M|||50|]Kingambit||ChopleBerry|Defiant|KowtowCleave,IronHead,SuckerPunch,LowKick|Adamant||F|||50|]Basculegion||LifeOrb|Adaptability|WaveCrash,AquaJet,LastRespects,Protect|Adamant||M|||50|
|inactive|Battle timer is ON: inactive players will automatically lose when time's up. (requested by sunshinetufo)
|inactive|sunshinetufo has 60 seconds left.
|
|t:|1785346710
|teamsize|p1|4
|teamsize|p2|4
|start
|switch|p1a: Conquest|Metagross, L50, shiny|100/100
|switch|p1b: Sneasler|Sneasler, L50, M|100/100
|switch|p2a: Aerodactyl|Aerodactyl, L50, M, shiny|100/100
|switch|p2b: Raichu|Raichu, L50, M, shiny|100/100
|-ability|p2a: Aerodactyl|Unnerve
|turn|1
|inactive|Pointee has 30 seconds left.
|
|t:|1785346737
|detailschange|p2b: Raichu|Raichu-Mega-Y, L50, M, shiny
|-mega|p2b: Raichu|Raichu|Raichunite Y
|detailschange|p1a: Conquest|Metagross-Mega, L50, shiny
|-mega|p1a: Conquest|Metagross|Metagrossite
|move|p2b: Raichu|Fake Out|p1a: Conquest
|-resisted|p1a: Conquest|1
|-damage|p1a: Conquest|96/100
|move|p1b: Sneasler|Fake Out|p2a: Aerodactyl
|-resisted|p2a: Aerodactyl|1
|-damage|p2a: Aerodactyl|88/100
|cant|p2a: Aerodactyl|flinch
|cant|p1a: Conquest|flinch
|
|upkeep
|turn|2
|
|t:|1785346760
|move|p1a: Conquest|Bullet Punch|p2a: Aerodactyl
|-supereffective|p2a: Aerodactyl|1
|-damage|p2a: Aerodactyl|0 fnt
|faint|p2a: Aerodactyl
|move|p2b: Raichu|Zap Cannon|p1b: Sneasler
|-damage|p1b: Sneasler|21/100
|-status|p1b: Sneasler|par
|move|p1b: Sneasler|Close Combat|p2b: Raichu
|-crit|p2b: Raichu
|-damage|p2b: Raichu|0 fnt
|-unboost|p1b: Sneasler|def|1
|-unboost|p1b: Sneasler|spd|1
|faint|p2b: Raichu
|-enditem|p1b: Sneasler|White Herb
|-clearnegativeboost|p1b: Sneasler|[silent]
|
|upkeep
|
|t:|1785346763
|switch|p2a: Basculegion|Basculegion, L50, M, shiny|100/100
|switch|p2b: Kingambit|Kingambit, L50, F|100/100
|turn|3
|inactive|Pointee has 30 seconds left.
|
|t:|1785346791
|move|p1a: Conquest|Protect|p1a: Conquest
|-singleturn|p1a: Conquest|Protect
|move|p2a: Basculegion|Aqua Jet|p1b: Sneasler
|-damage|p1b: Sneasler|0 fnt
|faint|p1b: Sneasler
|-damage|p2a: Basculegion|90/100|[from] item: Life Orb
|move|p2b: Kingambit|Kowtow Cleave|p1a: Conquest
|-activate|p1a: Conquest|move: Protect
|
|upkeep
|
|t:|1785346800
|switch|p1b: Hydreigon|Hydreigon, L50, F|100/100
|turn|4
|
|t:|1785346806
|move|p2a: Basculegion|Protect|p2a: Basculegion
|-singleturn|p2a: Basculegion|Protect
|move|p1b: Hydreigon|Dark Pulse|p2a: Basculegion
|-activate|p2a: Basculegion|move: Protect
|move|p1a: Conquest|Hard Press|p2b: Kingambit
|-resisted|p2b: Kingambit|1
|-damage|p2b: Kingambit|73/100
|move|p2b: Kingambit|Low Kick|p1b: Hydreigon
|-supereffective|p1b: Hydreigon|1
|-damage|p1b: Hydreigon|20/100y
|
|upkeep
|turn|5
|inactive|Pointee has 30 seconds left.
|inactive|Pointee has 20 seconds left.
|inactive|Pointee has 15 seconds left.
|
|t:|1785346846
|switch|p1b: Arcanine|Arcanine-Hisui, L50, F|100/100
|move|p2a: Basculegion|Aqua Jet|p1b: Arcanine
|-supereffective|p1b: Arcanine|2
|-enditem|p1b: Arcanine|Focus Sash
|-damage|p1b: Arcanine|1/100
|-damage|p2a: Basculegion|80/100|[from] item: Life Orb
|move|p2b: Kingambit|Sucker Punch||[still]
|-fail|p2b: Kingambit
|move|p1a: Conquest|Psychic Fangs|p2a: Basculegion
|-damage|p2a: Basculegion|12/100
|
|upkeep
|turn|6
|inactive|Pointee has 30 seconds left.
|inactive|Pointee has 20 seconds left.
|inactive|Pointee has 15 seconds left.
|
|t:|1785346887
|move|p1b: Arcanine|Protect|p1b: Arcanine
|-singleturn|p1b: Arcanine|Protect
|move|p2a: Basculegion|Protect|p2a: Basculegion
|-singleturn|p2a: Basculegion|Protect
|move|p2b: Kingambit|Sucker Punch||[still]
|-fail|p2b: Kingambit
|move|p1a: Conquest|Psychic Fangs|p2a: Basculegion
|-activate|p2a: Basculegion|move: Protect
|
|upkeep
|turn|7
|
|t:|1785346902
|move|p1b: Arcanine|Extreme Speed|p2b: Kingambit
|-resisted|p2b: Kingambit|1
|-damage|p2b: Kingambit|63/100
|move|p2a: Basculegion|Aqua Jet|p1b: Arcanine
|-supereffective|p1b: Arcanine|2
|-damage|p1b: Arcanine|0 fnt
|faint|p1b: Arcanine
|-damage|p2a: Basculegion|2/100|[from] item: Life Orb
|move|p2b: Kingambit|Sucker Punch|p1a: Conquest
|-supereffective|p1a: Conquest|1
|-damage|p1a: Conquest|38/100
|move|p1a: Conquest|Psychic Fangs|p2a: Basculegion
|-crit|p2a: Basculegion
|-damage|p2a: Basculegion|0 fnt
|faint|p2a: Basculegion
|
|upkeep
|
|t:|1785346908
|switch|p1b: Hydreigon|Hydreigon, L50, F|20/100y
|turn|8
|c|☆Pointee|gg
|c|☆sunshinetufo|gg
|inactive|Pointee has 30 seconds left.
|
|t:|1785346940
|move|p2b: Kingambit|Sucker Punch|p1b: Hydreigon
|-resisted|p1b: Hydreigon|1
|-damage|p1b: Hydreigon|0 fnt
|faint|p1b: Hydreigon
|move|p1a: Conquest|Hard Press|p2b: Kingambit
|-resisted|p2b: Kingambit|1
|-damage|p2b: Kingambit|45/100
|
|upkeep
|turn|9
|
|t:|1785346945
|move|p1a: Conquest|Hard Press|p2b: Kingambit
|-resisted|p2b: Kingambit|1
|-damage|p2b: Kingambit|32/100
|move|p2b: Kingambit|Kowtow Cleave|p1a: Conquest
|-supereffective|p1a: Conquest|1
|-damage|p1a: Conquest|0 fnt
|faint|p1a: Conquest
|
|win|sunshinetufo
|raw|Pointee's rating: 1299 → 1274(-25 for losing)
|raw|sunshinetufo's rating: 1300 → 1325(+25 for winning)
