|j|☆dawnenen
|j|☆Schmixed_007
|html|dawnenenSchmixed_007    
|uhtml|bestof|Game 3 of a best-of-3
|t:|1784842274
|gametype|doubles
|player|p1|dawnenen|galacticgruntf|1135
|player|p2|Schmixed_007|169|1248
|gen|9
|tier|[Gen 9 Champions] VGC 2026 Reg M-B (Bo3)
|rated|
|rule|Species Clause: Limit one of each Pokémon
|rule|Item Clause: Limit 1 of each item
|clearpoke
|poke|p1|Venusaur, L50, M|
|poke|p1|Charizard, L50, M|
|poke|p1|Grimmsnarl, L50, M|
|poke|p1|Archaludon, L50, F|
|poke|p1|Basculegion, L50, M|
|poke|p1|Pelipper, L50, F|
|poke|p2|Raichu, L50, F|
|poke|p2|Ceruledge, L50, F|
|poke|p2|Kingambit, L50, M|
|poke|p2|Mamoswine, L50, F|
|poke|p2|Sinistcha-Masterpiece, L50|
|poke|p2|Sylveon, L50, M|
|teampreview|4
|showteam|p1|Venusaur||FocusSash|Chlorophyll|SludgeBomb,EarthPower,SleepPowder,Protect|Modest||M|||50|]Charizard||CharizarditeY|Blaze|Protect,HeatWave,SolarBeam,WeatherBall|Modest||M|||50|]Grimmsnarl||LightClay|Prankster|SpiritBreak,LightScreen,Reflect,PartingShot|Sassy||M|||50|]Archaludon||Leftovers|Stamina|ElectroShot,DragonPulse,FlashCannon,Protect|Calm||F|||50|]Basculegion||ChoiceScarf|Adaptability|WaveCrash,LastRespects,AquaJet,FlipTurn|Jolly||M|||50|]Pelipper||SitrusBerry|Drizzle|Hurricane,WeatherBall,Tailwind,WideGuard|Modest||F|||50|
|showteam|p2|Raichu||RaichuniteY|LightningRod|FakeOut,ZapCannon,FocusBlast,Protect|Timid||F|||50|]Ceruledge||ColburBerry|FlashFire|BulkUp,ShadowSneak,BitterBlade,Protect|Adamant||F|||50|]Kingambit||FocusSash|Defiant|IronHead,KowtowCleave,SuckerPunch,LowKick|Adamant||M|||50|]Mamoswine||LifeOrb|Oblivious|IceShard,IcicleCrash,HighHorsepower,Protect|Jolly||F|||50|]Sinistcha-Masterpiece||SitrusBerry|Hospitality|RagePowder,MatchaGotcha,TrickRoom,Protect|Sassy|||||50|]Sylveon||FairyFeather|Pixilate|HyperVoice,Yawn,QuickAttack,Protect|Modest||M|||50|
|inactive|Battle timer is ON: inactive players will automatically lose when time's up. (requested by dawnenen)
|inactive|dawnenen has 60 seconds left.
|
|t:|1784842318
|teamsize|p1|4
|teamsize|p2|4
|start
|switch|p1a: Venusaur|Venusaur, L50, M|100/100
|switch|p1b: Charizard|Charizard, L50, M|100/100
|switch|p2a: Raichu|Raichu, L50, F|100/100
|switch|p2b: Sinistcha|Sinistcha-Masterpiece, L50|100/100
|turn|1
|
|t:|1784842333
|switch|p2b: Ceruledge|Ceruledge, L50, F|100/100
|detailschange|p2a: Raichu|Raichu-Mega-Y, L50, F
|-mega|p2a: Raichu|Raichu|Raichunite Y
|detailschange|p1b: Charizard|Charizard-Mega-Y, L50, M
|-mega|p1b: Charizard|Charizard|Charizardite Y
|-weather|SunnyDay|[from] ability: Drought|[of] p1b: Charizard
|move|p1a: Venusaur|Protect|p1a: Venusaur
|-singleturn|p1a: Venusaur|Protect
|move|p2a: Raichu|Zap Cannon|p1a: Venusaur
|-activate|p1a: Venusaur|move: Protect
|move|p1b: Charizard|Heat Wave|p2a: Raichu|[spread] p2a
|-start|p2b: Ceruledge|ability: Flash Fire
|-damage|p2a: Raichu|22/100
|
|-weather|SunnyDay|[upkeep]
|upkeep
|turn|2
|inactive|dawnenen has 30 seconds left.
|
|t:|1784842360
|move|p2a: Raichu|Protect|p2a: Raichu
|-singleturn|p2a: Raichu|Protect
|move|p1a: Venusaur|Sleep Powder|p2b: Ceruledge
|-status|p2b: Ceruledge|slp|[from] move: Sleep Powder
|move|p1b: Charizard|Weather Ball|p2a: Raichu
|-activate|p2a: Raichu|move: Protect
|cant|p2b: Ceruledge|slp
|
|-weather|SunnyDay|[upkeep]
|upkeep
|turn|3
|inactive|dawnenen has 30 seconds left.
|
|t:|1784842386
|switch|p2a: Sylveon|Sylveon, L50, M|100/100
|move|p1a: Venusaur|Earth Power|p2b: Ceruledge
|-supereffective|p2b: Ceruledge|1
|-damage|p2b: Ceruledge|43/100 slp
|move|p1b: Charizard|Weather Ball|p2a: Sylveon
|-damage|p2a: Sylveon|38/100
|cant|p2b: Ceruledge|slp
|
|-weather|SunnyDay|[upkeep]
|upkeep
|turn|4
|
|t:|1784842407
|switch|p1b: Basculegion|Basculegion, L50, M|100/100
|-curestatus|p2b: Ceruledge|slp|[msg]
|move|p2b: Ceruledge|Protect|p2b: Ceruledge
|-singleturn|p2b: Ceruledge|Protect
|move|p2a: Sylveon|Quick Attack|p1a: Venusaur
|-resisted|p1a: Venusaur|1
|-damage|p1a: Venusaur|92/100
|move|p1a: Venusaur|Sludge Bomb|p2a: Sylveon
|-supereffective|p2a: Sylveon|1
|-damage|p2a: Sylveon|0 fnt
|faint|p2a: Sylveon
|
|-weather|SunnyDay|[upkeep]
|upkeep
|
|t:|1784842412
|switch|p2a: Sinistcha|Sinistcha-Masterpiece, L50|100/100
|-heal|p2b: Ceruledge|68/100|[from] ability: Hospitality|[of] p2a: Sinistcha
|turn|5
|
|t:|1784842428
|move|p1a: Venusaur|Protect|p1a: Venusaur
|-singleturn|p1a: Venusaur|Protect
|move|p2a: Sinistcha|Rage Powder|p2a: Sinistcha
|-singleturn|p2a: Sinistcha|move: Rage Powder
|move|p1b: Basculegion|Last Respects|p2a: Sinistcha
|-supereffective|p2a: Sinistcha|1
|-damage|p2a: Sinistcha|46/100
|-enditem|p2a: Sinistcha|Sitrus Berry|[eat]
|-heal|p2a: Sinistcha|70/100|[from] item: Sitrus Berry
|move|p2b: Ceruledge|Bitter Blade|p1a: Venusaur
|-activate|p1a: Venusaur|move: Protect
|
|-weather|none
|upkeep
|turn|6
|
|t:|1784842455
|switch|p1a: Grimmsnarl|Grimmsnarl, L50, M|100/100
|move|p2b: Ceruledge|Protect|p2b: Ceruledge
|-singleturn|p2b: Ceruledge|Protect
|move|p1b: Basculegion|Last Respects|p2b: Ceruledge
|-activate|p2b: Ceruledge|move: Protect
|move|p2a: Sinistcha|Trick Room|p2a: Sinistcha
|-fieldstart|move: Trick Room|[of] p2a: Sinistcha
|
|upkeep
|turn|7
|
|t:|1784842477
|move|p1a: Grimmsnarl|Reflect|p1a: Grimmsnarl
|-sidestart|p1: dawnenen|Reflect
|move|p2b: Ceruledge|Shadow Sneak|p1b: Basculegion
|-supereffective|p1b: Basculegion|1
|-damage|p1b: Basculegion|67/100
|move|p2a: Sinistcha|Matcha Gotcha|p1a: Grimmsnarl|[spread] p1a,p1b
|-supereffective|p1b: Basculegion|1
|-damage|p1a: Grimmsnarl|76/100
|-heal|p2a: Sinistcha|84/100|[from] drain|[of] p1a: Grimmsnarl
|-damage|p1b: Basculegion|8/100
|-heal|p2a: Sinistcha|100/100|[from] drain|[of] p1b: Basculegion
|move|p1b: Basculegion|Last Respects|p2a: Sinistcha
|-supereffective|p2a: Sinistcha|1
|-damage|p2a: Sinistcha|43/100
|
|upkeep
|turn|8
|inactive|dawnenen has 30 seconds left.
|
|t:|1784842518
|move|p1a: Grimmsnarl|Light Screen|p1a: Grimmsnarl
|-sidestart|p1: dawnenen|move: Light Screen
|move|p2a: Sinistcha|Matcha Gotcha|p1b: Basculegion|[spread] p1a,p1b
|-crit|p1a: Grimmsnarl
|-supereffective|p1b: Basculegion|1
|-damage|p1a: Grimmsnarl|42/100
|-heal|p2a: Sinistcha|63/100|[from] drain|[of] p1a: Grimmsnarl
|-damage|p1b: Basculegion|0 fnt
|-heal|p2a: Sinistcha|68/100|[from] drain|[of] p1b: Basculegion
|-status|p1a: Grimmsnarl|brn
|faint|p1b: Basculegion
|move|p2b: Ceruledge|Bulk Up|p2b: Ceruledge
|-boost|p2b: Ceruledge|atk|1
|-boost|p2b: Ceruledge|def|1
|
|-damage|p1a: Grimmsnarl|36/100 brn|[from] brn
|upkeep
|
|t:|1784842535
|switch|p1b: Charizard|Charizard-Mega-Y, L50, M|100/100
|-weather|SunnyDay|[from] ability: Drought|[of] p1b: Charizard
|turn|9
|
|t:|1784842550
|move|p2a: Sinistcha|Rage Powder|p2a: Sinistcha
|-singleturn|p2a: Sinistcha|move: Rage Powder
|move|p1a: Grimmsnarl|Parting Shot|p2a: Sinistcha
|-unboost|p2a: Sinistcha|atk|1
|-unboost|p2a: Sinistcha|spa|1
|
|t:|1784842556
|switch|p1a: Venusaur|Venusaur, L50, M|92/100|[from] Parting Shot
|move|p2b: Ceruledge|Bitter Blade|p1b: Charizard
|-resisted|p1b: Charizard|1
|-damage|p1b: Charizard|42/100
|-heal|p2b: Ceruledge|96/100|[from] drain|[of] p1b: Charizard
|move|p1b: Charizard|Weather Ball|p2a: Sinistcha
|-supereffective|p2a: Sinistcha|1
|-damage|p2a: Sinistcha|0 fnt
|faint|p2a: Sinistcha
|
|-weather|SunnyDay|[upkeep]
|upkeep
|c|☆dawnenen|wp
|
|t:|1784842561
|switch|p2a: Raichu|Raichu-Mega-Y, L50, F|22/100
|turn|10
|
|t:|1784842574
|move|p1b: Charizard|Protect|p1b: Charizard
|-singleturn|p1b: Charizard|Protect
|move|p1a: Venusaur|Protect|p1a: Venusaur
|-singleturn|p1a: Venusaur|Protect
|move|p2a: Raichu|Fake Out|p1b: Charizard
|-activate|p1b: Charizard|move: Protect
|move|p2b: Ceruledge|Bitter Blade|p1a: Venusaur
|-activate|p1a: Venusaur|move: Protect
|
|-weather|SunnyDay|[upkeep]
|-fieldend|move: Trick Room
|upkeep
|turn|11
|inactive|dawnenen has 30 seconds left.
|
|t:|1784842601
|switch|p1b: Grimmsnarl|Grimmsnarl, L50, M|36/100 brn
|move|p1a: Venusaur|Earth Power|p2a: Raichu
|-supereffective|p2a: Raichu|1
|-damage|p2a: Raichu|0 fnt
|faint|p2a: Raichu
|move|p2b: Ceruledge|Bitter Blade|p1a: Venusaur
|-supereffective|p1a: Venusaur|1
|-damage|p1a: Venusaur|0 fnt
|-heal|p2b: Ceruledge|100/100|[from] drain|[of] p1a: Venusaur
|faint|p1a: Venusaur
|
|-weather|SunnyDay|[upkeep]
|-damage|p1b: Grimmsnarl|30/100 brn|[from] brn
|upkeep
|
|t:|1784842617
|switch|p1a: Charizard|Charizard-Mega-Y, L50, M|42/100
|turn|12
|
|t:|1784842630
|move|p1a: Charizard|Solar Beam||[still]
|-prepare|p1a: Charizard|Solar Beam
|-anim|p1a: Charizard|Solar Beam|p2b: Ceruledge
|-resisted|p2b: Ceruledge|1
|-damage|p2b: Ceruledge|75/100
|move|p2b: Ceruledge|Bitter Blade|p1a: Charizard
|-resisted|p1a: Charizard|1
|-damage|p1a: Charizard|0 fnt
|-heal|p2b: Ceruledge|96/100|[from] drain|[of] p1a: Charizard
|faint|p1a: Charizard
|move|p1b: Grimmsnarl|Spirit Break|p2b: Ceruledge
|-resisted|p2b: Ceruledge|1
|-damage|p2b: Ceruledge|90/100
|-unboost|p2b: Ceruledge|spa|1
|
|-weather|SunnyDay|[upkeep]
|-damage|p1b: Grimmsnarl|24/100 brn|[from] brn
|upkeep
|turn|13
|c|☆Schmixed_007|gg
|c|☆dawnenen|damn, +1 bitter blade hits so hard
|c|☆dawnenen|gg
|-message|dawnenen forfeited.
|
|win|Schmixed_007
|raw|dawnenen's rating: 1135 → 1118(-17 for losing)
|raw|Schmixed_007's rating: 1248 → 1265(+17 for winning)
|c|☆Schmixed_007|its cause of flash fire
|c|☆Schmixed_007|doing 50% more
|c|☆dawnenen|I seeI see
|c|☆dawnenen|good games
|c|☆Schmixed_007|good games
|l|☆Schmixed_007
|player|p2|
