|j|☆actuary97
|j|☆Quill86
|html|actuary97Quill86    
|uhtml|bestof|Game 1 of a best-of-3
|t:|1756180453
|gametype|doubles
|player|p1|actuary97|sabrina-frlg|1470
|player|p2|Quill86|lucas|1357
|gen|9
|tier|[Gen 9] VGC 2025 Reg H (Bo3)
|rated|
|rule|Species Clause: Limit one of each Pokémon
|rule|Item Clause: Limit 1 of each item
|clearpoke
|poke|p1|Whimsicott, L50, F|
|poke|p1|Gallade, L50, M|
|poke|p1|Archaludon, L50, F|
|poke|p1|Malamar, L50, F|
|poke|p1|Indeedee, L50, M|
|poke|p1|Drifblim, L50, M|
|poke|p2|Indeedee-F, L50, F|
|poke|p2|Gallade, L50, M|
|poke|p2|Torkoal, L50, M|
|poke|p2|Ursaluna, L50, M|
|poke|p2|Hatterene, L50, F|
|poke|p2|Smeargle, L50, M|
|teampreview|4
|showteam|p1|Whimsicott||FocusSash|Prankster|Moonblast,BeatUp,Encore,Tailwind|||F|||50|,,,,,Ghost]Gallade||ScopeLens|Sharpness|PsychoCut,SacredSword,LeafBlade,Protect|||M|||50|,,,,,Grass]Archaludon||AssaultVest|Stamina|ElectroShot,FlashCannon,Snarl,BodyPress|||F|||50|,,,,,Grass]Malamar||SitrusBerry|Contrary|Superpower,KnockOff,TrickRoom,TopsyTurvy|||F|||50|,,,,,Fire]Indeedee||ChoiceSpecs|PsychicSurge|ExpandingForce,DazzlingGleam,TeraBlast,Trick|||M|||50|,,,,,Fire]Drifblim||PsychicSeed|Unburden|AirSlash,IcyWind,StrengthSap,WillOWisp|||M|||50|,,,,,Flying
|showteam|p2|Indeedee-F||PsychicSeed|PsychicSurge|FollowMe,TrickRoom,HelpingHand,DazzlingGleam|||F|||50|,,,,,Fairy]Gallade||ClearAmulet|Sharpness|SacredSword,PsychoCut,WideGuard,TrickRoom|||M|||50|,,,,,Grass]Torkoal||ChoiceSpecs|Drought|Eruption,WeatherBall,EarthPower,HeatWave|||M|||50|,,,,,Fire]Ursaluna||FlameOrb|Guts|Protect,HeadlongRush,Facade,Earthquake|||M|||50|,,,,,Ghost]Hatterene||LifeOrb|MagicBounce|DazzlingGleam,ExpandingForce,MysticalFire,TrickRoom|||F|||50|,,,,,Fire]Smeargle||FocusSash|Moody|FakeOut,Spore,Decorate,FollowMe|||M|||50|,,,,,Ghost
|inactive|Battle timer is ON: inactive players will automatically lose when time's up. (requested by actuary97)
|inactive|actuary97 has 60 seconds left.
|inactive|Quill86 has 60 seconds left.
|
|t:|1756180494
|teamsize|p1|4
|teamsize|p2|4
|start
|switch|p1a: Bridget|Archaludon, L50, F, shiny|100/100
|switch|p1b: Malamother|Malamar, L50, F, shiny|100/100
|switch|p2a: Indeedee|Indeedee-F, L50, F|100/100
|switch|p2b: Gallade|Gallade, L50, M|100/100
|-fieldstart|move: Psychic Terrain|[from] ability: Psychic Surge|[of] p2a: Indeedee
|-enditem|p2a: Indeedee|Psychic Seed
|-boost|p2a: Indeedee|spd|1|[from] item: Psychic Seed
|turn|1
|inactive|actuary97 has 30 seconds left.
|
|t:|1756180525
|switch|p1a: Gallade|Gallade, L50, M, shiny|100/100
|move|p1b: Malamother|Superpower|p2a: Indeedee
|-damage|p2a: Indeedee|75/100
|-boost|p1b: Malamother|atk|1
|-boost|p1b: Malamother|def|1
|move|p2b: Gallade|Sacred Sword|p1a: Gallade
|-resisted|p1a: Gallade
|-damage|p1a: Gallade|43/100
|move|p2a: Indeedee|Trick Room|p2a: Indeedee
|-fieldstart|move: Trick Room|[of] p2a: Indeedee
|
|upkeep
|turn|2
|inactive|actuary97 has 30 seconds left.
|
|t:|1756180551
|switch|p1a: Bridget|Archaludon, L50, F, shiny|100/100
|move|p2a: Indeedee|Follow Me|p2a: Indeedee
|-singleturn|p2a: Indeedee|move: Follow Me
|move|p2b: Gallade|Sacred Sword|p1b: Malamother
|-damage|p1b: Malamother|36/100
|-enditem|p1b: Malamother|Sitrus Berry|[eat]
|-heal|p1b: Malamother|61/100|[from] item: Sitrus Berry
|move|p1b: Malamother|Trick Room|p1b: Malamother
|-fieldend|move: Trick Room
|
|upkeep
|turn|3
|
|t:|1756180574
|-terastallize|p1a: Bridget|Grass
|move|p2a: Indeedee|Follow Me|p2a: Indeedee
|-singleturn|p2a: Indeedee|move: Follow Me
|move|p1a: Bridget|Flash Cannon|p2a: Indeedee
|-damage|p2a: Indeedee|52/100
|move|p1b: Malamother|Superpower|p2a: Indeedee
|-damage|p2a: Indeedee|12/100
|-boost|p1b: Malamother|atk|1
|-boost|p1b: Malamother|def|1
|move|p2b: Gallade|Trick Room|p2b: Gallade
|-fieldstart|move: Trick Room|[of] p2b: Gallade
|
|upkeep
|turn|4
|
|t:|1756180596
|move|p2a: Indeedee|Helping Hand|p2b: Gallade
|-singleturn|p2b: Gallade|Helping Hand|[of] p2a: Indeedee
|move|p2b: Gallade|Sacred Sword|p1b: Malamother
|-crit|p1b: Malamother
|-damage|p1b: Malamother|0 fnt
|faint|p1b: Malamother
|move|p1a: Bridget|Flash Cannon|p2a: Indeedee
|-damage|p2a: Indeedee|0 fnt
|faint|p2a: Indeedee
|
|upkeep
|
|t:|1756180605
|switch|p1b: Indeedee|Indeedee, L50, M, shiny|100/100
|switch|p2a: Torkoal|Torkoal, L50, M|100/100
|-weather|SunnyDay|[from] ability: Drought|[of] p2a: Torkoal
|turn|5
|
|t:|1756180615
|-terastallize|p2a: Torkoal|Fire
|move|p2a: Torkoal|Eruption|p1a: Bridget|[spread] p1a,p1b
|-supereffective|p1a: Bridget
|-damage|p1a: Bridget|0 fnt
|-damage|p1b: Indeedee|0 fnt
|faint|p1a: Bridget
|faint|p1b: Indeedee
|move|p2b: Gallade|Sacred Sword|p1: Bridget|[notarget]
|-fail|p2b: Gallade
|
|-weather|SunnyDay|[upkeep]
|-fieldend|move: Psychic Terrain
|upkeep
|
|t:|1756180620
|switch|p1b: Gallade|Gallade, L50, M, shiny|43/100
|turn|6
|
|t:|1756180624
|move|p2a: Torkoal|Eruption|p1b: Gallade
|-damage|p1b: Gallade|0 fnt
|faint|p1b: Gallade
|
|win|Quill86
||Quill86 is ready for game 2.
||actuary97 is ready for game 2.
|uhtml|next|Next: Game 2 of 3
|l|☆actuary97
|player|p1|
