|j|☆krispycloud
|j|☆spongebob601
|html|krispycloudspongebob601    
|uhtml|bestof|Game 2 of a best-of-3
|t:|1756700658
|gametype|doubles
|player|p1|krispycloud|flint|1128
|player|p2|spongebob601|169|1120
|gen|9
|tier|[Gen 9] VGC 2025 Reg H (Bo3)
|rated|
|rule|Species Clause: Limit one of each Pokémon
|rule|Item Clause: Limit 1 of each item
|clearpoke
|poke|p1|Amoonguss, L50, M|
|poke|p1|Sneasler, L50, F|
|poke|p1|Gholdengo, L50|
|poke|p1|Incineroar, L50, M|
|poke|p1|Ursaluna-Bloodmoon, L50, M|
|poke|p1|Dragonite, L50, M|
|poke|p2|Sneasler, L50, M|
|poke|p2|Ursaluna, L50, M|
|poke|p2|Porygon2, L50|
|poke|p2|Amoonguss, L50, M|
|poke|p2|Sylveon, L50, F|
|poke|p2|Grimmsnarl, L50, M|
|teampreview|4
|showteam|p1|Amoonguss||SitrusBerry|Regenerator|RagePowder,Spore,PollenPuff,Protect|||M|||50|,,,,,Psychic]Sneasler||FocusSash|Unburden|Protect,DireClaw,CloseCombat,ThroatChop|||F|||50|,,,,,Stellar]Gholdengo||LifeOrb|GoodasGold|Protect,MakeItRain,ShadowBall,NastyPlot||||||50|,,,,,Water]Incineroar||SafetyGoggles|Intimidate|KnockOff,PartingShot,FlareBlitz,FakeOut|||M|||50|,,,,,Ghost]Ursaluna-Bloodmoon||AssaultVest|MindsEye|BloodMoon,EarthPower,VacuumWave,HyperVoice|||M|||50|,,,,,Water]Dragonite||LoadedDice|Multiscale|ScaleShot,Tailwind,Haze,Protect|||M|||50|,,,,,Fairy
|showteam|p2|Sneasler||FocusSash|PoisonTouch|FakeOut,ThroatChop,CloseCombat,DireClaw|||M|||50|,,,,,Stellar]Ursaluna||FlameOrb|Guts|Protect,HeadlongRush,Earthquake,Facade|||M|||50|,,,,,Ghost]Porygon2||Eviolite|Download|TeraBlast,TrickRoom,Recover,IceBeam||||||50|,,,,,Flying]Amoonguss||SitrusBerry|Regenerator|PollenPuff,Spore,Protect,RagePowder|||M|||50|,,,,,Water]Sylveon||Leftovers|Pixilate|HyperVoice,Protect,DrainingKiss,CalmMind|||F|||50|,,,,,Steel]Grimmsnarl||LightClay|Prankster|SpiritBreak,Reflect,LightScreen,ThunderWave|||M|||50|,,,,,Ghost
|inactive|Battle timer is ON: inactive players will automatically lose when time's up. (requested by krispycloud)
|inactive|spongebob601 has 60 seconds left.
|
|t:|1756700694
|teamsize|p1|4
|teamsize|p2|4
|start
|switch|p1a: Gholdengo|Gholdengo, L50|100/100
|switch|p1b: Amoonguss|Amoonguss, L50, M|100/100
|switch|p2a: Sneasler|Sneasler, L50, M|100/100
|switch|p2b: Sylveon|Sylveon, L50, F|100/100
|turn|1
|inactive|spongebob601 has 30 seconds left.
|
|t:|1756700722
|-terastallize|p2b: Sylveon|Steel
|move|p2a: Sneasler|Fake Out|p1b: Amoonguss
|-damage|p1b: Amoonguss|90/100
|cant|p1b: Amoonguss|flinch
|move|p1a: Gholdengo|Nasty Plot|p1a: Gholdengo
|-boost|p1a: Gholdengo|spa|2
|move|p2b: Sylveon|Calm Mind|p2b: Sylveon
|-boost|p2b: Sylveon|spa|1
|-boost|p2b: Sylveon|spd|1
|
|upkeep
|turn|2
|inactive|krispycloud has 30 seconds left.
|
|t:|1756700754
|move|p1b: Amoonguss|Rage Powder|p1b: Amoonguss
|-singleturn|p1b: Amoonguss|move: Rage Powder
|move|p2a: Sneasler|Dire Claw|p1b: Amoonguss
|-damage|p1b: Amoonguss|57/100
|-status|p1b: Amoonguss|par
|move|p1a: Gholdengo|Make It Rain|p2a: Sneasler|[spread] p2a,p2b
|-resisted|p2b: Sylveon
|-enditem|p2a: Sneasler|Focus Sash
|-damage|p2a: Sneasler|1/100
|-damage|p2b: Sylveon|72/100
|-unboost|p1a: Gholdengo|spa|1
|-damage|p1a: Gholdengo|91/100|[from] item: Life Orb
|move|p2b: Sylveon|Calm Mind|p2b: Sylveon
|-boost|p2b: Sylveon|spa|1
|-boost|p2b: Sylveon|spd|1
|
|-heal|p2b: Sylveon|78/100|[from] item: Leftovers
|upkeep
|turn|3
|inactive|krispycloud has 30 seconds left.
|inactive|spongebob601 has 30 seconds left.
|inactive|spongebob601 has 20 seconds left.
|
|t:|1756700792
|move|p2a: Sneasler|Throat Chop|p1a: Gholdengo
|-supereffective|p1a: Gholdengo
|-damage|p1a: Gholdengo|30/100
|-start|p1a: Gholdengo|Throat Chop|[silent]
|move|p1a: Gholdengo|Make It Rain|p2b: Sylveon|[spread] p2a,p2b
|-resisted|p2b: Sylveon
|-damage|p2a: Sneasler|0 fnt
|-damage|p2b: Sylveon|63/100
|-unboost|p1a: Gholdengo|spa|1
|faint|p2a: Sneasler
|-damage|p1a: Gholdengo|20/100|[from] item: Life Orb
|move|p2b: Sylveon|Calm Mind|p2b: Sylveon
|-boost|p2b: Sylveon|spa|1
|-boost|p2b: Sylveon|spd|1
|move|p1b: Amoonguss|Spore|p2b: Sylveon
|-status|p2b: Sylveon|slp|[from] move: Spore
|
|-heal|p2b: Sylveon|69/100 slp|[from] item: Leftovers
|upkeep
|inactive|spongebob601 has 30 seconds left.
|
|t:|1756700817
|switch|p2a: Porygon2|Porygon2, L50|100/100
|-ability|p2a: Porygon2|Download|boost
|-boost|p2a: Porygon2|spa|1
|turn|4
|inactive|krispycloud has 30 seconds left.
|inactive|spongebob601 has 30 seconds left.
|
|t:|1756700847
|switch|p1a: Incineroar|Incineroar, L50, M|100/100
|-ability|p1a: Incineroar|Intimidate|boost
|-unboost|p2a: Porygon2|atk|1
|-unboost|p2b: Sylveon|atk|1
|move|p2a: Porygon2|Ice Beam|p1b: Amoonguss
|-supereffective|p1b: Amoonguss
|-damage|p1b: Amoonguss|0 fnt
|faint|p1b: Amoonguss
|cant|p2b: Sylveon|slp
|
|-heal|p2b: Sylveon|75/100 slp|[from] item: Leftovers
|upkeep
|inactive|krispycloud has 30 seconds left.
|inactive|krispycloud has 20 seconds left.
|inactive|krispycloud has 15 seconds left.
|inactive|krispycloud has 10 seconds left.
|inactive|krispycloud has 5 seconds left.
|
|t:|1756700900
|switch|p1b: Ursaluna|Ursaluna-Bloodmoon, L50, M|100/100
|turn|5
|
|t:|1756700926
|move|p1a: Incineroar|Fake Out|p2a: Porygon2
|-damage|p2a: Porygon2|94/100
|move|p1b: Ursaluna|Blood Moon|p2a: Porygon2
|-damage|p2a: Porygon2|52/100
|cant|p2a: Porygon2|flinch
|-curestatus|p2b: Sylveon|slp|[msg]
|move|p2b: Sylveon|Hyper Voice|p1a: Incineroar|[spread] p1a,p1b
|-damage|p1a: Incineroar|33/100
|-damage|p1b: Ursaluna|50/100
|
|-heal|p2b: Sylveon|81/100|[from] item: Leftovers
|upkeep
|turn|6
|inactive|krispycloud has 30 seconds left.
|inactive|spongebob601 has 30 seconds left.
|inactive|krispycloud has 20 seconds left.
|inactive|krispycloud has 15 seconds left.
|
|t:|1756700967
|move|p2b: Sylveon|Protect|p2b: Sylveon
|-singleturn|p2b: Sylveon|Protect
|move|p1a: Incineroar|Knock Off|p2a: Porygon2
|-damage|p2a: Porygon2|31/100
|-enditem|p2a: Porygon2|Eviolite|[from] move: Knock Off|[of] p1a: Incineroar
|move|p1b: Ursaluna|Hyper Voice|p2a: Porygon2|[spread] p2a
|-activate|p2b: Sylveon|move: Protect
|-damage|p2a: Porygon2|0 fnt
|faint|p2a: Porygon2
|
|-heal|p2b: Sylveon|87/100|[from] item: Leftovers
|upkeep
|
|t:|1756700984
|switch|p2a: Ursaluna|Ursaluna, L50, M|100/100
|turn|7
|inactive|spongebob601 has 30 seconds left.
|inactive|krispycloud has 30 seconds left.
|
|t:|1756701020
|move|p1a: Incineroar|Flare Blitz|p2b: Sylveon
|-supereffective|p2b: Sylveon
|-damage|p2b: Sylveon|1/100
|-damage|p1a: Incineroar|5/100|[from] Recoil
|move|p1b: Ursaluna|Hyper Voice|p2b: Sylveon|[spread] p2a,p2b
|-resisted|p2b: Sylveon
|-damage|p2a: Ursaluna|70/100
|-damage|p2b: Sylveon|0 fnt
|faint|p2b: Sylveon
|move|p2a: Ursaluna|Earthquake|p1b: Ursaluna|[spread] p1a,p1b
|-supereffective|p1a: Incineroar
|-damage|p1a: Incineroar|0 fnt
|-damage|p1b: Ursaluna|19/100
|faint|p1a: Incineroar
|
|-status|p2a: Ursaluna|brn|[from] item: Flame Orb
|upkeep
|
|t:|1756701030
|switch|p1a: Gholdengo|Gholdengo, L50|20/100
|turn|8
|
|t:|1756701046
|move|p1a: Gholdengo|Protect|p1a: Gholdengo
|-singleturn|p1a: Gholdengo|Protect
|move|p1b: Ursaluna|Blood Moon|p2a: Ursaluna
|-damage|p2a: Ursaluna|7/100 brn
|move|p2a: Ursaluna|Earthquake|p1b: Ursaluna|[spread] p1b
|-activate|p1a: Gholdengo|move: Protect
|-damage|p1b: Ursaluna|0 fnt
|faint|p1b: Ursaluna
|
|-damage|p2a: Ursaluna|1/100 brn|[from] brn
|upkeep
|turn|9
|inactive|spongebob601 has 30 seconds left.
|
|t:|1756701080
|move|p1a: Gholdengo|Make It Rain|p2a: Ursaluna
|-damage|p2a: Ursaluna|0 fnt
|-unboost|p1a: Gholdengo|spa|1
|faint|p2a: Ursaluna
|-damage|p1a: Gholdengo|11/100|[from] item: Life Orb
|
|win|krispycloud
|raw|krispycloud's rating: 1128 → 1152(+24 for winning)
|raw|spongebob601's rating: 1120 → 1096(-24 for losing)
|l|☆spongebob601
|player|p2|
