|j|☆daemian_x
|j|☆glofer
|html|daemian_xglofer    
|uhtml|bestof|Game 1 of a best-of-3
|t:|1785275908
|gametype|doubles
|player|p1|daemian_x|blue|1169
|player|p2|glofer|blackbelt|1068
|gen|9
|tier|[Gen 9 Champions] VGC 2026 Reg M-B (Bo3)
|rated|
|rule|Species Clause: Limit one of each Pokémon
|rule|Item Clause: Limit 1 of each item
|clearpoke
|poke|p1|Tyranitar, L50, M|
|poke|p1|Excadrill, L50, M|
|poke|p1|Gholdengo, L50|
|poke|p1|Milotic, L50, F|
|poke|p1|Sinistcha, L50|
|poke|p1|Staraptor, L50, F|
|poke|p2|Bellibolt, L50, M|
|poke|p2|Heliolisk, L50, M|
|poke|p2|Emolga, L50, F|
|poke|p2|Raichu, L50, M|
|poke|p2|Manectric, L50, M|
|poke|p2|Eelektross, L50, F|
|teampreview|4
|showteam|p1|Tyranitar||Tyranitarite|SandStream|RockSlide,KnockOff,LowKick,Protect|Adamant||M|||50|]Excadrill||FocusSash|SandRush|RockSlide,HighHorsepower,IronHead,Protect|Adamant||M|||50|]Gholdengo||LifeOrb|GoodasGold|MakeItRain,ShadowBall,NastyPlot,Protect|Modest|||||50|]Milotic||SitrusBerry|Competitive|Scald,IceBeam,Recover,Protect|Modest||F|||50|]Sinistcha||ColburBerry|Hospitality|MatchaGotcha,RagePowder,StrengthSap,Protect|Bold|||||50|]Staraptor||Staraptite|Intimidate|CloseCombat,BraveBird,Tailwind,Protect|Jolly||F|||50|
|showteam|p2|Bellibolt||Leftovers|Electromorphosis|ParabolicCharge,AcidSpray,Soak,Protect|Quiet||M|||50|]Heliolisk||ChoiceScarf|DrySkin|Discharge,HyperVoice,DragonPulse,DarkPulse|Timid||M|||50|]Emolga||FocusSash|MotorDrive|Electroweb,AirSlash,Encore,Protect|Timid||F|||50|]Raichu||RaichuniteY|LightningRod|ZapCannon,FocusBlast,FakeOut,Protect|Timid||M|||50|]Manectric||Manectite|LightningRod|Thunderbolt,Flamethrower,Snarl,Protect|Timid||M|||50|]Eelektross||LifeOrb|Levitate|SupercellSlam,DrainPunch,Bulldoze,Coil|Adamant||F|||50|
|inactive|Battle timer is ON: inactive players will automatically lose when time's up. (requested by glofer)
|
|t:|1785275942
|teamsize|p1|4
|teamsize|p2|4
|start
|switch|p1a: Tyranitar|Tyranitar, L50, M|100/100
|switch|p1b: Sinistcha|Sinistcha, L50|100/100
|switch|p2a: Raichu|Raichu, L50, M|100/100
|switch|p2b: Eelektross|Eelektross, L50, F|100/100
|-weather|Sandstorm|[from] ability: Sand Stream|[of] p1a: Tyranitar
|turn|1
|
|t:|1785275959
|detailschange|p2a: Raichu|Raichu-Mega-Y, L50, M
|-mega|p2a: Raichu|Raichu|Raichunite Y
|move|p1a: Tyranitar|Protect|p1a: Tyranitar
|-singleturn|p1a: Tyranitar|Protect
|move|p2a: Raichu|Zap Cannon|p1b: Sinistcha
|-resisted|p1b: Sinistcha|1
|-damage|p1b: Sinistcha|66/100
|-status|p1b: Sinistcha|par
|move|p2b: Eelektross|Drain Punch|p1a: Tyranitar
|-activate|p1a: Tyranitar|move: Protect
|move|p1b: Sinistcha|Matcha Gotcha|p2a: Raichu|[spread] p2a,p2b
|-damage|p2a: Raichu|63/100
|-heal|p1b: Sinistcha|80/100 par|[from] drain|[of] p2a: Raichu
|-damage|p2b: Eelektross|71/100
|-heal|p1b: Sinistcha|96/100 par|[from] drain|[of] p2b: Eelektross
|-status|p2b: Eelektross|brn
|
|-weather|Sandstorm|[upkeep]
|-damage|p2a: Raichu|57/100|[from] Sandstorm
|-damage|p2b: Eelektross|65/100 brn|[from] Sandstorm
|-damage|p1b: Sinistcha|90/100 par|[from] Sandstorm
|-damage|p2b: Eelektross|58/100 brn|[from] brn
|upkeep
|turn|2
|inactive|daemian_x has 30 seconds left.
|
|t:|1785275988
|switch|p1a: Gholdengo|Gholdengo, L50|100/100
|move|p2a: Raichu|Zap Cannon|p1b: Sinistcha
|-resisted|p1b: Sinistcha|1
|-damage|p1b: Sinistcha|54/100 par
|move|p2b: Eelektross|Coil|p2b: Eelektross
|-boost|p2b: Eelektross|atk|1
|-boost|p2b: Eelektross|def|1
|-boost|p2b: Eelektross|accuracy|1
|move|p1b: Sinistcha|Matcha Gotcha|p2a: Raichu|[spread] p2a
|-miss|p1b: Sinistcha|p2b: Eelektross
|-damage|p2a: Raichu|17/100
|-heal|p1b: Sinistcha|70/100 par|[from] drain|[of] p2a: Raichu
|-status|p2a: Raichu|brn
|
|-weather|Sandstorm|[upkeep]
|-damage|p2a: Raichu|11/100 brn|[from] Sandstorm
|-damage|p2b: Eelektross|52/100 brn|[from] Sandstorm
|-damage|p1b: Sinistcha|64/100 par|[from] Sandstorm
|-damage|p2a: Raichu|5/100 brn|[from] brn
|-damage|p2b: Eelektross|46/100 brn|[from] brn
|upkeep
|turn|3
|inactive|daemian_x has 30 seconds left.
|
|t:|1785276015
|move|p1b: Sinistcha|Rage Powder|p1b: Sinistcha
|-singleturn|p1b: Sinistcha|move: Rage Powder
|move|p2a: Raichu|Zap Cannon|p1b: Sinistcha
|-resisted|p1b: Sinistcha|1
|-damage|p1b: Sinistcha|28/100 par
|move|p1a: Gholdengo|Shadow Ball|p2b: Eelektross
|-crit|p2b: Eelektross
|-damage|p2b: Eelektross|0 fnt
|faint|p2b: Eelektross
|-damage|p1a: Gholdengo|90/100|[from] item: Life Orb
|
|-weather|Sandstorm|[upkeep]
|-damage|p2a: Raichu|0 fnt|[from] Sandstorm
|-damage|p1b: Sinistcha|22/100 par|[from] Sandstorm
|faint|p2a: Raichu
|upkeep
|
|t:|1785276034
|switch|p2a: Bellibolt|Bellibolt, L50, M|100/100
|switch|p2b: Heliolisk|Heliolisk, L50, M|100/100
|turn|4
|
|t:|1785276058
|switch|p1b: Excadrill|Excadrill, L50, M|100/100
|move|p2b: Heliolisk|Dark Pulse|p1a: Gholdengo
|-supereffective|p1a: Gholdengo|1
|-damage|p1a: Gholdengo|33/100
|move|p1a: Gholdengo|Nasty Plot|p1a: Gholdengo
|-boost|p1a: Gholdengo|spa|2
|move|p2a: Bellibolt|Acid Spray|p1b: Excadrill
|-immune|p1b: Excadrill
|
|-weather|Sandstorm|[upkeep]
|-damage|p2b: Heliolisk|94/100|[from] Sandstorm
|-damage|p2a: Bellibolt|93/100|[from] Sandstorm
|-heal|p2a: Bellibolt|100/100|[from] item: Leftovers
|upkeep
|turn|5
|
|t:|1785276079
|move|p1a: Gholdengo|Protect|p1a: Gholdengo
|-singleturn|p1a: Gholdengo|Protect
|move|p1b: Excadrill|High Horsepower|p2b: Heliolisk
|-supereffective|p2b: Heliolisk|1
|-crit|p2b: Heliolisk
|-damage|p2b: Heliolisk|0 fnt
|faint|p2b: Heliolisk
|move|p2a: Bellibolt|Soak|p1b: Excadrill
|-start|p1b: Excadrill|typechange|Water
|
|-weather|none
|upkeep
|turn|6
|
|t:|1785276094
|move|p1b: Excadrill|High Horsepower|p2a: Bellibolt
|-supereffective|p2a: Bellibolt|1
|-damage|p2a: Bellibolt|49/100
|-start|p2a: Bellibolt|Charge|High Horsepower|[from] ability: Electromorphosis
|move|p1a: Gholdengo|Shadow Ball|p2a: Bellibolt
|-damage|p2a: Bellibolt|0 fnt
|faint|p2a: Bellibolt
|-damage|p1a: Gholdengo|24/100|[from] item: Life Orb
|
|win|daemian_x
|l|☆glofer
|player|p2|
||glofer is ready for game 2.
|inactive|daemian_x has 30 seconds to confirm battle start!
||daemian_x is ready for game 2.
|uhtml|next|Next: Game 2 of 3
