|j|☆noelle holiday vgc
|j|☆panqueca25
|html|noelle holiday vgcpanqueca25    
|uhtml|bestof|Game 1 of a best-of-3
|t:|1757703336
|gametype|doubles
|player|p1|noelle holiday vgc|winona|1266
|player|p2|panqueca25|102|1296
|gen|9
|tier|[Gen 9] VGC 2025 Reg H (Bo3)
|rated|
|rule|Species Clause: Limit one of each Pokémon
|rule|Item Clause: Limit 1 of each item
|clearpoke
|poke|p1|Dragonite, L50, F|
|poke|p1|Gholdengo, L50|
|poke|p1|Archaludon, L50, F|
|poke|p1|Ribombee, L50, M|
|poke|p1|Ursaluna-Bloodmoon, L50, M|
|poke|p1|Sneasler, L50, M|
|poke|p2|Murkrow, L50, F|
|poke|p2|Gholdengo, L50|
|poke|p2|Dondozo, L50, F|
|poke|p2|Tatsugiri, L50, M|
|poke|p2|Clefable, L50, F|
|poke|p2|Annihilape, L50, F|
|teampreview|4
|showteam|p1|Dragonite||LoadedDice|Multiscale|ScaleShot,IceSpinner,Haze,Protect|||F|||50|,,,,,Steel]Gholdengo||ChoiceSpecs|GoodasGold|MakeItRain,ShadowBall,Thunderbolt,PowerGem||||||50|,,,,,Steel]Archaludon||PowerHerb|Sturdy|ElectroShot,Thunderbolt,DracoMeteor,Protect|||F|||50|,,,,,Electric]Ribombee||FocusSash|ShieldDust|Moonblast,Tailwind,FakeTears,Protect|||M|||50|,,,,,Dark]Ursaluna-Bloodmoon||AssaultVest|MindsEye|EarthPower,BloodMoon,HyperVoice,VacuumWave|||M|||50|,,,,,Water]Sneasler||WhiteHerb|Unburden|CloseCombat,DireClaw,FakeOut,Protect|||M|||50|,,,,,Ghost
|showteam|p2|Murkrow||Eviolite|Prankster|Tailwind,FoulPlay,RainDance,Haze|||F|||50|,,,,,Ghost]Gholdengo||ChoiceSpecs|GoodasGold|MakeItRain,PowerGem,ShadowBall,Thunderbolt||||||50|,,,,,Steel]Dondozo||Leftovers|Unaware|WaveCrash,Earthquake,OrderUp,Protect|||F|||50|,,,,,Grass]Tatsugiri||FocusSash|Commander|DracoMeteor,IcyWind,MuddyWater,Protect|||M|||50|,,,,,Stellar]Clefable||RockyHelmet|Unaware|Moonblast,FollowMe,Encore,Protect|||F|||50|,,,,,Ghost]Annihilape||ChoiceScarf|Defiant|CloseCombat,ShadowClaw,Uturn,FinalGambit|||F|||50|,,,,,Fire
|inactive|Battle timer is ON: inactive players will automatically lose when time's up. (requested by panqueca25)
|inactive|noelle holiday vgc also wants the timer to be on.
|inactive|noelle holiday vgc has 60 seconds left.
|
|t:|1757703387
|teamsize|p1|4
|teamsize|p2|4
|start
|switch|p1a: Ribombee|Ribombee, L50, M|100/100
|switch|p1b: Archaludon|Archaludon, L50, F|100/100
|switch|p2a: Murkrow|Murkrow, L50, F|100/100
|switch|p2b: Gholdengo|Gholdengo, L50|100/100
|turn|1
|
|t:|1757703396
|move|p2a: Murkrow|Tailwind|p2a: Murkrow
|-sidestart|p2: panqueca25|move: Tailwind
|move|p2b: Gholdengo|Make It Rain|p1a: Ribombee|[spread] p1a,p1b
|-supereffective|p1a: Ribombee
|-resisted|p1b: Archaludon
|-enditem|p1a: Ribombee|Focus Sash
|-damage|p1a: Ribombee|1/100
|-damage|p1b: Archaludon|39/100
|-unboost|p2b: Gholdengo|spa|1
|move|p1a: Ribombee|Tailwind|p1a: Ribombee
|-sidestart|p1: noelle holiday vgc|move: Tailwind
|move|p1b: Archaludon|Electro Shot||[still]
|-prepare|p1b: Archaludon|Electro Shot
|-boost|p1b: Archaludon|spa|1
|-enditem|p1b: Archaludon|Power Herb
|-anim|p1b: Archaludon|Electro Shot|p2b: Gholdengo
|-damage|p2b: Gholdengo|27/100
|
|upkeep
|turn|2
|
|t:|1757703410
|move|p2a: Murkrow|Haze|p2a: Murkrow
|-clearallboost
|move|p1a: Ribombee|Moonblast|p2a: Murkrow
|-supereffective|p2a: Murkrow
|-crit|p2a: Murkrow
|-damage|p2a: Murkrow|0 fnt
|faint|p2a: Murkrow
|move|p1b: Archaludon|Thunderbolt|p2b: Gholdengo
|-damage|p2b: Gholdengo|0 fnt
|faint|p2b: Gholdengo
|
|upkeep
|
|t:|1757703417
|switch|p2b: Clefable|Clefable, L50, F|100/100
|switch|p2a: Annihilape|Annihilape, L50, F|100/100
|turn|3
|
|t:|1757703434
|move|p2b: Clefable|Follow Me|p2b: Clefable
|-singleturn|p2b: Clefable|move: Follow Me
|move|p2a: Annihilape|Shadow Claw|p1a: Ribombee
|-damage|p1a: Ribombee|0 fnt
|faint|p1a: Ribombee
|move|p1b: Archaludon|Thunderbolt|p2b: Clefable
|-damage|p2b: Clefable|76/100
|
|upkeep
|
|t:|1757703445
|switch|p1a: Ursaluna|Ursaluna-Bloodmoon, L50, M|100/100
|turn|4
|inactive|panqueca25 has 30 seconds left.
|
|t:|1757703476
|move|p2a: Annihilape|Shadow Claw|p1b: Archaludon
|-damage|p1b: Archaludon|15/100
|move|p1b: Archaludon|Thunderbolt|p2b: Clefable
|-damage|p2b: Clefable|52/100
|move|p1a: Ursaluna|Earth Power|p2b: Clefable
|-damage|p2b: Clefable|9/100
|move|p2b: Clefable|Moonblast|p1b: Archaludon
|-damage|p1b: Archaludon|0 fnt
|faint|p1b: Archaludon
|
|-sideend|p2: panqueca25|move: Tailwind
|-sideend|p1: noelle holiday vgc|move: Tailwind
|upkeep
|
|t:|1757703484
|switch|p1b: Dragonite|Dragonite, L50, F|100/100
|turn|5
|
|t:|1757703492
|move|p2a: Annihilape|Shadow Claw|p1b: Dragonite
|-damage|p1b: Dragonite|86/100
|move|p1b: Dragonite|Scale Shot|p2a: Annihilape
|-damage|p2a: Annihilape|85/100
|-damage|p2a: Annihilape|71/100
|-damage|p2a: Annihilape|58/100
|-damage|p2a: Annihilape|43/100
|-damage|p2a: Annihilape|29/100
|-hitcount|p2a: Annihilape|5
|-unboost|p1b: Dragonite|def|1
|-boost|p1b: Dragonite|spe|1
|move|p1a: Ursaluna|Hyper Voice|p2a: Annihilape|[spread] p2a,p2b
|-damage|p2a: Annihilape|0 fnt
|-damage|p2b: Clefable|0 fnt
|faint|p2a: Annihilape
|faint|p2b: Clefable
|
|win|noelle holiday vgc
||noelle holiday vgc is ready for game 2.
|inactive|panqueca25 has 30 seconds to confirm battle start!
||panqueca25 is ready for game 2.
|uhtml|next|Next: Game 2 of 3
|l|☆panqueca25
|player|p2|
