|j|☆akucintaindonesia
|j|☆ovalboi
|html|akucintaindonesiaovalboi    
|uhtml|bestof|Game 2 of a best-of-3
|t:|1782711431
|gametype|doubles
|player|p1|akucintaindonesia|169|1024
|player|p2|ovalboi|acetrainer-gen4dp|1178
|gen|9
|tier|[Gen 9 Champions] VGC 2026 Reg M-B (Bo3)
|rated|
|rule|Species Clause: Limit one of each Pokémon
|rule|Item Clause: Limit 1 of each item
|clearpoke
|poke|p1|Scrafty, L50, M|
|poke|p1|Farigiraf, L50, M|
|poke|p1|Archaludon, L50, F|
|poke|p1|Annihilape, L50, M|
|poke|p1|Zoroark-Hisui, L50, F|
|poke|p1|Scolipede, L50, F|
|poke|p2|Dragonite, L50, M|
|poke|p2|Incineroar, L50, M|
|poke|p2|Toxapex, L50, M|
|poke|p2|Sinistcha, L50|
|poke|p2|Floette-Eternal, L50, F|
|poke|p2|Sneasler, L50, M|
|teampreview|4
|showteam|p1|Scrafty||Scraftinite|Intimidate|FakeOut,Protect,HighJumpKick,KnockOff|Careful||M|||50|]Farigiraf||SitrusBerry|ArmorTail|HelpingHand,Protect,Psychic,DazzlingGleam|Bold||M|||50|]Archaludon||DragonFang|Stamina|DracoMeteor,DragonPulse,FlashCannon,Protect|Calm||F|||50|]Annihilape||ChoiceScarf|Defiant|RageFist,DrainPunch,CloseCombat,GunkShot|Jolly||M|||50|]Zoroark-Hisui||FocusSash|Illusion|IcyWind,BitterMalice,Snarl,Protect|Timid||F|||50|]Scolipede||Scolipite|SpeedBoost|RockSlide,GunkShot,Toxic,Protect|Adamant||F|||50|
|showteam|p2|Dragonite||Dragoninite|Multiscale|DragonPulse,Thunderbolt,HeatWave,Protect|Timid||M|||50|]Incineroar||SitrusBerry|Intimidate|FlareBlitz,ThroatChop,FakeOut,PartingShot|Jolly||M|||50|]Toxapex||Leftovers|Regenerator|Toxic,Infestation,Recover,BanefulBunker|Calm||M|||50|]Sinistcha||KasibBerry|Hospitality|MatchaGotcha,RagePowder,TrickRoom,Protect|Calm|||||50|]Floette-Eternal||Floettite|FlowerVeil|Moonblast,DrainingKiss,CalmMind,Protect|Timid||F|||50|]Sneasler||FocusSash|PoisonTouch|CloseCombat,PoisonJab,FakeOut,ThroatChop|Jolly||M|||50|
|
|t:|1782711473
|teamsize|p1|4
|teamsize|p2|4
|start
|switch|p1a: Archaludon|Archaludon, L50, F|100/100
|switch|p1b: Annihilape|Annihilape, L50, M|100/100
|switch|p2a: Toxapex|Toxapex, L50, M|100/100
|switch|p2b: Dragonite|Dragonite, L50, M|100/100
|turn|1
|
|t:|1782711498
|move|p2b: Dragonite|Protect|p2b: Dragonite
|-singleturn|p2b: Dragonite|Protect
|move|p2a: Toxapex|Baneful Bunker|p2a: Toxapex
|-singleturn|p2a: Toxapex|move: Protect
|move|p1b: Annihilape|Rage Fist|p2b: Dragonite
|-activate|p2b: Dragonite|move: Protect
|move|p1a: Archaludon|Dragon Pulse|p2b: Dragonite
|-activate|p2b: Dragonite|move: Protect
|
|upkeep
|turn|2
|
|t:|1782711527
|detailschange|p2b: Dragonite|Dragonite-Mega, L50, M
|-mega|p2b: Dragonite|Dragonite|Dragoninite
|move|p1b: Annihilape|Rage Fist|p2b: Dragonite
|-damage|p2b: Dragonite|89/100
|move|p2b: Dragonite|Dragon Pulse|p1b: Annihilape
|-damage|p1b: Annihilape|55/100
|move|p1a: Archaludon|Dragon Pulse|p2b: Dragonite
|-supereffective|p2b: Dragonite|1
|-damage|p2b: Dragonite|5/100
|move|p2a: Toxapex|Infestation|p1a: Archaludon
|-resisted|p1a: Archaludon|1
|-damage|p1a: Archaludon|98/100
|-activate|p1a: Archaludon|move: Infestation|[of] p2a: Toxapex
|-ability|p1a: Archaludon|Stamina|boost
|-boost|p1a: Archaludon|def|1
|
|-damage|p1a: Archaludon|86/100|[from] move: Infestation|[partiallytrapped]
|upkeep
|turn|3
|
|t:|1782711576
|move|p2b: Dragonite|Protect|p2b: Dragonite
|-singleturn|p2b: Dragonite|Protect
|move|p1b: Annihilape|Rage Fist|p2b: Dragonite
|-activate|p2b: Dragonite|move: Protect
|move|p1a: Archaludon|Draco Meteor|p2a: Toxapex
|-damage|p2a: Toxapex|44/100
|-unboost|p1a: Archaludon|spa|2
|move|p2a: Toxapex|Toxic|p1b: Annihilape
|-status|p1b: Annihilape|tox
|
|-heal|p2a: Toxapex|50/100g|[from] item: Leftovers
|-damage|p1b: Annihilape|49/100 tox|[from] psn
|-damage|p1a: Archaludon|73/100|[from] move: Infestation|[partiallytrapped]
|upkeep
|turn|4
|
|t:|1782711636
|-heal|p2a: Toxapex|83/100|[from] ability: Regenerator|[silent]
|switch|p2a: Sinistcha|Sinistcha, L50|100/100
|-heal|p2b: Dragonite|30/100|[from] ability: Hospitality|[of] p2a: Sinistcha
|move|p2b: Dragonite|Protect||[still]
|-fail|p2b: Dragonite
|move|p1b: Annihilape|Rage Fist|p2b: Dragonite
|-damage|p2b: Dragonite|0 fnt
|faint|p2b: Dragonite
|move|p1a: Archaludon|Draco Meteor|p2a: Sinistcha
|-damage|p2a: Sinistcha|66/100
|-unboost|p1a: Archaludon|spa|2
|
|-damage|p1b: Annihilape|37/100 tox|[from] psn
|-end|p1a: Archaludon|Infestation|[partiallytrapped]|[silent]
|upkeep
|
|t:|1782711663
|switch|p2b: Toxapex|Toxapex, L50, M|83/100
|turn|5
|
|t:|1782711675
|switch|p1a: Scolipede|Scolipede, L50, F|100/100
|move|p2a: Sinistcha|Protect|p2a: Sinistcha
|-singleturn|p2a: Sinistcha|Protect
|move|p1b: Annihilape|Rage Fist|p2a: Sinistcha
|-activate|p2a: Sinistcha|move: Protect
|move|p2b: Toxapex|Infestation|p1a: Scolipede
|-resisted|p1a: Scolipede|1
|-damage|p1a: Scolipede|98/100
|-activate|p1a: Scolipede|move: Infestation|[of] p2b: Toxapex
|
|-heal|p2b: Toxapex|89/100|[from] item: Leftovers
|-damage|p1b: Annihilape|19/100 tox|[from] psn
|-damage|p1a: Scolipede|86/100|[from] move: Infestation|[partiallytrapped]
|upkeep
|turn|6
|
|t:|1782711714
|switch|p2a: Sneasler|Sneasler, L50, M|100/100
|move|p1b: Annihilape|Rage Fist|p2b: Toxapex
|-crit|p2b: Toxapex
|-damage|p2b: Toxapex|42/100
|move|p1a: Scolipede|Gunk Shot|p2a: Sneasler|[miss]
|-miss|p1a: Scolipede|p2a: Sneasler
|move|p2b: Toxapex|Infestation|p1b: Annihilape
|-resisted|p1b: Annihilape|2
|-damage|p1b: Annihilape|19/100 tox
|-activate|p1b: Annihilape|move: Infestation|[of] p2b: Toxapex
|
|-heal|p2b: Toxapex|48/100|[from] item: Leftovers
|-damage|p1b: Annihilape|0 fnt|[from] psn
|faint|p1b: Annihilape
|-damage|p1a: Scolipede|74/100|[from] move: Infestation|[partiallytrapped]
|-ability|p1a: Scolipede|Speed Boost|boost
|-boost|p1a: Scolipede|spe|1
|upkeep
|
|t:|1782711730
|switch|p1b: Archaludon|Archaludon, L50, F|100/100
|turn|7
|
|t:|1782711761
|move|p1a: Scolipede|Protect|p1a: Scolipede
|-singleturn|p1a: Scolipede|Protect
|move|p2b: Toxapex|Baneful Bunker|p2b: Toxapex
|-singleturn|p2b: Toxapex|move: Protect
|move|p2a: Sneasler|Poison Jab|p1a: Scolipede
|-activate|p1a: Scolipede|move: Protect
|move|p1b: Archaludon|Bitter Malice|p2a: Sneasler
|-damage|p2a: Sneasler|49/100
|-unboost|p2a: Sneasler|atk|1
|
|-heal|p2b: Toxapex|54/100|[from] item: Leftovers
|-damage|p1a: Scolipede|62/100|[from] move: Infestation|[partiallytrapped]
|-ability|p1a: Scolipede|Speed Boost|boost
|-boost|p1a: Scolipede|spe|1
|upkeep
|turn|8
|
|t:|1782711785
|move|p1a: Scolipede|Rock Slide|p2a: Sneasler|[spread] p2a,p2b
|-resisted|p2a: Sneasler|1
|-damage|p2a: Sneasler|38/100
|-damage|p2b: Toxapex|43/100
|move|p2a: Sneasler|Throat Chop|p1b: Archaludon
|-supereffective|p1b: Archaludon|1
|-damage|p1b: Archaludon|28/100
|-start|p1b: Archaludon|Throat Chop|[silent]
|replace|p1b: Zoroark|Zoroark-Hisui, L50, F
|-end|p1b: Zoroark|Illusion
|-status|p1b: Zoroark|psn|[from] ability: Poison Touch|[of] p2a: Sneasler
|move|p1b: Zoroark|Icy Wind|p2a: Sneasler|[spread] p2a,p2b
|-resisted|p2b: Toxapex|1
|-damage|p2a: Sneasler|20/100y
|-damage|p2b: Toxapex|38/100
|-unboost|p2a: Sneasler|spe|1
|-unboost|p2b: Toxapex|spe|1
|move|p2b: Toxapex|Infestation|p1b: Zoroark
|-resisted|p1b: Zoroark|1
|-damage|p1b: Zoroark|25/100 psn
|-activate|p1b: Zoroark|move: Infestation|[of] p2b: Toxapex
|
|-heal|p2b: Toxapex|43/100|[from] item: Leftovers
|-damage|p1b: Zoroark|12/100 psn|[from] psn
|-damage|p1a: Scolipede|50/100g|[from] move: Infestation|[partiallytrapped]
|-damage|p1b: Zoroark|1/100 psn|[from] move: Infestation|[partiallytrapped]
|-ability|p1a: Scolipede|Speed Boost|boost
|-boost|p1a: Scolipede|spe|1
|upkeep
|turn|9
|inactive|Battle timer is ON: inactive players will automatically lose when time's up. (requested by ovalboi)
|
|t:|1782711816
|switch|p2a: Sinistcha|Sinistcha, L50|66/100
|-heal|p2b: Toxapex|68/100|[from] ability: Hospitality|[of] p2a: Sinistcha
|move|p1a: Scolipede|Rock Slide|p2a: Sinistcha|[spread] 
|-miss|p1a: Scolipede|p2a: Sinistcha
|-miss|p1a: Scolipede|p2b: Toxapex
|move|p1b: Zoroark|Bitter Malice|p2a: Sinistcha
|-supereffective|p2a: Sinistcha|1
|-enditem|p2a: Sinistcha|Kasib Berry|[eat]
|-enditem|p2a: Sinistcha|Kasib Berry|[weaken]
|-damage|p2a: Sinistcha|32/100
|-unboost|p2a: Sinistcha|atk|1
|move|p2b: Toxapex|Recover|p2b: Toxapex
|-heal|p2b: Toxapex|100/100
|
|-damage|p1b: Zoroark|0 fnt|[from] psn
|faint|p1b: Zoroark
|-damage|p1a: Scolipede|38/100|[from] move: Infestation|[partiallytrapped]
|-ability|p1a: Scolipede|Speed Boost|boost
|-boost|p1a: Scolipede|spe|1
|upkeep
|
|t:|1782711829
|switch|p1b: Archaludon|Archaludon, L50, F|73/100
|turn|10
|inactive|ovalboi has 30 seconds left.
|
|t:|1782711860
|detailschange|p1a: Scolipede|Scolipede-Mega, L50, F
|-mega|p1a: Scolipede|Scolipede|Scolipite
|move|p2a: Sinistcha|Rage Powder|p2a: Sinistcha
|-singleturn|p2a: Sinistcha|move: Rage Powder
|move|p1a: Scolipede|Gunk Shot|p2a: Sinistcha
|-damage|p2a: Sinistcha|0 fnt
|faint|p2a: Sinistcha
|move|p1b: Archaludon|Dragon Pulse|p2b: Toxapex
|-damage|p2b: Toxapex|66/100
|move|p2b: Toxapex|Infestation|p1b: Archaludon
|-resisted|p1b: Archaludon|1
|-damage|p1b: Archaludon|72/100
|-activate|p1b: Archaludon|move: Infestation|[of] p2b: Toxapex
|-ability|p1b: Archaludon|Stamina|boost
|-boost|p1b: Archaludon|def|1
|
|-heal|p2b: Toxapex|72/100|[from] item: Leftovers
|-end|p1a: Scolipede|Infestation|[partiallytrapped]
|-damage|p1b: Archaludon|60/100|[from] move: Infestation|[partiallytrapped]
|upkeep
|
|t:|1782711868
|switch|p2a: Sneasler|Sneasler, L50, M|20/100y
|turn|11
|inactive|ovalboi has 30 seconds left.
|
|t:|1782711895
|move|p1b: Archaludon|Protect|p1b: Archaludon
|-singleturn|p1b: Archaludon|Protect
|move|p2a: Sneasler|Fake Out|p1b: Archaludon
|-activate|p1b: Archaludon|move: Protect
|move|p1a: Scolipede|Gunk Shot|p2a: Sneasler
|-resisted|p2a: Sneasler|1
|-damage|p2a: Sneasler|0 fnt
|faint|p2a: Sneasler
|move|p2b: Toxapex|Infestation|p1a: Scolipede
|-resisted|p1a: Scolipede|1
|-damage|p1a: Scolipede|36/100
|-activate|p1a: Scolipede|move: Infestation|[of] p2b: Toxapex
|
|-heal|p2b: Toxapex|78/100|[from] item: Leftovers
|-damage|p1a: Scolipede|24/100|[from] move: Infestation|[partiallytrapped]
|-damage|p1b: Archaludon|47/100|[from] move: Infestation|[partiallytrapped]
|upkeep
|turn|12
|
|t:|1782711917
|move|p2b: Toxapex|Baneful Bunker|p2b: Toxapex
|-singleturn|p2b: Toxapex|move: Protect
|move|p1a: Scolipede|Rock Slide|p2b: Toxapex
|-activate|p2b: Toxapex|move: Protect
|move|p1b: Archaludon|Dragon Pulse|p2b: Toxapex
|-activate|p2b: Toxapex|move: Protect
|
|-heal|p2b: Toxapex|84/100|[from] item: Leftovers
|-damage|p1a: Scolipede|12/100|[from] move: Infestation|[partiallytrapped]
|-damage|p1b: Archaludon|35/100|[from] move: Infestation|[partiallytrapped]
|upkeep
|turn|13
|
|t:|1782711934
|move|p1a: Scolipede|Gunk Shot|p2b: Toxapex
|-resisted|p2b: Toxapex|1
|-damage|p2b: Toxapex|63/100
|move|p1b: Archaludon|Dragon Pulse|p2b: Toxapex
|-damage|p2b: Toxapex|24/100
|move|p2b: Toxapex|Recover|p2b: Toxapex
|-heal|p2b: Toxapex|75/100
|
|-heal|p2b: Toxapex|80/100|[from] item: Leftovers
|-damage|p1a: Scolipede|1/100|[from] move: Infestation|[partiallytrapped]
|-damage|p1b: Archaludon|23/100|[from] move: Infestation|[partiallytrapped]
|upkeep
|turn|14
|
|t:|1782711949
|move|p1a: Scolipede|Protect|p1a: Scolipede
|-singleturn|p1a: Scolipede|Protect
|move|p2b: Toxapex|Baneful Bunker|p2b: Toxapex
|-singleturn|p2b: Toxapex|move: Protect
|move|p1b: Archaludon|Dragon Pulse|p2b: Toxapex
|-activate|p2b: Toxapex|move: Protect
|
|-heal|p2b: Toxapex|86/100|[from] item: Leftovers
|-damage|p1a: Scolipede|0 fnt|[from] move: Infestation|[partiallytrapped]
|faint|p1a: Scolipede
|-end|p1b: Archaludon|Infestation|[partiallytrapped]
|upkeep
|turn|15
|
|t:|1782711960
|move|p1b: Archaludon|Dragon Pulse|p2b: Toxapex
|-damage|p2b: Toxapex|48/100
|move|p2b: Toxapex|Recover|p2b: Toxapex
|-heal|p2b: Toxapex|98/100
|
|-heal|p2b: Toxapex|100/100|[from] item: Leftovers
|upkeep
|turn|16
|
|t:|1782711969
|move|p1b: Archaludon|Draco Meteor|p2b: Toxapex
|-damage|p2b: Toxapex|42/100
|-unboost|p1b: Archaludon|spa|2
|move|p2b: Toxapex|Infestation|p1b: Archaludon
|-resisted|p1b: Archaludon|1
|-damage|p1b: Archaludon|21/100
|-activate|p1b: Archaludon|move: Infestation|[of] p2b: Toxapex
|-ability|p1b: Archaludon|Stamina|boost
|-boost|p1b: Archaludon|def|1
|
|-heal|p2b: Toxapex|48/100|[from] item: Leftovers
|-damage|p1b: Archaludon|9/100|[from] move: Infestation|[partiallytrapped]
|upkeep
|turn|17
|
|t:|1782711974
|move|p2b: Toxapex|Baneful Bunker|p2b: Toxapex
|-singleturn|p2b: Toxapex|move: Protect
|move|p1b: Archaludon|Draco Meteor|p2b: Toxapex
|-activate|p2b: Toxapex|move: Protect
|
|-heal|p2b: Toxapex|54/100|[from] item: Leftovers
|-damage|p1b: Archaludon|0 fnt|[from] move: Infestation|[partiallytrapped]
|faint|p1b: Archaludon
|
|win|ovalboi
||ovalboi is ready for game 3.
||akucintaindonesia is ready for game 3.
|uhtml|next|Next: Game 3 of 3
|l|☆akucintaindonesia
|player|p1|
