|j|☆roman_legend
|j|☆EastgermanDominanz
|html|roman_legendEastgermanDominanz    
|uhtml|bestof|Game 2 of a best-of-3
|t:|1756918769
|gametype|doubles
|player|p1|roman_legend|nate-masters|1159
|player|p2|EastgermanDominanz|psychic-gen4|1319
|gen|9
|tier|[Gen 9] VGC 2025 Reg H (Bo3)
|rated|
|rule|Species Clause: Limit one of each Pokémon
|rule|Item Clause: Limit 1 of each item
|clearpoke
|poke|p1|Gholdengo, L50|
|poke|p1|Sneasler, L50, M|
|poke|p1|Rillaboom, L50, M|
|poke|p1|Dragonite, L50, M|
|poke|p1|Ninetales-Alola, L50, M|
|poke|p1|Arcanine-Hisui, L50, F|
|poke|p2|Tyranitar, L50, F|
|poke|p2|Annihilape, L50, M|
|poke|p2|Volcarona, L50, M|
|poke|p2|Sneasler, L50, F|
|poke|p2|Rillaboom, L50, F|
|poke|p2|Gholdengo, L50|
|teampreview|4
|showteam|p1|Gholdengo||GrassySeed|GoodasGold|NastyPlot,MakeItRain,ShadowBall,Protect||||||50|,,,,,Water]Sneasler||WhiteHerb|Unburden|CloseCombat,DireClaw,Coaching,Protect|||M|||50|,,,,,Ghost]Rillaboom||AssaultVest|GrassySurge|FakeOut,GrassyGlide,DrumBeating,HighHorsepower|||M|||50|,,,,,Fire]Dragonite||LoadedDice|Multiscale|ScaleShot,StompingTantrum,Tailwind,Protect|||M|||50|,,,,,Ground]Ninetales-Alola||FocusSash|SnowWarning|Blizzard,IcyWind,Encore,AuroraVeil|||M|||50|,,,,,Ghost]Arcanine-Hisui||ClearAmulet|Intimidate|RockSlide,FlareBlitz,ExtremeSpeed,Protect|||F|||50|,,,,,Water
|showteam|p2|Tyranitar||AssaultVest|SandStream|RockSlide,KnockOff,TeraBlast,LowKick|||F|||50|,,,,,Flying]Annihilape||SafetyGoggles|Defiant|DrainPunch,RageFist,BulkUp,Protect|||M|||50|,,,,,Water]Volcarona||SitrusBerry|FlameBody|HeatWave,StruggleBug,Protect,Tailwind|||M|||50|,,,,,Fairy]Sneasler||WhiteHerb|Unburden|FakeOut,CloseCombat,DireClaw,Coaching|||F|||50|,,,,,Dark]Rillaboom||LoadedDice|GrassySurge|GrassyGlide,FakeOut,BulletSeed,Taunt|||F|||50|,,,,,Fire]Gholdengo||GrassySeed|GoodasGold|MakeItRain,ShadowBall,NastyPlot,Protect||||||50|,,,,,Water
|inactive|Battle timer is ON: inactive players will automatically lose when time's up. (requested by EastgermanDominanz)
|
|t:|1756918788
|teamsize|p1|4
|teamsize|p2|4
|start
|switch|p1a: Sneasler|Sneasler, L50, M, shiny|100/100
|switch|p1b: Dragonite|Dragonite, L50, M|100/100
|switch|p2a: Tyranitar|Tyranitar, L50, F|100/100
|switch|p2b: Sneasler|Sneasler, L50, F|100/100
|-weather|Sandstorm|[from] ability: Sand Stream|[of] p2a: Tyranitar
|turn|1
|inactive|roman_legend has 30 seconds left.
|inactive|roman_legend has 20 seconds left.
|
|t:|1756918828
|-terastallize|p2a: Tyranitar|Flying
|move|p2b: Sneasler|Fake Out|p1b: Dragonite
|-damage|p1b: Dragonite|93/100
|move|p1a: Sneasler|Close Combat|p2a: Tyranitar
|-resisted|p2a: Tyranitar
|-damage|p2a: Tyranitar|78/100
|-unboost|p1a: Sneasler|def|1
|-unboost|p1a: Sneasler|spd|1
|-enditem|p1a: Sneasler|White Herb
|-clearnegativeboost|p1a: Sneasler|[silent]
|cant|p1b: Dragonite|flinch
|move|p2a: Tyranitar|Tera Blast|p1a: Sneasler|[anim] Tera Blast Flying
|-supereffective|p1a: Sneasler
|-damage|p1a: Sneasler|0 fnt
|faint|p1a: Sneasler
|
|-weather|Sandstorm|[upkeep]
|-damage|p2b: Sneasler|95/100|[from] Sandstorm
|-damage|p1b: Dragonite|87/100|[from] Sandstorm
|-damage|p2a: Tyranitar|72/100|[from] Sandstorm
|upkeep
|
|t:|1756918840
|switch|p1a: Ninetales|Ninetales-Alola, L50, M|100/100
|-weather|Snowscape|[from] ability: Snow Warning|[of] p1a: Ninetales
|turn|2
|inactive|roman_legend has 30 seconds left.
|inactive|roman_legend has 20 seconds left.
|inactive|roman_legend has 15 seconds left.
|inactive|roman_legend has 10 seconds left.
|
|t:|1756918887
|move|p2b: Sneasler|Dire Claw|p1a: Ninetales
|-supereffective|p1a: Ninetales
|-damage|p1a: Ninetales|19/100
|-status|p1a: Ninetales|psn
|move|p1a: Ninetales|Aurora Veil|p1a: Ninetales
|-sidestart|p1: roman_legend|move: Aurora Veil
|move|p1b: Dragonite|Scale Shot|p2b: Sneasler
|-damage|p2b: Sneasler|72/100
|-crit|p2b: Sneasler
|-damage|p2b: Sneasler|35/100
|-damage|p2b: Sneasler|11/100
|-damage|p2b: Sneasler|0 fnt
|faint|p2b: Sneasler
|-hitcount|p2: Sneasler|4
|-unboost|p1b: Dragonite|def|1
|-boost|p1b: Dragonite|spe|1
|move|p2a: Tyranitar|Rock Slide|p1b: Dragonite|[spread] p1b
|-miss|p2a: Tyranitar|p1a: Ninetales
|-supereffective|p1b: Dragonite
|-damage|p1b: Dragonite|10/100
|
|-weather|Snowscape|[upkeep]
|-damage|p1a: Ninetales|7/100 psn|[from] psn
|upkeep
|inactive|EastgermanDominanz has 30 seconds left.
|
|t:|1756918912
|switch|p2b: Volcarona|Volcarona, L50, M|100/100
|turn|3
|
|t:|1756918927
|switch|p2a: Gholdengo|Gholdengo, L50|100/100
|move|p2b: Volcarona|Protect|p2b: Volcarona
|-singleturn|p2b: Volcarona|Protect
|move|p1b: Dragonite|Tailwind|p1b: Dragonite
|-sidestart|p1: roman_legend|move: Tailwind
|move|p1a: Ninetales|Blizzard|p2a: Gholdengo|[spread] p2a
|-activate|p2b: Volcarona|move: Protect
|-resisted|p2a: Gholdengo
|-damage|p2a: Gholdengo|85/100
|
|-weather|Snowscape|[upkeep]
|-damage|p1a: Ninetales|0 fnt|[from] psn
|faint|p1a: Ninetales
|upkeep
|
|t:|1756918939
|switch|p1a: Gholdengo|Gholdengo, L50, shiny|100/100
|turn|4
|inactive|roman_legend has 30 seconds left.
|inactive|roman_legend has 20 seconds left.
|
|t:|1756918976
|switch|p2a: Tyranitar|Tyranitar, L50, F, tera:Flying|72/100
|-weather|Sandstorm|[from] ability: Sand Stream|[of] p2a: Tyranitar
|-terastallize|p1a: Gholdengo|Water
|move|p1b: Dragonite|Scale Shot|p2b: Volcarona
|-damage|p2b: Volcarona|82/100
|-damage|p2b: Volcarona|64/100
|-damage|p2b: Volcarona|48/100
|-enditem|p2b: Volcarona|Sitrus Berry|[eat]
|-heal|p2b: Volcarona|73/100|[from] item: Sitrus Berry
|-damage|p2b: Volcarona|55/100
|-damage|p2b: Volcarona|37/100
|-hitcount|p2b: Volcarona|5
|-unboost|p1b: Dragonite|def|1
|-boost|p1b: Dragonite|spe|1
|move|p1a: Gholdengo|Shadow Ball|p2b: Volcarona
|-damage|p2b: Volcarona|0 fnt
|faint|p2b: Volcarona
|
|-weather|Sandstorm|[upkeep]
|-damage|p1b: Dragonite|4/100|[from] Sandstorm
|-damage|p1a: Gholdengo|94/100|[from] Sandstorm
|-damage|p2a: Tyranitar|67/100|[from] Sandstorm
|upkeep
|
|t:|1756919000
|switch|p2b: Gholdengo|Gholdengo, L50|85/100
|turn|5
|inactive|roman_legend has 30 seconds left.
|inactive|roman_legend has 20 seconds left.
|
|t:|1756919040
|move|p2b: Gholdengo|Protect|p2b: Gholdengo
|-singleturn|p2b: Gholdengo|Protect
|move|p1b: Dragonite|Scale Shot|p2a: Tyranitar
|-damage|p2a: Tyranitar|55/100
|-damage|p2a: Tyranitar|42/100
|-damage|p2a: Tyranitar|30/100
|-damage|p2a: Tyranitar|17/100
|-hitcount|p2a: Tyranitar|4
|-unboost|p1b: Dragonite|def|1
|-boost|p1b: Dragonite|spe|1
|move|p1a: Gholdengo|Shadow Ball|p2a: Tyranitar
|-crit|p2a: Tyranitar
|-damage|p2a: Tyranitar|0 fnt
|faint|p2a: Tyranitar
|
|-weather|Sandstorm|[upkeep]
|-damage|p1b: Dragonite|0 fnt|[from] Sandstorm
|-damage|p1a: Gholdengo|88/100|[from] Sandstorm
|faint|p1b: Dragonite
|upkeep
|turn|6
|
|t:|1756919065
|move|p1a: Gholdengo|Shadow Ball|p2b: Gholdengo
|-supereffective|p2b: Gholdengo
|-damage|p2b: Gholdengo|1/100
|-unboost|p2b: Gholdengo|spd|1
|move|p2b: Gholdengo|Shadow Ball|p1a: Gholdengo
|-damage|p1a: Gholdengo|62/100
|
|-weather|Sandstorm|[upkeep]
|-damage|p1a: Gholdengo|56/100|[from] Sandstorm
|-sideend|p1: roman_legend|move: Tailwind
|-sideend|p1: roman_legend|move: Aurora Veil
|upkeep
|turn|7
|
|t:|1756919079
|move|p2b: Gholdengo|Protect|p2b: Gholdengo
|-singleturn|p2b: Gholdengo|Protect
|move|p1a: Gholdengo|Shadow Ball|p2b: Gholdengo
|-activate|p2b: Gholdengo|move: Protect
|
|-weather|Sandstorm|[upkeep]
|-damage|p1a: Gholdengo|49/100|[from] Sandstorm
|upkeep
|turn|8
|
|t:|1756919090
|move|p2b: Gholdengo|Shadow Ball|p1a: Gholdengo
|-damage|p1a: Gholdengo|11/100
|move|p1a: Gholdengo|Shadow Ball|p2b: Gholdengo
|-supereffective|p2b: Gholdengo
|-damage|p2b: Gholdengo|0 fnt
|faint|p2b: Gholdengo
|
|win|roman_legend
|raw|roman_legend's rating: 1159 → 1195(+36 for winning)
|raw|EastgermanDominanz's rating: 1319 → 1290(-29 for losing)
|l|☆EastgermanDominanz
|player|p2|
