|j|☆Testwoche
|j|☆Vividedenne
|html|TestwocheVividedenne    
|uhtml|bestof|Game 2 of a best-of-3
|t:|1756414806
|gametype|doubles
|player|p1|Testwoche|lucas|
|player|p2|Vividedenne|#npl2023|
|gen|9
|tier|[Gen 9] VGC 2025 Reg H (Bo3)
|rule|Species Clause: Limit one of each Pokémon
|rule|Item Clause: Limit 1 of each item
|clearpoke
|poke|p1|Gholdengo, L50|
|poke|p1|Rillaboom, L50, M|
|poke|p1|Incineroar, L50, F|
|poke|p1|Maushold-Four, L50|
|poke|p1|Palafin, L50, F|
|poke|p1|Sneasler, L50, M|
|poke|p2|Whimsicott, L50, F|
|poke|p2|Indeedee, L50, M|
|poke|p2|Sneasler, L50, F|
|poke|p2|Delphox, L50, M|
|poke|p2|Maushold, L50|
|poke|p2|Annihilape, L50, F|
|teampreview|4
|showteam|p1|Gholdengo||GrassySeed|GoodasGold|MakeItRain,ShadowBall,NastyPlot,Protect||||||50|,,,,,Water]Rillaboom||AssaultVest|GrassySurge|FakeOut,DrumBeating,GrassyGlide,Uturn|||M|||50|,,,,,Grass]Incineroar||SafetyGoggles|Intimidate|FakeOut,FlareBlitz,KnockOff,PartingShot|||F|||50|,,,,,Ghost]Maushold-Four||ChopleBerry|FriendGuard|SuperFang,FollowMe,Taunt,Protect||||||50|,,,,,Ghost]Palafin||MysticWater|ZerotoHero|WaveCrash,JetPunch,Haze,Protect|||F|||50|,,,,,Water]Sneasler||FocusSash|Unburden|FakeOut,CloseCombat,DireClaw,Protect|||M|||50|,,,,,Stellar
|showteam|p2|Whimsicott||CovertCloak|Prankster|Tailwind,Moonblast,Encore,SunnyDay|||F|||50|,,,,,Water]Indeedee||FocusSash|PsychicSurge|ExpandingForce,TeraBlast,Imprison,TrickRoom|||M|||50|,,,,,Fighting]Sneasler||PsychicSeed|Unburden|DireClaw,CloseCombat,ThroatChop,Protect|||F|||50|,,,,,Dark]Delphox||LifeOrb|Blaze|ExpandingForce,HeatWave,TeraBlast,Protect|||M|||50|,,,,,Fighting]Maushold||WideLens|Technician|PopulationBomb,FollowMe,BeatUp,Protect||||||50|,,,,,Normal]Annihilape||AssaultVest|Defiant|FinalGambit,CloseCombat,RageFist,DrainPunch|||F|||50|,,,,,Fire
|inactive|Battle timer is ON: inactive players will automatically lose when time's up. (requested by Testwoche)
|inactive|Vividedenne has 60 seconds left.
|inactive|Vividedenne has 30 seconds left.
|inactive|Vividedenne has 20 seconds left.
|inactive|Vividedenne has 15 seconds left.
|inactive|Vividedenne has 10 seconds left.
|
|t:|1756414893
|teamsize|p1|4
|teamsize|p2|4
|start
|switch|p1a: Maushold|Maushold-Four, L50|100/100
|switch|p1b: Gholdengo|Gholdengo, L50|100/100
|switch|p2a: Delphox|Delphox, L50, M|100/100
|switch|p2b: Annihilape|Annihilape, L50, F|100/100
|turn|1
|inactive|Testwoche has 30 seconds left.
|inactive|Vividedenne has 30 seconds left.
|inactive|Testwoche has 20 seconds left.
|inactive|Vividedenne has 20 seconds left.
|inactive|Testwoche has 15 seconds left.
|inactive|Vividedenne has 15 seconds left.
|inactive|Vividedenne has 10 seconds left.
|inactive|Vividedenne has 5 seconds left.
|
|t:|1756414944
|-terastallize|p1b: Gholdengo|Water
|move|p2a: Delphox|Protect|p2a: Delphox
|-singleturn|p2a: Delphox|Protect
|move|p1a: Maushold|Follow Me|p1a: Maushold
|-singleturn|p1a: Maushold|move: Follow Me
|move|p2b: Annihilape|Drain Punch|p1a: Maushold
|-supereffective|p1a: Maushold
|-enditem|p1a: Maushold|Chople Berry|[eat]
|-enditem|p1a: Maushold|Chople Berry|[weaken]
|-damage|p1a: Maushold|69/100
|move|p1b: Gholdengo|Shadow Ball|p2a: Delphox
|-activate|p2a: Delphox|move: Protect
|
|upkeep
|turn|2
|inactive|Testwoche has 30 seconds left.
|inactive|Vividedenne has 30 seconds left.
|inactive|Testwoche has 20 seconds left.
|
|t:|1756414983
|switch|p2b: Indeedee|Indeedee, L50, M|100/100
|-fieldstart|move: Psychic Terrain|[from] ability: Psychic Surge|[of] p2b: Indeedee
|move|p1a: Maushold|Follow Me|p1a: Maushold
|-singleturn|p1a: Maushold|move: Follow Me
|move|p2a: Delphox|Expanding Force|p1b: Gholdengo|[spread] p1a,p1b
|-damage|p1a: Maushold|0 fnt
|-damage|p1b: Gholdengo|55/100
|faint|p1a: Maushold
|-damage|p2a: Delphox|90/100|[from] item: Life Orb
|move|p1b: Gholdengo|Shadow Ball|p2a: Delphox
|-supereffective|p2a: Delphox
|-damage|p2a: Delphox|0 fnt
|faint|p2a: Delphox
|
|upkeep
|inactive|Vividedenne has 30 seconds left.
|inactive|Vividedenne has 20 seconds left.
|inactive|Vividedenne has 15 seconds left.
|
|t:|1756415026
|switch|p2a: Annihilape|Annihilape, L50, F|100/100
|switch|p1a: Rillaboom|Rillaboom, L50, M|100/100
|-fieldstart|move: Grassy Terrain|[from] ability: Grassy Surge|[of] p1a: Rillaboom
|-enditem|p1b: Gholdengo|Grassy Seed
|-boost|p1b: Gholdengo|def|1|[from] item: Grassy Seed
|turn|3
|inactive|Testwoche has 30 seconds left.
|inactive|Vividedenne has 30 seconds left.
|inactive|Testwoche has 20 seconds left.
|inactive|Testwoche has 15 seconds left.
|inactive|Testwoche has 10 seconds left.
|
|t:|1756415072
|switch|p2b: Sneasler|Sneasler, L50, F|100/100
|move|p1b: Gholdengo|Protect|p1b: Gholdengo
|-singleturn|p1b: Gholdengo|Protect
|move|p1a: Rillaboom|U-turn|p2b: Sneasler
|-resisted|p2b: Sneasler
|-damage|p2b: Sneasler|91/100
|
|t:|1756415079
|switch|p1a: Incineroar|Incineroar, L50, F|100/100|[from] U-turn
|-ability|p1a: Incineroar|Intimidate|boost
|-unboost|p2a: Annihilape|atk|1
|-ability|p2a: Annihilape|Defiant|boost
|-boost|p2a: Annihilape|atk|2
|-unboost|p2b: Sneasler|atk|1
|move|p2a: Annihilape|Final Gambit|p1b: Gholdengo
|-activate|p1b: Gholdengo|move: Protect
|
|-heal|p2b: Sneasler|97/100|[from] Grassy Terrain
|-heal|p1b: Gholdengo|61/100|[from] Grassy Terrain
|upkeep
|turn|4
|inactive|Testwoche has 30 seconds left.
|inactive|Vividedenne has 30 seconds left.
|inactive|Testwoche has 20 seconds left.
|inactive|Vividedenne has 20 seconds left.
|inactive|Testwoche has 15 seconds left.
|inactive|Testwoche has 10 seconds left.
|
|t:|1756415125
|move|p2b: Sneasler|Dire Claw|p1a: Incineroar
|-damage|p1a: Incineroar|75/100
|move|p2a: Annihilape|Close Combat|p1a: Incineroar
|-supereffective|p1a: Incineroar
|-damage|p1a: Incineroar|0 fnt
|-unboost|p2a: Annihilape|def|1
|-unboost|p2a: Annihilape|spd|1
|faint|p1a: Incineroar
|move|p1b: Gholdengo|Make It Rain|p2b: Sneasler|[spread] p2a,p2b
|-damage|p2a: Annihilape|62/100
|-damage|p2b: Sneasler|36/100
|-unboost|p1b: Gholdengo|spa|1
|
|-heal|p2b: Sneasler|42/100|[from] Grassy Terrain
|-heal|p2a: Annihilape|68/100|[from] Grassy Terrain
|-heal|p1b: Gholdengo|67/100|[from] Grassy Terrain
|upkeep
|
|t:|1756415131
|switch|p1a: Rillaboom|Rillaboom, L50, M|100/100
|turn|5
|inactive|Testwoche has 30 seconds left.
|inactive|Vividedenne has 30 seconds left.
|inactive|Testwoche has 20 seconds left.
|inactive|Vividedenne has 20 seconds left.
|
|t:|1756415169
|move|p2b: Sneasler|Protect|p2b: Sneasler
|-singleturn|p2b: Sneasler|Protect
|move|p1a: Rillaboom|Drum Beating|p2a: Annihilape
|-damage|p2a: Annihilape|0 fnt
|faint|p2a: Annihilape
|move|p1b: Gholdengo|Shadow Ball|p2b: Sneasler
|-activate|p2b: Sneasler|move: Protect
|
|-heal|p2b: Sneasler|48/100|[from] Grassy Terrain
|-heal|p1b: Gholdengo|73/100|[from] Grassy Terrain
|upkeep
|
|t:|1756415174
|switch|p2a: Indeedee|Indeedee, L50, M|100/100
|-fieldstart|move: Psychic Terrain|[from] ability: Psychic Surge|[of] p2a: Indeedee
|-enditem|p2b: Sneasler|Psychic Seed
|-boost|p2b: Sneasler|spd|1|[from] item: Psychic Seed
|turn|6
|
|t:|1756415191
|move|p2b: Sneasler|Dire Claw|p1a: Rillaboom
|-supereffective|p1a: Rillaboom
|-damage|p1a: Rillaboom|43/100
|move|p1a: Rillaboom|Drum Beating|p2a: Indeedee
|-damage|p2a: Indeedee|32/100
|-unboost|p2a: Indeedee|spe|1
|move|p1b: Gholdengo|Make It Rain|p2a: Indeedee|[spread] p2a,p2b
|-damage|p2a: Indeedee|0 fnt
|-damage|p2b: Sneasler|18/100
|-unboost|p1b: Gholdengo|spa|1
|faint|p2a: Indeedee
|
|upkeep
|turn|7
|
|t:|1756415201
|move|p2b: Sneasler|Dire Claw|p1a: Rillaboom
|-supereffective|p1a: Rillaboom
|-damage|p1a: Rillaboom|0 fnt
|faint|p1a: Rillaboom
|move|p1b: Gholdengo|Make It Rain|p2b: Sneasler
|-damage|p2b: Sneasler|0 fnt
|-unboost|p1b: Gholdengo|spa|1
|faint|p2b: Sneasler
|
|win|Testwoche
||Testwoche is ready for game 3.
|inactive|Vividedenne has 30 seconds to confirm battle start!
||Vividedenne is ready for game 3.
|uhtml|next|Next: Game 3 of 3
|l|☆Testwoche
|player|p1|
