|j|☆TheDoomDraogn
|j|☆beckybug
|html|TheDoomDraognbeckybug    
|uhtml|bestof|Game 2 of a best-of-3
|t:|1784739323
|gametype|doubles
|player|p1|TheDoomDraogn|gentleman-gen4|1403
|player|p2|beckybug|briar|1370
|gen|9
|tier|[Gen 9 Champions] VGC 2026 Reg M-B (Bo3)
|rated|
|rule|Species Clause: Limit one of each Pokémon
|rule|Item Clause: Limit 1 of each item
|clearpoke
|poke|p1|Charizard, L50, M, shiny|
|poke|p1|Metagross, L50, shiny|
|poke|p1|Hydreigon, L50, M|
|poke|p1|Incineroar, L50, F|
|poke|p1|Toxapex, L50, M, shiny|
|poke|p1|Annihilape, L50, F, shiny|
|poke|p2|Charizard, L50, M|
|poke|p2|Venusaur, L50, M|
|poke|p2|Pelipper, L50, F|
|poke|p2|Archaludon, L50, F|
|poke|p2|Grimmsnarl, L50, M|
|poke|p2|Basculegion, L50, M|
|teampreview|4
|showteam|p1|Charizard||CharizarditeY|Blaze|HeatWave,WeatherBall,SolarBeam,Protect|Modest||M|||50|]Metagross||Metagrossite|ClearBody|PsychicFangs,BulletPunch,IcePunch,Protect|Jolly|||||50|]Hydreigon||ChoiceScarf|Levitate|DarkPulse,DracoMeteor,Snarl,EarthPower|Modest||M|||50|]Incineroar||SitrusBerry|Intimidate|FlareBlitz,ThroatChop,PartingShot,FakeOut|Impish||F|||50|]Toxapex||Leftovers|Regenerator|Infestation,Toxic,WideGuard,BanefulBunker|Relaxed||M|||50|]Annihilape||FocusSash|Defiant|PhantomForce,CloseCombat,RockTomb,Protect|Jolly||F|||50|
|showteam|p2|Charizard||CharizarditeY|Blaze|WeatherBall,HeatWave,SolarBeam,Protect|Modest||M|||50|]Venusaur||FocusSash|Chlorophyll|SludgeBomb,EarthPower,SleepPowder,Protect|Modest||M|||50|]Pelipper||SitrusBerry|Drizzle|WeatherBall,Hurricane,Tailwind,Protect|Modest||F|||50|]Archaludon||Leftovers|Stamina|FlashCannon,DragonPulse,ElectroShot,Protect|Calm||F|||50|]Grimmsnarl||LightClay|Prankster|SpiritBreak,PartingShot,Reflect,LightScreen|Sassy||M|||50|]Basculegion||ChoiceScarf|Adaptability|WaveCrash,LastRespects,AquaJet,FlipTurn|Jolly||M|||50|
|
|t:|1784739338
|teamsize|p1|4
|teamsize|p2|4
|start
|switch|p1a: Incineroar|Incineroar, L50, F|100/100
|switch|p1b: Toxapex|Toxapex, L50, M, shiny|100/100
|switch|p2a: Grimmsnarl|Grimmsnarl, L50, M|100/100
|switch|p2b: Charizard|Charizard, L50, M|100/100
|-ability|p1a: Incineroar|Intimidate|boost
|-unboost|p2a: Grimmsnarl|atk|1
|-unboost|p2b: Charizard|atk|1
|turn|1
|
|t:|1784739359
|switch|p2a: Pelipper|Pelipper, L50, F|100/100
|-weather|RainDance|[from] ability: Drizzle|[of] p2a: Pelipper
|move|p1a: Incineroar|Fake Out|p2a: Pelipper
|-damage|p2a: Pelipper|88/100
|move|p2b: Charizard|Weather Ball|p1a: Incineroar
|-supereffective|p1a: Incineroar|1
|-damage|p1a: Incineroar|12/100
|-enditem|p1a: Incineroar|Sitrus Berry|[eat]
|-heal|p1a: Incineroar|37/100|[from] item: Sitrus Berry
|move|p1b: Toxapex|Toxic|p2a: Pelipper
|-status|p2a: Pelipper|tox
|
|-weather|RainDance|[upkeep]
|-damage|p2a: Pelipper|82/100 tox|[from] psn
|upkeep
|turn|2
|
|t:|1784739380
|switch|p1a: Hydreigon|Hydreigon, L50, M|100/100
|move|p2b: Charizard|Weather Ball|p1a: Hydreigon
|-resisted|p1a: Hydreigon|1
|-damage|p1a: Hydreigon|74/100
|move|p2a: Pelipper|Tailwind|p2a: Pelipper
|-sidestart|p2: beckybug|move: Tailwind
|move|p1b: Toxapex|Infestation|p2b: Charizard
|-resisted|p2b: Charizard|2
|-damage|p2b: Charizard|99/100
|-activate|p2b: Charizard|move: Infestation|[of] p1b: Toxapex
|
|-weather|RainDance|[upkeep]
|-damage|p2a: Pelipper|70/100 tox|[from] psn
|-damage|p2b: Charizard|87/100|[from] move: Infestation|[partiallytrapped]
|upkeep
|turn|3
|
|t:|1784739402
|move|p2b: Charizard|Weather Ball|p1a: Hydreigon
|-resisted|p1a: Hydreigon|1
|-damage|p1a: Hydreigon|51/100
|move|p1a: Hydreigon|Snarl|p2b: Charizard|[spread] p2a,p2b
|-damage|p2a: Pelipper|43/100 tox
|-damage|p2b: Charizard|61/100
|-unboost|p2a: Pelipper|spa|1
|-unboost|p2b: Charizard|spa|1
|-enditem|p2a: Pelipper|Sitrus Berry|[eat]
|-heal|p2a: Pelipper|67/100 tox|[from] item: Sitrus Berry
|move|p2a: Pelipper|Hurricane|p1a: Hydreigon
|-damage|p1a: Hydreigon|20/100y
|-start|p1a: Hydreigon|confusion
|move|p1b: Toxapex|Infestation|p2a: Pelipper
|-resisted|p2a: Pelipper|1
|-damage|p2a: Pelipper|65/100 tox
|-activate|p2a: Pelipper|move: Infestation|[of] p1b: Toxapex
|
|-weather|RainDance|[upkeep]
|-damage|p2a: Pelipper|47/100 tox|[from] psn
|-damage|p2b: Charizard|48/100|[from] move: Infestation|[partiallytrapped]
|-damage|p2a: Pelipper|35/100 tox|[from] move: Infestation|[partiallytrapped]
|upkeep
|turn|4
|
|t:|1784739430
|detailschange|p2b: Charizard|Charizard-Mega-Y, L50, M
|-mega|p2b: Charizard|Charizard|Charizardite Y
|-weather|SunnyDay|[from] ability: Drought|[of] p2b: Charizard
|move|p2b: Charizard|Heat Wave|p1b: Toxapex|[spread] p1b
|-miss|p2b: Charizard|p1a: Hydreigon
|-resisted|p1b: Toxapex|1
|-damage|p1b: Toxapex|85/100
|-activate|p1a: Hydreigon|confusion
|-damage|p1a: Hydreigon|10/100|[from] confusion
|move|p2a: Pelipper|Weather Ball|p1a: Hydreigon
|-resisted|p1a: Hydreigon|1
|-damage|p1a: Hydreigon|0 fnt
|faint|p1a: Hydreigon
|move|p1b: Toxapex|Toxic|p2b: Charizard
|-status|p2b: Charizard|tox
|
|-weather|SunnyDay|[upkeep]
|-heal|p1b: Toxapex|91/100|[from] item: Leftovers
|-damage|p2b: Charizard|42/100 tox|[from] psn
|-damage|p2a: Pelipper|11/100 tox|[from] psn
|-damage|p2b: Charizard|29/100 tox|[from] move: Infestation|[partiallytrapped]
|-damage|p2a: Pelipper|0 fnt|[from] move: Infestation|[partiallytrapped]
|faint|p2a: Pelipper
|upkeep
|
|t:|1784739453
|switch|p1a: Incineroar|Incineroar, L50, F|37/100
|switch|p2a: Grimmsnarl|Grimmsnarl, L50, M|100/100
|-ability|p1a: Incineroar|Intimidate|boost
|-unboost|p2a: Grimmsnarl|atk|1
|-unboost|p2b: Charizard|atk|1
|turn|5
|
|t:|1784739465
|move|p2a: Grimmsnarl|Light Screen|p2a: Grimmsnarl
|-sidestart|p2: beckybug|move: Light Screen
|move|p2b: Charizard|Weather Ball|p1a: Incineroar
|-resisted|p1a: Incineroar|1
|-damage|p1a: Incineroar|6/100
|move|p1a: Incineroar|Parting Shot|p2a: Grimmsnarl
|-unboost|p2a: Grimmsnarl|atk|1
|-unboost|p2a: Grimmsnarl|spa|1
|
|t:|1784739473
|switch|p1a: Charizard|Charizard, L50, M, shiny|100/100|[from] Parting Shot
|move|p1b: Toxapex|Infestation|p2a: Grimmsnarl
|-damage|p2a: Grimmsnarl|98/100
|-activate|p2a: Grimmsnarl|move: Infestation|[of] p1b: Toxapex
|
|-weather|SunnyDay|[upkeep]
|-heal|p1b: Toxapex|96/100|[from] item: Leftovers
|-damage|p2b: Charizard|17/100 tox|[from] psn
|-damage|p2b: Charizard|5/100 tox|[from] move: Infestation|[partiallytrapped]
|-damage|p2a: Grimmsnarl|85/100|[from] move: Infestation|[partiallytrapped]
|-sideend|p2: beckybug|move: Tailwind
|upkeep
|turn|6
|
|t:|1784739490
|move|p1a: Charizard|Protect|p1a: Charizard
|-singleturn|p1a: Charizard|Protect
|move|p1b: Toxapex|Baneful Bunker|p1b: Toxapex
|-singleturn|p1b: Toxapex|move: Protect
|move|p2b: Charizard|Heat Wave|p1a: Charizard|[spread] 
|-activate|p1a: Charizard|move: Protect
|-activate|p1b: Toxapex|move: Protect
|move|p2a: Grimmsnarl|Spirit Break|p1a: Charizard
|-activate|p1a: Charizard|move: Protect
|
|-weather|SunnyDay|[upkeep]
|-heal|p1b: Toxapex|100/100|[from] item: Leftovers
|-damage|p2b: Charizard|0 fnt|[from] psn
|faint|p2b: Charizard
|-damage|p2a: Grimmsnarl|73/100|[from] move: Infestation|[partiallytrapped]
|upkeep
|
|t:|1784739493
|switch|p2b: Archaludon|Archaludon, L50, F|100/100
|turn|7
|
|t:|1784739513
|detailschange|p1a: Charizard|Charizard-Mega-Y, L50, M, shiny
|-mega|p1a: Charizard|Charizard|Charizardite Y
|move|p2a: Grimmsnarl|Parting Shot|p1a: Charizard
|-unboost|p1a: Charizard|atk|1
|-unboost|p1a: Charizard|spa|1
|move|p1a: Charizard|Weather Ball|p2a: Grimmsnarl
|-damage|p2a: Grimmsnarl|40/100
|move|p2b: Archaludon|Electro Shot||[still]
|-prepare|p2b: Archaludon|Electro Shot
|-boost|p2b: Archaludon|spa|1
|move|p1b: Toxapex|Toxic|p2a: Grimmsnarl
|-status|p2a: Grimmsnarl|tox
|
|-weather|SunnyDay|[upkeep]
|-damage|p2a: Grimmsnarl|34/100 tox|[from] psn
|-damage|p2a: Grimmsnarl|22/100 tox|[from] move: Infestation|[partiallytrapped]
|upkeep
|turn|8
|
|t:|1784739530
|switch|p1a: Incineroar|Incineroar, L50, F|6/100
|-ability|p1a: Incineroar|Intimidate|boost
|-unboost|p2a: Grimmsnarl|atk|1
|-unboost|p2b: Archaludon|atk|1
|move|p1b: Toxapex|Baneful Bunker|p1b: Toxapex
|-singleturn|p1b: Toxapex|move: Protect
|move|p2a: Grimmsnarl|Parting Shot|p1a: Incineroar
|-hint|Since gen 7, Dark is immune to Prankster moves.
|-immune|p1a: Incineroar
|move|p2b: Archaludon|Electro Shot|p1a: Incineroar|[from] lockedmove
|-damage|p1a: Incineroar|0 fnt
|faint|p1a: Incineroar
|
|-weather|none
|-damage|p2a: Grimmsnarl|10/100 tox|[from] psn
|-damage|p2a: Grimmsnarl|0 fnt|[from] move: Infestation|[partiallytrapped]
|faint|p2a: Grimmsnarl
|upkeep
|
|t:|1784739546
|switch|p1a: Charizard|Charizard-Mega-Y, L50, M, shiny|100/100
|-weather|SunnyDay|[from] ability: Drought|[of] p1a: Charizard
|turn|9
|
|t:|1784739551
|move|p1a: Charizard|Weather Ball|p2b: Archaludon
|-damage|p2b: Archaludon|51/100
|-ability|p2b: Archaludon|Stamina|boost
|-boost|p2b: Archaludon|def|1
|move|p2b: Archaludon|Electro Shot||[still]
|-prepare|p2b: Archaludon|Electro Shot
|-boost|p2b: Archaludon|spa|1
|move|p1b: Toxapex|Infestation|p2b: Archaludon
|-resisted|p2b: Archaludon|1
|-damage|p2b: Archaludon|50/100g
|-activate|p2b: Archaludon|move: Infestation|[of] p1b: Toxapex
|-ability|p2b: Archaludon|Stamina|boost
|-boost|p2b: Archaludon|def|1
|
|-weather|SunnyDay|[upkeep]
|-heal|p2b: Archaludon|56/100|[from] item: Leftovers
|-damage|p2b: Archaludon|44/100|[from] move: Infestation|[partiallytrapped]
|upkeep
|turn|10
|
|t:|1784739559
|move|p1a: Charizard|Weather Ball|p2b: Archaludon
|-damage|p2b: Archaludon|0 fnt
|faint|p2b: Archaludon
|
|win|TheDoomDraogn
||TheDoomDraogn is ready for game 3.
||beckybug is ready for game 3.
|uhtml|next|Next: Game 3 of 3
|l|☆TheDoomDraogn
|player|p1|
