|j|☆Meowraure
|j|☆Centiskorch18
|html|MeowraureCentiskorch18    
|uhtml|bestof|Game 2 of a best-of-3
|t:|1786146104
|gametype|doubles
|player|p1|Meowraure|266|1116
|player|p2|Centiskorch18|caitlin|1245
|gen|9
|tier|[Gen 9 Champions] VGC 2026 Reg M-B (Bo3)
|rated|
|rule|Species Clause: Limit one of each Pokémon
|rule|Item Clause: Limit 1 of each item
|clearpoke
|poke|p1|Floette-Eternal, L50, F|
|poke|p1|Sceptile, L50, M|
|poke|p1|Talonflame, L50, F|
|poke|p1|Rotom-Wash, L50|
|poke|p1|Kangaskhan, L50, F|
|poke|p1|Aegislash, L50, F|
|poke|p2|Floette-Eternal, L50, F|
|poke|p2|Sneasler, L50, M|
|poke|p2|Incineroar, L50, M|
|poke|p2|Sinistcha, L50|
|poke|p2|Delphox, L50, M|
|poke|p2|Garchomp, L50, M|
|teampreview|4
|showteam|p1|Floette-Eternal||ChoiceScarf|FlowerVeil|EnergyBall,PollenPuff,Moonblast,Psychic|Timid||F|||50|]Sceptile||Sceptilite|Unburden|EarthPower,DragonPulse,LeafStorm,Protect|Timid||M|||50|]Talonflame||SharpBeak|GaleWings|DualWingbeat,Tailwind,FlareBlitz,Protect|Jolly||F|||50|]Rotom-Wash||Leftovers|Levitate|Discharge,WillOWisp,HydroPump,Protect|Timid|||||50|]Kangaskhan||SilkScarf|Scrappy|FakeOut,LastResort|Adamant||F|||50|]Aegislash||SitrusBerry|StanceChange|WideGuard,GyroBall,Poltergeist,KingsShield|Brave||F|||50|
|showteam|p2|Floette-Eternal||Floettite|FlowerVeil|DazzlingGleam,DrainingKiss,CalmMind,Protect|Modest||F|||50|]Sneasler||WhiteHerb|Unburden|CloseCombat,DireClaw,FakeOut,Protect|Jolly||M|||50|]Incineroar||SitrusBerry|Intimidate|FlareBlitz,DarkestLariat,PartingShot,FakeOut|Careful||M|||50|]Sinistcha||KasibBerry|Hospitality|MatchaGotcha,RagePowder,TrickRoom,Protect|Bold|||||50|]Delphox||Delphoxite|Blaze|HeatWave,Psychic,NastyPlot,Protect|Modest||M|||50|]Garchomp||ChoiceScarf|RoughSkin|DragonClaw,StompingTantrum,Earthquake,RockSlide|Adamant||M|||50|
|inactive|Battle timer is ON: inactive players will automatically lose when time's up. (requested by Centiskorch18)
|c|☆Centiskorch18|glhf
|inactive|Meowraure has 60 seconds left.
|inactive|Centiskorch18 has 60 seconds left.
|
|t:|1786146159
|teamsize|p1|4
|teamsize|p2|4
|start
|switch|p1a: Talonflame|Talonflame, L50, F|100/100
|switch|p1b: Aegislash|Aegislash, L50, F|100/100
|switch|p2a: Floette|Floette-Eternal, L50, F|100/100
|switch|p2b: Incineroar|Incineroar, L50, M|100/100
|-ability|p2b: Incineroar|Intimidate|boost
|-unboost|p1a: Talonflame|atk|1
|-unboost|p1b: Aegislash|atk|1
|turn|1
|inactive|Centiskorch18 has 30 seconds left.
|
|t:|1786146186
|switch|p2a: Sinistcha|Sinistcha, L50|100/100
|move|p1a: Talonflame|Tailwind|p1a: Talonflame
|-sidestart|p1: Meowraure|move: Tailwind
|-formechange|p1b: Aegislash|Aegislash-Blade|
|move|p1b: Aegislash|Gyro Ball|p2a: Sinistcha
|-damage|p2a: Sinistcha|94/100
|move|p2b: Incineroar|Parting Shot|p1b: Aegislash
|-unboost|p1b: Aegislash|atk|1
|-unboost|p1b: Aegislash|spa|1
|
|t:|1786146190
|switch|p2b: Sneasler|Sneasler, L50, M|100/100|[from] Parting Shot
|
|upkeep
|turn|2
|
|t:|1786146200
|switch|p2b: Incineroar|Incineroar, L50, M|100/100
|-ability|p2b: Incineroar|Intimidate|boost
|-unboost|p1a: Talonflame|atk|1
|-unboost|p1b: Aegislash|atk|1
|move|p1a: Talonflame|Protect|p1a: Talonflame
|-singleturn|p1a: Talonflame|Protect
|move|p1b: Aegislash|Poltergeist|p2a: Sinistcha
|-activate|p2a: Sinistcha|move: Poltergeist|Kasib Berry
|-supereffective|p2a: Sinistcha|1
|-enditem|p2a: Sinistcha|Kasib Berry|[eat]
|-enditem|p2a: Sinistcha|Kasib Berry|[weaken]
|-damage|p2a: Sinistcha|74/100
|move|p2a: Sinistcha|Trick Room|p2a: Sinistcha
|-fieldstart|move: Trick Room|[of] p2a: Sinistcha
|
|upkeep
|turn|3
|
|t:|1786146219
|switch|p1b: Floette|Floette-Eternal, L50, F|100/100
|switch|p1a: Kangaskhan|Kangaskhan, L50, F|100/100
|move|p2a: Sinistcha|Matcha Gotcha|p1b: Floette|[spread] p1a,p1b
|-damage|p1a: Kangaskhan|76/100
|-heal|p2a: Sinistcha|86/100|[from] drain|[of] p1a: Kangaskhan
|-damage|p1b: Floette|78/100
|-heal|p2a: Sinistcha|96/100|[from] drain|[of] p1b: Floette
|move|p2b: Incineroar|Darkest Lariat|p1a: Kangaskhan
|-damage|p1a: Kangaskhan|43/100
|
|upkeep
|turn|4
|inactive|Meowraure has 30 seconds left.
|
|t:|1786146244
|move|p1a: Kangaskhan|Fake Out|p2b: Incineroar
|-crit|p2b: Incineroar
|-damage|p2b: Incineroar|66/100
|move|p2a: Sinistcha|Matcha Gotcha|p1a: Kangaskhan|[spread] p1a,p1b
|-damage|p1a: Kangaskhan|16/100
|-heal|p2a: Sinistcha|100/100|[from] drain|[of] p1a: Kangaskhan
|-damage|p1b: Floette|56/100
|cant|p2b: Incineroar|flinch
|move|p1b: Floette|Pollen Puff|p2a: Sinistcha
|-damage|p2a: Sinistcha|71/100
|
|-sideend|p1: Meowraure|move: Tailwind
|upkeep
|turn|5
|inactive|Meowraure has 30 seconds left.
|
|t:|1786146271
|move|p2a: Sinistcha|Matcha Gotcha|p1a: Kangaskhan|[spread] p1a,p1b
|-damage|p1a: Kangaskhan|0 fnt
|-heal|p2a: Sinistcha|79/100|[from] drain|[of] p1a: Kangaskhan
|-damage|p1b: Floette|32/100
|-heal|p2a: Sinistcha|89/100|[from] drain|[of] p1b: Floette
|-status|p1b: Floette|brn
|faint|p1a: Kangaskhan
|move|p2b: Incineroar|Flare Blitz|p1b: Floette
|-damage|p1b: Floette|0 fnt
|faint|p1b: Floette
|-damage|p2b: Incineroar|58/100|[from] Recoil
|
|upkeep
|
|t:|1786146284
|switch|p1a: Talonflame|Talonflame, L50, F|100/100
|switch|p1b: Aegislash|Aegislash, L50, F|100/100
|turn|6
|
|t:|1786146307
|switch|p2b: Sneasler|Sneasler, L50, M|100/100
|move|p1a: Talonflame|Dual Wingbeat|p2a: Sinistcha
|-supereffective|p2a: Sinistcha|1
|-damage|p2a: Sinistcha|58/100
|-supereffective|p2a: Sinistcha|1
|-damage|p2a: Sinistcha|30/100
|-hitcount|p2a: Sinistcha|2
|-formechange|p1b: Aegislash|Aegislash-Blade|
|move|p1b: Aegislash|Poltergeist||[still]
|-fail|p1b: Aegislash
|move|p2a: Sinistcha|Matcha Gotcha|p1a: Talonflame|[spread] p1a,p1b
|-resisted|p1a: Talonflame|2
|-resisted|p1b: Aegislash|1
|-damage|p1a: Talonflame|90/100
|-heal|p2a: Sinistcha|34/100|[from] drain|[of] p1a: Talonflame
|-damage|p1b: Aegislash|79/100
|-heal|p2a: Sinistcha|44/100|[from] drain|[of] p1b: Aegislash
|
|-fieldend|move: Trick Room
|upkeep
|turn|7
|inactive|Meowraure has 30 seconds left.
|
|t:|1786146334
|move|p1a: Talonflame|Protect|p1a: Talonflame
|-singleturn|p1a: Talonflame|Protect
|move|p2a: Sinistcha|Rage Powder|p2a: Sinistcha
|-singleturn|p2a: Sinistcha|move: Rage Powder
|move|p2b: Sneasler|Close Combat|p1a: Talonflame
|-activate|p1a: Talonflame|move: Protect
|move|p1b: Aegislash|Poltergeist||[still]
|-fail|p1b: Aegislash
|
|upkeep
|turn|8
|inactive|Meowraure has 30 seconds left.
|
|t:|1786146360
|move|p2a: Sinistcha|Rage Powder|p2a: Sinistcha
|-singleturn|p2a: Sinistcha|move: Rage Powder
|move|p1a: Talonflame|Tailwind|p1a: Talonflame
|-sidestart|p1: Meowraure|move: Tailwind
|move|p2b: Sneasler|Close Combat|p1a: Talonflame
|-resisted|p1a: Talonflame|1
|-damage|p1a: Talonflame|47/100
|-unboost|p2b: Sneasler|def|1
|-unboost|p2b: Sneasler|spd|1
|-enditem|p2b: Sneasler|White Herb
|-clearnegativeboost|p2b: Sneasler|[silent]
|move|p1b: Aegislash|Gyro Ball|p2a: Sinistcha
|-damage|p2a: Sinistcha|36/100
|
|upkeep
|turn|9
|
|t:|1786146376
|move|p2a: Sinistcha|Rage Powder|p2a: Sinistcha
|-singleturn|p2a: Sinistcha|move: Rage Powder
|move|p1a: Talonflame|Dual Wingbeat|p2a: Sinistcha
|-supereffective|p2a: Sinistcha|1
|-damage|p2a: Sinistcha|6/100
|-supereffective|p2a: Sinistcha|1
|-damage|p2a: Sinistcha|0 fnt
|faint|p2a: Sinistcha
|-hitcount|p2: Sinistcha|2
|move|p2b: Sneasler|Dire Claw|p1a: Talonflame
|-damage|p1a: Talonflame|0 fnt
|faint|p1a: Talonflame
|move|p1b: Aegislash|Poltergeist||[still]
|-fail|p1b: Aegislash
|
|upkeep
|
|t:|1786146381
|switch|p2a: Incineroar|Incineroar, L50, M|58/100
|-ability|p2a: Incineroar|Intimidate|boost
|-unboost|p1b: Aegislash|atk|1
|turn|10
|
|t:|1786146391
|move|p2b: Sneasler|Protect|p2b: Sneasler
|-singleturn|p2b: Sneasler|Protect
|-formechange|p1b: Aegislash|Aegislash|
|move|p1b: Aegislash|King's Shield|p1b: Aegislash
|-singleturn|p1b: Aegislash|Protect
|move|p2a: Incineroar|Flare Blitz|p1b: Aegislash
|-activate|p1b: Aegislash|move: Protect
|-unboost|p2a: Incineroar|atk|1
|
|upkeep
|turn|11
|
|t:|1786146402
|switch|p2b: Floette|Floette-Eternal, L50, F|100/100
|-formechange|p1b: Aegislash|Aegislash-Blade|
|move|p1b: Aegislash|Gyro Ball|p2b: Floette
|-supereffective|p2b: Floette|1
|-damage|p2b: Floette|73/100
|move|p2a: Incineroar|Flare Blitz|p1b: Aegislash
|-supereffective|p1b: Aegislash|1
|-damage|p1b: Aegislash|0 fnt
|faint|p1b: Aegislash
|-damage|p2a: Incineroar|37/100|[from] Recoil
|-enditem|p2a: Incineroar|Sitrus Berry|[eat]
|-heal|p2a: Incineroar|61/100|[from] item: Sitrus Berry
|
|win|Centiskorch18
|raw|Meowraure's rating: 1116 → 1100(-16 for losing)
|raw|Centiskorch18's rating: 1245 → 1261(+16 for winning)
