|j|☆bingbongwhoosh
|j|☆ground tera
|html|bingbongwhooshground tera    
|uhtml|bestof|Game 1 of a best-of-3
|t:|1784384243
|gametype|doubles
|player|p1|bingbongwhoosh|2|1275
|player|p2|ground tera|102|1310
|gen|9
|tier|[Gen 9 Champions] VGC 2026 Reg M-B (Bo3)
|rated|
|rule|Species Clause: Limit one of each Pokémon
|rule|Item Clause: Limit 1 of each item
|clearpoke
|poke|p1|Charizard, L50, M|
|poke|p1|Venusaur, L50, F|
|poke|p1|Mamoswine, L50, F|
|poke|p1|Garchomp, L50, F|
|poke|p1|Incineroar, L50, M|
|poke|p1|Toxapex, L50, M|
|poke|p2|Whimsicott, L50, F, shiny|
|poke|p2|Garchomp, L50, F|
|poke|p2|Basculegion, L50, M|
|poke|p2|Charizard, L50, F|
|poke|p2|Floette-Eternal, L50, F|
|poke|p2|Kingambit, L50, M|
|teampreview|4
|showteam|p1|Charizard||CharizarditeY|Blaze|HeatWave,WeatherBall,HelpingHand,Protect|Modest||M|||50|]Venusaur||LifeOrb|Chlorophyll|LeafStorm,SludgeBomb,EarthPower,Protect|Modest||F|||50|]Mamoswine||FocusSash|Oblivious|HighHorsepower,RockTomb,IceShard,Protect|Jolly||F|||50|]Garchomp||ChoiceScarf|RoughSkin|DragonClaw,Earthquake,RockSlide,StompingTantrum|Adamant||F|||50|]Incineroar||SitrusBerry|Intimidate|FlareBlitz,ThroatChop,PartingShot,FakeOut|Impish||M|||50|]Toxapex||Leftovers|Regenerator|Toxic,Infestation,WideGuard,BanefulBunker|Bold||M|||50|
|showteam|p2|Whimsicott||FocusSash|Prankster|Protect,Tailwind,SunnyDay,Moonblast|Timid||F|||50|]Garchomp||LifeOrb|RoughSkin|Protect,RockSlide,Earthquake,DragonClaw|Jolly||F|||50|]Basculegion||MysticWater|Adaptability|Protect,WaveCrash,LastRespects,AquaJet|Adamant||M|||50|]Charizard||CharizarditeY|Blaze|Protect,HeatWave,WeatherBall,SolarBeam|Modest||F|||50|]Floette-Eternal||Floettite|FlowerVeil|Protect,LightofRuin,DazzlingGleam,Moonblast|Timid||F|||50|]Kingambit||ChopleBerry|Defiant|LowKick,SuckerPunch,KowtowCleave,IronHead|Adamant||M|||50|
|inactive|Battle timer is ON: inactive players will automatically lose when time's up. (requested by ground tera)
|inactive|bingbongwhoosh has 60 seconds left.
|
|t:|1784384281
|teamsize|p1|4
|teamsize|p2|4
|start
|switch|p1a: Mamoswine|Mamoswine, L50, F|100/100
|switch|p1b: Incineroar|Incineroar, L50, M|100/100
|switch|p2a: Garchomp|Garchomp, L50, F|100/100
|switch|p2b: Kingambit|Kingambit, L50, M|100/100
|-ability|p1b: Incineroar|Intimidate|boost
|-unboost|p2a: Garchomp|atk|1
|-unboost|p2b: Kingambit|atk|1
|-ability|p2b: Kingambit|Defiant|boost
|-boost|p2b: Kingambit|atk|2
|turn|1
|
|t:|1784384300
|move|p1b: Incineroar|Fake Out|p2b: Kingambit
|-resisted|p2b: Kingambit|1
|-damage|p2b: Kingambit|96/100
|cant|p2b: Kingambit|flinch
|move|p2a: Garchomp|Rock Slide|p1b: Incineroar|[spread] p1a,p1b
|-supereffective|p1b: Incineroar|1
|-damage|p1a: Mamoswine|81/100
|-damage|p1b: Incineroar|74/100
|-damage|p2a: Garchomp|90/100|[from] item: Life Orb
|move|p1a: Mamoswine|High Horsepower|p2b: Kingambit
|-supereffective|p2b: Kingambit|1
|-damage|p2b: Kingambit|21/100
|
|upkeep
|turn|2
|inactive|ground tera has 30 seconds left.
|
|t:|1784384328
|move|p2a: Garchomp|Protect|p2a: Garchomp
|-singleturn|p2a: Garchomp|Protect
|move|p1a: Mamoswine|Ice Shard|p2a: Garchomp
|-activate|p2a: Garchomp|move: Protect
|move|p1b: Incineroar|Flare Blitz|p2b: Kingambit
|-supereffective|p2b: Kingambit|1
|-damage|p2b: Kingambit|0 fnt
|faint|p2b: Kingambit
|-damage|p1b: Incineroar|66/100|[from] Recoil
|
|upkeep
|
|t:|1784384341
|switch|p2b: Basculegion|Basculegion, L50, M|100/100
|turn|3
|
|t:|1784384351
|switch|p2a: Charizard|Charizard, L50, F|100/100
|switch|p1a: Toxapex|Toxapex, L50, M|100/100
|move|p2b: Basculegion|Wave Crash|p1b: Incineroar
|-supereffective|p1b: Incineroar|1
|-damage|p1b: Incineroar|0 fnt
|faint|p1b: Incineroar
|-damage|p2b: Basculegion|76/100|[from] Recoil
|
|upkeep
|
|t:|1784384363
|switch|p1b: Mamoswine|Mamoswine, L50, F|81/100
|turn|4
|
|t:|1784384375
|detailschange|p2a: Charizard|Charizard-Mega-Y, L50, F
|-mega|p2a: Charizard|Charizard|Charizardite Y
|-weather|SunnyDay|[from] ability: Drought|[of] p2a: Charizard
|move|p1b: Mamoswine|Protect|p1b: Mamoswine
|-singleturn|p1b: Mamoswine|Protect
|move|p2b: Basculegion|Aqua Jet|p1b: Mamoswine
|-activate|p1b: Mamoswine|move: Protect
|move|p2a: Charizard|Heat Wave|p1b: Mamoswine|[spread] p1a
|-activate|p1b: Mamoswine|move: Protect
|-resisted|p1a: Toxapex|1
|-damage|p1a: Toxapex|75/100
|move|p1a: Toxapex|Infestation|p2b: Basculegion
|-resisted|p2b: Basculegion|1
|-damage|p2b: Basculegion|75/100
|-activate|p2b: Basculegion|move: Infestation|[of] p1a: Toxapex
|
|-weather|SunnyDay|[upkeep]
|-heal|p1a: Toxapex|80/100|[from] item: Leftovers
|-damage|p2b: Basculegion|63/100|[from] move: Infestation|[partiallytrapped]
|upkeep
|turn|5
|
|t:|1784384399
|move|p1a: Toxapex|Wide Guard|p1a: Toxapex
|-singleturn|p1a: Toxapex|Wide Guard
|move|p1b: Mamoswine|Rock Tomb|p2a: Charizard
|-supereffective|p2a: Charizard|2
|-damage|p2a: Charizard|19/100
|-unboost|p2a: Charizard|spe|1
|move|p2b: Basculegion|Last Respects|p1a: Toxapex
|-damage|p1a: Toxapex|35/100
|move|p2a: Charizard|Weather Ball|p1b: Mamoswine
|-supereffective|p1b: Mamoswine|1
|-damage|p1b: Mamoswine|0 fnt
|faint|p1b: Mamoswine
|
|-weather|SunnyDay|[upkeep]
|-heal|p1a: Toxapex|40/100|[from] item: Leftovers
|-damage|p2b: Basculegion|50/100g|[from] move: Infestation|[partiallytrapped]
|upkeep
|
|t:|1784384411
|switch|p1b: Venusaur|Venusaur, L50, F|100/100
|turn|6
|
|t:|1784384426
|move|p1b: Venusaur|Sludge Bomb|p2a: Charizard
|-damage|p2a: Charizard|0 fnt
|faint|p2a: Charizard
|-damage|p1b: Venusaur|90/100|[from] item: Life Orb
|move|p2b: Basculegion|Last Respects|p1b: Venusaur
|-damage|p1b: Venusaur|0 fnt
|faint|p1b: Venusaur
|move|p1a: Toxapex|Toxic|p2b: Basculegion
|-status|p2b: Basculegion|tox
|
|-weather|SunnyDay|[upkeep]
|-heal|p1a: Toxapex|46/100|[from] item: Leftovers
|-damage|p2b: Basculegion|44/100 tox|[from] psn
|-damage|p2b: Basculegion|32/100 tox|[from] move: Infestation|[partiallytrapped]
|upkeep
|
|t:|1784384429
|switch|p2a: Garchomp|Garchomp, L50, F|90/100
|turn|7
|
|t:|1784384435
|move|p2b: Basculegion|Protect|p2b: Basculegion
|-singleturn|p2b: Basculegion|Protect
|move|p1a: Toxapex|Baneful Bunker|p1a: Toxapex
|-singleturn|p1a: Toxapex|move: Protect
|move|p2a: Garchomp|Earthquake|p1a: Toxapex|[spread] 
|-activate|p2b: Basculegion|move: Protect
|-activate|p1a: Toxapex|move: Protect
|
|-weather|SunnyDay|[upkeep]
|-heal|p1a: Toxapex|52/100|[from] item: Leftovers
|-damage|p2b: Basculegion|20/100r tox|[from] psn
|-damage|p2b: Basculegion|7/100 tox|[from] move: Infestation|[partiallytrapped]
|upkeep
|turn|8
|
|t:|1784384442
|move|p1a: Toxapex|Wide Guard|p1a: Toxapex
|-singleturn|p1a: Toxapex|Wide Guard
|move|p2b: Basculegion|Aqua Jet|p1a: Toxapex
|-resisted|p1a: Toxapex|1
|-damage|p1a: Toxapex|47/100
|move|p2a: Garchomp|Earthquake|p1a: Toxapex|[spread] p2b
|-activate|p1a: Toxapex|move: Wide Guard
|-damage|p2b: Basculegion|0 fnt
|faint|p2b: Basculegion
|-damage|p2a: Garchomp|80/100|[from] item: Life Orb
|
|-weather|none
|-heal|p1a: Toxapex|53/100|[from] item: Leftovers
|upkeep
|turn|9
|
|t:|1784384454
|move|p2a: Garchomp|Earthquake|p1a: Toxapex
|-supereffective|p1a: Toxapex|1
|-damage|p1a: Toxapex|0 fnt
|faint|p1a: Toxapex
|-damage|p2a: Garchomp|70/100|[from] item: Life Orb
|
|win|ground tera
