|j|ŌśåspeedjamŌśå
|j|Ōśåmoli0320
|html|speedjamŌśåmoli0320    
|uhtml|bestof|Game 1 of a best-of-3
|t:|1782530952
|gametype|doubles
|player|p1|speedjamŌśå|benga|1049
|player|p2|moli0320|steven|1084
|gen|9
|tier|[Gen 9 Champions] VGC 2026 Reg M-B (Bo3)
|rated|
|rule|Species Clause: Limit one of each Pok├®mon
|rule|Item Clause: Limit 1 of each item
|clearpoke
|poke|p1|Lucario, L50, M|
|poke|p1|Basculegion, L50, M|
|poke|p1|Mr. Rime, L50, M|
|poke|p1|Sylveon, L50, F|
|poke|p1|Incineroar, L50, M|
|poke|p1|Aerodactyl, L50, F|
|poke|p2|Eelektross, L50, F|
|poke|p2|Pelipper, L50, F|
|poke|p2|Archaludon, L50, F|
|poke|p2|Swampert, L50, M, shiny|
|poke|p2|Maushold-Four, L50, shiny|
|poke|p2|Overqwil, L50, F|
|teampreview|4
|showteam|p1|Lucario||Lucarionite|InnerFocus|CloseCombat,IcePunch,BulletPunch,Detect|Jolly||M|||50|]Basculegion||ChoiceScarf|Adaptability|LastRespects,WaveCrash,FlipTurn,AquaJet|Adamant||M|||50|]Mr. Rime||NeverMeltIce|ScreenCleaner|FreezeDry,Psychic,NastyPlot,Protect|Modest||M|||50|]Sylveon||FairyFeather|Pixilate|HyperBeam,HyperVoice,QuickAttack,Protect|Quiet||F|||50|]Incineroar||SitrusBerry|Intimidate|FlareBlitz,FakeOut,PartingShot,Taunt|Sassy||M|||50|]Aerodactyl||Aerodactylite|Unnerve|RockSlide,DualWingbeat,Tailwind,Protect|Jolly||F|||50|
|showteam|p2|Eelektross||Eelektrossite|Levitate|GrassKnot,Protect,Thunder,DragonPulse|Modest||F|||50|]Pelipper||FocusSash|Drizzle|Tailwind,Hurricane,WeatherBall,HelpingHand|Timid||F|||50|]Archaludon||Leftovers|Stamina|DragonPulse,ElectroShot,FlashCannon,Protect|Calm||F|||50|]Swampert||Swampertite|Torrent|IcePunch,Earthquake,WaveCrash,Protect|Adamant||M|||50|]Maushold-Four||SitrusBerry|FriendGuard|RainDance,FollowMe,SuperFang,Feint|Jolly|||||50|]Overqwil||LifeOrb|SwiftSwim|LashOut,PoisonJab,AquaJet,Protect|Adamant||F|||50|
|inactive|Battle timer is ON: inactive players will automatically lose when time's up. (requested by speedjamŌśå)
|inactive|speedjamŌśå has 60 seconds left.
|inactive|moli0320 has 60 seconds left.
|
|t:|1782530997
|teamsize|p1|4
|teamsize|p2|4
|start
|switch|p1a: Incineroar|Incineroar, L50, M|100/100
|switch|p1b: Lucario|Lucario, L50, M|100/100
|switch|p2a: Peter La Anguila|Eelektross, L50, F|100/100
|switch|p2b: Colapinto|Pelipper, L50, F|100/100
|-weather|RainDance|[from] ability: Drizzle|[of] p2b: Colapinto
|-ability|p1a: Incineroar|Intimidate|boost
|-unboost|p2a: Peter La Anguila|atk|1
|-unboost|p2b: Colapinto|atk|1
|turn|1
|inactive|moli0320 has 30 seconds left.
|inactive|moli0320 has 20 seconds left.
|
|t:|1782531033
|detailschange|p1b: Lucario|Lucario-Mega, L50, M
|-mega|p1b: Lucario|Lucario|Lucarionite
|detailschange|p2a: Peter La Anguila|Eelektross-Mega, L50, F
|-mega|p2a: Peter La Anguila|Eelektross|Eelektrossite
|move|p1a: Incineroar|Fake Out|p2a: Peter La Anguila
|-crit|p2a: Peter La Anguila
|-damage|p2a: Peter La Anguila|80/100
|move|p1b: Lucario|Close Combat|p2a: Peter La Anguila
|-damage|p2a: Peter La Anguila|0 fnt
|-unboost|p1b: Lucario|def|1
|-unboost|p1b: Lucario|spd|1
|faint|p2a: Peter La Anguila
|move|p2b: Colapinto|Weather Ball|p1a: Incineroar
|-supereffective|p1a: Incineroar|1
|-damage|p1a: Incineroar|1/100
|-enditem|p1a: Incineroar|Sitrus Berry|[eat]
|-heal|p1a: Incineroar|25/100|[from] item: Sitrus Berry
|
|-weather|RainDance|[upkeep]
|upkeep
|
|t:|1782531055
|switch|p2a: Brooklyn|Archaludon, L50, F|100/100
|turn|2
|
|t:|1782531078
|move|p2a: Brooklyn|Protect|p2a: Brooklyn
|-singleturn|p2a: Brooklyn|Protect
|move|p1b: Lucario|Close Combat|p2a: Brooklyn
|-activate|p2a: Brooklyn|move: Protect
|move|p2b: Colapinto|Hurricane|p1b: Lucario
|-damage|p1b: Lucario|0 fnt
|faint|p1b: Lucario
|move|p1a: Incineroar|Taunt|p2b: Colapinto
|-start|p2b: Colapinto|move: Taunt
|
|-weather|RainDance|[upkeep]
|upkeep
|
|t:|1782531090
|switch|p1b: Sylveon|Sylveon, L50, F|100/100
|turn|3
|
|t:|1782531110
|move|p2b: Colapinto|Weather Ball|p1a: Incineroar
|-supereffective|p1a: Incineroar|1
|-crit|p1a: Incineroar
|-damage|p1a: Incineroar|0 fnt
|faint|p1a: Incineroar
|move|p2a: Brooklyn|Flash Cannon|p1b: Sylveon
|-supereffective|p1b: Sylveon|1
|-damage|p1b: Sylveon|51/100
|move|p1b: Sylveon|Hyper Voice|p2b: Colapinto|[spread] p2a,p2b
|-damage|p2a: Brooklyn|57/100
|-damage|p2b: Colapinto|18/100
|-ability|p2a: Brooklyn|Stamina|boost
|-boost|p2a: Brooklyn|def|1
|
|-weather|RainDance|[upkeep]
|-heal|p2a: Brooklyn|63/100|[from] item: Leftovers
|upkeep
|
|t:|1782531113
|switch|p1a: Mr. Rime|Mr. Rime, L50, M|100/100
|turn|4
|inactive|speedjamŌśå has 30 seconds left.
|inactive|moli0320 has 30 seconds left.
|inactive|moli0320 has 20 seconds left.
|inactive|moli0320 has 15 seconds left.
|
|t:|1782531155
|move|p1a: Mr. Rime|Protect|p1a: Mr. Rime
|-singleturn|p1a: Mr. Rime|Protect
|move|p2b: Colapinto|Hurricane|p1a: Mr. Rime
|-activate|p1a: Mr. Rime|move: Protect
|move|p2a: Brooklyn|Flash Cannon|p1b: Sylveon
|-supereffective|p1b: Sylveon|1
|-damage|p1b: Sylveon|1/100
|move|p1b: Sylveon|Hyper Beam|p2a: Brooklyn|[miss]
|-miss|p1b: Sylveon|p2a: Brooklyn
|
|-weather|RainDance|[upkeep]
|-heal|p2a: Brooklyn|69/100|[from] item: Leftovers
|upkeep
|turn|5
|inactive|speedjamŌśå has 30 seconds left.
|inactive|moli0320 has 30 seconds left.
|inactive|speedjamŌśå has 20 seconds left.
|
|t:|1782531191
|switch|p2b: Los Ramirez|Maushold-Four, L50, shiny|100/100
|move|p2a: Brooklyn|Protect|p2a: Brooklyn
|-singleturn|p2a: Brooklyn|Protect
|move|p1b: Sylveon|Protect|p1b: Sylveon
|-singleturn|p1b: Sylveon|Protect
|move|p1a: Mr. Rime|Nasty Plot|p1a: Mr. Rime
|-boost|p1a: Mr. Rime|spa|2
|
|-weather|none
|-heal|p2a: Brooklyn|75/100|[from] item: Leftovers
|upkeep
|turn|6
|inactive|speedjamŌśå has 30 seconds left.
|inactive|speedjamŌśå has 20 seconds left.
|
|t:|1782531228
|move|p2b: Los Ramirez|Feint|p1b: Sylveon
|-damage|p1b: Sylveon|0 fnt
|faint|p1b: Sylveon
|move|p2a: Brooklyn|Flash Cannon|p1a: Mr. Rime
|-supereffective|p1a: Mr. Rime|1
|-damage|p1a: Mr. Rime|34/100
|move|p1a: Mr. Rime|Freeze-Dry|p2a: Brooklyn
|-damage|p2a: Brooklyn|28/100
|-ability|p2a: Brooklyn|Stamina|boost
|-boost|p2a: Brooklyn|def|1
|
|-heal|p2a: Brooklyn|34/100|[from] item: Leftovers
|upkeep
|turn|7
|
|t:|1782531245
|move|p2b: Los Ramirez|Feint|p1a: Mr. Rime
|-damage|p1a: Mr. Rime|26/100
|move|p2a: Brooklyn|Flash Cannon|p1a: Mr. Rime
|-supereffective|p1a: Mr. Rime|1
|-damage|p1a: Mr. Rime|0 fnt
|faint|p1a: Mr. Rime
|
|win|moli0320
||moli0320 is ready for game 2.
||speedjamŌśå is ready for game 2.
|uhtml|next|Next: Game 2 of 3
|l|Ōśåmoli0320
|player|p2|
