|j|☆coglio6789
|j|☆p1ch1pichi
|html|coglio6789p1ch1pichi    
|uhtml|bestof|Game 2 of a best-of-3
|t:|1785144836
|gametype|doubles
|player|p1|coglio6789|266|1137
|player|p2|p1ch1pichi|n|1133
|gen|9
|tier|[Gen 9 Champions] VGC 2026 Reg M-B (Bo3)
|rated|
|rule|Species Clause: Limit one of each Pokémon
|rule|Item Clause: Limit 1 of each item
|clearpoke
|poke|p1|Rotom-Wash, L50|
|poke|p1|Kingambit, L50, F|
|poke|p1|Garchomp, L50, M|
|poke|p1|Charizard, L50, F|
|poke|p1|Aerodactyl, L50, F|
|poke|p1|Sneasler, L50, M|
|poke|p2|Raichu, L50, M, shiny|
|poke|p2|Meganium, L50, M, shiny|
|poke|p2|Pelipper, L50, M|
|poke|p2|Archaludon, L50, M|
|poke|p2|Sableye, L50, M|
|poke|p2|Basculegion, L50, M|
|teampreview|4
|showteam|p1|Rotom-Wash||SitrusBerry|Levitate|HydroPump,Thunderbolt,WillOWisp,Protect|Modest|||||50|]Kingambit||FocusSash|Defiant|KowtowCleave,SuckerPunch,IronHead,Protect|Adamant||F|||50|]Garchomp||LifeOrb|RoughSkin|Earthquake,DragonClaw,Protect,RockSlide|Jolly||M|||50|]Charizard||CharizarditeY|Blaze|HeatWave,WeatherBall,SolarBeam,Protect|Modest||F|||50|]Aerodactyl||Aerodactylite|Unnerve|RockSlide,DualWingbeat,Tailwind,Protect|Jolly||F|||50|]Sneasler||WhiteHerb|Unburden|CloseCombat,DireClaw,FakeOut,Protect|Adamant||M|||50|
|showteam|p2|Raichu||RaichuniteX|LightningRod|Protect,FakeOut,VoltSwitch,RisingVoltage|Timid||M|||50|]Meganium||Meganiumite|Overgrow|Protect,SolarBeam,WeatherBall,DazzlingGleam|Modest||M|||50|]Pelipper||FocusSash|Drizzle|Soak,Tailwind,Hurricane,WeatherBall|Timid||M|||50|]Archaludon||Leftovers|Stamina|ElectroShot,FlashCannon,DracoMeteor,Protect|Modest||M|||50|]Sableye||RoseliBerry|Prankster|Quash,Reflect,LightScreen,RainDance|Bold||M|||50|]Basculegion||ChoiceScarf|Adaptability|FlipTurn,WaveCrash,AquaJet,LastRespects|Jolly||M|||50|
|inactive|Battle timer is ON: inactive players will automatically lose when time's up. (requested by p1ch1pichi)
|
|t:|1785144844
|teamsize|p1|4
|teamsize|p2|4
|start
|switch|p1a: Rotom|Rotom-Wash, L50|100/100
|switch|p1b: Kingambit|Kingambit, L50, F|100/100
|switch|p2a: G4MER67|Sableye, L50, M|100/100
|switch|p2b: San Juanico|Archaludon, L50, M|100/100
|turn|1
|
|t:|1785144861
|move|p2b: San Juanico|Protect|p2b: San Juanico
|-singleturn|p2b: San Juanico|Protect
|move|p2a: G4MER67|Reflect|p2a: G4MER67
|-sidestart|p2: p1ch1pichi|Reflect
|move|p1a: Rotom|Will-O-Wisp|p2b: San Juanico
|-activate|p2b: San Juanico|move: Protect
|move|p1b: Kingambit|Kowtow Cleave|p2a: G4MER67
|-damage|p2a: G4MER67|62/100
|
|upkeep
|turn|2
|
|t:|1785144879
|move|p1b: Kingambit|Protect|p1b: Kingambit
|-singleturn|p1b: Kingambit|Protect
|move|p2a: G4MER67|Rain Dance|p2a: G4MER67
|-weather|RainDance
|move|p1a: Rotom|Hydro Pump|p2a: G4MER67
|-damage|p2a: G4MER67|0 fnt
|faint|p2a: G4MER67
|move|p2b: San Juanico|Electro Shot||[still]
|-prepare|p2b: San Juanico|Electro Shot
|-boost|p2b: San Juanico|spa|1
|-anim|p2b: San Juanico|Electro Shot|p1a: Rotom
|-damage|p1a: Rotom|29/100
|-enditem|p1a: Rotom|Sitrus Berry|[eat]
|-heal|p1a: Rotom|53/100|[from] item: Sitrus Berry
|
|-weather|RainDance|[upkeep]
|upkeep
|
|t:|1785144892
|switch|p2a: Hikaru|Raichu, L50, M, shiny|100/100
|turn|3
|
|t:|1785144904
|detailschange|p2a: Hikaru|Raichu-Mega-X, L50, M, shiny
|-mega|p2a: Hikaru|Raichu|Raichunite X
|-fieldstart|move: Electric Terrain|[from] ability: Electric Surge|[of] p2a: Hikaru
|move|p2a: Hikaru|Fake Out|p1b: Kingambit
|-resisted|p1b: Kingambit|1
|-damage|p1b: Kingambit|95/100
|move|p1a: Rotom|Hydro Pump|p2a: Hikaru
|-damage|p2a: Hikaru|22/100
|move|p2b: San Juanico|Electro Shot||[still]
|-prepare|p2b: San Juanico|Electro Shot
|-boost|p2b: San Juanico|spa|1
|-anim|p2b: San Juanico|Electro Shot|p1a: Rotom
|-damage|p1a: Rotom|0 fnt
|faint|p1a: Rotom
|cant|p1b: Kingambit|flinch
|
|-weather|RainDance|[upkeep]
|upkeep
|
|t:|1785144915
|switch|p1a: Charizard|Charizard, L50, F|100/100
|turn|4
|
|t:|1785144939
|detailschange|p1a: Charizard|Charizard-Mega-Y, L50, F
|-mega|p1a: Charizard|Charizard|Charizardite Y
|-weather|SunnyDay|[from] ability: Drought|[of] p1a: Charizard
|move|p2a: Hikaru|Protect|p2a: Hikaru
|-singleturn|p2a: Hikaru|Protect
|move|p1b: Kingambit|Sucker Punch||[still]
|-fail|p1b: Kingambit
|move|p1a: Charizard|Heat Wave|p2a: Hikaru|[spread] p2b
|-activate|p2a: Hikaru|move: Protect
|-damage|p2b: San Juanico|40/100
|-ability|p2b: San Juanico|Stamina|boost
|-boost|p2b: San Juanico|def|1
|move|p2b: San Juanico|Draco Meteor|p1a: Charizard
|-damage|p1a: Charizard|0 fnt
|-unboost|p2b: San Juanico|spa|2
|faint|p1a: Charizard
|
|-weather|SunnyDay|[upkeep]
|-heal|p2b: San Juanico|46/100|[from] item: Leftovers
|upkeep
|
|t:|1785144944
|switch|p1a: Sneasler|Sneasler, L50, M|100/100
|turn|5
|
|t:|1785144967
|switch|p2a: Inidoro|Pelipper, L50, M|100/100
|-weather|RainDance|[from] ability: Drizzle|[of] p2a: Inidoro
|move|p1b: Kingambit|Sucker Punch||[still]
|-fail|p1b: Kingambit
|move|p1a: Sneasler|Close Combat|p2b: San Juanico
|-supereffective|p2b: San Juanico|1
|-crit|p2b: San Juanico
|-damage|p2b: San Juanico|0 fnt
|-unboost|p1a: Sneasler|def|1
|-unboost|p1a: Sneasler|spd|1
|faint|p2b: San Juanico
|-enditem|p1a: Sneasler|White Herb
|-clearnegativeboost|p1a: Sneasler|[silent]
|
|-weather|RainDance|[upkeep]
|-sideend|p2: p1ch1pichi|Reflect
|upkeep
|
|t:|1785144981
|switch|p2b: Hikaru|Raichu-Mega-X, L50, M, shiny|22/100
|turn|6
|
|t:|1785144987
|move|p1a: Sneasler|Protect|p1a: Sneasler
|-singleturn|p1a: Sneasler|Protect
|move|p1b: Kingambit|Protect|p1b: Kingambit
|-singleturn|p1b: Kingambit|Protect
|move|p2b: Hikaru|Fake Out|p1a: Sneasler
|-activate|p1a: Sneasler|move: Protect
|move|p2a: Inidoro|Soak|p1b: Kingambit
|-activate|p1b: Kingambit|move: Protect
|
|-weather|RainDance|[upkeep]
|upkeep
|turn|7
|
|t:|1785145007
|move|p1b: Kingambit|Sucker Punch|p2b: Hikaru
|-damage|p2b: Hikaru|0 fnt
|faint|p2b: Hikaru
|move|p1a: Sneasler|Dire Claw|p2a: Inidoro
|-damage|p2a: Inidoro|45/100
|move|p2a: Inidoro|Soak|p1b: Kingambit
|-start|p1b: Kingambit|typechange|Water
|
|-weather|RainDance|[upkeep]
|-fieldend|move: Electric Terrain
|upkeep
|turn|8
|-message|p1ch1pichi forfeited.
|
|win|coglio6789
|raw|coglio6789's rating: 1137 → 1162(+25 for winning)
|raw|p1ch1pichi's rating: 1133 → 1108(-25 for losing)
|l|☆coglio6789
|player|p1|
