|j|☆freudianbreath
|j|☆spongebob601
|html|freudianbreathspongebob601    
|uhtml|bestof|Game 1 of a best-of-3
|t:|1756707607
|gametype|doubles
|player|p1|freudianbreath|266|1004
|player|p2|spongebob601|169|1036
|gen|9
|tier|[Gen 9] VGC 2025 Reg H (Bo3)
|rated|
|rule|Species Clause: Limit one of each Pokémon
|rule|Item Clause: Limit 1 of each item
|clearpoke
|poke|p1|Indeedee-F, L50, F|
|poke|p1|Tyranitar, L50, M|
|poke|p1|Whimsicott, L50, F|
|poke|p1|Amoonguss, L50, F|
|poke|p1|Annihilape, L50, F|
|poke|p1|Gholdengo, L50|
|poke|p2|Dondozo, L50, F|
|poke|p2|Incineroar, L50, M|
|poke|p2|Tatsugiri-Droopy, L50, M|
|poke|p2|Glimmora, L50, M|
|poke|p2|Rillaboom, L50, M|
|poke|p2|Gliscor, L50, F|
|teampreview|4
|showteam|p1|Indeedee-F||SafetyGoggles|PsychicSurge|FollowMe,TrickRoom,HelpingHand,DazzlingGleam|||F|||50|,,,,,Fairy]Tyranitar||AssaultVest|SandStream|KnockOff,RockSlide,TeraBlast,LowKick|||M|||50|,,,,,Flying]Whimsicott||CovertCloak|Prankster|Tailwind,Moonblast,Encore,HelpingHand|||F|||50|,,,,,Water]Amoonguss||RockyHelmet|Regenerator|PollenPuff,Spore,RagePowder,Protect|||F|||50|,,,,,Fairy]Annihilape||Leftovers|Defiant|DrainPunch,RageFist,BulkUp,Protect|||F|||50|,,,,,Fire]Gholdengo||ChoiceSpecs|GoodasGold|MakeItRain,ShadowBall,Thunderbolt,Trick||||||50|,,,,,Steel
|showteam|p2|Dondozo||Leftovers|Unaware|BodyPress,Protect,OrderUp,Waterfall|||F|||50|,,,,,Grass]Incineroar||AssaultVest|Intimidate|FlareBlitz,FakeOut,KnockOff,Uturn|||M|||50|,,,,,Ghost]Tatsugiri-Droopy||FocusSash|Commander|IcyWind,DracoMeteor,MuddyWater,Protect|||M|||50|,,,,,Water]Glimmora||PowerHerb|ToxicDebris|MeteorBeam,MortalSpin,EarthPower,SpikyShield|||M|||50|,,,,,Grass]Rillaboom||GrassySeed|GrassySurge|GrassyGlide,Acrobatics,FakeOut,HighHorsepower|||M|||50|,,,,,Fire]Gliscor||ToxicOrb|PoisonHeal|StealthRock,DualWingbeat,Protect,HighHorsepower|||F|||50|,,,,,Water
|inactive|Battle timer is ON: inactive players will automatically lose when time's up. (requested by spongebob601)
|inactive|freudianbreath has 60 seconds left.
|inactive|spongebob601 has 60 seconds left.
|inactive|freudianbreath has 30 seconds left.
|inactive|freudianbreath has 20 seconds left.
|inactive|freudianbreath has 15 seconds left.
|inactive|freudianbreath has 10 seconds left.
|
|t:|1756707705
|teamsize|p1|4
|teamsize|p2|4
|start
|switch|p1a: Whimsicott|Whimsicott, L50, F|100/100
|switch|p1b: Gholdengo|Gholdengo, L50|100/100
|switch|p2a: Glimmora|Glimmora, L50, M|100/100
|switch|p2b: Gliscor|Gliscor, L50, F|100/100
|turn|1
|inactive|freudianbreath has 30 seconds left.
|inactive|spongebob601 has 30 seconds left.
|inactive|freudianbreath has 20 seconds left.
|inactive|spongebob601 has 20 seconds left.
|inactive|spongebob601 has 15 seconds left.
|inactive|spongebob601 has 10 seconds left.
|
|t:|1756707751
|-terastallize|p2a: Glimmora|Grass
|move|p1a: Whimsicott|Tailwind|p1a: Whimsicott
|-sidestart|p1: freudianbreath|move: Tailwind
|move|p1b: Gholdengo|Make It Rain|p2a: Glimmora|[spread] p2a,p2b
|-damage|p2a: Glimmora|29/100
|-damage|p2b: Gliscor|28/100
|-unboost|p1b: Gholdengo|spa|1
|move|p2b: Gliscor|High Horsepower|p1b: Gholdengo
|-supereffective|p1b: Gholdengo
|-damage|p1b: Gholdengo|34/100
|move|p2a: Glimmora|Earth Power|p1b: Gholdengo
|-supereffective|p1b: Gholdengo
|-damage|p1b: Gholdengo|0 fnt
|faint|p1b: Gholdengo
|
|-status|p2b: Gliscor|tox|[from] item: Toxic Orb
|upkeep
|inactive|freudianbreath has 30 seconds left.
|inactive|freudianbreath has 20 seconds left.
|
|t:|1756707787
|switch|p1b: Annihilape|Annihilape, L50, F|100/100
|turn|2
|inactive|freudianbreath has 30 seconds left.
|inactive|spongebob601 has 30 seconds left.
|
|t:|1756707815
|move|p1a: Whimsicott|Encore|p2a: Glimmora
|-start|p2a: Glimmora|Encore
|move|p1b: Annihilape|Drain Punch|p2b: Gliscor
|-resisted|p2b: Gliscor
|-damage|p2b: Gliscor|18/100 tox
|move|p2b: Gliscor|Dual Wingbeat|p1a: Whimsicott
|-supereffective|p1a: Whimsicott
|-damage|p1a: Whimsicott|65/100
|-supereffective|p1a: Whimsicott
|-damage|p1a: Whimsicott|29/100
|-hitcount|p1a: Whimsicott|2
|move|p2a: Glimmora|Earth Power|p1a: Whimsicott
|-resisted|p1a: Whimsicott
|-damage|p1a: Whimsicott|10/100
|
|-heal|p2b: Gliscor|30/100 tox|[from] ability: Poison Heal
|upkeep
|turn|3
|inactive|freudianbreath has 30 seconds left.
|inactive|spongebob601 has 30 seconds left.
|inactive|freudianbreath has 20 seconds left.
|inactive|freudianbreath has 15 seconds left.
|inactive|freudianbreath has 10 seconds left.
|inactive|freudianbreath has 5 seconds left.
|
|t:|1756707868
|move|p1a: Whimsicott|Moonblast|p2a: Glimmora
|-damage|p2a: Glimmora|2/100
|move|p1b: Annihilape|Rage Fist|p2b: Gliscor
|-damage|p2b: Gliscor|15/100 tox
|move|p2b: Gliscor|Dual Wingbeat|p1a: Whimsicott
|-supereffective|p1a: Whimsicott
|-damage|p1a: Whimsicott|0 fnt
|faint|p1a: Whimsicott
|-hitcount|p1: Whimsicott|1
|move|p2a: Glimmora|Earth Power|p1b: Annihilape
|-damage|p1b: Annihilape|79/100
|
|-heal|p1b: Annihilape|85/100|[from] item: Leftovers
|-heal|p2b: Gliscor|27/100 tox|[from] ability: Poison Heal
|upkeep
|
|t:|1756707878
|switch|p1a: Indeedee|Indeedee-F, L50, F|100/100
|-fieldstart|move: Psychic Terrain|[from] ability: Psychic Surge|[of] p1a: Indeedee
|turn|4
|inactive|freudianbreath has 30 seconds left.
|inactive|spongebob601 has 30 seconds left.
|inactive|freudianbreath has 20 seconds left.
|inactive|spongebob601 has 20 seconds left.
|
|t:|1756707916
|move|p2b: Gliscor|Protect|p2b: Gliscor
|-singleturn|p2b: Gliscor|Protect
|move|p1b: Annihilape|Bulk Up|p1b: Annihilape
|-boost|p1b: Annihilape|atk|1
|-boost|p1b: Annihilape|def|1
|move|p1a: Indeedee|Dazzling Gleam|p2a: Glimmora|[spread] p2a
|-activate|p2b: Gliscor|move: Protect
|-damage|p2a: Glimmora|0 fnt
|faint|p2a: Glimmora
|
|-heal|p1b: Annihilape|91/100|[from] item: Leftovers
|-heal|p2b: Gliscor|40/100 tox|[from] ability: Poison Heal
|-sideend|p1: freudianbreath|move: Tailwind
|upkeep
|
|t:|1756707934
|switch|p2a: Tatsugiri|Tatsugiri-Droopy, L50, M|100/100
|turn|5
|
|t:|1756707955
|-terastallize|p1a: Indeedee|Fairy
|move|p1a: Indeedee|Follow Me|p1a: Indeedee
|-singleturn|p1a: Indeedee|move: Follow Me
|move|p1b: Annihilape|Rage Fist|p2b: Gliscor
|-damage|p2b: Gliscor|0 fnt
|faint|p2b: Gliscor
|move|p2a: Tatsugiri|Draco Meteor|p1a: Indeedee
|-immune|p1a: Indeedee
|
|-heal|p1b: Annihilape|97/100|[from] item: Leftovers
|upkeep
|
|t:|1756707968
|switch|p2b: Dondozo|Dondozo, L50, F|100/100
|-activate|p2a: Tatsugiri|ability: Commander|[of] p2b: Dondozo
|-boost|p2b: Dondozo|atk|2
|-boost|p2b: Dondozo|spa|2
|-boost|p2b: Dondozo|spe|2
|-boost|p2b: Dondozo|def|2
|-boost|p2b: Dondozo|spd|2
|turn|6
|inactive|freudianbreath has 30 seconds left.
|
|t:|1756707993
|move|p1a: Indeedee|Follow Me|p1a: Indeedee
|-singleturn|p1a: Indeedee|move: Follow Me
|move|p1b: Annihilape|Drain Punch|p2b: Dondozo
|-damage|p2b: Dondozo|92/100
|-heal|p1b: Annihilape|100/100|[from] drain|[of] p2b: Dondozo
|move|p2b: Dondozo|Order Up|p1a: Indeedee
|-immune|p1a: Indeedee
|
|-heal|p2b: Dondozo|98/100|[from] item: Leftovers
|upkeep
|turn|7
|inactive|freudianbreath has 30 seconds left.
|
|t:|1756708026
|move|p1a: Indeedee|Follow Me|p1a: Indeedee
|-singleturn|p1a: Indeedee|move: Follow Me
|move|p1b: Annihilape|Bulk Up|p1b: Annihilape
|-boost|p1b: Annihilape|atk|1
|-boost|p1b: Annihilape|def|1
|move|p2b: Dondozo|Waterfall|p1a: Indeedee
|-damage|p1a: Indeedee|47/100
|
|-heal|p2b: Dondozo|100/100|[from] item: Leftovers
|upkeep
|turn|8
|inactive|freudianbreath has 30 seconds left.
|
|t:|1756708052
|move|p1a: Indeedee|Helping Hand|p1b: Annihilape
|-singleturn|p1b: Annihilape|Helping Hand|[of] p1a: Indeedee
|move|p1b: Annihilape|Rage Fist|p2b: Dondozo
|-damage|p2b: Dondozo|86/100
|move|p2b: Dondozo|Waterfall|p1a: Indeedee
|-damage|p1a: Indeedee|0 fnt
|faint|p1a: Indeedee
|
|-heal|p2b: Dondozo|92/100|[from] item: Leftovers
|-fieldend|move: Psychic Terrain
|upkeep
|turn|9
|
|t:|1756708069
|move|p1b: Annihilape|Bulk Up|p1b: Annihilape
|-boost|p1b: Annihilape|atk|1
|-boost|p1b: Annihilape|def|1
|move|p2b: Dondozo|Order Up|p1b: Annihilape
|-damage|p1b: Annihilape|61/100
|-boost|p2b: Dondozo|def|1
|
|-heal|p1b: Annihilape|67/100|[from] item: Leftovers
|-heal|p2b: Dondozo|99/100|[from] item: Leftovers
|upkeep
|turn|10
|
|t:|1756708082
|move|p1b: Annihilape|Rage Fist|p2b: Dondozo
|-damage|p2b: Dondozo|86/100
|move|p2b: Dondozo|Order Up|p1b: Annihilape
|-damage|p1b: Annihilape|28/100
|-boost|p2b: Dondozo|def|1
|
|-heal|p1b: Annihilape|35/100|[from] item: Leftovers
|-heal|p2b: Dondozo|93/100|[from] item: Leftovers
|upkeep
|turn|11
|
|t:|1756708097
|move|p1b: Annihilape|Rage Fist|p2b: Dondozo
|-damage|p2b: Dondozo|78/100
|move|p2b: Dondozo|Order Up|p1b: Annihilape
|-damage|p1b: Annihilape|0 fnt
|faint|p1b: Annihilape
|
|win|spongebob601
