|j|☆NoMasRegH
|j|☆Shishio_Ax
|html|NoMasRegHShishio_Ax    
|uhtml|bestof|Game 1 of a best-of-3
|t:|1757699371
|gametype|doubles
|player|p1|NoMasRegH|scientist-gen4dp|
|player|p2|Shishio_Ax|gambler|
|gen|9
|tier|[Gen 9] VGC 2025 Reg H (Bo3)
|rule|Species Clause: Limit one of each Pokémon
|rule|Item Clause: Limit 1 of each item
|clearpoke
|poke|p1|Tinkaton, L50, F|
|poke|p1|Kommo-o, L50, F|
|poke|p1|Sinistcha, L50|
|poke|p1|Arcanine-Hisui, L50, F|
|poke|p1|Indeedee, L50, M|
|poke|p1|Murkrow, L50, F|
|poke|p2|Volcarona, L50, M|
|poke|p2|Basculegion, L50, M|
|poke|p2|Sneasler, L50, F|
|poke|p2|Dragonite, L50, M|
|poke|p2|Ursaluna-Bloodmoon, L50, M|
|poke|p2|Whimsicott, L50, F|
|teampreview|4
|showteam|p1|Tinkaton||PixiePlate|MoldBreaker|GigatonHammer,PlayRough,Encore,FakeOut|||F|||50|,,,,,Water]Kommo-o||ThroatSpray|Overcoat|ClangingScales,Flamethrower,ClangorousSoul,Protect|||F|||50|,,,,,Fire]Sinistcha||SitrusBerry|Hospitality|MatchaGotcha,RagePowder,LifeDew,TrickRoom||||||50|,,,,,Dark]Arcanine-Hisui||ChoiceBand|Intimidate|RockSlide,FlareBlitz,HeadSmash,ExtremeSpeed|||F|||50|,,,,,Normal]Indeedee||FocusSash|PsychicSurge|ExpandingForce,TeraBlast,Imprison,TrickRoom|||M|||50|,,,,,Fighting]Murkrow||Eviolite|Prankster|DualWingbeat,LashOut,Haze,Tailwind|||F|||50|,,,,,Ghost
|showteam|p2|Volcarona||SitrusBerry|FlameBody|HeatWave,TeraBlast,QuiverDance,Protect|||M|||50|,,,,,Fairy]Basculegion||ChoiceBand|Adaptability|WaveCrash,FlipTurn,AquaJet,LastRespects|||M|||50|,,,,,Water]Sneasler||FocusSash|Unburden|DireClaw,CloseCombat,ThroatChop,Protect|||F|||50|,,,,,Dark]Dragonite||LoadedDice|Multiscale|ScaleShot,ExtremeSpeed,Haze,Protect|||M|||50|,,,,,Steel]Ursaluna-Bloodmoon||LifeOrb|MindsEye|BloodMoon,HyperVoice,EarthPower,Protect|||M|||50|,,,,,Normal]Whimsicott||CovertCloak|Prankster|Moonblast,Tailwind,Encore,Taunt|||F|||50|,,,,,Poison
|inactive|Battle timer is ON: inactive players will automatically lose when time's up. (requested by Shishio_Ax)
|
|t:|1757699442
|teamsize|p1|4
|teamsize|p2|4
|start
|switch|p1a: Tinkaton|Tinkaton, L50, F, shiny|100/100
|switch|p1b: TheQueen|Kommo-o, L50, F, shiny|100/100
|switch|p2a: Shāhmat|Ursaluna-Bloodmoon, L50, M|100/100
|switch|p2b: Mary|Whimsicott, L50, F|100/100
|-ability|p1a: Tinkaton|Mold Breaker
|turn|1
|
|t:|1757699467
|move|p1a: Tinkaton|Fake Out|p2a: Shāhmat
|-damage|p2a: Shāhmat|92/100
|move|p2b: Mary|Tailwind|p2b: Mary
|-sidestart|p2: Shishio_Ax|move: Tailwind
|cant|p2a: Shāhmat|flinch
|move|p1b: TheQueen|Flamethrower|p2b: Mary
|-supereffective|p2b: Mary
|-damage|p2b: Mary|27/100
|
|upkeep
|turn|2
|inactive|Shishio_Ax has 30 seconds left.
|
|t:|1757699493
|switch|p1a: Murkrow|Murkrow, L50, F, shiny|100/100
|-terastallize|p2a: Shāhmat|Normal
|move|p2b: Mary|Taunt|p1a: Murkrow
|-hint|Since gen 7, Dark is immune to Prankster moves.
|-immune|p1a: Murkrow
|move|p2a: Shāhmat|Blood Moon|p1b: TheQueen
|-damage|p1b: TheQueen|0 fnt
|faint|p1b: TheQueen
|-damage|p2a: Shāhmat|82/100|[from] item: Life Orb
|
|upkeep
|
|t:|1757699501
|switch|p1b: Sinistcha|Sinistcha, L50, shiny|100/100
|turn|3
|
|t:|1757699514
|move|p2b: Mary|Taunt|p1b: Sinistcha
|-start|p1b: Sinistcha|move: Taunt
|move|p1a: Murkrow|Tailwind|p1a: Murkrow
|-sidestart|p1: NoMasRegH|move: Tailwind
|move|p2a: Shāhmat|Hyper Voice|p1a: Murkrow|[spread] p1a,p1b
|-damage|p1a: Murkrow|15/100
|-damage|p1b: Sinistcha|31/100
|-enditem|p1b: Sinistcha|Sitrus Berry|[eat]
|-heal|p1b: Sinistcha|56/100|[from] item: Sitrus Berry
|-damage|p2a: Shāhmat|72/100|[from] item: Life Orb
|move|p1b: Sinistcha|Matcha Gotcha|p2b: Mary|[spread] p2a,p2b
|-resisted|p2b: Mary
|-damage|p2a: Shāhmat|41/100
|-heal|p1b: Sinistcha|73/100|[from] drain|[of] p2a: Shāhmat
|-damage|p2b: Mary|10/100
|-heal|p1b: Sinistcha|80/100|[from] drain|[of] p2b: Mary
|
|upkeep
|turn|4
|
|t:|1757699537
|switch|p1a: Tinkaton|Tinkaton, L50, F, shiny|100/100
|-ability|p1a: Tinkaton|Mold Breaker
|move|p2b: Mary|Moonblast|p1a: Tinkaton
|-resisted|p1a: Tinkaton
|-damage|p1a: Tinkaton|86/100
|move|p2a: Shāhmat|Blood Moon|p1b: Sinistcha
|-damage|p1b: Sinistcha|0 fnt
|faint|p1b: Sinistcha
|-damage|p2a: Shāhmat|31/100|[from] item: Life Orb
|
|-sideend|p2: Shishio_Ax|move: Tailwind
|upkeep
|
|t:|1757699555
|switch|p1b: Murkrow|Murkrow, L50, F, shiny|15/100
|turn|5
|
|t:|1757699567
|move|p2a: Shāhmat|Protect|p2a: Shāhmat
|-singleturn|p2a: Shāhmat|Protect
|move|p1a: Tinkaton|Fake Out|p2b: Mary
|-damage|p2b: Mary|0 fnt
|faint|p2b: Mary
|move|p1b: Murkrow|Lash Out|p2a: Shāhmat
|-activate|p2a: Shāhmat|move: Protect
|
|upkeep
|
|t:|1757699579
|switch|p2b: D'oro|Sneasler, L50, F|100/100
|turn|6
|
|t:|1757699604
|move|p1a: Tinkaton|Play Rough|p2a: Shāhmat
|-damage|p2a: Shāhmat|0 fnt
|faint|p2a: Shāhmat
|move|p1b: Murkrow|Dual Wingbeat|p2b: D'oro
|-supereffective|p2b: D'oro
|-damage|p2b: D'oro|41/100
|-supereffective|p2b: D'oro
|-damage|p2b: D'oro|0 fnt
|faint|p2b: D'oro
|-hitcount|p2: D'oro|2
|
|-sideend|p1: NoMasRegH|move: Tailwind
|upkeep
|
|t:|1757699611
|switch|p2b: Ventus|Dragonite, L50, M|100/100
|turn|7
|-message|Shishio_Ax forfeited.
|
|win|NoMasRegH
|l|☆Shishio_Ax
|player|p2|
||Shishio_Ax is ready for game 2.
||NoMasRegH is ready for game 2.
|uhtml|next|Next: Game 2 of 3
