|j|☆habeebomarali123
|j|☆Frakub
|html|habeebomarali123Frakub    
|uhtml|bestof|Game 1 of a best-of-3
|t:|1756410421
|gametype|doubles
|player|p1|habeebomarali123|giovanni|1097
|player|p2|Frakub|acetrainer-gen4dp|1199
|gen|9
|tier|[Gen 9] VGC 2025 Reg H (Bo3)
|rated|
|rule|Species Clause: Limit one of each Pokémon
|rule|Item Clause: Limit 1 of each item
|clearpoke
|poke|p1|Rillaboom, L50, F|
|poke|p1|Volcarona, L50, M|
|poke|p1|Clefable, L50, M|
|poke|p1|Dragonite, L50, M|
|poke|p1|Empoleon, L50, M|
|poke|p1|Sneasler, L50, M|
|poke|p2|Kingambit, L50, M|
|poke|p2|Rillaboom, L50, F|
|poke|p2|Ninetales-Alola, L50, F|
|poke|p2|Dragonite, L50, M|
|poke|p2|Magmar, L50, F|
|poke|p2|Sneasler, L50, F|
|teampreview|4
|showteam|p1|Rillaboom||AssaultVest|GrassySurge|FakeOut,GrassyGlide,HighHorsepower,WoodHammer|||F|||50|,,,,,Fire]Volcarona||GrassySeed|FlameBody|Protect,QuiverDance,TeraBlast,HeatWave|||M|||50|,,,,,Fairy]Clefable||SafetyGoggles|Unaware|Protect,FollowMe,LifeDew,Moonblast|||M|||50|,,,,,Ghost]Dragonite||LoadedDice|Multiscale|Tailwind,ExtremeSpeed,Haze,ScaleShot|||M|||50|,,,,,Fairy]Empoleon||ChoiceScarf|Competitive|HydroPump,IceBeam,IcyWind,FlashCannon|||M|||50|,,,,,Ghost]Sneasler||FocusSash|Unburden|Protect,DireClaw,CloseCombat,Coaching|||M|||50|,,,,,Stellar
|showteam|p2|Kingambit||BlackGlasses|Defiant|KowtowCleave,SuckerPunch,SwordsDance,Protect|||M|||50|,,,,,Dark]Rillaboom||AssaultVest|GrassySurge|WoodHammer,GrassyGlide,HighHorsepower,FakeOut|||F|||50|,,,,,Fire]Ninetales-Alola||LightClay|SnowWarning|Blizzard,FreezeDry,Protect,AuroraVeil|||F|||50|,,,,,Ghost]Dragonite||LoadedDice|Multiscale|ScaleShot,ExtremeSpeed,Haze,Protect|||M|||50|,,,,,Steel]Magmar||Eviolite|VitalSpirit|Taunt,Overheat,FollowMe,Protect|||F|||50|,,,,,Ghost]Sneasler||FocusSash|PoisonTouch|FakeOut,DireClaw,CloseCombat,Protect|||F|||50|,,,,,Ghost
|inactive|Battle timer is ON: inactive players will automatically lose when time's up. (requested by Frakub)
|inactive|habeebomarali123 has 60 seconds left.
|inactive|habeebomarali123 has 30 seconds left.
|
|t:|1756410485
|teamsize|p1|4
|teamsize|p2|4
|start
|switch|p1a: Rillaboom|Rillaboom, L50, F|100/100
|switch|p1b: Volcarona|Volcarona, L50, M|100/100
|switch|p2a: Dragonite|Dragonite, L50, M|100/100
|switch|p2b: Sneasler|Sneasler, L50, F|100/100
|-fieldstart|move: Grassy Terrain|[from] ability: Grassy Surge|[of] p1a: Rillaboom
|-enditem|p1b: Volcarona|Grassy Seed
|-boost|p1b: Volcarona|def|1|[from] item: Grassy Seed
|turn|1
|inactive|habeebomarali123 has 30 seconds left.
|
|t:|1756410513
|move|p2b: Sneasler|Fake Out|p1a: Rillaboom
|-damage|p1a: Rillaboom|88/100
|move|p2a: Dragonite|Scale Shot|p1b: Volcarona
|-damage|p1b: Volcarona|89/100
|-crit|p1b: Volcarona
|-damage|p1b: Volcarona|63/100
|-damage|p1b: Volcarona|51/100
|-damage|p1b: Volcarona|38/100
|-hitcount|p1b: Volcarona|4
|-unboost|p2a: Dragonite|def|1
|-boost|p2a: Dragonite|spe|1
|move|p1b: Volcarona|Heat Wave|p2a: Dragonite|[spread] p2a,p2b
|-resisted|p2a: Dragonite
|-damage|p2a: Dragonite|89/100
|-damage|p2b: Sneasler|46/100
|cant|p1a: Rillaboom|flinch
|
|-heal|p2b: Sneasler|52/100|[from] Grassy Terrain
|-heal|p1b: Volcarona|44/100|[from] Grassy Terrain
|-heal|p1a: Rillaboom|94/100|[from] Grassy Terrain
|upkeep
|turn|2
|
|t:|1756410537
|move|p1b: Volcarona|Protect|p1b: Volcarona
|-singleturn|p1b: Volcarona|Protect
|move|p2a: Dragonite|Extreme Speed|p1b: Volcarona
|-activate|p1b: Volcarona|move: Protect
|move|p2b: Sneasler|Dire Claw|p1b: Volcarona
|-activate|p1b: Volcarona|move: Protect
|move|p1a: Rillaboom|Wood Hammer|p2b: Sneasler
|-resisted|p2b: Sneasler
|-damage|p2b: Sneasler|0 fnt
|faint|p2b: Sneasler
|-damage|p1a: Rillaboom|81/100|[from] Recoil
|
|-heal|p1b: Volcarona|50/100|[from] Grassy Terrain
|-heal|p1a: Rillaboom|87/100|[from] Grassy Terrain
|upkeep
|
|t:|1756410542
|switch|p2b: Magmar|Magmar, L50, F|100/100
|turn|3
|inactive|habeebomarali123 has 30 seconds left.
|
|t:|1756410568
|-terastallize|p1b: Volcarona|Fairy
|move|p2b: Magmar|Follow Me|p2b: Magmar
|-singleturn|p2b: Magmar|move: Follow Me
|move|p2a: Dragonite|Scale Shot|p1b: Volcarona
|-immune|p1b: Volcarona
|move|p1b: Volcarona|Tera Blast|p2b: Magmar|[anim] Tera Blast Fairy
|-resisted|p2b: Magmar
|-damage|p2b: Magmar|82/100
|move|p1a: Rillaboom|High Horsepower|p2b: Magmar
|-supereffective|p2b: Magmar
|-damage|p2b: Magmar|27/100
|
|-heal|p1b: Volcarona|56/100|[from] Grassy Terrain
|-heal|p2b: Magmar|33/100|[from] Grassy Terrain
|-heal|p1a: Rillaboom|93/100|[from] Grassy Terrain
|upkeep
|turn|4
|
|t:|1756410584
|move|p2a: Dragonite|Protect|p2a: Dragonite
|-singleturn|p2a: Dragonite|Protect
|move|p1b: Volcarona|Protect|p1b: Volcarona
|-singleturn|p1b: Volcarona|Protect
|move|p2b: Magmar|Overheat|p1b: Volcarona
|-activate|p1b: Volcarona|move: Protect
|move|p1a: Rillaboom|High Horsepower|p2b: Magmar
|-supereffective|p2b: Magmar
|-damage|p2b: Magmar|0 fnt
|faint|p2b: Magmar
|
|-heal|p1b: Volcarona|62/100|[from] Grassy Terrain
|-heal|p1a: Rillaboom|99/100|[from] Grassy Terrain
|upkeep
|
|t:|1756410590
|switch|p2b: Kingambit|Kingambit, L50, M|100/100
|turn|5
|
|t:|1756410604
|-terastallize|p2b: Kingambit|Dark
|move|p2a: Dragonite|Extreme Speed|p1b: Volcarona
|-damage|p1b: Volcarona|37/100
|move|p2b: Kingambit|Sucker Punch|p1b: Volcarona
|-resisted|p1b: Volcarona
|-damage|p1b: Volcarona|11/100
|-status|p2b: Kingambit|brn|[from] ability: Flame Body|[of] p1b: Volcarona
|move|p1b: Volcarona|Heat Wave|p2b: Kingambit|[spread] p2a,p2b
|-resisted|p2a: Dragonite
|-crit|p2a: Dragonite
|-crit|p2b: Kingambit
|-damage|p2a: Dragonite|57/100
|-damage|p2b: Kingambit|42/100 brn
|-status|p2a: Dragonite|brn
|move|p1a: Rillaboom|High Horsepower|p2b: Kingambit
|-damage|p2b: Kingambit|18/100 brn
|
|-heal|p1b: Volcarona|17/100|[from] Grassy Terrain
|-heal|p1a: Rillaboom|100/100|[from] Grassy Terrain
|-heal|p2b: Kingambit|24/100 brn|[from] Grassy Terrain
|-damage|p2a: Dragonite|51/100 brn|[from] brn
|-damage|p2b: Kingambit|18/100 brn|[from] brn
|-fieldend|move: Grassy Terrain
|upkeep
|turn|6
|
|t:|1756410627
|switch|p1a: Clefable|Clefable, L50, M|100/100
|move|p1b: Volcarona|Protect|p1b: Volcarona
|-singleturn|p1b: Volcarona|Protect
|move|p2a: Dragonite|Scale Shot|p1a: Clefable
|-immune|p1a: Clefable
|move|p2b: Kingambit|Kowtow Cleave|p1a: Clefable
|-resisted|p1a: Clefable
|-damage|p1a: Clefable|84/100
|
|-damage|p2a: Dragonite|45/100 brn|[from] brn
|-damage|p2b: Kingambit|12/100 brn|[from] brn
|upkeep
|turn|7
|
|t:|1756410635
|move|p2a: Dragonite|Extreme Speed|p1b: Volcarona
|-damage|p1b: Volcarona|4/100
|move|p1a: Clefable|Follow Me|p1a: Clefable
|-singleturn|p1a: Clefable|move: Follow Me
|move|p1b: Volcarona|Heat Wave|p2b: Kingambit|[spread] p2a,p2b
|-resisted|p2a: Dragonite
|-damage|p2a: Dragonite|24/100 brn
|-damage|p2b: Kingambit|0 fnt
|faint|p2b: Kingambit
|
|-damage|p2a: Dragonite|18/100 brn|[from] brn
|upkeep
|turn|8
|-message|Frakub forfeited.
|
|win|habeebomarali123
||Frakub is ready for game 2.
||habeebomarali123 is ready for game 2.
|uhtml|next|Next: Game 2 of 3
