|j|☆Masehood
|j|☆PreparationHHH
|html|MasehoodPreparationHHH    
|uhtml|bestof|Game 1 of a best-of-3
|t:|1757852532
|gametype|doubles
|player|p1|Masehood|linebacker|1211
|player|p2|PreparationHHH|zinzolin|1104
|gen|9
|tier|[Gen 9] VGC 2025 Reg H (Bo3)
|rated|
|rule|Species Clause: Limit one of each Pokémon
|rule|Item Clause: Limit 1 of each item
|clearpoke
|poke|p1|Archaludon, L50, M|
|poke|p1|Pelipper, L50, M|
|poke|p1|Sinistcha-Masterpiece, L50|
|poke|p1|Dragonite, L50, M|
|poke|p1|Ursaluna, L50, M|
|poke|p1|Gholdengo, L50|
|poke|p2|Toedscruel, L50, M|
|poke|p2|Weezing-Galar, L50, M|
|poke|p2|Pelipper, L50, F|
|poke|p2|Archaludon, L50, M|
|poke|p2|Comfey, L50, F|
|poke|p2|Kingdra, L50, F|
|teampreview|4
|showteam|p1|Archaludon||AssaultVest|Stamina|ElectroShot,FlashCannon,BodyPress,Snarl|||M|||50|,,,,,Fighting]Pelipper||FocusSash|Drizzle|Hurricane,WideGuard,WeatherBall,Protect|||M|||50|,,,,,Ghost]Sinistcha-Masterpiece||SitrusBerry|Hospitality|RagePowder,MatchaGotcha,TrickRoom,LifeDew||||||50|,,,,,Dark]Dragonite||LoadedDice|Multiscale|ScaleShot,Tailwind,Haze,Protect|||M|||50|,,,,,Fairy]Ursaluna||FlameOrb|Guts|HeadlongRush,Facade,Earthquake,Protect|||M|||50|,,,,,Ghost]Gholdengo||ChoiceScarf|GoodasGold|MakeItRain,ShadowBall,TeraBlast,Trick||||||50|,,,,,Water
|showteam|p2|Toedscruel||CovertCloak|MyceliumMight|Spore,BulletSeed,Protect,EarthPower|||M|||50|,,,,,Water]Weezing-Galar||SitrusBerry|NeutralizingGas|Taunt,SludgeBomb,Protect,DazzlingGleam|||M|||50|,,,,,Ghost]Pelipper||ChoiceScarf|Drizzle|WeatherBall,Hurricane,Tailwind,Uturn|||F|||50|,,,,,Ghost]Archaludon||AssaultVest|Stamina|ElectroShot,Snarl,BodyPress,FlashCannon|||M|||50|,,,,,Grass]Comfey||SafetyGoggles|Triage|DrainingKiss,FloralHealing,LightScreen,Protect|||F|||50|,,,,,Steel]Kingdra||LifeOrb|SwiftSwim|WeatherBall,Surf,DracoMeteor,Protect|||F|||50|,,,,,Steel
|inactive|Battle timer is ON: inactive players will automatically lose when time's up. (requested by Masehood)
|
|t:|1757852561
|teamsize|p1|4
|teamsize|p2|4
|start
|switch|p1a: Ursaluna|Ursaluna, L50, M|100/100
|switch|p1b: Gholdengo|Gholdengo, L50|100/100
|switch|p2a: Pelipper|Pelipper, L50, F|100/100
|switch|p2b: Kingdra|Kingdra, L50, F|100/100
|-weather|RainDance|[from] ability: Drizzle|[of] p2a: Pelipper
|turn|1
|inactive|Masehood has 30 seconds left.
|inactive|Masehood has 20 seconds left.
|
|t:|1757852601
|switch|p2a: Archaludon|Archaludon, L50, M|100/100
|-terastallize|p1b: Gholdengo|Water
|move|p1a: Ursaluna|Protect|p1a: Ursaluna
|-singleturn|p1a: Ursaluna|Protect
|move|p2b: Kingdra|Surf|p1b: Gholdengo|[spread] p2a,p1b
|-activate|p1a: Ursaluna|move: Protect
|-resisted|p2a: Archaludon
|-resisted|p1b: Gholdengo
|-damage|p2a: Archaludon|81/100
|-damage|p1b: Gholdengo|67/100
|-ability|p2a: Archaludon|Stamina|boost
|-boost|p2a: Archaludon|def|1
|-damage|p2b: Kingdra|91/100|[from] item: Life Orb
|move|p1b: Gholdengo|Shadow Ball|p2b: Kingdra
|-damage|p2b: Kingdra|39/100
|
|-weather|RainDance|[upkeep]
|-status|p1a: Ursaluna|brn|[from] item: Flame Orb
|upkeep
|turn|2
|inactive|Masehood has 30 seconds left.
|inactive|PreparationHHH has 30 seconds left.
|inactive|PreparationHHH has 20 seconds left.
|
|t:|1757852640
|switch|p1a: Sinistcha|Sinistcha-Masterpiece, L50|100/100
|-heal|p1b: Gholdengo|91/100|[from] ability: Hospitality|[of] p1a: Sinistcha
|move|p2b: Kingdra|Weather Ball|p1a: Sinistcha
|-resisted|p1a: Sinistcha
|-damage|p1a: Sinistcha|63/100
|-damage|p2b: Kingdra|29/100|[from] item: Life Orb
|move|p1b: Gholdengo|Shadow Ball|p2a: Archaludon
|-damage|p2a: Archaludon|49/100
|-unboost|p2a: Archaludon|spd|1
|-ability|p2a: Archaludon|Stamina|boost
|-boost|p2a: Archaludon|def|1
|move|p2a: Archaludon|Electro Shot||[still]
|-prepare|p2a: Archaludon|Electro Shot
|-boost|p2a: Archaludon|spa|1
|-anim|p2a: Archaludon|Electro Shot|p1b: Gholdengo
|-supereffective|p1b: Gholdengo
|-damage|p1b: Gholdengo|0 fnt
|faint|p1b: Gholdengo
|
|-weather|RainDance|[upkeep]
|upkeep
|
|t:|1757852662
|switch|p1b: Ursaluna|Ursaluna, L50, M|100/100 brn
|turn|3
|
|t:|1757852679
|move|p2b: Kingdra|Protect|p2b: Kingdra
|-singleturn|p2b: Kingdra|Protect
|move|p1b: Ursaluna|Protect|p1b: Ursaluna
|-singleturn|p1b: Ursaluna|Protect
|move|p2a: Archaludon|Snarl|p1b: Ursaluna|[spread] p1a
|-activate|p1b: Ursaluna|move: Protect
|-supereffective|p1a: Sinistcha
|-damage|p1a: Sinistcha|30/100
|-unboost|p1a: Sinistcha|spa|1
|-enditem|p1a: Sinistcha|Sitrus Berry|[eat]
|-heal|p1a: Sinistcha|54/100|[from] item: Sitrus Berry
|move|p1a: Sinistcha|Trick Room|p1a: Sinistcha
|-fieldstart|move: Trick Room|[of] p1a: Sinistcha
|
|-weather|RainDance|[upkeep]
|-damage|p1b: Ursaluna|95/100 brn|[from] brn
|upkeep
|turn|4
|
|t:|1757852695
|move|p1a: Sinistcha|Life Dew|p1a: Sinistcha|[spread] p1a,p1b
|-heal|p1a: Sinistcha|80/100
|-heal|p1b: Ursaluna|100/100 brn
|move|p1b: Ursaluna|Earthquake|p2a: Archaludon|[spread] p1a,p2a,p2b
|-resisted|p1a: Sinistcha
|-supereffective|p2a: Archaludon
|-damage|p1a: Sinistcha|50/100
|-damage|p2a: Archaludon|2/100
|-damage|p2b: Kingdra|0 fnt
|-ability|p2a: Archaludon|Stamina|boost
|-boost|p2a: Archaludon|def|1
|faint|p2b: Kingdra
|move|p2a: Archaludon|Snarl|p1b: Ursaluna|[spread] p1a,p1b
|-supereffective|p1a: Sinistcha
|-damage|p1a: Sinistcha|12/100
|-damage|p1b: Ursaluna|82/100 brn
|-unboost|p1a: Sinistcha|spa|1
|-unboost|p1b: Ursaluna|spa|1
|
|-weather|RainDance|[upkeep]
|-damage|p1b: Ursaluna|76/100 brn|[from] brn
|upkeep
|
|t:|1757852710
|switch|p2b: Comfey|Comfey, L50, F|100/100
|turn|5
|
|t:|1757852724
|-terastallize|p2a: Archaludon|Grass
|move|p2b: Comfey|Floral Healing|p2a: Archaludon
|-heal|p2a: Archaludon|52/100
|move|p1a: Sinistcha|Life Dew|p1a: Sinistcha|[spread] p1a,p1b
|-heal|p1a: Sinistcha|38/100
|-heal|p1b: Ursaluna|100/100 brn
|move|p1b: Ursaluna|Headlong Rush|p2a: Archaludon
|-resisted|p2a: Archaludon
|-damage|p2a: Archaludon|36/100
|-unboost|p1b: Ursaluna|def|1
|-unboost|p1b: Ursaluna|spd|1
|-ability|p2a: Archaludon|Stamina|boost
|-boost|p2a: Archaludon|def|1
|move|p2a: Archaludon|Snarl|p1b: Ursaluna|[spread] p1a,p1b
|-supereffective|p1a: Sinistcha
|-damage|p1a: Sinistcha|3/100
|-damage|p1b: Ursaluna|75/100 brn
|-unboost|p1a: Sinistcha|spa|1
|-unboost|p1b: Ursaluna|spa|1
|
|-weather|none
|-damage|p1b: Ursaluna|69/100 brn|[from] brn
|upkeep
|turn|6
|
|t:|1757852747
|move|p2b: Comfey|Floral Healing|p2a: Archaludon
|-heal|p2a: Archaludon|86/100
|move|p1a: Sinistcha|Life Dew|p1a: Sinistcha|[spread] p1a,p1b
|-heal|p1a: Sinistcha|28/100
|-heal|p1b: Ursaluna|94/100 brn
|move|p1b: Ursaluna|Facade|p2a: Archaludon
|-damage|p2a: Archaludon|54/100
|-ability|p2a: Archaludon|Stamina|boost
|-boost|p2a: Archaludon|def|1
|move|p2a: Archaludon|Snarl|p1a: Sinistcha|[spread] p1a,p1b
|-supereffective|p1a: Sinistcha
|-damage|p1a: Sinistcha|0 fnt
|-damage|p1b: Ursaluna|68/100 brn
|-unboost|p1b: Ursaluna|spa|1
|faint|p1a: Sinistcha
|
|-damage|p1b: Ursaluna|62/100 brn|[from] brn
|upkeep
|
|t:|1757852752
|switch|p1a: Dragonite|Dragonite, L50, M|100/100
|turn|7
|inactive|PreparationHHH has 30 seconds left.
|inactive|PreparationHHH has 20 seconds left.
|
|t:|1757852788
|move|p1b: Ursaluna|Protect|p1b: Ursaluna
|-singleturn|p1b: Ursaluna|Protect
|move|p2b: Comfey|Draining Kiss|p1a: Dragonite
|-supereffective|p1a: Dragonite
|-damage|p1a: Dragonite|86/100
|move|p2a: Archaludon|Flash Cannon|p1a: Dragonite
|-damage|p1a: Dragonite|24/100
|move|p1a: Dragonite|Haze|p1a: Dragonite
|-clearallboost
|
|-damage|p1b: Ursaluna|56/100 brn|[from] brn
|-fieldend|move: Trick Room
|upkeep
|turn|8
|inactive|PreparationHHH has 30 seconds left.
|
|t:|1757852817
|move|p2b: Comfey|Floral Healing|p2a: Archaludon
|-heal|p2a: Archaludon|100/100
|move|p1a: Dragonite|Tailwind|p1a: Dragonite
|-sidestart|p1: Masehood|move: Tailwind
|move|p1b: Ursaluna|Facade|p2a: Archaludon
|-damage|p2a: Archaludon|17/100
|-ability|p2a: Archaludon|Stamina|boost
|-boost|p2a: Archaludon|def|1
|move|p2a: Archaludon|Body Press|p1b: Ursaluna
|-supereffective|p1b: Ursaluna
|-damage|p1b: Ursaluna|5/100 brn
|
|-damage|p1b: Ursaluna|0 fnt|[from] brn
|faint|p1b: Ursaluna
|upkeep
|turn|9
|-message|Masehood forfeited.
|
|win|PreparationHHH
|l|☆Masehood
|player|p1|
||Masehood is ready for game 2.
