|j|☆OOF? YEE?
|j|☆CrystalGem02
|html|OOF? YEE?CrystalGem02    
|uhtml|bestof|Game 2 of a best-of-3
|t:|1756299927
|gametype|doubles
|player|p1|OOF? YEE?|265|1369
|player|p2|CrystalGem02|valerie|1236
|gen|9
|tier|[Gen 9] VGC 2025 Reg H (Bo3)
|rated|
|rule|Species Clause: Limit one of each Pokémon
|rule|Item Clause: Limit 1 of each item
|clearpoke
|poke|p1|Archaludon, L50, F|
|poke|p1|Pelipper, L50, F|
|poke|p1|Basculegion, L50, M|
|poke|p1|Toedscruel, L50, F|
|poke|p1|Comfey, L50, F|
|poke|p1|Weezing, L50, F|
|poke|p2|Ursaluna, L50, M|
|poke|p2|Porygon2, L50|
|poke|p2|Incineroar, L50, F|
|poke|p2|Yanmega, L50, M|
|poke|p2|Sneasler, L50, M|
|poke|p2|Archaludon, L50, M|
|teampreview|4
|showteam|p1|Archaludon||AssaultVest|Stamina|ElectroShot,BodyPress,FlashCannon,Snarl|||F|||50|,,,,,Grass]Pelipper||ChoiceScarf|Drizzle|Tailwind,Hurricane,WeatherBall,Uturn|||F|||50|,,,,,Ghost]Basculegion||MysticWater|SwiftSwim|Protect,FlipTurn,WaveCrash,LastRespects|||M|||50|,,,,,Dragon]Toedscruel||CovertCloak|MyceliumMight|Spore,EarthPower,BulletSeed,RagePowder|||F|||50|,,,,,Water]Comfey||SafetyGoggles|Triage|DrainingKiss,FloralHealing,Taunt,Protect|||F|||50|,,,,,Steel]Weezing||ChoiceSpecs|NeutralizingGas|DarkPulse,DestinyBond,ClearSmog,SludgeBomb|||F|||50|,,,,,Ghost
|showteam|p2|Ursaluna||FlameOrb|Guts|Facade,HeadlongRush,Earthquake,Protect|||M|||50|,,,,,Ghost]Porygon2||Eviolite|Download|TeraBlast,IceBeam,Recover,TrickRoom||||||50|,,,,,Flying]Incineroar||SafetyGoggles|Intimidate|FlareBlitz,KnockOff,PartingShot,FakeOut|||F|||50|,,,,,Ghost]Yanmega||FocusSash|SpeedBoost|BugBuzz,AirSlash,Tailwind,Protect|||M|||50|,,,,,Ghost]Sneasler||WhiteHerb|Unburden|DireClaw,CloseCombat,ThroatChop,Protect|||M|||50|,,,,,Stellar]Archaludon||PowerHerb|Stalwart|ElectroShot,DragonPulse,Thunderbolt,Protect|||M|||50|,,,,,Electric
|inactive|Battle timer is ON: inactive players will automatically lose when time's up. (requested by CrystalGem02)
|inactive|OOF? YEE? has 60 seconds left.
|
|t:|1756299964
|teamsize|p1|4
|teamsize|p2|4
|start
|switch|p1a: Pelipper|Pelipper, L50, F|100/100
|switch|p1b: Basculegion|Basculegion, L50, M|100/100
|switch|p2a: Yanmega|Yanmega, L50, M, shiny|100/100
|switch|p2b: Sneasler|Sneasler, L50, M|100/100
|-weather|RainDance|[from] ability: Drizzle|[of] p1a: Pelipper
|turn|1
|
|t:|1756299975
|switch|p1b: Archaludon|Archaludon, L50, F|100/100
|move|p2b: Sneasler|Protect|p2b: Sneasler
|-singleturn|p2b: Sneasler|Protect
|move|p2a: Yanmega|Protect|p2a: Yanmega
|-singleturn|p2a: Yanmega|Protect
|move|p1a: Pelipper|U-turn|p1b: Archaludon
|-resisted|p1b: Archaludon
|-damage|p1b: Archaludon|97/100
|-ability|p1b: Archaludon|Stamina|boost
|-boost|p1b: Archaludon|def|1
|
|t:|1756299983
|switch|p1a: Basculegion|Basculegion, L50, M|100/100|[from] U-turn
|
|-weather|RainDance|[upkeep]
|-ability|p2a: Yanmega|Speed Boost|boost
|-boost|p2a: Yanmega|spe|1
|upkeep
|turn|2
|inactive|CrystalGem02 has 30 seconds left.
|inactive|CrystalGem02 has 20 seconds left.
|inactive|CrystalGem02 has 15 seconds left.
|inactive|CrystalGem02 has 10 seconds left.
|inactive|CrystalGem02 has 5 seconds left.
|
|t:|1756300038
|switch|p2b: Archaludon|Archaludon, L50, M|100/100
|move|p2a: Yanmega|Protect|p2a: Yanmega
|-singleturn|p2a: Yanmega|Protect
|move|p1a: Basculegion|Flip Turn|p2b: Archaludon
|-resisted|p2b: Archaludon
|-damage|p2b: Archaludon|81/100
|
|t:|1756300050
|switch|p1a: Comfey|Comfey, L50, F|100/100|[from] Flip Turn
|move|p1b: Archaludon|Electro Shot||[still]
|-prepare|p1b: Archaludon|Electro Shot
|-boost|p1b: Archaludon|spa|1
|-anim|p1b: Archaludon|Electro Shot|p2b: Archaludon
|-resisted|p2b: Archaludon
|-damage|p2b: Archaludon|46/100
|
|-weather|RainDance|[upkeep]
|-ability|p2a: Yanmega|Speed Boost|boost
|-boost|p2a: Yanmega|spe|1
|upkeep
|turn|3
|
|t:|1756300066
|move|p1a: Comfey|Protect|p1a: Comfey
|-singleturn|p1a: Comfey|Protect
|move|p2a: Yanmega|Tailwind|p2a: Yanmega
|-sidestart|p2: CrystalGem02|move: Tailwind
|move|p2b: Archaludon|Electro Shot||[still]
|-prepare|p2b: Archaludon|Electro Shot
|-boost|p2b: Archaludon|spa|1
|-anim|p2b: Archaludon|Electro Shot|p1a: Comfey
|-activate|p1a: Comfey|move: Protect
|move|p1b: Archaludon|Electro Shot||[still]
|-prepare|p1b: Archaludon|Electro Shot
|-boost|p1b: Archaludon|spa|1
|-anim|p1b: Archaludon|Electro Shot|p2b: Archaludon
|-resisted|p2b: Archaludon
|-damage|p2b: Archaludon|0 fnt
|faint|p2b: Archaludon
|
|-weather|RainDance|[upkeep]
|-ability|p2a: Yanmega|Speed Boost|boost
|-boost|p2a: Yanmega|spe|1
|upkeep
|
|t:|1756300088
|switch|p2b: Ursaluna|Ursaluna, L50, M, shiny|100/100
|turn|4
|
|t:|1756300109
|move|p1a: Comfey|Draining Kiss|p1b: Archaludon
|-damage|p1b: Archaludon|88/100
|-ability|p1b: Archaludon|Stamina|boost
|-boost|p1b: Archaludon|def|1
|move|p2a: Yanmega|Air Slash|p1a: Comfey
|-damage|p1a: Comfey|64/100
|move|p2b: Ursaluna|Facade|p1a: Comfey
|-damage|p1a: Comfey|28/100
|move|p1b: Archaludon|Electro Shot||[still]
|-prepare|p1b: Archaludon|Electro Shot
|-boost|p1b: Archaludon|spa|1
|-anim|p1b: Archaludon|Electro Shot|p2a: Yanmega
|-supereffective|p2a: Yanmega
|-enditem|p2a: Yanmega|Focus Sash
|-damage|p2a: Yanmega|1/100
|
|-weather|RainDance|[upkeep]
|-ability|p2a: Yanmega|Speed Boost|boost
|-boost|p2a: Yanmega|spe|1
|-status|p2b: Ursaluna|brn|[from] item: Flame Orb
|upkeep
|turn|5
|
|t:|1756300127
|move|p2a: Yanmega|Protect|p2a: Yanmega
|-singleturn|p2a: Yanmega|Protect
|move|p1a: Comfey|Protect|p1a: Comfey
|-singleturn|p1a: Comfey|Protect
|move|p2b: Ursaluna|Facade|p1a: Comfey
|-activate|p1a: Comfey|move: Protect
|move|p1b: Archaludon|Body Press|p2b: Ursaluna
|-supereffective|p2b: Ursaluna
|-damage|p2b: Ursaluna|40/100 brn
|
|-weather|none
|-damage|p2b: Ursaluna|34/100 brn|[from] brn
|-ability|p2a: Yanmega|Speed Boost|boost
|-boost|p2a: Yanmega|spe|1
|upkeep
|turn|6
|
|t:|1756300144
|switch|p2a: Sneasler|Sneasler, L50, M|100/100
|switch|p1a: Pelipper|Pelipper, L50, F|100/100
|-weather|RainDance|[from] ability: Drizzle|[of] p1a: Pelipper
|move|p2b: Ursaluna|Headlong Rush|p1b: Archaludon
|-supereffective|p1b: Archaludon
|-damage|p1b: Archaludon|20/100
|-unboost|p2b: Ursaluna|def|1
|-unboost|p2b: Ursaluna|spd|1
|-ability|p1b: Archaludon|Stamina|boost
|-boost|p1b: Archaludon|def|1
|move|p1b: Archaludon|Snarl|p2a: Sneasler|[spread] p2a,p2b
|-resisted|p2a: Sneasler
|-damage|p2a: Sneasler|81/100
|-damage|p2b: Ursaluna|0 fnt
|-unboost|p2a: Sneasler|spa|1
|faint|p2b: Ursaluna
|-enditem|p2a: Sneasler|White Herb
|-clearnegativeboost|p2a: Sneasler|[silent]
|
|-weather|RainDance|[upkeep]
|-sideend|p2: CrystalGem02|move: Tailwind
|upkeep
|
|t:|1756300157
|switch|p2b: Yanmega|Yanmega, L50, M, shiny|1/100
|turn|7
|inactive|OOF? YEE? has 30 seconds left.
|
|t:|1756300184
|switch|p1b: Basculegion|Basculegion, L50, M|100/100
|move|p2a: Sneasler|Dire Claw|p1a: Pelipper
|-damage|p1a: Pelipper|47/100
|-status|p1a: Pelipper|par
|move|p2b: Yanmega|Tailwind|p2b: Yanmega
|-sidestart|p2: CrystalGem02|move: Tailwind
|cant|p1a: Pelipper|par
|
|-weather|RainDance|[upkeep]
|-ability|p2b: Yanmega|Speed Boost|boost
|-boost|p2b: Yanmega|spe|1
|upkeep
|turn|8
|inactive|CrystalGem02 has 30 seconds left.
|
|t:|1756300209
|-terastallize|p2a: Sneasler|Stellar
|move|p2a: Sneasler|Throat Chop|p1b: Basculegion
|-supereffective|p1b: Basculegion
|-damage|p1b: Basculegion|21/100
|-start|p1b: Basculegion|Throat Chop|[silent]
|move|p2b: Yanmega|Air Slash|p1b: Basculegion
|-damage|p1b: Basculegion|0 fnt
|faint|p1b: Basculegion
|move|p1a: Pelipper|U-turn|p2b: Yanmega
|-resisted|p2b: Yanmega
|-damage|p2b: Yanmega|0 fnt
|faint|p2b: Yanmega
|inactive|OOF? YEE? has 30 seconds left.
|inactive|OOF? YEE? has 20 seconds left.
|inactive|OOF? YEE? has 15 seconds left.
|
|t:|1756300253
|switch|p1a: Comfey|Comfey, L50, F|28/100|[from] U-turn
|
|-weather|RainDance|[upkeep]
|upkeep
|
|t:|1756300264
|switch|p1b: Archaludon|Archaludon, L50, F|20/100
|turn|9
|
|t:|1756300272
|-terastallize|p1b: Archaludon|Grass
|move|p1a: Comfey|Floral Healing|p1b: Archaludon
|-heal|p1b: Archaludon|70/100
|move|p2a: Sneasler|Dire Claw|p1b: Archaludon
|-supereffective|p1b: Archaludon
|-damage|p1b: Archaludon|0 fnt
|faint|p1b: Archaludon
|
|-weather|RainDance|[upkeep]
|upkeep
|
|t:|1756300275
|switch|p1b: Pelipper|Pelipper, L50, F|47/100 par
|turn|10
|
|t:|1756300284
|move|p1a: Comfey|Floral Healing|p1b: Pelipper
|-heal|p1b: Pelipper|97/100 par
|move|p2a: Sneasler|Dire Claw|p1a: Comfey
|-supereffective|p1a: Comfey
|-damage|p1a: Comfey|0 fnt
|faint|p1a: Comfey
|cant|p1b: Pelipper|par
|
|-weather|none
|-sideend|p2: CrystalGem02|move: Tailwind
|upkeep
|turn|11
|
|t:|1756300303
|move|p2a: Sneasler|Protect|p2a: Sneasler
|-singleturn|p2a: Sneasler|Protect
|move|p1b: Pelipper|Hurricane|p2a: Sneasler
|-activate|p2a: Sneasler|move: Protect
|
|upkeep
|turn|12
|
|t:|1756300312
|move|p2a: Sneasler|Dire Claw|p1b: Pelipper
|-damage|p1b: Pelipper|41/100 par
|move|p1b: Pelipper|Hurricane|p2a: Sneasler|[miss]
|-miss|p1b: Pelipper|p2a: Sneasler
|
|upkeep
|turn|13
|
|t:|1756300319
|move|p2a: Sneasler|Dire Claw|p1b: Pelipper
|-damage|p1b: Pelipper|0 fnt
|faint|p1b: Pelipper
|
|win|CrystalGem02
