|j|☆empotato
|j|☆MaaxidiazzVGC
|html|empotatoMaaxidiazzVGC    
|uhtml|bestof|Game 1 of a best-of-3
|t:|1783141126
|gametype|doubles
|player|p1|empotato|cynthia-gen4|1246
|player|p2|MaaxidiazzVGC|cynthia-gen4|1240
|gen|9
|tier|[Gen 9 Champions] VGC 2026 Reg M-B (Bo3)
|rated|
|rule|Species Clause: Limit one of each Pokémon
|rule|Item Clause: Limit 1 of each item
|clearpoke
|poke|p1|Hydreigon, L50, F|
|poke|p1|Garchomp, L50, M|
|poke|p1|Metagross, L50|
|poke|p1|Charizard, L50, M|
|poke|p1|Grimmsnarl, L50, M|
|poke|p1|Toxapex, L50, M|
|poke|p2|Charizard, L50, F|
|poke|p2|Whimsicott, L50, M|
|poke|p2|Basculegion, L50, M|
|poke|p2|Garchomp, L50, M|
|poke|p2|Kingambit, L50, F|
|poke|p2|Floette-Eternal, L50, F|
|teampreview|4
|showteam|p1|Hydreigon||ChoiceScarf|Levitate|HeatWave,DarkPulse,DracoMeteor,Snarl|Modest||F|||50|]Garchomp||SitrusBerry|RoughSkin|Earthquake,RockSlide,DragonClaw,Protect|Adamant||M|||50|]Metagross||Metagrossite|ClearBody|IronHead,HammerArm,BulletPunch,Protect|Adamant|||||50|]Charizard||CharizarditeY|Blaze|Protect,HeatWave,SolarBeam,WeatherBall|Timid||M|||50|]Grimmsnarl||RoseliBerry|Prankster|FakeOut,FoulPlay,Reflect,PartingShot|Sassy||M|||50|]Toxapex||Leftovers|Regenerator|Infestation,Toxic,BanefulBunker,WideGuard|Bold||M|||50|
|showteam|p2|Charizard||CharizarditeY|Blaze|HeatWave,SolarBeam,WeatherBall,Protect|Modest||F|||50|]Whimsicott||FocusSash|Prankster|Moonblast,Encore,Tailwind,Protect|Timid||M|||50|]Basculegion||MysticWater|Adaptability|WaveCrash,LastRespects,AquaJet,FlipTurn|Adamant||M|||50|]Garchomp||LifeOrb|RoughSkin|Earthquake,DragonClaw,RockSlide,Protect|Jolly||M|||50|]Kingambit||BlackGlasses|Defiant|KowtowCleave,IronHead,SuckerPunch,Protect|Adamant||F|||50|]Floette-Eternal||Floettite|FlowerVeil|Moonblast,LightofRuin,DazzlingGleam,Protect|Timid||F|||50|
|inactive|Battle timer is ON: inactive players will automatically lose when time's up. (requested by MaaxidiazzVGC)
|inactive|empotato has 60 seconds left.
|inactive|MaaxidiazzVGC has 60 seconds left.
|inactive|MaaxidiazzVGC has 30 seconds left.
|inactive|MaaxidiazzVGC has 20 seconds left.
|
|t:|1783141216
|teamsize|p1|4
|teamsize|p2|4
|start
|switch|p1a: Hydreigon|Hydreigon, L50, F|100/100
|switch|p1b: Grimmsnarl|Grimmsnarl, L50, M|100/100
|switch|p2a: Whimsicott|Whimsicott, L50, M|100/100
|switch|p2b: Charizard|Charizard, L50, F|100/100
|turn|1
|inactive|empotato has 30 seconds left.
|inactive|empotato has 20 seconds left.
|inactive|empotato has 15 seconds left.
|l|☆MaaxidiazzVGC
|inactive|MaaxidiazzVGC disconnected and has a minute to reconnect!
|player|p2|
|inactive|empotato has 10 seconds left.
|inactive|empotato has 5 seconds left.
|
|t:|1783141268
|switch|p2b: Kingambit|Kingambit, L50, F|100/100
|move|p1b: Grimmsnarl|Fake Out|p2a: Whimsicott
|-damage|p2a: Whimsicott|82/100
|move|p1a: Hydreigon|Snarl|p2a: Whimsicott|[spread] p2a,p2b
|-resisted|p2a: Whimsicott|1
|-resisted|p2b: Kingambit|1
|-damage|p2a: Whimsicott|65/100
|-damage|p2b: Kingambit|92/100
|-unboost|p2a: Whimsicott|spa|1
|-unboost|p2b: Kingambit|spa|1
|-ability|p2b: Kingambit|Defiant|boost
|-boost|p2b: Kingambit|atk|2
|cant|p2a: Whimsicott|flinch
|
|upkeep
|turn|2
|j|☆MaaxidiazzVGC
|inactive|MaaxidiazzVGC reconnected and has 50 seconds left.
|player|p2|MaaxidiazzVGC|cynthia-gen4|
|inactive|empotato has 30 seconds left.
|
|t:|1783141297
|switch|p1a: Charizard|Charizard, L50, M|100/100
|move|p1b: Grimmsnarl|Reflect|p1b: Grimmsnarl
|-sidestart|p1: empotato|Reflect
|move|p2a: Whimsicott|Moonblast|p1a: Charizard
|-resisted|p1a: Charizard|1
|-damage|p1a: Charizard|86/100
|move|p2b: Kingambit|Iron Head|p1b: Grimmsnarl
|-supereffective|p1b: Grimmsnarl|1
|-damage|p1b: Grimmsnarl|0 fnt
|faint|p1b: Grimmsnarl
|
|upkeep
|
|t:|1783141303
|switch|p1b: Garchomp|Garchomp, L50, M|100/100
|turn|3
|
|t:|1783141324
|switch|p2a: Garchomp|Garchomp, L50, M|100/100
|detailschange|p1a: Charizard|Charizard-Mega-Y, L50, M
|-mega|p1a: Charizard|Charizard|Charizardite Y
|-weather|SunnyDay|[from] ability: Drought|[of] p1a: Charizard
|move|p2b: Kingambit|Sucker Punch|p1a: Charizard
|-damage|p1a: Charizard|21/100
|move|p1a: Charizard|Heat Wave|p2a: Garchomp|[spread] p2a,p2b
|-resisted|p2a: Garchomp|1
|-supereffective|p2b: Kingambit|1
|-damage|p2a: Garchomp|69/100
|-damage|p2b: Kingambit|0 fnt
|faint|p2b: Kingambit
|move|p1b: Garchomp|Earthquake|p2a: Garchomp|[spread] p2a
|-immune|p1a: Charizard
|-damage|p2a: Garchomp|32/100
|
|-weather|SunnyDay|[upkeep]
|upkeep
|
|t:|1783141338
|switch|p2b: Charizard|Charizard, L50, F|100/100
|turn|4
|
|t:|1783141349
|switch|p1a: Hydreigon|Hydreigon, L50, F|100/100
|move|p2b: Charizard|Protect|p2b: Charizard
|-singleturn|p2b: Charizard|Protect
|move|p2a: Garchomp|Dragon Claw|p1b: Garchomp
|-supereffective|p1b: Garchomp|1
|-damage|p1b: Garchomp|38/100
|-damage|p2a: Garchomp|20/100y|[from] ability: Rough Skin|[of] p1b: Garchomp
|-enditem|p1b: Garchomp|Sitrus Berry|[eat]
|-heal|p1b: Garchomp|63/100|[from] item: Sitrus Berry
|-damage|p2a: Garchomp|10/100|[from] item: Life Orb
|move|p1b: Garchomp|Rock Slide|p2b: Charizard|[spread] p2a
|-activate|p2b: Charizard|move: Protect
|-resisted|p2a: Garchomp|1
|-damage|p2a: Garchomp|1/100
|
|-weather|SunnyDay|[upkeep]
|upkeep
|turn|5
|
|t:|1783141373
|detailschange|p2b: Charizard|Charizard-Mega-Y, L50, F
|-mega|p2b: Charizard|Charizard|Charizardite Y
|move|p1a: Hydreigon|Snarl|p2a: Garchomp|[spread] p2a,p2b
|-damage|p2a: Garchomp|0 fnt
|-damage|p2b: Charizard|78/100
|-unboost|p2b: Charizard|spa|1
|faint|p2a: Garchomp
|move|p2b: Charizard|Solar Beam||[still]
|-prepare|p2b: Charizard|Solar Beam
|-anim|p2b: Charizard|Solar Beam|p1b: Garchomp
|-damage|p1b: Garchomp|31/100
|move|p1b: Garchomp|Rock Slide|p2b: Charizard
|-supereffective|p2b: Charizard|2
|-damage|p2b: Charizard|0 fnt
|faint|p2b: Charizard
|
|-weather|SunnyDay|[upkeep]
|upkeep
|-message|MaaxidiazzVGC forfeited.
|raw|empotato's rating: 1246 → 1272(+26 for winning)
|raw|MaaxidiazzVGC's rating: 1256 → 1230(-26 for losing)
|
|win|empotato
|l|☆MaaxidiazzVGC
|player|p2|
