|j|☆maxpower78
|j|☆AXO of DOOM
|html|maxpower78AXO of DOOM    
|uhtml|bestof|Game 1 of a best-of-3
|t:|1757909904
|gametype|doubles
|player|p1|maxpower78|266|1124
|player|p2|AXO of DOOM|101|1227
|gen|9
|tier|[Gen 9] VGC 2025 Reg H (Bo3)
|rated|
|rule|Species Clause: Limit one of each Pokémon
|rule|Item Clause: Limit 1 of each item
|clearpoke
|poke|p1|Chandelure, L50, M|
|poke|p1|Ursaluna-Bloodmoon, L50, M|
|poke|p1|Amoonguss, L50, M|
|poke|p1|Kingambit, L50, M|
|poke|p1|Dragonite, L50, M|
|poke|p1|Annihilape, L50, F|
|poke|p2|Annihilape, L50, F|
|poke|p2|Ursaluna-Bloodmoon, L50, M|
|poke|p2|Tyranitar, L50, M|
|poke|p2|Sneasler, L50, M|
|poke|p2|Volcarona, L50, F|
|poke|p2|Indeedee, L50, M|
|teampreview|4
|showteam|p1|Chandelure||MentalHerb|FlashFire|HeatWave,ShadowBall,Protect,TrickRoom|||M|||50|,,,,,Grass]Ursaluna-Bloodmoon||AssaultVest|MindsEye|BloodMoon,EarthPower,HyperVoice,VacuumWave|||M|||50|,,,,,Normal]Amoonguss||RockyHelmet|Regenerator|Protect,ClearSmog,Spore,RagePowder|||M|||50|,,,,,Water]Kingambit||BlackGlasses|Defiant|KowtowCleave,SuckerPunch,SwordsDance,Protect|||M|||50|,,,,,Ghost]Dragonite||LoadedDice|Multiscale|ScaleShot,Tailwind,Protect,IceSpinner|||M|||50|,,,,,Fairy]Annihilape||PunchingGlove|Defiant|RageFist,DrainPunch,BulkUp,Protect|||F|||50|,,,,,Fire
|showteam|p2|Annihilape||SafetyGoggles|Defiant|CloseCombat,RageFist,Taunt,FinalGambit|||F|||50|,,,,,Fairy]Ursaluna-Bloodmoon||LifeOrb|MindsEye|BloodMoon,HyperVoice,EarthPower,Protect|||M|||50|,,,,,Normal]Tyranitar||AssaultVest|SandStream|RockSlide,KnockOff,LowKick,TeraBlast|||M|||50|,,,,,Flying]Sneasler||PsychicSeed|Unburden|CloseCombat,DireClaw,ThroatChop,Protect|||M|||50|,,,,,Dark]Volcarona||SitrusBerry|FlameBody|Overheat,StruggleBug,RagePowder,Tailwind|||F|||50|,,,,,Grass]Indeedee||ChoiceScarf|PsychicSurge|ExpandingForce,TeraBlast,Trick,Protect|||M|||50|,,,,,Psychic
|
|t:|1757910007
|teamsize|p1|4
|teamsize|p2|4
|start
|switch|p1a: Chandelure|Chandelure, L50, M|100/100
|switch|p1b: Kingambit|Kingambit, L50, M|100/100
|switch|p2a: Sneasler|Sneasler, L50, M|100/100
|switch|p2b: Indeedee|Indeedee, L50, M|100/100
|-fieldstart|move: Psychic Terrain|[from] ability: Psychic Surge|[of] p2b: Indeedee
|-enditem|p2a: Sneasler|Psychic Seed
|-boost|p2a: Sneasler|spd|1|[from] item: Psychic Seed
|turn|1
|inactive|Battle timer is ON: inactive players will automatically lose when time's up. (requested by AXO of DOOM)
|inactive|maxpower78 has 60 seconds left.
|inactive|AXO of DOOM has 60 seconds left.
|
|t:|1757910064
|move|p1a: Chandelure|Protect|p1a: Chandelure
|-singleturn|p1a: Chandelure|Protect
|move|p1b: Kingambit|Protect|p1b: Kingambit
|-singleturn|p1b: Kingambit|Protect
|move|p2a: Sneasler|Close Combat|p1b: Kingambit
|-activate|p1b: Kingambit|move: Protect
|move|p2b: Indeedee|Expanding Force|p1a: Chandelure|[spread] 
|-activate|p1a: Chandelure|move: Protect
|-activate|p1b: Kingambit|move: Protect
|
|upkeep
|turn|2
|inactive|maxpower78 has 30 seconds left.
|inactive|maxpower78 has 20 seconds left.
|inactive|maxpower78 has 15 seconds left.
|inactive|maxpower78 has 10 seconds left.
|
|t:|1757910113
|switch|p1b: Dragonite|Dragonite, L50, M|100/100
|-terastallize|p2b: Indeedee|Psychic
|move|p2a: Sneasler|Close Combat|p1b: Dragonite
|-resisted|p1b: Dragonite
|-damage|p1b: Dragonite|83/100
|-unboost|p2a: Sneasler|def|1
|-unboost|p2a: Sneasler|spd|1
|move|p2b: Indeedee|Expanding Force|p1a: Chandelure|[spread] p1a,p1b
|-damage|p1a: Chandelure|11/100
|-damage|p1b: Dragonite|0 fnt
|faint|p1b: Dragonite
|move|p1a: Chandelure|Trick Room|p1a: Chandelure
|-fieldstart|move: Trick Room|[of] p1a: Chandelure
|
|upkeep
|
|t:|1757910127
|switch|p1b: Kingambit|Kingambit, L50, M|100/100
|turn|3
|inactive|AXO of DOOM has 30 seconds left.
|
|t:|1757910161
|switch|p2b: Volcarona|Volcarona, L50, F|100/100
|move|p2a: Sneasler|Protect|p2a: Sneasler
|-singleturn|p2a: Sneasler|Protect
|move|p1b: Kingambit|Kowtow Cleave|p2a: Sneasler
|-activate|p2a: Sneasler|move: Protect
|move|p1a: Chandelure|Heat Wave|p2b: Volcarona|[spread] 
|-activate|p2a: Sneasler|move: Protect
|-miss|p1a: Chandelure|p2b: Volcarona
|
|upkeep
|turn|4
|inactive|AXO of DOOM has 30 seconds left.
|
|t:|1757910194
|switch|p2a: Tyranitar|Tyranitar, L50, M|100/100
|-weather|Sandstorm|[from] ability: Sand Stream|[of] p2a: Tyranitar
|move|p1b: Kingambit|Kowtow Cleave|p2a: Tyranitar
|-resisted|p2a: Tyranitar
|-damage|p2a: Tyranitar|79/100
|move|p1a: Chandelure|Heat Wave|p2a: Tyranitar|[spread] p2a,p2b
|-resisted|p2a: Tyranitar
|-damage|p2a: Tyranitar|70/100
|-damage|p2b: Volcarona|61/100
|move|p2b: Volcarona|Overheat|p1b: Kingambit
|-supereffective|p1b: Kingambit
|-damage|p1b: Kingambit|0 fnt
|-unboost|p2b: Volcarona|spa|2
|faint|p1b: Kingambit
|
|-weather|Sandstorm|[upkeep]
|-damage|p1a: Chandelure|5/100|[from] Sandstorm
|-damage|p2b: Volcarona|55/100|[from] Sandstorm
|upkeep
|
|t:|1757910211
|switch|p1b: Ursaluna|Ursaluna-Bloodmoon, L50, M|100/100
|turn|5
|inactive|maxpower78 has 30 seconds left.
|inactive|AXO of DOOM has 30 seconds left.
|inactive|AXO of DOOM has 20 seconds left.
|
|t:|1757910246
|move|p1b: Ursaluna|Blood Moon|p2a: Tyranitar
|-resisted|p2a: Tyranitar
|-damage|p2a: Tyranitar|54/100
|move|p2a: Tyranitar|Low Kick|p1b: Ursaluna
|-supereffective|p1b: Ursaluna
|-damage|p1b: Ursaluna|38/100
|move|p1a: Chandelure|Shadow Ball|p2b: Volcarona
|-damage|p2b: Volcarona|15/100
|-enditem|p2b: Volcarona|Sitrus Berry|[eat]
|-heal|p2b: Volcarona|39/100|[from] item: Sitrus Berry
|move|p2b: Volcarona|Struggle Bug|p1b: Ursaluna|[spread] p1a,p1b
|-resisted|p1a: Chandelure
|-crit|p1b: Ursaluna
|-damage|p1a: Chandelure|2/100
|-damage|p1b: Ursaluna|14/100
|-unboost|p1a: Chandelure|spa|1
|-unboost|p1b: Ursaluna|spa|1
|
|-weather|Sandstorm|[upkeep]
|-damage|p1a: Chandelure|0 fnt|[from] Sandstorm
|-damage|p2b: Volcarona|33/100|[from] Sandstorm
|faint|p1a: Chandelure
|-fieldend|move: Psychic Terrain
|upkeep
|turn|6
|
|t:|1757910269
|move|p1b: Ursaluna|Vacuum Wave|p2a: Tyranitar
|-supereffective|p2a: Tyranitar
|-damage|p2a: Tyranitar|39/100
|move|p2a: Tyranitar|Knock Off|p1b: Ursaluna
|-damage|p1b: Ursaluna|0 fnt
|-enditem|p1b: Ursaluna|Assault Vest|[from] move: Knock Off|[of] p2a: Tyranitar
|faint|p1b: Ursaluna
|
|win|AXO of DOOM
||AXO of DOOM is ready for game 2.
|inactive|maxpower78 has 30 seconds to confirm battle start!
||maxpower78 is ready for game 2.
|uhtml|next|Next: Game 2 of 3
