|j|☆Giraldo567
|j|☆worldenddominat0r
|html|Giraldo567worldenddominat0r    
|uhtml|bestof|Game 1 of a best-of-3
|t:|1782256126
|gametype|doubles
|player|p1|Giraldo567|2|1153
|player|p2|worldenddominat0r|maid-gen6|1156
|gen|9
|tier|[Gen 9 Champions] VGC 2026 Reg M-B (Bo3)
|rated|
|rule|Species Clause: Limit one of each Pokémon
|rule|Item Clause: Limit 1 of each item
|clearpoke
|poke|p1|Charizard, L50, M|
|poke|p1|Milotic, L50, F|
|poke|p1|Incineroar, L50, M|
|poke|p1|Sneasler, L50, F|
|poke|p1|Basculegion, L50, M|
|poke|p1|Sinistcha-Masterpiece, L50|
|poke|p2|Staraptor, L50, M|
|poke|p2|Maushold-Four, L50|
|poke|p2|Ninetales-Alola, L50, M|
|poke|p2|Delphox, L50, F|
|poke|p2|Basculegion, L50, M|
|poke|p2|Kingambit, L50, F|
|teampreview|4
|showteam|p1|Charizard||CharizarditeY|Blaze|Protect,HeatWave,WeatherBall,SolarBeam|Modest||M|||50|]Milotic||Leftovers|Competitive|Coil,Hypnosis,Protect,MuddyWater|Calm||F|||50|]Incineroar||ChopleBerry|Intimidate|FakeOut,DarkestLariat,FlareBlitz,PartingShot|Adamant||M|||50|]Sneasler||FocusSash|PoisonTouch|FakeOut,DireClaw,CloseCombat,Protect|Adamant||F|||50|]Basculegion||ChoiceScarf|Adaptability|FlipTurn,WaveCrash,AquaJet,LastRespects|Jolly||M|||50|]Sinistcha-Masterpiece||SitrusBerry|Hospitality|RagePowder,Protect,MatchaGotcha,LifeDew|Bold|||||50|
|showteam|p2|Staraptor||Staraptite|Intimidate|CloseCombat,BraveBird,Protect,Tailwind|Adamant||M|||50|]Maushold-Four||FocusSash|FriendGuard|SuperFang,Protect,FollowMe,Encore|Jolly|||||50|]Ninetales-Alola||NeverMeltIce|SnowWarning|Blizzard,FreezeDry,IcyWind,Protect|Timid||M|||50|]Delphox||Delphoxite|Blaze|HeatWave,Psyshock,Protect,Substitute|Timid||F|||50|]Basculegion||ChoiceScarf|Adaptability|WaveCrash,LastRespects,FlipTurn,AquaJet|Jolly||M|||50|]Kingambit||BlackGlasses|Defiant|KowtowCleave,SuckerPunch,IronHead,Protect|Adamant||F|||50|
|inactive|Battle timer is ON: inactive players will automatically lose when time's up. (requested by worldenddominat0r)
|inactive|worldenddominat0r has 60 seconds left.
|inactive|worldenddominat0r has 30 seconds left.
|
|t:|1782256197
|teamsize|p1|4
|teamsize|p2|4
|start
|switch|p1a: Sneasler|Sneasler, L50, F|100/100
|switch|p1b: Charizard|Charizard, L50, M|100/100
|switch|p2a: Basculegion|Basculegion, L50, M|100/100
|switch|p2b: Delphox|Delphox, L50, F|100/100
|turn|1
|
|t:|1782256216
|switch|p1b: Incineroar|Incineroar, L50, M|100/100
|-ability|p1b: Incineroar|Intimidate|boost
|-unboost|p2a: Basculegion|atk|1
|-unboost|p2b: Delphox|atk|1
|move|p2b: Delphox|Protect|p2b: Delphox
|-singleturn|p2b: Delphox|Protect
|move|p1a: Sneasler|Fake Out|p2b: Delphox
|-activate|p2b: Delphox|move: Protect
|move|p2a: Basculegion|Wave Crash|p1b: Incineroar
|-supereffective|p1b: Incineroar|1
|-damage|p1b: Incineroar|0 fnt
|faint|p1b: Incineroar
|-damage|p2a: Basculegion|65/100|[from] Recoil
|
|upkeep
|
|t:|1782256229
|switch|p1b: Milotic|Milotic, L50, F|100/100
|turn|2
|inactive|worldenddominat0r has 30 seconds left.
|inactive|worldenddominat0r has 20 seconds left.
|inactive|worldenddominat0r has 15 seconds left.
|
|t:|1782256270
|switch|p2a: Maushold|Maushold-Four, L50|100/100
|move|p1a: Sneasler|Dire Claw|p2b: Delphox
|-damage|p2b: Delphox|43/100
|move|p2b: Delphox|Substitute|p2b: Delphox
|-start|p2b: Delphox|Substitute
|-damage|p2b: Delphox|18/100
|move|p1b: Milotic|Coil|p1b: Milotic
|-boost|p1b: Milotic|atk|1
|-boost|p1b: Milotic|def|1
|-boost|p1b: Milotic|accuracy|1
|
|upkeep
|turn|3
|
|t:|1782256286
|move|p2a: Maushold|Encore|p1b: Milotic
|-start|p1b: Milotic|Encore
|move|p1a: Sneasler|Dire Claw|p2b: Delphox
|-end|p2b: Delphox|Substitute
|move|p2b: Delphox|Psyshock|p1a: Sneasler
|-supereffective|p1a: Sneasler|2
|-enditem|p1a: Sneasler|Focus Sash
|-damage|p1a: Sneasler|1/100
|move|p1b: Milotic|Coil|p1b: Milotic
|-boost|p1b: Milotic|atk|1
|-boost|p1b: Milotic|def|1
|-boost|p1b: Milotic|accuracy|1
|
|upkeep
|turn|4
|
|t:|1782256299
|switch|p1a: Charizard|Charizard, L50, M|100/100
|move|p2a: Maushold|Follow Me|p2a: Maushold
|-singleturn|p2a: Maushold|move: Follow Me
|move|p2b: Delphox|Psyshock|p1a: Charizard
|-damage|p1a: Charizard|49/100
|move|p1b: Milotic|Coil|p1b: Milotic
|-boost|p1b: Milotic|atk|1
|-boost|p1b: Milotic|def|1
|-boost|p1b: Milotic|accuracy|1
|
|upkeep
|turn|5
|
|t:|1782256307
|detailschange|p1a: Charizard|Charizard-Mega-Y, L50, M
|-mega|p1a: Charizard|Charizard|Charizardite Y
|-weather|SunnyDay|[from] ability: Drought|[of] p1a: Charizard
|move|p2a: Maushold|Super Fang|p1b: Milotic
|-damage|p1b: Milotic|50/100y
|move|p2b: Delphox|Psyshock|p1a: Charizard
|-damage|p1a: Charizard|0 fnt
|faint|p1a: Charizard
|move|p1b: Milotic|Coil|p1b: Milotic
|-boost|p1b: Milotic|atk|1
|-boost|p1b: Milotic|def|1
|-boost|p1b: Milotic|accuracy|1
|
|-weather|SunnyDay|[upkeep]
|-heal|p1b: Milotic|55/100|[from] item: Leftovers
|-end|p1b: Milotic|Encore
|upkeep
|
|t:|1782256315
|switch|p1a: Sneasler|Sneasler, L50, F|1/100
|turn|6
|
|t:|1782256326
|move|p1a: Sneasler|Fake Out|p2a: Maushold
|-damage|p2a: Maushold|80/100
|-status|p2a: Maushold|psn|[from] ability: Poison Touch|[of] p1a: Sneasler
|cant|p2a: Maushold|flinch
|move|p2b: Delphox|Psyshock|p1a: Sneasler
|-supereffective|p1a: Sneasler|2
|-damage|p1a: Sneasler|0 fnt
|faint|p1a: Sneasler
|move|p1b: Milotic|Muddy Water|p2a: Maushold|[spread] p2a,p2b
|-supereffective|p2b: Delphox|1
|-damage|p2a: Maushold|65/100 psn
|-damage|p2b: Delphox|1/100
|-unboost|p2a: Maushold|accuracy|1
|
|-weather|SunnyDay|[upkeep]
|-heal|p1b: Milotic|61/100|[from] item: Leftovers
|-damage|p2a: Maushold|53/100 psn|[from] psn
|upkeep
|turn|7
|
|t:|1782256347
|detailschange|p2b: Delphox|Delphox-Mega, L50, F
|-mega|p2b: Delphox|Delphox|Delphoxite
|move|p2b: Delphox|Heat Wave|p1b: Milotic
|-resisted|p1b: Milotic|1
|-damage|p1b: Milotic|38/100
|move|p2a: Maushold|Super Fang|p1b: Milotic
|-damage|p1b: Milotic|19/100
|move|p1b: Milotic|Muddy Water|p2b: Delphox|[spread] p2a,p2b
|-supereffective|p2b: Delphox|1
|-damage|p2a: Maushold|39/100 psn
|-damage|p2b: Delphox|0 fnt
|-unboost|p2a: Maushold|accuracy|1
|faint|p2b: Delphox
|
|-weather|SunnyDay|[upkeep]
|-heal|p1b: Milotic|25/100|[from] item: Leftovers
|-damage|p2a: Maushold|27/100 psn|[from] psn
|upkeep
|
|t:|1782256355
|switch|p2b: Staraptor|Staraptor, L50, M|100/100
|-ability|p2b: Staraptor|Intimidate|boost
|-unboost|p1b: Milotic|atk|1
|-ability|p1b: Milotic|Competitive|boost
|-boost|p1b: Milotic|spa|2
|turn|8
|
|t:|1782256368
|move|p2a: Maushold|Super Fang|p1b: Milotic
|-damage|p1b: Milotic|12/100
|move|p2b: Staraptor|Close Combat|p1b: Milotic
|-damage|p1b: Milotic|0 fnt
|-unboost|p2b: Staraptor|def|1
|-unboost|p2b: Staraptor|spd|1
|faint|p1b: Milotic
|
|win|worldenddominat0r
||Giraldo567 is ready for game 2.
