|j|☆natsukivgc
|j|☆f49 buffchary
|html|natsukivgcf49 buffchary    
|uhtml|bestof|Game 1 of a best-of-3
|t:|1785401174
|gametype|doubles
|player|p1|natsukivgc|1|1218
|player|p2|f49 buffchary|266|1303
|gen|9
|tier|[Gen 9 Champions] VGC 2026 Reg M-B (Bo3)
|rated|
|rule|Species Clause: Limit one of each Pokémon
|rule|Item Clause: Limit 1 of each item
|clearpoke
|poke|p1|Garchomp, L50, M|
|poke|p1|Venusaur, L50, M|
|poke|p1|Incineroar, L50, F|
|poke|p1|Charizard, L50, F|
|poke|p1|Toxapex, L50, M|
|poke|p1|Annihilape, L50, M|
|poke|p2|Staraptor, L50, F|
|poke|p2|Delphox, L50, M|
|poke|p2|Whimsicott, L50, M|
|poke|p2|Glimmora, L50, M|
|poke|p2|Garchomp, L50, F|
|poke|p2|Kingambit, L50, F|
|teampreview|4
|showteam|p1|Garchomp||ChoiceScarf|RoughSkin|Earthquake,DragonClaw,StompingTantrum,RockSlide|Adamant||M|||50|]Venusaur||LifeOrb|Chlorophyll|SolarBeam,SludgeBomb,EarthPower,Protect|Modest||M|||50|]Incineroar||SitrusBerry|Intimidate|FlareBlitz,ThroatChop,FakeOut,PartingShot|Impish||F|||50|]Charizard||CharizarditeY|Blaze|HeatWave,WeatherBall,HelpingHand,Protect|Modest||F|||50|]Toxapex||Leftovers|Regenerator|Infestation,Toxic,WideGuard,BanefulBunker|Bold||M|||50|]Annihilape||FocusSash|Defiant|CloseCombat,PhantomForce,StealthRock,Protect|Jolly||M|||50|
|showteam|p2|Staraptor||Staraptite|Intimidate|CloseCombat,BraveBird,Protect,Roost|Jolly||F|||50|]Delphox||Delphoxite|Magician|HeatWave,Psychic,Substitute,Protect|Modest||M|||50|]Whimsicott||OccaBerry|Prankster|Moonblast,Tailwind,LightScreen,Charm|Timid||M|||50|]Glimmora||FocusSash|ToxicDebris|PowerGem,SludgeBomb,EarthPower,SpikyShield|Timid||M|||50|]Garchomp||LifeOrb|RoughSkin|Earthquake,DragonClaw,RockSlide,Protect|Jolly||F|||50|]Kingambit||ChopleBerry|Defiant|KowtowCleave,IronHead,SuckerPunch,LowKick|Adamant||F|||50|
|inactive|Battle timer is ON: inactive players will automatically lose when time's up. (requested by natsukivgc)
|inactive|f49 buffchary has 60 seconds left.
|inactive|f49 buffchary has 30 seconds left.
|inactive|f49 buffchary has 20 seconds left.
|inactive|f49 buffchary has 15 seconds left.
|inactive|f49 buffchary has 10 seconds left.
|
|t:|1785401335
|teamsize|p1|4
|teamsize|p2|4
|start
|switch|p1a: Incineroar|Incineroar, L50, F|100/100
|switch|p1b: Garchomp|Garchomp, L50, M|100/100
|switch|p2a: Delphox|Delphox, L50, M|100/100
|switch|p2b: Whimsicott|Whimsicott, L50, M|100/100
|-ability|p1a: Incineroar|Intimidate|boost
|-unboost|p2a: Delphox|atk|1
|-unboost|p2b: Whimsicott|atk|1
|turn|1
|
|t:|1785401354
|detailschange|p2a: Delphox|Delphox-Mega, L50, M
|-mega|p2a: Delphox|Delphox|Delphoxite
|move|p2a: Delphox|Protect|p2a: Delphox
|-singleturn|p2a: Delphox|Protect
|move|p1a: Incineroar|Fake Out|p2b: Whimsicott
|-damage|p2b: Whimsicott|88/100
|move|p1b: Garchomp|Rock Slide|p2a: Delphox|[spread] p2b
|-activate|p2a: Delphox|move: Protect
|-damage|p2b: Whimsicott|67/100
|cant|p2b: Whimsicott|flinch
|
|upkeep
|turn|2
|inactive|natsukivgc has 30 seconds left.
|
|t:|1785401383
|switch|p2a: Glimmora|Glimmora, L50, M|100/100
|move|p2b: Whimsicott|Tailwind|p2b: Whimsicott
|-sidestart|p2: f49 buffchary|move: Tailwind
|move|p1b: Garchomp|Rock Slide|p2a: Glimmora|[spread] p2a,p2b
|-damage|p2a: Glimmora|74/100
|-damage|p2b: Whimsicott|43/100
|-activate|p2a: Glimmora|ability: Toxic Debris
|-sidestart|p1: natsukivgc|move: Toxic Spikes
|move|p1a: Incineroar|Throat Chop|p2a: Glimmora
|-damage|p2a: Glimmora|33/100
|-start|p2a: Glimmora|Throat Chop|[silent]
|-activate|p2a: Glimmora|ability: Toxic Debris
|-sidestart|p1: natsukivgc|move: Toxic Spikes
|
|upkeep
|turn|3
|
|t:|1785401403
|move|p2b: Whimsicott|Moonblast|p1b: Garchomp
|-supereffective|p1b: Garchomp|1
|-damage|p1b: Garchomp|42/100
|move|p2a: Glimmora|Earth Power|p1a: Incineroar
|-supereffective|p1a: Incineroar|1
|-damage|p1a: Incineroar|43/100
|-enditem|p1a: Incineroar|Sitrus Berry|[eat]
|-heal|p1a: Incineroar|68/100|[from] item: Sitrus Berry
|move|p1b: Garchomp|Rock Slide|p2a: Glimmora|[spread] p2a,p2b
|-damage|p2a: Glimmora|8/100
|-damage|p2b: Whimsicott|21/100
|move|p1a: Incineroar|Parting Shot|p2a: Glimmora
|-unboost|p2a: Glimmora|atk|1
|-unboost|p2a: Glimmora|spa|1
|
|t:|1785401418
|switch|p1a: Venusaur|Venusaur, L50, M|100/100|[from] Parting Shot
|-sideend|p1: natsukivgc|move: Toxic Spikes|[of] p1a: Venusaur
|
|-end|p2a: Glimmora|Throat Chop|[silent]
|upkeep
|turn|4
|inactive|natsukivgc has 30 seconds left.
|
|t:|1785401445
|move|p2b: Whimsicott|Moonblast|p1b: Garchomp
|-supereffective|p1b: Garchomp|1
|-damage|p1b: Garchomp|0 fnt
|faint|p1b: Garchomp
|move|p2a: Glimmora|Earth Power|p1a: Venusaur
|-damage|p1a: Venusaur|77/100
|move|p1a: Venusaur|Sludge Bomb|p2b: Whimsicott
|-supereffective|p2b: Whimsicott|2
|-damage|p2b: Whimsicott|0 fnt
|faint|p2b: Whimsicott
|-damage|p1a: Venusaur|68/100|[from] item: Life Orb
|
|upkeep
|
|t:|1785401462
|switch|p2b: Delphox|Delphox-Mega, L50, M|100/100
|switch|p1b: Charizard|Charizard, L50, F|100/100
|turn|5
|
|t:|1785401470
|detailschange|p1b: Charizard|Charizard-Mega-Y, L50, F
|-mega|p1b: Charizard|Charizard|Charizardite Y
|-weather|SunnyDay|[from] ability: Drought|[of] p1b: Charizard
|move|p1a: Venusaur|Protect|p1a: Venusaur
|-singleturn|p1a: Venusaur|Protect
|move|p1b: Charizard|Protect|p1b: Charizard
|-singleturn|p1b: Charizard|Protect
|move|p2b: Delphox|Substitute|p2b: Delphox
|-start|p2b: Delphox|Substitute
|-damage|p2b: Delphox|75/100
|move|p2a: Glimmora|Power Gem|p1b: Charizard
|-activate|p1b: Charizard|move: Protect
|
|-weather|SunnyDay|[upkeep]
|-sideend|p2: f49 buffchary|move: Tailwind
|upkeep
|turn|6
|inactive|natsukivgc has 30 seconds left.
|
|t:|1785401498
|move|p1a: Venusaur|Earth Power|p2a: Glimmora
|-supereffective|p2a: Glimmora|2
|-damage|p2a: Glimmora|0 fnt
|faint|p2a: Glimmora
|-damage|p1a: Venusaur|59/100|[from] item: Life Orb
|move|p2b: Delphox|Psychic|p1a: Venusaur
|-supereffective|p1a: Venusaur|1
|-damage|p1a: Venusaur|0 fnt
|faint|p1a: Venusaur
|move|p1b: Charizard|Heat Wave|p2b: Delphox
|-resisted|p2b: Delphox|1
|-end|p2b: Delphox|Substitute
|
|-weather|SunnyDay|[upkeep]
|upkeep
|
|t:|1785401510
|switch|p2a: Garchomp|Garchomp, L50, F|100/100
|switch|p1a: Incineroar|Incineroar, L50, F|68/100
|-ability|p1a: Incineroar|Intimidate|boost
|-unboost|p2a: Garchomp|atk|1
|-unboost|p2b: Delphox|atk|1
|turn|7
|
|t:|1785401535
|move|p2b: Delphox|Protect|p2b: Delphox
|-singleturn|p2b: Delphox|Protect
|move|p2a: Garchomp|Protect|p2a: Garchomp
|-singleturn|p2a: Garchomp|Protect
|move|p1a: Incineroar|Fake Out|p2a: Garchomp
|-activate|p2a: Garchomp|move: Protect
|move|p1b: Charizard|Weather Ball|p2a: Garchomp
|-activate|p2a: Garchomp|move: Protect
|
|-weather|SunnyDay|[upkeep]
|upkeep
|turn|8
|inactive|natsukivgc has 30 seconds left.
|
|t:|1785401561
|move|p2b: Delphox|Substitute|p2b: Delphox
|-start|p2b: Delphox|Substitute
|-damage|p2b: Delphox|50/100g
|move|p2a: Garchomp|Rock Slide|p1b: Charizard|[spread] p1a,p1b
|-supereffective|p1a: Incineroar|1
|-supereffective|p1b: Charizard|2
|-damage|p1a: Incineroar|45/100
|-damage|p1b: Charizard|37/100
|-damage|p2a: Garchomp|90/100|[from] item: Life Orb
|cant|p1b: Charizard|flinch
|cant|p1a: Incineroar|flinch
|
|-weather|SunnyDay|[upkeep]
|upkeep
|turn|9
|
|t:|1785401578
|move|p2b: Delphox|Heat Wave|p1b: Charizard|[spread] p1a,p1b
|-resisted|p1a: Incineroar|1
|-resisted|p1b: Charizard|1
|-damage|p1a: Incineroar|15/100
|-damage|p1b: Charizard|11/100
|move|p2a: Garchomp|Rock Slide|p1a: Incineroar|[spread] p1a,p1b
|-supereffective|p1a: Incineroar|1
|-supereffective|p1b: Charizard|2
|-damage|p1a: Incineroar|0 fnt
|-damage|p1b: Charizard|0 fnt
|faint|p1a: Incineroar
|faint|p1b: Charizard
|-damage|p2a: Garchomp|80/100|[from] item: Life Orb
|
|win|f49 buffchary
