|j|☆Pazitas
|j|☆gene takavic
|html|Pazitasgene takavic    
|uhtml|bestof|Game 1 of a best-of-3
|t:|1756598483
|gametype|doubles
|player|p1|Pazitas|bianca|1143
|player|p2|gene takavic|pryce|1088
|gen|9
|tier|[Gen 9] VGC 2025 Reg H (Bo3)
|rated|
|rule|Species Clause: Limit one of each Pokémon
|rule|Item Clause: Limit 1 of each item
|clearpoke
|poke|p1|Pelipper, L50, F|
|poke|p1|Archaludon, L50, M|
|poke|p1|Basculegion, L50, M|
|poke|p1|Sinistcha, L50|
|poke|p1|Dragonite, L50, M|
|poke|p1|Gallade, L50, M|
|poke|p2|Charizard, L50, M|
|poke|p2|Torkoal, L50, M|
|poke|p2|Porygon2, L50|
|poke|p2|Incineroar, L50, F|
|poke|p2|Jumpluff, L50, M|
|poke|p2|Ursaluna, L50, M|
|teampreview|4
|showteam|p1|Pelipper||FocusSash|Drizzle|WeatherBall,Hurricane,Tailwind,Protect|||F|||50|,,,,,Ghost]Archaludon||AssaultVest|Stamina|DracoMeteor,ElectroShot,FlashCannon,BodyPress|||M|||50|,,,,,Grass]Basculegion||LifeOrb|SwiftSwim|WaveCrash,LastRespects,AquaJet,Protect|||M|||50|,,,,,Water]Sinistcha||SitrusBerry|Hospitality|MatchaGotcha,RagePowder,TrickRoom,LifeDew||||||50|,,,,,Water]Dragonite||LoadedDice|Multiscale|ScaleShot,Tailwind,Haze,Protect|||M|||50|,,,,,Fairy]Gallade||ClearAmulet|Sharpness|PsychoCut,SacredSword,Protect,WideGuard|||M|||50|,,,,,Grass
|showteam|p2|Charizard||ChoiceSpecs|SolarPower|HeatWave,Overheat,WeatherBall,AirSlash|||M|||50|,,,,,Ghost]Torkoal||EjectPack|Drought|Eruption,Overheat,HelpingHand,Protect|||M|||50|,,,,,Fire]Porygon2||Eviolite|Download|TeraBlast,IceBeam,Recover,TrickRoom||||||50|,,,,,Fighting]Incineroar||SitrusBerry|Intimidate|FlareBlitz,KnockOff,FakeOut,PartingShot|||F|||50|,,,,,Ghost]Jumpluff||CovertCloak|Chlorophyll|SleepPowder,SunnyDay,RagePowder,Tailwind|||M|||50|,,,,,Water]Ursaluna||FlameOrb|Guts|HeadlongRush,Facade,Earthquake,Protect|||M|||50|,,,,,Ghost
|inactive|Battle timer is ON: inactive players will automatically lose when time's up. (requested by gene takavic)
|inactive|Pazitas has 60 seconds left.
|inactive|gene takavic has 60 seconds left.
|inactive|Pazitas has 30 seconds left.
|
|t:|1756598544
|teamsize|p1|4
|teamsize|p2|4
|start
|switch|p1a: Dragonite|Dragonite, L50, M|100/100
|switch|p1b: Gallade|Gallade, L50, M|100/100
|switch|p2a: Incineroar|Incineroar, L50, F|100/100
|switch|p2b: Jumpluff|Jumpluff, L50, M|100/100
|-ability|p2a: Incineroar|Intimidate|boost
|-unboost|p1a: Dragonite|atk|1
|-fail|p1b: Gallade|unboost|[from] item: Clear Amulet|[of] p1b: Gallade
|turn|1
|inactive|gene takavic has 30 seconds left.
|
|t:|1756598578
|move|p2a: Incineroar|Fake Out|p1a: Dragonite
|-damage|p1a: Dragonite|93/100
|move|p2b: Jumpluff|Sleep Powder|p1a: Dragonite
|-status|p1a: Dragonite|slp|[from] move: Sleep Powder
|cant|p1a: Dragonite|slp
|move|p1b: Gallade|Sacred Sword|p2a: Incineroar
|-supereffective|p2a: Incineroar
|-damage|p2a: Incineroar|0 fnt
|faint|p2a: Incineroar
|
|upkeep
|
|t:|1756598581
|switch|p2a: Porygon2|Porygon2, L50|100/100
|-ability|p2a: Porygon2|Download|boost
|-boost|p2a: Porygon2|atk|1
|turn|2
|
|t:|1756598600
|move|p2b: Jumpluff|Sleep Powder|p1b: Gallade
|-status|p1b: Gallade|slp|[from] move: Sleep Powder
|cant|p1a: Dragonite|slp
|cant|p1b: Gallade|slp
|move|p2a: Porygon2|Ice Beam|p1a: Dragonite
|-supereffective|p1a: Dragonite
|-damage|p1a: Dragonite|0 fnt
|faint|p1a: Dragonite
|
|upkeep
|
|t:|1756598612
|switch|p1a: Basculegion|Basculegion, L50, M|100/100
|turn|3
|
|t:|1756598632
|move|p2b: Jumpluff|Sunny Day|p2b: Jumpluff
|-weather|SunnyDay
|move|p1a: Basculegion|Last Respects|p2b: Jumpluff
|-damage|p2b: Jumpluff|18/100
|-damage|p1a: Basculegion|91/100|[from] item: Life Orb
|cant|p1b: Gallade|slp
|move|p2a: Porygon2|Trick Room|p2a: Porygon2
|-fieldstart|move: Trick Room|[of] p2a: Porygon2
|
|-weather|SunnyDay|[upkeep]
|upkeep
|turn|4
|
|t:|1756598656
|switch|p2b: Ursaluna|Ursaluna, L50, M|100/100
|move|p1a: Basculegion|Protect|p1a: Basculegion
|-singleturn|p1a: Basculegion|Protect
|move|p2a: Porygon2|Ice Beam|p1b: Gallade
|-damage|p1b: Gallade|67/100 slp
|cant|p1b: Gallade|slp
|
|-weather|SunnyDay|[upkeep]
|-status|p2b: Ursaluna|brn|[from] item: Flame Orb
|upkeep
|turn|5
|inactive|gene takavic has 30 seconds left.
|
|t:|1756598686
|switch|p2a: Jumpluff|Jumpluff, L50, M|18/100
|-terastallize|p1a: Basculegion|Water
|-curestatus|p1b: Gallade|slp|[msg]
|move|p1b: Gallade|Wide Guard|p1b: Gallade
|-singleturn|p1b: Gallade|Wide Guard
|move|p2b: Ursaluna|Facade|p1b: Gallade
|-damage|p1b: Gallade|0 fnt
|faint|p1b: Gallade
|move|p1a: Basculegion|Wave Crash|p2b: Ursaluna
|-supereffective|p2b: Ursaluna
|-damage|p2b: Ursaluna|17/100 brn
|-damage|p1a: Basculegion|59/100|[from] Recoil
|-damage|p1a: Basculegion|49/100|[from] item: Life Orb
|
|-weather|SunnyDay|[upkeep]
|-damage|p2b: Ursaluna|11/100 brn|[from] brn
|upkeep
|
|t:|1756598702
|switch|p1b: Petunia|Pelipper, L50, F|100/100
|-weather|RainDance|[from] ability: Drizzle|[of] p1b: Petunia
|turn|6
|
|t:|1756598721
|move|p2a: Jumpluff|Rage Powder|p2a: Jumpluff
|-singleturn|p2a: Jumpluff|move: Rage Powder
|move|p1a: Basculegion|Aqua Jet|p2a: Jumpluff
|-resisted|p2a: Jumpluff
|-damage|p2a: Jumpluff|0 fnt
|faint|p2a: Jumpluff
|-damage|p1a: Basculegion|40/100|[from] item: Life Orb
|move|p2b: Ursaluna|Facade|p1a: Basculegion
|-damage|p1a: Basculegion|0 fnt
|faint|p1a: Basculegion
|move|p1b: Petunia|Hurricane|p2b: Ursaluna
|-damage|p2b: Ursaluna|0 fnt
|faint|p2b: Ursaluna
|
|-weather|RainDance|[upkeep]
|upkeep
|
|t:|1756598724
|switch|p2a: Porygon2|Porygon2, L50|100/100
|-ability|p2a: Porygon2|Download|boost
|-boost|p2a: Porygon2|spa|1
|turn|7
|
|t:|1756598740
|move|p1b: Petunia|Protect|p1b: Petunia
|-singleturn|p1b: Petunia|Protect
|move|p2a: Porygon2|Tera Blast|p1b: Petunia
|-activate|p1b: Petunia|move: Protect
|
|-weather|RainDance|[upkeep]
|-fieldend|move: Trick Room
|upkeep
|turn|8
|
|t:|1756598746
|move|p1b: Petunia|Hurricane|p2a: Porygon2
|-damage|p2a: Porygon2|71/100
|move|p2a: Porygon2|Tera Blast|p1b: Petunia
|-damage|p1b: Petunia|8/100
|
|-weather|RainDance|[upkeep]
|upkeep
|turn|9
|
|t:|1756598768
|move|p1b: Petunia|Weather Ball|p2a: Porygon2
|-damage|p2a: Porygon2|34/100
|move|p2a: Porygon2|Tera Blast|p1b: Petunia
|-damage|p1b: Petunia|0 fnt
|faint|p1b: Petunia
|
|win|gene takavic
