|j|☆Centiskorch18
|j|☆Sincubii
|html|Centiskorch18Sincubii    
|uhtml|bestof|Game 1 of a best-of-3
|t:|1757743554
|gametype|doubles
|player|p1|Centiskorch18|caitlin|1228
|player|p2|Sincubii|palmer|1080
|gen|9
|tier|[Gen 9] VGC 2025 Reg H (Bo3)
|rated|
|rule|Species Clause: Limit one of each Pokémon
|rule|Item Clause: Limit 1 of each item
|clearpoke
|poke|p1|Dragapult, L50, F|
|poke|p1|Sneasler, L50, M|
|poke|p1|Magmar, L50, M|
|poke|p1|Azumarill, L50, M|
|poke|p1|Rillaboom, L50, F|
|poke|p1|Ninetales-Alola, L50, M|
|poke|p2|Weavile, L50, M|
|poke|p2|Weezing-Galar, L50, M|
|poke|p2|Tyranitar, L50, F|
|poke|p2|Dragonite, L50, M|
|poke|p2|Typhlosion-Hisui, L50, M|
|poke|p2|Ursaluna-Bloodmoon, L50, M|
|teampreview|4
|showteam|p1|Dragapult||LifeOrb|ClearBody|TeraBlast,DragonDarts,SuckerPunch,Protect|||F|||50|,,,,,Ghost]Sneasler||FocusSash|PoisonTouch|CloseCombat,DireClaw,FakeOut,Protect|||M|||50|,,,,,Stellar]Magmar||Eviolite|VitalSpirit|Overheat,FollowMe,ClearSmog,Protect|||M|||50|,,,,,Ghost]Azumarill||SitrusBerry|HugePower|AquaJet,PlayRough,BellyDrum,Protect|||M|||50|,,,,,Poison]Rillaboom||AssaultVest|GrassySurge|WoodHammer,GrassyGlide,FakeOut,HighHorsepower|||F|||50|,,,,,Fire]Ninetales-Alola||ChoiceSpecs|SnowWarning|Blizzard,Moonblast,IcyWind,FreezeDry|||M|||50|,,,,,Ghost
|showteam|p2|Weavile||LifeOrb|Pressure|FakeOut,IceSpinner,KnockOff,LowKick|||M|||50|,,,,,Ghost]Weezing-Galar||SafetyGoggles|NeutralizingGas|StrangeSteam,WillOWisp,Taunt,Protect|||M|||50|,,,,,Fire]Tyranitar||AssaultVest|SandStream|KnockOff,RockSlide,TeraBlast,LowKick|||F|||50|,,,,,Flying]Dragonite||LoadedDice|InnerFocus|Protect,ScaleShot,Tailwind,IronHead|||M|||50|,,,,,Steel]Typhlosion-Hisui||ChoiceScarf|Blaze|Eruption,HeatWave,ShadowBall,Overheat|||M|||50|,,,,,Fire]Ursaluna-Bloodmoon||ThroatSpray|MindsEye|BloodMoon,HyperVoice,EarthPower,Protect|||M|||50|,,,,,Normal
|inactive|Battle timer is ON: inactive players will automatically lose when time's up. (requested by Centiskorch18)
|c|☆Centiskorch18|glhf
|inactive|Centiskorch18 has 60 seconds left.
|inactive|Sincubii has 60 seconds left.
|
|t:|1757743613
|teamsize|p1|4
|teamsize|p2|4
|start
|switch|p1a: Dragapult|Dragapult, L50, F|100/100
|switch|p1b: Sneasler|Sneasler, L50, M|100/100
|switch|p2a: Weavile|Weavile, L50, M|100/100
|switch|p2b: Big Boss|Dragonite, L50, M, shiny|100/100
|-ability|p2a: Weavile|Pressure
|turn|1
|inactive|Centiskorch18 has 30 seconds left.
|
|t:|1757743638
|switch|p1b: Magmar|Magmar, L50, M|100/100
|move|p1a: Dragapult|Protect|p1a: Dragapult
|-singleturn|p1a: Dragapult|Protect
|move|p2a: Weavile|Fake Out|p1b: Magmar
|-damage|p1b: Magmar|84/100
|-damage|p2a: Weavile|91/100|[from] item: Life Orb
|move|p2b: Big Boss|Tailwind|p2b: Big Boss
|-sidestart|p2: Sincubii|move: Tailwind
|
|upkeep
|turn|2
|
|t:|1757743656
|-terastallize|p2b: Big Boss|Steel
|move|p1b: Magmar|Follow Me|p1b: Magmar
|-singleturn|p1b: Magmar|move: Follow Me
|move|p2a: Weavile|Knock Off|p1b: Magmar
|-damage|p1b: Magmar|29/100
|-enditem|p1b: Magmar|Eviolite|[from] move: Knock Off|[of] p2a: Weavile
|-damage|p2a: Weavile|81/100|[from] item: Life Orb
|move|p2b: Big Boss|Scale Shot|p1b: Magmar
|-damage|p1b: Magmar|9/100
|-damage|p1b: Magmar|0 fnt
|faint|p1b: Magmar
|-hitcount|p1: Magmar|2
|-unboost|p2b: Big Boss|def|1
|-boost|p2b: Big Boss|spe|1
|move|p1a: Dragapult|Dragon Darts|p2a: Weavile
|-damage|p2a: Weavile|20/100
|-anim|p1a: Dragapult|Dragon Darts|p2b: Big Boss
|-resisted|p2b: Big Boss
|-damage|p2b: Big Boss|74/100
|-damage|p1a: Dragapult|91/100|[from] item: Life Orb
|
|upkeep
|j| sam smithy
|
|t:|1757743677
|switch|p1b: Rillaboom|Rillaboom, L50, F|100/100
|-fieldstart|move: Grassy Terrain|[from] ability: Grassy Surge|[of] p1b: Rillaboom
|turn|3
|
|t:|1757743695
|-terastallize|p1b: Rillaboom|Fire
|move|p1a: Dragapult|Protect|p1a: Dragapult
|-singleturn|p1a: Dragapult|Protect
|move|p2a: Weavile|Ice Spinner|p1b: Rillaboom
|-resisted|p1b: Rillaboom
|-damage|p1b: Rillaboom|73/100
|-fieldend|move: Grassy Terrain
|-damage|p2a: Weavile|10/100|[from] item: Life Orb
|move|p2b: Big Boss|Scale Shot|p1a: Dragapult
|-activate|p1a: Dragapult|move: Protect
|move|p1b: Rillaboom|High Horsepower|p2b: Big Boss
|-supereffective|p2b: Big Boss
|-damage|p2b: Big Boss|0 fnt
|faint|p2b: Big Boss
|
|upkeep
|
|t:|1757743714
|switch|p2b: Typhlosion|Typhlosion-Hisui, L50, M|100/100
|turn|4
|
|t:|1757743726
|move|p1a: Dragapult|Sucker Punch|p2b: Typhlosion
|-supereffective|p2b: Typhlosion
|-damage|p2b: Typhlosion|0 fnt
|faint|p2b: Typhlosion
|-damage|p1a: Dragapult|81/100|[from] item: Life Orb
|move|p2a: Weavile|Knock Off|p1b: Rillaboom
|-crit|p1b: Rillaboom
|-damage|p1b: Rillaboom|0 fnt
|-enditem|p1b: Rillaboom|Assault Vest|[from] move: Knock Off|[of] p2a: Weavile
|faint|p1b: Rillaboom
|-damage|p2a: Weavile|0 fnt|[from] item: Life Orb
|faint|p2a: Weavile
|
|-sideend|p2: Sincubii|move: Tailwind
|upkeep
|
|t:|1757743731
|switch|p2b: Ursaluna|Ursaluna-Bloodmoon, L50, M|100/100
|switch|p1b: Sneasler|Sneasler, L50, M|100/100
|turn|5
|-message|Sincubii forfeited.
|
|win|Centiskorch18
|l|☆Sincubii
|player|p2|
||Centiskorch18 is ready for game 2.
||Sincubii is ready for game 2.
|uhtml|next|Next: Game 2 of 3
|l| sam smithy
