|j|☆yanein
|j|☆luigilooming
|html|yaneinluigilooming    
|uhtml|bestof|Game 2 of a best-of-3
|t:|1783795350
|gametype|doubles
|player|p1|yanein|266|
|player|p2|luigilooming|depotagent|
|gen|9
|tier|[Gen 9 Champions] VGC 2026 Reg M-B (Bo3)
|rule|Species Clause: Limit one of each Pokémon
|rule|Item Clause: Limit 1 of each item
|clearpoke
|poke|p1|Basculegion, L50, M|
|poke|p1|Pelipper, L50, F|
|poke|p1|Sinistcha, L50|
|poke|p1|Archaludon, L50, M|
|poke|p1|Gallade, L50, M|
|poke|p1|Sableye, L50, M|
|poke|p2|Aerodactyl, L50, F|
|poke|p2|Basculegion, L50, M|
|poke|p2|Scrafty, L50, F|
|poke|p2|Raichu, L50, M|
|poke|p2|Gardevoir, L50, F|
|poke|p2|Scizor, L50, M|
|teampreview|4
|showteam|p1|Basculegion||ChoiceScarf|Adaptability|LastRespects,FlipTurn,WaveCrash,Liquidation|Jolly||M|||50|]Pelipper||FocusSash|Drizzle|Protect,Tailwind,WeatherBall,WideGuard|Modest||F|||50|]Sinistcha||SitrusBerry|Hospitality|TrickRoom,RagePowder,MatchaGotcha,LifeDew|Bold|||||50|]Archaludon||Leftovers|Stamina|ElectroShot,DracoMeteor,FlashCannon,Protect|Timid||M|||50|]Gallade||LifeOrb|Sharpness|SacredSword,WideGuard,PsychoCut,ShadowClaw|Brave||M|||50|]Sableye||Sablenite|Prankster|FakeOut,LightScreen,Encore,ThunderWave|Careful||M|||50|
|showteam|p2|Aerodactyl||FocusSash|Unnerve|RockSlide,DualWingbeat,Tailwind,Protect|Jolly||F|||50|]Basculegion||ChoiceScarf|SwiftSwim|LastRespects,FlipTurn,AquaJet,WaveCrash|Jolly||M|||50|]Scrafty||CobaBerry|Intimidate|FakeOut,Coaching,KnockOff,CloseCombat|Impish||F|||50|]Raichu||RaichuniteY|LightningRod|Protect,Encore,Thunder,FocusBlast|Timid||M|||50|]Gardevoir||Gardevoirite|Trace|HyperVoice,WillOWisp,PsychicNoise,Protect|Modest||F|||50|]Scizor||SitrusBerry|Technician|Protect,CloseCombat,KnockOff,DualWingbeat|Adamant||M|||50|
|
|t:|1783795413
|teamsize|p1|4
|teamsize|p2|4
|start
|switch|p1a: Pelipper|Pelipper, L50, F|100/100
|switch|p1b: Basculegion|Basculegion, L50, M|100/100
|switch|p2a: Scrafty|Scrafty, L50, F|100/100
|switch|p2b: Gardevoir|Gardevoir, L50, F|100/100
|-ability|p2b: Gardevoir|Adaptability|Trace|[from] ability: Trace|[of] p1b: Basculegion
|-weather|RainDance|[from] ability: Drizzle|[of] p1a: Pelipper
|-ability|p2a: Scrafty|Intimidate|boost
|-unboost|p1a: Pelipper|atk|1
|-unboost|p1b: Basculegion|atk|1
|turn|1
|
|t:|1783795487
|switch|p2b: Basculegion|Basculegion, L50, M|100/100
|move|p2a: Scrafty|Fake Out|p1a: Pelipper
|-damage|p1a: Pelipper|90/100
|move|p1b: Basculegion|Flip Turn|p2b: Basculegion
|-resisted|p2b: Basculegion|1
|-damage|p2b: Basculegion|76/100
|
|t:|1783795501
|switch|p1b: Archaludon|Archaludon, L50, M|100/100|[from] Flip Turn
|cant|p1a: Pelipper|flinch
|
|-weather|RainDance|[upkeep]
|upkeep
|turn|2
|
|t:|1783795537
|move|p2b: Basculegion|Flip Turn|p1a: Pelipper
|-resisted|p1a: Pelipper|1
|-damage|p1a: Pelipper|65/100
|
|t:|1783795539
|switch|p2b: Aerodactyl|Aerodactyl, L50, F|100/100|[from] Flip Turn
|-ability|p2b: Aerodactyl|Unnerve
|move|p1b: Archaludon|Electro Shot||[still]
|-prepare|p1b: Archaludon|Electro Shot
|-boost|p1b: Archaludon|spa|1
|-anim|p1b: Archaludon|Electro Shot|p2b: Aerodactyl
|-supereffective|p2b: Aerodactyl|1
|-enditem|p2b: Aerodactyl|Focus Sash
|-damage|p2b: Aerodactyl|1/100
|move|p1a: Pelipper|Tailwind|p1a: Pelipper
|-sidestart|p1: yanein|move: Tailwind
|move|p2a: Scrafty|Close Combat|p1b: Archaludon
|-supereffective|p1b: Archaludon|1
|-damage|p1b: Archaludon|34/100
|-unboost|p2a: Scrafty|def|1
|-unboost|p2a: Scrafty|spd|1
|-ability|p1b: Archaludon|Stamina|boost
|-boost|p1b: Archaludon|def|1
|
|-weather|RainDance|[upkeep]
|-heal|p1b: Archaludon|39/100|[from] item: Leftovers
|upkeep
|turn|3
|
|t:|1783795585
|switch|p2a: Gardevoir|Gardevoir, L50, F|100/100
|-ability|p2a: Gardevoir|Stamina|Trace|[from] ability: Trace|[of] p1b: Archaludon
|move|p2b: Aerodactyl|Protect|p2b: Aerodactyl
|-singleturn|p2b: Aerodactyl|Protect
|move|p1b: Archaludon|Electro Shot||[still]
|-prepare|p1b: Archaludon|Electro Shot
|-boost|p1b: Archaludon|spa|1
|-anim|p1b: Archaludon|Electro Shot|p2a: Gardevoir
|-damage|p2a: Gardevoir|3/100
|-ability|p2a: Gardevoir|Stamina|boost
|-boost|p2a: Gardevoir|def|1
|move|p1a: Pelipper|Weather Ball|p2b: Aerodactyl
|-activate|p2b: Aerodactyl|move: Protect
|
|-weather|RainDance|[upkeep]
|-heal|p1b: Archaludon|45/100|[from] item: Leftovers
|upkeep
|turn|4
|
|t:|1783795618
|detailschange|p2a: Gardevoir|Gardevoir-Mega, L50, F
|-mega|p2a: Gardevoir|Gardevoir|Gardevoirite
|move|p1b: Archaludon|Electro Shot||[still]
|-prepare|p1b: Archaludon|Electro Shot
|-boost|p1b: Archaludon|spa|1
|-anim|p1b: Archaludon|Electro Shot|p2a: Gardevoir
|-damage|p2a: Gardevoir|0 fnt
|faint|p2a: Gardevoir
|move|p1a: Pelipper|Weather Ball|p2b: Aerodactyl
|-supereffective|p2b: Aerodactyl|1
|-damage|p2b: Aerodactyl|0 fnt
|faint|p2b: Aerodactyl
|
|-weather|RainDance|[upkeep]
|-heal|p1b: Archaludon|51/100|[from] item: Leftovers
|upkeep
|
|t:|1783795626
|switch|p2b: Basculegion|Basculegion, L50, M|76/100
|switch|p2a: Scrafty|Scrafty, L50, F|100/100
|-ability|p2a: Scrafty|Intimidate|boost
|-unboost|p1a: Pelipper|atk|1
|-unboost|p1b: Archaludon|atk|1
|turn|5
|
|t:|1783795652
|move|p2a: Scrafty|Fake Out|p1a: Pelipper
|-damage|p1a: Pelipper|54/100
|move|p2b: Basculegion|Last Respects|p1b: Archaludon
|-damage|p1b: Archaludon|13/100
|-ability|p1b: Archaludon|Stamina|boost
|-boost|p1b: Archaludon|def|1
|move|p1b: Archaludon|Electro Shot||[still]
|-prepare|p1b: Archaludon|Electro Shot
|-boost|p1b: Archaludon|spa|1
|-anim|p1b: Archaludon|Electro Shot|p2b: Basculegion
|-supereffective|p2b: Basculegion|1
|-damage|p2b: Basculegion|0 fnt
|faint|p2b: Basculegion
|cant|p1a: Pelipper|flinch
|
|-weather|none
|-heal|p1b: Archaludon|19/100|[from] item: Leftovers
|-sideend|p1: yanein|move: Tailwind
|upkeep
|turn|6
|-message|luigilooming forfeited.
|
|win|yanein
|c|☆yanein|yeah, im so sorry abt the team preview
|c|☆luigilooming|yeah
|c|☆luigilooming|that probably fucked me but its ok
|c|☆luigilooming|happens
|c|☆luigilooming|gl next round
