|j|☆odio esta reg
|j|☆tacoman007
|html|odio esta regtacoman007    
|uhtml|bestof|Game 1 of a best-of-3
|t:|1785486116
|gametype|doubles
|player|p1|odio esta reg|101|1032
|player|p2|tacoman007|hiker-gen4|1167
|gen|9
|tier|[Gen 9 Champions] VGC 2026 Reg M-B (Bo3)
|rated|
|rule|Species Clause: Limit one of each Pokémon
|rule|Item Clause: Limit 1 of each item
|clearpoke
|poke|p1|Charizard, L50, M|
|poke|p1|Garchomp, L50, F|
|poke|p1|Incineroar, L50, M|
|poke|p1|Venusaur, L50, M|
|poke|p1|Toxapex, L50, M|
|poke|p1|Sylveon, L50, F|
|poke|p2|Chandelure, L50, F|
|poke|p2|Ninetales-Alola, L50, M|
|poke|p2|Sneasler, L50, M|
|poke|p2|Farigiraf, L50, F|
|poke|p2|Whimsicott, L50, F|
|poke|p2|Feraligatr, L50, M|
|teampreview|4
|showteam|p1|Charizard||CharizarditeY|SolarPower|WeatherBall,HeatWave,AncientPower,Protect|Modest||M|||50|]Garchomp||ChoiceScarf|RoughSkin|RockSlide,DragonClaw,Earthquake,StompingTantrum|Adamant||F|||50|]Incineroar||SitrusBerry|Intimidate|FlareBlitz,FakeOut,DarkestLariat,PartingShot|Impish||M|||50|]Venusaur||LifeOrb|Chlorophyll|SludgeBomb,LeafStorm,EarthPower,Protect|Modest||M|||50|]Toxapex||Leftovers|Regenerator|Infestation,Toxic,WideGuard,BanefulBunker|Bold||M|||50|]Sylveon||FairyFeather|Pixilate|HyperVoice,QuickAttack,Yawn,Detect|Modest||F|||50|
|showteam|p2|Chandelure||Chandelurite|FlashFire|HeatWave,ShadowBall,TrickRoom,Protect|Modest||F|||50|]Ninetales-Alola||ChoiceScarf|SnowWarning|FreezeDry,Blizzard,IcyWind,Moonblast|Timid||M|||50|]Sneasler||WhiteHerb|Unburden|FakeOut,CloseCombat,DireClaw,Protect|Jolly||M|||50|]Farigiraf||SitrusBerry|ArmorTail|TwinBeam,LowKick,TrickRoom,Protect|Relaxed||F|||50|]Whimsicott||FocusSash|Prankster|EnergyBall,Encore,Tailwind,Protect|Timid||F|||50|]Feraligatr||Feraligite|SheerForce|Liquidation,BodySlam,DragonDance,Protect|Adamant||M|||50|
|inactive|Battle timer is ON: inactive players will automatically lose when time's up. (requested by odio esta reg)
|inactive|tacoman007 also wants the timer to be on.
|inactive|odio esta reg has 60 seconds left.
|inactive|tacoman007 has 60 seconds left.
|inactive|odio esta reg has 30 seconds left.
|inactive|odio esta reg has 20 seconds left.
|inactive|odio esta reg has 15 seconds left.
|
|t:|1785486195
|teamsize|p1|4
|teamsize|p2|4
|start
|switch|p1a: Charizard|Charizard, L50, M|100/100
|switch|p1b: Venusaur|Venusaur, L50, M|100/100
|switch|p2a: Chandelure|Chandelure, L50, F|100/100
|switch|p2b: Sneasler|Sneasler, L50, M|100/100
|turn|1
|inactive|odio esta reg has 30 seconds left.
|inactive|tacoman007 has 30 seconds left.
|inactive|tacoman007 has 20 seconds left.
|inactive|tacoman007 has 15 seconds left.
|inactive|tacoman007 has 10 seconds left.
|inactive|tacoman007 has 5 seconds left.
|inactive|odio esta reg has 20 seconds left.
|inactive|odio esta reg has 15 seconds left.
|
|t:|1785486258
|detailschange|p2a: Chandelure|Chandelure-Mega, L50, F
|-mega|p2a: Chandelure|Chandelure|Chandelurite
|detailschange|p1a: Charizard|Charizard-Mega-Y, L50, M
|-mega|p1a: Charizard|Charizard|Charizardite Y
|-weather|SunnyDay|[from] ability: Drought|[of] p1a: Charizard
|move|p1b: Venusaur|Protect|p1b: Venusaur
|-singleturn|p1b: Venusaur|Protect
|move|p2b: Sneasler|Fake Out|p1a: Charizard
|-damage|p1a: Charizard|87/100
|move|p2a: Chandelure|Heat Wave|p1b: Venusaur|[spread] p1a
|-activate|p1b: Venusaur|move: Protect
|-resisted|p1a: Charizard|1
|-damage|p1a: Charizard|57/100
|cant|p1a: Charizard|flinch
|
|-weather|SunnyDay|[upkeep]
|upkeep
|turn|2
|inactive|odio esta reg has 30 seconds left.
|inactive|tacoman007 has 30 seconds left.
|
|t:|1785486285
|switch|p2b: Ninetales|Ninetales-Alola, L50, M|100/100
|-weather|Snowscape|[from] ability: Snow Warning|[of] p2b: Ninetales
|move|p2a: Chandelure|Heat Wave|p1a: Charizard|[spread] p1a,p1b
|-resisted|p1a: Charizard|1
|-supereffective|p1b: Venusaur|1
|-damage|p1a: Charizard|36/100
|-damage|p1b: Venusaur|0 fnt
|faint|p1b: Venusaur
|move|p1a: Charizard|Weather Ball|p2b: Ninetales
|-resisted|p2b: Ninetales|1
|-damage|p2b: Ninetales|77/100
|
|-weather|Snowscape|[upkeep]
|upkeep
|
|t:|1785486302
|switch|p1b: Sylveon|Sylveon, L50, F|100/100
|turn|3
|
|t:|1785486326
|move|p1a: Charizard|Protect|p1a: Charizard
|-singleturn|p1a: Charizard|Protect
|move|p2b: Ninetales|Icy Wind|p1a: Charizard|[spread] p1b
|-activate|p1a: Charizard|move: Protect
|-damage|p1b: Sylveon|89/100
|-unboost|p1b: Sylveon|spe|1
|move|p2a: Chandelure|Heat Wave|p1b: Sylveon|[spread] p1b
|-activate|p1a: Charizard|move: Protect
|-damage|p1b: Sylveon|49/100
|move|p1b: Sylveon|Hyper Voice|p2b: Ninetales|[spread] p2a,p2b
|-resisted|p2a: Chandelure|1
|-damage|p2a: Chandelure|74/100
|-damage|p2b: Ninetales|29/100
|
|-weather|Snowscape|[upkeep]
|upkeep
|turn|4
|
|t:|1785486337
|move|p2b: Ninetales|Icy Wind|p1b: Sylveon|[spread] p1a,p1b
|-damage|p1a: Charizard|23/100
|-damage|p1b: Sylveon|36/100
|-unboost|p1a: Charizard|spe|1
|-unboost|p1b: Sylveon|spe|1
|move|p2a: Chandelure|Heat Wave|p1a: Charizard|[spread] p1b
|-miss|p2a: Chandelure|p1a: Charizard
|-damage|p1b: Sylveon|0 fnt
|faint|p1b: Sylveon
|move|p1a: Charizard|Ancient Power|p2a: Chandelure
|-supereffective|p2a: Chandelure|1
|-damage|p2a: Chandelure|23/100
|
|-weather|Snowscape|[upkeep]
|upkeep
|
|t:|1785486339
|switch|p1b: Garchomp|Garchomp, L50, F|100/100
|turn|5
|
|t:|1785486357
|move|p2a: Chandelure|Protect|p2a: Chandelure
|-singleturn|p2a: Chandelure|Protect
|move|p2b: Ninetales|Icy Wind|p1b: Garchomp|[spread] p1a,p1b
|-supereffective|p1b: Garchomp|2
|-damage|p1a: Charizard|9/100
|-damage|p1b: Garchomp|25/100
|-unboost|p1a: Charizard|spe|1
|-unboost|p1b: Garchomp|spe|1
|move|p1b: Garchomp|Rock Slide|p2a: Chandelure|[spread] p2b
|-activate|p2a: Chandelure|move: Protect
|-supereffective|p2b: Ninetales|1
|-damage|p2b: Ninetales|0 fnt
|faint|p2b: Ninetales
|move|p1a: Charizard|Heat Wave|p2a: Chandelure
|-activate|p2a: Chandelure|move: Protect
|
|-weather|Snowscape|[upkeep]
|upkeep
|
|t:|1785486371
|switch|p2b: Whimsicott|Whimsicott, L50, F|100/100
|turn|6
|-message|odio esta reg forfeited.
|
|win|tacoman007
