|j|☆GoPlayCatch
|j|☆palle synchro
|html|GoPlayCatchpalle synchro    
|uhtml|bestof|Game 3 of a best-of-3
|t:|1785172889
|gametype|doubles
|player|p1|GoPlayCatch|102|1271
|player|p2|palle synchro|volkner|1495
|gen|9
|tier|[Gen 9 Champions] VGC 2026 Reg M-B (Bo3)
|rated|
|rule|Species Clause: Limit one of each Pokémon
|rule|Item Clause: Limit 1 of each item
|clearpoke
|poke|p1|Decidueye-Hisui, L50, M|
|poke|p1|Camerupt, L50, F|
|poke|p1|Milotic, L50, F|
|poke|p1|Scizor, L50, F|
|poke|p1|Farigiraf, L50, M|
|poke|p1|Incineroar, L50, F|
|poke|p2|Charizard, L50, M|
|poke|p2|Glimmora, L50, F|
|poke|p2|Whimsicott, L50, M|
|poke|p2|Ninetales-Alola, L50, F|
|poke|p2|Kingambit, L50, M|
|poke|p2|Kommo-o, L50, F|
|teampreview|4
|showteam|p1|Decidueye-Hisui||ScopeLens|Scrappy|LeafBlade,TripleArrows,Protect,ShadowSneak|Brave||M|||50|]Camerupt||Cameruptite|SolidRock|AncientPower,HeatWave,EarthPower,Protect|Quiet||F|||50|]Milotic||Leftovers|Competitive|MuddyWater,LifeDew,Haze,Protect|Bold||F|||50|]Scizor||Scizorite|Technician|BulletPunch,SwordsDance,BugBite,Protect|Brave||F|||50|]Farigiraf||SitrusBerry|ArmorTail|TwinBeam,TrickRoom,Protect,Imprison|Sassy||M|||50|]Incineroar||ShucaBerry|Intimidate|FlareBlitz,FakeOut,PartingShot,DarkestLariat|Careful||F|||50|
|showteam|p2|Charizard||CharizarditeY|Blaze|HeatWave,WeatherBall,SolarBeam,Protect|Modest||M|||50|]Glimmora||Glimmoranite|ToxicDebris|SludgeBomb,PowerGem,EarthPower,SpikyShield|Modest||F|||50|]Whimsicott||FocusSash|Prankster|Moonblast,Tailwind,Encore,Protect|Timid||M|||50|]Ninetales-Alola||NeverMeltIce|SnowWarning|Blizzard,FreezeDry,Disable,Protect|Timid||F|||50|]Kingambit||BlackGlasses|Defiant|KowtowCleave,SuckerPunch,IronHead,Protect|Adamant||M|||50|]Kommo-o||LifeOrb|Overcoat|ClangingScales,AuraSphere,VacuumWave,Protect|Modest||F|||50|
|inactive|Battle timer is ON: inactive players will automatically lose when time's up. (requested by GoPlayCatch)
|
|t:|1785172926
|teamsize|p1|4
|teamsize|p2|4
|start
|switch|p1a: Incineroar|Incineroar, L50, F|100/100
|switch|p1b: Farigiraf|Farigiraf, L50, M|100/100
|switch|p2a: Glimmora|Glimmora, L50, F|100/100
|switch|p2b: Kingambit|Kingambit, L50, M|100/100
|-ability|p1a: Incineroar|Intimidate|boost
|-unboost|p2a: Glimmora|atk|1
|-unboost|p2b: Kingambit|atk|1
|-ability|p2b: Kingambit|Defiant|boost
|-boost|p2b: Kingambit|atk|2
|turn|1
|
|t:|1785172941
|detailschange|p2a: Glimmora|Glimmora-Mega, L50, F
|-mega|p2a: Glimmora|Glimmora|Glimmoranite
|move|p1a: Incineroar|Fake Out|p2b: Kingambit
|-resisted|p2b: Kingambit|1
|-damage|p2b: Kingambit|96/100
|move|p2a: Glimmora|Power Gem|p1a: Incineroar
|-supereffective|p1a: Incineroar|1
|-damage|p1a: Incineroar|0 fnt
|faint|p1a: Incineroar
|cant|p2b: Kingambit|flinch
|move|p1b: Farigiraf|Trick Room|p1b: Farigiraf
|-fieldstart|move: Trick Room|[of] p1b: Farigiraf
|
|upkeep
|
|t:|1785172957
|switch|p1a: Decidueye|Decidueye-Hisui, L50, M|100/100
|turn|2
|
|t:|1785172973
|move|p1a: Decidueye|Protect|p1a: Decidueye
|-singleturn|p1a: Decidueye|Protect
|move|p2b: Kingambit|Iron Head|p1a: Decidueye
|-activate|p1a: Decidueye|move: Protect
|move|p1b: Farigiraf|Imprison|p1b: Farigiraf
|-start|p1b: Farigiraf|move: Imprison
|move|p2a: Glimmora|Sludge Bomb|p1a: Decidueye
|-activate|p1a: Decidueye|move: Protect
|
|upkeep
|turn|3
|
|t:|1785172986
|move|p2b: Kingambit|Iron Head|p1a: Decidueye
|-damage|p1a: Decidueye|29/100
|move|p1b: Farigiraf|Twin Beam|p2a: Glimmora
|-supereffective|p2a: Glimmora|1
|-damage|p2a: Glimmora|64/100
|-supereffective|p2a: Glimmora|1
|-damage|p2a: Glimmora|32/100
|-hitcount|p2a: Glimmora|2
|move|p1a: Decidueye|Triple Arrows|p2b: Kingambit
|-supereffective|p2b: Kingambit|2
|-crit|p2b: Kingambit
|-damage|p2b: Kingambit|0 fnt
|faint|p2b: Kingambit
|move|p2a: Glimmora|Sludge Bomb|p1a: Decidueye
|-supereffective|p1a: Decidueye|1
|-damage|p1a: Decidueye|0 fnt
|faint|p1a: Decidueye
|
|upkeep
|
|t:|1785173001
|switch|p2b: Whimsicott|Whimsicott, L50, M|100/100
|switch|p1a: Camerupt|Camerupt, L50, F|100/100
|turn|4
|
|t:|1785173016
|switch|p2a: Kommo-o|Kommo-o, L50, F|100/100
|detailschange|p1a: Camerupt|Camerupt-Mega, L50, F
|-mega|p1a: Camerupt|Camerupt|Cameruptite
|move|p1a: Camerupt|Heat Wave|p2a: Kommo-o|[spread] p2a,p2b
|-resisted|p2a: Kommo-o|1
|-supereffective|p2b: Whimsicott|1
|-damage|p2a: Kommo-o|66/100
|-enditem|p2b: Whimsicott|Focus Sash
|-damage|p2b: Whimsicott|1/100
|move|p1b: Farigiraf|Twin Beam|p2b: Whimsicott
|-damage|p2b: Whimsicott|0 fnt
|faint|p2b: Whimsicott
|-hitcount|p2: Whimsicott|1
|
|upkeep
|
|t:|1785173026
|switch|p2b: Glimmora|Glimmora-Mega, L50, F|32/100
|turn|5
|-message|palle synchro forfeited.
|
|win|GoPlayCatch
|raw|GoPlayCatch's rating: 1271 → 1310(+39 for winning)
|raw|palle synchro's rating: 1495 → 1464(-31 for losing)
