|j|☆freudianbreath
|j|☆GarrettCop
|html|freudianbreathGarrettCop    
|uhtml|bestof|Game 3 of a best-of-3
|t:|1784301078
|gametype|doubles
|player|p1|freudianbreath|169|1082
|player|p2|GarrettCop|102|1211
|gen|9
|tier|[Gen 9 Champions] VGC 2026 Reg M-B (Bo3)
|rated|
|rule|Species Clause: Limit one of each Pokémon
|rule|Item Clause: Limit 1 of each item
|clearpoke
|poke|p1|Aerodactyl, L50, F|
|poke|p1|Kingambit, L50, F|
|poke|p1|Sylveon, L50, F|
|poke|p1|Garchomp, L50, F|
|poke|p1|Charizard, L50, M|
|poke|p1|Incineroar, L50, F|
|poke|p2|Swampert, L50, M|
|poke|p2|Pelipper, L50, F|
|poke|p2|Basculegion, L50, M|
|poke|p2|Archaludon, L50, M|
|poke|p2|Grimmsnarl, L50, M|
|poke|p2|Floette-Eternal, L50, F|
|teampreview|4
|showteam|p1|Aerodactyl||Aerodactylite|Unnerve|RockSlide,IceFang,Tailwind,WideGuard|Jolly||F|||50|]Kingambit||FocusSash|Defiant|KowtowCleave,SuckerPunch,IronHead,Protect|Adamant||F|||50|]Sylveon||FairyFeather|Pixilate|Detect,HyperVoice,HyperBeam,QuickAttack|Modest||F|||50|]Garchomp||LifeOrb|RoughSkin|Earthquake,DragonClaw,StompingTantrum,Protect|Jolly||F|||50|]Charizard||CharizarditeY|Blaze|Protect,HeatWave,SolarBeam,WeatherBall|Modest||M|||50|]Incineroar||SitrusBerry|Intimidate|DarkestLariat,FlareBlitz,FakeOut,PartingShot|Impish||F|||50|
|showteam|p2|Swampert||Swampertite|Damp|WaveCrash,Earthquake,IcePunch,Protect|Adamant||M|||50|]Pelipper||SitrusBerry|Drizzle|Hurricane,WeatherBall,Tailwind,WideGuard|Modest||F|||50|]Basculegion||ChoiceScarf|Adaptability|AquaJet,WaveCrash,FlipTurn,LastRespects|Jolly||M|||50|]Archaludon||Leftovers|Stamina|ElectroShot,DragonPulse,FlashCannon,Protect|Calm||M|||50|]Grimmsnarl||RoseliBerry|Prankster|PartingShot,FoulPlay,Reflect,LightScreen|Calm||M|||50|]Floette-Eternal||Floettite|FlowerVeil|CalmMind,Moonblast,DazzlingGleam,Protect|Timid||F|||50|
|inactive|Battle timer is ON: inactive players will automatically lose when time's up. (requested by freudianbreath)
|
|t:|1784301154
|teamsize|p1|4
|teamsize|p2|4
|start
|switch|p1a: Charizard|Charizard, L50, M|100/100
|switch|p1b: Kingambit|Kingambit, L50, F|100/100
|switch|p2a: Pelipper|Pelipper, L50, F|100/100
|switch|p2b: Floette|Floette-Eternal, L50, F|100/100
|-weather|RainDance|[from] ability: Drizzle|[of] p2a: Pelipper
|turn|1
|inactive|freudianbreath has 30 seconds left.
|inactive|freudianbreath has 20 seconds left.
|inactive|freudianbreath has 15 seconds left.
|inactive|freudianbreath has 10 seconds left.
|inactive|freudianbreath has 5 seconds left.
|
|t:|1784301206
|detailschange|p2b: Floette|Floette-Mega, L50, F
|-mega|p2b: Floette|Floette|Floettite
|-ability|p2b: Floette|Fairy Aura
|detailschange|p1a: Charizard|Charizard-Mega-Y, L50, M
|-mega|p1a: Charizard|Charizard|Charizardite Y
|-weather|SunnyDay|[from] ability: Drought|[of] p1a: Charizard
|move|p2b: Floette|Protect|p2b: Floette
|-singleturn|p2b: Floette|Protect
|move|p1a: Charizard|Solar Beam||[still]
|-prepare|p1a: Charizard|Solar Beam
|-anim|p1a: Charizard|Solar Beam|p2a: Pelipper
|-damage|p2a: Pelipper|40/100
|-enditem|p2a: Pelipper|Sitrus Berry|[eat]
|-heal|p2a: Pelipper|64/100|[from] item: Sitrus Berry
|move|p1b: Kingambit|Kowtow Cleave|p2a: Pelipper
|-damage|p2a: Pelipper|10/100
|move|p2a: Pelipper|Tailwind|p2a: Pelipper
|-sidestart|p2: GarrettCop|move: Tailwind
|
|-weather|SunnyDay|[upkeep]
|upkeep
|turn|2
|inactive|freudianbreath has 30 seconds left.
|inactive|GarrettCop has 30 seconds left.
|inactive|freudianbreath has 20 seconds left.
|inactive|GarrettCop has 20 seconds left.
|inactive|freudianbreath has 15 seconds left.
|inactive|freudianbreath has 10 seconds left.
|
|t:|1784301256
|switch|p2a: Basculegion|Basculegion, L50, M|100/100
|move|p1b: Kingambit|Sucker Punch||[still]
|-fail|p1b: Kingambit
|move|p2b: Floette|Dazzling Gleam|p1a: Charizard|[spread] p1a,p1b
|-resisted|p1a: Charizard|1
|-damage|p1a: Charizard|77/100
|-damage|p1b: Kingambit|52/100
|move|p1a: Charizard|Weather Ball|p2b: Floette
|-damage|p2b: Floette|22/100
|
|-weather|SunnyDay|[upkeep]
|upkeep
|turn|3
|inactive|freudianbreath has 30 seconds left.
|inactive|freudianbreath has 20 seconds left.
|inactive|freudianbreath has 15 seconds left.
|inactive|freudianbreath has 10 seconds left.
|inactive|freudianbreath has 5 seconds left.
|
|t:|1784301306
|switch|p2a: Pelipper|Pelipper, L50, F|10/100
|-weather|RainDance|[from] ability: Drizzle|[of] p2a: Pelipper
|move|p1b: Kingambit|Sucker Punch||[still]
|-fail|p1b: Kingambit
|move|p2b: Floette|Dazzling Gleam|p1b: Kingambit|[spread] p1a,p1b
|-resisted|p1a: Charizard|1
|-damage|p1a: Charizard|56/100
|-damage|p1b: Kingambit|1/100
|move|p1a: Charizard|Weather Ball|p2b: Floette
|-damage|p2b: Floette|0 fnt
|faint|p2b: Floette
|
|-weather|RainDance|[upkeep]
|upkeep
|
|t:|1784301320
|switch|p2b: Basculegion|Basculegion, L50, M|100/100
|turn|4
|inactive|freudianbreath has 30 seconds left.
|inactive|freudianbreath has 20 seconds left.
|inactive|freudianbreath has 15 seconds left.
|inactive|freudianbreath has 10 seconds left.
|inactive|freudianbreath has 5 seconds left.
|
|t:|1784301374
|move|p1a: Charizard|Protect|p1a: Charizard
|-singleturn|p1a: Charizard|Protect
|move|p2b: Basculegion|Aqua Jet|p1b: Kingambit
|-damage|p1b: Kingambit|0 fnt
|faint|p1b: Kingambit
|move|p2a: Pelipper|Weather Ball|p1a: Charizard
|-activate|p1a: Charizard|move: Protect
|
|-weather|RainDance|[upkeep]
|-sideend|p2: GarrettCop|move: Tailwind
|upkeep
|c|☆freudianbreath|I thought sucker punch prioritized over aqua jet damn
|inactive|freudianbreath has 30 seconds left.
|inactive|freudianbreath has 20 seconds left.
|c|☆GarrettCop|lol I looked it up mid game
|
|t:|1784301414
|switch|p1b: Sylveon|Sylveon, L50, F|100/100
|turn|5
|c|☆freudianbreath|Cheating SMH my headddd
|inactive|freudianbreath has 30 seconds left.
|inactive|freudianbreath has 20 seconds left.
|
|t:|1784301453
|switch|p1a: Garchomp|Garchomp, L50, F|100/100
|switch|p2a: Archaludon|Archaludon, L50, M|100/100
|move|p2b: Basculegion|Aqua Jet|p1a: Garchomp
|-damage|p1a: Garchomp|62/100
|-damage|p2b: Basculegion|87/100|[from] ability: Rough Skin|[of] p1a: Garchomp
|move|p1b: Sylveon|Quick Attack|p2a: Archaludon
|-damage|p2a: Archaludon|88/100
|-ability|p2a: Archaludon|Stamina|boost
|-boost|p2a: Archaludon|def|1
|
|-weather|RainDance|[upkeep]
|-heal|p2a: Archaludon|94/100|[from] item: Leftovers
|upkeep
|turn|6
|inactive|freudianbreath has 30 seconds left.
|inactive|freudianbreath has 20 seconds left.
|inactive|freudianbreath has 15 seconds left.
|inactive|freudianbreath has 10 seconds left.
|inactive|GarrettCop has 30 seconds left.
|inactive|freudianbreath has 5 seconds left.
|
|t:|1784301507
|switch|p2a: Pelipper|Pelipper, L50, F|10/100
|move|p1a: Garchomp|Protect|p1a: Garchomp
|-singleturn|p1a: Garchomp|Protect
|move|p2b: Basculegion|Aqua Jet|p1b: Sylveon
|-damage|p1b: Sylveon|55/100
|move|p1b: Sylveon|Hyper Voice|p2a: Pelipper|[spread] p2a,p2b
|-damage|p2a: Pelipper|0 fnt
|-damage|p2b: Basculegion|39/100
|faint|p2a: Pelipper
|
|-weather|RainDance|[upkeep]
|upkeep
|
|t:|1784301517
|switch|p2a: Archaludon|Archaludon, L50, M|94/100
|turn|7
|inactive|freudianbreath has 30 seconds left.
|inactive|freudianbreath has 20 seconds left.
|inactive|freudianbreath has 15 seconds left.
|inactive|freudianbreath has 10 seconds left.
|inactive|freudianbreath has 5 seconds left.
|
|t:|1784301570
|move|p1b: Sylveon|Detect|p1b: Sylveon
|-singleturn|p1b: Sylveon|Protect
|move|p2b: Basculegion|Aqua Jet|p1b: Sylveon
|-activate|p1b: Sylveon|move: Protect
|move|p1a: Garchomp|Earthquake|p2b: Basculegion|[spread] p2a,p2b
|-activate|p1b: Sylveon|move: Protect
|-supereffective|p2a: Archaludon|1
|-damage|p2a: Archaludon|8/100
|-damage|p2b: Basculegion|0 fnt
|-ability|p2a: Archaludon|Stamina|boost
|-boost|p2a: Archaludon|def|1
|faint|p2b: Basculegion
|-damage|p1a: Garchomp|53/100|[from] item: Life Orb
|move|p2a: Archaludon|Dragon Pulse|p1a: Garchomp
|-supereffective|p1a: Garchomp|1
|-damage|p1a: Garchomp|0 fnt
|faint|p1a: Garchomp
|
|-weather|none
|-heal|p2a: Archaludon|14/100|[from] item: Leftovers
|upkeep
|
|t:|1784301579
|switch|p1a: Charizard|Charizard-Mega-Y, L50, M|56/100
|-weather|SunnyDay|[from] ability: Drought|[of] p1a: Charizard
|turn|8
|c|☆GarrettCop|gg
|
|t:|1784301599
|move|p1a: Charizard|Weather Ball|p2a: Archaludon
|-damage|p2a: Archaludon|0 fnt
|faint|p2a: Archaludon
|
|win|freudianbreath
|raw|freudianbreath's rating: 1082 → 1120(+38 for winning)
|raw|GarrettCop's rating: 1211 → 1177(-34 for losing)
|c|☆freudianbreath|Ggs
|l|☆GarrettCop
|player|p2|
