|j|☆MarillRag1
|j|☆pablodrinksbeer
|html|MarillRag1pablodrinksbeer    
|uhtml|bestof|Game 2 of a best-of-3
|t:|1786164292
|gametype|doubles
|player|p1|MarillRag1|102|1296
|player|p2|pablodrinksbeer|170|1245
|gen|9
|tier|[Gen 9 Champions] VGC 2026 Reg M-B (Bo3)
|rated|
|rule|Species Clause: Limit one of each Pokémon
|rule|Item Clause: Limit 1 of each item
|clearpoke
|poke|p1|Gengar, L50, M|
|poke|p1|Archaludon, L50, M|
|poke|p1|Politoed, L50, F|
|poke|p1|Swampert, L50, M|
|poke|p1|Vivillon-Fancy, L50, M|
|poke|p1|Incineroar, L50, F|
|poke|p2|Charizard, L50, M, shiny|
|poke|p2|Garchomp, L50, F|
|poke|p2|Whimsicott, L50, M|
|poke|p2|Farigiraf, L50, M|
|poke|p2|Glimmora, L50, F|
|poke|p2|Sylveon, L50, M|
|teampreview|4
|showteam|p1|Gengar||Gengarite|CursedBody|ShadowBall,SludgeBomb,PerishSong,Protect|Modest||M|||50|]Archaludon||Leftovers|Stamina|ElectroShot,DragonPulse,FlashCannon,Protect|Bold||M|||50|]Politoed||SitrusBerry|Drizzle|WeatherBall,Hypnosis,PerishSong,Protect|Calm||F|||50|]Swampert||Swampertite|Torrent|WaveCrash,Earthquake,IcePunch,Protect|Adamant||M|||50|]Vivillon-Fancy||FocusSash|CompoundEyes|Hurricane,SleepPowder,RagePowder,Protect|Timid||M|||50|]Incineroar||PasshoBerry|Intimidate|ThroatChop,FakeOut,PartingShot,Protect|Impish||F|||50|
|showteam|p2|Charizard||CharizarditeY|Blaze|HeatWave,WeatherBall,SolarBeam,Protect|Modest||M|||50|]Garchomp||LifeOrb|RoughSkin|DragonClaw,Earthquake,RockSlide,Protect|Adamant||F|||50|]Whimsicott||FocusSash|Prankster|Moonblast,Encore,Tailwind,Protect|Timid||M|||50|]Farigiraf||SitrusBerry|ArmorTail|Thunderbolt,Psychic,HelpingHand,TrickRoom|Modest||M|||50|]Glimmora||Glimmoranite|ToxicDebris|SpikyShield,PowerGem,SludgeBomb,EarthPower|Modest||F|||50|]Sylveon||FairyFeather|Pixilate|HyperVoice,QuickAttack,HyperBeam,Protect|Modest||M|||50|
|inactive|Battle timer is ON: inactive players will automatically lose when time's up. (requested by pablodrinksbeer)
|inactive|MarillRag1 has 60 seconds left.
|
|t:|1786164341
|teamsize|p1|4
|teamsize|p2|4
|start
|switch|p1a: Politoed|Politoed, L50, F|100/100
|switch|p1b: Swampert|Swampert, L50, M|100/100
|switch|p2a: Charizard|Charizard, L50, M, shiny|100/100
|switch|p2b: Glimmora|Glimmora, L50, F|100/100
|-weather|RainDance|[from] ability: Drizzle|[of] p1a: Politoed
|turn|1
|
|t:|1786164365
|switch|p1a: Incineroar|Incineroar, L50, F|100/100
|-ability|p1a: Incineroar|Intimidate|boost
|-unboost|p2a: Charizard|atk|1
|-unboost|p2b: Glimmora|atk|1
|detailschange|p2a: Charizard|Charizard-Mega-Y, L50, M, shiny
|-mega|p2a: Charizard|Charizard|Charizardite Y
|-weather|SunnyDay|[from] ability: Drought|[of] p2a: Charizard
|detailschange|p1b: Swampert|Swampert-Mega, L50, M
|-mega|p1b: Swampert|Swampert|Swampertite
|move|p1b: Swampert|Protect|p1b: Swampert
|-singleturn|p1b: Swampert|Protect
|move|p2a: Charizard|Heat Wave|p1b: Swampert|[spread] p1a
|-activate|p1b: Swampert|move: Protect
|-resisted|p1a: Incineroar|1
|-damage|p1a: Incineroar|73/100
|move|p2b: Glimmora|Earth Power|p1a: Incineroar
|-supereffective|p1a: Incineroar|1
|-damage|p1a: Incineroar|25/100
|
|-weather|SunnyDay|[upkeep]
|upkeep
|turn|2
|inactive|MarillRag1 has 30 seconds left.
|inactive|MarillRag1 has 20 seconds left.
|
|t:|1786164401
|switch|p2a: Whimsicott|Whimsicott, L50, M|100/100
|switch|p1a: Politoed|Politoed, L50, F|100/100
|-weather|RainDance|[from] ability: Drizzle|[of] p1a: Politoed
|move|p2b: Glimmora|Spiky Shield|p2b: Glimmora
|-singleturn|p2b: Glimmora|move: Protect
|move|p1b: Swampert|Wave Crash|p2b: Glimmora
|-activate|p2b: Glimmora|move: Protect
|-damage|p1b: Swampert|87/100|[from] Spiky Shield|[of] p2b: Glimmora
|
|-weather|RainDance|[upkeep]
|upkeep
|turn|3
|
|t:|1786164424
|switch|p2b: Charizard|Charizard-Mega-Y, L50, M, shiny|100/100
|-weather|SunnyDay|[from] ability: Drought|[of] p2b: Charizard
|move|p2a: Whimsicott|Moonblast|p1b: Swampert
|-damage|p1b: Swampert|56/100
|move|p1b: Swampert|Ice Punch|p2a: Whimsicott
|-supereffective|p2a: Whimsicott|1
|-damage|p2a: Whimsicott|1/100
|move|p1a: Politoed|Weather Ball|p2a: Whimsicott
|-supereffective|p2a: Whimsicott|1
|-damage|p2a: Whimsicott|0 fnt
|faint|p2a: Whimsicott
|
|-weather|SunnyDay|[upkeep]
|upkeep
|
|t:|1786164436
|switch|p2a: Garchomp|Garchomp, L50, F|100/100
|turn|4
|
|t:|1786164456
|switch|p1a: Incineroar|Incineroar, L50, F|25/100
|-ability|p1a: Incineroar|Intimidate|boost
|-unboost|p2a: Garchomp|atk|1
|-unboost|p2b: Charizard|atk|1
|move|p1b: Swampert|Protect|p1b: Swampert
|-singleturn|p1b: Swampert|Protect
|move|p2a: Garchomp|Earthquake|p1a: Incineroar|[spread] p1a
|-activate|p1b: Swampert|move: Protect
|-immune|p2b: Charizard
|-supereffective|p1a: Incineroar|1
|-damage|p1a: Incineroar|0 fnt
|faint|p1a: Incineroar
|-damage|p2a: Garchomp|90/100|[from] item: Life Orb
|move|p2b: Charizard|Solar Beam||[still]
|-prepare|p2b: Charizard|Solar Beam
|-anim|p2b: Charizard|Solar Beam|p1b: Swampert
|-activate|p1b: Swampert|move: Protect
|
|-weather|SunnyDay|[upkeep]
|upkeep
|
|t:|1786164473
|switch|p1a: Politoed|Politoed, L50, F|100/100
|-weather|RainDance|[from] ability: Drizzle|[of] p1a: Politoed
|turn|5
|
|t:|1786164481
|switch|p2b: Glimmora|Glimmora, L50, F|100/100
|switch|p1a: Archaludon|Archaludon, L50, M|100/100
|move|p2a: Garchomp|Protect|p2a: Garchomp
|-singleturn|p2a: Garchomp|Protect
|move|p1b: Swampert|Ice Punch|p2a: Garchomp
|-activate|p2a: Garchomp|move: Protect
|
|-weather|RainDance|[upkeep]
|upkeep
|turn|6
|inactive|pablodrinksbeer has 30 seconds left.
|inactive|MarillRag1 has 30 seconds left.
|
|t:|1786164519
|switch|p1a: Politoed|Politoed, L50, F|100/100
|move|p1b: Swampert|Earthquake|p2a: Garchomp|[spread] p1a,p2a,p2b
|-supereffective|p2b: Glimmora|2
|-damage|p1a: Politoed|58/100
|-damage|p2a: Garchomp|51/100
|-damage|p2b: Glimmora|0 fnt
|-activate|p2b: Glimmora|ability: Toxic Debris
|-sidestart|p1: MarillRag1|move: Toxic Spikes
|faint|p2b: Glimmora
|move|p2a: Garchomp|Dragon Claw|p1b: Swampert
|-damage|p1b: Swampert|20/100y
|-damage|p2a: Garchomp|42/100|[from] item: Life Orb
|
|-weather|RainDance|[upkeep]
|upkeep
|
|t:|1786164530
|switch|p2b: Charizard|Charizard-Mega-Y, L50, M, shiny|100/100
|-weather|SunnyDay|[from] ability: Drought|[of] p2b: Charizard
|turn|7
|
|t:|1786164535
|switch|p1a: Archaludon|Archaludon, L50, M|100/100
|move|p1b: Swampert|Protect|p1b: Swampert
|-singleturn|p1b: Swampert|Protect
|move|p2a: Garchomp|Earthquake|p1b: Swampert|[spread] p1a
|-activate|p1b: Swampert|move: Protect
|-immune|p2b: Charizard
|-supereffective|p1a: Archaludon|1
|-damage|p1a: Archaludon|55/100
|-ability|p1a: Archaludon|Stamina|boost
|-boost|p1a: Archaludon|def|1
|-damage|p2a: Garchomp|32/100|[from] item: Life Orb
|move|p2b: Charizard|Heat Wave|p1b: Swampert|[spread] p1a
|-activate|p1b: Swampert|move: Protect
|-damage|p1a: Archaludon|0 fnt
|faint|p1a: Archaludon
|
|-weather|SunnyDay|[upkeep]
|upkeep
|
|t:|1786164537
|switch|p1a: Politoed|Politoed, L50, F|58/100
|-status|p1a: Politoed|psn
|-weather|RainDance|[from] ability: Drizzle|[of] p1a: Politoed
|turn|8
|
|t:|1786164561
|move|p2a: Garchomp|Protect|p2a: Garchomp
|-singleturn|p2a: Garchomp|Protect
|move|p1b: Swampert|Ice Punch|p2a: Garchomp
|-activate|p2a: Garchomp|move: Protect
|move|p2b: Charizard|Weather Ball|p1b: Swampert
|-damage|p1b: Swampert|0 fnt
|faint|p1b: Swampert
|move|p1a: Politoed|Perish Song|p1a: Politoed
|-start|p1a: Politoed|perish3|[silent]
|-start|p2a: Garchomp|perish3|[silent]
|-start|p2b: Charizard|perish3|[silent]
|-fieldactivate|move: Perish Song
|
|-weather|RainDance|[upkeep]
|-damage|p1a: Politoed|46/100 psn|[from] psn
|-start|p2a: Garchomp|perish3
|-start|p2b: Charizard|perish3
|-start|p1a: Politoed|perish3
|upkeep
|-enditem|p1a: Politoed|Sitrus Berry|[eat]
|-heal|p1a: Politoed|71/100 psn|[from] item: Sitrus Berry
|turn|9
|
|t:|1786164574
|move|p1a: Politoed|Protect|p1a: Politoed
|-singleturn|p1a: Politoed|Protect
|move|p2a: Garchomp|Dragon Claw|p1a: Politoed
|-activate|p1a: Politoed|move: Protect
|move|p2b: Charizard|Weather Ball|p1a: Politoed
|-activate|p1a: Politoed|move: Protect
|
|-weather|RainDance|[upkeep]
|-damage|p1a: Politoed|59/100 psn|[from] psn
|-start|p2a: Garchomp|perish2
|-start|p2b: Charizard|perish2
|-start|p1a: Politoed|perish2
|upkeep
|turn|10
|
|t:|1786164579
|move|p2a: Garchomp|Dragon Claw|p1a: Politoed
|-damage|p1a: Politoed|23/100 psn
|-damage|p2a: Garchomp|22/100|[from] item: Life Orb
|move|p2b: Charizard|Weather Ball|p1a: Politoed
|-resisted|p1a: Politoed|1
|-damage|p1a: Politoed|0 fnt
|faint|p1a: Politoed
|
|win|pablodrinksbeer
||MarillRag1 is ready for game 3.
||pablodrinksbeer is ready for game 3.
|uhtml|next|Next: Game 3 of 3
