|j|☆tedidn
|j|☆TMJS01
|html|tedidnTMJS01    
|uhtml|bestof|Game 2 of a best-of-3
|t:|1782529878
|gametype|doubles
|player|p1|tedidn|marshal|1315
|player|p2|TMJS01|unknown|1433
|gen|9
|tier|[Gen 9 Champions] VGC 2026 Reg M-B (Bo3)
|rated|
|rule|Species Clause: Limit one of each Pokémon
|rule|Item Clause: Limit 1 of each item
|clearpoke
|poke|p1|Charizard, L50, F|
|poke|p1|Gholdengo, L50|
|poke|p1|Floette-Eternal, L50, F|
|poke|p1|Basculegion, L50, M|
|poke|p1|Garchomp, L50, F|
|poke|p1|Grimmsnarl, L50, M|
|poke|p2|Sinistcha, L50|
|poke|p2|Incineroar, L50, M|
|poke|p2|Garchomp, L50, F|
|poke|p2|Floette-Eternal, L50, F|
|poke|p2|Delphox, L50, M|
|poke|p2|Kingambit, L50, F|
|teampreview|4
|showteam|p1|Charizard||CharizarditeY|Blaze|HeatWave,WeatherBall,SolarBeam,Protect|Modest||F|||50|]Gholdengo||LifeOrb|GoodasGold|MakeItRain,ShadowBall,PowerGem,Protect|Modest|||||50|]Floette-Eternal||Floettite|FlowerVeil|Moonblast,DazzlingGleam,LightofRuin,Protect|Modest||F|||50|]Basculegion||ChoiceScarf|Adaptability|WaveCrash,FlipTurn,LastRespects,AquaJet|Jolly||M|||50|]Garchomp||SitrusBerry|RoughSkin|StompingTantrum,DragonClaw,RockSlide,Protect|Adamant||F|||50|]Grimmsnarl||LightClay|Prankster|SpiritBreak,PartingShot,Reflect,LightScreen|Careful||M|||50|
|showteam|p2|Sinistcha||KasibBerry|Hospitality|MatchaGotcha,RagePowder,TrickRoom,LifeDew|Relaxed|||||50|]Incineroar||ChopleBerry|Intimidate|ThroatChop,FlareBlitz,PartingShot,FakeOut|Adamant||M|||50|]Garchomp||LifeOrb|RoughSkin|ScaleShot,StompingTantrum,Protect,RockTomb|Jolly||F|||50|]Floette-Eternal||Floettite|FlowerVeil|Protect,CalmMind,Moonblast,DazzlingGleam|Modest||F|||50|]Delphox||Delphoxite|Blaze|NastyPlot,HeatWave,Psyshock,Protect|Timid||M|||50|]Kingambit||FocusSash|Defiant|SuckerPunch,IronHead,KowtowCleave,LowKick|Brave||F|||50|
|inactive|Battle timer is ON: inactive players will automatically lose when time's up. (requested by TMJS01)
|inactive|tedidn also wants the timer to be on.
|
|t:|1782529907
|teamsize|p1|4
|teamsize|p2|4
|start
|switch|p1a: Eye Candy|Basculegion, L50, M|100/100
|switch|p1b: iPad Kid|Floette-Eternal, L50, F|100/100
|switch|p2a: Delphox|Delphox, L50, M|100/100
|switch|p2b: Incineroar|Incineroar, L50, M|100/100
|-ability|p2b: Incineroar|Intimidate|boost
|-unboost|p1a: Eye Candy|atk|1
|-unboost|p1b: iPad Kid|atk|1
|turn|1
|
|t:|1782529925
|detailschange|p2a: Delphox|Delphox-Mega, L50, M
|-mega|p2a: Delphox|Delphox|Delphoxite
|detailschange|p1b: iPad Kid|Floette-Mega, L50, F
|-mega|p1b: iPad Kid|Floette|Floettite
|-ability|p1b: iPad Kid|Fairy Aura
|move|p2b: Incineroar|Fake Out|p1b: iPad Kid
|-damage|p1b: iPad Kid|87/100
|move|p1a: Eye Candy|Flip Turn|p2b: Incineroar
|-supereffective|p2b: Incineroar|1
|-damage|p2b: Incineroar|56/100
|
|t:|1782529932
|switch|p1a: On Sight|Garchomp, L50, F|100/100|[from] Flip Turn
|move|p2a: Delphox|Nasty Plot|p2a: Delphox
|-boost|p2a: Delphox|spa|2
|cant|p1b: iPad Kid|flinch
|
|upkeep
|turn|2
|
|t:|1782529944
|switch|p1b: Slur Slinger|Grimmsnarl, L50, M|100/100
|move|p1a: On Sight|Protect|p1a: On Sight
|-singleturn|p1a: On Sight|Protect
|move|p2a: Delphox|Psyshock|p1b: Slur Slinger
|-immune|p1b: Slur Slinger
|move|p2b: Incineroar|Parting Shot|p1a: On Sight
|-activate|p1a: On Sight|move: Protect
|
|upkeep
|turn|3
|
|t:|1782529954
|move|p1b: Slur Slinger|Light Screen|p1b: Slur Slinger
|-sidestart|p1: tedidn|move: Light Screen
|move|p2a: Delphox|Heat Wave|p1b: Slur Slinger|[spread] p1a,p1b
|-resisted|p1a: On Sight|1
|-damage|p1a: On Sight|75/100
|-damage|p1b: Slur Slinger|55/100
|-status|p1b: Slur Slinger|brn
|move|p1a: On Sight|Rock Slide|p2b: Incineroar|[spread] p2a,p2b
|-supereffective|p2a: Delphox|1
|-supereffective|p2b: Incineroar|1
|-damage|p2a: Delphox|46/100
|-damage|p2b: Incineroar|22/100
|move|p2b: Incineroar|Parting Shot|p1a: On Sight
|-unboost|p1a: On Sight|atk|1
|-unboost|p1a: On Sight|spa|1
|
|t:|1782529964
|switch|p2b: Garchomp|Garchomp, L50, F|100/100|[from] Parting Shot
|
|-damage|p1b: Slur Slinger|49/100 brn|[from] brn
|upkeep
|turn|4
|
|t:|1782529975
|move|p1b: Slur Slinger|Reflect|p1b: Slur Slinger
|-sidestart|p1: tedidn|Reflect
|move|p2a: Delphox|Heat Wave|p1a: On Sight|[spread] p1a,p1b
|-resisted|p1a: On Sight|1
|-damage|p1a: On Sight|48/100
|-damage|p1b: Slur Slinger|6/100 brn
|-enditem|p1a: On Sight|Sitrus Berry|[eat]
|-heal|p1a: On Sight|72/100|[from] item: Sitrus Berry
|move|p2b: Garchomp|Scale Shot|p1a: On Sight
|-supereffective|p1a: On Sight|1
|-damage|p1a: On Sight|52/100
|-supereffective|p1a: On Sight|1
|-damage|p1a: On Sight|31/100
|-hitcount|p1a: On Sight|2
|-unboost|p2b: Garchomp|def|1
|-boost|p2b: Garchomp|spe|1
|-damage|p2b: Garchomp|90/100|[from] item: Life Orb
|move|p1a: On Sight|Dragon Claw|p2b: Garchomp
|-supereffective|p2b: Garchomp|1
|-damage|p2b: Garchomp|9/100
|-damage|p1a: On Sight|18/100|[from] ability: Rough Skin|[of] p2b: Garchomp
|
|-damage|p1b: Slur Slinger|0 fnt|[from] brn
|faint|p1b: Slur Slinger
|upkeep
|
|t:|1782529999
|switch|p1b: Eye Candy|Basculegion, L50, M|100/100
|turn|5
|
|t:|1782530005
|move|p2a: Delphox|Protect|p2a: Delphox
|-singleturn|p2a: Delphox|Protect
|move|p2b: Garchomp|Rock Tomb|p1b: Eye Candy
|-damage|p1b: Eye Candy|76/100
|-unboost|p1b: Eye Candy|spe|1
|-damage|p2b: Garchomp|0 fnt|[from] item: Life Orb
|faint|p2b: Garchomp
|move|p1b: Eye Candy|Flip Turn|p2a: Delphox
|-activate|p2a: Delphox|move: Protect
|move|p1a: On Sight|Stomping Tantrum|p2a: Delphox
|-activate|p2a: Delphox|move: Protect
|
|upkeep
|
|t:|1782530017
|switch|p2b: Incineroar|Incineroar, L50, M|22/100
|-ability|p2b: Incineroar|Intimidate|boost
|-unboost|p1a: On Sight|atk|1
|-unboost|p1b: Eye Candy|atk|1
|turn|6
|
|t:|1782530030
|move|p2a: Delphox|Psyshock|p1b: Eye Candy
|-damage|p1b: Eye Candy|1/100
|move|p1b: Eye Candy|Flip Turn|p2a: Delphox
|-supereffective|p2a: Delphox|1
|-damage|p2a: Delphox|0 fnt
|faint|p2a: Delphox
|
|t:|1782530034
|switch|p1b: iPad Kid|Floette-Mega, L50, F|87/100|[from] Flip Turn
|-ability|p1b: iPad Kid|Fairy Aura
|move|p1a: On Sight|Rock Slide|p2b: Incineroar
|-supereffective|p2b: Incineroar|1
|-damage|p2b: Incineroar|0 fnt
|faint|p2b: Incineroar
|
|upkeep
|
|t:|1782530039
|switch|p2b: Kingambit|Kingambit, L50, F|100/100
|turn|7
|
|t:|1782530045
|move|p1a: On Sight|Stomping Tantrum|p2b: Kingambit
|-supereffective|p2b: Kingambit|1
|-damage|p2b: Kingambit|70/100
|move|p1b: iPad Kid|Moonblast|p2b: Kingambit
|-damage|p2b: Kingambit|0 fnt
|faint|p2b: Kingambit
|
|win|tedidn
