|j|☆Xolvaran
|j|☆Lewis Hamilton Fan
|html|XolvaranLewis Hamilton Fan    
|uhtml|bestof|Game 2 of a best-of-3
|t:|1785028665
|gametype|doubles
|player|p1|Xolvaran|lucas|1133
|player|p2|Lewis Hamilton Fan|juan|1117
|gen|9
|tier|[Gen 9 Champions] VGC 2026 Reg M-B (Bo3)
|rated|
|rule|Species Clause: Limit one of each Pokémon
|rule|Item Clause: Limit 1 of each item
|clearpoke
|poke|p1|Alcremie-Rainbow-Swirl, L50, F, shiny|
|poke|p1|Basculegion, L50, M|
|poke|p1|Lopunny, L50, F|
|poke|p1|Pelipper, L50, M|
|poke|p1|Archaludon, L50, M|
|poke|p1|Scovillain, L50, F|
|poke|p2|Froslass, L50, F|
|poke|p2|Scovillain, L50, M|
|poke|p2|Kingambit, L50, M|
|poke|p2|Basculegion, L50, M|
|poke|p2|Sneasler, L50, F|
|poke|p2|Lycanroc-Dusk, L50, M|
|teampreview|4
|showteam|p1|Alcremie-Rainbow-Swirl||LightClay|SweetVeil|DazzlingGleam,Decorate,LightScreen,Protect|Bold||F|||50|]Basculegion||FocusBand|Adaptability|LastRespects,Liquidation,AquaJet,Protect|Jolly||M|||50|]Lopunny||Lopunnite|Limber|FakeOut,CloseCombat,RainDance,TripleAxel|Jolly||F|||50|]Pelipper||LifeOrb|Drizzle|MuddyWater,Tailwind,Hurricane,WideGuard|Modest||M|||50|]Archaludon||SitrusBerry|Stamina|ElectroShot,DragonPulse,FlashCannon,Protect|Calm||M|||50|]Scovillain||Scovillainite|Moody|Overheat,LeechSeed,RagePowder,Protect|Bold||F|||50|
|showteam|p2|Froslass||Froslassite|CursedBody|Blizzard,ShadowBall,AuroraVeil,Protect|Timid||F|||50|]Scovillain||Scovillainite|Moody|Overheat,GigaDrain,RagePowder,Protect|Bold||M|||50|]Kingambit||BlackGlasses|Defiant|KowtowCleave,SuckerPunch,SwordsDance,Protect|Adamant||M|||50|]Basculegion||LifeOrb|Adaptability|WaveCrash,LastRespects,AquaJet,Protect|Adamant||M|||50|]Sneasler||WhiteHerb|Unburden|CloseCombat,FakeOut,GunkShot,Protect|Adamant||F|||50|]Lycanroc-Dusk||FocusSash|ToughClaws|RockSlide,Accelerock,CloseCombat,Protect|Adamant||M|||50|
|inactive|Battle timer is ON: inactive players will automatically lose when time's up. (requested by Xolvaran)
|inactive|Lewis Hamilton Fan has 60 seconds left.
|
|t:|1785028725
|teamsize|p1|4
|teamsize|p2|4
|start
|switch|p1a: Lopunny|Lopunny, L50, F|100/100
|switch|p1b: Basculegion|Basculegion, L50, M|100/100
|switch|p2a: Scovillain|Scovillain, L50, M|100/100
|switch|p2b: Kingambit|Kingambit, L50, M|100/100
|turn|1
|
|t:|1785028746
|detailschange|p1a: Lopunny|Lopunny-Mega, L50, F
|-mega|p1a: Lopunny|Lopunny|Lopunnite
|detailschange|p2a: Scovillain|Scovillain-Mega, L50, M
|-mega|p2a: Scovillain|Scovillain|Scovillainite
|move|p1b: Basculegion|Protect|p1b: Basculegion
|-singleturn|p1b: Basculegion|Protect
|move|p2b: Kingambit|Protect|p2b: Kingambit
|-singleturn|p2b: Kingambit|Protect
|move|p1a: Lopunny|Close Combat|p2b: Kingambit
|-activate|p2b: Kingambit|move: Protect
|move|p2a: Scovillain|Giga Drain|p1b: Basculegion
|-activate|p1b: Basculegion|move: Protect
|
|upkeep
|turn|2
|
|t:|1785028770
|switch|p1b: Archaludon|Archaludon, L50, M|100/100
|switch|p2b: Basculegion|Basculegion, L50, M|100/100
|move|p1a: Lopunny|Rain Dance|p1a: Lopunny
|-weather|RainDance
|move|p2a: Scovillain|Giga Drain|p1b: Archaludon
|-resisted|p1b: Archaludon|2
|-damage|p1b: Archaludon|93/100
|-ability|p1b: Archaludon|Stamina|boost
|-boost|p1b: Archaludon|def|1
|
|-weather|RainDance|[upkeep]
|upkeep
|turn|3
|
|t:|1785028793
|move|p2a: Scovillain|Rage Powder|p2a: Scovillain
|-singleturn|p2a: Scovillain|move: Rage Powder
|move|p1a: Lopunny|Close Combat|p2a: Scovillain
|-damage|p2a: Scovillain|36/100
|-unboost|p1a: Lopunny|def|1
|-unboost|p1a: Lopunny|spd|1
|-status|p1a: Lopunny|brn|[from] ability: Spicy Spray|[of] p2a: Scovillain
|move|p2b: Basculegion|Wave Crash|p1a: Lopunny
|-damage|p1a: Lopunny|0 fnt
|faint|p1a: Lopunny
|-damage|p2b: Basculegion|78/100|[from] Recoil
|-damage|p2b: Basculegion|68/100|[from] item: Life Orb
|move|p1b: Archaludon|Dragon Pulse|p2a: Scovillain
|-damage|p2a: Scovillain|1/100
|-status|p1b: Archaludon|brn|[from] ability: Spicy Spray|[of] p2a: Scovillain
|
|-weather|RainDance|[upkeep]
|-damage|p1b: Archaludon|86/100 brn|[from] brn
|upkeep
|
|t:|1785028812
|switch|p1a: Basculegion|Basculegion, L50, M|100/100
|turn|4
|
|t:|1785028826
|switch|p2b: Kingambit|Kingambit, L50, M|100/100
|move|p1a: Basculegion|Protect|p1a: Basculegion
|-singleturn|p1a: Basculegion|Protect
|move|p1b: Archaludon|Protect|p1b: Archaludon
|-singleturn|p1b: Archaludon|Protect
|move|p2a: Scovillain|Rage Powder|p2a: Scovillain
|-singleturn|p2a: Scovillain|move: Rage Powder
|
|-weather|RainDance|[upkeep]
|-damage|p1b: Archaludon|80/100 brn|[from] brn
|upkeep
|turn|5
|
|t:|1785028844
|move|p2a: Scovillain|Rage Powder|p2a: Scovillain
|-singleturn|p2a: Scovillain|move: Rage Powder
|move|p1a: Basculegion|Liquidation|p2a: Scovillain
|-damage|p2a: Scovillain|0 fnt
|-status|p1a: Basculegion|brn|[from] ability: Spicy Spray|[of] p2a: Scovillain
|faint|p2a: Scovillain
|move|p1b: Archaludon|Electro Shot||[still]
|-prepare|p1b: Archaludon|Electro Shot
|-boost|p1b: Archaludon|spa|1
|-anim|p1b: Archaludon|Electro Shot|p2b: Kingambit
|-damage|p2b: Kingambit|57/100
|move|p2b: Kingambit|Swords Dance|p2b: Kingambit
|-boost|p2b: Kingambit|atk|2
|
|-weather|RainDance|[upkeep]
|-damage|p1a: Basculegion|93/100 brn|[from] brn
|-damage|p1b: Archaludon|74/100 brn|[from] brn
|upkeep
|
|t:|1785028860
|switch|p2a: Sneasler|Sneasler, L50, F|100/100
|turn|6
|
|t:|1785028869
|move|p2b: Kingambit|Sucker Punch|p1a: Basculegion
|-supereffective|p1a: Basculegion|1
|-damage|p1a: Basculegion|0 fnt
|faint|p1a: Basculegion
|move|p2a: Sneasler|Close Combat|p1b: Archaludon
|-supereffective|p1b: Archaludon|1
|-damage|p1b: Archaludon|18/100 brn
|-unboost|p2a: Sneasler|def|1
|-unboost|p2a: Sneasler|spd|1
|-ability|p1b: Archaludon|Stamina|boost
|-boost|p1b: Archaludon|def|1
|-enditem|p1b: Archaludon|Sitrus Berry|[eat]
|-heal|p1b: Archaludon|43/100 brn|[from] item: Sitrus Berry
|-enditem|p2a: Sneasler|White Herb
|-clearnegativeboost|p2a: Sneasler|[silent]
|move|p1b: Archaludon|Electro Shot||[still]
|-prepare|p1b: Archaludon|Electro Shot
|-boost|p1b: Archaludon|spa|1
|-anim|p1b: Archaludon|Electro Shot|p2a: Sneasler
|-damage|p2a: Sneasler|21/100
|
|-weather|none
|-damage|p1b: Archaludon|36/100 brn|[from] brn
|upkeep
|
|t:|1785028888
|switch|p1a: Pelipper|Pelipper, L50, M|100/100
|-weather|RainDance|[from] ability: Drizzle|[of] p1a: Pelipper
|turn|7
|
|t:|1785028896
|move|p1b: Archaludon|Protect|p1b: Archaludon
|-singleturn|p1b: Archaludon|Protect
|move|p2b: Kingambit|Sucker Punch|p1a: Pelipper
|-damage|p1a: Pelipper|0 fnt
|faint|p1a: Pelipper
|move|p2a: Sneasler|Close Combat|p1b: Archaludon
|-activate|p1b: Archaludon|move: Protect
|
|-weather|RainDance|[upkeep]
|-damage|p1b: Archaludon|30/100 brn|[from] brn
|upkeep
|turn|8
|
|t:|1785028909
|move|p2b: Kingambit|Sucker Punch|p1b: Archaludon
|-damage|p1b: Archaludon|0 fnt
|faint|p1b: Archaludon
|
|win|Lewis Hamilton Fan
|raw|Xolvaran's rating: 1133 → 1107(-26 for losing)
|raw|Lewis Hamilton Fan's rating: 1117 → 1143(+26 for winning)
