|j|☆ScaryQwQ
|j|☆BVSelf
|html|ScaryQwQBVSelf    
|uhtml|bestof|Game 1 of a best-of-3
|t:|1783244701
|gametype|doubles
|player|p1|ScaryQwQ|argenta|1216
|player|p2|BVSelf|juan|1321
|gen|9
|tier|[Gen 9 Champions] VGC 2026 Reg M-B (Bo3)
|rated|
|rule|Species Clause: Limit one of each Pokémon
|rule|Item Clause: Limit 1 of each item
|clearpoke
|poke|p1|Scovillain, L50, M|
|poke|p1|Aerodactyl, L50, F|
|poke|p1|Ninetales-Alola, L50, F|
|poke|p1|Kingambit, L50, M|
|poke|p1|Arcanine-Hisui, L50, M|
|poke|p1|Sneasler, L50, M|
|poke|p2|Torkoal, L50, M|
|poke|p2|Venusaur, L50, F|
|poke|p2|Farigiraf, L50, F|
|poke|p2|Scrafty, L50, F|
|poke|p2|Mamoswine, L50, F|
|poke|p2|Pyroar, L50, M|
|teampreview|4
|showteam|p1|Scovillain||Scovillainite|Moody|GigaDrain,Overheat,RagePowder,Protect|Calm||M|||50|]Aerodactyl||Aerodactylite|Unnerve|RockSlide,DualWingbeat,Tailwind,Protect|Jolly||F|||50|]Ninetales-Alola||NeverMeltIce|SnowWarning|Blizzard,IcyWind,FreezeDry,Protect|Timid||F|||50|]Kingambit||BlackGlasses|Defiant|KowtowCleave,SuckerPunch,SwordsDance,Protect|Adamant||M|||50|]Arcanine-Hisui||FocusSash|RockHead|FlareBlitz,HeadSmash,ExtremeSpeed,Protect|Jolly||M|||50|]Sneasler||WhiteHerb|Unburden|DireClaw,CloseCombat,FakeOut,Protect|Timid||M|||50|
|showteam|p2|Torkoal||HeatRock|Drought|Eruption,WeatherBall,HelpingHand,Protect|Quiet||M|||50|]Venusaur||LifeOrb|Chlorophyll|EnergyBall,SludgeBomb,EarthPower,Protect|Modest||F|||50|]Farigiraf||SitrusBerry|ArmorTail|Psychic,Thunderbolt,TrickRoom,Protect|Quiet||F|||50|]Scrafty||Scraftinite|Intimidate|KnockOff,DrainPunch,IcePunch,FakeOut|Adamant||F|||50|]Mamoswine||FocusSash|Oblivious|HighHorsepower,RockSlide,IceShard,Protect|Adamant||F|||50|]Pyroar||Pyroarite|Unnerve|HeatWave,Overheat,Yawn,Protect|Timid||M|||50|
|
|t:|1783244788
|teamsize|p1|4
|teamsize|p2|4
|start
|switch|p1a: Kingambit|Kingambit, L50, M|100/100
|switch|p1b: Arcanine|Arcanine-Hisui, L50, M|100/100
|switch|p2a: Mamoswine|Mamoswine, L50, F|100/100
|switch|p2b: Venusaur|Venusaur, L50, F|100/100
|turn|1
|
|t:|1783244845
|move|p2b: Venusaur|Protect|p2b: Venusaur
|-singleturn|p2b: Venusaur|Protect
|move|p1b: Arcanine|Flare Blitz|p2b: Venusaur
|-activate|p2b: Venusaur|move: Protect
|move|p2a: Mamoswine|High Horsepower|p1b: Arcanine
|-supereffective|p1b: Arcanine|2
|-enditem|p1b: Arcanine|Focus Sash
|-damage|p1b: Arcanine|1/100
|move|p1a: Kingambit|Kowtow Cleave|p2a: Mamoswine
|-crit|p2a: Mamoswine
|-enditem|p2a: Mamoswine|Focus Sash
|-damage|p2a: Mamoswine|1/100
|
|upkeep
|turn|2
|
|t:|1783244876
|move|p1b: Arcanine|Protect|p1b: Arcanine
|-singleturn|p1b: Arcanine|Protect
|move|p2a: Mamoswine|Ice Shard|p1b: Arcanine
|-activate|p1b: Arcanine|move: Protect
|move|p2b: Venusaur|Earth Power|p1b: Arcanine
|-activate|p1b: Arcanine|move: Protect
|move|p1a: Kingambit|Kowtow Cleave|p2a: Mamoswine
|-crit|p2a: Mamoswine
|-damage|p2a: Mamoswine|0 fnt
|faint|p2a: Mamoswine
|
|upkeep
|
|t:|1783244881
|switch|p2a: Scrafty|Scrafty, L50, F|100/100
|-ability|p2a: Scrafty|Intimidate|boost
|-unboost|p1a: Kingambit|atk|1
|-ability|p1a: Kingambit|Defiant|boost
|-boost|p1a: Kingambit|atk|2
|-unboost|p1b: Arcanine|atk|1
|turn|3
|
|t:|1783244893
|switch|p1b: Sneasler|Sneasler, L50, M|100/100
|move|p1a: Kingambit|Protect|p1a: Kingambit
|-singleturn|p1a: Kingambit|Protect
|move|p2a: Scrafty|Fake Out|p1b: Sneasler
|-damage|p1b: Sneasler|78/100
|move|p2b: Venusaur|Earth Power|p1a: Kingambit
|-activate|p1a: Kingambit|move: Protect
|
|upkeep
|turn|4
|
|t:|1783244945
|switch|p2a: Torkoal|Torkoal, L50, M|100/100
|-weather|SunnyDay|[from] ability: Drought|[of] p2a: Torkoal
|move|p2b: Venusaur|Earth Power|p1b: Sneasler
|-supereffective|p1b: Sneasler|1
|-damage|p1b: Sneasler|0 fnt
|faint|p1b: Sneasler
|-damage|p2b: Venusaur|90/100|[from] item: Life Orb
|move|p1a: Kingambit|Kowtow Cleave|p2b: Venusaur
|-damage|p2b: Venusaur|0 fnt
|faint|p2b: Venusaur
|
|-weather|SunnyDay|[upkeep]
|upkeep
|
|t:|1783244976
|switch|p1b: Aerodactyl|Aerodactyl, L50, F|100/100
|switch|p2b: Scrafty|Scrafty, L50, F|100/100
|-ability|p1b: Aerodactyl|Unnerve
|-ability|p2b: Scrafty|Intimidate|boost
|-unboost|p1a: Kingambit|atk|1
|-ability|p1a: Kingambit|Defiant|boost
|-boost|p1a: Kingambit|atk|2
|-unboost|p1b: Aerodactyl|atk|1
|turn|5
|
|t:|1783244985
|detailschange|p1b: Aerodactyl|Aerodactyl-Mega, L50, F
|-mega|p1b: Aerodactyl|Aerodactyl|Aerodactylite
|move|p1a: Kingambit|Protect|p1a: Kingambit
|-singleturn|p1a: Kingambit|Protect
|move|p2b: Scrafty|Fake Out|p1b: Aerodactyl
|-resisted|p1b: Aerodactyl|1
|-damage|p1b: Aerodactyl|92/100
|cant|p1b: Aerodactyl|flinch
|move|p2a: Torkoal|Weather Ball|p1a: Kingambit
|-activate|p1a: Kingambit|move: Protect
|
|-weather|SunnyDay|[upkeep]
|upkeep
|turn|6
|
|t:|1783245017
|move|p1a: Kingambit|Sucker Punch|p2b: Scrafty
|-resisted|p2b: Scrafty|2
|-damage|p2b: Scrafty|78/100
|move|p1b: Aerodactyl|Dual Wingbeat|p2b: Scrafty|[miss]
|-miss|p1b: Aerodactyl|p2b: Scrafty
|move|p2b: Scrafty|Drain Punch|p1a: Kingambit
|-supereffective|p1a: Kingambit|2
|-damage|p1a: Kingambit|5/100
|-heal|p2b: Scrafty|100/100|[from] drain|[of] p1a: Kingambit
|move|p2a: Torkoal|Weather Ball|p1a: Kingambit
|-supereffective|p1a: Kingambit|1
|-damage|p1a: Kingambit|0 fnt
|faint|p1a: Kingambit
|
|-weather|SunnyDay|[upkeep]
|upkeep
|
|t:|1783245022
|switch|p1a: Arcanine|Arcanine-Hisui, L50, M|1/100
|turn|7
|
|t:|1783245041
|detailschange|p2b: Scrafty|Scrafty-Mega, L50, F
|-mega|p2b: Scrafty|Scrafty|Scraftinite
|-ability|p2b: Scrafty|Intimidate|boost
|-unboost|p1a: Arcanine|atk|1
|-unboost|p1b: Aerodactyl|atk|1
|move|p1b: Aerodactyl|Rock Slide|p2b: Scrafty|[spread] p2a,p2b
|-supereffective|p2a: Torkoal|1
|-resisted|p2b: Scrafty|1
|-crit|p2b: Scrafty
|-damage|p2a: Torkoal|75/100
|-damage|p2b: Scrafty|81/100
|move|p1a: Arcanine|Head Smash|p2a: Torkoal
|-supereffective|p2a: Torkoal|1
|-damage|p2a: Torkoal|6/100
|cant|p2b: Scrafty|flinch
|cant|p2a: Torkoal|flinch
|
|-weather|SunnyDay|[upkeep]
|upkeep
|turn|8
|c|☆BVSelf|lol
|
|t:|1783245068
|move|p1b: Aerodactyl|Rock Slide|p2a: Torkoal|[spread] p2a,p2b
|-supereffective|p2a: Torkoal|1
|-resisted|p2b: Scrafty|1
|-damage|p2a: Torkoal|0 fnt
|-damage|p2b: Scrafty|75/100
|faint|p2a: Torkoal
|move|p1a: Arcanine|Flare Blitz|p2b: Scrafty
|-damage|p2b: Scrafty|26/100
|cant|p2b: Scrafty|flinch
|
|-weather|SunnyDay|[upkeep]
|upkeep
|turn|9
|-message|BVSelf forfeited.
|
|win|ScaryQwQ
||BVSelf is ready for game 2.
||ScaryQwQ is ready for game 2.
|uhtml|next|Next: Game 2 of 3
|l|☆ScaryQwQ
|player|p1|
