|j|☆bassacucina777
|j|☆billimagchili
|html|bassacucina777billimagchili    
|uhtml|bestof|Game 2 of a best-of-3
|t:|1756315376
|gametype|doubles
|player|p1|bassacucina777|1|1178
|player|p2|billimagchili|red|1083
|gen|9
|tier|[Gen 9] VGC 2025 Reg H (Bo3)
|rated|
|rule|Species Clause: Limit one of each Pokémon
|rule|Item Clause: Limit 1 of each item
|clearpoke
|poke|p1|Sneasler, L50, M|
|poke|p1|Dondozo, L50, F|
|poke|p1|Incineroar, L50, F|
|poke|p1|Gholdengo, L50|
|poke|p1|Electabuzz, L50, M|
|poke|p1|Dragonite, L50, M|
|poke|p2|Incineroar, L50, M|
|poke|p2|Dragonite, L50, M|
|poke|p2|Whimsicott, L50, F|
|poke|p2|Sneasler, L50, F|
|poke|p2|Primarina, L50, F|
|poke|p2|Annihilape, L50, M|
|teampreview|4
|showteam|p1|Sneasler||FocusSash|Unburden|CloseCombat,DireClaw,FakeOut,Protect|||M|||50|,,,,,Ghost]Dondozo||Leftovers|Unaware|WaveCrash,Fissure,Yawn,Protect|||F|||50|,,,,,Poison]Incineroar||SafetyGoggles|Intimidate|FlareBlitz,KnockOff,FakeOut,PartingShot|||F|||50|,,,,,Ghost]Gholdengo||LifeOrb|GoodasGold|MakeItRain,NastyPlot,Protect,ShadowBall||||||50|,,,,,Water]Electabuzz||Eviolite|VitalSpirit|Electroweb,Taunt,FollowMe,Protect|||M|||50|,,,,,Dragon]Dragonite||LoadedDice|Multiscale|ScaleShot,Tailwind,Haze,Protect|||M|||50|,,,,,Fairy
|showteam|p2|Incineroar||SafetyGoggles|Intimidate|FakeOut,KnockOff,PartingShot,Taunt|||M|||50|,,,,,Ghost]Dragonite||LoadedDice|InnerFocus|ScaleShot,ExtremeSpeed,Protect,StompingTantrum|||M|||50|,,,,,Fairy]Whimsicott||CovertCloak|Prankster|Tailwind,Encore,Moonblast,Taunt|||F|||50|,,,,,Rock]Sneasler||FocusSash|Unburden|DireClaw,CloseCombat,ThroatChop,Protect|||F|||50|,,,,,Stellar]Primarina||ThroatSpray|LiquidVoice|HyperVoice,Moonblast,Haze,Protect|||F|||50|,,,,,Poison]Annihilape||SitrusBerry|Defiant|RageFist,CloseCombat,Protect,Taunt|||M|||50|,,,,,Fire
|inactive|Battle timer is ON: inactive players will automatically lose when time's up. (requested by bassacucina777)
|inactive|billimagchili has 60 seconds left.
|
|t:|1756315464
|teamsize|p1|4
|teamsize|p2|4
|start
|switch|p1a: Electabuzz|Electabuzz, L50, M|100/100
|switch|p1b: Sneasler|Sneasler, L50, M|100/100
|switch|p2a: Silvermist|Whimsicott, L50, F, shiny|100/100
|switch|p2b: Annihilape|Annihilape, L50, M|100/100
|turn|1
|inactive|bassacucina777 has 30 seconds left.
|
|t:|1756315490
|-terastallize|p2a: Silvermist|Rock
|move|p1a: Electabuzz|Follow Me|p1a: Electabuzz
|-singleturn|p1a: Electabuzz|move: Follow Me
|move|p2a: Silvermist|Taunt|p1a: Electabuzz
|-start|p1a: Electabuzz|move: Taunt
|move|p1b: Sneasler|Dire Claw|p2a: Silvermist
|-resisted|p2a: Silvermist
|-damage|p2a: Silvermist|63/100
|move|p2b: Annihilape|Rage Fist|p1a: Electabuzz
|-damage|p1a: Electabuzz|76/100
|
|upkeep
|turn|2
|inactive|bassacucina777 has 30 seconds left.
|inactive|billimagchili has 30 seconds left.
|inactive|billimagchili has 20 seconds left.
|inactive|billimagchili has 15 seconds left.
|inactive|billimagchili has 10 seconds left.
|inactive|billimagchili has 5 seconds left.
|
|t:|1756315540
|switch|p1a: Dragonite|Dragonite, L50, M|100/100
|switch|p2b: Aurra Sing|Sneasler, L50, F, shiny|100/100
|move|p2a: Silvermist|Encore|p1b: Sneasler
|-start|p1b: Sneasler|Encore
|move|p1b: Sneasler|Dire Claw|p2b: Aurra Sing
|-resisted|p2b: Aurra Sing
|-damage|p2b: Aurra Sing|62/100
|
|upkeep
|turn|3
|inactive|bassacucina777 has 30 seconds left.
|inactive|bassacucina777 has 20 seconds left.
|
|t:|1756315579
|move|p2a: Silvermist|Tailwind|p2a: Silvermist
|-sidestart|p2: billimagchili|move: Tailwind
|move|p2b: Aurra Sing|Dire Claw|p1a: Dragonite
|-crit|p1a: Dragonite
|-damage|p1a: Dragonite|65/100
|-status|p1a: Dragonite|psn
|move|p1b: Sneasler|Dire Claw|p2a: Silvermist
|-resisted|p2a: Silvermist
|-damage|p2a: Silvermist|27/100
|move|p1a: Dragonite|Tailwind|p1a: Dragonite
|-sidestart|p1: bassacucina777|move: Tailwind
|
|-damage|p1a: Dragonite|53/100 psn|[from] psn
|upkeep
|turn|4
|inactive|bassacucina777 has 30 seconds left.
|inactive|billimagchili has 30 seconds left.
|
|t:|1756315611
|switch|p1a: Gholdengo|Gholdengo, L50|100/100
|move|p2b: Aurra Sing|Protect|p2b: Aurra Sing
|-singleturn|p2b: Aurra Sing|Protect
|move|p2a: Silvermist|Moonblast|p1a: Gholdengo
|-resisted|p1a: Gholdengo
|-damage|p1a: Gholdengo|82/100
|move|p1b: Sneasler|Dire Claw|p2a: Silvermist
|-resisted|p2a: Silvermist
|-damage|p2a: Silvermist|0 fnt
|faint|p2a: Silvermist
|
|-end|p1b: Sneasler|Encore
|upkeep
|
|t:|1756315624
|switch|p2a: Annihilape|Annihilape, L50, M|100/100
|turn|5
|inactive|bassacucina777 has 30 seconds left.
|
|t:|1756315659
|move|p1b: Sneasler|Dire Claw|p2a: Annihilape
|-resisted|p2a: Annihilape
|-damage|p2a: Annihilape|75/100
|move|p2b: Aurra Sing|Dire Claw|p1b: Sneasler
|-resisted|p1b: Sneasler
|-damage|p1b: Sneasler|63/100
|move|p2a: Annihilape|Rage Fist|p1a: Gholdengo
|-supereffective|p1a: Gholdengo
|-damage|p1a: Gholdengo|0 fnt
|faint|p1a: Gholdengo
|
|upkeep
|
|t:|1756315675
|switch|p1a: Dragonite|Dragonite, L50, M|53/100 psn
|turn|6
|
|t:|1756315693
|move|p1b: Sneasler|Dire Claw|p2a: Annihilape
|-resisted|p2a: Annihilape
|-damage|p2a: Annihilape|49/100
|-enditem|p2a: Annihilape|Sitrus Berry|[eat]
|-heal|p2a: Annihilape|74/100|[from] item: Sitrus Berry
|move|p2b: Aurra Sing|Dire Claw|p1a: Dragonite
|-damage|p1a: Dragonite|6/100 psn
|move|p2a: Annihilape|Rage Fist|p1b: Sneasler
|-damage|p1b: Sneasler|0 fnt
|faint|p1b: Sneasler
|move|p1a: Dragonite|Scale Shot|p2a: Annihilape
|-damage|p2a: Annihilape|57/100
|-damage|p2a: Annihilape|41/100
|-damage|p2a: Annihilape|25/100
|-damage|p2a: Annihilape|9/100
|-damage|p2a: Annihilape|0 fnt
|faint|p2a: Annihilape
|-hitcount|p2: Annihilape|5
|-unboost|p1a: Dragonite|def|1
|-boost|p1a: Dragonite|spe|1
|
|-damage|p1a: Dragonite|0 fnt|[from] psn
|faint|p1a: Dragonite
|-sideend|p1: bassacucina777|move: Tailwind
|-sideend|p2: billimagchili|move: Tailwind
|upkeep
|-message|bassacucina777 forfeited.
|
|win|billimagchili
|raw|bassacucina777's rating: 1178 → 1146(-32 for losing)
|raw|billimagchili's rating: 1083 → 1118(+35 for winning)
