|j|☆Isam_26011
|j|☆pinkey569
|html|Isam_26011pinkey569    
|uhtml|bestof|Game 1 of a best-of-3
|t:|1756596638
|gametype|doubles
|player|p1|Isam_26011|n|1040
|player|p2|pinkey569|102|1000
|gen|9
|tier|[Gen 9] VGC 2025 Reg H (Bo3)
|rated|
|rule|Species Clause: Limit one of each Pokémon
|rule|Item Clause: Limit 1 of each item
|clearpoke
|poke|p1|Kingdra, L50, M|
|poke|p1|Politoed, L50, F|
|poke|p1|Ninetales, L50, F|
|poke|p1|Zoroark-Hisui, L50, M|
|poke|p1|Arboliva, L50, M|
|poke|p1|Porygon2, L50|
|poke|p2|Tyranitar, L50, F|
|poke|p2|Dragonite, L50, F|
|poke|p2|Excadrill, L50, F|
|poke|p2|Volcarona, L50, M|
|poke|p2|Kilowattrel, L50, F|
|poke|p2|Indeedee, L50, M|
|teampreview|4
|showteam|p1|Kingdra||LifeOrb|SwiftSwim|WeatherBall,Surf,DracoMeteor,Protect|||M|||50|,,,,,Stellar]Politoed||AssaultVest|Drizzle|MuddyWater,WeatherBall,IceBeam,MudShot|||F|||50|,,,,,Steel]Ninetales||AdrenalineOrb|Drought|HeatWave,CalmMind,BatonPass,Protect|||F|||50|,,,,,Grass]Zoroark-Hisui||SilkScarf|Illusion|HyperVoice,ShadowBall,NastyPlot,Substitute|||M|||50|,,,,,Normal]Arboliva||SitrusBerry|Harvest|HyperVoice,EnergyBall,WeatherBall,Charm|||M|||50|,,,,,Poison]Porygon2||Eviolite|Download|TeraBlast,Substitute,TrickRoom,FoulPlay||||||50|,,,,,Fighting
|showteam|p2|Tyranitar||AssaultVest|SandStream|RockSlide,KnockOff,TeraBlast,LowKick|||F|||50|,,,,,Flying]Dragonite||LoadedDice|Multiscale|Protect,ThunderWave,Roar,ScaleShot|||F|||50|,,,,,Fairy]Excadrill||LifeOrb|SandRush|Protect,Earthquake,IronHead,TeraBlast|||F|||50|,,,,,Fairy]Volcarona||SitrusBerry|FlameBody|Tailwind,RagePowder,Overheat,StruggleBug|||M|||50|,,,,,Grass]Kilowattrel||ChoiceSpecs|Competitive|Thunderbolt,Discharge,AirSlash,WeatherBall|||F|||50|,,,,,Ghost]Indeedee||FocusSash|PsychicSurge|TrickRoom,HelpingHand,ExpandingForce,TeraBlast|||M|||50|,,,,,Psychic
|
|t:|1756596717
|teamsize|p1|4
|teamsize|p2|4
|start
|switch|p1a: Shiryu|Kingdra, L50, M, shiny|100/100
|switch|p1b: Pepe|Politoed, L50, F|100/100
|switch|p2a: Indeedee|Indeedee, L50, M|100/100
|switch|p2b: Dragonite|Dragonite, L50, F|100/100
|-fieldstart|move: Psychic Terrain|[from] ability: Psychic Surge|[of] p2a: Indeedee
|-weather|RainDance|[from] ability: Drizzle|[of] p1b: Pepe
|turn|1
|
|t:|1756596743
|move|p1a: Shiryu|Protect|p1a: Shiryu
|-singleturn|p1a: Shiryu|Protect
|move|p2b: Dragonite|Thunder Wave|p1a: Shiryu
|-activate|p1a: Shiryu|move: Protect
|move|p1b: Pepe|Muddy Water|p2b: Dragonite|[spread] p2a,p2b
|-resisted|p2b: Dragonite
|-damage|p2a: Indeedee|40/100
|-damage|p2b: Dragonite|90/100
|move|p2a: Indeedee|Trick Room|p2a: Indeedee
|-fieldstart|move: Trick Room|[of] p2a: Indeedee
|
|-weather|RainDance|[upkeep]
|upkeep
|turn|2
|
|t:|1756596769
|switch|p1a: SSD M.2|Porygon2, L50|100/100
|-ability|p1a: SSD M.2|Download|boost
|-boost|p1a: SSD M.2|atk|1
|move|p1b: Pepe|Ice Beam|p2b: Dragonite
|-supereffective|p2b: Dragonite
|-damage|p2b: Dragonite|0 fnt
|faint|p2b: Dragonite
|move|p2a: Indeedee|Expanding Force|p1b: Pepe|[spread] p1a,p1b
|-damage|p1a: SSD M.2|62/100
|-damage|p1b: Pepe|65/100
|
|-weather|RainDance|[upkeep]
|upkeep
|
|t:|1756596779
|switch|p2b: Tyranitar|Tyranitar, L50, F|100/100
|-weather|Sandstorm|[from] ability: Sand Stream|[of] p2b: Tyranitar
|turn|3
|
|t:|1756596796
|-terastallize|p1a: SSD M.2|Fighting
|-terastallize|p2b: Tyranitar|Flying
|move|p1a: SSD M.2|Tera Blast|p2b: Tyranitar|[anim] Tera Blast Fighting
|-resisted|p2b: Tyranitar
|-crit|p2b: Tyranitar
|-damage|p2b: Tyranitar|84/100
|move|p2b: Tyranitar|Rock Slide|p1a: SSD M.2|[spread] p1a,p1b
|-resisted|p1a: SSD M.2
|-damage|p1a: SSD M.2|53/100
|-damage|p1b: Pepe|28/100
|cant|p1b: Pepe|flinch
|move|p2a: Indeedee|Expanding Force|p1a: SSD M.2|[spread] p1a,p1b
|-supereffective|p1a: SSD M.2
|-damage|p1a: SSD M.2|0 fnt
|-damage|p1b: Pepe|0 fnt
|faint|p1a: SSD M.2
|faint|p1b: Pepe
|
|-weather|Sandstorm|[upkeep]
|-damage|p2b: Tyranitar|79/100|[from] Sandstorm
|-damage|p2a: Indeedee|34/100|[from] Sandstorm
|upkeep
|
|t:|1756596809
|switch|p1a: Shiryu|Kingdra, L50, M, shiny|100/100
|switch|p1b: Shiryu|Kingdra, L50, M, shiny|100/100
|turn|4
|
|t:|1756596821
|move|p1b: Shiryu|Protect|p1b: Shiryu
|-singleturn|p1b: Shiryu|Protect
|move|p2b: Tyranitar|Rock Slide|p1b: Shiryu|[spread] p1a
|-activate|p1b: Shiryu|move: Protect
|-damage|p1a: Shiryu|40/100
|replace|p1a: GOAT|Zoroark-Hisui, L50, M, shiny
|-end|p1a: GOAT|Illusion
|move|p2a: Indeedee|Expanding Force|p1b: Shiryu|[spread] p1a
|-activate|p1b: Shiryu|move: Protect
|-damage|p1a: GOAT|0 fnt
|faint|p1a: GOAT
|
|-weather|Sandstorm|[upkeep]
|-damage|p2b: Tyranitar|73/100|[from] Sandstorm
|-damage|p1b: Shiryu|95/100|[from] Sandstorm
|-damage|p2a: Indeedee|28/100|[from] Sandstorm
|upkeep
|turn|5
|
|t:|1756596838
|move|p2b: Tyranitar|Knock Off|p1b: Shiryu
|-damage|p1b: Shiryu|26/100
|-enditem|p1b: Shiryu|Life Orb|[from] move: Knock Off|[of] p2b: Tyranitar
|move|p1b: Shiryu|Weather Ball|p2b: Tyranitar
|-supereffective|p2b: Tyranitar
|-damage|p2b: Tyranitar|36/100
|move|p2a: Indeedee|Expanding Force|p1b: Shiryu
|-damage|p1b: Shiryu|0 fnt
|faint|p1b: Shiryu
|
|win|pinkey569
|l|☆Isam_26011
|player|p1|
||Isam_26011 is ready for game 2.
|inactive|pinkey569 has 30 seconds to confirm battle start!
||pinkey569 is ready for game 2.
|uhtml|next|Next: Game 2 of 3
