|j|☆Kylliza
|j|☆MYSEEMBENTON
|html|KyllizaMYSEEMBENTON    
|uhtml|bestof|Game 2 of a best-of-3
|t:|1782349236
|gametype|doubles
|player|p1|Kylliza|265|1208
|player|p2|MYSEEMBENTON|101|1124
|gen|9
|tier|[Gen 9 Champions] VGC 2026 Reg M-B (Bo3)
|rated|
|rule|Species Clause: Limit one of each Pokémon
|rule|Item Clause: Limit 1 of each item
|clearpoke
|poke|p1|Blaziken, L50, F|
|poke|p1|Whimsicott, L50, M|
|poke|p1|Incineroar, L50, F|
|poke|p1|Sylveon, L50, F|
|poke|p1|Basculegion, L50, M|
|poke|p1|Froslass, L50, F|
|poke|p2|Archaludon, L50, M|
|poke|p2|Grimmsnarl, L50, M|
|poke|p2|Dragonite, L50, M|
|poke|p2|Pelipper, L50, F|
|poke|p2|Basculegion, L50, M|
|poke|p2|Incineroar, L50, M|
|teampreview|4
|showteam|p1|Blaziken||Blazikenite|SpeedBoost|FlareBlitz,CloseCombat,RockSlide,Protect|Adamant||F|||50|]Whimsicott||FocusSash|Prankster|Moonblast,Tailwind,Encore,Protect|Timid||M|||50|]Incineroar||SitrusBerry|Intimidate|FakeOut,FlareBlitz,ThroatChop,PartingShot|Careful||F|||50|]Sylveon||FairyFeather|Pixilate|HyperVoice,HyperBeam,QuickAttack,Protect|Modest||F|||50|]Basculegion||ChoiceScarf|Adaptability|WaveCrash,LastRespects,AquaJet,FlipTurn|Jolly||M|||50|]Froslass||Froslassite|CursedBody|Blizzard,ShadowBall,AuroraVeil,Protect|Timid||F|||50|
|showteam|p2|Archaludon||Leftovers|Stamina|FlashCannon,DracoMeteor,ElectroShot,Protect|Modest||M|||50|]Grimmsnarl||LightClay|Prankster|SpiritBreak,SuckerPunch,PartingShot,LightScreen|Adamant||M|||50|]Dragonite||Dragoninite|Multiscale|DracoMeteor,IceBeam,Protect,Hurricane|Modest||M|||50|]Pelipper||FocusSash|Drizzle|Hurricane,Protect,MuddyWater,Tailwind|Modest||F|||50|]Basculegion||ChoiceScarf|Adaptability|IceFang,LastRespects,WaveCrash,FlipTurn|Adamant||M|||50|]Incineroar||SitrusBerry|Intimidate|PartingShot,FakeOut,DarkestLariat,FlareBlitz|Careful||M|||50|
|inactive|Battle timer is ON: inactive players will automatically lose when time's up. (requested by Kylliza)
|inactive|Kylliza has 60 seconds left.
|inactive|Kylliza has 30 seconds left.
|inactive|Kylliza has 20 seconds left.
|inactive|Kylliza has 15 seconds left.
|inactive|MYSEEMBENTON has 30 seconds left.
|inactive|MYSEEMBENTON has 20 seconds left.
|inactive|MYSEEMBENTON has 15 seconds left.
|inactive|MYSEEMBENTON has 10 seconds left.
|
|t:|1782349402
|teamsize|p1|4
|teamsize|p2|4
|start
|switch|p1a: Sylveon|Sylveon, L50, F|100/100
|switch|p1b: Incineroar|Incineroar, L50, F|100/100
|switch|p2a: Basculegion|Basculegion, L50, M|100/100
|switch|p2b: Incineroar|Incineroar, L50, M|100/100
|-ability|p2b: Incineroar|Intimidate|boost
|-unboost|p1a: Sylveon|atk|1
|-unboost|p1b: Incineroar|atk|1
|-ability|p1b: Incineroar|Intimidate|boost
|-unboost|p2a: Basculegion|atk|1
|-unboost|p2b: Incineroar|atk|1
|turn|1
|inactive|Kylliza has 30 seconds left.
|inactive|MYSEEMBENTON has 30 seconds left.
|inactive|Kylliza has 20 seconds left.
|inactive|Kylliza has 15 seconds left.
|inactive|Kylliza has 10 seconds left.
|inactive|MYSEEMBENTON has 20 seconds left.
|inactive|MYSEEMBENTON has 15 seconds left.
|inactive|MYSEEMBENTON has 10 seconds left.
|
|t:|1782349464
|switch|p1b: Basculegion|Basculegion, L50, M|100/100
|move|p1a: Sylveon|Protect|p1a: Sylveon
|-singleturn|p1a: Sylveon|Protect
|move|p2a: Basculegion|Flip Turn|p1b: Basculegion
|-resisted|p1b: Basculegion|1
|-damage|p1b: Basculegion|81/100
|
|t:|1782349480
|switch|p2a: Archaludon|Archaludon, L50, M|100/100|[from] Flip Turn
|move|p2b: Incineroar|Parting Shot|p1b: Basculegion
|-unboost|p1b: Basculegion|atk|1
|-unboost|p1b: Basculegion|spa|1
|
|t:|1782349494
|switch|p2b: Basculegion|Basculegion, L50, M|100/100|[from] Parting Shot
|
|upkeep
|turn|2
|inactive|Kylliza has 30 seconds left.
|inactive|MYSEEMBENTON has 30 seconds left.
|inactive|Kylliza has 20 seconds left.
|inactive|Kylliza has 15 seconds left.
|inactive|Kylliza has 10 seconds left.
|inactive|Kylliza has 5 seconds left.
|
|t:|1782349545
|switch|p2a: Incineroar|Incineroar, L50, M|100/100
|-ability|p2a: Incineroar|Intimidate|boost
|-unboost|p1a: Sylveon|atk|1
|-unboost|p1b: Basculegion|atk|1
|switch|p1a: Incineroar|Incineroar, L50, F|100/100
|-ability|p1a: Incineroar|Intimidate|boost
|-unboost|p2a: Incineroar|atk|1
|-unboost|p2b: Basculegion|atk|1
|move|p1b: Basculegion|Last Respects|p2b: Basculegion
|-supereffective|p2b: Basculegion|1
|-damage|p2b: Basculegion|53/100
|move|p2b: Basculegion|Wave Crash|p1a: Incineroar
|-supereffective|p1a: Incineroar|1
|-damage|p1a: Incineroar|16/100
|-enditem|p1a: Incineroar|Sitrus Berry|[eat]
|-heal|p1a: Incineroar|41/100|[from] item: Sitrus Berry
|-damage|p2b: Basculegion|25/100|[from] Recoil
|
|upkeep
|turn|3
|inactive|Kylliza has 30 seconds left.
|inactive|MYSEEMBENTON has 30 seconds left.
|inactive|Kylliza has 20 seconds left.
|
|t:|1782349581
|switch|p1b: Sylveon|Sylveon, L50, F|100/100
|switch|p2b: Archaludon|Archaludon, L50, M|100/100
|move|p2a: Incineroar|Darkest Lariat|p1b: Sylveon
|-resisted|p1b: Sylveon|1
|-damage|p1b: Sylveon|85/100
|move|p1a: Incineroar|Parting Shot|p2a: Incineroar
|-unboost|p2a: Incineroar|atk|1
|-unboost|p2a: Incineroar|spa|1
|
|t:|1782349593
|switch|p1a: Froslass|Froslass, L50, F|100/100|[from] Parting Shot
|
|upkeep
|turn|4
|inactive|MYSEEMBENTON has 30 seconds left.
|inactive|MYSEEMBENTON has 20 seconds left.
|
|t:|1782349628
|detailschange|p1a: Froslass|Froslass-Mega, L50, F
|-mega|p1a: Froslass|Froslass|Froslassite
|-weather|Snowscape|[from] ability: Snow Warning|[of] p1a: Froslass
|move|p2b: Archaludon|Protect|p2b: Archaludon
|-singleturn|p2b: Archaludon|Protect
|move|p1a: Froslass|Aurora Veil|p1a: Froslass
|-sidestart|p1: Kylliza|move: Aurora Veil
|move|p1b: Sylveon|Hyper Voice|p2b: Archaludon|[spread] p2a
|-activate|p2b: Archaludon|move: Protect
|-damage|p2a: Incineroar|60/100
|move|p2a: Incineroar|Parting Shot|p1a: Froslass
|-unboost|p1a: Froslass|atk|1
|-unboost|p1a: Froslass|spa|1
|
|t:|1782349643
|switch|p2a: Basculegion|Basculegion, L50, M|25/100|[from] Parting Shot
|
|-weather|Snowscape|[upkeep]
|upkeep
|turn|5
|inactive|Kylliza has 30 seconds left.
|inactive|Kylliza has 20 seconds left.
|inactive|Kylliza has 15 seconds left.
|inactive|Kylliza has 10 seconds left.
|inactive|Kylliza has 5 seconds left.
|
|t:|1782349693
|switch|p1a: Incineroar|Incineroar, L50, F|41/100
|-ability|p1a: Incineroar|Intimidate|boost
|-unboost|p2a: Basculegion|atk|1
|-unboost|p2b: Archaludon|atk|1
|switch|p2b: Pelipper|Pelipper, L50, F|100/100
|-weather|RainDance|[from] ability: Drizzle|[of] p2b: Pelipper
|move|p2a: Basculegion|Wave Crash|p1b: Sylveon
|-damage|p1b: Sylveon|27/100
|-damage|p2a: Basculegion|8/100|[from] Recoil
|move|p1b: Sylveon|Hyper Voice|p2b: Pelipper|[spread] p2a,p2b
|-damage|p2a: Basculegion|0 fnt
|-damage|p2b: Pelipper|13/100
|faint|p2a: Basculegion
|
|-weather|RainDance|[upkeep]
|upkeep
|j| we_are_toasted
|inactive|MYSEEMBENTON has 30 seconds left.
|inactive|MYSEEMBENTON has 20 seconds left.
|inactive|MYSEEMBENTON has 15 seconds left.
|inactive|MYSEEMBENTON has 10 seconds left.
|
|t:|1782349740
|switch|p2a: Incineroar|Incineroar, L50, M|60/100
|-ability|p2a: Incineroar|Intimidate|boost
|-unboost|p1a: Incineroar|atk|1
|-unboost|p1b: Sylveon|atk|1
|turn|6
|l| we_are_toasted
|inactive|Kylliza has 30 seconds left.
|inactive|Kylliza has 20 seconds left.
|inactive|Kylliza has 15 seconds left.
|
|t:|1782349783
|switch|p1b: Froslass|Froslass-Mega, L50, F|100/100
|-weather|Snowscape|[from] ability: Snow Warning|[of] p1b: Froslass
|move|p2a: Incineroar|Fake Out|p1b: Froslass
|-immune|p1b: Froslass
|move|p1a: Incineroar|Fake Out|p2b: Pelipper
|-damage|p2b: Pelipper|4/100
|cant|p2b: Pelipper|flinch
|
|-weather|Snowscape|[upkeep]
|upkeep
|turn|7
|inactive|Kylliza has 30 seconds left.
|
|t:|1782349813
|move|p1b: Froslass|Blizzard|p2b: Pelipper|[spread] p2a,p2b
|-resisted|p2a: Incineroar|1
|-damage|p2a: Incineroar|44/100
|-damage|p2b: Pelipper|0 fnt
|-enditem|p2a: Incineroar|Sitrus Berry|[eat]
|-heal|p2a: Incineroar|69/100|[from] item: Sitrus Berry
|faint|p2b: Pelipper
|move|p1a: Incineroar|Parting Shot|p2a: Incineroar
|-unboost|p2a: Incineroar|atk|1
|-unboost|p2a: Incineroar|spa|1
|
|t:|1782349832
|switch|p1a: Basculegion|Basculegion, L50, M|81/100|[from] Parting Shot
|move|p2a: Incineroar|Darkest Lariat|p1b: Froslass
|-supereffective|p1b: Froslass|1
|-damage|p1b: Froslass|68/100
|
|-weather|Snowscape|[upkeep]
|upkeep
|
|t:|1782349838
|switch|p2b: Archaludon|Archaludon, L50, M|100/100
|turn|8
|inactive|MYSEEMBENTON has 30 seconds left.
|inactive|MYSEEMBENTON has 20 seconds left.
|
|t:|1782349874
|move|p1a: Basculegion|Wave Crash|p2a: Incineroar
|-supereffective|p2a: Incineroar|1
|-damage|p2a: Incineroar|0 fnt
|faint|p2a: Incineroar
|-damage|p1a: Basculegion|61/100|[from] Recoil
|move|p1b: Froslass|Blizzard|p2b: Archaludon
|-damage|p2b: Archaludon|16/100
|-ability|p2b: Archaludon|Stamina|boost
|-boost|p2b: Archaludon|def|1
|move|p2b: Archaludon|Flash Cannon|p1b: Froslass
|-supereffective|p1b: Froslass|1
|-damage|p1b: Froslass|0 fnt
|faint|p1b: Froslass
|
|-weather|Snowscape|[upkeep]
|-heal|p2b: Archaludon|22/100|[from] item: Leftovers
|-sideend|p1: Kylliza|move: Aurora Veil
|upkeep
|-message|MYSEEMBENTON forfeited.
|
|win|Kylliza
