|j|☆ShdaowForece
|j|☆worsealuna
|html|ShdaowForeceworsealuna    
|uhtml|bestof|Game 1 of a best-of-3
|t:|1756255810
|gametype|doubles
|player|p1|ShdaowForece|lucas|1211
|player|p2|worsealuna|170|1254
|gen|9
|tier|[Gen 9] VGC 2025 Reg H (Bo3)
|rated|
|rule|Species Clause: Limit one of each Pokémon
|rule|Item Clause: Limit 1 of each item
|clearpoke
|poke|p1|Gholdengo, L50|
|poke|p1|Incineroar, L50, M|
|poke|p1|Rillaboom, L50, M|
|poke|p1|Dragonite, L50, M|
|poke|p1|Sneasler, L50, F|
|poke|p1|Whimsicott, L50, M|
|poke|p2|Pelipper, L50, M|
|poke|p2|Archaludon, L50, F|
|poke|p2|Basculegion, L50, M|
|poke|p2|Gholdengo, L50|
|poke|p2|Incineroar, L50, F|
|poke|p2|Amoonguss, L50, M|
|teampreview|4
|showteam|p1|Gholdengo||Leftovers|GoodasGold|MakeItRain,ShadowBall,NastyPlot,Protect||||||50|,,,,,Steel]Incineroar||SitrusBerry|Intimidate|FlareBlitz,KnockOff,FakeOut,PartingShot|||M|||50|,,,,,Grass]Rillaboom||AssaultVest|GrassySurge|WoodHammer,FakeOut,GrassyGlide,HighHorsepower|||M|||50|,,,,,Water]Dragonite||ChoiceBand|InnerFocus|ExtremeSpeed,Outrage,StompingTantrum,IceSpinner|||M|||50|,,,,,Normal]Sneasler||WhiteHerb|Pressure|CloseCombat,DireClaw,Coaching,Protect|||F|||50|,,,,,Stellar]Whimsicott||CovertCloak|Prankster|Moonblast,Tailwind,Encore,FakeTears|||M|||50|,,,,,Poison
|showteam|p2|Pelipper||FocusSash|Drizzle|Hurricane,WeatherBall,Protect,Tailwind|||M|||50|,,,,,Stellar]Archaludon||AssaultVest|Stamina|ElectroShot,DragonPulse,Snarl,BodyPress|||F|||50|,,,,,Grass]Basculegion||ChoiceScarf|Adaptability|WaveCrash,LastRespects,IcyWind,FlipTurn|||M|||50|,,,,,Water]Gholdengo||LifeOrb|GoodasGold|MakeItRain,ShadowBall,NastyPlot,Protect||||||50|,,,,,Water]Incineroar||SafetyGoggles|Intimidate|KnockOff,FlareBlitz,PartingShot,FakeOut|||F|||50|,,,,,Ghost]Amoonguss||SitrusBerry|Regenerator|Spore,PollenPuff,RagePowder,Protect|||M|||50|,,,,,Water
|inactive|Battle timer is ON: inactive players will automatically lose when time's up. (requested by worsealuna)
|inactive|worsealuna has 60 seconds left.
|
|t:|1756255856
|teamsize|p1|4
|teamsize|p2|4
|start
|switch|p1a: Gholdengo|Gholdengo, L50|100/100
|switch|p1b: Rillaboom|Rillaboom, L50, M|100/100
|switch|p2a: Incineroar|Incineroar, L50, F|100/100
|switch|p2b: Amoonguss|Amoonguss, L50, M|100/100
|-fieldstart|move: Grassy Terrain|[from] ability: Grassy Surge|[of] p1b: Rillaboom
|-ability|p2a: Incineroar|Intimidate|boost
|-unboost|p1a: Gholdengo|atk|1
|-unboost|p1b: Rillaboom|atk|1
|turn|1
|inactive|ShdaowForece has 30 seconds left.
|inactive|worsealuna has 30 seconds left.
|inactive|worsealuna has 20 seconds left.
|inactive|ShdaowForece has 20 seconds left.
|inactive|ShdaowForece has 15 seconds left.
|
|t:|1756255905
|switch|p2b: Archaludon|Archaludon, L50, F|100/100
|move|p1a: Gholdengo|Make It Rain|p2b: Archaludon|[spread] p2a,p2b
|-resisted|p2a: Incineroar
|-crit|p2a: Incineroar
|-resisted|p2b: Archaludon
|-damage|p2a: Incineroar|72/100
|-damage|p2b: Archaludon|79/100
|-unboost|p1a: Gholdengo|spa|1
|-ability|p2b: Archaludon|Stamina|boost
|-boost|p2b: Archaludon|def|1
|move|p1b: Rillaboom|Wood Hammer|p2a: Incineroar
|-resisted|p2a: Incineroar
|-damage|p2a: Incineroar|45/100
|-damage|p1b: Rillaboom|92/100|[from] Recoil
|move|p2a: Incineroar|Flare Blitz|p1a: Gholdengo
|-supereffective|p1a: Gholdengo
|-damage|p1a: Gholdengo|4/100
|-damage|p2a: Incineroar|17/100|[from] Recoil
|
|-heal|p2b: Archaludon|85/100|[from] Grassy Terrain
|-heal|p1a: Gholdengo|10/100|[from] Grassy Terrain
|-heal|p1a: Gholdengo|16/100|[from] item: Leftovers
|-heal|p1b: Rillaboom|98/100|[from] Grassy Terrain
|-heal|p2a: Incineroar|23/100|[from] Grassy Terrain
|upkeep
|turn|2
|inactive|ShdaowForece has 30 seconds left.
|
|t:|1756255936
|switch|p1a: Whimsicott|Whimsicott, L50, M|100/100
|switch|p2a: Pelipper|Pelipper, L50, M|100/100
|-weather|RainDance|[from] ability: Drizzle|[of] p2a: Pelipper
|move|p2b: Archaludon|Electro Shot||[still]
|-prepare|p2b: Archaludon|Electro Shot
|-boost|p2b: Archaludon|spa|1
|-anim|p2b: Archaludon|Electro Shot|p1a: Whimsicott
|-resisted|p1a: Whimsicott
|-damage|p1a: Whimsicott|65/100
|move|p1b: Rillaboom|High Horsepower|p2a: Pelipper
|-immune|p2a: Pelipper
|
|-weather|RainDance|[upkeep]
|-heal|p1a: Whimsicott|71/100|[from] Grassy Terrain
|-heal|p2b: Archaludon|91/100|[from] Grassy Terrain
|-heal|p1b: Rillaboom|100/100|[from] Grassy Terrain
|upkeep
|turn|3
|
|t:|1756255948
|move|p1a: Whimsicott|Tailwind|p1a: Whimsicott
|-sidestart|p1: ShdaowForece|move: Tailwind
|move|p1b: Rillaboom|Wood Hammer|p2a: Pelipper
|-damage|p2a: Pelipper|29/100
|-damage|p1b: Rillaboom|85/100|[from] Recoil
|move|p2b: Archaludon|Electro Shot||[still]
|-prepare|p2b: Archaludon|Electro Shot
|-boost|p2b: Archaludon|spa|1
|-anim|p2b: Archaludon|Electro Shot|p1a: Whimsicott
|-resisted|p1a: Whimsicott
|-damage|p1a: Whimsicott|22/100
|move|p2a: Pelipper|Tailwind|p2a: Pelipper
|-sidestart|p2: worsealuna|move: Tailwind
|
|-weather|RainDance|[upkeep]
|-heal|p1a: Whimsicott|28/100|[from] Grassy Terrain
|-heal|p2b: Archaludon|97/100|[from] Grassy Terrain
|-heal|p1b: Rillaboom|91/100|[from] Grassy Terrain
|upkeep
|turn|4
|
|t:|1756255966
|switch|p2a: Amoonguss|Amoonguss, L50, M|100/100
|switch|p1b: Gholdengo|Gholdengo, L50|16/100
|move|p1a: Whimsicott|Encore||[still]
|-fail|p1a: Whimsicott
|move|p2b: Archaludon|Electro Shot||[still]
|-prepare|p2b: Archaludon|Electro Shot
|-boost|p2b: Archaludon|spa|1
|-anim|p2b: Archaludon|Electro Shot|p1a: Whimsicott
|-resisted|p1a: Whimsicott
|-damage|p1a: Whimsicott|0 fnt
|faint|p1a: Whimsicott
|
|-weather|RainDance|[upkeep]
|-heal|p2b: Archaludon|100/100|[from] Grassy Terrain
|-heal|p1b: Gholdengo|23/100|[from] Grassy Terrain
|-heal|p1b: Gholdengo|29/100|[from] item: Leftovers
|upkeep
|
|t:|1756255972
|switch|p1a: Rillaboom|Rillaboom, L50, M|91/100
|turn|5
|
|t:|1756255982
|move|p1a: Rillaboom|Fake Out|p2b: Archaludon
|-resisted|p2b: Archaludon
|-damage|p2b: Archaludon|97/100
|-ability|p2b: Archaludon|Stamina|boost
|-boost|p2b: Archaludon|def|1
|cant|p2b: Archaludon|flinch
|move|p1b: Gholdengo|Nasty Plot|p1b: Gholdengo
|-boost|p1b: Gholdengo|spa|2
|move|p2a: Amoonguss|Pollen Puff|p2b: Archaludon
|-heal|p2b: Archaludon|100/100
|
|-weather|RainDance|[upkeep]
|-heal|p1b: Gholdengo|35/100|[from] Grassy Terrain
|-heal|p1b: Gholdengo|41/100|[from] item: Leftovers
|-heal|p1a: Rillaboom|97/100|[from] Grassy Terrain
|-fieldend|move: Grassy Terrain
|upkeep
|turn|6
|inactive|ShdaowForece has 30 seconds left.
|inactive|ShdaowForece has 20 seconds left.
|
|t:|1756256022
|move|p1b: Gholdengo|Protect|p1b: Gholdengo
|-singleturn|p1b: Gholdengo|Protect
|move|p2b: Archaludon|Electro Shot||[still]
|-prepare|p2b: Archaludon|Electro Shot
|-boost|p2b: Archaludon|spa|1
|-anim|p2b: Archaludon|Electro Shot|p1b: Gholdengo
|-activate|p1b: Gholdengo|move: Protect
|move|p1a: Rillaboom|High Horsepower|p2a: Amoonguss
|-damage|p2a: Amoonguss|70/100
|move|p2a: Amoonguss|Spore|p1a: Rillaboom
|-immune|p1a: Rillaboom
|
|-weather|none
|-heal|p1b: Gholdengo|48/100|[from] item: Leftovers
|-sideend|p2: worsealuna|move: Tailwind
|-sideend|p1: ShdaowForece|move: Tailwind
|upkeep
|turn|7
|
|t:|1756256041
|switch|p2a: Pelipper|Pelipper, L50, M|29/100
|-weather|RainDance|[from] ability: Drizzle|[of] p2a: Pelipper
|move|p2b: Archaludon|Electro Shot||[still]
|-prepare|p2b: Archaludon|Electro Shot
|-boost|p2b: Archaludon|spa|1
|-anim|p2b: Archaludon|Electro Shot|p1b: Gholdengo
|-damage|p1b: Gholdengo|0 fnt
|faint|p1b: Gholdengo
|move|p1a: Rillaboom|Wood Hammer|p2a: Pelipper
|-damage|p2a: Pelipper|0 fnt
|faint|p2a: Pelipper
|-damage|p1a: Rillaboom|90/100|[from] Recoil
|
|-weather|RainDance|[upkeep]
|upkeep
|
|t:|1756256047
|switch|p1b: Sneasler|Sneasler, L50, F|100/100
|switch|p2a: Incineroar|Incineroar, L50, F|23/100
|-ability|p1b: Sneasler|Pressure
|-ability|p2a: Incineroar|Intimidate|boost
|-unboost|p1a: Rillaboom|atk|1
|-unboost|p1b: Sneasler|atk|1
|-enditem|p1b: Sneasler|White Herb
|-clearnegativeboost|p1b: Sneasler|[silent]
|turn|8
|
|t:|1756256062
|switch|p2a: Amoonguss|Amoonguss, L50, M|100/100
|-terastallize|p1b: Sneasler|Stellar
|move|p1a: Rillaboom|Fake Out||[still]
|-hint|Fake Out only works on your first turn out.
|-fail|p1a: Rillaboom
|move|p1b: Sneasler|Close Combat|p2b: Archaludon
|-supereffective|p2b: Archaludon
|-damage|p2b: Archaludon|37/100
|-unboost|p1b: Sneasler|def|1
|-unboost|p1b: Sneasler|spd|1
|-ability|p2b: Archaludon|Stamina|boost
|-boost|p2b: Archaludon|def|1
|move|p2b: Archaludon|Body Press|p1a: Rillaboom
|-damage|p1a: Rillaboom|41/100
|
|-weather|RainDance|[upkeep]
|upkeep
|turn|9
|
|t:|1756256081
|move|p2a: Amoonguss|Rage Powder|p2a: Amoonguss
|-singleturn|p2a: Amoonguss|move: Rage Powder
|move|p1b: Sneasler|Coaching|p1a: Rillaboom
|-boost|p1a: Rillaboom|atk|1
|-boost|p1a: Rillaboom|def|1
|move|p2b: Archaludon|Body Press|p1a: Rillaboom
|-damage|p1a: Rillaboom|5/100
|move|p1a: Rillaboom|High Horsepower|p2b: Archaludon
|-supereffective|p2b: Archaludon
|-damage|p2b: Archaludon|17/100
|-ability|p2b: Archaludon|Stamina|boost
|-boost|p2b: Archaludon|def|1
|
|-weather|RainDance|[upkeep]
|upkeep
|turn|10
|-message|ShdaowForece forfeited.
|
|win|worsealuna
