|j|☆toast88d
|j|☆CaldoDePatas
|html|toast88dCaldoDePatas    
|uhtml|bestof|Game 3 of a best-of-3
|t:|1784740856
|gametype|doubles
|player|p1|toast88d|veteran-gen4|1083
|player|p2|CaldoDePatas|marley|1110
|gen|9
|tier|[Gen 9 Champions] VGC 2026 Reg M-B (Bo3)
|rated|
|rule|Species Clause: Limit one of each Pokémon
|rule|Item Clause: Limit 1 of each item
|clearpoke
|poke|p1|Staraptor, L50, M, shiny|
|poke|p1|Whimsicott, L50, M, shiny|
|poke|p1|Basculegion, L50, M|
|poke|p1|Grimmsnarl, L50, M|
|poke|p1|Gholdengo, L50|
|poke|p1|Incineroar, L50, F|
|poke|p2|Tyranitar, L50, F|
|poke|p2|Excadrill, L50, F|
|poke|p2|Gholdengo, L50|
|poke|p2|Maushold, L50|
|poke|p2|Milotic, L50, F, shiny|
|poke|p2|Corviknight, L50, M|
|teampreview|4
|showteam|p1|Staraptor||Staraptite|Intimidate|CloseCombat,BraveBird,Roost,Protect|Jolly||M|||50|]Whimsicott||FocusSash|Prankster|Tailwind,FakeTears,Charm,Encore|Timid||M|||50|]Basculegion||MysticWater|Adaptability|WaveCrash,LastRespects,FlipTurn,AquaJet|Brave||M|||50|]Grimmsnarl||LightClay|Prankster|LightScreen,Reflect,FakeOut,PartingShot|Calm||M|||50|]Gholdengo||LifeOrb|GoodasGold|FlashCannon,NastyPlot,ShadowBall,Protect|Modest|||||50|]Incineroar||SitrusBerry|Intimidate|FakeOut,PartingShot,DarkestLariat,Protect|Adamant||F|||50|
|showteam|p2|Tyranitar||Tyranitarite|SandStream|RockSlide,KnockOff,IcePunch,Protect|Adamant||F|||50|]Excadrill||FocusSash|SandRush|HighHorsepower,IronHead,RockSlide,Protect|Adamant||F|||50|]Gholdengo||LifeOrb|GoodasGold|MakeItRain,ShadowBall,NastyPlot,Protect|Modest|||||50|]Maushold||ChopleBerry|FriendGuard|FollowMe,SuperFang,Encore,Protect|Timid|||||50|]Milotic||SitrusBerry|Competitive|Scald,IcyWind,HelpingHand,Protect|Bold||F|||50|]Corviknight||Leftovers|MirrorArmor|BraveBird,BodyPress,Protect,Tailwind|Impish||M|||50|
|inactive|Battle timer is ON: inactive players will automatically lose when time's up. (requested by toast88d)
|inactive|toast88d has 60 seconds left.
|inactive|CaldoDePatas has 60 seconds left.
|
|t:|1784740912
|teamsize|p1|4
|teamsize|p2|4
|start
|switch|p1a: Staraptor|Staraptor, L50, M, shiny|100/100
|switch|p1b: Whimsicott|Whimsicott, L50, M, shiny|100/100
|switch|p2a: Gholdengo|Gholdengo, L50|100/100
|switch|p2b: Maushold|Maushold, L50|100/100
|-ability|p1a: Staraptor|Intimidate|boost
|-unboost|p2a: Gholdengo|atk|1
|-unboost|p2b: Maushold|atk|1
|turn|1
|
|t:|1784740928
|move|p1a: Staraptor|Protect|p1a: Staraptor
|-singleturn|p1a: Staraptor|Protect
|move|p1b: Whimsicott|Tailwind|p1b: Whimsicott
|-sidestart|p1: toast88d|move: Tailwind
|move|p2b: Maushold|Encore|p1b: Whimsicott
|-start|p1b: Whimsicott|Encore
|move|p2a: Gholdengo|Make It Rain|p1a: Staraptor|[spread] p1b
|-activate|p1a: Staraptor|move: Protect
|-supereffective|p1b: Whimsicott|1
|-enditem|p1b: Whimsicott|Focus Sash
|-damage|p1b: Whimsicott|1/100
|-unboost|p2a: Gholdengo|spa|2
|-damage|p2a: Gholdengo|90/100|[from] item: Life Orb
|
|upkeep
|turn|2
|
|t:|1784740951
|switch|p1b: Basculegion|Basculegion, L50, M|100/100
|detailschange|p1a: Staraptor|Staraptor-Mega, L50, M, shiny
|-mega|p1a: Staraptor|Staraptor|Staraptite
|move|p1a: Staraptor|Close Combat|p2b: Maushold
|-supereffective|p2b: Maushold|1
|-enditem|p2b: Maushold|Chople Berry|[eat]
|-enditem|p2b: Maushold|Chople Berry|[weaken]
|-damage|p2b: Maushold|14/100
|-boost|p1a: Staraptor|def|1
|-boost|p1a: Staraptor|spd|1
|move|p2b: Maushold|Super Fang|p1a: Staraptor
|-damage|p1a: Staraptor|50/100y
|move|p2a: Gholdengo|Nasty Plot|p2a: Gholdengo
|-boost|p2a: Gholdengo|spa|2
|
|upkeep
|turn|3
|inactive|toast88d has 30 seconds left.
|inactive|CaldoDePatas has 30 seconds left.
|
|t:|1784740986
|move|p2a: Gholdengo|Protect|p2a: Gholdengo
|-singleturn|p2a: Gholdengo|Protect
|move|p1a: Staraptor|Close Combat|p2b: Maushold
|-supereffective|p2b: Maushold|1
|-damage|p2b: Maushold|0 fnt
|-boost|p1a: Staraptor|def|1
|-boost|p1a: Staraptor|spd|1
|faint|p2b: Maushold
|move|p1b: Basculegion|Flip Turn|p2a: Gholdengo
|-activate|p2a: Gholdengo|move: Protect
|
|upkeep
|
|t:|1784741002
|switch|p2b: Corviknight|Corviknight, L50, M|100/100
|turn|4
|
|t:|1784741012
|switch|p2a: Milotic|Milotic, L50, F, shiny|100/100
|move|p1a: Staraptor|Close Combat|p2b: Corviknight
|-damage|p2b: Corviknight|52/100
|-boost|p1a: Staraptor|def|1
|-boost|p1a: Staraptor|spd|1
|move|p1b: Basculegion|Flip Turn|p2b: Corviknight
|-damage|p2b: Corviknight|15/100
|
|t:|1784741024
|switch|p1b: Whimsicott|Whimsicott, L50, M, shiny|1/100|[from] Flip Turn
|move|p2b: Corviknight|Tailwind|p2b: Corviknight
|-sidestart|p2: CaldoDePatas|move: Tailwind
|
|-heal|p2b: Corviknight|21/100|[from] item: Leftovers
|-sideend|p1: toast88d|move: Tailwind
|upkeep
|turn|5
|
|t:|1784741036
|move|p1a: Staraptor|Protect|p1a: Staraptor
|-singleturn|p1a: Staraptor|Protect
|move|p1b: Whimsicott|Tailwind|p1b: Whimsicott
|-sidestart|p1: toast88d|move: Tailwind
|move|p2a: Milotic|Scald|p1a: Staraptor
|-activate|p1a: Staraptor|move: Protect
|move|p2b: Corviknight|Brave Bird|p1a: Staraptor
|-activate|p1a: Staraptor|move: Protect
|
|-heal|p2b: Corviknight|27/100|[from] item: Leftovers
|upkeep
|turn|6
|
|t:|1784741055
|move|p1b: Whimsicott|Encore|p2a: Milotic
|-start|p2a: Milotic|Encore
|move|p1a: Staraptor|Close Combat|p2b: Corviknight
|-damage|p2b: Corviknight|0 fnt
|-boost|p1a: Staraptor|def|1
|-boost|p1a: Staraptor|spd|1
|faint|p2b: Corviknight
|move|p2a: Milotic|Scald|p1a: Staraptor
|-damage|p1a: Staraptor|37/100
|
|upkeep
|
|t:|1784741064
|switch|p2b: Gholdengo|Gholdengo, L50|90/100
|turn|7
|
|t:|1784741080
|move|p1b: Whimsicott|Charm|p1a: Staraptor
|-boost|p1a: Staraptor|atk|2
|move|p1a: Staraptor|Roost|p1a: Staraptor
|-heal|p1a: Staraptor|87/100
|-singleturn|p1a: Staraptor|move: Roost
|move|p2b: Gholdengo|Shadow Ball|p1a: Staraptor
|-damage|p1a: Staraptor|64/100
|-damage|p2b: Gholdengo|80/100|[from] item: Life Orb
|move|p2a: Milotic|Scald|p1b: Whimsicott
|-resisted|p1b: Whimsicott|1
|-damage|p1b: Whimsicott|0 fnt
|faint|p1b: Whimsicott
|
|-sideend|p2: CaldoDePatas|move: Tailwind
|upkeep
|-message|CaldoDePatas forfeited.
|
|win|toast88d
|raw|toast88d's rating: 1083 → 1113(+30 for winning)
|raw|CaldoDePatas's rating: 1110 → 1083(-27 for losing)
|l|☆CaldoDePatas
|player|p2|
|l|☆toast88d
|player|p1|
|j|☆toast88d
|player|p1|toast88d|veteran-gen4|
