|j|☆Yato1226
|j|☆NotThinkingVGC
|html|Yato1226NotThinkingVGC    
|uhtml|bestof|Game 1 of a best-of-3
|t:|1783327920
|gametype|doubles
|player|p1|Yato1226|dragontamer|1000
|player|p2|NotThinkingVGC|volkner|1134
|gen|9
|tier|[Gen 9 Champions] VGC 2026 Reg M-B (Bo3)
|rated|
|rule|Species Clause: Limit one of each Pokémon
|rule|Item Clause: Limit 1 of each item
|clearpoke
|poke|p1|Dragalge, L50, F|
|poke|p1|Grimmsnarl, L50, M|
|poke|p1|Palafin, L50, M|
|poke|p1|Incineroar, L50, F|
|poke|p1|Sinistcha, L50|
|poke|p1|Corviknight, L50, M|
|poke|p2|Kingambit, L50, M|
|poke|p2|Charizard, L50, F|
|poke|p2|Aerodactyl, L50, M|
|poke|p2|Farigiraf, L50, M|
|poke|p2|Garchomp, L50, M|
|poke|p2|Sylveon, L50, M|
|teampreview|4
|showteam|p1|Dragalge||Dragalgite|Adaptability|SludgeBomb,DracoMeteor,Scald,Protect|Modest||F|||50|]Grimmsnarl||LightClay|Prankster|SpiritBreak,Reflect,LightScreen,PartingShot|Careful||M|||50|]Palafin||MysticWater|ZerotoHero|WaveCrash,JetPunch,CloseCombat,Protect|Adamant||M|||50|]Incineroar||SitrusBerry|Intimidate|FlareBlitz,DarkestLariat,FakeOut,PartingShot|Adamant||F|||50|]Sinistcha||ColburBerry|Hospitality|MatchaGotcha,RagePowder,TrickRoom,LifeDew|Calm|||||50|]Corviknight||Leftovers|MirrorArmor|BraveBird,BodyPress,BulkUp,Protect|Adamant||M|||50|
|showteam|p2|Kingambit||FocusSash|Defiant|KowtowCleave,IronHead,SuckerPunch,LowKick|Adamant||M|||50|]Charizard||CharizarditeY|Blaze|HeatWave,SolarBeam,WeatherBall,Protect|Modest||F|||50|]Aerodactyl||Aerodactylite|Unnerve|RockSlide,DualWingbeat,IceFang,Tailwind|Jolly||M|||50|]Farigiraf||SitrusBerry|ArmorTail|Psychic,Thunderbolt,TrickRoom,Protect|Bold||M|||50|]Garchomp||LifeOrb|RoughSkin|Earthquake,DragonClaw,StompingTantrum,Protect|Jolly||M|||50|]Sylveon||FairyFeather|Pixilate|HyperVoice,HyperBeam,QuickAttack,Protect|Modest||M|||50|
|inactive|Battle timer is ON: inactive players will automatically lose when time's up. (requested by NotThinkingVGC)
|inactive|Yato1226 has 60 seconds left.
|inactive|NotThinkingVGC has 60 seconds left.
|
|t:|1783327963
|teamsize|p1|4
|teamsize|p2|4
|start
|switch|p1a: Grimmsnarl|Grimmsnarl, L50, M|100/100
|switch|p1b: Palafin|Palafin, L50, M|100/100
|switch|p2a: Kingambit|Kingambit, L50, M|100/100
|switch|p2b: Farigiraf|Farigiraf, L50, M|100/100
|turn|1
|inactive|NotThinkingVGC has 30 seconds left.
|inactive|NotThinkingVGC has 20 seconds left.
|
|t:|1783327998
|move|p1a: Grimmsnarl|Reflect|p1a: Grimmsnarl
|-sidestart|p1: Yato1226|Reflect
|move|p1b: Palafin|Close Combat|p2a: Kingambit
|-supereffective|p2a: Kingambit|2
|-damage|p2a: Kingambit|1/100
|-unboost|p1b: Palafin|def|1
|-unboost|p1b: Palafin|spd|1
|move|p2a: Kingambit|Iron Head|p1a: Grimmsnarl
|-supereffective|p1a: Grimmsnarl|1
|-damage|p1a: Grimmsnarl|28/100
|move|p2b: Farigiraf|Thunderbolt|p1b: Palafin
|-supereffective|p1b: Palafin|1
|-damage|p1b: Palafin|12/100
|
|upkeep
|turn|2
|inactive|Yato1226 has 30 seconds left.
|inactive|NotThinkingVGC has 30 seconds left.
|inactive|Yato1226 has 20 seconds left.
|inactive|NotThinkingVGC has 20 seconds left.
|inactive|NotThinkingVGC has 15 seconds left.
|inactive|NotThinkingVGC has 10 seconds left.
|
|t:|1783328046
|move|p1b: Palafin|Wave Crash|p2a: Kingambit
|-damage|p2a: Kingambit|0 fnt
|faint|p2a: Kingambit
|-damage|p1b: Palafin|12/100|[from] Recoil
|move|p1a: Grimmsnarl|Spirit Break|p2b: Farigiraf
|-damage|p2b: Farigiraf|77/100
|-unboost|p2b: Farigiraf|spa|1
|move|p2b: Farigiraf|Thunderbolt|p1b: Palafin
|-supereffective|p1b: Palafin|1
|-damage|p1b: Palafin|0 fnt
|faint|p1b: Palafin
|
|upkeep
|
|t:|1783328058
|switch|p1b: Dragalge|Dragalge, L50, F|100/100
|switch|p2a: Charizard|Charizard, L50, F|100/100
|turn|3
|inactive|Yato1226 has 30 seconds left.
|inactive|Yato1226 has 20 seconds left.
|
|t:|1783328095
|switch|p2b: Garchomp|Garchomp, L50, M|100/100
|detailschange|p2a: Charizard|Charizard-Mega-Y, L50, F
|-mega|p2a: Charizard|Charizard|Charizardite Y
|-weather|SunnyDay|[from] ability: Drought|[of] p2a: Charizard
|detailschange|p1b: Dragalge|Dragalge-Mega, L50, F
|-mega|p1b: Dragalge|Dragalge|Dragalgite
|move|p1a: Grimmsnarl|Light Screen|p1a: Grimmsnarl
|-sidestart|p1: Yato1226|move: Light Screen
|move|p2a: Charizard|Heat Wave|p1a: Grimmsnarl|[spread] p1a,p1b
|-resisted|p1b: Dragalge|1
|-damage|p1a: Grimmsnarl|0 fnt
|-damage|p1b: Dragalge|87/100
|faint|p1a: Grimmsnarl
|move|p1b: Dragalge|Sludge Bomb|p2b: Garchomp
|-resisted|p2b: Garchomp|1
|-damage|p2b: Garchomp|70/100
|-status|p2b: Garchomp|psn
|
|-weather|SunnyDay|[upkeep]
|-damage|p2b: Garchomp|57/100 psn|[from] psn
|upkeep
|
|t:|1783328104
|switch|p1a: Incineroar|Incineroar, L50, F|100/100
|-ability|p1a: Incineroar|Intimidate|boost
|-unboost|p2a: Charizard|atk|1
|-unboost|p2b: Garchomp|atk|1
|turn|4
|
|t:|1783328127
|switch|p2b: Farigiraf|Farigiraf, L50, M|77/100
|move|p2a: Charizard|Heat Wave|p1b: Dragalge|[spread] p1a,p1b
|-resisted|p1a: Incineroar|1
|-resisted|p1b: Dragalge|1
|-damage|p1a: Incineroar|85/100
|-damage|p1b: Dragalge|74/100
|move|p1a: Incineroar|Darkest Lariat|p2b: Farigiraf
|-supereffective|p2b: Farigiraf|1
|-damage|p2b: Farigiraf|20/100y
|-enditem|p2b: Farigiraf|Sitrus Berry|[eat]
|-heal|p2b: Farigiraf|45/100|[from] item: Sitrus Berry
|move|p1b: Dragalge|Sludge Bomb|p2b: Farigiraf
|-damage|p2b: Farigiraf|0 fnt
|faint|p2b: Farigiraf
|
|-weather|SunnyDay|[upkeep]
|upkeep
|
|t:|1783328136
|switch|p2b: Garchomp|Garchomp, L50, M|57/100 psn
|turn|5
|
|t:|1783328150
|move|p1b: Dragalge|Protect|p1b: Dragalge
|-singleturn|p1b: Dragalge|Protect
|move|p2b: Garchomp|Earthquake|p1b: Dragalge|[spread] p1a
|-activate|p1b: Dragalge|move: Protect
|-immune|p2a: Charizard
|-supereffective|p1a: Incineroar|1
|-damage|p1a: Incineroar|18/100
|-enditem|p1a: Incineroar|Sitrus Berry|[eat]
|-heal|p1a: Incineroar|43/100|[from] item: Sitrus Berry
|-damage|p2b: Garchomp|48/100 psn|[from] item: Life Orb
|move|p2a: Charizard|Weather Ball|p1b: Dragalge
|-activate|p1b: Dragalge|move: Protect
|move|p1a: Incineroar|Darkest Lariat|p2b: Garchomp
|-damage|p2b: Garchomp|11/100 psn
|-damage|p1a: Incineroar|30/100|[from] ability: Rough Skin|[of] p2b: Garchomp
|
|-weather|SunnyDay|[upkeep]
|-damage|p2b: Garchomp|0 fnt|[from] psn
|faint|p2b: Garchomp
|upkeep
|turn|6
|
|t:|1783328172
|move|p2a: Charizard|Heat Wave|p1a: Incineroar|[spread] p1a,p1b
|-resisted|p1a: Incineroar|1
|-resisted|p1b: Dragalge|1
|-damage|p1a: Incineroar|14/100
|-damage|p1b: Dragalge|60/100
|-status|p1b: Dragalge|brn
|move|p1a: Incineroar|Darkest Lariat|p2a: Charizard
|-damage|p2a: Charizard|63/100
|move|p1b: Dragalge|Sludge Bomb|p2a: Charizard
|-damage|p2a: Charizard|19/100
|
|-weather|SunnyDay|[upkeep]
|-damage|p1b: Dragalge|54/100 brn|[from] brn
|upkeep
|turn|7
|
|t:|1783328187
|move|p2a: Charizard|Heat Wave|p1a: Incineroar|[spread] p1a,p1b
|-resisted|p1a: Incineroar|1
|-resisted|p1b: Dragalge|1
|-damage|p1a: Incineroar|0 fnt
|-damage|p1b: Dragalge|40/100 brn
|faint|p1a: Incineroar
|move|p1b: Dragalge|Sludge Bomb|p2a: Charizard
|-damage|p2a: Charizard|0 fnt
|faint|p2a: Charizard
|
|win|Yato1226
