|j|☆zubrowka
|j|☆adandelionbreath
|html|zubrowkaadandelionbreath    
|uhtml|bestof|Game 2 of a best-of-3
|t:|1786018318
|gametype|doubles
|player|p1|zubrowka|102|1222
|player|p2|adandelionbreath|170|1340
|gen|9
|tier|[Gen 9 Champions] VGC 2026 Reg M-B (Bo3)
|rated|
|rule|Species Clause: Limit one of each Pokémon
|rule|Item Clause: Limit 1 of each item
|clearpoke
|poke|p1|Floette-Eternal, L50, F|
|poke|p1|Sinistcha, L50|
|poke|p1|Basculegion, L50, M|
|poke|p1|Glimmora, L50, F|
|poke|p1|Staraptor, L50, F|
|poke|p1|Grimmsnarl, L50, M|
|poke|p2|Garchomp, L50, M|
|poke|p2|Rotom-Frost, L50|
|poke|p2|Froslass, L50, F|
|poke|p2|Basculegion, L50, M|
|poke|p2|Blaziken, L50, F|
|poke|p2|Kingambit, L50, F|
|teampreview|4
|showteam|p1|Floette-Eternal||Floettite|FlowerVeil|DazzlingGleam,DrainingKiss,CalmMind,Protect|Modest||F|||50|]Sinistcha||ColburBerry|Hospitality|MatchaGotcha,LifeDew,RagePowder,Protect|Calm|||||50|]Basculegion||ChoiceScarf|Adaptability|WaveCrash,FlipTurn,AquaJet,LastRespects|Jolly||M|||50|]Glimmora||FocusSash|ToxicDebris|PowerGem,SludgeBomb,EarthPower,SpikyShield|Modest||F|||50|]Staraptor||Staraptite|Intimidate|DualWingbeat,CloseCombat,Tailwind,Protect|Jolly||F|||50|]Grimmsnarl||LightClay|Prankster|LightScreen,Reflect,FoulPlay,PartingShot|Impish||M|||50|
|showteam|p2|Garchomp||LifeOrb|RoughSkin|Earthquake,DragonClaw,RockSlide,Protect|Jolly||M|||50|]Rotom-Frost||ChoiceScarf|Levitate|Electroweb,Blizzard,VoltSwitch,WillOWisp|Timid|||||50|]Froslass||Froslassite|SnowCloak|Blizzard,AuroraVeil,IcyWind,Protect|Timid||F|||50|]Basculegion||MysticWater|Adaptability|AquaJet,LastRespects,WaveCrash,Protect|Adamant||M|||50|]Blaziken||FocusSash|SpeedBoost|CloseCombat,RockSlide,Overheat,Protect|Lonely||F|||50|]Kingambit||ChopleBerry|Defiant|IronHead,KowtowCleave,LowKick,SuckerPunch|Adamant||F|||50|
|inactive|Battle timer is ON: inactive players will automatically lose when time's up. (requested by adandelionbreath)
|inactive|adandelionbreath has 60 seconds left.
|
|t:|1786018358
|teamsize|p1|4
|teamsize|p2|4
|start
|switch|p1a: Floette|Floette-Eternal, L50, F|100/100
|switch|p1b: Grimmsnarl|Grimmsnarl, L50, M|100/100
|switch|p2a: Froslass|Froslass, L50, F|100/100
|switch|p2b: Rotom|Rotom-Frost, L50|100/100
|turn|1
|
|t:|1786018373
|detailschange|p2a: Froslass|Froslass-Mega, L50, F
|-mega|p2a: Froslass|Froslass|Froslassite
|-weather|Snowscape|[from] ability: Snow Warning|[of] p2a: Froslass
|detailschange|p1a: Floette|Floette-Mega, L50, F
|-mega|p1a: Floette|Floette|Floettite
|-ability|p1a: Floette|Fairy Aura
|move|p1b: Grimmsnarl|Light Screen|p1b: Grimmsnarl
|-sidestart|p1: zubrowka|move: Light Screen
|move|p2b: Rotom|Volt Switch|p1a: Floette
|-damage|p1a: Floette|82/100
|
|t:|1786018385
|switch|p2b: Kingambit|Kingambit, L50, F|100/100|[from] Volt Switch
|move|p2a: Froslass|Aurora Veil|p2a: Froslass
|-sidestart|p2: adandelionbreath|move: Aurora Veil
|move|p1a: Floette|Calm Mind|p1a: Floette
|-boost|p1a: Floette|spa|1
|-boost|p1a: Floette|spd|1
|
|-weather|Snowscape|[upkeep]
|upkeep
|turn|2
|
|t:|1786018401
|move|p1a: Floette|Protect|p1a: Floette
|-singleturn|p1a: Floette|Protect
|move|p2a: Froslass|Icy Wind|p1b: Grimmsnarl|[spread] p1b
|-activate|p1a: Floette|move: Protect
|-crit|p1b: Grimmsnarl
|-damage|p1b: Grimmsnarl|68/100
|-unboost|p1b: Grimmsnarl|spe|1
|move|p2b: Kingambit|Iron Head|p1b: Grimmsnarl
|-supereffective|p1b: Grimmsnarl|1
|-damage|p1b: Grimmsnarl|0 fnt
|faint|p1b: Grimmsnarl
|
|-weather|Snowscape|[upkeep]
|upkeep
|inactive|zubrowka has 30 seconds left.
|
|t:|1786018434
|switch|p1b: Glimmora|Glimmora, L50, F|100/100
|turn|3
|
|t:|1786018452
|move|p2a: Froslass|Icy Wind|p1a: Floette|[spread] p1a,p1b
|-damage|p1a: Floette|75/100
|-damage|p1b: Glimmora|80/100
|-unboost|p1a: Floette|spe|1
|-unboost|p1b: Glimmora|spe|1
|move|p1b: Glimmora|Earth Power|p2b: Kingambit
|-supereffective|p2b: Kingambit|1
|-damage|p2b: Kingambit|54/100
|move|p1a: Floette|Draining Kiss|p2b: Kingambit
|-crit|p2b: Kingambit
|-damage|p2b: Kingambit|0 fnt
|-heal|p1a: Floette|100/100|[from] drain|[of] p2b: Kingambit
|faint|p2b: Kingambit
|
|-weather|Snowscape|[upkeep]
|upkeep
|
|t:|1786018459
|switch|p2b: Basculegion|Basculegion, L50, M|100/100
|turn|4
|
|t:|1786018483
|move|p2a: Froslass|Blizzard|p1a: Floette|[spread] p1a,p1b
|-damage|p1a: Floette|84/100
|-damage|p1b: Glimmora|43/100
|move|p2b: Basculegion|Last Respects|p1b: Glimmora
|-damage|p1b: Glimmora|0 fnt
|-activate|p1b: Glimmora|ability: Toxic Debris
|-sidestart|p2: adandelionbreath|move: Toxic Spikes
|faint|p1b: Glimmora
|move|p1a: Floette|Draining Kiss|p2b: Basculegion
|-damage|p2b: Basculegion|56/100
|-heal|p1a: Floette|100/100|[from] drain|[of] p2b: Basculegion
|
|-weather|Snowscape|[upkeep]
|upkeep
|
|t:|1786018497
|switch|p1b: Basculegion|Basculegion, L50, M|100/100
|turn|5
|
|t:|1786018513
|move|p2b: Basculegion|Protect|p2b: Basculegion
|-singleturn|p2b: Basculegion|Protect
|move|p1b: Basculegion|Last Respects|p2a: Froslass
|-supereffective|p2a: Froslass|1
|-damage|p2a: Froslass|0 fnt
|faint|p2a: Froslass
|move|p1a: Floette|Dazzling Gleam|p2b: Basculegion
|-activate|p2b: Basculegion|move: Protect
|
|-weather|none
|-sideend|p2: adandelionbreath|move: Aurora Veil
|upkeep
|
|t:|1786018514
|switch|p2a: Rotom|Rotom-Frost, L50|100/100
|turn|6
|
|t:|1786018531
|move|p2b: Basculegion|Protect|p2b: Basculegion
|-singleturn|p2b: Basculegion|Protect
|move|p1a: Floette|Protect|p1a: Floette
|-singleturn|p1a: Floette|Protect
|move|p2a: Rotom|Electroweb|p1b: Basculegion|[spread] p1b
|-activate|p1a: Floette|move: Protect
|-supereffective|p1b: Basculegion|1
|-damage|p1b: Basculegion|69/100
|-unboost|p1b: Basculegion|spe|1
|move|p1b: Basculegion|Last Respects|p2b: Basculegion
|-activate|p2b: Basculegion|move: Protect
|
|upkeep
|turn|7
|
|t:|1786018546
|move|p2a: Rotom|Electroweb|p1a: Floette|[spread] p1a,p1b
|-supereffective|p1b: Basculegion|1
|-damage|p1a: Floette|93/100
|-damage|p1b: Basculegion|38/100
|-unboost|p1a: Floette|spe|1
|-unboost|p1b: Basculegion|spe|1
|move|p2b: Basculegion|Last Respects|p1a: Floette
|-damage|p1a: Floette|5/100
|move|p1b: Basculegion|Last Respects|p2b: Basculegion
|-supereffective|p2b: Basculegion|1
|-damage|p2b: Basculegion|0 fnt
|faint|p2b: Basculegion
|move|p1a: Floette|Dazzling Gleam|p2a: Rotom
|-damage|p2a: Rotom|0 fnt
|faint|p2a: Rotom
|
|win|zubrowka
||adandelionbreath is ready for game 3.
|inactive|zubrowka has 30 seconds to confirm battle start!
||zubrowka is ready for game 3.
|uhtml|next|Next: Game 3 of 3
|l|☆adandelionbreath
|player|p2|
