|j|☆nathjay
|j|☆iliteratepineapple
|html|nathjayiliteratepineapple    
|uhtml|bestof|Game 1 of a best-of-3
|t:|1756643849
|gametype|doubles
|player|p1|nathjay|265|1044
|player|p2|iliteratepineapple|1|1132
|gen|9
|tier|[Gen 9] VGC 2025 Reg H (Bo3)
|rated|
|rule|Species Clause: Limit one of each Pokémon
|rule|Item Clause: Limit 1 of each item
|clearpoke
|poke|p1|Ninetales-Alola, L50, F|
|poke|p1|Baxcalibur, L50, F|
|poke|p1|Sinistcha-Masterpiece, L50|
|poke|p1|Incineroar, L50, M|
|poke|p1|Annihilape, L50, M|
|poke|p1|Murkrow, L50, M|
|poke|p2|Basculegion, L50, M|
|poke|p2|Rillaboom, L50, F|
|poke|p2|Volcarona, L50, M|
|poke|p2|Murkrow, L50, M|
|poke|p2|Gholdengo, L50|
|poke|p2|Grimmsnarl, L50, M|
|teampreview|4
|showteam|p1|Ninetales-Alola||LightClay|SnowWarning|FreezeDry,AuroraVeil,Moonblast,Protect|||F|||50|,,,,,Water]Baxcalibur||LoadedDice|ThermalExchange|IcicleSpear,IceShard,ScaleShot,Protect|||F|||50|,,,,,Dragon]Sinistcha-Masterpiece||BigRoot|Hospitality|MatchaGotcha,ShadowBall,StrengthSap,Protect||||||50|,,,,,Fire]Incineroar||SafetyGoggles|Intimidate|KnockOff,PartingShot,FakeOut,FlareBlitz|||M|||50|,,,,,Bug]Annihilape||ChoiceScarf|Defiant|PhantomForce,FinalGambit,CloseCombat,RockSlide|||M|||50|,,,,,Rock]Murkrow||Eviolite|Prankster|FoulPlay,Haze,Quash,Tailwind|||M|||50|,,,,,Dark
|showteam|p2|Basculegion||LifeOrb|Adaptability|WaveCrash,LastRespects,AquaJet,Protect|||M|||50|,,,,,Water]Rillaboom||AssaultVest|GrassySurge|WoodHammer,GrassyGlide,HighHorsepower,FakeOut|||F|||50|,,,,,Fire]Volcarona||SitrusBerry|FlameBody|HeatWave,StruggleBug,RagePowder,Protect|||M|||50|,,,,,Fairy]Murkrow||Eviolite|Prankster|DualWingbeat,Tailwind,RainDance,Protect|||M|||50|,,,,,Ghost]Gholdengo||Leftovers|GoodasGold|MakeItRain,ShadowBall,NastyPlot,Protect||||||50|,,,,,Dragon]Grimmsnarl||LightClay|Prankster|SpiritBreak,LightScreen,Reflect,ThunderWave|||M|||50|,,,,,Grass
|c|☆nathjay|Glhf
|inactive|Battle timer is ON: inactive players will automatically lose when time's up. (requested by nathjay)
|c|☆iliteratepineapple|u2
|
|t:|1756643930
|teamsize|p1|4
|teamsize|p2|4
|start
|switch|p1a: Baxcalibur|Baxcalibur, L50, F|100/100
|switch|p1b: Incineroar|Incineroar, L50, M|100/100
|switch|p2a: Gholdengo|Gholdengo, L50|100/100
|switch|p2b: Grimmsnarl|Grimmsnarl, L50, M|100/100
|-ability|p1b: Incineroar|Intimidate|boost
|-unboost|p2a: Gholdengo|atk|1
|-unboost|p2b: Grimmsnarl|atk|1
|turn|1
|inactive|iliteratepineapple has 30 seconds left.
|inactive|iliteratepineapple has 20 seconds left.
|inactive|iliteratepineapple has 15 seconds left.
|
|t:|1756643971
|move|p2a: Gholdengo|Protect|p2a: Gholdengo
|-singleturn|p2a: Gholdengo|Protect
|move|p1a: Baxcalibur|Protect|p1a: Baxcalibur
|-singleturn|p1a: Baxcalibur|Protect
|move|p2b: Grimmsnarl|Spirit Break|p1a: Baxcalibur
|-activate|p1a: Baxcalibur|move: Protect
|move|p1b: Incineroar|Knock Off|p2a: Gholdengo
|-activate|p2a: Gholdengo|move: Protect
|
|upkeep
|turn|2
|inactive|nathjay has 30 seconds left.
|inactive|iliteratepineapple has 30 seconds left.
|inactive|nathjay has 20 seconds left.
|inactive|iliteratepineapple has 20 seconds left.
|inactive|iliteratepineapple has 15 seconds left.
|inactive|iliteratepineapple has 10 seconds left.
|inactive|iliteratepineapple has 5 seconds left.
|
|t:|1756644021
|switch|p2a: Rillaboom|Rillaboom, L50, F|100/100
|-fieldstart|move: Grassy Terrain|[from] ability: Grassy Surge|[of] p2a: Rillaboom
|move|p2b: Grimmsnarl|Reflect|p2b: Grimmsnarl
|-sidestart|p2: iliteratepineapple|Reflect
|move|p1a: Baxcalibur|Scale Shot|p2a: Rillaboom
|-damage|p2a: Rillaboom|91/100
|-damage|p2a: Rillaboom|82/100
|-damage|p2a: Rillaboom|72/100
|-damage|p2a: Rillaboom|62/100
|-damage|p2a: Rillaboom|53/100
|-hitcount|p2a: Rillaboom|5
|-unboost|p1a: Baxcalibur|def|1
|-boost|p1a: Baxcalibur|spe|1
|move|p1b: Incineroar|Knock Off|p2a: Rillaboom
|-damage|p2a: Rillaboom|30/100
|-enditem|p2a: Rillaboom|Assault Vest|[from] move: Knock Off|[of] p1b: Incineroar
|
|-heal|p2a: Rillaboom|36/100|[from] Grassy Terrain
|upkeep
|turn|3
|inactive|iliteratepineapple has 30 seconds left.
|
|t:|1756644046
|switch|p1b: Ninetales|Ninetales-Alola, L50, F|100/100
|-weather|Snowscape|[from] ability: Snow Warning|[of] p1b: Ninetales
|move|p1a: Baxcalibur|Protect|p1a: Baxcalibur
|-singleturn|p1a: Baxcalibur|Protect
|move|p2a: Rillaboom|Fake Out|p1b: Ninetales
|-damage|p1b: Ninetales|90/100
|move|p2b: Grimmsnarl|Thunder Wave|p1a: Baxcalibur
|-activate|p1a: Baxcalibur|move: Protect
|
|-weather|Snowscape|[upkeep]
|-heal|p1b: Ninetales|97/100|[from] Grassy Terrain
|-heal|p2a: Rillaboom|42/100|[from] Grassy Terrain
|upkeep
|turn|4
|
|t:|1756644063
|switch|p2a: Gholdengo|Gholdengo, L50|100/100
|move|p2b: Grimmsnarl|Thunder Wave|p1a: Baxcalibur
|-status|p1a: Baxcalibur|par
|move|p1b: Ninetales|Aurora Veil|p1b: Ninetales
|-sidestart|p1: nathjay|move: Aurora Veil
|move|p1a: Baxcalibur|Icicle Spear|p2b: Grimmsnarl
|-damage|p2b: Grimmsnarl|89/100
|-damage|p2b: Grimmsnarl|77/100
|-damage|p2b: Grimmsnarl|65/100
|-damage|p2b: Grimmsnarl|52/100
|-hitcount|p2b: Grimmsnarl|4
|
|-weather|Snowscape|[upkeep]
|-heal|p1b: Ninetales|100/100|[from] Grassy Terrain
|-heal|p2b: Grimmsnarl|58/100|[from] Grassy Terrain
|upkeep
|turn|5
|inactive|nathjay has 30 seconds left.
|
|t:|1756644089
|switch|p1a: Incineroar|Incineroar, L50, M|100/100
|-ability|p1a: Incineroar|Intimidate|boost
|-unboost|p2a: Gholdengo|atk|1
|-unboost|p2b: Grimmsnarl|atk|1
|-terastallize|p1b: Ninetales|Water
|move|p2b: Grimmsnarl|Thunder Wave|p1b: Ninetales
|-status|p1b: Ninetales|par
|move|p2a: Gholdengo|Nasty Plot|p2a: Gholdengo
|-boost|p2a: Gholdengo|spa|2
|move|p1b: Ninetales|Moonblast|p2b: Grimmsnarl
|-supereffective|p2b: Grimmsnarl
|-damage|p2b: Grimmsnarl|7/100
|
|-weather|Snowscape|[upkeep]
|-heal|p2b: Grimmsnarl|14/100|[from] Grassy Terrain
|upkeep
|turn|6
|inactive|iliteratepineapple has 30 seconds left.
|inactive|iliteratepineapple has 20 seconds left.
|inactive|iliteratepineapple has 15 seconds left.
|inactive|iliteratepineapple has 10 seconds left.
|
|t:|1756644136
|switch|p2b: Basculegion|Basculegion, L50, M|100/100
|move|p2a: Gholdengo|Protect|p2a: Gholdengo
|-singleturn|p2a: Gholdengo|Protect
|move|p1a: Incineroar|Knock Off|p2a: Gholdengo
|-activate|p2a: Gholdengo|move: Protect
|move|p1b: Ninetales|Moonblast|p2b: Basculegion
|-damage|p2b: Basculegion|64/100
|
|-weather|Snowscape|[upkeep]
|-heal|p2b: Basculegion|71/100|[from] Grassy Terrain
|-fieldend|move: Grassy Terrain
|upkeep
|turn|7
|inactive|iliteratepineapple has 30 seconds left.
|
|t:|1756644169
|-terastallize|p2b: Basculegion|Water
|move|p2a: Gholdengo|Nasty Plot|p2a: Gholdengo
|-boost|p2a: Gholdengo|spa|2
|move|p2b: Basculegion|Wave Crash|p1a: Incineroar
|-supereffective|p1a: Incineroar
|-damage|p1a: Incineroar|0 fnt
|faint|p1a: Incineroar
|-damage|p2b: Basculegion|38/100|[from] Recoil
|-damage|p2b: Basculegion|29/100|[from] item: Life Orb
|cant|p1b: Ninetales|par
|
|-weather|none
|upkeep
|
|t:|1756644178
|switch|p1a: Baxcalibur|Baxcalibur, L50, F|100/100 par
|turn|8
|-message|nathjay forfeited.
|
|win|iliteratepineapple
|l|☆nathjay
|player|p1|
||nathjay is ready for game 2.
|inactive|iliteratepineapple has 30 seconds to confirm battle start!
||iliteratepineapple is ready for game 2.
|uhtml|next|Next: Game 2 of 3
