|j|☆looketus420
|j|☆BassFisher07
|html|looketus420BassFisher07    
|uhtml|bestof|Game 1 of a best-of-3
|t:|1757904229
|gametype|doubles
|player|p1|looketus420|2|
|player|p2|BassFisher07|1|
|gen|9
|tier|[Gen 9] VGC 2025 Reg H (Bo3)
|rule|Species Clause: Limit one of each Pokémon
|rule|Item Clause: Limit 1 of each item
|clearpoke
|poke|p1|Excadrill, L50, M|
|poke|p1|Hatterene, L50, F|
|poke|p1|Dugtrio-Alola, L50, F|
|poke|p1|Tyranitar, L50, M|
|poke|p1|Gastrodon, L50, M|
|poke|p1|Golurk, L50|
|poke|p2|Garchomp, L50, M|
|poke|p2|Houndstone, L50, F|
|poke|p2|Tyranitar, L50, M|
|poke|p2|Lucario, L50, F|
|poke|p2|Ursaluna-Bloodmoon, L50, M|
|poke|p2|Gastrodon, L50, F|
|teampreview|4
|showteam|p1|Excadrill||ChoiceBand|SandRush|RockSlide,Earthquake,ThroatChop,IronHead|||M|||50|,,,,,Rock]Hatterene||SitrusBerry|MagicBounce|TrickRoom,Protect,ExpandingForce,DazzlingGleam|||F|||50|,,,,,Ghost]Dugtrio-Alola||LifeOrb|SandForce|Earthquake,IronHead,SuckerPunch,TeraBlast|||F|||50|,,,,,Bug]Tyranitar||SmoothRock|SandStream|StoneEdge,KnockOff,Protect,BodyPress|||M|||50|,,,,,Flying]Gastrodon||AssaultVest|StormDrain|EarthPower,Surf,ClearSmog,SludgeWave|||M|||50|,,,,,Flying]Golurk||ClearAmulet|IronFist|ShadowPunch,FocusPunch,StompingTantrum,DrainPunch||||||50|,,,,,Ground
|showteam|p2|Garchomp||ChoiceScarf|SandVeil|Earthquake,Outrage,DragonClaw,StoneEdge|||M|||50|,,,,,Dragon]Houndstone||SitrusBerry|SandRush|ShadowSneak,PhantomForce,LastRespects,StompingTantrum|||F|||50|,,,,,Flying]Tyranitar||SmoothRock|SandStream|SleepTalk,BodySlam,Rest,Substitute|||M|||50|,,,,,Ghost]Lucario||ChoiceBand|InnerFocus|ExtremeSpeed,BulletPunch,CloseCombat,VacuumWave|||F|||50|,,,,,Fighting]Ursaluna-Bloodmoon||LifeOrb|MindsEye|Snarl,BloodMoon,EarthPower,VacuumWave|||M|||50|,,,,,Fighting]Gastrodon||AssaultVest|StormDrain|Protect,Surf,Recover,Yawn|||F|||50|,,,,,Grass
|
|t:|1757904295
|teamsize|p1|4
|teamsize|p2|4
|start
|switch|p1a: Hatterene|Hatterene, L50, F|100/100
|switch|p1b: Golurk|Golurk, L50|100/100
|switch|p2a: Lucario|Lucario, L50, F|100/100
|switch|p2b: Ursaluna|Ursaluna-Bloodmoon, L50, M|100/100
|turn|1
|
|t:|1757904333
|-terastallize|p1a: Hatterene|Ghost
|move|p2a: Lucario|Extreme Speed|p1a: Hatterene
|-immune|p1a: Hatterene
|move|p2b: Ursaluna|Snarl|p1b: Golurk|[spread] p1a,p1b
|-supereffective|p1a: Hatterene
|-supereffective|p1b: Golurk
|-damage|p1a: Hatterene|63/100
|-damage|p1b: Golurk|57/100
|-unboost|p1a: Hatterene|spa|1
|-damage|p2b: Ursaluna|91/100|[from] item: Life Orb
|move|p1b: Golurk|Drain Punch|p2a: Lucario
|-supereffective|p2a: Lucario
|-damage|p2a: Lucario|19/100
|-heal|p1b: Golurk|96/100|[from] drain|[of] p2a: Lucario
|move|p1a: Hatterene|Trick Room|p1a: Hatterene
|-fieldstart|move: Trick Room|[of] p1a: Hatterene
|
|upkeep
|turn|2
|
|t:|1757904403
|move|p2a: Lucario|Extreme Speed|p1b: Golurk
|-immune|p1b: Golurk
|move|p1a: Hatterene|Dazzling Gleam|p2b: Ursaluna|[spread] p2a,p2b
|-damage|p2a: Lucario|0 fnt
|-damage|p2b: Ursaluna|68/100
|faint|p2a: Lucario
|move|p1b: Golurk|Drain Punch|p2b: Ursaluna
|-supereffective|p2b: Ursaluna
|-damage|p2b: Ursaluna|29/100
|-heal|p1b: Golurk|100/100|[from] drain|[of] p2b: Ursaluna
|move|p2b: Ursaluna|Snarl|p1a: Hatterene|[spread] p1a,p1b
|-supereffective|p1a: Hatterene
|-supereffective|p1b: Golurk
|-damage|p1a: Hatterene|25/100
|-damage|p1b: Golurk|59/100
|-unboost|p1a: Hatterene|spa|1
|-enditem|p1a: Hatterene|Sitrus Berry|[eat]
|-heal|p1a: Hatterene|50/100|[from] item: Sitrus Berry
|-damage|p2b: Ursaluna|20/100|[from] item: Life Orb
|
|upkeep
|
|t:|1757904436
|switch|p2a: Tyranitar|Tyranitar, L50, M|100/100
|-weather|Sandstorm|[from] ability: Sand Stream|[of] p2a: Tyranitar
|turn|3
|
|t:|1757904475
|-terastallize|p2a: Tyranitar|Ghost
|-singleturn|p1b: Golurk|move: Focus Punch
|move|p1a: Hatterene|Dazzling Gleam|p2b: Ursaluna|[spread] p2a,p2b
|-damage|p2a: Tyranitar|90/100
|-damage|p2b: Ursaluna|0 fnt
|faint|p2b: Ursaluna
|move|p2a: Tyranitar|Substitute|p2a: Tyranitar
|-start|p2a: Tyranitar|Substitute
|-damage|p2a: Tyranitar|65/100
|move|p1b: Golurk|Focus Punch|p2a: Tyranitar
|-immune|p2a: Tyranitar
|
|-weather|Sandstorm|[upkeep]
|-damage|p1a: Hatterene|44/100|[from] Sandstorm
|-damage|p2a: Tyranitar|58/100|[from] Sandstorm
|upkeep
|
|t:|1757904490
|switch|p2b: Garchomp|Garchomp, L50, M|100/100
|turn|4
|
|t:|1757904505
|move|p1a: Hatterene|Dazzling Gleam|p2a: Tyranitar|[spread] p2a,p2b
|-activate|p2a: Tyranitar|move: Substitute|[damage]
|-supereffective|p2b: Garchomp
|-damage|p2b: Garchomp|71/100
|move|p1b: Golurk|Shadow Punch|p2a: Tyranitar
|-supereffective|p2a: Tyranitar
|-end|p2a: Tyranitar|Substitute
|move|p2a: Tyranitar|Rest|p2a: Tyranitar
|-status|p2a: Tyranitar|slp|[from] move: Rest
|-heal|p2a: Tyranitar|100/100 slp|[silent]
|move|p2b: Garchomp|Outrage|p1b: Golurk
|-damage|p1b: Golurk|0 fnt
|faint|p1b: Golurk
|
|-weather|Sandstorm|[upkeep]
|-damage|p1a: Hatterene|38/100|[from] Sandstorm
|-damage|p2a: Tyranitar|94/100 slp|[from] Sandstorm
|upkeep
|
|t:|1757904526
|switch|p1b: Dugtrio|Dugtrio-Alola, L50, F|100/100
|turn|5
|
|t:|1757904541
|move|p1a: Hatterene|Dazzling Gleam|p2a: Tyranitar|[spread] p2a,p2b
|-supereffective|p2b: Garchomp
|-damage|p2a: Tyranitar|84/100 slp
|-damage|p2b: Garchomp|39/100
|cant|p2a: Tyranitar|slp
|move|p2a: Tyranitar|Sleep Talk|p2a: Tyranitar
|move|p2a: Tyranitar|Body Slam|p1b: Dugtrio|[from] move: Sleep Talk
|-resisted|p1b: Dugtrio
|-damage|p1b: Dugtrio|71/100
|move|p1b: Dugtrio|Earthquake|p2b: Garchomp|[spread] p1a,p2a,p2b
|-damage|p1a: Hatterene|0 fnt
|-damage|p2a: Tyranitar|42/100 slp
|-damage|p2b: Garchomp|0 fnt
|faint|p1a: Hatterene
|faint|p2b: Garchomp
|-damage|p1b: Dugtrio|61/100|[from] item: Life Orb
|
|-weather|Sandstorm|[upkeep]
|-damage|p2a: Tyranitar|36/100 slp|[from] Sandstorm
|-fieldend|move: Trick Room
|upkeep
|
|t:|1757904557
|switch|p1a: Tyranitar|Tyranitar, L50, M|100/100
|turn|6
|
|t:|1757904565
|move|p1b: Dugtrio|Sucker Punch||[still]
|-fail|p1b: Dugtrio
|cant|p2a: Tyranitar|slp
|move|p2a: Tyranitar|Sleep Talk|p2a: Tyranitar
|move|p2a: Tyranitar|Body Slam|p1b: Dugtrio|[from] move: Sleep Talk
|-resisted|p1b: Dugtrio
|-damage|p1b: Dugtrio|29/100
|move|p1a: Tyranitar|Knock Off|p2a: Tyranitar
|-supereffective|p2a: Tyranitar
|-damage|p2a: Tyranitar|0 fnt
|-enditem|p2a: Tyranitar|Smooth Rock|[from] move: Knock Off|[of] p1a: Tyranitar
|faint|p2a: Tyranitar
|
|win|looketus420
|inactive|looketus420 has 30 seconds to confirm battle start!
|inactive|BassFisher07 has 30 seconds to confirm battle start!
|l|☆looketus420
|player|p1|
|inactive|looketus420 has 20 seconds to confirm battle start!
|inactive|BassFisher07 has 20 seconds to confirm battle start!
||looketus420 is ready for game 2.
|l|☆BassFisher07
|player|p2|
|inactive|BassFisher07 has 10 seconds to confirm battle start!
|uhtml|next|Next: Game 2 of 3
