|j|☆tin19
|j|☆Reynordg
|html|tin19Reynordg    
|uhtml|bestof|Game 3 of a best-of-3
|t:|1783572277
|gametype|doubles
|player|p1|tin19|colress|
|player|p2|Reynordg|101|
|gen|9
|tier|[Gen 9 Champions] VGC 2026 Reg M-B (Bo3)
|rule|Species Clause: Limit one of each Pokémon
|rule|Item Clause: Limit 1 of each item
|clearpoke
|poke|p1|Archaludon, L50, F, shiny|
|poke|p1|Pelipper, L50, F, shiny|
|poke|p1|Swampert, L50, M, shiny|
|poke|p1|Floette-Eternal, L50, F|
|poke|p1|Meowscarada, L50, F, shiny|
|poke|p1|Farigiraf, L50, F, shiny|
|poke|p2|Grimmsnarl, L50, M|
|poke|p2|Swampert, L50, M|
|poke|p2|Pelipper, L50, M|
|poke|p2|Archaludon, L50, M|
|poke|p2|Sinistcha, L50|
|poke|p2|Metagross, L50|
|teampreview|4
|showteam|p1|Archaludon||LifeOrb|Stalwart|DracoMeteor,FlashCannon,ElectroShot,Protect|Modest||F|||50|]Pelipper||DampRock|Drizzle|Tailwind,MuddyWater,Hurricane,Protect|Modest||F|||50|]Swampert||Swampertite|Damp|HighHorsepower,WaveCrash,IcePunch,Protect|Adamant||M|||50|]Floette-Eternal||ChoiceScarf|FlowerVeil|Moonblast,Psychic,LightofRuin,RainDance|Modest||F|||50|]Meowscarada||FocusSash|Protean|FlowerTrick,KnockOff,TripleAxel,Protect|Adamant||F|||50|]Farigiraf||SitrusBerry|ArmorTail|PsychicNoise,HelpingHand,Roar,TrickRoom|Bold||F|||50|
|showteam|p2|Grimmsnarl||LightClay|Prankster|FoulPlay,PartingShot,Reflect,LightScreen|Calm||M|||50|]Swampert||Swampertite|Damp|WaveCrash,Earthquake,IcePunch,Protect|Adamant||M|||50|]Pelipper||SitrusBerry|Drizzle|Hurricane,WeatherBall,Tailwind,WideGuard|Modest||M|||50|]Archaludon||Leftovers|Stamina|ElectroShot,DragonPulse,FlashCannon,Protect|Modest||M|||50|]Sinistcha||CobaBerry|Hospitality|MatchaGotcha,RagePowder,TrickRoom,Protect|Relaxed|||||50|]Metagross||Metagrossite|ClearBody|IronHead,PsychicFangs,BodyPress,Protect|Jolly|||||50|
|inactive|Battle timer is ON: inactive players will automatically lose when time's up. (requested by Reynordg)
|inactive|tin19 has 60 seconds left.
|inactive|Reynordg has 60 seconds left.
|
|t:|1783572318
|teamsize|p1|4
|teamsize|p2|4
|start
|switch|p1a: Archaludon|Archaludon, L50, F, shiny|100/100
|switch|p1b: Meowscarada|Meowscarada, L50, F, shiny|100/100
|switch|p2a: Metagross|Metagross, L50|100/100
|switch|p2b: Grimmsnarl|Grimmsnarl, L50, M|100/100
|turn|1
|inactive|tin19 has 30 seconds left.
|inactive|Reynordg has 30 seconds left.
|inactive|tin19 has 20 seconds left.
|inactive|Reynordg has 20 seconds left.
|inactive|tin19 has 15 seconds left.
|inactive|Reynordg has 15 seconds left.
|inactive|tin19 has 10 seconds left.
|inactive|Reynordg has 10 seconds left.
|inactive|tin19 has 5 seconds left.
|inactive|Reynordg has 5 seconds left.
|
|t:|1783572371
|detailschange|p2a: Metagross|Metagross-Mega, L50
|-mega|p2a: Metagross|Metagross|Metagrossite
|move|p2b: Grimmsnarl|Reflect|p2b: Grimmsnarl
|-sidestart|p2: Reynordg|Reflect
|move|p1b: Meowscarada|Knock Off|p2a: Metagross
|-start|p1b: Meowscarada|typechange|Dark|[from] ability: Protean
|-supereffective|p2a: Metagross|1
|-damage|p2a: Metagross|69/100
|move|p2a: Metagross|Body Press|p1b: Meowscarada
|-supereffective|p1b: Meowscarada|1
|-enditem|p1b: Meowscarada|Focus Sash
|-damage|p1b: Meowscarada|1/100
|move|p1a: Archaludon|Flash Cannon|p2b: Grimmsnarl
|-supereffective|p2b: Grimmsnarl|1
|-damage|p2b: Grimmsnarl|17/100
|-damage|p1a: Archaludon|90/100|[from] item: Life Orb
|
|upkeep
|turn|2
|inactive|tin19 has 30 seconds left.
|inactive|Reynordg has 30 seconds left.
|inactive|Reynordg has 20 seconds left.
|inactive|tin19 has 20 seconds left.
|inactive|Reynordg has 15 seconds left.
|inactive|tin19 has 15 seconds left.
|inactive|Reynordg has 10 seconds left.
|inactive|tin19 has 10 seconds left.
|inactive|tin19 has 5 seconds left.
|
|t:|1783572427
|switch|p1a: Swampert|Swampert, L50, M, shiny|100/100
|move|p2b: Grimmsnarl|Light Screen|p2b: Grimmsnarl
|-sidestart|p2: Reynordg|move: Light Screen
|move|p1b: Meowscarada|Flower Trick|p2b: Grimmsnarl
|-crit|p2b: Grimmsnarl
|-damage|p2b: Grimmsnarl|0 fnt
|faint|p2b: Grimmsnarl
|move|p2a: Metagross|Body Press|p1a: Swampert
|-damage|p1a: Swampert|66/100
|
|upkeep
|
|t:|1783572438
|switch|p2b: Sinistcha|Sinistcha, L50|100/100
|-heal|p2a: Metagross|94/100|[from] ability: Hospitality|[of] p2b: Sinistcha
|turn|3
|inactive|tin19 has 30 seconds left.
|inactive|Reynordg has 30 seconds left.
|
|t:|1783572467
|switch|p1a: Archaludon|Archaludon, L50, F, shiny|90/100
|move|p1b: Meowscarada|Protect|p1b: Meowscarada
|-singleturn|p1b: Meowscarada|Protect
|move|p2a: Metagross|Psychic Fangs|p1a: Archaludon
|-resisted|p1a: Archaludon|1
|-damage|p1a: Archaludon|65/100
|move|p2b: Sinistcha|Matcha Gotcha|p1b: Meowscarada|[spread] p1a
|-activate|p1b: Meowscarada|move: Protect
|-resisted|p1a: Archaludon|2
|-damage|p1a: Archaludon|60/100
|
|upkeep
|turn|4
|inactive|tin19 has 30 seconds left.
|
|t:|1783572498
|move|p1b: Meowscarada|Triple Axel|p2b: Sinistcha
|-supereffective|p2b: Sinistcha|1
|-damage|p2b: Sinistcha|92/100
|-supereffective|p2b: Sinistcha|1
|-damage|p2b: Sinistcha|77/100
|-supereffective|p2b: Sinistcha|1
|-damage|p2b: Sinistcha|55/100
|-hitcount|p2b: Sinistcha|3
|move|p2a: Metagross|Body Press|p1a: Archaludon
|-supereffective|p1a: Archaludon|1
|-damage|p1a: Archaludon|11/100
|move|p1a: Archaludon|Flash Cannon|p2b: Sinistcha
|-damage|p2b: Sinistcha|25/100
|-unboost|p2b: Sinistcha|spd|1
|-damage|p1a: Archaludon|1/100|[from] item: Life Orb
|move|p2b: Sinistcha|Matcha Gotcha|p1b: Meowscarada|[spread] p1a,p1b
|-resisted|p1a: Archaludon|2
|-damage|p1a: Archaludon|0 fnt
|-heal|p2b: Sinistcha|26/100|[from] drain|[of] p1a: Archaludon
|-damage|p1b: Meowscarada|0 fnt
|-heal|p2b: Sinistcha|26/100|[from] drain|[of] p1b: Meowscarada
|faint|p1a: Archaludon
|faint|p1b: Meowscarada
|
|upkeep
|inactive|tin19 has 30 seconds left.
|
|t:|1783572523
|switch|p1b: Floette|Floette-Eternal, L50, F|100/100
|switch|p1a: Swampert|Swampert, L50, M, shiny|66/100
|turn|5
|inactive|Reynordg has 30 seconds left.
|
|t:|1783572550
|detailschange|p1a: Swampert|Swampert-Mega, L50, M, shiny
|-mega|p1a: Swampert|Swampert|Swampertite
|move|p1b: Floette|Light of Ruin|p2b: Sinistcha|[miss]
|-miss|p1b: Floette|p2b: Sinistcha
|move|p2a: Metagross|Iron Head|p1b: Floette
|-supereffective|p1b: Floette|1
|-damage|p1b: Floette|0 fnt
|faint|p1b: Floette
|move|p1a: Swampert|High Horsepower|p2a: Metagross
|-supereffective|p2a: Metagross|1
|-crit|p2a: Metagross
|-damage|p2a: Metagross|0 fnt
|faint|p2a: Metagross
|move|p2b: Sinistcha|Matcha Gotcha|p1a: Swampert
|-supereffective|p1a: Swampert|2
|-damage|p1a: Swampert|0 fnt
|-heal|p2b: Sinistcha|63/100|[from] drain|[of] p1a: Swampert
|faint|p1a: Swampert
|
|win|Reynordg
