|j|☆ThisIsAnOutsider
|j|☆Doomnik
|html|ThisIsAnOutsiderDoomnik    
|uhtml|bestof|Game 3 of a best-of-3
|t:|1756311093
|gametype|doubles
|player|p1|ThisIsAnOutsider|101|1100
|player|p2|Doomnik|hiker-gen4|1046
|gen|9
|tier|[Gen 9] VGC 2025 Reg H (Bo3)
|rated|
|rule|Species Clause: Limit one of each Pokémon
|rule|Item Clause: Limit 1 of each item
|clearpoke
|poke|p1|Ninetales-Alola, L50, F|
|poke|p1|Rotom-Frost, L50|
|poke|p1|Rillaboom, L50, M|
|poke|p1|Tauros-Paldea-Aqua, L50, M|
|poke|p1|Vivillon-Tundra, L50, F|
|poke|p1|Annihilape, L50, M|
|poke|p2|Ninetales-Alola, L50, F|
|poke|p2|Ursaluna-Bloodmoon, L50, M|
|poke|p2|Maushold-Four, L50|
|poke|p2|Annihilape, L50, F|
|poke|p2|Klefki, L50, M|
|poke|p2|Sinistcha-Masterpiece, L50|
|teampreview|4
|showteam|p1|Ninetales-Alola||LightClay|SnowWarning|Blizzard,Moonblast,AuroraVeil,Protect|||F|||50|,,,,,Water]Rotom-Frost||LifeOrb|Levitate|Blizzard,Thunderbolt,Electroweb,Protect||||||50|,,,,,Electric]Rillaboom||AssaultVest|GrassySurge|WoodHammer,GrassyGlide,HighHorsepower,FakeOut|||M|||50|,,,,,Fire]Tauros-Paldea-Aqua||MirrorHerb|Intimidate|WaveCrash,AquaJet,CloseCombat,Protect|||M|||50|,,,,,Grass]Vivillon-Tundra||FocusSash|CompoundEyes|Hurricane,SleepPowder,Tailwind,Protect|||F|||50|,,,,,Ghost]Annihilape||SafetyGoggles|Defiant|RageFist,DrainPunch,BulkUp,Protect|||M|||50|,,,,,Fire
|showteam|p2|Ninetales-Alola||FocusSash|SnowWarning|Blizzard,FreezeDry,Encore,Protect|||F|||50|,,,,,Ghost]Ursaluna-Bloodmoon||AssaultVest|MindsEye|BloodMoon,EarthPower,HyperVoice,VacuumWave|||M|||50|,,,,,Water]Maushold-Four||SafetyGoggles|FriendGuard|BeatUp,Taunt,FollowMe,Protect||||||50|,,,,,Ghost]Annihilape||Leftovers|Defiant|DrainPunch,RageFist,BulkUp,Protect|||F|||50|,,,,,Fire]Klefki||LightClay|Prankster|DazzlingGleam,Reflect,LightScreen,MistyTerrain|||M|||50|,,,,,Ghost]Sinistcha-Masterpiece||SitrusBerry|Hospitality|MatchaGotcha,RagePowder,LifeDew,TrickRoom||||||50|,,,,,Water
|
|t:|1756311138
|teamsize|p1|4
|teamsize|p2|4
|start
|switch|p1a: Ninetales|Ninetales-Alola, L50, F, shiny|100/100
|switch|p1b: Tauros|Tauros-Paldea-Aqua, L50, M, shiny|100/100
|switch|p2a: Klefki|Klefki, L50, M|100/100
|switch|p2b: Ursaluna|Ursaluna-Bloodmoon, L50, M|100/100
|-weather|Snowscape|[from] ability: Snow Warning|[of] p1a: Ninetales
|-ability|p1b: Tauros|Intimidate|boost
|-unboost|p2a: Klefki|atk|1
|-unboost|p2b: Ursaluna|atk|1
|turn|1
|
|t:|1756311157
|-terastallize|p2b: Ursaluna|Water
|move|p2a: Klefki|Reflect|p2a: Klefki
|-sidestart|p2: Doomnik|Reflect
|move|p1a: Ninetales|Aurora Veil|p1a: Ninetales
|-sidestart|p1: ThisIsAnOutsider|move: Aurora Veil
|move|p1b: Tauros|Wave Crash|p2b: Ursaluna
|-resisted|p2b: Ursaluna
|-damage|p2b: Ursaluna|88/100
|-damage|p1b: Tauros|95/100|[from] Recoil
|move|p2b: Ursaluna|Blood Moon|p1b: Tauros
|-damage|p1b: Tauros|17/100
|
|-weather|Snowscape|[upkeep]
|upkeep
|turn|2
|
|t:|1756311172
|switch|p1b: Annihilape|Annihilape, L50, M, shiny|100/100
|move|p2a: Klefki|Light Screen|p2a: Klefki
|-sidestart|p2: Doomnik|move: Light Screen
|move|p1a: Ninetales|Moonblast|p2b: Ursaluna
|-damage|p2b: Ursaluna|76/100
|-unboost|p2b: Ursaluna|spa|1
|move|p2b: Ursaluna|Hyper Voice|p1b: Annihilape|[spread] p1a,p1b
|-damage|p1a: Ninetales|83/100
|-damage|p1b: Annihilape|88/100
|
|-weather|Snowscape|[upkeep]
|upkeep
|turn|3
|
|t:|1756311191
|move|p1a: Ninetales|Blizzard|p2b: Ursaluna|[spread] p2a,p2b
|-resisted|p2a: Klefki
|-resisted|p2b: Ursaluna
|-damage|p2a: Klefki|90/100
|-damage|p2b: Ursaluna|70/100
|move|p1b: Annihilape|Bulk Up|p1b: Annihilape
|-boost|p1b: Annihilape|atk|1
|-boost|p1b: Annihilape|def|1
|move|p2a: Klefki|Dazzling Gleam|p1a: Ninetales|[spread] p1a,p1b
|-crit|p1a: Ninetales
|-supereffective|p1b: Annihilape
|-damage|p1a: Ninetales|52/100
|-damage|p1b: Annihilape|68/100
|move|p2b: Ursaluna|Blood Moon|p1b: Annihilape
|-damage|p1b: Annihilape|42/100
|
|-weather|Snowscape|[upkeep]
|upkeep
|turn|4
|
|t:|1756311214
|switch|p2b: Sinistcha|Sinistcha-Masterpiece, L50|100/100
|-heal|p2a: Klefki|100/100|[from] ability: Hospitality|[of] p2b: Sinistcha
|move|p1a: Ninetales|Blizzard|p2b: Sinistcha|[spread] p2a,p2b
|-resisted|p2a: Klefki
|-supereffective|p2b: Sinistcha
|-damage|p2a: Klefki|90/100
|-damage|p2b: Sinistcha|67/100
|move|p1b: Annihilape|Drain Punch|p2b: Sinistcha
|-immune|p2b: Sinistcha
|move|p2a: Klefki|Dazzling Gleam|p1a: Ninetales|[spread] p1a,p1b
|-supereffective|p1b: Annihilape
|-damage|p1a: Ninetales|39/100
|-damage|p1b: Annihilape|23/100
|
|-weather|Snowscape|[upkeep]
|upkeep
|turn|5
|
|t:|1756311228
|-terastallize|p1b: Annihilape|Fire
|move|p1a: Ninetales|Blizzard|p2b: Sinistcha|[spread] p2a,p2b
|-resisted|p2a: Klefki
|-supereffective|p2b: Sinistcha
|-damage|p2a: Klefki|80/100
|-damage|p2b: Sinistcha|35/100
|-enditem|p2b: Sinistcha|Sitrus Berry|[eat]
|-heal|p2b: Sinistcha|59/100|[from] item: Sitrus Berry
|move|p1b: Annihilape|Drain Punch|p2a: Klefki
|-damage|p2a: Klefki|56/100
|-heal|p1b: Annihilape|33/100|[from] drain|[of] p2a: Klefki
|move|p2a: Klefki|Dazzling Gleam|p1b: Annihilape|[spread] p1a,p1b
|-resisted|p1b: Annihilape
|-crit|p1b: Annihilape
|-damage|p1a: Ninetales|25/100
|-damage|p1b: Annihilape|22/100
|move|p2b: Sinistcha|Trick Room|p2b: Sinistcha
|-fieldstart|move: Trick Room|[of] p2b: Sinistcha
|
|-weather|none
|upkeep
|turn|6
|
|t:|1756311249
|move|p2b: Sinistcha|Matcha Gotcha|p1b: Annihilape|[spread] p1a,p1b
|-resisted|p1b: Annihilape
|-damage|p1a: Ninetales|6/100
|-heal|p2b: Sinistcha|68/100|[from] drain|[of] p1a: Ninetales
|-damage|p1b: Annihilape|15/100
|-heal|p2b: Sinistcha|72/100|[from] drain|[of] p1b: Annihilape
|move|p2a: Klefki|Dazzling Gleam|p1a: Ninetales|[spread] p1a,p1b
|-resisted|p1b: Annihilape
|-damage|p1a: Ninetales|0 fnt
|-damage|p1b: Annihilape|10/100
|faint|p1a: Ninetales
|move|p1b: Annihilape|Rage Fist|p2b: Sinistcha
|-supereffective|p2b: Sinistcha
|-damage|p2b: Sinistcha|0 fnt
|faint|p2b: Sinistcha
|
|upkeep
|
|t:|1756311267
|switch|p2b: Ursaluna|Ursaluna-Bloodmoon, L50, M, tera:Water|70/100
|switch|p1a: Vivillon|Vivillon-Tundra, L50, F, shiny|100/100
|turn|7
|
|t:|1756311276
|move|p1b: Annihilape|Protect|p1b: Annihilape
|-singleturn|p1b: Annihilape|Protect
|move|p2a: Klefki|Misty Terrain|p2a: Klefki
|-fieldstart|move: Misty Terrain
|move|p2b: Ursaluna|Hyper Voice|p1b: Annihilape|[spread] p1a
|-activate|p1b: Annihilape|move: Protect
|-damage|p1a: Vivillon|50/100
|move|p1a: Vivillon|Sleep Powder|p2b: Ursaluna
|-activate|p2b: Ursaluna|move: Misty Terrain
|
|upkeep
|turn|8
|
|t:|1756311289
|move|p2b: Ursaluna|Hyper Voice|p1a: Vivillon|[spread] p1a,p1b
|-damage|p1a: Vivillon|1/100
|-damage|p1b: Annihilape|0 fnt
|faint|p1b: Annihilape
|move|p2a: Klefki|Dazzling Gleam|p1a: Vivillon
|-damage|p1a: Vivillon|0 fnt
|faint|p1a: Vivillon
|
|-sideend|p2: Doomnik|Reflect
|-sideend|p1: ThisIsAnOutsider|move: Aurora Veil
|upkeep
|
|t:|1756311301
|switch|p1b: Tauros|Tauros-Paldea-Aqua, L50, M, shiny|17/100
|-ability|p1b: Tauros|Intimidate|boost
|-unboost|p2a: Klefki|atk|1
|-unboost|p2b: Ursaluna|atk|1
|turn|9
|-message|ThisIsAnOutsider forfeited.
|
|win|Doomnik
|raw|ThisIsAnOutsider's rating: 1100 → 1071(-29 for losing)
|raw|Doomnik's rating: 1046 → 1084(+38 for winning)
|l|☆ThisIsAnOutsider
|player|p1|
