|j|☆meloettafan987
|j|☆Ceylon don
|html|meloettafan987Ceylon don    
|uhtml|bestof|Game 2 of a best-of-3
|t:|1785626412
|gametype|doubles
|player|p1|meloettafan987|101|
|player|p2|Ceylon don|102|
|gen|9
|tier|[Gen 9 Champions] VGC 2026 Reg M-B (Bo3)
|rule|Species Clause: Limit one of each Pokémon
|rule|Item Clause: Limit 1 of each item
|clearpoke
|poke|p1|Scrafty, L50, M|
|poke|p1|Mawile, L50, F|
|poke|p1|Farigiraf, L50, F|
|poke|p1|Torkoal, L50, F|
|poke|p1|Oranguru, L50, M|
|poke|p1|Vileplume, L50, F|
|poke|p2|Excadrill, L50, M|
|poke|p2|Tyranitar, L50, F|
|poke|p2|Sinistcha, L50|
|poke|p2|Milotic, L50, F|
|poke|p2|Gholdengo, L50|
|poke|p2|Staraptor, L50, F|
|teampreview|4
|showteam|p1|Scrafty||Scraftinite|Intimidate|CloseCombat,KnockOff,RockSlide,FakeOut|Adamant||M|||50|]Mawile||Mawilite|HyperCutter|PlayRough,SuckerPunch,IronHead,Protect|Adamant||F|||50|]Farigiraf||ColburBerry|ArmorTail|Thunderbolt,HelpingHand,Psychic,TrickRoom|Quiet||F|||50|]Torkoal||Charcoal|Drought|Eruption,HeatWave,EarthPower,Protect|Modest||F|||50|]Oranguru||SitrusBerry|InnerFocus|EnergyBall,Thunderbolt,TrickRoom,Instruct|Quiet||M|||50|]Vileplume||FocusSash|Chlorophyll|AfterYou,SludgeBomb,SolarBeam,SleepPowder|Modest||F|||50|
|showteam|p2|Excadrill||FocusSash|SandRush|HighHorsepower,Protect,RockSlide,IronHead|Docile||M|||50|]Tyranitar||Tyranitarite|SandStream|KnockOff,LowKick,Protect,RockSlide|Adamant||F|||50|]Sinistcha||SitrusBerry|Hospitality|MatchaGotcha,RagePowder,TrickRoom,Protect|Relaxed|||||50|]Milotic||Leftovers|Competitive|Scald,IceBeam,IcyWind,Protect|Modest||F|||50|]Gholdengo||LifeOrb|GoodasGold|MakeItRain,NastyPlot,ShadowBall,Protect|Modest|||||50|]Staraptor||Staraptite|Intimidate|BraveBird,CloseCombat,Tailwind,Protect|Jolly||F|||50|
|inactive|Battle timer is ON: inactive players will automatically lose when time's up. (requested by Ceylon don)
|
|t:|1785626469
|teamsize|p1|4
|teamsize|p2|4
|start
|switch|p1a: Oranguru|Oranguru, L50, M|100/100
|switch|p1b: Mawile|Mawile, L50, F|100/100
|switch|p2a: Tyranitar|Tyranitar, L50, F|100/100
|switch|p2b: Excadrill|Excadrill, L50, M|100/100
|-weather|Sandstorm|[from] ability: Sand Stream|[of] p2a: Tyranitar
|turn|1
|inactive|meloettafan987 has 30 seconds left.
|
|t:|1785626500
|detailschange|p1b: Mawile|Mawile-Mega, L50, F
|-mega|p1b: Mawile|Mawile|Mawilite
|move|p2b: Excadrill|Iron Head|p1a: Oranguru
|-damage|p1a: Oranguru|58/100
|move|p2a: Tyranitar|Knock Off|p1a: Oranguru
|-supereffective|p1a: Oranguru|1
|-damage|p1a: Oranguru|0 fnt
|-enditem|p1a: Oranguru|Sitrus Berry|[from] move: Knock Off|[of] p2a: Tyranitar
|faint|p1a: Oranguru
|move|p1b: Mawile|Iron Head|p2a: Tyranitar
|-supereffective|p2a: Tyranitar|1
|-damage|p2a: Tyranitar|0 fnt
|faint|p2a: Tyranitar
|
|-weather|Sandstorm|[upkeep]
|upkeep
|
|t:|1785626517
|switch|p2a: Staraptor|Staraptor, L50, F|100/100
|switch|p1a: Torkoal|Torkoal, L50, F|100/100
|-ability|p2a: Staraptor|Intimidate|boost
|-unboost|p1a: Torkoal|atk|1
|-unboost|p1b: Mawile|atk|1
|-weather|SunnyDay|[from] ability: Drought|[of] p1a: Torkoal
|turn|2
|inactive|meloettafan987 has 30 seconds left.
|
|t:|1785626547
|detailschange|p2a: Staraptor|Staraptor-Mega, L50, F
|-mega|p2a: Staraptor|Staraptor|Staraptite
|move|p1a: Torkoal|Protect|p1a: Torkoal
|-singleturn|p1a: Torkoal|Protect
|move|p1b: Mawile|Sucker Punch|p2b: Excadrill
|-damage|p2b: Excadrill|58/100
|move|p2a: Staraptor|Close Combat|p1a: Torkoal
|-activate|p1a: Torkoal|move: Protect
|move|p2b: Excadrill|High Horsepower|p1b: Mawile
|-supereffective|p1b: Mawile|1
|-crit|p1b: Mawile
|-damage|p1b: Mawile|0 fnt
|faint|p1b: Mawile
|
|-weather|SunnyDay|[upkeep]
|upkeep
|
|t:|1785626560
|switch|p1b: Vileplume|Vileplume, L50, F|100/100
|turn|3
|inactive|meloettafan987 has 30 seconds left.
|
|t:|1785626592
|move|p2a: Staraptor|Protect|p2a: Staraptor
|-singleturn|p2a: Staraptor|Protect
|move|p1b: Vileplume|Sleep Powder|p2a: Staraptor
|-activate|p2a: Staraptor|move: Protect
|move|p2b: Excadrill|High Horsepower|p1a: Torkoal
|-supereffective|p1a: Torkoal|1
|-damage|p1a: Torkoal|35/100
|move|p1a: Torkoal|Eruption|p2b: Excadrill|[spread] p2b
|-activate|p2a: Staraptor|move: Protect
|-supereffective|p2b: Excadrill|1
|-damage|p2b: Excadrill|0 fnt
|faint|p2b: Excadrill
|
|-weather|SunnyDay|[upkeep]
|upkeep
|
|t:|1785626609
|switch|p2b: Milotic|Milotic, L50, F|100/100
|turn|4
|inactive|meloettafan987 has 30 seconds left.
|inactive|Ceylon don has 30 seconds left.
|inactive|Ceylon don has 20 seconds left.
|
|t:|1785626644
|move|p1a: Torkoal|Protect|p1a: Torkoal
|-singleturn|p1a: Torkoal|Protect
|move|p1b: Vileplume|Sleep Powder|p2a: Staraptor
|-status|p2a: Staraptor|slp|[from] move: Sleep Powder
|cant|p2a: Staraptor|slp
|move|p2b: Milotic|Icy Wind|p1a: Torkoal|[spread] p1b
|-activate|p1a: Torkoal|move: Protect
|-supereffective|p1b: Vileplume|1
|-damage|p1b: Vileplume|73/100
|-unboost|p1b: Vileplume|spe|1
|
|-weather|SunnyDay|[upkeep]
|upkeep
|turn|5
|inactive|Ceylon don has 30 seconds left.
|inactive|meloettafan987 has 30 seconds left.
|
|t:|1785626682
|cant|p2a: Staraptor|slp
|move|p1b: Vileplume|Solar Beam||[still]
|-prepare|p1b: Vileplume|Solar Beam
|-anim|p1b: Vileplume|Solar Beam|p2b: Milotic
|-supereffective|p2b: Milotic|1
|-damage|p2b: Milotic|0 fnt
|faint|p2b: Milotic
|move|p1a: Torkoal|Heat Wave|p2a: Staraptor
|-damage|p2a: Staraptor|8/100 slp
|
|-weather|SunnyDay|[upkeep]
|upkeep
|turn|6
|inactive|meloettafan987 has 30 seconds left.
|
|t:|1785626708
|-curestatus|p2a: Staraptor|slp|[msg]
|move|p2a: Staraptor|Brave Bird|p1a: Torkoal
|-damage|p1a: Torkoal|0 fnt
|faint|p1a: Torkoal
|-damage|p2a: Staraptor|0 fnt|[from] Recoil
|faint|p2a: Staraptor
|
|win|meloettafan987
