|j|☆Beeetch
|j|☆rorain fearow
|html|Beeetchrorain fearow    
|uhtml|bestof|Game 3 of a best-of-3
|t:|1756860118
|gametype|doubles
|player|p1|Beeetch|beauty-gen4dp|1258
|player|p2|rorain fearow|birdkeeper|1230
|gen|9
|tier|[Gen 9] VGC 2025 Reg H (Bo3)
|rated|
|rule|Species Clause: Limit one of each Pokémon
|rule|Item Clause: Limit 1 of each item
|clearpoke
|poke|p1|Excadrill, L50, F|
|poke|p1|Tyranitar, L50, F|
|poke|p1|Sneasler, L50, F|
|poke|p1|Indeedee, L50, M|
|poke|p1|Corviknight, L50, F|
|poke|p1|Annihilape, L50, M|
|poke|p2|Gholdengo, L50|
|poke|p2|Conkeldurr, L50, M|
|poke|p2|Porygon2, L50|
|poke|p2|Milotic, L50, M|
|poke|p2|Amoonguss, L50, M|
|poke|p2|Incineroar, L50, F|
|teampreview|4
|showteam|p1|Excadrill||FocusSash|SandRush|IronHead,HighHorsepower,Earthquake,Protect|||F|||50|,,,,,Stellar]Tyranitar||AssaultVest|SandStream|RockSlide,KnockOff,TeraBlast,LowKick|||F|||50|,,,,,Flying]Sneasler||PsychicSeed|Unburden|DireClaw,CloseCombat,ThroatChop,Protect|||F|||50|,,,,,Dark]Indeedee||ChoiceScarf|PsychicSurge|ExpandingForce,TeraBlast,Protect,Trick|||M|||50|,,,,,Psychic]Corviknight||Leftovers|MirrorArmor|BraveBird,BulkUp,Roost,Tailwind|||F|||50|,,,,,Dragon]Annihilape||SafetyGoggles|Defiant|CloseCombat,FinalGambit,RageFist,Taunt|||M|||50|,,,,,Water
|showteam|p2|Gholdengo||MetalCoat|GoodasGold|MakeItRain,ShadowBall,NastyPlot,Protect||||||50|,,,,,Water]Conkeldurr||AssaultVest|Guts|HammerArm,MachPunch,KnockOff,IcePunch|||M|||50|,,,,,Dark]Porygon2||Eviolite|Download|IceBeam,TeraBlast,Recover,TrickRoom||||||50|,,,,,Flying]Milotic||MysticWater|Competitive|MuddyWater,Scald,Haze,Protect|||M|||50|,,,,,Grass]Amoonguss||SitrusBerry|Regenerator|Spore,SludgeBomb,RagePowder,Protect|||M|||50|,,,,,Water]Incineroar||MirrorHerb|Intimidate|FlareBlitz,KnockOff,Uturn,FakeOut|||F|||50|,,,,,Poison
|
|t:|1756860171
|teamsize|p1|4
|teamsize|p2|4
|start
|switch|p1a: Annihilape|Annihilape, L50, M|100/100
|switch|p1b: Corviknight|Corviknight, L50, F|100/100
|switch|p2a: Gholdengo|Gholdengo, L50|100/100
|switch|p2b: Porygon2|Porygon2, L50|100/100
|-ability|p2b: Porygon2|Download|boost
|-boost|p2b: Porygon2|atk|1
|turn|1
|
|t:|1756860202
|-terastallize|p1a: Annihilape|Water
|move|p1a: Annihilape|Taunt|p2b: Porygon2
|-start|p2b: Porygon2|move: Taunt
|move|p2a: Gholdengo|Shadow Ball|p1a: Annihilape
|-damage|p1a: Annihilape|67/100
|move|p1b: Corviknight|Bulk Up|p1b: Corviknight
|-boost|p1b: Corviknight|atk|1
|-boost|p1b: Corviknight|def|1
|move|p2b: Porygon2|Tera Blast|p1a: Annihilape
|-damage|p1a: Annihilape|30/100
|
|upkeep
|turn|2
|
|t:|1756860223
|move|p2a: Gholdengo|Protect|p2a: Gholdengo
|-singleturn|p2a: Gholdengo|Protect
|move|p1a: Annihilape|Rage Fist|p2a: Gholdengo
|-activate|p2a: Gholdengo|move: Protect
|move|p1b: Corviknight|Brave Bird|p2b: Porygon2
|-damage|p2b: Porygon2|58/100
|-damage|p1b: Corviknight|87/100|[from] Recoil
|move|p2b: Porygon2|Tera Blast|p1a: Annihilape
|-damage|p1a: Annihilape|0 fnt
|faint|p1a: Annihilape
|
|-heal|p1b: Corviknight|93/100|[from] item: Leftovers
|upkeep
|
|t:|1756860234
|switch|p1a: Tyranitar|Tyranitar, L50, F, shiny|100/100
|-weather|Sandstorm|[from] ability: Sand Stream|[of] p1a: Tyranitar
|turn|3
|
|t:|1756860257
|switch|p2b: Milotic|Milotic, L50, M|100/100
|move|p2a: Gholdengo|Make It Rain|p1b: Corviknight|[spread] p1a,p1b
|-supereffective|p1a: Tyranitar
|-resisted|p1b: Corviknight
|-damage|p1a: Tyranitar|58/100
|-damage|p1b: Corviknight|68/100
|-unboost|p2a: Gholdengo|spa|1
|move|p1a: Tyranitar|Knock Off|p2a: Gholdengo
|-supereffective|p2a: Gholdengo
|-damage|p2a: Gholdengo|0 fnt
|-enditem|p2a: Gholdengo|Metal Coat|[from] move: Knock Off|[of] p1a: Tyranitar
|faint|p2a: Gholdengo
|move|p1b: Corviknight|Brave Bird|p2b: Milotic
|-damage|p2b: Milotic|32/100
|-damage|p1b: Corviknight|45/100|[from] Recoil
|
|-weather|Sandstorm|[upkeep]
|-damage|p2b: Milotic|26/100|[from] Sandstorm
|-heal|p1b: Corviknight|51/100|[from] item: Leftovers
|upkeep
|
|t:|1756860279
|switch|p2a: Porygon2|Porygon2, L50|58/100
|-ability|p2a: Porygon2|Download|boost
|-boost|p2a: Porygon2|spa|1
|turn|4
|
|t:|1756860287
|move|p2b: Milotic|Muddy Water|p1b: Corviknight|[spread] p1a,p1b
|-supereffective|p1a: Tyranitar
|-damage|p1a: Tyranitar|32/100
|-damage|p1b: Corviknight|21/100
|-unboost|p1a: Tyranitar|accuracy|1
|move|p1a: Tyranitar|Rock Slide|p2b: Milotic|[spread] p2b
|-miss|p1a: Tyranitar|p2a: Porygon2
|-damage|p2b: Milotic|0 fnt
|faint|p2b: Milotic
|move|p1b: Corviknight|Brave Bird|p2a: Porygon2
|-damage|p2a: Porygon2|12/100
|-damage|p1b: Corviknight|6/100|[from] Recoil
|move|p2a: Porygon2|Trick Room|p2a: Porygon2
|-fieldstart|move: Trick Room|[of] p2a: Porygon2
|
|-weather|Sandstorm|[upkeep]
|-damage|p2a: Porygon2|6/100|[from] Sandstorm
|-heal|p1b: Corviknight|12/100|[from] item: Leftovers
|upkeep
|
|t:|1756860299
|switch|p2b: Conkeldurr|Conkeldurr, L50, M|100/100
|turn|5
|
|t:|1756860310
|switch|p1a: Indeedee|Indeedee, L50, M, shiny|100/100
|-fieldstart|move: Psychic Terrain|[from] ability: Psychic Surge|[of] p1a: Indeedee
|move|p2b: Conkeldurr|Hammer Arm|p1b: Corviknight
|-damage|p1b: Corviknight|0 fnt
|-unboost|p2b: Conkeldurr|spe|1
|faint|p1b: Corviknight
|move|p2a: Porygon2|Recover|p2a: Porygon2
|-heal|p2a: Porygon2|56/100
|
|-weather|Sandstorm|[upkeep]
|-damage|p2b: Conkeldurr|94/100|[from] Sandstorm
|-damage|p2a: Porygon2|50/100|[from] Sandstorm
|-damage|p1a: Indeedee|95/100|[from] Sandstorm
|upkeep
|
|t:|1756860322
|switch|p1b: Tyranitar|Tyranitar, L50, F, shiny|32/100
|turn|6
|
|t:|1756860333
|move|p2b: Conkeldurr|Knock Off|p1a: Indeedee
|-supereffective|p1a: Indeedee
|-damage|p1a: Indeedee|0 fnt
|-enditem|p1a: Indeedee|Choice Scarf|[from] move: Knock Off|[of] p2b: Conkeldurr
|faint|p1a: Indeedee
|move|p2a: Porygon2|Tera Blast|p1b: Tyranitar
|-resisted|p1b: Tyranitar
|-damage|p1b: Tyranitar|20/100
|move|p1b: Tyranitar|Low Kick|p2a: Porygon2
|-supereffective|p2a: Porygon2
|-damage|p2a: Porygon2|20/100
|
|-weather|Sandstorm|[upkeep]
|-damage|p2b: Conkeldurr|88/100|[from] Sandstorm
|-damage|p2a: Porygon2|14/100|[from] Sandstorm
|upkeep
|turn|7
|
|t:|1756860342
|move|p2b: Conkeldurr|Mach Punch|p1b: Tyranitar
|-activate|p1b: Tyranitar|move: Psychic Terrain
|move|p2a: Porygon2|Ice Beam|p1b: Tyranitar
|-damage|p1b: Tyranitar|1/100
|move|p1b: Tyranitar|Rock Slide|p2b: Conkeldurr|[spread] p2a,p2b
|-resisted|p2b: Conkeldurr
|-damage|p2a: Porygon2|0 fnt
|-damage|p2b: Conkeldurr|74/100
|faint|p2a: Porygon2
|
|-weather|none
|upkeep
|turn|8
|
|t:|1756860364
|move|p2b: Conkeldurr|Hammer Arm|p1b: Tyranitar
|-supereffective|p1b: Tyranitar
|-damage|p1b: Tyranitar|0 fnt
|-unboost|p2b: Conkeldurr|spe|1
|faint|p1b: Tyranitar
|
|win|rorain fearow
|raw|Beeetch's rating: 1258 → 1231(-27 for losing)
|raw|rorain fearow's rating: 1230 → 1257(+27 for winning)
