|j|☆LeonardPlayz
|j|☆sturmkitten69
|html|LeonardPlayzsturmkitten69    
|uhtml|bestof|Game 1 of a best-of-3
|t:|1783664484
|gametype|doubles
|player|p1|LeonardPlayz|hilbert-wonderlauncher|1138
|player|p2|sturmkitten69|fisherman-gen4|1051
|gen|9
|tier|[Gen 9 Champions] VGC 2026 Reg M-B (Bo3)
|rated|
|rule|Species Clause: Limit one of each Pokémon
|rule|Item Clause: Limit 1 of each item
|clearpoke
|poke|p1|Froslass, L50, F|
|poke|p1|Excadrill, L50, F|
|poke|p1|Kleavor, L50, M|
|poke|p1|Vivillon, L50, F|
|poke|p1|Incineroar, L50, F|
|poke|p1|Maushold-Four, L50|
|poke|p2|Gengar, L50, M|
|poke|p2|Aerodactyl, L50, F|
|poke|p2|Meganium, L50, M|
|poke|p2|Politoed, L50, M|
|poke|p2|Archaludon, L50, F|
|poke|p2|Sableye, L50, F|
|teampreview|4
|showteam|p1|Froslass||Froslassite|CursedBody|NastyPlot,Blizzard,ShadowBall,Protect|Timid||F|||50|]Excadrill||Excadrite|MoldBreaker|IronHead,HighHorsepower,RockSlide,Protect|Jolly||F|||50|]Kleavor||WhiteHerb|Sharpness|StoneAxe,XScissor,CloseCombat,Protect|Adamant||M|||50|]Vivillon||FocusSash|CompoundEyes|Tailwind,Hurricane,SleepPowder,Protect|Timid||F|||50|]Incineroar||SitrusBerry|Intimidate|FakeOut,ThroatChop,FlareBlitz,PartingShot|Careful||F|||50|]Maushold-Four||WideLens|Technician|FollowMe,PopulationBomb,Taunt,Protect|Jolly|||||50|
|showteam|p2|Gengar||Gengarite|CursedBody|ShadowBall,PerishSong,Taunt,Protect|Timid||M|||50|]Aerodactyl||FocusSash|Unnerve|Tailwind,Protect,RockSlide,IceFang|Jolly||F|||50|]Meganium||Meganiumite|LeafGuard|WeatherBall,SolarBeam,DazzlingGleam,Protect|Modest||M|||50|]Politoed||SitrusBerry|Drizzle|Protect,WeatherBall,PerishSong,Surf|Bold||M|||50|]Archaludon||Leftovers|Stamina|ElectroShot,DragonPulse,AuraSphere,Protect|Calm||F|||50|]Sableye||LightClay|Prankster|LightScreen,Reflect,RainDance,Encore|Calm||F|||50|
|inactive|Battle timer is ON: inactive players will automatically lose when time's up. (requested by LeonardPlayz)
|inactive|sturmkitten69 has 60 seconds left.
|
|t:|1783664539
|teamsize|p1|4
|teamsize|p2|4
|start
|switch|p1a: Tom|Incineroar, L50, F|100/100
|switch|p1b: Vivillon|Vivillon, L50, F|100/100
|switch|p2a: Aerodactyl|Aerodactyl, L50, F|100/100
|switch|p2b: Sableye|Sableye, L50, F|100/100
|-ability|p2a: Aerodactyl|Unnerve
|-ability|p1a: Tom|Intimidate|boost
|-unboost|p2a: Aerodactyl|atk|1
|-unboost|p2b: Sableye|atk|1
|turn|1
|
|t:|1783664555
|move|p2a: Aerodactyl|Protect|p2a: Aerodactyl
|-singleturn|p2a: Aerodactyl|Protect
|move|p1a: Tom|Fake Out|p2a: Aerodactyl
|-activate|p2a: Aerodactyl|move: Protect
|move|p2b: Sableye|Reflect|p2b: Sableye
|-sidestart|p2: sturmkitten69|Reflect
|move|p1b: Vivillon|Tailwind|p1b: Vivillon
|-sidestart|p1: LeonardPlayz|move: Tailwind
|
|upkeep
|turn|2
|
|t:|1783664577
|move|p1b: Vivillon|Protect|p1b: Vivillon
|-singleturn|p1b: Vivillon|Protect
|move|p2b: Sableye|Encore|p1b: Vivillon
|-activate|p1b: Vivillon|move: Protect
|move|p2a: Aerodactyl|Tailwind|p2a: Aerodactyl
|-sidestart|p2: sturmkitten69|move: Tailwind
|move|p1a: Tom|Parting Shot|p2a: Aerodactyl
|-unboost|p2a: Aerodactyl|atk|1
|-unboost|p2a: Aerodactyl|spa|1
|
|t:|1783664589
|switch|p1a: Excadrill|Excadrill, L50, F|100/100|[from] Parting Shot
|-ability|p1a: Excadrill|Mold Breaker
|
|upkeep
|turn|3
|inactive|sturmkitten69 has 30 seconds left.
|inactive|sturmkitten69 has 20 seconds left.
|
|t:|1783664625
|switch|p1b: Tom|Incineroar, L50, F|100/100
|-ability|p1b: Tom|Intimidate|boost
|-unboost|p2a: Aerodactyl|atk|1
|-unboost|p2b: Sableye|atk|1
|move|p2b: Sableye|Rain Dance|p2b: Sableye
|-weather|RainDance
|move|p2a: Aerodactyl|Rock Slide|p1a: Excadrill|[spread] p1a,p1b
|-resisted|p1a: Excadrill|2
|-supereffective|p1b: Tom|1
|-damage|p1a: Excadrill|96/100
|-damage|p1b: Tom|81/100
|move|p1a: Excadrill|Rock Slide|p2b: Sableye|[spread] p2a,p2b
|-supereffective|p2a: Aerodactyl|1
|-crit|p2b: Sableye
|-damage|p2a: Aerodactyl|55/100
|-damage|p2b: Sableye|61/100
|
|-weather|RainDance|[upkeep]
|upkeep
|turn|4
|inactive|sturmkitten69 has 30 seconds left.
|inactive|sturmkitten69 has 20 seconds left.
|
|t:|1783664661
|switch|p2a: Meganium|Meganium, L50, M|100/100
|move|p2b: Sableye|Light Screen|p2b: Sableye
|-sidestart|p2: sturmkitten69|move: Light Screen
|move|p1a: Excadrill|High Horsepower|p2b: Sableye
|-damage|p2b: Sableye|13/100
|move|p1b: Tom|Parting Shot|p2b: Sableye
|-unboost|p2b: Sableye|atk|1
|-unboost|p2b: Sableye|spa|1
|
|t:|1783664672
|switch|p1b: Vivillon|Vivillon, L50, F|100/100|[from] Parting Shot
|
|-weather|RainDance|[upkeep]
|-sideend|p1: LeonardPlayz|move: Tailwind
|upkeep
|turn|5
|
|t:|1783664687
|detailschange|p2a: Meganium|Meganium-Mega, L50, M
|-mega|p2a: Meganium|Meganium|Meganiumite
|move|p1a: Excadrill|Protect|p1a: Excadrill
|-singleturn|p1a: Excadrill|Protect
|move|p2b: Sableye|Encore|p1a: Excadrill
|-activate|p1a: Excadrill|move: Protect
|move|p2a: Meganium|Weather Ball|p1a: Excadrill
|-activate|p1a: Excadrill|move: Protect
|move|p1b: Vivillon|Hurricane|p2b: Sableye
|-damage|p2b: Sableye|0 fnt
|faint|p2b: Sableye
|
|-weather|RainDance|[upkeep]
|-sideend|p2: sturmkitten69|move: Tailwind
|upkeep
|
|t:|1783664699
|switch|p2b: Aerodactyl|Aerodactyl, L50, F|55/100
|-ability|p2b: Aerodactyl|Unnerve
|turn|6
|
|t:|1783664712
|switch|p1a: Tom|Incineroar, L50, F|81/100
|-ability|p1a: Tom|Intimidate|boost
|-unboost|p2a: Meganium|atk|1
|-unboost|p2b: Aerodactyl|atk|1
|move|p2b: Aerodactyl|Tailwind|p2b: Aerodactyl
|-sidestart|p2: sturmkitten69|move: Tailwind
|move|p2a: Meganium|Dazzling Gleam|p1a: Tom|[spread] p1a,p1b
|-damage|p1a: Tom|58/100
|-damage|p1b: Vivillon|35/100
|move|p1b: Vivillon|Sleep Powder|p2b: Aerodactyl
|-status|p2b: Aerodactyl|slp|[from] move: Sleep Powder
|
|-weather|RainDance|[upkeep]
|upkeep
|turn|7
|
|t:|1783664727
|move|p1a: Tom|Fake Out|p2a: Meganium
|-damage|p2a: Meganium|94/100
|cant|p2b: Aerodactyl|slp
|cant|p2a: Meganium|flinch
|move|p1b: Vivillon|Tailwind|p1b: Vivillon
|-sidestart|p1: LeonardPlayz|move: Tailwind
|
|-weather|none
|upkeep
|turn|8
|
|t:|1783664742
|switch|p2b: Politoed|Politoed, L50, M|100/100
|-weather|RainDance|[from] ability: Drizzle|[of] p2b: Politoed
|move|p1b: Vivillon|Hurricane|p2a: Meganium
|-supereffective|p2a: Meganium|1
|-damage|p2a: Meganium|48/100
|move|p2a: Meganium|Dazzling Gleam|p1b: Vivillon|[spread] p1a,p1b
|-damage|p1a: Tom|31/100
|-damage|p1b: Vivillon|0 fnt
|-enditem|p1a: Tom|Sitrus Berry|[eat]
|-heal|p1a: Tom|56/100|[from] item: Sitrus Berry
|faint|p1b: Vivillon
|move|p1a: Tom|Flare Blitz|p2a: Meganium
|-supereffective|p2a: Meganium|1
|-damage|p2a: Meganium|22/100
|-damage|p1a: Tom|48/100|[from] Recoil
|
|-weather|RainDance|[upkeep]
|-sideend|p2: sturmkitten69|Reflect
|upkeep
|
|t:|1783664752
|switch|p1b: Froslass|Froslass, L50, F|100/100
|turn|9
|
|t:|1783664768
|switch|p2b: Aerodactyl|Aerodactyl, L50, F|55/100 slp
|-ability|p2b: Aerodactyl|Unnerve
|detailschange|p1b: Froslass|Froslass-Mega, L50, F
|-mega|p1b: Froslass|Froslass|Froslassite
|-weather|Snowscape|[from] ability: Snow Warning|[of] p1b: Froslass
|move|p2a: Meganium|Protect|p2a: Meganium
|-singleturn|p2a: Meganium|Protect
|move|p1b: Froslass|Blizzard|p2b: Aerodactyl|[spread] p2b
|-activate|p2a: Meganium|move: Protect
|-supereffective|p2b: Aerodactyl|1
|-damage|p2b: Aerodactyl|0 fnt
|faint|p2b: Aerodactyl
|move|p1a: Tom|Throat Chop|p2a: Meganium
|-activate|p2a: Meganium|move: Protect
|
|-weather|Snowscape|[upkeep]
|-sideend|p2: sturmkitten69|move: Tailwind
|upkeep
|
|t:|1783664783
|switch|p2b: Politoed|Politoed, L50, M|100/100
|-weather|RainDance|[from] ability: Drizzle|[of] p2b: Politoed
|turn|10
|
|t:|1783664794
|move|p1b: Froslass|Shadow Ball|p2a: Meganium
|-crit|p2a: Meganium
|-damage|p2a: Meganium|0 fnt
|faint|p2a: Meganium
|move|p1a: Tom|Parting Shot|p2b: Politoed
|-unboost|p2b: Politoed|atk|1
|-unboost|p2b: Politoed|spa|1
|
|t:|1783664799
|switch|p1a: Excadrill|Excadrill, L50, F|96/100|[from] Parting Shot
|-ability|p1a: Excadrill|Mold Breaker
|move|p2b: Politoed|Weather Ball|p1a: Excadrill
|-supereffective|p1a: Excadrill|1
|-damage|p1a: Excadrill|2/100
|
|-weather|RainDance|[upkeep]
|-sideend|p1: LeonardPlayz|move: Tailwind
|upkeep
|turn|11
|
|t:|1783664810
|move|p1b: Froslass|Shadow Ball|p2b: Politoed
|-damage|p2b: Politoed|72/100
|move|p1a: Excadrill|High Horsepower|p2b: Politoed
|-damage|p2b: Politoed|29/100
|-enditem|p2b: Politoed|Sitrus Berry|[eat]
|-heal|p2b: Politoed|54/100|[from] item: Sitrus Berry
|move|p2b: Politoed|Weather Ball|p1a: Excadrill
|-supereffective|p1a: Excadrill|1
|-damage|p1a: Excadrill|0 fnt
|faint|p1a: Excadrill
|
|-weather|RainDance|[upkeep]
|-sideend|p2: sturmkitten69|move: Light Screen
|upkeep
|
|t:|1783664815
|switch|p1a: Tom|Incineroar, L50, F|48/100
|-ability|p1a: Tom|Intimidate|boost
|-unboost|p2b: Politoed|atk|1
|turn|12
|
|t:|1783664832
|move|p1a: Tom|Fake Out|p2b: Politoed
|-damage|p2b: Politoed|44/100
|move|p1b: Froslass|Nasty Plot|p1b: Froslass
|-boost|p1b: Froslass|spa|2
|cant|p2b: Politoed|flinch
|
|-weather|RainDance|[upkeep]
|upkeep
|turn|13
|
|t:|1783664840
|move|p1b: Froslass|Shadow Ball|p2b: Politoed
|-damage|p2b: Politoed|0 fnt
|faint|p2b: Politoed
|
|win|LeonardPlayz
||LeonardPlayz is ready for game 2.
||sturmkitten69 is ready for game 2.
|uhtml|next|Next: Game 2 of 3
