|j|☆WASHINGTONGARGACHA
|j|☆KChiefs7
|html|WASHINGTONGARGACHAKChiefs7    
|uhtml|bestof|Game 3 of a best-of-3
|t:|1757789870
|gametype|doubles
|player|p1|WASHINGTONGARGACHA|266|1112
|player|p2|KChiefs7|swimmer-gen4|1143
|gen|9
|tier|[Gen 9] VGC 2025 Reg H (Bo3)
|rated|
|rule|Species Clause: Limit one of each Pokémon
|rule|Item Clause: Limit 1 of each item
|clearpoke
|poke|p1|Typhlosion-Hisui, L50, M|
|poke|p1|Whimsicott, L50, F|
|poke|p1|Dragapult, L50, M|
|poke|p1|Torkoal, L50, F|
|poke|p1|Lilligant-Hisui, L50, F|
|poke|p1|Electabuzz, L50, F|
|poke|p2|Ursaluna, L50, F|
|poke|p2|Gholdengo, L50|
|poke|p2|Amoonguss, L50, M|
|poke|p2|Porygon2, L50|
|poke|p2|Incineroar, L50, F|
|poke|p2|Flamigo, L50, M|
|teampreview|4
|showteam|p1|Typhlosion-Hisui||ChoiceSpecs|Blaze|HeatWave,Eruption,ShadowBall,FocusPunch|||M|||50|,,,,,Fire]Whimsicott||CovertCloak|Prankster|Tailwind,Moonblast,SunnyDay,Encore|||F|||50|,,,,,Water]Dragapult||ChoiceBand|ClearBody|Uturn,SuckerPunch,DragonDarts,PhantomForce|||M|||50|,,,,,Dragon]Torkoal||LifeOrb|Drought|HeatWave,Eruption,Protect,WeatherBall|||F|||50|,,,,,Fire]Lilligant-Hisui||FocusSash|Chlorophyll|CloseCombat,SleepPowder,AfterYou,LeafBlade|||F|||50|,,,,,Ghost]Electabuzz||Eviolite|VitalSpirit|FollowMe,Taunt,Electroweb,Protect|||F|||50|,,,,,Grass
|showteam|p2|Ursaluna||FlameOrb|Guts|Facade,Earthquake,Substitute,Protect|||F|||50|,,,,,Ghost]Gholdengo||LifeOrb|GoodasGold|MakeItRain,ShadowBall,NastyPlot,Protect||||||50|,,,,,Steel]Amoonguss||SitrusBerry|Regenerator|RagePowder,Spore,PollenPuff,Protect|||M|||50|,,,,,Fairy]Porygon2||Eviolite|Download|Thunderbolt,IceBeam,Recover,TrickRoom||||||50|,,,,,Flying]Incineroar||AssaultVest|Intimidate|FlareBlitz,KnockOff,FakeOut,Uturn|||F|||50|,,,,,Grass]Flamigo||FocusSash|Scrappy|CloseCombat,BraveBird,WideGuard,Detect|||M|||50|,,,,,Stellar
|inactive|Battle timer is ON: inactive players will automatically lose when time's up. (requested by KChiefs7)
|inactive|WASHINGTONGARGACHA has 60 seconds left.
|
|t:|1757789923
|teamsize|p1|4
|teamsize|p2|4
|start
|switch|p1a: Torkoal|Torkoal, L50, F|100/100
|switch|p1b: Lilligant|Lilligant-Hisui, L50, F|100/100
|switch|p2a: Flamigo|Flamigo, L50, M|100/100
|switch|p2b: Ursaluna|Ursaluna, L50, F|100/100
|-weather|SunnyDay|[from] ability: Drought|[of] p1a: Torkoal
|turn|1
|
|t:|1757789944
|move|p2a: Flamigo|Detect|p2a: Flamigo
|-singleturn|p2a: Flamigo|Protect
|move|p2b: Ursaluna|Protect|p2b: Ursaluna
|-singleturn|p2b: Ursaluna|Protect
|move|p1b: Lilligant|Leaf Blade|p2b: Ursaluna
|-activate|p2b: Ursaluna|move: Protect
|move|p1a: Torkoal|Weather Ball|p2b: Ursaluna
|-activate|p2b: Ursaluna|move: Protect
|
|-weather|SunnyDay|[upkeep]
|-status|p2b: Ursaluna|brn|[from] item: Flame Orb
|upkeep
|turn|2
|inactive|WASHINGTONGARGACHA has 30 seconds left.
|inactive|KChiefs7 has 30 seconds left.
|inactive|WASHINGTONGARGACHA has 20 seconds left.
|inactive|WASHINGTONGARGACHA has 15 seconds left.
|inactive|KChiefs7 has 20 seconds left.
|inactive|KChiefs7 has 15 seconds left.
|inactive|WASHINGTONGARGACHA has 10 seconds left.
|inactive|KChiefs7 has 10 seconds left.
|inactive|KChiefs7 has 5 seconds left.
|
|t:|1757790000
|-terastallize|p2b: Ursaluna|Ghost
|move|p1a: Torkoal|Protect|p1a: Torkoal
|-singleturn|p1a: Torkoal|Protect
|move|p2a: Flamigo|Wide Guard|p2a: Flamigo
|-singleturn|p2a: Flamigo|Wide Guard
|move|p1b: Lilligant|Leaf Blade|p2b: Ursaluna
|-crit|p2b: Ursaluna
|-damage|p2b: Ursaluna|49/100 brn
|move|p2b: Ursaluna|Earthquake|p1b: Lilligant|[spread] p1b
|-activate|p2a: Flamigo|move: Wide Guard
|-activate|p1a: Torkoal|move: Protect
|-resisted|p1b: Lilligant
|-damage|p1b: Lilligant|45/100
|
|-weather|SunnyDay|[upkeep]
|-damage|p2b: Ursaluna|43/100 brn|[from] brn
|upkeep
|turn|3
|inactive|WASHINGTONGARGACHA has 30 seconds left.
|inactive|KChiefs7 has 30 seconds left.
|inactive|WASHINGTONGARGACHA has 20 seconds left.
|
|t:|1757790037
|switch|p2b: Incineroar|Incineroar, L50, F, shiny|100/100
|-ability|p2b: Incineroar|Intimidate|boost
|-unboost|p1a: Torkoal|atk|1
|-unboost|p1b: Lilligant|atk|1
|move|p1b: Lilligant|Leaf Blade|p2b: Incineroar
|-resisted|p2b: Incineroar
|-damage|p2b: Incineroar|86/100
|move|p2a: Flamigo|Close Combat|p1b: Lilligant
|-damage|p1b: Lilligant|0 fnt
|-unboost|p2a: Flamigo|def|1
|-unboost|p2a: Flamigo|spd|1
|faint|p1b: Lilligant
|move|p1a: Torkoal|Heat Wave|p2b: Incineroar|[spread] p2a,p2b
|-resisted|p2b: Incineroar
|-enditem|p2a: Flamigo|Focus Sash
|-damage|p2a: Flamigo|1/100
|-damage|p2b: Incineroar|68/100
|-status|p2a: Flamigo|brn
|-damage|p1a: Torkoal|91/100|[from] item: Life Orb
|
|-weather|SunnyDay|[upkeep]
|-damage|p2a: Flamigo|0 fnt|[from] brn
|faint|p2a: Flamigo
|upkeep
|inactive|WASHINGTONGARGACHA has 30 seconds left.
|
|t:|1757790064
|switch|p1b: Typhlosion|Typhlosion-Hisui, L50, M|100/100
|switch|p2a: Porygon2|Porygon2, L50|100/100
|-ability|p2a: Porygon2|Download|boost
|-boost|p2a: Porygon2|spa|1
|turn|4
|
|t:|1757790090
|-terastallize|p1b: Typhlosion|Fire
|move|p1b: Typhlosion|Eruption|p2b: Incineroar|[spread] p2a,p2b
|-resisted|p2b: Incineroar
|-damage|p2a: Porygon2|0 fnt
|-damage|p2b: Incineroar|16/100
|faint|p2a: Porygon2
|move|p2b: Incineroar|Knock Off|p1a: Torkoal
|-crit|p1a: Torkoal
|-damage|p1a: Torkoal|31/100
|-enditem|p1a: Torkoal|Life Orb|[from] move: Knock Off|[of] p2b: Incineroar
|move|p1a: Torkoal|Eruption|p2b: Incineroar
|-resisted|p2b: Incineroar
|-damage|p2b: Incineroar|7/100
|
|-weather|SunnyDay|[upkeep]
|upkeep
|
|t:|1757790095
|switch|p2a: Ursaluna|Ursaluna, L50, F, tera:Ghost|43/100 brn
|turn|5
|
|t:|1757790106
|move|p1b: Typhlosion|Eruption|p2a: Ursaluna|[spread] p2a,p2b
|-resisted|p2b: Incineroar
|-damage|p2a: Ursaluna|0 fnt
|-damage|p2b: Incineroar|0 fnt
|faint|p2a: Ursaluna
|faint|p2b: Incineroar
|
|win|WASHINGTONGARGACHA
|raw|WASHINGTONGARGACHA's rating: 1112 → 1139(+27 for winning)
|raw|KChiefs7's rating: 1143 → 1116(-27 for losing)
