|j|☆Nezk025
|j|☆4FunWarrior
|html|Nezk0254FunWarrior    
|uhtml|bestof|Game 1 of a best-of-3
|t:|1785337075
|gametype|doubles
|player|p1|Nezk025|nate|1155
|player|p2|4FunWarrior|101|1089
|gen|9
|tier|[Gen 9 Champions] VGC 2026 Reg M-B (Bo3)
|rated|
|rule|Species Clause: Limit one of each Pokémon
|rule|Item Clause: Limit 1 of each item
|clearpoke
|poke|p1|Excadrill, L50, M|
|poke|p1|Tyranitar, L50, F|
|poke|p1|Corviknight, L50, M|
|poke|p1|Hydreigon, L50, M|
|poke|p1|Rotom-Wash, L50|
|poke|p1|Mimikyu, L50, F|
|poke|p2|Grimmsnarl, L50, M, shiny|
|poke|p2|Venusaur, L50, F, shiny|
|poke|p2|Scrafty, L50, F|
|poke|p2|Archaludon, L50, M, shiny|
|poke|p2|Pelipper, L50, F|
|poke|p2|Palafin, L50, F, shiny|
|teampreview|4
|showteam|p1|Excadrill||FocusSash|SandRush|Protect,Earthquake,IronHead,RockTomb|Adamant||M|||50|]Tyranitar||Tyranitarite|SandStream|Protect,RockSlide,KnockOff,LowKick|Adamant||F|||50|]Corviknight||Leftovers|MirrorArmor|Roost,BraveBird,Tailwind,BulkUp|Careful||M|||50|]Hydreigon||ChoiceScarf|Levitate|DragonPulse,DarkPulse,Snarl,EarthPower|Modest||M|||50|]Rotom-Wash||SitrusBerry|Levitate|Protect,Thunderbolt,HydroPump,Reflect|Modest|||||50|]Mimikyu||FairyFeather|Disguise|Taunt,PlayRough,ShadowClaw,Protect|Adamant||F|||50|
|showteam|p2|Grimmsnarl||LightClay|Prankster|PartingShot,Reflect,LightScreen,SpiritBreak|Careful||M|||50|]Venusaur||Venusaurite|Overgrow|GigaDrain,SludgeBomb,EarthPower,Protect|Modest||F|||50|]Scrafty||Scraftinite|Intimidate|FakeOut,DrainPunch,KnockOff,Protect|Adamant||F|||50|]Archaludon||Leftovers|Stamina|ElectroShot,DragonPulse,FlashCannon,Protect|Bold||M|||50|]Pelipper||SitrusBerry|Drizzle|Hurricane,WeatherBall,Tailwind,WideGuard|Bold||F|||50|]Palafin||LifeOrb|ZerotoHero|WaveCrash,JetPunch,FlipTurn,Protect|Adamant||F|||50|
|inactive|Battle timer is ON: inactive players will automatically lose when time's up. (requested by 4FunWarrior)
|
|t:|1785337125
|teamsize|p1|4
|teamsize|p2|4
|start
|switch|p1a: Corviknight|Corviknight, L50, M|100/100
|switch|p1b: Hydreigon|Hydreigon, L50, M|100/100
|switch|p2a: Venusaur|Venusaur, L50, F, shiny|100/100
|switch|p2b: Grimmsnarl|Grimmsnarl, L50, M, shiny|100/100
|turn|1
|inactive|Nezk025 has 30 seconds left.
|
|t:|1785337150
|switch|p1b: Tyranitar|Tyranitar, L50, F|100/100
|-weather|Sandstorm|[from] ability: Sand Stream|[of] p1b: Tyranitar
|switch|p2a: Archaludon|Archaludon, L50, M, shiny|100/100
|move|p1a: Corviknight|Brave Bird|p2a: Archaludon
|-resisted|p2a: Archaludon|1
|-damage|p2a: Archaludon|86/100
|-ability|p2a: Archaludon|Stamina|boost
|-boost|p2a: Archaludon|def|1
|-damage|p1a: Corviknight|95/100|[from] Recoil
|move|p2b: Grimmsnarl|Spirit Break|p1b: Tyranitar
|-supereffective|p1b: Tyranitar|1
|-damage|p1b: Tyranitar|49/100
|-unboost|p1b: Tyranitar|spa|1
|
|-weather|Sandstorm|[upkeep]
|-damage|p2b: Grimmsnarl|94/100|[from] Sandstorm
|-heal|p1a: Corviknight|100/100|[from] item: Leftovers
|-heal|p2a: Archaludon|92/100|[from] item: Leftovers
|upkeep
|turn|2
|inactive|Nezk025 has 30 seconds left.
|
|t:|1785337181
|switch|p1a: Excadrill|Excadrill, L50, M|100/100
|move|p2b: Grimmsnarl|Reflect|p2b: Grimmsnarl
|-sidestart|p2: 4FunWarrior|Reflect
|move|p2a: Archaludon|Flash Cannon|p1b: Tyranitar
|-supereffective|p1b: Tyranitar|1
|-damage|p1b: Tyranitar|8/100
|move|p1b: Tyranitar|Knock Off|p2b: Grimmsnarl
|-resisted|p2b: Grimmsnarl|2
|-damage|p2b: Grimmsnarl|83/100
|-enditem|p2b: Grimmsnarl|Light Clay|[from] move: Knock Off|[of] p1b: Tyranitar
|
|-weather|Sandstorm|[upkeep]
|-damage|p2b: Grimmsnarl|77/100|[from] Sandstorm
|-heal|p2a: Archaludon|98/100|[from] item: Leftovers
|upkeep
|turn|3
|
|t:|1785337203
|move|p1b: Tyranitar|Protect|p1b: Tyranitar
|-singleturn|p1b: Tyranitar|Protect
|move|p2b: Grimmsnarl|Parting Shot|p1a: Excadrill
|-unboost|p1a: Excadrill|atk|1
|-unboost|p1a: Excadrill|spa|1
|
|t:|1785337207
|switch|p2b: Scrafty|Scrafty, L50, F|100/100|[from] Parting Shot
|-ability|p2b: Scrafty|Intimidate|boost
|-unboost|p1a: Excadrill|atk|1
|-unboost|p1b: Tyranitar|atk|1
|move|p1a: Excadrill|Iron Head|p2b: Scrafty
|-damage|p2b: Scrafty|84/100
|move|p2a: Archaludon|Flash Cannon|p1b: Tyranitar
|-activate|p1b: Tyranitar|move: Protect
|
|-weather|Sandstorm|[upkeep]
|-damage|p2b: Scrafty|78/100|[from] Sandstorm
|-heal|p2a: Archaludon|100/100|[from] item: Leftovers
|upkeep
|turn|4
|
|t:|1785337225
|switch|p1b: Corviknight|Corviknight, L50, M|100/100
|move|p2b: Scrafty|Fake Out|p1a: Excadrill
|-resisted|p1a: Excadrill|1
|-damage|p1a: Excadrill|93/100
|cant|p1a: Excadrill|flinch
|move|p2a: Archaludon|Dragon Pulse|p1b: Corviknight
|-resisted|p1b: Corviknight|1
|-damage|p1b: Corviknight|82/100
|
|-weather|Sandstorm|[upkeep]
|-damage|p2b: Scrafty|72/100|[from] Sandstorm
|-heal|p1b: Corviknight|88/100|[from] item: Leftovers
|upkeep
|turn|5
|inactive|Nezk025 has 30 seconds left.
|
|t:|1785337255
|move|p1a: Excadrill|Protect|p1a: Excadrill
|-singleturn|p1a: Excadrill|Protect
|move|p1b: Corviknight|Tailwind|p1b: Corviknight
|-sidestart|p1: Nezk025|move: Tailwind
|move|p2a: Archaludon|Electro Shot||[still]
|-prepare|p2a: Archaludon|Electro Shot
|-boost|p2a: Archaludon|spa|1
|move|p2b: Scrafty|Drain Punch|p1a: Excadrill
|-activate|p1a: Excadrill|move: Protect
|
|-weather|none
|-heal|p1b: Corviknight|94/100|[from] item: Leftovers
|upkeep
|turn|6
|
|t:|1785337269
|switch|p1a: Tyranitar|Tyranitar, L50, F|8/100
|-weather|Sandstorm|[from] ability: Sand Stream|[of] p1a: Tyranitar
|switch|p1b: Hydreigon|Hydreigon, L50, M|100/100
|move|p2a: Archaludon|Electro Shot|p1b: Hydreigon|[from] lockedmove
|-resisted|p1b: Hydreigon|1
|-damage|p1b: Hydreigon|68/100
|move|p2b: Scrafty|Drain Punch|p1a: Tyranitar
|-supereffective|p1a: Tyranitar|2
|-damage|p1a: Tyranitar|0 fnt
|-heal|p2b: Scrafty|77/100|[from] drain|[of] p1a: Tyranitar
|faint|p1a: Tyranitar
|
|-weather|Sandstorm|[upkeep]
|-damage|p1b: Hydreigon|62/100|[from] Sandstorm
|-damage|p2b: Scrafty|72/100|[from] Sandstorm
|upkeep
|
|t:|1785337281
|switch|p1a: Excadrill|Excadrill, L50, M|93/100
|turn|7
|
|t:|1785337298
|detailschange|p2b: Scrafty|Scrafty-Mega, L50, F
|-mega|p2b: Scrafty|Scrafty|Scraftinite
|-ability|p2b: Scrafty|Intimidate|boost
|-unboost|p1a: Excadrill|atk|1
|-unboost|p1b: Hydreigon|atk|1
|move|p2a: Archaludon|Protect|p2a: Archaludon
|-singleturn|p2a: Archaludon|Protect
|move|p1a: Excadrill|Earthquake|p2a: Archaludon|[spread] p2b
|-activate|p2a: Archaludon|move: Protect
|-immune|p1b: Hydreigon|[from] ability: Levitate
|-damage|p2b: Scrafty|55/100
|move|p1b: Hydreigon|Earth Power|p2a: Archaludon
|-activate|p2a: Archaludon|move: Protect
|move|p2b: Scrafty|Drain Punch|p1a: Excadrill
|-supereffective|p1a: Excadrill|1
|-damage|p1a: Excadrill|0 fnt
|-heal|p2b: Scrafty|100/100|[from] drain|[of] p1a: Excadrill
|faint|p1a: Excadrill
|
|-weather|Sandstorm|[upkeep]
|-damage|p1b: Hydreigon|57/100|[from] Sandstorm
|-damage|p2b: Scrafty|94/100|[from] Sandstorm
|upkeep
|-message|Nezk025 forfeited.
|
|win|4FunWarrior
|l|☆Nezk025
|player|p1|
||Nezk025 is ready for game 2.
