|j|☆IngeVGC
|j|☆Vuultur
|html|IngeVGCVuultur    
|uhtml|bestof|Game 3 of a best-of-3
|t:|1755640890
|gametype|doubles
|player|p1|IngeVGC|fisherman-gen4|1179
|player|p2|Vuultur|hilbert-wonderlauncher|1289
|gen|9
|tier|[Gen 9] VGC 2025 Reg H (Bo3)
|rated|
|rule|Species Clause: Limit one of each Pokémon
|rule|Item Clause: Limit 1 of each item
|clearpoke
|poke|p1|Kingambit, L50, F|
|poke|p1|Rillaboom, L50, F|
|poke|p1|Electabuzz, L50, M|
|poke|p1|Volcarona, L50, F|
|poke|p1|Sneasler, L50, F|
|poke|p1|Dragonite, L50, M|
|poke|p2|Pelipper, L50, M|
|poke|p2|Archaludon, L50, M|
|poke|p2|Annihilape, L50, M|
|poke|p2|Maushold, L50|
|poke|p2|Rillaboom, L50, F|
|poke|p2|Basculegion, L50, M|
|teampreview|4
|showteam|p1|Kingambit||BlackGlasses|Defiant|Protect,KowtowCleave,SuckerPunch,SwordsDance|||F|||50|,,,,,Dark]Rillaboom||AssaultVest|GrassySurge|WoodHammer,GrassyGlide,HighHorsepower,FakeOut|||F|||50|,,,,,Fire]Electabuzz||Eviolite|VitalSpirit|Protect,Thunderbolt,HelpingHand,FollowMe|||M|||50|,,,,,Ghost]Volcarona||CovertCloak|FlameBody|Protect,HeatWave,TeraBlast,QuiverDance|||F|||50|,,,,,Fairy]Sneasler||FocusSash|Unburden|CloseCombat,DireClaw,Coaching,FakeOut|||F|||50|,,,,,Stellar]Dragonite||LoadedDice|Multiscale|ScaleShot,Haze,ExtremeSpeed,Protect|||M|||50|,,,,,Fairy
|showteam|p2|Pelipper||FocusSash|Drizzle|WeatherBall,Hurricane,Protect,Tailwind|||M|||50|,,,,,Ghost]Archaludon||AssaultVest|Stamina|ElectroShot,DracoMeteor,FlashCannon,BodyPress|||M|||50|,,,,,Grass]Annihilape||SafetyGoggles|Defiant|RageFist,DrainPunch,BulkUp,Protect|||M|||50|,,,,,Fire]Maushold||SitrusBerry|FriendGuard|BeatUp,FollowMe,Taunt,Protect||||||50|,,,,,Ghost]Rillaboom||MiracleSeed|GrassySurge|FakeOut,GrassyGlide,WoodHammer,Uturn|||F|||50|,,,,,Fire]Basculegion||ChoiceBand|SwiftSwim|WaveCrash,AquaJet,LastRespects,FlipTurn|||M|||50|,,,,,Water
|inactive|Battle timer is ON: inactive players will automatically lose when time's up. (requested by IngeVGC)
|inactive|Vuultur has 60 seconds left.
|inactive|Vuultur has 30 seconds left.
|
|t:|1755640971
|teamsize|p1|4
|teamsize|p2|4
|start
|switch|p1a: Volcarona|Volcarona, L50, F|100/100
|switch|p1b: Kerchak|Rillaboom, L50, F|100/100
|switch|p2a: Maushold|Maushold, L50|100/100
|switch|p2b: Annihilape|Annihilape, L50, M|100/100
|-fieldstart|move: Grassy Terrain|[from] ability: Grassy Surge|[of] p1b: Kerchak
|turn|1
|
|t:|1755640996
|-terastallize|p1a: Volcarona|Fairy
|-terastallize|p2b: Annihilape|Fire
|move|p2a: Maushold|Protect|p2a: Maushold
|-singleturn|p2a: Maushold|Protect
|move|p1a: Volcarona|Tera Blast|p2b: Annihilape|[anim] Tera Blast Fairy
|-resisted|p2b: Annihilape
|-damage|p2b: Annihilape|89/100
|move|p2b: Annihilape|Bulk Up|p2b: Annihilape
|-boost|p2b: Annihilape|atk|1
|-boost|p2b: Annihilape|def|1
|move|p1b: Kerchak|Wood Hammer|p2a: Maushold
|-activate|p2a: Maushold|move: Protect
|
|-heal|p2b: Annihilape|95/100|[from] Grassy Terrain
|upkeep
|turn|2
|
|t:|1755641016
|move|p1a: Volcarona|Quiver Dance|p1a: Volcarona
|-boost|p1a: Volcarona|spa|1
|-boost|p1a: Volcarona|spd|1
|-boost|p1a: Volcarona|spe|1
|move|p2a: Maushold|Beat Up|p2b: Annihilape
|-damage|p2b: Annihilape|93/100
|-damage|p2b: Annihilape|91/100
|-damage|p2b: Annihilape|89/100
|-damage|p2b: Annihilape|88/100
|-hitcount|p2b: Annihilape|4
|move|p2b: Annihilape|Rage Fist|p1b: Kerchak
|-damage|p1b: Kerchak|0 fnt
|faint|p1b: Kerchak
|
|-heal|p2b: Annihilape|94/100|[from] Grassy Terrain
|upkeep
|
|t:|1755641024
|switch|p1b: Vanessa|Sneasler, L50, F|100/100
|turn|3
|
|t:|1755641048
|move|p1b: Vanessa|Fake Out|p2b: Annihilape
|-damage|p2b: Annihilape|87/100
|move|p1a: Volcarona|Quiver Dance|p1a: Volcarona
|-boost|p1a: Volcarona|spa|1
|-boost|p1a: Volcarona|spd|1
|-boost|p1a: Volcarona|spe|1
|move|p2a: Maushold|Taunt|p1a: Volcarona
|-start|p1a: Volcarona|move: Taunt
|cant|p2b: Annihilape|flinch
|
|-heal|p2b: Annihilape|93/100|[from] Grassy Terrain
|upkeep
|turn|4
|
|t:|1755641062
|move|p2a: Maushold|Follow Me|p2a: Maushold
|-singleturn|p2a: Maushold|move: Follow Me
|move|p1a: Volcarona|Heat Wave|p2a: Maushold|[spread] p2a,p2b
|-resisted|p2b: Annihilape
|-damage|p2a: Maushold|23/100
|-damage|p2b: Annihilape|72/100
|-enditem|p2a: Maushold|Sitrus Berry|[eat]
|-heal|p2a: Maushold|47/100|[from] item: Sitrus Berry
|move|p1b: Vanessa|Dire Claw|p2a: Maushold
|-damage|p2a: Maushold|9/100
|-status|p2a: Maushold|slp
|move|p2b: Annihilape|Rage Fist|p1a: Volcarona
|-damage|p1a: Volcarona|0 fnt
|faint|p1a: Volcarona
|
|-heal|p2a: Maushold|15/100 slp|[from] Grassy Terrain
|-heal|p2b: Annihilape|78/100|[from] Grassy Terrain
|upkeep
|
|t:|1755641068
|switch|p1a: Snarf|Electabuzz, L50, M|100/100
|turn|5
|
|t:|1755641089
|cant|p2a: Maushold|slp
|move|p2b: Annihilape|Protect|p2b: Annihilape
|-singleturn|p2b: Annihilape|Protect
|move|p1b: Vanessa|Dire Claw|p2b: Annihilape
|-activate|p2b: Annihilape|move: Protect
|move|p1a: Snarf|Thunderbolt|p2a: Maushold
|-damage|p2a: Maushold|0 fnt
|faint|p2a: Maushold
|
|-heal|p2b: Annihilape|84/100|[from] Grassy Terrain
|-fieldend|move: Grassy Terrain
|upkeep
|
|t:|1755641104
|switch|p2a: Archaludon|Archaludon, L50, M, shiny|100/100
|turn|6
|
|t:|1755641113
|move|p1b: Vanessa|Dire Claw|p2b: Annihilape
|-damage|p2b: Annihilape|53/100
|move|p1a: Snarf|Thunderbolt|p2b: Annihilape
|-damage|p2b: Annihilape|32/100
|-status|p2b: Annihilape|par
|move|p2a: Archaludon|Body Press|p1b: Vanessa
|-resisted|p1b: Vanessa
|-damage|p1b: Vanessa|81/100
|move|p2b: Annihilape|Rage Fist|p1b: Vanessa
|-damage|p1b: Vanessa|0 fnt
|faint|p1b: Vanessa
|
|upkeep
|turn|7
|
|t:|1755641131
|move|p1a: Snarf|Thunderbolt|p2b: Annihilape
|-damage|p2b: Annihilape|10/100 par
|move|p2a: Archaludon|Body Press|p1a: Snarf
|-damage|p1a: Snarf|82/100
|cant|p2b: Annihilape|par
|
|upkeep
|turn|8
|
|t:|1755641145
|move|p1a: Snarf|Thunderbolt|p2b: Annihilape
|-damage|p2b: Annihilape|0 fnt
|faint|p2b: Annihilape
|move|p2a: Archaludon|Body Press|p1a: Snarf
|-damage|p1a: Snarf|63/100
|
|upkeep
|
|t:|1755641151
|switch|p2b: Pelipper|Pelipper, L50, M|100/100
|-weather|RainDance|[from] ability: Drizzle|[of] p2b: Pelipper
|turn|9
|
|t:|1755641157
|move|p1a: Snarf|Thunderbolt|p2b: Pelipper
|-supereffective|p2b: Pelipper
|-enditem|p2b: Pelipper|Focus Sash
|-damage|p2b: Pelipper|1/100
|move|p2a: Archaludon|Electro Shot||[still]
|-prepare|p2a: Archaludon|Electro Shot
|-boost|p2a: Archaludon|spa|1
|-anim|p2a: Archaludon|Electro Shot|p1a: Snarf
|-resisted|p1a: Snarf
|-damage|p1a: Snarf|39/100
|move|p2b: Pelipper|Weather Ball|p1a: Snarf
|-damage|p1a: Snarf|0 fnt
|faint|p1a: Snarf
|
|win|Vuultur
|raw|IngeVGC's rating: 1179 → 1162(-17 for losing)
|raw|Vuultur's rating: 1289 → 1306(+17 for winning)
|l|☆IngeVGC
|player|p1|
|l|☆Vuultur
|player|p2|
|j|☆IngeVGC
|player|p1|IngeVGC|fisherman-gen4|
