|j|☆Le P VGC
|j|☆fosa25
|html|Le P VGCfosa25    
|uhtml|bestof|Game 2 of a best-of-3
|t:|1756485341
|gametype|doubles
|player|p1|Le P VGC|lucian|1037
|player|p2|fosa25|psychicf|1053
|gen|9
|tier|[Gen 9] VGC 2025 Reg H (Bo3)
|rated|
|rule|Species Clause: Limit one of each Pokémon
|rule|Item Clause: Limit 1 of each item
|clearpoke
|poke|p1|Hitmontop, L50, M|
|poke|p1|Rillaboom, L50, F|
|poke|p1|Gholdengo, L50|
|poke|p1|Ursaluna-Bloodmoon, L50, M|
|poke|p1|Incineroar, L50, M|
|poke|p1|Farigiraf, L50, F|
|poke|p2|Hatterene, L50, F|
|poke|p2|Torkoal, L50, F|
|poke|p2|Armarouge, L50, M|
|poke|p2|Gallade, L50, M|
|poke|p2|Indeedee-F, L50, F|
|poke|p2|Ursaluna, L50, F|
|teampreview|4
|showteam|p1|Hitmontop||SitrusBerry|Intimidate|FakeOut,WideGuard,CloseCombat,Coaching|||M|||50|,,,,,Ghost]Rillaboom||MiracleSeed|GrassySurge|FakeOut,GrassyGlide,WoodHammer,Uturn|||F|||50|,,,,,Fire]Gholdengo||LifeOrb|GoodasGold|MakeItRain,ShadowBall,NastyPlot,Protect||||||50|,,,,,Water]Ursaluna-Bloodmoon||AssaultVest|MindsEye|BloodMoon,EarthPower,HyperVoice,VacuumWave|||M|||50|,,,,,Water]Incineroar||SafetyGoggles|Intimidate|FakeOut,FlareBlitz,PartingShot,KnockOff|||M|||50|,,,,,Water]Farigiraf||ThroatSpray|ArmorTail|TrickRoom,Psychic,HyperVoice,HelpingHand|||F|||50|,,,,,Fairy
|showteam|p2|Hatterene||LifeOrb|MagicBounce|ExpandingForce,DazzlingGleam,TrickRoom,Psychic|||F|||50|,,,,,Psychic]Torkoal||Charcoal|Drought|Eruption,WeatherBall,Protect,Yawn|||F|||50|,,,,,Fire]Armarouge||PowerHerb|FlashFire|MeteorBeam,TrickRoom,ExpandingForce,ArmorCannon|||M|||50|,,,,,Grass]Gallade||ClearAmulet|Sharpness|SacredSword,PsychoCut,WideGuard,TrickRoom|||M|||50|,,,,,Fire]Indeedee-F||SafetyGoggles|PsychicSurge|FollowMe,HelpingHand,TrickRoom,AlluringVoice|||F|||50|,,,,,Fairy]Ursaluna||FlameOrb|Guts|Facade,HeadlongRush,Roar,Protect|||F|||50|,,,,,Fairy
|inactive|Battle timer is ON: inactive players will automatically lose when time's up. (requested by fosa25)
|
|t:|1756485366
|teamsize|p1|4
|teamsize|p2|4
|start
|switch|p1a: Incineroar|Incineroar, L50, M|100/100
|switch|p1b: Gholdengo|Gholdengo, L50|100/100
|switch|p2a: Armarouge|Armarouge, L50, M|100/100
|switch|p2b: Indeedee|Indeedee-F, L50, F|100/100
|-fieldstart|move: Psychic Terrain|[from] ability: Psychic Surge|[of] p2b: Indeedee
|-ability|p1a: Incineroar|Intimidate|boost
|-unboost|p2a: Armarouge|atk|1
|-unboost|p2b: Indeedee|atk|1
|turn|1
|
|t:|1756485385
|switch|p1b: Rillaboom|Rillaboom, L50, F|100/100
|-fieldstart|move: Grassy Terrain|[from] ability: Grassy Surge|[of] p1b: Rillaboom
|switch|p2a: Torkoal|Torkoal, L50, F|100/100
|-weather|SunnyDay|[from] ability: Drought|[of] p2a: Torkoal
|move|p1a: Incineroar|Fake Out|p2a: Torkoal
|-damage|p2a: Torkoal|92/100
|move|p2b: Indeedee|Trick Room|p2b: Indeedee
|-fieldstart|move: Trick Room|[of] p2b: Indeedee
|
|-weather|SunnyDay|[upkeep]
|-heal|p2a: Torkoal|98/100|[from] Grassy Terrain
|upkeep
|turn|2
|
|t:|1756485398
|switch|p2b: Armarouge|Armarouge, L50, M|100/100
|move|p2a: Torkoal|Protect|p2a: Torkoal
|-singleturn|p2a: Torkoal|Protect
|move|p1b: Rillaboom|Fake Out|p2a: Torkoal
|-activate|p2a: Torkoal|move: Protect
|move|p1a: Incineroar|Parting Shot|p2a: Torkoal
|-activate|p2a: Torkoal|move: Protect
|
|-weather|SunnyDay|[upkeep]
|-heal|p2a: Torkoal|100/100|[from] Grassy Terrain
|upkeep
|turn|3
|
|t:|1756485406
|-terastallize|p2a: Torkoal|Fire
|-terastallize|p1b: Rillaboom|Fire
|move|p2a: Torkoal|Eruption|p1b: Rillaboom|[spread] p1a,p1b
|-resisted|p1a: Incineroar
|-resisted|p1b: Rillaboom
|-damage|p1a: Incineroar|58/100
|-damage|p1b: Rillaboom|41/100
|move|p2b: Armarouge|Meteor Beam||[still]
|-prepare|p2b: Armarouge|Meteor Beam
|-boost|p2b: Armarouge|spa|1
|-enditem|p2b: Armarouge|Power Herb
|-anim|p2b: Armarouge|Meteor Beam|p1a: Incineroar|[miss]
|-miss|p2b: Armarouge|p1a: Incineroar
|move|p1a: Incineroar|Knock Off|p2a: Torkoal
|-damage|p2a: Torkoal|73/100
|-enditem|p2a: Torkoal|Charcoal|[from] move: Knock Off|[of] p1a: Incineroar
|move|p1b: Rillaboom|U-turn|p2b: Armarouge
|-damage|p2b: Armarouge|79/100
|
|t:|1756485425
|switch|p1b: Ursaluna|Ursaluna-Bloodmoon, L50, M|100/100|[from] U-turn
|
|-weather|SunnyDay|[upkeep]
|-heal|p2a: Torkoal|79/100|[from] Grassy Terrain
|-heal|p2b: Armarouge|85/100|[from] Grassy Terrain
|-heal|p1a: Incineroar|64/100|[from] Grassy Terrain
|upkeep
|turn|4
|
|t:|1756485437
|move|p2a: Torkoal|Weather Ball|p1b: Ursaluna
|-damage|p1b: Ursaluna|34/100
|move|p2b: Armarouge|Armor Cannon|p1a: Incineroar
|-resisted|p1a: Incineroar
|-damage|p1a: Incineroar|6/100
|-unboost|p2b: Armarouge|def|1
|-unboost|p2b: Armarouge|spd|1
|move|p1a: Incineroar|Parting Shot|p2a: Torkoal
|-unboost|p2a: Torkoal|atk|1
|-unboost|p2a: Torkoal|spa|1
|
|t:|1756485448
|switch|p1a: Gholdengo|Gholdengo, L50|100/100|[from] Parting Shot
|move|p1b: Ursaluna|Earth Power|p2a: Torkoal
|-supereffective|p2a: Torkoal
|-damage|p2a: Torkoal|0 fnt
|faint|p2a: Torkoal
|
|-weather|SunnyDay|[upkeep]
|-heal|p2b: Armarouge|90/100|[from] Grassy Terrain
|-heal|p1b: Ursaluna|40/100|[from] Grassy Terrain
|upkeep
|
|t:|1756485456
|switch|p2a: Ursaluna|Ursaluna, L50, F|100/100
|turn|5
|
|t:|1756485480
|switch|p2a: Indeedee|Indeedee-F, L50, F|100/100
|-fieldstart|move: Psychic Terrain|[from] ability: Psychic Surge|[of] p2a: Indeedee
|switch|p1b: Incineroar|Incineroar, L50, M|6/100
|-ability|p1b: Incineroar|Intimidate|boost
|-unboost|p2a: Indeedee|atk|1
|-unboost|p2b: Armarouge|atk|1
|move|p1a: Gholdengo|Protect|p1a: Gholdengo
|-singleturn|p1a: Gholdengo|Protect
|move|p2b: Armarouge|Expanding Force|p1a: Gholdengo|[spread] 
|-activate|p1a: Gholdengo|move: Protect
|-immune|p1b: Incineroar
|
|-weather|none
|-fieldend|move: Trick Room
|upkeep
|turn|6
|
|t:|1756485499
|switch|p1a: Rillaboom|Rillaboom, L50, F, tera:Fire|41/100
|-fieldstart|move: Grassy Terrain|[from] ability: Grassy Surge|[of] p1a: Rillaboom
|switch|p2b: Ursaluna|Ursaluna, L50, F|100/100
|move|p1b: Incineroar|Fake Out|p2b: Ursaluna
|-damage|p2b: Ursaluna|93/100
|move|p2a: Indeedee|Trick Room|p2a: Indeedee
|-fieldstart|move: Trick Room|[of] p2a: Indeedee
|
|-heal|p2b: Ursaluna|99/100|[from] Grassy Terrain
|-heal|p1b: Incineroar|12/100|[from] Grassy Terrain
|-heal|p1a: Rillaboom|47/100|[from] Grassy Terrain
|-status|p2b: Ursaluna|brn|[from] item: Flame Orb
|upkeep
|turn|7
|
|t:|1756485515
|switch|p1b: Ursaluna|Ursaluna-Bloodmoon, L50, M|40/100
|move|p2b: Ursaluna|Protect|p2b: Ursaluna
|-singleturn|p2b: Ursaluna|Protect
|move|p1a: Rillaboom|Grassy Glide|p2b: Ursaluna
|-activate|p2b: Ursaluna|move: Protect
|move|p2a: Indeedee|Alluring Voice|p1b: Ursaluna
|-damage|p1b: Ursaluna|24/100
|
|-heal|p2b: Ursaluna|100/100 brn|[from] Grassy Terrain
|-heal|p1b: Ursaluna|30/100|[from] Grassy Terrain
|-heal|p1a: Rillaboom|53/100|[from] Grassy Terrain
|-damage|p2b: Ursaluna|95/100 brn|[from] brn
|upkeep
|turn|8
|
|t:|1756485526
|switch|p1a: Incineroar|Incineroar, L50, M|12/100
|-ability|p1a: Incineroar|Intimidate|boost
|-unboost|p2a: Indeedee|atk|1
|-unboost|p2b: Ursaluna|atk|1
|move|p2a: Indeedee|Follow Me|p2a: Indeedee
|-singleturn|p2a: Indeedee|move: Follow Me
|move|p2b: Ursaluna|Facade|p1a: Incineroar
|-damage|p1a: Incineroar|0 fnt
|faint|p1a: Incineroar
|move|p1b: Ursaluna|Blood Moon|p2a: Indeedee
|-damage|p2a: Indeedee|22/100
|
|-heal|p2b: Ursaluna|100/100 brn|[from] Grassy Terrain
|-heal|p1b: Ursaluna|36/100|[from] Grassy Terrain
|-heal|p2a: Indeedee|27/100|[from] Grassy Terrain
|-damage|p2b: Ursaluna|95/100 brn|[from] brn
|upkeep
|
|t:|1756485543
|switch|p1a: Rillaboom|Rillaboom, L50, F, tera:Fire|53/100
|turn|9
|
|t:|1756485548
|switch|p2a: Armarouge|Armarouge, L50, M|90/100
|move|p1a: Rillaboom|Fake Out|p2b: Ursaluna
|-damage|p2b: Ursaluna|83/100 brn
|cant|p2b: Ursaluna|flinch
|move|p1b: Ursaluna|Hyper Voice|p2b: Ursaluna|[spread] p2a,p2b
|-damage|p2a: Armarouge|49/100
|-damage|p2b: Ursaluna|48/100 brn
|
|-heal|p2b: Ursaluna|53/100 brn|[from] Grassy Terrain
|-heal|p2a: Armarouge|55/100|[from] Grassy Terrain
|-heal|p1b: Ursaluna|42/100|[from] Grassy Terrain
|-heal|p1a: Rillaboom|59/100|[from] Grassy Terrain
|-damage|p2b: Ursaluna|48/100 brn|[from] brn
|upkeep
|turn|10
|
|t:|1756485568
|switch|p2b: Indeedee|Indeedee-F, L50, F|27/100
|-fieldstart|move: Psychic Terrain|[from] ability: Psychic Surge|[of] p2b: Indeedee
|switch|p1a: Gholdengo|Gholdengo, L50|100/100
|move|p2a: Armarouge|Expanding Force|p1a: Gholdengo|[spread] p1a,p1b
|-resisted|p1a: Gholdengo
|-damage|p1a: Gholdengo|66/100
|-damage|p1b: Ursaluna|0 fnt
|faint|p1b: Ursaluna
|
|-fieldend|move: Trick Room
|upkeep
|
|t:|1756485577
|switch|p1b: Rillaboom|Rillaboom, L50, F, tera:Fire|59/100
|-fieldstart|move: Grassy Terrain|[from] ability: Grassy Surge|[of] p1b: Rillaboom
|turn|11
|
|t:|1756485590
|switch|p2b: Ursaluna|Ursaluna, L50, F|48/100 brn
|move|p1a: Gholdengo|Make It Rain|p2a: Armarouge|[spread] p2a,p2b
|-resisted|p2a: Armarouge
|-damage|p2a: Armarouge|26/100
|-damage|p2b: Ursaluna|0 fnt
|-unboost|p1a: Gholdengo|spa|1
|faint|p2b: Ursaluna
|-damage|p1a: Gholdengo|56/100|[from] item: Life Orb
|move|p1b: Rillaboom|Wood Hammer|p2a: Armarouge
|-resisted|p2a: Armarouge
|-damage|p2a: Armarouge|0 fnt
|faint|p2a: Armarouge
|-damage|p1b: Rillaboom|51/100|[from] Recoil
|
|-heal|p1a: Gholdengo|62/100|[from] Grassy Terrain
|-heal|p1b: Rillaboom|57/100|[from] Grassy Terrain
|upkeep
|-message|fosa25 forfeited.
|
|win|Le P VGC
|raw|Le P VGC's rating: 1037 → 1073(+36 for winning)
|raw|fosa25's rating: 1053 → 1034(-19 for losing)
|l|☆fosa25
|player|p2|
|l|☆Le P VGC
|player|p1|
|j|☆fosa25
|player|p2|fosa25|psychicf|
