|j|Ōśåpuli95
|j|ŌśåSFmrmimers
|html|puli95SFmrmimers    
|uhtml|bestof|Game 1 of a best-of-3
|t:|1757650004
|gametype|doubles
|player|p1|puli95|265|1064
|player|p2|SFmrmimers|n|1072
|gen|9
|tier|[Gen 9] VGC 2025 Reg H (Bo3)
|rated|
|rule|Species Clause: Limit one of each Pok├®mon
|rule|Item Clause: Limit 1 of each item
|clearpoke
|poke|p1|Corviknight, L50, F|
|poke|p1|Primarina, L50, M|
|poke|p1|Incineroar, L50, M|
|poke|p1|Indeedee-F, L50, F|
|poke|p1|Exeggutor, L50, M|
|poke|p1|Torkoal, L50, M|
|poke|p2|Tyranitar, L50, F|
|poke|p2|Garchomp, L50, M|
|poke|p2|Gholdengo, L50|
|poke|p2|Amoonguss, L50, F|
|poke|p2|Kilowattrel, L50, F|
|poke|p2|Incineroar, L50, M|
|teampreview|4
|showteam|p1|Corviknight||PsychicSeed|MirrorArmor|BraveBird,BodyPress,IronDefense,Roost|||F|||50|,,,,,Fire]Primarina||LifeOrb|LiquidVoice|Moonblast,HyperVoice,AquaJet,Protect|||M|||50|,,,,,Poison]Incineroar||ClearAmulet|Intimidate|FlareBlitz,KnockOff,FakeOut,PartingShot|||M|||50|,,,,,Ghost]Indeedee-F||SafetyGoggles|PsychicSurge|Psychic,TeraBlast,FollowMe,TrickRoom|||F|||50|,,,,,Fighting]Exeggutor||FocusSash|Chlorophyll|ExpandingForce,EnergyBall,TrickRoom,SleepPowder|||M|||50|,,,,,Stellar]Torkoal||EjectButton|Drought|Eruption,HeatWave,Overheat,EarthPower|||M|||50|,,,,,Fire
|showteam|p2|Tyranitar||AssaultVest|SandStream|RockSlide,KnockOff,TeraBlast,LowKick|||F|||50|,,,,,Flying]Garchomp||LifeOrb|RoughSkin|Earthquake,StompingTantrum,DragonClaw,Protect|||M|||50|,,,,,Fire]Gholdengo||IronPlate|GoodasGold|MakeItRain,ShadowBall,NastyPlot,Protect||||||50|,,,,,Flying]Amoonguss||SitrusBerry|Regenerator|Spore,RagePowder,PollenPuff,Protect|||F|||50|,,,,,Water]Kilowattrel||FocusSash|Competitive|Thunderbolt,Protect,Tailwind,AirSlash|||F|||50|,,,,,Ghost]Incineroar||SafetyGoggles|Intimidate|FakeOut,PartingShot,KnockOff,FlareBlitz|||M|||50|,,,,,Ghost
|l|ŌśåSFmrmimers
|player|p2|
|j|ŌśåSFmrmimers
|player|p2|SFmrmimers|n|
|inactive|Battle timer is ON: inactive players will automatically lose when time's up. (requested by puli95)
|inactive|SFmrmimers has 60 seconds left.
|
|t:|1757650139
|teamsize|p1|4
|teamsize|p2|4
|start
|switch|p1a: Exeggutor|Exeggutor, L50, M|100/100
|switch|p1b: Torkoal|Torkoal, L50, M|100/100
|switch|p2a: Kilowattrel|Kilowattrel, L50, F|100/100
|switch|p2b: Incineroar|Incineroar, L50, M, shiny|100/100
|-ability|p2b: Incineroar|Intimidate|boost
|-unboost|p1a: Exeggutor|atk|1
|-unboost|p1b: Torkoal|atk|1
|-weather|SunnyDay|[from] ability: Drought|[of] p1b: Torkoal
|turn|1
|
|t:|1757650159
|switch|p1a: Corviknight|Corviknight, L50, F|100/100
|move|p2b: Incineroar|Fake Out|p1a: Corviknight
|-resisted|p1a: Corviknight
|-damage|p1a: Corviknight|96/100
|move|p2a: Kilowattrel|Thunderbolt|p1b: Torkoal
|-damage|p1b: Torkoal|45/100
|-enditem|p1b: Torkoal|Eject Button
|
|t:|1757650172
|switch|p1b: Exeggutor|Exeggutor, L50, M|100/100
|
|-weather|SunnyDay|[upkeep]
|upkeep
|turn|2
|
|t:|1757650190
|move|p1b: Exeggutor|Sleep Powder|p2a: Kilowattrel|[miss]
|-miss|p1b: Exeggutor|p2a: Kilowattrel
|move|p2a: Kilowattrel|Thunderbolt|p1a: Corviknight
|-supereffective|p1a: Corviknight
|-damage|p1a: Corviknight|21/100
|-status|p1a: Corviknight|par
|move|p2b: Incineroar|Flare Blitz|p1b: Exeggutor
|-supereffective|p1b: Exeggutor
|-enditem|p1b: Exeggutor|Focus Sash
|-damage|p1b: Exeggutor|1/100
|-damage|p2b: Incineroar|72/100|[from] Recoil
|move|p1a: Corviknight|Iron Defense|p1a: Corviknight
|-boost|p1a: Corviknight|def|2
|
|-weather|SunnyDay|[upkeep]
|upkeep
|turn|3
|
|t:|1757650210
|move|p1b: Exeggutor|Sleep Powder|p2a: Kilowattrel
|-status|p2a: Kilowattrel|slp|[from] move: Sleep Powder
|cant|p2a: Kilowattrel|slp
|move|p2b: Incineroar|Flare Blitz|p1b: Exeggutor
|-supereffective|p1b: Exeggutor
|-damage|p1b: Exeggutor|0 fnt
|faint|p1b: Exeggutor
|-damage|p2b: Incineroar|72/100|[from] Recoil
|cant|p1a: Corviknight|par
|
|-weather|SunnyDay|[upkeep]
|upkeep
|
|t:|1757650221
|switch|p1b: Torkoal|Torkoal, L50, M|45/100
|turn|4
|
|t:|1757650228
|-curestatus|p2a: Kilowattrel|slp|[msg]
|move|p2a: Kilowattrel|Thunderbolt|p1b: Torkoal
|-damage|p1b: Torkoal|0 fnt
|faint|p1b: Torkoal
|move|p2b: Incineroar|Flare Blitz|p1a: Corviknight
|-supereffective|p1a: Corviknight
|-damage|p1a: Corviknight|0 fnt
|faint|p1a: Corviknight
|-damage|p2b: Incineroar|65/100|[from] Recoil
|
|-weather|SunnyDay|[upkeep]
|upkeep
|
|t:|1757650239
|switch|p1a: Indeedee|Indeedee-F, L50, F|100/100
|-fieldstart|move: Psychic Terrain|[from] ability: Psychic Surge|[of] p1a: Indeedee
|turn|5
|
|t:|1757650246
|move|p2a: Kilowattrel|Thunderbolt|p1a: Indeedee
|-damage|p1a: Indeedee|61/100
|-status|p1a: Indeedee|par
|move|p2b: Incineroar|Knock Off|p1a: Indeedee
|-supereffective|p1a: Indeedee
|-damage|p1a: Indeedee|0 fnt
|-enditem|p1a: Indeedee|Safety Goggles|[from] move: Knock Off|[of] p2b: Incineroar
|faint|p1a: Indeedee
|
|win|SFmrmimers
||puli95 is ready for game 2.
||SFmrmimers is ready for game 2.
|uhtml|next|Next: Game 2 of 3
|l|Ōśåpuli95
|player|p1|
|l|ŌśåSFmrmimers
|player|p2|
