|j|☆ill.busx
|j|☆Snivii
|html|ill.busxSnivii    
|uhtml|bestof|Game 2 of a best-of-3
|t:|1783632686
|gametype|doubles
|player|p1|ill.busx|265|1137
|player|p2|Snivii|2|1091
|gen|9
|tier|[Gen 9 Champions] VGC 2026 Reg M-B (Bo3)
|rated|
|rule|Species Clause: Limit one of each Pokémon
|rule|Item Clause: Limit 1 of each item
|clearpoke
|poke|p1|Kangaskhan, L50, F|
|poke|p1|Sinistcha, L50|
|poke|p1|Aerodactyl, L50, F|
|poke|p1|Incineroar, L50, M|
|poke|p1|Gengar, L50, M, shiny|
|poke|p1|Ninetales-Alola, L50, M|
|poke|p2|Serperior, L50, F|
|poke|p2|Grimmsnarl, L50, M|
|poke|p2|Staraptor, L50, F|
|poke|p2|Incineroar, L50, M|
|poke|p2|Whimsicott, L50, F|
|poke|p2|Charizard, L50, F|
|teampreview|4
|showteam|p1|Kangaskhan||Kangaskhanite|InnerFocus|Protect,FakeOut,SuckerPunch,DrainPunch|Adamant||F|||50|]Sinistcha||SitrusBerry|Hospitality|Protect,RagePowder,MatchaGotcha,LifeDew|Relaxed|||||50|]Aerodactyl||FocusSash|Unnerve|Protect,Tailwind,DualWingbeat,RockSlide|Jolly||F|||50|]Incineroar||ChopleBerry|Intimidate|Protect,FakeOut,PartingShot,ThroatChop|Relaxed||M|||50|]Gengar||Gengarite|CursedBody|Protect,PerishSong,Disable,ShadowBall|Timid||M|||50|]Ninetales-Alola||NeverMeltIce|SnowWarning|Protect,Moonblast,Blizzard,Encore|Timid||M|||50|
|showteam|p2|Serperior||WideLens|Contrary|LeafStorm,Glare,Protect,GastroAcid|Timid||F|||50|]Grimmsnarl||LightClay|Prankster|SpiritBreak,LightScreen,Reflect,PartingShot|Careful||M|||50|]Staraptor||Staraptite|Intimidate|BraveBird,CloseCombat,Roost,Protect|Jolly||F|||50|]Incineroar||SitrusBerry|Intimidate|FlareBlitz,DarkestLariat,FakeOut,PartingShot|Adamant||M|||50|]Whimsicott||FocusSash|Prankster|Moonblast,Charm,Encore,Tailwind|Timid||F|||50|]Charizard||CharizarditeY|SolarPower|HeatWave,AncientPower,WeatherBall,Protect|Timid||F|||50|
|c|☆ill.busx|undeserved that
|
|t:|1783632724
|teamsize|p1|4
|teamsize|p2|4
|start
|switch|p1a: Kangaskhan|Kangaskhan, L50, F|100/100
|switch|p1b: Aerodactyl|Aerodactyl, L50, F|100/100
|switch|p2a: Grimmsnarl|Grimmsnarl, L50, M|100/100
|switch|p2b: Serperior|Serperior, L50, F|100/100
|-ability|p1b: Aerodactyl|Unnerve
|turn|1
|
|t:|1783632765
|switch|p2b: Incineroar|Incineroar, L50, M|100/100
|-ability|p2b: Incineroar|Intimidate|boost
|-fail|p1a: Kangaskhan|unboost|Attack|[from] ability: Inner Focus|[of] p1a: Kangaskhan
|-unboost|p1b: Aerodactyl|atk|1
|move|p1a: Kangaskhan|Fake Out|p2b: Incineroar
|-damage|p2b: Incineroar|81/100
|move|p2a: Grimmsnarl|Parting Shot|p1b: Aerodactyl
|-unboost|p1b: Aerodactyl|atk|1
|-unboost|p1b: Aerodactyl|spa|1
|
|t:|1783632786
|switch|p2a: Serperior|Serperior, L50, F|100/100|[from] Parting Shot
|move|p1b: Aerodactyl|Dual Wingbeat|p2b: Incineroar
|-damage|p2b: Incineroar|72/100
|-damage|p2b: Incineroar|63/100
|-hitcount|p2b: Incineroar|2
|
|upkeep
|turn|2
|
|t:|1783632820
|move|p1b: Aerodactyl|Protect|p1b: Aerodactyl
|-singleturn|p1b: Aerodactyl|Protect
|move|p1a: Kangaskhan|Protect|p1a: Kangaskhan
|-singleturn|p1a: Kangaskhan|Protect
|move|p2a: Serperior|Leaf Storm|p1a: Kangaskhan
|-activate|p1a: Kangaskhan|move: Protect
|move|p2b: Incineroar|Parting Shot|p2a: Serperior
|-boost|p2a: Serperior|atk|1
|-boost|p2a: Serperior|spa|1
|
|t:|1783632829
|switch|p2b: Grimmsnarl|Grimmsnarl, L50, M|100/100|[from] Parting Shot
|
|upkeep
|turn|3
|
|t:|1783632867
|switch|p1a: Ninetales|Ninetales-Alola, L50, M|100/100
|-weather|Snowscape|[from] ability: Snow Warning|[of] p1a: Ninetales
|move|p2b: Grimmsnarl|Reflect|p2b: Grimmsnarl
|-sidestart|p2: Snivii|Reflect
|move|p1b: Aerodactyl|Tailwind|p1b: Aerodactyl
|-sidestart|p1: ill.busx|move: Tailwind
|move|p2a: Serperior|Glare|p1b: Aerodactyl
|-status|p1b: Aerodactyl|par
|
|-weather|Snowscape|[upkeep]
|upkeep
|turn|4
|
|t:|1783632904
|move|p2a: Serperior|Protect|p2a: Serperior
|-singleturn|p2a: Serperior|Protect
|move|p1a: Ninetales|Blizzard|p2b: Grimmsnarl|[spread] p2b
|-activate|p2a: Serperior|move: Protect
|-damage|p2b: Grimmsnarl|68/100
|cant|p1b: Aerodactyl|par
|move|p2b: Grimmsnarl|Spirit Break|p1a: Ninetales
|-damage|p1a: Ninetales|71/100
|-unboost|p1a: Ninetales|spa|1
|
|-weather|Snowscape|[upkeep]
|upkeep
|turn|5
|
|t:|1783632960
|switch|p1a: Incineroar|Incineroar, L50, M|100/100
|-ability|p1a: Incineroar|Intimidate|boost
|-boost|p2a: Serperior|atk|1
|-unboost|p2b: Grimmsnarl|atk|1
|move|p1b: Aerodactyl|Dual Wingbeat|p2a: Serperior
|-supereffective|p2a: Serperior|1
|-damage|p2a: Serperior|85/100
|-supereffective|p2a: Serperior|1
|-damage|p2a: Serperior|71/100
|-hitcount|p2a: Serperior|2
|move|p2a: Serperior|Leaf Storm|p1b: Aerodactyl
|-damage|p1b: Aerodactyl|20/100y par
|-boost|p2a: Serperior|spa|2
|move|p2b: Grimmsnarl|Spirit Break|p1b: Aerodactyl
|-damage|p1b: Aerodactyl|0 fnt
|faint|p1b: Aerodactyl
|
|-weather|Snowscape|[upkeep]
|upkeep
|
|t:|1783632979
|switch|p1b: Ninetales|Ninetales-Alola, L50, M|71/100
|turn|6
|
|t:|1783632991
|move|p1a: Incineroar|Fake Out|p2b: Grimmsnarl
|-damage|p2b: Grimmsnarl|60/100
|cant|p2b: Grimmsnarl|flinch
|move|p1b: Ninetales|Blizzard|p2b: Grimmsnarl|[spread] p2a,p2b
|-supereffective|p2a: Serperior|1
|-damage|p2a: Serperior|11/100
|-damage|p2b: Grimmsnarl|29/100
|move|p2a: Serperior|Leaf Storm|p1b: Ninetales
|-damage|p1b: Ninetales|0 fnt
|-boost|p2a: Serperior|spa|2
|faint|p1b: Ninetales
|
|-weather|Snowscape|[upkeep]
|-sideend|p1: ill.busx|move: Tailwind
|upkeep
|
|t:|1783633004
|switch|p1b: Kangaskhan|Kangaskhan, L50, F|100/100
|turn|7
|
|t:|1783633039
|move|p1b: Kangaskhan|Fake Out|p2a: Serperior
|-damage|p2a: Serperior|0 fnt
|faint|p2a: Serperior
|move|p2b: Grimmsnarl|Parting Shot|p1b: Kangaskhan
|-unboost|p1b: Kangaskhan|atk|1
|-unboost|p1b: Kangaskhan|spa|1
|
|t:|1783633046
|switch|p2b: Staraptor|Staraptor, L50, F|100/100|[from] Parting Shot
|-ability|p2b: Staraptor|Intimidate|boost
|-unboost|p1a: Incineroar|atk|1
|-fail|p1b: Kangaskhan|unboost|Attack|[from] ability: Inner Focus|[of] p1b: Kangaskhan
|move|p1a: Incineroar|Throat Chop|p2b: Staraptor
|-damage|p2b: Staraptor|78/100
|-start|p2b: Staraptor|Throat Chop|[silent]
|
|-weather|none
|upkeep
|
|t:|1783633054
|switch|p2a: Grimmsnarl|Grimmsnarl, L50, M|29/100
|turn|8
|
|t:|1783633102
|detailschange|p2b: Staraptor|Staraptor-Mega, L50, F
|-mega|p2b: Staraptor|Staraptor|Staraptite
|move|p1b: Kangaskhan|Protect|p1b: Kangaskhan
|-singleturn|p1b: Kangaskhan|Protect
|move|p2a: Grimmsnarl|Parting Shot|p2b: Staraptor
|-boost|p2b: Staraptor|atk|1
|-boost|p2b: Staraptor|spa|1
|
|t:|1783633109
|switch|p2a: Incineroar|Incineroar, L50, M|63/100|[from] Parting Shot
|-ability|p2a: Incineroar|Intimidate|boost
|-unboost|p1a: Incineroar|atk|1
|-fail|p1b: Kangaskhan|unboost|Attack|[from] ability: Inner Focus|[of] p1b: Kangaskhan
|move|p2b: Staraptor|Close Combat|p1a: Incineroar
|-supereffective|p1a: Incineroar|1
|-enditem|p1a: Incineroar|Chople Berry|[eat]
|-enditem|p1a: Incineroar|Chople Berry|[weaken]
|-damage|p1a: Incineroar|33/100
|-boost|p2b: Staraptor|def|1
|-boost|p2b: Staraptor|spd|1
|move|p1a: Incineroar|Throat Chop|p2b: Staraptor
|-resisted|p2b: Staraptor|1
|-damage|p2b: Staraptor|75/100
|
|-end|p2b: Staraptor|Throat Chop|[silent]
|upkeep
|turn|9
|-message|ill.busx forfeited.
|
|win|Snivii
||Snivii is ready for game 3.
|c|☆ill.busx|gg
||ill.busx is ready for game 3.
|uhtml|next|Next: Game 3 of 3
|l|☆Snivii
|player|p2|
