|j|☆psychic system
|j|☆Chavo666
|html|psychic systemChavo666    
|uhtml|bestof|Game 3 of a best-of-3
|t:|1757081887
|gametype|doubles
|player|p1|psychic system|lucas|1121
|player|p2|Chavo666|policeman-gen4|1116
|gen|9
|tier|[Gen 9] VGC 2025 Reg H (Bo3)
|rated|
|rule|Species Clause: Limit one of each Pokémon
|rule|Item Clause: Limit 1 of each item
|clearpoke
|poke|p1|Electabuzz, L50, M|
|poke|p1|Incineroar, L50, M|
|poke|p1|Rillaboom, L50, F|
|poke|p1|Annihilape, L50, F|
|poke|p1|Sneasler, L50, F|
|poke|p1|Primarina, L50, M|
|poke|p2|Reuniclus, L50, F|
|poke|p2|Indeedee-F, L50, F|
|poke|p2|Torkoal, L50, M|
|poke|p2|Gastrodon, L50, F|
|poke|p2|Venusaur, L50, F|
|poke|p2|Incineroar, L50, M|
|teampreview|4
|showteam|p1|Electabuzz||Eviolite|VitalSpirit|VoltSwitch,Taunt,Electroweb,FollowMe|||M|||50|,,,,,Ghost]Incineroar||SafetyGoggles|Intimidate|FakeOut,PartingShot,FlareBlitz,KnockOff|||M|||50|,,,,,Grass]Rillaboom||AssaultVest|GrassySurge|GrassyGlide,FakeOut,DrumBeating,Uturn|||F|||50|,,,,,Fire]Annihilape||Leftovers|Defiant|DrainPunch,RageFist,Protect,BulkUp|||F|||50|,,,,,Fire]Sneasler||FocusSash|Unburden|CloseCombat,Protect,FakeOut,DireClaw|||F|||50|,,,,,Ghost]Primarina||SitrusBerry|LiquidVoice|Protect,HyperVoice,Moonblast,CalmMind|||M|||50|,,,,,Poison
|showteam|p2|Reuniclus||LifeOrb|Regenerator|ExpandingForce,Encore,TrickRoom,TeraBlast|||F|||50|,,,,,Fairy]Indeedee-F||PsychicSeed|PsychicSurge|DazzlingGleam,FollowMe,HelpingHand,TrickRoom|||F|||50|,,,,,Fairy]Torkoal||ChoiceSpecs|Drought|HeatWave,Eruption,EarthPower,SolarBeam|||M|||50|,,,,,Fire]Gastrodon||Leftovers|StormDrain|EarthPower,IceBeam,Recover,Yawn|||F|||50|,,,,,Fire]Venusaur||SitrusBerry|Chlorophyll|SleepPowder,SludgeBomb,GigaDrain,Protect|||F|||50|,,,,,Fire]Incineroar||SafetyGoggles|Intimidate|FakeOut,PartingShot,FlareBlitz,KnockOff|||M|||50|,,,,,Fire
|inactive|Battle timer is ON: inactive players will automatically lose when time's up. (requested by psychic system)
|inactive|psychic system has 60 seconds left.
|inactive|psychic system has 30 seconds left.
|
|t:|1757081954
|teamsize|p1|4
|teamsize|p2|4
|start
|switch|p1a: Rillaboom|Rillaboom, L50, F|100/100
|switch|p1b: Primarina|Primarina, L50, M|100/100
|switch|p2a: Venusaur|Venusaur, L50, F, shiny|100/100
|switch|p2b: Torkoal|Torkoal, L50, M|100/100
|-fieldstart|move: Grassy Terrain|[from] ability: Grassy Surge|[of] p1a: Rillaboom
|-weather|SunnyDay|[from] ability: Drought|[of] p2b: Torkoal
|turn|1
|inactive|psychic system has 30 seconds left.
|
|t:|1757081989
|switch|p2b: Indeedee|Indeedee-F, L50, F|100/100
|-fieldstart|move: Psychic Terrain|[from] ability: Psychic Surge|[of] p2b: Indeedee
|-enditem|p2b: Indeedee|Psychic Seed
|-boost|p2b: Indeedee|spd|1|[from] item: Psychic Seed
|-terastallize|p1a: Rillaboom|Fire
|move|p1a: Rillaboom|Fake Out|p2a: Venusaur
|-activate|p2a: Venusaur|move: Psychic Terrain
|move|p2a: Venusaur|Sleep Powder|p1b: Primarina
|-status|p1b: Primarina|slp|[from] move: Sleep Powder
|cant|p1b: Primarina|slp
|
|-weather|SunnyDay|[upkeep]
|upkeep
|turn|2
|
|t:|1757082010
|switch|p1b: Annihilape|Annihilape, L50, F|100/100
|move|p2b: Indeedee|Helping Hand|p2a: Venusaur
|-singleturn|p2a: Venusaur|Helping Hand|[of] p2b: Indeedee
|move|p2a: Venusaur|Sludge Bomb|p1b: Annihilape
|-resisted|p1b: Annihilape
|-damage|p1b: Annihilape|81/100
|-status|p1b: Annihilape|psn
|move|p1a: Rillaboom|U-turn|p2b: Indeedee
|-supereffective|p2b: Indeedee
|-damage|p2b: Indeedee|48/100
|
|t:|1757082023
|switch|p1a: Incineroar|Incineroar, L50, M|100/100|[from] U-turn
|-ability|p1a: Incineroar|Intimidate|boost
|-unboost|p2a: Venusaur|atk|1
|-unboost|p2b: Indeedee|atk|1
|
|-weather|SunnyDay|[upkeep]
|-heal|p1b: Annihilape|87/100 psn|[from] item: Leftovers
|-damage|p1b: Annihilape|75/100 psn|[from] psn
|upkeep
|turn|3
|
|t:|1757082044
|switch|p2b: Gastrodon|Gastrodon, L50, F|100/100
|move|p2a: Venusaur|Protect|p2a: Venusaur
|-singleturn|p2a: Venusaur|Protect
|move|p1b: Annihilape|Bulk Up|p1b: Annihilape
|-boost|p1b: Annihilape|atk|1
|-boost|p1b: Annihilape|def|1
|move|p1a: Incineroar|Parting Shot|p2a: Venusaur
|-activate|p2a: Venusaur|move: Protect
|
|-weather|SunnyDay|[upkeep]
|-heal|p1b: Annihilape|81/100 psn|[from] item: Leftovers
|-damage|p1b: Annihilape|68/100 psn|[from] psn
|upkeep
|turn|4
|inactive|Chavo666 has 30 seconds left.
|inactive|Chavo666 has 20 seconds left.
|inactive|Chavo666 has 15 seconds left.
|
|t:|1757082085
|move|p2a: Venusaur|Sludge Bomb|p1b: Annihilape
|-resisted|p1b: Annihilape
|-damage|p1b: Annihilape|55/100 psn
|move|p1b: Annihilape|Drain Punch|p2a: Venusaur
|-resisted|p2a: Venusaur
|-damage|p2a: Venusaur|75/100
|-heal|p1b: Annihilape|64/100 psn|[from] drain|[of] p2a: Venusaur
|move|p1a: Incineroar|Parting Shot|p2a: Venusaur
|-unboost|p2a: Venusaur|atk|1
|-unboost|p2a: Venusaur|spa|1
|
|t:|1757082096
|switch|p1a: Rillaboom|Rillaboom, L50, F, tera:Fire|100/100|[from] Parting Shot
|-fieldstart|move: Grassy Terrain|[from] ability: Grassy Surge|[of] p1a: Rillaboom
|move|p2b: Gastrodon|Earth Power|p1b: Annihilape
|-damage|p1b: Annihilape|34/100 psn
|
|-weather|SunnyDay|[upkeep]
|-heal|p2a: Venusaur|81/100|[from] Grassy Terrain
|-heal|p1b: Annihilape|40/100 psn|[from] Grassy Terrain
|-heal|p1b: Annihilape|47/100 psn|[from] item: Leftovers
|-damage|p1b: Annihilape|34/100 psn|[from] psn
|upkeep
|turn|5
|
|t:|1757082110
|switch|p2a: Indeedee|Indeedee-F, L50, F|48/100
|-fieldstart|move: Psychic Terrain|[from] ability: Psychic Surge|[of] p2a: Indeedee
|-terastallize|p2b: Gastrodon|Fire
|move|p1b: Annihilape|Drain Punch|p2b: Gastrodon
|-damage|p2b: Gastrodon|56/100
|-heal|p1b: Annihilape|54/100 psn|[from] drain|[of] p2b: Gastrodon
|move|p1a: Rillaboom|U-turn|p2a: Indeedee
|-supereffective|p2a: Indeedee
|-damage|p2a: Indeedee|0 fnt
|faint|p2a: Indeedee
|
|t:|1757082124
|switch|p1a: Incineroar|Incineroar, L50, M|100/100|[from] U-turn
|-ability|p1a: Incineroar|Intimidate|boost
|-unboost|p2b: Gastrodon|atk|1
|move|p2b: Gastrodon|Earth Power|p1b: Annihilape
|-damage|p1b: Annihilape|25/100 psn
|
|-weather|none
|-heal|p1b: Annihilape|32/100 psn|[from] item: Leftovers
|-heal|p2b: Gastrodon|61/100|[from] item: Leftovers
|-damage|p1b: Annihilape|19/100 psn|[from] psn
|upkeep
|
|t:|1757082140
|switch|p2a: Venusaur|Venusaur, L50, F, shiny|81/100
|turn|6
|
|t:|1757082149
|switch|p2b: Torkoal|Torkoal, L50, M|100/100
|-weather|SunnyDay|[from] ability: Drought|[of] p2b: Torkoal
|move|p2a: Venusaur|Giga Drain|p1b: Annihilape
|-damage|p1b: Annihilape|0 fnt
|-heal|p2a: Venusaur|94/100|[from] drain|[of] p1b: Annihilape
|faint|p1b: Annihilape
|move|p1a: Incineroar|Flare Blitz|p2a: Venusaur
|-supereffective|p2a: Venusaur
|-damage|p2a: Venusaur|0 fnt
|faint|p2a: Venusaur
|-damage|p1a: Incineroar|77/100|[from] Recoil
|
|-weather|SunnyDay|[upkeep]
|upkeep
|
|t:|1757082165
|switch|p1b: Rillaboom|Rillaboom, L50, F, tera:Fire|100/100
|switch|p2a: Gastrodon|Gastrodon, L50, F, tera:Fire|61/100
|-fieldstart|move: Grassy Terrain|[from] ability: Grassy Surge|[of] p1b: Rillaboom
|turn|7
|inactive|psychic system has 30 seconds left.
|inactive|psychic system has 20 seconds left.
|
|t:|1757082201
|move|p1a: Incineroar|Fake Out||[still]
|-hint|Fake Out only works on your first turn out.
|-fail|p1a: Incineroar
|move|p1b: Rillaboom|Drum Beating|p2b: Torkoal
|-resisted|p2b: Torkoal
|-damage|p2b: Torkoal|76/100
|-unboost|p2b: Torkoal|spe|1
|move|p2a: Gastrodon|Recover|p2a: Gastrodon
|-heal|p2a: Gastrodon|100/100
|move|p2b: Torkoal|Heat Wave|p1b: Rillaboom|[spread] p1a,p1b
|-resisted|p1a: Incineroar
|-resisted|p1b: Rillaboom
|-damage|p1a: Incineroar|47/100
|-damage|p1b: Rillaboom|77/100
|
|-weather|SunnyDay|[upkeep]
|-heal|p1b: Rillaboom|83/100|[from] Grassy Terrain
|-heal|p1a: Incineroar|53/100|[from] Grassy Terrain
|-heal|p2b: Torkoal|82/100|[from] Grassy Terrain
|upkeep
|turn|8
|
|t:|1757082221
|move|p1b: Rillaboom|Drum Beating|p2b: Torkoal
|-resisted|p2b: Torkoal
|-damage|p2b: Torkoal|56/100
|-unboost|p2b: Torkoal|spe|1
|move|p1a: Incineroar|Knock Off|p2b: Torkoal
|-damage|p2b: Torkoal|17/100
|-enditem|p2b: Torkoal|Choice Specs|[from] move: Knock Off|[of] p1a: Incineroar
|move|p2a: Gastrodon|Earth Power|p1b: Rillaboom
|-supereffective|p1b: Rillaboom
|-damage|p1b: Rillaboom|39/100
|move|p2b: Torkoal|Heat Wave|p1a: Incineroar|[spread] p1a
|-miss|p2b: Torkoal|p1b: Rillaboom
|-resisted|p1a: Incineroar
|-damage|p1a: Incineroar|34/100
|
|-weather|SunnyDay|[upkeep]
|-heal|p1b: Rillaboom|45/100|[from] Grassy Terrain
|-heal|p1a: Incineroar|40/100|[from] Grassy Terrain
|-heal|p2b: Torkoal|23/100|[from] Grassy Terrain
|upkeep
|turn|9
|inactive|psychic system has 30 seconds left.
|
|t:|1757082248
|move|p1b: Rillaboom|Drum Beating|p2a: Gastrodon
|-resisted|p2a: Gastrodon
|-damage|p2a: Gastrodon|74/100
|-unboost|p2a: Gastrodon|spe|1
|move|p1a: Incineroar|Flare Blitz|p2b: Torkoal
|-resisted|p2b: Torkoal
|-damage|p2b: Torkoal|0 fnt
|faint|p2b: Torkoal
|-damage|p1a: Incineroar|35/100|[from] Recoil
|move|p2a: Gastrodon|Earth Power|p1b: Rillaboom
|-supereffective|p1b: Rillaboom
|-damage|p1b: Rillaboom|6/100
|
|-weather|SunnyDay|[upkeep]
|-heal|p1b: Rillaboom|12/100|[from] Grassy Terrain
|-heal|p1a: Incineroar|41/100|[from] Grassy Terrain
|-heal|p2a: Gastrodon|80/100|[from] Grassy Terrain
|-heal|p2a: Gastrodon|86/100|[from] item: Leftovers
|upkeep
|turn|10
|
|t:|1757082273
|switch|p1b: Primarina|Primarina, L50, M|100/100 slp
|move|p1a: Incineroar|Knock Off|p2a: Gastrodon
|-damage|p2a: Gastrodon|41/100
|-enditem|p2a: Gastrodon|Leftovers|[from] move: Knock Off|[of] p1a: Incineroar
|move|p2a: Gastrodon|Earth Power|p1b: Primarina
|-damage|p1b: Primarina|74/100 slp
|
|-weather|none
|-heal|p1a: Incineroar|47/100|[from] Grassy Terrain
|-heal|p1b: Primarina|80/100 slp|[from] Grassy Terrain
|-heal|p2a: Gastrodon|46/100|[from] Grassy Terrain
|upkeep
|turn|11
|
|t:|1757082287
|move|p1a: Incineroar|Knock Off|p2a: Gastrodon
|-damage|p2a: Gastrodon|16/100
|-curestatus|p1b: Primarina|slp|[msg]
|move|p1b: Primarina|Hyper Voice|p2a: Gastrodon
|-ability|p2a: Gastrodon|Storm Drain|boost
|-boost|p2a: Gastrodon|spa|1
|move|p2a: Gastrodon|Recover|p2a: Gastrodon
|-heal|p2a: Gastrodon|66/100
|
|-heal|p1a: Incineroar|52/100|[from] Grassy Terrain
|-heal|p1b: Primarina|86/100|[from] Grassy Terrain
|-heal|p2a: Gastrodon|72/100|[from] Grassy Terrain
|-fieldend|move: Grassy Terrain
|upkeep
|turn|12
|
|t:|1757082299
|move|p1a: Incineroar|Knock Off|p2a: Gastrodon
|-crit|p2a: Gastrodon
|-damage|p2a: Gastrodon|27/100
|move|p1b: Primarina|Calm Mind|p1b: Primarina
|-boost|p1b: Primarina|spa|1
|-boost|p1b: Primarina|spd|1
|move|p2a: Gastrodon|Earth Power|p1a: Incineroar
|-supereffective|p1a: Incineroar
|-damage|p1a: Incineroar|0 fnt
|faint|p1a: Incineroar
|
|upkeep
|
|t:|1757082309
|switch|p1a: Rillaboom|Rillaboom, L50, F, tera:Fire|12/100
|-fieldstart|move: Grassy Terrain|[from] ability: Grassy Surge|[of] p1a: Rillaboom
|turn|13
|
|t:|1757082315
|move|p1a: Rillaboom|Fake Out|p2a: Gastrodon
|-damage|p2a: Gastrodon|12/100
|move|p1b: Primarina|Moonblast|p2a: Gastrodon
|-resisted|p2a: Gastrodon
|-damage|p2a: Gastrodon|0 fnt
|faint|p2a: Gastrodon
|
|win|psychic system
|raw|psychic system's rating: 1121 → 1146(+25 for winning)
|raw|Chavo666's rating: 1116 → 1091(-25 for losing)
