|j|☆Vuultur
|j|☆Lstdnce
|html|VuulturLstdnce    
|uhtml|bestof|Game 2 of a best-of-3
|t:|1756898326
|gametype|doubles
|player|p1|Vuultur|hilbert-wonderlauncher|1206
|player|p2|Lstdnce|102|1292
|gen|9
|tier|[Gen 9] VGC 2025 Reg H (Bo3)
|rated|
|rule|Species Clause: Limit one of each Pokémon
|rule|Item Clause: Limit 1 of each item
|clearpoke
|poke|p1|Archaludon, L50, F|
|poke|p1|Dragonite, L50, M|
|poke|p1|Pelipper, L50, F|
|poke|p1|Ursaluna, L50, F|
|poke|p1|Sinistcha, L50|
|poke|p1|Gholdengo, L50|
|poke|p2|Dragonite, L50, M|
|poke|p2|Ursaluna-Bloodmoon, L50, M|
|poke|p2|Gholdengo, L50|
|poke|p2|Maushold-Four, L50|
|poke|p2|Annihilape, L50, F|
|poke|p2|Rillaboom, L50, F|
|teampreview|4
|showteam|p1|Archaludon||AssaultVest|Stamina|FlashCannon,BodyPress,ElectroShot,Snarl|||F|||50|,,,,,Fighting]Dragonite||LoadedDice|Multiscale|ScaleShot,Tailwind,Haze,Protect|||M|||50|,,,,,Fairy]Pelipper||FocusSash|Drizzle|MuddyWater,Hurricane,Tailwind,Protect|||F|||50|,,,,,Ghost]Ursaluna||FlameOrb|Guts|Facade,HeadlongRush,Earthquake,Protect|||F|||50|,,,,,Ghost]Sinistcha||SitrusBerry|Hospitality|MatchaGotcha,LifeDew,RagePowder,TrickRoom||||||50|,,,,,Dark]Gholdengo||ChoiceScarf|GoodasGold|MakeItRain,ShadowBall,Trick,Protect||||||50|,,,,,Flying
|showteam|p2|Dragonite||LoadedDice|Multiscale|ScaleShot,Tailwind,Haze,Protect|||M|||50|,,,,,Steel]Ursaluna-Bloodmoon||AssaultVest|MindsEye|BloodMoon,EarthPower,HyperVoice,VacuumWave|||M|||50|,,,,,Water]Gholdengo||LifeOrb|GoodasGold|MakeItRain,ShadowBall,NastyPlot,Protect||||||50|,,,,,Water]Maushold-Four||FocusSash|FriendGuard|SuperFang,FollowMe,BeatUp,Protect||||||50|,,,,,Ghost]Annihilape||SitrusBerry|Defiant|RageFist,DrainPunch,BulkUp,Protect|||F|||50|,,,,,Fire]Rillaboom||MiracleSeed|GrassySurge|WoodHammer,GrassyGlide,HighHorsepower,FakeOut|||F|||50|,,,,,Fire
|inactive|Battle timer is ON: inactive players will automatically lose when time's up. (requested by Lstdnce)
|inactive|Vuultur has 60 seconds left.
|inactive|Vuultur has 30 seconds left.
|
|t:|1756898388
|teamsize|p1|4
|teamsize|p2|4
|start
|switch|p1a: Sinistcha|Sinistcha, L50|100/100
|switch|p1b: Archaludon|Archaludon, L50, F|100/100
|switch|p2a: Maushold|Maushold-Four, L50|100/100
|switch|p2b: Gholdengo|Gholdengo, L50|100/100
|turn|1
|
|t:|1756898411
|switch|p1b: Ursaluna|Ursaluna, L50, F|100/100
|move|p2a: Maushold|Super Fang|p1b: Ursaluna
|-damage|p1b: Ursaluna|51/100
|move|p2b: Gholdengo|Nasty Plot|p2b: Gholdengo
|-boost|p2b: Gholdengo|spa|2
|move|p1a: Sinistcha|Trick Room|p1a: Sinistcha
|-fieldstart|move: Trick Room|[of] p1a: Sinistcha
|
|-status|p1b: Ursaluna|brn|[from] item: Flame Orb
|upkeep
|turn|2
|
|t:|1756898429
|-terastallize|p2b: Gholdengo|Water
|move|p2a: Maushold|Follow Me|p2a: Maushold
|-singleturn|p2a: Maushold|move: Follow Me
|move|p1a: Sinistcha|Life Dew||[still]|[spread] p1a,p1b
|-fail|p1a: Sinistcha|heal
|-heal|p1b: Ursaluna|76/100 brn
|move|p1b: Ursaluna|Facade|p2a: Maushold
|-enditem|p2a: Maushold|Focus Sash
|-damage|p2a: Maushold|1/100
|move|p2b: Gholdengo|Make It Rain|p1a: Sinistcha|[spread] p1a,p1b
|-damage|p1a: Sinistcha|0 fnt
|-damage|p1b: Ursaluna|0 fnt
|-unboost|p2b: Gholdengo|spa|1
|faint|p1a: Sinistcha
|faint|p1b: Ursaluna
|-damage|p2b: Gholdengo|91/100|[from] item: Life Orb
|
|upkeep
|
|t:|1756898444
|switch|p1a: Pelipper|Pelipper, L50, F|100/100
|switch|p1b: Archaludon|Archaludon, L50, F|100/100
|-weather|RainDance|[from] ability: Drizzle|[of] p1a: Pelipper
|turn|3
|
|t:|1756898466
|move|p1a: Pelipper|Protect|p1a: Pelipper
|-singleturn|p1a: Pelipper|Protect
|move|p2b: Gholdengo|Protect|p2b: Gholdengo
|-singleturn|p2b: Gholdengo|Protect
|move|p2a: Maushold|Follow Me|p2a: Maushold
|-singleturn|p2a: Maushold|move: Follow Me
|move|p1b: Archaludon|Electro Shot||[still]
|-prepare|p1b: Archaludon|Electro Shot
|-boost|p1b: Archaludon|spa|1
|-anim|p1b: Archaludon|Electro Shot|p2a: Maushold
|-damage|p2a: Maushold|0 fnt
|faint|p2a: Maushold
|
|-weather|RainDance|[upkeep]
|upkeep
|
|t:|1756898475
|switch|p2a: Rillaboom|Rillaboom, L50, F|100/100
|-fieldstart|move: Grassy Terrain|[from] ability: Grassy Surge|[of] p2a: Rillaboom
|turn|4
|
|t:|1756898486
|move|p2a: Rillaboom|Fake Out|p1b: Archaludon
|-resisted|p1b: Archaludon
|-damage|p1b: Archaludon|96/100
|-ability|p1b: Archaludon|Stamina|boost
|-boost|p1b: Archaludon|def|1
|cant|p1b: Archaludon|flinch
|move|p1a: Pelipper|Hurricane|p2b: Gholdengo
|-damage|p2b: Gholdengo|36/100
|move|p2b: Gholdengo|Shadow Ball|p1b: Archaludon
|-damage|p1b: Archaludon|45/100
|-ability|p1b: Archaludon|Stamina|boost
|-boost|p1b: Archaludon|def|1
|-damage|p2b: Gholdengo|27/100|[from] item: Life Orb
|
|-weather|RainDance|[upkeep]
|-heal|p1b: Archaludon|51/100|[from] Grassy Terrain
|-heal|p2b: Gholdengo|32/100|[from] Grassy Terrain
|upkeep
|turn|5
|inactive|Lstdnce has 30 seconds left.
|inactive|Lstdnce has 20 seconds left.
|inactive|Lstdnce has 15 seconds left.
|
|t:|1756898530
|move|p2a: Rillaboom|Grassy Glide|p1a: Pelipper
|-damage|p1a: Pelipper|47/100
|move|p1b: Archaludon|Body Press|p2a: Rillaboom
|-damage|p2a: Rillaboom|49/100
|move|p1a: Pelipper|Hurricane|p2a: Rillaboom
|-supereffective|p2a: Rillaboom
|-damage|p2a: Rillaboom|0 fnt
|faint|p2a: Rillaboom
|move|p2b: Gholdengo|Shadow Ball|p1b: Archaludon
|-damage|p1b: Archaludon|0 fnt
|faint|p1b: Archaludon
|-damage|p2b: Gholdengo|23/100|[from] item: Life Orb
|
|-weather|RainDance|[upkeep]
|-heal|p2b: Gholdengo|29/100|[from] Grassy Terrain
|-fieldend|move: Trick Room
|upkeep
|
|t:|1756898539
|switch|p2a: Annihilape|Annihilape, L50, F|100/100
|turn|6
|
|t:|1756898543
|move|p2a: Annihilape|Rage Fist|p1a: Pelipper
|-damage|p1a: Pelipper|22/100
|move|p2b: Gholdengo|Shadow Ball|p1a: Pelipper
|-damage|p1a: Pelipper|0 fnt
|faint|p1a: Pelipper
|-damage|p2b: Gholdengo|19/100|[from] item: Life Orb
|
|win|Lstdnce
|raw|Vuultur's rating: 1206 → 1187(-19 for losing)
|raw|Lstdnce's rating: 1292 → 1311(+19 for winning)
|l|☆Vuultur
|player|p1|
|l|☆Lstdnce
|player|p2|
|j|☆Lstdnce
|player|p2|Lstdnce|102|
