|j|☆ToastedArt
|j|☆pundeh_1001
|html|ToastedArtpundeh_1001    
|uhtml|bestof|Game 1 of a best-of-3
|t:|1784390565
|gametype|doubles
|player|p1|ToastedArt|iris|1119
|player|p2|pundeh_1001|265|1196
|gen|9
|tier|[Gen 9 Champions] VGC 2026 Reg M-B (Bo3)
|rated|
|rule|Species Clause: Limit one of each Pokémon
|rule|Item Clause: Limit 1 of each item
|clearpoke
|poke|p1|Sinistcha, L50, shiny|
|poke|p1|Hydreigon, L50, M, shiny|
|poke|p1|Sneasler, L50, M|
|poke|p1|Incineroar, L50, F|
|poke|p1|Falinks, L50, shiny|
|poke|p1|Gholdengo, L50|
|poke|p2|Annihilape, L50, F|
|poke|p2|Maushold-Four, L50|
|poke|p2|Archaludon, L50, F|
|poke|p2|Pelipper, L50, M|
|poke|p2|Swampert, L50, F|
|poke|p2|Sinistcha, L50|
|teampreview|4
|showteam|p1|Sinistcha||CobaBerry|Hospitality|MatchaGotcha,RagePowder,LifeDew,Protect|Calm|||||50|]Hydreigon||LifeOrb|Levitate|Snarl,DarkPulse,EarthPower,DracoMeteor|Modest||M|||50|]Sneasler||FocusSash|PoisonTouch|FakeOut,PoisonJab,CloseCombat,QuickGuard|Jolly||M|||50|]Incineroar||SitrusBerry|Intimidate|FakeOut,FlareBlitz,ThroatChop,PartingShot|Careful||F|||50|]Falinks||Falinksite|Defiant|NoRetreat,SwordsDance,CloseCombat,Protect|Adamant|||||50|]Gholdengo||SpellTag|GoodasGold|ShadowBall,MakeItRain,NastyPlot,Protect|Timid|||||50|
|showteam|p2|Annihilape||SitrusBerry|Defiant|Protect,RageFist,DrainPunch,BulkUp|Adamant||F|||50|]Maushold-Four||ChopleBerry|FriendGuard|Protect,BeatUp,RainDance,FollowMe|Jolly|||||50|]Archaludon||Leftovers|Stamina|Protect,ElectroShot,DragonPulse,FlashCannon|Modest||F|||50|]Pelipper||FocusSash|Drizzle|Protect,Tailwind,Hurricane,WeatherBall|Modest||M|||50|]Swampert||Swampertite|Torrent|Protect,WaveCrash,Earthquake,IcePunch|Adamant||F|||50|]Sinistcha||ColburBerry|Hospitality|LifeDew,RagePowder,MatchaGotcha,TrickRoom|Relaxed|||||50|
|inactive|Battle timer is ON: inactive players will automatically lose when time's up. (requested by ToastedArt)
|inactive|ToastedArt has 60 seconds left.
|inactive|pundeh_1001 has 60 seconds left.
|
|t:|1784390614
|teamsize|p1|4
|teamsize|p2|4
|start
|switch|p1a: Falinks|Falinks, L50, shiny|100/100
|switch|p1b: Sinistcha|Sinistcha, L50, shiny|100/100
|switch|p2a: Annihilape|Annihilape, L50, F|100/100
|switch|p2b: Maushold|Maushold-Four, L50|100/100
|turn|1
|
|t:|1784390634
|detailschange|p1a: Falinks|Falinks-Mega, L50, shiny
|-mega|p1a: Falinks|Falinks|Falinksite
|move|p1b: Sinistcha|Rage Powder|p1b: Sinistcha
|-singleturn|p1b: Sinistcha|move: Rage Powder
|move|p2b: Maushold|Beat Up|p1b: Sinistcha
|-supereffective|p1b: Sinistcha|1
|-damage|p1b: Sinistcha|93/100
|-supereffective|p1b: Sinistcha|1
|-damage|p1b: Sinistcha|88/100
|-supereffective|p1b: Sinistcha|1
|-damage|p1b: Sinistcha|84/100
|-supereffective|p1b: Sinistcha|1
|-damage|p1b: Sinistcha|78/100
|-hitcount|p1b: Sinistcha|4
|move|p1a: Falinks|Swords Dance|p1a: Falinks
|-boost|p1a: Falinks|atk|2
|move|p2a: Annihilape|Rage Fist|p1b: Sinistcha
|-supereffective|p1b: Sinistcha|1
|-damage|p1b: Sinistcha|31/100
|
|upkeep
|turn|2
|inactive|ToastedArt has 30 seconds left.
|
|t:|1784390665
|move|p2b: Maushold|Protect|p2b: Maushold
|-singleturn|p2b: Maushold|Protect
|move|p1b: Sinistcha|Rage Powder|p1b: Sinistcha
|-singleturn|p1b: Sinistcha|move: Rage Powder
|move|p1a: Falinks|Close Combat|p2b: Maushold
|-activate|p2b: Maushold|move: Protect
|move|p2a: Annihilape|Rage Fist|p1b: Sinistcha
|-supereffective|p1b: Sinistcha|1
|-damage|p1b: Sinistcha|0 fnt
|faint|p1b: Sinistcha
|
|upkeep
|
|t:|1784390673
|switch|p1b: Sneasler|Sneasler, L50, M|100/100
|turn|3
|
|t:|1784390690
|move|p1b: Sneasler|Poison Jab|p2a: Annihilape
|-resisted|p2a: Annihilape|1
|-damage|p2a: Annihilape|87/100
|move|p2b: Maushold|Beat Up|p2a: Annihilape
|-damage|p2a: Annihilape|85/100
|-damage|p2a: Annihilape|83/100
|-damage|p2a: Annihilape|81/100
|-damage|p2a: Annihilape|79/100
|-hitcount|p2a: Annihilape|4
|move|p1a: Falinks|Swords Dance|p1a: Falinks
|-boost|p1a: Falinks|atk|2
|move|p2a: Annihilape|Bulk Up|p2a: Annihilape
|-boost|p2a: Annihilape|atk|1
|-boost|p2a: Annihilape|def|1
|
|upkeep
|turn|4
|
|t:|1784390706
|move|p2b: Maushold|Protect|p2b: Maushold
|-singleturn|p2b: Maushold|Protect
|move|p1a: Falinks|Protect|p1a: Falinks
|-singleturn|p1a: Falinks|Protect
|move|p1b: Sneasler|Poison Jab|p2a: Annihilape
|-resisted|p2a: Annihilape|1
|-damage|p2a: Annihilape|70/100
|-status|p2a: Annihilape|psn
|move|p2a: Annihilape|Rage Fist|p1a: Falinks
|-activate|p1a: Falinks|move: Protect
|
|-damage|p2a: Annihilape|57/100 psn|[from] psn
|upkeep
|turn|5
|
|t:|1784390729
|switch|p1a: Incineroar|Incineroar, L50, F|100/100
|-ability|p1a: Incineroar|Intimidate|boost
|-unboost|p2a: Annihilape|atk|1
|-ability|p2a: Annihilape|Defiant|boost
|-boost|p2a: Annihilape|atk|2
|-unboost|p2b: Maushold|atk|1
|move|p2b: Maushold|Follow Me|p2b: Maushold
|-singleturn|p2b: Maushold|move: Follow Me
|move|p1b: Sneasler|Close Combat|p2b: Maushold
|-supereffective|p2b: Maushold|1
|-enditem|p2b: Maushold|Chople Berry|[eat]
|-enditem|p2b: Maushold|Chople Berry|[weaken]
|-damage|p2b: Maushold|23/100
|-unboost|p1b: Sneasler|def|1
|-unboost|p1b: Sneasler|spd|1
|move|p2a: Annihilape|Rage Fist|p1a: Incineroar
|-resisted|p1a: Incineroar|1
|-damage|p1a: Incineroar|0 fnt
|faint|p1a: Incineroar
|
|-damage|p2a: Annihilape|45/100 psn|[from] psn
|upkeep
|-enditem|p2a: Annihilape|Sitrus Berry|[eat]
|-heal|p2a: Annihilape|70/100 psn|[from] item: Sitrus Berry
|
|t:|1784390743
|switch|p1a: Falinks|Falinks-Mega, L50, shiny|100/100
|turn|6
|-message|ToastedArt forfeited.
|
|win|pundeh_1001
