|j|☆poke J.D.GC
|j|☆lux raymundi
|html|poke J.D.GClux raymundi    
|uhtml|bestof|Game 1 of a best-of-3
|t:|1783103278
|gametype|doubles
|player|p1|poke J.D.GC|fisherman-gen4|1030
|player|p2|lux raymundi|2|1134
|gen|9
|tier|[Gen 9 Champions] VGC 2026 Reg M-B (Bo3)
|rated|
|rule|Species Clause: Limit one of each Pokémon
|rule|Item Clause: Limit 1 of each item
|clearpoke
|poke|p1|Dragonite, L50, F, shiny|
|poke|p1|Kingambit, L50, M, shiny|
|poke|p1|Ditto, L50, shiny|
|poke|p1|Sneasler, L50, F, shiny|
|poke|p1|Maushold-Four, L50, shiny|
|poke|p1|Sinistcha-Masterpiece, L50, shiny|
|poke|p2|Mawile, L50, F|
|poke|p2|Farigiraf, L50, M|
|poke|p2|Delphox, L50, F|
|poke|p2|Incineroar, L50, M|
|poke|p2|Sinistcha, L50|
|poke|p2|Garchomp, L50, M|
|teampreview|4
|showteam|p1|Dragonite||Dragoninite|InnerFocus|ExtremeSpeed,DragonPulse,LightScreen,Protect|Quiet||F|||50|]Kingambit||BlackGlasses|SupremeOverlord|KowtowCleave,SuckerPunch,Protect,Guillotine|Adamant||M|||50|]Ditto||QuickClaw|Imposter|Transform|Timid|||||50|]Sneasler||WhiteHerb|Unburden|FakeOut,DireClaw,CloseCombat,Protect|Jolly||F|||50|]Maushold-Four||SilkScarf|Technician|PopulationBomb,TidyUp,BatonPass,FollowMe|Jolly|||||50|]Sinistcha-Masterpiece||Leftovers|Heatproof|CalmMind,MatchaGotcha,RagePowder,Poltergeist|Modest|||||50|
|showteam|p2|Mawile||Mawilite|HyperCutter|SwordsDance,PlayRough,IronHead,Protect|Brave||F|||50|]Farigiraf||SitrusBerry|ArmorTail|Protect,TwinBeam,TrickRoom,Thunderbolt|Bold||M|||50|]Delphox||Delphoxite|Blaze|NastyPlot,HeatWave,Psychic,Protect|Timid||F|||50|]Incineroar||PasshoBerry|Intimidate|FakeOut,ThroatChop,FlareBlitz,PartingShot|Adamant||M|||50|]Sinistcha||ColburBerry|Hospitality|MatchaGotcha,TrickRoom,RagePowder,Protect|Relaxed|||||50|]Garchomp||LifeOrb|RoughSkin|DragonClaw,Earthquake,RockSlide,Protect|Jolly||M|||50|
|inactive|Battle timer is ON: inactive players will automatically lose when time's up. (requested by poke J.D.GC)
|
|t:|1783103313
|teamsize|p1|4
|teamsize|p2|4
|start
|switch|p1a: Dragonite|Dragonite, L50, F, shiny|100/100
|switch|p1b: Sneasler|Sneasler, L50, F, shiny|100/100
|switch|p2a: Garchomp|Garchomp, L50, M|100/100
|switch|p2b: Delphox|Delphox, L50, F|100/100
|turn|1
|inactive|poke J.D.GC has 30 seconds left.
|
|t:|1783103343
|switch|p2a: Farigiraf|Farigiraf, L50, M|100/100
|switch|p1a: Kingambit|Kingambit, L50, M, shiny|100/100
|detailschange|p2b: Delphox|Delphox-Mega, L50, F
|-mega|p2b: Delphox|Delphox|Delphoxite
|move|p1b: Sneasler|Fake Out||[still]
|cant|p2a: Farigiraf|ability: Armor Tail|Fake Out|[of] p1b: Sneasler
|move|p2b: Delphox|Psychic|p1b: Sneasler
|-supereffective|p1b: Sneasler|2
|-damage|p1b: Sneasler|0 fnt
|faint|p1b: Sneasler
|
|upkeep
|
|t:|1783103362
|switch|p1b: Dragonite|Dragonite, L50, F, shiny|100/100
|turn|2
|
|t:|1783103371
|-end|p1a: Kingambit|fallenundefined|[silent]
|switch|p1a: Ditto|Ditto, L50, shiny|100/100
|-transform|p1a: Ditto|p2b: Delphox|[from] ability: Imposter
|detailschange|p1b: Dragonite|Dragonite-Mega, L50, F, shiny
|-mega|p1b: Dragonite|Dragonite|Dragoninite
|move|p2b: Delphox|Heat Wave|p1b: Dragonite|[spread] p1a
|-miss|p2b: Delphox|p1b: Dragonite
|-resisted|p1a: Ditto|1
|-damage|p1a: Ditto|81/100
|move|p1b: Dragonite|Light Screen|p1b: Dragonite
|-sidestart|p1: poke J.D.GC|move: Light Screen
|move|p2a: Farigiraf|Thunderbolt|p1a: Ditto
|-damage|p1a: Ditto|66/100
|
|upkeep
|turn|3
|inactive|poke J.D.GC has 30 seconds left.
|-activate|p1a: Ditto|item: Quick Claw
|
|t:|1783103397
|move|p1a: Ditto|Nasty Plot|p1a: Ditto
|-boost|p1a: Ditto|spa|2
|move|p2b: Delphox|Psychic|p1b: Dragonite
|-damage|p1b: Dragonite|85/100
|move|p1b: Dragonite|Dragon Pulse|p2a: Farigiraf
|-damage|p2a: Farigiraf|55/100
|move|p2a: Farigiraf|Thunderbolt|p1b: Dragonite
|-damage|p1b: Dragonite|73/100
|
|upkeep
|turn|4
|
|t:|1783103421
|switch|p2a: Sinistcha|Sinistcha, L50|100/100
|move|p1a: Ditto|Heat Wave|p2b: Delphox|[spread] p2a,p2b
|-supereffective|p2a: Sinistcha|1
|-resisted|p2b: Delphox|1
|-damage|p2a: Sinistcha|0 fnt
|-damage|p2b: Delphox|59/100
|faint|p2a: Sinistcha
|move|p2b: Delphox|Nasty Plot|p2b: Delphox
|-boost|p2b: Delphox|spa|2
|move|p1b: Dragonite|Dragon Pulse|p2b: Delphox
|-damage|p2b: Delphox|9/100
|
|upkeep
|
|t:|1783103425
|switch|p2a: Garchomp|Garchomp, L50, M|100/100
|turn|5
|
|t:|1783103444
|move|p2b: Delphox|Protect|p2b: Delphox
|-singleturn|p2b: Delphox|Protect
|move|p1a: Ditto|Heat Wave|p2b: Delphox|[spread] p2a
|-activate|p2b: Delphox|move: Protect
|-resisted|p2a: Garchomp|1
|-damage|p2a: Garchomp|53/100
|move|p2a: Garchomp|Rock Slide|p1b: Dragonite|[spread] p1a,p1b
|-supereffective|p1a: Ditto|1
|-supereffective|p1b: Dragonite|1
|-damage|p1a: Ditto|0 fnt
|-damage|p1b: Dragonite|28/100
|faint|p1a: Ditto
|-damage|p2a: Garchomp|43/100|[from] item: Life Orb
|move|p1b: Dragonite|Dragon Pulse|p2a: Garchomp
|-supereffective|p2a: Garchomp|1
|-damage|p2a: Garchomp|0 fnt
|faint|p2a: Garchomp
|
|upkeep
|
|t:|1783103467
|switch|p2a: Farigiraf|Farigiraf, L50, M|55/100
|switch|p1a: Kingambit|Kingambit, L50, M, shiny|100/100
|-activate|p1a: Kingambit|ability: Supreme Overlord
|-start|p1a: Kingambit|fallen2|[silent]
|turn|6
|
|t:|1783103479
|move|p2b: Delphox|Protect||[still]
|-fail|p2b: Delphox
|move|p2a: Farigiraf|Protect|p2a: Farigiraf
|-singleturn|p2a: Farigiraf|Protect
|move|p1a: Kingambit|Protect|p1a: Kingambit
|-singleturn|p1a: Kingambit|Protect
|move|p1b: Dragonite|Dragon Pulse|p2b: Delphox
|-damage|p2b: Delphox|0 fnt
|faint|p2b: Delphox
|
|-sideend|p1: poke J.D.GC|move: Light Screen
|upkeep
|turn|7
|-message|lux raymundi forfeited.
|
|win|poke J.D.GC
