|j|☆EgoJJ
|j|☆notsadit
|html|EgoJJnotsadit    
|uhtml|bestof|Game 2 of a best-of-3
|t:|1756841037
|gametype|doubles
|player|p1|EgoJJ|brock|1110
|player|p2|notsadit|266|1026
|gen|9
|tier|[Gen 9] VGC 2025 Reg H (Bo3)
|rated|
|rule|Species Clause: Limit one of each Pokémon
|rule|Item Clause: Limit 1 of each item
|clearpoke
|poke|p1|Glimmora, L50, M|
|poke|p1|Tatsugiri, L50, M|
|poke|p1|Dondozo, L50, M|
|poke|p1|Rillaboom, L50, M|
|poke|p1|Volcarona, L50, M|
|poke|p1|Sneasler, L50, F|
|poke|p2|Incineroar, L50, M|
|poke|p2|Rillaboom, L50, F|
|poke|p2|Smeargle, L50, F|
|poke|p2|Dragonite, L50, M|
|poke|p2|Ursaluna-Bloodmoon, L50, M|
|poke|p2|Scizor, L50, M|
|teampreview|4
|showteam|p1|Glimmora||PowerHerb|ToxicDebris|MeteorBeam,SludgeBomb,EarthPower,SpikyShield|||M|||50|,,,,,Grass]Tatsugiri||FocusSash|Commander|DracoMeteor,MuddyWater,Taunt,Protect|||M|||50|,,,,,Stellar]Dondozo||CovertCloak|Unaware|WaveCrash,OrderUp,HeavySlam,Protect|||M|||50|,,,,,Steel]Rillaboom||AssaultVest|GrassySurge|FakeOut,GrassyGlide,WoodHammer,HighHorsepower|||M|||50|,,,,,Fire]Volcarona||SitrusBerry|FlameBody|FieryDance,TeraBlast,WillOWisp,Tailwind|||M|||50|,,,,,Fairy]Sneasler||GrassySeed|Unburden|DireClaw,CloseCombat,Coaching,Protect|||F|||50|,,,,,Stellar
|showteam|p2|Incineroar||SafetyGoggles|Intimidate|FakeOut,PartingShot,KnockOff,FlareBlitz|||M|||50|,,,,,Ghost]Rillaboom||AssaultVest|GrassySurge|FakeOut,GrassyGlide,WoodHammer,Uturn|||F|||50|,,,,,Water]Smeargle||FocusSash|Moody|FakeOut,Decorate,FollowMe,Spore|||F|||50|,,,,,Grass]Dragonite||LoadedDice|Multiscale|Protect,ScaleShot,Haze,Tailwind|||M|||50|,,,,,Steel]Ursaluna-Bloodmoon||LifeOrb|MindsEye|Protect,BloodMoon,EarthPower,HyperVoice|||M|||50|,,,,,Normal]Scizor||MetalCoat|Technician|Protect,SwordsDance,BulletPunch,CloseCombat|||M|||50|,,,,,Steel
|inactive|Battle timer is ON: inactive players will automatically lose when time's up. (requested by EgoJJ)
|
|t:|1756841051
|teamsize|p1|4
|teamsize|p2|4
|start
|switch|p1a: Glimmora|Glimmora, L50, M|100/100
|switch|p1b: Volcarona|Volcarona, L50, M|100/100
|switch|p2a: Ursaluna|Ursaluna-Bloodmoon, L50, M|100/100
|switch|p2b: Incineroar|Incineroar, L50, M|100/100
|-ability|p2b: Incineroar|Intimidate|boost
|-unboost|p1a: Glimmora|atk|1
|-unboost|p1b: Volcarona|atk|1
|turn|1
|inactive|EgoJJ has 30 seconds left.
|inactive|notsadit has 30 seconds left.
|inactive|EgoJJ has 20 seconds left.
|inactive|notsadit has 20 seconds left.
|inactive|EgoJJ has 15 seconds left.
|inactive|EgoJJ has 10 seconds left.
|inactive|EgoJJ has 5 seconds left.
|
|t:|1756841105
|move|p2b: Incineroar|Fake Out|p1b: Volcarona
|-damage|p1b: Volcarona|85/100
|cant|p1b: Volcarona|flinch
|move|p1a: Glimmora|Meteor Beam||[still]
|-prepare|p1a: Glimmora|Meteor Beam
|-boost|p1a: Glimmora|spa|1
|-enditem|p1a: Glimmora|Power Herb
|-anim|p1a: Glimmora|Meteor Beam|p2a: Ursaluna
|-resisted|p2a: Ursaluna
|-damage|p2a: Ursaluna|34/100
|move|p2a: Ursaluna|Blood Moon|p1b: Volcarona
|-damage|p1b: Volcarona|0 fnt
|faint|p1b: Volcarona
|-damage|p2a: Ursaluna|24/100|[from] item: Life Orb
|
|upkeep
|
|t:|1756841118
|switch|p1b: Tatsugiri|Tatsugiri, L50, M|100/100
|turn|2
|inactive|notsadit has 30 seconds left.
|
|t:|1756841152
|move|p2a: Ursaluna|Protect|p2a: Ursaluna
|-singleturn|p2a: Ursaluna|Protect
|move|p1a: Glimmora|Earth Power|p2b: Incineroar
|-supereffective|p2b: Incineroar
|-damage|p2b: Incineroar|19/100
|-unboost|p2b: Incineroar|spd|1
|move|p1b: Tatsugiri|Muddy Water|p2a: Ursaluna|[spread] 
|-activate|p2a: Ursaluna|move: Protect
|-miss|p1b: Tatsugiri|p2b: Incineroar
|move|p2b: Incineroar|Parting Shot|p1a: Glimmora
|-unboost|p1a: Glimmora|atk|1
|-unboost|p1a: Glimmora|spa|1
|
|t:|1756841168
|switch|p2b: Dragonite|Dragonite, L50, M|100/100|[from] Parting Shot
|
|upkeep
|turn|3
|inactive|EgoJJ has 30 seconds left.
|inactive|notsadit has 30 seconds left.
|inactive|EgoJJ has 20 seconds left.
|inactive|EgoJJ has 15 seconds left.
|inactive|EgoJJ has 10 seconds left.
|
|t:|1756841217
|switch|p2a: Incineroar|Incineroar, L50, M|19/100
|-ability|p2a: Incineroar|Intimidate|boost
|-unboost|p1a: Glimmora|atk|1
|-unboost|p1b: Tatsugiri|atk|1
|move|p1a: Glimmora|Earth Power|p2b: Dragonite
|-immune|p2b: Dragonite
|move|p1b: Tatsugiri|Muddy Water|p2b: Dragonite|[spread] 
|-miss|p1b: Tatsugiri|p2a: Incineroar
|-miss|p1b: Tatsugiri|p2b: Dragonite
|move|p2b: Dragonite|Tailwind|p2b: Dragonite
|-sidestart|p2: notsadit|move: Tailwind
|
|upkeep
|turn|4
|inactive|EgoJJ has 30 seconds left.
|inactive|notsadit has 30 seconds left.
|
|t:|1756841245
|switch|p2a: Ursaluna|Ursaluna-Bloodmoon, L50, M|24/100
|move|p2b: Dragonite|Scale Shot|p1b: Tatsugiri
|-supereffective|p1b: Tatsugiri
|-damage|p1b: Tatsugiri|42/100
|-supereffective|p1b: Tatsugiri
|-damage|p1b: Tatsugiri|0 fnt
|faint|p1b: Tatsugiri
|-hitcount|p1: Tatsugiri|2
|-unboost|p2b: Dragonite|def|1
|-boost|p2b: Dragonite|spe|1
|move|p1a: Glimmora|Earth Power|p2a: Ursaluna
|-damage|p2a: Ursaluna|0 fnt
|faint|p2a: Ursaluna
|
|upkeep
|
|t:|1756841261
|switch|p1b: Dondozo|Dondozo, L50, M|100/100
|switch|p2a: Smeargle|Smeargle, L50, F|100/100
|turn|5
|inactive|notsadit has 30 seconds left.
|
|t:|1756841294
|switch|p2a: Incineroar|Incineroar, L50, M|19/100
|-ability|p2a: Incineroar|Intimidate|boost
|-unboost|p1a: Glimmora|atk|1
|-unboost|p1b: Dondozo|atk|1
|-terastallize|p1b: Dondozo|Steel
|move|p2b: Dragonite|Haze|p2b: Dragonite
|-clearallboost
|move|p1a: Glimmora|Sludge Bomb|p2a: Incineroar
|-damage|p2a: Incineroar|0 fnt
|faint|p2a: Incineroar
|move|p1b: Dondozo|Wave Crash|p2b: Dragonite
|-resisted|p2b: Dragonite
|-damage|p2b: Dragonite|86/100
|-damage|p1b: Dondozo|97/100|[from] Recoil
|
|upkeep
|
|t:|1756841302
|switch|p2a: Smeargle|Smeargle, L50, F|100/100
|turn|6
|
|t:|1756841326
|move|p2a: Smeargle|Decorate|p2b: Dragonite
|-boost|p2b: Dragonite|atk|2
|-boost|p2b: Dragonite|spa|2
|move|p2b: Dragonite|Scale Shot|p1a: Glimmora
|-damage|p1a: Glimmora|64/100
|-activate|p1a: Glimmora|ability: Toxic Debris
|-sidestart|p2: notsadit|move: Toxic Spikes
|-damage|p1a: Glimmora|26/100
|-activate|p1a: Glimmora|ability: Toxic Debris
|-sidestart|p2: notsadit|move: Toxic Spikes
|-damage|p1a: Glimmora|0 fnt
|faint|p1a: Glimmora
|-hitcount|p1: Glimmora|3
|-unboost|p2b: Dragonite|def|1
|-boost|p2b: Dragonite|spe|1
|move|p1b: Dondozo|Order Up|p2b: Dragonite
|-supereffective|p2b: Dragonite
|-damage|p2b: Dragonite|33/100
|
|-sideend|p2: notsadit|move: Tailwind
|-ability|p2a: Smeargle|Moody|boost
|-boost|p2a: Smeargle|atk|2
|-unboost|p2a: Smeargle|spd|1
|upkeep
|turn|7
|inactive|notsadit has 30 seconds left.
|
|t:|1756841359
|move|p2b: Dragonite|Scale Shot|p1b: Dondozo
|-resisted|p1b: Dondozo
|-damage|p1b: Dondozo|92/100
|-resisted|p1b: Dondozo
|-damage|p1b: Dondozo|87/100
|-resisted|p1b: Dondozo
|-damage|p1b: Dondozo|82/100
|-resisted|p1b: Dondozo
|-damage|p1b: Dondozo|77/100
|-resisted|p1b: Dondozo
|-damage|p1b: Dondozo|72/100
|-hitcount|p1b: Dondozo|5
|-unboost|p2b: Dragonite|def|1
|-boost|p2b: Dragonite|spe|1
|move|p2a: Smeargle|Spore|p1b: Dondozo
|-status|p1b: Dondozo|slp|[from] move: Spore
|cant|p1b: Dondozo|slp
|
|-ability|p2a: Smeargle|Moody|boost
|-boost|p2a: Smeargle|spa|2
|-unboost|p2a: Smeargle|def|1
|upkeep
|turn|8
|
|t:|1756841373
|move|p2a: Smeargle|Follow Me|p2a: Smeargle
|-singleturn|p2a: Smeargle|move: Follow Me
|move|p2b: Dragonite|Scale Shot|p1b: Dondozo|[miss]
|-miss|p2b: Dragonite|p1b: Dondozo
|cant|p1b: Dondozo|slp
|
|-ability|p2a: Smeargle|Moody|boost
|-boost|p2a: Smeargle|spa|2
|-unboost|p2a: Smeargle|atk|1
|upkeep
|turn|9
|
|t:|1756841387
|move|p2a: Smeargle|Follow Me|p2a: Smeargle
|-singleturn|p2a: Smeargle|move: Follow Me
|move|p2b: Dragonite|Scale Shot|p1b: Dondozo
|-resisted|p1b: Dondozo
|-damage|p1b: Dondozo|66/100 slp
|-resisted|p1b: Dondozo
|-damage|p1b: Dondozo|61/100 slp
|-resisted|p1b: Dondozo
|-damage|p1b: Dondozo|56/100 slp
|-resisted|p1b: Dondozo
|-damage|p1b: Dondozo|51/100 slp
|-hitcount|p1b: Dondozo|4
|-unboost|p2b: Dragonite|def|1
|-boost|p2b: Dragonite|spe|1
|cant|p1b: Dondozo|slp
|
|-ability|p2a: Smeargle|Moody|boost
|-boost|p2a: Smeargle|def|2
|-unboost|p2a: Smeargle|spa|1
|upkeep
|turn|10
|
|t:|1756841401
|move|p2a: Smeargle|Follow Me|p2a: Smeargle
|-singleturn|p2a: Smeargle|move: Follow Me
|move|p2b: Dragonite|Scale Shot|p1b: Dondozo
|-resisted|p1b: Dondozo
|-damage|p1b: Dondozo|46/100 slp
|-resisted|p1b: Dondozo
|-damage|p1b: Dondozo|41/100 slp
|-resisted|p1b: Dondozo
|-damage|p1b: Dondozo|35/100 slp
|-resisted|p1b: Dondozo
|-damage|p1b: Dondozo|31/100 slp
|-resisted|p1b: Dondozo
|-damage|p1b: Dondozo|25/100 slp
|-hitcount|p1b: Dondozo|5
|-unboost|p2b: Dragonite|def|1
|-boost|p2b: Dragonite|spe|1
|-curestatus|p1b: Dondozo|slp|[msg]
|move|p1b: Dondozo|Order Up|p2a: Smeargle
|-damage|p2a: Smeargle|44/100
|
|-ability|p2a: Smeargle|Moody|boost
|-boost|p2a: Smeargle|spd|2
|-unboost|p2a: Smeargle|def|1
|upkeep
|turn|11
|
|t:|1756841415
|move|p2b: Dragonite|Haze|p2b: Dragonite
|-clearallboost
|move|p2a: Smeargle|Spore|p1b: Dondozo
|-status|p1b: Dondozo|slp|[from] move: Spore
|cant|p1b: Dondozo|slp
|
|-ability|p2a: Smeargle|Moody|boost
|-boost|p2a: Smeargle|spe|2
|-unboost|p2a: Smeargle|def|1
|upkeep
|turn|12
|
|t:|1756841430
|move|p2a: Smeargle|Follow Me|p2a: Smeargle
|-singleturn|p2a: Smeargle|move: Follow Me
|move|p2b: Dragonite|Scale Shot|p1b: Dondozo
|-resisted|p1b: Dondozo
|-damage|p1b: Dondozo|20/100 slp
|-resisted|p1b: Dondozo
|-damage|p1b: Dondozo|15/100 slp
|-resisted|p1b: Dondozo
|-damage|p1b: Dondozo|9/100 slp
|-resisted|p1b: Dondozo
|-damage|p1b: Dondozo|4/100 slp
|-resisted|p1b: Dondozo
|-damage|p1b: Dondozo|0 fnt
|faint|p1b: Dondozo
|-hitcount|p1: Dondozo|5
|
|win|notsadit
||EgoJJ is ready for game 3.
||notsadit is ready for game 3.
|uhtml|next|Next: Game 3 of 3
|l|☆notsadit
|player|p2|
