|j|☆dollartreehero
|j|☆boooobthebuilder
|html|dollartreeheroboooobthebuilder    
|uhtml|bestof|Game 1 of a best-of-3
|t:|1757777172
|gametype|doubles
|player|p1|dollartreehero|bugcatcher-gen4dp|1135
|player|p2|boooobthebuilder|101|1046
|gen|9
|tier|[Gen 9] VGC 2025 Reg H (Bo3)
|rated|
|rule|Species Clause: Limit one of each Pokémon
|rule|Item Clause: Limit 1 of each item
|clearpoke
|poke|p1|Talonflame, L50, F|
|poke|p1|Garchomp, L50, M|
|poke|p1|Tyranitar, L50, F|
|poke|p1|Milotic, L50, F|
|poke|p1|Sinistcha, L50|
|poke|p1|Gholdengo, L50|
|poke|p2|Rillaboom, L50, F|
|poke|p2|Magnezone, L50|
|poke|p2|Ninetales-Alola, L50, F|
|poke|p2|Volcarona, L50, F|
|poke|p2|Salamence, L50, M|
|poke|p2|Baxcalibur, L50, M|
|teampreview|4
|showteam|p1|Talonflame||CovertCloak|GaleWings|DualWingbeat,Tailwind,WillOWisp,Taunt|||F|||50|,,,,,Flying]Garchomp||LifeOrb|RoughSkin|Protect,StompingTantrum,Earthquake,DragonClaw|||M|||50|,,,,,Ground]Tyranitar||AssaultVest|SandStream|RockSlide,KnockOff,LowKick,TeraBlast|||F|||50|,,,,,Flying]Milotic||SafetyGoggles|Competitive|Scald,IcyWind,Haze,Protect|||F|||50|,,,,,Poison]Sinistcha||SitrusBerry|Hospitality|MatchaGotcha,TrickRoom,RagePowder,Imprison||||||50|,,,,,Water]Gholdengo||MetalCoat|GoodasGold|MakeItRain,ShadowBall,NastyPlot,Protect||||||50|,,,,,Flying
|showteam|p2|Rillaboom||AssaultVest|GrassySurge|FakeOut,GrassyGlide,WoodHammer,Uturn|||F|||50|,,,,,Fire]Magnezone||ChoiceSpecs|Analytic|Discharge,FlashCannon,TeraBlast,VoltSwitch||||||50|,,,,,Flying]Ninetales-Alola||FocusSash|SnowWarning|Protect,Blizzard,Moonblast,AuroraVeil|||F|||50|,,,,,Water]Volcarona||Leftovers|FlameBody|Protect,FieryDance,GigaDrain,QuiverDance|||F|||50|,,,,,Grass]Salamence||LifeOrb|Intimidate|Protect,AirSlash,DracoMeteor,Tailwind|||M|||50|,,,,,Flying]Baxcalibur||LoadedDice|ThermalExchange|Protect,IcicleSpear,GlaiveRush,IceShard|||M|||50|,,,,,Ghost
|inactive|Battle timer is ON: inactive players will automatically lose when time's up. (requested by boooobthebuilder)
|inactive|dollartreehero also wants the timer to be on.
|inactive|dollartreehero has 60 seconds left.
|inactive|boooobthebuilder has 60 seconds left.
|inactive|dollartreehero has 30 seconds left.
|
|t:|1757777244
|teamsize|p1|4
|teamsize|p2|4
|start
|switch|p1a: Milotic|Milotic, L50, F|100/100
|switch|p1b: Talonflame|Talonflame, L50, F|100/100
|switch|p2a: Salamence|Salamence, L50, M|100/100
|switch|p2b: Rillaboom|Rillaboom, L50, F|100/100
|-ability|p2a: Salamence|Intimidate|boost
|-unboost|p1a: Milotic|atk|1
|-ability|p1a: Milotic|Competitive|boost
|-boost|p1a: Milotic|spa|2
|-unboost|p1b: Talonflame|atk|1
|-fieldstart|move: Grassy Terrain|[from] ability: Grassy Surge|[of] p2b: Rillaboom
|turn|1
|
|t:|1757777257
|move|p1a: Milotic|Protect|p1a: Milotic
|-singleturn|p1a: Milotic|Protect
|move|p2b: Rillaboom|Fake Out|p1b: Talonflame
|-damage|p1b: Talonflame|78/100
|move|p1b: Talonflame|Tailwind|p1b: Talonflame
|-sidestart|p1: dollartreehero|move: Tailwind
|move|p2a: Salamence|Tailwind|p2a: Salamence
|-sidestart|p2: boooobthebuilder|move: Tailwind
|
|upkeep
|turn|2
|inactive|boooobthebuilder has 30 seconds left.
|inactive|boooobthebuilder has 20 seconds left.
|inactive|boooobthebuilder has 15 seconds left.
|
|t:|1757777301
|-terastallize|p1a: Milotic|Poison
|move|p1b: Talonflame|Will-O-Wisp|p2b: Rillaboom
|-status|p2b: Rillaboom|brn
|move|p2a: Salamence|Draco Meteor|p1b: Talonflame
|-damage|p1b: Talonflame|0 fnt
|-unboost|p2a: Salamence|spa|2
|faint|p1b: Talonflame
|-damage|p2a: Salamence|91/100|[from] item: Life Orb
|move|p2b: Rillaboom|U-turn|p1a: Milotic
|-resisted|p1a: Milotic
|-damage|p1a: Milotic|96/100
|
|t:|1757777314
|switch|p2b: Baxcalibur|Baxcalibur, L50, M|100/100|[from] U-turn
|move|p1a: Milotic|Icy Wind|p2b: Baxcalibur|[spread] p2b
|-miss|p1a: Milotic|p2a: Salamence
|-damage|p2b: Baxcalibur|80/100
|-unboost|p2b: Baxcalibur|spe|1
|
|-heal|p1a: Milotic|100/100|[from] Grassy Terrain
|-heal|p2b: Baxcalibur|86/100|[from] Grassy Terrain
|upkeep
|
|t:|1757777328
|switch|p1b: Gholdengo|Gholdengo, L50|100/100
|turn|3
|
|t:|1757777352
|switch|p2a: Ninetales|Ninetales-Alola, L50, F|100/100
|-weather|Snowscape|[from] ability: Snow Warning|[of] p2a: Ninetales
|move|p1b: Gholdengo|Shadow Ball|p2b: Baxcalibur
|-damage|p2b: Baxcalibur|43/100
|move|p1a: Milotic|Icy Wind|p2b: Baxcalibur|[spread] p2a
|-miss|p1a: Milotic|p2b: Baxcalibur
|-resisted|p2a: Ninetales
|-damage|p2a: Ninetales|87/100
|-unboost|p2a: Ninetales|spe|1
|move|p2b: Baxcalibur|Icicle Spear|p1b: Gholdengo
|-resisted|p1b: Gholdengo
|-damage|p1b: Gholdengo|92/100
|-resisted|p1b: Gholdengo
|-damage|p1b: Gholdengo|84/100
|-resisted|p1b: Gholdengo
|-damage|p1b: Gholdengo|75/100
|-resisted|p1b: Gholdengo
|-damage|p1b: Gholdengo|67/100
|-hitcount|p1b: Gholdengo|4
|
|-weather|Snowscape|[upkeep]
|-heal|p1b: Gholdengo|73/100|[from] Grassy Terrain
|-heal|p2a: Ninetales|93/100|[from] Grassy Terrain
|-heal|p2b: Baxcalibur|49/100|[from] Grassy Terrain
|upkeep
|turn|4
|inactive|boooobthebuilder has 30 seconds left.
|
|t:|1757777381
|move|p1b: Gholdengo|Make It Rain|p2a: Ninetales|[spread] p2a,p2b
|-supereffective|p2a: Ninetales
|-supereffective|p2b: Baxcalibur
|-damage|p2a: Ninetales|0 fnt
|-damage|p2b: Baxcalibur|0 fnt
|-unboost|p1b: Gholdengo|spa|1
|faint|p2a: Ninetales
|faint|p2b: Baxcalibur
|move|p1a: Milotic|Icy Wind|p2: Ninetales|[notarget]
|-fail|p1a: Milotic
|
|-weather|Snowscape|[upkeep]
|-heal|p1b: Gholdengo|79/100|[from] Grassy Terrain
|-sideend|p1: dollartreehero|move: Tailwind
|-sideend|p2: boooobthebuilder|move: Tailwind
|upkeep
|
|t:|1757777386
|switch|p2a: Salamence|Salamence, L50, M|91/100
|switch|p2b: Rillaboom|Rillaboom, L50, F|100/100 brn
|-ability|p2a: Salamence|Intimidate|boost
|-unboost|p1a: Milotic|atk|1
|-ability|p1a: Milotic|Competitive|boost
|-boost|p1a: Milotic|spa|2
|-unboost|p1b: Gholdengo|atk|1
|turn|5
|
|t:|1757777415
|move|p1a: Milotic|Protect|p1a: Milotic
|-singleturn|p1a: Milotic|Protect
|move|p2a: Salamence|Tailwind|p2a: Salamence
|-sidestart|p2: boooobthebuilder|move: Tailwind
|move|p2b: Rillaboom|Wood Hammer|p1b: Gholdengo
|-resisted|p1b: Gholdengo
|-damage|p1b: Gholdengo|58/100
|-damage|p2b: Rillaboom|94/100 brn|[from] Recoil
|move|p1b: Gholdengo|Nasty Plot|p1b: Gholdengo
|-boost|p1b: Gholdengo|spa|2
|
|-weather|Snowscape|[upkeep]
|-heal|p2b: Rillaboom|100/100 brn|[from] Grassy Terrain
|-heal|p1b: Gholdengo|64/100|[from] Grassy Terrain
|-damage|p2b: Rillaboom|94/100 brn|[from] brn
|-fieldend|move: Grassy Terrain
|upkeep
|turn|6
|
|t:|1757777434
|-terastallize|p2a: Salamence|Flying
|move|p2a: Salamence|Air Slash|p1b: Gholdengo|[miss]
|-miss|p2a: Salamence|p1b: Gholdengo
|move|p2b: Rillaboom|Wood Hammer|p1a: Milotic
|-resisted|p1a: Milotic
|-damage|p1a: Milotic|88/100
|-damage|p2b: Rillaboom|90/100 brn|[from] Recoil
|move|p1b: Gholdengo|Make It Rain|p2a: Salamence|[spread] p2a,p2b
|-damage|p2a: Salamence|0 fnt
|-damage|p2b: Rillaboom|27/100 brn
|-unboost|p1b: Gholdengo|spa|1
|faint|p2a: Salamence
|move|p1a: Milotic|Icy Wind|p2b: Rillaboom
|-supereffective|p2b: Rillaboom
|-damage|p2b: Rillaboom|0 fnt
|faint|p2b: Rillaboom
|
|win|dollartreehero
||boooobthebuilder is ready for game 2.
|inactive|dollartreehero has 30 seconds to confirm battle start!
||dollartreehero is ready for game 2.
|uhtml|next|Next: Game 2 of 3
