|j|☆whoopeesucle
|j|☆littlepotato13
|html|whoopeesuclelittlepotato13    
|uhtml|bestof|Game 1 of a best-of-3
|t:|1784509287
|gametype|doubles
|player|p1|whoopeesucle|1|1066
|player|p2|littlepotato13|2|1168
|gen|9
|tier|[Gen 9 Champions] VGC 2026 Reg M-B (Bo3)
|rated|
|rule|Species Clause: Limit one of each Pokémon
|rule|Item Clause: Limit 1 of each item
|clearpoke
|poke|p1|Meganium, L50, F|
|poke|p1|Aerodactyl, L50, F|
|poke|p1|Farigiraf, L50, M|
|poke|p1|Kingambit, L50, F|
|poke|p1|Ceruledge, L50, M|
|poke|p1|Maushold, L50|
|poke|p2|Whimsicott, L50, F|
|poke|p2|Floette-Eternal, L50, F|
|poke|p2|Garchomp, L50, M|
|poke|p2|Charizard, L50, F|
|poke|p2|Basculegion, L50, M|
|poke|p2|Kingambit, L50, M|
|teampreview|4
|showteam|p1|Meganium||Meganiumite|LeafGuard|WeatherBall,DazzlingGleam,SolarBeam,Protect|Modest||F|||50|]Aerodactyl||FocusSash|Unnerve|DualWingbeat,RockSlide,WideGuard,Tailwind|Jolly||F|||50|]Farigiraf||SitrusBerry|ArmorTail|TrickRoom,HelpingHand,Psychic,Protect|Relaxed||M|||50|]Kingambit||LifeOrb|Defiant|SuckerPunch,KowtowCleave,IronHead,Protect|Brave||F|||50|]Ceruledge||ColburBerry|FlashFire|BitterBlade,BulkUp,ShadowSneak,Protect|Adamant||M|||50|]Maushold||ChopleBerry|FriendGuard|Feint,SuperFang,Protect,FollowMe|Jolly|||||50|
|showteam|p2|Whimsicott||FocusSash|Prankster|Protect,Tailwind,Encore,Moonblast|Timid||F|||50|]Floette-Eternal||Floettite|FlowerVeil|Protect,DazzlingGleam,Moonblast,LightofRuin|Modest||F|||50|]Garchomp||LifeOrb|RoughSkin|Protect,RockSlide,DragonClaw,Earthquake|Jolly||M|||50|]Charizard||CharizarditeY|Blaze|Protect,SolarBeam,HeatWave,WeatherBall|Modest||F|||50|]Basculegion||ChoiceScarf|Adaptability|AquaJet,FlipTurn,WaveCrash,LastRespects|Jolly||M|||50|]Kingambit||BlackGlasses|Defiant|Protect,KowtowCleave,SuckerPunch,IronHead|Adamant||M|||50|
|inactive|Battle timer is ON: inactive players will automatically lose when time's up. (requested by littlepotato13)
|inactive|whoopeesucle has 60 seconds left.
|inactive|littlepotato13 has 60 seconds left.
|inactive|littlepotato13 has 30 seconds left.
|
|t:|1784509351
|teamsize|p1|4
|teamsize|p2|4
|start
|switch|p1a: Aerodactyl|Aerodactyl, L50, F|100/100
|switch|p1b: Meganium|Meganium, L50, F|100/100
|switch|p2a: Kingambit|Kingambit, L50, M|100/100
|switch|p2b: Whimsicott|Whimsicott, L50, F|100/100
|-ability|p1a: Aerodactyl|Unnerve
|turn|1
|
|t:|1784509371
|switch|p2a: Garchomp|Garchomp, L50, M|100/100
|detailschange|p1b: Meganium|Meganium-Mega, L50, F
|-mega|p1b: Meganium|Meganium|Meganiumite
|move|p2b: Whimsicott|Tailwind|p2b: Whimsicott
|-sidestart|p2: littlepotato13|move: Tailwind
|move|p1a: Aerodactyl|Rock Slide|p2b: Whimsicott|[spread] p2a,p2b
|-resisted|p2a: Garchomp|1
|-damage|p2a: Garchomp|87/100
|-damage|p2b: Whimsicott|62/100
|move|p1b: Meganium|Weather Ball|p2a: Garchomp
|-resisted|p2a: Garchomp|1
|-damage|p2a: Garchomp|50/100g
|
|upkeep
|turn|2
|
|t:|1784509388
|switch|p1a: Farigiraf|Farigiraf, L50, M|100/100
|move|p2b: Whimsicott|Encore||[still]
|cant|p1a: Farigiraf|ability: Armor Tail|Encore|[of] p2b: Whimsicott
|move|p2a: Garchomp|Rock Slide|p1b: Meganium|[spread] p1a,p1b
|-damage|p1a: Farigiraf|81/100
|-damage|p1b: Meganium|79/100
|-damage|p2a: Garchomp|41/100|[from] item: Life Orb
|cant|p1b: Meganium|flinch
|
|upkeep
|turn|3
|
|t:|1784509401
|move|p1a: Farigiraf|Helping Hand|p1b: Meganium
|-singleturn|p1b: Meganium|Helping Hand|[of] p1a: Farigiraf
|move|p2b: Whimsicott|Moonblast|p1a: Farigiraf
|-damage|p1a: Farigiraf|49/100
|-enditem|p1a: Farigiraf|Sitrus Berry|[eat]
|-heal|p1a: Farigiraf|74/100|[from] item: Sitrus Berry
|move|p2a: Garchomp|Dragon Claw|p1a: Farigiraf
|-damage|p1a: Farigiraf|34/100
|-damage|p2a: Garchomp|31/100|[from] item: Life Orb
|move|p1b: Meganium|Dazzling Gleam|p2a: Garchomp|[spread] p2a,p2b
|-supereffective|p2a: Garchomp|1
|-damage|p2a: Garchomp|0 fnt
|-damage|p2b: Whimsicott|0 fnt
|faint|p2a: Garchomp
|faint|p2b: Whimsicott
|
|upkeep
|
|t:|1784509409
|switch|p2b: Floette|Floette-Eternal, L50, F|100/100
|switch|p2a: Kingambit|Kingambit, L50, M|100/100
|turn|4
|inactive|whoopeesucle has 30 seconds left.
|
|t:|1784509443
|detailschange|p2b: Floette|Floette-Mega, L50, F
|-mega|p2b: Floette|Floette|Floettite
|-ability|p2b: Floette|Fairy Aura
|move|p1b: Meganium|Protect|p1b: Meganium
|-singleturn|p1b: Meganium|Protect
|move|p1a: Farigiraf|Protect|p1a: Farigiraf
|-singleturn|p1a: Farigiraf|Protect
|move|p2b: Floette|Dazzling Gleam|p1b: Meganium|[spread] 
|-activate|p1a: Farigiraf|move: Protect
|-activate|p1b: Meganium|move: Protect
|move|p2a: Kingambit|Iron Head|p1b: Meganium
|-activate|p1b: Meganium|move: Protect
|
|-sideend|p2: littlepotato13|move: Tailwind
|upkeep
|turn|5
|
|t:|1784509463
|move|p1a: Farigiraf|Helping Hand|p1b: Meganium
|-singleturn|p1b: Meganium|Helping Hand|[of] p1a: Farigiraf
|move|p2b: Floette|Light of Ruin|p1b: Meganium
|-damage|p1b: Meganium|0 fnt
|faint|p1b: Meganium
|-damage|p2b: Floette|53/100|[from] Recoil
|move|p2a: Kingambit|Kowtow Cleave|p1a: Farigiraf
|-supereffective|p1a: Farigiraf|1
|-damage|p1a: Farigiraf|0 fnt
|faint|p1a: Farigiraf
|
|upkeep
|
|t:|1784509474
|switch|p1b: Kingambit|Kingambit, L50, F|100/100
|switch|p1a: Aerodactyl|Aerodactyl, L50, F|100/100
|-ability|p1a: Aerodactyl|Unnerve
|turn|6
|
|t:|1784509496
|move|p2b: Floette|Protect|p2b: Floette
|-singleturn|p2b: Floette|Protect
|move|p1a: Aerodactyl|Wide Guard|p1a: Aerodactyl
|-singleturn|p1a: Aerodactyl|Wide Guard
|move|p2a: Kingambit|Iron Head|p1a: Aerodactyl
|-supereffective|p1a: Aerodactyl|1
|-enditem|p1a: Aerodactyl|Focus Sash
|-damage|p1a: Aerodactyl|1/100
|move|p1b: Kingambit|Iron Head|p2b: Floette
|-activate|p2b: Floette|move: Protect
|
|upkeep
|turn|7
|
|t:|1784509507
|move|p2a: Kingambit|Sucker Punch||[still]
|-fail|p2a: Kingambit
|move|p1a: Aerodactyl|Tailwind|p1a: Aerodactyl
|-sidestart|p1: whoopeesucle|move: Tailwind
|move|p2b: Floette|Light of Ruin|p1b: Kingambit
|-damage|p1b: Kingambit|0 fnt
|faint|p1b: Kingambit
|-damage|p2b: Floette|0 fnt|[from] Recoil
|faint|p2b: Floette
|
|upkeep
|turn|8
|
|t:|1784509516
|move|p1a: Aerodactyl|Rock Slide|p2a: Kingambit
|-resisted|p2a: Kingambit|1
|-damage|p2a: Kingambit|86/100
|cant|p2a: Kingambit|flinch
|
|upkeep
|turn|9
|
|t:|1784509519
|move|p1a: Aerodactyl|Rock Slide|p2a: Kingambit
|-resisted|p2a: Kingambit|1
|-damage|p2a: Kingambit|73/100
|move|p2a: Kingambit|Kowtow Cleave|p1a: Aerodactyl
|-damage|p1a: Aerodactyl|0 fnt
|faint|p1a: Aerodactyl
|
|win|littlepotato13
||whoopeesucle is ready for game 2.
||littlepotato13 is ready for game 2.
|uhtml|next|Next: Game 2 of 3
|l|☆whoopeesucle
|player|p1|
