|j|☆tsteelerfan
|j|☆reshiee
|html|tsteelerfanreshiee    
|uhtml|bestof|Game 2 of a best-of-3
|t:|1784494163
|gametype|doubles
|player|p1|tsteelerfan|2|1105
|player|p2|reshiee|gwynn|1000
|gen|9
|tier|[Gen 9 Champions] VGC 2026 Reg M-B (Bo3)
|rated|
|rule|Species Clause: Limit one of each Pokémon
|rule|Item Clause: Limit 1 of each item
|clearpoke
|poke|p1|Rampardos, L50, M|
|poke|p1|Whimsicott, L50, M|
|poke|p1|Incineroar, L50, M|
|poke|p1|Blaziken, L50, F|
|poke|p1|Rotom-Wash, L50|
|poke|p1|Machamp, L50, M|
|poke|p2|Charizard, L50, M|
|poke|p2|Venusaur, L50, F|
|poke|p2|Pelipper, L50, F|
|poke|p2|Grimmsnarl, L50, M|
|poke|p2|Basculegion, L50, M|
|poke|p2|Archaludon, L50, M|
|teampreview|4
|showteam|p1|Rampardos||ChoiceScarf|SheerForce|IronHead,FirePunch,Avalanche,HeadSmash|Careful||M|||50|]Whimsicott||FocusSash|Prankster|Tailwind,DazzlingGleam,Encore,Memento|Timid||M|||50|]Incineroar||SitrusBerry|Intimidate|PartingShot,FlareBlitz,FakeOut,Protect|Serious||M|||50|]Blaziken||Blazikenite|SpeedBoost|RockSlide,SwordsDance,Protect,BatonPass|Jolly||F|||50|]Rotom-Wash||Magnet|Levitate|VoltSwitch,Protect,LightScreen,HydroPump|Modest|||||50|]Machamp||CobaBerry|NoGuard|DarkestLariat,StoneEdge,Detect,DynamicPunch|Adamant||M|||50|
|showteam|p2|Charizard||CharizarditeY|Blaze|HeatWave,WeatherBall,SolarBeam,Protect|Modest||M|||50|]Venusaur||FocusSash|Chlorophyll|SludgeBomb,EarthPower,SleepPowder,Protect|Modest||F|||50|]Pelipper||SitrusBerry|Drizzle|Hurricane,WeatherBall,Tailwind,WideGuard|Modest||F|||50|]Grimmsnarl||LightClay|Prankster|SpiritBreak,Reflect,LightScreen,PartingShot|Sassy||M|||50|]Basculegion||ChoiceScarf|Adaptability|WaveCrash,LastRespects,FlipTurn,AquaJet|Jolly||M|||50|]Archaludon||Leftovers|Stamina|DragonPulse,FlashCannon,ElectroShot,Protect|Calm||M|||50|
|
|t:|1784494227
|teamsize|p1|4
|teamsize|p2|4
|start
|switch|p1a: Blaziken|Blaziken, L50, F|100/100
|switch|p1b: Rotom|Rotom-Wash, L50|100/100
|switch|p2a: Grimmsnarl|Grimmsnarl, L50, M|100/100
|switch|p2b: Archaludon|Archaludon, L50, M|100/100
|turn|1
|inactive|Battle timer is ON: inactive players will automatically lose when time's up. (requested by tsteelerfan)
|
|t:|1784494255
|detailschange|p1a: Blaziken|Blaziken-Mega, L50, F
|-mega|p1a: Blaziken|Blaziken|Blazikenite
|move|p2a: Grimmsnarl|Light Screen|p2a: Grimmsnarl
|-sidestart|p2: reshiee|move: Light Screen
|move|p1a: Blaziken|Swords Dance|p1a: Blaziken
|-boost|p1a: Blaziken|atk|2
|move|p1b: Rotom|Light Screen|p1b: Rotom
|-sidestart|p1: tsteelerfan|move: Light Screen
|move|p2b: Archaludon|Dragon Pulse|p1b: Rotom
|-damage|p1b: Rotom|74/100
|
|-ability|p1a: Blaziken|Speed Boost|boost
|-boost|p1a: Blaziken|spe|1
|upkeep
|turn|2
|
|t:|1784494278
|move|p2a: Grimmsnarl|Reflect|p2a: Grimmsnarl
|-sidestart|p2: reshiee|Reflect
|move|p1a: Blaziken|Baton Pass|p1a: Blaziken
|
|t:|1784494282
|switch|p1a: Machamp|Machamp, L50, M|100/100|[from] Baton Pass
|move|p1b: Rotom|Volt Switch|p2a: Grimmsnarl
|-damage|p2a: Grimmsnarl|77/100
|
|t:|1784494288
|switch|p1b: Incineroar|Incineroar, L50, M|100/100|[from] Volt Switch
|-ability|p1b: Incineroar|Intimidate|boost
|-unboost|p2a: Grimmsnarl|atk|1
|-unboost|p2b: Archaludon|atk|1
|move|p2b: Archaludon|Dragon Pulse|p1b: Incineroar
|-damage|p1b: Incineroar|79/100
|
|upkeep
|turn|3
|inactive|reshiee has 30 seconds left.
|
|t:|1784494320
|move|p2b: Archaludon|Protect|p2b: Archaludon
|-singleturn|p2b: Archaludon|Protect
|move|p2a: Grimmsnarl|Parting Shot|p1a: Machamp
|-unboost|p1a: Machamp|atk|1
|-unboost|p1a: Machamp|spa|1
|
|t:|1784494326
|switch|p2a: Pelipper|Pelipper, L50, F|100/100|[from] Parting Shot
|-weather|RainDance|[from] ability: Drizzle|[of] p2a: Pelipper
|move|p1a: Machamp|Dynamic Punch|p2a: Pelipper
|-resisted|p2a: Pelipper|1
|-damage|p2a: Pelipper|70/100
|-start|p2a: Pelipper|confusion
|move|p1b: Incineroar|Parting Shot|p2b: Archaludon
|-activate|p2b: Archaludon|move: Protect
|
|-weather|RainDance|[upkeep]
|upkeep
|turn|4
|inactive|reshiee has 30 seconds left.
|
|t:|1784494357
|move|p1a: Machamp|Stone Edge|p2a: Pelipper
|-supereffective|p2a: Pelipper|1
|-damage|p2a: Pelipper|0 fnt
|faint|p2a: Pelipper
|move|p2b: Archaludon|Electro Shot||[still]
|-prepare|p2b: Archaludon|Electro Shot
|-boost|p2b: Archaludon|spa|1
|-anim|p2b: Archaludon|Electro Shot|p1a: Machamp
|-damage|p1a: Machamp|60/100
|move|p1b: Incineroar|Parting Shot|p2b: Archaludon
|-unboost|p2b: Archaludon|atk|1
|-unboost|p2b: Archaludon|spa|1
|
|t:|1784494373
|switch|p1b: Rotom|Rotom-Wash, L50|74/100|[from] Parting Shot
|
|-weather|RainDance|[upkeep]
|upkeep
|
|t:|1784494380
|switch|p2a: Grimmsnarl|Grimmsnarl, L50, M|77/100
|turn|5
|
|t:|1784494406
|move|p1a: Machamp|Detect|p1a: Machamp
|-singleturn|p1a: Machamp|Protect
|move|p1b: Rotom|Volt Switch|p2a: Grimmsnarl
|-damage|p2a: Grimmsnarl|54/100
|
|t:|1784494411
|switch|p1b: Incineroar|Incineroar, L50, M|79/100|[from] Volt Switch
|-ability|p1b: Incineroar|Intimidate|boost
|-unboost|p2a: Grimmsnarl|atk|1
|-unboost|p2b: Archaludon|atk|1
|move|p2b: Archaludon|Electro Shot||[still]
|-prepare|p2b: Archaludon|Electro Shot
|-boost|p2b: Archaludon|spa|1
|-anim|p2b: Archaludon|Electro Shot|p1a: Machamp
|-activate|p1a: Machamp|move: Protect
|move|p2a: Grimmsnarl|Spirit Break|p1a: Machamp
|-activate|p1a: Machamp|move: Protect
|
|-weather|RainDance|[upkeep]
|-sideend|p1: tsteelerfan|move: Light Screen
|upkeep
|turn|6
|inactive|reshiee has 30 seconds left.
|
|t:|1784494437
|move|p2b: Archaludon|Protect|p2b: Archaludon
|-singleturn|p2b: Archaludon|Protect
|move|p1b: Incineroar|Fake Out|p2a: Grimmsnarl
|-damage|p2a: Grimmsnarl|47/100
|cant|p2a: Grimmsnarl|flinch
|move|p1a: Machamp|Dynamic Punch|p2b: Archaludon
|-activate|p2b: Archaludon|move: Protect
|
|-weather|RainDance|[upkeep]
|upkeep
|turn|7
|inactive|reshiee has 30 seconds left.
|
|t:|1784494465
|move|p2a: Grimmsnarl|Parting Shot|p1a: Machamp
|-unboost|p1a: Machamp|atk|1
|-unboost|p1a: Machamp|spa|1
|
|t:|1784494469
|switch|p2a: Basculegion|Basculegion, L50, M|100/100|[from] Parting Shot
|move|p1a: Machamp|Dynamic Punch|p2b: Archaludon
|-supereffective|p2b: Archaludon|1
|-damage|p2b: Archaludon|45/100
|-start|p2b: Archaludon|confusion
|-ability|p2b: Archaludon|Stamina|boost
|-boost|p2b: Archaludon|def|1
|-activate|p2b: Archaludon|confusion
|-damage|p2b: Archaludon|43/100|[from] confusion
|move|p1b: Incineroar|Parting Shot|p2b: Archaludon
|-unboost|p2b: Archaludon|atk|1
|-unboost|p2b: Archaludon|spa|1
|
|t:|1784494482
|switch|p1b: Rotom|Rotom-Wash, L50|74/100|[from] Parting Shot
|
|-weather|none
|-heal|p2b: Archaludon|49/100|[from] item: Leftovers
|upkeep
|turn|8
|
|t:|1784494506
|move|p1a: Machamp|Detect|p1a: Machamp
|-singleturn|p1a: Machamp|Protect
|-activate|p2b: Archaludon|confusion
|move|p2b: Archaludon|Protect|p2b: Archaludon
|-singleturn|p2b: Archaludon|Protect
|move|p2a: Basculegion|Flip Turn|p1a: Machamp
|-activate|p1a: Machamp|move: Protect
|move|p1b: Rotom|Volt Switch|p2a: Basculegion
|-supereffective|p2a: Basculegion|1
|-damage|p2a: Basculegion|44/100
|
|t:|1784494518
|switch|p1b: Incineroar|Incineroar, L50, M|79/100|[from] Volt Switch
|-ability|p1b: Incineroar|Intimidate|boost
|-unboost|p2a: Basculegion|atk|1
|-unboost|p2b: Archaludon|atk|1
|
|-heal|p2b: Archaludon|55/100|[from] item: Leftovers
|-sideend|p2: reshiee|move: Light Screen
|upkeep
|turn|9
|inactive|tsteelerfan has 30 seconds left.
|
|t:|1784494548
|switch|p1a: Blaziken|Blaziken-Mega, L50, F|100/100
|move|p2a: Basculegion|Flip Turn|p1a: Blaziken
|-supereffective|p1a: Blaziken|1
|-crit|p1a: Blaziken
|-damage|p1a: Blaziken|0 fnt
|faint|p1a: Blaziken
|
|t:|1784494556
|switch|p2a: Grimmsnarl|Grimmsnarl, L50, M|47/100|[from] Flip Turn
|-activate|p2b: Archaludon|confusion
|move|p2b: Archaludon|Dragon Pulse|p1b: Incineroar
|-damage|p1b: Incineroar|50/100g
|move|p1b: Incineroar|Parting Shot|p2a: Grimmsnarl
|-unboost|p2a: Grimmsnarl|atk|1
|-unboost|p2a: Grimmsnarl|spa|1
|
|t:|1784494563
|switch|p1b: Machamp|Machamp, L50, M|60/100|[from] Parting Shot
|
|-heal|p2b: Archaludon|61/100|[from] item: Leftovers
|-sideend|p2: reshiee|Reflect
|upkeep
|
|t:|1784494569
|switch|p1a: Incineroar|Incineroar, L50, M|50/100g
|-ability|p1a: Incineroar|Intimidate|boost
|-unboost|p2a: Grimmsnarl|atk|1
|-unboost|p2b: Archaludon|atk|1
|turn|10
|inactive|reshiee has 30 seconds left.
|
|t:|1784494602
|switch|p2a: Basculegion|Basculegion, L50, M|44/100
|move|p1a: Incineroar|Fake Out|p2a: Basculegion
|-immune|p2a: Basculegion
|-end|p2b: Archaludon|confusion
|move|p2b: Archaludon|Dragon Pulse|p1b: Machamp
|-damage|p1b: Machamp|18/100
|move|p1b: Machamp|Dynamic Punch|p2b: Archaludon
|-supereffective|p2b: Archaludon|1
|-damage|p2b: Archaludon|6/100
|-start|p2b: Archaludon|confusion
|-ability|p2b: Archaludon|Stamina|boost
|-boost|p2b: Archaludon|def|1
|
|-heal|p2b: Archaludon|12/100|[from] item: Leftovers
|upkeep
|turn|11
|inactive|reshiee has 30 seconds left.
|
|t:|1784494635
|move|p1a: Incineroar|Protect|p1a: Incineroar
|-singleturn|p1a: Incineroar|Protect
|move|p2a: Basculegion|Flip Turn|p1b: Machamp
|-damage|p1b: Machamp|0 fnt
|faint|p1b: Machamp
|
|t:|1784494642
|switch|p2a: Grimmsnarl|Grimmsnarl, L50, M|47/100|[from] Flip Turn
|-activate|p2b: Archaludon|confusion
|move|p2b: Archaludon|Dragon Pulse|p1a: Incineroar
|-activate|p1a: Incineroar|move: Protect
|
|-heal|p2b: Archaludon|18/100|[from] item: Leftovers
|upkeep
|
|t:|1784494646
|switch|p1b: Rotom|Rotom-Wash, L50|74/100
|turn|12
|
|t:|1784494660
|-activate|p2b: Archaludon|confusion
|-damage|p2b: Archaludon|17/100|[from] confusion
|move|p2a: Grimmsnarl|Light Screen|p2a: Grimmsnarl
|-sidestart|p2: reshiee|move: Light Screen
|move|p1b: Rotom|Volt Switch|p2b: Archaludon
|-resisted|p2b: Archaludon|1
|-damage|p2b: Archaludon|6/100
|-ability|p2b: Archaludon|Stamina|boost
|-boost|p2b: Archaludon|def|1
|move|p1a: Incineroar|Flare Blitz|p2b: Archaludon
|-damage|p2b: Archaludon|0 fnt
|faint|p2b: Archaludon
|-damage|p1a: Incineroar|49/100|[from] Recoil
|-enditem|p1a: Incineroar|Sitrus Berry|[eat]
|-heal|p1a: Incineroar|73/100|[from] item: Sitrus Berry
|
|upkeep
|
|t:|1784494673
|switch|p2b: Basculegion|Basculegion, L50, M|44/100
|turn|13
|
|t:|1784494694
|move|p2a: Grimmsnarl|Parting Shot|p1b: Rotom
|-unboost|p1b: Rotom|atk|1
|-unboost|p1b: Rotom|spa|1
|move|p2b: Basculegion|Last Respects|p1b: Rotom
|-damage|p1b: Rotom|0 fnt
|faint|p1b: Rotom
|move|p1a: Incineroar|Parting Shot|p2b: Basculegion
|-unboost|p2b: Basculegion|atk|1
|-unboost|p2b: Basculegion|spa|1
|
|upkeep
|turn|14
|
|t:|1784494710
|move|p2b: Basculegion|Last Respects|p1a: Incineroar
|-resisted|p1a: Incineroar|1
|-damage|p1a: Incineroar|48/100
|move|p1a: Incineroar|Flare Blitz|p2a: Grimmsnarl
|-damage|p2a: Grimmsnarl|2/100
|-damage|p1a: Incineroar|33/100|[from] Recoil
|move|p2a: Grimmsnarl|Spirit Break|p1a: Incineroar
|-damage|p1a: Incineroar|6/100
|-unboost|p1a: Incineroar|spa|1
|
|upkeep
|turn|15
|-message|tsteelerfan forfeited.
|
|win|reshiee
|raw|tsteelerfan's rating: 1105 → 1073(-32 for losing)
|raw|reshiee's rating: 1000 → 1052(+52 for winning)
|l|☆tsteelerfan
|player|p1|
