|j|☆Frakub
|j|☆dr_sugus_vgc
|html|Frakubdr_sugus_vgc    
|uhtml|bestof|Game 1 of a best-of-3
|t:|1756378762
|gametype|doubles
|player|p1|Frakub|acetrainer-gen4dp|1212
|player|p2|dr_sugus_vgc|265|1176
|gen|9
|tier|[Gen 9] VGC 2025 Reg H (Bo3)
|rated|
|rule|Species Clause: Limit one of each Pokémon
|rule|Item Clause: Limit 1 of each item
|clearpoke
|poke|p1|Kingambit, L50, F|
|poke|p1|Rillaboom, L50, M|
|poke|p1|Ninetales-Alola, L50, F|
|poke|p1|Dragonite, L50, M|
|poke|p1|Magmar, L50, M|
|poke|p1|Sneasler, L50, F|
|poke|p2|Weezing-Galar, L50, M|
|poke|p2|Incineroar, L50, M|
|poke|p2|Sinistcha, L50|
|poke|p2|Corviknight, L50, F|
|poke|p2|Baxcalibur, L50, F|
|poke|p2|Swampert, L50, M|
|teampreview|4
|showteam|p1|Kingambit||BlackGlasses|Defiant|KowtowCleave,SuckerPunch,SwordsDance,Protect|||F|||50|,,,,,Dark]Rillaboom||AssaultVest|GrassySurge|WoodHammer,GrassyGlide,HighHorsepower,FakeOut|||M|||50|,,,,,Fire]Ninetales-Alola||LightClay|SnowWarning|Blizzard,FreezeDry,Protect,AuroraVeil|||F|||50|,,,,,Ghost]Dragonite||LoadedDice|Multiscale|ScaleShot,ExtremeSpeed,Haze,Protect|||M|||50|,,,,,Steel]Magmar||Eviolite|VitalSpirit|Taunt,Overheat,FollowMe,Protect|||M|||50|,,,,,Ghost]Sneasler||FocusSash|PoisonTouch|FakeOut,DireClaw,CloseCombat,Protect|||F|||50|,,,,,Ghost
|showteam|p2|Weezing-Galar||SitrusBerry|MistySurge|SludgeBomb,Flamethrower,Haze,Protect|||M|||50|,,,,,Steel]Incineroar||AssaultVest|Intimidate|FakeOut,FlareBlitz,KnockOff,Snarl|||M|||50|,,,,,Grass]Sinistcha||BigRoot|Hospitality|MatchaGotcha,StrengthSap,Scald,TrickRoom||||||50|,,,,,Fairy]Corviknight||CovertCloak|MirrorArmor|BodyPress,BraveBird,Tailwind,BulkUp|||F|||50|,,,,,Dragon]Baxcalibur||LoadedDice|ThermalExchange|IcicleSpear,HighHorsepower,SwordsDance,Protect|||F|||50|,,,,,Ground]Swampert||ClearAmulet|Damp|HighHorsepower,Liquidation,KnockOff,Protect|||M|||50|,,,,,Fire
|inactive|Battle timer is ON: inactive players will automatically lose when time's up. (requested by Frakub)
|j| famo sesso
|inactive|Frakub has 60 seconds left.
|inactive|dr_sugus_vgc has 60 seconds left.
|inactive|Frakub has 30 seconds left.
|
|t:|1756378830
|teamsize|p1|4
|teamsize|p2|4
|start
|switch|p1a: Kingambit|Kingambit, L50, F|100/100
|switch|p1b: Magmar|Magmar, L50, M|100/100
|switch|p2a: Sinistcha|Sinistcha, L50|100/100
|switch|p2b: Corviknight|Corviknight, L50, F|100/100
|turn|1
|inactive|dr_sugus_vgc has 30 seconds left.
|inactive|dr_sugus_vgc has 20 seconds left.
|inactive|dr_sugus_vgc has 15 seconds left.
|inactive|dr_sugus_vgc has 10 seconds left.
|
|t:|1756378877
|-terastallize|p2a: Sinistcha|Fairy
|move|p1b: Magmar|Follow Me|p1b: Magmar
|-singleturn|p1b: Magmar|move: Follow Me
|move|p2a: Sinistcha|Scald|p1b: Magmar
|-supereffective|p1b: Magmar
|-damage|p1b: Magmar|57/100
|move|p2b: Corviknight|Body Press|p1b: Magmar
|-damage|p1b: Magmar|43/100
|move|p1a: Kingambit|Swords Dance|p1a: Kingambit
|-boost|p1a: Kingambit|atk|2
|
|upkeep
|turn|2
|inactive|Frakub has 30 seconds left.
|
|t:|1756378904
|move|p1a: Kingambit|Protect|p1a: Kingambit
|-singleturn|p1a: Kingambit|Protect
|move|p1b: Magmar|Overheat|p2b: Corviknight
|-supereffective|p2b: Corviknight
|-damage|p2b: Corviknight|9/100
|-unboost|p1b: Magmar|spa|2
|move|p2a: Sinistcha|Matcha Gotcha|p1a: Kingambit|[spread] p1b
|-activate|p1a: Kingambit|move: Protect
|-resisted|p1b: Magmar
|-crit|p1b: Magmar
|-damage|p1b: Magmar|27/100
|move|p2b: Corviknight|Tailwind|p2b: Corviknight
|-sidestart|p2: dr_sugus_vgc|move: Tailwind
|
|upkeep
|turn|3
|inactive|Frakub has 30 seconds left.
|inactive|dr_sugus_vgc has 30 seconds left.
|inactive|Frakub has 20 seconds left.
|
|t:|1756378942
|-terastallize|p1a: Kingambit|Dark
|move|p1b: Magmar|Follow Me|p1b: Magmar
|-singleturn|p1b: Magmar|move: Follow Me
|move|p2a: Sinistcha|Matcha Gotcha|p1a: Kingambit|[spread] p1a,p1b
|-resisted|p1b: Magmar
|-damage|p1a: Kingambit|71/100
|-damage|p1b: Magmar|16/100
|move|p2b: Corviknight|Bulk Up|p2b: Corviknight
|-boost|p2b: Corviknight|atk|1
|-boost|p2b: Corviknight|def|1
|move|p1a: Kingambit|Kowtow Cleave|p2a: Sinistcha
|-resisted|p2a: Sinistcha
|-damage|p2a: Sinistcha|22/100
|
|upkeep
|turn|4
|inactive|dr_sugus_vgc has 30 seconds left.
|
|t:|1756378973
|move|p1b: Magmar|Follow Me|p1b: Magmar
|-singleturn|p1b: Magmar|move: Follow Me
|move|p2a: Sinistcha|Scald|p1b: Magmar
|-supereffective|p1b: Magmar
|-damage|p1b: Magmar|0 fnt
|faint|p1b: Magmar
|move|p2b: Corviknight|Body Press|p1a: Kingambit
|-supereffective|p1a: Kingambit
|-damage|p1a: Kingambit|29/100
|move|p1a: Kingambit|Kowtow Cleave|p2a: Sinistcha
|-resisted|p2a: Sinistcha
|-damage|p2a: Sinistcha|0 fnt
|faint|p2a: Sinistcha
|
|upkeep
|
|t:|1756378997
|switch|p1b: Sneasler|Sneasler, L50, F|100/100
|switch|p2a: Weezing|Weezing-Galar, L50, M|100/100
|-fieldstart|move: Misty Terrain|[from] ability: Misty Surge|[of] p2a: Weezing
|turn|5
|inactive|Frakub has 30 seconds left.
|
|t:|1756379023
|move|p1b: Sneasler|Fake Out|p2a: Weezing
|-damage|p2a: Weezing|88/100
|move|p1a: Kingambit|Sucker Punch|p2b: Corviknight
|-damage|p2b: Corviknight|0 fnt
|faint|p2b: Corviknight
|cant|p2a: Weezing|flinch
|
|-sideend|p2: dr_sugus_vgc|move: Tailwind
|upkeep
|
|t:|1756379030
|switch|p2b: Incineroar|Incineroar, L50, M|100/100
|-ability|p2b: Incineroar|Intimidate|boost
|-unboost|p1a: Kingambit|atk|1
|-ability|p1a: Kingambit|Defiant|boost
|-boost|p1a: Kingambit|atk|2
|-unboost|p1b: Sneasler|atk|1
|turn|6
|
|t:|1756379044
|switch|p1b: Dragonite|Dragonite, L50, M|100/100
|move|p1a: Kingambit|Protect|p1a: Kingambit
|-singleturn|p1a: Kingambit|Protect
|move|p2b: Incineroar|Fake Out|p1b: Dragonite
|-damage|p1b: Dragonite|94/100
|move|p2a: Weezing|Haze|p2a: Weezing
|-clearallboost
|
|upkeep
|turn|7
|
|t:|1756379064
|move|p1a: Kingambit|Sucker Punch|p2b: Incineroar
|-resisted|p2b: Incineroar
|-damage|p2b: Incineroar|74/100
|move|p1b: Dragonite|Scale Shot|p2b: Incineroar
|-damage|p2b: Incineroar|68/100
|-crit|p2b: Incineroar
|-damage|p2b: Incineroar|57/100
|-damage|p2b: Incineroar|51/100
|-damage|p2b: Incineroar|44/100
|-damage|p2b: Incineroar|37/100
|-hitcount|p2b: Incineroar|5
|-unboost|p1b: Dragonite|def|1
|-boost|p1b: Dragonite|spe|1
|move|p2b: Incineroar|Flare Blitz|p1a: Kingambit
|-damage|p1a: Kingambit|0 fnt
|faint|p1a: Kingambit
|-damage|p2b: Incineroar|27/100|[from] Recoil
|move|p2a: Weezing|Sludge Bomb|p1b: Dragonite
|-damage|p1b: Dragonite|67/100
|-status|p1b: Dragonite|psn
|
|-damage|p1b: Dragonite|55/100 psn|[from] psn
|upkeep
|
|t:|1756379073
|switch|p1a: Sneasler|Sneasler, L50, F|100/100
|turn|8
|inactive|Frakub has 30 seconds left.
|
|t:|1756379100
|move|p1b: Dragonite|Extreme Speed|p2a: Weezing
|-crit|p2a: Weezing
|-damage|p2a: Weezing|47/100
|-enditem|p2a: Weezing|Sitrus Berry|[eat]
|-heal|p2a: Weezing|72/100|[from] item: Sitrus Berry
|move|p1a: Sneasler|Close Combat|p2b: Incineroar
|-supereffective|p2b: Incineroar
|-damage|p2b: Incineroar|0 fnt
|-unboost|p1a: Sneasler|def|1
|-unboost|p1a: Sneasler|spd|1
|faint|p2b: Incineroar
|move|p2a: Weezing|Flamethrower|p1a: Sneasler
|-damage|p1a: Sneasler|66/100
|
|-damage|p1b: Dragonite|43/100 psn|[from] psn
|upkeep
|turn|9
|
|t:|1756379124
|move|p1b: Dragonite|Extreme Speed|p2a: Weezing
|-damage|p2a: Weezing|47/100
|move|p1a: Sneasler|Dire Claw|p2a: Weezing
|-damage|p2a: Weezing|15/100
|move|p2a: Weezing|Sludge Bomb|p1b: Dragonite
|-damage|p1b: Dragonite|12/100 psn
|
|-damage|p1b: Dragonite|0 fnt|[from] psn
|faint|p1b: Dragonite
|-fieldend|Misty Terrain
|upkeep
|turn|10
|
|t:|1756379137
|move|p1a: Sneasler|Dire Claw|p2a: Weezing
|-damage|p2a: Weezing|0 fnt
|faint|p2a: Weezing
|
|win|Frakub
||dr_sugus_vgc is ready for game 2.
||Frakub is ready for game 2.
|uhtml|next|Next: Game 2 of 3
