|j|☆King_shuckle17
|j|☆SuperBoke
|html|King_shuckle17SuperBoke    
|uhtml|bestof|Game 3 of a best-of-3
|t:|1756880648
|gametype|doubles
|player|p1|King_shuckle17|lusamine-masters|1167
|player|p2|SuperBoke|steven|1161
|gen|9
|tier|[Gen 9] VGC 2025 Reg H (Bo3)
|rated|
|rule|Species Clause: Limit one of each Pokémon
|rule|Item Clause: Limit 1 of each item
|clearpoke
|poke|p1|Pelipper, L50, M|
|poke|p1|Archaludon, L50, M|
|poke|p1|Grimmsnarl, L50, M|
|poke|p1|Overqwil, L50, M|
|poke|p1|Maushold, L50|
|poke|p1|Basculegion, L50, M|
|poke|p2|Grimmsnarl, L50, M|
|poke|p2|Archaludon, L50, M|
|poke|p2|Sinistcha, L50|
|poke|p2|Pelipper, L50, M|
|poke|p2|Maushold, L50|
|poke|p2|Annihilape, L50, M|
|teampreview|4
|showteam|p1|Pelipper||FocusSash|Drizzle|Hurricane,WeatherBall,Tailwind,Protect|||M|||50|,,,,,Ghost]Archaludon||AssaultVest|Stamina|ElectroShot,DragonPulse,FlashCannon,BodyPress|||M|||50|,,,,,Fairy]Grimmsnarl||LightClay|Prankster|LightScreen,Reflect,SpiritBreak,SuckerPunch|||M|||50|,,,,,Ghost]Overqwil||LifeOrb|SwiftSwim|BarbBarrage,Crunch,Haze,Protect|||M|||50|,,,,,Grass]Maushold||SafetyGoggles|FriendGuard|BeatUp,FollowMe,Taunt,Protect||||||50|,,,,,Ghost]Basculegion||ChoiceScarf|Adaptability|WaveCrash,FlipTurn,AquaJet,LastRespects|||M|||50|,,,,,Water
|showteam|p2|Grimmsnarl||LightClay|Prankster|SpiritBreak,ThunderWave,Reflect,LightScreen|||M|||50|,,,,,Ghost]Archaludon||AssaultVest|Stamina|ElectroShot,FlashCannon,BodyPress,Snarl|||M|||50|,,,,,Grass]Sinistcha||SitrusBerry|Hospitality|MatchaGotcha,LifeDew,RagePowder,TrickRoom||||||50|,,,,,Dark]Pelipper||FocusSash|Drizzle|Hurricane,WeatherBall,Tailwind,Protect|||M|||50|,,,,,Ghost]Maushold||SafetyGoggles|FriendGuard|BeatUp,Taunt,FollowMe,Protect||||||50|,,,,,Ghost]Annihilape||Leftovers|Defiant|DrainPunch,RageFist,BulkUp,Protect|||M|||50|,,,,,Water
|inactive|Battle timer is ON: inactive players will automatically lose when time's up. (requested by King_shuckle17)
|inactive|SuperBoke has 60 seconds left.
|
|t:|1756880706
|teamsize|p1|4
|teamsize|p2|4
|start
|switch|p1a: Grimmsnarl|Grimmsnarl, L50, M|100/100
|switch|p1b: Overqwil|Overqwil, L50, M|100/100
|switch|p2a: Grimmsnarl|Grimmsnarl, L50, M|100/100
|switch|p2b: Archaludon|Archaludon, L50, M|100/100
|turn|1
|inactive|SuperBoke has 30 seconds left.
|inactive|SuperBoke has 20 seconds left.
|inactive|SuperBoke has 15 seconds left.
|inactive|SuperBoke has 10 seconds left.
|inactive|SuperBoke has 5 seconds left.
|
|t:|1756880760
|move|p1a: Grimmsnarl|Light Screen|p1a: Grimmsnarl
|-sidestart|p1: King_shuckle17|move: Light Screen
|move|p2a: Grimmsnarl|Reflect|p2a: Grimmsnarl
|-sidestart|p2: SuperBoke|Reflect
|move|p1b: Overqwil|Barb Barrage|p2a: Grimmsnarl
|-supereffective|p2a: Grimmsnarl
|-damage|p2a: Grimmsnarl|47/100
|-status|p2a: Grimmsnarl|psn
|-damage|p1b: Overqwil|91/100|[from] item: Life Orb
|move|p2b: Archaludon|Flash Cannon|p1a: Grimmsnarl
|-supereffective|p1a: Grimmsnarl
|-damage|p1a: Grimmsnarl|54/100
|
|-damage|p2a: Grimmsnarl|34/100 psn|[from] psn
|upkeep
|turn|2
|inactive|SuperBoke has 30 seconds left.
|
|t:|1756880791
|move|p1a: Grimmsnarl|Reflect|p1a: Grimmsnarl
|-sidestart|p1: King_shuckle17|Reflect
|move|p1b: Overqwil|Barb Barrage|p2a: Grimmsnarl
|-supereffective|p2a: Grimmsnarl
|-damage|p2a: Grimmsnarl|0 fnt
|faint|p2a: Grimmsnarl
|-damage|p1b: Overqwil|81/100|[from] item: Life Orb
|move|p2b: Archaludon|Flash Cannon|p1a: Grimmsnarl
|-supereffective|p1a: Grimmsnarl
|-damage|p1a: Grimmsnarl|8/100
|
|upkeep
|
|t:|1756880809
|switch|p2a: Pelipper|Pelipper, L50, M|100/100
|-weather|RainDance|[from] ability: Drizzle|[of] p2a: Pelipper
|turn|3
|
|t:|1756880814
|-terastallize|p1b: Overqwil|Grass
|move|p1a: Grimmsnarl|Sucker Punch|p2a: Pelipper
|-damage|p2a: Pelipper|77/100
|move|p1b: Overqwil|Barb Barrage|p2a: Pelipper
|-damage|p2a: Pelipper|41/100
|-status|p2a: Pelipper|psn
|-damage|p1b: Overqwil|71/100|[from] item: Life Orb
|move|p2a: Pelipper|Weather Ball|p1b: Overqwil
|-resisted|p1b: Overqwil
|-damage|p1b: Overqwil|40/100
|move|p2b: Archaludon|Electro Shot||[still]
|-prepare|p2b: Archaludon|Electro Shot
|-boost|p2b: Archaludon|spa|1
|-anim|p2b: Archaludon|Electro Shot|p1a: Grimmsnarl
|-damage|p1a: Grimmsnarl|0 fnt
|faint|p1a: Grimmsnarl
|
|-weather|RainDance|[upkeep]
|-damage|p2a: Pelipper|29/100 psn|[from] psn
|upkeep
|
|t:|1756880832
|switch|p1a: Archaludon|Archaludon, L50, M|100/100
|turn|4
|
|t:|1756880855
|move|p1b: Overqwil|Protect|p1b: Overqwil
|-singleturn|p1b: Overqwil|Protect
|move|p2a: Pelipper|Protect|p2a: Pelipper
|-singleturn|p2a: Pelipper|Protect
|move|p1a: Archaludon|Electro Shot||[still]
|-prepare|p1a: Archaludon|Electro Shot
|-boost|p1a: Archaludon|spa|1
|-anim|p1a: Archaludon|Electro Shot|p2b: Archaludon
|-resisted|p2b: Archaludon
|-damage|p2b: Archaludon|78/100
|-ability|p2b: Archaludon|Stamina|boost
|-boost|p2b: Archaludon|def|1
|move|p2b: Archaludon|Electro Shot||[still]
|-prepare|p2b: Archaludon|Electro Shot
|-boost|p2b: Archaludon|spa|1
|-anim|p2b: Archaludon|Electro Shot|p1b: Overqwil
|-activate|p1b: Overqwil|move: Protect
|
|-weather|RainDance|[upkeep]
|-damage|p2a: Pelipper|18/100 psn|[from] psn
|upkeep
|turn|5
|
|t:|1756880875
|switch|p2a: Sinistcha|Sinistcha, L50|100/100
|-heal|p2b: Archaludon|100/100|[from] ability: Hospitality|[of] p2a: Sinistcha
|move|p1b: Overqwil|Barb Barrage|p2a: Sinistcha
|-damage|p2a: Sinistcha|74/100
|-status|p2a: Sinistcha|psn
|-damage|p1b: Overqwil|30/100|[from] item: Life Orb
|move|p1a: Archaludon|Electro Shot||[still]
|-prepare|p1a: Archaludon|Electro Shot
|-boost|p1a: Archaludon|spa|1
|-anim|p1a: Archaludon|Electro Shot|p2b: Archaludon
|-resisted|p2b: Archaludon
|-damage|p2b: Archaludon|71/100
|-ability|p2b: Archaludon|Stamina|boost
|-boost|p2b: Archaludon|def|1
|move|p2b: Archaludon|Electro Shot||[still]
|-prepare|p2b: Archaludon|Electro Shot
|-boost|p2b: Archaludon|spa|1
|-anim|p2b: Archaludon|Electro Shot|p1b: Overqwil
|-resisted|p1b: Overqwil
|-damage|p1b: Overqwil|0 fnt
|faint|p1b: Overqwil
|
|-weather|RainDance|[upkeep]
|-damage|p2a: Sinistcha|62/100 psn|[from] psn
|upkeep
|
|t:|1756880893
|switch|p1b: Pelipper|Pelipper, L50, M|100/100
|turn|6
|inactive|SuperBoke has 30 seconds left.
|
|t:|1756880921
|move|p1b: Pelipper|Hurricane|p2a: Sinistcha
|-supereffective|p2a: Sinistcha
|-damage|p2a: Sinistcha|0 fnt
|faint|p2a: Sinistcha
|move|p1a: Archaludon|Dragon Pulse|p2b: Archaludon
|-damage|p2b: Archaludon|14/100
|-ability|p2b: Archaludon|Stamina|boost
|-boost|p2b: Archaludon|def|1
|move|p2b: Archaludon|Body Press|p1a: Archaludon
|-supereffective|p1a: Archaludon
|-damage|p1a: Archaludon|29/100
|-ability|p1a: Archaludon|Stamina|boost
|-boost|p1a: Archaludon|def|1
|
|-weather|RainDance|[upkeep]
|upkeep
|
|t:|1756880930
|switch|p2a: Pelipper|Pelipper, L50, M|18/100 psn
|turn|7
|-message|SuperBoke forfeited.
|
|win|King_shuckle17
|raw|King_shuckle17's rating: 1167 → 1192(+25 for winning)
|raw|SuperBoke's rating: 1161 → 1136(-25 for losing)
|l|☆SuperBoke
|player|p2|
