|j|☆Esosu63
|j|☆komportor
|html|Esosu63komportor    
|uhtml|bestof|Game 1 of a best-of-3
|t:|1783789998
|gametype|doubles
|player|p1|Esosu63|101|
|player|p2|komportor|101|
|gen|9
|tier|[Gen 9 Champions] VGC 2026 Reg M-B (Bo3)
|rule|Species Clause: Limit one of each Pokémon
|rule|Item Clause: Limit 1 of each item
|clearpoke
|poke|p1|Barbaracle, L50, F|
|poke|p1|Tsareena, L50, F|
|poke|p1|Gholdengo, L50|
|poke|p1|Garchomp, L50, M|
|poke|p1|Sinistcha, L50|
|poke|p1|Grimmsnarl, L50, M|
|poke|p2|Tsareena, L50, F|
|poke|p2|Rotom-Wash, L50|
|poke|p2|Barbaracle, L50, M|
|poke|p2|Glaceon, L50, M|
|poke|p2|Froslass, L50, F|
|poke|p2|Mimikyu, L50, M|
|teampreview|4
|showteam|p1|Barbaracle||Barbaracite|ToughClaws|RockSlide,Protect,NightSlash,CloseCombat|Jolly||F|||50|]Tsareena||ChoiceScarf|QueenlyMajesty|TropKick,Uturn,KnockOff,TripleAxel|Adamant||F|||50|]Gholdengo||Leftovers|GoodasGold|MakeItRain,ShadowBall,Protect,NastyPlot|Modest|||||50|]Garchomp||LifeOrb|RoughSkin|DragonClaw,RockTomb,PoisonJab,StompingTantrum|Jolly||M|||50|]Sinistcha||SitrusBerry|Hospitality|MatchaGotcha,Protect,RagePowder,LifeDew|Modest|||||50|]Grimmsnarl||LightClay|Prankster|LightScreen,Reflect,PartingShot,SuckerPunch|Adamant||M|||50|
|showteam|p2|Tsareena||FocusSash|QueenlyMajesty|KnockOff,Protect,TropKick,LowKick|Adamant||F|||50|]Rotom-Wash||Leftovers|Levitate|WillOWisp,HydroPump,Thunderbolt,Protect|Timid|||||50|]Barbaracle||Barbaracite|ToughClaws|CloseCombat,RockSlide,NightSlash,Protect|Adamant||M|||50|]Glaceon||NeverMeltIce|IceBody|Blizzard,FreezeDry,Protect,AlluringVoice|Calm||M|||50|]Froslass||Froslassite|CursedBody|AuroraVeil,Blizzard,ShadowBall,Protect|Calm||F|||50|]Mimikyu||LifeOrb|Disguise|SwordsDance,DrainPunch,PlayRough,ShadowSneak|Jolly||M|||50|
|
|t:|1783790067
|teamsize|p1|4
|teamsize|p2|4
|start
|switch|p1a: Grimmsnarl|Grimmsnarl, L50, M|100/100
|switch|p1b: Gholdengo|Gholdengo, L50|100/100
|switch|p2a: Barbaracle|Barbaracle, L50, M|100/100
|switch|p2b: Rotom|Rotom-Wash, L50|100/100
|turn|1
|
|t:|1783790095
|move|p2a: Barbaracle|Protect|p2a: Barbaracle
|-singleturn|p2a: Barbaracle|Protect
|move|p1b: Gholdengo|Protect|p1b: Gholdengo
|-singleturn|p1b: Gholdengo|Protect
|move|p1a: Grimmsnarl|Reflect|p1a: Grimmsnarl
|-sidestart|p1: Esosu63|Reflect
|move|p2b: Rotom|Will-O-Wisp|p1a: Grimmsnarl
|-status|p1a: Grimmsnarl|brn
|
|-damage|p1a: Grimmsnarl|94/100 brn|[from] brn
|upkeep
|turn|2
|
|t:|1783790122
|switch|p2b: Tsareena|Tsareena, L50, F|100/100
|detailschange|p2a: Barbaracle|Barbaracle-Mega, L50, M
|-mega|p2a: Barbaracle|Barbaracle|Barbaracite
|move|p1a: Grimmsnarl|Light Screen|p1a: Grimmsnarl
|-sidestart|p1: Esosu63|move: Light Screen
|move|p2a: Barbaracle|Night Slash|p1b: Gholdengo
|-supereffective|p1b: Gholdengo|1
|-damage|p1b: Gholdengo|56/100
|move|p1b: Gholdengo|Nasty Plot|p1b: Gholdengo
|-boost|p1b: Gholdengo|spa|2
|
|-heal|p1b: Gholdengo|62/100|[from] item: Leftovers
|-damage|p1a: Grimmsnarl|88/100 brn|[from] brn
|upkeep
|turn|3
|
|t:|1783790138
|switch|p1a: Tsareena|Tsareena, L50, F|100/100
|move|p1b: Gholdengo|Protect|p1b: Gholdengo
|-singleturn|p1b: Gholdengo|Protect
|move|p2a: Barbaracle|Night Slash|p1b: Gholdengo
|-activate|p1b: Gholdengo|move: Protect
|move|p2b: Tsareena|Knock Off|p1b: Gholdengo
|-activate|p1b: Gholdengo|move: Protect
|
|-heal|p1b: Gholdengo|68/100|[from] item: Leftovers
|upkeep
|turn|4
|
|t:|1783790157
|move|p1a: Tsareena|Trop Kick|p2a: Barbaracle
|-supereffective|p2a: Barbaracle|1
|-damage|p2a: Barbaracle|18/100
|-unboost|p2a: Barbaracle|atk|1
|move|p2a: Barbaracle|Night Slash|p1b: Gholdengo
|-supereffective|p1b: Gholdengo|1
|-damage|p1b: Gholdengo|35/100
|move|p2b: Tsareena|Knock Off|p1b: Gholdengo
|-supereffective|p1b: Gholdengo|1
|-damage|p1b: Gholdengo|0 fnt
|-enditem|p1b: Gholdengo|Leftovers|[from] move: Knock Off|[of] p2b: Tsareena
|faint|p1b: Gholdengo
|
|upkeep
|
|t:|1783790179
|switch|p1b: Grimmsnarl|Grimmsnarl, L50, M|88/100 brn
|turn|5
|
|t:|1783790197
|switch|p2a: Glaceon|Glaceon, L50, M|100/100
|move|p2b: Tsareena|Protect|p2b: Tsareena
|-singleturn|p2b: Tsareena|Protect
|move|p1b: Grimmsnarl|Parting Shot||[still]
|cant|p2b: Tsareena|ability: Queenly Majesty|Parting Shot|[of] p1b: Grimmsnarl
|move|p1a: Tsareena|Trop Kick|p2a: Glaceon
|-damage|p2a: Glaceon|48/100
|-unboost|p2a: Glaceon|atk|1
|
|-damage|p1b: Grimmsnarl|82/100 brn|[from] brn
|upkeep
|turn|6
|
|t:|1783790226
|move|p1b: Grimmsnarl|Light Screen||[still]
|-fail|p1b: Grimmsnarl
|move|p1a: Tsareena|Trop Kick|p2a: Glaceon
|-damage|p2a: Glaceon|0 fnt
|faint|p2a: Glaceon
|move|p2b: Tsareena|Knock Off|p1a: Tsareena
|-damage|p1a: Tsareena|72/100
|-enditem|p1a: Tsareena|Choice Scarf|[from] move: Knock Off|[of] p2b: Tsareena
|
|-damage|p1b: Grimmsnarl|76/100 brn|[from] brn
|upkeep
|
|t:|1783790235
|switch|p2a: Barbaracle|Barbaracle-Mega, L50, M|18/100
|turn|7
|
|t:|1783790260
|move|p1b: Grimmsnarl|Parting Shot||[still]
|cant|p2b: Tsareena|ability: Queenly Majesty|Parting Shot|[of] p1b: Grimmsnarl
|move|p2a: Barbaracle|Close Combat|p1a: Tsareena
|-damage|p1a: Tsareena|0 fnt
|-unboost|p2a: Barbaracle|def|1
|-unboost|p2a: Barbaracle|spd|1
|faint|p1a: Tsareena
|move|p2b: Tsareena|Trop Kick|p1b: Grimmsnarl
|-damage|p1b: Grimmsnarl|38/100 brn
|-unboost|p1b: Grimmsnarl|atk|1
|
|-damage|p1b: Grimmsnarl|32/100 brn|[from] brn
|upkeep
|
|t:|1783790272
|switch|p1a: Barbaracle|Barbaracle, L50, F|100/100
|turn|8
|
|t:|1783790288
|detailschange|p1a: Barbaracle|Barbaracle-Mega, L50, F
|-mega|p1a: Barbaracle|Barbaracle|Barbaracite
|move|p1b: Grimmsnarl|Sucker Punch||[still]
|cant|p2b: Tsareena|ability: Queenly Majesty|Sucker Punch|[of] p1b: Grimmsnarl
|move|p1a: Barbaracle|Close Combat|p2b: Tsareena
|-enditem|p2b: Tsareena|Focus Sash
|-damage|p2b: Tsareena|1/100
|-unboost|p1a: Barbaracle|def|1
|-unboost|p1a: Barbaracle|spd|1
|move|p2a: Barbaracle|Rock Slide|p1b: Grimmsnarl|[spread] p1a,p1b
|-resisted|p1a: Barbaracle|1
|-damage|p1a: Barbaracle|83/100
|-damage|p1b: Grimmsnarl|2/100 brn
|move|p2b: Tsareena|Trop Kick|p1a: Barbaracle
|-supereffective|p1a: Barbaracle|1
|-damage|p1a: Barbaracle|0 fnt
|faint|p1a: Barbaracle
|
|-damage|p1b: Grimmsnarl|0 fnt|[from] brn
|faint|p1b: Grimmsnarl
|
|win|komportor
||komportor is ready for game 2.
|inactive|Esosu63 has 30 seconds to confirm battle start!
|c|☆komportor|gg man
|inactive|Esosu63 has 20 seconds to confirm battle start!
|inactive|Esosu63 has 10 seconds to confirm battle start!
|uhtml|next|Next: Game 2 of 3
