|j|☆colemarcusvgc
|j|☆rickyicebeam
|html|colemarcusvgcrickyicebeam    
|uhtml|bestof|Game 1 of a best-of-3
|t:|1756526061
|gametype|doubles
|player|p1|colemarcusvgc|n|1012
|player|p2|rickyicebeam|steven|1089
|gen|9
|tier|[Gen 9] VGC 2025 Reg H (Bo3)
|rated|
|rule|Species Clause: Limit one of each Pokémon
|rule|Item Clause: Limit 1 of each item
|clearpoke
|poke|p1|Indeedee-F, L50, F|
|poke|p1|Hatterene, L50, F|
|poke|p1|Ursaluna, L50, F|
|poke|p1|Amoonguss, L50, F|
|poke|p1|Porygon2, L50|
|poke|p1|Tyranitar, L50, M|
|poke|p2|Ursaluna-Bloodmoon, L50, M|
|poke|p2|Indeedee, L50, M|
|poke|p2|Sneasler, L50, F|
|poke|p2|Talonflame, L50, M|
|poke|p2|Amoonguss, L50, F|
|poke|p2|Flamigo, L50, M|
|teampreview|4
|showteam|p1|Indeedee-F||RockyHelmet|PsychicSurge|FollowMe,HelpingHand,TrickRoom,DazzlingGleam|||F|||50|,,,,,Steel]Hatterene||LifeOrb|MagicBounce|TrickRoom,ExpandingForce,MysticalFire,DazzlingGleam|||F|||50|,,,,,Ghost]Ursaluna||FlameOrb|Guts|Facade,HeadlongRush,Earthquake,Protect|||F|||50|,,,,,Ghost]Amoonguss||SitrusBerry|Regenerator|Spore,RagePowder,PollenPuff,SludgeBomb|||F|||50|,,,,,Water]Porygon2||Eviolite|Download|IceBeam,TeraBlast,Recover,TrickRoom||||||50|,,,,,Grass]Tyranitar||SafetyGoggles|SandStream|RockSlide,Crunch,LowKick,IcePunch|||M|||50|,,,,,Fairy
|showteam|p2|Ursaluna-Bloodmoon||LifeOrb|MindsEye|HyperVoice,BloodMoon,EarthPower,Protect|||M|||50|,,,,,Normal]Indeedee||FocusSash|PsychicSurge|ExpandingForce,HelpingHand,Protect,TrickRoom|||M|||50|,,,,,Psychic]Sneasler||PsychicSeed|Unburden|DireClaw,CloseCombat,ThroatChop,Protect|||F|||50|,,,,,Dark]Talonflame||CovertCloak|FlameBody|Tailwind,BraveBird,WillOWisp,Taunt|||M|||50|,,,,,Steel]Amoonguss||RockyHelmet|Regenerator|Spore,RagePowder,PollenPuff,Protect|||F|||50|,,,,,Water]Flamigo||EjectPack|Scrappy|BraveBird,CloseCombat,Detect,WideGuard|||M|||50|,,,,,Ghost
|inactive|Battle timer is ON: inactive players will automatically lose when time's up. (requested by colemarcusvgc)
|inactive|colemarcusvgc has 60 seconds left.
|inactive|rickyicebeam has 60 seconds left.
|inactive|colemarcusvgc has 30 seconds left.
|inactive|colemarcusvgc has 20 seconds left.
|inactive|colemarcusvgc has 15 seconds left.
|
|t:|1756526145
|teamsize|p1|4
|teamsize|p2|4
|start
|switch|p1a: Porygon2|Porygon2, L50|100/100
|switch|p1b: Indeedee|Indeedee-F, L50, F|100/100
|switch|p2a: Talonflame|Talonflame, L50, M|100/100
|switch|p2b: Ursaluna|Ursaluna-Bloodmoon, L50, M|100/100
|-fieldstart|move: Psychic Terrain|[from] ability: Psychic Surge|[of] p1b: Indeedee
|-ability|p1a: Porygon2|Download|boost
|-boost|p1a: Porygon2|spa|1
|turn|1
|inactive|rickyicebeam has 30 seconds left.
|inactive|rickyicebeam has 20 seconds left.
|inactive|rickyicebeam has 15 seconds left.
|
|t:|1756526187
|-terastallize|p2b: Ursaluna|Normal
|move|p1b: Indeedee|Follow Me|p1b: Indeedee
|-singleturn|p1b: Indeedee|move: Follow Me
|move|p2a: Talonflame|Taunt|p1b: Indeedee
|-start|p1b: Indeedee|move: Taunt
|move|p2b: Ursaluna|Hyper Voice|p1a: Porygon2|[spread] p1a,p1b
|-damage|p1a: Porygon2|58/100
|-damage|p1b: Indeedee|47/100
|-damage|p2b: Ursaluna|91/100|[from] item: Life Orb
|move|p1a: Porygon2|Trick Room|p1a: Porygon2
|-fieldstart|move: Trick Room|[of] p1a: Porygon2
|
|upkeep
|turn|2
|inactive|colemarcusvgc has 30 seconds left.
|inactive|rickyicebeam has 30 seconds left.
|
|t:|1756526214
|switch|p1a: Tyranitar|Tyranitar, L50, M|100/100
|-weather|Sandstorm|[from] ability: Sand Stream|[of] p1a: Tyranitar
|move|p1b: Indeedee|Dazzling Gleam|p2a: Talonflame|[spread] p2a,p2b
|-resisted|p2a: Talonflame
|-damage|p2a: Talonflame|91/100
|-damage|p2b: Ursaluna|74/100
|move|p2b: Ursaluna|Blood Moon|p1a: Tyranitar
|-resisted|p1a: Tyranitar
|-damage|p1a: Tyranitar|60/100
|-damage|p2b: Ursaluna|64/100|[from] item: Life Orb
|move|p2a: Talonflame|Will-O-Wisp|p1b: Indeedee
|-status|p1b: Indeedee|brn
|
|-weather|Sandstorm|[upkeep]
|-damage|p1b: Indeedee|41/100 brn|[from] Sandstorm
|-damage|p2b: Ursaluna|58/100|[from] Sandstorm
|-damage|p2a: Talonflame|85/100|[from] Sandstorm
|-damage|p1b: Indeedee|35/100 brn|[from] brn
|upkeep
|turn|3
|inactive|colemarcusvgc has 30 seconds left.
|inactive|rickyicebeam has 30 seconds left.
|inactive|rickyicebeam has 20 seconds left.
|inactive|rickyicebeam has 15 seconds left.
|inactive|rickyicebeam has 10 seconds left.
|
|t:|1756526262
|switch|p1b: Amoonguss|Amoonguss, L50, F|100/100
|switch|p2a: Amoonguss|Amoonguss, L50, F|100/100
|move|p1a: Tyranitar|Rock Slide|p2a: Amoonguss|[spread] p2a
|-miss|p1a: Tyranitar|p2b: Ursaluna
|-damage|p2a: Amoonguss|74/100
|move|p2b: Ursaluna|Earth Power|p1a: Tyranitar
|-supereffective|p1a: Tyranitar
|-damage|p1a: Tyranitar|0 fnt
|faint|p1a: Tyranitar
|-damage|p2b: Ursaluna|49/100|[from] item: Life Orb
|
|-weather|Sandstorm|[upkeep]
|-damage|p1b: Amoonguss|95/100|[from] Sandstorm
|-damage|p2a: Amoonguss|68/100|[from] Sandstorm
|-damage|p2b: Ursaluna|43/100|[from] Sandstorm
|upkeep
|
|t:|1756526278
|switch|p1a: Porygon2|Porygon2, L50|58/100
|-ability|p1a: Porygon2|Download|boost
|-boost|p1a: Porygon2|spa|1
|turn|4
|inactive|rickyicebeam has 30 seconds left.
|inactive|rickyicebeam has 20 seconds left.
|inactive|rickyicebeam has 15 seconds left.
|
|t:|1756526321
|move|p1b: Amoonguss|Spore|p2b: Ursaluna
|-status|p2b: Ursaluna|slp|[from] move: Spore
|move|p2a: Amoonguss|Pollen Puff|p2b: Ursaluna
|-heal|p2b: Ursaluna|93/100 slp
|move|p1a: Porygon2|Ice Beam|p2a: Amoonguss
|-supereffective|p2a: Amoonguss
|-damage|p2a: Amoonguss|9/100
|-status|p2a: Amoonguss|frz
|cant|p2b: Ursaluna|slp
|
|-weather|Sandstorm|[upkeep]
|-damage|p1b: Amoonguss|89/100|[from] Sandstorm
|-damage|p2a: Amoonguss|3/100 frz|[from] Sandstorm
|-damage|p1a: Porygon2|52/100|[from] Sandstorm
|-damage|p2b: Ursaluna|87/100 slp|[from] Sandstorm
|upkeep
|turn|5
|inactive|colemarcusvgc has 30 seconds left.
|inactive|rickyicebeam has 30 seconds left.
|
|t:|1756526347
|-terastallize|p1a: Porygon2|Grass
|cant|p2a: Amoonguss|frz
|move|p1b: Amoonguss|Sludge Bomb|p2b: Ursaluna
|-damage|p2b: Ursaluna|52/100 slp
|move|p1a: Porygon2|Ice Beam|p2a: Amoonguss
|-supereffective|p2a: Amoonguss
|-damage|p2a: Amoonguss|0 fnt
|faint|p2a: Amoonguss
|cant|p2b: Ursaluna|slp
|
|-weather|Sandstorm|[upkeep]
|-damage|p1b: Amoonguss|83/100|[from] Sandstorm
|-damage|p1a: Porygon2|47/100|[from] Sandstorm
|-damage|p2b: Ursaluna|46/100 slp|[from] Sandstorm
|-fieldend|move: Trick Room
|-fieldend|move: Psychic Terrain
|upkeep
|inactive|rickyicebeam has 30 seconds left.
|
|t:|1756526374
|switch|p2a: Talonflame|Talonflame, L50, M|85/100
|turn|6
|
|t:|1756526386
|move|p1b: Amoonguss|Rage Powder|p1b: Amoonguss
|-singleturn|p1b: Amoonguss|move: Rage Powder
|move|p2a: Talonflame|Taunt|p1b: Amoonguss
|-start|p1b: Amoonguss|move: Taunt
|cant|p2b: Ursaluna|slp
|move|p1a: Porygon2|Trick Room|p1a: Porygon2
|-fieldstart|move: Trick Room|[of] p1a: Porygon2
|
|-weather|none
|upkeep
|turn|7
|
|t:|1756526410
|move|p1b: Amoonguss|Sludge Bomb|p2b: Ursaluna
|-damage|p2b: Ursaluna|6/100 slp
|move|p1a: Porygon2|Tera Blast|p2b: Ursaluna|[anim] Tera Blast Grass
|-damage|p2b: Ursaluna|0 fnt
|faint|p2b: Ursaluna
|move|p2a: Talonflame|Brave Bird|p1a: Porygon2
|-supereffective|p1a: Porygon2
|-damage|p1a: Porygon2|5/100
|-damage|p2a: Talonflame|71/100|[from] Recoil
|
|upkeep
|
|t:|1756526419
|switch|p2b: Sneasler|Sneasler, L50, F|100/100
|turn|8
|
|t:|1756526439
|move|p1b: Amoonguss|Pollen Puff|p1a: Porygon2
|-heal|p1a: Porygon2|54/100
|move|p1a: Porygon2|Recover|p1a: Porygon2
|-heal|p1a: Porygon2|100/100
|move|p2b: Sneasler|Dire Claw|p1a: Porygon2
|-supereffective|p1a: Porygon2
|-damage|p1a: Porygon2|47/100
|-status|p1a: Porygon2|slp
|move|p2a: Talonflame|Brave Bird|p1a: Porygon2
|-supereffective|p1a: Porygon2
|-damage|p1a: Porygon2|2/100 slp
|-damage|p2a: Talonflame|56/100|[from] Recoil
|
|upkeep
|turn|9
|inactive|rickyicebeam has 30 seconds left.
|
|t:|1756526470
|move|p1b: Amoonguss|Sludge Bomb|p2a: Talonflame
|-damage|p2a: Talonflame|22/100
|cant|p1a: Porygon2|slp
|move|p2b: Sneasler|Dire Claw|p1b: Amoonguss
|-damage|p1b: Amoonguss|40/100
|-enditem|p1b: Amoonguss|Sitrus Berry|[eat]
|-heal|p1b: Amoonguss|65/100|[from] item: Sitrus Berry
|move|p2a: Talonflame|Brave Bird|p1b: Amoonguss
|-supereffective|p1b: Amoonguss
|-damage|p1b: Amoonguss|5/100
|-damage|p2a: Talonflame|0 fnt|[from] Recoil
|faint|p2a: Talonflame
|
|-end|p1b: Amoonguss|move: Taunt
|upkeep
|turn|10
|
|t:|1756526488
|move|p2b: Sneasler|Protect|p2b: Sneasler
|-singleturn|p2b: Sneasler|Protect
|move|p1b: Amoonguss|Pollen Puff|p1a: Porygon2
|-heal|p1a: Porygon2|52/100 slp
|-curestatus|p1a: Porygon2|slp|[msg]
|move|p1a: Porygon2|Recover|p1a: Porygon2
|-heal|p1a: Porygon2|100/100
|
|-fieldend|move: Trick Room
|upkeep
|turn|11
|
|t:|1756526506
|move|p1b: Amoonguss|Rage Powder|p1b: Amoonguss
|-singleturn|p1b: Amoonguss|move: Rage Powder
|move|p2b: Sneasler|Dire Claw|p1b: Amoonguss
|-damage|p1b: Amoonguss|0 fnt
|faint|p1b: Amoonguss
|move|p1a: Porygon2|Trick Room|p1a: Porygon2
|-fieldstart|move: Trick Room|[of] p1a: Porygon2
|
|upkeep
|
|t:|1756526512
|switch|p1b: Indeedee|Indeedee-F, L50, F|35/100 brn
|-fieldstart|move: Psychic Terrain|[from] ability: Psychic Surge|[of] p1b: Indeedee
|-enditem|p2b: Sneasler|Psychic Seed
|-boost|p2b: Sneasler|spd|1|[from] item: Psychic Seed
|turn|12
|
|t:|1756526534
|move|p1a: Porygon2|Tera Blast|p2b: Sneasler|[anim] Tera Blast Grass
|-resisted|p2b: Sneasler
|-damage|p2b: Sneasler|76/100
|move|p1b: Indeedee|Dazzling Gleam|p2b: Sneasler
|-damage|p2b: Sneasler|61/100
|move|p2b: Sneasler|Throat Chop|p1b: Indeedee
|-supereffective|p1b: Indeedee
|-damage|p1b: Indeedee|0 fnt
|-damage|p2b: Sneasler|45/100|[from] item: Rocky Helmet|[of] p1b: Indeedee
|faint|p1b: Indeedee
|
|upkeep
|turn|13
|
|t:|1756526545
|move|p2b: Sneasler|Protect|p2b: Sneasler
|-singleturn|p2b: Sneasler|Protect
|move|p1a: Porygon2|Ice Beam|p2b: Sneasler
|-activate|p2b: Sneasler|move: Protect
|
|upkeep
|turn|14
|
|t:|1756526552
|move|p1a: Porygon2|Ice Beam|p2b: Sneasler
|-damage|p2b: Sneasler|11/100
|-status|p2b: Sneasler|frz
|cant|p2b: Sneasler|frz
|
|upkeep
|turn|15
|
|t:|1756526558
|cant|p2b: Sneasler|frz
|move|p1a: Porygon2|Ice Beam|p2b: Sneasler
|-damage|p2b: Sneasler|0 fnt
|faint|p2b: Sneasler
|
|win|colemarcusvgc
||rickyicebeam is ready for game 2.
||colemarcusvgc is ready for game 2.
|uhtml|next|Next: Game 2 of 3
