|j|☆TrevenantHugger
|j|☆colemarcusvgc
|html|TrevenantHuggercolemarcusvgc    
|uhtml|bestof|Game 2 of a best-of-3
|t:|1756967811
|gametype|doubles
|player|p1|TrevenantHugger|170|1161
|player|p2|colemarcusvgc|n|1178
|gen|9
|tier|[Gen 9] VGC 2025 Reg H (Bo3)
|rated|
|rule|Species Clause: Limit one of each Pokémon
|rule|Item Clause: Limit 1 of each item
|clearpoke
|poke|p1|Incineroar, L50, M|
|poke|p1|Annihilape, L50, F|
|poke|p1|Rillaboom, L50, M|
|poke|p1|Electabuzz, L50, F|
|poke|p1|Sneasler, L50, M|
|poke|p1|Primarina, L50, F|
|poke|p2|Indeedee-F, L50, F|
|poke|p2|Hatterene, L50, F|
|poke|p2|Gallade, L50, M|
|poke|p2|Ursaluna, L50, M|
|poke|p2|Lilligant-Hisui, L50, F|
|poke|p2|Torkoal, L50, M|
|teampreview|4
|showteam|p1|Incineroar||SafetyGoggles|Intimidate|FakeOut,PartingShot,FlareBlitz,KnockOff|||M|||50|,,,,,Grass]Annihilape||Leftovers|Defiant|DrainPunch,RageFist,Protect,BulkUp|||F|||50|,,,,,Fire]Rillaboom||AssaultVest|GrassySurge|GrassyGlide,FakeOut,DrumBeating,Uturn|||M|||50|,,,,,Fire]Electabuzz||Eviolite|VitalSpirit|FollowMe,Electroweb,Taunt,VoltSwitch|||F|||50|,,,,,Ghost]Sneasler||FocusSash|Unburden|CloseCombat,DireClaw,FakeOut,Protect|||M|||50|,,,,,Ghost]Primarina||SitrusBerry|LiquidVoice|Protect,HyperVoice,Moonblast,CalmMind|||F|||50|,,,,,Water
|showteam|p2|Indeedee-F||PsychicSeed|PsychicSurge|TrickRoom,FollowMe,HelpingHand,DazzlingGleam|||F|||50|,,,,,Fire]Hatterene||LifeOrb|MagicBounce|ExpandingForce,TrickRoom,DazzlingGleam,Protect|||F|||50|,,,,,Psychic]Gallade||ClearAmulet|Sharpness|PsychoCut,TrickRoom,SacredSword,WideGuard|||M|||50|,,,,,Grass]Ursaluna||FlameOrb|Guts|HeadlongRush,Facade,SwordsDance,Protect|||M|||50|,,,,,Ghost]Lilligant-Hisui||FocusSash|Chlorophyll|SolarBlade,SleepPowder,CloseCombat,AfterYou|||F|||50|,,,,,Ghost]Torkoal||ChoiceSpecs|Drought|Eruption,HeatWave,WeatherBall,EarthPower|||M|||50|,,,,,Fire
|inactive|Battle timer is ON: inactive players will automatically lose when time's up. (requested by TrevenantHugger)
|
|t:|1756967831
|teamsize|p1|4
|teamsize|p2|4
|start
|switch|p1a: Primarina|Primarina, L50, F|100/100
|switch|p1b: Sneasler|Sneasler, L50, M|100/100
|switch|p2a: Indeedee|Indeedee-F, L50, F|100/100
|switch|p2b: Ursaluna|Ursaluna, L50, M|100/100
|-fieldstart|move: Psychic Terrain|[from] ability: Psychic Surge|[of] p2a: Indeedee
|-enditem|p2a: Indeedee|Psychic Seed
|-boost|p2a: Indeedee|spd|1|[from] item: Psychic Seed
|turn|1
|
|t:|1756967855
|switch|p1b: Incineroar|Incineroar, L50, M|100/100
|-ability|p1b: Incineroar|Intimidate|boost
|-unboost|p2a: Indeedee|atk|1
|-unboost|p2b: Ursaluna|atk|1
|switch|p1a: Rillaboom|Rillaboom, L50, M|100/100
|-fieldstart|move: Grassy Terrain|[from] ability: Grassy Surge|[of] p1a: Rillaboom
|move|p2b: Ursaluna|Protect|p2b: Ursaluna
|-singleturn|p2b: Ursaluna|Protect
|move|p2a: Indeedee|Trick Room|p2a: Indeedee
|-fieldstart|move: Trick Room|[of] p2a: Indeedee
|
|-status|p2b: Ursaluna|brn|[from] item: Flame Orb
|upkeep
|turn|2
|
|t:|1756967877
|switch|p2b: Torkoal|Torkoal, L50, M|100/100
|-weather|SunnyDay|[from] ability: Drought|[of] p2b: Torkoal
|switch|p2a: Gallade|Gallade, L50, M, shiny|100/100
|move|p1a: Rillaboom|Fake Out|p2b: Torkoal
|-damage|p2b: Torkoal|90/100
|move|p1b: Incineroar|Knock Off|p2b: Torkoal
|-damage|p2b: Torkoal|58/100
|-enditem|p2b: Torkoal|Choice Specs|[from] move: Knock Off|[of] p1b: Incineroar
|
|-weather|SunnyDay|[upkeep]
|-heal|p2b: Torkoal|64/100|[from] Grassy Terrain
|upkeep
|turn|3
|
|t:|1756967899
|-terastallize|p1a: Rillaboom|Fire
|move|p2b: Torkoal|Heat Wave|p1a: Rillaboom|[spread] p1a,p1b
|-resisted|p1a: Rillaboom
|-resisted|p1b: Incineroar
|-damage|p1a: Rillaboom|86/100
|-damage|p1b: Incineroar|83/100
|move|p1b: Incineroar|Flare Blitz|p2a: Gallade
|-damage|p2a: Gallade|1/100
|-damage|p1b: Incineroar|55/100|[from] Recoil
|move|p2a: Gallade|Sacred Sword|p1b: Incineroar
|-supereffective|p1b: Incineroar
|-damage|p1b: Incineroar|0 fnt
|faint|p1b: Incineroar
|move|p1a: Rillaboom|U-turn|p2a: Gallade
|-damage|p2a: Gallade|0 fnt
|faint|p2a: Gallade
|
|t:|1756967912
|switch|p1a: Primarina|Primarina, L50, F|100/100|[from] U-turn
|
|-weather|SunnyDay|[upkeep]
|-heal|p2b: Torkoal|70/100|[from] Grassy Terrain
|upkeep
|
|t:|1756967918
|switch|p1b: Sneasler|Sneasler, L50, M|100/100
|switch|p2a: Ursaluna|Ursaluna, L50, M|100/100 brn
|turn|4
|
|t:|1756967935
|move|p1a: Primarina|Protect|p1a: Primarina
|-singleturn|p1a: Primarina|Protect
|move|p2b: Torkoal|Weather Ball|p1b: Sneasler
|-damage|p1b: Sneasler|12/100
|move|p2a: Ursaluna|Facade|p1a: Primarina
|-activate|p1a: Primarina|move: Protect
|move|p1b: Sneasler|Dire Claw|p2b: Torkoal
|-crit|p2b: Torkoal
|-damage|p2b: Torkoal|26/100
|-status|p2b: Torkoal|slp
|
|-weather|SunnyDay|[upkeep]
|-heal|p2b: Torkoal|32/100 slp|[from] Grassy Terrain
|-heal|p1b: Sneasler|18/100|[from] Grassy Terrain
|-damage|p2a: Ursaluna|95/100 brn|[from] brn
|upkeep
|turn|5
|
|t:|1756967954
|cant|p2b: Torkoal|slp
|move|p2a: Ursaluna|Facade|p1a: Primarina
|-damage|p1a: Primarina|0 fnt
|faint|p1a: Primarina
|move|p1b: Sneasler|Close Combat|p2a: Ursaluna
|-supereffective|p2a: Ursaluna
|-damage|p2a: Ursaluna|0 fnt
|-unboost|p1b: Sneasler|def|1
|-unboost|p1b: Sneasler|spd|1
|faint|p2a: Ursaluna
|
|-weather|SunnyDay|[upkeep]
|-heal|p2b: Torkoal|38/100 slp|[from] Grassy Terrain
|-heal|p1b: Sneasler|24/100|[from] Grassy Terrain
|-fieldend|move: Trick Room
|-fieldend|move: Grassy Terrain
|upkeep
|
|t:|1756967967
|switch|p1a: Rillaboom|Rillaboom, L50, M, tera:Fire|86/100
|switch|p2a: Indeedee|Indeedee-F, L50, F|100/100
|-fieldstart|move: Grassy Terrain|[from] ability: Grassy Surge|[of] p1a: Rillaboom
|-fieldstart|move: Psychic Terrain|[from] ability: Psychic Surge|[of] p2a: Indeedee
|turn|6
|
|t:|1756967981
|-terastallize|p2a: Indeedee|Fire
|move|p1b: Sneasler|Dire Claw|p2a: Indeedee
|-damage|p2a: Indeedee|63/100
|move|p1a: Rillaboom|U-turn|p2a: Indeedee
|-resisted|p2a: Indeedee
|-damage|p2a: Indeedee|53/100
|move|p2a: Indeedee|Dazzling Gleam|p1a: Rillaboom|[spread] p1a,p1b
|-resisted|p1a: Rillaboom
|-damage|p1a: Rillaboom|81/100
|-damage|p1b: Sneasler|0 fnt
|faint|p1b: Sneasler
|-curestatus|p2b: Torkoal|slp|[msg]
|move|p2b: Torkoal|Heat Wave|p1a: Rillaboom
|-resisted|p1a: Rillaboom
|-damage|p1a: Rillaboom|61/100
|
|-weather|none
|upkeep
|turn|7
|
|t:|1756968001
|move|p1a: Rillaboom|Drum Beating|p2b: Torkoal
|-resisted|p2b: Torkoal
|-damage|p2b: Torkoal|22/100
|-unboost|p2b: Torkoal|spe|1
|move|p2b: Torkoal|Earth Power|p1a: Rillaboom
|-supereffective|p1a: Rillaboom
|-damage|p1a: Rillaboom|26/100
|move|p2a: Indeedee|Trick Room|p2a: Indeedee
|-fieldstart|move: Trick Room|[of] p2a: Indeedee
|
|upkeep
|turn|8
|-message|TrevenantHugger forfeited.
|
|win|colemarcusvgc
|l|☆TrevenantHugger
|player|p1|
||TrevenantHugger is ready for game 3.
|inactive|colemarcusvgc has 30 seconds to confirm battle start!
