|j|☆randomguy1114s
|j|☆knowaboutme
|html|randomguy1114sknowaboutme    
|uhtml|bestof|Game 1 of a best-of-3
|t:|1756880091
|gametype|doubles
|player|p1|randomguy1114s|lillie-masters|1154
|player|p2|knowaboutme|blue-gen2|1119
|gen|9
|tier|[Gen 9] VGC 2025 Reg H (Bo3)
|rated|
|rule|Species Clause: Limit one of each Pokémon
|rule|Item Clause: Limit 1 of each item
|clearpoke
|poke|p1|Talonflame, L50, F|
|poke|p1|Garchomp, L50, M|
|poke|p1|Tyranitar, L50, M|
|poke|p1|Ursaluna-Bloodmoon, L50, M|
|poke|p1|Amoonguss, L50, M|
|poke|p1|Chandelure, L50, F|
|poke|p2|Annihilape, L50, M|
|poke|p2|Ninetales-Alola, L50, F|
|poke|p2|Talonflame, L50, M|
|poke|p2|Garchomp, L50, M|
|poke|p2|Vivillon-Monsoon, L50, F|
|poke|p2|Gholdengo, L50|
|teampreview|4
|showteam|p1|Talonflame||SafetyGoggles|GaleWings|Tailwind,FlareBlitz,BraveBird,WillOWisp|||F|||50|,,,,,Ghost]Garchomp||ClearAmulet|SandVeil|Earthquake,DragonClaw,StompingTantrum,Protect|||M|||50|,,,,,Steel]Tyranitar||AssaultVest|SandStream|RockSlide,KnockOff,TeraBlast,LowKick|||M|||50|,,,,,Flying]Ursaluna-Bloodmoon||LifeOrb|MindsEye|BloodMoon,HyperVoice,EarthPower,Protect|||M|||50|,,,,,Normal]Amoonguss||MentalHerb|Regenerator|RagePowder,PollenPuff,Spore,Protect|||M|||50|,,,,,Water]Chandelure||SitrusBerry|FlashFire|HeatWave,ShadowBall,TrickRoom,Protect|||F|||50|,,,,,Grass
|showteam|p2|Annihilape||SafetyGoggles|Defiant|RageFist,DrainPunch,BulkUp,Protect|||M|||50|,,,,,Water]Ninetales-Alola||CovertCloak|SnowWarning|Blizzard,FreezeDry,AuroraVeil,Protect|||F|||50|,,,,,Ice]Talonflame||SharpBeak|GaleWings|DualWingbeat,Tailwind,WillOWisp,Protect|||M|||50|,,,,,Ghost]Garchomp||LifeOrb|RoughSkin|Earthquake,StompingTantrum,DragonClaw,Protect|||M|||50|,,,,,Steel]Vivillon-Monsoon||FocusSash|CompoundEyes|SleepPowder,Hurricane,RagePowder,Protect|||F|||50|,,,,,Ghost]Gholdengo||IronPlate|GoodasGold|MakeItRain,ShadowBall,NastyPlot,Protect||||||50|,,,,,Steel
|j| Auragap
|l| Auragap
|inactive|Battle timer is ON: inactive players will automatically lose when time's up. (requested by randomguy1114s)
|inactive|knowaboutme has 60 seconds left.
|
|t:|1756880184
|teamsize|p1|4
|teamsize|p2|4
|start
|switch|p1a: SHROOMSSSS|Amoonguss, L50, M, shiny|100/100
|switch|p1b: LIGHTTTTTTTTTT|Chandelure, L50, F|100/100
|switch|p2a: Talonflame|Talonflame, L50, M|100/100
|switch|p2b: Ninetales|Ninetales-Alola, L50, F|100/100
|-weather|Snowscape|[from] ability: Snow Warning|[of] p2b: Ninetales
|turn|1
|
|t:|1756880208
|move|p1a: SHROOMSSSS|Protect|p1a: SHROOMSSSS
|-singleturn|p1a: SHROOMSSSS|Protect
|move|p2a: Talonflame|Dual Wingbeat|p1a: SHROOMSSSS
|-activate|p1a: SHROOMSSSS|move: Protect
|move|p2b: Ninetales|Aurora Veil|p2b: Ninetales
|-sidestart|p2: knowaboutme|move: Aurora Veil
|move|p1b: LIGHTTTTTTTTTT|Trick Room|p1b: LIGHTTTTTTTTTT
|-fieldstart|move: Trick Room|[of] p1b: LIGHTTTTTTTTTT
|
|-weather|Snowscape|[upkeep]
|upkeep
|turn|2
|
|t:|1756880222
|move|p2a: Talonflame|Protect|p2a: Talonflame
|-singleturn|p2a: Talonflame|Protect
|move|p1a: SHROOMSSSS|Spore|p2b: Ninetales
|-status|p2b: Ninetales|slp|[from] move: Spore
|move|p1b: LIGHTTTTTTTTTT|Heat Wave|p2a: Talonflame|[spread] p2b
|-activate|p2a: Talonflame|move: Protect
|-supereffective|p2b: Ninetales
|-damage|p2b: Ninetales|36/100 slp
|cant|p2b: Ninetales|slp
|
|-weather|Snowscape|[upkeep]
|upkeep
|turn|3
|
|t:|1756880236
|switch|p1b: DINOOOO|Tyranitar, L50, M, shiny|100/100
|-weather|Sandstorm|[from] ability: Sand Stream|[of] p1b: DINOOOO
|move|p2a: Talonflame|Dual Wingbeat|p1a: SHROOMSSSS
|-supereffective|p1a: SHROOMSSSS
|-damage|p1a: SHROOMSSSS|69/100
|-supereffective|p1a: SHROOMSSSS
|-damage|p1a: SHROOMSSSS|41/100
|-hitcount|p1a: SHROOMSSSS|2
|move|p1a: SHROOMSSSS|Spore|p2a: Talonflame
|-status|p2a: Talonflame|slp|[from] move: Spore
|-curestatus|p2b: Ninetales|slp|[msg]
|move|p2b: Ninetales|Blizzard|p1b: DINOOOO|[spread] p1a,p1b
|-supereffective|p1a: SHROOMSSSS
|-damage|p1a: SHROOMSSSS|0 fnt
|-damage|p1b: DINOOOO|86/100
|faint|p1a: SHROOMSSSS
|
|-weather|Sandstorm|[upkeep]
|-damage|p2b: Ninetales|30/100|[from] Sandstorm
|-damage|p2a: Talonflame|95/100 slp|[from] Sandstorm
|upkeep
|
|t:|1756880245
|switch|p1a: BEARRRRRR|Ursaluna-Bloodmoon, L50, M|100/100
|turn|4
|
|t:|1756880259
|move|p2b: Ninetales|Protect|p2b: Ninetales
|-singleturn|p2b: Ninetales|Protect
|cant|p2a: Talonflame|slp
|move|p1a: BEARRRRRR|Hyper Voice|p2b: Ninetales|[spread] p2a
|-activate|p2b: Ninetales|move: Protect
|-damage|p2a: Talonflame|39/100 slp
|-damage|p1a: BEARRRRRR|91/100|[from] item: Life Orb
|move|p1b: DINOOOO|Rock Slide|p2b: Ninetales|[spread] p2a
|-activate|p2b: Ninetales|move: Protect
|-supereffective|p2a: Talonflame
|-damage|p2a: Talonflame|0 fnt
|faint|p2a: Talonflame
|
|-weather|Sandstorm|[upkeep]
|-damage|p2b: Ninetales|23/100|[from] Sandstorm
|upkeep
|
|t:|1756880281
|switch|p2a: Garchomp|Garchomp, L50, M|100/100
|turn|5
|
|t:|1756880296
|switch|p1b: LIGHTTTTTTTTTT|Chandelure, L50, F|100/100
|move|p2a: Garchomp|Protect|p2a: Garchomp
|-singleturn|p2a: Garchomp|Protect
|move|p1a: BEARRRRRR|Hyper Voice|p2b: Ninetales|[spread] p2b
|-activate|p2a: Garchomp|move: Protect
|-damage|p2b: Ninetales|0 fnt
|faint|p2b: Ninetales
|-damage|p1a: BEARRRRRR|81/100|[from] item: Life Orb
|
|-weather|Sandstorm|[upkeep]
|-damage|p1b: LIGHTTTTTTTTTT|95/100|[from] Sandstorm
|-sideend|p2: knowaboutme|move: Aurora Veil
|-fieldend|move: Trick Room
|upkeep
|
|t:|1756880302
|switch|p2b: Gholdengo|Gholdengo, L50|100/100
|turn|6
|inactive|knowaboutme has 30 seconds left.
|inactive|randomguy1114s has 30 seconds left.
|inactive|knowaboutme has 20 seconds left.
|inactive|knowaboutme has 15 seconds left.
|inactive|knowaboutme has 10 seconds left.
|inactive|knowaboutme has 5 seconds left.
|
|t:|1756880352
|move|p1b: LIGHTTTTTTTTTT|Protect|p1b: LIGHTTTTTTTTTT
|-singleturn|p1b: LIGHTTTTTTTTTT|Protect
|move|p2a: Garchomp|Earthquake|p1b: LIGHTTTTTTTTTT|[spread] p2b,p1a
|-activate|p1b: LIGHTTTTTTTTTT|move: Protect
|-supereffective|p2b: Gholdengo
|-damage|p2b: Gholdengo|0 fnt
|-damage|p1a: BEARRRRRR|38/100
|faint|p2b: Gholdengo
|-damage|p2a: Garchomp|91/100|[from] item: Life Orb
|move|p1a: BEARRRRRR|Earth Power|p2a: Garchomp
|-damage|p2a: Garchomp|16/100
|-damage|p1a: BEARRRRRR|28/100|[from] item: Life Orb
|
|-weather|Sandstorm|[upkeep]
|-damage|p1b: LIGHTTTTTTTTTT|89/100|[from] Sandstorm
|upkeep
|turn|7
|
|t:|1756880369
|-terastallize|p1b: LIGHTTTTTTTTTT|Grass
|move|p2a: Garchomp|Earthquake|p1a: BEARRRRRR|[spread] p1a,p1b
|-resisted|p1b: LIGHTTTTTTTTTT
|-damage|p1a: BEARRRRRR|0 fnt
|-damage|p1b: LIGHTTTTTTTTTT|62/100
|faint|p1a: BEARRRRRR
|-damage|p2a: Garchomp|7/100|[from] item: Life Orb
|move|p1b: LIGHTTTTTTTTTT|Trick Room|p1b: LIGHTTTTTTTTTT
|-fieldstart|move: Trick Room|[of] p1b: LIGHTTTTTTTTTT
|
|-weather|none
|upkeep
|
|t:|1756880377
|switch|p1a: DINOOOO|Tyranitar, L50, M, shiny|86/100
|-weather|Sandstorm|[from] ability: Sand Stream|[of] p1a: DINOOOO
|turn|8
|
|t:|1756880386
|move|p1b: LIGHTTTTTTTTTT|Shadow Ball|p2a: Garchomp
|-damage|p2a: Garchomp|0 fnt
|faint|p2a: Garchomp
|
|win|randomguy1114s
||knowaboutme is ready for game 2.
