|j|☆MaoMaoMyqueen123
|j|☆rdw39
|html|MaoMaoMyqueen123rdw39    
|uhtml|bestof|Game 1 of a best-of-3
|t:|1756823258
|gametype|doubles
|player|p1|MaoMaoMyqueen123|acetrainerf-gen4dp|1000
|player|p2|rdw39|265|1089
|gen|9
|tier|[Gen 9] VGC 2025 Reg H (Bo3)
|rated|
|rule|Species Clause: Limit one of each Pokémon
|rule|Item Clause: Limit 1 of each item
|clearpoke
|poke|p1|Primarina, L50, F|
|poke|p1|Vivillon-Archipelago, L50, F|
|poke|p1|Porygon2, L50|
|poke|p1|Garchomp, L50, M|
|poke|p1|Gholdengo, L50|
|poke|p1|Incineroar, L50, F|
|poke|p2|Sneasler, L50, F|
|poke|p2|Indeedee, L50, M|
|poke|p2|Ursaluna-Bloodmoon, L50, M|
|poke|p2|Electabuzz, L50, F|
|poke|p2|Incineroar, L50, F|
|poke|p2|Talonflame, L50, F|
|teampreview|4
|showteam|p1|Primarina||SitrusBerry|LiquidVoice|HyperVoice,Moonblast,Haze,Protect|||F|||50|,,,,,Grass]Vivillon-Archipelago||FocusSash|CompoundEyes|Tailwind,Protect,RagePowder,SleepPowder|||F|||50|,,,,,Ghost]Porygon2||Eviolite|Download|TrickRoom,IceBeam,TeraBlast,Recover||||||50|,,,,,Fighting]Garchomp||LifeOrb|RoughSkin|StompingTantrum,Earthquake,DragonClaw,Protect|||M|||50|,,,,,Water]Gholdengo||MetalCoat|GoodasGold|NastyPlot,MakeItRain,ShadowBall,Protect||||||50|,,,,,Dragon]Incineroar||SafetyGoggles|Intimidate|FlareBlitz,PartingShot,FakeOut,KnockOff|||F|||50|,,,,,Ghost
|showteam|p2|Sneasler||PsychicSeed|Unburden|CloseCombat,DireClaw,ThroatChop,Protect|||F|||50|,,,,,Dark]Indeedee||FocusSash|PsychicSurge|ExpandingForce,TrickRoom,HelpingHand,Protect|||M|||50|,,,,,Psychic]Ursaluna-Bloodmoon||LifeOrb|MindsEye|BloodMoon,HyperVoice,EarthPower,Protect|||M|||50|,,,,,Normal]Electabuzz||Eviolite|VitalSpirit|Electroweb,FollowMe,Taunt,Protect|||F|||50|,,,,,Dragon]Incineroar||SafetyGoggles|Intimidate|FlareBlitz,KnockOff,PartingShot,FakeOut|||F|||50|,,,,,Ghost]Talonflame||CovertCloak|GaleWings|FlareBlitz,DualWingbeat,WillOWisp,Tailwind|||F|||50|,,,,,Fairy
|inactive|Battle timer is ON: inactive players will automatically lose when time's up. (requested by rdw39)
|
|t:|1756823307
|teamsize|p1|4
|teamsize|p2|4
|start
|switch|p1a: Porygon2|Porygon2, L50|100/100
|switch|p1b: Incineroar|Incineroar, L50, F|100/100
|switch|p2a: Electabuzz|Electabuzz, L50, F|100/100
|switch|p2b: Ursaluna|Ursaluna-Bloodmoon, L50, M|100/100
|-ability|p1b: Incineroar|Intimidate|boost
|-unboost|p2a: Electabuzz|atk|1
|-unboost|p2b: Ursaluna|atk|1
|-ability|p1a: Porygon2|Download|boost
|-boost|p1a: Porygon2|spa|1
|turn|1
|inactive|rdw39 has 30 seconds left.
|inactive|rdw39 has 20 seconds left.
|
|t:|1756823343
|switch|p2a: Incineroar|Incineroar, L50, F|100/100
|-ability|p2a: Incineroar|Intimidate|boost
|-unboost|p1a: Porygon2|atk|1
|-unboost|p1b: Incineroar|atk|1
|move|p2b: Ursaluna|Protect|p2b: Ursaluna
|-singleturn|p2b: Ursaluna|Protect
|move|p1b: Incineroar|Fake Out|p2a: Incineroar
|-damage|p2a: Incineroar|93/100
|move|p1a: Porygon2|Trick Room|p1a: Porygon2
|-fieldstart|move: Trick Room|[of] p1a: Porygon2
|
|upkeep
|turn|2
|inactive|MaoMaoMyqueen123 has 30 seconds left.
|inactive|rdw39 has 30 seconds left.
|inactive|MaoMaoMyqueen123 has 20 seconds left.
|inactive|MaoMaoMyqueen123 has 15 seconds left.
|inactive|MaoMaoMyqueen123 has 10 seconds left.
|
|t:|1756823392
|-terastallize|p1a: Porygon2|Fighting
|move|p2a: Incineroar|Fake Out|p1a: Porygon2
|-damage|p1a: Porygon2|94/100
|cant|p1a: Porygon2|flinch
|move|p1b: Incineroar|Parting Shot|p2b: Ursaluna
|-unboost|p2b: Ursaluna|atk|1
|-unboost|p2b: Ursaluna|spa|1
|
|t:|1756823412
|switch|p1b: Primarina|Primarina, L50, F|100/100|[from] Parting Shot
|move|p2b: Ursaluna|Earth Power|p1b: Primarina
|-damage|p1b: Primarina|62/100
|-damage|p2b: Ursaluna|91/100|[from] item: Life Orb
|
|upkeep
|turn|3
|
|t:|1756823431
|switch|p2a: Electabuzz|Electabuzz, L50, F|100/100
|move|p2b: Ursaluna|Protect|p2b: Ursaluna
|-singleturn|p2b: Ursaluna|Protect
|move|p1a: Porygon2|Tera Blast|p2b: Ursaluna|[anim] Tera Blast Fighting
|-activate|p2b: Ursaluna|move: Protect
|move|p1b: Primarina|Hyper Voice|p2b: Ursaluna|[spread] p2a
|-activate|p2b: Ursaluna|move: Protect
|-damage|p2a: Electabuzz|72/100
|
|upkeep
|turn|4
|inactive|rdw39 has 30 seconds left.
|inactive|rdw39 has 20 seconds left.
|
|t:|1756823469
|switch|p2b: Sneasler|Sneasler, L50, F|100/100
|move|p1a: Porygon2|Tera Blast|p2a: Electabuzz|[anim] Tera Blast Fighting
|-damage|p2a: Electabuzz|32/100
|move|p1b: Primarina|Hyper Voice|p2a: Electabuzz|[spread] p2a,p2b
|-damage|p2a: Electabuzz|5/100
|-damage|p2b: Sneasler|56/100
|move|p2a: Electabuzz|Electroweb|p1b: Primarina|[spread] p1a,p1b
|-supereffective|p1b: Primarina
|-damage|p1a: Porygon2|84/100
|-damage|p1b: Primarina|38/100
|-unboost|p1a: Porygon2|spe|1
|-unboost|p1b: Primarina|spe|1
|-enditem|p1b: Primarina|Sitrus Berry|[eat]
|-heal|p1b: Primarina|63/100|[from] item: Sitrus Berry
|
|upkeep
|turn|5
|inactive|MaoMaoMyqueen123 has 30 seconds left.
|inactive|MaoMaoMyqueen123 has 20 seconds left.
|inactive|MaoMaoMyqueen123 has 15 seconds left.
|inactive|MaoMaoMyqueen123 has 10 seconds left.
|
|t:|1756823515
|move|p2b: Sneasler|Protect|p2b: Sneasler
|-singleturn|p2b: Sneasler|Protect
|move|p1a: Porygon2|Recover|p1a: Porygon2
|-heal|p1a: Porygon2|100/100
|move|p1b: Primarina|Hyper Voice|p2a: Electabuzz|[spread] p2a
|-activate|p2b: Sneasler|move: Protect
|-damage|p2a: Electabuzz|0 fnt
|faint|p2a: Electabuzz
|
|-fieldend|move: Trick Room
|upkeep
|
|t:|1756823527
|switch|p2a: Ursaluna|Ursaluna-Bloodmoon, L50, M|91/100
|turn|6
|inactive|rdw39 has 30 seconds left.
|
|t:|1756823565
|switch|p1b: Incineroar|Incineroar, L50, F|100/100
|-ability|p1b: Incineroar|Intimidate|boost
|-unboost|p2a: Ursaluna|atk|1
|-unboost|p2b: Sneasler|atk|1
|-terastallize|p2a: Ursaluna|Normal
|move|p2b: Sneasler|Throat Chop|p1b: Incineroar
|-resisted|p1b: Incineroar
|-damage|p1b: Incineroar|92/100
|-start|p1b: Incineroar|Throat Chop|[silent]
|move|p2a: Ursaluna|Blood Moon|p1a: Porygon2
|-damage|p1a: Porygon2|18/100
|-damage|p2a: Ursaluna|81/100|[from] item: Life Orb
|move|p1a: Porygon2|Trick Room|p1a: Porygon2
|-fieldstart|move: Trick Room|[of] p1a: Porygon2
|
|upkeep
|turn|7
|
|t:|1756823589
|move|p2a: Ursaluna|Protect|p2a: Ursaluna
|-singleturn|p2a: Ursaluna|Protect
|move|p1b: Incineroar|Fake Out|p2b: Sneasler
|-damage|p2b: Sneasler|39/100
|move|p1a: Porygon2|Tera Blast|p2a: Ursaluna|[anim] Tera Blast Fighting
|-activate|p2a: Ursaluna|move: Protect
|cant|p2b: Sneasler|flinch
|
|-end|p1b: Incineroar|Throat Chop|[silent]
|upkeep
|turn|8
|inactive|MaoMaoMyqueen123 has 30 seconds left.
|inactive|rdw39 has 30 seconds left.
|
|t:|1756823621
|switch|p2a: Incineroar|Incineroar, L50, F|93/100
|-ability|p2a: Incineroar|Intimidate|boost
|-unboost|p1a: Porygon2|atk|1
|-unboost|p1b: Incineroar|atk|1
|move|p1a: Porygon2|Tera Blast|p2a: Incineroar|[anim] Tera Blast Fighting
|-supereffective|p2a: Incineroar
|-damage|p2a: Incineroar|3/100
|move|p1b: Incineroar|Flare Blitz|p2b: Sneasler
|-damage|p2b: Sneasler|0 fnt
|faint|p2b: Sneasler
|-damage|p1b: Incineroar|83/100|[from] Recoil
|
|upkeep
|-message|rdw39 forfeited.
|
|win|MaoMaoMyqueen123
||MaoMaoMyqueen123 is ready for game 2.
||rdw39 is ready for game 2.
|uhtml|next|Next: Game 2 of 3
|l|☆rdw39
|player|p2|
