|j|☆lolgz
|j|☆Sapitoch 4
|html|lolgzSapitoch 4    
|uhtml|bestof|Game 2 of a best-of-3
|t:|1782269374
|gametype|doubles
|player|p1|lolgz|dawn|1122
|player|p2|Sapitoch 4|102|1236
|gen|9
|tier|[Gen 9 Champions] VGC 2026 Reg M-B (Bo3)
|rated|
|rule|Species Clause: Limit one of each Pokémon
|rule|Item Clause: Limit 1 of each item
|clearpoke
|poke|p1|Torkoal, L50, M|
|poke|p1|Vileplume, L50, M|
|poke|p1|Farigiraf, L50, F|
|poke|p1|Scrafty, L50, F|
|poke|p1|Gallade, L50, M|
|poke|p1|Mawile, L50, F|
|poke|p2|Gengar, L50, F|
|poke|p2|Incineroar, L50, M|
|poke|p2|Samurott-Hisui, L50, M|
|poke|p2|Dragonite, L50, F|
|poke|p2|Ninetales-Alola, L50, F|
|poke|p2|Gholdengo, L50|
|teampreview|4
|showteam|p1|Torkoal||Charcoal|Drought|Eruption,WeatherBall,EarthPower,Protect|Quiet||M|||50|]Vileplume||FocusSash|Chlorophyll|EnergyBall,SludgeBomb,SleepPowder,AfterYou|Timid||M|||50|]Farigiraf||SitrusBerry|ArmorTail|TrickRoom,Protect,Psychic,HelpingHand|Bold||F|||50|]Scrafty||Scraftinite|Intimidate|CloseCombat,KnockOff,FakeOut,RockSlide|Brave||F|||50|]Gallade||IronBall|Sharpness|SacredSword,PsychoCut,WideGuard,TrickRoom|Brave||M|||50|]Mawile||Mawilite|Intimidate|SuckerPunch,PlayRough,SwordsDance,Protect|Brave||F|||50|
|showteam|p2|Gengar||Gengarite|CursedBody|ShadowBall,SludgeBomb,Protect,Disable|Timid||F|||50|]Incineroar||SitrusBerry|Intimidate|FlareBlitz,PartingShot,FakeOut,Protect|Impish||M|||50|]Samurott-Hisui||ChopleBerry|Sharpness|NightSlash,SacredSword,SuckerPunch,Detect|Jolly||M|||50|]Dragonite||DragonFang|Multiscale|DragonClaw,LowKick,ExtremeSpeed,Protect|Adamant||F|||50|]Ninetales-Alola||FocusSash|SnowWarning|Blizzard,FreezeDry,Encore,Protect|Timid||F|||50|]Gholdengo||ChoiceScarf|GoodasGold|MakeItRain,ShadowBall,Trick,PowerGem|Modest|||||50|
|inactive|Battle timer is ON: inactive players will automatically lose when time's up. (requested by lolgz)
|inactive|Sapitoch 4 has 60 seconds left.
|
|t:|1782269424
|teamsize|p1|4
|teamsize|p2|4
|start
|switch|p1a: Farigiraf|Farigiraf, L50, F|100/100
|switch|p1b: Gallade|Gallade, L50, M|100/100
|switch|p2a: Incineroar|Incineroar, L50, M|100/100
|switch|p2b: Gholdengo|Gholdengo, L50|100/100
|-ability|p2a: Incineroar|Intimidate|boost
|-unboost|p1a: Farigiraf|atk|1
|-unboost|p1b: Gallade|atk|1
|turn|1
|inactive|lolgz has 30 seconds left.
|inactive|Sapitoch 4 has 30 seconds left.
|inactive|lolgz has 20 seconds left.
|inactive|lolgz has 15 seconds left.
|
|t:|1782269468
|move|p2b: Gholdengo|Trick|p1a: Farigiraf
|-activate|p2b: Gholdengo|move: Trick|[of] p1a: Farigiraf
|-item|p1a: Farigiraf|Choice Scarf|[from] move: Trick
|-item|p2b: Gholdengo|Sitrus Berry|[from] move: Trick
|move|p2a: Incineroar|Parting Shot|p1b: Gallade
|-unboost|p1b: Gallade|atk|1
|-unboost|p1b: Gallade|spa|1
|
|t:|1782269486
|switch|p2a: Samurott|Samurott-Hisui, L50, M|100/100|[from] Parting Shot
|move|p1b: Gallade|Sacred Sword|p2a: Samurott
|-supereffective|p2a: Samurott|1
|-enditem|p2a: Samurott|Chople Berry|[eat]
|-enditem|p2a: Samurott|Chople Berry|[weaken]
|-damage|p2a: Samurott|51/100
|move|p1a: Farigiraf|Trick Room|p1a: Farigiraf
|-fieldstart|move: Trick Room|[of] p1a: Farigiraf
|
|upkeep
|turn|2
|inactive|Sapitoch 4 has 30 seconds left.
|
|t:|1782269511
|switch|p1b: Mawile|Mawile, L50, F|100/100
|-ability|p1b: Mawile|Intimidate|boost
|-unboost|p2a: Samurott|atk|1
|-unboost|p2b: Gholdengo|atk|1
|switch|p1a: Torkoal|Torkoal, L50, M|100/100
|-weather|SunnyDay|[from] ability: Drought|[of] p1a: Torkoal
|move|p2b: Gholdengo|Shadow Ball|p1a: Torkoal
|-damage|p1a: Torkoal|40/100
|move|p2a: Samurott|Night Slash|p1a: Torkoal
|-damage|p1a: Torkoal|16/100
|
|-weather|SunnyDay|[upkeep]
|upkeep
|turn|3
|inactive|lolgz has 30 seconds left.
|inactive|Sapitoch 4 has 30 seconds left.
|
|t:|1782269544
|switch|p2b: Incineroar|Incineroar, L50, M|100/100
|-ability|p2b: Incineroar|Intimidate|boost
|-unboost|p1a: Torkoal|atk|1
|-unboost|p1b: Mawile|atk|1
|detailschange|p1b: Mawile|Mawile-Mega, L50, F
|-mega|p1b: Mawile|Mawile|Mawilite
|move|p2a: Samurott|Sucker Punch|p1a: Torkoal
|-damage|p1a: Torkoal|1/100
|move|p1a: Torkoal|Weather Ball|p2b: Incineroar
|-resisted|p2b: Incineroar|1
|-damage|p2b: Incineroar|69/100
|move|p1b: Mawile|Play Rough|p2a: Samurott
|-supereffective|p2a: Samurott|1
|-damage|p2a: Samurott|0 fnt
|faint|p2a: Samurott
|
|-weather|SunnyDay|[upkeep]
|upkeep
|inactive|Sapitoch 4 has 30 seconds left.
|inactive|Sapitoch 4 has 20 seconds left.
|
|t:|1782269582
|switch|p2a: Dragonite|Dragonite, L50, F|100/100
|turn|4
|
|t:|1782269599
|switch|p1a: Farigiraf|Farigiraf, L50, F|100/100
|switch|p1b: Gallade|Gallade, L50, M|100/100
|move|p2b: Incineroar|Flare Blitz|p1b: Gallade
|-damage|p1b: Gallade|0 fnt
|faint|p1b: Gallade
|-damage|p2b: Incineroar|40/100|[from] Recoil
|-enditem|p2b: Incineroar|Sitrus Berry|[eat]
|-heal|p2b: Incineroar|65/100|[from] item: Sitrus Berry
|move|p2a: Dragonite|Dragon Claw|p1a: Farigiraf
|-damage|p1a: Farigiraf|55/100
|
|-weather|SunnyDay|[upkeep]
|upkeep
|
|t:|1782269602
|switch|p1b: Mawile|Mawile-Mega, L50, F|100/100
|turn|5
|inactive|Sapitoch 4 has 30 seconds left.
|
|t:|1782269630
|move|p2b: Incineroar|Protect|p2b: Incineroar
|-singleturn|p2b: Incineroar|Protect
|move|p2a: Dragonite|Protect|p2a: Dragonite
|-singleturn|p2a: Dragonite|Protect
|move|p1b: Mawile|Play Rough|p2b: Incineroar
|-activate|p2b: Incineroar|move: Protect
|move|p1a: Farigiraf|Psychic|p2a: Dragonite
|-activate|p2a: Dragonite|move: Protect
|
|-weather|SunnyDay|[upkeep]
|-fieldend|move: Trick Room
|upkeep
|turn|6
|
|t:|1782269648
|move|p2a: Dragonite|Dragon Claw|p1a: Farigiraf
|-damage|p1a: Farigiraf|11/100
|move|p1a: Farigiraf|Psychic|p2a: Dragonite
|-damage|p2a: Dragonite|81/100
|-unboost|p2a: Dragonite|spd|1
|move|p2b: Incineroar|Flare Blitz|p1b: Mawile
|-supereffective|p1b: Mawile|1
|-damage|p1b: Mawile|0 fnt
|faint|p1b: Mawile
|-damage|p2b: Incineroar|39/100|[from] Recoil
|
|-weather|none
|upkeep
|-message|lolgz forfeited.
|
|win|Sapitoch 4
|l|☆lolgz
|player|p1|
||lolgz is ready for game 3.
