|j|☆gtgnimbus
|j|☆Pelosis
|html|gtgnimbusPelosis    
|uhtml|bestof|Game 2 of a best-of-3
|t:|1784138238
|gametype|doubles
|player|p1|gtgnimbus|wallace|1183
|player|p2|Pelosis|101|1179
|gen|9
|tier|[Gen 9 Champions] VGC 2026 Reg M-B (Bo3)
|rated|
|rule|Species Clause: Limit one of each Pokémon
|rule|Item Clause: Limit 1 of each item
|clearpoke
|poke|p1|Incineroar, L50, M|
|poke|p1|Blastoise, L50, M|
|poke|p1|Sinistcha, L50|
|poke|p1|Kingambit, L50, M|
|poke|p1|Delphox, L50, F|
|poke|p1|Sneasler, L50, F|
|poke|p2|Mawile, L50, F|
|poke|p2|Farigiraf, L50, F|
|poke|p2|Incineroar, L50, F|
|poke|p2|Torkoal, L50, F|
|poke|p2|Venusaur, L50, M|
|poke|p2|Scrafty, L50, M|
|teampreview|4
|showteam|p1|Incineroar||SitrusBerry|Intimidate|FlareBlitz,HelpingHand,PartingShot,FakeOut|Careful||M|||50|]Blastoise||Blastoisinite|RainDish|WaterSpout,DarkPulse,ShellSmash,Protect|Modest||M|||50|]Sinistcha||KasibBerry|Hospitality|MatchaGotcha,TrickRoom,RagePowder,Protect|Bold|||||50|]Kingambit||BlackGlasses|Defiant|KowtowCleave,SuckerPunch,SwordsDance,Protect|Adamant||M|||50|]Delphox||Delphoxite|Blaze|HeatWave,Psyshock,NastyPlot,Protect|Modest||F|||50|]Sneasler||FocusSash|PoisonTouch|CloseCombat,PoisonJab,QuickGuard,FakeOut|Jolly||F|||50|
|showteam|p2|Mawile||Mawilite|HyperCutter|Protect,PlayRough,SwordsDance,SuckerPunch|Brave||F|||50|]Farigiraf||SitrusBerry|ArmorTail|TrickRoom,TwinBeam,Thunderbolt,HelpingHand|Quiet||F|||50|]Incineroar||WhiteHerb|Intimidate|FakeOut,CloseCombat,FlareBlitz,DarkestLariat|Brave||F|||50|]Torkoal||Charcoal|Drought|Protect,Eruption,HeatWave,WeatherBall|Quiet||F|||50|]Venusaur||FocusSash|Chlorophyll|SleepPowder,EarthPower,EnergyBall,SludgeBomb|Modest||M|||50|]Scrafty||Scraftinite|Intimidate|FakeOut,CloseCombat,KnockOff,IcePunch|Brave||M|||50|
|inactive|Battle timer is ON: inactive players will automatically lose when time's up. (requested by gtgnimbus)
|inactive|Pelosis has 60 seconds left.
|
|t:|1784138320
|teamsize|p1|4
|teamsize|p2|4
|start
|switch|p1a: Sneasler|Sneasler, L50, F|100/100
|switch|p1b: Kingambit|Kingambit, L50, M|100/100
|switch|p2a: Farigiraf|Farigiraf, L50, F|100/100
|switch|p2b: Venusaur|Venusaur, L50, M|100/100
|turn|1
|
|t:|1784138336
|move|p1a: Sneasler|Poison Jab|p2b: Venusaur
|-damage|p2b: Venusaur|46/100
|move|p2b: Venusaur|Sleep Powder|p1b: Kingambit
|-status|p1b: Kingambit|slp|[from] move: Sleep Powder
|move|p2a: Farigiraf|Twin Beam|p1a: Sneasler
|-supereffective|p1a: Sneasler|2
|-enditem|p1a: Sneasler|Focus Sash
|-damage|p1a: Sneasler|1/100
|-supereffective|p1a: Sneasler|2
|-damage|p1a: Sneasler|0 fnt
|faint|p1a: Sneasler
|-hitcount|p1: Sneasler|2
|cant|p1b: Kingambit|slp
|
|upkeep
|
|t:|1784138346
|switch|p1a: Delphox|Delphox, L50, F|100/100
|turn|2
|
|t:|1784138369
|detailschange|p1a: Delphox|Delphox-Mega, L50, F
|-mega|p1a: Delphox|Delphox|Delphoxite
|move|p1a: Delphox|Heat Wave|p2b: Venusaur|[spread] p2a,p2b
|-crit|p2a: Farigiraf
|-supereffective|p2b: Venusaur|1
|-damage|p2a: Farigiraf|45/100
|-damage|p2b: Venusaur|0 fnt
|-enditem|p2a: Farigiraf|Sitrus Berry|[eat]
|-heal|p2a: Farigiraf|70/100|[from] item: Sitrus Berry
|faint|p2b: Venusaur
|cant|p1b: Kingambit|slp
|move|p2a: Farigiraf|Trick Room|p2a: Farigiraf
|-fieldstart|move: Trick Room|[of] p2a: Farigiraf
|
|upkeep
|
|t:|1784138389
|switch|p2b: Torkoal|Torkoal, L50, F|100/100
|-weather|SunnyDay|[from] ability: Drought|[of] p2b: Torkoal
|turn|3
|
|t:|1784138398
|-curestatus|p1b: Kingambit|slp|[msg]
|move|p1b: Kingambit|Protect|p1b: Kingambit
|-singleturn|p1b: Kingambit|Protect
|move|p2b: Torkoal|Eruption|p1b: Kingambit|[spread] p1a
|-activate|p1b: Kingambit|move: Protect
|-resisted|p1a: Delphox|1
|-damage|p1a: Delphox|61/100
|move|p2a: Farigiraf|Thunderbolt|p1a: Delphox
|-damage|p1a: Delphox|40/100
|move|p1a: Delphox|Psyshock|p2b: Torkoal
|-damage|p2b: Torkoal|67/100
|
|-weather|SunnyDay|[upkeep]
|upkeep
|turn|4
|inactive|Pelosis has 30 seconds left.
|
|t:|1784138430
|switch|p1b: Incineroar|Incineroar, L50, M|100/100
|-ability|p1b: Incineroar|Intimidate|boost
|-unboost|p2a: Farigiraf|atk|1
|-unboost|p2b: Torkoal|atk|1
|move|p2a: Farigiraf|Helping Hand|p2b: Torkoal
|-singleturn|p2b: Torkoal|Helping Hand|[of] p2a: Farigiraf
|move|p2b: Torkoal|Eruption|p1a: Delphox|[spread] p1a,p1b
|-resisted|p1a: Delphox|1
|-resisted|p1b: Incineroar|1
|-damage|p1a: Delphox|1/100
|-damage|p1b: Incineroar|64/100
|move|p1a: Delphox|Heat Wave|p2b: Torkoal|[spread] p2a,p2b
|-resisted|p2b: Torkoal|1
|-damage|p2a: Farigiraf|18/100
|-damage|p2b: Torkoal|26/100
|
|-weather|SunnyDay|[upkeep]
|upkeep
|turn|5
|
|t:|1784138451
|move|p1a: Delphox|Protect|p1a: Delphox
|-singleturn|p1a: Delphox|Protect
|move|p2b: Torkoal|Heat Wave|p1a: Delphox|[spread] 
|-activate|p1a: Delphox|move: Protect
|-miss|p2b: Torkoal|p1b: Incineroar
|move|p2a: Farigiraf|Thunderbolt|p1b: Incineroar
|-damage|p1b: Incineroar|44/100
|-enditem|p1b: Incineroar|Sitrus Berry|[eat]
|-heal|p1b: Incineroar|68/100|[from] item: Sitrus Berry
|move|p1b: Incineroar|Flare Blitz|p2b: Torkoal
|-resisted|p2b: Torkoal|1
|-damage|p2b: Torkoal|0 fnt
|faint|p2b: Torkoal
|-damage|p1b: Incineroar|60/100|[from] Recoil
|
|-weather|SunnyDay|[upkeep]
|upkeep
|
|t:|1784138466
|switch|p2b: Mawile|Mawile, L50, F|100/100
|turn|6
|inactive|Pelosis has 30 seconds left.
|inactive|Pelosis has 20 seconds left.
|inactive|Pelosis has 15 seconds left.
|inactive|Pelosis has 10 seconds left.
|inactive|Pelosis has 5 seconds left.
|
|t:|1784138519
|switch|p1b: Kingambit|Kingambit, L50, M|100/100
|detailschange|p2b: Mawile|Mawile-Mega, L50, F
|-mega|p2b: Mawile|Mawile|Mawilite
|move|p2a: Farigiraf|Helping Hand|p2b: Mawile
|-singleturn|p2b: Mawile|Helping Hand|[of] p2a: Farigiraf
|move|p2b: Mawile|Play Rough|p1b: Kingambit
|-damage|p1b: Kingambit|0 fnt
|faint|p1b: Kingambit
|move|p1a: Delphox|Heat Wave|p2a: Farigiraf|[spread] p2a,p2b
|-supereffective|p2b: Mawile|1
|-crit|p2b: Mawile
|-damage|p2a: Farigiraf|0 fnt
|-damage|p2b: Mawile|0 fnt
|faint|p2a: Farigiraf
|faint|p2b: Mawile
|
|win|gtgnimbus
|inactive|gtgnimbus has 30 seconds to confirm battle start!
|inactive|Pelosis has 30 seconds to confirm battle start!
||gtgnimbus is ready for game 3.
