|j|‽Giraldo567
|j|☆TMJS01
|html|Giraldo567TMJS01    
|uhtml|bestof|Game 1 of a best-of-3
|t:|1782498729
|gametype|doubles
|player|p1|Giraldo567|101|1253
|player|p2|TMJS01|unknown|1379
|gen|9
|tier|[Gen 9 Champions] VGC 2026 Reg M-B (Bo3)
|rated|
|rule|Species Clause: Limit one of each Pokémon
|rule|Item Clause: Limit 1 of each item
|clearpoke
|poke|p1|Charizard, L50, M|
|poke|p1|Milotic, L50, M|
|poke|p1|Incineroar, L50, M|
|poke|p1|Sneasler, L50, M|
|poke|p1|Basculegion, L50, M|
|poke|p1|Sinistcha-Masterpiece, L50|
|poke|p2|Sinistcha, L50|
|poke|p2|Incineroar, L50, F|
|poke|p2|Garchomp, L50, F|
|poke|p2|Floette-Eternal, L50, F|
|poke|p2|Delphox, L50, M|
|poke|p2|Kingambit, L50, F|
|teampreview|4
|showteam|p1|Charizard||CharizarditeY|Blaze|Protect,HeatWave,WeatherBall,SolarBeam|Modest||M|||50|]Milotic||Leftovers|Competitive|Coil,Hypnosis,Protect,MuddyWater|Calm||M|||50|]Incineroar||ChopleBerry|Intimidate|FakeOut,DarkestLariat,FlareBlitz,PartingShot|Adamant||M|||50|]Sneasler||FocusSash|PoisonTouch|FakeOut,DireClaw,CloseCombat,Protect|Adamant||M|||50|]Basculegion||ChoiceScarf|Adaptability|FlipTurn,WaveCrash,AquaJet,LastRespects|Jolly||M|||50|]Sinistcha-Masterpiece||SitrusBerry|Hospitality|RagePowder,Protect,MatchaGotcha,LifeDew|Bold|||||50|
|showteam|p2|Sinistcha||KasibBerry|Hospitality|MatchaGotcha,RagePowder,TrickRoom,LifeDew|Relaxed|||||50|]Incineroar||ChopleBerry|Intimidate|ThroatChop,FlareBlitz,PartingShot,FakeOut|Impish||F|||50|]Garchomp||LifeOrb|RoughSkin|ScaleShot,StompingTantrum,Protect,RockTomb|Jolly||F|||50|]Floette-Eternal||Floettite|FlowerVeil|Protect,CalmMind,Moonblast,DazzlingGleam|Modest||F|||50|]Delphox||Delphoxite|Blaze|NastyPlot,HeatWave,Psyshock,Protect|Timid||M|||50|]Kingambit||FocusSash|Defiant|SuckerPunch,IronHead,KowtowCleave,LowKick|Brave||F|||50|
|inactive|Battle timer is ON: inactive players will automatically lose when time's up. (requested by TMJS01)
|
|t:|1782498753
|teamsize|p1|4
|teamsize|p2|4
|start
|switch|p1a: Charizard|Charizard, L50, M|100/100
|switch|p1b: Sneasler|Sneasler, L50, M|100/100
|switch|p2a: Delphox|Delphox, L50, M|100/100
|switch|p2b: Garchomp|Garchomp, L50, F|100/100
|turn|1
|inactive|Giraldo567 has 30 seconds left.
|
|t:|1782498780
|detailschange|p2a: Delphox|Delphox-Mega, L50, M
|-mega|p2a: Delphox|Delphox|Delphoxite
|detailschange|p1a: Charizard|Charizard-Mega-Y, L50, M
|-mega|p1a: Charizard|Charizard|Charizardite Y
|-weather|SunnyDay|[from] ability: Drought|[of] p1a: Charizard
|move|p1b: Sneasler|Fake Out|p2b: Garchomp
|-damage|p2b: Garchomp|85/100
|-damage|p1b: Sneasler|87/100|[from] ability: Rough Skin|[of] p2b: Garchomp
|move|p2a: Delphox|Nasty Plot|p2a: Delphox
|-boost|p2a: Delphox|spa|2
|cant|p2b: Garchomp|flinch
|move|p1a: Charizard|Weather Ball|p2b: Garchomp
|-resisted|p2b: Garchomp|1
|-damage|p2b: Garchomp|30/100
|
|-weather|SunnyDay|[upkeep]
|upkeep
|turn|2
|
|t:|1782498801
|move|p2a: Delphox|Heat Wave|p1a: Charizard|[spread] p1a,p1b
|-resisted|p1a: Charizard|1
|-damage|p1a: Charizard|39/100
|-damage|p1b: Sneasler|0 fnt
|faint|p1b: Sneasler
|move|p2b: Garchomp|Scale Shot|p1a: Charizard
|-damage|p1a: Charizard|14/100
|-damage|p1a: Charizard|0 fnt
|faint|p1a: Charizard
|-hitcount|p1: Charizard|2
|-unboost|p2b: Garchomp|def|1
|-boost|p2b: Garchomp|spe|1
|-damage|p2b: Garchomp|20/100y|[from] item: Life Orb
|
|-weather|SunnyDay|[upkeep]
|upkeep
|
|t:|1782498808
|switch|p1b: Milotic|Milotic, L50, M|100/100
|switch|p1a: Basculegion|Basculegion, L50, M|100/100
|turn|3
|
|t:|1782498820
|move|p2b: Garchomp|Scale Shot|p1a: Basculegion
|-damage|p1a: Basculegion|79/100
|-damage|p1a: Basculegion|57/100
|-damage|p1a: Basculegion|34/100
|-damage|p1a: Basculegion|12/100
|-hitcount|p1a: Basculegion|4
|-unboost|p2b: Garchomp|def|1
|-boost|p2b: Garchomp|spe|1
|-damage|p2b: Garchomp|11/100|[from] item: Life Orb
|move|p1a: Basculegion|Last Respects|p2a: Delphox
|-supereffective|p2a: Delphox|1
|-damage|p2a: Delphox|0 fnt
|faint|p2a: Delphox
|move|p1b: Milotic|Coil|p1b: Milotic
|-boost|p1b: Milotic|atk|1
|-boost|p1b: Milotic|def|1
|-boost|p1b: Milotic|accuracy|1
|
|-weather|SunnyDay|[upkeep]
|upkeep
|
|t:|1782498825
|switch|p2a: Sinistcha|Sinistcha, L50|100/100
|-heal|p2b: Garchomp|35/100|[from] ability: Hospitality|[of] p2a: Sinistcha
|turn|4
|
|t:|1782498838
|move|p2b: Garchomp|Stomping Tantrum|p1a: Basculegion
|-damage|p1a: Basculegion|0 fnt
|faint|p1a: Basculegion
|-damage|p2b: Garchomp|26/100|[from] item: Life Orb
|move|p1b: Milotic|Muddy Water|p2a: Sinistcha|[spread] p2a,p2b
|-resisted|p2a: Sinistcha|1
|-crit|p2b: Garchomp
|-damage|p2a: Sinistcha|94/100
|-damage|p2b: Garchomp|8/100
|move|p2a: Sinistcha|Matcha Gotcha|p1b: Milotic
|-supereffective|p1b: Milotic|1
|-damage|p1b: Milotic|58/100
|-heal|p2a: Sinistcha|100/100|[from] drain|[of] p1b: Milotic
|
|-weather|SunnyDay|[upkeep]
|-heal|p1b: Milotic|64/100|[from] item: Leftovers
|upkeep
|turn|5
|
|t:|1782498853
|move|p2b: Garchomp|Scale Shot|p1b: Milotic
|-damage|p1b: Milotic|50/100g
|-damage|p1b: Milotic|38/100
|-hitcount|p1b: Milotic|2
|-unboost|p2b: Garchomp|def|1
|-boost|p2b: Garchomp|spe|1
|-damage|p2b: Garchomp|0 fnt|[from] item: Life Orb
|faint|p2b: Garchomp
|move|p1b: Milotic|Hypnosis|p2a: Sinistcha|[miss]
|-miss|p1b: Milotic|p2a: Sinistcha
|move|p2a: Sinistcha|Matcha Gotcha|p1b: Milotic
|-supereffective|p1b: Milotic|1
|-damage|p1b: Milotic|1/100
|
|-weather|none
|-heal|p1b: Milotic|7/100|[from] item: Leftovers
|upkeep
|
|t:|1782498855
|switch|p2b: Kingambit|Kingambit, L50, F|100/100
|turn|6
|
|t:|1782498860
|move|p2b: Kingambit|Sucker Punch||[still]
|-fail|p2b: Kingambit
|move|p1b: Milotic|Hypnosis|p2b: Kingambit|[miss]
|-miss|p1b: Milotic|p2b: Kingambit
|move|p2a: Sinistcha|Matcha Gotcha|p1b: Milotic
|-supereffective|p1b: Milotic|1
|-damage|p1b: Milotic|0 fnt
|faint|p1b: Milotic
|
|win|TMJS01
||TMJS01 is ready for game 2.
||Giraldo567 is ready for game 2.
|uhtml|next|Next: Game 2 of 3
