|j|☆oidepusscuss
|j|☆lettitripppp
|html|oidepusscusslettitripppp    
|uhtml|bestof|Game 2 of a best-of-3
|t:|1783742086
|gametype|doubles
|player|p1|oidepusscuss|265|1134
|player|p2|lettitripppp|lucas|1218
|gen|9
|tier|[Gen 9 Champions] VGC 2026 Reg M-B (Bo3)
|rated|
|rule|Species Clause: Limit one of each Pokémon
|rule|Item Clause: Limit 1 of each item
|clearpoke
|poke|p1|Raichu, L50, M|
|poke|p1|Jolteon, L50, F|
|poke|p1|Ninetales-Alola, L50, M|
|poke|p1|Whimsicott, L50, F|
|poke|p1|Volcarona, L50, M|
|poke|p1|Sinistcha, L50|
|poke|p2|Charizard, L50, F|
|poke|p2|Basculegion, L50, M|
|poke|p2|Whimsicott, L50, M, shiny|
|poke|p2|Garchomp, L50, M, shiny|
|poke|p2|Floette-Eternal, L50, F|
|poke|p2|Kingambit, L50, F, shiny|
|teampreview|4
|showteam|p1|Raichu||RaichuniteX|LightningRod|FakeOut,RisingVoltage,VoltSwitch,Protect|Timid||M|||50|]Jolteon||LifeOrb|VoltAbsorb|RisingVoltage,VoltSwitch,WeatherBall,Protect|Timid||F|||50|]Ninetales-Alola||NeverMeltIce|SnowWarning|Blizzard,FreezeDry,AuroraVeil,Protect|Timid||M|||50|]Whimsicott||FocusSash|Prankster|Tailwind,Moonblast,SunnyDay,Protect|Timid||F|||50|]Volcarona||Leftovers|FlameBody|FieryDance,GigaDrain,QuiverDance,Protect|Modest||M|||50|]Sinistcha||SitrusBerry|Hospitality|MatchaGotcha,RagePowder,LifeDew,TrickRoom|Bold|||||50|
|showteam|p2|Charizard||CharizarditeY|Blaze|WeatherBall,SolarBeam,HeatWave,Protect|Modest||F|||50|]Basculegion||MysticWater|Adaptability|LastRespects,WaveCrash,AquaJet,Protect|Adamant||M|||50|]Whimsicott||FocusSash|Prankster|Moonblast,Tailwind,Encore,Protect|Timid||M|||50|]Garchomp||LifeOrb|RoughSkin|DragonClaw,Earthquake,RockSlide,Protect|Jolly||M|||50|]Floette-Eternal||Floettite|FlowerVeil|DazzlingGleam,LightofRuin,Moonblast,Protect|Modest||F|||50|]Kingambit||ChopleBerry|Defiant|KowtowCleave,SuckerPunch,IronHead,LowKick|Adamant||F|||50|
|inactive|Battle timer is ON: inactive players will automatically lose when time's up. (requested by lettitripppp)
|inactive|oidepusscuss has 60 seconds left.
|
|t:|1783742133
|teamsize|p1|4
|teamsize|p2|4
|start
|switch|p1a: Volcarona|Volcarona, L50, M|100/100
|switch|p1b: Raichu|Raichu, L50, M|100/100
|switch|p2a: CRUSH SHARK|Garchomp, L50, M, shiny|100/100
|switch|p2b: LETS GO GO|Whimsicott, L50, M, shiny|100/100
|turn|1
|inactive|oidepusscuss has 30 seconds left.
|inactive|oidepusscuss has 20 seconds left.
|
|t:|1783742171
|detailschange|p1b: Raichu|Raichu-Mega-X, L50, M
|-mega|p1b: Raichu|Raichu|Raichunite X
|-fieldstart|move: Electric Terrain|[from] ability: Electric Surge|[of] p1b: Raichu
|move|p1b: Raichu|Fake Out|p2b: LETS GO GO
|-damage|p2b: LETS GO GO|87/100
|cant|p2b: LETS GO GO|flinch
|move|p2a: CRUSH SHARK|Rock Slide|p1a: Volcarona|[spread] p1a,p1b
|-supereffective|p1a: Volcarona|2
|-damage|p1a: Volcarona|0 fnt
|-damage|p1b: Raichu|64/100
|faint|p1a: Volcarona
|-damage|p2a: CRUSH SHARK|90/100|[from] item: Life Orb
|
|upkeep
|
|t:|1783742186
|switch|p1a: Whimsicott|Whimsicott, L50, F|100/100
|turn|2
|
|t:|1783742201
|move|p1a: Whimsicott|Tailwind|p1a: Whimsicott
|-sidestart|p1: oidepusscuss|move: Tailwind
|move|p1b: Raichu|Volt Switch|p2b: LETS GO GO
|-resisted|p2b: LETS GO GO|1
|-damage|p2b: LETS GO GO|58/100
|
|t:|1783742205
|switch|p1b: Sinistcha|Sinistcha, L50|100/100|[from] Volt Switch
|move|p2b: LETS GO GO|Moonblast|p1a: Whimsicott
|-damage|p1a: Whimsicott|54/100
|move|p2a: CRUSH SHARK|Earthquake|p1a: Whimsicott|[spread] p2b,p1a,p1b
|-resisted|p2b: LETS GO GO|1
|-resisted|p1a: Whimsicott|1
|-resisted|p1b: Sinistcha|1
|-crit|p1b: Sinistcha
|-damage|p2b: LETS GO GO|27/100
|-damage|p1a: Whimsicott|19/100
|-damage|p1b: Sinistcha|70/100
|-damage|p2a: CRUSH SHARK|80/100|[from] item: Life Orb
|
|upkeep
|turn|3
|inactive|oidepusscuss has 30 seconds left.
|
|t:|1783742239
|move|p1a: Whimsicott|Moonblast|p2b: LETS GO GO
|-damage|p2b: LETS GO GO|0 fnt
|faint|p2b: LETS GO GO
|move|p1b: Sinistcha|Life Dew|p1b: Sinistcha|[spread] p1a,p1b
|-heal|p1a: Whimsicott|44/100
|-heal|p1b: Sinistcha|96/100
|move|p2a: CRUSH SHARK|Earthquake|p1b: Sinistcha|[spread] p1a,p1b
|-resisted|p1a: Whimsicott|1
|-resisted|p1b: Sinistcha|1
|-damage|p1a: Whimsicott|10/100
|-damage|p1b: Sinistcha|76/100
|-damage|p2a: CRUSH SHARK|70/100|[from] item: Life Orb
|
|upkeep
|
|t:|1783742248
|switch|p2b: GHOSTWAVE|Basculegion, L50, M|100/100
|turn|4
|inactive|oidepusscuss has 30 seconds left.
|
|t:|1783742276
|move|p2b: GHOSTWAVE|Aqua Jet|p1a: Whimsicott
|-resisted|p1a: Whimsicott|1
|-damage|p1a: Whimsicott|0 fnt
|faint|p1a: Whimsicott
|move|p1b: Sinistcha|Matcha Gotcha|p2b: GHOSTWAVE|[spread] p2a
|-miss|p1b: Sinistcha|p2b: GHOSTWAVE
|-damage|p2a: CRUSH SHARK|43/100
|-heal|p1b: Sinistcha|91/100|[from] drain|[of] p2a: CRUSH SHARK
|move|p2a: CRUSH SHARK|Dragon Claw|p1b: Sinistcha
|-damage|p1b: Sinistcha|42/100
|-enditem|p1b: Sinistcha|Sitrus Berry|[eat]
|-heal|p1b: Sinistcha|66/100|[from] item: Sitrus Berry
|-damage|p2a: CRUSH SHARK|33/100|[from] item: Life Orb
|
|upkeep
|
|t:|1783742284
|switch|p1a: Raichu|Raichu-Mega-X, L50, M|64/100
|turn|5
|inactive|oidepusscuss has 30 seconds left.
|
|t:|1783742312
|move|p2b: GHOSTWAVE|Aqua Jet|p1a: Raichu
|-damage|p1a: Raichu|24/100
|move|p1a: Raichu|Rising Voltage|p2b: GHOSTWAVE
|-hint|Rising Voltage's BP doubled on grounded target.
|-supereffective|p2b: GHOSTWAVE|1
|-damage|p2b: GHOSTWAVE|0 fnt
|faint|p2b: GHOSTWAVE
|move|p1b: Sinistcha|Life Dew|p1b: Sinistcha|[spread] p1a,p1b
|-heal|p1a: Raichu|49/100
|-heal|p1b: Sinistcha|92/100
|move|p2a: CRUSH SHARK|Earthquake|p1b: Sinistcha|[spread] p1a,p1b
|-supereffective|p1a: Raichu|1
|-resisted|p1b: Sinistcha|1
|-damage|p1a: Raichu|0 fnt
|-damage|p1b: Sinistcha|72/100
|faint|p1a: Raichu
|-damage|p2a: CRUSH SHARK|23/100|[from] item: Life Orb
|
|-sideend|p1: oidepusscuss|move: Tailwind
|-fieldend|move: Electric Terrain
|upkeep
|
|t:|1783742322
|switch|p2b: AGNI|Charizard, L50, F|100/100
|turn|6
|
|t:|1783742326
|detailschange|p2b: AGNI|Charizard-Mega-Y, L50, F
|-mega|p2b: AGNI|Charizard|Charizardite Y
|-weather|SunnyDay|[from] ability: Drought|[of] p2b: AGNI
|move|p2a: CRUSH SHARK|Dragon Claw|p1b: Sinistcha
|-damage|p1b: Sinistcha|25/100
|-damage|p2a: CRUSH SHARK|14/100|[from] item: Life Orb
|move|p2b: AGNI|Weather Ball|p1b: Sinistcha
|-supereffective|p1b: Sinistcha|1
|-damage|p1b: Sinistcha|0 fnt
|faint|p1b: Sinistcha
|
|win|lettitripppp
