|j|☆Pzdns99
|j|☆robby w
|html|Pzdns99robby w    
|uhtml|bestof|Game 3 of a best-of-3
|t:|1756867553
|gametype|doubles
|player|p1|Pzdns99|grimsley|1137
|player|p2|robby w|pokefan-gen4|1106
|gen|9
|tier|[Gen 9] VGC 2025 Reg H (Bo3)
|rated|
|rule|Species Clause: Limit one of each Pokémon
|rule|Item Clause: Limit 1 of each item
|clearpoke
|poke|p1|Lumineon, L50, M|
|poke|p1|Pelipper, L50, F|
|poke|p1|Archaludon, L50, F|
|poke|p1|Amoonguss, L50, F|
|poke|p1|Annihilape, L50, M|
|poke|p1|Weavile, L50, M|
|poke|p2|Dondozo, L50, F|
|poke|p2|Tatsugiri, L50, M|
|poke|p2|Sneasler, L50, M|
|poke|p2|Whimsicott, L50, F|
|poke|p2|Indeedee, L50, M|
|poke|p2|Hydreigon, L50, F|
|teampreview|4
|showteam|p1|Lumineon||CovertCloak|SwiftSwim|FlipTurn,Tailwind,Encore,RainDance|||M|||50|,,,,,Grass]Pelipper||ChoiceSpecs|Drizzle|Hurricane,MuddyWater,WeatherBall,Uturn|||F|||50|,,,,,Ghost]Archaludon||AssaultVest|Stamina|ElectroShot,BodyPress,Snarl,DracoMeteor|||F|||50|,,,,,Grass]Amoonguss||SitrusBerry|Regenerator|PollenPuff,Protect,RagePowder,Spore|||F|||50|,,,,,Psychic]Annihilape||SafetyGoggles|Defiant|DrainPunch,RageFist,BulkUp,Taunt|||M|||50|,,,,,Water]Weavile||FocusSash|Pickpocket|BeatUp,TripleAxel,KnockOff,Protect|||M|||50|,,,,,Ghost
|showteam|p2|Dondozo||Leftovers|Unaware|Protect,WaveCrash,Earthquake,OrderUp|||F|||50|,,,,,Grass]Tatsugiri||ChoiceScarf|Commander|DragonPulse,IcyWind,DracoMeteor,MuddyWater|||M|||50|,,,,,Stellar]Sneasler||PsychicSeed|Unburden|DireClaw,CloseCombat,Protect,ThroatChop|||M|||50|,,,,,Dark]Whimsicott||CovertCloak|Prankster|Tailwind,Moonblast,Taunt,HelpingHand|||F|||50|,,,,,Dark]Indeedee||FocusSash|PsychicSurge|ExpandingForce,TrickRoom,DazzlingGleam,Protect|||M|||50|,,,,,Fairy]Hydreigon||LifeOrb|Levitate|DracoMeteor,Snarl,HeatWave,Protect|||F|||50|,,,,,Steel
|inactive|Battle timer is ON: inactive players will automatically lose when time's up. (requested by robby w)
|
|t:|1756867576
|teamsize|p1|4
|teamsize|p2|4
|start
|switch|p1a: Weavile|Weavile, L50, M|100/100
|switch|p1b: Pelipper|Pelipper, L50, F|100/100
|switch|p2a: Dondozo|Dondozo, L50, F, shiny|100/100
|switch|p2b: Sneasler|Sneasler, L50, M|100/100
|-weather|RainDance|[from] ability: Drizzle|[of] p1b: Pelipper
|turn|1
|inactive|robby w has 30 seconds left.
|
|t:|1756867605
|switch|p2b: Tatsugiri|Tatsugiri, L50, M|100/100
|-activate|p2b: Tatsugiri|ability: Commander|[of] p2a: Dondozo
|-boost|p2a: Dondozo|atk|2
|-boost|p2a: Dondozo|spa|2
|-boost|p2a: Dondozo|spe|2
|-boost|p2a: Dondozo|def|2
|-boost|p2a: Dondozo|spd|2
|move|p2a: Dondozo|Order Up|p1b: Pelipper
|-damage|p1b: Pelipper|47/100
|-boost|p2a: Dondozo|atk|1
|move|p1a: Weavile|Triple Axel|p2b: Tatsugiri|[miss]
|-miss|p1a: Weavile|p2b: Tatsugiri
|move|p1b: Pelipper|Hurricane|p2a: Dondozo
|-damage|p2a: Dondozo|56/100
|
|-weather|RainDance|[upkeep]
|-heal|p2a: Dondozo|62/100|[from] item: Leftovers
|upkeep
|turn|2
|
|t:|1756867625
|switch|p1b: Lumineon|Lumineon, L50, M|100/100
|move|p2a: Dondozo|Order Up|p1b: Lumineon
|-damage|p1b: Lumineon|36/100
|-boost|p2a: Dondozo|atk|1
|move|p1a: Weavile|Knock Off|p2a: Dondozo
|-damage|p2a: Dondozo|45/100
|-enditem|p2a: Dondozo|Leftovers|[from] move: Knock Off|[of] p1a: Weavile
|
|-weather|RainDance|[upkeep]
|upkeep
|turn|3
|inactive|Pzdns99 has 30 seconds left.
|
|t:|1756867651
|move|p1b: Lumineon|Tailwind|p1b: Lumineon
|-sidestart|p1: Pzdns99|move: Tailwind
|move|p1a: Weavile|Knock Off|p2a: Dondozo
|-crit|p2a: Dondozo
|-damage|p2a: Dondozo|3/100
|move|p2a: Dondozo|Earthquake|p1a: Weavile|[spread] p1a,p1b
|-miss|p2a: Dondozo|p2b: Tatsugiri
|-enditem|p1a: Weavile|Focus Sash
|-damage|p1a: Weavile|1/100
|-damage|p1b: Lumineon|0 fnt
|faint|p1b: Lumineon
|
|-weather|RainDance|[upkeep]
|upkeep
|
|t:|1756867666
|switch|p1b: Amoonguss|Amoonguss, L50, F|100/100
|turn|4
|
|t:|1756867673
|move|p2a: Dondozo|Protect|p2a: Dondozo
|-singleturn|p2a: Dondozo|Protect
|move|p1a: Weavile|Knock Off|p2a: Dondozo
|-activate|p2a: Dondozo|move: Protect
|move|p1b: Amoonguss|Spore|p2b: Tatsugiri|[miss]
|-miss|p1b: Amoonguss|p2b: Tatsugiri
|
|-weather|RainDance|[upkeep]
|upkeep
|turn|5
|
|t:|1756867698
|move|p2a: Dondozo|Protect||[still]
|-fail|p2a: Dondozo
|move|p1a: Weavile|Knock Off|p2a: Dondozo
|-damage|p2a: Dondozo|0 fnt
|faint|p2a: Dondozo
|move|p1b: Amoonguss|Spore|p2b: Tatsugiri
|-status|p2b: Tatsugiri|slp|[from] move: Spore
|
|-weather|none
|upkeep
|inactive|robby w has 30 seconds left.
|
|t:|1756867727
|switch|p2a: Indeedee|Indeedee, L50, M|100/100
|-fieldstart|move: Psychic Terrain|[from] ability: Psychic Surge|[of] p2a: Indeedee
|turn|6
|
|t:|1756867747
|-terastallize|p1b: Amoonguss|Psychic
|move|p1a: Weavile|Protect|p1a: Weavile
|-singleturn|p1a: Weavile|Protect
|move|p2a: Indeedee|Protect|p2a: Indeedee
|-singleturn|p2a: Indeedee|Protect
|cant|p2b: Tatsugiri|slp
|move|p1b: Amoonguss|Spore|p2a: Indeedee
|-activate|p2a: Indeedee|move: Protect
|
|-sideend|p1: Pzdns99|move: Tailwind
|upkeep
|turn|7
|inactive|Pzdns99 has 30 seconds left.
|inactive|robby w has 30 seconds left.
|
|t:|1756867775
|switch|p2b: Sneasler|Sneasler, L50, M|100/100
|-enditem|p2b: Sneasler|Psychic Seed
|-boost|p2b: Sneasler|spd|1|[from] item: Psychic Seed
|-terastallize|p2a: Indeedee|Fairy
|move|p1a: Weavile|Triple Axel|p2a: Indeedee
|-damage|p2a: Indeedee|78/100
|-damage|p2a: Indeedee|32/100
|-damage|p2a: Indeedee|0 fnt
|faint|p2a: Indeedee
|-hitcount|p2: Indeedee|3
|move|p1b: Amoonguss|Spore|p2b: Sneasler
|-status|p2b: Sneasler|slp|[from] move: Spore
|
|upkeep
|
|t:|1756867789
|switch|p2a: Tatsugiri|Tatsugiri, L50, M|100/100 slp
|turn|8
|
|t:|1756867804
|cant|p2b: Sneasler|slp
|cant|p2a: Tatsugiri|slp
|move|p1a: Weavile|Knock Off|p2a: Tatsugiri
|-damage|p2a: Tatsugiri|2/100 slp
|-enditem|p2a: Tatsugiri|Choice Scarf|[from] move: Knock Off|[of] p1a: Weavile
|move|p1b: Amoonguss|Pollen Puff|p2a: Tatsugiri
|-damage|p2a: Tatsugiri|0 fnt
|faint|p2a: Tatsugiri
|
|upkeep
|turn|9
|
|t:|1756867823
|move|p1b: Amoonguss|Rage Powder|p1b: Amoonguss
|-singleturn|p1b: Amoonguss|move: Rage Powder
|-curestatus|p2b: Sneasler|slp|[msg]
|move|p2b: Sneasler|Throat Chop|p1b: Amoonguss
|-supereffective|p1b: Amoonguss
|-damage|p1b: Amoonguss|38/100
|-start|p1b: Amoonguss|Throat Chop|[silent]
|-enditem|p1b: Amoonguss|Sitrus Berry|[eat]
|-heal|p1b: Amoonguss|63/100|[from] item: Sitrus Berry
|move|p1a: Weavile|Triple Axel|p2b: Sneasler
|-damage|p2b: Sneasler|83/100
|-damage|p2b: Sneasler|42/100
|-damage|p2b: Sneasler|0 fnt
|faint|p2b: Sneasler
|-hitcount|p2: Sneasler|3
|
|win|Pzdns99
|raw|Pzdns99's rating: 1137 → 1160(+23 for winning)
|raw|robby w's rating: 1106 → 1083(-23 for losing)
|l|☆Pzdns99
|player|p1|
