|j|☆MinasDevilCrobats
|j|☆engoleseco
|html|MinasDevilCrobatsengoleseco    
|uhtml|bestof|Game 2 of a best-of-3
|t:|1757247983
|gametype|doubles
|player|p1|MinasDevilCrobats|darach-caitlin|1169
|player|p2|engoleseco|265|1231
|gen|9
|tier|[Gen 9] VGC 2025 Reg H (Bo3)
|rated|
|rule|Species Clause: Limit one of each Pokémon
|rule|Item Clause: Limit 1 of each item
|clearpoke
|poke|p1|Indeedee, L50, M|
|poke|p1|Sneasler, L50, F|
|poke|p1|Dondozo, L50, M|
|poke|p1|Tatsugiri, L50, F|
|poke|p1|Talonflame, L50, M|
|poke|p1|Glimmora, L50, M|
|poke|p2|Armarouge, L50, F|
|poke|p2|Ursaluna, L50, F|
|poke|p2|Indeedee-F, L50, F|
|poke|p2|Torkoal, L50, F|
|poke|p2|Gallade, L50, M|
|poke|p2|Exeggutor, L50, F|
|teampreview|4
|showteam|p1|Indeedee||ChoiceScarf|PsychicSurge|ExpandingForce,DazzlingGleam,Trick,Protect|||M|||50|,,,,,Fairy]Sneasler||PsychicSeed|Unburden|CloseCombat,DireClaw,ThroatChop,Protect|||F|||50|,,,,,Dark]Dondozo||Leftovers|Unaware|WaveCrash,OrderUp,Earthquake,Protect|||M|||50|,,,,,Grass]Tatsugiri||FocusSash|Commander|MuddyWater,DracoMeteor,DragonPulse,Protect|||F|||50|,,,,,Steel]Talonflame||CovertCloak|GaleWings|FlareBlitz,BraveBird,Tailwind,WillOWisp|||M|||50|,,,,,Grass]Glimmora||PowerHerb|ToxicDebris|MeteorBeam,SludgeBomb,EarthPower,SpikyShield|||M|||50|,,,,,Grass
|showteam|p2|Armarouge||PowerHerb|FlashFire|EnergyBall,TrickRoom,ExpandingForce,MeteorBeam|||F|||50|,,,,,Grass]Ursaluna||FlameOrb|Guts|Facade,Protect,HeadlongRush,Earthquake|||F|||50|,,,,,Ghost]Indeedee-F||RockyHelmet|PsychicSurge|FollowMe,TrickRoom,Psychic,HelpingHand|||F|||50|,,,,,Grass]Torkoal||Charcoal|Drought|Eruption,WeatherBall,EarthPower,HeatWave|||F|||50|,,,,,Fire]Gallade||ClearAmulet|Sharpness|SacredSword,WideGuard,PsychoCut,TrickRoom|||M|||50|,,,,,Grass]Exeggutor||FocusSash|Chlorophyll|SleepPowder,ExpandingForce,GigaDrain,Protect|||F|||50|,,,,,Psychic
|inactive|Battle timer is ON: inactive players will automatically lose when time's up. (requested by engoleseco)
|
|t:|1757248010
|teamsize|p1|4
|teamsize|p2|4
|start
|switch|p1a: Talonflame|Talonflame, L50, M|100/100
|switch|p1b: Glimmora|Glimmora, L50, M|100/100
|switch|p2a: ayumi|Indeedee-F, L50, F|100/100
|switch|p2b: eduyoko|Armarouge, L50, F|100/100
|-fieldstart|move: Psychic Terrain|[from] ability: Psychic Surge|[of] p2a: ayumi
|turn|1
|
|t:|1757248022
|-terastallize|p2b: eduyoko|Grass
|move|p1a: Talonflame|Flare Blitz|p2a: ayumi
|-damage|p2a: ayumi|54/100
|-damage|p1a: Talonflame|84/100|[from] item: Rocky Helmet|[of] p2a: ayumi
|-damage|p1a: Talonflame|67/100|[from] Recoil
|move|p1b: Glimmora|Meteor Beam||[still]
|-prepare|p1b: Glimmora|Meteor Beam
|-boost|p1b: Glimmora|spa|1
|-enditem|p1b: Glimmora|Power Herb
|-anim|p1b: Glimmora|Meteor Beam|p2b: eduyoko
|-crit|p2b: eduyoko
|-damage|p2b: eduyoko|0 fnt
|faint|p2b: eduyoko
|move|p2a: ayumi|Trick Room|p2a: ayumi
|-fieldstart|move: Trick Room|[of] p2a: ayumi
|
|upkeep
|
|t:|1757248031
|switch|p2b: karley|Torkoal, L50, F|100/100
|-weather|SunnyDay|[from] ability: Drought|[of] p2b: karley
|turn|2
|
|t:|1757248045
|move|p1b: Glimmora|Spiky Shield|p1b: Glimmora
|-singleturn|p1b: Glimmora|move: Protect
|move|p2b: karley|Eruption|p1a: Talonflame|[spread] p1a
|-activate|p1b: Glimmora|move: Protect
|-resisted|p1a: Talonflame
|-damage|p1a: Talonflame|0 fnt
|faint|p1a: Talonflame
|move|p2a: ayumi|Psychic|p1b: Glimmora
|-activate|p1b: Glimmora|move: Protect
|
|-weather|SunnyDay|[upkeep]
|upkeep
|
|t:|1757248052
|switch|p1a: Dondozo|Dondozo, L50, M|100/100
|turn|3
|
|t:|1757248063
|switch|p2a: leninha|Ursaluna, L50, F|100/100
|switch|p1b: Tatsugiri|Tatsugiri, L50, F|100/100
|-activate|p1b: Tatsugiri|ability: Commander|[of] p1a: Dondozo
|-boost|p1a: Dondozo|atk|2
|-boost|p1a: Dondozo|spa|2
|-boost|p1a: Dondozo|spe|2
|-boost|p1a: Dondozo|def|2
|-boost|p1a: Dondozo|spd|2
|move|p2b: karley|Eruption|p1b: Tatsugiri|[spread] p1a
|-miss|p2b: karley|p1b: Tatsugiri
|-resisted|p1a: Dondozo
|-damage|p1a: Dondozo|78/100
|move|p1a: Dondozo|Earthquake|p2a: leninha|[spread] p2a,p2b
|-miss|p1a: Dondozo|p1b: Tatsugiri
|-supereffective|p2b: karley
|-damage|p2a: leninha|71/100
|-damage|p2b: karley|32/100
|
|-weather|SunnyDay|[upkeep]
|-heal|p1a: Dondozo|84/100|[from] item: Leftovers
|-status|p2a: leninha|brn|[from] item: Flame Orb
|upkeep
|turn|4
|
|t:|1757248083
|switch|p2b: ayumi|Indeedee-F, L50, F|54/100
|move|p1a: Dondozo|Protect|p1a: Dondozo
|-singleturn|p1a: Dondozo|Protect
|move|p2a: leninha|Facade|p1a: Dondozo
|-activate|p1a: Dondozo|move: Protect
|
|-weather|SunnyDay|[upkeep]
|-heal|p1a: Dondozo|90/100|[from] item: Leftovers
|-damage|p2a: leninha|65/100 brn|[from] brn
|upkeep
|turn|5
|
|t:|1757248094
|move|p2b: ayumi|Helping Hand|p2a: leninha
|-singleturn|p2a: leninha|Helping Hand|[of] p2b: ayumi
|move|p2a: leninha|Facade|p1a: Dondozo
|-damage|p1a: Dondozo|31/100
|move|p1a: Dondozo|Wave Crash|p2a: leninha
|-supereffective|p2a: leninha
|-damage|p2a: leninha|0 fnt
|faint|p2a: leninha
|-damage|p1a: Dondozo|9/100|[from] Recoil
|
|-weather|SunnyDay|[upkeep]
|-heal|p1a: Dondozo|16/100|[from] item: Leftovers
|-fieldend|move: Trick Room
|-fieldend|move: Psychic Terrain
|upkeep
|
|t:|1757248101
|switch|p2a: karley|Torkoal, L50, F|32/100
|turn|6
|-message|engoleseco forfeited.
|raw|MinasDevilCrobats's rating: 1169 → 1198(+29 for winning)
|raw|engoleseco's rating: 1231 → 1202(-29 for losing)
|
|win|MinasDevilCrobats
|l|☆engoleseco
|player|p2|
