|j|☆SuprEpcGuy
|j|☆Milesymiles
|html|SuprEpcGuyMilesymiles    
|uhtml|bestof|Game 3 of a best-of-3
|t:|1784573586
|gametype|doubles
|player|p1|SuprEpcGuy|shauntal|1123
|player|p2|Milesymiles|veteran|1227
|gen|9
|tier|[Gen 9 Champions] VGC 2026 Reg M-B (Bo3)
|rated|
|rule|Species Clause: Limit one of each Pokémon
|rule|Item Clause: Limit 1 of each item
|clearpoke
|poke|p1|Zoroark-Hisui, L50, F|
|poke|p1|Torkoal, L50, F|
|poke|p1|Farigiraf, L50, M|
|poke|p1|Pyroar, L50, F|
|poke|p1|Kangaskhan, L50, F|
|poke|p1|Aerodactyl, L50, M|
|poke|p2|Chandelure, L50, M|
|poke|p2|Staraptor, L50, M|
|poke|p2|Vanilluxe, L50, F, shiny|
|poke|p2|Grimmsnarl, L50, M|
|poke|p2|Excadrill, L50, F|
|poke|p2|Rotom-Wash, L50, shiny|
|teampreview|4
|showteam|p1|Zoroark-Hisui||ChoiceScarf|Illusion|IcyWind,BitterMalice,Flamethrower,Taunt|Timid||F|||50|]Torkoal||Charcoal|Drought|Eruption,WeatherBall,EarthPower,Protect|Quiet||F|||50|]Farigiraf||ColburBerry|ArmorTail|Psychic,Thunderbolt,TrickRoom,HelpingHand|Quiet||M|||50|]Pyroar||Pyroarite|Rivalry|HeatWave,Overheat,Snarl,Protect|Timid||F|||50|]Kangaskhan||SilkScarf|Scrappy|FakeOut,LastResort|Adamant||F|||50|]Aerodactyl||Aerodactylite|RockHead|RockSlide,DualWingbeat,Tailwind,Protect|Jolly||M|||50|
|showteam|p2|Chandelure||FocusSash|FlashFire|HeatWave,ShadowBall,TrickRoom,Protect|Modest||M|||50|]Staraptor||Staraptite|Intimidate|Tailwind,Roost,CloseCombat,BraveBird|Adamant||M|||50|]Vanilluxe||LightClay|SnowWarning|FreezeDry,Blizzard,AuroraVeil,Protect|Calm||F|||50|]Grimmsnarl||RoseliBerry|Prankster|FakeOut,PartingShot,SpiritBreak,LightScreen|Adamant||M|||50|]Excadrill||Excadrite|SandRush|Earthquake,IronHead,Protect,RockSlide|Jolly||F|||50|]Rotom-Wash||Magnet|Levitate|Thunderbolt,Electroweb,WillOWisp,HydroPump|Modest|||||50|
|inactive|Battle timer is ON: inactive players will automatically lose when time's up. (requested by SuprEpcGuy)
|inactive|SuprEpcGuy has 60 seconds left.
|inactive|Milesymiles has 60 seconds left.
|inactive|Milesymiles has 30 seconds left.
|inactive|Milesymiles has 20 seconds left.
|
|t:|1784573661
|teamsize|p1|4
|teamsize|p2|4
|start
|switch|p1a: Farigiraf|Farigiraf, L50, M|100/100
|switch|p1b: Kangaskhan|Kangaskhan, L50, F|100/100
|switch|p2a: Staraptor|Staraptor, L50, M|100/100
|switch|p2b: Grimmsnarl|Grimmsnarl, L50, M|100/100
|-ability|p2a: Staraptor|Intimidate|boost
|-unboost|p1a: Farigiraf|atk|1
|-unboost|p1b: Kangaskhan|atk|1
|turn|1
|
|t:|1784573678
|detailschange|p2a: Staraptor|Staraptor-Mega, L50, M
|-mega|p2a: Staraptor|Staraptor|Staraptite
|move|p2b: Grimmsnarl|Light Screen|p2b: Grimmsnarl
|-sidestart|p2: Milesymiles|move: Light Screen
|move|p1b: Kangaskhan|Taunt|p2b: Grimmsnarl
|-start|p2b: Grimmsnarl|move: Taunt
|move|p2a: Staraptor|Close Combat|p1a: Farigiraf
|-damage|p1a: Farigiraf|33/100
|-boost|p2a: Staraptor|def|1
|-boost|p2a: Staraptor|spd|1
|move|p1a: Farigiraf|Thunderbolt|p2a: Staraptor
|-supereffective|p2a: Staraptor|1
|-damage|p2a: Staraptor|78/100
|
|upkeep
|turn|2
|inactive|SuprEpcGuy has 30 seconds left.
|inactive|Milesymiles has 30 seconds left.
|
|t:|1784573707
|switch|p1b: Kangaskhan|Kangaskhan, L50, F|100/100
|move|p2a: Staraptor|Close Combat|p1a: Farigiraf
|-damage|p1a: Farigiraf|0 fnt
|-boost|p2a: Staraptor|def|1
|-boost|p2a: Staraptor|spd|1
|faint|p1a: Farigiraf
|move|p2b: Grimmsnarl|Spirit Break|p1b: Kangaskhan
|-damage|p1b: Kangaskhan|62/100
|-unboost|p1b: Kangaskhan|spa|1
|
|upkeep
|
|t:|1784573724
|switch|p1a: Majesty|Pyroar, L50, F|100/100
|turn|3
|
|t:|1784573746
|detailschange|p1a: Majesty|Pyroar-Mega, L50, F
|-mega|p1a: Majesty|Pyroar|Pyroarite
|move|p1b: Kangaskhan|Fake Out|p2a: Staraptor
|-damage|p2a: Staraptor|67/100
|move|p1a: Majesty|Heat Wave|p2a: Staraptor|[spread] p2a,p2b
|-damage|p2a: Staraptor|50/100y
|-damage|p2b: Grimmsnarl|57/100
|cant|p2a: Staraptor|flinch
|move|p2b: Grimmsnarl|Spirit Break|p1a: Majesty
|-resisted|p1a: Majesty|1
|-damage|p1a: Majesty|79/100
|-unboost|p1a: Majesty|spa|1
|
|upkeep
|turn|4
|inactive|SuprEpcGuy has 30 seconds left.
|inactive|Milesymiles has 30 seconds left.
|inactive|SuprEpcGuy has 20 seconds left.
|
|t:|1784573791
|switch|p1b: Kangaskhan|Kangaskhan, L50, F|100/100
|move|p1a: Majesty|Overheat|p2a: Staraptor
|-damage|p2a: Staraptor|27/100
|-unboost|p1a: Majesty|spa|2
|move|p2a: Staraptor|Close Combat|p1b: Kangaskhan
|-immune|p1b: Kangaskhan
|move|p2b: Grimmsnarl|Spirit Break|p1a: Majesty
|-resisted|p1a: Majesty|1
|-damage|p1a: Majesty|59/100
|-unboost|p1a: Majesty|spa|1
|
|-end|p2b: Grimmsnarl|move: Taunt
|upkeep
|turn|5
|inactive|SuprEpcGuy has 30 seconds left.
|inactive|SuprEpcGuy has 20 seconds left.
|inactive|SuprEpcGuy has 15 seconds left.
|
|t:|1784573832
|switch|p1a: Kangaskhan|Kangaskhan, L50, F|62/100
|move|p2b: Grimmsnarl|Parting Shot|p1b: Kangaskhan
|-unboost|p1b: Kangaskhan|atk|1
|-unboost|p1b: Kangaskhan|spa|1
|
|t:|1784573841
|switch|p2b: Rotom|Rotom-Wash, L50, shiny|100/100|[from] Parting Shot
|move|p1b: Kangaskhan|Flamethrower|p2a: Staraptor
|-damage|p2a: Staraptor|20/100y
|move|p2a: Staraptor|Tailwind|p2a: Staraptor
|-sidestart|p2: Milesymiles|move: Tailwind
|
|-sideend|p2: Milesymiles|move: Light Screen
|upkeep
|turn|6
|
|t:|1784573856
|move|p1a: Kangaskhan|Fake Out|p2a: Staraptor
|-damage|p2a: Staraptor|8/100
|move|p1b: Kangaskhan|Flamethrower|p2a: Staraptor
|-damage|p2a: Staraptor|0 fnt
|faint|p2a: Staraptor
|move|p2b: Rotom|Will-O-Wisp|p1a: Kangaskhan
|-status|p1a: Kangaskhan|brn
|
|-damage|p1a: Kangaskhan|56/100 brn|[from] brn
|upkeep
|
|t:|1784573868
|switch|p2a: Chandelure|Chandelure, L50, M|100/100
|turn|7
|
|t:|1784573880
|switch|p1b: Majesty|Pyroar-Mega, L50, F|59/100
|move|p2b: Rotom|Electroweb|p1a: Kangaskhan|[spread] p1a,p1b
|-damage|p1a: Kangaskhan|33/100 brn
|-damage|p1b: Majesty|28/100
|-unboost|p1a: Kangaskhan|spe|1
|-unboost|p1b: Majesty|spe|1
|move|p2a: Chandelure|Heat Wave|p1b: Majesty|[spread] p1a,p1b
|-resisted|p1b: Majesty|1
|-damage|p1a: Kangaskhan|0 fnt
|-damage|p1b: Majesty|5/100
|faint|p1a: Kangaskhan
|
|upkeep
|
|t:|1784573889
|switch|p1a: Majesty|Pyroar-Mega, L50, F|100/100
|turn|8
|
|t:|1784573905
|move|p1a: Majesty|Bitter Malice|p2a: Chandelure
|-supereffective|p2a: Chandelure|1
|-damage|p2a: Chandelure|8/100
|-unboost|p2a: Chandelure|atk|1
|move|p2b: Rotom|Electroweb|p1b: Majesty|[spread] p1a,p1b
|-damage|p1a: Majesty|52/100
|-damage|p1b: Majesty|0 fnt
|-unboost|p1a: Majesty|spe|1
|replace|p1a: Boo|Zoroark-Hisui, L50, F
|-end|p1a: Boo|Illusion
|faint|p1b: Majesty
|move|p2a: Chandelure|Heat Wave|p1a: Boo
|-damage|p1a: Boo|0 fnt
|faint|p1a: Boo
|
|win|Milesymiles
|raw|SuprEpcGuy's rating: 1123 → 1105(-18 for losing)
|raw|Milesymiles's rating: 1227 → 1245(+18 for winning)
