|j|☆cheesbuga
|j|☆2cake
|html|cheesbuga2cake    
|uhtml|bestof|Game 3 of a best-of-3
|t:|1757922815
|gametype|doubles
|player|p1|cheesbuga|pokemaniac|1110
|player|p2|2cake|266|1144
|gen|9
|tier|[Gen 9] VGC 2025 Reg H (Bo3)
|rated|
|rule|Species Clause: Limit one of each Pokémon
|rule|Item Clause: Limit 1 of each item
|clearpoke
|poke|p1|Ursaluna-Bloodmoon, L50, M|
|poke|p1|Incineroar, L50, F|
|poke|p1|Rillaboom, L50, M|
|poke|p1|Farigiraf, L50, F|
|poke|p1|Sneasler, L50, F|
|poke|p1|Volcarona, L50, M|
|poke|p2|Clefable, L50, F|
|poke|p2|Sneasler, L50, F|
|poke|p2|Rillaboom, L50, F|
|poke|p2|Dragapult, L50, F|
|poke|p2|Volcarona, L50, F|
|poke|p2|Kingambit, L50, F|
|teampreview|4
|showteam|p1|Ursaluna-Bloodmoon||LifeOrb|MindsEye|HyperVoice,BloodMoon,EarthPower,Protect|||M|||50|,,,,,Normal]Incineroar||SafetyGoggles|Intimidate|FakeOut,FlareBlitz,KnockOff,PartingShot|||F|||50|,,,,,Ghost]Rillaboom||AssaultVest|GrassySurge|Uturn,WoodHammer,GrassyGlide,FakeOut|||M|||50|,,,,,Fire]Farigiraf||ThroatSpray|ArmorTail|HyperVoice,Protect,Psychic,TrickRoom|||F|||50|,,,,,Fairy]Sneasler||FocusSash|Unburden|CloseCombat,Protect,FakeOut,ThroatChop|||F|||50|,,,,,Dark]Volcarona||CovertCloak|FlameBody|HeatWave,Protect,StruggleBug,QuiverDance|||M|||50|,,,,,Water
|showteam|p2|Clefable||SafetyGoggles|Unaware|Moonblast,FollowMe,SkillSwap,Protect|||F|||50|,,,,,Water]Sneasler||FocusSash|PoisonTouch|DireClaw,CloseCombat,FakeOut,Protect|||F|||50|,,,,,Stellar]Rillaboom||AssaultVest|GrassySurge|WoodHammer,GrassyGlide,HighHorsepower,FakeOut|||F|||50|,,,,,Fire]Dragapult||ChoiceBand|ClearBody|DragonDarts,PhantomForce,Outrage,Uturn|||F|||50|,,,,,Dragon]Volcarona||GrassySeed|FlameBody|HeatWave,GigaDrain,QuiverDance,Protect|||F|||50|,,,,,Grass]Kingambit||BlackGlasses|Defiant|KowtowCleave,SuckerPunch,SwordsDance,Protect|||F|||50|,,,,,Dark
|
|t:|1757922919
|teamsize|p1|4
|teamsize|p2|4
|start
|switch|p1a: Volcarona|Volcarona, L50, M|100/100
|switch|p1b: Sneasler|Sneasler, L50, F|100/100
|switch|p2a: Chonky|Volcarona, L50, F, shiny|100/100
|switch|p2b: nuh uh|Kingambit, L50, F, shiny|100/100
|turn|1
|
|t:|1757922946
|move|p1b: Sneasler|Fake Out|p2a: Chonky
|-damage|p2a: Chonky|83/100
|move|p1a: Volcarona|Quiver Dance|p1a: Volcarona
|-boost|p1a: Volcarona|spa|1
|-boost|p1a: Volcarona|spd|1
|-boost|p1a: Volcarona|spe|1
|cant|p2a: Chonky|flinch
|move|p2b: nuh uh|Swords Dance|p2b: nuh uh
|-boost|p2b: nuh uh|atk|2
|
|upkeep
|turn|2
|
|t:|1757922960
|-terastallize|p2b: nuh uh|Dark
|move|p2b: nuh uh|Sucker Punch|p1a: Volcarona
|-damage|p1a: Volcarona|0 fnt
|faint|p1a: Volcarona
|move|p1b: Sneasler|Close Combat|p2b: nuh uh
|-supereffective|p2b: nuh uh
|-damage|p2b: nuh uh|7/100
|-unboost|p1b: Sneasler|def|1
|-unboost|p1b: Sneasler|spd|1
|move|p2a: Chonky|Heat Wave|p1b: Sneasler
|-damage|p1b: Sneasler|4/100
|
|upkeep
|
|t:|1757922972
|switch|p1a: Farigiraf|Farigiraf, L50, F|100/100
|turn|3
|
|t:|1757923006
|move|p2b: nuh uh|Protect|p2b: nuh uh
|-singleturn|p2b: nuh uh|Protect
|move|p1b: Sneasler|Close Combat|p2b: nuh uh
|-activate|p2b: nuh uh|move: Protect
|move|p2a: Chonky|Quiver Dance|p2a: Chonky
|-boost|p2a: Chonky|spa|1
|-boost|p2a: Chonky|spd|1
|-boost|p2a: Chonky|spe|1
|move|p1a: Farigiraf|Trick Room|p1a: Farigiraf
|-fieldstart|move: Trick Room|[of] p1a: Farigiraf
|
|upkeep
|turn|4
|
|t:|1757923039
|switch|p1b: Ursaluna|Ursaluna-Bloodmoon, L50, M|100/100
|move|p1a: Farigiraf|Hyper Voice|p2b: nuh uh|[spread] p2a,p2b
|-damage|p2a: Chonky|63/100
|-damage|p2b: nuh uh|0 fnt
|faint|p2b: nuh uh
|-enditem|p1a: Farigiraf|Throat Spray
|-boost|p1a: Farigiraf|spa|1|[from] item: Throat Spray
|move|p2a: Chonky|Heat Wave|p1a: Farigiraf|[spread] p1a,p1b
|-damage|p1a: Farigiraf|53/100
|-damage|p1b: Ursaluna|44/100
|
|upkeep
|
|t:|1757923047
|switch|p2b: Sponge|Clefable, L50, F, shiny|100/100
|turn|5
|
|t:|1757923068
|-terastallize|p1b: Ursaluna|Normal
|move|p2b: Sponge|Follow Me|p2b: Sponge
|-singleturn|p2b: Sponge|move: Follow Me
|move|p1b: Ursaluna|Hyper Voice|p2a: Chonky|[spread] p2a,p2b
|-damage|p2a: Chonky|18/100
|-damage|p2b: Sponge|45/100
|-damage|p1b: Ursaluna|35/100|[from] item: Life Orb
|move|p1a: Farigiraf|Hyper Voice|p2a: Chonky|[spread] p2a,p2b
|-damage|p2a: Chonky|0 fnt
|-damage|p2b: Sponge|21/100
|faint|p2a: Chonky
|
|upkeep
|
|t:|1757923074
|switch|p2a: Adriii|Rillaboom, L50, F|100/100
|-fieldstart|move: Grassy Terrain|[from] ability: Grassy Surge|[of] p2a: Adriii
|turn|6
|inactive|Battle timer is ON: inactive players will automatically lose when time's up. (requested by cheesbuga)
|
|t:|1757923104
|move|p2b: Sponge|Protect|p2b: Sponge
|-singleturn|p2b: Sponge|Protect
|move|p1b: Ursaluna|Hyper Voice|p2a: Adriii|[spread] p2a
|-activate|p2b: Sponge|move: Protect
|-damage|p2a: Adriii|52/100
|-damage|p1b: Ursaluna|25/100|[from] item: Life Orb
|move|p1a: Farigiraf|Hyper Voice|p2b: Sponge|[spread] p2a
|-activate|p2b: Sponge|move: Protect
|-damage|p2a: Adriii|16/100
|move|p2a: Adriii|Wood Hammer|p1b: Ursaluna
|-damage|p1b: Ursaluna|0 fnt
|faint|p1b: Ursaluna
|-damage|p2a: Adriii|7/100|[from] Recoil
|
|-heal|p1a: Farigiraf|59/100|[from] Grassy Terrain
|-heal|p2b: Sponge|27/100|[from] Grassy Terrain
|-heal|p2a: Adriii|13/100|[from] Grassy Terrain
|upkeep
|
|t:|1757923120
|switch|p1b: Sneasler|Sneasler, L50, F|4/100
|turn|7
|
|t:|1757923137
|move|p1b: Sneasler|Fake Out|p2b: Sponge
|-damage|p2b: Sponge|14/100
|move|p1a: Farigiraf|Hyper Voice|p2b: Sponge|[spread] p2a,p2b
|-damage|p2a: Adriii|0 fnt
|-damage|p2b: Sponge|0 fnt
|faint|p2a: Adriii
|faint|p2b: Sponge
|
|win|cheesbuga
|raw|cheesbuga's rating: 1110 → 1137(+27 for winning)
|raw|2cake's rating: 1144 → 1117(-27 for losing)
|l|☆2cake
|player|p2|
