|j|☆ZeusPokePlays
|j|☆dont make me walk
|html|ZeusPokePlaysdont make me walk    
|uhtml|bestof|Game 2 of a best-of-3
|t:|1756377727
|gametype|doubles
|player|p1|ZeusPokePlays|hugh|1151
|player|p2|dont make me walk|red-masters3|1270
|gen|9
|tier|[Gen 9] VGC 2025 Reg H (Bo3)
|rated|
|rule|Species Clause: Limit one of each Pokémon
|rule|Item Clause: Limit 1 of each item
|clearpoke
|poke|p1|Rillaboom, L50, M|
|poke|p1|Typhlosion-Hisui, L50, M|
|poke|p1|Tsareena, L50, F|
|poke|p1|Whimsicott, L50, F|
|poke|p1|Kommo-o, L50, M|
|poke|p1|Gallade, L50, M|
|poke|p2|Ursaluna-Bloodmoon, L50, M|
|poke|p2|Indeedee, L50, M|
|poke|p2|Sneasler, L50, F|
|poke|p2|Incineroar, L50, M|
|poke|p2|Electabuzz, L50, M|
|poke|p2|Talonflame, L50, M|
|teampreview|4
|showteam|p1|Rillaboom||AssaultVest|GrassySurge|FakeOut,GrassyGlide,StompingTantrum,Uturn|||M|||50|,,,,,Fire]Typhlosion-Hisui||ChoiceSpecs|Blaze|Eruption,Flamethrower,ShadowBall,SolarBeam|||M|||50|,,,,,Fire]Tsareena||ClearAmulet|QueenlyMajesty|HighJumpKick,PowerWhip,TripleAxel,Protect|||F|||50|,,,,,Fighting]Whimsicott||FocusSash|Prankster|Tailwind,Moonblast,Encore,SunnyDay|||F|||50|,,,,,Ghost]Kommo-o||Leftovers|Overcoat|ClangorousSoul,FlashCannon,ClangingScales,Protect|||M|||50|,,,,,Steel]Gallade||CovertCloak|Sharpness|SacredSword,PsychoCut,Imprison,TrickRoom|||M|||50|,,,,,Fire
|showteam|p2|Ursaluna-Bloodmoon||LifeOrb|MindsEye|Protect,EarthPower,HyperVoice,BloodMoon|||M|||50|,,,,,Normal]Indeedee||FocusSash|PsychicSurge|ExpandingForce,TeraBlast,TrickRoom,Protect|||M|||50|,,,,,Fighting]Sneasler||PsychicSeed|Unburden|DireClaw,CloseCombat,ThroatChop,Protect|||F|||50|,,,,,Dark]Incineroar||AssaultVest|Intimidate|FakeOut,KnockOff,FlareBlitz,Uturn|||M|||50|,,,,,Grass]Electabuzz||Eviolite|VitalSpirit|Electroweb,Taunt,FollowMe,Protect|||M|||50|,,,,,Ghost]Talonflame||CovertCloak|GaleWings|FlareBlitz,DualWingbeat,WillOWisp,Tailwind|||M|||50|,,,,,Fairy
|inactive|Battle timer is ON: inactive players will automatically lose when time's up. (requested by dont make me walk)
|
|t:|1756377740
|teamsize|p1|4
|teamsize|p2|4
|start
|switch|p1a: Kommo-o|Kommo-o, L50, M|100/100
|switch|p1b: Rillaboom|Rillaboom, L50, M|100/100
|switch|p2a: Indeedee|Indeedee, L50, M|100/100
|switch|p2b: Sneasler|Sneasler, L50, F|100/100
|-fieldstart|move: Psychic Terrain|[from] ability: Psychic Surge|[of] p2a: Indeedee
|-enditem|p2b: Sneasler|Psychic Seed
|-boost|p2b: Sneasler|spd|1|[from] item: Psychic Seed
|-fieldstart|move: Grassy Terrain|[from] ability: Grassy Surge|[of] p1b: Rillaboom
|turn|1
|
|t:|1756377751
|move|p2b: Sneasler|Protect|p2b: Sneasler
|-singleturn|p2b: Sneasler|Protect
|move|p2a: Indeedee|Protect|p2a: Indeedee
|-singleturn|p2a: Indeedee|Protect
|move|p1b: Rillaboom|Fake Out|p2a: Indeedee
|-activate|p2a: Indeedee|move: Protect
|move|p1a: Kommo-o|Clangorous Soul|p1a: Kommo-o
|-boost|p1a: Kommo-o|atk|1
|-boost|p1a: Kommo-o|def|1
|-boost|p1a: Kommo-o|spa|1
|-boost|p1a: Kommo-o|spd|1
|-boost|p1a: Kommo-o|spe|1
|-damage|p1a: Kommo-o|68/100
|
|-heal|p1a: Kommo-o|74/100|[from] Grassy Terrain
|-heal|p1a: Kommo-o|80/100|[from] item: Leftovers
|upkeep
|turn|2
|
|t:|1756377760
|move|p1b: Rillaboom|Grassy Glide|p2a: Indeedee
|-damage|p2a: Indeedee|20/100
|move|p2b: Sneasler|Dire Claw|p1b: Rillaboom
|-supereffective|p1b: Rillaboom
|-damage|p1b: Rillaboom|5/100
|move|p1a: Kommo-o|Clanging Scales|p2b: Sneasler|[spread] p2a,p2b
|-damage|p2a: Indeedee|0 fnt
|-damage|p2b: Sneasler|48/100
|faint|p2a: Indeedee
|-unboost|p1a: Kommo-o|def|1
|
|-heal|p2b: Sneasler|54/100|[from] Grassy Terrain
|-heal|p1a: Kommo-o|86/100|[from] Grassy Terrain
|-heal|p1a: Kommo-o|92/100|[from] item: Leftovers
|-heal|p1b: Rillaboom|11/100|[from] Grassy Terrain
|upkeep
|
|t:|1756377764
|switch|p2a: Incineroar|Incineroar, L50, M|100/100
|-ability|p2a: Incineroar|Intimidate|boost
|-unboost|p1a: Kommo-o|atk|1
|-unboost|p1b: Rillaboom|atk|1
|turn|3
|
|t:|1756377775
|move|p1a: Kommo-o|Protect|p1a: Kommo-o
|-singleturn|p1a: Kommo-o|Protect
|move|p2b: Sneasler|Close Combat|p1a: Kommo-o
|-activate|p1a: Kommo-o|move: Protect
|move|p1b: Rillaboom|Stomping Tantrum|p2b: Sneasler
|-supereffective|p2b: Sneasler
|-damage|p2b: Sneasler|0 fnt
|faint|p2b: Sneasler
|move|p2a: Incineroar|U-turn|p1b: Rillaboom
|-supereffective|p1b: Rillaboom
|-damage|p1b: Rillaboom|0 fnt
|faint|p1b: Rillaboom
|
|t:|1756377778
|switch|p2a: Ursaluna|Ursaluna-Bloodmoon, L50, M|100/100|[from] U-turn
|
|-heal|p1a: Kommo-o|98/100|[from] Grassy Terrain
|-heal|p1a: Kommo-o|100/100|[from] item: Leftovers
|upkeep
|
|t:|1756377782
|switch|p2b: Incineroar|Incineroar, L50, M|100/100
|switch|p1b: Typhlosion|Typhlosion-Hisui, L50, M|100/100
|-ability|p2b: Incineroar|Intimidate|boost
|-unboost|p1a: Kommo-o|atk|1
|-unboost|p1b: Typhlosion|atk|1
|turn|4
|
|t:|1756377791
|-terastallize|p1b: Typhlosion|Fire
|move|p2a: Ursaluna|Protect|p2a: Ursaluna
|-singleturn|p2a: Ursaluna|Protect
|move|p1a: Kommo-o|Clanging Scales|p2a: Ursaluna|[spread] p2b
|-activate|p2a: Ursaluna|move: Protect
|-crit|p2b: Incineroar
|-damage|p2b: Incineroar|37/100
|-unboost|p1a: Kommo-o|def|1
|move|p1b: Typhlosion|Eruption|p2b: Incineroar|[spread] p2b
|-activate|p2a: Ursaluna|move: Protect
|-resisted|p2b: Incineroar
|-damage|p2b: Incineroar|2/100
|move|p2b: Incineroar|Knock Off|p1b: Typhlosion
|-damage|p1b: Typhlosion|33/100
|-enditem|p1b: Typhlosion|Choice Specs|[from] move: Knock Off|[of] p2b: Incineroar
|
|-heal|p1b: Typhlosion|39/100|[from] Grassy Terrain
|-heal|p2b: Incineroar|7/100|[from] Grassy Terrain
|upkeep
|turn|5
|
|t:|1756377801
|-terastallize|p2a: Ursaluna|Normal
|move|p1a: Kommo-o|Clanging Scales|p2a: Ursaluna|[spread] p2a,p2b
|-damage|p2a: Ursaluna|28/100
|-damage|p2b: Incineroar|0 fnt
|faint|p2b: Incineroar
|-unboost|p1a: Kommo-o|def|1
|move|p1b: Typhlosion|Flamethrower|p2a: Ursaluna
|-damage|p2a: Ursaluna|0 fnt
|faint|p2a: Ursaluna
|
|win|ZeusPokePlays
||dont make me walk is ready for game 3.
||ZeusPokePlays is ready for game 3.
|uhtml|next|Next: Game 3 of 3
