|j|☆Uncreative7452
|j|☆dangro92
|html|Uncreative7452dangro92    
|uhtml|bestof|Game 2 of a best-of-3
|t:|1756178230
|gametype|doubles
|player|p1|Uncreative7452|tuber|1000
|player|p2|dangro92|blue|1153
|gen|9
|tier|[Gen 9] VGC 2025 Reg H (Bo3)
|rated|
|rule|Species Clause: Limit one of each Pokémon
|rule|Item Clause: Limit 1 of each item
|clearpoke
|poke|p1|Porygon2, L50|
|poke|p1|Reuniclus, L50, F|
|poke|p1|Alcremie, L50, F|
|poke|p1|Chesnaught, L50, M|
|poke|p1|Pincurchin, L50, M|
|poke|p1|Kingambit, L50, F|
|poke|p2|Incineroar, L50, F|
|poke|p2|Gholdengo, L50|
|poke|p2|Tyranitar, L50, F|
|poke|p2|Gastrodon-East, L50, F|
|poke|p2|Porygon2, L50|
|poke|p2|Rillaboom, L50, M|
|teampreview|4
|showteam|p1|Porygon2||Eviolite|Download|IceBeam,TeraBlast,TrickRoom,Recover||||||50|,,,,,Fighting]Reuniclus||CovertCloak|Overcoat|ExpandingForce,ShadowBall,TrickRoom,Protect|||F|||50|,,,,,Dark]Alcremie||RoomService|AromaVeil|AlluringVoice,Decorate,Protect,HelpingHand|||F|||50|,,,,,Steel]Chesnaught||ElectricSeed|Bulletproof|LeechSeed,WideGuard,BodyPress,SpikyShield|||M|||50|,,,,,Steel]Pincurchin||FocusSash|ElectricSurge|SupercellSlam,ZingZap,Liquidation,Protect|||M|||50|,,,,,Electric]Kingambit||SafetyGoggles|Defiant|SwordsDance,SuckerPunch,Protect,KowtowCleave|||F|||50|,,,,,Dark
|showteam|p2|Incineroar||SafetyGoggles|Intimidate|FlareBlitz,KnockOff,FakeOut,PartingShot|||F|||50|,,,,,Bug]Gholdengo||Leftovers|GoodasGold|MakeItRain,ShadowBall,NastyPlot,Protect||||||50|,,,,,Dragon]Tyranitar||ClearAmulet|SandStream|RockSlide,KnockOff,TeraBlast,Protect|||F|||50|,,,,,Flying]Gastrodon-East||SitrusBerry|StormDrain|MuddyWater,EarthPower,Yawn,Protect|||F|||50|,,,,,Grass]Porygon2||Eviolite|Download|TeraBlast,IceBeam,TrickRoom,Recover||||||50|,,,,,Fighting]Rillaboom||AssaultVest|GrassySurge|WoodHammer,GrassyGlide,HighHorsepower,FakeOut|||M|||50|,,,,,Fire
|
|t:|1756178263
|teamsize|p1|4
|teamsize|p2|4
|start
|switch|p1a: Pincurchin|Pincurchin, L50, M|100/100
|switch|p1b: Chesnaught|Chesnaught, L50, M|100/100
|switch|p2a: Gastrodon|Gastrodon-East, L50, F, shiny|100/100
|switch|p2b: Porygon2|Porygon2, L50, shiny|100/100
|-ability|p2b: Porygon2|Download|boost
|-boost|p2b: Porygon2|spa|1
|-fieldstart|move: Electric Terrain|[from] ability: Electric Surge|[of] p1a: Pincurchin
|-enditem|p1b: Chesnaught|Electric Seed
|-boost|p1b: Chesnaught|def|1|[from] item: Electric Seed
|turn|1
|inactive|Battle timer is ON: inactive players will automatically lose when time's up. (requested by dangro92)
|
|t:|1756178290
|-terastallize|p2b: Porygon2|Fighting
|-terastallize|p1a: Pincurchin|Electric
|move|p1b: Chesnaught|Body Press|p2b: Porygon2
|-damage|p2b: Porygon2|61/100
|move|p2a: Gastrodon|Earth Power|p1a: Pincurchin
|-supereffective|p1a: Pincurchin
|-damage|p1a: Pincurchin|22/100
|move|p1a: Pincurchin|Supercell Slam|p2b: Porygon2
|-damage|p2b: Porygon2|10/100
|move|p2b: Porygon2|Trick Room|p2b: Porygon2
|-fieldstart|move: Trick Room|[of] p2b: Porygon2
|
|upkeep
|turn|2
|
|t:|1756178310
|move|p1a: Pincurchin|Zing Zap|p2b: Porygon2
|-damage|p2b: Porygon2|0 fnt
|faint|p2b: Porygon2
|move|p2a: Gastrodon|Earth Power|p1a: Pincurchin
|-supereffective|p1a: Pincurchin
|-damage|p1a: Pincurchin|0 fnt
|faint|p1a: Pincurchin
|move|p1b: Chesnaught|Leech Seed|p2a: Gastrodon
|-start|p2a: Gastrodon|move: Leech Seed
|
|-damage|p2a: Gastrodon|88/100|[from] Leech Seed|[of] p1b: Chesnaught
|upkeep
|
|t:|1756178323
|switch|p1a: Porygon2|Porygon2, L50|100/100
|switch|p2b: Tyranitar|Tyranitar, L50, F, shiny|100/100
|-ability|p1a: Porygon2|Download|boost
|-boost|p1a: Porygon2|atk|1
|-weather|Sandstorm|[from] ability: Sand Stream|[of] p2b: Tyranitar
|turn|3
|
|t:|1756178342
|switch|p2b: Rillaboom|Rillaboom, L50, M, shiny|100/100
|-fieldstart|move: Grassy Terrain|[from] ability: Grassy Surge|[of] p2b: Rillaboom
|move|p2a: Gastrodon|Yawn|p1b: Chesnaught
|-start|p1b: Chesnaught|move: Yawn|[of] p2a: Gastrodon
|move|p1a: Porygon2|Ice Beam|p2b: Rillaboom
|-supereffective|p2b: Rillaboom
|-damage|p2b: Rillaboom|70/100
|move|p1b: Chesnaught|Body Press|p2b: Rillaboom
|-damage|p2b: Rillaboom|15/100
|
|-weather|Sandstorm|[upkeep]
|-damage|p1a: Porygon2|94/100|[from] Sandstorm
|-damage|p1b: Chesnaught|94/100|[from] Sandstorm
|-damage|p2b: Rillaboom|9/100|[from] Sandstorm
|-heal|p2a: Gastrodon|94/100|[from] Grassy Terrain
|-heal|p1a: Porygon2|100/100|[from] Grassy Terrain
|-heal|p1b: Chesnaught|100/100|[from] Grassy Terrain
|-heal|p2b: Rillaboom|15/100|[from] Grassy Terrain
|-damage|p2a: Gastrodon|82/100|[from] Leech Seed|[of] p1b: Chesnaught
|upkeep
|turn|4
|
|t:|1756178363
|move|p2b: Rillaboom|Fake Out|p1b: Chesnaught
|-damage|p1b: Chesnaught|94/100
|move|p2a: Gastrodon|Yawn|p1a: Porygon2
|-start|p1a: Porygon2|move: Yawn|[of] p2a: Gastrodon
|move|p1a: Porygon2|Ice Beam|p2b: Rillaboom
|-supereffective|p2b: Rillaboom
|-damage|p2b: Rillaboom|0 fnt
|faint|p2b: Rillaboom
|cant|p1b: Chesnaught|flinch
|
|-weather|Sandstorm|[upkeep]
|-damage|p1a: Porygon2|94/100|[from] Sandstorm
|-damage|p1b: Chesnaught|88/100|[from] Sandstorm
|-heal|p2a: Gastrodon|88/100|[from] Grassy Terrain
|-heal|p1a: Porygon2|100/100|[from] Grassy Terrain
|-heal|p1b: Chesnaught|94/100|[from] Grassy Terrain
|-damage|p2a: Gastrodon|76/100|[from] Leech Seed|[of] p1b: Chesnaught
|-heal|p1b: Chesnaught|100/100|[silent]
|-end|p1b: Chesnaught|move: Yawn|[silent]
|-status|p1b: Chesnaught|slp
|upkeep
|
|t:|1756178379
|switch|p2b: Tyranitar|Tyranitar, L50, F, shiny|100/100
|turn|5
|
|t:|1756178384
|switch|p1a: Kingambit|Kingambit, L50, F|100/100
|move|p2a: Gastrodon|Muddy Water|p1b: Chesnaught|[spread] p1a,p1b
|-resisted|p1b: Chesnaught
|-damage|p1a: Kingambit|76/100
|-damage|p1b: Chesnaught|87/100 slp
|-unboost|p1a: Kingambit|accuracy|1
|-ability|p1a: Kingambit|Defiant|boost
|-boost|p1a: Kingambit|atk|2
|move|p2b: Tyranitar|Knock Off|p1a: Kingambit
|-resisted|p1a: Kingambit
|-crit|p1a: Kingambit
|-damage|p1a: Kingambit|47/100
|-enditem|p1a: Kingambit|Safety Goggles|[from] move: Knock Off|[of] p2b: Tyranitar
|cant|p1b: Chesnaught|slp
|
|-weather|Sandstorm|[upkeep]
|-damage|p1b: Chesnaught|81/100 slp|[from] Sandstorm
|-heal|p2a: Gastrodon|82/100|[from] Grassy Terrain
|-heal|p1a: Kingambit|53/100|[from] Grassy Terrain
|-heal|p1b: Chesnaught|87/100 slp|[from] Grassy Terrain
|-damage|p2a: Gastrodon|69/100|[from] Leech Seed|[of] p1b: Chesnaught
|-heal|p1b: Chesnaught|100/100 slp|[silent]
|-fieldend|move: Trick Room
|upkeep
|turn|6
|inactive|dangro92 has 30 seconds left.
|
|t:|1756178411
|cant|p1b: Chesnaught|slp
|move|p2b: Tyranitar|Rock Slide|p1b: Chesnaught|[spread] p1a,p1b
|-resisted|p1a: Kingambit
|-resisted|p1b: Chesnaught
|-damage|p1a: Kingambit|42/100
|-damage|p1b: Chesnaught|94/100 slp
|move|p1a: Kingambit|Kowtow Cleave|p2b: Tyranitar
|-resisted|p2b: Tyranitar
|-damage|p2b: Tyranitar|58/100
|move|p2a: Gastrodon|Earth Power|p1a: Kingambit
|-supereffective|p1a: Kingambit
|-damage|p1a: Kingambit|0 fnt
|faint|p1a: Kingambit
|
|-weather|Sandstorm|[upkeep]
|-damage|p1b: Chesnaught|88/100 slp|[from] Sandstorm
|-heal|p1b: Chesnaught|94/100 slp|[from] Grassy Terrain
|-heal|p2b: Tyranitar|64/100|[from] Grassy Terrain
|-heal|p2a: Gastrodon|76/100|[from] Grassy Terrain
|-damage|p2a: Gastrodon|63/100|[from] Leech Seed|[of] p1b: Chesnaught
|-heal|p1b: Chesnaught|100/100 slp|[silent]
|upkeep
|
|t:|1756178421
|switch|p1a: Porygon2|Porygon2, L50|100/100
|-ability|p1a: Porygon2|Download|boost
|-boost|p1a: Porygon2|atk|1
|turn|7
|
|t:|1756178433
|-curestatus|p1b: Chesnaught|slp|[msg]
|move|p1b: Chesnaught|Leech Seed|p2b: Tyranitar
|-start|p2b: Tyranitar|move: Leech Seed
|move|p2b: Tyranitar|Knock Off|p1a: Porygon2
|-damage|p1a: Porygon2|69/100
|-enditem|p1a: Porygon2|Eviolite|[from] move: Knock Off|[of] p2b: Tyranitar
|move|p1a: Porygon2|Ice Beam|p2b: Tyranitar
|-damage|p2b: Tyranitar|52/100
|move|p2a: Gastrodon|Muddy Water|p1b: Chesnaught|[spread] p1a,p1b
|-resisted|p1b: Chesnaught
|-damage|p1a: Porygon2|47/100
|-damage|p1b: Chesnaught|86/100
|-unboost|p1a: Porygon2|accuracy|1
|
|-weather|none
|-heal|p1b: Chesnaught|93/100|[from] Grassy Terrain
|-heal|p2b: Tyranitar|58/100|[from] Grassy Terrain
|-heal|p1a: Porygon2|53/100|[from] Grassy Terrain
|-heal|p2a: Gastrodon|69/100|[from] Grassy Terrain
|-damage|p2b: Tyranitar|46/100|[from] Leech Seed|[of] p1b: Chesnaught
|-heal|p1b: Chesnaught|100/100|[silent]
|-damage|p2a: Gastrodon|57/100|[from] Leech Seed|[of] p1b: Chesnaught
|-fieldend|move: Grassy Terrain
|upkeep
|turn|8
|
|t:|1756178456
|move|p1b: Chesnaught|Body Press|p2b: Tyranitar
|-supereffective|p2b: Tyranitar
|-damage|p2b: Tyranitar|0 fnt
|faint|p2b: Tyranitar
|move|p1a: Porygon2|Ice Beam|p2a: Gastrodon
|-damage|p2a: Gastrodon|36/100
|-enditem|p2a: Gastrodon|Sitrus Berry|[eat]
|-heal|p2a: Gastrodon|61/100|[from] item: Sitrus Berry
|move|p2a: Gastrodon|Muddy Water|p1b: Chesnaught|[spread] p1a,p1b
|-resisted|p1b: Chesnaught
|-damage|p1a: Porygon2|34/100
|-damage|p1b: Chesnaught|88/100
|-unboost|p1a: Porygon2|accuracy|1
|-unboost|p1b: Chesnaught|accuracy|1
|
|-damage|p2a: Gastrodon|49/100|[from] Leech Seed|[of] p1b: Chesnaught
|-heal|p1b: Chesnaught|100/100|[silent]
|upkeep
|turn|9
|
|t:|1756178476
|move|p1b: Chesnaught|Spiky Shield|p1b: Chesnaught
|-singleturn|p1b: Chesnaught|move: Protect
|move|p1a: Porygon2|Tera Blast|p2a: Gastrodon|[miss]
|-miss|p1a: Porygon2|p2a: Gastrodon
|move|p2a: Gastrodon|Muddy Water|p1b: Chesnaught|[spread] 
|-activate|p1b: Chesnaught|move: Protect
|-miss|p2a: Gastrodon|p1a: Porygon2
|
|-damage|p2a: Gastrodon|36/100|[from] Leech Seed|[of] p1b: Chesnaught
|upkeep
|turn|10
|-message|dangro92 forfeited.
|raw|Uncreative7452's rating: 1000 → 1057(+57 for winning)
|raw|dangro92's rating: 1153 → 1118(-35 for losing)
|
|win|Uncreative7452
|l|☆dangro92
|player|p2|
