|j|☆grfynnvgc
|j|☆shotstopper
|html|grfynnvgcshotstopper    
|uhtml|bestof|Game 1 of a best-of-3
|t:|1785382652
|gametype|doubles
|player|p1|grfynnvgc|1|1154
|player|p2|shotstopper|265|1016
|gen|9
|tier|[Gen 9 Champions] VGC 2026 Reg M-B (Bo3)
|rated|
|rule|Species Clause: Limit one of each Pokémon
|rule|Item Clause: Limit 1 of each item
|clearpoke
|poke|p1|Gengar, L50, F|
|poke|p1|Kommo-o, L50, F|
|poke|p1|Ninetales-Alola, L50, F|
|poke|p1|Primarina, L50, F|
|poke|p1|Volcarona, L50, F|
|poke|p1|Incineroar, L50, M|
|poke|p2|Sinistcha-Masterpiece, L50|
|poke|p2|Incineroar, L50, F|
|poke|p2|Milotic, L50, F, shiny|
|poke|p2|Raichu, L50, M|
|poke|p2|Floette-Eternal, L50, F|
|poke|p2|Ceruledge, L50, F|
|teampreview|4
|showteam|p1|Gengar||Gengarite|CursedBody|ShadowBall,SludgeBomb,PerishSong,Protect|Modest||F|||50|]Kommo-o||Leftovers|Soundproof|ClangingScales,AuraSphere,ClangorousSoul,Protect|Modest||F|||50|]Ninetales-Alola||FocusSash|SnowWarning|Blizzard,FreezeDry,AuroraVeil,Protect|Timid||F|||50|]Primarina||MysticWater|LiquidVoice|HyperVoice,Moonblast,PerishSong,Protect|Modest||F|||50|]Volcarona||SitrusBerry|FlameBody|Flamethrower,StruggleBug,RagePowder,Protect|Bold||F|||50|]Incineroar||ShucaBerry|Intimidate|FakeOut,ThroatChop,PartingShot,Protect|Impish||M|||50|
|showteam|p2|Sinistcha-Masterpiece||SitrusBerry|Hospitality|RagePowder,MatchaGotcha,TrickRoom,LifeDew|Bold|||||50|]Incineroar||ChopleBerry|Intimidate|FakeOut,FlareBlitz,ThroatChop,PartingShot|Impish||F|||50|]Milotic||Leftovers|Competitive|MuddyWater,Coil,Hypnosis,Protect|Calm||F|||50|]Raichu||FocusSash|LightningRod|VoltSwitch,VoltTackle,FakeOut,Protect|Hasty||M|||50|]Floette-Eternal||Floettite|FlowerVeil|DazzlingGleam,DrainingKiss,CalmMind,Protect|Bold||F|||50|]Ceruledge||ColburBerry|FlashFire|BitterBlade,ShadowSneak,BulkUp,Protect|Adamant||F|||50|
|inactive|Battle timer is ON: inactive players will automatically lose when time's up. (requested by shotstopper)
|inactive|grfynnvgc has 60 seconds left.
|inactive|shotstopper has 60 seconds left.
|
|t:|1785382711
|teamsize|p1|4
|teamsize|p2|4
|start
|switch|p1a: Gengar|Gengar, L50, F|100/100
|switch|p1b: Volcarona|Volcarona, L50, F|100/100
|switch|p2a: Milotic|Milotic, L50, F, shiny|100/100
|switch|p2b: Incineroar|Incineroar, L50, F|100/100
|-ability|p2b: Incineroar|Intimidate|boost
|-unboost|p1a: Gengar|atk|1
|-unboost|p1b: Volcarona|atk|1
|turn|1
|inactive|grfynnvgc has 30 seconds left.
|inactive|shotstopper has 30 seconds left.
|
|t:|1785382742
|detailschange|p1a: Gengar|Gengar-Mega, L50, F
|-mega|p1a: Gengar|Gengar|Gengarite
|move|p1b: Volcarona|Protect|p1b: Volcarona
|-singleturn|p1b: Volcarona|Protect
|move|p2b: Incineroar|Fake Out|p1b: Volcarona
|-activate|p1b: Volcarona|move: Protect
|move|p1a: Gengar|Perish Song|p1a: Gengar
|-start|p1a: Gengar|perish3|[silent]
|-start|p1b: Volcarona|perish3|[silent]
|-start|p2a: Milotic|perish3|[silent]
|-start|p2b: Incineroar|perish3|[silent]
|-fieldactivate|move: Perish Song
|move|p2a: Milotic|Coil|p2a: Milotic
|-boost|p2a: Milotic|atk|1
|-boost|p2a: Milotic|def|1
|-boost|p2a: Milotic|accuracy|1
|
|-start|p1a: Gengar|perish3
|-start|p1b: Volcarona|perish3
|-start|p2a: Milotic|perish3
|-start|p2b: Incineroar|perish3
|upkeep
|turn|2
|inactive|grfynnvgc has 30 seconds left.
|inactive|shotstopper has 30 seconds left.
|
|t:|1785382775
|switch|p1b: Primarina|Primarina, L50, F|100/100
|move|p1a: Gengar|Protect|p1a: Gengar
|-singleturn|p1a: Gengar|Protect
|move|p2a: Milotic|Muddy Water|p1b: Primarina|[spread] p1b
|-activate|p1a: Gengar|move: Protect
|-resisted|p1b: Primarina|1
|-damage|p1b: Primarina|91/100
|-unboost|p1b: Primarina|accuracy|1
|move|p2b: Incineroar|Parting Shot|p1a: Gengar
|-activate|p1a: Gengar|move: Protect
|
|-start|p1a: Gengar|perish2
|-start|p2a: Milotic|perish2
|-start|p2b: Incineroar|perish2
|upkeep
|turn|3
|inactive|grfynnvgc has 30 seconds left.
|inactive|shotstopper has 30 seconds left.
|inactive|grfynnvgc has 20 seconds left.
|inactive|shotstopper has 20 seconds left.
|inactive|shotstopper has 15 seconds left.
|
|t:|1785382816
|move|p1a: Gengar|Sludge Bomb|p2b: Incineroar
|-damage|p2b: Incineroar|48/100
|move|p2a: Milotic|Muddy Water|p1b: Primarina|[spread] p1a,p1b
|-resisted|p1b: Primarina|1
|-damage|p1a: Gengar|75/100
|-damage|p1b: Primarina|81/100
|move|p2b: Incineroar|Parting Shot|p1a: Gengar
|-unboost|p1a: Gengar|atk|1
|-unboost|p1a: Gengar|spa|1
|
|t:|1785382828
|switch|p2b: Sinistcha|Sinistcha-Masterpiece, L50|100/100|[from] Parting Shot
|move|p1b: Primarina|Hyper Voice|p2a: Milotic|[spread] p2b
|-miss|p1b: Primarina|p2a: Milotic
|-resisted|p2b: Sinistcha|1
|-damage|p2b: Sinistcha|78/100
|
|-start|p1a: Gengar|perish1
|-start|p2a: Milotic|perish1
|upkeep
|turn|4
|
|t:|1785382852
|switch|p1a: Kommo-o|Kommo-o, L50, F|100/100
|move|p2a: Milotic|Hypnosis|p1b: Primarina
|-status|p1b: Primarina|slp|[from] move: Hypnosis
|move|p2b: Sinistcha|Matcha Gotcha|p1b: Primarina|[spread] p1a,p1b
|-resisted|p1a: Kommo-o|1
|-supereffective|p1b: Primarina|1
|-damage|p1a: Kommo-o|85/100
|-heal|p2b: Sinistcha|84/100|[from] drain|[of] p1a: Kommo-o
|-damage|p1b: Primarina|42/100 slp
|-heal|p2b: Sinistcha|100/100|[from] drain|[of] p1b: Primarina
|-status|p1a: Kommo-o|brn
|cant|p1b: Primarina|slp
|
|-heal|p1a: Kommo-o|91/100 brn|[from] item: Leftovers
|-damage|p1a: Kommo-o|85/100 brn|[from] brn
|-start|p2a: Milotic|perish0
|upkeep
|faint|p2a: Milotic
|
|t:|1785382876
|switch|p2a: Floette|Floette-Eternal, L50, F|100/100
|turn|5
|
|t:|1785382884
|switch|p1a: Gengar|Gengar-Mega, L50, F|75/100
|detailschange|p2a: Floette|Floette-Mega, L50, F
|-mega|p2a: Floette|Floette|Floettite
|-ability|p2a: Floette|Fairy Aura
|move|p2a: Floette|Dazzling Gleam|p1a: Gengar|[spread] p1a,p1b
|-resisted|p1a: Gengar|1
|-damage|p1a: Gengar|55/100
|-damage|p1b: Primarina|6/100 slp
|move|p2b: Sinistcha|Matcha Gotcha|p1a: Gengar|[spread] p1a,p1b
|-resisted|p1a: Gengar|1
|-supereffective|p1b: Primarina|1
|-damage|p1a: Gengar|44/100
|-damage|p1b: Primarina|0 fnt
|faint|p1b: Primarina
|
|upkeep
|
|t:|1785382902
|switch|p1b: Volcarona|Volcarona, L50, F|100/100
|turn|6
|
|t:|1785382915
|move|p1a: Gengar|Shadow Ball|p2b: Sinistcha
|-supereffective|p2b: Sinistcha|1
|-damage|p2b: Sinistcha|5/100
|-unboost|p2b: Sinistcha|spd|1
|-enditem|p2b: Sinistcha|Sitrus Berry|[eat]
|-heal|p2b: Sinistcha|30/100|[from] item: Sitrus Berry
|move|p2a: Floette|Dazzling Gleam|p1b: Volcarona|[spread] p1a,p1b
|-resisted|p1a: Gengar|1
|-resisted|p1b: Volcarona|1
|-damage|p1a: Gengar|24/100
|-damage|p1b: Volcarona|84/100
|move|p1b: Volcarona|Struggle Bug|p2a: Floette|[spread] p2a,p2b
|-resisted|p2a: Floette|1
|-damage|p2a: Floette|94/100
|-damage|p2b: Sinistcha|6/100
|-unboost|p2a: Floette|spa|1
|-unboost|p2b: Sinistcha|spa|1
|move|p2b: Sinistcha|Matcha Gotcha|p1b: Volcarona|[spread] p1a,p1b
|-resisted|p1a: Gengar|1
|-resisted|p1b: Volcarona|2
|-damage|p1a: Gengar|16/100
|-heal|p2b: Sinistcha|9/100|[from] drain|[of] p1a: Gengar
|-damage|p1b: Volcarona|81/100
|-heal|p2b: Sinistcha|11/100|[from] drain|[of] p1b: Volcarona
|
|upkeep
|turn|7
|inactive|shotstopper has 30 seconds left.
|inactive|grfynnvgc has 30 seconds left.
|
|t:|1785382948
|move|p1a: Gengar|Protect|p1a: Gengar
|-singleturn|p1a: Gengar|Protect
|move|p2a: Floette|Dazzling Gleam|p1b: Volcarona|[spread] p1b
|-activate|p1a: Gengar|move: Protect
|-resisted|p1b: Volcarona|1
|-damage|p1b: Volcarona|71/100
|move|p1b: Volcarona|Struggle Bug|p2a: Floette|[spread] p2a,p2b
|-resisted|p2a: Floette|1
|-damage|p2a: Floette|89/100
|-damage|p2b: Sinistcha|0 fnt
|-unboost|p2a: Floette|spa|1
|faint|p2b: Sinistcha
|
|upkeep
|
|t:|1785382959
|switch|p2b: Incineroar|Incineroar, L50, F|48/100
|-ability|p2b: Incineroar|Intimidate|boost
|-unboost|p1a: Gengar|atk|1
|-unboost|p1b: Volcarona|atk|1
|turn|8
|
|t:|1785382970
|move|p1a: Gengar|Perish Song|p1a: Gengar
|-start|p1a: Gengar|perish3|[silent]
|-start|p1b: Volcarona|perish3|[silent]
|-start|p2a: Floette|perish3|[silent]
|-start|p2b: Incineroar|perish3|[silent]
|-fieldactivate|move: Perish Song
|move|p2a: Floette|Dazzling Gleam|p1b: Volcarona|[spread] p1a,p1b
|-resisted|p1a: Gengar|1
|-resisted|p1b: Volcarona|1
|-damage|p1a: Gengar|6/100
|-damage|p1b: Volcarona|64/100
|move|p1b: Volcarona|Struggle Bug|p2a: Floette|[spread] p2a,p2b
|-resisted|p2a: Floette|1
|-damage|p2a: Floette|82/100
|-damage|p2b: Incineroar|33/100
|-unboost|p2a: Floette|spa|1
|-unboost|p2b: Incineroar|spa|1
|move|p2b: Incineroar|Throat Chop|p1a: Gengar
|-supereffective|p1a: Gengar|1
|-damage|p1a: Gengar|0 fnt
|faint|p1a: Gengar
|
|-start|p2a: Floette|perish3
|-start|p1b: Volcarona|perish3
|-start|p2b: Incineroar|perish3
|upkeep
|
|t:|1785382988
|switch|p1a: Kommo-o|Kommo-o, L50, F|85/100 brn
|turn|9
|
|t:|1785383002
|move|p1a: Kommo-o|Protect|p1a: Kommo-o
|-singleturn|p1a: Kommo-o|Protect
|move|p1b: Volcarona|Protect|p1b: Volcarona
|-singleturn|p1b: Volcarona|Protect
|move|p2a: Floette|Dazzling Gleam|p1a: Kommo-o|[spread] 
|-activate|p1a: Kommo-o|move: Protect
|-activate|p1b: Volcarona|move: Protect
|move|p2b: Incineroar|Throat Chop|p1b: Volcarona
|-activate|p1b: Volcarona|move: Protect
|
|-heal|p1a: Kommo-o|91/100 brn|[from] item: Leftovers
|-damage|p1a: Kommo-o|85/100 brn|[from] brn
|-start|p2a: Floette|perish2
|-start|p1b: Volcarona|perish2
|-start|p2b: Incineroar|perish2
|upkeep
|turn|10
|inactive|shotstopper has 30 seconds left.
|
|t:|1785383029
|move|p1a: Kommo-o|Aura Sphere|p2b: Incineroar
|-supereffective|p2b: Incineroar|1
|-enditem|p2b: Incineroar|Chople Berry|[eat]
|-enditem|p2b: Incineroar|Chople Berry|[weaken]
|-damage|p2b: Incineroar|0 fnt
|faint|p2b: Incineroar
|move|p2a: Floette|Dazzling Gleam|p1a: Kommo-o|[spread] p1a,p1b
|-supereffective|p1a: Kommo-o|2
|-resisted|p1b: Volcarona|1
|-damage|p1a: Kommo-o|10/100 brn
|-damage|p1b: Volcarona|57/100
|move|p1b: Volcarona|Struggle Bug|p2a: Floette
|-resisted|p2a: Floette|1
|-damage|p2a: Floette|75/100
|-unboost|p2a: Floette|spa|1
|
|-heal|p1a: Kommo-o|16/100 brn|[from] item: Leftovers
|-damage|p1a: Kommo-o|10/100 brn|[from] brn
|-start|p2a: Floette|perish1
|-start|p1b: Volcarona|perish1
|upkeep
|turn|11
|
|t:|1785383046
|move|p1a: Kommo-o|Protect|p1a: Kommo-o
|-singleturn|p1a: Kommo-o|Protect
|move|p1b: Volcarona|Protect|p1b: Volcarona
|-singleturn|p1b: Volcarona|Protect
|move|p2a: Floette|Dazzling Gleam|p1a: Kommo-o|[spread] 
|-activate|p1a: Kommo-o|move: Protect
|-activate|p1b: Volcarona|move: Protect
|
|-heal|p1a: Kommo-o|16/100 brn|[from] item: Leftovers
|-damage|p1a: Kommo-o|10/100 brn|[from] brn
|-start|p2a: Floette|perish0
|-start|p1b: Volcarona|perish0
|faint|p2a: Floette
|faint|p1b: Volcarona
|
|win|grfynnvgc
