|j|☆nipun111
|j|☆archyx05
|html|nipun111archyx05    
|uhtml|bestof|Game 1 of a best-of-3
|t:|1785271853
|gametype|doubles
|player|p1|nipun111|266|1000
|player|p2|archyx05|101|1083
|gen|9
|tier|[Gen 9 Champions] VGC 2026 Reg M-B (Bo3)
|rated|
|rule|Species Clause: Limit one of each Pokémon
|rule|Item Clause: Limit 1 of each item
|clearpoke
|poke|p1|Conkeldurr, L50, F|
|poke|p1|Scovillain, L50, F|
|poke|p1|Kangaskhan, L50, F|
|poke|p1|Hatterene, L50, F|
|poke|p1|Torkoal, L50, M|
|poke|p1|Jolteon, L50, F|
|poke|p2|Sinistcha, L50|
|poke|p2|Garchomp, L50, F|
|poke|p2|Sneasler, L50, M, shiny|
|poke|p2|Floette-Eternal, L50, F|
|poke|p2|Incineroar, L50, F|
|poke|p2|Kingambit, L50, F, shiny|
|teampreview|4
|showteam|p1|Conkeldurr||LifeOrb|Guts|Facade,Earthquake,MachPunch,WideGuard|Sassy||F|||50|]Scovillain||Scovillainite|Moody|SolarBeam,FlareBlitz,Rest,SleepTalk|Relaxed||F|||50|]Kangaskhan||Kangaskhanite|Scrappy|FakeOut,LastResort,HammerArm|Brave||F|||50|]Hatterene||FocusSash|Healer|TrickRoom,FutureSight,Psychic,DazzlingGleam|Quiet||F|||50|]Torkoal||SitrusBerry|Drought|HeatWave,SolarBeam,Protect,RockSlide|Quiet||M|||50|]Jolteon||Leftovers|VoltAbsorb|VoltSwitch,Thunderbolt,ShadowBall,Detect|Bold||F|||50|
|showteam|p2|Sinistcha||KasibBerry|Hospitality|MatchaGotcha,RagePowder,TrickRoom,Protect|Bold|||||50|]Garchomp||Garchompite|SandVeil|Protect,RockSlide,Earthquake,StompingTantrum|Adamant||F|||50|]Sneasler||FocusSash|Unburden|CloseCombat,DireClaw,FakeOut,Coaching|Jolly||M|||50|]Floette-Eternal||Floettite|FlowerVeil|Protect,CalmMind,Moonblast,DazzlingGleam|Modest||F|||50|]Incineroar||SitrusBerry|Intimidate|FakeOut,FlareBlitz,DarkestLariat,PartingShot|Impish||F|||50|]Kingambit||ChopleBerry|Defiant|KowtowCleave,SuckerPunch,IronHead,Protect|Adamant||F|||50|
|inactive|Battle timer is ON: inactive players will automatically lose when time's up. (requested by archyx05)
|inactive|nipun111 also wants the timer to be on.
|j| FunStratFarms
|l| FunStratFarms
|inactive|nipun111 has 60 seconds left.
|inactive|archyx05 has 60 seconds left.
|inactive|nipun111 has 30 seconds left.
|inactive|archyx05 has 30 seconds left.
|inactive|nipun111 has 20 seconds left.
|inactive|archyx05 has 20 seconds left.
|inactive|nipun111 has 15 seconds left.
|inactive|archyx05 has 15 seconds left.
|inactive|nipun111 has 10 seconds left.
|inactive|archyx05 has 10 seconds left.
|
|t:|1785271937
|teamsize|p1|4
|teamsize|p2|4
|start
|switch|p1a: Hatterene|Hatterene, L50, F|100/100
|switch|p1b: Torkoal|Torkoal, L50, M|100/100
|switch|p2a: Incineroar|Incineroar, L50, F|100/100
|switch|p2b: Garchomp|Garchomp, L50, F|100/100
|-ability|p2a: Incineroar|Intimidate|boost
|-unboost|p1a: Hatterene|atk|1
|-unboost|p1b: Torkoal|atk|1
|-weather|SunnyDay|[from] ability: Drought|[of] p1b: Torkoal
|turn|1
|inactive|nipun111 has 30 seconds left.
|
|t:|1785271966
|detailschange|p2b: Garchomp|Garchomp-Mega, L50, F
|-mega|p2b: Garchomp|Garchomp|Garchompite
|move|p2a: Incineroar|Fake Out|p1a: Hatterene
|-damage|p1a: Hatterene|88/100
|move|p2b: Garchomp|Rock Slide|p1a: Hatterene|[spread] p1a,p1b
|-supereffective|p1b: Torkoal|1
|-damage|p1a: Hatterene|65/100
|-damage|p1b: Torkoal|51/100
|cant|p1b: Torkoal|flinch
|cant|p1a: Hatterene|flinch
|
|-weather|SunnyDay|[upkeep]
|upkeep
|turn|2
|inactive|archyx05 has 30 seconds left.
|
|t:|1785271995
|move|p2b: Garchomp|Stomping Tantrum|p1a: Hatterene
|-damage|p1a: Hatterene|18/100
|move|p2a: Incineroar|Darkest Lariat|p1a: Hatterene
|-damage|p1a: Hatterene|0 fnt
|faint|p1a: Hatterene
|move|p1b: Torkoal|Rock Slide|p2a: Incineroar|[spread] p2a,p2b
|-supereffective|p2a: Incineroar|1
|-resisted|p2b: Garchomp|1
|-damage|p2a: Incineroar|86/100
|-damage|p2b: Garchomp|96/100
|
|-weather|SunnyDay|[upkeep]
|upkeep
|
|t:|1785272013
|switch|p1a: Conkeldurr|Conkeldurr, L50, F|100/100
|turn|3
|
|t:|1785272037
|switch|p1b: Scovillain|Scovillain, L50, F|100/100
|move|p1a: Conkeldurr|Wide Guard|p1a: Conkeldurr
|-singleturn|p1a: Conkeldurr|Wide Guard
|move|p2b: Garchomp|Stomping Tantrum|p1a: Conkeldurr
|-damage|p1a: Conkeldurr|58/100
|move|p2a: Incineroar|Parting Shot|p1a: Conkeldurr
|-unboost|p1a: Conkeldurr|atk|1
|-unboost|p1a: Conkeldurr|spa|1
|
|t:|1785272051
|switch|p2a: Sinistcha|Sinistcha, L50|100/100|[from] Parting Shot
|-heal|p2b: Garchomp|100/100|[from] ability: Hospitality|[of] p2a: Sinistcha
|
|-weather|SunnyDay|[upkeep]
|-ability|p1b: Scovillain|Moody|boost
|-boost|p1b: Scovillain|spe|2
|-unboost|p1b: Scovillain|spa|1
|upkeep
|turn|4
|inactive|nipun111 has 30 seconds left.
|
|t:|1785272084
|switch|p2a: Incineroar|Incineroar, L50, F|86/100
|-ability|p2a: Incineroar|Intimidate|boost
|-unboost|p1a: Conkeldurr|atk|1
|-unboost|p1b: Scovillain|atk|1
|detailschange|p1b: Scovillain|Scovillain-Mega, L50, F
|-mega|p1b: Scovillain|Scovillain|Scovillainite
|move|p1b: Scovillain|Flare Blitz|p2a: Incineroar
|-resisted|p2a: Incineroar|1
|-damage|p2a: Incineroar|67/100
|-damage|p1b: Scovillain|90/100|[from] Recoil
|move|p2b: Garchomp|Stomping Tantrum|p1a: Conkeldurr
|-damage|p1a: Conkeldurr|19/100
|move|p1a: Conkeldurr|Earthquake|p2a: Incineroar|[spread] p1b,p2a,p2b
|-supereffective|p2a: Incineroar|1
|-crit|p2a: Incineroar
|-damage|p1b: Scovillain|75/100
|-damage|p2a: Incineroar|0 fnt
|-damage|p2b: Garchomp|88/100
|-status|p1a: Conkeldurr|brn|[from] ability: Spicy Spray|[of] p1b: Scovillain
|faint|p2a: Incineroar
|-damage|p1a: Conkeldurr|9/100 brn|[from] item: Life Orb
|
|-weather|SunnyDay|[upkeep]
|-damage|p1a: Conkeldurr|3/100 brn|[from] brn
|upkeep
|
|t:|1785272098
|switch|p2a: Sinistcha|Sinistcha, L50|100/100
|-heal|p2b: Garchomp|100/100|[from] ability: Hospitality|[of] p2a: Sinistcha
|turn|5
|inactive|nipun111 has 30 seconds left.
|
|t:|1785272125
|move|p2a: Sinistcha|Protect|p2a: Sinistcha
|-singleturn|p2a: Sinistcha|Protect
|move|p1a: Conkeldurr|Mach Punch|p2b: Garchomp
|-damage|p2b: Garchomp|85/100
|-damage|p1a: Conkeldurr|0 fnt|[from] item: Life Orb
|faint|p1a: Conkeldurr
|move|p1b: Scovillain|Flare Blitz|p2a: Sinistcha
|-activate|p2a: Sinistcha|move: Protect
|move|p2b: Garchomp|Stomping Tantrum|p1b: Scovillain
|-damage|p1b: Scovillain|26/100
|-status|p2b: Garchomp|brn|[from] ability: Spicy Spray|[of] p1b: Scovillain
|
|-weather|none
|-damage|p2b: Garchomp|78/100 brn|[from] brn
|upkeep
|
|t:|1785272140
|switch|p1a: Torkoal|Torkoal, L50, M|51/100
|-weather|SunnyDay|[from] ability: Drought|[of] p1a: Torkoal
|turn|6
|
|t:|1785272153
|move|p1b: Scovillain|Rest|p1b: Scovillain
|-status|p1b: Scovillain|slp|[from] move: Rest
|-heal|p1b: Scovillain|100/100 slp|[silent]
|move|p2b: Garchomp|Earthquake|p1b: Scovillain|[spread] p2a,p1a,p1b
|-resisted|p2a: Sinistcha|1
|-supereffective|p1a: Torkoal|1
|-damage|p2a: Sinistcha|89/100
|-damage|p1a: Torkoal|7/100
|-damage|p1b: Scovillain|74/100 slp
|-enditem|p1a: Torkoal|Sitrus Berry|[eat]
|-heal|p1a: Torkoal|32/100|[from] item: Sitrus Berry
|move|p2a: Sinistcha|Matcha Gotcha|p1b: Scovillain|[spread] p1a
|-miss|p2a: Sinistcha|p1b: Scovillain
|-resisted|p1a: Torkoal|1
|-damage|p1a: Torkoal|13/100
|-heal|p2a: Sinistcha|97/100|[from] drain|[of] p1a: Torkoal
|move|p1a: Torkoal|Heat Wave|p2b: Garchomp|[spread] p2a,p2b
|-supereffective|p2a: Sinistcha|1
|-resisted|p2b: Garchomp|1
|-damage|p2a: Sinistcha|12/100
|-damage|p2b: Garchomp|60/100 brn
|-status|p2a: Sinistcha|brn
|
|-weather|SunnyDay|[upkeep]
|-damage|p2b: Garchomp|54/100 brn|[from] brn
|-damage|p2a: Sinistcha|6/100 brn|[from] brn
|upkeep
|turn|7
|
|t:|1785272177
|switch|p2a: Sneasler|Sneasler, L50, M, shiny|100/100
|move|p1a: Torkoal|Protect|p1a: Torkoal
|-singleturn|p1a: Torkoal|Protect
|cant|p1b: Scovillain|slp
|move|p1b: Scovillain|Sleep Talk|p1b: Scovillain
|move|p1b: Scovillain|Rest||[from] move: Sleep Talk|[still]
|-fail|p1b: Scovillain
|move|p2b: Garchomp|Earthquake|p1b: Scovillain|[spread] p2a,p1b
|-activate|p1a: Torkoal|move: Protect
|-supereffective|p2a: Sneasler|1
|-crit|p2a: Sneasler
|-enditem|p2a: Sneasler|Focus Sash
|-damage|p2a: Sneasler|1/100
|-damage|p1b: Scovillain|49/100 slp
|
|-weather|SunnyDay|[upkeep]
|-damage|p2b: Garchomp|48/100 brn|[from] brn
|upkeep
|turn|8
|
|t:|1785272201
|move|p2a: Sneasler|Dire Claw|p1b: Scovillain
|-supereffective|p1b: Scovillain|1
|-damage|p1b: Scovillain|0 fnt
|-fail|p1b: Scovillain
|-status|p2a: Sneasler|brn|[from] ability: Spicy Spray|[of] p1b: Scovillain
|faint|p1b: Scovillain
|move|p2b: Garchomp|Earthquake|p1a: Torkoal|[spread] p2a,p1a
|-supereffective|p2a: Sneasler|1
|-supereffective|p1a: Torkoal|1
|-damage|p2a: Sneasler|0 fnt
|-damage|p1a: Torkoal|0 fnt
|faint|p2a: Sneasler
|faint|p1a: Torkoal
|
|win|archyx05
