|j|☆PopoVGC
|j|☆marcosdeltasena31
|html|PopoVGCmarcosdeltasena31    
|uhtml|bestof|Game 2 of a best-of-3
|t:|1785883388
|gametype|doubles
|player|p1|PopoVGC|silver|1207
|player|p2|marcosdeltasena31|hilbert|1330
|gen|9
|tier|[Gen 9 Champions] VGC 2026 Reg M-B (Bo3)
|rated|
|rule|Species Clause: Limit one of each Pokémon
|rule|Item Clause: Limit 1 of each item
|clearpoke
|poke|p1|Gholdengo, L50|
|poke|p1|Tyranitar, L50, F|
|poke|p1|Excadrill, L50, F|
|poke|p1|Pidgeot, L50, M|
|poke|p1|Tsareena, L50, F|
|poke|p1|Rotom-Wash, L50|
|poke|p2|Staraptor, L50, M|
|poke|p2|Delphox, L50, M|
|poke|p2|Whimsicott, L50, M|
|poke|p2|Kingambit, L50, M|
|poke|p2|Incineroar, L50, F|
|poke|p2|Farigiraf, L50, M, shiny|
|teampreview|4
|showteam|p1|Gholdengo||LifeOrb|GoodasGold|MakeItRain,ShadowBall,NastyPlot,Protect|Timid|||||50|]Tyranitar||Tyranitarite|SandStream|RockSlide,KnockOff,Protect,LowKick|Jolly||F|||50|]Excadrill||FocusSash|SandRush|IronHead,Earthquake,RockSlide,Protect|Adamant||F|||50|]Pidgeot||Pidgeotite|BigPecks|Hurricane,HeatWave,Protect,Tailwind|Timid||M|||50|]Tsareena||ChoiceScarf|QueenlyMajesty|PowerWhip,TripleAxel,Uturn,LowKick|Jolly||F|||50|]Rotom-Wash||SitrusBerry|Levitate|Thunderbolt,HydroPump,Protect,WillOWisp|Bold|||||50|
|showteam|p2|Staraptor||Staraptite|Intimidate|Protect,Roost,CloseCombat,BraveBird|Jolly||M|||50|]Delphox||Delphoxite|Blaze|Protect,Psychic,HeatWave,Encore|Timid||M|||50|]Whimsicott||OccaBerry|Prankster|Moonblast,Tailwind,Charm,LightScreen|Timid||M|||50|]Kingambit||ChopleBerry|Defiant|SuckerPunch,LowKick,IronHead,KowtowCleave|Adamant||M|||50|]Incineroar||Charcoal|Intimidate|FlareBlitz,FakeOut,ThroatChop,PartingShot|Adamant||F|||50|]Farigiraf||SitrusBerry|ArmorTail|Psychic,HelpingHand,TrickRoom,Protect|Calm||M|||50|
|
|t:|1785883451
|teamsize|p1|4
|teamsize|p2|4
|start
|switch|p1a: Pidgeot|Pidgeot, L50, M|100/100
|switch|p1b: Gholdengo|Gholdengo, L50|100/100
|switch|p2a: Staraptor|Staraptor, L50, M|100/100
|switch|p2b: Whimsicott|Whimsicott, L50, M|100/100
|-ability|p2a: Staraptor|Intimidate|boost
|-unboost|p1a: Pidgeot|atk|1
|-unboost|p1b: Gholdengo|atk|1
|turn|1
|
|t:|1785883466
|detailschange|p2a: Staraptor|Staraptor-Mega, L50, M
|-mega|p2a: Staraptor|Staraptor|Staraptite
|move|p1a: Pidgeot|Protect|p1a: Pidgeot
|-singleturn|p1a: Pidgeot|Protect
|move|p2b: Whimsicott|Tailwind|p2b: Whimsicott
|-sidestart|p2: marcosdeltasena31|move: Tailwind
|move|p2a: Staraptor|Close Combat|p1a: Pidgeot
|-activate|p1a: Pidgeot|move: Protect
|move|p1b: Gholdengo|Nasty Plot|p1b: Gholdengo
|-boost|p1b: Gholdengo|spa|2
|
|upkeep
|turn|2
|
|t:|1785883483
|detailschange|p1a: Pidgeot|Pidgeot-Mega, L50, M
|-mega|p1a: Pidgeot|Pidgeot|Pidgeotite
|move|p2a: Staraptor|Protect|p2a: Staraptor
|-singleturn|p2a: Staraptor|Protect
|move|p2b: Whimsicott|Light Screen|p2b: Whimsicott
|-sidestart|p2: marcosdeltasena31|move: Light Screen
|move|p1a: Pidgeot|Tailwind|p1a: Pidgeot
|-sidestart|p1: PopoVGC|move: Tailwind
|move|p1b: Gholdengo|Make It Rain|p2b: Whimsicott|[spread] p2b
|-activate|p2a: Staraptor|move: Protect
|-supereffective|p2b: Whimsicott|1
|-damage|p2b: Whimsicott|0 fnt
|-unboost|p1b: Gholdengo|spa|2
|faint|p2b: Whimsicott
|-damage|p1b: Gholdengo|90/100|[from] item: Life Orb
|
|upkeep
|
|t:|1785883491
|switch|p2b: Kingambit|Kingambit, L50, M|100/100
|turn|3
|
|t:|1785883500
|switch|p1b: Tsareena|Tsareena, L50, F|100/100
|move|p1a: Pidgeot|Hurricane|p2a: Staraptor
|-supereffective|p2a: Staraptor|1
|-damage|p2a: Staraptor|15/100
|move|p2a: Staraptor|Close Combat|p1a: Pidgeot
|-damage|p1a: Pidgeot|25/100
|-boost|p2a: Staraptor|def|1
|-boost|p2a: Staraptor|spd|1
|move|p2b: Kingambit|Kowtow Cleave|p1b: Tsareena
|-damage|p1b: Tsareena|43/100
|
|upkeep
|turn|4
|
|t:|1785883525
|switch|p2a: Incineroar|Incineroar, L50, F|100/100
|-ability|p2a: Incineroar|Intimidate|boost
|-unboost|p1a: Pidgeot|atk|1
|-unboost|p1b: Tsareena|atk|1
|move|p1b: Tsareena|Low Kick|p2b: Kingambit
|-supereffective|p2b: Kingambit|2
|-enditem|p2b: Kingambit|Chople Berry|[eat]
|-enditem|p2b: Kingambit|Chople Berry|[weaken]
|-damage|p2b: Kingambit|70/100
|move|p1a: Pidgeot|Heat Wave|p2b: Kingambit|[spread] p2a,p2b
|-resisted|p2a: Incineroar|1
|-supereffective|p2b: Kingambit|1
|-damage|p2a: Incineroar|92/100
|-damage|p2b: Kingambit|38/100
|move|p2b: Kingambit|Kowtow Cleave|p1b: Tsareena
|-damage|p1b: Tsareena|0 fnt
|faint|p1b: Tsareena
|
|-sideend|p2: marcosdeltasena31|move: Tailwind
|upkeep
|
|t:|1785883531
|switch|p1b: Excadrill|Excadrill, L50, F|100/100
|turn|5
|
|t:|1785883539
|move|p1a: Pidgeot|Protect|p1a: Pidgeot
|-singleturn|p1a: Pidgeot|Protect
|move|p1b: Excadrill|Protect|p1b: Excadrill
|-singleturn|p1b: Excadrill|Protect
|move|p2a: Incineroar|Fake Out|p1b: Excadrill
|-activate|p1b: Excadrill|move: Protect
|move|p2b: Kingambit|Sucker Punch||[still]
|-fail|p2b: Kingambit
|
|-sideend|p1: PopoVGC|move: Tailwind
|upkeep
|turn|6
|
|t:|1785883558
|switch|p2a: Staraptor|Staraptor-Mega, L50, M|15/100
|move|p2b: Kingambit|Sucker Punch||[still]
|-fail|p2b: Kingambit
|move|p1a: Pidgeot|Tailwind|p1a: Pidgeot
|-sidestart|p1: PopoVGC|move: Tailwind
|move|p1b: Excadrill|Earthquake|p2a: Staraptor|[spread] p2b
|-immune|p1a: Pidgeot
|-immune|p2a: Staraptor
|-supereffective|p2b: Kingambit|1
|-damage|p2b: Kingambit|0 fnt
|faint|p2b: Kingambit
|
|-sideend|p2: marcosdeltasena31|move: Light Screen
|upkeep
|
|t:|1785883564
|switch|p2b: Incineroar|Incineroar, L50, F|92/100
|-ability|p2b: Incineroar|Intimidate|boost
|-unboost|p1a: Pidgeot|atk|1
|-unboost|p1b: Excadrill|atk|1
|turn|7
|
|t:|1785883581
|move|p2a: Staraptor|Protect|p2a: Staraptor
|-singleturn|p2a: Staraptor|Protect
|move|p1a: Pidgeot|Hurricane|p2a: Staraptor
|-activate|p2a: Staraptor|move: Protect
|move|p1b: Excadrill|Rock Slide|p2b: Incineroar|[spread] p2b
|-activate|p2a: Staraptor|move: Protect
|-supereffective|p2b: Incineroar|1
|-damage|p2b: Incineroar|69/100
|move|p2b: Incineroar|Flare Blitz|p1a: Pidgeot
|-damage|p1a: Pidgeot|0 fnt
|faint|p1a: Pidgeot
|-damage|p2b: Incineroar|63/100|[from] Recoil
|
|upkeep
|
|t:|1785883584
|switch|p1a: Gholdengo|Gholdengo, L50|90/100
|turn|8
|
|t:|1785883591
|move|p2a: Staraptor|Protect||[still]
|-fail|p2a: Staraptor
|move|p1a: Gholdengo|Make It Rain|p2b: Incineroar|[spread] p2a,p2b
|-resisted|p2b: Incineroar|1
|-damage|p2a: Staraptor|0 fnt
|-damage|p2b: Incineroar|34/100
|-unboost|p1a: Gholdengo|spa|2
|faint|p2a: Staraptor
|-damage|p1a: Gholdengo|81/100|[from] item: Life Orb
|move|p1b: Excadrill|Rock Slide|p2b: Incineroar
|-supereffective|p2b: Incineroar|1
|-damage|p2b: Incineroar|2/100
|move|p2b: Incineroar|Flare Blitz|p1a: Gholdengo
|-supereffective|p1a: Gholdengo|1
|-damage|p1a: Gholdengo|0 fnt
|faint|p1a: Gholdengo
|-damage|p2b: Incineroar|0 fnt|[from] Recoil
|faint|p2b: Incineroar
|
|win|PopoVGC
|inactive|PopoVGC has 30 seconds to confirm battle start!
|inactive|marcosdeltasena31 has 30 seconds to confirm battle start!
||marcosdeltasena31 is ready for game 3.
||PopoVGC is ready for game 3.
|uhtml|next|Next: Game 3 of 3
|l|☆marcosdeltasena31
|player|p2|
