|j|☆stewiie25
|j|☆Leodess
|html|stewiie25Leodess    
|uhtml|bestof|Game 1 of a best-of-3
|t:|1757927747
|gametype|doubles
|player|p1|stewiie25|169|1106
|player|p2|Leodess|lucas-gen4pt|1057
|gen|9
|tier|[Gen 9] VGC 2025 Reg H (Bo3)
|rated|
|rule|Species Clause: Limit one of each Pokémon
|rule|Item Clause: Limit 1 of each item
|clearpoke
|poke|p1|Meowscarada, L50, F|
|poke|p1|Baxcalibur, L50, F|
|poke|p1|Gholdengo, L50|
|poke|p1|Garganacl, L50, M|
|poke|p1|Tauros-Paldea-Aqua, L50, M|
|poke|p1|Mimikyu, L50, M|
|poke|p2|Porygon2, L50|
|poke|p2|Torkoal, L50, F|
|poke|p2|Jumpluff, L50, M|
|poke|p2|Charizard, L50, F|
|poke|p2|Ursaluna, L50, F|
|poke|p2|Incineroar, L50, M|
|teampreview|4
|showteam|p1|Meowscarada||FocusSash|Overgrow|Protect,FlowerTrick,SuckerPunch,KnockOff|||F|||50|,,,,,Grass]Baxcalibur||LoadedDice|ThermalExchange|Protect,IcicleSpear,IceShard,GlaiveRush|||F|||50|,,,,,Water]Gholdengo||ChoiceSpecs|GoodasGold|MakeItRain,FocusBlast,PowerGem,ShadowBall||||||50|,,,,,Steel]Garganacl||Leftovers|PurifyingSalt|Protect,WideGuard,SaltCure,Recover|||M|||50|,,,,,Poison]Tauros-Paldea-Aqua||SitrusBerry|Intimidate|Protect,AquaJet,WaveCrash,CloseCombat|||M|||50|,,,,,Fighting]Mimikyu||LifeOrb|Disguise|Protect,ShadowClaw,DrainPunch,PlayRough|||M|||50|,,,,,Ghost
|showteam|p2|Porygon2||Eviolite|Download|TeraBlast,TrickRoom,Recover,IceBeam||||||50|,,,,,Ghost]Torkoal||ChoiceSpecs|Drought|Eruption,HeatWave,WeatherBall,EarthPower|||F|||50|,,,,,Fire]Jumpluff||CovertCloak|Chlorophyll|RagePowder,Tailwind,SunnyDay,SleepPowder|||M|||50|,,,,,Water]Charizard||Charcoal|SolarPower|WeatherBall,HeatWave,Protect,SolarBeam|||F|||50|,,,,,Grass]Ursaluna||FlameOrb|Guts|Facade,Earthquake,HeadlongRush,Protect|||F|||50|,,,,,Ghost]Incineroar||AssaultVest|Intimidate|FlareBlitz,FakeOut,KnockOff,Uturn|||M|||50|,,,,,Water
|inactive|Battle timer is ON: inactive players will automatically lose when time's up. (requested by stewiie25)
|
|t:|1757927788
|teamsize|p1|4
|teamsize|p2|4
|start
|switch|p1a: Mimikyu|Mimikyu, L50, M|100/100
|switch|p1b: Gholdengo|Gholdengo, L50|100/100
|switch|p2a: Charizard|Charizard, L50, F|100/100
|switch|p2b: Jumpluff|Jumpluff, L50, M|100/100
|turn|1
|inactive|Leodess has 30 seconds left.
|inactive|Leodess has 20 seconds left.
|inactive|Leodess has 15 seconds left.
|inactive|Leodess has 10 seconds left.
|inactive|Leodess has 5 seconds left.
|
|t:|1757927843
|switch|p1b: Tauros|Tauros-Paldea-Aqua, L50, M|100/100
|-ability|p1b: Tauros|Intimidate|boost
|-unboost|p2a: Charizard|atk|1
|-unboost|p2b: Jumpluff|atk|1
|move|p2b: Jumpluff|Rage Powder|p2b: Jumpluff
|-singleturn|p2b: Jumpluff|move: Rage Powder
|move|p2a: Charizard|Weather Ball|p1a: Mimikyu
|-immune|p1a: Mimikyu
|move|p1a: Mimikyu|Play Rough|p2b: Jumpluff
|-damage|p2b: Jumpluff|52/100
|-damage|p1a: Mimikyu|91/100|[from] item: Life Orb
|
|upkeep
|turn|2
|inactive|stewiie25 has 30 seconds left.
|inactive|Leodess has 30 seconds left.
|
|t:|1757927871
|-terastallize|p2a: Charizard|Grass
|move|p1b: Tauros|Protect|p1b: Tauros
|-singleturn|p1b: Tauros|Protect
|move|p2b: Jumpluff|Sleep Powder|p1a: Mimikyu
|-status|p1a: Mimikyu|slp|[from] move: Sleep Powder
|move|p2a: Charizard|Heat Wave|p1b: Tauros|[spread] p1a
|-activate|p1b: Tauros|move: Protect
|-activate|p1a: Mimikyu|ability: Disguise
|-damage|p1a: Mimikyu|91/100 slp
|detailschange|p1a: Mimikyu|Mimikyu-Busted, L50, M
|-damage|p1a: Mimikyu|79/100 slp|[from] pokemon: Mimikyu-Busted
|cant|p1a: Mimikyu|slp
|
|upkeep
|turn|3
|inactive|Leodess has 30 seconds left.
|
|t:|1757927901
|move|p2b: Jumpluff|Sunny Day|p2b: Jumpluff
|-weather|SunnyDay
|move|p2a: Charizard|Solar Beam||[still]
|-prepare|p2a: Charizard|Solar Beam
|-anim|p2a: Charizard|Solar Beam|p1b: Tauros
|-supereffective|p1b: Tauros
|-damage|p1b: Tauros|0 fnt
|faint|p1b: Tauros
|cant|p1a: Mimikyu|slp
|
|-weather|SunnyDay|[upkeep]
|-damage|p2a: Charizard|88/100|[from] ability: Solar Power|[of] p2a: Charizard
|upkeep
|
|t:|1757927925
|switch|p1b: Garganacl|Garganacl, L50, M|100/100
|turn|4
|
|t:|1757927945
|-terastallize|p1b: Garganacl|Poison
|move|p2b: Jumpluff|Rage Powder|p2b: Jumpluff
|-singleturn|p2b: Jumpluff|move: Rage Powder
|move|p2a: Charizard|Weather Ball|p1a: Mimikyu
|-damage|p1a: Mimikyu|0 fnt
|faint|p1a: Mimikyu
|move|p1b: Garganacl|Salt Cure|p2b: Jumpluff
|-supereffective|p2b: Jumpluff
|-damage|p2b: Jumpluff|18/100
|
|-weather|SunnyDay|[upkeep]
|-damage|p2a: Charizard|76/100|[from] ability: Solar Power|[of] p2a: Charizard
|upkeep
|
|t:|1757927957
|switch|p1a: Gholdengo|Gholdengo, L50|100/100
|turn|5
|
|t:|1757927970
|switch|p2b: Ursaluna|Ursaluna, L50, F|100/100
|move|p2a: Charizard|Weather Ball|p1a: Gholdengo
|-supereffective|p1a: Gholdengo
|-damage|p1a: Gholdengo|0 fnt
|faint|p1a: Gholdengo
|move|p1b: Garganacl|Salt Cure|p2a: Charizard
|-damage|p2a: Charizard|55/100
|-start|p2a: Charizard|Salt Cure
|
|-weather|SunnyDay|[upkeep]
|-damage|p2a: Charizard|43/100|[from] ability: Solar Power|[of] p2a: Charizard
|-damage|p2a: Charizard|31/100|[from] Salt Cure
|-status|p2b: Ursaluna|brn|[from] item: Flame Orb
|upkeep
|turn|6
|
|t:|1757927982
|move|p2a: Charizard|Weather Ball|p1b: Garganacl
|-damage|p1b: Garganacl|0 fnt
|faint|p1b: Garganacl
|
|win|Leodess
||stewiie25 is ready for game 2.
||Leodess is ready for game 2.
|uhtml|next|Next: Game 2 of 3
|l|☆stewiie25
|player|p1|
|l|☆Leodess
|player|p2|
