|j|☆CretaceousDraconid
|j|☆nutbuster151
|html|CretaceousDraconidnutbuster151    
|uhtml|bestof|Game 1 of a best-of-3
|t:|1785678797
|gametype|doubles
|player|p1|CretaceousDraconid|zinnia-masters|1337
|player|p2|nutbuster151|acetrainer|1238
|gen|9
|tier|[Gen 9 Champions] VGC 2026 Reg M-B (Bo3)
|rated|
|rule|Species Clause: Limit one of each Pokémon
|rule|Item Clause: Limit 1 of each item
|clearpoke
|poke|p1|Kingambit, L50, F|
|poke|p1|Garchomp, L50, F|
|poke|p1|Farigiraf, L50, F|
|poke|p1|Charizard, L50, M|
|poke|p1|Sylveon, L50, F|
|poke|p1|Aerodactyl, L50, M|
|poke|p2|Staraptor, L50, M|
|poke|p2|Garchomp, L50, M|
|poke|p2|Whimsicott, L50, M|
|poke|p2|Delphox, L50, M|
|poke|p2|Glimmora, L50, M|
|poke|p2|Kingambit, L50, M|
|teampreview|4
|showteam|p1|Kingambit||BlackGlasses|Defiant|Protect,IronHead,SuckerPunch,KowtowCleave|Brave||F|||50|]Garchomp||LifeOrb|RoughSkin|DragonClaw,Earthquake,RockSlide,Protect|Jolly||F|||50|]Farigiraf||SitrusBerry|ArmorTail|TwinBeam,Thunderbolt,TrickRoom,HelpingHand|Bold||F|||50|]Charizard||CharizarditeY|Blaze|Protect,HeatWave,SolarBeam,WeatherBall|Modest||M|||50|]Sylveon||FairyFeather|Pixilate|Detect,HyperBeam,HyperVoice,QuickAttack|Modest||F|||50|]Aerodactyl||Aerodactylite|Unnerve|WideGuard,RockSlide,DualWingbeat,Tailwind|Jolly||M|||50|
|showteam|p2|Staraptor||Staraptite|Intimidate|Protect,Roost,CloseCombat,BraveBird|Jolly||M|||50|]Garchomp||LifeOrb|RoughSkin|Protect,RockSlide,Earthquake,DragonClaw|Jolly||M|||50|]Whimsicott||OccaBerry|Prankster|Moonblast,Tailwind,Charm,LightScreen|Timid||M|||50|]Delphox||Delphoxite|Magician|Protect,Psychic,HeatWave,Substitute|Timid||M|||50|]Glimmora||FocusSash|ToxicDebris|SpikyShield,SludgeBomb,EarthPower,PowerGem|Timid||M|||50|]Kingambit||ChopleBerry|Defiant|SuckerPunch,LowKick,IronHead,KowtowCleave|Adamant||M|||50|
|
|t:|1785678840
|teamsize|p1|4
|teamsize|p2|4
|start
|switch|p1a: Farigiraf|Farigiraf, L50, F|100/100
|switch|p1b: Sylveon|Sylveon, L50, F|100/100
|switch|p2a: Glimmora|Glimmora, L50, M|100/100
|switch|p2b: Whimsicott|Whimsicott, L50, M|100/100
|turn|1
|
|t:|1785678889
|switch|p1b: Kingambit|Kingambit, L50, F|100/100
|move|p2b: Whimsicott|Light Screen|p2b: Whimsicott
|-sidestart|p2: nutbuster151|move: Light Screen
|move|p2a: Glimmora|Sludge Bomb|p1a: Farigiraf
|-damage|p1a: Farigiraf|56/100
|move|p1a: Farigiraf|Trick Room|p1a: Farigiraf
|-fieldstart|move: Trick Room|[of] p1a: Farigiraf
|
|upkeep
|turn|2
|
|t:|1785678932
|move|p2a: Glimmora|Spiky Shield|p2a: Glimmora
|-singleturn|p2a: Glimmora|move: Protect
|move|p1b: Kingambit|Iron Head|p2b: Whimsicott
|-supereffective|p2b: Whimsicott|1
|-damage|p2b: Whimsicott|0 fnt
|faint|p2b: Whimsicott
|move|p1a: Farigiraf|Twin Beam|p2a: Glimmora
|-activate|p2a: Glimmora|move: Protect
|
|upkeep
|
|t:|1785678944
|switch|p2b: Garchomp|Garchomp, L50, M|100/100
|turn|3
|
|t:|1785678957
|switch|p2a: Delphox|Delphox, L50, M|100/100
|move|p1b: Kingambit|Protect|p1b: Kingambit
|-singleturn|p1b: Kingambit|Protect
|move|p1a: Farigiraf|Twin Beam|p2b: Garchomp
|-damage|p2b: Garchomp|89/100
|-crit|p2b: Garchomp
|-damage|p2b: Garchomp|65/100
|-hitcount|p2b: Garchomp|2
|move|p2b: Garchomp|Dragon Claw|p1a: Farigiraf
|-damage|p1a: Farigiraf|11/100
|-enditem|p1a: Farigiraf|Sitrus Berry|[eat]
|-heal|p1a: Farigiraf|35/100|[from] item: Sitrus Berry
|-damage|p2b: Garchomp|55/100|[from] item: Life Orb
|
|upkeep
|turn|4
|
|t:|1785678980
|detailschange|p2a: Delphox|Delphox-Mega, L50, M
|-mega|p2a: Delphox|Delphox|Delphoxite
|move|p1b: Kingambit|Kowtow Cleave|p2b: Garchomp
|-damage|p2b: Garchomp|0 fnt
|-damage|p1b: Kingambit|87/100|[from] ability: Rough Skin|[of] p2b: Garchomp
|faint|p2b: Garchomp
|move|p1a: Farigiraf|Twin Beam|p2a: Delphox
|-resisted|p2a: Delphox|1
|-damage|p2a: Delphox|95/100
|-resisted|p2a: Delphox|1
|-damage|p2a: Delphox|90/100
|-hitcount|p2a: Delphox|2
|move|p2a: Delphox|Substitute|p2a: Delphox
|-start|p2a: Delphox|Substitute
|-damage|p2a: Delphox|65/100
|
|upkeep
|
|t:|1785678996
|switch|p2b: Glimmora|Glimmora, L50, M|100/100
|turn|5
|
|t:|1785679010
|move|p2b: Glimmora|Spiky Shield|p2b: Glimmora
|-singleturn|p2b: Glimmora|move: Protect
|move|p2a: Delphox|Protect|p2a: Delphox
|-singleturn|p2a: Delphox|Protect
|move|p1b: Kingambit|Kowtow Cleave|p2a: Delphox
|-activate|p2a: Delphox|move: Protect
|move|p1a: Farigiraf|Twin Beam|p2b: Glimmora
|-activate|p2b: Glimmora|move: Protect
|
|-sideend|p2: nutbuster151|move: Light Screen
|-fieldend|move: Trick Room
|upkeep
|turn|6
|
|t:|1785679034
|move|p1b: Kingambit|Sucker Punch|p2a: Delphox
|-supereffective|p2a: Delphox|1
|-end|p2a: Delphox|Substitute
|move|p2a: Delphox|Heat Wave|p1a: Farigiraf|[spread] p1b
|-miss|p2a: Delphox|p1a: Farigiraf
|-supereffective|p1b: Kingambit|1
|-damage|p1b: Kingambit|17/100
|move|p2b: Glimmora|Sludge Bomb|p1a: Farigiraf
|-damage|p1a: Farigiraf|0 fnt
|faint|p1a: Farigiraf
|
|upkeep
|
|t:|1785679047
|switch|p1a: Sylveon|Sylveon, L50, F|100/100
|turn|7
|
|t:|1785679084
|move|p2a: Delphox|Protect|p2a: Delphox
|-singleturn|p2a: Delphox|Protect
|move|p1b: Kingambit|Protect|p1b: Kingambit
|-singleturn|p1b: Kingambit|Protect
|move|p2b: Glimmora|Power Gem|p1b: Kingambit
|-activate|p1b: Kingambit|move: Protect
|move|p1a: Sylveon|Hyper Voice|p2b: Glimmora|[spread] p2b
|-activate|p2a: Delphox|move: Protect
|-resisted|p2b: Glimmora|1
|-damage|p2b: Glimmora|69/100
|
|upkeep
|turn|8
|
|t:|1785679123
|move|p1b: Kingambit|Sucker Punch|p2b: Glimmora
|-damage|p2b: Glimmora|11/100
|-activate|p2b: Glimmora|ability: Toxic Debris
|-sidestart|p1: CretaceousDraconid|move: Toxic Spikes
|move|p2a: Delphox|Heat Wave|p1b: Kingambit|[spread] p1a,p1b
|-supereffective|p1b: Kingambit|1
|-damage|p1a: Sylveon|68/100
|-damage|p1b: Kingambit|0 fnt
|faint|p1b: Kingambit
|move|p2b: Glimmora|Sludge Bomb|p1a: Sylveon
|-supereffective|p1a: Sylveon|1
|-damage|p1a: Sylveon|0 fnt
|faint|p1a: Sylveon
|
|upkeep
|
|t:|1785679135
|switch|p1b: Charizard|Charizard, L50, M|100/100
|turn|9
|
|t:|1785679153
|detailschange|p1b: Charizard|Charizard-Mega-Y, L50, M
|-mega|p1b: Charizard|Charizard|Charizardite Y
|-weather|SunnyDay|[from] ability: Drought|[of] p1b: Charizard
|move|p2b: Glimmora|Spiky Shield|p2b: Glimmora
|-singleturn|p2b: Glimmora|move: Protect
|move|p2a: Delphox|Substitute|p2a: Delphox
|-start|p2a: Delphox|Substitute
|-damage|p2a: Delphox|41/100
|move|p1b: Charizard|Heat Wave|p2a: Delphox|[spread] p2a
|-activate|p2b: Glimmora|move: Protect
|-resisted|p2a: Delphox|1
|-end|p2a: Delphox|Substitute
|
|-weather|SunnyDay|[upkeep]
|upkeep
|turn|10
|
|t:|1785679173
|move|p2a: Delphox|Psychic|p1b: Charizard
|-damage|p1b: Charizard|55/100
|move|p2b: Glimmora|Power Gem|p1b: Charizard
|-supereffective|p1b: Charizard|2
|-damage|p1b: Charizard|0 fnt
|faint|p1b: Charizard
|
|win|nutbuster151
||CretaceousDraconid is ready for game 2.
