|j|☆itsmako psoe
|j|☆natsukivgc
|html|itsmako psoenatsukivgc    
|uhtml|bestof|Game 1 of a best-of-3
|t:|1785945302
|gametype|doubles
|player|p1|itsmako psoe|benga|1169
|player|p2|natsukivgc|265|1166
|gen|9
|tier|[Gen 9 Champions] VGC 2026 Reg M-B (Bo3)
|rated|
|rule|Species Clause: Limit one of each Pokémon
|rule|Item Clause: Limit 1 of each item
|clearpoke
|poke|p1|Basculegion, L50, M|
|poke|p1|Whimsicott, L50, M|
|poke|p1|Charizard, L50, F|
|poke|p1|Sylveon, L50, F|
|poke|p1|Kingambit, L50, F|
|poke|p1|Garchomp, L50, M|
|poke|p2|Hydreigon, L50, F|
|poke|p2|Garchomp, L50, F|
|poke|p2|Metagross, L50|
|poke|p2|Charizard, L50, F|
|poke|p2|Grimmsnarl, L50, M|
|poke|p2|Toxapex, L50, F|
|teampreview|4
|showteam|p1|Basculegion||ChoiceScarf|Adaptability|LastRespects,PsychicFangs,WaveCrash,AquaJet|Jolly||M|||50|]Whimsicott||FocusSash|Prankster|Tailwind,Moonblast,Encore,Protect|Timid||M|||50|]Charizard||CharizarditeY|Blaze|HeatWave,SolarBeam,AirSlash,Protect|Modest||F|||50|]Sylveon||FairyFeather|Pixilate|HyperBeam,HyperVoice,QuickAttack,Detect|Rash||F|||50|]Kingambit||ChopleBerry|Defiant|SuckerPunch,KowtowCleave,Protect,LowKick|Adamant||F|||50|]Garchomp||LifeOrb|RoughSkin|Earthquake,RockSlide,Protect,DragonClaw|Jolly||M|||50|
|showteam|p2|Hydreigon||ChoiceScarf|Levitate|HeatWave,DarkPulse,DracoMeteor,Snarl|Modest||F|||50|]Garchomp||SitrusBerry|RoughSkin|Earthquake,RockSlide,DragonClaw,Protect|Adamant||F|||50|]Metagross||Metagrossite|ClearBody|IronHead,HammerArm,BulletPunch,Protect|Adamant|||||50|]Charizard||CharizarditeY|Blaze|Protect,HeatWave,SolarBeam,WeatherBall|Timid||F|||50|]Grimmsnarl||RoseliBerry|Prankster|FakeOut,FoulPlay,Reflect,PartingShot|Sassy||M|||50|]Toxapex||Leftovers|Regenerator|Infestation,Toxic,BanefulBunker,WideGuard|Bold||F|||50|
|inactive|Battle timer is ON: inactive players will automatically lose when time's up. (requested by itsmako psoe)
|inactive|natsukivgc has 60 seconds left.
|inactive|natsukivgc has 30 seconds left.
|inactive|natsukivgc has 20 seconds left.
|inactive|natsukivgc has 15 seconds left.
|inactive|natsukivgc has 10 seconds left.
|
|t:|1785945383
|teamsize|p1|4
|teamsize|p2|4
|start
|switch|p1a: Whimsicott|Whimsicott, L50, M|100/100
|switch|p1b: Charizard|Charizard, L50, F|100/100
|switch|p2a: Grimmsnarl|Grimmsnarl, L50, M|100/100
|switch|p2b: Charizard|Charizard, L50, F|100/100
|turn|1
|
|t:|1785945398
|detailschange|p2b: Charizard|Charizard-Mega-Y, L50, F
|-mega|p2b: Charizard|Charizard|Charizardite Y
|-weather|SunnyDay|[from] ability: Drought|[of] p2b: Charizard
|move|p1a: Whimsicott|Protect|p1a: Whimsicott
|-singleturn|p1a: Whimsicott|Protect
|move|p1b: Charizard|Protect|p1b: Charizard
|-singleturn|p1b: Charizard|Protect
|move|p2a: Grimmsnarl|Fake Out|p1a: Whimsicott
|-activate|p1a: Whimsicott|move: Protect
|move|p2b: Charizard|Heat Wave|p1b: Charizard|[spread] 
|-activate|p1a: Whimsicott|move: Protect
|-activate|p1b: Charizard|move: Protect
|
|-weather|SunnyDay|[upkeep]
|upkeep
|turn|2
|
|t:|1785945420
|detailschange|p1b: Charizard|Charizard-Mega-Y, L50, F
|-mega|p1b: Charizard|Charizard|Charizardite Y
|move|p1a: Whimsicott|Tailwind|p1a: Whimsicott
|-sidestart|p1: itsmako psoe|move: Tailwind
|move|p2a: Grimmsnarl|Parting Shot|p1b: Charizard
|-unboost|p1b: Charizard|atk|1
|-unboost|p1b: Charizard|spa|1
|
|t:|1785945427
|switch|p2a: Toxapex|Toxapex, L50, F|100/100|[from] Parting Shot
|move|p1b: Charizard|Heat Wave|p2a: Toxapex|[spread] p2a,p2b
|-resisted|p2a: Toxapex|1
|-resisted|p2b: Charizard|1
|-damage|p2a: Toxapex|84/100
|-damage|p2b: Charizard|80/100
|move|p2b: Charizard|Heat Wave|p1a: Whimsicott|[spread] p1a,p1b
|-supereffective|p1a: Whimsicott|1
|-resisted|p1b: Charizard|1
|-enditem|p1a: Whimsicott|Focus Sash
|-damage|p1a: Whimsicott|1/100
|-damage|p1b: Charizard|73/100
|
|-weather|SunnyDay|[upkeep]
|-heal|p2a: Toxapex|89/100|[from] item: Leftovers
|upkeep
|turn|3
|
|t:|1785945446
|switch|p1b: Garchomp|Garchomp, L50, M|100/100
|move|p1a: Whimsicott|Protect|p1a: Whimsicott
|-singleturn|p1a: Whimsicott|Protect
|move|p2b: Charizard|Heat Wave|p1b: Garchomp|[spread] p1b
|-activate|p1a: Whimsicott|move: Protect
|-resisted|p1b: Garchomp|1
|-crit|p1b: Garchomp
|-damage|p1b: Garchomp|50/100g
|move|p2a: Toxapex|Infestation|p1b: Garchomp
|-damage|p1b: Garchomp|46/100
|-activate|p1b: Garchomp|move: Infestation|[of] p2a: Toxapex
|-damage|p2a: Toxapex|77/100|[from] ability: Rough Skin|[of] p1b: Garchomp
|
|-weather|SunnyDay|[upkeep]
|-heal|p2a: Toxapex|83/100|[from] item: Leftovers
|-damage|p1b: Garchomp|34/100|[from] move: Infestation|[partiallytrapped]
|upkeep
|turn|4
|inactive|natsukivgc has 30 seconds left.
|
|t:|1785945473
|move|p2b: Charizard|Protect|p2b: Charizard
|-singleturn|p2b: Charizard|Protect
|move|p2a: Toxapex|Baneful Bunker|p2a: Toxapex
|-singleturn|p2a: Toxapex|move: Protect
|move|p1a: Whimsicott|Moonblast|p2a: Toxapex
|-activate|p2a: Toxapex|move: Protect
|move|p1b: Garchomp|Rock Slide|p2b: Charizard|[spread] 
|-activate|p2a: Toxapex|move: Protect
|-activate|p2b: Charizard|move: Protect
|
|-weather|SunnyDay|[upkeep]
|-heal|p2a: Toxapex|89/100|[from] item: Leftovers
|-damage|p1b: Garchomp|21/100|[from] move: Infestation|[partiallytrapped]
|upkeep
|turn|5
|
|t:|1785945496
|switch|p2b: Grimmsnarl|Grimmsnarl, L50, M|100/100
|move|p1a: Whimsicott|Protect|p1a: Whimsicott
|-singleturn|p1a: Whimsicott|Protect
|move|p2a: Toxapex|Wide Guard|p2a: Toxapex
|-singleturn|p2a: Toxapex|Wide Guard
|move|p1b: Garchomp|Earthquake|p2b: Grimmsnarl|[spread] 
|-activate|p2a: Toxapex|move: Wide Guard
|-activate|p2b: Grimmsnarl|move: Wide Guard
|-activate|p1a: Whimsicott|move: Protect
|
|-weather|none
|-heal|p2a: Toxapex|94/100|[from] item: Leftovers
|-damage|p1b: Garchomp|9/100|[from] move: Infestation|[partiallytrapped]
|-sideend|p1: itsmako psoe|move: Tailwind
|upkeep
|turn|6
|inactive|itsmako psoe has 30 seconds left.
|inactive|natsukivgc has 30 seconds left.
|
|t:|1785945530
|move|p2b: Grimmsnarl|Fake Out|p1b: Garchomp
|-damage|p1b: Garchomp|0 fnt
|-damage|p2b: Grimmsnarl|87/100|[from] ability: Rough Skin|[of] p1b: Garchomp
|faint|p1b: Garchomp
|move|p1a: Whimsicott|Tailwind|p1a: Whimsicott
|-sidestart|p1: itsmako psoe|move: Tailwind
|move|p2a: Toxapex|Infestation|p1a: Whimsicott
|-damage|p1a: Whimsicott|0 fnt
|faint|p1a: Whimsicott
|
|-heal|p2a: Toxapex|100/100|[from] item: Leftovers
|upkeep
|
|t:|1785945539
|switch|p1a: Charizard|Charizard-Mega-Y, L50, F|73/100
|switch|p1b: Sylveon|Sylveon, L50, F|100/100
|-weather|SunnyDay|[from] ability: Drought|[of] p1a: Charizard
|turn|7
|inactive|natsukivgc has 30 seconds left.
|
|t:|1785945564
|move|p2b: Grimmsnarl|Parting Shot|p1a: Charizard
|-unboost|p1a: Charizard|atk|1
|-unboost|p1a: Charizard|spa|1
|
|t:|1785945569
|switch|p2b: Charizard|Charizard-Mega-Y, L50, F|80/100|[from] Parting Shot
|move|p1a: Charizard|Solar Beam||[still]
|-prepare|p1a: Charizard|Solar Beam
|-anim|p1a: Charizard|Solar Beam|p2a: Toxapex
|-damage|p2a: Toxapex|77/100
|move|p1b: Sylveon|Hyper Voice|p2b: Charizard|[spread] p2a,p2b
|-resisted|p2a: Toxapex|1
|-resisted|p2b: Charizard|1
|-damage|p2a: Toxapex|58/100
|-damage|p2b: Charizard|58/100
|move|p2a: Toxapex|Toxic|p1b: Sylveon
|-status|p1b: Sylveon|tox
|
|-weather|SunnyDay|[upkeep]
|-heal|p2a: Toxapex|64/100|[from] item: Leftovers
|-damage|p1b: Sylveon|94/100 tox|[from] psn
|upkeep
|turn|8
|inactive|natsukivgc has 30 seconds left.
|inactive|natsukivgc has 20 seconds left.
|
|t:|1785945606
|move|p2b: Charizard|Protect|p2b: Charizard
|-singleturn|p2b: Charizard|Protect
|move|p1a: Charizard|Heat Wave|p2b: Charizard|[spread] p2a
|-activate|p2b: Charizard|move: Protect
|-resisted|p2a: Toxapex|1
|-damage|p2a: Toxapex|49/100
|move|p1b: Sylveon|Hyper Voice|p2a: Toxapex|[spread] p2a
|-activate|p2b: Charizard|move: Protect
|-resisted|p2a: Toxapex|1
|-damage|p2a: Toxapex|28/100
|move|p2a: Toxapex|Toxic|p1a: Charizard
|-status|p1a: Charizard|tox
|
|-weather|SunnyDay|[upkeep]
|-heal|p2a: Toxapex|34/100|[from] item: Leftovers
|-damage|p1a: Charizard|68/100 tox|[from] psn
|-damage|p1b: Sylveon|82/100 tox|[from] psn
|upkeep
|turn|9
|
|t:|1785945628
|-heal|p2a: Toxapex|67/100|[from] ability: Regenerator|[silent]
|switch|p2a: Grimmsnarl|Grimmsnarl, L50, M|87/100
|move|p1a: Charizard|Heat Wave|p2b: Charizard|[spread] p2a,p2b
|-resisted|p2b: Charizard|1
|-damage|p2a: Grimmsnarl|45/100
|-damage|p2b: Charizard|36/100
|move|p1b: Sylveon|Hyper Voice|p2a: Grimmsnarl|[spread] p2a,p2b
|-supereffective|p2a: Grimmsnarl|1
|-enditem|p2a: Grimmsnarl|Roseli Berry|[eat]
|-enditem|p2a: Grimmsnarl|Roseli Berry|[weaken]
|-resisted|p2b: Charizard|1
|-damage|p2a: Grimmsnarl|2/100
|-damage|p2b: Charizard|15/100
|move|p2b: Charizard|Solar Beam||[still]
|-prepare|p2b: Charizard|Solar Beam
|-anim|p2b: Charizard|Solar Beam|p1b: Sylveon
|-damage|p1b: Sylveon|51/100 tox
|
|-weather|SunnyDay|[upkeep]
|-damage|p1a: Charizard|56/100 tox|[from] psn
|-damage|p1b: Sylveon|33/100 tox|[from] psn
|-sideend|p1: itsmako psoe|move: Tailwind
|upkeep
|turn|10
|inactive|natsukivgc has 30 seconds left.
|
|t:|1785945659
|move|p2b: Charizard|Protect|p2b: Charizard
|-singleturn|p2b: Charizard|Protect
|move|p1a: Charizard|Protect|p1a: Charizard
|-singleturn|p1a: Charizard|Protect
|move|p1b: Sylveon|Detect|p1b: Sylveon
|-singleturn|p1b: Sylveon|Protect
|move|p2a: Grimmsnarl|Fake Out|p1b: Sylveon
|-activate|p1b: Sylveon|move: Protect
|
|-weather|SunnyDay|[upkeep]
|-damage|p1a: Charizard|39/100 tox|[from] psn
|-damage|p1b: Sylveon|9/100 tox|[from] psn
|upkeep
|turn|11
|
|t:|1785945680
|move|p2a: Grimmsnarl|Parting Shot|p1a: Charizard
|-unboost|p1a: Charizard|atk|1
|-unboost|p1a: Charizard|spa|1
|
|t:|1785945685
|switch|p2a: Toxapex|Toxapex, L50, F|67/100|[from] Parting Shot
|move|p2b: Charizard|Weather Ball|p1a: Charizard
|-resisted|p1a: Charizard|1
|-damage|p1a: Charizard|4/100 tox
|move|p1a: Charizard|Heat Wave|p2a: Toxapex|[spread] p2a,p2b
|-resisted|p2a: Toxapex|1
|-crit|p2a: Toxapex
|-resisted|p2b: Charizard|1
|-damage|p2a: Toxapex|27/100
|-damage|p2b: Charizard|1/100
|move|p1b: Sylveon|Hyper Beam|p2a: Toxapex
|-resisted|p2a: Toxapex|1
|-crit|p2a: Toxapex
|-damage|p2a: Toxapex|0 fnt
|-mustrecharge|p1b: Sylveon
|faint|p2a: Toxapex
|
|-weather|none
|-damage|p1a: Charizard|0 fnt|[from] psn
|faint|p1a: Charizard
|-damage|p1b: Sylveon|0 fnt|[from] psn
|faint|p1b: Sylveon
|
|win|natsukivgc
