|j|☆chaoticfarmer
|j|☆Billlmads24
|html|chaoticfarmerBilllmads24    
|uhtml|bestof|Game 1 of a best-of-3
|t:|1757654911
|gametype|doubles
|player|p1|chaoticfarmer|norman|1230
|player|p2|Billlmads24|caitlin|1269
|gen|9
|tier|[Gen 9] VGC 2025 Reg H (Bo3)
|rated|
|rule|Species Clause: Limit one of each Pokémon
|rule|Item Clause: Limit 1 of each item
|clearpoke
|poke|p1|Rillaboom, L50, F|
|poke|p1|Pelipper, L50, F|
|poke|p1|Sneasler, L50, F|
|poke|p1|Cetitan, L50, F|
|poke|p1|Malamar, L50, F|
|poke|p1|Ursaluna-Bloodmoon, L50, M|
|poke|p2|Ursaluna-Bloodmoon, L50, M|
|poke|p2|Farigiraf, L50, F|
|poke|p2|Whimsicott, L50, F|
|poke|p2|Dragonite, L50, F|
|poke|p2|Typhlosion-Hisui, L50, M|
|poke|p2|Clefable, L50, M|
|teampreview|4
|showteam|p1|Rillaboom||AssaultVest|GrassySurge|FakeOut,GrassyGlide,WoodHammer,Uturn|||F|||50|,,,,,Fire]Pelipper||FocusSash|Drizzle|Tailwind,Hurricane,WideGuard,WeatherBall|||F|||50|,,,,,Ghost]Sneasler||GrassySeed|Unburden|CloseCombat,DireClaw,ThroatChop,Protect|||F|||50|,,,,,Dark]Cetitan||LifeOrb|SheerForce|IcicleCrash,Liquidation,IceShard,Protect|||F|||50|,,,,,Water]Malamar||CovertCloak|Contrary|TopsyTurvy,KnockOff,Superpower,TrickRoom|||F|||50|,,,,,Steel]Ursaluna-Bloodmoon||SafetyGoggles|MindsEye|BloodMoon,HyperVoice,EarthPower,Protect|||M|||50|,,,,,Ghost
|showteam|p2|Ursaluna-Bloodmoon||LifeOrb|MindsEye|HyperVoice,EarthPower,BloodMoon,Protect|||M|||50|,,,,,Normal]Farigiraf||ThroatSpray|ArmorTail|HyperVoice,Psychic,TrickRoom,Protect|||F|||50|,,,,,Dragon]Whimsicott||FocusSash|Prankster|Tailwind,SunnyDay,Moonblast,Encore|||F|||50|,,,,,Ghost]Dragonite||ChoiceBand|InnerFocus|ExtremeSpeed,Outrage,StompingTantrum,AerialAce|||F|||50|,,,,,Normal]Typhlosion-Hisui||ChoiceSpecs|Blaze|Eruption,HeatWave,ShadowBall,Overheat|||M|||50|,,,,,Fire]Clefable||SitrusBerry|Unaware|FollowMe,HelpingHand,Moonblast,Protect|||M|||50|,,,,,Water
|inactive|Battle timer is ON: inactive players will automatically lose when time's up. (requested by chaoticfarmer)
|inactive|chaoticfarmer has 60 seconds left.
|inactive|Billlmads24 has 60 seconds left.
|
|t:|1757654965
|teamsize|p1|4
|teamsize|p2|4
|start
|switch|p1a: Rillaboom|Rillaboom, L50, F|100/100
|switch|p1b: Sneasler|Sneasler, L50, F|100/100
|switch|p2a: Dragonite|Dragonite, L50, F|100/100
|switch|p2b: Whimsicott|Whimsicott, L50, F, shiny|100/100
|-fieldstart|move: Grassy Terrain|[from] ability: Grassy Surge|[of] p1a: Rillaboom
|-enditem|p1b: Sneasler|Grassy Seed
|-boost|p1b: Sneasler|def|1|[from] item: Grassy Seed
|turn|1
|inactive|Billlmads24 has 30 seconds left.
|
|t:|1757654992
|-terastallize|p2b: Whimsicott|Ghost
|move|p2b: Whimsicott|Tailwind|p2b: Whimsicott
|-sidestart|p2: Billlmads24|move: Tailwind
|move|p1b: Sneasler|Dire Claw|p2a: Dragonite
|-damage|p2a: Dragonite|60/100
|-status|p2a: Dragonite|slp
|cant|p2a: Dragonite|slp
|move|p1a: Rillaboom|U-turn|p2b: Whimsicott
|-resisted|p2b: Whimsicott
|-damage|p2b: Whimsicott|81/100
|
|t:|1757655002
|switch|p1a: Cetitan|Cetitan, L50, F|100/100|[from] U-turn
|
|-heal|p2b: Whimsicott|87/100|[from] Grassy Terrain
|upkeep
|turn|2
|
|t:|1757655019
|move|p2b: Whimsicott|Moonblast|p1b: Sneasler
|-damage|p1b: Sneasler|52/100
|move|p1b: Sneasler|Throat Chop|p2b: Whimsicott
|-supereffective|p2b: Whimsicott
|-damage|p2b: Whimsicott|0 fnt
|faint|p2b: Whimsicott
|-curestatus|p2a: Dragonite|slp|[msg]
|move|p2a: Dragonite|Aerial Ace|p1b: Sneasler
|-supereffective|p1b: Sneasler
|-damage|p1b: Sneasler|0 fnt
|faint|p1b: Sneasler
|move|p1a: Cetitan|Icicle Crash|p2a: Dragonite
|-supereffective|p2a: Dragonite
|-damage|p2a: Dragonite|0 fnt
|faint|p2a: Dragonite
|
|upkeep
|
|t:|1757655033
|switch|p2b: Typhlosion|Typhlosion-Hisui, L50, M|100/100
|switch|p1b: Rillaboom|Rillaboom, L50, F|100/100
|switch|p2a: Ursaluna|Ursaluna-Bloodmoon, L50, M|100/100
|turn|3
|
|t:|1757655051
|-terastallize|p1a: Cetitan|Water
|move|p1b: Rillaboom|Fake Out|p2a: Ursaluna
|-damage|p2a: Ursaluna|90/100
|move|p2b: Typhlosion|Heat Wave|p1b: Rillaboom|[spread] p1a,p1b
|-resisted|p1a: Cetitan
|-supereffective|p1b: Rillaboom
|-damage|p1a: Cetitan|76/100
|-damage|p1b: Rillaboom|20/100
|cant|p2a: Ursaluna|flinch
|move|p1a: Cetitan|Liquidation|p2b: Typhlosion
|-supereffective|p2b: Typhlosion
|-damage|p2b: Typhlosion|0 fnt
|faint|p2b: Typhlosion
|
|-heal|p2a: Ursaluna|96/100|[from] Grassy Terrain
|-heal|p1b: Rillaboom|26/100|[from] Grassy Terrain
|-heal|p1a: Cetitan|82/100|[from] Grassy Terrain
|upkeep
|turn|4
|
|t:|1757655066
|move|p1a: Cetitan|Protect|p1a: Cetitan
|-singleturn|p1a: Cetitan|Protect
|move|p1b: Rillaboom|Grassy Glide|p2a: Ursaluna
|-supereffective|p2a: Ursaluna
|-damage|p2a: Ursaluna|43/100
|move|p2a: Ursaluna|Hyper Voice|p1a: Cetitan|[spread] p1b
|-activate|p1a: Cetitan|move: Protect
|-damage|p1b: Rillaboom|0 fnt
|faint|p1b: Rillaboom
|-damage|p2a: Ursaluna|33/100|[from] item: Life Orb
|
|-heal|p2a: Ursaluna|40/100|[from] Grassy Terrain
|-heal|p1a: Cetitan|88/100|[from] Grassy Terrain
|-sideend|p2: Billlmads24|move: Tailwind
|upkeep
|
|t:|1757655069
|switch|p1b: Pelipper|Pelipper, L50, F|100/100
|-weather|RainDance|[from] ability: Drizzle|[of] p1b: Pelipper
|turn|5
|
|t:|1757655073
|move|p1b: Pelipper|Weather Ball|p2a: Ursaluna
|-supereffective|p2a: Ursaluna
|-damage|p2a: Ursaluna|0 fnt
|faint|p2a: Ursaluna
|
|win|chaoticfarmer
||Billlmads24 is ready for game 2.
||chaoticfarmer is ready for game 2.
|uhtml|next|Next: Game 2 of 3
|l|☆chaoticfarmer
|player|p1|
