|j|☆ggb0065
|j|☆thefozguy
|html|ggb0065thefozguy    
|uhtml|bestof|Game 1 of a best-of-3
|t:|1783465407
|gametype|doubles
|player|p1|ggb0065|265|
|player|p2|thefozguy|steven|
|gen|9
|tier|[Gen 9 Champions] VGC 2026 Reg M-B (Bo3)
|rule|Species Clause: Limit one of each Pokémon
|rule|Item Clause: Limit 1 of each item
|clearpoke
|poke|p1|Tyranitar, L50, F|
|poke|p1|Talonflame, L50, M|
|poke|p1|Excadrill, L50, F|
|poke|p1|Orthworm, L50, F, shiny|
|poke|p1|Mawile, L50, F|
|poke|p1|Musharna, L50, F, shiny|
|poke|p2|Raichu, L50, M|
|poke|p2|Primarina, L50, M|
|poke|p2|Gholdengo, L50|
|poke|p2|Gallade, L50, M|
|poke|p2|Trevenant, L50, M|
|poke|p2|Meowscarada, L50, F|
|teampreview|4
|showteam|p1|Tyranitar||Tyranitarite|SandStream|RockSlide,KnockOff,Earthquake,DragonDance|Jolly||F|||50|]Talonflame||LifeOrb|GaleWings|Tailwind,BraveBird,FireBlast,Protect|Adamant||M|||50|]Excadrill||FocusSash|SandRush|DrillRun,IronHead,RockSlide,Protect|Adamant||F|||50|]Orthworm||SitrusBerry|EarthEater|BodyPress,HeavySlam,ShedTail,Protect|Careful||F|||50|]Mawile||Mawilite|Intimidate|PlayRough,IronHead,SuckerPunch,Protect|Brave||F|||50|]Musharna||MentalHerb|Telepathy|TrickRoom,HelpingHand,LightScreen,Psychic|Sassy||F|||50|
|showteam|p2|Raichu||RaichuniteY|Static|ZapCannon,FocusBlast,Protect,FakeOut|Timid||M|||50|]Primarina||LifeOrb|LiquidVoice|HyperVoice,Moonblast,Protect,CalmMind|Modest||M|||50|]Gholdengo||MetalCoat|GoodasGold|NastyPlot,MakeItRain,ShadowBall,Protect|Modest|||||50|]Gallade||MentalHerb|Sharpness|WideGuard,WillOWisp,SacredSword,Protect|Impish||M|||50|]Trevenant||SitrusBerry|Frisk|TrickRoom,WoodHammer,Protect,Imprison|Relaxed||M|||50|]Meowscarada||FocusSash|Protean|FlowerTrick,PlayRough,TripleAxel,Protect|Jolly||F|||50|
|inactive|Battle timer is ON: inactive players will automatically lose when time's up. (requested by thefozguy)
|inactive|thefozguy has 60 seconds left.
|inactive|thefozguy has 30 seconds left.
|c|☆thefozguy|are you guys watching?
|inactive|thefozguy has 20 seconds left.
|j| sinduhquil
|inactive|thefozguy has 15 seconds left.
|j| greatox17!
|inactive|thefozguy has 10 seconds left.
|
|t:|1783465489
|teamsize|p1|4
|teamsize|p2|4
|start
|switch|p1a: Tyranitar|Tyranitar, L50, F|100/100
|switch|p1b: Excadrill|Excadrill, L50, F|100/100
|switch|p2a: Raichu|Raichu, L50, M|100/100
|switch|p2b: Primarina|Primarina, L50, M|100/100
|-weather|Sandstorm|[from] ability: Sand Stream|[of] p1a: Tyranitar
|turn|1
|j| trypy
|inactive|thefozguy has 30 seconds left.
|
|t:|1783465516
|detailschange|p1a: Tyranitar|Tyranitar-Mega, L50, F
|-mega|p1a: Tyranitar|Tyranitar|Tyranitarite
|move|p2a: Raichu|Protect|p2a: Raichu
|-singleturn|p2a: Raichu|Protect
|move|p1b: Excadrill|Drill Run|p2a: Raichu
|-activate|p2a: Raichu|move: Protect
|move|p1a: Tyranitar|Rock Slide|p2b: Primarina|[spread] p2b
|-activate|p2a: Raichu|move: Protect
|-damage|p2b: Primarina|63/100
|move|p2b: Primarina|Hyper Voice|p1b: Excadrill|[spread] p1a,p1b
|-supereffective|p1a: Tyranitar|1
|-supereffective|p1b: Excadrill|1
|-damage|p1a: Tyranitar|51/100
|-enditem|p1b: Excadrill|Focus Sash
|-damage|p1b: Excadrill|1/100
|-damage|p2b: Primarina|53/100|[from] item: Life Orb
|
|-weather|Sandstorm|[upkeep]
|-damage|p2a: Raichu|94/100|[from] Sandstorm
|-damage|p2b: Primarina|47/100|[from] Sandstorm
|upkeep
|turn|2
|inactive|ggb0065 has 30 seconds left.
|inactive|thefozguy has 30 seconds left.
|inactive|thefozguy has 20 seconds left.
|
|t:|1783465554
|switch|p2a: Trevenant|Trevenant, L50, M|100/100
|-item|p1a: Tyranitar|Tyranitarite|[from] ability: Frisk|[of] p2a: Trevenant
|move|p1b: Excadrill|Drill Run|p2a: Trevenant
|-resisted|p2a: Trevenant|1
|-damage|p2a: Trevenant|79/100
|move|p1a: Tyranitar|Dragon Dance|p1a: Tyranitar
|-boost|p1a: Tyranitar|atk|1
|-boost|p1a: Tyranitar|spe|1
|move|p2b: Primarina|Hyper Voice|p1b: Excadrill|[spread] p1a,p1b
|-supereffective|p1a: Tyranitar|1
|-supereffective|p1b: Excadrill|1
|-damage|p1a: Tyranitar|1/100
|-damage|p1b: Excadrill|0 fnt
|faint|p1b: Excadrill
|-damage|p2b: Primarina|37/100|[from] item: Life Orb
|
|-weather|Sandstorm|[upkeep]
|-damage|p2b: Primarina|32/100|[from] Sandstorm
|-damage|p2a: Trevenant|73/100|[from] Sandstorm
|upkeep
|
|t:|1783465575
|switch|p1b: Musharna|Musharna, L50, F, shiny|100/100
|turn|3
|
|t:|1783465590
|move|p2b: Primarina|Protect|p2b: Primarina
|-singleturn|p2b: Primarina|Protect
|move|p1a: Tyranitar|Rock Slide|p2b: Primarina|[spread] p2a
|-activate|p2b: Primarina|move: Protect
|-damage|p2a: Trevenant|27/100
|-enditem|p2a: Trevenant|Sitrus Berry|[eat]
|-heal|p2a: Trevenant|52/100|[from] item: Sitrus Berry
|move|p2a: Trevenant|Wood Hammer|p1a: Tyranitar
|-supereffective|p1a: Tyranitar|1
|-damage|p1a: Tyranitar|0 fnt
|faint|p1a: Tyranitar
|-damage|p2a: Trevenant|52/100|[from] Recoil
|move|p1b: Musharna|Light Screen|p1b: Musharna
|-sidestart|p1: ggb0065|move: Light Screen
|
|-weather|Sandstorm|[upkeep]
|-damage|p2b: Primarina|26/100|[from] Sandstorm
|-damage|p2a: Trevenant|45/100|[from] Sandstorm
|-damage|p1b: Musharna|94/100|[from] Sandstorm
|upkeep
|
|t:|1783465608
|switch|p1a: Mawile|Mawile, L50, F|100/100
|-ability|p1a: Mawile|Intimidate|boost
|-unboost|p2a: Trevenant|atk|1
|-unboost|p2b: Primarina|atk|1
|turn|4
|inactive|thefozguy has 30 seconds left.
|inactive|thefozguy has 20 seconds left.
|
|t:|1783465646
|move|p2b: Primarina|Hyper Voice|p1b: Musharna|[spread] p1a,p1b
|-damage|p1a: Mawile|48/100
|-damage|p1b: Musharna|73/100
|-damage|p2b: Primarina|16/100|[from] item: Life Orb
|move|p2a: Trevenant|Wood Hammer|p1b: Musharna
|-damage|p1b: Musharna|50/100g
|-damage|p2a: Trevenant|36/100|[from] Recoil
|move|p1a: Mawile|Iron Head|p2b: Primarina
|-damage|p2b: Primarina|0 fnt
|faint|p2b: Primarina
|move|p1b: Musharna|Psychic|p2a: Trevenant
|-damage|p2a: Trevenant|3/100
|
|-weather|Sandstorm|[upkeep]
|-damage|p2a: Trevenant|0 fnt|[from] Sandstorm
|-damage|p1b: Musharna|44/100|[from] Sandstorm
|faint|p2a: Trevenant
|upkeep
|
|t:|1783465655
|switch|p2b: Gallade|Gallade, L50, M|100/100
|switch|p2a: Raichu|Raichu, L50, M|94/100
|turn|5
|
|t:|1783465677
|detailschange|p2a: Raichu|Raichu-Mega-Y, L50, M
|-mega|p2a: Raichu|Raichu|Raichunite Y
|move|p1a: Mawile|Protect|p1a: Mawile
|-singleturn|p1a: Mawile|Protect
|move|p2a: Raichu|Fake Out|p1b: Musharna
|-damage|p1b: Musharna|38/100
|move|p2b: Gallade|Sacred Sword|p1a: Mawile
|-activate|p1a: Mawile|move: Protect
|cant|p1b: Musharna|flinch
|
|-weather|none
|upkeep
|turn|6
|
|t:|1783465700
|move|p1b: Musharna|Helping Hand|p1a: Mawile
|-singleturn|p1a: Mawile|Helping Hand|[of] p1b: Musharna
|move|p2a: Raichu|Zap Cannon|p1b: Musharna
|-damage|p1b: Musharna|3/100
|-status|p1b: Musharna|par
|move|p2b: Gallade|Sacred Sword|p1a: Mawile
|-damage|p1a: Mawile|0 fnt
|faint|p1a: Mawile
|
|upkeep
|turn|7
|
|t:|1783465714
|move|p2a: Raichu|Zap Cannon|p1b: Musharna
|-damage|p1b: Musharna|0 fnt
|faint|p1b: Musharna
|
|win|thefozguy
||thefozguy is ready for game 2.
|inactive|ggb0065 has 30 seconds to confirm battle start!
|inactive|ggb0065 has 20 seconds to confirm battle start!
