|j|☆r4ka
|j|☆andrewcips
|html|r4kaandrewcips    
|uhtml|bestof|Game 1 of a best-of-3
|t:|1757247289
|gametype|doubles
|player|p1|r4ka|266|1299
|player|p2|andrewcips|alder|1064
|gen|9
|tier|[Gen 9] VGC 2025 Reg H (Bo3)
|rated|
|rule|Species Clause: Limit one of each Pokémon
|rule|Item Clause: Limit 1 of each item
|clearpoke
|poke|p1|Rillaboom, L50, M|
|poke|p1|Dragonite, L50, M|
|poke|p1|Sneasler, L50, M|
|poke|p1|Kingambit, L50, M|
|poke|p1|Electabuzz, L50, M|
|poke|p1|Volcarona, L50, F|
|poke|p2|Sneasler, L50, M|
|poke|p2|Dragapult, L50, M|
|poke|p2|Primarina, L50, F|
|poke|p2|Kingambit, L50, F|
|poke|p2|Magmar, L50, M|
|poke|p2|Rillaboom, L50, F|
|teampreview|4
|showteam|p1|Rillaboom||AssaultVest|GrassySurge|FakeOut,HighHorsepower,WoodHammer,GrassyGlide|||M|||50|,,,,,Fire]Dragonite||LoadedDice|Multiscale|ExtremeSpeed,ScaleShot,Protect,Haze|||M|||50|,,,,,Steel]Sneasler||FocusSash|PoisonTouch|DireClaw,CloseCombat,FakeOut,Coaching|||M|||50|,,,,,Stellar]Kingambit||BlackGlasses|Defiant|KowtowCleave,SuckerPunch,SwordsDance,Protect|||M|||50|,,,,,Ghost]Electabuzz||Eviolite|VitalSpirit|Thunderbolt,Taunt,Protect,FollowMe|||M|||50|,,,,,Ghost]Volcarona||Leftovers|FlameBody|HeatWave,TeraBlast,QuiverDance,Protect|||F|||50|,,,,,Fairy
|showteam|p2|Sneasler||FocusSash|PoisonTouch|CloseCombat,DireClaw,FakeOut,Protect|||M|||50|,,,,,Stellar]Dragapult||ChoiceBand|ClearBody|DragonDarts,TeraBlast,PhantomForce,Uturn|||M|||50|,,,,,Ghost]Primarina||SitrusBerry|LiquidVoice|HyperVoice,Moonblast,Haze,Protect|||F|||50|,,,,,Poison]Kingambit||BlackGlasses|Defiant|KowtowCleave,SuckerPunch,SwordsDance,Protect|||F|||50|,,,,,Ghost]Magmar||Eviolite|VitalSpirit|Overheat,WillOWisp,FollowMe,Protect|||M|||50|,,,,,Ghost]Rillaboom||AssaultVest|GrassySurge|WoodHammer,GrassyGlide,HighHorsepower,FakeOut|||F|||50|,,,,,Fire
|inactive|Battle timer is ON: inactive players will automatically lose when time's up. (requested by andrewcips)
|inactive|andrewcips has 60 seconds left.
|
|t:|1757247382
|teamsize|p1|4
|teamsize|p2|4
|start
|switch|p1a: Electabuzz|Electabuzz, L50, M|100/100
|switch|p1b: Volcarona|Volcarona, L50, F|100/100
|switch|p2a: Sneasler|Sneasler, L50, M|100/100
|switch|p2b: Dragapult|Dragapult, L50, M|100/100
|turn|1
|inactive|andrewcips has 30 seconds left.
|
|t:|1757247408
|move|p1b: Volcarona|Protect|p1b: Volcarona
|-singleturn|p1b: Volcarona|Protect
|move|p1a: Electabuzz|Protect|p1a: Electabuzz
|-singleturn|p1a: Electabuzz|Protect
|move|p2a: Sneasler|Fake Out|p1a: Electabuzz
|-activate|p1a: Electabuzz|move: Protect
|move|p2b: Dragapult|U-turn|p1a: Electabuzz
|-activate|p1a: Electabuzz|move: Protect
|
|upkeep
|turn|2
|
|t:|1757247427
|move|p1a: Electabuzz|Follow Me|p1a: Electabuzz
|-singleturn|p1a: Electabuzz|move: Follow Me
|move|p2b: Dragapult|U-turn|p1a: Electabuzz
|-damage|p1a: Electabuzz|73/100
|
|t:|1757247434
|switch|p2b: Primarina|Primarina, L50, F|100/100|[from] U-turn
|move|p2a: Sneasler|Dire Claw|p1a: Electabuzz
|-damage|p1a: Electabuzz|39/100
|move|p1b: Volcarona|Quiver Dance|p1b: Volcarona
|-boost|p1b: Volcarona|spa|1
|-boost|p1b: Volcarona|spd|1
|-boost|p1b: Volcarona|spe|1
|
|upkeep
|turn|3
|inactive|andrewcips has 30 seconds left.
|
|t:|1757247461
|move|p1b: Volcarona|Heat Wave|p2b: Primarina|[spread] p2a,p2b
|-crit|p2a: Sneasler
|-resisted|p2b: Primarina
|-enditem|p2a: Sneasler|Focus Sash
|-damage|p2a: Sneasler|1/100
|-damage|p2b: Primarina|79/100
|move|p2a: Sneasler|Dire Claw|p1b: Volcarona
|-damage|p1b: Volcarona|56/100
|-status|p1b: Volcarona|slp
|-status|p2a: Sneasler|brn|[from] ability: Flame Body|[of] p1b: Volcarona
|move|p1a: Electabuzz|Thunderbolt|p2b: Primarina
|-supereffective|p2b: Primarina
|-crit|p2b: Primarina
|-damage|p2b: Primarina|7/100
|-enditem|p2b: Primarina|Sitrus Berry|[eat]
|-heal|p2b: Primarina|32/100|[from] item: Sitrus Berry
|move|p2b: Primarina|Haze|p2b: Primarina
|-clearallboost
|
|-heal|p1b: Volcarona|62/100 slp|[from] item: Leftovers
|-damage|p2a: Sneasler|0 fnt|[from] brn
|faint|p2a: Sneasler
|upkeep
|
|t:|1757247474
|switch|p2a: Rillaboom|Rillaboom, L50, F|100/100
|-fieldstart|move: Grassy Terrain|[from] ability: Grassy Surge|[of] p2a: Rillaboom
|turn|4
|
|t:|1757247489
|move|p1a: Electabuzz|Protect|p1a: Electabuzz
|-singleturn|p1a: Electabuzz|Protect
|move|p2a: Rillaboom|Fake Out|p1a: Electabuzz
|-activate|p1a: Electabuzz|move: Protect
|cant|p1b: Volcarona|slp
|move|p2b: Primarina|Hyper Voice|p1b: Volcarona|[spread] p1b
|-activate|p1a: Electabuzz|move: Protect
|-supereffective|p1b: Volcarona
|-damage|p1b: Volcarona|0 fnt
|faint|p1b: Volcarona
|
|-heal|p1a: Electabuzz|45/100|[from] Grassy Terrain
|-heal|p2b: Primarina|38/100|[from] Grassy Terrain
|upkeep
|
|t:|1757247502
|switch|p1b: Sneasler|Sneasler, L50, M|100/100
|turn|5
|inactive|r4ka has 30 seconds left.
|inactive|andrewcips has 30 seconds left.
|
|t:|1757247528
|-terastallize|p1b: Sneasler|Stellar
|move|p2b: Primarina|Protect|p2b: Primarina
|-singleturn|p2b: Primarina|Protect
|move|p1b: Sneasler|Dire Claw|p2a: Rillaboom
|-supereffective|p2a: Rillaboom
|-damage|p2a: Rillaboom|0 fnt
|faint|p2a: Rillaboom
|move|p1a: Electabuzz|Thunderbolt|p2b: Primarina
|-activate|p2b: Primarina|move: Protect
|
|-heal|p1a: Electabuzz|51/100|[from] Grassy Terrain
|-heal|p2b: Primarina|44/100|[from] Grassy Terrain
|upkeep
|
|t:|1757247536
|switch|p2a: Dragapult|Dragapult, L50, M|100/100
|turn|6
|
|t:|1757247557
|move|p2a: Dragapult|Dragon Darts|p1b: Sneasler
|-damage|p1b: Sneasler|34/100
|-anim|p2a: Dragapult|Dragon Darts|p1a: Electabuzz
|-damage|p1a: Electabuzz|22/100
|move|p1b: Sneasler|Close Combat|p2b: Primarina
|-resisted|p2b: Primarina
|-damage|p2b: Primarina|2/100
|-unboost|p1b: Sneasler|def|1
|-unboost|p1b: Sneasler|spd|1
|move|p1a: Electabuzz|Thunderbolt|p2b: Primarina
|-supereffective|p2b: Primarina
|-damage|p2b: Primarina|0 fnt
|faint|p2b: Primarina
|
|-heal|p1b: Sneasler|40/100|[from] Grassy Terrain
|-heal|p1a: Electabuzz|28/100|[from] Grassy Terrain
|upkeep
|turn|7
|
|t:|1757247572
|-terastallize|p2a: Dragapult|Ghost
|move|p2a: Dragapult|Dragon Darts|p1b: Sneasler
|-damage|p1b: Sneasler|0 fnt
|-anim|p2a: Dragapult|Dragon Darts|p1a: Electabuzz
|-damage|p1a: Electabuzz|0 fnt
|faint|p1b: Sneasler
|faint|p1a: Electabuzz
|
|upkeep
|
|t:|1757247577
|switch|p1b: Kingambit|Kingambit, L50, M, shiny|100/100
|turn|8
|
|t:|1757247583
|move|p1b: Kingambit|Sucker Punch|p2a: Dragapult
|-supereffective|p2a: Dragapult
|-damage|p2a: Dragapult|0 fnt
|faint|p2a: Dragapult
|
|win|r4ka
||r4ka is ready for game 2.
||andrewcips is ready for game 2.
|uhtml|next|Next: Game 2 of 3
|l|☆andrewcips
|player|p2|
