|j|☆SeanClubcardcoach
|j|☆DrissVG
|html|SeanClubcardcoachDrissVG    
|uhtml|bestof|Game 3 of a best-of-3
|t:|1754674103
|gametype|doubles
|player|p1|SeanClubcardcoach|alder|1236
|player|p2|DrissVG|102|1227
|gen|9
|tier|[Gen 9] VGC 2025 Reg H (Bo3)
|rated|
|rule|Species Clause: Limit one of each Pokémon
|rule|Item Clause: Limit 1 of each item
|clearpoke
|poke|p1|Tyranitar, L50, M|
|poke|p1|Kommo-o, L50, M|
|poke|p1|Rillaboom, L50, M|
|poke|p1|Volcarona, L50, F|
|poke|p1|Whimsicott, L50, M|
|poke|p1|Palafin, L50, M|
|poke|p2|Rillaboom, L50, F|
|poke|p2|Magmar, L50, F|
|poke|p2|Kingambit, L50, F|
|poke|p2|Ninetales-Alola, L50, F|
|poke|p2|Basculegion, L50, M|
|poke|p2|Sneasler, L50, M|
|teampreview|4
|showteam|p1|Tyranitar||AssaultVest|SandStream|KnockOff,RockSlide,LowKick,TeraBlast|||M|||50|,,,,,Flying]Kommo-o||ChoiceSpecs|Overcoat|ClangingScales,AuraSphere,Flamethrower,DracoMeteor|||M|||50|,,,,,Fire]Rillaboom||MiracleSeed|GrassySurge|Protect,WoodHammer,GrassyGlide,FakeOut|||M|||50|,,,,,Grass]Volcarona||GrassySeed|FlameBody|Protect,RagePowder,WillOWisp,HeatWave|||F|||50|,,,,,Dragon]Whimsicott||CovertCloak|Prankster|Tailwind,Moonblast,Encore,FakeTears|||M|||50|,,,,,Fire]Palafin||MysticWater|ZerotoHero|WaveCrash,JetPunch,Haze,Protect|||M|||50|,,,,,Water
|showteam|p2|Rillaboom||AssaultVest|GrassySurge|WoodHammer,GrassyGlide,FakeOut,Uturn|||F|||50|,,,,,Fire]Magmar||Eviolite|VitalSpirit|HeatWave,FollowMe,Taunt,Protect|||F|||50|,,,,,Ghost]Kingambit||BlackGlasses|Defiant|KowtowCleave,SuckerPunch,SwordsDance,Protect|||F|||50|,,,,,Fire]Ninetales-Alola||LifeOrb|SnowWarning|Blizzard,IcyWind,Encore,Protect|||F|||50|,,,,,Ghost]Basculegion||ChoiceScarf|Adaptability|WaveCrash,LastRespects,FlipTurn,TeraBlast|||M|||50|,,,,,Fighting]Sneasler||FocusSash|PoisonTouch|CloseCombat,DireClaw,FakeOut,Protect|||M|||50|,,,,,Ghost
|inactive|Battle timer is ON: inactive players will automatically lose when time's up. (requested by SeanClubcardcoach)
|inactive|DrissVG has 60 seconds left.
|
|t:|1754674139
|teamsize|p1|4
|teamsize|p2|4
|start
|switch|p1a: Volcarona|Volcarona, L50, F, shiny|100/100
|switch|p1b: Rillaboom|Rillaboom, L50, M, shiny|100/100
|switch|p2a: Ninetales|Ninetales-Alola, L50, F|100/100
|switch|p2b: Basculegion|Basculegion, L50, M|100/100
|-weather|Snowscape|[from] ability: Snow Warning|[of] p2a: Ninetales
|-fieldstart|move: Grassy Terrain|[from] ability: Grassy Surge|[of] p1b: Rillaboom
|-enditem|p1a: Volcarona|Grassy Seed
|-boost|p1a: Volcarona|def|1|[from] item: Grassy Seed
|turn|1
|
|t:|1754674152
|move|p1a: Volcarona|Protect|p1a: Volcarona
|-singleturn|p1a: Volcarona|Protect
|move|p1b: Rillaboom|Protect|p1b: Rillaboom
|-singleturn|p1b: Rillaboom|Protect
|move|p2b: Basculegion|Wave Crash|p1a: Volcarona
|-activate|p1a: Volcarona|move: Protect
|move|p2a: Ninetales|Blizzard|p1b: Rillaboom|[spread] 
|-activate|p1a: Volcarona|move: Protect
|-activate|p1b: Rillaboom|move: Protect
|
|-weather|Snowscape|[upkeep]
|upkeep
|turn|2
|
|t:|1754674173
|switch|p2b: Rillaboom|Rillaboom, L50, F|100/100
|move|p1b: Rillaboom|Grassy Glide|p2b: Rillaboom
|-resisted|p2b: Rillaboom
|-damage|p2b: Rillaboom|77/100
|move|p2a: Ninetales|Blizzard|p1b: Rillaboom|[spread] p1a,p1b
|-resisted|p1a: Volcarona
|-supereffective|p1b: Rillaboom
|-damage|p1a: Volcarona|84/100
|-damage|p1b: Rillaboom|1/100
|-damage|p2a: Ninetales|91/100|[from] item: Life Orb
|move|p1a: Volcarona|Heat Wave|p2a: Ninetales|[spread] p2a,p2b
|-supereffective|p2a: Ninetales
|-supereffective|p2b: Rillaboom
|-damage|p2a: Ninetales|1/100
|-damage|p2b: Rillaboom|27/100
|
|-weather|Snowscape|[upkeep]
|-heal|p2a: Ninetales|7/100|[from] Grassy Terrain
|-heal|p1a: Volcarona|90/100|[from] Grassy Terrain
|-heal|p1b: Rillaboom|7/100|[from] Grassy Terrain
|-heal|p2b: Rillaboom|33/100|[from] Grassy Terrain
|upkeep
|turn|3
|inactive|DrissVG has 30 seconds left.
|
|t:|1754674201
|switch|p2a: Kingambit|Kingambit, L50, F|100/100
|move|p1b: Rillaboom|Protect|p1b: Rillaboom
|-singleturn|p1b: Rillaboom|Protect
|move|p2b: Rillaboom|Fake Out|p1b: Rillaboom
|-activate|p1b: Rillaboom|move: Protect
|move|p1a: Volcarona|Heat Wave|p2a: Kingambit|[spread] p2b
|-miss|p1a: Volcarona|p2a: Kingambit
|-supereffective|p2b: Rillaboom
|-damage|p2b: Rillaboom|0 fnt
|faint|p2b: Rillaboom
|
|-weather|Snowscape|[upkeep]
|-heal|p1a: Volcarona|96/100|[from] Grassy Terrain
|-heal|p1b: Rillaboom|13/100|[from] Grassy Terrain
|upkeep
|
|t:|1754674214
|switch|p2b: Basculegion|Basculegion, L50, M|100/100
|turn|4
|inactive|SeanClubcardcoach has 30 seconds left.
|
|t:|1754674240
|switch|p1b: Whimsicott|Whimsicott, L50, M|100/100
|move|p1a: Volcarona|Protect|p1a: Volcarona
|-singleturn|p1a: Volcarona|Protect
|move|p2b: Basculegion|Wave Crash|p1a: Volcarona
|-activate|p1a: Volcarona|move: Protect
|move|p2a: Kingambit|Kowtow Cleave|p1b: Whimsicott
|-resisted|p1b: Whimsicott
|-damage|p1b: Whimsicott|62/100
|
|-weather|Snowscape|[upkeep]
|-heal|p1b: Whimsicott|68/100|[from] Grassy Terrain
|-heal|p1a: Volcarona|100/100|[from] Grassy Terrain
|upkeep
|turn|5
|
|t:|1754674258
|-terastallize|p1a: Volcarona|Dragon
|move|p1b: Whimsicott|Tailwind|p1b: Whimsicott
|-sidestart|p1: SeanClubcardcoach|move: Tailwind
|move|p1a: Volcarona|Heat Wave|p2a: Kingambit|[spread] p2a,p2b
|-supereffective|p2a: Kingambit
|-resisted|p2b: Basculegion
|-damage|p2a: Kingambit|36/100
|-damage|p2b: Basculegion|81/100
|move|p2b: Basculegion|Wave Crash|p1a: Volcarona
|-resisted|p1a: Volcarona
|-damage|p1a: Volcarona|70/100
|-status|p2b: Basculegion|brn|[from] ability: Flame Body|[of] p1a: Volcarona
|-damage|p2b: Basculegion|72/100 brn|[from] Recoil
|move|p2a: Kingambit|Swords Dance|p2a: Kingambit
|-boost|p2a: Kingambit|atk|2
|
|-weather|none
|-heal|p1b: Whimsicott|74/100|[from] Grassy Terrain
|-heal|p1a: Volcarona|76/100|[from] Grassy Terrain
|-heal|p2b: Basculegion|78/100 brn|[from] Grassy Terrain
|-heal|p2a: Kingambit|42/100|[from] Grassy Terrain
|-damage|p2b: Basculegion|72/100 brn|[from] brn
|-fieldend|move: Grassy Terrain
|upkeep
|turn|6
|inactive|SeanClubcardcoach has 30 seconds left.
|inactive|DrissVG has 30 seconds left.
|
|t:|1754674285
|-terastallize|p2a: Kingambit|Fire
|move|p2a: Kingambit|Sucker Punch|p1a: Volcarona
|-damage|p1a: Volcarona|5/100
|move|p1b: Whimsicott|Moonblast|p2b: Basculegion
|-damage|p2b: Basculegion|38/100 brn
|-unboost|p2b: Basculegion|spa|1
|move|p1a: Volcarona|Heat Wave|p2b: Basculegion|[spread] p2a,p2b
|-resisted|p2a: Kingambit
|-resisted|p2b: Basculegion
|-damage|p2a: Kingambit|26/100
|-damage|p2b: Basculegion|18/100 brn
|move|p2b: Basculegion|Wave Crash|p1b: Whimsicott
|-resisted|p1b: Whimsicott
|-damage|p1b: Whimsicott|51/100
|-damage|p2b: Basculegion|12/100 brn|[from] Recoil
|
|-damage|p2b: Basculegion|6/100 brn|[from] brn
|upkeep
|turn|7
|inactive|SeanClubcardcoach has 30 seconds left.
|inactive|SeanClubcardcoach has 20 seconds left.
|
|t:|1754674324
|move|p1a: Volcarona|Protect|p1a: Volcarona
|-singleturn|p1a: Volcarona|Protect
|move|p1b: Whimsicott|Encore|p2a: Kingambit
|-start|p2a: Kingambit|Encore
|move|p2a: Kingambit|Sucker Punch||[still]
|-fail|p2a: Kingambit
|move|p2b: Basculegion|Wave Crash|p1b: Whimsicott
|-resisted|p1b: Whimsicott
|-damage|p1b: Whimsicott|27/100
|-damage|p2b: Basculegion|0 fnt|[from] Recoil
|faint|p2b: Basculegion
|
|upkeep
|
|t:|1754674336
|switch|p2b: Ninetales|Ninetales-Alola, L50, F|7/100
|-weather|Snowscape|[from] ability: Snow Warning|[of] p2b: Ninetales
|turn|8
|
|t:|1754674344
|move|p2b: Ninetales|Protect|p2b: Ninetales
|-singleturn|p2b: Ninetales|Protect
|move|p1a: Volcarona|Rage Powder|p1a: Volcarona
|-singleturn|p1a: Volcarona|move: Rage Powder
|move|p2a: Kingambit|Sucker Punch||[still]
|-fail|p2a: Kingambit
|move|p1b: Whimsicott|Moonblast|p2b: Ninetales
|-activate|p2b: Ninetales|move: Protect
|
|-weather|Snowscape|[upkeep]
|-sideend|p1: SeanClubcardcoach|move: Tailwind
|upkeep
|turn|9
|
|t:|1754674362
|move|p1a: Volcarona|Rage Powder|p1a: Volcarona
|-singleturn|p1a: Volcarona|move: Rage Powder
|move|p1b: Whimsicott|Encore|p2b: Ninetales
|-start|p2b: Ninetales|Encore
|move|p2a: Kingambit|Sucker Punch||[still]
|-fail|p2a: Kingambit
|move|p2b: Ninetales|Protect||[still]
|-fail|p2b: Ninetales
|
|-weather|Snowscape|[upkeep]
|-end|p2a: Kingambit|Encore
|upkeep
|turn|10
|
|t:|1754674381
|move|p2b: Ninetales|Protect|p2b: Ninetales
|-singleturn|p2b: Ninetales|Protect
|move|p1a: Volcarona|Rage Powder|p1a: Volcarona
|-singleturn|p1a: Volcarona|move: Rage Powder
|move|p1b: Whimsicott|Moonblast|p2b: Ninetales
|-activate|p2b: Ninetales|move: Protect
|move|p2a: Kingambit|Kowtow Cleave|p1a: Volcarona
|-damage|p1a: Volcarona|0 fnt
|faint|p1a: Volcarona
|
|-weather|Snowscape|[upkeep]
|upkeep
|
|t:|1754674387
|switch|p1a: Kommo-o|Kommo-o, L50, M|100/100
|turn|11
|
|t:|1754674400
|move|p2b: Ninetales|Protect|p2b: Ninetales
|-singleturn|p2b: Ninetales|Protect
|move|p1b: Whimsicott|Tailwind|p1b: Whimsicott
|-sidestart|p1: SeanClubcardcoach|move: Tailwind
|move|p1a: Kommo-o|Aura Sphere|p2a: Kingambit
|-damage|p2a: Kingambit|0 fnt
|faint|p2a: Kingambit
|
|-weather|Snowscape|[upkeep]
|-end|p2b: Ninetales|Encore
|upkeep
|turn|12
|
|t:|1754674411
|move|p1b: Whimsicott|Encore|p2b: Ninetales
|-start|p2b: Ninetales|Encore
|move|p1a: Kommo-o|Aura Sphere|p2b: Ninetales
|-damage|p2b: Ninetales|0 fnt
|faint|p2b: Ninetales
|
|win|SeanClubcardcoach
|raw|SeanClubcardcoach's rating: 1236 → 1260(+24 for winning)
|raw|DrissVG's rating: 1227 → 1203(-24 for losing)
|l|☆DrissVG
|player|p2|
