|j|☆SirNeru
|j|‽sudoz
|html|SirNerusudoz    
|uhtml|bestof|Game 3 of a best-of-3
|t:|1756212952
|gametype|doubles
|player|p1|SirNeru|169|1119
|player|p2|sudoz|169|1161
|gen|9
|tier|[Gen 9] VGC 2025 Reg H (Bo3)
|rated|
|rule|Species Clause: Limit one of each Pokémon
|rule|Item Clause: Limit 1 of each item
|clearpoke
|poke|p1|Gholdengo, L50|
|poke|p1|Primarina, L50, F|
|poke|p1|Tyranitar, L50, M|
|poke|p1|Electabuzz, L50, M|
|poke|p1|Excadrill, L50, M|
|poke|p1|Tauros-Paldea-Blaze, L50, M|
|poke|p2|Volcarona, L50, F|
|poke|p2|Incineroar, L50, F|
|poke|p2|Sneasler, L50, M|
|poke|p2|Rillaboom, L50, F|
|poke|p2|Gholdengo, L50|
|poke|p2|Gastrodon, L50, F|
|teampreview|4
|showteam|p1|Gholdengo||LifeOrb|GoodasGold|MakeItRain,NastyPlot,Protect,ShadowBall||||||50|,,,,,Dragon]Primarina||ThroatSpray|LiquidVoice|Moonblast,HyperVoice,Protect,IceBeam|||F|||50|,,,,,Poison]Tyranitar||AssaultVest|SandStream|RockSlide,IcyWind,KnockOff,TeraBlast|||M|||50|,,,,,Flying]Electabuzz||Eviolite|VitalSpirit|FollowMe,Electroweb,Taunt,Protect|||M|||50|,,,,,Ghost]Excadrill||FocusSash|SandRush|Earthquake,SwordsDance,IronHead,Protect|||M|||50|,,,,,Stellar]Tauros-Paldea-Blaze||MirrorHerb|Intimidate|CloseCombat,RagingBull,WillOWisp,Protect|||M|||50|,,,,,Fighting
|showteam|p2|Volcarona||CovertCloak|FlameBody|Protect,HeatWave,TeraBlast,QuiverDance|||F|||50|,,,,,Fairy]Incineroar||SafetyGoggles|Intimidate|FakeOut,KnockOff,FlareBlitz,PartingShot|||F|||50|,,,,,Ghost]Sneasler||FocusSash|PoisonTouch|Protect,FakeOut,CloseCombat,DireClaw|||M|||50|,,,,,Stellar]Rillaboom||AssaultVest|GrassySurge|FakeOut,WoodHammer,GrassyGlide,Uturn|||F|||50|,,,,,Fire]Gholdengo||ChoiceSpecs|GoodasGold|MakeItRain,ShadowBall,PowerGem,Trick||||||50|,,,,,Steel]Gastrodon||Leftovers|StormDrain|Protect,EarthPower,IceBeam,ClearSmog|||F|||50|,,,,,Poison
|inactive|Battle timer is ON: inactive players will automatically lose when time's up. (requested by sudoz)
|l|‽sudoz
|inactive|sudoz disconnected and has a minute to reconnect!
|player|p2|
|j|‽sudoz
|inactive|sudoz reconnected.
|player|p2|sudoz|169|
|n|‽sudoz|sudoz
|n|‽sudoz|sudoz
|inactive|SirNeru has 60 seconds left.
|
|t:|1756213018
|teamsize|p1|4
|teamsize|p2|4
|start
|switch|p1a: Gholdengo|Gholdengo, L50|100/100
|switch|p1b: Electabuzz|Electabuzz, L50, M, shiny|100/100
|switch|p2a: Incineroar|Incineroar, L50, F|100/100
|switch|p2b: Volcarona|Volcarona, L50, F|100/100
|-ability|p2a: Incineroar|Intimidate|boost
|-unboost|p1a: Gholdengo|atk|1
|-unboost|p1b: Electabuzz|atk|1
|turn|1
|
|t:|1756213032
|-terastallize|p1b: Electabuzz|Ghost
|move|p2a: Incineroar|Fake Out|p1b: Electabuzz
|-immune|p1b: Electabuzz
|move|p1b: Electabuzz|Taunt|p2b: Volcarona
|-start|p2b: Volcarona|move: Taunt
|move|p1a: Gholdengo|Nasty Plot|p1a: Gholdengo
|-boost|p1a: Gholdengo|spa|2
|cant|p2b: Volcarona|move: Taunt|Quiver Dance
|
|upkeep
|turn|2
|
|t:|1756213052
|move|p1b: Electabuzz|Follow Me|p1b: Electabuzz
|-singleturn|p1b: Electabuzz|move: Follow Me
|move|p1a: Gholdengo|Shadow Ball|p2b: Volcarona
|-damage|p2b: Volcarona|0 fnt
|faint|p2b: Volcarona
|-damage|p1a: Gholdengo|91/100|[from] item: Life Orb
|move|p2a: Incineroar|Knock Off|p1b: Electabuzz
|-supereffective|p1b: Electabuzz
|-damage|p1b: Electabuzz|24/100
|-enditem|p1b: Electabuzz|Eviolite|[from] move: Knock Off|[of] p2a: Incineroar
|
|upkeep
|
|t:|1756213068
|switch|p2b: Gastrodon|Gastrodon, L50, F|100/100
|turn|3
|
|t:|1756213089
|move|p1b: Electabuzz|Follow Me|p1b: Electabuzz
|-singleturn|p1b: Electabuzz|move: Follow Me
|move|p1a: Gholdengo|Shadow Ball|p2b: Gastrodon
|-damage|p2b: Gastrodon|0 fnt
|faint|p2b: Gastrodon
|-damage|p1a: Gholdengo|82/100|[from] item: Life Orb
|move|p2a: Incineroar|Knock Off|p1b: Electabuzz
|-supereffective|p1b: Electabuzz
|-damage|p1b: Electabuzz|0 fnt
|faint|p1b: Electabuzz
|
|upkeep
|
|t:|1756213095
|switch|p1b: Tyranitar|Tyranitar, L50, M, shiny|100/100
|switch|p2b: Gholdengo|Gholdengo, L50|100/100
|-weather|Sandstorm|[from] ability: Sand Stream|[of] p1b: Tyranitar
|turn|4
|
|t:|1756213109
|-terastallize|p2b: Gholdengo|Steel
|move|p1a: Gholdengo|Protect|p1a: Gholdengo
|-singleturn|p1a: Gholdengo|Protect
|move|p2b: Gholdengo|Shadow Ball|p1a: Gholdengo
|-activate|p1a: Gholdengo|move: Protect
|move|p2a: Incineroar|Knock Off|p1b: Tyranitar
|-resisted|p1b: Tyranitar
|-damage|p1b: Tyranitar|85/100
|-enditem|p1b: Tyranitar|Assault Vest|[from] move: Knock Off|[of] p2a: Incineroar
|move|p1b: Tyranitar|Knock Off|p2b: Gholdengo
|-damage|p2b: Gholdengo|37/100
|-enditem|p2b: Gholdengo|Choice Specs|[from] move: Knock Off|[of] p1b: Tyranitar
|
|-weather|Sandstorm|[upkeep]
|upkeep
|turn|5
|
|t:|1756213123
|move|p2b: Gholdengo|Shadow Ball|p1a: Gholdengo
|-supereffective|p1a: Gholdengo
|-damage|p1a: Gholdengo|0 fnt
|faint|p1a: Gholdengo
|move|p2a: Incineroar|Knock Off|p1b: Tyranitar
|-resisted|p1b: Tyranitar
|-crit|p1b: Tyranitar
|-damage|p1b: Tyranitar|68/100
|move|p1b: Tyranitar|Rock Slide|p2b: Gholdengo|[spread] p2a,p2b
|-supereffective|p2a: Incineroar
|-resisted|p2b: Gholdengo
|-damage|p2a: Incineroar|48/100
|-damage|p2b: Gholdengo|19/100
|
|-weather|Sandstorm|[upkeep]
|upkeep
|
|t:|1756213126
|switch|p1a: Excadrill|Excadrill, L50, M, shiny|100/100
|turn|6
|
|t:|1756213135
|move|p1a: Excadrill|Earthquake|p2a: Incineroar|[spread] p1b,p2a,p2b
|-supereffective|p1b: Tyranitar
|-supereffective|p2a: Incineroar
|-supereffective|p2b: Gholdengo
|-damage|p1b: Tyranitar|6/100
|-damage|p2a: Incineroar|0 fnt
|-damage|p2b: Gholdengo|0 fnt
|faint|p2a: Incineroar
|faint|p2b: Gholdengo
|
|win|SirNeru
|raw|SirNeru's rating: 1119 → 1147(+28 for winning)
|raw|sudoz's rating: 1161 → 1133(-28 for losing)
|l|‽sudoz
|player|p2|
|l|☆SirNeru
|player|p1|
|j|☆SirNeru
|player|p1|SirNeru|169|
