|j|☆ToastedArt
|j|☆master 792
|html|ToastedArtmaster 792    
|uhtml|bestof|Game 2 of a best-of-3
|t:|1784140781
|gametype|doubles
|player|p1|ToastedArt|iris|1104
|player|p2|master 792|red|1141
|gen|9
|tier|[Gen 9 Champions] VGC 2026 Reg M-B (Bo3)
|rated|
|rule|Species Clause: Limit one of each Pokémon
|rule|Item Clause: Limit 1 of each item
|clearpoke
|poke|p1|Incineroar, L50, F|
|poke|p1|Kingambit, L50, M|
|poke|p1|Chesnaught, L50, F, shiny|
|poke|p1|Whimsicott, L50, F|
|poke|p1|Maushold, L50|
|poke|p1|Delphox, L50, F|
|poke|p2|Metagross, L50, shiny|
|poke|p2|Incineroar, L50, F|
|poke|p2|Sinistcha, L50, shiny|
|poke|p2|Floette-Eternal, L50, F|
|poke|p2|Politoed, L50, F|
|poke|p2|Maushold, L50|
|teampreview|4
|showteam|p1|Incineroar||SitrusBerry|Intimidate|FakeOut,FlareBlitz,ThroatChop,PartingShot|Careful||F|||50|]Kingambit||BlackGlasses|Defiant|KowtowCleave,SwordsDance,SuckerPunch,Protect|Adamant||M|||50|]Chesnaught||Chesnaughtite|Bulletproof|DrainPunch,GrassyGlide,BellyDrum,SpikyShield|Adamant||F|||50|]Whimsicott||FocusSash|Prankster|TrickRoom,GrassyTerrain,Encore,Moonblast|Serious||F|||50|]Maushold||ChopleBerry|FriendGuard|SuperFang,AfterYou,FollowMe,Encore|Jolly|||||50|]Delphox||Delphoxite|Blaze|Protect,NastyPlot,HeatWave,Psychic|Timid||F|||50|
|showteam|p2|Metagross||Metagrossite|ClearBody|IronDefense,BodyPress,PsychicFangs,Protect|Impish|||||50|]Incineroar||PasshoBerry|Intimidate|FakeOut,FlareBlitz,PartingShot,DarkestLariat|Adamant||F|||50|]Sinistcha||SitrusBerry|Hospitality|MatchaGotcha,TrickRoom,RagePowder,LifeDew|Calm|||||50|]Floette-Eternal||Floettite|FlowerVeil|Moonblast,DazzlingGleam,CalmMind,Protect|Modest||F|||50|]Politoed||Leftovers|Drizzle|WeatherBall,PerishSong,IceBeam,Protect|Bold||F|||50|]Maushold||ChopleBerry|FriendGuard|Taunt,FollowMe,SuperFang,Protect|Careful|||||50|
|inactive|Battle timer is ON: inactive players will automatically lose when time's up. (requested by ToastedArt)
|inactive|ToastedArt has 60 seconds left.
|
|t:|1784140814
|teamsize|p1|4
|teamsize|p2|4
|start
|switch|p1a: Delphox|Delphox, L50, F|100/100
|switch|p1b: Incineroar|Incineroar, L50, F|100/100
|switch|p2a: Floette|Floette-Eternal, L50, F|100/100
|switch|p2b: Maushold|Maushold, L50|100/100
|-ability|p1b: Incineroar|Intimidate|boost
|-unboost|p2a: Floette|atk|1
|-unboost|p2b: Maushold|atk|1
|turn|1
|
|t:|1784140830
|detailschange|p1a: Delphox|Delphox-Mega, L50, F
|-mega|p1a: Delphox|Delphox|Delphoxite
|detailschange|p2a: Floette|Floette-Mega, L50, F
|-mega|p2a: Floette|Floette|Floettite
|-ability|p2a: Floette|Fairy Aura
|move|p1a: Delphox|Nasty Plot|p1a: Delphox
|-boost|p1a: Delphox|spa|2
|move|p2b: Maushold|Taunt|p1a: Delphox
|-start|p1a: Delphox|move: Taunt
|move|p2a: Floette|Calm Mind|p2a: Floette
|-boost|p2a: Floette|spa|1
|-boost|p2a: Floette|spd|1
|move|p1b: Incineroar|Parting Shot|p2a: Floette
|-unboost|p2a: Floette|atk|1
|-unboost|p2a: Floette|spa|1
|
|t:|1784140847
|switch|p1b: Maushold|Maushold, L50|100/100|[from] Parting Shot
|
|upkeep
|turn|2
|
|t:|1784140854
|move|p2b: Maushold|Follow Me|p2b: Maushold
|-singleturn|p2b: Maushold|move: Follow Me
|move|p1a: Delphox|Heat Wave|p2a: Floette|[spread] p2a,p2b
|-damage|p2a: Floette|69/100
|-damage|p2b: Maushold|16/100
|move|p1b: Maushold|Encore|p2b: Maushold
|-start|p2b: Maushold|Encore
|move|p2a: Floette|Calm Mind|p2a: Floette
|-boost|p2a: Floette|spa|1
|-boost|p2a: Floette|spd|1
|
|upkeep
|turn|3
|
|t:|1784140867
|move|p2b: Maushold|Follow Me|p2b: Maushold
|-singleturn|p2b: Maushold|move: Follow Me
|move|p1a: Delphox|Heat Wave|p2b: Maushold|[spread] p2a,p2b
|-damage|p2a: Floette|46/100
|-damage|p2b: Maushold|0 fnt
|faint|p2b: Maushold
|move|p1b: Maushold|Super Fang|p2a: Floette
|-damage|p2a: Floette|23/100
|move|p2a: Floette|Dazzling Gleam|p1a: Delphox|[spread] p1a,p1b
|-resisted|p1a: Delphox|1
|-damage|p1a: Delphox|79/100
|-damage|p1b: Maushold|23/100
|
|upkeep
|
|t:|1784140872
|switch|p2b: Politoed|Politoed, L50, F|100/100
|-weather|RainDance|[from] ability: Drizzle|[of] p2b: Politoed
|turn|4
|
|t:|1784140880
|switch|p1b: Incineroar|Incineroar, L50, F|100/100
|-ability|p1b: Incineroar|Intimidate|boost
|-unboost|p2a: Floette|atk|1
|-unboost|p2b: Politoed|atk|1
|switch|p2b: Sinistcha|Sinistcha, L50, shiny|100/100
|-heal|p2a: Floette|48/100|[from] ability: Hospitality|[of] p2b: Sinistcha
|move|p1a: Delphox|Psychic|p2b: Sinistcha
|-damage|p2b: Sinistcha|8/100
|-enditem|p2b: Sinistcha|Sitrus Berry|[eat]
|-heal|p2b: Sinistcha|33/100|[from] item: Sitrus Berry
|move|p2a: Floette|Dazzling Gleam|p1b: Incineroar|[spread] p1a,p1b
|-resisted|p1a: Delphox|1
|-damage|p1a: Delphox|48/100
|-damage|p1b: Incineroar|46/100
|-enditem|p1b: Incineroar|Sitrus Berry|[eat]
|-heal|p1b: Incineroar|71/100|[from] item: Sitrus Berry
|
|-weather|RainDance|[upkeep]
|-end|p1a: Delphox|move: Taunt
|upkeep
|turn|5
|
|t:|1784140902
|switch|p2b: Politoed|Politoed, L50, F|100/100
|move|p2a: Floette|Protect|p2a: Floette
|-singleturn|p2a: Floette|Protect
|move|p1b: Incineroar|Fake Out|p2a: Floette
|-activate|p2a: Floette|move: Protect
|move|p1a: Delphox|Heat Wave|p2a: Floette|[spread] p2b
|-activate|p2a: Floette|move: Protect
|-resisted|p2b: Politoed|1
|-damage|p2b: Politoed|82/100
|
|-weather|RainDance|[upkeep]
|-heal|p2b: Politoed|89/100|[from] item: Leftovers
|upkeep
|turn|6
|
|t:|1784140916
|switch|p2b: Sinistcha|Sinistcha, L50, shiny|33/100
|-heal|p2a: Floette|73/100|[from] ability: Hospitality|[of] p2b: Sinistcha
|move|p1a: Delphox|Nasty Plot|p1a: Delphox
|-boost|p1a: Delphox|spa|2
|move|p2a: Floette|Dazzling Gleam|p1a: Delphox|[spread] p1a,p1b
|-resisted|p1a: Delphox|1
|-damage|p1a: Delphox|20/100y
|-damage|p1b: Incineroar|21/100
|move|p1b: Incineroar|Parting Shot|p2a: Floette
|-unboost|p2a: Floette|atk|1
|-unboost|p2a: Floette|spa|1
|
|t:|1784140924
|switch|p1b: Kingambit|Kingambit, L50, M|100/100|[from] Parting Shot
|
|-weather|RainDance|[upkeep]
|upkeep
|turn|7
|
|t:|1784140938
|move|p2b: Sinistcha|Rage Powder|p2b: Sinistcha
|-singleturn|p2b: Sinistcha|move: Rage Powder
|move|p1a: Delphox|Psychic|p2b: Sinistcha
|-damage|p2b: Sinistcha|0 fnt
|faint|p2b: Sinistcha
|move|p2a: Floette|Moonblast|p1b: Kingambit
|-damage|p1b: Kingambit|26/100
|move|p1b: Kingambit|Swords Dance|p1b: Kingambit
|-boost|p1b: Kingambit|atk|2
|
|-weather|RainDance|[upkeep]
|upkeep
|
|t:|1784140940
|switch|p2b: Politoed|Politoed, L50, F|89/100
|turn|8
|
|t:|1784140950
|move|p1b: Kingambit|Sucker Punch|p2a: Floette
|-resisted|p2a: Floette|1
|-damage|p2a: Floette|23/100
|move|p1a: Delphox|Psychic|p2b: Politoed
|-damage|p2b: Politoed|0 fnt
|faint|p2b: Politoed
|move|p2a: Floette|Dazzling Gleam|p1b: Kingambit|[spread] p1a,p1b
|-resisted|p1a: Delphox|1
|-damage|p1a: Delphox|1/100
|-damage|p1b: Kingambit|0 fnt
|faint|p1b: Kingambit
|
|-weather|none
|upkeep
|
|t:|1784140955
|switch|p1b: Incineroar|Incineroar, L50, F|21/100
|-ability|p1b: Incineroar|Intimidate|boost
|-unboost|p2a: Floette|atk|1
|turn|9
|
|t:|1784140958
|move|p2a: Floette|Protect|p2a: Floette
|-singleturn|p2a: Floette|Protect
|move|p1b: Incineroar|Fake Out|p2a: Floette
|-activate|p2a: Floette|move: Protect
|move|p1a: Delphox|Psychic|p2a: Floette
|-activate|p2a: Floette|move: Protect
|
|upkeep
|turn|10
|
|t:|1784140961
|move|p1a: Delphox|Psychic|p2a: Floette
|-damage|p2a: Floette|0 fnt
|faint|p2a: Floette
|
|win|ToastedArt
||master 792 is ready for game 3.
||ToastedArt is ready for game 3.
|uhtml|next|Next: Game 3 of 3
