|j|☆eastyliam67
|j|☆Yei_Lai
|html|eastyliam67Yei_Lai    
|uhtml|bestof|Game 2 of a best-of-3
|t:|1785329374
|gametype|doubles
|player|p1|eastyliam67|unknownf|
|player|p2|Yei_Lai|170|
|gen|9
|tier|[Gen 9 Champions] VGC 2026 Reg M-B (Bo3)
|rule|Species Clause: Limit one of each Pokémon
|rule|Item Clause: Limit 1 of each item
|clearpoke
|poke|p1|Charizard, L50, F|
|poke|p1|Garchomp, L50, F|
|poke|p1|Whimsicott, L50, M|
|poke|p1|Basculegion, L50, M|
|poke|p1|Floette-Eternal, L50, F|
|poke|p1|Kingambit, L50, F|
|poke|p2|Staraptor, L50, M|
|poke|p2|Arcanine-Hisui, L50, M|
|poke|p2|Kingambit, L50, M|
|poke|p2|Raichu, L50, F|
|poke|p2|Farigiraf, L50, M|
|poke|p2|Sylveon, L50, F|
|teampreview|4
|showteam|p1|Charizard||CharizarditeY|Blaze|HeatWave,SolarBeam,WeatherBall,Protect|Modest||F|||50|]Garchomp||LifeOrb|RoughSkin|DragonClaw,StompingTantrum,RockSlide,Protect|Jolly||F|||50|]Whimsicott||FocusSash|Prankster|Moonblast,Tailwind,Encore,Protect|Timid||M|||50|]Basculegion||MysticWater|Adaptability|WaveCrash,AquaJet,Protect,LastRespects|Adamant||M|||50|]Floette-Eternal||Floettite|FlowerVeil|Moonblast,DazzlingGleam,LightofRuin,Protect|Modest||F|||50|]Kingambit||ChopleBerry|Defiant|KowtowCleave,LowKick,SuckerPunch,IronHead|Adamant||F|||50|
|showteam|p2|Staraptor||Staraptite|Intimidate|DualWingbeat,CloseCombat,Tailwind,Protect|Jolly||M|||50|]Arcanine-Hisui||FocusSash|RockHead|FlareBlitz,HeadSmash,ExtremeSpeed,Protect|Jolly||M|||50|]Kingambit||LifeOrb|Defiant|KowtowCleave,SuckerPunch,SwordsDance,Protect|Adamant||M|||50|]Raichu||RaichuniteY|LightningRod|ZapCannon,FocusBlast,FakeOut,Protect|Timid||F|||50|]Farigiraf||ColburBerry|ArmorTail|TrickRoom,HelpingHand,Psychic,Protect|Modest||M|||50|]Sylveon||FairyFeather|Pixilate|Protect,HyperVoice,HyperBeam,QuickAttack|Modest||F|||50|
|
|t:|1785329404
|teamsize|p1|4
|teamsize|p2|4
|start
|switch|p1a: Whimsicott|Whimsicott, L50, M|100/100
|switch|p1b: Kingambit|Kingambit, L50, F|100/100
|switch|p2a: Raichu|Raichu, L50, F|100/100
|switch|p2b: Arcanine|Arcanine-Hisui, L50, M|100/100
|turn|1
|
|t:|1785329422
|switch|p1b: Garchomp|Garchomp, L50, F|100/100
|detailschange|p2a: Raichu|Raichu-Mega-Y, L50, F
|-mega|p2a: Raichu|Raichu|Raichunite Y
|move|p1a: Whimsicott|Protect|p1a: Whimsicott
|-singleturn|p1a: Whimsicott|Protect
|move|p2a: Raichu|Focus Blast|p1b: Garchomp
|-damage|p1b: Garchomp|50/100g
|-unboost|p1b: Garchomp|spd|1
|move|p2b: Arcanine|Flare Blitz|p1b: Garchomp
|-resisted|p1b: Garchomp|1
|-damage|p1b: Garchomp|19/100
|-damage|p2b: Arcanine|87/100|[from] ability: Rough Skin|[of] p1b: Garchomp
|
|upkeep
|turn|2
|
|t:|1785329470
|switch|p1b: Floette|Floette-Eternal, L50, F|100/100
|move|p2b: Arcanine|Extreme Speed|p1b: Floette
|-damage|p1b: Floette|66/100
|move|p1a: Whimsicott|Encore|p2a: Raichu
|-start|p2a: Raichu|Encore
|move|p2a: Raichu|Focus Blast|p1b: Floette
|-resisted|p1b: Floette|1
|-damage|p1b: Floette|46/100
|
|upkeep
|turn|3
|
|t:|1785329501
|detailschange|p1b: Floette|Floette-Mega, L50, F
|-mega|p1b: Floette|Floette|Floettite
|-ability|p1b: Floette|Fairy Aura
|move|p1b: Floette|Protect|p1b: Floette
|-singleturn|p1b: Floette|Protect
|move|p2a: Raichu|Focus Blast|p1a: Whimsicott
|-resisted|p1a: Whimsicott|1
|-damage|p1a: Whimsicott|63/100
|move|p1a: Whimsicott|Moonblast|p2b: Arcanine
|-resisted|p2b: Arcanine|1
|-damage|p2b: Arcanine|57/100
|move|p2b: Arcanine|Flare Blitz|p1b: Floette
|-activate|p1b: Floette|move: Protect
|
|upkeep
|turn|4
|
|t:|1785329524
|move|p2b: Arcanine|Extreme Speed|p1b: Floette
|-damage|p1b: Floette|16/100
|move|p1a: Whimsicott|Tailwind|p1a: Whimsicott
|-sidestart|p1: eastyliam67|move: Tailwind
|move|p1b: Floette|Light of Ruin|p2b: Arcanine
|-resisted|p2b: Arcanine|1
|-damage|p2b: Arcanine|0 fnt
|faint|p2b: Arcanine
|-damage|p1b: Floette|0 fnt|[from] Recoil
|faint|p1b: Floette
|move|p2a: Raichu|Focus Blast|p1a: Whimsicott
|-resisted|p1a: Whimsicott|1
|-crit|p1a: Whimsicott
|-damage|p1a: Whimsicott|11/100
|
|-end|p2a: Raichu|Encore
|upkeep
|
|t:|1785329548
|switch|p2b: Kingambit|Kingambit, L50, M|100/100
|switch|p1b: Kingambit|Kingambit, L50, F|100/100
|turn|5
|
|t:|1785329603
|switch|p1a: Garchomp|Garchomp, L50, F|19/100
|move|p2b: Kingambit|Sucker Punch||[still]
|-fail|p2b: Kingambit
|move|p2a: Raichu|Focus Blast|p1b: Kingambit
|-supereffective|p1b: Kingambit|2
|-enditem|p1b: Kingambit|Chople Berry|[eat]
|-enditem|p1b: Kingambit|Chople Berry|[weaken]
|-damage|p1b: Kingambit|21/100
|move|p1b: Kingambit|Low Kick|p2b: Kingambit
|-supereffective|p2b: Kingambit|2
|-damage|p2b: Kingambit|0 fnt
|faint|p2b: Kingambit
|
|upkeep
|
|t:|1785329612
|switch|p2b: Sylveon|Sylveon, L50, F|100/100
|turn|6
|
|t:|1785329667
|move|p2a: Raichu|Protect|p2a: Raichu
|-singleturn|p2a: Raichu|Protect
|move|p1a: Garchomp|Stomping Tantrum|p2a: Raichu
|-activate|p2a: Raichu|move: Protect
|move|p1b: Kingambit|Iron Head|p2b: Sylveon
|-supereffective|p2b: Sylveon|1
|-damage|p2b: Sylveon|0 fnt
|faint|p2b: Sylveon
|
|upkeep
|turn|7
|j| 0oBRUNCHo0
|c|☆eastyliam67|電光烈咬 打大將應該100%吧
|
|t:|1785329711
|switch|p1b: Whimsicott|Whimsicott, L50, M|11/100
|move|p1a: Garchomp|Stomping Tantrum|p2a: Raichu
|-supereffective|p2a: Raichu|1
|-damage|p2a: Raichu|0 fnt
|faint|p2a: Raichu
|-damage|p1a: Garchomp|9/100|[from] item: Life Orb
|
|win|eastyliam67
|j| qaz8787
|l| 0oBRUNCHo0
|c|☆Yei_Lai|怕傷害不夠，不過的確是這樣拚才對
|c|☆Yei_Lai|有打錯
|j| 0oBRUNCHo0
|l| 0oBRUNCHo0
