|j|☆browe
|j|☆cinnamoroll 4 eva
|html|browecinnamoroll 4 eva    
|uhtml|bestof|Game 3 of a best-of-3
|t:|1755365943
|gametype|doubles
|player|p1|browe|shadowtriad|1197
|player|p2|cinnamoroll 4 eva|266|1127
|gen|9
|tier|[Gen 9] VGC 2025 Reg H (Bo3)
|rated|
|rule|Species Clause: Limit one of each Pokémon
|rule|Item Clause: Limit 1 of each item
|clearpoke
|poke|p1|Ninetales-Alola, L50, F|
|poke|p1|Gholdengo, L50|
|poke|p1|Rillaboom, L50, M|
|poke|p1|Volcarona, L50, M|
|poke|p1|Baxcalibur, L50, M|
|poke|p1|Tauros-Paldea-Aqua, L50, M|
|poke|p2|Ursaluna, L50, M|
|poke|p2|Torkoal, L50, M|
|poke|p2|Indeedee-F, L50, F|
|poke|p2|Hatterene, L50, F|
|poke|p2|Gallade, L50, M|
|poke|p2|Lilligant-Hisui, L50, F|
|teampreview|4
|showteam|p1|Ninetales-Alola||LightClay|SnowWarning|Blizzard,IcyWind,AuroraVeil,Moonblast|||F|||50|,,,,,Ghost]Gholdengo||Leftovers|GoodasGold|MakeItRain,ShadowBall,NastyPlot,Protect||||||50|,,,,,Dragon]Rillaboom||AssaultVest|GrassySurge|FakeOut,WoodHammer,GrassyGlide,Uturn|||M|||50|,,,,,Fire]Volcarona||SitrusBerry|FlameBody|HeatWave,GigaDrain,QuiverDance,Protect|||M|||50|,,,,,Grass]Baxcalibur||ClearAmulet|ThermalExchange|IcicleCrash,GlaiveRush,IceShard,Protect|||M|||50|,,,,,Water]Tauros-Paldea-Aqua||MirrorHerb|Intimidate|RagingBull,CloseCombat,AquaJet,Protect|||M|||50|,,,,,Grass
|showteam|p2|Ursaluna||FlameOrb|Guts|Protect,Facade,Earthquake,HeadlongRush|||M|||50|,,,,,Ghost]Torkoal||Charcoal|Drought|Eruption,HeatWave,WeatherBall,Protect|||M|||50|,,,,,Fire]Indeedee-F||SafetyGoggles|PsychicSurge|Psychic,FollowMe,HelpingHand,TrickRoom|||F|||50|,,,,,Water]Hatterene||CovertCloak|MagicBounce|Protect,ExpandingForce,DazzlingGleam,TrickRoom|||F|||50|,,,,,Psychic]Gallade||ClearAmulet|Sharpness|PsychoCut,SacredSword,WideGuard,TrickRoom|||M|||50|,,,,,Grass]Lilligant-Hisui||FocusSash|Chlorophyll|SolarBlade,CloseCombat,SleepPowder,AfterYou|||F|||50|,,,,,Ghost
|
|t:|1755365987
|teamsize|p1|4
|teamsize|p2|4
|start
|switch|p1a: Ninetales|Ninetales-Alola, L50, F|100/100
|switch|p1b: Baxcalibur|Baxcalibur, L50, M|100/100
|switch|p2a: Indeedee|Indeedee-F, L50, F, shiny|100/100
|switch|p2b: Gallade|Gallade, L50, M|100/100
|-weather|Snowscape|[from] ability: Snow Warning|[of] p1a: Ninetales
|-fieldstart|move: Psychic Terrain|[from] ability: Psychic Surge|[of] p2a: Indeedee
|turn|1
|
|t:|1755366003
|switch|p2b: Torkoal|Torkoal, L50, M, shiny|100/100
|-weather|SunnyDay|[from] ability: Drought|[of] p2b: Torkoal
|move|p1a: Ninetales|Aurora Veil||[still]
|-fail|p1a: Ninetales
|move|p1b: Baxcalibur|Glaive Rush|p2a: Indeedee
|-damage|p2a: Indeedee|33/100
|-singlemove|p1b: Baxcalibur|Glaive Rush|[silent]
|move|p2a: Indeedee|Trick Room|p2a: Indeedee
|-fieldstart|move: Trick Room|[of] p2a: Indeedee
|
|-weather|SunnyDay|[upkeep]
|upkeep
|turn|2
|
|t:|1755366025
|switch|p1a: Tauros|Tauros-Paldea-Aqua, L50, M|100/100
|-ability|p1a: Tauros|Intimidate|boost
|-unboost|p2a: Indeedee|atk|1
|-unboost|p2b: Torkoal|atk|1
|move|p1b: Baxcalibur|Protect|p1b: Baxcalibur
|-singleturn|p1b: Baxcalibur|Protect
|move|p2b: Torkoal|Weather Ball|p1a: Tauros
|-resisted|p1a: Tauros
|-damage|p1a: Tauros|40/100
|move|p2a: Indeedee|Psychic|p1b: Baxcalibur
|-activate|p1b: Baxcalibur|move: Protect
|
|-weather|SunnyDay|[upkeep]
|upkeep
|turn|3
|
|t:|1755366062
|switch|p2a: Gallade|Gallade, L50, M|100/100
|switch|p1a: Ninetales|Ninetales-Alola, L50, F|100/100
|-weather|Snowscape|[from] ability: Snow Warning|[of] p1a: Ninetales
|-terastallize|p1b: Baxcalibur|Water
|move|p2b: Torkoal|Weather Ball|p1a: Ninetales
|-resisted|p1a: Ninetales
|-damage|p1a: Ninetales|87/100
|move|p1b: Baxcalibur|Glaive Rush|p2a: Gallade
|-damage|p2a: Gallade|3/100
|-singlemove|p1b: Baxcalibur|Glaive Rush|[silent]
|
|-weather|Snowscape|[upkeep]
|upkeep
|turn|4
|
|t:|1755366096
|switch|p2b: Ursaluna|Ursaluna, L50, M, shiny|100/100
|move|p1b: Baxcalibur|Protect|p1b: Baxcalibur
|-singleturn|p1b: Baxcalibur|Protect
|move|p2a: Gallade|Psycho Cut|p1a: Ninetales
|-damage|p1a: Ninetales|25/100
|move|p1a: Ninetales|Aurora Veil|p1a: Ninetales
|-sidestart|p1: browe|move: Aurora Veil
|
|-weather|Snowscape|[upkeep]
|-status|p2b: Ursaluna|brn|[from] item: Flame Orb
|upkeep
|turn|5
|
|t:|1755366137
|switch|p1b: Rillaboom|Rillaboom, L50, M|100/100
|-fieldstart|move: Grassy Terrain|[from] ability: Grassy Surge|[of] p1b: Rillaboom
|switch|p1a: Tauros|Tauros-Paldea-Aqua, L50, M|40/100
|-ability|p1a: Tauros|Intimidate|boost
|-fail|p2a: Gallade|unboost|[from] item: Clear Amulet|[of] p2a: Gallade
|-unboost|p2b: Ursaluna|atk|1
|move|p2b: Ursaluna|Facade|p1b: Rillaboom
|-damage|p1b: Rillaboom|47/100
|move|p2a: Gallade|Psycho Cut|p1a: Tauros
|-supereffective|p1a: Tauros
|-damage|p1a: Tauros|0 fnt
|faint|p1a: Tauros
|
|-weather|Snowscape|[upkeep]
|-heal|p2a: Gallade|9/100|[from] Grassy Terrain
|-heal|p1b: Rillaboom|53/100|[from] Grassy Terrain
|-damage|p2b: Ursaluna|94/100 brn|[from] brn
|-fieldend|move: Trick Room
|upkeep
|
|t:|1755366154
|switch|p1a: Baxcalibur|Baxcalibur, L50, M, tera:Water|100/100
|turn|6
|
|t:|1755366188
|switch|p2a: Indeedee|Indeedee-F, L50, F, shiny|33/100
|-fieldstart|move: Psychic Terrain|[from] ability: Psychic Surge|[of] p2a: Indeedee
|-terastallize|p2b: Ursaluna|Ghost
|move|p1a: Baxcalibur|Glaive Rush|p2b: Ursaluna
|-damage|p2b: Ursaluna|35/100 brn
|-singlemove|p1a: Baxcalibur|Glaive Rush|[silent]
|move|p1b: Rillaboom|Grassy Glide|p2a: Indeedee
|-damage|p2a: Indeedee|6/100
|move|p2b: Ursaluna|Facade|p1a: Baxcalibur
|-damage|p1a: Baxcalibur|0 fnt
|faint|p1a: Baxcalibur
|
|-weather|Snowscape|[upkeep]
|-damage|p2b: Ursaluna|29/100 brn|[from] brn
|upkeep
|
|t:|1755366240
|switch|p1a: Ninetales|Ninetales-Alola, L50, F|25/100
|turn|7
|
|t:|1755366262
|switch|p2a: Torkoal|Torkoal, L50, M, shiny|100/100
|-weather|SunnyDay|[from] ability: Drought|[of] p2a: Torkoal
|move|p1a: Ninetales|Blizzard|p2b: Ursaluna|[spread] p2b
|-miss|p1a: Ninetales|p2a: Torkoal
|-damage|p2b: Ursaluna|9/100 brn
|move|p1b: Rillaboom|U-turn|p2a: Torkoal
|-resisted|p2a: Torkoal
|-damage|p2a: Torkoal|92/100
|move|p2b: Ursaluna|Facade|p1a: Ninetales
|-damage|p1a: Ninetales|0 fnt
|faint|p1a: Ninetales
|
|-weather|SunnyDay|[upkeep]
|-damage|p2b: Ursaluna|2/100 brn|[from] brn
|upkeep
|turn|8
|
|t:|1755366279
|move|p1b: Rillaboom|Wood Hammer|p2a: Torkoal
|-resisted|p2a: Torkoal
|-damage|p2a: Torkoal|68/100
|-damage|p1b: Rillaboom|46/100|[from] Recoil
|move|p2b: Ursaluna|Facade|p1b: Rillaboom
|-damage|p1b: Rillaboom|0 fnt
|faint|p1b: Rillaboom
|
|win|cinnamoroll 4 eva
|raw|browe's rating: 1197 → 1167(-30 for losing)
|raw|cinnamoroll 4 eva's rating: 1127 → 1157(+30 for winning)
|c|☆cinnamoroll 4 eva|gg
