|j|☆P!nkbearz07
|j|☆natsukivgc
|html|P!nkbearz07natsukivgc    
|uhtml|bestof|Game 3 of a best-of-3
|t:|1786118007
|gametype|doubles
|player|p1|P!nkbearz07|102|1143
|player|p2|natsukivgc|101|1232
|gen|9
|tier|[Gen 9 Champions] VGC 2026 Reg M-B (Bo3)
|rated|
|rule|Species Clause: Limit one of each Pokémon
|rule|Item Clause: Limit 1 of each item
|clearpoke
|poke|p1|Swampert, L50, F, shiny|
|poke|p1|Gengar, L50, M, shiny|
|poke|p1|Pelipper, L50, M, shiny|
|poke|p1|Vivillon, L50, M, shiny|
|poke|p1|Raichu, L50, F, shiny|
|poke|p1|Incineroar, L50, F, shiny|
|poke|p2|Garchomp, L50, M|
|poke|p2|Venusaur, L50, M|
|poke|p2|Incineroar, L50, F|
|poke|p2|Charizard, L50, M|
|poke|p2|Toxapex, L50, M|
|poke|p2|Annihilape, L50, M|
|teampreview|4
|showteam|p1|Swampert||Swampertite|Damp|WaveCrash,Earthquake,IcePunch,Protect|Jolly||F|||50|]Gengar||Gengarite|CursedBody|ShadowBall,SludgeBomb,PerishSong,Protect|Timid||M|||50|]Pelipper||FocusSash|Drizzle|WeatherBall,Hurricane,Tailwind,Protect|Timid||M|||50|]Vivillon||ChoiceScarf|CompoundEyes|Hurricane,PollenPuff,RagePowder,SleepPowder|Timid||M|||50|]Raichu||RaichuniteY|LightningRod|FakeOut,ZapCannon,AlluringVoice,HelpingHand|Hasty||F|||50|]Incineroar||SitrusBerry|Intimidate|FakeOut,DarkestLariat,PartingShot,Protect|Adamant||F|||50|
|showteam|p2|Garchomp||ChoiceScarf|RoughSkin|Earthquake,DragonClaw,StompingTantrum,RockSlide|Adamant||M|||50|]Venusaur||LifeOrb|Chlorophyll|SolarBeam,SludgeBomb,EarthPower,Protect|Modest||M|||50|]Incineroar||SitrusBerry|Intimidate|FlareBlitz,ThroatChop,FakeOut,PartingShot|Impish||F|||50|]Charizard||CharizarditeY|Blaze|HeatWave,WeatherBall,Protect,HelpingHand|Modest||M|||50|]Toxapex||Leftovers|Regenerator|Infestation,Toxic,WideGuard,BanefulBunker|Bold||M|||50|]Annihilape||FocusSash|Defiant|CloseCombat,PhantomForce,RockTomb,Protect|Jolly||M|||50|
|inactive|Battle timer is ON: inactive players will automatically lose when time's up. (requested by P!nkbearz07)
|inactive|P!nkbearz07 has 60 seconds left.
|inactive|natsukivgc has 60 seconds left.
|
|t:|1786118056
|teamsize|p1|4
|teamsize|p2|4
|start
|switch|p1a: Vivillon|Vivillon, L50, M, shiny|100/100
|switch|p1b: Swampert|Swampert, L50, F, shiny|100/100
|switch|p2a: Incineroar|Incineroar, L50, F|100/100
|switch|p2b: Charizard|Charizard, L50, M|100/100
|-ability|p2a: Incineroar|Intimidate|boost
|-unboost|p1a: Vivillon|atk|1
|-unboost|p1b: Swampert|atk|1
|turn|1
|inactive|natsukivgc has 30 seconds left.
|
|t:|1786118087
|switch|p1a: Gengar|Gengar, L50, M, shiny|100/100
|detailschange|p2b: Charizard|Charizard-Mega-Y, L50, M
|-mega|p2b: Charizard|Charizard|Charizardite Y
|-weather|SunnyDay|[from] ability: Drought|[of] p2b: Charizard
|move|p1b: Swampert|Protect|p1b: Swampert
|-singleturn|p1b: Swampert|Protect
|move|p2b: Charizard|Weather Ball|p1a: Gengar
|-damage|p1a: Gengar|0 fnt
|faint|p1a: Gengar
|move|p2a: Incineroar|Throat Chop|p1b: Swampert
|-activate|p1b: Swampert|move: Protect
|
|-weather|SunnyDay|[upkeep]
|upkeep
|
|t:|1786118104
|switch|p1a: Pelipper|Pelipper, L50, M, shiny|100/100
|-weather|RainDance|[from] ability: Drizzle|[of] p1a: Pelipper
|turn|2
|
|t:|1786118121
|switch|p2a: Toxapex|Toxapex, L50, M|100/100
|detailschange|p1b: Swampert|Swampert-Mega, L50, F, shiny
|-mega|p1b: Swampert|Swampert|Swampertite
|move|p2b: Charizard|Protect|p2b: Charizard
|-singleturn|p2b: Charizard|Protect
|move|p1b: Swampert|Wave Crash|p2b: Charizard
|-activate|p2b: Charizard|move: Protect
|move|p1a: Pelipper|Weather Ball|p2a: Toxapex
|-resisted|p2a: Toxapex|1
|-damage|p2a: Toxapex|75/100
|
|-weather|RainDance|[upkeep]
|-heal|p2a: Toxapex|80/100|[from] item: Leftovers
|upkeep
|turn|3
|inactive|natsukivgc has 30 seconds left.
|
|t:|1786118155
|switch|p2b: Incineroar|Incineroar, L50, F|100/100
|-ability|p2b: Incineroar|Intimidate|boost
|-unboost|p1a: Pelipper|atk|1
|-unboost|p1b: Swampert|atk|1
|move|p1b: Swampert|Earthquake|p2a: Toxapex|[spread] p2a,p2b
|-immune|p1a: Pelipper
|-supereffective|p2a: Toxapex|1
|-supereffective|p2b: Incineroar|1
|-damage|p2a: Toxapex|52/100
|-damage|p2b: Incineroar|70/100
|move|p1a: Pelipper|Hurricane|p2a: Toxapex
|-damage|p2a: Toxapex|19/100
|move|p2a: Toxapex|Infestation|p1a: Pelipper
|-resisted|p1a: Pelipper|1
|-damage|p1a: Pelipper|97/100
|-activate|p1a: Pelipper|move: Infestation|[of] p2a: Toxapex
|
|-weather|RainDance|[upkeep]
|-heal|p2a: Toxapex|25/100|[from] item: Leftovers
|-damage|p1a: Pelipper|85/100|[from] move: Infestation|[partiallytrapped]
|upkeep
|turn|4
|inactive|natsukivgc has 30 seconds left.
|
|t:|1786118188
|switch|p1b: Vivillon|Vivillon, L50, M, shiny|100/100
|-heal|p2a: Toxapex|58/100|[from] ability: Regenerator|[silent]
|switch|p2a: Charizard|Charizard-Mega-Y, L50, M|100/100
|-weather|SunnyDay|[from] ability: Drought|[of] p2a: Charizard
|move|p2b: Incineroar|Fake Out|p1b: Vivillon
|-damage|p1b: Vivillon|78/100
|move|p1a: Pelipper|Hurricane|p2a: Charizard|[miss]
|-miss|p1a: Pelipper|p2a: Charizard
|
|-weather|SunnyDay|[upkeep]
|-end|p1a: Pelipper|Infestation|[partiallytrapped]|[silent]
|upkeep
|turn|5
|
|t:|1786118205
|switch|p1a: Swampert|Swampert-Mega, L50, F, shiny|100/100
|move|p1b: Vivillon|Sleep Powder|p2a: Charizard
|-status|p2a: Charizard|slp|[from] move: Sleep Powder
|cant|p2a: Charizard|slp
|move|p2b: Incineroar|Flare Blitz|p1b: Vivillon
|-supereffective|p1b: Vivillon|1
|-damage|p1b: Vivillon|0 fnt
|faint|p1b: Vivillon
|-damage|p2b: Incineroar|50/100y|[from] Recoil
|-enditem|p2b: Incineroar|Sitrus Berry|[eat]
|-heal|p2b: Incineroar|74/100|[from] item: Sitrus Berry
|
|-weather|SunnyDay|[upkeep]
|upkeep
|
|t:|1786118213
|switch|p1b: Pelipper|Pelipper, L50, M, shiny|85/100
|-weather|RainDance|[from] ability: Drizzle|[of] p1b: Pelipper
|turn|6
|
|t:|1786118233
|switch|p2a: Toxapex|Toxapex, L50, M|58/100
|move|p1a: Swampert|Wave Crash|p2a: Toxapex
|-resisted|p2a: Toxapex|1
|-damage|p2a: Toxapex|29/100
|-damage|p1a: Swampert|92/100|[from] Recoil
|move|p1b: Pelipper|Weather Ball|p2b: Incineroar
|-supereffective|p2b: Incineroar|1
|-damage|p2b: Incineroar|0 fnt
|faint|p2b: Incineroar
|
|-weather|RainDance|[upkeep]
|-heal|p2a: Toxapex|35/100|[from] item: Leftovers
|upkeep
|
|t:|1786118248
|switch|p2b: Charizard|Charizard-Mega-Y, L50, M|100/100 slp
|-weather|SunnyDay|[from] ability: Drought|[of] p2b: Charizard
|turn|7
|inactive|natsukivgc has 30 seconds left.
|inactive|natsukivgc has 20 seconds left.
|
|t:|1786118286
|-curestatus|p2b: Charizard|slp|[msg]
|move|p2b: Charizard|Protect|p2b: Charizard
|-singleturn|p2b: Charizard|Protect
|move|p1a: Swampert|Earthquake|p2b: Charizard|[spread] p2a
|-activate|p2b: Charizard|move: Protect
|-immune|p1b: Pelipper
|-supereffective|p2a: Toxapex|1
|-damage|p2a: Toxapex|0 fnt
|faint|p2a: Toxapex
|move|p1b: Pelipper|Tailwind|p1b: Pelipper
|-sidestart|p1: P!nkbearz07|move: Tailwind
|
|-weather|SunnyDay|[upkeep]
|upkeep
|
|t:|1786118298
|switch|p2a: Annihilape|Annihilape, L50, M|100/100
|turn|8
|inactive|natsukivgc has 30 seconds left.
|inactive|natsukivgc has 20 seconds left.
|inactive|natsukivgc has 15 seconds left.
|
|t:|1786118342
|move|p1a: Swampert|Wave Crash|p2b: Charizard
|-supereffective|p2b: Charizard|1
|-damage|p2b: Charizard|39/100
|-damage|p1a: Swampert|73/100|[from] Recoil
|move|p1b: Pelipper|Weather Ball|p2b: Charizard
|-resisted|p2b: Charizard|1
|-damage|p2b: Charizard|22/100
|move|p2a: Annihilape|Close Combat|p1a: Swampert
|-damage|p1a: Swampert|27/100
|-unboost|p2a: Annihilape|def|1
|-unboost|p2a: Annihilape|spd|1
|move|p2b: Charizard|Heat Wave|p1a: Swampert|[spread] p1a,p1b
|-resisted|p1a: Swampert|1
|-resisted|p1b: Pelipper|1
|-damage|p1a: Swampert|2/100
|-damage|p1b: Pelipper|29/100
|
|-weather|SunnyDay|[upkeep]
|upkeep
|turn|9
|inactive|P!nkbearz07 has 30 seconds left.
|inactive|natsukivgc has 30 seconds left.
|
|t:|1786118371
|move|p2a: Annihilape|Protect|p2a: Annihilape
|-singleturn|p2a: Annihilape|Protect
|move|p2b: Charizard|Protect|p2b: Charizard
|-singleturn|p2b: Charizard|Protect
|move|p1a: Swampert|Earthquake|p2a: Annihilape|[spread] 
|-activate|p2a: Annihilape|move: Protect
|-activate|p2b: Charizard|move: Protect
|-immune|p1b: Pelipper
|move|p1b: Pelipper|Weather Ball|p2a: Annihilape
|-activate|p2a: Annihilape|move: Protect
|
|-weather|SunnyDay|[upkeep]
|upkeep
|turn|10
|inactive|P!nkbearz07 has 30 seconds left.
|
|t:|1786118399
|move|p1a: Swampert|Ice Punch|p2b: Charizard
|-damage|p2b: Charizard|0 fnt
|faint|p2b: Charizard
|move|p1b: Pelipper|Weather Ball|p2a: Annihilape
|-damage|p2a: Annihilape|37/100
|move|p2a: Annihilape|Rock Tomb|p1a: Swampert
|-resisted|p1a: Swampert|1
|-damage|p1a: Swampert|0 fnt
|faint|p1a: Swampert
|
|-weather|SunnyDay|[upkeep]
|-sideend|p1: P!nkbearz07|move: Tailwind
|upkeep
|turn|11
|
|t:|1786118412
|move|p1b: Pelipper|Protect|p1b: Pelipper
|-singleturn|p1b: Pelipper|Protect
|move|p2a: Annihilape|Rock Tomb|p1b: Pelipper
|-activate|p1b: Pelipper|move: Protect
|
|-weather|none
|upkeep
|turn|12
|
|t:|1786118421
|move|p2a: Annihilape|Rock Tomb|p1b: Pelipper
|-supereffective|p1b: Pelipper|1
|-damage|p1b: Pelipper|0 fnt
|faint|p1b: Pelipper
|
|win|natsukivgc
|raw|P!nkbearz07's rating: 1143 → 1124(-19 for losing)
|raw|natsukivgc's rating: 1232 → 1251(+19 for winning)
