|j|☆raylof
|j|☆koraidon goat
|html|raylofkoraidon goat    
|uhtml|bestof|Game 3 of a best-of-3
|t:|1757917933
|gametype|doubles
|player|p1|raylof|266|1215
|player|p2|koraidon goat|drayden|1118
|gen|9
|tier|[Gen 9] VGC 2025 Reg H (Bo3)
|rated|
|rule|Species Clause: Limit one of each Pokémon
|rule|Item Clause: Limit 1 of each item
|clearpoke
|poke|p1|Dragonite, L50, M|
|poke|p1|Ursaluna-Bloodmoon, L50, M|
|poke|p1|Gholdengo, L50|
|poke|p1|Incineroar, L50, F|
|poke|p1|Sneasler, L50, M|
|poke|p1|Rillaboom, L50, M|
|poke|p2|Gholdengo, L50|
|poke|p2|Dragonite, L50, F|
|poke|p2|Incineroar, L50, M|
|poke|p2|Ribombee, L50, F|
|poke|p2|Annihilape, L50, F|
|poke|p2|Ursaluna-Bloodmoon, L50, M|
|teampreview|4
|showteam|p1|Dragonite||LoadedDice|Multiscale|Protect,ScaleShot,Haze,Tailwind|||M|||50|,,,,,Fairy]Ursaluna-Bloodmoon||LifeOrb|MindsEye|HyperVoice,BloodMoon,EarthPower,Protect|||M|||50|,,,,,Water]Gholdengo||ChoiceScarf|GoodasGold|MakeItRain,ShadowBall,PowerGem,Trick||||||50|,,,,,Water]Incineroar||SafetyGoggles|Intimidate|FlareBlitz,KnockOff,FakeOut,PartingShot|||F|||50|,,,,,Ghost]Sneasler||GrassySeed|Unburden|Protect,Acrobatics,CloseCombat,SwordsDance|||M|||50|,,,,,Flying]Rillaboom||AssaultVest|GrassySurge|WoodHammer,GrassyGlide,HighHorsepower,FakeOut|||M|||50|,,,,,Fire
|showteam|p2|Gholdengo||IronPlate|GoodasGold|MakeItRain,ShadowBall,NastyPlot,Protect||||||50|,,,,,Steel]Dragonite||LoadedDice|Multiscale|ScaleShot,Protect,Haze,Encore|||F|||50|,,,,,Fairy]Incineroar||SitrusBerry|Intimidate|FakeOut,FlareBlitz,KnockOff,PartingShot|||M|||50|,,,,,Ghost]Ribombee||FocusSash|SweetVeil|Moonblast,Protect,Tailwind,PollenPuff|||F|||50|,,,,,Ghost]Annihilape||Leftovers|Defiant|DrainPunch,BulkUp,RageFist,Protect|||F|||50|,,,,,Water]Ursaluna-Bloodmoon||LifeOrb|MindsEye|EarthPower,Protect,HyperVoice,BloodMoon|||M|||50|,,,,,Normal
|inactive|Battle timer is ON: inactive players will automatically lose when time's up. (requested by koraidon goat)
|inactive|raylof has 60 seconds left.
|
|t:|1757917972
|teamsize|p1|4
|teamsize|p2|4
|start
|switch|p1a: Sneasler|Sneasler, L50, M|100/100
|switch|p1b: Rillaboom|Rillaboom, L50, M|100/100
|switch|p2a: Ribombee|Ribombee, L50, F, shiny|100/100
|switch|p2b: Ursaluna|Ursaluna-Bloodmoon, L50, M|100/100
|-fieldstart|move: Grassy Terrain|[from] ability: Grassy Surge|[of] p1b: Rillaboom
|-enditem|p1a: Sneasler|Grassy Seed
|-boost|p1a: Sneasler|def|1|[from] item: Grassy Seed
|turn|1
|inactive|raylof has 30 seconds left.
|inactive|raylof has 20 seconds left.
|
|t:|1757918007
|switch|p2b: Incineroar|Incineroar, L50, M|100/100
|-ability|p2b: Incineroar|Intimidate|boost
|-unboost|p1a: Sneasler|atk|1
|-unboost|p1b: Rillaboom|atk|1
|move|p1b: Rillaboom|Fake Out|p2a: Ribombee
|-damage|p2a: Ribombee|82/100
|move|p1a: Sneasler|Close Combat|p2b: Incineroar
|-supereffective|p2b: Incineroar
|-damage|p2b: Incineroar|11/100
|-unboost|p1a: Sneasler|def|1
|-unboost|p1a: Sneasler|spd|1
|-enditem|p2b: Incineroar|Sitrus Berry|[eat]
|-heal|p2b: Incineroar|36/100|[from] item: Sitrus Berry
|cant|p2a: Ribombee|flinch
|
|-heal|p2a: Ribombee|88/100|[from] Grassy Terrain
|-heal|p2b: Incineroar|42/100|[from] Grassy Terrain
|upkeep
|turn|2
|inactive|raylof has 30 seconds left.
|inactive|koraidon goat has 30 seconds left.
|inactive|koraidon goat has 20 seconds left.
|inactive|koraidon goat has 15 seconds left.
|inactive|koraidon goat has 10 seconds left.
|inactive|koraidon goat has 5 seconds left.
|
|t:|1757918057
|switch|p1a: Gholdengo|Gholdengo, L50|100/100
|switch|p1b: Incineroar|Incineroar, L50, F|100/100
|-ability|p1b: Incineroar|Intimidate|boost
|-unboost|p2a: Ribombee|atk|1
|-unboost|p2b: Incineroar|atk|1
|move|p2b: Incineroar|Fake Out|p1a: Gholdengo
|-immune|p1a: Gholdengo
|move|p2a: Ribombee|Tailwind|p2a: Ribombee
|-sidestart|p2: koraidon goat|move: Tailwind
|
|-heal|p2a: Ribombee|94/100|[from] Grassy Terrain
|-heal|p2b: Incineroar|48/100|[from] Grassy Terrain
|upkeep
|turn|3
|inactive|raylof has 30 seconds left.
|inactive|raylof has 20 seconds left.
|inactive|koraidon goat has 30 seconds left.
|
|t:|1757918100
|switch|p2b: Gholdengo|Gholdengo, L50|100/100
|move|p2a: Ribombee|Protect|p2a: Ribombee
|-singleturn|p2a: Ribombee|Protect
|move|p1a: Gholdengo|Make It Rain|p2b: Gholdengo|[spread] p2b
|-activate|p2a: Ribombee|move: Protect
|-resisted|p2b: Gholdengo
|-damage|p2b: Gholdengo|75/100
|-unboost|p1a: Gholdengo|spa|1
|move|p1b: Incineroar|Parting Shot|p2b: Gholdengo
|-immune|p2b: Gholdengo|[from] ability: Good as Gold
|
|-heal|p2a: Ribombee|99/100|[from] Grassy Terrain
|-heal|p2b: Gholdengo|81/100|[from] Grassy Terrain
|upkeep
|turn|4
|inactive|raylof has 30 seconds left.
|inactive|koraidon goat has 30 seconds left.
|inactive|koraidon goat has 20 seconds left.
|
|t:|1757918135
|switch|p1a: Rillaboom|Rillaboom, L50, M|100/100
|move|p2a: Ribombee|Moonblast|p1b: Incineroar
|-damage|p1b: Incineroar|61/100
|-unboost|p1b: Incineroar|spa|1
|move|p2b: Gholdengo|Shadow Ball|p1a: Rillaboom
|-damage|p1a: Rillaboom|71/100
|move|p1b: Incineroar|Flare Blitz|p2a: Ribombee
|-supereffective|p2a: Ribombee
|-damage|p2a: Ribombee|0 fnt
|faint|p2a: Ribombee
|-damage|p1b: Incineroar|38/100|[from] Recoil
|
|-heal|p2b: Gholdengo|87/100|[from] Grassy Terrain
|-heal|p1a: Rillaboom|77/100|[from] Grassy Terrain
|-heal|p1b: Incineroar|44/100|[from] Grassy Terrain
|upkeep
|inactive|koraidon goat has 30 seconds left.
|
|t:|1757918166
|switch|p2a: Ursaluna|Ursaluna-Bloodmoon, L50, M|100/100
|turn|5
|
|t:|1757918181
|move|p1a: Rillaboom|Fake Out|p2a: Ursaluna
|-damage|p2a: Ursaluna|89/100
|move|p2b: Gholdengo|Shadow Ball|p1a: Rillaboom
|-damage|p1a: Rillaboom|43/100
|cant|p2a: Ursaluna|flinch
|move|p1b: Incineroar|Flare Blitz|p2b: Gholdengo
|-supereffective|p2b: Gholdengo
|-damage|p2b: Gholdengo|0 fnt
|faint|p2b: Gholdengo
|-damage|p1b: Incineroar|20/100|[from] Recoil
|
|-heal|p2a: Ursaluna|95/100|[from] Grassy Terrain
|-heal|p1a: Rillaboom|49/100|[from] Grassy Terrain
|-heal|p1b: Incineroar|26/100|[from] Grassy Terrain
|-sideend|p2: koraidon goat|move: Tailwind
|-fieldend|move: Grassy Terrain
|upkeep
|
|t:|1757918191
|switch|p2b: Incineroar|Incineroar, L50, M|48/100
|-ability|p2b: Incineroar|Intimidate|boost
|-unboost|p1a: Rillaboom|atk|1
|-unboost|p1b: Incineroar|atk|1
|turn|6
|inactive|raylof has 30 seconds left.
|inactive|koraidon goat has 30 seconds left.
|inactive|koraidon goat has 20 seconds left.
|
|t:|1757918233
|move|p1a: Rillaboom|Wood Hammer|p2a: Ursaluna
|-supereffective|p2a: Ursaluna
|-damage|p2a: Ursaluna|25/100
|-damage|p1a: Rillaboom|27/100|[from] Recoil
|move|p1b: Incineroar|Knock Off|p2a: Ursaluna
|-damage|p2a: Ursaluna|5/100
|-enditem|p2a: Ursaluna|Life Orb|[from] move: Knock Off|[of] p1b: Incineroar
|move|p2a: Ursaluna|Earth Power|p1a: Rillaboom
|-resisted|p1a: Rillaboom
|-damage|p1a: Rillaboom|9/100
|-unboost|p1a: Rillaboom|spd|1
|move|p2b: Incineroar|Flare Blitz|p1b: Incineroar
|-resisted|p1b: Incineroar
|-damage|p1b: Incineroar|2/100
|-damage|p2b: Incineroar|40/100|[from] Recoil
|
|upkeep
|turn|7
|-message|koraidon goat forfeited.
|
|win|raylof
|raw|raylof's rating: 1215 → 1233(+18 for winning)
|raw|koraidon goat's rating: 1118 → 1100(-18 for losing)
|l|☆koraidon goat
|player|p2|
