|j|☆VGC_HEARTGOLD
|j|☆Zzag
|html|VGC_HEARTGOLDZzag    
|uhtml|bestof|Game 2 of a best-of-3
|t:|1757110666
|gametype|doubles
|player|p1|VGC_HEARTGOLD|ethan|1076
|player|p2|Zzag|102|1168
|gen|9
|tier|[Gen 9] VGC 2025 Reg H (Bo3)
|rated|
|rule|Species Clause: Limit one of each Pokémon
|rule|Item Clause: Limit 1 of each item
|clearpoke
|poke|p1|Gholdengo, L50|
|poke|p1|Ursaluna-Bloodmoon, L50, M|
|poke|p1|Dragonite, L50, M|
|poke|p1|Rillaboom, L50, F|
|poke|p1|Maushold, L50|
|poke|p1|Annihilape, L50, M|
|poke|p2|Pelipper, L50, F|
|poke|p2|Baxcalibur, L50, F|
|poke|p2|Dragonite, L50, F|
|poke|p2|Basculegion, L50, M|
|poke|p2|Amoonguss, L50, M|
|poke|p2|Incineroar, L50, M|
|teampreview|4
|showteam|p1|Gholdengo||LifeOrb|GoodasGold|MakeItRain,ShadowBall,NastyPlot,Protect||||||50|,,,,,Dragon]Ursaluna-Bloodmoon||AssaultVest|MindsEye|BloodMoon,HyperVoice,EarthPower,VacuumWave|||M|||50|,,,,,Normal]Dragonite||LoadedDice|Multiscale|ScaleShot,Tailwind,Haze,Protect|||M|||50|,,,,,Fairy]Rillaboom||MiracleSeed|GrassySurge|DrumBeating,GrassyGlide,FakeOut,KnockOff|||F|||50|,,,,,Fire]Maushold||FocusSash|FriendGuard|SuperFang,FollowMe,BeatUp,Protect||||||50|,,,,,Ghost]Annihilape||SafetyGoggles|Defiant|DrainPunch,RageFist,BulkUp,Protect|||M|||50|,,,,,Water
|showteam|p2|Pelipper||FocusSash|Drizzle|Hurricane,WeatherBall,Protect,Tailwind|||F|||50|,,,,,Stellar]Baxcalibur||DracoPlate|ThermalExchange|IceShard,IcicleCrash,GlaiveRush,Protect|||F|||50|,,,,,Poison]Dragonite||LoadedDice|Multiscale|ScaleShot,ExtremeSpeed,Haze,Protect|||F|||50|,,,,,Fairy]Basculegion||LifeOrb|SwiftSwim|LastRespects,WaveCrash,AquaJet,Protect|||M|||50|,,,,,Water]Amoonguss||SitrusBerry|Regenerator|Protect,PollenPuff,RagePowder,Spore|||M|||50|,,,,,Steel]Incineroar||AssaultVest|Intimidate|FakeOut,DrainPunch,KnockOff,Uturn|||M|||50|,,,,,Grass
|inactive|Battle timer is ON: inactive players will automatically lose when time's up. (requested by Zzag)
|inactive|Zzag has 60 seconds left.
|inactive|Zzag has 30 seconds left.
|
|t:|1757110726
|teamsize|p1|4
|teamsize|p2|4
|start
|switch|p1a: Maushold|Maushold, L50|100/100
|switch|p1b: Annihilape|Annihilape, L50, M|100/100
|switch|p2a: Amoonguss|Amoonguss, L50, M, shiny|100/100
|switch|p2b: Pelipper|Pelipper, L50, F|100/100
|-weather|RainDance|[from] ability: Drizzle|[of] p2b: Pelipper
|turn|1
|inactive|VGC_HEARTGOLD has 30 seconds left.
|inactive|VGC_HEARTGOLD has 20 seconds left.
|
|t:|1757110765
|move|p1a: Maushold|Beat Up|p1b: Annihilape
|-damage|p1b: Annihilape|98/100
|-damage|p1b: Annihilape|96/100
|-damage|p1b: Annihilape|93/100
|-damage|p1b: Annihilape|91/100
|-hitcount|p1b: Annihilape|4
|move|p1b: Annihilape|Bulk Up|p1b: Annihilape
|-boost|p1b: Annihilape|atk|1
|-boost|p1b: Annihilape|def|1
|move|p2b: Pelipper|Hurricane|p1b: Annihilape
|-supereffective|p1b: Annihilape
|-damage|p1b: Annihilape|30/100
|-start|p1b: Annihilape|confusion
|move|p2a: Amoonguss|Spore|p1a: Maushold
|-status|p1a: Maushold|slp|[from] move: Spore
|
|-weather|RainDance|[upkeep]
|upkeep
|turn|2
|inactive|Zzag has 30 seconds left.
|
|t:|1757110791
|-terastallize|p1b: Annihilape|Water
|cant|p1a: Maushold|slp
|-activate|p1b: Annihilape|confusion
|move|p1b: Annihilape|Drain Punch|p2a: Amoonguss
|-resisted|p2a: Amoonguss
|-damage|p2a: Amoonguss|80/100
|-heal|p1b: Annihilape|42/100|[from] drain|[of] p2a: Amoonguss
|move|p2b: Pelipper|Tailwind|p2b: Pelipper
|-sidestart|p2: Zzag|move: Tailwind
|move|p2a: Amoonguss|Pollen Puff|p1a: Maushold
|-damage|p1a: Maushold|77/100 slp
|
|-weather|RainDance|[upkeep]
|upkeep
|turn|3
|inactive|VGC_HEARTGOLD has 30 seconds left.
|
|t:|1757110819
|move|p2b: Pelipper|Hurricane|p1b: Annihilape
|-damage|p1b: Annihilape|10/100
|-curestatus|p1a: Maushold|slp|[msg]
|move|p1a: Maushold|Beat Up|p1b: Annihilape
|-damage|p1b: Annihilape|8/100
|-damage|p1b: Annihilape|6/100
|-damage|p1b: Annihilape|4/100
|-damage|p1b: Annihilape|3/100
|-hitcount|p1b: Annihilape|4
|-end|p1b: Annihilape|confusion
|move|p1b: Annihilape|Rage Fist|p2b: Pelipper
|-enditem|p2b: Pelipper|Focus Sash
|-damage|p2b: Pelipper|1/100
|move|p2a: Amoonguss|Spore|p1a: Maushold
|-status|p1a: Maushold|slp|[from] move: Spore
|
|-weather|RainDance|[upkeep]
|upkeep
|turn|4
|inactive|VGC_HEARTGOLD has 30 seconds left.
|
|t:|1757110858
|cant|p1a: Maushold|slp
|move|p2b: Pelipper|Weather Ball|p1a: Maushold
|-damage|p1a: Maushold|0 fnt
|faint|p1a: Maushold
|move|p1b: Annihilape|Drain Punch|p2a: Amoonguss
|-resisted|p2a: Amoonguss
|-damage|p2a: Amoonguss|59/100
|-heal|p1b: Annihilape|14/100|[from] drain|[of] p2a: Amoonguss
|move|p2a: Amoonguss|Pollen Puff|p2b: Pelipper
|-heal|p2b: Pelipper|51/100
|
|-weather|RainDance|[upkeep]
|upkeep
|inactive|VGC_HEARTGOLD has 30 seconds left.
|
|t:|1757110886
|switch|p1a: Dragonite|Dragonite, L50, M|100/100
|turn|5
|
|t:|1757110901
|move|p1b: Annihilape|Protect|p1b: Annihilape
|-singleturn|p1b: Annihilape|Protect
|move|p2b: Pelipper|Hurricane|p1b: Annihilape
|-activate|p1b: Annihilape|move: Protect
|move|p1a: Dragonite|Tailwind|p1a: Dragonite
|-sidestart|p1: VGC_HEARTGOLD|move: Tailwind
|move|p2a: Amoonguss|Spore|p1a: Dragonite
|-status|p1a: Dragonite|slp|[from] move: Spore
|
|-weather|none
|-sideend|p2: Zzag|move: Tailwind
|upkeep
|turn|6
|inactive|Zzag has 30 seconds left.
|
|t:|1757110927
|move|p2b: Pelipper|Protect|p2b: Pelipper
|-singleturn|p2b: Pelipper|Protect
|move|p1b: Annihilape|Drain Punch|p2b: Pelipper
|-activate|p2b: Pelipper|move: Protect
|cant|p1a: Dragonite|slp
|move|p2a: Amoonguss|Pollen Puff|p1b: Annihilape
|-damage|p1b: Annihilape|0 fnt
|faint|p1b: Annihilape
|
|upkeep
|
|t:|1757110930
|switch|p1b: Gholdengo|Gholdengo, L50|100/100
|turn|7
|
|t:|1757110947
|switch|p2b: Basculegion|Basculegion, L50, M|100/100
|move|p1b: Gholdengo|Make It Rain|p2a: Amoonguss|[spread] p2a,p2b
|-resisted|p2b: Basculegion
|-crit|p2b: Basculegion
|-damage|p2a: Amoonguss|13/100
|-damage|p2b: Basculegion|59/100
|-unboost|p1b: Gholdengo|spa|1
|-enditem|p2a: Amoonguss|Sitrus Berry|[eat]
|-heal|p2a: Amoonguss|38/100|[from] item: Sitrus Berry
|-damage|p1b: Gholdengo|91/100|[from] item: Life Orb
|-curestatus|p1a: Dragonite|slp|[msg]
|move|p1a: Dragonite|Scale Shot|p2b: Basculegion
|-crit|p2b: Basculegion
|-damage|p2b: Basculegion|35/100
|-crit|p2b: Basculegion
|-damage|p2b: Basculegion|11/100
|-damage|p2b: Basculegion|0 fnt
|faint|p2b: Basculegion
|-hitcount|p2: Basculegion|3
|-unboost|p1a: Dragonite|def|1
|-boost|p1a: Dragonite|spe|1
|move|p2a: Amoonguss|Spore|p1a: Dragonite
|-status|p1a: Dragonite|slp|[from] move: Spore
|
|upkeep
|inactive|Zzag has 30 seconds left.
|
|t:|1757110973
|switch|p2b: Baxcalibur|Baxcalibur, L50, F|100/100
|turn|8
|
|t:|1757110981
|-terastallize|p2b: Baxcalibur|Poison
|cant|p1a: Dragonite|slp
|move|p1b: Gholdengo|Make It Rain|p2a: Amoonguss|[spread] p2a,p2b
|-damage|p2a: Amoonguss|9/100
|-damage|p2b: Baxcalibur|68/100
|-unboost|p1b: Gholdengo|spa|1
|-damage|p1b: Gholdengo|81/100|[from] item: Life Orb
|move|p2b: Baxcalibur|Icicle Crash|p1a: Dragonite
|-supereffective|p1a: Dragonite
|-damage|p1a: Dragonite|0 fnt
|faint|p1a: Dragonite
|move|p2a: Amoonguss|Pollen Puff|p2b: Baxcalibur
|-heal|p2b: Baxcalibur|100/100
|
|-sideend|p1: VGC_HEARTGOLD|move: Tailwind
|upkeep
|turn|9
|inactive|Zzag has 30 seconds left.
|
|t:|1757111007
|switch|p2a: Pelipper|Pelipper, L50, F|51/100
|-weather|RainDance|[from] ability: Drizzle|[of] p2a: Pelipper
|move|p1b: Gholdengo|Nasty Plot|p1b: Gholdengo
|-boost|p1b: Gholdengo|spa|2
|move|p2b: Baxcalibur|Glaive Rush|p1b: Gholdengo
|-resisted|p1b: Gholdengo
|-damage|p1b: Gholdengo|36/100
|-singlemove|p2b: Baxcalibur|Glaive Rush|[silent]
|
|-weather|RainDance|[upkeep]
|upkeep
|turn|10
|
|t:|1757111019
|move|p2b: Baxcalibur|Protect|p2b: Baxcalibur
|-singleturn|p2b: Baxcalibur|Protect
|move|p1b: Gholdengo|Make It Rain|p2b: Baxcalibur|[spread] p2a
|-activate|p2b: Baxcalibur|move: Protect
|-resisted|p2a: Pelipper
|-damage|p2a: Pelipper|3/100
|-unboost|p1b: Gholdengo|spa|1
|-damage|p1b: Gholdengo|27/100|[from] item: Life Orb
|move|p2a: Pelipper|Tailwind|p2a: Pelipper
|-sidestart|p2: Zzag|move: Tailwind
|
|-weather|RainDance|[upkeep]
|upkeep
|turn|11
|
|t:|1757111032
|move|p2a: Pelipper|Weather Ball|p1b: Gholdengo
|-damage|p1b: Gholdengo|0 fnt
|faint|p1b: Gholdengo
|
|win|Zzag
||Zzag is ready for game 3.
||VGC_HEARTGOLD is ready for game 3.
|uhtml|next|Next: Game 3 of 3
|l|☆VGC_HEARTGOLD
|player|p1|
