|j|☆OhNoValentine
|j|☆Nonna_Cesarina
|html|OhNoValentineNonna_Cesarina    
|uhtml|bestof|Game 1 of a best-of-3
|t:|1756401706
|gametype|doubles
|player|p1|OhNoValentine|101|1206
|player|p2|Nonna_Cesarina|swimmer|1287
|gen|9
|tier|[Gen 9] VGC 2025 Reg H (Bo3)
|rated|
|rule|Species Clause: Limit one of each Pokémon
|rule|Item Clause: Limit 1 of each item
|clearpoke
|poke|p1|Primarina, L50, M|
|poke|p1|Garchomp, L50, M|
|poke|p1|Gholdengo, L50|
|poke|p1|Talonflame, L50, M|
|poke|p1|Tyranitar, L50, M|
|poke|p1|Amoonguss, L50, F|
|poke|p2|Indeedee-F, L50, F|
|poke|p2|Hatterene, L50, F|
|poke|p2|Gallade, L50, M|
|poke|p2|Ursaluna, L50, M|
|poke|p2|Torkoal, L50, M|
|poke|p2|Charizard, L50, M|
|teampreview|4
|showteam|p1|Primarina||ThroatSpray|LiquidVoice|Haze,Moonblast,Protect,HyperVoice|||M|||50|,,,,,Steel]Garchomp||LifeOrb|SandVeil|Protect,Earthquake,StompingTantrum,DragonClaw|||M|||50|,,,,,Fire]Gholdengo||MetalCoat|GoodasGold|Protect,NastyPlot,ShadowBall,MakeItRain||||||50|,,,,,Flying]Talonflame||CovertCloak|GaleWings|BraveBird,Tailwind,WillOWisp,Taunt|||M|||50|,,,,,Flying]Tyranitar||AssaultVest|SandStream|KnockOff,TeraBlast,LowKick,RockSlide|||M|||50|,,,,,Flying]Amoonguss||SitrusBerry|Regenerator|RagePowder,Spore,PollenPuff,Protect|||F|||50|,,,,,Water
|showteam|p2|Indeedee-F||PsychicSeed|PsychicSurge|TrickRoom,FollowMe,HelpingHand,Psychic|||F|||50|,,,,,Grass]Hatterene||LifeOrb|MagicBounce|ExpandingForce,TrickRoom,DazzlingGleam,Protect|||F|||50|,,,,,Fire]Gallade||ClearAmulet|Sharpness|PsychoCut,TrickRoom,SacredSword,WideGuard|||M|||50|,,,,,Grass]Ursaluna||FlameOrb|Guts|HeadlongRush,Facade,Earthquake,Protect|||M|||50|,,,,,Ghost]Torkoal||Charcoal|Drought|Eruption,HeatWave,WeatherBall,HelpingHand|||M|||50|,,,,,Fire]Charizard||ChoiceScarf|SolarPower|HeatWave,Overheat,AirSlash,DragonPulse|||M|||50|,,,,,Fire
|inactive|Battle timer is ON: inactive players will automatically lose when time's up. (requested by Nonna_Cesarina)
|inactive|Nonna_Cesarina has 60 seconds left.
|
|t:|1756401762
|teamsize|p1|4
|teamsize|p2|4
|start
|switch|p1a: Primarina|Primarina, L50, M|100/100
|switch|p1b: Gholdengo|Gholdengo, L50|100/100
|switch|p2a: Indeedee|Indeedee-F, L50, F|100/100
|switch|p2b: Hatterene|Hatterene, L50, F|100/100
|-fieldstart|move: Psychic Terrain|[from] ability: Psychic Surge|[of] p2a: Indeedee
|-enditem|p2a: Indeedee|Psychic Seed
|-boost|p2a: Indeedee|spd|1|[from] item: Psychic Seed
|turn|1
|inactive|Nonna_Cesarina has 30 seconds left.
|
|t:|1756401792
|-terastallize|p2b: Hatterene|Fire
|move|p1b: Gholdengo|Nasty Plot|p1b: Gholdengo
|-boost|p1b: Gholdengo|spa|2
|move|p1a: Primarina|Hyper Voice|p2b: Hatterene|[spread] p2a,p2b
|-supereffective|p2b: Hatterene
|-damage|p2a: Indeedee|78/100
|-damage|p2b: Hatterene|31/100
|-enditem|p1a: Primarina|Throat Spray
|-boost|p1a: Primarina|spa|1|[from] item: Throat Spray
|move|p2b: Hatterene|Expanding Force|p1b: Gholdengo|[spread] p1a,p1b
|-resisted|p1b: Gholdengo
|-damage|p1a: Primarina|23/100
|-damage|p1b: Gholdengo|45/100
|-damage|p2b: Hatterene|22/100|[from] item: Life Orb
|move|p2a: Indeedee|Trick Room|p2a: Indeedee
|-fieldstart|move: Trick Room|[of] p2a: Indeedee
|
|upkeep
|turn|2
|
|t:|1756401816
|switch|p1b: Tyranitar|Tyranitar, L50, M|100/100
|-weather|Sandstorm|[from] ability: Sand Stream|[of] p1b: Tyranitar
|move|p2a: Indeedee|Helping Hand|p2b: Hatterene
|-singleturn|p2b: Hatterene|Helping Hand|[of] p2a: Indeedee
|move|p1a: Primarina|Protect|p1a: Primarina
|-singleturn|p1a: Primarina|Protect
|move|p2b: Hatterene|Dazzling Gleam|p1b: Tyranitar|[spread] p1b
|-activate|p1a: Primarina|move: Protect
|-supereffective|p1b: Tyranitar
|-damage|p1b: Tyranitar|41/100
|-damage|p2b: Hatterene|12/100|[from] item: Life Orb
|
|-weather|Sandstorm|[upkeep]
|-damage|p2b: Hatterene|7/100|[from] Sandstorm
|-damage|p2a: Indeedee|72/100|[from] Sandstorm
|-damage|p1a: Primarina|17/100|[from] Sandstorm
|upkeep
|turn|3
|
|t:|1756401836
|switch|p2a: Torkoal|Torkoal, L50, M|100/100
|-weather|SunnyDay|[from] ability: Drought|[of] p2a: Torkoal
|switch|p1b: Gholdengo|Gholdengo, L50|45/100
|move|p2b: Hatterene|Dazzling Gleam|p1b: Gholdengo|[spread] p1a,p1b
|-resisted|p1b: Gholdengo
|-damage|p1a: Primarina|0 fnt
|-damage|p1b: Gholdengo|16/100
|faint|p1a: Primarina
|-damage|p2b: Hatterene|0 fnt|[from] item: Life Orb
|faint|p2b: Hatterene
|
|-weather|SunnyDay|[upkeep]
|upkeep
|
|t:|1756401845
|switch|p2b: Ursaluna|Ursaluna, L50, M|100/100
|switch|p1a: Tyranitar|Tyranitar, L50, M|41/100
|-weather|Sandstorm|[from] ability: Sand Stream|[of] p1a: Tyranitar
|turn|4
|
|t:|1756401858
|move|p1b: Gholdengo|Protect|p1b: Gholdengo
|-singleturn|p1b: Gholdengo|Protect
|move|p2a: Torkoal|Eruption|p1b: Gholdengo|[spread] p1a
|-activate|p1b: Gholdengo|move: Protect
|-resisted|p1a: Tyranitar
|-damage|p1a: Tyranitar|29/100
|move|p2b: Ursaluna|Headlong Rush|p1a: Tyranitar
|-supereffective|p1a: Tyranitar
|-damage|p1a: Tyranitar|0 fnt
|-unboost|p2b: Ursaluna|def|1
|-unboost|p2b: Ursaluna|spd|1
|faint|p1a: Tyranitar
|
|-weather|Sandstorm|[upkeep]
|-damage|p2a: Torkoal|94/100|[from] Sandstorm
|-status|p2b: Ursaluna|brn|[from] item: Flame Orb
|upkeep
|
|t:|1756401867
|switch|p1a: Garchomp|Garchomp, L50, M|100/100
|turn|5
|
|t:|1756401878
|switch|p2b: Indeedee|Indeedee-F, L50, F|72/100
|move|p1b: Gholdengo|Protect||[still]
|-fail|p1b: Gholdengo
|move|p1a: Garchomp|Protect|p1a: Garchomp
|-singleturn|p1a: Garchomp|Protect
|move|p2a: Torkoal|Eruption|p1b: Gholdengo|[spread] p1b
|-activate|p1a: Garchomp|move: Protect
|-supereffective|p1b: Gholdengo
|-damage|p1b: Gholdengo|0 fnt
|faint|p1b: Gholdengo
|
|-weather|Sandstorm|[upkeep]
|-damage|p2a: Torkoal|88/100|[from] Sandstorm
|-damage|p2b: Indeedee|66/100|[from] Sandstorm
|-fieldend|move: Trick Room
|-fieldend|move: Psychic Terrain
|upkeep
|turn|6
|
|t:|1756401889
|move|p1a: Garchomp|Earthquake|p2b: Indeedee|[spread] p2a,p2b
|-supereffective|p2a: Torkoal
|-damage|p2a: Torkoal|9/100
|-damage|p2b: Indeedee|19/100
|-damage|p1a: Garchomp|91/100|[from] item: Life Orb
|move|p2a: Torkoal|Heat Wave|p1a: Garchomp|[miss]
|-miss|p2a: Torkoal|p1a: Garchomp
|move|p2b: Indeedee|Trick Room|p2b: Indeedee
|-fieldstart|move: Trick Room|[of] p2b: Indeedee
|
|-weather|Sandstorm|[upkeep]
|-damage|p2a: Torkoal|3/100|[from] Sandstorm
|-damage|p2b: Indeedee|13/100|[from] Sandstorm
|upkeep
|turn|7
|-message|OhNoValentine forfeited.
|
|win|Nonna_Cesarina
