|j|☆AnimeRedneck
|j|☆tailroom timmy
|html|AnimeRednecktailroom timmy    
|uhtml|bestof|Game 1 of a best-of-3
|t:|1786159744
|gametype|doubles
|player|p1|AnimeRedneck|steven-masters5|
|player|p2|tailroom timmy|caitlin|
|gen|9
|tier|[Gen 9 Champions] VGC 2026 Reg M-B (Bo3)
|rule|Species Clause: Limit one of each Pokémon
|rule|Item Clause: Limit 1 of each item
|clearpoke
|poke|p1|Arcanine-Hisui, L50, F|
|poke|p1|Staraptor, L50, M, shiny|
|poke|p1|Farigiraf, L50, F|
|poke|p1|Sylveon, L50, F|
|poke|p1|Kingambit, L50, F|
|poke|p1|Raichu, L50, M|
|poke|p2|Gardevoir, L50, M, shiny|
|poke|p2|Sneasler, L50, M, shiny|
|poke|p2|Maushold, L50|
|poke|p2|Talonflame, L50, F|
|poke|p2|Lycanroc-Dusk, L50, F|
|poke|p2|Basculegion, L50, M, shiny|
|teampreview|4
|showteam|p1|Arcanine-Hisui||FocusSash|RockHead|Protect,ExtremeSpeed,HeadSmash,FlareBlitz|Jolly||F|||50|]Staraptor||Staraptite|Intimidate|Tailwind,Protect,CloseCombat,DualWingbeat|Jolly||M|||50|]Farigiraf||SitrusBerry|ArmorTail|Protect,Psychic,TrickRoom,HelpingHand|Calm||F|||50|]Sylveon||FairyFeather|Pixilate|Protect,HyperBeam,HyperVoice,QuickAttack|Modest||F|||50|]Kingambit||LifeOrb|Defiant|Protect,KowtowCleave,SwordsDance,SuckerPunch|Adamant||F|||50|]Raichu||RaichuniteY|LightningRod|Protect,ZapCannon,FakeOut,FocusBlast|Timid||M|||50|
|showteam|p2|Gardevoir||Gardevoirite|Synchronize|HyperVoice,Psychic,TrickRoom,Protect|Modest||M|||50|]Sneasler||WhiteHerb|Unburden|CloseCombat,DireClaw,Protect,FakeOut|Adamant||M|||50|]Maushold||ChopleBerry|FriendGuard|SuperFang,FollowMe,Protect,Feint|Impish|||||50|]Talonflame||LifeOrb|GaleWings|BraveBird,Overheat,Tailwind,Protect|Naive||F|||50|]Lycanroc-Dusk||FocusSash|ToughClaws|RockSlide,Accelerock,CloseCombat,Protect|Adamant||F|||50|]Basculegion||SitrusBerry|Adaptability|WaveCrash,LastRespects,AquaJet,Protect|Adamant||M|||50|
|l|☆AnimeRedneck
|player|p1|
|c|☆tailroom timmy|glhf! let me send link to team rq
|j|☆AnimeRedneck
|player|p1|AnimeRedneck|steven-masters5|
|j| coolguy14604
|j| triziateam
|c|☆AnimeRedneck|Glhf
|j| thebigmacky
|
|t:|1786159809
|teamsize|p1|4
|teamsize|p2|4
|start
|switch|p1a: Farigiraf|Farigiraf, L50, F|100/100
|switch|p1b: Raichu|Raichu, L50, M|100/100
|switch|p2a: Gardevoir|Gardevoir, L50, M, shiny|100/100
|switch|p2b: Maushold|Maushold, L50|100/100
|turn|1
|inactive|Battle timer is ON: inactive players will automatically lose when time's up. (requested by tailroom timmy)
|
|t:|1786159837
|detailschange|p1b: Raichu|Raichu-Mega-Y, L50, M
|-mega|p1b: Raichu|Raichu|Raichunite Y
|detailschange|p2a: Gardevoir|Gardevoir-Mega, L50, M, shiny
|-mega|p2a: Gardevoir|Gardevoir|Gardevoirite
|move|p1a: Farigiraf|Helping Hand|p1b: Raichu
|-singleturn|p1b: Raichu|Helping Hand|[of] p1a: Farigiraf
|move|p2a: Gardevoir|Protect|p2a: Gardevoir
|-singleturn|p2a: Gardevoir|Protect
|move|p1b: Raichu|Zap Cannon|p2a: Gardevoir
|-activate|p2a: Gardevoir|move: Protect
|move|p2b: Maushold|Super Fang|p1b: Raichu
|-damage|p1b: Raichu|50/100g
|
|upkeep
|turn|2
|
|t:|1786159861
|move|p1a: Farigiraf|Helping Hand|p1b: Raichu
|-singleturn|p1b: Raichu|Helping Hand|[of] p1a: Farigiraf
|move|p2b: Maushold|Follow Me|p2b: Maushold
|-singleturn|p2b: Maushold|move: Follow Me
|move|p1b: Raichu|Zap Cannon|p2b: Maushold
|-damage|p2b: Maushold|0 fnt
|faint|p2b: Maushold
|move|p2a: Gardevoir|Hyper Voice|p1a: Farigiraf|[spread] p1a,p1b
|-crit|p1b: Raichu
|-damage|p1a: Farigiraf|59/100
|-damage|p1b: Raichu|0 fnt
|faint|p1b: Raichu
|
|upkeep
|j| HussValleyVGC
|
|t:|1786159874
|switch|p1b: Kingambit|Kingambit, L50, F|100/100
|switch|p2b: Basculegion|Basculegion, L50, M, shiny|100/100
|turn|3
|j| tedidn
|l| thebigmacky
|
|t:|1786159889
|move|p1b: Kingambit|Sucker Punch|p2b: Basculegion
|-supereffective|p2b: Basculegion|1
|-damage|p2b: Basculegion|0 fnt
|faint|p2b: Basculegion
|-damage|p1b: Kingambit|90/100|[from] item: Life Orb
|move|p2a: Gardevoir|Hyper Voice|p1b: Kingambit|[spread] p1a,p1b
|-damage|p1a: Farigiraf|21/100
|-damage|p1b: Kingambit|46/100
|-enditem|p1a: Farigiraf|Sitrus Berry|[eat]
|-heal|p1a: Farigiraf|46/100|[from] item: Sitrus Berry
|move|p1a: Farigiraf|Trick Room|p1a: Farigiraf
|-fieldstart|move: Trick Room|[of] p1a: Farigiraf
|
|upkeep
|
|t:|1786159899
|switch|p2b: Talonflame|Talonflame, L50, F|100/100
|turn|4
|
|t:|1786159909
|move|p2a: Gardevoir|Protect|p2a: Gardevoir
|-singleturn|p2a: Gardevoir|Protect
|move|p1b: Kingambit|Kowtow Cleave|p2a: Gardevoir
|-activate|p2a: Gardevoir|move: Protect
|move|p1a: Farigiraf|Psychic|p2b: Talonflame
|-damage|p2b: Talonflame|39/100
|move|p2b: Talonflame|Overheat|p1b: Kingambit
|-supereffective|p1b: Kingambit|1
|-damage|p1b: Kingambit|0 fnt
|-unboost|p2b: Talonflame|spa|2
|faint|p1b: Kingambit
|-damage|p2b: Talonflame|29/100|[from] item: Life Orb
|
|upkeep
|
|t:|1786159911
|switch|p1b: Sylveon|Sylveon, L50, F|100/100
|turn|5
|
|t:|1786159920
|move|p2b: Talonflame|Protect|p2b: Talonflame
|-singleturn|p2b: Talonflame|Protect
|move|p1b: Sylveon|Hyper Voice|p2b: Talonflame|[spread] p2a
|-activate|p2b: Talonflame|move: Protect
|-damage|p2a: Gardevoir|60/100
|move|p1a: Farigiraf|Psychic|p2a: Gardevoir
|-resisted|p2a: Gardevoir|1
|-damage|p2a: Gardevoir|46/100
|move|p2a: Gardevoir|Hyper Voice|p1a: Farigiraf|[spread] p1a,p1b
|-damage|p1a: Farigiraf|5/100
|-damage|p1b: Sylveon|64/100
|
|upkeep
|turn|6
|j| olaf's world
|
|t:|1786159934
|move|p1a: Farigiraf|Helping Hand|p1b: Sylveon
|-singleturn|p1b: Sylveon|Helping Hand|[of] p1a: Farigiraf
|move|p2a: Gardevoir|Protect|p2a: Gardevoir
|-singleturn|p2a: Gardevoir|Protect
|move|p1b: Sylveon|Hyper Voice|p2a: Gardevoir|[spread] p2b
|-activate|p2a: Gardevoir|move: Protect
|-resisted|p2b: Talonflame|1
|-damage|p2b: Talonflame|0 fnt
|faint|p2b: Talonflame
|
|upkeep
|turn|7
|
|t:|1786159943
|move|p2a: Gardevoir|Protect||[still]
|-fail|p2a: Gardevoir
|move|p1a: Farigiraf|Psychic|p2a: Gardevoir
|-resisted|p2a: Gardevoir|1
|-damage|p2a: Gardevoir|31/100
|move|p1b: Sylveon|Hyper Voice|p2a: Gardevoir
|-damage|p2a: Gardevoir|0 fnt
|faint|p2a: Gardevoir
|
|win|AnimeRedneck
||tailroom timmy is ready for game 2.
|inactive|AnimeRedneck has 30 seconds to confirm battle start!
||AnimeRedneck is ready for game 2.
|uhtml|next|Next: Game 2 of 3
|n| SurfingJackal|olafsworld
|l| triziateam
|j| AnxiousApple
|l| AnxiousApple
|l| HussValleyVGC
|j| thebigmacky
|l|☆tailroom timmy
|player|p2|
|l| coolguy14604
|l| tedidn
|l| SurfingJackal
