|j|☆Yugi_H0E
|j|☆entei enthusiast
|html|Yugi_H0Eentei enthusiast    
|uhtml|bestof|Game 2 of a best-of-3
|t:|1783908261
|gametype|doubles
|player|p1|Yugi_H0E|chuck|1195
|player|p2|entei enthusiast|kamado-armor|1199
|gen|9
|tier|[Gen 9 Champions] VGC 2026 Reg M-B (Bo3)
|rated|
|rule|Species Clause: Limit one of each Pokémon
|rule|Item Clause: Limit 1 of each item
|clearpoke
|poke|p1|Gengar, L50, F|
|poke|p1|Incineroar, L50, M|
|poke|p1|Politoed, L50, F|
|poke|p1|Swampert, L50, M|
|poke|p1|Basculegion, L50, M|
|poke|p1|Sinistcha, L50|
|poke|p2|Floette-Eternal, L50, F|
|poke|p2|Palafin, L50, F, shiny|
|poke|p2|Kingambit, L50, F|
|poke|p2|Sneasler, L50, F|
|poke|p2|Incineroar, L50, M|
|poke|p2|Aerodactyl, L50, F|
|teampreview|4
|showteam|p1|Gengar||Gengarite|CursedBody|SludgeBomb,ShadowBall,FocusBlast,Protect|Modest||F|||50|]Incineroar||SitrusBerry|Intimidate|FakeOut,PartingShot,WillOWisp,CloseCombat|Adamant||M|||50|]Politoed||DampRock|Drizzle|IcyWind,Protect,MuddyWater,HelpingHand|Calm||F|||50|]Swampert||Swampertite|Torrent|Earthquake,IcePunch,WaveCrash,Protect|Adamant||M|||50|]Basculegion||ChoiceScarf|SwiftSwim|FlipTurn,LastRespects,WaveCrash,PsychicFangs|Adamant||M|||50|]Sinistcha||Leftovers|Heatproof|TrickRoom,MatchaGotcha,Protect,RagePowder|Bold|||||50|
|showteam|p2|Floette-Eternal||Floettite|FlowerVeil|DazzlingGleam,DrainingKiss,CalmMind,Protect|Modest||F|||50|]Palafin||Leftovers|ZerotoHero|WaveCrash,JetPunch,BulkUp,Protect|Adamant||F|||50|]Kingambit||BlackGlasses|Defiant|KowtowCleave,SuckerPunch,SwordsDance,Protect|Adamant||F|||50|]Sneasler||FocusSash|Unburden|CloseCombat,DireClaw,FakeOut,Coaching|Jolly||F|||50|]Incineroar||SitrusBerry|Intimidate|FlareBlitz,FakeOut,DarkestLariat,PartingShot|Careful||M|||50|]Aerodactyl||Aerodactylite|Unnerve|RockSlide,DualWingbeat,IceFang,Protect|Jolly||F|||50|
|inactive|Battle timer is ON: inactive players will automatically lose when time's up. (requested by Yugi_H0E)
|inactive|Yugi_H0E has 60 seconds left.
|inactive|entei enthusiast has 60 seconds left.
|
|t:|1783908309
|teamsize|p1|4
|teamsize|p2|4
|start
|switch|p1a: Swampert|Swampert, L50, M|100/100
|switch|p1b: Sinistcha|Sinistcha, L50|100/100
|switch|p2a: Palafin|Palafin, L50, F, shiny|100/100
|switch|p2b: Kingambit|Kingambit, L50, F|100/100
|turn|1
|inactive|Yugi_H0E has 30 seconds left.
|inactive|Yugi_H0E has 20 seconds left.
|inactive|Yugi_H0E has 15 seconds left.
|inactive|Yugi_H0E has 10 seconds left.
|inactive|Yugi_H0E has 5 seconds left.
|
|t:|1783908359
|detailschange|p2a: Palafin|Palafin-Hero, L50, F, shiny
|switch|p2a: Incineroar|Incineroar, L50, M|100/100
|-ability|p2a: Incineroar|Intimidate|boost
|-unboost|p1a: Swampert|atk|1
|-unboost|p1b: Sinistcha|atk|1
|detailschange|p1a: Swampert|Swampert-Mega, L50, M
|-mega|p1a: Swampert|Swampert|Swampertite
|move|p1a: Swampert|Wave Crash|p2b: Kingambit
|-damage|p2b: Kingambit|63/100
|-damage|p1a: Swampert|86/100|[from] Recoil
|move|p1b: Sinistcha|Matcha Gotcha|p2b: Kingambit|[spread] p2a,p2b
|-resisted|p2a: Incineroar|1
|-resisted|p2b: Kingambit|1
|-damage|p2a: Incineroar|91/100
|-damage|p2b: Kingambit|51/100
|move|p2b: Kingambit|Kowtow Cleave|p1a: Swampert
|-damage|p1a: Swampert|30/100
|
|upkeep
|turn|2
|
|t:|1783908382
|move|p2a: Incineroar|Fake Out|p1a: Swampert
|-damage|p1a: Swampert|21/100
|move|p1b: Sinistcha|Rage Powder|p1b: Sinistcha
|-singleturn|p1b: Sinistcha|move: Rage Powder
|cant|p1a: Swampert|flinch
|move|p2b: Kingambit|Kowtow Cleave|p1b: Sinistcha
|-supereffective|p1b: Sinistcha|1
|-damage|p1b: Sinistcha|1/100
|
|-heal|p1b: Sinistcha|7/100|[from] item: Leftovers
|upkeep
|turn|3
|inactive|entei enthusiast has 30 seconds left.
|
|t:|1783908408
|move|p2b: Kingambit|Protect|p2b: Kingambit
|-singleturn|p2b: Kingambit|Protect
|move|p1b: Sinistcha|Rage Powder|p1b: Sinistcha
|-singleturn|p1b: Sinistcha|move: Rage Powder
|move|p1a: Swampert|Earthquake|p2a: Incineroar|[spread] p1b,p2a
|-activate|p2b: Kingambit|move: Protect
|-resisted|p1b: Sinistcha|1
|-supereffective|p2a: Incineroar|1
|-damage|p1b: Sinistcha|0 fnt
|-damage|p2a: Incineroar|28/100
|-enditem|p2a: Incineroar|Sitrus Berry|[eat]
|-heal|p2a: Incineroar|53/100|[from] item: Sitrus Berry
|faint|p1b: Sinistcha
|move|p2a: Incineroar|Darkest Lariat|p1a: Swampert
|-damage|p1a: Swampert|0 fnt
|faint|p1a: Swampert
|
|upkeep
|
|t:|1783908423
|switch|p1a: Politoed|Politoed, L50, F|100/100
|switch|p1b: Gengar|Gengar, L50, F|100/100
|-weather|RainDance|[from] ability: Drizzle|[of] p1a: Politoed
|turn|4
|inactive|entei enthusiast has 30 seconds left.
|
|t:|1783908450
|switch|p2a: Palafin|Palafin-Hero, L50, F, shiny|100/100
|-activate|p2a: Palafin|ability: Zero to Hero
|move|p1b: Gengar|Protect|p1b: Gengar
|-singleturn|p1b: Gengar|Protect
|move|p2b: Kingambit|Sucker Punch||[still]
|-fail|p2b: Kingambit
|move|p1a: Politoed|Muddy Water|p2b: Kingambit|[spread] p2a,p2b
|-resisted|p2a: Palafin|1
|-damage|p2a: Palafin|83/100
|-damage|p2b: Kingambit|16/100
|-unboost|p2a: Palafin|accuracy|1
|-unboost|p2b: Kingambit|accuracy|1
|-ability|p2b: Kingambit|Defiant|boost
|-boost|p2b: Kingambit|atk|2
|
|-weather|RainDance|[upkeep]
|-heal|p2a: Palafin|89/100|[from] item: Leftovers
|upkeep
|turn|5
|inactive|entei enthusiast has 30 seconds left.
|
|t:|1783908477
|move|p2b: Kingambit|Sucker Punch|p1b: Gengar
|-supereffective|p1b: Gengar|1
|-damage|p1b: Gengar|0 fnt
|faint|p1b: Gengar
|move|p2a: Palafin|Bulk Up|p2a: Palafin
|-boost|p2a: Palafin|atk|1
|-boost|p2a: Palafin|def|1
|move|p1a: Politoed|Muddy Water|p2a: Palafin|[spread] p2a
|-miss|p1a: Politoed|p2b: Kingambit
|-resisted|p2a: Palafin|1
|-damage|p2a: Palafin|73/100
|
|-weather|RainDance|[upkeep]
|-heal|p2a: Palafin|79/100|[from] item: Leftovers
|upkeep
|turn|6
|-message|Yugi_H0E forfeited.
|raw|Yugi_H0E's rating: 1195 → 1170(-25 for losing)
|raw|entei enthusiast's rating: 1199 → 1224(+25 for winning)
|
|win|entei enthusiast
|l|☆Yugi_H0E
|player|p1|
