|j|â˜†Bucketeering
|j|â˜†magicalarcher57
|html|Bucketeeringmagicalarcher57    
|uhtml|bestof|Game 1 of a best-of-3
|t:|1784169012
|gametype|doubles
|player|p1|Bucketeering|gentleman-gen4|1209
|player|p2|magicalarcher57|diantha|1299
|gen|9
|tier|[Gen 9 Champions] VGC 2026 Reg M-B (Bo3)
|rated|
|rule|Species Clause: Limit one of each PokÃ©mon
|rule|Item Clause: Limit 1 of each item
|clearpoke
|poke|p1|Staraptor, L50, M, shiny|
|poke|p1|Whimsicott, L50, M|
|poke|p1|Incineroar, L50, M|
|poke|p1|Dragonite, L50, M|
|poke|p1|Aegislash, L50, M|
|poke|p1|Milotic, L50, M|
|poke|p2|Garchomp, L50, F|
|poke|p2|Basculegion, L50, M|
|poke|p2|Whimsicott, L50, F|
|poke|p2|Glimmora, L50, F|
|poke|p2|Metagross, L50|
|poke|p2|Annihilape, L50, F|
|teampreview|4
|showteam|p1|Staraptor||Staraptite|Intimidate|CloseCombat,BraveBird,Protect,Roost|Jolly||M|||50|]Whimsicott||MentalHerb|Prankster|Tailwind,Encore,Moonblast,Charm|Bold||M|||50|]Incineroar||PasshoBerry|Intimidate|ThroatChop,FlareBlitz,FakeOut,PartingShot|Adamant||M|||50|]Dragonite||Dragoninite|Multiscale|Protect,DracoMeteor,Hurricane,Flamethrower|Modest||M|||50|]Aegislash||SpellTag|StanceChange|IronHead,CloseCombat,ShadowSneak,KingsShield|Adamant||M|||50|]Milotic||SitrusBerry|Competitive|Haze,IcyWind,Protect,Scald|Modest||M|||50|
|showteam|p2|Garchomp||SitrusBerry|RoughSkin|Earthquake,DragonClaw,Protect,StompingTantrum|Jolly||F|||50|]Basculegion||ChoiceScarf|Adaptability|WaveCrash,LastRespects,AquaJet,FlipTurn|Jolly||M|||50|]Whimsicott||FocusSash|Prankster|Tailwind,Moonblast,Encore,Protect|Timid||F|||50|]Glimmora||LifeOrb|ToxicDebris|PowerGem,EarthPower,SludgeBomb,SpikyShield|Timid||F|||50|]Metagross||Metagrossite|ClearBody|IcePunch,IronHead,Protect,PsychicFangs|Jolly|||||50|]Annihilape||Leftovers|Defiant|CloseCombat,RageFist,Taunt,Protect|Adamant||F|||50|
|inactive|Battle timer is ON: inactive players will automatically lose when time's up. (requested by magicalarcher57)
|inactive|Bucketeering has 60 seconds left.
|
|t:|1784169043
|teamsize|p1|4
|teamsize|p2|4
|start
|switch|p1a: Aegislash|Aegislash, L50, M|100/100
|switch|p1b: Incineroar|Incineroar, L50, M|100/100
|switch|p2a: Eris|Annihilape, L50, F|100/100
|switch|p2b: Persephone|Whimsicott, L50, F|100/100
|-ability|p1b: Incineroar|Intimidate|boost
|-unboost|p2a: Eris|atk|1
|-ability|p2a: Eris|Defiant|boost
|-boost|p2a: Eris|atk|2
|-unboost|p2b: Persephone|atk|1
|turn|1
|
|t:|1784169063
|move|p2b: Persephone|Tailwind|p2b: Persephone
|-sidestart|p2: magicalarcher57|move: Tailwind
|-formechange|p1a: Aegislash|Aegislash-Blade|
|move|p1a: Aegislash|Shadow Sneak|p2a: Eris
|-supereffective|p2a: Eris|1
|-damage|p2a: Eris|41/100
|move|p2a: Eris|Close Combat|p1b: Incineroar
|-supereffective|p1b: Incineroar|1
|-damage|p1b: Incineroar|0 fnt
|-unboost|p2a: Eris|def|1
|-unboost|p2a: Eris|spd|1
|faint|p1b: Incineroar
|
|-heal|p2a: Eris|47/100|[from] item: Leftovers
|upkeep
|
|t:|1784169076
|switch|p1b: Dragonite|Dragonite, L50, M|100/100
|turn|2
|
|t:|1784169082
|move|p1a: Aegislash|Shadow Sneak|p2a: Eris
|-supereffective|p2a: Eris|1
|-damage|p2a: Eris|0 fnt
|faint|p2a: Eris
|move|p2b: Persephone|Moonblast|p1b: Dragonite
|-supereffective|p1b: Dragonite|1
|-damage|p1b: Dragonite|66/100
|move|p1b: Dragonite|Flamethrower|p2b: Persephone
|-supereffective|p2b: Persephone|1
|-damage|p2b: Persephone|7/100
|
|upkeep
|
|t:|1784169087
|switch|p2a: Nikke|Basculegion, L50, M|100/100
|turn|3
|c|â˜†Bucketeering|whoops
|
|t:|1784169093
|detailschange|p1b: Dragonite|Dragonite-Mega, L50, M
|-mega|p1b: Dragonite|Dragonite|Dragoninite
|move|p1b: Dragonite|Protect|p1b: Dragonite
|-singleturn|p1b: Dragonite|Protect
|-formechange|p1a: Aegislash|Aegislash|
|move|p1a: Aegislash|King's Shield|p1a: Aegislash
|-singleturn|p1a: Aegislash|Protect
|move|p2a: Nikke|Last Respects|p1a: Aegislash
|-activate|p1a: Aegislash|move: Protect
|move|p2b: Persephone|Moonblast|p1b: Dragonite
|-activate|p1b: Dragonite|move: Protect
|
|upkeep
|turn|4
|
|t:|1784169113
|switch|p1b: Milotic|Milotic, L50, M|100/100
|move|p2b: Persephone|Encore|p1a: Aegislash
|-start|p1a: Aegislash|Encore
|move|p1a: Aegislash|King's Shield|p1a: Aegislash
|-singleturn|p1a: Aegislash|Protect
|move|p2a: Nikke|Last Respects|p1a: Aegislash
|-activate|p1a: Aegislash|move: Protect
|
|-sideend|p2: magicalarcher57|move: Tailwind
|upkeep
|turn|5
|
|t:|1784169122
|switch|p1a: Dragonite|Dragonite-Mega, L50, M|66/100
|move|p2a: Nikke|Last Respects|p1a: Dragonite
|-damage|p1a: Dragonite|15/100
|move|p2b: Persephone|Moonblast|p1b: Milotic
|-damage|p1b: Milotic|71/100
|move|p1b: Milotic|Icy Wind|p2b: Persephone|[spread] p2a,p2b
|-resisted|p2a: Nikke|1
|-supereffective|p2b: Persephone|1
|-damage|p2a: Nikke|92/100
|-damage|p2b: Persephone|0 fnt
|-unboost|p2a: Nikke|spe|1
|faint|p2b: Persephone
|
|upkeep
|
|t:|1784169123
|switch|p2b: Athena|Metagross, L50|100/100
|turn|6
|
|t:|1784169138
|detailschange|p2b: Athena|Metagross-Mega, L50
|-mega|p2b: Athena|Metagross|Metagrossite
|move|p1a: Dragonite|Protect|p1a: Dragonite
|-singleturn|p1a: Dragonite|Protect
|move|p2b: Athena|Psychic Fangs|p1a: Dragonite
|-activate|p1a: Dragonite|move: Protect
|move|p2a: Nikke|Last Respects|p1b: Milotic
|-damage|p1b: Milotic|0 fnt
|faint|p1b: Milotic
|
|upkeep
|
|t:|1784169145
|switch|p1b: Aegislash|Aegislash, L50, M|100/100
|turn|7
|
|t:|1784169159
|move|p1a: Dragonite|Protect||[still]
|-fail|p1a: Dragonite
|-formechange|p1b: Aegislash|Aegislash-Blade|
|move|p1b: Aegislash|Shadow Sneak|p2a: Nikke
|-supereffective|p2a: Nikke|1
|-damage|p2a: Nikke|15/100
|move|p2b: Athena|Psychic Fangs|p1a: Dragonite
|-damage|p1a: Dragonite|0 fnt
|faint|p1a: Dragonite
|move|p2a: Nikke|Last Respects|p1b: Aegislash
|-supereffective|p1b: Aegislash|1
|-damage|p1b: Aegislash|0 fnt
|faint|p1b: Aegislash
|
|win|magicalarcher57
