|j|☆minecraftaviral
|j|☆spek70
|html|minecraftaviralspek70    
|uhtml|bestof|Game 1 of a best-of-3
|t:|1785423234
|gametype|doubles
|player|p1|minecraftaviral|170|
|player|p2|spek70|swimmerf|
|gen|9
|tier|[Gen 9 Champions] VGC 2026 Reg M-B (Bo3)
|rule|Species Clause: Limit one of each Pokémon
|rule|Item Clause: Limit 1 of each item
|clearpoke
|poke|p1|Malamar, L50, M|
|poke|p1|Maushold, L50|
|poke|p1|Mawile, L50, F|
|poke|p1|Sinistcha, L50|
|poke|p1|Whimsicott, L50, M|
|poke|p1|Incineroar, L50, M|
|poke|p2|Whimsicott, L50, F, shiny|
|poke|p2|Staraptor, L50, M|
|poke|p2|Garchomp, L50, F|
|poke|p2|Gholdengo, L50|
|poke|p2|Basculegion, L50, M, shiny|
|poke|p2|Typhlosion-Hisui, L50, M|
|teampreview|4
|showteam|p1|Malamar||Malamarite|Contrary|Superpower,KnockOff,TrickRoom,Protect|Adamant||M|||50|]Maushold||WideLens|Technician|PopulationBomb,FollowMe,Feint,Protect|Jolly|||||50|]Mawile||Mawilite|HyperCutter|PlayRough,RockSlide,SuckerPunch,Protect|Brave||F|||50|]Sinistcha||ColburBerry|Hospitality|MatchaGotcha,LifeDew,RagePowder,Protect|Calm|||||50|]Whimsicott||FocusSash|Prankster|Moonblast,Tailwind,Charm,FakeTears|Modest||M|||50|]Incineroar||LifeOrb|Intimidate|FlareBlitz,DarkestLariat,PartingShot,FakeOut|Brave||M|||50|
|showteam|p2|Whimsicott||FocusSash|Prankster|Tickle,Tailwind,Moonblast,FakeTears|Timid||F|||50|]Staraptor||Staraptite|Intimidate|BraveBird,CloseCombat,Roost,Protect|Jolly||M|||50|]Garchomp||RoseliBerry|RoughSkin|DragonClaw,StompingTantrum,RockTomb,PoisonJab|Jolly||F|||50|]Gholdengo||LifeOrb|GoodasGold|MakeItRain,ShadowBall,PowerGem,Protect|Modest|||||50|]Basculegion||MysticWater|Adaptability|WaveCrash,LastRespects,AquaJet,Protect|Adamant||M|||50|]Typhlosion-Hisui||ChoiceScarf|Frisk|Eruption,HeatWave,BurnUp,ShadowBall|Modest||M|||50|
|inactive|Battle timer is ON: inactive players will automatically lose when time's up. (requested by spek70)
|inactive|minecraftaviral has 60 seconds left.
|inactive|minecraftaviral has 30 seconds left.
|j| Decimi
|inactive|minecraftaviral has 20 seconds left.
|inactive|minecraftaviral has 15 seconds left.
|
|t:|1785423321
|teamsize|p1|4
|teamsize|p2|4
|start
|switch|p1a: Incineroar|Incineroar, L50, M|100/100
|switch|p1b: Malamar|Malamar, L50, M|100/100
|switch|p2a: Charizardite Y|Whimsicott, L50, F, shiny|100/100
|switch|p2b: its not a phase|Staraptor, L50, M|100/100
|-ability|p2b: its not a phase|Intimidate|boost
|-unboost|p1a: Incineroar|atk|1
|-boost|p1b: Malamar|atk|1
|-ability|p1a: Incineroar|Intimidate|boost
|-unboost|p2a: Charizardite Y|atk|1
|-unboost|p2b: its not a phase|atk|1
|turn|1
|inactive|spek70 has 30 seconds left.
|inactive|spek70 has 20 seconds left.
|
|t:|1785423358
|detailschange|p2b: its not a phase|Staraptor-Mega, L50, M
|-mega|p2b: its not a phase|Staraptor|Staraptite
|move|p1a: Incineroar|Fake Out|p2b: its not a phase
|-damage|p2b: its not a phase|87/100
|-damage|p1a: Incineroar|90/100|[from] item: Life Orb
|move|p2a: Charizardite Y|Tickle|p2b: its not a phase
|-boost|p2b: its not a phase|atk|1
|-boost|p2b: its not a phase|def|1
|cant|p2b: its not a phase|flinch
|move|p1b: Malamar|Trick Room|p1b: Malamar
|-fieldstart|move: Trick Room|[of] p1b: Malamar
|
|upkeep
|turn|2
|inactive|minecraftaviral has 30 seconds left.
|
|t:|1785423385
|move|p1a: Incineroar|Parting Shot|p1b: Malamar
|-boost|p1b: Malamar|atk|1
|-boost|p1b: Malamar|spa|1
|
|t:|1785423388
|switch|p1a: Sinistcha|Sinistcha, L50|100/100|[from] Parting Shot
|move|p1b: Malamar|Superpower|p2a: Charizardite Y
|-resisted|p2a: Charizardite Y|1
|-damage|p2a: Charizardite Y|50/100g
|-boost|p1b: Malamar|atk|1
|-boost|p1b: Malamar|def|1
|move|p2b: its not a phase|Close Combat|p1a: Sinistcha
|-immune|p1a: Sinistcha
|move|p2a: Charizardite Y|Moonblast|p1b: Malamar
|-supereffective|p1b: Malamar|1
|-damage|p1b: Malamar|20/100y
|
|upkeep
|turn|3
|
|t:|1785423413
|move|p1a: Sinistcha|Protect|p1a: Sinistcha
|-singleturn|p1a: Sinistcha|Protect
|move|p1b: Malamar|Superpower|p2a: Charizardite Y
|-resisted|p2a: Charizardite Y|1
|-damage|p2a: Charizardite Y|0 fnt
|-boost|p1b: Malamar|atk|1
|-boost|p1b: Malamar|def|1
|faint|p2a: Charizardite Y
|move|p2b: its not a phase|Brave Bird|p1a: Sinistcha
|-activate|p1a: Sinistcha|move: Protect
|
|upkeep
|
|t:|1785423426
|switch|p2a: string cheese|Gholdengo, L50|100/100
|turn|4
|
|t:|1785423434
|move|p2a: string cheese|Protect|p2a: string cheese
|-singleturn|p2a: string cheese|Protect
|move|p2b: its not a phase|Protect|p2b: its not a phase
|-singleturn|p2b: its not a phase|Protect
|move|p1a: Sinistcha|Rage Powder|p1a: Sinistcha
|-singleturn|p1a: Sinistcha|move: Rage Powder
|move|p1b: Malamar|Knock Off|p2a: string cheese
|-activate|p2a: string cheese|move: Protect
|
|upkeep
|turn|5
|
|t:|1785423451
|switch|p2a: Rockslide Life orb|Garchomp, L50, F|100/100
|move|p1a: Sinistcha|Rage Powder|p1a: Sinistcha
|-singleturn|p1a: Sinistcha|move: Rage Powder
|move|p1b: Malamar|Knock Off|p2a: Rockslide Life orb
|-damage|p2a: Rockslide Life orb|0 fnt
|-damage|p1b: Malamar|8/100|[from] ability: Rough Skin|[of] p2a: Rockslide Life orb
|-enditem|p2a: Rockslide Life orb|Roseli Berry|[from] move: Knock Off|[of] p1b: Malamar
|faint|p2a: Rockslide Life orb
|move|p2b: its not a phase|Brave Bird|p1a: Sinistcha
|-supereffective|p1a: Sinistcha|1
|-damage|p1a: Sinistcha|0 fnt
|faint|p1a: Sinistcha
|-damage|p2b: its not a phase|51/100|[from] Recoil
|
|-fieldend|move: Trick Room
|upkeep
|inactive|minecraftaviral has 30 seconds left.
|
|t:|1785423485
|switch|p2a: string cheese|Gholdengo, L50|100/100
|switch|p1a: Mawile|Mawile, L50, F|100/100
|turn|6
|inactive|minecraftaviral has 30 seconds left.
|inactive|minecraftaviral has 20 seconds left.
|inactive|minecraftaviral has 15 seconds left.
|
|t:|1785423529
|detailschange|p1a: Mawile|Mawile-Mega, L50, F
|-mega|p1a: Mawile|Mawile|Mawilite
|move|p2b: its not a phase|Roost|p2b: its not a phase
|-heal|p2b: its not a phase|100/100
|-singleturn|p2b: its not a phase|move: Roost
|move|p2a: string cheese|Make It Rain|p1b: Malamar|[spread] p1a,p1b
|-damage|p1a: Mawile|19/100
|-damage|p1b: Malamar|0 fnt
|-unboost|p2a: string cheese|spa|2
|faint|p1b: Malamar
|-damage|p2a: string cheese|90/100|[from] item: Life Orb
|move|p1a: Mawile|Play Rough|p2b: its not a phase
|-supereffective|p2b: its not a phase|1
|-damage|p2b: its not a phase|0 fnt
|faint|p2b: its not a phase
|
|upkeep
|
|t:|1785423543
|switch|p1b: Incineroar|Incineroar, L50, M|90/100
|-ability|p1b: Incineroar|Intimidate|boost
|-unboost|p2a: string cheese|atk|1
|turn|7
|
|t:|1785423550
|move|p1a: Mawile|Sucker Punch|p2a: string cheese
|-supereffective|p2a: string cheese|1
|-damage|p2a: string cheese|0 fnt
|faint|p2a: string cheese
|
|win|minecraftaviral
