|j|☆Libertas350
|j|☆neuesspielzeug
|html|Libertas350neuesspielzeug    
|uhtml|bestof|Game 2 of a best-of-3
|t:|1782505383
|gametype|doubles
|player|p1|Libertas350|hiker-gen4|1000
|player|p2|neuesspielzeug|265|1047
|gen|9
|tier|[Gen 9 Champions] VGC 2026 Reg M-B (Bo3)
|rated|
|rule|Species Clause: Limit one of each Pokémon
|rule|Item Clause: Limit 1 of each item
|clearpoke
|poke|p1|Blaziken, L50, M|
|poke|p1|Aerodactyl, L50, M|
|poke|p1|Kingambit, L50, M, shiny|
|poke|p1|Raichu, L50, M|
|poke|p1|Sylveon, L50, F, shiny|
|poke|p1|Torkoal, L50, M|
|poke|p2|Mawile, L50, F|
|poke|p2|Gyarados, L50, M|
|poke|p2|Manectric, L50, F|
|poke|p2|Hydreigon, L50, F|
|poke|p2|Garchomp, L50, F|
|poke|p2|Rotom-Heat, L50|
|teampreview|4
|showteam|p1|Blaziken||Blazikenite|SpeedBoost|Detect,CloseCombat,BlazeKick,RockSlide|Adamant||M|||50|]Aerodactyl||Aerodactylite|Unnerve|RockSlide,DualWingbeat,IceFang,Tailwind|Jolly||M|||50|]Kingambit||LifeOrb|Defiant|KowtowCleave,Protect,IronHead,SuckerPunch|Adamant||M|||50|]Raichu||RaichuniteY|LightningRod|VoltSwitch,DrainPunch,GrassKnot,Thunderbolt|Hasty||M|||50|]Sylveon||FairyFeather|Pixilate|HyperVoice,Moonblast,QuickAttack,Protect|Sassy||F|||50|]Torkoal||Leftovers|Drought|BurningJealousy,WeatherBall,Protect,Yawn|Bold||M|||50|
|showteam|p2|Mawile||Mawilite|Intimidate|PlayRough,IronHead,SuckerPunch,Protect|Adamant||F|||50|]Gyarados||LifeOrb|Intimidate|Waterfall,Protect,IceFang,StoneEdge|Adamant||M|||50|]Manectric||Manectite|LightningRod|Snarl,VoltSwitch,Protect,Thunderbolt|Timid||F|||50|]Hydreigon||FocusSash|Levitate|DracoMeteor,Protect,Taunt,DarkPulse|Timid||F|||50|]Garchomp||LumBerry|RoughSkin|DragonClaw,Protect,RockSlide,Earthquake|Adamant||F|||50|]Rotom-Heat||SitrusBerry|Levitate|WillOWisp,Thunderbolt,Overheat,Protect|Modest|||||50|
|inactive|Battle timer is ON: inactive players will automatically lose when time's up. (requested by neuesspielzeug)
|
|t:|1782505421
|teamsize|p1|4
|teamsize|p2|4
|start
|switch|p1a: Kingambit|Kingambit, L50, M, shiny|100/100
|switch|p1b: Raichu|Raichu, L50, M|100/100
|switch|p2a: Garchomp|Garchomp, L50, F|100/100
|switch|p2b: Rotom|Rotom-Heat, L50|100/100
|turn|1
|
|t:|1782505442
|move|p2a: Garchomp|Protect|p2a: Garchomp
|-singleturn|p2a: Garchomp|Protect
|move|p1b: Raichu|Volt Switch|p2a: Garchomp
|-activate|p2a: Garchomp|move: Protect
|move|p2b: Rotom|Will-O-Wisp|p1a: Kingambit|[miss]
|-miss|p2b: Rotom|p1a: Kingambit
|move|p1a: Kingambit|Kowtow Cleave|p2a: Garchomp
|-activate|p2a: Garchomp|move: Protect
|
|upkeep
|turn|2
|
|t:|1782505462
|switch|p2a: Manectric|Manectric, L50, F|100/100
|move|p1b: Raichu|Volt Switch|p2a: Manectric
|-ability|p2a: Manectric|Lightning Rod|boost
|-boost|p2a: Manectric|spa|1
|move|p2b: Rotom|Overheat|p1a: Kingambit
|-supereffective|p1a: Kingambit|1
|-damage|p1a: Kingambit|0 fnt
|-unboost|p2b: Rotom|spa|2
|faint|p1a: Kingambit
|
|upkeep
|
|t:|1782505476
|switch|p1a: Torkoal|Torkoal, L50, M|100/100
|-weather|SunnyDay|[from] ability: Drought|[of] p1a: Torkoal
|turn|3
|inactive|neuesspielzeug has 30 seconds left.
|inactive|neuesspielzeug has 20 seconds left.
|inactive|neuesspielzeug has 15 seconds left.
|
|t:|1782505518
|detailschange|p2a: Manectric|Manectric-Mega, L50, F
|-mega|p2a: Manectric|Manectric|Manectite
|-ability|p2a: Manectric|Intimidate|boost
|-unboost|p1a: Torkoal|atk|1
|-unboost|p1b: Raichu|atk|1
|move|p2a: Manectric|Snarl|p1a: Torkoal|[spread] p1a,p1b
|-damage|p1a: Torkoal|70/100
|-damage|p1b: Raichu|64/100
|-unboost|p1a: Torkoal|spa|1
|-unboost|p1b: Raichu|spa|1
|move|p1b: Raichu|Grass Knot|p2a: Manectric
|-damage|p2a: Manectric|83/100
|move|p2b: Rotom|Overheat|p1b: Raichu
|-damage|p1b: Raichu|0 fnt
|-unboost|p2b: Rotom|spa|2
|faint|p1b: Raichu
|move|p1a: Torkoal|Burning Jealousy|p2a: Manectric|[spread] p2a,p2b
|-resisted|p2b: Rotom|1
|-damage|p2a: Manectric|59/100
|-damage|p2b: Rotom|92/100
|
|-weather|SunnyDay|[upkeep]
|-heal|p1a: Torkoal|76/100|[from] item: Leftovers
|upkeep
|
|t:|1782505540
|switch|p1b: Blaziken|Blaziken, L50, M|100/100
|turn|4
|
|t:|1782505551
|switch|p2b: Gyarados|Gyarados, L50, M|100/100
|-ability|p2b: Gyarados|Intimidate|boost
|-unboost|p1a: Torkoal|atk|1
|-unboost|p1b: Blaziken|atk|1
|detailschange|p1b: Blaziken|Blaziken-Mega, L50, M
|-mega|p1b: Blaziken|Blaziken|Blazikenite
|move|p1b: Blaziken|Detect|p1b: Blaziken
|-singleturn|p1b: Blaziken|Protect
|move|p2a: Manectric|Volt Switch|p1a: Torkoal
|-damage|p1a: Torkoal|5/100
|
|t:|1782505561
|switch|p2a: Rotom|Rotom-Heat, L50|92/100|[from] Volt Switch
|move|p1a: Torkoal|Weather Ball|p2b: Gyarados
|-resisted|p2b: Gyarados|1
|-damage|p2b: Gyarados|84/100
|
|-weather|SunnyDay|[upkeep]
|-heal|p1a: Torkoal|11/100|[from] item: Leftovers
|-ability|p1b: Blaziken|Speed Boost|boost
|-boost|p1b: Blaziken|spe|1
|upkeep
|turn|5
|
|t:|1782505578
|move|p2b: Gyarados|Protect|p2b: Gyarados
|-singleturn|p2b: Gyarados|Protect
|move|p1b: Blaziken|Close Combat|p2a: Rotom
|-damage|p2a: Rotom|38/100
|-unboost|p1b: Blaziken|def|1
|-unboost|p1b: Blaziken|spd|1
|-enditem|p2a: Rotom|Sitrus Berry|[eat]
|-heal|p2a: Rotom|63/100|[from] item: Sitrus Berry
|move|p2a: Rotom|Thunderbolt|p1a: Torkoal
|-damage|p1a: Torkoal|0 fnt
|faint|p1a: Torkoal
|
|-weather|SunnyDay|[upkeep]
|-ability|p1b: Blaziken|Speed Boost|boost
|-boost|p1b: Blaziken|spe|1
|upkeep
|turn|6
|
|t:|1782505593
|switch|p2b: Manectric|Manectric-Mega, L50, F|59/100
|-ability|p2b: Manectric|Intimidate|boost
|-unboost|p1b: Blaziken|atk|1
|move|p1b: Blaziken|Blaze Kick|p2a: Rotom
|-resisted|p2a: Rotom|1
|-damage|p2a: Rotom|40/100
|move|p2a: Rotom|Thunderbolt|p1b: Blaziken
|-damage|p1b: Blaziken|21/100
|
|-weather|SunnyDay|[upkeep]
|-ability|p1b: Blaziken|Speed Boost|boost
|-boost|p1b: Blaziken|spe|1
|upkeep
|turn|7
|-message|Libertas350 forfeited.
|raw|Libertas350's rating: 1000 → 1000(+0 for losing)
|raw|neuesspielzeug's rating: 1047 → 1076(+29 for winning)
|
|win|neuesspielzeug
