|j|☆ugygf6hygtuy
|j|☆vilan333
|html|ugygf6hygtuyvilan333    
|uhtml|bestof|Game 1 of a best-of-3
|t:|1784662980
|gametype|doubles
|player|p1|ugygf6hygtuy|265|1040
|player|p2|vilan333|marshal|1209
|gen|9
|tier|[Gen 9 Champions] VGC 2026 Reg M-B (Bo3)
|rated|
|rule|Species Clause: Limit one of each Pokémon
|rule|Item Clause: Limit 1 of each item
|clearpoke
|poke|p1|Tyranitar, L50, F|
|poke|p1|Glimmora, L50, M|
|poke|p1|Klefki, L50, M|
|poke|p1|Arcanine-Hisui, L50, M|
|poke|p1|Garchomp, L50, F|
|poke|p1|Aerodactyl, L50, F|
|poke|p2|Charizard, L50, M|
|poke|p2|Aerodactyl, L50, M|
|poke|p2|Garchomp, L50, F|
|poke|p2|Sylveon, L50, M|
|poke|p2|Farigiraf, L50, M|
|poke|p2|Incineroar, L50, M|
|teampreview|4
|showteam|p1|Tyranitar||Tyranitarite|SandStream|RockSlide,DragonDance,Avalanche,Protect|Adamant||F|||50|]Glimmora||ExpertBelt|ToxicDebris|EarthPower,SludgeBomb,PowerGem,Protect|Timid||M|||50|]Klefki||FocusSash|Prankster|Reflect,Protect,Torment,SteelBeam|Bold||M|||50|]Arcanine-Hisui||LifeOrb|RockHead|FlareBlitz,ExtremeSpeed,HeadSmash,Protect|Jolly||M|||50|]Garchomp||Garchompite|SandVeil|IronHead,Earthquake,DragonClaw,Protect|Jolly||F|||50|]Aerodactyl||MentalHerb|Unnerve|Tailwind,RockSlide,DualWingbeat,Protect|Jolly||F|||50|
|showteam|p2|Charizard||CharizarditeY|Blaze|Protect,HeatWave,WeatherBall,SolarBeam|Modest||M|||50|]Aerodactyl||FocusSash|RockHead|Protect,WideGuard,Tailwind,RockSlide|Jolly||M|||50|]Garchomp||LifeOrb|RoughSkin|DragonClaw,Protect,RockSlide,Earthquake|Jolly||F|||50|]Sylveon||FairyFeather|Pixilate|HyperBeam,Detect,HyperVoice,QuickAttack|Modest||M|||50|]Farigiraf||SitrusBerry|ArmorTail|Psyshock,Thunderbolt,TrickRoom,Protect|Bold||M|||50|]Incineroar||Charcoal|Intimidate|PartingShot,FakeOut,FlareBlitz,ThroatChop|Brave||M|||50|
|inactive|Battle timer is ON: inactive players will automatically lose when time's up. (requested by vilan333)
|inactive|vilan333 has 60 seconds left.
|
|t:|1784663042
|teamsize|p1|4
|teamsize|p2|4
|start
|switch|p1a: Aerodactyl|Aerodactyl, L50, F|100/100
|switch|p1b: Tyranitar|Tyranitar, L50, F|100/100
|switch|p2a: Aerodactyl|Aerodactyl, L50, M|100/100
|switch|p2b: Incineroar|Incineroar, L50, M|100/100
|-ability|p1a: Aerodactyl|Unnerve
|-weather|Sandstorm|[from] ability: Sand Stream|[of] p1b: Tyranitar
|-ability|p2b: Incineroar|Intimidate|boost
|-unboost|p1a: Aerodactyl|atk|1
|-unboost|p1b: Tyranitar|atk|1
|turn|1
|
|t:|1784663065
|switch|p1b: Garchomp|Garchomp, L50, F|100/100
|move|p1a: Aerodactyl|Tailwind|p1a: Aerodactyl
|-sidestart|p1: ugygf6hygtuy|move: Tailwind
|move|p2a: Aerodactyl|Tailwind|p2a: Aerodactyl
|-sidestart|p2: vilan333|move: Tailwind
|move|p2b: Incineroar|Parting Shot|p1b: Garchomp
|-unboost|p1b: Garchomp|atk|1
|-unboost|p1b: Garchomp|spa|1
|
|t:|1784663075
|switch|p2b: Sylveon|Sylveon, L50, M|100/100|[from] Parting Shot
|
|-weather|Sandstorm|[upkeep]
|-damage|p2b: Sylveon|93/100|[from] Sandstorm
|upkeep
|turn|2
|
|t:|1784663087
|switch|p1b: Glimmora|Glimmora, L50, M|100/100
|move|p2a: Aerodactyl|Wide Guard|p2a: Aerodactyl
|-singleturn|p2a: Aerodactyl|Wide Guard
|move|p1a: Aerodactyl|Rock Slide|p2a: Aerodactyl|[spread] 
|-activate|p2a: Aerodactyl|move: Wide Guard
|-activate|p2b: Sylveon|move: Wide Guard
|move|p2b: Sylveon|Hyper Voice|p1a: Aerodactyl|[spread] p1a,p1b
|-resisted|p1b: Glimmora|1
|-damage|p1a: Aerodactyl|50/100g
|-damage|p1b: Glimmora|77/100
|
|-weather|Sandstorm|[upkeep]
|-damage|p2b: Sylveon|87/100|[from] Sandstorm
|upkeep
|turn|3
|inactive|vilan333 has 30 seconds left.
|
|t:|1784663113
|switch|p2b: Garchomp|Garchomp, L50, F|100/100
|move|p1a: Aerodactyl|Dual Wingbeat|p2a: Aerodactyl
|-resisted|p2a: Aerodactyl|1
|-damage|p2a: Aerodactyl|90/100
|-resisted|p2a: Aerodactyl|1
|-damage|p2a: Aerodactyl|81/100
|-hitcount|p2a: Aerodactyl|2
|move|p2a: Aerodactyl|Rock Slide|p1b: Glimmora|[spread] p1a,p1b
|-supereffective|p1a: Aerodactyl|1
|-crit|p1b: Glimmora
|-damage|p1a: Aerodactyl|0 fnt
|-damage|p1b: Glimmora|27/100
|-activate|p1b: Glimmora|ability: Toxic Debris
|-sidestart|p2: vilan333|move: Toxic Spikes
|faint|p1a: Aerodactyl
|move|p1b: Glimmora|Sludge Bomb|p2b: Garchomp
|-resisted|p2b: Garchomp|1
|-damage|p2b: Garchomp|76/100
|-status|p2b: Garchomp|psn
|
|-weather|Sandstorm|[upkeep]
|-damage|p2b: Garchomp|64/100 psn|[from] psn
|upkeep
|inactive|ugygf6hygtuy has 30 seconds left.
|inactive|ugygf6hygtuy has 20 seconds left.
|
|t:|1784663148
|switch|p1a: Garchomp|Garchomp, L50, F|100/100
|turn|4
|
|t:|1784663166
|detailschange|p1a: Garchomp|Garchomp-Mega, L50, F
|-mega|p1a: Garchomp|Garchomp|Garchompite
|move|p2a: Aerodactyl|Protect|p2a: Aerodactyl
|-singleturn|p2a: Aerodactyl|Protect
|move|p2b: Garchomp|Protect|p2b: Garchomp
|-singleturn|p2b: Garchomp|Protect
|move|p1b: Glimmora|Protect|p1b: Glimmora
|-singleturn|p1b: Glimmora|Protect
|move|p1a: Garchomp|Dragon Claw|p2b: Garchomp
|-activate|p2b: Garchomp|move: Protect
|
|-weather|Sandstorm|[upkeep]
|-damage|p2b: Garchomp|51/100 psn|[from] psn
|-sideend|p2: vilan333|move: Tailwind
|-sideend|p1: ugygf6hygtuy|move: Tailwind
|upkeep
|turn|5
|inactive|ugygf6hygtuy has 30 seconds left.
|
|t:|1784663199
|move|p1b: Glimmora|Protect||[still]
|-fail|p1b: Glimmora
|move|p2a: Aerodactyl|Tailwind|p2a: Aerodactyl
|-sidestart|p2: vilan333|move: Tailwind
|move|p2b: Garchomp|Earthquake|p1a: Garchomp|[spread] p1a,p1b
|-immune|p2a: Aerodactyl
|-supereffective|p1b: Glimmora|2
|-damage|p1a: Garchomp|59/100
|-damage|p1b: Glimmora|0 fnt
|-activate|p1b: Glimmora|ability: Toxic Debris
|-sidestart|p2: vilan333|move: Toxic Spikes
|faint|p1b: Glimmora
|-damage|p2b: Garchomp|42/100 psn|[from] item: Life Orb
|move|p1a: Garchomp|Dragon Claw|p2b: Garchomp
|-supereffective|p2b: Garchomp|1
|-damage|p2b: Garchomp|0 fnt
|-damage|p1a: Garchomp|47/100|[from] ability: Rough Skin|[of] p2b: Garchomp
|faint|p2b: Garchomp
|
|-weather|none
|upkeep
|
|t:|1784663219
|switch|p2b: Sylveon|Sylveon, L50, M|87/100
|switch|p1b: Tyranitar|Tyranitar, L50, F|100/100
|-status|p2b: Sylveon|tox
|-weather|Sandstorm|[from] ability: Sand Stream|[of] p1b: Tyranitar
|turn|6
|
|t:|1784663234
|move|p2a: Aerodactyl|Rock Slide|p1b: Tyranitar|[spread] p1a,p1b
|-resisted|p1a: Garchomp|1
|-crit|p1b: Tyranitar
|-damage|p1a: Garchomp|35/100
|-damage|p1b: Tyranitar|67/100
|move|p2b: Sylveon|Hyper Voice|p1b: Tyranitar|[spread] p1a,p1b
|-supereffective|p1a: Garchomp|1
|-supereffective|p1b: Tyranitar|1
|-damage|p1a: Garchomp|0 fnt
|-damage|p1b: Tyranitar|0 fnt
|faint|p1a: Garchomp
|faint|p1b: Tyranitar
|
|win|vilan333
|inactive|ugygf6hygtuy has 30 seconds to confirm battle start!
|inactive|vilan333 has 30 seconds to confirm battle start!
