|j|‽theshpacedog18
|j|☆eklyst
|html|theshpacedog18eklyst    
|uhtml|bestof|Game 3 of a best-of-3
|t:|1756527140
|gametype|doubles
|player|p1|theshpacedog18|2|1068
|player|p2|eklyst|pokemaniac|1046
|gen|9
|tier|[Gen 9] VGC 2025 Reg H (Bo3)
|rated|
|rule|Species Clause: Limit one of each Pokémon
|rule|Item Clause: Limit 1 of each item
|clearpoke
|poke|p1|Incineroar, L50, M|
|poke|p1|Ursaluna, L50, F|
|poke|p1|Porygon2, L50|
|poke|p1|Azumarill, L50, M|
|poke|p1|Sneasler, L50, M|
|poke|p1|Talonflame, L50, M|
|poke|p2|Ursaluna-Bloodmoon, L50, M|
|poke|p2|Incineroar, L50, F|
|poke|p2|Rillaboom, L50, M|
|poke|p2|Farigiraf, L50, M|
|poke|p2|Sneasler, L50, F|
|poke|p2|Volcarona, L50, M|
|teampreview|4
|showteam|p1|Incineroar||SafetyGoggles|Intimidate|FakeOut,KnockOff,FlareBlitz,PartingShot|||M|||50|,,,,,Ghost]Ursaluna||FlameOrb|Guts|HeadlongRush,Protect,Facade,SwordsDance|||F|||50|,,,,,Ghost]Porygon2||Eviolite|Trace|TrickRoom,IceBeam,TeraBlast,Protect||||||50|,,,,,Flying]Azumarill||SitrusBerry|HugePower|BellyDrum,AquaJet,PlayRough,Superpower|||M|||50|,,,,,Fire]Sneasler||WhiteHerb|Unburden|DireClaw,Coaching,CloseCombat,Protect|||M|||50|,,,,,Stellar]Talonflame||FocusSash|GaleWings|BraveBird,FlareBlitz,Tailwind,Taunt|||M|||50|,,,,,Ghost
|showteam|p2|Ursaluna-Bloodmoon||LifeOrb|MindsEye|HyperVoice,BloodMoon,EarthPower,Protect|||M|||50|,,,,,Normal]Incineroar||SitrusBerry|Intimidate|FakeOut,FlareBlitz,KnockOff,PartingShot|||F|||50|,,,,,Bug]Rillaboom||AssaultVest|GrassySurge|Uturn,WoodHammer,GrassyGlide,FakeOut|||M|||50|,,,,,Fire]Farigiraf||ThroatSpray|ArmorTail|HyperVoice,Protect,Psychic,TrickRoom|||M|||50|,,,,,Fairy]Sneasler||FocusSash|Unburden|CloseCombat,Protect,FakeOut,ThroatChop|||F|||50|,,,,,Dark]Volcarona||CovertCloak|FlameBody|HeatWave,Protect,StruggleBug,RagePowder|||M|||50|,,,,,Water
|
|t:|1756527181
|teamsize|p1|4
|teamsize|p2|4
|start
|switch|p1a: Sneasler|Sneasler, L50, M|100/100
|switch|p1b: Talonflame|Talonflame, L50, M, shiny|100/100
|switch|p2a: Incineroar|Incineroar, L50, F|100/100
|switch|p2b: Farigiraf|Farigiraf, L50, M|100/100
|-ability|p2a: Incineroar|Intimidate|boost
|-unboost|p1a: Sneasler|atk|1
|-unboost|p1b: Talonflame|atk|1
|-enditem|p1a: Sneasler|White Herb
|-clearnegativeboost|p1a: Sneasler|[silent]
|turn|1
|
|t:|1756527212
|switch|p1b: Incineroar|Incineroar, L50, M|100/100
|-ability|p1b: Incineroar|Intimidate|boost
|-unboost|p2a: Incineroar|atk|1
|-unboost|p2b: Farigiraf|atk|1
|-terastallize|p1a: Sneasler|Stellar
|move|p2a: Incineroar|Fake Out|p1a: Sneasler
|-damage|p1a: Sneasler|88/100
|cant|p1a: Sneasler|flinch
|move|p2b: Farigiraf|Hyper Voice|p1a: Sneasler|[spread] p1a,p1b
|-damage|p1a: Sneasler|40/100
|-damage|p1b: Incineroar|74/100
|-enditem|p2b: Farigiraf|Throat Spray
|-boost|p2b: Farigiraf|spa|1|[from] item: Throat Spray
|
|upkeep
|turn|2
|
|t:|1756527244
|move|p1a: Sneasler|Protect|p1a: Sneasler
|-singleturn|p1a: Sneasler|Protect
|move|p2b: Farigiraf|Protect|p2b: Farigiraf
|-singleturn|p2b: Farigiraf|Protect
|move|p2a: Incineroar|Parting Shot|p1b: Incineroar
|-unboost|p1b: Incineroar|atk|1
|-unboost|p1b: Incineroar|spa|1
|
|t:|1756527253
|switch|p2a: Ursaluna|Ursaluna-Bloodmoon, L50, M|100/100|[from] Parting Shot
|move|p1b: Incineroar|Parting Shot|p2b: Farigiraf
|-activate|p2b: Farigiraf|move: Protect
|
|upkeep
|turn|3
|
|t:|1756527272
|switch|p2a: Incineroar|Incineroar, L50, F|100/100
|-ability|p2a: Incineroar|Intimidate|boost
|-unboost|p1a: Sneasler|atk|1
|-unboost|p1b: Incineroar|atk|1
|move|p1a: Sneasler|Close Combat|p2a: Incineroar
|-supereffective|p2a: Incineroar
|-damage|p2a: Incineroar|2/100
|-unboost|p1a: Sneasler|def|1
|-unboost|p1a: Sneasler|spd|1
|-enditem|p2a: Incineroar|Sitrus Berry|[eat]
|-heal|p2a: Incineroar|27/100|[from] item: Sitrus Berry
|move|p1b: Incineroar|Parting Shot|p2b: Farigiraf
|-unboost|p2b: Farigiraf|atk|1
|-unboost|p2b: Farigiraf|spa|1
|
|t:|1756527284
|switch|p1b: Talonflame|Talonflame, L50, M, shiny|100/100|[from] Parting Shot
|move|p2b: Farigiraf|Hyper Voice|p1a: Sneasler|[spread] p1a,p1b
|-damage|p1a: Sneasler|0 fnt
|-damage|p1b: Talonflame|53/100
|faint|p1a: Sneasler
|
|upkeep
|
|t:|1756527291
|switch|p1a: Ursaluna|Ursaluna, L50, F|100/100
|turn|4
|
|t:|1756527301
|move|p1a: Ursaluna|Protect|p1a: Ursaluna
|-singleturn|p1a: Ursaluna|Protect
|move|p1b: Talonflame|Tailwind|p1b: Talonflame
|-sidestart|p1: theshpacedog18|move: Tailwind
|move|p2a: Incineroar|Knock Off|p1a: Ursaluna
|-activate|p1a: Ursaluna|move: Protect
|move|p2b: Farigiraf|Hyper Voice|p1b: Talonflame|[spread] p1b
|-activate|p1a: Ursaluna|move: Protect
|-damage|p1b: Talonflame|8/100
|
|-status|p1a: Ursaluna|brn|[from] item: Flame Orb
|upkeep
|turn|5
|
|t:|1756527315
|switch|p2a: Rillaboom|Rillaboom, L50, M|100/100
|-fieldstart|move: Grassy Terrain|[from] ability: Grassy Surge|[of] p2a: Rillaboom
|move|p2b: Farigiraf|Protect|p2b: Farigiraf
|-singleturn|p2b: Farigiraf|Protect
|move|p1b: Talonflame|Brave Bird|p2a: Rillaboom
|-supereffective|p2a: Rillaboom
|-damage|p2a: Rillaboom|13/100
|-damage|p1b: Talonflame|0 fnt|[from] Recoil
|faint|p1b: Talonflame
|move|p1a: Ursaluna|Facade|p2b: Farigiraf
|-activate|p2b: Farigiraf|move: Protect
|
|-heal|p2a: Rillaboom|19/100|[from] Grassy Terrain
|-damage|p1a: Ursaluna|94/100 brn|[from] brn
|upkeep
|
|t:|1756527323
|switch|p1b: Incineroar|Incineroar, L50, M|74/100
|-ability|p1b: Incineroar|Intimidate|boost
|-unboost|p2a: Rillaboom|atk|1
|-unboost|p2b: Farigiraf|atk|1
|turn|6
|
|t:|1756527345
|switch|p2a: Incineroar|Incineroar, L50, F|27/100
|-ability|p2a: Incineroar|Intimidate|boost
|-unboost|p1a: Ursaluna|atk|1
|-unboost|p1b: Incineroar|atk|1
|move|p1b: Incineroar|Fake Out||[still]
|cant|p2b: Farigiraf|ability: Armor Tail|Fake Out|[of] p1b: Incineroar
|move|p1a: Ursaluna|Facade|p2b: Farigiraf
|-damage|p2b: Farigiraf|10/100
|move|p2b: Farigiraf|Hyper Voice|p1b: Incineroar|[spread] p1a,p1b
|-damage|p1a: Ursaluna|68/100 brn
|-damage|p1b: Incineroar|46/100
|
|-heal|p1b: Incineroar|51/100|[from] Grassy Terrain
|-heal|p1a: Ursaluna|74/100 brn|[from] Grassy Terrain
|-heal|p2a: Incineroar|33/100|[from] Grassy Terrain
|-heal|p2b: Farigiraf|16/100|[from] Grassy Terrain
|-damage|p1a: Ursaluna|68/100 brn|[from] brn
|upkeep
|turn|7
|
|t:|1756527378
|switch|p2b: Ursaluna|Ursaluna-Bloodmoon, L50, M|100/100
|move|p1a: Ursaluna|Protect|p1a: Ursaluna
|-singleturn|p1a: Ursaluna|Protect
|move|p2a: Incineroar|Fake Out|p1a: Ursaluna
|-activate|p1a: Ursaluna|move: Protect
|move|p1b: Incineroar|Knock Off|p2b: Ursaluna
|-damage|p2b: Ursaluna|82/100
|-enditem|p2b: Ursaluna|Life Orb|[from] move: Knock Off|[of] p1b: Incineroar
|
|-heal|p1b: Incineroar|57/100|[from] Grassy Terrain
|-heal|p1a: Ursaluna|74/100 brn|[from] Grassy Terrain
|-heal|p2b: Ursaluna|88/100|[from] Grassy Terrain
|-heal|p2a: Incineroar|39/100|[from] Grassy Terrain
|-damage|p1a: Ursaluna|68/100 brn|[from] brn
|-sideend|p1: theshpacedog18|move: Tailwind
|upkeep
|turn|8
|
|t:|1756527413
|move|p2b: Ursaluna|Blood Moon|p1a: Ursaluna
|-damage|p1a: Ursaluna|0 fnt
|faint|p1a: Ursaluna
|move|p2a: Incineroar|Parting Shot|p1b: Incineroar
|-unboost|p1b: Incineroar|atk|1
|-unboost|p1b: Incineroar|spa|1
|c|☆eklyst|btw is your ursaluna 252 attack adamant?
|c|☆eklyst|coz i didnt think my farig survived that
|
|t:|1756527436
|switch|p2a: Rillaboom|Rillaboom, L50, M|19/100|[from] Parting Shot
|move|p1b: Incineroar|Knock Off|p2a: Rillaboom
|-damage|p2a: Rillaboom|2/100
|-enditem|p2a: Rillaboom|Assault Vest|[from] move: Knock Off|[of] p1b: Incineroar
|
|-heal|p2a: Rillaboom|8/100|[from] Grassy Terrain
|-heal|p2b: Ursaluna|94/100|[from] Grassy Terrain
|-heal|p1b: Incineroar|63/100|[from] Grassy Terrain
|upkeep
|turn|9
|-message|theshpacedog18 forfeited.
|
|win|eklyst
|raw|theshpacedog18's rating: 1068 → 1047(-21 for losing)
|raw|eklyst's rating: 1046 → 1081(+35 for winning)
|l|‽theshpacedog18
|player|p1|
