|j|☆Deity1243
|j|☆miradonaod
|html|Deity1243miradonaod    
|uhtml|bestof|Game 3 of a best-of-3
|t:|1782350205
|gametype|doubles
|player|p1|Deity1243|2|1013
|player|p2|miradonaod|ballguy|1040
|gen|9
|tier|[Gen 9 Champions] VGC 2026 Reg M-B (Bo3)
|rated|
|rule|Species Clause: Limit one of each Pokémon
|rule|Item Clause: Limit 1 of each item
|clearpoke
|poke|p1|Staraptor, L50, M|
|poke|p1|Garchomp, L50, M|
|poke|p1|Whimsicott, L50, M|
|poke|p1|Sneasler, L50, F|
|poke|p1|Ceruledge, L50, F|
|poke|p1|Kingambit, L50, F|
|poke|p2|Sceptile, L50, M|
|poke|p2|Rotom-Heat, L50|
|poke|p2|Basculegion, L50, M|
|poke|p2|Aerodactyl, L50, M|
|poke|p2|Garchomp, L50, M|
|poke|p2|Floette-Eternal, L50, F|
|teampreview|4
|showteam|p1|Staraptor||Staraptite|Intimidate|CloseCombat,BraveBird,Roost,Protect|Jolly||M|||50|]Garchomp||LifeOrb|RoughSkin|StompingTantrum,DragonClaw,RockSlide,Protect|Adamant||M|||50|]Whimsicott||SitrusBerry|Prankster|Tailwind,Charm,Moonblast,Encore|Bold||M|||50|]Sneasler||WhiteHerb|Unburden|FakeOut,CloseCombat,DireClaw,Coaching|Jolly||F|||50|]Ceruledge||FocusSash|FlashFire|BitterBlade,ShadowSneak,SwordsDance,Protect|Adamant||F|||50|]Kingambit||BlackGlasses|Defiant|SuckerPunch,KowtowCleave,SwordsDance,Protect|Adamant||F|||50|
|showteam|p2|Sceptile||Sceptilite|Overgrow|GrassKnot,DragonPulse,EarthPower,Detect|Timid||M|||50|]Rotom-Heat||ChoiceScarf|Levitate|Thunderbolt,Overheat,VoltSwitch,Discharge|Timid|||||50|]Basculegion||SitrusBerry|Adaptability|WaveCrash,LastRespects,AquaJet,Protect|Adamant||M|||50|]Aerodactyl||FocusSash|Unnerve|RockSlide,DualWingbeat,Tailwind,WideGuard|Jolly||M|||50|]Garchomp||LifeOrb|RoughSkin|DragonClaw,Earthquake,RockSlide,Protect|Jolly||M|||50|]Floette-Eternal||Floettite|FlowerVeil|Moonblast,DazzlingGleam,LightofRuin,Protect|Timid||F|||50|
|inactive|Battle timer is ON: inactive players will automatically lose when time's up. (requested by miradonaod)
|
|t:|1782350223
|teamsize|p1|4
|teamsize|p2|4
|start
|switch|p1a: Sneasler|Sneasler, L50, F|100/100
|switch|p1b: Whimsicott|Whimsicott, L50, M|100/100
|switch|p2a: Floette|Floette-Eternal, L50, F|100/100
|switch|p2b: Rotom|Rotom-Heat, L50|100/100
|turn|1
|
|t:|1782350237
|move|p2a: Floette|Protect|p2a: Floette
|-singleturn|p2a: Floette|Protect
|move|p1a: Sneasler|Fake Out|p2a: Floette
|-activate|p2a: Floette|move: Protect
|move|p1b: Whimsicott|Tailwind|p1b: Whimsicott
|-sidestart|p1: Deity1243|move: Tailwind
|move|p2b: Rotom|Overheat|p1a: Sneasler
|-damage|p1a: Sneasler|26/100
|-unboost|p2b: Rotom|spa|2
|
|upkeep
|turn|2
|
|t:|1782350258
|switch|p1a: Kingambit|Kingambit, L50, F|100/100
|switch|p2a: Basculegion|Basculegion, L50, M|100/100
|move|p1b: Whimsicott|Encore||[still]
|-fail|p1b: Whimsicott
|move|p2b: Rotom|Overheat|p1a: Kingambit
|-supereffective|p1a: Kingambit|1
|-damage|p1a: Kingambit|47/100
|-unboost|p2b: Rotom|spa|2
|
|upkeep
|turn|3
|
|t:|1782350276
|switch|p1b: Ceruledge|Ceruledge, L50, F|100/100
|switch|p2b: Floette|Floette-Eternal, L50, F|100/100
|move|p1a: Kingambit|Sucker Punch|p2a: Basculegion
|-supereffective|p2a: Basculegion|1
|-damage|p2a: Basculegion|15/100
|-enditem|p2a: Basculegion|Sitrus Berry|[eat]
|-heal|p2a: Basculegion|39/100|[from] item: Sitrus Berry
|move|p2a: Basculegion|Wave Crash|p1a: Kingambit
|-damage|p1a: Kingambit|0 fnt
|faint|p1a: Kingambit
|-damage|p2a: Basculegion|23/100|[from] Recoil
|
|upkeep
|
|t:|1782350292
|switch|p1a: Sneasler|Sneasler, L50, F|26/100
|turn|4
|
|t:|1782350309
|detailschange|p2b: Floette|Floette-Mega, L50, F
|-mega|p2b: Floette|Floette|Floettite
|-ability|p2b: Floette|Fairy Aura
|move|p2a: Basculegion|Protect|p2a: Basculegion
|-singleturn|p2a: Basculegion|Protect
|move|p1b: Ceruledge|Shadow Sneak|p2a: Basculegion
|-activate|p2a: Basculegion|move: Protect
|move|p1a: Sneasler|Dire Claw|p2b: Floette
|-supereffective|p2b: Floette|1
|-damage|p2b: Floette|0 fnt
|faint|p2b: Floette
|
|-sideend|p1: Deity1243|move: Tailwind
|upkeep
|
|t:|1782350321
|switch|p2b: Rotom|Rotom-Heat, L50|100/100
|turn|5
|
|t:|1782350331
|move|p1b: Ceruledge|Shadow Sneak|p2a: Basculegion
|-supereffective|p2a: Basculegion|1
|-damage|p2a: Basculegion|0 fnt
|faint|p2a: Basculegion
|move|p2b: Rotom|Thunderbolt|p1b: Ceruledge
|-damage|p1b: Ceruledge|50/100y
|move|p1a: Sneasler|Coaching|p1b: Ceruledge
|-boost|p1b: Ceruledge|atk|1
|-boost|p1b: Ceruledge|def|1
|
|upkeep
|
|t:|1782350337
|switch|p2a: Garchomp|Garchomp, L50, M|100/100
|turn|6
|
|t:|1782350345
|move|p1b: Ceruledge|Protect|p1b: Ceruledge
|-singleturn|p1b: Ceruledge|Protect
|move|p2b: Rotom|Thunderbolt|p1b: Ceruledge
|-activate|p1b: Ceruledge|move: Protect
|move|p1a: Sneasler|Coaching|p1b: Ceruledge
|-boost|p1b: Ceruledge|atk|1
|-boost|p1b: Ceruledge|def|1
|move|p2a: Garchomp|Earthquake|p1b: Ceruledge|[spread] p1a
|-activate|p1b: Ceruledge|move: Protect
|-immune|p2b: Rotom|[from] ability: Levitate
|-supereffective|p1a: Sneasler|1
|-damage|p1a: Sneasler|0 fnt
|faint|p1a: Sneasler
|-damage|p2a: Garchomp|90/100|[from] item: Life Orb
|
|upkeep
|
|t:|1782350361
|switch|p1a: Whimsicott|Whimsicott, L50, M|100/100
|turn|7
|
|t:|1782350377
|move|p1a: Whimsicott|Tailwind|p1a: Whimsicott
|-sidestart|p1: Deity1243|move: Tailwind
|move|p1b: Ceruledge|Bitter Blade|p2a: Garchomp
|-resisted|p2a: Garchomp|1
|-damage|p2a: Garchomp|41/100
|-heal|p1b: Ceruledge|80/100|[from] drain|[of] p2a: Garchomp
|-damage|p1b: Ceruledge|67/100|[from] ability: Rough Skin|[of] p2a: Garchomp
|move|p2b: Rotom|Thunderbolt|p1b: Ceruledge
|-damage|p1b: Ceruledge|19/100
|move|p2a: Garchomp|Earthquake|p1b: Ceruledge|[spread] p1a,p1b
|-immune|p2b: Rotom|[from] ability: Levitate
|-resisted|p1a: Whimsicott|1
|-supereffective|p1b: Ceruledge|1
|-damage|p1a: Whimsicott|71/100
|-damage|p1b: Ceruledge|0 fnt
|faint|p1b: Ceruledge
|-damage|p2a: Garchomp|31/100|[from] item: Life Orb
|
|upkeep
|turn|8
|
|t:|1782350397
|move|p1a: Whimsicott|Moonblast|p2a: Garchomp
|-supereffective|p2a: Garchomp|1
|-damage|p2a: Garchomp|0 fnt
|faint|p2a: Garchomp
|move|p2b: Rotom|Thunderbolt|p1a: Whimsicott
|-resisted|p1a: Whimsicott|1
|-damage|p1a: Whimsicott|46/100
|-status|p1a: Whimsicott|par
|-enditem|p1a: Whimsicott|Sitrus Berry|[eat]
|-heal|p1a: Whimsicott|70/100 par|[from] item: Sitrus Berry
|
|upkeep
|turn|9
|c|☆Deity1243|Gg
|c|☆miradonaod|ggwp
|
|t:|1782350408
|move|p2b: Rotom|Thunderbolt|p1a: Whimsicott
|-resisted|p1a: Whimsicott|1
|-damage|p1a: Whimsicott|44/100 par
|move|p1a: Whimsicott|Moonblast|p2b: Rotom
|-resisted|p2b: Rotom|1
|-damage|p2b: Rotom|83/100
|
|upkeep
|turn|10
|
|t:|1782350416
|move|p2b: Rotom|Thunderbolt|p1a: Whimsicott
|-resisted|p1a: Whimsicott|1
|-damage|p1a: Whimsicott|19/100 par
|move|p1a: Whimsicott|Moonblast|p2b: Rotom
|-resisted|p2b: Rotom|1
|-damage|p2b: Rotom|64/100
|
|-sideend|p1: Deity1243|move: Tailwind
|upkeep
|turn|11
|-message|Deity1243 forfeited.
|raw|Deity1243's rating: 1013 → 1002(-11 for losing)
|raw|miradonaod's rating: 1040 → 1071(+31 for winning)
|
|win|miradonaod
