|j|☆MinasDevilCrobats
|j|☆Its last min
|html|MinasDevilCrobatsIts last min    
|uhtml|bestof|Game 2 of a best-of-3
|t:|1756211651
|gametype|doubles
|player|p1|MinasDevilCrobats|darach-caitlin|1164
|player|p2|Its last min|265|1083
|gen|9
|tier|[Gen 9] VGC 2025 Reg H (Bo3)
|rated|
|rule|Species Clause: Limit one of each Pokémon
|rule|Item Clause: Limit 1 of each item
|clearpoke
|poke|p1|Dragapult, L50, M|
|poke|p1|Electabuzz, L50, F|
|poke|p1|Weavile, L50, M|
|poke|p1|Primarina, L50, M|
|poke|p1|Gholdengo, L50|
|poke|p1|Whimsicott, L50, F|
|poke|p2|Hydreigon, L50, M|
|poke|p2|Maushold-Four, L50|
|poke|p2|Gholdengo, L50|
|poke|p2|Ursaluna-Bloodmoon, L50, M|
|poke|p2|Incineroar, L50, M|
|poke|p2|Rillaboom, L50, F|
|teampreview|4
|showteam|p1|Dragapult||ChoiceBand|ClearBody|DragonDarts,PhantomForce,SuckerPunch,PsychicFangs|||M|||50|,,,,,Dragon]Electabuzz||Eviolite|VitalSpirit|Electroweb,FollowMe,Taunt,Protect|||F|||50|,,,,,Ghost]Weavile||FocusSash|Pickpocket|FakeOut,KnockOff,TripleAxel,Protect|||M|||50|,,,,,Stellar]Primarina||ThroatSpray|LiquidVoice|HyperVoice,Moonblast,Haze,Protect|||M|||50|,,,,,Water]Gholdengo||LifeOrb|GoodasGold|MakeItRain,ShadowBall,NastyPlot,Protect||||||50|,,,,,Water]Whimsicott||CovertCloak|Prankster|Tailwind,Moonblast,Taunt,FakeTears|||F|||50|,,,,,Water
|showteam|p2|Hydreigon||CovertCloak|Levitate|DracoMeteor,Tailwind,Snarl,Protect|||M|||50|,,,,,Steel]Maushold-Four||SitrusBerry|FriendGuard|FollowMe,SuperFang,Taunt,Protect||||||50|,,,,,Ghost]Gholdengo||GrassySeed|GoodasGold|NastyPlot,MakeItRain,ShadowBall,Protect||||||50|,,,,,Water]Ursaluna-Bloodmoon||LifeOrb|MindsEye|BloodMoon,HyperVoice,EarthPower,Protect|||M|||50|,,,,,Normal]Incineroar||SafetyGoggles|Intimidate|KnockOff,FlareBlitz,PartingShot,FakeOut|||M|||50|,,,,,Ghost]Rillaboom||AssaultVest|GrassySurge|FakeOut,Uturn,GrassyGlide,DrumBeating|||F|||50|,,,,,Fire
|
|t:|1756211687
|teamsize|p1|4
|teamsize|p2|4
|start
|switch|p1a: Dragapult|Dragapult, L50, M|100/100
|switch|p1b: Whimsicott|Whimsicott, L50, F|100/100
|switch|p2a: Rillaboom|Rillaboom, L50, F|100/100
|switch|p2b: Gholdengo|Gholdengo, L50|100/100
|-fieldstart|move: Grassy Terrain|[from] ability: Grassy Surge|[of] p2a: Rillaboom
|-enditem|p2b: Gholdengo|Grassy Seed
|-boost|p2b: Gholdengo|def|1|[from] item: Grassy Seed
|turn|1
|
|t:|1756211715
|-terastallize|p1a: Dragapult|Dragon
|move|p2b: Gholdengo|Protect|p2b: Gholdengo
|-singleturn|p2b: Gholdengo|Protect
|move|p1b: Whimsicott|Tailwind|p1b: Whimsicott
|-sidestart|p1: MinasDevilCrobats|move: Tailwind
|move|p1a: Dragapult|Dragon Darts|p2a: Rillaboom
|-damage|p2a: Rillaboom|41/100
|-anim|p1a: Dragapult|Dragon Darts|p2a: Rillaboom
|-damage|p2a: Rillaboom|0 fnt
|faint|p2a: Rillaboom
|
|upkeep
|
|t:|1756211728
|switch|p2a: Incineroar|Incineroar, L50, M, shiny|100/100
|-ability|p2a: Incineroar|Intimidate|boost
|-fail|p1a: Dragapult|unboost|[from] ability: Clear Body|[of] p1a: Dragapult
|-unboost|p1b: Whimsicott|atk|1
|turn|2
|
|t:|1756211737
|switch|p1b: Primarina|Primarina, L50, M|100/100
|move|p2a: Incineroar|Fake Out|p1a: Dragapult
|-damage|p1a: Dragapult|83/100
|cant|p1a: Dragapult|flinch
|move|p2b: Gholdengo|Nasty Plot|p2b: Gholdengo
|-boost|p2b: Gholdengo|spa|2
|
|-heal|p1a: Dragapult|89/100|[from] Grassy Terrain
|upkeep
|turn|3
|
|t:|1756211773
|switch|p2a: Maushold|Maushold-Four, L50|100/100
|move|p1a: Dragapult|Dragon Darts|p2a: Maushold
|-damage|p2a: Maushold|31/100
|-enditem|p2a: Maushold|Sitrus Berry|[eat]
|-heal|p2a: Maushold|56/100|[from] item: Sitrus Berry
|-anim|p1a: Dragapult|Dragon Darts|p2b: Gholdengo
|-resisted|p2b: Gholdengo
|-damage|p2b: Gholdengo|85/100
|move|p1b: Primarina|Haze|p1b: Primarina
|-clearallboost
|move|p2b: Gholdengo|Make It Rain|p1b: Primarina|[spread] p1a,p1b
|-damage|p1a: Dragapult|29/100
|-damage|p1b: Primarina|58/100
|-unboost|p2b: Gholdengo|spa|1
|
|-heal|p1a: Dragapult|35/100|[from] Grassy Terrain
|-heal|p1b: Primarina|64/100|[from] Grassy Terrain
|-heal|p2a: Maushold|62/100|[from] Grassy Terrain
|-heal|p2b: Gholdengo|91/100|[from] Grassy Terrain
|upkeep
|turn|4
|
|t:|1756211799
|move|p2a: Maushold|Protect|p2a: Maushold
|-singleturn|p2a: Maushold|Protect
|move|p1a: Dragapult|Dragon Darts|p2b: Gholdengo
|-resisted|p2b: Gholdengo
|-damage|p2b: Gholdengo|65/100
|-anim|p1a: Dragapult|Dragon Darts|p2b: Gholdengo
|-resisted|p2b: Gholdengo
|-damage|p2b: Gholdengo|40/100
|move|p1b: Primarina|Hyper Voice|p2b: Gholdengo|[spread] p2b
|-activate|p2a: Maushold|move: Protect
|-damage|p2b: Gholdengo|12/100
|-enditem|p1b: Primarina|Throat Spray
|-boost|p1b: Primarina|spa|1|[from] item: Throat Spray
|move|p2b: Gholdengo|Nasty Plot|p2b: Gholdengo
|-boost|p2b: Gholdengo|spa|2
|
|-heal|p1a: Dragapult|41/100|[from] Grassy Terrain
|-heal|p1b: Primarina|70/100|[from] Grassy Terrain
|-heal|p2a: Maushold|68/100|[from] Grassy Terrain
|-heal|p2b: Gholdengo|18/100|[from] Grassy Terrain
|-sideend|p1: MinasDevilCrobats|move: Tailwind
|upkeep
|turn|5
|
|t:|1756211819
|move|p1b: Primarina|Protect|p1b: Primarina
|-singleturn|p1b: Primarina|Protect
|move|p2a: Maushold|Follow Me|p2a: Maushold
|-singleturn|p2a: Maushold|move: Follow Me
|move|p1a: Dragapult|Dragon Darts|p2a: Maushold
|-damage|p2a: Maushold|8/100
|-anim|p1a: Dragapult|Dragon Darts|p2a: Maushold
|-damage|p2a: Maushold|0 fnt
|faint|p2a: Maushold
|move|p2b: Gholdengo|Make It Rain|p1a: Dragapult|[spread] p1a
|-activate|p1b: Primarina|move: Protect
|-damage|p1a: Dragapult|0 fnt
|-unboost|p2b: Gholdengo|spa|1
|faint|p1a: Dragapult
|
|-heal|p2b: Gholdengo|24/100|[from] Grassy Terrain
|-heal|p1b: Primarina|76/100|[from] Grassy Terrain
|-fieldend|move: Grassy Terrain
|upkeep
|
|t:|1756211832
|switch|p1a: Whimsicott|Whimsicott, L50, F|100/100
|switch|p2a: Incineroar|Incineroar, L50, M, shiny|100/100
|-ability|p2a: Incineroar|Intimidate|boost
|-unboost|p1a: Whimsicott|atk|1
|-unboost|p1b: Primarina|atk|1
|turn|6
|
|t:|1756211845
|move|p1b: Primarina|Protect|p1b: Primarina
|-singleturn|p1b: Primarina|Protect
|move|p1a: Whimsicott|Tailwind|p1a: Whimsicott
|-sidestart|p1: MinasDevilCrobats|move: Tailwind
|move|p2b: Gholdengo|Make It Rain|p1b: Primarina|[spread] p1a
|-activate|p1b: Primarina|move: Protect
|-supereffective|p1a: Whimsicott
|-damage|p1a: Whimsicott|0 fnt
|-unboost|p2b: Gholdengo|spa|1
|faint|p1a: Whimsicott
|move|p2a: Incineroar|Flare Blitz|p1b: Primarina
|-activate|p1b: Primarina|move: Protect
|
|upkeep
|
|t:|1756211856
|switch|p1a: Weavile|Weavile, L50, M|100/100
|turn|7
|
|t:|1756211864
|move|p1a: Weavile|Knock Off|p2b: Gholdengo
|-supereffective|p2b: Gholdengo
|-damage|p2b: Gholdengo|0 fnt
|faint|p2b: Gholdengo
|move|p1b: Primarina|Hyper Voice|p2a: Incineroar
|-supereffective|p2a: Incineroar
|-damage|p2a: Incineroar|0 fnt
|faint|p2a: Incineroar
|
|win|MinasDevilCrobats
||Its last min is ready for game 3.
||MinasDevilCrobats is ready for game 3.
|uhtml|next|Next: Game 3 of 3
