|j|☆mygreat
|j|☆raksbach
|html|mygreatraksbach    
|uhtml|bestof|Game 2 of a best-of-3
|t:|1785849142
|gametype|doubles
|player|p1|mygreat|lance|1338
|player|p2|raksbach|doubleteam|1290
|gen|9
|tier|[Gen 9 Champions] VGC 2026 Reg M-B (Bo3)
|rated|
|rule|Species Clause: Limit one of each Pokémon
|rule|Item Clause: Limit 1 of each item
|clearpoke
|poke|p1|Staraptor, L50, M|
|poke|p1|Garchomp, L50, M|
|poke|p1|Whimsicott, L50, M|
|poke|p1|Delphox, L50, M|
|poke|p1|Glimmora, L50, M|
|poke|p1|Gholdengo, L50|
|poke|p2|Charizard, L50, F|
|poke|p2|Garchomp, L50, F|
|poke|p2|Incineroar, L50, M|
|poke|p2|Venusaur, L50, M|
|poke|p2|Toxapex, L50, M|
|poke|p2|Sylveon, L50, M|
|teampreview|4
|showteam|p1|Staraptor||Staraptite|Intimidate|Protect,Roost,CloseCombat,BraveBird|Jolly||M|||50|]Garchomp||SitrusBerry|RoughSkin|Protect,RockSlide,Earthquake,DragonClaw|Jolly||M|||50|]Whimsicott||OccaBerry|Prankster|Moonblast,Tailwind,Tickle,FakeTears|Timid||M|||50|]Delphox||Delphoxite|Magician|Protect,Psychic,HeatWave,Substitute|Timid||M|||50|]Glimmora||FocusSash|ToxicDebris|SpikyShield,SludgeBomb,EarthPower,PowerGem|Timid||M|||50|]Gholdengo||LifeOrb|GoodasGold|MakeItRain,ShadowBall,FocusBlast,Protect|Modest|||||50|
|showteam|p2|Charizard||CharizarditeY|Blaze|WeatherBall,HeatWave,AncientPower,Protect|Modest||F|||50|]Garchomp||ChoiceScarf|RoughSkin|RockSlide,DragonClaw,Earthquake,StompingTantrum|Adamant||F|||50|]Incineroar||SitrusBerry|Intimidate|FlareBlitz,FakeOut,DarkestLariat,PartingShot|Impish||M|||50|]Venusaur||LifeOrb|Chlorophyll|SludgeBomb,LeafStorm,EarthPower,Protect|Modest||M|||50|]Toxapex||Leftovers|Regenerator|Infestation,Toxic,WideGuard,BanefulBunker|Bold||M|||50|]Sylveon||FairyFeather|Pixilate|HyperVoice,QuickAttack,Yawn,Detect|Modest||M|||50|
|inactive|Battle timer is ON: inactive players will automatically lose when time's up. (requested by raksbach)
|inactive|mygreat also wants the timer to be on.
|
|t:|1785849170
|teamsize|p1|4
|teamsize|p2|4
|start
|switch|p1a: Glimmora|Glimmora, L50, M|100/100
|switch|p1b: Whimsicott|Whimsicott, L50, M|100/100
|switch|p2a: Garchomp|Garchomp, L50, F|100/100
|switch|p2b: Incineroar|Incineroar, L50, M|100/100
|-ability|p2b: Incineroar|Intimidate|boost
|-unboost|p1a: Glimmora|atk|1
|-unboost|p1b: Whimsicott|atk|1
|turn|1
|
|t:|1785849190
|move|p1a: Glimmora|Spiky Shield|p1a: Glimmora
|-singleturn|p1a: Glimmora|move: Protect
|move|p2b: Incineroar|Fake Out|p1b: Whimsicott
|-damage|p1b: Whimsicott|87/100
|cant|p1b: Whimsicott|flinch
|move|p2a: Garchomp|Stomping Tantrum|p1a: Glimmora
|-activate|p1a: Glimmora|move: Protect
|-damage|p2a: Garchomp|87/100|[from] Spiky Shield|[of] p1a: Glimmora
|
|upkeep
|turn|2
|
|t:|1785849207
|switch|p1a: Garchomp|Garchomp, L50, M|100/100
|move|p1b: Whimsicott|Tailwind|p1b: Whimsicott
|-sidestart|p1: mygreat|move: Tailwind
|move|p2a: Garchomp|Stomping Tantrum|p1a: Garchomp
|-damage|p1a: Garchomp|61/100
|-damage|p2a: Garchomp|75/100|[from] ability: Rough Skin|[of] p1a: Garchomp
|move|p2b: Incineroar|Flare Blitz|p1b: Whimsicott
|-supereffective|p1b: Whimsicott|1
|-enditem|p1b: Whimsicott|Occa Berry|[eat]
|-enditem|p1b: Whimsicott|Occa Berry|[weaken]
|-damage|p1b: Whimsicott|30/100
|-damage|p2b: Incineroar|85/100|[from] Recoil
|
|upkeep
|turn|3
|
|t:|1785849227
|switch|p2a: Charizard|Charizard, L50, F|100/100
|move|p1b: Whimsicott|Moonblast|p2b: Incineroar
|-damage|p2b: Incineroar|59/100
|-unboost|p2b: Incineroar|spa|1
|move|p1a: Garchomp|Earthquake|p2b: Incineroar|[spread] p1b,p2b
|-immune|p2a: Charizard
|-resisted|p1b: Whimsicott|1
|-supereffective|p2b: Incineroar|1
|-damage|p1b: Whimsicott|8/100
|-damage|p2b: Incineroar|3/100
|-enditem|p2b: Incineroar|Sitrus Berry|[eat]
|-heal|p2b: Incineroar|28/100|[from] item: Sitrus Berry
|move|p2b: Incineroar|Parting Shot|p1a: Garchomp
|-unboost|p1a: Garchomp|atk|1
|-unboost|p1a: Garchomp|spa|1
|
|t:|1785849242
|switch|p2b: Venusaur|Venusaur, L50, M|100/100|[from] Parting Shot
|
|upkeep
|turn|4
|
|t:|1785849256
|switch|p2a: Incineroar|Incineroar, L50, M|28/100
|-ability|p2a: Incineroar|Intimidate|boost
|-unboost|p1a: Garchomp|atk|1
|-unboost|p1b: Whimsicott|atk|1
|move|p1b: Whimsicott|Tickle|p2a: Incineroar
|-hint|Since gen 7, Dark is immune to Prankster moves.
|-immune|p2a: Incineroar
|move|p1a: Garchomp|Rock Slide|p2b: Venusaur|[spread] p2a,p2b
|-supereffective|p2a: Incineroar|1
|-crit|p2a: Incineroar
|-damage|p2a: Incineroar|0 fnt
|-damage|p2b: Venusaur|88/100
|faint|p2a: Incineroar
|move|p2b: Venusaur|Leaf Storm|p1a: Garchomp
|-damage|p1a: Garchomp|0 fnt
|-unboost|p2b: Venusaur|spa|2
|faint|p1a: Garchomp
|-damage|p2b: Venusaur|79/100|[from] item: Life Orb
|
|upkeep
|
|t:|1785849273
|switch|p1a: Delphox|Delphox, L50, M|100/100
|switch|p2a: Charizard|Charizard, L50, F|100/100
|turn|5
|
|t:|1785849291
|switch|p1b: Glimmora|Glimmora, L50, M|100/100
|switch|p2b: Garchomp|Garchomp, L50, F|75/100
|detailschange|p1a: Delphox|Delphox-Mega, L50, M
|-mega|p1a: Delphox|Delphox|Delphoxite
|detailschange|p2a: Charizard|Charizard-Mega-Y, L50, F
|-mega|p2a: Charizard|Charizard|Charizardite Y
|-weather|SunnyDay|[from] ability: Drought|[of] p2a: Charizard
|move|p1a: Delphox|Heat Wave|p2b: Garchomp|[spread] p2a,p2b
|-resisted|p2a: Charizard|1
|-resisted|p2b: Garchomp|1
|-damage|p2a: Charizard|75/100
|-damage|p2b: Garchomp|43/100
|move|p2a: Charizard|Ancient Power|p1b: Glimmora
|-damage|p1b: Glimmora|71/100
|
|-weather|SunnyDay|[upkeep]
|-sideend|p1: mygreat|move: Tailwind
|upkeep
|turn|6
|inactive|raksbach has 30 seconds left.
|
|t:|1785849322
|move|p2a: Charizard|Protect|p2a: Charizard
|-singleturn|p2a: Charizard|Protect
|move|p2b: Garchomp|Rock Slide|p1a: Delphox|[spread] p1a,p1b
|-supereffective|p1a: Delphox|1
|-damage|p1a: Delphox|48/100
|-damage|p1b: Glimmora|45/100
|-activate|p1b: Glimmora|ability: Toxic Debris
|-sidestart|p2: raksbach|move: Toxic Spikes
|move|p1a: Delphox|Psychic|p2b: Garchomp
|-damage|p2b: Garchomp|0 fnt
|faint|p2b: Garchomp
|move|p1b: Glimmora|Power Gem|p2a: Charizard
|-activate|p2a: Charizard|move: Protect
|
|-weather|SunnyDay|[upkeep]
|upkeep
|
|t:|1785849333
|switch|p2b: Venusaur|Venusaur, L50, M|79/100
|-sideend|p2: raksbach|move: Toxic Spikes|[of] p2b: Venusaur
|turn|7
|
|t:|1785849349
|move|p2b: Venusaur|Earth Power|p1b: Glimmora
|-supereffective|p1b: Glimmora|2
|-damage|p1b: Glimmora|0 fnt
|faint|p1b: Glimmora
|-damage|p2b: Venusaur|69/100|[from] item: Life Orb
|move|p1a: Delphox|Psychic|p2b: Venusaur
|-supereffective|p2b: Venusaur|1
|-damage|p2b: Venusaur|0 fnt
|faint|p2b: Venusaur
|move|p2a: Charizard|Ancient Power|p1a: Delphox
|-supereffective|p1a: Delphox|1
|-damage|p1a: Delphox|4/100
|
|-weather|SunnyDay|[upkeep]
|upkeep
|
|t:|1785849356
|switch|p1b: Whimsicott|Whimsicott, L50, M|8/100
|turn|8
|
|t:|1785849364
|move|p1b: Whimsicott|Fake Tears|p2a: Charizard
|-unboost|p2a: Charizard|spd|2
|move|p1a: Delphox|Psychic|p2a: Charizard
|-damage|p2a: Charizard|0 fnt
|faint|p2a: Charizard
|
|win|mygreat
|raw|mygreat's rating: 1338 → 1355(+17 for winning)
|raw|raksbach's rating: 1290 → 1268(-22 for losing)
