|j|☆beykidgamer
|j|☆kirbybreaker
|html|beykidgamerkirbybreaker    
|uhtml|bestof|Game 1 of a best-of-3
|t:|1783790034
|gametype|doubles
|player|p1|beykidgamer|lucas-gen4pt|
|player|p2|kirbybreaker|miku-ghost|
|gen|9
|tier|[Gen 9 Champions] VGC 2026 Reg M-B (Bo3)
|rule|Species Clause: Limit one of each Pokémon
|rule|Item Clause: Limit 1 of each item
|clearpoke
|poke|p1|Basculegion, L50, M, shiny|
|poke|p1|Froslass, L50, F, shiny|
|poke|p1|Maushold-Four, L50|
|poke|p1|Rotom-Wash, L50|
|poke|p1|Goodra-Hisui, L50, F|
|poke|p1|Sneasler, L50, M, shiny|
|poke|p2|Annihilape, L50, F|
|poke|p2|Mimikyu, L50, M|
|poke|p2|Sableye, L50, F|
|poke|p2|Froslass, L50, F|
|poke|p2|Basculegion, L50, M|
|poke|p2|Sinistcha, L50|
|teampreview|4
|showteam|p1|Basculegion||FocusSash|Adaptability|LastRespects,Liquidation,AquaJet,Protect|Adamant||M|||50|]Froslass||Froslassite|SnowCloak|Blizzard,AuroraVeil,ShadowBall,Protect|Modest||F|||50|]Maushold-Four||ChopleBerry|FriendGuard|PopulationBomb,FollowMe,Taunt,Uturn|Adamant|||||50|]Rotom-Wash||RindoBerry|Levitate|Thunderbolt,HydroPump,WillOWisp,Reflect|Modest|||||50|]Goodra-Hisui||Leftovers|SapSipper|DragonPulse,FlashCannon,BodyPress,Shelter|Bold||F|||50|]Sneasler||WhiteHerb|Unburden|DireClaw,CloseCombat,FakeOut,Acrobatics|Adamant||M|||50|
|showteam|p2|Annihilape||FocusSash|Defiant|CloseCombat,RageFist,Protect,RockSlide|Adamant||F|||50|]Mimikyu||LifeOrb|Disguise|PlayRough,ShadowClaw,ShadowSneak,Protect|Jolly||M|||50|]Sableye||Sablenite|KeenEye|SuckerPunch,Poltergeist,LowKick,ThroatChop|Brave||F|||50|]Froslass||Froslassite|CursedBody|Blizzard,ShadowBall,Protect,Thunderbolt|Timid||F|||50|]Basculegion||ChoiceScarf|Adaptability|WaveCrash,LastRespects,AquaJet,FlipTurn|Adamant||M|||50|]Sinistcha||KasibBerry|Hospitality|MatchaGotcha,LifeDew,RagePowder,TrickRoom|Bold|||||50|
|
|t:|1783790097
|teamsize|p1|4
|teamsize|p2|4
|start
|switch|p1a: Froslass|Froslass, L50, F, shiny|100/100
|switch|p1b: Maushold|Maushold-Four, L50|100/100
|switch|p2a: Seth|Froslass, L50, F|100/100
|switch|p2b: Yellow|Mimikyu, L50, M|100/100
|turn|1
|
|t:|1783790112
|detailschange|p2a: Seth|Froslass-Mega, L50, F
|-mega|p2a: Seth|Froslass|Froslassite
|-weather|Snowscape|[from] ability: Snow Warning|[of] p2a: Seth
|detailschange|p1a: Froslass|Froslass-Mega, L50, F, shiny
|-mega|p1a: Froslass|Froslass|Froslassite
|move|p1b: Maushold|Follow Me|p1b: Maushold
|-singleturn|p1b: Maushold|move: Follow Me
|move|p2a: Seth|Blizzard|p1a: Froslass|[spread] p1a,p1b
|-resisted|p1a: Froslass|1
|-damage|p1a: Froslass|81/100
|-damage|p1b: Maushold|43/100
|move|p2b: Yellow|Play Rough|p1b: Maushold
|-damage|p1b: Maushold|0 fnt
|faint|p1b: Maushold
|-damage|p2b: Yellow|90/100|[from] item: Life Orb
|move|p1a: Froslass|Aurora Veil|p1a: Froslass
|-sidestart|p1: beykidgamer|move: Aurora Veil
|
|-weather|Snowscape|[upkeep]
|upkeep
|
|t:|1783790132
|switch|p1b: Basculegion|Basculegion, L50, M, shiny|100/100
|turn|2
|
|t:|1783790140
|move|p2a: Seth|Shadow Ball|p1b: Basculegion
|-supereffective|p1b: Basculegion|1
|-damage|p1b: Basculegion|30/100
|-unboost|p1b: Basculegion|spd|1
|move|p2b: Yellow|Shadow Claw|p1b: Basculegion
|-supereffective|p1b: Basculegion|1
|-damage|p1b: Basculegion|0 fnt
|faint|p1b: Basculegion
|-damage|p2b: Yellow|80/100|[from] item: Life Orb
|move|p1a: Froslass|Blizzard|p2a: Seth|[spread] p2a,p2b
|-resisted|p2a: Seth|1
|-damage|p2a: Seth|71/100
|-activate|p2b: Yellow|ability: Disguise
|-damage|p2b: Yellow|80/100
|detailschange|p2b: Yellow|Mimikyu-Busted, L50, M
|-damage|p2b: Yellow|68/100|[from] pokemon: Mimikyu-Busted
|
|-weather|Snowscape|[upkeep]
|upkeep
|
|t:|1783790159
|switch|p1b: Goodra|Goodra-Hisui, L50, F|100/100
|turn|3
|
|t:|1783790173
|move|p2a: Seth|Shadow Ball|p1a: Froslass
|-supereffective|p1a: Froslass|1
|-damage|p1a: Froslass|8/100
|move|p2b: Yellow|Shadow Claw|p1a: Froslass
|-supereffective|p1a: Froslass|1
|-damage|p1a: Froslass|0 fnt
|faint|p1a: Froslass
|-damage|p2b: Yellow|58/100|[from] item: Life Orb
|move|p1b: Goodra|Flash Cannon|p2b: Yellow
|-supereffective|p2b: Yellow|1
|-damage|p2b: Yellow|0 fnt
|faint|p2b: Yellow
|
|-weather|Snowscape|[upkeep]
|upkeep
|
|t:|1783790181
|switch|p2b: Orange|Annihilape, L50, F|100/100
|turn|4
|
|t:|1783790188
|move|p2a: Seth|Blizzard|p1b: Goodra
|-damage|p1b: Goodra|73/100
|move|p2b: Orange|Close Combat|p1b: Goodra
|-supereffective|p1b: Goodra|1
|-damage|p1b: Goodra|4/100
|-unboost|p2b: Orange|def|1
|-unboost|p2b: Orange|spd|1
|move|p1b: Goodra|Dragon Pulse|p2a: Seth
|-damage|p2a: Seth|27/100
|
|-weather|Snowscape|[upkeep]
|-heal|p1b: Goodra|10/100|[from] item: Leftovers
|upkeep
|turn|5
|
|t:|1783790203
|move|p2a: Seth|Blizzard|p1b: Goodra
|-damage|p1b: Goodra|0 fnt
|faint|p1b: Goodra
|
|win|kirbybreaker
||kirbybreaker is ready for game 2.
|l|☆beykidgamer
|player|p1|
|inactive|beykidgamer has 30 seconds to confirm battle start!
|inactive|beykidgamer has 20 seconds to confirm battle start!
|inactive|beykidgamer has 10 seconds to confirm battle start!
|uhtml|next|Next: Game 2 of 3
|l|☆kirbybreaker
|player|p2|
|j|☆kirbybreaker
|player|p2|kirbybreaker|miku-ghost|
