|j|☆Werma985
|j|☆pengu
|html|Werma985pengu    
|uhtml|bestof|Game 3 of a best-of-3
|t:|1784978406
|gametype|doubles
|player|p1|Werma985|volkner|
|player|p2|pengu|rosa-masters2|
|gen|9
|tier|[Gen 9 Champions] VGC 2026 Reg M-B (Bo3)
|rule|Species Clause: Limit one of each Pokémon
|rule|Item Clause: Limit 1 of each item
|clearpoke
|poke|p1|Malamar, L50, M|
|poke|p1|Basculegion-F, L50, F|
|poke|p1|Excadrill, L50, F|
|poke|p1|Tyranitar, L50, M|
|poke|p1|Rotom-Heat, L50|
|poke|p1|Serperior, L50, F, shiny|
|poke|p2|Tyranitar, L50, F|
|poke|p2|Gengar, L50, M|
|poke|p2|Kommo-o, L50, M|
|poke|p2|Rotom-Wash, L50|
|poke|p2|Tinkaton, L50, F|
|poke|p2|Arcanine, L50, M|
|teampreview|4
|showteam|p1|Malamar||Malamarite|Contrary|Superpower,KnockOff,PoisonJab,Protect|Careful||M|||50|]Basculegion-F||LifeOrb|Adaptability|MuddyWater,ShadowBall,IcyWind,Protect|Modest||F|||50|]Excadrill||FocusSash|SandRush|Earthquake,IronHead,HighHorsepower,Protect|Adamant||F|||50|]Tyranitar||Tyranitarite|SandStream|RockSlide,KnockOff,DragonDance,Protect|Jolly||M|||50|]Rotom-Heat||ChoiceScarf|Levitate|Thunderbolt,VoltSwitch,Electroweb,Overheat|Modest|||||50|]Serperior||LightClay|Contrary|LeafStorm,Glare,Reflect,LightScreen|Timid||F|||50|
|showteam|p2|Tyranitar||Tyranitarite|SandStream|RockSlide,KnockOff,LowKick,Protect|Adamant||F|||50|]Gengar||Gengarite|CursedBody|SludgeBomb,ShadowBall,Substitute,Protect|Timid||M|||50|]Kommo-o||Leftovers|Soundproof|ClangingScales,ClangorousSoul,AuraSphere,Protect|Modest||M|||50|]Rotom-Wash||ChoiceScarf|Levitate|HydroPump,Thunderbolt,VoltSwitch,Electroweb|Modest|||||50|]Tinkaton||MetalCoat|OwnTempo|FakeOut,GigatonHammer,PlayRough,Protect|Jolly||F|||50|]Arcanine||SitrusBerry|Intimidate|FlareBlitz,ExtremeSpeed,Howl,Protect|Adamant||M|||50|
|inactive|Battle timer is ON: inactive players will automatically lose when time's up. (requested by pengu)
|c|☆pengu|hf
|c|☆Werma985|u2
|inactive|Werma985 has 60 seconds left.
|
|t:|1784978467
|teamsize|p1|4
|teamsize|p2|4
|start
|switch|p1a: Rotom|Rotom-Heat, L50|100/100
|switch|p1b: Serperior|Serperior, L50, F, shiny|100/100
|switch|p2a: Creed.|Gengar, L50, M|100/100
|switch|p2b: Kiss Of Death|Kommo-o, L50, M|100/100
|turn|1
|
|t:|1784978487
|switch|p2b: Hard Candy|Rotom-Wash, L50|100/100
|move|p2a: Creed.|Protect|p2a: Creed.
|-singleturn|p2a: Creed.|Protect
|move|p1a: Rotom|Electroweb|p2b: Hard Candy|[spread] p2b
|-activate|p2a: Creed.|move: Protect
|-damage|p2b: Hard Candy|73/100
|-unboost|p2b: Hard Candy|spe|1
|move|p1b: Serperior|Light Screen|p1b: Serperior
|-sidestart|p1: Werma985|move: Light Screen
|
|upkeep
|turn|2
|
|t:|1784978500
|detailschange|p2a: Creed.|Gengar-Mega, L50, M
|-mega|p2a: Creed.|Gengar|Gengarite
|move|p1a: Rotom|Electroweb|p2a: Creed.|[spread] p2a,p2b
|-damage|p2a: Creed.|71/100
|-damage|p2b: Hard Candy|49/100
|-unboost|p2a: Creed.|spe|1
|-unboost|p2b: Hard Candy|spe|1
|move|p1b: Serperior|Glare|p2a: Creed.
|-status|p2a: Creed.|par
|move|p2b: Hard Candy|Volt Switch|p1a: Rotom
|-resisted|p1a: Rotom|1
|-damage|p1a: Rotom|86/100
|
|t:|1784978512
|switch|p2b: Kiss Of Death|Kommo-o, L50, M|100/100|[from] Volt Switch
|move|p2a: Creed.|Sludge Bomb|p1b: Serperior
|-supereffective|p1b: Serperior|1
|-damage|p1b: Serperior|23/100
|
|upkeep
|turn|3
|inactive|Werma985 has 30 seconds left.
|inactive|Werma985 has 20 seconds left.
|
|t:|1784978548
|move|p2b: Kiss Of Death|Protect|p2b: Kiss Of Death
|-singleturn|p2b: Kiss Of Death|Protect
|move|p1a: Rotom|Electroweb|p2a: Creed.|[spread] p2a
|-activate|p2b: Kiss Of Death|move: Protect
|-damage|p2a: Creed.|45/100 par
|-unboost|p2a: Creed.|spe|1
|move|p1b: Serperior|Leaf Storm|p2a: Creed.
|-resisted|p2a: Creed.|1
|-damage|p2a: Creed.|18/100 par
|-boost|p1b: Serperior|spa|2
|move|p2a: Creed.|Sludge Bomb|p1b: Serperior
|-supereffective|p1b: Serperior|1
|-damage|p1b: Serperior|0 fnt
|faint|p1b: Serperior
|
|upkeep
|
|t:|1784978562
|switch|p1b: Excadrill|Excadrill, L50, F|100/100
|turn|4
|
|t:|1784978575
|move|p1a: Rotom|Electroweb|p2a: Creed.|[spread] p2a,p2b
|-resisted|p2b: Kiss Of Death|1
|-damage|p2a: Creed.|0 fnt
|-damage|p2b: Kiss Of Death|88/100
|-unboost|p2b: Kiss Of Death|spe|1
|faint|p2a: Creed.
|move|p1b: Excadrill|Earthquake|p2b: Kiss Of Death|[spread] p2b
|-immune|p1a: Rotom|[from] ability: Levitate
|-damage|p2b: Kiss Of Death|49/100
|move|p2b: Kiss Of Death|Aura Sphere|p1b: Excadrill
|-supereffective|p1b: Excadrill|1
|-damage|p1b: Excadrill|33/100
|
|-heal|p2b: Kiss Of Death|55/100|[from] item: Leftovers
|upkeep
|
|t:|1784978579
|switch|p2a: Hard Candy|Rotom-Wash, L50|49/100
|turn|5
|
|t:|1784978601
|switch|p2b: Rewind|Tinkaton, L50, F|100/100
|move|p1b: Excadrill|Protect|p1b: Excadrill
|-singleturn|p1b: Excadrill|Protect
|move|p2a: Hard Candy|Hydro Pump|p1a: Rotom
|-supereffective|p1a: Rotom|1
|-damage|p1a: Rotom|0 fnt
|faint|p1a: Rotom
|
|upkeep
|
|t:|1784978607
|switch|p1a: Tyranitar|Tyranitar, L50, M|100/100
|-weather|Sandstorm|[from] ability: Sand Stream|[of] p1a: Tyranitar
|turn|6
|
|t:|1784978620
|detailschange|p1a: Tyranitar|Tyranitar-Mega, L50, M
|-mega|p1a: Tyranitar|Tyranitar|Tyranitarite
|move|p2b: Rewind|Fake Out|p1b: Excadrill
|-resisted|p1b: Excadrill|1
|-damage|p1b: Excadrill|28/100
|cant|p1b: Excadrill|flinch
|move|p2a: Hard Candy|Hydro Pump|p1b: Excadrill
|-supereffective|p1b: Excadrill|1
|-damage|p1b: Excadrill|0 fnt
|faint|p1b: Excadrill
|move|p1a: Tyranitar|Dragon Dance|p1a: Tyranitar
|-boost|p1a: Tyranitar|atk|1
|-boost|p1a: Tyranitar|spe|1
|
|-weather|Sandstorm|[upkeep]
|-damage|p2a: Hard Candy|43/100|[from] Sandstorm
|upkeep
|turn|7
|
|t:|1784978633
|move|p2a: Hard Candy|Hydro Pump|p1a: Tyranitar
|-supereffective|p1a: Tyranitar|1
|-damage|p1a: Tyranitar|56/100
|move|p1a: Tyranitar|Rock Slide|p2b: Rewind|[spread] p2a,p2b
|-resisted|p2b: Rewind|1
|-damage|p2a: Hard Candy|0 fnt
|-damage|p2b: Rewind|69/100
|faint|p2a: Hard Candy
|cant|p2b: Rewind|flinch
|
|-weather|Sandstorm|[upkeep]
|upkeep
|
|t:|1784978639
|switch|p2a: Kiss Of Death|Kommo-o, L50, M|55/100
|turn|8
|
|t:|1784978647
|move|p1a: Tyranitar|Rock Slide|p2b: Rewind|[spread] p2b
|-miss|p1a: Tyranitar|p2a: Kiss Of Death
|-resisted|p2b: Rewind|1
|-damage|p2b: Rewind|41/100
|move|p2b: Rewind|Gigaton Hammer|p1a: Tyranitar
|-supereffective|p1a: Tyranitar|1
|-damage|p1a: Tyranitar|0 fnt
|faint|p1a: Tyranitar
|
|win|pengu
|c|☆Werma985|gg
|c|☆pengu|ggs
|l|☆Werma985
|player|p1|
