|j|☆testdigi
|j|☆TheMulleCoffee
|html|testdigiTheMulleCoffee    
|uhtml|bestof|Game 1 of a best-of-3
|t:|1785497725
|gametype|doubles
|player|p1|testdigi|266|1169
|player|p2|TheMulleCoffee|lucas-gen4pt|1000
|gen|9
|tier|[Gen 9 Champions] VGC 2026 Reg M-B (Bo3)
|rated|
|rule|Species Clause: Limit one of each Pokémon
|rule|Item Clause: Limit 1 of each item
|clearpoke
|poke|p1|Tyranitar, L50, M|
|poke|p1|Excadrill, L50, M|
|poke|p1|Milotic, L50, F|
|poke|p1|Sinistcha, L50|
|poke|p1|Staraptor, L50, M|
|poke|p1|Gholdengo, L50|
|poke|p2|Absol, L50, M|
|poke|p2|Heliolisk, L50, F|
|poke|p2|Whimsicott, L50, F|
|poke|p2|Ninetales-Alola, L50, M|
|poke|p2|Goodra, L50, M|
|poke|p2|Gengar, L50, F|
|teampreview|4
|showteam|p1|Tyranitar||Tyranitarite|SandStream|RockSlide,Protect,KnockOff,LowKick|Jolly||M|||50|]Excadrill||FocusSash|SandRush|RockBlast,Protect,HighHorsepower,IronHead|Jolly||M|||50|]Milotic||Leftovers|Competitive|Scald,Protect,IcyWind,Haze|Modest||F|||50|]Sinistcha||ColburBerry|Hospitality|MatchaGotcha,RagePowder,ShadowBall,TrickRoom|Relaxed|||||50|]Staraptor||Staraptite|Intimidate|BraveBird,Protect,CloseCombat,Tailwind|Jolly||M|||50|]Gholdengo||LifeOrb|GoodasGold|MakeItRain,Protect,NastyPlot,ShadowBall|Modest|||||50|
|showteam|p2|Absol||Absolite|Justified|KnockOff,PsychoCut,SuckerPunch,Protect|Jolly||M|||50|]Heliolisk||FocusSash|DrySkin|ShedTail,FocusBlast,Thunderbolt,AllySwitch|Timid||F|||50|]Whimsicott||MentalHerb|Infiltrator|BeatUp,GigaDrain,Moonblast,Tailwind|Timid||F|||50|]Ninetales-Alola||IcyRock|SnowWarning|AuroraVeil,Blizzard,FreezeDry,Moonblast|Timid||M|||50|]Goodra||ExpertBelt|Gooey|Flamethrower,GigaDrain,Scald,AcidSpray|Calm||M|||50|]Gengar||Gengarite|CursedBody|Protect,ShadowBall,SludgeBomb,Thunderbolt|Timid||F|||50|
|inactive|Battle timer is ON: inactive players will automatically lose when time's up. (requested by TheMulleCoffee)
|inactive|testdigi has 60 seconds left.
|
|t:|1785497803
|teamsize|p1|4
|teamsize|p2|4
|start
|switch|p1a: Staraptor|Staraptor, L50, M|100/100
|switch|p1b: Milotic|Milotic, L50, F|100/100
|switch|p2a: Heliolisk|Heliolisk, L50, F|100/100
|switch|p2b: Whimsicott|Whimsicott, L50, F|100/100
|-ability|p1a: Staraptor|Intimidate|boost
|-unboost|p2a: Heliolisk|atk|1
|-unboost|p2b: Whimsicott|atk|1
|turn|1
|inactive|testdigi has 30 seconds left.
|inactive|TheMulleCoffee has 30 seconds left.
|inactive|TheMulleCoffee has 20 seconds left.
|inactive|testdigi has 20 seconds left.
|inactive|TheMulleCoffee has 15 seconds left.
|inactive|testdigi has 15 seconds left.
|inactive|TheMulleCoffee has 10 seconds left.
|inactive|TheMulleCoffee has 5 seconds left.
|
|t:|1785497858
|switch|p1a: Sinistcha|Sinistcha, L50|100/100
|move|p2b: Whimsicott|Beat Up|p1b: Milotic
|-damage|p1b: Milotic|98/100
|-damage|p1b: Milotic|96/100
|-damage|p1b: Milotic|94/100
|-damage|p1b: Milotic|93/100
|-hitcount|p1b: Milotic|4
|move|p2a: Heliolisk|Shed Tail|p2a: Heliolisk
|-start|p2a: Heliolisk|Substitute|[from] move: Shed Tail
|-damage|p2a: Heliolisk|49/100
|
|t:|1785497870
|switch|p2a: Absol|Absol, L50, M|100/100|[from] Shed Tail
|move|p1b: Milotic|Icy Wind|p2b: Whimsicott|[spread] p2a,p2b
|-activate|p2a: Absol|move: Substitute|[damage]
|-supereffective|p2b: Whimsicott|1
|-damage|p2b: Whimsicott|64/100
|-unboost|p2b: Whimsicott|spe|1
|
|-heal|p1b: Milotic|99/100|[from] item: Leftovers
|upkeep
|turn|2
|inactive|testdigi has 30 seconds left.
|
|t:|1785497896
|switch|p1a: Tyranitar|Tyranitar, L50, M|100/100
|-weather|Sandstorm|[from] ability: Sand Stream|[of] p1a: Tyranitar
|move|p2a: Absol|Knock Off|p1b: Milotic
|-damage|p1b: Milotic|52/100
|-enditem|p1b: Milotic|Leftovers|[from] move: Knock Off|[of] p2a: Absol
|move|p2b: Whimsicott|Beat Up|p2a: Absol
|-resisted|p2a: Absol|1
|-damage|p2a: Absol|97/100
|-ability|p2a: Absol|Justified|boost
|-boost|p2a: Absol|atk|1
|-resisted|p2a: Absol|1
|-damage|p2a: Absol|96/100
|-ability|p2a: Absol|Justified|boost
|-boost|p2a: Absol|atk|1
|-resisted|p2a: Absol|1
|-damage|p2a: Absol|95/100
|-ability|p2a: Absol|Justified|boost
|-boost|p2a: Absol|atk|1
|-resisted|p2a: Absol|1
|-damage|p2a: Absol|94/100
|-ability|p2a: Absol|Justified|boost
|-boost|p2a: Absol|atk|1
|-hitcount|p2a: Absol|4
|move|p1b: Milotic|Icy Wind|p2b: Whimsicott|[spread] p2a,p2b
|-end|p2a: Absol|Substitute
|-supereffective|p2b: Whimsicott|1
|-damage|p2b: Whimsicott|28/100
|-unboost|p2b: Whimsicott|spe|1
|
|-weather|Sandstorm|[upkeep]
|-damage|p2a: Absol|88/100|[from] Sandstorm
|-damage|p1b: Milotic|46/100|[from] Sandstorm
|-damage|p2b: Whimsicott|22/100|[from] Sandstorm
|upkeep
|turn|3
|inactive|testdigi has 30 seconds left.
|inactive|TheMulleCoffee has 30 seconds left.
|inactive|TheMulleCoffee has 20 seconds left.
|inactive|testdigi has 20 seconds left.
|inactive|TheMulleCoffee has 15 seconds left.
|
|t:|1785497941
|move|p1b: Milotic|Protect|p1b: Milotic
|-singleturn|p1b: Milotic|Protect
|move|p2a: Absol|Knock Off|p1b: Milotic
|-activate|p1b: Milotic|move: Protect
|move|p1a: Tyranitar|Low Kick|p2a: Absol
|-supereffective|p2a: Absol|1
|-damage|p2a: Absol|9/100
|move|p2b: Whimsicott|Giga Drain|p1a: Tyranitar
|-supereffective|p1a: Tyranitar|1
|-damage|p1a: Tyranitar|73/100
|-heal|p2b: Whimsicott|40/100|[from] drain|[of] p1a: Tyranitar
|
|-weather|Sandstorm|[upkeep]
|-damage|p2a: Absol|4/100|[from] Sandstorm
|-damage|p1b: Milotic|40/100|[from] Sandstorm
|-damage|p2b: Whimsicott|34/100|[from] Sandstorm
|upkeep
|turn|4
|
|t:|1785497965
|switch|p2b: Ninetales|Ninetales-Alola, L50, M|100/100
|-weather|Snowscape|[from] ability: Snow Warning|[of] p2b: Ninetales
|detailschange|p2a: Absol|Absol-Mega, L50, M
|-mega|p2a: Absol|Absol|Absolite
|move|p1a: Tyranitar|Protect|p1a: Tyranitar
|-singleturn|p1a: Tyranitar|Protect
|move|p1b: Milotic|Protect|p1b: Milotic
|-singleturn|p1b: Milotic|Protect
|move|p2a: Absol|Sucker Punch||[still]
|-fail|p2a: Absol
|
|-weather|Snowscape|[upkeep]
|upkeep
|turn|5
|
|t:|1785497986
|switch|p1b: Staraptor|Staraptor, L50, M|100/100
|-ability|p1b: Staraptor|Intimidate|boost
|-unboost|p2a: Absol|atk|1
|-unboost|p2b: Ninetales|atk|1
|detailschange|p1a: Tyranitar|Tyranitar-Mega, L50, M
|-mega|p1a: Tyranitar|Tyranitar|Tyranitarite
|-weather|Sandstorm|[from] ability: Sand Stream|[of] p1a: Tyranitar
|move|p2a: Absol|Knock Off|p1a: Tyranitar
|-resisted|p1a: Tyranitar|1
|-damage|p1a: Tyranitar|44/100
|move|p2b: Ninetales|Blizzard|p1a: Tyranitar|[spread] p1a,p1b
|-supereffective|p1b: Staraptor|1
|-damage|p1a: Tyranitar|27/100
|-damage|p1b: Staraptor|10/100
|move|p1a: Tyranitar|Rock Slide|p2a: Absol|[spread] p2a,p2b
|-crit|p2a: Absol
|-supereffective|p2b: Ninetales|1
|-damage|p2a: Absol|0 fnt
|-damage|p2b: Ninetales|0 fnt
|faint|p2a: Absol
|faint|p2b: Ninetales
|
|-weather|Sandstorm|[upkeep]
|-damage|p1b: Staraptor|5/100|[from] Sandstorm
|upkeep
|inactive|TheMulleCoffee has 30 seconds left.
|inactive|TheMulleCoffee has 20 seconds left.
|inactive|TheMulleCoffee has 15 seconds left.
|inactive|TheMulleCoffee has 10 seconds left.
|inactive|TheMulleCoffee has 5 seconds left.
|
|t:|1785498041
|switch|p2a: Heliolisk|Heliolisk, L50, F|49/100
|switch|p2b: Whimsicott|Whimsicott, L50, F|34/100
|turn|6
|inactive|TheMulleCoffee has 30 seconds left.
|inactive|TheMulleCoffee has 20 seconds left.
|inactive|TheMulleCoffee has 15 seconds left.
|inactive|TheMulleCoffee has 10 seconds left.
|inactive|TheMulleCoffee has 5 seconds left.
|
|t:|1785498096
|switch|p1b: Sinistcha|Sinistcha, L50|100/100
|-heal|p1a: Tyranitar|52/100|[from] ability: Hospitality|[of] p1b: Sinistcha
|move|p1a: Tyranitar|Protect|p1a: Tyranitar
|-singleturn|p1a: Tyranitar|Protect
|move|p2b: Whimsicott|Beat Up|p1a: Tyranitar
|-activate|p1a: Tyranitar|move: Protect
|move|p2a: Heliolisk|Shed Tail|p2a: Heliolisk
|-fail|p2a: Heliolisk
|
|-weather|Sandstorm|[upkeep]
|-damage|p2b: Whimsicott|28/100|[from] Sandstorm
|-damage|p2a: Heliolisk|43/100|[from] Sandstorm
|-damage|p1b: Sinistcha|94/100|[from] Sandstorm
|upkeep
|turn|7
|inactive|TheMulleCoffee has 30 seconds left.
|inactive|TheMulleCoffee has 20 seconds left.
|inactive|TheMulleCoffee has 15 seconds left.
|inactive|TheMulleCoffee has 10 seconds left.
|inactive|TheMulleCoffee has 5 seconds left.
|
|t:|1785498151
|move|p2b: Whimsicott|Beat Up|p1a: Tyranitar
|-resisted|p1a: Tyranitar|1
|-crit|p1a: Tyranitar
|-damage|p1a: Tyranitar|51/100
|-resisted|p1a: Tyranitar|1
|-damage|p1a: Tyranitar|51/100
|-hitcount|p1a: Tyranitar|2
|move|p2a: Heliolisk|Shed Tail|p2a: Heliolisk
|-fail|p2a: Heliolisk
|move|p1a: Tyranitar|Rock Slide|p2b: Whimsicott|[spread] p2a,p2b
|-damage|p2a: Heliolisk|0 fnt
|-damage|p2b: Whimsicott|0 fnt
|faint|p2a: Heliolisk
|faint|p2b: Whimsicott
|
|win|testdigi
|inactive|testdigi has 30 seconds to confirm battle start!
|inactive|TheMulleCoffee has 30 seconds to confirm battle start!
||testdigi is ready for game 2.
|inactive|TheMulleCoffee has 20 seconds to confirm battle start!
|inactive|TheMulleCoffee has 10 seconds to confirm battle start!
|uhtml|next|Next: Game 2 of 3
