|j|☆rom6x
|j|☆FAMILIARCOL
|html|rom6xFAMILIARCOL    
|uhtml|bestof|Game 1 of a best-of-3
|t:|1757774505
|gametype|doubles
|player|p1|rom6x|miku-ground|1224
|player|p2|FAMILIARCOL|102|1139
|gen|9
|tier|[Gen 9] VGC 2025 Reg H (Bo3)
|rated|
|rule|Species Clause: Limit one of each Pokémon
|rule|Item Clause: Limit 1 of each item
|clearpoke
|poke|p1|Serperior, L50, F|
|poke|p1|Rillaboom, L50, M|
|poke|p1|Volcarona, L50, M|
|poke|p1|Sneasler, L50, F|
|poke|p1|Ursaluna-Bloodmoon, L50, M|
|poke|p1|Incineroar, L50, F|
|poke|p2|Amoonguss, L50, F|
|poke|p2|Dragonite, L50, M|
|poke|p2|Incineroar, L50, M|
|poke|p2|Murkrow, L50, M|
|poke|p2|Ursaluna-Bloodmoon, L50, M|
|poke|p2|Garchomp, L50, M|
|teampreview|4
|showteam|p1|Serperior||LightClay|Contrary|LeafStorm,Reflect,LightScreen,Glare|||F|||50|,,,,,Water]Rillaboom||MiracleSeed|GrassySurge|FakeOut,WoodHammer,GrassyGlide,Uturn|||M|||50|,,,,,Fire]Volcarona||GrassySeed|FlameBody|HeatWave,WillOWisp,QuiverDance,GigaDrain|||M|||50|,,,,,Dragon]Sneasler||FocusSash|Unburden|DireClaw,CloseCombat,Coaching,Protect|||F|||50|,,,,,Stellar]Ursaluna-Bloodmoon||AssaultVest|MindsEye|BloodMoon,HyperVoice,EarthPower,VacuumWave|||M|||50|,,,,,Ghost]Incineroar||SafetyGoggles|Intimidate|FakeOut,KnockOff,FlareBlitz,PartingShot|||F|||50|,,,,,Ghost
|showteam|p2|Amoonguss||MentalHerb|Regenerator|Spore,RagePowder,PollenPuff,ClearSmog|||F|||50|,,,,,Water]Dragonite||LoadedDice|Multiscale|ScaleShot,ExtremeSpeed,AerialAce,DragonDance|||M|||50|,,,,,Normal]Incineroar||SitrusBerry|Intimidate|FakeOut,KnockOff,WillOWisp,PartingShot|||M|||50|,,,,,Grass]Murkrow||Eviolite|Prankster|Tailwind,Haze,Taunt,FoulPlay|||M|||50|,,,,,Ghost]Ursaluna-Bloodmoon||AssaultVest|MindsEye|BloodMoon,HyperVoice,EarthPower,VacuumWave|||M|||50|,,,,,Normal]Garchomp||ClearAmulet|RoughSkin|Earthquake,RockSlide,DragonClaw,Protect|||M|||50|,,,,,Ground
|inactive|Battle timer is ON: inactive players will automatically lose when time's up. (requested by rom6x)
|inactive|rom6x has 60 seconds left.
|
|t:|1757774556
|teamsize|p1|4
|teamsize|p2|4
|start
|switch|p1a: Sneasler|Sneasler, L50, F|100/100
|switch|p1b: Rillaboom|Rillaboom, L50, M|100/100
|switch|p2a: Ursaluna|Ursaluna-Bloodmoon, L50, M|100/100
|switch|p2b: Murkrow|Murkrow, L50, M, shiny|100/100
|-fieldstart|move: Grassy Terrain|[from] ability: Grassy Surge|[of] p1b: Rillaboom
|turn|1
|inactive|rom6x has 30 seconds left.
|inactive|FAMILIARCOL has 30 seconds left.
|
|t:|1757774586
|switch|p2a: Dragonite|Dragonite, L50, M, shiny|100/100
|move|p1b: Rillaboom|Fake Out|p2a: Dragonite
|-damage|p2a: Dragonite|92/100
|move|p1a: Sneasler|Dire Claw|p2b: Murkrow
|-damage|p2b: Murkrow|54/100
|-status|p2b: Murkrow|slp
|cant|p2b: Murkrow|slp
|
|upkeep
|turn|2
|inactive|rom6x has 30 seconds left.
|inactive|rom6x has 20 seconds left.
|
|t:|1757774625
|-terastallize|p1a: Sneasler|Stellar
|-curestatus|p2b: Murkrow|slp|[msg]
|move|p2b: Murkrow|Tailwind|p2b: Murkrow
|-sidestart|p2: FAMILIARCOL|move: Tailwind
|move|p2a: Dragonite|Dragon Dance|p2a: Dragonite
|-boost|p2a: Dragonite|atk|1
|-boost|p2a: Dragonite|spe|1
|move|p1a: Sneasler|Dire Claw|p2a: Dragonite
|-damage|p2a: Dragonite|31/100
|-status|p2a: Dragonite|par
|move|p1b: Rillaboom|U-turn|p2a: Dragonite
|-resisted|p2a: Dragonite
|-damage|p2a: Dragonite|17/100 par
|
|t:|1757774648
|switch|p1b: Serperior|Serperior, L50, F, shiny|100/100|[from] U-turn
|
|upkeep
|turn|3
|inactive|rom6x has 30 seconds left.
|
|t:|1757774674
|move|p2b: Murkrow|Foul Play|p1a: Sneasler
|-resisted|p1a: Sneasler
|-crit|p1a: Sneasler
|-damage|p1a: Sneasler|37/100
|move|p2a: Dragonite|Aerial Ace|p1b: Serperior
|-supereffective|p1b: Serperior
|-damage|p1b: Serperior|0 fnt
|faint|p1b: Serperior
|move|p1a: Sneasler|Dire Claw|p2a: Dragonite
|-damage|p2a: Dragonite|0 fnt
|faint|p2a: Dragonite
|
|-heal|p1a: Sneasler|43/100|[from] Grassy Terrain
|upkeep
|
|t:|1757774687
|switch|p1b: Volcarona|Volcarona, L50, M|100/100
|switch|p2a: Ursaluna|Ursaluna-Bloodmoon, L50, M|100/100
|-enditem|p1b: Volcarona|Grassy Seed
|-boost|p1b: Volcarona|def|1|[from] item: Grassy Seed
|turn|4
|
|t:|1757774710
|switch|p1a: Rillaboom|Rillaboom, L50, M|100/100
|-terastallize|p2a: Ursaluna|Normal
|move|p2b: Murkrow|Taunt|p1b: Volcarona
|-start|p1b: Volcarona|move: Taunt
|move|p2a: Ursaluna|Hyper Voice|p1b: Volcarona|[spread] p1a,p1b
|-damage|p1a: Rillaboom|32/100
|-damage|p1b: Volcarona|53/100
|move|p1b: Volcarona|Heat Wave|p2a: Ursaluna|[spread] p2a
|-miss|p1b: Volcarona|p2b: Murkrow
|-damage|p2a: Ursaluna|70/100
|
|-heal|p2a: Ursaluna|75/100|[from] Grassy Terrain
|-heal|p1b: Volcarona|59/100|[from] Grassy Terrain
|-heal|p1a: Rillaboom|38/100|[from] Grassy Terrain
|upkeep
|turn|5
|
|t:|1757774733
|switch|p2a: Garchomp|Garchomp, L50, M, shiny|100/100
|move|p1a: Rillaboom|Fake Out|p2a: Garchomp
|-damage|p2a: Garchomp|86/100
|-damage|p1a: Rillaboom|25/100|[from] ability: Rough Skin|[of] p2a: Garchomp
|move|p2b: Murkrow|Foul Play|p1a: Rillaboom
|-damage|p1a: Rillaboom|0 fnt
|faint|p1a: Rillaboom
|move|p1b: Volcarona|Heat Wave|p2b: Murkrow|[spread] p2a,p2b
|-resisted|p2a: Garchomp
|-damage|p2a: Garchomp|67/100
|-damage|p2b: Murkrow|15/100
|
|-heal|p2a: Garchomp|73/100|[from] Grassy Terrain
|-heal|p1b: Volcarona|65/100|[from] Grassy Terrain
|-sideend|p2: FAMILIARCOL|move: Tailwind
|-fieldend|move: Grassy Terrain
|upkeep
|
|t:|1757774745
|switch|p1a: Sneasler|Sneasler, L50, F, tera:Stellar|43/100
|turn|6
|
|t:|1757774758
|move|p1a: Sneasler|Protect|p1a: Sneasler
|-singleturn|p1a: Sneasler|Protect
|move|p2b: Murkrow|Tailwind|p2b: Murkrow
|-sidestart|p2: FAMILIARCOL|move: Tailwind
|move|p2a: Garchomp|Earthquake|p1a: Sneasler|[spread] p1b
|-activate|p1a: Sneasler|move: Protect
|-immune|p2b: Murkrow
|-damage|p1b: Volcarona|30/100
|move|p1b: Volcarona|Heat Wave|p2b: Murkrow|[spread] p2a,p2b
|-resisted|p2a: Garchomp
|-damage|p2a: Garchomp|52/100
|-damage|p2b: Murkrow|0 fnt
|faint|p2b: Murkrow
|
|-end|p1b: Volcarona|move: Taunt
|upkeep
|
|t:|1757774771
|switch|p2b: Ursaluna|Ursaluna-Bloodmoon, L50, M, tera:Normal|75/100
|turn|7
|
|t:|1757774783
|move|p2a: Garchomp|Dragon Claw|p1a: Sneasler
|-damage|p1a: Sneasler|0 fnt
|faint|p1a: Sneasler
|move|p2b: Ursaluna|Blood Moon|p1b: Volcarona
|-damage|p1b: Volcarona|0 fnt
|faint|p1b: Volcarona
|
|win|FAMILIARCOL
||rom6x is ready for game 2.
|inactive|FAMILIARCOL has 30 seconds to confirm battle start!
|l|☆FAMILIARCOL
|player|p2|
||FAMILIARCOL is ready for game 2.
|uhtml|next|Next: Game 2 of 3
