|j|☆lilrainteamwahoo
|j|☆archyx
|html|lilrainteamwahooarchyx    
|uhtml|bestof|Game 1 of a best-of-3
|t:|1757000192
|gametype|doubles
|player|p1|lilrainteamwahoo|baker|1102
|player|p2|archyx|ethan|1213
|gen|9
|tier|[Gen 9] VGC 2025 Reg H (Bo3)
|rated|
|rule|Species Clause: Limit one of each Pokémon
|rule|Item Clause: Limit 1 of each item
|clearpoke
|poke|p1|Archaludon, L50, M|
|poke|p1|Pelipper, L50, M|
|poke|p1|Indeedee, L50, M|
|poke|p1|Amoonguss, L50, F|
|poke|p1|Basculegion, L50, M|
|poke|p1|Hydreigon, L50, F|
|poke|p2|Sneasler, L50, F|
|poke|p2|Indeedee, L50, M|
|poke|p2|Ursaluna-Bloodmoon, L50, M|
|poke|p2|Talonflame, L50, F|
|poke|p2|Electabuzz, L50, M|
|poke|p2|Hydreigon, L50, M|
|teampreview|4
|showteam|p1|Archaludon||AssaultVest|Stamina|ElectroShot,DracoMeteor,BodyPress,FlashCannon|||M|||50|,,,,,Grass]Pelipper||FocusSash|Drizzle|WeatherBall,Hurricane,Tailwind,Protect|||M|||50|,,,,,Ghost]Indeedee||ChoiceScarf|PsychicSurge|ExpandingForce,TeraBlast,Trick,DazzlingGleam|||M|||50|,,,,,Ground]Amoonguss||SitrusBerry|Regenerator|Spore,SludgeBomb,Protect,RagePowder|||F|||50|,,,,,Water]Basculegion||ChoiceBand|SwiftSwim|FlipTurn,WaveCrash,LastRespects,AquaJet|||M|||50|,,,,,Poison]Hydreigon||CovertCloak|Levitate|Taunt,Snarl,DracoMeteor,EarthPower|||F|||50|,,,,,Fairy
|showteam|p2|Sneasler||PsychicSeed|Unburden|Protect,CloseCombat,DireClaw,ThroatChop|||F|||50|,,,,,Dark]Indeedee||FocusSash|PsychicSurge|ExpandingForce,Protect,TrickRoom,HelpingHand|||M|||50|,,,,,Psychic]Ursaluna-Bloodmoon||LifeOrb|MindsEye|Protect,HyperVoice,EarthPower,BloodMoon|||M|||50|,,,,,Normal]Talonflame||CovertCloak|GaleWings|Tailwind,DualWingbeat,Taunt,WillOWisp|||F|||50|,,,,,Stellar]Electabuzz||Eviolite|VitalSpirit|Taunt,FollowMe,Protect,Electroweb|||M|||50|,,,,,Fairy]Hydreigon||ChoiceSpecs|Levitate|HeatWave,DracoMeteor,DarkPulse,Snarl|||M|||50|,,,,,Fire
|
|t:|1757000262
|teamsize|p1|4
|teamsize|p2|4
|start
|switch|p1a: Empire|Basculegion, L50, M|100/100
|switch|p1b: Piedragon|Hydreigon, L50, F|100/100
|switch|p2a: Electabuzz|Electabuzz, L50, M|100/100
|switch|p2b: Hydreigon|Hydreigon, L50, M|100/100
|turn|1
|
|t:|1757000300
|switch|p1a: Arching|Archaludon, L50, M|100/100
|move|p2b: Hydreigon|Snarl|p1b: Piedragon|[spread] p1a,p1b
|-resisted|p1b: Piedragon
|-damage|p1a: Arching|80/100
|-damage|p1b: Piedragon|86/100
|-unboost|p1a: Arching|spa|1
|-ability|p1a: Arching|Stamina|boost
|-boost|p1a: Arching|def|1
|move|p1b: Piedragon|Snarl|p2a: Electabuzz|[spread] p2a,p2b
|-crit|p2a: Electabuzz
|-resisted|p2b: Hydreigon
|-damage|p2a: Electabuzz|77/100
|-damage|p2b: Hydreigon|89/100
|-unboost|p2a: Electabuzz|spa|1
|-unboost|p2b: Hydreigon|spa|1
|move|p2a: Electabuzz|Electroweb|p1b: Piedragon|[spread] p1a,p1b
|-resisted|p1a: Arching
|-resisted|p1b: Piedragon
|-damage|p1a: Arching|77/100
|-damage|p1b: Piedragon|81/100
|-unboost|p1a: Arching|spe|1
|-ability|p1a: Arching|Stamina|boost
|-boost|p1a: Arching|def|1
|
|upkeep
|turn|2
|
|t:|1757000334
|-terastallize|p2a: Electabuzz|Fairy
|move|p2a: Electabuzz|Follow Me|p2a: Electabuzz
|-singleturn|p2a: Electabuzz|move: Follow Me
|move|p2b: Hydreigon|Snarl|p1a: Arching|[spread] p1a,p1b
|-resisted|p1b: Piedragon
|-damage|p1a: Arching|64/100
|-damage|p1b: Piedragon|70/100
|-unboost|p1a: Arching|spa|1
|-ability|p1a: Arching|Stamina|boost
|-boost|p1a: Arching|def|1
|move|p1b: Piedragon|Snarl|p2a: Electabuzz|[spread] p2a,p2b
|-resisted|p2a: Electabuzz
|-resisted|p2b: Hydreigon
|-damage|p2a: Electabuzz|70/100
|-damage|p2b: Hydreigon|79/100
|-unboost|p2a: Electabuzz|spa|1
|-unboost|p2b: Hydreigon|spa|1
|move|p1a: Arching|Body Press|p2a: Electabuzz
|-resisted|p2a: Electabuzz
|-damage|p2a: Electabuzz|45/100
|
|upkeep
|turn|3
|
|t:|1757000358
|move|p2b: Hydreigon|Snarl|p1b: Piedragon|[spread] p1a,p1b
|-resisted|p1b: Piedragon
|-damage|p1a: Arching|53/100
|-damage|p1b: Piedragon|63/100
|-unboost|p1a: Arching|spa|1
|-ability|p1a: Arching|Stamina|boost
|-boost|p1a: Arching|def|1
|move|p2a: Electabuzz|Electroweb|p1a: Arching|[spread] p1a,p1b
|-resisted|p1a: Arching
|-resisted|p1b: Piedragon
|-damage|p1a: Arching|50/100
|-damage|p1b: Piedragon|60/100
|-unboost|p1a: Arching|spe|1
|-ability|p1a: Arching|Stamina|boost
|-boost|p1a: Arching|def|1
|move|p1b: Piedragon|Snarl|p2a: Electabuzz|[spread] p2a,p2b
|-resisted|p2a: Electabuzz
|-resisted|p2b: Hydreigon
|-damage|p2a: Electabuzz|38/100
|-damage|p2b: Hydreigon|69/100
|-unboost|p2a: Electabuzz|spa|1
|-unboost|p2b: Hydreigon|spa|1
|move|p1a: Arching|Body Press|p2a: Electabuzz
|-resisted|p2a: Electabuzz
|-damage|p2a: Electabuzz|2/100
|
|upkeep
|turn|4
|
|t:|1757000389
|switch|p2b: Ursaluna|Ursaluna-Bloodmoon, L50, M|100/100
|move|p2a: Electabuzz|Protect|p2a: Electabuzz
|-singleturn|p2a: Electabuzz|Protect
|move|p1b: Piedragon|Snarl|p2a: Electabuzz|[spread] p2b
|-activate|p2a: Electabuzz|move: Protect
|-damage|p2b: Ursaluna|77/100
|-unboost|p2b: Ursaluna|spa|1
|move|p1a: Arching|Body Press|p2a: Electabuzz
|-activate|p2a: Electabuzz|move: Protect
|
|upkeep
|turn|5
|
|t:|1757000415
|move|p2a: Electabuzz|Follow Me|p2a: Electabuzz
|-singleturn|p2a: Electabuzz|move: Follow Me
|move|p1b: Piedragon|Snarl|p2b: Ursaluna|[spread] p2a,p2b
|-resisted|p2a: Electabuzz
|-damage|p2a: Electabuzz|0 fnt
|-damage|p2b: Ursaluna|54/100
|-unboost|p2b: Ursaluna|spa|1
|faint|p2a: Electabuzz
|move|p2b: Ursaluna|Blood Moon|p1b: Piedragon
|-damage|p1b: Piedragon|7/100
|-damage|p2b: Ursaluna|44/100|[from] item: Life Orb
|move|p1a: Arching|Body Press|p2b: Ursaluna
|-supereffective|p2b: Ursaluna
|-damage|p2b: Ursaluna|0 fnt
|faint|p2b: Ursaluna
|
|upkeep
|
|t:|1757000430
|switch|p2a: Hydreigon|Hydreigon, L50, M|69/100
|switch|p2b: Indeedee|Indeedee, L50, M|100/100
|-fieldstart|move: Psychic Terrain|[from] ability: Psychic Surge|[of] p2b: Indeedee
|turn|6
|inactive|Battle timer is ON: inactive players will automatically lose when time's up. (requested by archyx)
|
|t:|1757000464
|move|p2a: Hydreigon|Dark Pulse|p1b: Piedragon
|-resisted|p1b: Piedragon
|-damage|p1b: Piedragon|0 fnt
|faint|p1b: Piedragon
|move|p2b: Indeedee|Expanding Force|p1a: Arching
|-resisted|p1a: Arching
|-damage|p1a: Arching|27/100
|-ability|p1a: Arching|Stamina|boost
|-boost|p1a: Arching|def|1
|move|p1a: Arching|Body Press|p2a: Hydreigon
|-supereffective|p2a: Hydreigon
|-damage|p2a: Hydreigon|0 fnt
|faint|p2a: Hydreigon
|
|upkeep
|
|t:|1757000475
|switch|p1b: Empire|Basculegion, L50, M|100/100
|turn|7
|
|t:|1757000481
|move|p2b: Indeedee|Expanding Force|p1a: Arching|[spread] p1a,p1b
|-resisted|p1a: Arching
|-damage|p1a: Arching|12/100
|-damage|p1b: Empire|36/100
|move|p1b: Empire|Flip Turn|p2b: Indeedee
|-damage|p2b: Indeedee|14/100
|
|t:|1757000487
|switch|p1b: Smellypper|Pelipper, L50, M|100/100|[from] Flip Turn
|-weather|RainDance|[from] ability: Drizzle|[of] p1b: Smellypper
|move|p1a: Arching|Body Press|p2b: Indeedee
|-damage|p2b: Indeedee|0 fnt
|faint|p2b: Indeedee
|
|win|lilrainteamwahoo
||archyx is ready for game 2.
||lilrainteamwahoo is ready for game 2.
|uhtml|next|Next: Game 2 of 3
|l|☆archyx
|player|p2|
