|j|☆Yei_Lai
|j|☆huanyu0.0
|html|Yei_Laihuanyu0.0    
|uhtml|bestof|Game 1 of a best-of-3
|t:|1785070904
|gametype|doubles
|player|p1|Yei_Lai|101|
|player|p2|huanyu0.0|101|
|gen|9
|tier|[Gen 9 Champions] VGC 2026 Reg M-B (Bo3)
|rule|Species Clause: Limit one of each Pokémon
|rule|Item Clause: Limit 1 of each item
|clearpoke
|poke|p1|Charizard, L50, F|
|poke|p1|Archaludon, L50, M|
|poke|p1|Venusaur, L50, M|
|poke|p1|Pelipper, L50, F|
|poke|p1|Grimmsnarl, L50, M|
|poke|p1|Basculegion, L50, M|
|poke|p2|Staraptor, L50, M|
|poke|p2|Tyranitar, L50, F|
|poke|p2|Excadrill, L50, F|
|poke|p2|Gholdengo, L50|
|poke|p2|Milotic, L50, F|
|poke|p2|Sinistcha, L50|
|teampreview|4
|showteam|p1|Charizard||CharizarditeY|Blaze|HeatWave,WeatherBall,SolarBeam,Protect|Modest||F|||50|]Archaludon||Leftovers|Stamina|ElectroShot,FlashCannon,DragonPulse,Protect|Modest||M|||50|]Venusaur||LifeOrb|Chlorophyll|LeafStorm,SludgeBomb,EarthPower,Protect|Modest||M|||50|]Pelipper||FocusSash|Drizzle|WeatherBall,Hurricane,Tailwind,WideGuard|Timid||F|||50|]Grimmsnarl||LightClay|Prankster|SpiritBreak,PartingShot,Reflect,LightScreen|Careful||M|||50|]Basculegion||ChoiceScarf|Adaptability|WaveCrash,FlipTurn,AquaJet,LastRespects|Jolly||M|||50|
|showteam|p2|Staraptor||Staraptite|Intimidate|CloseCombat,BraveBird,Tailwind,Protect|Jolly||M|||50|]Tyranitar||Tyranitarite|SandStream|RockSlide,KnockOff,LowKick,Protect|Adamant||F|||50|]Excadrill||FocusSash|SandRush|IronHead,HighHorsepower,RockSlide,Protect|Adamant||F|||50|]Gholdengo||LifeOrb|GoodasGold|MakeItRain,ShadowBall,NastyPlot,Protect|Modest|||||50|]Milotic||SitrusBerry|Competitive|Scald,IceBeam,IcyWind,Protect|Modest||F|||50|]Sinistcha||ColburBerry|Hospitality|MatchaGotcha,RagePowder,TrickRoom,Protect|Calm|||||50|
|inactive|Battle timer is ON: inactive players will automatically lose when time's up. (requested by huanyu0.0)
|inactive|Yei_Lai has 60 seconds left.
|inactive|huanyu0.0 has 60 seconds left.
|inactive|huanyu0.0 has 30 seconds left.
|inactive|huanyu0.0 has 20 seconds left.
|inactive|huanyu0.0 has 15 seconds left.
|inactive|huanyu0.0 has 10 seconds left.
|inactive|huanyu0.0 has 5 seconds left.
|
|t:|1785070997
|teamsize|p1|4
|teamsize|p2|4
|start
|switch|p1a: Basculegion|Basculegion, L50, M|100/100
|switch|p1b: Grimmsnarl|Grimmsnarl, L50, M|100/100
|switch|p2a: Staraptor|Staraptor, L50, M|100/100
|switch|p2b: Tyranitar|Tyranitar, L50, F|100/100
|-ability|p2a: Staraptor|Intimidate|boost
|-unboost|p1a: Basculegion|atk|1
|-unboost|p1b: Grimmsnarl|atk|1
|-weather|Sandstorm|[from] ability: Sand Stream|[of] p2b: Tyranitar
|turn|1
|inactive|Yei_Lai has 30 seconds left.
|
|t:|1785071029
|move|p2b: Tyranitar|Protect|p2b: Tyranitar
|-singleturn|p2b: Tyranitar|Protect
|move|p1b: Grimmsnarl|Reflect|p1b: Grimmsnarl
|-sidestart|p1: Yei_Lai|Reflect
|move|p1a: Basculegion|Wave Crash|p2b: Tyranitar
|-activate|p2b: Tyranitar|move: Protect
|move|p2a: Staraptor|Tailwind|p2a: Staraptor
|-sidestart|p2: huanyu0.0|move: Tailwind
|
|-weather|Sandstorm|[upkeep]
|-damage|p2a: Staraptor|94/100|[from] Sandstorm
|-damage|p1a: Basculegion|93/100|[from] Sandstorm
|-damage|p1b: Grimmsnarl|94/100|[from] Sandstorm
|upkeep
|turn|2
|
|t:|1785071044
|move|p2a: Staraptor|Brave Bird|p1a: Basculegion
|-damage|p1a: Basculegion|49/100
|-damage|p2a: Staraptor|77/100|[from] Recoil
|move|p2b: Tyranitar|Knock Off|p1a: Basculegion
|-supereffective|p1a: Basculegion|1
|-damage|p1a: Basculegion|0 fnt
|-enditem|p1a: Basculegion|Choice Scarf|[from] move: Knock Off|[of] p2b: Tyranitar
|faint|p1a: Basculegion
|move|p1b: Grimmsnarl|Spirit Break|p2b: Tyranitar
|-supereffective|p2b: Tyranitar|1
|-damage|p2b: Tyranitar|61/100
|-unboost|p2b: Tyranitar|spa|1
|
|-weather|Sandstorm|[upkeep]
|-damage|p2a: Staraptor|72/100|[from] Sandstorm
|-damage|p1b: Grimmsnarl|88/100|[from] Sandstorm
|upkeep
|
|t:|1785071063
|switch|p1a: Archaludon|Archaludon, L50, M|100/100
|turn|3
|inactive|huanyu0.0 has 30 seconds left.
|inactive|huanyu0.0 has 20 seconds left.
|
|t:|1785071102
|switch|p2b: Excadrill|Excadrill, L50, F|100/100
|detailschange|p2a: Staraptor|Staraptor-Mega, L50, M
|-mega|p2a: Staraptor|Staraptor|Staraptite
|move|p1a: Archaludon|Protect|p1a: Archaludon
|-singleturn|p1a: Archaludon|Protect
|move|p2a: Staraptor|Close Combat|p1b: Grimmsnarl
|-damage|p1b: Grimmsnarl|44/100
|-boost|p2a: Staraptor|def|1
|-boost|p2a: Staraptor|spd|1
|move|p1b: Grimmsnarl|Spirit Break|p2b: Excadrill
|-resisted|p2b: Excadrill|1
|-damage|p2b: Excadrill|85/100
|-unboost|p2b: Excadrill|spa|1
|
|-weather|Sandstorm|[upkeep]
|-damage|p2a: Staraptor|66/100|[from] Sandstorm
|-damage|p1b: Grimmsnarl|38/100|[from] Sandstorm
|upkeep
|turn|4
|
|t:|1785071121
|switch|p1b: Pelipper|Pelipper, L50, F|100/100
|-weather|RainDance|[from] ability: Drizzle|[of] p1b: Pelipper
|move|p2a: Staraptor|Close Combat|p1a: Archaludon
|-supereffective|p1a: Archaludon|1
|-damage|p1a: Archaludon|38/100
|-boost|p2a: Staraptor|def|1
|-boost|p2a: Staraptor|spd|1
|-ability|p1a: Archaludon|Stamina|boost
|-boost|p1a: Archaludon|def|1
|move|p2b: Excadrill|High Horsepower|p1a: Archaludon
|-supereffective|p1a: Archaludon|1
|-damage|p1a: Archaludon|2/100
|-ability|p1a: Archaludon|Stamina|boost
|-boost|p1a: Archaludon|def|1
|move|p1a: Archaludon|Electro Shot||[still]
|-prepare|p1a: Archaludon|Electro Shot
|-boost|p1a: Archaludon|spa|1
|-anim|p1a: Archaludon|Electro Shot|p2a: Staraptor
|-supereffective|p2a: Staraptor|1
|-damage|p2a: Staraptor|1/100
|
|-weather|RainDance|[upkeep]
|-heal|p1a: Archaludon|8/100|[from] item: Leftovers
|-sideend|p2: huanyu0.0|move: Tailwind
|upkeep
|turn|5
|inactive|Yei_Lai has 30 seconds left.
|inactive|huanyu0.0 has 30 seconds left.
|inactive|huanyu0.0 has 20 seconds left.
|inactive|huanyu0.0 has 15 seconds left.
|inactive|huanyu0.0 has 10 seconds left.
|
|t:|1785071168
|move|p1a: Archaludon|Protect|p1a: Archaludon
|-singleturn|p1a: Archaludon|Protect
|move|p2a: Staraptor|Brave Bird|p1b: Pelipper
|-damage|p1b: Pelipper|47/100
|-damage|p2a: Staraptor|0 fnt|[from] Recoil
|faint|p2a: Staraptor
|move|p2b: Excadrill|Rock Slide|p1b: Pelipper|[spread] 
|-activate|p1a: Archaludon|move: Protect
|-miss|p2b: Excadrill|p1b: Pelipper
|move|p1b: Pelipper|Tailwind|p1b: Pelipper
|-sidestart|p1: Yei_Lai|move: Tailwind
|
|-weather|RainDance|[upkeep]
|-heal|p1a: Archaludon|14/100|[from] item: Leftovers
|upkeep
|
|t:|1785071182
|switch|p2a: Tyranitar|Tyranitar, L50, F|61/100
|-weather|Sandstorm|[from] ability: Sand Stream|[of] p2a: Tyranitar
|turn|6
|
|t:|1785071192
|switch|p1b: Grimmsnarl|Grimmsnarl, L50, M|38/100
|move|p2b: Excadrill|High Horsepower|p1a: Archaludon
|-supereffective|p1a: Archaludon|1
|-damage|p1a: Archaludon|0 fnt
|faint|p1a: Archaludon
|move|p2a: Tyranitar|Knock Off|p1b: Grimmsnarl
|-resisted|p1b: Grimmsnarl|2
|-damage|p1b: Grimmsnarl|29/100
|-enditem|p1b: Grimmsnarl|Light Clay|[from] move: Knock Off|[of] p2a: Tyranitar
|
|-weather|Sandstorm|[upkeep]
|-damage|p1b: Grimmsnarl|23/100|[from] Sandstorm
|upkeep
|
|t:|1785071197
|switch|p1a: Pelipper|Pelipper, L50, F|47/100
|-weather|RainDance|[from] ability: Drizzle|[of] p1a: Pelipper
|turn|7
|
|t:|1785071211
|switch|p2a: Gholdengo|Gholdengo, L50|100/100
|move|p2b: Excadrill|Protect|p2b: Excadrill
|-singleturn|p2b: Excadrill|Protect
|move|p1b: Grimmsnarl|Parting Shot|p2b: Excadrill
|-activate|p2b: Excadrill|move: Protect
|move|p1a: Pelipper|Hurricane|p2a: Gholdengo
|-resisted|p2a: Gholdengo|1
|-damage|p2a: Gholdengo|74/100
|-start|p2a: Gholdengo|confusion
|
|-weather|RainDance|[upkeep]
|upkeep
|turn|8
|-message|Yei_Lai forfeited.
|
|win|huanyu0.0
||Yei_Lai is ready for game 2.
||huanyu0.0 is ready for game 2.
|uhtml|next|Next: Game 2 of 3
