|j|☆chainzuk
|j|☆nocturnallynoct
|html|chainzuknocturnallynoct    
|uhtml|bestof|Game 1 of a best-of-3
|t:|1757022249
|gametype|doubles
|player|p1|chainzuk|170|1136
|player|p2|nocturnallynoct|266|1096
|gen|9
|tier|[Gen 9] VGC 2025 Reg H (Bo3)
|rated|
|rule|Species Clause: Limit one of each Pokémon
|rule|Item Clause: Limit 1 of each item
|clearpoke
|poke|p1|Sneasler, L50, F|
|poke|p1|Dragapult, L50, F|
|poke|p1|Primarina, L50, M|
|poke|p1|Rillaboom, L50, F|
|poke|p1|Kingambit, L50, M|
|poke|p1|Magmar, L50, M|
|poke|p2|Charizard, L50, M|
|poke|p2|Torkoal, L50, M|
|poke|p2|Porygon2, L50|
|poke|p2|Incineroar, L50, F|
|poke|p2|Jumpluff, L50, M|
|poke|p2|Ursaluna, L50, F|
|teampreview|4
|showteam|p1|Sneasler||FocusSash|PoisonTouch|CloseCombat,DireClaw,FakeOut,Protect|||F|||50|,,,,,Stellar]Dragapult||ChoiceBand|ClearBody|DragonDarts,TeraBlast,PhantomForce,Uturn|||F|||50|,,,,,Ghost]Primarina||SitrusBerry|LiquidVoice|HyperVoice,Moonblast,Haze,Protect|||M|||50|,,,,,Water]Rillaboom||AssaultVest|GrassySurge|WoodHammer,GrassyGlide,HighHorsepower,FakeOut|||F|||50|,,,,,Fire]Kingambit||BlackGlasses|Defiant|KowtowCleave,SuckerPunch,SwordsDance,Protect|||M|||50|,,,,,Ghost]Magmar||Eviolite|VitalSpirit|Overheat,WillOWisp,FollowMe,Protect|||M|||50|,,,,,Ghost
|showteam|p2|Charizard||ChoiceSpecs|SolarPower|HeatWave,Overheat,WeatherBall,AirSlash|||M|||50|,,,,,Ghost]Torkoal||EjectPack|Drought|Eruption,Overheat,HelpingHand,Protect|||M|||50|,,,,,Fire]Porygon2||Eviolite|Download|IceBeam,TeraBlast,TrickRoom,Recover||||||50|,,,,,Fighting]Incineroar||SitrusBerry|Intimidate|FlareBlitz,KnockOff,FakeOut,PartingShot|||F|||50|,,,,,Ghost]Jumpluff||CovertCloak|Chlorophyll|SleepPowder,SunnyDay,RagePowder,Tailwind|||M|||50|,,,,,Water]Ursaluna||FlameOrb|Guts|HeadlongRush,Facade,Earthquake,Protect|||F|||50|,,,,,Ghost
|inactive|Battle timer is ON: inactive players will automatically lose when time's up. (requested by nocturnallynoct)
|inactive|chainzuk also wants the timer to be on.
|c|☆chainzuk|glhf
|inactive|nocturnallynoct has 60 seconds left.
|c|☆nocturnallynoct|glhf
|inactive|nocturnallynoct has 30 seconds left.
|
|t:|1757022316
|teamsize|p1|4
|teamsize|p2|4
|start
|switch|p1a: Primarina|Primarina, L50, M|100/100
|switch|p1b: Magmar|Magmar, L50, M|100/100
|switch|p2a: Charizard|Charizard, L50, M|100/100
|switch|p2b: Torkoal|Torkoal, L50, M|100/100
|-weather|SunnyDay|[from] ability: Drought|[of] p2b: Torkoal
|turn|1
|inactive|chainzuk has 30 seconds left.
|inactive|nocturnallynoct has 30 seconds left.
|inactive|chainzuk has 20 seconds left.
|inactive|nocturnallynoct has 20 seconds left.
|inactive|nocturnallynoct has 15 seconds left.
|
|t:|1757022358
|switch|p2a: Jumpluff|Jumpluff, L50, M|100/100
|-terastallize|p1a: Primarina|Water
|move|p1b: Magmar|Follow Me|p1b: Magmar
|-singleturn|p1b: Magmar|move: Follow Me
|move|p1a: Primarina|Hyper Voice|p2a: Jumpluff|[spread] p2a,p2b
|-resisted|p2a: Jumpluff
|-supereffective|p2b: Torkoal
|-damage|p2a: Jumpluff|91/100
|-damage|p2b: Torkoal|46/100
|move|p2b: Torkoal|Overheat|p1b: Magmar
|-resisted|p1b: Magmar
|-damage|p1b: Magmar|67/100
|-unboost|p2b: Torkoal|spa|2
|-enditem|p2b: Torkoal|Eject Pack
|
|t:|1757022370
|switch|p2b: Ursaluna|Ursaluna, L50, F|100/100
|
|-weather|SunnyDay|[upkeep]
|-status|p2b: Ursaluna|brn|[from] item: Flame Orb
|upkeep
|turn|2
|inactive|nocturnallynoct has 30 seconds left.
|
|t:|1757022397
|-terastallize|p2b: Ursaluna|Ghost
|move|p1b: Magmar|Follow Me|p1b: Magmar
|-singleturn|p1b: Magmar|move: Follow Me
|move|p2a: Jumpluff|Tailwind|p2a: Jumpluff
|-sidestart|p2: nocturnallynoct|move: Tailwind
|move|p2b: Ursaluna|Facade|p1b: Magmar
|-damage|p1b: Magmar|0 fnt
|faint|p1b: Magmar
|move|p1a: Primarina|Hyper Voice|p2b: Ursaluna|[spread] p2a,p2b
|-resisted|p2a: Jumpluff
|-damage|p2a: Jumpluff|79/100
|-damage|p2b: Ursaluna|80/100 brn
|
|-weather|SunnyDay|[upkeep]
|-damage|p2b: Ursaluna|74/100 brn|[from] brn
|upkeep
|
|t:|1757022413
|switch|p1b: Dragapult|Dragapult, L50, F|100/100
|turn|3
|
|t:|1757022436
|move|p1a: Primarina|Protect|p1a: Primarina
|-singleturn|p1a: Primarina|Protect
|move|p2a: Jumpluff|Sleep Powder|p1b: Dragapult
|-status|p1b: Dragapult|slp|[from] move: Sleep Powder
|cant|p1b: Dragapult|slp
|move|p2b: Ursaluna|Earthquake|p1a: Primarina|[spread] p1b
|-activate|p1a: Primarina|move: Protect
|-immune|p2a: Jumpluff
|-damage|p1b: Dragapult|5/100 slp
|
|-weather|SunnyDay|[upkeep]
|-damage|p2b: Ursaluna|68/100 brn|[from] brn
|upkeep
|turn|4
|inactive|chainzuk has 30 seconds left.
|inactive|chainzuk has 20 seconds left.
|
|t:|1757022472
|move|p2a: Jumpluff|Rage Powder|p2a: Jumpluff
|-singleturn|p2a: Jumpluff|move: Rage Powder
|-curestatus|p1b: Dragapult|slp|[msg]
|move|p1b: Dragapult|Phantom Force||[still]
|-prepare|p1b: Dragapult|Phantom Force
|move|p2b: Ursaluna|Earthquake|p1a: Primarina|[spread] p1a
|-miss|p2b: Ursaluna|p1b: Dragapult
|-immune|p2a: Jumpluff
|-damage|p1a: Primarina|35/100
|-enditem|p1a: Primarina|Sitrus Berry|[eat]
|-heal|p1a: Primarina|60/100|[from] item: Sitrus Berry
|move|p1a: Primarina|Moonblast|p2a: Jumpluff
|-damage|p2a: Jumpluff|34/100
|
|-weather|SunnyDay|[upkeep]
|-damage|p2b: Ursaluna|62/100 brn|[from] brn
|upkeep
|turn|5
|inactive|nocturnallynoct has 30 seconds left.
|inactive|nocturnallynoct has 20 seconds left.
|inactive|nocturnallynoct has 15 seconds left.
|inactive|nocturnallynoct has 10 seconds left.
|
|t:|1757022520
|move|p1a: Primarina|Protect|p1a: Primarina
|-singleturn|p1a: Primarina|Protect
|move|p2a: Jumpluff|Rage Powder|p2a: Jumpluff
|-singleturn|p2a: Jumpluff|move: Rage Powder
|move|p1b: Dragapult|Phantom Force|p2a: Jumpluff|[from] lockedmove
|-damage|p2a: Jumpluff|0 fnt
|faint|p2a: Jumpluff
|move|p2b: Ursaluna|Earthquake|p1b: Dragapult|[spread] p1b
|-activate|p1a: Primarina|move: Protect
|-damage|p1b: Dragapult|0 fnt
|faint|p1b: Dragapult
|
|-weather|none
|-damage|p2b: Ursaluna|57/100 brn|[from] brn
|-sideend|p2: nocturnallynoct|move: Tailwind
|upkeep
|
|t:|1757022537
|switch|p1b: Sneasler|Sneasler, L50, F|100/100
|switch|p2a: Torkoal|Torkoal, L50, M|46/100
|-weather|SunnyDay|[from] ability: Drought|[of] p2a: Torkoal
|turn|6
|inactive|nocturnallynoct has 30 seconds left.
|inactive|nocturnallynoct has 20 seconds left.
|inactive|nocturnallynoct has 15 seconds left.
|inactive|nocturnallynoct has 10 seconds left.
|inactive|nocturnallynoct has 5 seconds left.
|
|t:|1757022589
|switch|p2a: Charizard|Charizard, L50, M|100/100
|move|p1b: Sneasler|Dire Claw|p2b: Ursaluna
|-resisted|p2b: Ursaluna
|-damage|p2b: Ursaluna|40/100 brn
|move|p1a: Primarina|Hyper Voice|p2b: Ursaluna|[spread] p2a,p2b
|-supereffective|p2a: Charizard
|-crit|p2b: Ursaluna
|-damage|p2a: Charizard|43/100
|-damage|p2b: Ursaluna|11/100 brn
|move|p2b: Ursaluna|Earthquake|p1a: Primarina|[spread] p1a,p1b
|-immune|p2a: Charizard
|-supereffective|p1b: Sneasler
|-damage|p1a: Primarina|0 fnt
|-enditem|p1b: Sneasler|Focus Sash
|-damage|p1b: Sneasler|1/100
|faint|p1a: Primarina
|
|-weather|SunnyDay|[upkeep]
|-damage|p2a: Charizard|31/100|[from] ability: Solar Power|[of] p2a: Charizard
|-damage|p2b: Ursaluna|5/100 brn|[from] brn
|upkeep
|turn|7
|inactive|nocturnallynoct has 30 seconds left.
|
|t:|1757022616
|move|p1b: Sneasler|Protect|p1b: Sneasler
|-singleturn|p1b: Sneasler|Protect
|move|p2a: Charizard|Weather Ball|p1b: Sneasler
|-activate|p1b: Sneasler|move: Protect
|move|p2b: Ursaluna|Facade|p1b: Sneasler
|-activate|p1b: Sneasler|move: Protect
|
|-weather|SunnyDay|[upkeep]
|-damage|p2a: Charizard|18/100|[from] ability: Solar Power|[of] p2a: Charizard
|-damage|p2b: Ursaluna|0 fnt|[from] brn
|faint|p2b: Ursaluna
|upkeep
|
|t:|1757022627
|switch|p2b: Torkoal|Torkoal, L50, M|46/100
|turn|8
|
|t:|1757022634
|move|p1b: Sneasler|Dire Claw|p2a: Charizard
|-damage|p2a: Charizard|0 fnt
|faint|p2a: Charizard
|move|p2b: Torkoal|Eruption|p1b: Sneasler
|-damage|p1b: Sneasler|0 fnt
|faint|p1b: Sneasler
|
|win|nocturnallynoct
||chainzuk is ready for game 2.
||nocturnallynoct is ready for game 2.
|uhtml|next|Next: Game 2 of 3
|l|☆chainzuk
|player|p1|
