|j|☆AndruAkd14
|j|☆Ciovy
|html|AndruAkd14Ciovy    
|uhtml|bestof|Game 2 of a best-of-3
|t:|1756498116
|gametype|doubles
|player|p1|AndruAkd14|265|
|player|p2|Ciovy|170|
|gen|9
|tier|[Gen 9] VGC 2025 Reg H (Bo3)
|rule|Species Clause: Limit one of each Pokémon
|rule|Item Clause: Limit 1 of each item
|clearpoke
|poke|p1|Annihilape, L50, F|
|poke|p1|Maushold-Four, L50|
|poke|p1|Basculegion, L50, M|
|poke|p1|Archaludon, L50, F|
|poke|p1|Pelipper, L50, F|
|poke|p1|Grimmsnarl, L50, M|
|poke|p2|Indeedee-F, L50, F|
|poke|p2|Hatterene, L50, F|
|poke|p2|Gallade, L50, M|
|poke|p2|Ursaluna, L50, M|
|poke|p2|Lilligant-Hisui, L50, F|
|poke|p2|Torkoal, L50, M|
|teampreview|4
|showteam|p1|Annihilape||SitrusBerry|Defiant|Protect,RageFist,DrainPunch,BulkUp|||F|||50|,,,,,Water]Maushold-Four||WideLens|Technician|Protect,BeatUp,PopulationBomb,FollowMe||||||50|,,,,,Ghost]Basculegion||ChoiceBand|SwiftSwim|WaveCrash,LastRespects,FlipTurn,AquaJet|||M|||50|,,,,,Water]Archaludon||AssaultVest|Stamina|ElectroShot,BodyPress,FlashCannon,DracoMeteor|||F|||50|,,,,,Bug]Pelipper||FocusSash|Drizzle|Protect,Hurricane,WeatherBall,Tailwind|||F|||50|,,,,,Ghost]Grimmsnarl||LightClay|Prankster|SpiritBreak,LightScreen,Reflect,MistyTerrain|||M|||50|,,,,,Ghost
|showteam|p2|Indeedee-F||PsychicSeed|PsychicSurge|TrickRoom,FollowMe,HelpingHand,DazzlingGleam|||F|||50|,,,,,Fire]Hatterene||LifeOrb|MagicBounce|ExpandingForce,TrickRoom,DazzlingGleam,Protect|||F|||50|,,,,,Psychic]Gallade||ClearAmulet|Sharpness|PsychoCut,TrickRoom,SacredSword,WideGuard|||M|||50|,,,,,Grass]Ursaluna||FlameOrb|Guts|HeadlongRush,Facade,SwordsDance,Protect|||M|||50|,,,,,Ghost]Lilligant-Hisui||FocusSash|Chlorophyll|SolarBlade,SleepPowder,CloseCombat,AfterYou|||F|||50|,,,,,Ghost]Torkoal||ChoiceSpecs|Drought|Eruption,HeatWave,WeatherBall,EarthPower|||M|||50|,,,,,Fire
|j| ingeniero tapion
|j| TTL Sann♡
|j| no soy de polo
|j| fog is coming
|j| Shrometh
|j| Zeepel
|j| TheMrAfro
|l| no soy de polo
|j| no soy de polo
|j| frankina
|l| no soy de polo
|
|t:|1756498207
|teamsize|p1|4
|teamsize|p2|4
|start
|switch|p1a: Maushold|Maushold-Four, L50|100/100
|switch|p1b: Grimmsnarl|Grimmsnarl, L50, M|100/100
|switch|p2a: Indeedee|Indeedee-F, L50, F|100/100
|switch|p2b: Gallade|Gallade, L50, M|100/100
|-fieldstart|move: Psychic Terrain|[from] ability: Psychic Surge|[of] p2a: Indeedee
|-enditem|p2a: Indeedee|Psychic Seed
|-boost|p2a: Indeedee|spd|1|[from] item: Psychic Seed
|turn|1
|l| TheMrAfro
|j| no soy de polo
|j| TheMrAfro
|
|t:|1756498255
|move|p2a: Indeedee|Follow Me|p2a: Indeedee
|-singleturn|p2a: Indeedee|move: Follow Me
|move|p1b: Grimmsnarl|Misty Terrain|p1b: Grimmsnarl
|-fieldstart|move: Misty Terrain
|move|p1a: Maushold|Population Bomb|p2a: Indeedee
|-damage|p2a: Indeedee|89/100
|-damage|p2a: Indeedee|78/100
|-damage|p2a: Indeedee|68/100
|-damage|p2a: Indeedee|56/100
|-damage|p2a: Indeedee|44/100
|-damage|p2a: Indeedee|33/100
|-damage|p2a: Indeedee|23/100
|-damage|p2a: Indeedee|12/100
|-damage|p2a: Indeedee|0 fnt
|faint|p2a: Indeedee
|-hitcount|p2: Indeedee|9
|move|p2b: Gallade|Trick Room|p2b: Gallade
|-fieldstart|move: Trick Room|[of] p2b: Gallade
|
|upkeep
|
|t:|1756498263
|switch|p2a: Torkoal|Torkoal, L50, M|100/100
|-weather|SunnyDay|[from] ability: Drought|[of] p2a: Torkoal
|turn|2
|l| TheMrAfro
|j| TheMrAfro
|
|t:|1756498302
|move|p1a: Maushold|Protect|p1a: Maushold
|-singleturn|p1a: Maushold|Protect
|move|p1b: Grimmsnarl|Light Screen|p1b: Grimmsnarl
|-sidestart|p1: AndruAkd14|move: Light Screen
|move|p2a: Torkoal|Eruption|p1a: Maushold|[spread] p1b
|-activate|p1a: Maushold|move: Protect
|-damage|p1b: Grimmsnarl|42/100
|move|p2b: Gallade|Psycho Cut|p1a: Maushold
|-activate|p1a: Maushold|move: Protect
|
|-weather|SunnyDay|[upkeep]
|upkeep
|turn|3
|inactive|Battle timer is ON: inactive players will automatically lose when time's up. (requested by Ciovy)
|
|t:|1756498358
|switch|p1a: Pelipper|Pelipper, L50, F|100/100
|-weather|RainDance|[from] ability: Drizzle|[of] p1a: Pelipper
|move|p1b: Grimmsnarl|Reflect|p1b: Grimmsnarl
|-sidestart|p1: AndruAkd14|Reflect
|move|p2a: Torkoal|Eruption|p1b: Grimmsnarl|[spread] p1a,p1b
|-resisted|p1a: Pelipper
|-damage|p1a: Pelipper|80/100
|-damage|p1b: Grimmsnarl|20/100
|move|p2b: Gallade|Sacred Sword|p1a: Pelipper
|-resisted|p1a: Pelipper
|-damage|p1a: Pelipper|47/100
|
|-weather|RainDance|[upkeep]
|upkeep
|turn|4
|
|t:|1756498381
|switch|p2a: Hatterene|Hatterene, L50, F|100/100
|move|p1a: Pelipper|Protect|p1a: Pelipper
|-singleturn|p1a: Pelipper|Protect
|move|p2b: Gallade|Psycho Cut|p1a: Pelipper
|-activate|p1a: Pelipper|move: Protect
|move|p1b: Grimmsnarl|Spirit Break|p2b: Gallade
|-supereffective|p2b: Gallade
|-damage|p2b: Gallade|11/100
|
|-weather|RainDance|[upkeep]
|upkeep
|turn|5
|inactive|AndruAkd14 has 30 seconds left.
|inactive|AndruAkd14 has 20 seconds left.
|inactive|AndruAkd14 has 15 seconds left.
|inactive|AndruAkd14 has 10 seconds left.
|inactive|Ciovy has 30 seconds left.
|inactive|AndruAkd14 has 5 seconds left.
|
|t:|1756498433
|move|p2a: Hatterene|Dazzling Gleam|p1a: Pelipper|[spread] p1a,p1b
|-supereffective|p1b: Grimmsnarl
|-damage|p1a: Pelipper|0 fnt
|-damage|p1b: Grimmsnarl|0 fnt
|faint|p1a: Pelipper
|faint|p1b: Grimmsnarl
|-damage|p2a: Hatterene|91/100|[from] item: Life Orb
|move|p2b: Gallade|Sacred Sword|p1: Pelipper|[notarget]
|-fail|p2b: Gallade
|
|-weather|RainDance|[upkeep]
|-fieldend|move: Trick Room
|-fieldend|Misty Terrain
|upkeep
|
|t:|1756498444
|switch|p1a: Basculegion|Basculegion, L50, M|100/100
|switch|p1b: Maushold|Maushold-Four, L50|100/100
|turn|6
|inactive|AndruAkd14 has 30 seconds left.
|
|t:|1756498474
|switch|p2b: Torkoal|Torkoal, L50, M|100/100
|-weather|SunnyDay|[from] ability: Drought|[of] p2b: Torkoal
|move|p2a: Hatterene|Protect|p2a: Hatterene
|-singleturn|p2a: Hatterene|Protect
|move|p1b: Maushold|Population Bomb|p2b: Torkoal
|-damage|p2b: Torkoal|92/100
|-damage|p2b: Torkoal|83/100
|-damage|p2b: Torkoal|75/100
|-damage|p2b: Torkoal|65/100
|-damage|p2b: Torkoal|56/100
|-damage|p2b: Torkoal|47/100
|-damage|p2b: Torkoal|38/100
|-damage|p2b: Torkoal|29/100
|-damage|p2b: Torkoal|21/100
|-damage|p2b: Torkoal|12/100
|-hitcount|p2b: Torkoal|10
|move|p1a: Basculegion|Last Respects|p2a: Hatterene
|-activate|p2a: Hatterene|move: Protect
|
|-weather|SunnyDay|[upkeep]
|upkeep
|turn|7
|inactive|AndruAkd14 has 30 seconds left.
|inactive|Ciovy has 30 seconds left.
|inactive|Ciovy has 20 seconds left.
|
|t:|1756498513
|move|p1b: Maushold|Population Bomb|p2b: Torkoal
|-damage|p2b: Torkoal|3/100
|-damage|p2b: Torkoal|0 fnt
|faint|p2b: Torkoal
|-hitcount|p2: Torkoal|2
|move|p1a: Basculegion|Last Respects|p2a: Hatterene
|-supereffective|p2a: Hatterene
|-damage|p2a: Hatterene|0 fnt
|faint|p2a: Hatterene
|
|-weather|SunnyDay|[upkeep]
|upkeep
|
|t:|1756498525
|switch|p2b: Gallade|Gallade, L50, M|11/100
|turn|8
|
|t:|1756498535
|move|p1b: Maushold|Population Bomb|p2b: Gallade
|-damage|p2b: Gallade|0 fnt
|faint|p2b: Gallade
|-hitcount|p2: Gallade|1
|
|win|AndruAkd14
