|j|☆BVSelf
|j|☆DrXJ13
|html|BVSelfDrXJ13    
|uhtml|bestof|Game 1 of a best-of-3
|t:|1783197878
|gametype|doubles
|player|p1|BVSelf|juan|1360
|player|p2|DrXJ13|cyrus|1314
|gen|9
|tier|[Gen 9 Champions] VGC 2026 Reg M-B (Bo3)
|rated|
|rule|Species Clause: Limit one of each Pokémon
|rule|Item Clause: Limit 1 of each item
|clearpoke
|poke|p1|Torkoal, L50, M|
|poke|p1|Venusaur, L50, F|
|poke|p1|Farigiraf, L50, M|
|poke|p1|Scrafty, L50, F|
|poke|p1|Mamoswine, L50, M|
|poke|p1|Pyroar, L50, M|
|poke|p2|Froslass, L50, F|
|poke|p2|Sneasler, L50, F|
|poke|p2|Kingambit, L50, M|
|poke|p2|Scovillain, L50, M|
|poke|p2|Basculegion, L50, M|
|poke|p2|Lycanroc-Dusk, L50, F|
|teampreview|4
|showteam|p1|Torkoal||HeatRock|Drought|Eruption,WeatherBall,HelpingHand,Protect|Quiet||M|||50|]Venusaur||LifeOrb|Chlorophyll|EnergyBall,SludgeBomb,EarthPower,Protect|Modest||F|||50|]Farigiraf||SitrusBerry|ArmorTail|PsychicFangs,Thunderbolt,TrickRoom,Protect|Relaxed||M|||50|]Scrafty||Scraftinite|Intimidate|KnockOff,DrainPunch,FakeOut,IcePunch|Adamant||F|||50|]Mamoswine||FocusSash|Oblivious|HighHorsepower,RockSlide,IceShard,Protect|Adamant||M|||50|]Pyroar||Pyroarite|Unnerve|HeatWave,Overheat,Yawn,Protect|Timid||M|||50|
|showteam|p2|Froslass||Froslassite|CursedBody|Blizzard,ShadowBall,AuroraVeil,Protect|Modest||F|||50|]Sneasler||WhiteHerb|Unburden|FakeOut,CloseCombat,DireClaw,Protect|Jolly||F|||50|]Kingambit||BlackGlasses|Defiant|SwordsDance,SuckerPunch,Protect,KowtowCleave|Adamant||M|||50|]Scovillain||Scovillainite|Moody|Overheat,GigaDrain,RagePowder,Protect|Bold||M|||50|]Basculegion||ChoiceScarf|Adaptability|AquaJet,FlipTurn,WaveCrash,LastRespects|Jolly||M|||50|]Lycanroc-Dusk||FocusSash|ToughClaws|Accelerock,CloseCombat,RockSlide,Protect|Adamant||F|||50|
|inactive|Battle timer is ON: inactive players will automatically lose when time's up. (requested by DrXJ13)
|inactive|BVSelf has 60 seconds left.
|inactive|DrXJ13 has 60 seconds left.
|
|t:|1783197936
|teamsize|p1|4
|teamsize|p2|4
|start
|switch|p1a: Pyroar|Pyroar, L50, M|100/100
|switch|p1b: Mamoswine|Mamoswine, L50, M|100/100
|switch|p2a: Basculegion|Basculegion, L50, M|100/100
|switch|p2b: Froslass|Froslass, L50, F|100/100
|-ability|p1a: Pyroar|Unnerve
|turn|1
|
|t:|1783197955
|move|p1a: Pyroar|Protect|p1a: Pyroar
|-singleturn|p1a: Pyroar|Protect
|move|p2b: Froslass|Protect|p2b: Froslass
|-singleturn|p2b: Froslass|Protect
|move|p1b: Mamoswine|Protect|p1b: Mamoswine
|-singleturn|p1b: Mamoswine|Protect
|move|p2a: Basculegion|Flip Turn|p1a: Pyroar
|-activate|p1a: Pyroar|move: Protect
|
|upkeep
|turn|2
|
|t:|1783197968
|switch|p1a: Farigiraf|Farigiraf, L50, M|100/100
|detailschange|p2b: Froslass|Froslass-Mega, L50, F
|-mega|p2b: Froslass|Froslass|Froslassite
|-weather|Snowscape|[from] ability: Snow Warning|[of] p2b: Froslass
|move|p2a: Basculegion|Flip Turn|p1a: Farigiraf
|-damage|p1a: Farigiraf|71/100
|
|t:|1783197979
|switch|p2a: Kingambit|Kingambit, L50, M|100/100|[from] Flip Turn
|move|p2b: Froslass|Blizzard|p1a: Farigiraf|[spread] p1a,p1b
|-damage|p1a: Farigiraf|30/100
|-damage|p1b: Mamoswine|36/100
|-enditem|p1a: Farigiraf|Sitrus Berry|[eat]
|-heal|p1a: Farigiraf|55/100|[from] item: Sitrus Berry
|move|p1b: Mamoswine|High Horsepower|p2a: Kingambit
|-supereffective|p2a: Kingambit|1
|-damage|p2a: Kingambit|21/100
|
|-weather|Snowscape|[upkeep]
|upkeep
|turn|3
|
|t:|1783197999
|move|p1a: Farigiraf|Protect|p1a: Farigiraf
|-singleturn|p1a: Farigiraf|Protect
|move|p1b: Mamoswine|Ice Shard|p2a: Kingambit
|-resisted|p2a: Kingambit|1
|-damage|p2a: Kingambit|12/100
|move|p2b: Froslass|Blizzard|p1a: Farigiraf|[spread] p1b
|-activate|p1a: Farigiraf|move: Protect
|-damage|p1b: Mamoswine|0 fnt
|faint|p1b: Mamoswine
|move|p2a: Kingambit|Kowtow Cleave|p1a: Farigiraf
|-activate|p1a: Farigiraf|move: Protect
|
|-weather|Snowscape|[upkeep]
|upkeep
|
|t:|1783198009
|switch|p1b: Pyroar|Pyroar, L50, M|100/100
|-ability|p1b: Pyroar|Unnerve
|turn|4
|inactive|DrXJ13 has 30 seconds left.
|
|t:|1783198040
|switch|p2a: Basculegion|Basculegion, L50, M|100/100
|detailschange|p1b: Pyroar|Pyroar-Mega, L50, M
|-mega|p1b: Pyroar|Pyroar|Pyroarite
|move|p1b: Pyroar|Heat Wave|p2a: Basculegion|[spread] p2a,p2b
|-resisted|p2a: Basculegion|1
|-supereffective|p2b: Froslass|1
|-damage|p2a: Basculegion|68/100
|-damage|p2b: Froslass|0 fnt
|faint|p2b: Froslass
|move|p1a: Farigiraf|Thunderbolt|p2a: Basculegion
|-supereffective|p2a: Basculegion|1
|-damage|p2a: Basculegion|13/100
|
|-weather|Snowscape|[upkeep]
|upkeep
|inactive|DrXJ13 has 30 seconds left.
|
|t:|1783198066
|switch|p2b: Lycanroc|Lycanroc-Dusk, L50, F|100/100
|turn|5
|
|t:|1783198077
|switch|p1b: Torkoal|Torkoal, L50, M|100/100
|-weather|SunnyDay|[from] ability: Drought|[of] p1b: Torkoal
|move|p2a: Basculegion|Flip Turn|p1a: Farigiraf
|-damage|p1a: Farigiraf|41/100
|
|t:|1783198084
|switch|p2a: Kingambit|Kingambit, L50, M|12/100|[from] Flip Turn
|move|p2b: Lycanroc|Rock Slide|p1a: Farigiraf|[spread] p1a,p1b
|-supereffective|p1b: Torkoal|1
|-damage|p1a: Farigiraf|18/100
|-damage|p1b: Torkoal|58/100
|move|p1a: Farigiraf|Trick Room|p1a: Farigiraf
|-fieldstart|move: Trick Room|[of] p1a: Farigiraf
|
|-weather|SunnyDay|[upkeep]
|upkeep
|turn|6
|inactive|DrXJ13 has 30 seconds left.
|
|t:|1783198116
|move|p2a: Kingambit|Protect|p2a: Kingambit
|-singleturn|p2a: Kingambit|Protect
|move|p1b: Torkoal|Eruption|p2a: Kingambit|[spread] p2b
|-activate|p2a: Kingambit|move: Protect
|-resisted|p2b: Lycanroc|1
|-damage|p2b: Lycanroc|62/100
|move|p1a: Farigiraf|Psychic Fangs|p2b: Lycanroc
|-damage|p2b: Lycanroc|21/100
|move|p2b: Lycanroc|Rock Slide|p1b: Torkoal|[spread] p1a,p1b
|-supereffective|p1b: Torkoal|1
|-damage|p1a: Farigiraf|0 fnt
|-damage|p1b: Torkoal|12/100
|faint|p1a: Farigiraf
|
|-weather|SunnyDay|[upkeep]
|upkeep
|-message|BVSelf forfeited.
|
|win|DrXJ13
||BVSelf is ready for game 2.
||DrXJ13 is ready for game 2.
|uhtml|next|Next: Game 2 of 3
