|j|☆hypergamer_2422
|j|☆bonczy
|html|hypergamer_2422bonczy    
|uhtml|bestof|Game 2 of a best-of-3
|t:|1783433211
|gametype|doubles
|player|p1|hypergamer_2422|pokemaniac|
|player|p2|bonczy|blue-lgpe|
|gen|9
|tier|[Gen 9 Champions] VGC 2026 Reg M-B (Bo3)
|rule|Species Clause: Limit one of each Pokémon
|rule|Item Clause: Limit 1 of each item
|clearpoke
|poke|p1|Staraptor, L50, M|
|poke|p1|Ditto, L50|
|poke|p1|Grimmsnarl, L50, M|
|poke|p1|Garchomp, L50, F|
|poke|p1|Goodra-Hisui, L50, F|
|poke|p1|Espathra, L50, M|
|poke|p2|Metagross, L50|
|poke|p2|Raichu, L50, F|
|poke|p2|Grimmsnarl, L50, M|
|poke|p2|Sinistcha, L50|
|poke|p2|Basculegion, L50, M|
|poke|p2|Pelipper, L50, M|
|teampreview|4
|showteam|p1|Staraptor||Staraptite|Intimidate|CloseCombat,Facade,Protect,BraveBird|Jolly||M|||50|]Ditto||FocusSash|Imposter|Transform|Relaxed|||||50|]Grimmsnarl||LightClay|Prankster|FakeOut,LightScreen,Reflect,FoulPlay|Careful||M|||50|]Garchomp||ChoiceScarf|RoughSkin|Outrage,Earthquake,StoneEdge,BodySlam|Jolly||F|||50|]Goodra-Hisui||QuickClaw|Gooey|Rest,SleepTalk,FireBlast,FlashCannon|Modest||F|||50|]Espathra||LifeOrb|SpeedBoost|LuminaCrash,CalmMind,ShadowBall,Uturn|Modest||M|||50|
|showteam|p2|Metagross||Metagrossite|ClearBody|MeteorMash,ZenHeadbutt,BrickBreak,Protect|Adamant|||||50|]Raichu||RaichuniteY|LightningRod|ZapCannon,Electroweb,FocusBlast,Protect|Timid||F|||50|]Grimmsnarl||LightClay|Prankster|SpiritBreak,SuckerPunch,LightScreen,Reflect|Adamant||M|||50|]Sinistcha||ColburBerry|Hospitality|MatchaGotcha,ShadowBall,LifeDew,Protect|Bold|||||50|]Basculegion||ChoiceScarf|Adaptability|LastRespects,WaveCrash,Liquidation,FlipTurn|Jolly||M|||50|]Pelipper||DampRock|Drizzle|Hurricane,WeatherBall,Tailwind,Protect|Calm||M|||50|
|c|☆bonczy|glhf
|c|☆hypergamer_2422|glhf
|
|t:|1783433261
|teamsize|p1|4
|teamsize|p2|4
|start
|switch|p1a: Grimmsnarl|Grimmsnarl, L50, M|100/100
|switch|p1b: Espathra|Espathra, L50, M|100/100
|switch|p2a: SURPRISE 2|Grimmsnarl, L50, M|100/100
|switch|p2b: Basculegion|Basculegion, L50, M|100/100
|turn|1
|
|t:|1783433289
|move|p1a: Grimmsnarl|Reflect|p1a: Grimmsnarl
|-sidestart|p1: hypergamer_2422|Reflect
|move|p2a: SURPRISE 2|Light Screen|p2a: SURPRISE 2
|-sidestart|p2: bonczy|move: Light Screen
|move|p2b: Basculegion|Flip Turn|p1b: Espathra
|-damage|p1b: Espathra|57/100
|
|t:|1783433304
|switch|p2b: Sinistcha|Sinistcha, L50|100/100|[from] Flip Turn
|move|p1b: Espathra|Calm Mind|p1b: Espathra
|-boost|p1b: Espathra|spa|1
|-boost|p1b: Espathra|spd|1
|
|-ability|p1b: Espathra|Speed Boost|boost
|-boost|p1b: Espathra|spe|1
|upkeep
|turn|2
|
|t:|1783433336
|move|p1a: Grimmsnarl|Light Screen|p1a: Grimmsnarl
|-sidestart|p1: hypergamer_2422|move: Light Screen
|move|p2a: SURPRISE 2|Sucker Punch|p1b: Espathra
|-supereffective|p1b: Espathra|1
|-damage|p1b: Espathra|0 fnt
|faint|p1b: Espathra
|move|p2b: Sinistcha|Matcha Gotcha|p1a: Grimmsnarl
|-damage|p1a: Grimmsnarl|81/100
|-status|p1a: Grimmsnarl|brn
|
|-damage|p1a: Grimmsnarl|75/100 brn|[from] brn
|upkeep
|
|t:|1783433349
|switch|p1b: Staraptor|Staraptor, L50, M|100/100
|-ability|p1b: Staraptor|Intimidate|boost
|-unboost|p2a: SURPRISE 2|atk|1
|-unboost|p2b: Sinistcha|atk|1
|turn|3
|
|t:|1783433369
|detailschange|p1b: Staraptor|Staraptor-Mega, L50, M
|-mega|p1b: Staraptor|Staraptor|Staraptite
|move|p2a: SURPRISE 2|Reflect|p2a: SURPRISE 2
|-sidestart|p2: bonczy|Reflect
|move|p1b: Staraptor|Brave Bird|p2b: Sinistcha
|-supereffective|p2b: Sinistcha|1
|-damage|p2b: Sinistcha|34/100
|-damage|p1b: Staraptor|76/100|[from] Recoil
|move|p2b: Sinistcha|Matcha Gotcha|p1b: Staraptor|[spread] p1a,p1b
|-resisted|p1b: Staraptor|1
|-damage|p1a: Grimmsnarl|62/100 brn
|-heal|p2b: Sinistcha|42/100|[from] drain|[of] p1a: Grimmsnarl
|-damage|p1b: Staraptor|66/100
|-heal|p2b: Sinistcha|46/100|[from] drain|[of] p1b: Staraptor
|move|p1a: Grimmsnarl|Foul Play|p2b: Sinistcha
|-supereffective|p2b: Sinistcha|1
|-enditem|p2b: Sinistcha|Colbur Berry|[eat]
|-enditem|p2b: Sinistcha|Colbur Berry|[weaken]
|-damage|p2b: Sinistcha|43/100
|
|-damage|p1a: Grimmsnarl|56/100 brn|[from] brn
|upkeep
|turn|4
|
|t:|1783433398
|switch|p1a: Garchomp|Garchomp, L50, F|100/100
|move|p2b: Sinistcha|Protect|p2b: Sinistcha
|-singleturn|p2b: Sinistcha|Protect
|move|p1b: Staraptor|Brave Bird|p2b: Sinistcha
|-activate|p2b: Sinistcha|move: Protect
|move|p2a: SURPRISE 2|Spirit Break|p1b: Staraptor
|-supereffective|p1b: Staraptor|1
|-damage|p1b: Staraptor|23/100
|-boost|p1b: Staraptor|spa|1
|
|upkeep
|turn|5
|
|t:|1783433434
|move|p1b: Staraptor|Protect|p1b: Staraptor
|-singleturn|p1b: Staraptor|Protect
|move|p1a: Garchomp|Body Slam|p2a: SURPRISE 2
|-damage|p2a: SURPRISE 2|74/100
|move|p2b: Sinistcha|Matcha Gotcha|p1b: Staraptor|[spread] p1a
|-activate|p1b: Staraptor|move: Protect
|-damage|p1a: Garchomp|82/100
|-heal|p2b: Sinistcha|52/100|[from] drain|[of] p1a: Garchomp
|move|p2a: SURPRISE 2|Spirit Break|p1a: Garchomp
|-supereffective|p1a: Garchomp|1
|-damage|p1a: Garchomp|45/100
|-unboost|p1a: Garchomp|spa|1
|-damage|p2a: SURPRISE 2|62/100|[from] ability: Rough Skin|[of] p1a: Garchomp
|
|upkeep
|turn|6
|
|t:|1783433477
|switch|p2a: RTX 8090 Ti|Metagross, L50|100/100
|move|p1a: Garchomp|Body Slam|p2a: RTX 8090 Ti
|-resisted|p2a: RTX 8090 Ti|1
|-damage|p2a: RTX 8090 Ti|91/100
|move|p1b: Staraptor|Close Combat|p2a: RTX 8090 Ti
|-damage|p2a: RTX 8090 Ti|58/100
|-boost|p1b: Staraptor|def|1
|-boost|p1b: Staraptor|spd|1
|move|p2b: Sinistcha|Life Dew|p2b: Sinistcha|[spread] p2a,p2b
|-heal|p2a: RTX 8090 Ti|83/100
|-heal|p2b: Sinistcha|77/100
|
|upkeep
|turn|7
|
|t:|1783433516
|switch|p1a: Grimmsnarl|Grimmsnarl, L50, M|56/100 brn
|detailschange|p2a: RTX 8090 Ti|Metagross-Mega, L50
|-mega|p2a: RTX 8090 Ti|Metagross|Metagrossite
|move|p1b: Staraptor|Close Combat|p2a: RTX 8090 Ti
|-damage|p2a: RTX 8090 Ti|53/100
|-boost|p1b: Staraptor|def|1
|-boost|p1b: Staraptor|spd|1
|move|p2a: RTX 8090 Ti|Brick Break|p1b: Staraptor
|-sideend|p1: hypergamer_2422|Reflect
|-sideend|p1: hypergamer_2422|move: Light Screen
|-resisted|p1b: Staraptor|1
|-damage|p1b: Staraptor|11/100
|move|p2b: Sinistcha|Life Dew|p2b: Sinistcha|[spread] p2a,p2b
|-heal|p2a: RTX 8090 Ti|78/100
|-heal|p2b: Sinistcha|100/100
|
|-damage|p1a: Grimmsnarl|50/100g brn|[from] brn
|upkeep
|turn|8
|
|t:|1783433545
|move|p2a: RTX 8090 Ti|Protect|p2a: RTX 8090 Ti
|-singleturn|p2a: RTX 8090 Ti|Protect
|move|p2b: Sinistcha|Protect|p2b: Sinistcha
|-singleturn|p2b: Sinistcha|Protect
|move|p1a: Grimmsnarl|Fake Out|p2a: RTX 8090 Ti
|-activate|p2a: RTX 8090 Ti|move: Protect
|move|p1b: Staraptor|Close Combat|p2a: RTX 8090 Ti
|-activate|p2a: RTX 8090 Ti|move: Protect
|
|-damage|p1a: Grimmsnarl|45/100 brn|[from] brn
|-sideend|p2: bonczy|move: Light Screen
|upkeep
|turn|9
|
|t:|1783433566
|switch|p2a: Basculegion|Basculegion, L50, M|100/100
|move|p1b: Staraptor|Protect|p1b: Staraptor
|-singleturn|p1b: Staraptor|Protect
|move|p1a: Grimmsnarl|Reflect|p1a: Grimmsnarl
|-sidestart|p1: hypergamer_2422|Reflect
|move|p2b: Sinistcha|Shadow Ball|p1b: Staraptor
|-activate|p1b: Staraptor|move: Protect
|
|-damage|p1a: Grimmsnarl|39/100 brn|[from] brn
|upkeep
|turn|10
|
|t:|1783433584
|move|p2a: Basculegion|Flip Turn|p1b: Staraptor
|-damage|p1b: Staraptor|0 fnt
|faint|p1b: Staraptor
|
|t:|1783433590
|switch|p2a: SURPRISE 2|Grimmsnarl, L50, M|62/100|[from] Flip Turn
|move|p2b: Sinistcha|Life Dew||[still]|[spread] p2a,p2b
|-heal|p2a: SURPRISE 2|87/100
|-fail|p2b: Sinistcha|heal
|move|p1a: Grimmsnarl|Foul Play|p2a: SURPRISE 2
|-resisted|p2a: SURPRISE 2|2
|-damage|p2a: SURPRISE 2|82/100
|
|-damage|p1a: Grimmsnarl|33/100 brn|[from] brn
|-sideend|p2: bonczy|Reflect
|upkeep
|
|t:|1783433600
|switch|p1b: Garchomp|Garchomp, L50, F|45/100
|turn|11
|
|t:|1783433617
|move|p1a: Grimmsnarl|Light Screen|p1a: Grimmsnarl
|-sidestart|p1: hypergamer_2422|move: Light Screen
|move|p1b: Garchomp|Stone Edge|p2a: SURPRISE 2
|-damage|p2a: SURPRISE 2|36/100
|move|p2b: Sinistcha|Matcha Gotcha|p1b: Garchomp|[spread] p1a,p1b
|-damage|p1a: Grimmsnarl|21/100 brn
|-damage|p1b: Garchomp|28/100
|move|p2a: SURPRISE 2|Spirit Break|p1b: Garchomp
|-supereffective|p1b: Garchomp|1
|-damage|p1b: Garchomp|0 fnt
|-damage|p2a: SURPRISE 2|23/100|[from] ability: Rough Skin|[of] p1b: Garchomp
|faint|p1b: Garchomp
|
|-damage|p1a: Grimmsnarl|15/100 brn|[from] brn
|upkeep
|turn|12
|
|t:|1783433637
|move|p2a: SURPRISE 2|Reflect|p2a: SURPRISE 2
|-sidestart|p2: bonczy|Reflect
|move|p2b: Sinistcha|Matcha Gotcha|p1a: Grimmsnarl
|-damage|p1a: Grimmsnarl|0 fnt
|faint|p1a: Grimmsnarl
|
|win|bonczy
|c|☆hypergamer_2422|gg
|c|☆bonczy|gg
