|j|☆umbracle
|j|☆epic17x
|html|umbracleepic17x    
|uhtml|bestof|Game 2 of a best-of-3
|t:|1755964687
|gametype|doubles
|player|p1|umbracle|265|1255
|player|p2|epic17x|steven|1212
|gen|9
|tier|[Gen 9] VGC 2025 Reg H (Bo3)
|rated|
|rule|Species Clause: Limit one of each Pokémon
|rule|Item Clause: Limit 1 of each item
|clearpoke
|poke|p1|Annihilape, L50, M|
|poke|p1|Ninetales-Alola, L50, F|
|poke|p1|Ursaluna-Bloodmoon, L50, M|
|poke|p1|Magmar, L50, F|
|poke|p1|Gholdengo, L50|
|poke|p1|Dragonite, L50, M|
|poke|p2|Ninetales-Alola, L50, F|
|poke|p2|Rillaboom, L50, F|
|poke|p2|Magmar, L50, M|
|poke|p2|Sneasler, L50, M|
|poke|p2|Kingambit, L50, F|
|poke|p2|Basculegion, L50, M|
|teampreview|4
|showteam|p1|Annihilape||SafetyGoggles|Defiant|DrainPunch,RageFist,BulkUp,Protect|||M|||50|,,,,,Water]Ninetales-Alola||LightClay|SnowWarning|Blizzard,IcicleSpear,Encore,AuroraVeil|||F|||50|,,,,,Ghost]Ursaluna-Bloodmoon||AssaultVest|MindsEye|HyperVoice,EarthPower,BloodMoon,VacuumWave|||M|||50|,,,,,Water]Magmar||Eviolite|FlameBody|BurningJealousy,ClearSmog,FollowMe,Protect|||F|||50|,,,,,Grass]Gholdengo||Leftovers|GoodasGold|MakeItRain,ShadowBall,NastyPlot,Protect||||||50|,,,,,Dragon]Dragonite||LoadedDice|Multiscale|ScaleShot,ExtremeSpeed,Tailwind,Protect|||M|||50|,,,,,Dark
|showteam|p2|Ninetales-Alola||NeverMeltIce|SnowWarning|Blizzard,FreezeDry,Encore,Protect|||F|||50|,,,,,Ghost]Rillaboom||AssaultVest|GrassySurge|WoodHammer,FakeOut,Uturn,GrassyGlide|||F|||50|,,,,,Ghost]Magmar||Eviolite|VitalSpirit|Protect,HeatWave,WillOWisp,FollowMe|||M|||50|,,,,,Ghost]Sneasler||FocusSash|PoisonTouch|FakeOut,DireClaw,CloseCombat,Protect|||M|||50|,,,,,Ghost]Kingambit||BlackGlasses|Defiant|KowtowCleave,SwordsDance,SuckerPunch,Protect|||F|||50|,,,,,Fire]Basculegion||ChoiceScarf|Adaptability|WaveCrash,FlipTurn,TeraBlast,LastRespects|||M|||50|,,,,,Fighting
|inactive|Battle timer is ON: inactive players will automatically lose when time's up. (requested by epic17x)
|
|t:|1755964711
|teamsize|p1|4
|teamsize|p2|4
|start
|switch|p1a: Dragonite|Dragonite, L50, M|100/100
|switch|p1b: Magmar|Magmar, L50, F|100/100
|switch|p2a: Magmar|Magmar, L50, M|100/100
|switch|p2b: Sneasler|Sneasler, L50, M|100/100
|turn|1
|
|t:|1755964724
|move|p1a: Dragonite|Protect|p1a: Dragonite
|-singleturn|p1a: Dragonite|Protect
|move|p2b: Sneasler|Fake Out|p1b: Magmar
|-damage|p1b: Magmar|89/100
|-status|p1b: Magmar|psn|[from] ability: Poison Touch|[of] p2b: Sneasler
|cant|p1b: Magmar|flinch
|move|p2a: Magmar|Will-O-Wisp|p1a: Dragonite
|-activate|p1a: Dragonite|move: Protect
|
|-damage|p1b: Magmar|77/100 psn|[from] psn
|upkeep
|turn|2
|
|t:|1755964738
|move|p2b: Sneasler|Protect|p2b: Sneasler
|-singleturn|p2b: Sneasler|Protect
|move|p1b: Magmar|Follow Me|p1b: Magmar
|-singleturn|p1b: Magmar|move: Follow Me
|move|p1a: Dragonite|Scale Shot|p2a: Magmar
|-damage|p2a: Magmar|88/100
|-damage|p2a: Magmar|77/100
|-damage|p2a: Magmar|66/100
|-damage|p2a: Magmar|53/100
|-hitcount|p2a: Magmar|4
|-unboost|p1a: Dragonite|def|1
|-boost|p1a: Dragonite|spe|1
|move|p2a: Magmar|Will-O-Wisp||[still]
|-fail|p2a: Magmar
|
|-damage|p1b: Magmar|65/100 psn|[from] psn
|upkeep
|turn|3
|
|t:|1755964759
|switch|p2b: Ninetales|Ninetales-Alola, L50, F|100/100
|-weather|Snowscape|[from] ability: Snow Warning|[of] p2b: Ninetales
|move|p1b: Magmar|Follow Me|p1b: Magmar
|-singleturn|p1b: Magmar|move: Follow Me
|move|p1a: Dragonite|Scale Shot|p2b: Ninetales
|-immune|p2b: Ninetales
|move|p2a: Magmar|Heat Wave|p1a: Dragonite|[spread] p1a,p1b
|-resisted|p1a: Dragonite
|-resisted|p1b: Magmar
|-crit|p1b: Magmar
|-damage|p1a: Dragonite|94/100
|-damage|p1b: Magmar|50/100 psn
|-status|p1a: Dragonite|brn
|
|-weather|Snowscape|[upkeep]
|-damage|p1b: Magmar|38/100 psn|[from] psn
|-damage|p1a: Dragonite|88/100 brn|[from] brn
|upkeep
|turn|4
|inactive|epic17x has 30 seconds left.
|
|t:|1755964790
|move|p2a: Magmar|Follow Me|p2a: Magmar
|-singleturn|p2a: Magmar|move: Follow Me
|move|p1a: Dragonite|Tailwind|p1a: Dragonite
|-sidestart|p1: umbracle|move: Tailwind
|move|p1b: Magmar|Burning Jealousy|p2a: Magmar|[spread] p2a,p2b
|-resisted|p2a: Magmar
|-supereffective|p2b: Ninetales
|-damage|p2a: Magmar|46/100
|-damage|p2b: Ninetales|55/100
|move|p2b: Ninetales|Blizzard|p1b: Magmar|[spread] p1a,p1b
|-supereffective|p1a: Dragonite
|-resisted|p1b: Magmar
|-damage|p1a: Dragonite|0 fnt
|-damage|p1b: Magmar|24/100 psn
|faint|p1a: Dragonite
|
|-weather|Snowscape|[upkeep]
|-damage|p1b: Magmar|12/100 psn|[from] psn
|upkeep
|
|t:|1755964800
|switch|p1a: Ursaluna|Ursaluna-Bloodmoon, L50, M|100/100
|turn|5
|inactive|epic17x has 30 seconds left.
|
|t:|1755964826
|switch|p1b: Ninetales|Ninetales-Alola, L50, F, shiny|100/100
|-terastallize|p1a: Ursaluna|Water
|move|p2b: Ninetales|Protect|p2b: Ninetales
|-singleturn|p2b: Ninetales|Protect
|move|p1a: Ursaluna|Hyper Voice|p2b: Ninetales|[spread] p2a
|-activate|p2b: Ninetales|move: Protect
|-damage|p2a: Magmar|22/100
|move|p2a: Magmar|Heat Wave|p1a: Ursaluna|[spread] p1a,p1b
|-resisted|p1a: Ursaluna
|-supereffective|p1b: Ninetales
|-damage|p1a: Ursaluna|93/100
|-damage|p1b: Ninetales|51/100
|
|-weather|Snowscape|[upkeep]
|upkeep
|turn|6
|
|t:|1755964848
|move|p2a: Magmar|Protect|p2a: Magmar
|-singleturn|p2a: Magmar|Protect
|move|p1b: Ninetales|Aurora Veil|p1b: Ninetales
|-sidestart|p1: umbracle|move: Aurora Veil
|move|p2b: Ninetales|Blizzard|p1b: Ninetales|[spread] p1a,p1b
|-resisted|p1a: Ursaluna
|-resisted|p1b: Ninetales
|-damage|p1a: Ursaluna|85/100
|-damage|p1b: Ninetales|38/100
|move|p1a: Ursaluna|Hyper Voice|p2b: Ninetales|[spread] p2b
|-activate|p2a: Magmar|move: Protect
|-damage|p2b: Ninetales|9/100
|
|-weather|Snowscape|[upkeep]
|upkeep
|turn|7
|
|t:|1755964869
|move|p1b: Ninetales|Blizzard|p2a: Magmar|[spread] p2a,p2b
|-resisted|p2a: Magmar
|-resisted|p2b: Ninetales
|-damage|p2a: Magmar|12/100
|-damage|p2b: Ninetales|0 fnt
|faint|p2b: Ninetales
|move|p1a: Ursaluna|Hyper Voice|p2a: Magmar
|-damage|p2a: Magmar|0 fnt
|faint|p2a: Magmar
|
|-weather|none
|-sideend|p1: umbracle|move: Tailwind
|upkeep
|
|t:|1755964872
|switch|p2b: Sneasler|Sneasler, L50, M|100/100
|switch|p2a: Basculegion|Basculegion, L50, M|100/100
|turn|8
|
|t:|1755964883
|switch|p1a: Magmar|Magmar, L50, F|12/100 psn
|move|p2b: Sneasler|Fake Out|p1a: Magmar
|-damage|p1a: Magmar|5/100 psn
|move|p2a: Basculegion|Last Respects|p1b: Ninetales
|-damage|p1b: Ninetales|0 fnt
|faint|p1b: Ninetales
|
|-damage|p1a: Magmar|0 fnt|[from] psn
|faint|p1a: Magmar
|upkeep
|
|t:|1755964889
|switch|p1b: Ursaluna|Ursaluna-Bloodmoon, L50, M, tera:Water|85/100
|turn|9
|
|t:|1755964893
|move|p2a: Basculegion|Last Respects|p1b: Ursaluna
|-damage|p1b: Ursaluna|33/100
|move|p2b: Sneasler|Close Combat|p1b: Ursaluna
|-damage|p1b: Ursaluna|4/100
|-unboost|p2b: Sneasler|def|1
|-unboost|p2b: Sneasler|spd|1
|-status|p1b: Ursaluna|psn|[from] ability: Poison Touch|[of] p2b: Sneasler
|move|p1b: Ursaluna|Blood Moon|p2a: Basculegion
|-damage|p2a: Basculegion|25/100
|
|-damage|p1b: Ursaluna|0 fnt|[from] psn
|faint|p1b: Ursaluna
|
|win|epic17x
|raw|umbracle's rating: 1255 → 1227(-28 for losing)
|raw|epic17x's rating: 1212 → 1240(+28 for winning)
