|j|☆howie dewit
|j|☆Flow456
|html|howie dewitFlow456    
|uhtml|bestof|Game 1 of a best-of-3
|t:|1782597358
|gametype|doubles
|player|p1|howie dewit|collector|1000
|player|p2|Flow456|colress|1064
|gen|9
|tier|[Gen 9 Champions] VGC 2026 Reg M-B (Bo3)
|rated|
|rule|Species Clause: Limit one of each Pokémon
|rule|Item Clause: Limit 1 of each item
|clearpoke
|poke|p1|Raichu, L50, M|
|poke|p1|Mamoswine, L50, M|
|poke|p1|Sinistcha-Masterpiece, L50|
|poke|p1|Ceruledge, L50, M|
|poke|p1|Basculegion, L50, M|
|poke|p1|Floette-Eternal, L50, F|
|poke|p2|Basculegion, L50, M|
|poke|p2|Sylveon, L50, M|
|poke|p2|Charizard, L50, M|
|poke|p2|Whimsicott, L50, F|
|poke|p2|Garchomp, L50, M|
|poke|p2|Sneasler, L50, F|
|teampreview|4
|showteam|p1|Raichu||RaichuniteY|Static|ZapCannon,FakeOut,FocusBlast,Protect|Timid||M|||50|]Mamoswine||LifeOrb|Oblivious|IceShard,HighHorsepower,IcicleCrash,Protect|Jolly||M|||50|]Sinistcha-Masterpiece||SitrusBerry|Hospitality|MatchaGotcha,RagePowder,TrickRoom,ShadowBall|Bold|||||50|]Ceruledge|||FlashFire|BitterBlade,ShadowSneak,BulkUp,Protect|Adamant||M|||50|]Basculegion||ChoiceScarf|Adaptability|WaveCrash,FlipTurn,AquaJet,LastRespects|Jolly||M|||50|]Floette-Eternal||Floettite|FlowerVeil|Moonblast,CalmMind,Protect,DazzlingGleam|Timid||F|||50|
|showteam|p2|Basculegion||ChoiceScarf|Adaptability|LastRespects,WaveCrash,FlipTurn,AquaJet|Jolly||M|||50|]Sylveon||FairyFeather|Pixilate|HyperVoice,HyperBeam,QuickAttack,Protect|Modest||M|||50|]Charizard||CharizarditeY|SolarPower|HeatWave,SolarBeam,WeatherBall,Protect|Modest||M|||50|]Whimsicott||FocusSash|Prankster|Tailwind,Moonblast,Encore,Protect|Serious||F|||50|]Garchomp||LifeOrb|RoughSkin|DragonClaw,Earthquake,RockSlide,Protect|Jolly||M|||50|]Sneasler||WhiteHerb|Unburden|CloseCombat,DireClaw,FakeOut,Protect|Adamant||F|||50|
|inactive|Battle timer is ON: inactive players will automatically lose when time's up. (requested by howie dewit)
|inactive|Flow456 has 60 seconds left.
|inactive|Flow456 has 30 seconds left.
|inactive|Flow456 has 20 seconds left.
|inactive|Flow456 has 15 seconds left.
|
|t:|1782597459
|teamsize|p1|4
|teamsize|p2|4
|start
|switch|p1a: Raichu|Raichu, L50, M|100/100
|switch|p1b: Mamoswine|Mamoswine, L50, M|100/100
|switch|p2a: Sylveon|Sylveon, L50, M|100/100
|switch|p2b: Whimsicott|Whimsicott, L50, F|100/100
|turn|1
|
|t:|1782597483
|detailschange|p1a: Raichu|Raichu-Mega-Y, L50, M
|-mega|p1a: Raichu|Raichu|Raichunite Y
|move|p1a: Raichu|Fake Out|p2b: Whimsicott
|-damage|p2b: Whimsicott|86/100
|cant|p2b: Whimsicott|flinch
|move|p1b: Mamoswine|Ice Shard|p2b: Whimsicott
|-supereffective|p2b: Whimsicott|1
|-damage|p2b: Whimsicott|10/100
|-damage|p1b: Mamoswine|90/100|[from] item: Life Orb
|move|p2a: Sylveon|Hyper Voice|p1a: Raichu|[spread] p1a,p1b
|-crit|p1a: Raichu
|-damage|p1a: Raichu|1/100
|-damage|p1b: Mamoswine|25/100
|
|upkeep
|turn|2
|c|☆howie dewit|Damn
|inactive|howie dewit has 30 seconds left.
|
|t:|1782597509
|switch|p1a: Ceruledge|Ceruledge, L50, M|100/100
|move|p1b: Mamoswine|Ice Shard|p2b: Whimsicott
|-supereffective|p2b: Whimsicott|1
|-damage|p2b: Whimsicott|0 fnt
|faint|p2b: Whimsicott
|-damage|p1b: Mamoswine|16/100|[from] item: Life Orb
|move|p2a: Sylveon|Quick Attack|p1a: Ceruledge
|-resisted|p1a: Ceruledge|1
|-damage|p1a: Ceruledge|93/100
|
|upkeep
|inactive|Flow456 has 30 seconds left.
|inactive|Flow456 has 20 seconds left.
|
|t:|1782597548
|switch|p2b: Charizard|Charizard, L50, M|100/100
|turn|3
|
|t:|1782597572
|detailschange|p2b: Charizard|Charizard-Mega-Y, L50, M
|-mega|p2b: Charizard|Charizard|Charizardite Y
|-weather|SunnyDay|[from] ability: Drought|[of] p2b: Charizard
|move|p1b: Mamoswine|Protect|p1b: Mamoswine
|-singleturn|p1b: Mamoswine|Protect
|move|p2b: Charizard|Heat Wave|p1b: Mamoswine|[spread] 
|-activate|p1b: Mamoswine|move: Protect
|-start|p1a: Ceruledge|ability: Flash Fire
|move|p1a: Ceruledge|Bulk Up|p1a: Ceruledge
|-boost|p1a: Ceruledge|atk|1
|-boost|p1a: Ceruledge|def|1
|move|p2a: Sylveon|Hyper Voice|p1b: Mamoswine|[spread] p1a
|-activate|p1b: Mamoswine|move: Protect
|-resisted|p1a: Ceruledge|1
|-damage|p1a: Ceruledge|72/100
|
|-weather|SunnyDay|[upkeep]
|upkeep
|turn|4
|inactive|Flow456 has 30 seconds left.
|
|t:|1782597602
|switch|p2b: Sneasler|Sneasler, L50, F|100/100
|switch|p1b: Basculegion|Basculegion, L50, M|100/100
|move|p2a: Sylveon|Quick Attack|p1b: Basculegion
|-damage|p1b: Basculegion|82/100
|move|p1a: Ceruledge|Bitter Blade|p2a: Sylveon
|-damage|p2a: Sylveon|0 fnt
|-heal|p1a: Ceruledge|100/100|[from] drain|[of] p2a: Sylveon
|faint|p2a: Sylveon
|
|-weather|SunnyDay|[upkeep]
|upkeep
|
|t:|1782597614
|switch|p2a: Charizard|Charizard-Mega-Y, L50, M|100/100
|turn|5
|
|t:|1782597625
|move|p1b: Basculegion|Aqua Jet|p2a: Charizard
|-supereffective|p2a: Charizard|1
|-damage|p2a: Charizard|69/100
|move|p1a: Ceruledge|Shadow Sneak|p2a: Charizard
|-damage|p2a: Charizard|24/100
|move|p2b: Sneasler|Dire Claw|p1a: Ceruledge
|-resisted|p1a: Ceruledge|1
|-crit|p1a: Ceruledge
|-damage|p1a: Ceruledge|62/100
|-status|p1a: Ceruledge|par
|move|p2a: Charizard|Solar Beam||[still]
|-prepare|p2a: Charizard|Solar Beam
|-anim|p2a: Charizard|Solar Beam|p1b: Basculegion
|-supereffective|p1b: Basculegion|1
|-damage|p1b: Basculegion|0 fnt
|faint|p1b: Basculegion
|
|-weather|SunnyDay|[upkeep]
|upkeep
|
|t:|1782597630
|switch|p1b: Raichu|Raichu-Mega-Y, L50, M|1/100
|turn|6
|
|t:|1782597648
|move|p2a: Charizard|Protect|p2a: Charizard
|-singleturn|p2a: Charizard|Protect
|move|p1b: Raichu|Fake Out|p2b: Sneasler
|-damage|p2b: Sneasler|84/100
|move|p1a: Ceruledge|Shadow Sneak|p2a: Charizard
|-activate|p2a: Charizard|move: Protect
|cant|p2b: Sneasler|flinch
|
|-weather|SunnyDay|[upkeep]
|upkeep
|turn|7
|
|t:|1782597671
|switch|p1b: Mamoswine|Mamoswine, L50, M|16/100
|move|p2a: Charizard|Protect||[still]
|-fail|p2a: Charizard
|move|p1a: Ceruledge|Shadow Sneak|p2a: Charizard
|-damage|p2a: Charizard|0 fnt
|faint|p2a: Charizard
|move|p2b: Sneasler|Dire Claw|p1b: Mamoswine
|-resisted|p1b: Mamoswine|1
|-damage|p1b: Mamoswine|0 fnt
|faint|p1b: Mamoswine
|
|-weather|none
|upkeep
|
|t:|1782597676
|switch|p1b: Raichu|Raichu-Mega-Y, L50, M|1/100
|turn|8
|
|t:|1782597685
|move|p2b: Sneasler|Protect|p2b: Sneasler
|-singleturn|p2b: Sneasler|Protect
|move|p1b: Raichu|Fake Out|p2b: Sneasler
|-activate|p2b: Sneasler|move: Protect
|move|p1a: Ceruledge|Bitter Blade|p2b: Sneasler
|-activate|p2b: Sneasler|move: Protect
|
|upkeep
|turn|9
|
|t:|1782597702
|move|p1b: Raichu|Zap Cannon|p2b: Sneasler
|-damage|p2b: Sneasler|2/100
|-status|p2b: Sneasler|par
|move|p2b: Sneasler|Dire Claw|p1b: Raichu
|-damage|p1b: Raichu|0 fnt
|faint|p1b: Raichu
|move|p1a: Ceruledge|Bitter Blade|p2b: Sneasler
|-damage|p2b: Sneasler|0 fnt
|-heal|p1a: Ceruledge|63/100 par|[from] drain|[of] p2b: Sneasler
|faint|p2b: Sneasler
|
|win|howie dewit
|l|☆Flow456
|player|p2|
|inactive|howie dewit has 30 seconds to confirm battle start!
|inactive|Flow456 has 30 seconds to confirm battle start!
||Flow456 is ready for game 2.
|inactive|howie dewit has 20 seconds to confirm battle start!
