|j|☆rolandruina
|j|☆chamoy-pt2
|html|rolandruinachamoy-pt2    
|uhtml|bestof|Game 1 of a best-of-3
|t:|1782762612
|gametype|doubles
|player|p1|rolandruina|102|1109
|player|p2|chamoy-pt2|sabrina|1176
|gen|9
|tier|[Gen 9 Champions] VGC 2026 Reg M-B (Bo3)
|rated|
|rule|Species Clause: Limit one of each Pokémon
|rule|Item Clause: Limit 1 of each item
|clearpoke
|poke|p1|Swampert, L50, M|
|poke|p1|Metagross, L50|
|poke|p1|Archaludon, L50, F|
|poke|p1|Grimmsnarl, L50, M|
|poke|p1|Pelipper, L50, F|
|poke|p1|Sinistcha, L50|
|poke|p2|Metagross, L50|
|poke|p2|Hydreigon, L50, M|
|poke|p2|Whimsicott, L50, F|
|poke|p2|Ceruledge, L50, F|
|poke|p2|Rotom-Wash, L50|
|poke|p2|Kangaskhan, L50, F|
|teampreview|4
|showteam|p1|Swampert||Swampertite|Damp|WaveCrash,HighHorsepower,IcePunch,Protect|Adamant||M|||50|]Metagross||Metagrossite|ClearBody|IronHead,PsychicFangs,BodyPress,Protect|Jolly|||||50|]Archaludon||Leftovers|Stamina|DragonPulse,FlashCannon,ElectroShot,Protect|Calm||F|||50|]Grimmsnarl||LightClay|Prankster|FoulPlay,PartingShot,LightScreen,Reflect|Calm||M|||50|]Pelipper||FocusSash|Drizzle|Hurricane,WeatherBall,Tailwind,Protect|Modest||F|||50|]Sinistcha||KasibBerry|Hospitality|MatchaGotcha,RagePowder,LifeDew,TrickRoom|Bold|||||50|
|showteam|p2|Metagross||Metagrossite|ClearBody|IronHead,PsychicFangs,BodyPress,Protect|Adamant|||||50|]Hydreigon||ChoiceScarf|Levitate|DracoMeteor,DarkPulse,Snarl,EarthPower|Modest||M|||50|]Whimsicott||FocusSash|Prankster|Tailwind,Moonblast,LightScreen,Protect|Timid||F|||50|]Ceruledge||Leftovers|FlashFire|BulkUp,BitterBlade,ShadowSneak,Protect|Adamant||F|||50|]Rotom-Wash||SitrusBerry|Levitate|Electroweb,VoltSwitch,WillOWisp,Protect|Modest|||||50|]Kangaskhan||Kangaskhanite|Scrappy|FakeOut,DoubleEdge,LowKick,SuckerPunch|Adamant||F|||50|
|inactive|Battle timer is ON: inactive players will automatically lose when time's up. (requested by rolandruina)
|inactive|rolandruina has 60 seconds left.
|inactive|chamoy-pt2 has 60 seconds left.
|
|t:|1782762678
|teamsize|p1|4
|teamsize|p2|4
|start
|switch|p1a: Archaludon|Archaludon, L50, F|100/100
|switch|p1b: Grimmsnarl|Grimmsnarl, L50, M|100/100
|switch|p2a: Rotom|Rotom-Wash, L50|100/100
|switch|p2b: Metagross|Metagross, L50|100/100
|turn|1
|
|t:|1782762699
|detailschange|p2b: Metagross|Metagross-Mega, L50
|-mega|p2b: Metagross|Metagross|Metagrossite
|move|p1b: Grimmsnarl|Reflect|p1b: Grimmsnarl
|-sidestart|p1: rolandruina|Reflect
|move|p2b: Metagross|Iron Head|p1b: Grimmsnarl
|-supereffective|p1b: Grimmsnarl|1
|-damage|p1b: Grimmsnarl|12/100
|move|p2a: Rotom|Will-O-Wisp|p1a: Archaludon|[miss]
|-miss|p2a: Rotom|p1a: Archaludon
|move|p1a: Archaludon|Electro Shot||[still]
|-prepare|p1a: Archaludon|Electro Shot
|-boost|p1a: Archaludon|spa|1
|
|upkeep
|turn|2
|
|t:|1782762723
|move|p2b: Metagross|Protect|p2b: Metagross
|-singleturn|p2b: Metagross|Protect
|move|p1b: Grimmsnarl|Parting Shot|p2a: Rotom
|-unboost|p2a: Rotom|atk|1
|-unboost|p2a: Rotom|spa|1
|
|t:|1782762730
|switch|p1b: Swampert|Swampert, L50, M|100/100|[from] Parting Shot
|move|p2a: Rotom|Volt Switch|p1b: Swampert
|-immune|p1b: Swampert
|move|p1a: Archaludon|Electro Shot|p2b: Metagross|[from] lockedmove
|-activate|p2b: Metagross|move: Protect
|
|upkeep
|turn|3
|inactive|rolandruina has 30 seconds left.
|inactive|rolandruina has 20 seconds left.
|inactive|rolandruina has 15 seconds left.
|
|t:|1782762772
|switch|p2b: Hydreigon|Hydreigon, L50, M|100/100
|switch|p1b: Grimmsnarl|Grimmsnarl, L50, M|12/100
|move|p1a: Archaludon|Protect|p1a: Archaludon
|-singleturn|p1a: Archaludon|Protect
|move|p2a: Rotom|Will-O-Wisp|p1b: Grimmsnarl
|-status|p1b: Grimmsnarl|brn
|
|-damage|p1b: Grimmsnarl|6/100 brn|[from] brn
|upkeep
|turn|4
|
|t:|1782762785
|move|p1b: Grimmsnarl|Light Screen|p1b: Grimmsnarl
|-sidestart|p1: rolandruina|move: Light Screen
|move|p2b: Hydreigon|Draco Meteor|p1a: Archaludon
|-damage|p1a: Archaludon|58/100
|-unboost|p2b: Hydreigon|spa|2
|-ability|p1a: Archaludon|Stamina|boost
|-boost|p1a: Archaludon|def|1
|move|p2a: Rotom|Volt Switch|p1b: Grimmsnarl
|-damage|p1b: Grimmsnarl|0 fnt
|faint|p1b: Grimmsnarl
|
|t:|1782762795
|switch|p2a: Metagross|Metagross-Mega, L50|100/100|[from] Volt Switch
|move|p1a: Archaludon|Dragon Pulse|p2b: Hydreigon
|-supereffective|p2b: Hydreigon|1
|-damage|p2b: Hydreigon|0 fnt
|faint|p2b: Hydreigon
|
|-heal|p1a: Archaludon|65/100|[from] item: Leftovers
|upkeep
|
|t:|1782762805
|switch|p2b: Whimsicott|Whimsicott, L50, F|100/100
|switch|p1b: Pelipper|Pelipper, L50, F|100/100
|-weather|RainDance|[from] ability: Drizzle|[of] p1b: Pelipper
|turn|5
|inactive|rolandruina has 30 seconds left.
|
|t:|1782762835
|move|p2b: Whimsicott|Moonblast|p1b: Pelipper
|-damage|p1b: Pelipper|62/100
|-unboost|p1b: Pelipper|spa|1
|move|p2a: Metagross|Body Press|p1a: Archaludon
|-supereffective|p1a: Archaludon|1
|-damage|p1a: Archaludon|41/100
|-ability|p1a: Archaludon|Stamina|boost
|-boost|p1a: Archaludon|def|1
|move|p1a: Archaludon|Electro Shot||[still]
|-prepare|p1a: Archaludon|Electro Shot
|-boost|p1a: Archaludon|spa|1
|-anim|p1a: Archaludon|Electro Shot|p2a: Metagross
|-damage|p2a: Metagross|27/100
|move|p1b: Pelipper|Weather Ball|p2a: Metagross
|-damage|p2a: Metagross|0 fnt
|faint|p2a: Metagross
|
|-weather|RainDance|[upkeep]
|-heal|p1a: Archaludon|47/100|[from] item: Leftovers
|upkeep
|
|t:|1782762841
|switch|p2a: Rotom|Rotom-Wash, L50|100/100
|turn|6
|-message|chamoy-pt2 forfeited.
|
|win|rolandruina
|l|☆chamoy-pt2
|player|p2|
||chamoy-pt2 is ready for game 2.
||rolandruina is ready for game 2.
|uhtml|next|Next: Game 2 of 3
