|j|☆dambro222
|j|☆chi-yu of china
|html|dambro222chi-yu of china    
|uhtml|bestof|Game 3 of a best-of-3
|t:|1757062770
|gametype|doubles
|player|p1|dambro222|ethan|1168
|player|p2|chi-yu of china|iris-gen5bw2|1132
|gen|9
|tier|[Gen 9] VGC 2025 Reg H (Bo3)
|rated|
|rule|Species Clause: Limit one of each Pokémon
|rule|Item Clause: Limit 1 of each item
|clearpoke
|poke|p1|Dragonite, L50, M|
|poke|p1|Volcarona, L50, F|
|poke|p1|Sneasler, L50, M|
|poke|p1|Rillaboom, L50, M|
|poke|p1|Electabuzz, L50, M|
|poke|p1|Kingambit, L50, M|
|poke|p2|Annihilape, L50, F|
|poke|p2|Incineroar, L50, F|
|poke|p2|Ursaluna-Bloodmoon, L50, M|
|poke|p2|Dragonite, L50, F|
|poke|p2|Whimsicott, L50, M|
|poke|p2|Kommo-o, L50, F|
|teampreview|4
|showteam|p1|Dragonite||LoadedDice|Multiscale|ScaleShot,ExtremeSpeed,Haze,Protect|||M|||50|,,,,,Fairy]Volcarona||CovertCloak|FlameBody|HeatWave,TeraBlast,QuiverDance,Protect|||F|||50|,,,,,Fairy]Sneasler||FocusSash|Unburden|CloseCombat,DireClaw,RockSlide,Protect|||M|||50|,,,,,Stellar]Rillaboom||AssaultVest|GrassySurge|WoodHammer,GrassyGlide,HighHorsepower,FakeOut|||M|||50|,,,,,Water]Electabuzz||Eviolite|VitalSpirit|Electroweb,FollowMe,Taunt,Protect|||M|||50|,,,,,Ghost]Kingambit||BlackGlasses|Defiant|KowtowCleave,SuckerPunch,SwordsDance,Protect|||M|||50|,,,,,Dark
|showteam|p2|Annihilape||SafetyGoggles|Defiant|RageFist,CloseCombat,FinalGambit,Protect|||F|||50|,,,,,Water]Incineroar||SitrusBerry|Intimidate|FlareBlitz,KnockOff,PartingShot,FakeOut|||F|||50|,,,,,Ghost]Ursaluna-Bloodmoon||AssaultVest|MindsEye|HyperVoice,EarthPower,BloodMoon,VacuumWave|||M|||50|,,,,,Poison]Dragonite||LoadedDice|Multiscale|ExtremeSpeed,ScaleShot,IceSpinner,Protect|||F|||50|,,,,,Steel]Whimsicott||FocusSash|Prankster|Moonblast,FakeTears,Encore,Tailwind|||M|||50|,,,,,Ghost]Kommo-o||ThroatSpray|Overcoat|ClangingScales,Flamethrower,ClangorousSoul,Protect|||F|||50|,,,,,Fire
|inactive|Battle timer is ON: inactive players will automatically lose when time's up. (requested by chi-yu of china)
|inactive|dambro222 also wants the timer to be on.
|inactive|dambro222 has 60 seconds left.
|inactive|dambro222 has 30 seconds left.
|
|t:|1757062834
|teamsize|p1|4
|teamsize|p2|4
|start
|switch|p1a: Rillaboom|Rillaboom, L50, M|100/100
|switch|p1b: Sneasler|Sneasler, L50, M|100/100
|switch|p2a: Whimsicott|Whimsicott, L50, M|100/100
|switch|p2b: Ursaluna|Ursaluna-Bloodmoon, L50, M|100/100
|-fieldstart|move: Grassy Terrain|[from] ability: Grassy Surge|[of] p1a: Rillaboom
|turn|1
|
|t:|1757062851
|switch|p2b: Incineroar|Incineroar, L50, F|100/100
|-ability|p2b: Incineroar|Intimidate|boost
|-unboost|p1a: Rillaboom|atk|1
|-unboost|p1b: Sneasler|atk|1
|move|p2a: Whimsicott|Tailwind|p2a: Whimsicott
|-sidestart|p2: chi-yu of china|move: Tailwind
|move|p1b: Sneasler|Close Combat|p2b: Incineroar
|-supereffective|p2b: Incineroar
|-damage|p2b: Incineroar|16/100
|-unboost|p1b: Sneasler|def|1
|-unboost|p1b: Sneasler|spd|1
|-enditem|p2b: Incineroar|Sitrus Berry|[eat]
|-heal|p2b: Incineroar|41/100|[from] item: Sitrus Berry
|move|p1a: Rillaboom|High Horsepower|p2b: Incineroar
|-supereffective|p2b: Incineroar
|-damage|p2b: Incineroar|0 fnt
|faint|p2b: Incineroar
|
|upkeep
|
|t:|1757062858
|switch|p2b: Ursaluna|Ursaluna-Bloodmoon, L50, M|100/100
|turn|2
|
|t:|1757062875
|-terastallize|p2b: Ursaluna|Poison
|move|p2a: Whimsicott|Moonblast|p1b: Sneasler
|-damage|p1b: Sneasler|37/100
|move|p1b: Sneasler|Close Combat|p2b: Ursaluna
|-resisted|p2b: Ursaluna
|-damage|p2b: Ursaluna|85/100
|-unboost|p1b: Sneasler|def|1
|-unboost|p1b: Sneasler|spd|1
|move|p2b: Ursaluna|Hyper Voice|p1a: Rillaboom|[spread] p1a,p1b
|-damage|p1a: Rillaboom|72/100
|-damage|p1b: Sneasler|0 fnt
|faint|p1b: Sneasler
|move|p1a: Rillaboom|High Horsepower|p2b: Ursaluna
|-supereffective|p2b: Ursaluna
|-damage|p2b: Ursaluna|51/100
|
|-heal|p2b: Ursaluna|58/100|[from] Grassy Terrain
|-heal|p1a: Rillaboom|78/100|[from] Grassy Terrain
|upkeep
|
|t:|1757062895
|switch|p1b: Dragonite|Dragonite, L50, M|100/100
|turn|3
|inactive|dambro222 has 30 seconds left.
|
|t:|1757062927
|-terastallize|p1b: Dragonite|Fairy
|move|p2a: Whimsicott|Fake Tears|p1a: Rillaboom
|-unboost|p1a: Rillaboom|spd|2
|move|p2b: Ursaluna|Blood Moon|p1a: Rillaboom
|-damage|p1a: Rillaboom|0 fnt
|faint|p1a: Rillaboom
|move|p1b: Dragonite|Scale Shot|p2b: Ursaluna
|-damage|p2b: Ursaluna|47/100
|-damage|p2b: Ursaluna|37/100
|-damage|p2b: Ursaluna|26/100
|-damage|p2b: Ursaluna|14/100
|-hitcount|p2b: Ursaluna|4
|-unboost|p1b: Dragonite|def|1
|-boost|p1b: Dragonite|spe|1
|
|-heal|p2b: Ursaluna|20/100|[from] Grassy Terrain
|upkeep
|
|t:|1757062945
|switch|p1a: Volcarona|Volcarona, L50, F|100/100
|turn|4
|
|t:|1757062962
|move|p1b: Dragonite|Extreme Speed|p2b: Ursaluna
|-damage|p2b: Ursaluna|0 fnt
|faint|p2b: Ursaluna
|move|p2a: Whimsicott|Moonblast|p1b: Dragonite
|-damage|p1b: Dragonite|81/100
|move|p1a: Volcarona|Heat Wave|p2a: Whimsicott|[miss]
|-miss|p1a: Volcarona|p2a: Whimsicott
|
|-heal|p1b: Dragonite|87/100|[from] Grassy Terrain
|-sideend|p2: chi-yu of china|move: Tailwind
|upkeep
|
|t:|1757062973
|switch|p2b: Dragonite|Dragonite, L50, F|100/100
|turn|5
|
|t:|1757062991
|move|p1b: Dragonite|Protect|p1b: Dragonite
|-singleturn|p1b: Dragonite|Protect
|move|p2a: Whimsicott|Encore|p1b: Dragonite
|-activate|p1b: Dragonite|move: Protect
|move|p1a: Volcarona|Heat Wave|p2b: Dragonite|[spread] p2a,p2b
|-supereffective|p2a: Whimsicott
|-resisted|p2b: Dragonite
|-crit|p2b: Dragonite
|-enditem|p2a: Whimsicott|Focus Sash
|-damage|p2a: Whimsicott|1/100
|-damage|p2b: Dragonite|86/100
|move|p2b: Dragonite|Scale Shot|p1a: Volcarona
|-damage|p1a: Volcarona|80/100
|-damage|p1a: Volcarona|57/100
|-damage|p1a: Volcarona|35/100
|-damage|p1a: Volcarona|15/100
|-hitcount|p1a: Volcarona|4
|-unboost|p2b: Dragonite|def|1
|-boost|p2b: Dragonite|spe|1
|
|-heal|p1b: Dragonite|93/100|[from] Grassy Terrain
|-heal|p2a: Whimsicott|7/100|[from] Grassy Terrain
|-heal|p1a: Volcarona|21/100|[from] Grassy Terrain
|-fieldend|move: Grassy Terrain
|upkeep
|turn|6
|inactive|chi-yu of china has 30 seconds left.
|
|t:|1757063018
|move|p2b: Dragonite|Extreme Speed|p1a: Volcarona
|-crit|p1a: Volcarona
|-damage|p1a: Volcarona|0 fnt
|faint|p1a: Volcarona
|move|p1b: Dragonite|Extreme Speed|p2b: Dragonite
|-damage|p2b: Dragonite|29/100
|move|p2a: Whimsicott|Moonblast|p1b: Dragonite
|-damage|p1b: Dragonite|57/100
|
|upkeep
|turn|7
|inactive|dambro222 has 30 seconds left.
|
|t:|1757063050
|move|p1b: Dragonite|Extreme Speed|p2b: Dragonite
|-damage|p2b: Dragonite|0 fnt
|faint|p2b: Dragonite
|move|p2a: Whimsicott|Moonblast|p1b: Dragonite
|-damage|p1b: Dragonite|18/100
|
|upkeep
|turn|8
|
|t:|1757063070
|move|p1b: Dragonite|Extreme Speed|p2a: Whimsicott
|-damage|p2a: Whimsicott|0 fnt
|faint|p2a: Whimsicott
|
|win|dambro222
|raw|dambro222's rating: 1168 → 1190(+22 for winning)
|raw|chi-yu of china's rating: 1132 → 1110(-22 for losing)
|c|☆dambro222|gg
|l|☆chi-yu of china
|player|p2|
