|j|☆poghhk
|j|☆lurkiyo
|html|poghhklurkiyo    
|uhtml|bestof|Game 3 of a best-of-3
|t:|1783294299
|gametype|doubles
|player|p1|poghhk|riley|
|player|p2|lurkiyo|169|
|gen|9
|tier|[Gen 9 Champions] VGC 2026 Reg M-B (Bo3)
|rule|Species Clause: Limit one of each Pokémon
|rule|Item Clause: Limit 1 of each item
|clearpoke
|poke|p1|Froslass, L50, F|
|poke|p1|Kommo-o, L50, F|
|poke|p1|Clefable, L50, F|
|poke|p1|Torterra, L50, M|
|poke|p1|Scizor, L50, M|
|poke|p1|Salazzle, L50, F|
|poke|p2|Pelipper, L50, F|
|poke|p2|Zoroark-Hisui, L50, F|
|poke|p2|Eelektross, L50, M|
|poke|p2|Toxapex, L50, F|
|poke|p2|Corviknight, L50, F|
|poke|p2|Archaludon, L50, M|
|teampreview|4
|showteam|p1|Froslass||Froslassite|SnowCloak|AuroraVeil,Blizzard,Protect,ShadowBall|Timid||F|||50|]Kommo-o||Leftovers|Soundproof|ClangorousSoul,AuraSphere,ClangingScales,Protect|Timid||F|||50|]Clefable||SitrusBerry|Unaware|Protect,Moonblast,FollowMe,Encore|Calm||F|||50|]Torterra||WhiteHerb|ShellArmor|Earthquake,Protect,RockSlide,HeadlongRush|Adamant||M|||50|]Scizor||FocusSash|Technician|BulletPunch,Uturn,BugBite,SwordsDance|Adamant||M|||50|]Salazzle||ExpertBelt|Corrosion|HeatWave,FlareBlitz,SludgeBomb,Protect|Hasty||F|||50|
|showteam|p2|Pelipper||SitrusBerry|Drizzle|Tailwind,Hurricane,WeatherBall,WideGuard|Modest||F|||50|]Zoroark-Hisui||ChoiceScarf|Illusion|BitterMalice,Protect,Taunt,Trick|Timid||F|||50|]Eelektross||Eelektrossite|Levitate|Protect,Thunder,GigaDrain,Flamethrower|Timid||M|||50|]Toxapex||Leftovers|Regenerator|BanefulBunker,Recover,ChillingWater,Haze|Bold||F|||50|]Corviknight||OccaBerry|MirrorArmor|Tailwind,Roost,IronDefense,BodyPress|Calm||F|||50|]Archaludon||ChopleBerry|Stamina|DragonPulse,ElectroShot,FlashCannon,Protect|Timid||M|||50|
|j| cheesemanzs
|
|t:|1783294351
|teamsize|p1|4
|teamsize|p2|4
|start
|switch|p1a: Torterra|Torterra, L50, M|100/100
|switch|p1b: Clefable|Clefable, L50, F|100/100
|switch|p2a: Pelipper|Pelipper, L50, F|100/100
|switch|p2b: Eelektross|Eelektross, L50, M|100/100
|-weather|RainDance|[from] ability: Drizzle|[of] p2a: Pelipper
|turn|1
|
|t:|1783294410
|detailschange|p2b: Eelektross|Eelektross-Mega, L50, M
|-mega|p2b: Eelektross|Eelektross|Eelektrossite
|move|p1b: Clefable|Follow Me|p1b: Clefable
|-singleturn|p1b: Clefable|move: Follow Me
|move|p2b: Eelektross|Flamethrower|p1b: Clefable
|-damage|p1b: Clefable|89/100
|move|p2a: Pelipper|Hurricane|p1b: Clefable
|-damage|p1b: Clefable|57/100
|-start|p1b: Clefable|confusion
|move|p1a: Torterra|Rock Slide|p2a: Pelipper|[spread] p2b
|-miss|p1a: Torterra|p2a: Pelipper
|-damage|p2b: Eelektross|75/100
|
|-weather|RainDance|[upkeep]
|upkeep
|turn|2
|
|t:|1783294508
|-activate|p1b: Clefable|confusion
|move|p1b: Clefable|Follow Me|p1b: Clefable
|-singleturn|p1b: Clefable|move: Follow Me
|move|p2b: Eelektross|Thunder|p1b: Clefable
|-damage|p1b: Clefable|16/100
|-enditem|p1b: Clefable|Sitrus Berry|[eat]
|-heal|p1b: Clefable|41/100|[from] item: Sitrus Berry
|move|p2a: Pelipper|Hurricane|p1b: Clefable
|-damage|p1b: Clefable|5/100
|move|p1a: Torterra|Rock Slide|p2a: Pelipper|[spread] p2a,p2b
|-supereffective|p2a: Pelipper|1
|-damage|p2a: Pelipper|60/100
|-damage|p2b: Eelektross|47/100
|
|-weather|RainDance|[upkeep]
|upkeep
|turn|3
|
|t:|1783294593
|-end|p1b: Clefable|confusion
|move|p1b: Clefable|Follow Me|p1b: Clefable
|-singleturn|p1b: Clefable|move: Follow Me
|move|p2b: Eelektross|Giga Drain|p1b: Clefable
|-damage|p1b: Clefable|0 fnt
|-heal|p2b: Eelektross|51/100|[from] drain|[of] p1b: Clefable
|faint|p1b: Clefable
|-ability|p2b: Eelektross|Eelevate|boost
|-boost|p2b: Eelektross|spa|1
|move|p2a: Pelipper|Hurricane|p1a: Torterra
|-supereffective|p1a: Torterra|1
|-damage|p1a: Torterra|0 fnt
|faint|p1a: Torterra
|
|-weather|RainDance|[upkeep]
|upkeep
|
|t:|1783294609
|switch|p1b: Froslass|Froslass, L50, F|100/100
|switch|p1a: Kommo-o|Kommo-o, L50, F|100/100
|turn|4
|
|t:|1783294668
|detailschange|p1b: Froslass|Froslass-Mega, L50, F
|-mega|p1b: Froslass|Froslass|Froslassite
|-weather|Snowscape|[from] ability: Snow Warning|[of] p1b: Froslass
|move|p2b: Eelektross|Protect|p2b: Eelektross
|-singleturn|p2b: Eelektross|Protect
|move|p1b: Froslass|Aurora Veil|p1b: Froslass
|-sidestart|p1: poghhk|move: Aurora Veil
|move|p1a: Kommo-o|Clanging Scales|p2b: Eelektross|[spread] p2a
|-activate|p2b: Eelektross|move: Protect
|-damage|p2a: Pelipper|7/100
|-enditem|p2a: Pelipper|Sitrus Berry|[eat]
|-heal|p2a: Pelipper|32/100|[from] item: Sitrus Berry
|-unboost|p1a: Kommo-o|def|1
|move|p2a: Pelipper|Hurricane|p1a: Kommo-o
|-supereffective|p1a: Kommo-o|1
|-damage|p1a: Kommo-o|19/100
|
|-weather|Snowscape|[upkeep]
|-heal|p1a: Kommo-o|25/100|[from] item: Leftovers
|upkeep
|turn|5
|
|t:|1783294794
|move|p2a: Pelipper|Wide Guard|p2a: Pelipper
|-singleturn|p2a: Pelipper|Wide Guard
|move|p1b: Froslass|Shadow Ball|p2b: Eelektross
|-damage|p2b: Eelektross|2/100
|move|p1a: Kommo-o|Clanging Scales|p2b: Eelektross|[spread] 
|-activate|p2a: Pelipper|move: Wide Guard
|-activate|p2b: Eelektross|move: Wide Guard
|move|p2b: Eelektross|Thunder|p1a: Kommo-o
|-resisted|p1a: Kommo-o|1
|-damage|p1a: Kommo-o|0 fnt
|faint|p1a: Kommo-o
|-ability|p2b: Eelektross|Eelevate|boost
|-boost|p2b: Eelektross|spa|1
|
|-weather|Snowscape|[upkeep]
|upkeep
|turn|6
|c|☆poghhk|wtf
|c| cheesemanzs|bro gambled with his life on the line
|c| cheesemanzs|tuff play
|c|☆lurkiyo|thank god thunder hit
|
|t:|1783294858
|move|p2b: Eelektross|Protect|p2b: Eelektross
|-singleturn|p2b: Eelektross|Protect
|move|p1b: Froslass|Blizzard|p2a: Pelipper|[spread] p2a
|-activate|p2b: Eelektross|move: Protect
|-damage|p2a: Pelipper|0 fnt
|faint|p2a: Pelipper
|
|-weather|Snowscape|[upkeep]
|upkeep
|
|t:|1783294864
|switch|p2a: Corviknight|Corviknight, L50, F|100/100
|turn|7
|
|t:|1783294894
|switch|p2b: Archaludon|Archaludon, L50, M|100/100
|move|p1b: Froslass|Blizzard|p2a: Corviknight|[spread] p2a,p2b
|-crit|p2a: Corviknight
|-damage|p2a: Corviknight|52/100
|-damage|p2b: Archaludon|33/100
|-status|p2b: Archaludon|frz
|-ability|p2b: Archaludon|Stamina|boost
|-boost|p2b: Archaludon|def|1
|move|p2a: Corviknight|Tailwind|p2a: Corviknight
|-sidestart|p2: lurkiyo|move: Tailwind
|
|-weather|Snowscape|[upkeep]
|upkeep
|turn|8
|
|t:|1783294933
|cant|p2b: Archaludon|frz
|move|p1b: Froslass|Blizzard|p2b: Archaludon|[spread] p2a,p2b
|-damage|p2a: Corviknight|23/100
|-damage|p2b: Archaludon|0 fnt
|faint|p2b: Archaludon
|move|p2a: Corviknight|Roost|p2a: Corviknight
|-heal|p2a: Corviknight|73/100
|-singleturn|p2a: Corviknight|move: Roost
|
|-weather|none
|-sideend|p1: poghhk|move: Aurora Veil
|upkeep
|
|t:|1783294943
|switch|p2b: Eelektross|Eelektross-Mega, L50, M|2/100
|turn|9
|
|t:|1783295024
|move|p2b: Eelektross|Flamethrower|p1b: Froslass
|-supereffective|p1b: Froslass|1
|-damage|p1b: Froslass|19/100
|move|p1b: Froslass|Shadow Ball|p2b: Eelektross
|-damage|p2b: Eelektross|0 fnt
|faint|p2b: Eelektross
|move|p2a: Corviknight|Roost|p2a: Corviknight
|-heal|p2a: Corviknight|100/100
|-singleturn|p2a: Corviknight|move: Roost
|
|upkeep
|turn|10
|
|t:|1783295071
|move|p1b: Froslass|Shadow Ball|p2a: Corviknight
|-damage|p2a: Corviknight|70/100
|move|p2a: Corviknight|Roost|p2a: Corviknight
|-heal|p2a: Corviknight|100/100
|-singleturn|p2a: Corviknight|move: Roost
|
|-sideend|p2: lurkiyo|move: Tailwind
|upkeep
|turn|11
|
|t:|1783295081
|move|p1b: Froslass|Shadow Ball|p2a: Corviknight
|-damage|p2a: Corviknight|69/100
|-ability|p2a: Corviknight|Mirror Armor
|-unboost|p1b: Froslass|spd|1
|move|p2a: Corviknight|Iron Defense|p2a: Corviknight
|-boost|p2a: Corviknight|def|2
|
|upkeep
|turn|12
|c|☆lurkiyo|i have no damaging move lol
|
|t:|1783295100
|move|p1b: Froslass|Shadow Ball|p2a: Corviknight
|-damage|p2a: Corviknight|39/100
|-ability|p2a: Corviknight|Mirror Armor
|-unboost|p1b: Froslass|spd|1
|move|p2a: Corviknight|Roost|p2a: Corviknight
|-heal|p2a: Corviknight|89/100
|-singleturn|p2a: Corviknight|move: Roost
|
|upkeep
|turn|13
|c|☆poghhk|oh lmao
|c|☆lurkiyo|cheesemanz also decrees i cant forfeit or else its auto 0-12
|c| cheesemanzs|i did say this
|
|t:|1783295145
|move|p1b: Froslass|Shadow Ball|p2a: Corviknight
|-damage|p2a: Corviknight|56/100
|move|p2a: Corviknight|Tailwind|p2a: Corviknight
|-sidestart|p2: lurkiyo|move: Tailwind
|
|upkeep
|turn|14
|c| cheesemanzs|you can just spam shadow ball bro the game is over
|
|t:|1783295153
|move|p1b: Froslass|Shadow Ball|p2a: Corviknight
|-damage|p2a: Corviknight|26/100
|move|p2a: Corviknight|Roost|p2a: Corviknight
|-heal|p2a: Corviknight|77/100
|-singleturn|p2a: Corviknight|move: Roost
|
|upkeep
|turn|15
|
|t:|1783295161
|move|p1b: Froslass|Shadow Ball|p2a: Corviknight
|-damage|p2a: Corviknight|47/100
|move|p2a: Corviknight|Roost|p2a: Corviknight
|-heal|p2a: Corviknight|97/100
|-singleturn|p2a: Corviknight|move: Roost
|
|upkeep
|turn|16
|
|t:|1783295170
|move|p1b: Froslass|Shadow Ball|p2a: Corviknight
|-damage|p2a: Corviknight|63/100
|move|p2a: Corviknight|Roost|p2a: Corviknight
|-heal|p2a: Corviknight|100/100
|-singleturn|p2a: Corviknight|move: Roost
|
|-sideend|p2: lurkiyo|move: Tailwind
|upkeep
|turn|17
|
|t:|1783295184
|move|p1b: Froslass|Shadow Ball|p2a: Corviknight
|-damage|p2a: Corviknight|70/100
|move|p2a: Corviknight|Tailwind|p2a: Corviknight
|-sidestart|p2: lurkiyo|move: Tailwind
|
|upkeep
|turn|18
|
|t:|1783295192
|move|p1b: Froslass|Shadow Ball|p2a: Corviknight
|-damage|p2a: Corviknight|42/100
|move|p2a: Corviknight|Tailwind||[still]
|-fail|p2a: Corviknight
|
|upkeep
|turn|19
|
|t:|1783295198
|move|p1b: Froslass|Shadow Ball|p2a: Corviknight
|-damage|p2a: Corviknight|8/100
|move|p2a: Corviknight|Roost|p2a: Corviknight
|-heal|p2a: Corviknight|59/100
|-singleturn|p2a: Corviknight|move: Roost
|
|upkeep
|turn|20
|
|t:|1783295207
|move|p1b: Froslass|Shadow Ball|p2a: Corviknight
|-damage|p2a: Corviknight|26/100
|move|p2a: Corviknight|Tailwind||[still]
|-fail|p2a: Corviknight
|
|-sideend|p2: lurkiyo|move: Tailwind
|upkeep
|turn|21
|
|t:|1783295213
|move|p1b: Froslass|Shadow Ball|p2a: Corviknight
|-damage|p2a: Corviknight|0 fnt
|faint|p2a: Corviknight
|
|win|poghhk
|c|☆lurkiyo|gg
|c|☆poghhk|ggs
