|j|☆KudenaVGC
|j|☆Cristante terabug
|html|KudenaVGCCristante terabug    
|uhtml|bestof|Game 3 of a best-of-3
|t:|1756851089
|gametype|doubles
|player|p1|KudenaVGC|ethan|1170
|player|p2|Cristante terabug|kieran-champion|1263
|gen|9
|tier|[Gen 9] VGC 2025 Reg H (Bo3)
|rated|
|rule|Species Clause: Limit one of each Pokémon
|rule|Item Clause: Limit 1 of each item
|clearpoke
|poke|p1|Dragonite, L50, M|
|poke|p1|Gholdengo, L50|
|poke|p1|Rillaboom, L50, M|
|poke|p1|Ursaluna-Bloodmoon, L50, M|
|poke|p1|Maushold-Four, L50|
|poke|p1|Annihilape, L50, M|
|poke|p2|Incineroar, L50, F|
|poke|p2|Pelipper, L50, M|
|poke|p2|Archaludon, L50, M|
|poke|p2|Dragonite, L50, M|
|poke|p2|Sinistcha, L50|
|poke|p2|Ursaluna, L50, F|
|teampreview|4
|showteam|p1|Dragonite||LoadedDice|Multiscale|Tailwind,Haze,Protect,ScaleShot|||M|||50|,,,,,Fairy]Gholdengo||LifeOrb|GoodasGold|MakeItRain,ShadowBall,NastyPlot,Protect||||||50|,,,,,Water]Rillaboom||MiracleSeed|GrassySurge|WoodHammer,GrassyGlide,FakeOut,HighHorsepower|||M|||50|,,,,,Fire]Ursaluna-Bloodmoon||AssaultVest|MindsEye|BloodMoon,EarthPower,HyperVoice,VacuumWave|||M|||50|,,,,,Water]Maushold-Four||FocusSash|FriendGuard|SuperFang,FollowMe,BeatUp,Protect||||||50|,,,,,Ghost]Annihilape||SitrusBerry|Defiant|RageFist,DrainPunch,BulkUp,Protect|||M|||50|,,,,,Fire
|showteam|p2|Incineroar||SafetyGoggles|Intimidate|FakeOut,PartingShot,KnockOff,Taunt|||F|||50|,,,,,Ghost]Pelipper||FocusSash|Drizzle|Hurricane,MuddyWater,Tailwind,Protect|||M|||50|,,,,,Ghost]Archaludon||AssaultVest|Stamina|ElectroShot,Snarl,FlashCannon,BodyPress|||M|||50|,,,,,Fighting]Dragonite||LoadedDice|Multiscale|ScaleShot,Tailwind,Haze,Protect|||M|||50|,,,,,Fairy]Sinistcha||SitrusBerry|Hospitality|MatchaGotcha,RagePowder,LifeDew,TrickRoom||||||50|,,,,,Dark]Ursaluna||FlameOrb|Guts|Earthquake,Facade,HeadlongRush,Protect|||F|||50|,,,,,Ghost
|
|t:|1756851105
|teamsize|p1|4
|teamsize|p2|4
|start
|switch|p1a: Maushold|Maushold-Four, L50|100/100
|switch|p1b: Annihilape|Annihilape, L50, M|100/100
|switch|p2a: Paolo|Dragonite, L50, M|100/100
|switch|p2b: Olmo|Ursaluna, L50, F|100/100
|turn|1
|inactive|Battle timer is ON: inactive players will automatically lose when time's up. (requested by Cristante terabug)
|
|t:|1756851122
|-terastallize|p2b: Olmo|Ghost
|move|p1a: Maushold|Protect|p1a: Maushold
|-singleturn|p1a: Maushold|Protect
|move|p1b: Annihilape|Bulk Up|p1b: Annihilape
|-boost|p1b: Annihilape|atk|1
|-boost|p1b: Annihilape|def|1
|move|p2a: Paolo|Tailwind|p2a: Paolo
|-sidestart|p2: Cristante terabug|move: Tailwind
|move|p2b: Olmo|Earthquake|p1a: Maushold|[spread] p1b
|-activate|p1a: Maushold|move: Protect
|-immune|p2a: Paolo
|-damage|p1b: Annihilape|80/100
|
|-status|p2b: Olmo|brn|[from] item: Flame Orb
|upkeep
|turn|2
|
|t:|1756851146
|move|p1a: Maushold|Follow Me|p1a: Maushold
|-singleturn|p1a: Maushold|move: Follow Me
|move|p2a: Paolo|Haze|p2a: Paolo
|-clearallboost
|move|p2b: Olmo|Earthquake|p1b: Annihilape|[spread] p1a,p1b
|-immune|p2a: Paolo
|-damage|p1a: Maushold|5/100
|-damage|p1b: Annihilape|33/100
|-enditem|p1b: Annihilape|Sitrus Berry|[eat]
|-heal|p1b: Annihilape|58/100|[from] item: Sitrus Berry
|move|p1b: Annihilape|Rage Fist|p2b: Olmo
|-supereffective|p2b: Olmo
|-damage|p2b: Olmo|14/100 brn
|
|-damage|p2b: Olmo|8/100 brn|[from] brn
|upkeep
|turn|3
|
|t:|1756851163
|move|p1a: Maushold|Protect|p1a: Maushold
|-singleturn|p1a: Maushold|Protect
|move|p1b: Annihilape|Protect|p1b: Annihilape
|-singleturn|p1b: Annihilape|Protect
|move|p2a: Paolo|Scale Shot|p1b: Annihilape
|-activate|p1b: Annihilape|move: Protect
|move|p2b: Olmo|Earthquake|p1a: Maushold|[spread] 
|-activate|p1a: Maushold|move: Protect
|-activate|p1b: Annihilape|move: Protect
|-immune|p2a: Paolo
|
|-damage|p2b: Olmo|2/100 brn|[from] brn
|upkeep
|turn|4
|
|t:|1756851187
|switch|p1b: Dragonite|Dragonite, L50, M|100/100
|move|p1a: Maushold|Follow Me|p1a: Maushold
|-singleturn|p1a: Maushold|move: Follow Me
|move|p2a: Paolo|Scale Shot|p1a: Maushold
|-damage|p1a: Maushold|0 fnt
|faint|p1a: Maushold
|-hitcount|p1: Maushold|1
|-unboost|p2a: Paolo|def|1
|-boost|p2a: Paolo|spe|1
|move|p2b: Olmo|Headlong Rush|p1b: Dragonite
|-immune|p1b: Dragonite
|
|-damage|p2b: Olmo|0 fnt|[from] brn
|faint|p2b: Olmo
|-sideend|p2: Cristante terabug|move: Tailwind
|upkeep
|
|t:|1756851196
|switch|p1a: Annihilape|Annihilape, L50, M|58/100
|switch|p2b: Luca|Archaludon, L50, M|100/100
|turn|5
|
|t:|1756851220
|-terastallize|p1b: Dragonite|Fairy
|move|p1a: Annihilape|Protect|p1a: Annihilape
|-singleturn|p1a: Annihilape|Protect
|move|p2a: Paolo|Scale Shot|p1a: Annihilape
|-activate|p1a: Annihilape|move: Protect
|move|p1b: Dragonite|Tailwind|p1b: Dragonite
|-sidestart|p1: KudenaVGC|move: Tailwind
|move|p2b: Luca|Flash Cannon|p1b: Dragonite
|-supereffective|p1b: Dragonite
|-damage|p1b: Dragonite|61/100
|
|upkeep
|turn|6
|
|t:|1756851234
|switch|p2a: Silvano|Pelipper, L50, M, shiny|100/100
|-weather|RainDance|[from] ability: Drizzle|[of] p2a: Silvano
|move|p1a: Annihilape|Rage Fist|p2b: Luca
|-damage|p2b: Luca|61/100
|-ability|p2b: Luca|Stamina|boost
|-boost|p2b: Luca|def|1
|move|p1b: Dragonite|Scale Shot|p2a: Silvano|[miss]
|-miss|p1b: Dragonite|p2a: Silvano
|move|p2b: Luca|Electro Shot||[still]
|-prepare|p2b: Luca|Electro Shot
|-boost|p2b: Luca|spa|1
|-anim|p2b: Luca|Electro Shot|p1a: Annihilape
|-damage|p1a: Annihilape|8/100
|
|-weather|RainDance|[upkeep]
|upkeep
|turn|7
|inactive|Cristante terabug has 30 seconds left.
|
|t:|1756851265
|move|p1a: Annihilape|Rage Fist|p2b: Luca
|-damage|p2b: Luca|28/100
|-ability|p2b: Luca|Stamina|boost
|-boost|p2b: Luca|def|1
|move|p1b: Dragonite|Haze|p1b: Dragonite
|-clearallboost
|move|p2a: Silvano|Muddy Water|p1b: Dragonite|[spread] p1a,p1b
|-damage|p1a: Annihilape|0 fnt
|-damage|p1b: Dragonite|15/100
|faint|p1a: Annihilape
|move|p2b: Luca|Electro Shot||[still]
|-prepare|p2b: Luca|Electro Shot
|-boost|p2b: Luca|spa|1
|-anim|p2b: Luca|Electro Shot|p1b: Dragonite
|-damage|p1b: Dragonite|0 fnt
|faint|p1b: Dragonite
|
|-weather|RainDance|[upkeep]
|upkeep
|
|t:|1756851271
|switch|p1a: Ursaluna|Ursaluna-Bloodmoon, L50, M|100/100
|turn|8
|
|t:|1756851290
|move|p2a: Silvano|Protect|p2a: Silvano
|-singleturn|p2a: Silvano|Protect
|move|p1a: Ursaluna|Earth Power|p2b: Luca
|-supereffective|p2b: Luca
|-damage|p2b: Luca|0 fnt
|faint|p2b: Luca
|
|-weather|RainDance|[upkeep]
|-sideend|p1: KudenaVGC|move: Tailwind
|upkeep
|
|t:|1756851294
|switch|p2b: Paolo|Dragonite, L50, M|100/100
|turn|9
|
|t:|1756851301
|move|p2b: Paolo|Scale Shot|p1a: Ursaluna|[miss]
|-miss|p2b: Paolo|p1a: Ursaluna
|move|p2a: Silvano|Muddy Water|p1a: Ursaluna
|-supereffective|p1a: Ursaluna
|-damage|p1a: Ursaluna|25/100
|move|p1a: Ursaluna|Hyper Voice|p2a: Silvano|[spread] p2a,p2b
|-damage|p2a: Silvano|35/100
|-damage|p2b: Paolo|82/100
|
|-weather|RainDance|[upkeep]
|upkeep
|turn|10
|
|t:|1756851311
|move|p2b: Paolo|Scale Shot|p1a: Ursaluna
|-damage|p1a: Ursaluna|14/100
|-damage|p1a: Ursaluna|3/100
|-damage|p1a: Ursaluna|0 fnt
|faint|p1a: Ursaluna
|-hitcount|p1: Ursaluna|3
|
|win|Cristante terabug
|raw|KudenaVGC's rating: 1170 → 1152(-18 for losing)
|raw|Cristante terabug's rating: 1263 → 1281(+18 for winning)
|l|☆KudenaVGC
|player|p1|
