|j|☆AquamarineVGC
|j|☆Simone1799
|html|AquamarineVGCSimone1799    
|uhtml|bestof|Game 2 of a best-of-3
|t:|1784548020
|gametype|doubles
|player|p1|AquamarineVGC|unknown|1248
|player|p2|Simone1799|pokemaniac|1192
|gen|9
|tier|[Gen 9 Champions] VGC 2026 Reg M-B (Bo3)
|rated|
|rule|Species Clause: Limit one of each Pokémon
|rule|Item Clause: Limit 1 of each item
|clearpoke
|poke|p1|Pelipper, L50, M|
|poke|p1|Archaludon, L50, F|
|poke|p1|Staraptor, L50, M|
|poke|p1|Glimmora, L50, F|
|poke|p1|Clefable, L50, F|
|poke|p1|Grimmsnarl, L50, M|
|poke|p2|Golurk, L50|
|poke|p2|Farigiraf, L50, F|
|poke|p2|Cofagrigus, L50, F|
|poke|p2|Kangaskhan, L50, F|
|poke|p2|Torkoal, L50, F|
|poke|p2|Venusaur, L50, M|
|teampreview|4
|showteam|p1|Pelipper||QuickClaw|Drizzle|Hurricane,WeatherBall,Tailwind,WideGuard|Modest||M|||50|]Archaludon||Leftovers|Stamina|FlashCannon,DragonPulse,ElectroShot,Protect|Modest||F|||50|]Staraptor||Staraptite|Intimidate|BraveBird,CloseCombat,Roost,Protect|Adamant||M|||50|]Glimmora||Glimmoranite|ToxicDebris|PowerGem,SludgeBomb,AcidSpray,SpikyShield|Timid||F|||50|]Clefable||SitrusBerry|Unaware|Moonblast,FollowMe,LifeDew,Protect|Bold||F|||50|]Grimmsnarl||LightClay|Prankster|FoulPlay,Reflect,LightScreen,PartingShot|Calm||M|||50|
|showteam|p2|Golurk||Golurkite|IronFist|Protect,HeadlongRush,IcePunch,Poltergeist|Brave|||||50|]Farigiraf||SitrusBerry|ArmorTail|TwinBeam,TrickRoom,Roar,Thunderbolt|Calm||F|||50|]Cofagrigus||ColburBerry|Mummy|WillOWisp,TrickRoom,BodyPress,ShadowBall|Relaxed||F|||50|]Kangaskhan||SilkScarf|Scrappy|FakeOut,LastResort|Adamant||F|||50|]Torkoal||Charcoal|Drought|Eruption,Protect,EarthPower,WeatherBall|Quiet||F|||50|]Venusaur||Venusaurite|Chlorophyll|GigaDrain,SludgeBomb,SleepPowder,EarthPower|Modest||M|||50|
|inactive|Battle timer is ON: inactive players will automatically lose when time's up. (requested by Simone1799)
|
|t:|1784548032
|teamsize|p1|4
|teamsize|p2|4
|start
|switch|p1a: Grimmsnarl|Grimmsnarl, L50, M|100/100
|switch|p1b: Archaludon|Archaludon, L50, F|100/100
|switch|p2a: Cofagrigus|Cofagrigus, L50, F|100/100
|switch|p2b: Kangaskhan|Kangaskhan, L50, F|100/100
|turn|1
|
|t:|1784548049
|move|p1b: Archaludon|Protect|p1b: Archaludon
|-singleturn|p1b: Archaludon|Protect
|move|p2b: Kangaskhan|Fake Out|p1a: Grimmsnarl
|-damage|p1a: Grimmsnarl|74/100
|cant|p1a: Grimmsnarl|flinch
|move|p2a: Cofagrigus|Trick Room|p2a: Cofagrigus
|-fieldstart|move: Trick Room|[of] p2a: Cofagrigus
|
|upkeep
|turn|2
|
|t:|1784548063
|move|p1a: Grimmsnarl|Reflect|p1a: Grimmsnarl
|-sidestart|p1: AquamarineVGC|Reflect
|move|p2a: Cofagrigus|Will-O-Wisp|p1b: Archaludon
|-status|p1b: Archaludon|brn
|move|p2b: Kangaskhan|Last Resort|p1a: Grimmsnarl
|-damage|p1a: Grimmsnarl|11/100
|move|p1b: Archaludon|Electro Shot||[still]
|-prepare|p1b: Archaludon|Electro Shot
|-boost|p1b: Archaludon|spa|1
|
|-damage|p1b: Archaludon|93/100 brn|[from] brn
|upkeep
|turn|3
|
|t:|1784548083
|switch|p2a: Golurk|Golurk, L50|100/100
|move|p1a: Grimmsnarl|Light Screen|p1a: Grimmsnarl
|-sidestart|p1: AquamarineVGC|move: Light Screen
|move|p2b: Kangaskhan|Last Resort|p1a: Grimmsnarl
|-damage|p1a: Grimmsnarl|0 fnt
|faint|p1a: Grimmsnarl
|move|p1b: Archaludon|Electro Shot|p2b: Kangaskhan|[from] lockedmove
|-damage|p2b: Kangaskhan|38/100
|
|-heal|p1b: Archaludon|100/100 brn|[from] item: Leftovers
|-damage|p1b: Archaludon|93/100 brn|[from] brn
|upkeep
|
|t:|1784548095
|switch|p1a: Pelipper|Pelipper, L50, M|100/100
|-weather|RainDance|[from] ability: Drizzle|[of] p1a: Pelipper
|turn|4
|
|t:|1784548105
|switch|p1a: Glimmora|Glimmora, L50, F|100/100
|detailschange|p2a: Golurk|Golurk-Mega, L50
|-mega|p2a: Golurk|Golurk|Golurkite
|move|p2a: Golurk|Poltergeist|p1a: Glimmora
|-activate|p1a: Glimmora|move: Poltergeist|Glimmoranite
|-damage|p1a: Glimmora|42/100
|-activate|p1a: Glimmora|ability: Toxic Debris
|-sidestart|p2: Simone1799|move: Toxic Spikes
|move|p2b: Kangaskhan|Last Resort|p1a: Glimmora
|-resisted|p1a: Glimmora|1
|-damage|p1a: Glimmora|11/100
|-activate|p1a: Glimmora|ability: Toxic Debris
|-sidestart|p2: Simone1799|move: Toxic Spikes
|move|p1b: Archaludon|Electro Shot||[still]
|-prepare|p1b: Archaludon|Electro Shot
|-boost|p1b: Archaludon|spa|1
|-anim|p1b: Archaludon|Electro Shot|p2b: Kangaskhan
|-damage|p2b: Kangaskhan|0 fnt
|faint|p2b: Kangaskhan
|
|-weather|RainDance|[upkeep]
|-heal|p1b: Archaludon|100/100 brn|[from] item: Leftovers
|-damage|p1b: Archaludon|93/100 brn|[from] brn
|upkeep
|
|t:|1784548127
|switch|p2b: Cofagrigus|Cofagrigus, L50, F|100/100
|-status|p2b: Cofagrigus|tox
|turn|5
|
|t:|1784548134
|detailschange|p1a: Glimmora|Glimmora-Mega, L50, F
|-mega|p1a: Glimmora|Glimmora|Glimmoranite
|move|p1b: Archaludon|Protect|p1b: Archaludon
|-singleturn|p1b: Archaludon|Protect
|move|p1a: Glimmora|Spiky Shield|p1a: Glimmora
|-singleturn|p1a: Glimmora|move: Protect
|move|p2b: Cofagrigus|Body Press|p1a: Glimmora
|-activate|p1a: Glimmora|move: Protect
|-damage|p2b: Cofagrigus|87/100 tox|[from] Spiky Shield|[of] p1a: Glimmora
|move|p2a: Golurk|Headlong Rush|p1b: Archaludon
|-supereffective|p1b: Archaludon|1
|-ability|p2a: Golurk|Unseen Fist
|-zbroken|p1b: Archaludon
|-damage|p1b: Archaludon|75/100 brn
|-unboost|p2a: Golurk|def|1
|-unboost|p2a: Golurk|spd|1
|-ability|p1b: Archaludon|Stamina|boost
|-boost|p1b: Archaludon|def|1
|
|-weather|RainDance|[upkeep]
|-heal|p1b: Archaludon|81/100 brn|[from] item: Leftovers
|-damage|p2b: Cofagrigus|81/100 tox|[from] psn
|-damage|p1b: Archaludon|75/100 brn|[from] brn
|-fieldend|move: Trick Room
|upkeep
|turn|6
|
|t:|1784548157
|switch|p2a: Torkoal|Torkoal, L50, F|100/100
|-status|p2a: Torkoal|tox
|-weather|SunnyDay|[from] ability: Drought|[of] p2a: Torkoal
|move|p1a: Glimmora|Acid Spray|p2b: Cofagrigus
|-resisted|p2b: Cofagrigus|1
|-damage|p2b: Cofagrigus|66/100 tox
|-unboost|p2b: Cofagrigus|spd|2
|move|p1b: Archaludon|Dragon Pulse|p2b: Cofagrigus
|-damage|p2b: Cofagrigus|0 fnt
|faint|p2b: Cofagrigus
|
|-weather|SunnyDay|[upkeep]
|-heal|p1b: Archaludon|81/100 brn|[from] item: Leftovers
|-damage|p2a: Torkoal|93/100 tox|[from] psn
|-damage|p1b: Archaludon|75/100 brn|[from] brn
|upkeep
|
|t:|1784548169
|switch|p2b: Golurk|Golurk-Mega, L50|100/100
|-status|p2b: Golurk|tox
|turn|7
|
|t:|1784548183
|switch|p1a: Pelipper|Pelipper, L50, M|100/100
|-weather|RainDance|[from] ability: Drizzle|[of] p1a: Pelipper
|move|p1b: Archaludon|Electro Shot||[still]
|-prepare|p1b: Archaludon|Electro Shot
|-boost|p1b: Archaludon|spa|1
|-anim|p1b: Archaludon|Electro Shot|p2a: Torkoal
|-crit|p2a: Torkoal
|-damage|p2a: Torkoal|0 fnt
|faint|p2a: Torkoal
|move|p2b: Golurk|Headlong Rush|p1b: Archaludon
|-supereffective|p1b: Archaludon|1
|-damage|p1b: Archaludon|29/100 brn
|-unboost|p2b: Golurk|def|1
|-unboost|p2b: Golurk|spd|1
|-ability|p1b: Archaludon|Stamina|boost
|-boost|p1b: Archaludon|def|1
|
|-weather|RainDance|[upkeep]
|-heal|p1b: Archaludon|35/100 brn|[from] item: Leftovers
|-damage|p2b: Golurk|93/100 tox|[from] psn
|-damage|p1b: Archaludon|29/100 brn|[from] brn
|upkeep
|turn|8
|-message|Simone1799 forfeited.
|raw|AquamarineVGC's rating: 1248 → 1269(+21 for winning)
|raw|Simone1799's rating: 1192 → 1171(-21 for losing)
|
|win|AquamarineVGC
|l|☆Simone1799
|player|p2|
