|j|Ōśådepresionvgc
|j|ŌśåHuasometa
|html|depresionvgcHuasometa    
|uhtml|bestof|Game 3 of a best-of-3
|t:|1783746241
|gametype|doubles
|player|p1|depresionvgc|unknown|
|player|p2|Huasometa|elesa|
|gen|9
|tier|[Gen 9 Champions] VGC 2026 Reg M-B (Bo3)
|rule|Species Clause: Limit one of each Pok├®mon
|rule|Item Clause: Limit 1 of each item
|clearpoke
|poke|p1|Charizard, L50, M|
|poke|p1|Incineroar, L50, M|
|poke|p1|Aerodactyl, L50, M|
|poke|p1|Sylveon, L50, F|
|poke|p1|Farigiraf, L50, F|
|poke|p1|Garchomp, L50, M|
|poke|p2|Chandelure, L50, M|
|poke|p2|Kangaskhan, L50, F|
|poke|p2|Sylveon, L50, F|
|poke|p2|Kingambit, L50, M|
|poke|p2|Rotom-Wash, L50|
|poke|p2|Venusaur, L50, M|
|teampreview|4
|showteam|p1|Charizard||CharizarditeY|Blaze|WeatherBall,HeatWave,SolarBeam,Protect|Timid||M|||50|]Incineroar||Charcoal|Intimidate|FlareBlitz,DarkestLariat,PartingShot,FakeOut|Adamant||M|||50|]Aerodactyl||FocusSash|Unnerve|RockSlide,Tailwind,WideGuard,Protect|Jolly||M|||50|]Sylveon||FairyFeather|Pixilate|HyperVoice,QuickAttack,Yawn,Detect|Modest||F|||50|]Farigiraf||SitrusBerry|ArmorTail|Psychic,HelpingHand,TrickRoom,Protect|Sassy||F|||50|]Garchomp||LifeOrb|RoughSkin|DragonClaw,Earthquake,StompingTantrum,Protect|Jolly||M|||50|
|showteam|p2|Chandelure||FocusSash|FlashFire|HeatWave,ShadowBall,TrickRoom,Taunt|Quiet||M|||50|]Kangaskhan||Kangaskhanite|InnerFocus|FakeOut,DoubleEdge,SuckerPunch,HammerArm|Brave||F|||50|]Sylveon||FairyFeather|Pixilate|HyperVoice,Protect,HyperBeam,QuickAttack|Quiet||F|||50|]Kingambit||BlackGlasses|Defiant|KowtowCleave,SuckerPunch,IronHead,Protect|Brave||M|||50|]Rotom-Wash||SitrusBerry|Levitate|ThunderWave,VoltSwitch,HydroPump,Protect|Calm|||||50|]Venusaur||Venusaurite|Chlorophyll|EarthPower,SleepPowder,GigaDrain,Protect|Modest||M|||50|
|c|Ōśådepresionvgc|otra lead?
|l|ŌśåHuasometa
|player|p2|
|j|ŌśåHuasometa
|player|p2|Huasometa|elesa|
|c|ŌśåHuasometa|Ahora si
|c|ŌśåHuasometa|sorry
|c|ŌśåHuasometa|cualquier lead
|c|ŌśåHuasometa|La wea es ganar ahora
|c|Ōśådepresionvgc|wenooo
|
|t:|1783746337
|teamsize|p1|4
|teamsize|p2|4
|start
|switch|p1a: Farigiraf|Farigiraf, L50, F|100/100
|switch|p1b: Garchomp|Garchomp, L50, M|100/100
|switch|p2a: Chandelure|Chandelure, L50, M|100/100
|switch|p2b: Kangaskhan|Kangaskhan, L50, F|100/100
|turn|1
|
|t:|1783746379
|switch|p2a: Rotom|Rotom-Wash, L50|100/100
|detailschange|p2b: Kangaskhan|Kangaskhan-Mega, L50, F
|-mega|p2b: Kangaskhan|Kangaskhan|Kangaskhanite
|move|p1b: Garchomp|Stomping Tantrum|p2a: Rotom
|-immune|p2a: Rotom|[from] ability: Levitate
|move|p2b: Kangaskhan|Double-Edge|p1b: Garchomp
|-damage|p1b: Garchomp|30/100
|-damage|p2b: Kangaskhan|87/100|[from] ability: Rough Skin|[of] p1b: Garchomp
|-damage|p1b: Garchomp|15/100
|-damage|p2b: Kangaskhan|75/100|[from] ability: Rough Skin|[of] p1b: Garchomp
|-hitcount|p1b: Garchomp|2
|-damage|p2b: Kangaskhan|51/100|[from] Recoil
|move|p1a: Farigiraf|Psychic|p2a: Rotom
|-crit|p2a: Rotom
|-damage|p2a: Rotom|57/100
|
|upkeep
|turn|2
|
|t:|1783746439
|move|p1a: Farigiraf|Helping Hand|p1b: Garchomp
|-singleturn|p1b: Garchomp|Helping Hand|[of] p1a: Farigiraf
|move|p1b: Garchomp|Stomping Tantrum|p2b: Kangaskhan
|-damage|p2b: Kangaskhan|0 fnt
|faint|p2b: Kangaskhan
|-damage|p1b: Garchomp|5/100|[from] item: Life Orb
|move|p2a: Rotom|Hydro Pump|p1b: Garchomp|[miss]
|-miss|p2a: Rotom|p1b: Garchomp
|
|upkeep
|
|t:|1783746453
|switch|p2b: Kingambit|Kingambit, L50, M|100/100
|turn|3
|
|t:|1783746473
|move|p1b: Garchomp|Protect|p1b: Garchomp
|-singleturn|p1b: Garchomp|Protect
|move|p1a: Farigiraf|Protect|p1a: Farigiraf
|-singleturn|p1a: Farigiraf|Protect
|move|p2b: Kingambit|Protect|p2b: Kingambit
|-singleturn|p2b: Kingambit|Protect
|move|p2a: Rotom|Thunder Wave|p1a: Farigiraf
|-activate|p1a: Farigiraf|move: Protect
|
|upkeep
|turn|4
|
|t:|1783746485
|switch|p2b: Chandelure|Chandelure, L50, M|100/100
|move|p1a: Farigiraf|Helping Hand|p1b: Garchomp
|-singleturn|p1b: Garchomp|Helping Hand|[of] p1a: Farigiraf
|move|p1b: Garchomp|Stomping Tantrum|p2b: Chandelure
|-supereffective|p2b: Chandelure|1
|-enditem|p2b: Chandelure|Focus Sash
|-damage|p2b: Chandelure|1/100
|-damage|p1b: Garchomp|0 fnt|[from] item: Life Orb
|faint|p1b: Garchomp
|move|p2a: Rotom|Thunder Wave|p1a: Farigiraf
|-status|p1a: Farigiraf|par
|
|upkeep
|
|t:|1783746500
|switch|p1b: Charizard|Charizard, L50, M|100/100
|turn|5
|
|t:|1783746523
|switch|p2b: Kingambit|Kingambit, L50, M|100/100
|detailschange|p1b: Charizard|Charizard-Mega-Y, L50, M
|-mega|p1b: Charizard|Charizard|Charizardite Y
|-weather|SunnyDay|[from] ability: Drought|[of] p1b: Charizard
|move|p2a: Rotom|Protect|p2a: Rotom
|-singleturn|p2a: Rotom|Protect
|move|p1b: Charizard|Solar Beam||[still]
|-prepare|p1b: Charizard|Solar Beam
|-anim|p1b: Charizard|Solar Beam|p2a: Rotom
|-activate|p2a: Rotom|move: Protect
|move|p1a: Farigiraf|Psychic|p2b: Kingambit
|-immune|p2b: Kingambit
|
|-weather|SunnyDay|[upkeep]
|upkeep
|turn|6
|
|t:|1783746576
|switch|p2b: Chandelure|Chandelure, L50, M|1/100
|move|p1b: Charizard|Heat Wave|p2b: Chandelure|[spread] p2a
|-start|p2b: Chandelure|ability: Flash Fire
|-resisted|p2a: Rotom|1
|-damage|p2a: Rotom|33/100
|-enditem|p2a: Rotom|Sitrus Berry|[eat]
|-heal|p2a: Rotom|57/100|[from] item: Sitrus Berry
|move|p2a: Rotom|Thunder Wave|p1b: Charizard
|-status|p1b: Charizard|par
|cant|p1a: Farigiraf|par
|
|-weather|SunnyDay|[upkeep]
|upkeep
|turn|7
|
|t:|1783746597
|switch|p1b: Incineroar|Incineroar, L50, M|100/100
|-ability|p1b: Incineroar|Intimidate|boost
|-unboost|p2a: Rotom|atk|1
|-unboost|p2b: Chandelure|atk|1
|move|p2a: Rotom|Protect|p2a: Rotom
|-singleturn|p2a: Rotom|Protect
|move|p2b: Chandelure|Heat Wave|p1b: Incineroar|[spread] p1a,p1b
|-resisted|p1b: Incineroar|1
|-damage|p1a: Farigiraf|28/100 par
|-damage|p1b: Incineroar|52/100
|-enditem|p1a: Farigiraf|Sitrus Berry|[eat]
|-heal|p1a: Farigiraf|52/100 par|[from] item: Sitrus Berry
|move|p1a: Farigiraf|Trick Room|p1a: Farigiraf
|-fieldstart|move: Trick Room|[of] p1a: Farigiraf
|
|-weather|SunnyDay|[upkeep]
|upkeep
|turn|8
|
|t:|1783746623
|move|p1b: Incineroar|Fake Out|p2a: Rotom
|-damage|p2a: Rotom|43/100
|move|p1a: Farigiraf|Psychic|p2b: Chandelure
|-damage|p2b: Chandelure|0 fnt
|faint|p2b: Chandelure
|cant|p2a: Rotom|flinch
|
|-weather|SunnyDay|[upkeep]
|upkeep
|
|t:|1783746628
|switch|p2b: Kingambit|Kingambit, L50, M|100/100
|turn|9
|
|t:|1783746636
|move|p2b: Kingambit|Protect|p2b: Kingambit
|-singleturn|p2b: Kingambit|Protect
|cant|p1a: Farigiraf|par
|move|p1b: Incineroar|Flare Blitz|p2b: Kingambit
|-activate|p2b: Kingambit|move: Protect
|move|p2a: Rotom|Hydro Pump|p1b: Incineroar
|-supereffective|p1b: Incineroar|1
|-damage|p1b: Incineroar|17/100
|
|-weather|none
|upkeep
|turn|10
|
|t:|1783746649
|move|p1a: Farigiraf|Helping Hand|p1b: Incineroar
|-singleturn|p1b: Incineroar|Helping Hand|[of] p1a: Farigiraf
|move|p2b: Kingambit|Kowtow Cleave|p1b: Incineroar
|-resisted|p1b: Incineroar|1
|-damage|p1b: Incineroar|0 fnt
|faint|p1b: Incineroar
|move|p2a: Rotom|Volt Switch|p1a: Farigiraf
|-damage|p1a: Farigiraf|32/100 par
|
|upkeep
|
|t:|1783746659
|switch|p1b: Charizard|Charizard-Mega-Y, L50, M|100/100 par
|-weather|SunnyDay|[from] ability: Drought|[of] p1b: Charizard
|turn|11
|
|t:|1783746706
|move|p2a: Rotom|Protect|p2a: Rotom
|-singleturn|p2a: Rotom|Protect
|move|p1a: Farigiraf|Psychic|p2a: Rotom
|-activate|p2a: Rotom|move: Protect
|move|p2b: Kingambit|Kowtow Cleave|p1b: Charizard
|-damage|p1b: Charizard|12/100 par
|move|p1b: Charizard|Heat Wave|p2b: Kingambit|[spread] p2b
|-activate|p2a: Rotom|move: Protect
|-supereffective|p2b: Kingambit|1
|-damage|p2b: Kingambit|0 fnt
|faint|p2b: Kingambit
|
|-weather|SunnyDay|[upkeep]
|-fieldend|move: Trick Room
|upkeep
|turn|12
|
|t:|1783746731
|move|p2a: Rotom|Volt Switch|p1b: Charizard
|-supereffective|p1b: Charizard|1
|-damage|p1b: Charizard|0 fnt
|faint|p1b: Charizard
|move|p1a: Farigiraf|Psychic|p2a: Rotom
|-damage|p2a: Rotom|17/100
|
|-weather|SunnyDay|[upkeep]
|upkeep
|turn|13
|
|t:|1783746739
|move|p2a: Rotom|Volt Switch|p1a: Farigiraf
|-damage|p1a: Farigiraf|14/100 par
|move|p1a: Farigiraf|Psychic|p2a: Rotom
|-damage|p2a: Rotom|0 fnt
|faint|p2a: Rotom
|
|win|depresionvgc
|c|ŌśåHuasometa|Uff tremendo
|c|ŌśåHuasometa|menso match
|c|ŌśåHuasometa|jdkddkkdd
|c|Ōśådepresionvgc|te sirvio?
|c|ŌśåHuasometa|siiii
|c|Ōśådepresionvgc|ya, por dm te dejo algo que note
|c|ŌśåHuasometa|tengo q ponerle ojo a los turnos, pero vamos panalla
|l|ŌśåHuasometa
|player|p2|
