|j|☆cheesbuga
|j|☆2cake
|html|cheesbuga2cake    
|uhtml|bestof|Game 2 of a best-of-3
|t:|1757922458
|gametype|doubles
|player|p1|cheesbuga|pokemaniac|1110
|player|p2|2cake|266|1144
|gen|9
|tier|[Gen 9] VGC 2025 Reg H (Bo3)
|rated|
|rule|Species Clause: Limit one of each Pokémon
|rule|Item Clause: Limit 1 of each item
|clearpoke
|poke|p1|Ursaluna-Bloodmoon, L50, M|
|poke|p1|Incineroar, L50, F|
|poke|p1|Rillaboom, L50, M|
|poke|p1|Farigiraf, L50, F|
|poke|p1|Sneasler, L50, F|
|poke|p1|Volcarona, L50, M|
|poke|p2|Clefable, L50, F|
|poke|p2|Sneasler, L50, F|
|poke|p2|Rillaboom, L50, F|
|poke|p2|Dragapult, L50, F|
|poke|p2|Volcarona, L50, F|
|poke|p2|Kingambit, L50, F|
|teampreview|4
|showteam|p1|Ursaluna-Bloodmoon||LifeOrb|MindsEye|HyperVoice,BloodMoon,EarthPower,Protect|||M|||50|,,,,,Normal]Incineroar||SafetyGoggles|Intimidate|FakeOut,FlareBlitz,KnockOff,PartingShot|||F|||50|,,,,,Ghost]Rillaboom||AssaultVest|GrassySurge|Uturn,WoodHammer,GrassyGlide,FakeOut|||M|||50|,,,,,Fire]Farigiraf||ThroatSpray|ArmorTail|HyperVoice,Protect,Psychic,TrickRoom|||F|||50|,,,,,Fairy]Sneasler||FocusSash|Unburden|CloseCombat,Protect,FakeOut,ThroatChop|||F|||50|,,,,,Dark]Volcarona||CovertCloak|FlameBody|HeatWave,Protect,StruggleBug,QuiverDance|||M|||50|,,,,,Water
|showteam|p2|Clefable||SafetyGoggles|Unaware|Moonblast,FollowMe,SkillSwap,Protect|||F|||50|,,,,,Water]Sneasler||FocusSash|PoisonTouch|DireClaw,CloseCombat,FakeOut,Protect|||F|||50|,,,,,Stellar]Rillaboom||AssaultVest|GrassySurge|WoodHammer,GrassyGlide,HighHorsepower,FakeOut|||F|||50|,,,,,Fire]Dragapult||ChoiceBand|ClearBody|DragonDarts,PhantomForce,Outrage,Uturn|||F|||50|,,,,,Dragon]Volcarona||GrassySeed|FlameBody|HeatWave,GigaDrain,QuiverDance,Protect|||F|||50|,,,,,Grass]Kingambit||BlackGlasses|Defiant|KowtowCleave,SuckerPunch,SwordsDance,Protect|||F|||50|,,,,,Dark
|
|t:|1757922503
|teamsize|p1|4
|teamsize|p2|4
|start
|switch|p1a: Farigiraf|Farigiraf, L50, F|100/100
|switch|p1b: Sneasler|Sneasler, L50, F|100/100
|switch|p2a: nuh uh|Kingambit, L50, F, shiny|100/100
|switch|p2b: Chonky|Volcarona, L50, F, shiny|100/100
|turn|1
|
|t:|1757922530
|move|p1b: Sneasler|Close Combat|p2a: nuh uh
|-supereffective|p2a: nuh uh
|-damage|p2a: nuh uh|0 fnt
|-unboost|p1b: Sneasler|def|1
|-unboost|p1b: Sneasler|spd|1
|faint|p2a: nuh uh
|move|p2b: Chonky|Quiver Dance|p2b: Chonky
|-boost|p2b: Chonky|spa|1
|-boost|p2b: Chonky|spd|1
|-boost|p2b: Chonky|spe|1
|move|p1a: Farigiraf|Trick Room|p1a: Farigiraf
|-fieldstart|move: Trick Room|[of] p1a: Farigiraf
|
|upkeep
|
|t:|1757922581
|switch|p2a: Sponge|Clefable, L50, F, shiny|100/100
|turn|2
|
|t:|1757922600
|switch|p1b: Incineroar|Incineroar, L50, F|100/100
|-ability|p1b: Incineroar|Intimidate|boost
|-unboost|p2a: Sponge|atk|1
|-unboost|p2b: Chonky|atk|1
|move|p1a: Farigiraf|Hyper Voice|p2a: Sponge|[spread] p2a,p2b
|-damage|p2a: Sponge|77/100
|-damage|p2b: Chonky|82/100
|-enditem|p1a: Farigiraf|Throat Spray
|-boost|p1a: Farigiraf|spa|1|[from] item: Throat Spray
|move|p2a: Sponge|Moonblast|p1a: Farigiraf
|-damage|p1a: Farigiraf|71/100
|move|p2b: Chonky|Quiver Dance|p2b: Chonky
|-boost|p2b: Chonky|spa|1
|-boost|p2b: Chonky|spd|1
|-boost|p2b: Chonky|spe|1
|
|upkeep
|turn|3
|
|t:|1757922652
|switch|p2a: Adriii|Rillaboom, L50, F|100/100
|-fieldstart|move: Grassy Terrain|[from] ability: Grassy Surge|[of] p2a: Adriii
|-enditem|p2b: Chonky|Grassy Seed
|-boost|p2b: Chonky|def|1|[from] item: Grassy Seed
|move|p1a: Farigiraf|Hyper Voice|p2a: Adriii|[spread] p2a,p2b
|-damage|p2a: Adriii|66/100
|-damage|p2b: Chonky|62/100
|move|p1b: Incineroar|Parting Shot|p2a: Adriii
|-unboost|p2a: Adriii|atk|1
|-unboost|p2a: Adriii|spa|1
|
|t:|1757922662
|switch|p1b: Sneasler|Sneasler, L50, F|100/100|[from] Parting Shot
|move|p2b: Chonky|Giga Drain|p1a: Farigiraf
|-damage|p1a: Farigiraf|16/100
|-heal|p2b: Chonky|93/100|[from] drain|[of] p1a: Farigiraf
|
|-heal|p1a: Farigiraf|22/100|[from] Grassy Terrain
|-heal|p2a: Adriii|72/100|[from] Grassy Terrain
|-heal|p2b: Chonky|99/100|[from] Grassy Terrain
|upkeep
|turn|4
|
|t:|1757922690
|move|p1a: Farigiraf|Hyper Voice|p2a: Adriii|[spread] p2a,p2b
|-damage|p2a: Adriii|39/100
|-damage|p2b: Chonky|77/100
|move|p2a: Adriii|High Horsepower|p1b: Sneasler
|-supereffective|p1b: Sneasler
|-damage|p1b: Sneasler|25/100
|move|p1b: Sneasler|Throat Chop|p2b: Chonky
|-damage|p2b: Chonky|57/100
|-start|p2b: Chonky|Throat Chop|[silent]
|move|p2b: Chonky|Heat Wave|p1a: Farigiraf|[spread] p1a,p1b
|-damage|p1a: Farigiraf|0 fnt
|-damage|p1b: Sneasler|0 fnt
|faint|p1a: Farigiraf
|faint|p1b: Sneasler
|
|-heal|p2a: Adriii|45/100|[from] Grassy Terrain
|-heal|p2b: Chonky|64/100|[from] Grassy Terrain
|upkeep
|
|t:|1757922704
|switch|p1a: Incineroar|Incineroar, L50, F|100/100
|switch|p1b: Ursaluna|Ursaluna-Bloodmoon, L50, M|100/100
|-ability|p1a: Incineroar|Intimidate|boost
|-unboost|p2a: Adriii|atk|1
|-unboost|p2b: Chonky|atk|1
|turn|5
|
|t:|1757922716
|switch|p2a: Sponge|Clefable, L50, F, shiny|77/100
|-terastallize|p1b: Ursaluna|Normal
|move|p2b: Chonky|Protect|p2b: Chonky
|-singleturn|p2b: Chonky|Protect
|move|p1b: Ursaluna|Hyper Voice|p2b: Chonky|[spread] p2a
|-activate|p2b: Chonky|move: Protect
|-damage|p2a: Sponge|20/100
|-damage|p1b: Ursaluna|91/100|[from] item: Life Orb
|move|p1a: Incineroar|Flare Blitz|p2a: Sponge
|-damage|p2a: Sponge|0 fnt
|faint|p2a: Sponge
|-damage|p1a: Incineroar|94/100|[from] Recoil
|
|-heal|p1b: Ursaluna|97/100|[from] Grassy Terrain
|-heal|p1a: Incineroar|99/100|[from] Grassy Terrain
|-heal|p2b: Chonky|70/100|[from] Grassy Terrain
|-end|p2b: Chonky|Throat Chop|[silent]
|-fieldend|move: Trick Room
|upkeep
|
|t:|1757922730
|switch|p2a: Adriii|Rillaboom, L50, F|45/100
|turn|6
|
|t:|1757922757
|move|p2a: Adriii|Fake Out|p1a: Incineroar
|-damage|p1a: Incineroar|90/100
|move|p2b: Chonky|Heat Wave|p1b: Ursaluna|[spread] p1a,p1b
|-resisted|p1a: Incineroar
|-damage|p1a: Incineroar|59/100
|-damage|p1b: Ursaluna|21/100
|cant|p1a: Incineroar|flinch
|move|p1b: Ursaluna|Blood Moon|p2b: Chonky
|-damage|p2b: Chonky|6/100
|-damage|p1b: Ursaluna|11/100|[from] item: Life Orb
|
|-heal|p2b: Chonky|12/100|[from] Grassy Terrain
|-heal|p2a: Adriii|52/100|[from] Grassy Terrain
|-heal|p1a: Incineroar|65/100|[from] Grassy Terrain
|-heal|p1b: Ursaluna|17/100|[from] Grassy Terrain
|upkeep
|turn|7
|
|t:|1757922798
|move|p1b: Ursaluna|Protect|p1b: Ursaluna
|-singleturn|p1b: Ursaluna|Protect
|move|p2b: Chonky|Heat Wave|p1a: Incineroar|[spread] p1a
|-activate|p1b: Ursaluna|move: Protect
|-resisted|p1a: Incineroar
|-damage|p1a: Incineroar|33/100
|move|p2a: Adriii|High Horsepower|p1a: Incineroar
|-supereffective|p1a: Incineroar
|-damage|p1a: Incineroar|0 fnt
|faint|p1a: Incineroar
|
|-heal|p2b: Chonky|19/100|[from] Grassy Terrain
|-heal|p2a: Adriii|58/100|[from] Grassy Terrain
|-heal|p1b: Ursaluna|24/100|[from] Grassy Terrain
|-fieldend|move: Grassy Terrain
|upkeep
|turn|8
|
|t:|1757922812
|move|p2b: Chonky|Giga Drain|p1b: Ursaluna
|-damage|p1b: Ursaluna|0 fnt
|-heal|p2b: Chonky|31/100|[from] drain|[of] p1b: Ursaluna
|faint|p1b: Ursaluna
|
|win|2cake
||cheesbuga is ready for game 3.
||2cake is ready for game 3.
|uhtml|next|Next: Game 3 of 3
|l|☆2cake
|player|p2|
