|j|☆MarkTheMarker
|j|☆kheld
|html|MarkTheMarkerkheld    
|uhtml|bestof|Game 3 of a best-of-3
|t:|1784837902
|gametype|doubles
|player|p1|MarkTheMarker|wallace|1362
|player|p2|kheld|101|1407
|gen|9
|tier|[Gen 9 Champions] VGC 2026 Reg M-B (Bo3)
|rated|
|rule|Species Clause: Limit one of each Pokémon
|rule|Item Clause: Limit 1 of each item
|clearpoke
|poke|p1|Grimmsnarl, L50, M|
|poke|p1|Archaludon, L50, M|
|poke|p1|Pelipper, L50, M|
|poke|p1|Venusaur, L50, M|
|poke|p1|Gholdengo, L50|
|poke|p1|Staraptor, L50, M|
|poke|p2|Meowstic, L50, M|
|poke|p2|Farigiraf, L50, F|
|poke|p2|Kingambit, L50, F|
|poke|p2|Camerupt, L50, F|
|poke|p2|Staraptor, L50, M|
|poke|p2|Gardevoir, L50, F|
|teampreview|4
|showteam|p1|Grimmsnarl||LightClay|Prankster|SpiritBreak,PartingShot,LightScreen,Reflect|Careful||M|||50|]Archaludon||Leftovers|Stamina|DragonPulse,FlashCannon,ElectroShot,Protect|Calm||M|||50|]Pelipper||SitrusBerry|Drizzle|Hurricane,WeatherBall,WideGuard,Tailwind|Modest||M|||50|]Venusaur||Venusaurite|Chlorophyll|GigaDrain,SludgeBomb,EarthPower,Protect|Modest||M|||50|]Gholdengo||LifeOrb|GoodasGold|MakeItRain,ShadowBall,NastyPlot,Protect|Modest|||||50|]Staraptor||Staraptite|Intimidate|CloseCombat,BraveBird,Roost,Protect|Jolly||M|||50|
|showteam|p2|Meowstic||FocusSash|Prankster|PsychicTerrain,ExpandingForce,FakeOut,TrickRoom|Quiet||M|||50|]Farigiraf||LifeOrb|ArmorTail|ExpandingForce,TrickRoom,Protect,Thunderbolt|Quiet||F|||50|]Kingambit||BlackGlasses|Defiant|KowtowCleave,IronHead,SwordsDance,SuckerPunch|Brave||F|||50|]Camerupt||Cameruptite|SolidRock|HeatWave,EarthPower,Protect,AncientPower|Quiet||F|||50|]Staraptor||ChoiceScarf|Reckless|FinalGambit,BraveBird,CloseCombat,DualWingbeat|Jolly||M|||50|]Gardevoir||Gardevoirite|Telepathy|ExpandingForce,HyperVoice,TrickRoom,Protect|Quiet||F|||50|
|inactive|Battle timer is ON: inactive players will automatically lose when time's up. (requested by MarkTheMarker)
|
|t:|1784837920
|teamsize|p1|4
|teamsize|p2|4
|start
|switch|p1a: Pelipper|Pelipper, L50, M|100/100
|switch|p1b: Archaludon|Archaludon, L50, M|100/100
|switch|p2a: Farigiraf|Farigiraf, L50, F|100/100
|switch|p2b: Staraptor|Staraptor, L50, M|100/100
|-weather|RainDance|[from] ability: Drizzle|[of] p1a: Pelipper
|turn|1
|inactive|MarkTheMarker has 30 seconds left.
|
|t:|1784837954
|switch|p2b: Camerupt|Camerupt, L50, F|100/100
|switch|p1a: Grimmsnarl|Grimmsnarl, L50, M|100/100
|move|p1b: Archaludon|Electro Shot||[still]
|-prepare|p1b: Archaludon|Electro Shot
|-boost|p1b: Archaludon|spa|1
|-anim|p1b: Archaludon|Electro Shot|p2a: Farigiraf
|-damage|p2a: Farigiraf|39/100
|move|p2a: Farigiraf|Trick Room|p2a: Farigiraf
|-fieldstart|move: Trick Room|[of] p2a: Farigiraf
|
|-weather|RainDance|[upkeep]
|upkeep
|turn|2
|inactive|MarkTheMarker has 30 seconds left.
|inactive|kheld has 30 seconds left.
|
|t:|1784837984
|switch|p2a: Kingambit|Kingambit, L50, F|100/100
|detailschange|p2b: Camerupt|Camerupt-Mega, L50, F
|-mega|p2b: Camerupt|Camerupt|Cameruptite
|move|p1a: Grimmsnarl|Light Screen|p1a: Grimmsnarl
|-sidestart|p1: MarkTheMarker|move: Light Screen
|move|p2b: Camerupt|Earth Power|p1a: Grimmsnarl
|-damage|p1a: Grimmsnarl|55/100
|move|p1b: Archaludon|Dragon Pulse|p2b: Camerupt
|-damage|p2b: Camerupt|50/100g
|
|-weather|RainDance|[upkeep]
|upkeep
|turn|3
|inactive|MarkTheMarker has 30 seconds left.
|inactive|MarkTheMarker has 20 seconds left.
|inactive|MarkTheMarker has 15 seconds left.
|
|t:|1784838027
|switch|p2b: Farigiraf|Farigiraf, L50, F|39/100
|move|p1b: Archaludon|Protect|p1b: Archaludon
|-singleturn|p1b: Archaludon|Protect
|move|p1a: Grimmsnarl|Reflect|p1a: Grimmsnarl
|-sidestart|p1: MarkTheMarker|Reflect
|move|p2a: Kingambit|Iron Head|p1a: Grimmsnarl
|-supereffective|p1a: Grimmsnarl|1
|-damage|p1a: Grimmsnarl|0 fnt
|faint|p1a: Grimmsnarl
|
|-weather|RainDance|[upkeep]
|upkeep
|
|t:|1784838030
|switch|p1a: Venusaur|Venusaur, L50, M|100/100
|turn|4
|
|t:|1784838040
|detailschange|p1a: Venusaur|Venusaur-Mega, L50, M
|-mega|p1a: Venusaur|Venusaur|Venusaurite
|move|p2a: Kingambit|Swords Dance|p2a: Kingambit
|-boost|p2a: Kingambit|atk|2
|move|p2b: Farigiraf|Expanding Force|p1a: Venusaur
|-supereffective|p1a: Venusaur|1
|-damage|p1a: Venusaur|38/100
|-damage|p2b: Farigiraf|29/100|[from] item: Life Orb
|move|p1b: Archaludon|Electro Shot||[still]
|-prepare|p1b: Archaludon|Electro Shot
|-boost|p1b: Archaludon|spa|1
|-anim|p1b: Archaludon|Electro Shot|p2b: Farigiraf
|-damage|p2b: Farigiraf|0 fnt
|faint|p2b: Farigiraf
|move|p1a: Venusaur|Earth Power|p2a: Kingambit
|-supereffective|p2a: Kingambit|1
|-damage|p2a: Kingambit|40/100
|
|-weather|RainDance|[upkeep]
|upkeep
|
|t:|1784838048
|switch|p2b: Camerupt|Camerupt-Mega, L50, F|50/100g
|turn|5
|inactive|MarkTheMarker has 30 seconds left.
|inactive|kheld has 30 seconds left.
|
|t:|1784838080
|switch|p2b: Staraptor|Staraptor, L50, M|100/100
|move|p2a: Kingambit|Kowtow Cleave|p1a: Venusaur
|-damage|p1a: Venusaur|0 fnt
|faint|p1a: Venusaur
|move|p1b: Archaludon|Electro Shot||[still]
|-prepare|p1b: Archaludon|Electro Shot
|-boost|p1b: Archaludon|spa|1
|-anim|p1b: Archaludon|Electro Shot|p2a: Kingambit
|-damage|p2a: Kingambit|0 fnt
|faint|p2a: Kingambit
|
|-weather|none
|-fieldend|move: Trick Room
|upkeep
|
|t:|1784838089
|switch|p1a: Pelipper|Pelipper, L50, M|100/100
|switch|p2a: Camerupt|Camerupt-Mega, L50, F|50/100g
|-weather|RainDance|[from] ability: Drizzle|[of] p1a: Pelipper
|turn|6
|inactive|kheld has 30 seconds left.
|
|t:|1784838117
|move|p2b: Staraptor|Final Gambit|p1a: Pelipper
|-damage|p1a: Pelipper|0 fnt
|faint|p2b: Staraptor
|faint|p1a: Pelipper
|move|p1b: Archaludon|Dragon Pulse|p2a: Camerupt
|-damage|p2a: Camerupt|0 fnt
|faint|p2a: Camerupt
|
|win|MarkTheMarker
|raw|MarkTheMarker's rating: 1362 → 1385(+23 for winning)
|raw|kheld's rating: 1407 → 1384(-23 for losing)
|l|☆MarkTheMarker
|player|p1|
|j|☆MarkTheMarker
|player|p1|MarkTheMarker|wallace|
