|j|☆EXITOR D
|j|☆Balls1000
|html|EXITOR DBalls1000    
|uhtml|bestof|Game 1 of a best-of-3
|t:|1782498890
|gametype|doubles
|player|p1|EXITOR D|101|1045
|player|p2|Balls1000|hiker-gen4|1040
|gen|9
|tier|[Gen 9 Champions] VGC 2026 Reg M-B (Bo3)
|rated|
|rule|Species Clause: Limit one of each Pokémon
|rule|Item Clause: Limit 1 of each item
|clearpoke
|poke|p1|Swampert, L50, M|
|poke|p1|Pelipper, L50, F|
|poke|p1|Sinistcha, L50|
|poke|p1|Grimmsnarl, L50, M|
|poke|p1|Archaludon, L50, M|
|poke|p1|Arcanine, L50, M|
|poke|p2|Pyroar, L50, M|
|poke|p2|Torkoal, L50, M|
|poke|p2|Aerodactyl, L50, M|
|poke|p2|Venusaur, L50, M, shiny|
|poke|p2|Garchomp, L50, M, shiny|
|poke|p2|Basculegion, L50, M|
|teampreview|4
|showteam|p1|Swampert||Swampertite|Damp|Earthquake,WaveCrash,Protect,FlipTurn|Adamant||M|||50|]Pelipper||FocusSash|Drizzle|Hurricane,Protect,Tailwind,WeatherBall|Modest||F|||50|]Sinistcha||SitrusBerry|Hospitality|MatchaGotcha,Protect,RagePowder,Scald|Calm|||||50|]Grimmsnarl||LightClay|Prankster|FakeOut,PartingShot,Taunt,LightScreen|Serious||M|||50|]Archaludon||Leftovers|Stamina|ElectroShot,DracoMeteor,FlashCannon,Protect|Calm||M|||50|]Arcanine||ChoiceScarf|Intimidate|CloseCombat,FlareBlitz,ExtremeSpeed,PlayRough|Adamant||M|||50|
|showteam|p2|Pyroar||Pyroarite|Unnerve|Overheat,HyperVoice,Protect,Substitute|Timid||M|||50|]Torkoal||SitrusBerry|Drought|HelpingHand,Overheat,Protect,WillOWisp|Calm||M|||50|]Aerodactyl||Aerodactylite|RockHead|Tailwind,RockSlide,DualWingbeat,Protect|Jolly||M|||50|]Venusaur||WideLens|Chlorophyll|SleepPowder,SludgeBomb,LeafStorm,Protect|Timid||M|||50|]Garchomp||ChoiceScarf|SandVeil|Earthquake,DragonClaw,RockSlide,StompingTantrum|Adamant||M|||50|]Basculegion||LifeOrb|Adaptability|AquaJet,LastRespects,WaveCrash,Protect|Jolly||M|||50|
|inactive|Battle timer is ON: inactive players will automatically lose when time's up. (requested by Balls1000)
|inactive|EXITOR D has 60 seconds left.
|
|t:|1782498947
|teamsize|p1|4
|teamsize|p2|4
|start
|switch|p1a: Pelipper|Pelipper, L50, F|100/100
|switch|p1b: Archaludon|Archaludon, L50, M|100/100
|switch|p2a: Aerodactyl|Aerodactyl, L50, M|100/100
|switch|p2b: Venusaur|Venusaur, L50, M, shiny|100/100
|-weather|RainDance|[from] ability: Drizzle|[of] p1a: Pelipper
|turn|1
|inactive|EXITOR D has 30 seconds left.
|inactive|EXITOR D has 20 seconds left.
|
|t:|1782498985
|move|p2a: Aerodactyl|Protect|p2a: Aerodactyl
|-singleturn|p2a: Aerodactyl|Protect
|move|p2b: Venusaur|Sleep Powder|p1b: Archaludon
|-status|p1b: Archaludon|slp|[from] move: Sleep Powder
|move|p1a: Pelipper|Weather Ball|p2b: Venusaur
|-resisted|p2b: Venusaur|1
|-damage|p2b: Venusaur|57/100
|cant|p1b: Archaludon|slp
|
|-weather|RainDance|[upkeep]
|upkeep
|turn|2
|inactive|EXITOR D has 30 seconds left.
|inactive|EXITOR D has 20 seconds left.
|inactive|EXITOR D has 15 seconds left.
|inactive|EXITOR D has 10 seconds left.
|inactive|EXITOR D has 5 seconds left.
|
|t:|1782499039
|detailschange|p2a: Aerodactyl|Aerodactyl-Mega, L50, M
|-mega|p2a: Aerodactyl|Aerodactyl|Aerodactylite
|move|p2a: Aerodactyl|Rock Slide|p1a: Pelipper|[spread] p1a,p1b
|-supereffective|p1a: Pelipper|1
|-resisted|p1b: Archaludon|1
|-damage|p1a: Pelipper|24/100
|-damage|p1b: Archaludon|89/100 slp
|-ability|p1b: Archaludon|Stamina|boost
|-boost|p1b: Archaludon|def|1
|move|p2b: Venusaur|Sludge Bomb|p1a: Pelipper
|-damage|p1a: Pelipper|0 fnt
|faint|p1a: Pelipper
|-curestatus|p1b: Archaludon|slp|[msg]
|cant|p1b: Archaludon|flinch
|
|-weather|RainDance|[upkeep]
|-heal|p1b: Archaludon|95/100|[from] item: Leftovers
|upkeep
|
|t:|1782499054
|switch|p1a: Biggie|Swampert, L50, M|100/100
|turn|3
|
|t:|1782499076
|detailschange|p1a: Biggie|Swampert-Mega, L50, M
|-mega|p1a: Biggie|Swampert|Swampertite
|move|p2a: Aerodactyl|Tailwind|p2a: Aerodactyl
|-sidestart|p2: Balls1000|move: Tailwind
|move|p2b: Venusaur|Sleep Powder|p1b: Archaludon
|-status|p1b: Archaludon|slp|[from] move: Sleep Powder
|move|p1a: Biggie|Flip Turn|p2a: Aerodactyl
|-supereffective|p2a: Aerodactyl|1
|-damage|p2a: Aerodactyl|0 fnt
|faint|p2a: Aerodactyl
|
|t:|1782499086
|switch|p1a: Grimmsnarl|Grimmsnarl, L50, M|100/100|[from] Flip Turn
|cant|p1b: Archaludon|slp
|
|-weather|RainDance|[upkeep]
|-heal|p1b: Archaludon|100/100 slp|[from] item: Leftovers
|upkeep
|
|t:|1782499094
|switch|p2a: Basculegion|Basculegion, L50, M|100/100
|turn|4
|inactive|Balls1000 has 30 seconds left.
|
|t:|1782499119
|move|p2b: Venusaur|Protect|p2b: Venusaur
|-singleturn|p2b: Venusaur|Protect
|move|p1a: Grimmsnarl|Fake Out|p2a: Basculegion
|-immune|p2a: Basculegion
|move|p2a: Basculegion|Wave Crash|p1a: Grimmsnarl
|-damage|p1a: Grimmsnarl|0 fnt
|faint|p1a: Grimmsnarl
|-damage|p2a: Basculegion|65/100|[from] Recoil
|-damage|p2a: Basculegion|56/100|[from] item: Life Orb
|cant|p1b: Archaludon|slp
|
|-weather|RainDance|[upkeep]
|upkeep
|
|t:|1782499132
|switch|p1a: Biggie|Swampert-Mega, L50, M|100/100
|turn|5
|
|t:|1782499157
|move|p2b: Venusaur|Leaf Storm|p1a: Biggie
|-supereffective|p1a: Biggie|2
|-damage|p1a: Biggie|0 fnt
|-unboost|p2b: Venusaur|spa|2
|faint|p1a: Biggie
|move|p2a: Basculegion|Last Respects|p1b: Archaludon
|-damage|p1b: Archaludon|60/100 slp
|-ability|p1b: Archaludon|Stamina|boost
|-boost|p1b: Archaludon|def|1
|-damage|p2a: Basculegion|46/100|[from] item: Life Orb
|-curestatus|p1b: Archaludon|slp|[msg]
|move|p1b: Archaludon|Electro Shot||[still]
|-prepare|p1b: Archaludon|Electro Shot
|-boost|p1b: Archaludon|spa|1
|-anim|p1b: Archaludon|Electro Shot|p2b: Venusaur
|-resisted|p2b: Venusaur|1
|-damage|p2b: Venusaur|26/100
|
|-weather|none
|-heal|p1b: Archaludon|66/100|[from] item: Leftovers
|upkeep
|turn|6
|inactive|Balls1000 has 30 seconds left.
|
|t:|1782499187
|move|p1b: Archaludon|Protect|p1b: Archaludon
|-singleturn|p1b: Archaludon|Protect
|move|p2b: Venusaur|Sleep Powder|p1b: Archaludon
|-activate|p1b: Archaludon|move: Protect
|move|p2a: Basculegion|Last Respects|p1b: Archaludon
|-activate|p1b: Archaludon|move: Protect
|
|-heal|p1b: Archaludon|72/100|[from] item: Leftovers
|-sideend|p2: Balls1000|move: Tailwind
|upkeep
|turn|7
|
|t:|1782499203
|move|p2b: Venusaur|Sleep Powder|p1b: Archaludon
|-status|p1b: Archaludon|slp|[from] move: Sleep Powder
|move|p2a: Basculegion|Last Respects|p1b: Archaludon
|-damage|p1b: Archaludon|39/100 slp
|-ability|p1b: Archaludon|Stamina|boost
|-boost|p1b: Archaludon|def|1
|-damage|p2a: Basculegion|37/100|[from] item: Life Orb
|cant|p1b: Archaludon|slp
|
|-heal|p1b: Archaludon|45/100 slp|[from] item: Leftovers
|upkeep
|turn|8
|
|t:|1782499215
|cant|p1b: Archaludon|slp
|move|p2b: Venusaur|Leaf Storm|p1b: Archaludon
|-resisted|p1b: Archaludon|2
|-damage|p1b: Archaludon|39/100 slp
|-unboost|p2b: Venusaur|spa|2
|-ability|p1b: Archaludon|Stamina|boost
|-boost|p1b: Archaludon|def|1
|move|p2a: Basculegion|Last Respects|p1b: Archaludon
|-damage|p1b: Archaludon|17/100 slp
|-ability|p1b: Archaludon|Stamina|boost
|-boost|p1b: Archaludon|def|1
|-damage|p2a: Basculegion|27/100|[from] item: Life Orb
|
|-heal|p1b: Archaludon|23/100 slp|[from] item: Leftovers
|upkeep
|turn|9
|
|t:|1782499230
|-curestatus|p1b: Archaludon|slp|[msg]
|move|p1b: Archaludon|Protect|p1b: Archaludon
|-singleturn|p1b: Archaludon|Protect
|move|p2b: Venusaur|Leaf Storm|p1b: Archaludon
|-activate|p1b: Archaludon|move: Protect
|move|p2a: Basculegion|Last Respects|p1b: Archaludon
|-activate|p1b: Archaludon|move: Protect
|
|-heal|p1b: Archaludon|29/100|[from] item: Leftovers
|upkeep
|turn|10
|
|t:|1782499242
|move|p2b: Venusaur|Sleep Powder|p1b: Archaludon|[miss]
|-miss|p2b: Venusaur|p1b: Archaludon
|move|p2a: Basculegion|Last Respects|p1b: Archaludon
|-damage|p1b: Archaludon|12/100
|-ability|p1b: Archaludon|Stamina|boost
|-boost|p1b: Archaludon|def|1
|-damage|p2a: Basculegion|17/100|[from] item: Life Orb
|move|p1b: Archaludon|Flash Cannon|p2a: Basculegion
|-resisted|p2a: Basculegion|1
|-damage|p2a: Basculegion|0 fnt
|faint|p2a: Basculegion
|
|-heal|p1b: Archaludon|18/100|[from] item: Leftovers
|upkeep
|
|t:|1782499254
|switch|p2a: Garchomp|Garchomp, L50, M, shiny|100/100
|turn|11
|
|t:|1782499269
|move|p1b: Archaludon|Protect|p1b: Archaludon
|-singleturn|p1b: Archaludon|Protect
|move|p2a: Garchomp|Stomping Tantrum|p1b: Archaludon
|-activate|p1b: Archaludon|move: Protect
|move|p2b: Venusaur|Sleep Powder|p1b: Archaludon
|-activate|p1b: Archaludon|move: Protect
|
|-heal|p1b: Archaludon|24/100|[from] item: Leftovers
|upkeep
|turn|12
|inactive|EXITOR D has 30 seconds left.
|
|t:|1782499294
|move|p2a: Garchomp|Stomping Tantrum|p1b: Archaludon
|-supereffective|p1b: Archaludon|1
|-damage|p1b: Archaludon|8/100
|move|p2b: Venusaur|Sleep Powder|p1b: Archaludon|[miss]
|-miss|p2b: Venusaur|p1b: Archaludon
|move|p1b: Archaludon|Draco Meteor|p2a: Garchomp
|-supereffective|p2a: Garchomp|1
|-damage|p2a: Garchomp|0 fnt
|-unboost|p1b: Archaludon|spa|2
|faint|p2a: Garchomp
|
|-heal|p1b: Archaludon|14/100|[from] item: Leftovers
|upkeep
|turn|13
|c|☆Balls1000|damn i actually lost thats ridicuolus
|c|☆Balls1000|2 wide lens misses
|inactive|Balls1000 has 30 seconds left.
|c|☆Balls1000|so fucking stupid
|
|t:|1782499323
|move|p1b: Archaludon|Protect|p1b: Archaludon
|-singleturn|p1b: Archaludon|Protect
|move|p2b: Venusaur|Sleep Powder|p1b: Archaludon
|-activate|p1b: Archaludon|move: Protect
|
|-heal|p1b: Archaludon|20/100y|[from] item: Leftovers
|upkeep
|turn|14
|
|t:|1782499332
|move|p2b: Venusaur|Sleep Powder|p1b: Archaludon
|-status|p1b: Archaludon|slp|[from] move: Sleep Powder
|cant|p1b: Archaludon|slp
|
|-heal|p1b: Archaludon|26/100 slp|[from] item: Leftovers
|upkeep
|turn|15
|
|t:|1782499339
|move|p2b: Venusaur|Leaf Storm|p1b: Archaludon
|-resisted|p1b: Archaludon|2
|-damage|p1b: Archaludon|22/100 slp
|-unboost|p2b: Venusaur|spa|2
|cant|p1b: Archaludon|slp
|
|-heal|p1b: Archaludon|28/100 slp|[from] item: Leftovers
|upkeep
|turn|16
|
|t:|1782499348
|move|p2b: Venusaur|Leaf Storm|p1b: Archaludon
|-resisted|p1b: Archaludon|2
|-damage|p1b: Archaludon|25/100 slp
|-curestatus|p1b: Archaludon|slp|[msg]
|move|p1b: Archaludon|Flash Cannon|p2b: Venusaur
|-damage|p2b: Venusaur|0 fnt
|faint|p2b: Venusaur
|
|win|EXITOR D
