|j|鈽唖koomanus
|j|鈽唗oobionest
|html|skoomanustoobionest    
|uhtml|bestof|Game 2 of a best-of-3
|t:|1783877247
|gametype|doubles
|player|p1|skoomanus|1|
|player|p2|toobionest|102|
|gen|9
|tier|[Gen 9 Champions] VGC 2026 Reg M-B (Bo3)
|rule|Species Clause: Limit one of each Pok茅mon
|rule|Item Clause: Limit 1 of each item
|clearpoke
|poke|p1|Gholdengo, L50|
|poke|p1|Whimsicott, L50, M|
|poke|p1|Pikachu, L50, F|
|poke|p1|Sinistcha, L50|
|poke|p1|Swampert, L50, F|
|poke|p1|Archaludon, L50, F|
|poke|p2|Clefable, L50, M|
|poke|p2|Scovillain, L50, F|
|poke|p2|Garchomp, L50, F|
|poke|p2|Blastoise, L50, F|
|poke|p2|Goodra-Hisui, L50, M|
|poke|p2|Pelipper, L50, F|
|teampreview|4
|showteam|p1|Gholdengo||LifeOrb|GoodasGold|MakeItRain,ShadowBall,DazzlingGleam,Protect|Modest|||||50|]Whimsicott||FocusSash|Prankster|Tailwind,FakeTears,Moonblast,HelpingHand|Timid||M|||50|]Pikachu||LightBall|LightningRod|Thunderbolt,Surf,FakeOut,Protect|Timid||F|||50|]Sinistcha||SitrusBerry|Hospitality|MatchaGotcha,RagePowder,LifeDew,TrickRoom|Bold|||||50|]Swampert||Swampertite|Torrent|WaveCrash,HighHorsepower,IcePunch,Protect|Adamant||F|||50|]Archaludon||Leftovers|Stamina|FlashCannon,DracoMeteor,Snarl,Protect|Modest||F|||50|
|showteam|p2|Clefable||BabiriBerry|Unaware|FollowMe,Moonlight,DazzlingGleam,Encore|Bold||M|||50|]Scovillain||Scovillainite|Chlorophyll|FlareBlitz,Crunch,Protect,RagePowder|Relaxed||F|||50|]Garchomp||DragonFang|SandVeil|Protect,RockSlide,StompingTantrum,ScaleShot|Adamant||F|||50|]Blastoise||Blastoisinite|Torrent|Surf,ShellSmash,AuraSphere,DarkPulse|Timid||F|||50|]Goodra-Hisui||WhiteHerb|Gooey|Protect,FlashCannon,DracoMeteor,Surf|Modest||M|||50|]Pelipper||BrightPowder|Drizzle|Surf,HydroPump,Hurricane,Protect|Modest||F|||50|
|
|t:|1783877342
|teamsize|p1|4
|teamsize|p2|4
|start
|switch|p1a: Gholdengo|Gholdengo, L50|100/100
|switch|p1b: Pikachu|Pikachu, L50, F|100/100
|switch|p2a: Clefable|Clefable, L50, M|100/100
|switch|p2b: Blastoise|Blastoise, L50, F|100/100
|turn|1
|
|t:|1783877371
|detailschange|p2b: Blastoise|Blastoise-Mega, L50, F
|-mega|p2b: Blastoise|Blastoise|Blastoisinite
|move|p1b: Pikachu|Fake Out|p2a: Clefable
|-damage|p2a: Clefable|90/100
|cant|p2a: Clefable|flinch
|move|p2b: Blastoise|Shell Smash|p2b: Blastoise
|-unboost|p2b: Blastoise|def|1
|-unboost|p2b: Blastoise|spd|1
|-boost|p2b: Blastoise|atk|2
|-boost|p2b: Blastoise|spa|2
|-boost|p2b: Blastoise|spe|2
|move|p1a: Gholdengo|Shadow Ball|p2b: Blastoise
|-damage|p2b: Blastoise|10/100
|-damage|p1a: Gholdengo|90/100|[from] item: Life Orb
|
|upkeep
|turn|2
|c|鈽唗oobionest|that was close wasnt it
|
|t:|1783877411
|switch|p1b: Sinistcha|Sinistcha, L50|100/100
|-heal|p1a: Gholdengo|100/100|[from] ability: Hospitality|[of] p1b: Sinistcha
|switch|p2a: Pelipper|Pelipper, L50, F|100/100
|-weather|RainDance|[from] ability: Drizzle|[of] p2a: Pelipper
|move|p1a: Gholdengo|Protect|p1a: Gholdengo
|-singleturn|p1a: Gholdengo|Protect
|move|p2b: Blastoise|Surf|p1a: Gholdengo|[spread] p2a,p1b
|-activate|p1a: Gholdengo|move: Protect
|-resisted|p2a: Pelipper|1
|-resisted|p1b: Sinistcha|1
|-damage|p2a: Pelipper|28/100
|-damage|p1b: Sinistcha|37/100
|-enditem|p1b: Sinistcha|Sitrus Berry|[eat]
|-heal|p1b: Sinistcha|62/100|[from] item: Sitrus Berry
|
|-weather|RainDance|[upkeep]
|upkeep
|turn|3
|c|鈽唖koomanus|this is my ace :(
|
|t:|1783877519
|move|p2a: Pelipper|Protect|p2a: Pelipper
|-singleturn|p2a: Pelipper|Protect
|move|p2b: Blastoise|Surf|p1b: Sinistcha|[spread] p1a,p1b
|-activate|p2a: Pelipper|move: Protect
|-resisted|p1b: Sinistcha|1
|-damage|p1a: Gholdengo|0 fnt
|-damage|p1b: Sinistcha|7/100
|faint|p1a: Gholdengo
|move|p1b: Sinistcha|Trick Room|p1b: Sinistcha
|-fieldstart|move: Trick Room|[of] p1b: Sinistcha
|
|-weather|RainDance|[upkeep]
|upkeep
|
|t:|1783877543
|switch|p1a: Pikachu|Pikachu, L50, F|100/100
|turn|4
|
|t:|1783877582
|move|p1a: Pikachu|Fake Out|p2b: Blastoise
|-damage|p2b: Blastoise|0 fnt
|faint|p2b: Blastoise
|move|p1b: Sinistcha|Rage Powder|p1b: Sinistcha
|-singleturn|p1b: Sinistcha|move: Rage Powder
|move|p2a: Pelipper|Surf|p1b: Sinistcha|[spread] p1a,p1b
|-resisted|p1b: Sinistcha|1
|-damage|p1a: Pikachu|0 fnt
|-damage|p1b: Sinistcha|0 fnt
|faint|p1a: Pikachu
|faint|p1b: Sinistcha
|
|-weather|RainDance|[upkeep]
|upkeep
|c|鈽唗oobionest|BOMBOCLAAT
|c|鈽唖koomanus|everyone has surf damn
|c|鈽唖koomanus|lucky
|
|t:|1783877610
|switch|p2b: Goodra|Goodra-Hisui, L50, M|100/100
|switch|p1a: Whimsicott|Whimsicott, L50, M|100/100
|turn|5
|
|t:|1783877629
|move|p1a: Whimsicott|Fake Tears|p2b: Goodra
|-unboost|p2b: Goodra|spd|2
|-enditem|p2b: Goodra|White Herb
|-clearnegativeboost|p2b: Goodra|[silent]
|move|p2b: Goodra|Flash Cannon|p1a: Whimsicott
|-supereffective|p1a: Whimsicott|1
|-enditem|p1a: Whimsicott|Focus Sash
|-damage|p1a: Whimsicott|1/100
|move|p2a: Pelipper|Hurricane|p1a: Whimsicott
|-supereffective|p1a: Whimsicott|1
|-damage|p1a: Whimsicott|0 fnt
|faint|p1a: Whimsicott
|
|win|toobionest
|c|鈽唖koomanus|im gonna go eat
|l|鈽唖koomanus
|player|p1|
|n|鈽唗oobionest|toobionest
