|j|☆phyloren22395
|j|☆starlight74
|html|phyloren22395starlight74    
|uhtml|bestof|Game 1 of a best-of-3
|t:|1784002857
|gametype|doubles
|player|p1|phyloren22395|swimmer-gen4dp|1188
|player|p2|starlight74|anabel-gen7|1313
|gen|9
|tier|[Gen 9 Champions] VGC 2026 Reg M-B (Bo3)
|rated|
|rule|Species Clause: Limit one of each Pokémon
|rule|Item Clause: Limit 1 of each item
|clearpoke
|poke|p1|Delphox, L50, M, shiny|
|poke|p1|Blastoise, L50, M, shiny|
|poke|p1|Incineroar, L50, M, shiny|
|poke|p1|Sneasler, L50, F, shiny|
|poke|p1|Sinistcha, L50|
|poke|p1|Kingambit, L50, F, shiny|
|poke|p2|Charizard, L50, F, shiny|
|poke|p2|Pelipper, L50, F|
|poke|p2|Archaludon, L50, F|
|poke|p2|Basculegion, L50, M|
|poke|p2|Grimmsnarl, L50, M, shiny|
|poke|p2|Annihilape, L50, F|
|teampreview|4
|showteam|p1|Delphox||Delphoxite|Blaze|HeatWave,Psyshock,NastyPlot,Protect|Modest||M|||50|]Blastoise||Blastoisinite|RainDish|WaterSpout,DarkPulse,ShellSmash,Protect|Modest||M|||50|]Incineroar||SitrusBerry|Intimidate|FlareBlitz,PartingShot,HelpingHand,FakeOut|Careful||M|||50|]Sneasler||FocusSash|PoisonTouch|CloseCombat,PoisonJab,FakeOut,QuickGuard|Jolly||F|||50|]Sinistcha||KasibBerry|Hospitality|RagePowder,MatchaGotcha,TrickRoom,Protect|Bold|||||50|]Kingambit||LifeOrb|Defiant|KowtowCleave,SuckerPunch,SwordsDance,Protect|Adamant||F|||50|
|showteam|p2|Charizard||CharizarditeY|Blaze|HeatWave,WeatherBall,SolarBeam,Protect|Modest||F|||50|]Pelipper||SitrusBerry|Drizzle|Hurricane,WeatherBall,Tailwind,WideGuard|Modest||F|||50|]Archaludon||Leftovers|Stamina|ElectroShot,DragonPulse,FlashCannon,Protect|Modest||F|||50|]Basculegion||ChoiceScarf|Adaptability|FlipTurn,WaveCrash,AquaJet,LastRespects|Jolly||M|||50|]Grimmsnarl||LightClay|Prankster|SpiritBreak,Reflect,LightScreen,PartingShot|Sassy||M|||50|]Annihilape||FocusSash|Defiant|CloseCombat,PhantomForce,RockTomb,Taunt|Jolly||F|||50|
|inactive|Battle timer is ON: inactive players will automatically lose when time's up. (requested by starlight74)
|inactive|phyloren22395 has 60 seconds left.
|inactive|phyloren22395 has 30 seconds left.
|inactive|phyloren22395 has 20 seconds left.
|inactive|phyloren22395 has 15 seconds left.
|inactive|phyloren22395 has 10 seconds left.
|
|t:|1784002939
|teamsize|p1|4
|teamsize|p2|4
|start
|switch|p1a: Blastoise|Blastoise, L50, M, shiny|100/100
|switch|p1b: Sneasler|Sneasler, L50, F, shiny|100/100
|switch|p2a: Annihilape|Annihilape, L50, F|100/100
|switch|p2b: Charizard|Charizard, L50, F, shiny|100/100
|turn|1
|
|t:|1784002960
|detailschange|p2b: Charizard|Charizard-Mega-Y, L50, F, shiny
|-mega|p2b: Charizard|Charizard|Charizardite Y
|-weather|SunnyDay|[from] ability: Drought|[of] p2b: Charizard
|detailschange|p1a: Blastoise|Blastoise-Mega, L50, M, shiny
|-mega|p1a: Blastoise|Blastoise|Blastoisinite
|move|p2b: Charizard|Protect|p2b: Charizard
|-singleturn|p2b: Charizard|Protect
|move|p1b: Sneasler|Fake Out|p2b: Charizard
|-activate|p2b: Charizard|move: Protect
|move|p2a: Annihilape|Close Combat|p1a: Blastoise
|-damage|p1a: Blastoise|42/100
|-unboost|p2a: Annihilape|def|1
|-unboost|p2a: Annihilape|spd|1
|move|p1a: Blastoise|Shell Smash|p1a: Blastoise
|-unboost|p1a: Blastoise|def|1
|-unboost|p1a: Blastoise|spd|1
|-boost|p1a: Blastoise|atk|2
|-boost|p1a: Blastoise|spa|2
|-boost|p1a: Blastoise|spe|2
|
|-weather|SunnyDay|[upkeep]
|upkeep
|turn|2
|
|t:|1784002984
|switch|p2b: Basculegion|Basculegion, L50, M|100/100
|move|p1a: Blastoise|Dark Pulse|p2b: Basculegion
|-supereffective|p2b: Basculegion|1
|-damage|p2b: Basculegion|0 fnt
|faint|p2b: Basculegion
|move|p1b: Sneasler|Poison Jab|p2a: Annihilape
|-resisted|p2a: Annihilape|1
|-damage|p2a: Annihilape|62/100
|-status|p2a: Annihilape|psn
|move|p2a: Annihilape|Close Combat|p1a: Blastoise
|-damage|p1a: Blastoise|0 fnt
|-unboost|p2a: Annihilape|def|1
|-unboost|p2a: Annihilape|spd|1
|faint|p1a: Blastoise
|
|-weather|SunnyDay|[upkeep]
|-damage|p2a: Annihilape|49/100 psn|[from] psn
|upkeep
|
|t:|1784002999
|switch|p2b: Charizard|Charizard-Mega-Y, L50, F, shiny|100/100
|switch|p1a: Kingambit|Kingambit, L50, F, shiny|100/100
|turn|3
|inactive|phyloren22395 has 30 seconds left.
|
|t:|1784003032
|move|p2b: Charizard|Protect|p2b: Charizard
|-singleturn|p2b: Charizard|Protect
|move|p1a: Kingambit|Sucker Punch||[still]
|-fail|p1a: Kingambit
|move|p1b: Sneasler|Poison Jab|p2b: Charizard
|-activate|p2b: Charizard|move: Protect
|move|p2a: Annihilape|Rock Tomb|p1b: Sneasler
|-resisted|p1b: Sneasler|1
|-damage|p1b: Sneasler|82/100
|-unboost|p1b: Sneasler|spe|1
|
|-weather|SunnyDay|[upkeep]
|-damage|p2a: Annihilape|37/100 psn|[from] psn
|upkeep
|turn|4
|inactive|phyloren22395 has 30 seconds left.
|
|t:|1784003060
|switch|p1b: Sinistcha|Sinistcha, L50|100/100
|move|p1a: Kingambit|Sucker Punch|p2b: Charizard
|-damage|p2b: Charizard|47/100
|-damage|p1a: Kingambit|90/100|[from] item: Life Orb
|move|p2a: Annihilape|Close Combat|p1b: Sinistcha
|-immune|p1b: Sinistcha
|move|p2b: Charizard|Heat Wave|p1b: Sinistcha|[spread] p1a,p1b
|-supereffective|p1a: Kingambit|1
|-supereffective|p1b: Sinistcha|1
|-damage|p1a: Kingambit|0 fnt
|-damage|p1b: Sinistcha|0 fnt
|faint|p1a: Kingambit
|faint|p1b: Sinistcha
|
|-weather|SunnyDay|[upkeep]
|-damage|p2a: Annihilape|25/100 psn|[from] psn
|upkeep
|
|t:|1784003062
|switch|p1b: Sneasler|Sneasler, L50, F, shiny|82/100
|turn|5
|
|t:|1784003074
|switch|p2a: Pelipper|Pelipper, L50, F|100/100
|-weather|RainDance|[from] ability: Drizzle|[of] p2a: Pelipper
|move|p1b: Sneasler|Poison Jab|p2a: Pelipper
|-damage|p2a: Pelipper|56/100
|-status|p2a: Pelipper|psn|[from] ability: Poison Touch|[of] p1b: Sneasler
|move|p2b: Charizard|Weather Ball|p1b: Sneasler
|-damage|p1b: Sneasler|0 fnt
|faint|p1b: Sneasler
|
|win|starlight74
