|j|☆detoxfilms
|j|☆Zacharykeith
|html|detoxfilmsZacharykeith    
|uhtml|bestof|Game 1 of a best-of-3
|t:|1757708975
|gametype|doubles
|player|p1|detoxfilms|clerk|1183
|player|p2|Zacharykeith|fisherman-gen4|1147
|gen|9
|tier|[Gen 9] VGC 2025 Reg H (Bo3)
|rated|
|rule|Species Clause: Limit one of each Pokémon
|rule|Item Clause: Limit 1 of each item
|clearpoke
|poke|p1|Primarina, L50, F|
|poke|p1|Gothitelle, L50, F|
|poke|p1|Lapras, L50, M|
|poke|p1|Dragapult, L50, F|
|poke|p1|Incineroar, L50, F|
|poke|p1|Weezing, L50, M|
|poke|p2|Zoroark-Hisui, L50, M|
|poke|p2|Kingambit, L50, M|
|poke|p2|Sneasler, L50, F|
|poke|p2|Rillaboom, L50, M|
|poke|p2|Primarina, L50, M|
|poke|p2|Electabuzz, L50, F|
|teampreview|4
|showteam|p1|Primarina||CovertCloak|LiquidVoice|Protect,HyperVoice,PerishSong,Encore|||F|||50|,,,,,Dark]Gothitelle||SitrusBerry|ShadowTag|Protect,FakeOut,Psychic,TrickRoom|||F|||50|,,,,,Dark]Lapras||Leftovers|WaterAbsorb|Protect,MuddyWater,DragonCheer,PerishSong|||M|||50|,,,,,Grass]Dragapult||ChoiceBand|ClearBody|DragonDarts,TeraBlast,PhantomForce,Uturn|||F|||50|,,,,,Ghost]Incineroar||SafetyGoggles|Intimidate|FakeOut,FlareBlitz,PartingShot,Protect|||F|||50|,,,,,Bug]Weezing||AirBalloon|NeutralizingGas|Protect,SludgeBomb,Taunt,WillOWisp|||M|||50|,,,,,Dark
|showteam|p2|Zoroark-Hisui||FocusSash|Illusion|HyperVoice,ShadowBall,WillOWisp,Protect|||M|||50|,,,,,Normal]Kingambit||BlackGlasses|Defiant|SuckerPunch,KowtowCleave,SwordsDance,Protect|||M|||50|,,,,,Dark]Sneasler||WhiteHerb|Unburden|DireClaw,CloseCombat,Coaching,Protect|||F|||50|,,,,,Stellar]Rillaboom||AssaultVest|GrassySurge|FakeOut,GrassyGlide,WoodHammer,Uturn|||M|||50|,,,,,Fire]Primarina||ThroatSpray|LiquidVoice|HyperVoice,Moonblast,Haze,Protect|||M|||50|,,,,,Poison]Electabuzz||Eviolite|VitalSpirit|Electroweb,Taunt,FollowMe,Protect|||F|||50|,,,,,Ghost
|
|t:|1757709002
|teamsize|p1|4
|teamsize|p2|4
|start
|switch|p1a: Dragapult|Dragapult, L50, F|100/100
|switch|p1b: Primarina|Primarina, L50, F|100/100
|switch|p2a: Kingambit|Kingambit, L50, M|100/100
|switch|p2b: Electabuzz|Electabuzz, L50, F|100/100
|turn|1
|inactive|Battle timer is ON: inactive players will automatically lose when time's up. (requested by Zacharykeith)
|
|t:|1757709025
|switch|p1b: Incineroar|Incineroar, L50, F|100/100
|-ability|p1b: Incineroar|Intimidate|boost
|-unboost|p2a: Kingambit|atk|1
|-unboost|p2b: Electabuzz|atk|1
|move|p1a: Dragapult|U-turn|p2b: Electabuzz
|-damage|p2b: Electabuzz|74/100
|
|t:|1757709043
|switch|p1a: Primarina|Primarina, L50, F|100/100|[from] U-turn
|move|p2a: Kingambit|Shadow Ball|p1a: Primarina
|-damage|p1a: Primarina|73/100
|move|p2b: Electabuzz|Electroweb|p1a: Primarina|[spread] p1a,p1b
|-supereffective|p1a: Primarina
|-damage|p1a: Primarina|56/100
|-damage|p1b: Incineroar|87/100
|-unboost|p1b: Incineroar|spe|1
|
|upkeep
|turn|2
|inactive|Zacharykeith has 30 seconds left.
|
|t:|1757709078
|move|p2a: Kingambit|Hyper Voice|p1b: Incineroar|[spread] p1a,p1b
|-damage|p1a: Primarina|34/100
|-damage|p1b: Incineroar|54/100
|move|p2b: Electabuzz|Electroweb|p1a: Primarina|[spread] p1b
|-miss|p2b: Electabuzz|p1a: Primarina
|-damage|p1b: Incineroar|42/100
|-unboost|p1b: Incineroar|spe|1
|move|p1a: Primarina|Perish Song|p1a: Primarina
|-start|p1a: Primarina|perish3|[silent]
|-start|p1b: Incineroar|perish3|[silent]
|-start|p2a: Kingambit|perish3|[silent]
|-start|p2b: Electabuzz|perish3|[silent]
|-fieldactivate|move: Perish Song
|move|p1b: Incineroar|Parting Shot|p2b: Electabuzz
|-unboost|p2b: Electabuzz|atk|1
|-unboost|p2b: Electabuzz|spa|1
|
|t:|1757709089
|switch|p1b: Dragapult|Dragapult, L50, F|100/100|[from] Parting Shot
|
|-start|p2a: Kingambit|perish3
|-start|p2b: Electabuzz|perish3
|-start|p1a: Primarina|perish3
|upkeep
|turn|3
|
|t:|1757709102
|switch|p1a: Gothitelle|Gothitelle, L50, F|100/100
|move|p1b: Dragapult|U-turn|p2a: Kingambit
|-resisted|p2a: Kingambit
|-damage|p2a: Kingambit|68/100
|replace|p2a: Zoroark|Zoroark-Hisui, L50, M
|-end|p2a: Zoroark|Illusion
|
|t:|1757709108
|switch|p1b: Incineroar|Incineroar, L50, F|42/100|[from] U-turn
|-ability|p1b: Incineroar|Intimidate|boost
|-unboost|p2a: Zoroark|atk|1
|-unboost|p2b: Electabuzz|atk|1
|move|p2a: Zoroark|Shadow Ball|p1b: Incineroar
|-resisted|p1b: Incineroar
|-damage|p1b: Incineroar|21/100
|-unboost|p1b: Incineroar|spd|1
|move|p2b: Electabuzz|Electroweb|p1b: Incineroar|[spread] p1a,p1b
|-damage|p1a: Gothitelle|94/100
|-damage|p1b: Incineroar|7/100
|-unboost|p1a: Gothitelle|spe|1
|-unboost|p1b: Incineroar|spe|1
|
|-start|p2a: Zoroark|perish2
|-start|p2b: Electabuzz|perish2
|upkeep
|turn|4
|inactive|Zacharykeith has 30 seconds left.
|
|t:|1757709135
|-terastallize|p1a: Gothitelle|Dark
|move|p1a: Gothitelle|Fake Out|p2b: Electabuzz
|-damage|p2b: Electabuzz|68/100
|move|p2a: Zoroark|Hyper Voice|p1a: Gothitelle|[spread] p1a,p1b
|-damage|p1a: Gothitelle|69/100
|-damage|p1b: Incineroar|0 fnt
|faint|p1b: Incineroar
|cant|p2b: Electabuzz|flinch
|
|-start|p2a: Zoroark|perish1
|-start|p2b: Electabuzz|perish1
|upkeep
|
|t:|1757709143
|switch|p1b: Dragapult|Dragapult, L50, F|100/100
|turn|5
|
|t:|1757709161
|switch|p1a: Primarina|Primarina, L50, F|34/100
|move|p2b: Electabuzz|Follow Me|p2b: Electabuzz
|-singleturn|p2b: Electabuzz|move: Follow Me
|move|p1b: Dragapult|U-turn|p2b: Electabuzz
|-damage|p2b: Electabuzz|43/100
|
|t:|1757709167
|switch|p1b: Gothitelle|Gothitelle, L50, F, tera:Dark|69/100|[from] U-turn
|move|p2a: Zoroark|Shadow Ball|p1b: Gothitelle
|-resisted|p1b: Gothitelle
|-damage|p1b: Gothitelle|54/100
|
|-start|p2a: Zoroark|perish0
|-start|p2b: Electabuzz|perish0
|upkeep
|faint|p2a: Zoroark
|faint|p2b: Electabuzz
|
|t:|1757709177
|switch|p2a: Sneasler|Sneasler, L50, F|100/100
|switch|p2b: Kingambit|Kingambit, L50, M|100/100
|turn|6
|inactive|Zacharykeith has 30 seconds left.
|inactive|Zacharykeith has 20 seconds left.
|
|t:|1757709216
|-terastallize|p2b: Kingambit|Dark
|move|p1b: Gothitelle|Fake Out|p2a: Sneasler
|-damage|p2a: Sneasler|90/100
|move|p2b: Kingambit|Sucker Punch||[still]
|-fail|p2b: Kingambit
|cant|p2a: Sneasler|flinch
|move|p1a: Primarina|Perish Song|p1a: Primarina
|-start|p1a: Primarina|perish3|[silent]
|-start|p1b: Gothitelle|perish3|[silent]
|-start|p2a: Sneasler|perish3|[silent]
|-start|p2b: Kingambit|perish3|[silent]
|-fieldactivate|move: Perish Song
|
|-start|p2a: Sneasler|perish3
|-start|p1a: Primarina|perish3
|-start|p2b: Kingambit|perish3
|-start|p1b: Gothitelle|perish3
|upkeep
|turn|7
|
|t:|1757709230
|move|p1a: Primarina|Protect|p1a: Primarina
|-singleturn|p1a: Primarina|Protect
|move|p1b: Gothitelle|Protect|p1b: Gothitelle
|-singleturn|p1b: Gothitelle|Protect
|move|p2b: Kingambit|Sucker Punch||[still]
|-fail|p2b: Kingambit
|move|p2a: Sneasler|Close Combat|p1b: Gothitelle
|-activate|p1b: Gothitelle|move: Protect
|
|-start|p2a: Sneasler|perish2
|-start|p1a: Primarina|perish2
|-start|p2b: Kingambit|perish2
|-start|p1b: Gothitelle|perish2
|upkeep
|turn|8
|
|t:|1757709246
|switch|p1a: Dragapult|Dragapult, L50, F|100/100
|move|p2a: Sneasler|Close Combat|p1b: Gothitelle
|-supereffective|p1b: Gothitelle
|-damage|p1b: Gothitelle|0 fnt
|-unboost|p2a: Sneasler|def|1
|-unboost|p2a: Sneasler|spd|1
|faint|p1b: Gothitelle
|-enditem|p2a: Sneasler|White Herb
|-clearnegativeboost|p2a: Sneasler|[silent]
|move|p2b: Kingambit|Kowtow Cleave|p1a: Dragapult
|-supereffective|p1a: Dragapult
|-damage|p1a: Dragapult|0 fnt
|faint|p1a: Dragapult
|
|-start|p2a: Sneasler|perish1
|-start|p2b: Kingambit|perish1
|upkeep
|
|t:|1757709256
|switch|p1b: Primarina|Primarina, L50, F|34/100
|turn|9
|
|t:|1757709264
|move|p1b: Primarina|Protect|p1b: Primarina
|-singleturn|p1b: Primarina|Protect
|move|p2a: Sneasler|Close Combat|p1b: Primarina
|-activate|p1b: Primarina|move: Protect
|move|p2b: Kingambit|Kowtow Cleave|p1b: Primarina
|-activate|p1b: Primarina|move: Protect
|
|-start|p2a: Sneasler|perish0
|-start|p2b: Kingambit|perish0
|faint|p2a: Sneasler
|faint|p2b: Kingambit
|
|win|detoxfilms
