|j|☆Noyomi
|j|☆gio0314
|html|Noyomigio0314    
|uhtml|bestof|Game 2 of a best-of-3
|t:|1785026925
|gametype|doubles
|player|p1|Noyomi|pokemonrangerf|
|player|p2|gio0314|170|
|gen|9
|tier|[Gen 9 Champions] VGC 2026 Reg M-B (Bo3)
|rule|Species Clause: Limit one of each Pokémon
|rule|Item Clause: Limit 1 of each item
|clearpoke
|poke|p1|Charizard, L50, M|
|poke|p1|Garchomp, L50, M|
|poke|p1|Sneasler, L50, F|
|poke|p1|Venusaur, L50, M|
|poke|p1|Milotic, L50, F|
|poke|p1|Ampharos, L50, F|
|poke|p2|Lucario, L50, F|
|poke|p2|Sableye, L50, M|
|poke|p2|Lycanroc-Dusk, L50, M|
|poke|p2|Luxray, L50, M|
|poke|p2|Hydreigon, L50, F|
|poke|p2|Talonflame, L50, F|
|teampreview|4
|showteam|p1|Charizard||CharizarditeY|Blaze|HeatWave,SolarBeam,Protect,ScorchingSands|Timid||M|||50|]Garchomp||SitrusBerry|RoughSkin|Earthquake,DragonClaw,Protect,RockSlide|Adamant||M|||50|]Sneasler||WhiteHerb|Unburden|CloseCombat,DireClaw,FakeOut,Protect|Adamant||F|||50|]Venusaur||FocusSash|Chlorophyll|SleepPowder,SludgeBomb,Protect,GigaDrain|Timid||M|||50|]Milotic||Leftovers|Competitive|Scald,IcyWind,Protect,LifeDew|Calm||F|||50|]Ampharos||Ampharosite|Static|DragonPulse,ParabolicCharge,Protect,HelpingHand|Modest||F|||50|
|showteam|p2|Lucario||Lucarionite|InnerFocus|AuraSphere,FlashCannon,Protect,DarkPulse|Timid||F|||50|]Sableye||SitrusBerry|Prankster|Reflect,KnockOff,Encore,LightScreen|Careful||M|||50|]Lycanroc-Dusk||LifeOrb|ToughClaws|RockSlide,Accelerock,CloseCombat,Protect|Jolly||M|||50|]Luxray||ExpertBelt|Intimidate|Crunch,HelpingHand,Protect,WildCharge|Adamant||M|||50|]Hydreigon||FocusSash|Levitate|EarthPower,DragonPulse,DarkPulse,Snarl|Modest||F|||50|]Talonflame|||GaleWings|Acrobatics,Tailwind,FlareBlitz,Uturn|Jolly||F|||50|
|
|t:|1785026949
|teamsize|p1|4
|teamsize|p2|4
|start
|switch|p1a: Uy temblaste|Garchomp, L50, M|100/100
|switch|p1b: Chi|Ampharos, L50, F|100/100
|switch|p2a: Negreiron|Hydreigon, L50, F|100/100
|switch|p2b: Like a rock|Lycanroc-Dusk, L50, M|100/100
|turn|1
|
|t:|1785026974
|detailschange|p1b: Chi|Ampharos-Mega, L50, F
|-mega|p1b: Chi|Ampharos|Ampharosite
|-ability|p1b: Chi|Mold Breaker
|move|p1b: Chi|Protect|p1b: Chi
|-singleturn|p1b: Chi|Protect
|move|p2b: Like a rock|Rock Slide|p1a: Uy temblaste|[spread] p1a
|-activate|p1b: Chi|move: Protect
|-resisted|p1a: Uy temblaste|1
|-damage|p1a: Uy temblaste|85/100
|-damage|p2b: Like a rock|90/100|[from] item: Life Orb
|move|p2a: Negreiron|Dragon Pulse|p1a: Uy temblaste
|-supereffective|p1a: Uy temblaste|1
|-damage|p1a: Uy temblaste|1/100
|-enditem|p1a: Uy temblaste|Sitrus Berry|[eat]
|-heal|p1a: Uy temblaste|25/100|[from] item: Sitrus Berry
|move|p1a: Uy temblaste|Earthquake|p2b: Like a rock|[spread] p2b
|-activate|p1b: Chi|move: Protect
|-immune|p2a: Negreiron|[from] ability: Levitate
|-supereffective|p2b: Like a rock|1
|-damage|p2b: Like a rock|0 fnt
|faint|p2b: Like a rock
|
|upkeep
|
|t:|1785027007
|switch|p2b: Lukas|Lucario, L50, F|100/100
|turn|2
|
|t:|1785027026
|detailschange|p2b: Lukas|Lucario-Mega, L50, F
|-mega|p2b: Lukas|Lucario|Lucarionite
|move|p2b: Lukas|Protect|p2b: Lukas
|-singleturn|p2b: Lukas|Protect
|move|p1a: Uy temblaste|Protect|p1a: Uy temblaste
|-singleturn|p1a: Uy temblaste|Protect
|move|p2a: Negreiron|Dragon Pulse|p1a: Uy temblaste
|-activate|p1a: Uy temblaste|move: Protect
|move|p1b: Chi|Dragon Pulse|p2a: Negreiron
|-supereffective|p2a: Negreiron|1
|-enditem|p2a: Negreiron|Focus Sash
|-damage|p2a: Negreiron|1/100
|
|upkeep
|turn|3
|
|t:|1785027086
|switch|p1a: Sssssss|Milotic, L50, F|100/100
|move|p2b: Lukas|Aura Sphere|p1a: Sssssss
|-damage|p1a: Sssssss|66/100
|move|p2a: Negreiron|Dragon Pulse|p1b: Chi
|-supereffective|p1b: Chi|1
|-damage|p1b: Chi|19/100
|move|p1b: Chi|Dragon Pulse|p2b: Lukas
|-resisted|p2b: Lukas|1
|-damage|p2b: Lukas|55/100
|
|-heal|p1a: Sssssss|72/100|[from] item: Leftovers
|upkeep
|turn|4
|
|t:|1785027111
|move|p2b: Lukas|Protect|p2b: Lukas
|-singleturn|p2b: Lukas|Protect
|move|p1b: Chi|Protect|p1b: Chi
|-singleturn|p1b: Chi|Protect
|move|p2a: Negreiron|Dragon Pulse|p1b: Chi
|-activate|p1b: Chi|move: Protect
|move|p1a: Sssssss|Icy Wind|p2a: Negreiron|[spread] p2a
|-activate|p2b: Lukas|move: Protect
|-supereffective|p2a: Negreiron|1
|-damage|p2a: Negreiron|0 fnt
|faint|p2a: Negreiron
|
|-heal|p1a: Sssssss|78/100|[from] item: Leftovers
|upkeep
|
|t:|1785027123
|switch|p2a: Carlota|Talonflame, L50, F|100/100
|turn|5
|
|t:|1785027139
|move|p1a: Sssssss|Protect|p1a: Sssssss
|-singleturn|p1a: Sssssss|Protect
|move|p2a: Carlota|Acrobatics|p1b: Chi
|-resisted|p1b: Chi|1
|-damage|p1b: Chi|3/100
|move|p2b: Lukas|Aura Sphere|p1a: Sssssss
|-activate|p1a: Sssssss|move: Protect
|move|p1b: Chi|Parabolic Charge|p2a: Carlota|[spread] p2a,p2b
|-activate|p1a: Sssssss|move: Protect
|-supereffective|p2a: Carlota|1
|-damage|p2a: Carlota|9/100
|-heal|p1b: Chi|38/100|[from] drain|[of] p2a: Carlota
|-damage|p2b: Lukas|1/100
|-heal|p1b: Chi|58/100|[from] drain|[of] p2b: Lukas
|
|-heal|p1a: Sssssss|84/100|[from] item: Leftovers
|upkeep
|turn|6
|
|t:|1785027172
|move|p1b: Chi|Protect|p1b: Chi
|-singleturn|p1b: Chi|Protect
|move|p2a: Carlota|Acrobatics|p1a: Sssssss
|-damage|p1a: Sssssss|44/100
|move|p2b: Lukas|Aura Sphere|p1a: Sssssss
|-damage|p1a: Sssssss|7/100
|move|p1a: Sssssss|Icy Wind|p2b: Lukas|[spread] p2a,p2b
|-resisted|p2b: Lukas|1
|-damage|p2a: Carlota|0 fnt
|-damage|p2b: Lukas|0 fnt
|faint|p2a: Carlota
|faint|p2b: Lukas
|
|win|Noyomi
