|j|☆risotto_venere
|j|☆Mortimerd
|html|risotto_venereMortimerd    
|uhtml|bestof|Game 1 of a best-of-3
|t:|1757930761
|gametype|doubles
|player|p1|risotto_venere|n|1187
|player|p2|Mortimerd|drayden|1180
|gen|9
|tier|[Gen 9] VGC 2025 Reg H (Bo3)
|rated|
|rule|Species Clause: Limit one of each Pokémon
|rule|Item Clause: Limit 1 of each item
|clearpoke
|poke|p1|Sneasler, L50, M|
|poke|p1|Dragapult, L50, F|
|poke|p1|Dondozo, L50, F|
|poke|p1|Rillaboom, L50, M|
|poke|p1|Volcarona, L50, F|
|poke|p1|Maushold, L50|
|poke|p2|Torkoal, L50, M|
|poke|p2|Gallade, L50, M|
|poke|p2|Exeggutor, L50, M|
|poke|p2|Indeedee-F, L50, F|
|poke|p2|Ursaluna, L50, F|
|poke|p2|Annihilape, L50, F|
|teampreview|4
|showteam|p1|Sneasler||WhiteHerb|Unburden|FakeOut,DireClaw,CloseCombat,Protect|||M|||50|,,,,,Ghost]Dragapult||ChoiceBand|ClearBody|DragonDarts,PhantomForce,Uturn,Outrage|||F|||50|,,,,,Dragon]Dondozo||Leftovers|Unaware|WaveCrash,Yawn,Fissure,Protect|||F|||50|,,,,,Poison]Rillaboom||AssaultVest|GrassySurge|FakeOut,WoodHammer,GrassyGlide,HighHorsepower|||M|||50|,,,,,Fire]Volcarona||CovertCloak|FlameBody|HeatWave,QuiverDance,TeraBlast,Protect|||F|||50|,,,,,Fairy]Maushold||FocusBand|FriendGuard|FollowMe,Taunt,HelpingHand,PopulationBomb||||||50|,,,,,Ghost
|showteam|p2|Torkoal||Charcoal|Drought|Eruption,WeatherBall,EarthPower,Protect|||M|||50|,,,,,Fire]Gallade||ClearAmulet|Sharpness|SacredSword,PsychoCut,WideGuard,TrickRoom|||M|||50|,,,,,Dragon]Exeggutor||FocusSash|Chlorophyll|SleepPowder,TrickRoom,ExpandingForce,EnergyBall|||M|||50|,,,,,Ghost]Indeedee-F||PsychicSeed|PsychicSurge|FollowMe,TrickRoom,HelpingHand|||F|||50|,,,,,Grass]Ursaluna||FlameOrb|Guts|Earthquake,HeadlongRush,Facade,Protect|||F|||50|,,,,,Ghost]Annihilape||ChoiceScarf|Defiant|FinalGambit,CloseCombat,RageFist,Uturn|||F|||50|,,,,,Grass
|inactive|Battle timer is ON: inactive players will automatically lose when time's up. (requested by risotto_venere)
|inactive|risotto_venere has 60 seconds left.
|inactive|Mortimerd has 60 seconds left.
|
|t:|1757930824
|teamsize|p1|4
|teamsize|p2|4
|start
|switch|p1a: Maushold|Maushold, L50|100/100
|switch|p1b: Dragapult|Dragapult, L50, F|100/100
|switch|p2a: Annihilape|Annihilape, L50, F|100/100
|switch|p2b: Gallade|Gallade, L50, M|100/100
|turn|1
|inactive|risotto_venere has 30 seconds left.
|inactive|Mortimerd has 30 seconds left.
|
|t:|1757930858
|-terastallize|p1b: Dragapult|Dragon
|move|p1a: Maushold|Follow Me|p1a: Maushold
|-singleturn|p1a: Maushold|move: Follow Me
|move|p2a: Annihilape|Rage Fist|p1a: Maushold
|-immune|p1a: Maushold
|move|p1b: Dragapult|Dragon Darts|p2b: Gallade
|-damage|p2b: Gallade|20/100
|-anim|p1b: Dragapult|Dragon Darts|p2a: Annihilape
|-damage|p2a: Annihilape|50/100
|move|p2b: Gallade|Trick Room|p2b: Gallade
|-fieldstart|move: Trick Room|[of] p2b: Gallade
|
|upkeep
|turn|2
|
|t:|1757930879
|switch|p1a: Dondozo|Dondozo, L50, F|100/100
|switch|p1b: Rillaboom|Rillaboom, L50, M|100/100
|-fieldstart|move: Grassy Terrain|[from] ability: Grassy Surge|[of] p1b: Rillaboom
|switch|p2a: Indeedee|Indeedee-F, L50, F|100/100
|-fieldstart|move: Psychic Terrain|[from] ability: Psychic Surge|[of] p2a: Indeedee
|-enditem|p2a: Indeedee|Psychic Seed
|-boost|p2a: Indeedee|spd|1|[from] item: Psychic Seed
|move|p2b: Gallade|Psycho Cut|p1b: Rillaboom
|-damage|p1b: Rillaboom|24/100
|
|upkeep
|turn|3
|
|t:|1757930903
|switch|p1b: Maushold|Maushold, L50|100/100
|move|p2a: Indeedee|Follow Me|p2a: Indeedee
|-singleturn|p2a: Indeedee|move: Follow Me
|move|p1a: Dondozo|Yawn|p2a: Indeedee
|-start|p2a: Indeedee|move: Yawn|[of] p1a: Dondozo
|move|p2b: Gallade|Psycho Cut|p1b: Maushold
|-damage|p1b: Maushold|0 fnt
|faint|p1b: Maushold
|
|upkeep
|
|t:|1757930913
|switch|p1b: Rillaboom|Rillaboom, L50, M|24/100
|-fieldstart|move: Grassy Terrain|[from] ability: Grassy Surge|[of] p1b: Rillaboom
|turn|4
|
|t:|1757930924
|switch|p2a: Exeggutor|Exeggutor, L50, M|100/100
|move|p1b: Rillaboom|Fake Out|p2b: Gallade
|-damage|p2b: Gallade|2/100
|move|p1a: Dondozo|Yawn|p2a: Exeggutor
|-start|p2a: Exeggutor|move: Yawn|[of] p1a: Dondozo
|cant|p2b: Gallade|flinch
|
|-heal|p2b: Gallade|8/100|[from] Grassy Terrain
|-heal|p1b: Rillaboom|30/100|[from] Grassy Terrain
|upkeep
|turn|5
|
|t:|1757930934
|switch|p2a: Indeedee|Indeedee-F, L50, F|100/100
|-fieldstart|move: Psychic Terrain|[from] ability: Psychic Surge|[of] p2a: Indeedee
|move|p1a: Dondozo|Protect|p1a: Dondozo
|-singleturn|p1a: Dondozo|Protect
|move|p2b: Gallade|Psycho Cut|p1b: Rillaboom
|-damage|p1b: Rillaboom|0 fnt
|faint|p1b: Rillaboom
|
|-fieldend|move: Trick Room
|upkeep
|
|t:|1757930944
|switch|p1b: Dragapult|Dragapult, L50, F, tera:Dragon|100/100
|turn|6
|
|t:|1757930952
|move|p2a: Indeedee|Follow Me|p2a: Indeedee
|-singleturn|p2a: Indeedee|move: Follow Me
|move|p1b: Dragapult|Dragon Darts|p2a: Indeedee
|-damage|p2a: Indeedee|43/100
|-anim|p1b: Dragapult|Dragon Darts|p2a: Indeedee
|-damage|p2a: Indeedee|0 fnt
|faint|p2a: Indeedee
|move|p2b: Gallade|Psycho Cut|p1b: Dragapult
|-damage|p1b: Dragapult|5/100
|move|p1a: Dondozo|Wave Crash|p2b: Gallade
|-damage|p2b: Gallade|0 fnt
|faint|p2b: Gallade
|-damage|p1a: Dondozo|99/100|[from] Recoil
|
|-heal|p1a: Dondozo|100/100|[from] item: Leftovers
|upkeep
|
|t:|1757930958
|switch|p2b: Annihilape|Annihilape, L50, F|50/100
|switch|p2a: Exeggutor|Exeggutor, L50, M|100/100
|turn|7
|
|t:|1757930973
|move|p2b: Annihilape|Rage Fist|p1b: Dragapult
|-damage|p1b: Dragapult|0 fnt
|faint|p1b: Dragapult
|move|p2a: Exeggutor|Energy Ball|p1a: Dondozo
|-supereffective|p1a: Dondozo
|-damage|p1a: Dondozo|26/100
|move|p1a: Dondozo|Fissure|p2a: Exeggutor|[miss]
|-miss|p1a: Dondozo|p2a: Exeggutor
|
|-heal|p1a: Dondozo|32/100|[from] item: Leftovers
|upkeep
|turn|8
|-message|risotto_venere forfeited.
|
|win|Mortimerd
|l|☆risotto_venere
|player|p1|
||risotto_venere is ready for game 2.
||Mortimerd is ready for game 2.
|uhtml|next|Next: Game 2 of 3
|l|☆Mortimerd
|player|p2|
