|j|☆sakuyafiregoddess
|j|☆xxsnuzxx
|html|sakuyafiregoddessxxsnuzxx    
|uhtml|bestof|Game 2 of a best-of-3
|t:|1784666424
|gametype|doubles
|player|p1|sakuyafiregoddess|juliana-festival|1045
|player|p2|xxsnuzxx|scientist-gen4dp|1000
|gen|9
|tier|[Gen 9 Champions] VGC 2026 Reg M-B (Bo3)
|rated|
|rule|Species Clause: Limit one of each Pokémon
|rule|Item Clause: Limit 1 of each item
|clearpoke
|poke|p1|Staraptor, L50, F|
|poke|p1|Incineroar, L50, F|
|poke|p1|Sinistcha, L50|
|poke|p1|Gholdengo, L50|
|poke|p1|Arcanine-Hisui, L50, M|
|poke|p1|Ninetales-Alola, L50, F, shiny|
|poke|p2|Delphox, L50, M|
|poke|p2|Kangaskhan, L50, F|
|poke|p2|Aegislash, L50, M|
|poke|p2|Whimsicott, L50, M|
|poke|p2|Hydreigon, L50, F|
|poke|p2|Maushold, L50|
|teampreview|4
|showteam|p1|Staraptor||Staraptite|Intimidate|BraveBird,CloseCombat,Roost,Protect|Jolly||F|||50|]Incineroar||SitrusBerry|Intimidate|FakeOut,FlareBlitz,DarkestLariat,PartingShot|Careful||F|||50|]Sinistcha||ColburBerry|Hospitality|MatchaGotcha,RagePowder,TrickRoom,StrengthSap|Bold|||||50|]Gholdengo||LifeOrb|GoodasGold|ShadowBall,MakeItRain,NastyPlot,Protect|Modest|||||50|]Arcanine-Hisui||FocusSash|RockHead|HeadSmash,FlareBlitz,ExtremeSpeed,Protect|Jolly||M|||50|]Ninetales-Alola||NeverMeltIce|SnowWarning|Blizzard,FreezeDry,AuroraVeil,Protect|Timid||F|||50|
|showteam|p2|Delphox||Delphoxite|Blaze|Protect,HeatWave,NastyPlot,Psyshock|Timid||M|||50|]Kangaskhan||Kangaskhanite|Scrappy|FakeOut,SuckerPunch,DrainPunch,DoubleEdge|Adamant||F|||50|]Aegislash||SpellTag|StanceChange|Poltergeist,KingsShield,ShadowSneak,IronHead|Adamant||M|||50|]Whimsicott||FocusSash|Prankster|Tailwind,Moonblast,Encore,Protect|Timid||M|||50|]Hydreigon||LifeOrb|Levitate|DracoMeteor,Snarl,Protect,EarthPower|Timid||F|||50|]Maushold||ChopleBerry|FriendGuard|FollowMe,Protect,PopulationBomb,Taunt|Jolly|||||50|
|j| brittneysheercold
|inactive|Battle timer is ON: inactive players will automatically lose when time's up. (requested by xxsnuzxx)
|inactive|sakuyafiregoddess has 60 seconds left.
|
|t:|1784666497
|teamsize|p1|4
|teamsize|p2|4
|start
|switch|p1a: Incineroar|Incineroar, L50, F|100/100
|switch|p1b: Arcanine|Arcanine-Hisui, L50, M|100/100
|switch|p2a: Delphox|Delphox, L50, M|100/100
|switch|p2b: Whimsicott|Whimsicott, L50, M|100/100
|-ability|p1a: Incineroar|Intimidate|boost
|-unboost|p2a: Delphox|atk|1
|-unboost|p2b: Whimsicott|atk|1
|turn|1
|inactive|sakuyafiregoddess has 30 seconds left.
|
|t:|1784666528
|switch|p2a: Kangaskhan|Kangaskhan, L50, F|100/100
|move|p2b: Whimsicott|Tailwind|p2b: Whimsicott
|-sidestart|p2: xxsnuzxx|move: Tailwind
|move|p1b: Arcanine|Head Smash|p2a: Kangaskhan|[miss]
|-miss|p1b: Arcanine|p2a: Kangaskhan
|move|p1a: Incineroar|Parting Shot|p2a: Kangaskhan
|-unboost|p2a: Kangaskhan|atk|1
|-unboost|p2a: Kangaskhan|spa|1
|
|t:|1784666540
|switch|p1a: Staraptor|Staraptor, L50, F|100/100|[from] Parting Shot
|-ability|p1a: Staraptor|Intimidate|boost
|-fail|p2a: Kangaskhan|unboost|Attack|[from] ability: Scrappy|[of] p2a: Kangaskhan
|-unboost|p2b: Whimsicott|atk|1
|
|upkeep
|turn|2
|inactive|sakuyafiregoddess has 30 seconds left.
|inactive|sakuyafiregoddess has 20 seconds left.
|inactive|sakuyafiregoddess has 15 seconds left.
|
|t:|1784666584
|detailschange|p1a: Staraptor|Staraptor-Mega, L50, F
|-mega|p1a: Staraptor|Staraptor|Staraptite
|move|p2a: Kangaskhan|Fake Out|p1a: Staraptor
|-damage|p1a: Staraptor|88/100
|move|p2b: Whimsicott|Moonblast|p1a: Staraptor
|-supereffective|p1a: Staraptor|1
|-damage|p1a: Staraptor|19/100
|cant|p1a: Staraptor|flinch
|move|p1b: Arcanine|Flare Blitz|p2b: Whimsicott
|-supereffective|p2b: Whimsicott|1
|-enditem|p2b: Whimsicott|Focus Sash
|-damage|p2b: Whimsicott|1/100
|
|upkeep
|turn|3
|inactive|sakuyafiregoddess has 30 seconds left.
|inactive|sakuyafiregoddess has 20 seconds left.
|inactive|sakuyafiregoddess has 15 seconds left.
|inactive|sakuyafiregoddess has 10 seconds left.
|
|t:|1784666632
|switch|p1a: Incineroar|Incineroar, L50, F|100/100
|-ability|p1a: Incineroar|Intimidate|boost
|-fail|p2a: Kangaskhan|unboost|Attack|[from] ability: Scrappy|[of] p2a: Kangaskhan
|-unboost|p2b: Whimsicott|atk|1
|move|p1b: Arcanine|Extreme Speed|p2b: Whimsicott
|-damage|p2b: Whimsicott|0 fnt
|faint|p2b: Whimsicott
|move|p2a: Kangaskhan|Drain Punch|p1b: Arcanine
|-supereffective|p1b: Arcanine|1
|-damage|p1b: Arcanine|63/100
|
|upkeep
|
|t:|1784666647
|switch|p2b: Hydreigon|Hydreigon, L50, F|100/100
|turn|4
|inactive|sakuyafiregoddess has 30 seconds left.
|inactive|sakuyafiregoddess has 20 seconds left.
|
|t:|1784666683
|move|p1a: Incineroar|Fake Out|p2b: Hydreigon
|-damage|p2b: Hydreigon|87/100
|cant|p2b: Hydreigon|flinch
|move|p2a: Kangaskhan|Drain Punch|p1a: Incineroar
|-supereffective|p1a: Incineroar|1
|-damage|p1a: Incineroar|71/100
|move|p1b: Arcanine|Head Smash|p2b: Hydreigon
|-damage|p2b: Hydreigon|2/100
|
|-sideend|p2: xxsnuzxx|move: Tailwind
|upkeep
|turn|5
|
|t:|1784666707
|move|p2b: Hydreigon|Protect|p2b: Hydreigon
|-singleturn|p2b: Hydreigon|Protect
|move|p1b: Arcanine|Extreme Speed|p2b: Hydreigon
|-activate|p2b: Hydreigon|move: Protect
|move|p2a: Kangaskhan|Drain Punch|p1b: Arcanine
|-supereffective|p1b: Arcanine|1
|-damage|p1b: Arcanine|26/100
|move|p1a: Incineroar|Parting Shot|p2a: Kangaskhan
|-unboost|p2a: Kangaskhan|atk|1
|-unboost|p2a: Kangaskhan|spa|1
|
|t:|1784666711
|switch|p1a: Sinistcha|Sinistcha, L50|100/100|[from] Parting Shot
|-heal|p1b: Arcanine|51/100|[from] ability: Hospitality|[of] p1a: Sinistcha
|
|upkeep
|turn|6
|
|t:|1784666723
|switch|p2b: Delphox|Delphox, L50, M|100/100
|move|p1b: Arcanine|Extreme Speed|p2b: Delphox
|-crit|p2b: Delphox
|-damage|p2b: Delphox|49/100
|move|p2a: Kangaskhan|Drain Punch|p1b: Arcanine
|-supereffective|p1b: Arcanine|1
|-damage|p1b: Arcanine|20/100y
|move|p1a: Sinistcha|Trick Room|p1a: Sinistcha
|-fieldstart|move: Trick Room|[of] p1a: Sinistcha
|
|upkeep
|turn|7
|
|t:|1784666747
|detailschange|p2b: Delphox|Delphox-Mega, L50, M
|-mega|p2b: Delphox|Delphox|Delphoxite
|move|p1a: Sinistcha|Rage Powder|p1a: Sinistcha
|-singleturn|p1a: Sinistcha|move: Rage Powder
|move|p2a: Kangaskhan|Drain Punch|p1a: Sinistcha
|-damage|p1a: Sinistcha|89/100
|move|p1b: Arcanine|Head Smash|p2b: Delphox
|-supereffective|p2b: Delphox|1
|-damage|p2b: Delphox|0 fnt
|faint|p2b: Delphox
|
|upkeep
|
|t:|1784666757
|switch|p2b: Hydreigon|Hydreigon, L50, F|2/100
|turn|8
|
|t:|1784666779
|move|p2b: Hydreigon|Protect|p2b: Hydreigon
|-singleturn|p2b: Hydreigon|Protect
|move|p1a: Sinistcha|Rage Powder|p1a: Sinistcha
|-singleturn|p1a: Sinistcha|move: Rage Powder
|move|p2a: Kangaskhan|Drain Punch|p1a: Sinistcha
|-damage|p1a: Sinistcha|80/100
|move|p1b: Arcanine|Flare Blitz|p2a: Kangaskhan
|-damage|p2a: Kangaskhan|45/100
|
|upkeep
|turn|9
|inactive|xxsnuzxx has 30 seconds left.
|
|t:|1784666805
|move|p2b: Hydreigon|Protect||[still]
|-fail|p2b: Hydreigon
|move|p1a: Sinistcha|Rage Powder|p1a: Sinistcha
|-singleturn|p1a: Sinistcha|move: Rage Powder
|move|p2a: Kangaskhan|Drain Punch|p1a: Sinistcha
|-damage|p1a: Sinistcha|70/100
|-heal|p2a: Kangaskhan|50/100y|[from] drain|[of] p1a: Sinistcha
|move|p1b: Arcanine|Flare Blitz|p2a: Kangaskhan
|-damage|p2a: Kangaskhan|0 fnt
|faint|p2a: Kangaskhan
|
|upkeep
|turn|10
|
|t:|1784666818
|move|p1b: Arcanine|Extreme Speed|p2b: Hydreigon
|-damage|p2b: Hydreigon|0 fnt
|faint|p2b: Hydreigon
|
|win|sakuyafiregoddess
|raw|sakuyafiregoddess's rating: 1045 → 1074(+29 for winning)
|raw|xxsnuzxx's rating: 1000 → 1000(+0 for losing)
|c|☆sakuyafiregoddess|GG
