|j|☆sherbabadaboomz
|j|☆GS Barnabe
|html|sherbabadaboomzGS Barnabe    
|uhtml|bestof|Game 1 of a best-of-3
|t:|1785700591
|gametype|doubles
|player|p1|sherbabadaboomz|archer|1132
|player|p2|GS Barnabe|barry|1206
|gen|9
|tier|[Gen 9 Champions] VGC 2026 Reg M-B (Bo3)
|rated|
|rule|Species Clause: Limit one of each Pokémon
|rule|Item Clause: Limit 1 of each item
|clearpoke
|poke|p1|Starmie, L50, shiny|
|poke|p1|Sneasler, L50, F, shiny|
|poke|p1|Pelipper, L50, F, shiny|
|poke|p1|Meganium, L50, F, shiny|
|poke|p1|Umbreon, L50, M, shiny|
|poke|p1|Archaludon, L50, M, shiny|
|poke|p2|Clefable, L50, M|
|poke|p2|Tyranitar, L50, F|
|poke|p2|Garchomp, L50, M|
|poke|p2|Gholdengo, L50|
|poke|p2|Rotom-Wash, L50|
|poke|p2|Aerodactyl, L50, F|
|teampreview|4
|showteam|p1|Starmie||Starminite|NaturalCure|AquaJet,Liquidation,PsychoCut,Protect|Adamant|||||50|]Sneasler||FocusSash|PoisonTouch|PoisonJab,FakeOut,Coaching,CloseCombat|Jolly||F|||50|]Pelipper||SitrusBerry|Drizzle|Tailwind,Hurricane,WeatherBall,Protect|Bold||F|||50|]Meganium||Meganiumite|Overgrow|DazzlingGleam,SolarBeam,WeatherBall,Protect|Sassy||F|||50|]Umbreon||Leftovers|InnerFocus|Protect,Toxic,FoulPlay,Wish|Careful||M|||50|]Archaludon||ChoiceScarf|Stalwart|ElectroShot,DragonPulse,AuraSphere,FlashCannon|Timid||M|||50|
|showteam|p2|Clefable||SitrusBerry|Unaware|Moonblast,HelpingHand,FollowMe,Protect|Bold||M|||50|]Tyranitar||ChoiceScarf|SandStream|RockSlide,KnockOff,IcePunch,Superpower|Jolly||F|||50|]Garchomp||Garchompite|SandVeil|DracoMeteor,EarthPower,PowerGem,Protect|Modest||M|||50|]Gholdengo||LifeOrb|GoodasGold|MakeItRain,ShadowBall,NastyPlot,Protect|Modest|||||50|]Rotom-Wash||Leftovers|Levitate|HydroPump,VoltSwitch,WillOWisp,Protect|Calm|||||50|]Aerodactyl||Aerodactylite|RockHead|RockSlide,DualWingbeat,Tailwind,Protect|Jolly||F|||50|
|
|t:|1785700640
|teamsize|p1|4
|teamsize|p2|4
|start
|switch|p1a: Archaludon|Archaludon, L50, M, shiny|100/100
|switch|p1b: Starmie|Starmie, L50, shiny|100/100
|switch|p2a: Gholdengo|Gholdengo, L50|100/100
|switch|p2b: Clefable|Clefable, L50, M|100/100
|turn|1
|
|t:|1785700668
|switch|p1b: Pelipper|Pelipper, L50, F, shiny|100/100
|-weather|RainDance|[from] ability: Drizzle|[of] p1b: Pelipper
|move|p1a: Archaludon|Electro Shot||[still]
|-prepare|p1a: Archaludon|Electro Shot
|-boost|p1a: Archaludon|spa|1
|-anim|p1a: Archaludon|Electro Shot|p2a: Gholdengo
|-damage|p2a: Gholdengo|37/100
|move|p2a: Gholdengo|Nasty Plot|p2a: Gholdengo
|-boost|p2a: Gholdengo|spa|2
|move|p2b: Clefable|Moonblast|p1a: Archaludon
|-damage|p1a: Archaludon|50/100g
|
|-weather|RainDance|[upkeep]
|upkeep
|turn|2
|
|t:|1785700696
|switch|p1b: Starmie|Starmie, L50, shiny|100/100
|switch|p2b: Tyranitar|Tyranitar, L50, F|100/100
|-weather|Sandstorm|[from] ability: Sand Stream|[of] p2b: Tyranitar
|move|p1a: Archaludon|Electro Shot||[still]
|-prepare|p1a: Archaludon|Electro Shot
|-boost|p1a: Archaludon|spa|1
|move|p2a: Gholdengo|Make It Rain|p1a: Archaludon|[spread] p1a,p1b
|-resisted|p1a: Archaludon|1
|-resisted|p1b: Starmie|1
|-damage|p1a: Archaludon|0 fnt
|-damage|p1b: Starmie|15/100
|-unboost|p2a: Gholdengo|spa|2
|faint|p1a: Archaludon
|-damage|p2a: Gholdengo|28/100|[from] item: Life Orb
|
|-weather|Sandstorm|[upkeep]
|-damage|p1b: Starmie|9/100|[from] Sandstorm
|upkeep
|
|t:|1785700717
|switch|p1a: Pelipper|Pelipper, L50, F, shiny|100/100
|-weather|RainDance|[from] ability: Drizzle|[of] p1a: Pelipper
|turn|3
|
|t:|1785700733
|detailschange|p1b: Starmie|Starmie-Mega, L50, shiny
|-mega|p1b: Starmie|Starmie|Starminite
|move|p2b: Tyranitar|Rock Slide|p1a: Pelipper|[spread] p1a,p1b
|-supereffective|p1a: Pelipper|1
|-damage|p1a: Pelipper|45/100
|-damage|p1b: Starmie|0 fnt
|-enditem|p1a: Pelipper|Sitrus Berry|[eat]
|-heal|p1a: Pelipper|70/100|[from] item: Sitrus Berry
|faint|p1b: Starmie
|move|p2a: Gholdengo|Make It Rain|p1a: Pelipper
|-resisted|p1a: Pelipper|1
|-damage|p1a: Pelipper|26/100
|-unboost|p2a: Gholdengo|spa|2
|-damage|p2a: Gholdengo|18/100|[from] item: Life Orb
|cant|p1a: Pelipper|flinch
|
|-weather|RainDance|[upkeep]
|upkeep
|
|t:|1785700752
|switch|p1b: Sneasler|Sneasler, L50, F, shiny|100/100
|turn|4
|
|t:|1785700764
|switch|p2b: Clefable|Clefable, L50, M|100/100
|move|p1b: Sneasler|Close Combat|p2b: Clefable
|-resisted|p2b: Clefable|1
|-damage|p2b: Clefable|73/100
|-unboost|p1b: Sneasler|def|1
|-unboost|p1b: Sneasler|spd|1
|move|p2a: Gholdengo|Shadow Ball|p1a: Pelipper
|-damage|p1a: Pelipper|0 fnt
|faint|p1a: Pelipper
|-damage|p2a: Gholdengo|8/100|[from] item: Life Orb
|
|-weather|RainDance|[upkeep]
|upkeep
|turn|5
|-message|sherbabadaboomz forfeited.
|
|win|GS Barnabe
|l|☆sherbabadaboomz
|player|p1|
