|j|☆reifard
|j|☆zanfire73
|html|reifardzanfire73    
|uhtml|bestof|Game 1 of a best-of-3
|t:|1785785062
|gametype|doubles
|player|p1|reifard|lance-masters2|
|player|p2|zanfire73|steven|
|gen|9
|tier|[Gen 9 Champions] VGC 2026 Reg M-B (Bo3)
|rule|Species Clause: Limit one of each Pokémon
|rule|Item Clause: Limit 1 of each item
|clearpoke
|poke|p1|Golurk, L50|
|poke|p1|Oranguru, L50, F, shiny|
|poke|p1|Torkoal, L50, F|
|poke|p1|Chandelure, L50, F|
|poke|p1|Farigiraf, L50, F, shiny|
|poke|p1|Venusaur, L50, F|
|poke|p2|Cofagrigus, L50, M|
|poke|p2|Incineroar, L50, F|
|poke|p2|Sylveon, L50, F|
|poke|p2|Camerupt, L50, F|
|poke|p2|Araquanid, L50, M|
|poke|p2|Dragalge, L50, F|
|teampreview|4
|showteam|p1|Golurk||Golurkite|IronFist|HeadlongRush,Poltergeist,Protect,IcePunch|Brave|||||50|]Oranguru||ColburBerry|InnerFocus|Instruct,TrickRoom,Protect,Psychic|Sassy||F|||50|]Torkoal||Charcoal|Drought|Eruption,Protect,WeatherBall,EarthPower|Quiet||F|||50|]Chandelure||Chandelurite|FlashFire|HeatWave,ShadowBall,CalmMind,TrickRoom|Modest||F|||50|]Farigiraf||SitrusBerry|ArmorTail|TrickRoom,Psychic,Thunderbolt,HelpingHand|Quiet||F|||50|]Venusaur||FocusSash|Chlorophyll|SleepPowder,SludgeBomb,Protect,GigaDrain|Modest||F|||50|
|showteam|p2|Cofagrigus||Leftovers|Mummy|BodyPress,WillOWisp,TrickRoom,Disable|Relaxed||M|||50|]Incineroar||ChopleBerry|Intimidate|FakeOut,PartingShot,DarkestLariat,FlareBlitz|Impish||F|||50|]Sylveon||FairyFeather|Pixilate|MysticalFire,HyperBeam,HyperVoice,Detect|Modest||F|||50|]Camerupt||Cameruptite|SolidRock|EarthPower,Eruption,HeatWave,Protect|Quiet||F|||50|]Araquanid||LifeOrb|WaterBubble|LeechLife,WideGuard,Liquidation,Protect|Adamant||M|||50|]Dragalge||ExpertBelt|Adaptability|DragonPulse,SludgeBomb,AcidSpray,Protect|Quiet||F|||50|
|j| Raspree
|j| MomijiTheTengu
|j| Alex Agni
|c| Raspree|Potete cominciare. Buona fortuna
|
|t:|1785785200
|teamsize|p1|4
|teamsize|p2|4
|start
|switch|p1a: Caster|Oranguru, L50, F, shiny|100/100
|switch|p1b: Lancer|Torkoal, L50, F|100/100
|switch|p2a: TheSeaHorse|Dragalge, L50, F|100/100
|switch|p2b: TheDog|Sylveon, L50, F|100/100
|-weather|SunnyDay|[from] ability: Drought|[of] p1b: Lancer
|turn|1
|
|t:|1785785255
|switch|p2a: TheSpider|Araquanid, L50, M|100/100
|move|p1b: Lancer|Protect|p1b: Lancer
|-singleturn|p1b: Lancer|Protect
|move|p2b: TheDog|Hyper Voice|p1a: Caster|[spread] p1a
|-activate|p1b: Lancer|move: Protect
|-damage|p1a: Caster|70/100
|move|p1a: Caster|Trick Room|p1a: Caster
|-fieldstart|move: Trick Room|[of] p1a: Caster
|
|-weather|SunnyDay|[upkeep]
|upkeep
|turn|2
|
|t:|1785785294
|move|p2a: TheSpider|Wide Guard|p2a: TheSpider
|-singleturn|p2a: TheSpider|Wide Guard
|move|p1b: Lancer|Weather Ball|p2a: TheSpider
|-damage|p2a: TheSpider|66/100
|move|p1a: Caster|Instruct|p1b: Lancer
|-singleturn|p1b: Lancer|move: Instruct|[of] p1a: Caster
|move|p1b: Lancer|Weather Ball|p2a: TheSpider
|-damage|p2a: TheSpider|30/100
|move|p2b: TheDog|Hyper Voice|p1a: Caster|[spread] p1a,p1b
|-resisted|p1b: Lancer|1
|-damage|p1a: Caster|41/100
|-damage|p1b: Lancer|68/100
|
|-weather|SunnyDay|[upkeep]
|upkeep
|turn|3
|
|t:|1785785318
|switch|p2a: TheSeaHorse|Dragalge, L50, F|100/100
|move|p1b: Lancer|Weather Ball|p2a: TheSeaHorse
|-resisted|p2a: TheSeaHorse|1
|-damage|p2a: TheSeaHorse|68/100
|move|p1a: Caster|Instruct|p1b: Lancer
|-singleturn|p1b: Lancer|move: Instruct|[of] p1a: Caster
|move|p1b: Lancer|Weather Ball|p2a: TheSeaHorse
|-resisted|p2a: TheSeaHorse|1
|-damage|p2a: TheSeaHorse|36/100
|move|p2b: TheDog|Hyper Voice|p1a: Caster|[spread] p1a,p1b
|-resisted|p1b: Lancer|1
|-damage|p1a: Caster|11/100
|-damage|p1b: Lancer|36/100
|
|-weather|SunnyDay|[upkeep]
|upkeep
|turn|4
|
|t:|1785785343
|move|p2b: TheDog|Detect|p2b: TheDog
|-singleturn|p2b: TheDog|Protect
|move|p1b: Lancer|Weather Ball|p2b: TheDog
|-activate|p2b: TheDog|move: Protect
|move|p2a: TheSeaHorse|Sludge Bomb|p1b: Lancer
|-damage|p1b: Lancer|0 fnt
|faint|p1b: Lancer
|move|p1a: Caster|Instruct|p1: Lancer|[notarget]
|-fail|p1a: Caster
|
|-weather|SunnyDay|[upkeep]
|upkeep
|
|t:|1785785357
|switch|p1b: Berserker|Golurk, L50|100/100
|turn|5
|
|t:|1785785370
|detailschange|p1b: Berserker|Golurk-Mega, L50
|-mega|p1b: Berserker|Golurk|Golurkite
|move|p1a: Caster|Protect|p1a: Caster
|-singleturn|p1a: Caster|Protect
|move|p2a: TheSeaHorse|Acid Spray|p1b: Berserker
|-resisted|p1b: Berserker|2
|-damage|p1b: Berserker|93/100
|-unboost|p1b: Berserker|spd|2
|move|p1b: Berserker|Headlong Rush|p2b: TheDog
|-damage|p2b: TheDog|0 fnt
|-unboost|p1b: Berserker|def|1
|-unboost|p1b: Berserker|spd|1
|faint|p2b: TheDog
|
|-weather|none
|-fieldend|move: Trick Room
|upkeep
|
|t:|1785785388
|switch|p2b: TheSpider|Araquanid, L50, M|30/100
|turn|6
|
|t:|1785785411
|move|p1a: Caster|Psychic|p2a: TheSeaHorse
|-supereffective|p2a: TheSeaHorse|1
|-damage|p2a: TheSeaHorse|0 fnt
|faint|p2a: TheSeaHorse
|move|p1b: Berserker|Headlong Rush|p2b: TheSpider
|-resisted|p2b: TheSpider|1
|-damage|p2b: TheSpider|0 fnt
|-unboost|p1b: Berserker|def|1
|-unboost|p1b: Berserker|spd|1
|faint|p2b: TheSpider
|
|upkeep
|
|t:|1785785429
|switch|p2a: TheCow|Camerupt, L50, F|100/100
|turn|7
|
|t:|1785785436
|detailschange|p2a: TheCow|Camerupt-Mega, L50, F
|-mega|p2a: TheCow|Camerupt|Cameruptite
|move|p2a: TheCow|Protect|p2a: TheCow
|-singleturn|p2a: TheCow|Protect
|move|p1a: Caster|Psychic|p2a: TheCow
|-activate|p2a: TheCow|move: Protect
|move|p1b: Berserker|Headlong Rush|p2a: TheCow
|-supereffective|p2a: TheCow|1
|-ability|p1b: Berserker|Unseen Fist
|-zbroken|p2a: TheCow
|-damage|p2a: TheCow|57/100
|-unboost|p1b: Berserker|def|1
|-unboost|p1b: Berserker|spd|1
|
|upkeep
|turn|8
|
|t:|1785785451
|move|p1a: Caster|Instruct|p1b: Berserker
|-singleturn|p1b: Berserker|move: Instruct|[of] p1a: Caster
|move|p1b: Berserker|Headlong Rush|p2a: TheCow
|-supereffective|p2a: TheCow|1
|-damage|p2a: TheCow|0 fnt
|-unboost|p1b: Berserker|def|1
|-unboost|p1b: Berserker|spd|1
|faint|p2a: TheCow
|
|win|reifard
|inactive|reifard has 30 seconds to confirm battle start!
|inactive|zanfire73 has 30 seconds to confirm battle start!
|l| MomijiTheTengu
|inactive|reifard has 20 seconds to confirm battle start!
|inactive|zanfire73 has 20 seconds to confirm battle start!
|inactive|reifard has 10 seconds to confirm battle start!
|inactive|zanfire73 has 10 seconds to confirm battle start!
||zanfire73 is ready for game 2.
|uhtml|next|Next: Game 2 of 3
|j| MomijiTheTengu
