|j|☆BackPAC
|j|☆Rat Rizzo
|html|BackPACRat Rizzo    
|uhtml|bestof|Game 2 of a best-of-3
|t:|1756533862
|gametype|doubles
|player|p1|BackPAC|burglar|1108
|player|p2|Rat Rizzo|101|1049
|gen|9
|tier|[Gen 9] VGC 2025 Reg H (Bo3)
|rated|
|rule|Species Clause: Limit one of each Pokémon
|rule|Item Clause: Limit 1 of each item
|clearpoke
|poke|p1|Whimsicott, L50, F|
|poke|p1|Annihilape, L50, F|
|poke|p1|Ursaluna-Bloodmoon, L50, M|
|poke|p1|Farigiraf, L50, M|
|poke|p1|Rillaboom, L50, F|
|poke|p1|Salamence, L50, F|
|poke|p2|Ursaluna, L50, F|
|poke|p2|Indeedee-F, L50, F|
|poke|p2|Torkoal, L50, F|
|poke|p2|Gallade, L50, M|
|poke|p2|Hatterene, L50, F|
|poke|p2|Armarouge, L50, F|
|teampreview|4
|showteam|p1|Whimsicott||CovertCloak|Prankster|HelpingHand,Tailwind,BeatUp,Moonblast|||F|||50|,,,,,Fire]Annihilape||SafetyGoggles|Defiant|Protect,Taunt,RageFist,CloseCombat|||F|||50|,,,,,Water]Ursaluna-Bloodmoon||LifeOrb|MindsEye|Protect,BloodMoon,HyperVoice,EarthPower|||M|||50|,,,,,Normal]Farigiraf||SitrusBerry|ArmorTail|TrickRoom,HelpingHand,HyperVoice,Psychic|||M|||50|,,,,,Fire]Rillaboom||AssaultVest|GrassySurge|FakeOut,GrassyGlide,HighHorsepower,WoodHammer|||F|||50|,,,,,Fire]Salamence||ChoiceBand|Intimidate|TemperFlare,BreakingSwipe,DualWingbeat,Outrage|||F|||50|,,,,,Fire
|showteam|p2|Ursaluna||FlameOrb|Guts|Protect,Facade,HeadlongRush,IcePunch|||F|||50|,,,,,Ghost]Indeedee-F||PsychicSeed|PsychicSurge|FollowMe,TrickRoom,HelpingHand,Psychic|||F|||50|,,,,,Fairy]Torkoal||Charcoal|Drought|Protect,Eruption,HeatWave,EarthPower|||F|||50|,,,,,Fire]Gallade||ClearAmulet|Sharpness|WideGuard,TrickRoom,PsychoCut,SacredSword|||M|||50|,,,,,Grass]Hatterene||CovertCloak|MagicBounce|TrickRoom,ExpandingForce,MysticalFire,DazzlingGleam|||F|||50|,,,,,Fire]Armarouge||LifeOrb|FlashFire|TrickRoom,HeatWave,ExpandingForce,WideGuard|||F|||50|,,,,,Grass
|inactive|Battle timer is ON: inactive players will automatically lose when time's up. (requested by Rat Rizzo)
|
|t:|1756533891
|teamsize|p1|4
|teamsize|p2|4
|start
|switch|p1a: Salamence|Salamence, L50, F|100/100
|switch|p1b: Ursaluna|Ursaluna-Bloodmoon, L50, M|100/100
|switch|p2a: Indeedee|Indeedee-F, L50, F|100/100
|switch|p2b: Armarouge|Armarouge, L50, F|100/100
|-ability|p1a: Salamence|Intimidate|boost
|-unboost|p2a: Indeedee|atk|1
|-unboost|p2b: Armarouge|atk|1
|-fieldstart|move: Psychic Terrain|[from] ability: Psychic Surge|[of] p2a: Indeedee
|-enditem|p2a: Indeedee|Psychic Seed
|-boost|p2a: Indeedee|spd|1|[from] item: Psychic Seed
|turn|1
|inactive|Rat Rizzo has 30 seconds left.
|inactive|BackPAC has 30 seconds left.
|
|t:|1756533921
|switch|p1b: Farigiraf|Farigiraf, L50, M|100/100
|move|p2b: Armarouge|Wide Guard|p2b: Armarouge
|-singleturn|p2b: Armarouge|Wide Guard
|move|p1a: Salamence|Outrage|p2a: Indeedee
|-damage|p2a: Indeedee|6/100
|move|p2a: Indeedee|Trick Room|p2a: Indeedee
|-fieldstart|move: Trick Room|[of] p2a: Indeedee
|
|upkeep
|turn|2
|
|t:|1756533940
|move|p2a: Indeedee|Helping Hand|p2b: Armarouge
|-singleturn|p2b: Armarouge|Helping Hand|[of] p2a: Indeedee
|move|p2b: Armarouge|Expanding Force|p1a: Salamence|[spread] p1a,p1b
|-resisted|p1b: Farigiraf
|-damage|p1a: Salamence|0 fnt
|-damage|p1b: Farigiraf|46/100
|-enditem|p1b: Farigiraf|Sitrus Berry|[eat]
|-heal|p1b: Farigiraf|71/100|[from] item: Sitrus Berry
|faint|p1a: Salamence
|-damage|p2b: Armarouge|91/100|[from] item: Life Orb
|move|p1b: Farigiraf|Trick Room|p1b: Farigiraf
|-fieldend|move: Trick Room
|
|upkeep
|
|t:|1756533949
|switch|p1a: Rillaboom|Rillaboom, L50, F|100/100
|-fieldstart|move: Grassy Terrain|[from] ability: Grassy Surge|[of] p1a: Rillaboom
|turn|3
|inactive|Rat Rizzo has 30 seconds left.
|
|t:|1756533980
|move|p1a: Rillaboom|Fake Out|p2b: Armarouge
|-damage|p2b: Armarouge|77/100
|move|p1b: Farigiraf|Hyper Voice|p2a: Indeedee|[spread] p2a,p2b
|-damage|p2a: Indeedee|0 fnt
|-damage|p2b: Armarouge|47/100
|faint|p2a: Indeedee
|cant|p2b: Armarouge|flinch
|
|-heal|p1b: Farigiraf|77/100|[from] Grassy Terrain
|-heal|p2b: Armarouge|53/100|[from] Grassy Terrain
|upkeep
|
|t:|1756533990
|switch|p2a: Torkoal|Torkoal, L50, F|100/100
|-weather|SunnyDay|[from] ability: Drought|[of] p2a: Torkoal
|turn|4
|
|t:|1756534009
|-terastallize|p1b: Farigiraf|Fire
|-terastallize|p2b: Armarouge|Grass
|move|p1b: Farigiraf|Helping Hand|p1a: Rillaboom
|-singleturn|p1a: Rillaboom|Helping Hand|[of] p1b: Farigiraf
|move|p1a: Rillaboom|Wood Hammer|p2b: Armarouge
|-resisted|p2b: Armarouge
|-damage|p2b: Armarouge|0 fnt
|faint|p2b: Armarouge
|-damage|p1a: Rillaboom|84/100|[from] Recoil
|move|p2a: Torkoal|Heat Wave|p1b: Farigiraf|[spread] p1b
|-miss|p2a: Torkoal|p1a: Rillaboom
|-resisted|p1b: Farigiraf
|-damage|p1b: Farigiraf|56/100
|
|-weather|SunnyDay|[upkeep]
|-heal|p1a: Rillaboom|90/100|[from] Grassy Terrain
|-heal|p1b: Farigiraf|62/100|[from] Grassy Terrain
|upkeep
|
|t:|1756534018
|switch|p2b: Ursaluna|Ursaluna, L50, F|100/100
|turn|5
|
|t:|1756534035
|move|p1b: Farigiraf|Helping Hand|p1a: Rillaboom
|-singleturn|p1a: Rillaboom|Helping Hand|[of] p1b: Farigiraf
|move|p2a: Torkoal|Protect|p2a: Torkoal
|-singleturn|p2a: Torkoal|Protect
|move|p1a: Rillaboom|High Horsepower|p2a: Torkoal
|-activate|p2a: Torkoal|move: Protect
|move|p2b: Ursaluna|Ice Punch|p1a: Rillaboom
|-supereffective|p1a: Rillaboom
|-damage|p1a: Rillaboom|34/100
|
|-weather|SunnyDay|[upkeep]
|-heal|p1a: Rillaboom|40/100|[from] Grassy Terrain
|-heal|p1b: Farigiraf|68/100|[from] Grassy Terrain
|-status|p2b: Ursaluna|brn|[from] item: Flame Orb
|upkeep
|turn|6
|inactive|Rat Rizzo has 30 seconds left.
|
|t:|1756534064
|move|p1b: Farigiraf|Helping Hand|p1a: Rillaboom
|-singleturn|p1a: Rillaboom|Helping Hand|[of] p1b: Farigiraf
|move|p1a: Rillaboom|High Horsepower|p2a: Torkoal
|-supereffective|p2a: Torkoal
|-damage|p2a: Torkoal|33/100
|move|p2b: Ursaluna|Ice Punch|p1a: Rillaboom
|-supereffective|p1a: Rillaboom
|-damage|p1a: Rillaboom|0 fnt
|faint|p1a: Rillaboom
|move|p2a: Torkoal|Earth Power|p1b: Farigiraf
|-supereffective|p1b: Farigiraf
|-damage|p1b: Farigiraf|21/100
|
|-weather|SunnyDay|[upkeep]
|-heal|p1b: Farigiraf|27/100|[from] Grassy Terrain
|-heal|p2a: Torkoal|39/100|[from] Grassy Terrain
|-damage|p2b: Ursaluna|95/100 brn|[from] brn
|upkeep
|
|t:|1756534070
|switch|p1a: Ursaluna|Ursaluna-Bloodmoon, L50, M|100/100
|turn|7
|
|t:|1756534079
|move|p1a: Ursaluna|Protect|p1a: Ursaluna
|-singleturn|p1a: Ursaluna|Protect
|move|p1b: Farigiraf|Psychic|p2a: Torkoal
|-damage|p2a: Torkoal|0 fnt
|faint|p2a: Torkoal
|move|p2b: Ursaluna|Facade|p1a: Ursaluna
|-activate|p1a: Ursaluna|move: Protect
|
|-weather|SunnyDay|[upkeep]
|-heal|p1b: Farigiraf|34/100|[from] Grassy Terrain
|-heal|p2b: Ursaluna|100/100 brn|[from] Grassy Terrain
|-damage|p2b: Ursaluna|95/100 brn|[from] brn
|-fieldend|move: Grassy Terrain
|upkeep
|turn|8
|
|t:|1756534090
|move|p1b: Farigiraf|Helping Hand|p1a: Ursaluna
|-singleturn|p1a: Ursaluna|Helping Hand|[of] p1b: Farigiraf
|move|p1a: Ursaluna|Blood Moon|p2b: Ursaluna
|-damage|p2b: Ursaluna|0 fnt
|faint|p2b: Ursaluna
|-damage|p1a: Ursaluna|91/100|[from] item: Life Orb
|
|win|BackPAC
|raw|BackPAC's rating: 1108 → 1129(+21 for winning)
|raw|Rat Rizzo's rating: 1049 → 1035(-14 for losing)
