|j|☆Chaos16
|j|☆dragonite fraude
|html|Chaos16dragonite fraude    
|uhtml|bestof|Game 2 of a best-of-3
|t:|1757932026
|gametype|doubles
|player|p1|Chaos16|skyla|1171
|player|p2|dragonite fraude|1|1192
|gen|9
|tier|[Gen 9] VGC 2025 Reg H (Bo3)
|rated|
|rule|Species Clause: Limit one of each Pokémon
|rule|Item Clause: Limit 1 of each item
|clearpoke
|poke|p1|Ursaluna-Bloodmoon, L50, M|
|poke|p1|Farigiraf, L50, M|
|poke|p1|Sneasler, L50, M|
|poke|p1|Whimsicott, L50, M|
|poke|p1|Annihilape, L50, M|
|poke|p1|Incineroar, L50, F|
|poke|p2|Maushold-Four, L50|
|poke|p2|Gholdengo, L50|
|poke|p2|Dragonite, L50, M|
|poke|p2|Annihilape, L50, M|
|poke|p2|Rillaboom, L50, M|
|poke|p2|Ursaluna-Bloodmoon, L50, M|
|teampreview|4
|showteam|p1|Ursaluna-Bloodmoon||ThroatSpray|MindsEye|Protect,HyperVoice,BloodMoon,EarthPower|||M|||50|,,,,,Normal]Farigiraf||SitrusBerry|ArmorTail|TrickRoom,Psychic,Protect,HelpingHand|||M|||50|,,,,,Grass]Sneasler||NormalGem|Unburden|FakeOut,DireClaw,CloseCombat,Protect|||M|||50|,,,,,Dark]Whimsicott||FocusSash|Prankster|Tailwind,Encore,Moonblast,Taunt|||M|||50|,,,,,Steel]Annihilape||Leftovers|Defiant|RageFist,DrainPunch,BulkUp,Protect|||M|||50|,,,,,Water]Incineroar||SafetyGoggles|Intimidate|FakeOut,FlareBlitz,KnockOff,PartingShot|||F|||50|,,,,,Ghost
|showteam|p2|Maushold-Four||FocusSash|FriendGuard|SuperFang,BeatUp,FollowMe,Protect||||||50|,,,,,Ghost]Gholdengo||LifeOrb|GoodasGold|MakeItRain,ShadowBall,NastyPlot,Protect||||||50|,,,,,Water]Dragonite||LoadedDice|Multiscale|ScaleShot,Tailwind,Haze,Protect|||M|||50|,,,,,Fairy]Annihilape||SitrusBerry|Defiant|DrainPunch,RageFist,BulkUp,Protect|||M|||50|,,,,,Fire]Rillaboom||MiracleSeed|GrassySurge|WoodHammer,GrassyGlide,HighHorsepower,FakeOut|||M|||50|,,,,,Fire]Ursaluna-Bloodmoon||AssaultVest|MindsEye|BloodMoon,EarthPower,HyperVoice,VacuumWave|||M|||50|,,,,,Water
|
|t:|1757932048
|teamsize|p1|4
|teamsize|p2|4
|start
|switch|p1a: Whimsicott|Whimsicott, L50, M, shiny|100/100
|switch|p1b: Sneasler|Sneasler, L50, M|100/100
|switch|p2a: Maushold|Maushold-Four, L50|100/100
|switch|p2b: Gholdengo|Gholdengo, L50|100/100
|turn|1
|inactive|Battle timer is ON: inactive players will automatically lose when time's up. (requested by dragonite fraude)
|
|t:|1757932081
|switch|p1a: Incineroar|Incineroar, L50, F, shiny|100/100
|-ability|p1a: Incineroar|Intimidate|boost
|-unboost|p2a: Maushold|atk|1
|-unboost|p2b: Gholdengo|atk|1
|move|p2a: Maushold|Protect|p2a: Maushold
|-singleturn|p2a: Maushold|Protect
|move|p1b: Sneasler|Fake Out|p2a: Maushold
|-activate|p2a: Maushold|move: Protect
|move|p2b: Gholdengo|Nasty Plot|p2b: Gholdengo
|-boost|p2b: Gholdengo|spa|2
|
|upkeep
|turn|2
|
|t:|1757932100
|move|p2a: Maushold|Super Fang|p1a: Incineroar
|-damage|p1a: Incineroar|50/100
|move|p1b: Sneasler|Close Combat|p2a: Maushold
|-supereffective|p2a: Maushold
|-enditem|p2a: Maushold|Focus Sash
|-damage|p2a: Maushold|1/100
|-unboost|p1b: Sneasler|def|1
|-unboost|p1b: Sneasler|spd|1
|move|p2b: Gholdengo|Make It Rain|p1a: Incineroar|[spread] p1a,p1b
|-resisted|p1a: Incineroar
|-damage|p1a: Incineroar|5/100
|-damage|p1b: Sneasler|0 fnt
|-unboost|p2b: Gholdengo|spa|1
|faint|p1b: Sneasler
|-damage|p2b: Gholdengo|91/100|[from] item: Life Orb
|move|p1a: Incineroar|Knock Off|p2b: Gholdengo
|-supereffective|p2b: Gholdengo
|-damage|p2b: Gholdengo|24/100
|-enditem|p2b: Gholdengo|Life Orb|[from] move: Knock Off|[of] p1a: Incineroar
|
|upkeep
|
|t:|1757932121
|switch|p1b: Whimsicott|Whimsicott, L50, M, shiny|100/100
|turn|3
|
|t:|1757932141
|move|p2a: Maushold|Follow Me|p2a: Maushold
|-singleturn|p2a: Maushold|move: Follow Me
|move|p1b: Whimsicott|Tailwind|p1b: Whimsicott
|-sidestart|p1: Chaos16|move: Tailwind
|move|p1a: Incineroar|Flare Blitz|p2a: Maushold
|-damage|p2a: Maushold|0 fnt
|faint|p2a: Maushold
|-damage|p1a: Incineroar|5/100|[from] Recoil
|move|p2b: Gholdengo|Make It Rain|p1a: Incineroar|[spread] p1a,p1b
|-resisted|p1a: Incineroar
|-supereffective|p1b: Whimsicott
|-damage|p1a: Incineroar|0 fnt
|-enditem|p1b: Whimsicott|Focus Sash
|-damage|p1b: Whimsicott|1/100
|-unboost|p2b: Gholdengo|spa|1
|faint|p1a: Incineroar
|
|upkeep
|
|t:|1757932156
|switch|p2a: Ursaluna|Ursaluna-Bloodmoon, L50, M|100/100
|switch|p1a: Annihilape|Annihilape, L50, M|100/100
|turn|4
|inactive|Chaos16 has 30 seconds left.
|
|t:|1757932187
|move|p2a: Ursaluna|Vacuum Wave|p1b: Whimsicott
|-resisted|p1b: Whimsicott
|-damage|p1b: Whimsicott|0 fnt
|faint|p1b: Whimsicott
|move|p1a: Annihilape|Rage Fist|p2b: Gholdengo
|-supereffective|p2b: Gholdengo
|-damage|p2b: Gholdengo|0 fnt
|faint|p2b: Gholdengo
|
|upkeep
|
|t:|1757932193
|switch|p2b: Annihilape|Annihilape, L50, M|100/100
|turn|5
|
|t:|1757932204
|-terastallize|p1a: Annihilape|Water
|move|p1a: Annihilape|Rage Fist|p2b: Annihilape
|-supereffective|p2b: Annihilape
|-damage|p2b: Annihilape|54/100
|move|p2b: Annihilape|Bulk Up|p2b: Annihilape
|-boost|p2b: Annihilape|atk|1
|-boost|p2b: Annihilape|def|1
|move|p2a: Ursaluna|Blood Moon|p1a: Annihilape
|-damage|p1a: Annihilape|48/100
|
|-heal|p1a: Annihilape|54/100|[from] item: Leftovers
|upkeep
|turn|6
|
|t:|1757932219
|-terastallize|p2b: Annihilape|Fire
|move|p1a: Annihilape|Rage Fist|p2b: Annihilape
|-damage|p2b: Annihilape|24/100
|-enditem|p2b: Annihilape|Sitrus Berry|[eat]
|-heal|p2b: Annihilape|49/100|[from] item: Sitrus Berry
|move|p2b: Annihilape|Rage Fist|p1a: Annihilape
|-damage|p1a: Annihilape|0 fnt
|faint|p1a: Annihilape
|
|win|dragonite fraude
||dragonite fraude is ready for game 3.
||Chaos16 is ready for game 3.
|uhtml|next|Next: Game 3 of 3
|l|☆Chaos16
|player|p1|
