|j|☆EnigmaEUW
|j|☆Rainnold_25
|html|EnigmaEUWRainnold_25    
|uhtml|bestof|Game 1 of a best-of-3
|t:|1757708477
|gametype|doubles
|player|p1|EnigmaEUW|ingo|1150
|player|p2|Rainnold_25|1|1042
|gen|9
|tier|[Gen 9] VGC 2025 Reg H (Bo3)
|rated|
|rule|Species Clause: Limit one of each Pokémon
|rule|Item Clause: Limit 1 of each item
|clearpoke
|poke|p1|Pelipper, L50, M|
|poke|p1|Archaludon, L50, F|
|poke|p1|Incineroar, L50, M|
|poke|p1|Hydreigon, L50, M|
|poke|p1|Ursaluna, L50, M|
|poke|p1|Amoonguss, L50, F|
|poke|p2|Ursaluna, L50, F|
|poke|p2|Sinistcha, L50|
|poke|p2|Dragonite, L50, F|
|poke|p2|Archaludon, L50, M|
|poke|p2|Pelipper, L50, F|
|poke|p2|Basculegion, L50, M|
|teampreview|4
|showteam|p1|Pelipper||CovertCloak|Drizzle|WeatherBall,Hurricane,Tailwind,Protect|||M|||50|,,,,,Grass]Archaludon||AssaultVest|Stamina|ElectroShot,BodyPress,DracoMeteor,FlashCannon|||F|||50|,,,,,Bug]Incineroar||RockyHelmet|Intimidate|FlareBlitz,KnockOff,FakeOut,PartingShot|||M|||50|,,,,,Grass]Hydreigon||SafetyGoggles|Levitate|Snarl,DracoMeteor,Tailwind,Protect|||M|||50|,,,,,Poison]Ursaluna||FlameOrb|Guts|Facade,Earthquake,HeadlongRush,Protect|||M|||50|,,,,,Ghost]Amoonguss||SitrusBerry|Regenerator|Spore,RagePowder,PollenPuff,Protect|||F|||50|,,,,,Water
|showteam|p2|Ursaluna||FlameOrb|Guts|Protect,Earthquake,HeadlongRush,Facade|||F|||50|,,,,,Ghost]Sinistcha||SitrusBerry|Hospitality|RagePowder,LifeDew,TrickRoom,MatchaGotcha||||||50|,,,,,Water]Dragonite||LoadedDice|InnerFocus|Protect,Haze,Tailwind,ScaleShot|||F|||50|,,,,,Fairy]Archaludon||AssaultVest|Stamina|FlashCannon,ElectroShot,Snarl,BodyPress|||M|||50|,,,,,Fighting]Pelipper||FocusSash|Drizzle|Protect,Hurricane,WeatherBall,Tailwind|||F|||50|,,,,,Ghost]Basculegion||LifeOrb|SwiftSwim|Protect,AquaJet,WaveCrash,LastRespects|||M|||50|,,,,,Water
|inactive|Battle timer is ON: inactive players will automatically lose when time's up. (requested by EnigmaEUW)
|inactive|EnigmaEUW has 60 seconds left.
|inactive|Rainnold_25 has 60 seconds left.
|inactive|EnigmaEUW has 30 seconds left.
|inactive|Rainnold_25 has 30 seconds left.
|inactive|EnigmaEUW has 20 seconds left.
|inactive|Rainnold_25 has 20 seconds left.
|inactive|Rainnold_25 has 15 seconds left.
|inactive|Rainnold_25 has 10 seconds left.
|
|t:|1757708562
|teamsize|p1|4
|teamsize|p2|4
|start
|switch|p1a: Amoonguss|Amoonguss, L50, F|100/100
|switch|p1b: Incineroar|Incineroar, L50, M|100/100
|switch|p2a: Archaludon|Archaludon, L50, M|100/100
|switch|p2b: Dragonite|Dragonite, L50, F|100/100
|-ability|p1b: Incineroar|Intimidate|boost
|-unboost|p2a: Archaludon|atk|1
|-fail|p2b: Dragonite|unboost|Attack|[from] ability: Inner Focus|[of] p2b: Dragonite
|turn|1
|inactive|EnigmaEUW has 30 seconds left.
|inactive|Rainnold_25 has 30 seconds left.
|inactive|EnigmaEUW has 20 seconds left.
|
|t:|1757708606
|switch|p2b: Pelipper|Pelipper, L50, F|100/100
|-weather|RainDance|[from] ability: Drizzle|[of] p2b: Pelipper
|switch|p2a: Sinistcha|Sinistcha, L50|100/100
|-terastallize|p1b: Incineroar|Grass
|move|p1b: Incineroar|Knock Off|p2b: Pelipper
|-damage|p2b: Pelipper|49/100
|-enditem|p2b: Pelipper|Focus Sash|[from] move: Knock Off|[of] p1b: Incineroar
|move|p1a: Amoonguss|Spore|p2a: Sinistcha
|-immune|p2a: Sinistcha
|
|-weather|RainDance|[upkeep]
|upkeep
|turn|2
|inactive|EnigmaEUW has 30 seconds left.
|inactive|Rainnold_25 has 30 seconds left.
|inactive|EnigmaEUW has 20 seconds left.
|inactive|Rainnold_25 has 20 seconds left.
|inactive|Rainnold_25 has 15 seconds left.
|
|t:|1757708648
|switch|p1b: Hydreigon|Hydreigon, L50, M|100/100
|move|p2b: Pelipper|Protect|p2b: Pelipper
|-singleturn|p2b: Pelipper|Protect
|move|p2a: Sinistcha|Life Dew||[still]|[spread] p2a,p2b
|-fail|p2a: Sinistcha|heal
|-heal|p2b: Pelipper|74/100
|move|p1a: Amoonguss|Spore|p2b: Pelipper
|-activate|p2b: Pelipper|move: Protect
|
|-weather|RainDance|[upkeep]
|upkeep
|turn|3
|
|t:|1757708666
|move|p1b: Hydreigon|Tailwind|p1b: Hydreigon
|-sidestart|p1: EnigmaEUW|move: Tailwind
|move|p2b: Pelipper|Weather Ball|p1a: Amoonguss
|-resisted|p1a: Amoonguss
|-damage|p1a: Amoonguss|73/100
|move|p1a: Amoonguss|Spore|p2b: Pelipper
|-status|p2b: Pelipper|slp|[from] move: Spore
|move|p2a: Sinistcha|Matcha Gotcha|p1b: Hydreigon|[spread] p1a,p1b
|-resisted|p1a: Amoonguss
|-resisted|p1b: Hydreigon
|-damage|p1a: Amoonguss|68/100
|-damage|p1b: Hydreigon|89/100
|
|-weather|RainDance|[upkeep]
|upkeep
|turn|4
|
|t:|1757708682
|move|p1b: Hydreigon|Snarl|p2b: Pelipper|[spread] p2a,p2b
|-supereffective|p2a: Sinistcha
|-damage|p2a: Sinistcha|53/100
|-damage|p2b: Pelipper|39/100 slp
|-unboost|p2a: Sinistcha|spa|1
|-unboost|p2b: Pelipper|spa|1
|cant|p2b: Pelipper|slp
|move|p1a: Amoonguss|Pollen Puff|p2a: Sinistcha
|-damage|p2a: Sinistcha|33/100
|-enditem|p2a: Sinistcha|Sitrus Berry|[eat]
|-heal|p2a: Sinistcha|58/100|[from] item: Sitrus Berry
|move|p2a: Sinistcha|Trick Room|p2a: Sinistcha
|-fieldstart|move: Trick Room|[of] p2a: Sinistcha
|
|-weather|RainDance|[upkeep]
|upkeep
|turn|5
|
|t:|1757708697
|cant|p2b: Pelipper|slp
|move|p2a: Sinistcha|Life Dew|p2a: Sinistcha|[spread] p2a,p2b
|-heal|p2a: Sinistcha|83/100
|-heal|p2b: Pelipper|64/100 slp
|move|p1a: Amoonguss|Spore|p2b: Pelipper
|-fail|p2b: Pelipper|slp
|move|p1b: Hydreigon|Snarl|p2a: Sinistcha|[spread] p2a,p2b
|-supereffective|p2a: Sinistcha
|-damage|p2a: Sinistcha|36/100
|-damage|p2b: Pelipper|28/100 slp
|-unboost|p2a: Sinistcha|spa|1
|-unboost|p2b: Pelipper|spa|1
|
|-weather|none
|upkeep
|turn|6
|inactive|EnigmaEUW has 30 seconds left.
|
|t:|1757708728
|switch|p1a: Ursaluna|Ursaluna, L50, M|100/100
|move|p2a: Sinistcha|Life Dew|p2a: Sinistcha|[spread] p2a,p2b
|-heal|p2a: Sinistcha|61/100
|-heal|p2b: Pelipper|53/100 slp
|-curestatus|p2b: Pelipper|slp|[msg]
|move|p2b: Pelipper|Hurricane|p1a: Ursaluna
|-damage|p1a: Ursaluna|72/100
|move|p1b: Hydreigon|Snarl|p2b: Pelipper|[spread] p2a,p2b
|-supereffective|p2a: Sinistcha
|-damage|p2a: Sinistcha|13/100
|-damage|p2b: Pelipper|19/100
|-unboost|p2a: Sinistcha|spa|1
|-unboost|p2b: Pelipper|spa|1
|
|-sideend|p1: EnigmaEUW|move: Tailwind
|-status|p1a: Ursaluna|brn|[from] item: Flame Orb
|upkeep
|turn|7
|inactive|Rainnold_25 has 30 seconds left.
|
|t:|1757708760
|switch|p2a: Dragonite|Dragonite, L50, F|100/100
|switch|p2b: Archaludon|Archaludon, L50, M|100/100
|move|p1a: Ursaluna|Facade|p2b: Archaludon
|-resisted|p2b: Archaludon
|-damage|p2b: Archaludon|59/100
|-ability|p2b: Archaludon|Stamina|boost
|-boost|p2b: Archaludon|def|1
|move|p1b: Hydreigon|Snarl|p2b: Archaludon|[spread] p2b
|-miss|p1b: Hydreigon|p2a: Dragonite
|-damage|p2b: Archaludon|45/100
|-unboost|p2b: Archaludon|spa|1
|-ability|p2b: Archaludon|Stamina|boost
|-boost|p2b: Archaludon|def|1
|
|-damage|p1a: Ursaluna|66/100 brn|[from] brn
|upkeep
|turn|8
|inactive|Rainnold_25 has 30 seconds left.
|
|t:|1757708793
|switch|p2b: Pelipper|Pelipper, L50, F|19/100
|-weather|RainDance|[from] ability: Drizzle|[of] p2b: Pelipper
|switch|p1b: Amoonguss|Amoonguss, L50, F|100/100
|move|p1a: Ursaluna|Headlong Rush|p2b: Pelipper
|-immune|p2b: Pelipper
|move|p2a: Dragonite|Tailwind|p2a: Dragonite
|-sidestart|p2: Rainnold_25|move: Tailwind
|
|-weather|RainDance|[upkeep]
|-damage|p1a: Ursaluna|60/100 brn|[from] brn
|-fieldend|move: Trick Room
|upkeep
|turn|9
|inactive|EnigmaEUW has 30 seconds left.
|inactive|EnigmaEUW has 20 seconds left.
|
|t:|1757708831
|move|p1a: Ursaluna|Protect|p1a: Ursaluna
|-singleturn|p1a: Ursaluna|Protect
|move|p2a: Dragonite|Scale Shot|p1b: Amoonguss|[miss]
|-miss|p2a: Dragonite|p1b: Amoonguss
|move|p2b: Pelipper|Hurricane|p1b: Amoonguss
|-supereffective|p1b: Amoonguss
|-damage|p1b: Amoonguss|18/100
|-start|p1b: Amoonguss|confusion
|-enditem|p1b: Amoonguss|Sitrus Berry|[eat]
|-heal|p1b: Amoonguss|43/100|[from] item: Sitrus Berry
|-activate|p1b: Amoonguss|confusion
|move|p1b: Amoonguss|Spore|p2b: Pelipper
|-status|p2b: Pelipper|slp|[from] move: Spore
|
|-weather|RainDance|[upkeep]
|-damage|p1a: Ursaluna|54/100 brn|[from] brn
|upkeep
|turn|10
|inactive|Rainnold_25 has 30 seconds left.
|
|t:|1757708862
|-end|p1b: Amoonguss|confusion
|move|p1b: Amoonguss|Rage Powder|p1b: Amoonguss
|-singleturn|p1b: Amoonguss|move: Rage Powder
|move|p2a: Dragonite|Scale Shot|p1b: Amoonguss
|-damage|p1b: Amoonguss|31/100
|-damage|p1b: Amoonguss|20/100
|-damage|p1b: Amoonguss|10/100
|-damage|p1b: Amoonguss|0 fnt
|faint|p1b: Amoonguss
|-hitcount|p1: Amoonguss|4
|-unboost|p2a: Dragonite|def|1
|-boost|p2a: Dragonite|spe|1
|cant|p2b: Pelipper|slp
|move|p1a: Ursaluna|Facade|p2a: Dragonite
|-damage|p2a: Dragonite|0 fnt
|faint|p2a: Dragonite
|
|-weather|RainDance|[upkeep]
|-damage|p1a: Ursaluna|48/100 brn|[from] brn
|upkeep
|
|t:|1757708882
|switch|p2a: Archaludon|Archaludon, L50, M|45/100
|switch|p1b: Hydreigon|Hydreigon, L50, M|89/100
|turn|11
|inactive|Rainnold_25 has 30 seconds left.
|
|t:|1757708910
|switch|p2b: Sinistcha|Sinistcha, L50|13/100
|-heal|p2a: Archaludon|70/100|[from] ability: Hospitality|[of] p2b: Sinistcha
|-terastallize|p2a: Archaludon|Fighting
|move|p1b: Hydreigon|Protect|p1b: Hydreigon
|-singleturn|p1b: Hydreigon|Protect
|move|p1a: Ursaluna|Protect|p1a: Ursaluna
|-singleturn|p1a: Ursaluna|Protect
|move|p2a: Archaludon|Body Press|p1b: Hydreigon
|-activate|p1b: Hydreigon|move: Protect
|
|-weather|RainDance|[upkeep]
|-damage|p1a: Ursaluna|42/100 brn|[from] brn
|-sideend|p2: Rainnold_25|move: Tailwind
|upkeep
|turn|12
|inactive|Rainnold_25 has 30 seconds left.
|inactive|Rainnold_25 has 20 seconds left.
|inactive|Rainnold_25 has 15 seconds left.
|inactive|Rainnold_25 has 10 seconds left.
|inactive|Rainnold_25 has 5 seconds left.
|
|t:|1757708961
|move|p2b: Sinistcha|Rage Powder|p2b: Sinistcha
|-singleturn|p2b: Sinistcha|move: Rage Powder
|move|p1b: Hydreigon|Tailwind|p1b: Hydreigon
|-sidestart|p1: EnigmaEUW|move: Tailwind
|move|p1a: Ursaluna|Facade|p2b: Sinistcha
|-immune|p2b: Sinistcha
|move|p2a: Archaludon|Body Press|p1a: Ursaluna
|-supereffective|p1a: Ursaluna
|-damage|p1a: Ursaluna|0 fnt
|faint|p1a: Ursaluna
|
|-weather|none
|upkeep
|
|t:|1757708973
|switch|p1a: Incineroar|Incineroar, L50, M, tera:Grass|100/100
|-ability|p1a: Incineroar|Intimidate|boost
|-unboost|p2a: Archaludon|atk|1
|-unboost|p2b: Sinistcha|atk|1
|turn|13
|
|t:|1757708983
|move|p1a: Incineroar|Fake Out|p2a: Archaludon
|-damage|p2a: Archaludon|63/100
|-ability|p2a: Archaludon|Stamina|boost
|-boost|p2a: Archaludon|def|1
|move|p2b: Sinistcha|Rage Powder|p2b: Sinistcha
|-singleturn|p2b: Sinistcha|move: Rage Powder
|move|p1b: Hydreigon|Snarl|p2b: Sinistcha|[spread] p2a,p2b
|-resisted|p2a: Archaludon
|-supereffective|p2b: Sinistcha
|-damage|p2a: Archaludon|57/100
|-damage|p2b: Sinistcha|0 fnt
|-unboost|p2a: Archaludon|spa|1
|-ability|p2a: Archaludon|Stamina|boost
|-boost|p2a: Archaludon|def|1
|faint|p2b: Sinistcha
|cant|p2a: Archaludon|flinch
|
|upkeep
|
|t:|1757708988
|switch|p2b: Pelipper|Pelipper, L50, F|19/100 slp
|-weather|RainDance|[from] ability: Drizzle|[of] p2b: Pelipper
|turn|14
|inactive|EnigmaEUW has 30 seconds left.
|
|t:|1757709014
|-curestatus|p2b: Pelipper|slp|[msg]
|move|p2b: Pelipper|Protect|p2b: Pelipper
|-singleturn|p2b: Pelipper|Protect
|move|p1b: Hydreigon|Draco Meteor|p2a: Archaludon
|-damage|p2a: Archaludon|17/100
|-unboost|p1b: Hydreigon|spa|2
|-ability|p2a: Archaludon|Stamina|boost
|-boost|p2a: Archaludon|def|1
|move|p1a: Incineroar|Knock Off|p2a: Archaludon
|-resisted|p2a: Archaludon
|-damage|p2a: Archaludon|12/100
|-ability|p2a: Archaludon|Stamina|boost
|-boost|p2a: Archaludon|def|1
|-enditem|p2a: Archaludon|Assault Vest|[from] move: Knock Off|[of] p1a: Incineroar
|move|p2a: Archaludon|Body Press|p1b: Hydreigon
|-supereffective|p1b: Hydreigon
|-damage|p1b: Hydreigon|0 fnt
|faint|p1b: Hydreigon
|
|-weather|RainDance|[upkeep]
|upkeep
|turn|15
|inactive|EnigmaEUW has 30 seconds left.
|inactive|Rainnold_25 has 30 seconds left.
|
|t:|1757709042
|move|p1a: Incineroar|Knock Off|p2b: Pelipper
|-damage|p2b: Pelipper|0 fnt
|faint|p2b: Pelipper
|move|p2a: Archaludon|Body Press|p1a: Incineroar
|-damage|p1a: Incineroar|0 fnt
|-damage|p2a: Archaludon|0 fnt|[from] item: Rocky Helmet|[of] p1a: Incineroar
|faint|p1a: Incineroar
|faint|p2a: Archaludon
|
|win|Rainnold_25
||EnigmaEUW is ready for game 2.
|inactive|Rainnold_25 has 30 seconds to confirm battle start!
||Rainnold_25 is ready for game 2.
|uhtml|next|Next: Game 2 of 3
