|j|☆ShabazXVGC
|j|☆mighis111
|html|ShabazXVGCmighis111    
|uhtml|bestof|Game 3 of a best-of-3
|t:|1756907787
|gametype|doubles
|player|p1|ShabazXVGC|marlon|1128
|player|p2|mighis111|101|1083
|gen|9
|tier|[Gen 9] VGC 2025 Reg H (Bo3)
|rated|
|rule|Species Clause: Limit one of each Pokémon
|rule|Item Clause: Limit 1 of each item
|clearpoke
|poke|p1|Rillaboom, L50, M|
|poke|p1|Incineroar, L50, F|
|poke|p1|Weezing-Galar, L50, F|
|poke|p1|Dragapult, L50, F|
|poke|p1|Kingambit, L50, M|
|poke|p1|Porygon2, L50|
|poke|p2|Incineroar, L50, M|
|poke|p2|Ursaluna, L50, F|
|poke|p2|Torkoal, L50, F|
|poke|p2|Porygon2, L50|
|poke|p2|Sinistcha, L50|
|poke|p2|Primarina, L50, F|
|teampreview|4
|showteam|p1|Rillaboom||GrassySeed|GrassySurge|FakeOut,HighHorsepower,GrassyGlide,WoodHammer|||M|||50|,,,,,Fire]Incineroar||AssaultVest|Intimidate|FlareBlitz,KnockOff,Uturn,FakeOut|||F|||50|,,,,,Ghost]Weezing-Galar||SitrusBerry|NeutralizingGas|Protect,PoisonGas,SludgeBomb,DazzlingGleam|||F|||50|,,,,,Water]Dragapult||LifeOrb|ClearBody|DragonDarts,PhantomForce,Uturn,Protect|||F|||50|,,,,,Dragon]Kingambit||SafetyGoggles|Defiant|SuckerPunch,KowtowCleave,Protect,SwordsDance|||M|||50|,,,,,Dragon]Porygon2||Eviolite|Download|TeraBlast,IceBeam,TrickRoom,Recover||||||50|,,,,,Poison
|showteam|p2|Incineroar||SafetyGoggles|Intimidate|FakeOut,KnockOff,FlareBlitz,PartingShot|||M|||50|,,,,,Ghost]Ursaluna||FlameOrb|Guts|HeadlongRush,Facade,Protect,Earthquake|||F|||50|,,,,,Ghost]Torkoal||Charcoal|Drought|Eruption,Protect,WeatherBall,Overheat|||F|||50|,,,,,Fire]Porygon2||Eviolite|Download|TrickRoom,IceBeam,Recover,TeraBlast||||||50|,,,,,Ground]Sinistcha||SitrusBerry|Hospitality|RagePowder,LifeDew,MatchaGotcha,TrickRoom||||||50|,,,,,Dark]Primarina||ThroatSpray|LiquidVoice|HyperVoice,Moonblast,IcyWind,Protect|||F|||50|,,,,,Grass
|
|t:|1756907809
|teamsize|p1|4
|teamsize|p2|4
|start
|switch|p1a: Vegapunk|Porygon2, L50|100/100
|switch|p1b: Caesar|Weezing-Galar, L50, F|100/100
|switch|p2a: Incineroar|Incineroar, L50, M|100/100
|switch|p2b: Porygon2|Porygon2, L50|100/100
|-ability|p1b: Caesar|Neutralizing Gas
|turn|1
|
|t:|1756907839
|-terastallize|p2b: Porygon2|Ground
|move|p2a: Incineroar|Fake Out|p1a: Vegapunk
|-damage|p1a: Vegapunk|94/100
|move|p1b: Caesar|Poison Gas|p2b: Porygon2|[spread] p2a,p2b
|-status|p2a: Incineroar|psn
|-status|p2b: Porygon2|psn
|cant|p1a: Vegapunk|flinch
|move|p2b: Porygon2|Tera Blast|p1b: Caesar|[anim] Tera Blast Ground
|-supereffective|p1b: Caesar
|-damage|p1b: Caesar|23/100
|-enditem|p1b: Caesar|Sitrus Berry|[eat]
|-heal|p1b: Caesar|48/100|[from] item: Sitrus Berry
|
|-damage|p2b: Porygon2|88/100 psn|[from] psn
|-damage|p2a: Incineroar|88/100 psn|[from] psn
|upkeep
|turn|2
|
|t:|1756907866
|-end|p1b: Caesar|ability: Neutralizing Gas
|-ability|p1a: Vegapunk|Download|boost
|-boost|p1a: Vegapunk|spa|1
|-ability|p2b: Porygon2|Download|boost
|-boost|p2b: Porygon2|spa|1
|-ability|p2a: Incineroar|Intimidate|boost
|-unboost|p1a: Vegapunk|atk|1
|-unboost|p1b: Caesar|atk|1
|switch|p1b: Ace|Incineroar, L50, F|100/100
|-ability|p1b: Ace|Intimidate|boost
|-unboost|p2a: Incineroar|atk|1
|-unboost|p2b: Porygon2|atk|1
|move|p1a: Vegapunk|Ice Beam|p2b: Porygon2
|-supereffective|p2b: Porygon2
|-damage|p2b: Porygon2|49/100 psn
|move|p2a: Incineroar|Knock Off|p1a: Vegapunk
|-damage|p1a: Vegapunk|76/100
|-enditem|p1a: Vegapunk|Eviolite|[from] move: Knock Off|[of] p2a: Incineroar
|move|p2b: Porygon2|Tera Blast|p1b: Ace|[anim] Tera Blast Ground
|-supereffective|p1b: Ace
|-damage|p1b: Ace|22/100
|
|-damage|p2a: Incineroar|76/100 psn|[from] psn
|-damage|p2b: Porygon2|37/100 psn|[from] psn
|upkeep
|turn|3
|
|t:|1756907899
|move|p1b: Ace|Fake Out|p2a: Incineroar
|-damage|p2a: Incineroar|63/100 psn
|move|p1a: Vegapunk|Ice Beam|p2b: Porygon2
|-supereffective|p2b: Porygon2
|-damage|p2b: Porygon2|0 fnt
|faint|p2b: Porygon2
|cant|p2a: Incineroar|flinch
|
|-damage|p2a: Incineroar|50/100 psn|[from] psn
|upkeep
|
|t:|1756907906
|switch|p2b: Primarina|Primarina, L50, F|100/100
|turn|4
|
|t:|1756907923
|move|p1b: Ace|U-turn|p2a: Incineroar
|-damage|p2a: Incineroar|31/100 psn
|
|t:|1756907925
|switch|p1b: Caesar|Weezing-Galar, L50, F|48/100|[from] U-turn
|-ability|p1b: Caesar|Neutralizing Gas
|move|p1a: Vegapunk|Tera Blast|p2a: Incineroar
|-damage|p2a: Incineroar|0 fnt
|faint|p2a: Incineroar
|move|p2b: Primarina|Hyper Voice|p1b: Caesar|[spread] p1a,p1b
|-damage|p1a: Vegapunk|54/100
|-damage|p1b: Caesar|18/100
|-enditem|p2b: Primarina|Throat Spray
|-boost|p2b: Primarina|spa|1|[from] item: Throat Spray
|
|upkeep
|
|t:|1756907938
|switch|p2a: Ursaluna|Ursaluna, L50, F|100/100
|turn|5
|
|t:|1756907949
|-end|p1b: Caesar|ability: Neutralizing Gas
|-ability|p1a: Vegapunk|Download|boost
|-boost|p1a: Vegapunk|atk|1
|switch|p1b: Ace|Incineroar, L50, F|22/100
|-ability|p1b: Ace|Intimidate|boost
|-unboost|p2a: Ursaluna|atk|1
|-unboost|p2b: Primarina|atk|1
|move|p2b: Primarina|Protect|p2b: Primarina
|-singleturn|p2b: Primarina|Protect
|move|p1a: Vegapunk|Recover|p1a: Vegapunk
|-heal|p1a: Vegapunk|100/100
|move|p2a: Ursaluna|Earthquake|p1a: Vegapunk|[spread] p1a,p1b
|-activate|p2b: Primarina|move: Protect
|-supereffective|p1b: Ace
|-damage|p1a: Vegapunk|80/100
|-damage|p1b: Ace|0 fnt
|faint|p1b: Ace
|
|-status|p2a: Ursaluna|brn|[from] item: Flame Orb
|upkeep
|
|t:|1756907965
|switch|p1b: Liberation|Rillaboom, L50, M, shiny|100/100
|-fieldstart|move: Grassy Terrain|[from] ability: Grassy Surge|[of] p1b: Liberation
|-enditem|p1b: Liberation|Grassy Seed
|-boost|p1b: Liberation|def|1|[from] item: Grassy Seed
|turn|6
|
|t:|1756907983
|move|p2a: Ursaluna|Protect|p2a: Ursaluna
|-singleturn|p2a: Ursaluna|Protect
|move|p1b: Liberation|Wood Hammer|p2b: Primarina
|-supereffective|p2b: Primarina
|-damage|p2b: Primarina|0 fnt
|faint|p2b: Primarina
|-damage|p1b: Liberation|65/100|[from] Recoil
|move|p1a: Vegapunk|Ice Beam|p2a: Ursaluna
|-activate|p2a: Ursaluna|move: Protect
|
|-heal|p1b: Liberation|72/100|[from] Grassy Terrain
|-heal|p1a: Vegapunk|86/100|[from] Grassy Terrain
|-damage|p2a: Ursaluna|95/100 brn|[from] brn
|upkeep
|turn|7
|-message|mighis111 forfeited.
|
|win|ShabazXVGC
|raw|ShabazXVGC's rating: 1128 → 1150(+22 for winning)
|raw|mighis111's rating: 1083 → 1063(-20 for losing)
|l|☆mighis111
|player|p2|
