|j|☆Arman136821
|j|☆SupernovaSZ8
|html|Arman136821SupernovaSZ8    
|uhtml|bestof|Game 3 of a best-of-3
|t:|1785645742
|gametype|doubles
|player|p1|Arman136821|benga|1128
|player|p2|SupernovaSZ8|canari|1184
|gen|9
|tier|[Gen 9 Champions] VGC 2026 Reg M-B (Bo3)
|rated|
|rule|Species Clause: Limit one of each Pokémon
|rule|Item Clause: Limit 1 of each item
|clearpoke
|poke|p1|Dragonite, L50, F, shiny|
|poke|p1|Pelipper, L50, F|
|poke|p1|Archaludon, L50, F, shiny|
|poke|p1|Sneasler, L50, F|
|poke|p1|Meganium, L50, M|
|poke|p1|Sinistcha-Masterpiece, L50|
|poke|p2|Whimsicott, L50, F, shiny|
|poke|p2|Charizard, L50, F|
|poke|p2|Floette-Eternal, L50, F|
|poke|p2|Basculegion, L50, M|
|poke|p2|Garchomp, L50, F|
|poke|p2|Farigiraf, L50, F, shiny|
|teampreview|4
|showteam|p1|Dragonite||Dragoninite|Multiscale|Hurricane,Thunder,Flamethrower,DracoMeteor|Modest||F|||50|]Pelipper||SitrusBerry|Drizzle|WeatherBall,Tailwind,WideGuard,Hurricane|Timid||F|||50|]Archaludon||Leftovers|Stamina|ElectroShot,DracoMeteor,AuraSphere,FlashCannon|Modest||F|||50|]Sneasler||FocusSash|PoisonTouch|CloseCombat,DireClaw,FakeOut,RockSlide|Adamant||F|||50|]Meganium||Meganiumite|Overgrow|WeatherBall,DazzlingGleam,SolarBeam,EarthPower|Modest||M|||50|]Sinistcha-Masterpiece||KasibBerry|Hospitality|MatchaGotcha,ShadowBall,Scald,Protect|Modest|||||50|
|showteam|p2|Whimsicott||FocusSash|Prankster|Moonblast,FakeTears,SunnyDay,Tailwind|Modest||F|||50|]Charizard||CharizarditeY|SolarPower|HeatWave,WeatherBall,SolarBeam,Protect|Modest||F|||50|]Floette-Eternal||Floettite|FlowerVeil|Moonblast,LightofRuin,DazzlingGleam,Protect|Modest||F|||50|]Basculegion||ChoiceScarf|Adaptability|LastRespects,WaveCrash,FlipTurn,AquaJet|Adamant||M|||50|]Garchomp||WhiteHerb|RoughSkin|Earthquake,StompingTantrum,RockSlide,Protect|Jolly||F|||50|]Farigiraf||ColburBerry|ArmorTail|HyperVoice,TwinBeam,TrickRoom,Protect|Modest||F|||50|
|inactive|Battle timer is ON: inactive players will automatically lose when time's up. (requested by Arman136821)
|
|t:|1785645753
|teamsize|p1|4
|teamsize|p2|4
|start
|switch|p1a: Dragonite|Dragonite, L50, F, shiny|100/100
|switch|p1b: Pelipper|Pelipper, L50, F|100/100
|switch|p2a: Whimsicott|Whimsicott, L50, F, shiny|100/100
|switch|p2b: Floette|Floette-Eternal, L50, F|100/100
|-weather|RainDance|[from] ability: Drizzle|[of] p1b: Pelipper
|turn|1
|
|t:|1785645775
|switch|p1a: Sneasler|Sneasler, L50, F|100/100
|detailschange|p2b: Floette|Floette-Mega, L50, F
|-mega|p2b: Floette|Floette|Floettite
|-ability|p2b: Floette|Fairy Aura
|move|p2a: Whimsicott|Tailwind|p2a: Whimsicott
|-sidestart|p2: SupernovaSZ8|move: Tailwind
|move|p2b: Floette|Moonblast|p1b: Pelipper
|-damage|p1b: Pelipper|0 fnt
|faint|p1b: Pelipper
|
|-weather|RainDance|[upkeep]
|upkeep
|
|t:|1785645789
|switch|p1b: Archaludon|Archaludon, L50, F, shiny|100/100
|turn|2
|
|t:|1785645796
|switch|p2a: Garchomp|Garchomp, L50, F|100/100
|move|p2b: Floette|Protect|p2b: Floette
|-singleturn|p2b: Floette|Protect
|move|p1a: Sneasler|Dire Claw|p2b: Floette
|-activate|p2b: Floette|move: Protect
|move|p1b: Archaludon|Flash Cannon|p2a: Garchomp
|-crit|p2a: Garchomp
|-damage|p2a: Garchomp|29/100
|-unboost|p2a: Garchomp|spd|1
|-enditem|p2a: Garchomp|White Herb
|-clearnegativeboost|p2a: Garchomp|[silent]
|
|-weather|RainDance|[upkeep]
|upkeep
|turn|3
|
|t:|1785645814
|move|p2a: Garchomp|Rock Slide|p1a: Sneasler|[spread] p1a,p1b
|-resisted|p1a: Sneasler|1
|-resisted|p1b: Archaludon|1
|-damage|p1a: Sneasler|83/100
|-damage|p1b: Archaludon|93/100
|-ability|p1b: Archaludon|Stamina|boost
|-boost|p1b: Archaludon|def|1
|move|p2b: Floette|Light of Ruin|p1b: Archaludon
|-damage|p1b: Archaludon|0 fnt
|faint|p1b: Archaludon
|-damage|p2b: Floette|38/100|[from] Recoil
|move|p1a: Sneasler|Dire Claw|p2b: Floette
|-supereffective|p2b: Floette|1
|-damage|p2b: Floette|0 fnt
|faint|p2b: Floette
|
|-weather|RainDance|[upkeep]
|upkeep
|
|t:|1785645831
|switch|p2b: Whimsicott|Whimsicott, L50, F, shiny|100/100
|switch|p1b: Dragonite|Dragonite, L50, F, shiny|100/100
|turn|4
|
|t:|1785645841
|detailschange|p1b: Dragonite|Dragonite-Mega, L50, F, shiny
|-mega|p1b: Dragonite|Dragonite|Dragoninite
|move|p2a: Garchomp|Stomping Tantrum|p1a: Sneasler
|-supereffective|p1a: Sneasler|1
|-damage|p1a: Sneasler|0 fnt
|faint|p1a: Sneasler
|move|p2b: Whimsicott|Moonblast|p1b: Dragonite
|-supereffective|p1b: Dragonite|1
|-crit|p1b: Dragonite
|-damage|p1b: Dragonite|44/100
|move|p1b: Dragonite|Hurricane|p2a: Garchomp
|-damage|p2a: Garchomp|0 fnt
|faint|p2a: Garchomp
|
|-weather|RainDance|[upkeep]
|-sideend|p2: SupernovaSZ8|move: Tailwind
|upkeep
|
|t:|1785645851
|switch|p2a: Basculegion|Basculegion, L50, M|100/100
|turn|5
|
|t:|1785645859
|move|p2b: Whimsicott|Sunny Day|p2b: Whimsicott
|-weather|SunnyDay
|move|p2a: Basculegion|Last Respects|p1b: Dragonite
|-damage|p1b: Dragonite|0 fnt
|faint|p1b: Dragonite
|
|win|SupernovaSZ8
|raw|Arman136821's rating: 1128 → 1107(-21 for losing)
|raw|SupernovaSZ8's rating: 1184 → 1205(+21 for winning)
|l|☆Arman136821
|player|p1|
