|j|☆ChimcharBot
|j|☆efwefwefwefweifier
|html|ChimcharBotefwefwefwefweifier    
|uhtml|bestof|Game 3 of a best-of-3
|t:|1784028805
|gametype|doubles
|player|p1|ChimcharBot|koga|1196
|player|p2|efwefwefwefweifier|clown|1305
|gen|9
|tier|[Gen 9 Champions] VGC 2026 Reg M-B (Bo3)
|rated|
|rule|Species Clause: Limit one of each Pokémon
|rule|Item Clause: Limit 1 of each item
|clearpoke
|poke|p1|Floette-Eternal, L50, F|
|poke|p1|Aerodactyl, L50, M|
|poke|p1|Garchomp, L50, M|
|poke|p1|Incineroar, L50, M|
|poke|p1|Sinistcha-Masterpiece, L50|
|poke|p1|Kingambit, L50, F|
|poke|p2|Armarouge, L50, M|
|poke|p2|Sinistcha, L50|
|poke|p2|Floette-Eternal, L50, F|
|poke|p2|Incineroar, L50, F, shiny|
|poke|p2|Sneasler, L50, M|
|poke|p2|Hydreigon, L50, M|
|teampreview|4
|showteam|p1|Floette-Eternal||Floettite|FlowerVeil|Protect,DazzlingGleam,Moonblast,CalmMind|Modest||F|||50|]Aerodactyl||Aerodactylite|Unnerve|Protect,Tailwind,DualWingbeat,RockSlide|Jolly||M|||50|]Garchomp||SitrusBerry|RoughSkin|Protect,DragonClaw,StompingTantrum,RockSlide|Adamant||M|||50|]Incineroar||PasshoBerry|Intimidate|FlareBlitz,ThroatChop,PartingShot,FakeOut|Careful||M|||50|]Sinistcha-Masterpiece||KasibBerry|Hospitality|Protect,RagePowder,MatchaGotcha,TrickRoom|Bold|||||50|]Kingambit||BlackGlasses|Defiant|Protect,KowtowCleave,SuckerPunch,SwordsDance|Adamant||F|||50|
|showteam|p2|Armarouge||ColburBerry|FlashFire|HeatWave,Psychic,CalmMind,Protect|Modest||M|||50|]Sinistcha||KasibBerry|Hospitality|MatchaGotcha,RagePowder,LifeDew,TrickRoom|Calm|||||50|]Floette-Eternal||Floettite|FlowerVeil|Moonblast,DrainingKiss,CalmMind,Protect|Modest||F|||50|]Incineroar||SitrusBerry|Intimidate|FlareBlitz,FakeOut,PartingShot,Taunt|Impish||F|||50|]Sneasler||FocusSash|PoisonTouch|CloseCombat,PoisonJab,FakeOut,QuickGuard|Jolly||M|||50|]Hydreigon||ChoiceScarf|Levitate|DracoMeteor,DarkPulse,Snarl,EarthPower|Modest||M|||50|
|inactive|Battle timer is ON: inactive players will automatically lose when time's up. (requested by efwefwefwefweifier)
|inactive|ChimcharBot has 60 seconds left.
|inactive|ChimcharBot has 30 seconds left.
|inactive|ChimcharBot has 20 seconds left.
|inactive|ChimcharBot has 15 seconds left.
|inactive|ChimcharBot has 10 seconds left.
|
|t:|1784028890
|teamsize|p1|4
|teamsize|p2|4
|start
|switch|p1a: Incineroar|Incineroar, L50, M|100/100
|switch|p1b: Aerodactyl|Aerodactyl, L50, M|100/100
|switch|p2a: Flowa Powa|Floette-Eternal, L50, F|100/100
|switch|p2b: Poison Foison|Sneasler, L50, M|100/100
|-ability|p1b: Aerodactyl|Unnerve
|-ability|p1a: Incineroar|Intimidate|boost
|-unboost|p2a: Flowa Powa|atk|1
|-unboost|p2b: Poison Foison|atk|1
|turn|1
|
|t:|1784028906
|switch|p2b: Merry Berry|Incineroar, L50, F, shiny|100/100
|-ability|p2b: Merry Berry|Intimidate|boost
|-unboost|p1a: Incineroar|atk|1
|-unboost|p1b: Aerodactyl|atk|1
|detailschange|p1b: Aerodactyl|Aerodactyl-Mega, L50, M
|-mega|p1b: Aerodactyl|Aerodactyl|Aerodactylite
|detailschange|p2a: Flowa Powa|Floette-Mega, L50, F
|-mega|p2a: Flowa Powa|Floette|Floettite
|-ability|p2a: Flowa Powa|Fairy Aura
|move|p1a: Incineroar|Fake Out|p2a: Flowa Powa
|-damage|p2a: Flowa Powa|91/100
|move|p1b: Aerodactyl|Dual Wingbeat|p2b: Merry Berry
|-damage|p2b: Merry Berry|83/100
|-damage|p2b: Merry Berry|68/100
|-hitcount|p2b: Merry Berry|2
|cant|p2a: Flowa Powa|flinch
|
|upkeep
|turn|2
|inactive|ChimcharBot has 30 seconds left.
|
|t:|1784028933
|move|p2b: Merry Berry|Fake Out|p1a: Incineroar
|-damage|p1a: Incineroar|90/100
|move|p1b: Aerodactyl|Rock Slide|p2b: Merry Berry|[spread] p2a,p2b
|-supereffective|p2b: Merry Berry|1
|-damage|p2a: Flowa Powa|67/100
|-damage|p2b: Merry Berry|38/100
|-enditem|p2b: Merry Berry|Sitrus Berry|[eat]
|-heal|p2b: Merry Berry|63/100|[from] item: Sitrus Berry
|move|p2a: Flowa Powa|Calm Mind|p2a: Flowa Powa
|-boost|p2a: Flowa Powa|spa|1
|-boost|p2a: Flowa Powa|spd|1
|cant|p1a: Incineroar|flinch
|
|upkeep
|turn|3
|inactive|efwefwefwefweifier has 30 seconds left.
|
|t:|1784028966
|move|p1b: Aerodactyl|Rock Slide|p2b: Merry Berry|[spread] p2a,p2b
|-supereffective|p2b: Merry Berry|1
|-damage|p2a: Flowa Powa|45/100
|-damage|p2b: Merry Berry|30/100
|move|p2a: Flowa Powa|Moonblast|p1b: Aerodactyl
|-damage|p1b: Aerodactyl|0 fnt
|faint|p1b: Aerodactyl
|move|p2b: Merry Berry|Flare Blitz|p1a: Incineroar
|-resisted|p1a: Incineroar|1
|-damage|p1a: Incineroar|69/100
|-damage|p2b: Merry Berry|23/100|[from] Recoil
|move|p1a: Incineroar|Parting Shot|p2a: Flowa Powa
|-unboost|p2a: Flowa Powa|atk|1
|-unboost|p2a: Flowa Powa|spa|1
|
|t:|1784028986
|switch|p1a: Kingambit|Kingambit, L50, F|100/100|[from] Parting Shot
|
|upkeep
|
|t:|1784028988
|switch|p1b: Garchomp|Garchomp, L50, M|100/100
|turn|4
|
|t:|1784029011
|switch|p2b: Spinny Sinny|Sinistcha, L50|100/100
|-heal|p2a: Flowa Powa|70/100|[from] ability: Hospitality|[of] p2b: Spinny Sinny
|move|p2a: Flowa Powa|Protect|p2a: Flowa Powa
|-singleturn|p2a: Flowa Powa|Protect
|move|p1b: Garchomp|Rock Slide|p2b: Spinny Sinny|[spread] p2b
|-activate|p2a: Flowa Powa|move: Protect
|-damage|p2b: Spinny Sinny|81/100
|move|p1a: Kingambit|Swords Dance|p1a: Kingambit
|-boost|p1a: Kingambit|atk|2
|
|upkeep
|turn|5
|
|t:|1784029034
|switch|p1b: Incineroar|Incineroar, L50, M|69/100
|-ability|p1b: Incineroar|Intimidate|boost
|-unboost|p2a: Flowa Powa|atk|1
|-unboost|p2b: Spinny Sinny|atk|1
|move|p2a: Flowa Powa|Moonblast|p1a: Kingambit
|-damage|p1a: Kingambit|28/100
|move|p2b: Spinny Sinny|Matcha Gotcha|p1a: Kingambit|[spread] p1a,p1b
|-resisted|p1a: Kingambit|1
|-resisted|p1b: Incineroar|1
|-damage|p1a: Kingambit|18/100
|-heal|p2b: Spinny Sinny|87/100|[from] drain|[of] p1a: Kingambit
|-damage|p1b: Incineroar|60/100
|-heal|p2b: Spinny Sinny|93/100|[from] drain|[of] p1b: Incineroar
|move|p1a: Kingambit|Kowtow Cleave|p2a: Flowa Powa
|-resisted|p2a: Flowa Powa|1
|-damage|p2a: Flowa Powa|1/100
|
|upkeep
|turn|6
|inactive|efwefwefwefweifier has 30 seconds left.
|inactive|ChimcharBot has 30 seconds left.
|
|t:|1784029072
|move|p2a: Flowa Powa|Protect|p2a: Flowa Powa
|-singleturn|p2a: Flowa Powa|Protect
|move|p1b: Incineroar|Fake Out|p2a: Flowa Powa
|-activate|p2a: Flowa Powa|move: Protect
|move|p1a: Kingambit|Sucker Punch||[still]
|-fail|p1a: Kingambit
|move|p2b: Spinny Sinny|Life Dew|p2b: Spinny Sinny|[spread] p2a,p2b
|-heal|p2a: Flowa Powa|25/100
|-heal|p2b: Spinny Sinny|100/100
|
|upkeep
|turn|7
|inactive|efwefwefwefweifier has 30 seconds left.
|inactive|ChimcharBot has 30 seconds left.
|
|t:|1784029102
|move|p2b: Spinny Sinny|Rage Powder|p2b: Spinny Sinny
|-singleturn|p2b: Spinny Sinny|move: Rage Powder
|move|p1a: Kingambit|Sucker Punch||[still]
|-fail|p1a: Kingambit
|move|p2a: Flowa Powa|Draining Kiss|p1a: Kingambit
|-damage|p1a: Kingambit|0 fnt
|-heal|p2a: Flowa Powa|42/100|[from] drain|[of] p1a: Kingambit
|faint|p1a: Kingambit
|move|p1b: Incineroar|Parting Shot|p2b: Spinny Sinny
|-unboost|p2b: Spinny Sinny|atk|1
|-unboost|p2b: Spinny Sinny|spa|1
|-message|ChimcharBot forfeited.
|
|win|efwefwefwefweifier
|raw|ChimcharBot's rating: 1196 → 1179(-17 for losing)
|raw|efwefwefwefweifier's rating: 1305 → 1319(+14 for winning)
|l|☆ChimcharBot
|player|p1|
