|j|☆NicoHax
|j|☆edhen
|html|NicoHaxedhen    
|uhtml|bestof|Game 2 of a best-of-3
|t:|1756486785
|gametype|doubles
|player|p1|NicoHax|ethan|1334
|player|p2|edhen|clair|1298
|gen|9
|tier|[Gen 9] VGC 2025 Reg H (Bo3)
|rated|
|rule|Species Clause: Limit one of each Pokémon
|rule|Item Clause: Limit 1 of each item
|clearpoke
|poke|p1|Sneasler, L50, M|
|poke|p1|Volcarona, L50, F|
|poke|p1|Baxcalibur, L50, M|
|poke|p1|Rillaboom, L50, M|
|poke|p1|Kingambit, L50, M|
|poke|p1|Dondozo, L50, M|
|poke|p2|Pelipper, L50, F|
|poke|p2|Archaludon, L50, F|
|poke|p2|Comfey, L50, M|
|poke|p2|Rillaboom, L50, F|
|poke|p2|Basculegion, L50, M|
|poke|p2|Volcarona, L50, F|
|teampreview|4
|showteam|p1|Sneasler||FocusSash|Unburden|CloseCombat,DireClaw,Coaching,Protect|||M|||50|,,,,,Stellar]Volcarona||CovertCloak|FlameBody|QuiverDance,HeatWave,TeraBlast,Protect|||F|||50|,,,,,Fairy]Baxcalibur||LoadedDice|ThermalExchange|Protect,IceShard,ScaleShot,IcicleSpear|||M|||50|,,,,,Ghost]Rillaboom||AssaultVest|GrassySurge|WoodHammer,GrassyGlide,HighHorsepower,FakeOut|||M|||50|,,,,,Water]Kingambit||SafetyGoggles|Defiant|KowtowCleave,SuckerPunch,SwordsDance,Protect|||M|||50|,,,,,Ghost]Dondozo||Leftovers|Unaware|Protect,Yawn,Liquidation,Fissure|||M|||50|,,,,,Poison
|showteam|p2|Pelipper||FocusSash|Drizzle|WeatherBall,Hurricane,Tailwind,Protect|||F|||50|,,,,,Ghost]Archaludon||AssaultVest|Stamina|ElectroShot,BodyPress,FlashCannon,DragonPulse|||F|||50|,,,,,Fairy]Comfey||WikiBerry|Triage|Protect,FloralHealing,DrainingKiss,Taunt|||M|||50|,,,,,Steel]Rillaboom||LoadedDice|GrassySurge|BulletSeed,GrassyGlide,FakeOut,HighHorsepower|||F|||50|,,,,,Water]Basculegion||ChoiceBand|SwiftSwim|LastRespects,WaveCrash,AquaJet,FlipTurn|||M|||50|,,,,,Water]Volcarona||GrassySeed|FlameBody|QuiverDance,GigaDrain,HeatWave,WillOWisp|||F|||50|,,,,,Water
|
|t:|1756486871
|teamsize|p1|4
|teamsize|p2|4
|start
|switch|p1a: Laertes|Sneasler, L50, M|100/100
|switch|p1b: Carmy|Dondozo, L50, M|100/100
|switch|p2a: Rillaboom|Rillaboom, L50, F|100/100
|switch|p2b: Archaludon|Archaludon, L50, F|100/100
|-fieldstart|move: Grassy Terrain|[from] ability: Grassy Surge|[of] p2a: Rillaboom
|turn|1
|
|t:|1756486891
|-terastallize|p1b: Carmy|Poison
|move|p2a: Rillaboom|Fake Out|p1a: Laertes
|-damage|p1a: Laertes|78/100
|cant|p1a: Laertes|flinch
|move|p2b: Archaludon|Dragon Pulse|p1a: Laertes
|-damage|p1a: Laertes|21/100
|move|p1b: Carmy|Yawn|p2b: Archaludon
|-start|p2b: Archaludon|move: Yawn|[of] p1b: Carmy
|
|-heal|p1a: Laertes|27/100|[from] Grassy Terrain
|upkeep
|turn|2
|
|t:|1756486902
|switch|p2b: Volcarona|Volcarona, L50, F|100/100
|-enditem|p2b: Volcarona|Grassy Seed
|-boost|p2b: Volcarona|def|1|[from] item: Grassy Seed
|move|p1a: Laertes|Protect|p1a: Laertes
|-singleturn|p1a: Laertes|Protect
|move|p2a: Rillaboom|Grassy Glide|p1a: Laertes
|-activate|p1a: Laertes|move: Protect
|move|p1b: Carmy|Yawn|p2a: Rillaboom
|-start|p2a: Rillaboom|move: Yawn|[of] p1b: Carmy
|
|-heal|p1a: Laertes|33/100|[from] Grassy Terrain
|upkeep
|turn|3
|
|t:|1756486910
|switch|p2a: Archaludon|Archaludon, L50, F|100/100
|move|p1a: Laertes|Coaching|p1b: Carmy
|-boost|p1b: Carmy|atk|1
|-boost|p1b: Carmy|def|1
|move|p2b: Volcarona|Will-O-Wisp|p1b: Carmy
|-status|p1b: Carmy|brn
|move|p1b: Carmy|Liquidation|p2b: Volcarona
|-supereffective|p2b: Volcarona
|-damage|p2b: Volcarona|39/100
|
|-heal|p1a: Laertes|38/100|[from] Grassy Terrain
|-heal|p2b: Volcarona|45/100|[from] Grassy Terrain
|-damage|p1b: Carmy|94/100 brn|[from] brn
|upkeep
|turn|4
|
|t:|1756486942
|-terastallize|p2a: Archaludon|Fairy
|move|p1a: Laertes|Dire Claw|p2b: Volcarona
|-damage|p2b: Volcarona|9/100
|move|p2b: Volcarona|Heat Wave|p1a: Laertes|[spread] p1b
|-miss|p2b: Volcarona|p1a: Laertes
|-damage|p1b: Carmy|70/100 brn
|move|p2a: Archaludon|Dragon Pulse|p1a: Laertes
|-damage|p1a: Laertes|0 fnt
|faint|p1a: Laertes
|move|p1b: Carmy|Yawn|p2a: Archaludon
|-start|p2a: Archaludon|move: Yawn|[of] p1b: Carmy
|
|-heal|p2b: Volcarona|15/100|[from] Grassy Terrain
|-heal|p1b: Carmy|76/100 brn|[from] Grassy Terrain
|-heal|p1b: Carmy|82/100 brn|[from] item: Leftovers
|-damage|p1b: Carmy|76/100 brn|[from] brn
|upkeep
|
|t:|1756486960
|switch|p1a: Kaisen|Kingambit, L50, M|100/100
|turn|5
|
|t:|1756486983
|switch|p2a: Comfey|Comfey, L50, M|100/100
|move|p1a: Kaisen|Sucker Punch|p2b: Volcarona
|-damage|p2b: Volcarona|0 fnt
|faint|p2b: Volcarona
|move|p1b: Carmy|Fissure|p2a: Comfey|[miss]
|-miss|p1b: Carmy|p2a: Comfey
|
|-heal|p1b: Carmy|82/100 brn|[from] Grassy Terrain
|-heal|p1b: Carmy|88/100 brn|[from] item: Leftovers
|-damage|p1b: Carmy|82/100 brn|[from] brn
|-fieldend|move: Grassy Terrain
|upkeep
|
|t:|1756486999
|switch|p2b: Rillaboom|Rillaboom, L50, F|100/100
|-fieldstart|move: Grassy Terrain|[from] ability: Grassy Surge|[of] p2b: Rillaboom
|turn|6
|
|t:|1756487026
|switch|p2a: Archaludon|Archaludon, L50, F, tera:Fairy|100/100
|move|p2b: Rillaboom|Bullet Seed|p2a: Archaludon
|-damage|p2a: Archaludon|88/100
|-ability|p2a: Archaludon|Stamina|boost
|-boost|p2a: Archaludon|def|1
|-damage|p2a: Archaludon|80/100
|-ability|p2a: Archaludon|Stamina|boost
|-boost|p2a: Archaludon|def|1
|-damage|p2a: Archaludon|74/100
|-ability|p2a: Archaludon|Stamina|boost
|-boost|p2a: Archaludon|def|1
|-damage|p2a: Archaludon|70/100
|-ability|p2a: Archaludon|Stamina|boost
|-boost|p2a: Archaludon|def|1
|-damage|p2a: Archaludon|65/100
|-ability|p2a: Archaludon|Stamina|boost
|-boost|p2a: Archaludon|def|1
|-hitcount|p2a: Archaludon|5
|move|p1a: Kaisen|Swords Dance|p1a: Kaisen
|-boost|p1a: Kaisen|atk|2
|move|p1b: Carmy|Yawn|p2a: Archaludon
|-start|p2a: Archaludon|move: Yawn|[of] p1b: Carmy
|
|-heal|p2a: Archaludon|71/100|[from] Grassy Terrain
|-heal|p1b: Carmy|88/100 brn|[from] Grassy Terrain
|-heal|p1b: Carmy|95/100 brn|[from] item: Leftovers
|-damage|p1b: Carmy|88/100 brn|[from] brn
|upkeep
|turn|7
|
|t:|1756487075
|move|p1a: Kaisen|Protect|p1a: Kaisen
|-singleturn|p1a: Kaisen|Protect
|move|p2b: Rillaboom|High Horsepower|p1b: Carmy
|-supereffective|p1b: Carmy
|-damage|p1b: Carmy|65/100 brn
|move|p2a: Archaludon|Body Press|p1a: Kaisen
|-activate|p1a: Kaisen|move: Protect
|move|p1b: Carmy|Liquidation|p2a: Archaludon
|-damage|p2a: Archaludon|54/100
|-ability|p2a: Archaludon|Stamina|boost
|-boost|p2a: Archaludon|def|1
|
|-heal|p2a: Archaludon|60/100|[from] Grassy Terrain
|-heal|p1b: Carmy|71/100 brn|[from] Grassy Terrain
|-heal|p1b: Carmy|77/100 brn|[from] item: Leftovers
|-damage|p1b: Carmy|71/100 brn|[from] brn
|-end|p2a: Archaludon|move: Yawn|[silent]
|-status|p2a: Archaludon|slp
|upkeep
|turn|8
|
|t:|1756487090
|switch|p2b: Comfey|Comfey, L50, M|100/100
|cant|p2a: Archaludon|slp
|move|p1a: Kaisen|Kowtow Cleave|p2b: Comfey
|-resisted|p2b: Comfey
|-damage|p2b: Comfey|56/100
|move|p1b: Carmy|Fissure|p2a: Archaludon
|-damage|p2a: Archaludon|0 fnt
|faint|p2a: Archaludon
|-ohko
|
|-heal|p2b: Comfey|62/100|[from] Grassy Terrain
|-heal|p1b: Carmy|77/100 brn|[from] Grassy Terrain
|-heal|p1b: Carmy|84/100 brn|[from] item: Leftovers
|-damage|p1b: Carmy|77/100 brn|[from] brn
|upkeep
|
|t:|1756487099
|switch|p2a: Rillaboom|Rillaboom, L50, F|100/100
|turn|9
|
|t:|1756487110
|move|p2b: Comfey|Draining Kiss|p1a: Kaisen
|-damage|p1a: Kaisen|87/100
|-heal|p2b: Comfey|75/100|[from] drain|[of] p1a: Kaisen
|move|p2a: Rillaboom|High Horsepower|p1a: Kaisen
|-supereffective|p1a: Kaisen
|-damage|p1a: Kaisen|42/100
|move|p1a: Kaisen|Kowtow Cleave|p2a: Rillaboom
|-damage|p2a: Rillaboom|12/100
|move|p1b: Carmy|Yawn|p2a: Rillaboom
|-start|p2a: Rillaboom|move: Yawn|[of] p1b: Carmy
|
|-heal|p2b: Comfey|81/100|[from] Grassy Terrain
|-heal|p2a: Rillaboom|18/100|[from] Grassy Terrain
|-heal|p1a: Kaisen|47/100|[from] Grassy Terrain
|-heal|p1b: Carmy|84/100 brn|[from] Grassy Terrain
|-heal|p1b: Carmy|90/100 brn|[from] item: Leftovers
|-damage|p1b: Carmy|84/100 brn|[from] brn
|upkeep
|turn|10
|
|t:|1756487123
|move|p1a: Kaisen|Protect|p1a: Kaisen
|-singleturn|p1a: Kaisen|Protect
|move|p2b: Comfey|Floral Healing|p2a: Rillaboom
|-heal|p2a: Rillaboom|85/100
|move|p2a: Rillaboom|Bullet Seed|p1b: Carmy
|-resisted|p1b: Carmy
|-damage|p1b: Carmy|80/100 brn
|-resisted|p1b: Carmy
|-damage|p1b: Carmy|77/100 brn
|-resisted|p1b: Carmy
|-damage|p1b: Carmy|74/100 brn
|-resisted|p1b: Carmy
|-damage|p1b: Carmy|70/100 brn
|-resisted|p1b: Carmy
|-damage|p1b: Carmy|67/100 brn
|-hitcount|p1b: Carmy|5
|move|p1b: Carmy|Liquidation|p2a: Rillaboom
|-resisted|p2a: Rillaboom
|-damage|p2a: Rillaboom|75/100
|
|-heal|p2b: Comfey|87/100|[from] Grassy Terrain
|-heal|p2a: Rillaboom|81/100|[from] Grassy Terrain
|-heal|p1a: Kaisen|53/100|[from] Grassy Terrain
|-heal|p1b: Carmy|73/100 brn|[from] Grassy Terrain
|-heal|p1b: Carmy|79/100 brn|[from] item: Leftovers
|-damage|p1b: Carmy|73/100 brn|[from] brn
|-end|p2a: Rillaboom|move: Yawn|[silent]
|-status|p2a: Rillaboom|slp
|-fieldend|move: Grassy Terrain
|upkeep
|turn|11
|
|t:|1756487137
|move|p2b: Comfey|Draining Kiss|p1a: Kaisen
|-damage|p1a: Kaisen|40/100
|-heal|p2b: Comfey|99/100|[from] drain|[of] p1a: Kaisen
|cant|p2a: Rillaboom|slp
|move|p1a: Kaisen|Kowtow Cleave|p2a: Rillaboom
|-damage|p2a: Rillaboom|0 fnt
|faint|p2a: Rillaboom
|move|p1b: Carmy|Yawn|p2b: Comfey
|-start|p2b: Comfey|move: Yawn|[of] p1b: Carmy
|
|-heal|p1b: Carmy|79/100 brn|[from] item: Leftovers
|-damage|p1b: Carmy|73/100 brn|[from] brn
|upkeep
|turn|12
|-message|edhen forfeited.
|
|win|NicoHax
|raw|NicoHax's rating: 1334 → 1352(+18 for winning)
|raw|edhen's rating: 1298 → 1276(-22 for losing)
|l|☆edhen
|player|p2|
|l|☆NicoHax
|player|p1|
|j|☆NicoHax
|player|p1|NicoHax|ethan|
