|j|☆nightcelestial
|j|☆John Plot
|html|nightcelestialJohn Plot    
|uhtml|bestof|Game 2 of a best-of-3
|t:|1757910046
|gametype|doubles
|player|p1|nightcelestial|red|1070
|player|p2|John Plot|170|1170
|gen|9
|tier|[Gen 9] VGC 2025 Reg H (Bo3)
|rated|
|rule|Species Clause: Limit one of each Pokémon
|rule|Item Clause: Limit 1 of each item
|clearpoke
|poke|p1|Feraligatr, L50, M|
|poke|p1|Ursaluna-Bloodmoon, L50, M|
|poke|p1|Magmar, L50, F|
|poke|p1|Gholdengo, L50|
|poke|p1|Whimsicott, L50, F|
|poke|p1|Sneasler, L50, F|
|poke|p2|Arcanine-Hisui, L50, F|
|poke|p2|Rillaboom, L50, M|
|poke|p2|Dragonite, L50, M|
|poke|p2|Sneasler, L50, M|
|poke|p2|Ninetales-Alola, L50, F|
|poke|p2|Gholdengo, L50|
|teampreview|4
|showteam|p1|Feraligatr||LifeOrb|SheerForce|Protect,Liquidation,IcePunch,Crunch|||M|||50|,,,,,Stellar]Ursaluna-Bloodmoon||AssaultVest|MindsEye|BloodMoon,HyperVoice,EarthPower,VacuumWave|||M|||50|,,,,,Ghost]Magmar||Eviolite|FlameBody|Overheat,FollowMe,ClearSmog,Protect|||F|||50|,,,,,Ghost]Gholdengo||SitrusBerry|GoodasGold|MakeItRain,NastyPlot,ShadowBall,Protect||||||50|,,,,,Flying]Whimsicott||CovertCloak|Prankster|Tailwind,Encore,Moonblast,EnergyBall|||F|||50|,,,,,Water]Sneasler||FocusSash|Unburden|DireClaw,CloseCombat,ThroatChop,Protect|||F|||50|,,,,,Poison
|showteam|p2|Arcanine-Hisui||ClearAmulet|Intimidate|FlareBlitz,RockSlide,ExtremeSpeed,Protect|||F|||50|,,,,,Water]Rillaboom||AssaultVest|GrassySurge|FakeOut,DrumBeating,GrassyGlide,HighHorsepower|||M|||50|,,,,,Fire]Dragonite||LoadedDice|Multiscale|ScaleShot,StompingTantrum,Tailwind,Protect|||M|||50|,,,,,Steel]Sneasler||WhiteHerb|Unburden|DireClaw,CloseCombat,Coaching,Protect|||M|||50|,,,,,Ghost]Ninetales-Alola||FocusSash|SnowWarning|Blizzard,IcyWind,Encore,AuroraVeil|||F|||50|,,,,,Ghost]Gholdengo||GrassySeed|GoodasGold|MakeItRain,ShadowBall,NastyPlot,Protect||||||50|,,,,,Water
|
|t:|1757910074
|teamsize|p1|4
|teamsize|p2|4
|start
|switch|p1a: Whimsicott|Whimsicott, L50, F|100/100
|switch|p1b: Gholdengo|Gholdengo, L50|100/100
|switch|p2a: Arcanine|Arcanine-Hisui, L50, F|100/100
|switch|p2b: Ninetales|Ninetales-Alola, L50, F|100/100
|-weather|Snowscape|[from] ability: Snow Warning|[of] p2b: Ninetales
|-ability|p2a: Arcanine|Intimidate|boost
|-unboost|p1a: Whimsicott|atk|1
|-unboost|p1b: Gholdengo|atk|1
|turn|1
|
|t:|1757910095
|move|p2b: Ninetales|Blizzard|p1a: Whimsicott|[spread] p1a,p1b
|-supereffective|p1a: Whimsicott
|-resisted|p1b: Gholdengo
|-damage|p1a: Whimsicott|8/100
|-damage|p1b: Gholdengo|85/100
|move|p1a: Whimsicott|Moonblast|p2b: Ninetales
|-damage|p2b: Ninetales|56/100
|-unboost|p2b: Ninetales|spa|1
|move|p2a: Arcanine|Flare Blitz|p1b: Gholdengo
|-supereffective|p1b: Gholdengo
|-damage|p1b: Gholdengo|0 fnt
|faint|p1b: Gholdengo
|-damage|p2a: Arcanine|73/100|[from] Recoil
|
|-weather|Snowscape|[upkeep]
|upkeep
|
|t:|1757910108
|switch|p1b: Feraligatr|Feraligatr, L50, M|100/100
|turn|2
|c|☆John Plot|got too greedy
|
|t:|1757910138
|move|p2a: Arcanine|Extreme Speed|p1a: Whimsicott
|-damage|p1a: Whimsicott|0 fnt
|faint|p1a: Whimsicott
|move|p2b: Ninetales|Aurora Veil|p2b: Ninetales
|-sidestart|p2: John Plot|move: Aurora Veil
|move|p1b: Feraligatr|Liquidation|p2b: Ninetales
|-damage|p2b: Ninetales|10/100
|
|-weather|Snowscape|[upkeep]
|upkeep
|
|t:|1757910146
|switch|p1a: Sneasler|Sneasler, L50, F|100/100
|turn|3
|
|t:|1757910157
|move|p1a: Sneasler|Protect|p1a: Sneasler
|-singleturn|p1a: Sneasler|Protect
|move|p2b: Ninetales|Icy Wind|p1a: Sneasler|[spread] p1b
|-activate|p1a: Sneasler|move: Protect
|-resisted|p1b: Feraligatr
|-damage|p1b: Feraligatr|95/100
|-unboost|p1b: Feraligatr|spe|1
|move|p2a: Arcanine|Rock Slide|p1a: Sneasler|[spread] p1b
|-activate|p1a: Sneasler|move: Protect
|-damage|p1b: Feraligatr|64/100
|move|p1b: Feraligatr|Liquidation|p2a: Arcanine
|-supereffective|p2a: Arcanine
|-damage|p2a: Arcanine|0 fnt
|faint|p2a: Arcanine
|
|-weather|Snowscape|[upkeep]
|upkeep
|
|t:|1757910173
|switch|p2a: Gholdengo|Gholdengo, L50|100/100
|turn|4
|
|t:|1757910187
|-terastallize|p2a: Gholdengo|Water
|-terastallize|p1b: Feraligatr|Stellar
|move|p2b: Ninetales|Encore|p1a: Sneasler
|-start|p1a: Sneasler|Encore
|move|p1a: Sneasler|Protect||[still]
|-fail|p1a: Sneasler
|move|p2a: Gholdengo|Nasty Plot|p2a: Gholdengo
|-boost|p2a: Gholdengo|spa|2
|move|p1b: Feraligatr|Crunch|p2a: Gholdengo
|-damage|p2a: Gholdengo|62/100
|
|-weather|Snowscape|[upkeep]
|upkeep
|turn|5
|c|☆nightcelestial|gg
|-message|nightcelestial forfeited.
|
|win|John Plot
|raw|nightcelestial's rating: 1070 → 1055(-15 for losing)
|raw|John Plot's rating: 1170 → 1188(+18 for winning)
|l|☆nightcelestial
|player|p1|
|l|☆John Plot
|player|p2|
