|j|☆OhNoValentine
|j|☆Brendu04
|html|OhNoValentineBrendu04    
|uhtml|bestof|Game 2 of a best-of-3
|t:|1757001844
|gametype|doubles
|player|p1|OhNoValentine|102|1325
|player|p2|Brendu04|gambler|1327
|gen|9
|tier|[Gen 9] VGC 2025 Reg H (Bo3)
|rated|
|rule|Species Clause: Limit one of each Pokémon
|rule|Item Clause: Limit 1 of each item
|clearpoke
|poke|p1|Rillaboom, L50, F|
|poke|p1|Sneasler, L50, M|
|poke|p1|Gholdengo, L50|
|poke|p1|Ursaluna, L50, M|
|poke|p1|Dragonite, L50, F|
|poke|p1|Annihilape, L50, F|
|poke|p2|Sneasler, L50, M|
|poke|p2|Kingambit, L50, M|
|poke|p2|Dragonite, L50, F|
|poke|p2|Rillaboom, L50, M|
|poke|p2|Arcanine-Hisui, L50, F|
|poke|p2|Ninetales-Alola, L50, F|
|teampreview|4
|showteam|p1|Rillaboom||AssaultVest|GrassySurge|FakeOut,WoodHammer,Uturn,GrassyGlide|||F|||50|,,,,,Fire]Sneasler||GrassySeed|Unburden|Protect,CloseCombat,DireClaw,ThroatChop|||M|||50|,,,,,Dark]Gholdengo||LifeOrb|GoodasGold|MakeItRain,ShadowBall,NastyPlot,Protect||||||50|,,,,,Water]Ursaluna||FlameOrb|Guts|Protect,HeadlongRush,Earthquake,Facade|||M|||50|,,,,,Ghost]Dragonite||LoadedDice|Multiscale|Protect,Tailwind,Haze,ScaleShot|||F|||50|,,,,,Steel]Annihilape||SafetyGoggles|Defiant|RageFist,DrainPunch,Protect,BulkUp|||F|||50|,,,,,Fire
|showteam|p2|Sneasler||FocusSash|Unburden|DireClaw,CloseCombat,Coaching,FakeOut|||M|||50|,,,,,Stellar]Kingambit||SafetyGoggles|Defiant|KowtowCleave,SuckerPunch,SwordsDance,Protect|||M|||50|,,,,,Dark]Dragonite||LoadedDice|Multiscale|ScaleShot,ExtremeSpeed,Haze,Protect|||F|||50|,,,,,Steel]Rillaboom||AssaultVest|GrassySurge|WoodHammer,Uturn,FakeOut,GrassyGlide|||M|||50|,,,,,Fire]Arcanine-Hisui||MirrorHerb|Intimidate|FlareBlitz,RockSlide,ExtremeSpeed,Protect|||F|||50|,,,,,Normal]Ninetales-Alola||CovertCloak|SnowWarning|Blizzard,FreezeDry,AuroraVeil,HelpingHand|||F|||50|,,,,,Ice
|inactive|Battle timer is ON: inactive players will automatically lose when time's up. (requested by Brendu04)
|
|t:|1757001887
|teamsize|p1|4
|teamsize|p2|4
|start
|switch|p1a: Dragonite|Dragonite, L50, F|100/100
|switch|p1b: Gholdengo|Gholdengo, L50, shiny|100/100
|switch|p2a: Sneasler|Sneasler, L50, M|100/100
|switch|p2b: Arcanine|Arcanine-Hisui, L50, F|100/100
|-ability|p2b: Arcanine|Intimidate|boost
|-unboost|p1a: Dragonite|atk|1
|-unboost|p1b: Gholdengo|atk|1
|turn|1
|inactive|Brendu04 has 30 seconds left.
|
|t:|1757001915
|move|p1b: Gholdengo|Protect|p1b: Gholdengo
|-singleturn|p1b: Gholdengo|Protect
|move|p2a: Sneasler|Coaching|p2b: Arcanine
|-boost|p2b: Arcanine|atk|1
|-boost|p2b: Arcanine|def|1
|move|p2b: Arcanine|Flare Blitz|p1b: Gholdengo
|-activate|p1b: Gholdengo|move: Protect
|move|p1a: Dragonite|Scale Shot|p2a: Sneasler
|-damage|p2a: Sneasler|83/100
|-damage|p2a: Sneasler|67/100
|-damage|p2a: Sneasler|51/100
|-damage|p2a: Sneasler|31/100
|-hitcount|p2a: Sneasler|4
|-unboost|p1a: Dragonite|def|1
|-boost|p1a: Dragonite|spe|1
|-enditem|p2b: Arcanine|Mirror Herb
|-boost|p2b: Arcanine|spe|1|[from] item: Mirror Herb
|
|upkeep
|turn|2
|
|t:|1757001938
|switch|p2a: Kingambit|Kingambit, L50, M|100/100
|-terastallize|p1b: Gholdengo|Water
|move|p2b: Arcanine|Rock Slide|p1a: Dragonite|[spread] p1b
|-miss|p2b: Arcanine|p1a: Dragonite
|-damage|p1b: Gholdengo|65/100
|move|p1a: Dragonite|Tailwind|p1a: Dragonite
|-sidestart|p1: OhNoValentine|move: Tailwind
|cant|p1b: Gholdengo|flinch
|
|upkeep
|turn|3
|
|t:|1757001958
|switch|p1b: Annihilape|Annihilape, L50, F|100/100
|move|p2a: Kingambit|Sucker Punch||[still]
|-fail|p2a: Kingambit
|move|p1a: Dragonite|Haze|p1a: Dragonite
|-clearallboost
|move|p2b: Arcanine|Rock Slide|p1a: Dragonite|[spread] p1a,p1b
|-supereffective|p1a: Dragonite
|-resisted|p1b: Annihilape
|-crit|p1b: Annihilape
|-damage|p1a: Dragonite|74/100
|-damage|p1b: Annihilape|83/100
|
|upkeep
|turn|4
|
|t:|1757001974
|move|p2a: Kingambit|Sucker Punch|p1a: Dragonite
|-damage|p1a: Dragonite|30/100
|move|p1b: Annihilape|Bulk Up|p1b: Annihilape
|-boost|p1b: Annihilape|atk|1
|-boost|p1b: Annihilape|def|1
|move|p1a: Dragonite|Scale Shot|p2b: Arcanine
|-damage|p2b: Arcanine|83/100
|-crit|p2b: Arcanine
|-damage|p2b: Arcanine|57/100
|-damage|p2b: Arcanine|40/100
|-damage|p2b: Arcanine|22/100
|-damage|p2b: Arcanine|5/100
|-hitcount|p2b: Arcanine|5
|-unboost|p1a: Dragonite|def|1
|-boost|p1a: Dragonite|spe|1
|move|p2b: Arcanine|Rock Slide|p1a: Dragonite|[spread] p1a,p1b
|-supereffective|p1a: Dragonite
|-resisted|p1b: Annihilape
|-damage|p1a: Dragonite|0 fnt
|-damage|p1b: Annihilape|77/100
|faint|p1a: Dragonite
|
|upkeep
|
|t:|1757001991
|switch|p1a: Rillaboom|Rillaboom, L50, F|100/100
|-fieldstart|move: Grassy Terrain|[from] ability: Grassy Surge|[of] p1a: Rillaboom
|turn|5
|
|t:|1757002001
|switch|p2b: Sneasler|Sneasler, L50, M|31/100
|move|p2a: Kingambit|Protect|p2a: Kingambit
|-singleturn|p2a: Kingambit|Protect
|move|p1a: Rillaboom|Grassy Glide|p2b: Sneasler
|-resisted|p2b: Sneasler
|-damage|p2b: Sneasler|0 fnt
|faint|p2b: Sneasler
|move|p1b: Annihilape|Bulk Up|p1b: Annihilape
|-boost|p1b: Annihilape|atk|1
|-boost|p1b: Annihilape|def|1
|
|-heal|p1b: Annihilape|83/100|[from] Grassy Terrain
|-sideend|p1: OhNoValentine|move: Tailwind
|upkeep
|
|t:|1757002006
|switch|p2b: Dragonite|Dragonite, L50, F|100/100
|turn|6
|
|t:|1757002017
|-terastallize|p2a: Kingambit|Dark
|move|p1a: Rillaboom|Grassy Glide|p2b: Dragonite
|-resisted|p2b: Dragonite
|-damage|p2b: Dragonite|96/100
|move|p2b: Dragonite|Haze|p2b: Dragonite
|-clearallboost
|move|p1b: Annihilape|Rage Fist|p2b: Dragonite
|-damage|p2b: Dragonite|25/100
|move|p2a: Kingambit|Swords Dance|p2a: Kingambit
|-boost|p2a: Kingambit|atk|2
|
|-heal|p1b: Annihilape|90/100|[from] Grassy Terrain
|upkeep
|turn|7
|
|t:|1757002034
|move|p2a: Kingambit|Sucker Punch||[still]
|-fail|p2a: Kingambit
|move|p2b: Dragonite|Scale Shot|p1b: Annihilape
|-damage|p1b: Annihilape|77/100
|-damage|p1b: Annihilape|64/100
|-damage|p1b: Annihilape|50/100
|-damage|p1b: Annihilape|37/100
|-hitcount|p1b: Annihilape|4
|-unboost|p2b: Dragonite|def|1
|-boost|p2b: Dragonite|spe|1
|move|p1b: Annihilape|Bulk Up|p1b: Annihilape
|-boost|p1b: Annihilape|atk|1
|-boost|p1b: Annihilape|def|1
|move|p1a: Rillaboom|Wood Hammer|p2b: Dragonite
|-resisted|p2b: Dragonite
|-damage|p2b: Dragonite|0 fnt
|faint|p2b: Dragonite
|-damage|p1a: Rillaboom|93/100|[from] Recoil
|
|-heal|p1b: Annihilape|43/100|[from] Grassy Terrain
|-heal|p1a: Rillaboom|99/100|[from] Grassy Terrain
|upkeep
|
|t:|1757002036
|switch|p2b: Arcanine|Arcanine-Hisui, L50, F|5/100
|-ability|p2b: Arcanine|Intimidate|boost
|-unboost|p1a: Rillaboom|atk|1
|-unboost|p1b: Annihilape|atk|1
|-ability|p1b: Annihilape|Defiant|boost
|-boost|p1b: Annihilape|atk|2
|turn|8
|
|t:|1757002044
|switch|p1a: Gholdengo|Gholdengo, L50, shiny, tera:Water|65/100
|move|p2b: Arcanine|Protect|p2b: Arcanine
|-singleturn|p2b: Arcanine|Protect
|move|p1b: Annihilape|Protect|p1b: Annihilape
|-singleturn|p1b: Annihilape|Protect
|move|p2a: Kingambit|Kowtow Cleave|p1a: Gholdengo
|-damage|p1a: Gholdengo|0 fnt
|faint|p1a: Gholdengo
|
|-heal|p2b: Arcanine|11/100|[from] Grassy Terrain
|-heal|p1b: Annihilape|50/100|[from] Grassy Terrain
|upkeep
|
|t:|1757002052
|switch|p1a: Rillaboom|Rillaboom, L50, F|99/100
|turn|9
|
|t:|1757002063
|move|p1a: Rillaboom|Grassy Glide|p2b: Arcanine
|-damage|p2b: Arcanine|0 fnt
|faint|p2b: Arcanine
|move|p2a: Kingambit|Sucker Punch||[still]
|-fail|p2a: Kingambit
|move|p1b: Annihilape|Bulk Up|p1b: Annihilape
|-boost|p1b: Annihilape|atk|1
|-boost|p1b: Annihilape|def|1
|
|-heal|p1b: Annihilape|56/100|[from] Grassy Terrain
|-heal|p1a: Rillaboom|100/100|[from] Grassy Terrain
|-fieldend|move: Grassy Terrain
|upkeep
|turn|10
|-message|Brendu04 forfeited.
|
|win|OhNoValentine
|raw|OhNoValentine's rating: 1325 → 1345(+20 for winning)
|raw|Brendu04's rating: 1327 → 1307(-20 for losing)
