|j|☆hexagonfoot
|j|☆gobra
|html|hexagonfootgobra    
|uhtml|bestof|Game 1 of a best-of-3
|t:|1756723532
|gametype|doubles
|player|p1|hexagonfoot|caitlin|1229
|player|p2|gobra|zinzolin|1022
|gen|9
|tier|[Gen 9] VGC 2025 Reg H (Bo3)
|rated|
|rule|Species Clause: Limit one of each Pokémon
|rule|Item Clause: Limit 1 of each item
|clearpoke
|poke|p1|Kingambit, L50, F|
|poke|p1|Primarina, L50, M|
|poke|p1|Sneasler, L50, F|
|poke|p1|Magmar, L50, M|
|poke|p1|Rillaboom, L50, F|
|poke|p1|Dragapult, L50, F|
|poke|p2|Torkoal, L50, M|
|poke|p2|Lilligant-Hisui, L50, F|
|poke|p2|Ursaluna-Bloodmoon, L50, M|
|poke|p2|Charizard, L50, F|
|poke|p2|Amoonguss, L50, M|
|poke|p2|Farigiraf, L50, F|
|teampreview|4
|showteam|p1|Kingambit||BlackGlasses|Defiant|KowtowCleave,SuckerPunch,SwordsDance,Protect|||F|||50|,,,,,Ghost]Primarina||SitrusBerry|LiquidVoice|HyperVoice,Moonblast,Haze,Protect|||M|||50|,,,,,Water]Sneasler||FocusSash|PoisonTouch|CloseCombat,DireClaw,FakeOut,Protect|||F|||50|,,,,,Stellar]Magmar||Eviolite|VitalSpirit|Overheat,WillOWisp,FollowMe,Protect|||M|||50|,,,,,Ghost]Rillaboom||AssaultVest|GrassySurge|WoodHammer,GrassyGlide,HighHorsepower,FakeOut|||F|||50|,,,,,Fire]Dragapult||ChoiceBand|ClearBody|DragonDarts,PhantomForce,TeraBlast,Uturn|||F|||50|,,,,,Ghost
|showteam|p2|Torkoal||EjectPack|Drought|Protect,BodyPress,Overheat,HelpingHand|||M|||50|,,,,,Water]Lilligant-Hisui||FocusSash|Chlorophyll|SleepPowder,SolarBlade,Encore,CloseCombat|||F|||50|,,,,,Dragon]Ursaluna-Bloodmoon||LifeOrb|MindsEye|BloodMoon,HyperVoice,EarthPower,Protect|||M|||50|,,,,,Normal]Charizard||ChoiceSpecs|SolarPower|HeatWave,Flamethrower,AirSlash,TeraBlast|||F|||50|,,,,,Fire]Amoonguss||SitrusBerry|Regenerator|Spore,PollenPuff,Protect,RagePowder|||M|||50|,,,,,Dark]Farigiraf||CovertCloak|ArmorTail|HelpingHand,TrickRoom,Protect,FoulPlay|||F|||50|,,,,,Dark
|inactive|Battle timer is ON: inactive players will automatically lose when time's up. (requested by hexagonfoot)
|inactive|gobra has 60 seconds left.
|
|t:|1756723577
|teamsize|p1|4
|teamsize|p2|4
|start
|switch|p1a: Syon Lane|Magmar, L50, M|100/100
|switch|p1b: Headstone Lane|Dragapult, L50, F|100/100
|switch|p2a: Torkoal|Torkoal, L50, M, shiny|100/100
|switch|p2b: Lilligant|Lilligant-Hisui, L50, F, shiny|100/100
|-weather|SunnyDay|[from] ability: Drought|[of] p2a: Torkoal
|turn|1
|inactive|gobra has 30 seconds left.
|inactive|gobra has 20 seconds left.
|inactive|gobra has 15 seconds left.
|inactive|gobra has 10 seconds left.
|inactive|gobra has 5 seconds left.
|
|t:|1756723630
|switch|p2b: Ursaluna|Ursaluna-Bloodmoon, L50, M|100/100
|move|p1a: Syon Lane|Follow Me|p1a: Syon Lane
|-singleturn|p1a: Syon Lane|move: Follow Me
|move|p1b: Headstone Lane|Phantom Force||[still]
|-prepare|p1b: Headstone Lane|Phantom Force
|move|p2a: Torkoal|Body Press|p1a: Syon Lane
|-damage|p1a: Syon Lane|75/100
|
|-weather|SunnyDay|[upkeep]
|upkeep
|turn|2
|inactive|gobra has 30 seconds left.
|
|t:|1756723663
|-terastallize|p2b: Ursaluna|Normal
|move|p2a: Torkoal|Helping Hand|p2b: Ursaluna
|-singleturn|p2b: Ursaluna|Helping Hand|[of] p2a: Torkoal
|move|p1b: Headstone Lane|Phantom Force|p2a: Torkoal|[from] lockedmove
|-damage|p2a: Torkoal|62/100
|move|p1a: Syon Lane|Overheat|p2b: Ursaluna|[miss]
|-miss|p1a: Syon Lane|p2b: Ursaluna
|move|p2b: Ursaluna|Hyper Voice|p1b: Headstone Lane|[spread] p1a,p1b
|-crit|p1a: Syon Lane
|-damage|p1a: Syon Lane|0 fnt
|-damage|p1b: Headstone Lane|0 fnt
|faint|p1a: Syon Lane
|faint|p1b: Headstone Lane
|-damage|p2b: Ursaluna|90/100|[from] item: Life Orb
|
|-weather|SunnyDay|[upkeep]
|upkeep
|
|t:|1756723679
|switch|p1b: Canary Wharf|Primarina, L50, M|100/100
|switch|p1a: Hampstead Heath|Rillaboom, L50, F|100/100
|-fieldstart|move: Grassy Terrain|[from] ability: Grassy Surge|[of] p1a: Hampstead Heath
|turn|3
|
|t:|1756723700
|switch|p2a: Lilligant|Lilligant-Hisui, L50, F, shiny|100/100
|-terastallize|p1a: Hampstead Heath|Fire
|move|p2b: Ursaluna|Protect|p2b: Ursaluna
|-singleturn|p2b: Ursaluna|Protect
|move|p1a: Hampstead Heath|Fake Out|p2b: Ursaluna
|-activate|p2b: Ursaluna|move: Protect
|move|p1b: Canary Wharf|Hyper Voice|p2a: Lilligant|[spread] p2a
|-activate|p2b: Ursaluna|move: Protect
|-resisted|p2a: Lilligant
|-damage|p2a: Lilligant|89/100
|
|-weather|SunnyDay|[upkeep]
|-heal|p2a: Lilligant|96/100|[from] Grassy Terrain
|-heal|p2b: Ursaluna|96/100|[from] Grassy Terrain
|upkeep
|turn|4
|inactive|gobra has 30 seconds left.
|
|t:|1756723732
|move|p1b: Canary Wharf|Protect|p1b: Canary Wharf
|-singleturn|p1b: Canary Wharf|Protect
|move|p2a: Lilligant|Solar Blade||[still]
|-prepare|p2a: Lilligant|Solar Blade
|-anim|p2a: Lilligant|Solar Blade|p1b: Canary Wharf
|-activate|p1b: Canary Wharf|move: Protect
|move|p1a: Hampstead Heath|Wood Hammer|p2b: Ursaluna
|-damage|p2b: Ursaluna|39/100
|-damage|p1a: Hampstead Heath|79/100|[from] Recoil
|move|p2b: Ursaluna|Earth Power|p1a: Hampstead Heath
|-supereffective|p1a: Hampstead Heath
|-damage|p1a: Hampstead Heath|0 fnt
|faint|p1a: Hampstead Heath
|-damage|p2b: Ursaluna|29/100|[from] item: Life Orb
|
|-weather|SunnyDay|[upkeep]
|-heal|p2a: Lilligant|100/100|[from] Grassy Terrain
|-heal|p2b: Ursaluna|35/100|[from] Grassy Terrain
|upkeep
|turn|5
|-message|hexagonfoot forfeited.
|
|win|gobra
||hexagonfoot is ready for game 2.
||gobra is ready for game 2.
|uhtml|next|Next: Game 2 of 3
