|j|☆aqawa
|j|☆phuc_lamvgc
|html|aqawaphuc_lamvgc    
|uhtml|bestof|Game 3 of a best-of-3
|t:|1784122002
|gametype|doubles
|player|p1|aqawa|102|1164
|player|p2|phuc_lamvgc|miku-ghost|1126
|gen|9
|tier|[Gen 9 Champions] VGC 2026 Reg M-B (Bo3)
|rated|
|rule|Species Clause: Limit one of each Pokémon
|rule|Item Clause: Limit 1 of each item
|clearpoke
|poke|p1|Basculegion, L50, M|
|poke|p1|Talonflame, L50, M|
|poke|p1|Kingambit, L50, F|
|poke|p1|Maushold-Four, L50|
|poke|p1|Gardevoir, L50, F|
|poke|p1|Kommo-o, L50, F|
|poke|p2|Blastoise, L50, M|
|poke|p2|Delphox, L50, M|
|poke|p2|Kingambit, L50, M|
|poke|p2|Sneasler, L50, M|
|poke|p2|Incineroar, L50, F|
|poke|p2|Sinistcha, L50|
|teampreview|4
|showteam|p1|Basculegion||ChoiceScarf|Adaptability|WaveCrash,LastRespects,FlipTurn,AquaJet|Jolly||M|||50|]Talonflame||SharpBeak|GaleWings|DualWingbeat,Tailwind,FlareBlitz,Protect|Jolly||M|||50|]Kingambit||ExpertBelt|Defiant|IronHead,LowKick,KowtowCleave,SuckerPunch|Jolly||F|||50|]Maushold-Four||FocusSash|FriendGuard|SuperFang,FollowMe,Protect,Feint|Jolly|||||50|]Gardevoir||Gardevoirite|Telepathy|Psychic,HyperVoice,TrickRoom,Protect|Quiet||F|||50|]Kommo-o||LifeOrb|Soundproof|Protect,DracoMeteor,ClangingScales,AuraSphere|Modest||F|||50|
|showteam|p2|Blastoise||Blastoisinite|Torrent|WaterSpout,DarkPulse,ShellSmash,Protect|Modest||M|||50|]Delphox||Delphoxite|Blaze|HeatWave,Psyshock,NastyPlot,Protect|Timid||M|||50|]Kingambit||BlackGlasses|Defiant|KowtowCleave,SuckerPunch,SwordsDance,Protect|Adamant||M|||50|]Sneasler||FocusSash|Unburden|CloseCombat,DireClaw,FakeOut,QuickGuard|Jolly||M|||50|]Incineroar||SitrusBerry|Intimidate|FlareBlitz,ThroatChop,FakeOut,PartingShot|Impish||F|||50|]Sinistcha||KasibBerry|Hospitality|MatchaGotcha,RagePowder,LifeDew,Protect|Bold|||||50|
|inactive|Battle timer is ON: inactive players will automatically lose when time's up. (requested by aqawa)
|
|t:|1784122023
|teamsize|p1|4
|teamsize|p2|4
|start
|switch|p1a: Maushold|Maushold-Four, L50|100/100
|switch|p1b: Gardevoir|Gardevoir, L50, F|100/100
|switch|p2a: Delphox|Delphox, L50, M|100/100
|switch|p2b: Incineroar|Incineroar, L50, F|100/100
|-ability|p2b: Incineroar|Intimidate|boost
|-unboost|p1a: Maushold|atk|1
|-unboost|p1b: Gardevoir|atk|1
|turn|1
|
|t:|1784122042
|detailschange|p2a: Delphox|Delphox-Mega, L50, M
|-mega|p2a: Delphox|Delphox|Delphoxite
|detailschange|p1b: Gardevoir|Gardevoir-Mega, L50, F
|-mega|p1b: Gardevoir|Gardevoir|Gardevoirite
|move|p2b: Incineroar|Fake Out|p1b: Gardevoir
|-damage|p1b: Gardevoir|90/100
|move|p2a: Delphox|Nasty Plot|p2a: Delphox
|-boost|p2a: Delphox|spa|2
|move|p1a: Maushold|Super Fang|p2a: Delphox|[miss]
|-miss|p1a: Maushold|p2a: Delphox
|cant|p1b: Gardevoir|flinch
|
|upkeep
|turn|2
|
|t:|1784122066
|move|p2a: Delphox|Protect|p2a: Delphox
|-singleturn|p2a: Delphox|Protect
|move|p1a: Maushold|Super Fang|p2a: Delphox
|-activate|p2a: Delphox|move: Protect
|move|p1b: Gardevoir|Hyper Voice|p2b: Incineroar|[spread] p2b
|-activate|p2a: Delphox|move: Protect
|-damage|p2b: Incineroar|50/100g
|move|p2b: Incineroar|Parting Shot|p1b: Gardevoir
|-unboost|p1b: Gardevoir|atk|1
|-unboost|p1b: Gardevoir|spa|1
|
|t:|1784122076
|switch|p2b: Sinistcha|Sinistcha, L50|100/100|[from] Parting Shot
|
|upkeep
|turn|3
|
|t:|1784122083
|move|p1a: Maushold|Protect|p1a: Maushold
|-singleturn|p1a: Maushold|Protect
|move|p2b: Sinistcha|Rage Powder|p2b: Sinistcha
|-singleturn|p2b: Sinistcha|move: Rage Powder
|move|p2a: Delphox|Heat Wave|p1b: Gardevoir|[spread] p1b
|-activate|p1a: Maushold|move: Protect
|-damage|p1b: Gardevoir|42/100
|move|p1b: Gardevoir|Hyper Voice|p2a: Delphox|[spread] p2a,p2b
|-resisted|p2a: Delphox|1
|-damage|p2a: Delphox|85/100
|-damage|p2b: Sinistcha|66/100
|
|upkeep
|turn|4
|
|t:|1784122095
|move|p1a: Maushold|Feint|p2a: Delphox
|-damage|p2a: Delphox|75/100
|move|p2b: Sinistcha|Rage Powder|p2b: Sinistcha
|-singleturn|p2b: Sinistcha|move: Rage Powder
|move|p2a: Delphox|Heat Wave|p1b: Gardevoir|[spread] p1a,p1b
|-enditem|p1a: Maushold|Focus Sash
|-damage|p1a: Maushold|1/100
|-damage|p1b: Gardevoir|0 fnt
|faint|p1b: Gardevoir
|
|upkeep
|
|t:|1784122098
|switch|p1b: Kommo-o|Kommo-o, L50, F|100/100
|turn|5
|
|t:|1784122105
|move|p2a: Delphox|Protect|p2a: Delphox
|-singleturn|p2a: Delphox|Protect
|move|p1a: Maushold|Protect|p1a: Maushold
|-singleturn|p1a: Maushold|Protect
|move|p1b: Kommo-o|Clanging Scales|p2b: Sinistcha|[spread] p2b
|-activate|p2a: Delphox|move: Protect
|-damage|p2b: Sinistcha|17/100
|-unboost|p1b: Kommo-o|def|1
|-damage|p1b: Kommo-o|90/100|[from] item: Life Orb
|move|p2b: Sinistcha|Matcha Gotcha|p1b: Kommo-o|[spread] p1b
|-activate|p1a: Maushold|move: Protect
|-resisted|p1b: Kommo-o|1
|-damage|p1b: Kommo-o|79/100
|-heal|p2b: Sinistcha|22/100|[from] drain|[of] p1b: Kommo-o
|
|upkeep
|turn|6
|
|t:|1784122118
|switch|p2b: Incineroar|Incineroar, L50, F|50/100g
|-ability|p2b: Incineroar|Intimidate|boost
|-unboost|p1a: Maushold|atk|1
|-unboost|p1b: Kommo-o|atk|1
|move|p1a: Maushold|Follow Me|p1a: Maushold
|-singleturn|p1a: Maushold|move: Follow Me
|move|p2a: Delphox|Heat Wave|p1b: Kommo-o|[spread] p1a,p1b
|-resisted|p1b: Kommo-o|1
|-damage|p1a: Maushold|0 fnt
|-damage|p1b: Kommo-o|46/100
|-status|p1b: Kommo-o|brn
|faint|p1a: Maushold
|move|p1b: Kommo-o|Clanging Scales|p2a: Delphox|[spread] p2a,p2b
|-crit|p2a: Delphox
|-damage|p2a: Delphox|0 fnt
|-damage|p2b: Incineroar|1/100
|-enditem|p2b: Incineroar|Sitrus Berry|[eat]
|-heal|p2b: Incineroar|25/100|[from] item: Sitrus Berry
|faint|p2a: Delphox
|-unboost|p1b: Kommo-o|def|1
|-damage|p1b: Kommo-o|36/100 brn|[from] item: Life Orb
|
|-damage|p1b: Kommo-o|30/100 brn|[from] brn
|upkeep
|
|t:|1784122132
|switch|p2a: Sneasler|Sneasler, L50, M|100/100
|switch|p1a: Basculegion|Basculegion, L50, M|100/100
|turn|7
|
|t:|1784122148
|move|p2a: Sneasler|Fake Out|p1b: Kommo-o
|-damage|p1b: Kommo-o|1/100 brn
|move|p1a: Basculegion|Last Respects|p2b: Incineroar
|-resisted|p2b: Incineroar|1
|-damage|p2b: Incineroar|0 fnt
|faint|p2b: Incineroar
|cant|p1b: Kommo-o|flinch
|
|-damage|p1b: Kommo-o|0 fnt|[from] brn
|faint|p1b: Kommo-o
|upkeep
|
|t:|1784122153
|switch|p2b: Sinistcha|Sinistcha, L50|22/100
|turn|8
|
|t:|1784122161
|move|p1a: Basculegion|Last Respects|p2b: Sinistcha
|-supereffective|p2b: Sinistcha|1
|-enditem|p2b: Sinistcha|Kasib Berry|[eat]
|-enditem|p2b: Sinistcha|Kasib Berry|[weaken]
|-damage|p2b: Sinistcha|0 fnt
|faint|p2b: Sinistcha
|move|p2a: Sneasler|Dire Claw|p1a: Basculegion
|-resisted|p1a: Basculegion|1
|-damage|p1a: Basculegion|73/100
|-status|p1a: Basculegion|psn
|
|-damage|p1a: Basculegion|61/100 psn|[from] psn
|upkeep
|turn|9
|
|t:|1784122166
|move|p1a: Basculegion|Last Respects|p2a: Sneasler
|-enditem|p2a: Sneasler|Focus Sash
|-damage|p2a: Sneasler|1/100
|move|p2a: Sneasler|Dire Claw|p1a: Basculegion
|-resisted|p1a: Basculegion|1
|-damage|p1a: Basculegion|34/100 psn
|-fail|p1a: Basculegion
|
|-damage|p1a: Basculegion|21/100 psn|[from] psn
|upkeep
|turn|10
|
|t:|1784122176
|move|p2a: Sneasler|Dire Claw|p1a: Basculegion
|-resisted|p1a: Basculegion|1
|-damage|p1a: Basculegion|0 fnt
|faint|p1a: Basculegion
|
|win|phuc_lamvgc
|raw|aqawa's rating: 1164 → 1136(-28 for losing)
|raw|phuc_lamvgc's rating: 1126 → 1154(+28 for winning)
