|j|☆redemption22
|j|☆elmono11
|html|redemption22elmono11    
|uhtml|bestof|Game 1 of a best-of-3
|t:|1756289484
|gametype|doubles
|player|p1|redemption22|2|1313
|player|p2|elmono11|2|1246
|gen|9
|tier|[Gen 9] VGC 2025 Reg H (Bo3)
|rated|
|rule|Species Clause: Limit one of each Pokémon
|rule|Item Clause: Limit 1 of each item
|clearpoke
|poke|p1|Dondozo, L50, M|
|poke|p1|Tatsugiri-Droopy, L50, M|
|poke|p1|Gholdengo, L50|
|poke|p1|Dragonite, L50, M|
|poke|p1|Talonflame, L50, M|
|poke|p1|Sneasler, L50, M|
|poke|p2|Gholdengo, L50|
|poke|p2|Sneasler, L50, M|
|poke|p2|Rillaboom, L50, M|
|poke|p2|Dragonite, L50, M|
|poke|p2|Ninetales-Alola, L50, M|
|poke|p2|Arcanine-Hisui, L50, F|
|teampreview|4
|showteam|p1|Dondozo||Leftovers|Unaware|Protect,OrderUp,Earthquake,BodyPress|||M|||50|,,,,,Grass]Tatsugiri-Droopy||ChoiceScarf|Commander|DracoMeteor,MuddyWater,IcyWind,DragonPulse|||M|||50|,,,,,Steel]Gholdengo||ChoiceSpecs|GoodasGold|Thunderbolt,ShadowBall,MakeItRain,PowerGem||||||50|,,,,,Steel]Dragonite||ChoiceBand|InnerFocus|ExtremeSpeed,StompingTantrum,Outrage,IceSpinner|||M|||50|,,,,,Normal]Talonflame||CovertCloak|GaleWings|DualWingbeat,Tailwind,Taunt,FlareBlitz|||M|||50|,,,,,Ghost]Sneasler||FocusSash|PoisonTouch|CloseCombat,FakeOut,DireClaw,ThroatChop|||M|||50|,,,,,Fairy
|showteam|p2|Gholdengo||GrassySeed|GoodasGold|NastyPlot,MakeItRain,ShadowBall,Protect||||||50|,,,,,Water]Sneasler||WhiteHerb|Unburden|CloseCombat,DireClaw,Coaching,Protect|||M|||50|,,,,,Ghost]Rillaboom||AssaultVest|GrassySurge|FakeOut,GrassyGlide,DrumBeating,HighHorsepower|||M|||50|,,,,,Fire]Dragonite||LoadedDice|Multiscale|ScaleShot,Haze,Tailwind,Protect|||M|||50|,,,,,Steel]Ninetales-Alola||FocusSash|SnowWarning|Blizzard,IcyWind,Encore,AuroraVeil|||M|||50|,,,,,Ghost]Arcanine-Hisui||ClearAmulet|Intimidate|RockSlide,FlareBlitz,ExtremeSpeed,Protect|||F|||50|,,,,,Water
|inactive|Battle timer is ON: inactive players will automatically lose when time's up. (requested by elmono11)
|
|t:|1756289512
|teamsize|p1|4
|teamsize|p2|4
|start
|switch|p1a: Gholdengo|Gholdengo, L50|100/100
|switch|p1b: Talonflame|Talonflame, L50, M|100/100
|switch|p2a: Arcanine|Arcanine-Hisui, L50, F|100/100
|switch|p2b: Ninetales|Ninetales-Alola, L50, M|100/100
|-weather|Snowscape|[from] ability: Snow Warning|[of] p2b: Ninetales
|-ability|p2a: Arcanine|Intimidate|boost
|-unboost|p1a: Gholdengo|atk|1
|-unboost|p1b: Talonflame|atk|1
|turn|1
|inactive|elmono11 has 30 seconds left.
|
|t:|1756289544
|move|p2a: Arcanine|Protect|p2a: Arcanine
|-singleturn|p2a: Arcanine|Protect
|move|p1b: Talonflame|Tailwind|p1b: Talonflame
|-sidestart|p1: redemption22|move: Tailwind
|move|p1a: Gholdengo|Make It Rain|p2b: Ninetales|[spread] p2b
|-activate|p2a: Arcanine|move: Protect
|-supereffective|p2b: Ninetales
|-enditem|p2b: Ninetales|Focus Sash
|-damage|p2b: Ninetales|1/100
|-unboost|p1a: Gholdengo|spa|1
|move|p2b: Ninetales|Icy Wind|p1b: Talonflame|[spread] p1a,p1b
|-resisted|p1a: Gholdengo
|-damage|p1a: Gholdengo|93/100
|-damage|p1b: Talonflame|77/100
|-unboost|p1a: Gholdengo|spe|1
|
|-weather|Snowscape|[upkeep]
|upkeep
|turn|2
|
|t:|1756289565
|move|p1b: Talonflame|Flare Blitz|p2a: Arcanine
|-resisted|p2a: Arcanine
|-damage|p2a: Arcanine|90/100
|-damage|p1b: Talonflame|73/100|[from] Recoil
|move|p2b: Ninetales|Aurora Veil|p2b: Ninetales
|-sidestart|p2: elmono11|move: Aurora Veil
|move|p1a: Gholdengo|Make It Rain|p2a: Arcanine|[spread] p2a,p2b
|-supereffective|p2b: Ninetales
|-damage|p2a: Arcanine|51/100
|-damage|p2b: Ninetales|0 fnt
|-unboost|p1a: Gholdengo|spa|1
|faint|p2b: Ninetales
|move|p2a: Arcanine|Rock Slide|p1a: Gholdengo|[spread] p1b
|-miss|p2a: Arcanine|p1a: Gholdengo
|-supereffective|p1b: Talonflame
|-damage|p1b: Talonflame|0 fnt
|faint|p1b: Talonflame
|
|-weather|Snowscape|[upkeep]
|upkeep
|
|t:|1756289583
|switch|p1b: Sneasler|Sneasler, L50, M|100/100
|switch|p2b: Rillaboom|Rillaboom, L50, M|100/100
|-fieldstart|move: Grassy Terrain|[from] ability: Grassy Surge|[of] p2b: Rillaboom
|turn|3
|inactive|elmono11 has 30 seconds left.
|
|t:|1756289611
|switch|p1a: Dragonite|Dragonite, L50, M|100/100
|move|p2a: Arcanine|Protect|p2a: Arcanine
|-singleturn|p2a: Arcanine|Protect
|move|p1b: Sneasler|Fake Out|p2b: Rillaboom
|-damage|p2b: Rillaboom|91/100
|cant|p2b: Rillaboom|flinch
|
|-weather|Snowscape|[upkeep]
|-heal|p2a: Arcanine|57/100|[from] Grassy Terrain
|-heal|p2b: Rillaboom|97/100|[from] Grassy Terrain
|upkeep
|turn|4
|inactive|elmono11 has 30 seconds left.
|inactive|elmono11 has 20 seconds left.
|inactive|elmono11 has 15 seconds left.
|inactive|elmono11 has 10 seconds left.
|inactive|elmono11 has 5 seconds left.
|
|t:|1756289663
|switch|p2b: Dragonite|Dragonite, L50, M|100/100
|move|p1b: Sneasler|Dire Claw|p2b: Dragonite
|-damage|p2b: Dragonite|84/100
|-status|p2b: Dragonite|psn|[from] ability: Poison Touch|[of] p1b: Sneasler
|move|p1a: Dragonite|Outrage|p2b: Dragonite
|-supereffective|p2b: Dragonite
|-damage|p2b: Dragonite|0 fnt
|faint|p2b: Dragonite
|move|p2a: Arcanine|Rock Slide|p1a: Dragonite|[spread] p1a,p1b
|-supereffective|p1a: Dragonite
|-resisted|p1b: Sneasler
|-damage|p1a: Dragonite|35/100
|-damage|p1b: Sneasler|78/100
|
|-weather|Snowscape|[upkeep]
|-heal|p1b: Sneasler|84/100|[from] Grassy Terrain
|-heal|p2a: Arcanine|63/100|[from] Grassy Terrain
|-sideend|p1: redemption22|move: Tailwind
|upkeep
|
|t:|1756289678
|switch|p2b: Rillaboom|Rillaboom, L50, M|97/100
|turn|5
|
|t:|1756289693
|move|p2b: Rillaboom|Fake Out|p1b: Sneasler
|-damage|p1b: Sneasler|63/100
|cant|p1b: Sneasler|flinch
|move|p2a: Arcanine|Rock Slide|p1b: Sneasler|[spread] p1a,p1b
|-supereffective|p1a: Dragonite
|-resisted|p1b: Sneasler
|-damage|p1a: Dragonite|0 fnt
|-damage|p1b: Sneasler|42/100
|faint|p1a: Dragonite
|
|-weather|none
|-heal|p1b: Sneasler|48/100|[from] Grassy Terrain
|-heal|p2a: Arcanine|69/100|[from] Grassy Terrain
|-heal|p2b: Rillaboom|100/100|[from] Grassy Terrain
|upkeep
|
|t:|1756289700
|switch|p1a: Gholdengo|Gholdengo, L50|93/100
|turn|6
|
|t:|1756289723
|-terastallize|p2b: Rillaboom|Fire
|-terastallize|p1a: Gholdengo|Steel
|move|p2a: Arcanine|Protect|p2a: Arcanine
|-singleturn|p2a: Arcanine|Protect
|move|p1b: Sneasler|Close Combat|p2a: Arcanine
|-activate|p2a: Arcanine|move: Protect
|move|p2b: Rillaboom|High Horsepower|p1b: Sneasler
|-supereffective|p1b: Sneasler
|-damage|p1b: Sneasler|0 fnt
|faint|p1b: Sneasler
|move|p1a: Gholdengo|Make It Rain|p2a: Arcanine|[spread] p2b
|-activate|p2a: Arcanine|move: Protect
|-resisted|p2b: Rillaboom
|-damage|p2b: Rillaboom|75/100
|-unboost|p1a: Gholdengo|spa|1
|
|-heal|p2a: Arcanine|75/100|[from] Grassy Terrain
|-heal|p2b: Rillaboom|80/100|[from] Grassy Terrain
|-heal|p1a: Gholdengo|99/100|[from] Grassy Terrain
|-sideend|p2: elmono11|move: Aurora Veil
|upkeep
|turn|7
|
|t:|1756289734
|move|p2a: Arcanine|Flare Blitz|p1a: Gholdengo
|-supereffective|p1a: Gholdengo
|-damage|p1a: Gholdengo|0 fnt
|faint|p1a: Gholdengo
|-damage|p2a: Arcanine|40/100|[from] Recoil
|
|win|elmono11
||redemption22 is ready for game 2.
|inactive|elmono11 has 30 seconds to confirm battle start!
