|j|☆cap10pp
|j|☆magicianmilamber
|html|cap10ppmagicianmilamber    
|uhtml|bestof|Game 2 of a best-of-3
|t:|1783904667
|gametype|doubles
|player|p1|cap10pp|chuck|
|player|p2|magicianmilamber|psychic-gen4|
|gen|9
|tier|[Gen 9 Champions] VGC 2026 Reg M-B (Bo3)
|rule|Species Clause: Limit one of each Pokémon
|rule|Item Clause: Limit 1 of each item
|clearpoke
|poke|p1|Whimsicott, L50, M|
|poke|p1|Maushold-Four, L50|
|poke|p1|Armarouge, L50, M|
|poke|p1|Staraptor, L50, F|
|poke|p1|Lycanroc-Dusk, L50, M, shiny|
|poke|p1|Scizor, L50, M|
|poke|p2|Charizard, L50, M, shiny|
|poke|p2|Floette-Eternal, L50, F|
|poke|p2|Garchomp, L50, M|
|poke|p2|Aerodactyl, L50, M, shiny|
|poke|p2|Sableye, L50, M, shiny|
|poke|p2|Kingambit, L50, M, shiny|
|teampreview|4
|showteam|p1|Whimsicott||SitrusBerry|Prankster|Tailwind,LightScreen,Moonblast,Tickle|Calm||M|||50|]Maushold-Four||Leftovers|FriendGuard|RainDance,Taunt,Protect,PlayRough|Careful|||||50|]Armarouge||WhiteHerb|FlashFire|ArmorCannon,FlashCannon,WideGuard,Psychic|Modest||M|||50|]Staraptor||Staraptite|Intimidate|CloseCombat,BraveBird,Roost,Protect|Adamant||F|||50|]Lycanroc-Dusk||FocusSash|ToughClaws|Accelerock,IronHead,PlayRough,Protect|Adamant||M|||50|]Scizor||MetalCoat|Technician|BugBite,BulletPunch,SwordsDance,Protect|Adamant||M|||50|
|showteam|p2|Charizard||CharizarditeY|SolarPower|HeatWave,Protect,WeatherBall,SolarBeam|Modest||M|||50|]Floette-Eternal||Floettite|FlowerVeil|Moonblast,Protect,DazzlingGleam,LightofRuin|Timid||F|||50|]Garchomp||Garchompite|RoughSkin|DragonClaw,Protect,Earthquake,FireFang|Jolly||M|||50|]Aerodactyl||Aerodactylite|Unnerve|DualWingbeat,Protect,Tailwind,IceFang|Jolly||M|||50|]Sableye||Sablenite|Prankster|Encore,KnockOff,Swagger,FakeOut|Careful||M|||50|]Kingambit||FocusSash|Defiant|LowSweep,IronHead,SuckerPunch,Protect|Adamant||M|||50|
|
|t:|1783904718
|teamsize|p1|4
|teamsize|p2|4
|start
|switch|p1a: The Dog|Lycanroc-Dusk, L50, M, shiny|100/100
|switch|p1b: The Big Bro|Armarouge, L50, M|100/100
|switch|p2a: Fatalis|Charizard, L50, M, shiny|100/100
|switch|p2b: Stitch|Sableye, L50, M, shiny|100/100
|turn|1
|
|t:|1783904751
|detailschange|p2a: Fatalis|Charizard-Mega-Y, L50, M, shiny
|-mega|p2a: Fatalis|Charizard|Charizardite Y
|-weather|SunnyDay|[from] ability: Drought|[of] p2a: Fatalis
|move|p2b: Stitch|Fake Out|p1a: The Dog
|-resisted|p1a: The Dog|1
|-damage|p1a: The Dog|94/100
|cant|p1a: The Dog|flinch
|move|p2a: Fatalis|Solar Beam||[still]
|-prepare|p2a: Fatalis|Solar Beam
|-anim|p2a: Fatalis|Solar Beam|p1a: The Dog
|-supereffective|p1a: The Dog|1
|-damage|p1a: The Dog|0 fnt
|faint|p1a: The Dog
|move|p1b: The Big Bro|Armor Cannon|p2a: Fatalis
|-resisted|p2a: Fatalis|1
|-damage|p2a: Fatalis|50/100g
|-unboost|p1b: The Big Bro|def|1
|-unboost|p1b: The Big Bro|spd|1
|-enditem|p1b: The Big Bro|White Herb
|-clearnegativeboost|p1b: The Big Bro|[silent]
|
|-weather|SunnyDay|[upkeep]
|upkeep
|
|t:|1783904769
|switch|p1a: The Kid|Whimsicott, L50, M|100/100
|turn|2
|
|t:|1783904785
|move|p2a: Fatalis|Protect|p2a: Fatalis
|-singleturn|p2a: Fatalis|Protect
|move|p1a: The Kid|Tailwind|p1a: The Kid
|-sidestart|p1: cap10pp|move: Tailwind
|move|p1b: The Big Bro|Psychic|p2a: Fatalis
|-activate|p2a: Fatalis|move: Protect
|move|p2b: Stitch|Knock Off|p1a: The Kid
|-resisted|p1a: The Kid|1
|-damage|p1a: The Kid|83/100
|-enditem|p1a: The Kid|Sitrus Berry|[from] move: Knock Off|[of] p2b: Stitch
|
|-weather|SunnyDay|[upkeep]
|upkeep
|turn|3
|
|t:|1783904808
|switch|p2a: Caro-Khan|Kingambit, L50, M, shiny|100/100
|move|p2b: Stitch|Encore|p1a: The Kid
|-start|p1a: The Kid|Encore
|move|p1a: The Kid|Tailwind||[still]
|-fail|p1a: The Kid
|move|p1b: The Big Bro|Psychic|p2a: Caro-Khan
|-immune|p2a: Caro-Khan
|
|-weather|SunnyDay|[upkeep]
|upkeep
|turn|4
|
|t:|1783904828
|switch|p1a: The Uncle|Staraptor, L50, F|100/100
|-ability|p1a: The Uncle|Intimidate|boost
|-unboost|p2a: Caro-Khan|atk|1
|-ability|p2a: Caro-Khan|Defiant|boost
|-boost|p2a: Caro-Khan|atk|2
|-unboost|p2b: Stitch|atk|1
|move|p2a: Caro-Khan|Sucker Punch|p1b: The Big Bro
|-supereffective|p1b: The Big Bro|1
|-crit|p1b: The Big Bro
|-damage|p1b: The Big Bro|0 fnt
|faint|p1b: The Big Bro
|move|p2b: Stitch|Knock Off|p1a: The Uncle
|-damage|p1a: The Uncle|85/100
|
|-weather|SunnyDay|[upkeep]
|upkeep
|
|t:|1783904840
|switch|p1b: The Kid|Whimsicott, L50, M|83/100
|turn|5
|
|t:|1783904874
|switch|p2b: Fatalis|Charizard-Mega-Y, L50, M, shiny|50/100g
|detailschange|p1a: The Uncle|Staraptor-Mega, L50, F
|-mega|p1a: The Uncle|Staraptor|Staraptite
|move|p2a: Caro-Khan|Protect|p2a: Caro-Khan
|-singleturn|p2a: Caro-Khan|Protect
|move|p1b: The Kid|Moonblast|p2b: Fatalis
|-resisted|p2b: Fatalis|1
|-damage|p2b: Fatalis|36/100
|move|p1a: The Uncle|Close Combat|p2a: Caro-Khan
|-activate|p2a: Caro-Khan|move: Protect
|
|-weather|none
|-sideend|p1: cap10pp|move: Tailwind
|upkeep
|turn|6
|
|t:|1783904909
|move|p1b: The Kid|Tailwind|p1b: The Kid
|-sidestart|p1: cap10pp|move: Tailwind
|move|p1a: The Uncle|Close Combat|p2a: Caro-Khan
|-supereffective|p2a: Caro-Khan|2
|-enditem|p2a: Caro-Khan|Focus Sash
|-damage|p2a: Caro-Khan|1/100
|-boost|p1a: The Uncle|def|1
|-boost|p1a: The Uncle|spd|1
|move|p2b: Fatalis|Heat Wave|p1b: The Kid|[spread] p1a,p1b
|-supereffective|p1b: The Kid|1
|-damage|p1a: The Uncle|53/100
|-damage|p1b: The Kid|0 fnt
|faint|p1b: The Kid
|move|p2a: Caro-Khan|Iron Head|p1a: The Uncle
|-damage|p1a: The Uncle|9/100
|
|upkeep
|turn|7
|
|t:|1783904927
|move|p2a: Caro-Khan|Sucker Punch||[still]
|-fail|p2a: Caro-Khan
|move|p1a: The Uncle|Roost|p1a: The Uncle
|-heal|p1a: The Uncle|59/100
|-singleturn|p1a: The Uncle|move: Roost
|move|p2b: Fatalis|Heat Wave|p1a: The Uncle
|-damage|p1a: The Uncle|14/100
|
|upkeep
|turn|8
|
|t:|1783904942
|move|p1a: The Uncle|Roost|p1a: The Uncle
|-heal|p1a: The Uncle|64/100
|-singleturn|p1a: The Uncle|move: Roost
|move|p2b: Fatalis|Heat Wave|p1a: The Uncle
|-damage|p1a: The Uncle|24/100
|move|p2a: Caro-Khan|Iron Head|p1a: The Uncle
|-damage|p1a: The Uncle|0 fnt
|faint|p1a: The Uncle
|
|win|magicianmilamber
|l|☆cap10pp
|player|p1|
