|j|☆NON CRITTARMI BRO
|j|☆Keith Jones
|html|NON CRITTARMI BROKeith Jones    
|uhtml|bestof|Game 1 of a best-of-3
|t:|1783590543
|gametype|doubles
|player|p1|NON CRITTARMI BRO|1|1297
|player|p2|Keith Jones|benga|1398
|gen|9
|tier|[Gen 9 Champions] VGC 2026 Reg M-B (Bo3)
|rated|
|rule|Species Clause: Limit one of each Pokémon
|rule|Item Clause: Limit 1 of each item
|clearpoke
|poke|p1|Kingambit, L50, M|
|poke|p1|Charizard, L50, F|
|poke|p1|Aerodactyl, L50, M|
|poke|p1|Farigiraf, L50, F|
|poke|p1|Garchomp, L50, F|
|poke|p1|Sylveon, L50, F|
|poke|p2|Aegislash, L50, M|
|poke|p2|Hydreigon, L50, F|
|poke|p2|Meowscarada, L50, F|
|poke|p2|Aerodactyl, L50, M|
|poke|p2|Lopunny, L50, F|
|poke|p2|Volcarona, L50, F|
|teampreview|4
|showteam|p1|Kingambit||FocusSash|Defiant|KowtowCleave,IronHead,SuckerPunch,LowKick|Adamant||M|||50|]Charizard||CharizarditeY|Blaze|HeatWave,SolarBeam,WeatherBall,Protect|Modest||F|||50|]Aerodactyl||Aerodactylite|Unnerve|RockSlide,DualWingbeat,IceFang,Tailwind|Jolly||M|||50|]Farigiraf||SitrusBerry|ArmorTail|Psychic,Thunderbolt,TrickRoom,Roar|Bold||F|||50|]Garchomp||LifeOrb|RoughSkin|Earthquake,DragonClaw,StompingTantrum,Protect|Jolly||F|||50|]Sylveon||FairyFeather|Pixilate|HyperVoice,HyperBeam,QuickAttack,Protect|Modest||F|||50|
|showteam|p2|Aegislash||SpellTag|StanceChange|Poltergeist,ShadowSneak,CloseCombat,KingsShield|Adamant||M|||50|]Hydreigon||ChoiceScarf|Levitate|DracoMeteor,DarkPulse,Snarl,EarthPower|Modest||F|||50|]Meowscarada||LifeOrb|Overgrow|FlowerTrick,KnockOff,SuckerPunch,Protect|Jolly||F|||50|]Aerodactyl||FocusSash|Unnerve|RockSlide,DualWingbeat,Tailwind,Protect|Jolly||M|||50|]Lopunny||Lopunnite|CuteCharm|CloseCombat,GigaImpact,Encore,FakeOut|Jolly||F|||50|]Volcarona||PasshoBerry|FlameBody|FieryDance,WillOWisp,Tailwind,RagePowder|Bold||F|||50|
|inactive|Battle timer is ON: inactive players will automatically lose when time's up. (requested by NON CRITTARMI BRO)
|inactive|Keith Jones has 60 seconds left.
|
|t:|1783590606
|teamsize|p1|4
|teamsize|p2|4
|start
|switch|p1a: Aerodactyl|Aerodactyl, L50, M|100/100
|switch|p1b: Garchomp|Garchomp, L50, F|100/100
|switch|p2a: Aerodactyl|Aerodactyl, L50, M|100/100
|switch|p2b: Hydreigon|Hydreigon, L50, F|100/100
|-ability|p2a: Aerodactyl|Unnerve
|-ability|p1a: Aerodactyl|Unnerve
|turn|1
|
|t:|1783590617
|switch|p1b: Sylveon|Sylveon, L50, F|100/100
|move|p2b: Hydreigon|Draco Meteor|p1b: Sylveon
|-immune|p1b: Sylveon
|move|p2a: Aerodactyl|Tailwind|p2a: Aerodactyl
|-sidestart|p2: Keith Jones|move: Tailwind
|move|p1a: Aerodactyl|Tailwind|p1a: Aerodactyl
|-sidestart|p1: NON CRITTARMI BRO|move: Tailwind
|
|upkeep
|turn|2
|
|t:|1783590631
|move|p2b: Hydreigon|Draco Meteor|p1a: Aerodactyl
|-damage|p1a: Aerodactyl|13/100
|-unboost|p2b: Hydreigon|spa|2
|move|p2a: Aerodactyl|Rock Slide|p1b: Sylveon|[spread] 
|-miss|p2a: Aerodactyl|p1a: Aerodactyl
|-miss|p2a: Aerodactyl|p1b: Sylveon
|move|p1a: Aerodactyl|Rock Slide|p2a: Aerodactyl|[spread] p2b
|-miss|p1a: Aerodactyl|p2a: Aerodactyl
|-damage|p2b: Hydreigon|73/100
|move|p1b: Sylveon|Hyper Voice|p2b: Hydreigon|[spread] p2a,p2b
|-supereffective|p2b: Hydreigon|2
|-damage|p2a: Aerodactyl|31/100
|-damage|p2b: Hydreigon|0 fnt
|faint|p2b: Hydreigon
|
|upkeep
|inactive|Keith Jones has 30 seconds left.
|inactive|Keith Jones has 20 seconds left.
|
|t:|1783590666
|switch|p2b: Meowscarada|Meowscarada, L50, F|100/100
|turn|3
|
|t:|1783590675
|move|p1b: Sylveon|Protect|p1b: Sylveon
|-singleturn|p1b: Sylveon|Protect
|move|p2a: Aerodactyl|Rock Slide|p1b: Sylveon|[spread] p1a
|-activate|p1b: Sylveon|move: Protect
|-supereffective|p1a: Aerodactyl|1
|-damage|p1a: Aerodactyl|0 fnt
|faint|p1a: Aerodactyl
|move|p2b: Meowscarada|Flower Trick|p1b: Sylveon
|-activate|p1b: Sylveon|move: Protect
|
|upkeep
|
|t:|1783590681
|switch|p1a: Garchomp|Garchomp, L50, F|100/100
|turn|4
|
|t:|1783590687
|move|p2a: Aerodactyl|Rock Slide|p1b: Sylveon|[spread] p1a,p1b
|-resisted|p1a: Garchomp|1
|-damage|p1a: Garchomp|88/100
|-damage|p1b: Sylveon|70/100
|move|p2b: Meowscarada|Flower Trick|p1b: Sylveon
|-crit|p1b: Sylveon
|-damage|p1b: Sylveon|0 fnt
|faint|p1b: Sylveon
|-damage|p2b: Meowscarada|90/100|[from] item: Life Orb
|move|p1a: Garchomp|Dragon Claw|p2a: Aerodactyl
|-damage|p2a: Aerodactyl|0 fnt
|faint|p2a: Aerodactyl
|-damage|p1a: Garchomp|78/100|[from] item: Life Orb
|
|-sideend|p1: NON CRITTARMI BRO|move: Tailwind
|-sideend|p2: Keith Jones|move: Tailwind
|upkeep
|
|t:|1783590698
|switch|p2a: Lopunny|Lopunny, L50, F|100/100
|switch|p1b: Charizard|Charizard, L50, F|100/100
|turn|5
|
|t:|1783590711
|detailschange|p2a: Lopunny|Lopunny-Mega, L50, F
|-mega|p2a: Lopunny|Lopunny|Lopunnite
|move|p1a: Garchomp|Protect|p1a: Garchomp
|-singleturn|p1a: Garchomp|Protect
|move|p1b: Charizard|Protect|p1b: Charizard
|-singleturn|p1b: Charizard|Protect
|move|p2a: Lopunny|Fake Out|p1b: Charizard
|-activate|p1b: Charizard|move: Protect
|move|p2b: Meowscarada|Knock Off|p1a: Garchomp
|-activate|p1a: Garchomp|move: Protect
|
|upkeep
|turn|6
|
|t:|1783590721
|detailschange|p1b: Charizard|Charizard-Mega-Y, L50, F
|-mega|p1b: Charizard|Charizard|Charizardite Y
|-weather|SunnyDay|[from] ability: Drought|[of] p1b: Charizard
|move|p2a: Lopunny|Encore|p1b: Charizard
|-start|p1b: Charizard|Encore
|move|p1b: Charizard|Protect|p1b: Charizard
|-singleturn|p1b: Charizard|Protect
|move|p2b: Meowscarada|Knock Off|p1a: Garchomp
|-damage|p1a: Garchomp|19/100
|-damage|p2b: Meowscarada|77/100|[from] ability: Rough Skin|[of] p1a: Garchomp
|-enditem|p1a: Garchomp|Life Orb|[from] move: Knock Off|[of] p2b: Meowscarada
|-damage|p2b: Meowscarada|67/100|[from] item: Life Orb
|move|p1a: Garchomp|Earthquake|p2a: Lopunny|[spread] p2a,p2b
|-activate|p1b: Charizard|move: Protect
|-resisted|p2b: Meowscarada|1
|-damage|p2a: Lopunny|49/100
|-damage|p2b: Meowscarada|37/100
|
|-weather|SunnyDay|[upkeep]
|upkeep
|turn|7
|
|t:|1783590734
|move|p1b: Charizard|Protect||[still]
|-fail|p1b: Charizard
|move|p2a: Lopunny|Giga Impact|p1b: Charizard
|-damage|p1b: Charizard|21/100
|-mustrecharge|p2a: Lopunny
|move|p2b: Meowscarada|Flower Trick|p1a: Garchomp
|-crit|p1a: Garchomp
|-damage|p1a: Garchomp|0 fnt
|faint|p1a: Garchomp
|-damage|p2b: Meowscarada|27/100|[from] item: Life Orb
|
|-weather|SunnyDay|[upkeep]
|upkeep
|turn|8
|-message|NON CRITTARMI BRO forfeited.
|
|win|Keith Jones
||NON CRITTARMI BRO is ready for game 2.
||Keith Jones is ready for game 2.
|uhtml|next|Next: Game 2 of 3
