|j|☆jamaicanboyvgc
|j|☆ciaranburks
|html|jamaicanboyvgcciaranburks    
|uhtml|bestof|Game 1 of a best-of-3
|t:|1757679160
|gametype|doubles
|player|p1|jamaicanboyvgc|266|1099
|player|p2|ciaranburks|169|1052
|gen|9
|tier|[Gen 9] VGC 2025 Reg H (Bo3)
|rated|
|rule|Species Clause: Limit one of each Pokémon
|rule|Item Clause: Limit 1 of each item
|clearpoke
|poke|p1|Grimmsnarl, L50, M|
|poke|p1|Zoroark-Hisui, L50, F|
|poke|p1|Volcarona, L50, F|
|poke|p1|Gyarados, L50, M|
|poke|p1|Amoonguss, L50, F|
|poke|p1|Kingambit, L50, M|
|poke|p2|Charizard, L50, M|
|poke|p2|Arcanine, L50, F|
|poke|p2|Clefairy, L50, M|
|poke|p2|Dragonite, L50, F|
|poke|p2|Venusaur, L50, F|
|poke|p2|Ninetales, L50, F|
|teampreview|4
|showteam|p1|Grimmsnarl||LightClay|Prankster|LightScreen,PartingShot,Reflect,SpiritBreak|||M|||50|,,,,,Ghost]Zoroark-Hisui||FocusSash|Illusion|Protect,BitterMalice,WillOWisp,Snarl|||F|||50|,,,,,Ghost]Volcarona||Leftovers|FlameBody|Protect,FieryDance,GigaDrain,QuiverDance|||F|||50|,,,,,Grass]Gyarados||SafetyGoggles|Intimidate|Protect,Waterfall,TeraBlast,DragonDance|||M|||50|,,,,,Flying]Amoonguss||SitrusBerry|Regenerator|Protect,Spore,RagePowder,PollenPuff|||F|||50|,,,,,Dark]Kingambit||BlackGlasses|Defiant|Protect,KowtowCleave,SuckerPunch,SwordsDance|||M|||50|,,,,,Dark
|showteam|p2|Charizard||LifeOrb|SolarPower|FlameCharge,AirSlash,HeatWave,Protect|||M|||50|,,,,,Fire]Arcanine||ChoiceBand|FlashFire|CloseCombat,FlareBlitz,WildCharge,PlayRough|||F|||50|,,,,,Fighting]Clefairy||Eviolite|FriendGuard|FollowMe,Moonblast,SunnyDay,AfterYou|||M|||50|,,,,,Steel]Dragonite||SafetyGoggles|InnerFocus|ExtremeSpeed,IceSpinner,Tailwind,StoneEdge|||F|||50|,,,,,Normal]Venusaur||CovertCloak|Chlorophyll|SleepPowder,EarthPower,SludgeBomb,Protect|||F|||50|,,,,,Ground]Ninetales||FocusSash|Drought|SolarBeam,HeatWave,Protect,NastyPlot|||F|||50|,,,,,Grass
|inactive|Battle timer is ON: inactive players will automatically lose when time's up. (requested by jamaicanboyvgc)
|inactive|ciaranburks has 60 seconds left.
|
|t:|1757679217
|teamsize|p1|4
|teamsize|p2|4
|start
|switch|p1a: Grimmsnarl|Grimmsnarl, L50, M|100/100
|switch|p1b: Volcarona|Volcarona, L50, F|100/100
|switch|p2a: Dragonite|Dragonite, L50, F|100/100
|switch|p2b: Venusaur|Venusaur, L50, F|100/100
|turn|1
|inactive|ciaranburks has 30 seconds left.
|inactive|ciaranburks has 20 seconds left.
|
|t:|1757679255
|-terastallize|p2b: Venusaur|Ground
|move|p1b: Volcarona|Will-O-Wisp|p2a: Dragonite
|-status|p2a: Dragonite|brn
|move|p2a: Dragonite|Tailwind|p2a: Dragonite
|-sidestart|p2: ciaranburks|move: Tailwind
|move|p2b: Venusaur|Sleep Powder|p1a: Grimmsnarl
|-status|p1a: Grimmsnarl|slp|[from] move: Sleep Powder
|cant|p1a: Grimmsnarl|slp
|
|-damage|p2a: Dragonite|94/100 brn|[from] brn
|upkeep
|turn|2
|inactive|ciaranburks has 30 seconds left.
|
|t:|1757679286
|switch|p2a: Ninetales|Ninetales, L50, F|100/100
|-weather|SunnyDay|[from] ability: Drought|[of] p2a: Ninetales
|move|p1b: Volcarona|Protect|p1b: Volcarona
|-singleturn|p1b: Volcarona|Protect
|-curestatus|p1a: Grimmsnarl|slp|[msg]
|move|p1a: Grimmsnarl|Light Screen|p1a: Grimmsnarl
|-sidestart|p1: jamaicanboyvgc|move: Light Screen
|move|p2b: Venusaur|Earth Power|p1b: Volcarona
|-activate|p1b: Volcarona|move: Protect
|
|-weather|SunnyDay|[upkeep]
|upkeep
|turn|3
|inactive|jamaicanboyvgc has 30 seconds left.
|inactive|ciaranburks has 30 seconds left.
|
|t:|1757679315
|move|p1a: Grimmsnarl|Parting Shot|p2a: Ninetales
|-unboost|p2a: Ninetales|atk|1
|-unboost|p2a: Ninetales|spa|1
|
|t:|1757679323
|switch|p1a: Gyarados|Gyarados, L50, M|100/100|[from] Parting Shot
|-ability|p1a: Gyarados|Intimidate|boost
|-unboost|p2a: Ninetales|atk|1
|-unboost|p2b: Venusaur|atk|1
|move|p2b: Venusaur|Sleep Powder|p1b: Volcarona
|-status|p1b: Volcarona|slp|[from] move: Sleep Powder
|move|p2a: Ninetales|Nasty Plot|p2a: Ninetales
|-boost|p2a: Ninetales|spa|2
|cant|p1b: Volcarona|slp
|
|-weather|SunnyDay|[upkeep]
|upkeep
|turn|4
|
|t:|1757679343
|move|p2b: Venusaur|Sleep Powder|p1a: Gyarados
|-activate|p1a: Gyarados|item: Safety Goggles|Sleep Powder
|move|p2a: Ninetales|Heat Wave|p1b: Volcarona|[spread] p1a,p1b
|-resisted|p1a: Gyarados
|-crit|p1b: Volcarona
|-damage|p1a: Gyarados|82/100
|-enditem|p1b: Volcarona|Focus Sash
|-damage|p1b: Volcarona|1/100 slp
|replace|p1b: Zoroark|Zoroark-Hisui, L50, F
|-end|p1b: Zoroark|Illusion
|-curestatus|p1b: Zoroark|slp|[msg]
|move|p1b: Zoroark|Snarl|p2a: Ninetales|[spread] p2a,p2b
|-damage|p2a: Ninetales|85/100
|-damage|p2b: Venusaur|85/100
|-unboost|p2a: Ninetales|spa|1
|move|p1a: Gyarados|Dragon Dance|p1a: Gyarados
|-boost|p1a: Gyarados|atk|1
|-boost|p1a: Gyarados|spe|1
|
|-weather|SunnyDay|[upkeep]
|-sideend|p2: ciaranburks|move: Tailwind
|upkeep
|turn|5
|inactive|jamaicanboyvgc has 30 seconds left.
|inactive|ciaranburks has 30 seconds left.
|
|t:|1757679373
|move|p2b: Venusaur|Sludge Bomb|p1a: Gyarados
|-damage|p1a: Gyarados|56/100
|move|p1a: Gyarados|Dragon Dance|p1a: Gyarados
|-boost|p1a: Gyarados|atk|1
|-boost|p1a: Gyarados|spe|1
|move|p1b: Zoroark|Snarl|p2a: Ninetales|[spread] p2a,p2b
|-damage|p2a: Ninetales|68/100
|-damage|p2b: Venusaur|69/100
|-unboost|p2a: Ninetales|spa|1
|move|p2a: Ninetales|Solar Beam||[still]
|-prepare|p2a: Ninetales|Solar Beam
|-anim|p2a: Ninetales|Solar Beam|p1a: Gyarados
|-damage|p1a: Gyarados|44/100
|
|-weather|SunnyDay|[upkeep]
|upkeep
|turn|6
|inactive|ciaranburks has 30 seconds left.
|inactive|jamaicanboyvgc has 30 seconds left.
|inactive|ciaranburks has 20 seconds left.
|
|t:|1757679409
|-terastallize|p1a: Gyarados|Flying
|move|p2b: Venusaur|Sludge Bomb|p1a: Gyarados
|-damage|p1a: Gyarados|17/100
|move|p1a: Gyarados|Tera Blast|p2b: Venusaur|[anim] Tera Blast Flying
|-damage|p2b: Venusaur|0 fnt
|faint|p2b: Venusaur
|move|p1b: Zoroark|Snarl|p2a: Ninetales
|-damage|p2a: Ninetales|45/100
|-unboost|p2a: Ninetales|spa|1
|move|p2a: Ninetales|Heat Wave|p1a: Gyarados|[spread] p1a,p1b
|-damage|p1a: Gyarados|3/100
|-damage|p1b: Zoroark|0 fnt
|faint|p1b: Zoroark
|
|-weather|none
|upkeep
|
|t:|1757679433
|switch|p1b: Volcarona|Volcarona, L50, F|100/100
|switch|p2b: Dragonite|Dragonite, L50, F|94/100 brn
|turn|7
|
|t:|1757679444
|move|p2a: Ninetales|Protect|p2a: Ninetales
|-singleturn|p2a: Ninetales|Protect
|move|p2b: Dragonite|Extreme Speed|p1a: Gyarados
|-damage|p1a: Gyarados|0 fnt
|faint|p1a: Gyarados
|move|p1b: Volcarona|Quiver Dance|p1b: Volcarona
|-boost|p1b: Volcarona|spa|1
|-boost|p1b: Volcarona|spd|1
|-boost|p1b: Volcarona|spe|1
|
|-damage|p2b: Dragonite|88/100 brn|[from] brn
|upkeep
|
|t:|1757679454
|switch|p1a: Grimmsnarl|Grimmsnarl, L50, M|100/100
|turn|8
|
|t:|1757679471
|switch|p2a: Charizard|Charizard, L50, M|100/100
|move|p1b: Volcarona|Protect|p1b: Volcarona
|-singleturn|p1b: Volcarona|Protect
|move|p2b: Dragonite|Tailwind|p2b: Dragonite
|-sidestart|p2: ciaranburks|move: Tailwind
|move|p1a: Grimmsnarl|Spirit Break|p2b: Dragonite
|-supereffective|p2b: Dragonite
|-damage|p2b: Dragonite|23/100 brn
|-unboost|p2b: Dragonite|spa|1
|
|-damage|p2b: Dragonite|17/100 brn|[from] brn
|upkeep
|turn|9
|
|t:|1757679494
|switch|p2b: Ninetales|Ninetales, L50, F|45/100
|-weather|SunnyDay|[from] ability: Drought|[of] p2b: Ninetales
|move|p1a: Grimmsnarl|Reflect|p1a: Grimmsnarl
|-sidestart|p1: jamaicanboyvgc|Reflect
|move|p2a: Charizard|Air Slash|p1b: Volcarona
|-supereffective|p1b: Volcarona
|-damage|p1b: Volcarona|43/100
|-damage|p2a: Charizard|91/100|[from] item: Life Orb
|move|p1b: Volcarona|Fiery Dance|p2b: Ninetales
|-resisted|p2b: Ninetales
|-damage|p2b: Ninetales|0 fnt
|-boost|p1b: Volcarona|spa|1
|faint|p2b: Ninetales
|
|-weather|SunnyDay|[upkeep]
|-damage|p2a: Charizard|78/100|[from] ability: Solar Power|[of] p2a: Charizard
|-heal|p1b: Volcarona|49/100|[from] item: Leftovers
|-sideend|p1: jamaicanboyvgc|move: Light Screen
|upkeep
|
|t:|1757679513
|switch|p2b: Dragonite|Dragonite, L50, F|17/100 brn
|turn|10
|
|t:|1757679526
|move|p1b: Volcarona|Protect|p1b: Volcarona
|-singleturn|p1b: Volcarona|Protect
|move|p2a: Charizard|Flame Charge|p1a: Grimmsnarl
|-damage|p1a: Grimmsnarl|80/100
|-boost|p2a: Charizard|spe|1
|-damage|p2a: Charizard|69/100|[from] item: Life Orb
|move|p2b: Dragonite|Stone Edge|p1a: Grimmsnarl
|-damage|p1a: Grimmsnarl|66/100
|move|p1a: Grimmsnarl|Spirit Break|p2b: Dragonite
|-supereffective|p2b: Dragonite
|-damage|p2b: Dragonite|0 fnt
|faint|p2b: Dragonite
|
|-weather|SunnyDay|[upkeep]
|-damage|p2a: Charizard|56/100|[from] ability: Solar Power|[of] p2a: Charizard
|-heal|p1b: Volcarona|55/100|[from] item: Leftovers
|upkeep
|turn|11
|inactive|jamaicanboyvgc has 30 seconds left.
|
|t:|1757679553
|move|p1a: Grimmsnarl|Light Screen|p1a: Grimmsnarl
|-sidestart|p1: jamaicanboyvgc|move: Light Screen
|move|p2a: Charizard|Air Slash|p1b: Volcarona
|-supereffective|p1b: Volcarona
|-damage|p1b: Volcarona|0 fnt
|faint|p1b: Volcarona
|-damage|p2a: Charizard|47/100|[from] item: Life Orb
|
|-weather|SunnyDay|[upkeep]
|-damage|p2a: Charizard|34/100|[from] ability: Solar Power|[of] p2a: Charizard
|-sideend|p2: ciaranburks|move: Tailwind
|upkeep
|turn|12
|
|t:|1757679569
|move|p2a: Charizard|Heat Wave|p1a: Grimmsnarl
|-damage|p1a: Grimmsnarl|0 fnt
|faint|p1a: Grimmsnarl
|-damage|p2a: Charizard|25/100|[from] item: Life Orb
|
|win|ciaranburks
||jamaicanboyvgc is ready for game 2.
|l|☆ciaranburks
|player|p2|
|inactive|ciaranburks has 30 seconds to confirm battle start!
||ciaranburks is ready for game 2.
|uhtml|next|Next: Game 2 of 3
