|j|☆Cococamps
|j|☆GRNSBRN
|html|CococampsGRNSBRN    
|uhtml|bestof|Game 1 of a best-of-3
|t:|1757918632
|gametype|doubles
|player|p1|Cococamps|169|1095
|player|p2|GRNSBRN|265|1135
|gen|9
|tier|[Gen 9] VGC 2025 Reg H (Bo3)
|rated|
|rule|Species Clause: Limit one of each Pokémon
|rule|Item Clause: Limit 1 of each item
|clearpoke
|poke|p1|Annihilape, L50, F|
|poke|p1|Dragonite, L50, M|
|poke|p1|Incineroar, L50, M|
|poke|p1|Gholdengo, L50|
|poke|p1|Porygon2, L50|
|poke|p1|Ursaluna, L50, M|
|poke|p2|Reuniclus, L50, M|
|poke|p2|Tyranitar, L50, M|
|poke|p2|Indeedee-F, L50, F|
|poke|p2|Sneasler, L50, M|
|poke|p2|Houndstone, L50, M|
|poke|p2|Basculegion, L50, M|
|teampreview|4
|showteam|p1|Annihilape||FocusSash|Defiant|CloseCombat,RageFist,Coaching,Taunt|||F|||50|,,,,,Stellar]Dragonite||LoadedDice|Multiscale|ScaleShot,Tailwind,Haze,Protect|||M|||50|,,,,,Fairy]Incineroar||SafetyGoggles|Intimidate|FakeOut,FlareBlitz,KnockOff,PartingShot|||M|||50|,,,,,Ghost]Gholdengo||LifeOrb|GoodasGold|Protect,NastyPlot,ShadowBall,MakeItRain||||||50|,,,,,Water]Porygon2||Eviolite|Download|Recover,TeraBlast,IceBeam,TrickRoom||||||50|,,,,,Fighting]Ursaluna||FlameOrb|Guts|Protect,Earthquake,HeadlongRush,Facade|||M|||50|,,,,,Ghost
|showteam|p2|Reuniclus||SitrusBerry|Overcoat|ExpandingForce,TrickRoom,TeraBlast,Recover|||M|||50|,,,,,Water]Tyranitar||AssaultVest|SandStream|KnockOff,RockSlide,TeraBlast,LowKick|||M|||50|,,,,,Flying]Indeedee-F||RockyHelmet|PsychicSurge|TrickRoom,FollowMe,HealPulse,DazzlingGleam|||F|||50|,,,,,Fairy]Sneasler||PsychicSeed|Unburden|RockSlide,Protect,CloseCombat,DireClaw|||M|||50|,,,,,Rock]Houndstone||Leftovers|SandRush|Protect,Yawn,Snarl,LastRespects|||M|||50|,,,,,Fairy]Basculegion||ChoiceScarf|Adaptability|FlipTurn,PhantomForce,WaveCrash,LastRespects|||M|||50|,,,,,Water
|inactive|Battle timer is ON: inactive players will automatically lose when time's up. (requested by Cococamps)
|inactive|GRNSBRN has 60 seconds left.
|
|t:|1757918680
|teamsize|p1|4
|teamsize|p2|4
|start
|switch|p1a: Incineroar|Incineroar, L50, M|100/100
|switch|p1b: Annihilape|Annihilape, L50, F|100/100
|switch|p2a: Tyranitar|Tyranitar, L50, M|100/100
|switch|p2b: Indeedee|Indeedee-F, L50, F, shiny|100/100
|-ability|p1a: Incineroar|Intimidate|boost
|-unboost|p2a: Tyranitar|atk|1
|-unboost|p2b: Indeedee|atk|1
|-fieldstart|move: Psychic Terrain|[from] ability: Psychic Surge|[of] p2b: Indeedee
|-weather|Sandstorm|[from] ability: Sand Stream|[of] p2a: Tyranitar
|turn|1
|inactive|Cococamps has 30 seconds left.
|
|t:|1757918712
|move|p1b: Annihilape|Close Combat|p2a: Tyranitar
|-supereffective|p2a: Tyranitar
|-damage|p2a: Tyranitar|0 fnt
|-unboost|p1b: Annihilape|def|1
|-unboost|p1b: Annihilape|spd|1
|faint|p2a: Tyranitar
|move|p1a: Incineroar|Knock Off|p2b: Indeedee
|-supereffective|p2b: Indeedee
|-damage|p2b: Indeedee|18/100
|-damage|p1a: Incineroar|84/100|[from] item: Rocky Helmet|[of] p2b: Indeedee
|-enditem|p2b: Indeedee|Rocky Helmet|[from] move: Knock Off|[of] p1a: Incineroar
|move|p2b: Indeedee|Trick Room|p2b: Indeedee
|-fieldstart|move: Trick Room|[of] p2b: Indeedee
|
|-weather|Sandstorm|[upkeep]
|-damage|p2b: Indeedee|12/100|[from] Sandstorm
|-damage|p1b: Annihilape|95/100|[from] Sandstorm
|upkeep
|
|t:|1757918725
|switch|p2a: Reuniclus|Reuniclus, L50, M, shiny|100/100
|turn|2
|
|t:|1757918742
|-terastallize|p2a: Reuniclus|Water
|move|p2a: Reuniclus|Tera Blast|p1a: Incineroar|[anim] Tera Blast Water
|-supereffective|p1a: Incineroar
|-damage|p1a: Incineroar|6/100
|move|p2b: Indeedee|Dazzling Gleam|p1a: Incineroar|[spread] p1a,p1b
|-supereffective|p1b: Annihilape
|-crit|p1b: Annihilape
|-damage|p1a: Incineroar|0 fnt
|-damage|p1b: Annihilape|35/100
|faint|p1a: Incineroar
|move|p1b: Annihilape|Rage Fist|p2a: Reuniclus
|-damage|p2a: Reuniclus|58/100
|
|-weather|Sandstorm|[upkeep]
|-damage|p2b: Indeedee|6/100|[from] Sandstorm
|-damage|p1b: Annihilape|29/100|[from] Sandstorm
|upkeep
|
|t:|1757918753
|switch|p1a: Porygon2|Porygon2, L50|100/100
|-ability|p1a: Porygon2|Download|boost
|-boost|p1a: Porygon2|spa|1
|turn|3
|
|t:|1757918762
|move|p2a: Reuniclus|Expanding Force|p1b: Annihilape|[spread] p1a,p1b
|-supereffective|p1b: Annihilape
|-damage|p1a: Porygon2|63/100
|-damage|p1b: Annihilape|0 fnt
|faint|p1b: Annihilape
|move|p1a: Porygon2|Tera Blast|p2a: Reuniclus
|-damage|p2a: Reuniclus|7/100
|-enditem|p2a: Reuniclus|Sitrus Berry|[eat]
|-heal|p2a: Reuniclus|32/100|[from] item: Sitrus Berry
|move|p2b: Indeedee|Heal Pulse|p2a: Reuniclus
|-heal|p2a: Reuniclus|82/100
|
|-weather|Sandstorm|[upkeep]
|-damage|p1a: Porygon2|57/100|[from] Sandstorm
|-damage|p2b: Indeedee|0 fnt|[from] Sandstorm
|faint|p2b: Indeedee
|upkeep
|
|t:|1757918775
|switch|p2b: Sneasler|Sneasler, L50, M|100/100
|switch|p1b: Gholdengo|Gholdengo, L50|100/100
|-enditem|p2b: Sneasler|Psychic Seed
|-boost|p2b: Sneasler|spd|1|[from] item: Psychic Seed
|turn|4
|
|t:|1757918793
|move|p2a: Reuniclus|Expanding Force|p1a: Porygon2|[spread] p1a,p1b
|-resisted|p1b: Gholdengo
|-damage|p1a: Porygon2|20/100
|-damage|p1b: Gholdengo|71/100
|move|p1a: Porygon2|Recover|p1a: Porygon2
|-heal|p1a: Porygon2|70/100
|move|p1b: Gholdengo|Nasty Plot|p1b: Gholdengo
|-boost|p1b: Gholdengo|spa|2
|move|p2b: Sneasler|Rock Slide|p1a: Porygon2|[spread] p1a
|-miss|p2b: Sneasler|p1b: Gholdengo
|-damage|p1a: Porygon2|56/100
|
|-weather|Sandstorm|[upkeep]
|-damage|p1a: Porygon2|50/100|[from] Sandstorm
|-damage|p2b: Sneasler|95/100|[from] Sandstorm
|upkeep
|turn|5
|inactive|GRNSBRN has 30 seconds left.
|
|t:|1757918821
|move|p2b: Sneasler|Protect|p2b: Sneasler
|-singleturn|p2b: Sneasler|Protect
|move|p2a: Reuniclus|Expanding Force|p1b: Gholdengo|[spread] p1a,p1b
|-resisted|p1b: Gholdengo
|-damage|p1a: Porygon2|9/100
|-damage|p1b: Gholdengo|38/100
|move|p1a: Porygon2|Tera Blast|p2b: Sneasler
|-activate|p2b: Sneasler|move: Protect
|move|p1b: Gholdengo|Shadow Ball|p2b: Sneasler
|-activate|p2b: Sneasler|move: Protect
|
|-weather|none
|-fieldend|move: Trick Room
|-fieldend|move: Psychic Terrain
|upkeep
|turn|6
|
|t:|1757918838
|move|p2b: Sneasler|Dire Claw|p1a: Porygon2
|-damage|p1a: Porygon2|0 fnt
|faint|p1a: Porygon2
|move|p1b: Gholdengo|Make It Rain|p2b: Sneasler|[spread] p2a,p2b
|-resisted|p2a: Reuniclus
|-damage|p2a: Reuniclus|19/100
|-damage|p2b: Sneasler|0 fnt
|-unboost|p1b: Gholdengo|spa|1
|faint|p2b: Sneasler
|-damage|p1b: Gholdengo|28/100|[from] item: Life Orb
|move|p2a: Reuniclus|Expanding Force|p1b: Gholdengo
|-resisted|p1b: Gholdengo
|-damage|p1b: Gholdengo|8/100
|
|upkeep
|turn|7
|
|t:|1757918855
|move|p1b: Gholdengo|Make It Rain|p2a: Reuniclus
|-resisted|p2a: Reuniclus
|-damage|p2a: Reuniclus|0 fnt
|-unboost|p1b: Gholdengo|spa|1
|faint|p2a: Reuniclus
|-damage|p1b: Gholdengo|0 fnt|[from] item: Life Orb
|faint|p1b: Gholdengo
|
|win|Cococamps
|inactive|Cococamps has 30 seconds to confirm battle start!
|inactive|GRNSBRN has 30 seconds to confirm battle start!
||Cococamps is ready for game 2.
||GRNSBRN is ready for game 2.
|uhtml|next|Next: Game 2 of 3
|l|☆Cococamps
|player|p1|
|l|☆GRNSBRN
|player|p2|
