|badge|p1|bronze|gen9ou|100-6
|uhtml|medal-msg|Curious what those medals under the avatar are? PS now has Ladder Seasons! For more information, check out the thread on Smogon.
|j|☆JackRG1
|j|☆Clintoap
|html|JackRG1Clintoap    
|uhtml|bestof|Game 2 of a best-of-3
|t:|1757643070
|gametype|doubles
|player|p1|JackRG1|dawn-gen4pt|1245
|player|p2|Clintoap|169|1187
|gen|9
|tier|[Gen 9] VGC 2025 Reg H (Bo3)
|rated|
|rule|Species Clause: Limit one of each Pokémon
|rule|Item Clause: Limit 1 of each item
|clearpoke
|poke|p1|Tyranitar, L50, F|
|poke|p1|Excadrill, L50, F|
|poke|p1|Milotic, L50, F|
|poke|p1|Indeedee-F, L50, F|
|poke|p1|Volcarona, L50, M|
|poke|p1|Hatterene, L50, F|
|poke|p2|Umbreon, L50, M|
|poke|p2|Rotom-Heat, L50|
|poke|p2|Whimsicott, L50, F|
|poke|p2|Gholdengo, L50|
|poke|p2|Annihilape, L50, M|
|poke|p2|Torterra, L50, M|
|teampreview|4
|showteam|p1|Tyranitar||AssaultVest|SandStream|RockSlide,KnockOff,LowKick,TeraBlast|||F|||50|,,,,,Flying]Excadrill||FocusSash|SandRush|Earthquake,HighHorsepower,IronHead,Protect|||F|||50|,,,,,Stellar]Milotic||CovertCloak|Competitive|Scald,IcyWind,Haze,Protect|||F|||50|,,,,,Grass]Indeedee-F||SafetyGoggles|PsychicSurge|TrickRoom,Protect,Psychic,FollowMe|||F|||50|,,,,,Fairy]Volcarona||Leftovers|FlameBody|Protect,HeatWave,QuiverDance,GigaDrain|||M|||50|,,,,,Grass]Hatterene||LifeOrb|MagicBounce|DazzlingGleam,TrickRoom,ExpandingForce,Protect|||F|||50|,,,,,Fairy
|showteam|p2|Umbreon||AguavBerry|InnerFocus|Snarl,FoulPlay,Taunt,ThunderWave|||M|||50|,,,,,Ghost]Rotom-Heat||SitrusBerry|Levitate|WillOWisp,Overheat,Protect,Thunderbolt||||||50|,,,,,Electric]Whimsicott||FocusSash|Prankster|Moonblast,Encore,Tailwind,Protect|||F|||50|,,,,,Ghost]Gholdengo||LifeOrb|GoodasGold|MakeItRain,ShadowBall,Protect,NastyPlot||||||50|,,,,,Water]Annihilape||SafetyGoggles|Defiant|DrainPunch,RageFist,BulkUp,Protect|||M|||50|,,,,,Fire]Torterra||WhiteHerb|ShellArmor|ShellSmash,Protect,WoodHammer,HeadlongRush|||M|||50|,,,,,Grass
|inactive|Battle timer is ON: inactive players will automatically lose when time's up. (requested by JackRG1)
|
|t:|1757643091
|teamsize|p1|4
|teamsize|p2|4
|start
|switch|p1a: Hatterene|Hatterene, L50, F|100/100
|switch|p1b: Indeedee|Indeedee-F, L50, F|100/100
|switch|p2a: Torterra|Torterra, L50, M|100/100
|switch|p2b: Annihilape|Annihilape, L50, M|100/100
|-fieldstart|move: Psychic Terrain|[from] ability: Psychic Surge|[of] p1b: Indeedee
|turn|1
|inactive|Clintoap has 30 seconds left.
|inactive|Clintoap has 20 seconds left.
|inactive|Clintoap has 15 seconds left.
|
|t:|1757643133
|switch|p2a: Umbreon|Umbreon, L50, M|100/100
|move|p1b: Indeedee|Follow Me|p1b: Indeedee
|-singleturn|p1b: Indeedee|move: Follow Me
|move|p2b: Annihilape|Drain Punch|p1b: Indeedee
|-damage|p1b: Indeedee|61/100
|move|p1a: Hatterene|Trick Room|p1a: Hatterene
|-fieldstart|move: Trick Room|[of] p1a: Hatterene
|
|upkeep
|turn|2
|
|t:|1757643145
|-terastallize|p1a: Hatterene|Fairy
|move|p2b: Annihilape|Protect|p2b: Annihilape
|-singleturn|p2b: Annihilape|Protect
|move|p1b: Indeedee|Follow Me|p1b: Indeedee
|-singleturn|p1b: Indeedee|move: Follow Me
|move|p1a: Hatterene|Dazzling Gleam|p2a: Umbreon|[spread] p2a
|-activate|p2b: Annihilape|move: Protect
|-supereffective|p2a: Umbreon
|-damage|p2a: Umbreon|28/100
|-damage|p1a: Hatterene|91/100|[from] item: Life Orb
|move|p2a: Umbreon|Snarl|p1b: Indeedee|[spread] p1a,p1b
|-resisted|p1a: Hatterene
|-supereffective|p1b: Indeedee
|-damage|p1a: Hatterene|85/100
|-damage|p1b: Indeedee|43/100
|-unboost|p1a: Hatterene|spa|1
|-unboost|p1b: Indeedee|spa|1
|
|upkeep
|turn|3
|
|t:|1757643160
|switch|p1b: Volcarona|Volcarona, L50, M|100/100
|-terastallize|p2b: Annihilape|Fire
|move|p1a: Hatterene|Dazzling Gleam|p2b: Annihilape|[spread] p2a,p2b
|-supereffective|p2a: Umbreon
|-resisted|p2b: Annihilape
|-damage|p2a: Umbreon|0 fnt
|-damage|p2b: Annihilape|80/100
|faint|p2a: Umbreon
|-damage|p1a: Hatterene|75/100|[from] item: Life Orb
|move|p2b: Annihilape|Rage Fist|p1a: Hatterene
|-damage|p1a: Hatterene|11/100
|
|upkeep
|
|t:|1757643173
|switch|p2a: Torterra|Torterra, L50, M|100/100
|turn|4
|
|t:|1757643179
|move|p1a: Hatterene|Expanding Force|p2a: Torterra|[spread] p2a,p2b
|-damage|p2a: Torterra|44/100
|-damage|p2b: Annihilape|13/100
|-damage|p1a: Hatterene|1/100|[from] item: Life Orb
|move|p2a: Torterra|Shell Smash|p2a: Torterra
|-unboost|p2a: Torterra|def|1
|-unboost|p2a: Torterra|spd|1
|-boost|p2a: Torterra|atk|2
|-boost|p2a: Torterra|spa|2
|-boost|p2a: Torterra|spe|2
|-enditem|p2a: Torterra|White Herb
|-clearnegativeboost|p2a: Torterra|[silent]
|move|p2b: Annihilape|Rage Fist|p1b: Volcarona
|-damage|p1b: Volcarona|2/100
|move|p1b: Volcarona|Quiver Dance|p1b: Volcarona
|-boost|p1b: Volcarona|spa|1
|-boost|p1b: Volcarona|spd|1
|-boost|p1b: Volcarona|spe|1
|
|-heal|p1b: Volcarona|8/100|[from] item: Leftovers
|upkeep
|turn|5
|inactive|Clintoap has 30 seconds left.
|
|t:|1757643207
|move|p2b: Annihilape|Protect|p2b: Annihilape
|-singleturn|p2b: Annihilape|Protect
|move|p2a: Torterra|Protect|p2a: Torterra
|-singleturn|p2a: Torterra|Protect
|move|p1a: Hatterene|Expanding Force|p2b: Annihilape|[spread] 
|-activate|p2a: Torterra|move: Protect
|-activate|p2b: Annihilape|move: Protect
|move|p1b: Volcarona|Quiver Dance|p1b: Volcarona
|-boost|p1b: Volcarona|spa|1
|-boost|p1b: Volcarona|spd|1
|-boost|p1b: Volcarona|spe|1
|
|-heal|p1b: Volcarona|14/100|[from] item: Leftovers
|-fieldend|move: Trick Room
|-fieldend|move: Psychic Terrain
|upkeep
|turn|6
|
|t:|1757643227
|switch|p1a: Indeedee|Indeedee-F, L50, F|43/100
|-fieldstart|move: Psychic Terrain|[from] ability: Psychic Surge|[of] p1a: Indeedee
|move|p1b: Volcarona|Heat Wave|p2b: Annihilape|[spread] p2a,p2b
|-supereffective|p2a: Torterra
|-resisted|p2b: Annihilape
|-damage|p2a: Torterra|0 fnt
|-damage|p2b: Annihilape|0 fnt
|faint|p2a: Torterra
|faint|p2b: Annihilape
|
|-heal|p1b: Volcarona|20/100|[from] item: Leftovers
|upkeep
|
|t:|1757643234
|switch|p2b: Gholdengo|Gholdengo, L50|100/100
|turn|7
|
|t:|1757643238
|move|p1a: Indeedee|Follow Me|p1a: Indeedee
|-singleturn|p1a: Indeedee|move: Follow Me
|move|p1b: Volcarona|Heat Wave|p2b: Gholdengo
|-supereffective|p2b: Gholdengo
|-damage|p2b: Gholdengo|0 fnt
|faint|p2b: Gholdengo
|
|win|JackRG1
||JackRG1 is ready for game 3.
|l|☆JackRG1
|player|p1|
|inactive|Clintoap has 30 seconds to confirm battle start!
||Clintoap is ready for game 3.
|uhtml|next|Next: Game 3 of 3
