|j|☆RagCheese
|j|☆Chelicerate1
|html|RagCheeseChelicerate1    
|uhtml|bestof|Game 1 of a best-of-3
|t:|1785654357
|gametype|doubles
|player|p1|RagCheese|bellelba|1115
|player|p2|Chelicerate1|ethan|1300
|gen|9
|tier|[Gen 9 Champions] VGC 2026 Reg M-B (Bo3)
|rated|
|rule|Species Clause: Limit one of each Pokémon
|rule|Item Clause: Limit 1 of each item
|clearpoke
|poke|p1|Raichu, L50, M|
|poke|p1|Pelipper, L50, F|
|poke|p1|Garchomp, L50, F|
|poke|p1|Archaludon, L50, M|
|poke|p1|Slowbro, L50, M|
|poke|p1|Orthworm, L50, F|
|poke|p2|Grimmsnarl, L50, M|
|poke|p2|Basculegion, L50, M|
|poke|p2|Charizard, L50, F|
|poke|p2|Pelipper, L50, M|
|poke|p2|Venusaur, L50, M|
|poke|p2|Archaludon, L50, M|
|teampreview|4
|showteam|p1|Raichu||RaichuniteX|LightningRod|Protect,FakeOut,VoltSwitch,RisingVoltage|Modest||M|||50|]Pelipper||FocusSash|Drizzle|Hurricane,WeatherBall,Tailwind,WideGuard|Modest||F|||50|]Garchomp||Garchompite|RoughSkin|Earthquake,EarthPower,RockSlide,DracoMeteor|Quiet||F|||50|]Archaludon||ExpertBelt|Stamina|DragonPulse,ElectroShot,FlashCannon,Protect|Modest||M|||50|]Slowbro||Slowbronite|Regenerator|MuddyWater,SlackOff,TrickRoom,Protect|Quiet||M|||50|]Orthworm||SitrusBerry|EarthEater|IronHead,ShedTail,BodyPress,HelpingHand|Adamant||F|||50|
|showteam|p2|Grimmsnarl||LightClay|Prankster|SpiritBreak,PartingShot,Reflect,LightScreen|Sassy||M|||50|]Basculegion||ChoiceScarf|Adaptability|LastRespects,WaveCrash,AquaJet,FlipTurn|Jolly||M|||50|]Charizard||CharizarditeY|Blaze|Protect,HeatWave,WeatherBall,SolarBeam|Modest||F|||50|]Pelipper||SitrusBerry|Drizzle|Hurricane,WeatherBall,Tailwind,WideGuard|Modest||M|||50|]Venusaur||FocusSash|Chlorophyll|SludgeBomb,SleepPowder,EarthPower,Protect|Modest||M|||50|]Archaludon||Leftovers|Stamina|ElectroShot,DragonPulse,FlashCannon,Protect|Calm||M|||50|
|inactive|Battle timer is ON: inactive players will automatically lose when time's up. (requested by Chelicerate1)
|inactive|RagCheese has 60 seconds left.
|
|t:|1785654395
|teamsize|p1|4
|teamsize|p2|4
|start
|switch|p1a: Slowbro|Slowbro, L50, M|100/100
|switch|p1b: Garchomp|Garchomp, L50, F|100/100
|switch|p2a: Charizard|Charizard, L50, F|100/100
|switch|p2b: Venusaur|Venusaur, L50, M|100/100
|turn|1
|inactive|RagCheese has 30 seconds left.
|inactive|Chelicerate1 has 30 seconds left.
|inactive|RagCheese has 20 seconds left.
|inactive|RagCheese has 15 seconds left.
|inactive|RagCheese has 10 seconds left.
|
|t:|1785654441
|detailschange|p2a: Charizard|Charizard-Mega-Y, L50, F
|-mega|p2a: Charizard|Charizard|Charizardite Y
|-weather|SunnyDay|[from] ability: Drought|[of] p2a: Charizard
|detailschange|p1b: Garchomp|Garchomp-Mega, L50, F
|-mega|p1b: Garchomp|Garchomp|Garchompite
|move|p1a: Slowbro|Protect|p1a: Slowbro
|-singleturn|p1a: Slowbro|Protect
|move|p2b: Venusaur|Sleep Powder|p1b: Garchomp
|-status|p1b: Garchomp|slp|[from] move: Sleep Powder
|move|p2a: Charizard|Solar Beam||[still]
|-prepare|p2a: Charizard|Solar Beam
|-anim|p2a: Charizard|Solar Beam|p1a: Slowbro
|-activate|p1a: Slowbro|move: Protect
|cant|p1b: Garchomp|slp
|
|-weather|SunnyDay|[upkeep]
|upkeep
|turn|2
|inactive|RagCheese has 30 seconds left.
|inactive|RagCheese has 20 seconds left.
|inactive|RagCheese has 15 seconds left.
|inactive|RagCheese has 10 seconds left.
|
|t:|1785654491
|switch|p1b: Pelipper|Pelipper, L50, F|100/100
|-weather|RainDance|[from] ability: Drizzle|[of] p1b: Pelipper
|move|p2a: Charizard|Heat Wave|p1a: Slowbro|[spread] p1a
|-miss|p2a: Charizard|p1b: Pelipper
|-resisted|p1a: Slowbro|1
|-damage|p1a: Slowbro|92/100
|move|p2b: Venusaur|Sleep Powder|p1a: Slowbro
|-status|p1a: Slowbro|slp|[from] move: Sleep Powder
|cant|p1a: Slowbro|slp
|
|-weather|RainDance|[upkeep]
|upkeep
|turn|3
|inactive|RagCheese has 30 seconds left.
|
|t:|1785654517
|switch|p2a: Archaludon|Archaludon, L50, M|100/100
|switch|p1b: Garchomp|Garchomp-Mega, L50, F|100/100 slp
|move|p2b: Venusaur|Sleep Powder|p1b: Garchomp
|-fail|p1b: Garchomp|slp
|-curestatus|p1a: Slowbro|slp|[msg]
|move|p1a: Slowbro|Trick Room|p1a: Slowbro
|-fieldstart|move: Trick Room|[of] p1a: Slowbro
|
|-weather|RainDance|[upkeep]
|upkeep
|turn|4
|inactive|RagCheese has 30 seconds left.
|inactive|RagCheese has 20 seconds left.
|inactive|RagCheese has 15 seconds left.
|
|t:|1785654561
|switch|p2b: Pelipper|Pelipper, L50, M|100/100
|move|p1a: Slowbro|Muddy Water|p2b: Pelipper|[spread] p2a,p2b
|-resisted|p2a: Archaludon|1
|-resisted|p2b: Pelipper|1
|-damage|p2a: Archaludon|80/100
|-damage|p2b: Pelipper|70/100
|-unboost|p2b: Pelipper|accuracy|1
|-ability|p2a: Archaludon|Stamina|boost
|-boost|p2a: Archaludon|def|1
|cant|p1b: Garchomp|slp
|move|p2a: Archaludon|Electro Shot||[still]
|-prepare|p2a: Archaludon|Electro Shot
|-boost|p2a: Archaludon|spa|1
|-anim|p2a: Archaludon|Electro Shot|p1a: Slowbro
|-supereffective|p1a: Slowbro|1
|-damage|p1a: Slowbro|1/100
|
|-weather|RainDance|[upkeep]
|-heal|p2a: Archaludon|87/100|[from] item: Leftovers
|upkeep
|turn|5
|inactive|RagCheese has 30 seconds left.
|
|t:|1785654587
|move|p1a: Slowbro|Slack Off|p1a: Slowbro
|-heal|p1a: Slowbro|51/100
|move|p2b: Pelipper|Weather Ball|p1b: Garchomp
|-damage|p1b: Garchomp|50/100g slp
|-curestatus|p1b: Garchomp|slp|[msg]
|move|p1b: Garchomp|Earth Power|p2a: Archaludon
|-supereffective|p2a: Archaludon|1
|-damage|p2a: Archaludon|0 fnt
|faint|p2a: Archaludon
|
|-weather|RainDance|[upkeep]
|upkeep
|
|t:|1785654605
|switch|p2a: Charizard|Charizard-Mega-Y, L50, F|100/100
|-weather|SunnyDay|[from] ability: Drought|[of] p2a: Charizard
|turn|6
|inactive|RagCheese has 30 seconds left.
|inactive|RagCheese has 20 seconds left.
|
|t:|1785654644
|switch|p1b: Pelipper|Pelipper, L50, F|100/100
|-weather|RainDance|[from] ability: Drizzle|[of] p1b: Pelipper
|move|p2b: Pelipper|Wide Guard|p2b: Pelipper
|-singleturn|p2b: Pelipper|Wide Guard
|move|p1a: Slowbro|Slack Off|p1a: Slowbro
|-heal|p1a: Slowbro|100/100
|move|p2a: Charizard|Weather Ball|p1b: Pelipper
|-resisted|p1b: Pelipper|1
|-damage|p1b: Pelipper|51/100
|
|-weather|RainDance|[upkeep]
|upkeep
|turn|7
|inactive|RagCheese has 30 seconds left.
|
|t:|1785654673
|switch|p2a: Venusaur|Venusaur, L50, M|100/100
|move|p2b: Pelipper|Hurricane|p1b: Pelipper
|-damage|p1b: Pelipper|0 fnt
|faint|p1b: Pelipper
|move|p1a: Slowbro|Trick Room|p1a: Slowbro
|-fieldend|move: Trick Room
|
|-weather|RainDance|[upkeep]
|upkeep
|
|t:|1785654689
|switch|p1b: Archaludon|Archaludon, L50, M|100/100
|turn|8
|inactive|RagCheese has 30 seconds left.
|
|t:|1785654718
|move|p2a: Venusaur|Sleep Powder|p1b: Archaludon|[miss]
|-miss|p2a: Venusaur|p1b: Archaludon
|move|p1b: Archaludon|Electro Shot||[still]
|-prepare|p1b: Archaludon|Electro Shot
|-boost|p1b: Archaludon|spa|1
|-anim|p1b: Archaludon|Electro Shot|p2a: Venusaur
|-resisted|p2a: Venusaur|1
|-crit|p2a: Venusaur
|-damage|p2a: Venusaur|42/100
|move|p2b: Pelipper|Hurricane|p1a: Slowbro
|-crit|p1a: Slowbro
|-damage|p1a: Slowbro|45/100
|-start|p1a: Slowbro|confusion
|-activate|p1a: Slowbro|confusion
|-damage|p1a: Slowbro|39/100|[from] confusion
|
|-weather|RainDance|[upkeep]
|upkeep
|turn|9
|inactive|RagCheese has 30 seconds left.
|inactive|Chelicerate1 has 30 seconds left.
|inactive|RagCheese has 20 seconds left.
|inactive|Chelicerate1 has 20 seconds left.
|inactive|RagCheese has 15 seconds left.
|inactive|RagCheese has 10 seconds left.
|
|t:|1785654763
|move|p1b: Archaludon|Protect|p1b: Archaludon
|-singleturn|p1b: Archaludon|Protect
|move|p2a: Venusaur|Sleep Powder|p1b: Archaludon
|-activate|p1b: Archaludon|move: Protect
|move|p2b: Pelipper|Hurricane|p1a: Slowbro
|-damage|p1a: Slowbro|2/100
|-activate|p1a: Slowbro|confusion
|-damage|p1a: Slowbro|0 fnt|[from] confusion
|faint|p1a: Slowbro
|
|-weather|RainDance|[upkeep]
|upkeep
|
|t:|1785654774
|switch|p1a: Garchomp|Garchomp-Mega, L50, F|50/100g
|turn|10
|
|t:|1785654794
|switch|p2b: Charizard|Charizard-Mega-Y, L50, F|100/100
|-weather|SunnyDay|[from] ability: Drought|[of] p2b: Charizard
|move|p2a: Venusaur|Sleep Powder|p1a: Garchomp
|-status|p1a: Garchomp|slp|[from] move: Sleep Powder
|move|p1b: Archaludon|Electro Shot||[still]
|-prepare|p1b: Archaludon|Electro Shot
|-boost|p1b: Archaludon|spa|1
|cant|p1a: Garchomp|slp
|
|-weather|SunnyDay|[upkeep]
|upkeep
|turn|11
|inactive|Chelicerate1 has 30 seconds left.
|
|t:|1785654826
|move|p2a: Venusaur|Sleep Powder|p1b: Archaludon
|-status|p1b: Archaludon|slp|[from] move: Sleep Powder
|move|p2b: Charizard|Solar Beam||[still]
|-prepare|p2b: Charizard|Solar Beam
|-anim|p2b: Charizard|Solar Beam|p1a: Garchomp
|-damage|p1a: Garchomp|9/100 slp
|cant|p1b: Archaludon|slp
|cant|p1a: Garchomp|slp
|
|-weather|SunnyDay|[upkeep]
|upkeep
|turn|12
|
|t:|1785654848
|move|p2a: Venusaur|Earth Power|p1b: Archaludon
|-supereffective|p1b: Archaludon|1
|-damage|p1b: Archaludon|35/100 slp
|-ability|p1b: Archaludon|Stamina|boost
|-boost|p1b: Archaludon|def|1
|move|p2b: Charizard|Heat Wave|p1b: Archaludon|[spread] p1a,p1b
|-resisted|p1a: Garchomp|1
|-damage|p1a: Garchomp|0 fnt
|-damage|p1b: Archaludon|0 fnt
|faint|p1a: Garchomp
|faint|p1b: Archaludon
|
|win|Chelicerate1
||RagCheese is ready for game 2.
|inactive|Chelicerate1 has 30 seconds to confirm battle start!
|inactive|Chelicerate1 has 20 seconds to confirm battle start!
