|j|☆GrovyleSSJ
|j|☆Il Mule
|html|GrovyleSSJIl Mule    
|uhtml|bestof|Game 3 of a best-of-3
|t:|1782388687
|gametype|doubles
|player|p1|GrovyleSSJ|266|1293
|player|p2|Il Mule|salvatore|1412
|gen|9
|tier|[Gen 9 Champions] VGC 2026 Reg M-B (Bo3)
|rated|
|rule|Species Clause: Limit one of each Pokémon
|rule|Item Clause: Limit 1 of each item
|clearpoke
|poke|p1|Aerodactyl, L50, M|
|poke|p1|Garchomp, L50, F|
|poke|p1|Kingambit, L50, M|
|poke|p1|Charizard, L50, F|
|poke|p1|Sylveon, L50, F|
|poke|p1|Farigiraf, L50, M|
|poke|p2|Corviknight, L50, F|
|poke|p2|Tyranitar, L50, F|
|poke|p2|Sneasler, L50, M|
|poke|p2|Incineroar, L50, F|
|poke|p2|Froslass, L50, F|
|poke|p2|Garchomp, L50, M|
|teampreview|4
|showteam|p1|Aerodactyl||Aerodactylite|Unnerve|IceFang,RockSlide,Tailwind,DualWingbeat|Jolly||M|||50|]Garchomp||LifeOrb|RoughSkin|DragonClaw,StompingTantrum,Earthquake,Protect|Jolly||F|||50|]Kingambit||FocusSash|Defiant|SuckerPunch,KowtowCleave,IronHead,LowKick|Adamant||M|||50|]Charizard||CharizarditeY|Blaze|Protect,WeatherBall,HeatWave,SolarBeam|Modest||F|||50|]Sylveon||FairyFeather|Pixilate|Protect,HyperVoice,HyperBeam,QuickAttack|Modest||F|||50|]Farigiraf||SitrusBerry|ArmorTail|TrickRoom,Thunderbolt,Roar,TwinBeam|Bold||M|||50|
|showteam|p2|Corviknight||OccaBerry|MirrorArmor|BraveBird,Taunt,Tailwind,Roost|Impish||F|||50|]Tyranitar||Tyranitarite|SandStream|KnockOff,RockSlide,DragonDance,Protect|Adamant||F|||50|]Sneasler||WhiteHerb|Unburden|CloseCombat,DireClaw,Coaching,FakeOut|Jolly||M|||50|]Incineroar||SitrusBerry|Intimidate|FlareBlitz,HelpingHand,PartingShot,FakeOut|Impish||F|||50|]Froslass||Froslassite|SnowCloak|Blizzard,ShadowBall,WillOWisp,Protect|Timid||F|||50|]Garchomp||LifeOrb|RoughSkin|Earthquake,RockSlide,EarthPower,Protect|Jolly||M|||50|
|inactive|Battle timer is ON: inactive players will automatically lose when time's up. (requested by GrovyleSSJ)
|j| goldaniga
|j| Mafav2
|j| rovesciaporci
|j| Tridello
|j| chef orte
|l| goldaniga
|inactive|GrovyleSSJ has 60 seconds left.
|inactive|Il Mule has 60 seconds left.
|inactive|GrovyleSSJ has 30 seconds left.
|inactive|GrovyleSSJ has 20 seconds left.
|j| goldaniga
|inactive|GrovyleSSJ has 15 seconds left.
|inactive|GrovyleSSJ has 10 seconds left.
|inactive|GrovyleSSJ has 5 seconds left.
|
|t:|1782388776
|teamsize|p1|4
|teamsize|p2|4
|start
|switch|p1a: Farigiraf|Farigiraf, L50, M|100/100
|switch|p1b: Sylveon|Sylveon, L50, F|100/100
|switch|p2a: Sneasler|Sneasler, L50, M|100/100
|switch|p2b: Tyranitar|Tyranitar, L50, F|100/100
|-weather|Sandstorm|[from] ability: Sand Stream|[of] p2b: Tyranitar
|turn|1
|c| rovesciaporci|mule ma taunz sul corvo ti serve ancora?
|c|☆Il Mule|sì
|c| rovesciaporci|tanto contro farigirago manco la fai
|j| torpedine
|c| rovesciaporci|ok te la trusto allora
|inactive|GrovyleSSJ has 30 seconds left.
|c|☆Il Mule|dovresti recuperarti le bo3 contro toxapex
|
|t:|1782388810
|detailschange|p2b: Tyranitar|Tyranitar-Mega, L50, F
|-mega|p2b: Tyranitar|Tyranitar|Tyranitarite
|move|p2a: Sneasler|Coaching|p2b: Tyranitar
|-boost|p2b: Tyranitar|atk|1
|-boost|p2b: Tyranitar|def|1
|move|p2b: Tyranitar|Knock Off|p1a: Farigiraf
|-supereffective|p1a: Farigiraf|1
|-damage|p1a: Farigiraf|0 fnt
|-enditem|p1a: Farigiraf|Sitrus Berry|[from] move: Knock Off|[of] p2b: Tyranitar
|faint|p1a: Farigiraf
|move|p1b: Sylveon|Hyper Voice|p2b: Tyranitar|[spread] p2a,p2b
|-crit|p2a: Sneasler
|-supereffective|p2b: Tyranitar|1
|-damage|p2a: Sneasler|8/100
|-damage|p2b: Tyranitar|55/100
|
|-weather|Sandstorm|[upkeep]
|-damage|p2a: Sneasler|2/100|[from] Sandstorm
|-damage|p1b: Sylveon|93/100|[from] Sandstorm
|upkeep
|c| rovesciaporci|no ok quelle le ho viste
|c| rovesciaporci|però diobo toxapex
|l| chef orte
|c|☆Il Mule|come lo tiriam giù
|
|t:|1782388828
|switch|p1a: Garchomp|Garchomp, L50, F|100/100
|turn|2
|c|☆Il Mule|giudeo almeno un tount
|inactive|GrovyleSSJ has 30 seconds left.
|
|t:|1782388858
|move|p2b: Tyranitar|Protect|p2b: Tyranitar
|-singleturn|p2b: Tyranitar|Protect
|move|p1b: Sylveon|Quick Attack|p2a: Sneasler
|-damage|p2a: Sneasler|0 fnt
|faint|p2a: Sneasler
|move|p1a: Garchomp|Stomping Tantrum|p2b: Tyranitar
|-activate|p2b: Tyranitar|move: Protect
|
|-weather|Sandstorm|[upkeep]
|-damage|p1b: Sylveon|87/100|[from] Sandstorm
|upkeep
|
|t:|1782388862
|switch|p2a: Incineroar|Incineroar, L50, F|100/100
|-ability|p2a: Incineroar|Intimidate|boost
|-unboost|p1a: Garchomp|atk|1
|-unboost|p1b: Sylveon|atk|1
|turn|3
|c| rovesciaporci|qui poteva farsi self dclaw a raddoppiarsi coso
|c| rovesciaporci|mossa del superuomo
|
|t:|1782388887
|move|p1a: Garchomp|Protect|p1a: Garchomp
|-singleturn|p1a: Garchomp|Protect
|move|p1b: Sylveon|Protect|p1b: Sylveon
|-singleturn|p1b: Sylveon|Protect
|move|p2a: Incineroar|Fake Out|p1b: Sylveon
|-activate|p1b: Sylveon|move: Protect
|move|p2b: Tyranitar|Dragon Dance|p2b: Tyranitar
|-boost|p2b: Tyranitar|atk|1
|-boost|p2b: Tyranitar|spe|1
|
|-weather|Sandstorm|[upkeep]
|-damage|p1b: Sylveon|81/100|[from] Sandstorm
|-damage|p2a: Incineroar|94/100|[from] Sandstorm
|upkeep
|turn|4
|c|☆Il Mule|che mossa ragazzi
|j| kelso shrug
|
|t:|1782388901
|move|p2a: Incineroar|Helping Hand|p2b: Tyranitar
|-singleturn|p2b: Tyranitar|Helping Hand|[of] p2a: Incineroar
|move|p2b: Tyranitar|Rock Slide|p1b: Sylveon|[spread] p1a,p1b
|-resisted|p1a: Garchomp|1
|-damage|p1a: Garchomp|49/100
|-damage|p1b: Sylveon|0 fnt
|faint|p1b: Sylveon
|move|p1a: Garchomp|Stomping Tantrum|p2b: Tyranitar
|-supereffective|p2b: Tyranitar|1
|-damage|p2b: Tyranitar|27/100
|-damage|p1a: Garchomp|39/100|[from] item: Life Orb
|
|-weather|Sandstorm|[upkeep]
|-damage|p2a: Incineroar|88/100|[from] Sandstorm
|upkeep
|
|t:|1782388911
|switch|p1b: Charizard|Charizard, L50, F|100/100
|turn|5
|c| torpedine|Che goduria questa rockslide
|c| rovesciaporci|qui altruismo ha gasato
|
|t:|1782388932
|move|p2b: Tyranitar|Protect|p2b: Tyranitar
|-singleturn|p2b: Tyranitar|Protect
|move|p1b: Charizard|Protect|p1b: Charizard
|-singleturn|p1b: Charizard|Protect
|move|p1a: Garchomp|Earthquake|p2a: Incineroar|[spread] p2a
|-activate|p1b: Charizard|move: Protect
|-activate|p2b: Tyranitar|move: Protect
|-supereffective|p2a: Incineroar|1
|-damage|p2a: Incineroar|41/100
|-enditem|p2a: Incineroar|Sitrus Berry|[eat]
|-heal|p2a: Incineroar|66/100|[from] item: Sitrus Berry
|-damage|p1a: Garchomp|30/100|[from] item: Life Orb
|move|p2a: Incineroar|Parting Shot|p1b: Charizard
|-activate|p1b: Charizard|move: Protect
|
|-weather|none
|upkeep
|turn|6
|
|t:|1782388950
|move|p1b: Charizard|Protect|p1b: Charizard
|-singleturn|p1b: Charizard|Protect
|move|p2b: Tyranitar|Rock Slide|p1a: Garchomp|[spread] p1a
|-activate|p1b: Charizard|move: Protect
|-resisted|p1a: Garchomp|1
|-damage|p1a: Garchomp|0 fnt
|faint|p1a: Garchomp
|move|p2a: Incineroar|Parting Shot|p1b: Charizard
|-activate|p1b: Charizard|move: Protect
|
|upkeep
|turn|7
|c|☆GrovyleSSJ|gg
|c| Tridello|tripla
|c|☆Il Mule|gg
|
|t:|1782388966
|detailschange|p1b: Charizard|Charizard-Mega-Y, L50, F
|-mega|p1b: Charizard|Charizard|Charizardite Y
|-weather|SunnyDay|[from] ability: Drought|[of] p1b: Charizard
|move|p2b: Tyranitar|Protect|p2b: Tyranitar
|-singleturn|p2b: Tyranitar|Protect
|move|p1b: Charizard|Heat Wave|p2a: Incineroar|[spread] p2a
|-activate|p2b: Tyranitar|move: Protect
|-resisted|p2a: Incineroar|1
|-damage|p2a: Incineroar|36/100
|move|p2a: Incineroar|Parting Shot|p1b: Charizard
|-unboost|p1b: Charizard|atk|1
|-unboost|p1b: Charizard|spa|1
|
|t:|1782388972
|switch|p2a: Garchomp|Garchomp, L50, M|100/100|[from] Parting Shot
|
|-weather|SunnyDay|[upkeep]
|upkeep
|turn|8
|
|t:|1782388975
|move|p2b: Tyranitar|Rock Slide|p1b: Charizard
|-supereffective|p1b: Charizard|2
|-damage|p1b: Charizard|0 fnt
|faint|p1b: Charizard
|
|win|Il Mule
|raw|GrovyleSSJ's rating: 1293 → 1276(-17 for losing)
|raw|Il Mule's rating: 1412 → 1425(+13 for winning)
|l| Tridello
|l|☆Il Mule
|player|p2|
|l| Mafav2
|l| kelso shrug
|l|☆GrovyleSSJ
|player|p1|
|l| rovesciaporci
|l| torpedine
|j| rovesciaporci
|l| goldaniga
