|j|☆GymGlofer
|j|☆smearglehater21
|html|GymGlofersmearglehater21    
|uhtml|bestof|Game 2 of a best-of-3
|t:|1784761432
|gametype|doubles
|player|p1|GymGlofer|blackbelt|1125
|player|p2|smearglehater21|nate|1267
|gen|9
|tier|[Gen 9 Champions] VGC 2026 Reg M-B (Bo3)
|rated|
|rule|Species Clause: Limit one of each Pokémon
|rule|Item Clause: Limit 1 of each item
|clearpoke
|poke|p1|Swampert, L50, F|
|poke|p1|Greninja, L50, F|
|poke|p1|Milotic, L50, F|
|poke|p1|Basculegion-F, L50, F|
|poke|p1|Pelipper, L50, M|
|poke|p1|Quaquaval, L50, M|
|poke|p2|Kingambit, L50, M|
|poke|p2|Whimsicott, L50, M|
|poke|p2|Basculegion, L50, M|
|poke|p2|Garchomp, L50, F|
|poke|p2|Charizard, L50, M|
|poke|p2|Floette-Eternal, L50, F|
|teampreview|4
|showteam|p1|Swampert||Swampertite|Damp|Liquidation,Earthquake,BulkUp,Protect|Adamant||F|||50|]Greninja||Greninjite|Protean|FlipTurn,DarkPulse,RockSlide,IcyWind|Hasty||F|||50|]Milotic||Leftovers|Competitive|HydroPump,IceBeam,Coil,LifeDew|Calm||F|||50|]Basculegion-F||LifeOrb|SwiftSwim|ChillingWater,ShadowBall,AquaJet,Protect|Modest||F|||50|]Pelipper||DampRock|Drizzle|WaterPulse,Hurricane,WideGuard,Tailwind|Modest||M|||50|]Quaquaval||FocusSash|Moxie|AquaStep,CloseCombat,SwordsDance,Detect|Jolly||M|||50|
|showteam|p2|Kingambit||ChopleBerry|Defiant|KowtowCleave,LowKick,SuckerPunch,IronHead|Adamant||M|||50|]Whimsicott||FocusSash|Prankster|Moonblast,Tailwind,Encore,Protect|Timid||M|||50|]Basculegion||MysticWater|Adaptability|WaveCrash,LastRespects,AquaJet,Protect|Adamant||M|||50|]Garchomp||LifeOrb|RoughSkin|DragonClaw,RockSlide,Earthquake,Protect|Jolly||F|||50|]Charizard||CharizarditeY|Blaze|WeatherBall,HeatWave,SolarBeam,Protect|Modest||M|||50|]Floette-Eternal||Floettite|FlowerVeil|Moonblast,DazzlingGleam,LightofRuin,Protect|Timid||F|||50|
|inactive|Battle timer is ON: inactive players will automatically lose when time's up. (requested by smearglehater21)
|inactive|smearglehater21 has 60 seconds left.
|
|t:|1784761468
|teamsize|p1|4
|teamsize|p2|4
|start
|switch|p1a: Greninja|Greninja, L50, F|100/100
|switch|p1b: Quaquaval|Quaquaval, L50, M|100/100
|switch|p2a: Charizard|Charizard, L50, M|100/100
|switch|p2b: Garchomp|Garchomp, L50, F|100/100
|turn|1
|inactive|GymGlofer has 30 seconds left.
|
|t:|1784761493
|switch|p2b: Whimsicott|Whimsicott, L50, M|100/100
|detailschange|p1a: Greninja|Greninja-Mega, L50, F
|-mega|p1a: Greninja|Greninja|Greninjite
|move|p2a: Charizard|Protect|p2a: Charizard
|-singleturn|p2a: Charizard|Protect
|move|p1a: Greninja|Icy Wind|p2b: Whimsicott|[spread] p2b
|-start|p1a: Greninja|typechange|Ice|[from] ability: Protean
|-activate|p2a: Charizard|move: Protect
|-supereffective|p2b: Whimsicott|1
|-damage|p2b: Whimsicott|32/100
|-unboost|p2b: Whimsicott|spe|1
|move|p1b: Quaquaval|Aqua Step|p2b: Whimsicott
|-resisted|p2b: Whimsicott|1
|-damage|p2b: Whimsicott|2/100
|-boost|p1b: Quaquaval|spe|1
|
|upkeep
|turn|2
|inactive|GymGlofer has 30 seconds left.
|
|t:|1784761525
|switch|p1a: Basculegion|Basculegion-F, L50, F|100/100
|detailschange|p2a: Charizard|Charizard-Mega-Y, L50, M
|-mega|p2a: Charizard|Charizard|Charizardite Y
|-weather|SunnyDay|[from] ability: Drought|[of] p2a: Charizard
|move|p2b: Whimsicott|Tailwind|p2b: Whimsicott
|-sidestart|p2: smearglehater21|move: Tailwind
|move|p2a: Charizard|Heat Wave|p1b: Quaquaval|[spread] p1a,p1b
|-resisted|p1a: Basculegion|1
|-resisted|p1b: Quaquaval|1
|-damage|p1a: Basculegion|66/100
|-damage|p1b: Quaquaval|54/100
|move|p1b: Quaquaval|Aqua Step|p2b: Whimsicott
|-resisted|p2b: Whimsicott|1
|-damage|p2b: Whimsicott|0 fnt
|-boost|p1b: Quaquaval|spe|1
|faint|p2b: Whimsicott
|-ability|p1b: Quaquaval|Moxie|boost
|-boost|p1b: Quaquaval|atk|1
|
|-weather|SunnyDay|[upkeep]
|upkeep
|
|t:|1784761545
|switch|p2b: Basculegion|Basculegion, L50, M|100/100
|turn|3
|
|t:|1784761553
|switch|p1b: Pelipper|Pelipper, L50, M|100/100
|-weather|RainDance|[from] ability: Drizzle|[of] p1b: Pelipper
|switch|p2a: Garchomp|Garchomp, L50, F|100/100
|move|p2b: Basculegion|Protect|p2b: Basculegion
|-singleturn|p2b: Basculegion|Protect
|move|p1a: Basculegion|Shadow Ball|p2b: Basculegion
|-activate|p2b: Basculegion|move: Protect
|
|-weather|RainDance|[upkeep]
|upkeep
|turn|4
|
|t:|1784761568
|switch|p1b: Greninja|Greninja-Mega, L50, F|100/100
|move|p1a: Basculegion|Protect|p1a: Basculegion
|-singleturn|p1a: Basculegion|Protect
|move|p2a: Garchomp|Rock Slide|p1b: Greninja|[spread] p1b
|-activate|p1a: Basculegion|move: Protect
|-damage|p1b: Greninja|57/100
|-damage|p2a: Garchomp|90/100|[from] item: Life Orb
|move|p2b: Basculegion|Last Respects|p1b: Greninja
|-resisted|p1b: Greninja|1
|-damage|p1b: Greninja|0 fnt
|faint|p1b: Greninja
|
|-weather|RainDance|[upkeep]
|upkeep
|
|t:|1784761583
|switch|p1b: Quaquaval|Quaquaval, L50, M|54/100
|turn|5
|
|t:|1784761591
|switch|p2a: Charizard|Charizard-Mega-Y, L50, M|100/100
|-weather|SunnyDay|[from] ability: Drought|[of] p2a: Charizard
|move|p2b: Basculegion|Last Respects|p1a: Basculegion
|-supereffective|p1a: Basculegion|1
|-damage|p1a: Basculegion|0 fnt
|faint|p1a: Basculegion
|move|p1b: Quaquaval|Aqua Step|p2a: Charizard
|-supereffective|p2a: Charizard|1
|-damage|p2a: Charizard|59/100
|-boost|p1b: Quaquaval|spe|1
|
|-weather|SunnyDay|[upkeep]
|-sideend|p2: smearglehater21|move: Tailwind
|upkeep
|
|t:|1784761605
|switch|p1a: Pelipper|Pelipper, L50, M|100/100
|-weather|RainDance|[from] ability: Drizzle|[of] p1a: Pelipper
|turn|6
|
|t:|1784761614
|switch|p2a: Garchomp|Garchomp, L50, F|90/100
|move|p1b: Quaquaval|Aqua Step|p2a: Garchomp
|-damage|p2a: Garchomp|35/100
|-boost|p1b: Quaquaval|spe|1
|-damage|p1b: Quaquaval|41/100|[from] ability: Rough Skin|[of] p2a: Garchomp
|move|p2b: Basculegion|Last Respects|p1b: Quaquaval
|-damage|p1b: Quaquaval|0 fnt
|faint|p1b: Quaquaval
|move|p1a: Pelipper|Hurricane|p2b: Basculegion
|-damage|p2b: Basculegion|59/100
|
|-weather|RainDance|[upkeep]
|upkeep
|turn|7
|
|t:|1784761629
|move|p2a: Garchomp|Dragon Claw|p1a: Pelipper
|-damage|p1a: Pelipper|55/100
|-damage|p2a: Garchomp|25/100|[from] item: Life Orb
|move|p2b: Basculegion|Last Respects|p1a: Pelipper
|-damage|p1a: Pelipper|0 fnt
|faint|p1a: Pelipper
|
|win|smearglehater21
|raw|GymGlofer's rating: 1125 → 1110(-15 for losing)
|raw|smearglehater21's rating: 1267 → 1282(+15 for winning)
