|j|☆7ammy
|j|☆IlluminaGielBakker
|html|7ammyIlluminaGielBakker    
|uhtml|bestof|Game 2 of a best-of-3
|t:|1755247657
|gametype|doubles
|player|p1|7ammy|169|1472
|player|p2|IlluminaGielBakker|wattson|1337
|gen|9
|tier|[Gen 9] VGC 2025 Reg H (Bo3)
|rated|
|rule|Species Clause: Limit one of each Pokémon
|rule|Item Clause: Limit 1 of each item
|clearpoke
|poke|p1|Torkoal, L50, F|
|poke|p1|Indeedee-F, L50, F|
|poke|p1|Armarouge, L50, M|
|poke|p1|Lilligant-Hisui, L50, F|
|poke|p1|Ursaluna, L50, M|
|poke|p1|Hatterene, L50, F|
|poke|p2|Garchomp, L50, M|
|poke|p2|Gholdengo, L50|
|poke|p2|Amoonguss, L50, F|
|poke|p2|Tyranitar, L50, M|
|poke|p2|Incineroar, L50, M|
|poke|p2|Kilowattrel, L50, F|
|teampreview|4
|showteam|p1|Torkoal||Charcoal|Drought|Protect,Eruption,HeatWave,ClearSmog|||F|||50|,,,,,Fire]Indeedee-F||SafetyGoggles|PsychicSurge|FollowMe,HelpingHand,TrickRoom,Psychic|||F|||50|,,,,,Fairy]Armarouge||LifeOrb|FlashFire|TrickRoom,WideGuard,ExpandingForce,ArmorCannon|||M|||50|,,,,,Grass]Lilligant-Hisui||CovertCloak|Chlorophyll|AfterYou,SleepPowder,CloseCombat,SolarBlade|||F|||50|,,,,,Water]Ursaluna||FlameOrb|Guts|Protect,Facade,HeadlongRush,Earthquake|||M|||50|,,,,,Ghost]Hatterene||TwistedSpoon|MagicBounce|Protect,ExpandingForce,DazzlingGleam,TrickRoom|||F|||50|,,,,,Fire
|showteam|p2|Garchomp||LifeOrb|RoughSkin|Protect,DragonClaw,StompingTantrum,Earthquake|||M|||50|,,,,,Steel]Gholdengo||IronPlate|GoodasGold|Protect,NastyPlot,MakeItRain,ShadowBall||||||50|,,,,,Flying]Amoonguss||SitrusBerry|Regenerator|PollenPuff,RagePowder,Spore,Protect|||F|||50|,,,,,Water]Tyranitar||AssaultVest|SandStream|KnockOff,LowKick,TeraBlast,RockSlide|||M|||50|,,,,,Flying]Incineroar||SafetyGoggles|Intimidate|FakeOut,Taunt,PartingShot,KnockOff|||M|||50|,,,,,Ghost]Kilowattrel||FocusSash|Competitive|Protect,Tailwind,Thunderbolt,AirSlash|||F|||50|,,,,,Ghost
|inactive|Battle timer is ON: inactive players will automatically lose when time's up. (requested by IlluminaGielBakker)
|inactive|7ammy also wants the timer to be on.
|
|t:|1755247669
|teamsize|p1|4
|teamsize|p2|4
|start
|switch|p1a: Indeedee|Indeedee-F, L50, F, shiny|100/100
|switch|p1b: Armarouge|Armarouge, L50, M, shiny|100/100
|switch|p2a: Gholdengo|Gholdengo, L50|100/100
|switch|p2b: Incineroar|Incineroar, L50, M, shiny|100/100
|-fieldstart|move: Psychic Terrain|[from] ability: Psychic Surge|[of] p1a: Indeedee
|-ability|p2b: Incineroar|Intimidate|boost
|-unboost|p1a: Indeedee|atk|1
|-unboost|p1b: Armarouge|atk|1
|turn|1
|
|t:|1755247680
|move|p1a: Indeedee|Follow Me|p1a: Indeedee
|-singleturn|p1a: Indeedee|move: Follow Me
|move|p2a: Gholdengo|Nasty Plot|p2a: Gholdengo
|-boost|p2a: Gholdengo|spa|2
|move|p2b: Incineroar|Knock Off|p1a: Indeedee
|-supereffective|p1a: Indeedee
|-damage|p1a: Indeedee|26/100
|-enditem|p1a: Indeedee|Safety Goggles|[from] move: Knock Off|[of] p2b: Incineroar
|move|p1b: Armarouge|Trick Room|p1b: Armarouge
|-fieldstart|move: Trick Room|[of] p1b: Armarouge
|
|upkeep
|turn|2
|inactive|7ammy has 30 seconds left.
|inactive|7ammy has 20 seconds left.
|
|t:|1755247716
|move|p1a: Indeedee|Helping Hand|p1b: Armarouge
|-singleturn|p1b: Armarouge|Helping Hand|[of] p1a: Indeedee
|move|p2a: Gholdengo|Protect|p2a: Gholdengo
|-singleturn|p2a: Gholdengo|Protect
|move|p1b: Armarouge|Armor Cannon|p2a: Gholdengo
|-activate|p2a: Gholdengo|move: Protect
|move|p2b: Incineroar|Parting Shot|p1b: Armarouge
|-unboost|p1b: Armarouge|atk|1
|-unboost|p1b: Armarouge|spa|1
|
|t:|1755247728
|switch|p2b: Tyranitar|Tyranitar, L50, M, shiny|100/100|[from] Parting Shot
|-weather|Sandstorm|[from] ability: Sand Stream|[of] p2b: Tyranitar
|
|-weather|Sandstorm|[upkeep]
|-damage|p1b: Armarouge|95/100|[from] Sandstorm
|-damage|p1a: Indeedee|20/100|[from] Sandstorm
|upkeep
|turn|3
|
|t:|1755247736
|switch|p1a: Ursaluna|Ursaluna, L50, M, shiny|100/100
|-terastallize|p2a: Gholdengo|Flying
|move|p1b: Armarouge|Wide Guard|p1b: Armarouge
|-singleturn|p1b: Armarouge|Wide Guard
|move|p2b: Tyranitar|Rock Slide|p1a: Ursaluna|[spread] 
|-activate|p1a: Ursaluna|move: Wide Guard
|-activate|p1b: Armarouge|move: Wide Guard
|move|p2a: Gholdengo|Make It Rain|p1a: Ursaluna|[spread] 
|-activate|p1a: Ursaluna|move: Wide Guard
|-activate|p1b: Armarouge|move: Wide Guard
|
|-weather|Sandstorm|[upkeep]
|-damage|p1b: Armarouge|89/100|[from] Sandstorm
|-damage|p2a: Gholdengo|95/100|[from] Sandstorm
|-status|p1a: Ursaluna|brn|[from] item: Flame Orb
|upkeep
|turn|4
|
|t:|1755247755
|switch|p2b: Incineroar|Incineroar, L50, M, shiny|100/100
|-ability|p2b: Incineroar|Intimidate|boost
|-unboost|p1a: Ursaluna|atk|1
|-unboost|p1b: Armarouge|atk|1
|move|p1b: Armarouge|Wide Guard|p1b: Armarouge
|-singleturn|p1b: Armarouge|Wide Guard
|move|p1a: Ursaluna|Headlong Rush|p2b: Incineroar
|-supereffective|p2b: Incineroar
|-damage|p2b: Incineroar|0 fnt
|-unboost|p1a: Ursaluna|def|1
|-unboost|p1a: Ursaluna|spd|1
|faint|p2b: Incineroar
|move|p2a: Gholdengo|Shadow Ball|p1b: Armarouge
|-supereffective|p1b: Armarouge
|-damage|p1b: Armarouge|0 fnt
|faint|p1b: Armarouge
|
|-weather|Sandstorm|[upkeep]
|-damage|p2a: Gholdengo|89/100|[from] Sandstorm
|-damage|p1a: Ursaluna|95/100 brn|[from] brn
|upkeep
|
|t:|1755247767
|switch|p1b: Hatterene|Hatterene, L50, F, shiny|100/100
|switch|p2b: Garchomp|Garchomp, L50, M|100/100
|turn|5
|
|t:|1755247786
|move|p2a: Gholdengo|Protect|p2a: Gholdengo
|-singleturn|p2a: Gholdengo|Protect
|move|p2b: Garchomp|Protect|p2b: Garchomp
|-singleturn|p2b: Garchomp|Protect
|move|p1b: Hatterene|Dazzling Gleam|p2b: Garchomp|[spread] 
|-activate|p2a: Gholdengo|move: Protect
|-activate|p2b: Garchomp|move: Protect
|move|p1a: Ursaluna|Facade|p2a: Gholdengo
|-activate|p2a: Gholdengo|move: Protect
|
|-weather|Sandstorm|[upkeep]
|-damage|p1b: Hatterene|94/100|[from] Sandstorm
|-damage|p2a: Gholdengo|83/100|[from] Sandstorm
|-damage|p1a: Ursaluna|89/100 brn|[from] brn
|-fieldend|move: Trick Room
|-fieldend|move: Psychic Terrain
|upkeep
|turn|6
|inactive|7ammy has 30 seconds left.
|
|t:|1755247814
|switch|p1a: Indeedee|Indeedee-F, L50, F, shiny|20/100
|-fieldstart|move: Psychic Terrain|[from] ability: Psychic Surge|[of] p1a: Indeedee
|move|p1b: Hatterene|Protect|p1b: Hatterene
|-singleturn|p1b: Hatterene|Protect
|move|p2b: Garchomp|Earthquake|p1a: Indeedee|[spread] p1a
|-activate|p1b: Hatterene|move: Protect
|-immune|p2a: Gholdengo
|-damage|p1a: Indeedee|0 fnt
|faint|p1a: Indeedee
|-damage|p2b: Garchomp|91/100|[from] item: Life Orb
|move|p2a: Gholdengo|Make It Rain|p1b: Hatterene
|-activate|p1b: Hatterene|move: Protect
|
|-weather|none
|upkeep
|
|t:|1755247816
|switch|p1a: Ursaluna|Ursaluna, L50, M, shiny|89/100 brn
|turn|7
|c|☆7ammy|ggs
|c|☆IlluminaGielBakker|ggs!
|c|☆7ammy|nice calls haha
|c|☆IlluminaGielBakker|just played it as safe as possible haha
|
|t:|1755247836
|-terastallize|p1b: Hatterene|Fire
|move|p2b: Garchomp|Earthquake|p1a: Ursaluna|[spread] p1a,p1b
|-immune|p2a: Gholdengo
|-supereffective|p1b: Hatterene
|-damage|p1a: Ursaluna|50/100 brn
|-damage|p1b: Hatterene|0 fnt
|faint|p1b: Hatterene
|-damage|p2b: Garchomp|81/100|[from] item: Life Orb
|move|p2a: Gholdengo|Make It Rain|p1a: Ursaluna
|-damage|p1a: Ursaluna|0 fnt
|-unboost|p2a: Gholdengo|spa|1
|faint|p1a: Ursaluna
|
|win|IlluminaGielBakker
|raw|7ammy's rating: 1472 → 1445(-27 for losing)
|raw|IlluminaGielBakker's rating: 1337 → 1364(+27 for winning)
|c|☆7ammy|read me like a book
|c|☆IlluminaGielBakker|reading like the diary of a wimpy kid
