|j|☆itssobeak
|j|☆j4rda
|html|itssobeakj4rda    
|uhtml|bestof|Game 1 of a best-of-3
|t:|1784324461
|gametype|doubles
|player|p1|itssobeak|birdkeeper|1136
|player|p2|j4rda|170|1191
|gen|9
|tier|[Gen 9 Champions] VGC 2026 Reg M-B (Bo3)
|rated|
|rule|Species Clause: Limit one of each Pokémon
|rule|Item Clause: Limit 1 of each item
|clearpoke
|poke|p1|Staraptor, L50, M|
|poke|p1|Weavile, L50, M|
|poke|p1|Whimsicott, L50, F|
|poke|p1|Glimmora, L50, F|
|poke|p1|Kingambit, L50, M|
|poke|p1|Sinistcha, L50|
|poke|p2|Charizard, L50, M|
|poke|p2|Garchomp, L50, F|
|poke|p2|Sylveon, L50, F|
|poke|p2|Farigiraf, L50, F|
|poke|p2|Kingambit, L50, F|
|poke|p2|Aerodactyl, L50, F|
|teampreview|4
|showteam|p1|Staraptor||Staraptite|Intimidate|BraveBird,CloseCombat,Uturn,Protect|Jolly||M|||50|]Weavile||WideLens|Pressure|KnockOff,TripleAxel,Taunt,FakeOut|Jolly||M|||50|]Whimsicott||FocusSash|Prankster|Moonblast,Tailwind,Encore,Tickle|Timid||F|||50|]Glimmora||Glimmoranite|ToxicDebris|PowerGem,SludgeBomb,EarthPower,SpikyShield|Timid||F|||50|]Kingambit||BlackGlasses|Defiant|KowtowCleave,SuckerPunch,SwordsDance,Protect|Adamant||M|||50|]Sinistcha||CobaBerry|Hospitality|MatchaGotcha,RagePowder,LifeDew,Protect|Bold|||||50|
|showteam|p2|Charizard||CharizarditeY|Blaze|Protect,HeatWave,WeatherBall,SolarBeam|Modest||M|||50|]Garchomp||LifeOrb|RoughSkin|Protect,DragonClaw,StompingTantrum,Earthquake|Jolly||F|||50|]Sylveon||FairyFeather|Pixilate|Detect,QuickAttack,HyperVoice,HyperBeam|Modest||F|||50|]Farigiraf||SitrusBerry|ArmorTail|TwinBeam,Thunderbolt,Roar,TrickRoom|Bold||F|||50|]Kingambit||FocusSash|Defiant|KowtowCleave,IronHead,SuckerPunch,LowKick|Adamant||F|||50|]Aerodactyl||Aerodactylite|RockHead|RockSlide,DualWingbeat,IceFang,Tailwind|Jolly||F|||50|
|inactive|Battle timer is ON: inactive players will automatically lose when time's up. (requested by itssobeak)
|inactive|itssobeak has 60 seconds left.
|inactive|j4rda has 60 seconds left.
|
|t:|1784324519
|teamsize|p1|4
|teamsize|p2|4
|start
|switch|p1a: Glimmora|Glimmora, L50, F|100/100
|switch|p1b: Weavile|Weavile, L50, M|100/100
|switch|p2a: Aerodactyl|Aerodactyl, L50, F|100/100
|switch|p2b: Kingambit|Kingambit, L50, F|100/100
|-ability|p1b: Weavile|Pressure
|turn|1
|inactive|itssobeak has 30 seconds left.
|inactive|itssobeak has 20 seconds left.
|inactive|itssobeak has 15 seconds left.
|inactive|itssobeak has 10 seconds left.
|
|t:|1784324566
|switch|p2a: Sylveon|Sylveon, L50, F|100/100
|move|p1b: Weavile|Triple Axel|p2a: Sylveon
|-damage|p2a: Sylveon|86/100
|-damage|p2a: Sylveon|63/100
|-damage|p2a: Sylveon|25/100
|-hitcount|p2a: Sylveon|3
|move|p1a: Glimmora|Earth Power|p2b: Kingambit
|-supereffective|p2b: Kingambit|1
|-damage|p2b: Kingambit|38/100
|move|p2b: Kingambit|Iron Head|p1a: Glimmora
|-supereffective|p1a: Glimmora|1
|-damage|p1a: Glimmora|0 fnt
|-activate|p1a: Glimmora|ability: Toxic Debris
|-sidestart|p2: j4rda|move: Toxic Spikes
|faint|p1a: Glimmora
|
|upkeep
|
|t:|1784324583
|switch|p1a: Staraptor|Staraptor, L50, M|100/100
|-ability|p1a: Staraptor|Intimidate|boost
|-unboost|p2a: Sylveon|atk|1
|-unboost|p2b: Kingambit|atk|1
|-ability|p2b: Kingambit|Defiant|boost
|-boost|p2b: Kingambit|atk|2
|turn|2
|
|t:|1784324606
|detailschange|p1a: Staraptor|Staraptor-Mega, L50, M
|-mega|p1a: Staraptor|Staraptor|Staraptite
|move|p2a: Sylveon|Detect|p2a: Sylveon
|-singleturn|p2a: Sylveon|Protect
|move|p2b: Kingambit|Sucker Punch|p1a: Staraptor
|-resisted|p1a: Staraptor|1
|-damage|p1a: Staraptor|71/100
|move|p1b: Weavile|Triple Axel|p2a: Sylveon
|-activate|p2a: Sylveon|move: Protect
|move|p1a: Staraptor|Close Combat|p2b: Kingambit
|-supereffective|p2b: Kingambit|2
|-damage|p2b: Kingambit|0 fnt
|-boost|p1a: Staraptor|def|1
|-boost|p1a: Staraptor|spd|1
|faint|p2b: Kingambit
|
|upkeep
|
|t:|1784324620
|switch|p2b: Aerodactyl|Aerodactyl, L50, F|100/100
|turn|3
|
|t:|1784324630
|detailschange|p2b: Aerodactyl|Aerodactyl-Mega, L50, F
|-mega|p2b: Aerodactyl|Aerodactyl|Aerodactylite
|move|p1a: Staraptor|Protect|p1a: Staraptor
|-singleturn|p1a: Staraptor|Protect
|move|p2b: Aerodactyl|Tailwind|p2b: Aerodactyl
|-sidestart|p2: j4rda|move: Tailwind
|move|p1b: Weavile|Triple Axel|p2a: Sylveon
|-crit|p2a: Sylveon
|-damage|p2a: Sylveon|5/100
|-damage|p2a: Sylveon|0 fnt
|faint|p2a: Sylveon
|-hitcount|p2: Sylveon|2
|
|upkeep
|
|t:|1784324640
|switch|p2a: Garchomp|Garchomp, L50, F|100/100
|-status|p2a: Garchomp|psn
|turn|4
|
|t:|1784324661
|move|p2a: Garchomp|Protect|p2a: Garchomp
|-singleturn|p2a: Garchomp|Protect
|move|p2b: Aerodactyl|Rock Slide|p1b: Weavile|[spread] p1a,p1b
|-supereffective|p1b: Weavile|1
|-damage|p1a: Staraptor|50/100y
|-damage|p1b: Weavile|4/100
|move|p1b: Weavile|Triple Axel|p2b: Aerodactyl
|-supereffective|p2b: Aerodactyl|1
|-damage|p2b: Aerodactyl|71/100
|-supereffective|p2b: Aerodactyl|1
|-damage|p2b: Aerodactyl|24/100
|-supereffective|p2b: Aerodactyl|1
|-damage|p2b: Aerodactyl|0 fnt
|faint|p2b: Aerodactyl
|-hitcount|p2: Aerodactyl|3
|move|p1a: Staraptor|Close Combat|p2a: Garchomp
|-activate|p2a: Garchomp|move: Protect
|
|-damage|p2a: Garchomp|87/100 psn|[from] psn
|upkeep
|turn|5
|-message|j4rda forfeited.
|
|win|itssobeak
