|j|☆ToastedArt
|j|☆ShadowEliteYT
|html|ToastedArtShadowEliteYT    
|uhtml|bestof|Game 2 of a best-of-3
|t:|1784477850
|gametype|doubles
|player|p1|ToastedArt|iris|1000
|player|p2|ShadowEliteYT|2|1055
|gen|9
|tier|[Gen 9 Champions] VGC 2026 Reg M-B (Bo3)
|rated|
|rule|Species Clause: Limit one of each Pokémon
|rule|Item Clause: Limit 1 of each item
|clearpoke
|poke|p1|Falinks, L50, shiny|
|poke|p1|Incineroar, L50, M|
|poke|p1|Vanilluxe, L50, F, shiny|
|poke|p1|Basculegion, L50, M, shiny|
|poke|p1|Sneasler, L50, M|
|poke|p1|Dragonite, L50, M, shiny|
|poke|p2|Swampert, L50, M|
|poke|p2|Pelipper, L50, M|
|poke|p2|Garchomp, L50, F|
|poke|p2|Whimsicott, L50, M|
|poke|p2|Gengar, L50, M, shiny|
|poke|p2|Decidueye-Hisui, L50, F|
|teampreview|4
|showteam|p1|Falinks||Falinksite|Defiant|NoRetreat,CloseCombat,RockSlide,Protect|Adamant|||||50|]Incineroar||Charcoal|Intimidate|FlareBlitz,ThroatChop,FakeOut,PartingShot|Adamant||M|||50|]Vanilluxe||ChoiceScarf|SnowWarning|Blizzard,FreezeDry,IcyWind,SheerCold|Modest||F|||50|]Basculegion||SitrusBerry|Adaptability|WaveCrash,LastRespects,AquaJet,Protect|Adamant||M|||50|]Sneasler||FocusSash|PoisonTouch|PoisonJab,CloseCombat,FakeOut,Coaching|Jolly||M|||50|]Dragonite||DragonFang|Multiscale|DragonClaw,ExtremeSpeed,LowKick,Tailwind|Adamant||M|||50|
|showteam|p2|Swampert||Swampertite|Damp|WaveCrash,IcePunch,Earthquake,Protect|Adamant||M|||50|]Pelipper||Leftovers|Drizzle|Hurricane,WeatherBall,WideGuard,Tailwind|Modest||M|||50|]Garchomp||LifeOrb|RoughSkin|DragonClaw,StompingTantrum,RockSlide,Protect|Adamant||F|||50|]Whimsicott||FocusSash|Prankster|Moonblast,Tailwind,Encore,Protect|Timid||M|||50|]Gengar||Gengarite|CursedBody|ShadowBall,SludgeWave,Disable,Protect|Timid||M|||50|]Decidueye-Hisui||ExpertBelt|Scrappy|TripleArrows,LeafBlade,SuckerPunch,Protect|Jolly||F|||50|
|inactive|Battle timer is ON: inactive players will automatically lose when time's up. (requested by ToastedArt)
|inactive|ToastedArt has 60 seconds left.
|inactive|ToastedArt has 30 seconds left.
|
|t:|1784477913
|teamsize|p1|4
|teamsize|p2|4
|start
|switch|p1a: Sneasler|Sneasler, L50, M|100/100
|switch|p1b: Dragonite|Dragonite, L50, M, shiny|100/100
|switch|p2a: Garchomp|Garchomp, L50, F|100/100
|switch|p2b: Decidueye|Decidueye-Hisui, L50, F|100/100
|turn|1
|
|t:|1784477931
|move|p2b: Decidueye|Protect|p2b: Decidueye
|-singleturn|p2b: Decidueye|Protect
|move|p1a: Sneasler|Fake Out|p2b: Decidueye
|-activate|p2b: Decidueye|move: Protect
|move|p2a: Garchomp|Dragon Claw|p1b: Dragonite
|-supereffective|p1b: Dragonite|1
|-damage|p1b: Dragonite|34/100
|-damage|p2a: Garchomp|90/100|[from] item: Life Orb
|move|p1b: Dragonite|Tailwind|p1b: Dragonite
|-sidestart|p1: ToastedArt|move: Tailwind
|
|upkeep
|turn|2
|
|t:|1784477948
|move|p2b: Decidueye|Sucker Punch|p1b: Dragonite
|-damage|p1b: Dragonite|8/100
|move|p1a: Sneasler|Coaching|p1b: Dragonite
|-boost|p1b: Dragonite|atk|1
|-boost|p1b: Dragonite|def|1
|move|p1b: Dragonite|Dragon Claw|p2a: Garchomp
|-supereffective|p2a: Garchomp|1
|-damage|p2a: Garchomp|0 fnt
|-damage|p1b: Dragonite|0 fnt|[from] ability: Rough Skin|[of] p2a: Garchomp
|faint|p2a: Garchomp
|faint|p1b: Dragonite
|
|upkeep
|
|t:|1784477965
|switch|p2a: Gengar|Gengar, L50, M, shiny|100/100
|switch|p1b: Vanilluxe|Vanilluxe, L50, F, shiny|100/100
|-weather|Snowscape|[from] ability: Snow Warning|[of] p1b: Vanilluxe
|turn|3
|
|t:|1784477984
|detailschange|p2a: Gengar|Gengar-Mega, L50, M, shiny
|-mega|p2a: Gengar|Gengar|Gengarite
|move|p2a: Gengar|Protect|p2a: Gengar
|-singleturn|p2a: Gengar|Protect
|move|p1b: Vanilluxe|Blizzard|p2a: Gengar|[spread] p2b
|-activate|p2a: Gengar|move: Protect
|-supereffective|p2b: Decidueye|1
|-damage|p2b: Decidueye|12/100
|move|p1a: Sneasler|Poison Jab|p2b: Decidueye
|-supereffective|p2b: Decidueye|1
|-damage|p2b: Decidueye|0 fnt
|faint|p2b: Decidueye
|
|-weather|Snowscape|[upkeep]
|upkeep
|
|t:|1784477993
|switch|p2b: Whimsicott|Whimsicott, L50, M|100/100
|turn|4
|
|t:|1784478006
|move|p2b: Whimsicott|Tailwind|p2b: Whimsicott
|-sidestart|p2: ShadowEliteYT|move: Tailwind
|move|p2a: Gengar|Disable|p1b: Vanilluxe
|-start|p1b: Vanilluxe|Disable|Blizzard
|cant|p1b: Vanilluxe|Disable|Blizzard
|move|p1a: Sneasler|Poison Jab|p2b: Whimsicott
|-supereffective|p2b: Whimsicott|2
|-enditem|p2b: Whimsicott|Focus Sash
|-damage|p2b: Whimsicott|1/100
|-status|p2b: Whimsicott|psn
|
|-weather|Snowscape|[upkeep]
|-damage|p2b: Whimsicott|0 fnt|[from] psn
|faint|p2b: Whimsicott
|-sideend|p1: ToastedArt|move: Tailwind
|upkeep
|turn|5
|inactive|ShadowEliteYT has 30 seconds left.
|
|t:|1784478035
|move|p2a: Gengar|Shadow Ball|p1b: Vanilluxe
|-damage|p1b: Vanilluxe|36/100
|-activate|p1b: Vanilluxe|move: Struggle
|move|p1b: Vanilluxe|Struggle|p2a: Gengar
|-damage|p2a: Gengar|85/100
|-damage|p1b: Vanilluxe|11/100|[from] recoil
|move|p1a: Sneasler|Poison Jab|p2a: Gengar
|-resisted|p2a: Gengar|2
|-damage|p2a: Gengar|68/100
|
|-weather|Snowscape|[upkeep]
|upkeep
|turn|6
|
|t:|1784478050
|move|p2a: Gengar|Shadow Ball|p1a: Sneasler
|-damage|p1a: Sneasler|32/100
|-unboost|p1a: Sneasler|spd|1
|-activate|p1b: Vanilluxe|move: Struggle
|move|p1b: Vanilluxe|Struggle|p2a: Gengar
|-damage|p2a: Gengar|54/100
|-damage|p1b: Vanilluxe|0 fnt|[from] recoil
|faint|p1b: Vanilluxe
|move|p1a: Sneasler|Poison Jab|p2a: Gengar
|-resisted|p2a: Gengar|2
|-damage|p2a: Gengar|37/100
|
|-weather|Snowscape|[upkeep]
|upkeep
|
|t:|1784478056
|switch|p1b: Falinks|Falinks, L50, shiny|100/100
|turn|7
|
|t:|1784478074
|detailschange|p1b: Falinks|Falinks-Mega, L50, shiny
|-mega|p1b: Falinks|Falinks|Falinksite
|move|p1b: Falinks|Protect|p1b: Falinks
|-singleturn|p1b: Falinks|Protect
|move|p2a: Gengar|Shadow Ball|p1a: Sneasler
|-damage|p1a: Sneasler|0 fnt
|faint|p1a: Sneasler
|
|-weather|none
|-sideend|p2: ShadowEliteYT|move: Tailwind
|upkeep
|turn|8
|
|t:|1784478083
|move|p2a: Gengar|Protect|p2a: Gengar
|-singleturn|p2a: Gengar|Protect
|move|p1b: Falinks|Rock Slide|p2a: Gengar
|-activate|p2a: Gengar|move: Protect
|
|upkeep
|turn|9
|
|t:|1784478089
|move|p2a: Gengar|Disable|p1b: Falinks
|-start|p1b: Falinks|Disable|Rock Slide
|move|p1b: Falinks|No Retreat|p1b: Falinks
|-boost|p1b: Falinks|atk|1
|-boost|p1b: Falinks|def|1
|-boost|p1b: Falinks|spa|1
|-boost|p1b: Falinks|spd|1
|-boost|p1b: Falinks|spe|1
|-start|p1b: Falinks|move: No Retreat
|
|upkeep
|turn|10
|
|t:|1784478100
|move|p1b: Falinks|Protect|p1b: Falinks
|-singleturn|p1b: Falinks|Protect
|move|p2a: Gengar|Shadow Ball|p1b: Falinks
|-activate|p1b: Falinks|move: Protect
|
|upkeep
|turn|11
|
|t:|1784478106
|move|p1b: Falinks|Protect||[still]
|-fail|p1b: Falinks
|move|p2a: Gengar|Shadow Ball|p1b: Falinks
|-damage|p1b: Falinks|54/100
|-unboost|p1b: Falinks|spd|1
|-ability|p1b: Falinks|Defiant|boost
|-boost|p1b: Falinks|atk|2
|
|upkeep
|turn|12
|
|t:|1784478114
|move|p1b: Falinks|Protect|p1b: Falinks
|-singleturn|p1b: Falinks|Protect
|move|p2a: Gengar|Shadow Ball|p1b: Falinks
|-activate|p1b: Falinks|move: Protect
|
|-end|p1b: Falinks|Disable
|upkeep
|turn|13
|
|t:|1784478122
|move|p2a: Gengar|Protect|p2a: Gengar
|-singleturn|p2a: Gengar|Protect
|move|p1b: Falinks|Rock Slide|p2a: Gengar
|-activate|p2a: Gengar|move: Protect
|
|upkeep
|turn|14
|
|t:|1784478127
|move|p1b: Falinks|Rock Slide|p2a: Gengar
|-damage|p2a: Gengar|0 fnt
|faint|p2a: Gengar
|
|win|ToastedArt
