|j|☆patata navidenya
|j|☆magicalarcher57
|html|patata navidenyamagicalarcher57    
|uhtml|bestof|Game 1 of a best-of-3
|t:|1756382489
|gametype|doubles
|player|p1|patata navidenya|cilan|1198
|player|p2|magicalarcher57|cynthia|1157
|gen|9
|tier|[Gen 9] VGC 2025 Reg H (Bo3)
|rated|
|rule|Species Clause: Limit one of each Pokémon
|rule|Item Clause: Limit 1 of each item
|clearpoke
|poke|p1|Pelipper, L50, M|
|poke|p1|Archaludon, L50, F|
|poke|p1|Sinistcha, L50|
|poke|p1|Incineroar, L50, M|
|poke|p1|Dragonite, L50, M|
|poke|p1|Basculegion, L50, M|
|poke|p2|Incineroar, L50, F|
|poke|p2|Gholdengo, L50|
|poke|p2|Dragonite, L50, F|
|poke|p2|Primarina, L50, M|
|poke|p2|Rillaboom, L50, M|
|poke|p2|Magmar, L50, F|
|teampreview|4
|showteam|p1|Pelipper||FocusSash|Drizzle|MuddyWater,Hurricane,WideGuard,Protect|||M|||50|,,,,,Ghost]Archaludon||AssaultVest|Stamina|FlashCannon,ElectroShot,BodyPress,Snarl|||F|||50|,,,,,Bug]Sinistcha||SitrusBerry|Hospitality|MatchaGotcha,RagePowder,LifeDew,TrickRoom||||||50|,,,,,Fire]Incineroar||SafetyGoggles|Intimidate|KnockOff,Taunt,PartingShot,FakeOut|||M|||50|,,,,,Ghost]Dragonite||LoadedDice|Multiscale|ScaleShot,Tailwind,Haze,Protect|||M|||50|,,,,,Fairy]Basculegion||LifeOrb|SwiftSwim|WaveCrash,AquaJet,LastRespects,Protect|||M|||50|,,,,,Water
|showteam|p2|Incineroar||SafetyGoggles|Intimidate|FakeOut,PartingShot,FlareBlitz,Taunt|||F|||50|,,,,,Ghost]Gholdengo||LifeOrb|GoodasGold|MakeItRain,ShadowBall,NastyPlot,Protect||||||50|,,,,,Water]Dragonite||LoadedDice|Multiscale|ScaleShot,ExtremeSpeed,Protect,Tailwind|||F|||50|,,,,,Fairy]Primarina||ThroatSpray|LiquidVoice|Haze,HyperVoice,Moonblast,Protect|||M|||50|,,,,,Poison]Rillaboom||AssaultVest|GrassySurge|FakeOut,HighHorsepower,WoodHammer,GrassyGlide|||M|||50|,,,,,Fire]Magmar||Eviolite|VitalSpirit|WillOWisp,Overheat,Protect,FollowMe|||F|||50|,,,,,Ghost
|inactive|Battle timer is ON: inactive players will automatically lose when time's up. (requested by patata navidenya)
|
|t:|1756382515
|teamsize|p1|4
|teamsize|p2|4
|start
|switch|p1a: Incineroar|Incineroar, L50, M|100/100
|switch|p1b: Dragonite|Dragonite, L50, M|100/100
|switch|p2a: Gholdengo|Gholdengo, L50|100/100
|switch|p2b: Magmar|Magmar, L50, F|100/100
|-ability|p1a: Incineroar|Intimidate|boost
|-unboost|p2a: Gholdengo|atk|1
|-unboost|p2b: Magmar|atk|1
|turn|1
|
|t:|1756382532
|move|p2a: Gholdengo|Protect|p2a: Gholdengo
|-singleturn|p2a: Gholdengo|Protect
|move|p1a: Incineroar|Fake Out|p2b: Magmar
|-damage|p2b: Magmar|92/100
|move|p1b: Dragonite|Tailwind|p1b: Dragonite
|-sidestart|p1: patata navidenya|move: Tailwind
|cant|p2b: Magmar|flinch
|
|upkeep
|turn|2
|
|t:|1756382552
|-terastallize|p2a: Gholdengo|Water
|move|p1b: Dragonite|Scale Shot|p2b: Magmar|[miss]
|-miss|p1b: Dragonite|p2b: Magmar
|move|p1a: Incineroar|Knock Off|p2a: Gholdengo
|-crit|p2a: Gholdengo
|-damage|p2a: Gholdengo|47/100
|-enditem|p2a: Gholdengo|Life Orb|[from] move: Knock Off|[of] p1a: Incineroar
|move|p2a: Gholdengo|Make It Rain|p1b: Dragonite|[spread] p1a,p1b
|-resisted|p1a: Incineroar
|-damage|p1a: Incineroar|84/100
|-damage|p1b: Dragonite|80/100
|-unboost|p2a: Gholdengo|spa|1
|move|p2b: Magmar|Will-O-Wisp|p1b: Dragonite|[miss]
|-miss|p2b: Magmar|p1b: Dragonite
|
|upkeep
|turn|3
|inactive|patata navidenya has 30 seconds left.
|
|t:|1756382579
|switch|p2a: Rillaboom|Rillaboom, L50, M|100/100
|-fieldstart|move: Grassy Terrain|[from] ability: Grassy Surge|[of] p2a: Rillaboom
|move|p1b: Dragonite|Scale Shot|p2a: Rillaboom
|-damage|p2a: Rillaboom|86/100
|-damage|p2a: Rillaboom|71/100
|-damage|p2a: Rillaboom|55/100
|-damage|p2a: Rillaboom|40/100
|-crit|p2a: Rillaboom
|-damage|p2a: Rillaboom|16/100
|-hitcount|p2a: Rillaboom|5
|-unboost|p1b: Dragonite|def|1
|-boost|p1b: Dragonite|spe|1
|move|p1a: Incineroar|Knock Off|p2b: Magmar
|-damage|p2b: Magmar|62/100
|-enditem|p2b: Magmar|Eviolite|[from] move: Knock Off|[of] p1a: Incineroar
|move|p2b: Magmar|Will-O-Wisp|p1b: Dragonite
|-status|p1b: Dragonite|brn
|
|-heal|p1a: Incineroar|90/100|[from] Grassy Terrain
|-heal|p2a: Rillaboom|22/100|[from] Grassy Terrain
|-heal|p2b: Magmar|68/100|[from] Grassy Terrain
|-damage|p1b: Dragonite|74/100 brn|[from] brn
|upkeep
|turn|4
|inactive|patata navidenya has 30 seconds left.
|
|t:|1756382607
|move|p2b: Magmar|Protect|p2b: Magmar
|-singleturn|p2b: Magmar|Protect
|move|p2a: Rillaboom|Grassy Glide|p1b: Dragonite
|-resisted|p1b: Dragonite
|-damage|p1b: Dragonite|58/100 brn
|move|p1b: Dragonite|Scale Shot|p2a: Rillaboom
|-damage|p2a: Rillaboom|14/100
|-damage|p2a: Rillaboom|7/100
|-damage|p2a: Rillaboom|0 fnt
|faint|p2a: Rillaboom
|-hitcount|p2: Rillaboom|3
|-unboost|p1b: Dragonite|def|1
|-boost|p1b: Dragonite|spe|1
|move|p1a: Incineroar|Parting Shot|p2b: Magmar
|-activate|p2b: Magmar|move: Protect
|
|-heal|p1a: Incineroar|96/100|[from] Grassy Terrain
|-heal|p2b: Magmar|74/100|[from] Grassy Terrain
|-damage|p1b: Dragonite|52/100 brn|[from] brn
|-sideend|p1: patata navidenya|move: Tailwind
|upkeep
|
|t:|1756382612
|switch|p2a: Dragonite|Dragonite, L50, F|100/100
|turn|5
|
|t:|1756382635
|move|p2b: Magmar|Follow Me|p2b: Magmar
|-singleturn|p2b: Magmar|move: Follow Me
|move|p1b: Dragonite|Tailwind|p1b: Dragonite
|-sidestart|p1: patata navidenya|move: Tailwind
|move|p1a: Incineroar|Parting Shot|p2b: Magmar
|-unboost|p2b: Magmar|atk|1
|-unboost|p2b: Magmar|spa|1
|
|t:|1756382643
|switch|p1a: Pelipper|Pelipper, L50, M|100/100|[from] Parting Shot
|-weather|RainDance|[from] ability: Drizzle|[of] p1a: Pelipper
|move|p2a: Dragonite|Tailwind|p2a: Dragonite
|-sidestart|p2: magicalarcher57|move: Tailwind
|
|-weather|RainDance|[upkeep]
|-heal|p2b: Magmar|80/100|[from] Grassy Terrain
|-damage|p1b: Dragonite|46/100 brn|[from] brn
|upkeep
|turn|6
|
|t:|1756382657
|move|p2b: Magmar|Follow Me|p2b: Magmar
|-singleturn|p2b: Magmar|move: Follow Me
|move|p1b: Dragonite|Scale Shot|p2b: Magmar
|-damage|p2b: Magmar|72/100
|-damage|p2b: Magmar|63/100
|-damage|p2b: Magmar|54/100
|-damage|p2b: Magmar|46/100
|-crit|p2b: Magmar
|-damage|p2b: Magmar|33/100
|-hitcount|p2b: Magmar|5
|-unboost|p1b: Dragonite|def|1
|-boost|p1b: Dragonite|spe|1
|move|p2a: Dragonite|Scale Shot|p1b: Dragonite
|-supereffective|p1b: Dragonite
|-damage|p1b: Dragonite|0 fnt
|faint|p1b: Dragonite
|-hitcount|p1: Dragonite|1
|-unboost|p2a: Dragonite|def|1
|-boost|p2a: Dragonite|spe|1
|move|p1a: Pelipper|Muddy Water|p2a: Dragonite|[spread] p2a,p2b
|-resisted|p2a: Dragonite
|-supereffective|p2b: Magmar
|-damage|p2a: Dragonite|90/100
|-damage|p2b: Magmar|0 fnt
|faint|p2b: Magmar
|
|-weather|RainDance|[upkeep]
|upkeep
|
|t:|1756382679
|switch|p1b: Incineroar|Incineroar, L50, M|96/100
|switch|p2b: Gholdengo|Gholdengo, L50, tera:Water|47/100
|-ability|p1b: Incineroar|Intimidate|boost
|-unboost|p2a: Dragonite|atk|1
|-unboost|p2b: Gholdengo|atk|1
|turn|7
|
|t:|1756382701
|move|p2b: Gholdengo|Protect|p2b: Gholdengo
|-singleturn|p2b: Gholdengo|Protect
|move|p1b: Incineroar|Fake Out|p2a: Dragonite
|-damage|p2a: Dragonite|75/100
|cant|p2a: Dragonite|flinch
|move|p1a: Pelipper|Hurricane|p2b: Gholdengo
|-activate|p2b: Gholdengo|move: Protect
|
|-weather|RainDance|[upkeep]
|-heal|p2b: Gholdengo|53/100|[from] Grassy Terrain
|-heal|p1b: Incineroar|100/100|[from] Grassy Terrain
|-fieldend|move: Grassy Terrain
|upkeep
|turn|8
|
|t:|1756382713
|move|p2a: Dragonite|Scale Shot|p1b: Incineroar
|-damage|p1b: Incineroar|94/100
|-damage|p1b: Incineroar|87/100
|-damage|p1b: Incineroar|79/100
|-damage|p1b: Incineroar|73/100
|-hitcount|p1b: Incineroar|4
|-unboost|p2a: Dragonite|def|1
|-boost|p2a: Dragonite|spe|1
|move|p2b: Gholdengo|Nasty Plot|p2b: Gholdengo
|-boost|p2b: Gholdengo|spa|2
|move|p1a: Pelipper|Hurricane|p2b: Gholdengo
|-damage|p2b: Gholdengo|4/100
|move|p1b: Incineroar|Knock Off|p2a: Dragonite
|-damage|p2a: Dragonite|3/100
|-enditem|p2a: Dragonite|Loaded Dice|[from] move: Knock Off|[of] p1b: Incineroar
|
|-weather|RainDance|[upkeep]
|-sideend|p1: patata navidenya|move: Tailwind
|-sideend|p2: magicalarcher57|move: Tailwind
|upkeep
|turn|9
|inactive|patata navidenya has 30 seconds left.
|inactive|patata navidenya has 20 seconds left.
|inactive|patata navidenya has 15 seconds left.
|inactive|patata navidenya has 10 seconds left.
|
|t:|1756382761
|move|p2a: Dragonite|Scale Shot|p1a: Pelipper
|-damage|p1a: Pelipper|87/100
|-damage|p1a: Pelipper|75/100
|-damage|p1a: Pelipper|62/100
|-hitcount|p1a: Pelipper|3
|-unboost|p2a: Dragonite|def|1
|-boost|p2a: Dragonite|spe|1
|move|p2b: Gholdengo|Make It Rain|p1a: Pelipper|[spread] p1a,p1b
|-resisted|p1a: Pelipper
|-crit|p1a: Pelipper
|-resisted|p1b: Incineroar
|-damage|p1a: Pelipper|0 fnt
|-damage|p1b: Incineroar|40/100
|-unboost|p2b: Gholdengo|spa|1
|faint|p1a: Pelipper
|move|p1b: Incineroar|Knock Off|p2b: Gholdengo
|-damage|p2b: Gholdengo|0 fnt
|faint|p2b: Gholdengo
|
|-weather|none
|upkeep
|
|t:|1756382770
|switch|p1a: Basculegion|Basculegion, L50, M|100/100
|turn|10
|
|t:|1756382773
|move|p2a: Dragonite|Scale Shot|p1a: Basculegion
|-damage|p1a: Basculegion|91/100
|-damage|p1a: Basculegion|81/100
|-hitcount|p1a: Basculegion|2
|-unboost|p2a: Dragonite|def|1
|-boost|p2a: Dragonite|spe|1
|move|p1a: Basculegion|Wave Crash|p2a: Dragonite
|-resisted|p2a: Dragonite
|-damage|p2a: Dragonite|0 fnt
|faint|p2a: Dragonite
|-damage|p1a: Basculegion|81/100|[from] Recoil
|-damage|p1a: Basculegion|71/100|[from] item: Life Orb
|
|win|patata navidenya
||magicalarcher57 is ready for game 2.
|l|☆magicalarcher57
|player|p2|
||patata navidenya is ready for game 2.
|uhtml|next|Next: Game 2 of 3
|l|☆patata navidenya
|player|p1|
|j|☆patata navidenya
|player|p1|patata navidenya|cilan|
