|j|☆Chavo666
|j|☆dont make me walk
|html|Chavo666dont make me walk    
|uhtml|bestof|Game 1 of a best-of-3
|t:|1756479702
|gametype|doubles
|player|p1|Chavo666|policeman-gen4|1094
|player|p2|dont make me walk|red-masters3|1209
|gen|9
|tier|[Gen 9] VGC 2025 Reg H (Bo3)
|rated|
|rule|Species Clause: Limit one of each Pokémon
|rule|Item Clause: Limit 1 of each item
|clearpoke
|poke|p1|Reuniclus, L50, F|
|poke|p1|Indeedee-F, L50, F|
|poke|p1|Torkoal, L50, F|
|poke|p1|Gastrodon, L50, F|
|poke|p1|Venusaur, L50, F|
|poke|p1|Incineroar, L50, M|
|poke|p2|Ursaluna-Bloodmoon, L50, M|
|poke|p2|Indeedee, L50, M|
|poke|p2|Sneasler, L50, F|
|poke|p2|Incineroar, L50, M|
|poke|p2|Electabuzz, L50, F|
|poke|p2|Talonflame, L50, F|
|teampreview|4
|showteam|p1|Reuniclus||LifeOrb|Regenerator|ExpandingForce,Encore,TrickRoom,TeraBlast|||F|||50|,,,,,Fairy]Indeedee-F||PsychicSeed|PsychicSurge|DazzlingGleam,FollowMe,HelpingHand,TrickRoom|||F|||50|,,,,,Fairy]Torkoal||ChoiceSpecs|Drought|HeatWave,Eruption,EarthPower,SolarBeam|||F|||50|,,,,,Fire]Gastrodon||Leftovers|StormDrain|EarthPower,IceBeam,Recover,Yawn|||F|||50|,,,,,Fire]Venusaur||SitrusBerry|Chlorophyll|SleepPowder,SludgeBomb,GigaDrain,Protect|||F|||50|,,,,,Fire]Incineroar||SafetyGoggles|Intimidate|FakeOut,PartingShot,FlareBlitz,KnockOff|||M|||50|,,,,,Fire
|showteam|p2|Ursaluna-Bloodmoon||LifeOrb|MindsEye|Protect,EarthPower,HyperVoice,BloodMoon|||M|||50|,,,,,Normal]Indeedee||FocusSash|PsychicSurge|ExpandingForce,TeraBlast,TrickRoom,Protect|||M|||50|,,,,,Fighting]Sneasler||PsychicSeed|Unburden|DireClaw,CloseCombat,ThroatChop,Protect|||F|||50|,,,,,Dark]Incineroar||AssaultVest|Intimidate|FakeOut,KnockOff,FlareBlitz,Uturn|||M|||50|,,,,,Grass]Electabuzz||Eviolite|VitalSpirit|Electroweb,Taunt,FollowMe,Protect|||F|||50|,,,,,Ghost]Talonflame||CovertCloak|GaleWings|FlareBlitz,DualWingbeat,WillOWisp,Tailwind|||F|||50|,,,,,Fairy
|inactive|Battle timer is ON: inactive players will automatically lose when time's up. (requested by dont make me walk)
|
|t:|1756479724
|teamsize|p1|4
|teamsize|p2|4
|start
|switch|p1a: Venusaur|Venusaur, L50, F, shiny|100/100
|switch|p1b: Incineroar|Incineroar, L50, M|100/100
|switch|p2a: Electabuzz|Electabuzz, L50, F|100/100
|switch|p2b: Ursaluna|Ursaluna-Bloodmoon, L50, M|100/100
|-ability|p1b: Incineroar|Intimidate|boost
|-unboost|p2a: Electabuzz|atk|1
|-unboost|p2b: Ursaluna|atk|1
|turn|1
|
|t:|1756479742
|-terastallize|p2a: Electabuzz|Ghost
|move|p1a: Venusaur|Protect|p1a: Venusaur
|-singleturn|p1a: Venusaur|Protect
|move|p2b: Ursaluna|Protect|p2b: Ursaluna
|-singleturn|p2b: Ursaluna|Protect
|move|p2a: Electabuzz|Taunt|p1a: Venusaur
|-activate|p1a: Venusaur|move: Protect
|move|p1b: Incineroar|Knock Off|p2a: Electabuzz
|-supereffective|p2a: Electabuzz
|-damage|p2a: Electabuzz|48/100
|-enditem|p2a: Electabuzz|Eviolite|[from] move: Knock Off|[of] p1b: Incineroar
|
|upkeep
|turn|2
|inactive|Chavo666 has 30 seconds left.
|
|t:|1756479776
|switch|p1a: Reuniclus|Reuniclus, L50, F|100/100
|move|p2a: Electabuzz|Taunt|p1a: Reuniclus
|-start|p1a: Reuniclus|move: Taunt
|move|p1b: Incineroar|Flare Blitz|p2a: Electabuzz
|-damage|p2a: Electabuzz|0 fnt
|faint|p2a: Electabuzz
|-damage|p1b: Incineroar|85/100|[from] Recoil
|move|p2b: Ursaluna|Earth Power|p1b: Incineroar
|-supereffective|p1b: Incineroar
|-damage|p1b: Incineroar|0 fnt
|faint|p1b: Incineroar
|-damage|p2b: Ursaluna|91/100|[from] item: Life Orb
|
|upkeep
|
|t:|1756479795
|switch|p2a: Indeedee|Indeedee, L50, M|100/100
|switch|p1b: Venusaur|Venusaur, L50, F, shiny|100/100
|-fieldstart|move: Psychic Terrain|[from] ability: Psychic Surge|[of] p2a: Indeedee
|turn|3
|inactive|Chavo666 has 30 seconds left.
|
|t:|1756479823
|-terastallize|p1b: Venusaur|Fire
|move|p2a: Indeedee|Expanding Force|p1b: Venusaur|[spread] p1a,p1b
|-resisted|p1a: Reuniclus
|-damage|p1a: Reuniclus|76/100
|-damage|p1b: Venusaur|42/100
|-enditem|p1b: Venusaur|Sitrus Berry|[eat]
|-heal|p1b: Venusaur|67/100|[from] item: Sitrus Berry
|move|p1b: Venusaur|Sleep Powder|p2b: Ursaluna|[miss]
|-miss|p1b: Venusaur|p2b: Ursaluna
|move|p2b: Ursaluna|Hyper Voice|p1a: Reuniclus|[spread] p1a,p1b
|-damage|p1a: Reuniclus|36/100
|-damage|p1b: Venusaur|6/100
|-damage|p2b: Ursaluna|81/100|[from] item: Life Orb
|move|p1a: Reuniclus|Expanding Force|p2b: Ursaluna|[spread] p2a,p2b
|-resisted|p2a: Indeedee
|-damage|p2a: Indeedee|39/100
|-damage|p2b: Ursaluna|0 fnt
|faint|p2b: Ursaluna
|-damage|p1a: Reuniclus|26/100|[from] item: Life Orb
|
|upkeep
|
|t:|1756479831
|switch|p2b: Sneasler|Sneasler, L50, F|100/100
|-enditem|p2b: Sneasler|Psychic Seed
|-boost|p2b: Sneasler|spd|1|[from] item: Psychic Seed
|turn|4
|
|t:|1756479847
|switch|p1a: Torkoal|Torkoal, L50, F|100/100
|-weather|SunnyDay|[from] ability: Drought|[of] p1a: Torkoal
|move|p2b: Sneasler|Dire Claw|p1b: Venusaur
|-crit|p1b: Venusaur
|-damage|p1b: Venusaur|0 fnt
|faint|p1b: Venusaur
|move|p2a: Indeedee|Expanding Force|p1a: Torkoal
|-damage|p1a: Torkoal|11/100
|
|-weather|SunnyDay|[upkeep]
|upkeep
|
|t:|1756479858
|switch|p1b: Reuniclus|Reuniclus, L50, F|59/100
|turn|5
|
|t:|1756479863
|move|p2b: Sneasler|Throat Chop|p1b: Reuniclus
|-supereffective|p1b: Reuniclus
|-damage|p1b: Reuniclus|0 fnt
|faint|p1b: Reuniclus
|move|p2a: Indeedee|Expanding Force|p1a: Torkoal
|-damage|p1a: Torkoal|0 fnt
|faint|p1a: Torkoal
|
|win|dont make me walk
||dont make me walk is ready for game 2.
||Chavo666 is ready for game 2.
|uhtml|next|Next: Game 2 of 3
