|j|☆LuizVGC
|j|☆jmbasson
|html|LuizVGCjmbasson    
|uhtml|bestof|Game 2 of a best-of-3
|t:|1756771057
|gametype|doubles
|player|p1|LuizVGC|101|1101
|player|p2|jmbasson|elesa|1219
|gen|9
|tier|[Gen 9] VGC 2025 Reg H (Bo3)
|rated|
|rule|Species Clause: Limit one of each Pokémon
|rule|Item Clause: Limit 1 of each item
|clearpoke
|poke|p1|Annihilape, L50, F|
|poke|p1|Sneasler, L50, F|
|poke|p1|Dragonite, L50, M|
|poke|p1|Indeedee, L50, M|
|poke|p1|Ninetales-Alola, L50, F|
|poke|p1|Garchomp, L50, M|
|poke|p2|Electabuzz, L50, M|
|poke|p2|Kingambit, L50, F|
|poke|p2|Volcarona, L50, F|
|poke|p2|Dragonite, L50, M|
|poke|p2|Sneasler, L50, F|
|poke|p2|Rillaboom, L50, F|
|teampreview|4
|showteam|p1|Annihilape||ChoiceScarf|Defiant|FinalGambit,CloseCombat,Coaching,Uturn|||F|||50|,,,,,Flying]Sneasler||PsychicSeed|Unburden|Protect,ThroatChop,DireClaw,CloseCombat|||F|||50|,,,,,Dark]Dragonite||LoadedDice|Multiscale|ScaleShot,Haze,Protect,StompingTantrum|||M|||50|,,,,,Fairy]Indeedee||FocusSash|PsychicSurge|ExpandingForce,HelpingHand,TrickRoom,Imprison|||M|||50|,,,,,Fairy]Ninetales-Alola||NeverMeltIce|SnowWarning|Blizzard,Protect,Encore,AuroraVeil|||F|||50|,,,,,Ice]Garchomp||LifeOrb|RoughSkin|Protect,Earthquake,DragonClaw,StompingTantrum|||M|||50|,,,,,Steel
|showteam|p2|Electabuzz||Eviolite|VitalSpirit|FollowMe,Thunderbolt,Taunt,Protect|||M|||50|,,,,,Ghost]Kingambit||BlackGlasses|Defiant|KowtowCleave,SuckerPunch,SwordsDance,Protect|||F|||50|,,,,,Dark]Volcarona||Leftovers|FlameBody|HeatWave,TeraBlast,QuiverDance,Protect|||F|||50|,,,,,Fairy]Dragonite||LoadedDice|Multiscale|ScaleShot,ExtremeSpeed,Haze,Protect|||M|||50|,,,,,Fairy]Sneasler||FocusSash|Unburden|DireClaw,CloseCombat,Coaching,FakeOut|||F|||50|,,,,,Stellar]Rillaboom||AssaultVest|GrassySurge|FakeOut,WoodHammer,GrassyGlide,HighHorsepower|||F|||50|,,,,,Fire
|inactive|Battle timer is ON: inactive players will automatically lose when time's up. (requested by jmbasson)
|
|t:|1756771081
|teamsize|p1|4
|teamsize|p2|4
|start
|switch|p1a: Sneasler|Sneasler, L50, F|100/100
|switch|p1b: Annihilape|Annihilape, L50, F|100/100
|switch|p2a: Electabuzz|Electabuzz, L50, M|100/100
|switch|p2b: Kingambit|Kingambit, L50, F|100/100
|turn|1
|
|t:|1756771102
|move|p2a: Electabuzz|Follow Me|p2a: Electabuzz
|-singleturn|p2a: Electabuzz|move: Follow Me
|move|p1b: Annihilape|Final Gambit|p2a: Electabuzz
|-damage|p2a: Electabuzz|0 fnt
|faint|p1b: Annihilape
|faint|p2a: Electabuzz
|move|p1a: Sneasler|Dire Claw|p2b: Kingambit
|-immune|p2b: Kingambit
|move|p2b: Kingambit|Kowtow Cleave|p1a: Sneasler
|-resisted|p1a: Sneasler
|-damage|p1a: Sneasler|56/100
|
|upkeep
|
|t:|1756771119
|switch|p1b: Indeedee|Indeedee, L50, M|100/100
|switch|p2a: Volcarona|Volcarona, L50, F|100/100
|-fieldstart|move: Psychic Terrain|[from] ability: Psychic Surge|[of] p1b: Indeedee
|-enditem|p1a: Sneasler|Psychic Seed
|-boost|p1a: Sneasler|spd|1|[from] item: Psychic Seed
|turn|2
|inactive|jmbasson has 30 seconds left.
|
|t:|1756771148
|-terastallize|p2b: Kingambit|Dark
|move|p1a: Sneasler|Close Combat|p2b: Kingambit
|-supereffective|p2b: Kingambit
|-damage|p2b: Kingambit|11/100
|-unboost|p1a: Sneasler|def|1
|-unboost|p1a: Sneasler|spd|1
|move|p1b: Indeedee|Expanding Force|p2a: Volcarona|[spread] p2a
|-immune|p2b: Kingambit
|-damage|p2a: Volcarona|52/100
|move|p2a: Volcarona|Heat Wave|p1b: Indeedee|[spread] p1a,p1b
|-crit|p1a: Sneasler
|-damage|p1a: Sneasler|0 fnt
|-damage|p1b: Indeedee|55/100
|faint|p1a: Sneasler
|move|p2b: Kingambit|Kowtow Cleave|p1b: Indeedee
|-supereffective|p1b: Indeedee
|-damage|p1b: Indeedee|0 fnt
|faint|p1b: Indeedee
|
|-heal|p2a: Volcarona|58/100|[from] item: Leftovers
|upkeep
|
|t:|1756771170
|switch|p1a: Garchomp|Garchomp, L50, M|100/100
|turn|3
|
|t:|1756771182
|switch|p2b: Rillaboom|Rillaboom, L50, F|100/100
|-fieldstart|move: Grassy Terrain|[from] ability: Grassy Surge|[of] p2b: Rillaboom
|move|p2a: Volcarona|Protect|p2a: Volcarona
|-singleturn|p2a: Volcarona|Protect
|move|p1a: Garchomp|Earthquake|p2a: Volcarona|[spread] p2b
|-activate|p2a: Volcarona|move: Protect
|-resisted|p2b: Rillaboom
|-damage|p2b: Rillaboom|90/100
|-damage|p1a: Garchomp|91/100|[from] item: Life Orb
|
|-heal|p1a: Garchomp|97/100|[from] Grassy Terrain
|-heal|p2a: Volcarona|64/100|[from] Grassy Terrain
|-heal|p2a: Volcarona|70/100|[from] item: Leftovers
|-heal|p2b: Rillaboom|96/100|[from] Grassy Terrain
|upkeep
|turn|4
|
|t:|1756771201
|move|p1a: Garchomp|Protect|p1a: Garchomp
|-singleturn|p1a: Garchomp|Protect
|move|p2a: Volcarona|Heat Wave|p1a: Garchomp
|-activate|p1a: Garchomp|move: Protect
|move|p2b: Rillaboom|Wood Hammer|p1a: Garchomp
|-activate|p1a: Garchomp|move: Protect
|
|-heal|p1a: Garchomp|100/100|[from] Grassy Terrain
|-heal|p2a: Volcarona|77/100|[from] Grassy Terrain
|-heal|p2a: Volcarona|83/100|[from] item: Leftovers
|-heal|p2b: Rillaboom|100/100|[from] Grassy Terrain
|upkeep
|turn|5
|inactive|LuizVGC has 30 seconds left.
|
|t:|1756771227
|move|p1a: Garchomp|Dragon Claw|p2a: Volcarona
|-damage|p2a: Volcarona|33/100
|-damage|p1a: Garchomp|91/100|[from] item: Life Orb
|move|p2a: Volcarona|Heat Wave|p1a: Garchomp
|-resisted|p1a: Garchomp
|-damage|p1a: Garchomp|69/100
|move|p2b: Rillaboom|Wood Hammer|p1a: Garchomp
|-damage|p1a: Garchomp|0 fnt
|-damage|p2b: Rillaboom|88/100|[from] ability: Rough Skin|[of] p1a: Garchomp
|faint|p1a: Garchomp
|-damage|p2b: Rillaboom|67/100|[from] Recoil
|
|win|jmbasson
|l|☆jmbasson
|player|p2|
|inactive|LuizVGC has 30 seconds to confirm battle start!
|inactive|jmbasson has 30 seconds to confirm battle start!
