|j|☆Fling Eastwood
|j|☆NDDLTMC bp
|html|Fling EastwoodNDDLTMC bp    
|uhtml|bestof|Game 2 of a best-of-3
|t:|1785896493
|gametype|doubles
|player|p1|Fling Eastwood|lacey-masters|
|player|p2|NDDLTMC bp|skierf|
|gen|9
|tier|[Gen 9 Champions] VGC 2026 Reg M-B (Bo3)
|rule|Species Clause: Limit one of each Pokémon
|rule|Item Clause: Limit 1 of each item
|clearpoke
|poke|p1|Gengar, L50, M, shiny|
|poke|p1|Blastoise, L50, M, shiny|
|poke|p1|Volcarona, L50, F, shiny|
|poke|p1|Meowscarada, L50, F, shiny|
|poke|p1|Clefable, L50, M, shiny|
|poke|p1|Scrafty, L50, M, shiny|
|poke|p2|Ampharos, L50, F, shiny|
|poke|p2|Oranguru, L50, M, shiny|
|poke|p2|Aegislash, L50, M|
|poke|p2|Camerupt, L50, M|
|poke|p2|Araquanid, L50, M|
|poke|p2|Scrafty, L50, F|
|teampreview|4
|showteam|p1|Gengar||Gengarite|CursedBody|ShadowBall,Substitute,PerishSong,Protect|Timid||M|||50|]Blastoise||Blastoisinite|RainDish|WaterSpout,DarkPulse,ShellSmash,Protect|Timid||M|||50|]Volcarona||Leftovers|FlameBody|HeatWave,GigaDrain,QuiverDance,Protect|Modest||F|||50|]Meowscarada||ChoiceScarf|Protean|FlowerTrick,TripleAxel,Uturn,PollenPuff|Jolly||F|||50|]Clefable||SitrusBerry|CuteCharm|DazzlingGleam,LifeDew,FollowMe,Protect|Calm||M|||50|]Scrafty||RoseliBerry|Intimidate|KnockOff,CloseCombat,FakeOut,Detect|Careful||M|||50|
|showteam|p2|Ampharos||Ampharosite|Static|Thunderbolt,DragonPulse,PowerGem,Protect|Modest||F|||50|]Oranguru||SitrusBerry|InnerFocus|Psychic,FoulPlay,Instruct,TrickRoom|Sassy||M|||50|]Aegislash||LifeOrb|StanceChange|Poltergeist,IronHead,ShadowSneak,KingsShield|Adamant||M|||50|]Camerupt||Cameruptite|SolidRock|HeatWave,Flamethrower,EarthPower,Protect|Quiet||M|||50|]Araquanid||MysticWater|WaterBubble|Liquidation,LeechLife,Soak,Protect|Brave||M|||50|]Scrafty||BlackBelt|Intimidate|CloseCombat,KnockOff,FakeOut,SuperFang|Brave||F|||50|
|
|t:|1785896520
|teamsize|p1|4
|teamsize|p2|4
|start
|switch|p1a: Duz It|Gengar, L50, M, shiny|100/100
|switch|p1b: Gig|Clefable, L50, M, shiny|100/100
|switch|p2a: Oranguru|Oranguru, L50, M, shiny|100/100
|switch|p2b: Aegislash|Aegislash, L50, M|100/100
|turn|1
|
|t:|1785896568
|switch|p1b: 50|Scrafty, L50, M, shiny|100/100
|-ability|p1b: 50|Intimidate|boost
|-fail|p2a: Oranguru|unboost|Attack|[from] ability: Inner Focus|[of] p2a: Oranguru
|-unboost|p2b: Aegislash|atk|1
|detailschange|p1a: Duz It|Gengar-Mega, L50, M, shiny
|-mega|p1a: Duz It|Gengar|Gengarite
|move|p1a: Duz It|Protect|p1a: Duz It
|-singleturn|p1a: Duz It|Protect
|-formechange|p2b: Aegislash|Aegislash-Blade|
|move|p2b: Aegislash|Iron Head|p1a: Duz It
|-activate|p1a: Duz It|move: Protect
|move|p2a: Oranguru|Instruct|p2b: Aegislash
|-singleturn|p2b: Aegislash|move: Instruct|[of] p2a: Oranguru
|move|p2b: Aegislash|Iron Head|p1a: Duz It
|-activate|p1a: Duz It|move: Protect
|
|upkeep
|turn|2
|
|t:|1785896580
|-formechange|p2b: Aegislash|Aegislash|
|move|p2b: Aegislash|King's Shield|p2b: Aegislash
|-singleturn|p2b: Aegislash|Protect
|move|p1a: Duz It|Substitute|p1a: Duz It
|-start|p1a: Duz It|Substitute
|-damage|p1a: Duz It|75/100
|move|p1b: 50|Knock Off|p2b: Aegislash
|-activate|p2b: Aegislash|move: Protect
|-unboost|p1b: 50|atk|1
|move|p2a: Oranguru|Trick Room|p2a: Oranguru
|-fieldstart|move: Trick Room|[of] p2a: Oranguru
|
|upkeep
|turn|3
|
|t:|1785896615
|move|p1a: Duz It|Protect|p1a: Duz It
|-singleturn|p1a: Duz It|Protect
|move|p2a: Oranguru|Psychic|p1a: Duz It
|-activate|p1a: Duz It|move: Protect
|-formechange|p2b: Aegislash|Aegislash-Blade|
|move|p2b: Aegislash|Iron Head|p1b: 50
|-damage|p1b: 50|63/100
|-damage|p2b: Aegislash|90/100|[from] item: Life Orb
|cant|p1b: 50|flinch
|
|upkeep
|turn|4
|c|☆NDDLTMC bp|mb
|
|t:|1785896638
|switch|p1a: Ingrata|Meowscarada, L50, F, shiny|100/100
|move|p2a: Oranguru|Psychic|p1a: Ingrata
|-immune|p1a: Ingrata
|move|p2b: Aegislash|Poltergeist|p1a: Ingrata
|-activate|p1a: Ingrata|move: Poltergeist|Choice Scarf
|-resisted|p1a: Ingrata|1
|-damage|p1a: Ingrata|54/100
|-damage|p2b: Aegislash|80/100|[from] item: Life Orb
|move|p1b: 50|Knock Off|p2b: Aegislash
|-supereffective|p2b: Aegislash|1
|-damage|p2b: Aegislash|8/100
|-enditem|p2b: Aegislash|Life Orb|[from] move: Knock Off|[of] p1b: 50
|
|upkeep
|turn|5
|
|t:|1785896668
|move|p2a: Oranguru|Foul Play|p1a: Ingrata
|-resisted|p1a: Ingrata|1
|-crit|p1a: Ingrata
|-damage|p1a: Ingrata|20/100y
|move|p2b: Aegislash|Iron Head|p1a: Ingrata
|-damage|p1a: Ingrata|0 fnt
|faint|p1a: Ingrata
|move|p1b: 50|Knock Off|p2b: Aegislash
|-supereffective|p2b: Aegislash|1
|-damage|p2b: Aegislash|0 fnt
|faint|p2b: Aegislash
|
|upkeep
|
|t:|1785896675
|switch|p2b: Araquanid|Araquanid, L50, M|100/100
|switch|p1a: Duz It|Gengar-Mega, L50, M, shiny|75/100
|turn|6
|
|t:|1785896678
|switch|p1b: Gig|Clefable, L50, M, shiny|100/100
|move|p1a: Duz It|Protect|p1a: Duz It
|-singleturn|p1a: Duz It|Protect
|move|p2b: Araquanid|Liquidation|p1b: Gig
|-damage|p1b: Gig|24/100
|-enditem|p1b: Gig|Sitrus Berry|[eat]
|-heal|p1b: Gig|49/100|[from] item: Sitrus Berry
|move|p2a: Oranguru|Psychic|p1a: Duz It
|-activate|p1a: Duz It|move: Protect
|
|-fieldend|move: Trick Room
|upkeep
|turn|7
|
|t:|1785896693
|move|p1a: Duz It|Substitute|p1a: Duz It
|-start|p1a: Duz It|Substitute
|-damage|p1a: Duz It|50/100g
|move|p1b: Gig|Life Dew|p1b: Gig|[spread] p1a,p1b
|-heal|p1a: Duz It|75/100
|-heal|p1b: Gig|74/100
|move|p2b: Araquanid|Liquidation|p1a: Duz It
|-end|p1a: Duz It|Substitute
|move|p2a: Oranguru|Trick Room|p2a: Oranguru
|-fieldstart|move: Trick Room|[of] p2a: Oranguru
|
|upkeep
|turn|8
|
|t:|1785896702
|switch|p1b: 50|Scrafty, L50, M, shiny|63/100
|-ability|p1b: 50|Intimidate|boost
|-fail|p2a: Oranguru|unboost|Attack|[from] ability: Inner Focus|[of] p2a: Oranguru
|-unboost|p2b: Araquanid|atk|1
|move|p1a: Duz It|Protect|p1a: Duz It
|-singleturn|p1a: Duz It|Protect
|move|p2b: Araquanid|Liquidation|p1a: Duz It
|-activate|p1a: Duz It|move: Protect
|move|p2a: Oranguru|Psychic|p1b: 50
|-immune|p1b: 50
|
|upkeep
|turn|9
|
|t:|1785896735
|move|p2b: Araquanid|Protect|p2b: Araquanid
|-singleturn|p2b: Araquanid|Protect
|move|p1b: 50|Fake Out|p2b: Araquanid
|-activate|p2b: Araquanid|move: Protect
|move|p2a: Oranguru|Psychic|p1a: Duz It
|-supereffective|p1a: Duz It|1
|-damage|p1a: Duz It|8/100
|move|p1a: Duz It|Perish Song|p1a: Duz It
|-start|p1a: Duz It|perish3|[silent]
|-start|p1b: 50|perish3|[silent]
|-start|p2a: Oranguru|perish3|[silent]
|-start|p2b: Araquanid|perish3|[silent]
|-fieldactivate|move: Perish Song
|
|-start|p2b: Araquanid|perish3
|-start|p2a: Oranguru|perish3
|-start|p1b: 50|perish3
|-start|p1a: Duz It|perish3
|upkeep
|turn|10
|
|t:|1785896753
|move|p1b: 50|Detect|p1b: 50
|-singleturn|p1b: 50|Protect
|move|p1a: Duz It|Protect|p1a: Duz It
|-singleturn|p1a: Duz It|Protect
|move|p2b: Araquanid|Liquidation|p1b: 50
|-activate|p1b: 50|move: Protect
|move|p2a: Oranguru|Foul Play|p1b: 50
|-activate|p1b: 50|move: Protect
|
|-start|p2b: Araquanid|perish2
|-start|p2a: Oranguru|perish2
|-start|p1b: 50|perish2
|-start|p1a: Duz It|perish2
|upkeep
|turn|11
|
|t:|1785896763
|move|p1b: 50|Detect||[still]
|-fail|p1b: 50
|move|p1a: Duz It|Protect||[still]
|-fail|p1a: Duz It
|move|p2b: Araquanid|Liquidation|p1b: 50
|-damage|p1b: 50|12/100
|move|p2a: Oranguru|Psychic|p1a: Duz It
|-supereffective|p1a: Duz It|1
|-damage|p1a: Duz It|0 fnt
|faint|p1a: Duz It
|
|-start|p2b: Araquanid|perish1
|-start|p2a: Oranguru|perish1
|-start|p1b: 50|perish1
|-fieldend|move: Trick Room
|upkeep
|
|t:|1785896766
|switch|p1a: Gig|Clefable, L50, M, shiny|74/100
|turn|12
|
|t:|1785896771
|switch|p2b: Ampharos|Ampharos, L50, F, shiny|100/100
|move|p1b: 50|Close Combat|p2b: Ampharos
|-damage|p2b: Ampharos|60/100
|-unboost|p1b: 50|def|1
|-unboost|p1b: 50|spd|1
|move|p1a: Gig|Dazzling Gleam|p2a: Oranguru|[spread] p2a,p2b
|-damage|p2a: Oranguru|87/100
|-damage|p2b: Ampharos|40/100
|move|p2a: Oranguru|Trick Room|p2a: Oranguru
|-fieldstart|move: Trick Room|[of] p2a: Oranguru
|
|-start|p2a: Oranguru|perish0
|-start|p1b: 50|perish0
|faint|p2a: Oranguru
|faint|p1b: 50
|upkeep
|
|t:|1785896773
|switch|p2a: Araquanid|Araquanid, L50, M|100/100
|turn|13
|c|☆Fling Eastwood|Ggs
|
|t:|1785896781
|detailschange|p2b: Ampharos|Ampharos-Mega, L50, F, shiny
|-mega|p2b: Ampharos|Ampharos|Ampharosite
|-ability|p2b: Ampharos|Mold Breaker
|move|p2a: Araquanid|Liquidation|p1a: Gig
|-damage|p1a: Gig|8/100
|move|p2b: Ampharos|Thunderbolt|p1a: Gig
|-damage|p1a: Gig|0 fnt
|faint|p1a: Gig
|
|win|NDDLTMC bp
|c|☆NDDLTMC bp|ggs
|l|☆Fling Eastwood
|player|p1|
