|j|☆vicboza
|j|☆CritHappens5
|html|vicbozaCritHappens5    
|uhtml|bestof|Game 3 of a best-of-3
|t:|1757188230
|gametype|doubles
|player|p1|vicboza|1|1261
|player|p2|CritHappens5|169|1270
|gen|9
|tier|[Gen 9] VGC 2025 Reg H (Bo3)
|rated|
|rule|Species Clause: Limit one of each Pokémon
|rule|Item Clause: Limit 1 of each item
|clearpoke
|poke|p1|Ninetales-Alola, L50, M|
|poke|p1|Gholdengo, L50|
|poke|p1|Magmar, L50, M|
|poke|p1|Samurott-Hisui, L50, M|
|poke|p1|Ursaluna-Bloodmoon, L50, M|
|poke|p1|Dragonite, L50, F|
|poke|p2|Sneasler, L50, F|
|poke|p2|Indeedee, L50, M|
|poke|p2|Volcarona, L50, F|
|poke|p2|Ursaluna-Bloodmoon, L50, M|
|poke|p2|Annihilape, L50, M|
|poke|p2|Tyranitar, L50, M|
|teampreview|4
|showteam|p1|Ninetales-Alola||CovertCloak|SnowWarning|IcyWind,AuroraVeil,FreezeDry,HelpingHand|||M|||50|,,,,,Water]Gholdengo||MetalCoat|GoodasGold|Protect,MakeItRain,NastyPlot,ShadowBall||||||50|,,,,,Dragon]Magmar||Eviolite|VitalSpirit|FollowMe,Overheat,WillOWisp,Protect|||M|||50|,,,,,Ghost]Samurott-Hisui||LifeOrb|Sharpness|Protect,AquaCutter,SacredSword,NightSlash|||M|||50|,,,,,Poison]Ursaluna-Bloodmoon||AssaultVest|MindsEye|BloodMoon,HyperVoice,EarthPower,VacuumWave|||M|||50|,,,,,Ghost]Dragonite||LoadedDice|Multiscale|ScaleShot,Tailwind,Protect,Haze|||F|||50|,,,,,Fairy
|showteam|p2|Sneasler||PsychicSeed|Unburden|CloseCombat,DireClaw,ThroatChop,Protect|||F|||50|,,,,,Dark]Indeedee||ChoiceScarf|PsychicSurge|ExpandingForce,TeraBlast,Trick,Protect|||M|||50|,,,,,Psychic]Volcarona||SitrusBerry|FlameBody|Overheat,StruggleBug,RagePowder,Tailwind|||F|||50|,,,,,Dragon]Ursaluna-Bloodmoon||LifeOrb|MindsEye|BloodMoon,HyperVoice,EarthPower,Protect|||M|||50|,,,,,Normal]Annihilape||SafetyGoggles|Defiant|CloseCombat,RageFist,Taunt,FinalGambit|||M|||50|,,,,,Fairy]Tyranitar||AssaultVest|SandStream|RockSlide,KnockOff,TeraBlast,LowKick|||M|||50|,,,,,Flying
|inactive|Battle timer is ON: inactive players will automatically lose when time's up. (requested by CritHappens5)
|
|t:|1757188260
|teamsize|p1|4
|teamsize|p2|4
|start
|switch|p1a: Magmar|Magmar, L50, M|100/100
|switch|p1b: Dragonite|Dragonite, L50, F|100/100
|switch|p2a: Annihilape|Annihilape, L50, M|100/100
|switch|p2b: Tyranitar|Tyranitar, L50, M|100/100
|-weather|Sandstorm|[from] ability: Sand Stream|[of] p2b: Tyranitar
|turn|1
|
|t:|1757188281
|-terastallize|p1a: Magmar|Ghost
|move|p1a: Magmar|Follow Me|p1a: Magmar
|-singleturn|p1a: Magmar|move: Follow Me
|move|p2a: Annihilape|Taunt|p1a: Magmar
|-start|p1a: Magmar|move: Taunt
|move|p1b: Dragonite|Scale Shot|p2b: Tyranitar
|-damage|p2b: Tyranitar|87/100
|-damage|p2b: Tyranitar|76/100
|-damage|p2b: Tyranitar|64/100
|-damage|p2b: Tyranitar|53/100
|-damage|p2b: Tyranitar|42/100
|-hitcount|p2b: Tyranitar|5
|-unboost|p1b: Dragonite|def|1
|-boost|p1b: Dragonite|spe|1
|move|p2b: Tyranitar|Knock Off|p1a: Magmar
|-supereffective|p1a: Magmar
|-damage|p1a: Magmar|4/100
|-enditem|p1a: Magmar|Eviolite|[from] move: Knock Off|[of] p2b: Tyranitar
|
|-weather|Sandstorm|[upkeep]
|-damage|p1b: Dragonite|95/100|[from] Sandstorm
|-damage|p1a: Magmar|0 fnt|[from] Sandstorm
|faint|p1a: Magmar
|upkeep
|inactive|vicboza has 30 seconds left.
|
|t:|1757188307
|switch|p1a: Gholdengo|Gholdengo, L50|100/100
|turn|2
|
|t:|1757188323
|move|p1b: Dragonite|Tailwind|p1b: Dragonite
|-sidestart|p1: vicboza|move: Tailwind
|move|p1a: Gholdengo|Make It Rain|p2a: Annihilape|[spread] p2a,p2b
|-supereffective|p2b: Tyranitar
|-damage|p2a: Annihilape|51/100
|-damage|p2b: Tyranitar|0 fnt
|-unboost|p1a: Gholdengo|spa|1
|faint|p2b: Tyranitar
|move|p2a: Annihilape|Rage Fist|p1a: Gholdengo
|-supereffective|p1a: Gholdengo
|-damage|p1a: Gholdengo|9/100
|
|-weather|Sandstorm|[upkeep]
|-damage|p1b: Dragonite|89/100|[from] Sandstorm
|upkeep
|
|t:|1757188339
|switch|p2b: Sneasler|Sneasler, L50, F|100/100
|turn|3
|
|t:|1757188349
|move|p2b: Sneasler|Protect|p2b: Sneasler
|-singleturn|p2b: Sneasler|Protect
|move|p1b: Dragonite|Scale Shot|p2b: Sneasler
|-activate|p2b: Sneasler|move: Protect
|move|p1a: Gholdengo|Shadow Ball|p2a: Annihilape
|-supereffective|p2a: Annihilape
|-damage|p2a: Annihilape|4/100
|move|p2a: Annihilape|Rage Fist|p1a: Gholdengo
|-supereffective|p1a: Gholdengo
|-damage|p1a: Gholdengo|0 fnt
|faint|p1a: Gholdengo
|
|-weather|Sandstorm|[upkeep]
|-damage|p1b: Dragonite|83/100|[from] Sandstorm
|-damage|p2b: Sneasler|95/100|[from] Sandstorm
|upkeep
|
|t:|1757188364
|switch|p1a: Samurott|Samurott-Hisui, L50, M|100/100
|turn|4
|inactive|vicboza has 30 seconds left.
|inactive|vicboza has 20 seconds left.
|
|t:|1757188406
|switch|p2a: Indeedee|Indeedee, L50, M|100/100
|-fieldstart|move: Psychic Terrain|[from] ability: Psychic Surge|[of] p2a: Indeedee
|-enditem|p2b: Sneasler|Psychic Seed
|-boost|p2b: Sneasler|spd|1|[from] item: Psychic Seed
|move|p1b: Dragonite|Scale Shot|p2b: Sneasler
|-damage|p2b: Sneasler|69/100
|-damage|p2b: Sneasler|46/100
|-damage|p2b: Sneasler|20/100
|-damage|p2b: Sneasler|0 fnt
|faint|p2b: Sneasler
|-hitcount|p2: Sneasler|4
|-unboost|p1b: Dragonite|def|1
|-boost|p1b: Dragonite|spe|1
|move|p1a: Samurott|Aqua Cutter|p2a: Indeedee
|-damage|p2a: Indeedee|0 fnt
|faint|p2a: Indeedee
|-damage|p1a: Samurott|91/100|[from] item: Life Orb
|
|-weather|Sandstorm|[upkeep]
|-damage|p1b: Dragonite|77/100|[from] Sandstorm
|-damage|p1a: Samurott|85/100|[from] Sandstorm
|upkeep
|
|t:|1757188424
|switch|p2a: Annihilape|Annihilape, L50, M|4/100
|turn|5
|-message|CritHappens5 forfeited.
|
|win|vicboza
|raw|vicboza's rating: 1261 → 1287(+26 for winning)
|raw|CritHappens5's rating: 1270 → 1244(-26 for losing)
