|j|☆HalcyonJon
|j|☆Kuribro
|html|HalcyonJonKuribro    
|uhtml|bestof|Game 1 of a best-of-3
|t:|1757927703
|gametype|doubles
|player|p1|HalcyonJon|pokemonbreeder|1136
|player|p2|Kuribro|170|1238
|gen|9
|tier|[Gen 9] VGC 2025 Reg H (Bo3)
|rated|
|rule|Species Clause: Limit one of each Pokémon
|rule|Item Clause: Limit 1 of each item
|clearpoke
|poke|p1|Espeon, L50, M|
|poke|p1|Indeedee-F, L50, F|
|poke|p1|Slowbro, L50, M|
|poke|p1|Decidueye-Hisui, L50, F|
|poke|p1|Sneasler, L50, M|
|poke|p1|Tyranitar, L50, F|
|poke|p2|Pelipper, L50, F|
|poke|p2|Archaludon, L50, F|
|poke|p2|Amoonguss, L50, F|
|poke|p2|Incineroar, L50, M|
|poke|p2|Azumarill, L50, F|
|poke|p2|Porygon2, L50|
|teampreview|4
|showteam|p1|Espeon||FocusSash|MagicBounce|ExpandingForce,TeraBlast,SkillSwap,Detect|||M|||50|,,,,,Ground]Indeedee-F||RockyHelmet|PsychicSurge|Psychic,FollowMe,HelpingHand,TrickRoom|||F|||50|,,,,,Fairy]Slowbro||SafetyGoggles|Oblivious|ExpandingForce,Scald,Flamethrower,TrickRoom|||M|||50|,,,,,Fire]Decidueye-Hisui||ScopeLens|Scrappy|TripleArrows,LeafBlade,Haze,Tailwind|||F|||50|,,,,,Rock]Sneasler||PsychicSeed|Unburden|CloseCombat,DireClaw,SwordsDance,Protect|||M|||50|,,,,,Rock]Tyranitar||AssaultVest|SandStream|KnockOff,RockSlide,TeraBlast,LowKick|||F|||50|,,,,,Flying
|showteam|p2|Pelipper||FocusSash|Drizzle|WeatherBall,Hurricane,Tailwind,Protect|||F|||50|,,,,,Ghost]Archaludon||AssaultVest|Stamina|ElectroShot,DragonPulse,FlashCannon,BodyPress|||F|||50|,,,,,Bug]Amoonguss||CovertCloak|Regenerator|PollenPuff,RagePowder,Spore,Protect|||F|||50|,,,,,Psychic]Incineroar||SafetyGoggles|Intimidate|FakeOut,PartingShot,KnockOff,FlareBlitz|||M|||50|,,,,,Ghost]Azumarill||SitrusBerry|HugePower|AquaJet,PlayRough,BellyDrum,Protect|||F|||50|,,,,,Water]Porygon2||Eviolite|Download|TeraBlast,ShadowBall,TrickRoom,Recover||||||50|,,,,,Fighting
|j| GiselleSaintClaire
|l| GiselleSaintClaire
|
|t:|1757927746
|teamsize|p1|4
|teamsize|p2|4
|start
|switch|p1a: Espeon|Espeon, L50, M|100/100
|switch|p1b: Indeedee|Indeedee-F, L50, F|100/100
|switch|p2a: Incineroar|Incineroar, L50, M|100/100
|switch|p2b: Amoonguss|Amoonguss, L50, F|100/100
|-fieldstart|move: Psychic Terrain|[from] ability: Psychic Surge|[of] p1b: Indeedee
|-ability|p2a: Incineroar|Intimidate|boost
|-unboost|p1a: Espeon|atk|1
|-unboost|p1b: Indeedee|atk|1
|turn|1
|
|t:|1757927798
|-terastallize|p1a: Espeon|Ground
|-terastallize|p2b: Amoonguss|Psychic
|move|p1b: Indeedee|Follow Me|p1b: Indeedee
|-singleturn|p1b: Indeedee|move: Follow Me
|move|p1a: Espeon|Tera Blast|p2a: Incineroar|[anim] Tera Blast Ground
|-supereffective|p2a: Incineroar
|-damage|p2a: Incineroar|26/100
|move|p2a: Incineroar|Knock Off|p1b: Indeedee
|-supereffective|p1b: Indeedee
|-damage|p1b: Indeedee|1/100
|-damage|p2a: Incineroar|10/100|[from] item: Rocky Helmet|[of] p1b: Indeedee
|-enditem|p1b: Indeedee|Rocky Helmet|[from] move: Knock Off|[of] p2a: Incineroar
|move|p2b: Amoonguss|Spore|p1b: Indeedee
|-status|p1b: Indeedee|slp|[from] move: Spore
|
|upkeep
|turn|2
|
|t:|1757927852
|switch|p1b: Tyranitar|Tyranitar, L50, F|100/100
|-weather|Sandstorm|[from] ability: Sand Stream|[of] p1b: Tyranitar
|move|p1a: Espeon|Detect|p1a: Espeon
|-singleturn|p1a: Espeon|Protect
|move|p2a: Incineroar|Flare Blitz|p1a: Espeon
|-activate|p1a: Espeon|move: Protect
|move|p2b: Amoonguss|Pollen Puff|p1a: Espeon
|-activate|p1a: Espeon|move: Protect
|
|-weather|Sandstorm|[upkeep]
|-damage|p2b: Amoonguss|95/100|[from] Sandstorm
|upkeep
|turn|3
|j| GiselleSaintClaire
|l| GiselleSaintClaire
|
|t:|1757927887
|switch|p2a: Pelipper|Pelipper, L50, F|100/100
|-weather|RainDance|[from] ability: Drizzle|[of] p2a: Pelipper
|move|p1a: Espeon|Tera Blast|p2a: Pelipper|[anim] Tera Blast Ground
|-immune|p2a: Pelipper
|move|p1b: Tyranitar|Knock Off|p2b: Amoonguss
|-supereffective|p2b: Amoonguss
|-damage|p2b: Amoonguss|4/100
|-enditem|p2b: Amoonguss|Covert Cloak|[from] move: Knock Off|[of] p1b: Tyranitar
|move|p2b: Amoonguss|Spore|p1b: Tyranitar
|-status|p1b: Tyranitar|slp|[from] move: Spore
|
|-weather|RainDance|[upkeep]
|upkeep
|turn|4
|
|t:|1757927925
|switch|p1b: Indeedee|Indeedee-F, L50, F|1/100 slp
|switch|p2b: Incineroar|Incineroar, L50, M|10/100
|-ability|p2b: Incineroar|Intimidate|boost
|-unboost|p1a: Espeon|atk|1
|-unboost|p1b: Indeedee|atk|1
|move|p1a: Espeon|Expanding Force|p2a: Pelipper|[spread] p2a
|-immune|p2b: Incineroar
|-enditem|p2a: Pelipper|Focus Sash
|-damage|p2a: Pelipper|1/100
|move|p2a: Pelipper|Tailwind|p2a: Pelipper
|-sidestart|p2: Kuribro|move: Tailwind
|
|-weather|RainDance|[upkeep]
|upkeep
|turn|5
|
|t:|1757927958
|switch|p2a: Archaludon|Archaludon, L50, F|100/100
|move|p1a: Espeon|Detect|p1a: Espeon
|-singleturn|p1a: Espeon|Protect
|move|p2b: Incineroar|Knock Off|p1a: Espeon
|-activate|p1a: Espeon|move: Protect
|cant|p1b: Indeedee|slp
|
|-weather|RainDance|[upkeep]
|-fieldend|move: Psychic Terrain
|upkeep
|turn|6
|
|t:|1757927992
|switch|p1b: Tyranitar|Tyranitar, L50, F|100/100 slp
|-weather|Sandstorm|[from] ability: Sand Stream|[of] p1b: Tyranitar
|move|p2a: Archaludon|Dragon Pulse|p1a: Espeon
|-damage|p1a: Espeon|49/100
|move|p1a: Espeon|Tera Blast|p2b: Incineroar|[anim] Tera Blast Ground
|-supereffective|p2b: Incineroar
|-crit|p2b: Incineroar
|-damage|p2b: Incineroar|0 fnt
|faint|p2b: Incineroar
|
|-weather|Sandstorm|[upkeep]
|upkeep
|
|t:|1757928002
|switch|p2b: Pelipper|Pelipper, L50, F|1/100
|-weather|RainDance|[from] ability: Drizzle|[of] p2b: Pelipper
|turn|7
|
|t:|1757928019
|switch|p1b: Indeedee|Indeedee-F, L50, F|1/100 slp
|-fieldstart|move: Psychic Terrain|[from] ability: Psychic Surge|[of] p1b: Indeedee
|move|p1a: Espeon|Detect|p1a: Espeon
|-singleturn|p1a: Espeon|Protect
|move|p2b: Pelipper|Weather Ball|p1a: Espeon
|-activate|p1a: Espeon|move: Protect
|move|p2a: Archaludon|Body Press|p1b: Indeedee
|-damage|p1b: Indeedee|0 fnt
|faint|p1b: Indeedee
|
|-weather|RainDance|[upkeep]
|-sideend|p2: Kuribro|move: Tailwind
|upkeep
|
|t:|1757928051
|switch|p1b: Slowbro|Slowbro, L50, M|100/100
|turn|8
|
|t:|1757928075
|switch|p2b: Amoonguss|Amoonguss, L50, F, tera:Psychic|37/100
|move|p1a: Espeon|Expanding Force|p2a: Archaludon|[spread] p2a,p2b
|-resisted|p2a: Archaludon
|-resisted|p2b: Amoonguss
|-damage|p2a: Archaludon|78/100
|-damage|p2b: Amoonguss|10/100
|-ability|p2a: Archaludon|Stamina|boost
|-boost|p2a: Archaludon|def|1
|move|p2a: Archaludon|Dragon Pulse|p1a: Espeon
|-damage|p1a: Espeon|0 fnt
|faint|p1a: Espeon
|move|p1b: Slowbro|Trick Room|p1b: Slowbro
|-fieldstart|move: Trick Room|[of] p1b: Slowbro
|
|-weather|RainDance|[upkeep]
|upkeep
|
|t:|1757928087
|switch|p1a: Tyranitar|Tyranitar, L50, F|100/100 slp
|-weather|Sandstorm|[from] ability: Sand Stream|[of] p1a: Tyranitar
|turn|9
|
|t:|1757928127
|switch|p2b: Pelipper|Pelipper, L50, F|1/100
|-weather|RainDance|[from] ability: Drizzle|[of] p2b: Pelipper
|move|p1b: Slowbro|Expanding Force|p2a: Archaludon|[spread] p2a,p2b
|-resisted|p2a: Archaludon
|-damage|p2a: Archaludon|59/100
|-damage|p2b: Pelipper|0 fnt
|-ability|p2a: Archaludon|Stamina|boost
|-boost|p2a: Archaludon|def|1
|faint|p2b: Pelipper
|cant|p1a: Tyranitar|slp
|move|p2a: Archaludon|Electro Shot||[still]
|-prepare|p2a: Archaludon|Electro Shot
|-boost|p2a: Archaludon|spa|1
|-anim|p2a: Archaludon|Electro Shot|p1b: Slowbro
|-supereffective|p1b: Slowbro
|-damage|p1b: Slowbro|0 fnt
|faint|p1b: Slowbro
|
|-weather|RainDance|[upkeep]
|upkeep
|
|t:|1757928133
|switch|p2b: Amoonguss|Amoonguss, L50, F, tera:Psychic|43/100
|turn|10
|-message|HalcyonJon forfeited.
|
|win|Kuribro
||HalcyonJon is ready for game 2.
||Kuribro is ready for game 2.
|uhtml|next|Next: Game 2 of 3
