|j|☆Nachom2003
|j|☆tooon
|html|Nachom2003tooon    
|uhtml|bestof|Game 2 of a best-of-3
|t:|1784087090
|gametype|doubles
|player|p1|Nachom2003|169|1171
|player|p2|tooon|gambler|1243
|gen|9
|tier|[Gen 9 Champions] VGC 2026 Reg M-B (Bo3)
|rated|
|rule|Species Clause: Limit one of each Pokémon
|rule|Item Clause: Limit 1 of each item
|clearpoke
|poke|p1|Floette-Eternal, L50, F|
|poke|p1|Incineroar, L50, M|
|poke|p1|Sneasler, L50, F|
|poke|p1|Hydreigon, L50, M|
|poke|p1|Sinistcha, L50|
|poke|p1|Basculegion, L50, M, shiny|
|poke|p2|Tyranitar, L50, F|
|poke|p2|Excadrill, L50, M|
|poke|p2|Milotic, L50, F|
|poke|p2|Sinistcha, L50|
|poke|p2|Staraptor, L50, M|
|poke|p2|Gholdengo, L50|
|teampreview|4
|showteam|p1|Floette-Eternal||Floettite|FlowerVeil|Protect,CalmMind,DrainingKiss,DazzlingGleam|Modest||F|||50|]Incineroar||PasshoBerry|Intimidate|DarkestLariat,FakeOut,PartingShot,FlareBlitz|Impish||M|||50|]Sneasler||FocusSash|Unburden|FakeOut,RockSlide,DireClaw,CloseCombat|Adamant||F|||50|]Hydreigon||SitrusBerry|Levitate|Protect,Flamethrower,DarkPulse,Tailwind|Modest||M|||50|]Sinistcha||OccaBerry|Hospitality|MatchaGotcha,TrickRoom,RagePowder,LifeDew|Calm|||||50|]Basculegion||ChoiceScarf|Adaptability|AquaJet,FlipTurn,LastRespects,WaveCrash|Jolly||M|||50|
|showteam|p2|Tyranitar||Tyranitarite|SandStream|KnockOff,RockSlide,IcePunch,Protect|Adamant||F|||50|]Excadrill||FocusSash|SandRush|Earthquake,IronHead,RockSlide,Protect|Adamant||M|||50|]Milotic||SitrusBerry|Competitive|Scald,IcyWind,Haze,Protect|Calm||F|||50|]Sinistcha||ColburBerry|Hospitality|MatchaGotcha,ShadowBall,Protect,RagePowder|Bold|||||50|]Staraptor||Staraptite|Intimidate|CloseCombat,BraveBird,Tailwind,Protect|Jolly||M|||50|]Gholdengo||LifeOrb|GoodasGold|MakeItRain,ShadowBall,NastyPlot,Protect|Modest|||||50|
|
|t:|1784087145
|teamsize|p1|4
|teamsize|p2|4
|start
|switch|p1a: Sneasler|Sneasler, L50, F|100/100
|switch|p1b: Basculegion|Basculegion, L50, M, shiny|100/100
|switch|p2a: Staraptor|Staraptor, L50, M|100/100
|switch|p2b: Excadrill|Excadrill, L50, M|100/100
|-ability|p2a: Staraptor|Intimidate|boost
|-unboost|p1a: Sneasler|atk|1
|-unboost|p1b: Basculegion|atk|1
|turn|1
|
|t:|1784087163
|detailschange|p2a: Staraptor|Staraptor-Mega, L50, M
|-mega|p2a: Staraptor|Staraptor|Staraptite
|move|p1a: Sneasler|Fake Out|p2b: Excadrill
|-resisted|p2b: Excadrill|1
|-damage|p2b: Excadrill|93/100
|move|p1b: Basculegion|Flip Turn|p2a: Staraptor
|-damage|p2a: Staraptor|76/100
|
|t:|1784087169
|switch|p1b: Floette|Floette-Eternal, L50, F|100/100|[from] Flip Turn
|move|p2a: Staraptor|Tailwind|p2a: Staraptor
|-sidestart|p2: tooon|move: Tailwind
|cant|p2b: Excadrill|flinch
|
|upkeep
|turn|2
|
|t:|1784087215
|switch|p1a: Sinistcha|Sinistcha, L50|100/100
|move|p1b: Floette|Protect|p1b: Floette
|-singleturn|p1b: Floette|Protect
|move|p2a: Staraptor|Brave Bird|p1a: Sinistcha
|-supereffective|p1a: Sinistcha|1
|-damage|p1a: Sinistcha|0 fnt
|faint|p1a: Sinistcha
|-damage|p2a: Staraptor|42/100|[from] Recoil
|move|p2b: Excadrill|Iron Head|p1b: Floette
|-activate|p1b: Floette|move: Protect
|
|upkeep
|
|t:|1784087227
|switch|p1a: Sneasler|Sneasler, L50, F|100/100
|turn|3
|
|t:|1784087251
|switch|p2a: Gholdengo|Gholdengo, L50|100/100
|detailschange|p1b: Floette|Floette-Mega, L50, F
|-mega|p1b: Floette|Floette|Floettite
|-ability|p1b: Floette|Fairy Aura
|move|p1a: Sneasler|Fake Out|p2b: Excadrill
|-resisted|p2b: Excadrill|1
|-damage|p2b: Excadrill|82/100
|cant|p2b: Excadrill|flinch
|move|p1b: Floette|Draining Kiss|p2a: Gholdengo
|-resisted|p2a: Gholdengo|1
|-damage|p2a: Gholdengo|76/100
|
|upkeep
|turn|4
|
|t:|1784087287
|switch|p2a: Staraptor|Staraptor-Mega, L50, M|42/100
|move|p1b: Floette|Protect|p1b: Floette
|-singleturn|p1b: Floette|Protect
|move|p2b: Excadrill|Earthquake|p1a: Sneasler|[spread] p1a
|-activate|p1b: Floette|move: Protect
|-immune|p2a: Staraptor
|-supereffective|p1a: Sneasler|1
|-enditem|p1a: Sneasler|Focus Sash
|-damage|p1a: Sneasler|1/100
|move|p1a: Sneasler|Close Combat|p2b: Excadrill
|-supereffective|p2b: Excadrill|1
|-crit|p2b: Excadrill
|-damage|p2b: Excadrill|0 fnt
|-unboost|p1a: Sneasler|def|1
|-unboost|p1a: Sneasler|spd|1
|faint|p2b: Excadrill
|
|-sideend|p2: tooon|move: Tailwind
|upkeep
|
|t:|1784087303
|switch|p2b: Gholdengo|Gholdengo, L50|76/100
|turn|5
|
|t:|1784087336
|move|p1a: Sneasler|Rock Slide|p2a: Staraptor|[spread] p2a,p2b
|-resisted|p2b: Gholdengo|1
|-damage|p2a: Staraptor|21/100
|-damage|p2b: Gholdengo|63/100
|cant|p2a: Staraptor|flinch
|move|p2b: Gholdengo|Make It Rain|p1b: Floette|[spread] p1b
|-miss|p2b: Gholdengo|p1a: Sneasler
|-supereffective|p1b: Floette|1
|-crit|p1b: Floette
|-damage|p1b: Floette|0 fnt
|-unboost|p2b: Gholdengo|spa|2
|faint|p1b: Floette
|-damage|p2b: Gholdengo|53/100|[from] item: Life Orb
|
|upkeep
|
|t:|1784087350
|switch|p1b: Basculegion|Basculegion, L50, M, shiny|100/100
|turn|6
|
|t:|1784087383
|move|p1a: Sneasler|Dire Claw|p2a: Staraptor
|-damage|p2a: Staraptor|0 fnt
|faint|p2a: Staraptor
|move|p1b: Basculegion|Wave Crash|p2b: Gholdengo
|-damage|p2b: Gholdengo|0 fnt
|faint|p2b: Gholdengo
|-damage|p1b: Basculegion|85/100|[from] Recoil
|
|upkeep
|
|t:|1784087388
|switch|p2b: Tyranitar|Tyranitar, L50, F|100/100
|-weather|Sandstorm|[from] ability: Sand Stream|[of] p2b: Tyranitar
|turn|7
|
|t:|1784087399
|move|p1a: Sneasler|Close Combat|p2b: Tyranitar
|-supereffective|p2b: Tyranitar|2
|-damage|p2b: Tyranitar|0 fnt
|-unboost|p1a: Sneasler|def|1
|-unboost|p1a: Sneasler|spd|1
|faint|p2b: Tyranitar
|
|win|Nachom2003
|raw|Nachom2003's rating: 1171 → 1201(+30 for winning)
|raw|tooon's rating: 1243 → 1213(-30 for losing)
|l|☆Nachom2003
|player|p1|
