|j|☆vilan333
|j|☆jonas.weevil
|html|vilan333jonas.weevil    
|uhtml|bestof|Game 1 of a best-of-3
|t:|1785959308
|gametype|doubles
|player|p1|vilan333|marshal|1281
|player|p2|jonas.weevil|1|1400
|gen|9
|tier|[Gen 9 Champions] VGC 2026 Reg M-B (Bo3)
|rated|
|rule|Species Clause: Limit one of each Pokémon
|rule|Item Clause: Limit 1 of each item
|clearpoke
|poke|p1|Raichu, L50, M|
|poke|p1|Staraptor, L50, F|
|poke|p1|Arcanine-Hisui, L50, F|
|poke|p1|Kingambit, L50, F|
|poke|p1|Sylveon, L50, F|
|poke|p1|Farigiraf, L50, M|
|poke|p2|Delphox, L50, M, shiny|
|poke|p2|Incineroar, L50, M|
|poke|p2|Sinistcha-Masterpiece, L50|
|poke|p2|Sneasler, L50, M|
|poke|p2|Floette-Eternal, L50, F|
|poke|p2|Kingambit, L50, M|
|teampreview|4
|showteam|p1|Raichu||RaichuniteY|LightningRod|Protect,FakeOut,ZapCannon,FocusBlast|Timid||M|||50|]Staraptor||Staraptite|Intimidate|Protect,CloseCombat,BraveBird,Tailwind|Jolly||F|||50|]Arcanine-Hisui||FocusSash|RockHead|Protect,HeadSmash,FlareBlitz,ExtremeSpeed|Adamant||F|||50|]Kingambit||LifeOrb|Defiant|Protect,KowtowCleave,SuckerPunch,SwordsDance|Adamant||F|||50|]Sylveon||FairyFeather|Pixilate|Protect,HyperBeam,HyperVoice,QuickAttack|Modest||F|||50|]Farigiraf||SitrusBerry|ArmorTail|Protect,Psychic,HelpingHand,TrickRoom|Calm||M|||50|
|showteam|p2|Delphox||Delphoxite|Blaze|Psychic,HeatWave,NastyPlot,Protect|Timid||M|||50|]Incineroar||SitrusBerry|Intimidate|FlareBlitz,ThroatChop,PartingShot,FakeOut|Careful||M|||50|]Sinistcha-Masterpiece||OccaBerry|Hospitality|MatchaGotcha,RagePowder,TrickRoom,Protect|Bold|||||50|]Sneasler||FocusSash|PoisonTouch|CloseCombat,PoisonJab,QuickGuard,FakeOut|Jolly||M|||50|]Floette-Eternal||Floettite|FlowerVeil|DrainingKiss,DazzlingGleam,CalmMind,Protect|Timid||F|||50|]Kingambit||LifeOrb|Defiant|KowtowCleave,SuckerPunch,SwordsDance,Protect|Adamant||M|||50|
|inactive|Battle timer is ON: inactive players will automatically lose when time's up. (requested by vilan333)
|inactive|jonas.weevil has 60 seconds left.
|inactive|jonas.weevil has 30 seconds left.
|
|t:|1785959404
|teamsize|p1|4
|teamsize|p2|4
|start
|switch|p1a: Sylveon|Sylveon, L50, F|100/100
|switch|p1b: Raichu|Raichu, L50, M|100/100
|switch|p2a: Zuck|Sneasler, L50, M|100/100
|switch|p2b: Trump|Floette-Eternal, L50, F|100/100
|turn|1
|inactive|jonas.weevil has 30 seconds left.
|inactive|jonas.weevil has 20 seconds left.
|
|t:|1785959442
|switch|p2a: Benjamin|Incineroar, L50, M|100/100
|-ability|p2a: Benjamin|Intimidate|boost
|-unboost|p1a: Sylveon|atk|1
|-unboost|p1b: Raichu|atk|1
|detailschange|p1b: Raichu|Raichu-Mega-Y, L50, M
|-mega|p1b: Raichu|Raichu|Raichunite Y
|detailschange|p2b: Trump|Floette-Mega, L50, F
|-mega|p2b: Trump|Floette|Floettite
|-ability|p2b: Trump|Fairy Aura
|move|p2b: Trump|Protect|p2b: Trump
|-singleturn|p2b: Trump|Protect
|move|p1b: Raichu|Fake Out|p2a: Benjamin
|-damage|p2a: Benjamin|94/100
|move|p1a: Sylveon|Hyper Voice|p2b: Trump|[spread] p2a
|-activate|p2b: Trump|move: Protect
|-damage|p2a: Benjamin|46/100
|-enditem|p2a: Benjamin|Sitrus Berry|[eat]
|-heal|p2a: Benjamin|71/100|[from] item: Sitrus Berry
|
|upkeep
|turn|2
|
|t:|1785959464
|switch|p1a: Farigiraf|Farigiraf, L50, M|100/100
|move|p2a: Benjamin|Fake Out||[still]
|cant|p1a: Farigiraf|ability: Armor Tail|Fake Out|[of] p2a: Benjamin
|move|p1b: Raichu|Zap Cannon|p2b: Trump
|-damage|p2b: Trump|58/100
|-status|p2b: Trump|par
|move|p2b: Trump|Calm Mind|p2b: Trump
|-boost|p2b: Trump|spa|1
|-boost|p2b: Trump|spd|1
|
|upkeep
|turn|3
|inactive|vilan333 has 30 seconds left.
|inactive|jonas.weevil has 30 seconds left.
|inactive|jonas.weevil has 20 seconds left.
|inactive|jonas.weevil has 15 seconds left.
|inactive|jonas.weevil has 10 seconds left.
|
|t:|1785959510
|switch|p2a: Melania|Sinistcha-Masterpiece, L50|100/100
|-heal|p2b: Trump|82/100 par|[from] ability: Hospitality|[of] p2a: Melania
|move|p1b: Raichu|Zap Cannon|p2a: Melania
|-resisted|p2a: Melania|1
|-damage|p2a: Melania|69/100
|-status|p2a: Melania|par
|cant|p2b: Trump|par
|move|p1a: Farigiraf|Psychic|p2b: Trump
|-damage|p2b: Trump|65/100 par
|
|upkeep
|turn|4
|inactive|jonas.weevil has 30 seconds left.
|
|t:|1785959544
|switch|p1b: Sylveon|Sylveon, L50, F|100/100
|switch|p2a: Benjamin|Incineroar, L50, M|71/100
|-ability|p2a: Benjamin|Intimidate|boost
|-unboost|p1a: Farigiraf|atk|1
|-unboost|p1b: Sylveon|atk|1
|move|p2b: Trump|Draining Kiss|p1b: Sylveon
|-damage|p1b: Sylveon|57/100
|-heal|p2b: Trump|98/100 par|[from] drain|[of] p1b: Sylveon
|move|p1a: Farigiraf|Psychic|p2b: Trump
|-damage|p2b: Trump|81/100 par
|
|upkeep
|turn|5
|
|t:|1785959563
|move|p1a: Farigiraf|Helping Hand|p1b: Sylveon
|-singleturn|p1b: Sylveon|Helping Hand|[of] p1a: Farigiraf
|move|p2a: Benjamin|Parting Shot|p1b: Sylveon
|-unboost|p1b: Sylveon|atk|1
|-unboost|p1b: Sylveon|spa|1
|
|t:|1785959578
|switch|p2a: Zuck|Sneasler, L50, M|100/100|[from] Parting Shot
|move|p2b: Trump|Calm Mind|p2b: Trump
|-boost|p2b: Trump|spa|1
|-boost|p2b: Trump|spd|1
|move|p1b: Sylveon|Hyper Voice|p2b: Trump|[spread] p2a,p2b
|-damage|p2a: Zuck|17/100
|-damage|p2b: Trump|58/100 par
|
|upkeep
|turn|6
|
|t:|1785959600
|switch|p2a: Melania|Sinistcha-Masterpiece, L50|69/100 par
|-heal|p2b: Trump|82/100 par|[from] ability: Hospitality|[of] p2a: Melania
|switch|p1b: Raichu|Raichu-Mega-Y, L50, M|100/100
|move|p2b: Trump|Dazzling Gleam|p1b: Raichu|[spread] p1a,p1b
|-damage|p1a: Farigiraf|34/100
|-damage|p1b: Raichu|0 fnt
|-enditem|p1a: Farigiraf|Sitrus Berry|[eat]
|-heal|p1a: Farigiraf|59/100|[from] item: Sitrus Berry
|faint|p1b: Raichu
|move|p1a: Farigiraf|Psychic|p2a: Melania
|-damage|p2a: Melania|38/100 par
|
|upkeep
|
|t:|1785959615
|switch|p1b: Sylveon|Sylveon, L50, F|57/100
|turn|7
|
|t:|1785959626
|switch|p2a: Benjamin|Incineroar, L50, M|71/100
|-ability|p2a: Benjamin|Intimidate|boost
|-unboost|p1a: Farigiraf|atk|1
|-unboost|p1b: Sylveon|atk|1
|move|p1a: Farigiraf|Helping Hand|p1b: Sylveon
|-singleturn|p1b: Sylveon|Helping Hand|[of] p1a: Farigiraf
|move|p2b: Trump|Dazzling Gleam|p1b: Sylveon|[spread] p1a,p1b
|-damage|p1a: Farigiraf|0 fnt
|-damage|p1b: Sylveon|0 fnt
|faint|p1a: Farigiraf
|faint|p1b: Sylveon
|
|upkeep
|
|t:|1785959640
|switch|p1b: Arcanine|Arcanine-Hisui, L50, F|100/100
|turn|8
|-message|vilan333 forfeited.
|
|win|jonas.weevil
|l|☆vilan333
|player|p1|
|j|☆vilan333
|player|p1|vilan333|marshal|
