|j|☆bobovile
|j|☆Togore Gaming
|html|bobovileTogore Gaming    
|uhtml|bestof|Game 2 of a best-of-3
|t:|1756335231
|gametype|doubles
|player|p1|bobovile|ruinmaniac|1162
|player|p2|Togore Gaming|richboy-gen4|1244
|gen|9
|tier|[Gen 9] VGC 2025 Reg H (Bo3)
|rated|
|rule|Species Clause: Limit one of each Pokémon
|rule|Item Clause: Limit 1 of each item
|clearpoke
|poke|p1|Tyranitar, L50, M|
|poke|p1|Excadrill, L50, M|
|poke|p1|Gastrodon-East, L50, F|
|poke|p1|Talonflame, L50, F|
|poke|p1|Gallade, L50, M|
|poke|p1|Tsareena, L50, F|
|poke|p2|Indeedee, L50, M|
|poke|p2|Sneasler, L50, M|
|poke|p2|Drifblim, L50, M|
|poke|p2|Ursaluna-Bloodmoon, L50, M|
|poke|p2|Electabuzz, L50, F|
|poke|p2|Corviknight, L50, M|
|teampreview|4
|showteam|p1|Tyranitar||AssaultVest|SandStream|TeraBlast,RockSlide,KnockOff,LowKick|||M|||50|,,,,,Flying]Excadrill||LifeOrb|SandRush|Protect,HighHorsepower,IronHead,Earthquake|||M|||50|,,,,,Flying]Gastrodon-East||SitrusBerry|StormDrain|ClearSmog,Protect,MuddyWater,EarthPower|||F|||50|,,,,,Fire]Talonflame||SafetyGoggles|GaleWings|Tailwind,Taunt,FlareBlitz,DualWingbeat|||F|||50|,,,,,Ghost]Gallade||ClearAmulet|Sharpness|Protect,SacredSword,PsychoCut,TrickRoom|||M|||50|,,,,,Steel]Tsareena||WideLens|QueenlyMajesty|Protect,Taunt,PowerWhip,TripleAxel|||F|||50|,,,,,Fire
|showteam|p2|Indeedee||FocusSash|PsychicSurge|ExpandingForce,TeraBlast,Imprison,TrickRoom|||M|||50|,,,,,Ground]Sneasler||WhiteHerb|Unburden|DireClaw,CloseCombat,ThroatChop,Protect|||M|||50|,,,,,Dark]Drifblim||PsychicSeed|Unburden|Acrobatics,WillOWisp,Tailwind,Haze|||M|||50|,,,,,Grass]Ursaluna-Bloodmoon||LifeOrb|MindsEye|BloodMoon,HyperVoice,EarthPower,Protect|||M|||50|,,,,,Normal]Electabuzz||Eviolite|VitalSpirit|Electroweb,FollowMe,Taunt,Protect|||F|||50|,,,,,Dragon]Corviknight||SitrusBerry|MirrorArmor|BraveBird,BodyPress,BulkUp,Roost|||M|||50|,,,,,Fire
|inactive|Battle timer is ON: inactive players will automatically lose when time's up. (requested by Togore Gaming)
|inactive|bobovile has 60 seconds left.
|
|t:|1756335266
|teamsize|p1|4
|teamsize|p2|4
|start
|switch|p1a: Gallade|Gallade, L50, M|100/100
|switch|p1b: Tyranitar|Tyranitar, L50, M|100/100
|switch|p2a: Indeedee|Indeedee, L50, M|100/100
|switch|p2b: Drifblim|Drifblim, L50, M|100/100
|-fieldstart|move: Psychic Terrain|[from] ability: Psychic Surge|[of] p2a: Indeedee
|-enditem|p2b: Drifblim|Psychic Seed
|-boost|p2b: Drifblim|spd|1|[from] item: Psychic Seed
|-weather|Sandstorm|[from] ability: Sand Stream|[of] p1b: Tyranitar
|turn|1
|
|t:|1756335288
|switch|p1b: Gastrodon|Gastrodon-East, L50, F|100/100
|move|p2b: Drifblim|Will-O-Wisp|p1b: Gastrodon
|-status|p1b: Gastrodon|brn
|move|p2a: Indeedee|Expanding Force|p1b: Gastrodon|[spread] p1a,p1b
|-damage|p1a: Gallade|55/100
|-damage|p1b: Gastrodon|53/100 brn
|move|p1a: Gallade|Trick Room|p1a: Gallade
|-fieldstart|move: Trick Room|[of] p1a: Gallade
|
|-weather|Sandstorm|[upkeep]
|-damage|p1a: Gallade|50/100|[from] Sandstorm
|-damage|p2a: Indeedee|95/100|[from] Sandstorm
|-damage|p2b: Drifblim|94/100|[from] Sandstorm
|-damage|p1b: Gastrodon|47/100 brn|[from] brn
|upkeep
|-enditem|p1b: Gastrodon|Sitrus Berry|[eat]
|-heal|p1b: Gastrodon|72/100 brn|[from] item: Sitrus Berry
|turn|2
|
|t:|1756335309
|move|p1b: Gastrodon|Muddy Water|p2b: Drifblim|[spread] p2a,p2b
|-damage|p2a: Indeedee|62/100
|-damage|p2b: Drifblim|76/100
|-unboost|p2b: Drifblim|accuracy|1
|move|p1a: Gallade|Psycho Cut|p2b: Drifblim
|-damage|p2b: Drifblim|10/100
|move|p2b: Drifblim|Acrobatics|p1a: Gallade
|-supereffective|p1a: Gallade
|-damage|p1a: Gallade|0 fnt
|faint|p1a: Gallade
|move|p2a: Indeedee|Trick Room|p2a: Indeedee
|-fieldend|move: Trick Room
|
|-weather|Sandstorm|[upkeep]
|-damage|p2b: Drifblim|4/100|[from] Sandstorm
|-damage|p2a: Indeedee|56/100|[from] Sandstorm
|-damage|p1b: Gastrodon|66/100 brn|[from] brn
|upkeep
|
|t:|1756335324
|switch|p1a: Tyranitar|Tyranitar, L50, M|100/100
|turn|3
|
|t:|1756335336
|move|p2b: Drifblim|Will-O-Wisp|p1a: Tyranitar
|-status|p1a: Tyranitar|brn
|move|p2a: Indeedee|Expanding Force|p1b: Gastrodon|[spread] p1b
|-immune|p1a: Tyranitar
|-damage|p1b: Gastrodon|17/100 brn
|move|p1a: Tyranitar|Rock Slide|p2a: Indeedee|[spread] p2a,p2b
|-supereffective|p2b: Drifblim
|-damage|p2a: Indeedee|23/100
|-damage|p2b: Drifblim|0 fnt
|faint|p2b: Drifblim
|move|p1b: Gastrodon|Muddy Water|p2a: Indeedee
|-damage|p2a: Indeedee|0 fnt
|faint|p2a: Indeedee
|
|-weather|Sandstorm|[upkeep]
|-damage|p1a: Tyranitar|95/100 brn|[from] brn
|-damage|p1b: Gastrodon|11/100 brn|[from] brn
|upkeep
|
|t:|1756335346
|switch|p2a: Corviknight|Corviknight, L50, M|100/100
|switch|p2b: Sneasler|Sneasler, L50, M|100/100
|turn|4
|
|t:|1756335365
|-terastallize|p2b: Sneasler|Dark
|move|p2b: Sneasler|Close Combat|p1a: Tyranitar
|-supereffective|p1a: Tyranitar
|-damage|p1a: Tyranitar|0 fnt
|-unboost|p2b: Sneasler|def|1
|-unboost|p2b: Sneasler|spd|1
|faint|p1a: Tyranitar
|-enditem|p2b: Sneasler|White Herb
|-clearnegativeboost|p2b: Sneasler|[silent]
|move|p2a: Corviknight|Body Press|p1b: Gastrodon
|-damage|p1b: Gastrodon|0 fnt
|faint|p1b: Gastrodon
|
|-weather|Sandstorm|[upkeep]
|-damage|p2b: Sneasler|95/100|[from] Sandstorm
|upkeep
|
|t:|1756335380
|switch|p1b: Tsareena|Tsareena, L50, F|100/100
|turn|5
|
|t:|1756335393
|move|p2b: Sneasler|Dire Claw|p1b: Tsareena
|-supereffective|p1b: Tsareena
|-damage|p1b: Tsareena|9/100
|-status|p1b: Tsareena|psn
|move|p1b: Tsareena|Power Whip|p2b: Sneasler
|-damage|p2b: Sneasler|0 fnt
|faint|p2b: Sneasler
|move|p2a: Corviknight|Bulk Up|p2a: Corviknight
|-boost|p2a: Corviknight|atk|1
|-boost|p2a: Corviknight|def|1
|
|-weather|none
|-damage|p1b: Tsareena|0 fnt|[from] psn
|faint|p1b: Tsareena
|
|win|Togore Gaming
|inactive|bobovile has 30 seconds to confirm battle start!
|inactive|Togore Gaming has 30 seconds to confirm battle start!
||Togore Gaming is ready for game 3.
||bobovile is ready for game 3.
|uhtml|next|Next: Game 3 of 3
