|j|☆Rafax
|j|☆PigsPigsPigsPigs
|html|RafaxPigsPigsPigsPigs    
|uhtml|bestof|Game 1 of a best-of-3
|t:|1756598381
|gametype|doubles
|player|p1|Rafax|preschooler|1194
|player|p2|PigsPigsPigsPigs|marley|1164
|gen|9
|tier|[Gen 9] VGC 2025 Reg H (Bo3)
|rated|
|rule|Species Clause: Limit one of each Pokémon
|rule|Item Clause: Limit 1 of each item
|clearpoke
|poke|p1|Indeedee-F, L50, F|
|poke|p1|Delphox, L50, F|
|poke|p1|Mienshao, L50, F|
|poke|p1|Murkrow, L50, M|
|poke|p1|Basculegion, L50, M|
|poke|p1|Sneasler, L50, M|
|poke|p2|Garchomp, L50, F|
|poke|p2|Maushold-Four, L50|
|poke|p2|Grimmsnarl, L50, M|
|poke|p2|Volcarona, L50, F|
|poke|p2|Rillaboom, L50, M|
|poke|p2|Sneasler, L50, F|
|teampreview|4
|showteam|p1|Indeedee-F||SafetyGoggles|PsychicSurge|Imprison,FollowMe,HelpingHand,TrickRoom|||F|||50|,,,,,Fairy]Delphox||LifeOrb|Blaze|ExpandingForce,HeatWave,FocusBlast,Protect|||F|||50|,,,,,Psychic]Mienshao||FocusSash|InnerFocus|DrainPunch,KnockOff,Taunt,WideGuard|||F|||50|,,,,,Dark]Murkrow||Eviolite|Prankster|FoulPlay,Tailwind,Haze,SunnyDay|||M|||50|,,,,,Ghost]Basculegion||ChoiceScarf|Adaptability|WaveCrash,FlipTurn,LastRespects,TeraBlast|||M|||50|,,,,,Grass]Sneasler||PsychicSeed|Unburden|CloseCombat,DireClaw,Acrobatics,Protect|||M|||50|,,,,,Flying
|showteam|p2|Garchomp||LoadedDice|RoughSkin|ScaleShot,SwordsDance,StompingTantrum,Protect|||F|||50|,,,,,Fire]Maushold-Four||WideLens|Technician|PopulationBomb,Taunt,FollowMe,Protect||||||50|,,,,,Normal]Grimmsnarl||LightClay|Prankster|ThunderWave,LightScreen,Reflect,SpiritBreak|||M|||50|,,,,,Steel]Volcarona||SafetyGoggles|FlameBody|FieryDance,Protect,QuiverDance,GigaDrain|||F|||50|,,,,,Ground]Rillaboom||AssaultVest|GrassySurge|FakeOut,WoodHammer,Uturn,KnockOff|||M|||50|,,,,,Poison]Sneasler||GrassySeed|Unburden|DireClaw,CloseCombat,Acrobatics,Protect|||F|||50|,,,,,Flying
|inactive|Battle timer is ON: inactive players will automatically lose when time's up. (requested by Rafax)
|
|t:|1756598428
|teamsize|p1|4
|teamsize|p2|4
|start
|switch|p1a: Indeedee|Indeedee-F, L50, F, shiny|100/100
|switch|p1b: Delphox|Delphox, L50, F|100/100
|switch|p2a: Garchomp|Garchomp, L50, F|100/100
|switch|p2b: Rillaboom|Rillaboom, L50, M|100/100
|-fieldstart|move: Grassy Terrain|[from] ability: Grassy Surge|[of] p2b: Rillaboom
|-fieldstart|move: Psychic Terrain|[from] ability: Psychic Surge|[of] p1a: Indeedee
|turn|1
|
|t:|1756598444
|-terastallize|p1b: Delphox|Psychic
|move|p1a: Indeedee|Follow Me|p1a: Indeedee
|-singleturn|p1a: Indeedee|move: Follow Me
|move|p1b: Delphox|Expanding Force|p2b: Rillaboom|[spread] p2a,p2b
|-damage|p2a: Garchomp|12/100
|-damage|p2b: Rillaboom|34/100
|-damage|p1b: Delphox|90/100|[from] item: Life Orb
|move|p2a: Garchomp|Scale Shot|p1a: Indeedee|[miss]
|-miss|p2a: Garchomp|p1a: Indeedee
|move|p2b: Rillaboom|U-turn|p1a: Indeedee
|-supereffective|p1a: Indeedee
|-damage|p1a: Indeedee|53/100
|
|t:|1756598459
|switch|p2b: Volcarona|Volcarona, L50, F|100/100|[from] U-turn
|
|upkeep
|turn|2
|inactive|Rafax has 30 seconds left.
|
|t:|1756598492
|switch|p2a: Rillaboom|Rillaboom, L50, M|34/100
|-fieldstart|move: Grassy Terrain|[from] ability: Grassy Surge|[of] p2a: Rillaboom
|move|p1a: Indeedee|Follow Me|p1a: Indeedee
|-singleturn|p1a: Indeedee|move: Follow Me
|move|p1b: Delphox|Expanding Force|p2a: Rillaboom
|-damage|p2a: Rillaboom|0 fnt
|faint|p2a: Rillaboom
|-damage|p1b: Delphox|80/100|[from] item: Life Orb
|move|p2b: Volcarona|Quiver Dance|p2b: Volcarona
|-boost|p2b: Volcarona|spa|1
|-boost|p2b: Volcarona|spd|1
|-boost|p2b: Volcarona|spe|1
|
|-heal|p1b: Delphox|86/100|[from] Grassy Terrain
|-heal|p1a: Indeedee|59/100|[from] Grassy Terrain
|upkeep
|
|t:|1756598513
|switch|p2a: Sneasler|Sneasler, L50, F|100/100
|-enditem|p2a: Sneasler|Grassy Seed
|-boost|p2a: Sneasler|def|1|[from] item: Grassy Seed
|turn|3
|
|t:|1756598525
|switch|p1a: Basculegion|Basculegion, L50, M|100/100
|-terastallize|p2a: Sneasler|Flying
|move|p1b: Delphox|Protect|p1b: Delphox
|-singleturn|p1b: Delphox|Protect
|move|p2a: Sneasler|Acrobatics|p1a: Basculegion
|-damage|p1a: Basculegion|24/100
|move|p2b: Volcarona|Fiery Dance|p1b: Delphox
|-activate|p1b: Delphox|move: Protect
|
|-heal|p1a: Basculegion|30/100|[from] Grassy Terrain
|-heal|p1b: Delphox|92/100|[from] Grassy Terrain
|upkeep
|turn|4
|inactive|Rafax has 30 seconds left.
|inactive|Rafax has 20 seconds left.
|inactive|Rafax has 15 seconds left.
|inactive|Rafax has 10 seconds left.
|
|t:|1756598570
|switch|p1b: Indeedee|Indeedee-F, L50, F, shiny|59/100
|-fieldstart|move: Psychic Terrain|[from] ability: Psychic Surge|[of] p1b: Indeedee
|move|p2a: Sneasler|Acrobatics|p1a: Basculegion
|-damage|p1a: Basculegion|0 fnt
|faint|p1a: Basculegion
|move|p2b: Volcarona|Fiery Dance|p1b: Indeedee
|-damage|p1b: Indeedee|0 fnt
|-boost|p2b: Volcarona|spa|1
|faint|p1b: Indeedee
|
|upkeep
|
|t:|1756598577
|switch|p1a: Delphox|Delphox, L50, F, tera:Psychic|92/100
|switch|p1b: Sneasler|Sneasler, L50, M|100/100
|-enditem|p1b: Sneasler|Psychic Seed
|-boost|p1b: Sneasler|spd|1|[from] item: Psychic Seed
|turn|5
|
|t:|1756598600
|move|p2a: Sneasler|Acrobatics|p1b: Sneasler
|-supereffective|p1b: Sneasler
|-damage|p1b: Sneasler|0 fnt
|faint|p1b: Sneasler
|move|p2b: Volcarona|Fiery Dance|p1a: Delphox
|-damage|p1a: Delphox|0 fnt
|faint|p1a: Delphox
|
|win|PigsPigsPigsPigs
||Rafax is ready for game 2.
