|j|☆Chelicerate1
|j|☆westarte33
|html|Chelicerate1westarte33    
|uhtml|bestof|Game 1 of a best-of-3
|t:|1785428005
|gametype|doubles
|player|p1|Chelicerate1|ethan|1413
|player|p2|westarte33|102|1412
|gen|9
|tier|[Gen 9 Champions] VGC 2026 Reg M-B (Bo3)
|rated|
|rule|Species Clause: Limit one of each Pokémon
|rule|Item Clause: Limit 1 of each item
|clearpoke
|poke|p1|Grimmsnarl, L50, M|
|poke|p1|Basculegion, L50, M|
|poke|p1|Charizard, L50, F|
|poke|p1|Pelipper, L50, M|
|poke|p1|Venusaur, L50, M|
|poke|p1|Archaludon, L50, M|
|poke|p2|Gardevoir, L50, M|
|poke|p2|Maushold-Four, L50|
|poke|p2|Kingambit, L50, F|
|poke|p2|Garchomp, L50, F|
|poke|p2|Talonflame, L50, M|
|poke|p2|Basculegion, L50, M|
|teampreview|4
|showteam|p1|Grimmsnarl||LightClay|Prankster|SpiritBreak,PartingShot,Reflect,LightScreen|Sassy||M|||50|]Basculegion||ChoiceScarf|Adaptability|LastRespects,WaveCrash,AquaJet,FlipTurn|Jolly||M|||50|]Charizard||CharizarditeY|Blaze|Protect,HeatWave,WeatherBall,SolarBeam|Modest||F|||50|]Pelipper||SitrusBerry|Drizzle|Hurricane,WeatherBall,Tailwind,WideGuard|Modest||M|||50|]Venusaur||FocusSash|Chlorophyll|SludgeBomb,SleepPowder,EarthPower,Protect|Modest||M|||50|]Archaludon||Leftovers|Stamina|ElectroShot,DragonPulse,FlashCannon,Protect|Calm||M|||50|
|showteam|p2|Gardevoir||Gardevoirite|Trace|HyperVoice,Psyshock,VacuumWave,Protect|Modest||M|||50|]Maushold-Four||FocusSash|FriendGuard|SuperFang,Taunt,FollowMe,Protect|Timid|||||50|]Kingambit||BlackGlasses|Defiant|KowtowCleave,Protect,SuckerPunch,IronHead|Adamant||F|||50|]Garchomp||LifeOrb|RoughSkin|DragonClaw,Earthquake,RockSlide,Protect|Jolly||F|||50|]Talonflame||SharpBeak|GaleWings|QuickGuard,Protect,Tailwind,BraveBird|Jolly||M|||50|]Basculegion||ChoiceScarf|Adaptability|WaveCrash,AquaJet,FlipTurn,LastRespects|Jolly||M|||50|
|inactive|Battle timer is ON: inactive players will automatically lose when time's up. (requested by Chelicerate1)
|
|t:|1785428034
|teamsize|p1|4
|teamsize|p2|4
|start
|switch|p1a: Charizard|Charizard, L50, F|100/100
|switch|p1b: Venusaur|Venusaur, L50, M|100/100
|switch|p2a: Gardevoir|Gardevoir, L50, M|100/100
|switch|p2b: Maushold|Maushold-Four, L50|100/100
|-ability|p2a: Gardevoir|Chlorophyll|Trace|[from] ability: Trace|[of] p1b: Venusaur
|turn|1
|
|t:|1785428058
|detailschange|p1a: Charizard|Charizard-Mega-Y, L50, F
|-mega|p1a: Charizard|Charizard|Charizardite Y
|-weather|SunnyDay|[from] ability: Drought|[of] p1a: Charizard
|detailschange|p2a: Gardevoir|Gardevoir-Mega, L50, M
|-mega|p2a: Gardevoir|Gardevoir|Gardevoirite
|move|p2b: Maushold|Follow Me|p2b: Maushold
|-singleturn|p2b: Maushold|move: Follow Me
|move|p1b: Venusaur|Sludge Bomb|p2b: Maushold
|-damage|p2b: Maushold|48/100
|move|p2a: Gardevoir|Psyshock|p1b: Venusaur
|-supereffective|p1b: Venusaur|1
|-enditem|p1b: Venusaur|Focus Sash
|-damage|p1b: Venusaur|1/100
|move|p1a: Charizard|Heat Wave|p2b: Maushold|[spread] p2a,p2b
|-damage|p2a: Gardevoir|54/100
|-damage|p2b: Maushold|0 fnt
|faint|p2b: Maushold
|
|-weather|SunnyDay|[upkeep]
|upkeep
|
|t:|1785428075
|switch|p2b: Garchomp|Garchomp, L50, F|100/100
|turn|2
|
|t:|1785428095
|move|p2a: Gardevoir|Vacuum Wave|p1b: Venusaur
|-resisted|p1b: Venusaur|1
|-damage|p1b: Venusaur|0 fnt
|faint|p1b: Venusaur
|move|p2b: Garchomp|Rock Slide|p1a: Charizard
|-supereffective|p1a: Charizard|2
|-damage|p1a: Charizard|0 fnt
|faint|p1a: Charizard
|-damage|p2b: Garchomp|90/100|[from] item: Life Orb
|
|-weather|SunnyDay|[upkeep]
|upkeep
|
|t:|1785428098
|switch|p1a: Pelipper|Pelipper, L50, M|100/100
|switch|p1b: Archaludon|Archaludon, L50, M|100/100
|-weather|RainDance|[from] ability: Drizzle|[of] p1a: Pelipper
|turn|3
|
|t:|1785428112
|move|p2b: Garchomp|Dragon Claw|p1a: Pelipper
|-damage|p1a: Pelipper|40/100
|-enditem|p1a: Pelipper|Sitrus Berry|[eat]
|-heal|p1a: Pelipper|65/100|[from] item: Sitrus Berry
|-damage|p2b: Garchomp|80/100|[from] item: Life Orb
|move|p2a: Gardevoir|Psyshock|p1a: Pelipper
|-damage|p1a: Pelipper|10/100
|move|p1b: Archaludon|Electro Shot||[still]
|-prepare|p1b: Archaludon|Electro Shot
|-boost|p1b: Archaludon|spa|1
|-anim|p1b: Archaludon|Electro Shot|p2a: Gardevoir
|-damage|p2a: Gardevoir|6/100
|move|p1a: Pelipper|Weather Ball|p2b: Garchomp
|-damage|p2b: Garchomp|15/100
|
|-weather|RainDance|[upkeep]
|upkeep
|turn|4
|inactive|westarte33 has 30 seconds left.
|
|t:|1785428139
|move|p1a: Pelipper|Wide Guard|p1a: Pelipper
|-singleturn|p1a: Pelipper|Wide Guard
|move|p2b: Garchomp|Dragon Claw|p1a: Pelipper
|-damage|p1a: Pelipper|0 fnt
|faint|p1a: Pelipper
|-damage|p2b: Garchomp|5/100|[from] item: Life Orb
|move|p2a: Gardevoir|Hyper Voice|p1b: Archaludon
|-activate|p1b: Archaludon|move: Wide Guard
|move|p1b: Archaludon|Electro Shot||[still]
|-prepare|p1b: Archaludon|Electro Shot
|-boost|p1b: Archaludon|spa|1
|-anim|p1b: Archaludon|Electro Shot|p2a: Gardevoir
|-damage|p2a: Gardevoir|0 fnt
|faint|p2a: Gardevoir
|
|-weather|RainDance|[upkeep]
|upkeep
|
|t:|1785428145
|switch|p2a: Talonflame|Talonflame, L50, M|100/100
|turn|5
|
|t:|1785428163
|move|p2a: Talonflame|Protect|p2a: Talonflame
|-singleturn|p2a: Talonflame|Protect
|move|p2b: Garchomp|Earthquake|p1b: Archaludon|[spread] p1b
|-activate|p2a: Talonflame|move: Protect
|-supereffective|p1b: Archaludon|1
|-crit|p1b: Archaludon
|-damage|p1b: Archaludon|0 fnt
|faint|p1b: Archaludon
|-damage|p2b: Garchomp|0 fnt|[from] item: Life Orb
|faint|p2b: Garchomp
|
|win|westarte33
