|j|☆Cactusmax
|j|☆pela10
|html|Cactusmaxpela10    
|uhtml|bestof|Game 1 of a best-of-3
|t:|1785955856
|gametype|doubles
|player|p1|Cactusmax|ballguy|
|player|p2|pela10|brycenman|
|gen|9
|tier|[Gen 9 Champions] VGC 2026 Reg M-B (Bo3)
|rule|Species Clause: Limit one of each Pokémon
|rule|Item Clause: Limit 1 of each item
|clearpoke
|poke|p1|Sneasler, L50, M|
|poke|p1|Blastoise, L50, M|
|poke|p1|Kingambit, L50, M|
|poke|p1|Incineroar, L50, M|
|poke|p1|Delphox, L50, F|
|poke|p1|Sinistcha, L50|
|poke|p2|Staraptor, L50, F|
|poke|p2|Arcanine-Hisui, L50, M|
|poke|p2|Kingambit, L50, M|
|poke|p2|Sylveon, L50, F|
|poke|p2|Raichu, L50, F|
|poke|p2|Farigiraf, L50, F|
|teampreview|4
|showteam|p1|Sneasler||FocusSash|PoisonTouch|PoisonJab,CloseCombat,FakeOut,QuickGuard|Jolly||M|||50|]Blastoise||Blastoisinite|RainDish|DarkPulse,WaterSpout,ShellSmash,Protect|Modest||M|||50|]Kingambit||LifeOrb|Defiant|KowtowCleave,SuckerPunch,SwordsDance,Protect|Adamant||M|||50|]Incineroar||SitrusBerry|Intimidate|FlareBlitz,HelpingHand,PartingShot,FakeOut|Careful||M|||50|]Delphox||Delphoxite|Blaze|HeatWave,NastyPlot,Psyshock,Protect|Modest||F|||50|]Sinistcha||OccaBerry|Hospitality|MatchaGotcha,RagePowder,TrickRoom,Protect|Bold|||||50|
|showteam|p2|Staraptor||Staraptite|Intimidate|DualWingbeat,CloseCombat,Tailwind,Protect|Jolly||F|||50|]Arcanine-Hisui||FocusSash|RockHead|FlareBlitz,HeadSmash,ExtremeSpeed,Protect|Jolly||M|||50|]Kingambit||LifeOrb|Defiant|KowtowCleave,SuckerPunch,SwordsDance,Protect|Adamant||M|||50|]Sylveon||FairyFeather|Pixilate|HyperVoice,HyperBeam,QuickAttack,Detect|Modest||F|||50|]Raichu||RaichuniteY|LightningRod|ZapCannon,FakeOut,Protect,FocusBlast|Timid||F|||50|]Farigiraf||SitrusBerry|ArmorTail|TwinBeam,HelpingHand,Protect,TrickRoom|Calm||F|||50|
|c|☆Cactusmax|hf
|c|☆pela10|Glhf
|inactive|Battle timer is ON: inactive players will automatically lose when time's up. (requested by pela10)
|
|t:|1785955900
|teamsize|p1|4
|teamsize|p2|4
|start
|switch|p1a: Blastoise|Blastoise, L50, M|100/100
|switch|p1b: Sinistcha|Sinistcha, L50|100/100
|switch|p2a: Raichu|Raichu, L50, F|100/100
|switch|p2b: Kingambit|Kingambit, L50, M|100/100
|turn|1
|inactive|Cactusmax has 30 seconds left.
|inactive|pela10 has 30 seconds left.
|inactive|Cactusmax has 20 seconds left.
|inactive|pela10 has 20 seconds left.
|inactive|Cactusmax has 15 seconds left.
|
|t:|1785955943
|detailschange|p2a: Raichu|Raichu-Mega-Y, L50, F
|-mega|p2a: Raichu|Raichu|Raichunite Y
|detailschange|p1a: Blastoise|Blastoise-Mega, L50, M
|-mega|p1a: Blastoise|Blastoise|Blastoisinite
|move|p2a: Raichu|Protect|p2a: Raichu
|-singleturn|p2a: Raichu|Protect
|move|p1a: Blastoise|Protect|p1a: Blastoise
|-singleturn|p1a: Blastoise|Protect
|move|p1b: Sinistcha|Protect|p1b: Sinistcha
|-singleturn|p1b: Sinistcha|Protect
|move|p2b: Kingambit|Swords Dance|p2b: Kingambit
|-boost|p2b: Kingambit|atk|2
|
|upkeep
|turn|2
|inactive|pela10 has 30 seconds left.
|
|t:|1785955974
|switch|p2a: Farigiraf|Farigiraf, L50, F|100/100
|switch|p1b: Sneasler|Sneasler, L50, M|100/100
|move|p1a: Blastoise|Water Spout|p2a: Farigiraf|[spread] p2a,p2b
|-damage|p2a: Farigiraf|41/100
|-damage|p2b: Kingambit|30/100
|-enditem|p2a: Farigiraf|Sitrus Berry|[eat]
|-heal|p2a: Farigiraf|66/100|[from] item: Sitrus Berry
|move|p2b: Kingambit|Kowtow Cleave|p1b: Sneasler
|-resisted|p1b: Sneasler|1
|-enditem|p1b: Sneasler|Focus Sash
|-damage|p1b: Sneasler|1/100
|-damage|p2b: Kingambit|20/100y|[from] item: Life Orb
|
|upkeep
|turn|3
|
|t:|1785955999
|move|p2b: Kingambit|Sucker Punch|p1a: Blastoise
|-damage|p1a: Blastoise|1/100
|-damage|p2b: Kingambit|11/100|[from] item: Life Orb
|move|p1b: Sneasler|Close Combat|p2b: Kingambit
|-supereffective|p2b: Kingambit|2
|-damage|p2b: Kingambit|0 fnt
|-unboost|p1b: Sneasler|def|1
|-unboost|p1b: Sneasler|spd|1
|faint|p2b: Kingambit
|move|p1a: Blastoise|Dark Pulse|p2a: Farigiraf
|-supereffective|p2a: Farigiraf|1
|-damage|p2a: Farigiraf|0 fnt
|faint|p2a: Farigiraf
|
|upkeep
|
|t:|1785956002
|switch|p2a: Raichu|Raichu-Mega-Y, L50, F|100/100
|switch|p2b: Arcanine|Arcanine-Hisui, L50, M|100/100
|turn|4
|inactive|Cactusmax has 30 seconds left.
|inactive|Cactusmax has 20 seconds left.
|inactive|Cactusmax has 15 seconds left.
|inactive|Cactusmax has 10 seconds left.
|
|t:|1785956050
|move|p1b: Sneasler|Quick Guard|p1b: Sneasler
|-singleturn|p1b: Sneasler|Quick Guard
|move|p2b: Arcanine|Extreme Speed|p1b: Sneasler
|-activate|p1b: Sneasler|move: Quick Guard
|move|p2a: Raichu|Zap Cannon|p1a: Blastoise
|-supereffective|p1a: Blastoise|1
|-damage|p1a: Blastoise|0 fnt
|faint|p1a: Blastoise
|
|upkeep
|
|t:|1785956074
|switch|p1a: Sinistcha|Sinistcha, L50|100/100
|-heal|p1b: Sneasler|25/100|[from] ability: Hospitality|[of] p1a: Sinistcha
|turn|5
|inactive|pela10 has 30 seconds left.
|
|t:|1785956099
|move|p2b: Arcanine|Protect|p2b: Arcanine
|-singleturn|p2b: Arcanine|Protect
|move|p2a: Raichu|Zap Cannon|p1a: Sinistcha
|-resisted|p1a: Sinistcha|1
|-damage|p1a: Sinistcha|68/100
|-status|p1a: Sinistcha|par
|move|p1b: Sneasler|Close Combat|p2b: Arcanine
|-activate|p2b: Arcanine|move: Protect
|move|p1a: Sinistcha|Matcha Gotcha|p2a: Raichu|[spread] p2a
|-activate|p2b: Arcanine|move: Protect
|-damage|p2a: Raichu|67/100
|-heal|p1a: Sinistcha|84/100 par|[from] drain|[of] p2a: Raichu
|
|upkeep
|turn|6
|
|t:|1785956120
|switch|p1b: Kingambit|Kingambit, L50, M|100/100
|move|p2a: Raichu|Zap Cannon|p1b: Kingambit
|-crit|p1b: Kingambit
|-damage|p1b: Kingambit|8/100
|-status|p1b: Kingambit|par
|move|p2b: Arcanine|Flare Blitz|p1a: Sinistcha
|-supereffective|p1a: Sinistcha|1
|-enditem|p1a: Sinistcha|Occa Berry|[eat]
|-enditem|p1a: Sinistcha|Occa Berry|[weaken]
|-damage|p1a: Sinistcha|34/100 par
|move|p1a: Sinistcha|Matcha Gotcha|p2a: Raichu|[spread] p2a,p2b
|-damage|p2a: Raichu|36/100
|-heal|p1a: Sinistcha|49/100 par|[from] drain|[of] p2a: Raichu
|-damage|p2b: Arcanine|67/100
|-heal|p1a: Sinistcha|65/100 par|[from] drain|[of] p2b: Arcanine
|
|upkeep
|turn|7
|inactive|Cactusmax has 30 seconds left.
|inactive|pela10 has 30 seconds left.
|inactive|Cactusmax has 20 seconds left.
|inactive|Cactusmax has 15 seconds left.
|inactive|Cactusmax has 10 seconds left.
|inactive|pela10 has 20 seconds left.
|inactive|pela10 has 15 seconds left.
|
|t:|1785956170
|move|p1b: Kingambit|Protect|p1b: Kingambit
|-singleturn|p1b: Kingambit|Protect
|move|p2a: Raichu|Focus Blast|p1b: Kingambit
|-activate|p1b: Kingambit|move: Protect
|move|p2b: Arcanine|Flare Blitz|p1a: Sinistcha
|-supereffective|p1a: Sinistcha|1
|-damage|p1a: Sinistcha|0 fnt
|faint|p1a: Sinistcha
|
|upkeep
|
|t:|1785956178
|switch|p1a: Sneasler|Sneasler, L50, M|25/100
|turn|8
|inactive|Cactusmax has 30 seconds left.
|
|t:|1785956204
|move|p2a: Raichu|Protect|p2a: Raichu
|-singleturn|p2a: Raichu|Protect
|move|p2b: Arcanine|Protect|p2b: Arcanine
|-singleturn|p2b: Arcanine|Protect
|move|p1a: Sneasler|Quick Guard|p1a: Sneasler
|-singleturn|p1a: Sneasler|Quick Guard
|cant|p1b: Kingambit|par
|
|upkeep
|turn|9
|inactive|Cactusmax has 30 seconds left.
|
|t:|1785956232
|move|p1a: Sneasler|Quick Guard|p1a: Sneasler
|-singleturn|p1a: Sneasler|Quick Guard
|move|p1b: Kingambit|Sucker Punch|p2a: Raichu
|-damage|p2a: Raichu|0 fnt
|faint|p2a: Raichu
|-damage|p1b: Kingambit|0 fnt|[from] item: Life Orb
|faint|p1b: Kingambit
|move|p2b: Arcanine|Flare Blitz|p1a: Sneasler
|-damage|p1a: Sneasler|0 fnt
|faint|p1a: Sneasler
|
|win|pela10
|l|☆pela10
|player|p2|
||pela10 is ready for game 2.
|inactive|Cactusmax has 30 seconds to confirm battle start!
||Cactusmax is ready for game 2.
|uhtml|next|Next: Game 2 of 3
