|j|☆dericos
|j|☆Bay13
|html|dericosBay13    
|uhtml|bestof|Game 1 of a best-of-3
|t:|1782250409
|gametype|doubles
|player|p1|dericos|102|1125
|player|p2|Bay13|265|1035
|gen|9
|tier|[Gen 9 Champions] VGC 2026 Reg M-B (Bo3)
|rated|
|rule|Species Clause: Limit one of each Pokémon
|rule|Item Clause: Limit 1 of each item
|clearpoke
|poke|p1|Swampert, L50, F|
|poke|p1|Pelipper, L50, F|
|poke|p1|Archaludon, L50, F|
|poke|p1|Sinistcha, L50|
|poke|p1|Maushold-Four, L50|
|poke|p1|Gholdengo, L50|
|poke|p2|Gengar, L50, M|
|poke|p2|Archaludon, L50, M|
|poke|p2|Politoed, L50, F|
|poke|p2|Scrafty, L50, F|
|poke|p2|Espathra, L50, M|
|poke|p2|Farigiraf, L50, F|
|teampreview|4
|showteam|p1|Swampert||Swampertite|Torrent|WaveCrash,HighHorsepower,IcePunch,Protect|Adamant||F|||50|]Pelipper||SitrusBerry|Drizzle|WeatherBall,Hurricane,Tailwind,WideGuard|Modest||F|||50|]Archaludon||Leftovers|Stamina|ElectroShot,DragonPulse,FlashCannon,Protect|Calm||F|||50|]Sinistcha||KasibBerry|Hospitality|RagePowder,MatchaGotcha,TrickRoom,Protect|Bold|||||50|]Maushold-Four||FocusSash|FriendGuard|FollowMe,SuperFang,RainDance,Protect|Timid|||||50|]Gholdengo||LifeOrb|GoodasGold|MakeItRain,ShadowBall,NastyPlot,Protect|Modest|||||50|
|showteam|p2|Gengar||Gengarite|CursedBody|SludgeWave,ShadowBall,Taunt,Protect|Timid||M|||50|]Archaludon||ChopleBerry|Stalwart|ElectroShot,DracoMeteor,FlashCannon,Protect|Timid||M|||50|]Politoed||SitrusBerry|Drizzle|IcyWind,PerishSong,Encore,Protect|Calm||F|||50|]Scrafty||Scraftinite|Intimidate|FakeOut,KnockOff,CloseCombat,Detect|Adamant||F|||50|]Espathra||FocusSash|SpeedBoost|LuminaCrash,CalmMind,BatonPass,Protect|Modest||M|||50|]Farigiraf||MentalHerb|ArmorTail|Psychic,HyperVoice,TrickRoom,Protect|Sassy||F|||50|
|inactive|Battle timer is ON: inactive players will automatically lose when time's up. (requested by Bay13)
|
|t:|1782250436
|teamsize|p1|4
|teamsize|p2|4
|start
|switch|p1a: Archaludon|Archaludon, L50, F|100/100
|switch|p1b: Maushold|Maushold-Four, L50|100/100
|switch|p2a: Farigiraf|Farigiraf, L50, F|100/100
|switch|p2b: Scrafty|Scrafty, L50, F|100/100
|-ability|p2b: Scrafty|Intimidate|boost
|-unboost|p1a: Archaludon|atk|1
|-unboost|p1b: Maushold|atk|1
|turn|1
|inactive|dericos has 30 seconds left.
|inactive|dericos has 20 seconds left.
|inactive|dericos has 15 seconds left.
|inactive|dericos has 10 seconds left.
|
|t:|1782250482
|move|p2b: Scrafty|Fake Out|p1b: Maushold
|-damage|p1b: Maushold|86/100
|cant|p1b: Maushold|flinch
|move|p1a: Archaludon|Electro Shot||[still]
|-prepare|p1a: Archaludon|Electro Shot
|-boost|p1a: Archaludon|spa|1
|move|p2a: Farigiraf|Trick Room|p2a: Farigiraf
|-fieldstart|move: Trick Room|[of] p2a: Farigiraf
|
|upkeep
|turn|2
|
|t:|1782250502
|move|p1b: Maushold|Follow Me|p1b: Maushold
|-singleturn|p1b: Maushold|move: Follow Me
|move|p2a: Farigiraf|Psychic|p1b: Maushold
|-damage|p1b: Maushold|40/100
|move|p2b: Scrafty|Knock Off|p1b: Maushold
|-damage|p1b: Maushold|0 fnt
|-enditem|p1b: Maushold|Focus Sash|[from] move: Knock Off|[of] p2b: Scrafty
|faint|p1b: Maushold
|move|p1a: Archaludon|Electro Shot|p2a: Farigiraf|[from] lockedmove
|-damage|p2a: Farigiraf|61/100
|
|upkeep
|
|t:|1782250522
|switch|p1b: Pelipper|Pelipper, L50, F|100/100
|-weather|RainDance|[from] ability: Drizzle|[of] p1b: Pelipper
|turn|3
|
|t:|1782250534
|move|p2b: Scrafty|Detect|p2b: Scrafty
|-singleturn|p2b: Scrafty|Protect
|move|p2a: Farigiraf|Psychic|p1b: Pelipper
|-damage|p1b: Pelipper|55/100
|move|p1b: Pelipper|Hurricane|p2b: Scrafty
|-activate|p2b: Scrafty|move: Protect
|move|p1a: Archaludon|Electro Shot||[still]
|-prepare|p1a: Archaludon|Electro Shot
|-boost|p1a: Archaludon|spa|1
|-anim|p1a: Archaludon|Electro Shot|p2a: Farigiraf
|-damage|p2a: Farigiraf|7/100
|
|-weather|RainDance|[upkeep]
|upkeep
|turn|4
|inactive|dericos has 30 seconds left.
|
|t:|1782250565
|move|p2a: Farigiraf|Psychic|p1b: Pelipper
|-damage|p1b: Pelipper|8/100
|-enditem|p1b: Pelipper|Sitrus Berry|[eat]
|-heal|p1b: Pelipper|32/100|[from] item: Sitrus Berry
|move|p2b: Scrafty|Knock Off|p1b: Pelipper
|-damage|p1b: Pelipper|7/100
|move|p1b: Pelipper|Hurricane|p2b: Scrafty
|-supereffective|p2b: Scrafty|1
|-damage|p2b: Scrafty|23/100
|move|p1a: Archaludon|Electro Shot||[still]
|-prepare|p1a: Archaludon|Electro Shot
|-boost|p1a: Archaludon|spa|1
|-anim|p1a: Archaludon|Electro Shot|p2a: Farigiraf
|-damage|p2a: Farigiraf|0 fnt
|faint|p2a: Farigiraf
|
|-weather|RainDance|[upkeep]
|upkeep
|
|t:|1782250575
|switch|p2a: Archaludon|Archaludon, L50, M|100/100
|turn|5
|
|t:|1782250596
|move|p2b: Scrafty|Close Combat|p1a: Archaludon
|-supereffective|p1a: Archaludon|1
|-damage|p1a: Archaludon|37/100
|-unboost|p2b: Scrafty|def|1
|-unboost|p2b: Scrafty|spd|1
|-ability|p1a: Archaludon|Stamina|boost
|-boost|p1a: Archaludon|def|1
|move|p1b: Pelipper|Hurricane|p2b: Scrafty
|-supereffective|p2b: Scrafty|1
|-damage|p2b: Scrafty|0 fnt
|faint|p2b: Scrafty
|move|p1a: Archaludon|Dragon Pulse|p2a: Archaludon
|-damage|p2a: Archaludon|0 fnt
|faint|p2a: Archaludon
|
|-weather|RainDance|[upkeep]
|-heal|p1a: Archaludon|43/100|[from] item: Leftovers
|-fieldend|move: Trick Room
|upkeep
|
|t:|1782250618
|switch|p2b: Politoed|Politoed, L50, F|100/100
|turn|6
|
|t:|1782250625
|move|p1a: Archaludon|Electro Shot||[still]
|-prepare|p1a: Archaludon|Electro Shot
|-boost|p1a: Archaludon|spa|1
|-anim|p1a: Archaludon|Electro Shot|p2b: Politoed
|-supereffective|p2b: Politoed|1
|-damage|p2b: Politoed|0 fnt
|faint|p2b: Politoed
|
|win|dericos
