|j|☆Atlanta Rat
|j|☆buggy es el rey
|html|Atlanta Ratbuggy es el rey    
|uhtml|bestof|Game 1 of a best-of-3
|t:|1784995922
|gametype|doubles
|player|p1|Atlanta Rat|rood|1195
|player|p2|buggy es el rey|gambler|1156
|gen|9
|tier|[Gen 9 Champions] VGC 2026 Reg M-B (Bo3)
|rated|
|rule|Species Clause: Limit one of each Pokémon
|rule|Item Clause: Limit 1 of each item
|clearpoke
|poke|p1|Raichu, L50, M|
|poke|p1|Sinistcha, L50|
|poke|p1|Incineroar, L50, F|
|poke|p1|Sylveon, L50, M|
|poke|p1|Metagross, L50|
|poke|p1|Hydreigon, L50, M|
|poke|p2|Froslass, L50, F|
|poke|p2|Delphox, L50, F|
|poke|p2|Incineroar, L50, F|
|poke|p2|Sneasler, L50, M|
|poke|p2|Basculegion, L50, M|
|poke|p2|Whimsicott, L50, M|
|teampreview|4
|showteam|p1|Raichu||RaichuniteY|LightningRod|ZapCannon,FocusBlast,FakeOut,Protect|Timid||M|||50|]Sinistcha||SitrusBerry|Hospitality|MatchaGotcha,RagePowder,LifeDew,Protect|Bold|||||50|]Incineroar||LumBerry|Intimidate|FlareBlitz,DarkestLariat,PartingShot,FakeOut|Impish||F|||50|]Sylveon||FairyFeather|Pixilate|HyperVoice,Moonblast,CalmMind,Protect|Modest||M|||50|]Metagross||Metagrossite|ClearBody|BulletPunch,PsychicFangs,BodyPress,Protect|Adamant|||||50|]Hydreigon||ChoiceScarf|Levitate|DracoMeteor,DarkPulse,EarthPower,Snarl|Modest||M|||50|
|showteam|p2|Froslass||Froslassite|CursedBody|Protect,AuroraVeil,Blizzard,ShadowBall|Timid||F|||50|]Delphox||Delphoxite|Blaze|Protect,NastyPlot,HeatWave,Psychic|Timid||F|||50|]Incineroar||SitrusBerry|Intimidate|FakeOut,FlareBlitz,PartingShot,DarkestLariat|Adamant||F|||50|]Sneasler||WhiteHerb|Unburden|FakeOut,CloseCombat,DireClaw,Protect|Jolly||M|||50|]Basculegion||LifeOrb|Adaptability|Protect,AquaJet,WaveCrash,LastRespects|Adamant||M|||50|]Whimsicott||FocusSash|Prankster|Tailwind,Encore,HelpingHand,Moonblast|Careful||M|||50|
|
|t:|1784996001
|teamsize|p1|4
|teamsize|p2|4
|start
|switch|p1a: Kitty Rat|Incineroar, L50, F|100/100
|switch|p1b: Fairy Kitty Rat|Sylveon, L50, M|100/100
|switch|p2a: Froslass|Froslass, L50, F|100/100
|switch|p2b: Incineroar|Incineroar, L50, F|100/100
|-ability|p2b: Incineroar|Intimidate|boost
|-unboost|p1a: Kitty Rat|atk|1
|-unboost|p1b: Fairy Kitty Rat|atk|1
|-ability|p1a: Kitty Rat|Intimidate|boost
|-unboost|p2a: Froslass|atk|1
|-unboost|p2b: Incineroar|atk|1
|turn|1
|
|t:|1784996042
|detailschange|p2a: Froslass|Froslass-Mega, L50, F
|-mega|p2a: Froslass|Froslass|Froslassite
|-weather|Snowscape|[from] ability: Snow Warning|[of] p2a: Froslass
|move|p2b: Incineroar|Fake Out|p1b: Fairy Kitty Rat
|-damage|p1b: Fairy Kitty Rat|90/100
|move|p2a: Froslass|Shadow Ball|p1b: Fairy Kitty Rat
|-damage|p1b: Fairy Kitty Rat|62/100
|cant|p1b: Fairy Kitty Rat|flinch
|move|p1a: Kitty Rat|Parting Shot|p2a: Froslass
|-unboost|p2a: Froslass|atk|1
|-unboost|p2a: Froslass|spa|1
|
|t:|1784996055
|switch|p1a: Smiley Rat|Sinistcha, L50|100/100|[from] Parting Shot
|-heal|p1b: Fairy Kitty Rat|87/100|[from] ability: Hospitality|[of] p1a: Smiley Rat
|
|-weather|Snowscape|[upkeep]
|upkeep
|turn|2
|
|t:|1784996079
|switch|p2a: Whimsicott|Whimsicott, L50, M|100/100
|switch|p1a: Kitty Rat|Incineroar, L50, F|100/100
|-ability|p1a: Kitty Rat|Intimidate|boost
|-unboost|p2a: Whimsicott|atk|1
|-unboost|p2b: Incineroar|atk|1
|move|p1b: Fairy Kitty Rat|Calm Mind|p1b: Fairy Kitty Rat
|-boost|p1b: Fairy Kitty Rat|spa|1
|-boost|p1b: Fairy Kitty Rat|spd|1
|move|p2b: Incineroar|Flare Blitz|p1b: Fairy Kitty Rat
|-damage|p1b: Fairy Kitty Rat|55/100
|-damage|p2b: Incineroar|89/100|[from] Recoil
|
|-weather|Snowscape|[upkeep]
|upkeep
|turn|3
|
|t:|1784996107
|move|p1a: Kitty Rat|Fake Out|p2a: Whimsicott
|-damage|p2a: Whimsicott|88/100
|cant|p2a: Whimsicott|flinch
|move|p1b: Fairy Kitty Rat|Hyper Voice|p2b: Incineroar|[spread] p2a,p2b
|-damage|p2a: Whimsicott|8/100
|-damage|p2b: Incineroar|30/100
|-enditem|p2b: Incineroar|Sitrus Berry|[eat]
|-heal|p2b: Incineroar|54/100|[from] item: Sitrus Berry
|move|p2b: Incineroar|Parting Shot|p1b: Fairy Kitty Rat
|-unboost|p1b: Fairy Kitty Rat|atk|1
|-unboost|p1b: Fairy Kitty Rat|spa|1
|
|t:|1784996121
|switch|p2b: Basculegion|Basculegion, L50, M|100/100|[from] Parting Shot
|
|-weather|Snowscape|[upkeep]
|upkeep
|turn|4
|
|t:|1784996165
|switch|p2a: Incineroar|Incineroar, L50, F|54/100
|-ability|p2a: Incineroar|Intimidate|boost
|-unboost|p1a: Kitty Rat|atk|1
|-unboost|p1b: Fairy Kitty Rat|atk|1
|switch|p1a: Smiley Rat|Sinistcha, L50|100/100
|-heal|p1b: Fairy Kitty Rat|80/100|[from] ability: Hospitality|[of] p1a: Smiley Rat
|move|p1b: Fairy Kitty Rat|Protect|p1b: Fairy Kitty Rat
|-singleturn|p1b: Fairy Kitty Rat|Protect
|move|p2b: Basculegion|Wave Crash|p1b: Fairy Kitty Rat
|-activate|p1b: Fairy Kitty Rat|move: Protect
|
|-weather|Snowscape|[upkeep]
|upkeep
|turn|5
|
|t:|1784996197
|switch|p1a: Kitty Rat|Incineroar, L50, F|100/100
|-ability|p1a: Kitty Rat|Intimidate|boost
|-unboost|p2a: Incineroar|atk|1
|-unboost|p2b: Basculegion|atk|1
|move|p1b: Fairy Kitty Rat|Protect|p1b: Fairy Kitty Rat
|-singleturn|p1b: Fairy Kitty Rat|Protect
|move|p2a: Incineroar|Fake Out|p1b: Fairy Kitty Rat
|-activate|p1b: Fairy Kitty Rat|move: Protect
|move|p2b: Basculegion|Wave Crash|p1b: Fairy Kitty Rat
|-activate|p1b: Fairy Kitty Rat|move: Protect
|
|-weather|none
|upkeep
|turn|6
|
|t:|1784996227
|switch|p1a: Smiley Rat|Sinistcha, L50|100/100
|-heal|p1b: Fairy Kitty Rat|100/100|[from] ability: Hospitality|[of] p1a: Smiley Rat
|move|p2b: Basculegion|Wave Crash|p1b: Fairy Kitty Rat
|-damage|p1b: Fairy Kitty Rat|9/100
|-damage|p2b: Basculegion|69/100|[from] Recoil
|-damage|p2b: Basculegion|59/100|[from] item: Life Orb
|move|p1b: Fairy Kitty Rat|Calm Mind|p1b: Fairy Kitty Rat
|-boost|p1b: Fairy Kitty Rat|spa|1
|-boost|p1b: Fairy Kitty Rat|spd|1
|move|p2a: Incineroar|Parting Shot|p1b: Fairy Kitty Rat
|-unboost|p1b: Fairy Kitty Rat|atk|1
|-unboost|p1b: Fairy Kitty Rat|spa|1
|
|t:|1784996245
|switch|p2a: Froslass|Froslass-Mega, L50, F|100/100|[from] Parting Shot
|-weather|Snowscape|[from] ability: Snow Warning|[of] p2a: Froslass
|
|-weather|Snowscape|[upkeep]
|upkeep
|turn|7
|
|t:|1784996267
|switch|p1a: Kitty Rat|Incineroar, L50, F|100/100
|-ability|p1a: Kitty Rat|Intimidate|boost
|-unboost|p2a: Froslass|atk|1
|-unboost|p2b: Basculegion|atk|1
|move|p1b: Fairy Kitty Rat|Protect|p1b: Fairy Kitty Rat
|-singleturn|p1b: Fairy Kitty Rat|Protect
|move|p2a: Froslass|Blizzard|p1a: Kitty Rat|[spread] p1a
|-activate|p1b: Fairy Kitty Rat|move: Protect
|-resisted|p1a: Kitty Rat|1
|-damage|p1a: Kitty Rat|80/100
|move|p2b: Basculegion|Last Respects|p1b: Fairy Kitty Rat
|-activate|p1b: Fairy Kitty Rat|move: Protect
|
|-weather|Snowscape|[upkeep]
|upkeep
|turn|8
|
|t:|1784996292
|switch|p2b: Incineroar|Incineroar, L50, F|54/100
|-ability|p2b: Incineroar|Intimidate|boost
|-unboost|p1a: Kitty Rat|atk|1
|-unboost|p1b: Fairy Kitty Rat|atk|1
|switch|p1b: Smiley Rat|Sinistcha, L50|100/100
|-heal|p1a: Kitty Rat|100/100|[from] ability: Hospitality|[of] p1b: Smiley Rat
|move|p2a: Froslass|Shadow Ball|p1b: Smiley Rat
|-supereffective|p1b: Smiley Rat|1
|-crit|p1b: Smiley Rat
|-damage|p1b: Smiley Rat|0 fnt
|faint|p1b: Smiley Rat
|move|p1a: Kitty Rat|Darkest Lariat|p2b: Incineroar
|-resisted|p2b: Incineroar|1
|-damage|p2b: Incineroar|44/100
|
|-weather|Snowscape|[upkeep]
|upkeep
|
|t:|1784996306
|switch|p1b: Gen 1 Rat|Raichu, L50, M|100/100
|turn|9
|
|t:|1784996336
|switch|p2b: Whimsicott|Whimsicott, L50, M|8/100
|detailschange|p1b: Gen 1 Rat|Raichu-Mega-Y, L50, M
|-mega|p1b: Gen 1 Rat|Raichu|Raichunite Y
|move|p1b: Gen 1 Rat|Protect|p1b: Gen 1 Rat
|-singleturn|p1b: Gen 1 Rat|Protect
|move|p2a: Froslass|Protect|p2a: Froslass
|-singleturn|p2a: Froslass|Protect
|move|p1a: Kitty Rat|Parting Shot|p2a: Froslass
|-activate|p2a: Froslass|move: Protect
|
|-weather|Snowscape|[upkeep]
|upkeep
|turn|10
|
|t:|1784996369
|switch|p1b: Fairy Kitty Rat|Sylveon, L50, M|9/100
|move|p2b: Whimsicott|Encore||[still]
|-fail|p2b: Whimsicott
|move|p2a: Froslass|Aurora Veil|p2a: Froslass
|-sidestart|p2: buggy es el rey|move: Aurora Veil
|move|p1a: Kitty Rat|Flare Blitz|p2b: Whimsicott
|-supereffective|p2b: Whimsicott|1
|-damage|p2b: Whimsicott|0 fnt
|faint|p2b: Whimsicott
|-damage|p1a: Kitty Rat|97/100|[from] Recoil
|
|-weather|none
|upkeep
|
|t:|1784996385
|switch|p2b: Incineroar|Incineroar, L50, F|44/100
|-ability|p2b: Incineroar|Intimidate|boost
|-unboost|p1a: Kitty Rat|atk|1
|-unboost|p1b: Fairy Kitty Rat|atk|1
|turn|11
|
|t:|1784996402
|switch|p2a: Basculegion|Basculegion, L50, M|59/100
|switch|p1a: Gen 1 Rat|Raichu-Mega-Y, L50, M|100/100
|move|p1b: Fairy Kitty Rat|Protect|p1b: Fairy Kitty Rat
|-singleturn|p1b: Fairy Kitty Rat|Protect
|move|p2b: Incineroar|Fake Out|p1a: Gen 1 Rat
|-damage|p1a: Gen 1 Rat|82/100
|
|upkeep
|turn|12
|
|t:|1784996427
|switch|p1b: Kitty Rat|Incineroar, L50, F|97/100
|-ability|p1b: Kitty Rat|Intimidate|boost
|-unboost|p2a: Basculegion|atk|1
|-unboost|p2b: Incineroar|atk|1
|move|p2a: Basculegion|Protect|p2a: Basculegion
|-singleturn|p2a: Basculegion|Protect
|move|p1a: Gen 1 Rat|Zap Cannon|p2a: Basculegion
|-activate|p2a: Basculegion|move: Protect
|move|p2b: Incineroar|Flare Blitz|p1a: Gen 1 Rat
|-damage|p1a: Gen 1 Rat|32/100
|-status|p1a: Gen 1 Rat|brn
|-damage|p2b: Incineroar|30/100|[from] Recoil
|
|-damage|p1a: Gen 1 Rat|26/100 brn|[from] brn
|upkeep
|turn|13
|
|t:|1784996446
|move|p1b: Kitty Rat|Fake Out|p2b: Incineroar
|-damage|p2b: Incineroar|24/100
|move|p2a: Basculegion|Aqua Jet|p1a: Gen 1 Rat
|-crit|p1a: Gen 1 Rat
|-damage|p1a: Gen 1 Rat|0 fnt
|faint|p1a: Gen 1 Rat
|-damage|p2a: Basculegion|50/100g|[from] item: Life Orb
|cant|p2b: Incineroar|flinch
|
|upkeep
|-message|Atlanta Rat forfeited.
|
|win|buggy es el rey
