|j|☆Karissel
|j|☆yamamagames
|html|Karisselyamamagames    
|uhtml|bestof|Game 3 of a best-of-3
|t:|1784583079
|gametype|doubles
|player|p1|Karissel|burgh-masters|1321
|player|p2|yamamagames|red|1304
|gen|9
|tier|[Gen 9 Champions] VGC 2026 Reg M-B (Bo3)
|rated|
|rule|Species Clause: Limit one of each Pokémon
|rule|Item Clause: Limit 1 of each item
|clearpoke
|poke|p1|Charizard, L50, M|
|poke|p1|Glimmora, L50, M|
|poke|p1|Whimsicott, L50, F|
|poke|p1|Ninetales-Alola, L50, F|
|poke|p1|Kingambit, L50, F|
|poke|p1|Kommo-o, L50, M|
|poke|p2|Talonflame, L50, M|
|poke|p2|Gardevoir, L50, F|
|poke|p2|Maushold-Four, L50|
|poke|p2|Garchomp, L50, M|
|poke|p2|Aurorus, L50, F|
|poke|p2|Kingambit, L50, F|
|teampreview|4
|showteam|p1|Charizard||CharizarditeY|Blaze|HeatWave,WeatherBall,SolarBeam,Protect|Modest||M|||50|]Glimmora||Glimmoranite|ToxicDebris|SludgeBomb,PowerGem,EarthPower,SpikyShield|Timid||M|||50|]Whimsicott||FocusSash|Prankster|Moonblast,Tailwind,Encore,Protect|Timid||F|||50|]Ninetales-Alola||NeverMeltIce|SnowWarning|Blizzard,FreezeDry,Disable,Protect|Timid||F|||50|]Kingambit||ChopleBerry|Defiant|KowtowCleave,SuckerPunch,IronHead,Protect|Adamant||F|||50|]Kommo-o||LifeOrb|Overcoat|AuraSphere,VacuumWave,ClangingScales,Protect|Modest||M|||50|
|showteam|p2|Talonflame||FocusSash|GaleWings|FlareBlitz,BraveBird,Tailwind,Protect|Jolly||M|||50|]Gardevoir||Gardevoirite|Telepathy|Psychic,Moonblast,HyperVoice,Protect|Modest||F|||50|]Maushold-Four||ChopleBerry|FriendGuard|SuperFang,FollowMe,Taunt,Protect|Jolly|||||50|]Garchomp||LifeOrb|RoughSkin|Earthquake,DragonClaw,RockSlide,Protect|Adamant||M|||50|]Aurorus||ChoiceScarf|SnowWarning|Blizzard,FreezeDry,IcyWind,AncientPower|Timid||F|||50|]Kingambit||BlackGlasses|Defiant|KowtowCleave,SuckerPunch,IronHead,Protect|Adamant||F|||50|
|inactive|Battle timer is ON: inactive players will automatically lose when time's up. (requested by Karissel)
|inactive|Karissel has 60 seconds left.
|inactive|yamamagames has 60 seconds left.
|inactive|Karissel has 30 seconds left.
|
|t:|1784583148
|teamsize|p1|4
|teamsize|p2|4
|start
|switch|p1a: Whimsicott|Whimsicott, L50, F|100/100
|switch|p1b: Ninetales|Ninetales-Alola, L50, F|100/100
|switch|p2a: Garchomp|Garchomp, L50, M|100/100
|switch|p2b: Maushold|Maushold-Four, L50|100/100
|-weather|Snowscape|[from] ability: Snow Warning|[of] p1b: Ninetales
|turn|1
|
|t:|1784583167
|switch|p2a: Gardevoir|Gardevoir, L50, F|100/100
|move|p1a: Whimsicott|Moonblast|p2b: Maushold
|-damage|p2b: Maushold|60/100
|move|p1b: Ninetales|Blizzard|p2a: Gardevoir|[spread] p2a,p2b
|-damage|p2a: Gardevoir|71/100
|-damage|p2b: Maushold|16/100
|move|p2b: Maushold|Super Fang|p1b: Ninetales
|-damage|p1b: Ninetales|50/100g
|
|-weather|Snowscape|[upkeep]
|upkeep
|turn|2
|
|t:|1784583185
|switch|p1b: Charizard|Charizard, L50, M|100/100
|detailschange|p2a: Gardevoir|Gardevoir-Mega, L50, F
|-mega|p2a: Gardevoir|Gardevoir|Gardevoirite
|move|p2b: Maushold|Follow Me|p2b: Maushold
|-singleturn|p2b: Maushold|move: Follow Me
|move|p1a: Whimsicott|Moonblast|p2b: Maushold
|-damage|p2b: Maushold|0 fnt
|faint|p2b: Maushold
|move|p2a: Gardevoir|Hyper Voice|p1a: Whimsicott|[spread] p1a,p1b
|-resisted|p1b: Charizard|1
|-damage|p1a: Whimsicott|11/100
|-damage|p1b: Charizard|69/100
|
|-weather|Snowscape|[upkeep]
|upkeep
|
|t:|1784583189
|switch|p2b: Talonflame|Talonflame, L50, M|100/100
|turn|3
|
|t:|1784583213
|detailschange|p1b: Charizard|Charizard-Mega-Y, L50, M
|-mega|p1b: Charizard|Charizard|Charizardite Y
|-weather|SunnyDay|[from] ability: Drought|[of] p1b: Charizard
|move|p1a: Whimsicott|Protect|p1a: Whimsicott
|-singleturn|p1a: Whimsicott|Protect
|move|p2b: Talonflame|Brave Bird|p1a: Whimsicott
|-activate|p1a: Whimsicott|move: Protect
|move|p1b: Charizard|Heat Wave|p2a: Gardevoir|[spread] p2a,p2b
|-resisted|p2b: Talonflame|1
|-damage|p2a: Gardevoir|23/100
|-damage|p2b: Talonflame|47/100
|move|p2a: Gardevoir|Psychic|p1b: Charizard
|-damage|p1b: Charizard|20/100y
|
|-weather|SunnyDay|[upkeep]
|upkeep
|turn|4
|inactive|yamamagames has 30 seconds left.
|
|t:|1784583239
|switch|p2a: Garchomp|Garchomp, L50, M|100/100
|move|p1a: Whimsicott|Tailwind|p1a: Whimsicott
|-sidestart|p1: Karissel|move: Tailwind
|move|p1b: Charizard|Heat Wave|p2a: Garchomp|[spread] p2a,p2b
|-resisted|p2a: Garchomp|1
|-resisted|p2b: Talonflame|1
|-damage|p2a: Garchomp|65/100
|-damage|p2b: Talonflame|0 fnt
|faint|p2b: Talonflame
|
|-weather|SunnyDay|[upkeep]
|upkeep
|
|t:|1784583244
|switch|p2b: Gardevoir|Gardevoir-Mega, L50, F|23/100
|turn|5
|
|t:|1784583250
|move|p2a: Garchomp|Protect|p2a: Garchomp
|-singleturn|p2a: Garchomp|Protect
|move|p1a: Whimsicott|Moonblast|p2a: Garchomp
|-activate|p2a: Garchomp|move: Protect
|move|p1b: Charizard|Weather Ball|p2b: Gardevoir
|-damage|p2b: Gardevoir|0 fnt
|faint|p2b: Gardevoir
|
|-weather|SunnyDay|[upkeep]
|upkeep
|turn|6
|-message|yamamagames forfeited.
|raw|Karissel's rating: 1321 → 1340(+19 for winning)
|raw|yamamagames's rating: 1304 → 1285(-19 for losing)
|
|win|Karissel
|l|☆yamamagames
|player|p2|
|c|☆Karissel|ggs
