|j|☆eratakate
|j|☆kenepa21
|html|eratakatekenepa21    
|uhtml|bestof|Game 1 of a best-of-3
|t:|1756307864
|gametype|doubles
|player|p1|eratakate|169|1265
|player|p2|kenepa21|101|1371
|gen|9
|tier|[Gen 9] VGC 2025 Reg H (Bo3)
|rated|
|rule|Species Clause: Limit one of each Pokémon
|rule|Item Clause: Limit 1 of each item
|clearpoke
|poke|p1|Incineroar, L50, F|
|poke|p1|Amoonguss, L50, M|
|poke|p1|Ursaluna-Bloodmoon, L50, M|
|poke|p1|Sneasler, L50, F|
|poke|p1|Gholdengo, L50|
|poke|p1|Dragonite, L50, M|
|poke|p2|Archaludon, L50, M|
|poke|p2|Kommo-o, L50, F|
|poke|p2|Maushold-Four, L50|
|poke|p2|Rillaboom, L50, M|
|poke|p2|Pelipper, L50, F|
|poke|p2|Basculegion, L50, M|
|teampreview|4
|showteam|p1|Incineroar||SafetyGoggles|Intimidate|FlareBlitz,KnockOff,PartingShot,FakeOut|||F|||50|,,,,,Ghost]Amoonguss||SitrusBerry|Regenerator|Spore,RagePowder,PollenPuff,Protect|||M|||50|,,,,,Psychic]Ursaluna-Bloodmoon||AssaultVest|MindsEye|HyperVoice,BloodMoon,EarthPower,VacuumWave|||M|||50|,,,,,Water]Sneasler||FocusSash|Unburden|CloseCombat,DireClaw,ThroatChop,Protect|||F|||50|,,,,,Stellar]Gholdengo||LifeOrb|GoodasGold|MakeItRain,ShadowBall,NastyPlot,Protect||||||50|,,,,,Water]Dragonite||LoadedDice|Multiscale|ScaleShot,Tailwind,Haze,Protect|||M|||50|,,,,,Fairy
|showteam|p2|Archaludon||AssaultVest|Stamina|ElectroShot,BodyPress,DragonPulse,FlashCannon|||M|||50|,,,,,Grass]Kommo-o||GrassySeed|Bulletproof|BodyPress,Flamethrower,Protect,IronDefense|||F|||50|,,,,,Fire]Maushold-Four||SafetyGoggles|FriendGuard|SuperFang,BeatUp,FollowMe,Protect||||||50|,,,,,Ghost]Rillaboom||MiracleSeed|GrassySurge|WoodHammer,GrassyGlide,FakeOut,HighHorsepower|||M|||50|,,,,,Fire]Pelipper||FocusSash|Drizzle|Hurricane,WeatherBall,Tailwind,Protect|||F|||50|,,,,,Grass]Basculegion||LifeOrb|SwiftSwim|WaveCrash,LastRespects,AquaJet,Protect|||M|||50|,,,,,Water
|l|☆eratakate
|player|p1|
|j|☆eratakate
|player|p1|eratakate|169|
|
|t:|1756307922
|teamsize|p1|4
|teamsize|p2|4
|start
|switch|p1a: Dragonite|Dragonite, L50, M|100/100
|switch|p1b: Gholdengo|Gholdengo, L50|100/100
|switch|p2a: Kommo-o|Kommo-o, L50, F|100/100
|switch|p2b: Rillaboom|Rillaboom, L50, M|100/100
|-fieldstart|move: Grassy Terrain|[from] ability: Grassy Surge|[of] p2b: Rillaboom
|-enditem|p2a: Kommo-o|Grassy Seed
|-boost|p2a: Kommo-o|def|1|[from] item: Grassy Seed
|turn|1
|
|t:|1756307944
|move|p1b: Gholdengo|Protect|p1b: Gholdengo
|-singleturn|p1b: Gholdengo|Protect
|move|p2b: Rillaboom|Fake Out|p1a: Dragonite
|-damage|p1a: Dragonite|94/100
|cant|p1a: Dragonite|flinch
|move|p2a: Kommo-o|Flamethrower|p1a: Dragonite
|-resisted|p1a: Dragonite
|-damage|p1a: Dragonite|81/100
|
|upkeep
|turn|2
|
|t:|1756307971
|switch|p1b: Incineroar|Incineroar, L50, F|100/100
|-ability|p1b: Incineroar|Intimidate|boost
|-unboost|p2a: Kommo-o|atk|1
|-unboost|p2b: Rillaboom|atk|1
|-terastallize|p2a: Kommo-o|Fire
|move|p1a: Dragonite|Scale Shot|p2b: Rillaboom
|-damage|p2b: Rillaboom|86/100
|-damage|p2b: Rillaboom|72/100
|-damage|p2b: Rillaboom|58/100
|-damage|p2b: Rillaboom|41/100
|-damage|p2b: Rillaboom|27/100
|-hitcount|p2b: Rillaboom|5
|-unboost|p1a: Dragonite|def|1
|-boost|p1a: Dragonite|spe|1
|move|p2b: Rillaboom|Wood Hammer|p1b: Incineroar
|-resisted|p1b: Incineroar
|-damage|p1b: Incineroar|76/100
|-damage|p2b: Rillaboom|19/100|[from] Recoil
|move|p2a: Kommo-o|Flamethrower|p1b: Incineroar
|-resisted|p1b: Incineroar
|-damage|p1b: Incineroar|61/100
|
|-heal|p2b: Rillaboom|25/100|[from] Grassy Terrain
|-heal|p1b: Incineroar|67/100|[from] Grassy Terrain
|upkeep
|turn|3
|
|t:|1756307996
|move|p1a: Dragonite|Scale Shot|p2a: Kommo-o
|-damage|p2a: Kommo-o|93/100
|-damage|p2a: Kommo-o|87/100
|-damage|p2a: Kommo-o|80/100
|-damage|p2a: Kommo-o|72/100
|-damage|p2a: Kommo-o|66/100
|-hitcount|p2a: Kommo-o|5
|-unboost|p1a: Dragonite|def|1
|-boost|p1a: Dragonite|spe|1
|move|p2b: Rillaboom|Wood Hammer|p1a: Dragonite
|-resisted|p1a: Dragonite
|-damage|p1a: Dragonite|52/100
|-damage|p2b: Rillaboom|16/100|[from] Recoil
|move|p2a: Kommo-o|Body Press|p1b: Incineroar
|-supereffective|p1b: Incineroar
|-damage|p1b: Incineroar|0 fnt
|faint|p1b: Incineroar
|
|-heal|p2b: Rillaboom|22/100|[from] Grassy Terrain
|-heal|p2a: Kommo-o|72/100|[from] Grassy Terrain
|upkeep
|
|t:|1756308058
|switch|p1b: Gholdengo|Gholdengo, L50|100/100
|turn|4
|
|t:|1756308068
|-terastallize|p1b: Gholdengo|Water
|move|p2b: Rillaboom|Grassy Glide|p1a: Dragonite
|-resisted|p1a: Dragonite
|-crit|p1a: Dragonite
|-damage|p1a: Dragonite|21/100
|move|p1a: Dragonite|Scale Shot|p2a: Kommo-o
|-damage|p2a: Kommo-o|65/100
|-damage|p2a: Kommo-o|58/100
|-damage|p2a: Kommo-o|52/100
|-damage|p2a: Kommo-o|44/100
|-damage|p2a: Kommo-o|36/100
|-hitcount|p2a: Kommo-o|5
|-unboost|p1a: Dragonite|def|1
|-boost|p1a: Dragonite|spe|1
|move|p1b: Gholdengo|Shadow Ball|p2b: Rillaboom
|-damage|p2b: Rillaboom|0 fnt
|faint|p2b: Rillaboom
|-damage|p1b: Gholdengo|91/100|[from] item: Life Orb
|move|p2a: Kommo-o|Body Press|p1a: Dragonite
|-resisted|p1a: Dragonite
|-damage|p1a: Dragonite|0 fnt
|faint|p1a: Dragonite
|
|-heal|p1b: Gholdengo|97/100|[from] Grassy Terrain
|-heal|p2a: Kommo-o|42/100|[from] Grassy Terrain
|upkeep
|
|t:|1756308082
|switch|p1a: Sneasler|Sneasler, L50, F|100/100
|switch|p2b: Pelipper|Pelipper, L50, F|100/100
|-weather|RainDance|[from] ability: Drizzle|[of] p2b: Pelipper
|turn|5
|
|t:|1756308096
|move|p1a: Sneasler|Dire Claw|p2b: Pelipper
|-damage|p2b: Pelipper|49/100
|move|p1b: Gholdengo|Make It Rain|p2a: Kommo-o|[spread] p2a,p2b
|-resisted|p2a: Kommo-o
|-resisted|p2b: Pelipper
|-damage|p2a: Kommo-o|13/100
|-damage|p2b: Pelipper|0 fnt
|-unboost|p1b: Gholdengo|spa|1
|faint|p2b: Pelipper
|-damage|p1b: Gholdengo|88/100|[from] item: Life Orb
|move|p2a: Kommo-o|Body Press|p1b: Gholdengo
|-damage|p1b: Gholdengo|26/100
|
|-weather|RainDance|[upkeep]
|-heal|p1b: Gholdengo|32/100|[from] Grassy Terrain
|-heal|p2a: Kommo-o|19/100|[from] Grassy Terrain
|-fieldend|move: Grassy Terrain
|upkeep
|
|t:|1756308109
|switch|p2b: Basculegion|Basculegion, L50, M|100/100
|turn|6
|
|t:|1756308118
|move|p2b: Basculegion|Protect|p2b: Basculegion
|-singleturn|p2b: Basculegion|Protect
|move|p1a: Sneasler|Close Combat|p2a: Kommo-o
|-damage|p2a: Kommo-o|0 fnt
|-unboost|p1a: Sneasler|def|1
|-unboost|p1a: Sneasler|spd|1
|faint|p2a: Kommo-o
|move|p1b: Gholdengo|Shadow Ball|p2b: Basculegion
|-activate|p2b: Basculegion|move: Protect
|
|-weather|RainDance|[upkeep]
|upkeep
|turn|7
|
|t:|1756308126
|move|p2b: Basculegion|Last Respects|p1a: Sneasler
|-enditem|p1a: Sneasler|Focus Sash
|-damage|p1a: Sneasler|1/100
|-damage|p2b: Basculegion|91/100|[from] item: Life Orb
|move|p1a: Sneasler|Throat Chop|p2b: Basculegion
|-supereffective|p2b: Basculegion
|-damage|p2b: Basculegion|22/100
|-start|p2b: Basculegion|Throat Chop|[silent]
|move|p1b: Gholdengo|Shadow Ball|p2b: Basculegion
|-supereffective|p2b: Basculegion
|-damage|p2b: Basculegion|0 fnt
|faint|p2b: Basculegion
|-damage|p1b: Gholdengo|23/100|[from] item: Life Orb
|
|win|eratakate
||eratakate is ready for game 2.
||kenepa21 is ready for game 2.
|uhtml|next|Next: Game 2 of 3
|l|☆kenepa21
|player|p2|
