|j|☆varrun
|j|☆Oldarbladeborn
|html|varrunOldarbladeborn    
|uhtml|bestof|Game 1 of a best-of-3
|t:|1757057139
|gametype|doubles
|player|p1|varrun|265|1079
|player|p2|Oldarbladeborn|1|1028
|gen|9
|tier|[Gen 9] VGC 2025 Reg H (Bo3)
|rated|
|rule|Species Clause: Limit one of each Pokémon
|rule|Item Clause: Limit 1 of each item
|clearpoke
|poke|p1|Archaludon, L50, F|
|poke|p1|Pelipper, L50, F|
|poke|p1|Basculegion, L50, M|
|poke|p1|Amoonguss, L50, F|
|poke|p1|Incineroar, L50, F|
|poke|p1|Gholdengo, L50|
|poke|p2|Archaludon, L50, F|
|poke|p2|Dragonite, L50, F|
|poke|p2|Pelipper, L50, F|
|poke|p2|Basculegion, L50, M|
|poke|p2|Incineroar, L50, F|
|poke|p2|Amoonguss, L50, F|
|teampreview|4
|showteam|p1|Archaludon||AssaultVest|Stamina|DragonPulse,ElectroShot,FlashCannon,BodyPress|||F|||50|,,,,,Bug]Pelipper||FocusSash|Drizzle|WeatherBall,Hurricane,Tailwind,Protect|||F|||50|,,,,,Ground]Basculegion||ChoiceBand|SwiftSwim|WaveCrash,LastRespects,AquaJet,FlipTurn|||M|||50|,,,,,Grass]Amoonguss||CovertCloak|Regenerator|PollenPuff,RagePowder,Spore,Protect|||F|||50|,,,,,Water]Incineroar||SafetyGoggles|Intimidate|KnockOff,FakeOut,PartingShot,Taunt|||F|||50|,,,,,Ghost]Gholdengo||LifeOrb|GoodasGold|MakeItRain,ShadowBall,NastyPlot,Protect||||||50|,,,,,Water
|showteam|p2|Archaludon||PowerHerb|Stalwart|AuraSphere,ElectroShot,DragonPulse,Protect|||F|||50|,,,,,Bug]Dragonite||LoadedDice|Multiscale|LowKick,ScaleShot,Protect,TeraBlast|||F|||50|,,,,,Flying]Pelipper||FocusSash|Drizzle|Tailwind,Hurricane,WeatherBall,Protect|||F|||50|,,,,,Grass]Basculegion||LifeOrb|SwiftSwim|WaveCrash,Protect,FlipTurn,AquaJet|||M|||50|,,,,,Water]Incineroar||SafetyGoggles|Intimidate|FakeOut,PartingShot,KnockOff,Taunt|||F|||50|,,,,,Ghost]Amoonguss||MentalHerb|Regenerator|SludgeBomb,Spore,RagePowder,Protect|||F|||50|,,,,,Fire
|inactive|Battle timer is ON: inactive players will automatically lose when time's up. (requested by Oldarbladeborn)
|inactive|varrun has 60 seconds left.
|inactive|Oldarbladeborn has 60 seconds left.
|c|☆Oldarbladeborn|glhf
|inactive|varrun has 30 seconds left.
|inactive|varrun has 20 seconds left.
|
|t:|1757057210
|teamsize|p1|4
|teamsize|p2|4
|start
|switch|p1a: Incineroar|Incineroar, L50, F|100/100
|switch|p1b: Pelipper|Pelipper, L50, F|100/100
|switch|p2a: Pelipper|Pelipper, L50, F|100/100
|switch|p2b: Basculegion|Basculegion, L50, M|100/100
|-weather|RainDance|[from] ability: Drizzle|[of] p2a: Pelipper
|-ability|p1a: Incineroar|Intimidate|boost
|-unboost|p2a: Pelipper|atk|1
|-unboost|p2b: Basculegion|atk|1
|turn|1
|inactive|varrun has 30 seconds left.
|inactive|Oldarbladeborn has 30 seconds left.
|
|t:|1757057239
|switch|p1a: Archaludon|Archaludon, L50, F|100/100
|move|p2b: Basculegion|Flip Turn|p1a: Archaludon
|-resisted|p1a: Archaludon
|-damage|p1a: Archaludon|87/100
|-ability|p1a: Archaludon|Stamina|boost
|-boost|p1a: Archaludon|def|1
|-damage|p2b: Basculegion|91/100|[from] item: Life Orb
|
|t:|1757057248
|switch|p2b: Archaludon|Archaludon, L50, F|100/100|[from] Flip Turn
|move|p1b: Pelipper|Tailwind|p1b: Pelipper
|-sidestart|p1: varrun|move: Tailwind
|move|p2a: Pelipper|Tailwind|p2a: Pelipper
|-sidestart|p2: Oldarbladeborn|move: Tailwind
|
|-weather|RainDance|[upkeep]
|upkeep
|turn|2
|inactive|varrun has 30 seconds left.
|inactive|varrun has 20 seconds left.
|inactive|varrun has 15 seconds left.
|inactive|varrun has 10 seconds left.
|inactive|Oldarbladeborn has 30 seconds left.
|
|t:|1757057301
|switch|p1b: Incineroar|Incineroar, L50, F|100/100
|-ability|p1b: Incineroar|Intimidate|boost
|-unboost|p2a: Pelipper|atk|1
|-unboost|p2b: Archaludon|atk|1
|-terastallize|p2b: Archaludon|Bug
|move|p2b: Archaludon|Dragon Pulse|p1a: Archaludon
|-damage|p1a: Archaludon|46/100
|-ability|p1a: Archaludon|Stamina|boost
|-boost|p1a: Archaludon|def|1
|move|p2a: Pelipper|Hurricane|p1a: Archaludon
|-resisted|p1a: Archaludon
|-damage|p1a: Archaludon|26/100
|-start|p1a: Archaludon|confusion
|-ability|p1a: Archaludon|Stamina|boost
|-boost|p1a: Archaludon|def|1
|-activate|p1a: Archaludon|confusion
|move|p1a: Archaludon|Electro Shot||[still]
|-prepare|p1a: Archaludon|Electro Shot
|-boost|p1a: Archaludon|spa|1
|-anim|p1a: Archaludon|Electro Shot|p2a: Pelipper
|-supereffective|p2a: Pelipper
|-enditem|p2a: Pelipper|Focus Sash
|-damage|p2a: Pelipper|1/100
|
|-weather|RainDance|[upkeep]
|upkeep
|turn|3
|inactive|varrun has 30 seconds left.
|inactive|varrun has 20 seconds left.
|inactive|varrun has 15 seconds left.
|
|t:|1757057346
|switch|p2a: Amoonguss|Amoonguss, L50, F|100/100
|move|p2b: Archaludon|Protect|p2b: Archaludon
|-singleturn|p2b: Archaludon|Protect
|move|p1b: Incineroar|Fake Out|p2a: Amoonguss
|-damage|p2a: Amoonguss|90/100
|-end|p1a: Archaludon|confusion
|move|p1a: Archaludon|Dragon Pulse|p2b: Archaludon
|-activate|p2b: Archaludon|move: Protect
|
|-weather|RainDance|[upkeep]
|upkeep
|turn|4
|inactive|varrun has 30 seconds left.
|inactive|varrun has 20 seconds left.
|inactive|varrun has 15 seconds left.
|inactive|varrun has 10 seconds left.
|inactive|varrun has 5 seconds left.
|
|t:|1757057398
|switch|p1b: Pelipper|Pelipper, L50, F|100/100
|move|p2a: Amoonguss|Rage Powder|p2a: Amoonguss
|-singleturn|p2a: Amoonguss|move: Rage Powder
|move|p2b: Archaludon|Electro Shot||[still]
|-prepare|p2b: Archaludon|Electro Shot
|-boost|p2b: Archaludon|spa|1
|-anim|p2b: Archaludon|Electro Shot|p1a: Archaludon
|-resisted|p1a: Archaludon
|-damage|p1a: Archaludon|0 fnt
|faint|p1a: Archaludon
|
|-weather|RainDance|[upkeep]
|-sideend|p2: Oldarbladeborn|move: Tailwind
|-sideend|p1: varrun|move: Tailwind
|upkeep
|
|t:|1757057414
|switch|p1a: Incineroar|Incineroar, L50, F|100/100
|-ability|p1a: Incineroar|Intimidate|boost
|-unboost|p2a: Amoonguss|atk|1
|-unboost|p2b: Archaludon|atk|1
|turn|5
|
|t:|1757057427
|-terastallize|p1b: Pelipper|Ground
|move|p2b: Archaludon|Electro Shot||[still]
|-prepare|p2b: Archaludon|Electro Shot
|-boost|p2b: Archaludon|spa|1
|-anim|p2b: Archaludon|Electro Shot|p1b: Pelipper
|-immune|p1b: Pelipper
|move|p1b: Pelipper|Tailwind|p1b: Pelipper
|-sidestart|p1: varrun|move: Tailwind
|move|p1a: Incineroar|Taunt|p2a: Amoonguss
|-start|p2a: Amoonguss|move: Taunt
|-enditem|p2a: Amoonguss|Mental Herb
|-end|p2a: Amoonguss|move: Taunt
|move|p2a: Amoonguss|Spore|p1b: Pelipper
|-status|p1b: Pelipper|slp|[from] move: Spore
|
|-weather|none
|upkeep
|turn|6
|inactive|varrun has 30 seconds left.
|
|t:|1757057454
|switch|p2a: Pelipper|Pelipper, L50, F|1/100
|-weather|RainDance|[from] ability: Drizzle|[of] p2a: Pelipper
|cant|p1b: Pelipper|slp
|move|p1a: Incineroar|Knock Off|p2b: Archaludon
|-damage|p2b: Archaludon|70/100
|-enditem|p2b: Archaludon|Power Herb|[from] move: Knock Off|[of] p1a: Incineroar
|move|p2b: Archaludon|Electro Shot||[still]
|-prepare|p2b: Archaludon|Electro Shot
|-boost|p2b: Archaludon|spa|1
|-anim|p2b: Archaludon|Electro Shot|p1a: Incineroar
|-damage|p1a: Incineroar|12/100
|
|-weather|RainDance|[upkeep]
|upkeep
|turn|7
|
|t:|1757057477
|cant|p1b: Pelipper|slp
|move|p1a: Incineroar|Parting Shot|p2b: Archaludon
|-unboost|p2b: Archaludon|atk|1
|-unboost|p2b: Archaludon|spa|1
|
|t:|1757057483
|switch|p1a: Amoonguss|Amoonguss, L50, F|100/100|[from] Parting Shot
|move|p2b: Archaludon|Electro Shot||[still]
|-prepare|p2b: Archaludon|Electro Shot
|-boost|p2b: Archaludon|spa|1
|-anim|p2b: Archaludon|Electro Shot|p1a: Amoonguss
|-resisted|p1a: Amoonguss
|-damage|p1a: Amoonguss|46/100
|move|p2a: Pelipper|Tailwind|p2a: Pelipper
|-sidestart|p2: Oldarbladeborn|move: Tailwind
|
|-weather|RainDance|[upkeep]
|upkeep
|turn|8
|inactive|Oldarbladeborn has 30 seconds left.
|
|t:|1757057510
|switch|p2a: Amoonguss|Amoonguss, L50, F|100/100
|move|p1a: Amoonguss|Rage Powder|p1a: Amoonguss
|-singleturn|p1a: Amoonguss|move: Rage Powder
|move|p2b: Archaludon|Electro Shot||[still]
|-prepare|p2b: Archaludon|Electro Shot
|-boost|p2b: Archaludon|spa|1
|-anim|p2b: Archaludon|Electro Shot|p1a: Amoonguss
|-resisted|p1a: Amoonguss
|-damage|p1a: Amoonguss|0 fnt
|faint|p1a: Amoonguss
|-curestatus|p1b: Pelipper|slp|[msg]
|move|p1b: Pelipper|Hurricane|p2b: Archaludon
|-supereffective|p2b: Archaludon
|-damage|p2b: Archaludon|0 fnt
|faint|p2b: Archaludon
|
|-weather|RainDance|[upkeep]
|-sideend|p1: varrun|move: Tailwind
|upkeep
|
|t:|1757057529
|switch|p2b: Basculegion|Basculegion, L50, M|91/100
|switch|p1a: Incineroar|Incineroar, L50, F|12/100
|-ability|p1a: Incineroar|Intimidate|boost
|-unboost|p2a: Amoonguss|atk|1
|-unboost|p2b: Basculegion|atk|1
|turn|9
|inactive|Oldarbladeborn has 30 seconds left.
|inactive|Oldarbladeborn has 20 seconds left.
|
|t:|1757057567
|move|p2a: Amoonguss|Protect|p2a: Amoonguss
|-singleturn|p2a: Amoonguss|Protect
|move|p2b: Basculegion|Aqua Jet|p1a: Incineroar
|-supereffective|p1a: Incineroar
|-damage|p1a: Incineroar|0 fnt
|faint|p1a: Incineroar
|-damage|p2b: Basculegion|81/100|[from] item: Life Orb
|move|p1b: Pelipper|Hurricane|p2a: Amoonguss
|-activate|p2a: Amoonguss|move: Protect
|
|-weather|RainDance|[upkeep]
|upkeep
|turn|10
|
|t:|1757057588
|switch|p2a: Pelipper|Pelipper, L50, F|1/100
|move|p2b: Basculegion|Flip Turn|p1b: Pelipper
|-supereffective|p1b: Pelipper
|-enditem|p1b: Pelipper|Focus Sash
|-damage|p1b: Pelipper|1/100
|-damage|p2b: Basculegion|71/100|[from] item: Life Orb
|
|t:|1757057595
|switch|p2b: Amoonguss|Amoonguss, L50, F|100/100|[from] Flip Turn
|move|p1b: Pelipper|Hurricane|p2a: Pelipper
|-damage|p2a: Pelipper|0 fnt
|faint|p2a: Pelipper
|
|-weather|none
|-sideend|p2: Oldarbladeborn|move: Tailwind
|upkeep
|
|t:|1757057601
|switch|p2a: Basculegion|Basculegion, L50, M|71/100
|turn|11
|
|t:|1757057609
|move|p2a: Basculegion|Aqua Jet|p1b: Pelipper
|-supereffective|p1b: Pelipper
|-damage|p1b: Pelipper|0 fnt
|faint|p1b: Pelipper
|-damage|p2a: Basculegion|62/100|[from] item: Life Orb
|
|win|Oldarbladeborn
||varrun is ready for game 2.
