|j|☆NyulaDraws
|j|☆nuzzum
|html|NyulaDrawsnuzzum    
|uhtml|bestof|Game 1 of a best-of-3
|t:|1783442014
|gametype|doubles
|player|p1|NyulaDraws|backpacker|1169
|player|p2|nuzzum|veteran|1191
|gen|9
|tier|[Gen 9 Champions] VGC 2026 Reg M-B (Bo3)
|rated|
|rule|Species Clause: Limit one of each Pokémon
|rule|Item Clause: Limit 1 of each item
|clearpoke
|poke|p1|Blastoise, L50, F|
|poke|p1|Delphox, L50, F, shiny|
|poke|p1|Incineroar, L50, M|
|poke|p1|Sneasler, L50, M|
|poke|p1|Sinistcha, L50|
|poke|p1|Maushold-Four, L50|
|poke|p2|Raichu, L50, F|
|poke|p2|Archaludon, L50, M|
|poke|p2|Pelipper, L50, M|
|poke|p2|Swampert, L50, F|
|poke|p2|Meowscarada, L50, F|
|poke|p2|Scizor, L50, F|
|teampreview|4
|showteam|p1|Blastoise||Blastoisinite|RainDish|WaterSpout,DarkPulse,ShellSmash,Protect|Modest||F|||50|]Delphox||Delphoxite|Blaze|HeatWave,Psyshock,NastyPlot,Protect|Timid||F|||50|]Incineroar||SitrusBerry|Intimidate|FakeOut,FlareBlitz,ThroatChop,PartingShot|Impish||M|||50|]Sneasler||FocusSash|PoisonTouch|FakeOut,CloseCombat,DireClaw,QuickGuard|Jolly||M|||50|]Sinistcha||KasibBerry|Hospitality|MatchaGotcha,LifeDew,RagePowder,Protect|Bold|||||50|]Maushold-Four||ChopleBerry|FriendGuard|SuperFang,Feint,FollowMe,SunnyDay|Impish|||||50|
|showteam|p2|Raichu||RaichuniteX|Static|RisingVoltage,VoltSwitch,FakeOut,AlluringVoice|Modest||F|||50|]Archaludon||Leftovers|Stamina|ElectroShot,DragonPulse,FlashCannon,Protect|Modest||M|||50|]Pelipper||DampRock|Drizzle|Hurricane,WeatherBall,Protect,Tailwind|Relaxed||M|||50|]Swampert||Swampertite|Torrent|WaveCrash,HighHorsepower,IcePunch,Protect|Adamant||F|||50|]Meowscarada||ChoiceScarf|Protean|KnockOff,FlowerTrick,TripleAxel,Uturn|Jolly||F|||50|]Scizor||LifeOrb|Technician|DualWingbeat,BulletPunch,CloseCombat,Protect|Adamant||F|||50|
|
|t:|1783442050
|teamsize|p1|4
|teamsize|p2|4
|start
|switch|p1a: Delphox|Delphox, L50, F, shiny|100/100
|switch|p1b: Maushold|Maushold-Four, L50|100/100
|switch|p2a: Raichu|Raichu, L50, F|100/100
|switch|p2b: Archaludon|Archaludon, L50, M|100/100
|turn|1
|inactive|Battle timer is ON: inactive players will automatically lose when time's up. (requested by NyulaDraws)
|
|t:|1783442077
|detailschange|p1a: Delphox|Delphox-Mega, L50, F, shiny
|-mega|p1a: Delphox|Delphox|Delphoxite
|move|p1b: Maushold|Follow Me|p1b: Maushold
|-singleturn|p1b: Maushold|move: Follow Me
|move|p1a: Delphox|Heat Wave|p2b: Archaludon|[spread] p2a,p2b
|-damage|p2a: Raichu|40/100
|-damage|p2b: Archaludon|51/100
|-ability|p2b: Archaludon|Stamina|boost
|-boost|p2b: Archaludon|def|1
|move|p2a: Raichu|Volt Switch|p1b: Maushold
|-damage|p1b: Maushold|66/100
|
|t:|1783442087
|switch|p2a: Pelipper|Pelipper, L50, M|100/100|[from] Volt Switch
|-weather|RainDance|[from] ability: Drizzle|[of] p2a: Pelipper
|move|p2b: Archaludon|Electro Shot||[still]
|-prepare|p2b: Archaludon|Electro Shot
|-boost|p2b: Archaludon|spa|1
|-anim|p2b: Archaludon|Electro Shot|p1b: Maushold
|-damage|p1b: Maushold|0 fnt
|faint|p1b: Maushold
|
|-weather|RainDance|[upkeep]
|-heal|p2b: Archaludon|57/100|[from] item: Leftovers
|upkeep
|
|t:|1783442101
|switch|p1b: Incineroar|Incineroar, L50, M|100/100
|-ability|p1b: Incineroar|Intimidate|boost
|-unboost|p2a: Pelipper|atk|1
|-unboost|p2b: Archaludon|atk|1
|turn|2
|
|t:|1783442112
|move|p1b: Incineroar|Fake Out|p2a: Pelipper
|-damage|p2a: Pelipper|91/100
|move|p1a: Delphox|Heat Wave|p2a: Pelipper|[spread] p2a,p2b
|-resisted|p2a: Pelipper|1
|-damage|p2a: Pelipper|78/100
|-damage|p2b: Archaludon|35/100
|-ability|p2b: Archaludon|Stamina|boost
|-boost|p2b: Archaludon|def|1
|move|p2b: Archaludon|Electro Shot||[still]
|-prepare|p2b: Archaludon|Electro Shot
|-boost|p2b: Archaludon|spa|1
|-anim|p2b: Archaludon|Electro Shot|p1b: Incineroar
|-crit|p1b: Incineroar
|-damage|p1b: Incineroar|0 fnt
|faint|p1b: Incineroar
|cant|p2a: Pelipper|flinch
|
|-weather|RainDance|[upkeep]
|-heal|p2b: Archaludon|41/100|[from] item: Leftovers
|upkeep
|
|t:|1783442124
|switch|p1b: Sinistcha|Sinistcha, L50|100/100
|turn|3
|
|t:|1783442143
|move|p1a: Delphox|Heat Wave|p2a: Pelipper|[spread] p2a,p2b
|-resisted|p2a: Pelipper|1
|-crit|p2a: Pelipper
|-damage|p2a: Pelipper|61/100
|-damage|p2b: Archaludon|18/100
|-ability|p2b: Archaludon|Stamina|boost
|-boost|p2b: Archaludon|def|1
|move|p2b: Archaludon|Dragon Pulse|p1b: Sinistcha
|-damage|p1b: Sinistcha|20/100y
|move|p1b: Sinistcha|Matcha Gotcha|p2b: Archaludon|[spread] p2a,p2b
|-crit|p2a: Pelipper
|-resisted|p2b: Archaludon|2
|-damage|p2a: Pelipper|11/100
|-heal|p1b: Sinistcha|43/100|[from] drain|[of] p2a: Pelipper
|-damage|p2b: Archaludon|11/100
|-heal|p1b: Sinistcha|47/100|[from] drain|[of] p2b: Archaludon
|-ability|p2b: Archaludon|Stamina|boost
|-boost|p2b: Archaludon|def|1
|move|p2a: Pelipper|Hurricane|p1b: Sinistcha
|-supereffective|p1b: Sinistcha|1
|-damage|p1b: Sinistcha|0 fnt
|faint|p1b: Sinistcha
|
|-weather|RainDance|[upkeep]
|-heal|p2b: Archaludon|17/100|[from] item: Leftovers
|upkeep
|turn|4
|inactive|nuzzum has 30 seconds left.
|
|t:|1783442170
|move|p1a: Delphox|Heat Wave|p2a: Pelipper|[spread] p2a,p2b
|-resisted|p2a: Pelipper|1
|-damage|p2a: Pelipper|0 fnt
|-damage|p2b: Archaludon|0 fnt
|faint|p2a: Pelipper
|faint|p2b: Archaludon
|
|-weather|RainDance|[upkeep]
|upkeep
|
|t:|1783442176
|switch|p2b: Raichu|Raichu, L50, F|40/100
|switch|p2a: Swampert|Swampert, L50, F|100/100
|turn|5
|
|t:|1783442183
|detailschange|p2a: Swampert|Swampert-Mega, L50, F
|-mega|p2a: Swampert|Swampert|Swampertite
|move|p1a: Delphox|Protect|p1a: Delphox
|-singleturn|p1a: Delphox|Protect
|move|p2b: Raichu|Fake Out|p1a: Delphox
|-activate|p1a: Delphox|move: Protect
|move|p2a: Swampert|Wave Crash|p1a: Delphox
|-activate|p1a: Delphox|move: Protect
|
|-weather|RainDance|[upkeep]
|upkeep
|turn|6
|
|t:|1783442199
|move|p1a: Delphox|Psyshock|p2a: Swampert
|-damage|p2a: Swampert|66/100
|move|p2a: Swampert|Wave Crash|p1a: Delphox
|-supereffective|p1a: Delphox|1
|-damage|p1a: Delphox|0 fnt
|faint|p1a: Delphox
|-damage|p2a: Swampert|40/100|[from] Recoil
|
|win|nuzzum
||NyulaDraws is ready for game 2.
||nuzzum is ready for game 2.
|uhtml|next|Next: Game 2 of 3
|l|☆nuzzum
|player|p2|
