|j|☆secureabag
|j|☆jowemama
|html|secureabagjowemama    
|uhtml|bestof|Game 3 of a best-of-3
|t:|1756655407
|gametype|doubles
|player|p1|secureabag|2|1061
|player|p2|jowemama|scientistf|1154
|gen|9
|tier|[Gen 9] VGC 2025 Reg H (Bo3)
|rated|
|rule|Species Clause: Limit one of each Pokémon
|rule|Item Clause: Limit 1 of each item
|clearpoke
|poke|p1|Politoed, L50, M|
|poke|p1|Gothitelle, L50, M|
|poke|p1|Incineroar, L50, F|
|poke|p1|Amoonguss, L50, F|
|poke|p1|Kingdra, L50, M|
|poke|p1|Archaludon, L50, M|
|poke|p2|Pelipper, L50, M|
|poke|p2|Archaludon, L50, M|
|poke|p2|Dragonite, L50, F|
|poke|p2|Incineroar, L50, M|
|poke|p2|Ursaluna, L50, F|
|poke|p2|Sinistcha, L50|
|teampreview|4
|showteam|p1|Politoed||Leftovers|Drizzle|Protect,WeatherBall,PerishSong,Encore|||M|||50|,,,,,Grass]Gothitelle||SitrusBerry|ShadowTag|Protect,Psychic,FakeOut,TrickRoom|||M|||50|,,,,,Dark]Incineroar||SafetyGoggles|Intimidate|Protect,KnockOff,FakeOut,PartingShot|||F|||50|,,,,,Ghost]Amoonguss||EjectButton|Regenerator|Protect,RagePowder,PollenPuff,Spore|||F|||50|,,,,,Fairy]Kingdra||LifeOrb|SwiftSwim|Protect,WeatherBall,DracoMeteor,MuddyWater|||M|||50|,,,,,Stellar]Archaludon||PowerHerb|Sturdy|Protect,ElectroShot,DragonPulse,FlashCannon|||M|||50|,,,,,Electric
|showteam|p2|Pelipper||FocusSash|Drizzle|WeatherBall,Hurricane,Tailwind,Protect|||M|||50|,,,,,Ghost]Archaludon||AssaultVest|Stamina|FlashCannon,ElectroShot,BodyPress,Snarl|||M|||50|,,,,,Bug]Dragonite||LoadedDice|Multiscale|ScaleShot,Tailwind,Haze,Protect|||F|||50|,,,,,Fairy]Incineroar||SafetyGoggles|Intimidate|KnockOff,WillOWisp,PartingShot,FakeOut|||M|||50|,,,,,Bug]Ursaluna||FlameOrb|Guts|Facade,HeadlongRush,Earthquake,Protect|||F|||50|,,,,,Ghost]Sinistcha||SitrusBerry|Hospitality|MatchaGotcha,LifeDew,RagePowder,TrickRoom||||||50|,,,,,Dark
|inactive|Battle timer is ON: inactive players will automatically lose when time's up. (requested by jowemama)
|
|t:|1756655431
|teamsize|p1|4
|teamsize|p2|4
|start
|switch|p1a: Incineroar|Incineroar, L50, F|100/100
|switch|p1b: Amoonguss|Amoonguss, L50, F|100/100
|switch|p2a: Incineroar|Incineroar, L50, M|100/100
|switch|p2b: Ursaluna|Ursaluna, L50, F|100/100
|-ability|p2a: Incineroar|Intimidate|boost
|-unboost|p1a: Incineroar|atk|1
|-unboost|p1b: Amoonguss|atk|1
|-ability|p1a: Incineroar|Intimidate|boost
|-unboost|p2a: Incineroar|atk|1
|-unboost|p2b: Ursaluna|atk|1
|turn|1
|
|t:|1756655448
|-terastallize|p1a: Incineroar|Ghost
|move|p1b: Amoonguss|Rage Powder|p1b: Amoonguss
|-singleturn|p1b: Amoonguss|move: Rage Powder
|move|p2a: Incineroar|Will-O-Wisp|p2b: Ursaluna
|-status|p2b: Ursaluna|brn
|move|p2b: Ursaluna|Facade|p1b: Amoonguss
|-damage|p1b: Amoonguss|39/100
|-enditem|p1b: Amoonguss|Eject Button
|
|t:|1756655462
|switch|p1b: Archaludon|Archaludon, L50, M|100/100
|move|p1a: Incineroar|Knock Off|p2b: Ursaluna
|-damage|p2b: Ursaluna|77/100 brn
|-enditem|p2b: Ursaluna|Flame Orb|[from] move: Knock Off|[of] p1a: Incineroar
|
|-damage|p2b: Ursaluna|72/100 brn|[from] brn
|upkeep
|turn|2
|
|t:|1756655478
|switch|p2b: Sinistcha|Sinistcha, L50|100/100
|move|p1b: Archaludon|Electro Shot||[still]
|-prepare|p1b: Archaludon|Electro Shot
|-boost|p1b: Archaludon|spa|1
|-enditem|p1b: Archaludon|Power Herb
|-anim|p1b: Archaludon|Electro Shot|p2a: Incineroar
|-damage|p2a: Incineroar|39/100
|move|p2a: Incineroar|Parting Shot|p1b: Archaludon
|-unboost|p1b: Archaludon|atk|1
|-unboost|p1b: Archaludon|spa|1
|
|t:|1756655489
|switch|p2a: Ursaluna|Ursaluna, L50, F|72/100 brn|[from] Parting Shot
|move|p1a: Incineroar|Parting Shot|p2b: Sinistcha
|-unboost|p2b: Sinistcha|atk|1
|-unboost|p2b: Sinistcha|spa|1
|
|t:|1756655492
|switch|p1a: Kingdra|Kingdra, L50, M|100/100|[from] Parting Shot
|
|-damage|p2a: Ursaluna|66/100 brn|[from] brn
|upkeep
|turn|3
|inactive|jowemama has 30 seconds left.
|
|t:|1756655519
|-terastallize|p2a: Ursaluna|Ghost
|move|p2b: Sinistcha|Rage Powder|p2b: Sinistcha
|-singleturn|p2b: Sinistcha|move: Rage Powder
|move|p1b: Archaludon|Dragon Pulse|p2b: Sinistcha
|-damage|p2b: Sinistcha|63/100
|move|p1a: Kingdra|Draco Meteor|p2b: Sinistcha
|-damage|p2b: Sinistcha|0 fnt
|-unboost|p1a: Kingdra|spa|2
|faint|p2b: Sinistcha
|-damage|p1a: Kingdra|91/100|[from] item: Life Orb
|move|p2a: Ursaluna|Earthquake|p1a: Kingdra|[spread] p1a,p1b
|-supereffective|p1b: Archaludon
|-damage|p1a: Kingdra|4/100
|-ability|p1b: Archaludon|Sturdy
|-damage|p1b: Archaludon|1/100
|
|-damage|p2a: Ursaluna|60/100 brn|[from] brn
|upkeep
|inactive|jowemama has 30 seconds left.
|
|t:|1756655547
|switch|p2b: Dragonite|Dragonite, L50, F|100/100
|turn|4
|
|t:|1756655566
|switch|p1a: Amoonguss|Amoonguss, L50, F|72/100
|switch|p2a: Incineroar|Incineroar, L50, M|39/100
|-ability|p2a: Incineroar|Intimidate|boost
|-unboost|p1a: Amoonguss|atk|1
|-unboost|p1b: Archaludon|atk|1
|move|p1b: Archaludon|Dragon Pulse|p2b: Dragonite
|-supereffective|p2b: Dragonite
|-damage|p2b: Dragonite|56/100
|move|p2b: Dragonite|Scale Shot|p1b: Archaludon
|-damage|p1b: Archaludon|0 fnt
|faint|p1b: Archaludon
|-hitcount|p1: Archaludon|1
|-unboost|p2b: Dragonite|def|1
|-boost|p2b: Dragonite|spe|1
|
|upkeep
|
|t:|1756655580
|switch|p1b: Incineroar|Incineroar, L50, F, tera:Ghost|100/100
|-ability|p1b: Incineroar|Intimidate|boost
|-unboost|p2a: Incineroar|atk|1
|-unboost|p2b: Dragonite|atk|1
|turn|5
|
|t:|1756655596
|move|p2b: Dragonite|Protect|p2b: Dragonite
|-singleturn|p2b: Dragonite|Protect
|move|p1b: Incineroar|Fake Out|p2a: Incineroar
|-damage|p2a: Incineroar|29/100
|cant|p2a: Incineroar|flinch
|move|p1a: Amoonguss|Spore|p2b: Dragonite
|-activate|p2b: Dragonite|move: Protect
|
|upkeep
|turn|6
|
|t:|1756655606
|move|p1a: Amoonguss|Rage Powder|p1a: Amoonguss
|-singleturn|p1a: Amoonguss|move: Rage Powder
|move|p2b: Dragonite|Tailwind|p2b: Dragonite
|-sidestart|p2: jowemama|move: Tailwind
|move|p2a: Incineroar|Knock Off|p1b: Incineroar
|-supereffective|p1b: Incineroar
|-damage|p1b: Incineroar|56/100
|-enditem|p1b: Incineroar|Safety Goggles|[from] move: Knock Off|[of] p2a: Incineroar
|move|p1b: Incineroar|Knock Off|p2b: Dragonite
|-damage|p2b: Dragonite|0 fnt
|-enditem|p2b: Dragonite|Loaded Dice|[from] move: Knock Off|[of] p1b: Incineroar
|faint|p2b: Dragonite
|
|upkeep
|
|t:|1756655615
|switch|p2b: Ursaluna|Ursaluna, L50, F, tera:Ghost|60/100 brn
|turn|7
|inactive|secureabag has 30 seconds left.
|
|t:|1756655643
|move|p1b: Incineroar|Protect|p1b: Incineroar
|-singleturn|p1b: Incineroar|Protect
|move|p1a: Amoonguss|Protect|p1a: Amoonguss
|-singleturn|p1a: Amoonguss|Protect
|move|p2a: Incineroar|Knock Off|p1a: Amoonguss
|-activate|p1a: Amoonguss|move: Protect
|move|p2b: Ursaluna|Earthquake|p1a: Amoonguss|[spread] p2a
|-activate|p1a: Amoonguss|move: Protect
|-activate|p1b: Incineroar|move: Protect
|-supereffective|p2a: Incineroar
|-damage|p2a: Incineroar|0 fnt
|faint|p2a: Incineroar
|
|-damage|p2b: Ursaluna|54/100 brn|[from] brn
|upkeep
|turn|8
|inactive|secureabag has 30 seconds left.
|
|t:|1756655673
|switch|p1b: Kingdra|Kingdra, L50, M|4/100
|move|p2b: Ursaluna|Earthquake|p1a: Amoonguss|[spread] p1a,p1b
|-damage|p1a: Amoonguss|22/100
|-damage|p1b: Kingdra|0 fnt
|faint|p1b: Kingdra
|move|p1a: Amoonguss|Pollen Puff|p2b: Ursaluna
|-resisted|p2b: Ursaluna
|-damage|p2b: Ursaluna|45/100 brn
|
|-damage|p2b: Ursaluna|40/100 brn|[from] brn
|upkeep
|
|t:|1756655683
|switch|p1b: Incineroar|Incineroar, L50, F, tera:Ghost|56/100
|-ability|p1b: Incineroar|Intimidate|boost
|-unboost|p2b: Ursaluna|atk|1
|turn|9
|
|t:|1756655707
|move|p1b: Incineroar|Protect|p1b: Incineroar
|-singleturn|p1b: Incineroar|Protect
|move|p1a: Amoonguss|Protect|p1a: Amoonguss
|-singleturn|p1a: Amoonguss|Protect
|move|p2b: Ursaluna|Headlong Rush|p1b: Incineroar
|-activate|p1b: Incineroar|move: Protect
|
|-damage|p2b: Ursaluna|34/100 brn|[from] brn
|-sideend|p2: jowemama|move: Tailwind
|upkeep
|turn|10
|
|t:|1756655722
|move|p1a: Amoonguss|Rage Powder|p1a: Amoonguss
|-singleturn|p1a: Amoonguss|move: Rage Powder
|move|p2b: Ursaluna|Earthquake|p1b: Incineroar|[spread] p1a,p1b
|-damage|p1a: Amoonguss|0 fnt
|-damage|p1b: Incineroar|13/100
|faint|p1a: Amoonguss
|move|p1b: Incineroar|Knock Off|p2b: Ursaluna
|-supereffective|p2b: Ursaluna
|-damage|p2b: Ursaluna|0 fnt
|faint|p2b: Ursaluna
|
|win|secureabag
|raw|secureabag's rating: 1061 → 1100(+39 for winning)
|raw|jowemama's rating: 1154 → 1122(-32 for losing)
|c|☆jowemama|ggwp
|c|☆secureabag|Gg
|l|☆secureabag
|player|p1|
