|j|☆mitcel
|j|☆natsukivgc
|html|mitcelnatsukivgc    
|uhtml|bestof|Game 2 of a best-of-3
|t:|1785390082
|gametype|doubles
|player|p1|mitcel|ethan|1144
|player|p2|natsukivgc|1|1206
|gen|9
|tier|[Gen 9 Champions] VGC 2026 Reg M-B (Bo3)
|rated|
|rule|Species Clause: Limit one of each Pokémon
|rule|Item Clause: Limit 1 of each item
|clearpoke
|poke|p1|Incineroar, L50, M|
|poke|p1|Dedenne, L50, M, shiny|
|poke|p1|Ninetales-Alola, L50, F|
|poke|p1|Dragonite, L50, F|
|poke|p1|Sceptile, L50, F|
|poke|p1|Empoleon, L50, F, shiny|
|poke|p2|Garchomp, L50, F|
|poke|p2|Venusaur, L50, F|
|poke|p2|Incineroar, L50, M|
|poke|p2|Charizard, L50, F|
|poke|p2|Toxapex, L50, F|
|poke|p2|Annihilape, L50, F|
|teampreview|4
|showteam|p1|Incineroar||Charcoal|Blaze|FakeOut,FlareBlitz,PartingShot,ThroatChop|Adamant||M|||50|]Dedenne||ShucaBerry|Plus|Protect,Nuzzle,Entrainment,SuperFang|Bold||M|||50|]Ninetales-Alola||FocusSash|SnowWarning|Blizzard,AuroraVeil,DazzlingGleam,Protect|Timid||F|||50|]Dragonite||Dragoninite|Multiscale|Tailwind,DracoMeteor,HeatWave,Protect|Modest||F|||50|]Sceptile||SitrusBerry|Unburden|LeafStorm,ShedTail,QuickGuard,EarthPower|Modest||F|||50|]Empoleon||LifeOrb|Competitive|FlashCannon,HydroPump,IceBeam,Protect|Modest||F|||50|
|showteam|p2|Garchomp||ChoiceScarf|RoughSkin|Earthquake,DragonClaw,StompingTantrum,RockSlide|Adamant||F|||50|]Venusaur||LifeOrb|Chlorophyll|SolarBeam,SludgeBomb,EarthPower,Protect|Modest||F|||50|]Incineroar||SitrusBerry|Intimidate|FlareBlitz,ThroatChop,FakeOut,PartingShot|Impish||M|||50|]Charizard||CharizarditeY|Blaze|HeatWave,WeatherBall,HelpingHand,Protect|Modest||F|||50|]Toxapex||Leftovers|Regenerator|Infestation,Toxic,WideGuard,BanefulBunker|Bold||F|||50|]Annihilape||FocusSash|Defiant|CloseCombat,PhantomForce,StealthRock,Protect|Jolly||F|||50|
|
|t:|1785390128
|teamsize|p1|4
|teamsize|p2|4
|start
|switch|p1a: Empoleon|Empoleon, L50, F, shiny|100/100
|switch|p1b: Dedenne|Dedenne, L50, M, shiny|100/100
|switch|p2a: Garchomp|Garchomp, L50, F|100/100
|switch|p2b: Toxapex|Toxapex, L50, F|100/100
|turn|1
|
|t:|1785390200
|switch|p1b: Dragonite|Dragonite, L50, F|100/100
|switch|p2b: Charizard|Charizard, L50, F|100/100
|move|p2a: Garchomp|Earthquake|p1b: Dragonite|[spread] p1a
|-immune|p2b: Charizard
|-immune|p1b: Dragonite
|-supereffective|p1a: Empoleon|1
|-damage|p1a: Empoleon|25/100
|move|p1a: Empoleon|Ice Beam|p2a: Garchomp
|-supereffective|p2a: Garchomp|2
|-damage|p2a: Garchomp|0 fnt
|faint|p2a: Garchomp
|-damage|p1a: Empoleon|16/100|[from] item: Life Orb
|
|upkeep
|
|t:|1785390223
|switch|p2a: Toxapex|Toxapex, L50, F|100/100
|turn|2
|
|t:|1785390239
|detailschange|p1b: Dragonite|Dragonite-Mega, L50, F
|-mega|p1b: Dragonite|Dragonite|Dragoninite
|detailschange|p2b: Charizard|Charizard-Mega-Y, L50, F
|-mega|p2b: Charizard|Charizard|Charizardite Y
|-weather|SunnyDay|[from] ability: Drought|[of] p2b: Charizard
|move|p1a: Empoleon|Protect|p1a: Empoleon
|-singleturn|p1a: Empoleon|Protect
|move|p1b: Dragonite|Tailwind|p1b: Dragonite
|-sidestart|p1: mitcel|move: Tailwind
|move|p2b: Charizard|Weather Ball|p1a: Empoleon
|-activate|p1a: Empoleon|move: Protect
|move|p2a: Toxapex|Infestation|p1b: Dragonite
|-resisted|p1b: Dragonite|1
|-damage|p1b: Dragonite|99/100
|-activate|p1b: Dragonite|move: Infestation|[of] p2a: Toxapex
|
|-weather|SunnyDay|[upkeep]
|-damage|p1b: Dragonite|87/100|[from] move: Infestation|[partiallytrapped]
|upkeep
|turn|3
|
|t:|1785390271
|move|p1b: Dragonite|Draco Meteor|p2b: Charizard
|-damage|p2b: Charizard|39/100
|-unboost|p1b: Dragonite|spa|2
|move|p1a: Empoleon|Hydro Pump|p2b: Charizard
|-supereffective|p2b: Charizard|1
|-crit|p2b: Charizard
|-damage|p2b: Charizard|0 fnt
|faint|p2b: Charizard
|-damage|p1a: Empoleon|6/100|[from] item: Life Orb
|move|p2a: Toxapex|Toxic|p1b: Dragonite
|-status|p1b: Dragonite|tox
|
|-weather|SunnyDay|[upkeep]
|-damage|p1b: Dragonite|81/100 tox|[from] psn
|-damage|p1b: Dragonite|68/100 tox|[from] move: Infestation|[partiallytrapped]
|upkeep
|
|t:|1785390286
|switch|p2b: Incineroar|Incineroar, L50, M|100/100
|-ability|p2b: Incineroar|Intimidate|boost
|-unboost|p1a: Empoleon|atk|1
|-ability|p1a: Empoleon|Competitive|boost
|-boost|p1a: Empoleon|spa|2
|-unboost|p1b: Dragonite|atk|1
|turn|4
|
|t:|1785390325
|move|p1a: Empoleon|Protect|p1a: Empoleon
|-singleturn|p1a: Empoleon|Protect
|move|p2b: Incineroar|Fake Out|p1a: Empoleon
|-activate|p1a: Empoleon|move: Protect
|move|p1b: Dragonite|Heat Wave|p2b: Incineroar|[spread] p2a,p2b
|-resisted|p2a: Toxapex|1
|-resisted|p2b: Incineroar|1
|-damage|p2a: Toxapex|92/100
|-damage|p2b: Incineroar|91/100
|move|p2a: Toxapex|Infestation|p1a: Empoleon
|-activate|p1a: Empoleon|move: Protect
|
|-weather|SunnyDay|[upkeep]
|-heal|p2a: Toxapex|98/100|[from] item: Leftovers
|-damage|p1b: Dragonite|56/100 tox|[from] psn
|-damage|p1b: Dragonite|44/100 tox|[from] move: Infestation|[partiallytrapped]
|upkeep
|turn|5
|
|t:|1785390348
|move|p1b: Dragonite|Heat Wave|p2a: Toxapex|[spread] p2a,p2b
|-resisted|p2a: Toxapex|1
|-resisted|p2b: Incineroar|1
|-damage|p2a: Toxapex|90/100
|-damage|p2b: Incineroar|82/100
|move|p1a: Empoleon|Hydro Pump|p2b: Incineroar
|-supereffective|p2b: Incineroar|1
|-damage|p2b: Incineroar|0 fnt
|faint|p2b: Incineroar
|-damage|p1a: Empoleon|0 fnt|[from] item: Life Orb
|faint|p1a: Empoleon
|move|p2a: Toxapex|Infestation|p1b: Dragonite
|-resisted|p1b: Dragonite|1
|-damage|p1b: Dragonite|43/100 tox
|
|-weather|SunnyDay|[upkeep]
|-heal|p2a: Toxapex|96/100|[from] item: Leftovers
|-damage|p1b: Dragonite|25/100 tox|[from] psn
|-damage|p1b: Dragonite|12/100 tox|[from] move: Infestation|[partiallytrapped]
|-sideend|p1: mitcel|move: Tailwind
|upkeep
|
|t:|1785390370
|switch|p1a: Dedenne|Dedenne, L50, M, shiny|100/100
|turn|6
|
|t:|1785390380
|move|p1b: Dragonite|Tailwind|p1b: Dragonite
|-sidestart|p1: mitcel|move: Tailwind
|move|p1a: Dedenne|Super Fang|p2a: Toxapex
|-damage|p2a: Toxapex|48/100
|move|p2a: Toxapex|Toxic|p1a: Dedenne
|-status|p1a: Dedenne|tox
|
|-weather|none
|-heal|p2a: Toxapex|54/100|[from] item: Leftovers
|-damage|p1b: Dragonite|0 fnt|[from] psn
|faint|p1b: Dragonite
|-damage|p1a: Dedenne|94/100 tox|[from] psn
|upkeep
|
|t:|1785390391
|switch|p1b: Ninetales|Ninetales-Alola, L50, F|100/100
|-weather|Snowscape|[from] ability: Snow Warning|[of] p1b: Ninetales
|turn|7
|
|t:|1785390400
|move|p2a: Toxapex|Baneful Bunker|p2a: Toxapex
|-singleturn|p2a: Toxapex|move: Protect
|move|p1b: Ninetales|Aurora Veil|p1b: Ninetales
|-sidestart|p1: mitcel|move: Aurora Veil
|move|p1a: Dedenne|Nuzzle|p2a: Toxapex
|-activate|p2a: Toxapex|move: Protect
|
|-weather|Snowscape|[upkeep]
|-heal|p2a: Toxapex|59/100|[from] item: Leftovers
|-damage|p1a: Dedenne|82/100 tox|[from] psn
|upkeep
|turn|8
|
|t:|1785390411
|move|p1b: Ninetales|Blizzard|p2a: Toxapex
|-resisted|p2a: Toxapex|1
|-damage|p2a: Toxapex|45/100
|move|p1a: Dedenne|Nuzzle|p2a: Toxapex
|-supereffective|p2a: Toxapex|1
|-crit|p2a: Toxapex
|-damage|p2a: Toxapex|36/100
|-status|p2a: Toxapex|par
|move|p2a: Toxapex|Toxic|p1b: Ninetales
|-status|p1b: Ninetales|tox
|
|-weather|Snowscape|[upkeep]
|-heal|p2a: Toxapex|42/100 par|[from] item: Leftovers
|-damage|p1b: Ninetales|93/100 tox|[from] psn
|-damage|p1a: Dedenne|65/100 tox|[from] psn
|upkeep
|turn|9
|
|t:|1785390433
|move|p2a: Toxapex|Baneful Bunker|p2a: Toxapex
|-singleturn|p2a: Toxapex|move: Protect
|move|p1b: Ninetales|Blizzard|p2a: Toxapex
|-activate|p2a: Toxapex|move: Protect
|move|p1a: Dedenne|Super Fang|p2a: Toxapex
|-activate|p2a: Toxapex|move: Protect
|
|-weather|Snowscape|[upkeep]
|-heal|p2a: Toxapex|47/100 par|[from] item: Leftovers
|-damage|p1b: Ninetales|81/100 tox|[from] psn
|-damage|p1a: Dedenne|42/100 tox|[from] psn
|-sideend|p1: mitcel|move: Tailwind
|upkeep
|turn|10
|
|t:|1785390447
|move|p2a: Toxapex|Wide Guard|p2a: Toxapex
|-singleturn|p2a: Toxapex|Wide Guard
|move|p1b: Ninetales|Blizzard|p2a: Toxapex
|-activate|p2a: Toxapex|move: Wide Guard
|move|p1a: Dedenne|Super Fang|p2a: Toxapex
|-damage|p2a: Toxapex|24/100 par
|
|-weather|Snowscape|[upkeep]
|-heal|p2a: Toxapex|29/100 par|[from] item: Leftovers
|-damage|p1b: Ninetales|63/100 tox|[from] psn
|-damage|p1a: Dedenne|13/100 tox|[from] psn
|upkeep
|turn|11
|c|☆natsukivgc|lmao
|
|t:|1785390468
|move|p2a: Toxapex|Wide Guard|p2a: Toxapex
|-singleturn|p2a: Toxapex|Wide Guard
|move|p1b: Ninetales|Blizzard|p2a: Toxapex
|-activate|p2a: Toxapex|move: Wide Guard
|move|p1a: Dedenne|Entrainment|p1b: Ninetales
|-ability|p1b: Ninetales|Plus|Snow Warning|[from] move: Entrainment|[of] p1a: Dedenne
|
|-weather|none
|-heal|p2a: Toxapex|35/100 par|[from] item: Leftovers
|-damage|p1b: Ninetales|38/100 tox|[from] psn
|-damage|p1a: Dedenne|0 fnt|[from] psn
|faint|p1a: Dedenne
|-sideend|p1: mitcel|move: Aurora Veil
|upkeep
|turn|12
|
|t:|1785390483
|move|p2a: Toxapex|Wide Guard|p2a: Toxapex
|-singleturn|p2a: Toxapex|Wide Guard
|move|p1b: Ninetales|Dazzling Gleam|p2a: Toxapex
|-activate|p2a: Toxapex|move: Wide Guard
|
|-heal|p2a: Toxapex|41/100 par|[from] item: Leftovers
|-damage|p1b: Ninetales|7/100 tox|[from] psn
|upkeep
|turn|13
|
|t:|1785390492
|move|p2a: Toxapex|Wide Guard|p2a: Toxapex
|-singleturn|p2a: Toxapex|Wide Guard
|move|p1b: Ninetales|Blizzard|p2a: Toxapex
|-activate|p2a: Toxapex|move: Wide Guard
|
|-heal|p2a: Toxapex|47/100 par|[from] item: Leftovers
|-damage|p1b: Ninetales|0 fnt|[from] psn
|faint|p1b: Ninetales
|
|win|natsukivgc
|raw|mitcel's rating: 1144 → 1123(-21 for losing)
|raw|natsukivgc's rating: 1206 → 1227(+21 for winning)
