|j|☆Xto80
|j|☆robotarmadillo
|html|Xto80robotarmadillo    
|uhtml|bestof|Game 1 of a best-of-3
|t:|1783087769
|gametype|doubles
|player|p1|Xto80|lucas|
|player|p2|robotarmadillo|blackbelt-gen4dp|
|gen|9
|tier|[Gen 9 Champions] VGC 2026 Reg M-B (Bo3)
|rule|Species Clause: Limit one of each Pokémon
|rule|Item Clause: Limit 1 of each item
|clearpoke
|poke|p1|Sableye, L50, M|
|poke|p1|Gengar, L50, M|
|poke|p1|Ninetales-Alola, L50, M|
|poke|p1|Tauros-Paldea-Aqua, L50, M|
|poke|p1|Samurott-Hisui, L50, F|
|poke|p1|Rhyperior, L50, F|
|poke|p2|Farigiraf, L50, M|
|poke|p2|Gardevoir, L50, F|
|poke|p2|Diggersby, L50, F|
|poke|p2|Incineroar, L50, F|
|poke|p2|Sneasler, L50, F|
|poke|p2|Samurott, L50, M|
|teampreview|4
|showteam|p1|Sableye||RoseliBerry|Prankster|FakeOut,Quash,WillOWisp,FoulPlay|Careful||M|||50|]Gengar||Gengarite|CursedBody|Taunt,Protect,ShadowBall,SludgeBomb|Timid||M|||50|]Ninetales-Alola||LightClay|SnowWarning|AuroraVeil,Safeguard,Blizzard,Moonblast|Timid||M|||50|]Tauros-Paldea-Aqua||SitrusBerry|Intimidate|WaveCrash,CloseCombat,RagingBull,RockTomb|Jolly||M|||50|]Samurott-Hisui||FocusSash|Sharpness|CeaselessEdge,RazorShell,AquaJet,SacredSword|Jolly||F|||50|]Rhyperior||HardStone|SolidRock|HighHorsepower,RockSlide,IcePunch,Protect|Adamant||F|||50|
|showteam|p2|Farigiraf||Leftovers|ArmorTail|TrickRoom,PsychicNoise,DazzlingGleam,Protect|Sassy||M|||50|]Gardevoir||Gardevoirite|Trace|HyperVoice,MysticalFire,Psyshock,Protect|Timid||F|||50|]Diggersby||LifeOrb|HugePower|HighHorsepower,IronHead,Facade,Protect|Jolly||F|||50|]Incineroar||SitrusBerry|Intimidate|FakeOut,PartingShot,FlareBlitz,DarkestLariat|Adamant||F|||50|]Sneasler||FocusSash|Unburden|CloseCombat,DireClaw,Feint,Protect|Jolly||F|||50|]Samurott||MysticWater|Torrent|Liquidation,BrickBreak,AquaJet,Protect|Adamant||M|||50|
|
|t:|1783087994
|teamsize|p1|4
|teamsize|p2|4
|start
|switch|p1a: Gengar|Gengar, L50, M|100/100
|switch|p1b: Ninetales|Ninetales-Alola, L50, M|100/100
|switch|p2a: Farigiraf|Farigiraf, L50, M|100/100
|switch|p2b: Incineroar|Incineroar, L50, F|100/100
|-weather|Snowscape|[from] ability: Snow Warning|[of] p1b: Ninetales
|-ability|p2b: Incineroar|Intimidate|boost
|-unboost|p1a: Gengar|atk|1
|-unboost|p1b: Ninetales|atk|1
|turn|1
|
|t:|1783088071
|detailschange|p1a: Gengar|Gengar-Mega, L50, M
|-mega|p1a: Gengar|Gengar|Gengarite
|move|p2b: Incineroar|Fake Out|p1b: Ninetales
|-damage|p1b: Ninetales|84/100
|move|p1a: Gengar|Taunt|p2a: Farigiraf
|-start|p2a: Farigiraf|move: Taunt
|cant|p1b: Ninetales|flinch
|cant|p2a: Farigiraf|move: Taunt|Trick Room
|
|-weather|Snowscape|[upkeep]
|upkeep
|turn|2
|
|t:|1783088210
|move|p1a: Gengar|Sludge Bomb|p2b: Incineroar
|-damage|p2b: Incineroar|49/100
|-enditem|p2b: Incineroar|Sitrus Berry|[eat]
|-heal|p2b: Incineroar|73/100|[from] item: Sitrus Berry
|move|p1b: Ninetales|Aurora Veil|p1b: Ninetales
|-sidestart|p1: Xto80|move: Aurora Veil
|move|p2b: Incineroar|Darkest Lariat|p1a: Gengar
|-supereffective|p1a: Gengar|1
|-damage|p1a: Gengar|11/100
|move|p2a: Farigiraf|Psychic Noise|p1a: Gengar
|-supereffective|p1a: Gengar|1
|-damage|p1a: Gengar|0 fnt
|faint|p1a: Gengar
|
|-weather|Snowscape|[upkeep]
|upkeep
|
|t:|1783088301
|switch|p1a: Tauros|Tauros-Paldea-Aqua, L50, M|100/100
|-ability|p1a: Tauros|Intimidate|boost
|-unboost|p2a: Farigiraf|atk|1
|-unboost|p2b: Incineroar|atk|1
|turn|3
|
|t:|1783088470
|switch|p2b: Diggersby|Diggersby, L50, F|100/100
|move|p1b: Ninetales|Blizzard|p2b: Diggersby|[spread] p2a,p2b
|-supereffective|p2b: Diggersby|1
|-damage|p2a: Farigiraf|75/100
|-damage|p2b: Diggersby|14/100
|-status|p2b: Diggersby|frz
|move|p1a: Tauros|Close Combat|p2b: Diggersby
|-supereffective|p2b: Diggersby|1
|-damage|p2b: Diggersby|0 fnt
|-unboost|p1a: Tauros|def|1
|-unboost|p1a: Tauros|spd|1
|faint|p2b: Diggersby
|move|p2a: Farigiraf|Dazzling Gleam|p1b: Ninetales|[spread] p1a,p1b
|-supereffective|p1a: Tauros|1
|-damage|p1a: Tauros|51/100
|-damage|p1b: Ninetales|71/100
|
|-weather|Snowscape|[upkeep]
|-heal|p2a: Farigiraf|81/100|[from] item: Leftovers
|-end|p2a: Farigiraf|move: Taunt
|upkeep
|
|t:|1783088539
|switch|p2b: Gardevoir|Gardevoir, L50, F|100/100
|-ability|p2b: Gardevoir|Snow Warning|Trace|[from] ability: Trace|[of] p1b: Ninetales
|turn|4
|
|t:|1783088680
|detailschange|p2b: Gardevoir|Gardevoir-Mega, L50, F
|-mega|p2b: Gardevoir|Gardevoir|Gardevoirite
|move|p2b: Gardevoir|Protect|p2b: Gardevoir
|-singleturn|p2b: Gardevoir|Protect
|move|p1b: Ninetales|Blizzard|p2b: Gardevoir|[spread] p2a
|-activate|p2b: Gardevoir|move: Protect
|-damage|p2a: Farigiraf|60/100
|move|p1a: Tauros|Rock Tomb|p2b: Gardevoir
|-activate|p2b: Gardevoir|move: Protect
|move|p2a: Farigiraf|Trick Room|p2a: Farigiraf
|-fieldstart|move: Trick Room|[of] p2a: Farigiraf
|
|-weather|Snowscape|[upkeep]
|-heal|p2a: Farigiraf|66/100|[from] item: Leftovers
|upkeep
|turn|5
|
|t:|1783088779
|switch|p1a: Rhyperior|Rhyperior, L50, F|100/100
|move|p2a: Farigiraf|Psychic Noise|p1b: Ninetales
|-damage|p1b: Ninetales|49/100
|-start|p1b: Ninetales|move: Heal Block
|move|p2b: Gardevoir|Hyper Voice|p1a: Rhyperior|[spread] p1a,p1b
|-damage|p1a: Rhyperior|59/100
|-damage|p1b: Ninetales|8/100
|move|p1b: Ninetales|Blizzard|p2a: Farigiraf|[spread] p2a,p2b
|-damage|p2a: Farigiraf|44/100
|-damage|p2b: Gardevoir|68/100
|
|-weather|none
|-heal|p2a: Farigiraf|50/100g|[from] item: Leftovers
|upkeep
|turn|6
|
|t:|1783088957
|move|p1a: Rhyperior|Rock Slide|p2a: Farigiraf|[spread] p2a,p2b
|-damage|p2a: Farigiraf|8/100
|-damage|p2b: Gardevoir|0 fnt
|faint|p2b: Gardevoir
|move|p2a: Farigiraf|Psychic Noise|p1a: Rhyperior
|-damage|p1a: Rhyperior|34/100
|-start|p1a: Rhyperior|move: Heal Block
|move|p1b: Ninetales|Blizzard|p2a: Farigiraf
|-damage|p2a: Farigiraf|0 fnt
|faint|p2a: Farigiraf
|
|-end|p1b: Ninetales|move: Heal Block
|upkeep
|
|t:|1783088973
|switch|p2b: Incineroar|Incineroar, L50, F|73/100
|-ability|p2b: Incineroar|Intimidate|boost
|-unboost|p1a: Rhyperior|atk|1
|-unboost|p1b: Ninetales|atk|1
|turn|7
|
|t:|1783089140
|move|p2b: Incineroar|Fake Out|p1b: Ninetales
|-damage|p1b: Ninetales|0 fnt
|faint|p1b: Ninetales
|move|p1a: Rhyperior|High Horsepower|p2b: Incineroar
|-supereffective|p2b: Incineroar|1
|-crit|p2b: Incineroar
|-damage|p2b: Incineroar|0 fnt
|faint|p2b: Incineroar
|
|win|Xto80
||robotarmadillo is ready for game 2.
||Xto80 is ready for game 2.
|uhtml|next|Next: Game 2 of 3
