|j|☆Miss buss buss
|j|☆MikeShinobu
|html|Miss buss bussMikeShinobu    
|uhtml|bestof|Game 3 of a best-of-3
|t:|1783089315
|gametype|doubles
|player|p1|Miss buss buss|101|1047
|player|p2|MikeShinobu|ethan|1042
|gen|9
|tier|[Gen 9 Champions] VGC 2026 Reg M-B (Bo3)
|rated|
|rule|Species Clause: Limit one of each Pokémon
|rule|Item Clause: Limit 1 of each item
|clearpoke
|poke|p1|Whimsicott, L50, M|
|poke|p1|Quaquaval, L50, M|
|poke|p1|Espathra, L50, F|
|poke|p1|Espeon, L50, F|
|poke|p1|Raichu, L50, F|
|poke|p1|Blaziken, L50, M|
|poke|p2|Whimsicott, L50, M|
|poke|p2|Garchomp, L50, F|
|poke|p2|Staraptor, L50, F|
|poke|p2|Blaziken, L50, M|
|poke|p2|Ninetales-Alola, L50, F|
|poke|p2|Excadrill, L50, M|
|teampreview|4
|showteam|p1|Whimsicott||FocusSash|Prankster|Tailwind,Taunt,EnergyBall,Moonblast|Timid||M|||50|]Quaquaval||ExpertBelt|Moxie|AquaStep,BrickBreak,BraveBird,Taunt|Jolly||M|||50|]Espathra||MentalHerb|SpeedBoost|CalmMind,Substitute,Protect,StoredPower|Modest||F|||50|]Espeon||TwistedSpoon|MagicBounce|Psychic,ShadowBall,DazzlingGleam,FutureSight|Modest||F|||50|]Raichu||RaichuniteY|LightningRod|ZapCannon,FocusBlast,Protect,Encore|Hasty||F|||50|]Blaziken||Blazikenite|SpeedBoost|SwordsDance,FlareBlitz,CloseCombat,Detect|Adamant||M|||50|
|showteam|p2|Whimsicott||FocusSash|Prankster|Encore,Tailwind,Moonblast,Charm|Timid||M|||50|]Garchomp||LifeOrb|RoughSkin|DragonClaw,Earthquake,Protect,RockSlide|Jolly||F|||50|]Staraptor||Staraptite|Intimidate|CloseCombat,BraveBird,Roost,Protect|Jolly||F|||50|]Blaziken||Blazikenite|SpeedBoost|Coaching,Protect,BrickBreak,FlareBlitz|Adamant||M|||50|]Ninetales-Alola||LightClay|SnowWarning|Blizzard,Moonblast,AuroraVeil,Protect|Modest||F|||50|]Excadrill||Excadrite|MoldBreaker|Earthquake,HighHorsepower,IronHead,Protect|Jolly||M|||50|
|inactive|Battle timer is ON: inactive players will automatically lose when time's up. (requested by MikeShinobu)
|inactive|Miss buss buss has 60 seconds left.
|
|t:|1783089360
|teamsize|p1|4
|teamsize|p2|4
|start
|switch|p1a: Whimsicott|Whimsicott, L50, M|100/100
|switch|p1b: Espathra|Espathra, L50, F|100/100
|switch|p2a: Whimsicott|Whimsicott, L50, M|100/100
|switch|p2b: Staraptor|Staraptor, L50, F|100/100
|-ability|p2b: Staraptor|Intimidate|boost
|-unboost|p1a: Whimsicott|atk|1
|-unboost|p1b: Espathra|atk|1
|turn|1
|inactive|Miss buss buss has 30 seconds left.
|inactive|MikeShinobu has 30 seconds left.
|inactive|Miss buss buss has 20 seconds left.
|
|t:|1783089400
|switch|p2b: Ninetales|Ninetales-Alola, L50, F|100/100
|-weather|Snowscape|[from] ability: Snow Warning|[of] p2b: Ninetales
|move|p1b: Espathra|Protect|p1b: Espathra
|-singleturn|p1b: Espathra|Protect
|move|p1a: Whimsicott|Taunt|p2a: Whimsicott
|-start|p2a: Whimsicott|move: Taunt
|move|p2a: Whimsicott|Moonblast|p1b: Espathra
|-activate|p1b: Espathra|move: Protect
|
|-weather|Snowscape|[upkeep]
|-ability|p1b: Espathra|Speed Boost|boost
|-boost|p1b: Espathra|spe|1
|upkeep
|turn|2
|
|t:|1783089423
|switch|p2a: Staraptor|Staraptor, L50, F|100/100
|-ability|p2a: Staraptor|Intimidate|boost
|-unboost|p1a: Whimsicott|atk|1
|-unboost|p1b: Espathra|atk|1
|move|p1a: Whimsicott|Tailwind|p1a: Whimsicott
|-sidestart|p1: Miss buss buss|move: Tailwind
|move|p1b: Espathra|Substitute|p1b: Espathra
|-start|p1b: Espathra|Substitute
|-damage|p1b: Espathra|75/100
|move|p2b: Ninetales|Blizzard|p1a: Whimsicott|[spread] p1a,p1b
|-end|p1b: Espathra|Substitute
|-supereffective|p1a: Whimsicott|1
|-enditem|p1a: Whimsicott|Focus Sash
|-damage|p1a: Whimsicott|1/100
|
|-weather|Snowscape|[upkeep]
|-ability|p1b: Espathra|Speed Boost|boost
|-boost|p1b: Espathra|spe|1
|upkeep
|turn|3
|inactive|Miss buss buss has 30 seconds left.
|
|t:|1783089451
|switch|p2a: Excadrill|Excadrill, L50, M|100/100
|-ability|p2a: Excadrill|Mold Breaker
|move|p1b: Espathra|Calm Mind|p1b: Espathra
|-boost|p1b: Espathra|spa|1
|-boost|p1b: Espathra|spd|1
|move|p1a: Whimsicott|Moonblast|p2a: Excadrill
|-resisted|p2a: Excadrill|1
|-damage|p2a: Excadrill|77/100
|-unboost|p2a: Excadrill|spa|1
|move|p2b: Ninetales|Blizzard|p1b: Espathra|[spread] p1a,p1b
|-supereffective|p1a: Whimsicott|1
|-damage|p1a: Whimsicott|0 fnt
|-damage|p1b: Espathra|36/100
|faint|p1a: Whimsicott
|
|-weather|Snowscape|[upkeep]
|-ability|p1b: Espathra|Speed Boost|boost
|-boost|p1b: Espathra|spe|1
|upkeep
|
|t:|1783089475
|switch|p1a: Blaziken|Blaziken, L50, M|100/100
|turn|4
|
|t:|1783089489
|detailschange|p1a: Blaziken|Blaziken-Mega, L50, M
|-mega|p1a: Blaziken|Blaziken|Blazikenite
|detailschange|p2a: Excadrill|Excadrill-Mega, L50, M
|-mega|p2a: Excadrill|Excadrill|Excadrite
|move|p1b: Espathra|Protect|p1b: Espathra
|-singleturn|p1b: Espathra|Protect
|move|p1a: Blaziken|Close Combat|p1b: Espathra
|-activate|p1b: Espathra|move: Protect
|move|p2a: Excadrill|High Horsepower|p1a: Blaziken
|-supereffective|p1a: Blaziken|1
|-damage|p1a: Blaziken|0 fnt
|faint|p1a: Blaziken
|move|p2b: Ninetales|Aurora Veil|p2b: Ninetales
|-sidestart|p2: MikeShinobu|move: Aurora Veil
|
|-weather|Snowscape|[upkeep]
|-ability|p1b: Espathra|Speed Boost|boost
|-boost|p1b: Espathra|spe|1
|upkeep
|
|t:|1783089506
|switch|p1a: Quaquaval|Quaquaval, L50, M|100/100
|turn|5
|
|t:|1783089527
|move|p1b: Espathra|Substitute|p1b: Espathra
|-start|p1b: Espathra|Substitute
|-damage|p1b: Espathra|11/100
|move|p1a: Quaquaval|Brick Break|p2b: Ninetales
|-sideend|p2: MikeShinobu|move: Aurora Veil
|-crit|p2b: Ninetales
|-damage|p2b: Ninetales|45/100
|move|p2a: Excadrill|Iron Head|p1b: Espathra
|-end|p1b: Espathra|Substitute
|move|p2b: Ninetales|Moonblast|p1a: Quaquaval
|-supereffective|p1a: Quaquaval|1
|-damage|p1a: Quaquaval|0 fnt
|faint|p1a: Quaquaval
|
|-weather|none
|-sideend|p1: Miss buss buss|move: Tailwind
|-ability|p1b: Espathra|Speed Boost|boost
|-boost|p1b: Espathra|spe|1
|upkeep
|turn|6
|
|t:|1783089544
|move|p1b: Espathra|Stored Power|p2a: Excadrill
|-resisted|p2a: Excadrill|1
|-damage|p2a: Excadrill|0 fnt
|faint|p2a: Excadrill
|move|p2b: Ninetales|Moonblast|p1b: Espathra
|-damage|p1b: Espathra|0 fnt
|faint|p1b: Espathra
|
|win|MikeShinobu
|raw|Miss buss buss's rating: 1047 → 1030(-17 for losing)
|raw|MikeShinobu's rating: 1042 → 1076(+34 for winning)
