|j|☆Marvcolor
|j|☆kodehue
|html|Marvcolorkodehue    
|uhtml|bestof|Game 1 of a best-of-3
|t:|1784086804
|gametype|doubles
|player|p1|Marvcolor|giovanni|1305
|player|p2|kodehue|102|1183
|gen|9
|tier|[Gen 9 Champions] VGC 2026 Reg M-B (Bo3)
|rated|
|rule|Species Clause: Limit one of each Pokémon
|rule|Item Clause: Limit 1 of each item
|clearpoke
|poke|p1|Gengar, L50, F, shiny|
|poke|p1|Politoed, L50, F, shiny|
|poke|p1|Archaludon, L50, F, shiny|
|poke|p1|Swampert, L50, M, shiny|
|poke|p1|Incineroar, L50, M, shiny|
|poke|p1|Vivillon, L50, F, shiny|
|poke|p2|Malamar, L50, F|
|poke|p2|Whimsicott, L50, M|
|poke|p2|Kangaskhan, L50, F|
|poke|p2|Vivillon, L50, F|
|poke|p2|Lopunny, L50, M|
|poke|p2|Aerodactyl, L50, F|
|teampreview|4
|showteam|p1|Gengar||Gengarite|CursedBody|ShadowBall,SludgeBomb,PerishSong,Protect|Timid||F|||50|]Politoed||SitrusBerry|Drizzle|WeatherBall,PerishSong,Encore,Protect|Calm||F|||50|]Archaludon||Leftovers|Stamina|ElectroShot,DragonPulse,FlashCannon,Protect|Bold||F|||50|]Swampert||Swampertite|Damp|WaveCrash,Earthquake,IcePunch,Protect|Adamant||M|||50|]Incineroar||PasshoBerry|Intimidate|ThroatChop,PartingShot,Protect,FakeOut|Sassy||M|||50|]Vivillon||FocusSash|CompoundEyes|Hurricane,SleepPowder,RagePowder,Protect|Timid||F|||50|
|showteam|p2|Malamar||Malamarite|Contrary|Superpower,ThroatChop,PsychoCut,Liquidation|Adamant||F|||50|]Whimsicott||MentalHerb|Prankster|Tailwind,Encore,Moonblast,Protect|Timid||M|||50|]Kangaskhan||ExpertBelt|Scrappy|FakeOut,IcePunch,BodySlam,FirePunch|Adamant||F|||50|]Vivillon||FocusSash|CompoundEyes|SleepPowder,Hurricane,PollenPuff,Protect|Timid||F|||50|]Lopunny||Lopunnite|CuteCharm|FakeOut,FirePunch,ThunderPunch,HighJumpKick|Jolly||M|||50|]Aerodactyl||Aerodactylite|Unnerve|Tailwind,Taunt,Earthquake,RockSlide|Jolly||F|||50|
|inactive|Battle timer is ON: inactive players will automatically lose when time's up. (requested by kodehue)
|inactive|Marvcolor also wants the timer to be on.
|inactive|Marvcolor has 60 seconds left.
|inactive|kodehue has 60 seconds left.
|inactive|kodehue has 30 seconds left.
|inactive|kodehue has 20 seconds left.
|inactive|kodehue has 15 seconds left.
|
|t:|1784086882
|teamsize|p1|4
|teamsize|p2|4
|start
|switch|p1a: 3R|Swampert, L50, M, shiny|100/100
|switch|p1b: Time Walk|Vivillon, L50, F, shiny|100/100
|switch|p2a: Vivillon|Vivillon, L50, F|100/100
|switch|p2b: Lopunny|Lopunny, L50, M|100/100
|turn|1
|
|t:|1784086906
|detailschange|p1a: 3R|Swampert-Mega, L50, M, shiny
|-mega|p1a: 3R|Swampert|Swampertite
|move|p1b: Time Walk|Protect|p1b: Time Walk
|-singleturn|p1b: Time Walk|Protect
|move|p1a: 3R|Protect|p1a: 3R
|-singleturn|p1a: 3R|Protect
|move|p2b: Lopunny|Fake Out|p1a: 3R
|-activate|p1a: 3R|move: Protect
|move|p2a: Vivillon|Sleep Powder|p1b: Time Walk
|-activate|p1b: Time Walk|move: Protect
|
|upkeep
|turn|2
|
|t:|1784086931
|detailschange|p2b: Lopunny|Lopunny-Mega, L50, M
|-mega|p2b: Lopunny|Lopunny|Lopunnite
|move|p2b: Lopunny|High Jump Kick|p1a: 3R
|-damage|p1a: 3R|36/100
|move|p2a: Vivillon|Sleep Powder|p1b: Time Walk
|-status|p1b: Time Walk|slp|[from] move: Sleep Powder
|cant|p1b: Time Walk|slp
|move|p1a: 3R|Ice Punch|p2a: Vivillon
|-supereffective|p2a: Vivillon|1
|-enditem|p2a: Vivillon|Focus Sash
|-damage|p2a: Vivillon|1/100
|
|upkeep
|turn|3
|
|t:|1784086952
|move|p1a: 3R|Protect|p1a: 3R
|-singleturn|p1a: 3R|Protect
|move|p2b: Lopunny|Fire Punch|p1b: Time Walk
|-supereffective|p1b: Time Walk|1
|-crit|p1b: Time Walk
|-enditem|p1b: Time Walk|Focus Sash
|-damage|p1b: Time Walk|1/100 slp
|-curestatus|p1b: Time Walk|slp|[msg]
|move|p1b: Time Walk|Sleep Powder|p2b: Lopunny
|-status|p2b: Lopunny|slp|[from] move: Sleep Powder
|move|p2a: Vivillon|Sleep Powder|p1a: 3R
|-activate|p1a: 3R|move: Protect
|
|upkeep
|turn|4
|inactive|Marvcolor has 30 seconds left.
|inactive|kodehue has 30 seconds left.
|inactive|kodehue has 20 seconds left.
|inactive|kodehue has 15 seconds left.
|inactive|kodehue has 10 seconds left.
|inactive|kodehue has 5 seconds left.
|
|t:|1784087004
|switch|p2b: Malamar|Malamar, L50, F|100/100
|switch|p1b: Connect|Politoed, L50, F, shiny|100/100
|-weather|RainDance|[from] ability: Drizzle|[of] p1b: Connect
|move|p2a: Vivillon|Protect|p2a: Vivillon
|-singleturn|p2a: Vivillon|Protect
|move|p1a: 3R|Ice Punch|p2a: Vivillon
|-activate|p2a: Vivillon|move: Protect
|
|-weather|RainDance|[upkeep]
|upkeep
|turn|5
|
|t:|1784087024
|move|p1a: 3R|Ice Punch|p2a: Vivillon
|-supereffective|p2a: Vivillon|1
|-damage|p2a: Vivillon|0 fnt
|faint|p2a: Vivillon
|move|p2b: Malamar|Superpower|p1b: Connect
|-damage|p1b: Connect|68/100
|-boost|p2b: Malamar|atk|1
|-boost|p2b: Malamar|def|1
|move|p1b: Connect|Weather Ball|p2b: Malamar
|-damage|p2b: Malamar|40/100
|
|-weather|RainDance|[upkeep]
|upkeep
|
|t:|1784087041
|switch|p2a: Lopunny|Lopunny-Mega, L50, M|100/100 slp
|turn|6
|
|t:|1784087060
|switch|p1b: Time Walk|Vivillon, L50, F, shiny|1/100
|cant|p2a: Lopunny|slp
|move|p1a: 3R|Earthquake|p2a: Lopunny|[spread] p2a,p2b
|-immune|p1b: Time Walk
|-damage|p2a: Lopunny|36/100 slp
|-damage|p2b: Malamar|1/100
|move|p2b: Malamar|Superpower|p1b: Time Walk
|-resisted|p1b: Time Walk|2
|-damage|p1b: Time Walk|0 fnt
|-boost|p2b: Malamar|atk|1
|-boost|p2b: Malamar|def|1
|faint|p1b: Time Walk
|
|-weather|RainDance|[upkeep]
|upkeep
|
|t:|1784087075
|switch|p1b: Centralian|Archaludon, L50, F, shiny|100/100
|turn|7
|
|t:|1784087084
|move|p1b: Centralian|Protect|p1b: Centralian
|-singleturn|p1b: Centralian|Protect
|move|p1a: 3R|Earthquake|p2b: Malamar|[spread] p2a,p2b
|-activate|p1b: Centralian|move: Protect
|-damage|p2a: Lopunny|0 fnt
|-damage|p2b: Malamar|0 fnt
|faint|p2a: Lopunny
|faint|p2b: Malamar
|
|-weather|RainDance|[upkeep]
|upkeep
|-message|kodehue forfeited.
|
|win|Marvcolor
||kodehue is ready for game 2.
