|j|☆felasmiguel
|j|☆myshirtisdirty
|html|felasmiguelmyshirtisdirty    
|uhtml|bestof|Game 1 of a best-of-3
|t:|1756519505
|gametype|doubles
|player|p1|felasmiguel|scientist|1117
|player|p2|myshirtisdirty|2|1069
|gen|9
|tier|[Gen 9] VGC 2025 Reg H (Bo3)
|rated|
|rule|Species Clause: Limit one of each Pokémon
|rule|Item Clause: Limit 1 of each item
|clearpoke
|poke|p1|Metagross, L50|
|poke|p1|Mienshao, L50, F|
|poke|p1|Sinistcha, L50|
|poke|p1|Frosmoth, L50, M|
|poke|p1|Glimmora, L50, M|
|poke|p1|Zoroark-Hisui, L50, M|
|poke|p2|Typhlosion-Hisui, L50, M|
|poke|p2|Whimsicott, L50, M|
|poke|p2|Ursaluna-Bloodmoon, L50, M|
|poke|p2|Primarina, L50, F|
|poke|p2|Meowscarada, L50, F|
|poke|p2|Farigiraf, L50, F|
|teampreview|4
|showteam|p1|Metagross||AssaultVest|ClearBody|HardPress,PsychicFangs,BulletPunch,StompingTantrum||||||50|,,,,,Dragon]Mienshao||FocusSash|InnerFocus|CloseCombat,WideGuard,Taunt,Coaching|||F|||50|,,,,,Fighting]Sinistcha||RockyHelmet|Hospitality|LifeDew,MatchaGotcha,RagePowder,TrickRoom||||||50|,,,,,Water]Frosmoth||SafetyGoggles|IceScales|QuiverDance,IceBeam,TeraBlast,Protect|||M|||50|,,,,,Electric]Glimmora||PowerHerb|Corrosion|MeteorBeam,Toxic,SpikyShield,EarthPower|||M|||50|,,,,,Grass]Zoroark-Hisui||ChoiceScarf|Illusion|IcyWind,ShadowBall,HyperVoice,Trick|||M|||50|,,,,,Stellar
|showteam|p2|Typhlosion-Hisui||Charcoal|Blaze|Eruption,HeatWave,ShadowBall,Protect|||M|||50|,,,,,Fire]Whimsicott||CovertCloak|Prankster|Tailwind,Moonblast,SunnyDay,Encore|||M|||50|,,,,,Dark]Ursaluna-Bloodmoon||LifeOrb|MindsEye|HyperVoice,BloodMoon,EarthPower,Protect|||M|||50|,,,,,Normal]Primarina||ThroatSpray|LiquidVoice|Moonblast,HyperVoice,Haze,Protect|||F|||50|,,,,,Grass]Meowscarada||FocusSash|Protean|FlowerTrick,KnockOff,Uturn,Protect|||F|||50|,,,,,Grass]Farigiraf||SafetyGoggles|ArmorTail|PsychicNoise,HyperVoice,HelpingHand,TrickRoom|||F|||50|,,,,,Fire
|inactive|Battle timer is ON: inactive players will automatically lose when time's up. (requested by myshirtisdirty)
|
|t:|1756519561
|teamsize|p1|4
|teamsize|p2|4
|start
|switch|p1a: Frosmoth|Frosmoth, L50, M|100/100
|switch|p1b: Mienshao|Mienshao, L50, F|100/100
|switch|p2a: Whimsicott|Whimsicott, L50, M|100/100
|switch|p2b: Ursaluna|Ursaluna-Bloodmoon, L50, M|100/100
|turn|1
|inactive|felasmiguel has 30 seconds left.
|inactive|felasmiguel has 20 seconds left.
|inactive|felasmiguel has 15 seconds left.
|
|t:|1756519602
|move|p2b: Ursaluna|Protect|p2b: Ursaluna
|-singleturn|p2b: Ursaluna|Protect
|move|p2a: Whimsicott|Tailwind|p2a: Whimsicott
|-sidestart|p2: myshirtisdirty|move: Tailwind
|move|p1b: Mienshao|Trick|p2a: Whimsicott
|-activate|p1b: Mienshao|move: Trick|[of] p2a: Whimsicott
|-item|p2a: Whimsicott|Choice Scarf|[from] move: Trick
|-item|p1b: Mienshao|Covert Cloak|[from] move: Trick
|move|p1a: Frosmoth|Quiver Dance|p1a: Frosmoth
|-boost|p1a: Frosmoth|spa|1
|-boost|p1a: Frosmoth|spd|1
|-boost|p1a: Frosmoth|spe|1
|
|upkeep
|turn|2
|inactive|felasmiguel has 30 seconds left.
|inactive|myshirtisdirty has 30 seconds left.
|
|t:|1756519637
|switch|p1b: Sinistcha|Sinistcha, L50|100/100
|-terastallize|p2b: Ursaluna|Normal
|move|p1a: Frosmoth|Protect|p1a: Frosmoth
|-singleturn|p1a: Frosmoth|Protect
|move|p2a: Whimsicott|Moonblast|p1b: Sinistcha
|-damage|p1b: Sinistcha|68/100
|move|p2b: Ursaluna|Hyper Voice|p1b: Sinistcha|[spread] p1b
|-activate|p1a: Frosmoth|move: Protect
|-damage|p1b: Sinistcha|0 fnt
|faint|p1b: Sinistcha
|-damage|p2b: Ursaluna|91/100|[from] item: Life Orb
|
|upkeep
|
|t:|1756519655
|switch|p1b: Mienshao|Mienshao, L50, F|100/100
|turn|3
|
|t:|1756519669
|move|p2b: Ursaluna|Protect|p2b: Ursaluna
|-singleturn|p2b: Ursaluna|Protect
|move|p2a: Whimsicott|Moonblast|p1b: Mienshao
|-damage|p1b: Mienshao|47/100
|replace|p1b: Zoroark|Zoroark-Hisui, L50, M
|-end|p1b: Zoroark|Illusion
|move|p1b: Zoroark|Icy Wind|p2b: Ursaluna|[spread] p2a
|-activate|p2b: Ursaluna|move: Protect
|-supereffective|p2a: Whimsicott
|-damage|p2a: Whimsicott|66/100
|-unboost|p2a: Whimsicott|spe|1
|move|p1a: Frosmoth|Quiver Dance|p1a: Frosmoth
|-boost|p1a: Frosmoth|spa|1
|-boost|p1a: Frosmoth|spd|1
|-boost|p1a: Frosmoth|spe|1
|
|upkeep
|turn|4
|
|t:|1756519689
|switch|p2a: Meowscarada|Meowscarada, L50, F|100/100
|move|p2b: Ursaluna|Hyper Voice|p1a: Frosmoth|[spread] p1a,p1b
|-damage|p1a: Frosmoth|84/100
|-damage|p1b: Zoroark|0 fnt
|faint|p1b: Zoroark
|-damage|p2b: Ursaluna|81/100|[from] item: Life Orb
|move|p1a: Frosmoth|Quiver Dance|p1a: Frosmoth
|-boost|p1a: Frosmoth|spa|1
|-boost|p1a: Frosmoth|spd|1
|-boost|p1a: Frosmoth|spe|1
|
|-sideend|p2: myshirtisdirty|move: Tailwind
|upkeep
|
|t:|1756519695
|switch|p1b: Mienshao|Mienshao, L50, F|100/100
|turn|5
|inactive|felasmiguel has 30 seconds left.
|
|t:|1756519724
|move|p1a: Frosmoth|Protect|p1a: Frosmoth
|-singleturn|p1a: Frosmoth|Protect
|move|p2a: Meowscarada|Protect|p2a: Meowscarada
|-start|p2a: Meowscarada|typechange|Normal|[from] ability: Protean
|-singleturn|p2a: Meowscarada|Protect
|move|p1b: Mienshao|Close Combat|p2a: Meowscarada
|-activate|p2a: Meowscarada|move: Protect
|move|p2b: Ursaluna|Blood Moon|p1a: Frosmoth
|-activate|p1a: Frosmoth|move: Protect
|
|upkeep
|turn|6
|inactive|felasmiguel has 30 seconds left.
|inactive|myshirtisdirty has 30 seconds left.
|inactive|myshirtisdirty has 20 seconds left.
|inactive|myshirtisdirty has 15 seconds left.
|
|t:|1756519768
|move|p2b: Ursaluna|Protect|p2b: Ursaluna
|-singleturn|p2b: Ursaluna|Protect
|move|p1a: Frosmoth|Ice Beam|p2b: Ursaluna
|-activate|p2b: Ursaluna|move: Protect
|move|p2a: Meowscarada|U-turn|p1b: Mienshao
|-resisted|p1b: Mienshao
|-damage|p1b: Mienshao|81/100
|
|t:|1756519780
|switch|p2a: Whimsicott|Whimsicott, L50, M|66/100|[from] U-turn
|move|p1b: Mienshao|Close Combat|p2a: Whimsicott
|-resisted|p2a: Whimsicott
|-damage|p2a: Whimsicott|26/100
|-unboost|p1b: Mienshao|def|1
|-unboost|p1b: Mienshao|spd|1
|
|upkeep
|turn|7
|inactive|felasmiguel has 30 seconds left.
|
|t:|1756519806
|move|p2a: Whimsicott|Tailwind|p2a: Whimsicott
|-sidestart|p2: myshirtisdirty|move: Tailwind
|move|p1a: Frosmoth|Ice Beam|p2a: Whimsicott
|-supereffective|p2a: Whimsicott
|-damage|p2a: Whimsicott|0 fnt
|faint|p2a: Whimsicott
|move|p2b: Ursaluna|Hyper Voice|p1a: Frosmoth|[spread] p1a,p1b
|-damage|p1a: Frosmoth|69/100
|-damage|p1b: Mienshao|0 fnt
|faint|p1b: Mienshao
|-damage|p2b: Ursaluna|72/100|[from] item: Life Orb
|
|upkeep
|
|t:|1756519818
|switch|p2a: Typhlosion|Typhlosion-Hisui, L50, M|100/100
|turn|8
|
|t:|1756519840
|-terastallize|p1a: Frosmoth|Electric
|move|p2a: Typhlosion|Eruption|p1a: Frosmoth
|-damage|p1a: Frosmoth|50/100
|move|p1a: Frosmoth|Ice Beam|p2b: Ursaluna
|-damage|p2b: Ursaluna|0 fnt
|faint|p2b: Ursaluna
|
|upkeep
|
|t:|1756519847
|switch|p2b: Meowscarada|Meowscarada, L50, F|100/100
|turn|9
|-message|felasmiguel forfeited.
|
|win|myshirtisdirty
|l|☆felasmiguel
|player|p1|
||myshirtisdirty is ready for game 2.
||felasmiguel is ready for game 2.
|uhtml|next|Next: Game 2 of 3
