|j|☆pdpete98
|j|☆SlaymonSays
|html|pdpete98SlaymonSays    
|uhtml|bestof|Game 1 of a best-of-3
|t:|1757660236
|gametype|doubles
|player|p1|pdpete98|169|1283
|player|p2|SlaymonSays|266|1276
|gen|9
|tier|[Gen 9] VGC 2025 Reg H (Bo3)
|rated|
|rule|Species Clause: Limit one of each Pokémon
|rule|Item Clause: Limit 1 of each item
|clearpoke
|poke|p1|Incineroar, L50, M|
|poke|p1|Porygon2, L50|
|poke|p1|Ursaluna, L50, M|
|poke|p1|Gholdengo, L50|
|poke|p1|Vivillon, L50, M|
|poke|p1|Sneasler, L50, M|
|poke|p2|Ursaluna-Bloodmoon, L50, M|
|poke|p2|Dragonite, L50, M|
|poke|p2|Gholdengo, L50|
|poke|p2|Rillaboom, L50, M|
|poke|p2|Incineroar, L50, M|
|poke|p2|Ninetales-Alola, L50, F|
|teampreview|4
|showteam|p1|Incineroar||SafetyGoggles|Intimidate|FakeOut,FlareBlitz,KnockOff,PartingShot|||M|||50|,,,,,Ghost]Porygon2||Eviolite|Download|TeraBlast,IceBeam,Recover,TrickRoom||||||50|,,,,,Flying]Ursaluna||FlameOrb|Guts|Facade,Earthquake,HeadlongRush,Protect|||M|||50|,,,,,Ghost]Gholdengo||LifeOrb|GoodasGold|MakeItRain,ShadowBall,NastyPlot,Protect||||||50|,,,,,Water]Vivillon||FocusSash|CompoundEyes|Hurricane,SleepPowder,Tailwind,Protect|||M|||50|,,,,,Ghost]Sneasler||WhiteHerb|Unburden|CloseCombat,DireClaw,Coaching,Protect|||M|||50|,,,,,Stellar
|showteam|p2|Ursaluna-Bloodmoon||LifeOrb|MindsEye|BloodMoon,HyperVoice,EarthPower,Protect|||M|||50|,,,,,Normal]Dragonite||LoadedDice|InnerFocus|ScaleShot,Haze,Tailwind,Protect|||M|||50|,,,,,Fairy]Gholdengo||Leftovers|GoodasGold|MakeItRain,ShadowBall,NastyPlot,Protect||||||50|,,,,,Water]Rillaboom||AssaultVest|GrassySurge|FakeOut,GrassyGlide,WoodHammer,HighHorsepower|||M|||50|,,,,,Fire]Incineroar||SafetyGoggles|Intimidate|FakeOut,FlareBlitz,KnockOff,PartingShot|||M|||50|,,,,,Ghost]Ninetales-Alola||CovertCloak|SnowWarning|Blizzard,IcyWind,AuroraVeil,Encore|||F|||50|,,,,,Fire
|
|t:|1757660303
|teamsize|p1|4
|teamsize|p2|4
|start
|switch|p1a: Sneasler|Sneasler, L50, M|100/100
|switch|p1b: Gholdengo|Gholdengo, L50|100/100
|switch|p2a: Gholdengo|Gholdengo, L50|100/100
|switch|p2b: Incineroar|Incineroar, L50, M|100/100
|-ability|p2b: Incineroar|Intimidate|boost
|-unboost|p1a: Sneasler|atk|1
|-unboost|p1b: Gholdengo|atk|1
|-enditem|p1a: Sneasler|White Herb
|-clearnegativeboost|p1a: Sneasler|[silent]
|turn|1
|
|t:|1757660328
|-terastallize|p1b: Gholdengo|Water
|move|p1a: Sneasler|Protect|p1a: Sneasler
|-singleturn|p1a: Sneasler|Protect
|move|p2b: Incineroar|Fake Out|p1a: Sneasler
|-activate|p1a: Sneasler|move: Protect
|move|p1b: Gholdengo|Nasty Plot|p1b: Gholdengo
|-boost|p1b: Gholdengo|spa|2
|move|p2a: Gholdengo|Nasty Plot|p2a: Gholdengo
|-boost|p2a: Gholdengo|spa|2
|
|upkeep
|turn|2
|
|t:|1757660383
|-terastallize|p2b: Incineroar|Ghost
|move|p1b: Gholdengo|Protect|p1b: Gholdengo
|-singleturn|p1b: Gholdengo|Protect
|move|p2a: Gholdengo|Protect|p2a: Gholdengo
|-singleturn|p2a: Gholdengo|Protect
|move|p1a: Sneasler|Close Combat|p2b: Incineroar
|-immune|p2b: Incineroar
|move|p2b: Incineroar|Parting Shot|p1a: Sneasler
|-unboost|p1a: Sneasler|atk|1
|-unboost|p1a: Sneasler|spa|1
|
|t:|1757660393
|switch|p2b: Rillaboom|Rillaboom, L50, M|100/100|[from] Parting Shot
|-fieldstart|move: Grassy Terrain|[from] ability: Grassy Surge|[of] p2b: Rillaboom
|
|upkeep
|turn|3
|
|t:|1757660443
|switch|p1b: Incineroar|Incineroar, L50, M|100/100
|-ability|p1b: Incineroar|Intimidate|boost
|-unboost|p2a: Gholdengo|atk|1
|-unboost|p2b: Rillaboom|atk|1
|move|p2b: Rillaboom|Fake Out|p1b: Incineroar
|-damage|p1b: Incineroar|89/100
|move|p1a: Sneasler|Dire Claw|p2b: Rillaboom
|-supereffective|p2b: Rillaboom
|-damage|p2b: Rillaboom|44/100
|-status|p2b: Rillaboom|psn
|move|p2a: Gholdengo|Make It Rain|p1a: Sneasler|[spread] p1a,p1b
|-resisted|p1b: Incineroar
|-damage|p1a: Sneasler|0 fnt
|-damage|p1b: Incineroar|46/100
|-unboost|p2a: Gholdengo|spa|1
|faint|p1a: Sneasler
|
|-heal|p2b: Rillaboom|50/100 psn|[from] Grassy Terrain
|-heal|p1b: Incineroar|52/100|[from] Grassy Terrain
|-damage|p2b: Rillaboom|38/100 psn|[from] psn
|upkeep
|
|t:|1757660462
|switch|p1a: Vivillon|Vivillon, L50, M|100/100
|turn|4
|
|t:|1757660491
|switch|p2b: Incineroar|Incineroar, L50, M, tera:Ghost|100/100
|-ability|p2b: Incineroar|Intimidate|boost
|-unboost|p1a: Vivillon|atk|1
|-unboost|p1b: Incineroar|atk|1
|move|p1a: Vivillon|Tailwind|p1a: Vivillon
|-sidestart|p1: pdpete98|move: Tailwind
|move|p1b: Incineroar|Parting Shot|p2b: Incineroar
|-unboost|p2b: Incineroar|atk|1
|-unboost|p2b: Incineroar|spa|1
|
|t:|1757660499
|switch|p1b: Gholdengo|Gholdengo, L50, tera:Water|100/100|[from] Parting Shot
|move|p2a: Gholdengo|Make It Rain|p1b: Gholdengo|[spread] p1a,p1b
|-resisted|p1b: Gholdengo
|-enditem|p1a: Vivillon|Focus Sash
|-damage|p1a: Vivillon|1/100
|-damage|p1b: Gholdengo|61/100
|-unboost|p2a: Gholdengo|spa|1
|
|-heal|p1b: Gholdengo|67/100|[from] Grassy Terrain
|upkeep
|turn|5
|
|t:|1757660533
|switch|p1a: Incineroar|Incineroar, L50, M|52/100
|-ability|p1a: Incineroar|Intimidate|boost
|-unboost|p2a: Gholdengo|atk|1
|-unboost|p2b: Incineroar|atk|1
|move|p1b: Gholdengo|Nasty Plot|p1b: Gholdengo
|-boost|p1b: Gholdengo|spa|2
|move|p2a: Gholdengo|Nasty Plot|p2a: Gholdengo
|-boost|p2a: Gholdengo|spa|2
|move|p2b: Incineroar|Knock Off|p1b: Gholdengo
|-damage|p1b: Gholdengo|44/100
|-enditem|p1b: Gholdengo|Life Orb|[from] move: Knock Off|[of] p2b: Incineroar
|
|-heal|p1b: Gholdengo|50/100|[from] Grassy Terrain
|-heal|p1a: Incineroar|58/100|[from] Grassy Terrain
|upkeep
|turn|6
|
|t:|1757660554
|move|p2a: Gholdengo|Protect|p2a: Gholdengo
|-singleturn|p2a: Gholdengo|Protect
|move|p1b: Gholdengo|Make It Rain|p2b: Incineroar|[spread] p2b
|-activate|p2a: Gholdengo|move: Protect
|-damage|p2b: Incineroar|33/100
|-unboost|p1b: Gholdengo|spa|1
|move|p1a: Incineroar|Knock Off|p2a: Gholdengo
|-activate|p2a: Gholdengo|move: Protect
|move|p2b: Incineroar|Parting Shot|p1a: Incineroar
|-unboost|p1a: Incineroar|atk|1
|-unboost|p1a: Incineroar|spa|1
|
|t:|1757660564
|switch|p2b: Ursaluna|Ursaluna-Bloodmoon, L50, M|100/100|[from] Parting Shot
|
|-heal|p1b: Gholdengo|56/100|[from] Grassy Terrain
|-heal|p1a: Incineroar|64/100|[from] Grassy Terrain
|-fieldend|move: Grassy Terrain
|upkeep
|turn|7
|
|t:|1757660603
|switch|p2b: Incineroar|Incineroar, L50, M, tera:Ghost|33/100
|-ability|p2b: Incineroar|Intimidate|boost
|-unboost|p1a: Incineroar|atk|1
|-unboost|p1b: Gholdengo|atk|1
|move|p1b: Gholdengo|Make It Rain|p2a: Gholdengo|[spread] p2a,p2b
|-resisted|p2a: Gholdengo
|-damage|p2a: Gholdengo|70/100
|-damage|p2b: Incineroar|0 fnt
|-unboost|p1b: Gholdengo|spa|1
|faint|p2b: Incineroar
|move|p1a: Incineroar|Knock Off|p2a: Gholdengo
|-supereffective|p2a: Gholdengo
|-damage|p2a: Gholdengo|32/100
|-enditem|p2a: Gholdengo|Leftovers|[from] move: Knock Off|[of] p1a: Incineroar
|move|p2a: Gholdengo|Make It Rain|p1b: Gholdengo|[spread] p1a,p1b
|-resisted|p1a: Incineroar
|-resisted|p1b: Gholdengo
|-damage|p1a: Incineroar|22/100
|-damage|p1b: Gholdengo|2/100
|-unboost|p2a: Gholdengo|spa|1
|
|-sideend|p1: pdpete98|move: Tailwind
|upkeep
|
|t:|1757660619
|switch|p2b: Rillaboom|Rillaboom, L50, M|38/100 psn
|-fieldstart|move: Grassy Terrain|[from] ability: Grassy Surge|[of] p2b: Rillaboom
|turn|8
|
|t:|1757660660
|move|p1b: Gholdengo|Protect|p1b: Gholdengo
|-singleturn|p1b: Gholdengo|Protect
|move|p2b: Rillaboom|Fake Out|p1b: Gholdengo
|-activate|p1b: Gholdengo|move: Protect
|move|p2a: Gholdengo|Make It Rain|p1b: Gholdengo|[spread] p1a
|-activate|p1b: Gholdengo|move: Protect
|-resisted|p1a: Incineroar
|-damage|p1a: Incineroar|0 fnt
|-unboost|p2a: Gholdengo|spa|1
|faint|p1a: Incineroar
|
|-heal|p1b: Gholdengo|8/100|[from] Grassy Terrain
|-heal|p2b: Rillaboom|43/100 psn|[from] Grassy Terrain
|-heal|p2a: Gholdengo|38/100|[from] Grassy Terrain
|-damage|p2b: Rillaboom|31/100 psn|[from] psn
|upkeep
|
|t:|1757660667
|switch|p1a: Vivillon|Vivillon, L50, M|1/100
|turn|9
|-message|pdpete98 forfeited.
|
|win|SlaymonSays
|l|☆pdpete98
|player|p1|
||SlaymonSays is ready for game 2.
||pdpete98 is ready for game 2.
|uhtml|next|Next: Game 2 of 3
