|j|☆T-block
|j|☆Bujero
|html|T-blockBujero    
|uhtml|bestof|Game 2 of a best-of-3
|t:|1756006514
|gametype|doubles
|player|p1|T-block|2|1208
|player|p2|Bujero|acetrainercouple|1226
|gen|9
|tier|[Gen 9] VGC 2025 Reg H (Bo3)
|rated|
|rule|Species Clause: Limit one of each Pokémon
|rule|Item Clause: Limit 1 of each item
|clearpoke
|poke|p1|Rillaboom, L50, F|
|poke|p1|Ninetales-Alola, L50, M|
|poke|p1|Gholdengo, L50|
|poke|p1|Flamigo, L50, F|
|poke|p1|Incineroar, L50, M|
|poke|p1|Dragonite, L50, M|
|poke|p2|Torkoal, L50, M|
|poke|p2|Lilligant-Hisui, L50, F|
|poke|p2|Tauros-Paldea-Blaze, L50, M|
|poke|p2|Muk-Alola, L50, M|
|poke|p2|Electrode-Hisui, L50|
|poke|p2|Maushold, L50|
|teampreview|4
|showteam|p1|Rillaboom||AssaultVest|GrassySurge|GrassyGlide,WoodHammer,FakeOut,HighHorsepower|||F|||50|,,,,,Fire]Ninetales-Alola||FocusSash|SnowWarning|Blizzard,IcyWind,Encore,AuroraVeil|||M|||50|,,,,,Ghost]Gholdengo||GrassySeed|GoodasGold|NastyPlot,MakeItRain,ShadowBall,Protect||||||50|,,,,,Water]Flamigo||ChoiceScarf|Scrappy|DualWingbeat,BraveBird,CloseCombat,Uturn|||F|||50|,,,,,Ghost]Incineroar||SafetyGoggles|Intimidate|FlareBlitz,KnockOff,FakeOut,PartingShot|||M|||50|,,,,,Water]Dragonite||LoadedDice|Multiscale|ScaleShot,StompingTantrum,Tailwind,Protect|||M|||50|,,,,,Ground
|showteam|p2|Torkoal||Charcoal|Drought|Eruption,Protect,HeatWave,HelpingHand|||M|||50|,,,,,Fire]Lilligant-Hisui||FocusSash|Chlorophyll|SleepPowder,CloseCombat,LeafBlade,Coaching|||F|||50|,,,,,Poison]Tauros-Paldea-Blaze||ClearAmulet|Intimidate|RagingBull,Protect,CloseCombat,WildCharge|||M|||50|,,,,,Water]Muk-Alola||AssaultVest|PoisonTouch|KnockOff,ThunderPunch,IcePunch,PoisonJab|||M|||50|,,,,,Dragon]Electrode-Hisui||CovertCloak|Static|ThunderWave,EnergyBall,Taunt,Electroweb||||||50|,,,,,Dark]Maushold||SafetyGoggles|Technician|PopulationBomb,Taunt,FollowMe,Encore||||||50|,,,,,Ghost
|inactive|Battle timer is ON: inactive players will automatically lose when time's up. (requested by Bujero)
|inactive|T-block has 60 seconds left.
|inactive|T-block has 30 seconds left.
|inactive|T-block has 20 seconds left.
|
|t:|1756006598
|teamsize|p1|4
|teamsize|p2|4
|start
|switch|p1a: Flamigo|Flamigo, L50, F|100/100
|switch|p1b: Dragonite|Dragonite, L50, M|100/100
|switch|p2a: Muk|Muk-Alola, L50, M|100/100
|switch|p2b: Tauros|Tauros-Paldea-Blaze, L50, M|100/100
|-ability|p2b: Tauros|Intimidate|boost
|-fail|p1a: Flamigo|unboost|Attack|[from] ability: Scrappy|[of] p1a: Flamigo
|-unboost|p1b: Dragonite|atk|1
|turn|1
|inactive|T-block has 30 seconds left.
|inactive|Bujero has 30 seconds left.
|inactive|T-block has 20 seconds left.
|inactive|T-block has 15 seconds left.
|inactive|T-block has 10 seconds left.
|inactive|Bujero has 20 seconds left.
|inactive|Bujero has 15 seconds left.
|inactive|Bujero has 10 seconds left.
|
|t:|1756006656
|move|p1b: Dragonite|Protect|p1b: Dragonite
|-singleturn|p1b: Dragonite|Protect
|move|p1a: Flamigo|Brave Bird|p2b: Tauros
|-supereffective|p2b: Tauros
|-crit|p2b: Tauros
|-damage|p2b: Tauros|0 fnt
|faint|p2b: Tauros
|-damage|p1a: Flamigo|69/100|[from] Recoil
|move|p2a: Muk|Ice Punch|p1a: Flamigo
|-supereffective|p1a: Flamigo
|-damage|p1a: Flamigo|0 fnt
|faint|p1a: Flamigo
|
|upkeep
|
|t:|1756006676
|switch|p2b: Lilligant|Lilligant-Hisui, L50, F|100/100
|switch|p1a: Incineroar|Incineroar, L50, M|100/100
|-ability|p1a: Incineroar|Intimidate|boost
|-unboost|p2a: Muk|atk|1
|-unboost|p2b: Lilligant|atk|1
|turn|2
|inactive|T-block has 30 seconds left.
|
|t:|1756006709
|-terastallize|p2a: Muk|Dragon
|move|p1a: Incineroar|Fake Out|p2b: Lilligant
|-damage|p2b: Lilligant|84/100
|cant|p2b: Lilligant|flinch
|move|p1b: Dragonite|Scale Shot|p2a: Muk|[miss]
|-miss|p1b: Dragonite|p2a: Muk
|move|p2a: Muk|Ice Punch|p1b: Dragonite
|-supereffective|p1b: Dragonite
|-damage|p1b: Dragonite|68/100
|-status|p1b: Dragonite|psn|[from] ability: Poison Touch|[of] p2a: Muk
|
|-damage|p1b: Dragonite|56/100 psn|[from] psn
|upkeep
|turn|3
|
|t:|1756006731
|switch|p1a: Gholdengo|Gholdengo, L50|100/100
|switch|p2a: Torkoal|Torkoal, L50, M|100/100
|-weather|SunnyDay|[from] ability: Drought|[of] p2a: Torkoal
|move|p2b: Lilligant|Close Combat|p1a: Gholdengo
|-immune|p1a: Gholdengo
|move|p1b: Dragonite|Scale Shot|p2a: Torkoal
|-damage|p2a: Torkoal|93/100
|-damage|p2a: Torkoal|84/100
|-damage|p2a: Torkoal|76/100
|-damage|p2a: Torkoal|68/100
|-hitcount|p2a: Torkoal|4
|-unboost|p1b: Dragonite|def|1
|-boost|p1b: Dragonite|spe|1
|
|-weather|SunnyDay|[upkeep]
|-damage|p1b: Dragonite|44/100 psn|[from] psn
|upkeep
|turn|4
|inactive|T-block has 30 seconds left.
|inactive|Bujero has 30 seconds left.
|
|t:|1756006765
|switch|p2b: Muk|Muk-Alola, L50, M, tera:Dragon|100/100
|switch|p1a: Incineroar|Incineroar, L50, M|100/100
|-ability|p1a: Incineroar|Intimidate|boost
|-unboost|p2a: Torkoal|atk|1
|-unboost|p2b: Muk|atk|1
|move|p1b: Dragonite|Protect|p1b: Dragonite
|-singleturn|p1b: Dragonite|Protect
|move|p2a: Torkoal|Heat Wave|p1a: Incineroar|[spread] p1a
|-activate|p1b: Dragonite|move: Protect
|-resisted|p1a: Incineroar
|-damage|p1a: Incineroar|80/100
|
|-weather|SunnyDay|[upkeep]
|-damage|p1b: Dragonite|32/100 psn|[from] psn
|upkeep
|turn|5
|inactive|Bujero has 30 seconds left.
|
|t:|1756006799
|move|p2a: Torkoal|Protect|p2a: Torkoal
|-singleturn|p2a: Torkoal|Protect
|move|p1b: Dragonite|Scale Shot|p2b: Muk
|-supereffective|p2b: Muk
|-damage|p2b: Muk|79/100
|-supereffective|p2b: Muk
|-damage|p2b: Muk|54/100
|-supereffective|p2b: Muk
|-damage|p2b: Muk|33/100
|-supereffective|p2b: Muk
|-damage|p2b: Muk|7/100
|-hitcount|p2b: Muk|4
|-unboost|p1b: Dragonite|def|1
|-boost|p1b: Dragonite|spe|1
|move|p1a: Incineroar|Knock Off|p2a: Torkoal
|-activate|p2a: Torkoal|move: Protect
|move|p2b: Muk|Poison Jab|p1a: Incineroar
|-damage|p1a: Incineroar|58/100
|-status|p1a: Incineroar|psn|[from] ability: Poison Touch|[of] p2b: Muk
|
|-weather|SunnyDay|[upkeep]
|-damage|p1b: Dragonite|20/100 psn|[from] psn
|-damage|p1a: Incineroar|45/100 psn|[from] psn
|upkeep
|turn|6
|inactive|T-block has 30 seconds left.
|inactive|Bujero has 30 seconds left.
|inactive|T-block has 20 seconds left.
|inactive|Bujero has 20 seconds left.
|inactive|T-block has 15 seconds left.
|inactive|Bujero has 15 seconds left.
|inactive|T-block has 10 seconds left.
|
|t:|1756006849
|switch|p2a: Lilligant|Lilligant-Hisui, L50, F|84/100
|move|p1b: Dragonite|Stomping Tantrum|p2b: Muk
|-damage|p2b: Muk|0 fnt
|faint|p2b: Muk
|move|p1a: Incineroar|Knock Off|p2a: Lilligant
|-resisted|p2a: Lilligant
|-damage|p2a: Lilligant|52/100
|-enditem|p2a: Lilligant|Focus Sash|[from] move: Knock Off|[of] p1a: Incineroar
|
|-weather|SunnyDay|[upkeep]
|-damage|p1b: Dragonite|8/100 psn|[from] psn
|-damage|p1a: Incineroar|33/100 psn|[from] psn
|upkeep
|
|t:|1756006859
|switch|p2b: Torkoal|Torkoal, L50, M|68/100
|turn|7
|
|t:|1756006876
|move|p2a: Lilligant|Leaf Blade|p1b: Dragonite
|-resisted|p1b: Dragonite
|-damage|p1b: Dragonite|0 fnt
|faint|p1b: Dragonite
|move|p1a: Incineroar|Knock Off|p2b: Torkoal
|-damage|p2b: Torkoal|38/100
|-enditem|p2b: Torkoal|Charcoal|[from] move: Knock Off|[of] p1a: Incineroar
|move|p2b: Torkoal|Heat Wave|p1a: Incineroar
|-resisted|p1a: Incineroar
|-damage|p1a: Incineroar|8/100 psn
|
|-weather|none
|-damage|p1a: Incineroar|0 fnt|[from] psn
|faint|p1a: Incineroar
|upkeep
|
|t:|1756006883
|switch|p1b: Gholdengo|Gholdengo, L50|100/100
|turn|8
|
|t:|1756006896
|move|p2a: Lilligant|Leaf Blade|p1b: Gholdengo
|-resisted|p1b: Gholdengo
|-damage|p1b: Gholdengo|81/100
|move|p1b: Gholdengo|Shadow Ball|p2b: Torkoal
|-damage|p2b: Torkoal|0 fnt
|faint|p2b: Torkoal
|
|upkeep
|turn|9
|
|t:|1756006906
|move|p2a: Lilligant|Leaf Blade|p1b: Gholdengo
|-resisted|p1b: Gholdengo
|-crit|p1b: Gholdengo
|-damage|p1b: Gholdengo|49/100
|move|p1b: Gholdengo|Shadow Ball|p2a: Lilligant
|-damage|p2a: Lilligant|0 fnt
|faint|p2a: Lilligant
|
|win|T-block
|raw|T-block's rating: 1208 → 1234(+26 for winning)
|raw|Bujero's rating: 1226 → 1200(-26 for losing)
|l|☆Bujero
|player|p2|
