|j|☆impassw
|j|☆artyowls
|html|impasswartyowls    
|uhtml|bestof|Game 1 of a best-of-3
|t:|1756209855
|gametype|doubles
|player|p1|impassw|giovanni|1039
|player|p2|artyowls|plasmagrunt|1053
|gen|9
|tier|[Gen 9] VGC 2025 Reg H (Bo3)
|rated|
|rule|Species Clause: Limit one of each Pokémon
|rule|Item Clause: Limit 1 of each item
|clearpoke
|poke|p1|Porygon2, L50|
|poke|p1|Ursaluna, L50, F|
|poke|p1|Amoonguss, L50, M|
|poke|p1|Gholdengo, L50|
|poke|p1|Incineroar, L50, M|
|poke|p1|Dragonite, L50, M|
|poke|p2|Archaludon, L50, F|
|poke|p2|Electabuzz, L50, M|
|poke|p2|Rillaboom, L50, M|
|poke|p2|Kingambit, L50, M|
|poke|p2|Pelipper, L50, M|
|poke|p2|Dragapult, L50, M|
|teampreview|4
|showteam|p1|Porygon2||Eviolite|Download|TrickRoom,IceBeam,Recover,TeraBlast||||||50|,,,,,Fighting]Ursaluna||FlameOrb|Guts|Facade,HeadlongRush,Earthquake,Protect|||F|||50|,,,,,Ghost]Amoonguss||CovertCloak|Regenerator|Spore,RagePowder,PollenPuff,SludgeBomb|||M|||50|,,,,,Water]Gholdengo||LifeOrb|GoodasGold|MakeItRain,ShadowBall,NastyPlot,Protect||||||50|,,,,,Water]Incineroar||SafetyGoggles|Intimidate|FakeOut,KnockOff,PartingShot,FlareBlitz|||M|||50|,,,,,Ghost]Dragonite||LoadedDice|Multiscale|ScaleShot,Protect,ExtremeSpeed,Haze|||M|||50|,,,,,Fairy
|showteam|p2|Archaludon||AssaultVest|Stamina|BodyPress,ElectroShot,DracoMeteor,FlashCannon|||F|||50|,,,,,Flying]Electabuzz||Eviolite|VitalSpirit|FollowMe,Protect,Taunt,Thunderbolt|||M|||50|,,,,,Fairy]Rillaboom||LoadedDice|GrassySurge|FakeOut,GrassyGlide,BulletSeed,HighHorsepower|||M|||50|,,,,,Water]Kingambit||SafetyGoggles|Defiant|SuckerPunch,SwordsDance,KowtowCleave,Protect|||M|||50|,,,,,Dark]Pelipper||FocusSash|Drizzle|Hurricane,WeatherBall,Protect,Tailwind|||M|||50|,,,,,Stellar]Dragapult||ChoiceBand|ClearBody|DragonDarts,PhantomForce,Outrage,Uturn|||M|||50|,,,,,Dragon
|inactive|Battle timer is ON: inactive players will automatically lose when time's up. (requested by impassw)
|
|t:|1756209897
|teamsize|p1|4
|teamsize|p2|4
|start
|switch|p1a: Amoonguss|Amoonguss, L50, M|100/100
|switch|p1b: Porygon2|Porygon2, L50|100/100
|switch|p2a: Dragapult|Dragapult, L50, M|100/100
|switch|p2b: Rillaboom|Rillaboom, L50, M|100/100
|-fieldstart|move: Grassy Terrain|[from] ability: Grassy Surge|[of] p2b: Rillaboom
|-ability|p1b: Porygon2|Download|boost
|-boost|p1b: Porygon2|spa|1
|turn|1
|inactive|impassw has 30 seconds left.
|inactive|artyowls has 30 seconds left.
|inactive|impassw has 20 seconds left.
|inactive|impassw has 15 seconds left.
|inactive|impassw has 10 seconds left.
|
|t:|1756209944
|switch|p1b: Gholdengo|Gholdengo, L50|100/100
|move|p2b: Rillaboom|Fake Out|p1b: Gholdengo
|-immune|p1b: Gholdengo
|move|p2a: Dragapult|Dragon Darts|p1b: Gholdengo
|-resisted|p1b: Gholdengo
|-damage|p1b: Gholdengo|82/100
|-anim|p2a: Dragapult|Dragon Darts|p1a: Amoonguss
|-damage|p1a: Amoonguss|70/100
|move|p1a: Amoonguss|Spore|p2a: Dragapult
|-status|p2a: Dragapult|slp|[from] move: Spore
|
|-heal|p1b: Gholdengo|88/100|[from] Grassy Terrain
|-heal|p1a: Amoonguss|76/100|[from] Grassy Terrain
|upkeep
|turn|2
|inactive|impassw has 30 seconds left.
|inactive|artyowls has 30 seconds left.
|
|t:|1756209979
|cant|p2a: Dragapult|slp
|move|p2b: Rillaboom|High Horsepower|p1b: Gholdengo
|-supereffective|p1b: Gholdengo
|-damage|p1b: Gholdengo|23/100
|move|p1b: Gholdengo|Shadow Ball|p2a: Dragapult
|-supereffective|p2a: Dragapult
|-damage|p2a: Dragapult|0 fnt
|faint|p2a: Dragapult
|-damage|p1b: Gholdengo|13/100|[from] item: Life Orb
|move|p1a: Amoonguss|Sludge Bomb|p2b: Rillaboom
|-supereffective|p2b: Rillaboom
|-damage|p2b: Rillaboom|40/100
|
|-heal|p2b: Rillaboom|46/100|[from] Grassy Terrain
|-heal|p1b: Gholdengo|20/100|[from] Grassy Terrain
|-heal|p1a: Amoonguss|82/100|[from] Grassy Terrain
|upkeep
|
|t:|1756209992
|switch|p2a: Pelipper|Pelipper, L50, M|100/100
|-weather|RainDance|[from] ability: Drizzle|[of] p2a: Pelipper
|turn|3
|
|t:|1756210013
|switch|p1b: Porygon2|Porygon2, L50|100/100
|-ability|p1b: Porygon2|Download|boost
|-boost|p1b: Porygon2|spa|1
|move|p2b: Rillaboom|High Horsepower|p1b: Porygon2
|-damage|p1b: Porygon2|83/100
|move|p2a: Pelipper|Hurricane|p1a: Amoonguss
|-supereffective|p1a: Amoonguss
|-damage|p1a: Amoonguss|0 fnt
|faint|p1a: Amoonguss
|
|-weather|RainDance|[upkeep]
|-heal|p2b: Rillaboom|53/100|[from] Grassy Terrain
|-heal|p1b: Porygon2|88/100|[from] Grassy Terrain
|upkeep
|
|t:|1756210033
|switch|p1a: Ursaluna|Ursaluna, L50, F|100/100
|turn|4
|inactive|artyowls has 30 seconds left.
|
|t:|1756210062
|move|p1a: Ursaluna|Protect|p1a: Ursaluna
|-singleturn|p1a: Ursaluna|Protect
|move|p2b: Rillaboom|Bullet Seed|p1b: Porygon2
|-damage|p1b: Porygon2|77/100
|-damage|p1b: Porygon2|68/100
|-damage|p1b: Porygon2|58/100
|-damage|p1b: Porygon2|47/100
|-damage|p1b: Porygon2|36/100
|-hitcount|p1b: Porygon2|5
|move|p2a: Pelipper|Weather Ball|p1b: Porygon2
|-damage|p1b: Porygon2|0 fnt
|faint|p1b: Porygon2
|
|-weather|RainDance|[upkeep]
|-heal|p2b: Rillaboom|59/100|[from] Grassy Terrain
|-status|p1a: Ursaluna|brn|[from] item: Flame Orb
|upkeep
|
|t:|1756210077
|switch|p1b: Gholdengo|Gholdengo, L50|20/100
|turn|5
|inactive|impassw has 30 seconds left.
|
|t:|1756210105
|move|p1b: Gholdengo|Protect|p1b: Gholdengo
|-singleturn|p1b: Gholdengo|Protect
|move|p2b: Rillaboom|Grassy Glide|p1b: Gholdengo
|-activate|p1b: Gholdengo|move: Protect
|move|p2a: Pelipper|Weather Ball|p1b: Gholdengo
|-activate|p1b: Gholdengo|move: Protect
|move|p1a: Ursaluna|Facade|p2a: Pelipper
|-enditem|p2a: Pelipper|Focus Sash
|-damage|p2a: Pelipper|1/100
|
|-weather|RainDance|[upkeep]
|-heal|p2b: Rillaboom|65/100|[from] Grassy Terrain
|-heal|p1b: Gholdengo|26/100|[from] Grassy Terrain
|-damage|p1a: Ursaluna|95/100 brn|[from] brn
|-fieldend|move: Grassy Terrain
|upkeep
|turn|6
|inactive|impassw has 30 seconds left.
|inactive|artyowls has 30 seconds left.
|inactive|impassw has 20 seconds left.
|inactive|artyowls has 20 seconds left.
|inactive|impassw has 15 seconds left.
|inactive|artyowls has 15 seconds left.
|
|t:|1756210146
|move|p2a: Pelipper|Protect|p2a: Pelipper
|-singleturn|p2a: Pelipper|Protect
|move|p2b: Rillaboom|Grassy Glide|p1b: Gholdengo
|-resisted|p1b: Gholdengo
|-damage|p1b: Gholdengo|13/100
|move|p1b: Gholdengo|Make It Rain|p2a: Pelipper|[spread] p2b
|-activate|p2a: Pelipper|move: Protect
|-damage|p2b: Rillaboom|0 fnt
|-unboost|p1b: Gholdengo|spa|1
|faint|p2b: Rillaboom
|-damage|p1b: Gholdengo|3/100|[from] item: Life Orb
|move|p1a: Ursaluna|Facade|p2a: Pelipper
|-activate|p2a: Pelipper|move: Protect
|
|-weather|RainDance|[upkeep]
|-damage|p1a: Ursaluna|89/100 brn|[from] brn
|upkeep
|
|t:|1756210154
|switch|p2b: Archaludon|Archaludon, L50, F|100/100
|turn|7
|inactive|impassw has 30 seconds left.
|inactive|artyowls has 30 seconds left.
|inactive|artyowls has 20 seconds left.
|inactive|artyowls has 15 seconds left.
|inactive|artyowls has 10 seconds left.
|
|t:|1756210203
|-terastallize|p2b: Archaludon|Flying
|-terastallize|p1a: Ursaluna|Ghost
|move|p1b: Gholdengo|Make It Rain|p2b: Archaludon|[spread] p2a,p2b
|-resisted|p2a: Pelipper
|-damage|p2a: Pelipper|0 fnt
|-damage|p2b: Archaludon|73/100
|-unboost|p1b: Gholdengo|spa|1
|-ability|p2b: Archaludon|Stamina|boost
|-boost|p2b: Archaludon|def|1
|faint|p2a: Pelipper
|-damage|p1b: Gholdengo|0 fnt|[from] item: Life Orb
|faint|p1b: Gholdengo
|move|p2b: Archaludon|Body Press|p1a: Ursaluna
|-immune|p1a: Ursaluna
|move|p1a: Ursaluna|Headlong Rush|p2b: Archaludon
|-immune|p2b: Archaludon
|
|-weather|none
|-damage|p1a: Ursaluna|83/100 brn|[from] brn
|upkeep
|turn|8
|inactive|impassw has 30 seconds left.
|inactive|artyowls has 30 seconds left.
|inactive|impassw has 20 seconds left.
|
|t:|1756210239
|move|p2b: Archaludon|Draco Meteor|p1a: Ursaluna
|-damage|p1a: Ursaluna|29/100 brn
|-unboost|p2b: Archaludon|spa|2
|move|p1a: Ursaluna|Facade|p2b: Archaludon
|-damage|p2b: Archaludon|10/100
|-ability|p2b: Archaludon|Stamina|boost
|-boost|p2b: Archaludon|def|1
|
|-damage|p1a: Ursaluna|23/100 brn|[from] brn
|upkeep
|turn|9
|
|t:|1756210260
|move|p1a: Ursaluna|Protect|p1a: Ursaluna
|-singleturn|p1a: Ursaluna|Protect
|move|p2b: Archaludon|Draco Meteor|p1a: Ursaluna
|-activate|p1a: Ursaluna|move: Protect
|
|-damage|p1a: Ursaluna|17/100 brn|[from] brn
|upkeep
|turn|10
|
|t:|1756210278
|move|p2b: Archaludon|Draco Meteor|p1a: Ursaluna
|-damage|p1a: Ursaluna|0 fnt
|-unboost|p2b: Archaludon|spa|2
|faint|p1a: Ursaluna
|
|win|artyowls
||impassw is ready for game 2.
||artyowls is ready for game 2.
|uhtml|next|Next: Game 2 of 3
