|j|☆safercer3
|j|☆LaserDedenee
|html|safercer3LaserDedenee    
|uhtml|bestof|Game 2 of a best-of-3
|t:|1786183467
|gametype|doubles
|player|p1|safercer3|101|1167
|player|p2|LaserDedenee|102|1043
|gen|9
|tier|[Gen 9 Champions] VGC 2026 Reg M-B (Bo3)
|rated|
|rule|Species Clause: Limit one of each Pokémon
|rule|Item Clause: Limit 1 of each item
|clearpoke
|poke|p1|Talonflame, L50, M|
|poke|p1|Garchomp, L50, M|
|poke|p1|Kingambit, L50, M|
|poke|p1|Hydreigon, L50, M|
|poke|p1|Floette-Eternal, L50, F|
|poke|p1|Sinistcha, L50|
|poke|p2|Raichu, L50, M|
|poke|p2|Sylveon, L50, M|
|poke|p2|Arcanine-Hisui, L50, M|
|poke|p2|Kingambit, L50, M|
|poke|p2|Farigiraf, L50, F|
|poke|p2|Staraptor, L50, F|
|teampreview|4
|showteam|p1|Talonflame||SharpBeak|GaleWings|DualWingbeat,Tailwind,WillOWisp,Protect|Jolly||M|||50|]Garchomp||LifeOrb|RoughSkin|DragonClaw,StompingTantrum,RockSlide,Protect|Jolly||M|||50|]Kingambit||ChopleBerry|Defiant|IronHead,KowtowCleave,Taunt,SuckerPunch|Adamant||M|||50|]Hydreigon||ChoiceScarf|Levitate|DarkPulse,DracoMeteor,FireBlast,FlashCannon|Timid||M|||50|]Floette-Eternal||Floettite|FlowerVeil|LightofRuin,Moonblast,Psychic,Protect|Timid||F|||50|]Sinistcha||KasibBerry|Hospitality|MatchaGotcha,ShadowBall,Protect,RagePowder|Calm|||||50|
|showteam|p2|Raichu||RaichuniteY|LightningRod|Protect,ZapCannon,FocusBlast,FakeOut|Timid||M|||50|]Sylveon||FairyFeather|Pixilate|Detect,HyperVoice,HyperBeam,QuickAttack|Modest||M|||50|]Arcanine-Hisui||FocusSash|RockHead|Protect,FlareBlitz,HeadSmash,ExtremeSpeed|Jolly||M|||50|]Kingambit||LifeOrb|Defiant|Protect,KowtowCleave,SwordsDance,SuckerPunch|Adamant||M|||50|]Farigiraf||SitrusBerry|ArmorTail|Protect,Psychic,HelpingHand,TrickRoom|Calm||F|||50|]Staraptor||Staraptite|Intimidate|Protect,DualWingbeat,CloseCombat,Tailwind|Jolly||F|||50|
|inactive|Battle timer is ON: inactive players will automatically lose when time's up. (requested by LaserDedenee)
|inactive|LaserDedenee has 60 seconds left.
|
|t:|1786183516
|teamsize|p1|4
|teamsize|p2|4
|start
|switch|p1a: Hydreigon|Hydreigon, L50, M|100/100
|switch|p1b: Kingambit|Kingambit, L50, M|100/100
|switch|p2a: Sylveon|Sylveon, L50, M|100/100
|switch|p2b: Farigiraf|Farigiraf, L50, F|100/100
|turn|1
|inactive|LaserDedenee has 30 seconds left.
|
|t:|1786183550
|move|p2a: Sylveon|Detect|p2a: Sylveon
|-singleturn|p2a: Sylveon|Protect
|move|p1a: Hydreigon|Dark Pulse|p2b: Farigiraf
|-supereffective|p2b: Farigiraf|1
|-damage|p2b: Farigiraf|37/100
|-enditem|p2b: Farigiraf|Sitrus Berry|[eat]
|-heal|p2b: Farigiraf|62/100|[from] item: Sitrus Berry
|move|p1b: Kingambit|Iron Head|p2a: Sylveon
|-activate|p2a: Sylveon|move: Protect
|move|p2b: Farigiraf|Trick Room|p2b: Farigiraf
|-fieldstart|move: Trick Room|[of] p2b: Farigiraf
|
|upkeep
|turn|2
|
|t:|1786183566
|switch|p1a: Talonflame|Talonflame, L50, M|100/100
|move|p2b: Farigiraf|Helping Hand|p2a: Sylveon
|-singleturn|p2a: Sylveon|Helping Hand|[of] p2b: Farigiraf
|move|p1b: Kingambit|Iron Head|p2a: Sylveon
|-supereffective|p2a: Sylveon|1
|-damage|p2a: Sylveon|21/100
|cant|p2a: Sylveon|flinch
|
|upkeep
|turn|3
|
|t:|1786183586
|move|p2a: Sylveon|Quick Attack|p1b: Kingambit
|-damage|p1b: Kingambit|90/100
|move|p1b: Kingambit|Iron Head|p2a: Sylveon
|-supereffective|p2a: Sylveon|1
|-damage|p2a: Sylveon|0 fnt
|faint|p2a: Sylveon
|move|p2b: Farigiraf|Psychic|p1a: Talonflame
|-damage|p1a: Talonflame|52/100
|move|p1a: Talonflame|Will-O-Wisp|p2b: Farigiraf
|-status|p2b: Farigiraf|brn
|
|-damage|p2b: Farigiraf|56/100 brn|[from] brn
|upkeep
|
|t:|1786183594
|switch|p2a: Raichu|Raichu, L50, M|100/100
|turn|4
|
|t:|1786183617
|switch|p1b: Sinistcha|Sinistcha, L50|100/100
|-heal|p1a: Talonflame|77/100|[from] ability: Hospitality|[of] p1b: Sinistcha
|detailschange|p2a: Raichu|Raichu-Mega-Y, L50, M
|-mega|p2a: Raichu|Raichu|Raichunite Y
|move|p2a: Raichu|Fake Out|p1b: Sinistcha
|-immune|p1b: Sinistcha
|move|p2b: Farigiraf|Psychic|p1a: Talonflame
|-damage|p1a: Talonflame|34/100
|move|p1a: Talonflame|Tailwind|p1a: Talonflame
|-sidestart|p1: safercer3|move: Tailwind
|
|-damage|p2b: Farigiraf|50/100g brn|[from] brn
|upkeep
|turn|5
|
|t:|1786183640
|move|p1a: Talonflame|Protect|p1a: Talonflame
|-singleturn|p1a: Talonflame|Protect
|move|p2b: Farigiraf|Psychic|p1a: Talonflame
|-activate|p1a: Talonflame|move: Protect
|move|p1b: Sinistcha|Matcha Gotcha|p2a: Raichu|[spread] p2a,p2b
|-damage|p2a: Raichu|69/100
|-damage|p2b: Farigiraf|33/100 brn
|move|p2a: Raichu|Zap Cannon|p1b: Sinistcha
|-resisted|p1b: Sinistcha|1
|-damage|p1b: Sinistcha|75/100
|-status|p1b: Sinistcha|par
|
|-damage|p2b: Farigiraf|27/100 brn|[from] brn
|-fieldend|move: Trick Room
|upkeep
|turn|6
|inactive|LaserDedenee has 30 seconds left.
|
|t:|1786183667
|switch|p1a: Hydreigon|Hydreigon, L50, M|100/100
|move|p2a: Raichu|Zap Cannon|p1a: Hydreigon
|-resisted|p1a: Hydreigon|1
|-damage|p1a: Hydreigon|66/100
|-status|p1a: Hydreigon|par
|move|p1b: Sinistcha|Matcha Gotcha|p2a: Raichu|[spread] p2a,p2b
|-damage|p2a: Raichu|36/100
|-heal|p1b: Sinistcha|91/100 par|[from] drain|[of] p2a: Raichu
|-damage|p2b: Farigiraf|8/100 brn
|-heal|p1b: Sinistcha|100/100 par|[from] drain|[of] p2b: Farigiraf
|-status|p2a: Raichu|brn
|move|p2b: Farigiraf|Psychic|p1a: Hydreigon
|-immune|p1a: Hydreigon
|
|-damage|p2a: Raichu|30/100 brn|[from] brn
|-damage|p2b: Farigiraf|2/100 brn|[from] brn
|upkeep
|turn|7
|inactive|safercer3 has 30 seconds left.
|
|t:|1786183699
|move|p2a: Raichu|Protect|p2a: Raichu
|-singleturn|p2a: Raichu|Protect
|move|p1b: Sinistcha|Rage Powder|p1b: Sinistcha
|-singleturn|p1b: Sinistcha|move: Rage Powder
|move|p1a: Hydreigon|Fire Blast|p2b: Farigiraf
|-damage|p2b: Farigiraf|0 fnt
|faint|p2b: Farigiraf
|
|-damage|p2a: Raichu|24/100 brn|[from] brn
|-sideend|p1: safercer3|move: Tailwind
|upkeep
|
|t:|1786183704
|switch|p2b: Arcanine|Arcanine-Hisui, L50, M|100/100
|turn|8
|
|t:|1786183717
|switch|p1a: Talonflame|Talonflame, L50, M|34/100
|move|p2a: Raichu|Protect|p2a: Raichu
|-singleturn|p2a: Raichu|Protect
|move|p1b: Sinistcha|Protect|p1b: Sinistcha
|-singleturn|p1b: Sinistcha|Protect
|move|p2b: Arcanine|Flare Blitz|p1b: Sinistcha
|-activate|p1b: Sinistcha|move: Protect
|
|-damage|p2a: Raichu|18/100 brn|[from] brn
|upkeep
|turn|9
|
|t:|1786183734
|move|p2b: Arcanine|Extreme Speed|p1a: Talonflame
|-damage|p1a: Talonflame|1/100
|move|p1b: Sinistcha|Rage Powder|p1b: Sinistcha
|-singleturn|p1b: Sinistcha|move: Rage Powder
|move|p1a: Talonflame|Tailwind|p1a: Talonflame
|-sidestart|p1: safercer3|move: Tailwind
|move|p2a: Raichu|Zap Cannon|p1b: Sinistcha
|-resisted|p1b: Sinistcha|1
|-damage|p1b: Sinistcha|73/100 par
|
|-damage|p2a: Raichu|12/100 brn|[from] brn
|upkeep
|turn|10
|
|t:|1786183749
|move|p1a: Talonflame|Dual Wingbeat|p2a: Raichu
|-resisted|p2a: Raichu|1
|-damage|p2a: Raichu|1/100 brn
|-resisted|p2a: Raichu|1
|-damage|p2a: Raichu|0 fnt
|faint|p2a: Raichu
|-hitcount|p2: Raichu|2
|move|p2b: Arcanine|Flare Blitz|p1b: Sinistcha
|-supereffective|p1b: Sinistcha|1
|-damage|p1b: Sinistcha|0 fnt
|faint|p1b: Sinistcha
|
|upkeep
|
|t:|1786183761
|switch|p1b: Hydreigon|Hydreigon, L50, M|66/100 par
|turn|11
|inactive|LaserDedenee has 30 seconds left.
|
|t:|1786183792
|move|p1a: Talonflame|Protect|p1a: Talonflame
|-singleturn|p1a: Talonflame|Protect
|cant|p1b: Hydreigon|par
|move|p2b: Arcanine|Head Smash|p1b: Hydreigon
|-damage|p1b: Hydreigon|0 fnt
|faint|p1b: Hydreigon
|
|upkeep
|
|t:|1786183800
|switch|p1b: Kingambit|Kingambit, L50, M|90/100
|turn|12
|
|t:|1786183815
|move|p1a: Talonflame|Dual Wingbeat|p2b: Arcanine
|-resisted|p2b: Arcanine|1
|-damage|p2b: Arcanine|91/100
|-resisted|p2b: Arcanine|1
|-damage|p2b: Arcanine|81/100
|-hitcount|p2b: Arcanine|2
|move|p2b: Arcanine|Flare Blitz|p1b: Kingambit
|-supereffective|p1b: Kingambit|1
|-damage|p1b: Kingambit|5/100
|move|p1b: Kingambit|Iron Head|p2b: Arcanine
|-damage|p2b: Arcanine|33/100
|
|-sideend|p1: safercer3|move: Tailwind
|upkeep
|turn|13
|
|t:|1786183837
|move|p2b: Arcanine|Protect|p2b: Arcanine
|-singleturn|p2b: Arcanine|Protect
|move|p1b: Kingambit|Sucker Punch||[still]
|-fail|p1b: Kingambit
|move|p1a: Talonflame|Dual Wingbeat|p2b: Arcanine
|-activate|p2b: Arcanine|move: Protect
|
|upkeep
|turn|14
|
|t:|1786183848
|move|p2b: Arcanine|Extreme Speed|p1b: Kingambit
|-resisted|p1b: Kingambit|1
|-damage|p1b: Kingambit|0 fnt
|faint|p1b: Kingambit
|move|p1a: Talonflame|Dual Wingbeat|p2b: Arcanine
|-resisted|p2b: Arcanine|1
|-damage|p2b: Arcanine|24/100
|-resisted|p2b: Arcanine|1
|-damage|p2b: Arcanine|16/100
|-hitcount|p2b: Arcanine|2
|
|upkeep
|turn|15
|
|t:|1786183859
|move|p2b: Arcanine|Extreme Speed|p1a: Talonflame
|-damage|p1a: Talonflame|0 fnt
|faint|p1a: Talonflame
|
|win|LaserDedenee
|raw|safercer3's rating: 1167 → 1133(-34 for losing)
|raw|LaserDedenee's rating: 1043 → 1088(+45 for winning)
