|j|☆darthnius
|j|☆r4ka
|html|darthniusr4ka    
|uhtml|bestof|Game 3 of a best-of-3
|t:|1756645565
|gametype|doubles
|player|p1|darthnius|volkner|1298
|player|p2|r4ka|169|1150
|gen|9
|tier|[Gen 9] VGC 2025 Reg H (Bo3)
|rated|
|rule|Species Clause: Limit one of each Pokémon
|rule|Item Clause: Limit 1 of each item
|clearpoke
|poke|p1|Frosmoth, L50, F|
|poke|p1|Volcarona, L50, M|
|poke|p1|Ninetales-Alola, L50, M|
|poke|p1|Garchomp, L50, M|
|poke|p1|Rillaboom, L50, F|
|poke|p1|Incineroar, L50, M|
|poke|p2|Rillaboom, L50, M|
|poke|p2|Dragonite, L50, F|
|poke|p2|Sneasler, L50, M|
|poke|p2|Kingambit, L50, M|
|poke|p2|Electabuzz, L50, M|
|poke|p2|Volcarona, L50, F|
|teampreview|4
|showteam|p1|Frosmoth||Leftovers|IceScales|Blizzard,WideGuard,QuiverDance,TeraBlast|||F|||50|,,,,,Water]Volcarona||RockyHelmet|FlameBody|HeatWave,WillOWisp,RagePowder,StruggleBug|||M|||50|,,,,,Steel]Ninetales-Alola||LifeOrb|SnowWarning|FreezeDry,IcyWind,AuroraVeil,Moonblast|||M|||50|,,,,,Ghost]Garchomp||ClearAmulet|RoughSkin|StompingTantrum,BreakingSwipe,RockSlide,Protect|||M|||50|,,,,,Fire]Rillaboom||AssaultVest|GrassySurge|FakeOut,GrassyGlide,WoodHammer,HighHorsepower|||F|||50|,,,,,Fire]Incineroar||SitrusBerry|Intimidate|FakeOut,FlareBlitz,KnockOff,PartingShot|||M|||50|,,,,,Ghost
|showteam|p2|Rillaboom||AssaultVest|GrassySurge|FakeOut,HighHorsepower,WoodHammer,GrassyGlide|||M|||50|,,,,,Fire]Dragonite||LoadedDice|Multiscale|ExtremeSpeed,ScaleShot,Protect,Haze|||F|||50|,,,,,Steel]Sneasler||FocusSash|PoisonTouch|DireClaw,CloseCombat,FakeOut,Coaching|||M|||50|,,,,,Stellar]Kingambit||BlackGlasses|Defiant|KowtowCleave,SuckerPunch,SwordsDance,Protect|||M|||50|,,,,,Dark]Electabuzz||Eviolite|VitalSpirit|Thunderbolt,Taunt,Protect,FollowMe|||M|||50|,,,,,Ghost]Volcarona||Leftovers|FlameBody|HeatWave,TeraBlast,QuiverDance,Protect|||F|||50|,,,,,Fairy
|
|t:|1756645590
|teamsize|p1|4
|teamsize|p2|4
|start
|switch|p1a: Volcarona|Volcarona, L50, M|100/100
|switch|p1b: Frosmoth|Frosmoth, L50, F|100/100
|switch|p2a: Kingambit|Kingambit, L50, M, shiny|100/100
|switch|p2b: Rillaboom|Rillaboom, L50, M|100/100
|-fieldstart|move: Grassy Terrain|[from] ability: Grassy Surge|[of] p2b: Rillaboom
|turn|1
|
|t:|1756645605
|move|p2b: Rillaboom|Fake Out|p1a: Volcarona
|-damage|p1a: Volcarona|87/100
|-damage|p2b: Rillaboom|84/100|[from] item: Rocky Helmet|[of] p1a: Volcarona
|-status|p2b: Rillaboom|brn|[from] ability: Flame Body|[of] p1a: Volcarona
|cant|p1a: Volcarona|flinch
|move|p1b: Frosmoth|Quiver Dance|p1b: Frosmoth
|-boost|p1b: Frosmoth|spa|1
|-boost|p1b: Frosmoth|spd|1
|-boost|p1b: Frosmoth|spe|1
|move|p2a: Kingambit|Swords Dance|p2a: Kingambit
|-boost|p2a: Kingambit|atk|2
|
|-heal|p1a: Volcarona|94/100|[from] Grassy Terrain
|-heal|p2b: Rillaboom|90/100 brn|[from] Grassy Terrain
|-damage|p2b: Rillaboom|84/100 brn|[from] brn
|upkeep
|turn|2
|
|t:|1756645628
|switch|p2b: Sneasler|Sneasler, L50, M|100/100
|move|p2a: Kingambit|Protect|p2a: Kingambit
|-singleturn|p2a: Kingambit|Protect
|move|p1b: Frosmoth|Quiver Dance|p1b: Frosmoth
|-boost|p1b: Frosmoth|spa|1
|-boost|p1b: Frosmoth|spd|1
|-boost|p1b: Frosmoth|spe|1
|move|p1a: Volcarona|Will-O-Wisp|p2a: Kingambit
|-activate|p2a: Kingambit|move: Protect
|
|-heal|p1a: Volcarona|99/100|[from] Grassy Terrain
|upkeep
|turn|3
|
|t:|1756645650
|-terastallize|p2a: Kingambit|Dark
|move|p2b: Sneasler|Fake Out|p1a: Volcarona
|-damage|p1a: Volcarona|87/100
|-damage|p2b: Sneasler|84/100|[from] item: Rocky Helmet|[of] p1a: Volcarona
|-status|p1a: Volcarona|psn|[from] ability: Poison Touch|[of] p2b: Sneasler
|move|p1b: Frosmoth|Quiver Dance|p1b: Frosmoth
|-boost|p1b: Frosmoth|spa|1
|-boost|p1b: Frosmoth|spd|1
|-boost|p1b: Frosmoth|spe|1
|cant|p1a: Volcarona|flinch
|move|p2a: Kingambit|Kowtow Cleave|p1a: Volcarona
|-damage|p1a: Volcarona|0 fnt
|-damage|p2a: Kingambit|84/100|[from] item: Rocky Helmet|[of] p1a: Volcarona
|faint|p1a: Volcarona
|
|-heal|p2b: Sneasler|90/100|[from] Grassy Terrain
|-heal|p2a: Kingambit|90/100|[from] Grassy Terrain
|upkeep
|
|t:|1756645668
|switch|p1a: Ninetales|Ninetales-Alola, L50, M|100/100
|-weather|Snowscape|[from] ability: Snow Warning|[of] p1a: Ninetales
|turn|4
|
|t:|1756645681
|move|p1b: Frosmoth|Blizzard|p2a: Kingambit|[spread] p2a,p2b
|-damage|p2a: Kingambit|0 fnt
|-damage|p2b: Sneasler|0 fnt
|faint|p2a: Kingambit
|faint|p2b: Sneasler
|move|p1a: Ninetales|Aurora Veil|p1a: Ninetales
|-sidestart|p1: darthnius|move: Aurora Veil
|
|-weather|Snowscape|[upkeep]
|upkeep
|
|t:|1756645689
|switch|p2b: Dragonite|Dragonite, L50, F, shiny|100/100
|switch|p2a: Rillaboom|Rillaboom, L50, M|84/100 brn
|turn|5
|
|t:|1756645707
|-terastallize|p1a: Ninetales|Ghost
|move|p2a: Rillaboom|Fake Out|p1b: Frosmoth
|-damage|p1b: Frosmoth|97/100
|cant|p1b: Frosmoth|flinch
|move|p1a: Ninetales|Icy Wind|p2a: Rillaboom|[spread] p2a,p2b
|-supereffective|p2a: Rillaboom
|-supereffective|p2b: Dragonite
|-damage|p2a: Rillaboom|53/100 brn
|-damage|p2b: Dragonite|59/100
|-unboost|p2a: Rillaboom|spe|1
|-unboost|p2b: Dragonite|spe|1
|-damage|p1a: Ninetales|91/100|[from] item: Life Orb
|move|p2b: Dragonite|Scale Shot|p1b: Frosmoth
|-damage|p1b: Frosmoth|90/100
|-damage|p1b: Frosmoth|84/100
|-damage|p1b: Frosmoth|76/100
|-damage|p1b: Frosmoth|69/100
|-damage|p1b: Frosmoth|62/100
|-hitcount|p1b: Frosmoth|5
|-unboost|p2b: Dragonite|def|1
|-boost|p2b: Dragonite|spe|1
|
|-weather|Snowscape|[upkeep]
|-heal|p1b: Frosmoth|68/100|[from] Grassy Terrain
|-heal|p1b: Frosmoth|75/100|[from] item: Leftovers
|-heal|p1a: Ninetales|97/100|[from] Grassy Terrain
|-heal|p2a: Rillaboom|59/100 brn|[from] Grassy Terrain
|-damage|p2a: Rillaboom|53/100 brn|[from] brn
|-fieldend|move: Grassy Terrain
|upkeep
|turn|6
|
|t:|1756645735
|move|p2b: Dragonite|Protect|p2b: Dragonite
|-singleturn|p2b: Dragonite|Protect
|move|p1b: Frosmoth|Blizzard|p2a: Rillaboom|[spread] p2a
|-activate|p2b: Dragonite|move: Protect
|-supereffective|p2a: Rillaboom
|-damage|p2a: Rillaboom|0 fnt
|faint|p2a: Rillaboom
|move|p1a: Ninetales|Icy Wind|p2b: Dragonite
|-activate|p2b: Dragonite|move: Protect
|
|-weather|Snowscape|[upkeep]
|-heal|p1b: Frosmoth|81/100|[from] item: Leftovers
|upkeep
|turn|7
|-message|r4ka forfeited.
|
|win|darthnius
|raw|darthnius's rating: 1298 → 1313(+15 for winning)
|raw|r4ka's rating: 1150 → 1135(-15 for losing)
|l|☆darthnius
|player|p1|
