|j|☆FrosteXD
|j|☆Kripo405
|html|FrosteXDKripo405    
|uhtml|bestof|Game 1 of a best-of-3
|t:|1756385409
|gametype|doubles
|player|p1|FrosteXD|1|1084
|player|p2|Kripo405|266|1031
|gen|9
|tier|[Gen 9] VGC 2025 Reg H (Bo3)
|rated|
|rule|Species Clause: Limit one of each Pokémon
|rule|Item Clause: Limit 1 of each item
|clearpoke
|poke|p1|Maushold-Four, L50|
|poke|p1|Dragonite, L50, M|
|poke|p1|Volcarona, L50, F|
|poke|p1|Sneasler, L50, M|
|poke|p1|Rillaboom, L50, M|
|poke|p1|Swampert, L50, F|
|poke|p2|Smeargle, L50, M|
|poke|p2|Hydreigon, L50, M|
|poke|p2|Garchomp, L50, F|
|poke|p2|Whimsicott, L50, F|
|poke|p2|Incineroar, L50, M|
|poke|p2|Primarina, L50, F|
|teampreview|4
|showteam|p1|Maushold-Four||WideLens|FriendGuard|FollowMe,Encore,PopulationBomb,Taunt||||||50|,,,,,Ground]Dragonite||LoadedDice|Multiscale|ScaleShot,Protect,IceSpinner,Tailwind|||M|||50|,,,,,Steel]Volcarona||LifeOrb|FlameBody|GigaDrain,FieryDance,Protect,QuiverDance|||F|||50|,,,,,Grass]Sneasler||GrassySeed|Unburden|DireClaw,CloseCombat,ThroatChop,FakeOut|||M|||50|,,,,,Dark]Rillaboom||AssaultVest|GrassySurge|FakeOut,Uturn,GrassyGlide,WoodHammer|||M|||50|,,,,,Ground]Swampert||ClearAmulet|Torrent|HighHorsepower,BulkUp,WideGuard,Liquidation|||F|||50|,,,,,Ghost
|showteam|p2|Smeargle||FocusSash|Moody|FakeOut,Decorate,FollowMe,Spore|||M|||50|,,,,,Grass]Hydreigon||SafetyGoggles|Levitate|DracoMeteor,DarkPulse,Protect,Snarl|||M|||50|,,,,,Poison]Garchomp||LifeOrb|RoughSkin|Earthquake,StompingTantrum,DragonClaw,Protect|||F|||50|,,,,,Steel]Whimsicott||CovertCloak|Prankster|Moonblast,Tailwind,LightScreen,HelpingHand|||F|||50|,,,,,Dark]Incineroar||AssaultVest|Intimidate|KnockOff,FlareBlitz,Uturn,FakeOut|||M|||50|,,,,,Ghost]Primarina||ThroatSpray|LiquidVoice|Protect,Moonblast,HyperVoice,Haze|||F|||50|,,,,,Fire
|inactive|Battle timer is ON: inactive players will automatically lose when time's up. (requested by FrosteXD)
|
|t:|1756385438
|teamsize|p1|4
|teamsize|p2|4
|start
|switch|p1a: Swampert|Swampert, L50, F|100/100
|switch|p1b: Maushold|Maushold-Four, L50, shiny|100/100
|switch|p2a: Hydreigon|Hydreigon, L50, M|100/100
|switch|p2b: Smeargle|Smeargle, L50, M|100/100
|turn|1
|inactive|FrosteXD has 30 seconds left.
|inactive|Kripo405 has 30 seconds left.
|inactive|Kripo405 has 20 seconds left.
|
|t:|1756385477
|move|p2b: Smeargle|Fake Out|p1a: Swampert
|-damage|p1a: Swampert|97/100
|move|p1b: Maushold|Taunt|p2b: Smeargle
|-start|p2b: Smeargle|move: Taunt
|move|p2a: Hydreigon|Dark Pulse|p1a: Swampert
|-damage|p1a: Swampert|65/100
|cant|p1a: Swampert|flinch
|
|-ability|p2b: Smeargle|Moody|boost
|-boost|p2b: Smeargle|def|2
|-unboost|p2b: Smeargle|spa|1
|upkeep
|turn|2
|inactive|FrosteXD has 30 seconds left.
|inactive|Kripo405 has 30 seconds left.
|
|t:|1756385511
|switch|p2b: Incineroar|Incineroar, L50, M|100/100
|-ability|p2b: Incineroar|Intimidate|boost
|-fail|p1a: Swampert|unboost|[from] item: Clear Amulet|[of] p1a: Swampert
|-unboost|p1b: Maushold|atk|1
|switch|p1a: Volcarona|Volcarona, L50, F|100/100
|move|p1b: Maushold|Encore||[still]
|-fail|p1b: Maushold
|move|p2a: Hydreigon|Draco Meteor|p1a: Volcarona
|-damage|p1a: Volcarona|48/100
|-unboost|p2a: Hydreigon|spa|2
|
|upkeep
|turn|3
|inactive|Kripo405 has 30 seconds left.
|
|t:|1756385539
|switch|p2a: Smeargle|Smeargle, L50, M|100/100
|move|p1a: Volcarona|Protect|p1a: Volcarona
|-singleturn|p1a: Volcarona|Protect
|move|p1b: Maushold|Population Bomb|p2a: Smeargle
|-damage|p2a: Smeargle|91/100
|-damage|p2a: Smeargle|81/100
|-damage|p2a: Smeargle|71/100
|-damage|p2a: Smeargle|62/100
|-damage|p2a: Smeargle|52/100
|-damage|p2a: Smeargle|42/100
|-damage|p2a: Smeargle|33/100
|-damage|p2a: Smeargle|23/100
|-damage|p2a: Smeargle|13/100
|-damage|p2a: Smeargle|4/100
|-hitcount|p2a: Smeargle|10
|move|p2b: Incineroar|Flare Blitz|p1a: Volcarona
|-activate|p1a: Volcarona|move: Protect
|
|-ability|p2a: Smeargle|Moody|boost
|-boost|p2a: Smeargle|spd|2
|-unboost|p2a: Smeargle|spa|1
|upkeep
|turn|4
|inactive|FrosteXD has 30 seconds left.
|
|t:|1756385569
|move|p1b: Maushold|Follow Me|p1b: Maushold
|-singleturn|p1b: Maushold|move: Follow Me
|move|p1a: Volcarona|Quiver Dance|p1a: Volcarona
|-boost|p1a: Volcarona|spa|1
|-boost|p1a: Volcarona|spd|1
|-boost|p1a: Volcarona|spe|1
|move|p2a: Smeargle|Spore|p1b: Maushold
|-status|p1b: Maushold|slp|[from] move: Spore
|move|p2b: Incineroar|Flare Blitz|p1b: Maushold
|-damage|p1b: Maushold|33/100 slp
|-damage|p2b: Incineroar|80/100|[from] Recoil
|
|-ability|p2a: Smeargle|Moody|boost
|-boost|p2a: Smeargle|spa|2
|-unboost|p2a: Smeargle|spd|1
|upkeep
|turn|5
|inactive|Kripo405 has 30 seconds left.
|
|t:|1756385603
|switch|p1b: Swampert|Swampert, L50, F|65/100
|move|p1a: Volcarona|Protect|p1a: Volcarona
|-singleturn|p1a: Volcarona|Protect
|move|p2a: Smeargle|Follow Me|p2a: Smeargle
|-singleturn|p2a: Smeargle|move: Follow Me
|move|p2b: Incineroar|Flare Blitz|p1a: Volcarona
|-activate|p1a: Volcarona|move: Protect
|
|-ability|p2a: Smeargle|Moody|boost
|-boost|p2a: Smeargle|spa|2
|-unboost|p2a: Smeargle|spe|1
|upkeep
|turn|6
|inactive|Kripo405 has 30 seconds left.
|inactive|FrosteXD has 30 seconds left.
|inactive|Kripo405 has 20 seconds left.
|inactive|Kripo405 has 15 seconds left.
|
|t:|1756385645
|move|p1a: Volcarona|Giga Drain|p2a: Smeargle
|-damage|p2a: Smeargle|0 fnt
|-heal|p1a: Volcarona|50/100|[from] drain|[of] p2a: Smeargle
|faint|p2a: Smeargle
|-damage|p1a: Volcarona|40/100|[from] item: Life Orb
|move|p2b: Incineroar|Flare Blitz|p1a: Volcarona
|-damage|p1a: Volcarona|0 fnt
|faint|p1a: Volcarona
|-damage|p2b: Incineroar|70/100|[from] Recoil
|move|p1b: Swampert|High Horsepower|p2b: Incineroar
|-supereffective|p2b: Incineroar
|-damage|p2b: Incineroar|0 fnt
|faint|p2b: Incineroar
|
|upkeep
|
|t:|1756385661
|switch|p1a: Rillaboom|Rillaboom, L50, M|100/100
|switch|p2a: Garchomp|Garchomp, L50, F|100/100
|switch|p2b: Hydreigon|Hydreigon, L50, M|100/100
|-fieldstart|move: Grassy Terrain|[from] ability: Grassy Surge|[of] p1a: Rillaboom
|turn|7
|inactive|Kripo405 has 30 seconds left.
|
|t:|1756385691
|move|p1a: Rillaboom|Fake Out|p2b: Hydreigon
|-damage|p2b: Hydreigon|85/100
|move|p2a: Garchomp|Dragon Claw|p1b: Swampert
|-damage|p1b: Swampert|16/100
|-damage|p2a: Garchomp|91/100|[from] item: Life Orb
|cant|p2b: Hydreigon|flinch
|move|p1b: Swampert|Bulk Up|p1b: Swampert
|-boost|p1b: Swampert|atk|1
|-boost|p1b: Swampert|def|1
|
|-heal|p2a: Garchomp|97/100|[from] Grassy Terrain
|-heal|p1b: Swampert|22/100|[from] Grassy Terrain
|upkeep
|turn|8
|inactive|Kripo405 has 30 seconds left.
|
|t:|1756385717
|move|p2b: Hydreigon|Protect|p2b: Hydreigon
|-singleturn|p2b: Hydreigon|Protect
|move|p2a: Garchomp|Dragon Claw|p1b: Swampert
|-damage|p1b: Swampert|0 fnt
|faint|p1b: Swampert
|-damage|p2a: Garchomp|87/100|[from] item: Life Orb
|move|p1a: Rillaboom|Wood Hammer|p2a: Garchomp
|-damage|p2a: Garchomp|7/100
|-damage|p1a: Rillaboom|88/100|[from] ability: Rough Skin|[of] p2a: Garchomp
|-damage|p1a: Rillaboom|61/100|[from] Recoil
|
|-heal|p2a: Garchomp|13/100|[from] Grassy Terrain
|-heal|p1a: Rillaboom|68/100|[from] Grassy Terrain
|upkeep
|
|t:|1756385723
|switch|p1b: Maushold|Maushold-Four, L50, shiny|33/100 slp
|turn|9
|
|t:|1756385745
|cant|p1b: Maushold|slp
|move|p2a: Garchomp|Earthquake|p1a: Rillaboom|[spread] p1a,p1b
|-immune|p2b: Hydreigon|[from] ability: Levitate
|-resisted|p1a: Rillaboom
|-damage|p1a: Rillaboom|60/100
|-damage|p1b: Maushold|0 fnt
|faint|p1b: Maushold
|-damage|p2a: Garchomp|3/100|[from] item: Life Orb
|move|p2b: Hydreigon|Draco Meteor|p1a: Rillaboom
|-damage|p1a: Rillaboom|5/100
|-unboost|p2b: Hydreigon|spa|2
|move|p1a: Rillaboom|U-turn|p2b: Hydreigon
|-supereffective|p2b: Hydreigon
|-damage|p2b: Hydreigon|33/100
|
|-heal|p2a: Garchomp|9/100|[from] Grassy Terrain
|-heal|p1a: Rillaboom|11/100|[from] Grassy Terrain
|upkeep
|turn|10
|inactive|FrosteXD has 30 seconds left.
|
|t:|1756385778
|move|p1a: Rillaboom|Grassy Glide|p2a: Garchomp
|-damage|p2a: Garchomp|0 fnt
|-damage|p1a: Rillaboom|0 fnt|[from] ability: Rough Skin|[of] p2a: Garchomp
|faint|p2a: Garchomp
|faint|p1a: Rillaboom
|
|win|Kripo405
||Kripo405 is ready for game 2.
||FrosteXD is ready for game 2.
|uhtml|next|Next: Game 2 of 3
|l|☆FrosteXD
|player|p1|
