|j|☆lux raymundi
|j|☆Pokemonkey25
|html|lux raymundiPokemonkey25    
|uhtml|bestof|Game 1 of a best-of-3
|t:|1782603166
|gametype|doubles
|player|p1|lux raymundi|169|1221
|player|p2|Pokemonkey25|swimmerf|1264
|gen|9
|tier|[Gen 9 Champions] VGC 2026 Reg M-B (Bo3)
|rated|
|rule|Species Clause: Limit one of each Pokémon
|rule|Item Clause: Limit 1 of each item
|clearpoke
|poke|p1|Garchomp, L50, F|
|poke|p1|Sneasler, L50, F|
|poke|p1|Sinistcha, L50|
|poke|p1|Eelektross, L50, F|
|poke|p1|Delphox, L50, M|
|poke|p1|Basculegion, L50, M|
|poke|p2|Raichu, L50, F|
|poke|p2|Mr. Rime, L50, M, shiny|
|poke|p2|Sinistcha, L50|
|poke|p2|Pelipper, L50, M|
|poke|p2|Farigiraf, L50, M|
|poke|p2|Golurk, L50|
|teampreview|4
|showteam|p1|Garchomp||LifeOrb|RoughSkin|Earthquake,RockTomb,DragonClaw,Protect|Jolly||F|||50|]Sneasler||FocusSash|Unburden|FakeOut,CloseCombat,DireClaw,Protect|Jolly||F|||50|]Sinistcha||SitrusBerry|Hospitality|MatchaGotcha,RagePowder,TrickRoom,Protect|Bold|||||50|]Eelektross||Eelektrossite|Levitate|Protect,Electroweb,Flamethrower,Thunderbolt|Timid||F|||50|]Delphox||Delphoxite|Blaze|NastyPlot,HeatWave,Psychic,Protect|Timid||M|||50|]Basculegion||ChoiceScarf|Adaptability|FlipTurn,AquaJet,WaveCrash,LastRespects|Jolly||M|||50|
|showteam|p2|Raichu||RaichuniteY|LightningRod|FakeOut,ZapCannon,Protect,FocusBlast|Timid||F|||50|]Mr. Rime||QuickClaw|IceBody|FakeOut,RolePlay,SheerCold,Protect|Bold||M|||50|]Sinistcha||BrightPowder|Hospitality|RagePowder,MatchaGotcha,StrengthSap,TrickRoom|Bold|||||50|]Pelipper||WacanBerry|Drizzle|WideGuard,MuddyWater,Hurricane,Soak|Calm||M|||50|]Farigiraf||LifeOrb|ArmorTail|TrickRoom,HyperVoice,LightScreen,Reflect|Quiet||M|||50|]Golurk||Golurkite|NoGuard|Protect,DynamicPunch,Poltergeist,StoneEdge|Brave|||||50|
|inactive|Battle timer is ON: inactive players will automatically lose when time's up. (requested by Pokemonkey25)
|
|t:|1782603190
|teamsize|p1|4
|teamsize|p2|4
|start
|switch|p1a: Basculegion|Basculegion, L50, M|100/100
|switch|p1b: Delphox|Delphox, L50, M|100/100
|switch|p2a: Golurk|Golurk, L50|100/100
|switch|p2b: Time Wizard|Mr. Rime, L50, M, shiny|100/100
|turn|1
|inactive|lux raymundi has 30 seconds left.
|inactive|Pokemonkey25 has 30 seconds left.
|
|t:|1782603225
|switch|p2a: Farigiraf|Farigiraf, L50, M|100/100
|move|p1b: Delphox|Protect|p1b: Delphox
|-singleturn|p1b: Delphox|Protect
|move|p2b: Time Wizard|Fake Out|p1b: Delphox
|-activate|p1b: Delphox|move: Protect
|move|p1a: Basculegion|Wave Crash|p2a: Farigiraf
|-damage|p2a: Farigiraf|32/100
|-damage|p1a: Basculegion|74/100|[from] Recoil
|
|upkeep
|turn|2
|-activate|p2b: Time Wizard|item: Quick Claw
|
|t:|1782603241
|switch|p1a: Sinistcha|Sinistcha, L50|100/100
|detailschange|p1b: Delphox|Delphox-Mega, L50, M
|-mega|p1b: Delphox|Delphox|Delphoxite
|move|p2b: Time Wizard|Protect|p2b: Time Wizard
|-singleturn|p2b: Time Wizard|Protect
|move|p1b: Delphox|Heat Wave|p2a: Farigiraf|[spread] p2a
|-activate|p2b: Time Wizard|move: Protect
|-damage|p2a: Farigiraf|0 fnt
|faint|p2a: Farigiraf
|
|upkeep
|
|t:|1782603255
|switch|p2a: Golurk|Golurk, L50|100/100
|turn|3
|
|t:|1782603271
|move|p1a: Sinistcha|Rage Powder|p1a: Sinistcha
|-singleturn|p1a: Sinistcha|move: Rage Powder
|move|p1b: Delphox|Heat Wave|p2a: Golurk|[spread] p2a,p2b
|-supereffective|p2b: Time Wizard|1
|-damage|p2a: Golurk|56/100
|-damage|p2b: Time Wizard|22/100
|move|p2b: Time Wizard|Role Play|p1a: Sinistcha
|-ability|p2b: Time Wizard|Hospitality|Ice Body|[from] move: Role Play|[of] p1a: Sinistcha
|-heal|p2a: Golurk|81/100|[from] ability: Hospitality|[of] p2b: Time Wizard
|move|p2a: Golurk|Poltergeist|p1a: Sinistcha
|-activate|p1a: Sinistcha|move: Poltergeist|Sitrus Berry
|-supereffective|p1a: Sinistcha|1
|-damage|p1a: Sinistcha|7/100
|-enditem|p1a: Sinistcha|Sitrus Berry|[eat]
|-heal|p1a: Sinistcha|32/100|[from] item: Sitrus Berry
|
|upkeep
|turn|4
|inactive|lux raymundi has 30 seconds left.
|inactive|Pokemonkey25 has 30 seconds left.
|inactive|lux raymundi has 20 seconds left.
|inactive|lux raymundi has 15 seconds left.
|
|t:|1782603315
|move|p2b: Time Wizard|Protect|p2b: Time Wizard
|-singleturn|p2b: Time Wizard|Protect
|move|p1a: Sinistcha|Rage Powder|p1a: Sinistcha
|-singleturn|p1a: Sinistcha|move: Rage Powder
|move|p1b: Delphox|Heat Wave|p2b: Time Wizard|[spread] p2a
|-activate|p2b: Time Wizard|move: Protect
|-damage|p2a: Golurk|34/100
|-status|p2a: Golurk|brn
|move|p2a: Golurk|Stone Edge|p1a: Sinistcha
|-damage|p1a: Sinistcha|19/100
|
|-damage|p2a: Golurk|28/100 brn|[from] brn
|upkeep
|turn|5
|
|t:|1782603336
|switch|p2b: Booteafull|Sinistcha, L50|100/100
|-heal|p2a: Golurk|53/100 brn|[from] ability: Hospitality|[of] p2b: Booteafull
|detailschange|p2a: Golurk|Golurk-Mega, L50
|-mega|p2a: Golurk|Golurk|Golurkite
|move|p1b: Delphox|Heat Wave|p2b: Booteafull|[spread] 
|-miss|p1b: Delphox|p2a: Golurk
|-miss|p1b: Delphox|p2b: Booteafull
|move|p1a: Sinistcha|Matcha Gotcha|p2b: Booteafull|[spread] p2a,p2b
|-supereffective|p2a: Golurk|1
|-resisted|p2b: Booteafull|1
|-damage|p2a: Golurk|13/100 brn
|-heal|p1a: Sinistcha|41/100|[from] drain|[of] p2a: Golurk
|-damage|p2b: Booteafull|87/100
|-heal|p1a: Sinistcha|47/100|[from] drain|[of] p2b: Booteafull
|move|p2a: Golurk|Poltergeist|p1b: Delphox
|-activate|p1b: Delphox|move: Poltergeist|Delphoxite
|-supereffective|p1b: Delphox|1
|-damage|p1b: Delphox|0 fnt
|faint|p1b: Delphox
|
|-damage|p2a: Golurk|7/100 brn|[from] brn
|upkeep
|
|t:|1782603354
|switch|p1b: Basculegion|Basculegion, L50, M|74/100
|turn|6
|
|t:|1782603368
|switch|p2a: Time Wizard|Mr. Rime, L50, M, shiny|22/100
|move|p1b: Basculegion|Last Respects|p2b: Booteafull
|-supereffective|p2b: Booteafull|1
|-damage|p2b: Booteafull|0 fnt
|faint|p2b: Booteafull
|move|p1a: Sinistcha|Matcha Gotcha|p2a: Time Wizard
|-damage|p2a: Time Wizard|0 fnt
|-heal|p1a: Sinistcha|58/100|[from] drain|[of] p2a: Time Wizard
|faint|p2a: Time Wizard
|
|upkeep
|-message|Pokemonkey25 forfeited.
|
|win|lux raymundi
