|j|☆sbhaga34
|j|☆liv&large27
|html|sbhaga34liv&large27    
|uhtml|bestof|Game 2 of a best-of-3
|t:|1784334849
|gametype|doubles
|player|p1|sbhaga34|hugh|1370
|player|p2|liv&large27|steven|1452
|gen|9
|tier|[Gen 9 Champions] VGC 2026 Reg M-B (Bo3)
|rated|
|rule|Species Clause: Limit one of each Pokémon
|rule|Item Clause: Limit 1 of each item
|clearpoke
|poke|p1|Excadrill, L50, M|
|poke|p1|Tyranitar, L50, M|
|poke|p1|Corviknight, L50, F|
|poke|p1|Rotom-Wash, L50|
|poke|p1|Sinistcha, L50|
|poke|p1|Pyroar, L50, M|
|poke|p2|Mamoswine, L50, F|
|poke|p2|Gholdengo, L50|
|poke|p2|Raichu, L50, F|
|poke|p2|Sinistcha, L50|
|poke|p2|Incineroar, L50, M|
|poke|p2|Blastoise, L50, F|
|teampreview|4
|showteam|p1|Excadrill||FocusSash|SandRush|Earthquake,IronHead,SwordsDance,Protect|Adamant||M|||50|]Tyranitar||Tyranitarite|SandStream|RockSlide,KnockOff,LowKick,Protect|Adamant||M|||50|]Corviknight||SharpBeak|MirrorArmor|BraveBird,Tailwind,BulkUp,Roost|Careful||F|||50|]Rotom-Wash||ChoiceScarf|Levitate|VoltSwitch,Thunderbolt,Electroweb,HydroPump|Timid|||||50|]Sinistcha||SitrusBerry|Hospitality|MatchaGotcha,TrickRoom,RagePowder,StrengthSap|Calm|||||50|]Pyroar||Pyroarite|Rivalry|Overheat,HeatWave,Flamethrower,Protect|Timid||M|||50|
|showteam|p2|Mamoswine||LifeOrb|Oblivious|IceShard,Protect,HighHorsepower,RockSlide|Adamant||F|||50|]Gholdengo||FocusSash|GoodasGold|MakeItRain,Protect,ShadowBall,PowerGem|Timid|||||50|]Raichu||RaichuniteY|Static|ZapCannon,Protect,FocusBlast,FakeOut|Timid||F|||50|]Sinistcha||KasibBerry|Hospitality|MatchaGotcha,RagePowder,TrickRoom,Imprison|Bold|||||50|]Incineroar||SitrusBerry|Intimidate|FakeOut,FlareBlitz,ThroatChop,PartingShot|Careful||M|||50|]Blastoise||Blastoisinite|RainDish|Protect,WaterSpout,DarkPulse,ShellSmash|Modest||F|||50|
|inactive|Battle timer is ON: inactive players will automatically lose when time's up. (requested by liv&large27)
|inactive|sbhaga34 has 60 seconds left.
|inactive|liv&large27 has 60 seconds left.
|
|t:|1784334917
|teamsize|p1|4
|teamsize|p2|4
|start
|switch|p1a: Sinistcha|Sinistcha, L50|100/100
|switch|p1b: Pyroar|Pyroar, L50, M|100/100
|switch|p2a: Incineroar|Incineroar, L50, M|100/100
|switch|p2b: Blastoise|Blastoise, L50, F|100/100
|-ability|p2a: Incineroar|Intimidate|boost
|-unboost|p1a: Sinistcha|atk|1
|-unboost|p1b: Pyroar|atk|1
|turn|1
|
|t:|1784334942
|detailschange|p2b: Blastoise|Blastoise-Mega, L50, F
|-mega|p2b: Blastoise|Blastoise|Blastoisinite
|move|p1b: Pyroar|Protect|p1b: Pyroar
|-singleturn|p1b: Pyroar|Protect
|move|p2b: Blastoise|Water Spout|p1b: Pyroar|[spread] p1a
|-activate|p1b: Pyroar|move: Protect
|-resisted|p1a: Sinistcha|1
|-damage|p1a: Sinistcha|66/100
|move|p1a: Sinistcha|Matcha Gotcha|p2a: Incineroar|[spread] p2a,p2b
|-resisted|p2a: Incineroar|1
|-supereffective|p2b: Blastoise|1
|-damage|p2a: Incineroar|90/100
|-heal|p1a: Sinistcha|71/100|[from] drain|[of] p2a: Incineroar
|-damage|p2b: Blastoise|47/100
|-heal|p1a: Sinistcha|95/100|[from] drain|[of] p2b: Blastoise
|move|p2a: Incineroar|Flare Blitz|p1a: Sinistcha
|-supereffective|p1a: Sinistcha|1
|-damage|p1a: Sinistcha|13/100
|-enditem|p1a: Sinistcha|Sitrus Berry|[eat]
|-heal|p1a: Sinistcha|38/100|[from] item: Sitrus Berry
|-damage|p2a: Incineroar|66/100|[from] Recoil
|
|upkeep
|turn|2
|inactive|sbhaga34 has 30 seconds left.
|
|t:|1784334975
|switch|p1a: Tyranitar|Tyranitar, L50, M|100/100
|-weather|Sandstorm|[from] ability: Sand Stream|[of] p1a: Tyranitar
|switch|p2a: Sinistcha|Sinistcha, L50|100/100
|-heal|p2b: Blastoise|71/100|[from] ability: Hospitality|[of] p2a: Sinistcha
|detailschange|p1b: Pyroar|Pyroar-Mega, L50, M
|-mega|p1b: Pyroar|Pyroar|Pyroarite
|move|p1b: Pyroar|Overheat|p2b: Blastoise|[miss]
|-miss|p1b: Pyroar|p2b: Blastoise
|move|p2b: Blastoise|Dark Pulse|p1a: Tyranitar
|-resisted|p1a: Tyranitar|1
|-damage|p1a: Tyranitar|86/100
|
|-weather|Sandstorm|[upkeep]
|-damage|p1b: Pyroar|93/100|[from] Sandstorm
|-damage|p2b: Blastoise|66/100|[from] Sandstorm
|-damage|p2a: Sinistcha|93/100|[from] Sandstorm
|upkeep
|turn|3
|inactive|liv&large27 has 30 seconds left.
|inactive|liv&large27 has 20 seconds left.
|
|t:|1784335011
|switch|p2a: Incineroar|Incineroar, L50, M|66/100
|-ability|p2a: Incineroar|Intimidate|boost
|-unboost|p1a: Tyranitar|atk|1
|-unboost|p1b: Pyroar|atk|1
|move|p2b: Blastoise|Protect|p2b: Blastoise
|-singleturn|p2b: Blastoise|Protect
|move|p1b: Pyroar|Heat Wave|p2b: Blastoise|[spread] p2a
|-activate|p2b: Blastoise|move: Protect
|-resisted|p2a: Incineroar|1
|-damage|p2a: Incineroar|47/100
|-enditem|p2a: Incineroar|Sitrus Berry|[eat]
|-heal|p2a: Incineroar|71/100|[from] item: Sitrus Berry
|move|p1a: Tyranitar|Rock Slide|p2a: Incineroar|[spread] p2a
|-activate|p2b: Blastoise|move: Protect
|-supereffective|p2a: Incineroar|1
|-damage|p2a: Incineroar|38/100
|
|-weather|Sandstorm|[upkeep]
|-damage|p1b: Pyroar|87/100|[from] Sandstorm
|-damage|p2b: Blastoise|60/100|[from] Sandstorm
|-damage|p2a: Incineroar|32/100|[from] Sandstorm
|upkeep
|turn|4
|
|t:|1784335031
|move|p1b: Pyroar|Protect|p1b: Pyroar
|-singleturn|p1b: Pyroar|Protect
|move|p1a: Tyranitar|Protect|p1a: Tyranitar
|-singleturn|p1a: Tyranitar|Protect
|move|p2a: Incineroar|Fake Out|p1a: Tyranitar
|-activate|p1a: Tyranitar|move: Protect
|move|p2b: Blastoise|Water Spout|p1b: Pyroar|[spread] 
|-activate|p1a: Tyranitar|move: Protect
|-activate|p1b: Pyroar|move: Protect
|
|-weather|Sandstorm|[upkeep]
|-damage|p1b: Pyroar|81/100|[from] Sandstorm
|-damage|p2b: Blastoise|54/100|[from] Sandstorm
|-damage|p2a: Incineroar|26/100|[from] Sandstorm
|upkeep
|turn|5
|
|t:|1784335037
|switch|p2a: Sinistcha|Sinistcha, L50|93/100
|-heal|p2b: Blastoise|79/100|[from] ability: Hospitality|[of] p2a: Sinistcha
|move|p2b: Blastoise|Protect|p2b: Blastoise
|-singleturn|p2b: Blastoise|Protect
|move|p1b: Pyroar|Heat Wave|p2a: Sinistcha|[spread] p2a
|-activate|p2b: Blastoise|move: Protect
|-supereffective|p2a: Sinistcha|1
|-damage|p2a: Sinistcha|0 fnt
|faint|p2a: Sinistcha
|move|p1a: Tyranitar|Rock Slide|p2b: Blastoise
|-activate|p2b: Blastoise|move: Protect
|
|-weather|Sandstorm|[upkeep]
|-damage|p1b: Pyroar|75/100|[from] Sandstorm
|-damage|p2b: Blastoise|73/100|[from] Sandstorm
|upkeep
|
|t:|1784335039
|switch|p2a: Incineroar|Incineroar, L50, M|26/100
|-ability|p2a: Incineroar|Intimidate|boost
|-unboost|p1a: Tyranitar|atk|1
|-unboost|p1b: Pyroar|atk|1
|turn|6
|
|t:|1784335053
|switch|p1a: Sinistcha|Sinistcha, L50|38/100
|-heal|p1b: Pyroar|100/100|[from] ability: Hospitality|[of] p1a: Sinistcha
|move|p1b: Pyroar|Protect|p1b: Pyroar
|-singleturn|p1b: Pyroar|Protect
|move|p2a: Incineroar|Fake Out|p1b: Pyroar
|-activate|p1b: Pyroar|move: Protect
|move|p2b: Blastoise|Shell Smash|p2b: Blastoise
|-unboost|p2b: Blastoise|def|1
|-unboost|p2b: Blastoise|spd|1
|-boost|p2b: Blastoise|atk|2
|-boost|p2b: Blastoise|spa|2
|-boost|p2b: Blastoise|spe|2
|
|-weather|none
|upkeep
|turn|7
|
|t:|1784335065
|switch|p2a: Mamoswine|Mamoswine, L50, F|100/100
|move|p2b: Blastoise|Water Spout|p1a: Sinistcha|[spread] p1a,p1b
|-resisted|p1a: Sinistcha|1
|-supereffective|p1b: Pyroar|1
|-damage|p1a: Sinistcha|0 fnt
|-damage|p1b: Pyroar|0 fnt
|faint|p1a: Sinistcha
|faint|p1b: Pyroar
|
|upkeep
|
|t:|1784335070
|switch|p1b: Tyranitar|Tyranitar, L50, M|86/100
|switch|p1a: Excadrill|Excadrill, L50, M|100/100
|-weather|Sandstorm|[from] ability: Sand Stream|[of] p1b: Tyranitar
|turn|8
|
|t:|1784335092
|switch|p2a: Incineroar|Incineroar, L50, M|26/100
|-ability|p2a: Incineroar|Intimidate|boost
|-unboost|p1a: Excadrill|atk|1
|-unboost|p1b: Tyranitar|atk|1
|move|p2b: Blastoise|Protect|p2b: Blastoise
|-singleturn|p2b: Blastoise|Protect
|move|p1b: Tyranitar|Protect|p1b: Tyranitar
|-singleturn|p1b: Tyranitar|Protect
|move|p1a: Excadrill|Earthquake|p2b: Blastoise|[spread] p2a
|-activate|p1b: Tyranitar|move: Protect
|-activate|p2b: Blastoise|move: Protect
|-supereffective|p2a: Incineroar|1
|-damage|p2a: Incineroar|0 fnt
|faint|p2a: Incineroar
|
|-weather|Sandstorm|[upkeep]
|-damage|p2b: Blastoise|67/100|[from] Sandstorm
|upkeep
|
|t:|1784335098
|switch|p2a: Mamoswine|Mamoswine, L50, F|100/100
|turn|9
|
|t:|1784335110
|move|p1a: Excadrill|Earthquake|p2b: Blastoise|[spread] p1b,p2a,p2b
|-supereffective|p1b: Tyranitar|1
|-damage|p1b: Tyranitar|39/100
|-damage|p2a: Mamoswine|66/100
|-damage|p2b: Blastoise|22/100
|move|p2b: Blastoise|Dark Pulse|p1a: Excadrill
|-enditem|p1a: Excadrill|Focus Sash
|-damage|p1a: Excadrill|1/100
|move|p2a: Mamoswine|High Horsepower|p1b: Tyranitar
|-supereffective|p1b: Tyranitar|1
|-damage|p1b: Tyranitar|0 fnt
|faint|p1b: Tyranitar
|-damage|p2a: Mamoswine|56/100|[from] item: Life Orb
|
|-weather|Sandstorm|[upkeep]
|-damage|p2b: Blastoise|16/100|[from] Sandstorm
|upkeep
|turn|10
|-message|sbhaga34 forfeited.
|
|win|liv&large27
