|j|☆gundot
|j|☆thebeast4895
|html|gundotthebeast4895    
|uhtml|bestof|Game 3 of a best-of-3
|t:|1784304492
|gametype|doubles
|player|p1|gundot|ethan-gen2|1269
|player|p2|thebeast4895|102|1228
|gen|9
|tier|[Gen 9 Champions] VGC 2026 Reg M-B (Bo3)
|rated|
|rule|Species Clause: Limit one of each Pokémon
|rule|Item Clause: Limit 1 of each item
|clearpoke
|poke|p1|Charizard, L50, F, shiny|
|poke|p1|Whimsicott, L50, F|
|poke|p1|Mawile, L50, F, shiny|
|poke|p1|Garchomp, L50, M|
|poke|p1|Farigiraf, L50, F|
|poke|p1|Basculegion, L50, M, shiny|
|poke|p2|Kingambit, L50, F, shiny|
|poke|p2|Froslass, L50, F|
|poke|p2|Farigiraf, L50, F|
|poke|p2|Blaziken, L50, F|
|poke|p2|Kleavor, L50, M, shiny|
|poke|p2|Whimsicott, L50, M|
|teampreview|4
|showteam|p1|Charizard||CharizarditeY|SolarPower|HeatWave,WeatherBall,SolarBeam,Protect|Modest||F|||50|]Whimsicott||FocusSash|Prankster|Moonblast,Tailwind,Encore,Protect|Timid||F|||50|]Mawile||Mawilite|Intimidate|PlayRough,IronHead,RockSlide,SuckerPunch|Adamant||F|||50|]Garchomp||LifeOrb|RoughSkin|Earthquake,DragonClaw,RockSlide,Protect|Jolly||M|||50|]Farigiraf||SitrusBerry|ArmorTail|Psychic,Thunderbolt,TrickRoom,HelpingHand|Modest||F|||50|]Basculegion||MysticWater|Adaptability|WaveCrash,AquaJet,LastRespects,Protect|Adamant||M|||50|
|showteam|p2|Kingambit||ChopleBerry|Defiant|LowKick,IronHead,KowtowCleave,SuckerPunch|Adamant||F|||50|]Froslass||Froslassite|CursedBody|Protect,AuroraVeil,ShadowBall,Blizzard|Timid||F|||50|]Farigiraf||ColburBerry|ArmorTail|Protect,Psychic,HelpingHand,TrickRoom|Bold||F|||50|]Blaziken||Blazikenite|SpeedBoost|Detect,CloseCombat,FlareBlitz,RockSlide|Adamant||F|||50|]Kleavor||ChoiceScarf|Sharpness|Uturn,StoneAxe,CloseCombat,XScissor|Jolly||M|||50|]Whimsicott||FocusSash|Prankster|Protect,Moonblast,Tailwind,Encore|Timid||M|||50|
|inactive|Battle timer is ON: inactive players will automatically lose when time's up. (requested by gundot)
|
|t:|1784304516
|teamsize|p1|4
|teamsize|p2|4
|start
|switch|p1a: Whimsicott|Whimsicott, L50, F|100/100
|switch|p1b: Basculegion|Basculegion, L50, M, shiny|100/100
|switch|p2a: Whimsicott|Whimsicott, L50, M|100/100
|switch|p2b: Kingambit|Kingambit, L50, F, shiny|100/100
|turn|1
|inactive|thebeast4895 has 30 seconds left.
|inactive|thebeast4895 has 20 seconds left.
|inactive|thebeast4895 has 15 seconds left.
|
|t:|1784304559
|move|p2a: Whimsicott|Tailwind|p2a: Whimsicott
|-sidestart|p2: thebeast4895|move: Tailwind
|move|p1a: Whimsicott|Moonblast|p2b: Kingambit
|-damage|p2b: Kingambit|63/100
|move|p2b: Kingambit|Kowtow Cleave|p1b: Basculegion
|-supereffective|p1b: Basculegion|1
|-damage|p1b: Basculegion|0 fnt
|faint|p1b: Basculegion
|
|upkeep
|
|t:|1784304567
|switch|p1b: Charizard|Charizard, L50, F, shiny|100/100
|turn|2
|
|t:|1784304577
|detailschange|p1b: Charizard|Charizard-Mega-Y, L50, F, shiny
|-mega|p1b: Charizard|Charizard|Charizardite Y
|-weather|SunnyDay|[from] ability: Drought|[of] p1b: Charizard
|move|p1a: Whimsicott|Protect|p1a: Whimsicott
|-singleturn|p1a: Whimsicott|Protect
|move|p2a: Whimsicott|Encore|p1a: Whimsicott
|-activate|p1a: Whimsicott|move: Protect
|move|p2b: Kingambit|Kowtow Cleave|p1b: Charizard
|-damage|p1b: Charizard|57/100
|move|p1b: Charizard|Heat Wave|p2b: Kingambit|[spread] p2a,p2b
|-supereffective|p2a: Whimsicott|1
|-supereffective|p2b: Kingambit|1
|-enditem|p2a: Whimsicott|Focus Sash
|-damage|p2a: Whimsicott|1/100
|-damage|p2b: Kingambit|0 fnt
|faint|p2b: Kingambit
|
|-weather|SunnyDay|[upkeep]
|upkeep
|inactive|thebeast4895 has 30 seconds left.
|
|t:|1784304607
|switch|p2b: Kleavor|Kleavor, L50, M, shiny|100/100
|turn|3
|
|t:|1784304613
|switch|p1a: Garchomp|Garchomp, L50, M|100/100
|move|p1b: Charizard|Protect|p1b: Charizard
|-singleturn|p1b: Charizard|Protect
|move|p2a: Whimsicott|Encore||[still]
|-fail|p2a: Whimsicott
|move|p2b: Kleavor|Stone Axe|p1b: Charizard
|-activate|p1b: Charizard|move: Protect
|
|-weather|SunnyDay|[upkeep]
|upkeep
|turn|4
|
|t:|1784304633
|switch|p1b: Whimsicott|Whimsicott, L50, F|100/100
|move|p2b: Kleavor|Stone Axe|p1b: Whimsicott
|-damage|p1b: Whimsicott|23/100
|-sidestart|p1: gundot|move: Stealth Rock
|move|p2a: Whimsicott|Moonblast|p1a: Garchomp
|-supereffective|p1a: Garchomp|1
|-damage|p1a: Garchomp|26/100
|move|p1a: Garchomp|Rock Slide|p2a: Whimsicott|[spread] p2a,p2b
|-supereffective|p2b: Kleavor|1
|-damage|p2a: Whimsicott|0 fnt
|-damage|p2b: Kleavor|32/100
|faint|p2a: Whimsicott
|-damage|p1a: Garchomp|17/100|[from] item: Life Orb
|
|-weather|SunnyDay|[upkeep]
|-sideend|p2: thebeast4895|move: Tailwind
|upkeep
|
|t:|1784304642
|switch|p2a: Blaziken|Blaziken, L50, F|100/100
|turn|5
|
|t:|1784304652
|detailschange|p2a: Blaziken|Blaziken-Mega, L50, F
|-mega|p2a: Blaziken|Blaziken|Blazikenite
|move|p2a: Blaziken|Detect|p2a: Blaziken
|-singleturn|p2a: Blaziken|Protect
|move|p1b: Whimsicott|Tailwind|p1b: Whimsicott
|-sidestart|p1: gundot|move: Tailwind
|move|p1a: Garchomp|Rock Slide|p2a: Blaziken|[spread] 
|-activate|p2a: Blaziken|move: Protect
|-miss|p1a: Garchomp|p2b: Kleavor
|move|p2b: Kleavor|Stone Axe|p1a: Garchomp
|-resisted|p1a: Garchomp|1
|-damage|p1a: Garchomp|0 fnt
|-damage|p2b: Kleavor|20/100y|[from] ability: Rough Skin|[of] p1a: Garchomp
|faint|p1a: Garchomp
|
|-weather|SunnyDay|[upkeep]
|-ability|p2a: Blaziken|Speed Boost|boost
|-boost|p2a: Blaziken|spe|1
|upkeep
|
|t:|1784304663
|switch|p1a: Charizard|Charizard-Mega-Y, L50, F, shiny|57/100
|-damage|p1a: Charizard|7/100|[from] Stealth Rock
|turn|6
|
|t:|1784304674
|move|p1b: Whimsicott|Encore|p2a: Blaziken
|-start|p2a: Blaziken|Encore
|move|p2a: Blaziken|Detect||[still]
|-fail|p2a: Blaziken
|move|p1a: Charizard|Weather Ball|p2b: Kleavor
|-damage|p2b: Kleavor|0 fnt
|faint|p2b: Kleavor
|
|-weather|none
|-ability|p2a: Blaziken|Speed Boost|boost
|-boost|p2a: Blaziken|spe|1
|upkeep
|turn|7
|
|t:|1784304684
|move|p2a: Blaziken|Detect|p2a: Blaziken
|-singleturn|p2a: Blaziken|Protect
|move|p1b: Whimsicott|Moonblast|p2a: Blaziken
|-activate|p2a: Blaziken|move: Protect
|move|p1a: Charizard|Heat Wave|p2a: Blaziken
|-activate|p2a: Blaziken|move: Protect
|
|-ability|p2a: Blaziken|Speed Boost|boost
|-boost|p2a: Blaziken|spe|1
|upkeep
|turn|8
|
|t:|1784304690
|move|p2a: Blaziken|Detect||[still]
|-fail|p2a: Blaziken
|move|p1b: Whimsicott|Moonblast|p2a: Blaziken
|-damage|p2a: Blaziken|56/100
|move|p1a: Charizard|Heat Wave|p2a: Blaziken
|-resisted|p2a: Blaziken|1
|-damage|p2a: Blaziken|23/100
|
|-end|p2a: Blaziken|Encore
|-sideend|p1: gundot|move: Tailwind
|-ability|p2a: Blaziken|Speed Boost|boost
|-boost|p2a: Blaziken|spe|1
|upkeep
|turn|9
|
|t:|1784304702
|move|p1b: Whimsicott|Encore|p2a: Blaziken
|-start|p2a: Blaziken|Encore
|move|p2a: Blaziken|Detect|p2a: Blaziken
|-singleturn|p2a: Blaziken|Protect
|move|p1a: Charizard|Heat Wave|p2a: Blaziken
|-activate|p2a: Blaziken|move: Protect
|
|-ability|p2a: Blaziken|Speed Boost|boost
|-boost|p2a: Blaziken|spe|1
|upkeep
|turn|10
|
|t:|1784304705
|move|p2a: Blaziken|Detect|p2a: Blaziken
|-singleturn|p2a: Blaziken|Protect
|move|p1b: Whimsicott|Moonblast|p2a: Blaziken
|-activate|p2a: Blaziken|move: Protect
|move|p1a: Charizard|Heat Wave|p2a: Blaziken
|-activate|p2a: Blaziken|move: Protect
|
|-ability|p2a: Blaziken|Speed Boost|boost
|-boost|p2a: Blaziken|spe|1
|upkeep
|turn|11
|
|t:|1784304710
|move|p2a: Blaziken|Detect||[still]
|-fail|p2a: Blaziken
|move|p1b: Whimsicott|Moonblast|p2a: Blaziken
|-damage|p2a: Blaziken|0 fnt
|faint|p2a: Blaziken
|
|win|gundot
|raw|gundot's rating: 1269 → 1291(+22 for winning)
|raw|thebeast4895's rating: 1228 → 1206(-22 for losing)
