|j|☆LeonardPlayz
|j|☆C.blaze
|html|LeonardPlayzC.blaze    
|uhtml|bestof|Game 2 of a best-of-3
|t:|1783393109
|gametype|doubles
|player|p1|LeonardPlayz|hilbert-wonderlauncher|1138
|player|p2|C.blaze|101|1192
|gen|9
|tier|[Gen 9 Champions] VGC 2026 Reg M-B (Bo3)
|rated|
|rule|Species Clause: Limit one of each Pokémon
|rule|Item Clause: Limit 1 of each item
|clearpoke
|poke|p1|Aerodactyl, L50, F|
|poke|p1|Gengar, L50, F|
|poke|p1|Mamoswine, L50, F|
|poke|p1|Gholdengo, L50|
|poke|p1|Grimmsnarl, L50, M|
|poke|p1|Incineroar, L50, M|
|poke|p2|Mawile, L50, F|
|poke|p2|Hydreigon, L50, F|
|poke|p2|Oranguru, L50, F|
|poke|p2|Rotom-Wash, L50|
|poke|p2|Sylveon, L50, F|
|poke|p2|Talonflame, L50, M|
|teampreview|4
|showteam|p1|Aerodactyl||Aerodactylite|RockHead|Tailwind,RockSlide,DualWingbeat,Protect|Jolly||F|||50|]Gengar||Gengarite|CursedBody|ShadowBall,PerishSong,Disable,Protect|Timid||F|||50|]Mamoswine||LifeOrb|Oblivious|IceShard,HighHorsepower,Haze,Protect|Adamant||F|||50|]Gholdengo||FocusSash|GoodasGold|MakeItRain,ShadowBall,FocusBlast,Protect|Modest|||||50|]Grimmsnarl||LightClay|Prankster|FakeOut,PartingShot,Reflect,LightScreen|Impish||M|||50|]Incineroar||SitrusBerry|Intimidate|FakeOut,ThroatChop,PartingShot,Protect|Careful||M|||50|
|showteam|p2|Mawile||Mawilite|Intimidate|PlayRough,IronHead,Protect,RockSlide|Brave||F|||50|]Hydreigon||HabanBerry|Levitate|DracoMeteor,DarkPulse,Protect,Snarl|Timid||F|||50|]Oranguru||MentalHerb|InnerFocus|Psychic,Encore,Instruct,TrickRoom|Sassy||F|||50|]Rotom-Wash||SitrusBerry|Levitate|Thunderbolt,HydroPump,Electroweb,WillOWisp|Timid|||||50|]Sylveon||FairyFeather|Pixilate|HyperVoice,HyperBeam,Protect,MysticalFire|Modest||F|||50|]Talonflame||SharpBeak|GaleWings|DualWingbeat,FlareBlitz,Protect,Tailwind|Jolly||M|||50|
|inactive|Battle timer is ON: inactive players will automatically lose when time's up. (requested by LeonardPlayz)
|inactive|LeonardPlayz has 60 seconds left.
|
|t:|1783393155
|teamsize|p1|4
|teamsize|p2|4
|start
|switch|p1a: Gengar|Gengar, L50, F|100/100
|switch|p1b: Incineroar|Incineroar, L50, M|100/100
|switch|p2a: Hydreigon|Hydreigon, L50, F|100/100
|switch|p2b: Oranguru|Oranguru, L50, F|100/100
|-ability|p1b: Incineroar|Intimidate|boost
|-unboost|p2a: Hydreigon|atk|1
|-fail|p2b: Oranguru|unboost|Attack|[from] ability: Inner Focus|[of] p2b: Oranguru
|turn|1
|
|t:|1783393161
|switch|p2a: Mawile|Mawile, L50, F|100/100
|-ability|p2a: Mawile|Intimidate|boost
|-unboost|p1a: Gengar|atk|1
|-unboost|p1b: Incineroar|atk|1
|detailschange|p1a: Gengar|Gengar-Mega, L50, F
|-mega|p1a: Gengar|Gengar|Gengarite
|move|p1b: Incineroar|Fake Out|p2a: Mawile
|-resisted|p2a: Mawile|1
|-damage|p2a: Mawile|95/100
|move|p1a: Gengar|Perish Song|p1a: Gengar
|-start|p1a: Gengar|perish3|[silent]
|-start|p1b: Incineroar|perish3|[silent]
|-start|p2a: Mawile|perish3|[silent]
|-start|p2b: Oranguru|perish3|[silent]
|-fieldactivate|move: Perish Song
|move|p2b: Oranguru|Trick Room|p2b: Oranguru
|-fieldstart|move: Trick Room|[of] p2b: Oranguru
|
|-start|p2a: Mawile|perish3
|-start|p2b: Oranguru|perish3
|-start|p1b: Incineroar|perish3
|-start|p1a: Gengar|perish3
|upkeep
|turn|2
|
|t:|1783393182
|switch|p1a: Gholdengo|Gholdengo, L50|100/100
|detailschange|p2a: Mawile|Mawile-Mega, L50, F
|-mega|p2a: Mawile|Mawile|Mawilite
|move|p2a: Mawile|Play Rough|p1b: Incineroar|[miss]
|-miss|p2a: Mawile|p1b: Incineroar
|move|p2b: Oranguru|Instruct|p2a: Mawile
|-singleturn|p2a: Mawile|move: Instruct|[of] p2b: Oranguru
|move|p2a: Mawile|Play Rough|p1b: Incineroar
|-damage|p1b: Incineroar|31/100
|-unboost|p1b: Incineroar|atk|1
|-enditem|p1b: Incineroar|Sitrus Berry|[eat]
|-heal|p1b: Incineroar|56/100|[from] item: Sitrus Berry
|move|p1b: Incineroar|Parting Shot|p2a: Mawile
|-unboost|p2a: Mawile|atk|1
|-unboost|p2a: Mawile|spa|1
|c|☆LeonardPlayz|so very unlucky
|
|t:|1783393201
|switch|p1b: Gengar|Gengar-Mega, L50, F|100/100|[from] Parting Shot
|
|-start|p2a: Mawile|perish2
|-start|p2b: Oranguru|perish2
|upkeep
|turn|3
|
|t:|1783393211
|move|p1b: Gengar|Protect|p1b: Gengar
|-singleturn|p1b: Gengar|Protect
|move|p2a: Mawile|Rock Slide|p1b: Gengar|[spread] p1a
|-activate|p1b: Gengar|move: Protect
|-resisted|p1a: Gholdengo|1
|-damage|p1a: Gholdengo|87/100
|move|p2b: Oranguru|Instruct|p2a: Mawile
|-singleturn|p2a: Mawile|move: Instruct|[of] p2b: Oranguru
|move|p2a: Mawile|Rock Slide|p1b: Gengar|[spread] p1a
|-activate|p1b: Gengar|move: Protect
|-resisted|p1a: Gholdengo|1
|-damage|p1a: Gholdengo|72/100
|move|p1a: Gholdengo|Make It Rain|p2b: Oranguru|[spread] p2a,p2b
|-damage|p2a: Mawile|38/100
|-damage|p2b: Oranguru|69/100
|-unboost|p1a: Gholdengo|spa|2
|
|-start|p2a: Mawile|perish1
|-start|p2b: Oranguru|perish1
|upkeep
|turn|4
|inactive|LeonardPlayz has 30 seconds left.
|
|t:|1783393243
|switch|p1a: Grimmsnarl|Grimmsnarl, L50, M|100/100
|switch|p1b: Incineroar|Incineroar, L50, M|56/100
|-ability|p1b: Incineroar|Intimidate|boost
|-unboost|p2a: Mawile|atk|1
|-fail|p2b: Oranguru|unboost|Attack|[from] ability: Inner Focus|[of] p2b: Oranguru
|move|p2a: Mawile|Rock Slide|p1a: Grimmsnarl|[spread] p1a,p1b
|-supereffective|p1b: Incineroar|1
|-damage|p1a: Grimmsnarl|83/100
|-damage|p1b: Incineroar|25/100
|move|p2b: Oranguru|Instruct|p2a: Mawile
|-singleturn|p2a: Mawile|move: Instruct|[of] p2b: Oranguru
|move|p2a: Mawile|Rock Slide|p1a: Grimmsnarl|[spread] p1a,p1b
|-supereffective|p1b: Incineroar|1
|-damage|p1a: Grimmsnarl|65/100
|-damage|p1b: Incineroar|0 fnt
|faint|p1b: Incineroar
|
|-start|p2a: Mawile|perish0
|-start|p2b: Oranguru|perish0
|faint|p2a: Mawile
|faint|p2b: Oranguru
|upkeep
|
|t:|1783393259
|switch|p2a: Sylveon|Sylveon, L50, F|100/100
|switch|p2b: Hydreigon|Hydreigon, L50, F|100/100
|switch|p1b: Gengar|Gengar-Mega, L50, F|100/100
|turn|5
|
|t:|1783393279
|move|p1b: Gengar|Protect|p1b: Gengar
|-singleturn|p1b: Gengar|Protect
|move|p1a: Grimmsnarl|Light Screen|p1a: Grimmsnarl
|-sidestart|p1: LeonardPlayz|move: Light Screen
|move|p2a: Sylveon|Hyper Voice|p1b: Gengar|[spread] p1a
|-activate|p1b: Gengar|move: Protect
|-supereffective|p1a: Grimmsnarl|1
|-damage|p1a: Grimmsnarl|0 fnt
|faint|p1a: Grimmsnarl
|move|p2b: Hydreigon|Dark Pulse|p1b: Gengar
|-activate|p1b: Gengar|move: Protect
|
|-fieldend|move: Trick Room
|upkeep
|
|t:|1783393287
|switch|p1a: Gholdengo|Gholdengo, L50|72/100
|turn|6
|
|t:|1783393295
|move|p1b: Gengar|Disable|p2b: Hydreigon
|-start|p2b: Hydreigon|Disable|Dark Pulse
|move|p2b: Hydreigon|Snarl|p1b: Gengar|[spread] p1a,p1b
|-supereffective|p1a: Gholdengo|1
|-supereffective|p1b: Gengar|1
|-damage|p1a: Gholdengo|38/100
|-damage|p1b: Gengar|71/100
|-unboost|p1a: Gholdengo|spa|1
|-unboost|p1b: Gengar|spa|1
|move|p1a: Gholdengo|Make It Rain|p2b: Hydreigon|[spread] p2a,p2b
|-supereffective|p2a: Sylveon|1
|-damage|p2a: Sylveon|46/100
|-damage|p2b: Hydreigon|60/100
|-unboost|p1a: Gholdengo|spa|2
|move|p2a: Sylveon|Mystical Fire|p1a: Gholdengo
|-supereffective|p1a: Gholdengo|1
|-damage|p1a: Gholdengo|0 fnt
|faint|p1a: Gholdengo
|
|upkeep
|turn|7
|
|t:|1783393316
|move|p1b: Gengar|Shadow Ball|p2a: Sylveon
|-damage|p2a: Sylveon|20/100y
|move|p2b: Hydreigon|Snarl|p1b: Gengar
|-supereffective|p1b: Gengar|1
|-damage|p1b: Gengar|25/100
|-unboost|p1b: Gengar|spa|1
|move|p2a: Sylveon|Mystical Fire|p1b: Gengar
|-damage|p1b: Gengar|6/100
|-unboost|p1b: Gengar|spa|1
|
|upkeep
|turn|8
|
|t:|1783393340
|move|p1b: Gengar|Shadow Ball|p2a: Sylveon
|-damage|p2a: Sylveon|5/100
|move|p2b: Hydreigon|Snarl|p1b: Gengar
|-supereffective|p1b: Gengar|1
|-damage|p1b: Gengar|0 fnt
|faint|p1b: Gengar
|
|win|C.blaze
||LeonardPlayz is ready for game 3.
||C.blaze is ready for game 3.
|uhtml|next|Next: Game 3 of 3
