|j|☆Leizzack
|j|☆brulgr
|html|Leizzackbrulgr    
|uhtml|bestof|Game 1 of a best-of-3
|t:|1783098387
|gametype|doubles
|player|p1|Leizzack|265|1000
|player|p2|brulgr|266|1000
|gen|9
|tier|[Gen 9 Champions] VGC 2026 Reg M-B (Bo3)
|rated|
|rule|Species Clause: Limit one of each Pokémon
|rule|Item Clause: Limit 1 of each item
|clearpoke
|poke|p1|Swampert, L50, M|
|poke|p1|Pelipper, L50, M, shiny|
|poke|p1|Archaludon, L50, M, shiny|
|poke|p1|Basculegion, L50, M, shiny|
|poke|p1|Sinistcha, L50|
|poke|p1|Mawile, L50, F|
|poke|p2|Metagross, L50|
|poke|p2|Staraptor, L50, M|
|poke|p2|Sinistcha, L50|
|poke|p2|Grimmsnarl, L50, M|
|poke|p2|Pelipper, L50, F|
|poke|p2|Garchomp, L50, M|
|teampreview|4
|showteam|p1|Swampert||Swampertite|Torrent|IcePunch,Protect,WaveCrash,Earthquake|Adamant||M|||50|]Pelipper||FocusSash|Drizzle|Protect,Hurricane,WeatherBall,Tailwind|Modest||M|||50|]Archaludon||Leftovers|Sturdy|DragonPulse,FlashCannon,Protect,ElectroShot|Modest||M|||50|]Basculegion||ChoiceScarf|Adaptability|AquaJet,LastRespects,WaveCrash|Jolly||M|||50|]Sinistcha||KasibBerry|Hospitality|Protect,MatchaGotcha,TrickRoom,RagePowder|Calm|||||50|]Mawile||Mawilite|HyperCutter|Protect,PlayRough,SuckerPunch,BrickBreak|Adamant||F|||50|
|showteam|p2|Metagross||Metagrossite|ClearBody|MeteorMash,PsychicFangs,StompingTantrum,BulletPunch|Jolly|||||50|]Staraptor||Staraptite|Intimidate|CloseCombat,BraveBird,Roost,Protect|Jolly||M|||50|]Sinistcha||CobaBerry|Hospitality|MatchaGotcha,RagePowder,StrengthSap,Protect|Bold|||||50|]Grimmsnarl||LightClay|Prankster|SpiritBreak,Reflect,LightScreen,PowerSwap|Careful||M|||50|]Pelipper||SitrusBerry|Drizzle|WeatherBall,WideGuard,Tailwind,Protect|Modest||F|||50|]Garchomp||SoftSand|RoughSkin|Earthquake,StompingTantrum,RockTomb,Protect|Adamant||M|||50|
|
|t:|1783098434
|teamsize|p1|4
|teamsize|p2|4
|start
|switch|p1a: Mawile|Mawile, L50, F|100/100
|switch|p1b: Sinistcha|Sinistcha, L50|100/100
|switch|p2a: Grimmsnarl|Grimmsnarl, L50, M|100/100
|switch|p2b: Staraptor|Staraptor, L50, M|100/100
|-ability|p2b: Staraptor|Intimidate|boost
|-fail|p1a: Mawile|unboost|Attack|[from] ability: Hyper Cutter|[of] p1a: Mawile
|-unboost|p1b: Sinistcha|atk|1
|turn|1
|
|t:|1783098479
|detailschange|p2b: Staraptor|Staraptor-Mega, L50, M
|-mega|p2b: Staraptor|Staraptor|Staraptite
|detailschange|p1a: Mawile|Mawile-Mega, L50, F
|-mega|p1a: Mawile|Mawile|Mawilite
|move|p1b: Sinistcha|Rage Powder|p1b: Sinistcha
|-singleturn|p1b: Sinistcha|move: Rage Powder
|move|p2a: Grimmsnarl|Reflect|p2a: Grimmsnarl
|-sidestart|p2: brulgr|Reflect
|move|p2b: Staraptor|Brave Bird|p1b: Sinistcha
|-supereffective|p1b: Sinistcha|1
|-damage|p1b: Sinistcha|1/100
|-damage|p2b: Staraptor|70/100|[from] Recoil
|move|p1a: Mawile|Play Rough|p2b: Staraptor
|-supereffective|p2b: Staraptor|1
|-damage|p2b: Staraptor|0 fnt
|faint|p2b: Staraptor
|
|upkeep
|
|t:|1783098492
|switch|p2b: Garchomp|Garchomp, L50, M|100/100
|turn|2
|
|t:|1783098516
|move|p1b: Sinistcha|Protect|p1b: Sinistcha
|-singleturn|p1b: Sinistcha|Protect
|move|p1a: Mawile|Protect|p1a: Mawile
|-singleturn|p1a: Mawile|Protect
|move|p2a: Grimmsnarl|Light Screen|p2a: Grimmsnarl
|-sidestart|p2: brulgr|move: Light Screen
|move|p2b: Garchomp|Earthquake|p1b: Sinistcha|[spread] p2a
|-activate|p1a: Mawile|move: Protect
|-activate|p1b: Sinistcha|move: Protect
|-damage|p2a: Grimmsnarl|61/100
|
|upkeep
|turn|3
|
|t:|1783098535
|switch|p1a: Basculegion|Basculegion, L50, M, shiny|100/100
|switch|p2a: Sinistcha|Sinistcha, L50|100/100
|move|p1b: Sinistcha|Rage Powder|p1b: Sinistcha
|-singleturn|p1b: Sinistcha|move: Rage Powder
|move|p2b: Garchomp|Earthquake|p1a: Basculegion|[spread] p2a,p1a,p1b
|-resisted|p2a: Sinistcha|1
|-resisted|p1b: Sinistcha|1
|-damage|p2a: Sinistcha|88/100
|-damage|p1a: Basculegion|36/100
|-damage|p1b: Sinistcha|0 fnt
|faint|p1b: Sinistcha
|
|upkeep
|
|t:|1783098549
|switch|p1b: Archaludon|Archaludon, L50, M, shiny|100/100
|turn|4
|
|t:|1783098561
|move|p1b: Archaludon|Protect|p1b: Archaludon
|-singleturn|p1b: Archaludon|Protect
|move|p1a: Basculegion|Last Respects|p2b: Garchomp
|-damage|p2b: Garchomp|66/100
|move|p2b: Garchomp|Earthquake|p1b: Archaludon|[spread] p2a,p1a
|-activate|p1b: Archaludon|move: Protect
|-resisted|p2a: Sinistcha|1
|-damage|p2a: Sinistcha|76/100
|-damage|p1a: Basculegion|0 fnt
|faint|p1a: Basculegion
|move|p2a: Sinistcha|Matcha Gotcha|p1b: Archaludon
|-activate|p1b: Archaludon|move: Protect
|
|upkeep
|
|t:|1783098576
|switch|p1a: Mawile|Mawile-Mega, L50, F|100/100
|turn|5
|
|t:|1783098586
|move|p1a: Mawile|Protect|p1a: Mawile
|-singleturn|p1a: Mawile|Protect
|move|p2b: Garchomp|Earthquake|p1a: Mawile|[spread] p2a,p1b
|-activate|p1a: Mawile|move: Protect
|-resisted|p2a: Sinistcha|1
|-supereffective|p1b: Archaludon|1
|-damage|p2a: Sinistcha|64/100
|-damage|p1b: Archaludon|23/100
|move|p1b: Archaludon|Dragon Pulse|p2b: Garchomp
|-supereffective|p2b: Garchomp|1
|-damage|p2b: Garchomp|12/100
|move|p2a: Sinistcha|Strength Sap|p1a: Mawile
|-activate|p1a: Mawile|move: Protect
|
|-heal|p1b: Archaludon|29/100|[from] item: Leftovers
|upkeep
|turn|6
|
|t:|1783098617
|move|p2a: Sinistcha|Rage Powder|p2a: Sinistcha
|-singleturn|p2a: Sinistcha|move: Rage Powder
|move|p2b: Garchomp|Earthquake|p1a: Mawile|[spread] p2a,p1a,p1b
|-resisted|p2a: Sinistcha|1
|-supereffective|p1a: Mawile|1
|-supereffective|p1b: Archaludon|1
|-damage|p2a: Sinistcha|52/100
|-damage|p1a: Mawile|10/100
|-damage|p1b: Archaludon|0 fnt
|faint|p1b: Archaludon
|move|p1a: Mawile|Play Rough|p2a: Sinistcha
|-damage|p2a: Sinistcha|12/100
|
|upkeep
|turn|7
|
|t:|1783098630
|move|p1a: Mawile|Sucker Punch|p2b: Garchomp
|-damage|p2b: Garchomp|0 fnt
|-damage|p1a: Mawile|0 fnt|[from] ability: Rough Skin|[of] p2b: Garchomp
|faint|p2b: Garchomp
|faint|p1a: Mawile
|
|win|brulgr
||brulgr is ready for game 2.
|inactive|Leizzack has 30 seconds to confirm battle start!
