|j|☆StarblastVGC
|j|☆wade connects
|html|StarblastVGCwade connects    
|uhtml|bestof|Game 1 of a best-of-3
|t:|1756764344
|gametype|doubles
|player|p1|StarblastVGC|265|1155
|player|p2|wade connects|169|1166
|gen|9
|tier|[Gen 9] VGC 2025 Reg H (Bo3)
|rated|
|rule|Species Clause: Limit one of each Pokémon
|rule|Item Clause: Limit 1 of each item
|clearpoke
|poke|p1|Sneasler, L50, F|
|poke|p1|Indeedee, L50, M|
|poke|p1|Whimsicott, L50, F|
|poke|p1|Ursaluna-Bloodmoon, L50, M|
|poke|p1|Tatsugiri, L50, F|
|poke|p1|Dondozo, L50, F|
|poke|p2|Ninetales-Alola, L50, M|
|poke|p2|Baxcalibur, L50, F|
|poke|p2|Gholdengo, L50|
|poke|p2|Annihilape, L50, M|
|poke|p2|Volcarona, L50, F|
|poke|p2|Rillaboom, L50, M|
|teampreview|4
|showteam|p1|Sneasler||PsychicSeed|Unburden|DireClaw,CloseCombat,ThroatChop,Protect|||F|||50|,,,,,Dark]Indeedee||FocusSash|PsychicSurge|ExpandingForce,TeraBlast,HelpingHand,Protect|||M|||50|,,,,,Psychic]Whimsicott||CovertCloak|Prankster|Moonblast,Tailwind,HelpingHand,LightScreen|||F|||50|,,,,,Poison]Ursaluna-Bloodmoon||SilkScarf|MindsEye|BloodMoon,HyperVoice,EarthPower,Protect|||M|||50|,,,,,Normal]Tatsugiri||SafetyGoggles|Commander|DracoMeteor,MuddyWater,HelpingHand,Protect|||F|||50|,,,,,Normal]Dondozo||Leftovers|Unaware|WaveCrash,Earthquake,OrderUp,Protect|||F|||50|,,,,,Grass
|showteam|p2|Ninetales-Alola||CovertCloak|SnowWarning|AuroraVeil,FreezeDry,Moonblast,Blizzard|||M|||50|,,,,,Dark]Baxcalibur||ClearAmulet|ThermalExchange|Protect,IceShard,IcicleCrash,GlaiveRush|||F|||50|,,,,,Water]Gholdengo||ChoiceSpecs|GoodasGold|MakeItRain,ShadowBall,Thunderbolt,PowerGem||||||50|,,,,,Steel]Annihilape||ChoiceScarf|Defiant|FinalGambit,CloseCombat,Taunt,ShadowClaw|||M|||50|,,,,,Grass]Volcarona||RockyHelmet|FlameBody|QuiverDance,Protect,HeatWave,TeraBlast|||F|||50|,,,,,Fairy]Rillaboom||AssaultVest|GrassySurge|FakeOut,WoodHammer,GrassyGlide,Uturn|||M|||50|,,,,,Fire
|inactive|Battle timer is ON: inactive players will automatically lose when time's up. (requested by wade connects)
|
|t:|1756764428
|teamsize|p1|4
|teamsize|p2|4
|start
|switch|p1a: Whimsicott|Whimsicott, L50, F|100/100
|switch|p1b: Ursaluna|Ursaluna-Bloodmoon, L50, M|100/100
|switch|p2a: Gholdengo|Gholdengo, L50|100/100
|switch|p2b: Ninetales|Ninetales-Alola, L50, M, shiny|100/100
|-weather|Snowscape|[from] ability: Snow Warning|[of] p2b: Ninetales
|turn|1
|inactive|StarblastVGC has 30 seconds left.
|inactive|StarblastVGC has 20 seconds left.
|inactive|StarblastVGC has 15 seconds left.
|inactive|StarblastVGC has 10 seconds left.
|
|t:|1756764474
|-terastallize|p2a: Gholdengo|Steel
|-terastallize|p1b: Ursaluna|Normal
|move|p1a: Whimsicott|Tailwind|p1a: Whimsicott
|-sidestart|p1: StarblastVGC|move: Tailwind
|move|p1b: Ursaluna|Earth Power|p2a: Gholdengo
|-supereffective|p2a: Gholdengo
|-damage|p2a: Gholdengo|0 fnt
|faint|p2a: Gholdengo
|move|p2b: Ninetales|Blizzard|p1b: Ursaluna|[spread] p1a,p1b
|-supereffective|p1a: Whimsicott
|-crit|p1b: Ursaluna
|-damage|p1a: Whimsicott|27/100
|-damage|p1b: Ursaluna|37/100
|
|-weather|Snowscape|[upkeep]
|upkeep
|
|t:|1756764491
|switch|p2a: Rillaboom|Rillaboom, L50, M|100/100
|-fieldstart|move: Grassy Terrain|[from] ability: Grassy Surge|[of] p2a: Rillaboom
|turn|2
|
|t:|1756764502
|move|p1b: Ursaluna|Protect|p1b: Ursaluna
|-singleturn|p1b: Ursaluna|Protect
|move|p1a: Whimsicott|Light Screen|p1a: Whimsicott
|-sidestart|p1: StarblastVGC|move: Light Screen
|move|p2b: Ninetales|Blizzard|p1a: Whimsicott|[spread] p1a
|-activate|p1b: Ursaluna|move: Protect
|-supereffective|p1a: Whimsicott
|-damage|p1a: Whimsicott|0 fnt
|faint|p1a: Whimsicott
|move|p2a: Rillaboom|Wood Hammer|p1b: Ursaluna
|-activate|p1b: Ursaluna|move: Protect
|
|-weather|Snowscape|[upkeep]
|-heal|p1b: Ursaluna|43/100|[from] Grassy Terrain
|upkeep
|
|t:|1756764519
|switch|p1a: Sneasler|Sneasler, L50, F|100/100
|turn|3
|inactive|StarblastVGC has 30 seconds left.
|
|t:|1756764545
|switch|p2a: Annihilape|Annihilape, L50, M|100/100
|move|p1a: Sneasler|Dire Claw|p2a: Annihilape
|-resisted|p2a: Annihilape
|-damage|p2a: Annihilape|79/100
|-status|p2a: Annihilape|slp
|move|p1b: Ursaluna|Blood Moon|p2b: Ninetales
|-damage|p2b: Ninetales|0 fnt
|faint|p2b: Ninetales
|
|-weather|Snowscape|[upkeep]
|-heal|p2a: Annihilape|85/100 slp|[from] Grassy Terrain
|-heal|p1b: Ursaluna|49/100|[from] Grassy Terrain
|upkeep
|
|t:|1756764560
|switch|p2b: Rillaboom|Rillaboom, L50, M|100/100
|turn|4
|
|t:|1756764576
|move|p1b: Ursaluna|Protect|p1b: Ursaluna
|-singleturn|p1b: Ursaluna|Protect
|move|p1a: Sneasler|Dire Claw|p2b: Rillaboom
|-supereffective|p2b: Rillaboom
|-damage|p2b: Rillaboom|21/100
|-status|p2b: Rillaboom|slp
|cant|p2a: Annihilape|slp
|cant|p2b: Rillaboom|slp
|
|-weather|Snowscape|[upkeep]
|-heal|p2a: Annihilape|91/100 slp|[from] Grassy Terrain
|-heal|p1b: Ursaluna|54/100|[from] Grassy Terrain
|-heal|p2b: Rillaboom|27/100 slp|[from] Grassy Terrain
|-sideend|p1: StarblastVGC|move: Tailwind
|upkeep
|turn|5
|
|t:|1756764599
|-curestatus|p2b: Rillaboom|slp|[msg]
|move|p2b: Rillaboom|Grassy Glide|p1b: Ursaluna
|-damage|p1b: Ursaluna|25/100
|cant|p2a: Annihilape|slp
|move|p1a: Sneasler|Dire Claw|p2b: Rillaboom
|-supereffective|p2b: Rillaboom
|-damage|p2b: Rillaboom|0 fnt
|faint|p2b: Rillaboom
|move|p1b: Ursaluna|Blood Moon|p2a: Annihilape
|-damage|p2a: Annihilape|0 fnt
|faint|p2a: Annihilape
|
|win|StarblastVGC
|inactive|StarblastVGC has 30 seconds to confirm battle start!
|inactive|wade connects has 30 seconds to confirm battle start!
||wade connects is ready for game 2.
