|j|☆CrystalGem02
|j|☆PikaTROD
|html|CrystalGem02PikaTROD    
|uhtml|bestof|Game 1 of a best-of-3
|t:|1756297632
|gametype|doubles
|player|p1|CrystalGem02|valerie|1244
|player|p2|PikaTROD|2|1163
|gen|9
|tier|[Gen 9] VGC 2025 Reg H (Bo3)
|rated|
|rule|Species Clause: Limit one of each Pokémon
|rule|Item Clause: Limit 1 of each item
|clearpoke
|poke|p1|Ursaluna, L50, F|
|poke|p1|Porygon2, L50|
|poke|p1|Incineroar, L50, M|
|poke|p1|Yanmega, L50, F|
|poke|p1|Sneasler, L50, F|
|poke|p1|Archaludon, L50, M|
|poke|p2|Kingambit, L50, F|
|poke|p2|Primarina, L50, F|
|poke|p2|Sneasler, L50, F|
|poke|p2|Magmar, L50, M|
|poke|p2|Rillaboom, L50, F|
|poke|p2|Dragapult, L50, M|
|teampreview|4
|showteam|p1|Ursaluna||FlameOrb|Guts|Facade,HeadlongRush,Earthquake,Protect|||F|||50|,,,,,Ghost]Porygon2||Eviolite|Download|TeraBlast,IceBeam,Recover,TrickRoom||||||50|,,,,,Flying]Incineroar||SafetyGoggles|Intimidate|FlareBlitz,KnockOff,PartingShot,FakeOut|||M|||50|,,,,,Ghost]Yanmega||FocusSash|SpeedBoost|BugBuzz,AirSlash,Tailwind,Protect|||F|||50|,,,,,Ghost]Sneasler||WhiteHerb|Unburden|DireClaw,CloseCombat,ThroatChop,Protect|||F|||50|,,,,,Stellar]Archaludon||PowerHerb|Stalwart|ElectroShot,DragonPulse,Thunderbolt,Protect|||M|||50|,,,,,Electric
|showteam|p2|Kingambit||BlackGlasses|Defiant|KowtowCleave,SuckerPunch,SwordsDance,Protect|||F|||50|,,,,,Ghost]Primarina||SitrusBerry|LiquidVoice|HyperVoice,Moonblast,Haze,Protect|||F|||50|,,,,,Water]Sneasler||FocusSash|PoisonTouch|CloseCombat,DireClaw,FakeOut,Protect|||F|||50|,,,,,Ghost]Magmar||Eviolite|VitalSpirit|Overheat,WillOWisp,FollowMe,Protect|||M|||50|,,,,,Ghost]Rillaboom||AssaultVest|GrassySurge|WoodHammer,GrassyGlide,HighHorsepower,FakeOut|||F|||50|,,,,,Fire]Dragapult||ChoiceBand|ClearBody|DragonDarts,PhantomForce,Outrage,Uturn|||M|||50|,,,,,Dragon
|inactive|Battle timer is ON: inactive players will automatically lose when time's up. (requested by CrystalGem02)
|inactive|CrystalGem02 has 60 seconds left.
|inactive|PikaTROD has 60 seconds left.
|inactive|CrystalGem02 has 30 seconds left.
|inactive|PikaTROD has 30 seconds left.
|
|t:|1756297712
|teamsize|p1|4
|teamsize|p2|4
|start
|switch|p1a: Archaludon|Archaludon, L50, M|100/100
|switch|p1b: Yanmega|Yanmega, L50, F, shiny|100/100
|switch|p2a: Sneasler|Sneasler, L50, F|100/100
|switch|p2b: Dragapult|Dragapult, L50, M|100/100
|turn|1
|inactive|PikaTROD has 30 seconds left.
|
|t:|1756297738
|switch|p2a: Rillaboom|Rillaboom, L50, F|100/100
|-fieldstart|move: Grassy Terrain|[from] ability: Grassy Surge|[of] p2a: Rillaboom
|-terastallize|p2b: Dragapult|Dragon
|move|p1b: Yanmega|Protect|p1b: Yanmega
|-singleturn|p1b: Yanmega|Protect
|move|p1a: Archaludon|Protect|p1a: Archaludon
|-singleturn|p1a: Archaludon|Protect
|move|p2b: Dragapult|Dragon Darts|p1a: Archaludon
|-activate|p1b: Yanmega|move: Protect
|
|-ability|p1b: Yanmega|Speed Boost|boost
|-boost|p1b: Yanmega|spe|1
|upkeep
|turn|2
|
|t:|1756297756
|-terastallize|p1b: Yanmega|Ghost
|move|p2a: Rillaboom|Fake Out|p1a: Archaludon
|-resisted|p1a: Archaludon
|-damage|p1a: Archaludon|95/100
|move|p1b: Yanmega|Tailwind|p1b: Yanmega
|-sidestart|p1: CrystalGem02|move: Tailwind
|cant|p1a: Archaludon|flinch
|move|p2b: Dragapult|Dragon Darts|p1a: Archaludon
|-damage|p1a: Archaludon|59/100
|-anim|p2b: Dragapult|Dragon Darts|p1b: Yanmega
|-damage|p1b: Yanmega|37/100
|
|-heal|p1b: Yanmega|43/100|[from] Grassy Terrain
|-heal|p1a: Archaludon|65/100|[from] Grassy Terrain
|-ability|p1b: Yanmega|Speed Boost|boost
|-boost|p1b: Yanmega|spe|1
|upkeep
|turn|3
|inactive|CrystalGem02 has 30 seconds left.
|inactive|CrystalGem02 has 20 seconds left.
|inactive|CrystalGem02 has 15 seconds left.
|inactive|CrystalGem02 has 10 seconds left.
|inactive|CrystalGem02 has 5 seconds left.
|
|t:|1756297808
|switch|p2b: Kingambit|Kingambit, L50, F|100/100
|move|p1b: Yanmega|Air Slash|p2b: Kingambit
|-resisted|p2b: Kingambit
|-damage|p2b: Kingambit|81/100
|move|p1a: Archaludon|Electro Shot||[still]
|-prepare|p1a: Archaludon|Electro Shot
|-boost|p1a: Archaludon|spa|1
|-enditem|p1a: Archaludon|Power Herb
|-anim|p1a: Archaludon|Electro Shot|p2b: Kingambit
|-damage|p2b: Kingambit|14/100
|move|p2a: Rillaboom|High Horsepower|p1a: Archaludon|[miss]
|-miss|p2a: Rillaboom|p1a: Archaludon
|
|-heal|p1b: Yanmega|50/100|[from] Grassy Terrain
|-heal|p1a: Archaludon|71/100|[from] Grassy Terrain
|-heal|p2b: Kingambit|20/100|[from] Grassy Terrain
|-ability|p1b: Yanmega|Speed Boost|boost
|-boost|p1b: Yanmega|spe|1
|upkeep
|turn|4
|l|☆PikaTROD
|inactive|PikaTROD disconnected and has a minute to reconnect!
|player|p2|
|j|☆PikaTROD
|inactive|PikaTROD reconnected and has 35 seconds left.
|player|p2|PikaTROD|2|
|inactive|CrystalGem02 has 30 seconds left.
|inactive|PikaTROD has 30 seconds left.
|inactive|CrystalGem02 has 20 seconds left.
|inactive|PikaTROD has 20 seconds left.
|inactive|PikaTROD has 15 seconds left.
|
|t:|1756297850
|switch|p1b: Ursaluna|Ursaluna, L50, F, shiny|100/100
|move|p1a: Archaludon|Protect|p1a: Archaludon
|-singleturn|p1a: Archaludon|Protect
|move|p2b: Kingambit|Sucker Punch||[still]
|-fail|p2b: Kingambit
|move|p2a: Rillaboom|High Horsepower|p1a: Archaludon
|-activate|p1a: Archaludon|move: Protect
|
|-heal|p1a: Archaludon|77/100|[from] Grassy Terrain
|-heal|p2b: Kingambit|25/100|[from] Grassy Terrain
|-status|p1b: Ursaluna|brn|[from] item: Flame Orb
|upkeep
|turn|5
|inactive|CrystalGem02 has 30 seconds left.
|inactive|PikaTROD has 30 seconds left.
|
|t:|1756297883
|move|p2a: Rillaboom|Grassy Glide|p1b: Ursaluna
|-supereffective|p1b: Ursaluna
|-damage|p1b: Ursaluna|51/100 brn
|move|p2b: Kingambit|Sucker Punch|p1b: Ursaluna
|-damage|p1b: Ursaluna|18/100 brn
|move|p1a: Archaludon|Dragon Pulse|p2b: Kingambit
|-resisted|p2b: Kingambit
|-damage|p2b: Kingambit|0 fnt
|faint|p2b: Kingambit
|move|p1b: Ursaluna|Facade|p2a: Rillaboom
|-damage|p2a: Rillaboom|0 fnt
|faint|p2a: Rillaboom
|
|-heal|p1a: Archaludon|83/100|[from] Grassy Terrain
|-heal|p1b: Ursaluna|23/100 brn|[from] Grassy Terrain
|-damage|p1b: Ursaluna|18/100 brn|[from] brn
|-sideend|p1: CrystalGem02|move: Tailwind
|-fieldend|move: Grassy Terrain
|upkeep
|
|t:|1756297892
|switch|p2a: Dragapult|Dragapult, L50, M, tera:Dragon|100/100
|switch|p2b: Sneasler|Sneasler, L50, F|100/100
|turn|6
|inactive|CrystalGem02 has 30 seconds left.
|
|t:|1756297926
|move|p1a: Archaludon|Protect|p1a: Archaludon
|-singleturn|p1a: Archaludon|Protect
|move|p2a: Dragapult|Dragon Darts|p1b: Ursaluna
|-damage|p1b: Ursaluna|0 fnt
|faint|p1b: Ursaluna
|move|p2b: Sneasler|Close Combat|p1a: Archaludon
|-activate|p1a: Archaludon|move: Protect
|
|upkeep
|
|t:|1756297930
|switch|p1b: Yanmega|Yanmega, L50, F, shiny, tera:Ghost|50/100
|turn|7
|
|t:|1756297937
|move|p1b: Yanmega|Protect|p1b: Yanmega
|-singleturn|p1b: Yanmega|Protect
|move|p1a: Archaludon|Protect||[still]
|-fail|p1a: Archaludon
|move|p2a: Dragapult|Dragon Darts|p1a: Archaludon
|-damage|p1a: Archaludon|43/100
|-anim|p2a: Dragapult|Dragon Darts|p1a: Archaludon
|-damage|p1a: Archaludon|0 fnt
|faint|p1a: Archaludon
|move|p2b: Sneasler|Close Combat|p1b: Yanmega
|-activate|p1b: Yanmega|move: Protect
|
|-ability|p1b: Yanmega|Speed Boost|boost
|-boost|p1b: Yanmega|spe|1
|upkeep
|
|t:|1756297940
|switch|p1a: Sneasler|Sneasler, L50, F|100/100
|turn|8
|inactive|CrystalGem02 has 30 seconds left.
|
|t:|1756297975
|move|p2b: Sneasler|Protect|p2b: Sneasler
|-singleturn|p2b: Sneasler|Protect
|move|p1b: Yanmega|Air Slash|p2a: Dragapult
|-damage|p2a: Dragapult|49/100
|move|p2a: Dragapult|Dragon Darts|p1b: Yanmega
|-damage|p1b: Yanmega|0 fnt
|-anim|p2a: Dragapult|Dragon Darts|p1a: Sneasler
|-damage|p1a: Sneasler|24/100
|faint|p1b: Yanmega
|move|p1a: Sneasler|Dire Claw|p2a: Dragapult
|-damage|p2a: Dragapult|0 fnt
|faint|p2a: Dragapult
|
|upkeep
|turn|9
|
|t:|1756297988
|move|p2b: Sneasler|Close Combat|p1a: Sneasler
|-resisted|p1a: Sneasler
|-damage|p1a: Sneasler|0 fnt
|-unboost|p2b: Sneasler|def|1
|-unboost|p2b: Sneasler|spd|1
|faint|p1a: Sneasler
|
|win|PikaTROD
