|j|☆NegaiFreak
|j|☆138mysx
|html|NegaiFreak138mysx    
|uhtml|bestof|Game 1 of a best-of-3
|t:|1784831173
|gametype|doubles
|player|p1|NegaiFreak|266|1157
|player|p2|138mysx|266|1041
|gen|9
|tier|[Gen 9 Champions] VGC 2026 Reg M-B (Bo3)
|rated|
|rule|Species Clause: Limit one of each Pokémon
|rule|Item Clause: Limit 1 of each item
|clearpoke
|poke|p1|Pelipper, L50, M|
|poke|p1|Tinkaton, L50, F|
|poke|p1|Sneasler, L50, F|
|poke|p1|Sinistcha, L50|
|poke|p1|Blastoise, L50, F|
|poke|p1|Farigiraf, L50, M|
|poke|p2|Kommo-o, L50, F|
|poke|p2|Glimmora, L50, F|
|poke|p2|Ninetales-Alola, L50, F|
|poke|p2|Kingambit, L50, F|
|poke|p2|Sneasler, L50, M|
|poke|p2|Talonflame, L50, F|
|teampreview|4
|showteam|p1|Pelipper||FocusSash|Drizzle|WeatherBall,Hurricane,Tailwind,Protect|Modest||M|||50|]Tinkaton||Leftovers|MoldBreaker|GigatonHammer,FakeOut,PlayRough,Feint|Adamant||F|||50|]Sneasler||WhiteHerb|Unburden|FakeOut,DireClaw,CloseCombat,Protect|Adamant||F|||50|]Sinistcha||SitrusBerry|Hospitality|MatchaGotcha,RagePowder,LifeDew,TrickRoom|Relaxed|||||50|]Blastoise||Blastoisinite|Torrent|DarkPulse,WaterSpout,ShellSmash,Protect|Modest||F|||50|]Farigiraf||ColburBerry|ArmorTail|TrickRoom,RainDance,Psychic,Thunderbolt|Bold||M|||50|
|showteam|p2|Kommo-o||LifeOrb|Bulletproof|VacuumWave,ClangingScales,AuraSphere,Protect|Modest||F|||50|]Glimmora||Glimmoranite|ToxicDebris|PowerGem,SludgeBomb,EarthPower,SpikyShield|Timid||F|||50|]Ninetales-Alola||NeverMeltIce|SnowWarning|Blizzard,FreezeDry,AuroraVeil,Protect|Timid||F|||50|]Kingambit||BlackGlasses|Defiant|KowtowCleave,SuckerPunch,SwordsDance,Protect|Adamant||F|||50|]Sneasler||FocusSash|PoisonTouch|FakeOut,PoisonJab,CloseCombat,Protect|Jolly||M|||50|]Talonflame||SharpBeak|GaleWings|DualWingbeat,FlareBlitz,Tailwind,Protect|Jolly||F|||50|
|inactive|Battle timer is ON: inactive players will automatically lose when time's up. (requested by NegaiFreak)
|c|☆NegaiFreak|GLHF
|c|☆138mysx|Glhf
|inactive|NegaiFreak has 60 seconds left.
|inactive|138mysx has 60 seconds left.
|inactive|138mysx has 30 seconds left.
|inactive|138mysx has 20 seconds left.
|
|t:|1784831244
|teamsize|p1|4
|teamsize|p2|4
|start
|switch|p1a: Tinkaton|Tinkaton, L50, F|100/100
|switch|p1b: Farigiraf|Farigiraf, L50, M|100/100
|switch|p2a: Ninetales|Ninetales-Alola, L50, F|100/100
|switch|p2b: Kingambit|Kingambit, L50, F|100/100
|-weather|Snowscape|[from] ability: Snow Warning|[of] p2a: Ninetales
|-ability|p1a: Tinkaton|Mold Breaker
|turn|1
|
|t:|1784831257
|move|p1a: Tinkaton|Fake Out|p2b: Kingambit
|-resisted|p2b: Kingambit|1
|-damage|p2b: Kingambit|96/100
|move|p2a: Ninetales|Aurora Veil|p2a: Ninetales
|-sidestart|p2: 138mysx|move: Aurora Veil
|cant|p2b: Kingambit|flinch
|move|p1b: Farigiraf|Trick Room|p1b: Farigiraf
|-fieldstart|move: Trick Room|[of] p1b: Farigiraf
|
|-weather|Snowscape|[upkeep]
|upkeep
|turn|2
|
|t:|1784831273
|move|p2a: Ninetales|Protect|p2a: Ninetales
|-singleturn|p2a: Ninetales|Protect
|move|p2b: Kingambit|Swords Dance|p2b: Kingambit
|-boost|p2b: Kingambit|atk|2
|move|p1b: Farigiraf|Rain Dance|p1b: Farigiraf
|-weather|RainDance
|move|p1a: Tinkaton|Gigaton Hammer|p2a: Ninetales
|-activate|p2a: Ninetales|move: Protect
|
|-weather|RainDance|[upkeep]
|upkeep
|turn|3
|
|t:|1784831289
|switch|p2a: Kommo-o|Kommo-o, L50, F|100/100
|move|p2b: Kingambit|Kowtow Cleave|p1b: Farigiraf
|-supereffective|p1b: Farigiraf|1
|-enditem|p1b: Farigiraf|Colbur Berry|[eat]
|-enditem|p1b: Farigiraf|Colbur Berry|[weaken]
|-damage|p1b: Farigiraf|1/100
|move|p1b: Farigiraf|Thunderbolt|p2b: Kingambit
|-damage|p2b: Kingambit|82/100
|move|p1a: Tinkaton|Play Rough|p2b: Kingambit
|-damage|p2b: Kingambit|66/100
|
|-weather|RainDance|[upkeep]
|upkeep
|turn|4
|inactive|NegaiFreak has 30 seconds left.
|
|t:|1784831316
|move|p2b: Kingambit|Kowtow Cleave|p1b: Farigiraf
|-supereffective|p1b: Farigiraf|1
|-damage|p1b: Farigiraf|0 fnt
|faint|p1b: Farigiraf
|move|p1a: Tinkaton|Play Rough|p2a: Kommo-o
|-supereffective|p2a: Kommo-o|2
|-damage|p2a: Kommo-o|15/100
|move|p2a: Kommo-o|Aura Sphere|p1a: Tinkaton
|-damage|p1a: Tinkaton|52/100
|-damage|p2a: Kommo-o|5/100|[from] item: Life Orb
|
|-weather|RainDance|[upkeep]
|-heal|p1a: Tinkaton|58/100|[from] item: Leftovers
|upkeep
|
|t:|1784831325
|switch|p1b: Blastoise|Blastoise, L50, F|100/100
|turn|5
|
|t:|1784831340
|switch|p2a: Ninetales|Ninetales-Alola, L50, F|100/100
|-weather|Snowscape|[from] ability: Snow Warning|[of] p2a: Ninetales
|detailschange|p1b: Blastoise|Blastoise-Mega, L50, F
|-mega|p1b: Blastoise|Blastoise|Blastoisinite
|move|p1a: Tinkaton|Feint|p2a: Ninetales
|-crit|p2a: Ninetales
|-damage|p2a: Ninetales|89/100
|move|p2b: Kingambit|Kowtow Cleave|p1a: Tinkaton
|-resisted|p1a: Tinkaton|1
|-damage|p1a: Tinkaton|0 fnt
|faint|p1a: Tinkaton
|move|p1b: Blastoise|Shell Smash|p1b: Blastoise
|-unboost|p1b: Blastoise|def|1
|-unboost|p1b: Blastoise|spd|1
|-boost|p1b: Blastoise|atk|2
|-boost|p1b: Blastoise|spa|2
|-boost|p1b: Blastoise|spe|2
|
|-weather|Snowscape|[upkeep]
|-sideend|p2: 138mysx|move: Aurora Veil
|-fieldend|move: Trick Room
|upkeep
|
|t:|1784831343
|switch|p1a: Pelipper|Pelipper, L50, M|100/100
|-weather|RainDance|[from] ability: Drizzle|[of] p1a: Pelipper
|turn|6
|inactive|138mysx has 30 seconds left.
|
|t:|1784831375
|move|p1b: Blastoise|Protect|p1b: Blastoise
|-singleturn|p1b: Blastoise|Protect
|move|p2b: Kingambit|Protect|p2b: Kingambit
|-singleturn|p2b: Kingambit|Protect
|move|p2a: Ninetales|Freeze-Dry|p1a: Pelipper
|-supereffective|p1a: Pelipper|2
|-enditem|p1a: Pelipper|Focus Sash
|-damage|p1a: Pelipper|1/100
|move|p1a: Pelipper|Weather Ball|p2b: Kingambit
|-activate|p2b: Kingambit|move: Protect
|
|-weather|RainDance|[upkeep]
|upkeep
|turn|7
|
|t:|1784831384
|move|p2b: Kingambit|Sucker Punch|p1b: Blastoise
|-damage|p1b: Blastoise|0 fnt
|faint|p1b: Blastoise
|move|p2a: Ninetales|Freeze-Dry|p1a: Pelipper
|-supereffective|p1a: Pelipper|2
|-damage|p1a: Pelipper|0 fnt
|faint|p1a: Pelipper
|
|win|138mysx
||138mysx is ready for game 2.
||NegaiFreak is ready for game 2.
|uhtml|next|Next: Game 2 of 3
|l|☆138mysx
|player|p2|
