|j|☆s!dd_1
|j|‽CaratroncoSun
|html|s!dd_1CaratroncoSun    
|uhtml|bestof|Game 3 of a best-of-3
|t:|1784111309
|gametype|doubles
|player|p1|s!dd_1|flannery-gen6|1433
|player|p2|CaratroncoSun|juan|1318
|gen|9
|tier|[Gen 9 Champions] VGC 2026 Reg M-B (Bo3)
|rated|
|rule|Species Clause: Limit one of each Pokémon
|rule|Item Clause: Limit 1 of each item
|clearpoke
|poke|p1|Raichu, L50, M|
|poke|p1|Mamoswine, L50, M|
|poke|p1|Sinistcha, L50|
|poke|p1|Sylveon, L50, M|
|poke|p1|Arcanine-Hisui, L50, F|
|poke|p1|Hydreigon, L50, F|
|poke|p2|Charizard, L50, F, shiny|
|poke|p2|Venusaur, L50, F, shiny|
|poke|p2|Whimsicott, L50, F, shiny|
|poke|p2|Basculegion, L50, M|
|poke|p2|Tyranitar, L50, M|
|poke|p2|Mamoswine, L50, F|
|teampreview|4
|showteam|p1|Raichu||RaichuniteY|LightningRod|ZapCannon,FocusBlast,FakeOut,Protect|Timid||M|||50|]Mamoswine||LifeOrb|Oblivious|IcicleCrash,IceShard,HighHorsepower,Protect|Adamant||M|||50|]Sinistcha||ColburBerry|Hospitality|MatchaGotcha,RagePowder,TrickRoom,Protect|Relaxed|||||50|]Sylveon||FairyFeather|Pixilate|HyperVoice,HyperBeam,CalmMind,Detect|Modest||M|||50|]Arcanine-Hisui||FocusSash|Intimidate|FlareBlitz,RockSlide,ExtremeSpeed,Protect|Adamant||F|||50|]Hydreigon||ChoiceScarf|Levitate|DracoMeteor,DarkPulse,EarthPower,Snarl|Modest||F|||50|
|showteam|p2|Charizard||CharizarditeY|Blaze|Protect,SolarBeam,HeatWave,AirSlash|Modest||F|||50|]Venusaur||WideLens|Chlorophyll|Protect,GigaDrain,EarthPower,SleepPowder|Modest||F|||50|]Whimsicott||FairyFeather|Prankster|Protect,Moonblast,Tailwind,Encore|Timid||F|||50|]Basculegion||MysticWater|Adaptability|Protect,AquaJet,WaveCrash,LastRespects|Adamant||M|||50|]Tyranitar||Tyranitarite|SandStream|Protect,RockSlide,KnockOff,LowKick|Adamant||M|||50|]Mamoswine||FocusSash|Oblivious|Protect,HighHorsepower,IcicleCrash,StoneEdge|Adamant||F|||50|
|inactive|Battle timer is ON: inactive players will automatically lose when time's up. (requested by s!dd_1)
|inactive|CaratroncoSun has 60 seconds left.
|
|t:|1784111344
|teamsize|p1|4
|teamsize|p2|4
|start
|switch|p1a: Matador|Mamoswine, L50, M|100/100
|switch|p1b: Chrome|Arcanine-Hisui, L50, F|100/100
|switch|p2a: Charizard|Charizard, L50, F, shiny|100/100
|switch|p2b: Venusaur|Venusaur, L50, F, shiny|100/100
|-ability|p1b: Chrome|Intimidate|boost
|-unboost|p2a: Charizard|atk|1
|-unboost|p2b: Venusaur|atk|1
|turn|1
|
|t:|1784111360
|detailschange|p2a: Charizard|Charizard-Mega-Y, L50, F, shiny
|-mega|p2a: Charizard|Charizard|Charizardite Y
|-weather|SunnyDay|[from] ability: Drought|[of] p2a: Charizard
|move|p1b: Chrome|Extreme Speed|p2b: Venusaur
|-damage|p2b: Venusaur|61/100
|move|p1a: Matador|Ice Shard|p2b: Venusaur
|-supereffective|p2b: Venusaur|1
|-damage|p2b: Venusaur|0 fnt
|faint|p2b: Venusaur
|-damage|p1a: Matador|90/100|[from] item: Life Orb
|move|p2a: Charizard|Heat Wave|p1b: Chrome|[spread] p1a,p1b
|-supereffective|p1a: Matador|1
|-resisted|p1b: Chrome|2
|-damage|p1a: Matador|0 fnt
|-damage|p1b: Chrome|80/100
|faint|p1a: Matador
|
|-weather|SunnyDay|[upkeep]
|upkeep
|
|t:|1784111380
|switch|p1a: Gipsy Danger|Raichu, L50, M|100/100
|switch|p2b: Whimsicott|Whimsicott, L50, F, shiny|100/100
|turn|2
|
|t:|1784111392
|switch|p2a: Mamoswine|Mamoswine, L50, F|100/100
|detailschange|p1a: Gipsy Danger|Raichu-Mega-Y, L50, M
|-mega|p1a: Gipsy Danger|Raichu|Raichunite Y
|move|p1a: Gipsy Danger|Fake Out|p2b: Whimsicott
|-damage|p2b: Whimsicott|88/100
|cant|p2b: Whimsicott|flinch
|move|p1b: Chrome|Rock Slide|p2a: Mamoswine|[spread] p2a,p2b
|-damage|p2a: Mamoswine|68/100
|-damage|p2b: Whimsicott|45/100
|
|-weather|SunnyDay|[upkeep]
|upkeep
|turn|3
|inactive|s!dd_1 has 30 seconds left.
|inactive|s!dd_1 has 20 seconds left.
|
|t:|1784111427
|switch|p1a: Shaolin|Sinistcha, L50|100/100
|-heal|p1b: Chrome|100/100|[from] ability: Hospitality|[of] p1a: Shaolin
|move|p1b: Chrome|Protect|p1b: Chrome
|-singleturn|p1b: Chrome|Protect
|move|p2b: Whimsicott|Tailwind|p2b: Whimsicott
|-sidestart|p2: CaratroncoSun|move: Tailwind
|move|p2a: Mamoswine|High Horsepower|p1a: Shaolin
|-resisted|p1a: Shaolin|1
|-damage|p1a: Shaolin|79/100
|
|-weather|SunnyDay|[upkeep]
|upkeep
|turn|4
|inactive|s!dd_1 has 30 seconds left.
|inactive|s!dd_1 has 20 seconds left.
|
|t:|1784111468
|switch|p1b: Gipsy Danger|Raichu-Mega-Y, L50, M|100/100
|move|p2b: Whimsicott|Protect|p2b: Whimsicott
|-singleturn|p2b: Whimsicott|Protect
|move|p1a: Shaolin|Protect|p1a: Shaolin
|-singleturn|p1a: Shaolin|Protect
|move|p2a: Mamoswine|Icicle Crash|p1a: Shaolin
|-activate|p1a: Shaolin|move: Protect
|
|-weather|SunnyDay|[upkeep]
|upkeep
|turn|5
|inactive|s!dd_1 has 30 seconds left.
|
|t:|1784111502
|move|p1a: Shaolin|Rage Powder|p1a: Shaolin
|-singleturn|p1a: Shaolin|move: Rage Powder
|move|p2b: Whimsicott|Moonblast|p1b: Gipsy Danger
|-damage|p1b: Gipsy Danger|46/100
|-unboost|p1b: Gipsy Danger|spa|1
|move|p2a: Mamoswine|Icicle Crash|p1a: Shaolin
|-supereffective|p1a: Shaolin|1
|-damage|p1a: Shaolin|0 fnt
|faint|p1a: Shaolin
|move|p1b: Gipsy Danger|Focus Blast|p2a: Mamoswine
|-supereffective|p2a: Mamoswine|1
|-damage|p2a: Mamoswine|0 fnt
|faint|p2a: Mamoswine
|
|-weather|none
|upkeep
|
|t:|1784111516
|switch|p2a: Charizard|Charizard-Mega-Y, L50, F, shiny|100/100
|switch|p1a: Chrome|Arcanine-Hisui, L50, F|100/100
|-weather|SunnyDay|[from] ability: Drought|[of] p2a: Charizard
|-ability|p1a: Chrome|Intimidate|boost
|-unboost|p2a: Charizard|atk|1
|-unboost|p2b: Whimsicott|atk|1
|turn|6
|inactive|CaratroncoSun has 30 seconds left.
|
|t:|1784111547
|move|p2b: Whimsicott|Moonblast|p1a: Chrome
|-resisted|p1a: Chrome|1
|-damage|p1a: Chrome|73/100
|move|p2a: Charizard|Solar Beam||[still]
|-prepare|p2a: Charizard|Solar Beam
|-anim|p2a: Charizard|Solar Beam|p1a: Chrome
|-damage|p1a: Chrome|11/100
|move|p1b: Gipsy Danger|Zap Cannon|p2a: Charizard
|-supereffective|p2a: Charizard|1
|-damage|p2a: Charizard|25/100
|-status|p2a: Charizard|par
|move|p1a: Chrome|Rock Slide|p2a: Charizard|[spread] p2a,p2b
|-supereffective|p2a: Charizard|2
|-damage|p2a: Charizard|0 fnt
|-damage|p2b: Whimsicott|1/100
|faint|p2a: Charizard
|
|-weather|SunnyDay|[upkeep]
|-sideend|p2: CaratroncoSun|move: Tailwind
|upkeep
|turn|7
|inactive|CaratroncoSun has 30 seconds left.
|
|t:|1784111575
|move|p1a: Chrome|Extreme Speed|p2b: Whimsicott
|-damage|p2b: Whimsicott|0 fnt
|faint|p2b: Whimsicott
|
|win|s!dd_1
|raw|s!dd_1's rating: 1433 → 1447(+14 for winning)
|raw|CaratroncoSun's rating: 1318 → 1304(-14 for losing)
