|j|☆Kurolax
|j|☆Rorox641
|html|KurolaxRorox641    
|uhtml|bestof|Game 1 of a best-of-3
|t:|1756569818
|gametype|doubles
|player|p1|Kurolax|2|1179
|player|p2|Rorox641|wulfric|1127
|gen|9
|tier|[Gen 9] VGC 2025 Reg H (Bo3)
|rated|
|rule|Species Clause: Limit one of each Pokémon
|rule|Item Clause: Limit 1 of each item
|clearpoke
|poke|p1|Volcarona, L50, F|
|poke|p1|Tyranitar, L50, M|
|poke|p1|Rillaboom, L50, F|
|poke|p1|Primarina, L50, F|
|poke|p1|Sneasler, L50, M|
|poke|p1|Dragonite, L50, M|
|poke|p2|Sinistcha, L50|
|poke|p2|Weavile, L50, F|
|poke|p2|Archaludon, L50, F|
|poke|p2|Pelipper, L50, F|
|poke|p2|Annihilape, L50, M|
|poke|p2|Klefki, L50, F|
|teampreview|4
|showteam|p1|Volcarona||GrassySeed|FlameBody|QuiverDance,HeatWave,GigaDrain,Protect|||F|||50|,,,,,Stellar]Tyranitar||FocusSash|SandStream|RockSlide,KnockOff,TeraBlast,Protect|||M|||50|,,,,,Flying]Rillaboom||AssaultVest|GrassySurge|KnockOff,Uturn,GrassyGlide,FakeOut|||F|||50|,,,,,Grass]Primarina||SitrusBerry|LiquidVoice|HyperVoice,Moonblast,CalmMind,Protect|||F|||50|,,,,,Poison]Sneasler||WhiteHerb|Unburden|DireClaw,FakeOut,Protect,CloseCombat|||M|||50|,,,,,Dark]Dragonite||LoadedDice|Multiscale|Tailwind,ScaleShot,Haze,Protect|||M|||50|,,,,,Fairy
|showteam|p2|Sinistcha||SitrusBerry|Hospitality|MatchaGotcha,RagePowder,TrickRoom,LifeDew||||||50|,,,,,Dark]Weavile||FocusSash|Pickpocket|TripleAxel,KnockOff,BeatUp,Protect|||F|||50|,,,,,Stellar]Archaludon||AssaultVest|Stamina|ElectroShot,Snarl,DragonPulse,BodyPress|||F|||50|,,,,,Fighting]Pelipper||CovertCloak|Drizzle|WeatherBall,Hurricane,Tailwind,Protect|||F|||50|,,,,,Ground]Annihilape||SpellTag|Defiant|DrainPunch,RageFist,BulkUp,Protect|||M|||50|,,,,,Water]Klefki||LightClay|Prankster|DazzlingGleam,MistyTerrain,LightScreen,Reflect|||F|||50|,,,,,Dark
|inactive|Battle timer is ON: inactive players will automatically lose when time's up. (requested by Rorox641)
|inactive|Rorox641 has 60 seconds left.
|inactive|Rorox641 has 30 seconds left.
|inactive|Rorox641 has 20 seconds left.
|inactive|Rorox641 has 15 seconds left.
|inactive|Rorox641 has 10 seconds left.
|
|t:|1756569900
|teamsize|p1|4
|teamsize|p2|4
|start
|switch|p1a: Rillaboom|Rillaboom, L50, F|100/100
|switch|p1b: Volcarona|Volcarona, L50, F|100/100
|switch|p2a: Archaludon|Archaludon, L50, F|100/100
|switch|p2b: Weavile|Weavile, L50, F|100/100
|-fieldstart|move: Grassy Terrain|[from] ability: Grassy Surge|[of] p1a: Rillaboom
|-enditem|p1b: Volcarona|Grassy Seed
|-boost|p1b: Volcarona|def|1|[from] item: Grassy Seed
|turn|1
|
|t:|1756569922
|move|p2b: Weavile|Protect|p2b: Weavile
|-singleturn|p2b: Weavile|Protect
|move|p1a: Rillaboom|Fake Out|p2b: Weavile
|-activate|p2b: Weavile|move: Protect
|move|p1b: Volcarona|Heat Wave|p2a: Archaludon|[spread] p2a
|-activate|p2b: Weavile|move: Protect
|-damage|p2a: Archaludon|74/100
|-ability|p2a: Archaludon|Stamina|boost
|-boost|p2a: Archaludon|def|1
|move|p2a: Archaludon|Snarl|p1a: Rillaboom|[spread] p1a,p1b
|-damage|p1a: Rillaboom|90/100
|-damage|p1b: Volcarona|90/100
|-unboost|p1a: Rillaboom|spa|1
|-unboost|p1b: Volcarona|spa|1
|
|-heal|p1b: Volcarona|96/100|[from] Grassy Terrain
|-heal|p1a: Rillaboom|96/100|[from] Grassy Terrain
|-heal|p2a: Archaludon|80/100|[from] Grassy Terrain
|upkeep
|turn|2
|
|t:|1756569946
|move|p1a: Rillaboom|Grassy Glide|p2b: Weavile
|-damage|p2b: Weavile|28/100
|move|p2b: Weavile|Beat Up|p2a: Archaludon
|-damage|p2a: Archaludon|77/100
|-ability|p2a: Archaludon|Stamina|boost
|-boost|p2a: Archaludon|def|1
|-damage|p2a: Archaludon|73/100
|-ability|p2a: Archaludon|Stamina|boost
|-boost|p2a: Archaludon|def|1
|-damage|p2a: Archaludon|72/100
|-ability|p2a: Archaludon|Stamina|boost
|-boost|p2a: Archaludon|def|1
|-damage|p2a: Archaludon|70/100
|-ability|p2a: Archaludon|Stamina|boost
|-boost|p2a: Archaludon|def|1
|-hitcount|p2a: Archaludon|4
|move|p1b: Volcarona|Heat Wave|p2a: Archaludon|[spread] p2a,p2b
|-supereffective|p2b: Weavile
|-damage|p2a: Archaludon|52/100
|-damage|p2b: Weavile|0 fnt
|-ability|p2a: Archaludon|Stamina|boost
|-boost|p2a: Archaludon|def|1
|faint|p2b: Weavile
|move|p2a: Archaludon|Body Press|p1a: Rillaboom
|-damage|p1a: Rillaboom|0 fnt
|faint|p1a: Rillaboom
|
|-heal|p1b: Volcarona|100/100|[from] Grassy Terrain
|-heal|p2a: Archaludon|58/100|[from] Grassy Terrain
|upkeep
|
|t:|1756569969
|switch|p2b: Pelipper|Pelipper, L50, F|100/100
|switch|p1a: Sneasler|Sneasler, L50, M|100/100
|-weather|RainDance|[from] ability: Drizzle|[of] p2b: Pelipper
|turn|3
|
|t:|1756569986
|switch|p1b: Tyranitar|Tyranitar, L50, M|100/100
|-weather|Sandstorm|[from] ability: Sand Stream|[of] p1b: Tyranitar
|-terastallize|p2a: Archaludon|Fighting
|move|p1a: Sneasler|Close Combat|p2a: Archaludon
|-damage|p2a: Archaludon|47/100
|-unboost|p1a: Sneasler|def|1
|-unboost|p1a: Sneasler|spd|1
|-enditem|p1a: Sneasler|White Herb
|-clearnegativeboost|p1a: Sneasler|[silent]
|move|p2a: Archaludon|Body Press|p1a: Sneasler
|-resisted|p1a: Sneasler
|-damage|p1a: Sneasler|0 fnt
|faint|p1a: Sneasler
|move|p2b: Pelipper|Weather Ball|p1b: Tyranitar
|-damage|p1b: Tyranitar|83/100
|
|-weather|Sandstorm|[upkeep]
|-damage|p2a: Archaludon|41/100|[from] Sandstorm
|-damage|p2b: Pelipper|95/100|[from] Sandstorm
|-heal|p1b: Tyranitar|89/100|[from] Grassy Terrain
|-heal|p2a: Archaludon|47/100|[from] Grassy Terrain
|upkeep
|
|t:|1756569995
|switch|p1a: Volcarona|Volcarona, L50, F|100/100
|turn|4
|
|t:|1756570009
|-terastallize|p1b: Tyranitar|Flying
|move|p1a: Volcarona|Quiver Dance|p1a: Volcarona
|-boost|p1a: Volcarona|spa|1
|-boost|p1a: Volcarona|spd|1
|-boost|p1a: Volcarona|spe|1
|move|p1b: Tyranitar|Knock Off|p2a: Archaludon
|-resisted|p2a: Archaludon
|-crit|p2a: Archaludon
|-damage|p2a: Archaludon|22/100
|-enditem|p2a: Archaludon|Assault Vest|[from] move: Knock Off|[of] p1b: Tyranitar
|move|p2a: Archaludon|Body Press|p1b: Tyranitar
|-resisted|p1b: Tyranitar
|-damage|p1b: Tyranitar|14/100
|move|p2b: Pelipper|Weather Ball|p1a: Volcarona
|-supereffective|p1a: Volcarona
|-damage|p1a: Volcarona|29/100
|
|-weather|Sandstorm|[upkeep]
|-damage|p1a: Volcarona|23/100|[from] Sandstorm
|-damage|p1b: Tyranitar|8/100|[from] Sandstorm
|-damage|p2a: Archaludon|16/100|[from] Sandstorm
|-damage|p2b: Pelipper|89/100|[from] Sandstorm
|-heal|p1a: Volcarona|29/100|[from] Grassy Terrain
|-heal|p2a: Archaludon|22/100|[from] Grassy Terrain
|upkeep
|turn|5
|inactive|Rorox641 has 30 seconds left.
|
|t:|1756570040
|move|p1a: Volcarona|Heat Wave|p2a: Archaludon|[spread] p2a,p2b
|-resisted|p2b: Pelipper
|-damage|p2a: Archaludon|0 fnt
|-damage|p2b: Pelipper|53/100
|faint|p2a: Archaludon
|move|p1b: Tyranitar|Rock Slide|p2b: Pelipper
|-supereffective|p2b: Pelipper
|-damage|p2b: Pelipper|0 fnt
|faint|p2b: Pelipper
|
|-weather|Sandstorm|[upkeep]
|-damage|p1a: Volcarona|23/100|[from] Sandstorm
|-damage|p1b: Tyranitar|2/100|[from] Sandstorm
|-heal|p1a: Volcarona|29/100|[from] Grassy Terrain
|-fieldend|move: Grassy Terrain
|upkeep
|
|t:|1756570046
|switch|p2b: Sinistcha|Sinistcha, L50|100/100
|turn|6
|
|t:|1756570052
|move|p1a: Volcarona|Heat Wave|p2b: Sinistcha
|-supereffective|p2b: Sinistcha
|-damage|p2b: Sinistcha|0 fnt
|faint|p2b: Sinistcha
|
|win|Kurolax
||Rorox641 is ready for game 2.
