|j|☆marcosdeltasena31
|j|☆Northgdh
|html|marcosdeltasena31Northgdh    
|uhtml|bestof|Game 1 of a best-of-3
|t:|1783985025
|gametype|doubles
|player|p1|marcosdeltasena31|hilbert|1330
|player|p2|Northgdh|1|1331
|gen|9
|tier|[Gen 9 Champions] VGC 2026 Reg M-B (Bo3)
|rated|
|rule|Species Clause: Limit one of each Pokémon
|rule|Item Clause: Limit 1 of each item
|clearpoke
|poke|p1|Charizard, L50, M, shiny|
|poke|p1|Aerodactyl, L50, M|
|poke|p1|Sylveon, L50, F|
|poke|p1|Incineroar, L50, F|
|poke|p1|Garchomp, L50, M|
|poke|p1|Farigiraf, L50, M, shiny|
|poke|p2|Incineroar, L50, M, shiny|
|poke|p2|Delphox, L50, F, shiny|
|poke|p2|Sinistcha, L50|
|poke|p2|Kingambit, L50, M, shiny|
|poke|p2|Blastoise, L50, M, shiny|
|poke|p2|Sneasler, L50, M|
|teampreview|4
|showteam|p1|Charizard||CharizarditeY|Blaze|HeatWave,WeatherBall,SolarBeam,Protect|Modest||M|||50|]Aerodactyl||FocusSash|Unnerve|RockSlide,Tailwind,WideGuard,Protect|Jolly||M|||50|]Sylveon||FairyFeather|Pixilate|HyperVoice,HyperBeam,QuickAttack,Protect|Modest||F|||50|]Incineroar||PasshoBerry|Intimidate|FlareBlitz,DarkestLariat,FakeOut,PartingShot|Impish||F|||50|]Garchomp||LifeOrb|RoughSkin|Earthquake,Protect,DragonClaw,StompingTantrum|Jolly||M|||50|]Farigiraf||SitrusBerry|ArmorTail|Psychic,Thunderbolt,TrickRoom,Protect|Bold||M|||50|
|showteam|p2|Incineroar||SitrusBerry|Intimidate|FlareBlitz,FakeOut,HelpingHand,PartingShot|Impish||M|||50|]Delphox||Delphoxite|Blaze|HeatWave,Psychic,NastyPlot,Protect|Timid||F|||50|]Sinistcha||KasibBerry|Hospitality|MatchaGotcha,RagePowder,LifeDew,Protect|Bold|||||50|]Kingambit||LifeOrb|Defiant|KowtowCleave,SuckerPunch,SwordsDance,Protect|Adamant||M|||50|]Blastoise||Blastoisinite|RainDish|WaterSpout,DarkPulse,ShellSmash,Protect|Modest||M|||50|]Sneasler||FocusSash|PoisonTouch|CloseCombat,PoisonJab,FakeOut,QuickGuard|Jolly||M|||50|
|inactive|Battle timer is ON: inactive players will automatically lose when time's up. (requested by Northgdh)
|inactive|marcosdeltasena31 has 60 seconds left.
|inactive|Northgdh has 60 seconds left.
|
|t:|1783985075
|teamsize|p1|4
|teamsize|p2|4
|start
|switch|p1a: Charizard|Charizard, L50, M, shiny|100/100
|switch|p1b: Aerodactyl|Aerodactyl, L50, M|100/100
|switch|p2a: purple|Delphox, L50, F, shiny|100/100
|switch|p2b: honeybee|Sneasler, L50, M|100/100
|-ability|p1b: Aerodactyl|Unnerve
|turn|1
|
|t:|1783985084
|switch|p1a: Farigiraf|Farigiraf, L50, M, shiny|100/100
|detailschange|p2a: purple|Delphox-Mega, L50, F, shiny
|-mega|p2a: purple|Delphox|Delphoxite
|move|p2b: honeybee|Fake Out||[still]
|cant|p1a: Farigiraf|ability: Armor Tail|Fake Out|[of] p2b: honeybee
|move|p2a: purple|Psychic|p1b: Aerodactyl
|-damage|p1b: Aerodactyl|29/100
|-unboost|p1b: Aerodactyl|spd|1
|move|p1b: Aerodactyl|Rock Slide|p2b: honeybee|[spread] p2a,p2b
|-supereffective|p2a: purple|1
|-resisted|p2b: honeybee|1
|-damage|p2a: purple|32/100
|-damage|p2b: honeybee|78/100
|
|upkeep
|turn|2
|
|t:|1783985101
|move|p2a: purple|Heat Wave|p1b: Aerodactyl|[spread] p1a,p1b
|-resisted|p1b: Aerodactyl|1
|-damage|p1a: Farigiraf|64/100
|-damage|p1b: Aerodactyl|0 fnt
|faint|p1b: Aerodactyl
|move|p2b: honeybee|Close Combat|p1a: Farigiraf
|-damage|p1a: Farigiraf|18/100
|-unboost|p2b: honeybee|def|1
|-unboost|p2b: honeybee|spd|1
|-status|p1a: Farigiraf|psn|[from] ability: Poison Touch|[of] p2b: honeybee
|-enditem|p1a: Farigiraf|Sitrus Berry|[eat]
|-heal|p1a: Farigiraf|43/100 psn|[from] item: Sitrus Berry
|move|p1a: Farigiraf|Trick Room|p1a: Farigiraf
|-fieldstart|move: Trick Room|[of] p1a: Farigiraf
|
|-damage|p1a: Farigiraf|31/100 psn|[from] psn
|upkeep
|
|t:|1783985105
|switch|p1b: Sylveon|Sylveon, L50, F|100/100
|turn|3
|inactive|Northgdh has 30 seconds left.
|
|t:|1783985133
|switch|p2b: the cure|Sinistcha, L50|100/100
|-heal|p2a: purple|56/100|[from] ability: Hospitality|[of] p2b: the cure
|move|p2a: purple|Protect|p2a: purple
|-singleturn|p2a: purple|Protect
|move|p1a: Farigiraf|Thunderbolt|p2a: purple
|-activate|p2a: purple|move: Protect
|move|p1b: Sylveon|Hyper Voice|p2b: the cure|[spread] p2b
|-activate|p2a: purple|move: Protect
|-damage|p2b: the cure|48/100
|
|-damage|p1a: Farigiraf|19/100 psn|[from] psn
|upkeep
|turn|4
|
|t:|1783985150
|switch|p2a: stupid song|Incineroar, L50, M, shiny|100/100
|-ability|p2a: stupid song|Intimidate|boost
|-unboost|p1a: Farigiraf|atk|1
|-unboost|p1b: Sylveon|atk|1
|move|p2b: the cure|Protect|p2b: the cure
|-singleturn|p2b: the cure|Protect
|move|p1a: Farigiraf|Thunderbolt|p2a: stupid song
|-damage|p2a: stupid song|77/100
|move|p1b: Sylveon|Hyper Voice|p2a: stupid song|[spread] p2a
|-activate|p2b: the cure|move: Protect
|-damage|p2a: stupid song|34/100
|-enditem|p2a: stupid song|Sitrus Berry|[eat]
|-heal|p2a: stupid song|58/100|[from] item: Sitrus Berry
|
|-damage|p1a: Farigiraf|7/100 psn|[from] psn
|upkeep
|turn|5
|
|t:|1783985170
|switch|p1a: Charizard|Charizard, L50, M, shiny|100/100
|move|p2a: stupid song|Parting Shot|p1b: Sylveon
|-unboost|p1b: Sylveon|atk|1
|-unboost|p1b: Sylveon|spa|1
|
|t:|1783985178
|switch|p2a: purple|Delphox-Mega, L50, F, shiny|56/100|[from] Parting Shot
|move|p2b: the cure|Matcha Gotcha|p1b: Sylveon|[spread] p1b
|-miss|p2b: the cure|p1a: Charizard
|-damage|p1b: Sylveon|79/100
|-heal|p2b: the cure|59/100|[from] drain|[of] p1b: Sylveon
|move|p1b: Sylveon|Hyper Voice|p2b: the cure|[spread] p2a,p2b
|-resisted|p2a: purple|1
|-damage|p2a: purple|43/100
|-damage|p2b: the cure|29/100
|
|upkeep
|turn|6
|inactive|Northgdh has 30 seconds left.
|
|t:|1783985206
|detailschange|p1a: Charizard|Charizard-Mega-Y, L50, M, shiny
|-mega|p1a: Charizard|Charizard|Charizardite Y
|-weather|SunnyDay|[from] ability: Drought|[of] p1a: Charizard
|move|p2b: the cure|Life Dew|p2b: the cure|[spread] p2a,p2b
|-heal|p2a: purple|68/100
|-heal|p2b: the cure|54/100
|move|p1b: Sylveon|Hyper Voice|p2b: the cure|[spread] p2a,p2b
|-resisted|p2a: purple|1
|-damage|p2a: purple|54/100
|-damage|p2b: the cure|19/100
|move|p1a: Charizard|Heat Wave|p2a: purple|[spread] p2a,p2b
|-resisted|p2a: purple|1
|-supereffective|p2b: the cure|1
|-damage|p2a: purple|25/100
|-damage|p2b: the cure|0 fnt
|faint|p2b: the cure
|move|p2a: purple|Nasty Plot|p2a: purple
|-boost|p2a: purple|spa|2
|
|-weather|SunnyDay|[upkeep]
|-fieldend|move: Trick Room
|upkeep
|
|t:|1783985224
|switch|p2b: honeybee|Sneasler, L50, M|78/100
|turn|7
|
|t:|1783985235
|switch|p1a: Farigiraf|Farigiraf, L50, M, shiny|7/100 psn
|move|p2a: purple|Psychic|p1a: Farigiraf
|-resisted|p1a: Farigiraf|1
|-damage|p1a: Farigiraf|0 fnt
|faint|p1a: Farigiraf
|move|p2b: honeybee|Poison Jab|p1b: Sylveon
|-supereffective|p1b: Sylveon|1
|-damage|p1b: Sylveon|0 fnt
|faint|p1b: Sylveon
|
|-weather|SunnyDay|[upkeep]
|upkeep
|
|t:|1783985244
|switch|p1b: Charizard|Charizard-Mega-Y, L50, M, shiny|100/100
|turn|8
|
|t:|1783985247
|move|p2a: purple|Psychic|p1b: Charizard
|-damage|p1b: Charizard|11/100
|move|p2b: honeybee|Poison Jab|p1b: Charizard
|-damage|p1b: Charizard|0 fnt
|faint|p1b: Charizard
|
|win|Northgdh
||marcosdeltasena31 is ready for game 2.
