|j|☆Slackermaru
|j|☆FinaPalomares
|html|SlackermaruFinaPalomares    
|uhtml|bestof|Game 2 of a best-of-3
|t:|1757155155
|gametype|doubles
|player|p1|Slackermaru|workerice|1500
|player|p2|FinaPalomares|170|1355
|gen|9
|tier|[Gen 9] VGC 2025 Reg H (Bo3)
|rated|
|rule|Species Clause: Limit one of each Pokémon
|rule|Item Clause: Limit 1 of each item
|clearpoke
|poke|p1|Rillaboom, L50, M|
|poke|p1|Dragonite, L50, M|
|poke|p1|Sneasler, L50, F|
|poke|p1|Kingambit, L50, F|
|poke|p1|Electabuzz, L50, F|
|poke|p1|Volcarona, L50, F|
|poke|p2|Indeedee-F, L50, F|
|poke|p2|Torkoal, L50, M|
|poke|p2|Ursaluna, L50, M|
|poke|p2|Hatterene, L50, F|
|poke|p2|Annihilape, L50, F|
|poke|p2|Gallade, L50, M|
|teampreview|4
|showteam|p1|Rillaboom||AssaultVest|GrassySurge|FakeOut,HighHorsepower,WoodHammer,GrassyGlide|||M|||50|,,,,,Fire]Dragonite||LoadedDice|Multiscale|ExtremeSpeed,ScaleShot,Protect,Haze|||M|||50|,,,,,Steel]Sneasler||FocusSash|Unburden|DireClaw,CloseCombat,FakeOut,Protect|||F|||50|,,,,,Stellar]Kingambit||SafetyGoggles|Defiant|KowtowCleave,SuckerPunch,SwordsDance,Protect|||F|||50|,,,,,Dark]Electabuzz||Eviolite|VitalSpirit|Thunderbolt,Taunt,FollowMe,Protect|||F|||50|,,,,,Ghost]Volcarona||Leftovers|FlameBody|HeatWave,TeraBlast,QuiverDance,Protect|||F|||50|,,,,,Fairy
|showteam|p2|Indeedee-F||RockyHelmet|PsychicSurge|Psychic,FollowMe,HelpingHand,TrickRoom|||F|||50|,,,,,Grass]Torkoal||Charcoal|Drought|Protect,Eruption,WeatherBall,ClearSmog|||M|||50|,,,,,Fire]Ursaluna||FlameOrb|Guts|Protect,Facade,HeadlongRush,Earthquake|||M|||50|,,,,,Ghost]Hatterene||LifeOrb|MagicBounce|Protect,ExpandingForce,DazzlingGleam,TrickRoom|||F|||50|,,,,,Water]Annihilape||ChoiceScarf|Defiant|CloseCombat,ShadowClaw,Uturn,FinalGambit|||F|||50|,,,,,Stellar]Gallade||ClearAmulet|Sharpness|WideGuard,SacredSword,PsychoCut,TrickRoom|||M|||50|,,,,,Grass
|
|t:|1757155193
|teamsize|p1|4
|teamsize|p2|4
|start
|switch|p1a: Kingambit|Kingambit, L50, F, shiny|100/100
|switch|p1b: Electabuzz|Electabuzz, L50, F|100/100
|switch|p2a: Torkoal|Torkoal, L50, M|100/100
|switch|p2b: Hatterene|Hatterene, L50, F|100/100
|-weather|SunnyDay|[from] ability: Drought|[of] p2a: Torkoal
|turn|1
|
|t:|1757155217
|-terastallize|p1a: Kingambit|Dark
|move|p1b: Electabuzz|Thunderbolt|p2b: Hatterene
|-damage|p2b: Hatterene|68/100
|-status|p2b: Hatterene|par
|move|p1a: Kingambit|Kowtow Cleave|p2b: Hatterene
|-damage|p2b: Hatterene|0 fnt
|faint|p2b: Hatterene
|move|p2a: Torkoal|Weather Ball|p1a: Kingambit
|-damage|p1a: Kingambit|31/100
|
|-weather|SunnyDay|[upkeep]
|upkeep
|
|t:|1757155229
|switch|p2b: Indeedee|Indeedee-F, L50, F|100/100
|-fieldstart|move: Psychic Terrain|[from] ability: Psychic Surge|[of] p2b: Indeedee
|turn|2
|
|t:|1757155239
|-terastallize|p2a: Torkoal|Fire
|move|p2b: Indeedee|Helping Hand|p2a: Torkoal
|-singleturn|p2a: Torkoal|Helping Hand|[of] p2b: Indeedee
|move|p1b: Electabuzz|Taunt|p2b: Indeedee
|-start|p2b: Indeedee|move: Taunt
|move|p1a: Kingambit|Kowtow Cleave|p2a: Torkoal
|-damage|p2a: Torkoal|49/100
|move|p2a: Torkoal|Eruption|p1b: Electabuzz|[spread] p1a,p1b
|-damage|p1a: Kingambit|0 fnt
|-damage|p1b: Electabuzz|34/100
|faint|p1a: Kingambit
|
|-weather|SunnyDay|[upkeep]
|upkeep
|
|t:|1757155254
|switch|p1a: Dragonite|Dragonite, L50, M, shiny|100/100
|turn|3
|
|t:|1757155266
|switch|p2b: Ursaluna|Ursaluna, L50, M|100/100
|move|p2a: Torkoal|Protect|p2a: Torkoal
|-singleturn|p2a: Torkoal|Protect
|move|p1b: Electabuzz|Thunderbolt|p2a: Torkoal
|-activate|p2a: Torkoal|move: Protect
|move|p1a: Dragonite|Scale Shot|p2a: Torkoal
|-activate|p2a: Torkoal|move: Protect
|
|-weather|SunnyDay|[upkeep]
|-status|p2b: Ursaluna|brn|[from] item: Flame Orb
|upkeep
|turn|4
|
|t:|1757155282
|switch|p2a: Indeedee|Indeedee-F, L50, F|100/100
|move|p1b: Electabuzz|Protect|p1b: Electabuzz
|-singleturn|p1b: Electabuzz|Protect
|move|p1a: Dragonite|Scale Shot|p2a: Indeedee
|-damage|p2a: Indeedee|86/100
|-damage|p2a: Indeedee|71/100
|-damage|p2a: Indeedee|58/100
|-damage|p2a: Indeedee|43/100
|-damage|p2a: Indeedee|28/100
|-hitcount|p2a: Indeedee|5
|-unboost|p1a: Dragonite|def|1
|-boost|p1a: Dragonite|spe|1
|move|p2b: Ursaluna|Facade|p1a: Dragonite
|-damage|p1a: Dragonite|11/100
|
|-weather|SunnyDay|[upkeep]
|-damage|p2b: Ursaluna|95/100 brn|[from] brn
|upkeep
|turn|5
|
|t:|1757155306
|switch|p2a: Torkoal|Torkoal, L50, M, tera:Fire|49/100
|move|p1a: Dragonite|Scale Shot|p2b: Ursaluna
|-damage|p2b: Ursaluna|84/100 brn
|-damage|p2b: Ursaluna|73/100 brn
|-damage|p2b: Ursaluna|60/100 brn
|-damage|p2b: Ursaluna|48/100 brn
|-hitcount|p2b: Ursaluna|4
|-unboost|p1a: Dragonite|def|1
|-boost|p1a: Dragonite|spe|1
|move|p1b: Electabuzz|Taunt|p2a: Torkoal
|-start|p2a: Torkoal|move: Taunt
|move|p2b: Ursaluna|Facade|p1b: Electabuzz
|-damage|p1b: Electabuzz|0 fnt
|faint|p1b: Electabuzz
|
|-weather|none
|-damage|p2b: Ursaluna|42/100 brn|[from] brn
|upkeep
|
|t:|1757155323
|switch|p1b: Rillaboom|Rillaboom, L50, M|100/100
|-fieldstart|move: Grassy Terrain|[from] ability: Grassy Surge|[of] p1b: Rillaboom
|turn|6
|
|t:|1757155338
|switch|p2a: Indeedee|Indeedee-F, L50, F|28/100
|-fieldstart|move: Psychic Terrain|[from] ability: Psychic Surge|[of] p2a: Indeedee
|move|p2b: Ursaluna|Protect|p2b: Ursaluna
|-singleturn|p2b: Ursaluna|Protect
|move|p1a: Dragonite|Scale Shot|p2a: Indeedee
|-damage|p2a: Indeedee|14/100
|-damage|p2a: Indeedee|0 fnt
|faint|p2a: Indeedee
|-hitcount|p2: Indeedee|2
|-unboost|p1a: Dragonite|def|1
|-boost|p1a: Dragonite|spe|1
|move|p1b: Rillaboom|Wood Hammer|p2b: Ursaluna
|-activate|p2b: Ursaluna|move: Protect
|
|-damage|p2b: Ursaluna|36/100 brn|[from] brn
|upkeep
|
|t:|1757155346
|switch|p2a: Torkoal|Torkoal, L50, M, tera:Fire|49/100
|-weather|SunnyDay|[from] ability: Drought|[of] p2a: Torkoal
|turn|7
|
|t:|1757155359
|move|p2b: Ursaluna|Protect||[still]
|-fail|p2b: Ursaluna
|move|p1a: Dragonite|Scale Shot|p2a: Torkoal
|-damage|p2a: Torkoal|39/100
|-damage|p2a: Torkoal|28/100
|-damage|p2a: Torkoal|18/100
|-damage|p2a: Torkoal|7/100
|-hitcount|p2a: Torkoal|4
|-unboost|p1a: Dragonite|def|1
|-boost|p1a: Dragonite|spe|1
|move|p1b: Rillaboom|Wood Hammer|p2b: Ursaluna
|-supereffective|p2b: Ursaluna
|-damage|p2b: Ursaluna|0 fnt
|faint|p2b: Ursaluna
|-damage|p1b: Rillaboom|88/100|[from] Recoil
|move|p2a: Torkoal|Weather Ball|p1b: Rillaboom
|-supereffective|p1b: Rillaboom
|-damage|p1b: Rillaboom|0 fnt
|faint|p1b: Rillaboom
|
|-weather|SunnyDay|[upkeep]
|upkeep
|turn|8
|inactive|Battle timer is ON: inactive players will automatically lose when time's up. (requested by FinaPalomares)
|
|t:|1757155388
|move|p1a: Dragonite|Scale Shot|p2a: Torkoal
|-damage|p2a: Torkoal|0 fnt
|faint|p2a: Torkoal
|-hitcount|p2: Torkoal|1
|
|win|Slackermaru
|raw|Slackermaru's rating: 1500 → 1512(+12 for winning)
|raw|FinaPalomares's rating: 1355 → 1343(-12 for losing)
|l|☆FinaPalomares
|player|p2|
