|j|☆kushala25
|j|☆vicswayze
|html|kushala25vicswayze    
|uhtml|bestof|Game 3 of a best-of-3
|t:|1782330400
|gametype|doubles
|player|p1|kushala25|marshal|1155
|player|p2|vicswayze|burglar|1176
|gen|9
|tier|[Gen 9 Champions] VGC 2026 Reg M-B (Bo3)
|rated|
|rule|Species Clause: Limit one of each Pokémon
|rule|Item Clause: Limit 1 of each item
|clearpoke
|poke|p1|Metagross, L50|
|poke|p1|Staraptor, L50, F|
|poke|p1|Milotic, L50, F|
|poke|p1|Whimsicott, L50, F|
|poke|p1|Typhlosion-Hisui, L50, M|
|poke|p1|Garchomp, L50, F|
|poke|p2|Mawile, L50, F|
|poke|p2|Staraptor, L50, M|
|poke|p2|Incineroar, L50, M|
|poke|p2|Farigiraf, L50, F|
|poke|p2|Blastoise, L50, M|
|poke|p2|Torkoal, L50, F|
|teampreview|4
|showteam|p1|Metagross||Metagrossite|ClearBody|PsychicFangs,MeteorMash,StompingTantrum,Trailblaze|Adamant|||||50|]Staraptor||Staraptite|Intimidate|CloseCombat,BraveBird,Protect,Roost|Jolly||F|||50|]Milotic||SitrusBerry|Competitive|Coil,MuddyWater,Recover,IceBeam|Calm||F|||50|]Whimsicott||FocusSash|Prankster|Moonblast,Tailwind,Charm,FakeTears|Modest||F|||50|]Typhlosion-Hisui||ChoiceScarf|Frisk|Eruption,HeatWave,ShadowBall,BurnUp|Timid||M|||50|]Garchomp||LifeOrb|RoughSkin|DragonClaw,RockTomb,StompingTantrum,PoisonJab|Jolly||F|||50|
|showteam|p2|Mawile||Mawilite|HyperCutter|PlayRough,SuckerPunch,RockSlide,Protect|Brave||F|||50|]Staraptor||ChoiceScarf|Intimidate|FinalGambit,BraveBird,CloseCombat,Uturn|Jolly||M|||50|]Incineroar||SitrusBerry|Intimidate|FlareBlitz,PartingShot,FakeOut,ThroatChop|Brave||M|||50|]Farigiraf||ColburBerry|ArmorTail|Psychic,HelpingHand,TrickRoom,Protect|Quiet||F|||50|]Blastoise||Blastoisinite|Torrent|FakeOut,DarkPulse,AuraSphere,WaterSpout|Quiet||M|||50|]Torkoal||Charcoal|Drought|Eruption,WeatherBall,SolarBeam,Protect|Quiet||F|||50|
|
|t:|1782330452
|teamsize|p1|4
|teamsize|p2|4
|start
|switch|p1a: Metagross|Metagross, L50|100/100
|switch|p1b: Milotic|Milotic, L50, F|100/100
|switch|p2a: Farigiraf|Farigiraf, L50, F|100/100
|switch|p2b: Blastoise|Blastoise, L50, M|100/100
|turn|1
|inactive|Battle timer is ON: inactive players will automatically lose when time's up. (requested by vicswayze)
|
|t:|1782330478
|detailschange|p1a: Metagross|Metagross-Mega, L50
|-mega|p1a: Metagross|Metagross|Metagrossite
|detailschange|p2b: Blastoise|Blastoise-Mega, L50, M
|-mega|p2b: Blastoise|Blastoise|Blastoisinite
|move|p2b: Blastoise|Fake Out|p1a: Metagross
|-resisted|p1a: Metagross|1
|-damage|p1a: Metagross|96/100
|cant|p1a: Metagross|flinch
|move|p1b: Milotic|Coil|p1b: Milotic
|-boost|p1b: Milotic|atk|1
|-boost|p1b: Milotic|def|1
|-boost|p1b: Milotic|accuracy|1
|move|p2a: Farigiraf|Trick Room|p2a: Farigiraf
|-fieldstart|move: Trick Room|[of] p2a: Farigiraf
|
|upkeep
|turn|2
|
|t:|1782330491
|move|p2a: Farigiraf|Helping Hand|p2b: Blastoise
|-singleturn|p2b: Blastoise|Helping Hand|[of] p2a: Farigiraf
|move|p2b: Blastoise|Water Spout|p1a: Metagross|[spread] p1a,p1b
|-resisted|p1b: Milotic|1
|-damage|p1a: Metagross|0 fnt
|-damage|p1b: Milotic|73/100
|faint|p1a: Metagross
|move|p1b: Milotic|Muddy Water|p2b: Blastoise|[spread] p2a,p2b
|-resisted|p2b: Blastoise|1
|-damage|p2a: Farigiraf|77/100
|-damage|p2b: Blastoise|89/100
|
|upkeep
|
|t:|1782330502
|switch|p1a: Garchomp|Garchomp, L50, F|100/100
|turn|3
|
|t:|1782330508
|move|p2a: Farigiraf|Helping Hand|p2b: Blastoise
|-singleturn|p2b: Blastoise|Helping Hand|[of] p2a: Farigiraf
|move|p2b: Blastoise|Water Spout|p1a: Garchomp|[spread] p1a,p1b
|-resisted|p1b: Milotic|1
|-damage|p1a: Garchomp|3/100
|-damage|p1b: Milotic|48/100
|-enditem|p1b: Milotic|Sitrus Berry|[eat]
|-heal|p1b: Milotic|73/100|[from] item: Sitrus Berry
|move|p1b: Milotic|Muddy Water|p2b: Blastoise|[spread] p2a,p2b
|-resisted|p2b: Blastoise|1
|-damage|p2a: Farigiraf|54/100
|-damage|p2b: Blastoise|80/100
|move|p1a: Garchomp|Dragon Claw|p2b: Blastoise
|-damage|p2b: Blastoise|36/100
|-damage|p1a: Garchomp|0 fnt|[from] item: Life Orb
|faint|p1a: Garchomp
|
|upkeep
|
|t:|1782330523
|switch|p1a: Typhlosion|Typhlosion-Hisui, L50, M|100/100
|-item|p2a: Farigiraf|Colbur Berry|[from] ability: Frisk|[of] p1a: Typhlosion
|-item|p2b: Blastoise|Blastoisinite|[from] ability: Frisk|[of] p1a: Typhlosion
|turn|4
|
|t:|1782330534
|move|p2a: Farigiraf|Helping Hand|p2b: Blastoise
|-singleturn|p2b: Blastoise|Helping Hand|[of] p2a: Farigiraf
|move|p2b: Blastoise|Dark Pulse|p1a: Typhlosion
|-supereffective|p1a: Typhlosion|1
|-damage|p1a: Typhlosion|0 fnt
|faint|p1a: Typhlosion
|move|p1b: Milotic|Muddy Water|p2a: Farigiraf|[spread] p2a,p2b
|-resisted|p2b: Blastoise|1
|-damage|p2a: Farigiraf|32/100
|-damage|p2b: Blastoise|25/100
|
|upkeep
|turn|5
|-message|kushala25 forfeited.
|raw|kushala25's rating: 1155 → 1132(-23 for losing)
|raw|vicswayze's rating: 1176 → 1199(+23 for winning)
|
|win|vicswayze
|l|☆kushala25
|player|p1|
|c|☆vicswayze|gg
