|j|☆Sorarrian
|j|☆poppyv
|html|Sorarrianpoppyv    
|uhtml|bestof|Game 1 of a best-of-3
|t:|1785899451
|gametype|doubles
|player|p1|Sorarrian|cynthia|
|player|p2|poppyv|1|
|gen|9
|tier|[Gen 9 Champions] VGC 2026 Reg M-B (Bo3)
|rule|Species Clause: Limit one of each Pokémon
|rule|Item Clause: Limit 1 of each item
|clearpoke
|poke|p1|Dragapult, L50, F|
|poke|p1|Florges, L50, F|
|poke|p1|Orthworm, L50, F|
|poke|p1|Gyarados, L50, F, shiny|
|poke|p1|Eelektross, L50, F|
|poke|p1|Kommo-o, L50, F|
|poke|p2|Glaceon, L50, M|
|poke|p2|Ceruledge, L50, F|
|poke|p2|Raichu, L50, M|
|poke|p2|Feraligatr, L50, F|
|poke|p2|Scolipede, L50, M|
|poke|p2|Dragonite, L50, M|
|teampreview|4
|showteam|p1|Dragapult||FocusSash|Infiltrator|ThunderWave,DragonTail,PhantomForce,Protect|Jolly||F|||50|]Florges||Leftovers|Symbiosis|DazzlingGleam,Psychic,PollenPuff,Protect|Modest||F|||50|]Orthworm||SitrusBerry|EarthEater|IronDefense,BodyPress,StealthRock,Protect|Impish||F|||50|]Gyarados||WacanBerry|Intimidate|Waterfall,Earthquake,Crunch,Protect|Jolly||F|||50|]Eelektross||Eelektrossite|Levitate|Thunderbolt,Flamethrower,GigaDrain,Uturn|Modest||F|||50|]Kommo-o||ExpertBelt|Soundproof|ClangingScales,Flamethrower,AuraSphere,Protect|Modest||F|||50|
|showteam|p2|Glaceon||BrightPowder|SnowCloak|Snowscape,IceBeam,FreezeDry,Charm|Modest||M|||50|]Ceruledge||ChoiceScarf|FlashFire|BitterBlade,PoisonJab,Disable,Poltergeist|Adamant||F|||50|]Raichu||RaichuniteX|LightningRod|VoltTackle,DrainPunch,Trailblaze,PlayRough|Jolly||M|||50|]Feraligatr||LifeOrb|SheerForce|Liquidation,IcePunch,Crunch,DragonDance|Adamant||F|||50|]Scolipede||Scolipite|SpeedBoost|Protect,Earthquake,SteelRoller,PoisonJab|Adamant||M|||50|]Dragonite||FocusSash|Multiscale|DragonTail,BodySlam,Blizzard,Protect|Brave||M|||50|
|
|t:|1785899531
|teamsize|p1|4
|teamsize|p2|4
|start
|switch|p1a: Eelektross|Eelektross, L50, F|100/100
|switch|p1b: Kommo-o|Kommo-o, L50, F|100/100
|switch|p2a: nick|Scolipede, L50, M|100/100
|switch|p2b: brendo|Feraligatr, L50, F|100/100
|turn|1
|
|t:|1785899551
|switch|p2a: shane|Raichu, L50, M|100/100
|move|p1b: Kommo-o|Flamethrower|p2a: shane
|-damage|p2a: shane|54/100
|move|p1a: Eelektross|Thunderbolt|p2a: shane
|-activate|p2a: shane|ability: Lightning Rod
|-ability|p2a: shane|Lightning Rod|boost
|-boost|p2a: shane|spa|1
|move|p2b: brendo|Dragon Dance|p2b: brendo
|-boost|p2b: brendo|atk|1
|-boost|p2b: brendo|spe|1
|
|upkeep
|turn|2
|
|t:|1785899596
|detailschange|p2a: shane|Raichu-Mega-X, L50, M
|-mega|p2a: shane|Raichu|Raichunite X
|-fieldstart|move: Electric Terrain|[from] ability: Electric Surge|[of] p2a: shane
|detailschange|p1a: Eelektross|Eelektross-Mega, L50, F
|-mega|p1a: Eelektross|Eelektross|Eelektrossite
|move|p2a: shane|Drain Punch|p1b: Kommo-o
|-damage|p1b: Kommo-o|79/100
|-heal|p2a: shane|67/100|[from] drain|[of] p1b: Kommo-o
|move|p2b: brendo|Ice Punch|p1b: Kommo-o
|-supereffective|p1b: Kommo-o|1
|-damage|p1b: Kommo-o|0 fnt
|faint|p1b: Kommo-o
|move|p1a: Eelektross|Thunderbolt|p2b: brendo
|-supereffective|p2b: brendo|1
|-damage|p2b: brendo|0 fnt
|faint|p2b: brendo
|-ability|p1a: Eelektross|Eelevate|boost
|-boost|p1a: Eelektross|spa|1
|
|upkeep
|
|t:|1785899618
|switch|p1b: Gyarados|Gyarados, L50, F, shiny|100/100
|switch|p2b: nick|Scolipede, L50, M|100/100
|-ability|p1b: Gyarados|Intimidate|boost
|-unboost|p2a: shane|atk|1
|-unboost|p2b: nick|atk|1
|turn|3
|
|t:|1785899636
|move|p2b: nick|Protect|p2b: nick
|-singleturn|p2b: nick|Protect
|move|p2a: shane|Volt Tackle|p1b: Gyarados
|-supereffective|p1b: Gyarados|2
|-enditem|p1b: Gyarados|Wacan Berry|[eat]
|-enditem|p1b: Gyarados|Wacan Berry|[weaken]
|-damage|p1b: Gyarados|0 fnt
|faint|p1b: Gyarados
|-damage|p2a: shane|26/100|[from] Recoil
|move|p1a: Eelektross|Flamethrower|p2b: nick
|-activate|p2b: nick|move: Protect
|
|-ability|p2b: nick|Speed Boost|boost
|-boost|p2b: nick|spe|1
|upkeep
|
|t:|1785899650
|switch|p1b: Orthworm|Orthworm, L50, F|100/100
|turn|4
|
|t:|1785899675
|move|p2b: nick|Steel Roller|p1a: Eelektross
|-resisted|p1a: Eelektross|1
|-damage|p1a: Eelektross|81/100
|-fieldend|move: Electric Terrain
|move|p2a: shane|Drain Punch|p1b: Orthworm
|-supereffective|p1b: Orthworm|1
|-damage|p1b: Orthworm|74/100
|-heal|p2a: shane|40/100|[from] drain|[of] p1b: Orthworm
|move|p1a: Eelektross|Flamethrower|p2a: shane
|-damage|p2a: shane|0 fnt
|faint|p2a: shane
|-ability|p1a: Eelektross|Eelevate|boost
|-boost|p1a: Eelektross|spa|1
|move|p1b: Orthworm|Stealth Rock|p2b: nick
|-sidestart|p2: poppyv|move: Stealth Rock
|
|-ability|p2b: nick|Speed Boost|boost
|-boost|p2b: nick|spe|1
|upkeep
|
|t:|1785899690
|switch|p2a: deanna|Glaceon, L50, M|100/100
|-damage|p2a: deanna|75/100|[from] Stealth Rock
|turn|5
|
|t:|1785899705
|move|p2b: nick|Protect|p2b: nick
|-singleturn|p2b: nick|Protect
|move|p1a: Eelektross|Flamethrower|p2b: nick
|-activate|p2b: nick|move: Protect
|move|p1b: Orthworm|Body Press|p2a: deanna
|-supereffective|p2a: deanna|1
|-damage|p2a: deanna|14/100
|move|p2a: deanna|Snowscape|p2a: deanna
|-weather|Snowscape
|
|-weather|Snowscape|[upkeep]
|-ability|p2b: nick|Speed Boost|boost
|-boost|p2b: nick|spe|1
|upkeep
|turn|6
|
|t:|1785899740
|move|p2b: nick|Poison Jab|p1a: Eelektross
|-damage|p1a: Eelektross|48/100
|move|p1a: Eelektross|Flamethrower|p2b: nick
|-supereffective|p2b: nick|1
|-damage|p2b: nick|0 fnt
|faint|p2b: nick
|-ability|p1a: Eelektross|Eelevate|boost
|-boost|p1a: Eelektross|spa|1
|move|p1b: Orthworm|Body Press|p2a: deanna
|-supereffective|p2a: deanna|1
|-crit|p2a: deanna
|-damage|p2a: deanna|0 fnt
|faint|p2a: deanna
|
|win|Sorarrian
|inactive|Sorarrian has 30 seconds to confirm battle start!
|inactive|poppyv has 30 seconds to confirm battle start!
|c|☆poppyv|nice
