|j|☆JHufself
|j|☆LivioVGC
|html|JHufselfLivioVGC    
|uhtml|bestof|Game 1 of a best-of-3
|t:|1782651843
|gametype|doubles
|player|p1|JHufself|cheren-gen5bw2|
|player|p2|LivioVGC|#smogonxnpa2026draftee2|
|gen|9
|tier|[Gen 9 Champions] VGC 2026 Reg M-B (Bo3)
|rule|Species Clause: Limit one of each Pokémon
|rule|Item Clause: Limit 1 of each item
|clearpoke
|poke|p1|Kangaskhan, L50, F|
|poke|p1|Garchomp, L50, M|
|poke|p1|Charizard, L50, M|
|poke|p1|Mawile, L50, F|
|poke|p1|Cofagrigus, L50, F|
|poke|p1|Milotic, L50, M|
|poke|p2|Garchomp, L50, F|
|poke|p2|Whimsicott, L50, F|
|poke|p2|Charizard, L50, M|
|poke|p2|Gholdengo, L50|
|poke|p2|Incineroar, L50, F|
|poke|p2|Floette-Eternal, L50, F|
|teampreview|4
|showteam|p1|Kangaskhan||SilkScarf|Scrappy|FakeOut,DoubleEdge,SunnyDay,BrickBreak|Adamant||F|||50|]Garchomp||LifeOrb|RoughSkin|RockSlide,Earthquake,DragonClaw,Protect|Jolly||M|||50|]Charizard||CharizarditeY|Blaze|HeatWave,WeatherBall,Protect,SolarBeam|Modest||M|||50|]Mawile||Mawilite|Intimidate|IronHead,RockSlide,SuckerPunch,Protect|Brave||F|||50|]Cofagrigus||Leftovers|Mummy|ShadowBall,TrickRoom,WillOWisp,BodyPress|Relaxed||F|||50|]Milotic||SitrusBerry|Competitive|Protect,Recover,Scald,IceBeam|Modest||M|||50|
|showteam|p2|Garchomp||LifeOrb|RoughSkin|Earthquake,RockSlide,Protect,DragonClaw|Jolly||F|||50|]Whimsicott||FocusSash|Prankster|Tailwind,Moonblast,Encore,Protect|Timid||F|||50|]Charizard||CharizarditeY|Blaze|HeatWave,WeatherBall,SolarBeam,Protect|Modest||M|||50|]Gholdengo||MetalCoat|GoodasGold|Protect,MakeItRain,ShadowBall,NastyPlot|Modest|||||50|]Incineroar||SitrusBerry|Intimidate|FlareBlitz,ThroatChop,PartingShot,FakeOut|Careful||F|||50|]Floette-Eternal||Floettite|FlowerVeil|Moonblast,DazzlingGleam,LightofRuin,Protect|Modest||F|||50|
|c|☆LivioVGC|glhf
|c|☆JHufself|glhf
|j| Harry Koekenpan
|j| MichaelderBeste2
|j| templevgc
|j| Idczaq
|j| pocket zyn
|
|t:|1782651962
|teamsize|p1|4
|teamsize|p2|4
|start
|switch|p1a: Kangaskhan|Kangaskhan, L50, F|100/100
|switch|p1b: Cofagrigus|Cofagrigus, L50, F|100/100
|switch|p2a: Charizard|Charizard, L50, M|100/100
|switch|p2b: Incineroar|Incineroar, L50, F|100/100
|-ability|p2b: Incineroar|Intimidate|boost
|-fail|p1a: Kangaskhan|unboost|Attack|[from] ability: Scrappy|[of] p1a: Kangaskhan
|-unboost|p1b: Cofagrigus|atk|1
|turn|1
|j| a spiral song
|
|t:|1782652026
|detailschange|p2a: Charizard|Charizard-Mega-Y, L50, M
|-mega|p2a: Charizard|Charizard|Charizardite Y
|-weather|SunnyDay|[from] ability: Drought|[of] p2a: Charizard
|move|p2a: Charizard|Weather Ball|p1b: Cofagrigus
|-damage|p1b: Cofagrigus|18/100
|move|p1a: Kangaskhan|Double-Edge|p2a: Charizard
|-crit|p2a: Charizard
|-damage|p2a: Charizard|2/100
|-damage|p1a: Kangaskhan|71/100|[from] Recoil
|move|p2b: Incineroar|Parting Shot|p1a: Kangaskhan
|-unboost|p1a: Kangaskhan|atk|1
|-unboost|p1a: Kangaskhan|spa|1
|j| val16
|
|t:|1782652052
|switch|p2b: Gholdengo|Gholdengo, L50|100/100|[from] Parting Shot
|move|p1b: Cofagrigus|Trick Room|p1b: Cofagrigus
|-fieldstart|move: Trick Room|[of] p1b: Cofagrigus
|
|-weather|SunnyDay|[upkeep]
|-heal|p1b: Cofagrigus|24/100|[from] item: Leftovers
|upkeep
|turn|2
|l| a spiral song
|j| a spiral song
|l| val16
|j| YOASOBI stan
|l| YOASOBI stan
|
|t:|1782652085
|switch|p1a: Milotic|Milotic, L50, M|100/100
|switch|p2b: Incineroar|Incineroar, L50, F|100/100
|-ability|p2b: Incineroar|Intimidate|boost
|-unboost|p1a: Milotic|atk|1
|-ability|p1a: Milotic|Competitive|boost
|-boost|p1a: Milotic|spa|2
|-unboost|p1b: Cofagrigus|atk|1
|move|p2a: Charizard|Protect|p2a: Charizard
|-singleturn|p2a: Charizard|Protect
|move|p1b: Cofagrigus|Shadow Ball|p2b: Incineroar
|-resisted|p2b: Incineroar|1
|-damage|p2b: Incineroar|88/100
|
|-weather|SunnyDay|[upkeep]
|-heal|p1b: Cofagrigus|30/100|[from] item: Leftovers
|upkeep
|turn|3
|j| carneyasada
|
|t:|1782652147
|move|p1b: Cofagrigus|Shadow Ball|p2a: Charizard
|-damage|p2a: Charizard|0 fnt
|faint|p2a: Charizard
|move|p1a: Milotic|Scald|p2b: Incineroar
|-supereffective|p2b: Incineroar|1
|-damage|p2b: Incineroar|33/100
|-enditem|p2b: Incineroar|Sitrus Berry|[eat]
|-heal|p2b: Incineroar|58/100|[from] item: Sitrus Berry
|move|p2b: Incineroar|Flare Blitz|p1b: Cofagrigus
|-damage|p1b: Cofagrigus|0 fnt
|-activate|p1b: Cofagrigus|ability: Mummy|p2b: Incineroar|[ability] Intimidate
|faint|p1b: Cofagrigus
|-damage|p2b: Incineroar|50/100y|[from] Recoil
|
|-weather|SunnyDay|[upkeep]
|upkeep
|j| A Regu1ar Guy
|j| WhimsicottTornadus
|
|t:|1782652163
|switch|p1b: Mawile|Mawile, L50, F|100/100
|switch|p2a: Gholdengo|Gholdengo, L50|100/100
|-ability|p1b: Mawile|Intimidate|boost
|-unboost|p2a: Gholdengo|atk|1
|-unboost|p2b: Incineroar|atk|1
|turn|4
|l| A Regu1ar Guy
|
|t:|1782652201
|detailschange|p1b: Mawile|Mawile-Mega, L50, F
|-mega|p1b: Mawile|Mawile|Mawilite
|move|p1b: Mawile|Rock Slide|p2a: Gholdengo|[spread] p2a,p2b
|-resisted|p2a: Gholdengo|1
|-supereffective|p2b: Incineroar|1
|-damage|p2a: Gholdengo|83/100
|-damage|p2b: Incineroar|0 fnt
|faint|p2b: Incineroar
|move|p1a: Milotic|Scald|p2a: Gholdengo
|-damage|p2a: Gholdengo|45/100
|-status|p2a: Gholdengo|brn
|move|p2a: Gholdengo|Nasty Plot|p2a: Gholdengo
|-boost|p2a: Gholdengo|spa|2
|
|-weather|SunnyDay|[upkeep]
|-damage|p2a: Gholdengo|39/100 brn|[from] brn
|upkeep
|j| Teenspirit07
|
|t:|1782652211
|switch|p2b: Garchomp|Garchomp, L50, F|100/100
|turn|5
|
|t:|1782652246
|switch|p1b: Kangaskhan|Kangaskhan, L50, F|71/100
|move|p2b: Garchomp|Protect|p2b: Garchomp
|-singleturn|p2b: Garchomp|Protect
|move|p1a: Milotic|Ice Beam|p2b: Garchomp
|-activate|p2b: Garchomp|move: Protect
|move|p2a: Gholdengo|Nasty Plot|p2a: Gholdengo
|-boost|p2a: Gholdengo|spa|2
|
|-weather|none
|-damage|p2a: Gholdengo|33/100 brn|[from] brn
|-fieldend|move: Trick Room
|upkeep
|turn|6
|
|t:|1782652270
|move|p1b: Kangaskhan|Fake Out|p2a: Gholdengo
|-resisted|p2a: Gholdengo|1
|-damage|p2a: Gholdengo|23/100 brn
|move|p2b: Garchomp|Rock Slide|p1b: Kangaskhan|[spread] p1a,p1b
|-damage|p1a: Milotic|74/100
|-damage|p1b: Kangaskhan|50/100g
|-damage|p2b: Garchomp|90/100|[from] item: Life Orb
|cant|p2a: Gholdengo|flinch
|move|p1a: Milotic|Ice Beam|p2b: Garchomp
|-supereffective|p2b: Garchomp|2
|-damage|p2b: Garchomp|0 fnt
|faint|p2b: Garchomp
|
|-damage|p2a: Gholdengo|17/100 brn|[from] brn
|upkeep
|turn|7
|
|t:|1782652280
|move|p2a: Gholdengo|Make It Rain|p1b: Kangaskhan|[spread] p1a,p1b
|-resisted|p1a: Milotic|1
|-damage|p1a: Milotic|12/100
|-damage|p1b: Kangaskhan|0 fnt
|-unboost|p2a: Gholdengo|spa|2
|-enditem|p1a: Milotic|Sitrus Berry|[eat]
|-heal|p1a: Milotic|37/100|[from] item: Sitrus Berry
|faint|p1b: Kangaskhan
|move|p1a: Milotic|Scald|p2a: Gholdengo
|-damage|p2a: Gholdengo|0 fnt
|faint|p2a: Gholdengo
|
|win|JHufself
||JHufself is ready for game 2.
||LivioVGC is ready for game 2.
|uhtml|next|Next: Game 2 of 3
|l| Idczaq
|l| WhimsicottTornadus
|j| WhimsicottTornadus
|l| WhimsicottTornadus
|j| YOASOBI stan
|l| YOASOBI stan
|j| val16
|j| A Regu1ar Guy
|l| A Regu1ar Guy
|l| pocket zyn
|j| A Regu1ar Guy
|l| A Regu1ar Guy
|l| MichaelderBeste2
|l| Harry Koekenpan
|l| carneyasada
|l| val16
|j| LeunamTG
|l| Teenspirit07
|j| hiyopon
|l| templevgc
|l| a spiral song
|l| hiyopon
|j| A Regu1ar Guy
|l| A Regu1ar Guy
|j| RK_pocoyo
