|j|☆BigE3L
|j|☆Milanmirchandani
|html|BigE3LMilanmirchandani    
|uhtml|bestof|Game 2 of a best-of-3
|t:|1757727971
|gametype|doubles
|player|p1|BigE3L|gambler|1238
|player|p2|Milanmirchandani|101|1183
|gen|9
|tier|[Gen 9] VGC 2025 Reg H (Bo3)
|rated|
|rule|Species Clause: Limit one of each Pokémon
|rule|Item Clause: Limit 1 of each item
|clearpoke
|poke|p1|Torkoal, L50, F|
|poke|p1|Porygon2, L50|
|poke|p1|Ursaluna, L50, M|
|poke|p1|Rillaboom, L50, F|
|poke|p1|Lilligant-Hisui, L50, F|
|poke|p1|Ninetales, L50, M|
|poke|p2|Incineroar, L50, M|
|poke|p2|Murkrow, L50, F|
|poke|p2|Garchomp, L50, M|
|poke|p2|Gholdengo, L50|
|poke|p2|Volcarona, L50, M|
|poke|p2|Maushold, L50|
|teampreview|4
|showteam|p1|Torkoal||Charcoal|Drought|Eruption,EarthPower,HeatWave,Protect|||F|||50|,,,,,Ghost]Porygon2||Eviolite|Download|TrickRoom,Recover,TeraBlast,IceBeam||||||50|,,,,,Grass]Ursaluna||FlameOrb|Guts|Facade,HeadlongRush,Earthquake,Protect|||M|||50|,,,,,Ghost]Rillaboom||AssaultVest|GrassySurge|FakeOut,GrassyGlide,WoodHammer,HighHorsepower|||F|||50|,,,,,Fire]Lilligant-Hisui||CovertCloak|Chlorophyll|Protect,SleepPowder,AfterYou,LeafBlade|||F|||50|,,,,,Water]Ninetales||FocusSash|Drought|ScorchingSands,WeatherBall,Protect,SolarBeam|||M|||50|,,,,,Grass
|showteam|p2|Incineroar||SafetyGoggles|Intimidate|FakeOut,PartingShot,KnockOff,FlareBlitz|||M|||50|,,,,,Ghost]Murkrow||Eviolite|Prankster|Tailwind,FoulPlay,SunnyDay,Protect|||F|||50|,,,,,Steel]Garchomp||ClearAmulet|RoughSkin|Earthquake,RockSlide,DragonClaw,Protect|||M|||50|,,,,,Steel]Gholdengo||LifeOrb|GoodasGold|MakeItRain,ShadowBall,NastyPlot,Protect||||||50|,,,,,Water]Volcarona||Charcoal|FlameBody|Flamethrower,HeatWave,Overheat,Protect|||M|||50|,,,,,Fire]Maushold||WideLens|Technician|FollowMe,PopulationBomb,Protect,Encore||||||50|,,,,,Ghost
|inactive|Battle timer is ON: inactive players will automatically lose when time's up. (requested by Milanmirchandani)
|
|t:|1757728009
|teamsize|p1|4
|teamsize|p2|4
|start
|switch|p1a: Lilligant|Lilligant-Hisui, L50, F|100/100
|switch|p1b: Torkoal|Torkoal, L50, F|100/100
|switch|p2a: Incineroar|Incineroar, L50, M|100/100
|switch|p2b: Gholdengo|Gholdengo, L50|100/100
|-ability|p2a: Incineroar|Intimidate|boost
|-unboost|p1a: Lilligant|atk|1
|-unboost|p1b: Torkoal|atk|1
|-weather|SunnyDay|[from] ability: Drought|[of] p1b: Torkoal
|turn|1
|inactive|BigE3L has 30 seconds left.
|inactive|Milanmirchandani has 30 seconds left.
|inactive|BigE3L has 20 seconds left.
|inactive|BigE3L has 15 seconds left.
|inactive|Milanmirchandani has 20 seconds left.
|inactive|BigE3L has 10 seconds left.
|inactive|BigE3L has 5 seconds left.
|
|t:|1757728062
|-terastallize|p1b: Torkoal|Ghost
|move|p2b: Gholdengo|Protect|p2b: Gholdengo
|-singleturn|p2b: Gholdengo|Protect
|move|p1a: Lilligant|Leaf Blade|p2b: Gholdengo
|-activate|p2b: Gholdengo|move: Protect
|move|p2a: Incineroar|Flare Blitz|p1a: Lilligant
|-supereffective|p1a: Lilligant
|-damage|p1a: Lilligant|0 fnt
|faint|p1a: Lilligant
|-damage|p2a: Incineroar|77/100|[from] Recoil
|move|p1b: Torkoal|Eruption|p2a: Incineroar|[spread] p2a
|-activate|p2b: Gholdengo|move: Protect
|-resisted|p2a: Incineroar
|-damage|p2a: Incineroar|47/100
|
|-weather|SunnyDay|[upkeep]
|upkeep
|
|t:|1757728074
|switch|p1a: Ninetales|Ninetales, L50, M|100/100
|turn|2
|inactive|Milanmirchandani has 30 seconds left.
|inactive|Milanmirchandani has 20 seconds left.
|
|t:|1757728113
|switch|p2b: Volcarona|Volcarona, L50, M|100/100
|switch|p1b: Rillaboom|Rillaboom, L50, F|100/100
|-fieldstart|move: Grassy Terrain|[from] ability: Grassy Surge|[of] p1b: Rillaboom
|move|p1a: Ninetales|Weather Ball|p2b: Volcarona
|-damage|p2b: Volcarona|37/100
|move|p2a: Incineroar|Parting Shot|p1a: Ninetales
|-unboost|p1a: Ninetales|atk|1
|-unboost|p1a: Ninetales|spa|1
|
|t:|1757728129
|switch|p2a: Garchomp|Garchomp, L50, M|100/100|[from] Parting Shot
|
|-weather|SunnyDay|[upkeep]
|-heal|p2b: Volcarona|43/100|[from] Grassy Terrain
|upkeep
|turn|3
|inactive|BigE3L has 30 seconds left.
|
|t:|1757728158
|switch|p1a: Torkoal|Torkoal, L50, F, tera:Ghost|100/100
|move|p2a: Garchomp|Protect|p2a: Garchomp
|-singleturn|p2a: Garchomp|Protect
|move|p2b: Volcarona|Protect|p2b: Volcarona
|-singleturn|p2b: Volcarona|Protect
|move|p1b: Rillaboom|Wood Hammer|p2a: Garchomp
|-activate|p2a: Garchomp|move: Protect
|
|-weather|SunnyDay|[upkeep]
|-heal|p2b: Volcarona|49/100|[from] Grassy Terrain
|upkeep
|turn|4
|inactive|Milanmirchandani has 30 seconds left.
|inactive|Milanmirchandani has 20 seconds left.
|inactive|Milanmirchandani has 15 seconds left.
|
|t:|1757728201
|move|p2a: Garchomp|Dragon Claw|p1a: Torkoal
|-damage|p1a: Torkoal|67/100
|move|p2b: Volcarona|Heat Wave|p1a: Torkoal|[spread] p1a
|-miss|p2b: Volcarona|p1b: Rillaboom
|-damage|p1a: Torkoal|0 fnt
|faint|p1a: Torkoal
|move|p1b: Rillaboom|Wood Hammer|p2a: Garchomp
|-damage|p2a: Garchomp|24/100
|-damage|p1b: Rillaboom|88/100|[from] ability: Rough Skin|[of] p2a: Garchomp
|-damage|p1b: Rillaboom|64/100|[from] Recoil
|
|-weather|SunnyDay|[upkeep]
|-heal|p2a: Garchomp|30/100|[from] Grassy Terrain
|-heal|p2b: Volcarona|55/100|[from] Grassy Terrain
|-heal|p1b: Rillaboom|70/100|[from] Grassy Terrain
|upkeep
|
|t:|1757728210
|switch|p1a: Ninetales|Ninetales, L50, M|100/100
|turn|5
|
|t:|1757728221
|move|p2a: Garchomp|Protect|p2a: Garchomp
|-singleturn|p2a: Garchomp|Protect
|move|p2b: Volcarona|Protect|p2b: Volcarona
|-singleturn|p2b: Volcarona|Protect
|move|p1a: Ninetales|Weather Ball|p2b: Volcarona
|-activate|p2b: Volcarona|move: Protect
|move|p1b: Rillaboom|Wood Hammer|p2a: Garchomp
|-activate|p2a: Garchomp|move: Protect
|
|-weather|none
|-heal|p2a: Garchomp|36/100|[from] Grassy Terrain
|-heal|p2b: Volcarona|61/100|[from] Grassy Terrain
|-heal|p1b: Rillaboom|77/100|[from] Grassy Terrain
|upkeep
|turn|6
|-message|BigE3L forfeited.
|
|win|Milanmirchandani
|l|☆BigE3L
|player|p1|
||Milanmirchandani is ready for game 3.
||BigE3L is ready for game 3.
|uhtml|next|Next: Game 3 of 3
