|j|☆MetaknightXIII
|j|☆MarillRag1
|html|MetaknightXIIIMarillRag1    
|uhtml|bestof|Game 3 of a best-of-3
|t:|1785651821
|gametype|doubles
|player|p1|MetaknightXIII|veteran|1230
|player|p2|MarillRag1|169|1320
|gen|9
|tier|[Gen 9 Champions] VGC 2026 Reg M-B (Bo3)
|rated|
|rule|Species Clause: Limit one of each Pokémon
|rule|Item Clause: Limit 1 of each item
|clearpoke
|poke|p1|Staraptor, L50, M|
|poke|p1|Delphox, L50, M, shiny|
|poke|p1|Glimmora, L50, M|
|poke|p1|Garchomp, L50, F|
|poke|p1|Whimsicott, L50, M|
|poke|p1|Kingambit, L50, F|
|poke|p2|Charizard, L50, M|
|poke|p2|Kingambit, L50, F|
|poke|p2|Whimsicott, L50, F|
|poke|p2|Ninetales-Alola, L50, M|
|poke|p2|Kommo-o, L50, M|
|poke|p2|Glimmora, L50, F|
|teampreview|4
|showteam|p1|Staraptor||Staraptite|Intimidate|CloseCombat,DualWingbeat,Roost,Protect|Jolly||M|||50|]Delphox||Delphoxite|Blaze|HeatWave,Psyshock,Substitute,Protect|Modest||M|||50|]Glimmora||FocusSash|ToxicDebris|PowerGem,SludgeBomb,EarthPower,SpikyShield|Timid||M|||50|]Garchomp||LifeOrb|RoughSkin|Earthquake,DragonClaw,RockSlide,Protect|Jolly||F|||50|]Whimsicott||OccaBerry|Prankster|Moonblast,Tailwind,Charm,LightScreen|Timid||M|||50|]Kingambit||ChopleBerry|Defiant|KowtowCleave,IronHead,SuckerPunch,LowKick|Adamant||F|||50|
|showteam|p2|Charizard||CharizarditeY|Blaze|Protect,HeatWave,SolarBeam,WeatherBall|Modest||M|||50|]Kingambit||BlackGlasses|Defiant|Protect,KowtowCleave,IronHead,SuckerPunch|Adamant||F|||50|]Whimsicott||FocusSash|Prankster|Protect,Moonblast,Tailwind,Encore|Timid||F|||50|]Ninetales-Alola||NeverMeltIce|SnowWarning|Protect,Blizzard,Disable,FreezeDry|Timid||M|||50|]Kommo-o||LifeOrb|Overcoat|Protect,AuraSphere,ClangingScales,VacuumWave|Modest||M|||50|]Glimmora||Glimmoranite|ToxicDebris|SpikyShield,SludgeBomb,PowerGem,EarthPower|Modest||F|||50|
|
|t:|1785651861
|teamsize|p1|4
|teamsize|p2|4
|start
|switch|p1a: Glimmora|Glimmora, L50, M|100/100
|switch|p1b: Delphox|Delphox, L50, M, shiny|100/100
|switch|p2a: Whimsicott|Whimsicott, L50, F|100/100
|switch|p2b: Kommo-o|Kommo-o, L50, M|100/100
|turn|1
|
|t:|1785651875
|detailschange|p1b: Delphox|Delphox-Mega, L50, M, shiny
|-mega|p1b: Delphox|Delphox|Delphoxite
|move|p2a: Whimsicott|Protect|p2a: Whimsicott
|-singleturn|p2a: Whimsicott|Protect
|move|p2b: Kommo-o|Protect|p2b: Kommo-o
|-singleturn|p2b: Kommo-o|Protect
|move|p1b: Delphox|Heat Wave|p2b: Kommo-o|[spread] 
|-activate|p2a: Whimsicott|move: Protect
|-activate|p2b: Kommo-o|move: Protect
|move|p1a: Glimmora|Sludge Bomb|p2a: Whimsicott
|-activate|p2a: Whimsicott|move: Protect
|
|upkeep
|turn|2
|
|t:|1785651902
|move|p2a: Whimsicott|Tailwind|p2a: Whimsicott
|-sidestart|p2: MarillRag1|move: Tailwind
|move|p2b: Kommo-o|Clanging Scales|p1a: Glimmora|[spread] p1a,p1b
|-damage|p1a: Glimmora|30/100
|-damage|p1b: Delphox|49/100
|-unboost|p2b: Kommo-o|def|1
|-damage|p2b: Kommo-o|90/100|[from] item: Life Orb
|move|p1b: Delphox|Heat Wave|p2b: Kommo-o|[spread] p2a,p2b
|-supereffective|p2a: Whimsicott|1
|-resisted|p2b: Kommo-o|1
|-enditem|p2a: Whimsicott|Focus Sash
|-damage|p2a: Whimsicott|1/100
|-damage|p2b: Kommo-o|69/100
|move|p1a: Glimmora|Sludge Bomb|p2a: Whimsicott
|-supereffective|p2a: Whimsicott|2
|-damage|p2a: Whimsicott|0 fnt
|faint|p2a: Whimsicott
|
|upkeep
|
|t:|1785651934
|switch|p2a: Kingambit|Kingambit, L50, F|100/100
|turn|3
|
|t:|1785651968
|switch|p1b: Garchomp|Garchomp, L50, F|100/100
|switch|p1a: Kingambit|Kingambit, L50, F|100/100
|move|p2b: Kommo-o|Clanging Scales|p1a: Kingambit|[spread] p1a,p1b
|-resisted|p1a: Kingambit|1
|-supereffective|p1b: Garchomp|1
|-damage|p1a: Kingambit|76/100
|-damage|p1b: Garchomp|0 fnt
|faint|p1b: Garchomp
|-unboost|p2b: Kommo-o|def|1
|-damage|p2b: Kommo-o|59/100|[from] item: Life Orb
|move|p2a: Kingambit|Iron Head|p1a: Kingambit
|-resisted|p1a: Kingambit|1
|-crit|p1a: Kingambit
|-damage|p1a: Kingambit|51/100
|
|upkeep
|
|t:|1785651972
|switch|p1b: Glimmora|Glimmora, L50, M|30/100
|turn|4
|
|t:|1785651985
|move|p1b: Glimmora|Spiky Shield|p1b: Glimmora
|-singleturn|p1b: Glimmora|move: Protect
|move|p2b: Kommo-o|Vacuum Wave|p1a: Kingambit
|-supereffective|p1a: Kingambit|2
|-enditem|p1a: Kingambit|Chople Berry|[eat]
|-enditem|p1a: Kingambit|Chople Berry|[weaken]
|-damage|p1a: Kingambit|4/100
|-damage|p2b: Kommo-o|49/100|[from] item: Life Orb
|move|p2a: Kingambit|Sucker Punch||[still]
|-fail|p2a: Kingambit
|move|p1a: Kingambit|Sucker Punch||[still]
|-fail|p1a: Kingambit
|
|upkeep
|turn|5
|-message|MetaknightXIII forfeited.
|
|win|MarillRag1
|raw|MetaknightXIII's rating: 1230 → 1211(-19 for losing)
|raw|MarillRag1's rating: 1320 → 1335(+15 for winning)
|l|☆MetaknightXIII
|player|p1|
