|j|☆DttDMarce
|j|☆Lighting7157
|html|DttDMarceLighting7157    
|uhtml|bestof|Game 3 of a best-of-3
|t:|1784543087
|gametype|doubles
|player|p1|DttDMarce|1|1174
|player|p2|Lighting7157|102|1122
|gen|9
|tier|[Gen 9 Champions] VGC 2026 Reg M-B (Bo3)
|rated|
|rule|Species Clause: Limit one of each Pokémon
|rule|Item Clause: Limit 1 of each item
|clearpoke
|poke|p1|Charizard, L50, M|
|poke|p1|Kingambit, L50, F|
|poke|p1|Sylveon, L50, M|
|poke|p1|Garchomp, L50, F|
|poke|p1|Aerodactyl, L50, M|
|poke|p1|Farigiraf, L50, M|
|poke|p2|Staraptor, L50, F|
|poke|p2|Whimsicott, L50, F|
|poke|p2|Empoleon, L50, M|
|poke|p2|Ceruledge, L50, M|
|poke|p2|Manectric, L50, F|
|poke|p2|Ninetales-Alola, L50, F|
|teampreview|4
|showteam|p1|Charizard||CharizarditeY|SolarPower|Protect,HeatWave,SolarBeam,WeatherBall|Modest||M|||50|]Kingambit||FocusSash|Defiant|IronHead,SuckerPunch,KowtowCleave,LowKick|Adamant||F|||50|]Sylveon||FairyFeather|Pixilate|Detect,HyperVoice,HyperBeam,QuickAttack|Modest||M|||50|]Garchomp||LifeOrb|RoughSkin|Protect,DragonClaw,Earthquake,RockSlide|Jolly||F|||50|]Aerodactyl||Aerodactylite|Unnerve|IceFang,RockSlide,Tailwind,DualWingbeat|Jolly||M|||50|]Farigiraf||SitrusBerry|ArmorTail|TrickRoom,Psychic,Thunderbolt,Roar|Bold||M|||50|
|showteam|p2|Staraptor||Staraptite|Intimidate|CloseCombat,Protect,BraveBird,Roost|Adamant||F|||50|]Whimsicott||MentalHerb|Prankster|Tailwind,Charm,GigaDrain,Encore|Bold||F|||50|]Empoleon||ChopleBerry|Competitive|Protect,FlashCannon,HydroPump,IceBeam|Modest||M|||50|]Ceruledge||LifeOrb|FlashFire|BitterBlade,Protect,ShadowSneak,BulkUp|Jolly||M|||50|]Manectric||FocusSash|LightningRod|Protect,VoltSwitch,Snarl,Thunderbolt|Timid||F|||50|]Ninetales-Alola||LightClay|SnowWarning|Blizzard,AuroraVeil,FreezeDry,Protect|Modest||F|||50|
|inactive|Battle timer is ON: inactive players will automatically lose when time's up. (requested by Lighting7157)
|inactive|DttDMarce has 60 seconds left.
|inactive|DttDMarce has 30 seconds left.
|inactive|DttDMarce has 20 seconds left.
|inactive|DttDMarce has 15 seconds left.
|
|t:|1784543188
|teamsize|p1|4
|teamsize|p2|4
|start
|switch|p1a: Farigiraf|Farigiraf, L50, M|100/100
|switch|p1b: Charizard|Charizard, L50, M|100/100
|switch|p2a: Staraptor|Staraptor, L50, F|100/100
|switch|p2b: Whimsicott|Whimsicott, L50, F|100/100
|-ability|p2a: Staraptor|Intimidate|boost
|-unboost|p1a: Farigiraf|atk|1
|-unboost|p1b: Charizard|atk|1
|turn|1
|inactive|DttDMarce has 30 seconds left.
|
|t:|1784543218
|switch|p1a: Sylveon|Sylveon, L50, M|100/100
|detailschange|p2a: Staraptor|Staraptor-Mega, L50, F
|-mega|p2a: Staraptor|Staraptor|Staraptite
|detailschange|p1b: Charizard|Charizard-Mega-Y, L50, M
|-mega|p1b: Charizard|Charizard|Charizardite Y
|-weather|SunnyDay|[from] ability: Drought|[of] p1b: Charizard
|move|p2b: Whimsicott|Charm|p2a: Staraptor
|-boost|p2a: Staraptor|atk|2
|move|p2a: Staraptor|Close Combat|p1a: Sylveon
|-resisted|p1a: Sylveon|1
|-damage|p1a: Sylveon|15/100
|-boost|p2a: Staraptor|def|1
|-boost|p2a: Staraptor|spd|1
|move|p1b: Charizard|Weather Ball|p2a: Staraptor
|-damage|p2a: Staraptor|30/100
|
|-weather|SunnyDay|[upkeep]
|upkeep
|turn|2
|inactive|DttDMarce has 30 seconds left.
|inactive|Lighting7157 has 30 seconds left.
|inactive|Lighting7157 has 20 seconds left.
|inactive|Lighting7157 has 15 seconds left.
|
|t:|1784543260
|move|p2b: Whimsicott|Tailwind|p2b: Whimsicott
|-sidestart|p2: Lighting7157|move: Tailwind
|move|p2a: Staraptor|Brave Bird|p1b: Charizard
|-damage|p1b: Charizard|0 fnt
|faint|p1b: Charizard
|-damage|p2a: Staraptor|0 fnt|[from] Recoil
|faint|p2a: Staraptor
|move|p1a: Sylveon|Hyper Voice|p2b: Whimsicott
|-damage|p2b: Whimsicott|23/100
|
|-weather|SunnyDay|[upkeep]
|upkeep
|inactive|DttDMarce has 30 seconds left.
|
|t:|1784543285
|switch|p2a: Empoleon|Empoleon, L50, M|100/100
|switch|p1b: Garchomp|Garchomp, L50, F|100/100
|turn|3
|
|t:|1784543309
|move|p1a: Sylveon|Detect|p1a: Sylveon
|-singleturn|p1a: Sylveon|Protect
|move|p2b: Whimsicott|Giga Drain|p1a: Sylveon
|-activate|p1a: Sylveon|move: Protect
|move|p1b: Garchomp|Earthquake|p2b: Whimsicott|[spread] p2a,p2b
|-activate|p1a: Sylveon|move: Protect
|-supereffective|p2a: Empoleon|1
|-resisted|p2b: Whimsicott|1
|-damage|p2a: Empoleon|7/100
|-damage|p2b: Whimsicott|2/100
|-damage|p1b: Garchomp|90/100|[from] item: Life Orb
|move|p2a: Empoleon|Ice Beam|p1b: Garchomp
|-supereffective|p1b: Garchomp|2
|-damage|p1b: Garchomp|0 fnt
|faint|p1b: Garchomp
|
|-weather|SunnyDay|[upkeep]
|upkeep
|
|t:|1784543323
|switch|p1b: Farigiraf|Farigiraf, L50, M|100/100
|turn|4
|
|t:|1784543346
|move|p1a: Sylveon|Quick Attack|p2a: Empoleon
|-resisted|p2a: Empoleon|1
|-crit|p2a: Empoleon
|-damage|p2a: Empoleon|0 fnt
|faint|p2a: Empoleon
|move|p2b: Whimsicott|Giga Drain|p1a: Sylveon
|-damage|p1a: Sylveon|0 fnt
|-heal|p2b: Whimsicott|11/100|[from] drain|[of] p1a: Sylveon
|faint|p1a: Sylveon
|move|p1b: Farigiraf|Psychic|p2b: Whimsicott
|-damage|p2b: Whimsicott|0 fnt
|faint|p2b: Whimsicott
|
|-weather|SunnyDay|[upkeep]
|upkeep
|
|t:|1784543362
|switch|p2a: Manectric|Manectric, L50, F|100/100
|turn|5
|
|t:|1784543377
|move|p2a: Manectric|Snarl|p1b: Farigiraf
|-supereffective|p1b: Farigiraf|1
|-damage|p1b: Farigiraf|70/100
|-unboost|p1b: Farigiraf|spa|1
|move|p1b: Farigiraf|Psychic|p2a: Manectric
|-damage|p2a: Manectric|61/100
|
|-weather|none
|-sideend|p2: Lighting7157|move: Tailwind
|upkeep
|turn|6
|inactive|DttDMarce has 30 seconds left.
|
|t:|1784543403
|move|p2a: Manectric|Snarl|p1b: Farigiraf
|-supereffective|p1b: Farigiraf|1
|-damage|p1b: Farigiraf|40/100
|-unboost|p1b: Farigiraf|spa|1
|-enditem|p1b: Farigiraf|Sitrus Berry|[eat]
|-heal|p1b: Farigiraf|65/100|[from] item: Sitrus Berry
|move|p1b: Farigiraf|Psychic|p2a: Manectric
|-damage|p2a: Manectric|32/100
|
|upkeep
|turn|7
|
|t:|1784543419
|move|p2a: Manectric|Snarl|p1b: Farigiraf
|-supereffective|p1b: Farigiraf|1
|-damage|p1b: Farigiraf|37/100
|-unboost|p1b: Farigiraf|spa|1
|move|p1b: Farigiraf|Psychic|p2a: Manectric
|-damage|p2a: Manectric|10/100
|
|upkeep
|turn|8
|
|t:|1784543441
|move|p2a: Manectric|Snarl|p1b: Farigiraf
|-supereffective|p1b: Farigiraf|1
|-damage|p1b: Farigiraf|8/100
|-unboost|p1b: Farigiraf|spa|1
|move|p1b: Farigiraf|Psychic|p2a: Manectric
|-damage|p2a: Manectric|0 fnt
|faint|p2a: Manectric
|
|win|DttDMarce
|raw|DttDMarce's rating: 1174 → 1195(+21 for winning)
|raw|Lighting7157's rating: 1122 → 1101(-21 for losing)
|l|☆Lighting7157
|player|p2|
|c|☆DttDMarce|gg
