|j|☆wpnxemcail
|j|☆Latios66
|html|wpnxemcailLatios66    
|uhtml|bestof|Game 1 of a best-of-3
|t:|1757740634
|gametype|doubles
|player|p1|wpnxemcail|1|1049
|player|p2|Latios66|265|1052
|gen|9
|tier|[Gen 9] VGC 2025 Reg H (Bo3)
|rated|
|rule|Species Clause: Limit one of each Pokémon
|rule|Item Clause: Limit 1 of each item
|clearpoke
|poke|p1|Rillaboom, L50, F|
|poke|p1|Sneasler, L50, M|
|poke|p1|Typhlosion-Hisui, L50, F|
|poke|p1|Weezing-Galar, L50, M|
|poke|p1|Dragonite, L50, M|
|poke|p1|Milotic, L50, F|
|poke|p2|Tyranitar, L50, M|
|poke|p2|Blaziken, L50, M|
|poke|p2|Excadrill, L50, M|
|poke|p2|Salamence, L50, M|
|poke|p2|Sinistcha-Masterpiece, L50|
|poke|p2|Annihilape, L50, M|
|teampreview|4
|showteam|p1|Rillaboom||AssaultVest|Overgrow|GrassyGlide,FakeOut,HighHorsepower,Uturn|||F|||50|,,,,,Fire]Sneasler||WhiteHerb|Unburden|Protect,ThroatChop,CloseCombat,DireClaw|||M|||50|,,,,,Dark]Typhlosion-Hisui||ChoiceScarf|Blaze|Eruption,ShadowBall,FocusBlast,HeatWave|||F|||50|,,,,,Fire]Weezing-Galar||CovertCloak|NeutralizingGas|Taunt,Protect,PoisonGas,StrangeSteam|||M|||50|,,,,,Water]Dragonite||LoadedDice|Multiscale|ScaleShot,ExtremeSpeed,Protect,Haze|||M|||50|,,,,,Fairy]Milotic||RockyHelmet|Competitive|Haze,IcyWind,Scald,Recover|||F|||50|,,,,,Dragon
|showteam|p2|Tyranitar||ClearAmulet|SandStream|RockSlide,KnockOff,Protect,DragonDance|||M|||50|,,,,,Grass]Blaziken||CovertCloak|SpeedBoost|AuraSphere,HeatWave,Coaching,WillOWisp|||M|||50|,,,,,Dragon]Excadrill||AssaultVest|SandRush|RockSlide,HighHorsepower,IronHead,Earthquake|||M|||50|,,,,,Ghost]Salamence||LifeOrb|Intimidate|AirSlash,Tailwind,DracoMeteor,Protect|||M|||50|,,,,,Ghost]Sinistcha-Masterpiece||SitrusBerry|Hospitality|ShadowBall,MatchaGotcha,RagePowder,Protect||||||50|,,,,,Dark]Annihilape||ChoiceScarf|Defiant|FinalGambit,Uturn,CloseCombat,ShadowClaw|||M|||50|,,,,,Grass
|
|t:|1757740679
|teamsize|p1|4
|teamsize|p2|4
|start
|switch|p1a: Milotic|Milotic, L50, F|100/100
|switch|p1b: Weezing|Weezing-Galar, L50, M, shiny|100/100
|switch|p2a: Tyranitar|Tyranitar, L50, M|100/100
|switch|p2b: Salamence|Salamence, L50, M|100/100
|-ability|p1b: Weezing|Neutralizing Gas
|turn|1
|
|t:|1757740706
|switch|p2b: Puppet|Sinistcha-Masterpiece, L50|100/100
|move|p1b: Weezing|Protect|p1b: Weezing
|-singleturn|p1b: Weezing|Protect
|move|p2a: Tyranitar|Dragon Dance|p2a: Tyranitar
|-boost|p2a: Tyranitar|atk|1
|-boost|p2a: Tyranitar|spe|1
|move|p1a: Milotic|Icy Wind|p2b: Puppet|[spread] p2a,p2b
|-supereffective|p2b: Puppet
|-damage|p2a: Tyranitar|89/100
|-damage|p2b: Puppet|79/100
|-unboost|p2b: Puppet|spe|1
|
|upkeep
|turn|2
|
|t:|1757740739
|move|p2a: Tyranitar|Rock Slide|p1a: Milotic|[spread] p1a,p1b
|-damage|p1a: Milotic|61/100
|-damage|p1b: Weezing|59/100
|move|p1a: Milotic|Haze|p1a: Milotic
|-clearallboost
|move|p2b: Puppet|Matcha Gotcha|p1b: Weezing|[spread] p1a,p1b
|-supereffective|p1a: Milotic
|-resisted|p1b: Weezing
|-damage|p1a: Milotic|12/100
|-heal|p2b: Puppet|100/100|[from] drain|[of] p1a: Milotic
|-damage|p1b: Weezing|45/100
|move|p1b: Weezing|Poison Gas|p2a: Tyranitar|[spread] p2a,p2b
|-status|p2a: Tyranitar|psn
|-status|p2b: Puppet|psn
|
|-damage|p2a: Tyranitar|76/100 psn|[from] psn
|-damage|p2b: Puppet|88/100 psn|[from] psn
|upkeep
|turn|3
|
|t:|1757740768
|move|p1b: Weezing|Protect|p1b: Weezing
|-singleturn|p1b: Weezing|Protect
|move|p2a: Tyranitar|Knock Off|p1a: Milotic
|-damage|p1a: Milotic|0 fnt
|-damage|p2a: Tyranitar|60/100 psn|[from] item: Rocky Helmet|[of] p1a: Milotic
|-enditem|p1a: Milotic|Rocky Helmet|[from] move: Knock Off|[of] p2a: Tyranitar
|faint|p1a: Milotic
|move|p2b: Puppet|Shadow Ball|p1b: Weezing
|-activate|p1b: Weezing|move: Protect
|
|-damage|p2a: Tyranitar|47/100 psn|[from] psn
|-damage|p2b: Puppet|76/100 psn|[from] psn
|upkeep
|
|t:|1757740782
|switch|p1a: Sneasler|Sneasler, L50, M, shiny|100/100
|turn|4
|
|t:|1757740803
|-end|p1b: Weezing|ability: Neutralizing Gas
|-weather|Sandstorm|[from] ability: Sand Stream|[of] p2a: Tyranitar
|-heal|p2a: Tyranitar|72/100 psn|[from] ability: Hospitality|[of] p2b: Puppet
|switch|p1b: Rillaboom|Rillaboom, L50, F, shiny|100/100
|move|p1a: Sneasler|Protect|p1a: Sneasler
|-singleturn|p1a: Sneasler|Protect
|move|p2a: Tyranitar|Knock Off|p1b: Rillaboom
|-damage|p1b: Rillaboom|48/100
|-enditem|p1b: Rillaboom|Assault Vest|[from] move: Knock Off|[of] p2a: Tyranitar
|move|p2b: Puppet|Matcha Gotcha|p1a: Sneasler|[spread] p1b
|-activate|p1a: Sneasler|move: Protect
|-resisted|p1b: Rillaboom
|-crit|p1b: Rillaboom
|-damage|p1b: Rillaboom|25/100
|-heal|p2b: Puppet|90/100 psn|[from] drain|[of] p1b: Rillaboom
|-status|p1b: Rillaboom|brn
|
|-weather|Sandstorm|[upkeep]
|-damage|p1a: Sneasler|95/100|[from] Sandstorm
|-damage|p1b: Rillaboom|19/100 brn|[from] Sandstorm
|-damage|p2b: Puppet|84/100 psn|[from] Sandstorm
|-damage|p2a: Tyranitar|60/100 psn|[from] psn
|-damage|p2b: Puppet|71/100 psn|[from] psn
|-damage|p1b: Rillaboom|13/100 brn|[from] brn
|upkeep
|turn|5
|
|t:|1757740847
|switch|p2a: Salamence|Salamence, L50, M|100/100
|-ability|p2a: Salamence|Intimidate|boost
|-unboost|p1a: Sneasler|atk|1
|-unboost|p1b: Rillaboom|atk|1
|-enditem|p1a: Sneasler|White Herb
|-clearnegativeboost|p1a: Sneasler|[silent]
|-terastallize|p1a: Sneasler|Dark
|-terastallize|p2b: Puppet|Dark
|move|p1a: Sneasler|Throat Chop|p2b: Puppet
|-resisted|p2b: Puppet
|-damage|p2b: Puppet|49/100 psn
|-start|p2b: Puppet|Throat Chop|[silent]
|-enditem|p2b: Puppet|Sitrus Berry|[eat]
|-heal|p2b: Puppet|74/100 psn|[from] item: Sitrus Berry
|move|p1b: Rillaboom|Grassy Glide|p2a: Salamence
|-resisted|p2a: Salamence
|-damage|p2a: Salamence|96/100
|move|p2b: Puppet|Shadow Ball|p1a: Sneasler
|-resisted|p1a: Sneasler
|-damage|p1a: Sneasler|68/100
|
|-weather|Sandstorm|[upkeep]
|-damage|p1a: Sneasler|62/100|[from] Sandstorm
|-damage|p2a: Salamence|91/100|[from] Sandstorm
|-damage|p1b: Rillaboom|7/100 brn|[from] Sandstorm
|-damage|p2b: Puppet|68/100 psn|[from] Sandstorm
|-damage|p2b: Puppet|55/100 psn|[from] psn
|-damage|p1b: Rillaboom|1/100 brn|[from] brn
|upkeep
|turn|6
|
|t:|1757740874
|switch|p1b: Weezing|Weezing-Galar, L50, M, shiny|45/100
|-ability|p1b: Weezing|Neutralizing Gas
|move|p2b: Puppet|Rage Powder|p2b: Puppet
|-singleturn|p2b: Puppet|move: Rage Powder
|move|p1a: Sneasler|Close Combat|p2b: Puppet
|-supereffective|p2b: Puppet
|-damage|p2b: Puppet|0 fnt
|-unboost|p1a: Sneasler|def|1
|-unboost|p1a: Sneasler|spd|1
|faint|p2b: Puppet
|move|p2a: Salamence|Tailwind|p2a: Salamence
|-sidestart|p2: Latios66|move: Tailwind
|
|-weather|Sandstorm|[upkeep]
|-damage|p2a: Salamence|85/100|[from] Sandstorm
|-damage|p1a: Sneasler|56/100|[from] Sandstorm
|-damage|p1b: Weezing|39/100|[from] Sandstorm
|upkeep
|
|t:|1757740884
|switch|p2b: Excadrill|Excadrill, L50, M|100/100
|turn|7
|
|t:|1757740892
|move|p1b: Weezing|Protect|p1b: Weezing
|-singleturn|p1b: Weezing|Protect
|move|p2a: Salamence|Air Slash|p1a: Sneasler
|-damage|p1a: Sneasler|0 fnt
|faint|p1a: Sneasler
|-damage|p2a: Salamence|75/100|[from] item: Life Orb
|move|p2b: Excadrill|Earthquake|p1b: Weezing|[spread] 
|-activate|p1b: Weezing|move: Protect
|-immune|p2a: Salamence
|
|-weather|Sandstorm|[upkeep]
|-damage|p2a: Salamence|69/100|[from] Sandstorm
|-damage|p1b: Weezing|33/100|[from] Sandstorm
|upkeep
|-message|wpnxemcail forfeited.
|
|win|Latios66
|l|☆wpnxemcail
|player|p1|
||wpnxemcail is ready for game 2.
