|j|☆kdan_7
|j|☆seeyouatthetip
|html|kdan_7seeyouatthetip    
|uhtml|bestof|Game 2 of a best-of-3
|t:|1756492762
|gametype|doubles
|player|p1|kdan_7|shauntal|1168
|player|p2|seeyouatthetip|hiker-gen4|1308
|gen|9
|tier|[Gen 9] VGC 2025 Reg H (Bo3)
|rated|
|rule|Species Clause: Limit one of each Pokémon
|rule|Item Clause: Limit 1 of each item
|clearpoke
|poke|p1|Amoonguss, L50, F|
|poke|p1|Sneasler, L50, F|
|poke|p1|Gholdengo, L50|
|poke|p1|Incineroar, L50, F|
|poke|p1|Ursaluna-Bloodmoon, L50, M|
|poke|p1|Dragonite, L50, M|
|poke|p2|Amoonguss, L50, F|
|poke|p2|Incineroar, L50, M|
|poke|p2|Gholdengo, L50|
|poke|p2|Annihilape, L50, M|
|poke|p2|Kingambit, L50, F|
|poke|p2|Dragonite, L50, F|
|teampreview|4
|showteam|p1|Amoonguss||SitrusBerry|Regenerator|RagePowder,Spore,PollenPuff,Protect|||F|||50|,,,,,Psychic]Sneasler||FocusSash|Unburden|Protect,DireClaw,CloseCombat,ThroatChop|||F|||50|,,,,,Stellar]Gholdengo||LifeOrb|GoodasGold|Protect,MakeItRain,ShadowBall,NastyPlot||||||50|,,,,,Water]Incineroar||SafetyGoggles|Intimidate|KnockOff,PartingShot,FlareBlitz,FakeOut|||F|||50|,,,,,Ghost]Ursaluna-Bloodmoon||AssaultVest|MindsEye|BloodMoon,EarthPower,VacuumWave,HyperVoice|||M|||50|,,,,,Water]Dragonite||LoadedDice|Multiscale|ScaleShot,Tailwind,Haze,Protect|||M|||50|,,,,,Fairy
|showteam|p2|Amoonguss||SitrusBerry|Regenerator|Spore,RagePowder,SludgeBomb,Protect|||F|||50|,,,,,Fire]Incineroar||SafetyGoggles|Intimidate|FlareBlitz,FakeOut,PartingShot,KnockOff|||M|||50|,,,,,Ghost]Gholdengo||LifeOrb|GoodasGold|MakeItRain,ShadowBall,NastyPlot,Protect||||||50|,,,,,Steel]Annihilape||FocusSash|Defiant|CloseCombat,RageFist,Coaching,FinalGambit|||M|||50|,,,,,Grass]Kingambit||AssaultVest|Defiant|KowtowCleave,SuckerPunch,IronHead,LowKick|||F|||50|,,,,,Dark]Dragonite||LoadedDice|Multiscale|ScaleShot,ExtremeSpeed,Haze,Protect|||F|||50|,,,,,Fairy
|inactive|Battle timer is ON: inactive players will automatically lose when time's up. (requested by seeyouatthetip)
|j| BLiiNDProdiigy
|l| BLiiNDProdiigy
|inactive|seeyouatthetip has 60 seconds left.
|
|t:|1756492795
|teamsize|p1|4
|teamsize|p2|4
|start
|switch|p1a: Golden Wind|Dragonite, L50, M|100/100
|switch|p1b: 8|Sneasler, L50, F|100/100
|switch|p2a: Incineroar|Incineroar, L50, M|100/100
|switch|p2b: Gholdengo|Gholdengo, L50|100/100
|-ability|p2a: Incineroar|Intimidate|boost
|-unboost|p1a: Golden Wind|atk|1
|-unboost|p1b: 8|atk|1
|turn|1
|inactive|seeyouatthetip has 30 seconds left.
|inactive|seeyouatthetip has 20 seconds left.
|inactive|seeyouatthetip has 15 seconds left.
|
|t:|1756492836
|-terastallize|p1b: 8|Stellar
|move|p2a: Incineroar|Fake Out|p1a: Golden Wind
|-damage|p1a: Golden Wind|94/100
|move|p1b: 8|Throat Chop|p2b: Gholdengo
|-supereffective|p2b: Gholdengo
|-damage|p2b: Gholdengo|49/100
|-start|p2b: Gholdengo|Throat Chop|[silent]
|move|p2b: Gholdengo|Make It Rain|p1a: Golden Wind|[spread] p1a,p1b
|-damage|p1a: Golden Wind|23/100
|-damage|p1b: 8|15/100
|-unboost|p2b: Gholdengo|spa|1
|-damage|p2b: Gholdengo|39/100|[from] item: Life Orb
|cant|p1a: Golden Wind|flinch
|
|upkeep
|turn|2
|inactive|seeyouatthetip has 30 seconds left.
|inactive|seeyouatthetip has 20 seconds left.
|
|t:|1756492872
|switch|p1b: Tony|Ursaluna-Bloodmoon, L50, M|100/100
|-terastallize|p2a: Incineroar|Ghost
|move|p2b: Gholdengo|Make It Rain|p1a: Golden Wind|[spread] p1a,p1b
|-damage|p1a: Golden Wind|0 fnt
|-damage|p1b: Tony|73/100
|-unboost|p2b: Gholdengo|spa|1
|faint|p1a: Golden Wind
|-damage|p2b: Gholdengo|29/100|[from] item: Life Orb
|move|p2a: Incineroar|Knock Off|p1b: Tony
|-damage|p1b: Tony|40/100
|-enditem|p1b: Tony|Assault Vest|[from] move: Knock Off|[of] p2a: Incineroar
|
|-end|p2b: Gholdengo|Throat Chop|[silent]
|upkeep
|
|t:|1756492893
|switch|p1a: Say Cheese|Gholdengo, L50|100/100
|turn|3
|
|t:|1756492915
|move|p1b: Tony|Vacuum Wave|p2a: Incineroar
|-damage|p2a: Incineroar|86/100
|move|p2b: Gholdengo|Make It Rain|p1b: Tony|[spread] p1a,p1b
|-resisted|p1a: Say Cheese
|-crit|p1b: Tony
|-damage|p1a: Say Cheese|84/100
|-damage|p1b: Tony|0 fnt
|-unboost|p2b: Gholdengo|spa|1
|faint|p1b: Tony
|-damage|p2b: Gholdengo|19/100|[from] item: Life Orb
|move|p1a: Say Cheese|Shadow Ball|p2a: Incineroar
|-supereffective|p2a: Incineroar
|-damage|p2a: Incineroar|0 fnt
|faint|p2a: Incineroar
|-damage|p1a: Say Cheese|74/100|[from] item: Life Orb
|
|upkeep
|
|t:|1756492932
|switch|p2a: Annihilape|Annihilape, L50, M|100/100
|switch|p1b: 8|Sneasler, L50, F, tera:Stellar|15/100
|turn|4
|
|t:|1756492946
|move|p1b: 8|Dire Claw|p2a: Annihilape
|-resisted|p2a: Annihilape
|-damage|p2a: Annihilape|72/100
|-status|p2a: Annihilape|par
|move|p2b: Gholdengo|Shadow Ball|p1a: Say Cheese
|-supereffective|p1a: Say Cheese
|-damage|p1a: Say Cheese|29/100
|-damage|p2b: Gholdengo|9/100|[from] item: Life Orb
|move|p1a: Say Cheese|Shadow Ball|p2b: Gholdengo
|-supereffective|p2b: Gholdengo
|-damage|p2b: Gholdengo|0 fnt
|faint|p2b: Gholdengo
|-damage|p1a: Say Cheese|19/100|[from] item: Life Orb
|move|p2a: Annihilape|Rage Fist|p1a: Say Cheese
|-supereffective|p1a: Say Cheese
|-damage|p1a: Say Cheese|0 fnt
|faint|p1a: Say Cheese
|
|upkeep
|
|t:|1756492957
|switch|p2b: Dragonite|Dragonite, L50, F|100/100
|turn|5
|
|t:|1756492963
|move|p2b: Dragonite|Extreme Speed|p1b: 8
|-damage|p1b: 8|0 fnt
|faint|p1b: 8
|
|win|seeyouatthetip
|raw|kdan_7's rating: 1168 → 1153(-15 for losing)
|raw|seeyouatthetip's rating: 1308 → 1320(+12 for winning)
|l|☆kdan_7
|player|p1|
