|j|☆Fedemitra9
|j|☆Blitzball Ace
|html|Fedemitra9Blitzball Ace    
|uhtml|bestof|Game 3 of a best-of-3
|t:|1756063057
|gametype|doubles
|player|p1|Fedemitra9|hiker-gen4|1300
|player|p2|Blitzball Ace|kamado-armor|1253
|gen|9
|tier|[Gen 9] VGC 2025 Reg H (Bo3)
|rated|
|rule|Species Clause: Limit one of each Pokémon
|rule|Item Clause: Limit 1 of each item
|clearpoke
|poke|p1|Garchomp, L50, M|
|poke|p1|Jumpluff, L50, M|
|poke|p1|Torkoal, L50, M|
|poke|p1|Dragonite, L50, M|
|poke|p1|Kingambit, L50, M|
|poke|p1|Typhlosion-Hisui, L50, M|
|poke|p2|Garchomp, L50, F|
|poke|p2|Incineroar, L50, M|
|poke|p2|Sneasler, L50, F|
|poke|p2|Dragonite, L50, F|
|poke|p2|Amoonguss, L50, M|
|poke|p2|Indeedee, L50, M|
|teampreview|4
|showteam|p1|Garchomp||LifeOrb|RoughSkin|DragonClaw,StompingTantrum,Earthquake,Protect|||M|||50|,,,,,Fire]Jumpluff||CovertCloak|Chlorophyll|LeafStorm,SleepPowder,Encore,Tailwind|||M|||50|,,,,,Poison]Torkoal||EjectPack|Drought|Overheat,BurningJealousy,HelpingHand,Protect|||M|||50|,,,,,Flying]Dragonite||LoadedDice|Multiscale|ExtremeSpeed,ScaleShot,IceSpinner,Protect|||M|||50|,,,,,Fairy]Kingambit||AssaultVest|Defiant|Assurance,SuckerPunch,IronHead,LowKick|||M|||50|,,,,,Flying]Typhlosion-Hisui||ChoiceSpecs|Blaze|Eruption,ShadowBall,HeatWave,Overheat|||M|||50|,,,,,Fire
|showteam|p2|Garchomp||LifeOrb|RoughSkin|Earthquake,DragonClaw,StompingTantrum,Protect|||F|||50|,,,,,Ground]Incineroar||SafetyGoggles|Intimidate|FakeOut,FlareBlitz,KnockOff,PartingShot|||M|||50|,,,,,Ghost]Sneasler||FocusSash|Unburden|FakeOut,Coaching,DireClaw,CloseCombat|||F|||50|,,,,,Ghost]Dragonite||LoadedDice|InnerFocus|ScaleShot,Haze,IceSpinner,Protect|||F|||50|,,,,,Fairy]Amoonguss||SitrusBerry|Regenerator|Spore,RagePowder,PollenPuff,Protect|||M|||50|,,,,,Water]Indeedee||ChoiceSpecs|PsychicSurge|ExpandingForce,TeraBlast,Trick,HyperVoice|||M|||50|,,,,,Psychic
|inactive|Battle timer is ON: inactive players will automatically lose when time's up. (requested by Fedemitra9)
|
|t:|1756063087
|teamsize|p1|4
|teamsize|p2|4
|start
|switch|p1a: Jumpluff|Jumpluff, L50, M, shiny|100/100
|switch|p1b: Torkoal|Torkoal, L50, M, shiny|100/100
|switch|p2a: Dragonite|Dragonite, L50, F|100/100
|switch|p2b: Sneasler|Sneasler, L50, F|100/100
|-weather|SunnyDay|[from] ability: Drought|[of] p1b: Torkoal
|turn|1
|inactive|Fedemitra9 has 30 seconds left.
|inactive|Blitzball Ace has 30 seconds left.
|inactive|Fedemitra9 has 20 seconds left.
|inactive|Fedemitra9 has 15 seconds left.
|
|t:|1756063128
|-terastallize|p1a: Jumpluff|Poison
|move|p1a: Jumpluff|Sleep Powder|p2b: Sneasler
|-status|p2b: Sneasler|slp|[from] move: Sleep Powder
|cant|p2b: Sneasler|slp
|move|p2a: Dragonite|Scale Shot|p1a: Jumpluff
|-damage|p1a: Jumpluff|82/100
|-damage|p1a: Jumpluff|62/100
|-damage|p1a: Jumpluff|44/100
|-damage|p1a: Jumpluff|25/100
|-hitcount|p1a: Jumpluff|4
|-unboost|p2a: Dragonite|def|1
|-boost|p2a: Dragonite|spe|1
|move|p1b: Torkoal|Burning Jealousy|p2a: Dragonite|[spread] p2a,p2b
|-resisted|p2a: Dragonite
|-damage|p2a: Dragonite|84/100
|-damage|p2b: Sneasler|55/100 slp
|-status|p2a: Dragonite|brn
|
|-weather|SunnyDay|[upkeep]
|-damage|p2a: Dragonite|78/100 brn|[from] brn
|upkeep
|turn|2
|c|☆Blitzball Ace|lol
|inactive|Fedemitra9 has 30 seconds left.
|inactive|Blitzball Ace has 30 seconds left.
|
|t:|1756063161
|move|p1a: Jumpluff|Tailwind|p1a: Jumpluff
|-sidestart|p1: Fedemitra9|move: Tailwind
|move|p2a: Dragonite|Scale Shot|p1b: Torkoal|[miss]
|-miss|p2a: Dragonite|p1b: Torkoal
|cant|p2b: Sneasler|slp
|move|p1b: Torkoal|Overheat|p2b: Sneasler
|-damage|p2b: Sneasler|0 fnt
|-unboost|p1b: Torkoal|spa|2
|faint|p2b: Sneasler
|-enditem|p1b: Torkoal|Eject Pack
|c|☆Blitzball Ace|yippeee
|
|t:|1756063177
|switch|p1b: Dragonite|Dragonite, L50, M, shiny|100/100
|
|-weather|SunnyDay|[upkeep]
|-damage|p2a: Dragonite|72/100 brn|[from] brn
|upkeep
|
|t:|1756063193
|switch|p2b: Dalinar|Incineroar, L50, M, shiny|100/100
|-ability|p2b: Dalinar|Intimidate|boost
|-unboost|p1a: Jumpluff|atk|1
|-unboost|p1b: Dragonite|atk|1
|turn|3
|inactive|Fedemitra9 has 30 seconds left.
|inactive|Fedemitra9 has 20 seconds left.
|inactive|Fedemitra9 has 15 seconds left.
|inactive|Fedemitra9 has 10 seconds left.
|inactive|Fedemitra9 has 5 seconds left.
|
|t:|1756063245
|switch|p1a: Torkoal|Torkoal, L50, M, shiny|100/100
|move|p2b: Dalinar|Fake Out|p1b: Dragonite
|-damage|p1b: Dragonite|93/100
|cant|p1b: Dragonite|flinch
|move|p2a: Dragonite|Scale Shot|p1a: Torkoal
|-damage|p1a: Torkoal|95/100
|-damage|p1a: Torkoal|90/100
|-damage|p1a: Torkoal|84/100
|-damage|p1a: Torkoal|79/100
|-hitcount|p1a: Torkoal|4
|-unboost|p2a: Dragonite|def|1
|-boost|p2a: Dragonite|spe|1
|
|-weather|SunnyDay|[upkeep]
|-damage|p2a: Dragonite|66/100 brn|[from] brn
|upkeep
|turn|4
|inactive|Fedemitra9 has 30 seconds left.
|inactive|Fedemitra9 has 20 seconds left.
|inactive|Fedemitra9 has 15 seconds left.
|
|t:|1756063286
|switch|p1a: Jumpluff|Jumpluff, L50, M, shiny, tera:Poison|25/100
|move|p2a: Dragonite|Protect|p2a: Dragonite
|-singleturn|p2a: Dragonite|Protect
|move|p1b: Dragonite|Extreme Speed|p2a: Dragonite
|-activate|p2a: Dragonite|move: Protect
|move|p2b: Dalinar|Parting Shot|p1b: Dragonite
|-unboost|p1b: Dragonite|atk|1
|-unboost|p1b: Dragonite|spa|1
|
|t:|1756063292
|switch|p2b: Kaladin|Garchomp, L50, F, shiny|100/100|[from] Parting Shot
|
|-weather|SunnyDay|[upkeep]
|-damage|p2a: Dragonite|60/100 brn|[from] brn
|upkeep
|turn|5
|inactive|Fedemitra9 has 30 seconds left.
|inactive|Fedemitra9 has 20 seconds left.
|inactive|Fedemitra9 has 15 seconds left.
|
|t:|1756063335
|switch|p1b: Garchomp|Garchomp, L50, M, shiny|100/100
|switch|p2b: Dalinar|Incineroar, L50, M, shiny|100/100
|-ability|p2b: Dalinar|Intimidate|boost
|-unboost|p1a: Jumpluff|atk|1
|-unboost|p1b: Garchomp|atk|1
|-terastallize|p2a: Dragonite|Fairy
|move|p1a: Jumpluff|Encore|p2a: Dragonite
|-start|p2a: Dragonite|Encore
|move|p2a: Dragonite|Protect||[still]
|-fail|p2a: Dragonite
|
|-weather|none
|-damage|p2a: Dragonite|54/100 brn|[from] brn
|-sideend|p1: Fedemitra9|move: Tailwind
|upkeep
|turn|6
|inactive|Fedemitra9 has 30 seconds left.
|inactive|Blitzball Ace has 30 seconds left.
|inactive|Fedemitra9 has 20 seconds left.
|inactive|Fedemitra9 has 15 seconds left.
|
|t:|1756063378
|switch|p2a: Kaladin|Garchomp, L50, F, shiny|100/100
|switch|p1a: Dragonite|Dragonite, L50, M, shiny|93/100
|move|p1b: Garchomp|Earthquake|p2b: Dalinar|[spread] p2a,p2b
|-immune|p1a: Dragonite
|-supereffective|p2b: Dalinar
|-damage|p2a: Kaladin|68/100
|-damage|p2b: Dalinar|39/100
|-damage|p1b: Garchomp|91/100|[from] item: Life Orb
|move|p2b: Dalinar|Knock Off|p1a: Dragonite
|-damage|p1a: Dragonite|41/100
|-enditem|p1a: Dragonite|Loaded Dice|[from] move: Knock Off|[of] p2b: Dalinar
|
|upkeep
|turn|7
|inactive|Fedemitra9 has 30 seconds left.
|inactive|Fedemitra9 has 20 seconds left.
|inactive|Fedemitra9 has 15 seconds left.
|
|t:|1756063420
|switch|p2b: Dragonite|Dragonite, L50, F, tera:Fairy|54/100 brn
|move|p2a: Kaladin|Dragon Claw|p1b: Garchomp
|-supereffective|p1b: Garchomp
|-damage|p1b: Garchomp|0 fnt
|-damage|p2a: Kaladin|56/100|[from] ability: Rough Skin|[of] p1b: Garchomp
|faint|p1b: Garchomp
|-damage|p2a: Kaladin|46/100|[from] item: Life Orb
|move|p1a: Dragonite|Scale Shot|p2b: Dragonite
|-immune|p2b: Dragonite
|
|-damage|p2b: Dragonite|48/100 brn|[from] brn
|upkeep
|
|t:|1756063444
|switch|p1b: Jumpluff|Jumpluff, L50, M, shiny, tera:Poison|25/100
|turn|8
|
|t:|1756063468
|switch|p2a: Dalinar|Incineroar, L50, M, shiny|39/100
|-ability|p2a: Dalinar|Intimidate|boost
|-unboost|p1a: Dragonite|atk|1
|-unboost|p1b: Jumpluff|atk|1
|move|p1a: Dragonite|Protect|p1a: Dragonite
|-singleturn|p1a: Dragonite|Protect
|move|p1b: Jumpluff|Tailwind|p1b: Jumpluff
|-sidestart|p1: Fedemitra9|move: Tailwind
|move|p2b: Dragonite|Scale Shot|p1a: Dragonite
|-activate|p1a: Dragonite|move: Protect
|
|-damage|p2b: Dragonite|42/100 brn|[from] brn
|upkeep
|turn|9
|inactive|Fedemitra9 has 30 seconds left.
|inactive|Blitzball Ace has 30 seconds left.
|inactive|Fedemitra9 has 20 seconds left.
|inactive|Fedemitra9 has 15 seconds left.
|inactive|Fedemitra9 has 10 seconds left.
|
|t:|1756063516
|switch|p1a: Torkoal|Torkoal, L50, M, shiny|79/100
|-weather|SunnyDay|[from] ability: Drought|[of] p1a: Torkoal
|move|p1b: Jumpluff|Leaf Storm|p2b: Dragonite
|-crit|p2b: Dragonite
|-damage|p2b: Dragonite|0 fnt
|-unboost|p1b: Jumpluff|spa|2
|faint|p2b: Dragonite
|move|p2a: Dalinar|Parting Shot|p1a: Torkoal
|-unboost|p1a: Torkoal|atk|1
|-unboost|p1a: Torkoal|spa|1
|c|☆Blitzball Ace|OF COURSE you crit
|
|t:|1756063527
|switch|p2a: Kaladin|Garchomp, L50, F, shiny|46/100|[from] Parting Shot
|
|-weather|SunnyDay|[upkeep]
|upkeep
|
|t:|1756063529
|switch|p2b: Dalinar|Incineroar, L50, M, shiny|39/100
|-ability|p2b: Dalinar|Intimidate|boost
|-unboost|p1a: Torkoal|atk|1
|-unboost|p1b: Jumpluff|atk|1
|turn|10
|inactive|Blitzball Ace has 30 seconds left.
|
|t:|1756063557
|move|p1b: Jumpluff|Sleep Powder|p2a: Kaladin
|-status|p2a: Kaladin|slp|[from] move: Sleep Powder
|cant|p2a: Kaladin|slp
|move|p1a: Torkoal|Overheat|p2b: Dalinar
|-resisted|p2b: Dalinar
|-damage|p2b: Dalinar|16/100
|-unboost|p1a: Torkoal|spa|2
|move|p2b: Dalinar|Knock Off|p1a: Torkoal
|-damage|p1a: Torkoal|53/100
|
|-weather|SunnyDay|[upkeep]
|upkeep
|turn|11
|inactive|Fedemitra9 has 30 seconds left.
|c|☆Blitzball Ace|lets hit sleep powder too why not
|inactive|Fedemitra9 has 20 seconds left.
|inactive|Fedemitra9 has 15 seconds left.
|inactive|Fedemitra9 has 10 seconds left.
|inactive|Blitzball Ace has 30 seconds left.
|
|t:|1756063586
|move|p1b: Jumpluff|Leaf Storm|p2b: Dalinar
|-resisted|p2b: Dalinar
|-damage|p2b: Dalinar|9/100
|-unboost|p1b: Jumpluff|spa|2
|cant|p2a: Kaladin|slp
|move|p1a: Torkoal|Overheat|p2b: Dalinar
|-resisted|p2b: Dalinar
|-damage|p2b: Dalinar|0 fnt
|-unboost|p1a: Torkoal|spa|2
|faint|p2b: Dalinar
|
|-weather|SunnyDay|[upkeep]
|-sideend|p1: Fedemitra9|move: Tailwind
|upkeep
|turn|12
|inactive|Fedemitra9 has 10 seconds left this turn.
|inactive|Fedemitra9 has 5 seconds left.
|
|t:|1756063594
|move|p1b: Jumpluff|Tailwind|p1b: Jumpluff
|-sidestart|p1: Fedemitra9|move: Tailwind
|-curestatus|p2a: Kaladin|slp|[msg]
|move|p2a: Kaladin|Earthquake|p1a: Torkoal|[spread] p1a,p1b
|-supereffective|p1a: Torkoal
|-supereffective|p1b: Jumpluff
|-damage|p1a: Torkoal|0 fnt
|-damage|p1b: Jumpluff|0 fnt
|faint|p1a: Torkoal
|faint|p1b: Jumpluff
|-damage|p2a: Kaladin|36/100|[from] item: Life Orb
|
|-weather|SunnyDay|[upkeep]
|upkeep
|inactive|Fedemitra9 has 5 seconds left this turn.
|
|t:|1756063597
|switch|p1b: Dragonite|Dragonite, L50, M, shiny|41/100
|turn|13
|inactive|Fedemitra9 has 5 seconds left this turn.
|
|t:|1756063603
|move|p1b: Dragonite|Scale Shot|p2a: Kaladin
|-supereffective|p2a: Kaladin
|-damage|p2a: Kaladin|7/100
|-supereffective|p2a: Kaladin
|-damage|p2a: Kaladin|0 fnt
|faint|p2a: Kaladin
|-hitcount|p2: Kaladin|2
|
|win|Fedemitra9
|raw|Fedemitra9's rating: 1300 → 1322(+22 for winning)
|raw|Blitzball Ace's rating: 1253 → 1231(-22 for losing)
