|j|☆GoPlayCatch
|j|☆MarkTheMarker
|html|GoPlayCatchMarkTheMarker    
|uhtml|bestof|Game 1 of a best-of-3
|t:|1784838932
|gametype|doubles
|player|p1|GoPlayCatch|2|1239
|player|p2|MarkTheMarker|wallace|1398
|gen|9
|tier|[Gen 9 Champions] VGC 2026 Reg M-B (Bo3)
|rated|
|rule|Species Clause: Limit one of each Pokémon
|rule|Item Clause: Limit 1 of each item
|clearpoke
|poke|p1|Pinsir, L50, F|
|poke|p1|Mamoswine, L50, F|
|poke|p1|Hydreigon, L50, F|
|poke|p1|Aegislash, L50, F|
|poke|p1|Meowstic-F, L50, F|
|poke|p1|Azumarill, L50, M|
|poke|p2|Grimmsnarl, L50, M|
|poke|p2|Archaludon, L50, M|
|poke|p2|Pelipper, L50, F|
|poke|p2|Venusaur, L50, F|
|poke|p2|Gholdengo, L50|
|poke|p2|Staraptor, L50, M|
|teampreview|4
|showteam|p1|Pinsir||Pinsirite|HyperCutter|Detect,BodySlam,Feint,StormThrow|Jolly||F|||50|]Mamoswine||LifeOrb|Oblivious|IceShard,Earthquake,IcicleCrash,Protect|Jolly||F|||50|]Hydreigon||FocusSash|Levitate|DarkPulse,DracoMeteor,Tailwind,Protect|Timid||F|||50|]Aegislash||OccaBerry|StanceChange|WideGuard,FlashCannon,ShadowBall,KingsShield|Modest||F|||50|]Meowstic-F||Meowsticite|Competitive|FakeOut,Psychic,Thunderbolt,Protect|Timid||F|||50|]Azumarill||MysticWater|HugePower|AquaJet,PlayRough,Liquidation,Protect|Adamant||M|||50|
|showteam|p2|Grimmsnarl||LightClay|Prankster|SpiritBreak,PartingShot,LightScreen,Reflect|Careful||M|||50|]Archaludon||Leftovers|Stamina|DragonPulse,FlashCannon,ElectroShot,Protect|Calm||M|||50|]Pelipper||SitrusBerry|Drizzle|Hurricane,WeatherBall,WideGuard,Tailwind|Modest||F|||50|]Venusaur||Venusaurite|Chlorophyll|GigaDrain,SludgeBomb,EarthPower,Protect|Modest||F|||50|]Gholdengo||LifeOrb|GoodasGold|MakeItRain,ShadowBall,NastyPlot,Protect|Modest|||||50|]Staraptor||Staraptite|Intimidate|CloseCombat,BraveBird,Roost,Protect|Jolly||M|||50|
|inactive|Battle timer is ON: inactive players will automatically lose when time's up. (requested by MarkTheMarker)
|inactive|GoPlayCatch has 60 seconds left.
|inactive|MarkTheMarker has 60 seconds left.
|inactive|GoPlayCatch has 30 seconds left.
|inactive|MarkTheMarker has 30 seconds left.
|inactive|MarkTheMarker has 20 seconds left.
|inactive|MarkTheMarker has 15 seconds left.
|inactive|MarkTheMarker has 10 seconds left.
|
|t:|1784839017
|teamsize|p1|4
|teamsize|p2|4
|start
|switch|p1a: Meowstic|Meowstic-F, L50, F|100/100
|switch|p1b: Aegislash|Aegislash, L50, F|100/100
|switch|p2a: Grimmsnarl|Grimmsnarl, L50, M|100/100
|switch|p2b: Venusaur|Venusaur, L50, F|100/100
|turn|1
|inactive|GoPlayCatch has 30 seconds left.
|inactive|MarkTheMarker has 30 seconds left.
|
|t:|1784839050
|switch|p2b: Archaludon|Archaludon, L50, M|100/100
|move|p1a: Meowstic|Fake Out|p2a: Grimmsnarl
|-damage|p2a: Grimmsnarl|94/100
|cant|p2a: Grimmsnarl|flinch
|-formechange|p1b: Aegislash|Aegislash-Blade|
|move|p1b: Aegislash|Flash Cannon|p2a: Grimmsnarl
|-supereffective|p2a: Grimmsnarl|1
|-damage|p2a: Grimmsnarl|21/100
|
|upkeep
|turn|2
|inactive|MarkTheMarker has 30 seconds left.
|inactive|MarkTheMarker has 20 seconds left.
|inactive|MarkTheMarker has 15 seconds left.
|inactive|MarkTheMarker has 10 seconds left.
|
|t:|1784839097
|switch|p1a: Hydreigon|Hydreigon, L50, F|100/100
|-formechange|p1b: Aegislash|Aegislash|
|move|p1b: Aegislash|King's Shield|p1b: Aegislash
|-singleturn|p1b: Aegislash|Protect
|move|p2a: Grimmsnarl|Parting Shot|p1b: Aegislash
|-unboost|p1b: Aegislash|atk|1
|-unboost|p1b: Aegislash|spa|1
|
|t:|1784839101
|switch|p2a: Pelipper|Pelipper, L50, F|100/100|[from] Parting Shot
|-weather|RainDance|[from] ability: Drizzle|[of] p2a: Pelipper
|move|p2b: Archaludon|Electro Shot||[still]
|-prepare|p2b: Archaludon|Electro Shot
|-boost|p2b: Archaludon|spa|1
|-anim|p2b: Archaludon|Electro Shot|p1a: Hydreigon
|-resisted|p1a: Hydreigon|1
|-damage|p1a: Hydreigon|69/100
|
|-weather|RainDance|[upkeep]
|upkeep
|turn|3
|inactive|GoPlayCatch has 30 seconds left.
|
|t:|1784839132
|switch|p1b: Meowstic|Meowstic-F, L50, F|100/100
|move|p2b: Archaludon|Protect|p2b: Archaludon
|-singleturn|p2b: Archaludon|Protect
|move|p1a: Hydreigon|Tailwind|p1a: Hydreigon
|-sidestart|p1: GoPlayCatch|move: Tailwind
|move|p2a: Pelipper|Tailwind|p2a: Pelipper
|-sidestart|p2: MarkTheMarker|move: Tailwind
|
|-weather|RainDance|[upkeep]
|upkeep
|turn|4
|inactive|GoPlayCatch has 30 seconds left.
|
|t:|1784839159
|switch|p2a: Venusaur|Venusaur, L50, F|100/100
|move|p1b: Meowstic|Thunderbolt|p2a: Venusaur
|-resisted|p2a: Venusaur|1
|-damage|p2a: Venusaur|87/100
|move|p1a: Hydreigon|Dark Pulse|p2b: Archaludon
|-damage|p2b: Archaludon|59/100
|-ability|p2b: Archaludon|Stamina|boost
|-boost|p2b: Archaludon|def|1
|move|p2b: Archaludon|Electro Shot||[still]
|-prepare|p2b: Archaludon|Electro Shot
|-boost|p2b: Archaludon|spa|1
|-anim|p2b: Archaludon|Electro Shot|p1b: Meowstic
|-damage|p1b: Meowstic|0 fnt
|faint|p1b: Meowstic
|
|-weather|RainDance|[upkeep]
|-heal|p2b: Archaludon|65/100|[from] item: Leftovers
|upkeep
|
|t:|1784839175
|switch|p1b: Pinsir|Pinsir, L50, F|100/100
|turn|5
|
|t:|1784839200
|detailschange|p1b: Pinsir|Pinsir-Mega, L50, F
|-mega|p1b: Pinsir|Pinsir|Pinsirite
|detailschange|p2a: Venusaur|Venusaur-Mega, L50, F
|-mega|p2a: Venusaur|Venusaur|Venusaurite
|move|p2b: Archaludon|Protect|p2b: Archaludon
|-singleturn|p2b: Archaludon|Protect
|move|p1b: Pinsir|Body Slam|p2a: Venusaur
|-supereffective|p2a: Venusaur|1
|-damage|p2a: Venusaur|0 fnt
|faint|p2a: Venusaur
|move|p1a: Hydreigon|Draco Meteor|p2b: Archaludon
|-activate|p2b: Archaludon|move: Protect
|
|-weather|RainDance|[upkeep]
|-heal|p2b: Archaludon|71/100|[from] item: Leftovers
|upkeep
|
|t:|1784839210
|switch|p2a: Grimmsnarl|Grimmsnarl, L50, M|21/100
|turn|6
|
|t:|1784839226
|move|p2a: Grimmsnarl|Light Screen|p2a: Grimmsnarl
|-sidestart|p2: MarkTheMarker|move: Light Screen
|move|p1b: Pinsir|Storm Throw|p2b: Archaludon
|-supereffective|p2b: Archaludon|1
|-crit|p2b: Archaludon
|-damage|p2b: Archaludon|20/100y
|-ability|p2b: Archaludon|Stamina|boost
|-boost|p2b: Archaludon|def|1
|move|p1a: Hydreigon|Draco Meteor|p2b: Archaludon|[miss]
|-miss|p1a: Hydreigon|p2b: Archaludon
|move|p2b: Archaludon|Electro Shot||[still]
|-prepare|p2b: Archaludon|Electro Shot
|-boost|p2b: Archaludon|spa|1
|-anim|p2b: Archaludon|Electro Shot|p1b: Pinsir
|-supereffective|p1b: Pinsir|1
|-damage|p1b: Pinsir|0 fnt
|faint|p1b: Pinsir
|
|-weather|none
|-heal|p2b: Archaludon|27/100|[from] item: Leftovers
|-sideend|p1: GoPlayCatch|move: Tailwind
|-sideend|p2: MarkTheMarker|move: Tailwind
|upkeep
|
|t:|1784839242
|switch|p1b: Aegislash|Aegislash, L50, F|100/100
|turn|7
|
|t:|1784839257
|move|p2b: Archaludon|Protect|p2b: Archaludon
|-singleturn|p2b: Archaludon|Protect
|move|p2a: Grimmsnarl|Parting Shot|p1b: Aegislash
|-unboost|p1b: Aegislash|atk|1
|-unboost|p1b: Aegislash|spa|1
|
|t:|1784839262
|switch|p2a: Pelipper|Pelipper, L50, F|100/100|[from] Parting Shot
|-weather|RainDance|[from] ability: Drizzle|[of] p2a: Pelipper
|move|p1a: Hydreigon|Draco Meteor|p2b: Archaludon
|-activate|p2b: Archaludon|move: Protect
|-formechange|p1b: Aegislash|Aegislash-Blade|
|move|p1b: Aegislash|Flash Cannon|p2a: Pelipper
|-resisted|p2a: Pelipper|1
|-crit|p2a: Pelipper
|-damage|p2a: Pelipper|57/100
|
|-weather|RainDance|[upkeep]
|-heal|p2b: Archaludon|33/100|[from] item: Leftovers
|upkeep
|turn|8
|inactive|MarkTheMarker has 30 seconds left.
|inactive|MarkTheMarker has 20 seconds left.
|inactive|MarkTheMarker has 15 seconds left.
|inactive|MarkTheMarker has 10 seconds left.
|inactive|MarkTheMarker has 5 seconds left.
|
|t:|1784839312
|move|p1a: Hydreigon|Draco Meteor|p2b: Archaludon
|-damage|p2b: Archaludon|0 fnt
|-unboost|p1a: Hydreigon|spa|2
|faint|p2b: Archaludon
|move|p2a: Pelipper|Tailwind|p2a: Pelipper
|-sidestart|p2: MarkTheMarker|move: Tailwind
|move|p1b: Aegislash|Shadow Ball|p2a: Pelipper
|-damage|p2a: Pelipper|32/100
|-enditem|p2a: Pelipper|Sitrus Berry|[eat]
|-heal|p2a: Pelipper|57/100|[from] item: Sitrus Berry
|
|-weather|RainDance|[upkeep]
|upkeep
|
|t:|1784839316
|switch|p2b: Grimmsnarl|Grimmsnarl, L50, M|21/100
|turn|9
|
|t:|1784839334
|move|p1a: Hydreigon|Protect|p1a: Hydreigon
|-singleturn|p1a: Hydreigon|Protect
|-formechange|p1b: Aegislash|Aegislash|
|move|p1b: Aegislash|King's Shield|p1b: Aegislash
|-singleturn|p1b: Aegislash|Protect
|move|p2a: Pelipper|Weather Ball|p1b: Aegislash
|-activate|p1b: Aegislash|move: Protect
|move|p2b: Grimmsnarl|Spirit Break|p1b: Aegislash
|-activate|p1b: Aegislash|move: Protect
|-unboost|p2b: Grimmsnarl|atk|1
|
|-weather|RainDance|[upkeep]
|upkeep
|turn|10
|inactive|GoPlayCatch has 30 seconds left.
|
|t:|1784839364
|move|p2a: Pelipper|Weather Ball|p1b: Aegislash
|-damage|p1b: Aegislash|49/100
|move|p1a: Hydreigon|Draco Meteor|p2a: Pelipper
|-damage|p2a: Pelipper|23/100
|-unboost|p1a: Hydreigon|spa|2
|move|p2b: Grimmsnarl|Spirit Break|p1a: Hydreigon
|-supereffective|p1a: Hydreigon|2
|-damage|p1a: Hydreigon|0 fnt
|faint|p1a: Hydreigon
|-formechange|p1b: Aegislash|Aegislash-Blade|
|move|p1b: Aegislash|Shadow Ball|p2a: Pelipper
|-damage|p2a: Pelipper|0 fnt
|faint|p2a: Pelipper
|
|-weather|RainDance|[upkeep]
|upkeep
|turn|11
|
|t:|1784839380
|-formechange|p1b: Aegislash|Aegislash|
|move|p1b: Aegislash|King's Shield|p1b: Aegislash
|-singleturn|p1b: Aegislash|Protect
|move|p2b: Grimmsnarl|Parting Shot|p1b: Aegislash
|-unboost|p1b: Aegislash|atk|1
|-unboost|p1b: Aegislash|spa|1
|
|-weather|none
|-sideend|p2: MarkTheMarker|move: Tailwind
|upkeep
|turn|12
|
|t:|1784839388
|move|p2b: Grimmsnarl|Spirit Break|p1b: Aegislash
|-resisted|p1b: Aegislash|1
|-damage|p1b: Aegislash|41/100
|-unboost|p1b: Aegislash|spa|1
|-formechange|p1b: Aegislash|Aegislash-Blade|
|move|p1b: Aegislash|Flash Cannon|p2b: Grimmsnarl
|-supereffective|p2b: Grimmsnarl|1
|-damage|p2b: Grimmsnarl|1/100
|
|upkeep
|turn|13
|-message|MarkTheMarker forfeited.
|
|win|GoPlayCatch
|l|☆MarkTheMarker
|player|p2|
||MarkTheMarker is ready for game 2.
||GoPlayCatch is ready for game 2.
|uhtml|next|Next: Game 2 of 3
|l|☆GoPlayCatch
|player|p1|
|j|☆MarkTheMarker
|player|p2|MarkTheMarker|wallace|
