|j|☆trytrysee
|j|☆toufu723
|html|trytryseetoufu723    
|uhtml|bestof|Game 1 of a best-of-3
|t:|1785596367
|gametype|doubles
|player|p1|trytrysee|266|
|player|p2|toufu723|102|
|gen|9
|tier|[Gen 9 Champions] VGC 2026 Reg M-B (Bo3)
|rule|Species Clause: Limit one of each Pokémon
|rule|Item Clause: Limit 1 of each item
|clearpoke
|poke|p1|Drampa, L50, M|
|poke|p1|Farigiraf, L50, M|
|poke|p1|Araquanid, L50, F|
|poke|p1|Whimsicott, L50, M|
|poke|p1|Mawile, L50, F|
|poke|p1|Hydreigon, L50, M|
|poke|p2|Ninetales-Alola, L50, M|
|poke|p2|Kingambit, L50, M|
|poke|p2|Charizard, L50, M|
|poke|p2|Whimsicott, L50, F|
|poke|p2|Glimmora, L50, M|
|poke|p2|Kommo-o, L50, M|
|teampreview|4
|showteam|p1|Drampa||Leftovers|CloudNine|HyperVoice,EnergyBall,Thunderbolt,EarthPower|Quiet||M|||50|]Farigiraf||SitrusBerry|ArmorTail|Protect,TrickRoom,HelpingHand,Psychic|Relaxed||M|||50|]Araquanid||MysticWater|WaterBubble|Liquidation,WideGuard,Protect,Substitute|Brave||F|||50|]Whimsicott||FocusSash|Prankster|Encore,Tailwind,TrickRoom,Moonblast|Relaxed||M|||50|]Mawile||Mawilite|Intimidate|IronHead,RockSlide,SuckerPunch,PlayRough|Adamant||F|||50|]Hydreigon||LifeOrb|Levitate|EarthPower,DracoMeteor,DarkPulse,HeatWave|Modest||M|||50|
|showteam|p2|Ninetales-Alola||NeverMeltIce|SnowWarning|Blizzard,FreezeDry,HelpingHand,Protect|Timid||M|||50|]Kingambit||ChopleBerry|Defiant|KowtowCleave,SuckerPunch,IronHead,Protect|Adamant||M|||50|]Charizard||CharizarditeY|Blaze|HeatWave,WeatherBall,SolarBeam,Protect|Serious||M|||50|]Whimsicott||FocusSash|Prankster|Moonblast,Encore,Tailwind,Protect|Timid||F|||50|]Glimmora||Glimmoranite|ToxicDebris|SludgeBomb,PowerGem,EarthPower,SpikyShield|Modest||M|||50|]Kommo-o||LifeOrb|Soundproof|ClangingScales,AuraSphere,VacuumWave,Protect|Modest||M|||50|
|j| otenkoz
|j| sky yeh
|c|☆toufu723|我先分享給隊員
|c|☆trytrysee|OK
|j| slaking-champions
|c|☆toufu723|我準備好了
|c|☆trytrysee|開始計時 OK嗎?
|c|☆toufu723|ok
|inactive|Battle timer is ON: inactive players will automatically lose when time's up. (requested by trytrysee)
|inactive|toufu723 has 60 seconds left.
|j| smallYEEAA
|
|t:|1785596554
|teamsize|p1|4
|teamsize|p2|4
|start
|switch|p1a: Farigiraf|Farigiraf, L50, M|100/100
|switch|p1b: Mawile|Mawile, L50, F|100/100
|switch|p2a: Whimsicott|Whimsicott, L50, F|100/100
|switch|p2b: Ninetales|Ninetales-Alola, L50, M|100/100
|-weather|Snowscape|[from] ability: Snow Warning|[of] p2b: Ninetales
|-ability|p1b: Mawile|Intimidate|boost
|-unboost|p2a: Whimsicott|atk|1
|-unboost|p2b: Ninetales|atk|1
|turn|1
|j| Edward0516
|c|☆toufu723|請多多指教
|inactive|trytrysee has 30 seconds left.
|inactive|toufu723 has 30 seconds left.
|l| sky yeh
|inactive|trytrysee has 20 seconds left.
|inactive|toufu723 has 20 seconds left.
|inactive|trytrysee has 15 seconds left.
|inactive|toufu723 has 15 seconds left.
|inactive|trytrysee has 10 seconds left.
|inactive|toufu723 has 10 seconds left.
|inactive|trytrysee has 5 seconds left.
|
|t:|1785596606
|switch|p2a: Charizard|Charizard, L50, M|100/100
|move|p2b: Ninetales|Blizzard|p1b: Mawile|[spread] p1a,p1b
|-resisted|p1b: Mawile|1
|-damage|p1a: Farigiraf|64/100
|-damage|p1b: Mawile|63/100
|move|p1b: Mawile|Iron Head|p2b: Ninetales
|-supereffective|p2b: Ninetales|2
|-damage|p2b: Ninetales|0 fnt
|faint|p2b: Ninetales
|move|p1a: Farigiraf|Trick Room|p1a: Farigiraf
|-fieldstart|move: Trick Room|[of] p1a: Farigiraf
|
|-weather|Snowscape|[upkeep]
|upkeep
|j| ilovenico
|c|☆trytrysee|請多多指教
|inactive|toufu723 has 30 seconds left.
|
|t:|1785596637
|switch|p2b: Kommo-o|Kommo-o, L50, M|100/100
|turn|2
|
|t:|1785596658
|switch|p1a: Drampa|Drampa, L50, M|100/100
|-ability|p1a: Drampa|Cloud Nine
|detailschange|p1b: Mawile|Mawile-Mega, L50, F
|-mega|p1b: Mawile|Mawile|Mawilite
|detailschange|p2a: Charizard|Charizard-Mega-Y, L50, M
|-mega|p2a: Charizard|Charizard|Charizardite Y
|-weather|SunnyDay|[from] ability: Drought|[of] p2a: Charizard
|move|p2b: Kommo-o|Protect|p2b: Kommo-o
|-singleturn|p2b: Kommo-o|Protect
|move|p1b: Mawile|Play Rough|p2b: Kommo-o
|-activate|p2b: Kommo-o|move: Protect
|move|p2a: Charizard|Heat Wave|p1a: Drampa|[spread] p1a,p1b
|-resisted|p1a: Drampa|1
|-supereffective|p1b: Mawile|1
|-damage|p1a: Drampa|81/100
|-damage|p1b: Mawile|0 fnt
|faint|p1b: Mawile
|
|-weather|SunnyDay|[upkeep]
|-heal|p1a: Drampa|87/100|[from] item: Leftovers
|upkeep
|j| sky yeh
|
|t:|1785596678
|switch|p1b: Farigiraf|Farigiraf, L50, M|64/100
|turn|3
|j| Jason0103
|inactive|toufu723 has 30 seconds left.
|inactive|toufu723 has 20 seconds left.
|
|t:|1785596714
|move|p1a: Drampa|Hyper Voice|p2a: Charizard|[spread] p2a
|-immune|p2b: Kommo-o|[from] ability: Soundproof
|-damage|p2a: Charizard|66/100
|move|p1b: Farigiraf|Psychic|p2b: Kommo-o
|-supereffective|p2b: Kommo-o|1
|-damage|p2b: Kommo-o|21/100
|move|p2a: Charizard|Heat Wave|p1a: Drampa|[spread] p1a,p1b
|-resisted|p1a: Drampa|1
|-damage|p1a: Drampa|67/100
|-damage|p1b: Farigiraf|28/100
|-enditem|p1b: Farigiraf|Sitrus Berry|[eat]
|-heal|p1b: Farigiraf|53/100|[from] item: Sitrus Berry
|move|p2b: Kommo-o|Clanging Scales|p1b: Farigiraf|[spread] p1a,p1b
|-supereffective|p1a: Drampa|1
|-damage|p1a: Drampa|0 fnt
|-damage|p1b: Farigiraf|1/100
|faint|p1a: Drampa
|-unboost|p2b: Kommo-o|def|1
|-damage|p2b: Kommo-o|11/100|[from] item: Life Orb
|
|-weather|SunnyDay|[upkeep]
|upkeep
|
|t:|1785596732
|switch|p1a: Araquanid|Araquanid, L50, F|100/100
|turn|4
|inactive|toufu723 has 30 seconds left.
|inactive|toufu723 has 20 seconds left.
|inactive|toufu723 has 15 seconds left.
|
|t:|1785596775
|switch|p2a: Whimsicott|Whimsicott, L50, F|100/100
|move|p2b: Kommo-o|Protect|p2b: Kommo-o
|-singleturn|p2b: Kommo-o|Protect
|move|p1a: Araquanid|Liquidation|p2a: Whimsicott
|-resisted|p2a: Whimsicott|1
|-damage|p2a: Whimsicott|72/100
|move|p1b: Farigiraf|Psychic|p2b: Kommo-o
|-activate|p2b: Kommo-o|move: Protect
|
|-weather|SunnyDay|[upkeep]
|upkeep
|turn|5
|inactive|trytrysee has 30 seconds left.
|l| Edward0516
|inactive|trytrysee has 20 seconds left.
|
|t:|1785596811
|switch|p2b: Charizard|Charizard-Mega-Y, L50, M|66/100
|move|p1a: Araquanid|Liquidation|p2b: Charizard
|-supereffective|p2b: Charizard|1
|-damage|p2b: Charizard|1/100
|move|p1b: Farigiraf|Psychic|p2a: Whimsicott
|-damage|p2a: Whimsicott|17/100
|move|p2a: Whimsicott|Moonblast|p1b: Farigiraf
|-damage|p1b: Farigiraf|0 fnt
|faint|p1b: Farigiraf
|
|-weather|SunnyDay|[upkeep]
|-fieldend|move: Trick Room
|upkeep
|turn|6
|j| Edward0516
|inactive|toufu723 has 30 seconds left.
|
|t:|1785596842
|move|p2a: Whimsicott|Moonblast|p1a: Araquanid
|-damage|p1a: Araquanid|72/100
|move|p2b: Charizard|Solar Beam||[still]
|-prepare|p2b: Charizard|Solar Beam
|-anim|p2b: Charizard|Solar Beam|p1a: Araquanid
|-damage|p1a: Araquanid|42/100
|move|p1a: Araquanid|Liquidation|p2b: Charizard
|-supereffective|p2b: Charizard|1
|-damage|p2b: Charizard|0 fnt
|faint|p2b: Charizard
|
|-weather|none
|upkeep
|
|t:|1785596854
|switch|p2b: Kommo-o|Kommo-o, L50, M|11/100
|turn|7
|
|t:|1785596864
|move|p2a: Whimsicott|Moonblast|p1a: Araquanid
|-damage|p1a: Araquanid|13/100
|move|p2b: Kommo-o|Clanging Scales|p1a: Araquanid
|-damage|p1a: Araquanid|0 fnt
|faint|p1a: Araquanid
|-damage|p2b: Kommo-o|1/100|[from] item: Life Orb
|
|win|toufu723
||toufu723 is ready for game 2.
||trytrysee is ready for game 2.
|uhtml|next|Next: Game 2 of 3
|j| 1Pat_mud
|l| Jason0103
|l| 1Pat_mud
|l| Edward0516
|l| sky yeh
