|j|☆WHERE IS MY WALLET
|j|☆Yenabi
|html|WHERE IS MY WALLETYenabi    
|uhtml|bestof|Game 2 of a best-of-3
|t:|1756413129
|gametype|doubles
|player|p1|WHERE IS MY WALLET|miku-fire|1126
|player|p2|Yenabi|1|1097
|gen|9
|tier|[Gen 9] VGC 2025 Reg H (Bo3)
|rated|
|rule|Species Clause: Limit one of each Pokémon
|rule|Item Clause: Limit 1 of each item
|clearpoke
|poke|p1|Garganacl, L50, M|
|poke|p1|Dondozo, L50, M|
|poke|p1|Sneasler, L50, F|
|poke|p1|Ninetales-Alola, L50, F|
|poke|p1|Incineroar, L50, F|
|poke|p1|Tatsugiri, L50, M|
|poke|p2|Archaludon, L50, F|
|poke|p2|Dragonite, L50, M|
|poke|p2|Pelipper, L50, F|
|poke|p2|Ursaluna, L50, M|
|poke|p2|Sinistcha, L50|
|poke|p2|Gholdengo, L50|
|teampreview|4
|showteam|p1|Garganacl||MarangaBerry|PurifyingSalt|SaltCure,StealthRock,Protect,Recover|||M|||50|,,,,,Flying]Dondozo||Leftovers|Unaware|OrderUp,Yawn,WaveCrash,Protect|||M|||50|,,,,,Grass]Sneasler||FocusSash|PoisonTouch|DireClaw,CloseCombat,Coaching,Protect|||F|||50|,,,,,Ghost]Ninetales-Alola||NeverMeltIce|SnowWarning|Blizzard,FreezeDry,Protect,AuroraVeil|||F|||50|,,,,,Ice]Incineroar||AssaultVest|Intimidate|FlareBlitz,KnockOff,FakeOut,DrainPunch|||F|||50|,,,,,Grass]Tatsugiri||ChoiceScarf|Commander|MuddyWater,IcyWind,DragonPulse,DracoMeteor|||M|||50|,,,,,Stellar
|showteam|p2|Archaludon||AssaultVest|Stamina|FlashCannon,BodyPress,ElectroShot,Snarl|||F|||50|,,,,,Fighting]Dragonite||LoadedDice|Multiscale|ScaleShot,Tailwind,Haze,Protect|||M|||50|,,,,,Fairy]Pelipper||FocusSash|Drizzle|MuddyWater,Hurricane,Tailwind,Protect|||F|||50|,,,,,Ghost]Ursaluna||FlameOrb|Guts|Facade,HeadlongRush,Earthquake,Protect|||M|||50|,,,,,Ghost]Sinistcha||SitrusBerry|Hospitality|MatchaGotcha,LifeDew,RagePowder,TrickRoom||||||50|,,,,,Dark]Gholdengo||ChoiceScarf|GoodasGold|MakeItRain,ShadowBall,PowerGem,Trick||||||50|,,,,,Flying
|c|☆WHERE IS MY WALLET|I THOUGHT I WAS PLAYING BO1
|l|☆WHERE IS MY WALLET
|player|p1|
|j|☆WHERE IS MY WALLET
|player|p1|WHERE IS MY WALLET|miku-fire|
|
|t:|1756413177
|teamsize|p1|4
|teamsize|p2|4
|start
|switch|p1a: Garganacl|Garganacl, L50, M|100/100
|switch|p1b: Incineroar|Incineroar, L50, F|100/100
|switch|p2a: Archaludon|Archaludon, L50, F|100/100
|switch|p2b: Dragonite|Dragonite, L50, M|100/100
|-ability|p1b: Incineroar|Intimidate|boost
|-unboost|p2a: Archaludon|atk|1
|-unboost|p2b: Dragonite|atk|1
|turn|1
|l|☆WHERE IS MY WALLET
|player|p1|
|j|☆WHERE IS MY WALLET
|player|p1|WHERE IS MY WALLET|miku-fire|
|
|t:|1756413212
|-terastallize|p2a: Archaludon|Fighting
|move|p1b: Incineroar|Fake Out|p2b: Dragonite
|-damage|p2b: Dragonite|94/100
|cant|p2b: Dragonite|flinch
|move|p2a: Archaludon|Body Press|p1b: Incineroar
|-supereffective|p1b: Incineroar
|-damage|p1b: Incineroar|23/100
|move|p1a: Garganacl|Stealth Rock|p2b: Dragonite
|-sidestart|p2: Yenabi|move: Stealth Rock
|
|upkeep
|turn|2
|l|☆WHERE IS MY WALLET
|player|p1|
|j|☆WHERE IS MY WALLET
|player|p1|WHERE IS MY WALLET|miku-fire|
|
|t:|1756413258
|-terastallize|p1a: Garganacl|Flying
|move|p2b: Dragonite|Tailwind|p2b: Dragonite
|-sidestart|p2: Yenabi|move: Tailwind
|move|p2a: Archaludon|Body Press|p1b: Incineroar
|-supereffective|p1b: Incineroar
|-damage|p1b: Incineroar|0 fnt
|faint|p1b: Incineroar
|move|p1a: Garganacl|Salt Cure|p2b: Dragonite
|-supereffective|p2b: Dragonite
|-damage|p2b: Dragonite|58/100
|-start|p2b: Dragonite|Salt Cure
|
|-damage|p2b: Dragonite|46/100|[from] Salt Cure
|upkeep
|
|t:|1756413266
|switch|p1b: Dondozo|Dondozo, L50, M|100/100
|turn|3
|l|☆WHERE IS MY WALLET
|player|p1|
|j|☆WHERE IS MY WALLET
|player|p1|WHERE IS MY WALLET|miku-fire|
|
|t:|1756413310
|switch|p2b: Pelipper|Pelipper, L50, F|100/100
|-damage|p2b: Pelipper|75/100|[from] Stealth Rock
|-weather|RainDance|[from] ability: Drizzle|[of] p2b: Pelipper
|move|p2a: Archaludon|Electro Shot||[still]
|-prepare|p2a: Archaludon|Electro Shot
|-boost|p2a: Archaludon|spa|1
|-anim|p2a: Archaludon|Electro Shot|p1b: Dondozo
|-supereffective|p1b: Dondozo
|-crit|p1b: Dondozo
|-damage|p1b: Dondozo|15/100
|move|p1b: Dondozo|Order Up|p2b: Pelipper
|-damage|p2b: Pelipper|48/100
|move|p1a: Garganacl|Recover||[still]
|-fail|p1a: Garganacl|heal
|
|-weather|RainDance|[upkeep]
|-heal|p1b: Dondozo|21/100|[from] item: Leftovers
|upkeep
|turn|4
|l|☆WHERE IS MY WALLET
|player|p1|
|
|t:|1756413370
|switch|p2b: Dragonite|Dragonite, L50, M|46/100
|-damage|p2b: Dragonite|21/100|[from] Stealth Rock
|move|p1b: Dondozo|Protect|p1b: Dondozo
|-singleturn|p1b: Dondozo|Protect
|move|p2a: Archaludon|Body Press|p1b: Dondozo
|-activate|p1b: Dondozo|move: Protect
|move|p1a: Garganacl|Salt Cure|p2b: Dragonite
|-supereffective|p2b: Dragonite
|-damage|p2b: Dragonite|0 fnt
|faint|p2b: Dragonite
|
|-weather|RainDance|[upkeep]
|-heal|p1b: Dondozo|27/100|[from] item: Leftovers
|upkeep
|j|☆WHERE IS MY WALLET
|player|p1|WHERE IS MY WALLET|miku-fire|
|
|t:|1756413387
|switch|p2b: Sinistcha|Sinistcha, L50|100/100
|-damage|p2b: Sinistcha|88/100|[from] Stealth Rock
|turn|5
|l|☆WHERE IS MY WALLET
|player|p1|
|
|t:|1756413413
|switch|p1a: Ninetales|Ninetales-Alola, L50, F|100/100
|-weather|Snowscape|[from] ability: Snow Warning|[of] p1a: Ninetales
|move|p2a: Archaludon|Body Press|p1b: Dondozo
|-damage|p1b: Dondozo|1/100
|move|p1b: Dondozo|Yawn|p2a: Archaludon
|-start|p2a: Archaludon|move: Yawn|[of] p1b: Dondozo
|move|p2b: Sinistcha|Trick Room|p2b: Sinistcha
|-fieldstart|move: Trick Room|[of] p2b: Sinistcha
|
|-weather|Snowscape|[upkeep]
|-heal|p1b: Dondozo|8/100|[from] item: Leftovers
|-sideend|p2: Yenabi|move: Tailwind
|upkeep
|turn|6
|j|☆WHERE IS MY WALLET
|player|p1|WHERE IS MY WALLET|miku-fire|
|l|☆WHERE IS MY WALLET
|player|p1|
|j|☆WHERE IS MY WALLET
|player|p1|WHERE IS MY WALLET|miku-fire|
|
|t:|1756413475
|switch|p2b: Pelipper|Pelipper, L50, F|48/100
|-damage|p2b: Pelipper|23/100|[from] Stealth Rock
|-weather|RainDance|[from] ability: Drizzle|[of] p2b: Pelipper
|switch|p1a: Garganacl|Garganacl, L50, M, tera:Flying|100/100
|move|p1b: Dondozo|Yawn|p2b: Pelipper
|-start|p2b: Pelipper|move: Yawn|[of] p1b: Dondozo
|move|p2a: Archaludon|Electro Shot||[still]
|-prepare|p2a: Archaludon|Electro Shot
|-boost|p2a: Archaludon|spa|1
|-anim|p2a: Archaludon|Electro Shot|p1a: Garganacl
|-supereffective|p1a: Garganacl
|-damage|p1a: Garganacl|0 fnt
|faint|p1a: Garganacl
|
|-weather|RainDance|[upkeep]
|-heal|p1b: Dondozo|14/100|[from] item: Leftovers
|-end|p2a: Archaludon|move: Yawn|[silent]
|-status|p2a: Archaludon|slp
|upkeep
|
|t:|1756413491
|switch|p1a: Ninetales|Ninetales-Alola, L50, F|100/100
|-weather|Snowscape|[from] ability: Snow Warning|[of] p1a: Ninetales
|turn|7
|
|t:|1756413525
|move|p1b: Dondozo|Order Up|p2b: Pelipper
|-damage|p2b: Pelipper|0 fnt
|faint|p2b: Pelipper
|cant|p2a: Archaludon|slp
|move|p1a: Ninetales|Blizzard|p2a: Archaludon
|-damage|p2a: Archaludon|67/100 slp
|-ability|p2a: Archaludon|Stamina|boost
|-boost|p2a: Archaludon|def|1
|
|-weather|Snowscape|[upkeep]
|-heal|p1b: Dondozo|20/100|[from] item: Leftovers
|upkeep
|
|t:|1756413535
|switch|p2b: Sinistcha|Sinistcha, L50|88/100
|-damage|p2b: Sinistcha|76/100|[from] Stealth Rock
|-heal|p2a: Archaludon|92/100 slp|[from] ability: Hospitality|[of] p2b: Sinistcha
|turn|8
|
|t:|1756413547
|move|p1b: Dondozo|Protect|p1b: Dondozo
|-singleturn|p1b: Dondozo|Protect
|move|p2b: Sinistcha|Matcha Gotcha|p1a: Ninetales|[spread] p1a
|-activate|p1b: Dondozo|move: Protect
|-damage|p1a: Ninetales|69/100
|-heal|p2b: Sinistcha|89/100|[from] drain|[of] p1a: Ninetales
|-status|p1a: Ninetales|brn
|cant|p2a: Archaludon|slp
|move|p1a: Ninetales|Blizzard|p2b: Sinistcha|[spread] p2a,p2b
|-supereffective|p2b: Sinistcha
|-damage|p2a: Archaludon|69/100 slp
|-damage|p2b: Sinistcha|21/100
|-ability|p2a: Archaludon|Stamina|boost
|-boost|p2a: Archaludon|def|1
|-enditem|p2b: Sinistcha|Sitrus Berry|[eat]
|-heal|p2b: Sinistcha|45/100|[from] item: Sitrus Berry
|
|-weather|Snowscape|[upkeep]
|-heal|p1b: Dondozo|26/100|[from] item: Leftovers
|-damage|p1a: Ninetales|63/100 brn|[from] brn
|upkeep
|turn|9
|l|☆WHERE IS MY WALLET
|player|p1|
|j|☆WHERE IS MY WALLET
|player|p1|WHERE IS MY WALLET|miku-fire|
|
|t:|1756413575
|move|p1b: Dondozo|Wave Crash|p2a: Archaludon
|-damage|p2a: Archaludon|39/100 slp
|-ability|p2a: Archaludon|Stamina|boost
|-boost|p2a: Archaludon|def|1
|-damage|p1b: Dondozo|18/100|[from] Recoil
|move|p2b: Sinistcha|Matcha Gotcha|p1b: Dondozo|[spread] p1a,p1b
|-supereffective|p1b: Dondozo
|-damage|p1a: Ninetales|33/100 brn
|-heal|p2b: Sinistcha|58/100|[from] drain|[of] p1a: Ninetales
|-damage|p1b: Dondozo|0 fnt
|-heal|p2b: Sinistcha|70/100|[from] drain|[of] p1b: Dondozo
|faint|p1b: Dondozo
|-curestatus|p2a: Archaludon|slp|[msg]
|move|p2a: Archaludon|Flash Cannon|p1a: Ninetales
|-supereffective|p1a: Ninetales
|-damage|p1a: Ninetales|0 fnt
|faint|p1a: Ninetales
|
|win|Yenabi
