|j|☆new mental
|j|☆raksbach
|html|new mentalraksbach    
|uhtml|bestof|Game 1 of a best-of-3
|t:|1786027925
|gametype|doubles
|player|p1|new mental|volkner|
|player|p2|raksbach|doubleteam|
|gen|9
|tier|[Gen 9 Champions] VGC 2026 Reg M-B (Bo3)
|rule|Species Clause: Limit one of each Pokémon
|rule|Item Clause: Limit 1 of each item
|clearpoke
|poke|p1|Charizard, L50, M|
|poke|p1|Garchomp, L50, M|
|poke|p1|Incineroar, L50, M|
|poke|p1|Venusaur, L50, M|
|poke|p1|Toxapex, L50, F|
|poke|p1|Sylveon, L50, F|
|poke|p2|Raichu, L50, F|
|poke|p2|Staraptor, L50, F|
|poke|p2|Arcanine-Hisui, L50, M|
|poke|p2|Farigiraf, L50, M|
|poke|p2|Sylveon, L50, F|
|poke|p2|Kingambit, L50, M|
|teampreview|4
|showteam|p1|Charizard||CharizarditeY|Blaze|WeatherBall,HeatWave,AncientPower,Protect|Modest||M|||50|]Garchomp||ChoiceScarf|RoughSkin|RockSlide,DragonClaw,Earthquake,StompingTantrum|Adamant||M|||50|]Incineroar||SitrusBerry|Intimidate|FlareBlitz,FakeOut,DarkestLariat,PartingShot|Impish||M|||50|]Venusaur||LifeOrb|Chlorophyll|SludgeBomb,LeafStorm,EarthPower,Protect|Modest||M|||50|]Toxapex||Leftovers|Regenerator|Infestation,Toxic,WideGuard,BanefulBunker|Bold||F|||50|]Sylveon||FairyFeather|Pixilate|HyperVoice,QuickAttack,Yawn,Detect|Modest||F|||50|
|showteam|p2|Raichu||RaichuniteY|LightningRod|ZapCannon,FocusBlast,FakeOut,Protect|Timid||F|||50|]Staraptor||Staraptite|Intimidate|CloseCombat,DualWingbeat,Tailwind,Protect|Jolly||F|||50|]Arcanine-Hisui||FocusSash|RockHead|FlareBlitz,HeadSmash,ExtremeSpeed,Protect|Jolly||M|||50|]Farigiraf||SitrusBerry|ArmorTail|Psychic,HelpingHand,TrickRoom,Protect|Calm||M|||50|]Sylveon||FairyFeather|Pixilate|HyperVoice,QuickAttack,HyperBeam,Detect|Modest||F|||50|]Kingambit||LifeOrb|Defiant|KowtowCleave,SuckerPunch,SwordsDance,Protect|Adamant||M|||50|
|inactive|Battle timer is ON: inactive players will automatically lose when time's up. (requested by raksbach)
|
|t:|1786027956
|teamsize|p1|4
|teamsize|p2|4
|start
|switch|p1a: Toxapex|Toxapex, L50, F|100/100
|switch|p1b: Incineroar|Incineroar, L50, M|100/100
|switch|p2a: Staraptor|Staraptor, L50, F|100/100
|switch|p2b: Arcanine|Arcanine-Hisui, L50, M|100/100
|-ability|p2a: Staraptor|Intimidate|boost
|-unboost|p1a: Toxapex|atk|1
|-unboost|p1b: Incineroar|atk|1
|-ability|p1b: Incineroar|Intimidate|boost
|-unboost|p2a: Staraptor|atk|1
|-unboost|p2b: Arcanine|atk|1
|turn|1
|inactive|raksbach has 30 seconds left.
|
|t:|1786027986
|switch|p2b: Farigiraf|Farigiraf, L50, M|100/100
|move|p1b: Incineroar|Fake Out||[still]
|cant|p2b: Farigiraf|ability: Armor Tail|Fake Out|[of] p1b: Incineroar
|move|p2a: Staraptor|Close Combat|p1b: Incineroar
|-supereffective|p1b: Incineroar|1
|-damage|p1b: Incineroar|62/100
|-unboost|p2a: Staraptor|def|1
|-unboost|p2a: Staraptor|spd|1
|move|p1a: Toxapex|Toxic|p2b: Farigiraf
|-status|p2b: Farigiraf|tox
|
|-damage|p2b: Farigiraf|93/100 tox|[from] psn
|upkeep
|turn|2
|inactive|raksbach has 30 seconds left.
|inactive|raksbach has 20 seconds left.
|inactive|raksbach has 15 seconds left.
|inactive|raksbach has 10 seconds left.
|
|t:|1786028034
|detailschange|p2a: Staraptor|Staraptor-Mega, L50, F
|-mega|p2a: Staraptor|Staraptor|Staraptite
|move|p2a: Staraptor|Dual Wingbeat|p1a: Toxapex
|-damage|p1a: Toxapex|89/100
|-damage|p1a: Toxapex|79/100
|-hitcount|p1a: Toxapex|2
|move|p1b: Incineroar|Parting Shot|p2b: Farigiraf
|-unboost|p2b: Farigiraf|atk|1
|-unboost|p2b: Farigiraf|spa|1
|
|t:|1786028048
|switch|p1b: Charizard|Charizard, L50, M|100/100|[from] Parting Shot
|move|p2b: Farigiraf|Psychic|p1a: Toxapex
|-supereffective|p1a: Toxapex|1
|-damage|p1a: Toxapex|45/100
|move|p1a: Toxapex|Toxic|p2a: Staraptor
|-status|p2a: Staraptor|tox
|
|-heal|p1a: Toxapex|50/100g|[from] item: Leftovers
|-damage|p2a: Staraptor|94/100 tox|[from] psn
|-damage|p2b: Farigiraf|81/100 tox|[from] psn
|upkeep
|turn|3
|
|t:|1786028064
|switch|p2a: Arcanine|Arcanine-Hisui, L50, M|100/100
|switch|p2b: Sylveon|Sylveon, L50, F|100/100
|-heal|p1a: Toxapex|84/100|[from] ability: Regenerator|[silent]
|switch|p1a: Incineroar|Incineroar, L50, M|62/100
|-ability|p1a: Incineroar|Intimidate|boost
|-unboost|p2a: Arcanine|atk|1
|-unboost|p2b: Sylveon|atk|1
|detailschange|p1b: Charizard|Charizard-Mega-Y, L50, M
|-mega|p1b: Charizard|Charizard|Charizardite Y
|-weather|SunnyDay|[from] ability: Drought|[of] p1b: Charizard
|move|p1b: Charizard|Heat Wave|p2b: Sylveon|[spread] p2a,p2b
|-resisted|p2a: Arcanine|2
|-damage|p2a: Arcanine|79/100
|-damage|p2b: Sylveon|49/100
|
|-weather|SunnyDay|[upkeep]
|upkeep
|turn|4
|
|t:|1786028083
|switch|p2b: Farigiraf|Farigiraf, L50, M|81/100 tox
|move|p1a: Incineroar|Fake Out||[still]
|cant|p2b: Farigiraf|ability: Armor Tail|Fake Out|[of] p1a: Incineroar
|move|p2a: Arcanine|Head Smash|p1a: Incineroar
|-supereffective|p1a: Incineroar|1
|-damage|p1a: Incineroar|0 fnt
|faint|p1a: Incineroar
|move|p1b: Charizard|Weather Ball|p2b: Farigiraf
|-damage|p2b: Farigiraf|12/100 tox
|-enditem|p2b: Farigiraf|Sitrus Berry|[eat]
|-heal|p2b: Farigiraf|37/100 tox|[from] item: Sitrus Berry
|
|-weather|SunnyDay|[upkeep]
|-damage|p2b: Farigiraf|31/100 tox|[from] psn
|upkeep
|inactive|new mental has 30 seconds left.
|inactive|new mental has 20 seconds left.
|
|t:|1786028118
|switch|p1a: Garchomp|Garchomp, L50, M|100/100
|turn|5
|
|t:|1786028129
|switch|p2a: Staraptor|Staraptor-Mega, L50, F|94/100 tox
|move|p1a: Garchomp|Earthquake|p2b: Farigiraf|[spread] p2b
|-immune|p1b: Charizard
|-immune|p2a: Staraptor
|-damage|p2b: Farigiraf|0 fnt
|faint|p2b: Farigiraf
|move|p1b: Charizard|Heat Wave|p2a: Staraptor
|-damage|p2a: Staraptor|0 fnt
|faint|p2a: Staraptor
|
|-weather|SunnyDay|[upkeep]
|upkeep
|-message|raksbach forfeited.
|
|win|new mental
