|j|☆neilodcs
|j|☆LNBeezy
|html|neilodcsLNBeezy    
|uhtml|bestof|Game 1 of a best-of-3
|t:|1756918319
|gametype|doubles
|player|p1|neilodcs|101|
|player|p2|LNBeezy|266|
|gen|9
|tier|[Gen 9] VGC 2025 Reg H (Bo3)
|rule|Species Clause: Limit one of each Pokémon
|rule|Item Clause: Limit 1 of each item
|clearpoke
|poke|p1|Gholdengo, L50|
|poke|p1|Tyranitar, L50, F|
|poke|p1|Amoonguss, L50, F|
|poke|p1|Kilowattrel, L50, F|
|poke|p1|Garchomp, L50, F|
|poke|p1|Incineroar, L50, M|
|poke|p2|Rillaboom, L50, M|
|poke|p2|Dragonite, L50, M|
|poke|p2|Sneasler, L50, M|
|poke|p2|Kingambit, L50, M|
|poke|p2|Electabuzz, L50, M|
|poke|p2|Volcarona, L50, M|
|teampreview|4
|showteam|p1|Gholdengo||MetalCoat|GoodasGold|MakeItRain,ShadowBall,NastyPlot,Protect||||||50|,,,,,Flying]Tyranitar||AssaultVest|SandStream|RockSlide,KnockOff,LowKick,TeraBlast|||F|||50|,,,,,Flying]Amoonguss||SitrusBerry|Regenerator|Spore,RagePowder,PollenPuff,Protect|||F|||50|,,,,,Water]Kilowattrel||CovertCloak|Competitive|Thunderbolt,AirSlash,Tailwind,Protect|||F|||50|,,,,,Fairy]Garchomp||LifeOrb|RoughSkin|DragonClaw,Earthquake,StompingTantrum,Protect|||F|||50|,,,,,Fire]Incineroar||SafetyGoggles|Intimidate|KnockOff,FakeOut,FlareBlitz,PartingShot|||M|||50|,,,,,Ghost
|showteam|p2|Rillaboom||AssaultVest|GrassySurge|FakeOut,GrassyGlide,WoodHammer,HighHorsepower|||M|||50|,,,,,Fire]Dragonite||LoadedDice|Multiscale|ExtremeSpeed,ScaleShot,Haze,Protect|||M|||50|,,,,,Steel]Sneasler||FocusSash|Unburden|FakeOut,DireClaw,CloseCombat,Coaching|||M|||50|,,,,,Stellar]Kingambit||BlackGlasses|Defiant|SuckerPunch,KowtowCleave,SwordsDance,Protect|||M|||50|,,,,,Dark]Electabuzz||Eviolite|VitalSpirit|Electroweb,Taunt,FollowMe,Protect|||M|||50|,,,,,Ghost]Volcarona||Leftovers|FlameBody|HeatWave,TeraBlast,QuiverDance,Protect|||M|||50|,,,,,Fairy
|
|t:|1756918507
|teamsize|p1|4
|teamsize|p2|4
|start
|switch|p1a: Gholdengo|Gholdengo, L50|100/100
|switch|p1b: Kilowattrel|Kilowattrel, L50, F|100/100
|switch|p2a: Kingambit|Kingambit, L50, M|100/100
|switch|p2b: Electabuzz|Electabuzz, L50, M|100/100
|turn|1
|
|t:|1756918584
|switch|p1a: Amoonguss|Amoonguss, L50, F|100/100
|move|p1b: Kilowattrel|Thunderbolt|p2a: Kingambit
|-damage|p2a: Kingambit|66/100
|move|p2b: Electabuzz|Taunt|p1b: Kilowattrel
|-start|p1b: Kilowattrel|move: Taunt
|move|p2a: Kingambit|Swords Dance|p2a: Kingambit
|-boost|p2a: Kingambit|atk|2
|
|upkeep
|turn|2
|
|t:|1756918623
|switch|p1b: Garchomp|Garchomp, L50, F|100/100
|-terastallize|p2a: Kingambit|Dark
|move|p2b: Electabuzz|Taunt|p1a: Amoonguss
|-start|p1a: Amoonguss|move: Taunt
|move|p2a: Kingambit|Kowtow Cleave|p1b: Garchomp
|-damage|p1b: Garchomp|0 fnt
|-damage|p2a: Kingambit|54/100|[from] ability: Rough Skin|[of] p1b: Garchomp
|faint|p1b: Garchomp
|cant|p1a: Amoonguss|move: Taunt|Spore
|
|upkeep
|
|t:|1756918640
|switch|p1b: Kilowattrel|Kilowattrel, L50, F|100/100
|turn|3
|
|t:|1756918662
|move|p2b: Electabuzz|Follow Me|p2b: Electabuzz
|-singleturn|p2b: Electabuzz|move: Follow Me
|move|p1b: Kilowattrel|Thunderbolt|p2b: Electabuzz
|-resisted|p2b: Electabuzz
|-crit|p2b: Electabuzz
|-damage|p2b: Electabuzz|80/100
|move|p2a: Kingambit|Kowtow Cleave|p1b: Kilowattrel
|-damage|p1b: Kilowattrel|0 fnt
|faint|p1b: Kilowattrel
|move|p1a: Amoonguss|Pollen Puff|p2b: Electabuzz
|-damage|p2b: Electabuzz|66/100
|
|upkeep
|
|t:|1756918672
|switch|p1b: Gholdengo|Gholdengo, L50|100/100
|turn|4
|
|t:|1756918696
|-terastallize|p1b: Gholdengo|Flying
|move|p2b: Electabuzz|Follow Me|p2b: Electabuzz
|-singleturn|p2b: Electabuzz|move: Follow Me
|move|p2a: Kingambit|Sucker Punch||[still]
|-fail|p2a: Kingambit
|move|p1b: Gholdengo|Nasty Plot|p1b: Gholdengo
|-boost|p1b: Gholdengo|spa|2
|move|p1a: Amoonguss|Pollen Puff|p2b: Electabuzz
|-damage|p2b: Electabuzz|51/100
|
|-end|p1a: Amoonguss|move: Taunt
|upkeep
|turn|5
|
|t:|1756918772
|move|p2a: Kingambit|Protect|p2a: Kingambit
|-singleturn|p2a: Kingambit|Protect
|move|p1a: Amoonguss|Rage Powder|p1a: Amoonguss
|-singleturn|p1a: Amoonguss|move: Rage Powder
|move|p1b: Gholdengo|Make It Rain|p2a: Kingambit|[spread] p2b
|-activate|p2a: Kingambit|move: Protect
|-resisted|p2b: Electabuzz
|-crit|p2b: Electabuzz
|-damage|p2b: Electabuzz|0 fnt
|-unboost|p1b: Gholdengo|spa|1
|faint|p2b: Electabuzz
|
|upkeep
|
|t:|1756918798
|switch|p2b: Dragonite|Dragonite, L50, M|100/100
|turn|6
|
|t:|1756918838
|switch|p2a: Sneasler|Sneasler, L50, M|100/100
|move|p1b: Gholdengo|Protect|p1b: Gholdengo
|-singleturn|p1b: Gholdengo|Protect
|move|p2b: Dragonite|Haze|p2b: Dragonite
|-clearallboost
|move|p1a: Amoonguss|Pollen Puff|p2b: Dragonite
|-resisted|p2b: Dragonite
|-damage|p2b: Dragonite|96/100
|
|upkeep
|turn|7
|
|t:|1756918904
|move|p2a: Sneasler|Coaching|p2b: Dragonite
|-boost|p2b: Dragonite|atk|1
|-boost|p2b: Dragonite|def|1
|move|p1b: Gholdengo|Shadow Ball|p2a: Sneasler
|-damage|p2a: Sneasler|44/100
|move|p2b: Dragonite|Scale Shot|p1a: Amoonguss
|-damage|p1a: Amoonguss|83/100
|-damage|p1a: Amoonguss|64/100
|-damage|p1a: Amoonguss|46/100
|-enditem|p1a: Amoonguss|Sitrus Berry|[eat]
|-heal|p1a: Amoonguss|71/100|[from] item: Sitrus Berry
|-damage|p1a: Amoonguss|52/100
|-damage|p1a: Amoonguss|35/100
|-hitcount|p1a: Amoonguss|5
|-unboost|p2b: Dragonite|def|1
|-boost|p2b: Dragonite|spe|1
|move|p1a: Amoonguss|Spore|p2b: Dragonite
|-status|p2b: Dragonite|slp|[from] move: Spore
|
|upkeep
|turn|8
|
|t:|1756918954
|cant|p2b: Dragonite|slp
|move|p1a: Amoonguss|Protect|p1a: Amoonguss
|-singleturn|p1a: Amoonguss|Protect
|move|p2a: Sneasler|Close Combat|p1a: Amoonguss
|-activate|p1a: Amoonguss|move: Protect
|move|p1b: Gholdengo|Nasty Plot|p1b: Gholdengo
|-boost|p1b: Gholdengo|spa|2
|
|upkeep
|turn|9
|
|t:|1756918981
|cant|p2b: Dragonite|slp
|move|p1a: Amoonguss|Rage Powder|p1a: Amoonguss
|-singleturn|p1a: Amoonguss|move: Rage Powder
|move|p2a: Sneasler|Close Combat|p1a: Amoonguss
|-resisted|p1a: Amoonguss
|-damage|p1a: Amoonguss|9/100
|-unboost|p2a: Sneasler|def|1
|-unboost|p2a: Sneasler|spd|1
|move|p1b: Gholdengo|Make It Rain|p2a: Sneasler|[spread] p2a,p2b
|-damage|p2a: Sneasler|0 fnt
|-damage|p2b: Dragonite|0 fnt
|-unboost|p1b: Gholdengo|spa|1
|faint|p2a: Sneasler
|faint|p2b: Dragonite
|
|upkeep
|
|t:|1756918994
|switch|p2b: Kingambit|Kingambit, L50, M, tera:Dark|54/100
|turn|10
|
|t:|1756919046
|move|p1a: Amoonguss|Rage Powder|p1a: Amoonguss
|-singleturn|p1a: Amoonguss|move: Rage Powder
|move|p1b: Gholdengo|Make It Rain|p2b: Kingambit
|-damage|p2b: Kingambit|0 fnt
|-unboost|p1b: Gholdengo|spa|1
|faint|p2b: Kingambit
|
|win|neilodcs
