|j|☆0-6day2
|j|☆ryanpowneyissoslay
|html|0-6day2ryanpowneyissoslay    
|uhtml|bestof|Game 2 of a best-of-3
|t:|1756842289
|gametype|doubles
|player|p1|0-6day2|1|1275
|player|p2|ryanpowneyissoslay|ghetsis|1385
|gen|9
|tier|[Gen 9] VGC 2025 Reg H (Bo3)
|rated|
|rule|Species Clause: Limit one of each Pokémon
|rule|Item Clause: Limit 1 of each item
|clearpoke
|poke|p1|Porygon2, L50|
|poke|p1|Gholdengo, L50|
|poke|p1|Incineroar, L50, M|
|poke|p1|Ursaluna, L50, M|
|poke|p1|Amoonguss, L50, F|
|poke|p1|Mienshao, L50, M|
|poke|p2|Dragonite, L50, M|
|poke|p2|Gholdengo, L50|
|poke|p2|Rillaboom, L50, F|
|poke|p2|Ursaluna-Bloodmoon, L50, M|
|poke|p2|Maushold-Four, L50|
|poke|p2|Annihilape, L50, M|
|teampreview|4
|showteam|p1|Porygon2||Eviolite|Download|TeraBlast,IceBeam,Recover,TrickRoom||||||50|,,,,,Fighting]Gholdengo||LifeOrb|GoodasGold|MakeItRain,ShadowBall,NastyPlot,Protect||||||50|,,,,,Dragon]Incineroar||SafetyGoggles|Intimidate|FakeOut,FlareBlitz,KnockOff,PartingShot|||M|||50|,,,,,Ghost]Ursaluna||FlameOrb|Guts|Facade,HeadlongRush,Earthquake,Protect|||M|||50|,,,,,Ghost]Amoonguss||CovertCloak|Regenerator|PollenPuff,Spore,RagePowder,Protect|||F|||50|,,,,,Water]Mienshao||FocusSash|InnerFocus|FakeOut,WideGuard,CloseCombat,KnockOff|||M|||50|,,,,,Stellar
|showteam|p2|Dragonite||LoadedDice|Multiscale|Tailwind,Haze,Protect,ScaleShot|||M|||50|,,,,,Fairy]Gholdengo||LifeOrb|GoodasGold|MakeItRain,ShadowBall,NastyPlot,Protect||||||50|,,,,,Water]Rillaboom||MiracleSeed|GrassySurge|WoodHammer,GrassyGlide,FakeOut,HighHorsepower|||F|||50|,,,,,Fire]Ursaluna-Bloodmoon||AssaultVest|MindsEye|BloodMoon,EarthPower,HyperVoice,VacuumWave|||M|||50|,,,,,Water]Maushold-Four||FocusSash|FriendGuard|SuperFang,FollowMe,BeatUp,Protect||||||50|,,,,,Ghost]Annihilape||SitrusBerry|Defiant|RageFist,DrainPunch,BulkUp,Protect|||M|||50|,,,,,Fire
|inactive|Battle timer is ON: inactive players will automatically lose when time's up. (requested by ryanpowneyissoslay)
|inactive|0-6day2 has 60 seconds left.
|
|t:|1756842322
|teamsize|p1|4
|teamsize|p2|4
|start
|switch|p1a: Porygon2|Porygon2, L50|100/100
|switch|p1b: Amoonguss|Amoonguss, L50, F, shiny|100/100
|switch|p2a: Maushold|Maushold-Four, L50|100/100
|switch|p2b: Annihilape|Annihilape, L50, M|100/100
|-ability|p1a: Porygon2|Download|boost
|-boost|p1a: Porygon2|spa|1
|turn|1
|inactive|ryanpowneyissoslay has 30 seconds left.
|
|t:|1756842349
|move|p2a: Maushold|Super Fang|p1b: Amoonguss
|-damage|p1b: Amoonguss|51/100
|move|p2b: Annihilape|Bulk Up|p2b: Annihilape
|-boost|p2b: Annihilape|atk|1
|-boost|p2b: Annihilape|def|1
|move|p1b: Amoonguss|Spore|p2a: Maushold
|-status|p2a: Maushold|slp|[from] move: Spore
|move|p1a: Porygon2|Trick Room|p1a: Porygon2
|-fieldstart|move: Trick Room|[of] p1a: Porygon2
|
|upkeep
|turn|2
|
|t:|1756842370
|switch|p1a: Ursaluna|Ursaluna, L50, M|100/100
|switch|p2a: Rillaboom|Rillaboom, L50, F|100/100
|-fieldstart|move: Grassy Terrain|[from] ability: Grassy Surge|[of] p2a: Rillaboom
|move|p1b: Amoonguss|Spore|p2b: Annihilape
|-status|p2b: Annihilape|slp|[from] move: Spore
|cant|p2b: Annihilape|slp
|
|-heal|p1b: Amoonguss|57/100|[from] Grassy Terrain
|-status|p1a: Ursaluna|brn|[from] item: Flame Orb
|upkeep
|turn|3
|
|t:|1756842393
|switch|p1b: Porygon2|Porygon2, L50|100/100
|-ability|p1b: Porygon2|Download|boost
|-boost|p1b: Porygon2|spa|1
|-terastallize|p1a: Ursaluna|Ghost
|move|p2a: Rillaboom|Grassy Glide|p1a: Ursaluna
|-damage|p1a: Ursaluna|65/100 brn
|move|p1a: Ursaluna|Facade|p2a: Rillaboom
|-damage|p2a: Rillaboom|0 fnt
|faint|p2a: Rillaboom
|cant|p2b: Annihilape|slp
|
|-heal|p1a: Ursaluna|71/100 brn|[from] Grassy Terrain
|-damage|p1a: Ursaluna|65/100 brn|[from] brn
|upkeep
|
|t:|1756842405
|switch|p2a: Maushold|Maushold-Four, L50|100/100 slp
|turn|4
|
|t:|1756842421
|cant|p2a: Maushold|slp
|move|p1b: Porygon2|Ice Beam|p2b: Annihilape
|-damage|p2b: Annihilape|74/100 slp
|move|p1a: Ursaluna|Headlong Rush|p2b: Annihilape
|-damage|p2b: Annihilape|23/100 slp
|-unboost|p1a: Ursaluna|def|1
|-unboost|p1a: Ursaluna|spd|1
|-enditem|p2b: Annihilape|Sitrus Berry|[eat]
|-heal|p2b: Annihilape|48/100 slp|[from] item: Sitrus Berry
|-curestatus|p2b: Annihilape|slp|[msg]
|move|p2b: Annihilape|Rage Fist|p1a: Ursaluna
|-supereffective|p1a: Ursaluna
|-damage|p1a: Ursaluna|0 fnt
|faint|p1a: Ursaluna
|
|-heal|p2b: Annihilape|54/100|[from] Grassy Terrain
|upkeep
|
|t:|1756842444
|switch|p1a: Amoonguss|Amoonguss, L50, F, shiny|90/100
|turn|5
|
|t:|1756842452
|move|p2b: Annihilape|Protect|p2b: Annihilape
|-singleturn|p2b: Annihilape|Protect
|move|p1a: Amoonguss|Spore|p2b: Annihilape
|-activate|p2b: Annihilape|move: Protect
|move|p1b: Porygon2|Ice Beam|p2a: Maushold
|-damage|p2a: Maushold|44/100 slp
|cant|p2a: Maushold|slp
|
|-heal|p1a: Amoonguss|96/100|[from] Grassy Terrain
|-heal|p2b: Annihilape|61/100|[from] Grassy Terrain
|-heal|p2a: Maushold|50/100 slp|[from] Grassy Terrain
|-fieldend|move: Trick Room
|upkeep
|turn|6
|
|t:|1756842468
|cant|p2a: Maushold|slp
|move|p2b: Annihilape|Drain Punch|p1b: Porygon2
|-supereffective|p1b: Porygon2
|-damage|p1b: Porygon2|46/100
|-heal|p2b: Annihilape|86/100|[from] drain|[of] p1b: Porygon2
|move|p1a: Amoonguss|Spore|p2b: Annihilape
|-status|p2b: Annihilape|slp|[from] move: Spore
|move|p1b: Porygon2|Trick Room|p1b: Porygon2
|-fieldstart|move: Trick Room|[of] p1b: Porygon2
|
|-heal|p1a: Amoonguss|100/100|[from] Grassy Terrain
|-heal|p1b: Porygon2|53/100|[from] Grassy Terrain
|-heal|p2b: Annihilape|92/100 slp|[from] Grassy Terrain
|-heal|p2a: Maushold|56/100 slp|[from] Grassy Terrain
|-fieldend|move: Grassy Terrain
|upkeep
|turn|7
|
|t:|1756842489
|-curestatus|p2a: Maushold|slp|[msg]
|move|p2a: Maushold|Protect|p2a: Maushold
|-singleturn|p2a: Maushold|Protect
|move|p1a: Amoonguss|Spore|p2a: Maushold
|-activate|p2a: Maushold|move: Protect
|move|p1b: Porygon2|Ice Beam|p2b: Annihilape
|-damage|p2b: Annihilape|67/100 slp
|cant|p2b: Annihilape|slp
|
|upkeep
|turn|8
|
|t:|1756842503
|move|p2a: Maushold|Follow Me|p2a: Maushold
|-singleturn|p2a: Maushold|move: Follow Me
|move|p1a: Amoonguss|Spore|p2a: Maushold
|-status|p2a: Maushold|slp|[from] move: Spore
|move|p1b: Porygon2|Recover|p1b: Porygon2
|-heal|p1b: Porygon2|100/100
|cant|p2b: Annihilape|slp
|
|upkeep
|turn|9
|
|t:|1756842516
|cant|p2a: Maushold|slp
|move|p1a: Amoonguss|Spore|p2b: Annihilape
|-fail|p2b: Annihilape|slp
|move|p1b: Porygon2|Ice Beam|p2a: Maushold
|-damage|p2a: Maushold|0 fnt
|faint|p2a: Maushold
|cant|p2b: Annihilape|slp
|
|upkeep
|
|t:|1756842526
|switch|p2a: Dragonite|Dragonite, L50, M|100/100
|turn|10
|inactive|0-6day2 has 30 seconds left.
|
|t:|1756842552
|move|p2a: Dragonite|Protect|p2a: Dragonite
|-singleturn|p2a: Dragonite|Protect
|move|p1a: Amoonguss|Spore|p2a: Dragonite
|-activate|p2a: Dragonite|move: Protect
|move|p1b: Porygon2|Ice Beam|p2b: Annihilape
|-damage|p2b: Annihilape|32/100 slp
|-curestatus|p2b: Annihilape|slp|[msg]
|move|p2b: Annihilape|Rage Fist|p1a: Amoonguss
|-damage|p1a: Amoonguss|0 fnt
|faint|p1a: Amoonguss
|
|-fieldend|move: Trick Room
|upkeep
|
|t:|1756842565
|switch|p1a: Gholdengo|Gholdengo, L50|100/100
|turn|11
|
|t:|1756842572
|-terastallize|p2b: Annihilape|Fire
|move|p1a: Gholdengo|Protect|p1a: Gholdengo
|-singleturn|p1a: Gholdengo|Protect
|move|p2b: Annihilape|Drain Punch|p1b: Porygon2
|-supereffective|p1b: Porygon2
|-damage|p1b: Porygon2|44/100
|-heal|p2b: Annihilape|58/100|[from] drain|[of] p1b: Porygon2
|move|p2a: Dragonite|Scale Shot|p1b: Porygon2
|-damage|p1b: Porygon2|36/100
|-damage|p1b: Porygon2|27/100
|-damage|p1b: Porygon2|18/100
|-damage|p1b: Porygon2|10/100
|-hitcount|p1b: Porygon2|4
|-unboost|p2a: Dragonite|def|1
|-boost|p2a: Dragonite|spe|1
|move|p1b: Porygon2|Trick Room|p1b: Porygon2
|-fieldstart|move: Trick Room|[of] p1b: Porygon2
|
|upkeep
|turn|12
|j| CluelessInSeattle
|inactive|0-6day2 has 30 seconds left.
|inactive|0-6day2 has 20 seconds left.
|inactive|ryanpowneyissoslay has 30 seconds left.
|
|t:|1756842615
|move|p1b: Porygon2|Recover|p1b: Porygon2
|-heal|p1b: Porygon2|60/100
|move|p1a: Gholdengo|Make It Rain|p2b: Annihilape|[spread] p2a,p2b
|-resisted|p2b: Annihilape
|-damage|p2a: Dragonite|68/100
|-damage|p2b: Annihilape|33/100
|-unboost|p1a: Gholdengo|spa|1
|-damage|p1a: Gholdengo|91/100|[from] item: Life Orb
|move|p2b: Annihilape|Rage Fist|p1a: Gholdengo
|-supereffective|p1a: Gholdengo
|-damage|p1a: Gholdengo|0 fnt
|faint|p1a: Gholdengo
|move|p2a: Dragonite|Scale Shot|p1b: Porygon2
|-damage|p1b: Porygon2|50/100
|-damage|p1b: Porygon2|41/100
|-damage|p1b: Porygon2|33/100
|-damage|p1b: Porygon2|23/100
|-hitcount|p1b: Porygon2|4
|-unboost|p2a: Dragonite|def|1
|-boost|p2a: Dragonite|spe|1
|
|upkeep
|turn|13
|
|t:|1756842633
|move|p1b: Porygon2|Ice Beam|p2a: Dragonite
|-supereffective|p2a: Dragonite
|-damage|p2a: Dragonite|0 fnt
|faint|p2a: Dragonite
|move|p2b: Annihilape|Drain Punch|p1b: Porygon2
|-supereffective|p1b: Porygon2
|-damage|p1b: Porygon2|0 fnt
|-heal|p2b: Annihilape|43/100|[from] drain|[of] p1b: Porygon2
|faint|p1b: Porygon2
|
|win|ryanpowneyissoslay
||ryanpowneyissoslay is ready for game 3.
||0-6day2 is ready for game 3.
|uhtml|next|Next: Game 3 of 3
|l| CluelessInSeattle
|l|☆ryanpowneyissoslay
|player|p2|
