|j|☆guillelona
|j|☆redistr
|html|guillelonaredistr    
|uhtml|bestof|Game 2 of a best-of-3
|t:|1785632648
|gametype|doubles
|player|p1|guillelona|1|1271
|player|p2|redistr|chili|1332
|gen|9
|tier|[Gen 9 Champions] VGC 2026 Reg M-B (Bo3)
|rated|
|rule|Species Clause: Limit one of each Pokémon
|rule|Item Clause: Limit 1 of each item
|clearpoke
|poke|p1|Charizard, L50, M|
|poke|p1|Glimmora, L50, M|
|poke|p1|Whimsicott, L50, F|
|poke|p1|Ninetales-Alola, L50, F|
|poke|p1|Kingambit, L50, M|
|poke|p1|Kommo-o, L50, M|
|poke|p2|Farigiraf, L50, F|
|poke|p2|Mawile, L50, F|
|poke|p2|Incineroar, L50, F|
|poke|p2|Charizard, L50, F|
|poke|p2|Venusaur, L50, F|
|poke|p2|Garchomp, L50, F|
|teampreview|4
|showteam|p1|Charizard||CharizarditeY|Blaze|HeatWave,WeatherBall,SolarBeam,Protect|Modest||M|||50|]Glimmora||Glimmoranite|ToxicDebris|SludgeBomb,PowerGem,EarthPower,SpikyShield|Modest||M|||50|]Whimsicott||FocusSash|Prankster|Moonblast,Tailwind,Encore,Protect|Timid||F|||50|]Ninetales-Alola||NeverMeltIce|SnowWarning|Blizzard,FreezeDry,Disable,Protect|Timid||F|||50|]Kingambit||BlackGlasses|Defiant|KowtowCleave,SuckerPunch,IronHead,Protect|Adamant||M|||50|]Kommo-o||LifeOrb|Overcoat|ClangingScales,AuraSphere,VacuumWave,Protect|Modest||M|||50|
|showteam|p2|Farigiraf||ColburBerry|ArmorTail|HelpingHand,TrickRoom,Psychic,Thunderbolt|Relaxed||F|||50|]Mawile||Mawilite|HyperCutter|Protect,PlayRough,RockSlide,SuckerPunch|Brave||F|||50|]Incineroar||SitrusBerry|Intimidate|FakeOut,PartingShot,FlareBlitz,DarkestLariat|Impish||F|||50|]Charizard||CharizarditeY|Blaze|Protect,HeatWave,WeatherBall,SolarBeam|Modest||F|||50|]Venusaur||FocusSash|Chlorophyll|Protect,SleepPowder,LeafStorm,SludgeBomb|Timid||F|||50|]Garchomp||LifeOrb|RoughSkin|Protect,DragonClaw,Earthquake,RockSlide|Jolly||F|||50|
|inactive|Battle timer is ON: inactive players will automatically lose when time's up. (requested by redistr)
|
|t:|1785632676
|teamsize|p1|4
|teamsize|p2|4
|start
|switch|p1a: Glimmora|Glimmora, L50, M|100/100
|switch|p1b: Kingambit|Kingambit, L50, M|100/100
|switch|p2a: DragQueen|Garchomp, L50, F|100/100
|switch|p2b: A Diva|Charizard, L50, F|100/100
|turn|1
|inactive|guillelona has 30 seconds left.
|
|t:|1785632706
|detailschange|p1a: Glimmora|Glimmora-Mega, L50, M
|-mega|p1a: Glimmora|Glimmora|Glimmoranite
|detailschange|p2b: A Diva|Charizard-Mega-Y, L50, F
|-mega|p2b: A Diva|Charizard|Charizardite Y
|-weather|SunnyDay|[from] ability: Drought|[of] p2b: A Diva
|move|p1a: Glimmora|Spiky Shield|p1a: Glimmora
|-singleturn|p1a: Glimmora|move: Protect
|move|p2a: DragQueen|Earthquake|p1b: Kingambit|[spread] p1b
|-activate|p1a: Glimmora|move: Protect
|-immune|p2b: A Diva
|-supereffective|p1b: Kingambit|1
|-damage|p1b: Kingambit|17/100
|-damage|p2a: DragQueen|90/100|[from] item: Life Orb
|move|p2b: A Diva|Heat Wave|p1b: Kingambit|[spread] p1b
|-activate|p1a: Glimmora|move: Protect
|-supereffective|p1b: Kingambit|1
|-damage|p1b: Kingambit|0 fnt
|faint|p1b: Kingambit
|
|-weather|SunnyDay|[upkeep]
|upkeep
|
|t:|1785632720
|switch|p1b: Ninetales|Ninetales-Alola, L50, F|100/100
|-weather|Snowscape|[from] ability: Snow Warning|[of] p1b: Ninetales
|turn|2
|
|t:|1785632739
|switch|p2b: Karma|Incineroar, L50, F|100/100
|-ability|p2b: Karma|Intimidate|boost
|-unboost|p1a: Glimmora|atk|1
|-unboost|p1b: Ninetales|atk|1
|move|p2a: DragQueen|Protect|p2a: DragQueen
|-singleturn|p2a: DragQueen|Protect
|move|p1b: Ninetales|Blizzard|p2b: Karma|[spread] p2b
|-activate|p2a: DragQueen|move: Protect
|-resisted|p2b: Karma|1
|-damage|p2b: Karma|83/100
|move|p1a: Glimmora|Power Gem|p2b: Karma
|-supereffective|p2b: Karma|1
|-damage|p2b: Karma|0 fnt
|faint|p2b: Karma
|
|-weather|Snowscape|[upkeep]
|upkeep
|
|t:|1785632755
|switch|p2b: THE SUN!|Venusaur, L50, F|100/100
|turn|3
|
|t:|1785632774
|switch|p1b: Kommo-o|Kommo-o, L50, M|100/100
|switch|p2a: A Diva|Charizard-Mega-Y, L50, F|100/100
|-weather|SunnyDay|[from] ability: Drought|[of] p2a: A Diva
|move|p2b: THE SUN!|Sleep Powder|p1a: Glimmora
|-status|p1a: Glimmora|slp|[from] move: Sleep Powder
|cant|p1a: Glimmora|slp
|
|-weather|SunnyDay|[upkeep]
|upkeep
|turn|4
|
|t:|1785632792
|switch|p2a: DragQueen|Garchomp, L50, F|90/100
|move|p2b: THE SUN!|Leaf Storm|p1a: Glimmora
|-damage|p1a: Glimmora|33/100 slp
|-unboost|p2b: THE SUN!|spa|2
|cant|p1a: Glimmora|slp
|move|p1b: Kommo-o|Clanging Scales|p2a: DragQueen|[spread] p2a,p2b
|-supereffective|p2a: DragQueen|1
|-damage|p2a: DragQueen|0 fnt
|-damage|p2b: THE SUN!|38/100
|faint|p2a: DragQueen
|-unboost|p1b: Kommo-o|def|1
|-damage|p1b: Kommo-o|90/100|[from] item: Life Orb
|
|-weather|SunnyDay|[upkeep]
|upkeep
|
|t:|1785632798
|switch|p2a: A Diva|Charizard-Mega-Y, L50, F|100/100
|turn|5
|
|t:|1785632810
|switch|p1a: Ninetales|Ninetales-Alola, L50, F|100/100
|-weather|Snowscape|[from] ability: Snow Warning|[of] p1a: Ninetales
|move|p2a: A Diva|Protect|p2a: A Diva
|-singleturn|p2a: A Diva|Protect
|move|p2b: THE SUN!|Leaf Storm|p1a: Ninetales
|-damage|p1a: Ninetales|63/100
|-unboost|p2b: THE SUN!|spa|2
|move|p1b: Kommo-o|Clanging Scales|p2a: A Diva|[spread] p2b
|-activate|p2a: A Diva|move: Protect
|-damage|p2b: THE SUN!|0 fnt
|faint|p2b: THE SUN!
|-unboost|p1b: Kommo-o|def|1
|-damage|p1b: Kommo-o|80/100|[from] item: Life Orb
|
|-weather|Snowscape|[upkeep]
|upkeep
|turn|6
|
|t:|1785632828
|move|p1a: Ninetales|Blizzard|p2a: A Diva
|-damage|p2a: A Diva|49/100
|-status|p2a: A Diva|frz
|move|p1b: Kommo-o|Clanging Scales|p2a: A Diva
|-damage|p2a: A Diva|0 fnt
|faint|p2a: A Diva
|-damage|p1b: Kommo-o|70/100|[from] item: Life Orb
|
|win|guillelona
|raw|guillelona's rating: 1271 → 1300(+29 for winning)
|raw|redistr's rating: 1332 → 1309(-23 for losing)
|l|☆redistr
|player|p2|
