|j|☆Squall413
|j|☆HolgerD
|html|Squall413HolgerD    
|uhtml|bestof|Game 1 of a best-of-3
|t:|1756719174
|gametype|doubles
|player|p1|Squall413|170|1324
|player|p2|HolgerD|265|1317
|gen|9
|tier|[Gen 9] VGC 2025 Reg H (Bo3)
|rated|
|rule|Species Clause: Limit one of each Pokémon
|rule|Item Clause: Limit 1 of each item
|clearpoke
|poke|p1|Incineroar, L50, M|
|poke|p1|Sneasler, L50, M|
|poke|p1|Kingambit, L50, F|
|poke|p1|Electabuzz, L50, F|
|poke|p1|Baxcalibur, L50, F|
|poke|p1|Primarina, L50, F|
|poke|p2|Maushold, L50|
|poke|p2|Pelipper, L50, F|
|poke|p2|Archaludon, L50, M|
|poke|p2|Ursaluna, L50, M|
|poke|p2|Sinistcha, L50|
|poke|p2|Basculegion, L50, M|
|teampreview|4
|showteam|p1|Incineroar||SitrusBerry|Intimidate|FakeOut,PartingShot,FlareBlitz,KnockOff|||M|||50|,,,,,Grass]Sneasler||FocusSash|Unburden|FakeOut,CloseCombat,DireClaw,Coaching|||M|||50|,,,,,Stellar]Kingambit||SafetyGoggles|Defiant|KowtowCleave,SuckerPunch,SwordsDance,Protect|||F|||50|,,,,,Ghost]Electabuzz||Eviolite|VitalSpirit|VoltSwitch,Taunt,FollowMe,Protect|||F|||50|,,,,,Ghost]Baxcalibur||LoadedDice|ThermalExchange|ScaleShot,IcicleSpear,IceShard,Protect|||F|||50|,,,,,Poison]Primarina||ThroatSpray|LiquidVoice|HyperVoice,Moonblast,Haze,Protect|||F|||50|,,,,,Water
|showteam|p2|Maushold||WideLens|Technician|PopulationBomb,FollowMe,Taunt,Protect||||||50|,,,,,Ghost]Pelipper||FocusSash|Drizzle|Hurricane,MuddyWater,Tailwind,Protect|||F|||50|,,,,,Stellar]Archaludon||AssaultVest|Stamina|DragonPulse,ElectroShot,BodyPress,FlashCannon|||M|||50|,,,,,Bug]Ursaluna||FlameOrb|Guts|Facade,HeadlongRush,Earthquake,Protect|||M|||50|,,,,,Ghost]Sinistcha||SitrusBerry|Hospitality|MatchaGotcha,LifeDew,RagePowder,TrickRoom||||||50|,,,,,Dark]Basculegion||ChoiceBand|SwiftSwim|AquaJet,FlipTurn,LastRespects,WaveCrash|||M|||50|,,,,,Water
|inactive|Battle timer is ON: inactive players will automatically lose when time's up. (requested by HolgerD)
|inactive|Squall413 has 60 seconds left.
|
|t:|1756719258
|teamsize|p1|4
|teamsize|p2|4
|start
|switch|p1a: Incineroar|Incineroar, L50, M, shiny|100/100
|switch|p1b: Primarina|Primarina, L50, F|100/100
|switch|p2a: Pelipper|Pelipper, L50, F|100/100
|switch|p2b: Basculegion|Basculegion, L50, M|100/100
|-weather|RainDance|[from] ability: Drizzle|[of] p2a: Pelipper
|-ability|p1a: Incineroar|Intimidate|boost
|-unboost|p2a: Pelipper|atk|1
|-unboost|p2b: Basculegion|atk|1
|turn|1
|
|t:|1756719274
|switch|p2a: Archaludon|Archaludon, L50, M|100/100
|-terastallize|p1a: Incineroar|Grass
|move|p2b: Basculegion|Flip Turn|p1a: Incineroar
|-resisted|p1a: Incineroar
|-damage|p1a: Incineroar|79/100
|
|t:|1756719286
|switch|p2b: Sinistcha|Sinistcha, L50|100/100|[from] Flip Turn
|move|p1a: Incineroar|Knock Off|p2b: Sinistcha
|-supereffective|p2b: Sinistcha
|-damage|p2b: Sinistcha|25/100
|-enditem|p2b: Sinistcha|Sitrus Berry|[from] move: Knock Off|[of] p1a: Incineroar
|move|p1b: Primarina|Hyper Voice|p2a: Archaludon|[spread] p2a,p2b
|-resisted|p2a: Archaludon
|-resisted|p2b: Sinistcha
|-damage|p2a: Archaludon|83/100
|-damage|p2b: Sinistcha|4/100
|-ability|p2a: Archaludon|Stamina|boost
|-boost|p2a: Archaludon|def|1
|-enditem|p1b: Primarina|Throat Spray
|-boost|p1b: Primarina|spa|1|[from] item: Throat Spray
|
|-weather|RainDance|[upkeep]
|upkeep
|turn|2
|inactive|HolgerD has 30 seconds left.
|
|t:|1756719315
|move|p1b: Primarina|Protect|p1b: Primarina
|-singleturn|p1b: Primarina|Protect
|move|p2a: Archaludon|Electro Shot||[still]
|-prepare|p2a: Archaludon|Electro Shot
|-boost|p2a: Archaludon|spa|1
|-anim|p2a: Archaludon|Electro Shot|p1a: Incineroar
|-resisted|p1a: Incineroar
|-damage|p1a: Incineroar|56/100
|move|p2b: Sinistcha|Matcha Gotcha|p1a: Incineroar|[spread] p1a
|-activate|p1b: Primarina|move: Protect
|-resisted|p1a: Incineroar
|-damage|p1a: Incineroar|46/100
|-heal|p2b: Sinistcha|9/100|[from] drain|[of] p1a: Incineroar
|-enditem|p1a: Incineroar|Sitrus Berry|[eat]
|-heal|p1a: Incineroar|71/100|[from] item: Sitrus Berry
|move|p1a: Incineroar|Parting Shot|p2a: Archaludon
|-unboost|p2a: Archaludon|atk|1
|-unboost|p2a: Archaludon|spa|1
|
|t:|1756719333
|switch|p1a: Electabuzz|Electabuzz, L50, F|100/100|[from] Parting Shot
|
|-weather|RainDance|[upkeep]
|upkeep
|turn|3
|
|t:|1756719352
|switch|p2b: Basculegion|Basculegion, L50, M|100/100
|move|p1a: Electabuzz|Follow Me|p1a: Electabuzz
|-singleturn|p1a: Electabuzz|move: Follow Me
|move|p2a: Archaludon|Electro Shot||[still]
|-prepare|p2a: Archaludon|Electro Shot
|-boost|p2a: Archaludon|spa|1
|-anim|p2a: Archaludon|Electro Shot|p1a: Electabuzz
|-resisted|p1a: Electabuzz
|-damage|p1a: Electabuzz|84/100
|move|p1b: Primarina|Hyper Voice|p2b: Basculegion|[spread] p2a,p2b
|-resisted|p2a: Archaludon
|-resisted|p2b: Basculegion
|-damage|p2a: Archaludon|56/100
|-damage|p2b: Basculegion|62/100
|-ability|p2a: Archaludon|Stamina|boost
|-boost|p2a: Archaludon|def|1
|
|-weather|RainDance|[upkeep]
|upkeep
|turn|4
|
|t:|1756719368
|move|p1a: Electabuzz|Follow Me|p1a: Electabuzz
|-singleturn|p1a: Electabuzz|move: Follow Me
|move|p2b: Basculegion|Wave Crash|p1a: Electabuzz
|-damage|p1a: Electabuzz|0 fnt
|faint|p1a: Electabuzz
|-damage|p2b: Basculegion|40/100|[from] Recoil
|move|p2a: Archaludon|Electro Shot||[still]
|-prepare|p2a: Archaludon|Electro Shot
|-boost|p2a: Archaludon|spa|1
|-anim|p2a: Archaludon|Electro Shot|p1b: Primarina
|-supereffective|p1b: Primarina
|-damage|p1b: Primarina|0 fnt
|faint|p1b: Primarina
|
|-weather|RainDance|[upkeep]
|upkeep
|
|t:|1756719377
|switch|p1a: Kingambit|Kingambit, L50, F|100/100
|switch|p1b: Incineroar|Incineroar, L50, M, shiny, tera:Grass|71/100
|-ability|p1b: Incineroar|Intimidate|boost
|-unboost|p2a: Archaludon|atk|1
|-unboost|p2b: Basculegion|atk|1
|turn|5
|inactive|Squall413 has 30 seconds left.
|
|t:|1756719403
|switch|p2b: Sinistcha|Sinistcha, L50|9/100
|-heal|p2a: Archaludon|81/100|[from] ability: Hospitality|[of] p2b: Sinistcha
|move|p1b: Incineroar|Fake Out|p2a: Archaludon
|-resisted|p2a: Archaludon
|-damage|p2a: Archaludon|79/100
|-ability|p2a: Archaludon|Stamina|boost
|-boost|p2a: Archaludon|def|1
|cant|p2a: Archaludon|flinch
|move|p1a: Kingambit|Swords Dance|p1a: Kingambit
|-boost|p1a: Kingambit|atk|2
|
|-weather|none
|upkeep
|turn|6
|inactive|Squall413 has 30 seconds left.
|inactive|Squall413 has 20 seconds left.
|
|t:|1756719441
|switch|p2b: Pelipper|Pelipper, L50, F|100/100
|-weather|RainDance|[from] ability: Drizzle|[of] p2b: Pelipper
|move|p2a: Archaludon|Electro Shot||[still]
|-prepare|p2a: Archaludon|Electro Shot
|-boost|p2a: Archaludon|spa|1
|-anim|p2a: Archaludon|Electro Shot|p1a: Kingambit
|-damage|p1a: Kingambit|15/100
|move|p1b: Incineroar|Flare Blitz|p2b: Pelipper
|-resisted|p2b: Pelipper
|-damage|p2b: Pelipper|83/100
|-damage|p1b: Incineroar|67/100|[from] Recoil
|move|p1a: Kingambit|Kowtow Cleave|p2a: Archaludon
|-damage|p2a: Archaludon|50/100
|-ability|p2a: Archaludon|Stamina|boost
|-boost|p2a: Archaludon|def|1
|
|-weather|RainDance|[upkeep]
|upkeep
|turn|7
|
|t:|1756719464
|switch|p2b: Sinistcha|Sinistcha, L50|9/100
|-heal|p2a: Archaludon|75/100|[from] ability: Hospitality|[of] p2b: Sinistcha
|move|p1a: Kingambit|Sucker Punch|p2a: Archaludon
|-damage|p2a: Archaludon|55/100
|-ability|p2a: Archaludon|Stamina|boost
|-boost|p2a: Archaludon|def|1
|move|p2a: Archaludon|Electro Shot||[still]
|-prepare|p2a: Archaludon|Electro Shot
|-boost|p2a: Archaludon|spa|1
|-anim|p2a: Archaludon|Electro Shot|p1a: Kingambit
|-damage|p1a: Kingambit|0 fnt
|faint|p1a: Kingambit
|move|p1b: Incineroar|Knock Off|p2b: Sinistcha
|-supereffective|p2b: Sinistcha
|-damage|p2b: Sinistcha|0 fnt
|faint|p2b: Sinistcha
|
|-weather|RainDance|[upkeep]
|upkeep
|-message|Squall413 forfeited.
|
|win|HolgerD
||Squall413 is ready for game 2.
|inactive|HolgerD has 30 seconds to confirm battle start!
||HolgerD is ready for game 2.
|uhtml|next|Next: Game 2 of 3
