|j|☆Fubuu
|j|☆teyvgc
|html|Fubuuteyvgc    
|uhtml|bestof|Game 1 of a best-of-3
|t:|1782529428
|gametype|doubles
|player|p1|Fubuu|1|1140
|player|p2|teyvgc|rood|1185
|gen|9
|tier|[Gen 9 Champions] VGC 2026 Reg M-B (Bo3)
|rated|
|rule|Species Clause: Limit one of each Pokémon
|rule|Item Clause: Limit 1 of each item
|clearpoke
|poke|p1|Eelektross, L50, M|
|poke|p1|Sableye, L50, F|
|poke|p1|Pelipper, L50, F|
|poke|p1|Mamoswine, L50, F|
|poke|p1|Archaludon, L50, M|
|poke|p1|Araquanid, L50, F|
|poke|p2|Houndstone, L50, F|
|poke|p2|Tyranitar, L50, F|
|poke|p2|Rotom-Wash, L50|
|poke|p2|Incineroar, L50, M|
|poke|p2|Farigiraf, L50, M, shiny|
|poke|p2|Garchomp, L50, M, shiny|
|teampreview|4
|showteam|p1|Eelektross||Eelektrossite|Levitate|CloseCombat,GigaDrain,Thunder,Protect|Quiet||M|||50|]Sableye||MentalHerb|Prankster|Encore,Quash,RainDance,SunnyDay|Calm||F|||50|]Pelipper||ExpertBelt|Drizzle|Hurricane,WeatherBall,Protect,Tailwind|Modest||F|||50|]Mamoswine||FocusSash|Oblivious|IcicleSpear,HighHorsepower,Earthquake,Protect|Adamant||F|||50|]Archaludon||Leftovers|Sturdy|HardPress,AuraSphere,ElectroShot,Protect|Brave||M|||50|]Araquanid||MysticWater|WaterBubble|Liquidation,LeechLife,StickyWeb,Protect|Adamant||F|||50|
|showteam|p2|Houndstone||FocusSash|SandRush|Poltergeist,ShadowSneak,LastRespects,Protect|Adamant||F|||50|]Tyranitar||Tyranitarite|SandStream|RockSlide,KnockOff,LowKick,Protect|Adamant||F|||50|]Rotom-Wash||Leftovers|Levitate|LightScreen,HydroPump,VoltSwitch,WillOWisp|Bold|||||50|]Incineroar||PasshoBerry|Intimidate|FlareBlitz,DarkestLariat,FakeOut,PartingShot|Adamant||M|||50|]Farigiraf||TwistedSpoon|ArmorTail|HyperVoice,TwinBeam,TrickRoom,HelpingHand|Quiet||M|||50|]Garchomp||Garchompite|RoughSkin|StompingTantrum,DragonClaw,Earthquake,Protect|Adamant||M|||50|
|inactive|Battle timer is ON: inactive players will automatically lose when time's up. (requested by Fubuu)
|
|t:|1782529458
|teamsize|p1|4
|teamsize|p2|4
|start
|switch|p1a: Eelektross|Eelektross, L50, M|100/100
|switch|p1b: Sableye|Sableye, L50, F|100/100
|switch|p2a: Incineroar|Incineroar, L50, M|100/100
|switch|p2b: Farigiraf|Farigiraf, L50, M, shiny|100/100
|-ability|p2a: Incineroar|Intimidate|boost
|-unboost|p1a: Eelektross|atk|1
|-unboost|p1b: Sableye|atk|1
|turn|1
|
|t:|1782529478
|switch|p1b: Pelipper|Pelipper, L50, F|100/100
|-weather|RainDance|[from] ability: Drizzle|[of] p1b: Pelipper
|detailschange|p1a: Eelektross|Eelektross-Mega, L50, M
|-mega|p1a: Eelektross|Eelektross|Eelektrossite
|move|p2a: Incineroar|Parting Shot|p1a: Eelektross
|-unboost|p1a: Eelektross|atk|1
|-unboost|p1a: Eelektross|spa|1
|
|t:|1782529496
|switch|p2a: Garchomp|Garchomp, L50, M, shiny|100/100|[from] Parting Shot
|move|p1a: Eelektross|Thunder|p2b: Farigiraf
|-damage|p2b: Farigiraf|62/100
|-status|p2b: Farigiraf|par
|move|p2b: Farigiraf|Trick Room|p2b: Farigiraf
|-fieldstart|move: Trick Room|[of] p2b: Farigiraf
|
|-weather|RainDance|[upkeep]
|upkeep
|turn|2
|
|t:|1782529513
|switch|p2b: Tyranitar|Tyranitar, L50, F|100/100
|-weather|Sandstorm|[from] ability: Sand Stream|[of] p2b: Tyranitar
|switch|p1a: Sableye|Sableye, L50, F|100/100
|detailschange|p2a: Garchomp|Garchomp-Mega, L50, M, shiny
|-mega|p2a: Garchomp|Garchomp|Garchompite
|move|p1b: Pelipper|Hurricane|p2b: Tyranitar
|-resisted|p2b: Tyranitar|1
|-damage|p2b: Tyranitar|85/100
|move|p2a: Garchomp|Dragon Claw|p1a: Sableye
|-damage|p1a: Sableye|26/100
|
|-weather|Sandstorm|[upkeep]
|-damage|p1a: Sableye|21/100|[from] Sandstorm
|-damage|p1b: Pelipper|94/100|[from] Sandstorm
|upkeep
|turn|3
|
|t:|1782529530
|switch|p1b: Araquanid|Araquanid, L50, F|100/100
|move|p1a: Sableye|Rain Dance|p1a: Sableye
|-weather|RainDance
|move|p2b: Tyranitar|Rock Slide|p1b: Araquanid|[spread] p1a,p1b
|-supereffective|p1b: Araquanid|1
|-damage|p1a: Sableye|0 fnt
|-damage|p1b: Araquanid|28/100
|faint|p1a: Sableye
|move|p2a: Garchomp|Dragon Claw|p1b: Araquanid
|-damage|p1b: Araquanid|0 fnt
|faint|p1b: Araquanid
|
|-weather|RainDance|[upkeep]
|upkeep
|
|t:|1782529541
|switch|p1a: Pelipper|Pelipper, L50, F|94/100
|switch|p1b: Eelektross|Eelektross-Mega, L50, M|100/100
|turn|4
|inactive|Fubuu has 30 seconds left.
|
|t:|1782529571
|switch|p2b: Incineroar|Incineroar, L50, M|100/100
|-ability|p2b: Incineroar|Intimidate|boost
|-unboost|p1a: Pelipper|atk|1
|-unboost|p1b: Eelektross|atk|1
|move|p2a: Garchomp|Protect|p2a: Garchomp
|-singleturn|p2a: Garchomp|Protect
|move|p1b: Eelektross|Thunder|p2b: Incineroar
|-damage|p2b: Incineroar|35/100
|move|p1a: Pelipper|Weather Ball|p2b: Incineroar
|-supereffective|p2b: Incineroar|1
|-enditem|p2b: Incineroar|Passho Berry|[eat]
|-enditem|p2b: Incineroar|Passho Berry|[weaken]
|-damage|p2b: Incineroar|0 fnt
|faint|p2b: Incineroar
|
|-weather|RainDance|[upkeep]
|upkeep
|
|t:|1782529584
|switch|p2b: Tyranitar|Tyranitar, L50, F|85/100
|-weather|Sandstorm|[from] ability: Sand Stream|[of] p2b: Tyranitar
|turn|5
|
|t:|1782529601
|move|p2b: Tyranitar|Rock Slide|p1a: Pelipper|[spread] p1a,p1b
|-supereffective|p1a: Pelipper|1
|-damage|p1a: Pelipper|11/100
|-damage|p1b: Eelektross|64/100
|move|p1b: Eelektross|Close Combat|p2b: Tyranitar
|-supereffective|p2b: Tyranitar|2
|-damage|p2b: Tyranitar|0 fnt
|-unboost|p1b: Eelektross|def|1
|-unboost|p1b: Eelektross|spd|1
|faint|p2b: Tyranitar
|-ability|p1b: Eelektross|Eelevate|boost
|-boost|p1b: Eelektross|spa|1
|move|p1a: Pelipper|Tailwind|p1a: Pelipper
|-sidestart|p1: Fubuu|move: Tailwind
|move|p2a: Garchomp|Dragon Claw|p1a: Pelipper
|-damage|p1a: Pelipper|0 fnt
|faint|p1a: Pelipper
|
|-weather|Sandstorm|[upkeep]
|-damage|p1b: Eelektross|58/100|[from] Sandstorm
|-fieldend|move: Trick Room
|upkeep
|
|t:|1782529615
|switch|p2b: Farigiraf|Farigiraf, L50, M, shiny|62/100 par
|turn|6
|
|t:|1782529623
|move|p1b: Eelektross|Giga Drain|p2b: Farigiraf
|-damage|p2b: Farigiraf|28/100 par
|-heal|p1b: Eelektross|82/100|[from] drain|[of] p2b: Farigiraf
|move|p2a: Garchomp|Dragon Claw|p1b: Eelektross
|-damage|p1b: Eelektross|8/100
|move|p2b: Farigiraf|Trick Room|p2b: Farigiraf
|-fieldstart|move: Trick Room|[of] p2b: Farigiraf
|
|-weather|Sandstorm|[upkeep]
|-damage|p2b: Farigiraf|22/100 par|[from] Sandstorm
|-damage|p1b: Eelektross|2/100|[from] Sandstorm
|upkeep
|turn|7
|
|t:|1782529639
|move|p2b: Farigiraf|Helping Hand|p2a: Garchomp
|-singleturn|p2a: Garchomp|Helping Hand|[of] p2b: Farigiraf
|move|p2a: Garchomp|Dragon Claw|p1b: Eelektross
|-damage|p1b: Eelektross|0 fnt
|faint|p1b: Eelektross
|
|win|teyvgc
