|j|☆helio list
|j|☆CometaMiedoso97
|html|helio listCometaMiedoso97    
|uhtml|bestof|Game 1 of a best-of-3
|t:|1757628629
|gametype|doubles
|player|p1|helio list|pokemonbreederf|1447
|player|p2|CometaMiedoso97|101|1514
|gen|9
|tier|[Gen 9] VGC 2025 Reg H (Bo3)
|rated|
|rule|Species Clause: Limit one of each Pokémon
|rule|Item Clause: Limit 1 of each item
|clearpoke
|poke|p1|Rillaboom, L50, F|
|poke|p1|Dondozo, L50, F|
|poke|p1|Tatsugiri, L50, F|
|poke|p1|Ninetales-Alola, L50, F|
|poke|p1|Arcanine-Hisui, L50, F|
|poke|p1|Annihilape, L50, F|
|poke|p2|Dragonite, L50, M|
|poke|p2|Ursaluna-Bloodmoon, L50, M|
|poke|p2|Gholdengo, L50|
|poke|p2|Maushold-Four, L50|
|poke|p2|Annihilape, L50, F|
|poke|p2|Rillaboom, L50, F|
|teampreview|4
|showteam|p1|Rillaboom||AssaultVest|GrassySurge|FakeOut,WoodHammer,GrassyGlide,HighHorsepower|||F|||50|,,,,,Water]Dondozo||Leftovers|Unaware|OrderUp,Protect,Yawn,WaveCrash|||F|||50|,,,,,Steel]Tatsugiri||ChoiceScarf|Commander|MuddyWater,IcyWind,DracoMeteor,DragonPulse|||F|||50|,,,,,Stellar]Ninetales-Alola||IciclePlate|SnowWarning|Blizzard,AuroraVeil,FreezeDry,Moonblast|||F|||50|,,,,,Water]Arcanine-Hisui||ChoiceBand|Intimidate|ExtremeSpeed,FlareBlitz,RockSlide,HeadSmash|||F|||50|,,,,,Grass]Annihilape||SafetyGoggles|Defiant|CloseCombat,RageFist,BulkUp,Protect|||F|||50|,,,,,Fire
|showteam|p2|Dragonite||LoadedDice|Multiscale|ScaleShot,Tailwind,Haze,Protect|||M|||50|,,,,,Steel]Ursaluna-Bloodmoon||AssaultVest|MindsEye|BloodMoon,EarthPower,HyperVoice,VacuumWave|||M|||50|,,,,,Water]Gholdengo||LifeOrb|GoodasGold|MakeItRain,ShadowBall,NastyPlot,Protect||||||50|,,,,,Water]Maushold-Four||FocusSash|FriendGuard|SuperFang,FollowMe,BeatUp,Protect||||||50|,,,,,Ghost]Annihilape||SitrusBerry|Defiant|RageFist,DrainPunch,BulkUp,Protect|||F|||50|,,,,,Fire]Rillaboom||MiracleSeed|GrassySurge|WoodHammer,GrassyGlide,HighHorsepower,FakeOut|||F|||50|,,,,,Fire
|inactive|Battle timer is ON: inactive players will automatically lose when time's up. (requested by helio list)
|inactive|helio list has 60 seconds left.
|
|t:|1757628668
|teamsize|p1|4
|teamsize|p2|4
|start
|switch|p1a: Howl's Castle|Dondozo, L50, F|100/100
|switch|p1b: Kiki|Ninetales-Alola, L50, F|100/100
|switch|p2a: Maushold|Maushold-Four, L50|100/100
|switch|p2b: Annihilape|Annihilape, L50, F|100/100
|-weather|Snowscape|[from] ability: Snow Warning|[of] p1b: Kiki
|turn|1
|
|t:|1757628681
|move|p2a: Maushold|Beat Up|p2b: Annihilape
|-damage|p2b: Annihilape|99/100
|-damage|p2b: Annihilape|96/100
|-damage|p2b: Annihilape|94/100
|-damage|p2b: Annihilape|92/100
|-hitcount|p2b: Annihilape|4
|move|p1b: Kiki|Aurora Veil|p1b: Kiki
|-sidestart|p1: helio list|move: Aurora Veil
|move|p2b: Annihilape|Rage Fist|p1b: Kiki
|-crit|p1b: Kiki
|-damage|p1b: Kiki|0 fnt
|faint|p1b: Kiki
|move|p1a: Howl's Castle|Yawn|p2b: Annihilape
|-start|p2b: Annihilape|move: Yawn|[of] p1a: Howl's Castle
|
|-weather|Snowscape|[upkeep]
|upkeep
|
|t:|1757628690
|switch|p1b: Moro|Arcanine-Hisui, L50, F|100/100
|-ability|p1b: Moro|Intimidate|boost
|-unboost|p2a: Maushold|atk|1
|-unboost|p2b: Annihilape|atk|1
|-ability|p2b: Annihilape|Defiant|boost
|-boost|p2b: Annihilape|atk|2
|turn|2
|
|t:|1757628706
|switch|p2b: Ursaluna|Ursaluna-Bloodmoon, L50, M|100/100
|move|p2a: Maushold|Protect|p2a: Maushold
|-singleturn|p2a: Maushold|Protect
|move|p1b: Moro|Rock Slide|p2a: Maushold|[spread] p2b
|-activate|p2a: Maushold|move: Protect
|-resisted|p2b: Ursaluna
|-crit|p2b: Ursaluna
|-damage|p2b: Ursaluna|86/100
|move|p1a: Howl's Castle|Wave Crash|p2a: Maushold
|-activate|p2a: Maushold|move: Protect
|
|-weather|Snowscape|[upkeep]
|upkeep
|turn|3
|
|t:|1757628730
|move|p2a: Maushold|Follow Me|p2a: Maushold
|-singleturn|p2a: Maushold|move: Follow Me
|move|p1b: Moro|Rock Slide|p2a: Maushold|[spread] p2a,p2b
|-resisted|p2b: Ursaluna
|-damage|p2a: Maushold|47/100
|-damage|p2b: Ursaluna|76/100
|move|p2b: Ursaluna|Blood Moon|p1a: Howl's Castle
|-damage|p1a: Howl's Castle|59/100
|move|p1a: Howl's Castle|Wave Crash|p2a: Maushold
|-damage|p2a: Maushold|0 fnt
|faint|p2a: Maushold
|-damage|p1a: Howl's Castle|48/100|[from] Recoil
|
|-weather|Snowscape|[upkeep]
|-heal|p1a: Howl's Castle|54/100|[from] item: Leftovers
|upkeep
|
|t:|1757628743
|switch|p2a: Annihilape|Annihilape, L50, F|92/100
|turn|4
|
|t:|1757628756
|-terastallize|p2b: Ursaluna|Water
|move|p2a: Annihilape|Drain Punch|p1b: Moro
|-supereffective|p1b: Moro
|-damage|p1b: Moro|49/100
|-heal|p2a: Annihilape|100/100|[from] drain|[of] p1b: Moro
|move|p1b: Moro|Rock Slide|p2b: Ursaluna|[spread] p2a
|-miss|p1b: Moro|p2b: Ursaluna
|-resisted|p2a: Annihilape
|-damage|p2a: Annihilape|81/100
|move|p2b: Ursaluna|Earth Power|p1b: Moro
|-supereffective|p1b: Moro
|-damage|p1b: Moro|0 fnt
|faint|p1b: Moro
|move|p1a: Howl's Castle|Wave Crash|p2a: Annihilape
|-crit|p2a: Annihilape
|-damage|p2a: Annihilape|0 fnt
|faint|p2a: Annihilape
|-damage|p1a: Howl's Castle|31/100|[from] Recoil
|
|-weather|Snowscape|[upkeep]
|-heal|p1a: Howl's Castle|38/100|[from] item: Leftovers
|upkeep
|
|t:|1757628770
|switch|p2a: Dragonite|Dragonite, L50, M|100/100
|switch|p1b: Nausicaä|Rillaboom, L50, F|100/100
|-fieldstart|move: Grassy Terrain|[from] ability: Grassy Surge|[of] p1b: Nausicaä
|turn|5
|
|t:|1757628791
|-terastallize|p1a: Howl's Castle|Steel
|move|p2a: Dragonite|Tailwind|p2a: Dragonite
|-sidestart|p2: CometaMiedoso97|move: Tailwind
|move|p2b: Ursaluna|Blood Moon|p1a: Howl's Castle
|-resisted|p1a: Howl's Castle
|-damage|p1a: Howl's Castle|16/100
|move|p1b: Nausicaä|Wood Hammer|p2b: Ursaluna
|-supereffective|p2b: Ursaluna
|-damage|p2b: Ursaluna|0 fnt
|faint|p2b: Ursaluna
|-damage|p1b: Nausicaä|74/100|[from] Recoil
|move|p1a: Howl's Castle|Yawn|p2a: Dragonite
|-start|p2a: Dragonite|move: Yawn|[of] p1a: Howl's Castle
|
|-weather|none
|-heal|p1b: Nausicaä|80/100|[from] Grassy Terrain
|-heal|p1a: Howl's Castle|23/100|[from] Grassy Terrain
|-heal|p1a: Howl's Castle|29/100|[from] item: Leftovers
|-sideend|p1: helio list|move: Aurora Veil
|upkeep
|turn|6
|
|t:|1757628810
|move|p2a: Dragonite|Scale Shot|p1b: Nausicaä
|-damage|p1b: Nausicaä|66/100
|-damage|p1b: Nausicaä|52/100
|-damage|p1b: Nausicaä|38/100
|-damage|p1b: Nausicaä|24/100
|-damage|p1b: Nausicaä|10/100
|-hitcount|p1b: Nausicaä|5
|-unboost|p2a: Dragonite|def|1
|-boost|p2a: Dragonite|spe|1
|move|p1b: Nausicaä|Wood Hammer|p2a: Dragonite
|-resisted|p2a: Dragonite
|-damage|p2a: Dragonite|83/100
|-damage|p1b: Nausicaä|5/100|[from] Recoil
|move|p1a: Howl's Castle|Order Up|p2a: Dragonite
|-supereffective|p2a: Dragonite
|-damage|p2a: Dragonite|29/100
|
|-heal|p1b: Nausicaä|11/100|[from] Grassy Terrain
|-heal|p1a: Howl's Castle|35/100|[from] Grassy Terrain
|-heal|p1a: Howl's Castle|41/100|[from] item: Leftovers
|-end|p2a: Dragonite|move: Yawn|[silent]
|-status|p2a: Dragonite|slp
|upkeep
|turn|7
|-message|CometaMiedoso97 forfeited.
|
|win|helio list
|l|☆CometaMiedoso97
|player|p2|
||CometaMiedoso97 is ready for game 2.
||helio list is ready for game 2.
|uhtml|next|Next: Game 2 of 3
|l|☆helio list
|player|p1|
