|j|☆PaquitoElBollito
|j|☆t3hsleepyshuckle
|html|PaquitoElBollitot3hsleepyshuckle    
|uhtml|bestof|Game 2 of a best-of-3
|t:|1782414749
|gametype|doubles
|player|p1|PaquitoElBollito|veteran|1093
|player|p2|t3hsleepyshuckle|bugcatcher-gen4dp|1042
|gen|9
|tier|[Gen 9 Champions] VGC 2026 Reg M-B (Bo3)
|rated|
|rule|Species Clause: Limit one of each Pokémon
|rule|Item Clause: Limit 1 of each item
|clearpoke
|poke|p1|Blaziken, L50, M|
|poke|p1|Metagross, L50|
|poke|p1|Whimsicott, L50, F|
|poke|p1|Basculegion, L50, M|
|poke|p1|Farigiraf, L50, M|
|poke|p1|Hydreigon, L50, M|
|poke|p2|Venusaur, L50, F|
|poke|p2|Charizard, L50, M|
|poke|p2|Blastoise, L50, M|
|poke|p2|Tyranitar, L50, F|
|poke|p2|Houndstone, L50, F|
|poke|p2|Excadrill, L50, F|
|teampreview|4
|showteam|p1|Blaziken||Blazikenite|SpeedBoost|Detect,CloseCombat,FlareBlitz,RockSlide|Adamant||M|||50|]Metagross||Metagrossite|ClearBody|PsychicFangs,Protect,IronHead,StompingTantrum|Jolly|||||50|]Whimsicott||FocusSash|Prankster|Protect,Moonblast,EnergyBall,Tailwind|Timid||F|||50|]Basculegion||LifeOrb|Adaptability|WaveCrash,Protect,LastRespects,AquaJet|Adamant||M|||50|]Farigiraf||SitrusBerry|ArmorTail|Psychic,Thunderbolt,Roar,TrickRoom|Bold||M|||50|]Hydreigon||ChoiceScarf|Levitate|DracoMeteor,Snarl,EarthPower,DarkPulse|Modest||M|||50|
|showteam|p2|Venusaur||LifeOrb|Chlorophyll|SludgeBomb,EarthPower,SleepPowder,GigaDrain|Modest||F|||50|]Charizard||CharizarditeY|Blaze|HeatWave,AirSlash,Overheat,Protect|Modest||M|||50|]Blastoise||Blastoisinite|Torrent|FakeOut,HydroPump,DragonPulse,Protect|Modest||M|||50|]Tyranitar||ChoiceScarf|SandStream|RockSlide,KnockOff,LowKick,IcePunch|Jolly||F|||50|]Houndstone||SitrusBerry|SandRush|LastRespects,WillOWisp,BodyPress,Protect|Adamant||F|||50|]Excadrill||FocusSash|SandRush|IronHead,Protect,HighHorsepower,RockSlide|Jolly||F|||50|
|inactive|Battle timer is ON: inactive players will automatically lose when time's up. (requested by PaquitoElBollito)
|inactive|t3hsleepyshuckle has 60 seconds left.
|
|t:|1782414780
|teamsize|p1|4
|teamsize|p2|4
|start
|switch|p1a: Blaziken|Blaziken, L50, M|100/100
|switch|p1b: Basculegion|Basculegion, L50, M|100/100
|switch|p2a: Excadrill|Excadrill, L50, F|100/100
|switch|p2b: Charizard|Charizard, L50, M|100/100
|turn|1
|inactive|PaquitoElBollito has 30 seconds left.
|inactive|t3hsleepyshuckle has 30 seconds left.
|inactive|t3hsleepyshuckle has 20 seconds left.
|
|t:|1782414818
|detailschange|p2b: Charizard|Charizard-Mega-Y, L50, M
|-mega|p2b: Charizard|Charizard|Charizardite Y
|-weather|SunnyDay|[from] ability: Drought|[of] p2b: Charizard
|move|p2a: Excadrill|Protect|p2a: Excadrill
|-singleturn|p2a: Excadrill|Protect
|move|p1a: Blaziken|Detect|p1a: Blaziken
|-singleturn|p1a: Blaziken|Protect
|move|p1b: Basculegion|Protect|p1b: Basculegion
|-singleturn|p1b: Basculegion|Protect
|move|p2b: Charizard|Air Slash|p1a: Blaziken
|-activate|p1a: Blaziken|move: Protect
|
|-weather|SunnyDay|[upkeep]
|-ability|p1a: Blaziken|Speed Boost|boost
|-boost|p1a: Blaziken|spe|1
|upkeep
|turn|2
|inactive|PaquitoElBollito has 30 seconds left.
|
|t:|1782414851
|switch|p2b: Tyranitar|Tyranitar, L50, F|100/100
|-weather|Sandstorm|[from] ability: Sand Stream|[of] p2b: Tyranitar
|detailschange|p1a: Blaziken|Blaziken-Mega, L50, M
|-mega|p1a: Blaziken|Blaziken|Blazikenite
|move|p2a: Excadrill|High Horsepower|p1a: Blaziken
|-supereffective|p1a: Blaziken|1
|-damage|p1a: Blaziken|0 fnt
|faint|p1a: Blaziken
|move|p1b: Basculegion|Wave Crash|p2a: Excadrill
|-supereffective|p2a: Excadrill|1
|-enditem|p2a: Excadrill|Focus Sash
|-damage|p2a: Excadrill|1/100
|-damage|p1b: Basculegion|69/100|[from] Recoil
|-damage|p1b: Basculegion|59/100|[from] item: Life Orb
|
|-weather|Sandstorm|[upkeep]
|-damage|p1b: Basculegion|53/100|[from] Sandstorm
|upkeep
|
|t:|1782414862
|switch|p1a: Whimsicott|Whimsicott, L50, F|100/100
|turn|3
|inactive|t3hsleepyshuckle has 30 seconds left.
|inactive|PaquitoElBollito has 30 seconds left.
|
|t:|1782414893
|move|p1b: Basculegion|Aqua Jet|p2a: Excadrill
|-supereffective|p2a: Excadrill|1
|-damage|p2a: Excadrill|0 fnt
|faint|p2a: Excadrill
|-damage|p1b: Basculegion|44/100|[from] item: Life Orb
|move|p2b: Tyranitar|Knock Off|p1b: Basculegion
|-supereffective|p1b: Basculegion|1
|-damage|p1b: Basculegion|0 fnt
|-enditem|p1b: Basculegion|Life Orb|[from] move: Knock Off|[of] p2b: Tyranitar
|faint|p1b: Basculegion
|move|p1a: Whimsicott|Moonblast|p2b: Tyranitar
|-supereffective|p2b: Tyranitar|1
|-crit|p2b: Tyranitar
|-damage|p2b: Tyranitar|48/100
|
|-weather|Sandstorm|[upkeep]
|-damage|p1a: Whimsicott|94/100|[from] Sandstorm
|upkeep
|inactive|t3hsleepyshuckle has 30 seconds left.
|
|t:|1782414919
|switch|p2a: Houndstone|Houndstone, L50, F|100/100
|switch|p1b: Hydreigon|Hydreigon, L50, M|100/100
|turn|4
|inactive|t3hsleepyshuckle has 30 seconds left.
|
|t:|1782414950
|switch|p2a: Charizard|Charizard-Mega-Y, L50, M|100/100
|-weather|SunnyDay|[from] ability: Drought|[of] p2a: Charizard
|move|p1b: Hydreigon|Dark Pulse|p2a: Charizard
|-damage|p2a: Charizard|61/100
|move|p2b: Tyranitar|Knock Off|p1b: Hydreigon
|-resisted|p1b: Hydreigon|1
|-damage|p1b: Hydreigon|71/100
|-enditem|p1b: Hydreigon|Choice Scarf|[from] move: Knock Off|[of] p2b: Tyranitar
|move|p1a: Whimsicott|Moonblast|p2b: Tyranitar
|-supereffective|p2b: Tyranitar|1
|-damage|p2b: Tyranitar|0 fnt
|faint|p2b: Tyranitar
|
|-weather|SunnyDay|[upkeep]
|upkeep
|
|t:|1782414965
|switch|p2b: Houndstone|Houndstone, L50, F|100/100
|turn|5
|inactive|PaquitoElBollito has 30 seconds left.
|
|t:|1782414993
|move|p2b: Houndstone|Protect|p2b: Houndstone
|-singleturn|p2b: Houndstone|Protect
|move|p1a: Whimsicott|Moonblast|p2a: Charizard
|-resisted|p2a: Charizard|1
|-damage|p2a: Charizard|48/100
|move|p2a: Charizard|Heat Wave|p1a: Whimsicott|[spread] p1a,p1b
|-supereffective|p1a: Whimsicott|1
|-crit|p1a: Whimsicott
|-resisted|p1b: Hydreigon|1
|-damage|p1a: Whimsicott|0 fnt
|-damage|p1b: Hydreigon|35/100
|faint|p1a: Whimsicott
|move|p1b: Hydreigon|Dark Pulse|p2a: Charizard
|-damage|p2a: Charizard|9/100
|
|-weather|SunnyDay|[upkeep]
|upkeep
|turn|6
|inactive|t3hsleepyshuckle has 30 seconds left.
|
|t:|1782415027
|move|p2a: Charizard|Overheat|p1b: Hydreigon
|-resisted|p1b: Hydreigon|1
|-damage|p1b: Hydreigon|0 fnt
|-unboost|p2a: Charizard|spa|2
|faint|p1b: Hydreigon
|
|win|t3hsleepyshuckle
