|j|☆Cristante terabug
|j|☆mario16172005
|html|Cristante terabugmario16172005    
|uhtml|bestof|Game 2 of a best-of-3
|t:|1756240554
|gametype|doubles
|player|p1|Cristante terabug|kieran-champion|1144
|player|p2|mario16172005|workerice|1151
|gen|9
|tier|[Gen 9] VGC 2025 Reg H (Bo3)
|rated|
|rule|Species Clause: Limit one of each Pokémon
|rule|Item Clause: Limit 1 of each item
|clearpoke
|poke|p1|Kommo-o, L50, M|
|poke|p1|Gholdengo, L50|
|poke|p1|Sneasler, L50, M|
|poke|p1|Rillaboom, L50, M|
|poke|p1|Dondozo, L50, F|
|poke|p1|Electabuzz, L50, F|
|poke|p2|Excadrill, L50, F|
|poke|p2|Tyranitar, L50, F|
|poke|p2|Dragonite, L50, M|
|poke|p2|Indeedee-F, L50, F|
|poke|p2|Gholdengo, L50|
|poke|p2|Sneasler, L50, F|
|teampreview|4
|showteam|p1|Kommo-o||ThroatSpray|Overcoat|ClangorousSoul,ClangingScales,Flamethrower,Protect|||M|||50|,,,,,Fire]Gholdengo||ChoiceSpecs|GoodasGold|MakeItRain,Thunderbolt,DazzlingGleam,ShadowBall||||||50|,,,,,Fairy]Sneasler||FocusSash|PoisonTouch|FakeOut,DireClaw,CloseCombat,Protect|||M|||50|,,,,,Stellar]Rillaboom||AssaultVest|GrassySurge|FakeOut,GrassyGlide,DrumBeating,HighHorsepower|||M|||50|,,,,,Fire]Dondozo||Leftovers|Unaware|WaveCrash,Fissure,Yawn,Protect|||F|||50|,,,,,Poison]Electabuzz||Eviolite|VitalSpirit|Electroweb,FollowMe,Taunt,Protect|||F|||50|,,,,,Ghost
|showteam|p2|Excadrill||FocusSash|SandRush|Earthquake,HighHorsepower,IronHead,Protect|||F|||50|,,,,,Stellar]Tyranitar||AssaultVest|SandStream|KnockOff,RockSlide,LowKick,TeraBlast|||F|||50|,,,,,Flying]Dragonite||LoadedDice|Multiscale|ScaleShot,Tailwind,Haze,Protect|||M|||50|,,,,,Fairy]Indeedee-F||PsychicSeed|PsychicSurge|Psychic,Imprison,TrickRoom,Protect|||F|||50|,,,,,Psychic]Gholdengo||LifeOrb|GoodasGold|MakeItRain,ShadowBall,NastyPlot,Protect||||||50|,,,,,Water]Sneasler||WhiteHerb|Unburden|DireClaw,CloseCombat,Coaching,FakeOut|||F|||50|,,,,,Flying
|inactive|Battle timer is ON: inactive players will automatically lose when time's up. (requested by Cristante terabug)
|
|t:|1756240570
|teamsize|p1|4
|teamsize|p2|4
|start
|switch|p1a: Rillaboom|Rillaboom, L50, M|100/100
|switch|p1b: Kommo-o|Kommo-o, L50, M|100/100
|switch|p2a: Sneasler|Sneasler, L50, F|100/100
|switch|p2b: Dragonite|Dragonite, L50, M|100/100
|-fieldstart|move: Grassy Terrain|[from] ability: Grassy Surge|[of] p1a: Rillaboom
|turn|1
|inactive|mario16172005 has 30 seconds left.
|
|t:|1756240598
|-terastallize|p1b: Kommo-o|Fire
|move|p2a: Sneasler|Fake Out|p1a: Rillaboom
|-damage|p1a: Rillaboom|85/100
|cant|p1a: Rillaboom|flinch
|move|p1b: Kommo-o|Clangorous Soul|p1b: Kommo-o
|-boost|p1b: Kommo-o|atk|1
|-boost|p1b: Kommo-o|def|1
|-boost|p1b: Kommo-o|spa|1
|-boost|p1b: Kommo-o|spd|1
|-boost|p1b: Kommo-o|spe|1
|-damage|p1b: Kommo-o|68/100
|-enditem|p1b: Kommo-o|Throat Spray
|-boost|p1b: Kommo-o|spa|1|[from] item: Throat Spray
|move|p2b: Dragonite|Scale Shot|p1b: Kommo-o
|-damage|p1b: Kommo-o|60/100
|-damage|p1b: Kommo-o|53/100
|-damage|p1b: Kommo-o|44/100
|-damage|p1b: Kommo-o|36/100
|-hitcount|p1b: Kommo-o|4
|-unboost|p2b: Dragonite|def|1
|-boost|p2b: Dragonite|spe|1
|
|-heal|p1b: Kommo-o|42/100|[from] Grassy Terrain
|-heal|p1a: Rillaboom|91/100|[from] Grassy Terrain
|upkeep
|turn|2
|inactive|mario16172005 has 30 seconds left.
|
|t:|1756240626
|-terastallize|p2b: Dragonite|Fairy
|move|p1a: Rillaboom|Grassy Glide|p2a: Sneasler
|-resisted|p2a: Sneasler
|-damage|p2a: Sneasler|73/100
|move|p1b: Kommo-o|Clanging Scales|p2a: Sneasler|[spread] p2a
|-immune|p2b: Dragonite
|-damage|p2a: Sneasler|0 fnt
|faint|p2a: Sneasler
|-unboost|p1b: Kommo-o|def|1
|move|p2b: Dragonite|Tailwind|p2b: Dragonite
|-sidestart|p2: mario16172005|move: Tailwind
|
|-heal|p1b: Kommo-o|48/100|[from] Grassy Terrain
|-heal|p1a: Rillaboom|97/100|[from] Grassy Terrain
|upkeep
|
|t:|1756240647
|switch|p2a: Tyranitar|Tyranitar, L50, F, shiny|100/100
|-weather|Sandstorm|[from] ability: Sand Stream|[of] p2a: Tyranitar
|turn|3
|
|t:|1756240657
|move|p1b: Kommo-o|Protect|p1b: Kommo-o
|-singleturn|p1b: Kommo-o|Protect
|move|p2b: Dragonite|Scale Shot|p1a: Rillaboom
|-damage|p1a: Rillaboom|84/100
|-damage|p1a: Rillaboom|70/100
|-damage|p1a: Rillaboom|56/100
|-damage|p1a: Rillaboom|42/100
|-hitcount|p1a: Rillaboom|4
|-unboost|p2b: Dragonite|def|1
|-boost|p2b: Dragonite|spe|1
|move|p2a: Tyranitar|Rock Slide|p1a: Rillaboom|[spread] p1a
|-activate|p1b: Kommo-o|move: Protect
|-damage|p1a: Rillaboom|12/100
|cant|p1a: Rillaboom|flinch
|
|-weather|Sandstorm|[upkeep]
|-damage|p2b: Dragonite|95/100|[from] Sandstorm
|-damage|p1a: Rillaboom|6/100|[from] Sandstorm
|-heal|p2b: Dragonite|100/100|[from] Grassy Terrain
|-heal|p1b: Kommo-o|54/100|[from] Grassy Terrain
|-heal|p1a: Rillaboom|12/100|[from] Grassy Terrain
|upkeep
|turn|4
|
|t:|1756240681
|move|p1a: Rillaboom|Grassy Glide|p2a: Tyranitar
|-supereffective|p2a: Tyranitar
|-damage|p2a: Tyranitar|44/100
|move|p2b: Dragonite|Scale Shot|p1b: Kommo-o|[miss]
|-miss|p2b: Dragonite|p1b: Kommo-o
|move|p1b: Kommo-o|Flamethrower|p2b: Dragonite
|-damage|p2b: Dragonite|68/100
|move|p2a: Tyranitar|Rock Slide|p1a: Rillaboom|[spread] p1a,p1b
|-supereffective|p1b: Kommo-o
|-damage|p1a: Rillaboom|0 fnt
|-damage|p1b: Kommo-o|0 fnt
|faint|p1a: Rillaboom
|faint|p1b: Kommo-o
|
|-weather|Sandstorm|[upkeep]
|-damage|p2b: Dragonite|62/100|[from] Sandstorm
|-heal|p2b: Dragonite|68/100|[from] Grassy Terrain
|-heal|p2a: Tyranitar|49/100|[from] Grassy Terrain
|upkeep
|
|t:|1756240692
|switch|p1a: Sneasler|Sneasler, L50, M|100/100
|switch|p1b: Dondozo|Dondozo, L50, F|100/100
|turn|5
|
|t:|1756240712
|move|p1a: Sneasler|Fake Out|p2b: Dragonite
|-damage|p2b: Dragonite|34/100
|cant|p2b: Dragonite|flinch
|move|p2a: Tyranitar|Knock Off|p1b: Dondozo
|-damage|p1b: Dondozo|64/100
|-enditem|p1b: Dondozo|Leftovers|[from] move: Knock Off|[of] p2a: Tyranitar
|move|p1b: Dondozo|Wave Crash|p2a: Tyranitar
|-supereffective|p2a: Tyranitar
|-damage|p2a: Tyranitar|0 fnt
|faint|p2a: Tyranitar
|-damage|p1b: Dondozo|51/100|[from] Recoil
|
|-weather|Sandstorm|[upkeep]
|-damage|p2b: Dragonite|28/100|[from] Sandstorm
|-damage|p1a: Sneasler|95/100|[from] Sandstorm
|-damage|p1b: Dondozo|45/100|[from] Sandstorm
|-heal|p2b: Dragonite|34/100|[from] Grassy Terrain
|-heal|p1a: Sneasler|100/100|[from] Grassy Terrain
|-heal|p1b: Dondozo|51/100|[from] Grassy Terrain
|-sideend|p2: mario16172005|move: Tailwind
|-fieldend|move: Grassy Terrain
|upkeep
|
|t:|1756240722
|switch|p2a: Excadrill|Excadrill, L50, F|100/100
|turn|6
|
|t:|1756240730
|move|p1b: Dondozo|Protect|p1b: Dondozo
|-singleturn|p1b: Dondozo|Protect
|move|p2a: Excadrill|High Horsepower|p1b: Dondozo
|-activate|p1b: Dondozo|move: Protect
|move|p2b: Dragonite|Scale Shot|p1a: Sneasler
|-crit|p1a: Sneasler
|-damage|p1a: Sneasler|66/100
|-damage|p1a: Sneasler|42/100
|-damage|p1a: Sneasler|19/100
|-damage|p1a: Sneasler|0 fnt
|faint|p1a: Sneasler
|-hitcount|p1: Sneasler|4
|-unboost|p2b: Dragonite|def|1
|-boost|p2b: Dragonite|spe|1
|
|-weather|Sandstorm|[upkeep]
|-damage|p2b: Dragonite|28/100|[from] Sandstorm
|-damage|p1b: Dondozo|45/100|[from] Sandstorm
|upkeep
|turn|7
|
|t:|1756240744
|move|p2b: Dragonite|Scale Shot|p1b: Dondozo|[miss]
|-miss|p2b: Dragonite|p1b: Dondozo
|move|p2a: Excadrill|High Horsepower|p1b: Dondozo
|-damage|p1b: Dondozo|15/100
|move|p1b: Dondozo|Wave Crash|p2b: Dragonite
|-damage|p2b: Dragonite|0 fnt
|faint|p2b: Dragonite
|-damage|p1b: Dondozo|8/100|[from] Recoil
|
|-weather|none
|upkeep
|turn|8
|
|t:|1756240756
|move|p2a: Excadrill|Earthquake|p1b: Dondozo
|-damage|p1b: Dondozo|0 fnt
|faint|p1b: Dondozo
|
|win|mario16172005
|raw|Cristante terabug's rating: 1144 → 1120(-24 for losing)
|raw|mario16172005's rating: 1151 → 1175(+24 for winning)
