|j|☆Jackwoodsford
|j|☆chawieeee
|html|Jackwoodsfordchawieeee    
|uhtml|bestof|Game 1 of a best-of-3
|t:|1757840064
|gametype|doubles
|player|p1|Jackwoodsford|102|1086
|player|p2|chawieeee|101|1083
|gen|9
|tier|[Gen 9] VGC 2025 Reg H (Bo3)
|rated|
|rule|Species Clause: Limit one of each Pokémon
|rule|Item Clause: Limit 1 of each item
|clearpoke
|poke|p1|Whimsicott, L50, M|
|poke|p1|Gholdengo, L50|
|poke|p1|Dragonite, L50, M|
|poke|p1|Incineroar, L50, M|
|poke|p1|Sneasler, L50, M|
|poke|p1|Garchomp, L50, M|
|poke|p2|Tinkaton, L50, F|
|poke|p2|Ursaluna-Bloodmoon, L50, M|
|poke|p2|Incineroar, L50, F|
|poke|p2|Politoed, L50, F|
|poke|p2|Beartic, L50, F|
|poke|p2|Kilowattrel, L50, M|
|teampreview|4
|showteam|p1|Whimsicott||CovertCloak|Prankster|Tailwind,FakeTears,Moonblast,Protect|||M|||50|,,,,,Water]Gholdengo||ChoiceSpecs|GoodasGold|MakeItRain,ShadowBall,Trick,Protect||||||50|,,,,,Steel]Dragonite||LoadedDice|Multiscale|ScaleShot,ExtremeSpeed,Haze,Protect|||M|||50|,,,,,Fairy]Incineroar||AssaultVest|Intimidate|FakeOut,FlareBlitz,KnockOff,Uturn|||M|||50|,,,,,Ghost]Sneasler||FocusSash|Unburden|FakeOut,CloseCombat,DireClaw,Protect|||M|||50|,,,,,Flying]Garchomp||LifeOrb|RoughSkin|Earthquake,StompingTantrum,DragonClaw,Protect|||M|||50|,,,,,Ground
|showteam|p2|Tinkaton||WideLens|MoldBreaker|FakeOut,ThunderWave,Encore,PlayRough|||F|||50|,,,,,Grass]Ursaluna-Bloodmoon||LifeOrb|MindsEye|BloodMoon,EarthPower,HyperVoice,Protect|||M|||50|,,,,,Ghost]Incineroar||SafetyGoggles|Intimidate|FakeOut,Uturn,KnockOff,Taunt|||F|||50|,,,,,Bug]Politoed||AssaultVest|Drizzle|MuddyWater,WeatherBall,IcyWind,IceBeam|||F|||50|,,,,,Grass]Beartic||LoadedDice|SwiftSwim|IcicleSpear,CloseCombat,Liquidation,Protect|||F|||50|,,,,,Water]Kilowattrel||FocusSash|Competitive|Tailwind,VoltSwitch,Hurricane,Protect|||M|||50|,,,,,Ghost
|inactive|Battle timer is ON: inactive players will automatically lose when time's up. (requested by chawieeee)
|inactive|Jackwoodsford has 60 seconds left.
|inactive|Jackwoodsford has 30 seconds left.
|
|t:|1757840126
|teamsize|p1|4
|teamsize|p2|4
|start
|switch|p1a: Whimsicott|Whimsicott, L50, M|100/100
|switch|p1b: Dragonite|Dragonite, L50, M|100/100
|switch|p2a: Incineroar|Incineroar, L50, F|100/100
|switch|p2b: Beartic|Beartic, L50, F|100/100
|-ability|p2a: Incineroar|Intimidate|boost
|-unboost|p1a: Whimsicott|atk|1
|-unboost|p1b: Dragonite|atk|1
|turn|1
|inactive|Jackwoodsford has 30 seconds left.
|inactive|chawieeee has 30 seconds left.
|inactive|chawieeee has 20 seconds left.
|
|t:|1757840165
|move|p1b: Dragonite|Protect|p1b: Dragonite
|-singleturn|p1b: Dragonite|Protect
|move|p2b: Beartic|Protect|p2b: Beartic
|-singleturn|p2b: Beartic|Protect
|move|p1a: Whimsicott|Tailwind|p1a: Whimsicott
|-sidestart|p1: Jackwoodsford|move: Tailwind
|move|p2a: Incineroar|Taunt|p1a: Whimsicott
|-start|p1a: Whimsicott|move: Taunt
|
|upkeep
|turn|2
|inactive|chawieeee has 30 seconds left.
|
|t:|1757840193
|switch|p1a: Garchomp|Garchomp, L50, M|100/100
|switch|p1b: Gholdengo|Gholdengo, L50|100/100
|switch|p2a: Politoed|Politoed, L50, F|100/100
|-weather|RainDance|[from] ability: Drizzle|[of] p2a: Politoed
|move|p2b: Beartic|Icicle Spear|p1b: Gholdengo
|-resisted|p1b: Gholdengo
|-damage|p1b: Gholdengo|93/100
|-resisted|p1b: Gholdengo
|-crit|p1b: Gholdengo
|-damage|p1b: Gholdengo|83/100
|-resisted|p1b: Gholdengo
|-damage|p1b: Gholdengo|75/100
|-resisted|p1b: Gholdengo
|-damage|p1b: Gholdengo|67/100
|-resisted|p1b: Gholdengo
|-damage|p1b: Gholdengo|59/100
|-hitcount|p1b: Gholdengo|5
|
|-weather|RainDance|[upkeep]
|upkeep
|turn|3
|inactive|chawieeee has 30 seconds left.
|inactive|chawieeee has 20 seconds left.
|
|t:|1757840232
|switch|p1b: Dragonite|Dragonite, L50, M|100/100
|switch|p2a: Incineroar|Incineroar, L50, F|100/100
|-ability|p2a: Incineroar|Intimidate|boost
|-unboost|p1a: Garchomp|atk|1
|-unboost|p1b: Dragonite|atk|1
|-terastallize|p1a: Garchomp|Ground
|move|p2b: Beartic|Protect|p2b: Beartic
|-singleturn|p2b: Beartic|Protect
|move|p1a: Garchomp|Earthquake|p2b: Beartic|[spread] p2a
|-activate|p2b: Beartic|move: Protect
|-immune|p1b: Dragonite
|-supereffective|p2a: Incineroar
|-damage|p2a: Incineroar|10/100
|-damage|p1a: Garchomp|91/100|[from] item: Life Orb
|
|-weather|RainDance|[upkeep]
|upkeep
|turn|4
|inactive|Jackwoodsford has 30 seconds left.
|inactive|chawieeee has 30 seconds left.
|inactive|chawieeee has 20 seconds left.
|inactive|chawieeee has 15 seconds left.
|
|t:|1757840277
|move|p2a: Incineroar|Fake Out|p1a: Garchomp
|-damage|p1a: Garchomp|78/100
|-damage|p2a: Incineroar|0 fnt|[from] ability: Rough Skin|[of] p1a: Garchomp
|faint|p2a: Incineroar
|cant|p1a: Garchomp|flinch
|move|p1b: Dragonite|Scale Shot|p2b: Beartic
|-damage|p2b: Beartic|89/100
|-damage|p2b: Beartic|77/100
|-damage|p2b: Beartic|64/100
|-damage|p2b: Beartic|53/100
|-hitcount|p2b: Beartic|4
|-unboost|p1b: Dragonite|def|1
|-boost|p1b: Dragonite|spe|1
|move|p2b: Beartic|Icicle Spear|p1b: Dragonite
|-supereffective|p1b: Dragonite
|-damage|p1b: Dragonite|57/100
|-supereffective|p1b: Dragonite
|-damage|p1b: Dragonite|0 fnt
|faint|p1b: Dragonite
|-hitcount|p1: Dragonite|2
|
|-weather|RainDance|[upkeep]
|-sideend|p1: Jackwoodsford|move: Tailwind
|upkeep
|
|t:|1757840300
|switch|p1b: Whimsicott|Whimsicott, L50, M|100/100
|switch|p2a: Politoed|Politoed, L50, F|100/100
|turn|5
|
|t:|1757840320
|move|p2b: Beartic|Protect|p2b: Beartic
|-singleturn|p2b: Beartic|Protect
|move|p1a: Garchomp|Protect|p1a: Garchomp
|-singleturn|p1a: Garchomp|Protect
|move|p1b: Whimsicott|Tailwind|p1b: Whimsicott
|-sidestart|p1: Jackwoodsford|move: Tailwind
|move|p2a: Politoed|Ice Beam|p1a: Garchomp
|-activate|p1a: Garchomp|move: Protect
|
|-weather|RainDance|[upkeep]
|upkeep
|turn|6
|
|t:|1757840340
|switch|p2b: Ursaluna|Ursaluna-Bloodmoon, L50, M|100/100
|move|p1b: Whimsicott|Moonblast|p2b: Ursaluna
|-damage|p2b: Ursaluna|66/100
|-unboost|p2b: Ursaluna|spa|1
|move|p1a: Garchomp|Stomping Tantrum|p2b: Ursaluna
|-damage|p2b: Ursaluna|28/100
|-damage|p1a: Garchomp|68/100|[from] item: Life Orb
|move|p2a: Politoed|Ice Beam|p1a: Garchomp
|-supereffective|p1a: Garchomp
|-damage|p1a: Garchomp|18/100
|
|-weather|none
|upkeep
|turn|7
|
|t:|1757840364
|switch|p2a: Beartic|Beartic, L50, F|53/100
|move|p1b: Whimsicott|Moonblast|p2a: Beartic
|-damage|p2a: Beartic|15/100
|move|p1a: Garchomp|Stomping Tantrum|p2a: Beartic
|-damage|p2a: Beartic|0 fnt
|faint|p2a: Beartic
|-damage|p1a: Garchomp|8/100|[from] item: Life Orb
|move|p2b: Ursaluna|Hyper Voice|p1b: Whimsicott|[spread] p1a,p1b
|-damage|p1a: Garchomp|0 fnt
|-damage|p1b: Whimsicott|53/100
|faint|p1a: Garchomp
|-damage|p2b: Ursaluna|18/100|[from] item: Life Orb
|
|upkeep
|
|t:|1757840378
|switch|p1a: Gholdengo|Gholdengo, L50|59/100
|switch|p2a: Politoed|Politoed, L50, F|100/100
|-weather|RainDance|[from] ability: Drizzle|[of] p2a: Politoed
|turn|8
|
|t:|1757840391
|move|p1b: Whimsicott|Moonblast|p2b: Ursaluna
|-damage|p2b: Ursaluna|0 fnt
|faint|p2b: Ursaluna
|move|p1a: Gholdengo|Shadow Ball|p2a: Politoed
|-damage|p2a: Politoed|59/100
|move|p2a: Politoed|Weather Ball|p1a: Gholdengo
|-damage|p1a: Gholdengo|0 fnt
|faint|p1a: Gholdengo
|
|-weather|RainDance|[upkeep]
|-sideend|p1: Jackwoodsford|move: Tailwind
|upkeep
|turn|9
|
|t:|1757840403
|move|p1b: Whimsicott|Moonblast|p2a: Politoed
|-damage|p2a: Politoed|44/100
|-unboost|p2a: Politoed|spa|1
|move|p2a: Politoed|Ice Beam|p1b: Whimsicott
|-supereffective|p1b: Whimsicott
|-damage|p1b: Whimsicott|11/100
|
|-weather|RainDance|[upkeep]
|upkeep
|turn|10
|
|t:|1757840418
|move|p1b: Whimsicott|Moonblast|p2a: Politoed
|-damage|p2a: Politoed|28/100
|move|p2a: Politoed|Ice Beam|p1b: Whimsicott
|-supereffective|p1b: Whimsicott
|-damage|p1b: Whimsicott|0 fnt
|faint|p1b: Whimsicott
|
|win|chawieeee
||Jackwoodsford is ready for game 2.
|inactive|chawieeee has 30 seconds to confirm battle start!
|l|☆chawieeee
|player|p2|
|j|☆chawieeee
|player|p2|chawieeee|101|
||chawieeee is ready for game 2.
|uhtml|next|Next: Game 2 of 3
