|j|☆RegionalModeSlow
|j|‽cevlloz
|html|RegionalModeSlowcevlloz    
|uhtml|bestof|Game 1 of a best-of-3
|t:|1756315108
|gametype|doubles
|player|p1|RegionalModeSlow|steven|1035
|player|p2|cevlloz|swimmerf-gen4|1000
|gen|9
|tier|[Gen 9] VGC 2025 Reg H (Bo3)
|rated|
|rule|Species Clause: Limit one of each Pokémon
|rule|Item Clause: Limit 1 of each item
|clearpoke
|poke|p1|Noivern, L50, M|
|poke|p1|Weezing-Galar, L50, M|
|poke|p1|Gholdengo, L50|
|poke|p1|Garchomp, L50, F|
|poke|p1|Annihilape, L50, M|
|poke|p1|Magmar, L50, F|
|poke|p2|Sneasler, L50, M|
|poke|p2|Garchomp, L50, F|
|poke|p2|Metagross, L50|
|poke|p2|Kingambit, L50, M|
|poke|p2|Ninetales-Alola, L50, M|
|poke|p2|Magmar, L50, M|
|teampreview|4
|showteam|p1|Noivern||CovertCloak|Telepathy|AirSlash,SuperFang,Tailwind,Taunt|||M|||50|,,,,,Steel]Weezing-Galar||ChoiceSpecs|NeutralizingGas|DazzlingGleam,SludgeBomb,StrangeSteam,Flamethrower|||M|||50|,,,,,Flying]Gholdengo||MetalCoat|GoodasGold|MakeItRain,ShadowBall,NastyPlot,Protect||||||50|,,,,,Flying]Garchomp||LifeOrb|RoughSkin|DragonClaw,Earthquake,StompingTantrum,Protect|||F|||50|,,,,,Ground]Annihilape||AssaultVest|Defiant|CloseCombat,ShadowClaw,FinalGambit,Uturn|||M|||50|,,,,,Stellar]Magmar||Eviolite|VitalSpirit|HeatWave,WillOWisp,FollowMe,Protect|||F|||50|,,,,,Ghost
|showteam|p2|Sneasler||FocusSash|PoisonTouch|CloseCombat,FakeOut,DireClaw,Coaching|||M|||50|,,,,,Flying]Garchomp||LifeOrb|RoughSkin|DragonClaw,StompingTantrum,Earthquake,Protect|||F|||50|,,,,,Steel]Metagross||AssaultVest|ClearBody|BulletPunch,StompingTantrum,PsychicFangs,HeavySlam||||||50|,,,,,Flying]Kingambit||BlackGlasses|Defiant|Protect,KowtowCleave,SuckerPunch,SwordsDance|||M|||50|,,,,,Flying]Ninetales-Alola||NeverMeltIce|SnowWarning|AuroraVeil,FreezeDry,Blizzard,Protect|||M|||50|,,,,,Ice]Magmar||Eviolite|VitalSpirit|Protect,FollowMe,Overheat,FireSpin|||M|||50|,,,,,Fire
|inactive|Battle timer is ON: inactive players will automatically lose when time's up. (requested by RegionalModeSlow)
|inactive|cevlloz also wants the timer to be on.
|inactive|cevlloz has 60 seconds left.
|
|t:|1756315147
|teamsize|p1|4
|teamsize|p2|4
|start
|switch|p1a: Ozzy|Noivern, L50, M|100/100
|switch|p1b: Magmar|Magmar, L50, F|100/100
|switch|p2a: Metagross|Metagross, L50|100/100
|switch|p2b: Sneasler|Sneasler, L50, M|100/100
|turn|1
|
|t:|1756315170
|-terastallize|p1b: Magmar|Ghost
|move|p2b: Sneasler|Fake Out|p1a: Ozzy
|-damage|p1a: Ozzy|84/100
|move|p1a: Ozzy|Taunt|p2b: Sneasler
|-start|p2b: Sneasler|move: Taunt
|move|p1b: Magmar|Will-O-Wisp|p2a: Metagross
|-status|p2a: Metagross|brn
|move|p2a: Metagross|Stomping Tantrum|p1b: Magmar
|-damage|p1b: Magmar|91/100
|
|-damage|p2a: Metagross|95/100 brn|[from] brn
|upkeep
|turn|2
|inactive|cevlloz has 30 seconds left.
|
|t:|1756315198
|switch|p2a: Garchomp|Garchomp, L50, F|100/100
|move|p1a: Ozzy|Air Slash|p2b: Sneasler
|-supereffective|p2b: Sneasler
|-damage|p2b: Sneasler|33/100
|cant|p2b: Sneasler|flinch
|move|p1b: Magmar|Heat Wave|p2a: Garchomp|[spread] p2a,p2b
|-resisted|p2a: Garchomp
|-damage|p2a: Garchomp|86/100
|-damage|p2b: Sneasler|0 fnt
|faint|p2b: Sneasler
|
|upkeep
|
|t:|1756315211
|switch|p2b: Ninetales|Ninetales-Alola, L50, M|100/100
|-weather|Snowscape|[from] ability: Snow Warning|[of] p2b: Ninetales
|turn|3
|
|t:|1756315236
|move|p2a: Garchomp|Protect|p2a: Garchomp
|-singleturn|p2a: Garchomp|Protect
|move|p1a: Ozzy|Tailwind|p1a: Ozzy
|-sidestart|p1: RegionalModeSlow|move: Tailwind
|move|p1b: Magmar|Will-O-Wisp|p2a: Garchomp
|-activate|p2a: Garchomp|move: Protect
|move|p2b: Ninetales|Blizzard|p1a: Ozzy|[spread] p1a,p1b
|-supereffective|p1a: Ozzy
|-damage|p1a: Ozzy|0 fnt
|-damage|p1b: Magmar|66/100
|faint|p1a: Ozzy
|
|-weather|Snowscape|[upkeep]
|upkeep
|
|t:|1756315241
|switch|p1a: Steely Dan|Gholdengo, L50, shiny|100/100
|turn|4
|
|t:|1756315258
|switch|p2a: Metagross|Metagross, L50|95/100 brn
|move|p2b: Ninetales|Protect|p2b: Ninetales
|-singleturn|p2b: Ninetales|Protect
|move|p1a: Steely Dan|Make It Rain|p2b: Ninetales|[spread] p2a
|-activate|p2b: Ninetales|move: Protect
|-resisted|p2a: Metagross
|-damage|p2a: Metagross|79/100 brn
|-unboost|p1a: Steely Dan|spa|1
|move|p1b: Magmar|Heat Wave|p2b: Ninetales|[spread] 
|-activate|p2b: Ninetales|move: Protect
|-miss|p1b: Magmar|p2a: Metagross
|
|-weather|Snowscape|[upkeep]
|-damage|p2a: Metagross|73/100 brn|[from] brn
|upkeep
|turn|5
|inactive|cevlloz has 30 seconds left.
|inactive|cevlloz has 20 seconds left.
|inactive|cevlloz has 15 seconds left.
|inactive|cevlloz has 10 seconds left.
|
|t:|1756315304
|switch|p2b: Garchomp|Garchomp, L50, F|86/100
|move|p1a: Steely Dan|Make It Rain|p2a: Metagross|[spread] p2a,p2b
|-resisted|p2a: Metagross
|-damage|p2a: Metagross|61/100 brn
|-damage|p2b: Garchomp|46/100
|-unboost|p1a: Steely Dan|spa|1
|move|p1b: Magmar|Heat Wave|p2a: Metagross|[spread] p2a,p2b
|-supereffective|p2a: Metagross
|-resisted|p2b: Garchomp
|-damage|p2a: Metagross|29/100 brn
|-damage|p2b: Garchomp|31/100
|move|p2a: Metagross|Heavy Slam|p1b: Magmar
|-damage|p1b: Magmar|40/100
|
|-weather|Snowscape|[upkeep]
|-damage|p2a: Metagross|23/100 brn|[from] brn
|upkeep
|turn|6
|inactive|RegionalModeSlow has 30 seconds left.
|
|t:|1756315332
|switch|p1a: Väinämöinen|Annihilape, L50, M, shiny|100/100
|move|p2b: Garchomp|Protect|p2b: Garchomp
|-singleturn|p2b: Garchomp|Protect
|move|p2a: Metagross|Bullet Punch|p1b: Magmar
|-damage|p1b: Magmar|32/100
|move|p1b: Magmar|Heat Wave|p2b: Garchomp|[spread] p2a
|-activate|p2b: Garchomp|move: Protect
|-supereffective|p2a: Metagross
|-damage|p2a: Metagross|0 fnt
|faint|p2a: Metagross
|
|-weather|Snowscape|[upkeep]
|-sideend|p1: RegionalModeSlow|move: Tailwind
|upkeep
|
|t:|1756315347
|switch|p2a: Ninetales|Ninetales-Alola, L50, M|100/100
|turn|7
|
|t:|1756315368
|move|p2a: Ninetales|Blizzard|p1a: Väinämöinen|[spread] p1a,p1b
|-damage|p1a: Väinämöinen|80/100
|-damage|p1b: Magmar|6/100
|move|p2b: Garchomp|Stomping Tantrum|p1a: Väinämöinen
|-damage|p1a: Väinämöinen|23/100
|-damage|p2b: Garchomp|21/100|[from] item: Life Orb
|move|p1a: Väinämöinen|Shadow Claw|p2b: Garchomp
|-crit|p2b: Garchomp
|-damage|p2b: Garchomp|0 fnt
|-damage|p1a: Väinämöinen|11/100|[from] ability: Rough Skin|[of] p2b: Garchomp
|faint|p2b: Garchomp
|move|p1b: Magmar|Heat Wave|p2a: Ninetales
|-supereffective|p2a: Ninetales
|-damage|p2a: Ninetales|24/100
|
|-weather|none
|upkeep
|turn|8
|-message|cevlloz forfeited.
|
|win|RegionalModeSlow
|l|‽cevlloz
|player|p2|
