|j|☆Kampfstube
|j|☆Acris
|html|KampfstubeAcris    
|uhtml|bestof|Game 1 of a best-of-3
|t:|1756617788
|gametype|doubles
|player|p1|Kampfstube|n|1076
|player|p2|Acris|169|1068
|gen|9
|tier|[Gen 9] VGC 2025 Reg H (Bo3)
|rated|
|rule|Species Clause: Limit one of each Pokémon
|rule|Item Clause: Limit 1 of each item
|clearpoke
|poke|p1|Grimmsnarl, L50, M|
|poke|p1|Volcarona, L50, F|
|poke|p1|Annihilape, L50, M|
|poke|p1|Ursaluna-Bloodmoon, L50, M|
|poke|p1|Dragonite, L50, M|
|poke|p1|Amoonguss, L50, F|
|poke|p2|Maushold, L50|
|poke|p2|Annihilape, L50, M|
|poke|p2|Incineroar, L50, F|
|poke|p2|Rillaboom, L50, F|
|poke|p2|Dragonite, L50, M|
|poke|p2|Gholdengo, L50|
|teampreview|4
|showteam|p1|Grimmsnarl||CovertCloak|Prankster|SpiritBreak,LightScreen,Reflect,ThunderWave|||M|||50|,,,,,Steel]Volcarona||Leftovers|FlameBody|GigaDrain,QuiverDance,HeatWave,Protect|||F|||50|,,,,,Grass]Annihilape||SafetyGoggles|Defiant|BulkUp,DrainPunch,Protect,RageFist|||M|||50|,,,,,Fire]Ursaluna-Bloodmoon||AssaultVest|MindsEye|EarthPower,BloodMoon,HyperVoice,VacuumWave|||M|||50|,,,,,Water]Dragonite||LoadedDice|Multiscale|ScaleShot,ExtremeSpeed,Protect,Haze|||M|||50|,,,,,Fairy]Amoonguss||RockyHelmet|Regenerator|Spore,RagePowder,Protect,PollenPuff|||F|||50|,,,,,Water
|showteam|p2|Maushold||WideLens|Technician|PopulationBomb,BeatUp,Protect,FollowMe||||||50|,,,,,Ghost]Annihilape||Leftovers|Defiant|RageFist,DrainPunch,Protect,BulkUp|||M|||50|,,,,,Fire]Incineroar||SitrusBerry|Intimidate|FakeOut,KnockOff,PartingShot,FlareBlitz|||F|||50|,,,,,Grass]Rillaboom||AssaultVest|GrassySurge|FakeOut,GrassyGlide,Uturn,WoodHammer|||F|||50|,,,,,Fire]Dragonite||LoadedDice|Multiscale|ScaleShot,Tailwind,Protect,Haze|||M|||50|,,,,,Fairy]Gholdengo||LifeOrb|GoodasGold|MakeItRain,ShadowBall,Protect,NastyPlot||||||50|,,,,,Water
|inactive|Battle timer is ON: inactive players will automatically lose when time's up. (requested by Kampfstube)
|inactive|Acris has 60 seconds left.
|inactive|Kampfstube has 60 seconds left.
|inactive|Acris has 30 seconds left.
|
|t:|1756617854
|teamsize|p1|4
|teamsize|p2|4
|start
|switch|p1a: Grimmsnarl|Grimmsnarl, L50, M|100/100
|switch|p1b: Amoonguss|Amoonguss, L50, F|100/100
|switch|p2a: Incineroar|Incineroar, L50, F|100/100
|switch|p2b: Annihilape|Annihilape, L50, M|100/100
|-ability|p2a: Incineroar|Intimidate|boost
|-unboost|p1a: Grimmsnarl|atk|1
|-unboost|p1b: Amoonguss|atk|1
|turn|1
|
|t:|1756617875
|move|p1b: Amoonguss|Protect|p1b: Amoonguss
|-singleturn|p1b: Amoonguss|Protect
|move|p2a: Incineroar|Fake Out|p1b: Amoonguss
|-activate|p1b: Amoonguss|move: Protect
|move|p1a: Grimmsnarl|Reflect|p1a: Grimmsnarl
|-sidestart|p1: Kampfstube|Reflect
|move|p2b: Annihilape|Bulk Up|p2b: Annihilape
|-boost|p2b: Annihilape|atk|1
|-boost|p2b: Annihilape|def|1
|
|upkeep
|turn|2
|
|t:|1756617899
|switch|p1a: Annihilape|Annihilape, L50, M|100/100
|move|p2b: Annihilape|Protect|p2b: Annihilape
|-singleturn|p2b: Annihilape|Protect
|move|p2a: Incineroar|Flare Blitz|p1b: Amoonguss
|-supereffective|p1b: Amoonguss
|-damage|p1b: Amoonguss|33/100
|-damage|p2a: Incineroar|84/100|[from] item: Rocky Helmet|[of] p1b: Amoonguss
|-damage|p2a: Incineroar|59/100|[from] Recoil
|move|p1b: Amoonguss|Spore|p2b: Annihilape
|-activate|p2b: Annihilape|move: Protect
|
|upkeep
|turn|3
|
|t:|1756617917
|switch|p1b: Grimmsnarl|Grimmsnarl, L50, M|100/100
|-terastallize|p1a: Annihilape|Fire
|move|p2b: Annihilape|Bulk Up|p2b: Annihilape
|-boost|p2b: Annihilape|atk|1
|-boost|p2b: Annihilape|def|1
|move|p1a: Annihilape|Bulk Up|p1a: Annihilape
|-boost|p1a: Annihilape|atk|1
|-boost|p1a: Annihilape|def|1
|move|p2a: Incineroar|Flare Blitz|p1b: Grimmsnarl
|-damage|p1b: Grimmsnarl|58/100
|-damage|p2a: Incineroar|45/100|[from] Recoil
|-enditem|p2a: Incineroar|Sitrus Berry|[eat]
|-heal|p2a: Incineroar|70/100|[from] item: Sitrus Berry
|
|upkeep
|turn|4
|
|t:|1756617933
|move|p1b: Grimmsnarl|Thunder Wave|p2b: Annihilape
|-status|p2b: Annihilape|par
|move|p1a: Annihilape|Bulk Up|p1a: Annihilape
|-boost|p1a: Annihilape|atk|1
|-boost|p1a: Annihilape|def|1
|move|p2a: Incineroar|Flare Blitz|p1b: Grimmsnarl
|-damage|p1b: Grimmsnarl|20/100
|-damage|p2a: Incineroar|57/100|[from] Recoil
|move|p2b: Annihilape|Bulk Up|p2b: Annihilape
|-boost|p2b: Annihilape|atk|1
|-boost|p2b: Annihilape|def|1
|
|upkeep
|turn|5
|inactive|Kampfstube has 30 seconds left.
|
|t:|1756617961
|switch|p1b: Amoonguss|Amoonguss, L50, F|66/100
|move|p1a: Annihilape|Drain Punch|p2a: Incineroar
|-supereffective|p2a: Incineroar
|-damage|p2a: Incineroar|0 fnt
|faint|p2a: Incineroar
|move|p2b: Annihilape|Bulk Up|p2b: Annihilape
|-boost|p2b: Annihilape|atk|1
|-boost|p2b: Annihilape|def|1
|
|-sideend|p1: Kampfstube|Reflect
|upkeep
|
|t:|1756617979
|switch|p2a: Gholdengo|Gholdengo, L50|100/100
|turn|6
|
|t:|1756617994
|cant|p2b: Annihilape|par
|move|p1b: Amoonguss|Protect|p1b: Amoonguss
|-singleturn|p1b: Amoonguss|Protect
|move|p2a: Gholdengo|Nasty Plot|p2a: Gholdengo
|-boost|p2a: Gholdengo|spa|2
|move|p1a: Annihilape|Rage Fist|p2a: Gholdengo
|-supereffective|p2a: Gholdengo
|-damage|p2a: Gholdengo|11/100
|
|upkeep
|turn|7
|
|t:|1756618020
|switch|p1b: Volcarona|Volcarona, L50, F, shiny|100/100
|move|p2a: Gholdengo|Protect|p2a: Gholdengo
|-singleturn|p2a: Gholdengo|Protect
|move|p1a: Annihilape|Rage Fist|p2a: Gholdengo
|-activate|p2a: Gholdengo|move: Protect
|move|p2b: Annihilape|Bulk Up|p2b: Annihilape
|-boost|p2b: Annihilape|atk|1
|-boost|p2b: Annihilape|def|1
|
|upkeep
|turn|8
|
|t:|1756618041
|switch|p1b: Amoonguss|Amoonguss, L50, F|99/100
|move|p2a: Gholdengo|Shadow Ball|p1b: Amoonguss
|-damage|p1b: Amoonguss|15/100
|-damage|p2a: Gholdengo|1/100|[from] item: Life Orb
|move|p1a: Annihilape|Rage Fist|p2a: Gholdengo
|-supereffective|p2a: Gholdengo
|-damage|p2a: Gholdengo|0 fnt
|faint|p2a: Gholdengo
|move|p2b: Annihilape|Bulk Up|p2b: Annihilape
|-boost|p2b: Annihilape|atk|1
|-boost|p2b: Annihilape|def|1
|
|upkeep
|
|t:|1756618051
|switch|p2a: Dragonite|Dragonite, L50, M|100/100
|turn|9
|
|t:|1756618069
|switch|p1b: Grimmsnarl|Grimmsnarl, L50, M|20/100
|move|p2a: Dragonite|Protect|p2a: Dragonite
|-singleturn|p2a: Dragonite|Protect
|move|p1a: Annihilape|Bulk Up|p1a: Annihilape
|-boost|p1a: Annihilape|atk|1
|-boost|p1a: Annihilape|def|1
|move|p2b: Annihilape|Rage Fist|p1b: Grimmsnarl
|-resisted|p1b: Grimmsnarl
|-damage|p1b: Grimmsnarl|0 fnt
|faint|p1b: Grimmsnarl
|
|upkeep
|
|t:|1756618080
|switch|p1b: Amoonguss|Amoonguss, L50, F|49/100
|turn|10
|
|t:|1756618101
|move|p2a: Dragonite|Tailwind|p2a: Dragonite
|-sidestart|p2: Acris|move: Tailwind
|move|p2b: Annihilape|Rage Fist|p1b: Amoonguss
|-damage|p1b: Amoonguss|0 fnt
|-damage|p2b: Annihilape|84/100 par|[from] item: Rocky Helmet|[of] p1b: Amoonguss
|faint|p1b: Amoonguss
|move|p1a: Annihilape|Bulk Up|p1a: Annihilape
|-boost|p1a: Annihilape|atk|1
|-boost|p1a: Annihilape|def|1
|
|-heal|p2b: Annihilape|90/100 par|[from] item: Leftovers
|upkeep
|
|t:|1756618111
|switch|p1b: Volcarona|Volcarona, L50, F, shiny|100/100
|turn|11
|
|t:|1756618123
|move|p2b: Annihilape|Protect|p2b: Annihilape
|-singleturn|p2b: Annihilape|Protect
|move|p1b: Volcarona|Protect|p1b: Volcarona
|-singleturn|p1b: Volcarona|Protect
|move|p2a: Dragonite|Scale Shot|p1b: Volcarona
|-activate|p1b: Volcarona|move: Protect
|move|p1a: Annihilape|Rage Fist|p2b: Annihilape
|-activate|p2b: Annihilape|move: Protect
|
|-heal|p2b: Annihilape|96/100 par|[from] item: Leftovers
|upkeep
|turn|12
|
|t:|1756618134
|-terastallize|p2b: Annihilape|Fire
|move|p1a: Annihilape|Protect|p1a: Annihilape
|-singleturn|p1a: Annihilape|Protect
|move|p2a: Dragonite|Scale Shot|p1b: Volcarona|[miss]
|-miss|p2a: Dragonite|p1b: Volcarona
|cant|p2b: Annihilape|par
|move|p1b: Volcarona|Quiver Dance|p1b: Volcarona
|-boost|p1b: Volcarona|spa|1
|-boost|p1b: Volcarona|spd|1
|-boost|p1b: Volcarona|spe|1
|
|-heal|p2b: Annihilape|100/100 par|[from] item: Leftovers
|upkeep
|turn|13
|
|t:|1756618155
|move|p2a: Dragonite|Protect|p2a: Dragonite
|-singleturn|p2a: Dragonite|Protect
|move|p1b: Volcarona|Protect|p1b: Volcarona
|-singleturn|p1b: Volcarona|Protect
|cant|p2b: Annihilape|par
|move|p1a: Annihilape|Rage Fist|p2a: Dragonite
|-activate|p2a: Dragonite|move: Protect
|
|-sideend|p2: Acris|move: Tailwind
|upkeep
|turn|14
|
|t:|1756618171
|move|p1b: Volcarona|Heat Wave|p2a: Dragonite|[spread] p2a,p2b
|-resisted|p2a: Dragonite
|-resisted|p2b: Annihilape
|-damage|p2a: Dragonite|87/100
|-damage|p2b: Annihilape|76/100 par
|move|p2a: Dragonite|Tailwind|p2a: Dragonite
|-sidestart|p2: Acris|move: Tailwind
|move|p2b: Annihilape|Rage Fist|p1b: Volcarona
|-damage|p1b: Volcarona|0 fnt
|faint|p1b: Volcarona
|move|p1a: Annihilape|Rage Fist|p2a: Dragonite
|-crit|p2a: Dragonite
|-damage|p2a: Dragonite|0 fnt
|faint|p2a: Dragonite
|
|-heal|p2b: Annihilape|82/100 par|[from] item: Leftovers
|upkeep
|turn|15
|inactive|Acris has 30 seconds left.
|
|t:|1756618199
|move|p2b: Annihilape|Rage Fist|p1a: Annihilape
|-damage|p1a: Annihilape|46/100
|move|p1a: Annihilape|Bulk Up|p1a: Annihilape
|-boost|p1a: Annihilape|atk|1
|-boost|p1a: Annihilape|def|1
|
|-heal|p2b: Annihilape|88/100 par|[from] item: Leftovers
|upkeep
|turn|16
|
|t:|1756618209
|move|p1a: Annihilape|Protect|p1a: Annihilape
|-singleturn|p1a: Annihilape|Protect
|move|p2b: Annihilape|Rage Fist|p1a: Annihilape
|-activate|p1a: Annihilape|move: Protect
|
|-heal|p2b: Annihilape|94/100 par|[from] item: Leftovers
|upkeep
|turn|17
|
|t:|1756618226
|cant|p2b: Annihilape|par
|move|p1a: Annihilape|Rage Fist|p2b: Annihilape
|-damage|p2b: Annihilape|50/100 par
|
|-heal|p2b: Annihilape|56/100 par|[from] item: Leftovers
|-sideend|p2: Acris|move: Tailwind
|upkeep
|turn|18
|
|t:|1756618235
|move|p1a: Annihilape|Protect|p1a: Annihilape
|-singleturn|p1a: Annihilape|Protect
|move|p2b: Annihilape|Protect||[still]
|-fail|p2b: Annihilape
|
|-heal|p2b: Annihilape|62/100 par|[from] item: Leftovers
|upkeep
|turn|19
|
|t:|1756618242
|move|p1a: Annihilape|Bulk Up|p1a: Annihilape
|-boost|p1a: Annihilape|atk|1
|-boost|p1a: Annihilape|def|1
|move|p2b: Annihilape|Rage Fist|p1a: Annihilape
|-damage|p1a: Annihilape|0 fnt
|faint|p1a: Annihilape
|
|win|Acris
