|j|☆Pickle315
|j|☆Culley
|html|Pickle315Culley    
|uhtml|bestof|Game 2 of a best-of-3
|t:|1756950774
|gametype|doubles
|player|p1|Pickle315|hilbert|1077
|player|p2|Culley|marnie-masters3|1029
|gen|9
|tier|[Gen 9] VGC 2025 Reg H (Bo3)
|rated|
|rule|Species Clause: Limit one of each Pokémon
|rule|Item Clause: Limit 1 of each item
|clearpoke
|poke|p1|Torkoal, L50, F|
|poke|p1|Amoonguss, L50, M|
|poke|p1|Charizard, L50, F|
|poke|p1|Kingambit, L50, F|
|poke|p1|Rillaboom, L50, M|
|poke|p1|Dragapult, L50, M|
|poke|p2|Pelipper, L50, F|
|poke|p2|Basculegion, L50, M|
|poke|p2|Archaludon, L50, M|
|poke|p2|Talonflame, L50, M|
|poke|p2|Clefairy, L50, F|
|poke|p2|Incineroar, L50, F|
|teampreview|4
|showteam|p1|Torkoal||SafetyGoggles|Drought|BodyPress,HeatWave,HelpingHand,WillOWisp|||F|||50|,,,,,Fighting]Amoonguss||RockyHelmet|Regenerator|PollenPuff,RagePowder,Spore,Synthesis|||M|||50|,,,,,Water]Charizard||LifeOrb|SolarPower|TeraBlast,HeatWave,Protect,SolarBeam|||F|||50|,,,,,Flying]Kingambit||AssaultVest|Defiant|KowtowCleave,IronHead,SuckerPunch,BrickBreak|||F|||50|,,,,,Ghost]Rillaboom||SitrusBerry|GrassySurge|HighHorsepower,GrassyGlide,SolarBlade,FakeOut|||M|||50|,,,,,Electric]Dragapult||ColburBerry|ClearBody|SunnyDay,Protect,DracoMeteor,Thunderbolt|||M|||50|,,,,,Steel
|showteam|p2|Pelipper||DampRock|Drizzle|IcyWind,Protect,WeatherBall,WideGuard|||F|||50|,,,,,Water]Basculegion||ChoiceBand|SwiftSwim|AquaJet,LastRespects,FlipTurn,WaveCrash|||M|||50|,,,,,Water]Archaludon||AssaultVest|Stamina|DracoMeteor,ElectroShot,FlashCannon,BodyPress|||M|||50|,,,,,Electric]Talonflame||FocusSash|GaleWings|DualWingbeat,Tailwind,Taunt,WillOWisp|||M|||50|,,,,,Dark]Clefairy||Eviolite|FriendGuard|DrainingKiss,Encore,FakeTears,FollowMe|||F|||50|,,,,,Fairy]Incineroar||SafetyGoggles|Intimidate|FakeOut,FlareBlitz,KnockOff,PartingShot|||F|||50|,,,,,Fire
|c|☆Culley|Glhf
|c|☆Pickle315|g;hf
|
|t:|1756950793
|teamsize|p1|4
|teamsize|p2|4
|start
|switch|p1a: Charizard|Charizard, L50, F|100/100
|switch|p1b: Dragapult|Dragapult, L50, M|100/100
|switch|p2a: Wolfeys love ❤️|Incineroar, L50, F, shiny|100/100
|switch|p2b: It’s her|Clefairy, L50, F|100/100
|-ability|p2a: Wolfeys love ❤️|Intimidate|boost
|-unboost|p1a: Charizard|atk|1
|-fail|p1b: Dragapult|unboost|[from] ability: Clear Body|[of] p1b: Dragapult
|turn|1
|c|☆Pickle315|glhf
|c|☆Pickle315|oops
|
|t:|1756950811
|move|p2a: Wolfeys love ❤️|Fake Out|p1a: Charizard
|-damage|p1a: Charizard|85/100
|move|p2b: It’s her|Follow Me|p2b: It’s her
|-singleturn|p2b: It’s her|move: Follow Me
|move|p1b: Dragapult|Sunny Day|p1b: Dragapult
|-weather|SunnyDay
|cant|p1a: Charizard|flinch
|
|-weather|SunnyDay|[upkeep]
|-damage|p1a: Charizard|73/100|[from] ability: Solar Power|[of] p1a: Charizard
|upkeep
|turn|2
|
|t:|1756950836
|move|p1b: Dragapult|Thunderbolt|p2a: Wolfeys love ❤️
|-damage|p2a: Wolfeys love ❤️|87/100
|move|p1a: Charizard|Heat Wave|p2b: It’s her|[spread] p2a,p2b
|-resisted|p2a: Wolfeys love ❤️
|-damage|p2a: Wolfeys love ❤️|56/100
|-damage|p2b: It’s her|36/100
|-damage|p1a: Charizard|63/100|[from] item: Life Orb
|move|p2a: Wolfeys love ❤️|Knock Off|p1a: Charizard
|-damage|p1a: Charizard|13/100
|-enditem|p1a: Charizard|Life Orb|[from] move: Knock Off|[of] p2a: Wolfeys love ❤️
|move|p2b: It’s her|Encore|p1b: Dragapult
|-start|p1b: Dragapult|Encore
|
|-weather|SunnyDay|[upkeep]
|-damage|p1a: Charizard|1/100|[from] ability: Solar Power|[of] p1a: Charizard
|upkeep
|turn|3
|
|t:|1756950865
|move|p1b: Dragapult|Thunderbolt|p2a: Wolfeys love ❤️
|-damage|p2a: Wolfeys love ❤️|42/100
|move|p1a: Charizard|Heat Wave|p2b: It’s her|[spread] p2a,p2b
|-resisted|p2a: Wolfeys love ❤️
|-damage|p2a: Wolfeys love ❤️|15/100
|-damage|p2b: It’s her|0 fnt
|faint|p2b: It’s her
|move|p2a: Wolfeys love ❤️|Knock Off|p1b: Dragapult
|-supereffective|p1b: Dragapult
|-enditem|p1b: Dragapult|Colbur Berry|[eat]
|-enditem|p1b: Dragapult|Colbur Berry|[weaken]
|-damage|p1b: Dragapult|60/100
|
|-weather|SunnyDay|[upkeep]
|-damage|p1a: Charizard|0 fnt|[from] ability: Solar Power|[of] p1a: Charizard
|faint|p1a: Charizard
|upkeep
|
|t:|1756950882
|switch|p1a: Torkoal|Torkoal, L50, F|100/100
|switch|p2b: Pelliiiiiiii 3|Pelipper, L50, F, shiny|100/100
|-weather|RainDance|[from] ability: Drizzle|[of] p2b: Pelliiiiiiii 3
|-weather|SunnyDay|[from] ability: Drought|[of] p1a: Torkoal
|turn|4
|
|t:|1756950909
|switch|p1b: Kingambit|Kingambit, L50, F|100/100
|switch|p2b: The bridge 3|Archaludon, L50, M|100/100
|move|p2a: Wolfeys love ❤️|Knock Off|p1a: Torkoal
|-damage|p1a: Torkoal|80/100
|-enditem|p1a: Torkoal|Safety Goggles|[from] move: Knock Off|[of] p2a: Wolfeys love ❤️
|move|p1a: Torkoal|Heat Wave|p2b: The bridge 3|[spread] p2a,p2b
|-resisted|p2a: Wolfeys love ❤️
|-damage|p2a: Wolfeys love ❤️|0 fnt
|-damage|p2b: The bridge 3|67/100
|-ability|p2b: The bridge 3|Stamina|boost
|-boost|p2b: The bridge 3|def|1
|faint|p2a: Wolfeys love ❤️
|
|-weather|SunnyDay|[upkeep]
|upkeep
|
|t:|1756950920
|switch|p2a: Pelliiiiiiii 3|Pelipper, L50, F, shiny|100/100
|-weather|RainDance|[from] ability: Drizzle|[of] p2a: Pelliiiiiiii 3
|turn|5
|
|t:|1756950941
|-terastallize|p2b: The bridge 3|Electric
|move|p2a: Pelliiiiiiii 3|Wide Guard|p2a: Pelliiiiiiii 3
|-singleturn|p2a: Pelliiiiiiii 3|Wide Guard
|move|p2b: The bridge 3|Electro Shot||[still]
|-prepare|p2b: The bridge 3|Electro Shot
|-boost|p2b: The bridge 3|spa|1
|-anim|p2b: The bridge 3|Electro Shot|p1b: Kingambit
|-damage|p1b: Kingambit|33/100
|move|p1b: Kingambit|Kowtow Cleave|p2b: The bridge 3
|-damage|p2b: The bridge 3|38/100
|-ability|p2b: The bridge 3|Stamina|boost
|-boost|p2b: The bridge 3|def|1
|move|p1a: Torkoal|Body Press|p2b: The bridge 3
|-damage|p2b: The bridge 3|23/100
|-ability|p2b: The bridge 3|Stamina|boost
|-boost|p2b: The bridge 3|def|1
|
|-weather|RainDance|[upkeep]
|upkeep
|turn|6
|
|t:|1756950976
|move|p1b: Kingambit|Sucker Punch|p2b: The bridge 3
|-damage|p2b: The bridge 3|8/100
|-ability|p2b: The bridge 3|Stamina|boost
|-boost|p2b: The bridge 3|def|1
|move|p2b: The bridge 3|Electro Shot||[still]
|-prepare|p2b: The bridge 3|Electro Shot
|-boost|p2b: The bridge 3|spa|1
|-anim|p2b: The bridge 3|Electro Shot|p1b: Kingambit
|-crit|p1b: Kingambit
|-damage|p1b: Kingambit|0 fnt
|faint|p1b: Kingambit
|move|p2a: Pelliiiiiiii 3|Weather Ball|p1a: Torkoal
|-supereffective|p1a: Torkoal
|-damage|p1a: Torkoal|0 fnt
|faint|p1a: Torkoal
|
|-weather|RainDance|[upkeep]
|upkeep
|
|t:|1756950991
|switch|p1b: Dragapult|Dragapult, L50, M|60/100
|turn|7
|
|t:|1756951002
|-terastallize|p1b: Dragapult|Steel
|move|p1b: Dragapult|Thunderbolt|p2b: The bridge 3
|-resisted|p2b: The bridge 3
|-damage|p2b: The bridge 3|0 fnt
|faint|p2b: The bridge 3
|move|p2a: Pelliiiiiiii 3|Icy Wind|p1b: Dragapult
|-resisted|p1b: Dragapult
|-damage|p1b: Dragapult|54/100
|
|-weather|RainDance|[upkeep]
|upkeep
|turn|8
|c|☆Culley|Ggs
|
|t:|1756951012
|move|p1b: Dragapult|Thunderbolt|p2a: Pelliiiiiiii 3
|-supereffective|p2a: Pelliiiiiiii 3
|-crit|p2a: Pelliiiiiiii 3
|-damage|p2a: Pelliiiiiiii 3|0 fnt
|faint|p2a: Pelliiiiiiii 3
|
|win|Pickle315
|raw|Pickle315's rating: 1077 → 1102(+25 for winning)
|raw|Culley's rating: 1029 → 1017(-12 for losing)
|c|☆Pickle315|gg
