|j|☆SunshineTufo
|j|☆IceyMochi
|html|SunshineTufoIceyMochi    
|uhtml|bestof|Game 1 of a best-of-3
|t:|1783882459
|gametype|doubles
|player|p1|SunshineTufo|li|1101
|player|p2|IceyMochi|caitlin|1175
|gen|9
|tier|[Gen 9 Champions] VGC 2026 Reg M-B (Bo3)
|rated|
|rule|Species Clause: Limit one of each Pokémon
|rule|Item Clause: Limit 1 of each item
|clearpoke
|poke|p1|Charizard, L50, M, shiny|
|poke|p1|Incineroar, L50, M, shiny|
|poke|p1|Sylveon, L50, M, shiny|
|poke|p1|Aerodactyl, L50, M, shiny|
|poke|p1|Garchomp, L50, M|
|poke|p1|Farigiraf, L50, M, shiny|
|poke|p2|Froslass, L50, F, shiny|
|poke|p2|Whimsicott, L50, M|
|poke|p2|Basculegion, L50, M|
|poke|p2|Kingambit, L50, F|
|poke|p2|Sneasler, L50, F|
|poke|p2|Glimmora, L50, M|
|teampreview|4
|showteam|p1|Charizard||CharizarditeY|SolarPower|HeatWave,WeatherBall,SolarBeam,Protect|Modest||M|||50|]Incineroar||Charcoal|Intimidate|FlareBlitz,DarkestLariat,PartingShot,FakeOut|Brave||M|||50|]Sylveon||FairyFeather|Pixilate|HyperVoice,QuickAttack,HyperBeam,Protect|Modest||M|||50|]Aerodactyl||Aerodactylite|Unnerve|WideGuard,RockSlide,DualWingbeat,Tailwind|Jolly||M|||50|]Garchomp||LifeOrb|RoughSkin|Protect,RockSlide,DragonClaw,Earthquake|Adamant||M|||50|]Farigiraf||SitrusBerry|ArmorTail|SunnyDay,PsychicFangs,Thunderbolt,TrickRoom|Relaxed||M|||50|
|showteam|p2|Froslass||Froslassite|CursedBody|Protect,NastyPlot,Blizzard,ShadowBall|Timid||F|||50|]Whimsicott||FocusSash|Prankster|Tailwind,Encore,Moonblast,Protect|Bold||M|||50|]Basculegion||MysticWater|Adaptability|WaveCrash,LastRespects,AquaJet,Protect|Adamant||M|||50|]Kingambit||BlackGlasses|Defiant|SuckerPunch,KowtowCleave,IronHead,LowKick|Adamant||F|||50|]Sneasler||WhiteHerb|Unburden|DireClaw,CloseCombat,RockSlide,Protect|Adamant||F|||50|]Glimmora||LifeOrb|ToxicDebris|Protect,PowerGem,SludgeWave,EarthPower|Timid||M|||50|
|inactive|Battle timer is ON: inactive players will automatically lose when time's up. (requested by SunshineTufo)
|inactive|SunshineTufo has 60 seconds left.
|
|t:|1783882496
|teamsize|p1|4
|teamsize|p2|4
|start
|switch|p1a: Incineroar|Incineroar, L50, M, shiny|100/100
|switch|p1b: Farigiraf|Farigiraf, L50, M, shiny|100/100
|switch|p2a: Glimmora|Glimmora, L50, M|100/100
|switch|p2b: Whimsicott|Whimsicott, L50, M|100/100
|-ability|p1a: Incineroar|Intimidate|boost
|-unboost|p2a: Glimmora|atk|1
|-unboost|p2b: Whimsicott|atk|1
|turn|1
|
|t:|1783882514
|move|p1a: Incineroar|Fake Out|p2a: Glimmora
|-resisted|p2a: Glimmora|1
|-damage|p2a: Glimmora|91/100
|-activate|p2a: Glimmora|ability: Toxic Debris
|-sidestart|p1: SunshineTufo|move: Toxic Spikes
|cant|p2a: Glimmora|flinch
|move|p2b: Whimsicott|Moonblast|p1a: Incineroar
|-damage|p1a: Incineroar|75/100
|move|p1b: Farigiraf|Trick Room|p1b: Farigiraf
|-fieldstart|move: Trick Room|[of] p1b: Farigiraf
|
|upkeep
|turn|2
|
|t:|1783882536
|move|p2a: Glimmora|Protect|p2a: Glimmora
|-singleturn|p2a: Glimmora|Protect
|move|p1a: Incineroar|Flare Blitz|p2b: Whimsicott
|-supereffective|p2b: Whimsicott|1
|-enditem|p2b: Whimsicott|Focus Sash
|-damage|p2b: Whimsicott|1/100
|-damage|p1a: Incineroar|49/100|[from] Recoil
|move|p1b: Farigiraf|Thunderbolt|p2b: Whimsicott
|-resisted|p2b: Whimsicott|1
|-damage|p2b: Whimsicott|0 fnt
|faint|p2b: Whimsicott
|
|upkeep
|
|t:|1783882541
|switch|p2b: Sneasler|Sneasler, L50, F|100/100
|turn|3
|
|t:|1783882548
|move|p1b: Farigiraf|Psychic Fangs|p2b: Sneasler
|-supereffective|p2b: Sneasler|2
|-damage|p2b: Sneasler|0 fnt
|faint|p2b: Sneasler
|move|p1a: Incineroar|Parting Shot|p2a: Glimmora
|-unboost|p2a: Glimmora|atk|1
|-unboost|p2a: Glimmora|spa|1
|
|t:|1783882553
|switch|p1a: Garchomp|Garchomp, L50, M|100/100|[from] Parting Shot
|-status|p1a: Garchomp|psn
|move|p2a: Glimmora|Power Gem|p1a: Garchomp
|-resisted|p1a: Garchomp|1
|-damage|p1a: Garchomp|82/100 psn
|-damage|p2a: Glimmora|82/100|[from] item: Life Orb
|
|-damage|p1a: Garchomp|70/100 psn|[from] psn
|upkeep
|
|t:|1783882564
|switch|p2b: Vanilla|Froslass, L50, F, shiny|100/100
|turn|4
|
|t:|1783882578
|switch|p1a: Incineroar|Incineroar, L50, M, shiny|49/100
|-status|p1a: Incineroar|psn
|-ability|p1a: Incineroar|Intimidate|boost
|-unboost|p2a: Glimmora|atk|1
|-unboost|p2b: Vanilla|atk|1
|move|p2a: Glimmora|Protect|p2a: Glimmora
|-singleturn|p2a: Glimmora|Protect
|move|p2b: Vanilla|Protect|p2b: Vanilla
|-singleturn|p2b: Vanilla|Protect
|move|p1b: Farigiraf|Psychic Fangs|p2a: Glimmora
|-activate|p2a: Glimmora|move: Protect
|
|-damage|p1a: Incineroar|37/100 psn|[from] psn
|upkeep
|turn|5
|
|t:|1783882591
|detailschange|p2b: Vanilla|Froslass-Mega, L50, F, shiny
|-mega|p2b: Vanilla|Froslass|Froslassite
|-weather|Snowscape|[from] ability: Snow Warning|[of] p2b: Vanilla
|move|p1b: Farigiraf|Sunny Day|p1b: Farigiraf
|-weather|SunnyDay
|move|p1a: Incineroar|Flare Blitz|p2b: Vanilla
|-supereffective|p2b: Vanilla|1
|-damage|p2b: Vanilla|0 fnt
|faint|p2b: Vanilla
|-damage|p1a: Incineroar|12/100 psn|[from] Recoil
|move|p2a: Glimmora|Power Gem|p1a: Incineroar
|-supereffective|p1a: Incineroar|1
|-damage|p1a: Incineroar|0 fnt
|faint|p1a: Incineroar
|-damage|p2a: Glimmora|72/100|[from] item: Life Orb
|
|-weather|SunnyDay|[upkeep]
|-fieldend|move: Trick Room
|upkeep
|
|t:|1783882599
|switch|p1a: Garchomp|Garchomp, L50, M|70/100 psn
|turn|6
|
|t:|1783882605
|switch|p1b: Charizard|Charizard, L50, M, shiny|100/100
|move|p2a: Glimmora|Sludge Wave|p1b: Charizard|[spread] p1a,p1b
|-resisted|p1a: Garchomp|1
|-damage|p1a: Garchomp|53/100 psn
|-damage|p1b: Charizard|61/100
|-damage|p2a: Glimmora|63/100|[from] item: Life Orb
|move|p1a: Garchomp|Earthquake|p2a: Glimmora|[spread] p2a
|-immune|p1b: Charizard
|-supereffective|p2a: Glimmora|2
|-damage|p2a: Glimmora|0 fnt
|-activate|p2a: Glimmora|ability: Toxic Debris
|-sidestart|p1: SunshineTufo|move: Toxic Spikes
|faint|p2a: Glimmora
|-damage|p1a: Garchomp|43/100 psn|[from] item: Life Orb
|
|win|SunshineTufo
