|j|☆Kahizar
|j|☆KatKraydel
|html|KahizarKatKraydel    
|uhtml|bestof|Game 1 of a best-of-3
|t:|1757705068
|gametype|doubles
|player|p1|Kahizar|169|1091
|player|p2|KatKraydel|caitlin-masters|1185
|gen|9
|tier|[Gen 9] VGC 2025 Reg H (Bo3)
|rated|
|rule|Species Clause: Limit one of each Pokémon
|rule|Item Clause: Limit 1 of each item
|clearpoke
|poke|p1|Ninetales-Alola, L50, M|
|poke|p1|Incineroar, L50, M|
|poke|p1|Murkrow, L50, M|
|poke|p1|Sneasler, L50, M|
|poke|p1|Rillaboom, L50, M|
|poke|p1|Gholdengo, L50|
|poke|p2|Primarina, L50, M|
|poke|p2|Talonflame, L50, F|
|poke|p2|Garchomp, L50, M|
|poke|p2|Ninetales-Alola, L50, M|
|poke|p2|Sinistcha, L50|
|poke|p2|Conkeldurr, L50, F|
|teampreview|4
|showteam|p1|Ninetales-Alola||FocusSash|SnowWarning|AuroraVeil,Blizzard,Moonblast,Protect|||M|||50|,,,,,Water]Incineroar||SafetyGoggles|Intimidate|FlareBlitz,FakeOut,KnockOff,PartingShot|||M|||50|,,,,,Ghost]Murkrow||Eviolite|Prankster|Taunt,Tailwind,Haze,FoulPlay|||M|||50|,,,,,Ghost]Sneasler||ChoiceBand|PoisonTouch|CloseCombat,RockSlide,DireClaw,ThroatChop|||M|||50|,,,,,Dark]Rillaboom||AssaultVest|GrassySurge|WoodHammer,GrassyGlide,FakeOut,Uturn|||M|||50|,,,,,Fire]Gholdengo||LifeOrb|GoodasGold|MakeItRain,TeraBlast,NastyPlot,Protect||||||50|,,,,,Ground
|showteam|p2|Primarina||SitrusBerry|LiquidVoice|HyperVoice,Moonblast,Haze,Protect|||M|||50|,,,,,Poison]Talonflame||SharpBeak|GaleWings|DualWingbeat,FlareBlitz,Tailwind,Taunt|||F|||50|,,,,,Ghost]Garchomp||LifeOrb|RoughSkin|StompingTantrum,Earthquake,Protect,DragonClaw|||M|||50|,,,,,Ground]Ninetales-Alola||FocusSash|SnowWarning|Blizzard,FreezeDry,Moonblast,Protect|||M|||50|,,,,,Fire]Sinistcha||RockyHelmet|Hospitality|MatchaGotcha,RagePowder,LifeDew,Protect||||||50|,,,,,Water]Conkeldurr||FlameOrb|Guts|CloseCombat,KnockOff,WideGuard,MachPunch|||F|||50|,,,,,Dark
|j| dozoisforbums
|
|t:|1757705120
|teamsize|p1|4
|teamsize|p2|4
|start
|switch|p1a: Murkrow|Murkrow, L50, M|100/100
|switch|p1b: Ninetales|Ninetales-Alola, L50, M|100/100
|switch|p2a: Ninetales|Ninetales-Alola, L50, M, shiny|100/100
|switch|p2b: Garchomp|Garchomp, L50, M, shiny|100/100
|-weather|Snowscape|[from] ability: Snow Warning|[of] p1b: Ninetales
|turn|1
|
|t:|1757705151
|switch|p2b: Conkeldurr|Conkeldurr, L50, F, shiny|100/100
|move|p1a: Murkrow|Tailwind|p1a: Murkrow
|-sidestart|p1: Kahizar|move: Tailwind
|move|p1b: Ninetales|Blizzard|p2b: Conkeldurr|[spread] p2a,p2b
|-resisted|p2a: Ninetales
|-damage|p2a: Ninetales|82/100
|-damage|p2b: Conkeldurr|68/100
|-status|p2b: Conkeldurr|frz
|move|p2a: Ninetales|Blizzard|p1a: Murkrow|[spread] p1a,p1b
|-supereffective|p1a: Murkrow
|-resisted|p1b: Ninetales
|-damage|p1a: Murkrow|36/100
|-damage|p1b: Ninetales|83/100
|
|-weather|Snowscape|[upkeep]
|upkeep
|turn|2
|c|☆KatKraydel|that's not a flame orb
|
|t:|1757705181
|switch|p1a: Gholdengo|Gholdengo, L50|100/100
|cant|p2b: Conkeldurr|frz
|move|p1b: Ninetales|Moonblast|p2b: Conkeldurr
|-supereffective|p2b: Conkeldurr
|-damage|p2b: Conkeldurr|0 fnt
|faint|p2b: Conkeldurr
|move|p2a: Ninetales|Blizzard|p1b: Ninetales|[spread] p1a,p1b
|-resisted|p1a: Gholdengo
|-resisted|p1b: Ninetales
|-damage|p1a: Gholdengo|84/100
|-damage|p1b: Ninetales|63/100
|
|-weather|Snowscape|[upkeep]
|upkeep
|
|t:|1757705189
|switch|p2b: Talonflame|Talonflame, L50, F, shiny|100/100
|turn|3
|l| dozoisforbums
|
|t:|1757705227
|move|p2a: Ninetales|Protect|p2a: Ninetales
|-singleturn|p2a: Ninetales|Protect
|move|p2b: Talonflame|Tailwind|p2b: Talonflame
|-sidestart|p2: KatKraydel|move: Tailwind
|move|p1b: Ninetales|Aurora Veil|p1b: Ninetales
|-sidestart|p1: Kahizar|move: Aurora Veil
|move|p1a: Gholdengo|Make It Rain|p2b: Talonflame|[spread] p2b
|-activate|p2a: Ninetales|move: Protect
|-resisted|p2b: Talonflame
|-damage|p2b: Talonflame|58/100
|-unboost|p1a: Gholdengo|spa|1
|-damage|p1a: Gholdengo|74/100|[from] item: Life Orb
|
|-weather|Snowscape|[upkeep]
|upkeep
|turn|4
|
|t:|1757705249
|switch|p1a: Incineroar|Incineroar, L50, M|100/100
|-ability|p1a: Incineroar|Intimidate|boost
|-unboost|p2a: Ninetales|atk|1
|-unboost|p2b: Talonflame|atk|1
|-terastallize|p2a: Ninetales|Fire
|move|p1b: Ninetales|Blizzard|p2b: Talonflame|[spread] p2a,p2b
|-resisted|p2a: Ninetales
|-damage|p2a: Ninetales|66/100
|-damage|p2b: Talonflame|13/100
|move|p2b: Talonflame|Flare Blitz|p1a: Incineroar
|-resisted|p1a: Incineroar
|-damage|p1a: Incineroar|94/100
|-damage|p2b: Talonflame|10/100|[from] Recoil
|move|p2a: Ninetales|Blizzard|p1a: Incineroar|[spread] p1a,p1b
|-resisted|p1a: Incineroar
|-resisted|p1b: Ninetales
|-damage|p1a: Incineroar|85/100
|-damage|p1b: Ninetales|50/100
|
|-weather|Snowscape|[upkeep]
|-sideend|p1: Kahizar|move: Tailwind
|upkeep
|turn|5
|
|t:|1757705268
|switch|p2a: Garchomp|Garchomp, L50, M, shiny|100/100
|move|p1a: Incineroar|Fake Out|p2a: Garchomp
|-damage|p2a: Garchomp|90/100
|-damage|p1a: Incineroar|73/100|[from] ability: Rough Skin|[of] p2a: Garchomp
|move|p2b: Talonflame|Flare Blitz|p1b: Ninetales
|-supereffective|p1b: Ninetales
|-damage|p1b: Ninetales|13/100
|-damage|p2b: Talonflame|0 fnt|[from] Recoil
|faint|p2b: Talonflame
|move|p1b: Ninetales|Blizzard|p2a: Garchomp
|-supereffective|p2a: Garchomp
|-damage|p2a: Garchomp|0 fnt
|faint|p2a: Garchomp
|
|-weather|none
|upkeep
|
|t:|1757705276
|switch|p2b: Ninetales|Ninetales-Alola, L50, M, shiny, tera:Fire|66/100
|-weather|Snowscape|[from] ability: Snow Warning|[of] p2b: Ninetales
|turn|6
|-message|KatKraydel forfeited.
|
|win|Kahizar
|l|☆KatKraydel
|player|p2|
||Kahizar is ready for game 2.
||KatKraydel is ready for game 2.
|uhtml|next|Next: Game 2 of 3
