|j|☆jxnh
|j|☆Chandeliere
|html|jxnhChandeliere    
|uhtml|bestof|Game 1 of a best-of-3
|t:|1756511662
|gametype|doubles
|player|p1|jxnh|102|1142
|player|p2|Chandeliere|ethan|1224
|gen|9
|tier|[Gen 9] VGC 2025 Reg H (Bo3)
|rated|
|rule|Species Clause: Limit one of each Pokémon
|rule|Item Clause: Limit 1 of each item
|clearpoke
|poke|p1|Corviknight, L50, M|
|poke|p1|Sneasler, L50, F|
|poke|p1|Garchomp, L50, M|
|poke|p1|Incineroar, L50, M|
|poke|p1|Araquanid, L50, M|
|poke|p1|Ursaluna-Bloodmoon, L50, M|
|poke|p2|Incineroar, L50, M|
|poke|p2|Dragonite, L50, M|
|poke|p2|Porygon2, L50|
|poke|p2|Ursaluna-Bloodmoon, L50, M|
|poke|p2|Ninetales-Alola, L50, F|
|poke|p2|Annihilape, L50, M|
|teampreview|4
|showteam|p1|Corviknight||Leftovers|MirrorArmor|DualWingbeat,BodyPress,IronDefense,Protect|||M|||50|,,,,,Fire]Sneasler||FocusSash|Unburden|DireClaw,CloseCombat,Coaching,Protect|||F|||50|,,,,,Ghost]Garchomp||LoadedDice|RoughSkin|StompingTantrum,Earthquake,ScaleShot,Protect|||M|||50|,,,,,Fairy]Incineroar||SitrusBerry|Intimidate|FakeOut,KnockOff,PartingShot,FlareBlitz|||M|||50|,,,,,Ghost]Araquanid||RoomService|WaterBubble|Liquidation,LeechLife,WideGuard,Protect|||M|||50|,,,,,Grass]Ursaluna-Bloodmoon||AssaultVest|MindsEye|HyperVoice,EarthPower,BloodMoon,Snarl|||M|||50|,,,,,Grass
|showteam|p2|Incineroar||ChopleBerry|Intimidate|FlareBlitz,KnockOff,FakeOut,PartingShot|||M|||50|,,,,,Grass]Dragonite||LoadedDice|Multiscale|ScaleShot,Tailwind,Haze,Protect|||M|||50|,,,,,Steel]Porygon2||Eviolite|Download|TeraBlast,IceBeam,Recover,TrickRoom||||||50|,,,,,Fighting]Ursaluna-Bloodmoon||AssaultVest|MindsEye|HyperVoice,BloodMoon,VacuumWave,EarthPower|||M|||50|,,,,,Water]Ninetales-Alola||LightClay|SnowWarning|IcicleSpear,Encore,IcyWind,AuroraVeil|||F|||50|,,,,,Ghost]Annihilape||SafetyGoggles|Defiant|DrainPunch,RageFist,BulkUp,Protect|||M|||50|,,,,,Fire
|inactive|Battle timer is ON: inactive players will automatically lose when time's up. (requested by jxnh)
|
|t:|1756511767
|teamsize|p1|4
|teamsize|p2|4
|start
|switch|p1a: Corviknight|Corviknight, L50, M|100/100
|switch|p1b: Ursaluna|Ursaluna-Bloodmoon, L50, M|100/100
|switch|p2a: Dragonite|Dragonite, L50, M|100/100
|switch|p2b: Ursaluna|Ursaluna-Bloodmoon, L50, M|100/100
|turn|1
|inactive|Chandeliere has 30 seconds left.
|
|t:|1756511799
|move|p2a: Dragonite|Scale Shot|p1b: Ursaluna
|-damage|p1b: Ursaluna|90/100
|-damage|p1b: Ursaluna|81/100
|-damage|p1b: Ursaluna|70/100
|-damage|p1b: Ursaluna|60/100
|-hitcount|p1b: Ursaluna|4
|-unboost|p2a: Dragonite|def|1
|-boost|p2a: Dragonite|spe|1
|move|p2b: Ursaluna|Blood Moon|p1b: Ursaluna
|-damage|p1b: Ursaluna|0 fnt
|faint|p1b: Ursaluna
|move|p1a: Corviknight|Iron Defense|p1a: Corviknight
|-boost|p1a: Corviknight|def|2
|
|upkeep
|
|t:|1756511816
|switch|p1b: Garchomp|Garchomp, L50, M|100/100
|turn|2
|
|t:|1756511837
|-terastallize|p1b: Garchomp|Fairy
|move|p2a: Dragonite|Protect|p2a: Dragonite
|-singleturn|p2a: Dragonite|Protect
|move|p1b: Garchomp|Scale Shot|p2b: Ursaluna
|-damage|p2b: Ursaluna|90/100
|-damage|p2b: Ursaluna|81/100
|-damage|p2b: Ursaluna|72/100
|-damage|p2b: Ursaluna|62/100
|-damage|p2b: Ursaluna|51/100
|-hitcount|p2b: Ursaluna|5
|-unboost|p1b: Garchomp|def|1
|-boost|p1b: Garchomp|spe|1
|move|p2b: Ursaluna|Hyper Voice|p1a: Corviknight|[spread] p1a,p1b
|-resisted|p1a: Corviknight
|-damage|p1a: Corviknight|86/100
|-damage|p1b: Garchomp|63/100
|move|p1a: Corviknight|Body Press|p2a: Dragonite
|-activate|p2a: Dragonite|move: Protect
|
|-heal|p1a: Corviknight|92/100|[from] item: Leftovers
|upkeep
|turn|3
|inactive|jxnh has 30 seconds left.
|inactive|Chandeliere has 30 seconds left.
|inactive|Chandeliere has 20 seconds left.
|inactive|Chandeliere has 15 seconds left.
|inactive|Chandeliere has 10 seconds left.
|
|t:|1756511885
|-terastallize|p2a: Dragonite|Steel
|move|p2b: Ursaluna|Vacuum Wave|p1a: Corviknight
|-damage|p1a: Corviknight|80/100
|move|p1b: Garchomp|Earthquake|p2b: Ursaluna|[spread] p2a,p2b
|-immune|p1a: Corviknight
|-supereffective|p2a: Dragonite
|-damage|p2a: Dragonite|32/100
|-damage|p2b: Ursaluna|24/100
|move|p2a: Dragonite|Tailwind|p2a: Dragonite
|-sidestart|p2: Chandeliere|move: Tailwind
|move|p1a: Corviknight|Body Press|p2b: Ursaluna
|-supereffective|p2b: Ursaluna
|-damage|p2b: Ursaluna|0 fnt
|faint|p2b: Ursaluna
|
|-heal|p1a: Corviknight|86/100|[from] item: Leftovers
|upkeep
|
|t:|1756511905
|switch|p2b: Ninetales|Ninetales-Alola, L50, F|100/100
|-weather|Snowscape|[from] ability: Snow Warning|[of] p2b: Ninetales
|turn|4
|inactive|Chandeliere has 30 seconds left.
|
|t:|1756511933
|move|p2a: Dragonite|Haze|p2a: Dragonite
|-clearallboost
|move|p2b: Ninetales|Aurora Veil|p2b: Ninetales
|-sidestart|p2: Chandeliere|move: Aurora Veil
|move|p1b: Garchomp|Earthquake|p2b: Ninetales|[spread] p2a,p2b
|-immune|p1a: Corviknight
|-supereffective|p2a: Dragonite
|-damage|p2a: Dragonite|0 fnt
|-damage|p2b: Ninetales|79/100
|faint|p2a: Dragonite
|move|p1a: Corviknight|Dual Wingbeat|p2b: Ninetales
|-damage|p2b: Ninetales|70/100
|-damage|p2b: Ninetales|60/100
|-hitcount|p2b: Ninetales|2
|
|-weather|Snowscape|[upkeep]
|-heal|p1a: Corviknight|92/100|[from] item: Leftovers
|upkeep
|
|t:|1756511947
|switch|p2a: Annihilape|Annihilape, L50, M|100/100
|turn|5
|
|t:|1756511963
|move|p2b: Ninetales|Icicle Spear|p2a: Annihilape
|-damage|p2a: Annihilape|96/100
|-damage|p2a: Annihilape|92/100
|-damage|p2a: Annihilape|88/100
|-damage|p2a: Annihilape|83/100
|-damage|p2a: Annihilape|79/100
|-hitcount|p2a: Annihilape|5
|move|p2a: Annihilape|Rage Fist|p1a: Corviknight
|-damage|p1a: Corviknight|0 fnt
|faint|p1a: Corviknight
|move|p1b: Garchomp|Scale Shot|p2a: Annihilape
|-damage|p2a: Annihilape|70/100
|-damage|p2a: Annihilape|62/100
|-damage|p2a: Annihilape|52/100
|-damage|p2a: Annihilape|43/100
|-damage|p2a: Annihilape|33/100
|-hitcount|p2a: Annihilape|5
|-unboost|p1b: Garchomp|def|1
|-boost|p1b: Garchomp|spe|1
|
|-weather|Snowscape|[upkeep]
|upkeep
|
|t:|1756511984
|switch|p1a: Sneasler|Sneasler, L50, F|100/100
|turn|6
|
|t:|1756512007
|move|p1b: Garchomp|Protect|p1b: Garchomp
|-singleturn|p1b: Garchomp|Protect
|move|p1a: Sneasler|Protect|p1a: Sneasler
|-singleturn|p1a: Sneasler|Protect
|move|p2b: Ninetales|Icy Wind|p1b: Garchomp|[spread] 
|-activate|p1a: Sneasler|move: Protect
|-activate|p1b: Garchomp|move: Protect
|move|p2a: Annihilape|Rage Fist|p1a: Sneasler
|-activate|p1a: Sneasler|move: Protect
|
|-weather|Snowscape|[upkeep]
|-sideend|p2: Chandeliere|move: Tailwind
|upkeep
|turn|7
|inactive|Chandeliere has 30 seconds left.
|
|t:|1756512034
|move|p1b: Garchomp|Scale Shot|p2a: Annihilape
|-damage|p2a: Annihilape|23/100
|-damage|p2a: Annihilape|14/100
|-damage|p2a: Annihilape|5/100
|-damage|p2a: Annihilape|0 fnt
|faint|p2a: Annihilape
|-hitcount|p2: Annihilape|4
|-unboost|p1b: Garchomp|def|1
|-boost|p1b: Garchomp|spe|1
|move|p1a: Sneasler|Coaching|p1b: Garchomp
|-boost|p1b: Garchomp|atk|1
|-boost|p1b: Garchomp|def|1
|move|p2b: Ninetales|Icy Wind|p1a: Sneasler|[spread] p1a,p1b
|-damage|p1a: Sneasler|85/100
|-damage|p1b: Garchomp|49/100
|-unboost|p1a: Sneasler|spe|1
|-unboost|p1b: Garchomp|spe|1
|
|-weather|Snowscape|[upkeep]
|upkeep
|turn|8
|
|t:|1756512053
|move|p1b: Garchomp|Stomping Tantrum|p2b: Ninetales
|-damage|p2b: Ninetales|30/100
|move|p2b: Ninetales|Icy Wind|p1b: Garchomp|[spread] p1a,p1b
|-damage|p1a: Sneasler|70/100
|-damage|p1b: Garchomp|36/100
|-unboost|p1a: Sneasler|spe|1
|-unboost|p1b: Garchomp|spe|1
|move|p1a: Sneasler|Dire Claw|p2b: Ninetales
|-supereffective|p2b: Ninetales
|-damage|p2b: Ninetales|0 fnt
|faint|p2b: Ninetales
|
|win|jxnh
||Chandeliere is ready for game 2.
|inactive|jxnh has 30 seconds to confirm battle start!
||jxnh is ready for game 2.
|uhtml|next|Next: Game 2 of 3
