|j|☆jeanmape
|j|☆TheVolcanocraft
|html|jeanmapeTheVolcanocraft    
|uhtml|bestof|Game 1 of a best-of-3
|t:|1782237699
|gametype|doubles
|player|p1|jeanmape|linebacker|1110
|player|p2|TheVolcanocraft|acetrainersnowf|1073
|gen|9
|tier|[Gen 9 Champions] VGC 2026 Reg M-B (Bo3)
|rated|
|rule|Species Clause: Limit one of each Pokémon
|rule|Item Clause: Limit 1 of each item
|clearpoke
|poke|p1|Pyroar, L50, M|
|poke|p1|Ninetales, L50, F|
|poke|p1|Corviknight, L50, M|
|poke|p1|Garchomp, L50, F|
|poke|p1|Sylveon, L50, M|
|poke|p1|Farigiraf, L50, M|
|poke|p2|Delphox, L50, M|
|poke|p2|Overqwil, L50, M|
|poke|p2|Corviknight, L50, M|
|poke|p2|Dragapult, L50, M|
|poke|p2|Excadrill, L50, F|
|poke|p2|Vaporeon, L50, M|
|teampreview|4
|showteam|p1|Pyroar||Pyroarite|Unnerve|HeatWave,Overheat,SolarBeam,Protect|Timid||M|||50|]Ninetales||ChoiceScarf|Drought|Overheat,HeatWave,Psyshock,SunnyDay|Modest||F|||50|]Corviknight||OccaBerry|MirrorArmor|Tailwind,BraveBird,Roost,Protect|Adamant||M|||50|]Garchomp||LifeOrb|RoughSkin|StompingTantrum,DragonClaw,RockSlide,Protect|Jolly||F|||50|]Sylveon||FairyFeather|Pixilate|HyperVoice,HyperBeam,QuickAttack,Detect|Modest||M|||50|]Farigiraf||SitrusBerry|ArmorTail|HyperVoice,Psychic,TrickRoom,HelpingHand|Modest||M|||50|
|showteam|p2|Delphox||Delphoxite|Blaze|Encore,Flamethrower,Psychic,Protect|Timid||M|||50|]Overqwil||ExpertBelt|Intimidate|Protect,ScaleShot,GunkShot,Waterfall|Adamant||M|||50|]Corviknight||Leftovers|MirrorArmor|BodyPress,BraveBird,BulkUp,Protect|Careful||M|||50|]Dragapult||FocusSash|Infiltrator|Acrobatics,Uturn,Protect,PhantomForce|Jolly||M|||50|]Excadrill||WideLens|MoldBreaker|RockSlide,Megahorn,HighHorsepower,Protect|Jolly||F|||50|]Vaporeon||SitrusBerry|WaterAbsorb|CalmMind,IceBeam,Scald,Wish|Modest||M|||50|
|c|☆TheVolcanocraft|glhf
|c|☆jeanmape|glhf
|
|t:|1782237791
|teamsize|p1|4
|teamsize|p2|4
|start
|switch|p1a: Garchomp|Garchomp, L50, F|100/100
|switch|p1b: Ninetales|Ninetales, L50, F|100/100
|switch|p2a: Delphox|Delphox, L50, M|100/100
|switch|p2b: Overqwil|Overqwil, L50, M|100/100
|-weather|SunnyDay|[from] ability: Drought|[of] p1b: Ninetales
|-ability|p2b: Overqwil|Intimidate|boost
|-unboost|p1a: Garchomp|atk|1
|-unboost|p1b: Ninetales|atk|1
|turn|1
|
|t:|1782237818
|detailschange|p2a: Delphox|Delphox-Mega, L50, M
|-mega|p2a: Delphox|Delphox|Delphoxite
|move|p1b: Ninetales|Overheat|p2b: Overqwil|[miss]
|-miss|p1b: Ninetales|p2b: Overqwil
|move|p2a: Delphox|Psychic|p1b: Ninetales
|-damage|p1b: Ninetales|33/100
|move|p1a: Garchomp|Rock Slide|p2a: Delphox|[spread] p2a,p2b
|-supereffective|p2a: Delphox|1
|-damage|p2a: Delphox|48/100
|-damage|p2b: Overqwil|82/100
|-damage|p1a: Garchomp|90/100|[from] item: Life Orb
|move|p2b: Overqwil|Scale Shot|p1a: Garchomp|[miss]
|-miss|p2b: Overqwil|p1a: Garchomp
|
|-weather|SunnyDay|[upkeep]
|upkeep
|turn|2
|
|t:|1782237846
|move|p2a: Delphox|Protect|p2a: Delphox
|-singleturn|p2a: Delphox|Protect
|move|p2b: Overqwil|Protect|p2b: Overqwil
|-singleturn|p2b: Overqwil|Protect
|move|p1b: Ninetales|Overheat|p2b: Overqwil
|-activate|p2b: Overqwil|move: Protect
|move|p1a: Garchomp|Rock Slide|p2a: Delphox|[spread] 
|-activate|p2a: Delphox|move: Protect
|-activate|p2b: Overqwil|move: Protect
|
|-weather|SunnyDay|[upkeep]
|upkeep
|turn|3
|
|t:|1782237866
|move|p1b: Ninetales|Overheat|p2b: Overqwil
|-damage|p2b: Overqwil|0 fnt
|-unboost|p1b: Ninetales|spa|2
|faint|p2b: Overqwil
|move|p2a: Delphox|Psychic|p1a: Garchomp
|-damage|p1a: Garchomp|31/100
|move|p1a: Garchomp|Rock Slide|p2a: Delphox
|-supereffective|p2a: Delphox|1
|-damage|p2a: Delphox|0 fnt
|faint|p2a: Delphox
|-damage|p1a: Garchomp|21/100|[from] item: Life Orb
|
|-weather|SunnyDay|[upkeep]
|upkeep
|
|t:|1782237879
|switch|p2a: Vaporeon|Vaporeon, L50, M|100/100
|switch|p2b: Excadrill|Excadrill, L50, F|100/100
|-ability|p2b: Excadrill|Mold Breaker
|turn|4
|
|t:|1782237926
|move|p1b: Ninetales|Overheat|p2b: Excadrill
|-supereffective|p2b: Excadrill|1
|-damage|p2b: Excadrill|0 fnt
|-unboost|p1b: Ninetales|spa|2
|faint|p2b: Excadrill
|move|p1a: Garchomp|Dragon Claw|p2a: Vaporeon
|-damage|p2a: Vaporeon|70/100
|-damage|p1a: Garchomp|11/100|[from] item: Life Orb
|move|p2a: Vaporeon|Calm Mind|p2a: Vaporeon
|-boost|p2a: Vaporeon|spa|1
|-boost|p2a: Vaporeon|spd|1
|
|-weather|SunnyDay|[upkeep]
|upkeep
|turn|5
|
|t:|1782237962
|switch|p1b: Farigiraf|Farigiraf, L50, M|100/100
|move|p1a: Garchomp|Dragon Claw|p2a: Vaporeon
|-damage|p2a: Vaporeon|41/100
|-enditem|p2a: Vaporeon|Sitrus Berry|[eat]
|-heal|p2a: Vaporeon|66/100|[from] item: Sitrus Berry
|-damage|p1a: Garchomp|2/100|[from] item: Life Orb
|move|p2a: Vaporeon|Wish|p2a: Vaporeon
|
|-weather|none
|upkeep
|turn|6
|
|t:|1782237986
|move|p1b: Farigiraf|Helping Hand|p1a: Garchomp
|-singleturn|p1a: Garchomp|Helping Hand|[of] p1b: Farigiraf
|move|p1a: Garchomp|Dragon Claw|p2a: Vaporeon
|-damage|p2a: Vaporeon|24/100
|-damage|p1a: Garchomp|0 fnt|[from] item: Life Orb
|faint|p1a: Garchomp
|move|p2a: Vaporeon|Scald|p1b: Farigiraf
|-damage|p1b: Farigiraf|52/100
|-status|p1b: Farigiraf|brn
|
|-heal|p2a: Vaporeon|73/100|[from] move: Wish|[wisher] Vaporeon
|-damage|p1b: Farigiraf|46/100 brn|[from] brn
|upkeep
|-enditem|p1b: Farigiraf|Sitrus Berry|[eat]
|-heal|p1b: Farigiraf|70/100 brn|[from] item: Sitrus Berry
|
|t:|1782238006
|switch|p1a: Pyroar|Pyroar, L50, M|100/100
|-ability|p1a: Pyroar|Unnerve
|turn|7
|
|t:|1782238023
|switch|p1b: Ninetales|Ninetales, L50, F|33/100
|-weather|SunnyDay|[from] ability: Drought|[of] p1b: Ninetales
|detailschange|p1a: Pyroar|Pyroar-Mega, L50, M
|-mega|p1a: Pyroar|Pyroar|Pyroarite
|move|p1a: Pyroar|Solar Beam||[still]
|-prepare|p1a: Pyroar|Solar Beam
|-anim|p1a: Pyroar|Solar Beam|p2a: Vaporeon
|-supereffective|p2a: Vaporeon|1
|-damage|p2a: Vaporeon|26/100
|move|p2a: Vaporeon|Scald|p1a: Pyroar
|-supereffective|p1a: Pyroar|1
|-damage|p1a: Pyroar|36/100
|
|-weather|SunnyDay|[upkeep]
|upkeep
|turn|8
|-message|TheVolcanocraft forfeited.
|
|win|jeanmape
|l|☆TheVolcanocraft
|player|p2|
||jeanmape is ready for game 2.
||TheVolcanocraft is ready for game 2.
|uhtml|next|Next: Game 2 of 3
