|j|☆Bang Average
|j|☆CrystalGem02
|html|Bang AverageCrystalGem02    
|uhtml|bestof|Game 2 of a best-of-3
|t:|1756220216
|gametype|doubles
|player|p1|Bang Average|170|1078
|player|p2|CrystalGem02|valerie|1162
|gen|9
|tier|[Gen 9] VGC 2025 Reg H (Bo3)
|rated|
|rule|Species Clause: Limit one of each Pokémon
|rule|Item Clause: Limit 1 of each item
|clearpoke
|poke|p1|Ursaluna-Bloodmoon, L50, M|
|poke|p1|Gholdengo, L50|
|poke|p1|Dragonite, L50, M|
|poke|p1|Sneasler, L50, F|
|poke|p1|Incineroar, L50, F|
|poke|p1|Amoonguss, L50, M|
|poke|p2|Empoleon, L50, M|
|poke|p2|Ninetales-Alola, L50, F|
|poke|p2|Annihilape, L50, F|
|poke|p2|Dragonite, L50, F|
|poke|p2|Incineroar, L50, M|
|poke|p2|Ursaluna-Bloodmoon, L50, M|
|teampreview|4
|showteam|p1|Ursaluna-Bloodmoon||AssaultVest|MindsEye|BloodMoon,EarthPower,VacuumWave,HyperVoice|||M|||50|,,,,,Water]Gholdengo||LifeOrb|GoodasGold|Protect,MakeItRain,ShadowBall,NastyPlot||||||50|,,,,,Water]Dragonite||LoadedDice|Multiscale|ScaleShot,Tailwind,Haze,Protect|||M|||50|,,,,,Fairy]Sneasler||FocusSash|Unburden|Protect,DireClaw,CloseCombat,ThroatChop|||F|||50|,,,,,Stellar]Incineroar||SafetyGoggles|Intimidate|KnockOff,PartingShot,FlareBlitz,FakeOut|||F|||50|,,,,,Ghost]Amoonguss||SitrusBerry|Regenerator|RagePowder,Spore,PollenPuff,Protect|||M|||50|,,,,,Psychic
|showteam|p2|Empoleon||AssaultVest|Competitive|WaterPledge,FlashCannon,Whirlpool,VacuumWave|||M|||50|,,,,,Grass]Ninetales-Alola||LightClay|SnowWarning|IcyWind,IcicleSpear,AuroraVeil,Howl|||F|||50|,,,,,Ghost]Annihilape||SafetyGoggles|Defiant|DrainPunch,RageFist,BulkUp,Protect|||F|||50|,,,,,Fire]Dragonite||LoadedDice|Multiscale|ScaleShot,ExtremeSpeed,Tailwind,Haze|||F|||50|,,,,,Fairy]Incineroar||SitrusBerry|Intimidate|FakeOut,KnockOff,FlareBlitz,PartingShot|||M|||50|,,,,,Ghost]Ursaluna-Bloodmoon||LifeOrb|MindsEye|BloodMoon,HyperVoice,EarthPower,Protect|||M|||50|,,,,,Normal
|inactive|Battle timer is ON: inactive players will automatically lose when time's up. (requested by Bang Average)
|inactive|CrystalGem02 has 60 seconds left.
|c|☆Bang Average|Played so cheeks gg
|c|☆CrystalGem02|thanks again, gg to you too
|inactive|CrystalGem02 has 30 seconds left.
|inactive|CrystalGem02 has 20 seconds left.
|
|t:|1756220288
|teamsize|p1|4
|teamsize|p2|4
|start
|switch|p1a: Gholdengo|Gholdengo, L50|100/100
|switch|p1b: Sneasler|Sneasler, L50, F|100/100
|switch|p2a: Ninetales|Ninetales-Alola, L50, F, shiny|100/100
|switch|p2b: Annihilape|Annihilape, L50, F|100/100
|-weather|Snowscape|[from] ability: Snow Warning|[of] p2a: Ninetales
|turn|1
|inactive|Bang Average has 30 seconds left.
|
|t:|1756220314
|-terastallize|p1a: Gholdengo|Water
|move|p1b: Sneasler|Dire Claw|p2a: Ninetales
|-supereffective|p2a: Ninetales
|-damage|p2a: Ninetales|37/100
|-status|p2a: Ninetales|par
|move|p2b: Annihilape|Bulk Up|p2b: Annihilape
|-boost|p2b: Annihilape|atk|1
|-boost|p2b: Annihilape|def|1
|move|p1a: Gholdengo|Shadow Ball|p2b: Annihilape
|-supereffective|p2b: Annihilape
|-damage|p2b: Annihilape|11/100
|-damage|p1a: Gholdengo|91/100|[from] item: Life Orb
|move|p2a: Ninetales|Aurora Veil|p2a: Ninetales
|-sidestart|p2: CrystalGem02|move: Aurora Veil
|
|-weather|Snowscape|[upkeep]
|upkeep
|turn|2
|
|t:|1756220334
|move|p2b: Annihilape|Protect|p2b: Annihilape
|-singleturn|p2b: Annihilape|Protect
|move|p1b: Sneasler|Dire Claw|p2b: Annihilape
|-activate|p2b: Annihilape|move: Protect
|move|p1a: Gholdengo|Make It Rain|p2b: Annihilape|[spread] p2a
|-activate|p2b: Annihilape|move: Protect
|-supereffective|p2a: Ninetales
|-damage|p2a: Ninetales|0 fnt
|-unboost|p1a: Gholdengo|spa|1
|faint|p2a: Ninetales
|-damage|p1a: Gholdengo|82/100|[from] item: Life Orb
|
|-weather|Snowscape|[upkeep]
|upkeep
|
|t:|1756220350
|switch|p2a: Incineroar|Incineroar, L50, M|100/100
|-ability|p2a: Incineroar|Intimidate|boost
|-unboost|p1a: Gholdengo|atk|1
|-unboost|p1b: Sneasler|atk|1
|turn|3
|
|t:|1756220375
|move|p1b: Sneasler|Protect|p1b: Sneasler
|-singleturn|p1b: Sneasler|Protect
|move|p1a: Gholdengo|Protect|p1a: Gholdengo
|-singleturn|p1a: Gholdengo|Protect
|move|p2b: Annihilape|Drain Punch|p1a: Gholdengo
|-activate|p1a: Gholdengo|move: Protect
|move|p2a: Incineroar|Knock Off|p1a: Gholdengo
|-activate|p1a: Gholdengo|move: Protect
|
|-weather|Snowscape|[upkeep]
|upkeep
|turn|4
|
|t:|1756220393
|move|p1b: Sneasler|Dire Claw|p2b: Annihilape
|-resisted|p2b: Annihilape
|-damage|p2b: Annihilape|4/100
|move|p2b: Annihilape|Rage Fist|p1a: Gholdengo
|-damage|p1a: Gholdengo|0 fnt
|faint|p1a: Gholdengo
|move|p2a: Incineroar|Knock Off|p1b: Sneasler
|-resisted|p1b: Sneasler
|-damage|p1b: Sneasler|68/100
|-enditem|p1b: Sneasler|Focus Sash|[from] move: Knock Off|[of] p2a: Incineroar
|
|-weather|Snowscape|[upkeep]
|upkeep
|
|t:|1756220412
|switch|p1a: Amoonguss|Amoonguss, L50, M|100/100
|turn|5
|
|t:|1756220424
|move|p2b: Annihilape|Protect|p2b: Annihilape
|-singleturn|p2b: Annihilape|Protect
|move|p1b: Sneasler|Throat Chop|p2b: Annihilape
|-activate|p2b: Annihilape|move: Protect
|move|p2a: Incineroar|Parting Shot|p1b: Sneasler
|-unboost|p1b: Sneasler|atk|1
|-unboost|p1b: Sneasler|spa|1
|
|t:|1756220432
|switch|p2a: Dragonite|Dragonite, L50, F, shiny|100/100|[from] Parting Shot
|move|p1a: Amoonguss|Spore|p2a: Dragonite
|-status|p2a: Dragonite|slp|[from] move: Spore
|
|-weather|none
|upkeep
|turn|6
|
|t:|1756220461
|move|p1b: Sneasler|Throat Chop|p2b: Annihilape
|-damage|p2b: Annihilape|0 fnt
|faint|p2b: Annihilape
|cant|p2a: Dragonite|slp
|move|p1a: Amoonguss|Pollen Puff|p1b: Sneasler
|-heal|p1b: Sneasler|100/100
|
|upkeep
|
|t:|1756220468
|switch|p2b: Incineroar|Incineroar, L50, M|100/100
|-ability|p2b: Incineroar|Intimidate|boost
|-unboost|p1a: Amoonguss|atk|1
|-unboost|p1b: Sneasler|atk|1
|turn|7
|
|t:|1756220482
|switch|p1b: Ursaluna|Ursaluna-Bloodmoon, L50, M|100/100
|move|p1a: Amoonguss|Protect|p1a: Amoonguss
|-singleturn|p1a: Amoonguss|Protect
|-curestatus|p2a: Dragonite|slp|[msg]
|move|p2a: Dragonite|Scale Shot|p1a: Amoonguss
|-activate|p1a: Amoonguss|move: Protect
|move|p2b: Incineroar|Flare Blitz|p1a: Amoonguss
|-activate|p1a: Amoonguss|move: Protect
|
|upkeep
|turn|8
|inactive|Bang Average has 30 seconds left.
|inactive|Bang Average has 20 seconds left.
|
|t:|1756220521
|-terastallize|p2b: Incineroar|Ghost
|move|p2a: Dragonite|Scale Shot|p1a: Amoonguss
|-damage|p1a: Amoonguss|87/100
|-damage|p1a: Amoonguss|74/100
|-damage|p1a: Amoonguss|63/100
|-damage|p1a: Amoonguss|50/100
|-enditem|p1a: Amoonguss|Sitrus Berry|[eat]
|-heal|p1a: Amoonguss|75/100|[from] item: Sitrus Berry
|-damage|p1a: Amoonguss|64/100
|-hitcount|p1a: Amoonguss|5
|-unboost|p2a: Dragonite|def|1
|-boost|p2a: Dragonite|spe|1
|move|p1b: Ursaluna|Blood Moon|p2b: Incineroar
|-crit|p2b: Incineroar
|-damage|p2b: Incineroar|14/100
|-enditem|p2b: Incineroar|Sitrus Berry|[eat]
|-heal|p2b: Incineroar|39/100|[from] item: Sitrus Berry
|move|p2b: Incineroar|Flare Blitz|p1a: Amoonguss
|-supereffective|p1a: Amoonguss
|-damage|p1a: Amoonguss|0 fnt
|faint|p1a: Amoonguss
|-damage|p2b: Incineroar|16/100|[from] Recoil
|
|-sideend|p2: CrystalGem02|move: Aurora Veil
|upkeep
|
|t:|1756220525
|switch|p1a: Sneasler|Sneasler, L50, F|100/100
|turn|9
|inactive|CrystalGem02 has 30 seconds left.
|inactive|CrystalGem02 has 20 seconds left.
|inactive|CrystalGem02 has 15 seconds left.
|
|t:|1756220567
|move|p2a: Dragonite|Scale Shot|p1a: Sneasler
|-damage|p1a: Sneasler|77/100
|-damage|p1a: Sneasler|50/100
|-damage|p1a: Sneasler|26/100
|-damage|p1a: Sneasler|0 fnt
|faint|p1a: Sneasler
|-hitcount|p1: Sneasler|4
|-unboost|p2a: Dragonite|def|1
|-boost|p2a: Dragonite|spe|1
|move|p1b: Ursaluna|Hyper Voice|p2b: Incineroar|[spread] p2a,p2b
|-damage|p2a: Dragonite|81/100
|-damage|p2b: Incineroar|0 fnt
|faint|p2b: Incineroar
|
|upkeep
|turn|10
|
|t:|1756220585
|move|p2a: Dragonite|Scale Shot|p1b: Ursaluna
|-damage|p1b: Ursaluna|90/100
|-damage|p1b: Ursaluna|79/100
|-damage|p1b: Ursaluna|67/100
|-damage|p1b: Ursaluna|57/100
|-hitcount|p1b: Ursaluna|4
|-unboost|p2a: Dragonite|def|1
|-boost|p2a: Dragonite|spe|1
|move|p1b: Ursaluna|Blood Moon|p2a: Dragonite
|-damage|p2a: Dragonite|0 fnt
|faint|p2a: Dragonite
|
|win|Bang Average
