|j|☆Mebbyaids
|j|☆Esosu63
|html|MebbyaidsEsosu63    
|uhtml|bestof|Game 1 of a best-of-3
|t:|1783786124
|gametype|doubles
|player|p1|Mebbyaids|102|
|player|p2|Esosu63|101|
|gen|9
|tier|[Gen 9 Champions] VGC 2026 Reg M-B (Bo3)
|rule|Species Clause: Limit one of each Pokémon
|rule|Item Clause: Limit 1 of each item
|clearpoke
|poke|p1|Starmie, L50|
|poke|p1|Pelipper, L50, F|
|poke|p1|Archaludon, L50, F|
|poke|p1|Meowscarada, L50, M|
|poke|p1|Annihilape, L50, M|
|poke|p1|Raichu, L50, M|
|poke|p2|Barbaracle, L50, F|
|poke|p2|Tsareena, L50, F|
|poke|p2|Gholdengo, L50|
|poke|p2|Garchomp, L50, F|
|poke|p2|Sinistcha, L50|
|poke|p2|Grimmsnarl, L50, M|
|teampreview|4
|showteam|p1|Starmie||Starminite|Illuminate|RapidSpin,IceSpinner,Liquidation,ZenHeadbutt|Jolly|||||50|]Pelipper||MysticWater|Drizzle|Hurricane,Surf,Protect,Tailwind|Bold||F|||50|]Archaludon||LifeOrb|Stamina|ElectroShot,DragonPulse,FlashCannon,MirrorCoat|Timid||F|||50|]Meowscarada||ChoiceScarf|Protean|FlowerTrick,KnockOff,PlayRough,Uturn|Jolly||M|||50|]Annihilape||ExpertBelt|Defiant|DrainPunch,RageFist,Earthquake,SeedBomb|Jolly||M|||50|]Raichu||RaichuniteY|Static|FocusBlast,ZapCannon,Surf,AlluringVoice|Timid||M|||50|
|showteam|p2|Barbaracle||Barbaracite|ToughClaws|RockSlide,Protect,NightSlash,CloseCombat|Jolly||F|||50|]Tsareena||ChoiceScarf|QueenlyMajesty|TropKick,Uturn,KnockOff,TripleAxel|Adamant||F|||50|]Gholdengo||Leftovers|GoodasGold|MakeItRain,ShadowBall,Protect,NastyPlot|Modest|||||50|]Garchomp||LifeOrb|RoughSkin|DragonClaw,RockTomb,PoisonJab,StompingTantrum|Jolly||F|||50|]Sinistcha||SitrusBerry|Hospitality|MatchaGotcha,Protect,RagePowder,LifeDew|Modest|||||50|]Grimmsnarl||LightClay|Prankster|LightScreen,Reflect,PartingShot,SuckerPunch|Adamant||M|||50|
|
|t:|1783786320
|teamsize|p1|4
|teamsize|p2|4
|start
|switch|p1a: Pelipper|Pelipper, L50, F|100/100
|switch|p1b: Meowscarada|Meowscarada, L50, M|100/100
|switch|p2a: Grimmsnarl|Grimmsnarl, L50, M|100/100
|switch|p2b: Garchomp|Garchomp, L50, F|100/100
|-weather|RainDance|[from] ability: Drizzle|[of] p1a: Pelipper
|turn|1
|
|t:|1783786360
|move|p2a: Grimmsnarl|Light Screen|p2a: Grimmsnarl
|-sidestart|p2: Esosu63|move: Light Screen
|move|p1b: Meowscarada|Play Rough|p2b: Garchomp
|-start|p1b: Meowscarada|typechange|Fairy|[from] ability: Protean
|-supereffective|p2b: Garchomp|1
|-damage|p2b: Garchomp|14/100
|-damage|p1b: Meowscarada|87/100|[from] ability: Rough Skin|[of] p2b: Garchomp
|move|p2b: Garchomp|Rock Tomb|p1a: Pelipper
|-supereffective|p1a: Pelipper|1
|-damage|p1a: Pelipper|58/100
|-unboost|p1a: Pelipper|spe|1
|-damage|p2b: Garchomp|4/100|[from] item: Life Orb
|move|p1a: Pelipper|Tailwind|p1a: Pelipper
|-sidestart|p1: Mebbyaids|move: Tailwind
|
|-weather|RainDance|[upkeep]
|upkeep
|turn|2
|
|t:|1783786392
|switch|p2b: Gholdengo|Gholdengo, L50|100/100
|move|p2a: Grimmsnarl|Reflect|p2a: Grimmsnarl
|-sidestart|p2: Esosu63|Reflect
|move|p1b: Meowscarada|Play Rough|p2b: Gholdengo
|-resisted|p2b: Gholdengo|1
|-damage|p2b: Gholdengo|85/100
|move|p1a: Pelipper|Surf|p2b: Gholdengo|[spread] p1b,p2a,p2b
|-damage|p1b: Meowscarada|26/100
|-damage|p2a: Grimmsnarl|69/100
|-damage|p2b: Gholdengo|56/100
|
|-weather|RainDance|[upkeep]
|-heal|p2b: Gholdengo|62/100|[from] item: Leftovers
|upkeep
|turn|3
|
|t:|1783786410
|switch|p1b: Archaludon|Archaludon, L50, F|100/100
|switch|p2b: Sinistcha|Sinistcha, L50|100/100
|-heal|p2a: Grimmsnarl|94/100|[from] ability: Hospitality|[of] p2b: Sinistcha
|move|p2a: Grimmsnarl|Parting Shot|p1a: Pelipper
|-unboost|p1a: Pelipper|atk|1
|-unboost|p1a: Pelipper|spa|1
|
|t:|1783786421
|switch|p2a: Garchomp|Garchomp, L50, F|4/100|[from] Parting Shot
|move|p1a: Pelipper|Surf|p2a: Garchomp|[spread] p1b,p2a,p2b
|-resisted|p1b: Archaludon|1
|-resisted|p2b: Sinistcha|1
|-damage|p1b: Archaludon|79/100
|-damage|p2a: Garchomp|0 fnt
|-damage|p2b: Sinistcha|91/100
|-ability|p1b: Archaludon|Stamina|boost
|-boost|p1b: Archaludon|def|1
|faint|p2a: Garchomp
|
|-weather|RainDance|[upkeep]
|upkeep
|
|t:|1783786432
|switch|p2a: Grimmsnarl|Grimmsnarl, L50, M|94/100
|turn|4
|
|t:|1783786457
|move|p1a: Pelipper|Protect|p1a: Pelipper
|-singleturn|p1a: Pelipper|Protect
|move|p2a: Grimmsnarl|Parting Shot|p1b: Archaludon
|-unboost|p1b: Archaludon|atk|1
|-unboost|p1b: Archaludon|spa|1
|
|t:|1783786463
|switch|p2a: Gholdengo|Gholdengo, L50|62/100|[from] Parting Shot
|move|p1b: Archaludon|Dragon Pulse|p2b: Sinistcha
|-damage|p2b: Sinistcha|66/100
|-damage|p1b: Archaludon|69/100|[from] item: Life Orb
|move|p2b: Sinistcha|Life Dew|p2b: Sinistcha|[spread] p2b
|-immune|p2a: Gholdengo|[from] ability: Good as Gold
|-heal|p2b: Sinistcha|91/100
|
|-weather|RainDance|[upkeep]
|-heal|p2a: Gholdengo|68/100|[from] item: Leftovers
|-sideend|p1: Mebbyaids|move: Tailwind
|upkeep
|turn|5
|
|t:|1783786487
|switch|p1a: Raichu|Raichu, L50, M|100/100
|move|p1b: Archaludon|Flash Cannon|p2a: Gholdengo
|-resisted|p2a: Gholdengo|1
|-damage|p2a: Gholdengo|56/100
|-damage|p1b: Archaludon|59/100|[from] item: Life Orb
|move|p2a: Gholdengo|Nasty Plot|p2a: Gholdengo
|-boost|p2a: Gholdengo|spa|2
|move|p2b: Sinistcha|Life Dew|p2b: Sinistcha|[spread] p2b
|-immune|p2a: Gholdengo|[from] ability: Good as Gold
|-heal|p2b: Sinistcha|100/100
|
|-weather|none
|-heal|p2a: Gholdengo|62/100|[from] item: Leftovers
|upkeep
|turn|6
|
|t:|1783786507
|switch|p1b: Pelipper|Pelipper, L50, F|58/100
|-weather|RainDance|[from] ability: Drizzle|[of] p1b: Pelipper
|detailschange|p1a: Raichu|Raichu-Mega-Y, L50, M
|-mega|p1a: Raichu|Raichu|Raichunite Y
|move|p2b: Sinistcha|Rage Powder|p2b: Sinistcha
|-singleturn|p2b: Sinistcha|move: Rage Powder
|move|p1a: Raichu|Zap Cannon|p2b: Sinistcha
|-resisted|p2b: Sinistcha|1
|-damage|p2b: Sinistcha|76/100
|-status|p2b: Sinistcha|par
|move|p2a: Gholdengo|Shadow Ball|p1a: Raichu
|-damage|p1a: Raichu|0 fnt
|faint|p1a: Raichu
|
|-weather|RainDance|[upkeep]
|-heal|p2a: Gholdengo|69/100|[from] item: Leftovers
|upkeep
|
|t:|1783786523
|switch|p1a: Meowscarada|Meowscarada, L50, M|26/100
|turn|7
|
|t:|1783786540
|move|p2b: Sinistcha|Rage Powder|p2b: Sinistcha
|-singleturn|p2b: Sinistcha|move: Rage Powder
|move|p1a: Meowscarada|Knock Off|p2a: Gholdengo
|-start|p1a: Meowscarada|typechange|Dark|[from] ability: Protean
|-supereffective|p2a: Gholdengo|1
|-damage|p2a: Gholdengo|14/100
|-enditem|p2a: Gholdengo|Leftovers|[from] move: Knock Off|[of] p1a: Meowscarada
|move|p2a: Gholdengo|Shadow Ball|p1a: Meowscarada
|-resisted|p1a: Meowscarada|1
|-damage|p1a: Meowscarada|0 fnt
|faint|p1a: Meowscarada
|move|p1b: Pelipper|Hurricane|p2b: Sinistcha
|-supereffective|p2b: Sinistcha|1
|-damage|p2b: Sinistcha|26/100 par
|-enditem|p2b: Sinistcha|Sitrus Berry|[eat]
|-heal|p2b: Sinistcha|51/100 par|[from] item: Sitrus Berry
|
|-weather|RainDance|[upkeep]
|upkeep
|
|t:|1783786546
|switch|p1a: Archaludon|Archaludon, L50, F|59/100
|turn|8
|
|t:|1783786570
|move|p2b: Sinistcha|Rage Powder|p2b: Sinistcha
|-singleturn|p2b: Sinistcha|move: Rage Powder
|move|p1a: Archaludon|Electro Shot||[still]
|-prepare|p1a: Archaludon|Electro Shot
|-boost|p1a: Archaludon|spa|1
|-anim|p1a: Archaludon|Electro Shot|p2b: Sinistcha
|-resisted|p2b: Sinistcha|1
|-damage|p2b: Sinistcha|25/100 par
|-damage|p1a: Archaludon|50/100g|[from] item: Life Orb
|move|p2a: Gholdengo|Shadow Ball|p1a: Archaludon
|-damage|p1a: Archaludon|0 fnt
|faint|p1a: Archaludon
|move|p1b: Pelipper|Hurricane|p2b: Sinistcha
|-supereffective|p2b: Sinistcha|1
|-damage|p2b: Sinistcha|0 fnt
|faint|p2b: Sinistcha
|
|-weather|RainDance|[upkeep]
|-sideend|p2: Esosu63|move: Light Screen
|upkeep
|
|t:|1783786585
|switch|p2b: Grimmsnarl|Grimmsnarl, L50, M|94/100
|turn|9
|
|t:|1783786593
|move|p2b: Grimmsnarl|Parting Shot|p1b: Pelipper
|-unboost|p1b: Pelipper|atk|1
|-unboost|p1b: Pelipper|spa|1
|move|p2a: Gholdengo|Shadow Ball|p1b: Pelipper
|-damage|p1b: Pelipper|0 fnt
|faint|p1b: Pelipper
|
|win|Esosu63
||Mebbyaids is ready for game 2.
|inactive|Esosu63 has 30 seconds to confirm battle start!
|inactive|Esosu63 has 20 seconds to confirm battle start!
|inactive|Esosu63 has 10 seconds to confirm battle start!
|uhtml|next|Next: Game 2 of 3
