|j|☆vpandur
|j|☆Atzel22
|html|vpandurAtzel22    
|uhtml|bestof|Game 2 of a best-of-3
|t:|1784767324
|gametype|doubles
|player|p1|vpandur|169|
|player|p2|Atzel22|1|
|gen|9
|tier|[Gen 9 Champions] VGC 2026 Reg M-B (Bo3)
|rule|Species Clause: Limit one of each Pokémon
|rule|Item Clause: Limit 1 of each item
|clearpoke
|poke|p1|Incineroar, L50, M|
|poke|p1|Palafin, L50, M|
|poke|p1|Floette-Eternal, L50, F|
|poke|p1|Kingambit, L50, F|
|poke|p1|Chesnaught, L50, M|
|poke|p1|Ariados, L50, M|
|poke|p2|Garchomp, L50, F|
|poke|p2|Tyranitar, L50, F|
|poke|p2|Greninja, L50, M|
|poke|p2|Lucario, L50, M|
|poke|p2|Alakazam, L50, F|
|poke|p2|Steelix, L50, M|
|teampreview|4
|showteam|p1|Incineroar||Leftovers|Intimidate|FakeOut,FlareBlitz,HelpingHand,PartingShot|Adamant||M|||50|]Palafin||MysticWater|ZerotoHero|WaveCrash,JetPunch,FlipTurn,Protect|Jolly||M|||50|]Floette-Eternal||Floettite|FlowerVeil|CalmMind,DazzlingGleam,DrainingKiss,Protect|Modest||F|||50|]Kingambit||BlackGlasses|Defiant|SuckerPunch,KowtowCleave,SwordsDance,Protect|Adamant||F|||50|]Chesnaught||CobaBerry|Bulletproof|BodyPress,BulkUp,SpikyShield,SeedBomb|Impish||M|||50|]Ariados||SitrusBerry|Insomnia|StickyWeb,RagePowder,ToxicThread,Protect|Calm||M|||50|
|showteam|p2|Garchomp||Garchompite|RoughSkin|Earthquake,Protect,RockSlide,StompingTantrum|Adamant||F|||50|]Tyranitar||Tyranitarite|SandStream|KnockOff,LowKick,Protect,RockSlide|Adamant||F|||50|]Greninja||FocusSash|Protean|DarkPulse,HydroPump,IceBeam,Protect|Timid||M|||50|]Lucario||Lucarionite|InnerFocus|AuraSphere,DarkPulse,FlashCannon,Protect|Rash||M|||50|]Alakazam||LifeOrb|MagicGuard|FocusBlast,Protect,Psychic,SpeedSwap|Timid||F|||50|]Steelix||Steelixite|SheerForce|HeavySlam,HighHorsepower,Protect,RockSlide|Adamant||M|||50|
|
|t:|1784767361
|teamsize|p1|4
|teamsize|p2|4
|start
|switch|p1a: Chesnaught|Chesnaught, L50, M|100/100
|switch|p1b: Palafin|Palafin, L50, M|100/100
|switch|p2a: Garchomp|Garchomp, L50, F|100/100
|switch|p2b: Tyranitar|Tyranitar, L50, F|100/100
|-weather|Sandstorm|[from] ability: Sand Stream|[of] p2b: Tyranitar
|turn|1
|
|t:|1784767399
|detailschange|p2b: Tyranitar|Tyranitar-Mega, L50, F
|-mega|p2b: Tyranitar|Tyranitar|Tyranitarite
|move|p1b: Palafin|Flip Turn|p2b: Tyranitar
|-supereffective|p2b: Tyranitar|1
|-damage|p2b: Tyranitar|65/100
|
|t:|1784767410
|detailschange|p1b: Palafin|Palafin-Hero, L50, M
|switch|p1b: Incineroar|Incineroar, L50, M|100/100|[from] Flip Turn
|-ability|p1b: Incineroar|Intimidate|boost
|-unboost|p2a: Garchomp|atk|1
|-unboost|p2b: Tyranitar|atk|1
|move|p2a: Garchomp|Earthquake|p1b: Incineroar|[spread] p2b,p1a,p1b
|-supereffective|p2b: Tyranitar|1
|-resisted|p1a: Chesnaught|1
|-supereffective|p1b: Incineroar|1
|-damage|p2b: Tyranitar|30/100
|-damage|p1a: Chesnaught|92/100
|-damage|p1b: Incineroar|48/100
|move|p2b: Tyranitar|Low Kick|p1a: Chesnaught
|-damage|p1a: Chesnaught|80/100
|move|p1a: Chesnaught|Bulk Up|p1a: Chesnaught
|-boost|p1a: Chesnaught|atk|1
|-boost|p1a: Chesnaught|def|1
|
|-weather|Sandstorm|[upkeep]
|-damage|p1a: Chesnaught|73/100|[from] Sandstorm
|-damage|p1b: Incineroar|42/100|[from] Sandstorm
|-heal|p1b: Incineroar|48/100|[from] item: Leftovers
|upkeep
|turn|2
|
|t:|1784767442
|move|p1b: Incineroar|Fake Out|p2a: Garchomp
|-damage|p2a: Garchomp|85/100
|-damage|p1b: Incineroar|36/100|[from] ability: Rough Skin|[of] p2a: Garchomp
|cant|p2a: Garchomp|flinch
|move|p2b: Tyranitar|Low Kick|p1b: Incineroar
|-supereffective|p1b: Incineroar|1
|-damage|p1b: Incineroar|0 fnt
|faint|p1b: Incineroar
|move|p1a: Chesnaught|Bulk Up|p1a: Chesnaught
|-boost|p1a: Chesnaught|atk|1
|-boost|p1a: Chesnaught|def|1
|
|-weather|Sandstorm|[upkeep]
|-damage|p1a: Chesnaught|67/100|[from] Sandstorm
|upkeep
|
|t:|1784767457
|switch|p1b: Palafin|Palafin-Hero, L50, M|100/100
|-activate|p1b: Palafin|ability: Zero to Hero
|turn|3
|
|t:|1784767514
|switch|p2a: Greninja|Greninja, L50, M|100/100
|move|p1b: Palafin|Wave Crash|p2a: Greninja
|-resisted|p2a: Greninja|1
|-damage|p2a: Greninja|24/100
|-damage|p1b: Palafin|79/100|[from] Recoil
|move|p2b: Tyranitar|Low Kick|p1a: Chesnaught
|-damage|p1a: Chesnaught|60/100
|move|p1a: Chesnaught|Body Press|p2b: Tyranitar
|-supereffective|p2b: Tyranitar|2
|-damage|p2b: Tyranitar|0 fnt
|faint|p2b: Tyranitar
|
|-weather|Sandstorm|[upkeep]
|-damage|p2a: Greninja|18/100|[from] Sandstorm
|-damage|p1b: Palafin|72/100|[from] Sandstorm
|-damage|p1a: Chesnaught|53/100|[from] Sandstorm
|upkeep
|
|t:|1784767529
|switch|p2b: Steelix|Steelix, L50, M|100/100
|turn|4
|
|t:|1784767558
|move|p1b: Palafin|Jet Punch|p2a: Greninja
|-resisted|p2a: Greninja|1
|-damage|p2a: Greninja|0 fnt
|faint|p2a: Greninja
|move|p1a: Chesnaught|Body Press|p2b: Steelix
|-supereffective|p2b: Steelix|1
|-damage|p2b: Steelix|9/100
|move|p2b: Steelix|Heavy Slam|p1a: Chesnaught
|-damage|p1a: Chesnaught|41/100
|
|-weather|Sandstorm|[upkeep]
|-damage|p1b: Palafin|66/100|[from] Sandstorm
|-damage|p1a: Chesnaught|35/100|[from] Sandstorm
|upkeep
|
|t:|1784767569
|switch|p2a: Garchomp|Garchomp, L50, F|85/100
|turn|5
|
|t:|1784767594
|move|p1b: Palafin|Wave Crash|p2a: Garchomp
|-damage|p2a: Garchomp|2/100
|-damage|p1b: Palafin|54/100|[from] ability: Rough Skin|[of] p2a: Garchomp
|-damage|p1b: Palafin|25/100|[from] Recoil
|move|p2a: Garchomp|Earthquake|p1b: Palafin|[spread] p2b,p1a,p1b
|-supereffective|p2b: Steelix|1
|-resisted|p1a: Chesnaught|1
|-damage|p2b: Steelix|0 fnt
|-damage|p1a: Chesnaught|29/100
|-damage|p1b: Palafin|0 fnt
|faint|p2b: Steelix
|faint|p1b: Palafin
|move|p1a: Chesnaught|Body Press|p2a: Garchomp
|-damage|p2a: Garchomp|0 fnt
|-damage|p1a: Chesnaught|16/100|[from] ability: Rough Skin|[of] p2a: Garchomp
|faint|p2a: Garchomp
|
|win|vpandur
