|j|☆dambro222
|j|☆amazon-kai
|html|dambro222amazon-kai    
|uhtml|bestof|Game 2 of a best-of-3
|t:|1756676874
|gametype|doubles
|player|p1|dambro222|ethan|1160
|player|p2|amazon-kai|266|1283
|gen|9
|tier|[Gen 9] VGC 2025 Reg H (Bo3)
|rated|
|rule|Species Clause: Limit one of each Pokémon
|rule|Item Clause: Limit 1 of each item
|clearpoke
|poke|p1|Dragonite, L50, M|
|poke|p1|Volcarona, L50, F|
|poke|p1|Sneasler, L50, M|
|poke|p1|Rillaboom, L50, M|
|poke|p1|Electabuzz, L50, M|
|poke|p1|Kingambit, L50, M|
|poke|p2|Gholdengo, L50|
|poke|p2|Basculegion, L50, M|
|poke|p2|Rillaboom, L50, F|
|poke|p2|Volcarona, L50, F|
|poke|p2|Salamence, L50, F|
|poke|p2|Kingambit, L50, M|
|teampreview|4
|showteam|p1|Dragonite||LoadedDice|Multiscale|ScaleShot,ExtremeSpeed,Haze,Protect|||M|||50|,,,,,Fairy]Volcarona||CovertCloak|FlameBody|HeatWave,TeraBlast,QuiverDance,Protect|||F|||50|,,,,,Fairy]Sneasler||FocusSash|Unburden|CloseCombat,DireClaw,RockSlide,Protect|||M|||50|,,,,,Stellar]Rillaboom||AssaultVest|GrassySurge|WoodHammer,GrassyGlide,HighHorsepower,FakeOut|||M|||50|,,,,,Water]Electabuzz||Eviolite|VitalSpirit|Electroweb,FollowMe,Taunt,Protect|||M|||50|,,,,,Ghost]Kingambit||BlackGlasses|Defiant|KowtowCleave,SuckerPunch,SwordsDance,Protect|||M|||50|,,,,,Dark
|showteam|p2|Gholdengo||LifeOrb|GoodasGold|Protect,ShadowBall,MakeItRain,NastyPlot||||||50|,,,,,Water]Basculegion||ChoiceScarf|Adaptability|WaveCrash,FlipTurn,LastRespects,IcyWind|||M|||50|,,,,,Ghost]Rillaboom||AssaultVest|GrassySurge|FakeOut,GrassyGlide,WoodHammer,HighHorsepower|||F|||50|,,,,,Fire]Volcarona||CovertCloak|FlameBody|RagePowder,TeraBlast,HeatWave,QuiverDance|||F|||50|,,,,,Fairy]Salamence||MirrorHerb|Intimidate|DualWingbeat,BrickBreak,BreakingSwipe,Protect|||F|||50|,,,,,Fighting]Kingambit||BlackGlasses|Defiant|Protect,SwordsDance,SuckerPunch,KowtowCleave|||M|||50|,,,,,Dark
|inactive|Battle timer is ON: inactive players will automatically lose when time's up. (requested by dambro222)
|inactive|dambro222 has 60 seconds left.
|
|t:|1756676906
|teamsize|p1|4
|teamsize|p2|4
|start
|switch|p1a: Volcarona|Volcarona, L50, F|100/100
|switch|p1b: Electabuzz|Electabuzz, L50, M|100/100
|switch|p2a: Salamence|Salamence, L50, F|100/100
|switch|p2b: Volcarona|Volcarona, L50, F|100/100
|-ability|p2a: Salamence|Intimidate|boost
|-unboost|p1a: Volcarona|atk|1
|-unboost|p1b: Electabuzz|atk|1
|turn|1
|
|t:|1756676918
|-terastallize|p1a: Volcarona|Fairy
|move|p1a: Volcarona|Quiver Dance|p1a: Volcarona
|-boost|p1a: Volcarona|spa|1
|-boost|p1a: Volcarona|spd|1
|-boost|p1a: Volcarona|spe|1
|-enditem|p2a: Salamence|Mirror Herb
|-boost|p2a: Salamence|spa|1|[from] item: Mirror Herb
|-boost|p2a: Salamence|spd|1|[from] item: Mirror Herb
|-boost|p2a: Salamence|spe|1|[from] item: Mirror Herb
|move|p2a: Salamence|Breaking Swipe|p1a: Volcarona|[spread] p1b
|-immune|p1a: Volcarona
|-damage|p1b: Electabuzz|84/100
|-unboost|p1b: Electabuzz|atk|1
|move|p2b: Volcarona|Quiver Dance|p2b: Volcarona
|-boost|p2b: Volcarona|spa|1
|-boost|p2b: Volcarona|spd|1
|-boost|p2b: Volcarona|spe|1
|move|p1b: Electabuzz|Electroweb|p2b: Volcarona|[spread] p2a
|-miss|p1b: Electabuzz|p2b: Volcarona
|-damage|p2a: Salamence|90/100
|-unboost|p2a: Salamence|spe|1
|
|upkeep
|turn|2
|inactive|dambro222 has 30 seconds left.
|
|t:|1756676947
|move|p2a: Salamence|Protect|p2a: Salamence
|-singleturn|p2a: Salamence|Protect
|move|p1a: Volcarona|Tera Blast|p2a: Salamence|[anim] Tera Blast Fairy
|-activate|p2a: Salamence|move: Protect
|move|p2b: Volcarona|Heat Wave|p1b: Electabuzz|[spread] p1a,p1b
|-damage|p1a: Volcarona|68/100
|-damage|p1b: Electabuzz|42/100
|move|p1b: Electabuzz|Electroweb|p2a: Salamence|[spread] p2b
|-activate|p2a: Salamence|move: Protect
|-damage|p2b: Volcarona|92/100
|
|upkeep
|turn|3
|j| kingofweedles
|inactive|dambro222 has 30 seconds left.
|
|t:|1756676974
|switch|p2a: Gholdengo|Gholdengo, L50|100/100
|move|p1a: Volcarona|Heat Wave|p2b: Volcarona|[spread] p2a,p2b
|-supereffective|p2a: Gholdengo
|-damage|p2a: Gholdengo|0 fnt
|-damage|p2b: Volcarona|60/100
|faint|p2a: Gholdengo
|move|p2b: Volcarona|Quiver Dance|p2b: Volcarona
|-boost|p2b: Volcarona|spa|1
|-boost|p2b: Volcarona|spd|1
|-boost|p2b: Volcarona|spe|1
|move|p1b: Electabuzz|Taunt|p2b: Volcarona
|-start|p2b: Volcarona|move: Taunt
|
|upkeep
|
|t:|1756676989
|switch|p2a: Salamence|Salamence, L50, F|90/100
|-ability|p2a: Salamence|Intimidate|boost
|-unboost|p1a: Volcarona|atk|1
|-unboost|p1b: Electabuzz|atk|1
|turn|4
|
|t:|1756677001
|move|p2a: Salamence|Protect|p2a: Salamence
|-singleturn|p2a: Salamence|Protect
|move|p1b: Electabuzz|Follow Me|p1b: Electabuzz
|-singleturn|p1b: Electabuzz|move: Follow Me
|move|p2b: Volcarona|Heat Wave|p1b: Electabuzz|[spread] p1a,p1b
|-damage|p1a: Volcarona|27/100
|-damage|p1b: Electabuzz|0 fnt
|faint|p1b: Electabuzz
|move|p1a: Volcarona|Quiver Dance|p1a: Volcarona
|-boost|p1a: Volcarona|spa|1
|-boost|p1a: Volcarona|spd|1
|-boost|p1a: Volcarona|spe|1
|
|upkeep
|
|t:|1756677012
|switch|p1b: Sneasler|Sneasler, L50, M|100/100
|turn|5
|
|t:|1756677026
|switch|p2a: Basculegion|Basculegion, L50, M|100/100
|move|p1a: Volcarona|Tera Blast|p2a: Basculegion|[anim] Tera Blast Fairy
|-damage|p2a: Basculegion|10/100
|move|p2b: Volcarona|Heat Wave|p1b: Sneasler|[spread] p1a,p1b
|-damage|p1a: Volcarona|0 fnt
|-damage|p1b: Sneasler|4/100
|-status|p1b: Sneasler|brn
|faint|p1a: Volcarona
|move|p1b: Sneasler|Rock Slide|p2a: Basculegion|[spread] p2a
|-miss|p1b: Sneasler|p2b: Volcarona
|-damage|p2a: Basculegion|0 fnt
|faint|p2a: Basculegion
|
|-damage|p1b: Sneasler|0 fnt|[from] brn
|faint|p1b: Sneasler
|upkeep
|c|☆dambro222|gg
|
|t:|1756677046
|switch|p1b: Rillaboom|Rillaboom, L50, M|100/100
|switch|p2a: Salamence|Salamence, L50, F|90/100
|-ability|p2a: Salamence|Intimidate|boost
|-unboost|p1b: Rillaboom|atk|1
|-fieldstart|move: Grassy Terrain|[from] ability: Grassy Surge|[of] p1b: Rillaboom
|turn|6
|-message|dambro222 forfeited.
|
|win|amazon-kai
|l|☆dambro222
|player|p1|
||dambro222 is ready for game 3.
||amazon-kai is ready for game 3.
|uhtml|next|Next: Game 3 of 3
|l|☆amazon-kai
|player|p2|
|j|☆dambro222
|player|p1|dambro222|ethan|
