|j|☆Toxic KIng 22
|j|☆CretaceousDraconid
|html|Toxic KIng 22CretaceousDraconid    
|uhtml|bestof|Game 3 of a best-of-3
|t:|1757834711
|gametype|doubles
|player|p1|Toxic KIng 22|169|1237
|player|p2|CretaceousDraconid|zinnia-masters|1233
|gen|9
|tier|[Gen 9] VGC 2025 Reg H (Bo3)
|rated|
|rule|Species Clause: Limit one of each Pokémon
|rule|Item Clause: Limit 1 of each item
|clearpoke
|poke|p1|Kingambit, L50, F|
|poke|p1|Rillaboom, L50, F|
|poke|p1|Electabuzz, L50, M|
|poke|p1|Volcarona, L50, M|
|poke|p1|Sneasler, L50, M|
|poke|p1|Dragonite, L50, F|
|poke|p2|Whimsicott, L50, F|
|poke|p2|Incineroar, L50, M|
|poke|p2|Salamence, L50, M|
|poke|p2|Garchomp, L50, F|
|poke|p2|Sneasler, L50, F|
|poke|p2|Ninetales-Alola, L50, M|
|teampreview|4
|showteam|p1|Kingambit||Leftovers|Defiant|KowtowCleave,SuckerPunch,SwordsDance,Protect|||F|||50|,,,,,Water]Rillaboom||AssaultVest|GrassySurge|FakeOut,GrassyGlide,HighHorsepower,WoodHammer|||F|||50|,,,,,Fire]Electabuzz||Eviolite|VitalSpirit|FollowMe,Electroweb,Taunt,Protect|||M|||50|,,,,,Ghost]Volcarona||CovertCloak|FlameBody|TeraBlast,HeatWave,QuiverDance,Protect|||M|||50|,,,,,Fairy]Sneasler||FocusSash|PoisonTouch|FakeOut,DireClaw,CloseCombat,Protect|||M|||50|,,,,,Stellar]Dragonite||LoadedDice|Multiscale|ScaleShot,Haze,ExtremeSpeed,Protect|||F|||50|,,,,,Fairy
|showteam|p2|Whimsicott||CovertCloak|Prankster|Tailwind,Moonblast,Encore,Taunt|||F|||50|,,,,,Water]Incineroar||SafetyGoggles|Intimidate|FakeOut,Taunt,PartingShot,KnockOff|||M|||50|,,,,,Ghost]Salamence||ChoiceSpecs|Intimidate|Hurricane,HeatWave,DracoMeteor,HydroPump|||M|||50|,,,,,Fire]Garchomp||LoadedDice|RoughSkin|StompingTantrum,Earthquake,ScaleShot,Protect|||F|||50|,,,,,Ghost]Sneasler||FocusSash|PoisonTouch|DireClaw,CloseCombat,Coaching,Protect|||F|||50|,,,,,Fairy]Ninetales-Alola||NeverMeltIce|SnowWarning|FreezeDry,Blizzard,AuroraVeil,Protect|||M|||50|,,,,,Ghost
|inactive|Battle timer is ON: inactive players will automatically lose when time's up. (requested by Toxic KIng 22)
|inactive|CretaceousDraconid has 60 seconds left.
|
|t:|1757834765
|teamsize|p1|4
|teamsize|p2|4
|start
|switch|p1a: Sneasler|Sneasler, L50, M|100/100
|switch|p1b: Dragonite|Dragonite, L50, F|100/100
|switch|p2a: Salamence|Salamence, L50, M|100/100
|switch|p2b: Garchomp|Garchomp, L50, F|100/100
|-ability|p2a: Salamence|Intimidate|boost
|-unboost|p1a: Sneasler|atk|1
|-unboost|p1b: Dragonite|atk|1
|turn|1
|
|t:|1757834778
|-terastallize|p2b: Garchomp|Ghost
|-terastallize|p1b: Dragonite|Fairy
|move|p1a: Sneasler|Fake Out|p2a: Salamence
|-damage|p2a: Salamence|89/100
|-status|p2a: Salamence|psn|[from] ability: Poison Touch|[of] p1a: Sneasler
|move|p2b: Garchomp|Scale Shot|p1b: Dragonite
|-immune|p1b: Dragonite
|cant|p2a: Salamence|flinch
|move|p1b: Dragonite|Scale Shot|p2b: Garchomp
|-damage|p2b: Garchomp|90/100
|-damage|p2b: Garchomp|80/100
|-damage|p2b: Garchomp|70/100
|-damage|p2b: Garchomp|60/100
|-damage|p2b: Garchomp|50/100
|-hitcount|p2b: Garchomp|5
|-unboost|p1b: Dragonite|def|1
|-boost|p1b: Dragonite|spe|1
|
|-damage|p2a: Salamence|76/100 psn|[from] psn
|upkeep
|turn|2
|
|t:|1757834799
|switch|p1a: Kingambit|Kingambit, L50, F|100/100
|switch|p2b: Ninetales|Ninetales-Alola, L50, M|100/100
|-weather|Snowscape|[from] ability: Snow Warning|[of] p2b: Ninetales
|move|p1b: Dragonite|Scale Shot|p2a: Salamence|[miss]
|-miss|p1b: Dragonite|p2a: Salamence
|move|p2a: Salamence|Hurricane|p1b: Dragonite
|-damage|p1b: Dragonite|54/100
|
|-weather|Snowscape|[upkeep]
|-damage|p2a: Salamence|64/100 psn|[from] psn
|upkeep
|turn|3
|inactive|CretaceousDraconid has 30 seconds left.
|
|t:|1757834826
|move|p1b: Dragonite|Scale Shot|p2a: Salamence
|-supereffective|p2a: Salamence
|-damage|p2a: Salamence|42/100 psn
|-supereffective|p2a: Salamence
|-damage|p2a: Salamence|17/100 psn
|-supereffective|p2a: Salamence
|-damage|p2a: Salamence|0 fnt
|faint|p2a: Salamence
|-hitcount|p2: Salamence|3
|-unboost|p1b: Dragonite|def|1
|-boost|p1b: Dragonite|spe|1
|move|p2b: Ninetales|Blizzard|p1a: Kingambit|[spread] p1a,p1b
|-resisted|p1a: Kingambit
|-damage|p1a: Kingambit|88/100
|-damage|p1b: Dragonite|24/100
|move|p1a: Kingambit|Swords Dance|p1a: Kingambit
|-boost|p1a: Kingambit|atk|2
|
|-weather|Snowscape|[upkeep]
|-heal|p1a: Kingambit|94/100|[from] item: Leftovers
|upkeep
|
|t:|1757834834
|switch|p2a: TheFuckYouGuy|Sneasler, L50, F|100/100
|turn|4
|
|t:|1757834838
|move|p1b: Dragonite|Protect|p1b: Dragonite
|-singleturn|p1b: Dragonite|Protect
|move|p2a: TheFuckYouGuy|Protect|p2a: TheFuckYouGuy
|-singleturn|p2a: TheFuckYouGuy|Protect
|move|p1a: Kingambit|Protect|p1a: Kingambit
|-singleturn|p1a: Kingambit|Protect
|move|p2b: Ninetales|Aurora Veil|p2b: Ninetales
|-sidestart|p2: CretaceousDraconid|move: Aurora Veil
|
|-weather|Snowscape|[upkeep]
|-heal|p1a: Kingambit|99/100|[from] item: Leftovers
|upkeep
|turn|5
|
|t:|1757834858
|switch|p1b: Volcarona|Volcarona, L50, M, shiny|100/100
|move|p1a: Kingambit|Sucker Punch|p2b: Ninetales
|-resisted|p2b: Ninetales
|-damage|p2b: Ninetales|81/100
|move|p2a: TheFuckYouGuy|Close Combat|p1a: Kingambit
|-supereffective|p1a: Kingambit
|-damage|p1a: Kingambit|0 fnt
|-unboost|p2a: TheFuckYouGuy|def|1
|-unboost|p2a: TheFuckYouGuy|spd|1
|faint|p1a: Kingambit
|move|p2b: Ninetales|Freeze-Dry|p1b: Volcarona
|-resisted|p1b: Volcarona
|-damage|p1b: Volcarona|90/100
|
|-weather|Snowscape|[upkeep]
|upkeep
|
|t:|1757834868
|switch|p1a: Sneasler|Sneasler, L50, M|100/100
|turn|6
|
|t:|1757834880
|move|p2a: TheFuckYouGuy|Protect|p2a: TheFuckYouGuy
|-singleturn|p2a: TheFuckYouGuy|Protect
|move|p1a: Sneasler|Fake Out|p2a: TheFuckYouGuy
|-activate|p2a: TheFuckYouGuy|move: Protect
|move|p2b: Ninetales|Blizzard|p1b: Volcarona|[spread] p1a,p1b
|-resisted|p1b: Volcarona
|-damage|p1a: Sneasler|63/100
|-damage|p1b: Volcarona|77/100
|move|p1b: Volcarona|Quiver Dance|p1b: Volcarona
|-boost|p1b: Volcarona|spa|1
|-boost|p1b: Volcarona|spd|1
|-boost|p1b: Volcarona|spe|1
|
|-weather|none
|upkeep
|turn|7
|
|t:|1757834896
|switch|p2b: Garchomp|Garchomp, L50, F, tera:Ghost|50/100
|move|p1b: Volcarona|Heat Wave|p2b: Garchomp|[spread] p2a,p2b
|-damage|p2a: TheFuckYouGuy|20/100
|-damage|p2b: Garchomp|10/100
|-status|p2b: Garchomp|brn
|move|p1a: Sneasler|Dire Claw|p2a: TheFuckYouGuy
|-resisted|p2a: TheFuckYouGuy
|-damage|p2a: TheFuckYouGuy|0 fnt
|faint|p2a: TheFuckYouGuy
|
|-damage|p2b: Garchomp|4/100 brn|[from] brn
|upkeep
|
|t:|1757834905
|switch|p2a: Ninetales|Ninetales-Alola, L50, M|81/100
|-weather|Snowscape|[from] ability: Snow Warning|[of] p2a: Ninetales
|turn|8
|
|t:|1757834912
|move|p1b: Volcarona|Heat Wave|p2a: Ninetales|[spread] p2a,p2b
|-supereffective|p2a: Ninetales
|-damage|p2a: Ninetales|5/100
|-damage|p2b: Garchomp|0 fnt
|faint|p2b: Garchomp
|move|p1a: Sneasler|Dire Claw|p2a: Ninetales
|-supereffective|p2a: Ninetales
|-damage|p2a: Ninetales|0 fnt
|faint|p2a: Ninetales
|
|win|Toxic KIng 22
|raw|Toxic KIng 22's rating: 1237 → 1262(+25 for winning)
|raw|CretaceousDraconid's rating: 1233 → 1208(-25 for losing)
|c|☆CretaceousDraconid|ggs
|l|☆Toxic KIng 22
|player|p1|
