|j|☆The Elemelons
|j|☆mew mew season 2
|html|The Elemelonsmew mew season 2    
|uhtml|bestof|Game 2 of a best-of-3
|t:|1782673352
|gametype|doubles
|player|p1|The Elemelons|169|
|player|p2|mew mew season 2|miku-psychic|
|gen|9
|tier|[Gen 9 Champions] VGC 2026 Reg M-B (Bo3)
|rule|Species Clause: Limit one of each Pokémon
|rule|Item Clause: Limit 1 of each item
|clearpoke
|poke|p1|Raichu, L50, M|
|poke|p1|Basculegion, L50, M|
|poke|p1|Grimmsnarl, L50, M|
|poke|p1|Maushold, L50|
|poke|p1|Ceruledge, L50, M|
|poke|p1|Talonflame, L50, M|
|poke|p2|Torkoal, L50, M|
|poke|p2|Vileplume, L50, F|
|poke|p2|Farigiraf, L50, F|
|poke|p2|Scrafty, L50, F|
|poke|p2|Gallade, L50, M|
|poke|p2|Mawile, L50, M|
|teampreview|4
|showteam|p1|Raichu||RaichuniteY|LightningRod|Electroweb,ZapCannon,FakeOut,Protect|Timid||M|||50|]Basculegion||ChoiceScarf|Adaptability|Soak,LastRespects,WaveCrash,IceFang|Jolly||M|||50|]Grimmsnarl||LightClay|Prankster|LightScreen,Reflect,SpiritBreak,FakeOut|Adamant||M|||50|]Maushold||WideLens|Technician|PopulationBomb,Bite,Protect,FollowMe|Jolly|||||50|]Ceruledge||FocusSash|WeakArmor|SwordsDance,ShadowSneak,BitterBlade,Protect|Jolly||M|||50|]Talonflame|||GaleWings|Tailwind,Acrobatics,TemperFlare,Protect|Jolly||M|||50|
|showteam|p2|Torkoal||Charcoal|Drought|Eruption,WeatherBall,EarthPower,Protect|Quiet||M|||50|]Vileplume||FocusSash|Chlorophyll|EnergyBall,SludgeBomb,SleepPowder,AfterYou|Timid||F|||50|]Farigiraf||SitrusBerry|ArmorTail|TrickRoom,Protect,Psychic,HelpingHand|Sassy||F|||50|]Scrafty||Scraftinite|Intimidate|CloseCombat,KnockOff,FakeOut,RockSlide|Adamant||F|||50|]Gallade||IronBall|Sharpness|SacredSword,PsychoCut,WideGuard,TrickRoom|Brave||M|||50|]Mawile||Mawilite|Intimidate|SuckerPunch,PlayRough,SwordsDance,Protect|Adamant||M|||50|
|
|t:|1782673381
|teamsize|p1|4
|teamsize|p2|4
|start
|switch|p1a: Raichu|Raichu, L50, M|100/100
|switch|p1b: Maushold|Maushold, L50|100/100
|switch|p2a: Scrafty|Scrafty, L50, F|100/100
|switch|p2b: Farigiraf|Farigiraf, L50, F|100/100
|-ability|p2a: Scrafty|Intimidate|boost
|-unboost|p1a: Raichu|atk|1
|-unboost|p1b: Maushold|atk|1
|turn|1
|
|t:|1782673398
|detailschange|p1a: Raichu|Raichu-Mega-Y, L50, M
|-mega|p1a: Raichu|Raichu|Raichunite Y
|detailschange|p2a: Scrafty|Scrafty-Mega, L50, F
|-mega|p2a: Scrafty|Scrafty|Scraftinite
|-ability|p2a: Scrafty|Intimidate|boost
|-unboost|p1a: Raichu|atk|1
|-unboost|p1b: Maushold|atk|1
|move|p2a: Scrafty|Fake Out|p1a: Raichu
|-damage|p1a: Raichu|65/100
|cant|p1a: Raichu|flinch
|move|p1b: Maushold|Bite|p2b: Farigiraf
|-supereffective|p2b: Farigiraf|1
|-damage|p2b: Farigiraf|78/100
|move|p2b: Farigiraf|Trick Room|p2b: Farigiraf
|-fieldstart|move: Trick Room|[of] p2b: Farigiraf
|
|upkeep
|turn|2
|c|☆The Elemelons|and thats gg already
|c|☆The Elemelons|i needed bite flinch
|
|t:|1782673423
|move|p1b: Maushold|Follow Me|p1b: Maushold
|-singleturn|p1b: Maushold|move: Follow Me
|move|p2b: Farigiraf|Psychic|p1b: Maushold
|-damage|p1b: Maushold|49/100
|move|p2a: Scrafty|Close Combat|p1b: Maushold
|-supereffective|p1b: Maushold|1
|-damage|p1b: Maushold|0 fnt
|-unboost|p2a: Scrafty|def|1
|-unboost|p2a: Scrafty|spd|1
|faint|p1b: Maushold
|move|p1a: Raichu|Electroweb|p2b: Farigiraf|[spread] p2a,p2b
|-damage|p2a: Scrafty|68/100
|-damage|p2b: Farigiraf|61/100
|-unboost|p2a: Scrafty|spe|1
|-unboost|p2b: Farigiraf|spe|1
|
|upkeep
|c|☆The Elemelons|i uh
|c|☆The Elemelons|clicked zap cannon btw
|
|t:|1782673440
|switch|p1b: Grimmsnarl|Grimmsnarl, L50, M|100/100
|turn|3
|
|t:|1782673451
|switch|p2a: Torkoal|Torkoal, L50, M|100/100
|-weather|SunnyDay|[from] ability: Drought|[of] p2a: Torkoal
|move|p1a: Raichu|Protect|p1a: Raichu
|-singleturn|p1a: Raichu|Protect
|move|p2b: Farigiraf|Psychic|p1a: Raichu
|-activate|p1a: Raichu|move: Protect
|move|p1b: Grimmsnarl|Spirit Break|p2a: Torkoal
|-resisted|p2a: Torkoal|1
|-damage|p2a: Torkoal|83/100
|-unboost|p2a: Torkoal|spa|1
|
|-weather|SunnyDay|[upkeep]
|upkeep
|turn|4
|
|t:|1782673471
|move|p2b: Farigiraf|Helping Hand|p2a: Torkoal
|-singleturn|p2a: Torkoal|Helping Hand|[of] p2b: Farigiraf
|move|p2a: Torkoal|Eruption|p1b: Grimmsnarl|[spread] p1a,p1b
|-damage|p1a: Raichu|0 fnt
|-damage|p1b: Grimmsnarl|25/100
|faint|p1a: Raichu
|move|p1b: Grimmsnarl|Spirit Break|p2a: Torkoal
|-resisted|p2a: Torkoal|1
|-damage|p2a: Torkoal|67/100
|-unboost|p2a: Torkoal|spa|1
|
|-weather|SunnyDay|[upkeep]
|upkeep
|
|t:|1782673476
|switch|p1a: Ceruledge|Ceruledge, L50, M|100/100
|turn|5
|
|t:|1782673483
|switch|p2a: Scrafty|Scrafty-Mega, L50, F|68/100
|-ability|p2a: Scrafty|Intimidate|boost
|-unboost|p1a: Ceruledge|atk|1
|-unboost|p1b: Grimmsnarl|atk|1
|move|p2b: Farigiraf|Psychic|p1a: Ceruledge
|-damage|p1a: Ceruledge|60/100
|move|p1b: Grimmsnarl|Spirit Break|p2a: Scrafty
|-supereffective|p2a: Scrafty|2
|-damage|p2a: Scrafty|0 fnt
|faint|p2a: Scrafty
|move|p1a: Ceruledge|Swords Dance|p1a: Ceruledge
|-boost|p1a: Ceruledge|atk|2
|
|-weather|SunnyDay|[upkeep]
|-fieldend|move: Trick Room
|upkeep
|
|t:|1782673504
|switch|p2a: Torkoal|Torkoal, L50, M|67/100
|turn|6
|
|t:|1782673514
|move|p1b: Grimmsnarl|Light Screen|p1b: Grimmsnarl
|-sidestart|p1: The Elemelons|move: Light Screen
|move|p1a: Ceruledge|Bitter Blade|p2b: Farigiraf
|-damage|p2b: Farigiraf|0 fnt
|-heal|p1a: Ceruledge|100/100|[from] drain|[of] p2b: Farigiraf
|faint|p2b: Farigiraf
|move|p2a: Torkoal|Weather Ball|p1b: Grimmsnarl
|-damage|p1b: Grimmsnarl|0 fnt
|faint|p1b: Grimmsnarl
|
|-weather|SunnyDay|[upkeep]
|upkeep
|
|t:|1782673518
|switch|p2b: Gallade|Gallade, L50, M|100/100
|turn|7
|
|t:|1782673523
|move|p1a: Ceruledge|Shadow Sneak|p2b: Gallade
|-supereffective|p2b: Gallade|1
|-damage|p2b: Gallade|16/100
|move|p2a: Torkoal|Earth Power|p1a: Ceruledge
|-supereffective|p1a: Ceruledge|1
|-damage|p1a: Ceruledge|58/100
|move|p2b: Gallade|Trick Room|p2b: Gallade
|-fieldstart|move: Trick Room|[of] p2b: Gallade
|
|-weather|none
|upkeep
|turn|8
|
|t:|1782673533
|move|p1a: Ceruledge|Shadow Sneak|p2b: Gallade
|-supereffective|p2b: Gallade|1
|-damage|p2b: Gallade|0 fnt
|faint|p2b: Gallade
|move|p2a: Torkoal|Earth Power|p1a: Ceruledge
|-supereffective|p1a: Ceruledge|1
|-damage|p1a: Ceruledge|16/100
|
|upkeep
|turn|9
|c|☆The Elemelons|that's dissapointing
|c|☆The Elemelons|i expected +1 ss to do a lot more there
|c|☆The Elemelons|anyways back to protectslop
|
|t:|1782673551
|move|p1a: Ceruledge|Protect|p1a: Ceruledge
|-singleturn|p1a: Ceruledge|Protect
|move|p2a: Torkoal|Earth Power|p1a: Ceruledge
|-activate|p1a: Ceruledge|move: Protect
|
|upkeep
|turn|10
|c|☆mew mew season 2|ye gallade is pretty tanky
|
|t:|1782673556
|move|p1a: Ceruledge|Protect||[still]
|-fail|p1a: Ceruledge
|move|p2a: Torkoal|Earth Power|p1a: Ceruledge
|-supereffective|p1a: Ceruledge|1
|-damage|p1a: Ceruledge|0 fnt
|faint|p1a: Ceruledge
|
|win|mew mew season 2
