|j|☆chamoy-pt2
|j|☆lewis94
|html|chamoy-pt2lewis94    
|uhtml|bestof|Game 2 of a best-of-3
|t:|1756920413
|gametype|doubles
|player|p1|chamoy-pt2|riley|1090
|player|p2|lewis94|ethan-gen2|1130
|gen|9
|tier|[Gen 9] VGC 2025 Reg H (Bo3)
|rated|
|rule|Species Clause: Limit one of each Pokémon
|rule|Item Clause: Limit 1 of each item
|clearpoke
|poke|p1|Gholdengo, L50|
|poke|p1|Hydreigon, L50, M|
|poke|p1|Dragapult, L50, F|
|poke|p1|Electabuzz, L50, F|
|poke|p1|Whimsicott, L50, M|
|poke|p1|Ursaluna, L50, F|
|poke|p2|Talonflame, L50, M|
|poke|p2|Ursaluna-Bloodmoon, L50, M|
|poke|p2|Tyranitar, L50, M|
|poke|p2|Sneasler, L50, F|
|poke|p2|Indeedee, L50, M|
|poke|p2|Electabuzz, L50, M|
|teampreview|4
|showteam|p1|Gholdengo||LifeOrb|GoodasGold|MakeItRain,ShadowBall,NastyPlot,Protect||||||50|,,,,,Water]Hydreigon||AssaultVest|Levitate|DragonPulse,DarkPulse,HeatWave,Snarl|||M|||50|,,,,,Fire]Dragapult||ChoiceBand|ClearBody|DragonDarts,PhantomForce,SuckerPunch,Uturn|||F|||50|,,,,,Dragon]Electabuzz||Eviolite|VitalSpirit|FollowMe,HelpingHand,VoltSwitch,Protect|||F|||50|,,,,,Fairy]Whimsicott||CovertCloak|Prankster|Tailwind,Encore,Taunt,Moonblast|||M|||50|,,,,,Water]Ursaluna||FlameOrb|Guts|Facade,HeadlongRush,Earthquake,Protect|||F|||50|,,,,,Ground
|showteam|p2|Talonflame||CovertCloak|GaleWings|FlareBlitz,DualWingbeat,WillOWisp,Tailwind|||M|||50|,,,,,Fairy]Ursaluna-Bloodmoon||LifeOrb|MindsEye|BloodMoon,HyperVoice,EarthPower,Protect|||M|||50|,,,,,Normal]Tyranitar||AssaultVest|SandStream|RockSlide,KnockOff,TeraBlast,LowKick|||M|||50|,,,,,Flying]Sneasler||PsychicSeed|Unburden|DireClaw,CloseCombat,ThroatChop,Protect|||F|||50|,,,,,Dark]Indeedee||ChoiceScarf|PsychicSurge|ExpandingForce,TeraBlast,Protect,Trick|||M|||50|,,,,,Psychic]Electabuzz||Eviolite|VitalSpirit|Electroweb,FollowMe,Taunt,Protect|||M|||50|,,,,,Ghost
|inactive|Battle timer is ON: inactive players will automatically lose when time's up. (requested by lewis94)
|
|t:|1756920429
|teamsize|p1|4
|teamsize|p2|4
|start
|switch|p1a: Electabuzz|Electabuzz, L50, F|100/100
|switch|p1b: Dragapult|Dragapult, L50, F|100/100
|switch|p2a: Ursaluna|Ursaluna-Bloodmoon, L50, M|100/100
|switch|p2b: Tyranitar|Tyranitar, L50, M|100/100
|-weather|Sandstorm|[from] ability: Sand Stream|[of] p2b: Tyranitar
|turn|1
|
|t:|1756920450
|-terastallize|p1b: Dragapult|Dragon
|-terastallize|p2a: Ursaluna|Normal
|move|p1a: Electabuzz|Helping Hand|p1b: Dragapult
|-singleturn|p1b: Dragapult|Helping Hand|[of] p1a: Electabuzz
|move|p1b: Dragapult|Dragon Darts|p2a: Ursaluna
|-damage|p2a: Ursaluna|36/100
|-anim|p1b: Dragapult|Dragon Darts|p2b: Tyranitar
|-damage|p2b: Tyranitar|29/100
|move|p2b: Tyranitar|Rock Slide|p1b: Dragapult|[spread] p1a,p1b
|-damage|p1a: Electabuzz|78/100
|-damage|p1b: Dragapult|60/100
|move|p2a: Ursaluna|Blood Moon|p1b: Dragapult
|-damage|p1b: Dragapult|0 fnt
|faint|p1b: Dragapult
|-damage|p2a: Ursaluna|26/100|[from] item: Life Orb
|
|-weather|Sandstorm|[upkeep]
|-damage|p1a: Electabuzz|72/100|[from] Sandstorm
|-damage|p2a: Ursaluna|21/100|[from] Sandstorm
|upkeep
|
|t:|1756920465
|switch|p1b: Gholdengo|Gholdengo, L50|100/100
|turn|2
|
|t:|1756920483
|switch|p2b: Talonflame|Talonflame, L50, M|100/100
|move|p1a: Electabuzz|Follow Me|p1a: Electabuzz
|-singleturn|p1a: Electabuzz|move: Follow Me
|move|p1b: Gholdengo|Nasty Plot|p1b: Gholdengo
|-boost|p1b: Gholdengo|spa|2
|move|p2a: Ursaluna|Hyper Voice|p1b: Gholdengo|[spread] p1a,p1b
|-resisted|p1b: Gholdengo
|-damage|p1a: Electabuzz|17/100
|-damage|p1b: Gholdengo|69/100
|-damage|p2a: Ursaluna|11/100|[from] item: Life Orb
|
|-weather|Sandstorm|[upkeep]
|-damage|p2b: Talonflame|95/100|[from] Sandstorm
|-damage|p1a: Electabuzz|12/100|[from] Sandstorm
|-damage|p2a: Ursaluna|5/100|[from] Sandstorm
|upkeep
|turn|3
|
|t:|1756920500
|move|p2a: Ursaluna|Protect|p2a: Ursaluna
|-singleturn|p2a: Ursaluna|Protect
|move|p1a: Electabuzz|Follow Me|p1a: Electabuzz
|-singleturn|p1a: Electabuzz|move: Follow Me
|move|p2b: Talonflame|Tailwind|p2b: Talonflame
|-sidestart|p2: lewis94|move: Tailwind
|move|p1b: Gholdengo|Make It Rain|p2b: Talonflame|[spread] p2b
|-activate|p2a: Ursaluna|move: Protect
|-resisted|p2b: Talonflame
|-damage|p2b: Talonflame|17/100
|-unboost|p1b: Gholdengo|spa|1
|-damage|p1b: Gholdengo|59/100|[from] item: Life Orb
|
|-weather|Sandstorm|[upkeep]
|-damage|p2b: Talonflame|11/100|[from] Sandstorm
|-damage|p2a: Ursaluna|0 fnt|[from] Sandstorm
|-damage|p1a: Electabuzz|6/100|[from] Sandstorm
|faint|p2a: Ursaluna
|upkeep
|
|t:|1756920518
|switch|p2a: Tyranitar|Tyranitar, L50, M|29/100
|turn|4
|
|t:|1756920537
|move|p1b: Gholdengo|Protect|p1b: Gholdengo
|-singleturn|p1b: Gholdengo|Protect
|move|p2b: Talonflame|Flare Blitz|p1b: Gholdengo
|-activate|p1b: Gholdengo|move: Protect
|move|p2a: Tyranitar|Rock Slide|p1a: Electabuzz|[spread] p1a
|-activate|p1b: Gholdengo|move: Protect
|-damage|p1a: Electabuzz|0 fnt
|faint|p1a: Electabuzz
|
|-weather|Sandstorm|[upkeep]
|-damage|p2b: Talonflame|6/100|[from] Sandstorm
|upkeep
|
|t:|1756920542
|switch|p1a: Whimsicott|Whimsicott, L50, M|100/100
|turn|5
|
|t:|1756920559
|move|p1a: Whimsicott|Tailwind|p1a: Whimsicott
|-sidestart|p1: chamoy-pt2|move: Tailwind
|move|p2b: Talonflame|Flare Blitz|p1a: Whimsicott
|-supereffective|p1a: Whimsicott
|-damage|p1a: Whimsicott|14/100
|-damage|p2b: Talonflame|0 fnt|[from] Recoil
|faint|p2b: Talonflame
|move|p1b: Gholdengo|Make It Rain|p2a: Tyranitar
|-supereffective|p2a: Tyranitar
|-damage|p2a: Tyranitar|0 fnt
|-unboost|p1b: Gholdengo|spa|1
|faint|p2a: Tyranitar
|-damage|p1b: Gholdengo|49/100|[from] item: Life Orb
|
|-weather|none
|upkeep
|
|t:|1756920574
|switch|p2b: Sneasler|Sneasler, L50, F|100/100
|turn|6
|
|t:|1756920584
|move|p1b: Gholdengo|Protect|p1b: Gholdengo
|-singleturn|p1b: Gholdengo|Protect
|move|p2b: Sneasler|Throat Chop|p1b: Gholdengo
|-activate|p1b: Gholdengo|move: Protect
|move|p1a: Whimsicott|Moonblast|p2b: Sneasler
|-damage|p2b: Sneasler|65/100
|
|-sideend|p2: lewis94|move: Tailwind
|upkeep
|turn|7
|
|t:|1756920593
|move|p1a: Whimsicott|Moonblast|p2b: Sneasler
|-damage|p2b: Sneasler|28/100
|move|p1b: Gholdengo|Make It Rain|p2b: Sneasler
|-damage|p2b: Sneasler|0 fnt
|-unboost|p1b: Gholdengo|spa|1
|faint|p2b: Sneasler
|-damage|p1b: Gholdengo|40/100|[from] item: Life Orb
|
|win|chamoy-pt2
||chamoy-pt2 is ready for game 3.
||lewis94 is ready for game 3.
|uhtml|next|Next: Game 3 of 3
|l|☆chamoy-pt2
|player|p1|
