|j|☆LiamDerWeste
|j|☆Lindseyyy
|html|LiamDerWesteLindseyyy    
|uhtml|bestof|Game 3 of a best-of-3
|t:|1755575057
|gametype|doubles
|player|p1|LiamDerWeste|102|1126
|player|p2|Lindseyyy|rosa|1258
|gen|9
|tier|[Gen 9] VGC 2025 Reg H (Bo3)
|rated|
|rule|Species Clause: Limit one of each Pokémon
|rule|Item Clause: Limit 1 of each item
|clearpoke
|poke|p1|Amoonguss, L50, F|
|poke|p1|Incineroar, L50, M|
|poke|p1|Sneasler, L50, F|
|poke|p1|Dragonite, L50, M|
|poke|p1|Porygon2, L50|
|poke|p1|Gholdengo, L50|
|poke|p2|Hydreigon, L50, F|
|poke|p2|Garchomp, L50, M|
|poke|p2|Rotom-Heat, L50|
|poke|p2|Murkrow, L50, M|
|poke|p2|Amoonguss, L50, M|
|poke|p2|Gholdengo, L50|
|teampreview|4
|showteam|p1|Amoonguss||SitrusBerry|Regenerator|PollenPuff,Spore,RagePowder,Protect|||F|||50|,,,,,Fairy]Incineroar||SafetyGoggles|Intimidate|FlareBlitz,KnockOff,FakeOut,PartingShot|||M|||50|,,,,,Water]Sneasler||FocusSash|PoisonTouch|CloseCombat,DireClaw,Coaching,Protect|||F|||50|,,,,,Stellar]Dragonite||LoadedDice|Multiscale|ScaleShot,StompingTantrum,Encore,Protect|||M|||50|,,,,,Ground]Porygon2||Eviolite|Download|TeraBlast,IceBeam,TrickRoom,Recover||||||50|,,,,,Ground]Gholdengo||LifeOrb|GoodasGold|MakeItRain,ShadowBall,NastyPlot,Protect||||||50|,,,,,Water
|showteam|p2|Hydreigon||SafetyGoggles|Levitate|DracoMeteor,Snarl,Protect,EarthPower|||F|||50|,,,,,Ghost]Garchomp||ClearAmulet|RoughSkin|SwordsDance,StompingTantrum,ScaleShot,Protect|||M|||50|,,,,,Fire]Rotom-Heat||SitrusBerry|Levitate|Overheat,WillOWisp,Protect,Thunderbolt||||||50|,,,,,Grass]Murkrow||Eviolite|Prankster|Tailwind,Taunt,FoulPlay,FeatherDance|||M|||50|,,,,,Ghost]Amoonguss||RockyHelmet|Regenerator|RagePowder,Spore,PollenPuff,ClearSmog|||M|||50|,,,,,Fairy]Gholdengo||ChoiceSpecs|GoodasGold|MakeItRain,ShadowBall,PowerGem,Thunderbolt||||||50|,,,,,Steel
|inactive|Battle timer is ON: inactive players will automatically lose when time's up. (requested by Lindseyyy)
|inactive|LiamDerWeste has 60 seconds left.
|inactive|Lindseyyy has 60 seconds left.
|
|t:|1755575104
|teamsize|p1|4
|teamsize|p2|4
|start
|switch|p1a: Dragonite|Dragonite, L50, M|100/100
|switch|p1b: Sneasler|Sneasler, L50, F|100/100
|switch|p2a: Garchomp|Garchomp, L50, M|100/100
|switch|p2b: Murkrow|Murkrow, L50, M|100/100
|turn|1
|inactive|Lindseyyy has 30 seconds left.
|inactive|LiamDerWeste has 30 seconds left.
|
|t:|1755575143
|-terastallize|p2a: Garchomp|Fire
|-terastallize|p1a: Dragonite|Ground
|move|p2b: Murkrow|Feather Dance|p1a: Dragonite
|-unboost|p1a: Dragonite|atk|2
|move|p1b: Sneasler|Coaching|p1a: Dragonite
|-boost|p1a: Dragonite|atk|1
|-boost|p1a: Dragonite|def|1
|move|p2a: Garchomp|Swords Dance|p2a: Garchomp
|-boost|p2a: Garchomp|atk|2
|move|p1a: Dragonite|Scale Shot|p2a: Garchomp
|-damage|p2a: Garchomp|91/100
|-crit|p2a: Garchomp
|-damage|p2a: Garchomp|69/100
|-damage|p2a: Garchomp|60/100
|-damage|p2a: Garchomp|48/100
|-damage|p2a: Garchomp|38/100
|-hitcount|p2a: Garchomp|5
|-unboost|p1a: Dragonite|def|1
|-boost|p1a: Dragonite|spe|1
|
|upkeep
|turn|2
|inactive|LiamDerWeste has 30 seconds left.
|inactive|Lindseyyy has 30 seconds left.
|
|t:|1755575170
|move|p2a: Garchomp|Protect|p2a: Garchomp
|-singleturn|p2a: Garchomp|Protect
|move|p2b: Murkrow|Tailwind|p2b: Murkrow
|-sidestart|p2: Lindseyyy|move: Tailwind
|move|p1a: Dragonite|Scale Shot|p2a: Garchomp
|-activate|p2a: Garchomp|move: Protect
|move|p1b: Sneasler|Dire Claw|p2b: Murkrow
|-damage|p2b: Murkrow|48/100
|-status|p2b: Murkrow|par
|
|upkeep
|turn|3
|
|t:|1755575191
|move|p2a: Garchomp|Scale Shot|p1b: Sneasler
|-crit|p1b: Sneasler
|-damage|p1b: Sneasler|37/100
|-damage|p1b: Sneasler|0 fnt
|faint|p1b: Sneasler
|-hitcount|p1: Sneasler|2
|-unboost|p2a: Garchomp|def|1
|-boost|p2a: Garchomp|spe|1
|move|p1a: Dragonite|Scale Shot|p2a: Garchomp
|-damage|p2a: Garchomp|21/100
|-damage|p2a: Garchomp|6/100
|-damage|p2a: Garchomp|0 fnt
|faint|p2a: Garchomp
|-hitcount|p2: Garchomp|3
|-unboost|p1a: Dragonite|def|1
|-boost|p1a: Dragonite|spe|1
|move|p2b: Murkrow|Foul Play|p1a: Dragonite
|-damage|p1a: Dragonite|68/100
|
|upkeep
|
|t:|1755575204
|switch|p1b: Incineroar|Incineroar, L50, M|100/100
|switch|p2a: Amoonguss|Amoonguss, L50, M|100/100
|-ability|p1b: Incineroar|Intimidate|boost
|-unboost|p2a: Amoonguss|atk|1
|-unboost|p2b: Murkrow|atk|1
|turn|4
|
|t:|1755575218
|switch|p2a: Gholdengo|Gholdengo, L50|100/100
|move|p1b: Incineroar|Fake Out|p2a: Gholdengo
|-immune|p2a: Gholdengo
|move|p2b: Murkrow|Feather Dance|p1a: Dragonite
|-unboost|p1a: Dragonite|atk|2
|move|p1a: Dragonite|Scale Shot|p2b: Murkrow
|-damage|p2b: Murkrow|41/100 par
|-damage|p2b: Murkrow|33/100 par
|-damage|p2b: Murkrow|26/100 par
|-damage|p2b: Murkrow|18/100 par
|-hitcount|p2b: Murkrow|4
|-unboost|p1a: Dragonite|def|1
|-boost|p1a: Dragonite|spe|1
|
|upkeep
|turn|5
|
|t:|1755575238
|switch|p2b: Amoonguss|Amoonguss, L50, M|100/100
|move|p1a: Dragonite|Protect|p1a: Dragonite
|-singleturn|p1a: Dragonite|Protect
|move|p2a: Gholdengo|Power Gem|p1b: Incineroar
|-supereffective|p1b: Incineroar
|-damage|p1b: Incineroar|37/100
|move|p1b: Incineroar|Flare Blitz|p2a: Gholdengo
|-supereffective|p2a: Gholdengo
|-damage|p2a: Gholdengo|4/100
|-damage|p1b: Incineroar|10/100|[from] Recoil
|
|-sideend|p2: Lindseyyy|move: Tailwind
|upkeep
|turn|6
|
|t:|1755575256
|switch|p2a: Murkrow|Murkrow, L50, M|18/100 par
|switch|p1b: Amoonguss|Amoonguss, L50, F|100/100
|move|p1a: Dragonite|Scale Shot|p2a: Murkrow
|-damage|p2a: Murkrow|11/100 par
|-damage|p2a: Murkrow|3/100 par
|-damage|p2a: Murkrow|0 fnt
|faint|p2a: Murkrow
|-hitcount|p2: Murkrow|3
|-unboost|p1a: Dragonite|def|1
|-boost|p1a: Dragonite|spe|1
|move|p2b: Amoonguss|Spore|p1a: Dragonite
|-status|p1a: Dragonite|slp|[from] move: Spore
|
|upkeep
|
|t:|1755575262
|switch|p2a: Gholdengo|Gholdengo, L50|4/100
|turn|7
|
|t:|1755575273
|cant|p1a: Dragonite|slp
|move|p2a: Gholdengo|Make It Rain|p1b: Amoonguss|[spread] p1a,p1b
|-damage|p1a: Dragonite|0 fnt
|-damage|p1b: Amoonguss|36/100
|-unboost|p2a: Gholdengo|spa|1
|-enditem|p1b: Amoonguss|Sitrus Berry|[eat]
|-heal|p1b: Amoonguss|61/100|[from] item: Sitrus Berry
|faint|p1a: Dragonite
|move|p1b: Amoonguss|Pollen Puff|p2a: Gholdengo
|-resisted|p2a: Gholdengo
|-damage|p2a: Gholdengo|0 fnt
|faint|p2a: Gholdengo
|move|p2b: Amoonguss|Pollen Puff|p2: Gholdengo|[notarget]
|-fail|p2b: Amoonguss
|
|upkeep
|
|t:|1755575275
|switch|p1a: Incineroar|Incineroar, L50, M|10/100
|-ability|p1a: Incineroar|Intimidate|boost
|-unboost|p2b: Amoonguss|atk|1
|turn|8
|-message|Lindseyyy forfeited.
|
|win|LiamDerWeste
|raw|LiamDerWeste's rating: 1126 → 1160(+34 for winning)
|raw|Lindseyyy's rating: 1258 → 1224(-34 for losing)
|l|☆Lindseyyy
|player|p2|
|l|☆LiamDerWeste
|player|p1|
|j|☆LiamDerWeste
|player|p1|LiamDerWeste|102|
