|j|☆naibot2814
|j|☆lordtentacle69
|html|naibot2814lordtentacle69    
|uhtml|bestof|Game 1 of a best-of-3
|t:|1784694082
|gametype|doubles
|player|p1|naibot2814|colress|1246
|player|p2|lordtentacle69|corbeau|1394
|gen|9
|tier|[Gen 9 Champions] VGC 2026 Reg M-B (Bo3)
|rated|
|rule|Species Clause: Limit one of each Pokémon
|rule|Item Clause: Limit 1 of each item
|clearpoke
|poke|p1|Charizard, L50, M|
|poke|p1|Whimsicott, L50, F|
|poke|p1|Kingambit, L50, M, shiny|
|poke|p1|Basculegion, L50, M|
|poke|p1|Garchomp, L50, M, shiny|
|poke|p1|Floette-Eternal, L50, F|
|poke|p2|Delphox, L50, M|
|poke|p2|Incineroar, L50, M|
|poke|p2|Maushold-Four, L50|
|poke|p2|Sinistcha, L50|
|poke|p2|Sneasler, L50, F|
|poke|p2|Blastoise, L50, M|
|teampreview|4
|showteam|p1|Charizard||CharizarditeY|Blaze|HeatWave,WeatherBall,SolarBeam,Protect|Modest||M|||50|]Whimsicott||FocusSash|Prankster|Protect,Moonblast,Encore,Tailwind|Timid||F|||50|]Kingambit||BlackGlasses|Defiant|KowtowCleave,SuckerPunch,IronHead,Protect|Adamant||M|||50|]Basculegion||MysticWater|Adaptability|WaveCrash,LastRespects,AquaJet,Protect|Adamant||M|||50|]Garchomp||LifeOrb|RoughSkin|Earthquake,RockSlide,DragonClaw,Protect|Jolly||M|||50|]Floette-Eternal||Floettite|FlowerVeil|Moonblast,DazzlingGleam,LightofRuin,Protect|Modest||F|||50|
|showteam|p2|Delphox||Delphoxite|Blaze|HeatWave,Psychic,NastyPlot,Protect|Timid||M|||50|]Incineroar||SitrusBerry|Intimidate|FakeOut,PartingShot,FlareBlitz,ThroatChop|Impish||M|||50|]Maushold-Four||ChopleBerry|FriendGuard|Feint,HelpingHand,Protect,FollowMe|Impish|||||50|]Sinistcha||KasibBerry|Hospitality|Protect,MatchaGotcha,TrickRoom,RagePowder|Bold|||||50|]Sneasler||FocusSash|PoisonTouch|CloseCombat,PoisonJab,QuickGuard,FakeOut|Adamant||F|||50|]Blastoise||Blastoisinite|RainDish|Protect,WaterSpout,DarkPulse,ShellSmash|Modest||M|||50|
|
|t:|1784694105
|teamsize|p1|4
|teamsize|p2|4
|start
|switch|p1a: Charizard|Charizard, L50, M|100/100
|switch|p1b: Garchomp|Garchomp, L50, M, shiny|100/100
|switch|p2a: Delphox|Delphox, L50, M|100/100
|switch|p2b: Gochujang|Incineroar, L50, M|100/100
|-ability|p2b: Gochujang|Intimidate|boost
|-unboost|p1a: Charizard|atk|1
|-unboost|p1b: Garchomp|atk|1
|turn|1
|
|t:|1784694121
|detailschange|p2a: Delphox|Delphox-Mega, L50, M
|-mega|p2a: Delphox|Delphox|Delphoxite
|detailschange|p1a: Charizard|Charizard-Mega-Y, L50, M
|-mega|p1a: Charizard|Charizard|Charizardite Y
|-weather|SunnyDay|[from] ability: Drought|[of] p1a: Charizard
|move|p2a: Delphox|Nasty Plot|p2a: Delphox
|-boost|p2a: Delphox|spa|2
|move|p1b: Garchomp|Rock Slide|p2a: Delphox|[spread] p2a,p2b
|-supereffective|p2a: Delphox|1
|-supereffective|p2b: Gochujang|1
|-damage|p2a: Delphox|62/100
|-damage|p2b: Gochujang|72/100
|-damage|p1b: Garchomp|90/100|[from] item: Life Orb
|move|p1a: Charizard|Weather Ball|p2a: Delphox
|-resisted|p2a: Delphox|1
|-damage|p2a: Delphox|22/100
|cant|p2b: Gochujang|flinch
|
|-weather|SunnyDay|[upkeep]
|upkeep
|turn|2
|
|t:|1784694153
|switch|p2b: Green Day|Sinistcha, L50|100/100
|-heal|p2a: Delphox|47/100|[from] ability: Hospitality|[of] p2b: Green Day
|move|p2a: Delphox|Protect|p2a: Delphox
|-singleturn|p2a: Delphox|Protect
|move|p1b: Garchomp|Earthquake|p2b: Green Day|[spread] p2b
|-activate|p2a: Delphox|move: Protect
|-immune|p1a: Charizard
|-resisted|p2b: Green Day|1
|-damage|p2b: Green Day|87/100
|-damage|p1b: Garchomp|80/100|[from] item: Life Orb
|move|p1a: Charizard|Heat Wave|p2b: Green Day|[spread] p2b
|-activate|p2a: Delphox|move: Protect
|-supereffective|p2b: Green Day|1
|-damage|p2b: Green Day|0 fnt
|faint|p2b: Green Day
|
|-weather|SunnyDay|[upkeep]
|upkeep
|
|t:|1784694167
|switch|p2b: Gochujang|Incineroar, L50, M|72/100
|-ability|p2b: Gochujang|Intimidate|boost
|-unboost|p1a: Charizard|atk|1
|-unboost|p1b: Garchomp|atk|1
|turn|3
|
|t:|1784694177
|switch|p1b: Whimsicott|Whimsicott, L50, F|100/100
|move|p1a: Charizard|Protect|p1a: Charizard
|-singleturn|p1a: Charizard|Protect
|move|p2b: Gochujang|Fake Out|p1a: Charizard
|-activate|p1a: Charizard|move: Protect
|move|p2a: Delphox|Psychic|p1b: Whimsicott
|-enditem|p1b: Whimsicott|Focus Sash
|-damage|p1b: Whimsicott|1/100
|
|-weather|SunnyDay|[upkeep]
|upkeep
|turn|4
|
|t:|1784694192
|move|p2a: Delphox|Heat Wave|p1a: Charizard|[spread] p1a,p1b
|-resisted|p1a: Charizard|1
|-supereffective|p1b: Whimsicott|1
|-damage|p1a: Charizard|54/100
|-damage|p1b: Whimsicott|0 fnt
|faint|p1b: Whimsicott
|move|p1a: Charizard|Weather Ball|p2b: Gochujang
|-resisted|p2b: Gochujang|1
|-damage|p2b: Gochujang|37/100
|-enditem|p2b: Gochujang|Sitrus Berry|[eat]
|-heal|p2b: Gochujang|61/100|[from] item: Sitrus Berry
|move|p2b: Gochujang|Parting Shot|p1a: Charizard
|-unboost|p1a: Charizard|atk|1
|-unboost|p1a: Charizard|spa|1
|
|t:|1784694204
|switch|p2b: MMCH|Maushold-Four, L50|100/100|[from] Parting Shot
|
|-weather|SunnyDay|[upkeep]
|upkeep
|
|t:|1784694213
|switch|p1b: Garchomp|Garchomp, L50, M, shiny|80/100
|turn|5
|
|t:|1784694224
|move|p2b: MMCH|Feint|p1b: Garchomp
|-damage|p1b: Garchomp|72/100
|move|p2a: Delphox|Psychic|p1b: Garchomp
|-damage|p1b: Garchomp|0 fnt
|faint|p1b: Garchomp
|move|p1a: Charizard|Heat Wave|p2b: MMCH|[spread] p2a,p2b
|-resisted|p2a: Delphox|1
|-damage|p2a: Delphox|32/100
|-damage|p2b: MMCH|51/100
|-status|p2b: MMCH|brn
|
|-weather|none
|-damage|p2b: MMCH|45/100 brn|[from] brn
|upkeep
|
|t:|1784694228
|switch|p1b: Kingambit|Kingambit, L50, M, shiny|100/100
|turn|6
|
|t:|1784694261
|move|p2b: MMCH|Follow Me|p2b: MMCH
|-singleturn|p2b: MMCH|move: Follow Me
|move|p1b: Kingambit|Sucker Punch||[still]
|-fail|p1b: Kingambit
|move|p2a: Delphox|Psychic|p1a: Charizard
|-damage|p1a: Charizard|0 fnt
|faint|p1a: Charizard
|
|-damage|p2b: MMCH|39/100 brn|[from] brn
|upkeep
|turn|7
|-message|naibot2814 forfeited.
|
|win|lordtentacle69
|l|☆naibot2814
|player|p1|
||naibot2814 is ready for game 2.
||lordtentacle69 is ready for game 2.
|uhtml|next|Next: Game 2 of 3
