|j|☆felasmiguel
|j|☆panqueca25
|html|felasmiguelpanqueca25    
|uhtml|bestof|Game 3 of a best-of-3
|t:|1757736721
|gametype|doubles
|player|p1|felasmiguel|chuck|1092
|player|p2|panqueca25|1|1224
|gen|9
|tier|[Gen 9] VGC 2025 Reg H (Bo3)
|rated|
|rule|Species Clause: Limit one of each Pokémon
|rule|Item Clause: Limit 1 of each item
|clearpoke
|poke|p1|Gliscor, L50, F|
|poke|p1|Breloom, L50, M|
|poke|p1|Talonflame, L50, M|
|poke|p1|Milotic, L50, F|
|poke|p1|Dragapult, L50, M|
|poke|p1|Weavile, L50, M|
|poke|p2|Gholdengo, L50|
|poke|p2|Incineroar, L50, F|
|poke|p2|Porygon2, L50|
|poke|p2|Ursaluna, L50, F|
|poke|p2|Clefable, L50, F|
|poke|p2|Primarina, L50, F|
|teampreview|4
|showteam|p1|Gliscor||ToxicOrb|PoisonHeal|SwordsDance,DualWingbeat,HighHorsepower,Protect|||F|||50|,,,,,Water]Breloom||LoadedDice|Technician|Spore,MachPunch,BulletSeed,Protect|||M|||50|,,,,,Grass]Talonflame||CovertCloak|GaleWings|Tailwind,FlareBlitz,BraveBird,Taunt|||M|||50|,,,,,Flying]Milotic||AdrenalineOrb|Competitive|Scald,IceBeam,Haze,Protect|||F|||50|,,,,,Poison]Dragapult||ChoiceSpecs|Infiltrator|DracoMeteor,Thunderbolt,ShadowBall,Flamethrower|||M|||50|,,,,,Ghost]Weavile||FocusSash|Pickpocket|KnockOff,IceSpinner,LowKick,Protect|||M|||50|,,,,,Dark
|showteam|p2|Gholdengo||Leftovers|GoodasGold|MakeItRain,ShadowBall,NastyPlot,Protect||||||50|,,,,,Water]Incineroar||SafetyGoggles|Intimidate|FlareBlitz,KnockOff,PartingShot,FakeOut|||F|||50|,,,,,Ghost]Porygon2||Eviolite|Download|TeraBlast,IceBeam,TrickRoom,Recover||||||50|,,,,,Fighting]Ursaluna||FlameOrb|Guts|Facade,HeadlongRush,Earthquake,Protect|||F|||50|,,,,,Ghost]Clefable||RockyHelmet|Unaware|Moonblast,FollowMe,Encore,Protect|||F|||50|,,,,,Ghost]Primarina||SitrusBerry|LiquidVoice|HyperVoice,Moonblast,Haze,Protect|||F|||50|,,,,,Poison
|inactive|Battle timer is ON: inactive players will automatically lose when time's up. (requested by panqueca25)
|inactive|panqueca25 has 60 seconds left.
|inactive|felasmiguel has 60 seconds left.
|
|t:|1757736781
|teamsize|p1|4
|teamsize|p2|4
|start
|switch|p1a: Breloom|Breloom, L50, M|100/100
|switch|p1b: Gliscor|Gliscor, L50, F|100/100
|switch|p2a: Clefable|Clefable, L50, F|100/100
|switch|p2b: Porygon2|Porygon2, L50, shiny|100/100
|-ability|p2b: Porygon2|Download|boost
|-boost|p2b: Porygon2|spa|1
|turn|1
|
|t:|1757736796
|move|p2a: Clefable|Follow Me|p2a: Clefable
|-singleturn|p2a: Clefable|move: Follow Me
|move|p1b: Gliscor|Swords Dance|p1b: Gliscor
|-boost|p1b: Gliscor|atk|2
|move|p1a: Breloom|Spore|p2a: Clefable
|-status|p2a: Clefable|slp|[from] move: Spore
|move|p2b: Porygon2|Trick Room|p2b: Porygon2
|-fieldstart|move: Trick Room|[of] p2b: Porygon2
|
|-status|p1b: Gliscor|tox|[from] item: Toxic Orb
|upkeep
|turn|2
|
|t:|1757736814
|-terastallize|p1b: Gliscor|Water
|move|p2b: Porygon2|Ice Beam|p1a: Breloom
|-supereffective|p1a: Breloom
|-damage|p1a: Breloom|0 fnt
|faint|p1a: Breloom
|cant|p2a: Clefable|slp
|move|p1b: Gliscor|Swords Dance|p1b: Gliscor
|-boost|p1b: Gliscor|atk|2
|
|upkeep
|
|t:|1757736821
|switch|p1a: Weavile|Weavile, L50, M|100/100
|turn|3
|
|t:|1757736836
|switch|p2a: Incineroar|Incineroar, L50, F, shiny|100/100
|-ability|p2a: Incineroar|Intimidate|boost
|-unboost|p1a: Weavile|atk|1
|-unboost|p1b: Gliscor|atk|1
|-terastallize|p2b: Porygon2|Fighting
|move|p1b: Gliscor|Protect|p1b: Gliscor
|-singleturn|p1b: Gliscor|Protect
|move|p1a: Weavile|Protect|p1a: Weavile
|-singleturn|p1a: Weavile|Protect
|move|p2b: Porygon2|Tera Blast|p1a: Weavile|[anim] Tera Blast Fighting
|-activate|p1a: Weavile|move: Protect
|
|upkeep
|turn|4
|
|t:|1757736843
|switch|p1a: Dragapult|Dragapult, L50, M|100/100
|move|p2b: Porygon2|Tera Blast|p1a: Dragapult|[anim] Tera Blast Fighting
|-immune|p1a: Dragapult
|move|p2a: Incineroar|Parting Shot|p1b: Gliscor
|-unboost|p1b: Gliscor|atk|1
|-unboost|p1b: Gliscor|spa|1
|
|t:|1757736846
|switch|p2a: Ursaluna|Ursaluna, L50, F|100/100|[from] Parting Shot
|move|p1b: Gliscor|Swords Dance|p1b: Gliscor
|-boost|p1b: Gliscor|atk|2
|
|-status|p2a: Ursaluna|brn|[from] item: Flame Orb
|upkeep
|turn|5
|
|t:|1757736856
|switch|p2b: Incineroar|Incineroar, L50, F, shiny|100/100
|-ability|p2b: Incineroar|Intimidate|boost
|-unboost|p1a: Dragapult|atk|1
|-unboost|p1b: Gliscor|atk|1
|switch|p1a: Weavile|Weavile, L50, M|100/100
|move|p1b: Gliscor|Protect|p1b: Gliscor
|-singleturn|p1b: Gliscor|Protect
|move|p2a: Ursaluna|Headlong Rush|p1a: Weavile
|-crit|p1a: Weavile
|-enditem|p1a: Weavile|Focus Sash
|-damage|p1a: Weavile|1/100
|-unboost|p2a: Ursaluna|def|1
|-unboost|p2a: Ursaluna|spd|1
|-enditem|p2a: Ursaluna|Flame Orb|[silent]|[from] ability: Pickpocket|[of] p2a: Ursaluna
|-item|p1a: Weavile|Flame Orb|[from] ability: Pickpocket|[of] p2a: Ursaluna
|
|-damage|p2a: Ursaluna|95/100 brn|[from] brn
|-fieldend|move: Trick Room
|-status|p1a: Weavile|brn|[from] item: Flame Orb
|upkeep
|turn|6
|inactive|felasmiguel has 30 seconds left.
|
|t:|1757736888
|move|p1b: Gliscor|Protect||[still]
|-fail|p1b: Gliscor
|move|p2b: Incineroar|Fake Out|p1b: Gliscor
|-damage|p1b: Gliscor|89/100 tox
|move|p1a: Weavile|Knock Off|p2a: Ursaluna
|-damage|p2a: Ursaluna|77/100 brn
|move|p2a: Ursaluna|Facade|p1b: Gliscor
|-damage|p1b: Gliscor|0 fnt
|faint|p1b: Gliscor
|
|-damage|p1a: Weavile|0 fnt|[from] brn
|faint|p1a: Weavile
|-damage|p2a: Ursaluna|71/100 brn|[from] brn
|upkeep
|-message|felasmiguel forfeited.
|
|win|panqueca25
|raw|felasmiguel's rating: 1092 → 1077(-15 for losing)
|raw|panqueca25's rating: 1224 → 1240(+16 for winning)
|l|☆felasmiguel
|player|p1|
|l|☆panqueca25
|player|p2|
