|j|☆Huntail_Biden711
|j|☆EDJPP
|html|Huntail_Biden711EDJPP    
|uhtml|bestof|Game 2 of a best-of-3
|t:|1783429968
|gametype|doubles
|player|p1|Huntail_Biden711|blue|1057
|player|p2|EDJPP|volkner|1093
|gen|9
|tier|[Gen 9 Champions] VGC 2026 Reg M-B (Bo3)
|rated|
|rule|Species Clause: Limit one of each Pokémon
|rule|Item Clause: Limit 1 of each item
|clearpoke
|poke|p1|Liepard, L50, M|
|poke|p1|Staraptor, L50, F|
|poke|p1|Glimmora, L50, M|
|poke|p1|Basculegion, L50, M|
|poke|p1|Venusaur, L50, F|
|poke|p1|Whimsicott, L50, M|
|poke|p2|Charizard, L50, F|
|poke|p2|Venusaur, L50, M|
|poke|p2|Basculegion, L50, M|
|poke|p2|Farigiraf, L50, F|
|poke|p2|Typhlosion-Hisui, L50, F|
|poke|p2|Sneasler, L50, M|
|teampreview|4
|showteam|p1|Liepard||IronBall|Prankster|Encore,Copycat,FakeOut,Trick|Careful||M|||50|]Staraptor||Staraptite|Intimidate|CloseCombat,BraveBird,Protect,Roost|Impish||F|||50|]Glimmora||Glimmoranite|ToxicDebris|SludgeBomb,PowerGem,EarthPower,SpikyShield|Bold||M|||50|]Basculegion||LifeOrb|SwiftSwim|AquaJet,WaveCrash,LastRespects,Protect|Adamant||M|||50|]Venusaur||Leftovers|Chlorophyll|SludgeBomb,EnergyBall,SleepPowder,Protect|Modest||F|||50|]Whimsicott||FocusSash|Prankster|Tickle,FakeTears,Moonblast,Tailwind|Bold||M|||50|
|showteam|p2|Charizard||CharizarditeY|SolarPower|HeatWave,SolarBeam,WeatherBall,Protect|Modest||F|||50|]Venusaur||Venusaurite|Chlorophyll|GigaDrain,SludgeBomb,EarthPower,SleepPowder|Modest||M|||50|]Basculegion||MysticWater|Adaptability|WaveCrash,AquaJet,LastRespects,Protect|Adamant||M|||50|]Farigiraf||FocusSash|ArmorTail|Roar,Psychic,Thunderbolt,Protect|Modest||F|||50|]Typhlosion-Hisui||ChoiceScarf|Blaze|Eruption,HeatWave,Overheat,InfernalParade|Timid||F|||50|]Sneasler||WhiteHerb|Unburden|FakeOut,Protect,DireClaw,CloseCombat|Jolly||M|||50|
|inactive|Battle timer is ON: inactive players will automatically lose when time's up. (requested by EDJPP)
|inactive|EDJPP has 60 seconds left.
|inactive|Huntail_Biden711 has 60 seconds left.
|
|t:|1783430022
|teamsize|p1|4
|teamsize|p2|4
|start
|switch|p1a: Glimmora|Glimmora, L50, M|100/100
|switch|p1b: Whimsicott|Whimsicott, L50, M|100/100
|switch|p2a: Charizard|Charizard, L50, F|100/100
|switch|p2b: Sneasler|Sneasler, L50, M|100/100
|turn|1
|inactive|Huntail_Biden711 has 30 seconds left.
|
|t:|1783430054
|switch|p1b: Staraptor|Staraptor, L50, F|100/100
|-ability|p1b: Staraptor|Intimidate|boost
|-unboost|p2a: Charizard|atk|1
|-unboost|p2b: Sneasler|atk|1
|-enditem|p2b: Sneasler|White Herb
|-clearnegativeboost|p2b: Sneasler|[silent]
|move|p2a: Charizard|Protect|p2a: Charizard
|-singleturn|p2a: Charizard|Protect
|move|p2b: Sneasler|Dire Claw|p1b: Staraptor
|-damage|p1b: Staraptor|51/100
|move|p1a: Glimmora|Power Gem|p2a: Charizard
|-activate|p2a: Charizard|move: Protect
|
|upkeep
|turn|2
|
|t:|1783430075
|switch|p2a: Basculegion|Basculegion, L50, M|100/100
|switch|p1b: Venusaur|Venusaur, L50, F|100/100
|move|p2b: Sneasler|Close Combat|p1a: Glimmora
|-damage|p1a: Glimmora|50/100g
|-unboost|p2b: Sneasler|def|1
|-unboost|p2b: Sneasler|spd|1
|-activate|p1a: Glimmora|ability: Toxic Debris
|-sidestart|p2: EDJPP|move: Toxic Spikes
|move|p1a: Glimmora|Power Gem|p2a: Basculegion
|-damage|p2a: Basculegion|64/100
|
|upkeep
|turn|3
|
|t:|1783430098
|move|p1a: Glimmora|Spiky Shield|p1a: Glimmora
|-singleturn|p1a: Glimmora|move: Protect
|move|p2a: Basculegion|Aqua Jet|p1a: Glimmora
|-activate|p1a: Glimmora|move: Protect
|-damage|p2a: Basculegion|52/100|[from] Spiky Shield|[of] p1a: Glimmora
|move|p2b: Sneasler|Dire Claw|p1b: Venusaur
|-damage|p1b: Venusaur|54/100
|move|p1b: Venusaur|Sleep Powder|p2b: Sneasler|[miss]
|-miss|p1b: Venusaur|p2b: Sneasler
|
|-heal|p1b: Venusaur|60/100|[from] item: Leftovers
|upkeep
|turn|4
|
|t:|1783430120
|switch|p1a: Staraptor|Staraptor, L50, F|51/100
|-ability|p1a: Staraptor|Intimidate|boost
|-unboost|p2a: Basculegion|atk|1
|-unboost|p2b: Sneasler|atk|1
|move|p2a: Basculegion|Aqua Jet|p1a: Staraptor
|-damage|p1a: Staraptor|25/100
|move|p2b: Sneasler|Dire Claw|p1b: Venusaur
|-damage|p1b: Venusaur|29/100
|move|p1b: Venusaur|Energy Ball|p2a: Basculegion
|-supereffective|p2a: Basculegion|1
|-damage|p2a: Basculegion|0 fnt
|faint|p2a: Basculegion
|
|-heal|p1b: Venusaur|35/100|[from] item: Leftovers
|upkeep
|
|t:|1783430135
|switch|p2a: Venusaur|Venusaur, L50, M|100/100
|-sideend|p2: EDJPP|move: Toxic Spikes|[of] p2a: Venusaur
|turn|5
|
|t:|1783430150
|move|p1a: Staraptor|Protect|p1a: Staraptor
|-singleturn|p1a: Staraptor|Protect
|move|p2b: Sneasler|Close Combat|p1a: Staraptor
|-activate|p1a: Staraptor|move: Protect
|move|p2a: Venusaur|Sludge Bomb|p1b: Venusaur
|-damage|p1b: Venusaur|0 fnt
|faint|p1b: Venusaur
|
|upkeep
|
|t:|1783430159
|switch|p1b: Whimsicott|Whimsicott, L50, M|100/100
|turn|6
|inactive|Huntail_Biden711 has 30 seconds left.
|
|t:|1783430185
|move|p1b: Whimsicott|Tailwind|p1b: Whimsicott
|-sidestart|p1: Huntail_Biden711|move: Tailwind
|move|p2b: Sneasler|Close Combat|p1a: Staraptor
|-damage|p1a: Staraptor|0 fnt
|-unboost|p2b: Sneasler|def|1
|-unboost|p2b: Sneasler|spd|1
|faint|p1a: Staraptor
|move|p2a: Venusaur|Sludge Bomb|p1b: Whimsicott
|-supereffective|p1b: Whimsicott|2
|-enditem|p1b: Whimsicott|Focus Sash
|-damage|p1b: Whimsicott|1/100
|-status|p1b: Whimsicott|psn
|
|-damage|p1b: Whimsicott|0 fnt|[from] psn
|faint|p1b: Whimsicott
|upkeep
|-message|Huntail_Biden711 forfeited.
|
|win|EDJPP
|raw|Huntail_Biden711's rating: 1057 → 1040(-17 for losing)
|raw|EDJPP's rating: 1093 → 1116(+23 for winning)
|l|☆Huntail_Biden711
|player|p1|
