|j|☆zefhkb505
|j|☆lordtentacle69
|html|zefhkb505lordtentacle69    
|uhtml|bestof|Game 3 of a best-of-3
|t:|1783744256
|gametype|doubles
|player|p1|zefhkb505|hilbert|1260
|player|p2|lordtentacle69|corbeau|1317
|gen|9
|tier|[Gen 9 Champions] VGC 2026 Reg M-B (Bo3)
|rated|
|rule|Species Clause: Limit one of each Pokémon
|rule|Item Clause: Limit 1 of each item
|clearpoke
|poke|p1|Azumarill, L50, F|
|poke|p1|Sinistcha, L50|
|poke|p1|Farigiraf, L50, M|
|poke|p1|Pelipper, L50, F|
|poke|p1|Tinkaton, L50, F|
|poke|p1|Raichu, L50, F|
|poke|p2|Delphox, L50, F|
|poke|p2|Incineroar, L50, F|
|poke|p2|Maushold-Four, L50|
|poke|p2|Sinistcha, L50|
|poke|p2|Sneasler, L50, F|
|poke|p2|Blastoise, L50, M|
|teampreview|4
|showteam|p1|Azumarill||SitrusBerry|HugePower|BellyDrum,AquaJet,PlayRough,Protect|Adamant||F|||50|]Sinistcha||CobaBerry|Hospitality|RagePowder,MatchaGotcha,TrickRoom,LifeDew|Relaxed|||||50|]Farigiraf||ColburBerry|ArmorTail|TwinBeam,TrickRoom,LightScreen,HyperVoice|Quiet||M|||50|]Pelipper||LifeOrb|Drizzle|Hurricane,WeatherBall,Roost,WideGuard|Modest||F|||50|]Tinkaton||FocusSash|MoldBreaker|FakeOut,GigatonHammer,SkillSwap,KnockOff|Jolly||F|||50|]Raichu||RaichuniteY|LightningRod|FakeOut,FocusBlast,ZapCannon,Protect|Timid||F|||50|
|showteam|p2|Delphox||Delphoxite|Blaze|HeatWave,Psychic,NastyPlot,Protect|Timid||F|||50|]Incineroar||SitrusBerry|Intimidate|FakeOut,PartingShot,FlareBlitz,ThroatChop|Impish||F|||50|]Maushold-Four||ChopleBerry|FriendGuard|Feint,HelpingHand,Protect,FollowMe|Impish|||||50|]Sinistcha||KasibBerry|Hospitality|Protect,MatchaGotcha,TrickRoom,RagePowder|Bold|||||50|]Sneasler||FocusSash|PoisonTouch|CloseCombat,PoisonJab,QuickGuard,FakeOut|Adamant||F|||50|]Blastoise||Blastoisinite|RainDish|Protect,WaterSpout,DarkPulse,ShellSmash|Modest||M|||50|
|
|t:|1783744285
|teamsize|p1|4
|teamsize|p2|4
|start
|switch|p1a: Pelipper|Pelipper, L50, F|100/100
|switch|p1b: Azumarill|Azumarill, L50, F|100/100
|switch|p2a: Brent|Blastoise, L50, M|100/100
|switch|p2b: Green Day|Sinistcha, L50|100/100
|-weather|RainDance|[from] ability: Drizzle|[of] p1a: Pelipper
|turn|1
|
|t:|1783744301
|detailschange|p2a: Brent|Blastoise-Mega, L50, M
|-mega|p2a: Brent|Blastoise|Blastoisinite
|move|p2b: Green Day|Rage Powder|p2b: Green Day
|-singleturn|p2b: Green Day|move: Rage Powder
|move|p2a: Brent|Shell Smash|p2a: Brent
|-unboost|p2a: Brent|def|1
|-unboost|p2a: Brent|spd|1
|-boost|p2a: Brent|atk|2
|-boost|p2a: Brent|spa|2
|-boost|p2a: Brent|spe|2
|move|p1a: Pelipper|Hurricane|p2b: Green Day
|-supereffective|p2b: Green Day|1
|-damage|p2b: Green Day|0 fnt
|faint|p2b: Green Day
|-damage|p1a: Pelipper|90/100|[from] item: Life Orb
|move|p1b: Azumarill|Play Rough|p2a: Brent
|-damage|p2a: Brent|15/100
|
|-weather|RainDance|[upkeep]
|upkeep
|
|t:|1783744318
|switch|p2b: Sarahn's OC|Sneasler, L50, F|100/100
|turn|2
|
|t:|1783744325
|switch|p1a: Sinistcha|Sinistcha, L50|100/100
|move|p1b: Azumarill|Protect|p1b: Azumarill
|-singleturn|p1b: Azumarill|Protect
|move|p2b: Sarahn's OC|Fake Out|p1b: Azumarill
|-activate|p1b: Azumarill|move: Protect
|move|p2a: Brent|Dark Pulse|p1a: Sinistcha
|-supereffective|p1a: Sinistcha|1
|-damage|p1a: Sinistcha|0 fnt
|faint|p1a: Sinistcha
|
|-weather|RainDance|[upkeep]
|upkeep
|
|t:|1783744336
|switch|p1a: Raichu|Raichu, L50, F|100/100
|turn|3
|
|t:|1783744348
|switch|p2b: MMCH|Maushold-Four, L50|100/100
|detailschange|p1a: Raichu|Raichu-Mega-Y, L50, F
|-mega|p1a: Raichu|Raichu|Raichunite Y
|move|p2a: Brent|Protect|p2a: Brent
|-singleturn|p2a: Brent|Protect
|move|p1a: Raichu|Fake Out|p2b: MMCH
|-damage|p2b: MMCH|91/100
|move|p1b: Azumarill|Aqua Jet|p2a: Brent
|-activate|p2a: Brent|move: Protect
|
|-weather|RainDance|[upkeep]
|upkeep
|turn|4
|
|t:|1783744369
|move|p1a: Raichu|Protect|p1a: Raichu
|-singleturn|p1a: Raichu|Protect
|move|p2b: MMCH|Follow Me|p2b: MMCH
|-singleturn|p2b: MMCH|move: Follow Me
|move|p2a: Brent|Dark Pulse|p1b: Azumarill
|-resisted|p1b: Azumarill|1
|-damage|p1b: Azumarill|53/100
|move|p1b: Azumarill|Play Rough|p2b: MMCH
|-damage|p2b: MMCH|37/100
|
|-weather|RainDance|[upkeep]
|upkeep
|turn|5
|
|t:|1783744382
|switch|p1a: Pelipper|Pelipper, L50, F|90/100
|move|p2b: MMCH|Follow Me|p2b: MMCH
|-singleturn|p2b: MMCH|move: Follow Me
|move|p1b: Azumarill|Aqua Jet|p2b: MMCH
|-damage|p2b: MMCH|0 fnt
|faint|p2b: MMCH
|move|p2a: Brent|Dark Pulse|p1a: Pelipper
|-damage|p1a: Pelipper|0 fnt
|faint|p1a: Pelipper
|
|-weather|none
|upkeep
|
|t:|1783744392
|switch|p2b: Sarahn's OC|Sneasler, L50, F|100/100
|switch|p1a: Raichu|Raichu-Mega-Y, L50, F|100/100
|turn|6
|
|t:|1783744400
|move|p2a: Brent|Protect|p2a: Brent
|-singleturn|p2a: Brent|Protect
|move|p1a: Raichu|Fake Out|p2b: Sarahn's OC
|-damage|p2b: Sarahn's OC|85/100
|cant|p2b: Sarahn's OC|flinch
|move|p1b: Azumarill|Aqua Jet|p2a: Brent
|-activate|p2a: Brent|move: Protect
|
|upkeep
|turn|7
|
|t:|1783744419
|move|p2b: Sarahn's OC|Quick Guard|p2b: Sarahn's OC
|-singleturn|p2b: Sarahn's OC|Quick Guard
|move|p1b: Azumarill|Aqua Jet|p2a: Brent
|-activate|p2a: Brent|move: Quick Guard
|move|p2a: Brent|Dark Pulse|p1a: Raichu
|-damage|p1a: Raichu|0 fnt
|faint|p1a: Raichu
|
|upkeep
|turn|8
|
|t:|1783744430
|move|p2a: Brent|Dark Pulse|p1b: Azumarill
|-resisted|p1b: Azumarill|1
|-damage|p1b: Azumarill|3/100
|-enditem|p1b: Azumarill|Sitrus Berry|[eat]
|-heal|p1b: Azumarill|28/100|[from] item: Sitrus Berry
|move|p2b: Sarahn's OC|Poison Jab|p1b: Azumarill
|-supereffective|p1b: Azumarill|1
|-damage|p1b: Azumarill|0 fnt
|faint|p1b: Azumarill
|
|win|lordtentacle69
|raw|zefhkb505's rating: 1260 → 1239(-21 for losing)
|raw|lordtentacle69's rating: 1317 → 1334(+17 for winning)
|l|☆zefhkb505
|player|p1|
