|j|☆pinkeyt569
|j|☆Kyoshi44
|html|pinkeyt569Kyoshi44    
|uhtml|bestof|Game 1 of a best-of-3
|t:|1756431320
|gametype|doubles
|player|p1|pinkeyt569|2|1014
|player|p2|Kyoshi44|dawn|1100
|gen|9
|tier|[Gen 9] VGC 2025 Reg H (Bo3)
|rated|
|rule|Species Clause: Limit one of each Pokémon
|rule|Item Clause: Limit 1 of each item
|clearpoke
|poke|p1|Smeargle, L50, M|
|poke|p1|Dragonite, L50, M|
|poke|p1|Rillaboom, L50, M|
|poke|p1|Kingambit, L50, F|
|poke|p1|Flamigo, L50, M|
|poke|p1|Farigiraf, L50, F|
|poke|p2|Amoonguss, L50, M|
|poke|p2|Corviknight, L50, F|
|poke|p2|Garchomp, L50, F|
|poke|p2|Dragonite, L50, M|
|poke|p2|Ninetales-Alola, L50, F|
|poke|p2|Incineroar, L50, M|
|teampreview|4
|showteam|p1|Smeargle||FocusSash|Moody|WideGuard,FollowMe,Spore,Decorate|||M|||50|,,,,,Ghost]Dragonite||LoadedDice|Multiscale|Protect,Tailwind,Haze,ScaleShot|||M|||50|,,,,,Fairy]Rillaboom||AssaultVest|GrassySurge|FakeOut,GrassyGlide,WoodHammer,HighHorsepower|||M|||50|,,,,,Fire]Kingambit||BlackGlasses|Defiant|Protect,SuckerPunch,KowtowCleave,IronHead|||F|||50|,,,,,Ghost]Flamigo||WhiteHerb|Costar|Protect,Acrobatics,CloseCombat,ThroatChop|||M|||50|,,,,,Steel]Farigiraf||SitrusBerry|ArmorTail|HyperVoice,Psychic,Imprison,TrickRoom|||F|||50|,,,,,Fairy
|showteam|p2|Amoonguss||RockyHelmet|Regenerator|Spore,RagePowder,PollenPuff,Protect|||M|||50|,,,,,Water]Corviknight||SitrusBerry|MirrorArmor|BraveBird,Tailwind,Taunt,IronHead|||F|||50|,,,,,Flying]Garchomp||LifeOrb|RoughSkin|Earthquake,DragonClaw,StompingTantrum,Protect|||F|||50|,,,,,Steel]Dragonite||LoadedDice|Multiscale|ScaleShot,Protect,Haze,LowKick|||M|||50|,,,,,Fairy]Ninetales-Alola||FocusSash|SnowWarning|Blizzard,DazzlingGleam,Protect,AuroraVeil|||F|||50|,,,,,Ghost]Incineroar||AssaultVest|Intimidate|FakeOut,KnockOff,FlareBlitz,Uturn|||M|||50|,,,,,Ghost
|inactive|Battle timer is ON: inactive players will automatically lose when time's up. (requested by Kyoshi44)
|inactive|pinkeyt569 has 60 seconds left.
|inactive|pinkeyt569 has 30 seconds left.
|inactive|pinkeyt569 has 20 seconds left.
|
|t:|1756431394
|teamsize|p1|4
|teamsize|p2|4
|start
|switch|p1a: Farigiraf|Farigiraf, L50, F|100/100
|switch|p1b: Smeargle|Smeargle, L50, M|100/100
|switch|p2a: Corviknight|Corviknight, L50, F|100/100
|switch|p2b: Amoonguss|Amoonguss, L50, M|100/100
|turn|1
|
|t:|1756431412
|move|p2b: Amoonguss|Rage Powder|p2b: Amoonguss
|-singleturn|p2b: Amoonguss|move: Rage Powder
|move|p1b: Smeargle|Decorate|p2b: Amoonguss
|-boost|p2b: Amoonguss|atk|2
|-boost|p2b: Amoonguss|spa|2
|move|p2a: Corviknight|Taunt|p1b: Smeargle
|-start|p1b: Smeargle|move: Taunt
|move|p1a: Farigiraf|Psychic|p2b: Amoonguss
|-supereffective|p2b: Amoonguss
|-damage|p2b: Amoonguss|27/100
|
|-ability|p1b: Smeargle|Moody|boost
|-boost|p1b: Smeargle|def|2
|-unboost|p1b: Smeargle|atk|1
|upkeep
|turn|2
|
|t:|1756431434
|switch|p1b: Kingambit|Kingambit, L50, F|100/100
|switch|p2b: Dragonite|Dragonite, L50, M|100/100
|move|p2a: Corviknight|Tailwind|p2a: Corviknight
|-sidestart|p2: Kyoshi44|move: Tailwind
|move|p1a: Farigiraf|Psychic|p2b: Dragonite
|-damage|p2b: Dragonite|80/100
|
|upkeep
|turn|3
|inactive|pinkeyt569 has 30 seconds left.
|inactive|Kyoshi44 has 30 seconds left.
|inactive|pinkeyt569 has 20 seconds left.
|inactive|Kyoshi44 has 20 seconds left.
|inactive|pinkeyt569 has 15 seconds left.
|inactive|pinkeyt569 has 10 seconds left.
|inactive|pinkeyt569 has 5 seconds left.
|
|t:|1756431484
|move|p2b: Dragonite|Low Kick|p1b: Kingambit
|-supereffective|p1b: Kingambit
|-damage|p1b: Kingambit|0 fnt
|faint|p1b: Kingambit
|move|p2a: Corviknight|Iron Head|p1a: Farigiraf
|-damage|p1a: Farigiraf|67/100
|move|p1a: Farigiraf|Trick Room|p1a: Farigiraf
|-fieldstart|move: Trick Room|[of] p1a: Farigiraf
|
|upkeep
|
|t:|1756431493
|switch|p1b: Smeargle|Smeargle, L50, M|100/100
|turn|4
|
|t:|1756431509
|switch|p2b: Amoonguss|Amoonguss, L50, M|60/100
|move|p1a: Farigiraf|Psychic|p2b: Amoonguss
|-supereffective|p2b: Amoonguss
|-damage|p2b: Amoonguss|0 fnt
|faint|p2b: Amoonguss
|move|p1b: Smeargle|Spore|p2a: Corviknight
|-status|p2a: Corviknight|slp|[from] move: Spore
|cant|p2a: Corviknight|slp
|
|-ability|p1b: Smeargle|Moody|boost
|-boost|p1b: Smeargle|spa|2
|-unboost|p1b: Smeargle|atk|1
|upkeep
|
|t:|1756431523
|switch|p2b: Dragonite|Dragonite, L50, M|80/100
|turn|5
|
|t:|1756431547
|move|p2b: Dragonite|Protect|p2b: Dragonite
|-singleturn|p2b: Dragonite|Protect
|move|p1a: Farigiraf|Hyper Voice|p2a: Corviknight|[spread] p2a
|-activate|p2b: Dragonite|move: Protect
|-resisted|p2a: Corviknight
|-damage|p2a: Corviknight|87/100 slp
|move|p1b: Smeargle|Decorate|p1a: Farigiraf
|-boost|p1a: Farigiraf|atk|2
|-boost|p1a: Farigiraf|spa|2
|-curestatus|p2a: Corviknight|slp|[msg]
|move|p2a: Corviknight|Iron Head|p1b: Smeargle
|-damage|p1b: Smeargle|30/100
|
|-sideend|p2: Kyoshi44|move: Tailwind
|-ability|p1b: Smeargle|Moody|boost
|-boost|p1b: Smeargle|atk|2
|-unboost|p1b: Smeargle|spa|1
|upkeep
|turn|6
|inactive|pinkeyt569 has 30 seconds left.
|inactive|Kyoshi44 has 30 seconds left.
|inactive|pinkeyt569 has 20 seconds left.
|
|t:|1756431582
|switch|p2a: Garchomp|Garchomp, L50, F|100/100
|move|p1b: Smeargle|Follow Me|p1b: Smeargle
|-singleturn|p1b: Smeargle|move: Follow Me
|move|p1a: Farigiraf|Hyper Voice|p2b: Dragonite|[spread] p2a,p2b
|-damage|p2a: Garchomp|33/100
|-damage|p2b: Dragonite|18/100
|move|p2b: Dragonite|Scale Shot|p1b: Smeargle
|-damage|p1b: Smeargle|0 fnt
|faint|p1b: Smeargle
|-hitcount|p1: Smeargle|1
|-unboost|p2b: Dragonite|def|1
|-boost|p2b: Dragonite|spe|1
|
|upkeep
|
|t:|1756431590
|switch|p1b: Flamigo|Flamigo, L50, M|100/100
|-copyboost|p1b: Flamigo|p1a: Farigiraf|[from] ability: Costar
|turn|7
|
|t:|1756431600
|move|p2a: Garchomp|Protect|p2a: Garchomp
|-singleturn|p2a: Garchomp|Protect
|move|p2b: Dragonite|Protect|p2b: Dragonite
|-singleturn|p2b: Dragonite|Protect
|move|p1a: Farigiraf|Hyper Voice|p2b: Dragonite|[spread] 
|-activate|p2a: Garchomp|move: Protect
|-activate|p2b: Dragonite|move: Protect
|move|p1b: Flamigo|Acrobatics|p2b: Dragonite
|-activate|p2b: Dragonite|move: Protect
|
|-fieldend|move: Trick Room
|upkeep
|turn|8
|inactive|pinkeyt569 has 30 seconds left.
|inactive|pinkeyt569 has 20 seconds left.
|inactive|pinkeyt569 has 15 seconds left.
|
|t:|1756431645
|-terastallize|p1b: Flamigo|Steel
|move|p2b: Dragonite|Scale Shot|p1b: Flamigo
|-resisted|p1b: Flamigo
|-damage|p1b: Flamigo|90/100
|-resisted|p1b: Flamigo
|-damage|p1b: Flamigo|79/100
|-resisted|p1b: Flamigo
|-damage|p1b: Flamigo|67/100
|-resisted|p1b: Flamigo
|-damage|p1b: Flamigo|57/100
|-resisted|p1b: Flamigo
|-damage|p1b: Flamigo|48/100
|-hitcount|p1b: Flamigo|5
|-unboost|p2b: Dragonite|def|1
|-boost|p2b: Dragonite|spe|1
|move|p2a: Garchomp|Earthquake|p1b: Flamigo|[spread] p1a,p1b
|-immune|p2b: Dragonite
|-supereffective|p1b: Flamigo
|-damage|p1a: Farigiraf|16/100
|-damage|p1b: Flamigo|0 fnt
|-enditem|p1a: Farigiraf|Sitrus Berry|[eat]
|-heal|p1a: Farigiraf|41/100|[from] item: Sitrus Berry
|faint|p1b: Flamigo
|-damage|p2a: Garchomp|23/100|[from] item: Life Orb
|move|p1a: Farigiraf|Hyper Voice|p2a: Garchomp|[spread] p2a,p2b
|-damage|p2a: Garchomp|0 fnt
|-damage|p2b: Dragonite|0 fnt
|faint|p2a: Garchomp
|faint|p2b: Dragonite
|
|upkeep
|
|t:|1756431664
|switch|p2a: Corviknight|Corviknight, L50, F|87/100
|turn|9
|
|t:|1756431672
|move|p2a: Corviknight|Brave Bird|p1a: Farigiraf
|-damage|p1a: Farigiraf|0 fnt
|faint|p1a: Farigiraf
|-damage|p2a: Corviknight|73/100|[from] Recoil
|
|win|Kyoshi44
|l|☆Kyoshi44
|player|p2|
||Kyoshi44 is ready for game 2.
|inactive|pinkeyt569 has 30 seconds to confirm battle start!
||pinkeyt569 is ready for game 2.
|uhtml|next|Next: Game 2 of 3
