|j|☆The_TrueNose
|j|☆Tsbaasddf
|html|The_TrueNoseTsbaasddf    
|uhtml|bestof|Game 3 of a best-of-3
|t:|1756755557
|gametype|doubles
|player|p1|The_TrueNose|102|1115
|player|p2|Tsbaasddf|102|1108
|gen|9
|tier|[Gen 9] VGC 2025 Reg H (Bo3)
|rated|
|rule|Species Clause: Limit one of each Pokémon
|rule|Item Clause: Limit 1 of each item
|clearpoke
|poke|p1|Garchomp, L50, M|
|poke|p1|Jumpluff, L50, F|
|poke|p1|Torkoal, L50, F|
|poke|p1|Dragonite, L50, M|
|poke|p1|Typhlosion-Hisui, L50, F|
|poke|p1|Kingambit, L50, F|
|poke|p2|Shiftry, L50, M|
|poke|p2|Ursaluna-Bloodmoon, L50, M|
|poke|p2|Skeledirge, L50, M|
|poke|p2|Gastrodon, L50, F|
|poke|p2|Sneasler, L50, F|
|poke|p2|Sinistcha, L50|
|teampreview|4
|showteam|p1|Garchomp||LifeOrb|RoughSkin|DragonClaw,StompingTantrum,Earthquake,Protect|||M|||50|,,,,,Fire]Jumpluff||CovertCloak|Chlorophyll|LeafStorm,SleepPowder,Encore,Tailwind|||F|||50|,,,,,Water]Torkoal||EjectPack|Drought|Overheat,BurningJealousy,HelpingHand,Protect|||F|||50|,,,,,Flying]Dragonite||LoadedDice|Multiscale|ScaleShot,ExtremeSpeed,IceSpinner,Protect|||M|||50|,,,,,Fairy]Typhlosion-Hisui||ChoiceSpecs|Blaze|Eruption,ShadowBall,HeatWave,Overheat|||F|||50|,,,,,Fire]Kingambit||AssaultVest|Defiant|SuckerPunch,Assurance,IronHead,LowKick|||F|||50|,,,,,Fire
|showteam|p2|Shiftry||FocusSash|WindRider|KnockOff,LeafBlade,SuckerPunch,Protect|||M|||50|,,,,,Ghost]Ursaluna-Bloodmoon||LifeOrb|MindsEye|BloodMoon,EarthPower,HyperVoice,Protect|||M|||50|,,,,,Ghost]Skeledirge||Leftovers|Unaware|AlluringVoice,TorchSong,ShadowBall,Protect|||M|||50|,,,,,Water]Gastrodon||SitrusBerry|StormDrain|IcyWind,EarthPower,Yawn,MuddyWater|||F|||50|,,,,,Fire]Sneasler||WhiteHerb|Unburden|FakeOut,CloseCombat,DireClaw,Protect|||F|||50|,,,,,Ghost]Sinistcha||RockyHelmet|Hospitality|RagePowder,MatchaGotcha,ShadowBall,LifeDew||||||50|,,,,,Dark
|
|t:|1756755594
|teamsize|p1|4
|teamsize|p2|4
|start
|switch|p1a: Jumpluff|Jumpluff, L50, F|100/100
|switch|p1b: Dragonite|Dragonite, L50, M|100/100
|switch|p2a: Sneasler|Sneasler, L50, F|100/100
|switch|p2b: Shiftry|Shiftry, L50, M|100/100
|turn|1
|
|t:|1756755612
|move|p2a: Sneasler|Dire Claw|p1a: Jumpluff
|-supereffective|p1a: Jumpluff
|-damage|p1a: Jumpluff|0 fnt
|faint|p1a: Jumpluff
|move|p2b: Shiftry|Knock Off|p1b: Dragonite
|-damage|p1b: Dragonite|82/100
|-enditem|p1b: Dragonite|Loaded Dice|[from] move: Knock Off|[of] p2b: Shiftry
|move|p1b: Dragonite|Scale Shot|p2b: Shiftry
|-damage|p2b: Shiftry|79/100
|-damage|p2b: Shiftry|57/100
|-damage|p2b: Shiftry|33/100
|-hitcount|p2b: Shiftry|3
|-unboost|p1b: Dragonite|def|1
|-boost|p1b: Dragonite|spe|1
|
|upkeep
|
|t:|1756755616
|switch|p1a: Typhlosion|Typhlosion-Hisui, L50, F|100/100
|turn|2
|
|t:|1756755635
|move|p1b: Dragonite|Extreme Speed|p2b: Shiftry
|-damage|p2b: Shiftry|0 fnt
|faint|p2b: Shiftry
|move|p2a: Sneasler|Close Combat|p1b: Dragonite
|-resisted|p1b: Dragonite
|-damage|p1b: Dragonite|37/100
|-unboost|p2a: Sneasler|def|1
|-unboost|p2a: Sneasler|spd|1
|-enditem|p2a: Sneasler|White Herb
|-clearnegativeboost|p2a: Sneasler|[silent]
|move|p1a: Typhlosion|Eruption|p2a: Sneasler
|-damage|p2a: Sneasler|0 fnt
|faint|p2a: Sneasler
|
|upkeep
|
|t:|1756755641
|switch|p2a: Ursaluna|Ursaluna-Bloodmoon, L50, M|100/100
|switch|p2b: Gastrodon|Gastrodon, L50, F|100/100
|turn|3
|
|t:|1756755659
|-terastallize|p1a: Typhlosion|Fire
|move|p2a: Ursaluna|Protect|p2a: Ursaluna
|-singleturn|p2a: Ursaluna|Protect
|move|p1b: Dragonite|Scale Shot|p2b: Gastrodon
|-damage|p2b: Gastrodon|85/100
|-damage|p2b: Gastrodon|70/100
|-damage|p2b: Gastrodon|56/100
|-hitcount|p2b: Gastrodon|3
|-unboost|p1b: Dragonite|def|1
|-boost|p1b: Dragonite|spe|1
|move|p1a: Typhlosion|Eruption|p2b: Gastrodon|[spread] p2b
|-activate|p2a: Ursaluna|move: Protect
|-resisted|p2b: Gastrodon
|-damage|p2b: Gastrodon|3/100
|-enditem|p2b: Gastrodon|Sitrus Berry|[eat]
|-heal|p2b: Gastrodon|28/100|[from] item: Sitrus Berry
|move|p2b: Gastrodon|Earth Power|p1a: Typhlosion
|-supereffective|p1a: Typhlosion
|-damage|p1a: Typhlosion|0 fnt
|faint|p1a: Typhlosion
|
|upkeep
|
|t:|1756755674
|switch|p1a: Kingambit|Kingambit, L50, F|100/100
|turn|4
|
|t:|1756755683
|move|p1b: Dragonite|Extreme Speed|p2b: Gastrodon
|-damage|p2b: Gastrodon|0 fnt
|faint|p2b: Gastrodon
|move|p1a: Kingambit|Low Kick|p2a: Ursaluna
|-supereffective|p2a: Ursaluna
|-damage|p2a: Ursaluna|27/100
|move|p2a: Ursaluna|Earth Power|p1a: Kingambit
|-supereffective|p1a: Kingambit
|-damage|p1a: Kingambit|12/100
|-damage|p2a: Ursaluna|17/100|[from] item: Life Orb
|
|upkeep
|turn|5
|
|t:|1756755693
|move|p1b: Dragonite|Ice Spinner|p2a: Ursaluna
|-supereffective|p2a: Ursaluna
|-damage|p2a: Ursaluna|0 fnt
|faint|p2a: Ursaluna
|
|win|The_TrueNose
|raw|The_TrueNose's rating: 1115 → 1139(+24 for winning)
|raw|Tsbaasddf's rating: 1108 → 1084(-24 for losing)
|c|☆The_TrueNose|gg
|l|☆Tsbaasddf
|player|p2|
