|j|☆felasmiguel
|j|☆Cermakbot
|html|felasmiguelCermakbot    
|uhtml|bestof|Game 1 of a best-of-3
|t:|1757626748
|gametype|doubles
|player|p1|felasmiguel|chuck|1119
|player|p2|Cermakbot|n|1066
|gen|9
|tier|[Gen 9] VGC 2025 Reg H (Bo3)
|rated|
|rule|Species Clause: Limit one of each Pokémon
|rule|Item Clause: Limit 1 of each item
|clearpoke
|poke|p1|Gliscor, L50, F|
|poke|p1|Breloom, L50, M|
|poke|p1|Talonflame, L50, M|
|poke|p1|Milotic, L50, F|
|poke|p1|Dragapult, L50, M|
|poke|p1|Farigiraf, L50, F|
|poke|p2|Archaludon, L50, M|
|poke|p2|Amoonguss, L50, F|
|poke|p2|Politoed, L50, M|
|poke|p2|Gothitelle, L50, F|
|poke|p2|Incineroar, L50, F|
|poke|p2|Basculegion, L50, M|
|teampreview|4
|showteam|p1|Gliscor||ToxicOrb|PoisonHeal|SwordsDance,DualWingbeat,HighHorsepower,Protect|||F|||50|,,,,,Water]Breloom||LoadedDice|Technician|Spore,MachPunch,BulletSeed,Protect|||M|||50|,,,,,Grass]Talonflame||CovertCloak|GaleWings|Tailwind,FlareBlitz,BraveBird,Taunt|||M|||50|,,,,,Flying]Milotic||AdrenalineOrb|Competitive|Scald,IceBeam,Haze,Protect|||F|||50|,,,,,Fairy]Dragapult||ChoiceSpecs|Infiltrator|DracoMeteor,Thunderbolt,ShadowBall,Uturn|||M|||50|,,,,,Ghost]Farigiraf||ThroatSpray|ArmorTail|Imprison,TrickRoom,PsychicNoise,HyperVoice|||F|||50|,,,,,Fire
|showteam|p2|Archaludon||AssaultVest|Stalwart|ElectroShot,Substitute,Protect,FlashCannon|||M|||50|,,,,,Electric]Amoonguss||MentalHerb|Regenerator|RagePowder,PollenPuff,Spore,Protect|||F|||50|,,,,,Dark]Politoed||Leftovers|Drizzle|WeatherBall,Protect,Encore,PerishSong|||M|||50|,,,,,Water]Gothitelle||SitrusBerry|ShadowTag|Protect,Psychic,TrickRoom,FakeOut|||F|||50|,,,,,Normal]Incineroar||SafetyGoggles|Intimidate|FakeOut,Protect,KnockOff,PartingShot|||F|||50|,,,,,Ghost]Basculegion||LifeOrb|SwiftSwim|WaveCrash,LastRespects,FlipTurn,Protect|||M|||50|,,,,,Water
|inactive|Battle timer is ON: inactive players will automatically lose when time's up. (requested by Cermakbot)
|inactive|felasmiguel has 60 seconds left.
|inactive|Cermakbot has 60 seconds left.
|inactive|felasmiguel has 30 seconds left.
|inactive|felasmiguel has 20 seconds left.
|
|t:|1757626821
|teamsize|p1|4
|teamsize|p2|4
|start
|switch|p1a: Talonflame|Talonflame, L50, M|100/100
|switch|p1b: Dragapult|Dragapult, L50, M|100/100
|switch|p2a: Politoed|Politoed, L50, M|100/100
|switch|p2b: Archaludon|Archaludon, L50, M|100/100
|-weather|RainDance|[from] ability: Drizzle|[of] p2a: Politoed
|turn|1
|inactive|felasmiguel has 30 seconds left.
|inactive|felasmiguel has 20 seconds left.
|
|t:|1757626858
|switch|p2a: Amoonguss|Amoonguss, L50, F|100/100
|-terastallize|p2b: Archaludon|Electric
|move|p1b: Dragapult|Shadow Ball|p2b: Archaludon
|-damage|p2b: Archaludon|62/100
|-unboost|p2b: Archaludon|spd|1
|move|p1a: Talonflame|Taunt|p2a: Amoonguss
|-start|p2a: Amoonguss|move: Taunt
|-enditem|p2a: Amoonguss|Mental Herb
|-end|p2a: Amoonguss|move: Taunt
|move|p2b: Archaludon|Electro Shot||[still]
|-prepare|p2b: Archaludon|Electro Shot
|-boost|p2b: Archaludon|spa|1
|-anim|p2b: Archaludon|Electro Shot|p1a: Talonflame
|-supereffective|p1a: Talonflame
|-damage|p1a: Talonflame|0 fnt
|faint|p1a: Talonflame
|
|-weather|RainDance|[upkeep]
|upkeep
|
|t:|1757626874
|switch|p1a: Breloom|Breloom, L50, M|100/100
|turn|2
|
|t:|1757626889
|move|p2a: Amoonguss|Rage Powder|p2a: Amoonguss
|-singleturn|p2a: Amoonguss|move: Rage Powder
|move|p1b: Dragapult|Shadow Ball|p2a: Amoonguss
|-damage|p2a: Amoonguss|67/100
|-unboost|p2a: Amoonguss|spd|1
|move|p1a: Breloom|Bullet Seed|p2b: Archaludon
|-damage|p2b: Archaludon|44/100
|-damage|p2b: Archaludon|25/100
|-damage|p2b: Archaludon|7/100
|-damage|p2b: Archaludon|0 fnt
|faint|p2b: Archaludon
|-hitcount|p2: Archaludon|4
|
|-weather|RainDance|[upkeep]
|upkeep
|
|t:|1757626903
|switch|p2b: Basculegion|Basculegion, L50, M|100/100
|turn|3
|inactive|felasmiguel has 30 seconds left.
|
|t:|1757626935
|-terastallize|p1b: Dragapult|Ghost
|move|p2b: Basculegion|Last Respects|p1b: Dragapult
|-supereffective|p1b: Dragapult
|-damage|p1b: Dragapult|0 fnt
|faint|p1b: Dragapult
|-damage|p2b: Basculegion|91/100|[from] item: Life Orb
|move|p1a: Breloom|Bullet Seed|p2b: Basculegion
|-supereffective|p2b: Basculegion
|-damage|p2b: Basculegion|40/100
|-supereffective|p2b: Basculegion
|-damage|p2b: Basculegion|0 fnt
|faint|p2b: Basculegion
|-hitcount|p2: Basculegion|2
|move|p2a: Amoonguss|Pollen Puff|p1a: Breloom
|-damage|p1a: Breloom|63/100
|
|-weather|RainDance|[upkeep]
|upkeep
|
|t:|1757626950
|switch|p1b: Milotic|Milotic, L50, F|100/100
|switch|p2b: Politoed|Politoed, L50, M|100/100
|turn|4
|
|t:|1757626964
|move|p1b: Milotic|Ice Beam|p2a: Amoonguss
|-supereffective|p2a: Amoonguss
|-damage|p2a: Amoonguss|20/100
|move|p1a: Breloom|Bullet Seed|p2b: Politoed
|-supereffective|p2b: Politoed
|-damage|p2b: Politoed|54/100
|-supereffective|p2b: Politoed
|-damage|p2b: Politoed|5/100
|-supereffective|p2b: Politoed
|-damage|p2b: Politoed|0 fnt
|faint|p2b: Politoed
|-hitcount|p2: Politoed|3
|move|p2a: Amoonguss|Spore|p1b: Milotic
|-status|p1b: Milotic|slp|[from] move: Spore
|
|-weather|RainDance|[upkeep]
|upkeep
|turn|5
|
|t:|1757626974
|cant|p1b: Milotic|slp
|move|p1a: Breloom|Bullet Seed|p2a: Amoonguss
|-resisted|p2a: Amoonguss
|-damage|p2a: Amoonguss|15/100
|-resisted|p2a: Amoonguss
|-damage|p2a: Amoonguss|10/100
|-resisted|p2a: Amoonguss
|-damage|p2a: Amoonguss|6/100
|-resisted|p2a: Amoonguss
|-damage|p2a: Amoonguss|0 fnt
|faint|p2a: Amoonguss
|-hitcount|p2: Amoonguss|4
|
|win|felasmiguel
||Cermakbot is ready for game 2.
||felasmiguel is ready for game 2.
|uhtml|next|Next: Game 2 of 3
