|j|☆Bizkaia Askatuta
|j|☆XelaMaster
|html|Bizkaia AskatutaXelaMaster    
|uhtml|bestof|Game 1 of a best-of-3
|t:|1782315933
|gametype|doubles
|player|p1|Bizkaia Askatuta|clair|1149
|player|p2|XelaMaster|volkner|1125
|gen|9
|tier|[Gen 9 Champions] VGC 2026 Reg M-B (Bo3)
|rated|
|rule|Species Clause: Limit one of each Pokémon
|rule|Item Clause: Limit 1 of each item
|clearpoke
|poke|p1|Raichu, L50, M|
|poke|p1|Ninetales-Alola, L50, M|
|poke|p1|Froslass, L50, F|
|poke|p1|Incineroar, L50, M|
|poke|p1|Garchomp, L50, F|
|poke|p1|Palafin, L50, M|
|poke|p2|Gardevoir, L50, M|
|poke|p2|Maushold-Four, L50|
|poke|p2|Basculegion, L50, M|
|poke|p2|Kingambit, L50, F|
|poke|p2|Talonflame, L50, M|
|poke|p2|Garchomp, L50, F|
|teampreview|4
|showteam|p1|Raichu||RaichuniteY|LightningRod|NastyPlot,ZapCannon,DazzlingGleam,Protect|Timid||M|||50|]Ninetales-Alola||FocusSash|SnowWarning|Blizzard,Protect,IcyWind,AuroraVeil|Timid||M|||50|]Froslass||Froslassite|SnowCloak|Blizzard,ShadowBall,NastyPlot,Protect|Timid||F|||50|]Incineroar||SitrusBerry|Intimidate|FakeOut,FlareBlitz,PartingShot,HelpingHand|Adamant||M|||50|]Garchomp||LifeOrb|RoughSkin|StompingTantrum,RockSlide,Protect,DragonClaw|Jolly||F|||50|]Palafin||ChoiceScarf|ZerotoHero|FlipTurn,WaveCrash,JetPunch,CloseCombat|Adamant||M|||50|
|showteam|p2|Gardevoir||Gardevoirite|Telepathy|HyperVoice,Protect,Psyshock,TrickRoom|Modest||M|||50|]Maushold-Four||FocusSash|FriendGuard|FollowMe,Encore,SuperFang,Protect|Jolly|||||50|]Basculegion||SitrusBerry|Adaptability|AquaJet,LastRespects,WaveCrash,Protect|Adamant||M|||50|]Kingambit||ChopleBerry|Defiant|Protect,SuckerPunch,KowtowCleave,IronHead|Adamant||F|||50|]Talonflame|||GaleWings|Tailwind,WillOWisp,Acrobatics,Protect|Jolly||M|||50|]Garchomp||WhiteHerb|RoughSkin|Earthquake,RockSlide,DragonClaw,Protect|Adamant||F|||50|
|inactive|Battle timer is ON: inactive players will automatically lose when time's up. (requested by XelaMaster)
|
|t:|1782315956
|teamsize|p1|4
|teamsize|p2|4
|start
|switch|p1a: Ninetales|Ninetales-Alola, L50, M|100/100
|switch|p1b: Palafin|Palafin, L50, M|100/100
|switch|p2a: Gardevoir|Gardevoir, L50, M|100/100
|switch|p2b: Maushold|Maushold-Four, L50|100/100
|-weather|Snowscape|[from] ability: Snow Warning|[of] p1a: Ninetales
|turn|1
|inactive|XelaMaster has 30 seconds left.
|
|t:|1782315990
|detailschange|p2a: Gardevoir|Gardevoir-Mega, L50, M
|-mega|p2a: Gardevoir|Gardevoir|Gardevoirite
|move|p1b: Palafin|Flip Turn|p2a: Gardevoir
|-damage|p2a: Gardevoir|77/100
|
|t:|1782315997
|detailschange|p1b: Palafin|Palafin-Hero, L50, M
|switch|p1b: Raichu|Raichu, L50, M|100/100|[from] Flip Turn
|move|p2b: Maushold|Super Fang|p1b: Raichu
|-damage|p1b: Raichu|50/100g
|move|p1a: Ninetales|Aurora Veil|p1a: Ninetales
|-sidestart|p1: Bizkaia Askatuta|move: Aurora Veil
|move|p2a: Gardevoir|Hyper Voice|p1a: Ninetales|[spread] p1a,p1b
|-damage|p1a: Ninetales|58/100
|-damage|p1b: Raichu|0 fnt
|faint|p1b: Raichu
|
|-weather|Snowscape|[upkeep]
|upkeep
|
|t:|1782316005
|switch|p1b: Palafin|Palafin-Hero, L50, M|100/100
|-activate|p1b: Palafin|ability: Zero to Hero
|turn|2
|
|t:|1782316031
|move|p2b: Maushold|Follow Me|p2b: Maushold
|-singleturn|p2b: Maushold|move: Follow Me
|move|p1b: Palafin|Wave Crash|p2b: Maushold
|-enditem|p2b: Maushold|Focus Sash
|-damage|p2b: Maushold|1/100
|-damage|p1b: Palafin|68/100|[from] Recoil
|move|p1a: Ninetales|Blizzard|p2b: Maushold|[spread] p2a,p2b
|-damage|p2a: Gardevoir|59/100
|-damage|p2b: Maushold|0 fnt
|faint|p2b: Maushold
|move|p2a: Gardevoir|Trick Room|p2a: Gardevoir
|-fieldstart|move: Trick Room|[of] p2a: Gardevoir
|
|-weather|Snowscape|[upkeep]
|upkeep
|
|t:|1782316046
|switch|p2b: Garchomp|Garchomp, L50, F|100/100
|turn|3
|
|t:|1782316055
|move|p2a: Gardevoir|Hyper Voice|p1b: Palafin|[spread] p1a,p1b
|-damage|p1a: Ninetales|12/100
|-damage|p1b: Palafin|28/100
|move|p2b: Garchomp|Rock Slide|p1b: Palafin|[spread] p1a,p1b
|-supereffective|p1a: Ninetales|1
|-damage|p1a: Ninetales|0 fnt
|-damage|p1b: Palafin|14/100
|faint|p1a: Ninetales
|cant|p1b: Palafin|flinch
|
|-weather|Snowscape|[upkeep]
|upkeep
|
|t:|1782316061
|switch|p1a: Incineroar|Incineroar, L50, M|100/100
|-ability|p1a: Incineroar|Intimidate|boost
|-unboost|p2a: Gardevoir|atk|1
|-unboost|p2b: Garchomp|atk|1
|-enditem|p2b: Garchomp|White Herb
|-clearnegativeboost|p2b: Garchomp|[silent]
|turn|4
|
|t:|1782316074
|move|p2a: Gardevoir|Protect|p2a: Gardevoir
|-singleturn|p2a: Gardevoir|Protect
|move|p2b: Garchomp|Protect|p2b: Garchomp
|-singleturn|p2b: Garchomp|Protect
|move|p1a: Incineroar|Fake Out|p2a: Gardevoir
|-activate|p2a: Gardevoir|move: Protect
|move|p1b: Palafin|Wave Crash|p2b: Garchomp
|-activate|p2b: Garchomp|move: Protect
|
|-weather|Snowscape|[upkeep]
|upkeep
|turn|5
|-message|Bizkaia Askatuta forfeited.
|
|win|XelaMaster
|l|☆Bizkaia Askatuta
|player|p1|
||Bizkaia Askatuta is ready for game 2.
|j|☆Bizkaia Askatuta
|player|p1|Bizkaia Askatuta|clair|
