|j|☆JustNQuan
|j|☆JakeMPA
|html|JustNQuanJakeMPA    
|uhtml|bestof|Game 1 of a best-of-3
|t:|1757637708
|gametype|doubles
|player|p1|JustNQuan|benga|1145
|player|p2|JakeMPA|2|1134
|gen|9
|tier|[Gen 9] VGC 2025 Reg H (Bo3)
|rated|
|rule|Species Clause: Limit one of each Pokémon
|rule|Item Clause: Limit 1 of each item
|clearpoke
|poke|p1|Archaludon, L50, F|
|poke|p1|Incineroar, L50, M|
|poke|p1|Pelipper, L50, M|
|poke|p1|Primarina, L50, F|
|poke|p1|Amoonguss, L50, M|
|poke|p1|Gholdengo, L50|
|poke|p2|Metagross, L50|
|poke|p2|Rillaboom, L50, M|
|poke|p2|Glimmora, L50, M|
|poke|p2|Hydreigon, L50, F|
|poke|p2|Talonflame, L50, M|
|poke|p2|Primarina, L50, M|
|teampreview|4
|showteam|p1|Archaludon||AssaultVest|Stamina|ElectroShot,FlashCannon,DracoMeteor,Snarl|||F|||50|,,,,,Flying]Incineroar||SitrusBerry|Intimidate|PartingShot,KnockOff,FakeOut,Protect|||M|||50|,,,,,Ghost]Pelipper||FocusSash|Drizzle|Hurricane,MuddyWater,Uturn,Tailwind|||M|||50|,,,,,Ghost]Primarina||ThroatSpray|LiquidVoice|HyperVoice,Moonblast,IcyWind,Protect|||F|||50|,,,,,Steel]Amoonguss||RockyHelmet|Regenerator|Spore,RagePowder,SludgeBomb,Protect|||M|||50|,,,,,Ghost]Gholdengo||Leftovers|GoodasGold|MakeItRain,ShadowBall,Psyshock,Protect||||||50|,,,,,Dragon
|showteam|p2|Metagross||AssaultVest|ClearBody|BulletPunch,PsychicFangs,KnockOff,HeavySlam||||||50|,,,,,Water]Rillaboom||MiracleSeed|GrassySurge|GrassyGlide,WoodHammer,FakeOut,Uturn|||M|||50|,,,,,Fire]Glimmora||PowerHerb|ToxicDebris|SpikyShield,SludgeBomb,EarthPower,MeteorBeam|||M|||50|,,,,,Grass]Hydreigon||ChoiceSpecs|Levitate|DracoMeteor,DarkPulse,HeatWave,Snarl|||F|||50|,,,,,Fire]Talonflame||CovertCloak|GaleWings|Tailwind,Taunt,BraveBird,Protect|||M|||50|,,,,,Flying]Primarina||ThroatSpray|LiquidVoice|Moonblast,Haze,HyperVoice,Protect|||M|||50|,,,,,Grass
|
|t:|1757637742
|teamsize|p1|4
|teamsize|p2|4
|start
|switch|p1a: Pelipper|Pelipper, L50, M, shiny|100/100
|switch|p1b: Incineroar|Incineroar, L50, M|100/100
|switch|p2a: Talonflame|Talonflame, L50, M|100/100
|switch|p2b: Glimmora|Glimmora, L50, M|100/100
|-weather|RainDance|[from] ability: Drizzle|[of] p1a: Pelipper
|-ability|p1b: Incineroar|Intimidate|boost
|-unboost|p2a: Talonflame|atk|1
|-unboost|p2b: Glimmora|atk|1
|turn|1
|inactive|Battle timer is ON: inactive players will automatically lose when time's up. (requested by JakeMPA)
|
|t:|1757637774
|move|p2a: Talonflame|Protect|p2a: Talonflame
|-singleturn|p2a: Talonflame|Protect
|move|p2b: Glimmora|Spiky Shield|p2b: Glimmora
|-singleturn|p2b: Glimmora|move: Protect
|move|p1b: Incineroar|Fake Out|p2b: Glimmora
|-activate|p2b: Glimmora|move: Protect
|-damage|p1b: Incineroar|88/100|[from] Spiky Shield|[of] p2b: Glimmora
|move|p1a: Pelipper|Muddy Water|p2b: Glimmora|[spread] 
|-activate|p2a: Talonflame|move: Protect
|-activate|p2b: Glimmora|move: Protect
|
|-weather|RainDance|[upkeep]
|upkeep
|turn|2
|inactive|JakeMPA has 30 seconds left.
|
|t:|1757637803
|move|p1b: Incineroar|Protect|p1b: Incineroar
|-singleturn|p1b: Incineroar|Protect
|move|p2a: Talonflame|Brave Bird|p1a: Pelipper
|-damage|p1a: Pelipper|66/100
|-damage|p2a: Talonflame|88/100|[from] Recoil
|move|p2b: Glimmora|Meteor Beam||[still]
|-prepare|p2b: Glimmora|Meteor Beam
|-boost|p2b: Glimmora|spa|1
|-enditem|p2b: Glimmora|Power Herb
|-anim|p2b: Glimmora|Meteor Beam|p1a: Pelipper
|-supereffective|p1a: Pelipper
|-damage|p1a: Pelipper|0 fnt
|faint|p1a: Pelipper
|
|-weather|RainDance|[upkeep]
|upkeep
|
|t:|1757637817
|switch|p1a: Archaludon|Archaludon, L50, F|100/100
|turn|3
|
|t:|1757637835
|switch|p1b: Amoonguss|Amoonguss, L50, M, shiny|100/100
|-terastallize|p2b: Glimmora|Grass
|move|p2a: Talonflame|Tailwind|p2a: Talonflame
|-sidestart|p2: JakeMPA|move: Tailwind
|move|p2b: Glimmora|Earth Power|p1b: Amoonguss
|-damage|p1b: Amoonguss|71/100
|move|p1a: Archaludon|Electro Shot||[still]
|-prepare|p1a: Archaludon|Electro Shot
|-boost|p1a: Archaludon|spa|1
|-anim|p1a: Archaludon|Electro Shot|p2a: Talonflame
|-supereffective|p2a: Talonflame
|-damage|p2a: Talonflame|0 fnt
|faint|p2a: Talonflame
|
|-weather|RainDance|[upkeep]
|upkeep
|
|t:|1757637853
|switch|p2a: Metagross|Metagross, L50, shiny|100/100
|turn|4
|
|t:|1757637877
|-terastallize|p1b: Amoonguss|Ghost
|move|p2b: Glimmora|Spiky Shield|p2b: Glimmora
|-singleturn|p2b: Glimmora|move: Protect
|move|p2a: Metagross|Psychic Fangs|p1b: Amoonguss
|-damage|p1b: Amoonguss|19/100
|-damage|p2a: Metagross|84/100|[from] item: Rocky Helmet|[of] p1b: Amoonguss
|move|p1a: Archaludon|Electro Shot||[still]
|-prepare|p1a: Archaludon|Electro Shot
|-boost|p1a: Archaludon|spa|1
|-anim|p1a: Archaludon|Electro Shot|p2a: Metagross
|-damage|p2a: Metagross|30/100
|move|p1b: Amoonguss|Spore|p2a: Metagross
|-status|p2a: Metagross|slp|[from] move: Spore
|
|-weather|RainDance|[upkeep]
|upkeep
|turn|5
|
|t:|1757637898
|switch|p1b: Incineroar|Incineroar, L50, M|88/100
|-ability|p1b: Incineroar|Intimidate|boost
|-fail|p2a: Metagross|unboost|[from] ability: Clear Body|[of] p2a: Metagross
|-unboost|p2b: Glimmora|atk|1
|move|p2b: Glimmora|Earth Power|p1a: Archaludon
|-supereffective|p1a: Archaludon
|-damage|p1a: Archaludon|30/100
|-unboost|p1a: Archaludon|spd|1
|-ability|p1a: Archaludon|Stamina|boost
|-boost|p1a: Archaludon|def|1
|cant|p2a: Metagross|slp
|move|p1a: Archaludon|Snarl|p2b: Glimmora|[spread] p2a,p2b
|-supereffective|p2a: Metagross
|-damage|p2a: Metagross|0 fnt
|-damage|p2b: Glimmora|67/100
|-unboost|p2b: Glimmora|spa|1
|faint|p2a: Metagross
|
|-weather|none
|upkeep
|
|t:|1757637908
|switch|p2a: Primarina|Primarina, L50, M|100/100
|turn|6
|
|t:|1757637931
|switch|p1a: Amoonguss|Amoonguss, L50, M, shiny, tera:Ghost|52/100
|move|p1b: Incineroar|Fake Out|p2a: Primarina
|-damage|p2a: Primarina|90/100
|move|p2b: Glimmora|Earth Power|p1a: Amoonguss
|-damage|p1a: Amoonguss|29/100
|cant|p2a: Primarina|flinch
|
|-sideend|p2: JakeMPA|move: Tailwind
|upkeep
|turn|7
|inactive|JustNQuan has 30 seconds left.
|
|t:|1757637957
|move|p1b: Incineroar|Protect|p1b: Incineroar
|-singleturn|p1b: Incineroar|Protect
|move|p2b: Glimmora|Earth Power|p1b: Incineroar
|-activate|p1b: Incineroar|move: Protect
|move|p2a: Primarina|Hyper Voice|p1b: Incineroar|[spread] p1a
|-activate|p1b: Incineroar|move: Protect
|-damage|p1a: Amoonguss|4/100
|-enditem|p2a: Primarina|Throat Spray
|-boost|p2a: Primarina|spa|1|[from] item: Throat Spray
|move|p1a: Amoonguss|Sludge Bomb|p2a: Primarina
|-supereffective|p2a: Primarina
|-damage|p2a: Primarina|39/100
|-status|p2a: Primarina|psn
|
|-damage|p2a: Primarina|26/100 psn|[from] psn
|upkeep
|turn|8
|
|t:|1757637980
|switch|p1b: Archaludon|Archaludon, L50, F|30/100
|move|p1a: Amoonguss|Protect|p1a: Amoonguss
|-singleturn|p1a: Amoonguss|Protect
|move|p2b: Glimmora|Earth Power|p1b: Archaludon
|-supereffective|p1b: Archaludon
|-damage|p1b: Archaludon|0 fnt
|faint|p1b: Archaludon
|move|p2a: Primarina|Hyper Voice|p1a: Amoonguss
|-activate|p1a: Amoonguss|move: Protect
|
|-damage|p2a: Primarina|14/100 psn|[from] psn
|upkeep
|
|t:|1757637991
|switch|p1b: Incineroar|Incineroar, L50, M|88/100
|-ability|p1b: Incineroar|Intimidate|boost
|-unboost|p2a: Primarina|atk|1
|-unboost|p2b: Glimmora|atk|1
|turn|9
|inactive|JustNQuan has 30 seconds left.
|
|t:|1757638025
|move|p1a: Amoonguss|Protect|p1a: Amoonguss
|-singleturn|p1a: Amoonguss|Protect
|move|p1b: Incineroar|Fake Out|p2a: Primarina
|-damage|p2a: Primarina|2/100 psn
|move|p2b: Glimmora|Earth Power|p1a: Amoonguss
|-activate|p1a: Amoonguss|move: Protect
|cant|p2a: Primarina|flinch
|
|-damage|p2a: Primarina|0 fnt|[from] psn
|faint|p2a: Primarina
|upkeep
|turn|10
|
|t:|1757638050
|move|p2b: Glimmora|Spiky Shield|p2b: Glimmora
|-singleturn|p2b: Glimmora|move: Protect
|move|p1b: Incineroar|Knock Off|p2b: Glimmora
|-activate|p2b: Glimmora|move: Protect
|-damage|p1b: Incineroar|76/100|[from] Spiky Shield|[of] p2b: Glimmora
|move|p1a: Amoonguss|Sludge Bomb|p2b: Glimmora
|-activate|p2b: Glimmora|move: Protect
|
|upkeep
|turn|11
|
|t:|1757638068
|move|p1a: Amoonguss|Rage Powder|p1a: Amoonguss
|-singleturn|p1a: Amoonguss|move: Rage Powder
|move|p2b: Glimmora|Earth Power|p1b: Incineroar
|-supereffective|p1b: Incineroar
|-damage|p1b: Incineroar|35/100
|-enditem|p1b: Incineroar|Sitrus Berry|[eat]
|-heal|p1b: Incineroar|60/100|[from] item: Sitrus Berry
|move|p1b: Incineroar|Knock Off|p2b: Glimmora
|-damage|p2b: Glimmora|37/100
|-activate|p2b: Glimmora|ability: Toxic Debris
|-sidestart|p1: JustNQuan|move: Toxic Spikes
|
|upkeep
|turn|12
|
|t:|1757638091
|move|p2b: Glimmora|Sludge Bomb|p1a: Amoonguss
|-resisted|p1a: Amoonguss
|-damage|p1a: Amoonguss|0 fnt
|faint|p1a: Amoonguss
|move|p1b: Incineroar|Knock Off|p2b: Glimmora
|-damage|p2b: Glimmora|2/100
|-activate|p2b: Glimmora|ability: Toxic Debris
|-sidestart|p1: JustNQuan|move: Toxic Spikes
|
|upkeep
|turn|13
|
|t:|1757638102
|move|p2b: Glimmora|Earth Power|p1b: Incineroar
|-supereffective|p1b: Incineroar
|-crit|p1b: Incineroar
|-damage|p1b: Incineroar|0 fnt
|faint|p1b: Incineroar
|
|win|JakeMPA
||JakeMPA is ready for game 2.
|inactive|JustNQuan has 30 seconds to confirm battle start!
||JustNQuan is ready for game 2.
|uhtml|next|Next: Game 2 of 3
