|j|☆PinkSpaceDragon
|j|☆kyromax777
|html|PinkSpaceDragonkyromax777    
|uhtml|bestof|Game 2 of a best-of-3
|t:|1785791235
|gametype|doubles
|player|p1|PinkSpaceDragon|irida-masters2|1143
|player|p2|kyromax777|ingo|1062
|gen|9
|tier|[Gen 9 Champions] VGC 2026 Reg M-B (Bo3)
|rated|
|rule|Species Clause: Limit one of each Pokémon
|rule|Item Clause: Limit 1 of each item
|clearpoke
|poke|p1|Charizard, L50, F|
|poke|p1|Tsareena, L50, F|
|poke|p1|Aromatisse, L50, F|
|poke|p1|Garchomp, L50, M|
|poke|p1|Kingambit, L50, F|
|poke|p1|Aerodactyl, L50, M|
|poke|p2|Arcanine-Hisui, L50, F|
|poke|p2|Staraptor, L50, M, shiny|
|poke|p2|Farigiraf, L50, F|
|poke|p2|Sylveon, L50, M|
|poke|p2|Kingambit, L50, M|
|poke|p2|Raichu, L50, M|
|teampreview|4
|showteam|p1|Charizard||CharizarditeY|Blaze|Protect,WeatherBall,HeatWave,SolarBeam|Modest||F|||50|]Tsareena||WideLens|QueenlyMajesty|Protect,PowerWhip,TripleAxel,LowKick|Adamant||F|||50|]Aromatisse||SitrusBerry|AromaVeil|Moonblast,HelpingHand,Encore,TrickRoom|Sassy||F|||50|]Garchomp||LifeOrb|RoughSkin|Protect,DragonClaw,Earthquake,RockSlide|Jolly||M|||50|]Kingambit||FocusSash|Defiant|KowtowCleave,IronHead,LowKick,SuckerPunch|Adamant||F|||50|]Aerodactyl||Aerodactylite|Unnerve|WideGuard,RockSlide,DualWingbeat,Tailwind|Jolly||M|||50|
|showteam|p2|Arcanine-Hisui||FocusSash|RockHead|Protect,ExtremeSpeed,HeadSmash,FlareBlitz|Jolly||F|||50|]Staraptor||Staraptite|Intimidate|Tailwind,Protect,CloseCombat,DualWingbeat|Jolly||M|||50|]Farigiraf||SitrusBerry|ArmorTail|Protect,Psychic,TrickRoom,HelpingHand|Calm||F|||50|]Sylveon||FairyFeather|Pixilate|Protect,HyperBeam,HyperVoice,QuickAttack|Modest||M|||50|]Kingambit||LifeOrb|Defiant|Protect,KowtowCleave,SwordsDance,SuckerPunch|Adamant||M|||50|]Raichu||RaichuniteY|LightningRod|Protect,ZapCannon,FakeOut,FocusBlast|Timid||M|||50|
|
|t:|1785791270
|teamsize|p1|4
|teamsize|p2|4
|start
|switch|p1a: Tsareena|Tsareena, L50, F|100/100
|switch|p1b: Aerodactyl|Aerodactyl, L50, M|100/100
|switch|p2a: Farigiraf|Farigiraf, L50, F|100/100
|switch|p2b: Sylveon|Sylveon, L50, M|100/100
|-ability|p1b: Aerodactyl|Unnerve
|turn|1
|
|t:|1785791296
|switch|p1b: Kingambit|Kingambit, L50, F|100/100
|move|p1a: Tsareena|Power Whip|p2b: Sylveon
|-damage|p2b: Sylveon|40/100
|move|p2b: Sylveon|Hyper Beam|p1b: Kingambit
|-enditem|p1b: Kingambit|Focus Sash
|-damage|p1b: Kingambit|1/100
|-mustrecharge|p2b: Sylveon
|move|p2a: Farigiraf|Trick Room|p2a: Farigiraf
|-fieldstart|move: Trick Room|[of] p2a: Farigiraf
|
|upkeep
|turn|2
|
|t:|1785791319
|cant|p2b: Sylveon|recharge
|move|p2a: Farigiraf|Psychic|p1a: Tsareena
|-damage|p1a: Tsareena|67/100
|move|p1b: Kingambit|Low Kick|p2a: Farigiraf
|-damage|p2a: Farigiraf|66/100
|move|p1a: Tsareena|Power Whip|p2b: Sylveon
|-damage|p2b: Sylveon|0 fnt
|faint|p2b: Sylveon
|
|upkeep
|
|t:|1785791338
|switch|p2b: Raichu|Raichu, L50, M|100/100
|turn|3
|
|t:|1785791357
|switch|p2b: Arcanine|Arcanine-Hisui, L50, F|100/100
|move|p2a: Farigiraf|Psychic|p1a: Tsareena
|-damage|p1a: Tsareena|32/100
|move|p1b: Kingambit|Kowtow Cleave|p2b: Arcanine
|-damage|p2b: Arcanine|35/100
|move|p1a: Tsareena|Power Whip|p2b: Arcanine
|-damage|p2b: Arcanine|0 fnt
|faint|p2b: Arcanine
|
|upkeep
|
|t:|1785791369
|switch|p2b: Raichu|Raichu, L50, M|100/100
|turn|4
|
|t:|1785791384
|detailschange|p2b: Raichu|Raichu-Mega-Y, L50, M
|-mega|p2b: Raichu|Raichu|Raichunite Y
|move|p1a: Tsareena|Protect|p1a: Tsareena
|-singleturn|p1a: Tsareena|Protect
|move|p2a: Farigiraf|Psychic|p1a: Tsareena
|-activate|p1a: Tsareena|move: Protect
|move|p1b: Kingambit|Kowtow Cleave|p2a: Farigiraf
|-supereffective|p2a: Farigiraf|1
|-damage|p2a: Farigiraf|0 fnt
|faint|p2a: Farigiraf
|move|p2b: Raichu|Focus Blast|p1b: Kingambit
|-supereffective|p1b: Kingambit|2
|-damage|p1b: Kingambit|0 fnt
|faint|p1b: Kingambit
|
|upkeep
|
|t:|1785791388
|switch|p1b: Garchomp|Garchomp, L50, M|100/100
|turn|5
|
|t:|1785791401
|move|p2b: Raichu|Protect|p2b: Raichu
|-singleturn|p2b: Raichu|Protect
|move|p1a: Tsareena|Power Whip|p2b: Raichu
|-activate|p2b: Raichu|move: Protect
|move|p1b: Garchomp|Dragon Claw|p2b: Raichu
|-activate|p2b: Raichu|move: Protect
|
|-fieldend|move: Trick Room
|upkeep
|turn|6
|-message|kyromax777 forfeited.
|raw|PinkSpaceDragon's rating: 1143 → 1162(+19 for winning)
|raw|kyromax777's rating: 1062 → 1047(-15 for losing)
|
|win|PinkSpaceDragon
