|j|☆GaliVGC
|j|☆Passevgc
|html|GaliVGCPassevgc    
|uhtml|bestof|Game 2 of a best-of-3
|t:|1782490219
|gametype|doubles
|player|p1|GaliVGC|2|1136
|player|p2|Passevgc|1|1241
|gen|9
|tier|[Gen 9 Champions] VGC 2026 Reg M-B (Bo3)
|rated|
|rule|Species Clause: Limit one of each Pokémon
|rule|Item Clause: Limit 1 of each item
|clearpoke
|poke|p1|Eelektross, L50, M|
|poke|p1|Garchomp, L50, F|
|poke|p1|Talonflame, L50, M|
|poke|p1|Incineroar, L50, M|
|poke|p1|Sinistcha, L50|
|poke|p1|Floette-Eternal, L50, F|
|poke|p2|Floette-Eternal, L50, F|
|poke|p2|Charizard, L50, F|
|poke|p2|Aerodactyl, L50, M|
|poke|p2|Garchomp, L50, M|
|poke|p2|Incineroar, L50, F|
|poke|p2|Farigiraf, L50, M, shiny|
|teampreview|4
|showteam|p1|Eelektross||Eelektrossite|Levitate|Discharge,GrassKnot,Protect,Thunderbolt|Modest||M|||50|]Garchomp||LifeOrb|RoughSkin|Earthquake,DragonClaw,Protect,RockSlide|Adamant||F|||50|]Talonflame||WideLens|GaleWings|DualWingbeat,Tailwind,Protect,WillOWisp|Jolly||M|||50|]Incineroar||ChopleBerry|Intimidate|PartingShot,FakeOut,ThroatChop,FlareBlitz|Impish||M|||50|]Sinistcha||SitrusBerry|Hospitality|MatchaGotcha,RagePowder,Protect,TrickRoom|Calm|||||50|]Floette-Eternal||Floettite|FlowerVeil|Moonblast,DazzlingGleam,CalmMind,Protect|Modest||F|||50|
|showteam|p2|Floette-Eternal||Floettite|FlowerVeil|LightofRuin,DazzlingGleam,Moonblast,Protect|Modest||F|||50|]Charizard||CharizarditeY|Blaze|HeatWave,SolarBeam,WeatherBall,Protect|Modest||F|||50|]Aerodactyl||FocusSash|RockHead|RockSlide,Tailwind,WideGuard,Protect|Jolly||M|||50|]Garchomp||LifeOrb|RoughSkin|DragonClaw,Earthquake,StompingTantrum,Protect|Adamant||M|||50|]Incineroar||Charcoal|Intimidate|FakeOut,FlareBlitz,PartingShot,DarkestLariat|Impish||F|||50|]Farigiraf||SitrusBerry|ArmorTail|Psychic,HelpingHand,TrickRoom,Protect|Bold||M|||50|
|inactive|Battle timer is ON: inactive players will automatically lose when time's up. (requested by Passevgc)
|
|t:|1782490233
|teamsize|p1|4
|teamsize|p2|4
|start
|switch|p1a: Garchomp|Garchomp, L50, F|100/100
|switch|p1b: Eelektross|Eelektross, L50, M|100/100
|switch|p2a: Floette|Floette-Eternal, L50, F|100/100
|switch|p2b: Aerodactyl|Aerodactyl, L50, M|100/100
|turn|1
|
|t:|1782490244
|detailschange|p1b: Eelektross|Eelektross-Mega, L50, M
|-mega|p1b: Eelektross|Eelektross|Eelektrossite
|move|p2b: Aerodactyl|Tailwind|p2b: Aerodactyl
|-sidestart|p2: Passevgc|move: Tailwind
|move|p2a: Floette|Dazzling Gleam|p1a: Garchomp|[spread] p1a,p1b
|-supereffective|p1a: Garchomp|1
|-crit|p1a: Garchomp
|-damage|p1a: Garchomp|0 fnt
|-damage|p1b: Eelektross|69/100
|faint|p1a: Garchomp
|move|p1b: Eelektross|Discharge|p2a: Floette|[spread] p2a,p2b
|-supereffective|p2b: Aerodactyl|1
|-damage|p2a: Floette|70/100
|-damage|p2b: Aerodactyl|3/100
|-status|p2b: Aerodactyl|par
|
|upkeep
|
|t:|1782490258
|switch|p1a: Sinistcha|Sinistcha, L50|100/100
|-heal|p1b: Eelektross|94/100|[from] ability: Hospitality|[of] p1a: Sinistcha
|turn|2
|
|t:|1782490273
|detailschange|p2a: Floette|Floette-Mega, L50, F
|-mega|p2a: Floette|Floette|Floettite
|-ability|p2a: Floette|Fairy Aura
|move|p1b: Eelektross|Protect|p1b: Eelektross
|-singleturn|p1b: Eelektross|Protect
|move|p2a: Floette|Dazzling Gleam|p1a: Sinistcha|[spread] p1a
|-activate|p1b: Eelektross|move: Protect
|-damage|p1a: Sinistcha|56/100
|move|p2b: Aerodactyl|Rock Slide|p1b: Eelektross|[spread] p1a
|-activate|p1b: Eelektross|move: Protect
|-damage|p1a: Sinistcha|34/100
|-enditem|p1a: Sinistcha|Sitrus Berry|[eat]
|-heal|p1a: Sinistcha|58/100|[from] item: Sitrus Berry
|move|p1a: Sinistcha|Trick Room|p1a: Sinistcha
|-fieldstart|move: Trick Room|[of] p1a: Sinistcha
|
|upkeep
|turn|3
|
|t:|1782490292
|switch|p1a: Incineroar|Incineroar, L50, M|100/100
|-ability|p1a: Incineroar|Intimidate|boost
|-unboost|p2a: Floette|atk|1
|-unboost|p2b: Aerodactyl|atk|1
|switch|p2b: Garchomp|Garchomp, L50, M|100/100
|move|p2a: Floette|Protect|p2a: Floette
|-singleturn|p2a: Floette|Protect
|move|p1b: Eelektross|Thunderbolt|p2b: Garchomp
|-immune|p2b: Garchomp
|
|upkeep
|turn|4
|
|t:|1782490305
|switch|p2a: Incineroar|Incineroar, L50, F|100/100
|-ability|p2a: Incineroar|Intimidate|boost
|-unboost|p1a: Incineroar|atk|1
|-unboost|p1b: Eelektross|atk|1
|move|p2b: Garchomp|Protect|p2b: Garchomp
|-singleturn|p2b: Garchomp|Protect
|move|p1a: Incineroar|Fake Out|p2b: Garchomp
|-activate|p2b: Garchomp|move: Protect
|move|p1b: Eelektross|Thunderbolt|p2a: Incineroar
|-damage|p2a: Incineroar|51/100
|
|-sideend|p2: Passevgc|move: Tailwind
|upkeep
|turn|5
|
|t:|1782490326
|move|p2a: Incineroar|Fake Out|p1b: Eelektross
|-damage|p1b: Eelektross|82/100
|move|p1a: Incineroar|Parting Shot|p2b: Garchomp
|-unboost|p2b: Garchomp|atk|1
|-unboost|p2b: Garchomp|spa|1
|
|t:|1782490330
|switch|p1a: Sinistcha|Sinistcha, L50|58/100|[from] Parting Shot
|-heal|p1b: Eelektross|100/100|[from] ability: Hospitality|[of] p1a: Sinistcha
|cant|p1b: Eelektross|flinch
|move|p2b: Garchomp|Dragon Claw|p1a: Sinistcha
|-damage|p1a: Sinistcha|25/100
|-damage|p2b: Garchomp|90/100|[from] item: Life Orb
|
|upkeep
|turn|6
|
|t:|1782490356
|move|p2a: Incineroar|Flare Blitz|p1a: Sinistcha
|-supereffective|p1a: Sinistcha|1
|-damage|p1a: Sinistcha|0 fnt
|faint|p1a: Sinistcha
|-damage|p2a: Incineroar|44/100|[from] Recoil
|move|p1b: Eelektross|Thunderbolt|p2a: Incineroar
|-damage|p2a: Incineroar|0 fnt
|faint|p2a: Incineroar
|-ability|p1b: Eelektross|Eelevate|boost
|-boost|p1b: Eelektross|spa|1
|move|p2b: Garchomp|Dragon Claw|p1b: Eelektross
|-damage|p1b: Eelektross|56/100
|-damage|p2b: Garchomp|80/100|[from] item: Life Orb
|
|-fieldend|move: Trick Room
|upkeep
|
|t:|1782490374
|switch|p1a: Incineroar|Incineroar, L50, M|100/100
|switch|p2a: Floette|Floette-Mega, L50, F|70/100
|-ability|p2a: Floette|Fairy Aura
|-ability|p1a: Incineroar|Intimidate|boost
|-unboost|p2a: Floette|atk|1
|-unboost|p2b: Garchomp|atk|1
|turn|7
|
|t:|1782490389
|switch|p2b: Aerodactyl|Aerodactyl, L50, M|3/100 par
|move|p2a: Floette|Protect|p2a: Floette
|-singleturn|p2a: Floette|Protect
|move|p1a: Incineroar|Fake Out|p2a: Floette
|-activate|p2a: Floette|move: Protect
|move|p1b: Eelektross|Grass Knot|p2b: Aerodactyl
|-damage|p2b: Aerodactyl|0 fnt
|faint|p2b: Aerodactyl
|-ability|p1b: Eelektross|Eelevate|boost
|-boost|p1b: Eelektross|spa|1
|
|upkeep
|
|t:|1782490397
|switch|p2b: Garchomp|Garchomp, L50, M|80/100
|turn|8
|
|t:|1782490415
|move|p1b: Eelektross|Protect|p1b: Eelektross
|-singleturn|p1b: Eelektross|Protect
|move|p2b: Garchomp|Dragon Claw|p1b: Eelektross
|-activate|p1b: Eelektross|move: Protect
|move|p2a: Floette|Light of Ruin|p1b: Eelektross
|-activate|p1b: Eelektross|move: Protect
|move|p1a: Incineroar|Flare Blitz|p2a: Floette
|-damage|p2a: Floette|15/100
|-damage|p1a: Incineroar|83/100|[from] Recoil
|
|upkeep
|turn|9
|
|t:|1782490439
|move|p2b: Garchomp|Stomping Tantrum|p1a: Incineroar
|-supereffective|p1a: Incineroar|1
|-damage|p1a: Incineroar|4/100
|-damage|p2b: Garchomp|70/100|[from] item: Life Orb
|move|p2a: Floette|Light of Ruin|p1b: Eelektross
|-damage|p1b: Eelektross|0 fnt
|faint|p1b: Eelektross
|-damage|p2a: Floette|0 fnt|[from] Recoil
|faint|p2a: Floette
|move|p1a: Incineroar|Flare Blitz|p2b: Garchomp
|-resisted|p2b: Garchomp|1
|-damage|p2b: Garchomp|48/100
|-status|p2b: Garchomp|brn
|-damage|p1a: Incineroar|0 fnt|[from] ability: Rough Skin|[of] p2b: Garchomp
|faint|p1a: Incineroar
|
|win|Passevgc
||Passevgc is ready for game 3.
