|j|☆ClumbsyLilBeach
|j|☆barozj1
|html|ClumbsyLilBeachbarozj1    
|uhtml|bestof|Game 1 of a best-of-3
|t:|1785869354
|gametype|doubles
|player|p1|ClumbsyLilBeach|jasmine|1209
|player|p2|barozj1|2|1202
|gen|9
|tier|[Gen 9 Champions] VGC 2026 Reg M-B (Bo3)
|rated|
|rule|Species Clause: Limit one of each Pokémon
|rule|Item Clause: Limit 1 of each item
|clearpoke
|poke|p1|Swampert, L50, F|
|poke|p1|Pelipper, L50, M|
|poke|p1|Basculegion, L50, M, shiny|
|poke|p1|Slowbro, L50, F|
|poke|p1|Blastoise, L50, F|
|poke|p1|Milotic, L50, F, shiny|
|poke|p2|Charizard, L50, F|
|poke|p2|Garchomp, L50, F|
|poke|p2|Incineroar, L50, F|
|poke|p2|Venusaur, L50, M|
|poke|p2|Toxapex, L50, M|
|poke|p2|Sylveon, L50, M|
|teampreview|4
|showteam|p1|Swampert||Swampertite|Damp|Earthquake,Waterfall,BulkUp,Protect|Jolly||F|||50|]Pelipper||FocusSash|Drizzle|WideGuard,Tailwind,Hurricane,WeatherBall|Modest||M|||50|]Basculegion||ChoiceScarf|Adaptability|LastRespects,WaveCrash,FlipTurn,AquaJet|Jolly||M|||50|]Slowbro||Leftovers|Oblivious|TrickRoom,HealPulse,RainDance,PsychicNoise|Relaxed||F|||50|]Blastoise||Blastoisinite|RainDish|FakeOut,DarkPulse,WaterSpout,AuraSphere|Quiet||F|||50|]Milotic||SitrusBerry|Competitive|Protect,Scald,IceBeam,IcyWind|Modest||F|||50|
|showteam|p2|Charizard||CharizarditeY|SolarPower|WeatherBall,HeatWave,AncientPower,Protect|Modest||F|||50|]Garchomp||ChoiceScarf|RoughSkin|RockSlide,DragonClaw,Earthquake,StompingTantrum|Adamant||F|||50|]Incineroar||SitrusBerry|Intimidate|FlareBlitz,FakeOut,DarkestLariat,PartingShot|Impish||F|||50|]Venusaur||LifeOrb|Chlorophyll|SludgeBomb,LeafStorm,EarthPower,Protect|Modest||M|||50|]Toxapex||Leftovers|Regenerator|Infestation,Toxic,WideGuard,BanefulBunker|Bold||M|||50|]Sylveon||FairyFeather|Pixilate|HyperVoice,QuickAttack,Yawn,Detect|Modest||M|||50|
|inactive|Battle timer is ON: inactive players will automatically lose when time's up. (requested by ClumbsyLilBeach)
|
|t:|1785869377
|teamsize|p1|4
|teamsize|p2|4
|start
|switch|p1a: Chinook|Basculegion, L50, M, shiny|100/100
|switch|p1b: Blastoise|Blastoise, L50, F|100/100
|switch|p2a: Venusaur|Venusaur, L50, M|100/100
|switch|p2b: Charizard|Charizard, L50, F|100/100
|turn|1
|
|t:|1785869400
|detailschange|p2b: Charizard|Charizard-Mega-Y, L50, F
|-mega|p2b: Charizard|Charizard|Charizardite Y
|-weather|SunnyDay|[from] ability: Drought|[of] p2b: Charizard
|detailschange|p1b: Blastoise|Blastoise-Mega, L50, F
|-mega|p1b: Blastoise|Blastoise|Blastoisinite
|move|p1b: Blastoise|Fake Out|p2a: Venusaur
|-damage|p2a: Venusaur|88/100
|cant|p2a: Venusaur|flinch
|move|p1a: Chinook|Flip Turn|p2a: Venusaur
|-resisted|p2a: Venusaur|1
|-crit|p2a: Venusaur
|-damage|p2a: Venusaur|74/100
|
|t:|1785869413
|switch|p1a: Pelipper|Pelipper, L50, M|100/100|[from] Flip Turn
|-weather|RainDance|[from] ability: Drizzle|[of] p1a: Pelipper
|move|p2b: Charizard|Weather Ball|p1b: Blastoise
|-resisted|p1b: Blastoise|1
|-damage|p1b: Blastoise|74/100
|
|-weather|RainDance|[upkeep]
|upkeep
|turn|2
|
|t:|1785869432
|switch|p2b: Toxapex|Toxapex, L50, M|100/100
|move|p2a: Venusaur|Leaf Storm|p1b: Blastoise
|-supereffective|p1b: Blastoise|1
|-damage|p1b: Blastoise|0 fnt
|-unboost|p2a: Venusaur|spa|2
|faint|p1b: Blastoise
|-damage|p2a: Venusaur|65/100|[from] item: Life Orb
|move|p1a: Pelipper|Tailwind|p1a: Pelipper
|-sidestart|p1: ClumbsyLilBeach|move: Tailwind
|
|-weather|RainDance|[upkeep]
|upkeep
|
|t:|1785869448
|switch|p1b: Milotic|Milotic, L50, F, shiny|100/100
|turn|3
|
|t:|1785869463
|switch|p2a: Charizard|Charizard-Mega-Y, L50, F|100/100
|-weather|SunnyDay|[from] ability: Drought|[of] p2a: Charizard
|move|p1a: Pelipper|Hurricane|p2b: Toxapex|[miss]
|-miss|p1a: Pelipper|p2b: Toxapex
|move|p1b: Milotic|Icy Wind|p2b: Toxapex|[spread] p2b
|-miss|p1b: Milotic|p2a: Charizard
|-resisted|p2b: Toxapex|1
|-damage|p2b: Toxapex|95/100
|-unboost|p2b: Toxapex|spe|1
|move|p2b: Toxapex|Toxic|p1b: Milotic
|-status|p1b: Milotic|tox
|
|-weather|SunnyDay|[upkeep]
|-heal|p2b: Toxapex|100/100|[from] item: Leftovers
|-damage|p1b: Milotic|93/100 tox|[from] psn
|upkeep
|turn|4
|inactive|ClumbsyLilBeach has 30 seconds left.
|inactive|ClumbsyLilBeach has 20 seconds left.
|inactive|ClumbsyLilBeach has 15 seconds left.
|
|t:|1785869507
|switch|p1a: Chinook|Basculegion, L50, M, shiny|100/100
|move|p1b: Milotic|Icy Wind|p2b: Toxapex|[spread] p2a,p2b
|-resisted|p2b: Toxapex|1
|-damage|p2a: Charizard|90/100
|-damage|p2b: Toxapex|95/100
|-unboost|p2a: Charizard|spe|1
|-unboost|p2b: Toxapex|spe|1
|move|p2a: Charizard|Ancient Power|p1a: Chinook
|-damage|p1a: Chinook|77/100
|move|p2b: Toxapex|Toxic|p1a: Chinook
|-status|p1a: Chinook|tox
|
|-weather|SunnyDay|[upkeep]
|-heal|p2b: Toxapex|100/100|[from] item: Leftovers
|-damage|p1a: Chinook|71/100 tox|[from] psn
|-damage|p1b: Milotic|81/100 tox|[from] psn
|upkeep
|turn|5
|
|t:|1785869530
|switch|p2a: Incineroar|Incineroar, L50, F|100/100
|-ability|p2a: Incineroar|Intimidate|boost
|-unboost|p1a: Chinook|atk|1
|-unboost|p1b: Milotic|atk|1
|-ability|p1b: Milotic|Competitive|boost
|-boost|p1b: Milotic|spa|2
|move|p1a: Chinook|Last Respects|p2a: Incineroar
|-resisted|p2a: Incineroar|1
|-damage|p2a: Incineroar|85/100
|move|p1b: Milotic|Scald|p2b: Toxapex
|-resisted|p2b: Toxapex|1
|-damage|p2b: Toxapex|86/100
|move|p2b: Toxapex|Infestation|p1b: Milotic
|-damage|p1b: Milotic|79/100 tox
|-activate|p1b: Milotic|move: Infestation|[of] p2b: Toxapex
|
|-weather|SunnyDay|[upkeep]
|-heal|p2b: Toxapex|92/100|[from] item: Leftovers
|-damage|p1a: Chinook|59/100 tox|[from] psn
|-damage|p1b: Milotic|60/100 tox|[from] psn
|-damage|p1b: Milotic|48/100 tox|[from] move: Infestation|[partiallytrapped]
|-sideend|p1: ClumbsyLilBeach|move: Tailwind
|upkeep
|-enditem|p1b: Milotic|Sitrus Berry|[eat]
|-heal|p1b: Milotic|73/100 tox|[from] item: Sitrus Berry
|turn|6
|inactive|ClumbsyLilBeach has 30 seconds left.
|
|t:|1785869564
|switch|p1a: Pelipper|Pelipper, L50, M|100/100
|-weather|RainDance|[from] ability: Drizzle|[of] p1a: Pelipper
|move|p2a: Incineroar|Fake Out|p1b: Milotic
|-damage|p1b: Milotic|62/100 tox
|cant|p1b: Milotic|flinch
|move|p2b: Toxapex|Infestation|p1a: Pelipper
|-resisted|p1a: Pelipper|1
|-damage|p1a: Pelipper|97/100
|-activate|p1a: Pelipper|move: Infestation|[of] p2b: Toxapex
|
|-weather|RainDance|[upkeep]
|-heal|p2b: Toxapex|98/100|[from] item: Leftovers
|-damage|p1b: Milotic|38/100 tox|[from] psn
|-damage|p1a: Pelipper|84/100|[from] move: Infestation|[partiallytrapped]
|-damage|p1b: Milotic|25/100 tox|[from] move: Infestation|[partiallytrapped]
|upkeep
|turn|7
|
|t:|1785869588
|switch|p2a: Charizard|Charizard-Mega-Y, L50, F|90/100
|-weather|SunnyDay|[from] ability: Drought|[of] p2a: Charizard
|move|p1a: Pelipper|Hurricane|p2b: Toxapex
|-damage|p2b: Toxapex|59/100
|-start|p2b: Toxapex|confusion
|move|p1b: Milotic|Scald|p2a: Charizard
|-supereffective|p2a: Charizard|1
|-damage|p2a: Charizard|28/100
|-activate|p2b: Toxapex|confusion
|-damage|p2b: Toxapex|55/100|[from] confusion
|
|-weather|SunnyDay|[upkeep]
|-heal|p2b: Toxapex|61/100|[from] item: Leftovers
|-damage|p1b: Milotic|0 fnt|[from] psn
|faint|p1b: Milotic
|-damage|p1a: Pelipper|72/100|[from] move: Infestation|[partiallytrapped]
|upkeep
|
|t:|1785869608
|switch|p1b: Chinook|Basculegion, L50, M, shiny|59/100 tox
|turn|8
|
|t:|1785869617
|-heal|p2b: Toxapex|94/100|[from] ability: Regenerator|[silent]
|switch|p2b: Incineroar|Incineroar, L50, F|85/100
|-ability|p2b: Incineroar|Intimidate|boost
|-unboost|p1a: Pelipper|atk|1
|-unboost|p1b: Chinook|atk|1
|move|p1b: Chinook|Last Respects|p2b: Incineroar
|-resisted|p2b: Incineroar|1
|-damage|p2b: Incineroar|63/100
|move|p2a: Charizard|Ancient Power|p1a: Pelipper
|-supereffective|p1a: Pelipper|1
|-damage|p1a: Pelipper|0 fnt
|faint|p1a: Pelipper
|
|-weather|SunnyDay|[upkeep]
|-damage|p1b: Chinook|53/100 tox|[from] psn
|upkeep
|turn|9
|-message|ClumbsyLilBeach forfeited.
|
|win|barozj1
||barozj1 is ready for game 2.
||ClumbsyLilBeach is ready for game 2.
|uhtml|next|Next: Game 2 of 3
|l|☆ClumbsyLilBeach
|player|p1|
|j|☆ClumbsyLilBeach
|player|p1|ClumbsyLilBeach|jasmine|
