|j|☆KirkGPT
|j|☆lettitripppp
|html|KirkGPTlettitripppp    
|uhtml|bestof|Game 2 of a best-of-3
|t:|1786077324
|gametype|doubles
|player|p1|KirkGPT|101|1399
|player|p2|lettitripppp|lucas|1283
|gen|9
|tier|[Gen 9 Champions] VGC 2026 Reg M-B (Bo3)
|rated|
|rule|Species Clause: Limit one of each Pokémon
|rule|Item Clause: Limit 1 of each item
|clearpoke
|poke|p1|Charizard, L50, M|
|poke|p1|Annihilape, L50, F, shiny|
|poke|p1|Toxapex, L50, M, shiny|
|poke|p1|Incineroar, L50, M|
|poke|p1|Venusaur, L50, M|
|poke|p1|Garchomp, L50, M|
|poke|p2|Froslass, L50, F|
|poke|p2|Scovillain, L50, F|
|poke|p2|Basculegion, L50, M|
|poke|p2|Kingambit, L50, F, shiny|
|poke|p2|Lycanroc-Dusk, L50, F, shiny|
|poke|p2|Sneasler, L50, M, shiny|
|teampreview|4
|showteam|p1|Charizard||CharizarditeY|Blaze|WeatherBall,HeatWave,HelpingHand,Protect|Modest||M|||50|]Annihilape||FocusSash|Defiant|CloseCombat,PhantomForce,RockTomb,Protect|Jolly||F|||50|]Toxapex||Leftovers|Regenerator|Infestation,Toxic,WideGuard,BanefulBunker|Relaxed||M|||50|]Incineroar||SitrusBerry|Intimidate|FlareBlitz,ThroatChop,PartingShot,FakeOut|Impish||M|||50|]Venusaur||LifeOrb|Chlorophyll|LeafStorm,SludgeBomb,EarthPower,Protect|Modest||M|||50|]Garchomp||ChoiceScarf|RoughSkin|Earthquake,DragonClaw,StompingTantrum,RockSlide|Adamant||M|||50|
|showteam|p2|Froslass||Froslassite|CursedBody|Thunderbolt,ShadowBall,Blizzard,Protect|Timid||F|||50|]Scovillain||Scovillainite|Moody|RagePowder,GigaDrain,Overheat,Protect|Bold||F|||50|]Basculegion||MysticWater|Adaptability|LastRespects,WaveCrash,AquaJet,Protect|Adamant||M|||50|]Kingambit||LifeOrb|Defiant|KowtowCleave,SwordsDance,SuckerPunch,Protect|Adamant||F|||50|]Lycanroc-Dusk||FocusSash|ToughClaws|CloseCombat,Accelerock,RockSlide,Protect|Adamant||F|||50|]Sneasler||WhiteHerb|Unburden|CloseCombat,DireClaw,FakeOut,Protect|Adamant||M|||50|
|inactive|Battle timer is ON: inactive players will automatically lose when time's up. (requested by lettitripppp)
|inactive|lettitripppp has 60 seconds left.
|
|t:|1786077362
|teamsize|p1|4
|teamsize|p2|4
|start
|switch|p1a: Annihilape|Annihilape, L50, F, shiny|100/100
|switch|p1b: Toxapex|Toxapex, L50, M, shiny|100/100
|switch|p2a: GENERAL BLADUS|Kingambit, L50, F, shiny|100/100
|switch|p2b: ASKIN|Sneasler, L50, M, shiny|100/100
|turn|1
|inactive|KirkGPT has 30 seconds left.
|
|t:|1786077396
|switch|p2b: SNOW PHATOM|Froslass, L50, F|100/100
|move|p2a: GENERAL BLADUS|Protect|p2a: GENERAL BLADUS
|-singleturn|p2a: GENERAL BLADUS|Protect
|move|p1a: Annihilape|Close Combat|p2a: GENERAL BLADUS
|-activate|p2a: GENERAL BLADUS|move: Protect
|move|p1b: Toxapex|Infestation|p2b: SNOW PHATOM
|-resisted|p2b: SNOW PHATOM|1
|-damage|p2b: SNOW PHATOM|98/100
|-activate|p2b: SNOW PHATOM|move: Infestation|[of] p1b: Toxapex
|
|-damage|p2b: SNOW PHATOM|85/100|[from] move: Infestation|[partiallytrapped]
|upkeep
|turn|2
|
|t:|1786077414
|detailschange|p2b: SNOW PHATOM|Froslass-Mega, L50, F
|-mega|p2b: SNOW PHATOM|Froslass|Froslassite
|-weather|Snowscape|[from] ability: Snow Warning|[of] p2b: SNOW PHATOM
|move|p1a: Annihilape|Protect|p1a: Annihilape
|-singleturn|p1a: Annihilape|Protect
|move|p2a: GENERAL BLADUS|Sucker Punch||[still]
|-fail|p2a: GENERAL BLADUS
|move|p2b: SNOW PHATOM|Shadow Ball|p1a: Annihilape
|-activate|p1a: Annihilape|move: Protect
|move|p1b: Toxapex|Toxic|p2b: SNOW PHATOM
|-status|p2b: SNOW PHATOM|tox
|
|-weather|Snowscape|[upkeep]
|-damage|p2b: SNOW PHATOM|79/100 tox|[from] psn
|-damage|p2b: SNOW PHATOM|67/100 tox|[from] move: Infestation|[partiallytrapped]
|upkeep
|turn|3
|
|t:|1786077436
|switch|p1a: Incineroar|Incineroar, L50, M|100/100
|-ability|p1a: Incineroar|Intimidate|boost
|-unboost|p2a: GENERAL BLADUS|atk|1
|-ability|p2a: GENERAL BLADUS|Defiant|boost
|-boost|p2a: GENERAL BLADUS|atk|2
|-unboost|p2b: SNOW PHATOM|atk|1
|move|p2b: SNOW PHATOM|Blizzard|p1b: Toxapex|[spread] p1a,p1b
|-resisted|p1a: Incineroar|1
|-resisted|p1b: Toxapex|1
|-damage|p1a: Incineroar|81/100
|-damage|p1b: Toxapex|86/100
|move|p2a: GENERAL BLADUS|Kowtow Cleave|p1a: Incineroar
|-resisted|p1a: Incineroar|1
|-damage|p1a: Incineroar|44/100
|-enditem|p1a: Incineroar|Sitrus Berry|[eat]
|-heal|p1a: Incineroar|69/100|[from] item: Sitrus Berry
|-damage|p2a: GENERAL BLADUS|90/100|[from] item: Life Orb
|move|p1b: Toxapex|Infestation|p2a: GENERAL BLADUS
|-damage|p2a: GENERAL BLADUS|87/100
|-activate|p2a: GENERAL BLADUS|move: Infestation|[of] p1b: Toxapex
|
|-weather|Snowscape|[upkeep]
|-heal|p1b: Toxapex|92/100|[from] item: Leftovers
|-damage|p2b: SNOW PHATOM|55/100 tox|[from] psn
|-damage|p2b: SNOW PHATOM|43/100 tox|[from] move: Infestation|[partiallytrapped]
|-damage|p2a: GENERAL BLADUS|75/100|[from] move: Infestation|[partiallytrapped]
|upkeep
|turn|4
|inactive|KirkGPT has 30 seconds left.
|
|t:|1786077465
|switch|p2b: ASKIN|Sneasler, L50, M, shiny|100/100
|move|p1a: Incineroar|Flare Blitz|p2a: GENERAL BLADUS
|-supereffective|p2a: GENERAL BLADUS|1
|-damage|p2a: GENERAL BLADUS|7/100
|-damage|p1a: Incineroar|46/100|[from] Recoil
|move|p2a: GENERAL BLADUS|Kowtow Cleave|p1b: Toxapex
|-crit|p1b: Toxapex
|-damage|p1b: Toxapex|3/100
|-damage|p2a: GENERAL BLADUS|0 fnt|[from] item: Life Orb
|faint|p2a: GENERAL BLADUS
|move|p1b: Toxapex|Infestation|p2b: ASKIN
|-resisted|p2b: ASKIN|2
|-damage|p2b: ASKIN|99/100
|-activate|p2b: ASKIN|move: Infestation|[of] p1b: Toxapex
|
|-weather|Snowscape|[upkeep]
|-heal|p1b: Toxapex|8/100|[from] item: Leftovers
|-damage|p2b: ASKIN|87/100|[from] move: Infestation|[partiallytrapped]
|upkeep
|
|t:|1786077477
|switch|p2a: GHOSTWAVE|Basculegion, L50, M|100/100
|turn|5
|
|t:|1786077486
|move|p2b: ASKIN|Close Combat|p1a: Incineroar
|-supereffective|p1a: Incineroar|1
|-damage|p1a: Incineroar|0 fnt
|-unboost|p2b: ASKIN|def|1
|-unboost|p2b: ASKIN|spd|1
|faint|p1a: Incineroar
|-enditem|p2b: ASKIN|White Herb
|-clearnegativeboost|p2b: ASKIN|[silent]
|move|p2a: GHOSTWAVE|Last Respects|p1b: Toxapex
|-damage|p1b: Toxapex|0 fnt
|faint|p1b: Toxapex
|
|-weather|Snowscape|[upkeep]
|-end|p2b: ASKIN|Infestation|[partiallytrapped]|[silent]
|upkeep
|
|t:|1786077490
|switch|p1a: Garchomp|Garchomp, L50, M|100/100
|switch|p1b: Annihilape|Annihilape, L50, F, shiny|100/100
|turn|6
|
|t:|1786077508
|move|p2b: ASKIN|Close Combat|p1a: Garchomp
|-damage|p1a: Garchomp|37/100
|-unboost|p2b: ASKIN|def|1
|-unboost|p2b: ASKIN|spd|1
|-damage|p2b: ASKIN|75/100|[from] ability: Rough Skin|[of] p1a: Garchomp
|move|p1a: Garchomp|Earthquake|p2a: GHOSTWAVE|[spread] p1b,p2a,p2b
|-supereffective|p2b: ASKIN|1
|-damage|p1b: Annihilape|53/100
|-damage|p2a: GHOSTWAVE|51/100
|-damage|p2b: ASKIN|0 fnt
|faint|p2b: ASKIN
|move|p1b: Annihilape|Phantom Force||[still]
|-prepare|p1b: Annihilape|Phantom Force
|move|p2a: GHOSTWAVE|Last Respects|p1a: Garchomp
|-damage|p1a: Garchomp|0 fnt
|faint|p1a: Garchomp
|
|-weather|none
|upkeep
|
|t:|1786077521
|switch|p2b: SNOW PHATOM|Froslass-Mega, L50, F|43/100 tox
|-weather|Snowscape|[from] ability: Snow Warning|[of] p2b: SNOW PHATOM
|turn|7
|
|t:|1786077528
|move|p2b: SNOW PHATOM|Shadow Ball|p1b: Annihilape|[miss]
|-miss|p2b: SNOW PHATOM|p1b: Annihilape
|move|p1b: Annihilape|Phantom Force|p2a: GHOSTWAVE|[from] lockedmove
|-supereffective|p2a: GHOSTWAVE|1
|-damage|p2a: GHOSTWAVE|0 fnt
|faint|p2a: GHOSTWAVE
|
|-weather|Snowscape|[upkeep]
|-damage|p2b: SNOW PHATOM|37/100 tox|[from] psn
|upkeep
|turn|8
|
|t:|1786077538
|move|p1b: Annihilape|Protect|p1b: Annihilape
|-singleturn|p1b: Annihilape|Protect
|move|p2b: SNOW PHATOM|Shadow Ball|p1b: Annihilape
|-activate|p1b: Annihilape|move: Protect
|
|-weather|Snowscape|[upkeep]
|-damage|p2b: SNOW PHATOM|25/100 tox|[from] psn
|upkeep
|turn|9
|
|t:|1786077545
|move|p1b: Annihilape|Protect||[still]
|-fail|p1b: Annihilape
|move|p2b: SNOW PHATOM|Shadow Ball|p1b: Annihilape
|-supereffective|p1b: Annihilape|1
|-damage|p1b: Annihilape|0 fnt
|faint|p1b: Annihilape
|
|win|lettitripppp
|raw|KirkGPT's rating: 1399 → 1373(-26 for losing)
|raw|lettitripppp's rating: 1283 → 1316(+33 for winning)
|l|☆KirkGPT
|player|p1|
