|j|☆TheLegendaryAries
|j|☆yagomg
|html|TheLegendaryAriesyagomg    
|uhtml|bestof|Game 2 of a best-of-3
|t:|1784064681
|gametype|doubles
|player|p1|TheLegendaryAries|2|1054
|player|p2|yagomg|101|1119
|gen|9
|tier|[Gen 9 Champions] VGC 2026 Reg M-B (Bo3)
|rated|
|rule|Species Clause: Limit one of each Pokémon
|rule|Item Clause: Limit 1 of each item
|clearpoke
|poke|p1|Venusaur, L50, F, shiny|
|poke|p1|Gyarados, L50, M, shiny|
|poke|p1|Ninetales, L50, F, shiny|
|poke|p1|Garchomp, L50, M, shiny|
|poke|p1|Kingambit, L50, M, shiny|
|poke|p1|Sylveon, L50, M, shiny|
|poke|p2|Kingambit, L50, M|
|poke|p2|Camerupt, L50, M|
|poke|p2|Farigiraf, L50, F|
|poke|p2|Hatterene, L50, F|
|poke|p2|Glimmora, L50, M|
|poke|p2|Gallade, L50, M|
|teampreview|4
|showteam|p1|Venusaur||Venusaurite|Chlorophyll|GigaDrain,SludgeBomb,EarthPower,Protect|Modest||F|||50|]Gyarados||Gyaradosite|Intimidate|Waterfall,Crunch,DragonDance,Protect|Adamant||M|||50|]Ninetales||Charcoal|Drought|HeatWave,Snarl,Flamethrower,Protect|Timid||F|||50|]Garchomp||ExpertBelt|RoughSkin|StompingTantrum,DragonClaw,RockSlide,Protect|Jolly||M|||50|]Kingambit||SitrusBerry|Defiant|KowtowCleave,SuckerPunch,IronHead,Protect|Adamant||M|||50|]Sylveon||FairyFeather|Pixilate|HyperVoice,Moonblast,QuickAttack,Detect|Modest||M|||50|
|showteam|p2|Kingambit||BlackGlasses|Defiant|KowtowCleave,SuckerPunch,IronHead,Protect|Brave||M|||50|]Camerupt||Cameruptite|SolidRock|EarthPower,HeatWave,AncientPower,Protect|Quiet||M|||50|]Farigiraf||ColburBerry|ArmorTail|Psychic,Thunderbolt,TrickRoom,HelpingHand|Quiet||F|||50|]Hatterene||LifeOrb|MagicBounce|TrickRoom,CalmMind,Psychic,DazzlingGleam|Quiet||F|||50|]Glimmora||IronBall|ToxicDebris|EarthPower,EnergyBall,PowerGem,SludgeBomb|Modest||M|||50|]Gallade||ScopeLens|Sharpness|SacredSword,WideGuard,LeafBlade,TrickRoom|Brave||M|||50|
|inactive|Battle timer is ON: inactive players will automatically lose when time's up. (requested by TheLegendaryAries)
|
|t:|1784064718
|teamsize|p1|4
|teamsize|p2|4
|start
|switch|p1a: Hanalea|Sylveon, L50, M, shiny|100/100
|switch|p1b: Bongcloud|Kingambit, L50, M, shiny|100/100
|switch|p2a: Gallade|Gallade, L50, M|100/100
|switch|p2b: Farigiraf|Farigiraf, L50, F|100/100
|turn|1
|
|t:|1784064735
|switch|p1b: Snake Man|Gyarados, L50, M, shiny|100/100
|-ability|p1b: Snake Man|Intimidate|boost
|-unboost|p2a: Gallade|atk|1
|-unboost|p2b: Farigiraf|atk|1
|move|p2a: Gallade|Sacred Sword|p1b: Snake Man
|-resisted|p1b: Snake Man|1
|-damage|p1b: Snake Man|72/100
|move|p1a: Hanalea|Moonblast|p2a: Gallade
|-supereffective|p2a: Gallade|1
|-damage|p2a: Gallade|4/100
|-unboost|p2a: Gallade|spa|1
|move|p2b: Farigiraf|Trick Room|p2b: Farigiraf
|-fieldstart|move: Trick Room|[of] p2b: Farigiraf
|
|upkeep
|turn|2
|
|t:|1784064753
|detailschange|p1b: Snake Man|Gyarados-Mega, L50, M, shiny
|-mega|p1b: Snake Man|Gyarados|Gyaradosite
|-ability|p1b: Snake Man|Mold Breaker
|move|p1a: Hanalea|Quick Attack||[still]
|cant|p2b: Farigiraf|ability: Armor Tail|Quick Attack|[of] p1a: Hanalea
|move|p2b: Farigiraf|Thunderbolt|p1b: Snake Man
|-supereffective|p1b: Snake Man|1
|-damage|p1b: Snake Man|28/100
|-status|p1b: Snake Man|par
|move|p1b: Snake Man|Crunch|p2b: Farigiraf
|-supereffective|p2b: Farigiraf|1
|-crit|p2b: Farigiraf
|-enditem|p2b: Farigiraf|Colbur Berry|[eat]
|-enditem|p2b: Farigiraf|Colbur Berry|[weaken]
|-damage|p2b: Farigiraf|30/100
|move|p2a: Gallade|Leaf Blade|p1b: Snake Man
|-supereffective|p1b: Snake Man|1
|-damage|p1b: Snake Man|0 fnt
|faint|p1b: Snake Man
|
|upkeep
|
|t:|1784064771
|switch|p1b: Bongcloud|Kingambit, L50, M, shiny|100/100
|turn|3
|
|t:|1784064793
|move|p1b: Bongcloud|Protect|p1b: Bongcloud
|-singleturn|p1b: Bongcloud|Protect
|move|p2b: Farigiraf|Psychic|p1a: Hanalea
|-damage|p1a: Hanalea|69/100
|move|p1a: Hanalea|Moonblast|p2b: Farigiraf
|-damage|p2b: Farigiraf|0 fnt
|faint|p2b: Farigiraf
|move|p2a: Gallade|Sacred Sword|p1b: Bongcloud
|-activate|p1b: Bongcloud|move: Protect
|
|upkeep
|
|t:|1784064806
|switch|p2b: Glimmora|Glimmora, L50, M|100/100
|turn|4
|
|t:|1784064819
|move|p1b: Bongcloud|Sucker Punch|p2a: Gallade
|-damage|p2a: Gallade|0 fnt
|faint|p2a: Gallade
|move|p2b: Glimmora|Sludge Bomb|p1a: Hanalea
|-supereffective|p1a: Hanalea|1
|-damage|p1a: Hanalea|1/100
|move|p1a: Hanalea|Moonblast|p2b: Glimmora
|-resisted|p2b: Glimmora|1
|-damage|p2b: Glimmora|68/100
|-unboost|p2b: Glimmora|spa|1
|
|upkeep
|
|t:|1784064832
|switch|p2a: Camerupt|Camerupt, L50, M|100/100
|turn|5
|
|t:|1784064840
|detailschange|p2a: Camerupt|Camerupt-Mega, L50, M
|-mega|p2a: Camerupt|Camerupt|Cameruptite
|move|p1b: Bongcloud|Protect|p1b: Bongcloud
|-singleturn|p1b: Bongcloud|Protect
|move|p1a: Hanalea|Detect|p1a: Hanalea
|-singleturn|p1a: Hanalea|Protect
|move|p2a: Camerupt|Heat Wave|p1b: Bongcloud|[spread] 
|-activate|p1a: Hanalea|move: Protect
|-activate|p1b: Bongcloud|move: Protect
|move|p2b: Glimmora|Earth Power|p1b: Bongcloud
|-activate|p1b: Bongcloud|move: Protect
|
|-fieldend|move: Trick Room
|upkeep
|turn|6
|
|t:|1784064859
|move|p1a: Hanalea|Moonblast|p2a: Camerupt
|-resisted|p2a: Camerupt|1
|-damage|p2a: Camerupt|73/100
|move|p1b: Bongcloud|Iron Head|p2b: Glimmora
|-supereffective|p2b: Glimmora|1
|-damage|p2b: Glimmora|0 fnt
|-activate|p2b: Glimmora|ability: Toxic Debris
|-sidestart|p1: TheLegendaryAries|move: Toxic Spikes
|faint|p2b: Glimmora
|move|p2a: Camerupt|Heat Wave|p1a: Hanalea|[spread] p1a,p1b
|-supereffective|p1b: Bongcloud|1
|-damage|p1a: Hanalea|0 fnt
|-damage|p1b: Bongcloud|0 fnt
|faint|p1a: Hanalea
|faint|p1b: Bongcloud
|
|upkeep
|
|t:|1784064873
|switch|p1b: Flamecaster|Garchomp, L50, M, shiny|100/100
|-status|p1b: Flamecaster|psn
|turn|7
|
|t:|1784064877
|move|p2a: Camerupt|Protect|p2a: Camerupt
|-singleturn|p2a: Camerupt|Protect
|move|p1b: Flamecaster|Stomping Tantrum|p2a: Camerupt
|-activate|p2a: Camerupt|move: Protect
|
|-damage|p1b: Flamecaster|87/100 psn|[from] psn
|upkeep
|turn|8
|c|☆TheLegendaryAries|gg
|
|t:|1784064885
|move|p1b: Flamecaster|Stomping Tantrum|p2a: Camerupt
|-supereffective|p2a: Camerupt|1
|-damage|p2a: Camerupt|0 fnt
|faint|p2a: Camerupt
|
|win|TheLegendaryAries
|raw|TheLegendaryAries's rating: 1054 → 1092(+38 for winning)
|raw|yagomg's rating: 1119 → 1089(-30 for losing)
