|j|☆Test13974682
|j|☆p1ch1pichi
|html|Test13974682p1ch1pichi    
|uhtml|bestof|Game 1 of a best-of-3
|t:|1785156573
|gametype|doubles
|player|p1|Test13974682|266|1200
|player|p2|p1ch1pichi|n|1164
|gen|9
|tier|[Gen 9 Champions] VGC 2026 Reg M-B (Bo3)
|rated|
|rule|Species Clause: Limit one of each Pokémon
|rule|Item Clause: Limit 1 of each item
|clearpoke
|poke|p1|Raichu, L50, M|
|poke|p1|Farigiraf, L50, F|
|poke|p1|Arcanine-Hisui, L50, M|
|poke|p1|Sylveon, L50, M|
|poke|p1|Whimsicott, L50, M|
|poke|p1|Staraptor, L50, M|
|poke|p2|Raichu, L50, M, shiny|
|poke|p2|Meganium, L50, M, shiny|
|poke|p2|Pelipper, L50, M|
|poke|p2|Archaludon, L50, M|
|poke|p2|Sableye, L50, M|
|poke|p2|Basculegion, L50, M|
|teampreview|4
|showteam|p1|Raichu||RaichuniteY|LightningRod|ZapCannon,FocusBlast,FakeOut,Protect|Timid||M|||50|]Farigiraf||SitrusBerry|ArmorTail|PsychicFangs,Thunderbolt,HelpingHand,TrickRoom|Relaxed||F|||50|]Arcanine-Hisui||LifeOrb|RockHead|FlareBlitz,HeadSmash,ExtremeSpeed,Protect|Adamant||M|||50|]Sylveon||FairyFeather|Pixilate|HyperVoice,HyperBeam,QuickAttack,Detect|Modest||M|||50|]Whimsicott||FocusSash|Prankster|Moonblast,Tailwind,Charm,Protect|Timid||M|||50|]Staraptor||Staraptite|Intimidate|CloseCombat,BraveBird,Roost,Protect|Jolly||M|||50|
|showteam|p2|Raichu||RaichuniteX|LightningRod|Protect,FakeOut,VoltSwitch,RisingVoltage|Timid||M|||50|]Meganium||Meganiumite|Overgrow|Protect,SolarBeam,WeatherBall,DazzlingGleam|Modest||M|||50|]Pelipper||FocusSash|Drizzle|Soak,Tailwind,Hurricane,WeatherBall|Timid||M|||50|]Archaludon||Leftovers|Stamina|ElectroShot,FlashCannon,DracoMeteor,Protect|Modest||M|||50|]Sableye||RoseliBerry|Prankster|Quash,Reflect,LightScreen,RainDance|Bold||M|||50|]Basculegion||ChoiceScarf|Adaptability|FlipTurn,WaveCrash,AquaJet,LastRespects|Jolly||M|||50|
|inactive|Battle timer is ON: inactive players will automatically lose when time's up. (requested by p1ch1pichi)
|inactive|Test13974682 has 60 seconds left.
|inactive|Test13974682 has 30 seconds left.
|inactive|Test13974682 has 20 seconds left.
|
|t:|1785156646
|teamsize|p1|4
|teamsize|p2|4
|start
|switch|p1a: Raichu|Raichu, L50, M|100/100
|switch|p1b: Whimsicott|Whimsicott, L50, M|100/100
|switch|p2a: Hikaru|Raichu, L50, M, shiny|100/100
|switch|p2b: San Juanico|Archaludon, L50, M|100/100
|turn|1
|
|t:|1785156663
|switch|p1b: Farigiraf|Farigiraf, L50, F|100/100
|detailschange|p1a: Raichu|Raichu-Mega-Y, L50, M
|-mega|p1a: Raichu|Raichu|Raichunite Y
|detailschange|p2a: Hikaru|Raichu-Mega-X, L50, M, shiny
|-mega|p2a: Hikaru|Raichu|Raichunite X
|-fieldstart|move: Electric Terrain|[from] ability: Electric Surge|[of] p2a: Hikaru
|move|p2a: Hikaru|Fake Out||[still]
|cant|p1b: Farigiraf|ability: Armor Tail|Fake Out|[of] p2a: Hikaru
|move|p1a: Raichu|Focus Blast|p2b: San Juanico
|-supereffective|p2b: San Juanico|1
|-damage|p2b: San Juanico|2/100
|-ability|p2b: San Juanico|Stamina|boost
|-boost|p2b: San Juanico|def|1
|move|p2b: San Juanico|Flash Cannon|p1b: Farigiraf
|-damage|p1b: Farigiraf|63/100
|
|-heal|p2b: San Juanico|8/100|[from] item: Leftovers
|upkeep
|turn|2
|inactive|Test13974682 has 30 seconds left.
|inactive|Test13974682 has 20 seconds left.
|inactive|Test13974682 has 15 seconds left.
|inactive|Test13974682 has 10 seconds left.
|
|t:|1785156712
|switch|p2b: High Tide|Basculegion, L50, M|100/100
|move|p1a: Raichu|Focus Blast|p2a: Hikaru
|-damage|p2a: Hikaru|46/100
|move|p2a: Hikaru|Rising Voltage|p1b: Farigiraf
|-hint|Rising Voltage's BP doubled on grounded target.
|-damage|p1b: Farigiraf|15/100
|-enditem|p1b: Farigiraf|Sitrus Berry|[eat]
|-heal|p1b: Farigiraf|40/100|[from] item: Sitrus Berry
|move|p1b: Farigiraf|Thunderbolt|p2b: High Tide
|-supereffective|p2b: High Tide|1
|-damage|p2b: High Tide|37/100
|
|upkeep
|turn|3
|
|t:|1785156732
|move|p1a: Raichu|Protect|p1a: Raichu
|-singleturn|p1a: Raichu|Protect
|move|p2b: High Tide|Wave Crash|p1a: Raichu
|-activate|p1a: Raichu|move: Protect
|move|p2a: Hikaru|Rising Voltage|p1b: Farigiraf
|-hint|Rising Voltage's BP doubled on grounded target.
|-damage|p1b: Farigiraf|0 fnt
|faint|p1b: Farigiraf
|
|upkeep
|
|t:|1785156744
|switch|p1b: Whimsicott|Whimsicott, L50, M|100/100
|turn|4
|
|t:|1785156761
|move|p1b: Whimsicott|Tailwind|p1b: Whimsicott
|-sidestart|p1: Test13974682|move: Tailwind
|move|p1a: Raichu|Zap Cannon|p2b: High Tide
|-supereffective|p2b: High Tide|1
|-damage|p2b: High Tide|0 fnt
|faint|p2b: High Tide
|move|p2a: Hikaru|Volt Switch|p1b: Whimsicott
|-resisted|p1b: Whimsicott|1
|-damage|p1b: Whimsicott|74/100
|
|t:|1785156770
|switch|p2a: Inidoro|Pelipper, L50, M|100/100|[from] Volt Switch
|-weather|RainDance|[from] ability: Drizzle|[of] p2a: Inidoro
|
|-weather|RainDance|[upkeep]
|upkeep
|
|t:|1785156777
|switch|p2b: San Juanico|Archaludon, L50, M|8/100
|turn|5
|
|t:|1785156795
|move|p1a: Raichu|Zap Cannon|p2a: Inidoro
|-supereffective|p2a: Inidoro|2
|-enditem|p2a: Inidoro|Focus Sash
|-damage|p2a: Inidoro|1/100
|-status|p2a: Inidoro|par
|move|p1b: Whimsicott|Moonblast|p2b: San Juanico
|-damage|p2b: San Juanico|0 fnt
|faint|p2b: San Juanico
|move|p2a: Inidoro|Weather Ball|p1a: Raichu
|-damage|p1a: Raichu|0 fnt
|faint|p1a: Raichu
|
|-weather|RainDance|[upkeep]
|-fieldend|move: Electric Terrain
|upkeep
|
|t:|1785156810
|switch|p1a: Sylveon|Sylveon, L50, M|100/100
|switch|p2b: Hikaru|Raichu-Mega-X, L50, M, shiny|46/100
|-fieldstart|move: Electric Terrain|[from] ability: Electric Surge|[of] p2b: Hikaru
|turn|6
|
|t:|1785156818
|move|p1b: Whimsicott|Protect|p1b: Whimsicott
|-singleturn|p1b: Whimsicott|Protect
|move|p1a: Sylveon|Detect|p1a: Sylveon
|-singleturn|p1a: Sylveon|Protect
|move|p2b: Hikaru|Fake Out|p1a: Sylveon
|-activate|p1a: Sylveon|move: Protect
|move|p2a: Inidoro|Hurricane|p1b: Whimsicott
|-activate|p1b: Whimsicott|move: Protect
|
|-weather|RainDance|[upkeep]
|upkeep
|turn|7
|
|t:|1785156839
|move|p2b: Hikaru|Protect|p2b: Hikaru
|-singleturn|p2b: Hikaru|Protect
|move|p1b: Whimsicott|Moonblast|p2a: Inidoro
|-damage|p2a: Inidoro|0 fnt
|faint|p2a: Inidoro
|move|p1a: Sylveon|Hyper Voice|p2b: Hikaru
|-activate|p2b: Hikaru|move: Protect
|
|-weather|RainDance|[upkeep]
|-sideend|p1: Test13974682|move: Tailwind
|upkeep
|turn|8
|
|t:|1785156853
|move|p1a: Sylveon|Quick Attack|p2b: Hikaru
|-damage|p2b: Hikaru|34/100
|move|p1b: Whimsicott|Moonblast|p2b: Hikaru
|-damage|p2b: Hikaru|0 fnt
|faint|p2b: Hikaru
|
|win|Test13974682
||p1ch1pichi is ready for game 2.
|inactive|Test13974682 has 30 seconds to confirm battle start!
||Test13974682 is ready for game 2.
|uhtml|next|Next: Game 2 of 3
|l|☆Test13974682
|player|p1|
