|j|☆orkaros
|j|☆PikaSquadV
|html|orkarosPikaSquadV    
|uhtml|bestof|Game 3 of a best-of-3
|t:|1783535915
|gametype|doubles
|player|p1|orkaros|steven|1074
|player|p2|PikaSquadV|steven|1129
|gen|9
|tier|[Gen 9 Champions] VGC 2026 Reg M-B (Bo3)
|rated|
|rule|Species Clause: Limit one of each Pokémon
|rule|Item Clause: Limit 1 of each item
|clearpoke
|poke|p1|Delphox, L50, M|
|poke|p1|Blastoise, L50, F|
|poke|p1|Sneasler, L50, M|
|poke|p1|Incineroar, L50, F|
|poke|p1|Sinistcha, L50|
|poke|p1|Kingambit, L50, F|
|poke|p2|Archaludon, L50, M, shiny|
|poke|p2|Basculegion, L50, M, shiny|
|poke|p2|Meowscarada, L50, F, shiny|
|poke|p2|Meganium, L50, F, shiny|
|poke|p2|Pelipper, L50, F, shiny|
|poke|p2|Sneasler, L50, M, shiny|
|teampreview|4
|showteam|p1|Delphox||Delphoxite|Blaze|Protect,NastyPlot,HeatWave,Psyshock|Modest||M|||50|]Blastoise||Blastoisinite|RainDish|Protect,ShellSmash,WaterSpout,DarkPulse|Modest||F|||50|]Sneasler||FocusSash|PoisonTouch|CloseCombat,PoisonJab,FakeOut,QuickGuard|Jolly||M|||50|]Incineroar||SitrusBerry|Intimidate|FlareBlitz,FakeOut,ThroatChop,PartingShot|Impish||F|||50|]Sinistcha||KasibBerry|Hospitality|Protect,MatchaGotcha,RagePowder,LifeDew|Bold|||||50|]Kingambit||BlackGlasses|Defiant|SwordsDance,SuckerPunch,KowtowCleave,Protect|Adamant||F|||50|
|showteam|p2|Archaludon||Leftovers|Stamina|DragonPulse,FlashCannon,ElectroShot,StealthRock|Naive||M|||50|]Basculegion||MysticWater|Adaptability|FlipTurn,WaveCrash,AquaJet,LastRespects|Adamant||M|||50|]Meowscarada||ChoiceScarf|Protean|FlowerTrick,TripleAxel,Uturn,KnockOff|Adamant||F|||50|]Meganium||Meganiumite|Overgrow|DazzlingGleam,SolarBeam,WeatherBall,Protect|Timid||F|||50|]Pelipper||FocusSash|Drizzle|Hurricane,WeatherBall,Protect,Tailwind|Modest||F|||50|]Sneasler||WhiteHerb|Unburden|DireClaw,CloseCombat,FakeOut,Acrobatics|Adamant||M|||50|
|inactive|Battle timer is ON: inactive players will automatically lose when time's up. (requested by orkaros)
|inactive|PikaSquadV also wants the timer to be on.
|
|t:|1783535932
|teamsize|p1|4
|teamsize|p2|4
|start
|switch|p1a: Kingambit|Kingambit, L50, F|100/100
|switch|p1b: Sneasler|Sneasler, L50, M|100/100
|switch|p2a: Pelipper|Pelipper, L50, F, shiny|100/100
|switch|p2b: Archaludon|Archaludon, L50, M, shiny|100/100
|-weather|RainDance|[from] ability: Drizzle|[of] p2a: Pelipper
|turn|1
|
|t:|1783535950
|move|p2a: Pelipper|Protect|p2a: Pelipper
|-singleturn|p2a: Pelipper|Protect
|move|p1b: Sneasler|Fake Out|p2a: Pelipper
|-activate|p2a: Pelipper|move: Protect
|move|p2b: Archaludon|Electro Shot||[still]
|-prepare|p2b: Archaludon|Electro Shot
|-boost|p2b: Archaludon|spa|1
|-anim|p2b: Archaludon|Electro Shot|p1a: Kingambit
|-damage|p1a: Kingambit|48/100
|move|p1a: Kingambit|Swords Dance|p1a: Kingambit
|-boost|p1a: Kingambit|atk|2
|
|-weather|RainDance|[upkeep]
|upkeep
|turn|2
|inactive|orkaros has 30 seconds left.
|inactive|orkaros has 20 seconds left.
|inactive|orkaros has 15 seconds left.
|inactive|orkaros has 10 seconds left.
|inactive|orkaros has 5 seconds left.
|
|t:|1783536001
|move|p1b: Sneasler|Close Combat|p2b: Archaludon
|-supereffective|p2b: Archaludon|1
|-damage|p2b: Archaludon|1/100
|-unboost|p1b: Sneasler|def|1
|-unboost|p1b: Sneasler|spd|1
|-ability|p2b: Archaludon|Stamina|boost
|-boost|p2b: Archaludon|def|1
|move|p2b: Archaludon|Electro Shot||[still]
|-prepare|p2b: Archaludon|Electro Shot
|-boost|p2b: Archaludon|spa|1
|-anim|p2b: Archaludon|Electro Shot|p1a: Kingambit
|-damage|p1a: Kingambit|0 fnt
|faint|p1a: Kingambit
|move|p2a: Pelipper|Tailwind|p2a: Pelipper
|-sidestart|p2: PikaSquadV|move: Tailwind
|
|-weather|RainDance|[upkeep]
|-heal|p2b: Archaludon|7/100|[from] item: Leftovers
|upkeep
|inactive|orkaros has 30 seconds left.
|inactive|orkaros has 20 seconds left.
|inactive|orkaros has 15 seconds left.
|
|t:|1783536043
|switch|p1a: Delphox|Delphox, L50, M|100/100
|turn|3
|
|t:|1783536061
|detailschange|p1a: Delphox|Delphox-Mega, L50, M
|-mega|p1a: Delphox|Delphox|Delphoxite
|move|p2b: Archaludon|Electro Shot||[still]
|-prepare|p2b: Archaludon|Electro Shot
|-boost|p2b: Archaludon|spa|1
|-anim|p2b: Archaludon|Electro Shot|p1a: Delphox
|-damage|p1a: Delphox|13/100
|move|p2a: Pelipper|Weather Ball|p1b: Sneasler
|-enditem|p1b: Sneasler|Focus Sash
|-damage|p1b: Sneasler|1/100
|move|p1a: Delphox|Nasty Plot|p1a: Delphox
|-boost|p1a: Delphox|spa|2
|move|p1b: Sneasler|Poison Jab|p2a: Pelipper
|-damage|p2a: Pelipper|53/100
|
|-weather|RainDance|[upkeep]
|-heal|p2b: Archaludon|13/100|[from] item: Leftovers
|upkeep
|turn|4
|inactive|PikaSquadV has 30 seconds left.
|
|t:|1783536088
|switch|p1b: Sinistcha|Sinistcha, L50|100/100
|-heal|p1a: Delphox|37/100|[from] ability: Hospitality|[of] p1b: Sinistcha
|move|p1a: Delphox|Protect|p1a: Delphox
|-singleturn|p1a: Delphox|Protect
|move|p2b: Archaludon|Dragon Pulse|p1b: Sinistcha
|-damage|p1b: Sinistcha|0 fnt
|faint|p1b: Sinistcha
|move|p2a: Pelipper|Weather Ball|p1a: Delphox
|-activate|p1a: Delphox|move: Protect
|
|-weather|RainDance|[upkeep]
|-heal|p2b: Archaludon|20/100r|[from] item: Leftovers
|upkeep
|
|t:|1783536097
|switch|p1b: Sneasler|Sneasler, L50, M|1/100
|turn|5
|
|t:|1783536119
|move|p2a: Pelipper|Protect|p2a: Pelipper
|-singleturn|p2a: Pelipper|Protect
|move|p1b: Sneasler|Fake Out|p2a: Pelipper
|-activate|p2a: Pelipper|move: Protect
|move|p2b: Archaludon|Electro Shot||[still]
|-prepare|p2b: Archaludon|Electro Shot
|-boost|p2b: Archaludon|spa|1
|-anim|p2b: Archaludon|Electro Shot|p1a: Delphox
|-damage|p1a: Delphox|0 fnt
|faint|p1a: Delphox
|
|-weather|none
|-heal|p2b: Archaludon|26/100|[from] item: Leftovers
|-sideend|p2: PikaSquadV|move: Tailwind
|upkeep
|turn|6
|-message|orkaros forfeited.
|raw|orkaros's rating: 1074 → 1056(-18 for losing)
|raw|PikaSquadV's rating: 1129 → 1150(+21 for winning)
|
|win|PikaSquadV
