|j|☆ultraclaw1
|j|☆MarkTheMarker
|html|ultraclaw1MarkTheMarker    
|uhtml|bestof|Game 3 of a best-of-3
|t:|1786130325
|gametype|doubles
|player|p1|ultraclaw1|brycenman|1410
|player|p2|MarkTheMarker|wallace|1309
|gen|9
|tier|[Gen 9 Champions] VGC 2026 Reg M-B (Bo3)
|rated|
|rule|Species Clause: Limit one of each Pokémon
|rule|Item Clause: Limit 1 of each item
|clearpoke
|poke|p1|Maushold, L50|
|poke|p1|Kingambit, L50, F|
|poke|p1|Garchomp, L50, F|
|poke|p1|Basculegion, L50, M|
|poke|p1|Talonflame, L50, M|
|poke|p1|Floette-Eternal, L50, F|
|poke|p2|Pelipper, L50, M|
|poke|p2|Swampert, L50, M|
|poke|p2|Archaludon, L50, M|
|poke|p2|Grimmsnarl, L50, M|
|poke|p2|Venusaur, L50, M|
|poke|p2|Charizard, L50, M|
|teampreview|4
|showteam|p1|Maushold||FocusSash|FriendGuard|SuperFang,Taunt,FollowMe,Protect|Timid|||||50|]Kingambit||ChopleBerry|Defiant|KowtowCleave,SuckerPunch,LowKick,IronHead|Adamant||F|||50|]Garchomp||LifeOrb|RoughSkin|RockSlide,Earthquake,DragonClaw,Protect|Jolly||F|||50|]Basculegion||MysticWater|Adaptability|WaveCrash,LastRespects,AquaJet,Protect|Adamant||M|||50|]Talonflame||SharpBeak|GaleWings|QuickGuard,DualWingbeat,Tailwind,Protect|Jolly||M|||50|]Floette-Eternal||Floettite|FlowerVeil|LightofRuin,Protect,Moonblast,DazzlingGleam|Modest||F|||50|
|showteam|p2|Pelipper||SitrusBerry|Drizzle|WeatherBall,Hurricane,WideGuard,Tailwind|Modest||M|||50|]Swampert||Swampertite|Damp|Protect,WaveCrash,Earthquake,IcePunch|Adamant||M|||50|]Archaludon||Leftovers|Stamina|Protect,DragonPulse,FlashCannon,ElectroShot|Modest||M|||50|]Grimmsnarl||LightClay|Prankster|SpiritBreak,PartingShot,Reflect,LightScreen|Sassy||M|||50|]Venusaur||FocusSash|Chlorophyll|SleepPowder,SludgeBomb,EarthPower,Protect|Modest||M|||50|]Charizard||CharizarditeY|Blaze|Protect,HeatWave,WeatherBall,SolarBeam|Modest||M|||50|
|inactive|Battle timer is ON: inactive players will automatically lose when time's up. (requested by MarkTheMarker)
|inactive|ultraclaw1 also wants the timer to be on.
|c|☆ultraclaw1|glhf
|c|☆MarkTheMarker|u2
|inactive|ultraclaw1 has 60 seconds left.
|
|t:|1786130376
|teamsize|p1|4
|teamsize|p2|4
|start
|switch|p1a: Floette|Floette-Eternal, L50, F|100/100
|switch|p1b: Maushold|Maushold, L50|100/100
|switch|p2a: Grimmsnarl|Grimmsnarl, L50, M|100/100
|switch|p2b: Charizard|Charizard, L50, M|100/100
|turn|1
|inactive|MarkTheMarker has 30 seconds left.
|inactive|MarkTheMarker has 20 seconds left.
|inactive|MarkTheMarker has 15 seconds left.
|
|t:|1786130419
|detailschange|p2b: Charizard|Charizard-Mega-Y, L50, M
|-mega|p2b: Charizard|Charizard|Charizardite Y
|-weather|SunnyDay|[from] ability: Drought|[of] p2b: Charizard
|detailschange|p1a: Floette|Floette-Mega, L50, F
|-mega|p1a: Floette|Floette|Floettite
|-ability|p1a: Floette|Fairy Aura
|move|p2a: Grimmsnarl|Light Screen|p2a: Grimmsnarl
|-sidestart|p2: MarkTheMarker|move: Light Screen
|move|p1b: Maushold|Super Fang|p2a: Grimmsnarl
|-damage|p2a: Grimmsnarl|50/100y
|move|p1a: Floette|Moonblast|p2a: Grimmsnarl
|-supereffective|p2a: Grimmsnarl|1
|-damage|p2a: Grimmsnarl|0 fnt
|faint|p2a: Grimmsnarl
|move|p2b: Charizard|Heat Wave|p1b: Maushold|[spread] p1a,p1b
|-damage|p1a: Floette|58/100
|-damage|p1b: Maushold|17/100
|
|-weather|SunnyDay|[upkeep]
|upkeep
|
|t:|1786130432
|switch|p2a: Archaludon|Archaludon, L50, M|100/100
|turn|2
|
|t:|1786130454
|switch|p2b: Pelipper|Pelipper, L50, M|100/100
|-weather|RainDance|[from] ability: Drizzle|[of] p2b: Pelipper
|move|p1b: Maushold|Super Fang|p2a: Archaludon
|-damage|p2a: Archaludon|50/100g
|-ability|p2a: Archaludon|Stamina|boost
|-boost|p2a: Archaludon|def|1
|move|p1a: Floette|Light of Ruin|p2a: Archaludon
|-damage|p2a: Archaludon|0 fnt
|faint|p2a: Archaludon
|-damage|p1a: Floette|25/100|[from] Recoil
|
|-weather|RainDance|[upkeep]
|upkeep
|
|t:|1786130463
|switch|p2a: Charizard|Charizard-Mega-Y, L50, M|100/100
|-weather|SunnyDay|[from] ability: Drought|[of] p2a: Charizard
|turn|3
|c|☆MarkTheMarker|Yeah that was a bad read on my part
|c|☆ultraclaw1|ya prob
|c|☆ultraclaw1|i was trying to sondision u
|
|t:|1786130487
|move|p1b: Maushold|Super Fang|p2b: Pelipper
|-damage|p2b: Pelipper|50/100y
|-enditem|p2b: Pelipper|Sitrus Berry|[eat]
|-heal|p2b: Pelipper|74/100|[from] item: Sitrus Berry
|move|p1a: Floette|Light of Ruin|p2b: Pelipper
|-crit|p2b: Pelipper
|-damage|p2b: Pelipper|0 fnt
|faint|p2b: Pelipper
|-damage|p1a: Floette|0 fnt|[from] Recoil
|faint|p1a: Floette
|move|p2a: Charizard|Heat Wave|p1b: Maushold
|-damage|p1b: Maushold|0 fnt
|faint|p1b: Maushold
|
|-weather|SunnyDay|[upkeep]
|upkeep
|
|t:|1786130490
|switch|p1b: Basculegion|Basculegion, L50, M|100/100
|switch|p1a: Garchomp|Garchomp, L50, F|100/100
|turn|4
|c|☆ultraclaw1|i think i win
|
|t:|1786130507
|move|p1b: Basculegion|Aqua Jet|p2a: Charizard
|-supereffective|p2a: Charizard|1
|-damage|p2a: Charizard|66/100
|move|p1a: Garchomp|Dragon Claw|p2a: Charizard
|-damage|p2a: Charizard|4/100
|-damage|p1a: Garchomp|90/100|[from] item: Life Orb
|move|p2a: Charizard|Solar Beam||[still]
|-prepare|p2a: Charizard|Solar Beam
|-anim|p2a: Charizard|Solar Beam|p1b: Basculegion
|-supereffective|p1b: Basculegion|1
|-damage|p1b: Basculegion|5/100
|
|-weather|SunnyDay|[upkeep]
|upkeep
|turn|5
|c|☆ultraclaw1|ggs
|c|☆MarkTheMarker|gg
|
|t:|1786130516
|move|p1b: Basculegion|Aqua Jet|p2a: Charizard
|-supereffective|p2a: Charizard|1
|-crit|p2a: Charizard
|-damage|p2a: Charizard|0 fnt
|faint|p2a: Charizard
|
|win|ultraclaw1
|raw|ultraclaw1's rating: 1410 → 1424(+14 for winning)
|raw|MarkTheMarker's rating: 1309 → 1295(-14 for losing)
