|j|☆LovelyLuna
|j|☆Boltsy VGC
|html|LovelyLunaBoltsy VGC    
|uhtml|bestof|Game 2 of a best-of-3
|t:|1757107388
|gametype|doubles
|player|p1|LovelyLuna|#lameliarleo|
|player|p2|Boltsy VGC|serena-masters|
|gen|9
|tier|[Gen 9] VGC 2025 Reg H (Bo3)
|rule|Species Clause: Limit one of each Pokémon
|rule|Item Clause: Limit 1 of each item
|clearpoke
|poke|p1|Baxcalibur, L50, M|
|poke|p1|Gothitelle, L50, F|
|poke|p1|Electivire, L50, F|
|poke|p1|Arcanine-Hisui, L50, F|
|poke|p1|Decidueye-Hisui, L50, F|
|poke|p1|Vivillon, L50, M|
|poke|p2|Politoed, L50, M|
|poke|p2|Gothitelle, L50, F|
|poke|p2|Kingdra, L50, F|
|poke|p2|Rotom-Wash, L50|
|poke|p2|Arcanine, L50, F|
|poke|p2|Foongus, L50, F|
|teampreview|4
|showteam|p1|Baxcalibur||LoadedDice|ThermalExchange|IcicleSpear,ScaleShot,SwordsDance,Protect|||M|||50|,,,,,Fairy]Gothitelle||SafetyGoggles|ShadowTag|FakeOut,Psychic,TrickRoom,Protect|||F|||50|,,,,,Dark]Electivire||CovertCloak|VitalSpirit|WildCharge,FollowMe,Electroweb,Taunt|||F|||50|,,,,,Fairy]Arcanine-Hisui||AssaultVest|FlashFire|FlareBlitz,RockSlide,ExtremeSpeed,TeraBlast|||F|||50|,,,,,Grass]Decidueye-Hisui||LifeOrb|Scrappy|LeafBlade,TripleArrows,SuckerPunch,Protect|||F|||50|,,,,,Steel]Vivillon||FocusSash|CompoundEyes|Hurricane,SleepPowder,Tailwind,Protect|||M|||50|,,,,,Ghost
|showteam|p2|Politoed||Leftovers|Drizzle|Protect,PerishSong,Encore,WeatherBall|||M|||50|,,,,,Grass]Gothitelle||SitrusBerry|ShadowTag|Protect,FakeOut,TrickRoom,Psychic|||F|||50|,,,,,Dark]Kingdra||LifeOrb|SwiftSwim|Protect,DracoMeteor,WeatherBall,MuddyWater|||F|||50|,,,,,Stellar]Rotom-Wash||Magnet|Levitate|Protect,VoltSwitch,HydroPump,Thunder||||||50|,,,,,Electric]Arcanine||ClearAmulet|Intimidate|Protect,WillOWisp,Snarl,FlareBlitz|||F|||50|,,,,,Grass]Foongus||Eviolite|Regenerator|Protect,RagePowder,Spore,PollenPuff|||F|||50|,,,,,Dark
|inactive|Battle timer is ON: inactive players will automatically lose when time's up. (requested by Boltsy VGC)
|inactive|LovelyLuna also wants the timer to be on.
|inactive|Boltsy VGC has 60 seconds left.
|
|t:|1757107437
|teamsize|p1|4
|teamsize|p2|4
|start
|switch|p1a: Vivillon|Vivillon, L50, M|100/100
|switch|p1b: Decidueye|Decidueye-Hisui, L50, F|100/100
|switch|p2a: Politoed|Politoed, L50, M, shiny|100/100
|switch|p2b: Rotom|Rotom-Wash, L50, shiny|100/100
|-weather|RainDance|[from] ability: Drizzle|[of] p2a: Politoed
|turn|1
|inactive|LovelyLuna has 30 seconds left.
|inactive|Boltsy VGC has 30 seconds left.
|inactive|Boltsy VGC has 20 seconds left.
|
|t:|1757107474
|-terastallize|p2b: Rotom|Electric
|move|p2a: Politoed|Protect|p2a: Politoed
|-singleturn|p2a: Politoed|Protect
|move|p1a: Vivillon|Sleep Powder|p2b: Rotom
|-status|p2b: Rotom|slp|[from] move: Sleep Powder
|cant|p2b: Rotom|slp
|move|p1b: Decidueye|Leaf Blade|p2b: Rotom
|-damage|p2b: Rotom|10/100 slp
|-damage|p1b: Decidueye|91/100|[from] item: Life Orb
|
|-weather|RainDance|[upkeep]
|upkeep
|turn|2
|inactive|Boltsy VGC has 30 seconds left.
|
|t:|1757107502
|switch|p2b: Kingdra|Kingdra, L50, F|100/100
|switch|p2a: Arcanine|Arcanine, L50, F|100/100
|-ability|p2a: Arcanine|Intimidate|boost
|-unboost|p1a: Vivillon|atk|1
|-fail|p1b: Decidueye|unboost|Attack|[from] ability: Scrappy|[of] p1b: Decidueye
|move|p1a: Vivillon|Tailwind|p1a: Vivillon
|-sidestart|p1: LovelyLuna|move: Tailwind
|move|p1b: Decidueye|Leaf Blade|p2a: Arcanine
|-resisted|p2a: Arcanine
|-damage|p2a: Arcanine|62/100
|-damage|p1b: Decidueye|82/100|[from] item: Life Orb
|
|-weather|RainDance|[upkeep]
|upkeep
|turn|3
|
|t:|1757107527
|move|p1b: Decidueye|Protect|p1b: Decidueye
|-singleturn|p1b: Decidueye|Protect
|move|p1a: Vivillon|Sleep Powder|p2b: Kingdra
|-status|p2b: Kingdra|slp|[from] move: Sleep Powder
|cant|p2b: Kingdra|slp
|move|p2a: Arcanine|Flare Blitz|p1b: Decidueye
|-activate|p1b: Decidueye|move: Protect
|
|-weather|RainDance|[upkeep]
|upkeep
|turn|4
|
|t:|1757107544
|move|p1a: Vivillon|Hurricane|p2b: Kingdra
|-damage|p2b: Kingdra|50/100 slp
|-curestatus|p2b: Kingdra|slp|[msg]
|move|p2b: Kingdra|Draco Meteor|p1b: Decidueye
|-damage|p1b: Decidueye|0 fnt
|-unboost|p2b: Kingdra|spa|2
|faint|p1b: Decidueye
|-damage|p2b: Kingdra|40/100|[from] item: Life Orb
|move|p2a: Arcanine|Flare Blitz|p1a: Vivillon
|-supereffective|p1a: Vivillon
|-damage|p1a: Vivillon|11/100
|-damage|p2a: Arcanine|39/100|[from] Recoil
|
|-weather|RainDance|[upkeep]
|upkeep
|
|t:|1757107560
|switch|p1b: Arcanine|Arcanine-Hisui, L50, F|100/100
|turn|5
|
|t:|1757107583
|move|p1a: Vivillon|Hurricane|p2b: Kingdra
|-damage|p2b: Kingdra|0 fnt
|faint|p2b: Kingdra
|move|p1b: Arcanine|Rock Slide|p2a: Arcanine|[miss]
|-miss|p1b: Arcanine|p2a: Arcanine
|move|p2a: Arcanine|Flare Blitz|p1b: Arcanine
|-start|p1b: Arcanine|ability: Flash Fire
|
|-weather|none
|-sideend|p1: LovelyLuna|move: Tailwind
|upkeep
|
|t:|1757107595
|switch|p2b: Politoed|Politoed, L50, M, shiny|100/100
|-weather|RainDance|[from] ability: Drizzle|[of] p2b: Politoed
|turn|6
|
|t:|1757107608
|move|p1a: Vivillon|Sleep Powder|p2b: Politoed
|-status|p2b: Politoed|slp|[from] move: Sleep Powder
|move|p1b: Arcanine|Rock Slide|p2a: Arcanine|[spread] p2a,p2b
|-supereffective|p2a: Arcanine
|-damage|p2a: Arcanine|0 fnt
|-damage|p2b: Politoed|74/100 slp
|faint|p2a: Arcanine
|cant|p2b: Politoed|slp
|
|-weather|RainDance|[upkeep]
|-heal|p2b: Politoed|80/100 slp|[from] item: Leftovers
|upkeep
|
|t:|1757107618
|switch|p2a: Rotom|Rotom-Wash, L50, shiny, tera:Electric|10/100 slp
|turn|7
|
|t:|1757107631
|-terastallize|p1b: Arcanine|Grass
|move|p1a: Vivillon|Hurricane|p2a: Rotom
|-resisted|p2a: Rotom
|-damage|p2a: Rotom|0 fnt
|faint|p2a: Rotom
|move|p1b: Arcanine|Tera Blast|p2b: Politoed|[anim] Tera Blast Grass
|-supereffective|p2b: Politoed
|-damage|p2b: Politoed|0 fnt
|faint|p2b: Politoed
|
|win|LovelyLuna
|c|☆Boltsy VGC|ggs
|c|☆LovelyLuna|ggs
