|j|☆AetryxGameing
|j|☆momoechis
|html|AetryxGameingmomoechis    
|uhtml|bestof|Game 2 of a best-of-3
|t:|1756166700
|gametype|doubles
|player|p1|AetryxGameing|265|
|player|p2|momoechis|iris|
|gen|9
|tier|[Gen 9] VGC 2025 Reg H (Bo3)
|rule|Species Clause: Limit one of each Pokémon
|rule|Item Clause: Limit 1 of each item
|clearpoke
|poke|p1|Incineroar, L50, M|
|poke|p1|Amoonguss, L50, M|
|poke|p1|Porygon2, L50|
|poke|p1|Ursaluna, L50, F|
|poke|p1|Gholdengo, L50|
|poke|p1|Dragonite, L50, F|
|poke|p2|Charizard, L50, M|
|poke|p2|Torkoal, L50, M|
|poke|p2|Porygon2, L50|
|poke|p2|Incineroar, L50, M|
|poke|p2|Jumpluff, L50, M|
|poke|p2|Ursaluna, L50, F|
|teampreview|4
|showteam|p1|Incineroar||SafetyGoggles|Intimidate|FlareBlitz,KnockOff,FakeOut,PartingShot|||M|||50|,,,,,Ghost]Amoonguss||SitrusBerry|Regenerator|Spore,RagePowder,Protect,SludgeBomb|||M|||50|,,,,,Water]Porygon2||Eviolite|Download|TeraBlast,IceBeam,Recover,TrickRoom||||||50|,,,,,Fighting]Ursaluna||FlameOrb|Guts|HeadlongRush,Facade,Earthquake,Protect|||F|||50|,,,,,Ghost]Gholdengo||LifeOrb|GoodasGold|MakeItRain,ShadowBall,NastyPlot,Protect||||||50|,,,,,Water]Dragonite||LoadedDice|Multiscale|ScaleShot,Tailwind,Haze,Protect|||F|||50|,,,,,Fairy
|showteam|p2|Charizard||ChoiceSpecs|SolarPower|HeatWave,Overheat,WeatherBall,AirSlash|||M|||50|,,,,,Ghost]Torkoal||EjectPack|Drought|Eruption,Overheat,HelpingHand,Protect|||M|||50|,,,,,Fire]Porygon2||Eviolite|Download|IceBeam,TeraBlast,TrickRoom,Recover||||||50|,,,,,Fighting]Incineroar||SitrusBerry|Intimidate|FlareBlitz,KnockOff,FakeOut,PartingShot|||M|||50|,,,,,Ghost]Jumpluff||CovertCloak|Chlorophyll|SleepPowder,SunnyDay,RagePowder,Tailwind|||M|||50|,,,,,Water]Ursaluna||FlameOrb|Guts|HeadlongRush,Facade,Earthquake,Protect|||F|||50|,,,,,Ghost
|inactive|Battle timer is ON: inactive players will automatically lose when time's up. (requested by AetryxGameing)
|
|t:|1756166740
|teamsize|p1|4
|teamsize|p2|4
|start
|switch|p1a: Porygon2|Porygon2, L50|100/100
|switch|p1b: Dragonite|Dragonite, L50, F|100/100
|switch|p2a: Torkoal|Torkoal, L50, M|100/100
|switch|p2b: Jumpluff|Jumpluff, L50, M|100/100
|-ability|p1a: Porygon2|Download|boost
|-boost|p1a: Porygon2|spa|1
|-weather|SunnyDay|[from] ability: Drought|[of] p2a: Torkoal
|turn|1
|inactive|AetryxGameing has 30 seconds left.
|inactive|momoechis has 30 seconds left.
|inactive|AetryxGameing has 20 seconds left.
|
|t:|1756166777
|-terastallize|p2a: Torkoal|Fire
|move|p2b: Jumpluff|Tailwind|p2b: Jumpluff
|-sidestart|p2: momoechis|move: Tailwind
|move|p1b: Dragonite|Scale Shot|p2a: Torkoal|[miss]
|-miss|p1b: Dragonite|p2a: Torkoal
|move|p1a: Porygon2|Ice Beam|p2b: Jumpluff
|-supereffective|p2b: Jumpluff
|-damage|p2b: Jumpluff|0 fnt
|faint|p2b: Jumpluff
|move|p2a: Torkoal|Eruption|p1a: Porygon2|[spread] p1a,p1b
|-resisted|p1b: Dragonite
|-damage|p1a: Porygon2|44/100
|-damage|p1b: Dragonite|75/100
|
|-weather|SunnyDay|[upkeep]
|upkeep
|
|t:|1756166793
|switch|p2b: Charizard|Charizard, L50, M|100/100
|turn|2
|inactive|AetryxGameing has 30 seconds left.
|
|t:|1756166820
|move|p2b: Charizard|Heat Wave|p1a: Porygon2|[spread] p1a,p1b
|-resisted|p1b: Dragonite
|-damage|p1a: Porygon2|0 fnt
|-damage|p1b: Dragonite|14/100
|-status|p1b: Dragonite|brn
|faint|p1a: Porygon2
|move|p1b: Dragonite|Scale Shot|p2a: Torkoal
|-damage|p2a: Torkoal|95/100
|-damage|p2a: Torkoal|90/100
|-damage|p2a: Torkoal|85/100
|-damage|p2a: Torkoal|80/100
|-hitcount|p2a: Torkoal|4
|-unboost|p1b: Dragonite|def|1
|-boost|p1b: Dragonite|spe|1
|move|p2a: Torkoal|Eruption|p1b: Dragonite
|-resisted|p1b: Dragonite
|-damage|p1b: Dragonite|0 fnt
|faint|p1b: Dragonite
|
|-weather|SunnyDay|[upkeep]
|-damage|p2b: Charizard|88/100|[from] ability: Solar Power|[of] p2b: Charizard
|upkeep
|
|t:|1756166823
|switch|p1b: Amoonguss|Amoonguss, L50, M|100/100
|switch|p1a: Ursaluna|Ursaluna, L50, F|100/100
|turn|3
|
|t:|1756166842
|move|p1a: Ursaluna|Protect|p1a: Ursaluna
|-singleturn|p1a: Ursaluna|Protect
|move|p1b: Amoonguss|Protect|p1b: Amoonguss
|-singleturn|p1b: Amoonguss|Protect
|move|p2b: Charizard|Heat Wave|p1b: Amoonguss|[spread] 
|-activate|p1a: Ursaluna|move: Protect
|-activate|p1b: Amoonguss|move: Protect
|move|p2a: Torkoal|Overheat|p1b: Amoonguss
|-activate|p1b: Amoonguss|move: Protect
|
|-weather|SunnyDay|[upkeep]
|-damage|p2b: Charizard|76/100|[from] ability: Solar Power|[of] p2b: Charizard
|-status|p1a: Ursaluna|brn|[from] item: Flame Orb
|upkeep
|turn|4
|inactive|AetryxGameing has 30 seconds left.
|
|t:|1756166869
|-terastallize|p1b: Amoonguss|Water
|move|p2b: Charizard|Heat Wave|p1a: Ursaluna|[spread] p1a,p1b
|-resisted|p1b: Amoonguss
|-damage|p1a: Ursaluna|0 fnt
|-damage|p1b: Amoonguss|53/100
|faint|p1a: Ursaluna
|move|p2a: Torkoal|Overheat|p1b: Amoonguss
|-resisted|p1b: Amoonguss
|-damage|p1b: Amoonguss|4/100
|-unboost|p2a: Torkoal|spa|2
|-enditem|p1b: Amoonguss|Sitrus Berry|[eat]
|-heal|p1b: Amoonguss|29/100|[from] item: Sitrus Berry
|-enditem|p2a: Torkoal|Eject Pack
|
|t:|1756166881
|switch|p2a: Porygon2|Porygon2, L50|100/100
|-ability|p2a: Porygon2|Download|boost
|-boost|p2a: Porygon2|spa|1
|move|p1b: Amoonguss|Spore|p2b: Charizard
|-status|p2b: Charizard|slp|[from] move: Spore
|
|-weather|SunnyDay|[upkeep]
|-damage|p2b: Charizard|63/100 slp|[from] ability: Solar Power|[of] p2b: Charizard
|-sideend|p2: momoechis|move: Tailwind
|upkeep
|turn|5
|
|t:|1756166892
|cant|p2b: Charizard|slp
|move|p2a: Porygon2|Tera Blast|p1b: Amoonguss
|-damage|p1b: Amoonguss|0 fnt
|faint|p1b: Amoonguss
|
|win|momoechis
|l|☆AetryxGameing
|player|p1|
|j|☆AetryxGameing
|player|p1|AetryxGameing|265|
|l|☆AetryxGameing
|player|p1|
