|j|☆Drakalox51
|j|☆FotiniP
|html|Drakalox51FotiniP    
|uhtml|bestof|Game 3 of a best-of-3
|t:|1785342444
|gametype|doubles
|player|p1|Drakalox51|170|1153
|player|p2|FotiniP|169|1279
|gen|9
|tier|[Gen 9 Champions] VGC 2026 Reg M-B (Bo3)
|rated|
|rule|Species Clause: Limit one of each Pokémon
|rule|Item Clause: Limit 1 of each item
|clearpoke
|poke|p1|Charizard, L50, F|
|poke|p1|Whimsicott, L50, M|
|poke|p1|Ninetales-Alola, L50, F|
|poke|p1|Kingambit, L50, F|
|poke|p1|Glimmora, L50, M|
|poke|p1|Kommo-o, L50, M|
|poke|p2|Venusaur, L50, M|
|poke|p2|Charizard, L50, M|
|poke|p2|Grimmsnarl, L50, M|
|poke|p2|Archaludon, L50, F, shiny|
|poke|p2|Basculegion, L50, M|
|poke|p2|Pelipper, L50, F|
|teampreview|4
|showteam|p1|Charizard||CharizarditeY|Blaze|HeatWave,WeatherBall,SolarBeam,Protect|Modest||F|||50|]Whimsicott||FocusSash|Prankster|Moonblast,Encore,Tailwind,Protect|Timid||M|||50|]Ninetales-Alola||NeverMeltIce|SnowWarning|Blizzard,FreezeDry,Disable,Protect|Timid||F|||50|]Kingambit||BlackGlasses|Defiant|SuckerPunch,KowtowCleave,IronHead,Protect|Adamant||F|||50|]Glimmora||Glimmoranite|ToxicDebris|SludgeBomb,PowerGem,EarthPower,SpikyShield|Modest||M|||50|]Kommo-o||LifeOrb|Overcoat|ClangingScales,AuraSphere,VacuumWave,Protect|Modest||M|||50|
|showteam|p2|Venusaur||FocusSash|Chlorophyll|SludgeBomb,EarthPower,SleepPowder,Protect|Modest||M|||50|]Charizard||CharizarditeY|Blaze|Protect,HeatWave,SolarBeam,WeatherBall|Modest||M|||50|]Grimmsnarl||LightClay|Prankster|SpiritBreak,LightScreen,Reflect,PartingShot|Sassy||M|||50|]Archaludon||Leftovers|Stamina|ElectroShot,DragonPulse,FlashCannon,Protect|Calm||F|||50|]Basculegion||ChoiceScarf|Adaptability|WaveCrash,LastRespects,AquaJet,FlipTurn|Jolly||M|||50|]Pelipper||SitrusBerry|Drizzle|Hurricane,WeatherBall,Tailwind,WideGuard|Modest||F|||50|
|inactive|Battle timer is ON: inactive players will automatically lose when time's up. (requested by Drakalox51)
|inactive|FotiniP also wants the timer to be on.
|inactive|Drakalox51 has 60 seconds left.
|inactive|Drakalox51 has 30 seconds left.
|inactive|Drakalox51 has 20 seconds left.
|inactive|Drakalox51 has 15 seconds left.
|inactive|Drakalox51 has 10 seconds left.
|inactive|Drakalox51 has 5 seconds left.
|
|t:|1785342532
|teamsize|p1|4
|teamsize|p2|4
|start
|switch|p1a: Whimsicott|Whimsicott, L50, M|100/100
|switch|p1b: Charizard|Charizard, L50, F|100/100
|switch|p2a: Pelipper|Pelipper, L50, F|100/100
|switch|p2b: Archaludon|Archaludon, L50, F, shiny|100/100
|-weather|RainDance|[from] ability: Drizzle|[of] p2a: Pelipper
|turn|1
|
|t:|1785342554
|detailschange|p1b: Charizard|Charizard-Mega-Y, L50, F
|-mega|p1b: Charizard|Charizard|Charizardite Y
|-weather|SunnyDay|[from] ability: Drought|[of] p1b: Charizard
|move|p1a: Whimsicott|Protect|p1a: Whimsicott
|-singleturn|p1a: Whimsicott|Protect
|move|p1b: Charizard|Weather Ball|p2b: Archaludon
|-damage|p2b: Archaludon|11/100
|-ability|p2b: Archaludon|Stamina|boost
|-boost|p2b: Archaludon|def|1
|move|p2b: Archaludon|Flash Cannon|p1a: Whimsicott
|-activate|p1a: Whimsicott|move: Protect
|move|p2a: Pelipper|Weather Ball|p1a: Whimsicott
|-activate|p1a: Whimsicott|move: Protect
|
|-weather|SunnyDay|[upkeep]
|-heal|p2b: Archaludon|17/100|[from] item: Leftovers
|upkeep
|turn|2
|inactive|Drakalox51 has 30 seconds left.
|
|t:|1785342580
|switch|p2b: Charizard|Charizard, L50, M|100/100
|move|p1a: Whimsicott|Moonblast|p2b: Charizard
|-resisted|p2b: Charizard|1
|-damage|p2b: Charizard|80/100
|move|p1b: Charizard|Solar Beam||[still]
|-prepare|p1b: Charizard|Solar Beam
|-anim|p1b: Charizard|Solar Beam|p2a: Pelipper
|-damage|p2a: Pelipper|34/100
|-enditem|p2a: Pelipper|Sitrus Berry|[eat]
|-heal|p2a: Pelipper|58/100|[from] item: Sitrus Berry
|move|p2a: Pelipper|Weather Ball|p1a: Whimsicott
|-supereffective|p1a: Whimsicott|1
|-enditem|p1a: Whimsicott|Focus Sash
|-damage|p1a: Whimsicott|1/100
|
|-weather|SunnyDay|[upkeep]
|upkeep
|turn|3
|inactive|Drakalox51 has 30 seconds left.
|inactive|FotiniP has 30 seconds left.
|inactive|Drakalox51 has 20 seconds left.
|
|t:|1785342619
|switch|p1a: Kommo-o|Kommo-o, L50, M|100/100
|move|p2b: Charizard|Protect|p2b: Charizard
|-singleturn|p2b: Charizard|Protect
|move|p1b: Charizard|Heat Wave|p2b: Charizard|[spread] p2a
|-activate|p2b: Charizard|move: Protect
|-resisted|p2a: Pelipper|1
|-damage|p2a: Pelipper|11/100
|move|p2a: Pelipper|Weather Ball|p1a: Kommo-o
|-resisted|p1a: Kommo-o|1
|-damage|p1a: Kommo-o|75/100
|
|-weather|SunnyDay|[upkeep]
|upkeep
|turn|4
|
|t:|1785342636
|switch|p2a: Archaludon|Archaludon, L50, F, shiny|17/100
|detailschange|p2b: Charizard|Charizard-Mega-Y, L50, M
|-mega|p2b: Charizard|Charizard|Charizardite Y
|move|p1a: Kommo-o|Vacuum Wave|p2a: Archaludon
|-supereffective|p2a: Archaludon|1
|-damage|p2a: Archaludon|0 fnt
|faint|p2a: Archaludon
|-damage|p1a: Kommo-o|65/100|[from] item: Life Orb
|move|p2b: Charizard|Heat Wave|p1b: Charizard|[spread] p1b
|-miss|p2b: Charizard|p1a: Kommo-o
|-resisted|p1b: Charizard|1
|-damage|p1b: Charizard|70/100
|move|p1b: Charizard|Weather Ball|p2b: Charizard
|-resisted|p2b: Charizard|1
|-damage|p2b: Charizard|36/100
|
|-weather|SunnyDay|[upkeep]
|upkeep
|
|t:|1785342652
|switch|p2a: Venusaur|Venusaur, L50, M|100/100
|turn|5
|inactive|Drakalox51 has 30 seconds left.
|
|t:|1785342684
|move|p1b: Charizard|Protect|p1b: Charizard
|-singleturn|p1b: Charizard|Protect
|move|p1a: Kommo-o|Protect|p1a: Kommo-o
|-singleturn|p1a: Kommo-o|Protect
|move|p2a: Venusaur|Sleep Powder|p1b: Charizard
|-activate|p1b: Charizard|move: Protect
|move|p2b: Charizard|Weather Ball|p1a: Kommo-o
|-activate|p1a: Kommo-o|move: Protect
|
|-weather|none
|upkeep
|turn|6
|
|t:|1785342703
|switch|p2b: Pelipper|Pelipper, L50, F|11/100
|-weather|RainDance|[from] ability: Drizzle|[of] p2b: Pelipper
|move|p2a: Venusaur|Protect|p2a: Venusaur
|-singleturn|p2a: Venusaur|Protect
|move|p1b: Charizard|Heat Wave|p2b: Pelipper|[spread] 
|-activate|p2a: Venusaur|move: Protect
|-miss|p1b: Charizard|p2b: Pelipper
|move|p1a: Kommo-o|Clanging Scales|p2b: Pelipper|[spread] p2b
|-activate|p2a: Venusaur|move: Protect
|-damage|p2b: Pelipper|0 fnt
|faint|p2b: Pelipper
|-unboost|p1a: Kommo-o|def|1
|-damage|p1a: Kommo-o|55/100|[from] item: Life Orb
|
|-weather|RainDance|[upkeep]
|upkeep
|
|t:|1785342718
|switch|p2b: Charizard|Charizard-Mega-Y, L50, M|36/100
|-weather|SunnyDay|[from] ability: Drought|[of] p2b: Charizard
|turn|7
|
|t:|1785342728
|move|p1b: Charizard|Protect|p1b: Charizard
|-singleturn|p1b: Charizard|Protect
|move|p1a: Kommo-o|Vacuum Wave|p2a: Venusaur
|-resisted|p2a: Venusaur|1
|-damage|p2a: Venusaur|85/100
|-damage|p1a: Kommo-o|45/100|[from] item: Life Orb
|move|p2a: Venusaur|Sleep Powder|p1b: Charizard
|-activate|p1b: Charizard|move: Protect
|move|p2b: Charizard|Heat Wave|p1a: Kommo-o|[spread] p1a
|-activate|p1b: Charizard|move: Protect
|-resisted|p1a: Kommo-o|1
|-damage|p1a: Kommo-o|9/100
|
|-weather|SunnyDay|[upkeep]
|upkeep
|turn|8
|
|t:|1785342750
|switch|p1a: Ninetales|Ninetales-Alola, L50, F|100/100
|-weather|Snowscape|[from] ability: Snow Warning|[of] p1a: Ninetales
|move|p2b: Charizard|Heat Wave|p1b: Charizard|[spread] p1a,p1b
|-supereffective|p1a: Ninetales|1
|-resisted|p1b: Charizard|1
|-damage|p1a: Ninetales|0 fnt
|-damage|p1b: Charizard|49/100
|faint|p1a: Ninetales
|move|p1b: Charizard|Heat Wave|p2a: Venusaur|[spread] p2a,p2b
|-supereffective|p2a: Venusaur|1
|-resisted|p2b: Charizard|1
|-damage|p2a: Venusaur|0 fnt
|-damage|p2b: Charizard|18/100
|faint|p2a: Venusaur
|
|-weather|Snowscape|[upkeep]
|upkeep
|c|☆FotiniP|wp
|
|t:|1785342767
|switch|p1a: Whimsicott|Whimsicott, L50, M|1/100
|turn|9
|-message|FotiniP forfeited.
|
|win|Drakalox51
|raw|Drakalox51's rating: 1153 → 1187(+34 for winning)
|raw|FotiniP's rating: 1279 → 1245(-34 for losing)
|l|☆FotiniP
|player|p2|
|c|☆Drakalox51|Hhs
