|j|☆Iceman5687
|j|☆hujhgghh
|html|Iceman5687hujhgghh    
|uhtml|bestof|Game 1 of a best-of-3
|t:|1784455342
|gametype|doubles
|player|p1|Iceman5687|1|1135
|player|p2|hujhgghh|169|1000
|gen|9
|tier|[Gen 9 Champions] VGC 2026 Reg M-B (Bo3)
|rated|
|rule|Species Clause: Limit one of each Pokémon
|rule|Item Clause: Limit 1 of each item
|clearpoke
|poke|p1|Charizard, L50, F|
|poke|p1|Grimmsnarl, L50, M|
|poke|p1|Pelipper, L50, F|
|poke|p1|Archaludon, L50, M|
|poke|p1|Basculegion, L50, M|
|poke|p1|Venusaur, L50, M|
|poke|p2|Charizard, L50, F, shiny|
|poke|p2|Mawile, L50, M, shiny|
|poke|p2|Incineroar, L50, F, shiny|
|poke|p2|Milotic, L50, F, shiny|
|poke|p2|Venusaur, L50, F, shiny|
|poke|p2|Corviknight, L50, M, shiny|
|teampreview|4
|showteam|p1|Charizard||CharizarditeY|Blaze|Protect,HeatWave,WeatherBall,SolarBeam|Modest||F|||50|]Grimmsnarl||LightClay|Prankster|SpiritBreak,Reflect,LightScreen,PartingShot|Sassy||M|||50|]Pelipper||SitrusBerry|Drizzle|Hurricane,WeatherBall,Tailwind,WideGuard|Modest||F|||50|]Archaludon||Leftovers|Stamina|Protect,ElectroShot,DragonPulse,FlashCannon|Calm||M|||50|]Basculegion||ChoiceScarf|Adaptability|FlipTurn,WaveCrash,AquaJet,LastRespects|Jolly||M|||50|]Venusaur||FocusSash|Chlorophyll|Protect,SleepPowder,SludgeBomb,EarthPower|Modest||M|||50|
|showteam|p2|Charizard||CharizarditeY|Blaze|HeatWave,SolarBeam,WeatherBall,Protect|Modest||F|||50|]Mawile||Mawilite|HyperCutter|PlayRough,IronHead,SuckerPunch,Protect|Adamant||M|||50|]Incineroar||SitrusBerry|Intimidate|FakeOut,PartingShot,FlareBlitz,DarkestLariat|Adamant||F|||50|]Milotic||Leftovers|Competitive|MuddyWater,IceBeam,Protect,LifeDew|Modest||F|||50|]Venusaur||FocusSash|Chlorophyll|SleepPowder,SludgeBomb,GigaDrain,Protect|Modest||F|||50|]Corviknight||OccaBerry|MirrorArmor|Tailwind,BraveBird,Roost,BulkUp|Jolly||M|||50|
|
|t:|1784455439
|teamsize|p1|4
|teamsize|p2|4
|start
|switch|p1a: Charizard|Charizard, L50, F|100/100
|switch|p1b: Grimmsnarl|Grimmsnarl, L50, M|100/100
|switch|p2a: Corviknight|Corviknight, L50, M, shiny|100/100
|switch|p2b: Incineroar|Incineroar, L50, F, shiny|100/100
|-ability|p2b: Incineroar|Intimidate|boost
|-unboost|p1a: Charizard|atk|1
|-unboost|p1b: Grimmsnarl|atk|1
|turn|1
|
|t:|1784455465
|move|p1a: Charizard|Protect|p1a: Charizard
|-singleturn|p1a: Charizard|Protect
|move|p2b: Incineroar|Fake Out|p1a: Charizard
|-activate|p1a: Charizard|move: Protect
|move|p1b: Grimmsnarl|Reflect|p1b: Grimmsnarl
|-sidestart|p1: Iceman5687|Reflect
|move|p2a: Corviknight|Tailwind|p2a: Corviknight
|-sidestart|p2: hujhgghh|move: Tailwind
|
|upkeep
|turn|2
|
|t:|1784455503
|switch|p1b: Basculegion|Basculegion, L50, M|100/100
|detailschange|p1a: Charizard|Charizard-Mega-Y, L50, F
|-mega|p1a: Charizard|Charizard|Charizardite Y
|-weather|SunnyDay|[from] ability: Drought|[of] p1a: Charizard
|move|p2a: Corviknight|Bulk Up|p2a: Corviknight
|-boost|p2a: Corviknight|atk|1
|-boost|p2a: Corviknight|def|1
|move|p2b: Incineroar|Parting Shot|p1a: Charizard
|-unboost|p1a: Charizard|atk|1
|-unboost|p1a: Charizard|spa|1
|
|t:|1784455528
|switch|p2b: Milotic|Milotic, L50, F, shiny|100/100|[from] Parting Shot
|move|p1a: Charizard|Heat Wave|p2b: Milotic|[spread] p2a
|-miss|p1a: Charizard|p2b: Milotic
|-supereffective|p2a: Corviknight|1
|-enditem|p2a: Corviknight|Occa Berry|[eat]
|-enditem|p2a: Corviknight|Occa Berry|[weaken]
|-damage|p2a: Corviknight|62/100
|
|-weather|SunnyDay|[upkeep]
|upkeep
|turn|3
|
|t:|1784455547
|switch|p1a: Pelipper|Pelipper, L50, F|100/100
|-weather|RainDance|[from] ability: Drizzle|[of] p1a: Pelipper
|move|p2a: Corviknight|Brave Bird|p1b: Basculegion
|-damage|p1b: Basculegion|60/100
|-damage|p2a: Corviknight|50/100g|[from] Recoil
|move|p1b: Basculegion|Flip Turn|p2a: Corviknight
|-damage|p2a: Corviknight|19/100
|
|t:|1784455564
|switch|p1b: Grimmsnarl|Grimmsnarl, L50, M|100/100|[from] Flip Turn
|move|p2b: Milotic|Muddy Water|p1b: Grimmsnarl|[spread] p1a,p1b
|-resisted|p1a: Pelipper|1
|-damage|p1a: Pelipper|75/100
|-damage|p1b: Grimmsnarl|59/100
|
|-weather|RainDance|[upkeep]
|upkeep
|turn|4
|
|t:|1784455590
|move|p1b: Grimmsnarl|Light Screen|p1b: Grimmsnarl
|-sidestart|p1: Iceman5687|move: Light Screen
|move|p2a: Corviknight|Roost|p2a: Corviknight
|-heal|p2a: Corviknight|69/100
|-singleturn|p2a: Corviknight|move: Roost
|move|p2b: Milotic|Muddy Water|p1b: Grimmsnarl|[spread] p1b
|-miss|p2b: Milotic|p1a: Pelipper
|-damage|p1b: Grimmsnarl|35/100
|-unboost|p1b: Grimmsnarl|accuracy|1
|move|p1a: Pelipper|Tailwind|p1a: Pelipper
|-sidestart|p1: Iceman5687|move: Tailwind
|
|-weather|RainDance|[upkeep]
|-sideend|p2: hujhgghh|move: Tailwind
|upkeep
|turn|5
|
|t:|1784455609
|switch|p1b: Charizard|Charizard-Mega-Y, L50, F|100/100
|-weather|SunnyDay|[from] ability: Drought|[of] p1b: Charizard
|move|p1a: Pelipper|Weather Ball|p2a: Corviknight
|-supereffective|p2a: Corviknight|1
|-damage|p2a: Corviknight|0 fnt
|faint|p2a: Corviknight
|move|p2b: Milotic|Muddy Water|p1b: Charizard|[spread] p1a,p1b
|-resisted|p1a: Pelipper|1
|-supereffective|p1b: Charizard|1
|-damage|p1a: Pelipper|70/100
|-damage|p1b: Charizard|80/100
|-unboost|p1b: Charizard|accuracy|1
|
|-weather|SunnyDay|[upkeep]
|upkeep
|
|t:|1784455627
|switch|p2a: Incineroar|Incineroar, L50, F, shiny|100/100
|-ability|p2a: Incineroar|Intimidate|boost
|-unboost|p1a: Pelipper|atk|1
|-unboost|p1b: Charizard|atk|1
|turn|6
|
|t:|1784455639
|switch|p1a: Grimmsnarl|Grimmsnarl, L50, M|35/100
|move|p2a: Incineroar|Fake Out|p1a: Grimmsnarl
|-damage|p1a: Grimmsnarl|26/100
|move|p1b: Charizard|Solar Beam||[still]
|-prepare|p1b: Charizard|Solar Beam
|-anim|p1b: Charizard|Solar Beam|p2b: Milotic
|-supereffective|p2b: Milotic|1
|-damage|p2b: Milotic|36/100
|move|p2b: Milotic|Muddy Water|p1b: Charizard|[spread] p1a,p1b
|-supereffective|p1b: Charizard|1
|-damage|p1a: Grimmsnarl|17/100
|-damage|p1b: Charizard|61/100
|-unboost|p1a: Grimmsnarl|accuracy|1
|
|-weather|SunnyDay|[upkeep]
|-heal|p2b: Milotic|42/100|[from] item: Leftovers
|upkeep
|turn|7
|
|t:|1784455676
|move|p1b: Charizard|Solar Beam||[still]
|-prepare|p1b: Charizard|Solar Beam
|-anim|p1b: Charizard|Solar Beam|p2b: Milotic
|-supereffective|p2b: Milotic|1
|-damage|p2b: Milotic|0 fnt
|faint|p2b: Milotic
|move|p1a: Grimmsnarl|Spirit Break|p2a: Incineroar
|-damage|p2a: Incineroar|72/100
|-unboost|p2a: Incineroar|spa|1
|move|p2a: Incineroar|Flare Blitz|p1a: Grimmsnarl
|-damage|p1a: Grimmsnarl|0 fnt
|faint|p1a: Grimmsnarl
|-damage|p2a: Incineroar|66/100|[from] Recoil
|
|-weather|SunnyDay|[upkeep]
|-sideend|p1: Iceman5687|move: Tailwind
|upkeep
|
|t:|1784455692
|switch|p2b: Charizard|Charizard, L50, F, shiny|100/100
|switch|p1a: Basculegion|Basculegion, L50, M|60/100
|turn|8
|
|t:|1784455721
|move|p1a: Basculegion|Flip Turn|p2a: Incineroar
|-supereffective|p2a: Incineroar|1
|-damage|p2a: Incineroar|31/100
|-enditem|p2a: Incineroar|Sitrus Berry|[eat]
|-heal|p2a: Incineroar|55/100|[from] item: Sitrus Berry
|
|t:|1784455724
|switch|p1a: Pelipper|Pelipper, L50, F|70/100|[from] Flip Turn
|-weather|RainDance|[from] ability: Drizzle|[of] p1a: Pelipper
|move|p2b: Charizard|Heat Wave|p1a: Pelipper|[spread] p1a,p1b
|-resisted|p1a: Pelipper|1
|-resisted|p1b: Charizard|1
|-damage|p1a: Pelipper|64/100
|-damage|p1b: Charizard|55/100
|move|p1b: Charizard|Weather Ball|p2b: Charizard
|-supereffective|p2b: Charizard|1
|-damage|p2b: Charizard|0 fnt
|faint|p2b: Charizard
|move|p2a: Incineroar|Darkest Lariat|p1a: Pelipper
|-damage|p1a: Pelipper|32/100
|-enditem|p1a: Pelipper|Sitrus Berry|[eat]
|-heal|p1a: Pelipper|56/100|[from] item: Sitrus Berry
|
|-weather|RainDance|[upkeep]
|-sideend|p1: Iceman5687|Reflect
|upkeep
|turn|9
|-message|hujhgghh forfeited.
|raw|Iceman5687's rating: 1135 → 1151(+16 for winning)
|raw|hujhgghh's rating: 1000 → 1000(+0 for losing)
|
|win|Iceman5687
