|j|☆zephis215
|j|☆Isam_26011
|html|zephis215Isam_26011    
|uhtml|bestof|Game 2 of a best-of-3
|t:|1756952160
|gametype|doubles
|player|p1|zephis215|102|1134
|player|p2|Isam_26011|n|1074
|gen|9
|tier|[Gen 9] VGC 2025 Reg H (Bo3)
|rated|
|rule|Species Clause: Limit one of each Pokémon
|rule|Item Clause: Limit 1 of each item
|clearpoke
|poke|p1|Mamoswine, L50, M|
|poke|p1|Rillaboom, L50, M|
|poke|p1|Volcarona, L50, M|
|poke|p1|Sneasler, L50, M|
|poke|p1|Clefable, L50, F|
|poke|p1|Arcanine-Hisui, L50, M|
|poke|p2|Indeedee-F, L50, F|
|poke|p2|Hatterene, L50, F|
|poke|p2|Gallade, L50, M|
|poke|p2|Ursaluna, L50, M|
|poke|p2|Sunflora, L50, F|
|poke|p2|Torkoal, L50, M|
|teampreview|4
|showteam|p1|Mamoswine||LifeOrb|Oblivious|IceShard,IcicleCrash,HighHorsepower,Protect|||M|||50|,,,,,Dragon]Rillaboom||AssaultVest|GrassySurge|FakeOut,GrassyTerrain,WoodHammer,Uturn|||M|||50|,,,,,Fire]Volcarona||CovertCloak|FlameBody|HeatWave,GigaDrain,QuiverDance,Protect|||M|||50|,,,,,Dragon]Sneasler||GrassySeed|Unburden|Acrobatics,CloseCombat,DireClaw,Protect|||M|||50|,,,,,Flying]Clefable||SafetyGoggles|Unaware|Moonblast,FollowMe,Encore,LifeDew|||F|||50|,,,,,Water]Arcanine-Hisui||ChoiceScarf|Intimidate|RockSlide,FlareBlitz,ExtremeSpeed,TeraBlast|||M|||50|,,,,,Fairy
|showteam|p2|Indeedee-F||PsychicSeed|PsychicSurge|TrickRoom,FollowMe,HelpingHand,DazzlingGleam|||F|||50|,,,,,Fire]Hatterene||LifeOrb|MagicBounce|ExpandingForce,TrickRoom,DazzlingGleam,Protect|||F|||50|,,,,,Psychic]Gallade||ClearAmulet|Sharpness|PsychoCut,TrickRoom,SacredSword,WideGuard|||M|||50|,,,,,Grass]Ursaluna||FlameOrb|Guts|HeadlongRush,Facade,SwordsDance,Protect|||M|||50|,,,,,Ghost]Sunflora||AssaultVest|SolarPower|EnergyBall,WeatherBall,SludgeBomb,EarthPower|||F|||50|,,,,,Fire]Torkoal||ChoiceSpecs|Drought|Eruption,HeatWave,WeatherBall,EarthPower|||M|||50|,,,,,Fire
|inactive|Battle timer is ON: inactive players will automatically lose when time's up. (requested by zephis215)
|
|t:|1756952193
|teamsize|p1|4
|teamsize|p2|4
|start
|switch|p1a: Arcanine|Arcanine-Hisui, L50, M|100/100
|switch|p1b: Volcarona|Volcarona, L50, M|100/100
|switch|p2a: Paty|Indeedee-F, L50, F, shiny|100/100
|switch|p2b: Shura|Gallade, L50, M, shiny|100/100
|-ability|p1a: Arcanine|Intimidate|boost
|-unboost|p2a: Paty|atk|1
|-fail|p2b: Shura|unboost|[from] item: Clear Amulet|[of] p2b: Shura
|-fieldstart|move: Psychic Terrain|[from] ability: Psychic Surge|[of] p2a: Paty
|-enditem|p2a: Paty|Psychic Seed
|-boost|p2a: Paty|spd|1|[from] item: Psychic Seed
|turn|1
|inactive|Isam_26011 has 30 seconds left.
|inactive|zephis215 has 30 seconds left.
|
|t:|1756952225
|move|p2a: Paty|Follow Me|p2a: Paty
|-singleturn|p2a: Paty|move: Follow Me
|move|p1a: Arcanine|Flare Blitz|p2a: Paty
|-damage|p2a: Paty|44/100
|-damage|p1a: Arcanine|81/100|[from] Recoil
|move|p1b: Volcarona|Heat Wave|p2b: Shura|[spread] p2a,p2b
|-damage|p2a: Paty|16/100
|-damage|p2b: Shura|60/100
|move|p2b: Shura|Trick Room|p2b: Shura
|-fieldstart|move: Trick Room|[of] p2b: Shura
|
|upkeep
|turn|2
|
|t:|1756952244
|-terastallize|p1a: Arcanine|Fairy
|move|p2a: Paty|Helping Hand|p2b: Shura
|-singleturn|p2b: Shura|Helping Hand|[of] p2a: Paty
|move|p2b: Shura|Sacred Sword|p1a: Arcanine
|-resisted|p1a: Arcanine
|-damage|p1a: Arcanine|11/100
|move|p1b: Volcarona|Heat Wave|p2b: Shura|[spread] p2a,p2b
|-damage|p2a: Paty|0 fnt
|-damage|p2b: Shura|24/100
|faint|p2a: Paty
|move|p1a: Arcanine|Flare Blitz|p2b: Shura
|-damage|p2b: Shura|0 fnt
|faint|p2b: Shura
|-damage|p1a: Arcanine|3/100|[from] Recoil
|
|upkeep
|
|t:|1756952253
|switch|p2b: Pratto|Ursaluna, L50, M, shiny|100/100
|switch|p2a: Mbappe|Torkoal, L50, M, shiny|100/100
|-weather|SunnyDay|[from] ability: Drought|[of] p2a: Mbappe
|turn|3
|inactive|Isam_26011 has 30 seconds left.
|
|t:|1756952279
|move|p2b: Pratto|Protect|p2b: Pratto
|-singleturn|p2b: Pratto|Protect
|move|p1b: Volcarona|Protect|p1b: Volcarona
|-singleturn|p1b: Volcarona|Protect
|move|p2a: Mbappe|Eruption|p1a: Arcanine|[spread] p1a
|-activate|p1b: Volcarona|move: Protect
|-damage|p1a: Arcanine|0 fnt
|faint|p1a: Arcanine
|
|-weather|SunnyDay|[upkeep]
|-status|p2b: Pratto|brn|[from] item: Flame Orb
|upkeep
|
|t:|1756952283
|switch|p1a: Rillaboom|Rillaboom, L50, M|100/100
|-fieldstart|move: Grassy Terrain|[from] ability: Grassy Surge|[of] p1a: Rillaboom
|turn|4
|
|t:|1756952298
|-terastallize|p2b: Pratto|Ghost
|move|p1a: Rillaboom|Fake Out|p2a: Mbappe
|-damage|p2a: Mbappe|90/100
|cant|p2a: Mbappe|flinch
|move|p2b: Pratto|Facade|p1a: Rillaboom
|-damage|p1a: Rillaboom|0 fnt
|faint|p1a: Rillaboom
|move|p1b: Volcarona|Giga Drain|p2b: Pratto
|-damage|p2b: Pratto|66/100 brn
|
|-weather|SunnyDay|[upkeep]
|-heal|p2a: Mbappe|97/100|[from] Grassy Terrain
|-heal|p2b: Pratto|72/100 brn|[from] Grassy Terrain
|-damage|p2b: Pratto|66/100 brn|[from] brn
|upkeep
|
|t:|1756952307
|switch|p1a: Sneasler|Sneasler, L50, M|100/100
|-enditem|p1a: Sneasler|Grassy Seed
|-boost|p1a: Sneasler|def|1|[from] item: Grassy Seed
|turn|5
|
|t:|1756952324
|move|p1b: Volcarona|Protect|p1b: Volcarona
|-singleturn|p1b: Volcarona|Protect
|move|p1a: Sneasler|Protect|p1a: Sneasler
|-singleturn|p1a: Sneasler|Protect
|move|p2a: Mbappe|Eruption|p1a: Sneasler|[spread] 
|-activate|p1a: Sneasler|move: Protect
|-activate|p1b: Volcarona|move: Protect
|move|p2b: Pratto|Facade|p1a: Sneasler
|-activate|p1a: Sneasler|move: Protect
|
|-weather|SunnyDay|[upkeep]
|-heal|p2a: Mbappe|100/100|[from] Grassy Terrain
|-heal|p2b: Pratto|72/100 brn|[from] Grassy Terrain
|-damage|p2b: Pratto|66/100 brn|[from] brn
|-fieldend|move: Trick Room
|upkeep
|turn|6
|
|t:|1756952333
|move|p1a: Sneasler|Acrobatics|p2b: Pratto
|-damage|p2b: Pratto|38/100 brn
|move|p1b: Volcarona|Heat Wave|p2a: Mbappe|[spread] p2a,p2b
|-resisted|p2a: Mbappe
|-damage|p2a: Mbappe|57/100
|-damage|p2b: Pratto|0 fnt
|faint|p2b: Pratto
|move|p2a: Mbappe|Eruption|p1a: Sneasler|[spread] p1a,p1b
|-damage|p1a: Sneasler|16/100
|-damage|p1b: Volcarona|38/100
|
|-weather|SunnyDay|[upkeep]
|-heal|p1a: Sneasler|22/100|[from] Grassy Terrain
|-heal|p1b: Volcarona|44/100|[from] Grassy Terrain
|-heal|p2a: Mbappe|63/100|[from] Grassy Terrain
|upkeep
|turn|7
|
|t:|1756952341
|move|p1a: Sneasler|Protect|p1a: Sneasler
|-singleturn|p1a: Sneasler|Protect
|move|p1b: Volcarona|Quiver Dance|p1b: Volcarona
|-boost|p1b: Volcarona|spa|1
|-boost|p1b: Volcarona|spd|1
|-boost|p1b: Volcarona|spe|1
|move|p2a: Mbappe|Eruption|p1b: Volcarona|[spread] p1b
|-activate|p1a: Sneasler|move: Protect
|-damage|p1b: Volcarona|0 fnt
|faint|p1b: Volcarona
|
|-weather|none
|-heal|p1a: Sneasler|28/100|[from] Grassy Terrain
|-heal|p2a: Mbappe|69/100|[from] Grassy Terrain
|upkeep
|turn|8
|
|t:|1756952347
|move|p1a: Sneasler|Acrobatics|p2a: Mbappe
|-damage|p2a: Mbappe|36/100
|move|p2a: Mbappe|Eruption|p1a: Sneasler
|-damage|p1a: Sneasler|0 fnt
|faint|p1a: Sneasler
|
|win|Isam_26011
||zephis215 is ready for game 3.
||Isam_26011 is ready for game 3.
|uhtml|next|Next: Game 3 of 3
|l|☆zephis215
|player|p1|
