|j|☆trevyah
|j|☆bruGno
|html|trevyahbruGno    
|uhtml|bestof|Game 1 of a best-of-3
|t:|1786115925
|gametype|doubles
|player|p1|trevyah|trevor|1495
|player|p2|bruGno|ash-kalos|1399
|gen|9
|tier|[Gen 9 Champions] VGC 2026 Reg M-B (Bo3)
|rated|
|rule|Species Clause: Limit one of each Pokémon
|rule|Item Clause: Limit 1 of each item
|clearpoke
|poke|p1|Lycanroc-Dusk, L50, M, shiny|
|poke|p1|Kingambit, L50, F, shiny|
|poke|p1|Dragonite, L50, F, shiny|
|poke|p1|Ninetales-Alola, L50, M, shiny|
|poke|p1|Gengar, L50, M, shiny|
|poke|p1|Incineroar, L50, F, shiny|
|poke|p2|Venusaur, L50, M|
|poke|p2|Charizard, L50, M|
|poke|p2|Grimmsnarl, L50, M|
|poke|p2|Archaludon, L50, F|
|poke|p2|Pelipper, L50, F|
|poke|p2|Swampert, L50, M|
|teampreview|4
|showteam|p1|Lycanroc-Dusk||FocusSash|ToughClaws|RockSlide,CloseCombat,Accelerock,Protect|Jolly||M|||50|]Kingambit||BlackGlasses|Defiant|KowtowCleave,IronHead,SuckerPunch,Protect|Adamant||F|||50|]Dragonite||LifeOrb|InnerFocus|DragonClaw,Superpower,ExtremeSpeed,Protect|Adamant||F|||50|]Ninetales-Alola||ChoiceScarf|SnowWarning|Blizzard,FreezeDry,IcyWind,Encore|Timid||M|||50|]Gengar||Gengarite|CursedBody|ShadowBall,SludgeBomb,PerishSong,Protect|Modest||M|||50|]Incineroar||SitrusBerry|Intimidate|FlareBlitz,PartingShot,FakeOut,Protect|Relaxed||F|||50|
|showteam|p2|Venusaur||FocusSash|Chlorophyll|SludgeBomb,EarthPower,SleepPowder,Protect|Modest||M|||50|]Charizard||CharizarditeY|Blaze|Protect,HeatWave,SolarBeam,WeatherBall|Modest||M|||50|]Grimmsnarl||LightClay|Prankster|SpiritBreak,LightScreen,Reflect,PartingShot|Sassy||M|||50|]Archaludon||Leftovers|Stamina|ElectroShot,DragonPulse,FlashCannon,Protect|Calm||F|||50|]Pelipper||SitrusBerry|Drizzle|Hurricane,WeatherBall,Tailwind,WideGuard|Modest||F|||50|]Swampert||Swampertite|Torrent|WaveCrash,Earthquake,IcePunch,Protect|Adamant||M|||50|
|inactive|Battle timer is ON: inactive players will automatically lose when time's up. (requested by bruGno)
|inactive|trevyah has 60 seconds left.
|inactive|bruGno has 60 seconds left.
|
|t:|1786115984
|teamsize|p1|4
|teamsize|p2|4
|start
|switch|p1a: Begged|Incineroar, L50, F, shiny|100/100
|switch|p1b: Expectations|Gengar, L50, M, shiny|100/100
|switch|p2a: Charizard|Charizard, L50, M|100/100
|switch|p2b: Venusaur|Venusaur, L50, M|100/100
|-ability|p1a: Begged|Intimidate|boost
|-unboost|p2a: Charizard|atk|1
|-unboost|p2b: Venusaur|atk|1
|turn|1
|inactive|bruGno has 30 seconds left.
|
|t:|1786116018
|switch|p2b: Pelipper|Pelipper, L50, F|100/100
|-weather|RainDance|[from] ability: Drizzle|[of] p2b: Pelipper
|detailschange|p1b: Expectations|Gengar-Mega, L50, M, shiny
|-mega|p1b: Expectations|Gengar|Gengarite
|move|p1a: Begged|Fake Out|p2a: Charizard
|-damage|p2a: Charizard|88/100
|move|p1b: Expectations|Perish Song|p1b: Expectations
|-start|p1a: Begged|perish3|[silent]
|-start|p1b: Expectations|perish3|[silent]
|-start|p2a: Charizard|perish3|[silent]
|-start|p2b: Pelipper|perish3|[silent]
|-fieldactivate|move: Perish Song
|cant|p2a: Charizard|flinch
|
|-weather|RainDance|[upkeep]
|-start|p1b: Expectations|perish3
|-start|p2a: Charizard|perish3
|-start|p2b: Pelipper|perish3
|-start|p1a: Begged|perish3
|upkeep
|turn|2
|
|t:|1786116041
|move|p1b: Expectations|Protect|p1b: Expectations
|-singleturn|p1b: Expectations|Protect
|move|p1a: Begged|Protect|p1a: Begged
|-singleturn|p1a: Begged|Protect
|move|p2a: Charizard|Weather Ball|p1a: Begged
|-activate|p1a: Begged|move: Protect
|move|p2b: Pelipper|Hurricane|p1b: Expectations
|-activate|p1b: Expectations|move: Protect
|
|-weather|RainDance|[upkeep]
|-start|p1b: Expectations|perish2
|-start|p2a: Charizard|perish2
|-start|p2b: Pelipper|perish2
|-start|p1a: Begged|perish2
|upkeep
|turn|3
|inactive|bruGno has 30 seconds left.
|inactive|bruGno has 20 seconds left.
|inactive|bruGno has 15 seconds left.
|
|t:|1786116083
|switch|p1b: The Cure|Ninetales-Alola, L50, M, shiny|100/100
|-weather|Snowscape|[from] ability: Snow Warning|[of] p1b: The Cure
|detailschange|p2a: Charizard|Charizard-Mega-Y, L50, M
|-mega|p2a: Charizard|Charizard|Charizardite Y
|-weather|SunnyDay|[from] ability: Drought|[of] p2a: Charizard
|move|p2a: Charizard|Heat Wave|p1a: Begged|[spread] p1a,p1b
|-resisted|p1a: Begged|1
|-supereffective|p1b: The Cure|1
|-damage|p1a: Begged|73/100
|-damage|p1b: The Cure|0 fnt
|faint|p1b: The Cure
|move|p2b: Pelipper|Weather Ball|p1a: Begged
|-resisted|p1a: Begged|1
|-damage|p1a: Begged|57/100
|move|p1a: Begged|Parting Shot|p2b: Pelipper
|-unboost|p2b: Pelipper|atk|1
|-unboost|p2b: Pelipper|spa|1
|
|t:|1786116092
|switch|p1a: Expectations|Gengar-Mega, L50, M, shiny|100/100|[from] Parting Shot
|
|-weather|SunnyDay|[upkeep]
|-start|p2a: Charizard|perish1
|-start|p2b: Pelipper|perish1
|upkeep
|
|t:|1786116108
|switch|p1b: my way|Lycanroc-Dusk, L50, M, shiny|100/100
|turn|4
|
|t:|1786116118
|switch|p1b: Begged|Incineroar, L50, F, shiny|57/100
|-ability|p1b: Begged|Intimidate|boost
|-unboost|p2a: Charizard|atk|1
|-unboost|p2b: Pelipper|atk|1
|move|p1a: Expectations|Protect|p1a: Expectations
|-singleturn|p1a: Expectations|Protect
|move|p2a: Charizard|Heat Wave|p1b: Begged|[spread] p1b
|-activate|p1a: Expectations|move: Protect
|-resisted|p1b: Begged|1
|-damage|p1b: Begged|32/100
|-enditem|p1b: Begged|Sitrus Berry|[eat]
|-heal|p1b: Begged|57/100|[from] item: Sitrus Berry
|move|p2b: Pelipper|Tailwind|p2b: Pelipper
|-sidestart|p2: bruGno|move: Tailwind
|
|-weather|SunnyDay|[upkeep]
|-start|p2a: Charizard|perish0
|-start|p2b: Pelipper|perish0
|faint|p2a: Charizard
|faint|p2b: Pelipper
|upkeep
|
|t:|1786116133
|switch|p2a: Venusaur|Venusaur, L50, M|100/100
|switch|p2b: Archaludon|Archaludon, L50, F|100/100
|turn|5
|
|t:|1786116150
|move|p1b: Begged|Fake Out|p2a: Venusaur
|-damage|p2a: Venusaur|85/100
|cant|p2a: Venusaur|flinch
|move|p2b: Archaludon|Dragon Pulse|p1a: Expectations
|-damage|p1a: Expectations|54/100
|move|p1a: Expectations|Perish Song|p1a: Expectations
|-start|p1a: Expectations|perish3|[silent]
|-start|p1b: Begged|perish3|[silent]
|-start|p2a: Venusaur|perish3|[silent]
|-start|p2b: Archaludon|perish3|[silent]
|-fieldactivate|move: Perish Song
|
|-weather|SunnyDay|[upkeep]
|-start|p2a: Venusaur|perish3
|-start|p2b: Archaludon|perish3
|-start|p1a: Expectations|perish3
|-start|p1b: Begged|perish3
|upkeep
|turn|6
|
|t:|1786116167
|move|p1a: Expectations|Protect|p1a: Expectations
|-singleturn|p1a: Expectations|Protect
|move|p1b: Begged|Protect|p1b: Begged
|-singleturn|p1b: Begged|Protect
|move|p2a: Venusaur|Earth Power|p1b: Begged
|-activate|p1b: Begged|move: Protect
|move|p2b: Archaludon|Dragon Pulse|p1b: Begged
|-activate|p1b: Begged|move: Protect
|
|-weather|SunnyDay|[upkeep]
|-start|p2a: Venusaur|perish2
|-start|p2b: Archaludon|perish2
|-start|p1a: Expectations|perish2
|-start|p1b: Begged|perish2
|upkeep
|turn|7
|-message|bruGno forfeited.
|
|win|trevyah
|l|☆bruGno
|player|p2|
|j|☆bruGno
|player|p2|bruGno|ash-kalos|
||trevyah is ready for game 2.
