|j|☆chikovgc
|j|☆Reubz123
|html|chikovgcReubz123    
|uhtml|bestof|Game 1 of a best-of-3
|t:|1757752634
|gametype|doubles
|player|p1|chikovgc|volo|1239
|player|p2|Reubz123|1|1187
|gen|9
|tier|[Gen 9] VGC 2025 Reg H (Bo3)
|rated|
|rule|Species Clause: Limit one of each Pokémon
|rule|Item Clause: Limit 1 of each item
|clearpoke
|poke|p1|Rillaboom, L50, M|
|poke|p1|Annihilape, L50, F|
|poke|p1|Pelipper, L50, F|
|poke|p1|Archaludon, L50, F|
|poke|p1|Sinistcha, L50|
|poke|p1|Incineroar, L50, M|
|poke|p2|Archaludon, L50, F|
|poke|p2|Weavile, L50, F|
|poke|p2|Pelipper, L50, F|
|poke|p2|Basculegion, L50, M|
|poke|p2|Farigiraf, L50, M|
|poke|p2|Amoonguss, L50, M|
|teampreview|4
|showteam|p1|Rillaboom||LoadedDice|GrassySurge|Uturn,FakeOut,BulletSeed,GrassyGlide|||M|||50|,,,,,Fire]Annihilape||SafetyGoggles|Defiant|BulkUp,DrainPunch,RageFist,Protect|||F|||50|,,,,,Steel]Pelipper||ChoiceScarf|Drizzle|Tailwind,WeatherBall,Hurricane,Uturn|||F|||50|,,,,,Ghost]Archaludon||AssaultVest|Stamina|ElectroShot,DracoMeteor,FlashCannon,BodyPress|||F|||50|,,,,,Grass]Sinistcha||SitrusBerry|Hospitality|MatchaGotcha,TrickRoom,Protect,RagePowder||||||50|,,,,,Water]Incineroar||RockyHelmet|Intimidate|Protect,KnockOff,FakeOut,Uturn|||M|||50|,,,,,Bug
|showteam|p2|Archaludon||AssaultVest|Stamina|ElectroShot,BodyPress,DracoMeteor,FlashCannon|||F|||50|,,,,,Bug]Weavile||FocusSash|Pickpocket|FakeOut,Snarl,IceSpinner,BeatUp|||F|||50|,,,,,Ghost]Pelipper||CovertCloak|Drizzle|Hurricane,WeatherBall,WideGuard,Tailwind|||F|||50|,,,,,Grass]Basculegion||ChoiceBand|SwiftSwim|WaveCrash,FlipTurn,AquaJet,LastRespects|||M|||50|,,,,,Water]Farigiraf||SafetyGoggles|ArmorTail|TwinBeam,HelpingHand,TrickRoom,Imprison|||M|||50|,,,,,Fairy]Amoonguss||SitrusBerry|Regenerator|Spore,RagePowder,PollenPuff,Protect|||M|||50|,,,,,Water
|inactive|Battle timer is ON: inactive players will automatically lose when time's up. (requested by chikovgc)
|inactive|chikovgc has 60 seconds left.
|inactive|Reubz123 has 60 seconds left.
|
|t:|1757752674
|teamsize|p1|4
|teamsize|p2|4
|start
|switch|p1a: Annihilape|Annihilape, L50, F|100/100
|switch|p1b: Incineroar|Incineroar, L50, M|100/100
|switch|p2a: Weavile|Weavile, L50, F|100/100
|switch|p2b: Archaludon|Archaludon, L50, F|100/100
|-ability|p1b: Incineroar|Intimidate|boost
|-unboost|p2a: Weavile|atk|1
|-unboost|p2b: Archaludon|atk|1
|turn|1
|inactive|Reubz123 has 30 seconds left.
|
|t:|1757752702
|switch|p2a: Pelipper|Pelipper, L50, F|100/100
|-weather|RainDance|[from] ability: Drizzle|[of] p2a: Pelipper
|-terastallize|p2b: Archaludon|Bug
|move|p1a: Annihilape|Bulk Up|p1a: Annihilape
|-boost|p1a: Annihilape|atk|1
|-boost|p1a: Annihilape|def|1
|move|p2b: Archaludon|Electro Shot||[still]
|-prepare|p2b: Archaludon|Electro Shot
|-boost|p2b: Archaludon|spa|1
|-anim|p2b: Archaludon|Electro Shot|p1a: Annihilape
|-damage|p1a: Annihilape|50/100
|move|p1b: Incineroar|U-turn|p2a: Pelipper
|-resisted|p2a: Pelipper
|-damage|p2a: Pelipper|90/100
|
|t:|1757752716
|switch|p1b: Sinistcha|Sinistcha, L50|100/100|[from] U-turn
|-heal|p1a: Annihilape|75/100|[from] ability: Hospitality|[of] p1b: Sinistcha
|
|-weather|RainDance|[upkeep]
|upkeep
|turn|2
|
|t:|1757752734
|switch|p1b: Incineroar|Incineroar, L50, M|100/100
|-ability|p1b: Incineroar|Intimidate|boost
|-unboost|p2a: Pelipper|atk|1
|-unboost|p2b: Archaludon|atk|1
|-terastallize|p1a: Annihilape|Steel
|move|p1a: Annihilape|Rage Fist|p2a: Pelipper
|-damage|p2a: Pelipper|18/100
|move|p2b: Archaludon|Electro Shot||[still]
|-prepare|p2b: Archaludon|Electro Shot
|-boost|p2b: Archaludon|spa|1
|-anim|p2b: Archaludon|Electro Shot|p1a: Annihilape
|-damage|p1a: Annihilape|10/100
|move|p2a: Pelipper|Hurricane|p1b: Incineroar
|-damage|p1b: Incineroar|67/100
|
|-weather|RainDance|[upkeep]
|upkeep
|turn|3
|inactive|chikovgc has 30 seconds left.
|
|t:|1757752760
|switch|p2a: Farigiraf|Farigiraf, L50, M|100/100
|switch|p1b: Archaludon|Archaludon, L50, F|100/100
|move|p1a: Annihilape|Rage Fist|p2b: Archaludon
|-damage|p2b: Archaludon|27/100
|-ability|p2b: Archaludon|Stamina|boost
|-boost|p2b: Archaludon|def|1
|move|p2b: Archaludon|Electro Shot||[still]
|-prepare|p2b: Archaludon|Electro Shot
|-boost|p2b: Archaludon|spa|1
|-anim|p2b: Archaludon|Electro Shot|p1b: Archaludon
|-resisted|p1b: Archaludon
|-damage|p1b: Archaludon|65/100
|-ability|p1b: Archaludon|Stamina|boost
|-boost|p1b: Archaludon|def|1
|
|-weather|RainDance|[upkeep]
|upkeep
|turn|4
|
|t:|1757752782
|switch|p1b: Sinistcha|Sinistcha, L50|100/100
|-heal|p1a: Annihilape|35/100|[from] ability: Hospitality|[of] p1b: Sinistcha
|move|p1a: Annihilape|Rage Fist|p2b: Archaludon
|-damage|p2b: Archaludon|0 fnt
|faint|p2b: Archaludon
|move|p2a: Farigiraf|Trick Room|p2a: Farigiraf
|-fieldstart|move: Trick Room|[of] p2a: Farigiraf
|
|-weather|RainDance|[upkeep]
|upkeep
|
|t:|1757752785
|switch|p2b: Pelipper|Pelipper, L50, F|18/100
|turn|5
|
|t:|1757752802
|switch|p2a: Weavile|Weavile, L50, F|100/100
|move|p1b: Sinistcha|Rage Powder|p1b: Sinistcha
|-singleturn|p1b: Sinistcha|move: Rage Powder
|move|p2b: Pelipper|Hurricane|p1b: Sinistcha
|-supereffective|p1b: Sinistcha
|-damage|p1b: Sinistcha|0 fnt
|faint|p1b: Sinistcha
|move|p1a: Annihilape|Rage Fist|p2b: Pelipper
|-damage|p2b: Pelipper|0 fnt
|faint|p2b: Pelipper
|
|-weather|none
|upkeep
|
|t:|1757752809
|switch|p1b: Incineroar|Incineroar, L50, M|67/100
|switch|p2b: Farigiraf|Farigiraf, L50, M|100/100
|-ability|p1b: Incineroar|Intimidate|boost
|-unboost|p2a: Weavile|atk|1
|-unboost|p2b: Farigiraf|atk|1
|turn|6
|
|t:|1757752824
|switch|p1b: Archaludon|Archaludon, L50, F|65/100
|move|p1a: Annihilape|Protect|p1a: Annihilape
|-singleturn|p1a: Annihilape|Protect
|move|p2a: Weavile|Fake Out|p1a: Annihilape
|-activate|p1a: Annihilape|move: Protect
|move|p2b: Farigiraf|Twin Beam|p1a: Annihilape
|-activate|p1a: Annihilape|move: Protect
|
|upkeep
|turn|7
|-message|Reubz123 forfeited.
|
|win|chikovgc
||chikovgc is ready for game 2.
||Reubz123 is ready for game 2.
|uhtml|next|Next: Game 2 of 3
|l|☆chikovgc
|player|p1|
|l|☆Reubz123
|player|p2|
