|j|☆superstar jamie
|j|☆long neck phil
|html|superstar jamielong neck phil    
|uhtml|bestof|Game 3 of a best-of-3
|t:|1783883493
|gametype|doubles
|player|p1|superstar jamie|#bsplviihoustonstealthrockets|
|player|p2|long neck phil|n|
|gen|9
|tier|[Gen 9 Champions] VGC 2026 Reg M-B (Bo3)
|rule|Species Clause: Limit one of each Pokémon
|rule|Item Clause: Limit 1 of each item
|clearpoke
|poke|p1|Hydreigon, L50, M|
|poke|p1|Garchomp, L50, F|
|poke|p1|Metagross, L50|
|poke|p1|Charizard, L50, M|
|poke|p1|Grimmsnarl, L50, M|
|poke|p1|Toxapex, L50, F|
|poke|p2|Incineroar, L50, F|
|poke|p2|Garchomp, L50, F|
|poke|p2|Staraptor, L50, M|
|poke|p2|Basculegion, L50, M|
|poke|p2|Whimsicott, L50, F|
|poke|p2|Glimmora, L50, M|
|teampreview|4
|showteam|p1|Hydreigon||ChoiceScarf|Levitate|HeatWave,DarkPulse,DracoMeteor,Snarl|Modest||M|||50|]Garchomp||SitrusBerry|RoughSkin|Earthquake,RockSlide,DragonClaw,Protect|Adamant||F|||50|]Metagross||Metagrossite|ClearBody|IronHead,HammerArm,BulletPunch,Protect|Adamant|||||50|]Charizard||CharizarditeY|Blaze|Protect,HeatWave,SolarBeam,WeatherBall|Timid||M|||50|]Grimmsnarl||RoseliBerry|Prankster|FakeOut,FoulPlay,Reflect,PartingShot|Sassy||M|||50|]Toxapex||Leftovers|Regenerator|Infestation,Toxic,BanefulBunker,WideGuard|Bold||F|||50|
|showteam|p2|Incineroar||SitrusBerry|Intimidate|FakeOut,PartingShot,FlareBlitz,ThroatChop|Impish||F|||50|]Garchomp||LifeOrb|RoughSkin|DragonClaw,StompingTantrum,RockSlide,Protect|Jolly||F|||50|]Staraptor||Staraptite|Intimidate|DualWingbeat,CloseCombat,Protect,Roost|Jolly||M|||50|]Basculegion||ChoiceScarf|Adaptability|WaveCrash,FlipTurn,LastRespects,Liquidation|Jolly||M|||50|]Whimsicott||FocusSash|Prankster|Moonblast,Tailwind,Charm,Protect|Timid||F|||50|]Glimmora||Glimmoranite|ToxicDebris|PowerGem,SludgeBomb,EarthPower,SpikyShield|Timid||M|||50|
|j| Cerebellibrarian
|j| Cobra Mawi
|
|t:|1783883594
|teamsize|p1|4
|teamsize|p2|4
|start
|switch|p1a: Hydreigon|Hydreigon, L50, M|100/100
|switch|p1b: Metagross|Metagross, L50|100/100
|switch|p2a: Whimsicott|Whimsicott, L50, F|100/100
|switch|p2b: Staraptor|Staraptor, L50, M|100/100
|-ability|p2b: Staraptor|Intimidate|boost
|-unboost|p1a: Hydreigon|atk|1
|-fail|p1b: Metagross|unboost|[from] ability: Clear Body|[of] p1b: Metagross
|turn|1
|
|t:|1783883608
|detailschange|p2b: Staraptor|Staraptor-Mega, L50, M
|-mega|p2b: Staraptor|Staraptor|Staraptite
|detailschange|p1b: Metagross|Metagross-Mega, L50
|-mega|p1b: Metagross|Metagross|Metagrossite
|move|p2a: Whimsicott|Tailwind|p2a: Whimsicott
|-sidestart|p2: long neck phil|move: Tailwind
|move|p1b: Metagross|Bullet Punch|p2a: Whimsicott
|-supereffective|p2a: Whimsicott|1
|-damage|p2a: Whimsicott|24/100
|move|p2b: Staraptor|Close Combat|p1a: Hydreigon
|-supereffective|p1a: Hydreigon|1
|-damage|p1a: Hydreigon|0 fnt
|-boost|p2b: Staraptor|def|1
|-boost|p2b: Staraptor|spd|1
|faint|p1a: Hydreigon
|
|upkeep
|
|t:|1783883621
|switch|p1a: Toxapex|Toxapex, L50, F|100/100
|turn|2
|
|t:|1783883641
|move|p2a: Whimsicott|Charm|p2b: Staraptor
|-boost|p2b: Staraptor|atk|2
|move|p1b: Metagross|Bullet Punch|p2a: Whimsicott
|-supereffective|p2a: Whimsicott|1
|-damage|p2a: Whimsicott|0 fnt
|faint|p2a: Whimsicott
|move|p2b: Staraptor|Close Combat|p1b: Metagross
|-damage|p1b: Metagross|9/100
|-boost|p2b: Staraptor|def|1
|-boost|p2b: Staraptor|spd|1
|move|p1a: Toxapex|Toxic|p2b: Staraptor
|-status|p2b: Staraptor|tox
|
|-damage|p2b: Staraptor|93/100 tox|[from] psn
|upkeep
|
|t:|1783883645
|switch|p2a: Incineroar|Incineroar, L50, F|100/100
|-ability|p2a: Incineroar|Intimidate|boost
|-unboost|p1a: Toxapex|atk|1
|-unboost|p1b: Metagross|atk|1
|turn|3
|
|t:|1783883668
|switch|p1b: Grimmsnarl|Grimmsnarl, L50, M|100/100
|move|p1a: Toxapex|Baneful Bunker|p1a: Toxapex
|-singleturn|p1a: Toxapex|move: Protect
|move|p2a: Incineroar|Fake Out|p1b: Grimmsnarl
|-damage|p1b: Grimmsnarl|90/100
|move|p2b: Staraptor|Close Combat|p1a: Toxapex
|-activate|p1a: Toxapex|move: Protect
|
|-damage|p2b: Staraptor|81/100 tox|[from] psn
|upkeep
|turn|4
|
|t:|1783883688
|move|p1b: Grimmsnarl|Fake Out|p2b: Staraptor
|-damage|p2b: Staraptor|74/100 tox
|cant|p2b: Staraptor|flinch
|move|p2a: Incineroar|Parting Shot|p2b: Staraptor
|-boost|p2b: Staraptor|atk|1
|-boost|p2b: Staraptor|spa|1
|
|t:|1783883690
|switch|p2a: Garchomp|Garchomp, L50, F|100/100|[from] Parting Shot
|move|p1a: Toxapex|Infestation|p2b: Staraptor
|-resisted|p2b: Staraptor|2
|-crit|p2b: Staraptor
|-damage|p2b: Staraptor|73/100 tox
|-activate|p2b: Staraptor|move: Infestation|[of] p1a: Toxapex
|
|-damage|p2b: Staraptor|54/100 tox|[from] psn
|-damage|p2b: Staraptor|42/100 tox|[from] move: Infestation|[partiallytrapped]
|-sideend|p2: long neck phil|move: Tailwind
|upkeep
|turn|5
|
|t:|1783883712
|move|p1b: Grimmsnarl|Reflect|p1b: Grimmsnarl
|-sidestart|p1: superstar jamie|Reflect
|move|p2b: Staraptor|Close Combat|p1b: Grimmsnarl
|-damage|p1b: Grimmsnarl|0 fnt
|-boost|p2b: Staraptor|def|1
|-boost|p2b: Staraptor|spd|1
|faint|p1b: Grimmsnarl
|move|p2a: Garchomp|Stomping Tantrum|p1a: Toxapex
|-supereffective|p1a: Toxapex|1
|-damage|p1a: Toxapex|56/100
|-damage|p2a: Garchomp|90/100|[from] item: Life Orb
|move|p1a: Toxapex|Toxic|p2a: Garchomp
|-status|p2a: Garchomp|tox
|
|-heal|p1a: Toxapex|62/100|[from] item: Leftovers
|-damage|p2b: Staraptor|17/100 tox|[from] psn
|-damage|p2a: Garchomp|84/100 tox|[from] psn
|-damage|p2b: Staraptor|4/100 tox|[from] move: Infestation|[partiallytrapped]
|upkeep
|
|t:|1783883728
|switch|p1b: Metagross|Metagross-Mega, L50|9/100
|turn|6
|
|t:|1783883740
|move|p1b: Metagross|Bullet Punch|p2b: Staraptor
|-damage|p2b: Staraptor|0 fnt
|faint|p2b: Staraptor
|move|p2a: Garchomp|Rock Slide|p1a: Toxapex|[spread] p1a,p1b
|-resisted|p1b: Metagross|1
|-damage|p1a: Toxapex|50/100g
|-damage|p1b: Metagross|3/100
|-damage|p2a: Garchomp|74/100 tox|[from] item: Life Orb
|move|p1a: Toxapex|Infestation|p2a: Garchomp
|-damage|p2a: Garchomp|70/100 tox
|-activate|p2a: Garchomp|move: Infestation|[of] p1a: Toxapex
|-damage|p1a: Toxapex|38/100|[from] ability: Rough Skin|[of] p2a: Garchomp
|
|-heal|p1a: Toxapex|43/100|[from] item: Leftovers
|-damage|p2a: Garchomp|58/100 tox|[from] psn
|-damage|p2a: Garchomp|46/100 tox|[from] move: Infestation|[partiallytrapped]
|upkeep
|
|t:|1783883742
|switch|p2b: Incineroar|Incineroar, L50, F|100/100
|-ability|p2b: Incineroar|Intimidate|boost
|-unboost|p1a: Toxapex|atk|1
|-unboost|p1b: Metagross|atk|1
|turn|7
|
|t:|1783883759
|move|p1b: Metagross|Protect|p1b: Metagross
|-singleturn|p1b: Metagross|Protect
|move|p1a: Toxapex|Baneful Bunker|p1a: Toxapex
|-singleturn|p1a: Toxapex|move: Protect
|move|p2b: Incineroar|Fake Out|p1b: Metagross
|-activate|p1b: Metagross|move: Protect
|move|p2a: Garchomp|Stomping Tantrum|p1a: Toxapex
|-activate|p1a: Toxapex|move: Protect
|
|-heal|p1a: Toxapex|49/100|[from] item: Leftovers
|-damage|p2a: Garchomp|28/100 tox|[from] psn
|-damage|p2a: Garchomp|16/100 tox|[from] move: Infestation|[partiallytrapped]
|upkeep
|turn|8
|
|t:|1783883777
|move|p1b: Metagross|Bullet Punch|p2a: Garchomp
|-damage|p2a: Garchomp|0 fnt
|-damage|p1b: Metagross|0 fnt|[from] ability: Rough Skin|[of] p2a: Garchomp
|faint|p2a: Garchomp
|faint|p1b: Metagross
|move|p2b: Incineroar|Throat Chop|p1a: Toxapex
|-damage|p1a: Toxapex|35/100
|-start|p1a: Toxapex|Throat Chop|[silent]
|move|p1a: Toxapex|Toxic|p2b: Incineroar
|-status|p2b: Incineroar|tox
|
|-heal|p1a: Toxapex|41/100|[from] item: Leftovers
|-damage|p2b: Incineroar|94/100 tox|[from] psn
|upkeep
|turn|9
|
|t:|1783883789
|move|p1a: Toxapex|Baneful Bunker|p1a: Toxapex
|-singleturn|p1a: Toxapex|move: Protect
|move|p2b: Incineroar|Throat Chop|p1a: Toxapex
|-activate|p1a: Toxapex|move: Protect
|
|-heal|p1a: Toxapex|47/100|[from] item: Leftovers
|-damage|p2b: Incineroar|82/100 tox|[from] psn
|-end|p1a: Toxapex|Throat Chop|[silent]
|-sideend|p1: superstar jamie|Reflect
|upkeep
|turn|10
|
|t:|1783883798
|move|p2b: Incineroar|Throat Chop|p1a: Toxapex
|-damage|p1a: Toxapex|26/100
|-start|p1a: Toxapex|Throat Chop|[silent]
|move|p1a: Toxapex|Infestation|p2b: Incineroar
|-damage|p2b: Incineroar|79/100 tox
|-activate|p2b: Incineroar|move: Infestation|[of] p1a: Toxapex
|
|-heal|p1a: Toxapex|31/100|[from] item: Leftovers
|-damage|p2b: Incineroar|61/100 tox|[from] psn
|-damage|p2b: Incineroar|49/100 tox|[from] move: Infestation|[partiallytrapped]
|upkeep
|-enditem|p2b: Incineroar|Sitrus Berry|[eat]
|-heal|p2b: Incineroar|73/100 tox|[from] item: Sitrus Berry
|turn|11
|
|t:|1783883809
|move|p1a: Toxapex|Baneful Bunker|p1a: Toxapex
|-singleturn|p1a: Toxapex|move: Protect
|move|p2b: Incineroar|Throat Chop|p1a: Toxapex
|-activate|p1a: Toxapex|move: Protect
|
|-heal|p1a: Toxapex|37/100|[from] item: Leftovers
|-damage|p2b: Incineroar|50/100y tox|[from] psn
|-damage|p2b: Incineroar|37/100 tox|[from] move: Infestation|[partiallytrapped]
|-end|p1a: Toxapex|Throat Chop|[silent]
|upkeep
|turn|12
|
|t:|1783883820
|move|p2b: Incineroar|Throat Chop|p1a: Toxapex
|-damage|p1a: Toxapex|15/100
|-start|p1a: Toxapex|Throat Chop|[silent]
|move|p1a: Toxapex|Infestation|p2b: Incineroar
|-damage|p2b: Incineroar|34/100 tox
|
|-heal|p1a: Toxapex|21/100|[from] item: Leftovers
|-damage|p2b: Incineroar|4/100 tox|[from] psn
|-damage|p2b: Incineroar|0 fnt|[from] move: Infestation|[partiallytrapped]
|faint|p2b: Incineroar
|
|win|superstar jamie
|c|☆long neck phil|Ggs
|c|☆superstar jamie|gg
|l| Cerebellibrarian
