|j|☆Cannon14
|j|☆BVSelf
|html|Cannon14BVSelf    
|uhtml|bestof|Game 1 of a best-of-3
|t:|1783589585
|gametype|doubles
|player|p1|Cannon14|steven|1317
|player|p2|BVSelf|juan|1397
|gen|9
|tier|[Gen 9 Champions] VGC 2026 Reg M-B (Bo3)
|rated|
|rule|Species Clause: Limit one of each Pokémon
|rule|Item Clause: Limit 1 of each item
|clearpoke
|poke|p1|Delphox, L50, F|
|poke|p1|Grimmsnarl, L50, M|
|poke|p1|Rotom-Wash, L50|
|poke|p1|Sinistcha, L50|
|poke|p1|Kingambit, L50, M|
|poke|p1|Sneasler, L50, M|
|poke|p2|Torkoal, L50, F|
|poke|p2|Venusaur, L50, M|
|poke|p2|Farigiraf, L50, M|
|poke|p2|Scrafty, L50, M|
|poke|p2|Mamoswine, L50, F|
|poke|p2|Pyroar, L50, M|
|teampreview|4
|showteam|p1|Delphox||Delphoxite|Blaze|HeatWave,Psychic,NastyPlot,Protect|Timid||F|||50|]Grimmsnarl||LightClay|Prankster|FakeOut,Reflect,LightScreen,PartingShot|Careful||M|||50|]Rotom-Wash||SitrusBerry|Levitate|HydroPump,Thunderbolt,WillOWisp,VoltSwitch|Modest|||||50|]Sinistcha||ColburBerry|Hospitality|MatchaGotcha,RagePowder,TrickRoom,Protect|Quiet|||||50|]Kingambit||BlackGlasses|Defiant|KowtowCleave,SuckerPunch,SwordsDance,Protect|Adamant||M|||50|]Sneasler||FocusSash|Unburden|DireClaw,RockSlide,CloseCombat,FakeOut|Naive||M|||50|
|showteam|p2|Torkoal||HeatRock|Drought|Eruption,WeatherBall,HelpingHand,Protect|Quiet||F|||50|]Venusaur||LifeOrb|Chlorophyll|EnergyBall,SludgeBomb,EarthPower,Protect|Modest||M|||50|]Farigiraf||SitrusBerry|ArmorTail|Psychic,Thunderbolt,TrickRoom,Protect|Bold||M|||50|]Scrafty||Scraftinite|Intimidate|KnockOff,DrainPunch,IcePunch,FakeOut|Adamant||M|||50|]Mamoswine||FocusSash|Oblivious|HighHorsepower,RockSlide,IceShard,Protect|Adamant||F|||50|]Pyroar||Pyroarite|Unnerve|HeatWave,Overheat,Yawn,Protect|Timid||M|||50|
|inactive|Battle timer is ON: inactive players will automatically lose when time's up. (requested by Cannon14)
|inactive|Cannon14 has 60 seconds left.
|inactive|BVSelf has 60 seconds left.
|inactive|Cannon14 has 30 seconds left.
|
|t:|1783589654
|teamsize|p1|4
|teamsize|p2|4
|start
|switch|p1a: Sinistcha|Sinistcha, L50|100/100
|switch|p1b: Kingambit|Kingambit, L50, M|100/100
|switch|p2a: Pyroar|Pyroar, L50, M|100/100
|switch|p2b: Scrafty|Scrafty, L50, M|100/100
|-ability|p2a: Pyroar|Unnerve
|-ability|p2b: Scrafty|Intimidate|boost
|-unboost|p1a: Sinistcha|atk|1
|-unboost|p1b: Kingambit|atk|1
|-ability|p1b: Kingambit|Defiant|boost
|-boost|p1b: Kingambit|atk|2
|turn|1
|inactive|Cannon14 has 30 seconds left.
|inactive|BVSelf has 30 seconds left.
|inactive|Cannon14 has 20 seconds left.
|inactive|Cannon14 has 15 seconds left.
|inactive|BVSelf has 20 seconds left.
|
|t:|1783589707
|switch|p1a: Grimmsnarl|Grimmsnarl, L50, M|100/100
|move|p1b: Kingambit|Protect|p1b: Kingambit
|-singleturn|p1b: Kingambit|Protect
|move|p2b: Scrafty|Fake Out|p1b: Kingambit
|-activate|p1b: Kingambit|move: Protect
|move|p2a: Pyroar|Overheat|p1a: Grimmsnarl
|-damage|p1a: Grimmsnarl|47/100
|-unboost|p2a: Pyroar|spa|2
|
|upkeep
|turn|2
|
|t:|1783589725
|switch|p2a: Farigiraf|Farigiraf, L50, M|100/100
|detailschange|p2b: Scrafty|Scrafty-Mega, L50, M
|-mega|p2b: Scrafty|Scrafty|Scraftinite
|-ability|p2b: Scrafty|Intimidate|boost
|-unboost|p1a: Grimmsnarl|atk|1
|-unboost|p1b: Kingambit|atk|1
|-ability|p1b: Kingambit|Defiant|boost
|-boost|p1b: Kingambit|atk|2
|move|p1a: Grimmsnarl|Fake Out||[still]
|cant|p2a: Farigiraf|ability: Armor Tail|Fake Out|[of] p1a: Grimmsnarl
|move|p2b: Scrafty|Drain Punch|p1b: Kingambit
|-supereffective|p1b: Kingambit|2
|-damage|p1b: Kingambit|0 fnt
|faint|p1b: Kingambit
|
|upkeep
|
|t:|1783589737
|switch|p1b: Rotom|Rotom-Wash, L50|100/100
|turn|3
|
|t:|1783589758
|switch|p2b: Torkoal|Torkoal, L50, F|100/100
|-weather|SunnyDay|[from] ability: Drought|[of] p2b: Torkoal
|move|p1a: Grimmsnarl|Reflect|p1a: Grimmsnarl
|-sidestart|p1: Cannon14|Reflect
|move|p1b: Rotom|Will-O-Wisp|p2b: Torkoal|[miss]
|-miss|p1b: Rotom|p2b: Torkoal
|move|p2a: Farigiraf|Trick Room|p2a: Farigiraf
|-fieldstart|move: Trick Room|[of] p2a: Farigiraf
|
|-weather|SunnyDay|[upkeep]
|upkeep
|turn|4
|
|t:|1783589774
|move|p1a: Grimmsnarl|Light Screen|p1a: Grimmsnarl
|-sidestart|p1: Cannon14|move: Light Screen
|move|p2b: Torkoal|Eruption|p1b: Rotom|[spread] p1a,p1b
|-resisted|p1b: Rotom|1
|-damage|p1a: Grimmsnarl|4/100
|-damage|p1b: Rotom|78/100
|move|p2a: Farigiraf|Thunderbolt|p1b: Rotom
|-damage|p1b: Rotom|62/100
|move|p1b: Rotom|Thunderbolt|p2b: Torkoal
|-damage|p2b: Torkoal|53/100
|
|-weather|SunnyDay|[upkeep]
|upkeep
|turn|5
|
|t:|1783589789
|move|p1a: Grimmsnarl|Parting Shot||[still]
|cant|p2a: Farigiraf|ability: Armor Tail|Parting Shot|[of] p1a: Grimmsnarl
|move|p2b: Torkoal|Weather Ball|p1a: Grimmsnarl
|-damage|p1a: Grimmsnarl|0 fnt
|faint|p1a: Grimmsnarl
|move|p2a: Farigiraf|Psychic|p1b: Rotom
|-crit|p1b: Rotom
|-damage|p1b: Rotom|9/100
|-enditem|p1b: Rotom|Sitrus Berry|[eat]
|-heal|p1b: Rotom|34/100|[from] item: Sitrus Berry
|move|p1b: Rotom|Thunderbolt|p2b: Torkoal
|-damage|p2b: Torkoal|2/100
|-status|p2b: Torkoal|par
|
|-weather|SunnyDay|[upkeep]
|upkeep
|
|t:|1783589801
|switch|p1a: Sinistcha|Sinistcha, L50|100/100
|-heal|p1b: Rotom|58/100|[from] ability: Hospitality|[of] p1a: Sinistcha
|turn|6
|
|t:|1783589809
|move|p2b: Torkoal|Weather Ball|p1a: Sinistcha
|-supereffective|p1a: Sinistcha|1
|-damage|p1a: Sinistcha|2/100
|move|p2a: Farigiraf|Psychic|p1b: Rotom
|-damage|p1b: Rotom|37/100
|move|p1a: Sinistcha|Matcha Gotcha|p2a: Farigiraf|[spread] p2b
|-miss|p1a: Sinistcha|p2a: Farigiraf
|-resisted|p2b: Torkoal|1
|-damage|p2b: Torkoal|0 fnt
|-heal|p1a: Sinistcha|4/100|[from] drain|[of] p2b: Torkoal
|faint|p2b: Torkoal
|move|p1b: Rotom|Thunderbolt|p2a: Farigiraf
|-damage|p2a: Farigiraf|64/100
|
|-weather|SunnyDay|[upkeep]
|upkeep
|
|t:|1783589816
|switch|p2b: Scrafty|Scrafty-Mega, L50, M|100/100
|-ability|p2b: Scrafty|Intimidate|boost
|-unboost|p1a: Sinistcha|atk|1
|-unboost|p1b: Rotom|atk|1
|turn|7
|
|t:|1783589823
|move|p2b: Scrafty|Fake Out|p1b: Rotom
|-damage|p1b: Rotom|27/100
|move|p2a: Farigiraf|Psychic|p1a: Sinistcha
|-damage|p1a: Sinistcha|0 fnt
|faint|p1a: Sinistcha
|cant|p1b: Rotom|flinch
|
|-weather|SunnyDay|[upkeep]
|-fieldend|move: Trick Room
|upkeep
|turn|8
|
|t:|1783589829
|move|p1b: Rotom|Thunderbolt|p2a: Farigiraf
|-crit|p2a: Farigiraf
|-damage|p2a: Farigiraf|9/100
|-enditem|p2a: Farigiraf|Sitrus Berry|[eat]
|-heal|p2a: Farigiraf|34/100|[from] item: Sitrus Berry
|move|p2b: Scrafty|Knock Off|p1b: Rotom
|-damage|p1b: Rotom|2/100
|move|p2a: Farigiraf|Psychic|p1b: Rotom
|-crit|p1b: Rotom
|-damage|p1b: Rotom|0 fnt
|faint|p1b: Rotom
|
|win|BVSelf
||BVSelf is ready for game 2.
|inactive|Cannon14 has 30 seconds to confirm battle start!
|inactive|Cannon14 has 20 seconds to confirm battle start!
|inactive|Cannon14 has 10 seconds to confirm battle start!
|uhtml|next|Next: Game 2 of 3
|l|☆Cannon14
|player|p1|
