|j|☆Wezly_ME
|j|☆Shadallion987654
|html|Wezly_MEShadallion987654    
|uhtml|bestof|Game 1 of a best-of-3
|t:|1757906733
|gametype|doubles
|player|p1|Wezly_ME|palmer|1141
|player|p2|Shadallion987654|169|1021
|gen|9
|tier|[Gen 9] VGC 2025 Reg H (Bo3)
|rated|
|rule|Species Clause: Limit one of each Pokémon
|rule|Item Clause: Limit 1 of each item
|clearpoke
|poke|p1|Ursaluna-Bloodmoon, L50, M|
|poke|p1|Sinistcha, L50|
|poke|p1|Smeargle, L50, M|
|poke|p1|Sneasler, L50, F|
|poke|p1|Bellibolt, L50, F|
|poke|p1|Farigiraf, L50, M|
|poke|p2|Volcarona, L50, M|
|poke|p2|Rillaboom, L50, F|
|poke|p2|Sneasler, L50, F|
|poke|p2|Dragonite, L50, M|
|poke|p2|Gholdengo, L50|
|poke|p2|Electabuzz, L50, M|
|teampreview|4
|showteam|p1|Ursaluna-Bloodmoon||AssaultVest|MindsEye|BloodMoon,HyperVoice,EarthPower,Moonblast|||M|||50|,,,,,Fairy]Sinistcha||Leftovers|Hospitality|Protect,LifeDew,ShadowBall,MatchaGotcha||||||50|,,,,,Water]Smeargle||FocusSash|Moody|FakeOut,FollowMe,Decorate,Spore|||M|||50|,,,,,Ghost]Sneasler||NormalGem|Unburden|FakeOut,NightSlash,DireClaw,CloseCombat|||F|||50|,,,,,Flying]Bellibolt||BigRoot|Electromorphosis|ParabolicCharge,AcidSpray,Soak,Protect|||F|||50|,,,,,Grass]Farigiraf||RockyHelmet|ArmorTail|Protect,TrickRoom,HyperVoice,Psychic|||M|||50|,,,,,Water
|showteam|p2|Volcarona||CovertCloak|FlameBody|Protect,HeatWave,QuiverDance,GigaDrain|||M|||50|,,,,,Fairy]Rillaboom||AssaultVest|GrassySurge|GrassyGlide,FakeOut,WoodHammer,HighHorsepower|||F|||50|,,,,,Fire]Sneasler||GrassySeed|Unburden|CloseCombat,DireClaw,Protect,ThroatChop|||F|||50|,,,,,Dark]Dragonite||LoadedDice|Multiscale|ScaleShot,Protect,ExtremeSpeed,Haze|||M|||50|,,,,,Fairy]Gholdengo||LifeOrb|GoodasGold|MakeItRain,ShadowBall,Protect,NastyPlot||||||50|,,,,,Steel]Electabuzz||Eviolite|VitalSpirit|FollowMe,Protect,Taunt,Electroweb|||M|||50|,,,,,Ghost
|inactive|Battle timer is ON: inactive players will automatically lose when time's up. (requested by Wezly_ME)
|inactive|Wezly_ME has 60 seconds left.
|inactive|Shadallion987654 has 60 seconds left.
|
|t:|1757906779
|teamsize|p1|4
|teamsize|p2|4
|start
|switch|p1a: Farigiraf|Farigiraf, L50, M|100/100
|switch|p1b: Ursaluna|Ursaluna-Bloodmoon, L50, M|100/100
|switch|p2a: Electabuzz|Electabuzz, L50, M|100/100
|switch|p2b: Gholdengo|Gholdengo, L50|100/100
|turn|1
|
|t:|1757906803
|switch|p2b: Rillaboom|Rillaboom, L50, F|100/100
|-fieldstart|move: Grassy Terrain|[from] ability: Grassy Surge|[of] p2b: Rillaboom
|move|p2a: Electabuzz|Taunt|p1a: Farigiraf
|-start|p1a: Farigiraf|move: Taunt
|move|p1b: Ursaluna|Earth Power|p2b: Rillaboom
|-resisted|p2b: Rillaboom
|-damage|p2b: Rillaboom|83/100
|cant|p1a: Farigiraf|move: Taunt|Trick Room
|
|-heal|p2b: Rillaboom|89/100|[from] Grassy Terrain
|upkeep
|turn|2
|inactive|Shadallion987654 has 30 seconds left.
|
|t:|1757906829
|-terastallize|p1b: Ursaluna|Fairy
|move|p2a: Electabuzz|Protect|p2a: Electabuzz
|-singleturn|p2a: Electabuzz|Protect
|move|p2b: Rillaboom|Wood Hammer|p1b: Ursaluna
|-damage|p1b: Ursaluna|43/100
|-damage|p2b: Rillaboom|70/100|[from] Recoil
|move|p1a: Farigiraf|Hyper Voice|p2a: Electabuzz|[spread] p2b
|-activate|p2a: Electabuzz|move: Protect
|-damage|p2b: Rillaboom|51/100
|move|p1b: Ursaluna|Blood Moon|p2b: Rillaboom
|-damage|p2b: Rillaboom|0 fnt
|faint|p2b: Rillaboom
|
|-heal|p1b: Ursaluna|49/100|[from] Grassy Terrain
|upkeep
|
|t:|1757906851
|switch|p2b: Sneasler|Sneasler, L50, F|100/100
|-enditem|p2b: Sneasler|Grassy Seed
|-boost|p2b: Sneasler|def|1|[from] item: Grassy Seed
|turn|3
|
|t:|1757906868
|switch|p1a: Sneasler|Sneasler, L50, F|100/100
|-terastallize|p2b: Sneasler|Dark
|move|p2a: Electabuzz|Follow Me|p2a: Electabuzz
|-singleturn|p2a: Electabuzz|move: Follow Me
|move|p2b: Sneasler|Dire Claw|p1b: Ursaluna
|-supereffective|p1b: Ursaluna
|-damage|p1b: Ursaluna|0 fnt
|faint|p1b: Ursaluna
|
|upkeep
|
|t:|1757906877
|switch|p1b: Farigiraf|Farigiraf, L50, M|100/100
|turn|4
|
|t:|1757906893
|move|p1b: Farigiraf|Protect|p1b: Farigiraf
|-singleturn|p1b: Farigiraf|Protect
|move|p1a: Sneasler|Fake Out|p2b: Sneasler
|-enditem|p1a: Sneasler|Normal Gem|[from] gem
|-damage|p2b: Sneasler|79/100
|cant|p2b: Sneasler|flinch
|move|p2a: Electabuzz|Taunt|p1b: Farigiraf
|-activate|p1b: Farigiraf|move: Protect
|
|-heal|p2b: Sneasler|84/100|[from] Grassy Terrain
|upkeep
|turn|5
|
|t:|1757906910
|move|p2b: Sneasler|Throat Chop|p1b: Farigiraf
|-supereffective|p1b: Farigiraf
|-damage|p1b: Farigiraf|29/100
|-start|p1b: Farigiraf|Throat Chop|[silent]
|-damage|p2b: Sneasler|68/100|[from] item: Rocky Helmet|[of] p1b: Farigiraf
|move|p1a: Sneasler|Close Combat|p2b: Sneasler
|-supereffective|p2b: Sneasler
|-damage|p2b: Sneasler|0 fnt
|-unboost|p1a: Sneasler|def|1
|-unboost|p1a: Sneasler|spd|1
|faint|p2b: Sneasler
|move|p2a: Electabuzz|Taunt|p1b: Farigiraf
|-start|p1b: Farigiraf|move: Taunt
|move|p1b: Farigiraf|Psychic|p2a: Electabuzz
|-damage|p2a: Electabuzz|72/100
|
|-heal|p2a: Electabuzz|77/100|[from] Grassy Terrain
|-heal|p1b: Farigiraf|35/100|[from] Grassy Terrain
|-fieldend|move: Grassy Terrain
|upkeep
|
|t:|1757906918
|switch|p2b: Gholdengo|Gholdengo, L50|100/100
|turn|6
|
|t:|1757906933
|move|p1a: Sneasler|Night Slash|p2b: Gholdengo
|-supereffective|p2b: Gholdengo
|-damage|p2b: Gholdengo|42/100
|move|p2a: Electabuzz|Electroweb|p1b: Farigiraf|[spread] p1a,p1b
|-damage|p1a: Sneasler|73/100
|-damage|p1b: Farigiraf|20/100
|-unboost|p1a: Sneasler|spe|1
|-unboost|p1b: Farigiraf|spe|1
|move|p2b: Gholdengo|Make It Rain|p1a: Sneasler|[spread] p1a,p1b
|-damage|p1a: Sneasler|0 fnt
|-damage|p1b: Farigiraf|0 fnt
|-unboost|p2b: Gholdengo|spa|1
|faint|p1a: Sneasler
|faint|p1b: Farigiraf
|-damage|p2b: Gholdengo|32/100|[from] item: Life Orb
|
|upkeep
|
|t:|1757906949
|switch|p1b: Bellibolt|Bellibolt, L50, F|100/100
|turn|7
|
|t:|1757906963
|move|p1b: Bellibolt|Protect|p1b: Bellibolt
|-singleturn|p1b: Bellibolt|Protect
|move|p2a: Electabuzz|Follow Me|p2a: Electabuzz
|-singleturn|p2a: Electabuzz|move: Follow Me
|move|p2b: Gholdengo|Nasty Plot|p2b: Gholdengo
|-boost|p2b: Gholdengo|spa|2
|
|upkeep
|turn|8
|
|t:|1757906974
|move|p2b: Gholdengo|Protect|p2b: Gholdengo
|-singleturn|p2b: Gholdengo|Protect
|move|p2a: Electabuzz|Taunt|p1b: Bellibolt
|-start|p1b: Bellibolt|move: Taunt
|move|p1b: Bellibolt|Parabolic Charge|p2b: Gholdengo|[spread] p2a
|-activate|p2b: Gholdengo|move: Protect
|-resisted|p2a: Electabuzz
|-damage|p2a: Electabuzz|70/100
|
|upkeep
|turn|9
|
|t:|1757906993
|move|p2a: Electabuzz|Follow Me|p2a: Electabuzz
|-singleturn|p2a: Electabuzz|move: Follow Me
|move|p2b: Gholdengo|Make It Rain|p1b: Bellibolt
|-resisted|p1b: Bellibolt
|-damage|p1b: Bellibolt|50/100
|-unboost|p2b: Gholdengo|spa|1
|-start|p1b: Bellibolt|Charge|Make It Rain|[from] ability: Electromorphosis
|-damage|p2b: Gholdengo|22/100|[from] item: Life Orb
|move|p1b: Bellibolt|Parabolic Charge|p2b: Gholdengo|[spread] p2a,p2b
|-resisted|p2a: Electabuzz
|-damage|p2a: Electabuzz|53/100
|-heal|p1b: Bellibolt|58/100|[from] drain|[of] p2a: Electabuzz
|-damage|p2b: Gholdengo|0 fnt
|-heal|p1b: Bellibolt|70/100|[from] drain|[of] p2b: Gholdengo
|faint|p2b: Gholdengo
|-end|p1b: Bellibolt|Charge|[silent]
|
|upkeep
|turn|10
|
|t:|1757907011
|move|p2a: Electabuzz|Electroweb|p1b: Bellibolt
|-resisted|p1b: Bellibolt
|-damage|p1b: Bellibolt|62/100
|-unboost|p1b: Bellibolt|spe|1
|-start|p1b: Bellibolt|Charge|Electroweb|[from] ability: Electromorphosis
|move|p1b: Bellibolt|Acid Spray|p2a: Electabuzz
|-damage|p2a: Electabuzz|45/100
|-unboost|p2a: Electabuzz|spd|2
|
|-end|p1b: Bellibolt|move: Taunt
|upkeep
|turn|11
|-message|Shadallion987654 forfeited.
|raw|Wezly_ME's rating: 1141 → 1158(+17 for winning)
|raw|Shadallion987654's rating: 1021 → 1012(-9 for losing)
|
|win|Wezly_ME
|l|☆Shadallion987654
|player|p2|
|l|☆Wezly_ME
|player|p1|
