|j|☆Sizzle2466
|j|☆Jackbouncy
|html|Sizzle2466Jackbouncy    
|uhtml|bestof|Game 2 of a best-of-3
|t:|1757796104
|gametype|doubles
|player|p1|Sizzle2466|2|1047
|player|p2|Jackbouncy|ruinmaniac|1136
|gen|9
|tier|[Gen 9] VGC 2025 Reg H (Bo3)
|rated|
|rule|Species Clause: Limit one of each Pokémon
|rule|Item Clause: Limit 1 of each item
|clearpoke
|poke|p1|Galvantula, L50, F|
|poke|p1|Incineroar, L50, M|
|poke|p1|Amoonguss, L50, M|
|poke|p1|Gholdengo, L50|
|poke|p1|Palafin, L50, M|
|poke|p1|Flamigo, L50, M|
|poke|p2|Maushold-Four, L50|
|poke|p2|Sinistcha-Masterpiece, L50|
|poke|p2|Annihilape, L50, M|
|poke|p2|Gholdengo, L50|
|poke|p2|Basculegion, L50, M|
|poke|p2|Incineroar, L50, M|
|teampreview|4
|showteam|p1|Galvantula||AssaultVest|CompoundEyes|Electroweb,BugBuzz,Thunderbolt,VoltSwitch|||F|||50|,,,,,Electric]Incineroar||SafetyGoggles|Intimidate|FakeOut,FlareBlitz,KnockOff,PartingShot|||M|||50|,,,,,Ghost]Amoonguss||CovertCloak|Regenerator|Spore,RagePowder,SludgeBomb,PollenPuff|||M|||50|,,,,,Ghost]Gholdengo||SitrusBerry|GoodasGold|NastyPlot,MakeItRain,ShadowBall,Protect||||||50|,,,,,Dragon]Palafin||MysticWater|ZerotoHero|JetPunch,WaveCrash,Protect,FlipTurn|||M|||50|,,,,,Water]Flamigo||LifeOrb|Scrappy|BraveBird,CloseCombat,Detect,Tailwind|||M|||50|,,,,,Stellar
|showteam|p2|Maushold-Four||FocusSash|FriendGuard|BeatUp,FollowMe,Taunt,Protect||||||50|,,,,,Ghost]Sinistcha-Masterpiece||SitrusBerry|Hospitality|MatchaGotcha,RagePowder,Protect,TrickRoom||||||50|,,,,,Dark]Annihilape||Leftovers|Defiant|RageFist,DrainPunch,Protect,BulkUp|||M|||50|,,,,,Steel]Gholdengo||IronPlate|GoodasGold|MakeItRain,NastyPlot,Protect,ShadowBall||||||50|,,,,,Water]Basculegion||ChoiceScarf|Adaptability|WaveCrash,LastRespects,FlipTurn,Crunch|||M|||50|,,,,,Water]Incineroar||AssaultVest|Intimidate|FakeOut,FlareBlitz,KnockOff,Uturn|||M|||50|,,,,,Ghost
|
|t:|1757796124
|teamsize|p1|4
|teamsize|p2|4
|start
|switch|p1a: Galvantula|Galvantula, L50, F|100/100
|switch|p1b: Flamigo|Flamigo, L50, M|100/100
|switch|p2a: Maushold|Maushold-Four, L50|100/100
|switch|p2b: Annihilape|Annihilape, L50, M|100/100
|turn|1
|
|t:|1757796154
|switch|p2a: Incineroar|Incineroar, L50, M|100/100
|-ability|p2a: Incineroar|Intimidate|boost
|-unboost|p1a: Galvantula|atk|1
|-fail|p1b: Flamigo|unboost|Attack|[from] ability: Scrappy|[of] p1b: Flamigo
|move|p2b: Annihilape|Protect|p2b: Annihilape
|-singleturn|p2b: Annihilape|Protect
|move|p1a: Galvantula|Electroweb|p2b: Annihilape|[spread] p2a
|-activate|p2b: Annihilape|move: Protect
|-damage|p2a: Incineroar|91/100
|-unboost|p2a: Incineroar|spe|1
|move|p1b: Flamigo|Close Combat|p2a: Incineroar
|-supereffective|p2a: Incineroar
|-damage|p2a: Incineroar|0 fnt
|-unboost|p1b: Flamigo|def|1
|-unboost|p1b: Flamigo|spd|1
|faint|p2a: Incineroar
|-damage|p1b: Flamigo|91/100|[from] item: Life Orb
|
|upkeep
|
|t:|1757796174
|switch|p2a: Basculegion|Basculegion, L50, M|100/100
|turn|2
|
|t:|1757796191
|switch|p1b: Palafin|Palafin, L50, M|100/100
|move|p2a: Basculegion|Flip Turn|p1a: Galvantula
|-crit|p1a: Galvantula
|-damage|p1a: Galvantula|0 fnt
|faint|p1a: Galvantula
|
|t:|1757796197
|switch|p2a: Maushold|Maushold-Four, L50|100/100|[from] Flip Turn
|move|p2b: Annihilape|Bulk Up|p2b: Annihilape
|-boost|p2b: Annihilape|atk|1
|-boost|p2b: Annihilape|def|1
|
|upkeep
|
|t:|1757796204
|switch|p1a: Flamigo|Flamigo, L50, M|91/100
|turn|3
|
|t:|1757796253
|-terastallize|p2a: Maushold|Ghost
|move|p2a: Maushold|Follow Me|p2a: Maushold
|-singleturn|p2a: Maushold|move: Follow Me
|move|p1a: Flamigo|Close Combat|p2a: Maushold
|-damage|p2a: Maushold|26/100
|-unboost|p1a: Flamigo|def|1
|-unboost|p1a: Flamigo|spd|1
|-damage|p1a: Flamigo|81/100|[from] item: Life Orb
|move|p1b: Palafin|Flip Turn|p2a: Maushold
|-damage|p2a: Maushold|0 fnt
|faint|p2a: Maushold
|
|t:|1757796264
|detailschange|p1b: Palafin|Palafin-Hero, L50, M
|switch|p1b: Gholdengo|Gholdengo, L50|100/100|[from] Flip Turn
|move|p2b: Annihilape|Drain Punch|p1b: Gholdengo
|-immune|p1b: Gholdengo
|
|upkeep
|
|t:|1757796271
|switch|p2a: Basculegion|Basculegion, L50, M|100/100
|turn|4
|
|t:|1757796289
|-terastallize|p1b: Gholdengo|Dragon
|move|p2a: Basculegion|Last Respects|p1b: Gholdengo
|-damage|p1b: Gholdengo|16/100
|-enditem|p1b: Gholdengo|Sitrus Berry|[eat]
|-heal|p1b: Gholdengo|41/100|[from] item: Sitrus Berry
|move|p1a: Flamigo|Tailwind|p1a: Flamigo
|-sidestart|p1: Sizzle2466|move: Tailwind
|move|p1b: Gholdengo|Shadow Ball|p2a: Basculegion
|-supereffective|p2a: Basculegion
|-damage|p2a: Basculegion|0 fnt
|faint|p2a: Basculegion
|move|p2b: Annihilape|Rage Fist|p1a: Flamigo
|-damage|p1a: Flamigo|10/100
|
|upkeep
|turn|5
|
|t:|1757796314
|move|p1a: Flamigo|Detect|p1a: Flamigo
|-singleturn|p1a: Flamigo|Protect
|move|p1b: Gholdengo|Shadow Ball|p2b: Annihilape
|-supereffective|p2b: Annihilape
|-damage|p2b: Annihilape|16/100
|move|p2b: Annihilape|Drain Punch|p1b: Gholdengo
|-damage|p1b: Gholdengo|0 fnt
|-heal|p2b: Annihilape|35/100|[from] drain|[of] p1b: Gholdengo
|faint|p1b: Gholdengo
|
|-heal|p2b: Annihilape|41/100|[from] item: Leftovers
|upkeep
|
|t:|1757796326
|switch|p1b: Palafin|Palafin-Hero, L50, M|100/100
|-activate|p1b: Palafin|ability: Zero to Hero
|turn|6
|-message|Jackbouncy forfeited.
|
|win|Sizzle2466
||Jackbouncy is ready for game 3.
||Sizzle2466 is ready for game 3.
|uhtml|next|Next: Game 3 of 3
|l|☆Jackbouncy
|player|p2|
|l|☆Sizzle2466
|player|p1|
|j|☆Sizzle2466
|player|p1|Sizzle2466|2|
