|j|☆skywalkingchris
|j|‽vilan333
|html|skywalkingchrisvilan333    
|uhtml|bestof|Game 1 of a best-of-3
|t:|1756327805
|gametype|doubles
|player|p1|skywalkingchris|169|1040
|player|p2|vilan333|marshal|1076
|gen|9
|tier|[Gen 9] VGC 2025 Reg H (Bo3)
|rated|
|rule|Species Clause: Limit one of each Pokémon
|rule|Item Clause: Limit 1 of each item
|clearpoke
|poke|p1|Dragonite, L50, M|
|poke|p1|Gurdurr, L50, M|
|poke|p1|Typhlosion-Hisui, L50, M|
|poke|p1|Amoonguss, L50, F|
|poke|p1|Gholdengo, L50|
|poke|p1|Whimsicott, L50, M|
|poke|p2|Sneasler, L50, M|
|poke|p2|Indeedee, L50, M|
|poke|p2|Ursaluna-Bloodmoon, L50, M|
|poke|p2|Electabuzz, L50, M|
|poke|p2|Talonflame, L50, F|
|poke|p2|Incineroar, L50, F|
|teampreview|4
|showteam|p1|Dragonite||LoadedDice|Multiscale|Tailwind,ScaleShot,Protect,IceSpinner|||M|||50|,,,,,Fairy]Gurdurr||Eviolite|IronFist|Coaching,MachPunch,Protect,KnockOff|||M|||50|,,,,,Dark]Typhlosion-Hisui||ChoiceScarf|Frisk|Eruption,BurningJealousy,Flamethrower,ShadowBall|||M|||50|,,,,,Fire]Amoonguss||SitrusBerry|Regenerator|RagePowder,SludgeBomb,PollenPuff,ClearSmog|||F|||50|,,,,,Water]Gholdengo||LifeOrb|GoodasGold|Thunderbolt,TeraBlast,ShadowBall,MakeItRain||||||50|,,,,,Water]Whimsicott||CovertCloak|Prankster|SunnyDay,Tailwind,Moonblast,Encore|||M|||50|,,,,,Steel
|showteam|p2|Sneasler||PsychicSeed|Unburden|Protect,CloseCombat,DireClaw,ThroatChop|||M|||50|,,,,,Dark]Indeedee||FocusSash|PsychicSurge|Imprison,TrickRoom,ExpandingForce,TeraBlast|||M|||50|,,,,,Fighting]Ursaluna-Bloodmoon||LifeOrb|MindsEye|Protect,HyperVoice,BloodMoon,EarthPower|||M|||50|,,,,,Normal]Electabuzz||Eviolite|VitalSpirit|Electroweb,Protect,Taunt,FollowMe|||M|||50|,,,,,Ghost]Talonflame||CovertCloak|GaleWings|Tailwind,WillOWisp,DualWingbeat,FlareBlitz|||F|||50|,,,,,Fairy]Incineroar||SafetyGoggles|Intimidate|FakeOut,KnockOff,PartingShot,FlareBlitz|||F|||50|,,,,,Ghost
|
|t:|1756327862
|teamsize|p1|4
|teamsize|p2|4
|start
|switch|p1a: Whimsicott|Whimsicott, L50, M|100/100
|switch|p1b: Typhlosion|Typhlosion-Hisui, L50, M|100/100
|switch|p2a: Incineroar|Incineroar, L50, F|100/100
|switch|p2b: Indeedee|Indeedee, L50, M|100/100
|-item|p2a: Incineroar|Safety Goggles|[from] ability: Frisk|[of] p1b: Typhlosion
|-item|p2b: Indeedee|Focus Sash|[from] ability: Frisk|[of] p1b: Typhlosion
|-fieldstart|move: Psychic Terrain|[from] ability: Psychic Surge|[of] p2b: Indeedee
|-ability|p2a: Incineroar|Intimidate|boost
|-unboost|p1a: Whimsicott|atk|1
|-unboost|p1b: Typhlosion|atk|1
|turn|1
|
|t:|1756327890
|-terastallize|p1b: Typhlosion|Fire
|move|p1a: Whimsicott|Tailwind|p1a: Whimsicott
|-sidestart|p1: skywalkingchris|move: Tailwind
|move|p1b: Typhlosion|Eruption|p2a: Incineroar|[spread] p2a,p2b
|-resisted|p2a: Incineroar
|-damage|p2a: Incineroar|68/100
|-enditem|p2b: Indeedee|Focus Sash
|-damage|p2b: Indeedee|1/100
|move|p2b: Indeedee|Expanding Force|p1a: Whimsicott|[spread] p1a,p1b
|-damage|p1a: Whimsicott|22/100
|-damage|p1b: Typhlosion|18/100
|move|p2a: Incineroar|Knock Off|p1b: Typhlosion
|-damage|p1b: Typhlosion|0 fnt
|-enditem|p1b: Typhlosion|Choice Scarf|[from] move: Knock Off|[of] p2a: Incineroar
|faint|p1b: Typhlosion
|
|upkeep
|
|t:|1756327905
|switch|p1b: Dragonite|Dragonite, L50, M|100/100
|turn|2
|
|t:|1756327919
|move|p1a: Whimsicott|Moonblast|p2b: Indeedee
|-damage|p2b: Indeedee|0 fnt
|faint|p2b: Indeedee
|move|p1b: Dragonite|Scale Shot|p2a: Incineroar
|-damage|p2a: Incineroar|55/100
|-damage|p2a: Incineroar|43/100
|-damage|p2a: Incineroar|30/100
|-crit|p2a: Incineroar
|-damage|p2a: Incineroar|12/100
|-damage|p2a: Incineroar|1/100
|-hitcount|p2a: Incineroar|5
|-unboost|p1b: Dragonite|def|1
|-boost|p1b: Dragonite|spe|1
|move|p2a: Incineroar|Knock Off|p1b: Dragonite
|-damage|p1b: Dragonite|72/100
|-enditem|p1b: Dragonite|Loaded Dice|[from] move: Knock Off|[of] p2a: Incineroar
|
|upkeep
|
|t:|1756327938
|switch|p2b: Sneasler|Sneasler, L50, M|100/100
|-enditem|p2b: Sneasler|Psychic Seed
|-boost|p2b: Sneasler|spd|1|[from] item: Psychic Seed
|turn|3
|
|t:|1756327964
|switch|p1a: Gurdurr|Gurdurr, L50, M|100/100
|move|p1b: Dragonite|Ice Spinner|p2a: Incineroar
|-resisted|p2a: Incineroar
|-damage|p2a: Incineroar|0 fnt
|-fieldend|move: Psychic Terrain
|faint|p2a: Incineroar
|move|p2b: Sneasler|Dire Claw|p1b: Dragonite
|-damage|p1b: Dragonite|7/100
|
|upkeep
|
|t:|1756327974
|switch|p2a: Ursaluna|Ursaluna-Bloodmoon, L50, M|100/100
|turn|4
|
|t:|1756327992
|move|p2b: Sneasler|Protect|p2b: Sneasler
|-singleturn|p2b: Sneasler|Protect
|move|p2a: Ursaluna|Protect|p2a: Ursaluna
|-singleturn|p2a: Ursaluna|Protect
|move|p1a: Gurdurr|Mach Punch|p2a: Ursaluna
|-activate|p2a: Ursaluna|move: Protect
|move|p1b: Dragonite|Scale Shot|p2b: Sneasler
|-activate|p2b: Sneasler|move: Protect
|
|-sideend|p1: skywalkingchris|move: Tailwind
|upkeep
|turn|5
|
|t:|1756328010
|-terastallize|p2a: Ursaluna|Normal
|move|p1b: Dragonite|Protect|p1b: Dragonite
|-singleturn|p1b: Dragonite|Protect
|move|p1a: Gurdurr|Mach Punch|p2a: Ursaluna
|-supereffective|p2a: Ursaluna
|-damage|p2a: Ursaluna|71/100
|move|p2b: Sneasler|Dire Claw|p1b: Dragonite
|-activate|p1b: Dragonite|move: Protect
|move|p2a: Ursaluna|Blood Moon|p1a: Gurdurr
|-damage|p1a: Gurdurr|0 fnt
|faint|p1a: Gurdurr
|-damage|p2a: Ursaluna|61/100|[from] item: Life Orb
|
|upkeep
|
|t:|1756328023
|switch|p1a: Whimsicott|Whimsicott, L50, M|22/100
|turn|6
|
|t:|1756328042
|move|p1a: Whimsicott|Tailwind|p1a: Whimsicott
|-sidestart|p1: skywalkingchris|move: Tailwind
|move|p1b: Dragonite|Ice Spinner|p2a: Ursaluna
|-damage|p2a: Ursaluna|41/100
|move|p2b: Sneasler|Dire Claw|p1b: Dragonite
|-damage|p1b: Dragonite|0 fnt
|faint|p1b: Dragonite
|move|p2a: Ursaluna|Hyper Voice|p1a: Whimsicott
|-damage|p1a: Whimsicott|0 fnt
|faint|p1a: Whimsicott
|-damage|p2a: Ursaluna|31/100|[from] item: Life Orb
|
|win|vilan333
|inactive|skywalkingchris has 30 seconds to confirm battle start!
|inactive|vilan333 has 30 seconds to confirm battle start!
||skywalkingchris is ready for game 2.
