|j|☆eox dys
|j|☆GubGubFan
|html|eox dysGubGubFan    
|uhtml|bestof|Game 1 of a best-of-3
|t:|1757643932
|gametype|doubles
|player|p1|eox dys|102|1126
|player|p2|GubGubFan|baoba|1210
|gen|9
|tier|[Gen 9] VGC 2025 Reg H (Bo3)
|rated|
|rule|Species Clause: Limit one of each Pokémon
|rule|Item Clause: Limit 1 of each item
|clearpoke
|poke|p1|Incineroar, L50, F|
|poke|p1|Tyranitar, L50, M|
|poke|p1|Houndstone, L50, F|
|poke|p1|Clefable, L50, F|
|poke|p1|Rillaboom, L50, M|
|poke|p1|Gholdengo, L50|
|poke|p2|Tyranitar, L50, F|
|poke|p2|Excadrill, L50, M|
|poke|p2|Basculegion, L50, M|
|poke|p2|Volcarona, L50, F|
|poke|p2|Dragonite, L50, M|
|poke|p2|Magmar, L50, F|
|teampreview|4
|showteam|p1|Incineroar||SafetyGoggles|Intimidate|FakeOut,KnockOff,FlareBlitz,PartingShot|||F|||50|,,,,,Ghost]Tyranitar||FocusSash|SandStream|Protect,TeraBlast,RockSlide,LashOut|||M|||50|,,,,,Flying]Houndstone||ChoiceBand|SandRush|SleepTalk,ShadowSneak,LastRespects,PlayRough|||F|||50|,,,,,Ghost]Clefable||Leftovers|MagicGuard|Protect,FollowMe,CosmicPower,Moonblast|||F|||50|,,,,,Grass]Rillaboom||AssaultVest|GrassySurge|FakeOut,GrassyGlide,WoodHammer,HighHorsepower|||M|||50|,,,,,Ghost]Gholdengo||MetalCoat|GoodasGold|Protect,NastyPlot,MakeItRain,ShadowBall||||||50|,,,,,Dragon
|showteam|p2|Tyranitar||AssaultVest|SandStream|RockSlide,KnockOff,LowKick,TeraBlast|||F|||50|,,,,,Flying]Excadrill||FocusSash|SandRush|Earthquake,HighHorsepower,IronHead,Protect|||M|||50|,,,,,Ground]Basculegion||ChoiceScarf|Adaptability|WaveCrash,FlipTurn,AquaJet,LastRespects|||M|||50|,,,,,Grass]Volcarona||Leftovers|FlameBody|HeatWave,QuiverDance,TeraBlast,Protect|||F|||50|,,,,,Fairy]Dragonite||LoadedDice|Multiscale|Protect,Tailwind,ScaleShot,Haze|||M|||50|,,,,,Fairy]Magmar||Eviolite|VitalSpirit|FollowMe,Taunt,HeatWave,WillOWisp|||F|||50|,,,,,Grass
|inactive|Battle timer is ON: inactive players will automatically lose when time's up. (requested by GubGubFan)
|
|t:|1757643984
|teamsize|p1|4
|teamsize|p2|4
|start
|switch|p1a: Incineroar|Incineroar, L50, F|100/100
|switch|p1b: Rillaboom|Rillaboom, L50, M, shiny|100/100
|switch|p2a: Basculegion|Basculegion, L50, M|100/100
|switch|p2b: Excadrill|Excadrill, L50, M|100/100
|-fieldstart|move: Grassy Terrain|[from] ability: Grassy Surge|[of] p1b: Rillaboom
|-ability|p1a: Incineroar|Intimidate|boost
|-unboost|p2a: Basculegion|atk|1
|-unboost|p2b: Excadrill|atk|1
|turn|1
|inactive|eox dys has 30 seconds left.
|inactive|eox dys has 20 seconds left.
|
|t:|1757644021
|move|p2b: Excadrill|Protect|p2b: Excadrill
|-singleturn|p2b: Excadrill|Protect
|move|p1b: Rillaboom|Grassy Glide|p2a: Basculegion
|-supereffective|p2a: Basculegion
|-damage|p2a: Basculegion|6/100
|move|p2a: Basculegion|Flip Turn|p1a: Incineroar
|-supereffective|p1a: Incineroar
|-damage|p1a: Incineroar|51/100
|inactive|GubGubFan has 30 seconds left.
|
|t:|1757644056
|switch|p2a: Tyranitar|Tyranitar, L50, F|100/100|[from] Flip Turn
|-weather|Sandstorm|[from] ability: Sand Stream|[of] p2a: Tyranitar
|move|p1a: Incineroar|Flare Blitz|p2b: Excadrill
|-activate|p2b: Excadrill|move: Protect
|
|-weather|Sandstorm|[upkeep]
|-damage|p1b: Rillaboom|95/100|[from] Sandstorm
|-heal|p1b: Rillaboom|100/100|[from] Grassy Terrain
|-heal|p1a: Incineroar|57/100|[from] Grassy Terrain
|upkeep
|turn|2
|
|t:|1757644072
|switch|p1a: Clefable|Clefable, L50, F|100/100
|-terastallize|p2a: Tyranitar|Flying
|move|p2b: Excadrill|High Horsepower|p1a: Clefable
|-damage|p1a: Clefable|64/100
|move|p1b: Rillaboom|High Horsepower|p2b: Excadrill
|-supereffective|p2b: Excadrill
|-crit|p2b: Excadrill
|-enditem|p2b: Excadrill|Focus Sash
|-damage|p2b: Excadrill|1/100
|move|p2a: Tyranitar|Tera Blast|p1b: Rillaboom|[anim] Tera Blast Flying
|-supereffective|p1b: Rillaboom
|-damage|p1b: Rillaboom|11/100
|
|-weather|Sandstorm|[upkeep]
|-damage|p1b: Rillaboom|5/100|[from] Sandstorm
|-damage|p2a: Tyranitar|95/100|[from] Sandstorm
|-heal|p2b: Excadrill|7/100|[from] Grassy Terrain
|-heal|p1b: Rillaboom|11/100|[from] Grassy Terrain
|-heal|p1a: Clefable|70/100|[from] Grassy Terrain
|-heal|p1a: Clefable|76/100|[from] item: Leftovers
|upkeep
|turn|3
|
|t:|1757644093
|switch|p1b: Incineroar|Incineroar, L50, F|57/100
|-ability|p1b: Incineroar|Intimidate|boost
|-unboost|p2a: Tyranitar|atk|1
|-unboost|p2b: Excadrill|atk|1
|move|p2b: Excadrill|Protect|p2b: Excadrill
|-singleturn|p2b: Excadrill|Protect
|move|p2a: Tyranitar|Rock Slide|p1b: Incineroar|[spread] p1a,p1b
|-supereffective|p1b: Incineroar
|-damage|p1a: Clefable|54/100
|-damage|p1b: Incineroar|15/100
|move|p1a: Clefable|Cosmic Power|p1a: Clefable
|-boost|p1a: Clefable|def|1
|-boost|p1a: Clefable|spd|1
|
|-weather|Sandstorm|[upkeep]
|-damage|p2a: Tyranitar|89/100|[from] Sandstorm
|-heal|p2b: Excadrill|13/100|[from] Grassy Terrain
|-heal|p1b: Incineroar|21/100|[from] Grassy Terrain
|-heal|p1a: Clefable|60/100|[from] Grassy Terrain
|-heal|p1a: Clefable|66/100|[from] item: Leftovers
|upkeep
|turn|4
|inactive|GubGubFan has 30 seconds left.
|
|t:|1757644119
|switch|p2b: Volcarona|Volcarona, L50, F|100/100
|move|p1b: Incineroar|Fake Out|p2b: Volcarona
|-damage|p2b: Volcarona|89/100
|move|p2a: Tyranitar|Rock Slide|p1a: Clefable|[spread] p1a,p1b
|-supereffective|p1b: Incineroar
|-damage|p1a: Clefable|50/100
|-damage|p1b: Incineroar|0 fnt
|faint|p1b: Incineroar
|cant|p1a: Clefable|flinch
|
|-weather|Sandstorm|[upkeep]
|-damage|p2b: Volcarona|83/100|[from] Sandstorm
|-damage|p2a: Tyranitar|83/100|[from] Sandstorm
|-heal|p2b: Volcarona|89/100|[from] Grassy Terrain
|-heal|p2b: Volcarona|95/100|[from] item: Leftovers
|-heal|p1a: Clefable|56/100|[from] Grassy Terrain
|-heal|p1a: Clefable|62/100|[from] item: Leftovers
|upkeep
|
|t:|1757644124
|switch|p1b: Houndstone|Houndstone, L50, F|100/100
|turn|5
|
|t:|1757644146
|-terastallize|p1b: Houndstone|Ghost
|move|p1b: Houndstone|Last Respects|p2b: Volcarona
|-crit|p2b: Volcarona
|-damage|p2b: Volcarona|0 fnt
|faint|p2b: Volcarona
|move|p2a: Tyranitar|Knock Off|p1a: Clefable
|-resisted|p1a: Clefable
|-crit|p1a: Clefable
|-damage|p1a: Clefable|17/100
|-enditem|p1a: Clefable|Leftovers|[from] move: Knock Off|[of] p2a: Tyranitar
|move|p1a: Clefable|Cosmic Power|p1a: Clefable
|-boost|p1a: Clefable|def|1
|-boost|p1a: Clefable|spd|1
|
|-weather|none
|-heal|p1a: Clefable|23/100|[from] Grassy Terrain
|-fieldend|move: Grassy Terrain
|upkeep
|
|t:|1757644167
|switch|p2b: Excadrill|Excadrill, L50, M|13/100
|turn|6
|
|t:|1757644180
|move|p2b: Excadrill|Protect|p2b: Excadrill
|-singleturn|p2b: Excadrill|Protect
|move|p1a: Clefable|Protect|p1a: Clefable
|-singleturn|p1a: Clefable|Protect
|move|p1b: Houndstone|Last Respects|p2b: Excadrill
|-activate|p2b: Excadrill|move: Protect
|move|p2a: Tyranitar|Knock Off|p1b: Houndstone
|-supereffective|p1b: Houndstone
|-damage|p1b: Houndstone|8/100
|-enditem|p1b: Houndstone|Choice Band|[from] move: Knock Off|[of] p2a: Tyranitar
|
|upkeep
|turn|7
|
|t:|1757644203
|switch|p1a: Rillaboom|Rillaboom, L50, M, shiny|11/100
|-fieldstart|move: Grassy Terrain|[from] ability: Grassy Surge|[of] p1a: Rillaboom
|move|p1b: Houndstone|Shadow Sneak|p2b: Excadrill
|-damage|p2b: Excadrill|0 fnt
|faint|p2b: Excadrill
|move|p2a: Tyranitar|Rock Slide|p1a: Rillaboom|[spread] p1a,p1b
|-damage|p1a: Rillaboom|0 fnt
|-damage|p1b: Houndstone|0 fnt
|faint|p1a: Rillaboom
|faint|p1b: Houndstone
|
|upkeep
|-message|eox dys forfeited.
|
|win|GubGubFan
||eox dys is ready for game 2.
||eox dys is ready for game 2.
||GubGubFan is ready for game 2.
|uhtml|next|Next: Game 2 of 3
|l|☆eox dys
|player|p1|
