|j|☆SurfingJackal
|j|☆plebston mcbacon
|html|SurfingJackalplebston mcbacon    
|uhtml|bestof|Game 1 of a best-of-3
|t:|1783257349
|gametype|doubles
|player|p1|SurfingJackal|archie-gen6|
|player|p2|plebston mcbacon|will|
|gen|9
|tier|[Gen 9 Champions] VGC 2026 Reg M-B (Bo3)
|rule|Species Clause: Limit one of each Pokémon
|rule|Item Clause: Limit 1 of each item
|clearpoke
|poke|p1|Swampert, L50, F|
|poke|p1|Pelipper, L50, M|
|poke|p1|Archaludon, L50, F|
|poke|p1|Basculegion, L50, M|
|poke|p1|Grimmsnarl, L50, M|
|poke|p1|Venusaur, L50, M|
|poke|p2|Meganium, L50, M|
|poke|p2|Pelipper, L50, F|
|poke|p2|Archaludon, L50, M|
|poke|p2|Basculegion, L50, M|
|poke|p2|Sinistcha, L50|
|poke|p2|Swampert, L50, M|
|teampreview|4
|showteam|p1|Swampert||Swampertite|Torrent|WaveCrash,HighHorsepower,IcePunch,Protect|Adamant||F|||50|]Pelipper||SitrusBerry|Drizzle|Tailwind,WeatherBall,Protect,Hurricane|Modest||M|||50|]Archaludon||Leftovers|Stamina|Protect,DragonPulse,ElectroShot,FlashCannon|Modest||F|||50|]Basculegion||ChoiceScarf|Adaptability|WaveCrash,LastRespects,AquaJet,FlipTurn|Adamant||M|||50|]Grimmsnarl||LightClay|Prankster|LightScreen,Reflect,PartingShot,SpiritBreak|Impish||M|||50|]Venusaur||Venusaurite|Chlorophyll|EarthPower,SludgeBomb,Protect,GigaDrain|Modest||M|||50|
|showteam|p2|Meganium||Meganiumite|Overgrow|SolarBeam,WeatherBall,DazzlingGleam,Protect|Modest||M|||50|]Pelipper||FocusSash|Drizzle|Hurricane,Tailwind,HelpingHand,Protect|Modest||F|||50|]Archaludon||Leftovers|Stamina|ElectroShot,FlashCannon,DracoMeteor,Protect|Modest||M|||50|]Basculegion||ChoiceScarf|Adaptability|WaveCrash,LastRespects,Liquidation,FlipTurn|Adamant||M|||50|]Sinistcha||ColburBerry|Hospitality|LifeDew,RagePowder,MatchaGotcha,Protect|Calm|||||50|]Swampert||Swampertite|Torrent|WaveCrash,Earthquake,StompingTantrum,Protect|Adamant||M|||50|
|l|☆plebston mcbacon
|player|p2|
|j|☆plebston mcbacon
|player|p2|plebston mcbacon|will|
|j| ZardiCharVGC
|j| LuixenS
|c|☆SurfingJackal|GLHF!
|l| ZardiCharVGC
|
|t:|1783257445
|teamsize|p1|4
|teamsize|p2|4
|start
|switch|p1a: Grimmsnarl|Grimmsnarl, L50, M|100/100
|switch|p1b: Archaludon|Archaludon, L50, F|100/100
|switch|p2a: Archaludon|Archaludon, L50, M|100/100
|switch|p2b: Meganium|Meganium, L50, M|100/100
|turn|1
|c|☆plebston mcbacon|Glhf!!
|
|t:|1783257493
|move|p1a: Grimmsnarl|Light Screen|p1a: Grimmsnarl
|-sidestart|p1: SurfingJackal|move: Light Screen
|move|p2a: Archaludon|Flash Cannon|p1a: Grimmsnarl
|-supereffective|p1a: Grimmsnarl|1
|-damage|p1a: Grimmsnarl|46/100
|move|p1b: Archaludon|Dragon Pulse|p2a: Archaludon
|-damage|p2a: Archaludon|51/100
|-ability|p2a: Archaludon|Stamina|boost
|-boost|p2a: Archaludon|def|1
|move|p2b: Meganium|Dazzling Gleam|p1a: Grimmsnarl|[spread] p1a,p1b
|-supereffective|p1a: Grimmsnarl|1
|-damage|p1a: Grimmsnarl|24/100
|-damage|p1b: Archaludon|90/100
|-ability|p1b: Archaludon|Stamina|boost
|-boost|p1b: Archaludon|def|1
|
|-heal|p2a: Archaludon|57/100|[from] item: Leftovers
|-heal|p1b: Archaludon|96/100|[from] item: Leftovers
|upkeep
|turn|2
|
|t:|1783257532
|detailschange|p2b: Meganium|Meganium-Mega, L50, M
|-mega|p2b: Meganium|Meganium|Meganiumite
|move|p1a: Grimmsnarl|Parting Shot|p2a: Archaludon
|-unboost|p2a: Archaludon|atk|1
|-unboost|p2a: Archaludon|spa|1
|j| ZardiCharVGC
|
|t:|1783257541
|switch|p1a: Pelipper|Pelipper, L50, M|100/100|[from] Parting Shot
|-weather|RainDance|[from] ability: Drizzle|[of] p1a: Pelipper
|move|p2a: Archaludon|Draco Meteor|p1b: Archaludon
|-damage|p1b: Archaludon|69/100
|-unboost|p2a: Archaludon|spa|2
|-ability|p1b: Archaludon|Stamina|boost
|-boost|p1b: Archaludon|def|1
|move|p1b: Archaludon|Dragon Pulse|p2a: Archaludon
|-damage|p2a: Archaludon|10/100
|-ability|p2a: Archaludon|Stamina|boost
|-boost|p2a: Archaludon|def|1
|move|p2b: Meganium|Dazzling Gleam|p1b: Archaludon|[spread] p1a,p1b
|-damage|p1a: Pelipper|66/100
|-damage|p1b: Archaludon|44/100
|-ability|p1b: Archaludon|Stamina|boost
|-boost|p1b: Archaludon|def|1
|
|-weather|RainDance|[upkeep]
|-heal|p2a: Archaludon|16/100|[from] item: Leftovers
|-heal|p1b: Archaludon|50/100g|[from] item: Leftovers
|upkeep
|turn|3
|j| Izzywooperstan
|j| wearesudozzen
|
|t:|1783257570
|switch|p2a: Pelipper|Pelipper, L50, F|100/100
|move|p1a: Pelipper|Protect|p1a: Pelipper
|-singleturn|p1a: Pelipper|Protect
|move|p2b: Meganium|Protect|p2b: Meganium
|-singleturn|p2b: Meganium|Protect
|move|p1b: Archaludon|Electro Shot||[still]
|-prepare|p1b: Archaludon|Electro Shot
|-boost|p1b: Archaludon|spa|1
|-anim|p1b: Archaludon|Electro Shot|p2a: Pelipper
|-supereffective|p2a: Pelipper|2
|-enditem|p2a: Pelipper|Focus Sash
|-damage|p2a: Pelipper|1/100
|
|-weather|RainDance|[upkeep]
|-heal|p1b: Archaludon|56/100|[from] item: Leftovers
|upkeep
|turn|4
|
|t:|1783257598
|move|p2a: Pelipper|Tailwind|p2a: Pelipper
|-sidestart|p2: plebston mcbacon|move: Tailwind
|move|p2b: Meganium|Weather Ball|p1b: Archaludon
|-damage|p1b: Archaludon|14/100
|-ability|p1b: Archaludon|Stamina|boost
|-boost|p1b: Archaludon|def|1
|move|p1b: Archaludon|Electro Shot||[still]
|-prepare|p1b: Archaludon|Electro Shot
|-boost|p1b: Archaludon|spa|1
|-anim|p1b: Archaludon|Electro Shot|p2a: Pelipper
|-supereffective|p2a: Pelipper|2
|-damage|p2a: Pelipper|0 fnt
|faint|p2a: Pelipper
|move|p1a: Pelipper|Tailwind|p1a: Pelipper
|-sidestart|p1: SurfingJackal|move: Tailwind
|
|-weather|RainDance|[upkeep]
|-heal|p1b: Archaludon|21/100|[from] item: Leftovers
|upkeep
|
|t:|1783257618
|switch|p2a: Archaludon|Archaludon, L50, M|16/100
|turn|5
|j| RiberaRepipi
|l| wearesudozzen
|j| wearesudozzen
|
|t:|1783257677
|move|p2b: Meganium|Protect|p2b: Meganium
|-singleturn|p2b: Meganium|Protect
|move|p2a: Archaludon|Draco Meteor|p1b: Archaludon
|-damage|p1b: Archaludon|0 fnt
|-unboost|p2a: Archaludon|spa|2
|faint|p1b: Archaludon
|move|p1a: Pelipper|Hurricane|p2b: Meganium
|-activate|p2b: Meganium|move: Protect
|
|-weather|RainDance|[upkeep]
|-heal|p2a: Archaludon|22/100|[from] item: Leftovers
|upkeep
|
|t:|1783257683
|switch|p1b: Venusaur|Venusaur, L50, M|100/100
|turn|6
|
|t:|1783257702
|switch|p2a: Basculegion|Basculegion, L50, M|100/100
|detailschange|p1b: Venusaur|Venusaur-Mega, L50, M
|-mega|p1b: Venusaur|Venusaur|Venusaurite
|move|p2b: Meganium|Protect||[still]
|-fail|p2b: Meganium
|move|p1b: Venusaur|Sludge Bomb|p2b: Meganium
|-supereffective|p2b: Meganium|2
|-damage|p2b: Meganium|0 fnt
|faint|p2b: Meganium
|move|p1a: Pelipper|Hurricane|p2a: Basculegion
|-crit|p2a: Basculegion
|-damage|p2a: Basculegion|16/100
|
|-weather|none
|upkeep
|
|t:|1783257707
|switch|p2b: Archaludon|Archaludon, L50, M|22/100
|turn|7
|
|t:|1783257748
|switch|p1a: Grimmsnarl|Grimmsnarl, L50, M|24/100
|move|p1b: Venusaur|Protect|p1b: Venusaur
|-singleturn|p1b: Venusaur|Protect
|move|p2a: Basculegion|Last Respects|p1b: Venusaur
|-activate|p1b: Venusaur|move: Protect
|move|p2b: Archaludon|Flash Cannon|p1b: Venusaur
|-activate|p1b: Venusaur|move: Protect
|
|-heal|p2b: Archaludon|28/100|[from] item: Leftovers
|-sideend|p1: SurfingJackal|move: Tailwind
|-sideend|p2: plebston mcbacon|move: Tailwind
|upkeep
|turn|8
|c|☆plebston mcbacon|I missplayed so bad with that prot thats on me chat
|
|t:|1783257769
|move|p1a: Grimmsnarl|Reflect|p1a: Grimmsnarl
|-sidestart|p1: SurfingJackal|Reflect
|move|p2a: Basculegion|Last Respects|p1b: Venusaur
|-damage|p1b: Venusaur|62/100
|move|p2b: Archaludon|Flash Cannon|p1a: Grimmsnarl
|-supereffective|p1a: Grimmsnarl|1
|-damage|p1a: Grimmsnarl|0 fnt
|faint|p1a: Grimmsnarl
|move|p1b: Venusaur|Giga Drain|p2a: Basculegion
|-supereffective|p2a: Basculegion|1
|-damage|p2a: Basculegion|0 fnt
|-heal|p1b: Venusaur|71/100|[from] drain|[of] p2a: Basculegion
|faint|p2a: Basculegion
|
|-heal|p2b: Archaludon|34/100|[from] item: Leftovers
|-sideend|p1: SurfingJackal|move: Light Screen
|upkeep
|
|t:|1783257774
|switch|p1a: Pelipper|Pelipper, L50, M|66/100
|-weather|RainDance|[from] ability: Drizzle|[of] p1a: Pelipper
|turn|9
|
|t:|1783257779
|move|p2b: Archaludon|Draco Meteor|p1b: Venusaur|[miss]
|-miss|p2b: Archaludon|p1b: Venusaur
|move|p1a: Pelipper|Weather Ball|p2b: Archaludon
|-resisted|p2b: Archaludon|1
|-damage|p2b: Archaludon|0 fnt
|faint|p2b: Archaludon
|
|win|SurfingJackal
||plebston mcbacon is ready for game 2.
|inactive|SurfingJackal has 30 seconds to confirm battle start!
|inactive|SurfingJackal has 20 seconds to confirm battle start!
||SurfingJackal is ready for game 2.
|uhtml|next|Next: Game 2 of 3
|j| the crimson craig
|l|☆plebston mcbacon
|player|p2|
|l| wearesudozzen
|j|☆plebston mcbacon
|player|p2|plebston mcbacon|will|
|l| Izzywooperstan
|l|☆SurfingJackal
|player|p1|
|l| ZardiCharVGC
|l|☆plebston mcbacon
|player|p2|
|j| Gehtgutdigga
|j|☆SurfingJackal
|player|p1|SurfingJackal|archie-gen6|
|l| Gehtgutdigga
|l|☆SurfingJackal
|player|p1|
|l| the crimson craig
|j|☆SurfingJackal
|player|p1|SurfingJackal|archie-gen6|
|l|☆SurfingJackal
|player|p1|
