|j|☆Mario 30000000
|j|☆robby w
|html|Mario 30000000robby w    
|uhtml|bestof|Game 1 of a best-of-3
|t:|1756684917
|gametype|doubles
|player|p1|Mario 30000000|265|1183
|player|p2|robby w|pokefan-gen4|1274
|gen|9
|tier|[Gen 9] VGC 2025 Reg H (Bo3)
|rated|
|rule|Species Clause: Limit one of each Pokémon
|rule|Item Clause: Limit 1 of each item
|clearpoke
|poke|p1|Basculegion, L50, M|
|poke|p1|Archaludon, L50, F|
|poke|p1|Pelipper, L50, F|
|poke|p1|Kingambit, L50, F|
|poke|p1|Rillaboom, L50, M|
|poke|p1|Sneasler, L50, F|
|poke|p2|Dondozo, L50, F|
|poke|p2|Tatsugiri, L50, M|
|poke|p2|Sneasler, L50, F|
|poke|p2|Whimsicott, L50, F|
|poke|p2|Indeedee, L50, M|
|poke|p2|Hydreigon, L50, M|
|teampreview|4
|showteam|p1|Basculegion||ChoiceBand|SwiftSwim|WaveCrash,AquaJet,FlipTurn,LastRespects|||M|||50|,,,,,Ghost]Archaludon||AssaultVest|Stamina|FlashCannon,DracoMeteor,ElectroShot,BodyPress|||F|||50|,,,,,Fairy]Pelipper||FocusSash|Drizzle|Hurricane,WeatherBall,Tailwind,Protect|||F|||50|,,,,,Ground]Kingambit||BlackGlasses|Defiant|KowtowCleave,SuckerPunch,SwordsDance,Protect|||F|||50|,,,,,Ghost]Rillaboom||LoadedDice|GrassySurge|BulletSeed,GrassyGlide,FakeOut,HighHorsepower|||M|||50|,,,,,Grass]Sneasler||GrassySeed|Unburden|DireClaw,CloseCombat,FakeOut,Protect|||F|||50|,,,,,Ghost
|showteam|p2|Dondozo||Leftovers|Unaware|Protect,WaveCrash,Earthquake,OrderUp|||F|||50|,,,,,Grass]Tatsugiri||ChoiceScarf|Commander|DragonPulse,IcyWind,DracoMeteor,MuddyWater|||M|||50|,,,,,Stellar]Sneasler||PsychicSeed|Unburden|DireClaw,CloseCombat,Protect,ThroatChop|||F|||50|,,,,,Dark]Whimsicott||CovertCloak|Prankster|Tailwind,Moonblast,Taunt,HelpingHand|||F|||50|,,,,,Grass]Indeedee||FocusSash|PsychicSurge|ExpandingForce,TrickRoom,DazzlingGleam,Protect|||M|||50|,,,,,Fairy]Hydreigon||LifeOrb|Levitate|DracoMeteor,Snarl,HeatWave,Protect|||M|||50|,,,,,Steel
|inactive|Battle timer is ON: inactive players will automatically lose when time's up. (requested by Mario 30000000)
|
|t:|1756684940
|teamsize|p1|4
|teamsize|p2|4
|start
|switch|p1a: Archaludon|Archaludon, L50, F|100/100
|switch|p1b: Pelipper|Pelipper, L50, F|100/100
|switch|p2a: Dondozo|Dondozo, L50, F, shiny|100/100
|switch|p2b: Sneasler|Sneasler, L50, F|100/100
|-weather|RainDance|[from] ability: Drizzle|[of] p1b: Pelipper
|turn|1
|inactive|robby w has 30 seconds left.
|
|t:|1756684969
|switch|p2b: Tatsugiri|Tatsugiri, L50, M|100/100
|-activate|p2b: Tatsugiri|ability: Commander|[of] p2a: Dondozo
|-boost|p2a: Dondozo|atk|2
|-boost|p2a: Dondozo|spa|2
|-boost|p2a: Dondozo|spe|2
|-boost|p2a: Dondozo|def|2
|-boost|p2a: Dondozo|spd|2
|-terastallize|p2a: Dondozo|Grass
|move|p2a: Dondozo|Order Up|p1b: Pelipper
|-damage|p1b: Pelipper|30/100
|-boost|p2a: Dondozo|atk|1
|move|p1b: Pelipper|Tailwind|p1b: Pelipper
|-sidestart|p1: Mario 30000000|move: Tailwind
|move|p1a: Archaludon|Electro Shot||[still]
|-prepare|p1a: Archaludon|Electro Shot
|-boost|p1a: Archaludon|spa|1
|-anim|p1a: Archaludon|Electro Shot|p2a: Dondozo
|-resisted|p2a: Dondozo
|-damage|p2a: Dondozo|88/100
|
|-weather|RainDance|[upkeep]
|-heal|p2a: Dondozo|94/100|[from] item: Leftovers
|upkeep
|turn|2
|inactive|Mario 30000000 has 30 seconds left.
|
|t:|1756684997
|move|p2a: Dondozo|Protect|p2a: Dondozo
|-singleturn|p2a: Dondozo|Protect
|move|p1b: Pelipper|Hurricane|p2a: Dondozo
|-activate|p2a: Dondozo|move: Protect
|move|p1a: Archaludon|Electro Shot||[still]
|-prepare|p1a: Archaludon|Electro Shot
|-boost|p1a: Archaludon|spa|1
|-anim|p1a: Archaludon|Electro Shot|p2a: Dondozo
|-activate|p2a: Dondozo|move: Protect
|
|-weather|RainDance|[upkeep]
|-heal|p2a: Dondozo|99/100|[from] item: Leftovers
|upkeep
|turn|3
|
|t:|1756685018
|move|p1b: Pelipper|Hurricane|p2a: Dondozo
|-supereffective|p2a: Dondozo
|-damage|p2a: Dondozo|46/100
|move|p1a: Archaludon|Electro Shot||[still]
|-prepare|p1a: Archaludon|Electro Shot
|-boost|p1a: Archaludon|spa|1
|-anim|p1a: Archaludon|Electro Shot|p2a: Dondozo
|-resisted|p2a: Dondozo
|-damage|p2a: Dondozo|34/100
|move|p2a: Dondozo|Order Up|p1b: Pelipper
|-damage|p1b: Pelipper|0 fnt
|faint|p1b: Pelipper
|-boost|p2a: Dondozo|atk|1
|
|-weather|RainDance|[upkeep]
|-heal|p2a: Dondozo|40/100|[from] item: Leftovers
|upkeep
|
|t:|1756685034
|switch|p1b: Rillaboom|Rillaboom, L50, M|100/100
|-fieldstart|move: Grassy Terrain|[from] ability: Grassy Surge|[of] p1b: Rillaboom
|turn|4
|
|t:|1756685051
|switch|p1a: Sneasler|Sneasler, L50, F|100/100
|-enditem|p1a: Sneasler|Grassy Seed
|-boost|p1a: Sneasler|def|1|[from] item: Grassy Seed
|move|p2a: Dondozo|Protect|p2a: Dondozo
|-singleturn|p2a: Dondozo|Protect
|move|p1b: Rillaboom|Fake Out|p2a: Dondozo
|-activate|p2a: Dondozo|move: Protect
|
|-weather|RainDance|[upkeep]
|-heal|p2a: Dondozo|47/100|[from] Grassy Terrain
|-heal|p2a: Dondozo|53/100|[from] item: Leftovers
|-sideend|p1: Mario 30000000|move: Tailwind
|upkeep
|turn|5
|
|t:|1756685075
|move|p1a: Sneasler|Dire Claw|p2a: Dondozo
|-supereffective|p2a: Dondozo
|-damage|p2a: Dondozo|21/100
|-status|p2a: Dondozo|par
|move|p1b: Rillaboom|Bullet Seed|p2a: Dondozo
|-resisted|p2a: Dondozo
|-damage|p2a: Dondozo|18/100 par
|-resisted|p2a: Dondozo
|-damage|p2a: Dondozo|15/100 par
|-resisted|p2a: Dondozo
|-damage|p2a: Dondozo|11/100 par
|-resisted|p2a: Dondozo
|-damage|p2a: Dondozo|8/100 par
|-resisted|p2a: Dondozo
|-damage|p2a: Dondozo|4/100 par
|-hitcount|p2a: Dondozo|5
|move|p2a: Dondozo|Order Up|p1a: Sneasler
|-damage|p1a: Sneasler|0 fnt
|faint|p1a: Sneasler
|-boost|p2a: Dondozo|atk|1
|
|-weather|none
|-heal|p2a: Dondozo|11/100 par|[from] Grassy Terrain
|-heal|p2a: Dondozo|17/100 par|[from] item: Leftovers
|upkeep
|
|t:|1756685095
|switch|p1a: Archaludon|Archaludon, L50, F|100/100
|turn|6
|
|t:|1756685112
|move|p2a: Dondozo|Protect|p2a: Dondozo
|-singleturn|p2a: Dondozo|Protect
|move|p1a: Archaludon|Flash Cannon|p2a: Dondozo
|-activate|p2a: Dondozo|move: Protect
|move|p1b: Rillaboom|Bullet Seed|p2a: Dondozo
|-activate|p2a: Dondozo|move: Protect
|
|-heal|p2a: Dondozo|23/100 par|[from] Grassy Terrain
|-heal|p2a: Dondozo|29/100 par|[from] item: Leftovers
|upkeep
|turn|7
|
|t:|1756685128
|-terastallize|p1b: Rillaboom|Grass
|move|p1a: Archaludon|Electro Shot||[still]
|-prepare|p1a: Archaludon|Electro Shot
|-boost|p1a: Archaludon|spa|1
|move|p1b: Rillaboom|Bullet Seed|p2a: Dondozo
|-resisted|p2a: Dondozo
|-crit|p2a: Dondozo
|-damage|p2a: Dondozo|16/100 par
|-resisted|p2a: Dondozo
|-damage|p2a: Dondozo|11/100 par
|-resisted|p2a: Dondozo
|-damage|p2a: Dondozo|6/100 par
|-resisted|p2a: Dondozo
|-damage|p2a: Dondozo|1/100 par
|-resisted|p2a: Dondozo
|-damage|p2a: Dondozo|0 fnt
|faint|p2a: Dondozo
|-hitcount|p2: Dondozo|5
|
|upkeep
|
|t:|1756685151
|switch|p2a: Indeedee|Indeedee, L50, M|100/100
|-fieldstart|move: Psychic Terrain|[from] ability: Psychic Surge|[of] p2a: Indeedee
|turn|8
|
|t:|1756685161
|move|p2b: Tatsugiri|Draco Meteor|p1a: Archaludon
|-damage|p1a: Archaludon|56/100
|-unboost|p2b: Tatsugiri|spa|2
|-ability|p1a: Archaludon|Stamina|boost
|-boost|p1a: Archaludon|def|1
|move|p2a: Indeedee|Expanding Force|p1b: Rillaboom|[spread] p1a,p1b
|-resisted|p1a: Archaludon
|-damage|p1a: Archaludon|39/100
|-damage|p1b: Rillaboom|48/100
|-ability|p1a: Archaludon|Stamina|boost
|-boost|p1a: Archaludon|def|1
|move|p1a: Archaludon|Electro Shot|p2b: Tatsugiri|[from] lockedmove
|-damage|p2b: Tatsugiri|16/100
|move|p1b: Rillaboom|Bullet Seed|p2a: Indeedee
|-damage|p2a: Indeedee|59/100
|-damage|p2a: Indeedee|19/100
|-damage|p2a: Indeedee|0 fnt
|faint|p2a: Indeedee
|-hitcount|p2: Indeedee|3
|
|upkeep
|
|t:|1756685179
|switch|p2a: Sneasler|Sneasler, L50, F|100/100
|-enditem|p2a: Sneasler|Psychic Seed
|-boost|p2a: Sneasler|spd|1|[from] item: Psychic Seed
|turn|9
|inactive|robby w has 30 seconds left.
|
|t:|1756685207
|move|p2a: Sneasler|Dire Claw|p1b: Rillaboom
|-supereffective|p1b: Rillaboom
|-damage|p1b: Rillaboom|0 fnt
|faint|p1b: Rillaboom
|move|p2b: Tatsugiri|Draco Meteor|p1a: Archaludon
|-damage|p1a: Archaludon|18/100
|-unboost|p2b: Tatsugiri|spa|2
|-ability|p1a: Archaludon|Stamina|boost
|-boost|p1a: Archaludon|def|1
|move|p1a: Archaludon|Draco Meteor|p2a: Sneasler
|-damage|p2a: Sneasler|17/100
|-unboost|p1a: Archaludon|spa|2
|
|upkeep
|turn|10
|-message|Mario 30000000 forfeited.
|
|win|robby w
|l|☆Mario 30000000
|player|p1|
||Mario 30000000 is ready for game 2.
||robby w is ready for game 2.
|uhtml|next|Next: Game 2 of 3
