|j|☆msjefnije
|j|☆imsavusnic
|html|msjefnijeimsavusnic    
|uhtml|bestof|Game 1 of a best-of-3
|t:|1785076744
|gametype|doubles
|player|p1|msjefnije|101|1148
|player|p2|imsavusnic|265|1191
|gen|9
|tier|[Gen 9 Champions] VGC 2026 Reg M-B (Bo3)
|rated|
|rule|Species Clause: Limit one of each Pokémon
|rule|Item Clause: Limit 1 of each item
|clearpoke
|poke|p1|Charizard, L50, F|
|poke|p1|Sylveon, L50, F|
|poke|p1|Kingambit, L50, F|
|poke|p1|Whimsicott, L50, M|
|poke|p1|Garchomp, L50, M|
|poke|p1|Incineroar, L50, M|
|poke|p2|Charizard, L50, F|
|poke|p2|Grimmsnarl, L50, M|
|poke|p2|Pelipper, L50, M|
|poke|p2|Venusaur, L50, M|
|poke|p2|Archaludon, L50, F|
|poke|p2|Basculegion, L50, M|
|teampreview|4
|showteam|p1|Charizard||CharizarditeY|Blaze|HeatWave,WeatherBall,Protect,SolarBeam|Modest||F|||50|]Sylveon||FairyFeather|Pixilate|QuickAttack,HyperBeam,HyperVoice,Protect|Modest||F|||50|]Kingambit||ChopleBerry|Defiant|KowtowCleave,SuckerPunch,Protect,IronHead|Adamant||F|||50|]Whimsicott||FocusSash|Prankster|EnergyBall,Encore,Protect,Tailwind|Naive||M|||50|]Garchomp||LifeOrb|RoughSkin|DragonClaw,RockSlide,Earthquake,Protect|Jolly||M|||50|]Incineroar||SitrusBerry|Intimidate|PartingShot,FakeOut,FlareBlitz,DarkestLariat|Impish||M|||50|
|showteam|p2|Charizard||CharizarditeY|Blaze|HeatWave,SolarBeam,AncientPower,Protect|Modest||F|||50|]Grimmsnarl||LightClay|Prankster|FoulPlay,Reflect,LightScreen,PartingShot|Bold||M|||50|]Pelipper||SitrusBerry|Drizzle|WideGuard,Tailwind,WeatherBall,Hurricane|Calm||M|||50|]Venusaur||FocusSash|Overgrow|SleepPowder,EarthPower,SludgeBomb,Protect|Timid||M|||50|]Archaludon||Leftovers|Stamina|DragonPulse,Protect,ElectroShot,FlashCannon|Modest||F|||50|]Basculegion||ChoiceScarf|Adaptability|WaveCrash,FlipTurn,LastRespects,AquaJet|Jolly||M|||50|
|
|t:|1785076784
|teamsize|p1|4
|teamsize|p2|4
|start
|switch|p1a: Garchomp|Garchomp, L50, M|100/100
|switch|p1b: Whimsicott|Whimsicott, L50, M|100/100
|switch|p2a: Pelipper|Pelipper, L50, M|100/100
|switch|p2b: Basculegion|Basculegion, L50, M|100/100
|-weather|RainDance|[from] ability: Drizzle|[of] p2a: Pelipper
|turn|1
|
|t:|1785076818
|move|p2b: Basculegion|Flip Turn|p1a: Garchomp
|-damage|p1a: Garchomp|39/100
|-damage|p2b: Basculegion|87/100|[from] ability: Rough Skin|[of] p1a: Garchomp
|
|t:|1785076824
|switch|p2b: Archaludon|Archaludon, L50, F|100/100|[from] Flip Turn
|move|p1b: Whimsicott|Energy Ball|p2b: Archaludon
|-resisted|p2b: Archaludon|2
|-damage|p2b: Archaludon|92/100
|-ability|p2b: Archaludon|Stamina|boost
|-boost|p2b: Archaludon|def|1
|move|p1a: Garchomp|Rock Slide|p2b: Archaludon|[spread] p2a,p2b
|-supereffective|p2a: Pelipper|1
|-resisted|p2b: Archaludon|1
|-crit|p2b: Archaludon
|-damage|p2a: Pelipper|40/100
|-damage|p2b: Archaludon|79/100
|-ability|p2b: Archaludon|Stamina|boost
|-boost|p2b: Archaludon|def|1
|-enditem|p2a: Pelipper|Sitrus Berry|[eat]
|-heal|p2a: Pelipper|65/100|[from] item: Sitrus Berry
|-damage|p1a: Garchomp|29/100|[from] item: Life Orb
|cant|p2a: Pelipper|flinch
|
|-weather|RainDance|[upkeep]
|-heal|p2b: Archaludon|85/100|[from] item: Leftovers
|upkeep
|turn|2
|
|t:|1785076862
|move|p1b: Whimsicott|Protect|p1b: Whimsicott
|-singleturn|p1b: Whimsicott|Protect
|move|p2a: Pelipper|Wide Guard|p2a: Pelipper
|-singleturn|p2a: Pelipper|Wide Guard
|move|p1a: Garchomp|Earthquake|p2a: Pelipper|[spread] 
|-activate|p2a: Pelipper|move: Wide Guard
|-activate|p2b: Archaludon|move: Wide Guard
|-activate|p1b: Whimsicott|move: Protect
|move|p2b: Archaludon|Dragon Pulse|p1a: Garchomp
|-supereffective|p1a: Garchomp|1
|-damage|p1a: Garchomp|0 fnt
|faint|p1a: Garchomp
|
|-weather|RainDance|[upkeep]
|-heal|p2b: Archaludon|91/100|[from] item: Leftovers
|upkeep
|
|t:|1785076868
|switch|p1a: Charizard|Charizard, L50, F|100/100
|turn|3
|
|t:|1785076890
|switch|p2a: Grimmsnarl|Grimmsnarl, L50, M|100/100
|detailschange|p1a: Charizard|Charizard-Mega-Y, L50, F
|-mega|p1a: Charizard|Charizard|Charizardite Y
|-weather|SunnyDay|[from] ability: Drought|[of] p1a: Charizard
|move|p2b: Archaludon|Protect|p2b: Archaludon
|-singleturn|p2b: Archaludon|Protect
|move|p1b: Whimsicott|Tailwind|p1b: Whimsicott
|-sidestart|p1: msjefnije|move: Tailwind
|move|p1a: Charizard|Weather Ball|p2b: Archaludon
|-activate|p2b: Archaludon|move: Protect
|
|-weather|SunnyDay|[upkeep]
|-heal|p2b: Archaludon|97/100|[from] item: Leftovers
|upkeep
|turn|4
|
|t:|1785076921
|switch|p2b: Pelipper|Pelipper, L50, M|65/100
|-weather|RainDance|[from] ability: Drizzle|[of] p2b: Pelipper
|move|p1b: Whimsicott|Encore||[still]
|-fail|p1b: Whimsicott
|move|p2a: Grimmsnarl|Light Screen|p2a: Grimmsnarl
|-sidestart|p2: imsavusnic|move: Light Screen
|move|p1a: Charizard|Heat Wave|p2b: Pelipper|[spread] p2a,p2b
|-resisted|p2b: Pelipper|1
|-damage|p2a: Grimmsnarl|86/100
|-damage|p2b: Pelipper|57/100
|
|-weather|RainDance|[upkeep]
|upkeep
|turn|5
|
|t:|1785076983
|switch|p1a: Sylveon|Sylveon, L50, F|100/100
|move|p2a: Grimmsnarl|Parting Shot|p1a: Sylveon
|-unboost|p1a: Sylveon|atk|1
|-unboost|p1a: Sylveon|spa|1
|
|t:|1785076991
|switch|p2a: Archaludon|Archaludon, L50, F|97/100|[from] Parting Shot
|move|p1b: Whimsicott|Energy Ball|p2b: Pelipper
|-damage|p2b: Pelipper|34/100
|move|p2b: Pelipper|Weather Ball|p1a: Sylveon
|-damage|p1a: Sylveon|64/100
|
|-weather|RainDance|[upkeep]
|-heal|p2a: Archaludon|100/100|[from] item: Leftovers
|upkeep
|turn|6
|
|t:|1785077040
|switch|p1b: Charizard|Charizard-Mega-Y, L50, F|100/100
|-weather|SunnyDay|[from] ability: Drought|[of] p1b: Charizard
|switch|p2b: Grimmsnarl|Grimmsnarl, L50, M|86/100
|move|p1a: Sylveon|Hyper Voice|p2b: Grimmsnarl|[spread] p2a,p2b
|-supereffective|p2b: Grimmsnarl|1
|-damage|p2a: Archaludon|83/100
|-damage|p2b: Grimmsnarl|52/100
|-ability|p2a: Archaludon|Stamina|boost
|-boost|p2a: Archaludon|def|1
|move|p2a: Archaludon|Flash Cannon|p1b: Charizard
|-resisted|p1b: Charizard|1
|-damage|p1b: Charizard|81/100
|
|-weather|SunnyDay|[upkeep]
|-heal|p2a: Archaludon|89/100|[from] item: Leftovers
|-sideend|p1: msjefnije|move: Tailwind
|upkeep
|turn|7
|
|t:|1785077063
|switch|p1b: Whimsicott|Whimsicott, L50, M|100/100
|move|p2a: Archaludon|Protect|p2a: Archaludon
|-singleturn|p2a: Archaludon|Protect
|move|p2b: Grimmsnarl|Parting Shot|p1b: Whimsicott
|-unboost|p1b: Whimsicott|atk|1
|-unboost|p1b: Whimsicott|spa|1
|
|t:|1785077077
|switch|p2b: Basculegion|Basculegion, L50, M|87/100|[from] Parting Shot
|move|p1a: Sylveon|Hyper Voice|p2b: Basculegion|[spread] p2b
|-activate|p2a: Archaludon|move: Protect
|-damage|p2b: Basculegion|65/100
|
|-weather|SunnyDay|[upkeep]
|-heal|p2a: Archaludon|95/100|[from] item: Leftovers
|upkeep
|turn|8
|
|t:|1785077100
|move|p1a: Sylveon|Protect|p1a: Sylveon
|-singleturn|p1a: Sylveon|Protect
|move|p1b: Whimsicott|Tailwind|p1b: Whimsicott
|-sidestart|p1: msjefnije|move: Tailwind
|move|p2b: Basculegion|Flip Turn|p1a: Sylveon
|-activate|p1a: Sylveon|move: Protect
|move|p2a: Archaludon|Flash Cannon|p1a: Sylveon
|-activate|p1a: Sylveon|move: Protect
|
|-weather|SunnyDay|[upkeep]
|-heal|p2a: Archaludon|100/100|[from] item: Leftovers
|upkeep
|turn|9
|
|t:|1785077140
|switch|p2a: Pelipper|Pelipper, L50, M|34/100
|-weather|RainDance|[from] ability: Drizzle|[of] p2a: Pelipper
|move|p1b: Whimsicott|Encore||[still]
|-fail|p1b: Whimsicott
|move|p2b: Basculegion|Flip Turn|p1a: Sylveon
|-damage|p1a: Sylveon|0 fnt
|faint|p1a: Sylveon
|
|t:|1785077153
|switch|p2b: Archaludon|Archaludon, L50, F|100/100|[from] Flip Turn
|
|-weather|RainDance|[upkeep]
|upkeep
|
|t:|1785077155
|switch|p1a: Charizard|Charizard-Mega-Y, L50, F|81/100
|-weather|SunnyDay|[from] ability: Drought|[of] p1a: Charizard
|turn|10
|
|t:|1785077179
|switch|p2a: Grimmsnarl|Grimmsnarl, L50, M|52/100
|move|p2b: Archaludon|Protect|p2b: Archaludon
|-singleturn|p2b: Archaludon|Protect
|move|p1b: Whimsicott|Energy Ball|p2a: Grimmsnarl
|-damage|p2a: Grimmsnarl|36/100
|-unboost|p2a: Grimmsnarl|spd|1
|move|p1a: Charizard|Solar Beam||[still]
|-prepare|p1a: Charizard|Solar Beam
|-anim|p1a: Charizard|Solar Beam|p2a: Grimmsnarl
|-crit|p2a: Grimmsnarl
|-damage|p2a: Grimmsnarl|0 fnt
|faint|p2a: Grimmsnarl
|
|-weather|SunnyDay|[upkeep]
|upkeep
|-message|msjefnije forfeited.
|
|win|imsavusnic
|l|☆msjefnije
|player|p1|
|raw|msjefnije's rating: 1148 → 1126(-22 for losing)
|raw|imsavusnic's rating: 1191 → 1213(+22 for winning)
