|j|☆pagoose chase
|j|☆defaulttesting
|html|pagoose chasedefaulttesting    
|uhtml|bestof|Game 3 of a best-of-3
|t:|1757632065
|gametype|doubles
|player|p1|pagoose chase|roxanne-gen6|1050
|player|p2|defaulttesting|plasmagrunt-gen5bw|1047
|gen|9
|tier|[Gen 9] VGC 2025 Reg H (Bo3)
|rated|
|rule|Species Clause: Limit one of each Pokémon
|rule|Item Clause: Limit 1 of each item
|clearpoke
|poke|p1|Gliscor, L50, F|
|poke|p1|Tyranitar, L50, F|
|poke|p1|Rillaboom, L50, F|
|poke|p1|Gholdengo, L50|
|poke|p1|Electabuzz, L50, F|
|poke|p1|Sneasler, L50, M|
|poke|p2|Ursaluna-Bloodmoon, L50, M|
|poke|p2|Incineroar, L50, F|
|poke|p2|Electabuzz, L50, M|
|poke|p2|Palafin, L50, F|
|poke|p2|Mimikyu, L50, F|
|poke|p2|Amoonguss, L50, M|
|teampreview|4
|showteam|p1|Gliscor||ToxicOrb|PoisonHeal|DualWingbeat,HighHorsepower,Tailwind,Protect|||F|||50|,,,,,Water]Tyranitar||AssaultVest|SandStream|RockSlide,KnockOff,LowKick,TeraBlast|||F|||50|,,,,,Flying]Rillaboom||MiracleSeed|GrassySurge|FakeOut,GrassyGlide,WoodHammer,Uturn|||F|||50|,,,,,Fire]Gholdengo||LifeOrb|GoodasGold|MakeItRain,ShadowBall,NastyPlot,Protect||||||50|,,,,,Water]Electabuzz||Eviolite|VitalSpirit|FollowMe,Electroweb,Taunt,Protect|||F|||50|,,,,,Ghost]Sneasler||CovertCloak|PoisonTouch|FakeOut,CloseCombat,DireClaw,Coaching|||M|||50|,,,,,Dark
|showteam|p2|Ursaluna-Bloodmoon||LifeOrb|MindsEye|HyperVoice,EarthPower,BloodMoon,Protect|||M|||50|,,,,,Ghost]Incineroar||SafetyGoggles|Intimidate|PartingShot,FlareBlitz,KnockOff,FakeOut|||F|||50|,,,,,Ghost]Electabuzz||Eviolite|VitalSpirit|VoltSwitch,Electroweb,FollowMe,Taunt|||M|||50|,,,,,Grass]Palafin||MysticWater|ZerotoHero|CloseCombat,WaveCrash,JetPunch,Protect|||F|||50|,,,,,Stellar]Mimikyu||MentalHerb|Disguise|DazzlingGleam,DestinyBond,TrickRoom,Protect|||F|||50|,,,,,Grass]Amoonguss||RockyHelmet|Regenerator|RagePowder,PollenPuff,Spore,Protect|||M|||50|,,,,,Fire
|inactive|Battle timer is ON: inactive players will automatically lose when time's up. (requested by defaulttesting)
|inactive|pagoose chase has 60 seconds left.
|
|t:|1757632099
|teamsize|p1|4
|teamsize|p2|4
|start
|switch|p1a: Electabuzz|Electabuzz, L50, F|100/100
|switch|p1b: Gholdengo|Gholdengo, L50|100/100
|switch|p2a: Palafin|Palafin, L50, F|100/100
|switch|p2b: Mimikyu|Mimikyu, L50, F|100/100
|turn|1
|
|t:|1757632114
|detailschange|p2a: Palafin|Palafin-Hero, L50, F
|switch|p2a: Incineroar|Incineroar, L50, F|100/100
|-ability|p2a: Incineroar|Intimidate|boost
|-unboost|p1a: Electabuzz|atk|1
|-unboost|p1b: Gholdengo|atk|1
|-terastallize|p1a: Electabuzz|Ghost
|move|p2b: Mimikyu|Protect|p2b: Mimikyu
|-singleturn|p2b: Mimikyu|Protect
|move|p1a: Electabuzz|Electroweb|p2b: Mimikyu|[spread] p2a
|-activate|p2b: Mimikyu|move: Protect
|-damage|p2a: Incineroar|87/100
|-unboost|p2a: Incineroar|spe|1
|move|p1b: Gholdengo|Nasty Plot|p1b: Gholdengo
|-boost|p1b: Gholdengo|spa|2
|
|upkeep
|turn|2
|inactive|defaulttesting has 30 seconds left.
|
|t:|1757632149
|-terastallize|p2b: Mimikyu|Grass
|move|p1a: Electabuzz|Electroweb|p2a: Incineroar|[spread] p2a,p2b
|-damage|p2a: Incineroar|74/100
|-activate|p2b: Mimikyu|ability: Disguise
|-damage|p2b: Mimikyu|100/100
|-unboost|p2a: Incineroar|spe|1
|-unboost|p2b: Mimikyu|spe|1
|detailschange|p2b: Mimikyu|Mimikyu-Busted, L50, F, tera:Grass
|-damage|p2b: Mimikyu|88/100|[from] pokemon: Mimikyu-Busted
|move|p1b: Gholdengo|Make It Rain|p2b: Mimikyu|[spread] p2a,p2b
|-resisted|p2a: Incineroar
|-crit|p2b: Mimikyu
|-damage|p2a: Incineroar|16/100
|-damage|p2b: Mimikyu|0 fnt
|-unboost|p1b: Gholdengo|spa|1
|faint|p2b: Mimikyu
|-damage|p1b: Gholdengo|91/100|[from] item: Life Orb
|move|p2a: Incineroar|Knock Off|p1b: Gholdengo
|-supereffective|p1b: Gholdengo
|-damage|p1b: Gholdengo|0 fnt
|-enditem|p1b: Gholdengo|Life Orb|[from] move: Knock Off|[of] p2a: Incineroar
|faint|p1b: Gholdengo
|
|upkeep
|
|t:|1757632168
|switch|p2b: Palafin|Palafin-Hero, L50, F|100/100
|switch|p1b: Tyranitar|Tyranitar, L50, F|100/100
|-activate|p2b: Palafin|ability: Zero to Hero
|-weather|Sandstorm|[from] ability: Sand Stream|[of] p1b: Tyranitar
|turn|3
|inactive|pagoose chase has 30 seconds left.
|inactive|pagoose chase has 20 seconds left.
|
|t:|1757632203
|switch|p2a: Ursaluna|Ursaluna-Bloodmoon, L50, M|100/100
|move|p1a: Electabuzz|Follow Me|p1a: Electabuzz
|-singleturn|p1a: Electabuzz|move: Follow Me
|move|p2b: Palafin|Wave Crash|p1a: Electabuzz
|-damage|p1a: Electabuzz|24/100
|-damage|p2b: Palafin|75/100|[from] Recoil
|move|p1b: Tyranitar|Rock Slide|p2b: Palafin|[spread] p2a,p2b
|-resisted|p2a: Ursaluna
|-damage|p2a: Ursaluna|90/100
|-damage|p2b: Palafin|42/100
|
|-weather|Sandstorm|[upkeep]
|-damage|p2b: Palafin|36/100|[from] Sandstorm
|-damage|p1a: Electabuzz|18/100|[from] Sandstorm
|upkeep
|turn|4
|
|t:|1757632221
|switch|p2b: Incineroar|Incineroar, L50, F|16/100
|-ability|p2b: Incineroar|Intimidate|boost
|-unboost|p1a: Electabuzz|atk|1
|-unboost|p1b: Tyranitar|atk|1
|move|p1a: Electabuzz|Follow Me|p1a: Electabuzz
|-singleturn|p1a: Electabuzz|move: Follow Me
|move|p1b: Tyranitar|Low Kick|p2a: Ursaluna
|-supereffective|p2a: Ursaluna
|-damage|p2a: Ursaluna|47/100
|move|p2a: Ursaluna|Earth Power|p1a: Electabuzz
|-damage|p1a: Electabuzz|0 fnt
|faint|p1a: Electabuzz
|-damage|p2a: Ursaluna|37/100|[from] item: Life Orb
|
|-weather|Sandstorm|[upkeep]
|upkeep
|
|t:|1757632223
|switch|p1a: Sneasler|Sneasler, L50, M|100/100
|turn|5
|
|t:|1757632234
|switch|p2b: Palafin|Palafin-Hero, L50, F|36/100
|move|p1a: Sneasler|Close Combat|p2a: Ursaluna
|-supereffective|p2a: Ursaluna
|-damage|p2a: Ursaluna|0 fnt
|-unboost|p1a: Sneasler|def|1
|-unboost|p1a: Sneasler|spd|1
|faint|p2a: Ursaluna
|move|p1b: Tyranitar|Rock Slide|p2b: Palafin
|-damage|p2b: Palafin|8/100
|
|-weather|Sandstorm|[upkeep]
|-damage|p1a: Sneasler|95/100|[from] Sandstorm
|-damage|p2b: Palafin|3/100|[from] Sandstorm
|upkeep
|
|t:|1757632236
|switch|p2a: Incineroar|Incineroar, L50, F|16/100
|-ability|p2a: Incineroar|Intimidate|boost
|-unboost|p1a: Sneasler|atk|1
|-unboost|p1b: Tyranitar|atk|1
|turn|6
|
|t:|1757632247
|move|p2a: Incineroar|Fake Out|p1a: Sneasler
|-damage|p1a: Sneasler|63/100
|move|p1a: Sneasler|Dire Claw|p2b: Palafin
|-damage|p2b: Palafin|0 fnt
|faint|p2b: Palafin
|move|p1b: Tyranitar|Rock Slide|p2a: Incineroar
|-supereffective|p2a: Incineroar
|-damage|p2a: Incineroar|0 fnt
|faint|p2a: Incineroar
|
|win|pagoose chase
|raw|pagoose chase's rating: 1050 → 1082(+32 for winning)
|raw|defaulttesting's rating: 1047 → 1030(-17 for losing)
|l|☆defaulttesting
|player|p2|
