|j|☆keeplearning
|j|☆merr123
|html|keeplearningmerr123    
|uhtml|bestof|Game 1 of a best-of-3
|t:|1756967923
|gametype|doubles
|player|p1|keeplearning|266|1258
|player|p2|merr123|sisandbro|1377
|gen|9
|tier|[Gen 9] VGC 2025 Reg H (Bo3)
|rated|
|rule|Species Clause: Limit one of each Pokémon
|rule|Item Clause: Limit 1 of each item
|clearpoke
|poke|p1|Dragonite, L50, F|
|poke|p1|Annihilape, L50, F|
|poke|p1|Rillaboom, L50, F|
|poke|p1|Gholdengo, L50|
|poke|p1|Dondozo, L50, M|
|poke|p1|Incineroar, L50, M|
|poke|p2|Sneasler, L50, F|
|poke|p2|Gholdengo, L50|
|poke|p2|Amoonguss, L50, M|
|poke|p2|Incineroar, L50, M|
|poke|p2|Ursaluna-Bloodmoon, L50, M|
|poke|p2|Farigiraf, L50, M|
|teampreview|4
|showteam|p1|Dragonite||LoadedDice|Multiscale|Protect,ScaleShot,Tailwind,Haze|||F|||50|,,,,,Fairy]Annihilape||FocusSash|Defiant|FinalGambit,Coaching,RageFist,CloseCombat|||F|||50|,,,,,Stellar]Rillaboom||AssaultVest|GrassySurge|FakeOut,GrassyGlide,HighHorsepower,WoodHammer|||F|||50|,,,,,Fire]Gholdengo||LifeOrb|GoodasGold|Protect,NastyPlot,MakeItRain,ShadowBall||||||50|,,,,,Water]Dondozo||Leftovers|Unaware|Protect,WaveCrash,Yawn,Fissure|||M|||50|,,,,,Grass]Incineroar||SafetyGoggles|Intimidate|FakeOut,KnockOff,FlareBlitz,PartingShot|||M|||50|,,,,,Ghost
|showteam|p2|Sneasler||ClearAmulet|PoisonTouch|FakeOut,CloseCombat,DireClaw,Protect|||F|||50|,,,,,Water]Gholdengo||MetalCoat|GoodasGold|NastyPlot,MakeItRain,ShadowBall,Protect||||||50|,,,,,Water]Amoonguss||SitrusBerry|Regenerator|Spore,RagePowder,PollenPuff,Protect|||M|||50|,,,,,Water]Incineroar||SafetyGoggles|Intimidate|FakeOut,FlareBlitz,KnockOff,PartingShot|||M|||50|,,,,,Ghost]Ursaluna-Bloodmoon||LifeOrb|MindsEye|HyperVoice,EarthPower,BloodMoon,Protect|||M|||50|,,,,,Poison]Farigiraf||MentalHerb|ArmorTail|Psychic,HelpingHand,TrickRoom,Protect|||M|||50|,,,,,Dragon
|inactive|Battle timer is ON: inactive players will automatically lose when time's up. (requested by merr123)
|inactive|keeplearning has 60 seconds left.
|inactive|merr123 has 60 seconds left.
|inactive|merr123 has 30 seconds left.
|inactive|merr123 has 20 seconds left.
|inactive|merr123 has 15 seconds left.
|inactive|merr123 has 10 seconds left.
|inactive|merr123 has 5 seconds left.
|
|t:|1756968010
|teamsize|p1|4
|teamsize|p2|4
|start
|switch|p1a: Incineroar|Incineroar, L50, M|100/100
|switch|p1b: Gholdengo|Gholdengo, L50|100/100
|switch|p2a: Farigiraf|Farigiraf, L50, M|100/100
|switch|p2b: Ursaluna|Ursaluna-Bloodmoon, L50, M|100/100
|-ability|p1a: Incineroar|Intimidate|boost
|-unboost|p2a: Farigiraf|atk|1
|-unboost|p2b: Ursaluna|atk|1
|turn|1
|inactive|merr123 has 30 seconds left.
|
|t:|1756968041
|-terastallize|p2a: Farigiraf|Dragon
|move|p1b: Gholdengo|Make It Rain|p2a: Farigiraf|[spread] p2a,p2b
|-damage|p2a: Farigiraf|47/100
|-damage|p2b: Ursaluna|41/100
|-unboost|p1b: Gholdengo|spa|1
|-damage|p1b: Gholdengo|91/100|[from] item: Life Orb
|move|p2b: Ursaluna|Earth Power|p1a: Incineroar
|-supereffective|p1a: Incineroar
|-damage|p1a: Incineroar|0 fnt
|faint|p1a: Incineroar
|-damage|p2b: Ursaluna|31/100|[from] item: Life Orb
|move|p2a: Farigiraf|Trick Room|p2a: Farigiraf
|-fieldstart|move: Trick Room|[of] p2a: Farigiraf
|
|upkeep
|
|t:|1756968055
|switch|p1a: Dondozo|Dondozo, L50, M|100/100
|turn|2
|
|t:|1756968076
|switch|p2a: Amoonguss|Amoonguss, L50, M|100/100
|move|p2b: Ursaluna|Protect|p2b: Ursaluna
|-singleturn|p2b: Ursaluna|Protect
|move|p1a: Dondozo|Wave Crash|p2b: Ursaluna
|-activate|p2b: Ursaluna|move: Protect
|move|p1b: Gholdengo|Nasty Plot|p1b: Gholdengo
|-boost|p1b: Gholdengo|spa|2
|
|upkeep
|turn|3
|inactive|merr123 has 30 seconds left.
|
|t:|1756968101
|-terastallize|p1a: Dondozo|Grass
|move|p2a: Amoonguss|Pollen Puff|p2b: Ursaluna
|-heal|p2b: Ursaluna|81/100
|move|p1a: Dondozo|Wave Crash|p2b: Ursaluna
|-supereffective|p2b: Ursaluna
|-damage|p2b: Ursaluna|17/100
|-damage|p1a: Dondozo|83/100|[from] Recoil
|move|p2b: Ursaluna|Blood Moon|p1b: Gholdengo
|-resisted|p1b: Gholdengo
|-damage|p1b: Gholdengo|34/100
|-damage|p2b: Ursaluna|7/100|[from] item: Life Orb
|move|p1b: Gholdengo|Shadow Ball|p2a: Amoonguss
|-damage|p2a: Amoonguss|43/100
|-enditem|p2a: Amoonguss|Sitrus Berry|[eat]
|-heal|p2a: Amoonguss|68/100|[from] item: Sitrus Berry
|-damage|p1b: Gholdengo|24/100|[from] item: Life Orb
|
|-heal|p1a: Dondozo|90/100|[from] item: Leftovers
|upkeep
|turn|4
|inactive|keeplearning has 30 seconds left.
|inactive|merr123 has 30 seconds left.
|inactive|merr123 has 20 seconds left.
|inactive|merr123 has 15 seconds left.
|
|t:|1756968142
|move|p2a: Amoonguss|Protect|p2a: Amoonguss
|-singleturn|p2a: Amoonguss|Protect
|move|p2b: Ursaluna|Protect|p2b: Ursaluna
|-singleturn|p2b: Ursaluna|Protect
|move|p1a: Dondozo|Wave Crash|p2b: Ursaluna
|-activate|p2b: Ursaluna|move: Protect
|move|p1b: Gholdengo|Make It Rain|p2b: Ursaluna|[spread] 
|-activate|p2a: Amoonguss|move: Protect
|-activate|p2b: Ursaluna|move: Protect
|
|-heal|p1a: Dondozo|96/100|[from] item: Leftovers
|upkeep
|turn|5
|inactive|merr123 has 30 seconds left.
|
|t:|1756968174
|move|p1b: Gholdengo|Protect|p1b: Gholdengo
|-singleturn|p1b: Gholdengo|Protect
|move|p2a: Amoonguss|Pollen Puff|p2b: Ursaluna
|-heal|p2b: Ursaluna|57/100
|move|p1a: Dondozo|Wave Crash|p2b: Ursaluna
|-supereffective|p2b: Ursaluna
|-damage|p2b: Ursaluna|0 fnt
|faint|p2b: Ursaluna
|-damage|p1a: Dondozo|81/100|[from] Recoil
|
|-heal|p1a: Dondozo|87/100|[from] item: Leftovers
|-fieldend|move: Trick Room
|upkeep
|
|t:|1756968189
|switch|p2b: Gholdengo|Gholdengo, L50|100/100
|turn|6
|
|t:|1756968201
|move|p2a: Amoonguss|Rage Powder|p2a: Amoonguss
|-singleturn|p2a: Amoonguss|move: Rage Powder
|move|p1b: Gholdengo|Make It Rain|p2b: Gholdengo|[spread] p2a,p2b
|-resisted|p2b: Gholdengo
|-damage|p2a: Amoonguss|1/100
|-damage|p2b: Gholdengo|58/100
|-unboost|p1b: Gholdengo|spa|1
|-damage|p1b: Gholdengo|15/100|[from] item: Life Orb
|move|p2b: Gholdengo|Make It Rain|p1b: Gholdengo|[spread] p1a,p1b
|-resisted|p1b: Gholdengo
|-damage|p1a: Dondozo|38/100
|-damage|p1b: Gholdengo|0 fnt
|-unboost|p2b: Gholdengo|spa|1
|faint|p1b: Gholdengo
|move|p1a: Dondozo|Wave Crash|p2b: Gholdengo
|-damage|p2b: Gholdengo|14/100
|-damage|p1a: Dondozo|27/100|[from] Recoil
|
|-heal|p1a: Dondozo|34/100|[from] item: Leftovers
|upkeep
|
|t:|1756968220
|switch|p1b: Rillaboom|Rillaboom, L50, F|100/100
|-fieldstart|move: Grassy Terrain|[from] ability: Grassy Surge|[of] p1b: Rillaboom
|turn|7
|
|t:|1756968233
|switch|p2a: Farigiraf|Farigiraf, L50, M, tera:Dragon|47/100
|move|p1b: Rillaboom|High Horsepower|p2b: Gholdengo
|-supereffective|p2b: Gholdengo
|-damage|p2b: Gholdengo|0 fnt
|faint|p2b: Gholdengo
|move|p1a: Dondozo|Wave Crash|p2a: Farigiraf
|-resisted|p2a: Farigiraf
|-damage|p2a: Farigiraf|28/100
|-damage|p1a: Dondozo|28/100|[from] Recoil
|
|-heal|p2a: Farigiraf|34/100|[from] Grassy Terrain
|-heal|p1a: Dondozo|34/100|[from] Grassy Terrain
|-heal|p1a: Dondozo|41/100|[from] item: Leftovers
|upkeep
|
|t:|1756968242
|switch|p2b: Amoonguss|Amoonguss, L50, M|34/100
|turn|8
|
|t:|1756968252
|move|p1b: Rillaboom|High Horsepower|p2a: Farigiraf
|-damage|p2a: Farigiraf|11/100
|move|p1a: Dondozo|Yawn|p2b: Amoonguss
|-start|p2b: Amoonguss|move: Yawn|[of] p1a: Dondozo
|move|p2b: Amoonguss|Pollen Puff|p2a: Farigiraf
|-heal|p2a: Farigiraf|61/100
|move|p2a: Farigiraf|Trick Room|p2a: Farigiraf
|-fieldstart|move: Trick Room|[of] p2a: Farigiraf
|
|-heal|p2b: Amoonguss|40/100|[from] Grassy Terrain
|-heal|p1a: Dondozo|47/100|[from] Grassy Terrain
|-heal|p1a: Dondozo|53/100|[from] item: Leftovers
|-heal|p2a: Farigiraf|67/100|[from] Grassy Terrain
|upkeep
|turn|9
|inactive|merr123 has 30 seconds left.
|
|t:|1756968278
|move|p2b: Amoonguss|Pollen Puff|p2a: Farigiraf
|-heal|p2a: Farigiraf|100/100
|move|p1a: Dondozo|Yawn|p2a: Farigiraf
|-start|p2a: Farigiraf|move: Yawn|[of] p1a: Dondozo
|move|p2a: Farigiraf|Psychic|p1a: Dondozo
|-damage|p1a: Dondozo|27/100
|move|p1b: Rillaboom|High Horsepower|p2b: Amoonguss
|-damage|p2b: Amoonguss|9/100
|
|-heal|p2b: Amoonguss|15/100|[from] Grassy Terrain
|-heal|p1a: Dondozo|34/100|[from] Grassy Terrain
|-heal|p1a: Dondozo|40/100|[from] item: Leftovers
|-end|p2b: Amoonguss|move: Yawn|[silent]
|-status|p2b: Amoonguss|slp
|upkeep
|turn|10
|
|t:|1756968297
|cant|p2b: Amoonguss|slp
|move|p1a: Dondozo|Protect|p1a: Dondozo
|-singleturn|p1a: Dondozo|Protect
|move|p2a: Farigiraf|Psychic|p1b: Rillaboom
|-damage|p1b: Rillaboom|77/100
|move|p1b: Rillaboom|High Horsepower|p2b: Amoonguss
|-damage|p2b: Amoonguss|0 fnt
|faint|p2b: Amoonguss
|
|-heal|p1a: Dondozo|46/100|[from] Grassy Terrain
|-heal|p1a: Dondozo|52/100|[from] item: Leftovers
|-heal|p1b: Rillaboom|83/100|[from] Grassy Terrain
|-end|p2a: Farigiraf|move: Yawn|[silent]
|-status|p2a: Farigiraf|slp
|upkeep
|turn|11
|
|t:|1756968316
|move|p1a: Dondozo|Fissure|p2a: Farigiraf
|-damage|p2a: Farigiraf|0 fnt
|faint|p2a: Farigiraf
|-ohko
|
|win|keeplearning
