|j|☆13XH
|j|☆bloodnirvana98
|html|13XHbloodnirvana98    
|uhtml|bestof|Game 1 of a best-of-3
|t:|1756155860
|gametype|doubles
|player|p1|13XH|2|1118
|player|p2|bloodnirvana98|giovanni|1000
|gen|9
|tier|[Gen 9] VGC 2025 Reg H (Bo3)
|rated|
|rule|Species Clause: Limit one of each Pokémon
|rule|Item Clause: Limit 1 of each item
|clearpoke
|poke|p1|Ursaluna, L50, F|
|poke|p1|Jumpluff, L50, F|
|poke|p1|Charizard, L50, M|
|poke|p1|Torkoal, L50, M|
|poke|p1|Incineroar, L50, F|
|poke|p1|Porygon2, L50|
|poke|p2|Oranguru, L50, F|
|poke|p2|Whimsicott, L50, M|
|poke|p2|Dragonite, L50, F|
|poke|p2|Charizard, L50, M|
|poke|p2|Torkoal, L50, M|
|poke|p2|Arcanine-Hisui, L50, M|
|teampreview|4
|showteam|p1|Ursaluna||FlameOrb|Guts|HeadlongRush,Facade,Earthquake,Protect|||F|||50|,,,,,Ghost]Jumpluff||CovertCloak|Chlorophyll|SleepPowder,SunnyDay,Tailwind,RagePowder|||F|||50|,,,,,Water]Charizard||ChoiceSpecs|SolarPower|DragonPulse,HeatWave,Overheat,WeatherBall|||M|||50|,,,,,Ghost]Torkoal||EjectPack|Drought|ClearSmog,Eruption,Overheat,Protect|||M|||50|,,,,,Fire]Incineroar||SitrusBerry|Intimidate|FakeOut,FlareBlitz,KnockOff,PartingShot|||F|||50|,,,,,Ghost]Porygon2||Eviolite|Download|TeraBlast,IceBeam,Recover,TrickRoom||||||50|,,,,,Fighting
|showteam|p2|Oranguru||SitrusBerry|InnerFocus|Instruct,TrickRoom,Encore,Yawn|||F|||50|,,,,,Fire]Whimsicott||CovertCloak|Prankster|FakeTears,Encore,Tailwind,SunnyDay|||M|||50|,,,,,Grass]Dragonite||ChoiceBand|InnerFocus|ExtremeSpeed,IceSpinner,RockSlide,BreakingSwipe|||F|||50|,,,,,Normal]Charizard||ChoiceScarf|SolarPower|WeatherBall,HeatWave,Flamethrower,ScorchingSands|||M|||50|,,,,,Ghost]Torkoal||ChoiceSpecs|Drought|Eruption,HeatWave,EarthPower,WeatherBall|||M|||50|,,,,,Fire]Arcanine-Hisui||AssaultVest|RockHead|WildCharge,FlareBlitz,RockSlide,ExtremeSpeed|||M|||50|,,,,,Electric
|inactive|Battle timer is ON: inactive players will automatically lose when time's up. (requested by bloodnirvana98)
|j| teamthief420
|l| teamthief420
|inactive|13XH has 60 seconds left.
|inactive|13XH has 30 seconds left.
|inactive|13XH has 20 seconds left.
|
|t:|1756155932
|teamsize|p1|4
|teamsize|p2|4
|start
|switch|p1a: Incineroar|Incineroar, L50, F|100/100
|switch|p1b: Jumpluff|Jumpluff, L50, F|100/100
|switch|p2a: Arcanine|Arcanine-Hisui, L50, M|100/100
|switch|p2b: Dragonite|Dragonite, L50, F|100/100
|-ability|p1a: Incineroar|Intimidate|boost
|-unboost|p2a: Arcanine|atk|1
|-fail|p2b: Dragonite|unboost|Attack|[from] ability: Inner Focus|[of] p2b: Dragonite
|turn|1
|inactive|13XH has 30 seconds left.
|inactive|bloodnirvana98 has 30 seconds left.
|inactive|bloodnirvana98 has 20 seconds left.
|
|t:|1756155971
|-terastallize|p1b: Jumpluff|Water
|-terastallize|p2b: Dragonite|Normal
|move|p1a: Incineroar|Fake Out|p2a: Arcanine
|-resisted|p2a: Arcanine
|-crit|p2a: Arcanine
|-damage|p2a: Arcanine|92/100
|cant|p2a: Arcanine|flinch
|move|p2b: Dragonite|Extreme Speed|p1b: Jumpluff
|-damage|p1b: Jumpluff|10/100
|move|p1b: Jumpluff|Sleep Powder|p2b: Dragonite
|-status|p2b: Dragonite|slp|[from] move: Sleep Powder
|
|upkeep
|turn|2
|inactive|13XH has 30 seconds left.
|inactive|13XH has 20 seconds left.
|inactive|13XH has 15 seconds left.
|inactive|13XH has 10 seconds left.
|inactive|13XH has 5 seconds left.
|
|t:|1756156023
|move|p2a: Arcanine|Extreme Speed|p1b: Jumpluff
|-damage|p1b: Jumpluff|0 fnt
|faint|p1b: Jumpluff
|cant|p2b: Dragonite|slp
|move|p1a: Incineroar|Parting Shot|p2b: Dragonite
|-unboost|p2b: Dragonite|atk|1
|-unboost|p2b: Dragonite|spa|1
|
|t:|1756156032
|switch|p1a: Ursaluna|Ursaluna, L50, F|100/100|[from] Parting Shot
|
|-status|p1a: Ursaluna|brn|[from] item: Flame Orb
|upkeep
|
|t:|1756156035
|switch|p1b: Incineroar|Incineroar, L50, F|100/100
|-ability|p1b: Incineroar|Intimidate|boost
|-unboost|p2a: Arcanine|atk|1
|-fail|p2b: Dragonite|unboost|Attack|[from] ability: Inner Focus|[of] p2b: Dragonite
|turn|3
|
|t:|1756156054
|switch|p2b: Oranguru|Oranguru, L50, F|100/100
|move|p1b: Incineroar|Fake Out|p2a: Arcanine
|-resisted|p2a: Arcanine
|-damage|p2a: Arcanine|86/100
|cant|p2a: Arcanine|flinch
|move|p1a: Ursaluna|Facade|p2b: Oranguru
|-damage|p2b: Oranguru|9/100
|-enditem|p2b: Oranguru|Sitrus Berry|[eat]
|-heal|p2b: Oranguru|34/100|[from] item: Sitrus Berry
|
|-damage|p1a: Ursaluna|95/100 brn|[from] brn
|upkeep
|turn|4
|inactive|13XH has 30 seconds left.
|inactive|13XH has 20 seconds left.
|
|t:|1756156092
|move|p2a: Arcanine|Rock Slide|p1a: Ursaluna|[spread] p1a
|-miss|p2a: Arcanine|p1b: Incineroar
|-resisted|p1a: Ursaluna
|-damage|p1a: Ursaluna|91/100 brn
|move|p1a: Ursaluna|Earthquake|p2b: Oranguru|[spread] p1b,p2a,p2b
|-supereffective|p1b: Incineroar
|-supereffective|p2a: Arcanine
|-damage|p1b: Incineroar|0 fnt
|-damage|p2a: Arcanine|0 fnt
|-damage|p2b: Oranguru|0 fnt
|faint|p1b: Incineroar
|faint|p2a: Arcanine
|faint|p2b: Oranguru
|
|-damage|p1a: Ursaluna|85/100 brn|[from] brn
|upkeep
|
|t:|1756156100
|switch|p2a: Dragonite|Dragonite, L50, F, tera:Normal|100/100 slp
|switch|p1b: Porygon2|Porygon2, L50|100/100
|switch|p2b: Torkoal|Torkoal, L50, M|100/100
|-ability|p1b: Porygon2|Download|boost
|-boost|p1b: Porygon2|spa|1
|-weather|SunnyDay|[from] ability: Drought|[of] p2b: Torkoal
|turn|5
|
|t:|1756156125
|cant|p2a: Dragonite|slp
|move|p1a: Ursaluna|Facade|p2a: Dragonite
|-damage|p2a: Dragonite|0 fnt
|faint|p2a: Dragonite
|move|p1b: Porygon2|Tera Blast|p2b: Torkoal
|-damage|p2b: Torkoal|33/100
|move|p2b: Torkoal|Weather Ball|p1a: Ursaluna
|-damage|p1a: Ursaluna|0 fnt
|faint|p1a: Ursaluna
|
|-weather|SunnyDay|[upkeep]
|upkeep
|turn|6
|
|t:|1756156136
|move|p1b: Porygon2|Tera Blast|p2b: Torkoal
|-damage|p2b: Torkoal|0 fnt
|faint|p2b: Torkoal
|
|win|13XH
||bloodnirvana98 is ready for game 2.
|l|☆bloodnirvana98
|player|p2|
||13XH is ready for game 2.
|uhtml|next|Next: Game 2 of 3
