|j|☆pm12356
|j|☆AquamarineVGC
|html|pm12356AquamarineVGC    
|uhtml|bestof|Game 1 of a best-of-3
|t:|1784580241
|gametype|doubles
|player|p1|pm12356|102|1107
|player|p2|AquamarineVGC|unknown|1173
|gen|9
|tier|[Gen 9 Champions] VGC 2026 Reg M-B (Bo3)
|rated|
|rule|Species Clause: Limit one of each Pokémon
|rule|Item Clause: Limit 1 of each item
|clearpoke
|poke|p1|Politoed, L50, M|
|poke|p1|Basculegion, L50, M|
|poke|p1|Talonflame, L50, F|
|poke|p1|Eelektross, L50, M|
|poke|p1|Beedrill, L50, F|
|poke|p1|Tsareena, L50, F|
|poke|p2|Pelipper, L50, F|
|poke|p2|Archaludon, L50, M|
|poke|p2|Staraptor, L50, F|
|poke|p2|Glimmora, L50, M|
|poke|p2|Clefable, L50, F|
|poke|p2|Grimmsnarl, L50, M|
|teampreview|4
|showteam|p1|Politoed||MysticWater|Drizzle|WeatherBall,FocusBlast,HelpingHand,Protect|Calm||M|||50|]Basculegion||LifeOrb|SwiftSwim|AquaJet,WaveCrash,LastRespects,Protect|Adamant||M|||50|]Talonflame||FocusSash|GaleWings|Tailwind,BlazeKick,DualWingbeat,Protect|Jolly||F|||50|]Eelektross||Eelektrossite|Levitate|Thunder,Thunderbolt,GigaDrain,Protect|Modest||M|||50|]Beedrill||Beedrillite|Sniper|Uturn,PoisonJab,DrillRun,Protect|Jolly||F|||50|]Tsareena||WideLens|QueenlyMajesty|PowerWhip,KnockOff,HighJumpKick,Uturn|Jolly||F|||50|
|showteam|p2|Pelipper||QuickClaw|Drizzle|Hurricane,WeatherBall,Tailwind,WideGuard|Modest||F|||50|]Archaludon||Leftovers|Stamina|FlashCannon,DragonPulse,ElectroShot,Protect|Modest||M|||50|]Staraptor||Staraptite|Intimidate|BraveBird,CloseCombat,Roost,Protect|Adamant||F|||50|]Glimmora||Glimmoranite|ToxicDebris|PowerGem,SludgeBomb,AcidSpray,SpikyShield|Timid||M|||50|]Clefable||SitrusBerry|Unaware|Moonblast,FollowMe,LifeDew,Protect|Bold||F|||50|]Grimmsnarl||LightClay|Prankster|FoulPlay,Reflect,LightScreen,PartingShot|Calm||M|||50|
|inactive|Battle timer is ON: inactive players will automatically lose when time's up. (requested by AquamarineVGC)
|
|t:|1784580298
|teamsize|p1|4
|teamsize|p2|4
|start
|switch|p1a: Talonflame|Talonflame, L50, F|100/100
|switch|p1b: Politoed|Politoed, L50, M|100/100
|switch|p2a: Grimmsnarl|Grimmsnarl, L50, M|100/100
|switch|p2b: Archaludon|Archaludon, L50, M|100/100
|-weather|RainDance|[from] ability: Drizzle|[of] p1b: Politoed
|turn|1
|
|t:|1784580316
|move|p1a: Talonflame|Tailwind|p1a: Talonflame
|-sidestart|p1: pm12356|move: Tailwind
|move|p2a: Grimmsnarl|Light Screen|p2a: Grimmsnarl
|-sidestart|p2: AquamarineVGC|move: Light Screen
|move|p1b: Politoed|Focus Blast|p2b: Archaludon
|-supereffective|p2b: Archaludon|1
|-damage|p2b: Archaludon|49/100
|-ability|p2b: Archaludon|Stamina|boost
|-boost|p2b: Archaludon|def|1
|move|p2b: Archaludon|Electro Shot||[still]
|-prepare|p2b: Archaludon|Electro Shot
|-boost|p2b: Archaludon|spa|1
|-anim|p2b: Archaludon|Electro Shot|p1b: Politoed
|-supereffective|p1b: Politoed|1
|-damage|p1b: Politoed|8/100
|
|-weather|RainDance|[upkeep]
|-heal|p2b: Archaludon|55/100|[from] item: Leftovers
|upkeep
|turn|2
|
|t:|1784580340
|move|p1a: Talonflame|Dual Wingbeat|p2b: Archaludon
|-resisted|p2b: Archaludon|1
|-damage|p2b: Archaludon|52/100
|-ability|p2b: Archaludon|Stamina|boost
|-boost|p2b: Archaludon|def|1
|-resisted|p2b: Archaludon|1
|-damage|p2b: Archaludon|50/100g
|-ability|p2b: Archaludon|Stamina|boost
|-boost|p2b: Archaludon|def|1
|-hitcount|p2b: Archaludon|2
|move|p2a: Grimmsnarl|Parting Shot|p1b: Politoed
|-unboost|p1b: Politoed|atk|1
|-unboost|p1b: Politoed|spa|1
|
|t:|1784580352
|switch|p2a: Pelipper|Pelipper, L50, F|100/100|[from] Parting Shot
|move|p1b: Politoed|Focus Blast|p2b: Archaludon|[miss]
|-miss|p1b: Politoed|p2b: Archaludon
|move|p2b: Archaludon|Electro Shot||[still]
|-prepare|p2b: Archaludon|Electro Shot
|-boost|p2b: Archaludon|spa|1
|-anim|p2b: Archaludon|Electro Shot|p1a: Talonflame
|-supereffective|p1a: Talonflame|1
|-enditem|p1a: Talonflame|Focus Sash
|-damage|p1a: Talonflame|1/100
|
|-weather|RainDance|[upkeep]
|-heal|p2b: Archaludon|56/100|[from] item: Leftovers
|upkeep
|turn|3
|inactive|pm12356 has 30 seconds left.
|
|t:|1784580380
|switch|p1a: Eelektross|Eelektross, L50, M|100/100
|move|p2b: Archaludon|Protect|p2b: Archaludon
|-singleturn|p2b: Archaludon|Protect
|move|p1b: Politoed|Focus Blast|p2b: Archaludon
|-activate|p2b: Archaludon|move: Protect
|move|p2a: Pelipper|Hurricane|p1b: Politoed
|-damage|p1b: Politoed|0 fnt
|faint|p1b: Politoed
|
|-weather|RainDance|[upkeep]
|-heal|p2b: Archaludon|62/100|[from] item: Leftovers
|upkeep
|
|t:|1784580394
|switch|p1b: Talonflame|Talonflame, L50, F|1/100
|turn|4
|
|t:|1784580406
|switch|p2a: Grimmsnarl|Grimmsnarl, L50, M|100/100
|detailschange|p1a: Eelektross|Eelektross-Mega, L50, M
|-mega|p1a: Eelektross|Eelektross|Eelektrossite
|move|p1b: Talonflame|Protect|p1b: Talonflame
|-singleturn|p1b: Talonflame|Protect
|move|p1a: Eelektross|Thunder|p2a: Grimmsnarl
|-damage|p2a: Grimmsnarl|68/100
|move|p2b: Archaludon|Electro Shot||[still]
|-prepare|p2b: Archaludon|Electro Shot
|-boost|p2b: Archaludon|spa|1
|-anim|p2b: Archaludon|Electro Shot|p1b: Talonflame
|-activate|p1b: Talonflame|move: Protect
|
|-weather|RainDance|[upkeep]
|-heal|p2b: Archaludon|68/100|[from] item: Leftovers
|-sideend|p1: pm12356|move: Tailwind
|upkeep
|turn|5
|inactive|pm12356 has 30 seconds left.
|inactive|AquamarineVGC has 30 seconds left.
|
|t:|1784580432
|move|p1b: Talonflame|Tailwind|p1b: Talonflame
|-sidestart|p1: pm12356|move: Tailwind
|move|p1a: Eelektross|Thunder|p2a: Grimmsnarl
|-damage|p2a: Grimmsnarl|34/100
|-status|p2a: Grimmsnarl|par
|move|p2b: Archaludon|Dragon Pulse|p1a: Eelektross
|-damage|p1a: Eelektross|0 fnt
|faint|p1a: Eelektross
|move|p2a: Grimmsnarl|Foul Play|p1b: Talonflame
|-damage|p1b: Talonflame|0 fnt
|faint|p1b: Talonflame
|
|-weather|none
|-heal|p2b: Archaludon|75/100|[from] item: Leftovers
|upkeep
|
|t:|1784580448
|switch|p1b: Basculegion|Basculegion, L50, M|100/100
|turn|6
|
|t:|1784580458
|move|p2a: Grimmsnarl|Reflect|p2a: Grimmsnarl
|-sidestart|p2: AquamarineVGC|Reflect
|move|p1b: Basculegion|Last Respects|p2b: Archaludon
|-damage|p2b: Archaludon|53/100
|-ability|p2b: Archaludon|Stamina|boost
|-boost|p2b: Archaludon|def|1
|-damage|p1b: Basculegion|90/100|[from] item: Life Orb
|move|p2b: Archaludon|Dragon Pulse|p1b: Basculegion
|-damage|p1b: Basculegion|0 fnt
|faint|p1b: Basculegion
|
|win|AquamarineVGC
||pm12356 is ready for game 2.
