|j|☆Scobie
|j|☆MrTedno
|html|ScobieMrTedno    
|uhtml|bestof|Game 1 of a best-of-3
|t:|1756384310
|gametype|doubles
|player|p1|Scobie|veteran-gen4|1171
|player|p2|MrTedno|2|1208
|gen|9
|tier|[Gen 9] VGC 2025 Reg H (Bo3)
|rated|
|rule|Species Clause: Limit one of each Pokémon
|rule|Item Clause: Limit 1 of each item
|clearpoke
|poke|p1|Raichu, L50, F|
|poke|p1|Pelipper, L50, M|
|poke|p1|Archaludon, L50, F|
|poke|p1|Incineroar, L50, M|
|poke|p1|Dragonite, L50, M|
|poke|p1|Sneasler, L50, M|
|poke|p2|Dondozo, L50, F|
|poke|p2|Tatsugiri, L50, M|
|poke|p2|Politoed, L50, M|
|poke|p2|Archaludon, L50, F|
|poke|p2|Amoonguss, L50, M|
|poke|p2|Overqwil, L50, F|
|teampreview|4
|showteam|p1|Raichu||FocusSash|LightningRod|FakeOut,Electroweb,Thunderbolt,ElectricTerrain|||F|||50|,,,,,Electric]Pelipper||RockyHelmet|Drizzle|Hurricane,Tailwind,Protect,MuddyWater|||M|||50|,,,,,Steel]Archaludon||AssaultVest|Stamina|ElectroShot,BodyPress,FlashCannon,DracoMeteor|||F|||50|,,,,,Grass]Incineroar||SafetyGoggles|Intimidate|FakeOut,KnockOff,FlareBlitz,PartingShot|||M|||50|,,,,,Ghost]Dragonite||LoadedDice|Multiscale|Protect,ScaleShot,Waterfall,Haze|||M|||50|,,,,,Fairy]Sneasler||WhiteHerb|Unburden|DireClaw,CloseCombat,FakeOut,Protect|||M|||50|,,,,,Stellar
|showteam|p2|Dondozo||LifeOrb|Unaware|Surf,Protect,SleepTalk|||F|||50|,,,,,Water]Tatsugiri||FocusSash|Commander|DracoMeteor,Protect,MuddyWater,Taunt|||M|||50|,,,,,Stellar]Politoed||SitrusBerry|Drizzle|WeatherBall,IceBeam,Haze,Protect|||M|||50|,,,,,Steel]Archaludon||AssaultVest|Stamina|BodyPress,ElectroShot,DragonPulse,FlashCannon|||F|||50|,,,,,Grass]Amoonguss||RockyHelmet|Regenerator|Spore,RagePowder,PollenPuff,Protect|||M|||50|,,,,,Fairy]Overqwil||ChoiceBand|SwiftSwim|PoisonJab,ThroatChop,Liquidation,PinMissile|||F|||50|,,,,,Ghost
|inactive|Battle timer is ON: inactive players will automatically lose when time's up. (requested by MrTedno)
|c|☆MrTedno|glhf
|c|☆Scobie|same to you
|inactive|MrTedno has 60 seconds left.
|inactive|MrTedno has 30 seconds left.
|
|t:|1756384371
|teamsize|p1|4
|teamsize|p2|4
|start
|switch|p1a: Dragonite|Dragonite, L50, M|100/100
|switch|p1b: Sneasler|Sneasler, L50, M|100/100
|switch|p2a: Barnacles|Archaludon, L50, F|100/100
|switch|p2b: Peso|Tatsugiri, L50, M|100/100
|turn|1
|inactive|Scobie has 30 seconds left.
|inactive|MrTedno has 30 seconds left.
|
|t:|1756384406
|-terastallize|p2a: Barnacles|Grass
|move|p1b: Sneasler|Close Combat|p2a: Barnacles
|-damage|p2a: Barnacles|55/100
|-unboost|p1b: Sneasler|def|1
|-unboost|p1b: Sneasler|spd|1
|-ability|p2a: Barnacles|Stamina|boost
|-boost|p2a: Barnacles|def|1
|-enditem|p1b: Sneasler|White Herb
|-clearnegativeboost|p1b: Sneasler|[silent]
|move|p2b: Peso|Draco Meteor|p1a: Dragonite
|-supereffective|p1a: Dragonite
|-crit|p1a: Dragonite
|-damage|p1a: Dragonite|9/100
|-unboost|p2b: Peso|spa|2
|move|p2a: Barnacles|Dragon Pulse|p1a: Dragonite
|-supereffective|p1a: Dragonite
|-damage|p1a: Dragonite|0 fnt
|faint|p1a: Dragonite
|
|upkeep
|
|t:|1756384423
|switch|p1a: Archaludon|Archaludon, L50, F|100/100
|turn|2
|inactive|Scobie has 30 seconds left.
|inactive|Scobie has 20 seconds left.
|inactive|Scobie has 15 seconds left.
|
|t:|1756384466
|switch|p2a: Turnip|Amoonguss, L50, M|100/100
|-terastallize|p1a: Archaludon|Grass
|move|p1b: Sneasler|Dire Claw|p2b: Peso
|-damage|p2b: Peso|19/100
|-status|p2b: Peso|slp
|cant|p2b: Peso|slp
|move|p1a: Archaludon|Body Press|p2b: Peso
|-crit|p2b: Peso
|-damage|p2b: Peso|0 fnt
|faint|p2b: Peso
|
|upkeep
|
|t:|1756384487
|switch|p2b: Shellington|Overqwil, L50, F|100/100
|turn|3
|inactive|Scobie has 30 seconds left.
|
|t:|1756384514
|switch|p1b: Pelipper|Pelipper, L50, M|100/100
|-weather|RainDance|[from] ability: Drizzle|[of] p1b: Pelipper
|move|p2a: Turnip|Rage Powder|p2a: Turnip
|-singleturn|p2a: Turnip|move: Rage Powder
|move|p2b: Shellington|Poison Jab|p1a: Archaludon
|-supereffective|p1a: Archaludon
|-damage|p1a: Archaludon|20/100
|-status|p1a: Archaludon|psn
|-ability|p1a: Archaludon|Stamina|boost
|-boost|p1a: Archaludon|def|1
|move|p1a: Archaludon|Electro Shot||[still]
|-prepare|p1a: Archaludon|Electro Shot
|-boost|p1a: Archaludon|spa|1
|-anim|p1a: Archaludon|Electro Shot|p2b: Shellington
|-crit|p2b: Shellington
|-damage|p2b: Shellington|0 fnt
|faint|p2b: Shellington
|
|-weather|RainDance|[upkeep]
|-damage|p1a: Archaludon|8/100 psn|[from] psn
|upkeep
|
|t:|1756384531
|switch|p2b: Barnacles|Archaludon, L50, F, tera:Grass|55/100
|turn|4
|
|t:|1756384549
|move|p2a: Turnip|Rage Powder|p2a: Turnip
|-singleturn|p2a: Turnip|move: Rage Powder
|move|p2b: Barnacles|Electro Shot||[still]
|-prepare|p2b: Barnacles|Electro Shot
|-boost|p2b: Barnacles|spa|1
|-anim|p2b: Barnacles|Electro Shot|p1b: Pelipper
|-supereffective|p1b: Pelipper
|-damage|p1b: Pelipper|0 fnt
|faint|p1b: Pelipper
|move|p1a: Archaludon|Draco Meteor|p2b: Barnacles
|-damage|p2b: Barnacles|0 fnt
|-unboost|p1a: Archaludon|spa|2
|faint|p2b: Barnacles
|
|-weather|RainDance|[upkeep]
|-damage|p1a: Archaludon|0 fnt|[from] psn
|faint|p1a: Archaludon
|upkeep
|
|t:|1756384564
|switch|p1b: Sneasler|Sneasler, L50, M|100/100
|turn|5
|
|t:|1756384574
|move|p1b: Sneasler|Dire Claw|p2a: Turnip
|-damage|p2a: Turnip|66/100
|-damage|p1b: Sneasler|84/100|[from] item: Rocky Helmet|[of] p2a: Turnip
|move|p2a: Turnip|Spore|p1b: Sneasler
|-status|p1b: Sneasler|slp|[from] move: Spore
|
|-weather|RainDance|[upkeep]
|upkeep
|turn|6
|
|t:|1756384581
|cant|p1b: Sneasler|slp
|move|p2a: Turnip|Pollen Puff|p1b: Sneasler
|-resisted|p1b: Sneasler
|-damage|p1b: Sneasler|78/100 slp
|
|-weather|RainDance|[upkeep]
|upkeep
|turn|7
|
|t:|1756384595
|-curestatus|p1b: Sneasler|slp|[msg]
|move|p1b: Sneasler|Dire Claw|p2a: Turnip
|-damage|p2a: Turnip|30/100
|-status|p2a: Turnip|par
|-damage|p1b: Sneasler|61/100|[from] item: Rocky Helmet|[of] p2a: Turnip
|move|p2a: Turnip|Pollen Puff|p1b: Sneasler
|-resisted|p1b: Sneasler
|-damage|p1b: Sneasler|55/100
|
|-weather|none
|upkeep
|turn|8
|
|t:|1756384606
|move|p1b: Sneasler|Dire Claw|p2a: Turnip
|-damage|p2a: Turnip|0 fnt
|-damage|p1b: Sneasler|38/100|[from] item: Rocky Helmet|[of] p2a: Turnip
|faint|p2a: Turnip
|
|win|Scobie
||MrTedno is ready for game 2.
||Scobie is ready for game 2.
|uhtml|next|Next: Game 2 of 3
