|j|☆Gen5spizzle
|j|☆iliteratepineapple
|html|Gen5spizzleiliteratepineapple    
|uhtml|bestof|Game 1 of a best-of-3
|t:|1756154510
|gametype|doubles
|player|p1|Gen5spizzle|265|1108
|player|p2|iliteratepineapple|169|1104
|gen|9
|tier|[Gen 9] VGC 2025 Reg H (Bo3)
|rated|
|rule|Species Clause: Limit one of each Pokémon
|rule|Item Clause: Limit 1 of each item
|clearpoke
|poke|p1|Flamigo, L50, M|
|poke|p1|Gholdengo, L50|
|poke|p1|Incineroar, L50, M|
|poke|p1|Ursaluna, L50, F|
|poke|p1|Porygon2, L50|
|poke|p1|Amoonguss, L50, F|
|poke|p2|Ninetales-Alola, L50, F|
|poke|p2|Gothitelle, L50, M|
|poke|p2|Murkrow, L50, F|
|poke|p2|Incineroar, L50, F|
|poke|p2|Sinistcha-Masterpiece, L50|
|poke|p2|Ursaluna, L50, F|
|teampreview|4
|showteam|p1|Flamigo||FocusSash|Scrappy|CloseCombat,BraveBird,WideGuard,Protect|||M|||50|,,,,,Ghost]Gholdengo||LifeOrb|GoodasGold|MakeItRain,ShadowBall,Protect,NastyPlot||||||50|,,,,,Dragon]Incineroar||SafetyGoggles|Intimidate|KnockOff,FlareBlitz,PartingShot,FakeOut|||M|||50|,,,,,Grass]Ursaluna||FlameOrb|Guts|Facade,HeadlongRush,Protect,Earthquake|||F|||50|,,,,,Ghost]Porygon2||Eviolite|Download|TrickRoom,Recover,IceBeam,TeraBlast||||||50|,,,,,Fighting]Amoonguss||MentalHerb|Regenerator|Spore,RagePowder,PollenPuff,SludgeBomb|||F|||50|,,,,,Water
|showteam|p2|Ninetales-Alola||FocusSash|SnowWarning|Blizzard,Encore,Disable,Protect|||F|||50|,,,,,Dark]Gothitelle||Leftovers|ShadowTag|Protect,Psychic,FakeOut,Taunt|||M|||50|,,,,,Water]Murkrow||Eviolite|Prankster|DualWingbeat,Tailwind,PerishSong,FeatherDance|||F|||50|,,,,,Ghost]Incineroar||AssaultVest|Intimidate|KnockOff,FlareBlitz,Uturn,FakeOut|||F|||50|,,,,,Bug]Sinistcha-Masterpiece||SitrusBerry|Hospitality|MatchaGotcha,RagePowder,TrickRoom,LifeDew||||||50|,,,,,Dark]Ursaluna||FlameOrb|Guts|Facade,HeadlongRush,Earthquake,Protect|||F|||50|,,,,,Ghost
|
|t:|1756154644
|teamsize|p1|4
|teamsize|p2|4
|start
|switch|p1a: DJ DAFT|Porygon2, L50, shiny|100/100
|switch|p1b: JG FENTWORTH|Gholdengo, L50|100/100
|switch|p2a: Gothitelle|Gothitelle, L50, M|100/100
|switch|p2b: Incineroar|Incineroar, L50, F|100/100
|-ability|p2b: Incineroar|Intimidate|boost
|-unboost|p1a: DJ DAFT|atk|1
|-unboost|p1b: JG FENTWORTH|atk|1
|-ability|p1a: DJ DAFT|Download|boost
|-boost|p1a: DJ DAFT|spa|1
|turn|1
|
|t:|1756154702
|-terastallize|p1b: JG FENTWORTH|Dragon
|-terastallize|p2a: Gothitelle|Water
|move|p2a: Gothitelle|Fake Out|p1a: DJ DAFT
|-damage|p1a: DJ DAFT|97/100
|move|p1b: JG FENTWORTH|Shadow Ball|p2a: Gothitelle
|-crit|p2a: Gothitelle
|-damage|p2a: Gothitelle|23/100
|-damage|p1b: JG FENTWORTH|91/100|[from] item: Life Orb
|move|p2b: Incineroar|Knock Off|p1b: JG FENTWORTH
|-damage|p1b: JG FENTWORTH|37/100
|-enditem|p1b: JG FENTWORTH|Life Orb|[from] move: Knock Off|[of] p2b: Incineroar
|cant|p1a: DJ DAFT|flinch
|
|-heal|p2a: Gothitelle|29/100|[from] item: Leftovers
|upkeep
|turn|2
|
|t:|1756154753
|switch|p2a: Ursaluna|Ursaluna, L50, F|100/100
|move|p1b: JG FENTWORTH|Shadow Ball|p2a: Ursaluna
|-immune|p2a: Ursaluna
|move|p2b: Incineroar|Knock Off|p1a: DJ DAFT
|-crit|p1a: DJ DAFT
|-damage|p1a: DJ DAFT|54/100
|-enditem|p1a: DJ DAFT|Eviolite|[from] move: Knock Off|[of] p2b: Incineroar
|move|p1a: DJ DAFT|Trick Room|p1a: DJ DAFT
|-fieldstart|move: Trick Room|[of] p1a: DJ DAFT
|
|-status|p2a: Ursaluna|brn|[from] item: Flame Orb
|upkeep
|turn|3
|
|t:|1756154780
|switch|p2b: Sinistcha|Sinistcha-Masterpiece, L50|100/100
|move|p1a: DJ DAFT|Ice Beam|p2a: Ursaluna
|-supereffective|p2a: Ursaluna
|-damage|p2a: Ursaluna|14/100 brn
|move|p2a: Ursaluna|Earthquake|p1b: JG FENTWORTH|[spread] p2b,p1a,p1b
|-resisted|p2b: Sinistcha
|-damage|p2b: Sinistcha|72/100
|-damage|p1a: DJ DAFT|0 fnt
|-damage|p1b: JG FENTWORTH|0 fnt
|faint|p1a: DJ DAFT
|faint|p1b: JG FENTWORTH
|
|-damage|p2a: Ursaluna|8/100 brn|[from] brn
|upkeep
|
|t:|1756154794
|switch|p1a: Molly|Amoonguss, L50, F, shiny|100/100
|switch|p1b: & A Show|Ursaluna, L50, F, shiny|100/100
|turn|4
|
|t:|1756154823
|move|p1b: & A Show|Protect|p1b: & A Show
|-singleturn|p1b: & A Show|Protect
|move|p2a: Ursaluna|Protect|p2a: Ursaluna
|-singleturn|p2a: Ursaluna|Protect
|move|p1a: Molly|Sludge Bomb|p2a: Ursaluna
|-activate|p2a: Ursaluna|move: Protect
|move|p2b: Sinistcha|Life Dew|p2b: Sinistcha|[spread] p2a,p2b
|-heal|p2a: Ursaluna|34/100 brn
|-heal|p2b: Sinistcha|98/100
|
|-damage|p2a: Ursaluna|28/100 brn|[from] brn
|-status|p1b: & A Show|brn|[from] item: Flame Orb
|upkeep
|turn|5
|
|t:|1756154868
|switch|p2a: Gothitelle|Gothitelle, L50, M, tera:Water|29/100
|move|p1a: Molly|Sludge Bomb|p2b: Sinistcha
|-damage|p2b: Sinistcha|72/100
|-status|p2b: Sinistcha|psn
|move|p2b: Sinistcha|Matcha Gotcha|p1b: & A Show|[spread] p1a,p1b
|-resisted|p1a: Molly
|-supereffective|p1b: & A Show
|-damage|p1a: Molly|96/100
|-heal|p2b: Sinistcha|75/100 psn|[from] drain|[of] p1a: Molly
|-damage|p1b: & A Show|59/100 brn
|-heal|p2b: Sinistcha|100/100 psn|[from] drain|[of] p1b: & A Show
|move|p1b: & A Show|Earthquake|p2b: Sinistcha|[spread] p1a,p2a,p2b
|-resisted|p2b: Sinistcha
|-damage|p1a: Molly|45/100
|-damage|p2a: Gothitelle|0 fnt
|-damage|p2b: Sinistcha|74/100 psn
|faint|p2a: Gothitelle
|
|-damage|p2b: Sinistcha|61/100 psn|[from] psn
|-damage|p1b: & A Show|53/100 brn|[from] brn
|upkeep
|
|t:|1756154896
|switch|p2a: Ursaluna|Ursaluna, L50, F|28/100 brn
|turn|6
|
|t:|1756154931
|move|p1b: & A Show|Protect|p1b: & A Show
|-singleturn|p1b: & A Show|Protect
|move|p2a: Ursaluna|Protect|p2a: Ursaluna
|-singleturn|p2a: Ursaluna|Protect
|move|p1a: Molly|Sludge Bomb|p2b: Sinistcha
|-damage|p2b: Sinistcha|38/100 psn
|-enditem|p2b: Sinistcha|Sitrus Berry|[eat]
|-heal|p2b: Sinistcha|62/100 psn|[from] item: Sitrus Berry
|move|p2b: Sinistcha|Life Dew|p2b: Sinistcha|[spread] p2a,p2b
|-heal|p2a: Ursaluna|53/100 brn
|-heal|p2b: Sinistcha|88/100 psn
|
|-damage|p2b: Sinistcha|75/100 psn|[from] psn
|-damage|p1b: & A Show|48/100 brn|[from] brn
|-damage|p2a: Ursaluna|47/100 brn|[from] brn
|-fieldend|move: Trick Room
|upkeep
|turn|7
|
|t:|1756154961
|switch|p2a: Incineroar|Incineroar, L50, F|100/100
|-ability|p2a: Incineroar|Intimidate|boost
|-unboost|p1a: Molly|atk|1
|-unboost|p1b: & A Show|atk|1
|move|p1a: Molly|Rage Powder|p1a: Molly
|-singleturn|p1a: Molly|move: Rage Powder
|move|p1b: & A Show|Headlong Rush|p2a: Incineroar
|-supereffective|p2a: Incineroar
|-crit|p2a: Incineroar
|-damage|p2a: Incineroar|0 fnt
|-unboost|p1b: & A Show|def|1
|-unboost|p1b: & A Show|spd|1
|faint|p2a: Incineroar
|move|p2b: Sinistcha|Matcha Gotcha|p1b: & A Show|[spread] p1b
|-miss|p2b: Sinistcha|p1a: Molly
|-supereffective|p1b: & A Show
|-damage|p1b: & A Show|0 fnt
|-heal|p2b: Sinistcha|100/100 psn|[from] drain|[of] p1b: & A Show
|faint|p1b: & A Show
|
|-damage|p2b: Sinistcha|88/100 psn|[from] psn
|upkeep
|-message|Gen5spizzle forfeited.
|
|win|iliteratepineapple
|l|☆Gen5spizzle
|player|p1|
||Gen5spizzle is ready for game 2.
|inactive|iliteratepineapple has 30 seconds to confirm battle start!
||iliteratepineapple is ready for game 2.
|uhtml|next|Next: Game 2 of 3
