|j|☆tostine
|j|☆sturmkitten69
|html|tostinesturmkitten69    
|uhtml|bestof|Game 2 of a best-of-3
|t:|1784690406
|gametype|doubles
|player|p1|tostine|102|1085
|player|p2|sturmkitten69|fisherman-gen4|1158
|gen|9
|tier|[Gen 9 Champions] VGC 2026 Reg M-B (Bo3)
|rated|
|rule|Species Clause: Limit one of each Pokémon
|rule|Item Clause: Limit 1 of each item
|clearpoke
|poke|p1|Meganium, L50, F|
|poke|p1|Farigiraf, L50, F|
|poke|p1|Politoed, L50, F|
|poke|p1|Basculegion, L50, M|
|poke|p1|Ninetales-Alola, L50, F|
|poke|p1|Drampa, L50, M|
|poke|p2|Incineroar, L50, M, shiny|
|poke|p2|Rotom-Wash, L50, shiny|
|poke|p2|Delphox, L50, M|
|poke|p2|Altaria, L50, F|
|poke|p2|Sinistcha, L50|
|poke|p2|Chesnaught, L50, M, shiny|
|teampreview|4
|showteam|p1|Meganium||Meganiumite|LeafGuard|SolarBeam,DazzlingGleam,Synthesis,WeatherBall|Quiet||F|||50|]Farigiraf||SitrusBerry|ArmorTail|TrickRoom,HyperVoice,AllySwitch,HelpingHand|Sassy||F|||50|]Politoed||DampRock|Drizzle|Encore,HelpingHand,MuddyWater,IcyWind|Bold||F|||50|]Basculegion||ChoiceScarf|Adaptability|WaveCrash,FlipTurn,LastRespects,PsychicFangs|Jolly||M|||50|]Ninetales-Alola||BabiriBerry|SnowWarning|Blizzard,Disable,AuroraVeil,Protect|Timid||F|||50|]Drampa||Drampanite|Berserk|Protect,HyperVoice,DracoMeteor,Roost|Modest||M|||50|
|showteam|p2|Incineroar||PasshoBerry|Intimidate|FakeOut,PartingShot,ThroatChop,FlareBlitz|Impish||M|||50|]Rotom-Wash||ChoiceScarf|Levitate|VoltSwitch,Electroweb,WillOWisp,HydroPump|Timid|||||50|]Delphox||Delphoxite|Blaze|HeatWave,CalmMind,Psychic,Protect|Timid||M|||50|]Altaria||RoseliBerry|CloudNine|Tailwind,Roost,WillOWisp,DragonPulse|Bold||F|||50|]Sinistcha||SitrusBerry|Hospitality|Protect,RagePowder,LifeDew,MatchaGotcha|Bold|||||50|]Chesnaught||Leftovers|Bulletproof|WideGuard,BodyPress,WoodHammer,SpikyShield|Impish||M|||50|
|
|t:|1784690432
|teamsize|p1|4
|teamsize|p2|4
|start
|switch|p1a: Politoed|Politoed, L50, F|100/100
|switch|p1b: Basculegion|Basculegion, L50, M|100/100
|switch|p2a: Incineroar|Incineroar, L50, M, shiny|100/100
|switch|p2b: Rotom|Rotom-Wash, L50, shiny|100/100
|-weather|RainDance|[from] ability: Drizzle|[of] p1a: Politoed
|-ability|p2a: Incineroar|Intimidate|boost
|-unboost|p1a: Politoed|atk|1
|-unboost|p1b: Basculegion|atk|1
|turn|1
|
|t:|1784690482
|switch|p1b: Farigiraf|Farigiraf, L50, F|100/100
|move|p2a: Incineroar|Fake Out||[still]
|cant|p1b: Farigiraf|ability: Armor Tail|Fake Out|[of] p2a: Incineroar
|move|p2b: Rotom|Volt Switch|p1b: Farigiraf
|-damage|p1b: Farigiraf|77/100
|inactive|Battle timer is ON: inactive players will automatically lose when time's up. (requested by sturmkitten69)
|
|t:|1784690497
|switch|p2b: Sinistcha|Sinistcha, L50|100/100|[from] Volt Switch
|move|p1a: Politoed|Icy Wind|p2a: Incineroar|[spread] p2a,p2b
|-resisted|p2a: Incineroar|1
|-supereffective|p2b: Sinistcha|1
|-damage|p2a: Incineroar|96/100
|-damage|p2b: Sinistcha|79/100
|-unboost|p2a: Incineroar|spe|1
|-unboost|p2b: Sinistcha|spe|1
|
|-weather|RainDance|[upkeep]
|upkeep
|turn|2
|inactive|tostine has 30 seconds left.
|
|t:|1784690523
|move|p1b: Farigiraf|Helping Hand|p1a: Politoed
|-singleturn|p1a: Politoed|Helping Hand|[of] p1b: Farigiraf
|move|p1a: Politoed|Muddy Water|p2a: Incineroar|[spread] p2a,p2b
|-supereffective|p2a: Incineroar|1
|-enditem|p2a: Incineroar|Passho Berry|[eat]
|-enditem|p2a: Incineroar|Passho Berry|[weaken]
|-resisted|p2b: Sinistcha|1
|-damage|p2a: Incineroar|54/100
|-damage|p2b: Sinistcha|53/100
|-unboost|p2a: Incineroar|accuracy|1
|move|p2b: Sinistcha|Matcha Gotcha|p1a: Politoed|[spread] p1a,p1b
|-supereffective|p1a: Politoed|1
|-damage|p1a: Politoed|59/100
|-heal|p2b: Sinistcha|75/100|[from] drain|[of] p1a: Politoed
|-damage|p1b: Farigiraf|59/100
|-heal|p2b: Sinistcha|87/100|[from] drain|[of] p1b: Farigiraf
|-status|p1a: Politoed|brn
|move|p2a: Incineroar|Parting Shot|p1a: Politoed
|-unboost|p1a: Politoed|atk|1
|-unboost|p1a: Politoed|spa|1
|
|t:|1784690541
|switch|p2a: Rotom|Rotom-Wash, L50, shiny|100/100|[from] Parting Shot
|
|-weather|RainDance|[upkeep]
|-damage|p1a: Politoed|53/100 brn|[from] brn
|upkeep
|turn|3
|
|t:|1784690553
|switch|p1a: Drampa|Drampa, L50, M|100/100
|move|p2a: Rotom|Volt Switch|p1a: Drampa
|-resisted|p1a: Drampa|1
|-damage|p1a: Drampa|83/100
|
|t:|1784690562
|switch|p2a: Delphox|Delphox, L50, M|100/100|[from] Volt Switch
|move|p2b: Sinistcha|Matcha Gotcha|p1a: Drampa|[spread] p1a,p1b
|-resisted|p1a: Drampa|1
|-crit|p1b: Farigiraf
|-damage|p1a: Drampa|71/100
|-heal|p2b: Sinistcha|93/100|[from] drain|[of] p1a: Drampa
|-damage|p1b: Farigiraf|35/100
|-heal|p2b: Sinistcha|100/100|[from] drain|[of] p1b: Farigiraf
|-status|p1a: Drampa|brn
|-enditem|p1b: Farigiraf|Sitrus Berry|[eat]
|-heal|p1b: Farigiraf|60/100|[from] item: Sitrus Berry
|move|p1b: Farigiraf|Trick Room|p1b: Farigiraf
|-fieldstart|move: Trick Room|[of] p1b: Farigiraf
|
|-weather|RainDance|[upkeep]
|-damage|p1a: Drampa|65/100 brn|[from] brn
|upkeep
|turn|4
|inactive|tostine has 30 seconds left.
|inactive|tostine has 20 seconds left.
|inactive|tostine has 15 seconds left.
|
|t:|1784690607
|detailschange|p1a: Drampa|Drampa-Mega, L50, M
|-mega|p1a: Drampa|Drampa|Drampanite
|detailschange|p2a: Delphox|Delphox-Mega, L50, M
|-mega|p2a: Delphox|Delphox|Delphoxite
|move|p1b: Farigiraf|Helping Hand|p1a: Drampa
|-singleturn|p1a: Drampa|Helping Hand|[of] p1b: Farigiraf
|move|p2b: Sinistcha|Rage Powder|p2b: Sinistcha
|-singleturn|p2b: Sinistcha|move: Rage Powder
|move|p1a: Drampa|Draco Meteor|p2b: Sinistcha
|-damage|p2b: Sinistcha|0 fnt
|-unboost|p1a: Drampa|spa|2
|faint|p2b: Sinistcha
|move|p2a: Delphox|Calm Mind|p2a: Delphox
|-boost|p2a: Delphox|spa|1
|-boost|p2a: Delphox|spd|1
|
|-weather|RainDance|[upkeep]
|-damage|p1a: Drampa|59/100 brn|[from] brn
|upkeep
|
|t:|1784690629
|switch|p2b: Incineroar|Incineroar, L50, M, shiny|54/100
|-ability|p2b: Incineroar|Intimidate|boost
|-unboost|p1a: Drampa|atk|1
|-unboost|p1b: Farigiraf|atk|1
|turn|5
|
|t:|1784690643
|move|p1b: Farigiraf|Helping Hand|p1a: Drampa
|-singleturn|p1a: Drampa|Helping Hand|[of] p1b: Farigiraf
|move|p1a: Drampa|Hyper Voice|p2b: Incineroar|[spread] p2a,p2b
|-damage|p2a: Delphox|79/100
|-damage|p2b: Incineroar|25/100
|move|p2b: Incineroar|Throat Chop|p1b: Farigiraf
|-supereffective|p1b: Farigiraf|1
|-damage|p1b: Farigiraf|0 fnt
|faint|p1b: Farigiraf
|move|p2a: Delphox|Psychic|p1a: Drampa
|-damage|p1a: Drampa|2/100 brn
|-ability|p1a: Drampa|Berserk|boost
|-boost|p1a: Drampa|spa|1
|
|-weather|RainDance|[upkeep]
|-damage|p1a: Drampa|0 fnt|[from] brn
|faint|p1a: Drampa
|upkeep
|
|t:|1784690660
|switch|p1a: Politoed|Politoed, L50, F|53/100 brn
|switch|p1b: Basculegion|Basculegion, L50, M|100/100
|turn|6
|inactive|sturmkitten69 has 30 seconds left.
|
|t:|1784690688
|switch|p2b: Rotom|Rotom-Wash, L50, shiny|100/100
|move|p2a: Delphox|Protect|p2a: Delphox
|-singleturn|p2a: Delphox|Protect
|move|p1a: Politoed|Muddy Water|p2a: Delphox|[spread] p2b
|-activate|p2a: Delphox|move: Protect
|-resisted|p2b: Rotom|1
|-damage|p2b: Rotom|78/100
|move|p1b: Basculegion|Wave Crash|p2a: Delphox
|-activate|p2a: Delphox|move: Protect
|
|-weather|RainDance|[upkeep]
|-damage|p1a: Politoed|47/100 brn|[from] brn
|upkeep
|turn|7
|inactive|sturmkitten69 has 30 seconds left.
|
|t:|1784690715
|move|p1a: Politoed|Muddy Water|p2b: Rotom|[spread] p2a,p2b
|-supereffective|p2a: Delphox|1
|-resisted|p2b: Rotom|1
|-damage|p2a: Delphox|39/100
|-damage|p2b: Rotom|57/100
|move|p2a: Delphox|Psychic|p1a: Politoed
|-damage|p1a: Politoed|0 fnt
|faint|p1a: Politoed
|move|p1b: Basculegion|Wave Crash|p2a: Delphox
|-supereffective|p2a: Delphox|1
|-damage|p2a: Delphox|0 fnt
|faint|p2a: Delphox
|-damage|p1b: Basculegion|88/100|[from] Recoil
|move|p2b: Rotom|Volt Switch|p1b: Basculegion
|-supereffective|p1b: Basculegion|1
|-damage|p1b: Basculegion|17/100
|
|t:|1784690728
|switch|p2b: Incineroar|Incineroar, L50, M, shiny|25/100|[from] Volt Switch
|-ability|p2b: Incineroar|Intimidate|boost
|-unboost|p1b: Basculegion|atk|1
|
|-weather|RainDance|[upkeep]
|-fieldend|move: Trick Room
|upkeep
|-message|tostine forfeited.
|
|win|sturmkitten69
|raw|tostine's rating: 1085 → 1067(-18 for losing)
|raw|sturmkitten69's rating: 1158 → 1178(+20 for winning)
|l|☆tostine
|player|p1|
