|j|☆lanagram
|j|☆TobiYume
|html|lanagramTobiYume    
|uhtml|bestof|Game 2 of a best-of-3
|t:|1784572456
|gametype|doubles
|player|p1|lanagram|102|1175
|player|p2|TobiYume|cheren-gen5bw2|1300
|gen|9
|tier|[Gen 9 Champions] VGC 2026 Reg M-B (Bo3)
|rated|
|rule|Species Clause: Limit one of each Pokémon
|rule|Item Clause: Limit 1 of each item
|clearpoke
|poke|p1|Metagross, L50|
|poke|p1|Sinistcha, L50|
|poke|p1|Archaludon, L50, F|
|poke|p1|Sneasler, L50, F|
|poke|p1|Pelipper, L50, M|
|poke|p1|Clefable, L50, M|
|poke|p2|Tyranitar, L50, M|
|poke|p2|Excadrill, L50, F|
|poke|p2|Gholdengo, L50|
|poke|p2|Sinistcha, L50|
|poke|p2|Staraptor, L50, F|
|poke|p2|Sylveon, L50, M|
|teampreview|4
|showteam|p1|Metagross||Metagrossite|ClearBody|PsychicFangs,StompingTantrum,IronHead,Protect|Jolly|||||50|]Sinistcha||KasibBerry|Hospitality|MatchaGotcha,ShadowBall,RagePowder,TrickRoom|Calm|||||50|]Archaludon||Leftovers|Stamina|ElectroShot,Snarl,FlashCannon,Protect|Modest||F|||50|]Sneasler||FocusSash|Unburden|CloseCombat,PoisonJab,FakeOut,Coaching|Jolly||F|||50|]Pelipper||DampRock|Drizzle|Hurricane,Tailwind,WeatherBall,Protect|Modest||M|||50|]Clefable||Clefablite|CuteCharm|Moonblast,FollowMe,CosmicPower,LifeDew|Bold||M|||50|
|showteam|p2|Tyranitar||Tyranitarite|SandStream|RockSlide,KnockOff,LowKick,Protect|Jolly||M|||50|]Excadrill||FocusSash|SandRush|IronHead,HighHorsepower,RockSlide,Protect|Adamant||F|||50|]Gholdengo||LifeOrb|GoodasGold|ShadowBall,MakeItRain,NastyPlot,Protect|Modest|||||50|]Sinistcha||ColburBerry|Hospitality|MatchaGotcha,RagePowder,TrickRoom,Protect|Bold|||||50|]Staraptor||Staraptite|Intimidate|BraveBird,CloseCombat,Tailwind,Protect|Jolly||F|||50|]Sylveon||FairyFeather|Pixilate|HyperVoice,HyperBeam,QuickAttack,Protect|Modest||M|||50|
|inactive|Battle timer is ON: inactive players will automatically lose when time's up. (requested by TobiYume)
|inactive|lanagram has 60 seconds left.
|inactive|lanagram has 30 seconds left.
|
|t:|1784572531
|teamsize|p1|4
|teamsize|p2|4
|start
|switch|p1a: Sneasler|Sneasler, L50, F|100/100
|switch|p1b: Metagross|Metagross, L50|100/100
|switch|p2a: Excadrill|Excadrill, L50, F|100/100
|switch|p2b: Tyranitar|Tyranitar, L50, M|100/100
|-weather|Sandstorm|[from] ability: Sand Stream|[of] p2b: Tyranitar
|turn|1
|inactive|lanagram has 30 seconds left.
|
|t:|1784572560
|move|p1b: Metagross|Protect|p1b: Metagross
|-singleturn|p1b: Metagross|Protect
|move|p2a: Excadrill|High Horsepower|p1b: Metagross
|-activate|p1b: Metagross|move: Protect
|move|p1a: Sneasler|Coaching|p1b: Metagross
|-boost|p1b: Metagross|atk|1
|-boost|p1b: Metagross|def|1
|move|p2b: Tyranitar|Knock Off|p1b: Metagross
|-activate|p1b: Metagross|move: Protect
|
|-weather|Sandstorm|[upkeep]
|-damage|p1a: Sneasler|94/100|[from] Sandstorm
|upkeep
|turn|2
|
|t:|1784572577
|switch|p1a: Pelipper|Pelipper, L50, M|100/100
|-weather|RainDance|[from] ability: Drizzle|[of] p1a: Pelipper
|move|p2b: Tyranitar|Protect|p2b: Tyranitar
|-singleturn|p2b: Tyranitar|Protect
|move|p2a: Excadrill|High Horsepower|p1a: Pelipper
|-immune|p1a: Pelipper
|move|p1b: Metagross|Stomping Tantrum|p2a: Excadrill
|-supereffective|p2a: Excadrill|1
|-enditem|p2a: Excadrill|Focus Sash
|-damage|p2a: Excadrill|1/100
|
|-weather|RainDance|[upkeep]
|upkeep
|turn|3
|inactive|lanagram has 30 seconds left.
|
|t:|1784572612
|switch|p1a: Sneasler|Sneasler, L50, F|94/100
|detailschange|p2b: Tyranitar|Tyranitar-Mega, L50, M
|-mega|p2b: Tyranitar|Tyranitar|Tyranitarite
|-weather|Sandstorm|[from] ability: Sand Stream|[of] p2b: Tyranitar
|move|p1b: Metagross|Protect|p1b: Metagross
|-singleturn|p1b: Metagross|Protect
|move|p2a: Excadrill|Rock Slide|p1a: Sneasler|[spread] p1a
|-activate|p1b: Metagross|move: Protect
|-resisted|p1a: Sneasler|1
|-damage|p1a: Sneasler|77/100
|move|p2b: Tyranitar|Knock Off|p1a: Sneasler
|-resisted|p1a: Sneasler|1
|-damage|p1a: Sneasler|29/100
|-enditem|p1a: Sneasler|Focus Sash|[from] move: Knock Off|[of] p2b: Tyranitar
|
|-weather|Sandstorm|[upkeep]
|-damage|p1a: Sneasler|23/100|[from] Sandstorm
|upkeep
|turn|4
|inactive|lanagram has 30 seconds left.
|
|t:|1784572638
|switch|p1a: Pelipper|Pelipper, L50, M|100/100
|-weather|RainDance|[from] ability: Drizzle|[of] p1a: Pelipper
|detailschange|p1b: Metagross|Metagross-Mega, L50
|-mega|p1b: Metagross|Metagross|Metagrossite
|move|p1b: Metagross|Psychic Fangs|p2a: Excadrill
|-resisted|p2a: Excadrill|1
|-damage|p2a: Excadrill|0 fnt
|faint|p2a: Excadrill
|move|p2b: Tyranitar|Knock Off|p1b: Metagross
|-supereffective|p1b: Metagross|1
|-damage|p1b: Metagross|60/100
|
|-weather|RainDance|[upkeep]
|upkeep
|
|t:|1784572646
|switch|p2a: Staraptor|Staraptor, L50, F|100/100
|-ability|p2a: Staraptor|Intimidate|boost
|-unboost|p1a: Pelipper|atk|1
|-unboost|p1b: Metagross|atk|1
|turn|5
|
|t:|1784572665
|switch|p1a: Sinistcha|Sinistcha, L50|100/100
|-heal|p1b: Metagross|85/100|[from] ability: Hospitality|[of] p1a: Sinistcha
|move|p1b: Metagross|Iron Head|p2a: Staraptor
|-damage|p2a: Staraptor|32/100
|move|p2a: Staraptor|Tailwind|p2a: Staraptor
|-sidestart|p2: TobiYume|move: Tailwind
|move|p2b: Tyranitar|Rock Slide|p1b: Metagross|[spread] p1a,p1b
|-resisted|p1b: Metagross|1
|-damage|p1a: Sinistcha|71/100
|-damage|p1b: Metagross|78/100
|
|-weather|RainDance|[upkeep]
|upkeep
|turn|6
|
|t:|1784572675
|switch|p2a: Gholdengo|Gholdengo, L50|100/100
|move|p1a: Sinistcha|Rage Powder|p1a: Sinistcha
|-singleturn|p1a: Sinistcha|move: Rage Powder
|move|p2b: Tyranitar|Knock Off|p1a: Sinistcha
|-supereffective|p1a: Sinistcha|1
|-damage|p1a: Sinistcha|0 fnt
|-enditem|p1a: Sinistcha|Kasib Berry|[from] move: Knock Off|[of] p2b: Tyranitar
|faint|p1a: Sinistcha
|move|p1b: Metagross|Iron Head|p2b: Tyranitar
|-supereffective|p2b: Tyranitar|1
|-damage|p2b: Tyranitar|31/100
|
|-weather|RainDance|[upkeep]
|upkeep
|
|t:|1784572683
|switch|p1a: Pelipper|Pelipper, L50, M|100/100
|turn|7
|
|t:|1784572691
|move|p1b: Metagross|Protect|p1b: Metagross
|-singleturn|p1b: Metagross|Protect
|move|p2b: Tyranitar|Rock Slide|p1a: Pelipper|[spread] p1a
|-activate|p1b: Metagross|move: Protect
|-supereffective|p1a: Pelipper|1
|-damage|p1a: Pelipper|29/100
|move|p2a: Gholdengo|Shadow Ball|p1a: Pelipper
|-damage|p1a: Pelipper|0 fnt
|faint|p1a: Pelipper
|-damage|p2a: Gholdengo|90/100|[from] item: Life Orb
|
|-weather|RainDance|[upkeep]
|upkeep
|
|t:|1784572705
|switch|p1a: Sneasler|Sneasler, L50, F|23/100
|turn|8
|
|t:|1784572710
|switch|p2b: Staraptor|Staraptor, L50, F|32/100
|-ability|p2b: Staraptor|Intimidate|boost
|-unboost|p1a: Sneasler|atk|1
|-unboost|p1b: Metagross|atk|1
|move|p2a: Gholdengo|Shadow Ball|p1b: Metagross
|-supereffective|p1b: Metagross|1
|-damage|p1b: Metagross|0 fnt
|faint|p1b: Metagross
|-damage|p2a: Gholdengo|80/100|[from] item: Life Orb
|move|p1a: Sneasler|Coaching|p1: Metagross|[notarget]
|-fail|p1a: Sneasler
|
|-weather|RainDance|[upkeep]
|-sideend|p2: TobiYume|move: Tailwind
|upkeep
|turn|9
|-message|lanagram forfeited.
|
|win|TobiYume
|raw|lanagram's rating: 1175 → 1159(-16 for losing)
|raw|TobiYume's rating: 1300 → 1316(+16 for winning)
|l|☆lanagram
|player|p1|
