|j|☆HeroLinik
|j|☆Xeroxyx
|html|HeroLinikXeroxyx    
|uhtml|bestof|Game 2 of a best-of-3
|t:|1783365220
|gametype|doubles
|player|p1|HeroLinik|gambler|
|player|p2|Xeroxyx|hilbert|
|gen|9
|tier|[Gen 9 Champions] VGC 2026 Reg M-B (Bo3)
|rule|Species Clause: Limit one of each Pokémon
|rule|Item Clause: Limit 1 of each item
|clearpoke
|poke|p1|Pyroar, L50, M|
|poke|p1|Farigiraf, L50, M|
|poke|p1|Venusaur, L50, F|
|poke|p1|Primarina, L50, F|
|poke|p1|Torkoal, L50, M|
|poke|p1|Gholdengo, L50|
|poke|p2|Gholdengo, L50|
|poke|p2|Incineroar, L50, M|
|poke|p2|Basculegion, L50, M|
|poke|p2|Garchomp, L50, F|
|poke|p2|Charizard, L50, F|
|poke|p2|Whimsicott, L50, F|
|teampreview|4
|showteam|p1|Pyroar||Pyroarite|Unnerve|Overheat,HeatWave,SolarBeam,Protect|Timid||M|||50|]Farigiraf||ColburBerry|ArmorTail|Protect,SunnyDay,TrickRoom,Psychic|Bold||M|||50|]Venusaur||FocusSash|Chlorophyll|SleepPowder,SludgeBomb,EarthPower,Protect|Timid||F|||50|]Primarina||LifeOrb|LiquidVoice|HyperVoice,Moonblast,DazzlingGleam,Protect|Quiet||F|||50|]Torkoal||Charcoal|Drought|Eruption,WeatherBall,HelpingHand,Yawn|Quiet||M|||50|]Gholdengo||ChoiceScarf|GoodasGold|MakeItRain,ShadowBall,FocusBlast,Thunderbolt|Timid|||||50|
|showteam|p2|Gholdengo||SpellTag|GoodasGold|MakeItRain,ShadowBall,NastyPlot,Protect|Modest|||||50|]Incineroar||SitrusBerry|Intimidate|PartingShot,FlareBlitz,ThroatChop,FakeOut|Impish||M|||50|]Basculegion||ChoiceScarf|Adaptability|WaveCrash,LastRespects,AquaJet,FlipTurn|Jolly||M|||50|]Garchomp||LifeOrb|RoughSkin|Earthquake,DragonClaw,RockSlide,Protect|Jolly||F|||50|]Charizard||CharizarditeY|Blaze|HeatWave,SolarBeam,WeatherBall,Protect|Modest||F|||50|]Whimsicott||FocusSash|Prankster|Tailwind,Encore,Moonblast,Protect|Timid||F|||50|
|inactive|Battle timer is ON: inactive players will automatically lose when time's up. (requested by HeroLinik)
|
|t:|1783365244
|teamsize|p1|4
|teamsize|p2|4
|start
|switch|p1a: Farigiraf|Farigiraf, L50, M|100/100
|switch|p1b: Primarina|Primarina, L50, F|100/100
|switch|p2a: Basculegion|Basculegion, L50, M|100/100
|switch|p2b: Whimsicott|Whimsicott, L50, F|100/100
|turn|1
|inactive|Xeroxyx has 30 seconds left.
|
|t:|1783365273
|move|p2b: Whimsicott|Protect|p2b: Whimsicott
|-singleturn|p2b: Whimsicott|Protect
|move|p2a: Basculegion|Flip Turn|p1a: Farigiraf
|-damage|p1a: Farigiraf|74/100
|
|t:|1783365282
|switch|p2a: Charizard|Charizard, L50, F|100/100|[from] Flip Turn
|move|p1b: Primarina|Dazzling Gleam|p2b: Whimsicott|[spread] p2a
|-activate|p2b: Whimsicott|move: Protect
|-resisted|p2a: Charizard|1
|-damage|p2a: Charizard|73/100
|-damage|p1b: Primarina|90/100|[from] item: Life Orb
|move|p1a: Farigiraf|Trick Room|p1a: Farigiraf
|-fieldstart|move: Trick Room|[of] p1a: Farigiraf
|
|upkeep
|turn|2
|
|t:|1783365295
|detailschange|p2a: Charizard|Charizard-Mega-Y, L50, F
|-mega|p2a: Charizard|Charizard|Charizardite Y
|-weather|SunnyDay|[from] ability: Drought|[of] p2a: Charizard
|move|p2b: Whimsicott|Encore||[still]
|cant|p1a: Farigiraf|ability: Armor Tail|Encore|[of] p2b: Whimsicott
|move|p1b: Primarina|Hyper Voice|p2a: Charizard|[spread] p2a,p2b
|-supereffective|p2a: Charizard|1
|-resisted|p2b: Whimsicott|1
|-damage|p2a: Charizard|31/100
|-damage|p2b: Whimsicott|81/100
|-damage|p1b: Primarina|80/100|[from] item: Life Orb
|move|p1a: Farigiraf|Psychic|p2b: Whimsicott
|-damage|p2b: Whimsicott|27/100
|move|p2a: Charizard|Solar Beam||[still]
|-prepare|p2a: Charizard|Solar Beam
|-anim|p2a: Charizard|Solar Beam|p1b: Primarina
|-supereffective|p1b: Primarina|1
|-damage|p1b: Primarina|0 fnt
|faint|p1b: Primarina
|
|-weather|SunnyDay|[upkeep]
|upkeep
|
|t:|1783365310
|switch|p1b: Torkoal|Torkoal, L50, M|100/100
|turn|3
|
|t:|1783365322
|move|p2b: Whimsicott|Protect|p2b: Whimsicott
|-singleturn|p2b: Whimsicott|Protect
|move|p2a: Charizard|Protect|p2a: Charizard
|-singleturn|p2a: Charizard|Protect
|move|p1b: Torkoal|Eruption|p2b: Whimsicott|[spread] 
|-activate|p2a: Charizard|move: Protect
|-activate|p2b: Whimsicott|move: Protect
|move|p1a: Farigiraf|Psychic|p2a: Charizard
|-activate|p2a: Charizard|move: Protect
|
|-weather|SunnyDay|[upkeep]
|upkeep
|turn|4
|inactive|Xeroxyx has 30 seconds left.
|
|t:|1783365356
|switch|p2b: Basculegion|Basculegion, L50, M|100/100
|move|p1b: Torkoal|Eruption|p2b: Basculegion|[spread] p2a,p2b
|-resisted|p2a: Charizard|1
|-resisted|p2b: Basculegion|1
|-damage|p2a: Charizard|0 fnt
|-damage|p2b: Basculegion|52/100
|faint|p2a: Charizard
|move|p1a: Farigiraf|Psychic|p2b: Basculegion
|-damage|p2b: Basculegion|12/100
|
|-weather|SunnyDay|[upkeep]
|upkeep
|
|t:|1783365365
|switch|p2a: Garchomp|Garchomp, L50, F|100/100
|turn|5
|
|t:|1783365377
|switch|p2b: Whimsicott|Whimsicott, L50, F|27/100
|move|p2a: Garchomp|Protect|p2a: Garchomp
|-singleturn|p2a: Garchomp|Protect
|move|p1b: Torkoal|Eruption|p2a: Garchomp|[spread] p2b
|-activate|p2a: Garchomp|move: Protect
|-supereffective|p2b: Whimsicott|1
|-damage|p2b: Whimsicott|0 fnt
|faint|p2b: Whimsicott
|move|p1a: Farigiraf|Psychic|p2a: Garchomp
|-activate|p2a: Garchomp|move: Protect
|
|-weather|SunnyDay|[upkeep]
|-fieldend|move: Trick Room
|upkeep
|
|t:|1783365381
|switch|p2b: Basculegion|Basculegion, L50, M|12/100
|turn|6
|
|t:|1783365400
|move|p2b: Basculegion|Wave Crash|p1a: Farigiraf
|-damage|p1a: Farigiraf|45/100
|-damage|p2b: Basculegion|1/100|[from] Recoil
|move|p2a: Garchomp|Rock Slide|p1a: Farigiraf|[spread] p1a,p1b
|-supereffective|p1b: Torkoal|1
|-damage|p1a: Farigiraf|25/100
|-damage|p1b: Torkoal|63/100
|-damage|p2a: Garchomp|90/100|[from] item: Life Orb
|move|p1a: Farigiraf|Psychic|p2b: Basculegion
|-damage|p2b: Basculegion|0 fnt
|faint|p2b: Basculegion
|move|p1b: Torkoal|Yawn|p2a: Garchomp
|-start|p2a: Garchomp|move: Yawn|[of] p1b: Torkoal
|
|-weather|none
|upkeep
|turn|7
|
|t:|1783365422
|move|p2a: Garchomp|Earthquake|p1a: Farigiraf|[spread] p1a,p1b
|-supereffective|p1b: Torkoal|1
|-damage|p1a: Farigiraf|0 fnt
|-damage|p1b: Torkoal|0 fnt
|faint|p1a: Farigiraf
|faint|p1b: Torkoal
|-damage|p2a: Garchomp|80/100|[from] item: Life Orb
|
|-end|p2a: Garchomp|move: Yawn|[silent]
|-status|p2a: Garchomp|slp
|upkeep
|
|t:|1783365425
|switch|p1b: Pyroar|Pyroar, L50, M|100/100
|-ability|p1b: Pyroar|Unnerve
|turn|8
|
|t:|1783365431
|detailschange|p1b: Pyroar|Pyroar-Mega, L50, M
|-mega|p1b: Pyroar|Pyroar|Pyroarite
|cant|p2a: Garchomp|slp
|move|p1b: Pyroar|Heat Wave|p2a: Garchomp
|-resisted|p2a: Garchomp|1
|-damage|p2a: Garchomp|43/100 slp
|
|upkeep
|turn|9
|
|t:|1783365440
|-curestatus|p2a: Garchomp|slp|[msg]
|move|p2a: Garchomp|Protect|p2a: Garchomp
|-singleturn|p2a: Garchomp|Protect
|move|p1b: Pyroar|Overheat|p2a: Garchomp
|-activate|p2a: Garchomp|move: Protect
|
|upkeep
|turn|10
|
|t:|1783365446
|move|p1b: Pyroar|Overheat|p2a: Garchomp
|-resisted|p2a: Garchomp|1
|-damage|p2a: Garchomp|0 fnt
|-unboost|p1b: Pyroar|spa|2
|faint|p2a: Garchomp
|
|win|HeroLinik
|c|☆Xeroxyx|ggwp
|c|☆HeroLinik|gg
