|j|☆vilan333
|j|☆altdotcom
|html|vilan333altdotcom    
|uhtml|bestof|Game 3 of a best-of-3
|t:|1782368405
|gametype|doubles
|player|p1|vilan333|marshal|1137
|player|p2|altdotcom|waitress|1267
|gen|9
|tier|[Gen 9 Champions] VGC 2026 Reg M-B (Bo3)
|rated|
|rule|Species Clause: Limit one of each Pokémon
|rule|Item Clause: Limit 1 of each item
|clearpoke
|poke|p1|Torkoal, L50, M|
|poke|p1|Vileplume, L50, M|
|poke|p1|Farigiraf, L50, M|
|poke|p1|Gallade, L50, M|
|poke|p1|Mawile, L50, F|
|poke|p1|Kangaskhan, L50, F|
|poke|p2|Pyroar, L50, F, shiny|
|poke|p2|Whimsicott, L50, M|
|poke|p2|Zoroark-Hisui, L50, M, shiny|
|poke|p2|Sylveon, L50, M|
|poke|p2|Kingambit, L50, M|
|poke|p2|Raichu, L50, M|
|teampreview|4
|showteam|p1|Torkoal||Charcoal|Drought|Eruption,WeatherBall,EarthPower,Protect|Quiet||M|||50|]Vileplume||FocusSash|Chlorophyll|EnergyBall,SludgeBomb,SleepPowder,AfterYou|Timid||M|||50|]Farigiraf||SitrusBerry|ArmorTail|TrickRoom,Protect,Psychic,HelpingHand|Bold||M|||50|]Gallade||IronBall|Sharpness|SacredSword,PsychoCut,WideGuard,TrickRoom|Brave||M|||50|]Mawile||Mawilite|Intimidate|SuckerPunch,PlayRough,SwordsDance,Protect|Brave||F|||50|]Kangaskhan||Kangaskhanite|Scrappy|FakeOut,LowKick,DoubleEdge,IcePunch|Brave||F|||50|
|showteam|p2|Pyroar||Pyroarite|Moxie|HeatWave,Overheat,SolarBeam,Protect|Modest||F|||50|]Whimsicott||FocusSash|Prankster|Tailwind,Moonblast,Encore,SunnyDay|Timid||M|||50|]Zoroark-Hisui||LifeOrb|Illusion|HyperVoice,ShadowBall,IcyWind,GrassKnot|Timid||M|||50|]Sylveon||FairyFeather|Pixilate|HyperVoice,HyperBeam,QuickAttack,Detect|Modest||M|||50|]Kingambit||BlackGlasses|Defiant|KowtowCleave,SuckerPunch,SwordsDance,Protect|Adamant||M|||50|]Raichu||RaichuniteY|LightningRod|FakeOut,ZapCannon,FocusBlast,Encore|Timid||M|||50|
|inactive|Battle timer is ON: inactive players will automatically lose when time's up. (requested by altdotcom)
|inactive|vilan333 has 60 seconds left.
|
|t:|1782368447
|teamsize|p1|4
|teamsize|p2|4
|start
|switch|p1a: Kangaskhan|Kangaskhan, L50, F|100/100
|switch|p1b: Gallade|Gallade, L50, M|100/100
|switch|p2a: Sylveon|Sylveon, L50, M|100/100
|switch|p2b: Kingambit|Kingambit, L50, M|100/100
|turn|1
|inactive|altdotcom has 30 seconds left.
|
|t:|1782368473
|detailschange|p1a: Kangaskhan|Kangaskhan-Mega, L50, F
|-mega|p1a: Kangaskhan|Kangaskhan|Kangaskhanite
|move|p2a: Sylveon|Detect|p2a: Sylveon
|-singleturn|p2a: Sylveon|Protect
|move|p1a: Kangaskhan|Fake Out|p2a: Sylveon
|-activate|p2a: Sylveon|move: Protect
|move|p2b: Kingambit|Swords Dance|p2b: Kingambit
|-boost|p2b: Kingambit|atk|2
|move|p1b: Gallade|Sacred Sword|p2b: Kingambit
|-supereffective|p2b: Kingambit|2
|-damage|p2b: Kingambit|0 fnt
|faint|p2b: Kingambit
|
|upkeep
|
|t:|1782368485
|switch|p2b: Pyroar|Pyroar, L50, F, shiny|100/100
|turn|2
|inactive|vilan333 has 30 seconds left.
|
|t:|1782368520
|detailschange|p2b: Pyroar|Pyroar-Mega, L50, F, shiny
|-mega|p2b: Pyroar|Pyroar|Pyroarite
|move|p2a: Sylveon|Quick Attack|p1a: Kangaskhan
|-damage|p1a: Kangaskhan|88/100
|move|p2b: Pyroar|Overheat|p1a: Kangaskhan
|-damage|p1a: Kangaskhan|0 fnt
|-unboost|p2b: Pyroar|spa|2
|faint|p1a: Kangaskhan
|move|p1b: Gallade|Trick Room|p1b: Gallade
|-fieldstart|move: Trick Room|[of] p1b: Gallade
|
|upkeep
|
|t:|1782368532
|switch|p1a: Torkoal|Torkoal, L50, M|100/100
|-weather|SunnyDay|[from] ability: Drought|[of] p1a: Torkoal
|turn|3
|
|t:|1782368544
|move|p2a: Sylveon|Detect|p2a: Sylveon
|-singleturn|p2a: Sylveon|Protect
|move|p1a: Torkoal|Eruption|p2a: Sylveon|[spread] p2b
|-activate|p2a: Sylveon|move: Protect
|-resisted|p2b: Pyroar|1
|-damage|p2b: Pyroar|45/100
|move|p1b: Gallade|Psycho Cut|p2a: Sylveon
|-activate|p2a: Sylveon|move: Protect
|move|p2b: Pyroar|Overheat|p1a: Torkoal
|-resisted|p1a: Torkoal|1
|-damage|p1a: Torkoal|45/100
|-unboost|p2b: Pyroar|spa|2
|
|-weather|SunnyDay|[upkeep]
|upkeep
|turn|4
|inactive|altdotcom has 30 seconds left.
|
|t:|1782368574
|switch|p2a: Whimsicott|Whimsicott, L50, M|100/100
|move|p1a: Torkoal|Weather Ball|p2a: Whimsicott
|-supereffective|p2a: Whimsicott|1
|-enditem|p2a: Whimsicott|Focus Sash
|-damage|p2a: Whimsicott|1/100
|move|p1b: Gallade|Psycho Cut|p2a: Whimsicott
|-damage|p2a: Whimsicott|0 fnt
|faint|p2a: Whimsicott
|move|p2b: Pyroar|Overheat|p1b: Gallade|[miss]
|-miss|p2b: Pyroar|p1b: Gallade
|
|-weather|SunnyDay|[upkeep]
|upkeep
|
|t:|1782368584
|switch|p2a: Sylveon|Sylveon, L50, M|100/100
|turn|5
|
|t:|1782368595
|move|p2b: Pyroar|Protect|p2b: Pyroar
|-singleturn|p2b: Pyroar|Protect
|move|p1a: Torkoal|Weather Ball|p2a: Sylveon
|-damage|p2a: Sylveon|46/100
|move|p1b: Gallade|Sacred Sword|p2b: Pyroar
|-activate|p2b: Pyroar|move: Protect
|move|p2a: Sylveon|Hyper Voice|p1a: Torkoal|[spread] p1a,p1b
|-resisted|p1a: Torkoal|1
|-supereffective|p1b: Gallade|1
|-damage|p1a: Torkoal|12/100
|-damage|p1b: Gallade|4/100
|
|-weather|SunnyDay|[upkeep]
|upkeep
|turn|6
|inactive|altdotcom has 30 seconds left.
|inactive|altdotcom has 20 seconds left.
|inactive|altdotcom has 15 seconds left.
|inactive|altdotcom has 10 seconds left.
|
|t:|1782368642
|move|p2a: Sylveon|Detect|p2a: Sylveon
|-singleturn|p2a: Sylveon|Protect
|move|p1a: Torkoal|Weather Ball|p2a: Sylveon
|-activate|p2a: Sylveon|move: Protect
|move|p1b: Gallade|Sacred Sword|p2b: Pyroar
|-supereffective|p2b: Pyroar|1
|-damage|p2b: Pyroar|0 fnt
|faint|p2b: Pyroar
|
|-weather|SunnyDay|[upkeep]
|-fieldend|move: Trick Room
|upkeep
|turn|7
|inactive|altdotcom has 30 seconds left.
|
|t:|1782368672
|move|p1b: Gallade|Wide Guard|p1b: Gallade
|-singleturn|p1b: Gallade|Wide Guard
|move|p2a: Sylveon|Quick Attack|p1b: Gallade
|-supereffective|p1b: Gallade|1
|-damage|p1b: Gallade|0 fnt
|faint|p1b: Gallade
|move|p1a: Torkoal|Weather Ball|p2a: Sylveon
|-damage|p2a: Sylveon|0 fnt
|faint|p2a: Sylveon
|
|win|vilan333
|raw|vilan333's rating: 1137 → 1171(+34 for winning)
|raw|altdotcom's rating: 1267 → 1233(-34 for losing)
|l|☆altdotcom
|player|p2|
