|j|☆Bellsproutfanwill
|j|☆TeyVgc
|html|BellsproutfanwillTeyVgc    
|uhtml|bestof|Game 1 of a best-of-3
|t:|1757099818
|gametype|doubles
|player|p1|Bellsproutfanwill|170|1277
|player|p2|TeyVgc|101|1280
|gen|9
|tier|[Gen 9] VGC 2025 Reg H (Bo3)
|rated|
|rule|Species Clause: Limit one of each Pokémon
|rule|Item Clause: Limit 1 of each item
|clearpoke
|poke|p1|Torkoal, L50, M|
|poke|p1|Oranguru, L50, F|
|poke|p1|Hariyama, L50, M|
|poke|p1|Sinistcha, L50|
|poke|p1|Annihilape, L50, F|
|poke|p1|Ursaluna-Bloodmoon, L50, M|
|poke|p2|Gholdengo, L50|
|poke|p2|Dragonite, L50, M|
|poke|p2|Sneasler, L50, M|
|poke|p2|Incineroar, L50, M|
|poke|p2|Indeedee, L50, M|
|poke|p2|Gastrodon, L50, F|
|teampreview|4
|showteam|p1|Torkoal||Charcoal|Drought|Eruption,HeatWave,BodyPress,Protect|||M|||50|,,,,,Fire]Oranguru||MentalHerb|InnerFocus|Instruct,TrickRoom,Encore,Taunt|||F|||50|,,,,,Fairy]Hariyama||FlameOrb|Guts|DrainPunch,ThunderPunch,BulkUp,FakeOut|||M|||50|,,,,,Electric]Sinistcha||FocusSash|Hospitality|MatchaGotcha,ShadowBall,RagePowder,TrickRoom||||||50|,,,,,Normal]Annihilape||ChoiceScarf|Defiant|RageFist,Uturn,FinalGambit,Taunt|||F|||50|,,,,,Grass]Ursaluna-Bloodmoon||ThroatSpray|MindsEye|HyperVoice,EarthPower,BloodMoon,Protect|||M|||50|,,,,,Ghost
|showteam|p2|Gholdengo||LifeOrb|GoodasGold|Protect,MakeItRain,ShadowBall,NastyPlot||||||50|,,,,,Water]Dragonite||LoadedDice|Multiscale|ScaleShot,Tailwind,Haze,Protect|||M|||50|,,,,,Fairy]Sneasler||PsychicSeed|Unburden|Protect,DireClaw,CloseCombat,ThroatChop|||M|||50|,,,,,Dark]Incineroar||SafetyGoggles|Intimidate|KnockOff,PartingShot,FlareBlitz,FakeOut|||M|||50|,,,,,Ghost]Indeedee||FocusSash|PsychicSurge|ExpandingForce,TrickRoom,Imprison,TeraBlast|||M|||50|,,,,,Fighting]Gastrodon||Leftovers|StormDrain|EarthPower,Yawn,Recover,IceBeam|||F|||50|,,,,,Poison
|
|t:|1757099867
|teamsize|p1|4
|teamsize|p2|4
|start
|switch|p1a: Oranguru|Oranguru, L50, F|100/100
|switch|p1b: Annihilape|Annihilape, L50, F|100/100
|switch|p2a: Leonel|Sneasler, L50, M|100/100
|switch|p2b: Marco|Indeedee, L50, M|100/100
|-fieldstart|move: Psychic Terrain|[from] ability: Psychic Surge|[of] p2b: Marco
|-enditem|p2a: Leonel|Psychic Seed
|-boost|p2a: Leonel|spd|1|[from] item: Psychic Seed
|turn|1
|
|t:|1757099914
|move|p2a: Leonel|Dire Claw|p1b: Annihilape
|-resisted|p1b: Annihilape
|-damage|p1b: Annihilape|80/100
|-status|p1b: Annihilape|psn
|move|p1b: Annihilape|Final Gambit|p2a: Leonel
|-damage|p2a: Leonel|0 fnt
|faint|p1b: Annihilape
|faint|p2a: Leonel
|move|p2b: Marco|Imprison|p2b: Marco
|-start|p2b: Marco|move: Imprison
|move|p1a: Oranguru|Encore|p2b: Marco
|-start|p2b: Marco|Encore
|
|upkeep
|
|t:|1757099932
|switch|p2a: Hector|Gholdengo, L50|100/100
|switch|p1b: Sinistcha|Sinistcha, L50|100/100
|turn|2
|
|t:|1757099954
|move|p2b: Marco|Imprison||[still]
|-fail|p2b: Marco
|move|p2a: Hector|Nasty Plot|p2a: Hector
|-boost|p2a: Hector|spa|2
|move|p1b: Sinistcha|Shadow Ball|p2a: Hector
|-supereffective|p2a: Hector
|-damage|p2a: Hector|9/100
|move|p1a: Oranguru|Instruct|p1b: Sinistcha
|-singleturn|p1b: Sinistcha|move: Instruct|[of] p1a: Oranguru
|move|p1b: Sinistcha|Shadow Ball|p2a: Hector
|-supereffective|p2a: Hector
|-damage|p2a: Hector|0 fnt
|faint|p2a: Hector
|
|upkeep
|
|t:|1757099964
|switch|p2a: Joaquin|Dragonite, L50, M|100/100
|turn|3
|
|t:|1757099982
|move|p2b: Marco|Imprison||[still]
|-fail|p2b: Marco
|move|p2a: Joaquin|Scale Shot|p1b: Sinistcha
|-damage|p1b: Sinistcha|87/100
|-crit|p1b: Sinistcha
|-damage|p1b: Sinistcha|65/100
|-damage|p1b: Sinistcha|51/100
|-damage|p1b: Sinistcha|36/100
|-damage|p1b: Sinistcha|22/100
|-hitcount|p1b: Sinistcha|5
|-unboost|p2a: Joaquin|def|1
|-boost|p2a: Joaquin|spe|1
|move|p1b: Sinistcha|Matcha Gotcha|p2b: Marco|[spread] p2a,p2b
|-resisted|p2a: Joaquin
|-damage|p2a: Joaquin|96/100
|-heal|p1b: Sinistcha|24/100|[from] drain|[of] p2a: Joaquin
|-damage|p2b: Marco|53/100
|-heal|p1b: Sinistcha|42/100|[from] drain|[of] p2b: Marco
|move|p1a: Oranguru|Instruct|p1b: Sinistcha
|-singleturn|p1b: Sinistcha|move: Instruct|[of] p1a: Oranguru
|move|p1b: Sinistcha|Matcha Gotcha|p2a: Joaquin|[spread] p2a,p2b
|-resisted|p2a: Joaquin
|-damage|p2a: Joaquin|87/100
|-heal|p1b: Sinistcha|47/100|[from] drain|[of] p2a: Joaquin
|-damage|p2b: Marco|9/100
|-heal|p1b: Sinistcha|63/100|[from] drain|[of] p2b: Marco
|
|upkeep
|turn|4
|
|t:|1757100037
|move|p2a: Joaquin|Scale Shot|p1b: Sinistcha
|-damage|p1b: Sinistcha|49/100
|-damage|p1b: Sinistcha|36/100
|-damage|p1b: Sinistcha|22/100
|-damage|p1b: Sinistcha|7/100
|-hitcount|p1b: Sinistcha|4
|-unboost|p2a: Joaquin|def|1
|-boost|p2a: Joaquin|spe|1
|move|p2b: Marco|Imprison||[still]
|-fail|p2b: Marco
|move|p1b: Sinistcha|Matcha Gotcha|p2b: Marco|[spread] p2a,p2b
|-resisted|p2a: Joaquin
|-damage|p2a: Joaquin|79/100
|-heal|p1b: Sinistcha|11/100|[from] drain|[of] p2a: Joaquin
|-damage|p2b: Marco|0 fnt
|-heal|p1b: Sinistcha|15/100|[from] drain|[of] p2b: Marco
|faint|p2b: Marco
|move|p1a: Oranguru|Instruct|p1b: Sinistcha
|-singleturn|p1b: Sinistcha|move: Instruct|[of] p1a: Oranguru
|move|p1b: Sinistcha|Matcha Gotcha|p2a: Joaquin
|-resisted|p2a: Joaquin
|-crit|p2a: Joaquin
|-damage|p2a: Joaquin|63/100
|-heal|p1b: Sinistcha|22/100|[from] drain|[of] p2a: Joaquin
|
|upkeep
|turn|5
|
|t:|1757100068
|-terastallize|p1a: Oranguru|Fairy
|move|p2a: Joaquin|Scale Shot|p1a: Oranguru
|-immune|p1a: Oranguru
|move|p1b: Sinistcha|Shadow Ball|p2a: Joaquin
|-damage|p2a: Joaquin|17/100
|move|p1a: Oranguru|Trick Room|p1a: Oranguru
|-fieldstart|move: Trick Room|[of] p1a: Oranguru
|
|-fieldend|move: Psychic Terrain
|upkeep
|turn|6
|-message|TeyVgc forfeited.
|
|win|Bellsproutfanwill
