|j|☆puli95
|j|☆Bomduif
|html|puli95Bomduif    
|uhtml|bestof|Game 2 of a best-of-3
|t:|1756396568
|gametype|doubles
|player|p1|puli95|265|1000
|player|p2|Bomduif|2|1084
|gen|9
|tier|[Gen 9] VGC 2025 Reg H (Bo3)
|rated|
|rule|Species Clause: Limit one of each Pokémon
|rule|Item Clause: Limit 1 of each item
|clearpoke
|poke|p1|Pelipper, L50, M|
|poke|p1|Beartic, L50, F|
|poke|p1|Incineroar, L50, F|
|poke|p1|Rillaboom, L50, F|
|poke|p1|Dragonite, L50, F|
|poke|p1|Ursaluna-Bloodmoon, L50, M|
|poke|p2|Gallade, L50, M|
|poke|p2|Indeedee-F, L50, F|
|poke|p2|Torkoal, L50, M|
|poke|p2|Vikavolt, L50, F|
|poke|p2|Ursaluna, L50, F|
|poke|p2|Jumpluff, L50, F|
|teampreview|4
|showteam|p1|Pelipper||FocusSash|Drizzle|Hurricane,WeatherBall,Tailwind,WideGuard|||M|||50|,,,,,Ghost]Beartic||ClearAmulet|SwiftSwim|IcicleSpear,Earthquake,AquaJet,Protect|||F|||50|,,,,,Ghost]Incineroar||SafetyGoggles|Intimidate|FlareBlitz,KnockOff,FakeOut,PartingShot|||F|||50|,,,,,Bug]Rillaboom||AssaultVest|GrassySurge|WoodHammer,GrassyGlide,FakeOut,Uturn|||F|||50|,,,,,Fire]Dragonite||LifeOrb|InnerFocus|ScaleShot,ExtremeSpeed,Haze,Protect|||F|||50|,,,,,Normal]Ursaluna-Bloodmoon||ThroatSpray|MindsEye|EarthPower,BloodMoon,HyperVoice,Protect|||M|||50|,,,,,Normal
|showteam|p2|Gallade||ClearAmulet|Sharpness|SacredSword,PsychoCut,TrickRoom,WideGuard|||M|||50|,,,,,Dark]Indeedee-F||SafetyGoggles|PsychicSurge|TrickRoom,FollowMe,DazzlingGleam,HelpingHand|||F|||50|,,,,,Fairy]Torkoal||Charcoal|Drought|Eruption,Overheat,HeatWave,Protect|||M|||50|,,,,,Fire]Vikavolt||LifeOrb|Levitate|Thunderbolt,Discharge,BugBuzz,Protect|||F|||50|,,,,,Electric]Ursaluna||FlameOrb|Guts|Facade,HeadlongRush,Earthquake,Protect|||F|||50|,,,,,Ghost]Jumpluff||FocusSash|Chlorophyll|Tailwind,SleepPowder,Encore,Protect|||F|||50|,,,,,Dark
|
|t:|1756396586
|teamsize|p1|4
|teamsize|p2|4
|start
|switch|p1a: Pelipper|Pelipper, L50, M|100/100
|switch|p1b: Incineroar|Incineroar, L50, F|100/100
|switch|p2a: Gallade|Gallade, L50, M|100/100
|switch|p2b: Indeedee|Indeedee-F, L50, F|100/100
|-weather|RainDance|[from] ability: Drizzle|[of] p1a: Pelipper
|-ability|p1b: Incineroar|Intimidate|boost
|-fail|p2a: Gallade|unboost|[from] item: Clear Amulet|[of] p2a: Gallade
|-unboost|p2b: Indeedee|atk|1
|-fieldstart|move: Psychic Terrain|[from] ability: Psychic Surge|[of] p2b: Indeedee
|turn|1
|
|t:|1756396607
|move|p2b: Indeedee|Follow Me|p2b: Indeedee
|-singleturn|p2b: Indeedee|move: Follow Me
|move|p1a: Pelipper|Hurricane|p2b: Indeedee
|-damage|p2b: Indeedee|62/100
|move|p1b: Incineroar|Knock Off|p2b: Indeedee
|-supereffective|p2b: Indeedee
|-damage|p2b: Indeedee|0 fnt
|-enditem|p2b: Indeedee|Safety Goggles|[from] move: Knock Off|[of] p1b: Incineroar
|faint|p2b: Indeedee
|move|p2a: Gallade|Trick Room|p2a: Gallade
|-fieldstart|move: Trick Room|[of] p2a: Gallade
|
|-weather|RainDance|[upkeep]
|upkeep
|
|t:|1756396620
|switch|p2b: Vikavolt|Vikavolt, L50, F|100/100
|turn|2
|
|t:|1756396646
|-terastallize|p2a: Gallade|Dark
|move|p1a: Pelipper|Wide Guard|p1a: Pelipper
|-singleturn|p1a: Pelipper|Wide Guard
|move|p2b: Vikavolt|Thunderbolt|p1a: Pelipper
|-supereffective|p1a: Pelipper
|-enditem|p1a: Pelipper|Focus Sash
|-damage|p1a: Pelipper|1/100
|-damage|p2b: Vikavolt|91/100|[from] item: Life Orb
|move|p2a: Gallade|Psycho Cut|p1a: Pelipper
|-damage|p1a: Pelipper|0 fnt
|faint|p1a: Pelipper
|move|p1b: Incineroar|Knock Off|p2b: Vikavolt
|-damage|p2b: Vikavolt|51/100
|-enditem|p2b: Vikavolt|Life Orb|[from] move: Knock Off|[of] p1b: Incineroar
|
|-weather|RainDance|[upkeep]
|upkeep
|
|t:|1756396663
|switch|p1a: Dragonite|Dragonite, L50, F|100/100
|turn|3
|
|t:|1756396688
|switch|p1b: Rillaboom|Rillaboom, L50, F|100/100
|-fieldstart|move: Grassy Terrain|[from] ability: Grassy Surge|[of] p1b: Rillaboom
|-terastallize|p1a: Dragonite|Normal
|move|p1a: Dragonite|Extreme Speed|p2b: Vikavolt
|-damage|p2b: Vikavolt|0 fnt
|faint|p2b: Vikavolt
|-damage|p1a: Dragonite|91/100|[from] item: Life Orb
|move|p2a: Gallade|Psycho Cut|p1a: Dragonite
|-damage|p1a: Dragonite|34/100
|
|-weather|RainDance|[upkeep]
|-heal|p1a: Dragonite|40/100|[from] Grassy Terrain
|upkeep
|
|t:|1756396701
|switch|p2b: Ursaluna|Ursaluna, L50, F|100/100
|turn|4
|
|t:|1756396721
|move|p1b: Rillaboom|Fake Out|p2a: Gallade
|-damage|p2a: Gallade|82/100
|move|p1a: Dragonite|Extreme Speed|p2a: Gallade
|-damage|p2a: Gallade|0 fnt
|faint|p2a: Gallade
|-damage|p1a: Dragonite|31/100|[from] item: Life Orb
|move|p2b: Ursaluna|Facade|p1a: Dragonite
|-damage|p1a: Dragonite|0 fnt
|faint|p1a: Dragonite
|
|-weather|RainDance|[upkeep]
|-status|p2b: Ursaluna|brn|[from] item: Flame Orb
|upkeep
|
|t:|1756396733
|switch|p1a: Incineroar|Incineroar, L50, F|100/100
|-ability|p1a: Incineroar|Intimidate|boost
|-unboost|p2b: Ursaluna|atk|1
|turn|5
|
|t:|1756396746
|move|p1a: Incineroar|Fake Out|p2b: Ursaluna
|-damage|p2b: Ursaluna|92/100 brn
|cant|p2b: Ursaluna|flinch
|move|p1b: Rillaboom|U-turn|p2b: Ursaluna
|-damage|p2b: Ursaluna|76/100 brn
|
|-weather|none
|-heal|p2b: Ursaluna|82/100 brn|[from] Grassy Terrain
|-damage|p2b: Ursaluna|76/100 brn|[from] brn
|-fieldend|move: Trick Room
|upkeep
|turn|6
|
|t:|1756396777
|move|p1b: Rillaboom|Wood Hammer|p2b: Ursaluna
|-supereffective|p2b: Ursaluna
|-damage|p2b: Ursaluna|0 fnt
|faint|p2b: Ursaluna
|-damage|p1b: Rillaboom|70/100|[from] Recoil
|
|win|puli95
||Bomduif is ready for game 3.
||puli95 is ready for game 3.
|uhtml|next|Next: Game 3 of 3
|l|☆puli95
|player|p1|
