|j|☆aqawa
|j|☆PopoVGC
|html|aqawaPopoVGC    
|uhtml|bestof|Game 1 of a best-of-3
|t:|1785205558
|gametype|doubles
|player|p1|aqawa|169|1174
|player|p2|PopoVGC|silver|1215
|gen|9
|tier|[Gen 9 Champions] VGC 2026 Reg M-B (Bo3)
|rated|
|rule|Species Clause: Limit one of each Pokémon
|rule|Item Clause: Limit 1 of each item
|clearpoke
|poke|p1|Kingambit, L50, M|
|poke|p1|Sinistcha, L50|
|poke|p1|Rotom-Wash, L50|
|poke|p1|Ninetales-Alola, L50, M|
|poke|p1|Dragalge, L50, M|
|poke|p1|Incineroar, L50, M|
|poke|p2|Pidgeot, L50, F|
|poke|p2|Excadrill, L50, M|
|poke|p2|Tyranitar, L50, F|
|poke|p2|Tsareena, L50, F|
|poke|p2|Gholdengo, L50|
|poke|p2|Rotom-Wash, L50|
|teampreview|4
|showteam|p1|Kingambit||BlackGlasses|Defiant|KowtowCleave,SuckerPunch,LowKick,Protect|Adamant||M|||50|]Sinistcha||OccaBerry|Hospitality|MatchaGotcha,RagePowder,TrickRoom,Protect|Relaxed|||||50|]Rotom-Wash||ChoiceScarf|Levitate|HydroPump,Thunderbolt,WillOWisp,VoltSwitch|Modest|||||50|]Ninetales-Alola||FocusSash|SnowWarning|Blizzard,FreezeDry,AuroraVeil,Protect|Timid||M|||50|]Dragalge||Dragalgite|Adaptability|SludgeBomb,DragonPulse,Thunderbolt,Protect|Modest||M|||50|]Incineroar||SitrusBerry|Intimidate|FakeOut,FlareBlitz,DarkestLariat,PartingShot|Impish||M|||50|
|showteam|p2|Pidgeot||Pidgeotite|BigPecks|Hurricane,HeatWave,Tailwind,Protect|Timid||F|||50|]Excadrill||FocusSash|SandRush|Earthquake,IronHead,RockSlide,Protect|Adamant||M|||50|]Tyranitar||Tyranitarite|SandStream|RockSlide,KnockOff,Protect,LowKick|Adamant||F|||50|]Tsareena||ChoiceScarf|QueenlyMajesty|PowerWhip,TripleAxel,Uturn,LowKick|Jolly||F|||50|]Gholdengo||Leftovers|GoodasGold|ShadowBall,MakeItRain,NastyPlot,Protect|Modest|||||50|]Rotom-Wash||SitrusBerry|Levitate|HydroPump,Thunderbolt,WillOWisp,Protect|Bold|||||50|
|inactive|Battle timer is ON: inactive players will automatically lose when time's up. (requested by aqawa)
|
|t:|1785205600
|teamsize|p1|4
|teamsize|p2|4
|start
|switch|p1a: Rotom|Rotom-Wash, L50|100/100
|switch|p1b: Incineroar|Incineroar, L50, M|100/100
|switch|p2a: Excadrill|Excadrill, L50, M|100/100
|switch|p2b: Tsareena|Tsareena, L50, F|100/100
|-ability|p1b: Incineroar|Intimidate|boost
|-unboost|p2a: Excadrill|atk|1
|-unboost|p2b: Tsareena|atk|1
|turn|1
|inactive|aqawa has 30 seconds left.
|
|t:|1785205629
|switch|p2a: Tyranitar|Tyranitar, L50, F|100/100
|-weather|Sandstorm|[from] ability: Sand Stream|[of] p2a: Tyranitar
|move|p2b: Tsareena|Power Whip|p1a: Rotom
|-supereffective|p1a: Rotom|1
|-damage|p1a: Rotom|8/100
|move|p1a: Rotom|Will-O-Wisp|p2a: Tyranitar
|-status|p2a: Tyranitar|brn
|move|p1b: Incineroar|Parting Shot|p2b: Tsareena
|-unboost|p2b: Tsareena|atk|1
|-unboost|p2b: Tsareena|spa|1
|
|t:|1785205651
|switch|p1b: Sinistcha|Sinistcha, L50|100/100|[from] Parting Shot
|-heal|p1a: Rotom|33/100|[from] ability: Hospitality|[of] p1b: Sinistcha
|
|-weather|Sandstorm|[upkeep]
|-damage|p2b: Tsareena|93/100|[from] Sandstorm
|-damage|p1a: Rotom|27/100|[from] Sandstorm
|-damage|p1b: Sinistcha|93/100|[from] Sandstorm
|-damage|p2a: Tyranitar|93/100 brn|[from] brn
|upkeep
|turn|2
|
|t:|1785205667
|switch|p1a: Incineroar|Incineroar, L50, M|100/100
|-ability|p1a: Incineroar|Intimidate|boost
|-unboost|p2a: Tyranitar|atk|1
|-unboost|p2b: Tsareena|atk|1
|move|p2b: Tsareena|Power Whip|p1a: Incineroar
|-resisted|p1a: Incineroar|1
|-damage|p1a: Incineroar|91/100
|move|p2a: Tyranitar|Knock Off|p1b: Sinistcha
|-supereffective|p1b: Sinistcha|1
|-damage|p1b: Sinistcha|68/100
|-enditem|p1b: Sinistcha|Occa Berry|[from] move: Knock Off|[of] p2a: Tyranitar
|move|p1b: Sinistcha|Trick Room|p1b: Sinistcha
|-fieldstart|move: Trick Room|[of] p1b: Sinistcha
|
|-weather|Sandstorm|[upkeep]
|-damage|p1a: Incineroar|85/100|[from] Sandstorm
|-damage|p1b: Sinistcha|62/100|[from] Sandstorm
|-damage|p2b: Tsareena|87/100|[from] Sandstorm
|-damage|p2a: Tyranitar|87/100 brn|[from] brn
|upkeep
|turn|3
|
|t:|1785205684
|switch|p2b: Excadrill|Excadrill, L50, M|100/100
|move|p1a: Incineroar|Flare Blitz|p2b: Excadrill
|-supereffective|p2b: Excadrill|1
|-enditem|p2b: Excadrill|Focus Sash
|-damage|p2b: Excadrill|1/100
|-damage|p1a: Incineroar|54/100|[from] Recoil
|move|p1b: Sinistcha|Matcha Gotcha|p2b: Excadrill|[spread] p2a
|-miss|p1b: Sinistcha|p2b: Excadrill
|-supereffective|p2a: Tyranitar|1
|-damage|p2a: Tyranitar|60/100 brn
|-heal|p1b: Sinistcha|77/100|[from] drain|[of] p2a: Tyranitar
|move|p2a: Tyranitar|Knock Off|p1a: Incineroar
|-resisted|p1a: Incineroar|1
|-damage|p1a: Incineroar|48/100
|-enditem|p1a: Incineroar|Sitrus Berry|[from] move: Knock Off|[of] p2a: Tyranitar
|
|-weather|Sandstorm|[upkeep]
|-damage|p1a: Incineroar|42/100|[from] Sandstorm
|-damage|p1b: Sinistcha|71/100|[from] Sandstorm
|-damage|p2a: Tyranitar|54/100 brn|[from] brn
|upkeep
|turn|4
|
|t:|1785205705
|move|p2a: Tyranitar|Protect|p2a: Tyranitar
|-singleturn|p2a: Tyranitar|Protect
|move|p2b: Excadrill|Protect|p2b: Excadrill
|-singleturn|p2b: Excadrill|Protect
|move|p1a: Incineroar|Parting Shot|p2a: Tyranitar
|-activate|p2a: Tyranitar|move: Protect
|move|p1b: Sinistcha|Matcha Gotcha|p2a: Tyranitar|[spread] 
|-activate|p2a: Tyranitar|move: Protect
|-activate|p2b: Excadrill|move: Protect
|
|-weather|Sandstorm|[upkeep]
|-damage|p1a: Incineroar|36/100|[from] Sandstorm
|-damage|p1b: Sinistcha|65/100|[from] Sandstorm
|-damage|p2a: Tyranitar|48/100 brn|[from] brn
|upkeep
|turn|5
|
|t:|1785205720
|switch|p2a: Tsareena|Tsareena, L50, F|87/100
|move|p2b: Excadrill|Protect|p2b: Excadrill
|-singleturn|p2b: Excadrill|Protect
|move|p1a: Incineroar|Parting Shot|p2a: Tsareena
|-unboost|p2a: Tsareena|atk|1
|-unboost|p2a: Tsareena|spa|1
|
|t:|1785205727
|switch|p1a: Dragalge|Dragalge, L50, M|100/100|[from] Parting Shot
|move|p1b: Sinistcha|Matcha Gotcha|p2a: Tsareena|[spread] p2a
|-activate|p2b: Excadrill|move: Protect
|-resisted|p2a: Tsareena|1
|-damage|p2a: Tsareena|72/100
|-heal|p1b: Sinistcha|71/100|[from] drain|[of] p2a: Tsareena
|-status|p2a: Tsareena|brn
|
|-weather|none
|-damage|p2a: Tsareena|66/100 brn|[from] brn
|upkeep
|turn|6
|
|t:|1785205738
|switch|p2b: Tyranitar|Tyranitar, L50, F|48/100 brn
|-weather|Sandstorm|[from] ability: Sand Stream|[of] p2b: Tyranitar
|move|p1a: Dragalge|Sludge Bomb|p2a: Tsareena
|-supereffective|p2a: Tsareena|1
|-crit|p2a: Tsareena
|-damage|p2a: Tsareena|0 fnt
|faint|p2a: Tsareena
|move|p1b: Sinistcha|Matcha Gotcha|p2b: Tyranitar
|-supereffective|p2b: Tyranitar|1
|-damage|p2b: Tyranitar|8/100 brn
|-heal|p1b: Sinistcha|93/100|[from] drain|[of] p2b: Tyranitar
|
|-weather|Sandstorm|[upkeep]
|-damage|p1a: Dragalge|94/100|[from] Sandstorm
|-damage|p1b: Sinistcha|87/100|[from] Sandstorm
|-damage|p2b: Tyranitar|2/100 brn|[from] brn
|-fieldend|move: Trick Room
|upkeep
|
|t:|1785205747
|switch|p2a: Excadrill|Excadrill, L50, M|1/100
|turn|7
|
|t:|1785205763
|move|p1b: Sinistcha|Protect|p1b: Sinistcha
|-singleturn|p1b: Sinistcha|Protect
|move|p1a: Dragalge|Protect|p1a: Dragalge
|-singleturn|p1a: Dragalge|Protect
|move|p2a: Excadrill|Iron Head|p1b: Sinistcha
|-activate|p1b: Sinistcha|move: Protect
|move|p2b: Tyranitar|Rock Slide|p1a: Dragalge|[spread] 
|-activate|p1a: Dragalge|move: Protect
|-activate|p1b: Sinistcha|move: Protect
|
|-weather|Sandstorm|[upkeep]
|-damage|p1b: Sinistcha|81/100|[from] Sandstorm
|-damage|p1a: Dragalge|88/100|[from] Sandstorm
|-damage|p2b: Tyranitar|0 fnt|[from] brn
|faint|p2b: Tyranitar
|upkeep
|
|t:|1785205765
|switch|p2b: Pidgeot|Pidgeot, L50, F|100/100
|turn|8
|
|t:|1785205785
|switch|p1a: Rotom|Rotom-Wash, L50|27/100
|detailschange|p2b: Pidgeot|Pidgeot-Mega, L50, F
|-mega|p2b: Pidgeot|Pidgeot|Pidgeotite
|move|p2a: Excadrill|Earthquake|p1b: Sinistcha|[spread] p1b
|-immune|p2b: Pidgeot
|-immune|p1a: Rotom|[from] ability: Levitate
|-resisted|p1b: Sinistcha|1
|-damage|p1b: Sinistcha|64/100
|move|p2b: Pidgeot|Hurricane|p1b: Sinistcha
|-supereffective|p1b: Sinistcha|1
|-damage|p1b: Sinistcha|0 fnt
|faint|p1b: Sinistcha
|
|-weather|Sandstorm|[upkeep]
|-damage|p1a: Rotom|21/100|[from] Sandstorm
|-damage|p2b: Pidgeot|93/100|[from] Sandstorm
|upkeep
|inactive|aqawa has 30 seconds left.
|
|t:|1785205813
|switch|p1b: Incineroar|Incineroar, L50, M|36/100
|-ability|p1b: Incineroar|Intimidate|boost
|-unboost|p2a: Excadrill|atk|1
|-unboost|p2b: Pidgeot|atk|1
|turn|9
|
|t:|1785205822
|switch|p1b: Dragalge|Dragalge, L50, M|88/100
|move|p2a: Excadrill|Protect|p2a: Excadrill
|-singleturn|p2a: Excadrill|Protect
|move|p2b: Pidgeot|Protect|p2b: Pidgeot
|-singleturn|p2b: Pidgeot|Protect
|move|p1a: Rotom|Thunderbolt|p2b: Pidgeot
|-activate|p2b: Pidgeot|move: Protect
|
|-weather|Sandstorm|[upkeep]
|-damage|p1a: Rotom|15/100|[from] Sandstorm
|-damage|p2b: Pidgeot|87/100|[from] Sandstorm
|-damage|p1b: Dragalge|82/100|[from] Sandstorm
|upkeep
|turn|10
|inactive|aqawa has 30 seconds left.
|
|t:|1785205850
|switch|p1b: Incineroar|Incineroar, L50, M|36/100
|-ability|p1b: Incineroar|Intimidate|boost
|-unboost|p2a: Excadrill|atk|1
|-unboost|p2b: Pidgeot|atk|1
|move|p2a: Excadrill|Iron Head|p1a: Rotom
|-resisted|p1a: Rotom|2
|-damage|p1a: Rotom|8/100
|move|p1a: Rotom|Thunderbolt|p2b: Pidgeot
|-supereffective|p2b: Pidgeot|1
|-damage|p2b: Pidgeot|0 fnt
|faint|p2b: Pidgeot
|
|-weather|none
|upkeep
|turn|11
|-message|PopoVGC forfeited.
|
|win|aqawa
|l|☆PopoVGC
|player|p2|
||PopoVGC is ready for game 2.
||aqawa is ready for game 2.
|uhtml|next|Next: Game 2 of 3
|l|☆aqawa
|player|p1|
|j|☆PopoVGC
|player|p2|PopoVGC|silver|
