|j|☆hermit5
|j|☆joaennavgc
|html|hermit5joaennavgc    
|uhtml|bestof|Game 1 of a best-of-3
|t:|1756404213
|gametype|doubles
|player|p1|hermit5|red|
|player|p2|joaennavgc|pokemonbreederf-gen4|
|gen|9
|tier|[Gen 9] VGC 2025 Reg H (Bo3)
|rule|Species Clause: Limit one of each Pokémon
|rule|Item Clause: Limit 1 of each item
|clearpoke
|poke|p1|Dragonite, L50, F|
|poke|p1|Sneasler, L50, M|
|poke|p1|Incineroar, L50, F|
|poke|p1|Archaludon, L50, M|
|poke|p1|Basculegion, L50, M|
|poke|p1|Murkrow, L50, F|
|poke|p2|Torkoal, L50, M|
|poke|p2|Oranguru, L50, F|
|poke|p2|Typhlosion-Hisui, L50, F|
|poke|p2|Whimsicott, L50, M|
|poke|p2|Ursaluna, L50, M|
|poke|p2|Dragonite, L50, M|
|teampreview|4
|showteam|p1|Dragonite||LoadedDice|Multiscale|ScaleShot,Protect,Haze,ExtremeSpeed|||F|||50|,,,,,Fairy]Sneasler||FocusSash|PoisonTouch|Coaching,CloseCombat,DireClaw,Protect|||M|||50|,,,,,Flying]Incineroar||SafetyGoggles|Intimidate|FakeOut,KnockOff,FlareBlitz,PartingShot|||F|||50|,,,,,Ghost]Archaludon||AssaultVest|Stamina|ElectroShot,BodyPress,FlashCannon,DracoMeteor|||M|||50|,,,,,Grass]Basculegion||ClearAmulet|SwiftSwim|WaveCrash,Crunch,TeraBlast,Protect|||M|||50|,,,,,Grass]Murkrow||Eviolite|Prankster|FoulPlay,RainDance,Tailwind,Protect|||F|||50|,,,,,Dark
|showteam|p2|Torkoal||EjectPack|Drought|Overheat,HeatWave,HelpingHand,Protect|||M|||50|,,,,,Fire]Oranguru||SitrusBerry|Telepathy|TrickRoom,Psychic,Instruct,Protect|||F|||50|,,,,,Dark]Typhlosion-Hisui||ChoiceSpecs|Blaze|HeatWave,Eruption,ShadowBall,TeraBlast|||F|||50|,,,,,Electric]Whimsicott||FocusSash|Prankster|Tailwind,Moonblast,SunnyDay,Protect|||M|||50|,,,,,Ghost]Ursaluna||FlameOrb|Guts|Facade,HeadlongRush,Earthquake,Protect|||M|||50|,,,,,Ghost]Dragonite||ChoiceBand|InnerFocus|ExtremeSpeed,IceSpinner,DragonClaw,LowKick|||M|||50|,,,,,Normal
|
|t:|1756404258
|teamsize|p1|4
|teamsize|p2|4
|start
|switch|p1a: Dragonite|Dragonite, L50, F, shiny|100/100
|switch|p1b: Incineroar|Incineroar, L50, F|100/100
|switch|p2a: Whimsicott|Whimsicott, L50, M|100/100
|switch|p2b: Typhlosion|Typhlosion-Hisui, L50, F|100/100
|-ability|p1b: Incineroar|Intimidate|boost
|-unboost|p2a: Whimsicott|atk|1
|-unboost|p2b: Typhlosion|atk|1
|turn|1
|
|t:|1756404302
|-terastallize|p2a: Whimsicott|Ghost
|move|p2a: Whimsicott|Moonblast|p1a: Dragonite
|-supereffective|p1a: Dragonite
|-damage|p1a: Dragonite|65/100
|move|p2b: Typhlosion|Eruption|p1a: Dragonite|[spread] p1a,p1b
|-resisted|p1a: Dragonite
|-resisted|p1b: Incineroar
|-damage|p1a: Dragonite|12/100
|-damage|p1b: Incineroar|60/100
|move|p1a: Dragonite|Scale Shot|p2b: Typhlosion
|-crit|p2b: Typhlosion
|-damage|p2b: Typhlosion|68/100
|-damage|p2b: Typhlosion|45/100
|-damage|p2b: Typhlosion|23/100
|-damage|p2b: Typhlosion|1/100
|-hitcount|p2b: Typhlosion|4
|-unboost|p1a: Dragonite|def|1
|-boost|p1a: Dragonite|spe|1
|move|p1b: Incineroar|Flare Blitz|p2a: Whimsicott
|-damage|p2a: Whimsicott|29/100
|-damage|p1b: Incineroar|44/100|[from] Recoil
|
|upkeep
|turn|2
|
|t:|1756404337
|switch|p2b: Ursaluna|Ursaluna, L50, M|100/100
|move|p1a: Dragonite|Protect|p1a: Dragonite
|-singleturn|p1a: Dragonite|Protect
|move|p2a: Whimsicott|Tailwind|p2a: Whimsicott
|-sidestart|p2: joaennavgc|move: Tailwind
|move|p1b: Incineroar|Knock Off|p2a: Whimsicott
|-supereffective|p2a: Whimsicott
|-damage|p2a: Whimsicott|0 fnt
|-enditem|p2a: Whimsicott|Focus Sash|[from] move: Knock Off|[of] p1b: Incineroar
|faint|p2a: Whimsicott
|
|-status|p2b: Ursaluna|brn|[from] item: Flame Orb
|upkeep
|
|t:|1756404351
|switch|p2a: Typhlosion|Typhlosion-Hisui, L50, F|1/100
|turn|3
|
|t:|1756404372
|move|p1a: Dragonite|Extreme Speed|p2b: Ursaluna
|-damage|p2b: Ursaluna|76/100 brn
|move|p2a: Typhlosion|Shadow Ball|p1a: Dragonite
|-damage|p1a: Dragonite|0 fnt
|faint|p1a: Dragonite
|move|p2b: Ursaluna|Headlong Rush|p1b: Incineroar
|-supereffective|p1b: Incineroar
|-damage|p1b: Incineroar|0 fnt
|-unboost|p2b: Ursaluna|def|1
|-unboost|p2b: Ursaluna|spd|1
|faint|p1b: Incineroar
|
|-damage|p2b: Ursaluna|70/100 brn|[from] brn
|upkeep
|
|t:|1756404387
|switch|p1a: Sneasler|Sneasler, L50, M|100/100
|switch|p1b: Archaludon|Archaludon, L50, M|100/100
|turn|4
|
|t:|1756404417
|switch|p2b: Torkoal|Torkoal, L50, M|100/100
|-weather|SunnyDay|[from] ability: Drought|[of] p2b: Torkoal
|-terastallize|p1b: Archaludon|Grass
|move|p2a: Typhlosion|Shadow Ball|p1a: Sneasler
|-damage|p1a: Sneasler|10/100
|move|p1a: Sneasler|Dire Claw|p2a: Typhlosion
|-resisted|p2a: Typhlosion
|-damage|p2a: Typhlosion|0 fnt
|faint|p2a: Typhlosion
|move|p1b: Archaludon|Body Press|p2b: Torkoal
|-damage|p2b: Torkoal|83/100
|
|-weather|SunnyDay|[upkeep]
|upkeep
|
|t:|1756404431
|switch|p2a: Ursaluna|Ursaluna, L50, M|70/100 brn
|turn|5
|
|t:|1756404448
|move|p1a: Sneasler|Protect|p1a: Sneasler
|-singleturn|p1a: Sneasler|Protect
|move|p2a: Ursaluna|Protect|p2a: Ursaluna
|-singleturn|p2a: Ursaluna|Protect
|move|p1b: Archaludon|Draco Meteor|p2a: Ursaluna
|-activate|p2a: Ursaluna|move: Protect
|move|p2b: Torkoal|Heat Wave|p1a: Sneasler|[spread] p1b
|-activate|p1a: Sneasler|move: Protect
|-supereffective|p1b: Archaludon
|-damage|p1b: Archaludon|39/100
|-ability|p1b: Archaludon|Stamina|boost
|-boost|p1b: Archaludon|def|1
|
|-weather|SunnyDay|[upkeep]
|-damage|p2a: Ursaluna|64/100 brn|[from] brn
|-sideend|p2: joaennavgc|move: Tailwind
|upkeep
|turn|6
|
|t:|1756404466
|move|p1a: Sneasler|Close Combat|p2a: Ursaluna
|-supereffective|p2a: Ursaluna
|-damage|p2a: Ursaluna|0 fnt
|-unboost|p1a: Sneasler|def|1
|-unboost|p1a: Sneasler|spd|1
|faint|p2a: Ursaluna
|move|p1b: Archaludon|Draco Meteor|p2b: Torkoal
|-damage|p2b: Torkoal|5/100
|-unboost|p1b: Archaludon|spa|2
|move|p2b: Torkoal|Heat Wave|p1b: Archaludon|[spread] p1a,p1b
|-supereffective|p1b: Archaludon
|-damage|p1a: Sneasler|0 fnt
|-damage|p1b: Archaludon|0 fnt
|faint|p1a: Sneasler
|faint|p1b: Archaludon
|
|win|joaennavgc
|inactive|hermit5 has 30 seconds to confirm battle start!
|inactive|joaennavgc has 30 seconds to confirm battle start!
||joaennavgc is ready for game 2.
||hermit5 is ready for game 2.
|uhtml|next|Next: Game 2 of 3
