|j|☆Laikai
|j|☆Uncreative7452
|html|LaikaiUncreative7452    
|uhtml|bestof|Game 3 of a best-of-3
|t:|1782707883
|gametype|doubles
|player|p1|Laikai|n|1087
|player|p2|Uncreative7452|tuber|1183
|gen|9
|tier|[Gen 9 Champions] VGC 2026 Reg M-B (Bo3)
|rated|
|rule|Species Clause: Limit one of each Pokémon
|rule|Item Clause: Limit 1 of each item
|clearpoke
|poke|p1|Staraptor, L50, F|
|poke|p1|Grimmsnarl, L50, M|
|poke|p1|Umbreon, L50, F, shiny|
|poke|p1|Incineroar, L50, M|
|poke|p1|Scovillain, L50, F, shiny|
|poke|p1|Primarina, L50, F|
|poke|p2|Charizard, L50, F|
|poke|p2|Aerodactyl, L50, M|
|poke|p2|Garchomp, L50, M|
|poke|p2|Basculegion, L50, M|
|poke|p2|Annihilape, L50, M|
|poke|p2|Farigiraf, L50, F|
|teampreview|4
|showteam|p1|Staraptor||Staraptite|Intimidate|CloseCombat,BraveBird,Protect,Roost|Adamant||F|||50|]Grimmsnarl||LightClay|Prankster|ScaryFace,LightScreen,Reflect,SpiritBreak|Careful||M|||50|]Umbreon||Leftovers|Synchronize|FoulPlay,HelpingHand,Taunt,ThunderWave|Calm||F|||50|]Incineroar||LifeOrb|Intimidate|FlareBlitz,DarkestLariat,FakeOut,PartingShot|Adamant||M|||50|]Scovillain||Scovillainite|Chlorophyll|RagePowder,LeechSeed,Protect,Overheat|Calm||F|||50|]Primarina||SitrusBerry|LiquidVoice|HyperVoice,Moonblast,PerishSong,Protect|Calm||F|||50|
|showteam|p2|Charizard||CharizarditeY|Blaze|WeatherBall,HeatWave,SolarBeam,Protect|Timid||F|||50|]Aerodactyl||Aerodactylite|Unnerve|RockSlide,WideGuard,Tailwind,DualWingbeat|Jolly||M|||50|]Garchomp||LifeOrb|RoughSkin|DragonClaw,Earthquake,RockSlide,Protect|Jolly||M|||50|]Basculegion||ChoiceScarf|Adaptability|WaveCrash,FlipTurn,AquaJet,LastRespects|Jolly||M|||50|]Annihilape||RoseliBerry|Defiant|RageFist,DrainPunch,GunkShot,Protect|Jolly||M|||50|]Farigiraf||SitrusBerry|ArmorTail|Protect,Psychic,HyperVoice,TrickRoom|Bold||F|||50|
|
|t:|1782707961
|teamsize|p1|4
|teamsize|p2|4
|start
|switch|p1a: Scovillain|Scovillain, L50, F, shiny|100/100
|switch|p1b: Grimmsnarl|Grimmsnarl, L50, M|100/100
|switch|p2a: Charizard|Charizard, L50, F|100/100
|switch|p2b: Annihilape|Annihilape, L50, M|100/100
|turn|1
|
|t:|1782707974
|detailschange|p2a: Charizard|Charizard-Mega-Y, L50, F
|-mega|p2a: Charizard|Charizard|Charizardite Y
|-weather|SunnyDay|[from] ability: Drought|[of] p2a: Charizard
|detailschange|p1a: Scovillain|Scovillain-Mega, L50, F, shiny
|-mega|p1a: Scovillain|Scovillain|Scovillainite
|move|p1b: Grimmsnarl|Scary Face|p2a: Charizard
|-unboost|p2a: Charizard|spe|2
|move|p2b: Annihilape|Gunk Shot|p1a: Scovillain
|-supereffective|p1a: Scovillain|1
|-damage|p1a: Scovillain|21/100
|-status|p1a: Scovillain|psn
|-status|p2b: Annihilape|brn|[from] ability: Spicy Spray|[of] p1a: Scovillain
|move|p1a: Scovillain|Leech Seed|p2a: Charizard
|-start|p2a: Charizard|move: Leech Seed
|move|p2a: Charizard|Heat Wave|p1b: Grimmsnarl|[spread] p1a,p1b
|-damage|p1a: Scovillain|0 fnt
|-damage|p1b: Grimmsnarl|52/100
|-immune|p2a: Charizard
|faint|p1a: Scovillain
|
|-weather|SunnyDay|[upkeep]
|-damage|p2b: Annihilape|94/100 brn|[from] brn
|upkeep
|
|t:|1782707989
|switch|p1a: Umbreon|Umbreon, L50, F, shiny|100/100
|turn|2
|
|t:|1782707994
|move|p1b: Grimmsnarl|Light Screen|p1b: Grimmsnarl
|-sidestart|p1: Laikai|move: Light Screen
|move|p2b: Annihilape|Drain Punch|p1a: Umbreon
|-supereffective|p1a: Umbreon|1
|-damage|p1a: Umbreon|76/100
|-heal|p2b: Annihilape|100/100 brn|[from] drain|[of] p1a: Umbreon
|move|p1a: Umbreon|Foul Play|p2b: Annihilape
|-damage|p2b: Annihilape|56/100 brn
|move|p2a: Charizard|Weather Ball|p1a: Umbreon
|-damage|p1a: Umbreon|34/100
|
|-weather|SunnyDay|[upkeep]
|-heal|p1a: Umbreon|40/100|[from] item: Leftovers
|-damage|p2a: Charizard|87/100|[from] Leech Seed|[of] p1a: Umbreon
|-heal|p1a: Umbreon|50/100y|[silent]
|-damage|p2b: Annihilape|50/100g brn|[from] brn
|upkeep
|turn|3
|
|t:|1782708013
|move|p1b: Grimmsnarl|Reflect|p1b: Grimmsnarl
|-sidestart|p1: Laikai|Reflect
|move|p2b: Annihilape|Drain Punch|p1a: Umbreon
|-supereffective|p1a: Umbreon|1
|-damage|p1a: Umbreon|33/100
|-heal|p2b: Annihilape|59/100 brn|[from] drain|[of] p1a: Umbreon
|move|p1a: Umbreon|Foul Play|p2b: Annihilape
|-damage|p2b: Annihilape|8/100 brn
|move|p2a: Charizard|Weather Ball|p1a: Umbreon
|-damage|p1a: Umbreon|0 fnt
|faint|p1a: Umbreon
|
|-weather|SunnyDay|[upkeep]
|-damage|p2b: Annihilape|2/100 brn|[from] brn
|upkeep
|
|t:|1782708023
|switch|p1a: Primarina|Primarina, L50, F|100/100
|turn|4
|
|t:|1782708032
|move|p1b: Grimmsnarl|Scary Face|p2b: Annihilape
|-unboost|p2b: Annihilape|spe|2
|-ability|p2b: Annihilape|Defiant|boost
|-boost|p2b: Annihilape|atk|2
|move|p2a: Charizard|Solar Beam||[still]
|-prepare|p2a: Charizard|Solar Beam
|-anim|p2a: Charizard|Solar Beam|p1a: Primarina
|-supereffective|p1a: Primarina|1
|-damage|p1a: Primarina|55/100
|move|p1a: Primarina|Hyper Voice|p2b: Annihilape|[spread] p2a,p2b
|-supereffective|p2a: Charizard|1
|-crit|p2b: Annihilape
|-damage|p2a: Charizard|59/100
|-damage|p2b: Annihilape|0 fnt
|faint|p2b: Annihilape
|
|-weather|SunnyDay|[upkeep]
|-damage|p2a: Charizard|47/100|[from] Leech Seed|[of] p1a: Primarina
|-heal|p1a: Primarina|65/100|[silent]
|upkeep
|
|t:|1782708043
|switch|p2b: Garchomp|Garchomp, L50, M|100/100
|turn|5
|
|t:|1782708056
|move|p1a: Primarina|Protect|p1a: Primarina
|-singleturn|p1a: Primarina|Protect
|move|p2b: Garchomp|Earthquake|p1a: Primarina|[spread] p1b
|-activate|p1a: Primarina|move: Protect
|-immune|p2a: Charizard
|-damage|p1b: Grimmsnarl|12/100
|-damage|p2b: Garchomp|90/100|[from] item: Life Orb
|move|p2a: Charizard|Solar Beam||[still]
|-prepare|p2a: Charizard|Solar Beam
|-anim|p2a: Charizard|Solar Beam|p1a: Primarina
|-activate|p1a: Primarina|move: Protect
|move|p1b: Grimmsnarl|Spirit Break|p2b: Garchomp
|-supereffective|p2b: Garchomp|1
|-damage|p2b: Garchomp|27/100
|-unboost|p2b: Garchomp|spa|1
|-damage|p1b: Grimmsnarl|0 fnt|[from] ability: Rough Skin|[of] p2b: Garchomp
|faint|p1b: Grimmsnarl
|
|-weather|none
|-damage|p2a: Charizard|34/100|[from] Leech Seed|[of] p1a: Primarina
|-heal|p1a: Primarina|75/100|[silent]
|upkeep
|turn|6
|
|t:|1782708071
|move|p2b: Garchomp|Earthquake|p1a: Primarina|[spread] p1a
|-immune|p2a: Charizard
|-damage|p1a: Primarina|34/100
|-enditem|p1a: Primarina|Sitrus Berry|[eat]
|-heal|p1a: Primarina|58/100|[from] item: Sitrus Berry
|-damage|p2b: Garchomp|17/100|[from] item: Life Orb
|move|p2a: Charizard|Solar Beam||[still]
|-prepare|p2a: Charizard|Solar Beam
|move|p1a: Primarina|Hyper Voice|p2b: Garchomp|[spread] p2a,p2b
|-supereffective|p2a: Charizard|1
|-damage|p2a: Charizard|0 fnt
|-damage|p2b: Garchomp|0 fnt
|faint|p2a: Charizard
|faint|p2b: Garchomp
|
|upkeep
|
|t:|1782708078
|switch|p2b: Basculegion|Basculegion, L50, M|100/100
|turn|7
|
|t:|1782708087
|move|p2b: Basculegion|Last Respects|p1a: Primarina
|-damage|p1a: Primarina|0 fnt
|faint|p1a: Primarina
|
|win|Uncreative7452
|raw|Laikai's rating: 1087 → 1070(-17 for losing)
|raw|Uncreative7452's rating: 1183 → 1201(+18 for winning)
|l|☆Laikai
|player|p1|
