|j|☆eastyliam67
|j|☆huanyu0.0
|html|eastyliam67huanyu0.0    
|uhtml|bestof|Game 2 of a best-of-3
|t:|1785251329
|gametype|doubles
|player|p1|eastyliam67|unknownf|
|player|p2|huanyu0.0|265|
|gen|9
|tier|[Gen 9 Champions] VGC 2026 Reg M-B (Bo3)
|rule|Species Clause: Limit one of each Pokémon
|rule|Item Clause: Limit 1 of each item
|clearpoke
|poke|p1|Charizard, L50, F|
|poke|p1|Garchomp, L50, M|
|poke|p1|Whimsicott, L50, M|
|poke|p1|Basculegion, L50, M|
|poke|p1|Floette-Eternal, L50, F|
|poke|p1|Kingambit, L50, M|
|poke|p2|Staraptor, L50, M|
|poke|p2|Tyranitar, L50, F|
|poke|p2|Excadrill, L50, M|
|poke|p2|Gholdengo, L50|
|poke|p2|Milotic, L50, M|
|poke|p2|Sinistcha, L50|
|teampreview|4
|showteam|p1|Charizard||CharizarditeY|Blaze|HeatWave,SolarBeam,WeatherBall,Protect|Modest||F|||50|]Garchomp||LifeOrb|RoughSkin|DragonClaw,StompingTantrum,RockSlide,Protect|Jolly||M|||50|]Whimsicott||FocusSash|Prankster|Moonblast,Tailwind,Encore,Protect|Timid||M|||50|]Basculegion||MysticWater|Adaptability|WaveCrash,AquaJet,Protect,LastRespects|Adamant||M|||50|]Floette-Eternal||Floettite|FlowerVeil|Moonblast,DazzlingGleam,LightofRuin,Protect|Modest||F|||50|]Kingambit||ChopleBerry|Defiant|KowtowCleave,LowKick,SuckerPunch,IronHead|Adamant||M|||50|
|showteam|p2|Staraptor||Staraptite|Intimidate|CloseCombat,BraveBird,Tailwind,Protect|Jolly||M|||50|]Tyranitar||Tyranitarite|SandStream|RockSlide,KnockOff,LowKick,Protect|Jolly||F|||50|]Excadrill||FocusSash|SandRush|IronHead,HighHorsepower,RockSlide,Protect|Adamant||M|||50|]Gholdengo||LifeOrb|GoodasGold|MakeItRain,ShadowBall,NastyPlot,Protect|Modest|||||50|]Milotic||SitrusBerry|Competitive|Scald,IceBeam,Recover,Protect|Modest||M|||50|]Sinistcha||ColburBerry|Hospitality|MatchaGotcha,RagePowder,TrickRoom,Protect|Bold|||||50|
|inactive|Battle timer is ON: inactive players will automatically lose when time's up. (requested by huanyu0.0)
|j| Yei_Lai
|j| dd9261248
|j| white2000
|c| Yei_Lai|這水蛇感覺有問題，要藥檢一下
|inactive|huanyu0.0 has 60 seconds left.
|
|t:|1785251366
|teamsize|p1|4
|teamsize|p2|4
|start
|switch|p1a: Whimsicott|Whimsicott, L50, M|100/100
|switch|p1b: Floette|Floette-Eternal, L50, F|100/100
|switch|p2a: Tyranitar|Tyranitar, L50, F|100/100
|switch|p2b: Excadrill|Excadrill, L50, M|100/100
|-weather|Sandstorm|[from] ability: Sand Stream|[of] p2a: Tyranitar
|turn|1
|inactive|eastyliam67 has 30 seconds left.
|inactive|huanyu0.0 has 30 seconds left.
|inactive|huanyu0.0 has 20 seconds left.
|
|t:|1785251401
|detailschange|p2a: Tyranitar|Tyranitar-Mega, L50, F
|-mega|p2a: Tyranitar|Tyranitar|Tyranitarite
|move|p1b: Floette|Protect|p1b: Floette
|-singleturn|p1b: Floette|Protect
|move|p1a: Whimsicott|Tailwind|p1a: Whimsicott
|-sidestart|p1: eastyliam67|move: Tailwind
|move|p2b: Excadrill|Iron Head|p1a: Whimsicott
|-supereffective|p1a: Whimsicott|1
|-enditem|p1a: Whimsicott|Focus Sash
|-damage|p1a: Whimsicott|1/100
|move|p2a: Tyranitar|Rock Slide|p1a: Whimsicott|[spread] p1a
|-activate|p1b: Floette|move: Protect
|-damage|p1a: Whimsicott|0 fnt
|faint|p1a: Whimsicott
|
|-weather|Sandstorm|[upkeep]
|-damage|p1b: Floette|94/100|[from] Sandstorm
|upkeep
|inactive|eastyliam67 has 30 seconds left.
|inactive|eastyliam67 has 20 seconds left.
|inactive|eastyliam67 has 15 seconds left.
|
|t:|1785251446
|switch|p1a: Basculegion|Basculegion, L50, M|100/100
|turn|2
|inactive|eastyliam67 has 30 seconds left.
|inactive|huanyu0.0 has 30 seconds left.
|j| 0oBRUNCHo0
|inactive|huanyu0.0 has 20 seconds left.
|inactive|huanyu0.0 has 15 seconds left.
|inactive|huanyu0.0 has 10 seconds left.
|
|t:|1785251492
|switch|p1b: Kingambit|Kingambit, L50, M|100/100
|move|p2a: Tyranitar|Protect|p2a: Tyranitar
|-singleturn|p2a: Tyranitar|Protect
|move|p2b: Excadrill|Iron Head|p1b: Kingambit
|-resisted|p1b: Kingambit|1
|-damage|p1b: Kingambit|84/100
|move|p1a: Basculegion|Wave Crash|p2a: Tyranitar
|-activate|p2a: Tyranitar|move: Protect
|
|-weather|Sandstorm|[upkeep]
|-damage|p1a: Basculegion|93/100|[from] Sandstorm
|upkeep
|turn|3
|inactive|eastyliam67 has 30 seconds left.
|
|t:|1785251532
|switch|p2a: Sinistcha|Sinistcha, L50|100/100
|move|p2b: Excadrill|Protect|p2b: Excadrill
|-singleturn|p2b: Excadrill|Protect
|move|p1a: Basculegion|Aqua Jet|p2b: Excadrill
|-activate|p2b: Excadrill|move: Protect
|move|p1b: Kingambit|Sucker Punch||[still]
|-fail|p1b: Kingambit
|
|-weather|Sandstorm|[upkeep]
|-damage|p1a: Basculegion|87/100|[from] Sandstorm
|-damage|p2a: Sinistcha|94/100|[from] Sandstorm
|upkeep
|turn|4
|inactive|eastyliam67 has 30 seconds left.
|
|t:|1785251560
|move|p2a: Sinistcha|Rage Powder|p2a: Sinistcha
|-singleturn|p2a: Sinistcha|move: Rage Powder
|move|p2b: Excadrill|High Horsepower|p1b: Kingambit
|-supereffective|p1b: Kingambit|1
|-damage|p1b: Kingambit|7/100
|move|p1a: Basculegion|Last Respects|p2a: Sinistcha
|-supereffective|p2a: Sinistcha|1
|-damage|p2a: Sinistcha|0 fnt
|faint|p2a: Sinistcha
|move|p1b: Kingambit|Low Kick|p2b: Excadrill
|-supereffective|p2b: Excadrill|1
|-damage|p2b: Excadrill|27/100
|
|-weather|Sandstorm|[upkeep]
|-damage|p1a: Basculegion|81/100|[from] Sandstorm
|-sideend|p1: eastyliam67|move: Tailwind
|upkeep
|
|t:|1785251585
|switch|p2a: Tyranitar|Tyranitar-Mega, L50, F|100/100
|turn|5
|inactive|eastyliam67 has 30 seconds left.
|inactive|huanyu0.0 has 30 seconds left.
|inactive|eastyliam67 has 20 seconds left.
|inactive|eastyliam67 has 15 seconds left.
|
|t:|1785251629
|switch|p2b: Milotic|Milotic, L50, M|100/100
|move|p1a: Basculegion|Protect|p1a: Basculegion
|-singleturn|p1a: Basculegion|Protect
|move|p1b: Kingambit|Sucker Punch||[still]
|-fail|p1b: Kingambit
|move|p2a: Tyranitar|Rock Slide|p1b: Kingambit|[spread] p1b
|-activate|p1a: Basculegion|move: Protect
|-resisted|p1b: Kingambit|1
|-damage|p1b: Kingambit|0 fnt
|faint|p1b: Kingambit
|
|-weather|none
|upkeep
|
|t:|1785251631
|switch|p1b: Floette|Floette-Eternal, L50, F|94/100
|turn|6
|inactive|eastyliam67 has 30 seconds left.
|inactive|huanyu0.0 has 30 seconds left.
|inactive|huanyu0.0 has 20 seconds left.
|inactive|huanyu0.0 has 15 seconds left.
|inactive|huanyu0.0 has 10 seconds left.
|
|t:|1785251679
|detailschange|p1b: Floette|Floette-Mega, L50, F
|-mega|p1b: Floette|Floette|Floettite
|-ability|p1b: Floette|Fairy Aura
|move|p1b: Floette|Moonblast|p2a: Tyranitar
|-supereffective|p2a: Tyranitar|1
|-damage|p2a: Tyranitar|0 fnt
|faint|p2a: Tyranitar
|move|p1a: Basculegion|Last Respects|p2b: Milotic
|-damage|p2b: Milotic|15/100
|-enditem|p2b: Milotic|Sitrus Berry|[eat]
|-heal|p2b: Milotic|40/100|[from] item: Sitrus Berry
|move|p2b: Milotic|Scald|p1b: Floette
|-damage|p1b: Floette|69/100
|-status|p1b: Floette|brn
|
|-damage|p1b: Floette|63/100 brn|[from] brn
|upkeep
|
|t:|1785251682
|switch|p2a: Excadrill|Excadrill, L50, M|27/100
|turn|7
|
|t:|1785251690
|move|p1b: Floette|Moonblast|p2a: Excadrill
|-resisted|p2a: Excadrill|1
|-damage|p2a: Excadrill|0 fnt
|faint|p2a: Excadrill
|move|p1a: Basculegion|Last Respects|p2b: Milotic
|-damage|p2b: Milotic|0 fnt
|faint|p2b: Milotic
|
|win|eastyliam67
||huanyu0.0 is ready for game 3.
||eastyliam67 is ready for game 3.
|uhtml|next|Next: Game 3 of 3
|l| 0oBRUNCHo0
|l| white2000
|l|☆eastyliam67
|player|p1|
