|j|☆lettitripppp
|j|‽YakkyLad
|html|lettitrippppYakkyLad    
|uhtml|bestof|Game 2 of a best-of-3
|t:|1785456668
|gametype|doubles
|player|p1|lettitripppp|lucas|1179
|player|p2|YakkyLad|marshal|1082
|gen|9
|tier|[Gen 9 Champions] VGC 2026 Reg M-B (Bo3)
|rated|
|rule|Species Clause: Limit one of each Pokémon
|rule|Item Clause: Limit 1 of each item
|clearpoke
|poke|p1|Charizard, L50, M|
|poke|p1|Glimmora, L50, F|
|poke|p1|Ninetales-Alola, L50, M|
|poke|p1|Whimsicott, L50, F, shiny|
|poke|p1|Kingambit, L50, F, shiny|
|poke|p1|Kommo-o, L50, M|
|poke|p2|Charizard, L50, F|
|poke|p2|Venusaur, L50, M|
|poke|p2|Garchomp, L50, F|
|poke|p2|Rotom-Wash, L50|
|poke|p2|Sneasler, L50, M|
|poke|p2|Incineroar, L50, M|
|teampreview|4
|showteam|p1|Charizard||CharizarditeY|Blaze|WeatherBall,SolarBeam,HeatWave,Protect|Modest||M|||50|]Glimmora||Glimmoranite|ToxicDebris|SludgeBomb,EarthPower,PowerGem,SpikyShield|Timid||F|||50|]Ninetales-Alola||NeverMeltIce|SnowWarning|FreezeDry,Blizzard,Disable,Protect|Timid||M|||50|]Whimsicott||FocusSash|Prankster|Moonblast,Tailwind,Encore,Protect|Timid||F|||50|]Kingambit||BlackGlasses|Defiant|KowtowCleave,SuckerPunch,IronHead,Protect|Adamant||F|||50|]Kommo-o||LifeOrb|Overcoat|ClangingScales,VacuumWave,AuraSphere,Protect|Timid||M|||50|
|showteam|p2|Charizard||CharizarditeY|Blaze|HeatWave,SolarBeam,WeatherBall,Protect|Timid||F|||50|]Venusaur||FocusSash|Chlorophyll|LeafStorm,SludgeBomb,SleepPowder,Protect|Timid||M|||50|]Garchomp||ChoiceScarf|RoughSkin|Earthquake,Bulldoze,DragonClaw,RockSlide|Jolly||F|||50|]Rotom-Wash||Leftovers|Levitate|WillOWisp,Thunderbolt,HydroPump,Protect|Calm|||||50|]Sneasler||WhiteHerb|Unburden|FakeOut,CloseCombat,DireClaw,RockTomb|Adamant||M|||50|]Incineroar||SitrusBerry|Intimidate|FakeOut,FlareBlitz,PartingShot,DarkestLariat|Careful||M|||50|
|inactive|Battle timer is ON: inactive players will automatically lose when time's up. (requested by lettitripppp)
|inactive|YakkyLad also wants the timer to be on.
|
|t:|1785456680
|teamsize|p1|4
|teamsize|p2|4
|start
|switch|p1a: SOULOLA|Kommo-o, L50, M|100/100
|switch|p1b: LETS GO GO|Whimsicott, L50, F, shiny|100/100
|switch|p2a: Incineroar|Incineroar, L50, M|100/100
|switch|p2b: Charizard|Charizard, L50, F|100/100
|-ability|p2a: Incineroar|Intimidate|boost
|-unboost|p1a: SOULOLA|atk|1
|-unboost|p1b: LETS GO GO|atk|1
|turn|1
|
|t:|1785456701
|detailschange|p2b: Charizard|Charizard-Mega-Y, L50, F
|-mega|p2b: Charizard|Charizard|Charizardite Y
|-weather|SunnyDay|[from] ability: Drought|[of] p2b: Charizard
|move|p1b: LETS GO GO|Protect|p1b: LETS GO GO
|-singleturn|p1b: LETS GO GO|Protect
|move|p2a: Incineroar|Fake Out|p1a: SOULOLA
|-damage|p1a: SOULOLA|89/100
|move|p2b: Charizard|Weather Ball|p1b: LETS GO GO
|-activate|p1b: LETS GO GO|move: Protect
|cant|p1a: SOULOLA|flinch
|
|-weather|SunnyDay|[upkeep]
|upkeep
|turn|2
|
|t:|1785456714
|move|p1b: LETS GO GO|Moonblast|p2a: Incineroar
|-damage|p2a: Incineroar|80/100
|move|p2b: Charizard|Heat Wave|p1a: SOULOLA|[spread] p1b
|-miss|p2b: Charizard|p1a: SOULOLA
|-supereffective|p1b: LETS GO GO|1
|-enditem|p1b: LETS GO GO|Focus Sash
|-damage|p1b: LETS GO GO|1/100
|move|p1a: SOULOLA|Aura Sphere|p2a: Incineroar
|-supereffective|p2a: Incineroar|1
|-damage|p2a: Incineroar|18/100
|-enditem|p2a: Incineroar|Sitrus Berry|[eat]
|-heal|p2a: Incineroar|43/100|[from] item: Sitrus Berry
|-damage|p1a: SOULOLA|79/100|[from] item: Life Orb
|move|p2a: Incineroar|Parting Shot|p1a: SOULOLA
|-unboost|p1a: SOULOLA|atk|1
|-unboost|p1a: SOULOLA|spa|1
|
|t:|1785456722
|switch|p2a: Venusaur|Venusaur, L50, M|100/100|[from] Parting Shot
|
|-weather|SunnyDay|[upkeep]
|upkeep
|turn|3
|
|t:|1785456736
|switch|p1a: AGNI|Charizard, L50, M|100/100
|move|p2b: Charizard|Protect|p2b: Charizard
|-singleturn|p2b: Charizard|Protect
|move|p1b: LETS GO GO|Tailwind|p1b: LETS GO GO
|-sidestart|p1: lettitripppp|move: Tailwind
|move|p2a: Venusaur|Sludge Bomb|p1b: LETS GO GO
|-supereffective|p1b: LETS GO GO|2
|-damage|p1b: LETS GO GO|0 fnt
|faint|p1b: LETS GO GO
|
|-weather|SunnyDay|[upkeep]
|upkeep
|
|t:|1785456745
|switch|p1b: SOULOLA|Kommo-o, L50, M|79/100
|turn|4
|
|t:|1785456763
|switch|p2a: Incineroar|Incineroar, L50, M|43/100
|-ability|p2a: Incineroar|Intimidate|boost
|-unboost|p1a: AGNI|atk|1
|-unboost|p1b: SOULOLA|atk|1
|detailschange|p1a: AGNI|Charizard-Mega-Y, L50, M
|-mega|p1a: AGNI|Charizard|Charizardite Y
|move|p1b: SOULOLA|Clanging Scales|p2a: Incineroar|[spread] p2a,p2b
|-crit|p2b: Charizard
|-damage|p2a: Incineroar|9/100
|-damage|p2b: Charizard|29/100
|-unboost|p1b: SOULOLA|def|1
|-damage|p1b: SOULOLA|69/100|[from] item: Life Orb
|move|p1a: AGNI|Heat Wave|p2b: Charizard|[spread] p2a,p2b
|-resisted|p2a: Incineroar|1
|-resisted|p2b: Charizard|1
|-damage|p2a: Incineroar|0 fnt
|-damage|p2b: Charizard|0 fnt
|faint|p2a: Incineroar
|faint|p2b: Charizard
|
|-weather|SunnyDay|[upkeep]
|upkeep
|
|t:|1785456779
|switch|p2b: Venusaur|Venusaur, L50, M|100/100
|switch|p2a: Garchomp|Garchomp, L50, F|100/100
|turn|5
|
|t:|1785456785
|move|p2b: Venusaur|Protect|p2b: Venusaur
|-singleturn|p2b: Venusaur|Protect
|move|p1b: SOULOLA|Clanging Scales|p2b: Venusaur|[spread] p2a
|-activate|p2b: Venusaur|move: Protect
|-supereffective|p2a: Garchomp|1
|-damage|p2a: Garchomp|0 fnt
|faint|p2a: Garchomp
|-unboost|p1b: SOULOLA|def|1
|-damage|p1b: SOULOLA|59/100|[from] item: Life Orb
|move|p1a: AGNI|Weather Ball|p2b: Venusaur
|-activate|p2b: Venusaur|move: Protect
|
|-weather|none
|upkeep
|turn|6
|-message|YakkyLad forfeited.
|
|win|lettitripppp
|raw|lettitripppp's rating: 1179 → 1197(+18 for winning)
|raw|YakkyLad's rating: 1082 → 1066(-16 for losing)
|l|‽YakkyLad
|player|p2|
