|j|☆friendofmamo
|j|☆MrMrvz
|html|friendofmamoMrMrvz    
|uhtml|bestof|Game 3 of a best-of-3
|t:|1784895272
|gametype|doubles
|player|p1|friendofmamo|170|1211
|player|p2|MrMrvz|ethan|1210
|gen|9
|tier|[Gen 9 Champions] VGC 2026 Reg M-B (Bo3)
|rated|
|rule|Species Clause: Limit one of each Pokémon
|rule|Item Clause: Limit 1 of each item
|clearpoke
|poke|p1|Kingambit, L50, F, shiny|
|poke|p1|Whimsicott, L50, F|
|poke|p1|Froslass, L50, F|
|poke|p1|Blaziken, L50, M|
|poke|p1|Farigiraf, L50, M|
|poke|p1|Sneasler, L50, F|
|poke|p2|Feraligatr, L50, M, shiny|
|poke|p2|Sceptile, L50, M|
|poke|p2|Staraptor, L50, M|
|poke|p2|Vileplume, L50, M|
|poke|p2|Gholdengo, L50|
|poke|p2|Houndoom, L50, M|
|teampreview|4
|showteam|p1|Kingambit||BlackGlasses|Defiant|Protect,SwordsDance,SuckerPunch,KowtowCleave|Adamant||F|||50|]Whimsicott||FocusSash|Prankster|Moonblast,Tailwind,Encore,Protect|Timid||F|||50|]Froslass||Froslassite|CursedBody|AuroraVeil,Blizzard,ShadowBall,Protect|Modest||F|||50|]Blaziken||Blazikenite|SpeedBoost|FlareBlitz,RockSlide,CloseCombat,Protect|Adamant||M|||50|]Farigiraf||SitrusBerry|ArmorTail|Psychic,Thunderbolt,TrickRoom,Protect|Bold||M|||50|]Sneasler||WhiteHerb|PoisonTouch|PoisonJab,CloseCombat,Protect,FakeOut|Adamant||F|||50|
|showteam|p2|Feraligatr||LifeOrb|SheerForce|Liquidation,RockSlide,IcePunch,AquaJet|Adamant||M|||50|]Sceptile||WhiteHerb|Unburden|LeafStorm,RockTomb,Detect,EarthPower|Timid||M|||50|]Staraptor||Staraptite|Intimidate|BraveBird,CloseCombat,Protect,Roost|Jolly||M|||50|]Vileplume||BigRoot|EffectSpore|SludgeBomb,GigaDrain,StrengthSap,LeechSeed|Relaxed||M|||50|]Gholdengo||SitrusBerry|GoodasGold|MakeItRain,NastyPlot,ShadowBall,Protect|Modest|||||50|]Houndoom||FocusSash|FlashFire|SuckerPunch,Snarl,HeatWave,Protect|Hasty||M|||50|
|inactive|Battle timer is ON: inactive players will automatically lose when time's up. (requested by friendofmamo)
|inactive|friendofmamo has 60 seconds left.
|inactive|MrMrvz has 60 seconds left.
|
|t:|1784895332
|teamsize|p1|4
|teamsize|p2|4
|start
|switch|p1a: Sneasler|Sneasler, L50, F|100/100
|switch|p1b: Kingambit|Kingambit, L50, F, shiny|100/100
|switch|p2a: Feraligatr|Feraligatr, L50, M, shiny|100/100
|switch|p2b: Houndoom|Houndoom, L50, M|100/100
|turn|1
|inactive|MrMrvz has 30 seconds left.
|
|t:|1784895364
|move|p1a: Sneasler|Fake Out|p2b: Houndoom
|-crit|p2b: Houndoom
|-damage|p2b: Houndoom|49/100
|-status|p2b: Houndoom|psn|[from] ability: Poison Touch|[of] p1a: Sneasler
|cant|p2b: Houndoom|flinch
|move|p2a: Feraligatr|Liquidation|p1b: Kingambit
|-damage|p1b: Kingambit|56/100
|move|p1b: Kingambit|Swords Dance|p1b: Kingambit
|-boost|p1b: Kingambit|atk|2
|
|-damage|p2b: Houndoom|37/100 psn|[from] psn
|upkeep
|turn|2
|inactive|MrMrvz has 30 seconds left.
|inactive|MrMrvz has 20 seconds left.
|
|t:|1784895400
|move|p2b: Houndoom|Protect|p2b: Houndoom
|-singleturn|p2b: Houndoom|Protect
|move|p1b: Kingambit|Sucker Punch|p2a: Feraligatr
|-damage|p2a: Feraligatr|10/100
|move|p1a: Sneasler|Poison Jab|p2b: Houndoom
|-activate|p2b: Houndoom|move: Protect
|move|p2a: Feraligatr|Liquidation|p1a: Sneasler
|-damage|p1a: Sneasler|0 fnt
|faint|p1a: Sneasler
|
|-damage|p2b: Houndoom|25/100 psn|[from] psn
|upkeep
|
|t:|1784895419
|switch|p1a: Blaziken|Blaziken, L50, M|100/100
|turn|3
|inactive|friendofmamo has 30 seconds left.
|inactive|MrMrvz has 30 seconds left.
|inactive|friendofmamo has 20 seconds left.
|inactive|MrMrvz has 20 seconds left.
|inactive|friendofmamo has 15 seconds left.
|
|t:|1784895459
|switch|p1a: Farigiraf|Farigiraf, L50, M|100/100
|move|p2a: Feraligatr|Aqua Jet||[still]
|cant|p1a: Farigiraf|ability: Armor Tail|Aqua Jet|[of] p2a: Feraligatr
|move|p2b: Houndoom|Heat Wave|p1a: Farigiraf|[spread] p1a,p1b
|-supereffective|p1b: Kingambit|1
|-damage|p1a: Farigiraf|64/100
|-damage|p1b: Kingambit|0 fnt
|faint|p1b: Kingambit
|
|-damage|p2b: Houndoom|13/100 psn|[from] psn
|upkeep
|
|t:|1784895471
|switch|p1b: Blaziken|Blaziken, L50, M|100/100
|turn|4
|inactive|MrMrvz has 30 seconds left.
|
|t:|1784895499
|switch|p2a: Staraptor|Staraptor, L50, M|100/100
|-ability|p2a: Staraptor|Intimidate|boost
|-unboost|p1a: Farigiraf|atk|1
|-unboost|p1b: Blaziken|atk|1
|detailschange|p1b: Blaziken|Blaziken-Mega, L50, M
|-mega|p1b: Blaziken|Blaziken|Blazikenite
|move|p2b: Houndoom|Protect|p2b: Houndoom
|-singleturn|p2b: Houndoom|Protect
|move|p1b: Blaziken|Rock Slide|p2a: Staraptor|[spread] p2a
|-activate|p2b: Houndoom|move: Protect
|-supereffective|p2a: Staraptor|1
|-damage|p2a: Staraptor|57/100
|move|p1a: Farigiraf|Psychic|p2a: Staraptor
|-crit|p2a: Staraptor
|-damage|p2a: Staraptor|0 fnt
|faint|p2a: Staraptor
|
|-damage|p2b: Houndoom|1/100 psn|[from] psn
|-ability|p1b: Blaziken|Speed Boost|boost
|-boost|p1b: Blaziken|spe|1
|upkeep
|
|t:|1784895517
|switch|p2a: Gholdengo|Gholdengo, L50|100/100
|turn|5
|inactive|MrMrvz has 30 seconds left.
|
|t:|1784895546
|move|p1b: Blaziken|Flare Blitz|p2a: Gholdengo
|-supereffective|p2a: Gholdengo|1
|-damage|p2a: Gholdengo|1/100
|-enditem|p2a: Gholdengo|Sitrus Berry|[eat]
|-heal|p2a: Gholdengo|25/100|[from] item: Sitrus Berry
|-damage|p1b: Blaziken|59/100|[from] Recoil
|move|p2b: Houndoom|Snarl|p1a: Farigiraf|[spread] p1a,p1b
|-supereffective|p1a: Farigiraf|1
|-resisted|p1b: Blaziken|1
|-damage|p1a: Farigiraf|24/100
|-damage|p1b: Blaziken|45/100
|-unboost|p1a: Farigiraf|spa|1
|-unboost|p1b: Blaziken|spa|1
|-enditem|p1a: Farigiraf|Sitrus Berry|[eat]
|-heal|p1a: Farigiraf|49/100|[from] item: Sitrus Berry
|move|p2a: Gholdengo|Shadow Ball|p1b: Blaziken
|-damage|p1b: Blaziken|0 fnt
|faint|p1b: Blaziken
|move|p1a: Farigiraf|Thunderbolt|p2b: Houndoom
|-damage|p2b: Houndoom|0 fnt
|faint|p2b: Houndoom
|
|upkeep
|
|t:|1784895564
|switch|p2b: Feraligatr|Feraligatr, L50, M, shiny|10/100
|turn|6
|
|t:|1784895575
|move|p2a: Gholdengo|Make It Rain|p1a: Farigiraf
|-crit|p1a: Farigiraf
|-damage|p1a: Farigiraf|0 fnt
|-unboost|p2a: Gholdengo|spa|2
|faint|p1a: Farigiraf
|
|win|MrMrvz
|raw|friendofmamo's rating: 1211 → 1186(-25 for losing)
|raw|MrMrvz's rating: 1210 → 1235(+25 for winning)
|l|☆friendofmamo
|player|p1|
