|j|☆digenerateneko
|j|☆Finger_Bender
|html|digeneratenekoFinger_Bender    
|uhtml|bestof|Game 3 of a best-of-3
|t:|1757211974
|gametype|doubles
|player|p1|digenerateneko|psychic-gen4|1000
|player|p2|Finger_Bender|flannery|1056
|gen|9
|tier|[Gen 9] VGC 2025 Reg H (Bo3)
|rated|
|rule|Species Clause: Limit one of each Pokémon
|rule|Item Clause: Limit 1 of each item
|clearpoke
|poke|p1|Gothitelle, L50, M|
|poke|p1|Politoed, L50, F|
|poke|p1|Dondozo, L50, M|
|poke|p1|Tatsugiri, L50, F|
|poke|p1|Armarouge, L50, M|
|poke|p1|Indeedee-F, L50, F|
|poke|p2|Incineroar, L50, M|
|poke|p2|Primarina, L50, F|
|poke|p2|Rillaboom, L50, M|
|poke|p2|Altaria, L50, M|
|poke|p2|Hydreigon, L50, F|
|poke|p2|Clefable, L50, M|
|teampreview|4
|showteam|p1|Gothitelle||SitrusBerry|ShadowTag|FakeOut,Protect,TrickRoom,Psychic|||M|||50|,,,,,Dark]Politoed||Leftovers|Drizzle|PerishSong,Protect,WeatherBall,Encore|||F|||50|,,,,,Grass]Dondozo||AguavBerry|Unaware|OrderUp,WaveCrash,Protect,Earthquake|||M|||50|,,,,,Grass]Tatsugiri||FocusSash|Commander|MuddyWater,IcyWind,DracoMeteor,Protect|||F|||50|,,,,,Dragon]Armarouge||MindPlate|FlashFire|ExpandingForce,WeatherBall,TrickRoom,Protect|||M|||50|,,,,,Psychic]Indeedee-F||PsychicSeed|PsychicSurge|FollowMe,TrickRoom,HelpingHand,Psychic|||F|||50|,,,,,Psychic
|showteam|p2|Incineroar||SafetyGoggles|Intimidate|FakeOut,KnockOff,PartingShot,FirePledge|||M|||50|,,,,,Ghost]Primarina||LifeOrb|LiquidVoice|HyperVoice,Moonblast,WaterPledge,Protect|||F|||50|,,,,,Grass]Rillaboom||AssaultVest|GrassySurge|FakeOut,GrassyGlide,GrassPledge,Uturn|||M|||50|,,,,,Fire]Altaria||SitrusBerry|CloudNine|Moonblast,Roost,DragonCheer,CottonGuard|||M|||50|,,,,,Fairy]Hydreigon||ScopeLens|Levitate|DracoMeteor,FocusEnergy,Flamethrower,Protect|||F|||50|,,,,,Fire]Clefable||GrassySeed|Unaware|FollowMe,Moonblast,LifeDew,KnockOff|||M|||50|,,,,,Steel
|inactive|Battle timer is ON: inactive players will automatically lose when time's up. (requested by digenerateneko)
|
|t:|1757212002
|teamsize|p1|4
|teamsize|p2|4
|start
|switch|p1a: Armarouge|Armarouge, L50, M|100/100
|switch|p1b: Indeedee|Indeedee-F, L50, F|100/100
|switch|p2a: Incineroar|Incineroar, L50, M|100/100
|switch|p2b: Rillaboom|Rillaboom, L50, M|100/100
|-fieldstart|move: Grassy Terrain|[from] ability: Grassy Surge|[of] p2b: Rillaboom
|-ability|p2a: Incineroar|Intimidate|boost
|-unboost|p1a: Armarouge|atk|1
|-unboost|p1b: Indeedee|atk|1
|-fieldstart|move: Psychic Terrain|[from] ability: Psychic Surge|[of] p1b: Indeedee
|-enditem|p1b: Indeedee|Psychic Seed
|-boost|p1b: Indeedee|spd|1|[from] item: Psychic Seed
|turn|1
|c|☆digenerateneko|oh wait i got weather ball
|inactive|digenerateneko has 30 seconds left.
|inactive|Finger_Bender has 30 seconds left.
|inactive|digenerateneko has 20 seconds left.
|inactive|digenerateneko has 15 seconds left.
|
|t:|1757212042
|move|p1b: Indeedee|Follow Me|p1b: Indeedee
|-singleturn|p1b: Indeedee|move: Follow Me
|move|p2b: Rillaboom|U-turn|p1b: Indeedee
|-supereffective|p1b: Indeedee
|-damage|p1b: Indeedee|56/100
|
|t:|1757212049
|switch|p2b: Primarina|Primarina, L50, F|100/100|[from] U-turn
|move|p2a: Incineroar|Parting Shot|p1b: Indeedee
|-unboost|p1b: Indeedee|atk|1
|-unboost|p1b: Indeedee|spa|1
|
|t:|1757212055
|switch|p2a: Rillaboom|Rillaboom, L50, M|100/100|[from] Parting Shot
|-fieldstart|move: Grassy Terrain|[from] ability: Grassy Surge|[of] p2a: Rillaboom
|move|p1a: Armarouge|Trick Room|p1a: Armarouge
|-fieldstart|move: Trick Room|[of] p1a: Armarouge
|
|-heal|p1b: Indeedee|63/100|[from] Grassy Terrain
|upkeep
|turn|2
|c|☆digenerateneko|i forgot to bring the drizzle dude
|c|☆digenerateneko|welp it was worth a shot
|inactive|digenerateneko has 30 seconds left.
|
|t:|1757212084
|switch|p1b: Dondozo|Dondozo, L50, M|100/100
|move|p1a: Armarouge|Protect|p1a: Armarouge
|-singleturn|p1a: Armarouge|Protect
|move|p2a: Rillaboom|Fake Out|p1a: Armarouge
|-activate|p1a: Armarouge|move: Protect
|move|p2b: Primarina|Hyper Voice|p1a: Armarouge|[spread] p1b
|-activate|p1a: Armarouge|move: Protect
|-resisted|p1b: Dondozo
|-crit|p1b: Dondozo
|-damage|p1b: Dondozo|68/100
|-damage|p2b: Primarina|90/100|[from] item: Life Orb
|
|-heal|p1b: Dondozo|74/100|[from] Grassy Terrain
|-heal|p2b: Primarina|97/100|[from] Grassy Terrain
|upkeep
|turn|3
|c|☆Finger_Bender|thanks for telling me u dont have perish lmao
|c|☆digenerateneko|oh
|c|☆digenerateneko|shit
|c|☆digenerateneko|i mean
|
|t:|1757212103
|switch|p1b: Indeedee|Indeedee-F, L50, F|63/100
|-fieldstart|move: Psychic Terrain|[from] ability: Psychic Surge|[of] p1b: Indeedee
|-terastallize|p1a: Armarouge|Psychic
|move|p1a: Armarouge|Expanding Force|p2a: Rillaboom|[spread] p2a,p2b
|-damage|p2a: Rillaboom|40/100
|-damage|p2b: Primarina|3/100
|move|p2b: Primarina|Hyper Voice|p1a: Armarouge|[spread] p1a,p1b
|-damage|p1a: Armarouge|49/100
|-damage|p1b: Indeedee|20/100
|-damage|p2b: Primarina|0 fnt|[from] item: Life Orb
|faint|p2b: Primarina
|move|p2a: Rillaboom|Grassy Glide|p1b: Indeedee
|-damage|p1b: Indeedee|0 fnt
|faint|p1b: Indeedee
|
|upkeep
|c|☆digenerateneko|hes definately back there
|
|t:|1757212124
|switch|p1b: Dondozo|Dondozo, L50, M|74/100
|switch|p2b: Clefable|Clefable, L50, M|100/100
|turn|4
|inactive|Finger_Bender has 30 seconds left.
|inactive|Finger_Bender has 20 seconds left.
|inactive|Finger_Bender has 15 seconds left.
|inactive|Finger_Bender has 10 seconds left.
|inactive|Finger_Bender has 5 seconds left.
|
|t:|1757212176
|move|p1b: Dondozo|Protect|p1b: Dondozo
|-singleturn|p1b: Dondozo|Protect
|move|p1a: Armarouge|Expanding Force|p2a: Rillaboom|[spread] p2a,p2b
|-damage|p2a: Rillaboom|0 fnt
|-damage|p2b: Clefable|21/100
|faint|p2a: Rillaboom
|move|p2b: Clefable|Life Dew|p2b: Clefable
|-heal|p2b: Clefable|47/100
|
|upkeep
|
|t:|1757212187
|switch|p2a: Incineroar|Incineroar, L50, M|100/100
|-ability|p2a: Incineroar|Intimidate|boost
|-unboost|p1a: Armarouge|atk|1
|-unboost|p1b: Dondozo|atk|1
|turn|5
|
|t:|1757212207
|-terastallize|p2b: Clefable|Steel
|move|p1b: Dondozo|Wave Crash|p2a: Incineroar
|-supereffective|p2a: Incineroar
|-damage|p2a: Incineroar|31/100
|-damage|p1b: Dondozo|56/100|[from] Recoil
|move|p1a: Armarouge|Expanding Force|p2a: Incineroar|[spread] p2b
|-immune|p2a: Incineroar
|-resisted|p2b: Clefable
|-damage|p2b: Clefable|9/100
|move|p2b: Clefable|Life Dew|p2b: Clefable|[spread] p2a,p2b
|-heal|p2a: Incineroar|56/100
|-heal|p2b: Clefable|35/100
|move|p2a: Incineroar|Knock Off|p1a: Armarouge
|-supereffective|p1a: Armarouge
|-damage|p1a: Armarouge|0 fnt
|-enditem|p1a: Armarouge|Mind Plate|[from] move: Knock Off|[of] p2a: Incineroar
|faint|p1a: Armarouge
|
|-fieldend|move: Trick Room
|upkeep
|c|☆Finger_Bender|ggs
|c|☆digenerateneko|gg
|
|t:|1757212220
|switch|p1a: Tatsugiri|Tatsugiri, L50, F|100/100
|-activate|p1a: Tatsugiri|ability: Commander|[of] p1b: Dondozo
|-boost|p1b: Dondozo|atk|2
|-boost|p1b: Dondozo|spa|2
|-boost|p1b: Dondozo|spe|2
|-boost|p1b: Dondozo|def|2
|-boost|p1b: Dondozo|spd|2
|turn|6
|c|☆digenerateneko|does eq kill
|
|t:|1757212241
|move|p1b: Dondozo|Earthquake|p2b: Clefable|[spread] p2a,p2b
|-miss|p1b: Dondozo|p1a: Tatsugiri
|-supereffective|p2a: Incineroar
|-supereffective|p2b: Clefable
|-damage|p2a: Incineroar|0 fnt
|-damage|p2b: Clefable|0 fnt
|faint|p2a: Incineroar
|faint|p2b: Clefable
|
|win|digenerateneko
|raw|digenerateneko's rating: 1000 → 1046(+46 for winning)
|raw|Finger_Bender's rating: 1056 → 1035(-21 for losing)
|l|☆Finger_Bender
|player|p2|
|c|☆digenerateneko|damn gg
|n| Spiritnekoalt|digenerateneko
|n| spiritnekoalt|spiritnekoalt
