|j|☆platinumflare
|j|☆Weare17
|html|platinumflareWeare17    
|uhtml|bestof|Game 1 of a best-of-3
|t:|1786046682
|gametype|doubles
|player|p1|platinumflare|lance|1201
|player|p2|Weare17|265|1307
|gen|9
|tier|[Gen 9 Champions] VGC 2026 Reg M-B (Bo3)
|rated|
|rule|Species Clause: Limit one of each Pokémon
|rule|Item Clause: Limit 1 of each item
|clearpoke
|poke|p1|Staraptor, L50, F|
|poke|p1|Raichu, L50, F|
|poke|p1|Meowscarada, L50, M|
|poke|p1|Talonflame, L50, M|
|poke|p1|Farigiraf, L50, M|
|poke|p1|Kingambit, L50, M|
|poke|p2|Staraptor, L50, M|
|poke|p2|Arcanine-Hisui, L50, F|
|poke|p2|Sylveon, L50, M|
|poke|p2|Kingambit, L50, F|
|poke|p2|Farigiraf, L50, M|
|poke|p2|Raichu, L50, F|
|teampreview|4
|showteam|p1|Staraptor||Staraptite|Intimidate|BraveBird,CloseCombat,Protect,Roost|Jolly||F|||50|]Raichu||RaichuniteY|LightningRod|ZapCannon,FocusBlast,GrassKnot,Protect|Timid||F|||50|]Meowscarada||ChoiceScarf|Protean|FlowerTrick,TripleAxel,ThroatChop,Uturn|Adamant||M|||50|]Talonflame||SharpBeak|GaleWings|DualWingbeat,FlareBlitz,Protect,Tailwind|Jolly||M|||50|]Farigiraf||SitrusBerry|ArmorTail|TrickRoom,Imprison,Psychic,HyperVoice|Modest||M|||50|]Kingambit||LifeOrb|Defiant|KowtowCleave,IronHead,SuckerPunch,Protect|Adamant||M|||50|
|showteam|p2|Staraptor||Staraptite|Intimidate|Protect,Tailwind,CloseCombat,BraveBird|Jolly||M|||50|]Arcanine-Hisui||FocusSash|RockHead|ExtremeSpeed,FlareBlitz,HeadSmash,Protect|Jolly||F|||50|]Sylveon||FairyFeather|Pixilate|Detect,QuickAttack,HyperVoice,HyperBeam|Modest||M|||50|]Kingambit||LifeOrb|Defiant|KowtowCleave,SuckerPunch,SwordsDance,Protect|Adamant||F|||50|]Farigiraf||SitrusBerry|ArmorTail|Protect,Psychic,HelpingHand,TrickRoom|Bold||M|||50|]Raichu||RaichuniteY|LightningRod|Protect,FakeOut,FocusBlast,ZapCannon|Timid||F|||50|
|inactive|Battle timer is ON: inactive players will automatically lose when time's up. (requested by platinumflare)
|inactive|platinumflare has 60 seconds left.
|
|t:|1786046725
|teamsize|p1|4
|teamsize|p2|4
|start
|switch|p1a: Kingambit|Kingambit, L50, M|100/100
|switch|p1b: Raichu|Raichu, L50, F|100/100
|switch|p2a: Sylveon|Sylveon, L50, M|100/100
|switch|p2b: Raichu|Raichu, L50, F|100/100
|turn|1
|
|t:|1786046742
|switch|p2a: Farigiraf|Farigiraf, L50, M|100/100
|detailschange|p2b: Raichu|Raichu-Mega-Y, L50, F
|-mega|p2b: Raichu|Raichu|Raichunite Y
|move|p2b: Raichu|Focus Blast|p1a: Kingambit
|-supereffective|p1a: Kingambit|2
|-damage|p1a: Kingambit|0 fnt
|faint|p1a: Kingambit
|move|p1b: Raichu|Focus Blast|p2b: Raichu
|-damage|p2b: Raichu|51/100
|-unboost|p2b: Raichu|spd|1
|
|upkeep
|
|t:|1786046751
|switch|p1a: Meowscarada|Meowscarada, L50, M|100/100
|turn|2
|inactive|platinumflare has 30 seconds left.
|
|t:|1786046779
|detailschange|p1b: Raichu|Raichu-Mega-Y, L50, F
|-mega|p1b: Raichu|Raichu|Raichunite Y
|move|p2b: Raichu|Protect|p2b: Raichu
|-singleturn|p2b: Raichu|Protect
|move|p1a: Meowscarada|Throat Chop|p2a: Farigiraf
|-start|p1a: Meowscarada|typechange|Dark|[from] ability: Protean
|-supereffective|p2a: Farigiraf|1
|-damage|p2a: Farigiraf|41/100
|-start|p2a: Farigiraf|Throat Chop|[silent]
|-enditem|p2a: Farigiraf|Sitrus Berry|[eat]
|-heal|p2a: Farigiraf|66/100|[from] item: Sitrus Berry
|move|p1b: Raichu|Focus Blast|p2b: Raichu
|-activate|p2b: Raichu|move: Protect
|move|p2a: Farigiraf|Psychic|p1b: Raichu
|-damage|p1b: Raichu|54/100
|
|upkeep
|turn|3
|
|t:|1786046800
|switch|p2b: Sylveon|Sylveon, L50, M|100/100
|move|p2a: Farigiraf|Protect|p2a: Farigiraf
|-singleturn|p2a: Farigiraf|Protect
|move|p1a: Meowscarada|Throat Chop|p2a: Farigiraf
|-activate|p2a: Farigiraf|move: Protect
|move|p1b: Raichu|Focus Blast|p2b: Sylveon
|-resisted|p2b: Sylveon|1
|-damage|p2b: Sylveon|84/100
|
|-end|p2a: Farigiraf|Throat Chop|[silent]
|upkeep
|turn|4
|
|t:|1786046815
|move|p1a: Meowscarada|Throat Chop|p2a: Farigiraf
|-supereffective|p2a: Farigiraf|1
|-damage|p2a: Farigiraf|5/100
|-start|p2a: Farigiraf|Throat Chop|[silent]
|move|p1b: Raichu|Zap Cannon|p2b: Sylveon
|-damage|p2b: Sylveon|31/100
|-status|p2b: Sylveon|par
|move|p2b: Sylveon|Hyper Voice|p1b: Raichu|[spread] p1a,p1b
|-supereffective|p1a: Meowscarada|1
|-damage|p1a: Meowscarada|0 fnt
|-damage|p1b: Raichu|0 fnt
|faint|p1a: Meowscarada
|faint|p1b: Raichu
|move|p2a: Farigiraf|Trick Room|p2a: Farigiraf
|-fieldstart|move: Trick Room|[of] p2a: Farigiraf
|
|upkeep
|
|t:|1786046821
|switch|p1b: Farigiraf|Farigiraf, L50, M|100/100
|turn|5
|
|t:|1786046828
|move|p2a: Farigiraf|Helping Hand|p2b: Sylveon
|-singleturn|p2b: Sylveon|Helping Hand|[of] p2a: Farigiraf
|move|p2b: Sylveon|Hyper Beam|p1b: Farigiraf
|-damage|p1b: Farigiraf|0 fnt
|-mustrecharge|p2b: Sylveon
|faint|p1b: Farigiraf
|
|win|Weare17
||platinumflare is ready for game 2.
