|j|☆A_TerroneVGC
|j|☆Meatball Education
|html|A_TerroneVGCMeatball Education    
|uhtml|bestof|Game 3 of a best-of-3
|t:|1755064635
|gametype|doubles
|player|p1|A_TerroneVGC|102|1353
|player|p2|Meatball Education|101|1122
|gen|9
|tier|[Gen 9] VGC 2025 Reg H (Bo3)
|rated|
|rule|Species Clause: Limit one of each Pokémon
|rule|Item Clause: Limit 1 of each item
|clearpoke
|poke|p1|Basculegion, L50, M|
|poke|p1|Archaludon, L50, M|
|poke|p1|Kingambit, L50, M|
|poke|p1|Rillaboom, L50, M|
|poke|p1|Pelipper, L50, M|
|poke|p1|Electabuzz, L50, M|
|poke|p2|Torkoal, L50, M|
|poke|p2|Whimsicott, L50, F|
|poke|p2|Ursaluna, L50, F|
|poke|p2|Smeargle, L50, F|
|poke|p2|Dragapult, L50, M|
|poke|p2|Sylveon, L50, M|
|teampreview|4
|showteam|p1|Basculegion||ChoiceBand|SwiftSwim|WaveCrash,LastRespects,FlipTurn,AquaJet|||M|||50|,,,,,Grass]Archaludon||AssaultVest|Stamina|FlashCannon,DracoMeteor,ElectroShot,BodyPress|||M|||50|,,,,,Fairy]Kingambit||BlackGlasses|Defiant|KowtowCleave,SuckerPunch,SwordsDance,Protect|||M|||50|,,,,,Dark]Rillaboom||LoadedDice|GrassySurge|BulletSeed,GrassyGlide,HighHorsepower,FakeOut|||M|||50|,,,,,Fire]Pelipper||FocusSash|Drizzle|WeatherBall,Hurricane,Tailwind,Protect|||M|||50|,,,,,Ghost]Electabuzz||Eviolite|VitalSpirit|Electroweb,Taunt,FollowMe,Protect|||M|||50|,,,,,Ghost
|showteam|p2|Torkoal||SitrusBerry|Drought|Eruption,Flamethrower,ShellSmash,Protect|||M|||50|,,,,,Fire]Whimsicott||CovertCloak|Prankster|Moonblast,Encore,Tailwind,SunnyDay|||F|||50|,,,,,Dark]Ursaluna||FlameOrb|Guts|Facade,HeadlongRush,Substitute,Protect|||F|||50|,,,,,Ghost]Smeargle||FocusSash|Technician|FakeOut,Spore,FollowMe,Decorate|||F|||50|,,,,,Ghost]Dragapult||ChoiceBand|ClearBody|DragonDarts,PhantomForce,Outrage,Uturn|||M|||50|,,,,,Dragon]Sylveon||LifeOrb|Pixilate|HyperVoice,Moonblast,CalmMind,Protect|||M|||50|,,,,,Fairy
|inactive|Battle timer is ON: inactive players will automatically lose when time's up. (requested by Meatball Education)
|
|t:|1755064673
|teamsize|p1|4
|teamsize|p2|4
|start
|switch|p1a: Electabuzz|Electabuzz, L50, M|100/100
|switch|p1b: Rillaboom|Rillaboom, L50, M|100/100
|switch|p2a: Torkoal|Torkoal, L50, M, shiny|100/100
|switch|p2b: Smeargle|Smeargle, L50, F, shiny|100/100
|-fieldstart|move: Grassy Terrain|[from] ability: Grassy Surge|[of] p1b: Rillaboom
|-weather|SunnyDay|[from] ability: Drought|[of] p2a: Torkoal
|turn|1
|
|t:|1755064696
|-terastallize|p1b: Rillaboom|Fire
|-terastallize|p2a: Torkoal|Fire
|move|p2b: Smeargle|Fake Out|p1b: Rillaboom
|-damage|p1b: Rillaboom|93/100
|move|p1a: Electabuzz|Taunt|p2a: Torkoal
|-start|p2a: Torkoal|move: Taunt
|cant|p1b: Rillaboom|flinch
|move|p2a: Torkoal|Eruption|p1a: Electabuzz|[spread] p1a,p1b
|-resisted|p1b: Rillaboom
|-damage|p1a: Electabuzz|34/100
|-damage|p1b: Rillaboom|47/100
|
|-weather|SunnyDay|[upkeep]
|-heal|p1a: Electabuzz|40/100|[from] Grassy Terrain
|-heal|p1b: Rillaboom|53/100|[from] Grassy Terrain
|upkeep
|turn|2
|inactive|A_TerroneVGC has 30 seconds left.
|inactive|Meatball Education has 30 seconds left.
|inactive|A_TerroneVGC has 20 seconds left.
|
|t:|1755064734
|move|p2b: Smeargle|Follow Me|p2b: Smeargle
|-singleturn|p2b: Smeargle|move: Follow Me
|move|p1a: Electabuzz|Follow Me|p1a: Electabuzz
|-singleturn|p1a: Electabuzz|move: Follow Me
|move|p1b: Rillaboom|Bullet Seed|p2b: Smeargle
|-damage|p2b: Smeargle|63/100
|-damage|p2b: Smeargle|21/100
|-damage|p2b: Smeargle|0 fnt
|faint|p2b: Smeargle
|-hitcount|p2: Smeargle|3
|move|p2a: Torkoal|Eruption|p1b: Rillaboom|[spread] p1a,p1b
|-resisted|p1b: Rillaboom
|-damage|p1a: Electabuzz|0 fnt
|-damage|p1b: Rillaboom|4/100
|faint|p1a: Electabuzz
|
|-weather|SunnyDay|[upkeep]
|-heal|p1b: Rillaboom|10/100|[from] Grassy Terrain
|upkeep
|
|t:|1755064751
|switch|p2b: Whimsicott|Whimsicott, L50, F, shiny|100/100
|switch|p1a: Archaludon|Archaludon, L50, M|100/100
|turn|3
|
|t:|1755064768
|move|p2b: Whimsicott|Encore|p1b: Rillaboom
|-start|p1b: Rillaboom|Encore
|move|p1b: Rillaboom|Bullet Seed|p2b: Whimsicott
|-resisted|p2b: Whimsicott
|-damage|p2b: Whimsicott|92/100
|-resisted|p2b: Whimsicott
|-damage|p2b: Whimsicott|81/100
|-resisted|p2b: Whimsicott
|-damage|p2b: Whimsicott|72/100
|-resisted|p2b: Whimsicott
|-damage|p2b: Whimsicott|62/100
|-resisted|p2b: Whimsicott
|-damage|p2b: Whimsicott|51/100
|-hitcount|p2b: Whimsicott|5
|move|p1a: Archaludon|Flash Cannon|p2b: Whimsicott
|-supereffective|p2b: Whimsicott
|-damage|p2b: Whimsicott|0 fnt
|faint|p2b: Whimsicott
|move|p2a: Torkoal|Flamethrower|p1a: Archaludon
|-damage|p1a: Archaludon|50/100
|-ability|p1a: Archaludon|Stamina|boost
|-boost|p1a: Archaludon|def|1
|
|-weather|SunnyDay|[upkeep]
|-heal|p1b: Rillaboom|16/100|[from] Grassy Terrain
|-heal|p1a: Archaludon|56/100|[from] Grassy Terrain
|-end|p2a: Torkoal|move: Taunt
|upkeep
|
|t:|1755064782
|switch|p2b: Sylveon|Sylveon, L50, M, shiny|100/100
|turn|4
|
|t:|1755064801
|move|p2b: Sylveon|Protect|p2b: Sylveon
|-singleturn|p2b: Sylveon|Protect
|move|p1b: Rillaboom|Bullet Seed|p2b: Sylveon
|-activate|p2b: Sylveon|move: Protect
|move|p1a: Archaludon|Flash Cannon|p2b: Sylveon
|-activate|p2b: Sylveon|move: Protect
|move|p2a: Torkoal|Eruption|p1a: Archaludon|[spread] p1a,p1b
|-resisted|p1b: Rillaboom
|-damage|p1a: Archaludon|0 fnt
|-damage|p1b: Rillaboom|0 fnt
|faint|p1a: Archaludon
|faint|p1b: Rillaboom
|
|-weather|SunnyDay|[upkeep]
|upkeep
|
|t:|1755064806
|switch|p1a: Pelipper|Pelipper, L50, M|100/100
|-weather|RainDance|[from] ability: Drizzle|[of] p1a: Pelipper
|turn|5
|
|t:|1755064822
|move|p1a: Pelipper|Weather Ball|p2b: Sylveon
|-damage|p2b: Sylveon|46/100
|move|p2b: Sylveon|Hyper Voice|p1a: Pelipper
|-enditem|p1a: Pelipper|Focus Sash
|-damage|p1a: Pelipper|1/100
|-damage|p2b: Sylveon|36/100|[from] item: Life Orb
|move|p2a: Torkoal|Flamethrower|p1a: Pelipper
|-resisted|p1a: Pelipper
|-damage|p1a: Pelipper|0 fnt
|faint|p1a: Pelipper
|
|win|Meatball Education
|raw|A_TerroneVGC's rating: 1353 → 1321(-32 for losing)
|raw|Meatball Education's rating: 1122 → 1162(+40 for winning)
