|j|☆Arthur_FCB
|j|☆eltsurito
|html|Arthur_FCBeltsurito    
|uhtml|bestof|Game 2 of a best-of-3
|t:|1757197333
|gametype|doubles
|player|p1|Arthur_FCB|red-lgpe|1095
|player|p2|eltsurito|265|1051
|gen|9
|tier|[Gen 9] VGC 2025 Reg H (Bo3)
|rated|
|rule|Species Clause: Limit one of each Pokémon
|rule|Item Clause: Limit 1 of each item
|clearpoke
|poke|p1|Lycanroc, L50, M|
|poke|p1|Tyranitar, L50, M|
|poke|p1|Ursaluna-Bloodmoon, L50, M|
|poke|p1|Decidueye-Hisui, L50, F|
|poke|p1|Braviary-Hisui, L50, M|
|poke|p1|Muk, L50, M|
|poke|p2|Sneasler, L50, F|
|poke|p2|Indeedee, L50, M|
|poke|p2|Volcarona, L50, M|
|poke|p2|Ursaluna-Bloodmoon, L50, M|
|poke|p2|Annihilape, L50, M|
|poke|p2|Tyranitar, L50, M|
|teampreview|4
|showteam|p1|Lycanroc||FocusSash|SandRush|RockSlide,CloseCombat,Endeavor,Protect|||M|||50|,,,,,Ghost]Tyranitar||AssaultVest|SandStream|RockSlide,KnockOff,LowKick,Earthquake|||M|||50|,,,,,Flying]Ursaluna-Bloodmoon||LifeOrb|MindsEye|EarthPower,BloodMoon,HyperVoice,Protect|||M|||50|,,,,,Ghost]Decidueye-Hisui||ClearAmulet|Scrappy|LeafBlade,TripleArrows,Tailwind,Haze|||F|||50|,,,,,Water]Braviary-Hisui||ChoiceScarf|TintedLens|EsperWing,AirSlash,HeatWave,IcyWind|||M|||50|,,,,,Psychic]Muk||SitrusBerry|PoisonTouch|PoisonJab,KnockOff,Toxic,Minimize|||M|||50|,,,,,Flying
|showteam|p2|Sneasler||PsychicSeed|Unburden|CloseCombat,DireClaw,ThroatChop,Protect|||F|||50|,,,,,Dark]Indeedee||ChoiceScarf|PsychicSurge|ExpandingForce,TeraBlast,Trick,Protect|||M|||50|,,,,,Psychic]Volcarona||SitrusBerry|FlameBody|Overheat,StruggleBug,RagePowder,Tailwind|||M|||50|,,,,,Grass]Ursaluna-Bloodmoon||LifeOrb|MindsEye|BloodMoon,HyperVoice,EarthPower,Protect|||M|||50|,,,,,Normal]Annihilape||SafetyGoggles|Defiant|CloseCombat,RageFist,Taunt,FinalGambit|||M|||50|,,,,,Fairy]Tyranitar||AssaultVest|SandStream|RockSlide,KnockOff,TeraBlast,LowKick|||M|||50|,,,,,Flying
|inactive|Battle timer is ON: inactive players will automatically lose when time's up. (requested by eltsurito)
|inactive|Arthur_FCB has 60 seconds left.
|inactive|eltsurito has 60 seconds left.
|
|t:|1757197365
|teamsize|p1|4
|teamsize|p2|4
|start
|switch|p1a: Braviary|Braviary-Hisui, L50, M, shiny|100/100
|switch|p1b: Tyranitar|Tyranitar, L50, M|100/100
|switch|p2a: Sneasler|Sneasler, L50, F|100/100
|switch|p2b: Indeedee|Indeedee, L50, M|100/100
|-fieldstart|move: Psychic Terrain|[from] ability: Psychic Surge|[of] p2b: Indeedee
|-enditem|p2a: Sneasler|Psychic Seed
|-boost|p2a: Sneasler|spd|1|[from] item: Psychic Seed
|-weather|Sandstorm|[from] ability: Sand Stream|[of] p1b: Tyranitar
|turn|1
|inactive|Arthur_FCB has 30 seconds left.
|inactive|eltsurito has 30 seconds left.
|
|t:|1757197399
|-terastallize|p2a: Sneasler|Dark
|-terastallize|p1b: Tyranitar|Flying
|move|p2a: Sneasler|Close Combat|p1b: Tyranitar
|-resisted|p1b: Tyranitar
|-damage|p1b: Tyranitar|75/100
|-unboost|p2a: Sneasler|def|1
|-unboost|p2a: Sneasler|spd|1
|move|p2b: Indeedee|Expanding Force|p1b: Tyranitar|[spread] p1a,p1b
|-resisted|p1a: Braviary
|-damage|p1a: Braviary|66/100
|-damage|p1b: Tyranitar|47/100
|move|p1a: Braviary|Esper Wing|p2a: Sneasler
|-immune|p2a: Sneasler
|move|p1b: Tyranitar|Knock Off|p2b: Indeedee
|-supereffective|p2b: Indeedee
|-damage|p2b: Indeedee|0 fnt
|-enditem|p2b: Indeedee|Choice Scarf|[from] move: Knock Off|[of] p1b: Tyranitar
|faint|p2b: Indeedee
|
|-weather|Sandstorm|[upkeep]
|-damage|p2a: Sneasler|95/100|[from] Sandstorm
|-damage|p1a: Braviary|60/100|[from] Sandstorm
|-damage|p1b: Tyranitar|41/100|[from] Sandstorm
|upkeep
|
|t:|1757197411
|switch|p2b: Tyranitar|Tyranitar, L50, M|100/100
|turn|2
|inactive|eltsurito has 30 seconds left.
|
|t:|1757197438
|switch|p1a: Decidueye|Decidueye-Hisui, L50, F|100/100
|move|p2a: Sneasler|Dire Claw|p1b: Tyranitar
|-damage|p1b: Tyranitar|3/100
|move|p2b: Tyranitar|Rock Slide|p1b: Tyranitar|[spread] p1a,p1b
|-resisted|p1a: Decidueye
|-supereffective|p1b: Tyranitar
|-damage|p1a: Decidueye|79/100
|-damage|p1b: Tyranitar|0 fnt
|faint|p1b: Tyranitar
|
|-weather|Sandstorm|[upkeep]
|-damage|p2a: Sneasler|89/100|[from] Sandstorm
|-damage|p1a: Decidueye|73/100|[from] Sandstorm
|upkeep
|
|t:|1757197450
|switch|p1b: Lycanroc|Lycanroc, L50, M, shiny|100/100
|turn|3
|inactive|eltsurito has 30 seconds left.
|inactive|eltsurito has 20 seconds left.
|inactive|eltsurito has 15 seconds left.
|
|t:|1757197494
|move|p1b: Lycanroc|Close Combat|p2a: Sneasler
|-supereffective|p2a: Sneasler
|-damage|p2a: Sneasler|0 fnt
|-unboost|p1b: Lycanroc|def|1
|-unboost|p1b: Lycanroc|spd|1
|faint|p2a: Sneasler
|move|p1a: Decidueye|Triple Arrows|p2b: Tyranitar
|-supereffective|p2b: Tyranitar
|-damage|p2b: Tyranitar|0 fnt
|faint|p2b: Tyranitar
|
|-weather|Sandstorm|[upkeep]
|-damage|p1a: Decidueye|67/100|[from] Sandstorm
|upkeep
|
|t:|1757197505
|switch|p2a: Annihilape|Annihilape, L50, M|100/100
|turn|4
|
|t:|1757197517
|move|p1b: Lycanroc|Rock Slide|p2a: Annihilape
|-resisted|p2a: Annihilape
|-damage|p2a: Annihilape|83/100
|move|p2a: Annihilape|Close Combat|p1b: Lycanroc
|-supereffective|p1b: Lycanroc
|-enditem|p1b: Lycanroc|Focus Sash
|-damage|p1b: Lycanroc|1/100
|-unboost|p2a: Annihilape|def|1
|-unboost|p2a: Annihilape|spd|1
|move|p1a: Decidueye|Triple Arrows|p2a: Annihilape
|-damage|p2a: Annihilape|11/100
|
|-weather|Sandstorm|[upkeep]
|-damage|p1a: Decidueye|61/100|[from] Sandstorm
|upkeep
|turn|5
|
|t:|1757197536
|move|p1b: Lycanroc|Rock Slide|p2a: Annihilape
|-resisted|p2a: Annihilape
|-damage|p2a: Annihilape|0 fnt
|faint|p2a: Annihilape
|
|win|Arthur_FCB
||Arthur_FCB is ready for game 3.
