|j|☆Iwassilverfish
|j|‽WestyLiam
|html|IwassilverfishWestyLiam    
|uhtml|bestof|Game 2 of a best-of-3
|t:|1754510949
|gametype|doubles
|player|p1|Iwassilverfish|benga|1312
|player|p2|WestyLiam|102|1316
|gen|9
|tier|[Gen 9] VGC 2025 Reg H (Bo3)
|rated|
|rule|Species Clause: Limit one of each Pokémon
|rule|Item Clause: Limit 1 of each item
|clearpoke
|poke|p1|Incineroar, L50, F|
|poke|p1|Porygon2, L50|
|poke|p1|Gholdengo, L50|
|poke|p1|Hydreigon, L50, F|
|poke|p1|Amoonguss, L50, F|
|poke|p1|Basculegion, L50, M|
|poke|p2|Amoonguss, L50, M|
|poke|p2|Incineroar, L50, M|
|poke|p2|Sneasler, L50, F|
|poke|p2|Dragonite, L50, F|
|poke|p2|Porygon2, L50|
|poke|p2|Gholdengo, L50|
|teampreview|4
|showteam|p1|Incineroar||AssaultVest|Intimidate|FlareBlitz,KnockOff,Uturn,FakeOut|||F|||50|,,,,,Ghost]Porygon2||Eviolite|Download|TeraBlast,IceBeam,Recover,TrickRoom||||||50|,,,,,Fighting]Gholdengo||LifeOrb|GoodasGold|MakeItRain,ShadowBall,NastyPlot,Protect||||||50|,,,,,Water]Hydreigon||SafetyGoggles|Levitate|DracoMeteor,Snarl,Tailwind,Protect|||F|||50|,,,,,Ghost]Amoonguss||SitrusBerry|Regenerator|Spore,RagePowder,PollenPuff,Protect|||F|||50|,,,,,Fairy]Basculegion||ChoiceScarf|Adaptability|WaveCrash,FlipTurn,LastRespects,TeraBlast|||M|||50|,,,,,Fairy
|showteam|p2|Amoonguss||SitrusBerry|Regenerator|PollenPuff,Spore,RagePowder,Protect|||M|||50|,,,,,Fairy]Incineroar||SafetyGoggles|Intimidate|FlareBlitz,KnockOff,FakeOut,PartingShot|||M|||50|,,,,,Water]Sneasler||FocusSash|PoisonTouch|CloseCombat,DireClaw,Coaching,Protect|||F|||50|,,,,,Stellar]Dragonite||LoadedDice|Multiscale|ScaleShot,StompingTantrum,Encore,Protect|||F|||50|,,,,,Ground]Porygon2||Eviolite|Download|TeraBlast,IceBeam,TrickRoom,Recover||||||50|,,,,,Ground]Gholdengo||LifeOrb|GoodasGold|MakeItRain,ShadowBall,NastyPlot,Protect||||||50|,,,,,Water
|inactive|Battle timer is ON: inactive players will automatically lose when time's up. (requested by Iwassilverfish)
|inactive|Iwassilverfish has 60 seconds left.
|inactive|WestyLiam has 60 seconds left.
|
|t:|1754510990
|teamsize|p1|4
|teamsize|p2|4
|start
|switch|p1a: Incineroar|Incineroar, L50, F|100/100
|switch|p1b: Gholdengo|Gholdengo, L50|100/100
|switch|p2a: Incineroar|Incineroar, L50, M|100/100
|switch|p2b: Gholdengo|Gholdengo, L50|100/100
|-ability|p1a: Incineroar|Intimidate|boost
|-unboost|p2a: Incineroar|atk|1
|-unboost|p2b: Gholdengo|atk|1
|-ability|p2a: Incineroar|Intimidate|boost
|-unboost|p1a: Incineroar|atk|1
|-unboost|p1b: Gholdengo|atk|1
|turn|1
|
|t:|1754511004
|-terastallize|p2b: Gholdengo|Water
|move|p1a: Incineroar|Fake Out|p2b: Gholdengo
|-damage|p2b: Gholdengo|92/100
|move|p2a: Incineroar|Fake Out|p1b: Gholdengo
|-immune|p1b: Gholdengo
|cant|p2b: Gholdengo|flinch
|move|p1b: Gholdengo|Nasty Plot|p1b: Gholdengo
|-boost|p1b: Gholdengo|spa|2
|
|upkeep
|turn|2
|
|t:|1754511019
|move|p1b: Gholdengo|Protect|p1b: Gholdengo
|-singleturn|p1b: Gholdengo|Protect
|move|p2b: Gholdengo|Shadow Ball|p1b: Gholdengo
|-activate|p1b: Gholdengo|move: Protect
|move|p1a: Incineroar|U-turn|p2a: Incineroar
|-damage|p2a: Incineroar|87/100
|
|t:|1754511026
|switch|p1a: Hydreigon|Hydreigon, L50, F|100/100|[from] U-turn
|move|p2a: Incineroar|Parting Shot|p1a: Hydreigon
|-unboost|p1a: Hydreigon|atk|1
|-unboost|p1a: Hydreigon|spa|1
|
|t:|1754511033
|switch|p2a: Sneasler|Sneasler, L50, F|100/100|[from] Parting Shot
|
|upkeep
|turn|3
|
|t:|1754511049
|switch|p1a: Incineroar|Incineroar, L50, F|100/100
|-ability|p1a: Incineroar|Intimidate|boost
|-unboost|p2a: Sneasler|atk|1
|-unboost|p2b: Gholdengo|atk|1
|-terastallize|p1b: Gholdengo|Water
|move|p2a: Sneasler|Dire Claw|p1b: Gholdengo
|-damage|p1b: Gholdengo|76/100
|-status|p1b: Gholdengo|psn
|move|p2b: Gholdengo|Shadow Ball|p1b: Gholdengo
|-damage|p1b: Gholdengo|16/100 psn
|-damage|p2b: Gholdengo|83/100|[from] item: Life Orb
|move|p1b: Gholdengo|Make It Rain|p2b: Gholdengo|[spread] p2a,p2b
|-resisted|p2b: Gholdengo
|-enditem|p2a: Sneasler|Focus Sash
|-damage|p2a: Sneasler|1/100
|-damage|p2b: Gholdengo|14/100
|-unboost|p1b: Gholdengo|spa|1
|-damage|p1b: Gholdengo|6/100 psn|[from] item: Life Orb
|
|-damage|p1b: Gholdengo|0 fnt|[from] psn
|faint|p1b: Gholdengo
|upkeep
|
|t:|1754511070
|switch|p1b: Hydreigon|Hydreigon, L50, F|100/100
|turn|4
|
|t:|1754511081
|switch|p2a: Dragonite|Dragonite, L50, F|100/100
|switch|p2b: Incineroar|Incineroar, L50, M|87/100
|-ability|p2b: Incineroar|Intimidate|boost
|-unboost|p1a: Incineroar|atk|1
|-unboost|p1b: Hydreigon|atk|1
|move|p1a: Incineroar|Fake Out|p2b: Incineroar
|-damage|p2b: Incineroar|79/100
|move|p1b: Hydreigon|Tailwind|p1b: Hydreigon
|-sidestart|p1: Iwassilverfish|move: Tailwind
|
|upkeep
|turn|5
|
|t:|1754511101
|switch|p1b: Porygon2|Porygon2, L50|100/100
|-ability|p1b: Porygon2|Download|boost
|-boost|p1b: Porygon2|atk|1
|move|p2a: Dragonite|Protect|p2a: Dragonite
|-singleturn|p2a: Dragonite|Protect
|move|p1a: Incineroar|Knock Off|p2a: Dragonite
|-activate|p2a: Dragonite|move: Protect
|move|p2b: Incineroar|Parting Shot|p1a: Incineroar
|-unboost|p1a: Incineroar|atk|1
|-unboost|p1a: Incineroar|spa|1
|
|t:|1754511115
|switch|p2b: Gholdengo|Gholdengo, L50, tera:Water|14/100|[from] Parting Shot
|
|upkeep
|turn|6
|
|t:|1754511125
|switch|p2a: Incineroar|Incineroar, L50, M|79/100
|-ability|p2a: Incineroar|Intimidate|boost
|-unboost|p1a: Incineroar|atk|1
|-unboost|p1b: Porygon2|atk|1
|move|p1a: Incineroar|Knock Off|p2a: Incineroar
|-resisted|p2a: Incineroar
|-damage|p2a: Incineroar|72/100
|-enditem|p2a: Incineroar|Safety Goggles|[from] move: Knock Off|[of] p1a: Incineroar
|move|p1b: Porygon2|Tera Blast|p2a: Incineroar
|-damage|p2a: Incineroar|43/100
|move|p2b: Gholdengo|Nasty Plot|p2b: Gholdengo
|-boost|p2b: Gholdengo|spa|2
|
|upkeep
|turn|7
|
|t:|1754511149
|switch|p1a: Hydreigon|Hydreigon, L50, F|100/100
|move|p2b: Gholdengo|Protect|p2b: Gholdengo
|-singleturn|p2b: Gholdengo|Protect
|move|p2a: Incineroar|Fake Out|p1a: Hydreigon
|-damage|p1a: Hydreigon|89/100
|move|p1b: Porygon2|Tera Blast|p2b: Gholdengo
|-activate|p2b: Gholdengo|move: Protect
|
|-sideend|p1: Iwassilverfish|move: Tailwind
|upkeep
|turn|8
|
|t:|1754511162
|switch|p2b: Dragonite|Dragonite, L50, F|100/100
|move|p1a: Hydreigon|Snarl|p2a: Incineroar|[spread] p2a,p2b
|-resisted|p2a: Incineroar
|-damage|p2a: Incineroar|36/100
|-damage|p2b: Dragonite|90/100
|-unboost|p2a: Incineroar|spa|1
|-unboost|p2b: Dragonite|spa|1
|move|p2a: Incineroar|Parting Shot|p1b: Porygon2
|-unboost|p1b: Porygon2|atk|1
|-unboost|p1b: Porygon2|spa|1
|
|t:|1754511171
|switch|p2a: Gholdengo|Gholdengo, L50, tera:Water|14/100|[from] Parting Shot
|move|p1b: Porygon2|Tera Blast|p2a: Gholdengo
|-damage|p2a: Gholdengo|0 fnt
|faint|p2a: Gholdengo
|
|upkeep
|
|t:|1754511173
|switch|p2a: Sneasler|Sneasler, L50, F|1/100
|turn|9
|
|t:|1754511192
|move|p2b: Dragonite|Protect|p2b: Dragonite
|-singleturn|p2b: Dragonite|Protect
|move|p2a: Sneasler|Dire Claw|p1b: Porygon2
|-damage|p1b: Porygon2|72/100
|-status|p1b: Porygon2|psn
|move|p1a: Hydreigon|Draco Meteor|p2b: Dragonite
|-activate|p2b: Dragonite|move: Protect
|move|p1b: Porygon2|Trick Room|p1b: Porygon2
|-fieldstart|move: Trick Room|[of] p1b: Porygon2
|
|-damage|p1b: Porygon2|60/100 psn|[from] psn
|upkeep
|turn|10
|
|t:|1754511207
|switch|p2b: Incineroar|Incineroar, L50, M|36/100
|-ability|p2b: Incineroar|Intimidate|boost
|-unboost|p1a: Hydreigon|atk|1
|-unboost|p1b: Porygon2|atk|1
|move|p2a: Sneasler|Protect|p2a: Sneasler
|-singleturn|p2a: Sneasler|Protect
|move|p1b: Porygon2|Ice Beam|p2b: Incineroar
|-resisted|p2b: Incineroar
|-damage|p2b: Incineroar|29/100
|move|p1a: Hydreigon|Snarl|p2a: Sneasler|[spread] p2b
|-activate|p2a: Sneasler|move: Protect
|-resisted|p2b: Incineroar
|-damage|p2b: Incineroar|21/100
|-unboost|p2b: Incineroar|spa|1
|
|-damage|p1b: Porygon2|47/100 psn|[from] psn
|upkeep
|turn|11
|inactive|WestyLiam has 30 seconds left.
|inactive|WestyLiam has 20 seconds left.
|inactive|WestyLiam has 15 seconds left.
|
|t:|1754511248
|switch|p2a: Dragonite|Dragonite, L50, F|90/100
|move|p2b: Incineroar|Fake Out|p1b: Porygon2
|-damage|p1b: Porygon2|41/100 psn
|cant|p1b: Porygon2|flinch
|move|p1a: Hydreigon|Snarl|p2b: Incineroar|[spread] p2a,p2b
|-resisted|p2b: Incineroar
|-damage|p2a: Dragonite|69/100
|-damage|p2b: Incineroar|14/100
|-unboost|p2a: Dragonite|spa|1
|-unboost|p2b: Incineroar|spa|1
|
|-damage|p1b: Porygon2|28/100 psn|[from] psn
|upkeep
|turn|12
|inactive|Iwassilverfish has 30 seconds left.
|inactive|Iwassilverfish has 20 seconds left.
|inactive|Iwassilverfish has 15 seconds left.
|inactive|Iwassilverfish has 10 seconds left.
|
|t:|1754511294
|switch|p1a: Incineroar|Incineroar, L50, F|100/100
|-ability|p1a: Incineroar|Intimidate|boost
|-unboost|p2a: Dragonite|atk|1
|-unboost|p2b: Incineroar|atk|1
|move|p2a: Dragonite|Protect|p2a: Dragonite
|-singleturn|p2a: Dragonite|Protect
|move|p1b: Porygon2|Recover|p1b: Porygon2
|-heal|p1b: Porygon2|78/100 psn
|move|p2b: Incineroar|Parting Shot|p1b: Porygon2
|-unboost|p1b: Porygon2|atk|1
|-unboost|p1b: Porygon2|spa|1
|
|t:|1754511298
|switch|p2b: Sneasler|Sneasler, L50, F|1/100|[from] Parting Shot
|
|-damage|p1b: Porygon2|66/100 psn|[from] psn
|upkeep
|turn|13
|inactive|Iwassilverfish has 30 seconds left.
|
|t:|1754511326
|switch|p2a: Incineroar|Incineroar, L50, M|14/100
|-ability|p2a: Incineroar|Intimidate|boost
|-unboost|p1a: Incineroar|atk|1
|-unboost|p1b: Porygon2|atk|1
|move|p2b: Sneasler|Protect|p2b: Sneasler
|-singleturn|p2b: Sneasler|Protect
|move|p1b: Porygon2|Ice Beam|p2a: Incineroar
|-resisted|p2a: Incineroar
|-damage|p2a: Incineroar|9/100
|move|p1a: Incineroar|Knock Off|p2a: Incineroar
|-resisted|p2a: Incineroar
|-damage|p2a: Incineroar|0 fnt
|faint|p2a: Incineroar
|
|-damage|p1b: Porygon2|53/100 psn|[from] psn
|-fieldend|move: Trick Room
|upkeep
|
|t:|1754511332
|switch|p2a: Dragonite|Dragonite, L50, F|69/100
|turn|14
|
|t:|1754511349
|move|p2b: Sneasler|Protect|p2b: Sneasler
|-singleturn|p2b: Sneasler|Protect
|move|p2a: Dragonite|Scale Shot|p1b: Porygon2
|-damage|p1b: Porygon2|44/100 psn
|-damage|p1b: Porygon2|34/100 psn
|-damage|p1b: Porygon2|24/100 psn
|-damage|p1b: Porygon2|15/100 psn
|-hitcount|p1b: Porygon2|4
|-unboost|p2a: Dragonite|def|1
|-boost|p2a: Dragonite|spe|1
|move|p1a: Incineroar|U-turn|p2b: Sneasler
|-activate|p2b: Sneasler|move: Protect
|move|p1b: Porygon2|Trick Room|p1b: Porygon2
|-fieldstart|move: Trick Room|[of] p1b: Porygon2
|
|-damage|p1b: Porygon2|3/100 psn|[from] psn
|upkeep
|turn|15
|-message|WestyLiam forfeited.
|raw|Iwassilverfish's rating: 1312 → 1332(+20 for winning)
|raw|WestyLiam's rating: 1316 → 1296(-20 for losing)
|
|win|Iwassilverfish
|l|☆Iwassilverfish
|player|p1|
|l|‽WestyLiam
|player|p2|
|j|☆Iwassilverfish
|player|p1|Iwassilverfish|benga|
