|j|☆Tecmovgc
|j|☆nice_flop
|html|Tecmovgcnice_flop    
|uhtml|bestof|Game 1 of a best-of-3
|t:|1757722314
|gametype|doubles
|player|p1|Tecmovgc|linebacker|1208
|player|p2|nice_flop|102|1284
|gen|9
|tier|[Gen 9] VGC 2025 Reg H (Bo3)
|rated|
|rule|Species Clause: Limit one of each Pokémon
|rule|Item Clause: Limit 1 of each item
|clearpoke
|poke|p1|Rillaboom, L50, F|
|poke|p1|Sneasler, L50, F|
|poke|p1|Archaludon, L50, M|
|poke|p1|Pelipper, L50, M|
|poke|p1|Basculegion, L50, M|
|poke|p1|Overqwil, L50, F|
|poke|p2|Malamar, L50, F|
|poke|p2|Rillaboom, L50, M|
|poke|p2|Incineroar, L50, M|
|poke|p2|Primarina, L50, M|
|poke|p2|Pelipper, L50, F|
|poke|p2|Archaludon, L50, M|
|teampreview|4
|showteam|p1|Rillaboom||LoadedDice|GrassySurge|FakeOut,GrassyGlide,BulletSeed,HighHorsepower|||F|||50|,,,,,Fire]Sneasler||GrassySeed|Unburden|Protect,Coaching,CloseCombat,DireClaw|||F|||50|,,,,,Stellar]Archaludon||AssaultVest|Stamina|DragonPulse,ElectroShot,FlashCannon,BodyPress|||M|||50|,,,,,Flying]Pelipper||FocusSash|Drizzle|Hurricane,MuddyWater,Tailwind,Protect|||M|||50|,,,,,Ghost]Basculegion||ChoiceBand|SwiftSwim|WaveCrash,LastRespects,AquaJet,FlipTurn|||M|||50|,,,,,Grass]Overqwil||SafetyGoggles|Intimidate|RainDance,Haze,Taunt,BarbBarrage|||F|||50|,,,,,Dragon
|showteam|p2|Malamar||SitrusBerry|Contrary|Protect,TopsyTurvy,KnockOff,Superpower|||F|||50|,,,,,Ghost]Rillaboom||MiracleSeed|GrassySurge|Protect,FakeOut,GrassyGlide,WoodHammer|||M|||50|,,,,,Grass]Incineroar||SafetyGoggles|Intimidate|PartingShot,FakeOut,KnockOff,FlareBlitz|||M|||50|,,,,,Ghost]Primarina||Leftovers|LiquidVoice|Protect,TeraBlast,Moonblast,HyperVoice|||M|||50|,,,,,Steel]Pelipper||FocusSash|Drizzle|Protect,Tailwind,WeatherBall,Hurricane|||F|||50|,,,,,Ghost]Archaludon||AssaultVest|Stamina|BodyPress,ElectroShot,FlashCannon,DracoMeteor|||M|||50|,,,,,Fairy
|inactive|Battle timer is ON: inactive players will automatically lose when time's up. (requested by Tecmovgc)
|inactive|nice_flop also wants the timer to be on.
|inactive|Tecmovgc has 60 seconds left.
|
|t:|1757722349
|teamsize|p1|4
|teamsize|p2|4
|start
|switch|p1a: Rillaboom|Rillaboom, L50, F|100/100
|switch|p1b: Sneasler|Sneasler, L50, F|100/100
|switch|p2a: Malamar|Malamar, L50, F|100/100
|switch|p2b: Incineroar|Incineroar, L50, M|100/100
|-fieldstart|move: Grassy Terrain|[from] ability: Grassy Surge|[of] p1a: Rillaboom
|-enditem|p1b: Sneasler|Grassy Seed
|-boost|p1b: Sneasler|def|1|[from] item: Grassy Seed
|-ability|p2b: Incineroar|Intimidate|boost
|-unboost|p1a: Rillaboom|atk|1
|-unboost|p1b: Sneasler|atk|1
|turn|1
|inactive|nice_flop has 30 seconds left.
|
|t:|1757722388
|switch|p2b: Archaludon|Archaludon, L50, M|100/100
|move|p2a: Malamar|Protect|p2a: Malamar
|-singleturn|p2a: Malamar|Protect
|move|p1a: Rillaboom|Fake Out|p2a: Malamar
|-activate|p2a: Malamar|move: Protect
|move|p1b: Sneasler|Coaching|p1a: Rillaboom
|-boost|p1a: Rillaboom|atk|1
|-boost|p1a: Rillaboom|def|1
|
|upkeep
|turn|2
|inactive|nice_flop has 30 seconds left.
|
|t:|1757722418
|move|p1b: Sneasler|Coaching|p1a: Rillaboom
|-boost|p1a: Rillaboom|atk|1
|-boost|p1a: Rillaboom|def|1
|move|p2a: Malamar|Topsy-Turvy|p1a: Rillaboom
|-invertboost|p1a: Rillaboom|[from] move: Topsy-Turvy
|move|p2b: Archaludon|Draco Meteor|p1b: Sneasler
|-damage|p1b: Sneasler|0 fnt
|-unboost|p2b: Archaludon|spa|2
|faint|p1b: Sneasler
|move|p1a: Rillaboom|Bullet Seed|p2a: Malamar
|-damage|p2a: Malamar|88/100
|-damage|p2a: Malamar|75/100
|-damage|p2a: Malamar|64/100
|-damage|p2a: Malamar|51/100
|-damage|p2a: Malamar|40/100
|-enditem|p2a: Malamar|Sitrus Berry|[eat]
|-heal|p2a: Malamar|65/100|[from] item: Sitrus Berry
|-hitcount|p2a: Malamar|5
|
|-heal|p2a: Malamar|71/100|[from] Grassy Terrain
|upkeep
|
|t:|1757722441
|switch|p1b: Overqwil|Overqwil, L50, F|100/100
|-ability|p1b: Overqwil|Intimidate|boost
|-boost|p2a: Malamar|atk|1
|-unboost|p2b: Archaludon|atk|1
|turn|3
|
|t:|1757722460
|switch|p1a: Archaludon|Archaludon, L50, M|100/100
|move|p2a: Malamar|Topsy-Turvy|p2b: Archaludon
|-invertboost|p2b: Archaludon|[from] move: Topsy-Turvy
|move|p2b: Archaludon|Draco Meteor|p1a: Archaludon
|-damage|p1a: Archaludon|0 fnt
|-unboost|p2b: Archaludon|spa|2
|faint|p1a: Archaludon
|move|p1b: Overqwil|Barb Barrage|p2a: Malamar
|-damage|p2a: Malamar|48/100
|-status|p2a: Malamar|psn
|
|-heal|p2a: Malamar|55/100 psn|[from] Grassy Terrain
|-damage|p2a: Malamar|42/100 psn|[from] psn
|upkeep
|
|t:|1757722479
|switch|p1a: Rillaboom|Rillaboom, L50, F|100/100
|turn|4
|
|t:|1757722497
|switch|p2a: Incineroar|Incineroar, L50, M|100/100
|-ability|p2a: Incineroar|Intimidate|boost
|-unboost|p1a: Rillaboom|atk|1
|-unboost|p1b: Overqwil|atk|1
|move|p1a: Rillaboom|Fake Out|p2b: Archaludon
|-resisted|p2b: Archaludon
|-damage|p2b: Archaludon|96/100
|-ability|p2b: Archaludon|Stamina|boost
|-boost|p2b: Archaludon|def|1
|move|p1b: Overqwil|Haze|p1b: Overqwil
|-clearallboost
|cant|p2b: Archaludon|flinch
|
|-heal|p2b: Archaludon|100/100|[from] Grassy Terrain
|upkeep
|turn|5
|inactive|nice_flop has 30 seconds left.
|
|t:|1757722526
|move|p2a: Incineroar|Fake Out|p1b: Overqwil
|-damage|p1b: Overqwil|89/100
|cant|p1b: Overqwil|flinch
|move|p1a: Rillaboom|High Horsepower|p2a: Incineroar|[miss]
|-miss|p1a: Rillaboom|p2a: Incineroar
|move|p2b: Archaludon|Body Press|p1b: Overqwil
|-damage|p1b: Overqwil|70/100
|
|-heal|p1b: Overqwil|77/100|[from] Grassy Terrain
|-fieldend|move: Grassy Terrain
|upkeep
|turn|6
|inactive|nice_flop has 30 seconds left.
|
|t:|1757722558
|-terastallize|p1a: Rillaboom|Fire
|move|p1b: Overqwil|Barb Barrage|p2a: Incineroar
|-damage|p2a: Incineroar|78/100
|-status|p2a: Incineroar|psn
|move|p2b: Archaludon|Draco Meteor|p1b: Overqwil
|-damage|p1b: Overqwil|0 fnt
|-unboost|p2b: Archaludon|spa|2
|faint|p1b: Overqwil
|move|p1a: Rillaboom|High Horsepower|p2a: Incineroar
|-supereffective|p2a: Incineroar
|-damage|p2a: Incineroar|6/100 psn
|move|p2a: Incineroar|Flare Blitz|p1a: Rillaboom
|-resisted|p1a: Rillaboom
|-damage|p1a: Rillaboom|72/100
|-damage|p2a: Incineroar|0 fnt|[from] Recoil
|faint|p2a: Incineroar
|
|upkeep
|inactive|nice_flop has 30 seconds left.
|
|t:|1757722587
|switch|p2a: Rillaboom|Rillaboom, L50, M|100/100
|-fieldstart|move: Grassy Terrain|[from] ability: Grassy Surge|[of] p2a: Rillaboom
|turn|7
|
|t:|1757722600
|move|p2a: Rillaboom|Fake Out|p1a: Rillaboom
|-damage|p1a: Rillaboom|58/100
|cant|p1a: Rillaboom|flinch
|move|p2b: Archaludon|Body Press|p1a: Rillaboom
|-damage|p1a: Rillaboom|37/100
|
|-heal|p1a: Rillaboom|43/100|[from] Grassy Terrain
|upkeep
|turn|8
|
|t:|1757722613
|-terastallize|p2a: Rillaboom|Grass
|move|p2a: Rillaboom|Wood Hammer|p1a: Rillaboom
|-resisted|p1a: Rillaboom
|-damage|p1a: Rillaboom|0 fnt
|faint|p1a: Rillaboom
|-damage|p2a: Rillaboom|85/100|[from] Recoil
|
|win|nice_flop
||nice_flop is ready for game 2.
||Tecmovgc is ready for game 2.
|uhtml|next|Next: Game 2 of 3
