|j|☆MarkTheMarker
|j|☆rustychair13
|html|MarkTheMarkerrustychair13    
|uhtml|bestof|Game 2 of a best-of-3
|t:|1786128040
|gametype|doubles
|player|p1|MarkTheMarker|wallace|1277
|player|p2|rustychair13|101|1392
|gen|9
|tier|[Gen 9 Champions] VGC 2026 Reg M-B (Bo3)
|rated|
|rule|Species Clause: Limit one of each Pokémon
|rule|Item Clause: Limit 1 of each item
|clearpoke
|poke|p1|Pelipper, L50, M|
|poke|p1|Swampert, L50, M|
|poke|p1|Archaludon, L50, M|
|poke|p1|Grimmsnarl, L50, M|
|poke|p1|Venusaur, L50, M|
|poke|p1|Charizard, L50, M|
|poke|p2|Glimmora, L50, F, shiny|
|poke|p2|Whimsicott, L50, M|
|poke|p2|Gholdengo, L50|
|poke|p2|Raichu, L50, M|
|poke|p2|Scovillain, L50, F|
|poke|p2|Pelipper, L50, M|
|teampreview|4
|showteam|p1|Pelipper||SitrusBerry|Drizzle|WeatherBall,Hurricane,WideGuard,Tailwind|Modest||M|||50|]Swampert||Swampertite|Damp|Protect,WaveCrash,Earthquake,IcePunch|Adamant||M|||50|]Archaludon||Leftovers|Stamina|Protect,DragonPulse,FlashCannon,ElectroShot|Modest||M|||50|]Grimmsnarl||LightClay|Prankster|SpiritBreak,PartingShot,Reflect,LightScreen|Sassy||M|||50|]Venusaur||FocusSash|Chlorophyll|SleepPowder,SludgeBomb,EarthPower,Protect|Modest||M|||50|]Charizard||CharizarditeY|Blaze|Protect,HeatWave,WeatherBall,SolarBeam|Modest||M|||50|
|showteam|p2|Glimmora||FocusSash|ToxicDebris|SludgeBomb,PowerGem,EarthPower,SpikyShield|Modest||F|||50|]Whimsicott||FairyFeather|Prankster|Moonblast,Tailwind,Encore,Protect|Modest||M|||50|]Gholdengo||Leftovers|GoodasGold|MakeItRain,Hex,NastyPlot,Protect|Modest|||||50|]Raichu||RaichuniteY|LightningRod|ZapCannon,FocusBlast,FakeOut,Protect|Timid||M|||50|]Scovillain||Scovillainite|Moody|Flamethrower,LeechSeed,RagePowder,Protect|Calm||F|||50|]Pelipper||LifeOrb|Drizzle|WeatherBall,Hurricane,WideGuard,Protect|Modest||M|||50|
|inactive|Battle timer is ON: inactive players will automatically lose when time's up. (requested by MarkTheMarker)
|inactive|MarkTheMarker has 60 seconds left.
|
|t:|1786128077
|teamsize|p1|4
|teamsize|p2|4
|start
|switch|p1a: Pelipper|Pelipper, L50, M|100/100
|switch|p1b: Swampert|Swampert, L50, M|100/100
|switch|p2a: Gholdengo|Gholdengo, L50|100/100
|switch|p2b: Pelipper|Pelipper, L50, M|100/100
|-weather|RainDance|[from] ability: Drizzle|[of] p2b: Pelipper
|turn|1
|inactive|MarkTheMarker has 30 seconds left.
|inactive|MarkTheMarker has 20 seconds left.
|
|t:|1786128115
|detailschange|p1b: Swampert|Swampert-Mega, L50, M
|-mega|p1b: Swampert|Swampert|Swampertite
|move|p2a: Gholdengo|Protect|p2a: Gholdengo
|-singleturn|p2a: Gholdengo|Protect
|move|p1b: Swampert|Wave Crash|p2a: Gholdengo
|-activate|p2a: Gholdengo|move: Protect
|move|p2b: Pelipper|Weather Ball|p1b: Swampert
|-damage|p1b: Swampert|25/100
|-damage|p2b: Pelipper|90/100|[from] item: Life Orb
|move|p1a: Pelipper|Tailwind|p1a: Pelipper
|-sidestart|p1: MarkTheMarker|move: Tailwind
|
|-weather|RainDance|[upkeep]
|upkeep
|turn|2
|inactive|rustychair13 has 30 seconds left.
|inactive|rustychair13 has 20 seconds left.
|
|t:|1786128152
|switch|p1b: Archaludon|Archaludon, L50, M|100/100
|move|p2b: Pelipper|Wide Guard|p2b: Pelipper
|-singleturn|p2b: Pelipper|Wide Guard
|move|p1a: Pelipper|Weather Ball|p2a: Gholdengo
|-damage|p2a: Gholdengo|43/100
|move|p2a: Gholdengo|Hex|p1a: Pelipper
|-damage|p1a: Pelipper|63/100
|
|-weather|RainDance|[upkeep]
|-heal|p2a: Gholdengo|50/100y|[from] item: Leftovers
|upkeep
|turn|3
|inactive|MarkTheMarker has 30 seconds left.
|
|t:|1786128178
|switch|p1a: Grimmsnarl|Grimmsnarl, L50, M|100/100
|switch|p2a: Raichu|Raichu, L50, M|100/100
|move|p1b: Archaludon|Dragon Pulse|p2b: Pelipper
|-crit|p2b: Pelipper
|-damage|p2b: Pelipper|5/100
|move|p2b: Pelipper|Hurricane|p1a: Grimmsnarl
|-damage|p1a: Grimmsnarl|41/100
|-damage|p2b: Pelipper|0 fnt|[from] item: Life Orb
|faint|p2b: Pelipper
|
|-weather|RainDance|[upkeep]
|upkeep
|
|t:|1786128192
|switch|p2b: Glimmora|Glimmora, L50, F, shiny|100/100
|turn|4
|inactive|MarkTheMarker has 30 seconds left.
|inactive|MarkTheMarker has 20 seconds left.
|
|t:|1786128228
|move|p2a: Raichu|Fake Out|p1b: Archaludon
|-resisted|p1b: Archaludon|1
|-damage|p1b: Archaludon|96/100
|-ability|p1b: Archaludon|Stamina|boost
|-boost|p1b: Archaludon|def|1
|move|p1a: Grimmsnarl|Light Screen|p1a: Grimmsnarl
|-sidestart|p1: MarkTheMarker|move: Light Screen
|cant|p1b: Archaludon|flinch
|move|p2b: Glimmora|Sludge Bomb|p1a: Grimmsnarl
|-supereffective|p1a: Grimmsnarl|1
|-damage|p1a: Grimmsnarl|0 fnt
|faint|p1a: Grimmsnarl
|
|-weather|RainDance|[upkeep]
|-heal|p1b: Archaludon|100/100|[from] item: Leftovers
|-sideend|p1: MarkTheMarker|move: Tailwind
|upkeep
|
|t:|1786128232
|switch|p1a: Swampert|Swampert-Mega, L50, M|25/100
|turn|5
|inactive|rustychair13 has 30 seconds left.
|inactive|rustychair13 has 20 seconds left.
|
|t:|1786128270
|move|p1a: Swampert|Protect|p1a: Swampert
|-singleturn|p1a: Swampert|Protect
|move|p2a: Raichu|Protect|p2a: Raichu
|-singleturn|p2a: Raichu|Protect
|move|p2b: Glimmora|Spiky Shield|p2b: Glimmora
|-singleturn|p2b: Glimmora|move: Protect
|move|p1b: Archaludon|Flash Cannon|p2b: Glimmora
|-activate|p2b: Glimmora|move: Protect
|
|-weather|none
|upkeep
|turn|6
|inactive|rustychair13 has 30 seconds left.
|
|t:|1786128299
|switch|p2a: Gholdengo|Gholdengo, L50|50/100y
|switch|p1b: Pelipper|Pelipper, L50, M|63/100
|-weather|RainDance|[from] ability: Drizzle|[of] p1b: Pelipper
|move|p1a: Swampert|Earthquake|p2b: Glimmora|[spread] p2a,p2b
|-immune|p1b: Pelipper
|-supereffective|p2a: Gholdengo|1
|-supereffective|p2b: Glimmora|2
|-damage|p2a: Gholdengo|0 fnt
|-enditem|p2b: Glimmora|Focus Sash
|-damage|p2b: Glimmora|1/100
|-activate|p2b: Glimmora|ability: Toxic Debris
|-sidestart|p1: MarkTheMarker|move: Toxic Spikes
|faint|p2a: Gholdengo
|move|p2b: Glimmora|Power Gem|p1b: Pelipper
|-supereffective|p1b: Pelipper|1
|-damage|p1b: Pelipper|0 fnt
|faint|p1b: Pelipper
|
|-weather|RainDance|[upkeep]
|upkeep
|
|t:|1786128311
|switch|p2a: Raichu|Raichu, L50, M|100/100
|switch|p1b: Archaludon|Archaludon, L50, M|100/100
|turn|7
|
|t:|1786128333
|detailschange|p2a: Raichu|Raichu-Mega-Y, L50, M
|-mega|p2a: Raichu|Raichu|Raichunite Y
|move|p1a: Swampert|Protect|p1a: Swampert
|-singleturn|p1a: Swampert|Protect
|move|p2a: Raichu|Fake Out|p1a: Swampert
|-activate|p1a: Swampert|move: Protect
|move|p2b: Glimmora|Earth Power|p1a: Swampert
|-activate|p1a: Swampert|move: Protect
|move|p1b: Archaludon|Flash Cannon|p2b: Glimmora
|-supereffective|p2b: Glimmora|1
|-damage|p2b: Glimmora|0 fnt
|faint|p2b: Glimmora
|
|-weather|RainDance|[upkeep]
|upkeep
|turn|8
|
|t:|1786128347
|move|p2a: Raichu|Protect|p2a: Raichu
|-singleturn|p2a: Raichu|Protect
|move|p1a: Swampert|Earthquake|p2a: Raichu|[spread] p1b
|-activate|p2a: Raichu|move: Protect
|-supereffective|p1b: Archaludon|1
|-damage|p1b: Archaludon|29/100
|-ability|p1b: Archaludon|Stamina|boost
|-boost|p1b: Archaludon|def|1
|move|p1b: Archaludon|Dragon Pulse|p2a: Raichu
|-activate|p2a: Raichu|move: Protect
|
|-weather|RainDance|[upkeep]
|-heal|p1b: Archaludon|36/100|[from] item: Leftovers
|upkeep
|turn|9
|
|t:|1786128357
|move|p2a: Raichu|Protect||[still]
|-fail|p2a: Raichu
|move|p1b: Archaludon|Protect|p1b: Archaludon
|-singleturn|p1b: Archaludon|Protect
|move|p1a: Swampert|Earthquake|p2a: Raichu|[spread] p2a
|-activate|p1b: Archaludon|move: Protect
|-supereffective|p2a: Raichu|1
|-damage|p2a: Raichu|0 fnt
|faint|p2a: Raichu
|
|win|MarkTheMarker
|raw|MarkTheMarker's rating: 1277 → 1310(+33 for winning)
|raw|rustychair13's rating: 1392 → 1366(-26 for losing)
|l|☆rustychair13
|player|p2|
