|j|☆Schmixed_007
|j|☆palle synchro
|html|Schmixed_007palle synchro    
|uhtml|bestof|Game 3 of a best-of-3
|t:|1784839979
|gametype|doubles
|player|p1|Schmixed_007|169|1237
|player|p2|palle synchro|volkner|1355
|gen|9
|tier|[Gen 9 Champions] VGC 2026 Reg M-B (Bo3)
|rated|
|rule|Species Clause: Limit one of each Pokémon
|rule|Item Clause: Limit 1 of each item
|clearpoke
|poke|p1|Raichu, L50, M|
|poke|p1|Ceruledge, L50, F|
|poke|p1|Kingambit, L50, F|
|poke|p1|Mamoswine, L50, M|
|poke|p1|Sinistcha-Masterpiece, L50|
|poke|p1|Sylveon, L50, F|
|poke|p2|Charizard, L50, F|
|poke|p2|Venusaur, L50, M|
|poke|p2|Dragonite, L50, M|
|poke|p2|Archaludon, L50, M|
|poke|p2|Pelipper, L50, F|
|poke|p2|Basculegion, L50, M|
|teampreview|4
|showteam|p1|Raichu||RaichuniteY|LightningRod|FakeOut,ZapCannon,FocusBlast,Protect|Timid||M|||50|]Ceruledge||ColburBerry|FlashFire|BulkUp,ShadowSneak,BitterBlade,Protect|Adamant||F|||50|]Kingambit||FocusSash|Defiant|IronHead,KowtowCleave,SuckerPunch,LowKick|Adamant||F|||50|]Mamoswine||LifeOrb|Oblivious|IceShard,IcicleCrash,HighHorsepower,Protect|Jolly||M|||50|]Sinistcha-Masterpiece||SitrusBerry|Hospitality|RagePowder,MatchaGotcha,TrickRoom,Protect|Sassy|||||50|]Sylveon||FairyFeather|Pixilate|HyperVoice,Yawn,QuickAttack,Protect|Modest||F|||50|
|showteam|p2|Charizard||CharizarditeY|Blaze|HeatWave,WeatherBall,SolarBeam,Protect|Modest||F|||50|]Venusaur||FocusSash|Chlorophyll|SludgeBomb,EarthPower,SleepPowder,Protect|Modest||M|||50|]Dragonite||Dragoninite|Multiscale|DragonPulse,Hurricane,Tailwind,Protect|Modest||M|||50|]Archaludon||Leftovers|Stamina|ElectroShot,DragonPulse,FlashCannon,Protect|Modest||M|||50|]Pelipper||SitrusBerry|Drizzle|WeatherBall,Hurricane,Tailwind,Protect|Modest||F|||50|]Basculegion||ChoiceScarf|Adaptability|WaveCrash,LastRespects,FlipTurn,AquaJet|Jolly||M|||50|
|inactive|Battle timer is ON: inactive players will automatically lose when time's up. (requested by palle synchro)
|
|t:|1784840036
|teamsize|p1|4
|teamsize|p2|4
|start
|switch|p1a: Raichu|Raichu, L50, M|100/100
|switch|p1b: Sinistcha|Sinistcha-Masterpiece, L50|100/100
|switch|p2a: Basculegion|Basculegion, L50, M|100/100
|switch|p2b: Dragonite|Dragonite, L50, M|100/100
|turn|1
|inactive|palle synchro has 30 seconds left.
|
|t:|1784840065
|detailschange|p1a: Raichu|Raichu-Mega-Y, L50, M
|-mega|p1a: Raichu|Raichu|Raichunite Y
|detailschange|p2b: Dragonite|Dragonite-Mega, L50, M
|-mega|p2b: Dragonite|Dragonite|Dragoninite
|move|p1a: Raichu|Fake Out|p2b: Dragonite
|-damage|p2b: Dragonite|95/100
|move|p1b: Sinistcha|Rage Powder|p1b: Sinistcha
|-singleturn|p1b: Sinistcha|move: Rage Powder
|move|p2a: Basculegion|Flip Turn|p1b: Sinistcha
|-resisted|p1b: Sinistcha|1
|-damage|p1b: Sinistcha|81/100
|
|t:|1784840072
|switch|p2a: Pelipper|Pelipper, L50, F|100/100|[from] Flip Turn
|-weather|RainDance|[from] ability: Drizzle|[of] p2a: Pelipper
|cant|p2b: Dragonite|flinch
|
|-weather|RainDance|[upkeep]
|upkeep
|turn|2
|
|t:|1784840091
|move|p2a: Pelipper|Protect|p2a: Pelipper
|-singleturn|p2a: Pelipper|Protect
|move|p1b: Sinistcha|Rage Powder|p1b: Sinistcha
|-singleturn|p1b: Sinistcha|move: Rage Powder
|move|p1a: Raichu|Zap Cannon|p2b: Dragonite
|-damage|p2b: Dragonite|36/100
|-status|p2b: Dragonite|par
|move|p2b: Dragonite|Dragon Pulse|p1b: Sinistcha
|-damage|p1b: Sinistcha|35/100
|-enditem|p1b: Sinistcha|Sitrus Berry|[eat]
|-heal|p1b: Sinistcha|60/100|[from] item: Sitrus Berry
|
|-weather|RainDance|[upkeep]
|upkeep
|turn|3
|
|t:|1784840106
|move|p1b: Sinistcha|Rage Powder|p1b: Sinistcha
|-singleturn|p1b: Sinistcha|move: Rage Powder
|move|p1a: Raichu|Zap Cannon|p2a: Pelipper
|-supereffective|p2a: Pelipper|2
|-damage|p2a: Pelipper|0 fnt
|faint|p2a: Pelipper
|move|p2b: Dragonite|Hurricane|p1b: Sinistcha
|-supereffective|p1b: Sinistcha|1
|-damage|p1b: Sinistcha|0 fnt
|faint|p1b: Sinistcha
|
|-weather|RainDance|[upkeep]
|upkeep
|
|t:|1784840114
|switch|p2a: Basculegion|Basculegion, L50, M|100/100
|switch|p1b: Sylveon|Sylveon, L50, F|100/100
|turn|4
|
|t:|1784840125
|move|p1b: Sylveon|Quick Attack|p2b: Dragonite
|-supereffective|p2b: Dragonite|1
|-damage|p2b: Dragonite|10/100 par
|move|p2a: Basculegion|Wave Crash|p1b: Sylveon
|-damage|p1b: Sylveon|0 fnt
|faint|p1b: Sylveon
|-damage|p2a: Basculegion|66/100|[from] Recoil
|move|p1a: Raichu|Zap Cannon|p2a: Basculegion
|-supereffective|p2a: Basculegion|1
|-damage|p2a: Basculegion|0 fnt
|faint|p2a: Basculegion
|move|p2b: Dragonite|Tailwind|p2b: Dragonite
|-sidestart|p2: palle synchro|move: Tailwind
|
|-weather|RainDance|[upkeep]
|upkeep
|
|t:|1784840133
|switch|p2a: Archaludon|Archaludon, L50, M|100/100
|switch|p1b: Ceruledge|Ceruledge, L50, F|100/100
|turn|5
|
|t:|1784840143
|move|p2b: Dragonite|Protect|p2b: Dragonite
|-singleturn|p2b: Dragonite|Protect
|move|p1b: Ceruledge|Shadow Sneak|p2b: Dragonite
|-activate|p2b: Dragonite|move: Protect
|move|p2a: Archaludon|Dragon Pulse|p1a: Raichu
|-damage|p1a: Raichu|48/100
|move|p1a: Raichu|Focus Blast|p2a: Archaludon
|-supereffective|p2a: Archaludon|1
|-damage|p2a: Archaludon|10/100
|-ability|p2a: Archaludon|Stamina|boost
|-boost|p2a: Archaludon|def|1
|
|-weather|none
|-heal|p2a: Archaludon|16/100|[from] item: Leftovers
|upkeep
|turn|6
|-message|palle synchro forfeited.
|raw|Schmixed_007's rating: 1237 → 1270(+33 for winning)
|raw|palle synchro's rating: 1355 → 1328(-27 for losing)
|
|win|Schmixed_007
