|j|☆raksbach
|j|☆bever13
|html|raksbachbever13    
|uhtml|bestof|Game 1 of a best-of-3
|t:|1783348221
|gametype|doubles
|player|p1|raksbach|102|1178
|player|p2|bever13|pryce|1166
|gen|9
|tier|[Gen 9 Champions] VGC 2026 Reg M-B (Bo3)
|rated|
|rule|Species Clause: Limit one of each Pokémon
|rule|Item Clause: Limit 1 of each item
|clearpoke
|poke|p1|Incineroar, L50, M|
|poke|p1|Maushold, L50|
|poke|p1|Sinistcha, L50|
|poke|p1|Sneasler, L50, F|
|poke|p1|Blastoise, L50, F|
|poke|p1|Delphox, L50, F|
|poke|p2|Swampert, L50, F|
|poke|p2|Pelipper, L50, M, shiny|
|poke|p2|Sceptile, L50, M|
|poke|p2|Heliolisk, L50, M|
|poke|p2|Raichu, L50, F|
|poke|p2|Basculegion, L50, M|
|teampreview|4
|showteam|p1|Incineroar||SitrusBerry|Intimidate|FakeOut,FlareBlitz,DarkestLariat,PartingShot|Impish||M|||50|]Maushold||ChopleBerry|FriendGuard|SuperFang,Feint,FollowMe,Protect|Impish|||||50|]Sinistcha||OccaBerry|Hospitality|MatchaGotcha,LifeDew,RagePowder,Protect|Bold|||||50|]Sneasler||FocusSash|PoisonTouch|FakeOut,CloseCombat,DireClaw,QuickGuard|Jolly||F|||50|]Blastoise||Blastoisinite|Torrent|WaterSpout,DarkPulse,ShellSmash,Protect|Modest||F|||50|]Delphox||Delphoxite|Blaze|HeatWave,Psychic,NastyPlot,Protect|Timid||F|||50|
|showteam|p2|Swampert||Swampertite|Damp|Earthquake,IcePunch,WaveCrash,Protect|Adamant||F|||50|]Pelipper||FocusSash|Drizzle|Tailwind,MuddyWater,Hurricane,Protect|Modest||M|||50|]Sceptile||Sceptilite|Unburden|EarthPower,DragonPulse,EnergyBall,VacuumWave|Timid||M|||50|]Heliolisk||ChoiceScarf|SolarPower|Discharge,Thunderbolt,ShedTail,HyperVoice|Timid||M|||50|]Raichu||ExpertBelt|LightningRod|Discharge,FakeOut,Nuzzle,GrassKnot|Timid||F|||50|]Basculegion||LifeOrb|SwiftSwim|FlipTurn,LastRespects,PhantomForce,WaveCrash|Jolly||M|||50|
|inactive|Battle timer is ON: inactive players will automatically lose when time's up. (requested by raksbach)
|inactive|raksbach has 60 seconds left.
|
|t:|1783348275
|teamsize|p1|4
|teamsize|p2|4
|start
|switch|p1a: Blastoise|Blastoise, L50, F|100/100
|switch|p1b: Maushold|Maushold, L50|100/100
|switch|p2a: Raichu|Raichu, L50, F|100/100
|switch|p2b: Heliolisk|Heliolisk, L50, M|100/100
|turn|1
|
|t:|1783348294
|detailschange|p1a: Blastoise|Blastoise-Mega, L50, F
|-mega|p1a: Blastoise|Blastoise|Blastoisinite
|move|p1b: Maushold|Protect|p1b: Maushold
|-singleturn|p1b: Maushold|Protect
|move|p1a: Blastoise|Protect|p1a: Blastoise
|-singleturn|p1a: Blastoise|Protect
|move|p2a: Raichu|Fake Out|p1a: Blastoise
|-activate|p1a: Blastoise|move: Protect
|move|p2b: Heliolisk|Discharge|p1b: Maushold|[spread] 
|-activate|p1a: Blastoise|move: Protect
|-activate|p1b: Maushold|move: Protect
|-ability|p2a: Raichu|Lightning Rod|boost
|-boost|p2a: Raichu|spa|1
|
|upkeep
|turn|2
|
|t:|1783348319
|switch|p1a: Sinistcha|Sinistcha, L50|100/100
|move|p2b: Heliolisk|Discharge|p1a: Sinistcha|[spread] p1a,p1b
|-ability|p2a: Raichu|Lightning Rod|boost
|-boost|p2a: Raichu|spa|1
|-resisted|p1a: Sinistcha|1
|-damage|p1a: Sinistcha|91/100
|-damage|p1b: Maushold|69/100
|-status|p1b: Maushold|par
|move|p2a: Raichu|Nuzzle|p1a: Sinistcha
|-resisted|p1a: Sinistcha|1
|-damage|p1a: Sinistcha|88/100
|-status|p1a: Sinistcha|par
|move|p1b: Maushold|Super Fang|p2b: Heliolisk|[miss]
|-miss|p1b: Maushold|p2b: Heliolisk
|
|upkeep
|turn|3
|inactive|raksbach has 30 seconds left.
|
|t:|1783348347
|move|p2b: Heliolisk|Discharge|p1b: Maushold|[spread] p1a,p1b
|-ability|p2a: Raichu|Lightning Rod|boost
|-boost|p2a: Raichu|spa|1
|-resisted|p1a: Sinistcha|1
|-damage|p1a: Sinistcha|79/100 par
|-damage|p1b: Maushold|37/100 par
|move|p2a: Raichu|Discharge|p1b: Maushold|[spread] p2b,p1a,p1b
|-resisted|p2b: Heliolisk|1
|-resisted|p1a: Sinistcha|1
|-damage|p2b: Heliolisk|60/100
|-damage|p1a: Sinistcha|60/100 par
|-damage|p1b: Maushold|0 fnt
|faint|p1b: Maushold
|move|p1a: Sinistcha|Matcha Gotcha|p2b: Heliolisk|[spread] p2a,p2b
|-damage|p2a: Raichu|61/100
|-heal|p1a: Sinistcha|75/100 par|[from] drain|[of] p2a: Raichu
|-damage|p2b: Heliolisk|25/100
|-heal|p1a: Sinistcha|88/100 par|[from] drain|[of] p2b: Heliolisk
|
|upkeep
|
|t:|1783348363
|switch|p1b: Sneasler|Sneasler, L50, F|100/100
|turn|4
|
|t:|1783348373
|move|p1b: Sneasler|Fake Out|p2a: Raichu
|-damage|p2a: Raichu|32/100
|move|p2b: Heliolisk|Discharge|p1a: Sinistcha|[spread] p1a,p1b
|-ability|p2a: Raichu|Lightning Rod|boost
|-boost|p2a: Raichu|spa|1
|-resisted|p1a: Sinistcha|1
|-damage|p1a: Sinistcha|75/100 par
|-damage|p1b: Sneasler|62/100
|-status|p1b: Sneasler|par
|cant|p2a: Raichu|flinch
|cant|p1a: Sinistcha|par
|
|upkeep
|turn|5
|
|t:|1783348389
|switch|p2b: Pelipper|Pelipper, L50, M, shiny|100/100
|-weather|RainDance|[from] ability: Drizzle|[of] p2b: Pelipper
|move|p2a: Raichu|Discharge|p1a: Sinistcha|[spread] p2b,p1a,p1b
|-supereffective|p2b: Pelipper|2
|-resisted|p1a: Sinistcha|1
|-enditem|p2b: Pelipper|Focus Sash
|-damage|p2b: Pelipper|1/100
|-damage|p1a: Sinistcha|39/100 par
|-damage|p1b: Sneasler|0 fnt
|-status|p2b: Pelipper|par
|faint|p1b: Sneasler
|move|p1a: Sinistcha|Matcha Gotcha|p2a: Raichu|[spread] p2a,p2b
|-damage|p2a: Raichu|0 fnt
|-heal|p1a: Sinistcha|52/100 par|[from] drain|[of] p2a: Raichu
|-damage|p2b: Pelipper|0 fnt
|-heal|p1a: Sinistcha|52/100 par|[from] drain|[of] p2b: Pelipper
|faint|p2a: Raichu
|faint|p2b: Pelipper
|
|-weather|RainDance|[upkeep]
|upkeep
|
|t:|1783348408
|switch|p1b: Blastoise|Blastoise-Mega, L50, F|100/100
|switch|p2a: Heliolisk|Heliolisk, L50, M|25/100
|switch|p2b: Basculegion|Basculegion, L50, M|100/100
|turn|6
|
|t:|1783348421
|move|p1b: Blastoise|Protect|p1b: Blastoise
|-singleturn|p1b: Blastoise|Protect
|move|p2b: Basculegion|Phantom Force||[still]
|-prepare|p2b: Basculegion|Phantom Force
|move|p2a: Heliolisk|Discharge|p1a: Sinistcha|[spread] p1a
|-miss|p2a: Heliolisk|p2b: Basculegion
|-activate|p1b: Blastoise|move: Protect
|-resisted|p1a: Sinistcha|1
|-damage|p1a: Sinistcha|40/100 par
|move|p1a: Sinistcha|Matcha Gotcha|p2b: Basculegion|[spread] p2a
|-miss|p1a: Sinistcha|p2b: Basculegion
|-crit|p2a: Heliolisk
|-damage|p2a: Heliolisk|0 fnt
|-heal|p1a: Sinistcha|50/100g par|[from] drain|[of] p2a: Heliolisk
|faint|p2a: Heliolisk
|
|-weather|RainDance|[upkeep]
|upkeep
|turn|7
|
|t:|1783348440
|move|p2b: Basculegion|Phantom Force|p1b: Blastoise|[from] lockedmove
|-damage|p1b: Blastoise|44/100
|-damage|p2b: Basculegion|90/100|[from] item: Life Orb
|move|p1b: Blastoise|Dark Pulse|p2b: Basculegion
|-supereffective|p2b: Basculegion|1
|-damage|p2b: Basculegion|0 fnt
|faint|p2b: Basculegion
|
|win|raksbach
