|j|☆BestDefense
|j|☆mage166
|html|BestDefensemage166    
|uhtml|bestof|Game 2 of a best-of-3
|t:|1783799906
|gametype|doubles
|player|p1|BestDefense|170|1166
|player|p2|mage166|1|1198
|gen|9
|tier|[Gen 9 Champions] VGC 2026 Reg M-B (Bo3)
|rated|
|rule|Species Clause: Limit one of each Pokémon
|rule|Item Clause: Limit 1 of each item
|clearpoke
|poke|p1|Feraligatr, L50, M, shiny|
|poke|p1|Drampa, L50, F, shiny|
|poke|p1|Pelipper, L50, M, shiny|
|poke|p1|Sinistcha, L50, shiny|
|poke|p1|Basculegion, L50, M, shiny|
|poke|p1|Incineroar, L50, F, shiny|
|poke|p2|Staraptor, L50, F, shiny|
|poke|p2|Tyranitar, L50, M, shiny|
|poke|p2|Excadrill, L50, M, shiny|
|poke|p2|Houndstone, L50, F|
|poke|p2|Rotom-Wash, L50|
|poke|p2|Venusaur, L50, M, shiny|
|teampreview|4
|showteam|p1|Feraligatr||Feraligite|SheerForce|Liquidation,GigaImpact,IcePunch,Protect|Adamant||M|||50|]Drampa||Drampanite|Berserk|HyperVoice,DracoMeteor,Hurricane,Thunder|Quiet||F|||50|]Pelipper||FocusSash|Drizzle|WeatherBall,Hurricane,Tailwind,Protect|Timid||M|||50|]Sinistcha||KasibBerry|Hospitality|MatchaGotcha,ShadowBall,TrickRoom,RagePowder|Modest|||||50|]Basculegion||ChoiceScarf|Adaptability|WaveCrash,FlipTurn,AquaJet,LastRespects|Jolly||M|||50|]Incineroar||SitrusBerry|Intimidate|FakeOut,FlareBlitz,DarkestLariat,PartingShot|Careful||F|||50|
|showteam|p2|Staraptor||Staraptite|Intimidate|CloseCombat,Protect,BraveBird,Tailwind|Jolly||F|||50|]Tyranitar||ChoiceScarf|SandStream|RockSlide,KnockOff,IcePunch,LowKick|Jolly||M|||50|]Excadrill||FocusSash|SandRush|Earthquake,IronHead,RockSlide,Protect|Adamant||M|||50|]Houndstone||SitrusBerry|SandRush|LastRespects,WillOWisp,AllySwitch,Protect|Adamant||F|||50|]Rotom-Wash||Magnet|Levitate|HydroPump,VoltSwitch,Thunderbolt,Protect|Modest|||||50|]Venusaur||Venusaurite|Chlorophyll|SludgeBomb,EarthPower,SleepPowder,Protect|Modest||M|||50|
|inactive|Battle timer is ON: inactive players will automatically lose when time's up. (requested by BestDefense)
|
|t:|1783799929
|teamsize|p1|4
|teamsize|p2|4
|start
|switch|p1a: Lorb|Pelipper, L50, M, shiny|100/100
|switch|p1b: Big Kitty|Incineroar, L50, F, shiny|100/100
|switch|p2a: Staraptor|Staraptor, L50, F, shiny|100/100
|switch|p2b: Excadrill|Excadrill, L50, M, shiny|100/100
|-ability|p2a: Staraptor|Intimidate|boost
|-unboost|p1a: Lorb|atk|1
|-unboost|p1b: Big Kitty|atk|1
|-weather|RainDance|[from] ability: Drizzle|[of] p1a: Lorb
|-ability|p1b: Big Kitty|Intimidate|boost
|-unboost|p2a: Staraptor|atk|1
|-unboost|p2b: Excadrill|atk|1
|turn|1
|
|t:|1783799945
|move|p2a: Staraptor|Protect|p2a: Staraptor
|-singleturn|p2a: Staraptor|Protect
|move|p2b: Excadrill|Protect|p2b: Excadrill
|-singleturn|p2b: Excadrill|Protect
|move|p1b: Big Kitty|Fake Out|p2b: Excadrill
|-activate|p2b: Excadrill|move: Protect
|move|p1a: Lorb|Hurricane|p2a: Staraptor
|-activate|p2a: Staraptor|move: Protect
|
|-weather|RainDance|[upkeep]
|upkeep
|turn|2
|inactive|BestDefense has 30 seconds left.
|
|t:|1783799975
|switch|p2a: Tyranitar|Tyranitar, L50, M, shiny|100/100
|-weather|Sandstorm|[from] ability: Sand Stream|[of] p2a: Tyranitar
|switch|p1b: Ruler|Basculegion, L50, M, shiny|100/100
|move|p2b: Excadrill|Rock Slide|p1b: Ruler|[spread] p1a,p1b
|-supereffective|p1a: Lorb|1
|-damage|p1a: Lorb|65/100
|-damage|p1b: Ruler|82/100
|move|p1a: Lorb|Tailwind|p1a: Lorb
|-sidestart|p1: BestDefense|move: Tailwind
|
|-weather|Sandstorm|[upkeep]
|-damage|p1b: Ruler|76/100|[from] Sandstorm
|-damage|p1a: Lorb|59/100|[from] Sandstorm
|upkeep
|turn|3
|
|t:|1783799992
|switch|p1a: Num Nums|Feraligatr, L50, M, shiny|100/100
|move|p1b: Ruler|Wave Crash|p2a: Tyranitar
|-supereffective|p2a: Tyranitar|1
|-damage|p2a: Tyranitar|0 fnt
|faint|p2a: Tyranitar
|-damage|p1b: Ruler|47/100|[from] Recoil
|move|p2b: Excadrill|Rock Slide|p1b: Ruler|[spread] p1a
|-miss|p2b: Excadrill|p1b: Ruler
|-damage|p1a: Num Nums|87/100
|
|-weather|Sandstorm|[upkeep]
|-damage|p1b: Ruler|41/100|[from] Sandstorm
|-damage|p1a: Num Nums|80/100|[from] Sandstorm
|upkeep
|
|t:|1783800006
|switch|p2a: Rotom|Rotom-Wash, L50|100/100
|turn|4
|
|t:|1783800025
|switch|p1b: Big Kitty|Incineroar, L50, F, shiny|100/100
|-ability|p1b: Big Kitty|Intimidate|boost
|-unboost|p2a: Rotom|atk|1
|-unboost|p2b: Excadrill|atk|1
|detailschange|p1a: Num Nums|Feraligatr-Mega, L50, M, shiny
|-mega|p1a: Num Nums|Feraligatr|Feraligite
|move|p2b: Excadrill|Protect|p2b: Excadrill
|-singleturn|p2b: Excadrill|Protect
|move|p1a: Num Nums|Giga Impact|p2a: Rotom
|-damage|p2a: Rotom|0 fnt
|-mustrecharge|p1a: Num Nums
|faint|p2a: Rotom
|
|-weather|Sandstorm|[upkeep]
|-damage|p1a: Num Nums|74/100|[from] Sandstorm
|-damage|p1b: Big Kitty|94/100|[from] Sandstorm
|upkeep
|
|t:|1783800038
|switch|p2a: Staraptor|Staraptor, L50, F, shiny|100/100
|-ability|p2a: Staraptor|Intimidate|boost
|-unboost|p1a: Num Nums|atk|1
|-unboost|p1b: Big Kitty|atk|1
|turn|5
|
|t:|1783800049
|detailschange|p2a: Staraptor|Staraptor-Mega, L50, F, shiny
|-mega|p2a: Staraptor|Staraptor|Staraptite
|move|p1b: Big Kitty|Fake Out|p2b: Excadrill
|-resisted|p2b: Excadrill|1
|-damage|p2b: Excadrill|94/100
|cant|p2b: Excadrill|flinch
|cant|p1a: Num Nums|recharge
|move|p2a: Staraptor|Close Combat|p1b: Big Kitty
|-supereffective|p1b: Big Kitty|1
|-damage|p1b: Big Kitty|6/100
|-boost|p2a: Staraptor|def|1
|-boost|p2a: Staraptor|spd|1
|-enditem|p1b: Big Kitty|Sitrus Berry|[eat]
|-heal|p1b: Big Kitty|31/100|[from] item: Sitrus Berry
|
|-weather|Sandstorm|[upkeep]
|-damage|p1a: Num Nums|68/100|[from] Sandstorm
|-damage|p2a: Staraptor|93/100|[from] Sandstorm
|-damage|p1b: Big Kitty|25/100|[from] Sandstorm
|-sideend|p1: BestDefense|move: Tailwind
|upkeep
|turn|6
|
|t:|1783800071
|switch|p1b: Lorb|Pelipper, L50, M, shiny|59/100
|-weather|RainDance|[from] ability: Drizzle|[of] p1b: Lorb
|move|p1a: Num Nums|Protect|p1a: Num Nums
|-singleturn|p1a: Num Nums|Protect
|move|p2a: Staraptor|Close Combat|p1b: Lorb
|-resisted|p1b: Lorb|1
|-damage|p1b: Lorb|25/100
|-boost|p2a: Staraptor|def|1
|-boost|p2a: Staraptor|spd|1
|move|p2b: Excadrill|Earthquake|p1b: Lorb|[spread] 
|-activate|p1a: Num Nums|move: Protect
|-immune|p2a: Staraptor
|-immune|p1b: Lorb
|
|-weather|RainDance|[upkeep]
|upkeep
|turn|7
|
|t:|1783800095
|move|p2b: Excadrill|Protect|p2b: Excadrill
|-singleturn|p2b: Excadrill|Protect
|move|p2a: Staraptor|Close Combat|p1b: Lorb
|-resisted|p1b: Lorb|1
|-damage|p1b: Lorb|0 fnt
|-boost|p2a: Staraptor|def|1
|-boost|p2a: Staraptor|spd|1
|faint|p1b: Lorb
|move|p1a: Num Nums|Liquidation|p2b: Excadrill
|-activate|p2b: Excadrill|move: Protect
|
|-weather|RainDance|[upkeep]
|upkeep
|
|t:|1783800098
|switch|p1b: Ruler|Basculegion, L50, M, shiny|41/100
|turn|8
|
|t:|1783800118
|move|p1b: Ruler|Wave Crash|p2a: Staraptor
|-damage|p2a: Staraptor|53/100
|-damage|p1b: Ruler|27/100|[from] Recoil
|move|p2a: Staraptor|Tailwind|p2a: Staraptor
|-sidestart|p2: mage166|move: Tailwind
|move|p2b: Excadrill|Rock Slide|p1a: Num Nums|[spread] p1a,p1b
|-damage|p1a: Num Nums|59/100
|-damage|p1b: Ruler|13/100
|move|p1a: Num Nums|Liquidation|p2b: Excadrill
|-supereffective|p2b: Excadrill|1
|-damage|p2b: Excadrill|0 fnt
|faint|p2b: Excadrill
|
|-weather|RainDance|[upkeep]
|upkeep
|turn|9
|inactive|mage166 has 30 seconds left.
|inactive|BestDefense has 30 seconds left.
|inactive|BestDefense has 20 seconds left.
|
|t:|1783800167
|move|p2a: Staraptor|Close Combat|p1a: Num Nums
|-damage|p1a: Num Nums|16/100
|-boost|p2a: Staraptor|def|1
|-boost|p2a: Staraptor|spd|1
|move|p1b: Ruler|Wave Crash|p2a: Staraptor
|-damage|p2a: Staraptor|18/100
|-damage|p1b: Ruler|2/100|[from] Recoil
|move|p1a: Num Nums|Ice Punch|p2a: Staraptor
|-supereffective|p2a: Staraptor|1
|-damage|p2a: Staraptor|6/100
|
|-weather|RainDance|[upkeep]
|upkeep
|turn|10
|
|t:|1783800179
|move|p2a: Staraptor|Tailwind||[still]
|-fail|p2a: Staraptor
|move|p1b: Ruler|Wave Crash|p2a: Staraptor
|-damage|p2a: Staraptor|0 fnt
|faint|p2a: Staraptor
|-damage|p1b: Ruler|0 fnt|[from] Recoil
|faint|p1b: Ruler
|
|win|BestDefense
|raw|BestDefense's rating: 1166 → 1193(+27 for winning)
|raw|mage166's rating: 1198 → 1171(-27 for losing)
|c|☆BestDefense|ggwp
