|j|☆SHyperdestroyerVGC
|j|☆reyimo 45
|html|SHyperdestroyerVGCreyimo 45    
|uhtml|bestof|Game 2 of a best-of-3
|t:|1785409922
|gametype|doubles
|player|p1|SHyperdestroyerVGC|lady|1201
|player|p2|reyimo 45|170|1283
|gen|9
|tier|[Gen 9 Champions] VGC 2026 Reg M-B (Bo3)
|rated|
|rule|Species Clause: Limit one of each Pokémon
|rule|Item Clause: Limit 1 of each item
|clearpoke
|poke|p1|Froslass, L50, F|
|poke|p1|Kingambit, L50, F|
|poke|p1|Sneasler, L50, M|
|poke|p1|Talonflame, L50, F|
|poke|p1|Garchomp, L50, M|
|poke|p1|Sinistcha, L50|
|poke|p2|Kingambit, L50, M|
|poke|p2|Charizard, L50, M|
|poke|p2|Aerodactyl, L50, M|
|poke|p2|Farigiraf, L50, F|
|poke|p2|Garchomp, L50, F|
|poke|p2|Sylveon, L50, M|
|teampreview|4
|showteam|p1|Froslass||Froslassite|SnowCloak|Blizzard,AuroraVeil,ShadowBall,Protect|Timid||F|||50|]Kingambit||ChopleBerry|Defiant|KowtowCleave,SuckerPunch,IronHead,Protect|Jolly||F|||50|]Sneasler||WhiteHerb|Unburden|FakeOut,CloseCombat,DireClaw,Protect|Adamant||M|||50|]Talonflame||FocusSash|GaleWings|DualWingbeat,FlareBlitz,Tailwind,Protect|Jolly||F|||50|]Garchomp||LifeOrb|RoughSkin|DragonClaw,Earthquake,RockSlide,Protect|Jolly||M|||50|]Sinistcha||OccaBerry|Hospitality|MatchaGotcha,TrickRoom,RagePowder,Protect|Calm|||||50|
|showteam|p2|Kingambit||FocusSash|Defiant|KowtowCleave,IronHead,SuckerPunch,LowKick|Adamant||M|||50|]Charizard||CharizarditeY|Blaze|HeatWave,SolarBeam,WeatherBall,Protect|Modest||M|||50|]Aerodactyl||Aerodactylite|Unnerve|RockSlide,DualWingbeat,IceFang,Tailwind|Jolly||M|||50|]Farigiraf||SitrusBerry|ArmorTail|Psychic,Thunderbolt,TrickRoom,Protect|Bold||F|||50|]Garchomp||LifeOrb|RoughSkin|Earthquake,DragonClaw,StompingTantrum,Protect|Jolly||F|||50|]Sylveon||FairyFeather|Pixilate|HyperVoice,HyperBeam,QuickAttack,Protect|Modest||M|||50|
|
|t:|1785409965
|teamsize|p1|4
|teamsize|p2|4
|start
|switch|p1a: Talonflame|Talonflame, L50, F|100/100
|switch|p1b: Garchomp|Garchomp, L50, M|100/100
|switch|p2a: Charizard|Charizard, L50, M|100/100
|switch|p2b: Aerodactyl|Aerodactyl, L50, M|100/100
|-ability|p2b: Aerodactyl|Unnerve
|turn|1
|
|t:|1785409975
|detailschange|p2a: Charizard|Charizard-Mega-Y, L50, M
|-mega|p2a: Charizard|Charizard|Charizardite Y
|-weather|SunnyDay|[from] ability: Drought|[of] p2a: Charizard
|move|p1b: Garchomp|Protect|p1b: Garchomp
|-singleturn|p1b: Garchomp|Protect
|move|p2a: Charizard|Protect|p2a: Charizard
|-singleturn|p2a: Charizard|Protect
|move|p1a: Talonflame|Tailwind|p1a: Talonflame
|-sidestart|p1: SHyperdestroyerVGC|move: Tailwind
|move|p2b: Aerodactyl|Ice Fang|p1b: Garchomp
|-activate|p1b: Garchomp|move: Protect
|
|-weather|SunnyDay|[upkeep]
|upkeep
|turn|2
|
|t:|1785409990
|switch|p2a: Farigiraf|Farigiraf, L50, F|100/100
|move|p1a: Talonflame|Flare Blitz|p2b: Aerodactyl
|-resisted|p2b: Aerodactyl|1
|-damage|p2b: Aerodactyl|52/100
|-damage|p1a: Talonflame|85/100|[from] Recoil
|move|p1b: Garchomp|Rock Slide|p2a: Farigiraf|[spread] p2b
|-miss|p1b: Garchomp|p2a: Farigiraf
|-supereffective|p2b: Aerodactyl|1
|-damage|p2b: Aerodactyl|0 fnt
|faint|p2b: Aerodactyl
|-damage|p1b: Garchomp|90/100|[from] item: Life Orb
|
|-weather|SunnyDay|[upkeep]
|upkeep
|
|t:|1785410002
|switch|p2b: Sylveon|Sylveon, L50, M|100/100
|turn|3
|
|t:|1785410014
|switch|p1b: Kingambit|Kingambit, L50, F|100/100
|move|p1a: Talonflame|Flare Blitz|p2b: Sylveon
|-damage|p2b: Sylveon|26/100
|-damage|p1a: Talonflame|58/100|[from] Recoil
|move|p2b: Sylveon|Hyper Voice|p1b: Kingambit|[spread] p1a,p1b
|-resisted|p1a: Talonflame|1
|-damage|p1a: Talonflame|26/100
|-damage|p1b: Kingambit|51/100
|move|p2a: Farigiraf|Trick Room|p2a: Farigiraf
|-fieldstart|move: Trick Room|[of] p2a: Farigiraf
|
|-weather|SunnyDay|[upkeep]
|upkeep
|turn|4
|
|t:|1785410032
|switch|p1a: Sinistcha|Sinistcha, L50|100/100
|-heal|p1b: Kingambit|76/100|[from] ability: Hospitality|[of] p1a: Sinistcha
|move|p1b: Kingambit|Protect|p1b: Kingambit
|-singleturn|p1b: Kingambit|Protect
|move|p2a: Farigiraf|Thunderbolt|p1b: Kingambit
|-activate|p1b: Kingambit|move: Protect
|move|p2b: Sylveon|Hyper Voice|p1b: Kingambit|[spread] p1a
|-activate|p1b: Kingambit|move: Protect
|-damage|p1a: Sinistcha|52/100
|
|-weather|SunnyDay|[upkeep]
|-sideend|p1: SHyperdestroyerVGC|move: Tailwind
|upkeep
|turn|5
|
|t:|1785410055
|move|p2b: Sylveon|Protect|p2b: Sylveon
|-singleturn|p2b: Sylveon|Protect
|move|p1b: Kingambit|Iron Head|p2b: Sylveon
|-activate|p2b: Sylveon|move: Protect
|move|p2a: Farigiraf|Thunderbolt|p1b: Kingambit
|-damage|p1b: Kingambit|56/100
|move|p1a: Sinistcha|Matcha Gotcha|p2a: Farigiraf|[spread] p2a
|-activate|p2b: Sylveon|move: Protect
|-crit|p2a: Farigiraf
|-damage|p2a: Farigiraf|69/100
|-heal|p1a: Sinistcha|69/100|[from] drain|[of] p2a: Farigiraf
|
|-weather|none
|upkeep
|turn|6
|
|t:|1785410082
|move|p1b: Kingambit|Kowtow Cleave|p2a: Farigiraf
|-supereffective|p2a: Farigiraf|1
|-damage|p2a: Farigiraf|4/100
|-enditem|p2a: Farigiraf|Sitrus Berry|[eat]
|-heal|p2a: Farigiraf|29/100|[from] item: Sitrus Berry
|move|p2a: Farigiraf|Thunderbolt|p1b: Kingambit
|-damage|p1b: Kingambit|34/100
|move|p2b: Sylveon|Hyper Voice|p1a: Sinistcha|[spread] p1a,p1b
|-damage|p1a: Sinistcha|20/100y
|-damage|p1b: Kingambit|0 fnt
|faint|p1b: Kingambit
|move|p1a: Sinistcha|Matcha Gotcha|p2b: Sylveon|[spread] p2a,p2b
|-damage|p2a: Farigiraf|7/100
|-heal|p1a: Sinistcha|33/100|[from] drain|[of] p2a: Farigiraf
|-damage|p2b: Sylveon|7/100
|-heal|p1a: Sinistcha|43/100|[from] drain|[of] p2b: Sylveon
|
|upkeep
|
|t:|1785410094
|switch|p1b: Garchomp|Garchomp, L50, M|90/100
|turn|7
|
|t:|1785410120
|move|p1a: Sinistcha|Protect|p1a: Sinistcha
|-singleturn|p1a: Sinistcha|Protect
|move|p1b: Garchomp|Protect|p1b: Garchomp
|-singleturn|p1b: Garchomp|Protect
|move|p2b: Sylveon|Hyper Voice|p1a: Sinistcha|[spread] 
|-activate|p1a: Sinistcha|move: Protect
|-activate|p1b: Garchomp|move: Protect
|move|p2a: Farigiraf|Psychic|p1a: Sinistcha
|-activate|p1a: Sinistcha|move: Protect
|
|-fieldend|move: Trick Room
|upkeep
|turn|8
|
|t:|1785410137
|switch|p1a: Talonflame|Talonflame, L50, F|26/100
|move|p2b: Sylveon|Quick Attack|p1b: Garchomp
|-supereffective|p1b: Garchomp|1
|-crit|p1b: Garchomp
|-damage|p1b: Garchomp|55/100
|-damage|p2b: Sylveon|0 fnt|[from] ability: Rough Skin|[of] p1b: Garchomp
|faint|p2b: Sylveon
|move|p1b: Garchomp|Earthquake|p2a: Farigiraf|[spread] p2a
|-immune|p1a: Talonflame
|-damage|p2a: Farigiraf|0 fnt
|faint|p2a: Farigiraf
|-damage|p1b: Garchomp|45/100|[from] item: Life Orb
|
|upkeep
|
|t:|1785410147
|switch|p2b: Charizard|Charizard-Mega-Y, L50, M|100/100
|-weather|SunnyDay|[from] ability: Drought|[of] p2b: Charizard
|turn|9
|
|t:|1785410157
|move|p1b: Garchomp|Protect|p1b: Garchomp
|-singleturn|p1b: Garchomp|Protect
|move|p1a: Talonflame|Tailwind|p1a: Talonflame
|-sidestart|p1: SHyperdestroyerVGC|move: Tailwind
|move|p2b: Charizard|Heat Wave|p1a: Talonflame|[spread] 
|-activate|p1b: Garchomp|move: Protect
|-miss|p2b: Charizard|p1a: Talonflame
|
|-weather|SunnyDay|[upkeep]
|upkeep
|turn|10
|
|t:|1785410163
|switch|p1a: Sinistcha|Sinistcha, L50|43/100
|-heal|p1b: Garchomp|70/100|[from] ability: Hospitality|[of] p1a: Sinistcha
|move|p1b: Garchomp|Rock Slide|p2b: Charizard
|-supereffective|p2b: Charizard|2
|-damage|p2b: Charizard|0 fnt
|faint|p2b: Charizard
|-damage|p1b: Garchomp|60/100|[from] item: Life Orb
|
|win|SHyperdestroyerVGC
|raw|SHyperdestroyerVGC's rating: 1201 → 1232(+31 for winning)
|raw|reyimo 45's rating: 1283 → 1252(-31 for losing)
|c|☆SHyperdestroyerVGC|gg
|c|☆SHyperdestroyerVGC|That was close
|c|☆reyimo 45|gg
|c|☆reyimo 45|that kingabit trik me
|c|☆reyimo 45|i thought it was faster
|c|☆SHyperdestroyerVGC|I thought that lose this because is my worse match
|c|☆SHyperdestroyerVGC|Aero M is my best counter
|c|☆reyimo 45|if i know the kingambit was slower i dont put tr
|c|☆SHyperdestroyerVGC|Yeah
|l|☆reyimo 45
|player|p2|
|c|☆SHyperdestroyerVGC|Sylve modest?
