|j|☆gg4g3
|j|☆Adriatic Tides
|html|gg4g3Adriatic Tides    
|uhtml|bestof|Game 3 of a best-of-3
|t:|1784425708
|gametype|doubles
|player|p1|gg4g3|miku-ghost|1195
|player|p2|Adriatic Tides|leon|1127
|gen|9
|tier|[Gen 9 Champions] VGC 2026 Reg M-B (Bo3)
|rated|
|rule|Species Clause: Limit one of each Pokémon
|rule|Item Clause: Limit 1 of each item
|clearpoke
|poke|p1|Charizard, L50, M|
|poke|p1|Incineroar, L50, F|
|poke|p1|Aerodactyl, L50, F|
|poke|p1|Sylveon, L50, M|
|poke|p1|Garchomp, L50, M|
|poke|p1|Farigiraf, L50, F|
|poke|p2|Tyranitar, L50, F|
|poke|p2|Excadrill, L50, M|
|poke|p2|Delphox, L50, F|
|poke|p2|Sinistcha, L50|
|poke|p2|Rotom-Wash, L50|
|poke|p2|Incineroar, L50, F|
|teampreview|4
|showteam|p1|Charizard||CharizarditeY|Blaze|HeatWave,SolarBeam,WeatherBall,Protect|Timid||M|||50|]Incineroar||ChopleBerry|Intimidate|FakeOut,PartingShot,FlareBlitz,ThroatChop|Careful||F|||50|]Aerodactyl||Aerodactylite|Unnerve|RockSlide,DualWingbeat,Tailwind,Protect|Jolly||F|||50|]Sylveon||FairyFeather|Pixilate|HyperVoice,HyperBeam,QuickAttack,Detect|Modest||M|||50|]Garchomp||LifeOrb|RoughSkin|Earthquake,DragonClaw,RockSlide,Protect|Jolly||M|||50|]Farigiraf||SitrusBerry|ArmorTail|Psychic,TrickRoom,HelpingHand,Protect|Sassy||F|||50|
|showteam|p2|Tyranitar||Tyranitarite|SandStream|KnockOff,RockSlide,Protect,LowKick|Adamant||F|||50|]Excadrill||FocusSash|SandRush|Protect,Earthquake,IronHead,RockSlide|Adamant||M|||50|]Delphox||Delphoxite|Blaze|NastyPlot,HeatWave,Psyshock,Protect|Timid||F|||50|]Sinistcha||ColburBerry|Hospitality|TrickRoom,MatchaGotcha,Protect,RagePowder|Bold|||||50|]Rotom-Wash||Leftovers|Levitate|Electroweb,HydroPump,Protect,Thunderbolt|Modest|||||50|]Incineroar||SitrusBerry|Intimidate|FakeOut,FlareBlitz,PartingShot,ThroatChop|Careful||F|||50|
|inactive|Battle timer is ON: inactive players will automatically lose when time's up. (requested by gg4g3)
|
|t:|1784425729
|teamsize|p1|4
|teamsize|p2|4
|start
|switch|p1a: Aerodactyl|Aerodactyl, L50, F|100/100
|switch|p1b: Garchomp|Garchomp, L50, M|100/100
|switch|p2a: Tyranitar|Tyranitar, L50, F|100/100
|switch|p2b: Excadrill|Excadrill, L50, M|100/100
|-ability|p1a: Aerodactyl|Unnerve
|-weather|Sandstorm|[from] ability: Sand Stream|[of] p2a: Tyranitar
|turn|1
|
|t:|1784425737
|detailschange|p2a: Tyranitar|Tyranitar-Mega, L50, F
|-mega|p2a: Tyranitar|Tyranitar|Tyranitarite
|move|p1a: Aerodactyl|Protect|p1a: Aerodactyl
|-singleturn|p1a: Aerodactyl|Protect
|move|p2b: Excadrill|Rock Slide|p1b: Garchomp|[spread] p1b
|-activate|p1a: Aerodactyl|move: Protect
|-resisted|p1b: Garchomp|1
|-damage|p1b: Garchomp|88/100
|cant|p1b: Garchomp|flinch
|move|p2a: Tyranitar|Rock Slide|p1b: Garchomp|[spread] p1b
|-activate|p1a: Aerodactyl|move: Protect
|-resisted|p1b: Garchomp|1
|-damage|p1b: Garchomp|69/100
|
|-weather|Sandstorm|[upkeep]
|upkeep
|turn|2
|
|t:|1784425759
|switch|p1a: Incineroar|Incineroar, L50, F|100/100
|-ability|p1a: Incineroar|Intimidate|boost
|-unboost|p2a: Tyranitar|atk|1
|-unboost|p2b: Excadrill|atk|1
|move|p2b: Excadrill|Rock Slide|p1b: Garchomp|[spread] p1a,p1b
|-supereffective|p1a: Incineroar|1
|-resisted|p1b: Garchomp|1
|-damage|p1a: Incineroar|75/100
|-damage|p1b: Garchomp|61/100
|move|p1b: Garchomp|Rock Slide|p2b: Excadrill|[spread] p2b
|-miss|p1b: Garchomp|p2a: Tyranitar
|-resisted|p2b: Excadrill|2
|-damage|p2b: Excadrill|90/100
|-damage|p1b: Garchomp|51/100|[from] item: Life Orb
|move|p2a: Tyranitar|Rock Slide|p1b: Garchomp|[spread] p1a,p1b
|-supereffective|p1a: Incineroar|1
|-resisted|p1b: Garchomp|1
|-damage|p1a: Incineroar|32/100
|-damage|p1b: Garchomp|38/100
|
|-weather|Sandstorm|[upkeep]
|-damage|p1a: Incineroar|26/100|[from] Sandstorm
|upkeep
|turn|3
|inactive|gg4g3 has 30 seconds left.
|inactive|Adriatic Tides has 30 seconds left.
|inactive|gg4g3 has 20 seconds left.
|inactive|Adriatic Tides has 20 seconds left.
|
|t:|1784425798
|move|p2b: Excadrill|Protect|p2b: Excadrill
|-singleturn|p2b: Excadrill|Protect
|move|p2a: Tyranitar|Protect|p2a: Tyranitar
|-singleturn|p2a: Tyranitar|Protect
|move|p1a: Incineroar|Fake Out|p2a: Tyranitar
|-activate|p2a: Tyranitar|move: Protect
|move|p1b: Garchomp|Rock Slide|p2b: Excadrill|[spread] 
|-activate|p2a: Tyranitar|move: Protect
|-activate|p2b: Excadrill|move: Protect
|
|-weather|Sandstorm|[upkeep]
|-damage|p1a: Incineroar|20/100y|[from] Sandstorm
|upkeep
|turn|4
|
|t:|1784425813
|switch|p2a: Sinistcha|Sinistcha, L50|100/100
|-heal|p2b: Excadrill|100/100|[from] ability: Hospitality|[of] p2a: Sinistcha
|move|p2b: Excadrill|Rock Slide|p1b: Garchomp|[spread] p1a,p1b
|-supereffective|p1a: Incineroar|1
|-resisted|p1b: Garchomp|1
|-damage|p1a: Incineroar|0 fnt
|-damage|p1b: Garchomp|30/100
|faint|p1a: Incineroar
|move|p1b: Garchomp|Earthquake|p2b: Excadrill|[spread] p2a,p2b
|-resisted|p2a: Sinistcha|1
|-supereffective|p2b: Excadrill|1
|-damage|p2a: Sinistcha|80/100
|-enditem|p2b: Excadrill|Focus Sash
|-damage|p2b: Excadrill|1/100
|-damage|p1b: Garchomp|20/100y|[from] item: Life Orb
|
|-weather|Sandstorm|[upkeep]
|-damage|p2a: Sinistcha|74/100|[from] Sandstorm
|upkeep
|
|t:|1784425824
|switch|p1a: Sylveon|Sylveon, L50, M|100/100
|turn|5
|
|t:|1784425833
|switch|p2b: Rotom|Rotom-Wash, L50|100/100
|move|p1b: Garchomp|Rock Slide|p2a: Sinistcha|[spread] p2a,p2b
|-damage|p2a: Sinistcha|56/100
|-damage|p2b: Rotom|71/100
|-damage|p1b: Garchomp|10/100|[from] item: Life Orb
|move|p2a: Sinistcha|Matcha Gotcha|p1a: Sylveon|[spread] p1a,p1b
|-damage|p1a: Sylveon|81/100
|-heal|p2a: Sinistcha|65/100|[from] drain|[of] p1a: Sylveon
|-damage|p1b: Garchomp|0 fnt
|-heal|p2a: Sinistcha|71/100|[from] drain|[of] p1b: Garchomp
|faint|p1b: Garchomp
|move|p1a: Sylveon|Hyper Beam|p2a: Sinistcha
|-damage|p2a: Sinistcha|0 fnt
|-mustrecharge|p1a: Sylveon
|faint|p2a: Sinistcha
|
|-weather|none
|-heal|p2b: Rotom|77/100|[from] item: Leftovers
|upkeep
|
|t:|1784425852
|switch|p1b: Aerodactyl|Aerodactyl, L50, F|100/100
|switch|p2a: Tyranitar|Tyranitar-Mega, L50, F|100/100
|-ability|p1b: Aerodactyl|Unnerve
|-weather|Sandstorm|[from] ability: Sand Stream|[of] p2a: Tyranitar
|turn|6
|
|t:|1784425861
|detailschange|p1b: Aerodactyl|Aerodactyl-Mega, L50, F
|-mega|p1b: Aerodactyl|Aerodactyl|Aerodactylite
|move|p1b: Aerodactyl|Rock Slide|p2b: Rotom|[spread] p2a,p2b
|-damage|p2a: Tyranitar|80/100
|-damage|p2b: Rotom|45/100
|move|p2b: Rotom|Thunderbolt|p1a: Sylveon
|-crit|p1a: Sylveon
|-damage|p1a: Sylveon|34/100
|-status|p1a: Sylveon|par
|move|p2a: Tyranitar|Rock Slide|p1b: Aerodactyl|[spread] p1a,p1b
|-supereffective|p1b: Aerodactyl|1
|-damage|p1a: Sylveon|0 fnt
|-damage|p1b: Aerodactyl|1/100
|faint|p1a: Sylveon
|
|-weather|Sandstorm|[upkeep]
|-damage|p2b: Rotom|40/100|[from] Sandstorm
|-heal|p2b: Rotom|45/100|[from] item: Leftovers
|upkeep
|turn|7
|-message|gg4g3 forfeited.
|raw|gg4g3's rating: 1195 → 1165(-30 for losing)
|raw|Adriatic Tides's rating: 1127 → 1157(+30 for winning)
|
|win|Adriatic Tides
|l|☆gg4g3
|player|p1|
|c|☆Adriatic Tides|gg
