|j|☆weejx
|j|☆arrascaxeira
|html|weejxarrascaxeira    
|uhtml|bestof|Game 2 of a best-of-3
|t:|1756569048
|gametype|doubles
|player|p1|weejx|colress|1107
|player|p2|arrascaxeira|169|1178
|gen|9
|tier|[Gen 9] VGC 2025 Reg H (Bo3)
|rated|
|rule|Species Clause: Limit one of each Pokémon
|rule|Item Clause: Limit 1 of each item
|clearpoke
|poke|p1|Tyranitar, L50, F|
|poke|p1|Kommo-o, L50, F|
|poke|p1|Primarina, L50, M|
|poke|p1|Corviknight, L50, F|
|poke|p1|Volcarona, L50, M|
|poke|p1|Sinistcha, L50|
|poke|p2|Gholdengo, L50|
|poke|p2|Rillaboom, L50, M|
|poke|p2|Tauros-Paldea-Aqua, L50, M|
|poke|p2|Dragonite, L50, M|
|poke|p2|Clefable, L50, M|
|poke|p2|Incineroar, L50, F|
|teampreview|4
|showteam|p1|Tyranitar||AssaultVest|SandStream|KnockOff,LowKick,RockSlide,TeraBlast|||F|||50|,,,,,Flying]Kommo-o||Leftovers|Overcoat|BodyPress,IronDefense,ThroatChop,Protect|||F|||50|,,,,,Steel]Primarina||MysticWater|LiquidVoice|Haze,Moonblast,HyperVoice,Protect|||M|||50|,,,,,Ghost]Corviknight||SitrusBerry|MirrorArmor|BraveBird,BulkUp,Roost,Tailwind|||F|||50|,,,,,Ghost]Volcarona||CovertCloak|FlameBody|HeatWave,Protect,RagePowder,StruggleBug|||M|||50|,,,,,Dragon]Sinistcha||RockyHelmet|Hospitality|Protect,MatchaGotcha,RagePowder,ShadowBall||||||50|,,,,,Water
|showteam|p2|Gholdengo||GrassySeed|GoodasGold|NastyPlot,MakeItRain,ShadowBall,Protect||||||50|,,,,,Water]Rillaboom||AssaultVest|GrassySurge|FakeOut,GrassyGlide,HighHorsepower,WoodHammer|||M|||50|,,,,,Fire]Tauros-Paldea-Aqua||MirrorHerb|Intimidate|WaveCrash,CloseCombat,AquaJet,Protect|||M|||50|,,,,,Grass]Dragonite||LoadedDice|Multiscale|ScaleShot,Haze,StompingTantrum,Protect|||M|||50|,,,,,Fairy]Clefable||RockyHelmet|Unaware|Moonblast,FollowMe,IcyWind,Protect|||M|||50|,,,,,Electric]Incineroar||SafetyGoggles|Intimidate|FakeOut,PartingShot,KnockOff,FlareBlitz|||F|||50|,,,,,Bug
|
|t:|1756569084
|teamsize|p1|4
|teamsize|p2|4
|start
|switch|p1a: Knife|Corviknight, L50, F|100/100
|switch|p1b: Sink|Primarina, L50, M|100/100
|switch|p2a: Gholdengo|Gholdengo, L50|100/100
|switch|p2b: Dragonite|Dragonite, L50, M|100/100
|turn|1
|
|t:|1756569103
|move|p2b: Dragonite|Protect|p2b: Dragonite
|-singleturn|p2b: Dragonite|Protect
|move|p2a: Gholdengo|Nasty Plot|p2a: Gholdengo
|-boost|p2a: Gholdengo|spa|2
|move|p1a: Knife|Tailwind|p1a: Knife
|-sidestart|p1: weejx|move: Tailwind
|move|p1b: Sink|Hyper Voice|p2a: Gholdengo|[spread] p2a
|-activate|p2b: Dragonite|move: Protect
|-damage|p2a: Gholdengo|63/100
|
|upkeep
|turn|2
|
|t:|1756569117
|move|p1a: Knife|Brave Bird|p2a: Gholdengo
|-resisted|p2a: Gholdengo
|-damage|p2a: Gholdengo|44/100
|-damage|p1a: Knife|94/100|[from] Recoil
|move|p1b: Sink|Haze|p1b: Sink
|-clearallboost
|move|p2b: Dragonite|Scale Shot|p1a: Knife
|-resisted|p1a: Knife
|-damage|p1a: Knife|87/100
|-resisted|p1a: Knife
|-damage|p1a: Knife|81/100
|-resisted|p1a: Knife
|-damage|p1a: Knife|75/100
|-resisted|p1a: Knife
|-damage|p1a: Knife|69/100
|-resisted|p1a: Knife
|-damage|p1a: Knife|63/100
|-hitcount|p1a: Knife|5
|-unboost|p2b: Dragonite|def|1
|-boost|p2b: Dragonite|spe|1
|move|p2a: Gholdengo|Make It Rain|p1a: Knife|[spread] p1a,p1b
|-resisted|p1a: Knife
|-damage|p1a: Knife|41/100
|-damage|p1b: Sink|60/100
|-unboost|p2a: Gholdengo|spa|1
|-enditem|p1a: Knife|Sitrus Berry|[eat]
|-heal|p1a: Knife|66/100|[from] item: Sitrus Berry
|
|upkeep
|turn|3
|
|t:|1756569130
|move|p1a: Knife|Brave Bird|p2b: Dragonite
|-damage|p2b: Dragonite|66/100
|-damage|p1a: Knife|57/100|[from] Recoil
|move|p2b: Dragonite|Haze|p2b: Dragonite
|-clearallboost
|move|p1b: Sink|Hyper Voice|p2b: Dragonite|[spread] p2a,p2b
|-resisted|p2b: Dragonite
|-damage|p2a: Gholdengo|2/100
|-damage|p2b: Dragonite|46/100
|move|p2a: Gholdengo|Make It Rain|p1b: Sink|[spread] p1a,p1b
|-resisted|p1a: Knife
|-damage|p1a: Knife|36/100
|-damage|p1b: Sink|23/100
|-unboost|p2a: Gholdengo|spa|1
|
|upkeep
|turn|4
|
|t:|1756569147
|switch|p2b: Rillaboom|Rillaboom, L50, M|100/100
|-fieldstart|move: Grassy Terrain|[from] ability: Grassy Surge|[of] p2b: Rillaboom
|-enditem|p2a: Gholdengo|Grassy Seed
|-boost|p2a: Gholdengo|def|1|[from] item: Grassy Seed
|move|p2a: Gholdengo|Protect|p2a: Gholdengo
|-singleturn|p2a: Gholdengo|Protect
|move|p1a: Knife|Roost|p1a: Knife
|-heal|p1a: Knife|86/100
|-singleturn|p1a: Knife|move: Roost
|move|p1b: Sink|Hyper Voice|p2a: Gholdengo|[spread] p2b
|-activate|p2a: Gholdengo|move: Protect
|-resisted|p2b: Rillaboom
|-damage|p2b: Rillaboom|85/100
|
|-heal|p1a: Knife|92/100|[from] Grassy Terrain
|-heal|p1b: Sink|29/100|[from] Grassy Terrain
|-heal|p2a: Gholdengo|8/100|[from] Grassy Terrain
|-heal|p2b: Rillaboom|91/100|[from] Grassy Terrain
|-sideend|p1: weejx|move: Tailwind
|upkeep
|turn|5
|
|t:|1756569160
|move|p2b: Rillaboom|Fake Out|p1a: Knife
|-resisted|p1a: Knife
|-crit|p1a: Knife
|-damage|p1a: Knife|82/100
|move|p2a: Gholdengo|Make It Rain|p1b: Sink|[spread] p1a,p1b
|-resisted|p1a: Knife
|-damage|p1a: Knife|68/100
|-damage|p1b: Sink|1/100
|-unboost|p2a: Gholdengo|spa|1
|cant|p1a: Knife|flinch
|move|p1b: Sink|Hyper Voice|p2b: Rillaboom|[spread] p2a,p2b
|-resisted|p2b: Rillaboom
|-damage|p2a: Gholdengo|0 fnt
|-damage|p2b: Rillaboom|76/100
|faint|p2a: Gholdengo
|
|-heal|p2b: Rillaboom|82/100|[from] Grassy Terrain
|-heal|p1b: Sink|7/100|[from] Grassy Terrain
|upkeep
|
|t:|1756569165
|switch|p2a: Tauros|Tauros-Paldea-Aqua, L50, M|100/100
|-ability|p2a: Tauros|Intimidate|boost
|-ability|p1a: Knife|Mirror Armor
|-unboost|p2a: Tauros|atk|1
|-unboost|p1b: Sink|atk|1
|turn|6
|
|t:|1756569192
|switch|p1b: Mortar Pestle|Sinistcha, L50|100/100
|-heal|p1a: Knife|93/100|[from] ability: Hospitality|[of] p1b: Mortar Pestle
|move|p2a: Tauros|Wave Crash|p1a: Knife
|-damage|p1a: Knife|61/100
|-damage|p2a: Tauros|87/100|[from] Recoil
|move|p2b: Rillaboom|Wood Hammer|p1b: Mortar Pestle
|-resisted|p1b: Mortar Pestle
|-damage|p1b: Mortar Pestle|63/100
|-damage|p2b: Rillaboom|65/100|[from] item: Rocky Helmet|[of] p1b: Mortar Pestle
|-damage|p2b: Rillaboom|54/100|[from] Recoil
|move|p1a: Knife|Tailwind|p1a: Knife
|-sidestart|p1: weejx|move: Tailwind
|
|-heal|p1b: Mortar Pestle|69/100|[from] Grassy Terrain
|-heal|p2a: Tauros|93/100|[from] Grassy Terrain
|-heal|p2b: Rillaboom|60/100|[from] Grassy Terrain
|upkeep
|turn|7
|
|t:|1756569216
|switch|p2a: Dragonite|Dragonite, L50, M|46/100
|move|p1a: Knife|Brave Bird|p2b: Rillaboom
|-supereffective|p2b: Rillaboom
|-damage|p2b: Rillaboom|0 fnt
|faint|p2b: Rillaboom
|-damage|p1a: Knife|41/100|[from] Recoil
|move|p1b: Mortar Pestle|Matcha Gotcha|p2a: Dragonite
|-resisted|p2a: Dragonite
|-damage|p2a: Dragonite|35/100
|-heal|p1b: Mortar Pestle|74/100|[from] drain|[of] p2a: Dragonite
|
|-heal|p1b: Mortar Pestle|80/100|[from] Grassy Terrain
|upkeep
|
|t:|1756569222
|switch|p2b: Tauros|Tauros-Paldea-Aqua, L50, M|93/100
|-ability|p2b: Tauros|Intimidate|boost
|-ability|p1a: Knife|Mirror Armor
|-unboost|p2b: Tauros|atk|1
|-unboost|p1b: Mortar Pestle|atk|1
|turn|8
|
|t:|1756569240
|move|p1a: Knife|Brave Bird|p2b: Tauros
|-supereffective|p2b: Tauros
|-damage|p2b: Tauros|2/100
|-damage|p1a: Knife|18/100|[from] Recoil
|move|p1b: Mortar Pestle|Matcha Gotcha|p2b: Tauros|[spread] p2a
|-miss|p1b: Mortar Pestle|p2b: Tauros
|-resisted|p2a: Dragonite
|-damage|p2a: Dragonite|27/100
|-heal|p1b: Mortar Pestle|84/100|[from] drain|[of] p2a: Dragonite
|move|p2b: Tauros|Wave Crash|p1a: Knife
|-damage|p1a: Knife|0 fnt
|faint|p1a: Knife
|-damage|p2b: Tauros|0 fnt|[from] Recoil
|faint|p2b: Tauros
|move|p2a: Dragonite|Scale Shot|p1b: Mortar Pestle
|-damage|p1b: Mortar Pestle|72/100
|-damage|p1b: Mortar Pestle|59/100
|-damage|p1b: Mortar Pestle|46/100
|-damage|p1b: Mortar Pestle|32/100
|-hitcount|p1b: Mortar Pestle|4
|-unboost|p2a: Dragonite|def|1
|-boost|p2a: Dragonite|spe|1
|
|-heal|p1b: Mortar Pestle|38/100|[from] Grassy Terrain
|-fieldend|move: Grassy Terrain
|upkeep
|
|t:|1756569251
|switch|p1a: Blender|Tyranitar, L50, F|100/100
|-weather|Sandstorm|[from] ability: Sand Stream|[of] p1a: Blender
|turn|9
|-message|arrascaxeira forfeited.
|
|win|weejx
|raw|weejx's rating: 1107 → 1137(+30 for winning)
|raw|arrascaxeira's rating: 1178 → 1148(-30 for losing)
|l|☆arrascaxeira
|player|p2|
