|j|☆Ruben1452
|j|☆Starbai
|html|Ruben1452Starbai    
|uhtml|bestof|Game 2 of a best-of-3
|t:|1757090117
|gametype|doubles
|player|p1|Ruben1452|hilbert-wonderlauncher|1184
|player|p2|Starbai|acetrainer-gen4dp|1273
|gen|9
|tier|[Gen 9] VGC 2025 Reg H (Bo3)
|rated|
|rule|Species Clause: Limit one of each Pokémon
|rule|Item Clause: Limit 1 of each item
|clearpoke
|poke|p1|Archaludon, L50, M|
|poke|p1|Gholdengo, L50|
|poke|p1|Pelipper, L50, M|
|poke|p1|Ursaluna, L50, F|
|poke|p1|Sinistcha, L50|
|poke|p1|Dragonite, L50, F|
|poke|p2|Dragonite, L50, F|
|poke|p2|Volcarona, L50, M|
|poke|p2|Kingambit, L50, M|
|poke|p2|Sneasler, L50, F|
|poke|p2|Electabuzz, L50, M|
|poke|p2|Rillaboom, L50, M|
|teampreview|4
|showteam|p1|Archaludon||AssaultVest|Stamina|FlashCannon,ElectroShot,BodyPress,Snarl|||M|||50|,,,,,Fighting]Gholdengo||ChoiceScarf|GoodasGold|MakeItRain,ShadowBall,ThunderWave,Trick||||||50|,,,,,Flying]Pelipper||SafetyGoggles|Drizzle|WeatherBall,Hurricane,Tailwind,Protect|||M|||50|,,,,,Steel]Ursaluna||FlameOrb|Guts|Facade,HeadlongRush,Earthquake,Protect|||F|||50|,,,,,Dragon]Sinistcha||SitrusBerry|Hospitality|MatchaGotcha,LifeDew,RagePowder,TrickRoom||||||50|,,,,,Fire]Dragonite||LoadedDice|Multiscale|ScaleShot,Tailwind,Haze,Protect|||F|||50|,,,,,Fairy
|showteam|p2|Dragonite||LoadedDice|Multiscale|ScaleShot,ExtremeSpeed,Haze,Protect|||F|||50|,,,,,Steel]Volcarona||CovertCloak|FlameBody|HeatWave,TeraBlast,QuiverDance,Protect|||M|||50|,,,,,Fairy]Kingambit||BlackGlasses|Defiant|KowtowCleave,SuckerPunch,SwordsDance,Protect|||M|||50|,,,,,Dark]Sneasler||FocusSash|Unburden|CloseCombat,DireClaw,FakeOut,Coaching|||F|||50|,,,,,Stellar]Electabuzz||Eviolite|VitalSpirit|Thunderbolt,FollowMe,Taunt,Protect|||M|||50|,,,,,Ghost]Rillaboom||AssaultVest|GrassySurge|WoodHammer,GrassyGlide,FakeOut,HighHorsepower|||M|||50|,,,,,Fire
|inactive|Battle timer is ON: inactive players will automatically lose when time's up. (requested by Ruben1452)
|inactive|Starbai has 60 seconds left.
|
|t:|1757090173
|teamsize|p1|4
|teamsize|p2|4
|start
|switch|p1a: Gholdengo|Gholdengo, L50|100/100
|switch|p1b: Sinistcha|Sinistcha, L50|100/100
|switch|p2a: Volcarona|Volcarona, L50, M|100/100
|switch|p2b: Sneasler|Sneasler, L50, F|100/100
|turn|1
|inactive|Ruben1452 has 30 seconds left.
|inactive|Starbai has 30 seconds left.
|inactive|Ruben1452 has 20 seconds left.
|inactive|Starbai has 20 seconds left.
|inactive|Ruben1452 has 15 seconds left.
|inactive|Ruben1452 has 10 seconds left.
|inactive|Starbai has 15 seconds left.
|inactive|Starbai has 10 seconds left.
|
|t:|1757090230
|switch|p1a: Pelipper|Pelipper, L50, M|100/100
|-weather|RainDance|[from] ability: Drizzle|[of] p1a: Pelipper
|-terastallize|p1b: Sinistcha|Fire
|move|p2b: Sneasler|Dire Claw|p1b: Sinistcha
|-damage|p1b: Sinistcha|63/100
|move|p2a: Volcarona|Heat Wave|p1b: Sinistcha|[spread] p1b
|-miss|p2a: Volcarona|p1a: Pelipper
|-resisted|p1b: Sinistcha
|-damage|p1b: Sinistcha|55/100
|move|p1b: Sinistcha|Trick Room|p1b: Sinistcha
|-fieldstart|move: Trick Room|[of] p1b: Sinistcha
|
|-weather|RainDance|[upkeep]
|upkeep
|turn|2
|inactive|Ruben1452 has 30 seconds left.
|inactive|Starbai has 30 seconds left.
|
|t:|1757090262
|switch|p1b: Gholdengo|Gholdengo, L50|100/100
|move|p2a: Volcarona|Protect|p2a: Volcarona
|-singleturn|p2a: Volcarona|Protect
|move|p1a: Pelipper|Hurricane|p2b: Sneasler
|-supereffective|p2b: Sneasler
|-enditem|p2b: Sneasler|Focus Sash
|-damage|p2b: Sneasler|1/100
|move|p2b: Sneasler|Close Combat|p1b: Gholdengo
|-immune|p1b: Gholdengo
|
|-weather|RainDance|[upkeep]
|upkeep
|turn|3
|inactive|Ruben1452 has 30 seconds left.
|
|t:|1757090289
|switch|p2a: Kingambit|Kingambit, L50, M|100/100
|move|p1a: Pelipper|Hurricane|p2a: Kingambit
|-resisted|p2a: Kingambit
|-damage|p2a: Kingambit|81/100
|-start|p2a: Kingambit|confusion
|move|p1b: Gholdengo|Make It Rain|p2b: Sneasler|[spread] p2a,p2b
|-resisted|p2a: Kingambit
|-damage|p2a: Kingambit|58/100
|-damage|p2b: Sneasler|0 fnt
|-unboost|p1b: Gholdengo|spa|1
|faint|p2b: Sneasler
|
|-weather|RainDance|[upkeep]
|upkeep
|
|t:|1757090295
|switch|p2b: Rillaboom|Rillaboom, L50, M|100/100
|-fieldstart|move: Grassy Terrain|[from] ability: Grassy Surge|[of] p2b: Rillaboom
|turn|4
|inactive|Ruben1452 has 30 seconds left.
|
|t:|1757090322
|switch|p1b: Ursaluna|Ursaluna, L50, F|100/100
|move|p2b: Rillaboom|Fake Out|p1a: Pelipper
|-damage|p1a: Pelipper|86/100
|-activate|p2a: Kingambit|confusion
|move|p2a: Kingambit|Kowtow Cleave|p1a: Pelipper
|-damage|p1a: Pelipper|24/100
|cant|p1a: Pelipper|flinch
|
|-weather|RainDance|[upkeep]
|-heal|p2a: Kingambit|63/100|[from] Grassy Terrain
|-status|p1b: Ursaluna|brn|[from] item: Flame Orb
|upkeep
|turn|5
|inactive|Ruben1452 has 30 seconds left.
|inactive|Ruben1452 has 20 seconds left.
|
|t:|1757090360
|move|p2b: Rillaboom|Grassy Glide|p1a: Pelipper
|-damage|p1a: Pelipper|0 fnt
|faint|p1a: Pelipper
|-activate|p2a: Kingambit|confusion
|-damage|p2a: Kingambit|51/100|[from] confusion
|move|p1b: Ursaluna|Earthquake|p2b: Rillaboom|[spread] p2a,p2b
|-supereffective|p2a: Kingambit
|-resisted|p2b: Rillaboom
|-damage|p2a: Kingambit|1/100
|-damage|p2b: Rillaboom|84/100
|
|-weather|none
|-heal|p2a: Kingambit|7/100|[from] Grassy Terrain
|-heal|p2b: Rillaboom|90/100|[from] Grassy Terrain
|-damage|p1b: Ursaluna|95/100 brn|[from] brn
|-fieldend|move: Trick Room
|upkeep
|
|t:|1757090381
|switch|p1a: Gholdengo|Gholdengo, L50|100/100
|turn|6
|
|t:|1757090400
|switch|p2b: Volcarona|Volcarona, L50, M|100/100
|-activate|p2a: Kingambit|confusion
|-damage|p2a: Kingambit|0 fnt|[from] confusion
|faint|p2a: Kingambit
|move|p1a: Gholdengo|Trick|p1b: Ursaluna
|-activate|p1a: Gholdengo|move: Trick|[of] p1b: Ursaluna
|-item|p1b: Ursaluna|Choice Scarf|[from] move: Trick
|-item|p1a: Gholdengo|Flame Orb|[from] move: Trick
|move|p1b: Ursaluna|Earthquake|p2b: Volcarona|[spread] p1a,p2b
|-supereffective|p1a: Gholdengo
|-damage|p1a: Gholdengo|23/100
|-damage|p2b: Volcarona|61/100
|
|-heal|p2b: Volcarona|67/100|[from] Grassy Terrain
|-heal|p1b: Ursaluna|100/100 brn|[from] Grassy Terrain
|-heal|p1a: Gholdengo|29/100|[from] Grassy Terrain
|-damage|p1b: Ursaluna|95/100 brn|[from] brn
|-status|p1a: Gholdengo|brn|[from] item: Flame Orb
|upkeep
|
|t:|1757090406
|switch|p2a: Rillaboom|Rillaboom, L50, M|90/100
|turn|7
|inactive|Ruben1452 has 30 seconds left.
|
|t:|1757090437
|move|p2a: Rillaboom|Fake Out|p1b: Ursaluna
|-damage|p1b: Ursaluna|83/100 brn
|move|p2b: Volcarona|Heat Wave|p1a: Gholdengo|[spread] p1a,p1b
|-supereffective|p1a: Gholdengo
|-damage|p1a: Gholdengo|0 fnt
|-damage|p1b: Ursaluna|46/100 brn
|faint|p1a: Gholdengo
|cant|p1b: Ursaluna|flinch
|
|-heal|p2b: Volcarona|72/100|[from] Grassy Terrain
|-heal|p1b: Ursaluna|52/100 brn|[from] Grassy Terrain
|-heal|p2a: Rillaboom|96/100|[from] Grassy Terrain
|-damage|p1b: Ursaluna|46/100 brn|[from] brn
|upkeep
|
|t:|1757090442
|switch|p1a: Sinistcha|Sinistcha, L50, tera:Fire|55/100
|-heal|p1b: Ursaluna|70/100 brn|[from] ability: Hospitality|[of] p1a: Sinistcha
|turn|8
|
|t:|1757090460
|move|p2a: Rillaboom|Grassy Glide|p1b: Ursaluna
|-supereffective|p1b: Ursaluna
|-damage|p1b: Ursaluna|14/100 brn
|move|p2b: Volcarona|Heat Wave|p1b: Ursaluna|[spread] p1a,p1b
|-resisted|p1a: Sinistcha
|-damage|p1a: Sinistcha|39/100
|-damage|p1b: Ursaluna|0 fnt
|-enditem|p1a: Sinistcha|Sitrus Berry|[eat]
|-heal|p1a: Sinistcha|64/100|[from] item: Sitrus Berry
|faint|p1b: Ursaluna
|move|p1a: Sinistcha|Life Dew|p1a: Sinistcha
|-heal|p1a: Sinistcha|89/100
|
|-heal|p2b: Volcarona|78/100|[from] Grassy Terrain
|-heal|p2a: Rillaboom|100/100|[from] Grassy Terrain
|-heal|p1a: Sinistcha|95/100|[from] Grassy Terrain
|-fieldend|move: Grassy Terrain
|upkeep
|turn|9
|
|t:|1757090471
|move|p2b: Volcarona|Quiver Dance|p2b: Volcarona
|-boost|p2b: Volcarona|spa|1
|-boost|p2b: Volcarona|spd|1
|-boost|p2b: Volcarona|spe|1
|move|p2a: Rillaboom|High Horsepower|p1a: Sinistcha
|-supereffective|p1a: Sinistcha
|-damage|p1a: Sinistcha|32/100
|move|p1a: Sinistcha|Matcha Gotcha|p2b: Volcarona|[spread] p2a,p2b
|-resisted|p2a: Rillaboom
|-resisted|p2b: Volcarona
|-damage|p2a: Rillaboom|92/100
|-heal|p1a: Sinistcha|36/100|[from] drain|[of] p2a: Rillaboom
|-damage|p2b: Volcarona|74/100
|-heal|p1a: Sinistcha|38/100|[from] drain|[of] p2b: Volcarona
|
|upkeep
|turn|10
|
|t:|1757090475
|move|p2b: Volcarona|Tera Blast|p1a: Sinistcha
|-damage|p1a: Sinistcha|4/100
|move|p2a: Rillaboom|High Horsepower|p1a: Sinistcha
|-supereffective|p1a: Sinistcha
|-damage|p1a: Sinistcha|0 fnt
|faint|p1a: Sinistcha
|
|win|Starbai
|raw|Ruben1452's rating: 1184 → 1165(-19 for losing)
|raw|Starbai's rating: 1273 → 1292(+19 for winning)
