|j|☆platinumflare
|j|☆AbadanRiyi92
|html|platinumflareAbadanRiyi92    
|uhtml|bestof|Game 2 of a best-of-3
|t:|1785612845
|gametype|doubles
|player|p1|platinumflare|lance|1243
|player|p2|AbadanRiyi92|colress|1217
|gen|9
|tier|[Gen 9 Champions] VGC 2026 Reg M-B (Bo3)
|rated|
|rule|Species Clause: Limit one of each Pokémon
|rule|Item Clause: Limit 1 of each item
|clearpoke
|poke|p1|Raichu, L50, M|
|poke|p1|Farigiraf, L50, F|
|poke|p1|Meowscarada, L50, F|
|poke|p1|Sneasler, L50, F|
|poke|p1|Talonflame, L50, M|
|poke|p1|Basculegion, L50, M|
|poke|p2|Tyranitar, L50, F|
|poke|p2|Excadrill, L50, F|
|poke|p2|Milotic, L50, F|
|poke|p2|Sinistcha, L50|
|poke|p2|Staraptor, L50, F|
|poke|p2|Gholdengo, L50|
|teampreview|4
|showteam|p1|Raichu||RaichuniteY|LightningRod|ZapCannon,FocusBlast,Protect,GrassKnot|Timid||M|||50|]Farigiraf||SitrusBerry|ArmorTail|Psychic,Roar,HyperVoice,Protect|Modest||F|||50|]Meowscarada||ChoiceScarf|Protean|FlowerTrick,ThroatChop,TripleAxel,Uturn|Jolly||F|||50|]Sneasler||WhiteHerb|Unburden|GunkShot,CloseCombat,Protect,FakeOut|Jolly||F|||50|]Talonflame||SharpBeak|GaleWings|Tailwind,DualWingbeat,Protect,FlareBlitz|Jolly||M|||50|]Basculegion||LifeOrb|Adaptability|WaveCrash,AquaJet,LastRespects,Protect|Adamant||M|||50|
|showteam|p2|Tyranitar||Tyranitarite|SandStream|KnockOff,RockSlide,HighHorsepower,Protect|Jolly||F|||50|]Excadrill||FocusSash|SandRush|Earthquake,IronHead,RockSlide,Protect|Adamant||F|||50|]Milotic||SitrusBerry|Competitive|Scald,IcyWind,Haze,Protect|Calm||F|||50|]Sinistcha||ColburBerry|Hospitality|MatchaGotcha,ShadowBall,Protect,RagePowder|Bold|||||50|]Staraptor||Staraptite|Intimidate|CloseCombat,BraveBird,Tailwind,Protect|Jolly||F|||50|]Gholdengo||LifeOrb|GoodasGold|MakeItRain,ShadowBall,NastyPlot,Protect|Modest|||||50|
|inactive|Battle timer is ON: inactive players will automatically lose when time's up. (requested by platinumflare)
|inactive|AbadanRiyi92 also wants the timer to be on.
|
|t:|1785612875
|teamsize|p1|4
|teamsize|p2|4
|start
|switch|p1a: Raichu|Raichu, L50, M|100/100
|switch|p1b: Basculegion|Basculegion, L50, M|100/100
|switch|p2a: Tyranitar|Tyranitar, L50, F|100/100
|switch|p2b: Excadrill|Excadrill, L50, F|100/100
|-weather|Sandstorm|[from] ability: Sand Stream|[of] p2a: Tyranitar
|turn|1
|inactive|AbadanRiyi92 has 30 seconds left.
|
|t:|1785612906
|switch|p1a: Meowscarada|Meowscarada, L50, F|100/100
|detailschange|p2a: Tyranitar|Tyranitar-Mega, L50, F
|-mega|p2a: Tyranitar|Tyranitar|Tyranitarite
|move|p2b: Excadrill|Protect|p2b: Excadrill
|-singleturn|p2b: Excadrill|Protect
|move|p2a: Tyranitar|Protect|p2a: Tyranitar
|-singleturn|p2a: Tyranitar|Protect
|move|p1b: Basculegion|Protect||[still]
|-fail|p1b: Basculegion
|
|-weather|Sandstorm|[upkeep]
|-damage|p1a: Meowscarada|94/100|[from] Sandstorm
|-damage|p1b: Basculegion|93/100|[from] Sandstorm
|upkeep
|turn|2
|inactive|platinumflare has 30 seconds left.
|
|t:|1785612936
|switch|p2b: Gholdengo|Gholdengo, L50|100/100
|move|p1b: Basculegion|Aqua Jet|p2b: Gholdengo
|-damage|p2b: Gholdengo|67/100
|-damage|p1b: Basculegion|84/100|[from] item: Life Orb
|move|p1a: Meowscarada|U-turn|p2b: Gholdengo
|-start|p1a: Meowscarada|typechange|Bug|[from] ability: Protean
|-resisted|p2b: Gholdengo|2
|-damage|p2b: Gholdengo|60/100
|
|t:|1785612950
|switch|p1a: Raichu|Raichu, L50, M|100/100|[from] U-turn
|move|p2a: Tyranitar|Knock Off|p1b: Basculegion
|-supereffective|p1b: Basculegion|1
|-crit|p1b: Basculegion
|-damage|p1b: Basculegion|0 fnt
|-enditem|p1b: Basculegion|Life Orb|[from] move: Knock Off|[of] p2a: Tyranitar
|faint|p1b: Basculegion
|
|-weather|Sandstorm|[upkeep]
|-damage|p1a: Raichu|94/100|[from] Sandstorm
|upkeep
|
|t:|1785612958
|switch|p1b: Meowscarada|Meowscarada, L50, F|94/100
|turn|3
|
|t:|1785612981
|switch|p2b: Sinistcha|Sinistcha, L50|100/100
|detailschange|p1a: Raichu|Raichu-Mega-Y, L50, M
|-mega|p1a: Raichu|Raichu|Raichunite Y
|move|p2a: Tyranitar|Protect|p2a: Tyranitar
|-singleturn|p2a: Tyranitar|Protect
|move|p1b: Meowscarada|Throat Chop|p2b: Sinistcha
|-start|p1b: Meowscarada|typechange|Dark|[from] ability: Protean
|-supereffective|p2b: Sinistcha|1
|-enditem|p2b: Sinistcha|Colbur Berry|[eat]
|-enditem|p2b: Sinistcha|Colbur Berry|[weaken]
|-damage|p2b: Sinistcha|72/100
|-start|p2b: Sinistcha|Throat Chop|[silent]
|move|p1a: Raichu|Focus Blast|p2a: Tyranitar
|-activate|p2a: Tyranitar|move: Protect
|
|-weather|Sandstorm|[upkeep]
|-damage|p1b: Meowscarada|88/100|[from] Sandstorm
|-damage|p1a: Raichu|88/100|[from] Sandstorm
|-damage|p2b: Sinistcha|66/100|[from] Sandstorm
|upkeep
|turn|4
|inactive|AbadanRiyi92 has 30 seconds left.
|inactive|AbadanRiyi92 has 20 seconds left.
|inactive|AbadanRiyi92 has 15 seconds left.
|
|t:|1785613023
|switch|p2a: Gholdengo|Gholdengo, L50|60/100
|move|p2b: Sinistcha|Protect|p2b: Sinistcha
|-singleturn|p2b: Sinistcha|Protect
|move|p1b: Meowscarada|Throat Chop|p2b: Sinistcha
|-activate|p2b: Sinistcha|move: Protect
|move|p1a: Raichu|Zap Cannon|p2b: Sinistcha
|-activate|p2b: Sinistcha|move: Protect
|
|-weather|Sandstorm|[upkeep]
|-damage|p1b: Meowscarada|82/100|[from] Sandstorm
|-damage|p1a: Raichu|82/100|[from] Sandstorm
|-damage|p2b: Sinistcha|60/100|[from] Sandstorm
|-end|p2b: Sinistcha|Throat Chop|[silent]
|upkeep
|turn|5
|inactive|AbadanRiyi92 has 30 seconds left.
|
|t:|1785613053
|switch|p2b: Excadrill|Excadrill, L50, F|100/100
|move|p2a: Gholdengo|Protect|p2a: Gholdengo
|-singleturn|p2a: Gholdengo|Protect
|move|p1b: Meowscarada|Throat Chop|p2b: Excadrill
|-damage|p2b: Excadrill|43/100
|-start|p2b: Excadrill|Throat Chop|[silent]
|move|p1a: Raichu|Zap Cannon|p2a: Gholdengo
|-activate|p2a: Gholdengo|move: Protect
|
|-weather|none
|upkeep
|turn|6
|inactive|AbadanRiyi92 has 30 seconds left.
|inactive|AbadanRiyi92 has 20 seconds left.
|inactive|AbadanRiyi92 has 15 seconds left.
|
|t:|1785613094
|switch|p2a: Sinistcha|Sinistcha, L50|60/100
|-heal|p2b: Excadrill|68/100|[from] ability: Hospitality|[of] p2a: Sinistcha
|move|p1b: Meowscarada|Throat Chop|p2b: Excadrill
|-damage|p2b: Excadrill|12/100
|move|p1a: Raichu|Zap Cannon|p2a: Sinistcha
|-resisted|p2a: Sinistcha|1
|-damage|p2a: Sinistcha|24/100
|-status|p2a: Sinistcha|par
|move|p2b: Excadrill|Earthquake|p1a: Raichu|[spread] p2a,p1a,p1b
|-resisted|p2a: Sinistcha|1
|-supereffective|p1a: Raichu|1
|-damage|p2a: Sinistcha|5/100 par
|-damage|p1a: Raichu|0 fnt
|-damage|p1b: Meowscarada|15/100
|faint|p1a: Raichu
|
|-end|p2b: Excadrill|Throat Chop|[silent]
|upkeep
|
|t:|1785613104
|switch|p1a: Talonflame|Talonflame, L50, M|100/100
|turn|7
|
|t:|1785613119
|switch|p2a: Tyranitar|Tyranitar-Mega, L50, F|100/100
|-weather|Sandstorm|[from] ability: Sand Stream|[of] p2a: Tyranitar
|move|p1a: Talonflame|Dual Wingbeat|p2a: Tyranitar|[miss]
|-miss|p1a: Talonflame|p2a: Tyranitar
|move|p1b: Meowscarada|Throat Chop|p2b: Excadrill
|-damage|p2b: Excadrill|0 fnt
|faint|p2b: Excadrill
|
|-weather|Sandstorm|[upkeep]
|-damage|p1b: Meowscarada|9/100|[from] Sandstorm
|-damage|p1a: Talonflame|94/100|[from] Sandstorm
|upkeep
|-message|platinumflare forfeited.
|
|win|AbadanRiyi92
|raw|platinumflare's rating: 1243 → 1216(-27 for losing)
|raw|AbadanRiyi92's rating: 1217 → 1244(+27 for winning)
