|j|☆regipie
|j|☆lettitripppp
|html|regipielettitripppp    
|uhtml|bestof|Game 3 of a best-of-3
|t:|1783801268
|gametype|doubles
|player|p1|regipie|101|1162
|player|p2|lettitripppp|lucas|1253
|gen|9
|tier|[Gen 9 Champions] VGC 2026 Reg M-B (Bo3)
|rated|
|rule|Species Clause: Limit one of each Pokémon
|rule|Item Clause: Limit 1 of each item
|clearpoke
|poke|p1|Archaludon, L50, F|
|poke|p1|Grimmsnarl, L50, M|
|poke|p1|Pelipper, L50, M|
|poke|p1|Scizor, L50, F|
|poke|p1|Swampert, L50, M|
|poke|p1|Sinistcha, L50|
|poke|p2|Charizard, L50, M|
|poke|p2|Basculegion, L50, M|
|poke|p2|Whimsicott, L50, F, shiny|
|poke|p2|Garchomp, L50, M, shiny|
|poke|p2|Floette-Eternal, L50, F|
|poke|p2|Kingambit, L50, M, shiny|
|teampreview|4
|showteam|p1|Archaludon||Leftovers|Stamina|ElectroShot,FlashCannon,DragonPulse,Protect|Modest||F|||50|]Grimmsnarl||LightClay|Prankster|PartingShot,SpiritBreak,Reflect,LightScreen|Careful||M|||50|]Pelipper||FocusSash|Drizzle|Tailwind,Protect,WeatherBall,Hurricane|Timid||M|||50|]Scizor||Scizorite|Technician|BulletPunch,BugBite,Protect,SwordsDance|Adamant||F|||50|]Swampert||Swampertite|Torrent|HighHorsepower,WaveCrash,IcePunch,Protect|Adamant||M|||50|]Sinistcha||KasibBerry|Hospitality|MatchaGotcha,Protect,RagePowder,LifeDew|Bold|||||50|
|showteam|p2|Charizard||CharizarditeY|Blaze|WeatherBall,SolarBeam,HeatWave,Protect|Modest||M|||50|]Basculegion||MysticWater|Adaptability|LastRespects,WaveCrash,AquaJet,Protect|Adamant||M|||50|]Whimsicott||FocusSash|Prankster|Moonblast,Tailwind,Encore,Protect|Timid||F|||50|]Garchomp||LifeOrb|RoughSkin|DragonClaw,Earthquake,RockSlide,Protect|Jolly||M|||50|]Floette-Eternal||Floettite|FlowerVeil|DazzlingGleam,LightofRuin,Moonblast,Protect|Modest||F|||50|]Kingambit||ChopleBerry|Defiant|KowtowCleave,SuckerPunch,IronHead,LowKick|Adamant||M|||50|
|inactive|Battle timer is ON: inactive players will automatically lose when time's up. (requested by regipie)
|inactive|lettitripppp also wants the timer to be on.
|
|t:|1783801289
|teamsize|p1|4
|teamsize|p2|4
|start
|switch|p1a: Grimmsnarl|Grimmsnarl, L50, M|100/100
|switch|p1b: Pelipper|Pelipper, L50, M|100/100
|switch|p2a: LETS GO GO|Whimsicott, L50, F, shiny|100/100
|switch|p2b: RUINOUS LIGHT|Floette-Eternal, L50, F|100/100
|-weather|RainDance|[from] ability: Drizzle|[of] p1b: Pelipper
|turn|1
|
|t:|1783801309
|detailschange|p2b: RUINOUS LIGHT|Floette-Mega, L50, F
|-mega|p2b: RUINOUS LIGHT|Floette|Floettite
|-ability|p2b: RUINOUS LIGHT|Fairy Aura
|move|p1a: Grimmsnarl|Light Screen|p1a: Grimmsnarl
|-sidestart|p1: regipie|move: Light Screen
|move|p2a: LETS GO GO|Moonblast|p1a: Grimmsnarl
|-supereffective|p1a: Grimmsnarl|1
|-damage|p1a: Grimmsnarl|59/100
|move|p2b: RUINOUS LIGHT|Moonblast|p1a: Grimmsnarl
|-supereffective|p1a: Grimmsnarl|1
|-damage|p1a: Grimmsnarl|0 fnt
|faint|p1a: Grimmsnarl
|move|p1b: Pelipper|Tailwind|p1b: Pelipper
|-sidestart|p1: regipie|move: Tailwind
|
|-weather|RainDance|[upkeep]
|upkeep
|
|t:|1783801318
|switch|p1a: Archaludon|Archaludon, L50, F|100/100
|turn|2
|
|t:|1783801336
|move|p2b: RUINOUS LIGHT|Protect|p2b: RUINOUS LIGHT
|-singleturn|p2b: RUINOUS LIGHT|Protect
|move|p2a: LETS GO GO|Tailwind|p2a: LETS GO GO
|-sidestart|p2: lettitripppp|move: Tailwind
|move|p1b: Pelipper|Weather Ball|p2b: RUINOUS LIGHT
|-activate|p2b: RUINOUS LIGHT|move: Protect
|move|p1a: Archaludon|Electro Shot||[still]
|-prepare|p1a: Archaludon|Electro Shot
|-boost|p1a: Archaludon|spa|1
|-anim|p1a: Archaludon|Electro Shot|p2a: LETS GO GO
|-resisted|p2a: LETS GO GO|1
|-damage|p2a: LETS GO GO|46/100
|
|-weather|RainDance|[upkeep]
|upkeep
|turn|3
|
|t:|1783801353
|move|p2a: LETS GO GO|Moonblast|p1a: Archaludon
|-damage|p1a: Archaludon|75/100
|-ability|p1a: Archaludon|Stamina|boost
|-boost|p1a: Archaludon|def|1
|move|p2b: RUINOUS LIGHT|Light of Ruin|p1a: Archaludon
|-damage|p1a: Archaludon|0 fnt
|faint|p1a: Archaludon
|-damage|p2b: RUINOUS LIGHT|50/100g|[from] Recoil
|move|p1b: Pelipper|Weather Ball|p2b: RUINOUS LIGHT
|-damage|p2b: RUINOUS LIGHT|0 fnt
|faint|p2b: RUINOUS LIGHT
|
|-weather|RainDance|[upkeep]
|upkeep
|
|t:|1783801365
|switch|p2b: GHOSTWAVE|Basculegion, L50, M|100/100
|switch|p1a: Swampert|Swampert, L50, M|100/100
|turn|4
|inactive|regipie has 30 seconds left.
|
|t:|1783801394
|detailschange|p1a: Swampert|Swampert-Mega, L50, M
|-mega|p1a: Swampert|Swampert|Swampertite
|move|p1a: Swampert|Ice Punch|p2a: LETS GO GO
|-supereffective|p2a: LETS GO GO|1
|-damage|p2a: LETS GO GO|0 fnt
|faint|p2a: LETS GO GO
|move|p1b: Pelipper|Hurricane|p2b: GHOSTWAVE
|-damage|p2b: GHOSTWAVE|52/100
|move|p2b: GHOSTWAVE|Last Respects|p1b: Pelipper
|-enditem|p1b: Pelipper|Focus Sash
|-damage|p1b: Pelipper|1/100
|
|-weather|RainDance|[upkeep]
|-sideend|p1: regipie|move: Tailwind
|upkeep
|
|t:|1783801405
|switch|p2a: GENERAL BLADUS|Kingambit, L50, M, shiny|100/100
|turn|5
|
|t:|1783801413
|move|p1a: Swampert|Protect|p1a: Swampert
|-singleturn|p1a: Swampert|Protect
|move|p1b: Pelipper|Protect|p1b: Pelipper
|-singleturn|p1b: Pelipper|Protect
|move|p2b: GHOSTWAVE|Aqua Jet|p1b: Pelipper
|-activate|p1b: Pelipper|move: Protect
|move|p2a: GENERAL BLADUS|Kowtow Cleave|p1a: Swampert
|-activate|p1a: Swampert|move: Protect
|
|-weather|none
|-sideend|p2: lettitripppp|move: Tailwind
|upkeep
|turn|6
|
|t:|1783801425
|move|p2b: GHOSTWAVE|Aqua Jet|p1b: Pelipper
|-resisted|p1b: Pelipper|1
|-damage|p1b: Pelipper|0 fnt
|faint|p1b: Pelipper
|move|p1a: Swampert|High Horsepower|p2a: GENERAL BLADUS
|-supereffective|p2a: GENERAL BLADUS|1
|-damage|p2a: GENERAL BLADUS|16/100
|move|p2a: GENERAL BLADUS|Kowtow Cleave|p1a: Swampert
|-damage|p1a: Swampert|58/100
|
|upkeep
|turn|7
|
|t:|1783801438
|move|p2a: GENERAL BLADUS|Sucker Punch|p1a: Swampert
|-damage|p1a: Swampert|22/100
|move|p2b: GHOSTWAVE|Last Respects|p1a: Swampert
|-damage|p1a: Swampert|0 fnt
|faint|p1a: Swampert
|
|win|lettitripppp
|raw|regipie's rating: 1162 → 1143(-19 for losing)
|raw|lettitripppp's rating: 1253 → 1272(+19 for winning)
