|j|☆AquamarineVGC
|j|☆6taboo
|html|AquamarineVGC6taboo    
|uhtml|bestof|Game 1 of a best-of-3
|t:|1785304572
|gametype|doubles
|player|p1|AquamarineVGC|unknown|1280
|player|p2|6taboo|dawn|1200
|gen|9
|tier|[Gen 9 Champions] VGC 2026 Reg M-B (Bo3)
|rated|
|rule|Species Clause: Limit one of each Pokémon
|rule|Item Clause: Limit 1 of each item
|clearpoke
|poke|p1|Venusaur, L50, M|
|poke|p1|Milotic, L50, M|
|poke|p1|Blaziken, L50, M|
|poke|p1|Ninetales-Alola, L50, F|
|poke|p1|Vanilluxe, L50, F|
|poke|p1|Lycanroc-Dusk, L50, M|
|poke|p2|Whimsicott, L50, F, shiny|
|poke|p2|Floette-Eternal, L50, F|
|poke|p2|Basculegion, L50, M, shiny|
|poke|p2|Kingambit, L50, F, shiny|
|poke|p2|Charizard, L50, M|
|poke|p2|Garchomp, L50, F|
|teampreview|4
|showteam|p1|Venusaur||Venusaurite|Chlorophyll|GigaDrain,SludgeBomb,WeatherBall,Protect|Modest||M|||50|]Milotic||Leftovers|Competitive|Scald,MuddyWater,Coil,Protect|Calm||M|||50|]Blaziken||Blazikenite|SpeedBoost|FlareBlitz,CloseCombat,SwordsDance,Detect|Adamant||M|||50|]Ninetales-Alola||NeverMeltIce|SnowWarning|Blizzard,FreezeDry,AuroraVeil,Protect|Timid||F|||50|]Vanilluxe||ChoiceScarf|SnowWarning|Blizzard,FreezeDry,IcyWind,IceShard|Timid||F|||50|]Lycanroc-Dusk||LifeOrb|ToughClaws|Accelerock,RockSlide,CloseCombat,Protect|Jolly||M|||50|
|showteam|p2|Whimsicott||FocusSash|Prankster|Moonblast,Tailwind,Encore,Protect|Timid||F|||50|]Floette-Eternal||Floettite|FlowerVeil|Moonblast,DazzlingGleam,LightofRuin,Protect|Timid||F|||50|]Basculegion||LifeOrb|Adaptability|WaveCrash,LastRespects,AquaJet,Protect|Adamant||M|||50|]Kingambit||OccaBerry|Defiant|KowtowCleave,IronHead,SuckerPunch,Protect|Adamant||F|||50|]Charizard||CharizarditeY|Blaze|HeatWave,WeatherBall,AncientPower,Protect|Modest||M|||50|]Garchomp||RoseliBerry|RoughSkin|Earthquake,DragonClaw,RockSlide,PoisonJab|Jolly||F|||50|
|inactive|Battle timer is ON: inactive players will automatically lose when time's up. (requested by 6taboo)
|j| benana011
|inactive|AquamarineVGC has 60 seconds left.
|inactive|6taboo has 60 seconds left.
|inactive|AquamarineVGC has 30 seconds left.
|inactive|6taboo has 30 seconds left.
|inactive|AquamarineVGC has 20 seconds left.
|inactive|6taboo has 20 seconds left.
|inactive|AquamarineVGC has 15 seconds left.
|inactive|6taboo has 15 seconds left.
|inactive|6taboo has 10 seconds left.
|inactive|6taboo has 5 seconds left.
|
|t:|1785304662
|teamsize|p1|4
|teamsize|p2|4
|start
|switch|p1a: Venusaur|Venusaur, L50, M|100/100
|switch|p1b: Milotic|Milotic, L50, M|100/100
|switch|p2a: Whimsicott|Whimsicott, L50, F, shiny|100/100
|switch|p2b: Garchomp|Garchomp, L50, F|100/100
|turn|1
|inactive|6taboo has 30 seconds left.
|
|t:|1785304693
|switch|p2b: Basculegion|Basculegion, L50, M, shiny|100/100
|switch|p1b: Vanilluxe|Vanilluxe, L50, F|100/100
|-weather|Snowscape|[from] ability: Snow Warning|[of] p1b: Vanilluxe
|detailschange|p1a: Venusaur|Venusaur-Mega, L50, M
|-mega|p1a: Venusaur|Venusaur|Venusaurite
|move|p2a: Whimsicott|Protect|p2a: Whimsicott
|-singleturn|p2a: Whimsicott|Protect
|move|p1a: Venusaur|Weather Ball|p2b: Basculegion
|-resisted|p2b: Basculegion|1
|-damage|p2b: Basculegion|80/100
|
|-weather|Snowscape|[upkeep]
|upkeep
|turn|2
|
|t:|1785304718
|move|p2b: Basculegion|Protect|p2b: Basculegion
|-singleturn|p2b: Basculegion|Protect
|move|p2a: Whimsicott|Encore|p1a: Venusaur
|-start|p1a: Venusaur|Encore
|move|p1b: Vanilluxe|Blizzard|p2b: Basculegion|[spread] p2a
|-activate|p2b: Basculegion|move: Protect
|-supereffective|p2a: Whimsicott|1
|-enditem|p2a: Whimsicott|Focus Sash
|-damage|p2a: Whimsicott|1/100
|move|p1a: Venusaur|Weather Ball|p2b: Basculegion
|-activate|p2b: Basculegion|move: Protect
|
|-weather|Snowscape|[upkeep]
|upkeep
|turn|3
|
|t:|1785304738
|move|p2a: Whimsicott|Tailwind|p2a: Whimsicott
|-sidestart|p2: 6taboo|move: Tailwind
|move|p2b: Basculegion|Last Respects|p1a: Venusaur
|-damage|p1a: Venusaur|56/100
|-damage|p2b: Basculegion|70/100|[from] item: Life Orb
|move|p1b: Vanilluxe|Blizzard|p2a: Whimsicott|[spread] p2a,p2b
|-supereffective|p2a: Whimsicott|1
|-resisted|p2b: Basculegion|1
|-damage|p2a: Whimsicott|0 fnt
|-damage|p2b: Basculegion|50/100g
|-status|p2b: Basculegion|frz
|faint|p2a: Whimsicott
|move|p1a: Venusaur|Weather Ball|p2b: Basculegion
|-resisted|p2b: Basculegion|1
|-damage|p2b: Basculegion|30/100 frz
|
|-weather|Snowscape|[upkeep]
|upkeep
|
|t:|1785304753
|switch|p2a: Charizard|Charizard, L50, M|100/100
|turn|4
|
|t:|1785304772
|switch|p1b: Milotic|Milotic, L50, M|100/100
|detailschange|p2a: Charizard|Charizard-Mega-Y, L50, M
|-mega|p2a: Charizard|Charizard|Charizardite Y
|-weather|SunnyDay|[from] ability: Drought|[of] p2a: Charizard
|move|p2a: Charizard|Heat Wave|p1b: Milotic|[spread] p1a,p1b
|-supereffective|p1a: Venusaur|1
|-resisted|p1b: Milotic|1
|-damage|p1a: Venusaur|0 fnt
|-damage|p1b: Milotic|79/100
|faint|p1a: Venusaur
|cant|p2b: Basculegion|frz
|
|-weather|SunnyDay|[upkeep]
|-heal|p1b: Milotic|85/100|[from] item: Leftovers
|upkeep
|
|t:|1785304780
|switch|p1a: Vanilluxe|Vanilluxe, L50, F|100/100
|-weather|Snowscape|[from] ability: Snow Warning|[of] p1a: Vanilluxe
|turn|5
|inactive|AquamarineVGC has 30 seconds left.
|
|t:|1785304813
|switch|p1b: Lycanroc|Lycanroc-Dusk, L50, M|100/100
|cant|p2b: Basculegion|frz
|move|p2a: Charizard|Heat Wave|p1b: Lycanroc|[spread] p1a,p1b
|-supereffective|p1a: Vanilluxe|1
|-resisted|p1b: Lycanroc|1
|-damage|p1a: Vanilluxe|0 fnt
|-damage|p1b: Lycanroc|67/100
|faint|p1a: Vanilluxe
|
|-weather|Snowscape|[upkeep]
|upkeep
|
|t:|1785304817
|switch|p1a: Milotic|Milotic, L50, M|85/100
|turn|6
|
|t:|1785304836
|switch|p2a: Garchomp|Garchomp, L50, F|100/100
|-curestatus|p2b: Basculegion|frz|[msg]
|move|p2b: Basculegion|Aqua Jet|p1b: Lycanroc
|-supereffective|p1b: Lycanroc|1
|-damage|p1b: Lycanroc|0 fnt
|faint|p1b: Lycanroc
|-damage|p2b: Basculegion|20/100y|[from] item: Life Orb
|move|p1a: Milotic|Coil|p1a: Milotic
|-boost|p1a: Milotic|atk|1
|-boost|p1a: Milotic|def|1
|-boost|p1a: Milotic|accuracy|1
|
|-weather|Snowscape|[upkeep]
|-heal|p1a: Milotic|91/100|[from] item: Leftovers
|-sideend|p2: 6taboo|move: Tailwind
|upkeep
|turn|7
|-message|AquamarineVGC forfeited.
|
|win|6taboo
