|j|☆Missed Ledgedash
|j|☆axcoquette
|html|Missed Ledgedashaxcoquette    
|uhtml|bestof|Game 3 of a best-of-3
|t:|1782349833
|gametype|doubles
|player|p1|Missed Ledgedash|juan-gen3|1212
|player|p2|axcoquette|maid|1107
|gen|9
|tier|[Gen 9 Champions] VGC 2026 Reg M-B (Bo3)
|rated|
|rule|Species Clause: Limit one of each Pokémon
|rule|Item Clause: Limit 1 of each item
|clearpoke
|poke|p1|Incineroar, L50, F|
|poke|p1|Gengar, L50, F|
|poke|p1|Staraptor, L50, F|
|poke|p1|Basculegion, L50, M|
|poke|p1|Sneasler, L50, M|
|poke|p1|Kingambit, L50, M|
|poke|p2|Charizard, L50, M|
|poke|p2|Floette-Eternal, L50, F|
|poke|p2|Basculegion, L50, M|
|poke|p2|Kingambit, L50, M|
|poke|p2|Garchomp, L50, F|
|poke|p2|Whimsicott, L50, M|
|teampreview|4
|showteam|p1|Incineroar||SitrusBerry|Intimidate|Protect,FlareBlitz,PartingShot,FakeOut|Relaxed||F|||50|]Gengar||Gengarite|CursedBody|Protect,ShadowBall,SludgeBomb,PerishSong|Timid||F|||50|]Staraptor||Staraptite|Intimidate|Protect,CloseCombat,BraveBird,FinalGambit|Jolly||F|||50|]Basculegion||MysticWater|Adaptability|Protect,WaveCrash,LastRespects,AquaJet|Adamant||M|||50|]Sneasler||WhiteHerb|Unburden|Protect,CloseCombat,DireClaw,FakeOut|Adamant||M|||50|]Kingambit||ChopleBerry|Defiant|Protect,KowtowCleave,SuckerPunch,LowKick|Adamant||M|||50|
|showteam|p2|Charizard||CharizarditeY|Blaze|HeatWave,WeatherBall,SolarBeam,Protect|Modest||M|||50|]Floette-Eternal||Floettite|FlowerVeil|DazzlingGleam,Moonblast,LightofRuin,Protect|Timid||F|||50|]Basculegion||MysticWater|Adaptability|WaveCrash,LastRespects,AquaJet,Protect|Adamant||M|||50|]Kingambit||BlackGlasses|Defiant|KowtowCleave,IronHead,SuckerPunch,Protect|Lonely||M|||50|]Garchomp||SitrusBerry|RoughSkin|DragonClaw,Earthquake,RockSlide,Protect|Jolly||F|||50|]Whimsicott||FocusSash|Prankster|Tailwind,Moonblast,Encore,Protect|Timid||M|||50|
|inactive|Battle timer is ON: inactive players will automatically lose when time's up. (requested by axcoquette)
|inactive|axcoquette has 60 seconds left.
|inactive|axcoquette has 30 seconds left.
|
|t:|1782349897
|teamsize|p1|4
|teamsize|p2|4
|start
|switch|p1a: Staraptor|Staraptor, L50, F|100/100
|switch|p1b: Sneasler|Sneasler, L50, M|100/100
|switch|p2a: Whimsicott|Whimsicott, L50, M|100/100
|switch|p2b: Basculegion|Basculegion, L50, M|100/100
|-ability|p1a: Staraptor|Intimidate|boost
|-unboost|p2a: Whimsicott|atk|1
|-unboost|p2b: Basculegion|atk|1
|turn|1
|
|t:|1782349915
|detailschange|p1a: Staraptor|Staraptor-Mega, L50, F
|-mega|p1a: Staraptor|Staraptor|Staraptite
|move|p2a: Whimsicott|Protect|p2a: Whimsicott
|-singleturn|p2a: Whimsicott|Protect
|move|p1a: Staraptor|Close Combat|p1b: Sneasler
|-resisted|p1b: Sneasler|1
|-damage|p1b: Sneasler|64/100
|-boost|p1a: Staraptor|def|1
|-boost|p1a: Staraptor|spd|1
|move|p1b: Sneasler|Dire Claw|p2a: Whimsicott
|-activate|p2a: Whimsicott|move: Protect
|move|p2b: Basculegion|Wave Crash|p1a: Staraptor
|-damage|p1a: Staraptor|60/100
|-damage|p2b: Basculegion|87/100|[from] Recoil
|
|upkeep
|turn|2
|
|t:|1782349939
|move|p2a: Whimsicott|Encore|p1a: Staraptor
|-start|p1a: Staraptor|Encore
|move|p1a: Staraptor|Close Combat|p2a: Whimsicott
|-resisted|p2a: Whimsicott|1
|-damage|p2a: Whimsicott|56/100
|-boost|p1a: Staraptor|def|1
|-boost|p1a: Staraptor|spd|1
|move|p1b: Sneasler|Dire Claw|p2a: Whimsicott
|-supereffective|p2a: Whimsicott|2
|-damage|p2a: Whimsicott|0 fnt
|faint|p2a: Whimsicott
|move|p2b: Basculegion|Wave Crash|p1a: Staraptor
|-damage|p1a: Staraptor|31/100
|-damage|p2b: Basculegion|77/100|[from] Recoil
|
|upkeep
|
|t:|1782349962
|switch|p2a: Charizard|Charizard, L50, M|100/100
|turn|3
|
|t:|1782349980
|detailschange|p2a: Charizard|Charizard-Mega-Y, L50, M
|-mega|p2a: Charizard|Charizard|Charizardite Y
|-weather|SunnyDay|[from] ability: Drought|[of] p2a: Charizard
|move|p2b: Basculegion|Aqua Jet|p1a: Staraptor
|-damage|p1a: Staraptor|27/100
|move|p1a: Staraptor|Close Combat|p2a: Charizard
|-resisted|p2a: Charizard|1
|-damage|p2a: Charizard|73/100
|-boost|p1a: Staraptor|def|1
|-boost|p1a: Staraptor|spd|1
|move|p1b: Sneasler|Dire Claw|p2a: Charizard
|-damage|p2a: Charizard|34/100
|move|p2a: Charizard|Weather Ball|p1a: Staraptor
|-damage|p1a: Staraptor|0 fnt
|faint|p1a: Staraptor
|
|-weather|SunnyDay|[upkeep]
|upkeep
|
|t:|1782350005
|switch|p1a: Kingambit|Kingambit, L50, M|100/100
|turn|4
|
|t:|1782350027
|move|p2b: Basculegion|Aqua Jet|p1b: Sneasler
|-damage|p1b: Sneasler|52/100
|move|p1b: Sneasler|Dire Claw|p2a: Charizard
|-damage|p2a: Charizard|0 fnt
|faint|p2a: Charizard
|move|p1a: Kingambit|Kowtow Cleave|p2b: Basculegion
|-supereffective|p2b: Basculegion|1
|-damage|p2b: Basculegion|0 fnt
|faint|p2b: Basculegion
|
|-weather|SunnyDay|[upkeep]
|upkeep
|
|t:|1782350039
|switch|p2b: Garchomp|Garchomp, L50, F|100/100
|turn|5
|
|t:|1782350046
|move|p1a: Kingambit|Sucker Punch|p2b: Garchomp
|-damage|p2b: Garchomp|64/100
|-damage|p1a: Kingambit|87/100|[from] ability: Rough Skin|[of] p2b: Garchomp
|move|p2b: Garchomp|Earthquake|p1b: Sneasler|[spread] p1a,p1b
|-supereffective|p1a: Kingambit|1
|-supereffective|p1b: Sneasler|1
|-damage|p1a: Kingambit|31/100
|-damage|p1b: Sneasler|0 fnt
|faint|p1b: Sneasler
|
|-weather|SunnyDay|[upkeep]
|upkeep
|
|t:|1782350052
|switch|p1b: Basculegion|Basculegion, L50, M|100/100
|turn|6
|
|t:|1782350058
|move|p1a: Kingambit|Sucker Punch|p2b: Garchomp
|-damage|p2b: Garchomp|24/100
|-damage|p1a: Kingambit|19/100|[from] ability: Rough Skin|[of] p2b: Garchomp
|-enditem|p2b: Garchomp|Sitrus Berry|[eat]
|-heal|p2b: Garchomp|49/100|[from] item: Sitrus Berry
|move|p2b: Garchomp|Earthquake|p1b: Basculegion|[spread] p1a,p1b
|-supereffective|p1a: Kingambit|1
|-damage|p1a: Kingambit|0 fnt
|-damage|p1b: Basculegion|59/100
|faint|p1a: Kingambit
|move|p1b: Basculegion|Last Respects|p2b: Garchomp
|-damage|p2b: Garchomp|0 fnt
|faint|p2b: Garchomp
|
|win|Missed Ledgedash
|raw|Missed Ledgedash's rating: 1212 → 1230(+18 for winning)
|raw|axcoquette's rating: 1107 → 1089(-18 for losing)
