|j|☆MrGreen3432
|j|‽lilypitot
|html|MrGreen3432lilypitot    
|uhtml|bestof|Game 2 of a best-of-3
|t:|1757837128
|gametype|doubles
|player|p1|MrGreen3432|101|1117
|player|p2|lilypitot|caitlin|1059
|gen|9
|tier|[Gen 9] VGC 2025 Reg H (Bo3)
|rated|
|rule|Species Clause: Limit one of each Pokémon
|rule|Item Clause: Limit 1 of each item
|clearpoke
|poke|p1|Garchomp, L50, M|
|poke|p1|Inteleon, L50, F|
|poke|p1|Misdreavus, L50, M|
|poke|p1|Gothitelle, L50, M|
|poke|p1|Amoonguss, L50, F|
|poke|p1|Incineroar, L50, F|
|poke|p2|Archaludon, L50, F|
|poke|p2|Pelipper, L50, F|
|poke|p2|Basculegion, L50, M|
|poke|p2|Gothitelle, L50, F|
|poke|p2|Politoed, L50, F|
|poke|p2|Amoonguss, L50, F|
|teampreview|4
|showteam|p1|Garchomp||LifeOrb|RoughSkin|Protect,Earthquake,StompingTantrum,DragonClaw|||M|||50|,,,,,Stellar]Inteleon||FocusSash|Sniper|Protect,SnipeShot,MuddyWater,AirSlash|||F|||50|,,,,,Water]Misdreavus||Eviolite|Levitate|Protect,PerishSong,WillOWisp,ShadowBall|||M|||50|,,,,,Steel]Gothitelle||SitrusBerry|ShadowTag|Protect,FakeOut,TrickRoom,Psychic|||M|||50|,,,,,Dark]Amoonguss||EjectButton|Regenerator|Protect,RagePowder,Spore,PollenPuff|||F|||50|,,,,,Fairy]Incineroar||SafetyGoggles|Intimidate|Protect,FakeOut,PartingShot,KnockOff|||F|||50|,,,,,Ghost
|showteam|p2|Archaludon||AssaultVest|Stamina|ElectroShot,FlashCannon,BodyPress,Thunder|||F|||50|,,,,,Water]Pelipper||FocusSash|Drizzle|Hurricane,Tailwind,WideGuard,Uturn|||F|||50|,,,,,Grass]Basculegion||ChoiceBand|SwiftSwim|FlipTurn,AquaJet,LastRespects,IceFang|||M|||50|,,,,,Grass]Gothitelle||SitrusBerry|ShadowTag|Protect,FakeOut,TrickRoom,ExpandingForce|||F|||50|,,,,,Bug]Politoed||Leftovers|Drizzle|Protect,WeatherBall,PerishSong,IceBeam|||F|||50|,,,,,Grass]Amoonguss||RockyHelmet|Regenerator|Spore,PollenPuff,RagePowder,BulletSeed|||F|||50|,,,,,Water
|inactive|Battle timer is ON: inactive players will automatically lose when time's up. (requested by MrGreen3432)
|
|t:|1757837156
|teamsize|p1|4
|teamsize|p2|4
|start
|switch|p1a: Gothitelle|Gothitelle, L50, M|100/100
|switch|p1b: Misdreavus|Misdreavus, L50, M|100/100
|switch|p2a: Gothitelle|Gothitelle, L50, F, shiny|100/100
|switch|p2b: Politoed|Politoed, L50, F, shiny|100/100
|-weather|RainDance|[from] ability: Drizzle|[of] p2b: Politoed
|turn|1
|
|t:|1757837175
|move|p2a: Gothitelle|Fake Out|p1b: Misdreavus
|-immune|p1b: Misdreavus
|move|p1a: Gothitelle|Fake Out|p2b: Politoed
|-damage|p2b: Politoed|95/100
|move|p1b: Misdreavus|Perish Song|p1b: Misdreavus
|-start|p1a: Gothitelle|perish3|[silent]
|-start|p1b: Misdreavus|perish3|[silent]
|-start|p2a: Gothitelle|perish3|[silent]
|-start|p2b: Politoed|perish3|[silent]
|-fieldactivate|move: Perish Song
|cant|p2b: Politoed|flinch
|
|-weather|RainDance|[upkeep]
|-heal|p2b: Politoed|100/100|[from] item: Leftovers
|-start|p1b: Misdreavus|perish3
|-start|p2b: Politoed|perish3
|-start|p2a: Gothitelle|perish3
|-start|p1a: Gothitelle|perish3
|upkeep
|turn|2
|inactive|lilypitot has 30 seconds left.
|
|t:|1757837203
|move|p1a: Gothitelle|Protect|p1a: Gothitelle
|-singleturn|p1a: Gothitelle|Protect
|move|p1b: Misdreavus|Shadow Ball|p2a: Gothitelle
|-supereffective|p2a: Gothitelle
|-damage|p2a: Gothitelle|59/100
|move|p2b: Politoed|Weather Ball|p1a: Gothitelle
|-activate|p1a: Gothitelle|move: Protect
|move|p2a: Gothitelle|Expanding Force|p1a: Gothitelle
|-activate|p1a: Gothitelle|move: Protect
|
|-weather|RainDance|[upkeep]
|-start|p1b: Misdreavus|perish2
|-start|p2b: Politoed|perish2
|-start|p1a: Gothitelle|perish2
|-start|p2a: Gothitelle|perish2
|upkeep
|turn|3
|inactive|MrGreen3432 has 30 seconds left.
|
|t:|1757837237
|switch|p1a: Amoonguss|Amoonguss, L50, F|100/100
|-terastallize|p2a: Gothitelle|Bug
|move|p1b: Misdreavus|Shadow Ball|p2a: Gothitelle
|-damage|p2a: Gothitelle|38/100
|-enditem|p2a: Gothitelle|Sitrus Berry|[eat]
|-heal|p2a: Gothitelle|63/100|[from] item: Sitrus Berry
|move|p2b: Politoed|Weather Ball|p1a: Amoonguss
|-resisted|p1a: Amoonguss
|-damage|p1a: Amoonguss|78/100
|-enditem|p1a: Amoonguss|Eject Button
|
|t:|1757837248
|switch|p1a: Gothitelle|Gothitelle, L50, M|100/100
|move|p2a: Gothitelle|Expanding Force|p1a: Gothitelle
|-resisted|p1a: Gothitelle
|-damage|p1a: Gothitelle|91/100
|
|-weather|RainDance|[upkeep]
|-start|p1b: Misdreavus|perish1
|-start|p2b: Politoed|perish1
|-start|p2a: Gothitelle|perish1
|upkeep
|turn|4
|inactive|lilypitot has 30 seconds left.
|
|t:|1757837281
|switch|p1b: Amoonguss|Amoonguss, L50, F|100/100
|switch|p2a: Amoonguss|Amoonguss, L50, F, shiny|100/100
|move|p2b: Politoed|Perish Song|p2b: Politoed
|-start|p1a: Gothitelle|perish3|[silent]
|-start|p1b: Amoonguss|perish3|[silent]
|-start|p2a: Amoonguss|perish3|[silent]
|-fieldactivate|move: Perish Song
|move|p1a: Gothitelle|Trick Room|p1a: Gothitelle
|-fieldstart|move: Trick Room|[of] p1a: Gothitelle
|
|-weather|RainDance|[upkeep]
|-start|p1b: Amoonguss|perish3
|-start|p2a: Amoonguss|perish3
|-start|p1a: Gothitelle|perish3
|-start|p2b: Politoed|perish0
|faint|p2b: Politoed
|upkeep
|
|t:|1757837304
|switch|p2b: Gothitelle|Gothitelle, L50, F, shiny, tera:Bug|63/100
|turn|5
|
|t:|1757837321
|move|p1a: Gothitelle|Protect|p1a: Gothitelle
|-singleturn|p1a: Gothitelle|Protect
|move|p2b: Gothitelle|Fake Out|p1a: Gothitelle
|-activate|p1a: Gothitelle|move: Protect
|move|p1b: Amoonguss|Spore|p2b: Gothitelle
|-status|p2b: Gothitelle|slp|[from] move: Spore
|move|p2a: Amoonguss|Spore|p1a: Gothitelle
|-activate|p1a: Gothitelle|move: Protect
|
|-weather|none
|-start|p1b: Amoonguss|perish2
|-start|p2a: Amoonguss|perish2
|-start|p1a: Gothitelle|perish2
|upkeep
|turn|6
|
|t:|1757837345
|move|p2a: Amoonguss|Spore|p1a: Gothitelle
|-status|p1a: Gothitelle|slp|[from] move: Spore
|move|p1b: Amoonguss|Pollen Puff|p2b: Gothitelle
|-damage|p2b: Gothitelle|47/100 slp
|cant|p1a: Gothitelle|slp
|cant|p2b: Gothitelle|slp
|
|-start|p1b: Amoonguss|perish1
|-start|p2a: Amoonguss|perish1
|-start|p1a: Gothitelle|perish1
|upkeep
|turn|7
|inactive|MrGreen3432 has 30 seconds left.
|inactive|lilypitot has 30 seconds left.
|l|☆MrGreen3432
|inactive|MrGreen3432 disconnected and has a minute to reconnect!
|player|p1|
|inactive|MrGreen3432 has 20 seconds left.
|inactive|MrGreen3432 has 15 seconds left.
|inactive|MrGreen3432 has 10 seconds left.
|inactive|MrGreen3432 has 5 seconds left.
|-message|MrGreen3432 lost due to inactivity.
|
|win|lilypitot
||lilypitot is ready for game 3.
|inactive|MrGreen3432 has 20 seconds to reconnect!
|inactive|MrGreen3432 has 10 seconds to reconnect!
|inactive|MrGreen3432 has 0 seconds to reconnect!
|uhtml|next|Next: Game 3 of 3
|j|☆MrGreen3432
|player|p1|MrGreen3432|101|
