|j|☆TheDesertedKing
|j|☆andiom123
|html|TheDesertedKingandiom123    
|uhtml|bestof|Game 1 of a best-of-3
|t:|1783479694
|gametype|doubles
|player|p1|TheDesertedKing|giovanni|1124
|player|p2|andiom123|red|1190
|gen|9
|tier|[Gen 9 Champions] VGC 2026 Reg M-B (Bo3)
|rated|
|rule|Species Clause: Limit one of each Pokémon
|rule|Item Clause: Limit 1 of each item
|clearpoke
|poke|p1|Pelipper, L50, F|
|poke|p1|Basculegion, L50, M|
|poke|p1|Politoed, L50, M|
|poke|p1|Blastoise, L50, M|
|poke|p1|Raichu, L50, F|
|poke|p1|Toxicroak, L50, M|
|poke|p2|Incineroar, L50, F|
|poke|p2|Farigiraf, L50, F|
|poke|p2|Sylveon, L50, M|
|poke|p2|Torkoal, L50, F|
|poke|p2|Kangaskhan, L50, F|
|poke|p2|Mawile, L50, M|
|teampreview|4
|showteam|p1|Pelipper||DampRock|Drizzle|Tailwind,WeatherBall,Hurricane,Protect|Modest||F|||50|]Basculegion||LifeOrb|SwiftSwim|AquaJet,LastRespects,WaveCrash,FlipTurn|Adamant||M|||50|]Politoed||FocusSash|Drizzle|FocusBlast,Protect,Encore,WeatherBall|Serious||M|||50|]Blastoise||Blastoisinite|RainDish|ShellSmash,AuraSphere,WaterSpout,FakeOut|Modest||M|||50|]Raichu||RaichuniteY|LightningRod|Thunder,FakeOut,Protect,GrassKnot|Modest||F|||50|]Toxicroak||PayapaBerry|DrySkin|FakeOut,Earthquake,PoisonJab,DrainPunch|Adamant||M|||50|
|showteam|p2|Incineroar||MuscleBand|Intimidate|ThroatChop,FlareBlitz,FakeOut,PartingShot|Brave||F|||50|]Farigiraf||SitrusBerry|ArmorTail|FoulPlay,PsychicNoise,TrickRoom,HelpingHand|Relaxed||F|||50|]Sylveon||LifeOrb|Pixilate|HyperVoice,HyperBeam,QuickAttack,Detect|Modest||M|||50|]Torkoal||Charcoal|Drought|Eruption,EarthPower,Flamethrower,Protect|Quiet||F|||50|]Kangaskhan||Kangaskhanite|Scrappy|DoubleEdge,FakeOut,IcePunch,HammerArm|Brave||F|||50|]Mawile||Mawilite|HyperCutter|RockSlide,PlayRough,SuckerPunch,Protect|Brave||M|||50|
|
|t:|1783479742
|teamsize|p1|4
|teamsize|p2|4
|start
|switch|p1a: Pelipper|Pelipper, L50, F|100/100
|switch|p1b: Raichu|Raichu, L50, F|100/100
|switch|p2a: Farigiraf|Farigiraf, L50, F|100/100
|switch|p2b: Kangaskhan|Kangaskhan, L50, F|100/100
|-weather|RainDance|[from] ability: Drizzle|[of] p1a: Pelipper
|turn|1
|inactive|Battle timer is ON: inactive players will automatically lose when time's up. (requested by TheDesertedKing)
|
|t:|1783479767
|detailschange|p1b: Raichu|Raichu-Mega-Y, L50, F
|-mega|p1b: Raichu|Raichu|Raichunite Y
|detailschange|p2b: Kangaskhan|Kangaskhan-Mega, L50, F
|-mega|p2b: Kangaskhan|Kangaskhan|Kangaskhanite
|move|p1b: Raichu|Fake Out||[still]
|cant|p2a: Farigiraf|ability: Armor Tail|Fake Out|[of] p1b: Raichu
|move|p2b: Kangaskhan|Fake Out|p1b: Raichu
|-damage|p1b: Raichu|51/100
|-damage|p1b: Raichu|39/100
|-hitcount|p1b: Raichu|2
|move|p1a: Pelipper|Tailwind|p1a: Pelipper
|-sidestart|p1: TheDesertedKing|move: Tailwind
|move|p2a: Farigiraf|Trick Room|p2a: Farigiraf
|-fieldstart|move: Trick Room|[of] p2a: Farigiraf
|
|-weather|RainDance|[upkeep]
|upkeep
|turn|2
|inactive|TheDesertedKing has 30 seconds left.
|
|t:|1783479796
|move|p1b: Raichu|Protect|p1b: Raichu
|-singleturn|p1b: Raichu|Protect
|move|p2a: Farigiraf|Psychic Noise|p1b: Raichu
|-activate|p1b: Raichu|move: Protect
|move|p2b: Kangaskhan|Double-Edge|p1a: Pelipper
|-damage|p1a: Pelipper|33/100
|-damage|p1a: Pelipper|18/100
|-hitcount|p1a: Pelipper|2
|-damage|p2b: Kangaskhan|81/100|[from] Recoil
|move|p1a: Pelipper|Weather Ball|p2a: Farigiraf
|-damage|p2a: Farigiraf|49/100
|-enditem|p2a: Farigiraf|Sitrus Berry|[eat]
|-heal|p2a: Farigiraf|74/100|[from] item: Sitrus Berry
|
|-weather|RainDance|[upkeep]
|upkeep
|turn|3
|inactive|TheDesertedKing has 30 seconds left.
|
|t:|1783479824
|move|p1a: Pelipper|Protect|p1a: Pelipper
|-singleturn|p1a: Pelipper|Protect
|move|p2a: Farigiraf|Psychic Noise|p1a: Pelipper
|-activate|p1a: Pelipper|move: Protect
|move|p2b: Kangaskhan|Ice Punch|p1b: Raichu
|-damage|p1b: Raichu|0 fnt
|faint|p1b: Raichu
|
|-weather|RainDance|[upkeep]
|upkeep
|
|t:|1783479845
|switch|p1b: Toxicroak|Toxicroak, L50, M|100/100
|turn|4
|
|t:|1783479859
|move|p2a: Farigiraf|Psychic Noise|p1a: Pelipper
|-damage|p1a: Pelipper|0 fnt
|faint|p1a: Pelipper
|move|p2b: Kangaskhan|Double-Edge|p1b: Toxicroak
|-damage|p1b: Toxicroak|16/100
|-damage|p1b: Toxicroak|0 fnt
|faint|p1b: Toxicroak
|-hitcount|p1: Toxicroak|2
|-damage|p2b: Kangaskhan|56/100|[from] Recoil
|
|-weather|RainDance|[upkeep]
|-sideend|p1: TheDesertedKing|move: Tailwind
|upkeep
|
|t:|1783479873
|switch|p1b: Basculegion|Basculegion, L50, M|100/100
|turn|5
|
|t:|1783479883
|move|p2a: Farigiraf|Foul Play|p1b: Basculegion
|-supereffective|p1b: Basculegion|1
|-damage|p1b: Basculegion|17/100
|move|p2b: Kangaskhan|Ice Punch|p1b: Basculegion
|-resisted|p1b: Basculegion|1
|-crit|p1b: Basculegion
|-damage|p1b: Basculegion|0 fnt
|faint|p1b: Basculegion
|
|win|andiom123
||TheDesertedKing is ready for game 2.
||andiom123 is ready for game 2.
|uhtml|next|Next: Game 2 of 3
