|j|☆blisswy
|j|☆Pokken2Plz
|html|blisswyPokken2Plz    
|uhtml|bestof|Game 1 of a best-of-3
|t:|1783201140
|gametype|doubles
|player|p1|blisswy|lady-gen4|
|player|p2|Pokken2Plz|101|
|gen|9
|tier|[Gen 9 Champions] VGC 2026 Reg M-B (Bo3)
|rule|Species Clause: Limit one of each Pokémon
|rule|Item Clause: Limit 1 of each item
|clearpoke
|poke|p1|Gholdengo, L50, shiny|
|poke|p1|Lopunny, L50, F, shiny|
|poke|p1|Garchomp, L50, M|
|poke|p1|Charizard, L50, M|
|poke|p1|Farigiraf, L50, M|
|poke|p1|Sylveon, L50, M|
|poke|p2|Sinistcha, L50|
|poke|p2|Incineroar, L50, F|
|poke|p2|Milotic, L50, F|
|poke|p2|Raichu, L50, M|
|poke|p2|Floette-Eternal, L50, F|
|poke|p2|Ceruledge, L50, F|
|teampreview|4
|showteam|p1|Gholdengo||MetalCoat|GoodasGold|MakeItRain,ShadowBall,Protect,NastyPlot|Modest|||||50|]Lopunny||Lopunnite|CuteCharm|FakeOut,CloseCombat,IcePunch,Protect|Jolly||F|||50|]Garchomp||LifeOrb|RoughSkin|RockSlide,Earthquake,Protect,DragonClaw|Adamant||M|||50|]Charizard||CharizarditeY|Blaze|HeatWave,WeatherBall,SolarBeam,Protect|Modest||M|||50|]Farigiraf||SitrusBerry|ArmorTail|HelpingHand,TrickRoom,Psychic,Thunderbolt|Relaxed||M|||50|]Sylveon||FairyFeather|Pixilate|HyperVoice,Detect,HyperBeam,Yawn|Quiet||M|||50|
|showteam|p2|Sinistcha||KasibBerry|Hospitality|MatchaGotcha,LifeDew,RagePowder,Protect|Relaxed|||||50|]Incineroar||SitrusBerry|Intimidate|FlareBlitz,ThroatChop,FakeOut,PartingShot|Impish||F|||50|]Milotic||Leftovers|Competitive|MuddyWater,Coil,Hypnosis,Protect|Calm||F|||50|]Raichu||RaichuniteY|LightningRod|ZapCannon,FocusBlast,FakeOut,Protect|Timid||M|||50|]Floette-Eternal||Floettite|FlowerVeil|DazzlingGleam,DrainingKiss,CalmMind,Protect|Timid||F|||50|]Ceruledge||ColburBerry|FlashFire|BitterBlade,ShadowSneak,BulkUp,Protect|Adamant||F|||50|
|c|☆blisswy|do you want to send it
|c|☆Pokken2Plz|already posted in my team discord
|j| manyarmskeephead
|c| manyarmskeephead|Kuriboh win!
|c|☆blisswy|post it in discord
|j| GradientVector
|c|☆Pokken2Plz|you can if you want
|c|☆blisswy|i did
|c|☆Pokken2Plz|kk then lets get started
|inactive|Battle timer is ON: inactive players will automatically lose when time's up. (requested by Pokken2Plz)
|c|☆Pokken2Plz|ghlf
|j| Autin Mago
|
|t:|1783201297
|teamsize|p1|4
|teamsize|p2|4
|start
|switch|p1a: Sylveon|Sylveon, L50, M|100/100
|switch|p1b: Gholdengo|Gholdengo, L50, shiny|100/100
|switch|p2a: Incineroar|Incineroar, L50, F|100/100
|switch|p2b: Milotic|Milotic, L50, F|100/100
|-ability|p2a: Incineroar|Intimidate|boost
|-unboost|p1a: Sylveon|atk|1
|-unboost|p1b: Gholdengo|atk|1
|turn|1
|c| Autin Mago|Gamers
|
|t:|1783201311
|move|p2a: Incineroar|Fake Out|p1a: Sylveon
|-damage|p1a: Sylveon|87/100
|move|p1b: Gholdengo|Nasty Plot|p1b: Gholdengo
|-boost|p1b: Gholdengo|spa|2
|move|p2b: Milotic|Coil|p2b: Milotic
|-boost|p2b: Milotic|atk|1
|-boost|p2b: Milotic|def|1
|-boost|p2b: Milotic|accuracy|1
|cant|p1a: Sylveon|flinch
|
|upkeep
|turn|2
|
|t:|1783201331
|move|p1b: Gholdengo|Protect|p1b: Gholdengo
|-singleturn|p1b: Gholdengo|Protect
|move|p2b: Milotic|Muddy Water|p1a: Sylveon|[spread] p1a
|-activate|p1b: Gholdengo|move: Protect
|-damage|p1a: Sylveon|71/100
|-unboost|p1a: Sylveon|accuracy|1
|move|p2a: Incineroar|Flare Blitz|p1b: Gholdengo
|-activate|p1b: Gholdengo|move: Protect
|move|p1a: Sylveon|Yawn|p2b: Milotic
|-start|p2b: Milotic|move: Yawn|[of] p1a: Sylveon
|
|upkeep
|turn|3
|inactive|blisswy has 30 seconds left.
|
|t:|1783201364
|switch|p1a: Lopunny|Lopunny, L50, F, shiny|100/100
|move|p1b: Gholdengo|Shadow Ball|p2b: Milotic
|-damage|p2b: Milotic|46/100
|-unboost|p2b: Milotic|spd|1
|-ability|p2b: Milotic|Competitive|boost
|-boost|p2b: Milotic|spa|2
|move|p2b: Milotic|Coil|p2b: Milotic
|-boost|p2b: Milotic|atk|1
|-boost|p2b: Milotic|def|1
|-boost|p2b: Milotic|accuracy|1
|move|p2a: Incineroar|Flare Blitz|p1b: Gholdengo
|-supereffective|p1b: Gholdengo|1
|-damage|p1b: Gholdengo|18/100
|-damage|p2a: Incineroar|74/100|[from] Recoil
|
|-heal|p2b: Milotic|51/100|[from] item: Leftovers
|-end|p2b: Milotic|move: Yawn|[silent]
|-status|p2b: Milotic|slp
|upkeep
|turn|4
|
|t:|1783201387
|switch|p2a: Sinistcha|Sinistcha, L50|100/100
|-heal|p2b: Milotic|76/100 slp|[from] ability: Hospitality|[of] p2a: Sinistcha
|detailschange|p1a: Lopunny|Lopunny-Mega, L50, F, shiny
|-mega|p1a: Lopunny|Lopunny|Lopunnite
|move|p1a: Lopunny|Close Combat|p2a: Sinistcha
|-damage|p2a: Sinistcha|41/100
|-unboost|p1a: Lopunny|def|1
|-unboost|p1a: Lopunny|spd|1
|move|p1b: Gholdengo|Make It Rain|p2a: Sinistcha|[spread] p2a,p2b
|-resisted|p2b: Milotic|1
|-damage|p2a: Sinistcha|0 fnt
|-damage|p2b: Milotic|20/100y slp
|-unboost|p1b: Gholdengo|spa|2
|faint|p2a: Sinistcha
|cant|p2b: Milotic|slp
|
|-heal|p2b: Milotic|26/100 slp|[from] item: Leftovers
|upkeep
|
|t:|1783201402
|switch|p2a: Ceruledge|Ceruledge, L50, F|100/100
|turn|5
|j| Lepotatochip
|
|t:|1783201424
|move|p1a: Lopunny|Close Combat|p2b: Milotic
|-damage|p2b: Milotic|1/100 slp
|-unboost|p1a: Lopunny|def|1
|-unboost|p1a: Lopunny|spd|1
|move|p1b: Gholdengo|Shadow Ball|p2a: Ceruledge
|-supereffective|p2a: Ceruledge|1
|-damage|p2a: Ceruledge|20/100y
|-unboost|p2a: Ceruledge|spd|1
|move|p2a: Ceruledge|Bulk Up|p2a: Ceruledge
|-boost|p2a: Ceruledge|atk|1
|-boost|p2a: Ceruledge|def|1
|cant|p2b: Milotic|slp
|
|-heal|p2b: Milotic|6/100 slp|[from] item: Leftovers
|upkeep
|turn|6
|
|t:|1783201445
|move|p2a: Ceruledge|Shadow Sneak|p1b: Gholdengo
|-supereffective|p1b: Gholdengo|1
|-damage|p1b: Gholdengo|0 fnt
|faint|p1b: Gholdengo
|move|p1a: Lopunny|Close Combat|p2b: Milotic
|-damage|p2b: Milotic|0 fnt
|-unboost|p1a: Lopunny|def|1
|-unboost|p1a: Lopunny|spd|1
|faint|p2b: Milotic
|
|upkeep
|
|t:|1783201457
|switch|p1b: Sylveon|Sylveon, L50, M|71/100
|switch|p2b: Incineroar|Incineroar, L50, F|74/100
|-ability|p2b: Incineroar|Intimidate|boost
|-fail|p1a: Lopunny|unboost|Attack|[from] ability: Scrappy|[of] p1a: Lopunny
|-unboost|p1b: Sylveon|atk|1
|turn|7
|
|t:|1783201472
|move|p1a: Lopunny|Protect|p1a: Lopunny
|-singleturn|p1a: Lopunny|Protect
|move|p1b: Sylveon|Detect|p1b: Sylveon
|-singleturn|p1b: Sylveon|Protect
|move|p2b: Incineroar|Fake Out|p1a: Lopunny
|-activate|p1a: Lopunny|move: Protect
|move|p2a: Ceruledge|Bulk Up|p2a: Ceruledge
|-boost|p2a: Ceruledge|atk|1
|-boost|p2a: Ceruledge|def|1
|
|upkeep
|turn|8
|
|t:|1783201479
|move|p2a: Ceruledge|Protect|p2a: Ceruledge
|-singleturn|p2a: Ceruledge|Protect
|move|p1a: Lopunny|Close Combat|p2a: Ceruledge
|-activate|p2a: Ceruledge|move: Protect
|move|p2b: Incineroar|Flare Blitz|p1a: Lopunny
|-damage|p1a: Lopunny|0 fnt
|faint|p1a: Lopunny
|-damage|p2b: Incineroar|50/100g|[from] Recoil
|move|p1b: Sylveon|Hyper Beam|p2b: Incineroar
|-damage|p2b: Incineroar|0 fnt
|-mustrecharge|p1b: Sylveon
|faint|p2b: Incineroar
|
|upkeep
|
|t:|1783201490
|switch|p1a: Garchomp|Garchomp, L50, M|100/100
|turn|9
|
|t:|1783201498
|move|p1a: Garchomp|Dragon Claw|p2a: Ceruledge
|-damage|p2a: Ceruledge|0 fnt
|faint|p2a: Ceruledge
|-damage|p1a: Garchomp|90/100|[from] item: Life Orb
|
|win|blisswy
|c|☆blisswy|ggs
||blisswy is ready for game 2.
||Pokken2Plz is ready for game 2.
|uhtml|next|Next: Game 2 of 3
|j| coolguy14604
|l| coolguy14604
|l| GradientVector
|j| blizz.vg
|l| manyarmskeephead
|j| MaomaoCatCat
|j| shrimplyasapphic
|l| shrimplyasapphic
|j| shrimplyasapphic
|l| Lepotatochip
|l| blizz.vg
|l| Autin Mago
|l|☆blisswy
|player|p1|
|l| MaomaoCatCat
|l| shrimplyasapphic
