|j|☆berg0123
|j|☆Chisato_Arashi_VGC
|html|berg0123Chisato_Arashi_VGC    
|uhtml|bestof|Game 3 of a best-of-3
|t:|1756676445
|gametype|doubles
|player|p1|berg0123|266|1041
|player|p2|Chisato_Arashi_VGC|roxie-masters|1095
|gen|9
|tier|[Gen 9] VGC 2025 Reg H (Bo3)
|rated|
|rule|Species Clause: Limit one of each Pokémon
|rule|Item Clause: Limit 1 of each item
|clearpoke
|poke|p1|Ursaluna-Bloodmoon, L50, M|
|poke|p1|Dragonite, L50, M|
|poke|p1|Arcanine-Hisui, L50, M|
|poke|p1|Gholdengo, L50|
|poke|p1|Kingambit, L50, M|
|poke|p1|Rillaboom, L50, M|
|poke|p2|Decidueye-Hisui, L50, F|
|poke|p2|Weezing-Galar, L50, M|
|poke|p2|Talonflame, L50, F|
|poke|p2|Tyranitar, L50, M|
|poke|p2|Garchomp, L50, F|
|poke|p2|Gholdengo, L50|
|teampreview|4
|showteam|p1|Ursaluna-Bloodmoon||AssaultVest|MindsEye|BloodMoon,HyperVoice,EarthPower,VacuumWave|||M|||50|,,,,,Ghost]Dragonite||LoadedDice|InnerFocus|ScaleShot,LowKick,Tailwind,Protect|||M|||50|,,,,,Fairy]Arcanine-Hisui||ChoiceBand|Intimidate|FlareBlitz,ExtremeSpeed,StoneEdge,RockSlide|||M|||50|,,,,,Normal]Gholdengo||MetalCoat|GoodasGold|MakeItRain,ShadowBall,NastyPlot,Protect||||||50|,,,,,Dragon]Kingambit||BlackGlasses|Defiant|KowtowCleave,SuckerPunch,SwordsDance,Protect|||M|||50|,,,,,Dark]Rillaboom||GrassySeed|GrassySurge|WoodHammer,GrassyGlide,HighHorsepower,FakeOut|||M|||50|,,,,,Grass
|showteam|p2|Decidueye-Hisui||RazorClaw|Scrappy|TripleArrows,LeafBlade,SuckerPunch,Protect|||F|||50|,,,,,Fire]Weezing-Galar||ChoiceSpecs|NeutralizingGas|StrangeSteam,DazzlingGleam,Flamethrower,SludgeBomb|||M|||50|,,,,,Fire]Talonflame||CovertCloak|GaleWings|Tailwind,WillOWisp,BraveBird,Taunt|||F|||50|,,,,,Grass]Tyranitar||AssaultVest|SandStream|RockSlide,KnockOff,TeraBlast,LowKick|||M|||50|,,,,,Flying]Garchomp||LifeOrb|RoughSkin|DragonClaw,StompingTantrum,Earthquake,Protect|||F|||50|,,,,,Steel]Gholdengo||Leftovers|GoodasGold|MakeItRain,ShadowBall,NastyPlot,Protect||||||50|,,,,,Dragon
|
|t:|1756676455
|teamsize|p1|4
|teamsize|p2|4
|start
|switch|p1a: Ursaluna|Ursaluna-Bloodmoon, L50, M|100/100
|switch|p1b: Arcanine|Arcanine-Hisui, L50, M|100/100
|switch|p2a: Talonflame|Talonflame, L50, F|100/100
|switch|p2b: Decidueye|Decidueye-Hisui, L50, F|100/100
|-ability|p1b: Arcanine|Intimidate|boost
|-unboost|p2a: Talonflame|atk|1
|-fail|p2b: Decidueye|unboost|Attack|[from] ability: Scrappy|[of] p2b: Decidueye
|turn|1
|inactive|Battle timer is ON: inactive players will automatically lose when time's up. (requested by berg0123)
|j| Raging_Ryno
|
|t:|1756676482
|-terastallize|p1a: Ursaluna|Ghost
|move|p1b: Arcanine|Extreme Speed|p2a: Talonflame
|-damage|p2a: Talonflame|52/100
|move|p2a: Talonflame|Tailwind|p2a: Talonflame
|-sidestart|p2: Chisato_Arashi_VGC|move: Tailwind
|move|p2b: Decidueye|Triple Arrows|p1b: Arcanine
|-supereffective|p1b: Arcanine
|-crit|p1b: Arcanine
|-damage|p1b: Arcanine|0 fnt
|faint|p1b: Arcanine
|move|p1a: Ursaluna|Hyper Voice|p2a: Talonflame|[spread] p2a,p2b
|-damage|p2a: Talonflame|4/100
|-damage|p2b: Decidueye|66/100
|
|upkeep
|
|t:|1756676495
|switch|p1b: Rillaboom|Rillaboom, L50, M|100/100
|-fieldstart|move: Grassy Terrain|[from] ability: Grassy Surge|[of] p1b: Rillaboom
|-enditem|p1b: Rillaboom|Grassy Seed
|-boost|p1b: Rillaboom|def|1|[from] item: Grassy Seed
|turn|2
|
|t:|1756676510
|switch|p2a: Gholdengo|Gholdengo, L50|100/100
|move|p1a: Ursaluna|Vacuum Wave|p2a: Gholdengo
|-supereffective|p2a: Gholdengo
|-damage|p2a: Gholdengo|72/100
|move|p2b: Decidueye|Leaf Blade|p1a: Ursaluna
|-damage|p1a: Ursaluna|62/100
|move|p1b: Rillaboom|Wood Hammer|p2b: Decidueye
|-resisted|p2b: Decidueye
|-damage|p2b: Decidueye|20/100
|-damage|p1b: Rillaboom|88/100|[from] Recoil
|
|-heal|p2a: Gholdengo|79/100|[from] Grassy Terrain
|-heal|p2a: Gholdengo|85/100|[from] item: Leftovers
|-heal|p2b: Decidueye|26/100|[from] Grassy Terrain
|-heal|p1b: Rillaboom|94/100|[from] Grassy Terrain
|-heal|p1a: Ursaluna|68/100|[from] Grassy Terrain
|upkeep
|turn|3
|
|t:|1756676535
|-terastallize|p2a: Gholdengo|Dragon
|move|p1b: Rillaboom|Grassy Glide|p2b: Decidueye
|-resisted|p2b: Decidueye
|-damage|p2b: Decidueye|2/100
|move|p2a: Gholdengo|Shadow Ball|p1a: Ursaluna
|-supereffective|p1a: Ursaluna
|-damage|p1a: Ursaluna|20/100
|move|p2b: Decidueye|Triple Arrows|p1b: Rillaboom
|-damage|p1b: Rillaboom|65/100
|move|p1a: Ursaluna|Earth Power|p2a: Gholdengo
|-damage|p2a: Gholdengo|44/100
|
|-heal|p2a: Gholdengo|50/100|[from] Grassy Terrain
|-heal|p2a: Gholdengo|56/100|[from] item: Leftovers
|-heal|p2b: Decidueye|8/100|[from] Grassy Terrain
|-heal|p1b: Rillaboom|71/100|[from] Grassy Terrain
|-heal|p1a: Ursaluna|26/100|[from] Grassy Terrain
|upkeep
|turn|4
|
|t:|1756676555
|move|p2b: Decidueye|Protect|p2b: Decidueye
|-singleturn|p2b: Decidueye|Protect
|move|p1a: Ursaluna|Vacuum Wave|p2b: Decidueye
|-activate|p2b: Decidueye|move: Protect
|move|p2a: Gholdengo|Make It Rain|p1a: Ursaluna|[spread] p1a,p1b
|-damage|p1a: Ursaluna|1/100
|-damage|p1b: Rillaboom|29/100
|-unboost|p2a: Gholdengo|spa|1
|move|p1b: Rillaboom|Wood Hammer|p2a: Gholdengo
|-resisted|p2a: Gholdengo
|-damage|p2a: Gholdengo|21/100
|-damage|p1b: Rillaboom|18/100|[from] Recoil
|
|-heal|p2a: Gholdengo|27/100|[from] Grassy Terrain
|-heal|p2a: Gholdengo|33/100|[from] item: Leftovers
|-heal|p2b: Decidueye|14/100|[from] Grassy Terrain
|-heal|p1b: Rillaboom|24/100|[from] Grassy Terrain
|-heal|p1a: Ursaluna|7/100|[from] Grassy Terrain
|-sideend|p2: Chisato_Arashi_VGC|move: Tailwind
|upkeep
|turn|5
|
|t:|1756676574
|move|p2b: Decidueye|Sucker Punch|p1a: Ursaluna
|-supereffective|p1a: Ursaluna
|-damage|p1a: Ursaluna|0 fnt
|faint|p1a: Ursaluna
|move|p2a: Gholdengo|Make It Rain|p1b: Rillaboom
|-damage|p1b: Rillaboom|0 fnt
|-unboost|p2a: Gholdengo|spa|1
|faint|p1b: Rillaboom
|
|-heal|p2a: Gholdengo|40/100|[from] Grassy Terrain
|-heal|p2a: Gholdengo|46/100|[from] item: Leftovers
|-heal|p2b: Decidueye|20/100|[from] Grassy Terrain
|upkeep
|
|t:|1756676578
|switch|p1b: Kingambit|Kingambit, L50, M|100/100
|turn|6
|
|t:|1756676586
|move|p1b: Kingambit|Sucker Punch||[still]
|-fail|p1b: Kingambit
|move|p2a: Gholdengo|Nasty Plot|p2a: Gholdengo
|-boost|p2a: Gholdengo|spa|2
|move|p2b: Decidueye|Triple Arrows|p1b: Kingambit
|-supereffective|p1b: Kingambit
|-damage|p1b: Kingambit|0 fnt
|faint|p1b: Kingambit
|
|win|Chisato_Arashi_VGC
|raw|berg0123's rating: 1041 → 1027(-14 for losing)
|raw|Chisato_Arashi_VGC's rating: 1095 → 1117(+22 for winning)
|l|☆berg0123
|player|p1|
|l| Raging_Ryno
