|j|☆Ninetalones
|j|☆exhoul
|html|Ninetalonesexhoul    
|uhtml|bestof|Game 1 of a best-of-3
|t:|1757779994
|gametype|doubles
|player|p1|Ninetalones|265|1349
|player|p2|exhoul|shadowtriad|1425
|gen|9
|tier|[Gen 9] VGC 2025 Reg H (Bo3)
|rated|
|rule|Species Clause: Limit one of each Pokémon
|rule|Item Clause: Limit 1 of each item
|clearpoke
|poke|p1|Basculegion, L50, M|
|poke|p1|Kingambit, L50, M|
|poke|p1|Ninetales-Alola, L50, F|
|poke|p1|Rillaboom, L50, M|
|poke|p1|Sneasler, L50, M|
|poke|p1|Volcarona, L50, F|
|poke|p2|Torkoal, L50, F|
|poke|p2|Lilligant-Hisui, L50, F|
|poke|p2|Armarouge, L50, M|
|poke|p2|Indeedee-F, L50, F|
|poke|p2|Gallade, L50, M|
|poke|p2|Ursaluna, L50, M|
|teampreview|4
|showteam|p1|Basculegion||ChoiceScarf|Adaptability|AquaJet,FlipTurn,WaveCrash,LastRespects|||M|||50|,,,,,Grass]Kingambit||SafetyGoggles|Defiant|Protect,KowtowCleave,SuckerPunch,SwordsDance|||M|||50|,,,,,Ghost]Ninetales-Alola||FocusSash|SnowWarning|Protect,Blizzard,FreezeDry,Encore|||F|||50|,,,,,Ghost]Rillaboom||AssaultVest|GrassySurge|GrassyGlide,WoodHammer,FakeOut,HighHorsepower|||M|||50|,,,,,Water]Sneasler||GrassySeed|Unburden|Protect,CloseCombat,DireClaw,Coaching|||M|||50|,,,,,Fighting]Volcarona||CovertCloak|FlameBody|HeatWave,TeraBlast,QuiverDance,RagePowder|||F|||50|,,,,,Fairy
|showteam|p2|Torkoal||Charcoal|Drought|Eruption,Flamethrower,ClearSmog,Protect|||F|||50|,,,,,Fire]Lilligant-Hisui||FocusSash|Chlorophyll|SleepPowder,CloseCombat,Encore,AfterYou|||F|||50|,,,,,Ghost]Armarouge||LifeOrb|FlashFire|ExpandingForce,ArmorCannon,WideGuard,TrickRoom|||M|||50|,,,,,Grass]Indeedee-F||SafetyGoggles|PsychicSurge|FollowMe,HelpingHand,FakeOut,TrickRoom|||F|||50|,,,,,Steel]Gallade||ClearAmulet|Sharpness|SacredSword,NightSlash,DestinyBond,TrickRoom|||M|||50|,,,,,Dark]Ursaluna||FlameOrb|Guts|Facade,HeadlongRush,Earthquake,Protect|||M|||50|,,,,,Ghost
|inactive|Battle timer is ON: inactive players will automatically lose when time's up. (requested by exhoul)
|inactive|Ninetalones has 60 seconds left.
|
|t:|1757780031
|teamsize|p1|4
|teamsize|p2|4
|start
|switch|p1a: Basculegion|Basculegion, L50, M|100/100
|switch|p1b: Volcarona|Volcarona, L50, F|100/100
|switch|p2a: Indeedee|Indeedee-F, L50, F|100/100
|switch|p2b: Armarouge|Armarouge, L50, M|100/100
|-fieldstart|move: Psychic Terrain|[from] ability: Psychic Surge|[of] p2a: Indeedee
|turn|1
|inactive|Ninetalones has 30 seconds left.
|
|t:|1757780059
|switch|p2a: Ursaluna|Ursaluna, L50, M|100/100
|-terastallize|p2b: Armarouge|Grass
|move|p1a: Basculegion|Flip Turn|p2b: Armarouge
|-resisted|p2b: Armarouge
|-damage|p2b: Armarouge|76/100
|
|t:|1757780075
|switch|p1a: Rillaboom|Rillaboom, L50, M|100/100|[from] Flip Turn
|-fieldstart|move: Grassy Terrain|[from] ability: Grassy Surge|[of] p1a: Rillaboom
|move|p1b: Volcarona|Quiver Dance|p1b: Volcarona
|-boost|p1b: Volcarona|spa|1
|-boost|p1b: Volcarona|spd|1
|-boost|p1b: Volcarona|spe|1
|move|p2b: Armarouge|Trick Room|p2b: Armarouge
|-fieldstart|move: Trick Room|[of] p2b: Armarouge
|
|-heal|p2b: Armarouge|82/100|[from] Grassy Terrain
|-status|p2a: Ursaluna|brn|[from] item: Flame Orb
|upkeep
|turn|2
|
|t:|1757780096
|switch|p1a: Basculegion|Basculegion, L50, M|100/100
|move|p2a: Ursaluna|Facade|p1b: Volcarona
|-damage|p1b: Volcarona|0 fnt
|faint|p1b: Volcarona
|move|p2b: Armarouge|Armor Cannon|p1a: Basculegion
|-resisted|p1a: Basculegion
|-damage|p1a: Basculegion|51/100
|-unboost|p2b: Armarouge|def|1
|-unboost|p2b: Armarouge|spd|1
|-damage|p2b: Armarouge|73/100|[from] item: Life Orb
|
|-heal|p2b: Armarouge|79/100|[from] Grassy Terrain
|-heal|p1a: Basculegion|57/100|[from] Grassy Terrain
|-damage|p2a: Ursaluna|95/100 brn|[from] brn
|upkeep
|
|t:|1757780113
|switch|p1b: Rillaboom|Rillaboom, L50, M|100/100
|turn|3
|
|t:|1757780135
|switch|p2a: Indeedee|Indeedee-F, L50, F|100/100
|-fieldstart|move: Psychic Terrain|[from] ability: Psychic Surge|[of] p2a: Indeedee
|move|p2b: Armarouge|Expanding Force|p1a: Basculegion|[spread] p1a,p1b
|-damage|p1a: Basculegion|0 fnt
|-damage|p1b: Rillaboom|37/100
|faint|p1a: Basculegion
|-damage|p2b: Armarouge|69/100|[from] item: Life Orb
|move|p1b: Rillaboom|Wood Hammer|p2a: Indeedee
|-damage|p2a: Indeedee|41/100
|-damage|p1b: Rillaboom|20/100|[from] Recoil
|
|upkeep
|
|t:|1757780149
|switch|p1a: Ninetales|Ninetales-Alola, L50, F|100/100
|-weather|Snowscape|[from] ability: Snow Warning|[of] p1a: Ninetales
|turn|4
|
|t:|1757780159
|switch|p2a: Torkoal|Torkoal, L50, F|100/100
|-weather|SunnyDay|[from] ability: Drought|[of] p2a: Torkoal
|move|p1a: Ninetales|Protect|p1a: Ninetales
|-singleturn|p1a: Ninetales|Protect
|move|p2b: Armarouge|Expanding Force|p1a: Ninetales|[spread] p1b
|-activate|p1a: Ninetales|move: Protect
|-damage|p1b: Rillaboom|0 fnt
|faint|p1b: Rillaboom
|-damage|p2b: Armarouge|60/100|[from] item: Life Orb
|
|-weather|SunnyDay|[upkeep]
|upkeep
|turn|5
|-message|Ninetalones forfeited.
|
|win|exhoul
||Ninetalones is ready for game 2.
||exhoul is ready for game 2.
|uhtml|next|Next: Game 2 of 3
