|j|☆Br1_lore
|j|☆juanpapimon
|html|Br1_lorejuanpapimon    
|uhtml|bestof|Game 1 of a best-of-3
|t:|1783613968
|gametype|doubles
|player|p1|Br1_lore|1|1161
|player|p2|juanpapimon|266|1045
|gen|9
|tier|[Gen 9 Champions] VGC 2026 Reg M-B (Bo3)
|rated|
|rule|Species Clause: Limit one of each Pokémon
|rule|Item Clause: Limit 1 of each item
|clearpoke
|poke|p1|Metagross, L50|
|poke|p1|Hydreigon, L50, F|
|poke|p1|Sneasler, L50, F|
|poke|p1|Aerodactyl, L50, F|
|poke|p1|Sylveon, L50, F|
|poke|p1|Maushold-Four, L50|
|poke|p2|Scovillain, L50, F|
|poke|p2|Whimsicott, L50, F|
|poke|p2|Swampert, L50, M|
|poke|p2|Pelipper, L50, M|
|poke|p2|Archaludon, L50, F|
|poke|p2|Farigiraf, L50, M|
|teampreview|4
|showteam|p1|Metagross||Metagrossite|ClearBody|IronHead,PsychicFangs,BodyPress,Protect|Jolly|||||50|]Hydreigon||ChoiceScarf|Levitate|DracoMeteor,EarthPower,HeatWave,DarkPulse|Timid||F|||50|]Sneasler||WhiteHerb|Unburden|CloseCombat,DireClaw,FakeOut,Protect|Adamant||F|||50|]Aerodactyl||Aerodactylite|Unnerve|RockSlide,DualWingbeat,Protect,Tailwind|Jolly||F|||50|]Sylveon||FairyFeather|Pixilate|HyperBeam,HyperVoice,QuickAttack,Detect|Modest||F|||50|]Maushold-Four||ChopleBerry|FriendGuard|SuperFang,FollowMe,Protect,Charm|Jolly|||||50|
|showteam|p2|Scovillain||Scovillainite|Moody|Protect,RagePowder,Flamethrower,GigaDrain|Quiet||F|||50|]Whimsicott||FocusSash|Prankster|Tailwind,Moonblast,LeechSeed,Encore|Calm||F|||50|]Swampert||Swampertite|Torrent|Waterfall,IcePunch,Earthquake,Protect|Adamant||M|||50|]Pelipper||DampRock|Drizzle|WideGuard,IcyWind,Hurricane,WeatherBall|Modest||M|||50|]Archaludon||Leftovers|Stamina|ElectroShot,DracoMeteor,FlashCannon,Protect|Timid||F|||50|]Farigiraf||SitrusBerry|ArmorTail|TrickRoom,HyperVoice,Thunderbolt,Roar|Sassy||M|||50|
|inactive|Battle timer is ON: inactive players will automatically lose when time's up. (requested by juanpapimon)
|
|t:|1783614037
|teamsize|p1|4
|teamsize|p2|4
|start
|switch|p1a: Hydreigon|Hydreigon, L50, F|100/100
|switch|p1b: Maushold|Maushold-Four, L50|100/100
|switch|p2a: Farigiraf|Farigiraf, L50, M|100/100
|switch|p2b: Scovillain|Scovillain, L50, F|100/100
|turn|1
|inactive|Br1_lore has 30 seconds left.
|inactive|juanpapimon has 30 seconds left.
|inactive|Br1_lore has 20 seconds left.
|
|t:|1783614077
|move|p2b: Scovillain|Protect|p2b: Scovillain
|-singleturn|p2b: Scovillain|Protect
|move|p1a: Hydreigon|Dark Pulse|p2b: Scovillain
|-activate|p2b: Scovillain|move: Protect
|move|p1b: Maushold|Super Fang|p2a: Farigiraf
|-damage|p2a: Farigiraf|50/100y
|-enditem|p2a: Farigiraf|Sitrus Berry|[eat]
|-heal|p2a: Farigiraf|75/100|[from] item: Sitrus Berry
|move|p2a: Farigiraf|Trick Room|p2a: Farigiraf
|-fieldstart|move: Trick Room|[of] p2a: Farigiraf
|
|-ability|p2b: Scovillain|Moody|boost
|-boost|p2b: Scovillain|spa|2
|-unboost|p2b: Scovillain|spe|1
|upkeep
|turn|2
|inactive|juanpapimon has 30 seconds left.
|inactive|juanpapimon has 20 seconds left.
|inactive|juanpapimon has 15 seconds left.
|
|t:|1783614120
|switch|p2a: Archaludon|Archaludon, L50, F|100/100
|detailschange|p2b: Scovillain|Scovillain-Mega, L50, F
|-mega|p2b: Scovillain|Scovillain|Scovillainite
|move|p2b: Scovillain|Flamethrower|p1a: Hydreigon
|-resisted|p1a: Hydreigon|1
|-damage|p1a: Hydreigon|61/100
|move|p1b: Maushold|Super Fang|p2a: Archaludon
|-damage|p2a: Archaludon|50/100g
|-ability|p2a: Archaludon|Stamina|boost
|-boost|p2a: Archaludon|def|1
|move|p1a: Hydreigon|Dark Pulse|p2a: Archaludon
|-damage|p2a: Archaludon|0 fnt
|faint|p2a: Archaludon
|
|upkeep
|
|t:|1783614137
|switch|p2a: Farigiraf|Farigiraf, L50, M|75/100
|turn|3
|
|t:|1783614155
|move|p1b: Maushold|Follow Me|p1b: Maushold
|-singleturn|p1b: Maushold|move: Follow Me
|move|p2b: Scovillain|Flamethrower|p1b: Maushold
|-damage|p1b: Maushold|0 fnt
|faint|p1b: Maushold
|move|p2a: Farigiraf|Hyper Voice|p1a: Hydreigon
|-damage|p1a: Hydreigon|27/100
|move|p1a: Hydreigon|Dark Pulse|p2a: Farigiraf
|-supereffective|p2a: Farigiraf|1
|-damage|p2a: Farigiraf|12/100
|
|upkeep
|
|t:|1783614171
|switch|p1b: Sylveon|Sylveon, L50, F|100/100
|turn|4
|
|t:|1783614193
|switch|p1a: Aerodactyl|Aerodactyl, L50, F|100/100
|-ability|p1a: Aerodactyl|Unnerve
|move|p2b: Scovillain|Protect|p2b: Scovillain
|-singleturn|p2b: Scovillain|Protect
|move|p2a: Farigiraf|Hyper Voice|p1a: Aerodactyl|[spread] p1a,p1b
|-resisted|p1a: Aerodactyl|1
|-damage|p1a: Aerodactyl|86/100
|-damage|p1b: Sylveon|80/100
|move|p1b: Sylveon|Hyper Voice|p2a: Farigiraf|[spread] p2a
|-activate|p2b: Scovillain|move: Protect
|-damage|p2a: Farigiraf|0 fnt
|faint|p2a: Farigiraf
|
|upkeep
|
|t:|1783614205
|switch|p2a: Pelipper|Pelipper, L50, M|100/100
|-weather|RainDance|[from] ability: Drizzle|[of] p2a: Pelipper
|turn|5
|
|t:|1783614227
|move|p1a: Aerodactyl|Protect|p1a: Aerodactyl
|-singleturn|p1a: Aerodactyl|Protect
|move|p2b: Scovillain|Giga Drain|p1a: Aerodactyl
|-activate|p1a: Aerodactyl|move: Protect
|move|p2a: Pelipper|Icy Wind|p1b: Sylveon|[spread] p1b
|-activate|p1a: Aerodactyl|move: Protect
|-damage|p1b: Sylveon|69/100
|-unboost|p1b: Sylveon|spe|1
|move|p1b: Sylveon|Hyper Voice|p2a: Pelipper|[spread] p2a,p2b
|-resisted|p2b: Scovillain|1
|-crit|p2b: Scovillain
|-damage|p2a: Pelipper|42/100
|-damage|p2b: Scovillain|59/100
|-status|p1b: Sylveon|brn|[from] ability: Spicy Spray|[of] p2b: Scovillain
|
|-weather|RainDance|[upkeep]
|-damage|p1b: Sylveon|63/100 brn|[from] brn
|-fieldend|move: Trick Room
|upkeep
|turn|6
|inactive|juanpapimon has 30 seconds left.
|inactive|juanpapimon has 20 seconds left.
|inactive|juanpapimon has 15 seconds left.
|inactive|juanpapimon has 10 seconds left.
|inactive|juanpapimon has 5 seconds left.
|
|t:|1783614282
|detailschange|p1a: Aerodactyl|Aerodactyl-Mega, L50, F
|-mega|p1a: Aerodactyl|Aerodactyl|Aerodactylite
|move|p2b: Scovillain|Protect|p2b: Scovillain
|-singleturn|p2b: Scovillain|Protect
|move|p2a: Pelipper|Wide Guard|p2a: Pelipper
|-singleturn|p2a: Pelipper|Wide Guard
|move|p1a: Aerodactyl|Rock Slide|p2a: Pelipper|[spread] 
|-activate|p2a: Pelipper|move: Wide Guard
|-activate|p2b: Scovillain|move: Wide Guard
|move|p1b: Sylveon|Hyper Voice|p2b: Scovillain|[spread] 
|-activate|p2a: Pelipper|move: Wide Guard
|-activate|p2b: Scovillain|move: Wide Guard
|
|-weather|RainDance|[upkeep]
|-damage|p1b: Sylveon|57/100 brn|[from] brn
|upkeep
|turn|7
|inactive|juanpapimon has 30 seconds left.
|
|t:|1783614314
|move|p2a: Pelipper|Wide Guard|p2a: Pelipper
|-singleturn|p2a: Pelipper|Wide Guard
|move|p1a: Aerodactyl|Dual Wingbeat|p2a: Pelipper|[miss]
|-miss|p1a: Aerodactyl|p2a: Pelipper
|move|p1b: Sylveon|Hyper Beam|p2b: Scovillain
|-resisted|p2b: Scovillain|1
|-damage|p2b: Scovillain|1/100
|-mustrecharge|p1b: Sylveon
|move|p2b: Scovillain|Giga Drain|p1b: Sylveon
|-crit|p1b: Sylveon
|-damage|p1b: Sylveon|0 fnt
|-heal|p2b: Scovillain|39/100|[from] drain|[of] p1b: Sylveon
|faint|p1b: Sylveon
|
|-weather|RainDance|[upkeep]
|upkeep
|
|t:|1783614326
|switch|p1b: Hydreigon|Hydreigon, L50, F|27/100
|turn|8
|inactive|juanpapimon has 30 seconds left.
|
|t:|1783614352
|move|p2b: Scovillain|Rage Powder|p2b: Scovillain
|-singleturn|p2b: Scovillain|move: Rage Powder
|move|p1b: Hydreigon|Dark Pulse|p2b: Scovillain
|-damage|p2b: Scovillain|0 fnt
|-status|p1b: Hydreigon|brn|[from] ability: Spicy Spray|[of] p2b: Scovillain
|faint|p2b: Scovillain
|move|p1a: Aerodactyl|Dual Wingbeat|p2a: Pelipper
|-damage|p2a: Pelipper|15/100
|-crit|p2a: Pelipper
|-damage|p2a: Pelipper|0 fnt
|faint|p2a: Pelipper
|-hitcount|p2: Pelipper|2
|
|win|Br1_lore
|inactive|Br1_lore has 30 seconds to confirm battle start!
|inactive|juanpapimon has 30 seconds to confirm battle start!
||Br1_lore is ready for game 2.
|l|☆juanpapimon
|player|p2|
|j|☆juanpapimon
|player|p2|juanpapimon|266|
|inactive|juanpapimon has 20 seconds to confirm battle start!
||juanpapimon is ready for game 2.
|uhtml|next|Next: Game 2 of 3
|l|☆juanpapimon
|player|p2|
