|j|☆Fell Blue
|j|‽bathoven
|html|Fell Bluebathoven    
|uhtml|bestof|Game 3 of a best-of-3
|t:|1784590689
|gametype|doubles
|player|p1|Fell Blue|fantina|1102
|player|p2|bathoven|pokemaniac|1165
|gen|9
|tier|[Gen 9 Champions] VGC 2026 Reg M-B (Bo3)
|rated|
|rule|Species Clause: Limit one of each Pokémon
|rule|Item Clause: Limit 1 of each item
|clearpoke
|poke|p1|Mawile, L50, M|
|poke|p1|Liepard, L50, M|
|poke|p1|Sneasler, L50, F|
|poke|p1|Chandelure, L50, M|
|poke|p1|Ninetales-Alola, L50, M|
|poke|p1|Incineroar, L50, F|
|poke|p2|Typhlosion, L50, F|
|poke|p2|Froslass, L50, F|
|poke|p2|Aerodactyl, L50, F|
|poke|p2|Raichu, L50, M|
|poke|p2|Tsareena, L50, F|
|poke|p2|Basculegion, L50, M|
|teampreview|4
|showteam|p1|Mawile||Mawilite|HyperCutter|PlayRough,SuckerPunch,Protect,IronDefense|Adamant||M|||50|]Liepard||FocusSash|Prankster|FakeOut,ThunderWave,FoulPlay,Encore|Timid||M|||50|]Sneasler||WhiteHerb|Unburden|DireClaw,Coaching,FakeOut,CloseCombat|Adamant||F|||50|]Chandelure||Chandelurite|FlashFire|ShadowBall,HeatWave,CalmMind,Protect|Modest||M|||50|]Ninetales-Alola||LightClay|SnowWarning|AuroraVeil,Protect,FreezeDry,IcyWind|Timid||M|||50|]Incineroar||SitrusBerry|Intimidate|FakeOut,PartingShot,ThroatChop,FlareBlitz|Impish||F|||50|
|showteam|p2|Typhlosion||ChoiceScarf|FlashFire|FocusBlast,ShadowBall,HeatWave,Eruption|Modest||F|||50|]Froslass||Froslassite|CursedBody|ShadowBall,AuroraVeil,Protect,Blizzard|Timid||F|||50|]Aerodactyl||Aerodactylite|Unnerve|Tailwind,RockSlide,DualWingbeat,Protect|Jolly||F|||50|]Raichu||FocusSash|LightningRod|FakeOut,HelpingHand,Encore,Thunderbolt|Hasty||M|||50|]Tsareena||SitrusBerry|QueenlyMajesty|LowKick,TropKick,Taunt,TripleAxel|Adamant||F|||50|]Basculegion||LifeOrb|Adaptability|Protect,LastRespects,WaveCrash,AquaJet|Adamant||M|||50|
|inactive|Battle timer is ON: inactive players will automatically lose when time's up. (requested by bathoven)
|inactive|Fell Blue has 60 seconds left.
|inactive|Fell Blue has 30 seconds left.
|
|t:|1784590753
|teamsize|p1|4
|teamsize|p2|4
|start
|switch|p1a: Incineroar|Incineroar, L50, F|100/100
|switch|p1b: Sneasler|Sneasler, L50, F|100/100
|switch|p2a: Raichu|Raichu, L50, M|100/100
|switch|p2b: Basculegion|Basculegion, L50, M|100/100
|-ability|p1a: Incineroar|Intimidate|boost
|-unboost|p2a: Raichu|atk|1
|-unboost|p2b: Basculegion|atk|1
|turn|1
|
|t:|1784590779
|move|p2a: Raichu|Fake Out|p1b: Sneasler
|-damage|p1b: Sneasler|92/100
|cant|p1b: Sneasler|flinch
|move|p2b: Basculegion|Wave Crash|p1a: Incineroar
|-supereffective|p1a: Incineroar|1
|-damage|p1a: Incineroar|0 fnt
|faint|p1a: Incineroar
|-damage|p2b: Basculegion|66/100|[from] Recoil
|-damage|p2b: Basculegion|57/100|[from] item: Life Orb
|
|upkeep
|
|t:|1784590783
|switch|p1a: Ninetales|Ninetales-Alola, L50, M|100/100
|-weather|Snowscape|[from] ability: Snow Warning|[of] p1a: Ninetales
|turn|2
|inactive|bathoven has 30 seconds left.
|inactive|bathoven has 20 seconds left.
|
|t:|1784590823
|move|p2a: Raichu|Thunderbolt|p1b: Sneasler
|-damage|p1b: Sneasler|60/100
|move|p1a: Ninetales|Icy Wind|p2b: Basculegion|[spread] p2a,p2b
|-resisted|p2b: Basculegion|1
|-damage|p2a: Raichu|85/100
|-damage|p2b: Basculegion|51/100
|-unboost|p2a: Raichu|spe|1
|-unboost|p2b: Basculegion|spe|1
|move|p1b: Sneasler|Dire Claw|p2a: Raichu
|-damage|p2a: Raichu|7/100
|move|p2b: Basculegion|Wave Crash|p1a: Ninetales
|-damage|p1a: Ninetales|43/100
|-damage|p2b: Basculegion|34/100|[from] Recoil
|-damage|p2b: Basculegion|25/100|[from] item: Life Orb
|
|-weather|Snowscape|[upkeep]
|upkeep
|turn|3
|inactive|Fell Blue has 30 seconds left.
|inactive|bathoven has 30 seconds left.
|inactive|bathoven has 20 seconds left.
|
|t:|1784590861
|switch|p2b: Typhlosion|Typhlosion, L50, F|100/100
|move|p1a: Ninetales|Icy Wind|p2a: Raichu|[spread] p2a,p2b
|-resisted|p2b: Typhlosion|1
|-damage|p2a: Raichu|0 fnt
|-damage|p2b: Typhlosion|92/100
|-unboost|p2b: Typhlosion|spe|1
|faint|p2a: Raichu
|move|p1b: Sneasler|Coaching|p1a: Ninetales
|-boost|p1a: Ninetales|atk|1
|-boost|p1a: Ninetales|def|1
|
|-weather|Snowscape|[upkeep]
|upkeep
|
|t:|1784590885
|switch|p2a: Basculegion|Basculegion, L50, M|25/100
|turn|4
|inactive|Fell Blue has 30 seconds left.
|
|t:|1784590914
|move|p2a: Basculegion|Aqua Jet|p1b: Sneasler
|-damage|p1b: Sneasler|17/100
|-damage|p2a: Basculegion|15/100|[from] item: Life Orb
|move|p1a: Ninetales|Icy Wind|p2a: Basculegion|[spread] p2a,p2b
|-resisted|p2a: Basculegion|1
|-resisted|p2b: Typhlosion|1
|-damage|p2a: Basculegion|8/100
|-damage|p2b: Typhlosion|84/100
|-unboost|p2a: Basculegion|spe|1
|-unboost|p2b: Typhlosion|spe|1
|move|p1b: Sneasler|Dire Claw|p2b: Typhlosion
|-damage|p2b: Typhlosion|31/100
|move|p2b: Typhlosion|Heat Wave|p1b: Sneasler|[spread] p1a,p1b
|-supereffective|p1a: Ninetales|1
|-damage|p1a: Ninetales|0 fnt
|-damage|p1b: Sneasler|0 fnt
|faint|p1a: Ninetales
|faint|p1b: Sneasler
|
|-weather|Snowscape|[upkeep]
|upkeep
|
|t:|1784590928
|switch|p1b: Chandelure|Chandelure, L50, M|100/100
|turn|5
|
|t:|1784590939
|switch|p2b: Tsareena|Tsareena, L50, F|100/100
|detailschange|p1b: Chandelure|Chandelure-Mega, L50, M
|-mega|p1b: Chandelure|Chandelure|Chandelurite
|move|p2a: Basculegion|Aqua Jet|p1b: Chandelure
|-supereffective|p1b: Chandelure|1
|-damage|p1b: Chandelure|28/100
|-damage|p2a: Basculegion|0 fnt|[from] item: Life Orb
|faint|p2a: Basculegion
|move|p1b: Chandelure|Heat Wave|p2b: Tsareena
|-supereffective|p2b: Tsareena|1
|-damage|p2b: Tsareena|0 fnt
|faint|p2b: Tsareena
|
|-weather|Snowscape|[upkeep]
|upkeep
|
|t:|1784590951
|switch|p2b: Typhlosion|Typhlosion, L50, F|31/100
|turn|6
|
|t:|1784590959
|move|p1b: Chandelure|Protect|p1b: Chandelure
|-singleturn|p1b: Chandelure|Protect
|move|p2b: Typhlosion|Shadow Ball|p1b: Chandelure
|-activate|p1b: Chandelure|move: Protect
|
|-weather|none
|upkeep
|turn|7
|
|t:|1784590967
|move|p2b: Typhlosion|Shadow Ball|p1b: Chandelure
|-supereffective|p1b: Chandelure|1
|-damage|p1b: Chandelure|0 fnt
|faint|p1b: Chandelure
|
|win|bathoven
|raw|Fell Blue's rating: 1102 → 1081(-21 for losing)
|raw|bathoven's rating: 1165 → 1186(+21 for winning)
