|j|☆DragoMX
|j|☆Moonz605
|html|DragoMXMoonz605    
|uhtml|bestof|Game 2 of a best-of-3
|t:|1785888925
|gametype|doubles
|player|p1|DragoMX|brock|
|player|p2|Moonz605|roxie|
|gen|9
|tier|[Gen 9 Champions] VGC 2026 Reg M-B (Bo3)
|rule|Species Clause: Limit one of each Pokémon
|rule|Item Clause: Limit 1 of each item
|clearpoke
|poke|p1|Staraptor, L50, F|
|poke|p1|Whimsicott, L50, M|
|poke|p1|Gallade, L50, M|
|poke|p1|Chandelure, L50, M|
|poke|p1|Slowbro, L50, M|
|poke|p1|Mimikyu, L50, M|
|poke|p2|Overqwil, L50, F|
|poke|p2|Dragalge, L50, F|
|poke|p2|Sneasler, L50, M, shiny|
|poke|p2|Clefable, L50, F|
|poke|p2|Lycanroc, L50, F|
|poke|p2|Golurk, L50|
|teampreview|4
|showteam|p1|Staraptor||Staraptite|Intimidate|CloseCombat,BraveBird,Protect,Tailwind|Jolly||F|||50|]Whimsicott||FocusSash|Prankster|Tailwind,SunnyDay,Charm,Protect|Timid||M|||50|]Gallade||ExpertBelt|Steadfast|PsychoCut,SacredSword,Protect,Taunt|Serious||M|||50|]Chandelure||Chandelurite|FlameBody|TrickRoom,Protect,ShadowBall,EnergyBall|Modest||M|||50|]Slowbro||Slowbronite|Regenerator|BodyPress,TrickRoom,PsychicNoise,SlackOff|Sassy||M|||50|]Mimikyu||ChoiceScarf|Disguise|ShadowClaw,DestinyBond,Curse,Trick|Jolly||M|||50|
|showteam|p2|Overqwil||ShucaBerry|Intimidate|BarbBarrage,Protect,Crunch,DestinyBond|Impish||F|||50|]Dragalge||Dragalgite|PoisonPoint|DracoMeteor,SludgeBomb,Scald,Protect|Bold||F|||50|]Sneasler||FocusSash|Unburden|Acrobatics,DireClaw,FakeOut,Protect|Jolly||M|||50|]Clefable||Leftovers|Unaware|Encore,Moonblast,FollowMe,Moonlight|Modest||F|||50|]Lycanroc||LifeOrb|Steadfast|FireFang,Protect,StoneEdge,PsychicFangs|Jolly||F|||50|]Golurk||KasibBerry|IronFist|IcePunch,HeadlongRush,Poltergeist,Protect|Careful|||||50|
|j| Tbigongue
|j| 2mero
|c| 2mero|s
|c| 2mero|s
|c| 2mero|s
|c| 2mero|s
|c| 2mero|s
|c| 2mero|s
|c| 2mero|s
|c| 2mero|s
|c| 2mero|s
|c| 2mero|s
|c| 2mero|s
|c| 2mero|s
|c| 2mero|s
|j| atealcoloredcat
|c| 2mero|s
|c| 2mero|s
|c| 2mero|s
|c| 2mero|s
|c| 2mero|s
|
|t:|1785888958
|teamsize|p1|4
|teamsize|p2|4
|start
|switch|p1a: Slowbro|Slowbro, L50, M|100/100
|switch|p1b: Mimikyu|Mimikyu, L50, M|100/100
|switch|p2a: Sneasler|Sneasler, L50, M, shiny|100/100
|switch|p2b: Clefable|Clefable, L50, F|100/100
|turn|1
|j| arlothegoose
|
|t:|1785889001
|detailschange|p1a: Slowbro|Slowbro-Mega, L50, M
|-mega|p1a: Slowbro|Slowbro|Slowbronite
|move|p2a: Sneasler|Fake Out|p1a: Slowbro
|-damage|p1a: Slowbro|92/100
|move|p1b: Mimikyu|Trick|p2b: Clefable
|-activate|p1b: Mimikyu|move: Trick|[of] p2b: Clefable
|-item|p2b: Clefable|Choice Scarf|[from] move: Trick
|-item|p1b: Mimikyu|Leftovers|[from] move: Trick
|move|p2b: Clefable|Encore|p1b: Mimikyu
|-start|p1b: Mimikyu|Encore
|cant|p1a: Slowbro|flinch
|
|upkeep
|turn|2
|c| Tbigongue|dragow where is your starpator
|c| Tbigongue|is the most broken mon in the game
|
|t:|1785889020
|switch|p1b: Staraptor|Staraptor, L50, F|100/100
|-ability|p1b: Staraptor|Intimidate|boost
|-unboost|p2a: Sneasler|atk|1
|-unboost|p2b: Clefable|atk|1
|move|p2a: Sneasler|Dire Claw|p1b: Staraptor
|-damage|p1b: Staraptor|62/100
|move|p2b: Clefable|Encore||[still]
|-fail|p2b: Clefable
|move|p1a: Slowbro|Psychic Noise|p2a: Sneasler
|-supereffective|p2a: Sneasler|2
|-enditem|p2a: Sneasler|Focus Sash
|-damage|p2a: Sneasler|1/100
|-start|p2a: Sneasler|move: Heal Block
|
|upkeep
|turn|3
|c| Tbigongue|where is he
|
|t:|1785889043
|move|p2a: Sneasler|Acrobatics|p1b: Staraptor
|-damage|p1b: Staraptor|31/100
|move|p1b: Staraptor|Tailwind|p1b: Staraptor
|-sidestart|p1: DragoMX|move: Tailwind
|move|p2b: Clefable|Encore|p1b: Staraptor
|-start|p1b: Staraptor|Encore
|move|p1a: Slowbro|Psychic Noise|p2a: Sneasler
|-supereffective|p2a: Sneasler|2
|-damage|p2a: Sneasler|0 fnt
|faint|p2a: Sneasler
|
|upkeep
|
|t:|1785889055
|switch|p2a: Overqwil|Overqwil, L50, F|100/100
|-ability|p2a: Overqwil|Intimidate|boost
|-unboost|p1a: Slowbro|atk|1
|-unboost|p1b: Staraptor|atk|1
|turn|4
|
|t:|1785889077
|switch|p2b: Dragalge|Dragalge, L50, F|100/100
|move|p1b: Staraptor|Tailwind||[still]
|-fail|p1b: Staraptor
|move|p2a: Overqwil|Barb Barrage|p1b: Staraptor
|-damage|p1b: Staraptor|0 fnt
|faint|p1b: Staraptor
|move|p1a: Slowbro|Body Press|p2a: Overqwil
|-damage|p2a: Overqwil|77/100
|
|upkeep
|
|t:|1785889089
|switch|p1b: Mimikyu|Mimikyu, L50, M|100/100
|turn|5
|
|t:|1785889120
|move|p1b: Mimikyu|Curse|p2a: Overqwil
|-start|p2a: Overqwil|Curse|[of] p1b: Mimikyu
|-damage|p1b: Mimikyu|50/100y
|move|p2a: Overqwil|Barb Barrage|p1b: Mimikyu
|-activate|p1b: Mimikyu|ability: Disguise
|-damage|p1b: Mimikyu|50/100y
|detailschange|p1b: Mimikyu|Mimikyu-Busted, L50, M
|-damage|p1b: Mimikyu|37/100|[from] pokemon: Mimikyu-Busted
|move|p1a: Slowbro|Psychic Noise|p2b: Dragalge
|-supereffective|p2b: Dragalge|1
|-damage|p2b: Dragalge|40/100
|-start|p2b: Dragalge|move: Heal Block
|move|p2b: Dragalge|Sludge Bomb|p1a: Slowbro
|-damage|p1a: Slowbro|68/100
|
|-heal|p1b: Mimikyu|43/100|[from] item: Leftovers
|-damage|p2a: Overqwil|52/100|[from] Curse
|upkeep
|turn|6
|
|t:|1785889147
|detailschange|p2b: Dragalge|Dragalge-Mega, L50, F
|-mega|p2b: Dragalge|Dragalge|Dragalgite
|move|p2b: Dragalge|Protect|p2b: Dragalge
|-singleturn|p2b: Dragalge|Protect
|move|p1b: Mimikyu|Destiny Bond|p1b: Mimikyu
|-singlemove|p1b: Mimikyu|Destiny Bond
|move|p2a: Overqwil|Barb Barrage|p1b: Mimikyu
|-damage|p1b: Mimikyu|0 fnt
|faint|p1b: Mimikyu
|-activate|p1b: Mimikyu|move: Destiny Bond
|faint|p2a: Overqwil
|move|p1a: Slowbro|Psychic Noise|p2b: Dragalge
|-activate|p2b: Dragalge|move: Protect
|
|-end|p2b: Dragalge|move: Heal Block
|-sideend|p1: DragoMX|move: Tailwind
|upkeep
|
|t:|1785889162
|switch|p1b: Whimsicott|Whimsicott, L50, M|100/100
|switch|p2a: Clefable|Clefable, L50, F|100/100
|turn|7
|
|t:|1785889188
|move|p2a: Clefable|Follow Me|p2a: Clefable
|-singleturn|p2a: Clefable|move: Follow Me
|move|p1b: Whimsicott|Tailwind|p1b: Whimsicott
|-sidestart|p1: DragoMX|move: Tailwind
|move|p1a: Slowbro|Psychic Noise|p2a: Clefable
|-damage|p2a: Clefable|68/100
|-start|p2a: Clefable|move: Heal Block
|move|p2b: Dragalge|Sludge Bomb|p1a: Slowbro
|-damage|p1a: Slowbro|38/100
|
|upkeep
|turn|8
|
|t:|1785889204
|move|p1b: Whimsicott|Protect|p1b: Whimsicott
|-singleturn|p1b: Whimsicott|Protect
|move|p2a: Clefable|Follow Me|p2a: Clefable
|-singleturn|p2a: Clefable|move: Follow Me
|move|p1a: Slowbro|Slack Off|p1a: Slowbro
|-heal|p1a: Slowbro|88/100
|move|p2b: Dragalge|Sludge Bomb|p1a: Slowbro
|-damage|p1a: Slowbro|59/100
|
|-end|p2a: Clefable|move: Heal Block
|upkeep
|turn|9
|
|t:|1785889243
|move|p2a: Clefable|Follow Me|p2a: Clefable
|-singleturn|p2a: Clefable|move: Follow Me
|move|p1b: Whimsicott|Charm|p2a: Clefable
|-unboost|p2a: Clefable|atk|2
|move|p1a: Slowbro|Psychic Noise|p2a: Clefable
|-damage|p2a: Clefable|39/100
|-start|p2a: Clefable|move: Heal Block
|move|p2b: Dragalge|Sludge Bomb|p1b: Whimsicott
|-supereffective|p1b: Whimsicott|2
|-enditem|p1b: Whimsicott|Focus Sash
|-damage|p1b: Whimsicott|1/100
|
|upkeep
|turn|10
|
|t:|1785889267
|move|p1b: Whimsicott|Protect|p1b: Whimsicott
|-singleturn|p1b: Whimsicott|Protect
|move|p2a: Clefable|Follow Me|p2a: Clefable
|-singleturn|p2a: Clefable|move: Follow Me
|move|p1a: Slowbro|Psychic Noise|p2a: Clefable
|-damage|p2a: Clefable|7/100
|move|p2b: Dragalge|Sludge Bomb|p1b: Whimsicott
|-activate|p1b: Whimsicott|move: Protect
|
|-end|p2a: Clefable|move: Heal Block
|-sideend|p1: DragoMX|move: Tailwind
|upkeep
|turn|11
|
|t:|1785889288
|move|p2a: Clefable|Follow Me|p2a: Clefable
|-singleturn|p2a: Clefable|move: Follow Me
|move|p1b: Whimsicott|Tailwind|p1b: Whimsicott
|-sidestart|p1: DragoMX|move: Tailwind
|move|p1a: Slowbro|Psychic Noise|p2a: Clefable
|-damage|p2a: Clefable|0 fnt
|faint|p2a: Clefable
|move|p2b: Dragalge|Draco Meteor|p1a: Slowbro
|-damage|p1a: Slowbro|14/100
|-unboost|p2b: Dragalge|spa|2
|
|upkeep
|turn|12
|
|t:|1785889303
|move|p1b: Whimsicott|Tailwind||[still]
|-fail|p1b: Whimsicott
|move|p1a: Slowbro|Slack Off|p1a: Slowbro
|-heal|p1a: Slowbro|64/100
|move|p2b: Dragalge|Sludge Bomb|p1a: Slowbro
|-damage|p1a: Slowbro|48/100
|
|upkeep
|turn|13
|
|t:|1785889312
|move|p1b: Whimsicott|Tailwind||[still]
|-fail|p1b: Whimsicott
|move|p1a: Slowbro|Slack Off|p1a: Slowbro
|-heal|p1a: Slowbro|98/100
|move|p2b: Dragalge|Sludge Bomb|p1a: Slowbro
|-damage|p1a: Slowbro|83/100
|
|upkeep
|turn|14
|
|t:|1785889323
|move|p1b: Whimsicott|Tailwind||[still]
|-fail|p1b: Whimsicott
|move|p1a: Slowbro|Psychic Noise|p2b: Dragalge
|-supereffective|p2b: Dragalge|1
|-damage|p2b: Dragalge|0 fnt
|faint|p2b: Dragalge
|
|win|DragoMX
||DragoMX is ready for game 3.
|inactive|Moonz605 has 30 seconds to confirm battle start!
|inactive|Moonz605 has 20 seconds to confirm battle start!
||Moonz605 is ready for game 3.
|uhtml|next|Next: Game 3 of 3
