|j|☆sadnessvgc
|j|☆MegaJouleVGC
|html|sadnessvgcMegaJouleVGC    
|uhtml|bestof|Game 2 of a best-of-3
|t:|1784022302
|gametype|doubles
|player|p1|sadnessvgc|agatha-gen1rb|1388
|player|p2|MegaJouleVGC|artist|1446
|gen|9
|tier|[Gen 9 Champions] VGC 2026 Reg M-B (Bo3)
|rated|
|rule|Species Clause: Limit one of each Pokémon
|rule|Item Clause: Limit 1 of each item
|clearpoke
|poke|p1|Garchomp, L50, M, shiny|
|poke|p1|Venusaur, L50, F, shiny|
|poke|p1|Incineroar, L50, F, shiny|
|poke|p1|Charizard, L50, F, shiny|
|poke|p1|Toxapex, L50, F, shiny|
|poke|p1|Annihilape, L50, M, shiny|
|poke|p2|Charizard, L50, M|
|poke|p2|Garchomp, L50, M|
|poke|p2|Toxapex, L50, M|
|poke|p2|Sinistcha, L50|
|poke|p2|Dragapult, L50, F|
|poke|p2|Incineroar, L50, F|
|teampreview|4
|showteam|p1|Garchomp||ChoiceScarf|RoughSkin|Earthquake,RockSlide,DragonClaw,StompingTantrum|Adamant||M|||50|]Venusaur||LifeOrb|Chlorophyll|SludgeBomb,SolarBeam,EarthPower,Protect|Modest||F|||50|]Incineroar||SitrusBerry|Intimidate|FakeOut,FlareBlitz,ThroatChop,PartingShot|Impish||F|||50|]Charizard||CharizarditeY|Blaze|HeatWave,WeatherBall,Protect,HelpingHand|Modest||F|||50|]Toxapex||Leftovers|Regenerator|Infestation,Toxic,WideGuard,BanefulBunker|Impish||F|||50|]Annihilape||FocusSash|Defiant|CloseCombat,PhantomForce,RockTomb,Protect|Jolly||M|||50|
|showteam|p2|Charizard||CharizarditeY|Blaze|HeatWave,WeatherBall,SolarBeam,Protect|Timid||M|||50|]Garchomp||LifeOrb|RoughSkin|Earthquake,RockSlide,DragonClaw,Protect|Adamant||M|||50|]Toxapex||Leftovers|Regenerator|WideGuard,Toxic,Infestation,BanefulBunker|Sassy||M|||50|]Sinistcha||CobaBerry|Hospitality|TrickRoom,RagePowder,MatchaGotcha,Protect|Relaxed|||||50|]Dragapult||FocusSash|ClearBody|DragonDance,DragonDarts,SteelWing,Protect|Jolly||F|||50|]Incineroar||SitrusBerry|Intimidate|FakeOut,FlareBlitz,ThroatChop,PartingShot|Adamant||F|||50|
|inactive|Battle timer is ON: inactive players will automatically lose when time's up. (requested by MegaJouleVGC)
|
|t:|1784022330
|teamsize|p1|4
|teamsize|p2|4
|start
|switch|p1a: Toxapex|Toxapex, L50, F, shiny|100/100
|switch|p1b: Charizard|Charizard, L50, F, shiny|100/100
|switch|p2a: Charizard|Charizard, L50, M|100/100
|switch|p2b: Toxapex|Toxapex, L50, M|100/100
|turn|1
|
|t:|1784022350
|detailschange|p2a: Charizard|Charizard-Mega-Y, L50, M
|-mega|p2a: Charizard|Charizard|Charizardite Y
|-weather|SunnyDay|[from] ability: Drought|[of] p2a: Charizard
|move|p1b: Charizard|Protect|p1b: Charizard
|-singleturn|p1b: Charizard|Protect
|move|p2a: Charizard|Heat Wave|p1a: Toxapex|[spread] p1a
|-activate|p1b: Charizard|move: Protect
|-resisted|p1a: Toxapex|1
|-damage|p1a: Toxapex|78/100
|move|p1a: Toxapex|Toxic|p2a: Charizard
|-status|p2a: Charizard|tox
|move|p2b: Toxapex|Infestation|p1a: Toxapex
|-resisted|p1a: Toxapex|1
|-damage|p1a: Toxapex|77/100
|-activate|p1a: Toxapex|move: Infestation|[of] p2b: Toxapex
|
|-weather|SunnyDay|[upkeep]
|-heal|p1a: Toxapex|82/100|[from] item: Leftovers
|-damage|p2a: Charizard|93/100 tox|[from] psn
|-damage|p1a: Toxapex|70/100|[from] move: Infestation|[partiallytrapped]
|upkeep
|turn|2
|
|t:|1784022373
|detailschange|p1b: Charizard|Charizard-Mega-Y, L50, F, shiny
|-mega|p1b: Charizard|Charizard|Charizardite Y
|move|p2a: Charizard|Weather Ball|p1b: Charizard
|-resisted|p1b: Charizard|1
|-damage|p1b: Charizard|60/100
|move|p1b: Charizard|Heat Wave|p2a: Charizard|[spread] p2a,p2b
|-resisted|p2a: Charizard|1
|-resisted|p2b: Toxapex|1
|-damage|p2a: Charizard|63/100 tox
|-damage|p2b: Toxapex|81/100
|-status|p2b: Toxapex|brn
|move|p1a: Toxapex|Infestation|p2b: Toxapex
|-resisted|p2b: Toxapex|1
|-damage|p2b: Toxapex|80/100 brn
|-activate|p2b: Toxapex|move: Infestation|[of] p1a: Toxapex
|move|p2b: Toxapex|Infestation|p1b: Charizard
|-resisted|p1b: Charizard|2
|-damage|p1b: Charizard|59/100
|-activate|p1b: Charizard|move: Infestation|[of] p2b: Toxapex
|
|-weather|SunnyDay|[upkeep]
|-heal|p1a: Toxapex|76/100|[from] item: Leftovers
|-heal|p2b: Toxapex|86/100 brn|[from] item: Leftovers
|-damage|p2a: Charizard|50/100g tox|[from] psn
|-damage|p2b: Toxapex|80/100 brn|[from] brn
|-damage|p1b: Charizard|47/100|[from] move: Infestation|[partiallytrapped]
|-damage|p1a: Toxapex|64/100|[from] move: Infestation|[partiallytrapped]
|-damage|p2b: Toxapex|68/100 brn|[from] move: Infestation|[partiallytrapped]
|upkeep
|turn|3
|
|t:|1784022395
|move|p1a: Toxapex|Baneful Bunker|p1a: Toxapex
|-singleturn|p1a: Toxapex|move: Protect
|move|p2b: Toxapex|Baneful Bunker|p2b: Toxapex
|-singleturn|p2b: Toxapex|move: Protect
|move|p2a: Charizard|Weather Ball|p1a: Toxapex
|-activate|p1a: Toxapex|move: Protect
|move|p1b: Charizard|Weather Ball|p2a: Charizard
|-resisted|p2a: Charizard|1
|-damage|p2a: Charizard|10/100 tox
|
|-weather|SunnyDay|[upkeep]
|-heal|p1a: Toxapex|70/100|[from] item: Leftovers
|-heal|p2b: Toxapex|74/100 brn|[from] item: Leftovers
|-damage|p2a: Charizard|0 fnt|[from] psn
|faint|p2a: Charizard
|-damage|p2b: Toxapex|68/100 brn|[from] brn
|-damage|p1b: Charizard|35/100|[from] move: Infestation|[partiallytrapped]
|-damage|p1a: Toxapex|57/100|[from] move: Infestation|[partiallytrapped]
|-damage|p2b: Toxapex|56/100 brn|[from] move: Infestation|[partiallytrapped]
|upkeep
|
|t:|1784022402
|switch|p2a: Incineroar|Incineroar, L50, F|100/100
|-ability|p2a: Incineroar|Intimidate|boost
|-unboost|p1a: Toxapex|atk|1
|-unboost|p1b: Charizard|atk|1
|turn|4
|
|t:|1784022420
|move|p1b: Charizard|Heat Wave|p2b: Toxapex|[spread] p2a,p2b
|-resisted|p2a: Incineroar|1
|-resisted|p2b: Toxapex|1
|-damage|p2a: Incineroar|73/100
|-damage|p2b: Toxapex|38/100 brn
|move|p2a: Incineroar|Throat Chop|p1a: Toxapex
|-damage|p1a: Toxapex|31/100
|-start|p1a: Toxapex|Throat Chop|[silent]
|move|p1a: Toxapex|Toxic|p2a: Incineroar
|-status|p2a: Incineroar|tox
|move|p2b: Toxapex|Toxic|p1b: Charizard
|-status|p1b: Charizard|tox
|
|-weather|SunnyDay|[upkeep]
|-heal|p1a: Toxapex|36/100|[from] item: Leftovers
|-heal|p2b: Toxapex|43/100 brn|[from] item: Leftovers
|-damage|p1b: Charizard|29/100 tox|[from] psn
|-damage|p2a: Incineroar|67/100 tox|[from] psn
|-damage|p2b: Toxapex|38/100 brn|[from] brn
|-damage|p1b: Charizard|17/100 tox|[from] move: Infestation|[partiallytrapped]
|-damage|p1a: Toxapex|24/100|[from] move: Infestation|[partiallytrapped]
|-damage|p2b: Toxapex|26/100 brn|[from] move: Infestation|[partiallytrapped]
|upkeep
|turn|5
|
|t:|1784022442
|switch|p2a: Garchomp|Garchomp, L50, M|100/100
|move|p1a: Toxapex|Baneful Bunker|p1a: Toxapex
|-singleturn|p1a: Toxapex|move: Protect
|move|p2b: Toxapex|Baneful Bunker|p2b: Toxapex
|-singleturn|p2b: Toxapex|move: Protect
|move|p1b: Charizard|Weather Ball|p2a: Garchomp
|-resisted|p2a: Garchomp|1
|-damage|p2a: Garchomp|52/100
|
|-weather|none
|-heal|p1a: Toxapex|30/100|[from] item: Leftovers
|-heal|p2b: Toxapex|31/100 brn|[from] item: Leftovers
|-damage|p1b: Charizard|4/100 tox|[from] psn
|-damage|p2b: Toxapex|26/100 brn|[from] brn
|-damage|p1b: Charizard|0 fnt|[from] move: Infestation|[partiallytrapped]
|faint|p1b: Charizard
|-end|p1a: Toxapex|Infestation|[partiallytrapped]
|-damage|p2b: Toxapex|14/100 brn|[from] move: Infestation|[partiallytrapped]
|-end|p1a: Toxapex|Throat Chop|[silent]
|upkeep
|
|t:|1784022461
|switch|p1b: Garchomp|Garchomp, L50, M, shiny|100/100
|turn|6
|inactive|MegaJouleVGC has 30 seconds left.
|
|t:|1784022488
|-heal|p1a: Toxapex|63/100|[from] ability: Regenerator|[silent]
|switch|p1a: Venusaur|Venusaur, L50, F, shiny|100/100
|move|p2a: Garchomp|Protect|p2a: Garchomp
|-singleturn|p2a: Garchomp|Protect
|move|p1b: Garchomp|Dragon Claw|p2a: Garchomp
|-activate|p2a: Garchomp|move: Protect
|move|p2b: Toxapex|Infestation|p1a: Venusaur
|-damage|p1a: Venusaur|96/100
|-activate|p1a: Venusaur|move: Infestation|[of] p2b: Toxapex
|
|-heal|p2b: Toxapex|19/100 brn|[from] item: Leftovers
|-damage|p2b: Toxapex|14/100 brn|[from] brn
|-damage|p1a: Venusaur|84/100|[from] move: Infestation|[partiallytrapped]
|-end|p2b: Toxapex|Infestation|[partiallytrapped]|[silent]
|upkeep
|turn|7
|
|t:|1784022507
|-heal|p2b: Toxapex|47/100 brn|[from] ability: Regenerator|[silent]
|switch|p2b: Incineroar|Incineroar, L50, F|67/100 tox
|-ability|p2b: Incineroar|Intimidate|boost
|-unboost|p1a: Venusaur|atk|1
|-unboost|p1b: Garchomp|atk|1
|move|p1b: Garchomp|Dragon Claw|p2a: Garchomp
|-supereffective|p2a: Garchomp|1
|-damage|p2a: Garchomp|6/100
|-damage|p1b: Garchomp|87/100|[from] ability: Rough Skin|[of] p2a: Garchomp
|move|p2a: Garchomp|Dragon Claw|p1b: Garchomp
|-supereffective|p1b: Garchomp|1
|-damage|p1b: Garchomp|0 fnt
|-damage|p2a: Garchomp|0 fnt|[from] ability: Rough Skin|[of] p1b: Garchomp
|faint|p1b: Garchomp
|faint|p2a: Garchomp
|move|p1a: Venusaur|Earth Power|p2b: Incineroar
|-supereffective|p2b: Incineroar|1
|-damage|p2b: Incineroar|1/100 tox
|-unboost|p2b: Incineroar|spd|1
|-enditem|p2b: Incineroar|Sitrus Berry|[eat]
|-heal|p2b: Incineroar|26/100 tox|[from] item: Sitrus Berry
|-damage|p1a: Venusaur|74/100|[from] item: Life Orb
|
|-damage|p2b: Incineroar|20/100y tox|[from] psn
|-end|p1a: Venusaur|Infestation|[partiallytrapped]|[silent]
|upkeep
|
|t:|1784022526
|switch|p1b: Toxapex|Toxapex, L50, F, shiny|63/100
|switch|p2a: Toxapex|Toxapex, L50, M|47/100 brn
|turn|8
|
|t:|1784022539
|move|p1a: Venusaur|Protect|p1a: Venusaur
|-singleturn|p1a: Venusaur|Protect
|move|p1b: Toxapex|Baneful Bunker|p1b: Toxapex
|-singleturn|p1b: Toxapex|move: Protect
|move|p2b: Incineroar|Fake Out|p1a: Venusaur
|-activate|p1a: Venusaur|move: Protect
|move|p2a: Toxapex|Infestation|p1a: Venusaur
|-activate|p1a: Venusaur|move: Protect
|
|-heal|p1b: Toxapex|69/100|[from] item: Leftovers
|-heal|p2a: Toxapex|52/100 brn|[from] item: Leftovers
|-damage|p2b: Incineroar|8/100 tox|[from] psn
|-damage|p2a: Toxapex|47/100 brn|[from] brn
|upkeep
|turn|9
|-message|MegaJouleVGC forfeited.
|
|win|sadnessvgc
|l|☆MegaJouleVGC
|player|p2|
||MegaJouleVGC is ready for game 3.
||sadnessvgc is ready for game 3.
|uhtml|next|Next: Game 3 of 3
|l|☆sadnessvgc
|player|p1|
|j|☆MegaJouleVGC
|player|p2|MegaJouleVGC|artist|
