|j|☆raksbach
|j|☆jejsjw
|html|raksbachjejsjw    
|uhtml|bestof|Game 1 of a best-of-3
|t:|1783686655
|gametype|doubles
|player|p1|raksbach|169|1090
|player|p2|jejsjw|2|1000
|gen|9
|tier|[Gen 9 Champions] VGC 2026 Reg M-B (Bo3)
|rated|
|rule|Species Clause: Limit one of each Pokémon
|rule|Item Clause: Limit 1 of each item
|clearpoke
|poke|p1|Incineroar, L50, M|
|poke|p1|Maushold, L50|
|poke|p1|Sinistcha, L50|
|poke|p1|Sneasler, L50, M|
|poke|p1|Blastoise, L50, F|
|poke|p1|Delphox, L50, M|
|poke|p2|Meowstic, L50, M|
|poke|p2|Alakazam, L50, F|
|poke|p2|Slowking-Galar, L50, F|
|poke|p2|Incineroar, L50, M|
|poke|p2|Garchomp, L50, M|
|poke|p2|Sylveon, L50, M|
|teampreview|4
|showteam|p1|Incineroar||SitrusBerry|Intimidate|FakeOut,FlareBlitz,DarkestLariat,PartingShot|Impish||M|||50|]Maushold||ChopleBerry|FriendGuard|SuperFang,FollowMe,Protect,Feint|Impish|||||50|]Sinistcha||OccaBerry|Hospitality|MatchaGotcha,LifeDew,RagePowder,Protect|Bold|||||50|]Sneasler||FocusSash|PoisonTouch|FakeOut,CloseCombat,DireClaw,QuickGuard|Jolly||M|||50|]Blastoise||Blastoisinite|Torrent|WaterSpout,DarkPulse,ShellSmash,Protect|Modest||F|||50|]Delphox||Delphoxite|Blaze|HeatWave,Psychic,NastyPlot,Protect|Timid||M|||50|
|showteam|p2|Meowstic||Meowsticite|Prankster|ExpandingForce,FakeOut,PsychicTerrain,Protect|Bold||M|||50|]Alakazam||Alakazite|InnerFocus|ExpandingForce,DazzlingGleam,NastyPlot,Protect|Timid||F|||50|]Slowking-Galar||Leftovers|Regenerator|ExpandingForce,Protect,SludgeBomb,ChillyReception|Quiet||F|||50|]Incineroar||SitrusBerry|Intimidate|ThroatChop,PartingShot,Protect,FakeOut|Careful||M|||50|]Garchomp||LifeOrb|RoughSkin|RockSlide,StompingTantrum,DragonClaw,Protect|Jolly||M|||50|]Sylveon||FairyFeather|Pixilate|HyperBeam,HyperVoice,CalmMind,Protect|Timid||M|||50|
|inactive|Battle timer is ON: inactive players will automatically lose when time's up. (requested by raksbach)
|inactive|raksbach has 60 seconds left.
|
|t:|1783686695
|teamsize|p1|4
|teamsize|p2|4
|start
|switch|p1a: Incineroar|Incineroar, L50, M|100/100
|switch|p1b: Delphox|Delphox, L50, M|100/100
|switch|p2a: Meowstic|Meowstic, L50, M|100/100
|switch|p2b: Garchomp|Garchomp, L50, M|100/100
|-ability|p1a: Incineroar|Intimidate|boost
|-unboost|p2a: Meowstic|atk|1
|-unboost|p2b: Garchomp|atk|1
|turn|1
|inactive|raksbach has 30 seconds left.
|
|t:|1783686721
|detailschange|p1b: Delphox|Delphox-Mega, L50, M
|-mega|p1b: Delphox|Delphox|Delphoxite
|move|p2a: Meowstic|Psychic Terrain|p2a: Meowstic
|-fieldstart|move: Psychic Terrain
|move|p1b: Delphox|Nasty Plot|p1b: Delphox
|-boost|p1b: Delphox|spa|2
|move|p2b: Garchomp|Rock Slide|p1a: Incineroar|[spread] p1a,p1b
|-supereffective|p1a: Incineroar|1
|-supereffective|p1b: Delphox|1
|-crit|p1b: Delphox
|-damage|p1a: Incineroar|75/100
|-damage|p1b: Delphox|13/100
|-damage|p2b: Garchomp|90/100|[from] item: Life Orb
|cant|p1a: Incineroar|flinch
|
|upkeep
|turn|2
|c|☆raksbach|crit + flinch
|
|t:|1783686745
|switch|p2a: Incineroar|Incineroar, L50, M|100/100
|-ability|p2a: Incineroar|Intimidate|boost
|-unboost|p1a: Incineroar|atk|1
|-unboost|p1b: Delphox|atk|1
|move|p1b: Delphox|Protect|p1b: Delphox
|-singleturn|p1b: Delphox|Protect
|move|p2b: Garchomp|Rock Slide|p1b: Delphox|[spread] p1a
|-activate|p1b: Delphox|move: Protect
|-supereffective|p1a: Incineroar|1
|-crit|p1a: Incineroar
|-damage|p1a: Incineroar|22/100
|-enditem|p1a: Incineroar|Sitrus Berry|[eat]
|-heal|p1a: Incineroar|47/100|[from] item: Sitrus Berry
|-damage|p2b: Garchomp|80/100|[from] item: Life Orb
|cant|p1a: Incineroar|flinch
|
|upkeep
|turn|3
|c|☆raksbach|+ CRIT + FLINCH
|c|☆raksbach|xd
|inactive|jejsjw has 30 seconds left.
|
|t:|1783686772
|switch|p1a: Sinistcha|Sinistcha, L50|100/100
|-heal|p1b: Delphox|38/100|[from] ability: Hospitality|[of] p1a: Sinistcha
|move|p1b: Delphox|Psychic|p2b: Garchomp
|-damage|p2b: Garchomp|0 fnt
|faint|p2b: Garchomp
|move|p2a: Incineroar|Throat Chop|p1b: Delphox
|-supereffective|p1b: Delphox|1
|-damage|p1b: Delphox|0 fnt
|faint|p1b: Delphox
|
|upkeep
|
|t:|1783686784
|switch|p1b: Incineroar|Incineroar, L50, M|47/100
|switch|p2b: Alakazam|Alakazam, L50, F|100/100
|-ability|p1b: Incineroar|Intimidate|boost
|-unboost|p2a: Incineroar|atk|1
|-fail|p2b: Alakazam|unboost|Attack|[from] ability: Inner Focus|[of] p2b: Alakazam
|turn|4
|inactive|raksbach has 30 seconds left.
|inactive|jejsjw has 30 seconds left.
|inactive|raksbach has 20 seconds left.
|inactive|raksbach has 15 seconds left.
|inactive|raksbach has 10 seconds left.
|
|t:|1783686834
|detailschange|p2b: Alakazam|Alakazam-Mega, L50, F
|-mega|p2b: Alakazam|Alakazam|Alakazite
|-ability|p2b: Alakazam|Intimidate|Trace|[from] ability: Trace|[of] p1b: Incineroar
|-ability|p2b: Alakazam|Intimidate|boost
|-unboost|p1a: Sinistcha|atk|1
|-unboost|p1b: Incineroar|atk|1
|move|p2b: Alakazam|Dazzling Gleam|p1a: Sinistcha|[spread] p1a,p1b
|-damage|p1a: Sinistcha|75/100
|-damage|p1b: Incineroar|25/100
|move|p1a: Sinistcha|Life Dew|p1a: Sinistcha|[spread] p1a,p1b
|-heal|p1a: Sinistcha|100/100
|-heal|p1b: Incineroar|50/100g
|move|p1b: Incineroar|Darkest Lariat|p2b: Alakazam
|-supereffective|p2b: Alakazam|1
|-damage|p2b: Alakazam|12/100
|move|p2a: Incineroar|Throat Chop|p1a: Sinistcha
|-supereffective|p1a: Sinistcha|1
|-damage|p1a: Sinistcha|65/100
|-start|p1a: Sinistcha|Throat Chop|[silent]
|
|upkeep
|turn|5
|inactive|jejsjw has 30 seconds left.
|
|t:|1783686868
|move|p2b: Alakazam|Dazzling Gleam|p1b: Incineroar|[spread] p1a,p1b
|-damage|p1a: Sinistcha|42/100
|-damage|p1b: Incineroar|26/100
|move|p1a: Sinistcha|Life Dew|p1a: Sinistcha|[spread] p1a,p1b
|-heal|p1a: Sinistcha|67/100
|-heal|p1b: Incineroar|51/100
|move|p1b: Incineroar|Darkest Lariat|p2b: Alakazam
|-supereffective|p2b: Alakazam|1
|-damage|p2b: Alakazam|0 fnt
|faint|p2b: Alakazam
|move|p2a: Incineroar|Throat Chop|p1a: Sinistcha
|-supereffective|p1a: Sinistcha|1
|-damage|p1a: Sinistcha|32/100
|
|-end|p1a: Sinistcha|Throat Chop|[silent]
|-fieldend|move: Psychic Terrain
|upkeep
|
|t:|1783686883
|switch|p2b: Meowstic|Meowstic, L50, M|100/100
|turn|6
|
|t:|1783686896
|move|p2b: Meowstic|Fake Out|p1b: Incineroar
|-damage|p1b: Incineroar|47/100
|move|p1a: Sinistcha|Life Dew|p1a: Sinistcha|[spread] p1a,p1b
|-heal|p1a: Sinistcha|57/100
|-heal|p1b: Incineroar|72/100
|move|p2a: Incineroar|Throat Chop|p1b: Incineroar
|-resisted|p1b: Incineroar|1
|-damage|p1b: Incineroar|64/100
|-start|p1b: Incineroar|Throat Chop|[silent]
|cant|p1b: Incineroar|flinch
|
|upkeep
|turn|7
|-message|jejsjw forfeited.
|raw|raksbach's rating: 1090 → 1110(+20 for winning)
|raw|jejsjw's rating: 1000 → 1000(+0 for losing)
|
|win|raksbach
