|j|☆yutaliban
|j|☆Imcat0926
|html|yutalibanImcat0926    
|uhtml|bestof|Game 2 of a best-of-3
|t:|1782298360
|gametype|doubles
|player|p1|yutaliban|1|1121
|player|p2|Imcat0926|266|1037
|gen|9
|tier|[Gen 9 Champions] VGC 2026 Reg M-B (Bo3)
|rated|
|rule|Species Clause: Limit one of each Pokémon
|rule|Item Clause: Limit 1 of each item
|clearpoke
|poke|p1|Aerodactyl, L50, F|
|poke|p1|Gholdengo, L50|
|poke|p1|Maushold, L50|
|poke|p1|Garchomp, L50, M|
|poke|p1|Kingambit, L50, F|
|poke|p1|Floette-Eternal, L50, F|
|poke|p2|Pyroar, L50, F|
|poke|p2|Sylveon, L50, F|
|poke|p2|Ninetales, L50, F|
|poke|p2|Whimsicott, L50, F|
|poke|p2|Farigiraf, L50, M|
|poke|p2|Milotic, L50, F|
|teampreview|4
|showteam|p1|Aerodactyl||Aerodactylite|RockHead|DualWingbeat,RockSlide,IceFang,Tailwind|Adamant||F|||50|]Gholdengo||LifeOrb|GoodasGold|ShadowBall,MakeItRain,NastyPlot,Protect|Modest|||||50|]Maushold||FocusSash|FriendGuard|FollowMe,SuperFang,Taunt,Protect|Jolly|||||50|]Garchomp||SitrusBerry|SandVeil|RockSlide,DragonClaw,Earthquake,Protect|Adamant||M|||50|]Kingambit||BlackGlasses|Defiant|KowtowCleave,LowKick,SuckerPunch,Protect|Adamant||F|||50|]Floette-Eternal||Floettite|FlowerVeil|EnergyBall,Moonblast,DazzlingGleam,Protect|Modest||F|||50|
|showteam|p2|Pyroar||Pyroarite|Unnerve|HeatWave,Overheat,SolarBeam,Protect|Timid||F|||50|]Sylveon||FairyFeather|Pixilate|HyperBeam,HyperVoice,QuickAttack,Detect|Modest||F|||50|]Ninetales||ChoiceScarf|Drought|HeatWave,Overheat,EnergyBall,FakeTears|Modest||F|||50|]Whimsicott||FocusSash|Prankster|Tailwind,SunnyDay,Moonblast,Protect|Timid||F|||50|]Farigiraf||SitrusBerry|ArmorTail|Thunderbolt,GrassKnot,TwinBeam,HelpingHand|Bold||M|||50|]Milotic||LifeOrb|Competitive|Scald,WeatherBall,DrainingKiss,Protect|Timid||F|||50|
|
|t:|1782298403
|teamsize|p1|4
|teamsize|p2|4
|start
|switch|p1a: Maushold|Maushold, L50|100/100
|switch|p1b: Aerodactyl|Aerodactyl, L50, F|100/100
|switch|p2a: Sylveon|Sylveon, L50, F|100/100
|switch|p2b: Whimsicott|Whimsicott, L50, F|100/100
|turn|1
|
|t:|1782298442
|move|p1a: Maushold|Follow Me|p1a: Maushold
|-singleturn|p1a: Maushold|move: Follow Me
|move|p2b: Whimsicott|Moonblast|p1a: Maushold
|-damage|p1a: Maushold|53/100
|move|p1b: Aerodactyl|Tailwind|p1b: Aerodactyl
|-sidestart|p1: yutaliban|move: Tailwind
|move|p2a: Sylveon|Hyper Voice|p1b: Aerodactyl|[spread] p1a,p1b
|-damage|p1a: Maushold|0 fnt
|-damage|p1b: Aerodactyl|52/100
|faint|p1a: Maushold
|
|upkeep
|
|t:|1782298453
|switch|p1a: Gholdengo|Gholdengo, L50|100/100
|turn|2
|
|t:|1782298471
|switch|p1b: Garchomp|Garchomp, L50, M|100/100
|move|p2a: Sylveon|Detect|p2a: Sylveon
|-singleturn|p2a: Sylveon|Protect
|move|p2b: Whimsicott|Tailwind|p2b: Whimsicott
|-sidestart|p2: Imcat0926|move: Tailwind
|move|p1a: Gholdengo|Make It Rain|p2a: Sylveon|[spread] p2b
|-activate|p2a: Sylveon|move: Protect
|-supereffective|p2b: Whimsicott|1
|-enditem|p2b: Whimsicott|Focus Sash
|-damage|p2b: Whimsicott|1/100
|-unboost|p1a: Gholdengo|spa|2
|-damage|p1a: Gholdengo|90/100|[from] item: Life Orb
|
|upkeep
|turn|3
|
|t:|1782298504
|move|p2b: Whimsicott|Moonblast|p1a: Gholdengo
|-resisted|p1a: Gholdengo|1
|-damage|p1a: Gholdengo|73/100
|move|p1b: Garchomp|Rock Slide|p2a: Sylveon|[spread] p2a,p2b
|-damage|p2a: Sylveon|69/100
|-damage|p2b: Whimsicott|0 fnt
|faint|p2b: Whimsicott
|move|p1a: Gholdengo|Make It Rain|p2a: Sylveon
|-supereffective|p2a: Sylveon|1
|-damage|p2a: Sylveon|8/100
|-unboost|p1a: Gholdengo|spa|2
|-damage|p1a: Gholdengo|63/100|[from] item: Life Orb
|move|p2a: Sylveon|Hyper Voice|p1a: Gholdengo|[spread] p1a,p1b
|-resisted|p1a: Gholdengo|1
|-supereffective|p1b: Garchomp|1
|-damage|p1a: Gholdengo|41/100
|-damage|p1b: Garchomp|0 fnt
|faint|p1b: Garchomp
|
|upkeep
|
|t:|1782298525
|switch|p2b: Ninetales|Ninetales, L50, F|100/100
|switch|p1b: Aerodactyl|Aerodactyl, L50, F|52/100
|-weather|SunnyDay|[from] ability: Drought|[of] p2b: Ninetales
|turn|4
|
|t:|1782298540
|detailschange|p1b: Aerodactyl|Aerodactyl-Mega, L50, F
|-mega|p1b: Aerodactyl|Aerodactyl|Aerodactylite
|move|p1a: Gholdengo|Protect|p1a: Gholdengo
|-singleturn|p1a: Gholdengo|Protect
|move|p2a: Sylveon|Detect|p2a: Sylveon
|-singleturn|p2a: Sylveon|Protect
|move|p2b: Ninetales|Heat Wave|p1a: Gholdengo|[spread] p1b
|-activate|p1a: Gholdengo|move: Protect
|-resisted|p1b: Aerodactyl|1
|-damage|p1b: Aerodactyl|30/100
|move|p1b: Aerodactyl|Rock Slide|p2b: Ninetales|[spread] p2b
|-activate|p2a: Sylveon|move: Protect
|-supereffective|p2b: Ninetales|1
|-damage|p2b: Ninetales|18/100
|
|-weather|SunnyDay|[upkeep]
|-sideend|p1: yutaliban|move: Tailwind
|upkeep
|turn|5
|
|t:|1782298561
|move|p1a: Gholdengo|Protect||[still]
|-fail|p1a: Gholdengo
|move|p2b: Ninetales|Heat Wave|p1a: Gholdengo|[spread] p1a,p1b
|-supereffective|p1a: Gholdengo|1
|-resisted|p1b: Aerodactyl|1
|-damage|p1a: Gholdengo|0 fnt
|-damage|p1b: Aerodactyl|8/100
|faint|p1a: Gholdengo
|move|p2a: Sylveon|Hyper Voice|p1b: Aerodactyl
|-damage|p1b: Aerodactyl|0 fnt
|faint|p1b: Aerodactyl
|
|win|Imcat0926
||yutaliban is ready for game 3.
|inactive|Imcat0926 has 30 seconds to confirm battle start!
||Imcat0926 is ready for game 3.
|uhtml|next|Next: Game 3 of 3
