|j|☆Slyfox128
|j|☆Mr.Coffee.Kat
|html|Slyfox128Mr.Coffee.Kat    
|uhtml|bestof|Game 1 of a best-of-3
|t:|1757159719
|gametype|doubles
|player|p1|Slyfox128|caitlin|1095
|player|p2|Mr.Coffee.Kat|rei|1000
|gen|9
|tier|[Gen 9] VGC 2025 Reg H (Bo3)
|rated|
|rule|Species Clause: Limit one of each Pokémon
|rule|Item Clause: Limit 1 of each item
|clearpoke
|poke|p1|Dragapult, L50, F|
|poke|p1|Ninetales-Alola, L50, F|
|poke|p1|Lucario, L50, M|
|poke|p1|Glimmora, L50, F|
|poke|p1|Talonflame, L50, F|
|poke|p1|Incineroar, L50, M|
|poke|p2|Charizard, L50, F|
|poke|p2|Torkoal, L50, F|
|poke|p2|Porygon2, L50|
|poke|p2|Incineroar, L50, M|
|poke|p2|Jumpluff, L50, F|
|poke|p2|Ursaluna, L50, F|
|teampreview|4
|showteam|p1|Dragapult||ChoiceBand|ClearBody|DragonDarts,DragonClaw,TeraBlast,Uturn|||F|||50|,,,,,Ghost]Ninetales-Alola||CovertCloak|SnowWarning|AuroraVeil,Protect,Moonblast,Blizzard|||F|||50|,,,,,Water]Lucario||LifeOrb|InnerFocus|AuraSphere,FlashCannon,Protect,DarkPulse|||M|||50|,,,,,Dark]Glimmora||PowerHerb|ToxicDebris|MeteorBeam,SpikyShield,SludgeWave,EarthPower|||F|||50|,,,,,Ground]Talonflame||FocusSash|GaleWings|Tailwind,BraveBird,Protect,FlareBlitz|||F|||50|,,,,,Dark]Incineroar||SafetyGoggles|Intimidate|KnockOff,PartingShot,Taunt,FakeOut|||M|||50|,,,,,Water
|showteam|p2|Charizard||ChoiceSpecs|SolarPower|HeatWave,Overheat,WeatherBall,AirSlash|||F|||50|,,,,,Ghost]Torkoal||EjectPack|Drought|Eruption,Overheat,HelpingHand,Protect|||F|||50|,,,,,Fire]Porygon2||Eviolite|Download|TeraBlast,IceBeam,Recover,TrickRoom||||||50|,,,,,Fighting]Incineroar||SitrusBerry|Intimidate|FlareBlitz,KnockOff,FakeOut,PartingShot|||M|||50|,,,,,Ghost]Jumpluff||CovertCloak|Chlorophyll|SleepPowder,SunnyDay,RagePowder,Tailwind|||F|||50|,,,,,Water]Ursaluna||FlameOrb|Guts|HeadlongRush,Facade,Earthquake,Protect|||F|||50|,,,,,Ghost
|inactive|Battle timer is ON: inactive players will automatically lose when time's up. (requested by Slyfox128)
|inactive|Slyfox128 has 60 seconds left.
|inactive|Mr.Coffee.Kat has 60 seconds left.
|
|t:|1757159775
|teamsize|p1|4
|teamsize|p2|4
|start
|switch|p1a: Incineroar|Incineroar, L50, M|100/100
|switch|p1b: Lucario|Lucario, L50, M|100/100
|switch|p2a: Incineroar|Incineroar, L50, M|100/100
|switch|p2b: Porygon2|Porygon2, L50|100/100
|-ability|p2a: Incineroar|Intimidate|boost
|-unboost|p1a: Incineroar|atk|1
|-fail|p1b: Lucario|unboost|Attack|[from] ability: Inner Focus|[of] p1b: Lucario
|-ability|p1a: Incineroar|Intimidate|boost
|-unboost|p2a: Incineroar|atk|1
|-unboost|p2b: Porygon2|atk|1
|-ability|p2b: Porygon2|Download|boost
|-boost|p2b: Porygon2|atk|1
|turn|1
|inactive|Slyfox128 has 30 seconds left.
|inactive|Mr.Coffee.Kat has 30 seconds left.
|inactive|Mr.Coffee.Kat has 20 seconds left.
|inactive|Mr.Coffee.Kat has 15 seconds left.
|
|t:|1757159819
|move|p1a: Incineroar|Fake Out|p2b: Porygon2
|-damage|p2b: Porygon2|95/100
|move|p1b: Lucario|Aura Sphere|p2b: Porygon2
|-supereffective|p2b: Porygon2
|-damage|p2b: Porygon2|18/100
|-damage|p1b: Lucario|91/100|[from] item: Life Orb
|move|p2a: Incineroar|Flare Blitz|p1b: Lucario
|-supereffective|p1b: Lucario
|-damage|p1b: Lucario|0 fnt
|faint|p1b: Lucario
|-damage|p2a: Incineroar|79/100|[from] Recoil
|cant|p2b: Porygon2|flinch
|
|upkeep
|inactive|Slyfox128 has 30 seconds left.
|
|t:|1757159844
|switch|p1b: Ninetales|Ninetales-Alola, L50, F|100/100
|-weather|Snowscape|[from] ability: Snow Warning|[of] p1b: Ninetales
|turn|2
|
|t:|1757159864
|switch|p2a: Torkoal|Torkoal, L50, F|100/100
|-weather|SunnyDay|[from] ability: Drought|[of] p2a: Torkoal
|move|p1b: Ninetales|Aurora Veil||[still]
|-fail|p1b: Ninetales
|move|p1a: Incineroar|Knock Off|p2b: Porygon2
|-damage|p2b: Porygon2|0 fnt
|-enditem|p2b: Porygon2|Eviolite|[from] move: Knock Off|[of] p1a: Incineroar
|faint|p2b: Porygon2
|
|-weather|SunnyDay|[upkeep]
|upkeep
|
|t:|1757159875
|switch|p2b: Incineroar|Incineroar, L50, M|79/100
|-ability|p2b: Incineroar|Intimidate|boost
|-unboost|p1a: Incineroar|atk|1
|-unboost|p1b: Ninetales|atk|1
|turn|3
|inactive|Slyfox128 has 30 seconds left.
|inactive|Slyfox128 has 20 seconds left.
|inactive|Slyfox128 has 15 seconds left.
|inactive|Slyfox128 has 10 seconds left.
|
|t:|1757159923
|switch|p1b: Glimmora|Glimmora, L50, F|100/100
|-terastallize|p2a: Torkoal|Fire
|move|p2b: Incineroar|Fake Out|p1a: Incineroar
|-damage|p1a: Incineroar|89/100
|cant|p1a: Incineroar|flinch
|move|p2a: Torkoal|Eruption|p1b: Glimmora|[spread] p1a,p1b
|-resisted|p1a: Incineroar
|-resisted|p1b: Glimmora
|-damage|p1a: Incineroar|51/100
|-damage|p1b: Glimmora|35/100
|
|-weather|SunnyDay|[upkeep]
|upkeep
|turn|4
|
|t:|1757159940
|move|p2a: Torkoal|Protect|p2a: Torkoal
|-singleturn|p2a: Torkoal|Protect
|move|p1b: Glimmora|Meteor Beam||[still]
|-prepare|p1b: Glimmora|Meteor Beam
|-boost|p1b: Glimmora|spa|1
|-enditem|p1b: Glimmora|Power Herb
|-anim|p1b: Glimmora|Meteor Beam|p2b: Incineroar
|-supereffective|p2b: Incineroar
|-damage|p2b: Incineroar|0 fnt
|faint|p2b: Incineroar
|move|p1a: Incineroar|Parting Shot|p2a: Torkoal
|-activate|p2a: Torkoal|move: Protect
|
|-weather|SunnyDay|[upkeep]
|upkeep
|
|t:|1757159952
|switch|p2b: Ursaluna|Ursaluna, L50, F|100/100
|turn|5
|
|t:|1757159975
|-terastallize|p1b: Glimmora|Ground
|move|p1b: Glimmora|Earth Power|p2a: Torkoal
|-supereffective|p2a: Torkoal
|-damage|p2a: Torkoal|0 fnt
|faint|p2a: Torkoal
|move|p2b: Ursaluna|Headlong Rush|p1b: Glimmora
|-damage|p1b: Glimmora|0 fnt
|-unboost|p2b: Ursaluna|def|1
|-unboost|p2b: Ursaluna|spd|1
|-activate|p1b: Glimmora|ability: Toxic Debris
|-sidestart|p2: Mr.Coffee.Kat|move: Toxic Spikes
|faint|p1b: Glimmora
|move|p1a: Incineroar|Parting Shot|p2b: Ursaluna
|-unboost|p2b: Ursaluna|atk|1
|-unboost|p2b: Ursaluna|spa|1
|
|t:|1757159982
|switch|p1a: Ninetales|Ninetales-Alola, L50, F|100/100|[from] Parting Shot
|-weather|Snowscape|[from] ability: Snow Warning|[of] p1a: Ninetales
|
|-weather|Snowscape|[upkeep]
|-status|p2b: Ursaluna|brn|[from] item: Flame Orb
|upkeep
|
|t:|1757159984
|switch|p1b: Incineroar|Incineroar, L50, M|51/100
|-ability|p1b: Incineroar|Intimidate|boost
|-unboost|p2b: Ursaluna|atk|1
|turn|6
|
|t:|1757159998
|move|p1b: Incineroar|Fake Out|p2b: Ursaluna
|-crit|p2b: Ursaluna
|-damage|p2b: Ursaluna|80/100 brn
|move|p1a: Ninetales|Aurora Veil|p1a: Ninetales
|-sidestart|p1: Slyfox128|move: Aurora Veil
|cant|p2b: Ursaluna|flinch
|
|-weather|Snowscape|[upkeep]
|-damage|p2b: Ursaluna|74/100 brn|[from] brn
|upkeep
|turn|7
|
|t:|1757160017
|move|p1a: Ninetales|Blizzard|p2b: Ursaluna
|-supereffective|p2b: Ursaluna
|-damage|p2b: Ursaluna|0 fnt
|faint|p2b: Ursaluna
|
|win|Slyfox128
||Slyfox128 is ready for game 2.
||Mr.Coffee.Kat is ready for game 2.
|uhtml|next|Next: Game 2 of 3
|l|☆Mr.Coffee.Kat
|player|p2|
