|j|☆Joriot
|j|☆Mrlotobvious
|html|JoriotMrlotobvious    
|uhtml|bestof|Game 3 of a best-of-3
|t:|1785763320
|gametype|doubles
|player|p1|Joriot|falkner|1184
|player|p2|Mrlotobvious|swimmer-gen4dp|1106
|gen|9
|tier|[Gen 9 Champions] VGC 2026 Reg M-B (Bo3)
|rated|
|rule|Species Clause: Limit one of each Pokémon
|rule|Item Clause: Limit 1 of each item
|clearpoke
|poke|p1|Staraptor, L50, M|
|poke|p1|Arcanine-Hisui, L50, M|
|poke|p1|Kingambit, L50, F|
|poke|p1|Raichu, L50, F|
|poke|p1|Farigiraf, L50, F|
|poke|p1|Sylveon, L50, M|
|poke|p2|Charizard, L50, M|
|poke|p2|Venusaur, L50, M|
|poke|p2|Rotom-Wash, L50|
|poke|p2|Gliscor, L50, F|
|poke|p2|Kingambit, L50, M|
|poke|p2|Arcanine-Hisui, L50, M|
|teampreview|4
|showteam|p1|Staraptor||Staraptite|Intimidate|DualWingbeat,CloseCombat,Tailwind,Protect|Jolly||M|||50|]Arcanine-Hisui||FocusSash|RockHead|FlareBlitz,HeadSmash,ExtremeSpeed,Protect|Jolly||M|||50|]Kingambit||LifeOrb|Defiant|KowtowCleave,SuckerPunch,SwordsDance,Protect|Adamant||F|||50|]Raichu||RaichuniteY|LightningRod|ZapCannon,FocusBlast,FakeOut,Protect|Timid||F|||50|]Farigiraf||SitrusBerry|ArmorTail|Psychic,HelpingHand,TrickRoom,Protect|Calm||F|||50|]Sylveon||FairyFeather|Pixilate|HyperVoice,HyperBeam,QuickAttack,Detect|Modest||M|||50|
|showteam|p2|Charizard||CharizarditeY|Blaze|HeatWave,WeatherBall,SolarBeam,Protect|Calm||M|||50|]Venusaur||Leftovers|Chlorophyll|SunnyDay,EarthPower,SolarBeam,SludgeBomb|Modest||M|||50|]Rotom-Wash||QuickClaw|Levitate|HydroPump,VoltSwitch,Electroweb,ShadowBall|Timid|||||50|]Gliscor||FocusSash|HyperCutter|HighHorsepower,RockSlide,Tailwind,DualWingbeat|Adamant||F|||50|]Kingambit||ExpertBelt|Defiant|KowtowCleave,IronHead,SwordsDance,SuckerPunch|Jolly||M|||50|]Arcanine-Hisui||LifeOrb|RockHead|HeadSmash,FlareBlitz,Outrage,SolarBeam|Adamant||M|||50|
|
|t:|1785763366
|teamsize|p1|4
|teamsize|p2|4
|start
|switch|p1a: Farigiraf|Farigiraf, L50, F|100/100
|switch|p1b: Arcanine|Arcanine-Hisui, L50, M|100/100
|switch|p2a: Charizard|Charizard, L50, M|100/100
|switch|p2b: Venusaur|Venusaur, L50, M|100/100
|turn|1
|
|t:|1785763396
|detailschange|p2a: Charizard|Charizard-Mega-Y, L50, M
|-mega|p2a: Charizard|Charizard|Charizardite Y
|-weather|SunnyDay|[from] ability: Drought|[of] p2a: Charizard
|move|p2a: Charizard|Protect|p2a: Charizard
|-singleturn|p2a: Charizard|Protect
|move|p2b: Venusaur|Earth Power|p1b: Arcanine
|-supereffective|p1b: Arcanine|2
|-enditem|p1b: Arcanine|Focus Sash
|-damage|p1b: Arcanine|1/100
|move|p1b: Arcanine|Flare Blitz|p2b: Venusaur
|-supereffective|p2b: Venusaur|1
|-damage|p2b: Venusaur|0 fnt
|faint|p2b: Venusaur
|move|p1a: Farigiraf|Trick Room|p1a: Farigiraf
|-fieldstart|move: Trick Room|[of] p1a: Farigiraf
|
|-weather|SunnyDay|[upkeep]
|upkeep
|
|t:|1785763414
|switch|p2b: Gliscor|Gliscor, L50, F|100/100
|turn|2
|
|t:|1785763438
|move|p1a: Farigiraf|Protect|p1a: Farigiraf
|-singleturn|p1a: Farigiraf|Protect
|move|p1b: Arcanine|Extreme Speed|p2a: Charizard
|-damage|p2a: Charizard|70/100
|move|p2b: Gliscor|Rock Slide|p1b: Arcanine|[spread] 
|-activate|p1a: Farigiraf|move: Protect
|-miss|p2b: Gliscor|p1b: Arcanine
|move|p2a: Charizard|Heat Wave|p1b: Arcanine|[spread] p1b
|-activate|p1a: Farigiraf|move: Protect
|-resisted|p1b: Arcanine|2
|-crit|p1b: Arcanine
|-damage|p1b: Arcanine|0 fnt
|faint|p1b: Arcanine
|
|-weather|SunnyDay|[upkeep]
|upkeep
|
|t:|1785763453
|switch|p1b: Kingambit|Kingambit, L50, F|100/100
|turn|3
|
|t:|1785763464
|move|p1a: Farigiraf|Psychic|p2a: Charizard
|-damage|p2a: Charizard|41/100
|move|p1b: Kingambit|Kowtow Cleave|p2a: Charizard
|-damage|p2a: Charizard|0 fnt
|faint|p2a: Charizard
|-damage|p1b: Kingambit|90/100|[from] item: Life Orb
|move|p2b: Gliscor|High Horsepower|p1b: Kingambit
|-supereffective|p1b: Kingambit|1
|-damage|p1b: Kingambit|31/100
|
|-weather|SunnyDay|[upkeep]
|upkeep
|
|t:|1785763476
|switch|p2a: Arcanine|Arcanine-Hisui, L50, M|100/100
|turn|4
|
|t:|1785763495
|move|p1a: Farigiraf|Psychic|p2b: Gliscor
|-damage|p2b: Gliscor|63/100
|-unboost|p2b: Gliscor|spd|1
|move|p1b: Kingambit|Kowtow Cleave|p2b: Gliscor
|-damage|p2b: Gliscor|15/100
|-damage|p1b: Kingambit|21/100|[from] item: Life Orb
|move|p2a: Arcanine|Flare Blitz|p1b: Kingambit
|-supereffective|p1b: Kingambit|1
|-damage|p1b: Kingambit|0 fnt
|faint|p1b: Kingambit
|-damage|p2a: Arcanine|90/100|[from] item: Life Orb
|move|p2b: Gliscor|High Horsepower|p1a: Farigiraf
|-damage|p1a: Farigiraf|67/100
|
|-weather|SunnyDay|[upkeep]
|upkeep
|
|t:|1785763504
|switch|p1b: Staraptor|Staraptor, L50, M|100/100
|-ability|p1b: Staraptor|Intimidate|boost
|-unboost|p2a: Arcanine|atk|1
|-fail|p2b: Gliscor|unboost|Attack|[from] ability: Hyper Cutter|[of] p2b: Gliscor
|turn|5
|
|t:|1785763538
|detailschange|p1b: Staraptor|Staraptor-Mega, L50, M
|-mega|p1b: Staraptor|Staraptor|Staraptite
|move|p1b: Staraptor|Protect|p1b: Staraptor
|-singleturn|p1b: Staraptor|Protect
|move|p1a: Farigiraf|Psychic|p2b: Gliscor
|-damage|p2b: Gliscor|0 fnt
|faint|p2b: Gliscor
|move|p2a: Arcanine|Head Smash|p1b: Staraptor
|-activate|p1b: Staraptor|move: Protect
|
|-weather|none
|-fieldend|move: Trick Room
|upkeep
|turn|6
|
|t:|1785763551
|move|p1a: Farigiraf|Helping Hand|p1b: Staraptor
|-singleturn|p1b: Staraptor|Helping Hand|[of] p1a: Farigiraf
|move|p1b: Staraptor|Close Combat|p2a: Arcanine
|-supereffective|p2a: Arcanine|1
|-damage|p2a: Arcanine|0 fnt
|-boost|p1b: Staraptor|def|1
|-boost|p1b: Staraptor|spd|1
|faint|p2a: Arcanine
|
|win|Joriot
|raw|Joriot's rating: 1184 → 1203(+19 for winning)
|raw|Mrlotobvious's rating: 1106 → 1087(-19 for losing)
