|j|☆0001110101k
|j|☆lox1sm
|html|0001110101klox1sm    
|uhtml|bestof|Game 2 of a best-of-3
|t:|1782312726
|gametype|doubles
|player|p1|0001110101k|janitor|1164
|player|p2|lox1sm|veteran|1145
|gen|9
|tier|[Gen 9 Champions] VGC 2026 Reg M-B (Bo3)
|rated|
|rule|Species Clause: Limit one of each Pokémon
|rule|Item Clause: Limit 1 of each item
|clearpoke
|poke|p1|Metagross, L50|
|poke|p1|Kingambit, L50, F|
|poke|p1|Ninetales-Alola, L50, F|
|poke|p1|Talonflame, L50, F|
|poke|p1|Kleavor, L50, F|
|poke|p1|Milotic, L50, M|
|poke|p2|Charizard, L50, F|
|poke|p2|Metagross, L50|
|poke|p2|Aerodactyl, L50, M|
|poke|p2|Garchomp, L50, M|
|poke|p2|Sylveon, L50, F|
|poke|p2|Kingambit, L50, M|
|teampreview|4
|showteam|p1|Metagross||Metagrossite|ClearBody|IronHead,PsychicFangs,BodyPress,Protect|Jolly|||||50|]Kingambit||BlackGlasses|Defiant|KowtowCleave,SuckerPunch,SwordsDance,Protect|Adamant||F|||50|]Ninetales-Alola||LightClay|SnowWarning|Blizzard,AuroraVeil,Encore,Protect|Timid||F|||50|]Talonflame||ChartiBerry|GaleWings|DualWingbeat,Tailwind,Taunt,QuickGuard|Jolly||F|||50|]Kleavor||FocusSash|Sharpness|StoneAxe,CloseCombat,Feint,Protect|Jolly||F|||50|]Milotic||Leftovers|Competitive|MuddyWater,Coil,Hypnosis,Protect|Bold||M|||50|
|showteam|p2|Charizard||CharizarditeY|Blaze|HeatWave,WeatherBall,SolarBeam,Protect|Modest||F|||50|]Metagross||Metagrossite|ClearBody|IronHead,PsychicFangs,StompingTantrum,Protect|Jolly|||||50|]Aerodactyl||SitrusBerry|Unnerve|RockSlide,IceFang,Tailwind,WideGuard|Jolly||M|||50|]Garchomp||LifeOrb|RoughSkin|DragonClaw,Earthquake,RockSlide,Protect|Jolly||M|||50|]Sylveon||FairyFeather|Pixilate|HyperVoice,HyperBeam,QuickAttack,Protect|Modest||F|||50|]Kingambit||FocusSash|Defiant|KowtowCleave,SuckerPunch,IronHead,LowKick|Adamant||M|||50|
|
|t:|1782312758
|teamsize|p1|4
|teamsize|p2|4
|start
|switch|p1a: Talonflame|Talonflame, L50, F|100/100
|switch|p1b: Kleavor|Kleavor, L50, F|100/100
|switch|p2a: Garchomp|Garchomp, L50, M|100/100
|switch|p2b: Metagross|Metagross, L50|100/100
|turn|1
|
|t:|1782312792
|detailschange|p2b: Metagross|Metagross-Mega, L50
|-mega|p2b: Metagross|Metagross|Metagrossite
|move|p1a: Talonflame|Tailwind|p1a: Talonflame
|-sidestart|p1: 0001110101k|move: Tailwind
|move|p1b: Kleavor|Stone Axe|p2b: Metagross
|-resisted|p2b: Metagross|1
|-damage|p2b: Metagross|81/100
|-sidestart|p2: lox1sm|move: Stealth Rock
|move|p2b: Metagross|Iron Head|p1b: Kleavor
|-supereffective|p1b: Kleavor|1
|-enditem|p1b: Kleavor|Focus Sash
|-damage|p1b: Kleavor|1/100
|move|p2a: Garchomp|Rock Slide|p1b: Kleavor|[spread] p1a,p1b
|-supereffective|p1a: Talonflame|2
|-enditem|p1a: Talonflame|Charti Berry|[eat]
|-enditem|p1a: Talonflame|Charti Berry|[weaken]
|-supereffective|p1b: Kleavor|1
|-damage|p1a: Talonflame|37/100
|-damage|p1b: Kleavor|0 fnt
|faint|p1b: Kleavor
|-damage|p2a: Garchomp|90/100|[from] item: Life Orb
|
|upkeep
|
|t:|1782312816
|switch|p1b: Kingambit|Kingambit, L50, F|100/100
|turn|2
|
|t:|1782312838
|switch|p2b: Aerodactyl|Aerodactyl, L50, M|100/100
|-ability|p2b: Aerodactyl|Unnerve
|-damage|p2b: Aerodactyl|75/100|[from] Stealth Rock
|move|p1b: Kingambit|Protect|p1b: Kingambit
|-singleturn|p1b: Kingambit|Protect
|move|p1a: Talonflame|Taunt|p2b: Aerodactyl
|-start|p2b: Aerodactyl|move: Taunt
|move|p2a: Garchomp|Earthquake|p1a: Talonflame|[spread] 
|-activate|p1b: Kingambit|move: Protect
|-immune|p2b: Aerodactyl
|-immune|p1a: Talonflame
|
|upkeep
|turn|3
|
|t:|1782312883
|move|p1a: Talonflame|Dual Wingbeat|p2a: Garchomp
|-damage|p2a: Garchomp|77/100
|-damage|p1a: Talonflame|25/100|[from] ability: Rough Skin|[of] p2a: Garchomp
|-damage|p2a: Garchomp|65/100
|-damage|p1a: Talonflame|13/100|[from] ability: Rough Skin|[of] p2a: Garchomp
|-hitcount|p2a: Garchomp|2
|move|p2b: Aerodactyl|Rock Slide|p1b: Kingambit|[spread] p1a,p1b
|-supereffective|p1a: Talonflame|2
|-resisted|p1b: Kingambit|1
|-damage|p1a: Talonflame|0 fnt
|-damage|p1b: Kingambit|92/100
|faint|p1a: Talonflame
|move|p2a: Garchomp|Earthquake|p1b: Kingambit|[spread] p1b
|-immune|p2b: Aerodactyl
|-supereffective|p1b: Kingambit|1
|-damage|p1b: Kingambit|16/100
|-damage|p2a: Garchomp|56/100|[from] item: Life Orb
|move|p1b: Kingambit|Swords Dance|p1b: Kingambit
|-boost|p1b: Kingambit|atk|2
|
|upkeep
|
|t:|1782312898
|switch|p1a: Metagross|Metagross, L50|100/100
|turn|4
|
|t:|1782312931
|detailschange|p1a: Metagross|Metagross-Mega, L50
|-mega|p1a: Metagross|Metagross|Metagrossite
|move|p1b: Kingambit|Sucker Punch|p2b: Aerodactyl
|-damage|p2b: Aerodactyl|0 fnt
|faint|p2b: Aerodactyl
|move|p1a: Metagross|Psychic Fangs|p2a: Garchomp
|-damage|p2a: Garchomp|0 fnt
|-damage|p1a: Metagross|87/100|[from] ability: Rough Skin|[of] p2a: Garchomp
|faint|p2a: Garchomp
|
|-sideend|p1: 0001110101k|move: Tailwind
|upkeep
|
|t:|1782312941
|switch|p2b: Kingambit|Kingambit, L50, M|100/100
|switch|p2a: Metagross|Metagross-Mega, L50|81/100
|-damage|p2a: Metagross|75/100|[from] Stealth Rock
|-damage|p2b: Kingambit|93/100|[from] Stealth Rock
|turn|5
|
|t:|1782312958
|move|p2a: Metagross|Protect|p2a: Metagross
|-singleturn|p2a: Metagross|Protect
|move|p2b: Kingambit|Sucker Punch|p1a: Metagross
|-supereffective|p1a: Metagross|1
|-damage|p1a: Metagross|21/100
|move|p1b: Kingambit|Sucker Punch||[still]
|-fail|p1b: Kingambit
|move|p1a: Metagross|Body Press|p2b: Kingambit
|-supereffective|p2b: Kingambit|2
|-damage|p2b: Kingambit|0 fnt
|faint|p2b: Kingambit
|
|upkeep
|turn|6
|
|t:|1782312982
|move|p1b: Kingambit|Sucker Punch|p2a: Metagross
|-supereffective|p2a: Metagross|1
|-damage|p2a: Metagross|0 fnt
|faint|p2a: Metagross
|
|win|0001110101k
|raw|0001110101k's rating: 1164 → 1188(+24 for winning)
|raw|lox1sm's rating: 1145 → 1121(-24 for losing)
|c|☆0001110101k|ggs
|l|☆lox1sm
|player|p2|
|j|☆lox1sm
|player|p2|lox1sm|veteran|
|l|☆0001110101k
|player|p1|
