|j|☆pinkeyt569
|j|☆Black-Templars40
|html|pinkeyt569Black-Templars40    
|uhtml|bestof|Game 1 of a best-of-3
|t:|1756605574
|gametype|doubles
|player|p1|pinkeyt569|266|1100
|player|p2|Black-Templars40|plasmagrunt-gen5bw|1000
|gen|9
|tier|[Gen 9] VGC 2025 Reg H (Bo3)
|rated|
|rule|Species Clause: Limit one of each Pokémon
|rule|Item Clause: Limit 1 of each item
|clearpoke
|poke|p1|Smeargle, L50, F|
|poke|p1|Dragonite, L50, F|
|poke|p1|Rillaboom, L50, M|
|poke|p1|Kingambit, L50, M|
|poke|p1|Flamigo, L50, M|
|poke|p1|Farigiraf, L50, M|
|poke|p2|Sinistcha, L50|
|poke|p2|Archaludon, L50, F|
|poke|p2|Pelipper, L50, F|
|poke|p2|Electabuzz, L50, F|
|poke|p2|Arcanine-Hisui, L50, M|
|poke|p2|Araquanid, L50, M|
|teampreview|4
|showteam|p1|Smeargle||FocusSash|Moody|WideGuard,FollowMe,Spore,Decorate|||F|||50|,,,,,Ghost]Dragonite||LoadedDice|Multiscale|Protect,Tailwind,Haze,ScaleShot|||F|||50|,,,,,Fairy]Rillaboom||AssaultVest|GrassySurge|FakeOut,GrassyGlide,WoodHammer,HighHorsepower|||M|||50|,,,,,Fire]Kingambit||BlackGlasses|Defiant|Protect,SuckerPunch,KowtowCleave,IronHead|||M|||50|,,,,,Ghost]Flamigo||WhiteHerb|Costar|Protect,Acrobatics,CloseCombat,ThroatChop|||M|||50|,,,,,Steel]Farigiraf||SitrusBerry|ArmorTail|HyperVoice,Psychic,Imprison,TrickRoom|||M|||50|,,,,,Fairy
|showteam|p2|Sinistcha||SitrusBerry|Hospitality|RagePowder,MatchaGotcha,Scald,Protect||||||50|,,,,,Water]Archaludon||AssaultVest|Stalwart|ElectroShot,FlashCannon,DragonPulse,AuraSphere|||F|||50|,,,,,Steel]Pelipper||FocusSash|Drizzle|Tailwind,Hurricane,Uturn,HydroPump|||F|||50|,,,,,Water]Electabuzz||Eviolite|VitalSpirit|FollowMe,BrickBreak,Electroweb,Taunt|||F|||50|,,,,,Ghost]Arcanine-Hisui||PasshoBerry|Intimidate|RockSlide,FlareBlitz,WildCharge,Protect|||M|||50|,,,,,Fairy]Araquanid||ClearAmulet|WaterBubble|LeechLife,Liquidation,Protect,Crunch|||M|||50|,,,,,Water
|c|☆Black-Templars40|glhf
|inactive|Battle timer is ON: inactive players will automatically lose when time's up. (requested by Black-Templars40)
|
|t:|1756605672
|teamsize|p1|4
|teamsize|p2|4
|start
|switch|p1a: Kingambit|Kingambit, L50, M|100/100
|switch|p1b: Rillaboom|Rillaboom, L50, M|100/100
|switch|p2a: Pelipper|Pelipper, L50, F|100/100
|switch|p2b: Archaludon|Archaludon, L50, F|100/100
|-fieldstart|move: Grassy Terrain|[from] ability: Grassy Surge|[of] p1b: Rillaboom
|-weather|RainDance|[from] ability: Drizzle|[of] p2a: Pelipper
|turn|1
|
|t:|1756605693
|move|p1b: Rillaboom|Fake Out|p2b: Archaludon
|-resisted|p2b: Archaludon
|-damage|p2b: Archaludon|95/100
|move|p2a: Pelipper|Tailwind|p2a: Pelipper
|-sidestart|p2: Black-Templars40|move: Tailwind
|cant|p2b: Archaludon|flinch
|move|p1a: Kingambit|Kowtow Cleave|p2a: Pelipper
|-damage|p2a: Pelipper|24/100
|
|-weather|RainDance|[upkeep]
|-heal|p2b: Archaludon|100/100|[from] Grassy Terrain
|upkeep
|turn|2
|inactive|pinkeyt569 has 30 seconds left.
|inactive|Black-Templars40 has 30 seconds left.
|inactive|pinkeyt569 has 20 seconds left.
|inactive|Black-Templars40 has 20 seconds left.
|
|t:|1756605732
|switch|p1a: Dragonite|Dragonite, L50, F|100/100
|move|p1b: Rillaboom|Grassy Glide|p2a: Pelipper
|-damage|p2a: Pelipper|0 fnt
|faint|p2a: Pelipper
|move|p2b: Archaludon|Electro Shot||[still]
|-prepare|p2b: Archaludon|Electro Shot
|-boost|p2b: Archaludon|spa|1
|-anim|p2b: Archaludon|Electro Shot|p1b: Rillaboom
|-resisted|p1b: Rillaboom
|-crit|p1b: Rillaboom
|-damage|p1b: Rillaboom|59/100
|
|-weather|RainDance|[upkeep]
|-heal|p1b: Rillaboom|65/100|[from] Grassy Terrain
|upkeep
|
|t:|1756605747
|switch|p2a: Arcanine|Arcanine-Hisui, L50, M|100/100
|-ability|p2a: Arcanine|Intimidate|boost
|-unboost|p1a: Dragonite|atk|1
|-unboost|p1b: Rillaboom|atk|1
|turn|3
|inactive|pinkeyt569 has 30 seconds left.
|
|t:|1756605782
|-terastallize|p1b: Rillaboom|Fire
|move|p2a: Arcanine|Rock Slide|p1a: Dragonite|[spread] p1a,p1b
|-supereffective|p1a: Dragonite
|-supereffective|p1b: Rillaboom
|-damage|p1a: Dragonite|70/100
|-damage|p1b: Rillaboom|16/100
|move|p2b: Archaludon|Dragon Pulse|p1a: Dragonite
|-supereffective|p1a: Dragonite
|-damage|p1a: Dragonite|0 fnt
|faint|p1a: Dragonite
|move|p1b: Rillaboom|High Horsepower|p2a: Arcanine
|-supereffective|p2a: Arcanine
|-damage|p2a: Arcanine|0 fnt
|faint|p2a: Arcanine
|
|-weather|RainDance|[upkeep]
|-heal|p1b: Rillaboom|22/100|[from] Grassy Terrain
|upkeep
|
|t:|1756605796
|switch|p2a: Electabuzz|Electabuzz, L50, F|100/100
|switch|p1a: Kingambit|Kingambit, L50, M|100/100
|turn|4
|
|t:|1756605815
|move|p1a: Kingambit|Protect|p1a: Kingambit
|-singleturn|p1a: Kingambit|Protect
|move|p1b: Rillaboom|Grassy Glide|p2a: Electabuzz
|-damage|p2a: Electabuzz|71/100
|move|p2a: Electabuzz|Electroweb|p1a: Kingambit|[spread] p1b
|-activate|p1a: Kingambit|move: Protect
|-damage|p1b: Rillaboom|11/100
|-unboost|p1b: Rillaboom|spe|1
|move|p2b: Archaludon|Electro Shot||[still]
|-prepare|p2b: Archaludon|Electro Shot
|-boost|p2b: Archaludon|spa|1
|-anim|p2b: Archaludon|Electro Shot|p1b: Rillaboom
|-damage|p1b: Rillaboom|0 fnt
|faint|p1b: Rillaboom
|
|-weather|RainDance|[upkeep]
|-heal|p2a: Electabuzz|77/100|[from] Grassy Terrain
|-sideend|p2: Black-Templars40|move: Tailwind
|upkeep
|
|t:|1756605823
|switch|p1b: Flamigo|Flamigo, L50, M|100/100
|-copyboost|p1b: Flamigo|p1a: Kingambit|[from] ability: Costar
|turn|5
|
|t:|1756605843
|move|p1b: Flamigo|Protect|p1b: Flamigo
|-singleturn|p1b: Flamigo|Protect
|move|p2a: Electabuzz|Follow Me|p2a: Electabuzz
|-singleturn|p2a: Electabuzz|move: Follow Me
|move|p2b: Archaludon|Aura Sphere|p1a: Kingambit
|-supereffective|p1a: Kingambit
|-damage|p1a: Kingambit|0 fnt
|faint|p1a: Kingambit
|
|-weather|none
|-heal|p2a: Electabuzz|82/100|[from] Grassy Terrain
|-fieldend|move: Grassy Terrain
|upkeep
|turn|6
|
|t:|1756605862
|move|p2a: Electabuzz|Electroweb|p1b: Flamigo
|-supereffective|p1b: Flamigo
|-damage|p1b: Flamigo|38/100
|-unboost|p1b: Flamigo|spe|1
|-enditem|p1b: Flamigo|White Herb
|-clearnegativeboost|p1b: Flamigo|[silent]
|move|p1b: Flamigo|Close Combat|p2b: Archaludon
|-supereffective|p2b: Archaludon
|-damage|p2b: Archaludon|0 fnt
|-unboost|p1b: Flamigo|def|1
|-unboost|p1b: Flamigo|spd|1
|faint|p2b: Archaludon
|
|upkeep
|turn|7
|
|t:|1756605875
|move|p2a: Electabuzz|Electroweb|p1b: Flamigo
|-supereffective|p1b: Flamigo
|-damage|p1b: Flamigo|0 fnt
|faint|p1b: Flamigo
|
|win|Black-Templars40
||pinkeyt569 is ready for game 2.
||Black-Templars40 is ready for game 2.
|uhtml|next|Next: Game 2 of 3
|l|☆Black-Templars40
|player|p2|
