|j|☆mejuke
|j|☆Oreo_Stars
|html|mejukeOreo_Stars    
|uhtml|bestof|Game 2 of a best-of-3
|t:|1757738722
|gametype|doubles
|player|p1|mejuke|lady-gen4|1124
|player|p2|Oreo_Stars|169|1117
|gen|9
|tier|[Gen 9] VGC 2025 Reg H (Bo3)
|rated|
|rule|Species Clause: Limit one of each Pokémon
|rule|Item Clause: Limit 1 of each item
|clearpoke
|poke|p1|Primarina, L50, M|
|poke|p1|Whimsicott, L50, F|
|poke|p1|Farigiraf, L50, F|
|poke|p1|Ursaluna-Bloodmoon, L50, M|
|poke|p1|Amoonguss, L50, F|
|poke|p1|Annihilape, L50, M|
|poke|p2|Archaludon, L50, M|
|poke|p2|Pelipper, L50, F|
|poke|p2|Basculegion, L50, M|
|poke|p2|Incineroar, L50, M|
|poke|p2|Amoonguss, L50, F|
|poke|p2|Gholdengo, L50|
|teampreview|4
|showteam|p1|Primarina||ChoiceSpecs|LiquidVoice|HyperVoice,Moonblast,FlipTurn,IceBeam|||M|||50|,,,,,Poison]Whimsicott||CovertCloak|Prankster|Tailwind,BeatUp,Moonblast,Encore|||F|||50|,,,,,Dark]Farigiraf||ThroatSpray|ArmorTail|TrickRoom,HyperVoice,Psychic,Protect|||F|||50|,,,,,Fairy]Ursaluna-Bloodmoon||LifeOrb|MindsEye|BloodMoon,HyperVoice,EarthPower,Protect|||M|||50|,,,,,Normal]Amoonguss||SitrusBerry|Regenerator|Spore,RagePowder,PollenPuff,Protect|||F|||50|,,,,,Water]Annihilape||AssaultVest|Defiant|RageFist,CloseCombat,DrainPunch,Uturn|||M|||50|,,,,,Steel
|showteam|p2|Archaludon||AssaultVest|Stamina|ElectroShot,DracoMeteor,FlashCannon,BodyPress|||M|||50|,,,,,Grass]Pelipper||CovertCloak|Drizzle|Tailwind,Hurricane,WeatherBall,Protect|||F|||50|,,,,,Ground]Basculegion||LoadedDice|SwiftSwim|Protect,LastRespects,WaveCrash,ScaleShot|||M|||50|,,,,,Fairy]Incineroar||SafetyGoggles|Intimidate|FakeOut,KnockOff,PartingShot,Substitute|||M|||50|,,,,,Ghost]Amoonguss||SitrusBerry|Regenerator|Spore,PollenPuff,RagePowder,Protect|||F|||50|,,,,,Psychic]Gholdengo||ChoiceSpecs|GoodasGold|MakeItRain,ShadowBall,Thunder,SteelBeam||||||50|,,,,,Steel
|inactive|Battle timer is ON: inactive players will automatically lose when time's up. (requested by Oreo_Stars)
|
|t:|1757738745
|teamsize|p1|4
|teamsize|p2|4
|start
|switch|p1a: Ursaluna|Ursaluna-Bloodmoon, L50, M|100/100
|switch|p1b: Whimsicott|Whimsicott, L50, F|100/100
|switch|p2a: Pelipper|Pelipper, L50, F|100/100
|switch|p2b: Archaludon|Archaludon, L50, M|100/100
|-weather|RainDance|[from] ability: Drizzle|[of] p2a: Pelipper
|turn|1
|
|t:|1757738759
|-terastallize|p2b: Archaludon|Grass
|-terastallize|p1a: Ursaluna|Normal
|move|p1b: Whimsicott|Tailwind|p1b: Whimsicott
|-sidestart|p1: mejuke|move: Tailwind
|move|p1a: Ursaluna|Hyper Voice|p2b: Archaludon|[spread] p2a,p2b
|-damage|p2a: Pelipper|0 fnt
|-damage|p2b: Archaludon|52/100
|-ability|p2b: Archaludon|Stamina|boost
|-boost|p2b: Archaludon|def|1
|faint|p2a: Pelipper
|-damage|p1a: Ursaluna|91/100|[from] item: Life Orb
|move|p2b: Archaludon|Electro Shot||[still]
|-prepare|p2b: Archaludon|Electro Shot
|-boost|p2b: Archaludon|spa|1
|-anim|p2b: Archaludon|Electro Shot|p1b: Whimsicott
|-resisted|p1b: Whimsicott
|-damage|p1b: Whimsicott|60/100
|
|-weather|RainDance|[upkeep]
|upkeep
|
|t:|1757738762
|switch|p2a: Amoonguss|Amoonguss, L50, F|100/100
|turn|2
|
|t:|1757738777
|move|p1b: Whimsicott|Moonblast|p2b: Archaludon
|-damage|p2b: Archaludon|31/100
|-ability|p2b: Archaludon|Stamina|boost
|-boost|p2b: Archaludon|def|1
|move|p1a: Ursaluna|Hyper Voice|p2a: Amoonguss|[spread] p2a,p2b
|-damage|p2a: Amoonguss|39/100
|-damage|p2b: Archaludon|0 fnt
|-enditem|p2a: Amoonguss|Sitrus Berry|[eat]
|-heal|p2a: Amoonguss|64/100|[from] item: Sitrus Berry
|faint|p2b: Archaludon
|-damage|p1a: Ursaluna|81/100|[from] item: Life Orb
|move|p2a: Amoonguss|Spore|p1a: Ursaluna
|-status|p1a: Ursaluna|slp|[from] move: Spore
|
|-weather|RainDance|[upkeep]
|upkeep
|
|t:|1757738780
|switch|p2b: Gholdengo|Gholdengo, L50|100/100
|turn|3
|
|t:|1757738800
|move|p1b: Whimsicott|Encore|p2a: Amoonguss
|-start|p2a: Amoonguss|Encore
|cant|p1a: Ursaluna|slp
|move|p2b: Gholdengo|Make It Rain|p1a: Ursaluna|[spread] p1a,p1b
|-supereffective|p1b: Whimsicott
|-damage|p1a: Ursaluna|0 fnt
|-damage|p1b: Whimsicott|0 fnt
|-unboost|p2b: Gholdengo|spa|1
|faint|p1a: Ursaluna
|faint|p1b: Whimsicott
|move|p2a: Amoonguss|Spore|p1: Ursaluna|[notarget]
|-fail|p2a: Amoonguss
|
|-weather|RainDance|[upkeep]
|upkeep
|
|t:|1757738808
|switch|p1b: Primarina|Primarina, L50, M|100/100
|switch|p1a: Farigiraf|Farigiraf, L50, F|100/100
|turn|4
|
|t:|1757738818
|move|p1b: Primarina|Hyper Voice|p2b: Gholdengo|[spread] p2a,p2b
|-resisted|p2a: Amoonguss
|-damage|p2a: Amoonguss|27/100
|-damage|p2b: Gholdengo|10/100
|move|p1a: Farigiraf|Psychic|p2a: Amoonguss
|-supereffective|p2a: Amoonguss
|-damage|p2a: Amoonguss|0 fnt
|faint|p2a: Amoonguss
|move|p2b: Gholdengo|Make It Rain|p1b: Primarina|[spread] p1a,p1b
|-damage|p1a: Farigiraf|56/100
|-damage|p1b: Primarina|54/100
|-unboost|p2b: Gholdengo|spa|1
|
|-weather|RainDance|[upkeep]
|-sideend|p1: mejuke|move: Tailwind
|upkeep
|turn|5
|
|t:|1757738830
|move|p2b: Gholdengo|Make It Rain|p1a: Farigiraf|[spread] p1a,p1b
|-damage|p1a: Farigiraf|18/100
|-damage|p1b: Primarina|23/100
|-unboost|p2b: Gholdengo|spa|1
|move|p1b: Primarina|Hyper Voice|p2b: Gholdengo
|-damage|p2b: Gholdengo|0 fnt
|faint|p2b: Gholdengo
|
|win|mejuke
||mejuke is ready for game 3.
|inactive|Oreo_Stars has 30 seconds to confirm battle start!
|inactive|Oreo_Stars has 19 seconds to confirm battle start!
||Oreo_Stars is ready for game 3.
|uhtml|next|Next: Game 3 of 3
|l|☆mejuke
|player|p1|
|l|☆Oreo_Stars
|player|p2|
