|j|☆magic 561
|j|☆Ronansting
|html|magic 561Ronansting    
|uhtml|bestof|Game 2 of a best-of-3
|t:|1755668820
|gametype|doubles
|player|p1|magic 561|101|1361
|player|p2|Ronansting|baker|1557
|gen|9
|tier|[Gen 9] VGC 2025 Reg H (Bo3)
|rated|
|rule|Species Clause: Limit one of each Pokémon
|rule|Item Clause: Limit 1 of each item
|clearpoke
|poke|p1|Hydreigon, L50, F|
|poke|p1|Metagross, L50|
|poke|p1|Ninetales-Alola, L50, F|
|poke|p1|Basculegion, L50, M|
|poke|p1|Kilowattrel, L50, F|
|poke|p1|Incineroar, L50, F|
|poke|p2|Archaludon, L50, M|
|poke|p2|Pelipper, L50, M|
|poke|p2|Indeedee, L50, M|
|poke|p2|Amoonguss, L50, M|
|poke|p2|Basculegion, L50, M|
|poke|p2|Hydreigon, L50, M|
|teampreview|4
|showteam|p1|Hydreigon||LifeOrb|Levitate|DarkPulse,DracoMeteor,EarthPower,Protect|||F|||50|,,,,,Poison]Metagross||AssaultVest|ClearBody|BulletPunch,HeavySlam,PsychicFangs,HammerArm||||||50|,,,,,Water]Ninetales-Alola||NeverMeltIce|SnowWarning|Moonblast,IcyWind,Blizzard,Protect|||F|||50|,,,,,Ice]Basculegion||ChoiceScarf|Adaptability|WaveCrash,LastRespects,AquaJet,FlipTurn|||M|||50|,,,,,Grass]Kilowattrel||FocusSash|Competitive|Thunderbolt,AirSlash,Tailwind,Protect|||F|||50|,,,,,Ghost]Incineroar||SafetyGoggles|Intimidate|KnockOff,FlareBlitz,PartingShot,FakeOut|||F|||50|,,,,,Ghost
|showteam|p2|Archaludon||AssaultVest|Stamina|ElectroShot,DracoMeteor,BodyPress,FlashCannon|||M|||50|,,,,,Grass]Pelipper||FocusSash|Drizzle|WeatherBall,Hurricane,Tailwind,Protect|||M|||50|,,,,,Ghost]Indeedee||ChoiceScarf|PsychicSurge|ExpandingForce,TeraBlast,Trick,DazzlingGleam|||M|||50|,,,,,Ground]Amoonguss||SitrusBerry|Regenerator|Spore,SludgeBomb,Protect,RagePowder|||M|||50|,,,,,Water]Basculegion||ChoiceBand|SwiftSwim|FlipTurn,WaveCrash,LastRespects,AquaJet|||M|||50|,,,,,Poison]Hydreigon||CovertCloak|Levitate|Taunt,Snarl,DracoMeteor,EarthPower|||M|||50|,,,,,Fairy
|inactive|Battle timer is ON: inactive players will automatically lose when time's up. (requested by magic 561)
|inactive|magic 561 has 60 seconds left.
|inactive|Ronansting has 60 seconds left.
|
|t:|1755668876
|teamsize|p1|4
|teamsize|p2|4
|start
|switch|p1a: Kilowattrel|Kilowattrel, L50, F|100/100
|switch|p1b: Adel|Hydreigon, L50, F|100/100
|switch|p2a: Piedragon|Hydreigon, L50, M|100/100
|switch|p2b: Arching|Archaludon, L50, M|100/100
|turn|1
|inactive|magic 561 has 30 seconds left.
|inactive|Ronansting has 30 seconds left.
|
|t:|1755668909
|-terastallize|p2a: Piedragon|Fairy
|move|p1a: Kilowattrel|Air Slash|p2b: Arching
|-resisted|p2b: Arching
|-damage|p2b: Arching|89/100
|-ability|p2b: Arching|Stamina|boost
|-boost|p2b: Arching|def|1
|move|p1b: Adel|Earth Power|p2b: Arching
|-supereffective|p2b: Arching
|-damage|p2b: Arching|37/100
|-ability|p2b: Arching|Stamina|boost
|-boost|p2b: Arching|def|1
|-damage|p1b: Adel|91/100|[from] item: Life Orb
|move|p2a: Piedragon|Draco Meteor|p1a: Kilowattrel
|-enditem|p1a: Kilowattrel|Focus Sash
|-damage|p1a: Kilowattrel|1/100
|-unboost|p2a: Piedragon|spa|2
|move|p2b: Arching|Body Press|p1a: Kilowattrel
|-resisted|p1a: Kilowattrel
|-damage|p1a: Kilowattrel|0 fnt
|faint|p1a: Kilowattrel
|
|upkeep
|
|t:|1755668925
|switch|p1a: Metagross|Metagross, L50|100/100
|turn|2
|
|t:|1755668949
|move|p1b: Adel|Protect|p1b: Adel
|-singleturn|p1b: Adel|Protect
|move|p2a: Piedragon|Draco Meteor|p1b: Adel
|-activate|p1b: Adel|move: Protect
|move|p2b: Arching|Body Press|p1b: Adel
|-activate|p1b: Adel|move: Protect
|move|p1a: Metagross|Heavy Slam|p2a: Piedragon
|-supereffective|p2a: Piedragon
|-damage|p2a: Piedragon|16/100
|
|upkeep
|turn|3
|
|t:|1755668962
|switch|p2b: Smellypper|Pelipper, L50, M|100/100
|-weather|RainDance|[from] ability: Drizzle|[of] p2b: Smellypper
|move|p1a: Metagross|Bullet Punch|p2a: Piedragon
|-supereffective|p2a: Piedragon
|-damage|p2a: Piedragon|0 fnt
|faint|p2a: Piedragon
|move|p1b: Adel|Earth Power|p2b: Smellypper
|-immune|p2b: Smellypper
|
|-weather|RainDance|[upkeep]
|upkeep
|
|t:|1755668970
|switch|p2a: Empire|Basculegion, L50, M|100/100
|turn|4
|inactive|Ronansting has 30 seconds left.
|
|t:|1755668999
|switch|p1a: Ninetales|Ninetales-Alola, L50, F|100/100
|-weather|Snowscape|[from] ability: Snow Warning|[of] p1a: Ninetales
|move|p1b: Adel|Dark Pulse|p2a: Empire
|-supereffective|p2a: Empire
|-damage|p2a: Empire|0 fnt
|faint|p2a: Empire
|-damage|p1b: Adel|81/100|[from] item: Life Orb
|move|p2b: Smellypper|Tailwind|p2b: Smellypper
|-sidestart|p2: Ronansting|move: Tailwind
|
|-weather|Snowscape|[upkeep]
|upkeep
|
|t:|1755669008
|switch|p2a: Arching|Archaludon, L50, M|37/100
|turn|5
|inactive|magic 561 has 30 seconds left.
|
|t:|1755669036
|move|p1b: Adel|Protect|p1b: Adel
|-singleturn|p1b: Adel|Protect
|move|p2b: Smellypper|Weather Ball|p1b: Adel
|-activate|p1b: Adel|move: Protect
|move|p2a: Arching|Flash Cannon|p1a: Ninetales
|-supereffective|p1a: Ninetales
|-damage|p1a: Ninetales|0 fnt
|faint|p1a: Ninetales
|
|-weather|Snowscape|[upkeep]
|upkeep
|
|t:|1755669045
|switch|p1a: Metagross|Metagross, L50|100/100
|turn|6
|
|t:|1755669063
|-terastallize|p1b: Adel|Poison
|move|p2b: Smellypper|Hurricane|p1a: Metagross
|-resisted|p1a: Metagross
|-damage|p1a: Metagross|84/100
|-start|p1a: Metagross|confusion
|move|p2a: Arching|Draco Meteor|p1b: Adel
|-damage|p1b: Adel|8/100
|-unboost|p2a: Arching|spa|2
|move|p1b: Adel|Earth Power|p2a: Arching
|-supereffective|p2a: Arching
|-damage|p2a: Arching|0 fnt
|faint|p2a: Arching
|-damage|p1b: Adel|0 fnt|[from] item: Life Orb
|faint|p1b: Adel
|-activate|p1a: Metagross|confusion
|-damage|p1a: Metagross|73/100|[from] confusion
|
|-weather|Snowscape|[upkeep]
|upkeep
|turn|7
|
|t:|1755669082
|move|p2b: Smellypper|Weather Ball|p1a: Metagross
|-resisted|p1a: Metagross
|-damage|p1a: Metagross|63/100
|-activate|p1a: Metagross|confusion
|move|p1a: Metagross|Psychic Fangs|p2b: Smellypper
|-damage|p2b: Smellypper|40/100
|
|-weather|Snowscape|[upkeep]
|-sideend|p2: Ronansting|move: Tailwind
|upkeep
|turn|8
|
|t:|1755669091
|move|p2b: Smellypper|Hurricane|p1a: Metagross|[miss]
|-miss|p2b: Smellypper|p1a: Metagross
|-activate|p1a: Metagross|confusion
|move|p1a: Metagross|Psychic Fangs|p2b: Smellypper
|-damage|p2b: Smellypper|0 fnt
|faint|p2b: Smellypper
|
|win|magic 561
|raw|magic 561's rating: 1361 → 1391(+30 for winning)
|raw|Ronansting's rating: 1557 → 1527(-30 for losing)
|c|☆Ronansting|gg
|c|☆magic 561|gg wp
