|j|☆Milanmirchandani
|j|☆Truevillany123
|html|MilanmirchandaniTruevillany123    
|uhtml|bestof|Game 3 of a best-of-3
|t:|1757726232
|gametype|doubles
|player|p1|Milanmirchandani|101|1175
|player|p2|Truevillany123|266|1089
|gen|9
|tier|[Gen 9] VGC 2025 Reg H (Bo3)
|rated|
|rule|Species Clause: Limit one of each Pokémon
|rule|Item Clause: Limit 1 of each item
|clearpoke
|poke|p1|Incineroar, L50, M|
|poke|p1|Murkrow, L50, M|
|poke|p1|Garchomp, L50, F|
|poke|p1|Gholdengo, L50|
|poke|p1|Volcarona, L50, F|
|poke|p1|Maushold, L50|
|poke|p2|Dragonite, L50, M|
|poke|p2|Ursaluna-Bloodmoon, L50, M|
|poke|p2|Gholdengo, L50|
|poke|p2|Annihilape, L50, M|
|poke|p2|Ninetales-Alola, L50, M|
|poke|p2|Rillaboom, L50, F|
|teampreview|4
|showteam|p1|Incineroar||SafetyGoggles|Intimidate|FakeOut,PartingShot,KnockOff,FlareBlitz|||M|||50|,,,,,Ghost]Murkrow||Eviolite|Prankster|Tailwind,FoulPlay,SunnyDay,Protect|||M|||50|,,,,,Steel]Garchomp||ClearAmulet|RoughSkin|Earthquake,RockSlide,DragonClaw,Protect|||F|||50|,,,,,Steel]Gholdengo||LifeOrb|GoodasGold|MakeItRain,ShadowBall,NastyPlot,Protect||||||50|,,,,,Water]Volcarona||Charcoal|FlameBody|Flamethrower,HeatWave,Overheat,Protect|||F|||50|,,,,,Fire]Maushold||WideLens|FriendGuard|FollowMe,PopulationBomb,Protect,Encore||||||50|,,,,,Ghost
|showteam|p2|Dragonite||LoadedDice|Multiscale|ScaleShot,Protect,Haze,Tailwind|||M|||50|,,,,,Fairy]Ursaluna-Bloodmoon||LifeOrb|MindsEye|BloodMoon,HyperVoice,EarthPower,Protect|||M|||50|,,,,,Normal]Gholdengo||ChoiceSpecs|GoodasGold|MakeItRain,ShadowBall,Protect,NastyPlot||||||50|,,,,,Water]Annihilape||SafetyGoggles|Defiant|DrainPunch,RageFist,Protect,BulkUp|||M|||50|,,,,,Fire]Ninetales-Alola||FocusSash|SnowWarning|FreezeDry,AuroraVeil,Encore,IcicleSpear|||M|||50|,,,,,Ghost]Rillaboom||AssaultVest|GrassySurge|FakeOut,WoodHammer,HighHorsepower,Uturn|||F|||50|,,,,,Fire
|inactive|Battle timer is ON: inactive players will automatically lose when time's up. (requested by Milanmirchandani)
|
|t:|1757726262
|teamsize|p1|4
|teamsize|p2|4
|start
|switch|p1a: Maushold|Maushold, L50|100/100
|switch|p1b: Gholdengo|Gholdengo, L50|100/100
|switch|p2a: Ninetales|Ninetales-Alola, L50, M|100/100
|switch|p2b: Annihilape|Annihilape, L50, M|100/100
|-weather|Snowscape|[from] ability: Snow Warning|[of] p2a: Ninetales
|turn|1
|inactive|Truevillany123 has 30 seconds left.
|inactive|Truevillany123 has 20 seconds left.
|inactive|Truevillany123 has 15 seconds left.
|inactive|Truevillany123 has 10 seconds left.
|
|t:|1757726309
|move|p2b: Annihilape|Protect|p2b: Annihilape
|-singleturn|p2b: Annihilape|Protect
|move|p1a: Maushold|Population Bomb|p2a: Ninetales
|-damage|p2a: Ninetales|92/100
|-damage|p2a: Ninetales|84/100
|-damage|p2a: Ninetales|76/100
|-damage|p2a: Ninetales|69/100
|-hitcount|p2a: Ninetales|4
|move|p2a: Ninetales|Aurora Veil|p2a: Ninetales
|-sidestart|p2: Truevillany123|move: Aurora Veil
|move|p1b: Gholdengo|Nasty Plot|p1b: Gholdengo
|-boost|p1b: Gholdengo|spa|2
|
|-weather|Snowscape|[upkeep]
|upkeep
|turn|2
|inactive|Milanmirchandani has 30 seconds left.
|inactive|Truevillany123 has 30 seconds left.
|
|t:|1757726341
|-terastallize|p2b: Annihilape|Fire
|move|p1a: Maushold|Encore|p2b: Annihilape
|-start|p2b: Annihilape|Encore
|move|p2a: Ninetales|Encore||[still]
|-fail|p2a: Ninetales
|move|p2b: Annihilape|Protect||[still]
|-fail|p2b: Annihilape
|move|p1b: Gholdengo|Make It Rain|p2b: Annihilape|[spread] p2a,p2b
|-supereffective|p2a: Ninetales
|-resisted|p2b: Annihilape
|-damage|p2a: Ninetales|0 fnt
|-damage|p2b: Annihilape|60/100
|-unboost|p1b: Gholdengo|spa|1
|faint|p2a: Ninetales
|-damage|p1b: Gholdengo|91/100|[from] item: Life Orb
|
|-weather|Snowscape|[upkeep]
|upkeep
|
|t:|1757726354
|switch|p2a: Dragonite|Dragonite, L50, M, shiny|100/100
|turn|3
|inactive|Milanmirchandani has 30 seconds left.
|
|t:|1757726380
|move|p2b: Annihilape|Protect|p2b: Annihilape
|-singleturn|p2b: Annihilape|Protect
|move|p1a: Maushold|Population Bomb|p2a: Dragonite
|-damage|p2a: Dragonite|98/100
|-damage|p2a: Dragonite|92/100
|-damage|p2a: Dragonite|86/100
|-damage|p2a: Dragonite|80/100
|-hitcount|p2a: Dragonite|4
|move|p1b: Gholdengo|Shadow Ball|p2a: Dragonite
|-damage|p2a: Dragonite|14/100
|-damage|p1b: Gholdengo|81/100|[from] item: Life Orb
|move|p2a: Dragonite|Scale Shot|p1a: Maushold
|-damage|p1a: Maushold|79/100
|-damage|p1a: Maushold|55/100
|-damage|p1a: Maushold|34/100
|-damage|p1a: Maushold|11/100
|-damage|p1a: Maushold|0 fnt
|faint|p1a: Maushold
|-hitcount|p1: Maushold|5
|-unboost|p2a: Dragonite|def|1
|-boost|p2a: Dragonite|spe|1
|
|-weather|Snowscape|[upkeep]
|upkeep
|inactive|Milanmirchandani has 30 seconds left.
|
|t:|1757726407
|switch|p1a: Murkrow|Murkrow, L50, M|100/100
|turn|4
|
|t:|1757726416
|switch|p2b: Rillaboom|Rillaboom, L50, F|100/100
|-fieldstart|move: Grassy Terrain|[from] ability: Grassy Surge|[of] p2b: Rillaboom
|move|p2a: Dragonite|Protect|p2a: Dragonite
|-singleturn|p2a: Dragonite|Protect
|move|p1a: Murkrow|Tailwind|p1a: Murkrow
|-sidestart|p1: Milanmirchandani|move: Tailwind
|move|p1b: Gholdengo|Make It Rain|p2a: Dragonite|[spread] p2b
|-activate|p2a: Dragonite|move: Protect
|-crit|p2b: Rillaboom
|-damage|p2b: Rillaboom|0 fnt
|-unboost|p1b: Gholdengo|spa|1
|faint|p2b: Rillaboom
|-damage|p1b: Gholdengo|71/100|[from] item: Life Orb
|
|-weather|Snowscape|[upkeep]
|-heal|p1b: Gholdengo|77/100|[from] Grassy Terrain
|upkeep
|
|t:|1757726430
|switch|p2b: Annihilape|Annihilape, L50, M, tera:Fire|60/100
|turn|5
|c|☆Truevillany123|gg
|
|t:|1757726447
|move|p1b: Gholdengo|Make It Rain|p2b: Annihilape|[spread] p2a,p2b
|-resisted|p2b: Annihilape
|-damage|p2a: Dragonite|0 fnt
|-damage|p2b: Annihilape|38/100
|-unboost|p1b: Gholdengo|spa|1
|faint|p2a: Dragonite
|-damage|p1b: Gholdengo|67/100|[from] item: Life Orb
|move|p1a: Murkrow|Foul Play|p2b: Annihilape
|-damage|p2b: Annihilape|12/100
|move|p2b: Annihilape|Rage Fist|p1b: Gholdengo
|-supereffective|p1b: Gholdengo
|-damage|p1b: Gholdengo|0 fnt
|faint|p1b: Gholdengo
|
|-weather|none
|-heal|p2b: Annihilape|18/100|[from] Grassy Terrain
|-sideend|p2: Truevillany123|move: Aurora Veil
|upkeep
|c|☆Truevillany123|fuck
|
|t:|1757726463
|switch|p1b: Volcarona|Volcarona, L50, F|100/100
|turn|6
|
|t:|1757726470
|-terastallize|p1b: Volcarona|Fire
|move|p2b: Annihilape|Protect|p2b: Annihilape
|-singleturn|p2b: Annihilape|Protect
|move|p1a: Murkrow|Sunny Day|p1a: Murkrow
|-weather|SunnyDay
|move|p1b: Volcarona|Flamethrower|p2b: Annihilape
|-activate|p2b: Annihilape|move: Protect
|
|-weather|SunnyDay|[upkeep]
|-heal|p2b: Annihilape|24/100|[from] Grassy Terrain
|upkeep
|turn|7
|
|t:|1757726482
|move|p2b: Annihilape|Protect|p2b: Annihilape
|-singleturn|p2b: Annihilape|Protect
|move|p1b: Volcarona|Flamethrower|p2b: Annihilape
|-activate|p2b: Annihilape|move: Protect
|move|p1a: Murkrow|Foul Play|p2b: Annihilape
|-activate|p2b: Annihilape|move: Protect
|
|-weather|SunnyDay|[upkeep]
|-heal|p2b: Annihilape|30/100|[from] Grassy Terrain
|-sideend|p1: Milanmirchandani|move: Tailwind
|upkeep
|turn|8
|
|t:|1757726495
|move|p1a: Murkrow|Tailwind|p1a: Murkrow
|-sidestart|p1: Milanmirchandani|move: Tailwind
|move|p1b: Volcarona|Flamethrower|p2b: Annihilape
|-resisted|p2b: Annihilape
|-damage|p2b: Annihilape|0 fnt
|faint|p2b: Annihilape
|
|win|Milanmirchandani
|raw|Milanmirchandani's rating: 1175 → 1194(+19 for winning)
|raw|Truevillany123's rating: 1089 → 1071(-18 for losing)
|c|☆Truevillany123|gg
|l|☆Milanmirchandani
|player|p1|
|c|☆Truevillany123|I wanted to Icicle Spear Rage Foist duxk
