|j|☆avalos jr
|j|☆Divine Monkey King
|html|avalos jrDivine Monkey King    
|uhtml|bestof|Game 3 of a best-of-3
|t:|1783266921
|gametype|doubles
|player|p1|avalos jr|miku-ghost|1148
|player|p2|Divine Monkey King|2|1117
|gen|9
|tier|[Gen 9 Champions] VGC 2026 Reg M-B (Bo3)
|rated|
|rule|Species Clause: Limit one of each Pokémon
|rule|Item Clause: Limit 1 of each item
|clearpoke
|poke|p1|Floette-Eternal, L50, F|
|poke|p1|Incineroar, L50, M, shiny|
|poke|p1|Sinistcha, L50, shiny|
|poke|p1|Garchomp, L50, M, shiny|
|poke|p1|Whimsicott, L50, F, shiny|
|poke|p1|Delphox, L50, F, shiny|
|poke|p2|Tyranitar, L50, M, shiny|
|poke|p2|Aerodactyl, L50, M, shiny|
|poke|p2|Pelipper, L50, M, shiny|
|poke|p2|Basculegion, L50, M, shiny|
|poke|p2|Beedrill, L50, M, shiny|
|poke|p2|Annihilape, L50, M, shiny|
|teampreview|4
|showteam|p1|Floette-Eternal||Floettite|FlowerVeil|DrainingKiss,DazzlingGleam,CalmMind,Protect|Modest||F|||50|]Incineroar||Charcoal|Intimidate|FakeOut,ThroatChop,FlareBlitz,PartingShot|Adamant||M|||50|]Sinistcha||KasibBerry|Hospitality|MatchaGotcha,RagePowder,LifeDew,TrickRoom|Bold|||||50|]Garchomp||LifeOrb|RoughSkin|RockTomb,Earthquake,DragonClaw,Protect|Jolly||M|||50|]Whimsicott||FairyFeather|Prankster|Moonblast,Tailwind,Encore,Protect|Timid||F|||50|]Delphox||Delphoxite|Blaze|HeatWave,Psychic,NastyPlot,Protect|Timid||F|||50|
|showteam|p2|Tyranitar||Tyranitarite|SandStream|BrickBreak,KnockOff,Protect,RockSlide|Adamant||M|||50|]Aerodactyl||FocusSash|Unnerve|DualWingbeat,IronHead,Protect,Tailwind|Jolly||M|||50|]Pelipper||WacanBerry|Drizzle|Hurricane,IceBeam,Protect,WeatherBall|Calm||M|||50|]Basculegion||MysticWater|SwiftSwim|AquaJet,FlipTurn,LastRespects,Protect|Adamant||M|||50|]Beedrill||Beedrillite|Sniper|PoisonJab,Protect,Uturn,FellStinger|Jolly||M|||50|]Annihilape||Leftovers|Defiant|BulkUp,DrainPunch,FirePunch,ThunderPunch|Adamant||M|||50|
|inactive|Battle timer is ON: inactive players will automatically lose when time's up. (requested by avalos jr)
|inactive|Divine Monkey King has 60 seconds left.
|
|t:|1783266973
|teamsize|p1|4
|teamsize|p2|4
|start
|switch|p1a: Dandelion|Floette-Eternal, L50, F|100/100
|switch|p1b: Mr. Meow|Incineroar, L50, M, shiny|100/100
|switch|p2a: Basculegion|Basculegion, L50, M, shiny|100/100
|switch|p2b: Pelipper|Pelipper, L50, M, shiny|100/100
|-weather|RainDance|[from] ability: Drizzle|[of] p2b: Pelipper
|-ability|p1b: Mr. Meow|Intimidate|boost
|-unboost|p2a: Basculegion|atk|1
|-unboost|p2b: Pelipper|atk|1
|turn|1
|
|t:|1783266984
|switch|p1b: Beri|Sinistcha, L50, shiny|100/100
|detailschange|p1a: Dandelion|Floette-Mega, L50, F
|-mega|p1a: Dandelion|Floette|Floettite
|-ability|p1a: Dandelion|Fairy Aura
|move|p2b: Pelipper|Protect|p2b: Pelipper
|-singleturn|p2b: Pelipper|Protect
|move|p2a: Basculegion|Flip Turn|p1b: Beri
|-resisted|p1b: Beri|1
|-damage|p1b: Beri|84/100
|
|t:|1783266995
|switch|p2a: Aerodactyl|Aerodactyl, L50, M, shiny|100/100|[from] Flip Turn
|-ability|p2a: Aerodactyl|Unnerve
|move|p1a: Dandelion|Dazzling Gleam|p2b: Pelipper|[spread] p2a
|-activate|p2b: Pelipper|move: Protect
|-damage|p2a: Aerodactyl|35/100
|
|-weather|RainDance|[upkeep]
|upkeep
|turn|2
|
|t:|1783267003
|switch|p1b: Mr. Meow|Incineroar, L50, M, shiny|100/100
|-ability|p1b: Mr. Meow|Intimidate|boost
|-unboost|p2a: Aerodactyl|atk|1
|-unboost|p2b: Pelipper|atk|1
|move|p2a: Aerodactyl|Tailwind|p2a: Aerodactyl
|-sidestart|p2: Divine Monkey King|move: Tailwind
|move|p2b: Pelipper|Hurricane|p1b: Mr. Meow
|-damage|p1b: Mr. Meow|60/100
|move|p1a: Dandelion|Dazzling Gleam|p2a: Aerodactyl|[spread] p2a,p2b
|-damage|p2a: Aerodactyl|0 fnt
|-damage|p2b: Pelipper|41/100
|faint|p2a: Aerodactyl
|
|-weather|RainDance|[upkeep]
|upkeep
|
|t:|1783267013
|switch|p2a: Basculegion|Basculegion, L50, M, shiny|100/100
|turn|3
|
|t:|1783267033
|move|p1b: Mr. Meow|Fake Out|p2b: Pelipper
|-damage|p2b: Pelipper|25/100
|move|p2a: Basculegion|Last Respects|p1a: Dandelion
|-damage|p1a: Dandelion|47/100
|cant|p2b: Pelipper|flinch
|move|p1a: Dandelion|Dazzling Gleam|p2b: Pelipper|[spread] p2a,p2b
|-damage|p2a: Basculegion|49/100
|-damage|p2b: Pelipper|0 fnt
|faint|p2b: Pelipper
|
|-weather|RainDance|[upkeep]
|upkeep
|
|t:|1783267036
|switch|p2b: Beedrill|Beedrill, L50, M, shiny|100/100
|turn|4
|
|t:|1783267056
|switch|p1b: Beri|Sinistcha, L50, shiny|84/100
|-heal|p1a: Dandelion|71/100|[from] ability: Hospitality|[of] p1b: Beri
|detailschange|p2b: Beedrill|Beedrill-Mega, L50, M, shiny
|-mega|p2b: Beedrill|Beedrill|Beedrillite
|move|p1a: Dandelion|Protect|p1a: Dandelion
|-singleturn|p1a: Dandelion|Protect
|move|p2a: Basculegion|Last Respects|p1b: Beri
|-supereffective|p1b: Beri|1
|-enditem|p1b: Beri|Kasib Berry|[eat]
|-enditem|p1b: Beri|Kasib Berry|[weaken]
|-damage|p1b: Beri|19/100
|move|p2b: Beedrill|Poison Jab|p1a: Dandelion
|-activate|p1a: Dandelion|move: Protect
|
|-weather|RainDance|[upkeep]
|upkeep
|turn|5
|inactive|Divine Monkey King has 30 seconds left.
|
|t:|1783267083
|switch|p1a: Mr. Meow|Incineroar, L50, M, shiny|60/100
|-ability|p1a: Mr. Meow|Intimidate|boost
|-unboost|p2a: Basculegion|atk|1
|-unboost|p2b: Beedrill|atk|1
|move|p2a: Basculegion|Aqua Jet|p1b: Beri
|-resisted|p1b: Beri|1
|-damage|p1b: Beri|10/100
|move|p2b: Beedrill|Poison Jab|p1a: Mr. Meow
|-damage|p1a: Mr. Meow|19/100
|move|p1b: Beri|Matcha Gotcha|p2b: Beedrill|[spread] p2a,p2b
|-supereffective|p2a: Basculegion|1
|-crit|p2a: Basculegion
|-resisted|p2b: Beedrill|2
|-damage|p2a: Basculegion|0 fnt
|-heal|p1b: Beri|37/100|[from] drain|[of] p2a: Basculegion
|-damage|p2b: Beedrill|91/100
|-heal|p1b: Beri|41/100|[from] drain|[of] p2b: Beedrill
|faint|p2a: Basculegion
|
|-weather|none
|-sideend|p2: Divine Monkey King|move: Tailwind
|upkeep
|turn|6
|
|t:|1783267098
|move|p2b: Beedrill|Protect|p2b: Beedrill
|-singleturn|p2b: Beedrill|Protect
|move|p1a: Mr. Meow|Fake Out|p2b: Beedrill
|-activate|p2b: Beedrill|move: Protect
|move|p1b: Beri|Life Dew|p1b: Beri|[spread] p1a,p1b
|-heal|p1a: Mr. Meow|44/100
|-heal|p1b: Beri|66/100
|
|upkeep
|turn|7
|
|t:|1783267106
|move|p1b: Beri|Rage Powder|p1b: Beri
|-singleturn|p1b: Beri|move: Rage Powder
|move|p2b: Beedrill|Fell Stinger|p1b: Beri
|-crit|p1b: Beri
|-damage|p1b: Beri|16/100
|move|p1a: Mr. Meow|Flare Blitz|p2b: Beedrill
|-supereffective|p2b: Beedrill|1
|-damage|p2b: Beedrill|0 fnt
|faint|p2b: Beedrill
|-damage|p1a: Mr. Meow|23/100|[from] Recoil
|
|win|avalos jr
|raw|avalos jr's rating: 1148 → 1171(+23 for winning)
|raw|Divine Monkey King's rating: 1117 → 1094(-23 for losing)
