|j|â˜†gladeon67
|j|â˜†pwndnoob1
|html|gladeon67pwndnoob1    
|uhtml|bestof|Game 1 of a best-of-3
|t:|1783978491
|gametype|doubles
|player|p1|gladeon67|steven|
|player|p2|pwndnoob1|chuck|
|gen|9
|tier|[Gen 9 Champions] VGC 2026 Reg M-B (Bo3)
|rule|Species Clause: Limit one of each PokÃ©mon
|rule|Item Clause: Limit 1 of each item
|clearpoke
|poke|p1|Espeon, L50, M|
|poke|p1|Eelektross, L50, F|
|poke|p1|Aerodactyl, L50, M|
|poke|p1|Scolipede, L50, F|
|poke|p1|Dedenne, L50, M|
|poke|p1|Typhlosion-Hisui, L50, M|
|poke|p2|Sneasler, L50, F|
|poke|p2|Basculegion, L50, M|
|poke|p2|Scrafty, L50, M, shiny|
|poke|p2|Wyrdeer, L50, M|
|poke|p2|Froslass, L50, F|
|poke|p2|Noivern, L50, M|
|teampreview|4
|showteam|p1|Espeon||Leftovers|MagicBounce|CalmMind,FutureSight,LightScreen,Reflect|Timid||M|||50|]Eelektross||Eelektrossite|Levitate|Coil,ThunderPunch,DrainPunch,FirePunch|Jolly||F|||50|]Aerodactyl||Aerodactylite|RockHead|Tailwind,StoneEdge,DualWingbeat,PsychicFangs|Jolly||M|||50|]Scolipede||LumBerry|SpeedBoost|SwordsDance,PoisonJab,Earthquake,Megahorn|Adamant||F|||50|]Dedenne||BrightPowder|CheekPouch|Nuzzle,Thunderbolt,TearfulLook,SuperFang|Hasty||M|||50|]Typhlosion-Hisui||Charcoal|Frisk|Eruption,ShadowBall,FireBlast,Extrasensory|Timid||M|||50|
|showteam|p2|Sneasler||ChoiceScarf|PoisonTouch|CloseCombat,Uturn,ThroatChop,RockSlide|Adamant||F|||50|]Basculegion||WacanBerry|Adaptability|LastRespects,WaveCrash,AquaJet,Protect|Adamant||M|||50|]Scrafty||Scraftinite|Intimidate|Detect,HelpingHand,KnockOff,FakeOut|Sassy||M|||50|]Wyrdeer||SitrusBerry|Intimidate|TrickRoom,HighHorsepower,HelpingHand,Megahorn|Sassy||M|||50|]Froslass||Froslassite|CursedBody|Blizzard,ShadowBall,Protect,AuroraVeil|Modest||F|||50|]Noivern||ChartiBerry|Frisk|Tailwind,DracoMeteor,Protect,SuperFang|Timid||M|||50|
|c|â˜†pwndnoob1|why is it open team sheet bro
|c|â˜†pwndnoob1|cmon
|
|t:|1783978556
|teamsize|p1|4
|teamsize|p2|4
|start
|switch|p1a: Espeon|Espeon, L50, M|100/100
|switch|p1b: Aerodactyl|Aerodactyl, L50, M|100/100
|switch|p2a: Sneasler|Sneasler, L50, F|100/100
|switch|p2b: Scrafty|Scrafty, L50, M, shiny|100/100
|-ability|p2b: Scrafty|Intimidate|boost
|-unboost|p1a: Espeon|atk|1
|-unboost|p1b: Aerodactyl|atk|1
|turn|1
|
|t:|1783978600
|move|p2b: Scrafty|Fake Out|p1b: Aerodactyl
|-resisted|p1b: Aerodactyl|1
|-damage|p1b: Aerodactyl|92/100
|move|p2a: Sneasler|Rock Slide|p1b: Aerodactyl|[spread] p1a,p1b
|-supereffective|p1b: Aerodactyl|1
|-damage|p1a: Espeon|56/100
|-damage|p1b: Aerodactyl|22/100
|cant|p1b: Aerodactyl|flinch
|cant|p1a: Espeon|flinch
|
|-heal|p1a: Espeon|61/100|[from] item: Leftovers
|upkeep
|turn|2
|
|t:|1783978625
|move|p2b: Scrafty|Helping Hand|p2a: Sneasler
|-singleturn|p2a: Sneasler|Helping Hand|[of] p2b: Scrafty
|move|p2a: Sneasler|Rock Slide|p1a: Espeon|[spread] p1a,p1b
|-supereffective|p1b: Aerodactyl|1
|-damage|p1a: Espeon|0 fnt
|-damage|p1b: Aerodactyl|0 fnt
|faint|p1a: Espeon
|faint|p1b: Aerodactyl
|
|upkeep
|
|t:|1783978636
|switch|p1b: Typhlosion|Typhlosion-Hisui, L50, M|100/100
|switch|p1a: Eelektross|Eelektross, L50, F|100/100
|-item|p2a: Sneasler|Choice Scarf|[from] ability: Frisk|[of] p1b: Typhlosion
|-item|p2b: Scrafty|Scraftinite|[from] ability: Frisk|[of] p1b: Typhlosion
|turn|3
|
|t:|1783978661
|detailschange|p1a: Eelektross|Eelektross-Mega, L50, F
|-mega|p1a: Eelektross|Eelektross|Eelektrossite
|move|p2b: Scrafty|Helping Hand|p2a: Sneasler
|-singleturn|p2a: Sneasler|Helping Hand|[of] p2b: Scrafty
|move|p2a: Sneasler|Rock Slide|p1b: Typhlosion|[spread] p1a,p1b
|-supereffective|p1b: Typhlosion|1
|-damage|p1a: Eelektross|57/100
|-damage|p1b: Typhlosion|11/100
|move|p1b: Typhlosion|Eruption|p2a: Sneasler|[spread] p2a,p2b
|-damage|p2a: Sneasler|90/100
|-damage|p2b: Scrafty|94/100
|move|p1a: Eelektross|Drain Punch|p2b: Scrafty
|-supereffective|p2b: Scrafty|1
|-crit|p2b: Scrafty
|-damage|p2b: Scrafty|12/100
|-heal|p1a: Eelektross|100/100|[from] drain|[of] p2b: Scrafty
|
|upkeep
|turn|4
|
|t:|1783978687
|switch|p2b: Basculegion|Basculegion, L50, M|100/100
|move|p2a: Sneasler|Rock Slide|p1b: Typhlosion|[spread] p1a,p1b
|-supereffective|p1b: Typhlosion|1
|-damage|p1a: Eelektross|68/100
|-damage|p1b: Typhlosion|0 fnt
|faint|p1b: Typhlosion
|cant|p1a: Eelektross|flinch
|
|upkeep
|turn|5
|
|t:|1783978724
|switch|p2b: Scrafty|Scrafty, L50, M, shiny|12/100
|-ability|p2b: Scrafty|Intimidate|boost
|-unboost|p1a: Eelektross|atk|1
|move|p2a: Sneasler|Rock Slide|p1a: Eelektross
|-damage|p1a: Eelektross|31/100
|move|p1a: Eelektross|Thunder Punch|p2b: Scrafty
|-damage|p2b: Scrafty|0 fnt
|faint|p2b: Scrafty
|-ability|p1a: Eelektross|Eelevate|boost
|-boost|p1a: Eelektross|atk|1
|
|upkeep
|
|t:|1783978744
|switch|p2b: Basculegion|Basculegion, L50, M|100/100
|turn|6
|
|t:|1783978775
|move|p2b: Basculegion|Aqua Jet|p1a: Eelektross
|-damage|p1a: Eelektross|0 fnt
|faint|p1a: Eelektross
|
|win|pwndnoob1
||gladeon67 is ready for game 2.
||pwndnoob1 is ready for game 2.
|uhtml|next|Next: Game 2 of 3
|l|â˜†gladeon67
|player|p1|
