|j|Ōśåsbhaga34
|j|ŌśåImreesithink
|html|sbhaga34Imreesithink    
|uhtml|bestof|Game 2 of a best-of-3
|t:|1784256115
|gametype|doubles
|player|p1|sbhaga34|hugh|1306
|player|p2|Imreesithink|blackbelt-gen4dp|1304
|gen|9
|tier|[Gen 9 Champions] VGC 2026 Reg M-B (Bo3)
|rated|
|rule|Species Clause: Limit one of each Pok├®mon
|rule|Item Clause: Limit 1 of each item
|clearpoke
|poke|p1|Excadrill, L50, F|
|poke|p1|Tyranitar, L50, F|
|poke|p1|Corviknight, L50, F|
|poke|p1|Rotom-Wash, L50|
|poke|p1|Chandelure, L50, F|
|poke|p1|Clefable, L50, M|
|poke|p2|Garchomp, L50, F|
|poke|p2|Venusaur, L50, F|
|poke|p2|Incineroar, L50, F|
|poke|p2|Charizard, L50, F|
|poke|p2|Toxapex, L50, M|
|poke|p2|Annihilape, L50, M|
|teampreview|4
|showteam|p1|Excadrill||FocusSash|SandRush|Earthquake,IronHead,SwordsDance,Protect|Adamant||F|||50|]Tyranitar||Tyranitarite|SandStream|RockSlide,KnockOff,LowKick,Protect|Adamant||F|||50|]Corviknight||SharpBeak|MirrorArmor|BraveBird,Tailwind,BulkUp,Roost|Careful||F|||50|]Rotom-Wash||ChoiceScarf|Levitate|VoltSwitch,Thunderbolt,Electroweb,HydroPump|Timid|||||50|]Chandelure||ShucaBerry|FlashFire|HeatWave,ShadowBall,TrickRoom,Protect|Modest||F|||50|]Clefable||Clefablite|MagicGuard|FollowMe,Moonblast,HealPulse,Protect|Modest||M|||50|
|showteam|p2|Garchomp||ChoiceScarf|RoughSkin|Earthquake,RockSlide,DragonClaw,StompingTantrum|Adamant||F|||50|]Venusaur||LifeOrb|Chlorophyll|SludgeBomb,SolarBeam,EarthPower,Protect|Modest||F|||50|]Incineroar||SitrusBerry|Intimidate|FakeOut,FlareBlitz,ThroatChop,PartingShot|Impish||F|||50|]Charizard||CharizarditeY|Blaze|HeatWave,WeatherBall,Protect,HelpingHand|Modest||F|||50|]Toxapex||Leftovers|Regenerator|Infestation,Toxic,WideGuard,BanefulBunker|Bold||M|||50|]Annihilape||FocusSash|Defiant|CloseCombat,PhantomForce,RockTomb,Protect|Jolly||M|||50|
|inactive|Battle timer is ON: inactive players will automatically lose when time's up. (requested by Imreesithink)
|c|ŌśåImreesithink|Super unlucky IŌĆÖm sorry
|c|Ōśåsbhaga34|lol
|c|Ōśåsbhaga34|i played a guy before. 4 flicnhes
|c|Ōśåsbhaga34|and then siad luck is a skill
|inactive|sbhaga34 has 60 seconds left.
|c|Ōśåsbhaga34|appreciate it LOL
|inactive|sbhaga34 has 30 seconds left.
|c|ŌśåImreesithink|ThatŌĆÖs sort of
|c|ŌśåImreesithink|true
|c|ŌśåImreesithink|but also
|c|ŌśåImreesithink|not completely
|inactive|sbhaga34 has 20 seconds left.
|inactive|sbhaga34 has 15 seconds left.
|c|ŌśåImreesithink|Sometimes you just get screwed
|inactive|sbhaga34 has 10 seconds left.
|
|t:|1784256200
|teamsize|p1|4
|teamsize|p2|4
|start
|switch|p1a: Rotom|Rotom-Wash, L50|100/100
|switch|p1b: Corviknight|Corviknight, L50, F|100/100
|switch|p2a: Charizard|Charizard, L50, F|100/100
|switch|p2b: Garchomp|Garchomp, L50, F|100/100
|turn|1
|
|t:|1784256206
|detailschange|p2a: Charizard|Charizard-Mega-Y, L50, F
|-mega|p2a: Charizard|Charizard|Charizardite Y
|-weather|SunnyDay|[from] ability: Drought|[of] p2a: Charizard
|move|p2b: Garchomp|Rock Slide|p1a: Rotom|[spread] p1a,p1b
|-damage|p1a: Rotom|77/100
|-damage|p1b: Corviknight|84/100
|move|p1a: Rotom|Volt Switch|p2a: Charizard
|-supereffective|p2a: Charizard|1
|-crit|p2a: Charizard
|-damage|p2a: Charizard|30/100
|
|t:|1784256215
|switch|p1a: Tyranitar|Tyranitar, L50, F|100/100|[from] Volt Switch
|-weather|Sandstorm|[from] ability: Sand Stream|[of] p1a: Tyranitar
|move|p2a: Charizard|Heat Wave|p1b: Corviknight|[spread] p1a
|-miss|p2a: Charizard|p1b: Corviknight
|-resisted|p1a: Tyranitar|1
|-crit|p1a: Tyranitar
|-damage|p1a: Tyranitar|84/100
|cant|p1b: Corviknight|flinch
|
|-weather|Sandstorm|[upkeep]
|-damage|p2a: Charizard|24/100|[from] Sandstorm
|upkeep
|turn|2
|c|ŌśåImreesithink|Haha
|c|Ōśåsbhaga34|lol
|c|ŌśåImreesithink|At least it was a little
|inactive|sbhaga34 has 30 seconds left.
|c|ŌśåImreesithink|more even that timr
|
|t:|1784256243
|switch|p2a: Incineroar|Incineroar, L50, F|100/100
|-ability|p2a: Incineroar|Intimidate|boost
|-unboost|p1a: Tyranitar|atk|1
|-ability|p1b: Corviknight|Mirror Armor
|-unboost|p2a: Incineroar|atk|1
|detailschange|p1a: Tyranitar|Tyranitar-Mega, L50, F
|-mega|p1a: Tyranitar|Tyranitar|Tyranitarite
|move|p2b: Garchomp|Rock Slide|p1a: Tyranitar|[spread] p1a,p1b
|-damage|p1a: Tyranitar|71/100
|-damage|p1b: Corviknight|67/100
|move|p1a: Tyranitar|Knock Off|p2b: Garchomp
|-damage|p2b: Garchomp|64/100
|-damage|p1a: Tyranitar|58/100|[from] ability: Rough Skin|[of] p2b: Garchomp
|-enditem|p2b: Garchomp|Choice Scarf|[from] move: Knock Off|[of] p1a: Tyranitar
|cant|p1b: Corviknight|flinch
|
|-weather|Sandstorm|[upkeep]
|-damage|p2a: Incineroar|94/100|[from] Sandstorm
|upkeep
|turn|3
|
|t:|1784256264
|switch|p1a: Rotom|Rotom-Wash, L50|77/100
|move|p2b: Garchomp|Stomping Tantrum|p1a: Rotom
|-immune|p1a: Rotom|[from] ability: Levitate
|move|p1b: Corviknight|Tailwind|p1b: Corviknight
|-sidestart|p1: sbhaga34|move: Tailwind
|move|p2a: Incineroar|Parting Shot|p1a: Rotom
|-unboost|p1a: Rotom|atk|1
|-unboost|p1a: Rotom|spa|1
|
|t:|1784256275
|switch|p2a: Venusaur|Venusaur, L50, F|100/100|[from] Parting Shot
|
|-weather|Sandstorm|[upkeep]
|-damage|p1a: Rotom|71/100|[from] Sandstorm
|-damage|p2a: Venusaur|94/100|[from] Sandstorm
|upkeep
|turn|4
|
|t:|1784256282
|switch|p2b: Charizard|Charizard-Mega-Y, L50, F|24/100
|-weather|SunnyDay|[from] ability: Drought|[of] p2b: Charizard
|move|p1a: Rotom|Hydro Pump|p2b: Charizard
|-supereffective|p2b: Charizard|1
|-damage|p2b: Charizard|1/100
|move|p2a: Venusaur|Solar Beam||[still]
|-prepare|p2a: Venusaur|Solar Beam
|-anim|p2a: Venusaur|Solar Beam|p1a: Rotom
|-supereffective|p1a: Rotom|1
|-damage|p1a: Rotom|0 fnt
|faint|p1a: Rotom
|-damage|p2a: Venusaur|84/100|[from] item: Life Orb
|move|p1b: Corviknight|Brave Bird|p2a: Venusaur
|-supereffective|p2a: Venusaur|1
|-damage|p2a: Venusaur|0 fnt
|faint|p2a: Venusaur
|-damage|p1b: Corviknight|45/100|[from] Recoil
|
|-weather|SunnyDay|[upkeep]
|upkeep
|
|t:|1784256305
|switch|p1a: Tyranitar|Tyranitar-Mega, L50, F|58/100
|switch|p2a: Incineroar|Incineroar, L50, F|94/100
|-weather|Sandstorm|[from] ability: Sand Stream|[of] p1a: Tyranitar
|-ability|p2a: Incineroar|Intimidate|boost
|-unboost|p1a: Tyranitar|atk|1
|-ability|p1b: Corviknight|Mirror Armor
|-unboost|p2a: Incineroar|atk|1
|turn|5
|
|t:|1784256323
|switch|p2b: Garchomp|Garchomp, L50, F|64/100
|move|p2a: Incineroar|Fake Out|p1b: Corviknight
|-resisted|p1b: Corviknight|1
|-damage|p1b: Corviknight|41/100
|move|p1a: Tyranitar|Rock Slide|p2b: Garchomp|[spread] p2a,p2b
|-supereffective|p2a: Incineroar|1
|-resisted|p2b: Garchomp|1
|-crit|p2b: Garchomp
|-damage|p2a: Incineroar|63/100
|-damage|p2b: Garchomp|39/100
|cant|p1b: Corviknight|flinch
|
|-weather|Sandstorm|[upkeep]
|-damage|p2a: Incineroar|57/100|[from] Sandstorm
|upkeep
|turn|6
|
|t:|1784256341
|switch|p1a: Excadrill|Excadrill, L50, F|100/100
|move|p1b: Corviknight|Brave Bird|p2b: Garchomp
|-crit|p2b: Garchomp
|-damage|p2b: Garchomp|0 fnt
|-damage|p1b: Corviknight|29/100|[from] ability: Rough Skin|[of] p2b: Garchomp
|faint|p2b: Garchomp
|-damage|p1b: Corviknight|16/100|[from] Recoil
|move|p2a: Incineroar|Flare Blitz|p1b: Corviknight
|-supereffective|p1b: Corviknight|1
|-damage|p1b: Corviknight|0 fnt
|faint|p1b: Corviknight
|-damage|p2a: Incineroar|51/100|[from] Recoil
|
|-weather|Sandstorm|[upkeep]
|-damage|p2a: Incineroar|46/100|[from] Sandstorm
|-enditem|p2a: Incineroar|Sitrus Berry|[eat]
|-heal|p2a: Incineroar|70/100|[from] item: Sitrus Berry
|-sideend|p1: sbhaga34|move: Tailwind
|upkeep
|
|t:|1784256354
|switch|p2b: Charizard|Charizard-Mega-Y, L50, F|1/100
|switch|p1b: Tyranitar|Tyranitar-Mega, L50, F|58/100
|-weather|SunnyDay|[from] ability: Drought|[of] p2b: Charizard
|-weather|Sandstorm|[from] ability: Sand Stream|[of] p1b: Tyranitar
|turn|7
|
|t:|1784256362
|move|p1a: Excadrill|Protect|p1a: Excadrill
|-singleturn|p1a: Excadrill|Protect
|move|p1b: Tyranitar|Protect|p1b: Tyranitar
|-singleturn|p1b: Tyranitar|Protect
|move|p2b: Charizard|Heat Wave|p1b: Tyranitar|[spread] 
|-activate|p1a: Excadrill|move: Protect
|-activate|p1b: Tyranitar|move: Protect
|move|p2a: Incineroar|Flare Blitz|p1a: Excadrill
|-activate|p1a: Excadrill|move: Protect
|
|-weather|Sandstorm|[upkeep]
|-damage|p2b: Charizard|0 fnt|[from] Sandstorm
|-damage|p2a: Incineroar|64/100|[from] Sandstorm
|faint|p2b: Charizard
|upkeep
|turn|8
|
|t:|1784256367
|move|p1a: Excadrill|Iron Head|p2a: Incineroar
|-resisted|p2a: Incineroar|1
|-damage|p2a: Incineroar|46/100
|move|p1b: Tyranitar|Low Kick|p2a: Incineroar
|-supereffective|p2a: Incineroar|1
|-damage|p2a: Incineroar|0 fnt
|faint|p2a: Incineroar
|
|win|sbhaga34
