|j|☆LastHorzion
|j|☆DonDeLenguas
|html|LastHorzionDonDeLenguas    
|uhtml|bestof|Game 3 of a best-of-3
|t:|1755305307
|gametype|doubles
|player|p1|LastHorzion|steven|1267
|player|p2|DonDeLenguas|265|1256
|gen|9
|tier|[Gen 9] VGC 2025 Reg H (Bo3)
|rated|
|rule|Species Clause: Limit one of each Pokémon
|rule|Item Clause: Limit 1 of each item
|clearpoke
|poke|p1|Sneasler, L50, F|
|poke|p1|Indeedee, L50, M|
|poke|p1|Ursaluna-Bloodmoon, L50, M|
|poke|p1|Whimsicott, L50, F|
|poke|p1|Typhlosion-Hisui, L50, F|
|poke|p1|Dragonite, L50, F|
|poke|p2|Kilowattrel, L50, M|
|poke|p2|Garchomp, L50, F|
|poke|p2|Gardevoir, L50, F|
|poke|p2|Incineroar, L50, F|
|poke|p2|Gholdengo, L50|
|poke|p2|Weezing, L50, M|
|teampreview|4
|showteam|p1|Sneasler||PsychicSeed|Unburden|CloseCombat,DireClaw,ThroatChop,Protect|||F|||50|,,,,,Dark]Indeedee||FocusSash|PsychicSurge|ExpandingForce,TeraBlast,Imprison,TrickRoom|||M|||50|,,,,,Ground]Ursaluna-Bloodmoon||LifeOrb|MindsEye|BloodMoon,EarthPower,HyperVoice,Protect|||M|||50|,,,,,Normal]Whimsicott||CovertCloak|Prankster|Tailwind,Moonblast,Encore,SunnyDay|||F|||50|,,,,,Water]Typhlosion-Hisui||ChoiceScarf|Blaze|Eruption,Curse,HeatWave,ShadowBall|||F|||50|,,,,,Fire]Dragonite||LoadedDice|Multiscale|ScaleShot,StompingTantrum,Haze,Protect|||F|||50|,,,,,Fairy
|showteam|p2|Kilowattrel||FocusSash|Competitive|Protect,Tailwind,AirSlash,Discharge|||M|||50|,,,,,Ghost]Garchomp||LifeOrb|RoughSkin|Protect,DragonClaw,StompingTantrum,Earthquake|||F|||50|,,,,,Ground]Gardevoir||ChoiceScarf|Telepathy|Moonblast,DazzlingGleam,ExpandingForce,MysticalFire|||F|||50|,,,,,Fire]Incineroar||AbilityShield|Intimidate|FakeOut,FlareBlitz,KnockOff,PartingShot|||F|||50|,,,,,Grass]Gholdengo||AirBalloon|GoodasGold|MakeItRain,ShadowBall,NastyPlot,Protect||||||50|,,,,,Flying]Weezing||SitrusBerry|NeutralizingGas|Protect,SludgeBomb,WillOWisp,Haze|||M|||50|,,,,,Water
|inactive|Battle timer is ON: inactive players will automatically lose when time's up. (requested by LastHorzion)
|inactive|DonDeLenguas has 60 seconds left.
|
|t:|1755305360
|teamsize|p1|4
|teamsize|p2|4
|start
|switch|p1a: Whimsicott|Whimsicott, L50, F, shiny|100/100
|switch|p1b: Dragonite|Dragonite, L50, F|100/100
|switch|p2a: Kilowattrel|Kilowattrel, L50, M|100/100
|switch|p2b: Garchomp|Garchomp, L50, F|100/100
|turn|1
|
|t:|1755305381
|switch|p2b: Weezing|Weezing, L50, M|100/100
|-ability|p2b: Weezing|Neutralizing Gas
|-terastallize|p1b: Dragonite|Fairy
|move|p2a: Kilowattrel|Air Slash|p1a: Whimsicott
|-supereffective|p1a: Whimsicott
|-damage|p1a: Whimsicott|30/100
|move|p1a: Whimsicott|Tailwind|p1a: Whimsicott
|-sidestart|p1: LastHorzion|move: Tailwind
|move|p1b: Dragonite|Scale Shot|p2a: Kilowattrel
|-damage|p2a: Kilowattrel|71/100
|-damage|p2a: Kilowattrel|44/100
|-damage|p2a: Kilowattrel|17/100
|-damage|p2a: Kilowattrel|0 fnt
|faint|p2a: Kilowattrel
|-hitcount|p2: Kilowattrel|4
|-unboost|p1b: Dragonite|def|1
|-boost|p1b: Dragonite|spe|1
|
|upkeep
|
|t:|1755305387
|switch|p2a: Incineroar|Incineroar, L50, F|100/100
|-ability|p2a: Incineroar|Intimidate|boost
|-unboost|p1a: Whimsicott|atk|1
|-unboost|p1b: Dragonite|atk|1
|turn|2
|inactive|LastHorzion has 30 seconds left.
|
|t:|1755305421
|switch|p1b: Indeedee|Indeedee, L50, M, shiny|100/100
|move|p1a: Whimsicott|Moonblast|p2a: Incineroar
|-damage|p2a: Incineroar|78/100
|move|p2b: Weezing|Sludge Bomb|p1b: Indeedee
|-damage|p1b: Indeedee|62/100
|move|p2a: Incineroar|Flare Blitz|p1a: Whimsicott
|-supereffective|p1a: Whimsicott
|-damage|p1a: Whimsicott|0 fnt
|faint|p1a: Whimsicott
|-damage|p2a: Incineroar|70/100|[from] Recoil
|
|upkeep
|
|t:|1755305441
|switch|p1a: Sneasler|Sneasler, L50, F, shiny|100/100
|turn|3
|
|t:|1755305452
|switch|p2a: Garchomp|Garchomp, L50, F|100/100
|-terastallize|p2b: Weezing|Water
|move|p1b: Indeedee|Expanding Force|p2b: Weezing
|-damage|p2b: Weezing|58/100
|move|p1a: Sneasler|Close Combat|p2a: Garchomp
|-damage|p2a: Garchomp|34/100
|-unboost|p1a: Sneasler|def|1
|-unboost|p1a: Sneasler|spd|1
|move|p2b: Weezing|Will-O-Wisp|p1a: Sneasler
|-status|p1a: Sneasler|brn
|
|-damage|p1a: Sneasler|95/100 brn|[from] brn
|upkeep
|turn|4
|inactive|LastHorzion has 30 seconds left.
|
|t:|1755305484
|-end|p2b: Weezing|ability: Neutralizing Gas
|-fieldstart|move: Psychic Terrain|[from] ability: Psychic Surge|[of] p1b: Indeedee
|-enditem|p1a: Sneasler|Psychic Seed
|-boost|p1a: Sneasler|spd|1|[from] item: Psychic Seed
|switch|p2b: Incineroar|Incineroar, L50, F|70/100
|-ability|p2b: Incineroar|Intimidate|boost
|-unboost|p1a: Sneasler|atk|1
|-unboost|p1b: Indeedee|atk|1
|move|p2a: Garchomp|Protect|p2a: Garchomp
|-singleturn|p2a: Garchomp|Protect
|move|p1a: Sneasler|Close Combat|p2a: Garchomp
|-activate|p2a: Garchomp|move: Protect
|move|p1b: Indeedee|Expanding Force|p2b: Incineroar|[spread] 
|-activate|p2a: Garchomp|move: Protect
|-immune|p2b: Incineroar
|
|-damage|p1a: Sneasler|89/100 brn|[from] brn
|-sideend|p1: LastHorzion|move: Tailwind
|upkeep
|turn|5
|inactive|LastHorzion has 30 seconds left.
|inactive|LastHorzion has 20 seconds left.
|inactive|LastHorzion has 15 seconds left.
|
|t:|1755305525
|switch|p2b: Weezing|Weezing, L50, M, tera:Water|58/100
|-ability|p2b: Weezing|Neutralizing Gas
|move|p1a: Sneasler|Protect|p1a: Sneasler
|-singleturn|p1a: Sneasler|Protect
|move|p2a: Garchomp|Earthquake|p1a: Sneasler|[spread] p2b,p1b
|-activate|p1a: Sneasler|move: Protect
|-damage|p2b: Weezing|23/100
|-damage|p1b: Indeedee|0 fnt
|-enditem|p2b: Weezing|Sitrus Berry|[eat]
|-heal|p2b: Weezing|48/100|[from] item: Sitrus Berry
|faint|p1b: Indeedee
|-damage|p2a: Garchomp|24/100|[from] item: Life Orb
|
|-damage|p1a: Sneasler|83/100 brn|[from] brn
|upkeep
|
|t:|1755305540
|switch|p1b: Dragonite|Dragonite, L50, F, tera:Fairy|100/100
|turn|6
|
|t:|1755305564
|switch|p2a: Incineroar|Incineroar, L50, F|70/100
|-ability|p2a: Incineroar|Intimidate|boost
|-unboost|p1a: Sneasler|atk|1
|-unboost|p1b: Dragonite|atk|1
|move|p1a: Sneasler|Close Combat|p2b: Weezing
|-damage|p2b: Weezing|34/100
|-unboost|p1a: Sneasler|def|1
|-unboost|p1a: Sneasler|spd|1
|move|p1b: Dragonite|Scale Shot|p2b: Weezing
|-damage|p2b: Weezing|26/100
|-damage|p2b: Weezing|19/100
|-damage|p2b: Weezing|10/100
|-damage|p2b: Weezing|0 fnt
|faint|p2b: Weezing
|-end|p2b: Weezing|ability: Neutralizing Gas
|-hitcount|p2: Weezing|4
|-unboost|p1b: Dragonite|def|1
|-boost|p1b: Dragonite|spe|1
|
|-damage|p1a: Sneasler|77/100 brn|[from] brn
|upkeep
|
|t:|1755305579
|switch|p2b: Garchomp|Garchomp, L50, F|24/100
|turn|7
|inactive|LastHorzion has 30 seconds left.
|inactive|DonDeLenguas has 30 seconds left.
|
|t:|1755305608
|move|p2b: Garchomp|Protect|p2b: Garchomp
|-singleturn|p2b: Garchomp|Protect
|move|p1a: Sneasler|Close Combat|p2a: Incineroar
|-supereffective|p2a: Incineroar
|-damage|p2a: Incineroar|45/100
|-unboost|p1a: Sneasler|def|1
|-unboost|p1a: Sneasler|spd|1
|move|p1b: Dragonite|Stomping Tantrum|p2a: Incineroar
|-supereffective|p2a: Incineroar
|-damage|p2a: Incineroar|15/100
|move|p2a: Incineroar|Flare Blitz|p1b: Dragonite
|-damage|p1b: Dragonite|60/100
|-damage|p2a: Incineroar|4/100|[from] Recoil
|
|-damage|p1a: Sneasler|71/100 brn|[from] brn
|upkeep
|turn|8
|
|t:|1755305629
|move|p1a: Sneasler|Protect|p1a: Sneasler
|-singleturn|p1a: Sneasler|Protect
|move|p1b: Dragonite|Stomping Tantrum|p2b: Garchomp
|-damage|p2b: Garchomp|6/100
|-damage|p1b: Dragonite|48/100|[from] ability: Rough Skin|[of] p2b: Garchomp
|move|p2b: Garchomp|Earthquake|p1a: Sneasler|[spread] p2a,p1b
|-activate|p1a: Sneasler|move: Protect
|-supereffective|p2a: Incineroar
|-damage|p2a: Incineroar|0 fnt
|-damage|p1b: Dragonite|0 fnt
|faint|p2a: Incineroar
|faint|p1b: Dragonite
|-damage|p2b: Garchomp|0 fnt|[from] item: Life Orb
|faint|p2b: Garchomp
|
|win|LastHorzion
|raw|LastHorzion's rating: 1267 → 1291(+24 for winning)
|raw|DonDeLenguas's rating: 1256 → 1232(-24 for losing)
|c|☆LastHorzion|ggs
|c|☆DonDeLenguas|Gh
|c|☆DonDeLenguas|Gg
