|j|☆lbifrostl
|j|☆Sapitoch 4
|html|lbifrostlSapitoch 4    
|uhtml|bestof|Game 2 of a best-of-3
|t:|1782324069
|gametype|doubles
|player|p1|lbifrostl|veteran|1100
|player|p2|Sapitoch 4|101|1164
|gen|9
|tier|[Gen 9 Champions] VGC 2026 Reg M-B (Bo3)
|rated|
|rule|Species Clause: Limit one of each Pokémon
|rule|Item Clause: Limit 1 of each item
|clearpoke
|poke|p1|Swampert, L50, M|
|poke|p1|Grimmsnarl, L50, M|
|poke|p1|Pelipper, L50, F|
|poke|p1|Archaludon, L50, M|
|poke|p1|Sinistcha, L50|
|poke|p1|Floette-Eternal, L50, F|
|poke|p2|Gengar, L50, F|
|poke|p2|Whimsicott, L50, F|
|poke|p2|Incineroar, L50, F|
|poke|p2|Dragonite, L50, F|
|poke|p2|Politoed, L50, F|
|poke|p2|Sneasler, L50, F|
|teampreview|4
|showteam|p1|Swampert||Swampertite|Torrent|HighHorsepower,WaveCrash,Protect,IcePunch|Jolly||M|||50|]Grimmsnarl||LightClay|Prankster|SpiritBreak,Reflect,LightScreen,PartingShot|Impish||M|||50|]Pelipper||DampRock|Drizzle|Tailwind,Hurricane,Protect,WeatherBall|Calm||F|||50|]Archaludon||Leftovers|Stamina|ElectroShot,DracoMeteor,Protect,FlashCannon|Bold||M|||50|]Sinistcha||SitrusBerry|Hospitality|RagePowder,MatchaGotcha,Protect,TrickRoom|Calm|||||50|]Floette-Eternal||Floettite|FlowerVeil|Moonblast,DazzlingGleam,Protect,CalmMind|Timid||F|||50|
|showteam|p2|Gengar||Gengarite|CursedBody|ShadowBall,SludgeBomb,Disable,Protect|Timid||F|||50|]Whimsicott||FocusSash|Prankster|Moonblast,EnergyBall,Tailwind,Encore|Bold||F|||50|]Incineroar||PasshoBerry|Intimidate|FakeOut,FlareBlitz,DarkestLariat,PartingShot|Jolly||F|||50|]Dragonite||DragonFang|Multiscale|DragonClaw,LowKick,Protect,ExtremeSpeed|Adamant||F|||50|]Politoed||MysticWater|Drizzle|WeatherBall,MuddyWater,Protect,Encore|Modest||F|||50|]Sneasler||WhiteHerb|Unburden|CloseCombat,FakeOut,Protect,DireClaw|Jolly||F|||50|
|
|t:|1782324096
|teamsize|p1|4
|teamsize|p2|4
|start
|switch|p1a: Swampert|Swampert, L50, M|100/100
|switch|p1b: Grimmsnarl|Grimmsnarl, L50, M|100/100
|switch|p2a: Gengar|Gengar, L50, F|100/100
|switch|p2b: Politoed|Politoed, L50, F|100/100
|-weather|RainDance|[from] ability: Drizzle|[of] p2b: Politoed
|turn|1
|
|t:|1782324127
|switch|p1a: Sinistcha|Sinistcha, L50|100/100
|detailschange|p2a: Gengar|Gengar-Mega, L50, F
|-mega|p2a: Gengar|Gengar|Gengarite
|move|p2a: Gengar|Protect|p2a: Gengar
|-singleturn|p2a: Gengar|Protect
|move|p1b: Grimmsnarl|Light Screen|p1b: Grimmsnarl
|-sidestart|p1: lbifrostl|move: Light Screen
|move|p2b: Politoed|Encore||[still]
|-fail|p2b: Politoed
|
|-weather|RainDance|[upkeep]
|upkeep
|turn|2
|
|t:|1782324160
|switch|p2b: Whimsicott|Whimsicott, L50, F|100/100
|move|p1a: Sinistcha|Protect|p1a: Sinistcha
|-singleturn|p1a: Sinistcha|Protect
|move|p1b: Grimmsnarl|Parting Shot|p2a: Gengar
|-unboost|p2a: Gengar|atk|1
|-unboost|p2a: Gengar|spa|1
|
|t:|1782324169
|switch|p1b: Pelipper|Pelipper, L50, F|100/100|[from] Parting Shot
|move|p2a: Gengar|Shadow Ball|p1a: Sinistcha
|-activate|p1a: Sinistcha|move: Protect
|
|-weather|RainDance|[upkeep]
|upkeep
|turn|3
|
|t:|1782324187
|switch|p1a: Grimmsnarl|Grimmsnarl, L50, M|100/100
|move|p2b: Whimsicott|Encore|p1a: Grimmsnarl
|-hint|Since gen 7, Dark is immune to Prankster moves.
|-immune|p1a: Grimmsnarl
|move|p2a: Gengar|Disable||[still]
|-fail|p2a: Gengar
|move|p1b: Pelipper|Hurricane|p2b: Whimsicott
|-supereffective|p2b: Whimsicott|1
|-damage|p2b: Whimsicott|1/100
|
|-weather|RainDance|[upkeep]
|upkeep
|turn|4
|
|t:|1782324218
|move|p1a: Grimmsnarl|Parting Shot|p2a: Gengar
|-unboost|p2a: Gengar|atk|1
|-unboost|p2a: Gengar|spa|1
|
|t:|1782324225
|switch|p1a: Swampert|Swampert, L50, M|100/100|[from] Parting Shot
|move|p2a: Gengar|Sludge Bomb|p1a: Swampert
|-resisted|p1a: Swampert|1
|-damage|p1a: Swampert|90/100
|move|p2b: Whimsicott|Moonblast|p1a: Swampert
|-damage|p1a: Swampert|70/100
|move|p1b: Pelipper|Tailwind|p1b: Pelipper
|-sidestart|p1: lbifrostl|move: Tailwind
|
|-weather|RainDance|[upkeep]
|upkeep
|turn|5
|
|t:|1782324256
|detailschange|p1a: Swampert|Swampert-Mega, L50, M
|-mega|p1a: Swampert|Swampert|Swampertite
|move|p2a: Gengar|Protect|p2a: Gengar
|-singleturn|p2a: Gengar|Protect
|move|p2b: Whimsicott|Tailwind|p2b: Whimsicott
|-sidestart|p2: Sapitoch 4|move: Tailwind
|move|p1a: Swampert|High Horsepower|p2a: Gengar
|-activate|p2a: Gengar|move: Protect
|move|p1b: Pelipper|Hurricane|p2b: Whimsicott
|-supereffective|p2b: Whimsicott|1
|-damage|p2b: Whimsicott|0 fnt
|faint|p2b: Whimsicott
|
|-weather|none
|upkeep
|
|t:|1782324265
|switch|p2b: Politoed|Politoed, L50, F|100/100
|-weather|RainDance|[from] ability: Drizzle|[of] p2b: Politoed
|turn|6
|
|t:|1782324278
|switch|p2a: Dragonite|Dragonite, L50, F|100/100
|move|p1b: Pelipper|Protect|p1b: Pelipper
|-singleturn|p1b: Pelipper|Protect
|move|p1a: Swampert|High Horsepower|p2a: Dragonite
|-immune|p2a: Dragonite
|move|p2b: Politoed|Muddy Water|p1a: Swampert|[spread] p1a
|-activate|p1b: Pelipper|move: Protect
|-damage|p1a: Swampert|38/100
|
|-weather|RainDance|[upkeep]
|upkeep
|turn|7
|
|t:|1782324301
|switch|p1b: Grimmsnarl|Grimmsnarl, L50, M|100/100
|move|p1a: Swampert|Protect|p1a: Swampert
|-singleturn|p1a: Swampert|Protect
|move|p2a: Dragonite|Protect|p2a: Dragonite
|-singleturn|p2a: Dragonite|Protect
|move|p2b: Politoed|Weather Ball|p1a: Swampert
|-activate|p1a: Swampert|move: Protect
|
|-weather|RainDance|[upkeep]
|-sideend|p1: lbifrostl|move: Tailwind
|upkeep
|turn|8
|
|t:|1782324327
|switch|p1a: Pelipper|Pelipper, L50, F|100/100
|move|p2a: Dragonite|Dragon Claw|p1a: Pelipper
|-damage|p1a: Pelipper|49/100
|move|p2b: Politoed|Muddy Water|p1b: Grimmsnarl|[spread] 
|-miss|p2b: Politoed|p1a: Pelipper
|-miss|p2b: Politoed|p1b: Grimmsnarl
|move|p1b: Grimmsnarl|Spirit Break|p2a: Dragonite
|-supereffective|p2a: Dragonite|1
|-damage|p2a: Dragonite|64/100
|-unboost|p2a: Dragonite|spa|1
|
|-weather|RainDance|[upkeep]
|-sideend|p1: lbifrostl|move: Light Screen
|-sideend|p2: Sapitoch 4|move: Tailwind
|upkeep
|turn|9
|
|t:|1782324351
|switch|p2a: Gengar|Gengar-Mega, L50, F|100/100
|move|p1a: Pelipper|Protect|p1a: Pelipper
|-singleturn|p1a: Pelipper|Protect
|move|p2b: Politoed|Encore|p1b: Grimmsnarl
|-start|p1b: Grimmsnarl|Encore
|move|p1b: Grimmsnarl|Spirit Break|p2b: Politoed
|-damage|p2b: Politoed|62/100
|-unboost|p2b: Politoed|spa|1
|
|-weather|RainDance|[upkeep]
|upkeep
|turn|10
|
|t:|1782324402
|switch|p2b: Dragonite|Dragonite, L50, F|64/100
|move|p2a: Gengar|Disable|p1b: Grimmsnarl
|-start|p1b: Grimmsnarl|Disable|Spirit Break
|move|p1a: Pelipper|Hurricane|p2b: Dragonite
|-damage|p2b: Dragonite|26/100
|cant|p1b: Grimmsnarl|Disable|Spirit Break
|
|-weather|none
|upkeep
|turn|11
|
|t:|1782324419
|move|p2a: Gengar|Shadow Ball|p1a: Pelipper
|-damage|p1a: Pelipper|1/100
|move|p2b: Dragonite|Dragon Claw|p1a: Pelipper
|-damage|p1a: Pelipper|0 fnt
|faint|p1a: Pelipper
|-activate|p1b: Grimmsnarl|move: Struggle
|move|p1b: Grimmsnarl|Struggle|p2a: Gengar
|-damage|p2a: Gengar|83/100
|-damage|p1b: Grimmsnarl|74/100|[from] recoil
|
|-end|p1b: Grimmsnarl|Encore
|upkeep
|
|t:|1782324433
|switch|p1a: Swampert|Swampert-Mega, L50, M|38/100
|turn|12
|
|t:|1782324460
|move|p1a: Swampert|Protect|p1a: Swampert
|-singleturn|p1a: Swampert|Protect
|move|p2b: Dragonite|Extreme Speed|p1b: Grimmsnarl
|-damage|p1b: Grimmsnarl|43/100
|move|p1b: Grimmsnarl|Parting Shot|p2a: Gengar
|-unboost|p2a: Gengar|atk|1
|-unboost|p2a: Gengar|spa|1
|
|t:|1782324468
|switch|p1b: Sinistcha|Sinistcha, L50|100/100|[from] Parting Shot
|-heal|p1a: Swampert|63/100|[from] ability: Hospitality|[of] p1b: Sinistcha
|move|p2a: Gengar|Shadow Ball|p1a: Swampert
|-activate|p1a: Swampert|move: Protect
|
|upkeep
|turn|13
|
|t:|1782324519
|switch|p1b: Grimmsnarl|Grimmsnarl, L50, M|43/100
|move|p2a: Gengar|Shadow Ball|p1a: Swampert
|-damage|p1a: Swampert|33/100
|move|p1a: Swampert|Ice Punch|p2b: Dragonite
|-supereffective|p2b: Dragonite|2
|-damage|p2b: Dragonite|0 fnt
|faint|p2b: Dragonite
|
|upkeep
|
|t:|1782324526
|switch|p2b: Politoed|Politoed, L50, F|62/100
|-weather|RainDance|[from] ability: Drizzle|[of] p2b: Politoed
|turn|14
|
|t:|1782324545
|move|p2b: Politoed|Protect|p2b: Politoed
|-singleturn|p2b: Politoed|Protect
|move|p1b: Grimmsnarl|Parting Shot|p2b: Politoed
|-activate|p2b: Politoed|move: Protect
|move|p1a: Swampert|High Horsepower|p2b: Politoed
|-activate|p2b: Politoed|move: Protect
|move|p2a: Gengar|Sludge Bomb|p1b: Grimmsnarl
|-supereffective|p1b: Grimmsnarl|1
|-damage|p1b: Grimmsnarl|0 fnt
|faint|p1b: Grimmsnarl
|
|-weather|RainDance|[upkeep]
|upkeep
|
|t:|1782324557
|switch|p1b: Sinistcha|Sinistcha, L50|100/100
|-heal|p1a: Swampert|58/100|[from] ability: Hospitality|[of] p1b: Sinistcha
|turn|15
|
|t:|1782324583
|move|p1a: Swampert|Protect|p1a: Swampert
|-singleturn|p1a: Swampert|Protect
|move|p1b: Sinistcha|Protect|p1b: Sinistcha
|-singleturn|p1b: Sinistcha|Protect
|move|p2a: Gengar|Shadow Ball|p1a: Swampert
|-activate|p1a: Swampert|move: Protect
|move|p2b: Politoed|Weather Ball|p1a: Swampert
|-activate|p1a: Swampert|move: Protect
|
|-weather|RainDance|[upkeep]
|upkeep
|turn|16
|
|t:|1782324611
|move|p2a: Gengar|Protect|p2a: Gengar
|-singleturn|p2a: Gengar|Protect
|move|p1a: Swampert|High Horsepower|p2a: Gengar
|-activate|p2a: Gengar|move: Protect
|move|p2b: Politoed|Muddy Water|p1a: Swampert|[spread] p1a,p1b
|-resisted|p1b: Sinistcha|1
|-damage|p1a: Swampert|10/100
|-damage|p1b: Sinistcha|75/100
|move|p1b: Sinistcha|Matcha Gotcha|p2b: Politoed|[spread] 
|-activate|p2a: Gengar|move: Protect
|-miss|p1b: Sinistcha|p2b: Politoed
|
|-weather|RainDance|[upkeep]
|upkeep
|turn|17
|
|t:|1782324629
|move|p1a: Swampert|High Horsepower|p2a: Gengar
|-supereffective|p2a: Gengar|1
|-damage|p2a: Gengar|0 fnt
|faint|p2a: Gengar
|move|p2b: Politoed|Muddy Water|p1b: Sinistcha|[spread] p1a,p1b
|-resisted|p1b: Sinistcha|1
|-damage|p1a: Swampert|0 fnt
|-damage|p1b: Sinistcha|50/100y
|-unboost|p1b: Sinistcha|accuracy|1
|-enditem|p1b: Sinistcha|Sitrus Berry|[eat]
|-heal|p1b: Sinistcha|74/100|[from] item: Sitrus Berry
|faint|p1a: Swampert
|move|p1b: Sinistcha|Matcha Gotcha|p2b: Politoed
|-supereffective|p2b: Politoed|1
|-damage|p2b: Politoed|9/100
|-heal|p1b: Sinistcha|100/100|[from] drain|[of] p2b: Politoed
|
|-weather|RainDance|[upkeep]
|upkeep
|turn|18
|
|t:|1782324646
|move|p2b: Politoed|Weather Ball|p1b: Sinistcha
|-resisted|p1b: Sinistcha|1
|-damage|p1b: Sinistcha|67/100
|move|p1b: Sinistcha|Matcha Gotcha|p2b: Politoed
|-supereffective|p2b: Politoed|1
|-damage|p2b: Politoed|0 fnt
|-heal|p1b: Sinistcha|72/100|[from] drain|[of] p2b: Politoed
|faint|p2b: Politoed
|
|win|lbifrostl
|raw|lbifrostl's rating: 1100 → 1130(+30 for winning)
|raw|Sapitoch 4's rating: 1164 → 1134(-30 for losing)
