|j|☆mekakurito
|j|☆dimitry_vgc
|html|mekakuritodimitry_vgc    
|uhtml|bestof|Game 2 of a best-of-3
|t:|1782275190
|gametype|doubles
|player|p1|mekakurito|266|1085
|player|p2|dimitry_vgc|pokemonbreederf-gen4|1071
|gen|9
|tier|[Gen 9 Champions] VGC 2026 Reg M-B (Bo3)
|rated|
|rule|Species Clause: Limit one of each Pokémon
|rule|Item Clause: Limit 1 of each item
|clearpoke
|poke|p1|Sinistcha, L50|
|poke|p1|Staraptor, L50, F|
|poke|p1|Whimsicott, L50, M|
|poke|p1|Incineroar, L50, M|
|poke|p1|Hatterene, L50, F, shiny|
|poke|p1|Farigiraf, L50, M|
|poke|p2|Pelipper, L50, F|
|poke|p2|Archaludon, L50, F, shiny|
|poke|p2|Sinistcha, L50, shiny|
|poke|p2|Swampert, L50, F|
|poke|p2|Maushold-Four, L50|
|poke|p2|Mawile, L50, F, shiny|
|teampreview|4
|showteam|p1|Sinistcha||KasibBerry|Hospitality|RagePowder,MatchaGotcha,LifeDew,ShadowBall|Bold|||||50|]Staraptor||Staraptite|Intimidate|Substitute,Protect,CloseCombat,DualWingbeat|Jolly||F|||50|]Whimsicott||FocusSash|Prankster|Encore,Endeavor,Tailwind,Charm|Timid||M|||50|]Incineroar||ChopleBerry|Intimidate|FakeOut,FlareBlitz,Taunt,WillOWisp|Impish||M|||50|]Hatterene||LifeOrb|MagicBounce|ExpandingForce,DazzlingGleam,MysticalFire,Protect|Quiet||F|||50|]Farigiraf||ColburBerry|ArmorTail|TrickRoom,HelpingHand,PsychicTerrain,TwinBeam|Relaxed||M|||50|
|showteam|p2|Pelipper||SitrusBerry|Drizzle|WeatherBall,Hurricane,Tailwind,WideGuard|Modest||F|||50|]Archaludon||Leftovers|Stamina|ElectroShot,DragonPulse,FlashCannon,Protect|Modest||F|||50|]Sinistcha||CobaBerry|Hospitality|MatchaGotcha,RagePowder,Protect,TrickRoom|Bold|||||50|]Swampert||Swampertite|Torrent|WaveCrash,Earthquake,IcePunch,Protect|Jolly||F|||50|]Maushold-Four||ChopleBerry|FriendGuard|FollowMe,SuperFang,Protect,RainDance|Jolly|||||50|]Mawile||Mawilite|HyperCutter|PlayRough,IronHead,SuckerPunch,Protect|Adamant||F|||50|
|
|t:|1782275214
|teamsize|p1|4
|teamsize|p2|4
|start
|switch|p1a: Staraptor|Staraptor, L50, F|100/100
|switch|p1b: Whimsicott|Whimsicott, L50, M|100/100
|switch|p2a: Maushold|Maushold-Four, L50|100/100
|switch|p2b: Archaludon|Archaludon, L50, F, shiny|100/100
|-ability|p1a: Staraptor|Intimidate|boost
|-unboost|p2a: Maushold|atk|1
|-unboost|p2b: Archaludon|atk|1
|turn|1
|inactive|Battle timer is ON: inactive players will automatically lose when time's up. (requested by dimitry_vgc)
|
|t:|1782275231
|detailschange|p1a: Staraptor|Staraptor-Mega, L50, F
|-mega|p1a: Staraptor|Staraptor|Staraptite
|move|p1b: Whimsicott|Tailwind|p1b: Whimsicott
|-sidestart|p1: mekakurito|move: Tailwind
|move|p1a: Staraptor|Substitute|p1a: Staraptor
|-start|p1a: Staraptor|Substitute
|-damage|p1a: Staraptor|75/100
|move|p2a: Maushold|Rain Dance|p2a: Maushold
|-weather|RainDance
|move|p2b: Archaludon|Electro Shot||[still]
|-prepare|p2b: Archaludon|Electro Shot
|-boost|p2b: Archaludon|spa|1
|-anim|p2b: Archaludon|Electro Shot|p1a: Staraptor
|-supereffective|p1a: Staraptor|1
|-end|p1a: Staraptor|Substitute
|
|-weather|RainDance|[upkeep]
|upkeep
|turn|2
|inactive|mekakurito has 30 seconds left.
|inactive|mekakurito has 20 seconds left.
|inactive|mekakurito has 15 seconds left.
|inactive|mekakurito has 10 seconds left.
|
|t:|1782275278
|move|p1a: Staraptor|Protect|p1a: Staraptor
|-singleturn|p1a: Staraptor|Protect
|move|p2a: Maushold|Follow Me|p2a: Maushold
|-singleturn|p2a: Maushold|move: Follow Me
|move|p1b: Whimsicott|Encore|p2a: Maushold
|-start|p2a: Maushold|Encore
|move|p2b: Archaludon|Electro Shot||[still]
|-prepare|p2b: Archaludon|Electro Shot
|-boost|p2b: Archaludon|spa|1
|-anim|p2b: Archaludon|Electro Shot|p1a: Staraptor
|-activate|p1a: Staraptor|move: Protect
|
|-weather|RainDance|[upkeep]
|upkeep
|turn|3
|inactive|mekakurito has 30 seconds left.
|inactive|mekakurito has 20 seconds left.
|
|t:|1782275313
|switch|p1b: Sinistcha|Sinistcha, L50|100/100
|-heal|p1a: Staraptor|100/100|[from] ability: Hospitality|[of] p1b: Sinistcha
|move|p2a: Maushold|Follow Me|p2a: Maushold
|-singleturn|p2a: Maushold|move: Follow Me
|move|p1a: Staraptor|Substitute|p1a: Staraptor
|-start|p1a: Staraptor|Substitute
|-damage|p1a: Staraptor|75/100
|move|p2b: Archaludon|Electro Shot||[still]
|-prepare|p2b: Archaludon|Electro Shot
|-boost|p2b: Archaludon|spa|1
|-anim|p2b: Archaludon|Electro Shot|p1a: Staraptor
|-supereffective|p1a: Staraptor|1
|-end|p1a: Staraptor|Substitute
|
|-weather|RainDance|[upkeep]
|upkeep
|turn|4
|
|t:|1782275335
|move|p1b: Sinistcha|Rage Powder|p1b: Sinistcha
|-singleturn|p1b: Sinistcha|move: Rage Powder
|move|p2a: Maushold|Follow Me|p2a: Maushold
|-singleturn|p2a: Maushold|move: Follow Me
|move|p1a: Staraptor|Substitute|p1a: Staraptor
|-start|p1a: Staraptor|Substitute
|-damage|p1a: Staraptor|50/100y
|move|p2b: Archaludon|Dragon Pulse|p1b: Sinistcha
|-damage|p1b: Sinistcha|0 fnt
|faint|p1b: Sinistcha
|
|-weather|RainDance|[upkeep]
|-sideend|p1: mekakurito|move: Tailwind
|upkeep
|
|t:|1782275345
|switch|p1b: Whimsicott|Whimsicott, L50, M|100/100
|turn|5
|
|t:|1782275359
|move|p2a: Maushold|Follow Me|p2a: Maushold
|-singleturn|p2a: Maushold|move: Follow Me
|move|p1b: Whimsicott|Charm|p2a: Maushold
|-unboost|p2a: Maushold|atk|2
|move|p1a: Staraptor|Dual Wingbeat|p2a: Maushold
|-damage|p2a: Maushold|73/100
|-damage|p2a: Maushold|46/100
|-hitcount|p2a: Maushold|2
|move|p2b: Archaludon|Electro Shot||[still]
|-prepare|p2b: Archaludon|Electro Shot
|-boost|p2b: Archaludon|spa|1
|-anim|p2b: Archaludon|Electro Shot|p1a: Staraptor
|-supereffective|p1a: Staraptor|1
|-end|p1a: Staraptor|Substitute
|
|-weather|none
|-end|p2a: Maushold|Encore
|upkeep
|turn|6
|inactive|dimitry_vgc has 30 seconds left.
|inactive|dimitry_vgc has 20 seconds left.
|
|t:|1782275395
|switch|p1b: Incineroar|Incineroar, L50, M|100/100
|-ability|p1b: Incineroar|Intimidate|boost
|-unboost|p2a: Maushold|atk|1
|-unboost|p2b: Archaludon|atk|1
|move|p1a: Staraptor|Protect|p1a: Staraptor
|-singleturn|p1a: Staraptor|Protect
|move|p2a: Maushold|Follow Me|p2a: Maushold
|-singleturn|p2a: Maushold|move: Follow Me
|move|p2b: Archaludon|Dragon Pulse|p1a: Staraptor
|-activate|p1a: Staraptor|move: Protect
|
|upkeep
|turn|7
|
|t:|1782275412
|move|p2b: Archaludon|Protect|p2b: Archaludon
|-singleturn|p2b: Archaludon|Protect
|move|p1b: Incineroar|Fake Out|p2b: Archaludon
|-activate|p2b: Archaludon|move: Protect
|move|p2a: Maushold|Rain Dance|p2a: Maushold
|-weather|RainDance
|move|p1a: Staraptor|Close Combat|p2a: Maushold
|-supereffective|p2a: Maushold|1
|-enditem|p2a: Maushold|Chople Berry|[eat]
|-enditem|p2a: Maushold|Chople Berry|[weaken]
|-damage|p2a: Maushold|0 fnt
|-boost|p1a: Staraptor|def|1
|-boost|p1a: Staraptor|spd|1
|faint|p2a: Maushold
|
|-weather|RainDance|[upkeep]
|upkeep
|
|t:|1782275434
|switch|p2a: Swampert|Swampert, L50, F|100/100
|turn|8
|
|t:|1782275448
|detailschange|p2a: Swampert|Swampert-Mega, L50, F
|-mega|p2a: Swampert|Swampert|Swampertite
|move|p1a: Staraptor|Protect|p1a: Staraptor
|-singleturn|p1a: Staraptor|Protect
|move|p2a: Swampert|Wave Crash|p1b: Incineroar
|-supereffective|p1b: Incineroar|1
|-crit|p1b: Incineroar
|-damage|p1b: Incineroar|0 fnt
|faint|p1b: Incineroar
|-damage|p2a: Swampert|70/100|[from] Recoil
|move|p2b: Archaludon|Electro Shot||[still]
|-prepare|p2b: Archaludon|Electro Shot
|-boost|p2b: Archaludon|spa|1
|-anim|p2b: Archaludon|Electro Shot|p1a: Staraptor
|-activate|p1a: Staraptor|move: Protect
|
|-weather|RainDance|[upkeep]
|upkeep
|
|t:|1782275455
|switch|p1b: Whimsicott|Whimsicott, L50, M|100/100
|turn|9
|
|t:|1782275476
|move|p1a: Staraptor|Protect|p1a: Staraptor
|-singleturn|p1a: Staraptor|Protect
|move|p1b: Whimsicott|Tailwind|p1b: Whimsicott
|-sidestart|p1: mekakurito|move: Tailwind
|move|p2a: Swampert|Wave Crash|p1a: Staraptor
|-activate|p1a: Staraptor|move: Protect
|move|p2b: Archaludon|Electro Shot||[still]
|-prepare|p2b: Archaludon|Electro Shot
|-boost|p2b: Archaludon|spa|1
|-anim|p2b: Archaludon|Electro Shot|p1a: Staraptor
|-activate|p1a: Staraptor|move: Protect
|
|-weather|RainDance|[upkeep]
|upkeep
|turn|10
|inactive|mekakurito has 30 seconds left.
|
|t:|1782275503
|move|p1b: Whimsicott|Charm|p1a: Staraptor
|-boost|p1a: Staraptor|atk|2
|move|p1a: Staraptor|Close Combat|p2b: Archaludon
|-supereffective|p2b: Archaludon|1
|-damage|p2b: Archaludon|0 fnt
|-boost|p1a: Staraptor|def|1
|-boost|p1a: Staraptor|spd|1
|faint|p2b: Archaludon
|move|p2a: Swampert|Wave Crash|p1a: Staraptor
|-damage|p1a: Staraptor|0 fnt
|faint|p1a: Staraptor
|-damage|p2a: Swampert|57/100|[from] Recoil
|
|-weather|RainDance|[upkeep]
|upkeep
|c|☆dimitry_vgc|so boring
|
|t:|1782275518
|switch|p2b: Sinistcha|Sinistcha, L50, shiny|100/100
|-heal|p2a: Swampert|81/100|[from] ability: Hospitality|[of] p2b: Sinistcha
|turn|11
|
|t:|1782275525
|move|p1b: Whimsicott|Charm|p2a: Swampert
|-unboost|p2a: Swampert|atk|2
|move|p2a: Swampert|Ice Punch|p1b: Whimsicott
|-supereffective|p1b: Whimsicott|1
|-damage|p1b: Whimsicott|61/100
|move|p2b: Sinistcha|Matcha Gotcha|p1b: Whimsicott|[miss]
|-miss|p2b: Sinistcha|p1b: Whimsicott
|
|-weather|none
|upkeep
|turn|12
|
|t:|1782275542
|move|p1b: Whimsicott|Charm|p2a: Swampert
|-unboost|p2a: Swampert|atk|2
|move|p2a: Swampert|Ice Punch|p1b: Whimsicott
|-supereffective|p1b: Whimsicott|1
|-crit|p1b: Whimsicott
|-damage|p1b: Whimsicott|0 fnt
|faint|p1b: Whimsicott
|
|win|dimitry_vgc
||mekakurito is ready for game 3.
|inactive|dimitry_vgc has 30 seconds to confirm battle start!
||dimitry_vgc is ready for game 3.
|uhtml|next|Next: Game 3 of 3
