|j|â˜†frooda
|j|â˜†LetThatSizzleSpeak
|html|froodaLetThatSizzleSpeak    
|uhtml|bestof|Game 1 of a best-of-3
|t:|1757783666
|gametype|doubles
|player|p1|frooda|cynthia|1124
|player|p2|LetThatSizzleSpeak|hiker-gen4|1133
|gen|9
|tier|[Gen 9] VGC 2025 Reg H (Bo3)
|rated|
|rule|Species Clause: Limit one of each PokÃ©mon
|rule|Item Clause: Limit 1 of each item
|clearpoke
|poke|p1|Toedscruel, L50, M|
|poke|p1|Weezing-Galar, L50, F|
|poke|p1|Garchomp, L50, M|
|poke|p1|Corviknight, L50, F|
|poke|p1|Typhlosion-Hisui, L50, F|
|poke|p1|Pawmot, L50, F|
|poke|p2|Lilligant-Hisui, L50, F|
|poke|p2|Sylveon, L50, M|
|poke|p2|Indeedee-F, L50, F|
|poke|p2|Torkoal, L50, F|
|poke|p2|Tatsugiri-Droopy, L50, M|
|poke|p2|Dondozo, L50, F|
|teampreview|4
|showteam|p1|Toedscruel||CovertCloak|MyceliumMight|Spore,RagePowder,EarthPower,AcidSpray|||M|||50|,,,,,Water]Weezing-Galar||ChoiceSpecs|NeutralizingGas|StrangeSteam,SludgeBomb,DazzlingGleam,Flamethrower|||F|||50|,,,,,Flying]Garchomp||LifeOrb|RoughSkin|StompingTantrum,Earthquake,DragonClaw,Protect|||M|||50|,,,,,Ground]Corviknight||SitrusBerry|MirrorArmor|Tailwind,Protect,BraveBird,Roost|||F|||50|,,,,,Dragon]Typhlosion-Hisui||ChoiceScarf|Blaze|Eruption,ShadowBall,HeatWave,SleepTalk|||F|||50|,,,,,Fire]Pawmot||FocusSash|NaturalCure|FakeOut,DoubleShock,CloseCombat,Protect|||F|||50|,,,,,Electric
|showteam|p2|Lilligant-Hisui||FocusSash|Chlorophyll|AfterYou,SolarBlade,CloseCombat,SleepPowder|||F|||50|,,,,,Ghost]Sylveon||ChoiceSpecs|Pixilate|HyperVoice,HyperBeam,TeraBlast,ShadowBall|||M|||50|,,,,,Fire]Indeedee-F||SafetyGoggles|PsychicSurge|Psychic,FollowMe,TrickRoom,Protect|||F|||50|,,,,,Normal]Torkoal||Charcoal|Drought|Eruption,WeatherBall,EarthPower,Protect|||F|||50|,,,,,Fire]Tatsugiri-Droopy||ChoiceScarf|Commander|IcyWind,MuddyWater,DracoMeteor,TeraBlast|||M|||50|,,,,,Fire]Dondozo||Leftovers|Unaware|OrderUp,Earthquake,BodyPress,Protect|||F|||50|,,,,,Grass
|
|t:|1757783726
|teamsize|p1|4
|teamsize|p2|4
|start
|switch|p1a: Dimmidome|Weezing-Galar, L50, F|100/100
|switch|p1b: Forg|Toedscruel, L50, M|100/100
|switch|p2a: Indeedee|Indeedee-F, L50, F|100/100
|switch|p2b: Sylveon|Sylveon, L50, M|100/100
|-ability|p1a: Dimmidome|Neutralizing Gas
|turn|1
|inactive|Battle timer is ON: inactive players will automatically lose when time's up. (requested by LetThatSizzleSpeak)
|
|t:|1757783769
|move|p2a: Indeedee|Follow Me|p2a: Indeedee
|-singleturn|p2a: Indeedee|move: Follow Me
|move|p1b: Forg|Acid Spray|p2a: Indeedee
|-damage|p2a: Indeedee|92/100
|-unboost|p2a: Indeedee|spd|2
|move|p1a: Dimmidome|Strange Steam|p2a: Indeedee
|-damage|p2a: Indeedee|0 fnt
|faint|p2a: Indeedee
|move|p2b: Sylveon|Hyper Voice|p1b: Forg|[spread] p1a,p1b
|-damage|p1a: Dimmidome|61/100
|-damage|p1b: Forg|73/100
|
|upkeep
|
|t:|1757783785
|switch|p2a: Dondozo|Dondozo, L50, F|100/100
|turn|2
|inactive|LetThatSizzleSpeak has 30 seconds left.
|
|t:|1757783814
|move|p1b: Forg|Spore|p2b: Sylveon
|-status|p2b: Sylveon|slp|[from] move: Spore
|move|p1a: Dimmidome|Strange Steam|p2a: Dondozo
|-crit|p2a: Dondozo
|-damage|p2a: Dondozo|41/100
|cant|p2b: Sylveon|slp
|move|p2a: Dondozo|Order Up|p1b: Forg
|-damage|p1b: Forg|49/100
|
|-heal|p2a: Dondozo|47/100|[from] item: Leftovers
|upkeep
|turn|3
|
|t:|1757783827
|move|p2a: Dondozo|Protect|p2a: Dondozo
|-singleturn|p2a: Dondozo|Protect
|move|p1b: Forg|Acid Spray|p2a: Dondozo
|-activate|p2a: Dondozo|move: Protect
|move|p1a: Dimmidome|Strange Steam|p2a: Dondozo
|-activate|p2a: Dondozo|move: Protect
|cant|p2b: Sylveon|slp
|
|-heal|p2a: Dondozo|53/100|[from] item: Leftovers
|upkeep
|turn|4
|inactive|LetThatSizzleSpeak has 30 seconds left.
|
|t:|1757783861
|move|p1b: Forg|Acid Spray|p2a: Dondozo
|-damage|p2a: Dondozo|48/100
|-unboost|p2a: Dondozo|spd|2
|move|p1a: Dimmidome|Strange Steam|p2a: Dondozo
|-damage|p2a: Dondozo|0 fnt
|faint|p2a: Dondozo
|-curestatus|p2b: Sylveon|slp|[msg]
|move|p2b: Sylveon|Hyper Voice|p1a: Dimmidome|[spread] p1a,p1b
|-damage|p1a: Dimmidome|15/100
|-damage|p1b: Forg|23/100
|
|upkeep
|
|t:|1757783872
|switch|p2a: Torkoal|Torkoal, L50, F|100/100
|turn|5
|
|t:|1757783891
|move|p1b: Forg|Spore|p2b: Sylveon
|-status|p2b: Sylveon|slp|[from] move: Spore
|move|p1a: Dimmidome|Strange Steam|p2b: Sylveon
|-damage|p2b: Sylveon|61/100 slp
|cant|p2b: Sylveon|slp
|move|p2a: Torkoal|Eruption|p1b: Forg|[spread] p1a,p1b
|-supereffective|p1b: Forg
|-damage|p1a: Dimmidome|0 fnt
|-damage|p1b: Forg|0 fnt
|faint|p1a: Dimmidome
|-end|p1a: Dimmidome|ability: Neutralizing Gas
|-weather|SunnyDay|[from] ability: Drought|[of] p2a: Torkoal
|faint|p1b: Forg
|
|-weather|SunnyDay|[upkeep]
|upkeep
|
|t:|1757783902
|switch|p1b: RAAA|Garchomp, L50, M, shiny|100/100
|switch|p1a: Rat|Pawmot, L50, F|100/100
|turn|6
|
|t:|1757783915
|-terastallize|p1b: RAAA|Ground
|move|p1a: Rat|Protect|p1a: Rat
|-singleturn|p1a: Rat|Protect
|move|p2a: Torkoal|Protect|p2a: Torkoal
|-singleturn|p2a: Torkoal|Protect
|move|p1b: RAAA|Earthquake|p2b: Sylveon|[spread] p2b
|-activate|p1a: Rat|move: Protect
|-activate|p2a: Torkoal|move: Protect
|-damage|p2b: Sylveon|0 fnt
|faint|p2b: Sylveon
|-damage|p1b: RAAA|91/100|[from] item: Life Orb
|
|-weather|SunnyDay|[upkeep]
|upkeep
|turn|7
|-message|LetThatSizzleSpeak forfeited.
|
|win|frooda
|l|â˜†LetThatSizzleSpeak
|player|p2|
||LetThatSizzleSpeak is ready for game 2.
|inactive|frooda has 30 seconds to confirm battle start!
|inactive|frooda has 20 seconds to confirm battle start!
|inactive|frooda has 10 seconds to confirm battle start!
||frooda is ready for game 2.
|uhtml|next|Next: Game 2 of 3
