|j|☆SomeKidJon
|j|☆MrGardnHose
|html|SomeKidJonMrGardnHose    
|uhtml|bestof|Game 2 of a best-of-3
|t:|1783342404
|gametype|doubles
|player|p1|SomeKidJon|scientistf|1160
|player|p2|MrGardnHose|jasmine-masters2|1182
|gen|9
|tier|[Gen 9 Champions] VGC 2026 Reg M-B (Bo3)
|rated|
|rule|Species Clause: Limit one of each Pokémon
|rule|Item Clause: Limit 1 of each item
|clearpoke
|poke|p1|Camerupt, L50, M|
|poke|p1|Farigiraf, L50, M|
|poke|p1|Primarina, L50, M|
|poke|p1|Hatterene, L50, F|
|poke|p1|Lopunny, L50, F|
|poke|p1|Staraptor, L50, F|
|poke|p2|Glimmora, L50, F|
|poke|p2|Whimsicott, L50, M|
|poke|p2|Charizard, L50, M|
|poke|p2|Kingambit, L50, M|
|poke|p2|Farigiraf, L50, M|
|poke|p2|Mamoswine, L50, M|
|teampreview|4
|showteam|p1|Camerupt||Cameruptite|SolidRock|AncientPower,HeatWave,EarthPower,Protect|Quiet||M|||50|]Farigiraf||SitrusBerry|ArmorTail|Protect,HelpingHand,DazzlingGleam,TrickRoom|Bold||M|||50|]Primarina||Leftovers|LiquidVoice|HyperVoice,Protect,Moonblast,CalmMind|Modest||M|||50|]Hatterene||FocusSash|MagicBounce|Psychic,Protect,DazzlingGleam,TrickRoom|Quiet||F|||50|]Lopunny||Lopunnite|Klutz|FakeOut,CloseCombat,AfterYou,TripleAxel|Jolly||F|||50|]Staraptor||ChoiceScarf|Intimidate|FinalGambit,DoubleEdge,BraveBird,Uturn|Adamant||F|||50|
|showteam|p2|Glimmora||Glimmoranite|ToxicDebris|PowerGem,SludgeBomb,EarthPower,SpikyShield|Timid||F|||50|]Whimsicott||FocusSash|Prankster|Tailwind,Encore,Protect,Moonblast|Timid||M|||50|]Charizard||CharizarditeY|Blaze|HeatWave,SolarBeam,WeatherBall,Protect|Modest||M|||50|]Kingambit||BlackGlasses|Defiant|SuckerPunch,KowtowCleave,LowKick,Protect|Adamant||M|||50|]Farigiraf||SitrusBerry|ArmorTail|Psychic,HelpingHand,TrickRoom,FoulPlay|Sassy||M|||50|]Mamoswine||LifeOrb|ThickFat|IceShard,IcicleCrash,HighHorsepower,Protect|Jolly||M|||50|
|
|t:|1783342431
|teamsize|p1|4
|teamsize|p2|4
|start
|switch|p1a: Lopunny|Lopunny, L50, F|100/100
|switch|p1b: Hatterene|Hatterene, L50, F|100/100
|switch|p2a: Mamoswine|Mamoswine, L50, M|100/100
|switch|p2b: Charizard|Charizard, L50, M|100/100
|turn|1
|
|t:|1783342443
|detailschange|p2b: Charizard|Charizard-Mega-Y, L50, M
|-mega|p2b: Charizard|Charizard|Charizardite Y
|-weather|SunnyDay|[from] ability: Drought|[of] p2b: Charizard
|move|p1a: Lopunny|Fake Out|p2b: Charizard
|-damage|p2b: Charizard|83/100
|move|p2a: Mamoswine|Icicle Crash|p1b: Hatterene
|-damage|p1b: Hatterene|30/100
|-damage|p2a: Mamoswine|90/100|[from] item: Life Orb
|cant|p2b: Charizard|flinch
|cant|p1b: Hatterene|flinch
|
|-weather|SunnyDay|[upkeep]
|upkeep
|turn|2
|
|t:|1783342463
|move|p1a: Lopunny|After You|p1b: Hatterene
|-activate|p1b: Hatterene|move: After You
|move|p1b: Hatterene|Trick Room|p1b: Hatterene
|-fieldstart|move: Trick Room|[of] p1b: Hatterene
|move|p2b: Charizard|Heat Wave|p1a: Lopunny|[spread] p1a,p1b
|-damage|p1a: Lopunny|23/100
|-damage|p1b: Hatterene|0 fnt
|-status|p1a: Lopunny|brn
|faint|p1b: Hatterene
|move|p2a: Mamoswine|High Horsepower|p1a: Lopunny
|-damage|p1a: Lopunny|0 fnt
|faint|p1a: Lopunny
|-damage|p2a: Mamoswine|80/100|[from] item: Life Orb
|
|-weather|SunnyDay|[upkeep]
|upkeep
|
|t:|1783342466
|switch|p1b: Camerupt|Camerupt, L50, M|100/100
|switch|p1a: Primarina|Primarina, L50, M|100/100
|turn|3
|
|t:|1783342473
|detailschange|p1b: Camerupt|Camerupt-Mega, L50, M
|-mega|p1b: Camerupt|Camerupt|Cameruptite
|move|p2b: Charizard|Protect|p2b: Charizard
|-singleturn|p2b: Charizard|Protect
|move|p2a: Mamoswine|Ice Shard|p1b: Camerupt
|-damage|p1b: Camerupt|70/100
|-damage|p2a: Mamoswine|71/100|[from] item: Life Orb
|move|p1b: Camerupt|Heat Wave|p2b: Charizard|[spread] p2a
|-activate|p2b: Charizard|move: Protect
|-supereffective|p2a: Mamoswine|1
|-damage|p2a: Mamoswine|0 fnt
|faint|p2a: Mamoswine
|move|p1a: Primarina|Hyper Voice|p2b: Charizard
|-activate|p2b: Charizard|move: Protect
|
|-weather|SunnyDay|[upkeep]
|upkeep
|
|t:|1783342483
|switch|p2a: Kingambit|Kingambit, L50, M|100/100
|turn|4
|
|t:|1783342492
|move|p2a: Kingambit|Sucker Punch|p1b: Camerupt
|-damage|p1b: Camerupt|22/100
|move|p1b: Camerupt|Earth Power|p2a: Kingambit
|-supereffective|p2a: Kingambit|1
|-damage|p2a: Kingambit|0 fnt
|faint|p2a: Kingambit
|move|p1a: Primarina|Calm Mind|p1a: Primarina
|-boost|p1a: Primarina|spa|1
|-boost|p1a: Primarina|spd|1
|move|p2b: Charizard|Heat Wave|p1a: Primarina|[spread] p1a,p1b
|-resisted|p1a: Primarina|1
|-resisted|p1b: Camerupt|1
|-damage|p1a: Primarina|82/100
|-damage|p1b: Camerupt|0 fnt
|faint|p1b: Camerupt
|
|-weather|SunnyDay|[upkeep]
|-heal|p1a: Primarina|88/100|[from] item: Leftovers
|upkeep
|
|t:|1783342495
|switch|p2a: Whimsicott|Whimsicott, L50, M|100/100
|turn|5
|
|t:|1783342499
|move|p2a: Whimsicott|Encore|p1a: Primarina
|-start|p1a: Primarina|Encore
|move|p1a: Primarina|Calm Mind|p1a: Primarina
|-boost|p1a: Primarina|spa|1
|-boost|p1a: Primarina|spd|1
|move|p2b: Charizard|Solar Beam||[still]
|-prepare|p2b: Charizard|Solar Beam
|-anim|p2b: Charizard|Solar Beam|p1a: Primarina
|-supereffective|p1a: Primarina|1
|-damage|p1a: Primarina|49/100
|
|-weather|none
|-heal|p1a: Primarina|55/100|[from] item: Leftovers
|upkeep
|turn|6
|-message|SomeKidJon forfeited.
|
|win|MrGardnHose
