|j|☆SuperPokeVGC
|j|☆Daniw9
|html|SuperPokeVGCDaniw9    
|uhtml|bestof|Game 2 of a best-of-3
|t:|1756488378
|gametype|doubles
|player|p1|SuperPokeVGC|ltsurge|1191
|player|p2|Daniw9|2|1238
|gen|9
|tier|[Gen 9] VGC 2025 Reg H (Bo3)
|rated|
|rule|Species Clause: Limit one of each Pokémon
|rule|Item Clause: Limit 1 of each item
|clearpoke
|poke|p1|Tyranitar, L50, M|
|poke|p1|Garchomp, L50, F|
|poke|p1|Gholdengo, L50|
|poke|p1|Sinistcha, L50|
|poke|p1|Yanmega, L50, F|
|poke|p1|Arcanine, L50, F|
|poke|p2|Garchomp, L50, M|
|poke|p2|Tyranitar, L50, F|
|poke|p2|Delphox, L50, M|
|poke|p2|Indeedee-F, L50, F|
|poke|p2|Gallade, L50, M|
|poke|p2|Whimsicott, L50, M|
|teampreview|4
|showteam|p1|Tyranitar||LifeOrb|SandStream|KnockOff,RockSlide,TeraBlast,Protect|||M|||50|,,,,,Flying]Garchomp||ClearAmulet|SandVeil|DragonClaw,StompingTantrum,Earthquake,Protect|||F|||50|,,,,,Fire]Gholdengo||Leftovers|GoodasGold|MakeItRain,ShadowBall,NastyPlot,Protect||||||50|,,,,,Water]Sinistcha||SitrusBerry|Hospitality|RagePowder,MatchaGotcha,TrickRoom,Protect||||||50|,,,,,Water]Yanmega||FocusSash|SpeedBoost|Tailwind,AirSlash,BugBuzz,Detect|||F|||50|,,,,,Ghost]Arcanine||MirrorHerb|Intimidate|ExtremeSpeed,FlareBlitz,WillOWisp,Protect|||F|||50|,,,,,Normal
|showteam|p2|Garchomp||LifeOrb|SandVeil|Earthquake,StompingTantrum,Protect,DragonClaw|||M|||50|,,,,,Steel]Tyranitar||AssaultVest|SandStream|RockSlide,TeraBlast,KnockOff,LowKick|||F|||50|,,,,,Flying]Delphox||PsychicSeed|Magician|ExpandingForce,HeatWave,TeraBlast,Protect|||M|||50|,,,,,Fairy]Indeedee-F||SafetyGoggles|PsychicSurge|DazzlingGleam,TrickRoom,FollowMe,HelpingHand|||F|||50|,,,,,Water]Gallade||ClearAmulet|Sharpness|SacredSword,PsychoCut,TrickRoom,Protect|||M|||50|,,,,,Grass]Whimsicott||CovertCloak|Prankster|Moonblast,Tailwind,Encore,Protect|||M|||50|,,,,,Ghost
|inactive|Battle timer is ON: inactive players will automatically lose when time's up. (requested by SuperPokeVGC)
|
|t:|1756488397
|teamsize|p1|4
|teamsize|p2|4
|start
|switch|p1a: Yanmega|Yanmega, L50, F, shiny|100/100
|switch|p1b: Garchomp|Garchomp, L50, F|100/100
|switch|p2a: Indeedee|Indeedee-F, L50, F|100/100
|switch|p2b: Gallade|Gallade, L50, M|100/100
|-fieldstart|move: Psychic Terrain|[from] ability: Psychic Surge|[of] p2a: Indeedee
|turn|1
|
|t:|1756488412
|-terastallize|p2b: Gallade|Grass
|move|p2a: Indeedee|Follow Me|p2a: Indeedee
|-singleturn|p2a: Indeedee|move: Follow Me
|move|p1b: Garchomp|Dragon Claw|p2a: Indeedee
|-damage|p2a: Indeedee|63/100
|move|p1a: Yanmega|Bug Buzz|p2a: Indeedee
|-supereffective|p2a: Indeedee
|-damage|p2a: Indeedee|0 fnt
|faint|p2a: Indeedee
|move|p2b: Gallade|Trick Room|p2b: Gallade
|-fieldstart|move: Trick Room|[of] p2b: Gallade
|
|-ability|p1a: Yanmega|Speed Boost|boost
|-boost|p1a: Yanmega|spe|1
|upkeep
|
|t:|1756488423
|switch|p2a: Tyranitar|Tyranitar, L50, F|100/100
|-weather|Sandstorm|[from] ability: Sand Stream|[of] p2a: Tyranitar
|turn|2
|inactive|SuperPokeVGC has 30 seconds left.
|
|t:|1756488450
|switch|p1b: Sinistcha|Sinistcha, L50|100/100
|move|p2a: Tyranitar|Rock Slide|p1b: Sinistcha|[spread] p1a,p1b
|-supereffective|p1a: Yanmega
|-enditem|p1a: Yanmega|Focus Sash
|-damage|p1a: Yanmega|1/100
|-damage|p1b: Sinistcha|71/100
|move|p2b: Gallade|Psycho Cut|p1b: Sinistcha
|-damage|p1b: Sinistcha|2/100
|-enditem|p1b: Sinistcha|Sitrus Berry|[eat]
|-heal|p1b: Sinistcha|27/100|[from] item: Sitrus Berry
|cant|p1a: Yanmega|flinch
|
|-weather|Sandstorm|[upkeep]
|-damage|p1b: Sinistcha|21/100|[from] Sandstorm
|-damage|p2b: Gallade|95/100|[from] Sandstorm
|-damage|p1a: Yanmega|0 fnt|[from] Sandstorm
|faint|p1a: Yanmega
|upkeep
|
|t:|1756488464
|switch|p1a: Tyranitar|Tyranitar, L50, M|100/100
|turn|3
|
|t:|1756488477
|move|p1a: Tyranitar|Protect|p1a: Tyranitar
|-singleturn|p1a: Tyranitar|Protect
|move|p1b: Sinistcha|Matcha Gotcha|p2a: Tyranitar|[spread] p2a,p2b
|-supereffective|p2a: Tyranitar
|-resisted|p2b: Gallade
|-damage|p2a: Tyranitar|80/100
|-heal|p1b: Sinistcha|33/100|[from] drain|[of] p2a: Tyranitar
|-damage|p2b: Gallade|84/100
|-heal|p1b: Sinistcha|38/100|[from] drain|[of] p2b: Gallade
|move|p2a: Tyranitar|Rock Slide|p1a: Tyranitar|[spread] p1b
|-activate|p1a: Tyranitar|move: Protect
|-crit|p1b: Sinistcha
|-damage|p1b: Sinistcha|0 fnt
|faint|p1b: Sinistcha
|move|p2b: Gallade|Sacred Sword|p1a: Tyranitar
|-activate|p1a: Tyranitar|move: Protect
|
|-weather|Sandstorm|[upkeep]
|-damage|p2b: Gallade|78/100|[from] Sandstorm
|upkeep
|
|t:|1756488496
|switch|p1b: Garchomp|Garchomp, L50, F|100/100
|turn|4
|
|t:|1756488507
|-terastallize|p1a: Tyranitar|Flying
|move|p2a: Tyranitar|Rock Slide|p1b: Garchomp|[spread] p1a,p1b
|-supereffective|p1a: Tyranitar
|-resisted|p1b: Garchomp
|-damage|p1a: Tyranitar|52/100
|-damage|p1b: Garchomp|85/100
|cant|p1a: Tyranitar|flinch
|move|p2b: Gallade|Sacred Sword|p1a: Tyranitar
|-resisted|p1a: Tyranitar
|-damage|p1a: Tyranitar|24/100
|cant|p1b: Garchomp|flinch
|
|-weather|Sandstorm|[upkeep]
|-damage|p1a: Tyranitar|18/100|[from] Sandstorm
|-damage|p2b: Gallade|72/100|[from] Sandstorm
|upkeep
|turn|5
|
|t:|1756488520
|move|p1a: Tyranitar|Protect|p1a: Tyranitar
|-singleturn|p1a: Tyranitar|Protect
|move|p1b: Garchomp|Protect|p1b: Garchomp
|-singleturn|p1b: Garchomp|Protect
|move|p2a: Tyranitar|Rock Slide|p1b: Garchomp|[spread] 
|-activate|p1a: Tyranitar|move: Protect
|-activate|p1b: Garchomp|move: Protect
|move|p2b: Gallade|Psycho Cut|p1b: Garchomp
|-activate|p1b: Garchomp|move: Protect
|
|-weather|Sandstorm|[upkeep]
|-damage|p1a: Tyranitar|12/100|[from] Sandstorm
|-damage|p2b: Gallade|67/100|[from] Sandstorm
|-fieldend|move: Trick Room
|-fieldend|move: Psychic Terrain
|upkeep
|turn|6
|
|t:|1756488534
|move|p1b: Garchomp|Stomping Tantrum|p2a: Tyranitar
|-supereffective|p2a: Tyranitar
|-damage|p2a: Tyranitar|22/100
|move|p2b: Gallade|Psycho Cut|p1a: Tyranitar
|-damage|p1a: Tyranitar|0 fnt
|faint|p1a: Tyranitar
|move|p2a: Tyranitar|Rock Slide|p1b: Garchomp
|-resisted|p1b: Garchomp
|-damage|p1b: Garchomp|66/100
|
|-weather|none
|upkeep
|turn|7
|inactive|Daniw9 has 30 seconds left.
|inactive|Daniw9 has 20 seconds left.
|inactive|Daniw9 has 15 seconds left.
|inactive|Daniw9 has 10 seconds left.
|inactive|Daniw9 has 5 seconds left.
|
|t:|1756488589
|move|p1b: Garchomp|Dragon Claw|p2b: Gallade
|-damage|p2b: Gallade|1/100
|move|p2b: Gallade|Sacred Sword|p1b: Garchomp
|-damage|p1b: Garchomp|0 fnt
|faint|p1b: Garchomp
|
|win|Daniw9
||SuperPokeVGC is ready for game 3.
|inactive|Daniw9 has 30 seconds to confirm battle start!
|inactive|Daniw9 has 20 seconds to confirm battle start!
|inactive|Daniw9 has 10 seconds to confirm battle start!
|uhtml|next|Next: Game 3 of 3
|l|☆Daniw9
|player|p2|
|j|☆Daniw9
|player|p2|Daniw9|2|
