|j|☆GustaEiras
|j|☆airslashesfolante
|html|GustaEirasairslashesfolante    
|uhtml|bestof|Game 2 of a best-of-3
|t:|1786069249
|gametype|doubles
|player|p1|GustaEiras|pokemonranger-gen4|
|player|p2|airslashesfolante|roxie-masters|
|gen|9
|tier|[Gen 9 Champions] VGC 2026 Reg M-B (Bo3)
|rule|Species Clause: Limit one of each Pokémon
|rule|Item Clause: Limit 1 of each item
|clearpoke
|poke|p1|Dragonite, L50, F|
|poke|p1|Toxicroak, L50, M|
|poke|p1|Vivillon, L50, F|
|poke|p1|Blastoise, L50, F|
|poke|p1|Heliolisk, L50, F|
|poke|p1|Sableye, L50, M|
|poke|p2|Chimecho, L50, M|
|poke|p2|Altaria, L50, F|
|poke|p2|Sableye, L50, M|
|poke|p2|Heliolisk, L50, F|
|poke|p2|Quaquaval, L50, F|
|poke|p2|Mr. Rime, L50, M|
|teampreview|4
|showteam|p1|Dragonite||LumBerry|Multiscale|DragonClaw,FirePunch,ExtremeSpeed,Protect|Adamant||F|||50|]Toxicroak||FocusSash|PoisonTouch|CloseCombat,PoisonJab,FakeOut,Coaching|Jolly||M|||50|]Vivillon||ChoiceScarf|CompoundEyes|Hurricane,Tailwind,RagePowder,SleepPowder|Timid||F|||50|]Blastoise||Blastoisinite|Torrent|WaterSpout,AuraSphere,ShellSmash,Protect|Modest||F|||50|]Heliolisk||LifeOrb|SolarPower|Thunderbolt,WeatherBall,Electroweb,Protect|Timid||F|||50|]Sableye||LightClay|Prankster|Encore,Disable,LightScreen,Reflect|Bold||M|||50|
|showteam|p2|Chimecho||Chimechite|Levitate|CalmMind,Recover,Psyshock,FlashCannon|Bold||M|||50|]Altaria||SitrusBerry|CloudNine|WillOWisp,Tailwind,Acrobatics,Protect|Impish||F|||50|]Sableye||LightClay|Prankster|SkillSwap,Reflect,LightScreen,FoulPlay|Bold||M|||50|]Heliolisk||ChoiceScarf|DrySkin|HyperVoice,VoltSwitch,Electroweb,Thunderbolt|Timid||F|||50|]Quaquaval||LifeOrb|Moxie|AquaStep,CloseCombat,TripleAxel,Protect|Jolly||F|||50|]Mr. Rime||NeverMeltIce|ScreenCleaner|FakeOut,FreezeDry,Taunt,Protect|Modest||M|||50|
|
|t:|1786069285
|teamsize|p1|4
|teamsize|p2|4
|start
|switch|p1a: Dragonite|Dragonite, L50, F|100/100
|switch|p1b: Toxicroak|Toxicroak, L50, M|100/100
|switch|p2a: Mr. Rime|Mr. Rime, L50, M|100/100
|switch|p2b: Quaquaval|Quaquaval, L50, F|100/100
|turn|1
|
|t:|1786069308
|move|p1a: Dragonite|Protect|p1a: Dragonite
|-singleturn|p1a: Dragonite|Protect
|move|p1b: Toxicroak|Fake Out|p2b: Quaquaval
|-damage|p2b: Quaquaval|84/100
|-status|p2b: Quaquaval|psn|[from] ability: Poison Touch|[of] p1b: Toxicroak
|cant|p2b: Quaquaval|flinch
|move|p2a: Mr. Rime|Freeze-Dry|p1b: Toxicroak
|-damage|p1b: Toxicroak|41/100
|
|-damage|p2b: Quaquaval|72/100 psn|[from] psn
|upkeep
|turn|2
|
|t:|1786069343
|switch|p1a: Vivillon|Vivillon, L50, F|100/100
|move|p2b: Quaquaval|Protect|p2b: Quaquaval
|-singleturn|p2b: Quaquaval|Protect
|move|p1b: Toxicroak|Close Combat|p2a: Mr. Rime
|-damage|p2a: Mr. Rime|37/100
|-unboost|p1b: Toxicroak|def|1
|-unboost|p1b: Toxicroak|spd|1
|move|p2a: Mr. Rime|Freeze-Dry|p1a: Vivillon
|-supereffective|p1a: Vivillon|1
|-damage|p1a: Vivillon|0 fnt
|faint|p1a: Vivillon
|
|-damage|p2b: Quaquaval|59/100 psn|[from] psn
|upkeep
|
|t:|1786069357
|switch|p1a: Sableye|Sableye, L50, M|100/100
|turn|3
|
|t:|1786069384
|switch|p2b: Heliolisk|Heliolisk, L50, F|100/100
|switch|p2a: Altaria|Altaria, L50, F|100/100
|-ability|p2a: Altaria|Cloud Nine
|move|p1a: Sableye|Light Screen|p1a: Sableye
|-sidestart|p1: GustaEiras|move: Light Screen
|move|p1b: Toxicroak|Close Combat|p2a: Altaria
|-resisted|p2a: Altaria|1
|-damage|p2a: Altaria|76/100
|-unboost|p1b: Toxicroak|def|1
|-unboost|p1b: Toxicroak|spd|1
|
|upkeep
|turn|4
|
|t:|1786069427
|move|p1a: Sableye|Reflect|p1a: Sableye
|-sidestart|p1: GustaEiras|Reflect
|move|p2b: Heliolisk|Volt Switch|p1b: Toxicroak
|-damage|p1b: Toxicroak|0 fnt
|faint|p1b: Toxicroak
|
|t:|1786069432
|switch|p2b: Mr. Rime|Mr. Rime, L50, M|37/100|[from] Volt Switch
|-activate|p2b: Mr. Rime|ability: Screen Cleaner
|-sideend|p1: GustaEiras|Reflect
|-sideend|p1: GustaEiras|move: Light Screen
|move|p2a: Altaria|Tailwind|p2a: Altaria
|-sidestart|p2: airslashesfolante|move: Tailwind
|
|upkeep
|
|t:|1786069438
|switch|p1b: Dragonite|Dragonite, L50, F|100/100
|turn|5
|c|☆GustaEiras|screen cleaner foi top agora
|
|t:|1786069468
|move|p1a: Sableye|Light Screen|p1a: Sableye
|-sidestart|p1: GustaEiras|move: Light Screen
|move|p2b: Mr. Rime|Taunt|p1a: Sableye
|-start|p1a: Sableye|move: Taunt
|move|p2a: Altaria|Will-O-Wisp|p1b: Dragonite
|-status|p1b: Dragonite|brn
|-enditem|p1b: Dragonite|Lum Berry|[eat]
|-curestatus|p1b: Dragonite|brn|[msg]
|move|p1b: Dragonite|Dragon Claw|p2b: Mr. Rime
|-damage|p2b: Mr. Rime|0 fnt
|faint|p2b: Mr. Rime
|
|upkeep
|
|t:|1786069479
|switch|p2b: Quaquaval|Quaquaval, L50, F|59/100 psn
|turn|6
|
|t:|1786069489
|move|p1b: Dragonite|Protect|p1b: Dragonite
|-singleturn|p1b: Dragonite|Protect
|move|p2b: Quaquaval|Aqua Step|p1a: Sableye
|-damage|p1a: Sableye|49/100
|-boost|p2b: Quaquaval|spe|1
|-damage|p2b: Quaquaval|49/100 psn|[from] item: Life Orb
|move|p2a: Altaria|Will-O-Wisp|p1b: Dragonite
|-activate|p1b: Dragonite|move: Protect
|-activate|p1a: Sableye|move: Struggle
|move|p1a: Sableye|Struggle|p2b: Quaquaval
|-damage|p2b: Quaquaval|39/100 psn
|-damage|p1a: Sableye|24/100|[from] recoil
|
|-damage|p2b: Quaquaval|26/100 psn|[from] psn
|upkeep
|turn|7
|
|t:|1786069512
|move|p1b: Dragonite|Extreme Speed|p2b: Quaquaval
|-damage|p2b: Quaquaval|0 fnt
|faint|p2b: Quaquaval
|move|p2a: Altaria|Will-O-Wisp|p1b: Dragonite
|-status|p1b: Dragonite|brn
|-activate|p1a: Sableye|move: Struggle
|move|p1a: Sableye|Struggle|p2a: Altaria
|-damage|p2a: Altaria|68/100
|-damage|p1a: Sableye|0 fnt|[from] recoil
|faint|p1a: Sableye
|
|-damage|p1b: Dragonite|93/100 brn|[from] brn
|-sideend|p2: airslashesfolante|move: Tailwind
|upkeep
|
|t:|1786069520
|switch|p2b: Heliolisk|Heliolisk, L50, F|100/100
|turn|8
|
|t:|1786069533
|move|p2b: Heliolisk|Thunderbolt|p1b: Dragonite
|-damage|p1b: Dragonite|67/100 brn
|move|p1b: Dragonite|Dragon Claw|p2b: Heliolisk
|-damage|p2b: Heliolisk|46/100
|move|p2a: Altaria|Acrobatics|p1b: Dragonite
|-damage|p1b: Dragonite|50/100y brn
|
|-damage|p1b: Dragonite|43/100 brn|[from] brn
|upkeep
|turn|9
|
|t:|1786069545
|move|p2b: Heliolisk|Thunderbolt|p1b: Dragonite
|-damage|p1b: Dragonite|18/100 brn
|move|p1b: Dragonite|Dragon Claw|p2b: Heliolisk
|-damage|p2b: Heliolisk|1/100
|move|p2a: Altaria|Acrobatics|p1b: Dragonite
|-damage|p1b: Dragonite|1/100 brn
|
|-damage|p1b: Dragonite|0 fnt|[from] brn
|faint|p1b: Dragonite
|
|win|airslashesfolante
||airslashesfolante is ready for game 3.
||GustaEiras is ready for game 3.
|uhtml|next|Next: Game 3 of 3
