|j|☆hungry hillo
|j|☆celaerity
|html|hungry hillocelaerity    
|uhtml|bestof|Game 1 of a best-of-3
|t:|1757795914
|gametype|doubles
|player|p1|hungry hillo|n|1120
|player|p2|celaerity|mars|1160
|gen|9
|tier|[Gen 9] VGC 2025 Reg H (Bo3)
|rated|
|rule|Species Clause: Limit one of each Pokémon
|rule|Item Clause: Limit 1 of each item
|clearpoke
|poke|p1|Rillaboom, L50, F|
|poke|p1|Dondozo, L50, F|
|poke|p1|Incineroar, L50, F|
|poke|p1|Gholdengo, L50|
|poke|p1|Glimmora, L50, M|
|poke|p1|Maushold-Four, L50|
|poke|p2|Archaludon, L50, M|
|poke|p2|Pelipper, L50, F|
|poke|p2|Basculegion, L50, M|
|poke|p2|Sinistcha, L50|
|poke|p2|Maushold-Four, L50|
|poke|p2|Annihilape, L50, M|
|teampreview|4
|showteam|p1|Rillaboom||AssaultVest|GrassySurge|FakeOut,WoodHammer,GrassyGlide,Uturn|||F|||50|,,,,,Water]Dondozo||Leftovers|Unaware|Protect,WaveCrash,Yawn,Fissure|||F|||50|,,,,,Grass]Incineroar||SafetyGoggles|Intimidate|FakeOut,KnockOff,FlareBlitz,PartingShot|||F|||50|,,,,,Ghost]Gholdengo||LifeOrb|GoodasGold|MakeItRain,ShadowBall,NastyPlot,Protect||||||50|,,,,,Water]Glimmora||FocusSash|ToxicDebris|PowerGem,MortalSpin,SpikyShield,EnergyBall|||M|||50|,,,,,Grass]Maushold-Four||SitrusBerry|FriendGuard|Encore,Taunt,Protect,FollowMe||||||50|,,,,,Fairy
|showteam|p2|Archaludon||AssaultVest|Stamina|DracoMeteor,FlashCannon,ElectroShot,BodyPress|||M|||50|,,,,,Grass]Pelipper||FocusSash|Drizzle|Hurricane,WeatherBall,Tailwind,HelpingHand|||F|||50|,,,,,Stellar]Basculegion||ChoiceBand|SwiftSwim|WaveCrash,FlipTurn,LastRespects,AquaJet|||M|||50|,,,,,Grass]Sinistcha||SitrusBerry|Hospitality|MatchaGotcha,LifeDew,RagePowder,TrickRoom||||||50|,,,,,Fairy]Maushold-Four||SafetyGoggles|FriendGuard|BeatUp,FollowMe,Taunt,Protect||||||50|,,,,,Ghost]Annihilape||Leftovers|Defiant|DrainPunch,RageFist,BulkUp,Protect|||M|||50|,,,,,Grass
|
|t:|1757795942
|teamsize|p1|4
|teamsize|p2|4
|start
|switch|p1a: Maushold|Maushold-Four, L50|100/100
|switch|p1b: Glimmora|Glimmora, L50, M|100/100
|switch|p2a: Maushold|Maushold-Four, L50|100/100
|switch|p2b: Annihilape|Annihilape, L50, M|100/100
|turn|1
|
|t:|1757795971
|switch|p2b: Archaludon|Archaludon, L50, M|100/100
|move|p2a: Maushold|Protect|p2a: Maushold
|-singleturn|p2a: Maushold|Protect
|move|p1a: Maushold|Taunt|p2a: Maushold
|-activate|p2a: Maushold|move: Protect
|move|p1b: Glimmora|Mortal Spin|p2a: Maushold|[spread] 
|-activate|p2a: Maushold|move: Protect
|-immune|p2b: Archaludon
|
|upkeep
|turn|2
|
|t:|1757795987
|move|p2a: Maushold|Beat Up|p2b: Archaludon
|-damage|p2b: Archaludon|99/100
|-ability|p2b: Archaludon|Stamina|boost
|-boost|p2b: Archaludon|def|1
|-damage|p2b: Archaludon|98/100
|-ability|p2b: Archaludon|Stamina|boost
|-boost|p2b: Archaludon|def|1
|-damage|p2b: Archaludon|98/100
|-ability|p2b: Archaludon|Stamina|boost
|-boost|p2b: Archaludon|def|1
|-damage|p2b: Archaludon|97/100
|-ability|p2b: Archaludon|Stamina|boost
|-boost|p2b: Archaludon|def|1
|-hitcount|p2b: Archaludon|4
|move|p1a: Maushold|Encore|p2a: Maushold
|-start|p2a: Maushold|Encore
|move|p1b: Glimmora|Power Gem|p2b: Archaludon
|-resisted|p2b: Archaludon
|-damage|p2b: Archaludon|84/100
|-ability|p2b: Archaludon|Stamina|boost
|-boost|p2b: Archaludon|def|1
|move|p2b: Archaludon|Body Press|p1a: Maushold
|-supereffective|p1a: Maushold
|-damage|p1a: Maushold|0 fnt
|faint|p1a: Maushold
|
|upkeep
|
|t:|1757795990
|switch|p1a: Gholdengo|Gholdengo, L50|100/100
|turn|3
|
|t:|1757796015
|switch|p2a: Pelipper|Pelipper, L50, F|100/100
|-weather|RainDance|[from] ability: Drizzle|[of] p2a: Pelipper
|move|p1b: Glimmora|Power Gem|p2a: Pelipper
|-supereffective|p2a: Pelipper
|-enditem|p2a: Pelipper|Focus Sash
|-damage|p2a: Pelipper|1/100
|move|p1a: Gholdengo|Nasty Plot|p1a: Gholdengo
|-boost|p1a: Gholdengo|spa|2
|move|p2b: Archaludon|Electro Shot||[still]
|-prepare|p2b: Archaludon|Electro Shot
|-boost|p2b: Archaludon|spa|1
|-anim|p2b: Archaludon|Electro Shot|p1a: Gholdengo
|-damage|p1a: Gholdengo|29/100
|
|-weather|RainDance|[upkeep]
|upkeep
|turn|4
|
|t:|1757796041
|move|p1b: Glimmora|Power Gem|p2a: Pelipper
|-supereffective|p2a: Pelipper
|-damage|p2a: Pelipper|0 fnt
|faint|p2a: Pelipper
|move|p1a: Gholdengo|Shadow Ball|p2b: Archaludon
|-damage|p2b: Archaludon|0 fnt
|faint|p2b: Archaludon
|-damage|p1a: Gholdengo|20/100|[from] item: Life Orb
|
|-weather|RainDance|[upkeep]
|upkeep
|
|t:|1757796048
|switch|p2a: Annihilape|Annihilape, L50, M|100/100
|switch|p2b: Maushold|Maushold-Four, L50|100/100
|turn|5
|
|t:|1757796075
|move|p1a: Gholdengo|Protect|p1a: Gholdengo
|-singleturn|p1a: Gholdengo|Protect
|move|p2b: Maushold|Taunt|p1b: Glimmora
|-start|p1b: Glimmora|move: Taunt
|move|p2a: Annihilape|Rage Fist|p1a: Gholdengo
|-activate|p1a: Gholdengo|move: Protect
|move|p1b: Glimmora|Mortal Spin|p2b: Maushold|[spread] p2a,p2b
|-resisted|p2a: Annihilape
|-damage|p2a: Annihilape|99/100
|-damage|p2b: Maushold|96/100
|-status|p2a: Annihilape|psn
|-status|p2b: Maushold|psn
|
|-weather|RainDance|[upkeep]
|-heal|p2a: Annihilape|100/100 psn|[from] item: Leftovers
|-damage|p2b: Maushold|83/100 psn|[from] psn
|-damage|p2a: Annihilape|88/100 psn|[from] psn
|upkeep
|turn|6
|
|t:|1757796101
|switch|p1a: Rillaboom|Rillaboom, L50, F|100/100
|-fieldstart|move: Grassy Terrain|[from] ability: Grassy Surge|[of] p1a: Rillaboom
|-terastallize|p1b: Glimmora|Grass
|move|p2b: Maushold|Follow Me|p2b: Maushold
|-singleturn|p2b: Maushold|move: Follow Me
|move|p2a: Annihilape|Rage Fist|p1a: Rillaboom
|-damage|p1a: Rillaboom|66/100
|move|p1b: Glimmora|Energy Ball|p2b: Maushold
|-damage|p2b: Maushold|13/100 psn
|
|-weather|RainDance|[upkeep]
|-heal|p2b: Maushold|19/100 psn|[from] Grassy Terrain
|-heal|p2a: Annihilape|94/100 psn|[from] Grassy Terrain
|-heal|p2a: Annihilape|100/100 psn|[from] item: Leftovers
|-heal|p1a: Rillaboom|72/100|[from] Grassy Terrain
|-damage|p2b: Maushold|7/100 psn|[from] psn
|-damage|p2a: Annihilape|88/100 psn|[from] psn
|upkeep
|turn|7
|
|t:|1757796121
|-terastallize|p2b: Maushold|Ghost
|move|p1a: Rillaboom|Fake Out|p2b: Maushold
|-immune|p2b: Maushold
|move|p2b: Maushold|Beat Up|p2a: Annihilape
|-damage|p2a: Annihilape|86/100 psn
|-hitcount|p2a: Annihilape|1
|move|p2a: Annihilape|Rage Fist|p1b: Glimmora
|-damage|p1b: Glimmora|28/100
|-activate|p1b: Glimmora|ability: Toxic Debris
|-sidestart|p2: celaerity|move: Toxic Spikes
|move|p1b: Glimmora|Energy Ball|p2a: Annihilape
|-damage|p2a: Annihilape|44/100 psn
|
|-weather|none
|-heal|p2b: Maushold|13/100 psn|[from] Grassy Terrain
|-heal|p2a: Annihilape|50/100 psn|[from] Grassy Terrain
|-heal|p2a: Annihilape|56/100 psn|[from] item: Leftovers
|-heal|p1b: Glimmora|34/100|[from] Grassy Terrain
|-heal|p1a: Rillaboom|77/100|[from] Grassy Terrain
|-damage|p2b: Maushold|1/100 psn|[from] psn
|-damage|p2a: Annihilape|44/100 psn|[from] psn
|-end|p1b: Glimmora|move: Taunt
|upkeep
|turn|8
|
|t:|1757796135
|move|p1b: Glimmora|Spiky Shield|p1b: Glimmora
|-singleturn|p1b: Glimmora|move: Protect
|move|p1a: Rillaboom|Grassy Glide|p2b: Maushold
|-damage|p2b: Maushold|0 fnt
|faint|p2b: Maushold
|move|p2a: Annihilape|Rage Fist|p1a: Rillaboom
|-damage|p1a: Rillaboom|6/100
|
|-heal|p2a: Annihilape|50/100 psn|[from] Grassy Terrain
|-heal|p2a: Annihilape|56/100 psn|[from] item: Leftovers
|-heal|p1b: Glimmora|40/100|[from] Grassy Terrain
|-heal|p1a: Rillaboom|12/100|[from] Grassy Terrain
|-damage|p2a: Annihilape|44/100 psn|[from] psn
|upkeep
|turn|9
|-message|celaerity forfeited.
|
|win|hungry hillo
|l|☆celaerity
|player|p2|
||celaerity is ready for game 2.
||hungry hillo is ready for game 2.
|uhtml|next|Next: Game 2 of 3
