|j|☆Balruch
|j|☆chocokoala vgc
|html|Balruchchocokoala vgc    
|uhtml|bestof|Game 1 of a best-of-3
|t:|1782502115
|gametype|doubles
|player|p1|Balruch|veteran|1126
|player|p2|chocokoala vgc|benga|1247
|gen|9
|tier|[Gen 9 Champions] VGC 2026 Reg M-B (Bo3)
|rated|
|rule|Species Clause: Limit one of each Pokémon
|rule|Item Clause: Limit 1 of each item
|clearpoke
|poke|p1|Charizard, L50, M|
|poke|p1|Garchomp, L50, M|
|poke|p1|Basculegion, L50, M|
|poke|p1|Floette-Eternal, L50, F|
|poke|p1|Aerodactyl, L50, F|
|poke|p1|Venusaur, L50, F|
|poke|p2|Kangaskhan, L50, F|
|poke|p2|Incineroar, L50, M|
|poke|p2|Farigiraf, L50, M|
|poke|p2|Whimsicott, L50, F|
|poke|p2|Gholdengo, L50|
|poke|p2|Raichu, L50, F, shiny|
|teampreview|4
|showteam|p1|Charizard||CharizarditeY|Blaze|HeatWave,SolarBeam,DragonPulse,Protect|Timid||M|||50|]Garchomp||LifeOrb|RoughSkin|StompingTantrum,RockSlide,Protect,PoisonJab|Jolly||M|||50|]Basculegion||ChoiceScarf|Adaptability|LastRespects,AquaJet,WaveCrash,FlipTurn|Adamant||M|||50|]Floette-Eternal||Floettite|FlowerVeil|DazzlingGleam,DrainingKiss,GigaDrain,Protect|Timid||F|||50|]Aerodactyl||FocusSash|Unnerve|RockSlide,Tailwind,DualWingbeat,WideGuard|Jolly||F|||50|]Venusaur||WideLens|Chlorophyll|EarthPower,SludgeBomb,SleepPowder,Protect|Modest||F|||50|
|showteam|p2|Kangaskhan||Kangaskhanite|Scrappy|FakeOut,DoubleEdge,Protect,LowKick|Adamant||F|||50|]Incineroar||Leftovers|Intimidate|FakeOut,PartingShot,FlareBlitz,DarkestLariat|Sassy||M|||50|]Farigiraf||SitrusBerry|ArmorTail|Psychic,HelpingHand,Protect,TrickRoom|Bold||M|||50|]Whimsicott||FocusSash|Prankster|Tailwind,FakeTears,Encore,Moonblast|Timid||F|||50|]Gholdengo||LifeOrb|GoodasGold|MakeItRain,ShadowBall,Protect,NastyPlot|Modest|||||50|]Raichu||RaichuniteY|LightningRod|ZapCannon,FocusBlast,Protect,GrassKnot|Timid||F|||50|
|inactive|Battle timer is ON: inactive players will automatically lose when time's up. (requested by chocokoala vgc)
|inactive|Balruch has 60 seconds left.
|inactive|chocokoala vgc has 60 seconds left.
|
|t:|1782502165
|teamsize|p1|4
|teamsize|p2|4
|start
|switch|p1a: Charizard|Charizard, L50, M|100/100
|switch|p1b: Venusaur|Venusaur, L50, F|100/100
|switch|p2a: Incineroar|Incineroar, L50, M|100/100
|switch|p2b: Farigiraf|Farigiraf, L50, M|100/100
|-ability|p2a: Incineroar|Intimidate|boost
|-unboost|p1a: Charizard|atk|1
|-unboost|p1b: Venusaur|atk|1
|turn|1
|
|t:|1782502187
|detailschange|p1a: Charizard|Charizard-Mega-Y, L50, M
|-mega|p1a: Charizard|Charizard|Charizardite Y
|-weather|SunnyDay|[from] ability: Drought|[of] p1a: Charizard
|move|p2a: Incineroar|Fake Out|p1b: Venusaur
|-damage|p1b: Venusaur|86/100
|cant|p1b: Venusaur|flinch
|move|p1a: Charizard|Heat Wave|p2a: Incineroar|[spread] p2a,p2b
|-resisted|p2a: Incineroar|1
|-damage|p2a: Incineroar|74/100
|-damage|p2b: Farigiraf|44/100
|-enditem|p2b: Farigiraf|Sitrus Berry|[eat]
|-heal|p2b: Farigiraf|68/100|[from] item: Sitrus Berry
|move|p2b: Farigiraf|Trick Room|p2b: Farigiraf
|-fieldstart|move: Trick Room|[of] p2b: Farigiraf
|
|-weather|SunnyDay|[upkeep]
|-heal|p2a: Incineroar|80/100|[from] item: Leftovers
|upkeep
|turn|2
|
|t:|1782502208
|move|p2a: Incineroar|Flare Blitz|p1b: Venusaur
|-supereffective|p1b: Venusaur|1
|-damage|p1b: Venusaur|0 fnt
|faint|p1b: Venusaur
|-damage|p2a: Incineroar|55/100|[from] Recoil
|move|p2b: Farigiraf|Psychic|p1a: Charizard
|-damage|p1a: Charizard|63/100
|move|p1a: Charizard|Heat Wave|p2b: Farigiraf|[spread] p2a
|-miss|p1a: Charizard|p2b: Farigiraf
|-resisted|p2a: Incineroar|1
|-damage|p2a: Incineroar|31/100
|
|-weather|SunnyDay|[upkeep]
|-heal|p2a: Incineroar|37/100|[from] item: Leftovers
|upkeep
|
|t:|1782502222
|switch|p1b: Garchomp|Garchomp, L50, M|100/100
|turn|3
|
|t:|1782502234
|move|p2a: Incineroar|Darkest Lariat|p1a: Charizard
|-damage|p1a: Charizard|14/100
|move|p2b: Farigiraf|Psychic|p1b: Garchomp
|-damage|p1b: Garchomp|64/100
|move|p1a: Charizard|Heat Wave|p2a: Incineroar|[spread] p2a
|-miss|p1a: Charizard|p2b: Farigiraf
|-resisted|p2a: Incineroar|1
|-damage|p2a: Incineroar|14/100
|move|p1b: Garchomp|Stomping Tantrum|p2a: Incineroar
|-supereffective|p2a: Incineroar|1
|-damage|p2a: Incineroar|0 fnt
|faint|p2a: Incineroar
|-damage|p1b: Garchomp|54/100|[from] item: Life Orb
|
|-weather|SunnyDay|[upkeep]
|upkeep
|
|t:|1782502246
|switch|p2a: Gholdengo|Gholdengo, L50|100/100
|turn|4
|
|t:|1782502256
|move|p1b: Garchomp|Protect|p1b: Garchomp
|-singleturn|p1b: Garchomp|Protect
|move|p2b: Farigiraf|Psychic|p1a: Charizard
|-damage|p1a: Charizard|0 fnt
|faint|p1a: Charizard
|move|p2a: Gholdengo|Shadow Ball|p1b: Garchomp
|-activate|p1b: Garchomp|move: Protect
|
|-weather|SunnyDay|[upkeep]
|upkeep
|
|t:|1782502264
|switch|p1a: Basculegion|Basculegion, L50, M|100/100
|turn|5
|
|t:|1782502276
|switch|p2a: Kangaskhan|Kangaskhan, L50, F|100/100
|move|p2b: Farigiraf|Protect|p2b: Farigiraf
|-singleturn|p2b: Farigiraf|Protect
|move|p1b: Garchomp|Stomping Tantrum|p2a: Kangaskhan
|-damage|p2a: Kangaskhan|47/100
|-damage|p1b: Garchomp|44/100|[from] item: Life Orb
|move|p1a: Basculegion|Last Respects|p2a: Kangaskhan
|-immune|p2a: Kangaskhan
|
|-weather|none
|-fieldend|move: Trick Room
|upkeep
|turn|6
|
|t:|1782502292
|detailschange|p2a: Kangaskhan|Kangaskhan-Mega, L50, F
|-mega|p2a: Kangaskhan|Kangaskhan|Kangaskhanite
|move|p2a: Kangaskhan|Fake Out|p1b: Garchomp
|-damage|p1b: Garchomp|22/100
|-damage|p2a: Kangaskhan|34/100|[from] ability: Rough Skin|[of] p1b: Garchomp
|-damage|p1b: Garchomp|16/100
|-damage|p2a: Kangaskhan|22/100|[from] ability: Rough Skin|[of] p1b: Garchomp
|-hitcount|p1b: Garchomp|2
|move|p1a: Basculegion|Last Respects|p2b: Farigiraf
|-immune|p2b: Farigiraf
|cant|p1b: Garchomp|flinch
|move|p2b: Farigiraf|Trick Room|p2b: Farigiraf
|-fieldstart|move: Trick Room|[of] p2b: Farigiraf
|
|upkeep
|turn|7
|
|t:|1782502309
|move|p2b: Farigiraf|Psychic|p1a: Basculegion
|-damage|p1a: Basculegion|58/100
|move|p2a: Kangaskhan|Double-Edge|p1b: Garchomp
|-damage|p1b: Garchomp|0 fnt
|-damage|p2a: Kangaskhan|10/100|[from] ability: Rough Skin|[of] p1b: Garchomp
|faint|p1b: Garchomp
|-damage|p2a: Kangaskhan|5/100|[from] Recoil
|move|p1a: Basculegion|Last Respects|p2b: Farigiraf
|-immune|p2b: Farigiraf
|
|upkeep
|turn|8
|-message|Balruch forfeited.
|
|win|chocokoala vgc
