|j|☆Dah_tobster
|j|☆JNAOFARIA
|html|Dah_tobsterJNAOFARIA    
|uhtml|bestof|Game 2 of a best-of-3
|t:|1757041916
|gametype|doubles
|player|p1|Dah_tobster|266|1172
|player|p2|JNAOFARIA|169|1143
|gen|9
|tier|[Gen 9] VGC 2025 Reg H (Bo3)
|rated|
|rule|Species Clause: Limit one of each Pokémon
|rule|Item Clause: Limit 1 of each item
|clearpoke
|poke|p1|Grimmsnarl, L50, M|
|poke|p1|Dragonite, L50, M|
|poke|p1|Gholdengo, L50|
|poke|p1|Annihilape, L50, F|
|poke|p1|Maushold-Four, L50|
|poke|p1|Rillaboom, L50, F|
|poke|p2|Pelipper, L50, M|
|poke|p2|Braviary-Hisui, L50, M|
|poke|p2|Indeedee-F, L50, F|
|poke|p2|Archaludon, L50, M|
|poke|p2|Basculegion, L50, M|
|poke|p2|Decidueye-Hisui, L50, F|
|teampreview|4
|showteam|p1|Grimmsnarl||LightClay|Prankster|SpiritBreak,Reflect,LightScreen,ThunderWave|||M|||50|,,,,,Steel]Dragonite||LoadedDice|Multiscale|ScaleShot,ExtremeSpeed,Tailwind,Protect|||M|||50|,,,,,Steel]Gholdengo||LifeOrb|GoodasGold|MakeItRain,NastyPlot,ShadowBall,Protect||||||50|,,,,,Water]Annihilape||Leftovers|Defiant|RageFist,DrainPunch,BulkUp,Protect|||F|||50|,,,,,Fire]Maushold-Four||FocusSash|FriendGuard|SuperFang,FollowMe,BeatUp,Protect||||||50|,,,,,Ghost]Rillaboom||AssaultVest|GrassySurge|FakeOut,WoodHammer,HighHorsepower,GrassyGlide|||F|||50|,,,,,Fire
|showteam|p2|Pelipper||FocusSash|Drizzle|WeatherBall,Hurricane,Tailwind,Protect|||M|||50|,,,,,Ghost]Braviary-Hisui||LifeOrb|TintedLens|ExpandingForce,Hurricane,DazzlingGleam,Protect|||M|||50|,,,,,Psychic]Indeedee-F||PsychicSeed|PsychicSurge|Psychic,FollowMe,HelpingHand,TrickRoom|||F|||50|,,,,,Fairy]Archaludon||AssaultVest|Stamina|ElectroShot,DragonPulse,FlashCannon,BodyPress|||M|||50|,,,,,Bug]Basculegion||ChoiceBand|SwiftSwim|WaveCrash,FlipTurn,AquaJet,LastRespects|||M|||50|,,,,,Water]Decidueye-Hisui||RazorClaw|Scrappy|TripleArrows,LeafBlade,Haze,Protect|||F|||50|,,,,,Fire
|inactive|Battle timer is ON: inactive players will automatically lose when time's up. (requested by Dah_tobster)
|
|t:|1757041934
|teamsize|p1|4
|teamsize|p2|4
|start
|switch|p1a: Maushold|Maushold-Four, L50|100/100
|switch|p1b: Annihilape|Annihilape, L50, F|100/100
|switch|p2a: Archaludon|Archaludon, L50, M|100/100
|switch|p2b: Pelipper|Pelipper, L50, M|100/100
|-weather|RainDance|[from] ability: Drizzle|[of] p2b: Pelipper
|turn|1
|
|t:|1757041954
|move|p1a: Maushold|Beat Up|p1b: Annihilape
|-damage|p1b: Annihilape|99/100
|-damage|p1b: Annihilape|97/100
|-damage|p1b: Annihilape|95/100
|-damage|p1b: Annihilape|93/100
|-hitcount|p1b: Annihilape|4
|move|p2a: Archaludon|Electro Shot||[still]
|-prepare|p2a: Archaludon|Electro Shot
|-boost|p2a: Archaludon|spa|1
|-anim|p2a: Archaludon|Electro Shot|p1b: Annihilape
|-damage|p1b: Annihilape|59/100
|move|p1b: Annihilape|Rage Fist|p2a: Archaludon
|-crit|p2a: Archaludon
|-damage|p2a: Archaludon|0 fnt
|faint|p2a: Archaludon
|move|p2b: Pelipper|Tailwind|p2b: Pelipper
|-sidestart|p2: JNAOFARIA|move: Tailwind
|
|-weather|RainDance|[upkeep]
|-heal|p1b: Annihilape|65/100|[from] item: Leftovers
|upkeep
|c|☆JNAOFARIA|dont worry it didnt matter huh
|
|t:|1757041979
|switch|p2a: Indeedee|Indeedee-F, L50, F|100/100
|-fieldstart|move: Psychic Terrain|[from] ability: Psychic Surge|[of] p2a: Indeedee
|-enditem|p2a: Indeedee|Psychic Seed
|-boost|p2a: Indeedee|spd|1|[from] item: Psychic Seed
|turn|2
|c|☆Dah_tobster|that crit did matter :)
|inactive|Dah_tobster has 30 seconds left.
|c|☆Dah_tobster|you would have lived on 25% ish
|inactive|Dah_tobster has 20 seconds left.
|inactive|Dah_tobster has 15 seconds left.
|c|☆JNAOFARIA|yeah, you evd my team i forgor
|inactive|Dah_tobster has 10 seconds left.
|inactive|Dah_tobster has 5 seconds left.
|
|t:|1757042030
|move|p1a: Maushold|Follow Me|p1a: Maushold
|-singleturn|p1a: Maushold|move: Follow Me
|move|p2a: Indeedee|Psychic|p1a: Maushold
|-damage|p1a: Maushold|52/100
|move|p2b: Pelipper|Weather Ball|p1a: Maushold
|-damage|p1a: Maushold|0 fnt
|faint|p1a: Maushold
|move|p1b: Annihilape|Rage Fist|p2b: Pelipper
|-enditem|p2b: Pelipper|Focus Sash
|-damage|p2b: Pelipper|1/100
|
|-weather|RainDance|[upkeep]
|-heal|p1b: Annihilape|72/100|[from] item: Leftovers
|upkeep
|
|t:|1757042046
|switch|p1a: Dragonite|Dragonite, L50, M|100/100
|turn|3
|
|t:|1757042055
|switch|p1b: Rillaboom|Rillaboom, L50, F|100/100
|-fieldstart|move: Grassy Terrain|[from] ability: Grassy Surge|[of] p1b: Rillaboom
|-terastallize|p2a: Indeedee|Fairy
|move|p2b: Pelipper|Protect|p2b: Pelipper
|-singleturn|p2b: Pelipper|Protect
|move|p1a: Dragonite|Extreme Speed|p2b: Pelipper
|-activate|p2b: Pelipper|move: Protect
|move|p2a: Indeedee|Psychic|p1a: Dragonite
|-damage|p1a: Dragonite|84/100
|
|-weather|RainDance|[upkeep]
|upkeep
|turn|4
|inactive|Dah_tobster has 30 seconds left.
|inactive|Dah_tobster has 20 seconds left.
|c|☆Dah_tobster|I didn't but Im pretty sure you arent max spdef on your archaludon, that would be pretty stupid of you
|inactive|Dah_tobster has 15 seconds left.
|inactive|Dah_tobster has 10 seconds left.
|inactive|Dah_tobster has 5 seconds left.
|c|☆Dah_tobster|shadow ball always killed there bud, get over it
|
|t:|1757042110
|switch|p2a: Basculegion|Basculegion, L50, M|100/100
|move|p2b: Pelipper|Protect||[still]
|-fail|p2b: Pelipper
|move|p1b: Rillaboom|Fake Out|p2b: Pelipper
|-damage|p2b: Pelipper|0 fnt
|faint|p2b: Pelipper
|move|p1a: Dragonite|Scale Shot|p2a: Basculegion
|-damage|p2a: Basculegion|82/100
|-damage|p2a: Basculegion|64/100
|-damage|p2a: Basculegion|42/100
|-damage|p2a: Basculegion|24/100
|-damage|p2a: Basculegion|5/100
|-hitcount|p2a: Basculegion|5
|-unboost|p1a: Dragonite|def|1
|-boost|p1a: Dragonite|spe|1
|
|-weather|RainDance|[upkeep]
|-heal|p2a: Basculegion|11/100|[from] Grassy Terrain
|-sideend|p2: JNAOFARIA|move: Tailwind
|upkeep
|
|t:|1757042119
|switch|p2b: Indeedee|Indeedee-F, L50, F, tera:Fairy|100/100
|-fieldstart|move: Psychic Terrain|[from] ability: Psychic Surge|[of] p2b: Indeedee
|turn|5
|j| redshoes7
|l| redshoes7
|
|t:|1757042137
|switch|p1b: Annihilape|Annihilape, L50, F|72/100
|move|p1a: Dragonite|Protect|p1a: Dragonite
|-singleturn|p1a: Dragonite|Protect
|move|p2b: Indeedee|Follow Me|p2b: Indeedee
|-singleturn|p2b: Indeedee|move: Follow Me
|move|p2a: Basculegion|Last Respects|p1a: Dragonite
|-activate|p1a: Dragonite|move: Protect
|
|-weather|none
|-heal|p1b: Annihilape|78/100|[from] item: Leftovers
|upkeep
|turn|6
|
|t:|1757042161
|switch|p1b: Rillaboom|Rillaboom, L50, F|100/100
|-fieldstart|move: Grassy Terrain|[from] ability: Grassy Surge|[of] p1b: Rillaboom
|move|p1a: Dragonite|Extreme Speed|p2b: Indeedee
|-damage|p2b: Indeedee|70/100
|move|p2b: Indeedee|Follow Me|p2b: Indeedee
|-singleturn|p2b: Indeedee|move: Follow Me
|move|p2a: Basculegion|Last Respects|p1a: Dragonite
|-damage|p1a: Dragonite|0 fnt
|faint|p1a: Dragonite
|
|-heal|p2a: Basculegion|17/100|[from] Grassy Terrain
|-heal|p2b: Indeedee|76/100|[from] Grassy Terrain
|upkeep
|
|t:|1757042174
|switch|p1a: Annihilape|Annihilape, L50, F|78/100
|turn|7
|
|t:|1757042190
|move|p1a: Annihilape|Protect|p1a: Annihilape
|-singleturn|p1a: Annihilape|Protect
|move|p2b: Indeedee|Follow Me|p2b: Indeedee
|-singleturn|p2b: Indeedee|move: Follow Me
|move|p1b: Rillaboom|Grassy Glide|p2b: Indeedee
|-damage|p2b: Indeedee|42/100
|move|p2a: Basculegion|Last Respects|p1a: Annihilape
|-activate|p1a: Annihilape|move: Protect
|
|-heal|p2a: Basculegion|23/100|[from] Grassy Terrain
|-heal|p1a: Annihilape|84/100|[from] Grassy Terrain
|-heal|p1a: Annihilape|90/100|[from] item: Leftovers
|-heal|p2b: Indeedee|48/100|[from] Grassy Terrain
|upkeep
|turn|8
|inactive|Dah_tobster has 30 seconds left.
|inactive|Dah_tobster has 20 seconds left.
|inactive|Dah_tobster has 15 seconds left.
|inactive|Dah_tobster has 10 seconds left.
|
|t:|1757042236
|-terastallize|p1a: Annihilape|Fire
|move|p2a: Basculegion|Last Respects|p1b: Rillaboom
|-damage|p1b: Rillaboom|1/100
|move|p1a: Annihilape|Rage Fist|p2a: Basculegion
|-supereffective|p2a: Basculegion
|-damage|p2a: Basculegion|0 fnt
|faint|p2a: Basculegion
|move|p1b: Rillaboom|Wood Hammer|p2b: Indeedee
|-damage|p2b: Indeedee|0 fnt
|faint|p2b: Indeedee
|-damage|p1b: Rillaboom|0 fnt|[from] Recoil
|faint|p1b: Rillaboom
|
|win|Dah_tobster
|inactive|Dah_tobster has 30 seconds to confirm battle start!
|inactive|JNAOFARIA has 30 seconds to confirm battle start!
||JNAOFARIA is ready for game 3.
|c|☆Dah_tobster|and yes, that was calculated :)
|inactive|Dah_tobster has 20 seconds to confirm battle start!
||Dah_tobster is ready for game 3.
|uhtml|next|Next: Game 3 of 3
|l|☆JNAOFARIA
|player|p2|
