|j|☆buf0722shito
|j|☆mackerjuan
|html|buf0722shitomackerjuan    
|uhtml|bestof|Game 2 of a best-of-3
|t:|1756298243
|gametype|doubles
|player|p1|buf0722shito|266|1209
|player|p2|mackerjuan|266|1242
|gen|9
|tier|[Gen 9] VGC 2025 Reg H (Bo3)
|rated|
|rule|Species Clause: Limit one of each Pokémon
|rule|Item Clause: Limit 1 of each item
|clearpoke
|poke|p1|Talonflame, L50, M|
|poke|p1|Glimmora, L50, F|
|poke|p1|Dondozo, L50, F|
|poke|p1|Tatsugiri-Droopy, L50, M|
|poke|p1|Dragonite, L50, F|
|poke|p1|Gholdengo, L50|
|poke|p2|Incineroar, L50, M|
|poke|p2|Gholdengo, L50|
|poke|p2|Porygon2, L50|
|poke|p2|Ursaluna, L50, M|
|poke|p2|Amoonguss, L50, M|
|poke|p2|Hydreigon, L50, F|
|teampreview|4
|showteam|p1|Talonflame||LifeOrb|GaleWings|BraveBird,FlareBlitz,Tailwind,WillOWisp|||M|||50|,,,,,Ghost]Glimmora||PowerHerb|ToxicDebris|MeteorBeam,SludgeBomb,SpikyShield,EarthPower|||F|||50|,,,,,Grass]Dondozo||Leftovers|Unaware|WaveCrash,Protect,BodyPress,Earthquake|||F|||50|,,,,,Grass]Tatsugiri-Droopy||FocusSash|Commander|MuddyWater,Protect,DracoMeteor,DragonPulse|||M|||50|,,,,,Stellar]Dragonite||ChoiceBand|InnerFocus|ExtremeSpeed,Outrage,LowKick,StompingTantrum|||F|||50|,,,,,Normal]Gholdengo||ChoiceSpecs|GoodasGold|Thunderbolt,PowerGem,ShadowBall,MakeItRain||||||50|,,,,,Steel
|showteam|p2|Incineroar||SafetyGoggles|Intimidate|FlareBlitz,KnockOff,FakeOut,PartingShot|||M|||50|,,,,,Ghost]Gholdengo||LifeOrb|GoodasGold|MakeItRain,ShadowBall,NastyPlot,Protect||||||50|,,,,,Water]Porygon2||Eviolite|Download|TeraBlast,IceBeam,Recover,TrickRoom||||||50|,,,,,Fighting]Ursaluna||FlameOrb|Guts|Facade,HeadlongRush,Earthquake,Protect|||M|||50|,,,,,Ghost]Amoonguss||SitrusBerry|Regenerator|PollenPuff,Spore,RagePowder,Protect|||M|||50|,,,,,Water]Hydreigon||CovertCloak|Levitate|Taunt,Tailwind,DracoMeteor,Snarl|||F|||50|,,,,,Steel
|inactive|Battle timer is ON: inactive players will automatically lose when time's up. (requested by mackerjuan)
|
|t:|1756298260
|teamsize|p1|4
|teamsize|p2|4
|start
|switch|p1a: Glimmora|Glimmora, L50, F|100/100
|switch|p1b: Gholdengo|Gholdengo, L50|100/100
|switch|p2a: Porygon2|Porygon2, L50|100/100
|switch|p2b: Incineroar|Incineroar, L50, M|100/100
|-ability|p2b: Incineroar|Intimidate|boost
|-unboost|p1a: Glimmora|atk|1
|-unboost|p1b: Gholdengo|atk|1
|-ability|p2a: Porygon2|Download|boost
|-boost|p2a: Porygon2|spa|1
|turn|1
|
|t:|1756298284
|switch|p2b: Ursaluna|Ursaluna, L50, M|100/100
|move|p1a: Glimmora|Meteor Beam||[still]
|-prepare|p1a: Glimmora|Meteor Beam
|-boost|p1a: Glimmora|spa|1
|-enditem|p1a: Glimmora|Power Herb
|-anim|p1a: Glimmora|Meteor Beam|p2b: Ursaluna|[miss]
|-miss|p1a: Glimmora|p2b: Ursaluna
|move|p1b: Gholdengo|Power Gem|p2b: Ursaluna
|-resisted|p2b: Ursaluna
|-damage|p2b: Ursaluna|83/100
|move|p2a: Porygon2|Trick Room|p2a: Porygon2
|-fieldstart|move: Trick Room|[of] p2a: Porygon2
|
|-status|p2b: Ursaluna|brn|[from] item: Flame Orb
|upkeep
|turn|2
|inactive|buf0722shito has 30 seconds left.
|
|t:|1756298310
|move|p2a: Porygon2|Ice Beam|p1a: Glimmora
|-damage|p1a: Glimmora|49/100
|move|p2b: Ursaluna|Earthquake|p1b: Gholdengo|[spread] p2a,p1a,p1b
|-supereffective|p1a: Glimmora
|-supereffective|p1b: Gholdengo
|-damage|p2a: Porygon2|59/100
|-damage|p1a: Glimmora|0 fnt
|-damage|p1b: Gholdengo|0 fnt
|-activate|p1a: Glimmora|ability: Toxic Debris
|-sidestart|p2: mackerjuan|move: Toxic Spikes
|faint|p1a: Glimmora
|faint|p1b: Gholdengo
|
|-damage|p2b: Ursaluna|77/100 brn|[from] brn
|upkeep
|
|t:|1756298316
|switch|p1b: Tatsugiri|Tatsugiri-Droopy, L50, M|100/100
|switch|p1a: Dondozo|Dondozo, L50, F, shiny|100/100
|-activate|p1b: Tatsugiri|ability: Commander|[of] p1a: Dondozo
|-boost|p1a: Dondozo|atk|2
|-boost|p1a: Dondozo|spa|2
|-boost|p1a: Dondozo|spe|2
|-boost|p1a: Dondozo|def|2
|-boost|p1a: Dondozo|spd|2
|turn|3
|inactive|mackerjuan has 30 seconds left.
|inactive|mackerjuan has 20 seconds left.
|
|t:|1756298354
|switch|p2a: Amoonguss|Amoonguss, L50, M|100/100
|-sideend|p2: mackerjuan|move: Toxic Spikes|[of] p2a: Amoonguss
|switch|p2b: Incineroar|Incineroar, L50, M|100/100
|-ability|p2b: Incineroar|Intimidate|boost
|-unboost|p1a: Dondozo|atk|1
|-unboost|p1b: Tatsugiri|atk|1
|move|p1a: Dondozo|Body Press|p2b: Incineroar
|-supereffective|p2b: Incineroar
|-damage|p2b: Incineroar|29/100
|
|upkeep
|turn|4
|
|t:|1756298369
|move|p1a: Dondozo|Protect|p1a: Dondozo
|-singleturn|p1a: Dondozo|Protect
|move|p2b: Incineroar|Fake Out|p1a: Dondozo
|-activate|p1a: Dondozo|move: Protect
|move|p2a: Amoonguss|Pollen Puff|p2b: Incineroar
|-heal|p2b: Incineroar|79/100
|
|upkeep
|turn|5
|
|t:|1756298384
|-terastallize|p1a: Dondozo|Grass
|move|p2a: Amoonguss|Spore|p1a: Dondozo
|-immune|p1a: Dondozo
|move|p2b: Incineroar|Parting Shot|p1a: Dondozo
|-unboost|p1a: Dondozo|atk|1
|-unboost|p1a: Dondozo|spa|1
|-message|buf0722shito forfeited.
|
|win|mackerjuan
|l|☆buf0722shito
|player|p1|
