|j|☆Iceman5687
|j|☆Balaapizza
|html|Iceman5687Balaapizza    
|uhtml|bestof|Game 1 of a best-of-3
|t:|1784318497
|gametype|doubles
|player|p1|Iceman5687|170|1204
|player|p2|Balaapizza|101|1157
|gen|9
|tier|[Gen 9 Champions] VGC 2026 Reg M-B (Bo3)
|rated|
|rule|Species Clause: Limit one of each Pokémon
|rule|Item Clause: Limit 1 of each item
|clearpoke
|poke|p1|Charizard, L50, M|
|poke|p1|Grimmsnarl, L50, M|
|poke|p1|Pelipper, L50, M|
|poke|p1|Archaludon, L50, F|
|poke|p1|Basculegion, L50, M|
|poke|p1|Venusaur, L50, M|
|poke|p2|Tyranitar, L50, F|
|poke|p2|Steelix, L50, M|
|poke|p2|Sinistcha, L50|
|poke|p2|Sneasler, L50, F|
|poke|p2|Milotic, L50, M|
|poke|p2|Grimmsnarl, L50, M|
|teampreview|4
|showteam|p1|Charizard||CharizarditeY|Blaze|Protect,HeatWave,WeatherBall,SolarBeam|Modest||M|||50|]Grimmsnarl||LightClay|Prankster|SpiritBreak,Reflect,LightScreen,PartingShot|Sassy||M|||50|]Pelipper||SitrusBerry|Drizzle|Hurricane,WeatherBall,Tailwind,WideGuard|Modest||M|||50|]Archaludon||Leftovers|Stamina|Protect,ElectroShot,DragonPulse,FlashCannon|Calm||F|||50|]Basculegion||ChoiceScarf|Adaptability|FlipTurn,WaveCrash,AquaJet,LastRespects|Jolly||M|||50|]Venusaur||FocusSash|Chlorophyll|Protect,SleepPowder,SludgeBomb,EarthPower|Modest||M|||50|
|showteam|p2|Tyranitar||Tyranitarite|SandStream|DragonDance,RockSlide,KnockOff,Protect|Adamant||F|||50|]Steelix||Steelixite|Sturdy|HeavySlam,HighHorsepower,WideGuard,Protect|Careful||M|||50|]Sinistcha||SitrusBerry|Hospitality|MatchaGotcha,TrickRoom,Protect,RagePowder|Bold|||||50|]Sneasler||WhiteHerb|Unburden|FakeOut,Protect,CloseCombat,DireClaw|Jolly||F|||50|]Milotic||Leftovers|MarvelScale|Coil,MuddyWater,Hypnosis,IcyWind|Calm||M|||50|]Grimmsnarl||LightClay|Prankster|Reflect,LightScreen,SpiritBreak,PartingShot|Careful||M|||50|
|inactive|Battle timer is ON: inactive players will automatically lose when time's up. (requested by Iceman5687)
|
|t:|1784318574
|teamsize|p1|4
|teamsize|p2|4
|start
|switch|p1a: Charizard|Charizard, L50, M|100/100
|switch|p1b: Venusaur|Venusaur, L50, M|100/100
|switch|p2a: Grimmsnarl|Grimmsnarl, L50, M|100/100
|switch|p2b: Milotic|Milotic, L50, M|100/100
|turn|1
|inactive|Iceman5687 has 30 seconds left.
|inactive|Balaapizza has 30 seconds left.
|inactive|Iceman5687 has 20 seconds left.
|inactive|Balaapizza has 20 seconds left.
|inactive|Iceman5687 has 15 seconds left.
|inactive|Balaapizza has 15 seconds left.
|inactive|Balaapizza has 10 seconds left.
|
|t:|1784318624
|detailschange|p1a: Charizard|Charizard-Mega-Y, L50, M
|-mega|p1a: Charizard|Charizard|Charizardite Y
|-weather|SunnyDay|[from] ability: Drought|[of] p1a: Charizard
|move|p2a: Grimmsnarl|Light Screen|p2a: Grimmsnarl
|-sidestart|p2: Balaapizza|move: Light Screen
|move|p1b: Venusaur|Sleep Powder|p2b: Milotic
|-status|p2b: Milotic|slp|[from] move: Sleep Powder
|move|p1a: Charizard|Weather Ball|p2a: Grimmsnarl
|-damage|p2a: Grimmsnarl|50/100y
|cant|p2b: Milotic|slp
|
|-weather|SunnyDay|[upkeep]
|upkeep
|turn|2
|
|t:|1784318641
|move|p2a: Grimmsnarl|Parting Shot|p1a: Charizard
|-unboost|p1a: Charizard|atk|1
|-unboost|p1a: Charizard|spa|1
|
|t:|1784318644
|switch|p2a: Tyranitar|Tyranitar, L50, F|100/100|[from] Parting Shot
|-weather|Sandstorm|[from] ability: Sand Stream|[of] p2a: Tyranitar
|move|p1a: Charizard|Solar Beam||[still]
|-prepare|p1a: Charizard|Solar Beam
|move|p1b: Venusaur|Earth Power|p2a: Tyranitar
|-supereffective|p2a: Tyranitar|1
|-damage|p2a: Tyranitar|75/100
|-curestatus|p2b: Milotic|slp|[msg]
|move|p2b: Milotic|Icy Wind|p1a: Charizard|[spread] p1a
|-miss|p2b: Milotic|p1b: Venusaur
|-damage|p1a: Charizard|90/100
|-unboost|p1a: Charizard|spe|1
|
|-weather|Sandstorm|[upkeep]
|-damage|p1b: Venusaur|94/100|[from] Sandstorm
|-damage|p2b: Milotic|94/100|[from] Sandstorm
|-damage|p1a: Charizard|84/100|[from] Sandstorm
|-heal|p2b: Milotic|100/100|[from] item: Leftovers
|upkeep
|turn|3
|inactive|Balaapizza has 30 seconds left.
|
|t:|1784318674
|move|p1b: Venusaur|Sleep Powder|p2a: Tyranitar|[miss]
|-miss|p1b: Venusaur|p2a: Tyranitar
|move|p2b: Milotic|Muddy Water|p1a: Charizard|[spread] p1a
|-miss|p2b: Milotic|p1b: Venusaur
|-supereffective|p1a: Charizard|1
|-damage|p1a: Charizard|36/100
|move|p1a: Charizard|Solar Beam|p2b: Milotic|[from] lockedmove
|-supereffective|p2b: Milotic|1
|-damage|p2b: Milotic|88/100
|move|p2a: Tyranitar|Dragon Dance|p2a: Tyranitar
|-boost|p2a: Tyranitar|atk|1
|-boost|p2a: Tyranitar|spe|1
|
|-weather|Sandstorm|[upkeep]
|-damage|p1b: Venusaur|88/100|[from] Sandstorm
|-damage|p1a: Charizard|30/100|[from] Sandstorm
|-damage|p2b: Milotic|82/100|[from] Sandstorm
|-heal|p2b: Milotic|88/100|[from] item: Leftovers
|upkeep
|turn|4
|inactive|Balaapizza has 30 seconds left.
|
|t:|1784318704
|switch|p1a: Grimmsnarl|Grimmsnarl, L50, M|100/100
|move|p2a: Tyranitar|Rock Slide|p1a: Grimmsnarl|[spread] p1a,p1b
|-damage|p1a: Grimmsnarl|58/100
|-damage|p1b: Venusaur|29/100
|move|p1b: Venusaur|Sleep Powder|p2a: Tyranitar
|-status|p2a: Tyranitar|slp|[from] move: Sleep Powder
|move|p2b: Milotic|Coil|p2b: Milotic
|-boost|p2b: Milotic|atk|1
|-boost|p2b: Milotic|def|1
|-boost|p2b: Milotic|accuracy|1
|
|-weather|Sandstorm|[upkeep]
|-damage|p1b: Venusaur|23/100|[from] Sandstorm
|-damage|p2b: Milotic|82/100|[from] Sandstorm
|-damage|p1a: Grimmsnarl|52/100|[from] Sandstorm
|-heal|p2b: Milotic|88/100|[from] item: Leftovers
|upkeep
|turn|5
|
|t:|1784318726
|move|p1a: Grimmsnarl|Parting Shot|p2b: Milotic
|-unboost|p2b: Milotic|atk|1
|-unboost|p2b: Milotic|spa|1
|
|t:|1784318728
|switch|p1a: Charizard|Charizard-Mega-Y, L50, M|30/100|[from] Parting Shot
|-weather|SunnyDay|[from] ability: Drought|[of] p1a: Charizard
|move|p1b: Venusaur|Sleep Powder|p2b: Milotic
|-status|p2b: Milotic|slp|[from] move: Sleep Powder
|cant|p2a: Tyranitar|slp
|cant|p2b: Milotic|slp
|
|-weather|SunnyDay|[upkeep]
|-heal|p2b: Milotic|94/100 slp|[from] item: Leftovers
|upkeep
|turn|6
|
|t:|1784318744
|switch|p1a: Grimmsnarl|Grimmsnarl, L50, M|52/100
|detailschange|p2a: Tyranitar|Tyranitar-Mega, L50, F
|-mega|p2a: Tyranitar|Tyranitar|Tyranitarite
|-weather|Sandstorm|[from] ability: Sand Stream|[of] p2a: Tyranitar
|cant|p2a: Tyranitar|slp
|move|p1b: Venusaur|Earth Power|p2a: Tyranitar
|-supereffective|p2a: Tyranitar|1
|-damage|p2a: Tyranitar|54/100 slp
|cant|p2b: Milotic|slp
|
|-weather|Sandstorm|[upkeep]
|-damage|p1b: Venusaur|17/100|[from] Sandstorm
|-damage|p2b: Milotic|88/100 slp|[from] Sandstorm
|-damage|p1a: Grimmsnarl|46/100|[from] Sandstorm
|-heal|p2b: Milotic|94/100 slp|[from] item: Leftovers
|upkeep
|turn|7
|inactive|Balaapizza has 30 seconds left.
|inactive|Balaapizza has 20 seconds left.
|
|t:|1784318780
|move|p1b: Venusaur|Protect|p1b: Venusaur
|-singleturn|p1b: Venusaur|Protect
|move|p1a: Grimmsnarl|Reflect|p1a: Grimmsnarl
|-sidestart|p1: Iceman5687|Reflect
|-curestatus|p2a: Tyranitar|slp|[msg]
|move|p2a: Tyranitar|Rock Slide|p1b: Venusaur|[spread] p1a
|-activate|p1b: Venusaur|move: Protect
|-damage|p1a: Grimmsnarl|9/100
|-curestatus|p2b: Milotic|slp|[msg]
|move|p2b: Milotic|Hypnosis|p1a: Grimmsnarl
|-status|p1a: Grimmsnarl|slp|[from] move: Hypnosis
|
|-weather|Sandstorm|[upkeep]
|-damage|p1b: Venusaur|12/100|[from] Sandstorm
|-damage|p2b: Milotic|88/100|[from] Sandstorm
|-damage|p1a: Grimmsnarl|3/100 slp|[from] Sandstorm
|-heal|p2b: Milotic|94/100|[from] item: Leftovers
|upkeep
|turn|8
|
|t:|1784318794
|move|p1b: Venusaur|Protect|p1b: Venusaur
|-singleturn|p1b: Venusaur|Protect
|move|p2a: Tyranitar|Dragon Dance|p2a: Tyranitar
|-boost|p2a: Tyranitar|atk|1
|-boost|p2a: Tyranitar|spe|1
|move|p2b: Milotic|Hypnosis|p1b: Venusaur
|-activate|p1b: Venusaur|move: Protect
|cant|p1a: Grimmsnarl|slp
|
|-weather|Sandstorm|[upkeep]
|-damage|p1b: Venusaur|6/100|[from] Sandstorm
|-damage|p2b: Milotic|88/100|[from] Sandstorm
|-damage|p1a: Grimmsnarl|0 fnt|[from] Sandstorm
|faint|p1a: Grimmsnarl
|-heal|p2b: Milotic|94/100|[from] item: Leftovers
|-sideend|p2: Balaapizza|move: Light Screen
|upkeep
|
|t:|1784318809
|switch|p1a: Charizard|Charizard-Mega-Y, L50, M|30/100
|-weather|SunnyDay|[from] ability: Drought|[of] p1a: Charizard
|turn|9
|
|t:|1784318833
|move|p1b: Venusaur|Sleep Powder|p2a: Tyranitar
|-status|p2a: Tyranitar|slp|[from] move: Sleep Powder
|cant|p2a: Tyranitar|slp
|move|p1a: Charizard|Solar Beam||[still]
|-prepare|p1a: Charizard|Solar Beam
|-anim|p1a: Charizard|Solar Beam|p2b: Milotic
|-supereffective|p2b: Milotic|1
|-damage|p2b: Milotic|42/100
|move|p2b: Milotic|Hypnosis|p1a: Charizard|[miss]
|-miss|p2b: Milotic|p1a: Charizard
|
|-weather|SunnyDay|[upkeep]
|-heal|p2b: Milotic|48/100|[from] item: Leftovers
|upkeep
|turn|10
|
|t:|1784318852
|move|p1b: Venusaur|Earth Power|p2a: Tyranitar
|-supereffective|p2a: Tyranitar|1
|-damage|p2a: Tyranitar|7/100 slp
|cant|p2a: Tyranitar|slp
|move|p1a: Charizard|Solar Beam||[still]
|-prepare|p1a: Charizard|Solar Beam
|-anim|p1a: Charizard|Solar Beam|p2b: Milotic
|-supereffective|p2b: Milotic|1
|-damage|p2b: Milotic|0 fnt
|faint|p2b: Milotic
|
|-weather|SunnyDay|[upkeep]
|upkeep
|
|t:|1784318861
|switch|p2b: Sneasler|Sneasler, L50, F|100/100
|turn|11
|
|t:|1784318872
|switch|p2b: Grimmsnarl|Grimmsnarl, L50, M|50/100y
|move|p1b: Venusaur|Protect|p1b: Venusaur
|-singleturn|p1b: Venusaur|Protect
|move|p1a: Charizard|Protect|p1a: Charizard
|-singleturn|p1a: Charizard|Protect
|-curestatus|p2a: Tyranitar|slp|[msg]
|move|p2a: Tyranitar|Dragon Dance|p2a: Tyranitar
|-boost|p2a: Tyranitar|atk|1
|-boost|p2a: Tyranitar|spe|1
|
|-weather|SunnyDay|[upkeep]
|upkeep
|turn|12
|
|t:|1784318895
|move|p2a: Tyranitar|Protect|p2a: Tyranitar
|-singleturn|p2a: Tyranitar|Protect
|move|p2b: Grimmsnarl|Parting Shot|p1a: Charizard
|-unboost|p1a: Charizard|atk|1
|-unboost|p1a: Charizard|spa|1
|
|t:|1784318898
|switch|p2b: Sneasler|Sneasler, L50, F|100/100|[from] Parting Shot
|move|p1b: Venusaur|Earth Power|p2a: Tyranitar
|-activate|p2a: Tyranitar|move: Protect
|move|p1a: Charizard|Heat Wave|p2b: Sneasler|[spread] p2b
|-activate|p2a: Tyranitar|move: Protect
|-crit|p2b: Sneasler
|-damage|p2b: Sneasler|0 fnt
|faint|p2b: Sneasler
|
|-weather|SunnyDay|[upkeep]
|upkeep
|
|t:|1784318900
|switch|p2b: Grimmsnarl|Grimmsnarl, L50, M|50/100y
|turn|13
|
|t:|1784318916
|move|p2b: Grimmsnarl|Light Screen|p2b: Grimmsnarl
|-sidestart|p2: Balaapizza|move: Light Screen
|move|p2a: Tyranitar|Rock Slide|p1b: Venusaur|[spread] p1a,p1b
|-supereffective|p1a: Charizard|2
|-damage|p1a: Charizard|0 fnt
|-damage|p1b: Venusaur|0 fnt
|faint|p1a: Charizard
|faint|p1b: Venusaur
|
|-weather|none
|upkeep
|
|t:|1784318920
|switch|p1b: Basculegion|Basculegion, L50, M|100/100
|turn|14
|
|t:|1784318929
|move|p1b: Basculegion|Aqua Jet|p2a: Tyranitar
|-supereffective|p2a: Tyranitar|1
|-damage|p2a: Tyranitar|0 fnt
|faint|p2a: Tyranitar
|move|p2b: Grimmsnarl|Spirit Break|p1b: Basculegion
|-damage|p1b: Basculegion|78/100
|-unboost|p1b: Basculegion|spa|1
|
|-sideend|p1: Iceman5687|Reflect
|upkeep
|turn|15
|
|t:|1784318937
|move|p1b: Basculegion|Aqua Jet|p2b: Grimmsnarl
|-damage|p2b: Grimmsnarl|23/100
|move|p2b: Grimmsnarl|Reflect|p2b: Grimmsnarl
|-sidestart|p2: Balaapizza|Reflect
|
|upkeep
|turn|16
|
|t:|1784318943
|move|p1b: Basculegion|Aqua Jet|p2b: Grimmsnarl
|-damage|p2b: Grimmsnarl|4/100
|move|p2b: Grimmsnarl|Parting Shot|p1b: Basculegion
|-unboost|p1b: Basculegion|atk|1
|-unboost|p1b: Basculegion|spa|1
|
|upkeep
|turn|17
|
|t:|1784318959
|move|p1b: Basculegion|Aqua Jet|p2b: Grimmsnarl
|-damage|p2b: Grimmsnarl|0 fnt
|faint|p2b: Grimmsnarl
|
|win|Iceman5687
