|j|☆Eelecgoood
|j|☆ad_blake
|html|Eelecgooodad_blake    
|uhtml|bestof|Game 2 of a best-of-3
|t:|1782410250
|gametype|doubles
|player|p1|Eelecgoood|266|1000
|player|p2|ad_blake|rosa|1001
|gen|9
|tier|[Gen 9 Champions] VGC 2026 Reg M-B (Bo3)
|rated|
|rule|Species Clause: Limit one of each Pokémon
|rule|Item Clause: Limit 1 of each item
|clearpoke
|poke|p1|Eelektross, L50, F|
|poke|p1|Sinistcha, L50|
|poke|p1|Garchomp, L50, M|
|poke|p1|Incineroar, L50, F|
|poke|p1|Sylveon, L50, M|
|poke|p1|Aerodactyl, L50, F|
|poke|p2|Raichu, L50, M|
|poke|p2|Whimsicott, L50, F|
|poke|p2|Garchomp, L50, M|
|poke|p2|Ninetales-Alola, L50, M|
|poke|p2|Incineroar, L50, F|
|poke|p2|Corviknight, L50, F|
|teampreview|4
|showteam|p1|Eelektross||Eelektrossite|Levitate|SupercellSlam,Liquidation,RockSlide,Coil|Jolly||F|||50|]Sinistcha||SitrusBerry|Hospitality|MatchaGotcha,ShadowBall,RagePowder,StrengthSap|Modest|||||50|]Garchomp||LifeOrb|RoughSkin|RockSlide,Earthquake,DragonClaw,PoisonJab|Jolly||M|||50|]Incineroar||Leftovers|Intimidate|FlareBlitz,DarkestLariat,PartingShot,FakeOut|Adamant||F|||50|]Sylveon||FairyFeather|Pixilate|HyperBeam,DrainingKiss,CalmMind,MysticalFire|Modest||M|||50|]Aerodactyl||KingsRock|Pressure|RockSlide,DualWingbeat,Tailwind,StealthRock|Jolly||F|||50|
|showteam|p2|Raichu||RaichuniteY|LightningRod|FakeOut,ZapCannon,Protect,FocusBlast|Timid||M|||50|]Whimsicott||FocusSash|Prankster|Tailwind,Encore,Taunt,Moonblast|Timid||F|||50|]Garchomp||LifeOrb|RoughSkin|Protect,DragonClaw,RockSlide,StompingTantrum|Jolly||M|||50|]Ninetales-Alola||LightClay|SnowWarning|AuroraVeil,Blizzard,IcyWind,Protect|Timid||M|||50|]Incineroar||SitrusBerry|Intimidate|FakeOut,PartingShot,ThroatChop,FlareBlitz|Relaxed||F|||50|]Corviknight||Leftovers|MirrorArmor|BodyPress,HeavySlam,Protect,IronDefense|Impish||F|||50|
|inactive|Battle timer is ON: inactive players will automatically lose when time's up. (requested by Eelecgoood)
|
|t:|1782410277
|teamsize|p1|4
|teamsize|p2|4
|start
|switch|p1a: Eelektross|Eelektross, L50, F|100/100
|switch|p1b: Sinistcha|Sinistcha, L50|100/100
|switch|p2a: Whimsicott|Whimsicott, L50, F|100/100
|switch|p2b: Raichu|Raichu, L50, M|100/100
|turn|1
|
|t:|1782410299
|detailschange|p1a: Eelektross|Eelektross-Mega, L50, F
|-mega|p1a: Eelektross|Eelektross|Eelektrossite
|move|p2b: Raichu|Fake Out|p1b: Sinistcha
|-immune|p1b: Sinistcha
|move|p1b: Sinistcha|Rage Powder|p1b: Sinistcha
|-singleturn|p1b: Sinistcha|move: Rage Powder
|move|p2a: Whimsicott|Tailwind|p2a: Whimsicott
|-sidestart|p2: ad_blake|move: Tailwind
|move|p1a: Eelektross|Liquidation|p2b: Raichu
|-damage|p2b: Raichu|27/100
|
|upkeep
|turn|2
|inactive|ad_blake has 30 seconds left.
|
|t:|1782410329
|detailschange|p2b: Raichu|Raichu-Mega-Y, L50, M
|-mega|p2b: Raichu|Raichu|Raichunite Y
|move|p1b: Sinistcha|Rage Powder|p1b: Sinistcha
|-singleturn|p1b: Sinistcha|move: Rage Powder
|move|p2a: Whimsicott|Taunt|p1b: Sinistcha
|-start|p1b: Sinistcha|move: Taunt
|move|p2b: Raichu|Focus Blast|p1b: Sinistcha
|-immune|p1b: Sinistcha
|move|p1a: Eelektross|Coil|p1a: Eelektross
|-boost|p1a: Eelektross|atk|1
|-boost|p1a: Eelektross|def|1
|-boost|p1a: Eelektross|accuracy|1
|
|upkeep
|turn|3
|inactive|Eelecgoood has 30 seconds left.
|
|t:|1782410355
|switch|p1b: Incineroar|Incineroar, L50, F|100/100
|-ability|p1b: Incineroar|Intimidate|boost
|-unboost|p2a: Whimsicott|atk|1
|-unboost|p2b: Raichu|atk|1
|move|p2a: Whimsicott|Encore|p1a: Eelektross
|-start|p1a: Eelektross|Encore
|move|p2b: Raichu|Focus Blast|p1a: Eelektross
|-damage|p1a: Eelektross|46/100
|move|p1a: Eelektross|Coil|p1a: Eelektross
|-boost|p1a: Eelektross|atk|1
|-boost|p1a: Eelektross|def|1
|-boost|p1a: Eelektross|accuracy|1
|
|upkeep
|turn|4
|
|t:|1782410372
|move|p2b: Raichu|Focus Blast|p1b: Incineroar
|-supereffective|p1b: Incineroar|1
|-damage|p1b: Incineroar|12/100
|move|p2a: Whimsicott|Moonblast|p1a: Eelektross
|-damage|p1a: Eelektross|13/100
|move|p1a: Eelektross|Coil|p1a: Eelektross
|-boost|p1a: Eelektross|atk|1
|-boost|p1a: Eelektross|def|1
|-boost|p1a: Eelektross|accuracy|1
|move|p1b: Incineroar|Flare Blitz|p2a: Whimsicott
|-supereffective|p2a: Whimsicott|1
|-enditem|p2a: Whimsicott|Focus Sash
|-damage|p2a: Whimsicott|1/100
|-damage|p1b: Incineroar|0 fnt|[from] Recoil
|faint|p1b: Incineroar
|
|-sideend|p2: ad_blake|move: Tailwind
|upkeep
|
|t:|1782410388
|switch|p1b: Sinistcha|Sinistcha, L50|100/100
|-heal|p1a: Eelektross|37/100|[from] ability: Hospitality|[of] p1b: Sinistcha
|turn|5
|
|t:|1782410402
|move|p2a: Whimsicott|Taunt|p1b: Sinistcha
|-start|p1b: Sinistcha|move: Taunt
|move|p2b: Raichu|Zap Cannon|p1b: Sinistcha
|-resisted|p1b: Sinistcha|1
|-damage|p1b: Sinistcha|56/100
|-status|p1b: Sinistcha|par
|move|p1a: Eelektross|Coil|p1a: Eelektross
|-boost|p1a: Eelektross|atk|1
|-boost|p1a: Eelektross|def|1
|-boost|p1a: Eelektross|accuracy|1
|move|p1b: Sinistcha|Matcha Gotcha|p2a: Whimsicott|[spread] p2a,p2b
|-resisted|p2a: Whimsicott|1
|-damage|p2a: Whimsicott|0 fnt
|-heal|p1b: Sinistcha|56/100 par|[from] drain|[of] p2a: Whimsicott
|-damage|p2b: Raichu|0 fnt
|-heal|p1b: Sinistcha|67/100 par|[from] drain|[of] p2b: Raichu
|faint|p2a: Whimsicott
|faint|p2b: Raichu
|
|-end|p1a: Eelektross|Encore
|upkeep
|
|t:|1782410421
|switch|p2b: Garchomp|Garchomp, L50, M|100/100
|switch|p2a: Ninetales|Ninetales-Alola, L50, M|100/100
|-weather|Snowscape|[from] ability: Snow Warning|[of] p2a: Ninetales
|turn|6
|
|t:|1782410432
|move|p2a: Ninetales|Protect|p2a: Ninetales
|-singleturn|p2a: Ninetales|Protect
|move|p2b: Garchomp|Dragon Claw|p1a: Eelektross
|-damage|p1a: Eelektross|15/100
|-damage|p2b: Garchomp|90/100|[from] item: Life Orb
|move|p1a: Eelektross|Liquidation|p2b: Garchomp
|-damage|p2b: Garchomp|0 fnt
|-damage|p1a: Eelektross|3/100|[from] ability: Rough Skin|[of] p2b: Garchomp
|faint|p2b: Garchomp
|-ability|p1a: Eelektross|Eelevate|boost
|-boost|p1a: Eelektross|atk|1
|move|p1b: Sinistcha|Matcha Gotcha|p2a: Ninetales
|-activate|p2a: Ninetales|move: Protect
|
|-weather|Snowscape|[upkeep]
|upkeep
|turn|7
|
|t:|1782410452
|move|p2a: Ninetales|Blizzard|p1a: Eelektross|[spread] p1a,p1b
|-supereffective|p1b: Sinistcha|1
|-damage|p1a: Eelektross|0 fnt
|-damage|p1b: Sinistcha|13/100 par
|-enditem|p1b: Sinistcha|Sitrus Berry|[eat]
|-heal|p1b: Sinistcha|38/100 par|[from] item: Sitrus Berry
|faint|p1a: Eelektross
|move|p1b: Sinistcha|Shadow Ball|p2a: Ninetales
|-damage|p2a: Ninetales|53/100
|
|-weather|Snowscape|[upkeep]
|-end|p1b: Sinistcha|move: Taunt
|upkeep
|
|t:|1782410462
|switch|p1a: Garchomp|Garchomp, L50, M|100/100
|turn|8
|
|t:|1782410469
|move|p1a: Garchomp|Poison Jab|p2a: Ninetales
|-supereffective|p2a: Ninetales|1
|-damage|p2a: Ninetales|2/100
|-status|p2a: Ninetales|psn
|-damage|p1a: Garchomp|90/100|[from] item: Life Orb
|move|p2a: Ninetales|Blizzard|p1b: Sinistcha|[spread] p1a,p1b
|-supereffective|p1a: Garchomp|2
|-supereffective|p1b: Sinistcha|1
|-damage|p1a: Garchomp|0 fnt
|-damage|p1b: Sinistcha|0 fnt
|faint|p1a: Garchomp
|faint|p1b: Sinistcha
|
|win|ad_blake
|raw|Eelecgoood's rating: 1000 → 1000(+0 for losing)
|raw|ad_blake's rating: 1001 → 1041(+40 for winning)
|l|☆Eelecgoood
|player|p1|
|c|☆ad_blake|gg
