|j|☆Jakobtc
|j|☆Dawei No
|html|JakobtcDawei No    
|uhtml|bestof|Game 3 of a best-of-3
|t:|1757645654
|gametype|doubles
|player|p1|Jakobtc|riley|1084
|player|p2|Dawei No|lady|1106
|gen|9
|tier|[Gen 9] VGC 2025 Reg H (Bo3)
|rated|
|rule|Species Clause: Limit one of each Pokémon
|rule|Item Clause: Limit 1 of each item
|clearpoke
|poke|p1|Drifblim, L50, M|
|poke|p1|Indeedee, L50, M|
|poke|p1|Arcanine-Hisui, L50, M|
|poke|p1|Garchomp, L50, F|
|poke|p1|Amoonguss, L50, F|
|poke|p1|Primarina, L50, M|
|poke|p2|Gholdengo, L50|
|poke|p2|Amoonguss, L50, M|
|poke|p2|Incineroar, L50, F|
|poke|p2|Porygon2, L50|
|poke|p2|Ursaluna, L50, M|
|poke|p2|Flamigo, L50, F|
|teampreview|4
|showteam|p1|Drifblim||PsychicSeed|Unburden|Tailwind,StrengthSap,WillOWisp,Acrobatics|||M|||50|,,,,,Grass]Indeedee||FocusSash|PsychicSurge|ExpandingForce,TeraBlast,SkillSwap,Protect|||M|||50|,,,,,Fighting]Arcanine-Hisui||ChoiceBand|Intimidate|RockSlide,FlareBlitz,ExtremeSpeed,CloseCombat|||M|||50|,,,,,Grass]Garchomp||LifeOrb|RoughSkin|StompingTantrum,DragonClaw,Earthquake,Protect|||F|||50|,,,,,Ground]Amoonguss||SitrusBerry|Regenerator|Spore,LeafStorm,RagePowder,Protect|||F|||50|,,,,,Water]Primarina||MysticWater|LiquidVoice|HyperVoice,Moonblast,Haze,Protect|||M|||50|,,,,,Steel
|showteam|p2|Gholdengo||LifeOrb|GoodasGold|MakeItRain,NastyPlot,Protect,ShadowBall||||||50|,,,,,Dragon]Amoonguss||SitrusBerry|Regenerator|Spore,RagePowder,SludgeBomb,Protect|||M|||50|,,,,,Water]Incineroar||SafetyGoggles|Intimidate|FlareBlitz,KnockOff,PartingShot,FakeOut|||F|||50|,,,,,Ghost]Porygon2||Eviolite|Download|Recover,TeraBlast,IceBeam,TrickRoom||||||50|,,,,,Fighting]Ursaluna||FlameOrb|Guts|HeadlongRush,Facade,Protect,Earthquake|||M|||50|,,,,,Dragon]Flamigo||FocusSash|Scrappy|CloseCombat,BraveBird,Tailwind,Protect|||F|||50|,,,,,Steel
|inactive|Battle timer is ON: inactive players will automatically lose when time's up. (requested by Dawei No)
|inactive|Jakobtc has 60 seconds left.
|
|t:|1757645694
|teamsize|p1|4
|teamsize|p2|4
|start
|switch|p1a: Amoonguss|Amoonguss, L50, F|100/100
|switch|p1b: Primarina|Primarina, L50, M|100/100
|switch|p2a: Incineroar|Incineroar, L50, F|100/100
|switch|p2b: Porygon2|Porygon2, L50, shiny|100/100
|-ability|p2a: Incineroar|Intimidate|boost
|-unboost|p1a: Amoonguss|atk|1
|-unboost|p1b: Primarina|atk|1
|-ability|p2b: Porygon2|Download|boost
|-boost|p2b: Porygon2|atk|1
|turn|1
|inactive|Dawei No has 30 seconds left.
|
|t:|1757645719
|move|p1a: Amoonguss|Protect|p1a: Amoonguss
|-singleturn|p1a: Amoonguss|Protect
|move|p2a: Incineroar|Fake Out|p1a: Amoonguss
|-activate|p1a: Amoonguss|move: Protect
|move|p1b: Primarina|Hyper Voice|p2b: Porygon2|[spread] p2a,p2b
|-supereffective|p2a: Incineroar
|-damage|p2a: Incineroar|37/100
|-damage|p2b: Porygon2|77/100
|move|p2b: Porygon2|Trick Room|p2b: Porygon2
|-fieldstart|move: Trick Room|[of] p2b: Porygon2
|
|upkeep
|turn|2
|inactive|Dawei No has 30 seconds left.
|
|t:|1757645749
|switch|p1a: Arcanine|Arcanine-Hisui, L50, M|100/100
|-ability|p1a: Arcanine|Intimidate|boost
|-unboost|p2a: Incineroar|atk|1
|-unboost|p2b: Porygon2|atk|1
|switch|p2a: Amoonguss|Amoonguss, L50, M, shiny|100/100
|move|p2b: Porygon2|Ice Beam|p1a: Arcanine
|-resisted|p1a: Arcanine
|-damage|p1a: Arcanine|85/100
|move|p1b: Primarina|Hyper Voice|p2b: Porygon2|[spread] p2a,p2b
|-resisted|p2a: Amoonguss
|-damage|p2a: Amoonguss|83/100
|-damage|p2b: Porygon2|52/100
|
|upkeep
|turn|3
|
|t:|1757645771
|switch|p1a: Amoonguss|Amoonguss, L50, F|100/100
|move|p1b: Primarina|Protect|p1b: Primarina
|-singleturn|p1b: Primarina|Protect
|move|p2a: Amoonguss|Spore|p1a: Amoonguss
|-immune|p1a: Amoonguss
|move|p2b: Porygon2|Ice Beam|p1a: Amoonguss
|-supereffective|p1a: Amoonguss
|-damage|p1a: Amoonguss|55/100
|
|upkeep
|turn|4
|
|t:|1757645795
|-terastallize|p1a: Amoonguss|Water
|move|p2a: Amoonguss|Spore|p1b: Primarina
|-status|p1b: Primarina|slp|[from] move: Spore
|move|p1a: Amoonguss|Spore|p2b: Porygon2
|-status|p2b: Porygon2|slp|[from] move: Spore
|cant|p2b: Porygon2|slp
|cant|p1b: Primarina|slp
|
|upkeep
|turn|5
|
|t:|1757645811
|move|p1a: Amoonguss|Protect|p1a: Amoonguss
|-singleturn|p1a: Amoonguss|Protect
|move|p2a: Amoonguss|Sludge Bomb|p1b: Primarina
|-supereffective|p1b: Primarina
|-damage|p1b: Primarina|55/100 slp
|-curestatus|p2b: Porygon2|slp|[msg]
|move|p2b: Porygon2|Tera Blast|p1a: Amoonguss
|-activate|p1a: Amoonguss|move: Protect
|-curestatus|p1b: Primarina|slp|[msg]
|move|p1b: Primarina|Hyper Voice|p2b: Porygon2|[spread] p2a,p2b
|-resisted|p2a: Amoonguss
|-damage|p2a: Amoonguss|66/100
|-damage|p2b: Porygon2|30/100
|
|-fieldend|move: Trick Room
|upkeep
|turn|6
|inactive|Jakobtc has 30 seconds left.
|
|t:|1757645842
|move|p1b: Primarina|Moonblast|p2b: Porygon2
|-damage|p2b: Porygon2|4/100
|move|p2b: Porygon2|Recover|p2b: Porygon2
|-heal|p2b: Porygon2|54/100
|move|p1a: Amoonguss|Leaf Storm|p2b: Porygon2
|-damage|p2b: Porygon2|31/100
|-unboost|p1a: Amoonguss|spa|2
|move|p2a: Amoonguss|Spore|p1a: Amoonguss
|-status|p1a: Amoonguss|slp|[from] move: Spore
|
|upkeep
|turn|7
|
|t:|1757645861
|cant|p1a: Amoonguss|slp
|move|p1b: Primarina|Moonblast|p2b: Porygon2
|-damage|p2b: Porygon2|4/100
|move|p2b: Porygon2|Recover|p2b: Porygon2
|-heal|p2b: Porygon2|54/100
|move|p2a: Amoonguss|Sludge Bomb|p1b: Primarina
|-supereffective|p1b: Primarina
|-damage|p1b: Primarina|4/100
|-status|p1b: Primarina|psn
|
|-damage|p1b: Primarina|0 fnt|[from] psn
|faint|p1b: Primarina
|upkeep
|
|t:|1757645883
|switch|p1b: Indeedee|Indeedee, L50, M|100/100
|-fieldstart|move: Psychic Terrain|[from] ability: Psychic Surge|[of] p1b: Indeedee
|turn|8
|
|t:|1757645905
|switch|p2a: Incineroar|Incineroar, L50, F|37/100
|-ability|p2a: Incineroar|Intimidate|boost
|-unboost|p1a: Amoonguss|atk|1
|-unboost|p1b: Indeedee|atk|1
|move|p1b: Indeedee|Expanding Force|p2b: Porygon2|[spread] p2b
|-immune|p2a: Incineroar
|-damage|p2b: Porygon2|22/100
|move|p2b: Porygon2|Tera Blast|p1b: Indeedee
|-damage|p1b: Indeedee|51/100
|cant|p1a: Amoonguss|slp
|
|upkeep
|turn|9
|
|t:|1757645925
|switch|p1a: Arcanine|Arcanine-Hisui, L50, M|85/100
|-ability|p1a: Arcanine|Intimidate|boost
|-unboost|p2a: Incineroar|atk|1
|-unboost|p2b: Porygon2|atk|1
|move|p1b: Indeedee|Expanding Force|p2a: Incineroar|[spread] p2b
|-immune|p2a: Incineroar
|-damage|p2b: Porygon2|0 fnt
|faint|p2b: Porygon2
|move|p2a: Incineroar|Knock Off|p1b: Indeedee
|-supereffective|p1b: Indeedee
|-damage|p1b: Indeedee|0 fnt
|-enditem|p1b: Indeedee|Focus Sash|[from] move: Knock Off|[of] p2a: Incineroar
|faint|p1b: Indeedee
|
|upkeep
|
|t:|1757645941
|switch|p1b: Amoonguss|Amoonguss, L50, F, tera:Water|88/100 slp
|switch|p2b: Amoonguss|Amoonguss, L50, M, shiny|99/100
|turn|10
|inactive|Jakobtc has 30 seconds left.
|
|t:|1757645967
|switch|p2a: Ursaluna|Ursaluna, L50, M|100/100
|-terastallize|p2b: Amoonguss|Water
|move|p1a: Arcanine|Rock Slide|p2a: Ursaluna|[spread] p2a,p2b
|-resisted|p2a: Ursaluna
|-damage|p2a: Ursaluna|86/100
|-damage|p2b: Amoonguss|64/100
|cant|p1b: Amoonguss|slp
|move|p2b: Amoonguss|Spore|p1a: Arcanine
|-status|p1a: Arcanine|slp|[from] move: Spore
|
|-status|p2a: Ursaluna|brn|[from] item: Flame Orb
|upkeep
|turn|11
|
|t:|1757645986
|-curestatus|p1b: Amoonguss|slp|[msg]
|move|p1b: Amoonguss|Rage Powder|p1b: Amoonguss
|-singleturn|p1b: Amoonguss|move: Rage Powder
|cant|p1a: Arcanine|slp
|move|p2a: Ursaluna|Earthquake|p1a: Arcanine|[spread] p2b,p1a,p1b
|-supereffective|p1a: Arcanine
|-damage|p2b: Amoonguss|14/100
|-damage|p1a: Arcanine|0 fnt
|-damage|p1b: Amoonguss|37/100
|-enditem|p1b: Amoonguss|Sitrus Berry|[eat]
|-heal|p1b: Amoonguss|62/100|[from] item: Sitrus Berry
|-enditem|p2b: Amoonguss|Sitrus Berry|[eat]
|-heal|p2b: Amoonguss|39/100|[from] item: Sitrus Berry
|faint|p1a: Arcanine
|move|p2b: Amoonguss|Sludge Bomb|p1b: Amoonguss
|-damage|p1b: Amoonguss|40/100
|-status|p1b: Amoonguss|psn
|
|-damage|p1b: Amoonguss|28/100 psn|[from] psn
|-damage|p2a: Ursaluna|80/100 brn|[from] brn
|upkeep
|turn|12
|c|☆Jakobtc|gg porgon to tanky
|
|t:|1757646007
|move|p2a: Ursaluna|Facade|p1b: Amoonguss
|-damage|p1b: Amoonguss|0 fnt
|faint|p1b: Amoonguss
|
|win|Dawei No
|raw|Jakobtc's rating: 1084 → 1063(-21 for losing)
|raw|Dawei No's rating: 1106 → 1129(+23 for winning)
|c|☆Dawei No|ggs
|c|☆Jakobtc|gg
