|j|☆INT Moreira23
|j|☆Darth_Vader64
|html|INT Moreira23Darth_Vader64    
|uhtml|bestof|Game 2 of a best-of-3
|t:|1783257459
|gametype|doubles
|player|p1|INT Moreira23|blackbelt-gen4|1116
|player|p2|Darth_Vader64|170|1018
|gen|9
|tier|[Gen 9 Champions] VGC 2026 Reg M-B (Bo3)
|rated|
|rule|Species Clause: Limit one of each Pokémon
|rule|Item Clause: Limit 1 of each item
|clearpoke
|poke|p1|Charizard, L50, M, shiny|
|poke|p1|Floette-Eternal, L50, F|
|poke|p1|Garchomp, L50, M|
|poke|p1|Basculegion, L50, M|
|poke|p1|Kingambit, L50, M|
|poke|p1|Whimsicott, L50, F|
|poke|p2|Hydreigon, L50, M|
|poke|p2|Garchomp, L50, M|
|poke|p2|Metagross, L50|
|poke|p2|Charizard, L50, M|
|poke|p2|Grimmsnarl, L50, M|
|poke|p2|Toxapex, L50, F|
|teampreview|4
|showteam|p1|Charizard||CharizarditeY|Blaze|HeatWave,WeatherBall,Protect,SolarBeam|Modest||M|||50|]Floette-Eternal||Floettite|FlowerVeil|LightofRuin,Moonblast,DazzlingGleam,Protect|Timid||F|||50|]Garchomp||LifeOrb|RoughSkin|RockSlide,DragonClaw,Earthquake,Protect|Jolly||M|||50|]Basculegion||ChoiceScarf|Adaptability|WaveCrash,LastRespects,AquaJet,FlipTurn|Jolly||M|||50|]Kingambit||OccaBerry|Defiant|KowtowCleave,SuckerPunch,IronHead,Protect|Adamant||M|||50|]Whimsicott||FocusSash|Prankster|Moonblast,Tailwind,Encore,Protect|Timid||F|||50|
|showteam|p2|Hydreigon||ChoiceScarf|Levitate|HeatWave,DarkPulse,DracoMeteor,Snarl|Modest||M|||50|]Garchomp||SitrusBerry|RoughSkin|DragonClaw,Earthquake,RockSlide,Protect|Adamant||M|||50|]Metagross||Metagrossite|ClearBody|PsychicFangs,HammerArm,BulletPunch,Protect|Adamant|||||50|]Charizard||CharizarditeY|Blaze|HeatWave,SolarBeam,WeatherBall,Protect|Timid||M|||50|]Grimmsnarl||RoseliBerry|Prankster|FoulPlay,Reflect,FakeOut,PartingShot|Sassy||M|||50|]Toxapex||Leftovers|Regenerator|Infestation,Toxic,WideGuard,BanefulBunker|Bold||F|||50|
|
|t:|1783257487
|teamsize|p1|4
|teamsize|p2|4
|start
|switch|p1a: Floette|Floette-Eternal, L50, F|100/100
|switch|p1b: Whimsicott|Whimsicott, L50, F|100/100
|switch|p2a: Grimmsnarl|Grimmsnarl, L50, M|100/100
|switch|p2b: Charizard|Charizard, L50, M|100/100
|turn|1
|
|t:|1783257528
|detailschange|p2b: Charizard|Charizard-Mega-Y, L50, M
|-mega|p2b: Charizard|Charizard|Charizardite Y
|-weather|SunnyDay|[from] ability: Drought|[of] p2b: Charizard
|detailschange|p1a: Floette|Floette-Mega, L50, F
|-mega|p1a: Floette|Floette|Floettite
|-ability|p1a: Floette|Fairy Aura
|move|p1b: Whimsicott|Protect|p1b: Whimsicott
|-singleturn|p1b: Whimsicott|Protect
|move|p1a: Floette|Protect|p1a: Floette
|-singleturn|p1a: Floette|Protect
|move|p2a: Grimmsnarl|Fake Out|p1a: Floette
|-activate|p1a: Floette|move: Protect
|move|p2b: Charizard|Heat Wave|p1a: Floette|[spread] 
|-activate|p1a: Floette|move: Protect
|-activate|p1b: Whimsicott|move: Protect
|
|-weather|SunnyDay|[upkeep]
|upkeep
|turn|2
|
|t:|1783257568
|switch|p1b: Garchomp|Garchomp, L50, M|100/100
|move|p2a: Grimmsnarl|Parting Shot|p1a: Floette
|-unboost|p1a: Floette|atk|1
|-unboost|p1a: Floette|spa|1
|
|t:|1783257580
|switch|p2a: Toxapex|Toxapex, L50, F|100/100|[from] Parting Shot
|move|p1a: Floette|Moonblast|p2a: Toxapex
|-resisted|p2a: Toxapex|1
|-damage|p2a: Toxapex|78/100
|move|p2b: Charizard|Heat Wave|p1a: Floette|[spread] p1a,p1b
|-resisted|p1b: Garchomp|1
|-damage|p1a: Floette|49/100
|-damage|p1b: Garchomp|68/100
|
|-weather|SunnyDay|[upkeep]
|-heal|p2a: Toxapex|84/100|[from] item: Leftovers
|upkeep
|turn|3
|
|t:|1783257612
|move|p2a: Toxapex|Wide Guard|p2a: Toxapex
|-singleturn|p2a: Toxapex|Wide Guard
|move|p1a: Floette|Light of Ruin|p2b: Charizard
|-resisted|p2b: Charizard|1
|-damage|p2b: Charizard|59/100
|-damage|p1a: Floette|28/100|[from] Recoil
|move|p1b: Garchomp|Dragon Claw|p2b: Charizard
|-damage|p2b: Charizard|0 fnt
|faint|p2b: Charizard
|-damage|p1b: Garchomp|58/100|[from] item: Life Orb
|
|-weather|SunnyDay|[upkeep]
|-heal|p2a: Toxapex|89/100|[from] item: Leftovers
|upkeep
|
|t:|1783257627
|switch|p2b: Garchomp|Garchomp, L50, M|100/100
|turn|4
|
|t:|1783257641
|move|p2a: Toxapex|Baneful Bunker|p2a: Toxapex
|-singleturn|p2a: Toxapex|move: Protect
|move|p1b: Garchomp|Dragon Claw|p2b: Garchomp
|-supereffective|p2b: Garchomp|1
|-damage|p2b: Garchomp|0 fnt
|-damage|p1b: Garchomp|46/100|[from] ability: Rough Skin|[of] p2b: Garchomp
|faint|p2b: Garchomp
|-damage|p1b: Garchomp|37/100|[from] item: Life Orb
|move|p1a: Floette|Light of Ruin|p2a: Toxapex
|-activate|p2a: Toxapex|move: Protect
|
|-weather|SunnyDay|[upkeep]
|-heal|p2a: Toxapex|95/100|[from] item: Leftovers
|upkeep
|
|t:|1783257654
|switch|p2b: Grimmsnarl|Grimmsnarl, L50, M|100/100
|turn|5
|
|t:|1783257668
|move|p2a: Toxapex|Baneful Bunker||[still]
|-fail|p2a: Toxapex
|move|p2b: Grimmsnarl|Fake Out|p1b: Garchomp
|-damage|p1b: Garchomp|25/100
|-damage|p2b: Grimmsnarl|87/100|[from] ability: Rough Skin|[of] p1b: Garchomp
|cant|p1b: Garchomp|flinch
|move|p1a: Floette|Light of Ruin|p2b: Grimmsnarl
|-supereffective|p2b: Grimmsnarl|1
|-enditem|p2b: Grimmsnarl|Roseli Berry|[eat]
|-enditem|p2b: Grimmsnarl|Roseli Berry|[weaken]
|-damage|p2b: Grimmsnarl|30/100
|-damage|p1a: Floette|0 fnt|[from] Recoil
|faint|p1a: Floette
|
|-weather|none
|-heal|p2a: Toxapex|100/100|[from] item: Leftovers
|upkeep
|
|t:|1783257686
|switch|p1a: Whimsicott|Whimsicott, L50, F|100/100
|turn|6
|
|t:|1783257697
|move|p1a: Whimsicott|Encore|p2a: Toxapex
|-start|p2a: Toxapex|Encore
|move|p2a: Toxapex|Baneful Bunker|p2a: Toxapex
|-singleturn|p2a: Toxapex|move: Protect
|move|p1b: Garchomp|Rock Slide|p2a: Toxapex|[spread] p2b
|-activate|p2a: Toxapex|move: Protect
|-damage|p2b: Grimmsnarl|1/100
|-damage|p1b: Garchomp|15/100|[from] item: Life Orb
|move|p2b: Grimmsnarl|Foul Play|p1b: Garchomp
|-damage|p1b: Garchomp|0 fnt
|-damage|p2b: Grimmsnarl|0 fnt|[from] ability: Rough Skin|[of] p1b: Garchomp
|faint|p1b: Garchomp
|faint|p2b: Grimmsnarl
|
|upkeep
|
|t:|1783257715
|switch|p1b: Basculegion|Basculegion, L50, M|100/100
|turn|7
|
|t:|1783257728
|move|p2a: Toxapex|Baneful Bunker||[still]
|-fail|p2a: Toxapex
|move|p1a: Whimsicott|Tailwind|p1a: Whimsicott
|-sidestart|p1: INT Moreira23|move: Tailwind
|move|p1b: Basculegion|Last Respects|p2a: Toxapex
|-damage|p2a: Toxapex|27/100
|
|-heal|p2a: Toxapex|33/100|[from] item: Leftovers
|upkeep
|turn|8
|
|t:|1783257750
|move|p2a: Toxapex|Baneful Bunker|p2a: Toxapex
|-singleturn|p2a: Toxapex|move: Protect
|move|p1b: Basculegion|Last Respects|p2a: Toxapex
|-activate|p2a: Toxapex|move: Protect
|move|p1a: Whimsicott|Moonblast|p2a: Toxapex
|-activate|p2a: Toxapex|move: Protect
|
|-heal|p2a: Toxapex|38/100|[from] item: Leftovers
|-end|p2a: Toxapex|Encore
|upkeep
|turn|9
|
|t:|1783257768
|move|p1a: Whimsicott|Encore|p2a: Toxapex
|-start|p2a: Toxapex|Encore
|move|p2a: Toxapex|Baneful Bunker||[still]
|-fail|p2a: Toxapex
|move|p1b: Basculegion|Last Respects|p2a: Toxapex
|-damage|p2a: Toxapex|0 fnt
|faint|p2a: Toxapex
|
|win|INT Moreira23
|raw|INT Moreira23's rating: 1116 → 1134(+18 for winning)
|raw|Darth_Vader64's rating: 1018 → 1009(-9 for losing)
|l|☆Darth_Vader64
|player|p2|
|l|☆INT Moreira23
|player|p1|
|j|☆INT Moreira23
|player|p1|INT Moreira23|blackbelt-gen4|
