|j|☆BoloinaBox
|j|☆GubGubFan
|html|BoloinaBoxGubGubFan    
|uhtml|bestof|Game 1 of a best-of-3
|t:|1757004457
|gametype|doubles
|player|p1|BoloinaBox|170|1089
|player|p2|GubGubFan|169|1112
|gen|9
|tier|[Gen 9] VGC 2025 Reg H (Bo3)
|rated|
|rule|Species Clause: Limit one of each Pokémon
|rule|Item Clause: Limit 1 of each item
|clearpoke
|poke|p1|Kingambit, L50, M|
|poke|p1|Electabuzz, L50, M|
|poke|p1|Primarina, L50, M|
|poke|p1|Rillaboom, L50, F|
|poke|p1|Sneasler, L50, M|
|poke|p1|Ceruledge, L50, M|
|poke|p2|Gholdengo, L50|
|poke|p2|Sneasler, L50, M|
|poke|p2|Rillaboom, L50, M|
|poke|p2|Dragonite, L50, F|
|poke|p2|Ninetales-Alola, L50, F|
|poke|p2|Arcanine-Hisui, L50, M|
|teampreview|4
|showteam|p1|Kingambit||DreadPlate|Defiant|KowtowCleave,SuckerPunch,SwordsDance,Protect|||M|||50|,,,,,Dark]Electabuzz||Eviolite|VitalSpirit|Electroweb,Taunt,FollowMe,Protect|||M|||50|,,,,,Dragon]Primarina||ThroatSpray|LiquidVoice|HyperVoice,Moonblast,Haze,Protect|||M|||50|,,,,,Poison]Rillaboom||AssaultVest|GrassySurge|GrassyGlide,DrumBeating,KnockOff,FakeOut|||F|||50|,,,,,Fire]Sneasler||FocusSash|Unburden|CloseCombat,DireClaw,Coaching,Protect|||M|||50|,,,,,Stellar]Ceruledge||GrassySeed|FlashFire|BitterBlade,Poltergeist,BulkUp,Protect|||M|||50|,,,,,Grass
|showteam|p2|Gholdengo||GrassySeed|GoodasGold|NastyPlot,MakeItRain,ShadowBall,Protect||||||50|,,,,,Water]Sneasler||WhiteHerb|Unburden|CloseCombat,DireClaw,Coaching,Protect|||M|||50|,,,,,Ghost]Rillaboom||AssaultVest|GrassySurge|FakeOut,GrassyGlide,DrumBeating,HighHorsepower|||M|||50|,,,,,Fire]Dragonite||LoadedDice|Multiscale|ScaleShot,StompingTantrum,Tailwind,Protect|||F|||50|,,,,,Ground]Ninetales-Alola||FocusSash|SnowWarning|Blizzard,IcyWind,Encore,AuroraVeil|||F|||50|,,,,,Ghost]Arcanine-Hisui||ClearAmulet|Intimidate|RockSlide,FlareBlitz,ExtremeSpeed,Protect|||M|||50|,,,,,Water
|inactive|Battle timer is ON: inactive players will automatically lose when time's up. (requested by BoloinaBox)
|inactive|BoloinaBox has 60 seconds left.
|inactive|GubGubFan has 60 seconds left.
|inactive|GubGubFan has 30 seconds left.
|inactive|GubGubFan has 20 seconds left.
|
|t:|1757004530
|teamsize|p1|4
|teamsize|p2|4
|start
|switch|p1a: Rillaboom|Rillaboom, L50, F|100/100
|switch|p1b: Ceruledge|Ceruledge, L50, M|100/100
|switch|p2a: Arcanine|Arcanine-Hisui, L50, M|100/100
|switch|p2b: Rillaboom|Rillaboom, L50, M|100/100
|-ability|p2a: Arcanine|Intimidate|boost
|-unboost|p1a: Rillaboom|atk|1
|-unboost|p1b: Ceruledge|atk|1
|-fieldstart|move: Grassy Terrain|[from] ability: Grassy Surge|[of] p1a: Rillaboom
|-enditem|p1b: Ceruledge|Grassy Seed
|-boost|p1b: Ceruledge|def|1|[from] item: Grassy Seed
|turn|1
|c|☆BoloinaBox|this battle is gonna be interesting i can already tell
|inactive|BoloinaBox has 30 seconds left.
|inactive|GubGubFan has 30 seconds left.
|inactive|BoloinaBox has 20 seconds left.
|inactive|GubGubFan has 20 seconds left.
|
|t:|1757004567
|switch|p2b: Dragonite|Dragonite, L50, F|100/100
|move|p1a: Rillaboom|Fake Out|p2a: Arcanine
|-resisted|p2a: Arcanine
|-damage|p2a: Arcanine|95/100
|cant|p2a: Arcanine|flinch
|move|p1b: Ceruledge|Bulk Up|p1b: Ceruledge
|-boost|p1b: Ceruledge|atk|1
|-boost|p1b: Ceruledge|def|1
|
|-heal|p2a: Arcanine|100/100|[from] Grassy Terrain
|upkeep
|turn|2
|inactive|BoloinaBox has 30 seconds left.
|inactive|BoloinaBox has 20 seconds left.
|inactive|BoloinaBox has 15 seconds left.
|
|t:|1757004608
|move|p2a: Arcanine|Rock Slide|p1b: Ceruledge|[spread] p1a,p1b
|-supereffective|p1b: Ceruledge
|-damage|p1a: Rillaboom|71/100
|-damage|p1b: Ceruledge|69/100
|cant|p1a: Rillaboom|flinch
|move|p2b: Dragonite|Scale Shot|p1b: Ceruledge
|-damage|p1b: Ceruledge|60/100
|-damage|p1b: Ceruledge|49/100
|-damage|p1b: Ceruledge|40/100
|-damage|p1b: Ceruledge|30/100
|-damage|p1b: Ceruledge|20/100
|-hitcount|p1b: Ceruledge|5
|-unboost|p2b: Dragonite|def|1
|-boost|p2b: Dragonite|spe|1
|move|p1b: Ceruledge|Poltergeist|p2a: Arcanine
|-activate|p2a: Arcanine|move: Poltergeist|Clear Amulet
|-damage|p2a: Arcanine|31/100
|
|-heal|p2a: Arcanine|37/100|[from] Grassy Terrain
|-heal|p1a: Rillaboom|77/100|[from] Grassy Terrain
|-heal|p1b: Ceruledge|26/100|[from] Grassy Terrain
|upkeep
|turn|3
|
|t:|1757004633
|switch|p1a: Electabuzz|Electabuzz, L50, M|100/100
|move|p1b: Ceruledge|Protect|p1b: Ceruledge
|-singleturn|p1b: Ceruledge|Protect
|move|p2b: Dragonite|Scale Shot|p1b: Ceruledge
|-activate|p1b: Ceruledge|move: Protect
|move|p2a: Arcanine|Flare Blitz|p1a: Electabuzz
|-damage|p1a: Electabuzz|51/100
|-damage|p2a: Arcanine|22/100|[from] Recoil
|
|-heal|p2a: Arcanine|28/100|[from] Grassy Terrain
|-heal|p1a: Electabuzz|57/100|[from] Grassy Terrain
|-heal|p1b: Ceruledge|32/100|[from] Grassy Terrain
|upkeep
|turn|4
|inactive|BoloinaBox has 30 seconds left.
|inactive|GubGubFan has 30 seconds left.
|inactive|BoloinaBox has 20 seconds left.
|inactive|GubGubFan has 20 seconds left.
|inactive|BoloinaBox has 15 seconds left.
|inactive|GubGubFan has 15 seconds left.
|inactive|BoloinaBox has 10 seconds left.
|
|t:|1757004679
|-terastallize|p1b: Ceruledge|Grass
|move|p2a: Arcanine|Protect|p2a: Arcanine
|-singleturn|p2a: Arcanine|Protect
|move|p1a: Electabuzz|Follow Me|p1a: Electabuzz
|-singleturn|p1a: Electabuzz|move: Follow Me
|move|p2b: Dragonite|Stomping Tantrum|p1a: Electabuzz
|-supereffective|p1a: Electabuzz
|-damage|p1a: Electabuzz|11/100
|move|p1b: Ceruledge|Bitter Blade|p2a: Arcanine
|-activate|p2a: Arcanine|move: Protect
|
|-heal|p2a: Arcanine|34/100|[from] Grassy Terrain
|-heal|p1a: Electabuzz|17/100|[from] Grassy Terrain
|-heal|p1b: Ceruledge|38/100|[from] Grassy Terrain
|upkeep
|turn|5
|
|t:|1757004696
|move|p1a: Electabuzz|Protect|p1a: Electabuzz
|-singleturn|p1a: Electabuzz|Protect
|move|p1b: Ceruledge|Protect|p1b: Ceruledge
|-singleturn|p1b: Ceruledge|Protect
|move|p2b: Dragonite|Scale Shot|p1b: Ceruledge
|-activate|p1b: Ceruledge|move: Protect
|move|p2a: Arcanine|Rock Slide|p1b: Ceruledge|[spread] 
|-activate|p1a: Electabuzz|move: Protect
|-activate|p1b: Ceruledge|move: Protect
|
|-heal|p2a: Arcanine|40/100|[from] Grassy Terrain
|-heal|p1a: Electabuzz|24/100|[from] Grassy Terrain
|-heal|p1b: Ceruledge|45/100|[from] Grassy Terrain
|-fieldend|move: Grassy Terrain
|upkeep
|turn|6
|inactive|BoloinaBox has 30 seconds left.
|inactive|GubGubFan has 30 seconds left.
|inactive|GubGubFan has 20 seconds left.
|
|t:|1757004740
|move|p2a: Arcanine|Protect|p2a: Arcanine
|-singleturn|p2a: Arcanine|Protect
|move|p1a: Electabuzz|Follow Me|p1a: Electabuzz
|-singleturn|p1a: Electabuzz|move: Follow Me
|move|p2b: Dragonite|Scale Shot|p1a: Electabuzz
|-damage|p1a: Electabuzz|10/100
|-damage|p1a: Electabuzz|0 fnt
|faint|p1a: Electabuzz
|-hitcount|p1: Electabuzz|2
|-unboost|p2b: Dragonite|def|1
|-boost|p2b: Dragonite|spe|1
|move|p1b: Ceruledge|Poltergeist|p2b: Dragonite
|-activate|p2b: Dragonite|move: Poltergeist|Loaded Dice
|-damage|p2b: Dragonite|43/100
|
|upkeep
|
|t:|1757004764
|switch|p1a: Sneasler|Sneasler, L50, M|100/100
|turn|7
|inactive|BoloinaBox has 30 seconds left.
|inactive|BoloinaBox has 20 seconds left.
|inactive|BoloinaBox has 15 seconds left.
|
|t:|1757004812
|switch|p2a: Rillaboom|Rillaboom, L50, M|100/100
|-fieldstart|move: Grassy Terrain|[from] ability: Grassy Surge|[of] p2a: Rillaboom
|move|p2b: Dragonite|Scale Shot|p1a: Sneasler
|-damage|p1a: Sneasler|75/100
|-damage|p1a: Sneasler|51/100
|-damage|p1a: Sneasler|28/100
|-damage|p1a: Sneasler|2/100
|-hitcount|p1a: Sneasler|4
|-unboost|p2b: Dragonite|def|1
|-boost|p2b: Dragonite|spe|1
|move|p1a: Sneasler|Close Combat|p2a: Rillaboom
|-damage|p2a: Rillaboom|40/100
|-unboost|p1a: Sneasler|def|1
|-unboost|p1a: Sneasler|spd|1
|move|p1b: Ceruledge|Bulk Up|p1b: Ceruledge
|-boost|p1b: Ceruledge|atk|1
|-boost|p1b: Ceruledge|def|1
|
|-heal|p1a: Sneasler|8/100|[from] Grassy Terrain
|-heal|p2a: Rillaboom|46/100|[from] Grassy Terrain
|-heal|p1b: Ceruledge|51/100|[from] Grassy Terrain
|upkeep
|turn|8
|inactive|BoloinaBox has 30 seconds left.
|inactive|GubGubFan has 30 seconds left.
|inactive|BoloinaBox has 20 seconds left.
|
|t:|1757004849
|switch|p1a: Rillaboom|Rillaboom, L50, F|77/100
|move|p1b: Ceruledge|Protect|p1b: Ceruledge
|-singleturn|p1b: Ceruledge|Protect
|move|p2a: Rillaboom|Grassy Glide|p1a: Rillaboom
|-resisted|p1a: Rillaboom
|-damage|p1a: Rillaboom|58/100
|move|p2b: Dragonite|Tailwind|p2b: Dragonite
|-sidestart|p2: GubGubFan|move: Tailwind
|
|-heal|p2a: Rillaboom|52/100|[from] Grassy Terrain
|-heal|p1a: Rillaboom|65/100|[from] Grassy Terrain
|-heal|p1b: Ceruledge|57/100|[from] Grassy Terrain
|upkeep
|turn|9
|inactive|BoloinaBox has 30 seconds left.
|
|t:|1757004883
|switch|p2a: Arcanine|Arcanine-Hisui, L50, M|40/100
|-ability|p2a: Arcanine|Intimidate|boost
|-unboost|p1a: Rillaboom|atk|1
|-unboost|p1b: Ceruledge|atk|1
|move|p2b: Dragonite|Protect|p2b: Dragonite
|-singleturn|p2b: Dragonite|Protect
|move|p1a: Rillaboom|Fake Out|p2b: Dragonite
|-activate|p2b: Dragonite|move: Protect
|move|p1b: Ceruledge|Bitter Blade|p2a: Arcanine
|-resisted|p2a: Arcanine
|-damage|p2a: Arcanine|26/100
|-heal|p1b: Ceruledge|64/100|[from] drain|[of] p2a: Arcanine
|
|-heal|p2a: Arcanine|31/100|[from] Grassy Terrain
|-heal|p1a: Rillaboom|71/100|[from] Grassy Terrain
|-heal|p1b: Ceruledge|70/100|[from] Grassy Terrain
|upkeep
|turn|10
|inactive|BoloinaBox has 30 seconds left.
|inactive|GubGubFan has 30 seconds left.
|inactive|BoloinaBox has 20 seconds left.
|
|t:|1757004918
|switch|p1a: Sneasler|Sneasler, L50, M|8/100
|move|p2b: Dragonite|Scale Shot|p1b: Ceruledge
|-damage|p1b: Ceruledge|63/100
|-damage|p1b: Ceruledge|56/100
|-damage|p1b: Ceruledge|50/100
|-damage|p1b: Ceruledge|42/100
|-damage|p1b: Ceruledge|35/100
|-hitcount|p1b: Ceruledge|5
|-unboost|p2b: Dragonite|def|1
|-boost|p2b: Dragonite|spe|1
|move|p2a: Arcanine|Flare Blitz|p1a: Sneasler
|-damage|p1a: Sneasler|0 fnt
|faint|p1a: Sneasler
|-damage|p2a: Arcanine|29/100|[from] Recoil
|move|p1b: Ceruledge|Bitter Blade|p2b: Dragonite
|-resisted|p2b: Dragonite
|-crit|p2b: Dragonite
|-damage|p2b: Dragonite|0 fnt
|-heal|p1b: Ceruledge|55/100|[from] drain|[of] p2b: Dragonite
|faint|p2b: Dragonite
|
|-heal|p2a: Arcanine|35/100|[from] Grassy Terrain
|-heal|p1b: Ceruledge|62/100|[from] Grassy Terrain
|upkeep
|
|t:|1757004936
|switch|p1a: Rillaboom|Rillaboom, L50, F|71/100
|switch|p2b: Gholdengo|Gholdengo, L50|100/100
|-enditem|p2b: Gholdengo|Grassy Seed
|-boost|p2b: Gholdengo|def|1|[from] item: Grassy Seed
|turn|11
|inactive|BoloinaBox has 30 seconds left.
|inactive|GubGubFan has 30 seconds left.
|inactive|BoloinaBox has 20 seconds left.
|inactive|BoloinaBox has 15 seconds left.
|inactive|BoloinaBox has 10 seconds left.
|inactive|GubGubFan has 20 seconds left.
|
|t:|1757004985
|switch|p2a: Rillaboom|Rillaboom, L50, M|52/100
|move|p2b: Gholdengo|Nasty Plot|p2b: Gholdengo
|-boost|p2b: Gholdengo|spa|2
|move|p1a: Rillaboom|Drum Beating|p2b: Gholdengo
|-resisted|p2b: Gholdengo
|-damage|p2b: Gholdengo|85/100
|-unboost|p2b: Gholdengo|spe|1
|move|p1b: Ceruledge|Bitter Blade|p2b: Gholdengo
|-supereffective|p2b: Gholdengo
|-damage|p2b: Gholdengo|24/100
|-heal|p1b: Ceruledge|94/100|[from] drain|[of] p2b: Gholdengo
|
|-heal|p2a: Rillaboom|58/100|[from] Grassy Terrain
|-heal|p2b: Gholdengo|31/100|[from] Grassy Terrain
|-heal|p1a: Rillaboom|77/100|[from] Grassy Terrain
|-heal|p1b: Ceruledge|100/100|[from] Grassy Terrain
|-sideend|p2: GubGubFan|move: Tailwind
|-fieldend|move: Grassy Terrain
|upkeep
|turn|12
|inactive|BoloinaBox has 20 seconds left this turn.
|inactive|BoloinaBox has 15 seconds left.
|inactive|BoloinaBox has 10 seconds left.
|inactive|GubGubFan has 30 seconds left.
|
|t:|1757005015
|move|p2a: Rillaboom|Fake Out|p1b: Ceruledge
|-crit|p1b: Ceruledge
|-damage|p1b: Ceruledge|78/100
|move|p1a: Rillaboom|Knock Off|p2b: Gholdengo
|-supereffective|p2b: Gholdengo
|-damage|p2b: Gholdengo|2/100
|cant|p1b: Ceruledge|flinch
|move|p2b: Gholdengo|Shadow Ball|p1a: Rillaboom
|-damage|p1a: Rillaboom|4/100
|
|upkeep
|turn|13
|inactive|BoloinaBox has 10 seconds left this turn.
|inactive|BoloinaBox has 5 seconds left.
|inactive|GubGubFan has 30 seconds left.
|
|t:|1757005046
|switch|p2a: Arcanine|Arcanine-Hisui, L50, M|35/100
|-ability|p2a: Arcanine|Intimidate|boost
|-unboost|p1a: Rillaboom|atk|1
|-unboost|p1b: Ceruledge|atk|1
|move|p2b: Gholdengo|Protect|p2b: Gholdengo
|-singleturn|p2b: Gholdengo|Protect
|move|p1a: Rillaboom|Drum Beating|p2b: Gholdengo
|-activate|p2b: Gholdengo|move: Protect
|move|p1b: Ceruledge|Bitter Blade|p2a: Arcanine
|-resisted|p2a: Arcanine
|-damage|p2a: Arcanine|26/100
|-heal|p1b: Ceruledge|83/100|[from] drain|[of] p2a: Arcanine
|
|upkeep
|turn|14
|inactive|BoloinaBox has 5 seconds left this turn.
|
|t:|1757005067
|switch|p2b: Rillaboom|Rillaboom, L50, M|58/100
|-fieldstart|move: Grassy Terrain|[from] ability: Grassy Surge|[of] p2b: Rillaboom
|move|p2a: Arcanine|Extreme Speed|p1a: Rillaboom
|-damage|p1a: Rillaboom|0 fnt
|faint|p1a: Rillaboom
|move|p1b: Ceruledge|Poltergeist|p2a: Arcanine|[miss]
|-miss|p1b: Ceruledge|p2a: Arcanine
|
|-heal|p2a: Arcanine|31/100|[from] Grassy Terrain
|-heal|p2b: Rillaboom|63/100|[from] Grassy Terrain
|-heal|p1b: Ceruledge|89/100|[from] Grassy Terrain
|upkeep
|turn|15
|inactive|BoloinaBox has 5 seconds left this turn.
|-message|BoloinaBox lost due to inactivity.
|
|win|GubGubFan
||BoloinaBox is ready for game 2.
|inactive|GubGubFan has 30 seconds to confirm battle start!
|inactive|GubGubFan has 20 seconds to confirm battle start!
||GubGubFan is ready for game 2.
|uhtml|next|Next: Game 2 of 3
