|j|☆Kylewithasmile69
|j|☆I am the Sweeper
|html|Kylewithasmile69I am the Sweeper    
|uhtml|bestof|Game 1 of a best-of-3
|t:|1756537885
|gametype|doubles
|player|p1|Kylewithasmile69|170|1121
|player|p2|I am the Sweeper|janitor|1166
|gen|9
|tier|[Gen 9] VGC 2025 Reg H (Bo3)
|rated|
|rule|Species Clause: Limit one of each Pokémon
|rule|Item Clause: Limit 1 of each item
|clearpoke
|poke|p1|Porygon2, L50|
|poke|p1|Incineroar, L50, F|
|poke|p1|Ursaluna, L50, F|
|poke|p1|Jumpluff, L50, F|
|poke|p1|Charizard, L50, M|
|poke|p1|Torkoal, L50, M|
|poke|p2|Garganacl, L50, M|
|poke|p2|Dondozo, L50, F|
|poke|p2|Sneasler, L50, F|
|poke|p2|Gholdengo, L50|
|poke|p2|Ninetales-Alola, L50, M|
|poke|p2|Incineroar, L50, M|
|teampreview|4
|showteam|p1|Porygon2||Eviolite|Download|TeraBlast,IceBeam,TrickRoom,Recover||||||50|,,,,,Fighting]Incineroar||SitrusBerry|Intimidate|FakeOut,KnockOff,FlareBlitz,PartingShot|||F|||50|,,,,,Ghost]Ursaluna||FlameOrb|Guts|HeadlongRush,Facade,Earthquake,Protect|||F|||50|,,,,,Ghost]Jumpluff||CovertCloak|Chlorophyll|RagePowder,SunnyDay,Tailwind,SleepPowder|||F|||50|,,,,,Fire]Charizard||ChoiceSpecs|SolarPower|HeatWave,Overheat,WeatherBall,DragonPulse|||M|||50|,,,,,Ghost]Torkoal||EjectPack|Drought|Overheat,Eruption,HelpingHand,Protect|||M|||50|,,,,,Fire
|showteam|p2|Garganacl||MarangaBerry|PurifyingSalt|SaltCure,StealthRock,Protect,Recover|||M|||50|,,,,,Flying]Dondozo||Leftovers|Unaware|Liquidation,Yawn,Curse,Protect|||F|||50|,,,,,Poison]Sneasler||FocusSash|PoisonTouch|DireClaw,CloseCombat,Coaching,Protect|||F|||50|,,,,,Ghost]Gholdengo||ChoiceScarf|GoodasGold|MakeItRain,ShadowBall,Trick,PowerGem||||||50|,,,,,Steel]Ninetales-Alola||NeverMeltIce|SnowWarning|Blizzard,FreezeDry,Protect,AuroraVeil|||M|||50|,,,,,Ice]Incineroar||AssaultVest|Intimidate|FlareBlitz,KnockOff,FakeOut,DrainPunch|||M|||50|,,,,,Grass
|
|t:|1756537943
|teamsize|p1|4
|teamsize|p2|4
|start
|switch|p1a: Porygon2|Porygon2, L50|100/100
|switch|p1b: Charizard|Charizard, L50, M|100/100
|switch|p2a: Garganacl|Garganacl, L50, M|100/100
|switch|p2b: Incineroar|Incineroar, L50, M|100/100
|-ability|p2b: Incineroar|Intimidate|boost
|-unboost|p1a: Porygon2|atk|1
|-unboost|p1b: Charizard|atk|1
|-ability|p1a: Porygon2|Download|boost
|-boost|p1a: Porygon2|atk|1
|turn|1
|
|t:|1756537980
|switch|p1b: Ursaluna|Ursaluna, L50, F|100/100
|move|p2b: Incineroar|Fake Out|p1a: Porygon2
|-damage|p1a: Porygon2|92/100
|cant|p1a: Porygon2|flinch
|move|p2a: Garganacl|Salt Cure|p1b: Ursaluna
|-resisted|p1b: Ursaluna
|-damage|p1b: Ursaluna|96/100
|-start|p1b: Ursaluna|Salt Cure
|
|-damage|p1b: Ursaluna|83/100|[from] Salt Cure
|-status|p1b: Ursaluna|brn|[from] item: Flame Orb
|upkeep
|turn|2
|
|t:|1756538026
|switch|p1a: Charizard|Charizard, L50, M|100/100
|-terastallize|p2a: Garganacl|Flying
|move|p2b: Incineroar|Knock Off|p1a: Charizard
|-damage|p1a: Charizard|32/100
|-enditem|p1a: Charizard|Choice Specs|[from] move: Knock Off|[of] p2b: Incineroar
|move|p1b: Ursaluna|Headlong Rush|p2b: Incineroar
|-supereffective|p2b: Incineroar
|-damage|p2b: Incineroar|0 fnt
|-unboost|p1b: Ursaluna|def|1
|-unboost|p1b: Ursaluna|spd|1
|faint|p2b: Incineroar
|move|p2a: Garganacl|Stealth Rock|p1b: Ursaluna
|-sidestart|p1: Kylewithasmile69|move: Stealth Rock
|
|-damage|p1b: Ursaluna|78/100 brn|[from] brn
|-damage|p1b: Ursaluna|66/100 brn|[from] Salt Cure
|upkeep
|
|t:|1756538049
|switch|p2b: Ninetales|Ninetales-Alola, L50, M|100/100
|-weather|Snowscape|[from] ability: Snow Warning|[of] p2b: Ninetales
|turn|3
|
|t:|1756538077
|switch|p1b: Torkoal|Torkoal, L50, M|100/100
|-damage|p1b: Torkoal|76/100|[from] Stealth Rock
|-weather|SunnyDay|[from] ability: Drought|[of] p1b: Torkoal
|move|p2b: Ninetales|Blizzard|p1a: Charizard|[spread] p1a,p1b
|-resisted|p1b: Torkoal
|-damage|p1a: Charizard|0 fnt
|-damage|p1b: Torkoal|52/100
|faint|p1a: Charizard
|move|p2a: Garganacl|Salt Cure|p1b: Torkoal
|-supereffective|p1b: Torkoal
|-damage|p1b: Torkoal|30/100
|-start|p1b: Torkoal|Salt Cure
|
|-weather|SunnyDay|[upkeep]
|-damage|p1b: Torkoal|18/100|[from] Salt Cure
|upkeep
|
|t:|1756538093
|switch|p1a: Ursaluna|Ursaluna, L50, F|66/100 brn
|-damage|p1a: Ursaluna|60/100 brn|[from] Stealth Rock
|turn|4
|
|t:|1756538126
|switch|p2b: Dondozo|Dondozo, L50, F|100/100
|move|p2a: Garganacl|Protect|p2a: Garganacl
|-singleturn|p2a: Garganacl|Protect
|move|p1a: Ursaluna|Facade|p2a: Garganacl
|-activate|p2a: Garganacl|move: Protect
|move|p1b: Torkoal|Overheat|p2b: Dondozo
|-resisted|p2b: Dondozo
|-crit|p2b: Dondozo
|-damage|p2b: Dondozo|56/100
|-unboost|p1b: Torkoal|spa|2
|-enditem|p1b: Torkoal|Eject Pack
|
|t:|1756538140
|switch|p1b: Porygon2|Porygon2, L50|92/100
|-damage|p1b: Porygon2|79/100|[from] Stealth Rock
|-ability|p1b: Porygon2|Download|boost
|-boost|p1b: Porygon2|spa|1
|
|-weather|SunnyDay|[upkeep]
|-heal|p2b: Dondozo|62/100|[from] item: Leftovers
|-damage|p1a: Ursaluna|54/100 brn|[from] brn
|upkeep
|turn|5
|inactive|Battle timer is ON: inactive players will automatically lose when time's up. (requested by Kylewithasmile69)
|inactive|I am the Sweeper has 60 seconds left.
|
|t:|1756538217
|move|p1a: Ursaluna|Facade|p2b: Dondozo
|-damage|p2b: Dondozo|0 fnt
|faint|p2b: Dondozo
|move|p1b: Porygon2|Ice Beam|p2a: Garganacl
|-supereffective|p2a: Garganacl
|-damage|p2a: Garganacl|43/100
|-enditem|p2a: Garganacl|Maranga Berry|[eat]
|-boost|p2a: Garganacl|spd|1|[from] item: Maranga Berry
|move|p2a: Garganacl|Salt Cure|p1b: Porygon2
|-damage|p1b: Porygon2|71/100
|-start|p1b: Porygon2|Salt Cure
|
|-weather|SunnyDay|[upkeep]
|-damage|p1a: Ursaluna|48/100 brn|[from] brn
|-damage|p1b: Porygon2|58/100|[from] Salt Cure
|upkeep
|
|t:|1756538231
|switch|p2b: Ninetales|Ninetales-Alola, L50, M|100/100
|-weather|Snowscape|[from] ability: Snow Warning|[of] p2b: Ninetales
|turn|6
|inactive|I am the Sweeper has 30 seconds left.
|inactive|I am the Sweeper has 20 seconds left.
|inactive|I am the Sweeper has 15 seconds left.
|inactive|I am the Sweeper has 10 seconds left.
|
|t:|1756538277
|switch|p1a: Torkoal|Torkoal, L50, M|18/100
|-damage|p1a: Torkoal|0 fnt|[from] Stealth Rock
|faint|p1a: Torkoal
|move|p2b: Ninetales|Aurora Veil|p2b: Ninetales
|-sidestart|p2: I am the Sweeper|move: Aurora Veil
|move|p1b: Porygon2|Recover|p1b: Porygon2
|-heal|p1b: Porygon2|100/100
|move|p2a: Garganacl|Recover|p2a: Garganacl
|-heal|p2a: Garganacl|94/100
|
|-weather|Snowscape|[upkeep]
|-damage|p1b: Porygon2|88/100|[from] Salt Cure
|upkeep
|l|☆Kylewithasmile69
|inactive|Kylewithasmile69 disconnected and has a minute to reconnect!
|player|p1|
|c|☆I am the Sweeper|come back
|inactive|Kylewithasmile69 has 30 seconds left.
|inactive|Kylewithasmile69 has 20 seconds left.
|inactive|Kylewithasmile69 has 15 seconds left.
|c|☆I am the Sweeper|where did you go
|inactive|Kylewithasmile69 has 10 seconds left.
|inactive|Kylewithasmile69 has 5 seconds left.
|-message|Kylewithasmile69 lost due to inactivity.
|
|win|I am the Sweeper
|c|☆I am the Sweeper|i miss you kyle with a smile
||I am the Sweeper is ready for game 2.
|inactive|Kylewithasmile69 has 5 seconds to reconnect!
|raw|Kylewithasmile69's rating: 1121 → 1099(-22 for losing)
|raw|I am the Sweeper's rating: 1166 → 1188(+22 for winning)
