|j|☆fernsthedruids
|j|☆char_labs
|html|fernsthedruidschar_labs    
|uhtml|bestof|Game 1 of a best-of-3
|t:|1757817801
|gametype|doubles
|player|p1|fernsthedruids|1|1182
|player|p2|char_labs|clerkf|1160
|gen|9
|tier|[Gen 9] VGC 2025 Reg H (Bo3)
|rated|
|rule|Species Clause: Limit one of each Pokémon
|rule|Item Clause: Limit 1 of each item
|clearpoke
|poke|p1|Tyranitar, L50, M|
|poke|p1|Indeedee, L50, M|
|poke|p1|Excadrill, L50, F|
|poke|p1|Talonflame, L50, M|
|poke|p1|Dragonite, L50, F|
|poke|p1|Gholdengo, L50|
|poke|p2|Dragonite, L50, F|
|poke|p2|Vivillon, L50, F|
|poke|p2|Ursaluna, L50, M|
|poke|p2|Gholdengo, L50|
|poke|p2|Incineroar, L50, F|
|poke|p2|Primarina, L50, M|
|teampreview|4
|showteam|p1|Tyranitar||ClearAmulet|SandStream|Protect,KnockOff,RockSlide,DragonDance|||M|||50|,,,,,Flying]Indeedee||ChoiceScarf|PsychicSurge|ExpandingForce,TeraBlast,Trick,Protect|||M|||50|,,,,,Psychic]Excadrill||ChoiceBand|SandRush|Earthquake,HighHorsepower,IronHead,RockSlide|||F|||50|,,,,,Ground]Talonflame||CovertCloak|GaleWings|FlareBlitz,Taunt,Tailwind,BraveBird|||M|||50|,,,,,Flying]Dragonite||LoadedDice|InnerFocus|ScaleShot,Protect,Haze,Tailwind|||F|||50|,,,,,Fairy]Gholdengo||LifeOrb|GoodasGold|Protect,NastyPlot,ShadowBall,MakeItRain||||||50|,,,,,Flying
|showteam|p2|Dragonite||LoadedDice|Multiscale|ScaleShot,Protect,Haze,LowKick|||F|||50|,,,,,Fairy]Vivillon||FocusSash|CompoundEyes|Tailwind,Protect,Hurricane,SleepPowder|||F|||50|,,,,,Ghost]Ursaluna||FlameOrb|Guts|Protect,Facade,Earthquake,HeadlongRush|||M|||50|,,,,,Ghost]Gholdengo||Leftovers|GoodasGold|MakeItRain,ShadowBall,NastyPlot,Protect||||||50|,,,,,Water]Incineroar||SafetyGoggles|Intimidate|FakeOut,PartingShot,KnockOff,FlareBlitz|||F|||50|,,,,,Dragon]Primarina||SitrusBerry|LiquidVoice|Protect,DazzlingGleam,Moonblast,HyperVoice|||M|||50|,,,,,Steel
|inactive|Battle timer is ON: inactive players will automatically lose when time's up. (requested by char_labs)
|inactive|fernsthedruids has 60 seconds left.
|inactive|char_labs has 60 seconds left.
|
|t:|1757817859
|teamsize|p1|4
|teamsize|p2|4
|start
|switch|p1a: Indeedee|Indeedee, L50, M|100/100
|switch|p1b: Talonflame|Talonflame, L50, M|100/100
|switch|p2a: Dragonite|Dragonite, L50, F|100/100
|switch|p2b: Incineroar|Incineroar, L50, F|100/100
|-fieldstart|move: Psychic Terrain|[from] ability: Psychic Surge|[of] p1a: Indeedee
|-ability|p2b: Incineroar|Intimidate|boost
|-unboost|p1a: Indeedee|atk|1
|-unboost|p1b: Talonflame|atk|1
|turn|1
|
|t:|1757817876
|switch|p1a: Tyranitar|Tyranitar, L50, M|100/100
|-weather|Sandstorm|[from] ability: Sand Stream|[of] p1a: Tyranitar
|move|p1b: Talonflame|Tailwind|p1b: Talonflame
|-sidestart|p1: fernsthedruids|move: Tailwind
|move|p2a: Dragonite|Scale Shot|p1b: Talonflame
|-damage|p1b: Talonflame|81/100
|-damage|p1b: Talonflame|61/100
|-damage|p1b: Talonflame|43/100
|-damage|p1b: Talonflame|25/100
|-hitcount|p1b: Talonflame|4
|-unboost|p2a: Dragonite|def|1
|-boost|p2a: Dragonite|spe|1
|move|p2b: Incineroar|Knock Off|p1a: Tyranitar
|-resisted|p1a: Tyranitar
|-damage|p1a: Tyranitar|82/100
|-enditem|p1a: Tyranitar|Clear Amulet|[from] move: Knock Off|[of] p2b: Incineroar
|
|-weather|Sandstorm|[upkeep]
|-damage|p1b: Talonflame|19/100|[from] Sandstorm
|-damage|p2a: Dragonite|95/100|[from] Sandstorm
|upkeep
|turn|2
|inactive|fernsthedruids has 30 seconds left.
|
|t:|1757817903
|move|p2a: Dragonite|Protect|p2a: Dragonite
|-singleturn|p2a: Dragonite|Protect
|move|p1b: Talonflame|Taunt|p2b: Incineroar
|-start|p2b: Incineroar|move: Taunt
|move|p1a: Tyranitar|Rock Slide|p2a: Dragonite|[spread] p2b
|-activate|p2a: Dragonite|move: Protect
|-supereffective|p2b: Incineroar
|-damage|p2b: Incineroar|52/100
|cant|p2b: Incineroar|flinch
|
|-weather|Sandstorm|[upkeep]
|-damage|p1b: Talonflame|13/100|[from] Sandstorm
|-damage|p2a: Dragonite|89/100|[from] Sandstorm
|upkeep
|turn|3
|
|t:|1757817921
|move|p1b: Talonflame|Taunt|p2a: Dragonite
|-start|p2a: Dragonite|move: Taunt
|move|p1a: Tyranitar|Rock Slide|p2b: Incineroar|[spread] p2a
|-miss|p1a: Tyranitar|p2b: Incineroar
|-supereffective|p2a: Dragonite
|-damage|p2a: Dragonite|0 fnt
|faint|p2a: Dragonite
|move|p2b: Incineroar|Flare Blitz|p1b: Talonflame
|-resisted|p1b: Talonflame
|-damage|p1b: Talonflame|0 fnt
|faint|p1b: Talonflame
|-damage|p2b: Incineroar|48/100|[from] Recoil
|
|-weather|Sandstorm|[upkeep]
|upkeep
|
|t:|1757817943
|switch|p1b: Excadrill|Excadrill, L50, F|100/100
|switch|p2a: Primarina|Primarina, L50, M|100/100
|turn|4
|
|t:|1757817967
|-terastallize|p1a: Tyranitar|Flying
|move|p2a: Primarina|Protect|p2a: Primarina
|-singleturn|p2a: Primarina|Protect
|move|p1b: Excadrill|Rock Slide|p2b: Incineroar|[spread] p2b
|-activate|p2a: Primarina|move: Protect
|-supereffective|p2b: Incineroar
|-damage|p2b: Incineroar|0 fnt
|faint|p2b: Incineroar
|move|p1a: Tyranitar|Dragon Dance|p1a: Tyranitar
|-boost|p1a: Tyranitar|atk|1
|-boost|p1a: Tyranitar|spe|1
|
|-weather|Sandstorm|[upkeep]
|-damage|p1a: Tyranitar|76/100|[from] Sandstorm
|-damage|p2a: Primarina|94/100|[from] Sandstorm
|-sideend|p1: fernsthedruids|move: Tailwind
|upkeep
|
|t:|1757817971
|switch|p2b: Gholdengo|Gholdengo, L50|100/100
|turn|5
|
|t:|1757817989
|-terastallize|p2b: Gholdengo|Water
|move|p1b: Excadrill|Rock Slide|p2a: Primarina|[spread] p2a,p2b
|-damage|p2a: Primarina|58/100
|-damage|p2b: Gholdengo|66/100
|move|p1a: Tyranitar|Knock Off|p2b: Gholdengo
|-damage|p2b: Gholdengo|0 fnt
|-enditem|p2b: Gholdengo|Leftovers|[from] move: Knock Off|[of] p1a: Tyranitar
|faint|p2b: Gholdengo
|move|p2a: Primarina|Hyper Voice|p1a: Tyranitar|[spread] p1a,p1b
|-supereffective|p1b: Excadrill
|-damage|p1a: Tyranitar|45/100
|-damage|p1b: Excadrill|23/100
|
|-weather|none
|-fieldend|move: Psychic Terrain
|upkeep
|turn|6
|
|t:|1757818001
|move|p1a: Tyranitar|Knock Off|p2a: Primarina
|-resisted|p2a: Primarina
|-crit|p2a: Primarina
|-damage|p2a: Primarina|0 fnt
|-enditem|p2a: Primarina|Sitrus Berry|[from] move: Knock Off|[of] p1a: Tyranitar
|faint|p2a: Primarina
|
|win|fernsthedruids
||char_labs is ready for game 2.
||fernsthedruids is ready for game 2.
|uhtml|next|Next: Game 2 of 3
