|j|☆harlow18
|j|☆Omaruco
|html|harlow18Omaruco    
|uhtml|bestof|Game 1 of a best-of-3
|t:|1785964377
|gametype|doubles
|player|p1|harlow18|101|1141
|player|p2|Omaruco|arven-s|1197
|gen|9
|tier|[Gen 9 Champions] VGC 2026 Reg M-B (Bo3)
|rated|
|rule|Species Clause: Limit one of each Pokémon
|rule|Item Clause: Limit 1 of each item
|clearpoke
|poke|p1|Gallade, L50, M|
|poke|p1|Chandelure, L50, F|
|poke|p1|Overqwil, L50, M|
|poke|p1|Luxray, L50, M|
|poke|p1|Hydreigon, L50, F|
|poke|p1|Primarina, L50, F|
|poke|p2|Charizard, L50, F|
|poke|p2|Garchomp, L50, M|
|poke|p2|Incineroar, L50, M|
|poke|p2|Venusaur, L50, F|
|poke|p2|Raichu, L50, F|
|poke|p2|Sylveon, L50, M|
|teampreview|4
|showteam|p1|Gallade||Galladite|Steadfast|DrainPunch,PsychoCut,Protect,ShadowSneak|Adamant||M|||50|]Chandelure||Chandelurite|FlashFire|HeatWave,ShadowBall,Protect,Taunt|Timid||F|||50|]Overqwil||Leftovers|Intimidate|FellStinger,Crunch,GunkShot,Protect|Adamant||M|||50|]Luxray||QuickClaw|Intimidate|SupercellSlam,PlayRough,ThroatChop,Protect|Adamant||M|||50|]Hydreigon||DragonFang|Levitate|EarthPower,DarkPulse,DragonPulse,Tailwind|Timid||F|||50|]Primarina||SitrusBerry|Torrent|Moonblast,HydroPump,CalmMind,Protect|Modest||F|||50|
|showteam|p2|Charizard||CharizarditeY|Blaze|WeatherBall,HeatWave,HelpingHand,Protect|Modest||F|||50|]Garchomp||ChoiceScarf|RoughSkin|RockSlide,DragonClaw,Earthquake,StompingTantrum|Adamant||M|||50|]Incineroar||SitrusBerry|Intimidate|FlareBlitz,FakeOut,DarkestLariat,PartingShot|Impish||M|||50|]Venusaur||LifeOrb|Chlorophyll|SludgeBomb,LeafStorm,EarthPower,Protect|Modest||F|||50|]Raichu||RaichuniteY|LightningRod|Protect,ZapCannon,FakeOut,FocusBlast|Timid||F|||50|]Sylveon||FairyFeather|Pixilate|HyperVoice,QuickAttack,HyperBeam,Detect|Modest||M|||50|
|inactive|Battle timer is ON: inactive players will automatically lose when time's up. (requested by Omaruco)
|inactive|Omaruco has 60 seconds left.
|inactive|Omaruco has 30 seconds left.
|inactive|Omaruco has 20 seconds left.
|
|t:|1785964450
|teamsize|p1|4
|teamsize|p2|4
|start
|switch|p1a: Primarina|Primarina, L50, F|100/100
|switch|p1b: Overqwil|Overqwil, L50, M|100/100
|switch|p2a: Raichu|Raichu, L50, F|100/100
|switch|p2b: Garchomp|Garchomp, L50, M|100/100
|-ability|p1b: Overqwil|Intimidate|boost
|-unboost|p2a: Raichu|atk|1
|-unboost|p2b: Garchomp|atk|1
|turn|1
|inactive|harlow18 has 30 seconds left.
|
|t:|1785964483
|switch|p1b: Hydreigon|Hydreigon, L50, F|100/100
|detailschange|p2a: Raichu|Raichu-Mega-Y, L50, F
|-mega|p2a: Raichu|Raichu|Raichunite Y
|move|p1a: Primarina|Protect|p1a: Primarina
|-singleturn|p1a: Primarina|Protect
|move|p2b: Garchomp|Stomping Tantrum|p1b: Hydreigon
|-immune|p1b: Hydreigon|[from] ability: Levitate
|move|p2a: Raichu|Zap Cannon|p1a: Primarina
|-activate|p1a: Primarina|move: Protect
|
|upkeep
|turn|2
|
|t:|1785964504
|switch|p2b: Sylveon|Sylveon, L50, M|100/100
|switch|p1a: Overqwil|Overqwil, L50, M|100/100
|-ability|p1a: Overqwil|Intimidate|boost
|-unboost|p2a: Raichu|atk|1
|-unboost|p2b: Sylveon|atk|1
|move|p2a: Raichu|Protect|p2a: Raichu
|-singleturn|p2a: Raichu|Protect
|move|p1b: Hydreigon|Earth Power|p2a: Raichu
|-activate|p2a: Raichu|move: Protect
|
|upkeep
|turn|3
|
|t:|1785964518
|move|p2a: Raichu|Zap Cannon|p1b: Hydreigon
|-resisted|p1b: Hydreigon|1
|-damage|p1b: Hydreigon|66/100
|-status|p1b: Hydreigon|par
|move|p1a: Overqwil|Gunk Shot|p2b: Sylveon
|-supereffective|p2b: Sylveon|1
|-damage|p2b: Sylveon|0 fnt
|faint|p2b: Sylveon
|cant|p1b: Hydreigon|par
|
|upkeep
|
|t:|1785964535
|switch|p2b: Venusaur|Venusaur, L50, F|100/100
|turn|4
|
|t:|1785964552
|move|p1a: Overqwil|Protect|p1a: Overqwil
|-singleturn|p1a: Overqwil|Protect
|move|p2a: Raichu|Focus Blast|p1b: Hydreigon
|-supereffective|p1b: Hydreigon|1
|-damage|p1b: Hydreigon|0 fnt
|faint|p1b: Hydreigon
|move|p2b: Venusaur|Earth Power|p1a: Overqwil
|-activate|p1a: Overqwil|move: Protect
|
|upkeep
|
|t:|1785964561
|switch|p1b: Gallade|Gallade, L50, M|100/100
|turn|5
|
|t:|1785964579
|detailschange|p1b: Gallade|Gallade-Mega, L50, M
|-mega|p1b: Gallade|Gallade|Galladite
|move|p1b: Gallade|Protect|p1b: Gallade
|-singleturn|p1b: Gallade|Protect
|move|p2a: Raichu|Zap Cannon|p1b: Gallade
|-activate|p1b: Gallade|move: Protect
|move|p2b: Venusaur|Earth Power|p1a: Overqwil
|-supereffective|p1a: Overqwil|1
|-damage|p1a: Overqwil|13/100
|-damage|p2b: Venusaur|90/100|[from] item: Life Orb
|move|p1a: Overqwil|Gunk Shot|p2a: Raichu
|-crit|p2a: Raichu
|-damage|p2a: Raichu|0 fnt
|faint|p2a: Raichu
|
|-heal|p1a: Overqwil|19/100|[from] item: Leftovers
|upkeep
|
|t:|1785964583
|switch|p2a: Garchomp|Garchomp, L50, M|100/100
|turn|6
|
|t:|1785964606
|move|p2b: Venusaur|Protect|p2b: Venusaur
|-singleturn|p2b: Venusaur|Protect
|move|p2a: Garchomp|Stomping Tantrum|p1b: Gallade
|-damage|p1b: Gallade|53/100
|move|p1b: Gallade|Psycho Cut|p2b: Venusaur
|-activate|p2b: Venusaur|move: Protect
|move|p1a: Overqwil|Crunch|p2a: Garchomp
|-damage|p2a: Garchomp|63/100
|-damage|p1a: Overqwil|7/100|[from] ability: Rough Skin|[of] p2a: Garchomp
|
|-heal|p1a: Overqwil|13/100|[from] item: Leftovers
|upkeep
|turn|7
|
|t:|1785964617
|move|p2a: Garchomp|Stomping Tantrum|p1b: Gallade
|-damage|p1b: Gallade|0 fnt
|faint|p1b: Gallade
|move|p2b: Venusaur|Sludge Bomb|p1a: Overqwil
|-resisted|p1a: Overqwil|1
|-damage|p1a: Overqwil|0 fnt
|faint|p1a: Overqwil
|-damage|p2b: Venusaur|80/100|[from] item: Life Orb
|
|upkeep
|
|t:|1785964631
|switch|p1b: Primarina|Primarina, L50, F|100/100
|turn|8
|
|t:|1785964640
|move|p2a: Garchomp|Stomping Tantrum|p1b: Primarina
|-damage|p1b: Primarina|49/100
|-enditem|p1b: Primarina|Sitrus Berry|[eat]
|-heal|p1b: Primarina|74/100|[from] item: Sitrus Berry
|move|p2b: Venusaur|Sludge Bomb|p1b: Primarina
|-supereffective|p1b: Primarina|1
|-damage|p1b: Primarina|0 fnt
|faint|p1b: Primarina
|-damage|p2b: Venusaur|71/100|[from] item: Life Orb
|
|win|Omaruco
