|j|☆pokeplaygg
|j|☆Xodroont
|html|pokeplayggXodroont    
|uhtml|bestof|Game 1 of a best-of-3
|t:|1757689209
|gametype|doubles
|player|p1|pokeplaygg|1|1237
|player|p2|Xodroont|rocketgrunt|1149
|gen|9
|tier|[Gen 9] VGC 2025 Reg H (Bo3)
|rated|
|rule|Species Clause: Limit one of each Pokémon
|rule|Item Clause: Limit 1 of each item
|clearpoke
|poke|p1|Annihilape, L50, M|
|poke|p1|Pelipper, L50, M|
|poke|p1|Maushold, L50|
|poke|p1|Basculegion, L50, M|
|poke|p1|Rillaboom, L50, M|
|poke|p1|Kingambit, L50, F|
|poke|p2|Tsareena, L50, F|
|poke|p2|Pelipper, L50, M|
|poke|p2|Basculegion, L50, M|
|poke|p2|Venonat, L50, F|
|poke|p2|Rillaboom, L50, F|
|poke|p2|Archaludon, L50, F|
|teampreview|4
|showteam|p1|Annihilape||Leftovers|Defiant|Protect,DrainPunch,BulkUp,RageFist|||M|||50|,,,,,Fire]Pelipper||FocusSash|Drizzle|MuddyWater,Protect,Hurricane,WideGuard|||M|||50|,,,,,Stellar]Maushold||SafetyGoggles|FriendGuard|FollowMe,BeatUp,Taunt,Protect||||||50|,,,,,Ghost]Basculegion||ChoiceBand|SwiftSwim|LastRespects,AquaJet,WaveCrash,FlipTurn|||M|||50|,,,,,Fire]Rillaboom||AssaultVest|GrassySurge|FakeOut,GrassyGlide,WoodHammer,Uturn|||M|||50|,,,,,Fire]Kingambit||BlackGlasses|Defiant|SwordsDance,KowtowCleave,SuckerPunch,IronHead|||F|||50|,,,,,Dark
|showteam|p2|Tsareena||SitrusBerry|QueenlyMajesty|Uturn,GrassyGlide,Protect,TripleAxel|||F|||50|,,,,,Grass]Pelipper||FocusSash|Drizzle|Hurricane,WeatherBall,Tailwind,Protect|||M|||50|,,,,,Ghost]Basculegion||MysticWater|SwiftSwim|Protect,WaveCrash,AquaJet,LastRespects|||M|||50|,,,,,Water]Venonat||Eviolite|CompoundEyes|RagePowder,GigaDrain,Toxic,SleepPowder|||F|||50|,,,,,Dragon]Rillaboom||GrassySeed|GrassySurge|GrassyGlide,KnockOff,Uturn,FakeOut|||F|||50|,,,,,Grass]Archaludon||AssaultVest|Stamina|ElectroShot,DragonPulse,FlashCannon,BodyPress|||F|||50|,,,,,Grass
|inactive|Battle timer is ON: inactive players will automatically lose when time's up. (requested by pokeplaygg)
|
|t:|1757689236
|teamsize|p1|4
|teamsize|p2|4
|start
|switch|p1a: Annihilape|Annihilape, L50, M|100/100
|switch|p1b: Maushold|Maushold, L50|100/100
|switch|p2a: Basculegion|Basculegion, L50, M|100/100
|switch|p2b: Tsareena|Tsareena, L50, F|100/100
|turn|1
|inactive|Xodroont has 30 seconds left.
|
|t:|1757689265
|switch|p2a: Rillaboom|Rillaboom, L50, F|100/100
|-fieldstart|move: Grassy Terrain|[from] ability: Grassy Surge|[of] p2a: Rillaboom
|-enditem|p2a: Rillaboom|Grassy Seed
|-boost|p2a: Rillaboom|def|1|[from] item: Grassy Seed
|-terastallize|p2b: Tsareena|Grass
|move|p1b: Maushold|Protect|p1b: Maushold
|-singleturn|p1b: Maushold|Protect
|move|p2b: Tsareena|Grassy Glide|p1a: Annihilape
|-damage|p1a: Annihilape|63/100
|move|p1a: Annihilape|Bulk Up|p1a: Annihilape
|-boost|p1a: Annihilape|atk|1
|-boost|p1a: Annihilape|def|1
|
|-heal|p1a: Annihilape|69/100|[from] Grassy Terrain
|-heal|p1a: Annihilape|75/100|[from] item: Leftovers
|upkeep
|turn|2
|inactive|pokeplaygg has 30 seconds left.
|inactive|pokeplaygg has 20 seconds left.
|inactive|pokeplaygg has 15 seconds left.
|
|t:|1757689307
|-terastallize|p1b: Maushold|Ghost
|move|p1b: Maushold|Beat Up|p1a: Annihilape
|-damage|p1a: Annihilape|74/100
|-damage|p1a: Annihilape|73/100
|-damage|p1a: Annihilape|71/100
|-damage|p1a: Annihilape|70/100
|-hitcount|p1a: Annihilape|4
|move|p1a: Annihilape|Rage Fist|p2a: Rillaboom
|-damage|p2a: Rillaboom|0 fnt
|faint|p2a: Rillaboom
|move|p2b: Tsareena|Triple Axel|p1b: Maushold|[miss]
|-miss|p2b: Tsareena|p1b: Maushold
|
|-heal|p1a: Annihilape|76/100|[from] Grassy Terrain
|-heal|p1a: Annihilape|82/100|[from] item: Leftovers
|upkeep
|
|t:|1757689324
|switch|p2a: Basculegion|Basculegion, L50, M|100/100
|turn|3
|
|t:|1757689336
|move|p1b: Maushold|Protect|p1b: Maushold
|-singleturn|p1b: Maushold|Protect
|move|p2b: Tsareena|Grassy Glide|p1b: Maushold
|-activate|p1b: Maushold|move: Protect
|move|p1a: Annihilape|Rage Fist|p2b: Tsareena
|-damage|p2b: Tsareena|0 fnt
|faint|p2b: Tsareena
|move|p2a: Basculegion|Last Respects|p1b: Maushold
|-activate|p1b: Maushold|move: Protect
|
|-heal|p1a: Annihilape|88/100|[from] Grassy Terrain
|-heal|p1a: Annihilape|94/100|[from] item: Leftovers
|upkeep
|
|t:|1757689350
|switch|p2b: Archaludon|Archaludon, L50, F|100/100
|turn|4
|
|t:|1757689364
|move|p1b: Maushold|Follow Me|p1b: Maushold
|-singleturn|p1b: Maushold|move: Follow Me
|move|p1a: Annihilape|Rage Fist|p2a: Basculegion
|-supereffective|p2a: Basculegion
|-damage|p2a: Basculegion|0 fnt
|faint|p2a: Basculegion
|move|p2b: Archaludon|Body Press|p1b: Maushold
|-immune|p1b: Maushold
|
|-heal|p1a: Annihilape|99/100|[from] Grassy Terrain
|-heal|p1a: Annihilape|100/100|[from] item: Leftovers
|upkeep
|turn|5
|-message|Xodroont forfeited.
|
|win|pokeplaygg
|l|☆Xodroont
|player|p2|
||Xodroont is ready for game 2.
||pokeplaygg is ready for game 2.
|uhtml|next|Next: Game 2 of 3
