|j|☆ZXMaverickHunter
|j|☆wade connects
|html|ZXMaverickHunterwade connects    
|uhtml|bestof|Game 1 of a best-of-3
|t:|1756330299
|gametype|doubles
|player|p1|ZXMaverickHunter|flint|1094
|player|p2|wade connects|170|1107
|gen|9
|tier|[Gen 9] VGC 2025 Reg H (Bo3)
|rated|
|rule|Species Clause: Limit one of each Pokémon
|rule|Item Clause: Limit 1 of each item
|clearpoke
|poke|p1|Rillaboom, L50, M|
|poke|p1|Dragonite, L50, M|
|poke|p1|Sneasler, L50, M|
|poke|p1|Ninetales-Alola, L50, F|
|poke|p1|Kingambit, L50, M|
|poke|p1|Magmar, L50, F|
|poke|p2|Malamar, L50, M|
|poke|p2|Indeedee-F, L50, F|
|poke|p2|Hatterene, L50, F|
|poke|p2|Torkoal, L50, F|
|poke|p2|Ursaluna, L50, M|
|poke|p2|Lilligant-Hisui, L50, F|
|teampreview|4
|showteam|p1|Rillaboom||AssaultVest|GrassySurge|WoodHammer,GrassyGlide,HighHorsepower,FakeOut|||M|||50|,,,,,Fire]Dragonite||LoadedDice|Multiscale|Protect,ScaleShot,LowKick,Haze|||M|||50|,,,,,Fairy]Sneasler||WhiteHerb|Unburden|Protect,DireClaw,CloseCombat,Coaching|||M|||50|,,,,,Ghost]Ninetales-Alola||ChoiceSpecs|SnowWarning|Blizzard,IcyWind,Moonblast,FreezeDry|||F|||50|,,,,,Ghost]Kingambit||SafetyGoggles|Defiant|Protect,KowtowCleave,SuckerPunch,SwordsDance|||M|||50|,,,,,Dark]Magmar||Eviolite|VitalSpirit|Protect,FollowMe,Overheat,WillOWisp|||F|||50|,,,,,Dragon
|showteam|p2|Malamar||SafetyGoggles|Contrary|Protect,TrickRoom,Superpower,KnockOff|||M|||50|,,,,,Water]Indeedee-F||PsychicSeed|PsychicSurge|Protect,HelpingHand,FollowMe,TrickRoom|||F|||50|,,,,,Grass]Hatterene||LifeOrb|MagicBounce|Protect,TrickRoom,ExpandingForce,DazzlingGleam|||F|||50|,,,,,Water]Torkoal||Charcoal|Drought|Protect,Overheat,Eruption,HeatWave|||F|||50|,,,,,Fire]Ursaluna||FlameOrb|Guts|Protect,Facade,HeadlongRush,SwordsDance|||M|||50|,,,,,Ghost]Lilligant-Hisui||FocusSash|Chlorophyll|AfterYou,SleepPowder,LeafBlade,CloseCombat|||F|||50|,,,,,Ghost
|
|t:|1756330378
|teamsize|p1|4
|teamsize|p2|4
|start
|switch|p1a: Hi peli|Ninetales-Alola, L50, F, shiny|100/100
|switch|p1b: Noah's BFF|Sneasler, L50, M, shiny|100/100
|switch|p2a: Indeedee|Indeedee-F, L50, F, shiny|100/100
|switch|p2b: Hatterene|Hatterene, L50, F|100/100
|-weather|Snowscape|[from] ability: Snow Warning|[of] p1a: Hi peli
|-fieldstart|move: Psychic Terrain|[from] ability: Psychic Surge|[of] p2a: Indeedee
|-enditem|p2a: Indeedee|Psychic Seed
|-boost|p2a: Indeedee|spd|1|[from] item: Psychic Seed
|turn|1
|
|t:|1756330394
|switch|p1b: Monke|Rillaboom, L50, M, shiny|100/100
|-fieldstart|move: Grassy Terrain|[from] ability: Grassy Surge|[of] p1b: Monke
|move|p2a: Indeedee|Follow Me|p2a: Indeedee
|-singleturn|p2a: Indeedee|move: Follow Me
|move|p1a: Hi peli|Blizzard|p2b: Hatterene|[spread] p2a,p2b
|-damage|p2a: Indeedee|72/100
|-damage|p2b: Hatterene|53/100
|move|p2b: Hatterene|Trick Room|p2b: Hatterene
|-fieldstart|move: Trick Room|[of] p2b: Hatterene
|
|-weather|Snowscape|[upkeep]
|-heal|p2b: Hatterene|59/100|[from] Grassy Terrain
|-heal|p2a: Indeedee|78/100|[from] Grassy Terrain
|upkeep
|turn|2
|
|t:|1756330433
|switch|p2a: Torkoal|Torkoal, L50, F|100/100
|-weather|SunnyDay|[from] ability: Drought|[of] p2a: Torkoal
|switch|p1b: Kingambling|Kingambit, L50, M, shiny|100/100
|move|p2b: Hatterene|Dazzling Gleam|p1a: Hi peli|[spread] p1a,p1b
|-damage|p1a: Hi peli|46/100
|-damage|p1b: Kingambling|55/100
|-damage|p2b: Hatterene|49/100|[from] item: Life Orb
|move|p1a: Hi peli|Blizzard|p2b: Hatterene|[spread] p2a,p2b
|-resisted|p2a: Torkoal
|-damage|p2a: Torkoal|70/100
|-damage|p2b: Hatterene|0 fnt
|faint|p2b: Hatterene
|
|-weather|SunnyDay|[upkeep]
|-heal|p2a: Torkoal|76/100|[from] Grassy Terrain
|-heal|p1b: Kingambling|61/100|[from] Grassy Terrain
|-heal|p1a: Hi peli|52/100|[from] Grassy Terrain
|upkeep
|
|t:|1756330453
|switch|p2b: Malamar|Malamar, L50, M, shiny|100/100
|turn|3
|
|t:|1756330470
|-terastallize|p2a: Torkoal|Fire
|move|p1b: Kingambling|Protect|p1b: Kingambling
|-singleturn|p1b: Kingambling|Protect
|move|p2a: Torkoal|Heat Wave|p1b: Kingambling|[spread] p1a
|-activate|p1b: Kingambling|move: Protect
|-supereffective|p1a: Hi peli
|-damage|p1a: Hi peli|0 fnt
|faint|p1a: Hi peli
|move|p2b: Malamar|Superpower|p1b: Kingambling
|-activate|p1b: Kingambling|move: Protect
|
|-weather|SunnyDay|[upkeep]
|-heal|p2a: Torkoal|82/100|[from] Grassy Terrain
|-heal|p1b: Kingambling|67/100|[from] Grassy Terrain
|upkeep
|
|t:|1756330479
|switch|p1a: Monke|Rillaboom, L50, M, shiny|100/100
|turn|4
|
|t:|1756330508
|switch|p2a: Indeedee|Indeedee-F, L50, F, shiny|78/100
|-fieldstart|move: Psychic Terrain|[from] ability: Psychic Surge|[of] p2a: Indeedee
|-terastallize|p1a: Monke|Fire
|move|p1b: Kingambling|Protect|p1b: Kingambling
|-singleturn|p1b: Kingambling|Protect
|move|p2b: Malamar|Superpower|p1a: Monke
|-damage|p1a: Monke|72/100
|-boost|p2b: Malamar|atk|1
|-boost|p2b: Malamar|def|1
|move|p1a: Monke|High Horsepower|p2a: Indeedee
|-damage|p2a: Indeedee|42/100
|
|-weather|SunnyDay|[upkeep]
|upkeep
|turn|5
|
|t:|1756330532
|switch|p1b: Noah's BFF|Sneasler, L50, M, shiny|100/100
|move|p2a: Indeedee|Protect|p2a: Indeedee
|-singleturn|p2a: Indeedee|Protect
|move|p2b: Malamar|Superpower|p1a: Monke
|-damage|p1a: Monke|27/100
|-boost|p2b: Malamar|atk|1
|-boost|p2b: Malamar|def|1
|move|p1a: Monke|Wood Hammer|p2a: Indeedee
|-activate|p2a: Indeedee|move: Protect
|
|-weather|SunnyDay|[upkeep]
|-fieldend|move: Trick Room
|upkeep
|turn|6
|
|t:|1756330559
|switch|p1a: Kingambling|Kingambit, L50, M, shiny|67/100
|move|p2a: Indeedee|Follow Me|p2a: Indeedee
|-singleturn|p2a: Indeedee|move: Follow Me
|move|p1b: Noah's BFF|Close Combat|p2a: Indeedee
|-damage|p2a: Indeedee|0 fnt
|-unboost|p1b: Noah's BFF|def|1
|-unboost|p1b: Noah's BFF|spd|1
|faint|p2a: Indeedee
|-enditem|p1b: Noah's BFF|White Herb
|-clearnegativeboost|p1b: Noah's BFF|[silent]
|move|p2b: Malamar|Trick Room|p2b: Malamar
|-fieldstart|move: Trick Room|[of] p2b: Malamar
|
|-weather|none
|upkeep
|
|t:|1756330574
|switch|p2a: Torkoal|Torkoal, L50, F, tera:Fire|82/100
|-weather|SunnyDay|[from] ability: Drought|[of] p2a: Torkoal
|turn|7
|
|t:|1756330585
|move|p1a: Kingambling|Protect|p1a: Kingambling
|-singleturn|p1a: Kingambling|Protect
|move|p2a: Torkoal|Heat Wave|p1b: Noah's BFF|[spread] p1b
|-activate|p1a: Kingambling|move: Protect
|-damage|p1b: Noah's BFF|2/100
|move|p2b: Malamar|Superpower|p1b: Noah's BFF
|-resisted|p1b: Noah's BFF
|-damage|p1b: Noah's BFF|0 fnt
|-boost|p2b: Malamar|atk|1
|-boost|p2b: Malamar|def|1
|faint|p1b: Noah's BFF
|
|-weather|SunnyDay|[upkeep]
|upkeep
|
|t:|1756330592
|switch|p1b: Monke|Rillaboom, L50, M, shiny, tera:Fire|27/100
|-fieldstart|move: Grassy Terrain|[from] ability: Grassy Surge|[of] p1b: Monke
|turn|8
|
|t:|1756330622
|move|p1b: Monke|Fake Out|p2b: Malamar
|-damage|p2b: Malamar|95/100
|move|p2a: Torkoal|Heat Wave|p1a: Kingambling|[spread] p1a,p1b
|-supereffective|p1a: Kingambling
|-resisted|p1b: Monke
|-damage|p1a: Kingambling|0 fnt
|-damage|p1b: Monke|0 fnt
|faint|p1a: Kingambling
|faint|p1b: Monke
|
|win|wade connects
