|j|ŌśåCoban7
|j|Ōśågundnub
|html|Coban7gundnub    
|uhtml|bestof|Game 2 of a best-of-3
|t:|1783286255
|gametype|doubles
|player|p1|Coban7|102|
|player|p2|gundnub|pokemonranger-gen4|
|gen|9
|tier|[Gen 9 Champions] VGC 2026 Reg M-B (Bo3)
|rule|Species Clause: Limit one of each Pok├®mon
|rule|Item Clause: Limit 1 of each item
|clearpoke
|poke|p1|Wyrdeer, L50, M|
|poke|p1|Empoleon, L50, M|
|poke|p1|Liepard, L50, F|
|poke|p1|Houndoom, L50, M, shiny|
|poke|p1|Noivern, L50, M|
|poke|p1|Dragalge, L50, M|
|poke|p2|Arcanine, L50, F|
|poke|p2|Serperior, L50, M|
|poke|p2|Altaria, L50, M|
|poke|p2|Toxicroak, L50, M|
|poke|p2|Krookodile, L50, F|
|poke|p2|Skarmory, L50, F|
|teampreview|4
|showteam|p1|Wyrdeer||MentalHerb|Intimidate|TrickRoom,SkillSwap,PsyshieldBash,LightScreen|Adamant||M|||50|]Empoleon||SitrusBerry|Competitive|IceBeam,HydroPump,FlashCannon,Protect|Quiet||M|||50|]Liepard||FocusSash|Prankster|SuckerPunch,SunnyDay,Encore,FakeOut|Jolly||F|||50|]Houndoom||Houndoominite|EarlyBird|HeatWave,DarkPulse,NastyPlot,Protect|Timid||M|||50|]Noivern||YacheBerry|Infiltrator|DracoMeteor,Taunt,Tailwind,Protect|Timid||M|||50|]Dragalge||LifeOrb|Adaptability|SludgeBomb,SludgeWave,DracoMeteor,Protect|Quiet||M|||50|
|showteam|p2|Arcanine||SitrusBerry|Intimidate|Protect,FlareBlitz,ExtremeSpeed,WillOWisp|Careful||F|||50|]Serperior||LightClay|Contrary|LeafStorm,Reflect,LightScreen,Glare|Timid||M|||50|]Altaria||Altarianite|CloudNine|Protect,HyperVoice,DragonPulse,Roost|Modest||M|||50|]Toxicroak||WhiteHerb|DrySkin|Protect,PoisonJab,CloseCombat,FakeOut|Adamant||M|||50|]Krookodile||ChoiceScarf|Intimidate|Earthquake,HighHorsepower,KnockOff,RockTomb|Jolly||F|||50|]Skarmory||Skarmorite|Sturdy|Protect,DualWingbeat,IronHead,SwordsDance|Adamant||F|||50|
|inactive|Battle timer is ON: inactive players will automatically lose when time's up. (requested by gundnub)
|inactive|gundnub has 60 seconds left.
|
|t:|1783286309
|teamsize|p1|4
|teamsize|p2|4
|start
|switch|p1a: Wyrdeer|Wyrdeer, L50, M|100/100
|switch|p1b: Empoleon|Empoleon, L50, M|100/100
|switch|p2a: Altaria|Altaria, L50, M|100/100
|switch|p2b: Krookodile|Krookodile, L50, F|100/100
|-ability|p2b: Krookodile|Intimidate|boost
|-unboost|p1a: Wyrdeer|atk|1
|-unboost|p1b: Empoleon|atk|1
|-ability|p1b: Empoleon|Competitive|boost
|-boost|p1b: Empoleon|spa|2
|-ability|p2a: Altaria|Cloud Nine
|-ability|p1a: Wyrdeer|Intimidate|boost
|-unboost|p2a: Altaria|atk|1
|-unboost|p2b: Krookodile|atk|1
|turn|1
|inactive|Coban7 has 30 seconds left.
|inactive|gundnub has 30 seconds left.
|inactive|Coban7 has 20 seconds left.
|inactive|gundnub has 20 seconds left.
|inactive|Coban7 has 15 seconds left.
|inactive|gundnub has 15 seconds left.
|
|t:|1783286351
|detailschange|p2a: Altaria|Altaria-Mega, L50, M
|-mega|p2a: Altaria|Altaria|Altarianite
|move|p2b: Krookodile|Knock Off|p1a: Wyrdeer
|-supereffective|p1a: Wyrdeer|1
|-damage|p1a: Wyrdeer|28/100
|-enditem|p1a: Wyrdeer|Mental Herb|[from] move: Knock Off|[of] p2b: Krookodile
|move|p2a: Altaria|Dragon Pulse|p1a: Wyrdeer
|-damage|p1a: Wyrdeer|0 fnt
|faint|p1a: Wyrdeer
|move|p1b: Empoleon|Ice Beam|p2a: Altaria
|-supereffective|p2a: Altaria|1
|-damage|p2a: Altaria|0 fnt
|faint|p2a: Altaria
|
|upkeep
|
|t:|1783286365
|switch|p2a: Toxicroak|Toxicroak, L50, M|100/100
|switch|p1a: Dragalge|Dragalge, L50, M|100/100
|turn|2
|inactive|gundnub has 30 seconds left.
|
|t:|1783286407
|switch|p2b: Arcanine|Arcanine, L50, F|100/100
|-ability|p2b: Arcanine|Intimidate|boost
|-unboost|p1a: Dragalge|atk|1
|-unboost|p1b: Empoleon|atk|1
|-ability|p1b: Empoleon|Competitive|boost
|-boost|p1b: Empoleon|spa|2
|move|p2a: Toxicroak|Protect|p2a: Toxicroak
|-singleturn|p2a: Toxicroak|Protect
|move|p1b: Empoleon|Protect|p1b: Empoleon
|-singleturn|p1b: Empoleon|Protect
|move|p1a: Dragalge|Sludge Bomb|p2b: Arcanine
|-damage|p2b: Arcanine|36/100
|-status|p2b: Arcanine|psn
|-enditem|p2b: Arcanine|Sitrus Berry|[eat]
|-heal|p2b: Arcanine|61/100 psn|[from] item: Sitrus Berry
|-damage|p1a: Dragalge|90/100|[from] item: Life Orb
|
|-damage|p2b: Arcanine|49/100 psn|[from] psn
|upkeep
|turn|3
|inactive|Coban7 has 30 seconds left.
|inactive|gundnub has 30 seconds left.
|
|t:|1783286442
|switch|p2b: Krookodile|Krookodile, L50, F|100/100
|-ability|p2b: Krookodile|Intimidate|boost
|-unboost|p1a: Dragalge|atk|1
|-unboost|p1b: Empoleon|atk|1
|-ability|p1b: Empoleon|Competitive|boost
|-boost|p1b: Empoleon|spa|2
|move|p2a: Toxicroak|Close Combat|p1b: Empoleon
|-supereffective|p1b: Empoleon|1
|-damage|p1b: Empoleon|0 fnt
|-unboost|p2a: Toxicroak|def|1
|-unboost|p2a: Toxicroak|spd|1
|faint|p1b: Empoleon
|-enditem|p2a: Toxicroak|White Herb
|-clearnegativeboost|p2a: Toxicroak|[silent]
|move|p1a: Dragalge|Sludge Wave|p2b: Krookodile|[spread] p2a,p2b
|-resisted|p2a: Toxicroak|1
|-resisted|p2b: Krookodile|1
|-damage|p2a: Toxicroak|62/100
|-damage|p2b: Krookodile|61/100
|-damage|p1a: Dragalge|80/100|[from] item: Life Orb
|
|upkeep
|
|t:|1783286450
|switch|p1b: Houndoom|Houndoom, L50, M, shiny|100/100
|turn|4
|
|t:|1783286471
|detailschange|p1b: Houndoom|Houndoom-Mega, L50, M, shiny
|-mega|p1b: Houndoom|Houndoom|Houndoominite
|move|p2a: Toxicroak|Protect|p2a: Toxicroak
|-singleturn|p2a: Toxicroak|Protect
|move|p1a: Dragalge|Protect|p1a: Dragalge
|-singleturn|p1a: Dragalge|Protect
|move|p2b: Krookodile|Earthquake|p1a: Dragalge|[spread] p1b
|-activate|p2a: Toxicroak|move: Protect
|-activate|p1a: Dragalge|move: Protect
|-supereffective|p1b: Houndoom|1
|-damage|p1b: Houndoom|1/100
|move|p1b: Houndoom|Heat Wave|p2a: Toxicroak|[spread] p2b
|-activate|p2a: Toxicroak|move: Protect
|-damage|p2b: Krookodile|6/100
|
|upkeep
|turn|5
|
|t:|1783286499
|switch|p2a: Arcanine|Arcanine, L50, F|49/100 psn
|-ability|p2a: Arcanine|Intimidate|boost
|-unboost|p1a: Dragalge|atk|1
|-unboost|p1b: Houndoom|atk|1
|move|p1b: Houndoom|Protect|p1b: Houndoom
|-singleturn|p1b: Houndoom|Protect
|move|p2b: Krookodile|Earthquake|p1b: Houndoom|[spread] p2a,p1a
|-activate|p1b: Houndoom|move: Protect
|-supereffective|p2a: Arcanine|1
|-supereffective|p1a: Dragalge|1
|-damage|p2a: Arcanine|0 fnt
|-damage|p1a: Dragalge|3/100
|faint|p2a: Arcanine
|move|p1a: Dragalge|Sludge Wave|p2b: Krookodile|[spread] p2b
|-activate|p1b: Houndoom|move: Protect
|-resisted|p2b: Krookodile|1
|-damage|p2b: Krookodile|0 fnt
|faint|p2b: Krookodile
|-damage|p1a: Dragalge|0 fnt|[from] item: Life Orb
|faint|p1a: Dragalge
|
|upkeep
|
|t:|1783286505
|switch|p2b: Toxicroak|Toxicroak, L50, M|62/100
|turn|6
|
|t:|1783286519
|move|p1b: Houndoom|Protect||[still]
|-fail|p1b: Houndoom
|move|p2b: Toxicroak|Fake Out|p1b: Houndoom
|-damage|p1b: Houndoom|0 fnt
|faint|p1b: Houndoom
|
|win|gundnub
|c|Ōśågundnub|ggwp
|c|ŌśåCoban7|Good games well playedn
|c|ŌśåCoban7|the krookodile is REALLY strong
|c|Ōśågundnub|its been so good
|c|Ōśågundnub|but empleon is a bit tricky since i have double intim
|c|ŌśåCoban7|Goes insanely well into any team which is weak against ground
|c|ŌśåCoban7|yeah Empoleon might be my most threatening mon IŌĆÖve realized
|c|ŌśåCoban7|hoondoom just takes too much set up to work
|c|Ōśågundnub|thats what i found out
|c|Ōśågundnub|it just a bit to long to pump out damage
|c|ŌśåCoban7|sad cause I really like the guy ­¤Æö
|c|Ōśågundnub|and solar power chunks its hp
|c|Ōśågundnub|for sure i thought this was its format
|c|ŌśåCoban7|Me too
|c|ŌśåCoban7|I reckoned it could one shot a lot of things with solar power + heat wave
|c|ŌśåCoban7|especially in such a low power format
|c|ŌśåCoban7|but it kinda just does good damage
|c|ŌśåCoban7|nothing extraordinary
|c|Ōśågundnub|same but with no weather setter its a bit hard to play, especially into fake out
|c|ŌśåCoban7|You played with Lucario yet ?
|c|ŌśåCoban7|Seems like he could be the guy too but idk
|c|Ōśågundnub|I thought about it haven't tested it yet
|c|ŌśåCoban7|well IŌĆÖm gonna theorycraft some more
|c|Ōśågundnub|ive been on mega altaria at the moment
|c|ŌśåCoban7|thank you for the games ­¤½Ī
|c|Ōśågundnub|np u2
|l|ŌśåCoban7
|player|p1|
