|j|Ōśåthenewwwguy
|j|ŌśåA Regu1ar Guy
|html|thenewwwguyA Regu1ar Guy    
|uhtml|bestof|Game 2 of a best-of-3
|t:|1756854654
|gametype|doubles
|player|p1|thenewwwguy|170|
|player|p2|A Regu1ar Guy|elesa|
|gen|9
|tier|[Gen 9] VGC 2025 Reg H (Bo3)
|rule|Species Clause: Limit one of each Pok├®mon
|rule|Item Clause: Limit 1 of each item
|clearpoke
|poke|p1|Kingambit, L50, F|
|poke|p1|Rillaboom, L50, M|
|poke|p1|Electabuzz, L50, M|
|poke|p1|Volcarona, L50, M|
|poke|p1|Sneasler, L50, F|
|poke|p1|Dragonite, L50, F|
|poke|p2|Volcarona, L50, F|
|poke|p2|Rillaboom, L50, M|
|poke|p2|Electabuzz, L50, F|
|poke|p2|Tauros-Paldea-Aqua, L50, M|
|poke|p2|Tyranitar, L50, F|
|poke|p2|Gholdengo, L50|
|teampreview|4
|showteam|p1|Kingambit||BlackGlasses|Defiant|Protect,KowtowCleave,SuckerPunch,SwordsDance|||F|||50|,,,,,Dark]Rillaboom||AssaultVest|GrassySurge|WoodHammer,GrassyGlide,HighHorsepower,FakeOut|||M|||50|,,,,,Fire]Electabuzz||Eviolite|VitalSpirit|Electroweb,Protect,HelpingHand,FollowMe|||M|||50|,,,,,Ghost]Volcarona||CovertCloak|FlameBody|Protect,HeatWave,TeraBlast,QuiverDance|||M|||50|,,,,,Fairy]Sneasler||FocusSash|PoisonTouch|CloseCombat,DireClaw,Coaching,FakeOut|||F|||50|,,,,,Stellar]Dragonite||LoadedDice|Multiscale|ScaleShot,Haze,ExtremeSpeed,Protect|||F|||50|,,,,,Fairy
|showteam|p2|Volcarona||GrassySeed|FlameBody|HeatWave,GigaDrain,QuiverDance,Protect|||F|||50|,,,,,Grass]Rillaboom||MiracleSeed|GrassySurge|WoodHammer,GrassyGlide,FakeOut,HighHorsepower|||M|||50|,,,,,Fire]Electabuzz||Eviolite|VitalSpirit|Thunderbolt,FollowMe,Taunt,Protect|||F|||50|,,,,,Ghost]Tauros-Paldea-Aqua||MirrorHerb|Intimidate|WaveCrash,AquaJet,CloseCombat,Protect|||M|||50|,,,,,Water]Tyranitar||AssaultVest|SandStream|KnockOff,RockSlide,TeraBlast,LowKick|||F|||50|,,,,,Flying]Gholdengo||LifeOrb|GoodasGold|MakeItRain,ShadowBall,NastyPlot,Protect||||||50|,,,,,Water
|j| teamthief420
|
|t:|1756854700
|teamsize|p1|4
|teamsize|p2|4
|start
|switch|p1a: Rillaboom|Rillaboom, L50, M|100/100
|switch|p1b: Sneasler|Sneasler, L50, F|100/100
|switch|p2a: Volcarona|Volcarona, L50, F, shiny|100/100
|switch|p2b: Electabuzz|Electabuzz, L50, F|100/100
|-fieldstart|move: Grassy Terrain|[from] ability: Grassy Surge|[of] p1a: Rillaboom
|-enditem|p2a: Volcarona|Grassy Seed
|-boost|p2a: Volcarona|def|1|[from] item: Grassy Seed
|turn|1
|c|ŌśåA Regu1ar Guy|So my gameplay when encoutering other volc is use electabuzz taunt to stop them. But other volc also have electabuzz leading to speed ties on who has the faster taunt
|c|Ōśåthenewwwguy|that makes a lot of sense
|
|t:|1756854722
|-terastallize|p1b: Sneasler|Stellar
|move|p1a: Rillaboom|Fake Out|p2a: Volcarona
|-damage|p2a: Volcarona|90/100
|-status|p1a: Rillaboom|brn|[from] ability: Flame Body|[of] p2a: Volcarona
|move|p1b: Sneasler|Dire Claw|p2a: Volcarona
|-damage|p2a: Volcarona|45/100
|-status|p2a: Volcarona|psn
|-status|p1b: Sneasler|brn|[from] ability: Flame Body|[of] p2a: Volcarona
|cant|p2a: Volcarona|flinch
|move|p2b: Electabuzz|Thunderbolt|p1b: Sneasler
|-damage|p1b: Sneasler|58/100 brn
|
|-heal|p1b: Sneasler|63/100 brn|[from] Grassy Terrain
|-heal|p2a: Volcarona|51/100 psn|[from] Grassy Terrain
|-damage|p2a: Volcarona|39/100 psn|[from] psn
|-damage|p1b: Sneasler|58/100 brn|[from] brn
|-damage|p1a: Rillaboom|95/100 brn|[from] brn
|upkeep
|turn|2
|c|Ōśåthenewwwguy|i think its also helpful bcs volc often finds itself with kingambit which also lieks to set up and dragonite which hazes
|c|Ōśåthenewwwguy|taunt is def super useufl
|c|Ōśåthenewwwguy|hoyl shit thats so unlucky
|
|t:|1756854766
|move|p2b: Electabuzz|Follow Me|p2b: Electabuzz
|-singleturn|p2b: Electabuzz|move: Follow Me
|move|p1b: Sneasler|Close Combat|p2b: Electabuzz
|-damage|p2b: Electabuzz|66/100
|-unboost|p1b: Sneasler|def|1
|-unboost|p1b: Sneasler|spd|1
|-status|p2b: Electabuzz|psn|[from] ability: Poison Touch|[of] p1b: Sneasler
|move|p2a: Volcarona|Quiver Dance|p2a: Volcarona
|-boost|p2a: Volcarona|spa|1
|-boost|p2a: Volcarona|spd|1
|-boost|p2a: Volcarona|spe|1
|move|p1a: Rillaboom|High Horsepower|p2b: Electabuzz
|-supereffective|p2b: Electabuzz
|-damage|p2b: Electabuzz|44/100 psn
|
|-heal|p2a: Volcarona|45/100 psn|[from] Grassy Terrain
|-heal|p1b: Sneasler|63/100 brn|[from] Grassy Terrain
|-heal|p2b: Electabuzz|49/100 psn|[from] Grassy Terrain
|-heal|p1a: Rillaboom|100/100 brn|[from] Grassy Terrain
|-damage|p2a: Volcarona|32/100 psn|[from] psn
|-damage|p2b: Electabuzz|37/100 psn|[from] psn
|-damage|p1b: Sneasler|58/100 brn|[from] brn
|-damage|p1a: Rillaboom|95/100 brn|[from] brn
|upkeep
|turn|3
|c| teamthief420|volc puttin up prime lebron numbers with flame body
|c|ŌśåA Regu1ar Guy|Since I'm running a tera grass set I can't really hit dragonite apart from ttar
|c|Ōśåthenewwwguy|ive noticed
|c|ŌśåA Regu1ar Guy|Although ghold does well defensivly and make it rain hits hard
|
|t:|1756854800
|move|p2b: Electabuzz|Follow Me|p2b: Electabuzz
|-singleturn|p2b: Electabuzz|move: Follow Me
|move|p2a: Volcarona|Heat Wave|p1b: Sneasler|[spread] p1a,p1b
|-supereffective|p1a: Rillaboom
|-damage|p1a: Rillaboom|14/100 brn
|-damage|p1b: Sneasler|0 fnt
|faint|p1b: Sneasler
|move|p1a: Rillaboom|Wood Hammer|p2b: Electabuzz
|-damage|p2b: Electabuzz|6/100 psn
|-damage|p1a: Rillaboom|5/100 brn|[from] Recoil
|
|-heal|p2a: Volcarona|39/100 psn|[from] Grassy Terrain
|-heal|p2b: Electabuzz|12/100 psn|[from] Grassy Terrain
|-heal|p1a: Rillaboom|11/100 brn|[from] Grassy Terrain
|-damage|p2a: Volcarona|26/100 psn|[from] psn
|-damage|p2b: Electabuzz|0 fnt|[from] psn
|faint|p2b: Electabuzz
|-damage|p1a: Rillaboom|5/100 brn|[from] brn
|upkeep
|c|Ōśåthenewwwguy|that and the fact that taunt + quiver makes me want to haze later are why i
|c|Ōśåthenewwwguy|have put dragonite in the back
|
|t:|1756854816
|switch|p1b: Dragonite|Dragonite, L50, F, shiny|100/100
|switch|p2b: Tyranitar|Tyranitar, L50, F|100/100
|-weather|Sandstorm|[from] ability: Sand Stream|[of] p2b: Tyranitar
|turn|4
|
|t:|1756854822
|move|p1a: Rillaboom|Grassy Glide|p2b: Tyranitar
|-supereffective|p2b: Tyranitar
|-damage|p2b: Tyranitar|69/100
|move|p2a: Volcarona|Heat Wave|p1b: Dragonite|[spread] p1a,p1b
|-supereffective|p1a: Rillaboom
|-resisted|p1b: Dragonite
|-damage|p1a: Rillaboom|0 fnt
|-damage|p1b: Dragonite|86/100
|faint|p1a: Rillaboom
|move|p1b: Dragonite|Haze|p1b: Dragonite
|-clearallboost
|move|p2b: Tyranitar|Knock Off|p1b: Dragonite
|-damage|p1b: Dragonite|28/100
|-enditem|p1b: Dragonite|Loaded Dice|[from] move: Knock Off|[of] p2b: Tyranitar
|
|-weather|Sandstorm|[upkeep]
|-damage|p2a: Volcarona|20/100 psn|[from] Sandstorm
|-damage|p1b: Dragonite|23/100|[from] Sandstorm
|-heal|p2a: Volcarona|26/100 psn|[from] Grassy Terrain
|-heal|p2b: Tyranitar|75/100|[from] Grassy Terrain
|-damage|p2a: Volcarona|14/100 psn|[from] psn
|upkeep
|
|t:|1756854828
|switch|p1a: Kingambit|Kingambit, L50, F, shiny|100/100
|turn|5
|
|t:|1756854836
|move|p1a: Kingambit|Protect|p1a: Kingambit
|-singleturn|p1a: Kingambit|Protect
|move|p1b: Dragonite|Extreme Speed|p2a: Volcarona
|-damage|p2a: Volcarona|0 fnt
|faint|p2a: Volcarona
|move|p2b: Tyranitar|Low Kick|p1a: Kingambit
|-activate|p1a: Kingambit|move: Protect
|
|-weather|Sandstorm|[upkeep]
|-damage|p1b: Dragonite|17/100|[from] Sandstorm
|-heal|p2b: Tyranitar|81/100|[from] Grassy Terrain
|-fieldend|move: Grassy Terrain
|upkeep
|
|t:|1756854840
|switch|p2a: Tauros|Tauros-Paldea-Aqua, L50, M|100/100
|-ability|p2a: Tauros|Intimidate|boost
|-unboost|p1a: Kingambit|atk|1
|-ability|p1a: Kingambit|Defiant|boost
|-boost|p1a: Kingambit|atk|2
|-unboost|p1b: Dragonite|atk|1
|-enditem|p2a: Tauros|Mirror Herb
|-boost|p2a: Tauros|atk|2|[from] item: Mirror Herb
|turn|6
|
|t:|1756854853
|move|p1a: Kingambit|Sucker Punch|p2b: Tyranitar
|-resisted|p2b: Tyranitar
|-damage|p2b: Tyranitar|51/100
|move|p2a: Tauros|Close Combat|p1a: Kingambit
|-supereffective|p1a: Kingambit
|-damage|p1a: Kingambit|0 fnt
|-unboost|p2a: Tauros|def|1
|-unboost|p2a: Tauros|spd|1
|faint|p1a: Kingambit
|move|p1b: Dragonite|Scale Shot|p2b: Tyranitar
|-damage|p2b: Tyranitar|43/100
|-damage|p2b: Tyranitar|33/100
|-damage|p2b: Tyranitar|24/100
|-damage|p2b: Tyranitar|15/100
|-hitcount|p2b: Tyranitar|4
|-unboost|p1b: Dragonite|def|1
|-boost|p1b: Dragonite|spe|1
|move|p2b: Tyranitar|Knock Off|p1b: Dragonite
|-damage|p1b: Dragonite|0 fnt
|faint|p1b: Dragonite
|
|win|A Regu1ar Guy
|c|Ōśåthenewwwguy|gg
|c|ŌśåA Regu1ar Guy|ggs
|c|Ōśåthenewwwguy|i think my big mistake here was teraing sneasler
|c|Ōśåthenewwwguy|i didn't have an out on low kick for kingambit but i woulld've benefited from tera on dragonite
|c|Ōśåthenewwwguy|idk if you ahve any other feedback
|l|Ōśåthenewwwguy
|player|p1|
|l| teamthief420
|l|ŌśåA Regu1ar Guy
|player|p2|
|j|Ōśåthenewwwguy
|player|p1|thenewwwguy|170|
