|j|☆camala64
|j|☆oceanadukey
|html|camala64oceanadukey    
|uhtml|bestof|Game 1 of a best-of-3
|t:|1785794359
|gametype|doubles
|player|p1|camala64|lance-masters2|
|player|p2|oceanadukey|169|
|gen|9
|tier|[Gen 9 Champions] VGC 2026 Reg M-B (Bo3)
|rule|Species Clause: Limit one of each Pokémon
|rule|Item Clause: Limit 1 of each item
|clearpoke
|poke|p1|Charizard, L50, M, shiny|
|poke|p1|Basculegion, L50, M, shiny|
|poke|p1|Venusaur, L50, F|
|poke|p1|Archaludon, L50, M, shiny|
|poke|p1|Pelipper, L50, M|
|poke|p1|Garchomp, L50, M, shiny|
|poke|p2|Staraptor, L50, F|
|poke|p2|Venusaur, L50, M|
|poke|p2|Whimsicott, L50, F|
|poke|p2|Farigiraf, L50, F|
|poke|p2|Dragapult, L50, M|
|poke|p2|Grimmsnarl, L50, M|
|teampreview|4
|showteam|p1|Charizard||CharizarditeY|Blaze|WeatherBall,HeatWave,SolarBeam,Protect|Modest||M|||50|]Basculegion||ChoiceScarf|Adaptability|WaveCrash,AquaJet,FlipTurn,LastRespects|Jolly||M|||50|]Venusaur||Venusaurite|Chlorophyll|GigaDrain,SludgeBomb,SleepPowder,Protect|Modest||F|||50|]Archaludon||Leftovers|Stamina|ElectroShot,DragonPulse,FlashCannon,Protect|Modest||M|||50|]Pelipper||SitrusBerry|Drizzle|WeatherBall,Hurricane,Tailwind,HelpingHand|Calm||M|||50|]Garchomp||LifeOrb|RoughSkin|Earthquake,DragonClaw,RockSlide,Protect|Jolly||M|||50|
|showteam|p2|Staraptor||Staraptite|Intimidate|CloseCombat,BraveBird,Roost,Protect|Adamant||F|||50|]Venusaur||Venusaurite|Chlorophyll|GigaDrain,EarthPower,SludgeBomb,Protect|Modest||M|||50|]Whimsicott||FocusSash|Prankster|Moonblast,Tailwind,SunnyDay,Protect|Modest||F|||50|]Farigiraf||SitrusBerry|ArmorTail|TrickRoom,Wish,AllySwitch,Protect|Relaxed||F|||50|]Dragapult||LifeOrb|Infiltrator|Thunderbolt,Flamethrower,ShadowBall,Protect|Modest||M|||50|]Grimmsnarl||LightClay|Prankster|Trick,Reflect,LightScreen,PartingShot|Sassy||M|||50|
|inactive|Battle timer is ON: inactive players will automatically lose when time's up. (requested by oceanadukey)
|c|☆camala64|Glhf
|c|☆oceanadukey|Glhf
|inactive|camala64 has 60 seconds left.
|inactive|oceanadukey has 60 seconds left.
|inactive|camala64 has 30 seconds left.
|inactive|oceanadukey has 30 seconds left.
|inactive|camala64 has 20 seconds left.
|inactive|camala64 has 15 seconds left.
|inactive|camala64 has 10 seconds left.
|inactive|camala64 has 5 seconds left.
|
|t:|1785794447
|teamsize|p1|4
|teamsize|p2|4
|start
|switch|p1a: Charizard|Charizard, L50, M, shiny|100/100
|switch|p1b: Garchomp|Garchomp, L50, M, shiny|100/100
|switch|p2a: Spoonoops|Farigiraf, L50, F|100/100
|switch|p2b: Dragapult|Dragapult, L50, M|100/100
|turn|1
|
|t:|1785794470
|move|p1a: Charizard|Protect|p1a: Charizard
|-singleturn|p1a: Charizard|Protect
|move|p1b: Garchomp|Earthquake|p2a: Spoonoops|[spread] p2a,p2b
|-activate|p1a: Charizard|move: Protect
|-crit|p2b: Dragapult
|-damage|p2a: Spoonoops|57/100
|-damage|p2b: Dragapult|17/100
|-damage|p1b: Garchomp|90/100|[from] item: Life Orb
|move|p2b: Dragapult|Thunderbolt|p1a: Charizard
|-activate|p1a: Charizard|move: Protect
|move|p2a: Spoonoops|Wish|p2a: Spoonoops
|
|upkeep
|turn|2
|inactive|camala64 has 30 seconds left.
|
|t:|1785794498
|detailschange|p1a: Charizard|Charizard-Mega-Y, L50, M, shiny
|-mega|p1a: Charizard|Charizard|Charizardite Y
|-weather|SunnyDay|[from] ability: Drought|[of] p1a: Charizard
|move|p2b: Dragapult|Protect|p2b: Dragapult
|-singleturn|p2b: Dragapult|Protect
|move|p2a: Spoonoops|Ally Switch|p2a: Spoonoops
|swap|p2a: Spoonoops|1|[from] move: Ally Switch
|move|p1b: Garchomp|Earthquake|p2b: Spoonoops|[spread] p2b
|-activate|p2a: Dragapult|move: Protect
|-immune|p1a: Charizard
|-damage|p2b: Spoonoops|13/100
|-enditem|p2b: Spoonoops|Sitrus Berry|[eat]
|-heal|p2b: Spoonoops|38/100|[from] item: Sitrus Berry
|-damage|p1b: Garchomp|80/100|[from] item: Life Orb
|move|p1a: Charizard|Heat Wave|p2b: Spoonoops|[spread] p2b
|-activate|p2a: Dragapult|move: Protect
|-damage|p2b: Spoonoops|0 fnt
|faint|p2b: Spoonoops
|
|-weather|SunnyDay|[upkeep]
|-heal|p2a: Dragapult|75/100|[from] move: Wish|[wisher] Spoonoops
|upkeep
|c|☆camala64|Wut
|inactive|oceanadukey has 30 seconds left.
|
|t:|1785794524
|switch|p2b: Grimmsnarl|Grimmsnarl, L50, M|100/100
|turn|3
|c|☆camala64|ok that’s actually kinda funny
|
|t:|1785794536
|move|p2b: Grimmsnarl|Reflect|p2b: Grimmsnarl
|-sidestart|p2: oceanadukey|Reflect
|move|p1b: Garchomp|Dragon Claw|p2a: Dragapult
|-supereffective|p2a: Dragapult|1
|-damage|p2a: Dragapult|0 fnt
|faint|p2a: Dragapult
|-damage|p1b: Garchomp|70/100|[from] item: Life Orb
|move|p1a: Charizard|Weather Ball|p2b: Grimmsnarl
|-damage|p2b: Grimmsnarl|21/100
|
|-weather|SunnyDay|[upkeep]
|upkeep
|c|☆oceanadukey|Rip me
|c|☆oceanadukey|Ggs
|
|t:|1785794553
|switch|p2a: Star ✨ fire 🔥|Staraptor, L50, F|100/100
|-ability|p2a: Star ✨ fire 🔥|Intimidate|boost
|-unboost|p1a: Charizard|atk|1
|-unboost|p1b: Garchomp|atk|1
|turn|4
|c|☆camala64|Gg
|
|t:|1785794578
|detailschange|p2a: Star ✨ fire 🔥|Staraptor-Mega, L50, F
|-mega|p2a: Star ✨ fire 🔥|Staraptor|Staraptite
|move|p2b: Grimmsnarl|Light Screen|p2b: Grimmsnarl
|-sidestart|p2: oceanadukey|move: Light Screen
|move|p1b: Garchomp|Dragon Claw|p2a: Star ✨ fire 🔥
|-damage|p2a: Star ✨ fire 🔥|75/100
|-damage|p1b: Garchomp|61/100|[from] item: Life Orb
|move|p1a: Charizard|Heat Wave|p2a: Star ✨ fire 🔥|[spread] p2a,p2b
|-damage|p2a: Star ✨ fire 🔥|31/100
|-damage|p2b: Grimmsnarl|0 fnt
|faint|p2b: Grimmsnarl
|move|p2a: Star ✨ fire 🔥|Close Combat|p1a: Charizard
|-resisted|p1a: Charizard|1
|-damage|p1a: Charizard|60/100
|-boost|p2a: Star ✨ fire 🔥|def|1
|-boost|p2a: Star ✨ fire 🔥|spd|1
|
|-weather|SunnyDay|[upkeep]
|upkeep
|turn|5
|
|t:|1785794596
|move|p1b: Garchomp|Dragon Claw|p2a: Star ✨ fire 🔥
|-damage|p2a: Star ✨ fire 🔥|16/100
|-damage|p1b: Garchomp|51/100|[from] item: Life Orb
|move|p1a: Charizard|Weather Ball|p2a: Star ✨ fire 🔥
|-damage|p2a: Star ✨ fire 🔥|0 fnt
|faint|p2a: Star ✨ fire 🔥
|
|win|camala64
||oceanadukey is ready for game 2.
||camala64 is ready for game 2.
|uhtml|next|Next: Game 2 of 3
|l|☆oceanadukey
|player|p2|
