|j|â˜†fabiobl7
|j|â˜†MizzleWaterCooler
|html|fabiobl7MizzleWaterCooler    
|uhtml|bestof|Game 1 of a best-of-3
|t:|1756383906
|gametype|doubles
|player|p1|fabiobl7|1|1204
|player|p2|MizzleWaterCooler|wallace|1168
|gen|9
|tier|[Gen 9] VGC 2025 Reg H (Bo3)
|rated|
|rule|Species Clause: Limit one of each PokÃ©mon
|rule|Item Clause: Limit 1 of each item
|clearpoke
|poke|p1|Kingambit, L50, F|
|poke|p1|Ursaluna, L50, F|
|poke|p1|Sneasler, L50, M|
|poke|p1|Indeedee, L50, M|
|poke|p1|Talonflame, L50, F|
|poke|p1|Volcarona, L50, F|
|poke|p2|Ursaluna-Bloodmoon, L50, M|
|poke|p2|Indeedee, L50, M|
|poke|p2|Sneasler, L50, F|
|poke|p2|Talonflame, L50, F|
|poke|p2|Incineroar, L50, M|
|poke|p2|Electabuzz, L50, M|
|teampreview|4
|showteam|p1|Kingambit||AssaultVest|Defiant|IronHead,SuckerPunch,KowtowCleave,TeraBlast|||F|||50|,,,,,Flying]Ursaluna||FlameOrb|Guts|Facade,HeadlongRush,Earthquake,Protect|||F|||50|,,,,,Ghost]Sneasler||PsychicSeed|Unburden|DireClaw,CloseCombat,ThroatChop,Protect|||M|||50|,,,,,Stellar]Indeedee||FocusSash|PsychicSurge|ExpandingForce,TrickRoom,Imprison,Protect|||M|||50|,,,,,Psychic]Talonflame||CovertCloak|GaleWings|DualWingbeat,Tailwind,Taunt,WillOWisp|||F|||50|,,,,,Flying]Volcarona||Leftovers|FlameBody|FieryDance,BugBuzz,QuiverDance,Protect|||F|||50|,,,,,Fairy
|showteam|p2|Ursaluna-Bloodmoon||LifeOrb|MindsEye|BloodMoon,EarthPower,HyperVoice,Protect|||M|||50|,,,,,Normal]Indeedee||FocusSash|PsychicSurge|ExpandingForce,HelpingHand,TrickRoom,Protect|||M|||50|,,,,,Psychic]Sneasler||PsychicSeed|Unburden|CloseCombat,DireClaw,ThroatChop,Protect|||F|||50|,,,,,Dark]Talonflame||CovertCloak|GaleWings|FlareBlitz,DualWingbeat,WillOWisp,Tailwind|||F|||50|,,,,,Fairy]Incineroar||SafetyGoggles|Intimidate|FlareBlitz,KnockOff,PartingShot,FakeOut|||M|||50|,,,,,Ghost]Electabuzz||Eviolite|VitalSpirit|Electroweb,FollowMe,Taunt,Protect|||M|||50|,,,,,Dragon
|inactive|Battle timer is ON: inactive players will automatically lose when time's up. (requested by fabiobl7)
|inactive|MizzleWaterCooler has 60 seconds left.
|
|t:|1756383987
|teamsize|p1|4
|teamsize|p2|4
|start
|switch|p1a: Talonflame|Talonflame, L50, F|100/100
|switch|p1b: Ursaluna|Ursaluna, L50, F|100/100
|switch|p2a: Talonflame|Talonflame, L50, F|100/100
|switch|p2b: Incineroar|Incineroar, L50, M|100/100
|-ability|p2b: Incineroar|Intimidate|boost
|-unboost|p1a: Talonflame|atk|1
|-unboost|p1b: Ursaluna|atk|1
|turn|1
|
|t:|1756384005
|move|p1a: Talonflame|Tailwind|p1a: Talonflame
|-sidestart|p1: fabiobl7|move: Tailwind
|move|p2a: Talonflame|Tailwind|p2a: Talonflame
|-sidestart|p2: MizzleWaterCooler|move: Tailwind
|move|p2b: Incineroar|Knock Off|p1b: Ursaluna
|-damage|p1b: Ursaluna|73/100
|-enditem|p1b: Ursaluna|Flame Orb|[from] move: Knock Off|[of] p2b: Incineroar
|move|p1b: Ursaluna|Headlong Rush|p2b: Incineroar
|-supereffective|p2b: Incineroar
|-damage|p2b: Incineroar|13/100
|-unboost|p1b: Ursaluna|def|1
|-unboost|p1b: Ursaluna|spd|1
|
|upkeep
|turn|2
|
|t:|1756384028
|move|p1a: Talonflame|Dual Wingbeat|p2b: Incineroar
|-damage|p2b: Incineroar|3/100
|-damage|p2b: Incineroar|0 fnt
|faint|p2b: Incineroar
|-hitcount|p2: Incineroar|2
|move|p2a: Talonflame|Dual Wingbeat|p1a: Talonflame
|-damage|p1a: Talonflame|77/100
|-damage|p1a: Talonflame|53/100
|-hitcount|p1a: Talonflame|2
|move|p1b: Ursaluna|Facade|p2a: Talonflame
|-damage|p2a: Talonflame|55/100
|
|upkeep
|
|t:|1756384048
|switch|p2b: Ursaluna|Ursaluna-Bloodmoon, L50, M|100/100
|turn|3
|
|t:|1756384066
|switch|p1b: Indeedee|Indeedee, L50, M|100/100
|-fieldstart|move: Psychic Terrain|[from] ability: Psychic Surge|[of] p1b: Indeedee
|-terastallize|p2b: Ursaluna|Normal
|move|p2a: Talonflame|Dual Wingbeat|p1b: Indeedee
|-damage|p1b: Indeedee|70/100
|-damage|p1b: Indeedee|38/100
|-hitcount|p1b: Indeedee|2
|move|p1a: Talonflame|Dual Wingbeat|p2b: Ursaluna
|-damage|p2b: Ursaluna|93/100
|-damage|p2b: Ursaluna|85/100
|-hitcount|p2b: Ursaluna|2
|move|p2b: Ursaluna|Hyper Voice|p1b: Indeedee|[spread] p1a,p1b
|-damage|p1a: Talonflame|0 fnt
|-damage|p1b: Indeedee|0 fnt
|faint|p1a: Talonflame
|faint|p1b: Indeedee
|-damage|p2b: Ursaluna|75/100|[from] item: Life Orb
|
|upkeep
|
|t:|1756384087
|switch|p1a: Ursaluna|Ursaluna, L50, F|73/100
|switch|p1b: Sneasler|Sneasler, L50, M|100/100
|-enditem|p1b: Sneasler|Psychic Seed
|-boost|p1b: Sneasler|spd|1|[from] item: Psychic Seed
|turn|4
|inactive|MizzleWaterCooler has 30 seconds left.
|inactive|MizzleWaterCooler has 20 seconds left.
|inactive|MizzleWaterCooler has 15 seconds left.
|inactive|MizzleWaterCooler has 10 seconds left.
|
|t:|1756384135
|move|p2b: Ursaluna|Protect|p2b: Ursaluna
|-singleturn|p2b: Ursaluna|Protect
|move|p1b: Sneasler|Dire Claw|p2a: Talonflame
|-damage|p2a: Talonflame|0 fnt
|faint|p2a: Talonflame
|move|p1a: Ursaluna|Headlong Rush|p2b: Ursaluna
|-activate|p2b: Ursaluna|move: Protect
|
|-sideend|p2: MizzleWaterCooler|move: Tailwind
|-sideend|p1: fabiobl7|move: Tailwind
|upkeep
|
|t:|1756384142
|switch|p2a: Sneasler|Sneasler, L50, F|100/100
|-enditem|p2a: Sneasler|Psychic Seed
|-boost|p2a: Sneasler|spd|1|[from] item: Psychic Seed
|turn|5
|inactive|MizzleWaterCooler has 30 seconds left.
|inactive|MizzleWaterCooler has 20 seconds left.
|inactive|MizzleWaterCooler has 15 seconds left.
|inactive|MizzleWaterCooler has 10 seconds left.
|
|t:|1756384190
|-terastallize|p1a: Ursaluna|Ghost
|move|p1b: Sneasler|Protect|p1b: Sneasler
|-singleturn|p1b: Sneasler|Protect
|move|p2a: Sneasler|Dire Claw|p1b: Sneasler
|-activate|p1b: Sneasler|move: Protect
|move|p2b: Ursaluna|Earth Power|p1b: Sneasler
|-activate|p1b: Sneasler|move: Protect
|move|p1a: Ursaluna|Headlong Rush|p2a: Sneasler
|-supereffective|p2a: Sneasler
|-damage|p2a: Sneasler|0 fnt
|-unboost|p1a: Ursaluna|def|1
|-unboost|p1a: Ursaluna|spd|1
|faint|p2a: Sneasler
|
|upkeep
|turn|6
|
|t:|1756384209
|move|p1b: Sneasler|Close Combat|p2b: Ursaluna
|-supereffective|p2b: Ursaluna
|-damage|p2b: Ursaluna|0 fnt
|-unboost|p1b: Sneasler|def|1
|-unboost|p1b: Sneasler|spd|1
|faint|p2b: Ursaluna
|
|win|fabiobl7
||MizzleWaterCooler is ready for game 2.
|inactive|fabiobl7 has 30 seconds to confirm battle start!
|inactive|fabiobl7 has 20 seconds to confirm battle start!
|l|â˜†fabiobl7
|player|p1|
||fabiobl7 is ready for game 2.
|uhtml|next|Next: Game 2 of 3
