|j|☆nachoconpicodgallo
|j|☆lindseyyy
|html|nachoconpicodgallolindseyyy    
|uhtml|bestof|Game 1 of a best-of-3
|t:|1786070847
|gametype|doubles
|player|p1|nachoconpicodgallo|guitarist|1192
|player|p2|lindseyyy|2|1283
|gen|9
|tier|[Gen 9 Champions] VGC 2026 Reg M-B (Bo3)
|rated|
|rule|Species Clause: Limit one of each Pokémon
|rule|Item Clause: Limit 1 of each item
|clearpoke
|poke|p1|Gengar, L50, F, shiny|
|poke|p1|Ninetales-Alola, L50, F, shiny|
|poke|p1|Incineroar, L50, F|
|poke|p1|Scovillain, L50, F|
|poke|p1|Lycanroc-Dusk, L50, F|
|poke|p1|Dragonite, L50, F|
|poke|p2|Rotom-Wash, L50|
|poke|p2|Ninetales-Alola, L50, M|
|poke|p2|Kingambit, L50, M|
|poke|p2|Sneasler, L50, F|
|poke|p2|Tsareena, L50, F|
|poke|p2|Aerodactyl, L50, F|
|teampreview|4
|showteam|p1|Gengar||Gengarite|CursedBody|ShadowBall,SludgeBomb,Substitute,Protect|Modest||F|||50|]Ninetales-Alola||ChoiceScarf|SnowWarning|Blizzard,FreezeDry,IcyWind,Encore|Timid||F|||50|]Incineroar||SitrusBerry|Intimidate|FlareBlitz,ThroatChop,FakeOut,PartingShot|Impish||F|||50|]Scovillain||Scovillainite|Moody|GigaDrain,Overheat,RagePowder,Protect|Bold||F|||50|]Lycanroc-Dusk||FocusSash|ToughClaws|RockSlide,CloseCombat,Accelerock,Protect|Adamant||F|||50|]Dragonite||LifeOrb|InnerFocus|DragonClaw,ExtremeSpeed,Superpower,Protect|Adamant||F|||50|
|showteam|p2|Rotom-Wash||Magnet|Levitate|WillOWisp,HydroPump,Thunderbolt,Protect|Modest|||||50|]Ninetales-Alola||NeverMeltIce|SnowWarning|Howl,Blizzard,IcyWind,Protect|Timid||M|||50|]Kingambit||BlackGlasses|Defiant|Protect,KowtowCleave,SuckerPunch,SwordsDance|Adamant||M|||50|]Sneasler||WhiteHerb|Unburden|CloseCombat,DireClaw,RockTomb,FakeOut|Adamant||F|||50|]Tsareena||ChoiceScarf|QueenlyMajesty|TropKick,TripleAxel,LowKick,KnockOff|Jolly||F|||50|]Aerodactyl||Aerodactylite|Unnerve|Protect,RockSlide,Tailwind,DualWingbeat|Jolly||F|||50|
|inactive|Battle timer is ON: inactive players will automatically lose when time's up. (requested by lindseyyy)
|inactive|nachoconpicodgallo also wants the timer to be on.
|inactive|nachoconpicodgallo has 60 seconds left.
|inactive|lindseyyy has 60 seconds left.
|inactive|nachoconpicodgallo has 30 seconds left.
|
|t:|1786070913
|teamsize|p1|4
|teamsize|p2|4
|start
|switch|p1a: Scovillain|Scovillain, L50, F|100/100
|switch|p1b: Lycanroc|Lycanroc-Dusk, L50, F|100/100
|switch|p2a: Lonesong|Ninetales-Alola, L50, M|100/100
|switch|p2b: Amanda|Sneasler, L50, F|100/100
|-weather|Snowscape|[from] ability: Snow Warning|[of] p2a: Lonesong
|turn|1
|inactive|lindseyyy has 30 seconds left.
|inactive|lindseyyy has 20 seconds left.
|inactive|lindseyyy has 15 seconds left.
|
|t:|1786070954
|detailschange|p1a: Scovillain|Scovillain-Mega, L50, F
|-mega|p1a: Scovillain|Scovillain|Scovillainite
|move|p1a: Scovillain|Rage Powder|p1a: Scovillain
|-singleturn|p1a: Scovillain|move: Rage Powder
|move|p2a: Lonesong|Howl|p2a: Lonesong|[spread] p2a,p2b
|-boost|p2a: Lonesong|atk|1
|-boost|p2b: Amanda|atk|1
|move|p2b: Amanda|Dire Claw|p1a: Scovillain
|-supereffective|p1a: Scovillain|1
|-damage|p1a: Scovillain|0 fnt
|-status|p2b: Amanda|brn|[from] ability: Spicy Spray|[of] p1a: Scovillain
|faint|p1a: Scovillain
|move|p1b: Lycanroc|Rock Slide|p2a: Lonesong|[spread] p2a,p2b
|-supereffective|p2a: Lonesong|1
|-resisted|p2b: Amanda|1
|-damage|p2a: Lonesong|35/100
|-damage|p2b: Amanda|76/100 brn
|
|-weather|Snowscape|[upkeep]
|-damage|p2b: Amanda|70/100 brn|[from] brn
|upkeep
|
|t:|1786070976
|switch|p1a: Ninetales|Ninetales-Alola, L50, F, shiny|100/100
|turn|2
|
|t:|1786070994
|move|p1b: Lycanroc|Accelerock|p2a: Lonesong
|-supereffective|p2a: Lonesong|1
|-damage|p2a: Lonesong|0 fnt
|faint|p2a: Lonesong
|move|p1a: Ninetales|Blizzard|p2b: Amanda
|-damage|p2b: Amanda|18/100 brn
|move|p2b: Amanda|Dire Claw|p1a: Ninetales
|-supereffective|p1a: Ninetales|1
|-damage|p1a: Ninetales|32/100
|-status|p1a: Ninetales|slp
|
|-weather|Snowscape|[upkeep]
|-damage|p2b: Amanda|12/100 brn|[from] brn
|upkeep
|
|t:|1786071007
|switch|p2a: STELLVRIS|Aerodactyl, L50, F|100/100
|-ability|p2a: STELLVRIS|Unnerve
|turn|3
|
|t:|1786071016
|detailschange|p2a: STELLVRIS|Aerodactyl-Mega, L50, F
|-mega|p2a: STELLVRIS|Aerodactyl|Aerodactylite
|move|p1b: Lycanroc|Protect|p1b: Lycanroc
|-singleturn|p1b: Lycanroc|Protect
|cant|p1a: Ninetales|slp
|move|p2a: STELLVRIS|Rock Slide|p1a: Ninetales|[spread] p1a
|-activate|p1b: Lycanroc|move: Protect
|-supereffective|p1a: Ninetales|1
|-damage|p1a: Ninetales|0 fnt
|faint|p1a: Ninetales
|move|p2b: Amanda|Close Combat|p1b: Lycanroc
|-activate|p1b: Lycanroc|move: Protect
|
|-weather|Snowscape|[upkeep]
|-damage|p2b: Amanda|7/100 brn|[from] brn
|upkeep
|
|t:|1786071028
|switch|p1a: Incineroar|Incineroar, L50, F|100/100
|-ability|p1a: Incineroar|Intimidate|boost
|-unboost|p2a: STELLVRIS|atk|1
|-unboost|p2b: Amanda|atk|1
|turn|4
|
|t:|1786071045
|switch|p2b: Simple&Clean|Rotom-Wash, L50|100/100
|move|p2a: STELLVRIS|Protect|p2a: STELLVRIS
|-singleturn|p2a: STELLVRIS|Protect
|move|p1a: Incineroar|Fake Out|p2b: Simple&Clean
|-damage|p2b: Simple&Clean|87/100
|move|p1b: Lycanroc|Rock Slide|p2a: STELLVRIS|[spread] p2b
|-activate|p2a: STELLVRIS|move: Protect
|-damage|p2b: Simple&Clean|54/100
|
|-weather|Snowscape|[upkeep]
|upkeep
|turn|5
|
|t:|1786071070
|switch|p2a: Amanda|Sneasler, L50, F|7/100 brn
|move|p1b: Lycanroc|Rock Slide|p2b: Simple&Clean|[spread] p2a,p2b
|-resisted|p2a: Amanda|1
|-damage|p2a: Amanda|0 fnt
|-damage|p2b: Simple&Clean|21/100
|faint|p2a: Amanda
|move|p2b: Simple&Clean|Hydro Pump|p1a: Incineroar
|-supereffective|p1a: Incineroar|1
|-damage|p1a: Incineroar|15/100
|-enditem|p1a: Incineroar|Sitrus Berry|[eat]
|-heal|p1a: Incineroar|40/100|[from] item: Sitrus Berry
|move|p1a: Incineroar|Throat Chop|p2b: Simple&Clean
|-damage|p2b: Simple&Clean|0 fnt
|faint|p2b: Simple&Clean
|
|-weather|none
|upkeep
|
|t:|1786071081
|switch|p2b: STELLVRIS|Aerodactyl-Mega, L50, F|100/100
|turn|6
|
|t:|1786071089
|move|p2b: STELLVRIS|Rock Slide|p1b: Lycanroc|[spread] p1a
|-miss|p2b: STELLVRIS|p1b: Lycanroc
|-supereffective|p1a: Incineroar|1
|-damage|p1a: Incineroar|0 fnt
|faint|p1a: Incineroar
|move|p1b: Lycanroc|Close Combat|p2b: STELLVRIS
|-damage|p2b: STELLVRIS|27/100
|-unboost|p1b: Lycanroc|def|1
|-unboost|p1b: Lycanroc|spd|1
|
|upkeep
|turn|7
|-message|lindseyyy forfeited.
|
|win|nachoconpicodgallo
