|j|☆po1510
|j|☆8787878i
|html|po15108787878i    
|uhtml|bestof|Game 3 of a best-of-3
|t:|1785949285
|gametype|doubles
|player|p1|po1510|liko|1350
|player|p2|8787878i|tuberf|1332
|gen|9
|tier|[Gen 9 Champions] VGC 2026 Reg M-B (Bo3)
|rated|
|rule|Species Clause: Limit one of each Pokémon
|rule|Item Clause: Limit 1 of each item
|clearpoke
|poke|p1|Farigiraf, L50, F|
|poke|p1|Blaziken, L50, M|
|poke|p1|Basculegion, L50, M|
|poke|p1|Venusaur, L50, M|
|poke|p1|Kingambit, L50, M|
|poke|p1|Ninetales-Alola, L50, M|
|poke|p2|Froslass, L50, F|
|poke|p2|Sneasler, L50, F|
|poke|p2|Kingambit, L50, M|
|poke|p2|Basculegion, L50, M|
|poke|p2|Scovillain, L50, F|
|poke|p2|Lycanroc-Dusk, L50, F|
|teampreview|4
|showteam|p1|Farigiraf||SitrusBerry|ArmorTail|HelpingHand,Psychic,Thunderbolt,TrickRoom|Bold||F|||50|]Blaziken||Blazikenite|SpeedBoost|CloseCombat,Detect,FlareBlitz,RockSlide|Adamant||M|||50|]Basculegion||LifeOrb|Adaptability|Protect,WaveCrash,LastRespects,AquaJet|Adamant||M|||50|]Venusaur||Venusaurite|Chlorophyll|Protect,SludgeBomb,EarthPower,GigaDrain|Modest||M|||50|]Kingambit||ChopleBerry|Defiant|KowtowCleave,IronHead,SuckerPunch,LowKick|Adamant||M|||50|]Ninetales-Alola||LightClay|SnowWarning|Blizzard,AuroraVeil,Encore,Protect|Timid||M|||50|
|showteam|p2|Froslass||Froslassite|CursedBody|Protect,Blizzard,AuroraVeil,ShadowBall|Modest||F|||50|]Sneasler||WhiteHerb|Unburden|Protect,CloseCombat,FakeOut,GunkShot|Adamant||F|||50|]Kingambit||LifeOrb|Defiant|KowtowCleave,SuckerPunch,SwordsDance,Protect|Adamant||M|||50|]Basculegion||SitrusBerry|Adaptability|Protect,WaveCrash,LastRespects,AquaJet|Adamant||M|||50|]Scovillain||Scovillainite|Moody|Protect,GigaDrain,Overheat,RagePowder|Bold||F|||50|]Lycanroc-Dusk||FocusSash|ToughClaws|Protect,Accelerock,RockSlide,CloseCombat|Adamant||F|||50|
|inactive|Battle timer is ON: inactive players will automatically lose when time's up. (requested by po1510)
|
|t:|1785949294
|teamsize|p1|4
|teamsize|p2|4
|start
|switch|p1a: Ninetales|Ninetales-Alola, L50, M|100/100
|switch|p1b: Venusaur|Venusaur, L50, M|100/100
|switch|p2a: Sneasler|Sneasler, L50, F|100/100
|switch|p2b: Kingambit|Kingambit, L50, M|100/100
|-weather|Snowscape|[from] ability: Snow Warning|[of] p1a: Ninetales
|turn|1
|
|t:|1785949309
|detailschange|p1b: Venusaur|Venusaur-Mega, L50, M
|-mega|p1b: Venusaur|Venusaur|Venusaurite
|move|p2a: Sneasler|Fake Out|p1a: Ninetales
|-damage|p1a: Ninetales|87/100
|cant|p1a: Ninetales|flinch
|move|p1b: Venusaur|Earth Power|p2b: Kingambit
|-supereffective|p2b: Kingambit|1
|-damage|p2b: Kingambit|46/100
|move|p2b: Kingambit|Swords Dance|p2b: Kingambit
|-boost|p2b: Kingambit|atk|2
|
|-weather|Snowscape|[upkeep]
|upkeep
|turn|2
|
|t:|1785949320
|switch|p2a: Basculegion|Basculegion, L50, M|100/100
|move|p2b: Kingambit|Sucker Punch|p1b: Venusaur
|-damage|p1b: Venusaur|25/100
|-damage|p2b: Kingambit|37/100|[from] item: Life Orb
|move|p1a: Ninetales|Aurora Veil|p1a: Ninetales
|-sidestart|p1: po1510|move: Aurora Veil
|move|p1b: Venusaur|Earth Power|p2b: Kingambit
|-supereffective|p2b: Kingambit|1
|-damage|p2b: Kingambit|0 fnt
|faint|p2b: Kingambit
|
|-weather|Snowscape|[upkeep]
|upkeep
|
|t:|1785949332
|switch|p2b: Sneasler|Sneasler, L50, F|100/100
|turn|3
|
|t:|1785949356
|switch|p2a: Re|Scovillain, L50, F|100/100
|move|p1b: Venusaur|Protect|p1b: Venusaur
|-singleturn|p1b: Venusaur|Protect
|move|p1a: Ninetales|Blizzard|p2a: Re|[spread] p2a,p2b
|-damage|p2a: Re|66/100
|-damage|p2b: Sneasler|63/100
|move|p2b: Sneasler|Close Combat|p2a: Re
|-damage|p2a: Re|4/100
|-unboost|p2b: Sneasler|def|1
|-unboost|p2b: Sneasler|spd|1
|-enditem|p2b: Sneasler|White Herb
|-clearnegativeboost|p2b: Sneasler|[silent]
|
|-weather|Snowscape|[upkeep]
|-ability|p2a: Re|Moody|boost
|-boost|p2a: Re|spa|2
|-unboost|p2a: Re|atk|1
|upkeep
|turn|4
|inactive|po1510 has 30 seconds left.
|
|t:|1785949389
|switch|p2a: Basculegion|Basculegion, L50, M|100/100
|move|p2b: Sneasler|Gunk Shot|p1b: Venusaur
|-damage|p1b: Venusaur|0 fnt
|faint|p1b: Venusaur
|move|p1a: Ninetales|Blizzard|p2a: Basculegion|[spread] p2a,p2b
|-resisted|p2a: Basculegion|1
|-damage|p2a: Basculegion|87/100
|-damage|p2b: Sneasler|26/100
|
|-weather|Snowscape|[upkeep]
|upkeep
|
|t:|1785949399
|switch|p1b: Kingambit|Kingambit, L50, M|100/100
|turn|5
|
|t:|1785949406
|move|p2a: Basculegion|Aqua Jet|p1a: Ninetales
|-damage|p1a: Ninetales|70/100
|move|p2b: Sneasler|Gunk Shot|p1a: Ninetales|[miss]
|-miss|p2b: Sneasler|p1a: Ninetales
|move|p1a: Ninetales|Blizzard|p2b: Sneasler|[spread] p2a,p2b
|-resisted|p2a: Basculegion|1
|-damage|p2a: Basculegion|73/100
|-damage|p2b: Sneasler|0 fnt
|faint|p2b: Sneasler
|move|p1b: Kingambit|Kowtow Cleave|p2a: Basculegion
|-supereffective|p2a: Basculegion|1
|-damage|p2a: Basculegion|0 fnt
|faint|p2a: Basculegion
|
|-weather|none
|upkeep
|-message|8787878i forfeited.
|
|win|po1510
|raw|po1510's rating: 1350 → 1368(+18 for winning)
|raw|8787878i's rating: 1312 → 1294(-18 for losing)
