|j|☆Quill86
|j|☆ryoshino19
|html|Quill86ryoshino19    
|uhtml|bestof|Game 1 of a best-of-3
|t:|1756492839
|gametype|doubles
|player|p1|Quill86|lucas|1295
|player|p2|ryoshino19|102|1242
|gen|9
|tier|[Gen 9] VGC 2025 Reg H (Bo3)
|rated|
|rule|Species Clause: Limit one of each Pokémon
|rule|Item Clause: Limit 1 of each item
|clearpoke
|poke|p1|Indeedee-F, L50, F|
|poke|p1|Gallade, L50, M|
|poke|p1|Torkoal, L50, M|
|poke|p1|Ursaluna, L50, M|
|poke|p1|Hatterene, L50, F|
|poke|p1|Smeargle, L50, M|
|poke|p2|Murkrow, L50, F|
|poke|p2|Gholdengo, L50|
|poke|p2|Dondozo, L50, F|
|poke|p2|Tatsugiri, L50, M|
|poke|p2|Incineroar, L50, F|
|poke|p2|Garchomp, L50, F|
|teampreview|4
|showteam|p1|Indeedee-F||PsychicSeed|PsychicSurge|FollowMe,TrickRoom,HelpingHand,DazzlingGleam|||F|||50|,,,,,Fairy]Gallade||ClearAmulet|Sharpness|SacredSword,PsychoCut,WideGuard,TrickRoom|||M|||50|,,,,,Grass]Torkoal||ChoiceSpecs|Drought|Eruption,WeatherBall,EarthPower,HeatWave|||M|||50|,,,,,Fire]Ursaluna||FlameOrb|Guts|Protect,HeadlongRush,Facade,Earthquake|||M|||50|,,,,,Ghost]Hatterene||LifeOrb|MagicBounce|DazzlingGleam,ExpandingForce,MysticalFire,TrickRoom|||F|||50|,,,,,Fire]Smeargle||FocusSash|Moody|FakeOut,Spore,Decorate,FollowMe|||M|||50|,,,,,Ghost
|showteam|p2|Murkrow||Eviolite|Prankster|Tailwind,FoulPlay,RainDance,Haze|||F|||50|,,,,,Ghost]Gholdengo||ChoiceSpecs|GoodasGold|MakeItRain,DazzlingGleam,ShadowBall,Thunderbolt||||||50|,,,,,Steel]Dondozo||Leftovers|Unaware|WaveCrash,HeavySlam,OrderUp,Protect|||F|||50|,,,,,Grass]Tatsugiri||FocusSash|Commander|DracoMeteor,IcyWind,MuddyWater,Protect|||M|||50|,,,,,Stellar]Incineroar||SafetyGoggles|Intimidate|FlareBlitz,KnockOff,PartingShot,FakeOut|||F|||50|,,,,,Ghost]Garchomp||LifeOrb|RoughSkin|DragonClaw,StompingTantrum,RockSlide,Protect|||F|||50|,,,,,Fairy
|inactive|Battle timer is ON: inactive players will automatically lose when time's up. (requested by ryoshino19)
|
|t:|1756492859
|teamsize|p1|4
|teamsize|p2|4
|start
|switch|p1a: Indeedee|Indeedee-F, L50, F|100/100
|switch|p1b: Gallade|Gallade, L50, M|100/100
|switch|p2a: Gholdengo|Gholdengo, L50|100/100
|switch|p2b: Incineroar|Incineroar, L50, F, shiny|100/100
|-fieldstart|move: Psychic Terrain|[from] ability: Psychic Surge|[of] p1a: Indeedee
|-enditem|p1a: Indeedee|Psychic Seed
|-boost|p1a: Indeedee|spd|1|[from] item: Psychic Seed
|-ability|p2b: Incineroar|Intimidate|boost
|-unboost|p1a: Indeedee|atk|1
|-fail|p1b: Gallade|unboost|[from] item: Clear Amulet|[of] p1b: Gallade
|turn|1
|
|t:|1756492872
|-terastallize|p2a: Gholdengo|Steel
|move|p1b: Gallade|Wide Guard|p1b: Gallade
|-singleturn|p1b: Gallade|Wide Guard
|move|p2a: Gholdengo|Make It Rain|p1a: Indeedee|[spread] 
|-activate|p1a: Indeedee|move: Wide Guard
|-activate|p1b: Gallade|move: Wide Guard
|move|p2b: Incineroar|Knock Off|p1b: Gallade
|-damage|p1b: Gallade|44/100
|-enditem|p1b: Gallade|Clear Amulet|[from] move: Knock Off|[of] p2b: Incineroar
|move|p1a: Indeedee|Trick Room|p1a: Indeedee
|-fieldstart|move: Trick Room|[of] p1a: Indeedee
|
|upkeep
|turn|2
|
|t:|1756492889
|switch|p1a: Torkoal|Torkoal, L50, M|100/100
|-weather|SunnyDay|[from] ability: Drought|[of] p1a: Torkoal
|switch|p2a: Dondozo|Dondozo, L50, F|100/100
|move|p1b: Gallade|Sacred Sword|p2a: Dondozo
|-damage|p2a: Dondozo|51/100
|move|p2b: Incineroar|Parting Shot|p1b: Gallade
|-unboost|p1b: Gallade|atk|1
|-unboost|p1b: Gallade|spa|1
|
|t:|1756492899
|switch|p2b: Tatsugiri|Tatsugiri, L50, M|100/100|[from] Parting Shot
|-activate|p2b: Tatsugiri|ability: Commander|[of] p2a: Dondozo
|-boost|p2a: Dondozo|atk|2
|-boost|p2a: Dondozo|spa|2
|-boost|p2a: Dondozo|spe|2
|-boost|p2a: Dondozo|def|2
|-boost|p2a: Dondozo|spd|2
|
|-weather|SunnyDay|[upkeep]
|-heal|p2a: Dondozo|57/100|[from] item: Leftovers
|upkeep
|turn|3
|
|t:|1756492909
|move|p2a: Dondozo|Protect|p2a: Dondozo
|-singleturn|p2a: Dondozo|Protect
|move|p1a: Torkoal|Weather Ball|p2a: Dondozo
|-activate|p2a: Dondozo|move: Protect
|move|p1b: Gallade|Sacred Sword|p2a: Dondozo
|-activate|p2a: Dondozo|move: Protect
|
|-weather|SunnyDay|[upkeep]
|-heal|p2a: Dondozo|64/100|[from] item: Leftovers
|upkeep
|turn|4
|
|t:|1756492923
|move|p1a: Torkoal|Weather Ball|p2a: Dondozo
|-resisted|p2a: Dondozo
|-damage|p2a: Dondozo|40/100
|move|p1b: Gallade|Sacred Sword|p2a: Dondozo
|-damage|p2a: Dondozo|0 fnt
|faint|p2a: Dondozo
|
|-weather|SunnyDay|[upkeep]
|upkeep
|
|t:|1756492926
|switch|p2a: Incineroar|Incineroar, L50, F, shiny|100/100
|-ability|p2a: Incineroar|Intimidate|boost
|-unboost|p1a: Torkoal|atk|1
|-unboost|p1b: Gallade|atk|1
|turn|5
|
|t:|1756492945
|switch|p1a: Indeedee|Indeedee-F, L50, F|100/100
|move|p1b: Gallade|Sacred Sword|p2a: Incineroar
|-supereffective|p2a: Incineroar
|-damage|p2a: Incineroar|41/100
|move|p2a: Incineroar|Flare Blitz|p1b: Gallade
|-damage|p1b: Gallade|0 fnt
|faint|p1b: Gallade
|-damage|p2a: Incineroar|29/100|[from] Recoil
|move|p2b: Tatsugiri|Muddy Water|p1a: Indeedee
|-damage|p1a: Indeedee|80/100
|-unboost|p1a: Indeedee|accuracy|1
|
|-weather|SunnyDay|[upkeep]
|-fieldend|move: Trick Room
|-fieldend|move: Psychic Terrain
|upkeep
|
|t:|1756492951
|switch|p1b: Hatterene|Hatterene, L50, F|100/100
|turn|6
|
|t:|1756492962
|move|p1a: Indeedee|Follow Me|p1a: Indeedee
|-singleturn|p1a: Indeedee|move: Follow Me
|move|p2b: Tatsugiri|Muddy Water|p1b: Hatterene|[spread] p1a,p1b
|-damage|p1a: Indeedee|64/100
|-damage|p1b: Hatterene|82/100
|-unboost|p1b: Hatterene|accuracy|1
|move|p2a: Incineroar|Flare Blitz|p1a: Indeedee
|-damage|p1a: Indeedee|0 fnt
|faint|p1a: Indeedee
|-damage|p2a: Incineroar|10/100|[from] Recoil
|move|p1b: Hatterene|Trick Room|p1b: Hatterene
|-fieldstart|move: Trick Room|[of] p1b: Hatterene
|
|-weather|none
|upkeep
|
|t:|1756492971
|switch|p1a: Torkoal|Torkoal, L50, M|100/100
|-weather|SunnyDay|[from] ability: Drought|[of] p1a: Torkoal
|turn|7
|
|t:|1756492982
|switch|p2a: Gholdengo|Gholdengo, L50, tera:Steel|100/100
|move|p2b: Tatsugiri|Protect|p2b: Tatsugiri
|-singleturn|p2b: Tatsugiri|Protect
|move|p1a: Torkoal|Eruption|p2b: Tatsugiri|[spread] p2a
|-activate|p2b: Tatsugiri|move: Protect
|-supereffective|p2a: Gholdengo
|-damage|p2a: Gholdengo|0 fnt
|faint|p2a: Gholdengo
|move|p1b: Hatterene|Dazzling Gleam|p2b: Tatsugiri
|-activate|p2b: Tatsugiri|move: Protect
|
|-weather|SunnyDay|[upkeep]
|upkeep
|
|t:|1756492984
|switch|p2a: Incineroar|Incineroar, L50, F, shiny|10/100
|-ability|p2a: Incineroar|Intimidate|boost
|-unboost|p1a: Torkoal|atk|1
|-unboost|p1b: Hatterene|atk|1
|turn|8
|
|t:|1756492995
|move|p2a: Incineroar|Fake Out|p1a: Torkoal
|-damage|p1a: Torkoal|91/100
|cant|p1a: Torkoal|flinch
|move|p1b: Hatterene|Dazzling Gleam|p2a: Incineroar|[spread] p2a,p2b
|-supereffective|p2b: Tatsugiri
|-damage|p2a: Incineroar|0 fnt
|-enditem|p2b: Tatsugiri|Focus Sash
|-damage|p2b: Tatsugiri|1/100
|faint|p2a: Incineroar
|-damage|p1b: Hatterene|72/100|[from] item: Life Orb
|move|p2b: Tatsugiri|Muddy Water|p1a: Torkoal|[spread] p1a,p1b
|-supereffective|p1a: Torkoal
|-damage|p1a: Torkoal|47/100
|-damage|p1b: Hatterene|54/100
|-unboost|p1a: Torkoal|accuracy|1
|
|-weather|SunnyDay|[upkeep]
|upkeep
|turn|9
|inactive|Quill86 has 30 seconds left.
|
|t:|1756493021
|move|p2b: Tatsugiri|Protect|p2b: Tatsugiri
|-singleturn|p2b: Tatsugiri|Protect
|move|p1a: Torkoal|Eruption|p2b: Tatsugiri
|-activate|p2b: Tatsugiri|move: Protect
|move|p1b: Hatterene|Dazzling Gleam|p2b: Tatsugiri
|-activate|p2b: Tatsugiri|move: Protect
|
|-weather|SunnyDay|[upkeep]
|upkeep
|turn|10
|
|t:|1756493029
|move|p2b: Tatsugiri|Protect||[still]
|-fail|p2b: Tatsugiri
|move|p1a: Torkoal|Eruption|p2b: Tatsugiri
|-resisted|p2b: Tatsugiri
|-damage|p2b: Tatsugiri|0 fnt
|faint|p2b: Tatsugiri
|
|win|Quill86
|l|☆ryoshino19
|player|p2|
||ryoshino19 is ready for game 2.
||Quill86 is ready for game 2.
|uhtml|next|Next: Game 2 of 3
