|j|☆FedeCampoVG
|j|☆AleK97
|html|FedeCampoVGAleK97    
|uhtml|bestof|Game 1 of a best-of-3
|t:|1782756169
|gametype|doubles
|player|p1|FedeCampoVG|#vgcclassicspliii|
|player|p2|AleK97|#smogonxnpa2026draftee2|
|gen|9
|tier|[Gen 9 Champions] VGC 2026 Reg M-B (Bo3)
|rule|Species Clause: Limit one of each Pokémon
|rule|Item Clause: Limit 1 of each item
|clearpoke
|poke|p1|Gengar, L50, F|
|poke|p1|Incineroar, L50, F|
|poke|p1|Kingambit, L50, F|
|poke|p1|Sneasler, L50, F|
|poke|p1|Kommo-o, L50, F|
|poke|p1|Ninetales-Alola, L50, F|
|poke|p2|Aerodactyl, L50, M|
|poke|p2|Charizard, L50, M|
|poke|p2|Kingambit, L50, M|
|poke|p2|Sylveon, L50, M|
|poke|p2|Garchomp, L50, F|
|poke|p2|Farigiraf, L50, M|
|teampreview|4
|showteam|p1|Gengar||Gengarite|CursedBody|ShadowBall,Disable,PerishSong,Protect|Modest||F|||50|]Incineroar||PasshoBerry|Intimidate|FlareBlitz,FakeOut,PartingShot,Protect|Relaxed||F|||50|]Kingambit||BlackGlasses|Defiant|KowtowCleave,SuckerPunch,SwordsDance,Protect|Adamant||F|||50|]Sneasler||WhiteHerb|Unburden|CloseCombat,DireClaw,FakeOut,Protect|Adamant||F|||50|]Kommo-o||Leftovers|Overcoat|ClangingScales,ClangorousSoul,AuraSphere,Protect|Modest||F|||50|]Ninetales-Alola||NeverMeltIce|SnowWarning|Blizzard,FreezeDry,Encore,Protect|Timid||F|||50|
|showteam|p2|Aerodactyl||Aerodactylite|Unnerve|RockSlide,IceFang,Tailwind,DualWingbeat|Jolly||M|||50|]Charizard||CharizarditeY|Blaze|WeatherBall,HeatWave,SolarBeam,Protect|Modest||M|||50|]Kingambit||FocusSash|Defiant|KowtowCleave,SuckerPunch,IronHead,LowKick|Adamant||M|||50|]Sylveon||FairyFeather|Pixilate|HyperVoice,HyperBeam,QuickAttack,Protect|Modest||M|||50|]Garchomp||LifeOrb|RoughSkin|Earthquake,DragonClaw,RockSlide,Protect|Jolly||F|||50|]Farigiraf||SitrusBerry|ArmorTail|TwinBeam,Thunderbolt,TrickRoom,Protect|Bold||M|||50|
|j| rkd272
|j| PandaMan7567
|j| templevgc
|c|☆FedeCampoVG|glhf
|j| FBISurveillanceMan
|j| tangtangtangsahur
|j| MajorStar
|j| YOASOBI stan
|j| arekusabi
|j| Ornn Diff
|c|☆AleK97|glhf
|j| Fainting Spells
|j| ck49
|j| pipppo
|c| ck49|BARK BARK
|l| arekusabi
|j| aurarayquaza
|l| aurarayquaza
|
|t:|1782756280
|teamsize|p1|4
|teamsize|p2|4
|start
|switch|p1a: Kommo-o|Kommo-o, L50, F|100/100
|switch|p1b: Incineroar|Incineroar, L50, F|100/100
|switch|p2a: Farigiraf|Farigiraf, L50, M|100/100
|switch|p2b: Kingambit|Kingambit, L50, M|100/100
|-ability|p1b: Incineroar|Intimidate|boost
|-unboost|p2a: Farigiraf|atk|1
|-unboost|p2b: Kingambit|atk|1
|-ability|p2b: Kingambit|Defiant|boost
|-boost|p2b: Kingambit|atk|2
|turn|1
|j| Finabas
|j| Mogo
|j| RylektVGC
|
|t:|1782756316
|switch|p1b: Sneasler|Sneasler, L50, F|100/100
|move|p1a: Kommo-o|Clangorous Soul|p1a: Kommo-o
|-boost|p1a: Kommo-o|atk|1
|-boost|p1a: Kommo-o|def|1
|-boost|p1a: Kommo-o|spa|1
|-boost|p1a: Kommo-o|spd|1
|-boost|p1a: Kommo-o|spe|1
|-damage|p1a: Kommo-o|67/100
|move|p2b: Kingambit|Low Kick|p1b: Sneasler
|-resisted|p1b: Sneasler|1
|-damage|p1b: Sneasler|70/100
|move|p2a: Farigiraf|Trick Room|p2a: Farigiraf
|-fieldstart|move: Trick Room|[of] p2a: Farigiraf
|
|-heal|p1a: Kommo-o|73/100|[from] item: Leftovers
|upkeep
|turn|2
|j| val16
|l| Finabas
|j| Breloom3912
|
|t:|1782756349
|move|p1a: Kommo-o|Protect|p1a: Kommo-o
|-singleturn|p1a: Kommo-o|Protect
|move|p1b: Sneasler|Protect|p1b: Sneasler
|-singleturn|p1b: Sneasler|Protect
|move|p2a: Farigiraf|Twin Beam|p1a: Kommo-o
|-activate|p1a: Kommo-o|move: Protect
|move|p2b: Kingambit|Iron Head|p1a: Kommo-o
|-activate|p1a: Kommo-o|move: Protect
|
|-heal|p1a: Kommo-o|79/100|[from] item: Leftovers
|upkeep
|turn|3
|j| a spiral song
|l| tangtangtangsahur
|
|t:|1782756362
|move|p2a: Farigiraf|Twin Beam|p1a: Kommo-o
|-supereffective|p1a: Kommo-o|1
|-damage|p1a: Kommo-o|59/100
|-supereffective|p1a: Kommo-o|1
|-damage|p1a: Kommo-o|38/100
|-hitcount|p1a: Kommo-o|2
|move|p2b: Kingambit|Iron Head|p1a: Kommo-o
|-damage|p1a: Kommo-o|1/100
|move|p1a: Kommo-o|Clanging Scales|p2a: Farigiraf|[spread] p2a,p2b
|-resisted|p2b: Kingambit|1
|-damage|p2a: Farigiraf|45/100
|-damage|p2b: Kingambit|68/100
|-enditem|p2a: Farigiraf|Sitrus Berry|[eat]
|-heal|p2a: Farigiraf|70/100|[from] item: Sitrus Berry
|-unboost|p1a: Kommo-o|def|1
|move|p1b: Sneasler|Close Combat|p2b: Kingambit
|-supereffective|p2b: Kingambit|2
|-damage|p2b: Kingambit|0 fnt
|-unboost|p1b: Sneasler|def|1
|-unboost|p1b: Sneasler|spd|1
|faint|p2b: Kingambit
|-enditem|p1b: Sneasler|White Herb
|-clearnegativeboost|p1b: Sneasler|[silent]
|
|-heal|p1a: Kommo-o|7/100|[from] item: Leftovers
|upkeep
|
|t:|1782756378
|switch|p2b: Charizard|Charizard, L50, M|100/100
|turn|4
|
|t:|1782756385
|switch|p1b: Incineroar|Incineroar, L50, F|100/100
|-ability|p1b: Incineroar|Intimidate|boost
|-unboost|p2a: Farigiraf|atk|1
|-unboost|p2b: Charizard|atk|1
|detailschange|p2b: Charizard|Charizard-Mega-Y, L50, M
|-mega|p2b: Charizard|Charizard|Charizardite Y
|-weather|SunnyDay|[from] ability: Drought|[of] p2b: Charizard
|move|p1a: Kommo-o|Protect|p1a: Kommo-o
|-singleturn|p1a: Kommo-o|Protect
|move|p2a: Farigiraf|Twin Beam|p1a: Kommo-o
|-activate|p1a: Kommo-o|move: Protect
|move|p2b: Charizard|Weather Ball|p1b: Incineroar
|-resisted|p1b: Incineroar|1
|-damage|p1b: Incineroar|64/100
|
|-weather|SunnyDay|[upkeep]
|-heal|p1a: Kommo-o|13/100|[from] item: Leftovers
|upkeep
|turn|5
|l| Breloom3912
|
|t:|1782756423
|move|p2a: Farigiraf|Protect|p2a: Farigiraf
|-singleturn|p2a: Farigiraf|Protect
|move|p1a: Kommo-o|Protect||[still]
|-fail|p1a: Kommo-o
|move|p1b: Incineroar|Flare Blitz|p2a: Farigiraf
|-activate|p2a: Farigiraf|move: Protect
|move|p2b: Charizard|Heat Wave|p1b: Incineroar|[spread] p1b
|-miss|p2b: Charizard|p1a: Kommo-o
|-resisted|p1b: Incineroar|1
|-damage|p1b: Incineroar|37/100
|
|-weather|SunnyDay|[upkeep]
|-heal|p1a: Kommo-o|19/100|[from] item: Leftovers
|-fieldend|move: Trick Room
|upkeep
|turn|6
|j| Finabas
|j| TabuVGC
|j| juanfi23
|j| ledinoleo
|
|t:|1782756440
|move|p1a: Kommo-o|Clanging Scales|p2b: Charizard|[spread] p2a,p2b
|-damage|p2a: Farigiraf|16/100
|-damage|p2b: Charizard|47/100
|-unboost|p1a: Kommo-o|def|1
|move|p2b: Charizard|Weather Ball|p1b: Incineroar
|-resisted|p1b: Incineroar|1
|-damage|p1b: Incineroar|3/100
|move|p1b: Incineroar|Flare Blitz|p2a: Farigiraf
|-damage|p2a: Farigiraf|0 fnt
|faint|p2a: Farigiraf
|-damage|p1b: Incineroar|0 fnt|[from] Recoil
|faint|p1b: Incineroar
|
|-weather|SunnyDay|[upkeep]
|-heal|p1a: Kommo-o|25/100|[from] item: Leftovers
|upkeep
|
|t:|1782756449
|switch|p2a: Sylveon|Sylveon, L50, M|100/100
|switch|p1b: Ninetales|Ninetales-Alola, L50, F|100/100
|-weather|Snowscape|[from] ability: Snow Warning|[of] p1b: Ninetales
|turn|7
|j| tangtangtangsahur
|j| kommander
|
|t:|1782756469
|move|p1b: Ninetales|Protect|p1b: Ninetales
|-singleturn|p1b: Ninetales|Protect
|move|p2a: Sylveon|Quick Attack|p1a: Kommo-o
|-supereffective|p1a: Kommo-o|2
|-damage|p1a: Kommo-o|0 fnt
|faint|p1a: Kommo-o
|move|p2b: Charizard|Heat Wave|p1b: Ninetales
|-activate|p1b: Ninetales|move: Protect
|
|-weather|Snowscape|[upkeep]
|upkeep
|l| Finabas
|j| thacrow
|
|t:|1782756475
|switch|p1a: Sneasler|Sneasler, L50, F|70/100
|turn|8
|j| Finabas
|
|t:|1782756492
|move|p1a: Sneasler|Fake Out|p2b: Charizard
|-damage|p2b: Charizard|33/100
|move|p1b: Ninetales|Encore|p2a: Sylveon
|-start|p2a: Sylveon|Encore
|move|p2a: Sylveon|Quick Attack|p1a: Sneasler
|-damage|p1a: Sneasler|47/100
|cant|p2b: Charizard|flinch
|
|-weather|Snowscape|[upkeep]
|upkeep
|turn|9
|j| NoTomorrowVGC
|l| RylektVGC
|
|t:|1782756508
|move|p1b: Ninetales|Protect|p1b: Ninetales
|-singleturn|p1b: Ninetales|Protect
|move|p2a: Sylveon|Quick Attack|p1a: Sneasler
|-damage|p1a: Sneasler|25/100
|move|p1a: Sneasler|Dire Claw|p2a: Sylveon
|-supereffective|p2a: Sylveon|1
|-damage|p2a: Sylveon|1/100
|move|p2b: Charizard|Heat Wave|p1b: Ninetales|[spread] p1a
|-activate|p1b: Ninetales|move: Protect
|-damage|p1a: Sneasler|0 fnt
|faint|p1a: Sneasler
|
|-weather|Snowscape|[upkeep]
|upkeep
|turn|10
|
|t:|1782756522
|move|p2a: Sylveon|Quick Attack|p1b: Ninetales
|-damage|p1b: Ninetales|88/100
|move|p1b: Ninetales|Blizzard|p2a: Sylveon|[spread] p2a,p2b
|-damage|p2a: Sylveon|0 fnt
|-damage|p2b: Charizard|3/100
|faint|p2a: Sylveon
|move|p2b: Charizard|Heat Wave|p1b: Ninetales
|-supereffective|p1b: Ninetales|1
|-damage|p1b: Ninetales|0 fnt
|faint|p1b: Ninetales
|
|win|AleK97
||FedeCampoVG is ready for game 2.
|l| tangtangtangsahur
||AleK97 is ready for game 2.
|uhtml|next|Next: Game 2 of 3
|j| tangtangtangsahur
|l| Finabas
|l| a spiral song
|l| Ornn Diff
|j| Sense of Dread
|j| Finabas
|l| Finabas
|j| Idczaq
|j| xmarsh
|l| thacrow
|l| FBISurveillanceMan
|j| Finabas
|j| JMOdri
|l| kommander
|j| Will of urshifu
|l| Finabas
|j| Daneci
|j| thacrow
|l| Daneci
|j| Flaniwali
|j| Pd0nZ
|l| YOASOBI stan
|j| Finabas
|l| PandaMan7567
|j| LeunamTG
|l| Pd0nZ
|l| xmarsh
|l| Idczaq
|l| tangtangtangsahur
|l| Mogo
|l| JMOdri
|l| Fainting Spells
|l| Finabas
|l| thacrow
|l| rkd272
|l| TabuVGC
|l| ledinoleo
|l| pipppo
|l| MajorStar
|l| Flaniwali
|j| PqlarBear
|l| val16
|l| Sense of Dread
|j| SlycedBreadVGC
|l| SlycedBreadVGC
|l| Will of urshifu
|j| SlycedBreadVGC
|j| PandaMan7567
|l| PandaMan7567
|j| Code
|l| NoTomorrowVGC
|l| PqlarBear
|l| ck49
|j| Finabas
|l| Finabas
|l| Code
|l| LeunamTG
|j| Feyette
|j| tryingsomethingnew
|l| tryingsomethingnew
|j| Shshdjdndhc
|l| Shshdjdndhc
|j| Code
|l| Code
|j| Teenspirit07
|l| Teenspirit07
|j| Teenspirit07
|l|☆AleK97
|player|p2|
|l| Teenspirit07
|j| LivioVGC
|l| LivioVGC
|j| 45mice
|l| 45mice
|j| A Regu1ar Guy
|l| A Regu1ar Guy
|j| comfy n ez 2 wear
|l| juanfi23
|j| ChillinWithDylan
|j| LivioVGC
|l| ChillinWithDylan
|l| comfy n ez 2 wear
|j| Scotty1vgc
|l| Scotty1vgc
|l| LivioVGC
|j| 6-7 euic
|l| 6-7 euic
|j|+PinkSylvie
|l|+PinkSylvie
|l| Feyette
|l| templevgc
|j| dicenporahi
|l| dicenporahi
|l| SlycedBreadVGC
|j| AKhant
|l| AKhant
|j| DubiousVGC
