|j|☆caaammm0410
|j|☆monsoonisbest
|html|caaammm0410monsoonisbest    
|uhtml|bestof|Game 2 of a best-of-3
|t:|1783803967
|gametype|doubles
|player|p1|caaammm0410|170|1142
|player|p2|monsoonisbest|101|1203
|gen|9
|tier|[Gen 9 Champions] VGC 2026 Reg M-B (Bo3)
|rated|
|rule|Species Clause: Limit one of each Pokémon
|rule|Item Clause: Limit 1 of each item
|clearpoke
|poke|p1|Sceptile, L50, F|
|poke|p1|Rotom-Heat, L50|
|poke|p1|Aerodactyl, L50, F|
|poke|p1|Basculegion, L50, M|
|poke|p1|Kingambit, L50, M|
|poke|p1|Clefable, L50, F|
|poke|p2|Gengar, L50, M|
|poke|p2|Incineroar, L50, M|
|poke|p2|Politoed, L50, F, shiny|
|poke|p2|Archaludon, L50, M|
|poke|p2|Vivillon, L50, M|
|poke|p2|Swampert, L50, M|
|teampreview|4
|showteam|p1|Sceptile||Sceptilite|Overgrow|EnergyBall,DragonPulse,EarthPower,Protect|Timid||F|||50|]Rotom-Heat||ChoiceScarf|Levitate|Overheat,VoltSwitch,Discharge,Trick|Timid|||||50|]Aerodactyl||FocusSash|Unnerve|RockSlide,DualWingbeat,Tailwind,Protect|Jolly||F|||50|]Basculegion||LifeOrb|Adaptability|WaveCrash,LastRespects,AquaJet,Protect|Adamant||M|||50|]Kingambit||ChopleBerry|Defiant|KowtowCleave,IronHead,SuckerPunch,LowKick|Adamant||M|||50|]Clefable||SitrusBerry|Unaware|Moonblast,HelpingHand,FollowMe,Protect|Bold||F|||50|
|showteam|p2|Gengar||Gengarite|CursedBody|ShadowBall,SludgeBomb,PerishSong,Protect|Timid||M|||50|]Incineroar||PasshoBerry|Intimidate|PartingShot,DarkestLariat,Protect,FakeOut|Sassy||M|||50|]Politoed||SitrusBerry|Drizzle|WeatherBall,PerishSong,Encore,Protect|Calm||F|||50|]Archaludon||Leftovers|Stamina|DragonPulse,FlashCannon,ElectroShot,Protect|Bold||M|||50|]Vivillon||FocusSash|CompoundEyes|Hurricane,SleepPowder,RagePowder,Protect|Timid||M|||50|]Swampert||Swampertite|Torrent|WaveCrash,IcePunch,Earthquake,Protect|Adamant||M|||50|
|
|t:|1783803983
|teamsize|p1|4
|teamsize|p2|4
|start
|switch|p1a: Sceptile|Sceptile, L50, F|100/100
|switch|p1b: Rotom|Rotom-Heat, L50|100/100
|switch|p2a: Incineroar|Incineroar, L50, M|100/100
|switch|p2b: Politoed|Politoed, L50, F, shiny|100/100
|-weather|RainDance|[from] ability: Drizzle|[of] p2b: Politoed
|-ability|p2a: Incineroar|Intimidate|boost
|-unboost|p1a: Sceptile|atk|1
|-unboost|p1b: Rotom|atk|1
|turn|1
|
|t:|1783804012
|switch|p1b: Basculegion|Basculegion, L50, M|100/100
|detailschange|p1a: Sceptile|Sceptile-Mega, L50, F
|-mega|p1a: Sceptile|Sceptile|Sceptilite
|move|p2a: Incineroar|Fake Out|p1b: Basculegion
|-immune|p1b: Basculegion
|move|p1a: Sceptile|Energy Ball|p2b: Politoed
|-supereffective|p2b: Politoed|1
|-damage|p2b: Politoed|14/100
|-enditem|p2b: Politoed|Sitrus Berry|[eat]
|-heal|p2b: Politoed|39/100|[from] item: Sitrus Berry
|move|p2b: Politoed|Weather Ball|p1b: Basculegion
|-resisted|p1b: Basculegion|1
|-damage|p1b: Basculegion|74/100
|
|-weather|RainDance|[upkeep]
|upkeep
|turn|2
|
|t:|1783804032
|move|p2b: Politoed|Protect|p2b: Politoed
|-singleturn|p2b: Politoed|Protect
|move|p1a: Sceptile|Energy Ball|p2b: Politoed
|-activate|p2b: Politoed|move: Protect
|move|p1b: Basculegion|Wave Crash|p2a: Incineroar
|-supereffective|p2a: Incineroar|1
|-enditem|p2a: Incineroar|Passho Berry|[eat]
|-enditem|p2a: Incineroar|Passho Berry|[weaken]
|-damage|p2a: Incineroar|0 fnt
|faint|p2a: Incineroar
|-damage|p1b: Basculegion|41/100|[from] Recoil
|-damage|p1b: Basculegion|31/100|[from] item: Life Orb
|
|-weather|RainDance|[upkeep]
|upkeep
|
|t:|1783804036
|switch|p2a: Gengar|Gengar, L50, M|100/100
|turn|3
|
|t:|1783804065
|detailschange|p2a: Gengar|Gengar-Mega, L50, M
|-mega|p2a: Gengar|Gengar|Gengarite
|move|p1b: Basculegion|Aqua Jet|p2a: Gengar
|-damage|p2a: Gengar|38/100
|-damage|p1b: Basculegion|21/100|[from] item: Life Orb
|move|p1a: Sceptile|Earth Power|p2a: Gengar
|-supereffective|p2a: Gengar|1
|-damage|p2a: Gengar|0 fnt
|faint|p2a: Gengar
|move|p2b: Politoed|Perish Song|p2b: Politoed
|-start|p1a: Sceptile|perish3|[silent]
|-start|p1b: Basculegion|perish3|[silent]
|-start|p2b: Politoed|perish3|[silent]
|-fieldactivate|move: Perish Song
|
|-weather|RainDance|[upkeep]
|-start|p1a: Sceptile|perish3
|-start|p1b: Basculegion|perish3
|-start|p2b: Politoed|perish3
|upkeep
|
|t:|1783804072
|switch|p2a: Vivillon|Vivillon, L50, M|100/100
|turn|4
|
|t:|1783804089
|move|p1a: Sceptile|Protect|p1a: Sceptile
|-singleturn|p1a: Sceptile|Protect
|move|p2b: Politoed|Protect|p2b: Politoed
|-singleturn|p2b: Politoed|Protect
|move|p2a: Vivillon|Hurricane|p1a: Sceptile
|-activate|p1a: Sceptile|move: Protect
|move|p1b: Basculegion|Wave Crash|p2a: Vivillon
|-enditem|p2a: Vivillon|Focus Sash
|-damage|p2a: Vivillon|1/100
|-damage|p1b: Basculegion|0 fnt|[from] Recoil
|faint|p1b: Basculegion
|
|-weather|RainDance|[upkeep]
|-start|p1a: Sceptile|perish2
|-start|p2b: Politoed|perish2
|upkeep
|
|t:|1783804107
|switch|p1b: Rotom|Rotom-Heat, L50|100/100
|turn|5
|
|t:|1783804111
|move|p1b: Rotom|Discharge|p2a: Vivillon|[spread] p2a,p2b
|-ability|p1a: Sceptile|Lightning Rod|boost
|-boost|p1a: Sceptile|spa|1
|-supereffective|p2a: Vivillon|1
|-supereffective|p2b: Politoed|1
|-damage|p2a: Vivillon|0 fnt
|-damage|p2b: Politoed|0 fnt
|faint|p2a: Vivillon
|faint|p2b: Politoed
|
|win|caaammm0410
|raw|caaammm0410's rating: 1142 → 1171(+29 for winning)
|raw|monsoonisbest's rating: 1203 → 1174(-29 for losing)
