|j|☆moicito
|j|☆mmaaxxkk
|html|moicitommaaxxkk    
|uhtml|bestof|Game 2 of a best-of-3
|t:|1756953150
|gametype|doubles
|player|p1|moicito|caitlin|1109
|player|p2|mmaaxxkk|waitress-gen4|1040
|gen|9
|tier|[Gen 9] VGC 2025 Reg H (Bo3)
|rated|
|rule|Species Clause: Limit one of each Pokémon
|rule|Item Clause: Limit 1 of each item
|clearpoke
|poke|p1|Incineroar, L50, M|
|poke|p1|Rillaboom, L50, F|
|poke|p1|Ursaluna-Bloodmoon, L50, M|
|poke|p1|Sneasler, L50, F|
|poke|p1|Dragonite, L50, M|
|poke|p1|Gholdengo, L50|
|poke|p2|Ursaluna-Bloodmoon, L50, M|
|poke|p2|Gholdengo, L50|
|poke|p2|Dragonite, L50, M|
|poke|p2|Sneasler, L50, M|
|poke|p2|Incineroar, L50, M|
|poke|p2|Amoonguss, L50, F|
|teampreview|4
|showteam|p1|Incineroar||SafetyGoggles|Intimidate|FlareBlitz,KnockOff,FakeOut,PartingShot|||M|||50|,,,,,Ghost]Rillaboom||AssaultVest|GrassySurge|WoodHammer,GrassyGlide,HighHorsepower,FakeOut|||F|||50|,,,,,Fire]Ursaluna-Bloodmoon||Leftovers|MindsEye|BloodMoon,HyperVoice,EarthPower,Protect|||M|||50|,,,,,Electric]Sneasler||FocusSash|PoisonTouch|CloseCombat,DireClaw,Coaching,FakeOut|||F|||50|,,,,,Stellar]Dragonite||LoadedDice|Multiscale|ScaleShot,Haze,ExtremeSpeed,Protect|||M|||50|,,,,,Fairy]Gholdengo||LifeOrb|GoodasGold|NastyPlot,MakeItRain,ShadowBall,Protect||||||50|,,,,,Water
|showteam|p2|Ursaluna-Bloodmoon||AssaultVest|MindsEye|BloodMoon,EarthPower,VacuumWave,HyperVoice|||M|||50|,,,,,Water]Gholdengo||LifeOrb|GoodasGold|Protect,MakeItRain,ShadowBall,NastyPlot||||||50|,,,,,Water]Dragonite||LoadedDice|Multiscale|ScaleShot,Tailwind,Haze,Protect|||M|||50|,,,,,Fairy]Sneasler||FocusSash|Unburden|Protect,DireClaw,CloseCombat,ThroatChop|||M|||50|,,,,,Stellar]Incineroar||SafetyGoggles|Intimidate|KnockOff,PartingShot,FlareBlitz,FakeOut|||M|||50|,,,,,Ghost]Amoonguss||SitrusBerry|Regenerator|RagePowder,Spore,PollenPuff,Protect|||F|||50|,,,,,Psychic
|
|t:|1756953187
|teamsize|p1|4
|teamsize|p2|4
|start
|switch|p1a: Pelito|Sneasler, L50, F|100/100
|switch|p1b: Changuito|Rillaboom, L50, F, shiny|100/100
|switch|p2a: Incineroar|Incineroar, L50, M|100/100
|switch|p2b: Amoonguss|Amoonguss, L50, F|100/100
|-fieldstart|move: Grassy Terrain|[from] ability: Grassy Surge|[of] p1b: Changuito
|-ability|p2a: Incineroar|Intimidate|boost
|-unboost|p1a: Pelito|atk|1
|-unboost|p1b: Changuito|atk|1
|turn|1
|
|t:|1756953225
|move|p1b: Changuito|Fake Out|p2a: Incineroar
|-damage|p2a: Incineroar|92/100
|cant|p2a: Incineroar|flinch
|move|p2b: Amoonguss|Rage Powder|p2b: Amoonguss
|-singleturn|p2b: Amoonguss|move: Rage Powder
|move|p1a: Pelito|Coaching|p1b: Changuito
|-boost|p1b: Changuito|atk|1
|-boost|p1b: Changuito|def|1
|
|-heal|p2a: Incineroar|98/100|[from] Grassy Terrain
|upkeep
|turn|2
|
|t:|1756953248
|move|p1a: Pelito|Coaching|p1b: Changuito
|-boost|p1b: Changuito|atk|1
|-boost|p1b: Changuito|def|1
|move|p1b: Changuito|High Horsepower|p2a: Incineroar
|-supereffective|p2a: Incineroar
|-damage|p2a: Incineroar|0 fnt
|faint|p2a: Incineroar
|move|p2b: Amoonguss|Pollen Puff|p1a: Pelito
|-resisted|p1a: Pelito
|-crit|p1a: Pelito
|-damage|p1a: Pelito|92/100
|
|-heal|p1a: Pelito|97/100|[from] Grassy Terrain
|upkeep
|
|t:|1756953258
|switch|p2a: Sneasler|Sneasler, L50, M|100/100
|turn|3
|
|t:|1756953308
|switch|p1a: Monederito|Gholdengo, L50|100/100
|-terastallize|p2a: Sneasler|Stellar
|move|p2b: Amoonguss|Rage Powder|p2b: Amoonguss
|-singleturn|p2b: Amoonguss|move: Rage Powder
|move|p2a: Sneasler|Dire Claw|p1b: Changuito
|-supereffective|p1b: Changuito
|-damage|p1b: Changuito|48/100
|move|p1b: Changuito|High Horsepower|p2a: Sneasler
|-supereffective|p2a: Sneasler
|-enditem|p2a: Sneasler|Focus Sash
|-damage|p2a: Sneasler|1/100
|
|-heal|p2a: Sneasler|7/100|[from] Grassy Terrain
|-heal|p1b: Changuito|54/100|[from] Grassy Terrain
|upkeep
|turn|4
|c|☆mmaaxxkk|oh yeah grass type
|c|☆moicito|yeah :o
|c|☆moicito|I was about to tera but then I remembered that it wouldn't work
|
|t:|1756953354
|move|p1b: Changuito|Grassy Glide|p2a: Sneasler
|-resisted|p2a: Sneasler
|-damage|p2a: Sneasler|0 fnt
|faint|p2a: Sneasler
|move|p1a: Monederito|Nasty Plot|p1a: Monederito
|-boost|p1a: Monederito|spa|2
|move|p2b: Amoonguss|Pollen Puff|p1b: Changuito
|-supereffective|p1b: Changuito
|-damage|p1b: Changuito|26/100
|
|-heal|p1b: Changuito|32/100|[from] Grassy Terrain
|upkeep
|
|t:|1756953357
|switch|p2a: Ursaluna|Ursaluna-Bloodmoon, L50, M|100/100
|turn|5
|
|t:|1756953385
|move|p1b: Changuito|Grassy Glide|p2a: Ursaluna
|-supereffective|p2a: Ursaluna
|-damage|p2a: Ursaluna|18/100
|move|p1a: Monederito|Make It Rain|p2a: Ursaluna|[spread] p2a,p2b
|-damage|p2a: Ursaluna|0 fnt
|-damage|p2b: Amoonguss|0 fnt
|-unboost|p1a: Monederito|spa|1
|faint|p2a: Ursaluna
|faint|p2b: Amoonguss
|-damage|p1a: Monederito|91/100|[from] item: Life Orb
|
|win|moicito
|raw|moicito's rating: 1109 → 1129(+20 for winning)
|raw|mmaaxxkk's rating: 1040 → 1027(-13 for losing)
|c|☆mmaaxxkk|gg
|c|☆moicito|gg!
|l|☆mmaaxxkk
|player|p2|
