|j|☆regalac3
|j|☆elix560
|html|regalac3elix560    
|uhtml|bestof|Game 1 of a best-of-3
|t:|1783052640
|gametype|doubles
|player|p1|regalac3|n|1111
|player|p2|elix560|266|1000
|gen|9
|tier|[Gen 9 Champions] VGC 2026 Reg M-B (Bo3)
|rated|
|rule|Species Clause: Limit one of each Pokémon
|rule|Item Clause: Limit 1 of each item
|clearpoke
|poke|p1|Aerodactyl, L50, F|
|poke|p1|Pyroar, L50, M|
|poke|p1|Farigiraf, L50, F|
|poke|p1|Mamoswine, L50, M|
|poke|p1|Venusaur, L50, M|
|poke|p1|Torkoal, L50, M|
|poke|p2|Grimmsnarl, L50, M|
|poke|p2|Annihilape, L50, M|
|poke|p2|Scolipede, L50, M, shiny|
|poke|p2|Incineroar, L50, M, shiny|
|poke|p2|Politoed, L50, M, shiny|
|poke|p2|Altaria, L50, M|
|teampreview|4
|showteam|p1|Aerodactyl||Aerodactylite|Unnerve|RockSlide,DualWingbeat,IceFang,Tailwind|Jolly||F|||50|]Pyroar||Pyroarite|Unnerve|HeatWave,SolarBeam,Overheat,Protect|Timid||M|||50|]Farigiraf||SitrusBerry|ArmorTail|Psychic,Thunderbolt,HelpingHand,TrickRoom|Modest||F|||50|]Mamoswine||LifeOrb|Oblivious|IcicleCrash,HighHorsepower,IceShard,Protect|Adamant||M|||50|]Venusaur||FocusSash|Chlorophyll|LeafStorm,SludgeBomb,SleepPowder,Protect|Modest||M|||50|]Torkoal||Charcoal|Drought|Eruption,WeatherBall,HelpingHand,Protect|Quiet||M|||50|
|showteam|p2|Grimmsnarl||LightClay|Prankster|PartingShot,Reflect,LightScreen,SpiritBreak|Impish||M|||50|]Annihilape||Leftovers|Defiant|BulkUp,DrainPunch,RageFist,Protect|Adamant||M|||50|]Scolipede||Scolipite|SpeedBoost|PoisonJab,StompingTantrum,Protect,ThroatChop|Adamant||M|||50|]Incineroar||SitrusBerry|Intimidate|FakeOut,FlareBlitz,PartingShot,BurningJealousy|Serious||M|||50|]Politoed||WideLens|Drizzle|MuddyWater,Swagger,IceBeam,Protect|Bold||M|||50|]Altaria||Altarianite|NaturalCure|HyperVoice,Hurricane,Tailwind,Roost|Modest||M|||50|
|
|t:|1783052690
|teamsize|p1|4
|teamsize|p2|4
|start
|switch|p1a: Pyroar|Pyroar, L50, M|100/100
|switch|p1b: Aerodactyl|Aerodactyl, L50, F|100/100
|switch|p2a: Grimmsnarl|Grimmsnarl, L50, M|100/100
|switch|p2b: Scolipede|Scolipede, L50, M, shiny|100/100
|-ability|p1b: Aerodactyl|Unnerve
|-ability|p1a: Pyroar|Unnerve
|turn|1
|
|t:|1783052708
|switch|p1b: Torkoal|Torkoal, L50, M|100/100
|-weather|SunnyDay|[from] ability: Drought|[of] p1b: Torkoal
|detailschange|p1a: Pyroar|Pyroar-Mega, L50, M
|-mega|p1a: Pyroar|Pyroar|Pyroarite
|move|p2b: Scolipede|Protect|p2b: Scolipede
|-singleturn|p2b: Scolipede|Protect
|move|p2a: Grimmsnarl|Light Screen|p2a: Grimmsnarl
|-sidestart|p2: elix560|move: Light Screen
|move|p1a: Pyroar|Heat Wave|p2a: Grimmsnarl|[spread] p2a
|-activate|p2b: Scolipede|move: Protect
|-damage|p2a: Grimmsnarl|41/100
|
|-weather|SunnyDay|[upkeep]
|-ability|p2b: Scolipede|Speed Boost|boost
|-boost|p2b: Scolipede|spe|1
|upkeep
|turn|2
|
|t:|1783052746
|switch|p1a: Aerodactyl|Aerodactyl, L50, F|100/100
|-ability|p1a: Aerodactyl|Unnerve
|detailschange|p2b: Scolipede|Scolipede-Mega, L50, M, shiny
|-mega|p2b: Scolipede|Scolipede|Scolipite
|move|p1b: Torkoal|Protect|p1b: Torkoal
|-singleturn|p1b: Torkoal|Protect
|move|p2a: Grimmsnarl|Parting Shot|p1a: Aerodactyl
|-unboost|p1a: Aerodactyl|atk|1
|-unboost|p1a: Aerodactyl|spa|1
|
|t:|1783052757
|switch|p2a: Politoed|Politoed, L50, M, shiny|100/100|[from] Parting Shot
|-weather|RainDance|[from] ability: Drizzle|[of] p2a: Politoed
|move|p2b: Scolipede|Stomping Tantrum|p1a: Aerodactyl
|-immune|p1a: Aerodactyl
|
|-weather|RainDance|[upkeep]
|upkeep
|turn|3
|
|t:|1783052778
|switch|p1b: Venusaur|Venusaur, L50, M|100/100
|move|p1a: Aerodactyl|Tailwind|p1a: Aerodactyl
|-sidestart|p1: regalac3|move: Tailwind
|move|p2b: Scolipede|Stomping Tantrum|p1b: Venusaur
|-damage|p1b: Venusaur|24/100
|move|p2a: Politoed|Muddy Water|p1b: Venusaur|[spread] p1a,p1b
|-supereffective|p1a: Aerodactyl|1
|-resisted|p1b: Venusaur|1
|-crit|p1b: Venusaur
|-damage|p1a: Aerodactyl|6/100
|-damage|p1b: Venusaur|0 fnt
|faint|p1b: Venusaur
|
|-weather|RainDance|[upkeep]
|upkeep
|
|t:|1783052790
|switch|p1b: Pyroar|Pyroar-Mega, L50, M|100/100
|turn|4
|
|t:|1783052802
|switch|p1a: Torkoal|Torkoal, L50, M|100/100
|-weather|SunnyDay|[from] ability: Drought|[of] p1a: Torkoal
|switch|p2a: Grimmsnarl|Grimmsnarl, L50, M|41/100
|move|p2b: Scolipede|Protect|p2b: Scolipede
|-singleturn|p2b: Scolipede|Protect
|move|p1b: Pyroar|Heat Wave|p2b: Scolipede|[spread] 
|-activate|p2b: Scolipede|move: Protect
|-miss|p1b: Pyroar|p2a: Grimmsnarl
|
|-weather|SunnyDay|[upkeep]
|upkeep
|turn|5
|
|t:|1783052847
|switch|p2a: Politoed|Politoed, L50, M, shiny|100/100
|-weather|RainDance|[from] ability: Drizzle|[of] p2a: Politoed
|move|p1a: Torkoal|Helping Hand|p1b: Pyroar
|-singleturn|p1b: Pyroar|Helping Hand|[of] p1a: Torkoal
|move|p1b: Pyroar|Heat Wave|p2b: Scolipede|[spread] p2a,p2b
|-resisted|p2a: Politoed|1
|-supereffective|p2b: Scolipede|1
|-damage|p2a: Politoed|87/100
|-damage|p2b: Scolipede|46/100
|move|p2b: Scolipede|Stomping Tantrum|p1a: Torkoal
|-supereffective|p1a: Torkoal|1
|-damage|p1a: Torkoal|54/100
|
|-weather|RainDance|[upkeep]
|upkeep
|turn|6
|
|t:|1783052887
|switch|p1a: Aerodactyl|Aerodactyl, L50, F|6/100
|-ability|p1a: Aerodactyl|Unnerve
|move|p1b: Pyroar|Protect|p1b: Pyroar
|-singleturn|p1b: Pyroar|Protect
|move|p2b: Scolipede|Stomping Tantrum|p1b: Pyroar
|-activate|p1b: Pyroar|move: Protect
|move|p2a: Politoed|Muddy Water|p1b: Pyroar|[spread] p1a
|-activate|p1b: Pyroar|move: Protect
|-supereffective|p1a: Aerodactyl|1
|-damage|p1a: Aerodactyl|0 fnt
|faint|p1a: Aerodactyl
|
|-weather|RainDance|[upkeep]
|-sideend|p1: regalac3|move: Tailwind
|upkeep
|
|t:|1783052892
|switch|p1a: Torkoal|Torkoal, L50, M|54/100
|-weather|SunnyDay|[from] ability: Drought|[of] p1a: Torkoal
|turn|7
|
|t:|1783052908
|switch|p2a: Grimmsnarl|Grimmsnarl, L50, M|41/100
|move|p1b: Pyroar|Heat Wave|p2a: Grimmsnarl|[spread] p2a,p2b
|-supereffective|p2b: Scolipede|1
|-damage|p2a: Grimmsnarl|0 fnt
|-damage|p2b: Scolipede|0 fnt
|faint|p2a: Grimmsnarl
|faint|p2b: Scolipede
|move|p1a: Torkoal|Weather Ball|p2: Grimmsnarl|[notarget]
|-fail|p1a: Torkoal
|
|-weather|SunnyDay|[upkeep]
|upkeep
|
|t:|1783052920
|switch|p2b: Altaria|Altaria, L50, M|100/100
|switch|p2a: Politoed|Politoed, L50, M, shiny|87/100
|-weather|RainDance|[from] ability: Drizzle|[of] p2a: Politoed
|turn|8
|
|t:|1783052947
|move|p1b: Pyroar|Protect|p1b: Pyroar
|-singleturn|p1b: Pyroar|Protect
|move|p2b: Altaria|Hurricane|p1a: Torkoal
|-damage|p1a: Torkoal|0 fnt
|faint|p1a: Torkoal
|move|p2a: Politoed|Muddy Water|p1b: Pyroar
|-activate|p1b: Pyroar|move: Protect
|
|-weather|RainDance|[upkeep]
|-sideend|p2: elix560|move: Light Screen
|upkeep
|turn|9
|
|t:|1783052976
|move|p1b: Pyroar|Heat Wave|p2a: Politoed|[spread] p2a,p2b
|-resisted|p2a: Politoed|1
|-resisted|p2b: Altaria|1
|-damage|p2a: Politoed|74/100
|-damage|p2b: Altaria|86/100
|-status|p2a: Politoed|brn
|move|p2b: Altaria|Hurricane|p1b: Pyroar
|-damage|p1b: Pyroar|44/100
|move|p2a: Politoed|Muddy Water|p1b: Pyroar
|-supereffective|p1b: Pyroar|1
|-damage|p1b: Pyroar|0 fnt
|faint|p1b: Pyroar
|
|win|elix560
||regalac3 is ready for game 2.
