|j|â˜†scottyb04
|j|â˜†Northgdh
|html|scottyb04Northgdh    
|uhtml|bestof|Game 3 of a best-of-3
|t:|1783953992
|gametype|doubles
|player|p1|scottyb04|2|1300
|player|p2|Northgdh|102|1281
|gen|9
|tier|[Gen 9 Champions] VGC 2026 Reg M-B (Bo3)
|rated|
|rule|Species Clause: Limit one of each PokÃ©mon
|rule|Item Clause: Limit 1 of each item
|clearpoke
|poke|p1|Raichu, L50, F|
|poke|p1|Gyarados, L50, M|
|poke|p1|Mamoswine, L50, F|
|poke|p1|Ceruledge, L50, F|
|poke|p1|Clefable, L50, F|
|poke|p1|Kingambit, L50, M|
|poke|p2|Incineroar, L50, M, shiny|
|poke|p2|Delphox, L50, F, shiny|
|poke|p2|Sinistcha, L50|
|poke|p2|Kingambit, L50, M, shiny|
|poke|p2|Blastoise, L50, M, shiny|
|poke|p2|Sneasler, L50, M|
|teampreview|4
|showteam|p1|Raichu||RaichuniteY|LightningRod|ZapCannon,FocusBlast,FakeOut,Protect|Timid||F|||50|]Gyarados||Gyaradosite|Intimidate|Waterfall,PowerWhip,DragonDance,Protect|Adamant||M|||50|]Mamoswine||LifeOrb|Oblivious|HighHorsepower,IceShard,IcicleCrash,Protect|Jolly||F|||50|]Ceruledge||ColburBerry|FlashFire|BitterBlade,ShadowSneak,BulkUp,Protect|Adamant||F|||50|]Clefable||SitrusBerry|Unaware|Moonblast,FollowMe,HelpingHand,Protect|Bold||F|||50|]Kingambit||FocusSash|Defiant|IronHead,KowtowCleave,SuckerPunch,LowKick|Adamant||M|||50|
|showteam|p2|Incineroar||SitrusBerry|Intimidate|FlareBlitz,FakeOut,HelpingHand,PartingShot|Impish||M|||50|]Delphox||Delphoxite|Blaze|HeatWave,Psychic,NastyPlot,Protect|Timid||F|||50|]Sinistcha||KasibBerry|Hospitality|MatchaGotcha,RagePowder,LifeDew,Protect|Bold|||||50|]Kingambit||LifeOrb|Defiant|KowtowCleave,SuckerPunch,SwordsDance,Protect|Adamant||M|||50|]Blastoise||Blastoisinite|RainDish|WaterSpout,DarkPulse,ShellSmash,Protect|Modest||M|||50|]Sneasler||FocusSash|PoisonTouch|CloseCombat,PoisonJab,FakeOut,QuickGuard|Jolly||M|||50|
|inactive|Battle timer is ON: inactive players will automatically lose when time's up. (requested by Northgdh)
|
|t:|1783954001
|teamsize|p1|4
|teamsize|p2|4
|start
|switch|p1a: Raichu|Raichu, L50, F|100/100
|switch|p1b: Gyarados|Gyarados, L50, M|100/100
|switch|p2a: begged|Blastoise, L50, M, shiny|100/100
|switch|p2b: honeybee|Sneasler, L50, M|100/100
|-ability|p1b: Gyarados|Intimidate|boost
|-unboost|p2a: begged|atk|1
|-unboost|p2b: honeybee|atk|1
|turn|1
|
|t:|1783954013
|switch|p2b: stupid song|Incineroar, L50, M, shiny|100/100
|-ability|p2b: stupid song|Intimidate|boost
|-unboost|p1a: Raichu|atk|1
|-unboost|p1b: Gyarados|atk|1
|detailschange|p1a: Raichu|Raichu-Mega-Y, L50, F
|-mega|p1a: Raichu|Raichu|Raichunite Y
|detailschange|p2a: begged|Blastoise-Mega, L50, M, shiny
|-mega|p2a: begged|Blastoise|Blastoisinite
|move|p2a: begged|Protect|p2a: begged
|-singleturn|p2a: begged|Protect
|move|p1a: Raichu|Zap Cannon|p2b: stupid song
|-damage|p2b: stupid song|42/100
|-status|p2b: stupid song|par
|-enditem|p2b: stupid song|Sitrus Berry|[eat]
|-heal|p2b: stupid song|66/100 par|[from] item: Sitrus Berry
|move|p1b: Gyarados|Waterfall|p2b: stupid song
|-supereffective|p2b: stupid song|1
|-damage|p2b: stupid song|22/100 par
|
|upkeep
|turn|2
|c|â˜†Northgdh|Huge adjustment
|
|t:|1783954038
|move|p2b: stupid song|Fake Out|p1a: Raichu
|-damage|p1a: Raichu|85/100
|cant|p1a: Raichu|flinch
|move|p1b: Gyarados|Power Whip|p2a: begged
|-supereffective|p2a: begged|1
|-damage|p2a: begged|39/100
|move|p2a: begged|Shell Smash|p2a: begged
|-unboost|p2a: begged|def|1
|-unboost|p2a: begged|spd|1
|-boost|p2a: begged|atk|2
|-boost|p2a: begged|spa|2
|-boost|p2a: begged|spe|2
|
|upkeep
|turn|3
|c|â˜†scottyb04|call had to be made
|
|t:|1783954055
|switch|p2b: the cure|Sinistcha, L50|100/100
|-heal|p2a: begged|63/100|[from] ability: Hospitality|[of] p2b: the cure
|move|p2a: begged|Protect|p2a: begged
|-singleturn|p2a: begged|Protect
|move|p1a: Raichu|Protect|p1a: Raichu
|-singleturn|p1a: Raichu|Protect
|move|p1b: Gyarados|Waterfall|p2b: the cure
|-resisted|p2b: the cure|1
|-damage|p2b: the cure|88/100
|
|upkeep
|turn|4
|c|â˜†scottyb04|Blastoise is my worst matchup which is made with a raichu
|inactive|scottyb04 has 30 seconds left.
|
|t:|1783954083
|move|p1b: Gyarados|Protect|p1b: Gyarados
|-singleturn|p1b: Gyarados|Protect
|move|p2b: the cure|Rage Powder|p2b: the cure
|-singleturn|p2b: the cure|move: Rage Powder
|move|p2a: begged|Water Spout|p1b: Gyarados|[spread] p1a
|-activate|p1b: Gyarados|move: Protect
|-damage|p1a: Raichu|0 fnt
|faint|p1a: Raichu
|
|upkeep
|
|t:|1783954095
|switch|p1a: Kingambit|Kingambit, L50, M|100/100
|turn|5
|
|t:|1783954105
|move|p2a: begged|Protect|p2a: begged
|-singleturn|p2a: begged|Protect
|move|p1b: Gyarados|Dragon Dance|p1b: Gyarados
|-boost|p1b: Gyarados|atk|1
|-boost|p1b: Gyarados|spe|1
|move|p1a: Kingambit|Kowtow Cleave|p2b: the cure
|-supereffective|p2b: the cure|1
|-damage|p2b: the cure|8/100
|move|p2b: the cure|Life Dew|p2b: the cure|[spread] p2a,p2b
|-heal|p2a: begged|89/100
|-heal|p2b: the cure|33/100
|
|upkeep
|turn|6
|
|t:|1783954119
|move|p1b: Gyarados|Protect|p1b: Gyarados
|-singleturn|p1b: Gyarados|Protect
|move|p2b: the cure|Rage Powder|p2b: the cure
|-singleturn|p2b: the cure|move: Rage Powder
|move|p2a: begged|Water Spout|p1a: Kingambit|[spread] p1a
|-activate|p1b: Gyarados|move: Protect
|-enditem|p1a: Kingambit|Focus Sash
|-damage|p1a: Kingambit|1/100
|move|p1a: Kingambit|Kowtow Cleave|p2b: the cure
|-supereffective|p2b: the cure|1
|-damage|p2b: the cure|0 fnt
|faint|p2b: the cure
|
|upkeep
|
|t:|1783954121
|switch|p2b: honeybee|Sneasler, L50, M|100/100
|turn|7
|
|t:|1783954142
|move|p2b: honeybee|Fake Out|p1a: Kingambit
|-resisted|p1a: Kingambit|1
|-damage|p1a: Kingambit|0 fnt
|faint|p1a: Kingambit
|move|p2a: begged|Dark Pulse|p1b: Gyarados
|-damage|p1b: Gyarados|13/100
|move|p1b: Gyarados|Waterfall|p2b: honeybee
|-damage|p2b: honeybee|27/100
|
|upkeep
|
|t:|1783954152
|switch|p1a: Ceruledge|Ceruledge, L50, F|100/100
|turn|8
|
|t:|1783954157
|move|p1b: Gyarados|Protect|p1b: Gyarados
|-singleturn|p1b: Gyarados|Protect
|move|p2b: honeybee|Quick Guard|p2b: honeybee
|-singleturn|p2b: honeybee|Quick Guard
|move|p1a: Ceruledge|Shadow Sneak|p2b: honeybee
|-activate|p2b: honeybee|move: Quick Guard
|move|p2a: begged|Water Spout|p1b: Gyarados|[spread] p1a
|-activate|p1b: Gyarados|move: Protect
|-supereffective|p1a: Ceruledge|1
|-damage|p1a: Ceruledge|0 fnt
|faint|p1a: Ceruledge
|
|upkeep
|turn|9
|c|â˜†Northgdh|ggwp
|c|â˜†scottyb04|gg
|
|t:|1783954170
|switch|p2b: stupid song|Incineroar, L50, M, shiny|22/100 par
|-ability|p2b: stupid song|Intimidate|boost
|-unboost|p1b: Gyarados|atk|1
|move|p2a: begged|Dark Pulse|p1b: Gyarados
|-damage|p1b: Gyarados|0 fnt
|faint|p1b: Gyarados
|
|win|Northgdh
|raw|scottyb04's rating: 1300 → 1274(-26 for losing)
|raw|Northgdh's rating: 1281 → 1307(+26 for winning)
