|j|☆TeachMeHow2Hoopa
|j|☆yueyuea
|html|TeachMeHow2Hoopayueyuea    
|uhtml|bestof|Game 2 of a best-of-3
|t:|1784523054
|gametype|doubles
|player|p1|TeachMeHow2Hoopa|silver|1157
|player|p2|yueyuea|265|1291
|gen|9
|tier|[Gen 9 Champions] VGC 2026 Reg M-B (Bo3)
|rated|
|rule|Species Clause: Limit one of each Pokémon
|rule|Item Clause: Limit 1 of each item
|clearpoke
|poke|p1|Pidgeot, L50, M|
|poke|p1|Excadrill, L50, F|
|poke|p1|Tyranitar, L50, F|
|poke|p1|Tsareena, L50, F|
|poke|p1|Gholdengo, L50|
|poke|p1|Rotom-Wash, L50|
|poke|p2|Charizard, L50, M|
|poke|p2|Venusaur, L50, M|
|poke|p2|Toxapex, L50, F|
|poke|p2|Incineroar, L50, M|
|poke|p2|Garchomp, L50, F|
|poke|p2|Mamoswine, L50, M|
|teampreview|4
|showteam|p1|Pidgeot||Pidgeotite|BigPecks|Hurricane,HeatWave,Tailwind,Protect|Timid||M|||50|]Excadrill||FocusSash|SandRush|Earthquake,IronHead,RockSlide,Protect|Adamant||F|||50|]Tyranitar||Tyranitarite|SandStream|RockSlide,KnockOff,Protect,LowKick|Adamant||F|||50|]Tsareena||ChoiceScarf|QueenlyMajesty|PowerWhip,TripleAxel,Uturn,LowKick|Jolly||F|||50|]Gholdengo||Leftovers|GoodasGold|ShadowBall,MakeItRain,NastyPlot,Protect|Modest|||||50|]Rotom-Wash||SitrusBerry|Levitate|HydroPump,Thunderbolt,WillOWisp,Protect|Bold|||||50|
|showteam|p2|Charizard||CharizarditeY|Blaze|HeatWave,Protect,HelpingHand,WeatherBall|Timid||M|||50|]Venusaur||LifeOrb|Chlorophyll|EarthPower,LeafStorm,SludgeBomb,Protect|Modest||M|||50|]Toxapex||Leftovers|Regenerator|WideGuard,BanefulBunker,Toxic,Infestation|Bold||F|||50|]Incineroar||SitrusBerry|Intimidate|FakeOut,ThroatChop,FlareBlitz,PartingShot|Impish||M|||50|]Garchomp||ChoiceScarf|RoughSkin|DragonClaw,Earthquake,RockSlide,StompingTantrum|Adamant||F|||50|]Mamoswine||FocusSash|Oblivious|RockTomb,IceShard,Protect,HighHorsepower|Adamant||M|||50|
|
|t:|1784523085
|teamsize|p1|4
|teamsize|p2|4
|start
|switch|p1a: Excadrill|Excadrill, L50, F|100/100
|switch|p1b: Tsareena|Tsareena, L50, F|100/100
|switch|p2a: Incineroar|Incineroar, L50, M|100/100
|switch|p2b: Venusaur|Venusaur, L50, M|100/100
|-ability|p2a: Incineroar|Intimidate|boost
|-unboost|p1a: Excadrill|atk|1
|-unboost|p1b: Tsareena|atk|1
|turn|1
|
|t:|1784523100
|move|p1b: Tsareena|U-turn|p2a: Incineroar
|-crit|p2a: Incineroar
|-damage|p2a: Incineroar|73/100
|
|t:|1784523104
|switch|p1b: Tyranitar|Tyranitar, L50, F|100/100|[from] U-turn
|-weather|Sandstorm|[from] ability: Sand Stream|[of] p1b: Tyranitar
|move|p1a: Excadrill|Rock Slide|p2b: Venusaur|[spread] p2a,p2b
|-supereffective|p2a: Incineroar|1
|-damage|p2a: Incineroar|50/100y
|-damage|p2b: Venusaur|80/100
|-enditem|p2a: Incineroar|Sitrus Berry|[eat]
|-heal|p2a: Incineroar|75/100|[from] item: Sitrus Berry
|move|p2b: Venusaur|Earth Power|p1a: Excadrill
|-supereffective|p1a: Excadrill|1
|-enditem|p1a: Excadrill|Focus Sash
|-damage|p1a: Excadrill|1/100
|-damage|p2b: Venusaur|71/100|[from] item: Life Orb
|move|p2a: Incineroar|Flare Blitz|p1b: Tyranitar
|-resisted|p1b: Tyranitar|1
|-damage|p1b: Tyranitar|81/100
|-damage|p2a: Incineroar|68/100|[from] Recoil
|
|-weather|Sandstorm|[upkeep]
|-damage|p2b: Venusaur|65/100|[from] Sandstorm
|-damage|p2a: Incineroar|62/100|[from] Sandstorm
|upkeep
|turn|2
|
|t:|1784523136
|move|p1a: Excadrill|Rock Slide|p2a: Incineroar|[spread] p2a,p2b
|-supereffective|p2a: Incineroar|1
|-damage|p2a: Incineroar|36/100
|-damage|p2b: Venusaur|43/100
|move|p2b: Venusaur|Earth Power|p1b: Tyranitar
|-supereffective|p1b: Tyranitar|1
|-damage|p1b: Tyranitar|37/100
|-damage|p2b: Venusaur|34/100|[from] item: Life Orb
|cant|p2a: Incineroar|flinch
|move|p1b: Tyranitar|Knock Off|p2b: Venusaur
|-damage|p2b: Venusaur|0 fnt
|-enditem|p2b: Venusaur|Life Orb|[from] move: Knock Off|[of] p1b: Tyranitar
|faint|p2b: Venusaur
|
|-weather|Sandstorm|[upkeep]
|-damage|p2a: Incineroar|30/100|[from] Sandstorm
|upkeep
|
|t:|1784523151
|switch|p2b: Charizard|Charizard, L50, M|100/100
|turn|3
|
|t:|1784523173
|move|p2b: Charizard|Protect|p2b: Charizard
|-singleturn|p2b: Charizard|Protect
|move|p1b: Tyranitar|Protect|p1b: Tyranitar
|-singleturn|p1b: Tyranitar|Protect
|move|p1a: Excadrill|Earthquake|p2a: Incineroar|[spread] p2a
|-activate|p1b: Tyranitar|move: Protect
|-activate|p2b: Charizard|move: Protect
|-supereffective|p2a: Incineroar|1
|-damage|p2a: Incineroar|0 fnt
|faint|p2a: Incineroar
|
|-weather|Sandstorm|[upkeep]
|-damage|p2b: Charizard|94/100|[from] Sandstorm
|upkeep
|
|t:|1784523185
|switch|p2a: Garchomp|Garchomp, L50, F|100/100
|turn|4
|
|t:|1784523201
|detailschange|p1b: Tyranitar|Tyranitar-Mega, L50, F
|-mega|p1b: Tyranitar|Tyranitar|Tyranitarite
|move|p1a: Excadrill|Rock Slide|p2b: Charizard|[spread] p2a,p2b
|-resisted|p2a: Garchomp|1
|-supereffective|p2b: Charizard|2
|-damage|p2a: Garchomp|92/100
|-damage|p2b: Charizard|9/100
|move|p2a: Garchomp|Earthquake|p1b: Tyranitar|[spread] p1a,p1b
|-immune|p2b: Charizard
|-supereffective|p1a: Excadrill|1
|-supereffective|p1b: Tyranitar|1
|-damage|p1a: Excadrill|0 fnt
|-damage|p1b: Tyranitar|0 fnt
|faint|p1a: Excadrill
|faint|p1b: Tyranitar
|move|p2b: Charizard|Heat Wave|p1: Excadrill|[notarget]
|-fail|p2b: Charizard
|
|-weather|Sandstorm|[upkeep]
|-damage|p2b: Charizard|3/100|[from] Sandstorm
|upkeep
|
|t:|1784523214
|switch|p1a: Gholdengo|Gholdengo, L50|100/100
|switch|p1b: Tsareena|Tsareena, L50, F|100/100
|turn|5
|
|t:|1784523222
|detailschange|p2b: Charizard|Charizard-Mega-Y, L50, M
|-mega|p2b: Charizard|Charizard|Charizardite Y
|-weather|SunnyDay|[from] ability: Drought|[of] p2b: Charizard
|move|p2a: Garchomp|Earthquake|p1b: Tsareena|[spread] p1a,p1b
|-immune|p2b: Charizard
|-supereffective|p1a: Gholdengo|1
|-resisted|p1b: Tsareena|1
|-damage|p1a: Gholdengo|21/100
|-damage|p1b: Tsareena|74/100
|move|p1b: Tsareena|Triple Axel|p2b: Charizard
|-damage|p2b: Charizard|0 fnt
|faint|p2b: Charizard
|-hitcount|p2: Charizard|1
|move|p1a: Gholdengo|Shadow Ball|p2a: Garchomp
|-damage|p2a: Garchomp|48/100
|
|-weather|SunnyDay|[upkeep]
|-heal|p1a: Gholdengo|28/100|[from] item: Leftovers
|upkeep
|turn|6
|
|t:|1784523240
|move|p1a: Gholdengo|Protect|p1a: Gholdengo
|-singleturn|p1a: Gholdengo|Protect
|move|p2a: Garchomp|Earthquake|p1b: Tsareena|[spread] p1b
|-activate|p1a: Gholdengo|move: Protect
|-resisted|p1b: Tsareena|1
|-damage|p1b: Tsareena|46/100
|move|p1b: Tsareena|Triple Axel|p2a: Garchomp
|-supereffective|p2a: Garchomp|2
|-damage|p2a: Garchomp|20/100y
|-damage|p1b: Tsareena|34/100|[from] ability: Rough Skin|[of] p2a: Garchomp
|-supereffective|p2a: Garchomp|2
|-damage|p2a: Garchomp|0 fnt
|-damage|p1b: Tsareena|22/100|[from] ability: Rough Skin|[of] p2a: Garchomp
|faint|p2a: Garchomp
|-hitcount|p2: Garchomp|2
|
|win|TeachMeHow2Hoopa
|raw|TeachMeHow2Hoopa's rating: 1157 → 1191(+34 for winning)
|raw|yueyuea's rating: 1291 → 1257(-34 for losing)
|l|☆yueyuea
|player|p2|
