|j|☆toxiccroc12
|j|☆mawile renaissance
|html|toxiccroc12mawile renaissance    
|uhtml|bestof|Game 1 of a best-of-3
|t:|1784341572
|gametype|doubles
|player|p1|toxiccroc12|101|1090
|player|p2|mawile renaissance|miku-water|1058
|gen|9
|tier|[Gen 9 Champions] VGC 2026 Reg M-B (Bo3)
|rated|
|rule|Species Clause: Limit one of each Pokémon
|rule|Item Clause: Limit 1 of each item
|clearpoke
|poke|p1|Floette-Eternal, L50, F|
|poke|p1|Incineroar, L50, M|
|poke|p1|Sinistcha, L50|
|poke|p1|Delphox, L50, F|
|poke|p1|Sneasler, L50, F|
|poke|p1|Kingambit, L50, M|
|poke|p2|Mawile, L50, M|
|poke|p2|Incineroar, L50, F|
|poke|p2|Basculegion, L50, M|
|poke|p2|Farigiraf, L50, F|
|poke|p2|Mamoswine, L50, F|
|poke|p2|Charizard, L50, M|
|teampreview|4
|showteam|p1|Floette-Eternal||Floettite|FlowerVeil|DazzlingGleam,DrainingKiss,CalmMind,Protect|Modest||F|||50|]Incineroar||SitrusBerry|Intimidate|FlareBlitz,FakeOut,PartingShot,HelpingHand|Impish||M|||50|]Sinistcha||OccaBerry|Hospitality|MatchaGotcha,RagePowder,TrickRoom,Protect|Relaxed|||||50|]Delphox||Delphoxite|Blaze|HeatWave,Psyshock,NastyPlot,Protect|Timid||F|||50|]Sneasler||FocusSash|PoisonTouch|PoisonJab,CloseCombat,FakeOut,QuickGuard|Jolly||F|||50|]Kingambit||BlackGlasses|Defiant|KowtowCleave,SuckerPunch,SwordsDance,Protect|Adamant||M|||50|
|showteam|p2|Mawile||Mawilite|HyperCutter|PlayRough,SuckerPunch,RockSlide,Protect|Brave||M|||50|]Incineroar||LifeOrb|Intimidate|DarkestLariat,FlareBlitz,PartingShot,FakeOut|Brave||F|||50|]Basculegion||SitrusBerry|Adaptability|WaveCrash,LastRespects,AquaJet,Protect|Adamant||M|||50|]Farigiraf||ColburBerry|ArmorTail|Psychic,Thunderbolt,TrickRoom,Protect|Quiet||F|||50|]Mamoswine||FocusSash|Oblivious|IcicleCrash,HighHorsepower,Earthquake,Protect|Adamant||F|||50|]Charizard||CharizarditeY|SolarPower|HeatWave,WeatherBall,SolarBeam,Protect|Modest||M|||50|
|
|t:|1784341644
|teamsize|p1|4
|teamsize|p2|4
|start
|switch|p1a: Delphox|Delphox, L50, F|100/100
|switch|p1b: Sneasler|Sneasler, L50, F|100/100
|switch|p2a: Atlas|Mamoswine, L50, F|100/100
|switch|p2b: Hera|Farigiraf, L50, F|100/100
|turn|1
|
|t:|1784341694
|switch|p1b: Sinistcha|Sinistcha, L50|100/100
|detailschange|p1a: Delphox|Delphox-Mega, L50, F
|-mega|p1a: Delphox|Delphox|Delphoxite
|move|p2b: Hera|Protect|p2b: Hera
|-singleturn|p2b: Hera|Protect
|move|p1a: Delphox|Nasty Plot|p1a: Delphox
|-boost|p1a: Delphox|spa|2
|move|p2a: Atlas|Earthquake|p1a: Delphox|[spread] p1b
|-activate|p2b: Hera|move: Protect
|-immune|p1a: Delphox|[from] ability: Levitate
|-resisted|p1b: Sinistcha|1
|-damage|p1b: Sinistcha|84/100
|
|upkeep
|turn|2
|
|t:|1784341713
|switch|p1b: Incineroar|Incineroar, L50, M|100/100
|-ability|p1b: Incineroar|Intimidate|boost
|-fail|p2a: Atlas|unboost|Attack|[from] ability: Oblivious|[of] p2a: Atlas
|-unboost|p2b: Hera|atk|1
|move|p1a: Delphox|Heat Wave|p2a: Atlas|[spread] p2a,p2b
|-supereffective|p2a: Atlas|1
|-enditem|p2a: Atlas|Focus Sash
|-damage|p2a: Atlas|1/100
|-damage|p2b: Hera|37/100
|move|p2a: Atlas|Icicle Crash|p1b: Incineroar
|-resisted|p1b: Incineroar|1
|-damage|p1b: Incineroar|80/100
|move|p2b: Hera|Trick Room|p2b: Hera
|-fieldstart|move: Trick Room|[of] p2b: Hera
|
|upkeep
|turn|3
|
|t:|1784341784
|move|p2b: Hera|Thunderbolt|p1b: Incineroar
|-damage|p1b: Incineroar|57/100
|move|p1b: Incineroar|Parting Shot|p2a: Atlas
|-unboost|p2a: Atlas|atk|1
|-unboost|p2a: Atlas|spa|1
|inactive|Battle timer is ON: inactive players will automatically lose when time's up. (requested by mawile renaissance)
|
|t:|1784341791
|switch|p1b: Sinistcha|Sinistcha, L50|84/100|[from] Parting Shot
|move|p2a: Atlas|High Horsepower|p1b: Sinistcha
|-resisted|p1b: Sinistcha|1
|-damage|p1b: Sinistcha|69/100
|move|p1a: Delphox|Heat Wave|p2b: Hera|[spread] p2a,p2b
|-supereffective|p2a: Atlas|1
|-damage|p2a: Atlas|0 fnt
|-damage|p2b: Hera|0 fnt
|faint|p2a: Atlas
|faint|p2b: Hera
|
|upkeep
|
|t:|1784341795
|switch|p2b: Ares|Basculegion, L50, M|100/100
|switch|p2a: Athena|Mawile, L50, M|100/100
|turn|4
|inactive|toxiccroc12 has 30 seconds left.
|
|t:|1784341825
|detailschange|p2a: Athena|Mawile-Mega, L50, M
|-mega|p2a: Athena|Mawile|Mawilite
|move|p1a: Delphox|Protect|p1a: Delphox
|-singleturn|p1a: Delphox|Protect
|move|p2a: Athena|Rock Slide|p1a: Delphox|[spread] p1b
|-activate|p1a: Delphox|move: Protect
|-damage|p1b: Sinistcha|41/100
|move|p2b: Ares|Last Respects|p1b: Sinistcha
|-supereffective|p1b: Sinistcha|1
|-damage|p1b: Sinistcha|0 fnt
|faint|p1b: Sinistcha
|
|upkeep
|
|t:|1784341837
|switch|p1b: Incineroar|Incineroar, L50, M|57/100
|-ability|p1b: Incineroar|Intimidate|boost
|-unboost|p2a: Athena|atk|1
|-unboost|p2b: Ares|atk|1
|turn|5
|
|t:|1784341860
|move|p1b: Incineroar|Fake Out|p2a: Athena
|-resisted|p2a: Athena|1
|-damage|p2a: Athena|94/100
|cant|p2a: Athena|flinch
|move|p2b: Ares|Last Respects|p1a: Delphox
|-supereffective|p1a: Delphox|1
|-damage|p1a: Delphox|0 fnt
|faint|p1a: Delphox
|
|upkeep
|
|t:|1784341869
|switch|p1a: Sneasler|Sneasler, L50, F|100/100
|turn|6
|inactive|toxiccroc12 has 30 seconds left.
|inactive|mawile renaissance has 30 seconds left.
|inactive|mawile renaissance has 20 seconds left.
|
|t:|1784341906
|move|p1a: Sneasler|Fake Out|p2a: Athena
|-resisted|p2a: Athena|1
|-damage|p2a: Athena|88/100
|cant|p2a: Athena|flinch
|move|p1b: Incineroar|Parting Shot|p2b: Ares
|-unboost|p2b: Ares|atk|1
|-unboost|p2b: Ares|spa|1
|move|p2b: Ares|Wave Crash|p1a: Sneasler
|-damage|p1a: Sneasler|38/100
|-damage|p2b: Ares|85/100|[from] Recoil
|
|-fieldend|move: Trick Room
|upkeep
|turn|7
|inactive|toxiccroc12 has 30 seconds left.
|inactive|mawile renaissance has 30 seconds left.
|inactive|toxiccroc12 has 20 seconds left.
|inactive|toxiccroc12 has 15 seconds left.
|
|t:|1784341948
|move|p1a: Sneasler|Quick Guard|p1a: Sneasler
|-singleturn|p1a: Sneasler|Quick Guard
|move|p2b: Ares|Wave Crash|p1b: Incineroar
|-supereffective|p1b: Incineroar|1
|-damage|p1b: Incineroar|0 fnt
|faint|p1b: Incineroar
|-damage|p2b: Ares|68/100|[from] Recoil
|move|p2a: Athena|Play Rough|p1a: Sneasler
|-damage|p1a: Sneasler|0 fnt
|faint|p1a: Sneasler
|
|win|mawile renaissance
