|j|☆bathoven
|j|☆lolgz
|html|bathovenlolgz    
|uhtml|bestof|Game 2 of a best-of-3
|t:|1782434364
|gametype|doubles
|player|p1|bathoven|pokemaniac|1066
|player|p2|lolgz|dawn|1118
|gen|9
|tier|[Gen 9 Champions] VGC 2026 Reg M-B (Bo3)
|rated|
|rule|Species Clause: Limit one of each Pokémon
|rule|Item Clause: Limit 1 of each item
|clearpoke
|poke|p1|Hawlucha, L50, M|
|poke|p1|Excadrill, L50, M|
|poke|p1|Houndstone, L50, F|
|poke|p1|Whimsicott, L50, M|
|poke|p1|Mr. Rime, L50, F|
|poke|p1|Machamp, L50, M|
|poke|p2|Torkoal, L50, F|
|poke|p2|Vileplume, L50, M|
|poke|p2|Farigiraf, L50, F|
|poke|p2|Scrafty, L50, M|
|poke|p2|Gallade, L50, M|
|poke|p2|Mawile, L50, F|
|teampreview|4
|showteam|p1|Hawlucha||Hawluchanite|Limber|Entrainment,Taunt,QuickGuard,Protect|Timid||M|||50|]Excadrill||FocusSash|SandRush|Fissure,HornDrill,Protect,Sandstorm|Jolly||M|||50|]Houndstone||LifeOrb|SandRush|LastRespects,ShadowSneak,Disable,Protect|Adamant||F|||50|]Whimsicott||MentalHerb|Prankster|Tailwind,Encore,Protect,Moonblast|Bold||M|||50|]Mr. Rime||SitrusBerry|TangledFeet|SheerCold,RolePlay,FakeOut,Protect|Jolly||F|||50|]Machamp||Leftovers|NoGuard|QuickGuard,WideGuard,BulletPunch,DynamicPunch|Adamant||M|||50|
|showteam|p2|Torkoal||Charcoal|Drought|Eruption,WeatherBall,EarthPower,Protect|Quiet||F|||50|]Vileplume||FocusSash|Chlorophyll|EnergyBall,SludgeBomb,SleepPowder,AfterYou|Timid||M|||50|]Farigiraf||SitrusBerry|ArmorTail|TrickRoom,Thunderbolt,Psychic,HelpingHand|Bold||F|||50|]Scrafty||Scraftinite|Intimidate|FakeOut,CloseCombat,KnockOff,RockSlide|Brave||M|||50|]Gallade||IronBall|Sharpness|SacredSword,PsychoCut,WideGuard,TrickRoom|Brave||M|||50|]Mawile||Mawilite|Intimidate|SuckerPunch,PlayRough,SwordsDance,Protect|Brave||F|||50|
|inactive|Battle timer is ON: inactive players will automatically lose when time's up. (requested by lolgz)
|
|t:|1782434378
|teamsize|p1|4
|teamsize|p2|4
|start
|switch|p1a: Mr. Rime|Mr. Rime, L50, F|100/100
|switch|p1b: Machamp|Machamp, L50, M|100/100
|switch|p2a: Farigiraf|Farigiraf, L50, F|100/100
|switch|p2b: Scrafty|Scrafty, L50, M|100/100
|-ability|p2b: Scrafty|Intimidate|boost
|-unboost|p1a: Mr. Rime|atk|1
|-unboost|p1b: Machamp|atk|1
|turn|1
|inactive|lolgz has 30 seconds left.
|inactive|lolgz has 20 seconds left.
|inactive|lolgz has 15 seconds left.
|inactive|lolgz has 10 seconds left.
|inactive|lolgz has 5 seconds left.
|
|t:|1782434432
|detailschange|p2b: Scrafty|Scrafty-Mega, L50, M
|-mega|p2b: Scrafty|Scrafty|Scraftinite
|-ability|p2b: Scrafty|Intimidate|boost
|-unboost|p1a: Mr. Rime|atk|1
|-unboost|p1b: Machamp|atk|1
|move|p2b: Scrafty|Fake Out|p1a: Mr. Rime
|-damage|p1a: Mr. Rime|82/100
|move|p1b: Machamp|Quick Guard|p1b: Machamp
|-singleturn|p1b: Machamp|Quick Guard
|cant|p1a: Mr. Rime|flinch
|move|p2a: Farigiraf|Trick Room|p2a: Farigiraf
|-fieldstart|move: Trick Room|[of] p2a: Farigiraf
|
|upkeep
|turn|2
|
|t:|1782434452
|move|p1a: Mr. Rime|Protect|p1a: Mr. Rime
|-singleturn|p1a: Mr. Rime|Protect
|move|p1b: Machamp|Dynamic Punch|p2b: Scrafty
|-supereffective|p2b: Scrafty|1
|-damage|p2b: Scrafty|54/100
|-start|p2b: Scrafty|confusion
|-activate|p2b: Scrafty|confusion
|-damage|p2b: Scrafty|41/100|[from] confusion
|move|p2a: Farigiraf|Psychic|p1b: Machamp
|-supereffective|p1b: Machamp|1
|-damage|p1b: Machamp|28/100
|-unboost|p1b: Machamp|spd|1
|
|-heal|p1b: Machamp|35/100|[from] item: Leftovers
|upkeep
|turn|3
|inactive|lolgz has 30 seconds left.
|
|t:|1782434478
|move|p1b: Machamp|Dynamic Punch|p2b: Scrafty
|-supereffective|p2b: Scrafty|1
|-damage|p2b: Scrafty|0 fnt
|faint|p2b: Scrafty
|move|p2a: Farigiraf|Psychic|p1b: Machamp
|-supereffective|p1b: Machamp|1
|-damage|p1b: Machamp|0 fnt
|faint|p1b: Machamp
|move|p1a: Mr. Rime|Sheer Cold|p2a: Farigiraf|[miss]
|-miss|p1a: Mr. Rime|p2a: Farigiraf
|
|upkeep
|
|t:|1782434488
|switch|p1b: Hawlucha|Hawlucha, L50, M|100/100
|switch|p2b: Torkoal|Torkoal, L50, F|100/100
|-weather|SunnyDay|[from] ability: Drought|[of] p2b: Torkoal
|turn|4
|inactive|bathoven has 30 seconds left.
|inactive|lolgz has 30 seconds left.
|inactive|lolgz has 20 seconds left.
|inactive|lolgz has 15 seconds left.
|inactive|lolgz has 10 seconds left.
|inactive|lolgz has 5 seconds left.
|
|t:|1782434543
|detailschange|p1b: Hawlucha|Hawlucha-Mega, L50, M
|-mega|p1b: Hawlucha|Hawlucha|Hawluchanite
|move|p2b: Torkoal|Eruption|p1a: Mr. Rime|[spread] p1a,p1b
|-supereffective|p1a: Mr. Rime|1
|-damage|p1a: Mr. Rime|0 fnt
|-damage|p1b: Hawlucha|11/100
|faint|p1a: Mr. Rime
|move|p1b: Hawlucha|Entrainment|p1: Mr. Rime|[notarget]
|-fail|p1b: Hawlucha
|move|p2a: Farigiraf|Trick Room|p2a: Farigiraf
|-fieldend|move: Trick Room
|
|-weather|SunnyDay|[upkeep]
|upkeep
|
|t:|1782434553
|switch|p1a: Excadrill|Excadrill, L50, M|100/100
|turn|5
|inactive|lolgz has 30 seconds left.
|inactive|lolgz has 20 seconds left.
|
|t:|1782434592
|move|p1b: Hawlucha|Entrainment|p1a: Excadrill
|-ability|p1a: Excadrill|No Guard|Sand Rush|[from] move: Entrainment|[of] p1b: Hawlucha
|move|p1a: Excadrill|Fissure|p2b: Torkoal
|-damage|p2b: Torkoal|0 fnt
|faint|p2b: Torkoal
|-ohko
|move|p2a: Farigiraf|Trick Room|p2a: Farigiraf
|-fieldstart|move: Trick Room|[of] p2a: Farigiraf
|
|-weather|SunnyDay|[upkeep]
|upkeep
|
|t:|1782434593
|switch|p2b: Mawile|Mawile, L50, F|100/100
|-ability|p2b: Mawile|Intimidate|boost
|-unboost|p1a: Excadrill|atk|1
|-unboost|p1b: Hawlucha|atk|1
|turn|6
|
|t:|1782434613
|move|p1a: Excadrill|Protect|p1a: Excadrill
|-singleturn|p1a: Excadrill|Protect
|move|p1b: Hawlucha|Protect|p1b: Hawlucha
|-singleturn|p1b: Hawlucha|Protect
|move|p2b: Mawile|Play Rough|p1a: Excadrill
|-activate|p1a: Excadrill|move: Protect
|move|p2a: Farigiraf|Psychic|p1a: Excadrill
|-activate|p1a: Excadrill|move: Protect
|
|-weather|SunnyDay|[upkeep]
|upkeep
|turn|7
|inactive|bathoven has 30 seconds left.
|inactive|lolgz has 30 seconds left.
|
|t:|1782434647
|move|p1a: Excadrill|Protect||[still]
|-fail|p1a: Excadrill
|move|p2b: Mawile|Play Rough|p1a: Excadrill
|-resisted|p1a: Excadrill|1
|-damage|p1a: Excadrill|76/100
|move|p2a: Farigiraf|Psychic|p1a: Excadrill
|-resisted|p1a: Excadrill|1
|-damage|p1a: Excadrill|57/100
|move|p1b: Hawlucha|Entrainment|p2a: Farigiraf
|-ability|p2a: Farigiraf|No Guard|Armor Tail|[from] move: Entrainment|[of] p1b: Hawlucha
|
|-weather|SunnyDay|[upkeep]
|upkeep
|turn|8
|
|t:|1782434665
|move|p1a: Excadrill|Protect|p1a: Excadrill
|-singleturn|p1a: Excadrill|Protect
|move|p1b: Hawlucha|Protect|p1b: Hawlucha
|-singleturn|p1b: Hawlucha|Protect
|move|p2b: Mawile|Sucker Punch||[still]
|-fail|p2b: Mawile
|move|p2a: Farigiraf|Psychic|p1b: Hawlucha
|-activate|p1b: Hawlucha|move: Protect
|
|-weather|none
|upkeep
|turn|9
|
|t:|1782434680
|move|p2b: Mawile|Sucker Punch|p1a: Excadrill
|-damage|p1a: Excadrill|31/100
|move|p2a: Farigiraf|Psychic|p1b: Hawlucha
|-supereffective|p1b: Hawlucha|1
|-damage|p1b: Hawlucha|0 fnt
|faint|p1b: Hawlucha
|move|p1a: Excadrill|Fissure|p2b: Mawile
|-damage|p2b: Mawile|0 fnt
|faint|p2b: Mawile
|-ohko
|
|-fieldend|move: Trick Room
|upkeep
|turn|10
|c|☆bathoven|Gg
|inactive|lolgz has 30 seconds left.
|inactive|lolgz has 20 seconds left.
|
|t:|1782434717
|move|p1a: Excadrill|Horn Drill|p2a: Farigiraf
|-damage|p2a: Farigiraf|0 fnt
|faint|p2a: Farigiraf
|-ohko
|
|win|bathoven
