|j|☆ShdaowForece
|j|☆worsealuna
|html|ShdaowForeceworsealuna    
|uhtml|bestof|Game 2 of a best-of-3
|t:|1756256084
|gametype|doubles
|player|p1|ShdaowForece|lucas|1211
|player|p2|worsealuna|170|1254
|gen|9
|tier|[Gen 9] VGC 2025 Reg H (Bo3)
|rated|
|rule|Species Clause: Limit one of each Pokémon
|rule|Item Clause: Limit 1 of each item
|clearpoke
|poke|p1|Gholdengo, L50|
|poke|p1|Incineroar, L50, M|
|poke|p1|Rillaboom, L50, M|
|poke|p1|Dragonite, L50, M|
|poke|p1|Sneasler, L50, F|
|poke|p1|Whimsicott, L50, M|
|poke|p2|Pelipper, L50, M|
|poke|p2|Archaludon, L50, F|
|poke|p2|Basculegion, L50, M|
|poke|p2|Gholdengo, L50|
|poke|p2|Incineroar, L50, F|
|poke|p2|Amoonguss, L50, M|
|teampreview|4
|showteam|p1|Gholdengo||Leftovers|GoodasGold|MakeItRain,ShadowBall,NastyPlot,Protect||||||50|,,,,,Steel]Incineroar||SitrusBerry|Intimidate|FlareBlitz,KnockOff,FakeOut,PartingShot|||M|||50|,,,,,Grass]Rillaboom||AssaultVest|GrassySurge|WoodHammer,FakeOut,GrassyGlide,HighHorsepower|||M|||50|,,,,,Water]Dragonite||ChoiceBand|InnerFocus|ExtremeSpeed,Outrage,StompingTantrum,IceSpinner|||M|||50|,,,,,Normal]Sneasler||WhiteHerb|Pressure|CloseCombat,DireClaw,Coaching,Protect|||F|||50|,,,,,Stellar]Whimsicott||CovertCloak|Prankster|Moonblast,Tailwind,Encore,FakeTears|||M|||50|,,,,,Poison
|showteam|p2|Pelipper||FocusSash|Drizzle|Hurricane,WeatherBall,Protect,Tailwind|||M|||50|,,,,,Stellar]Archaludon||AssaultVest|Stamina|ElectroShot,DragonPulse,Snarl,BodyPress|||F|||50|,,,,,Grass]Basculegion||ChoiceScarf|Adaptability|WaveCrash,LastRespects,IcyWind,FlipTurn|||M|||50|,,,,,Water]Gholdengo||LifeOrb|GoodasGold|MakeItRain,ShadowBall,NastyPlot,Protect||||||50|,,,,,Water]Incineroar||SafetyGoggles|Intimidate|KnockOff,FlareBlitz,PartingShot,FakeOut|||F|||50|,,,,,Ghost]Amoonguss||SitrusBerry|Regenerator|Spore,PollenPuff,RagePowder,Protect|||M|||50|,,,,,Water
|inactive|Battle timer is ON: inactive players will automatically lose when time's up. (requested by worsealuna)
|j| teamthief420
|
|t:|1756256108
|teamsize|p1|4
|teamsize|p2|4
|start
|switch|p1a: Gholdengo|Gholdengo, L50|100/100
|switch|p1b: Rillaboom|Rillaboom, L50, M|100/100
|switch|p2a: Archaludon|Archaludon, L50, F|100/100
|switch|p2b: Gholdengo|Gholdengo, L50|100/100
|-fieldstart|move: Grassy Terrain|[from] ability: Grassy Surge|[of] p1b: Rillaboom
|turn|1
|inactive|ShdaowForece has 30 seconds left.
|
|t:|1756256135
|-terastallize|p1a: Gholdengo|Steel
|move|p1b: Rillaboom|Fake Out|p2a: Archaludon
|-resisted|p2a: Archaludon
|-damage|p2a: Archaludon|95/100
|-ability|p2a: Archaludon|Stamina|boost
|-boost|p2a: Archaludon|def|1
|cant|p2a: Archaludon|flinch
|move|p2b: Gholdengo|Shadow Ball|p1a: Gholdengo
|-damage|p1a: Gholdengo|39/100
|-damage|p2b: Gholdengo|91/100|[from] item: Life Orb
|move|p1a: Gholdengo|Nasty Plot|p1a: Gholdengo
|-boost|p1a: Gholdengo|spa|2
|
|-heal|p2a: Archaludon|100/100|[from] Grassy Terrain
|-heal|p2b: Gholdengo|97/100|[from] Grassy Terrain
|-heal|p1a: Gholdengo|45/100|[from] Grassy Terrain
|-heal|p1a: Gholdengo|51/100|[from] item: Leftovers
|upkeep
|turn|2
|inactive|worsealuna has 30 seconds left.
|
|t:|1756256162
|switch|p1b: Incineroar|Incineroar, L50, M|100/100
|-ability|p1b: Incineroar|Intimidate|boost
|-unboost|p2a: Archaludon|atk|1
|-unboost|p2b: Gholdengo|atk|1
|move|p1a: Gholdengo|Protect|p1a: Gholdengo
|-singleturn|p1a: Gholdengo|Protect
|move|p2a: Archaludon|Body Press|p1a: Gholdengo
|-activate|p1a: Gholdengo|move: Protect
|move|p2b: Gholdengo|Make It Rain|p1a: Gholdengo|[spread] p1b
|-activate|p1a: Gholdengo|move: Protect
|-resisted|p1b: Incineroar
|-damage|p1b: Incineroar|74/100
|-unboost|p2b: Gholdengo|spa|1
|-damage|p2b: Gholdengo|87/100|[from] item: Life Orb
|
|-heal|p2b: Gholdengo|94/100|[from] Grassy Terrain
|-heal|p1a: Gholdengo|57/100|[from] Grassy Terrain
|-heal|p1a: Gholdengo|64/100|[from] item: Leftovers
|-heal|p1b: Incineroar|80/100|[from] Grassy Terrain
|upkeep
|turn|3
|inactive|ShdaowForece has 30 seconds left.
|
|t:|1756256194
|move|p1b: Incineroar|Fake Out|p2a: Archaludon
|-resisted|p2a: Archaludon
|-damage|p2a: Archaludon|97/100
|-ability|p2a: Archaludon|Stamina|boost
|-boost|p2a: Archaludon|def|1
|cant|p2a: Archaludon|flinch
|move|p2b: Gholdengo|Shadow Ball|p1a: Gholdengo
|-damage|p1a: Gholdengo|22/100
|-damage|p2b: Gholdengo|84/100|[from] item: Life Orb
|move|p1a: Gholdengo|Shadow Ball|p2a: Archaludon
|-damage|p2a: Archaludon|22/100
|-ability|p2a: Archaludon|Stamina|boost
|-boost|p2a: Archaludon|def|1
|
|-heal|p2a: Archaludon|28/100|[from] Grassy Terrain
|-heal|p2b: Gholdengo|90/100|[from] Grassy Terrain
|-heal|p1a: Gholdengo|28/100|[from] Grassy Terrain
|-heal|p1a: Gholdengo|34/100|[from] item: Leftovers
|-heal|p1b: Incineroar|86/100|[from] Grassy Terrain
|upkeep
|turn|4
|
|t:|1756256215
|switch|p1b: Whimsicott|Whimsicott, L50, M|100/100
|move|p1a: Gholdengo|Protect|p1a: Gholdengo
|-singleturn|p1a: Gholdengo|Protect
|move|p2a: Archaludon|Body Press|p1b: Whimsicott
|-resisted|p1b: Whimsicott
|-damage|p1b: Whimsicott|62/100
|move|p2b: Gholdengo|Nasty Plot|p2b: Gholdengo
|-boost|p2b: Gholdengo|spa|2
|
|-heal|p1b: Whimsicott|68/100|[from] Grassy Terrain
|-heal|p2a: Archaludon|34/100|[from] Grassy Terrain
|-heal|p2b: Gholdengo|97/100|[from] Grassy Terrain
|-heal|p1a: Gholdengo|40/100|[from] Grassy Terrain
|-heal|p1a: Gholdengo|47/100|[from] item: Leftovers
|upkeep
|turn|5
|
|t:|1756256236
|move|p1b: Whimsicott|Tailwind|p1b: Whimsicott
|-sidestart|p1: ShdaowForece|move: Tailwind
|move|p1a: Gholdengo|Shadow Ball|p2a: Archaludon
|-damage|p2a: Archaludon|0 fnt
|faint|p2a: Archaludon
|move|p2b: Gholdengo|Shadow Ball|p1a: Gholdengo
|-damage|p1a: Gholdengo|0 fnt
|faint|p1a: Gholdengo
|-damage|p2b: Gholdengo|87/100|[from] item: Life Orb
|
|-heal|p1b: Whimsicott|74/100|[from] Grassy Terrain
|-heal|p2b: Gholdengo|93/100|[from] Grassy Terrain
|-fieldend|move: Grassy Terrain
|upkeep
|
|t:|1756256247
|switch|p2a: Amoonguss|Amoonguss, L50, M|100/100
|switch|p1a: Incineroar|Incineroar, L50, M|86/100
|-ability|p1a: Incineroar|Intimidate|boost
|-unboost|p2a: Amoonguss|atk|1
|-unboost|p2b: Gholdengo|atk|1
|turn|6
|inactive|ShdaowForece has 30 seconds left.
|
|t:|1756256276
|move|p2a: Amoonguss|Rage Powder|p2a: Amoonguss
|-singleturn|p2a: Amoonguss|move: Rage Powder
|move|p1b: Whimsicott|Moonblast|p2b: Gholdengo
|-resisted|p2b: Gholdengo
|-damage|p2b: Gholdengo|78/100
|move|p1a: Incineroar|Knock Off|p2a: Amoonguss
|-damage|p2a: Amoonguss|57/100
|-enditem|p2a: Amoonguss|Sitrus Berry|[from] move: Knock Off|[of] p1a: Incineroar
|move|p2b: Gholdengo|Shadow Ball|p1b: Whimsicott
|-damage|p1b: Whimsicott|0 fnt
|faint|p1b: Whimsicott
|-damage|p2b: Gholdengo|68/100|[from] item: Life Orb
|
|upkeep
|
|t:|1756256283
|switch|p1b: Rillaboom|Rillaboom, L50, M|100/100
|-fieldstart|move: Grassy Terrain|[from] ability: Grassy Surge|[of] p1b: Rillaboom
|turn|7
|
|t:|1756256291
|move|p2b: Gholdengo|Protect|p2b: Gholdengo
|-singleturn|p2b: Gholdengo|Protect
|move|p2a: Amoonguss|Protect|p2a: Amoonguss
|-singleturn|p2a: Amoonguss|Protect
|move|p1b: Rillaboom|Fake Out|p2a: Amoonguss
|-activate|p2a: Amoonguss|move: Protect
|move|p1a: Incineroar|Knock Off|p2b: Gholdengo
|-activate|p2b: Gholdengo|move: Protect
|
|-heal|p1a: Incineroar|92/100|[from] Grassy Terrain
|-heal|p2b: Gholdengo|74/100|[from] Grassy Terrain
|-heal|p2a: Amoonguss|63/100|[from] Grassy Terrain
|upkeep
|turn|8
|
|t:|1756256309
|switch|p2a: Pelipper|Pelipper, L50, M|100/100
|-weather|RainDance|[from] ability: Drizzle|[of] p2a: Pelipper
|move|p1b: Rillaboom|High Horsepower|p2b: Gholdengo
|-supereffective|p2b: Gholdengo
|-damage|p2b: Gholdengo|5/100
|move|p1a: Incineroar|Flare Blitz|p2a: Pelipper
|-resisted|p2a: Pelipper
|-damage|p2a: Pelipper|82/100
|-damage|p1a: Incineroar|88/100|[from] Recoil
|move|p2b: Gholdengo|Make It Rain|p1b: Rillaboom|[spread] p1a,p1b
|-resisted|p1a: Incineroar
|-damage|p1a: Incineroar|51/100
|-damage|p1b: Rillaboom|32/100
|-unboost|p2b: Gholdengo|spa|1
|-damage|p2b: Gholdengo|0 fnt|[from] item: Life Orb
|faint|p2b: Gholdengo
|
|-weather|RainDance|[upkeep]
|-heal|p1b: Rillaboom|38/100|[from] Grassy Terrain
|-heal|p1a: Incineroar|57/100|[from] Grassy Terrain
|-sideend|p1: ShdaowForece|move: Tailwind
|upkeep
|
|t:|1756256317
|switch|p2b: Amoonguss|Amoonguss, L50, M|96/100
|turn|9
|
|t:|1756256336
|move|p2a: Pelipper|Hurricane|p1b: Rillaboom
|-supereffective|p1b: Rillaboom
|-damage|p1b: Rillaboom|0 fnt
|faint|p1b: Rillaboom
|move|p1a: Incineroar|Knock Off|p2a: Pelipper
|-damage|p2a: Pelipper|23/100
|-enditem|p2a: Pelipper|Focus Sash|[from] move: Knock Off|[of] p1a: Incineroar
|move|p2b: Amoonguss|Spore|p1a: Incineroar
|-status|p1a: Incineroar|slp|[from] move: Spore
|
|-weather|RainDance|[upkeep]
|-heal|p1a: Incineroar|63/100 slp|[from] Grassy Terrain
|-heal|p2b: Amoonguss|100/100|[from] Grassy Terrain
|upkeep
|turn|10
|-message|ShdaowForece forfeited.
|
|win|worsealuna
|raw|ShdaowForece's rating: 1211 → 1189(-22 for losing)
|raw|worsealuna's rating: 1254 → 1276(+22 for winning)
