|j|☆Miss buss buss
|j|☆G3N13
|html|Miss buss bussG3N13    
|uhtml|bestof|Game 3 of a best-of-3
|t:|1785088576
|gametype|doubles
|player|p1|Miss buss buss|2|1059
|player|p2|G3N13|n|1123
|gen|9
|tier|[Gen 9 Champions] VGC 2026 Reg M-B (Bo3)
|rated|
|rule|Species Clause: Limit one of each Pokémon
|rule|Item Clause: Limit 1 of each item
|clearpoke
|poke|p1|Hatterene, L50, F|
|poke|p1|Slowking, L50, M|
|poke|p1|Camerupt, L50, M|
|poke|p1|Clefable, L50, M|
|poke|p1|Farigiraf, L50, F|
|poke|p1|Aromatisse, L50, M|
|poke|p2|Aerodactyl, L50, M|
|poke|p2|Hydreigon, L50, M|
|poke|p2|Mamoswine, L50, F|
|poke|p2|Primarina, L50, M|
|poke|p2|Scovillain, L50, M|
|poke|p2|Sneasler, L50, M|
|teampreview|4
|showteam|p1|Hatterene||LifeOrb|MagicBounce|ShadowBall,DazzlingGleam,MysticalFire,Psychic|Quiet||F|||50|]Slowking||ColburBerry|Regenerator|TrickRoom,Disable,Psychic,HydroPump|Quiet||M|||50|]Camerupt||Cameruptite|MagmaArmor|Eruption,EarthPower,FireBlast,Protect|Modest||M|||50|]Clefable||Clefablite|MagicGuard|AirSlash,FollowMe,Moonblast,FireBlast|Quiet||M|||50|]Farigiraf||SitrusBerry|ArmorTail|TrickRoom,HyperVoice,Psyshock,NastyPlot|Quiet||F|||50|]Aromatisse||BabiriBerry|AromaVeil|TrickRoom,NastyPlot,Moonblast,EnergyBall|Quiet||M|||50|
|showteam|p2|Aerodactyl||Aerodactylite|Unnerve|RockSlide,DualWingbeat,Tailwind,Protect|Jolly||M|||50|]Hydreigon||HabanBerry|Levitate|DarkPulse,DracoMeteor,HeatWave,Protect|Modest||M|||50|]Mamoswine||LifeOrb|Oblivious|IcicleCrash,Earthquake,IceShard,Protect|Adamant||F|||50|]Primarina||SitrusBerry|LiquidVoice|HyperVoice,Moonblast,CalmMind,Protect|Modest||M|||50|]Scovillain||Scovillainite|Moody|Overheat,GigaDrain,RagePowder,Protect|Calm||M|||50|]Sneasler||WhiteHerb|Unburden|DireClaw,CloseCombat,FakeOut,Protect|Jolly||M|||50|
|inactive|Battle timer is ON: inactive players will automatically lose when time's up. (requested by Miss buss buss)
|
|t:|1785088591
|teamsize|p1|4
|teamsize|p2|4
|start
|switch|p1a: Aromatisse|Aromatisse, L50, M|100/100
|switch|p1b: Farigiraf|Farigiraf, L50, F|100/100
|switch|p2a: Mamoswine|Mamoswine, L50, F|100/100
|switch|p2b: Primarina|Primarina, L50, M|100/100
|turn|1
|inactive|G3N13 has 30 seconds left.
|inactive|G3N13 has 20 seconds left.
|inactive|G3N13 has 15 seconds left.
|inactive|G3N13 has 10 seconds left.
|inactive|G3N13 has 5 seconds left.
|
|t:|1785088643
|move|p2a: Mamoswine|Icicle Crash|p1b: Farigiraf
|-damage|p1b: Farigiraf|35/100
|-enditem|p1b: Farigiraf|Sitrus Berry|[eat]
|-heal|p1b: Farigiraf|60/100|[from] item: Sitrus Berry
|-damage|p2a: Mamoswine|90/100|[from] item: Life Orb
|move|p2b: Primarina|Hyper Voice|p1a: Aromatisse|[spread] p1a,p1b
|-damage|p1a: Aromatisse|71/100
|-damage|p1b: Farigiraf|33/100
|move|p1b: Farigiraf|Nasty Plot|p1b: Farigiraf
|-boost|p1b: Farigiraf|spa|2
|move|p1a: Aromatisse|Trick Room|p1a: Aromatisse
|-fieldstart|move: Trick Room|[of] p1a: Aromatisse
|
|upkeep
|turn|2
|
|t:|1785088662
|move|p2b: Primarina|Protect|p2b: Primarina
|-singleturn|p2b: Primarina|Protect
|move|p1a: Aromatisse|Nasty Plot|p1a: Aromatisse
|-boost|p1a: Aromatisse|spa|2
|move|p1b: Farigiraf|Psyshock|p2b: Primarina
|-activate|p2b: Primarina|move: Protect
|move|p2a: Mamoswine|Earthquake|p1a: Aromatisse|[spread] p1a,p1b
|-activate|p2b: Primarina|move: Protect
|-damage|p1a: Aromatisse|8/100
|-damage|p1b: Farigiraf|0 fnt
|faint|p1b: Farigiraf
|-damage|p2a: Mamoswine|80/100|[from] item: Life Orb
|
|upkeep
|
|t:|1785088683
|switch|p1b: Hatterene|Hatterene, L50, F|100/100
|turn|3
|
|t:|1785088694
|move|p2a: Mamoswine|Ice Shard|p1a: Aromatisse
|-damage|p1a: Aromatisse|0 fnt
|faint|p1a: Aromatisse
|-damage|p2a: Mamoswine|70/100|[from] item: Life Orb
|move|p1b: Hatterene|Dazzling Gleam|p2b: Primarina|[spread] p2a,p2b
|-damage|p2a: Mamoswine|14/100
|-damage|p2b: Primarina|64/100
|-damage|p1b: Hatterene|90/100|[from] item: Life Orb
|move|p2b: Primarina|Calm Mind|p2b: Primarina
|-boost|p2b: Primarina|spa|1
|-boost|p2b: Primarina|spd|1
|
|upkeep
|
|t:|1785088706
|switch|p1a: Clefable|Clefable, L50, M|100/100
|turn|4
|
|t:|1785088722
|detailschange|p1a: Clefable|Clefable-Mega, L50, M
|-mega|p1a: Clefable|Clefable|Clefablite
|move|p2b: Primarina|Protect|p2b: Primarina
|-singleturn|p2b: Primarina|Protect
|move|p2a: Mamoswine|Protect|p2a: Mamoswine
|-singleturn|p2a: Mamoswine|Protect
|move|p1b: Hatterene|Dazzling Gleam|p2b: Primarina|[spread] 
|-activate|p2a: Mamoswine|move: Protect
|-activate|p2b: Primarina|move: Protect
|move|p1a: Clefable|Air Slash|p2b: Primarina
|-activate|p2b: Primarina|move: Protect
|
|upkeep
|turn|5
|
|t:|1785088745
|move|p2a: Mamoswine|Ice Shard|p1a: Clefable
|-supereffective|p1a: Clefable|1
|-damage|p1a: Clefable|40/100
|-damage|p2a: Mamoswine|4/100|[from] item: Life Orb
|move|p1b: Hatterene|Dazzling Gleam|p2a: Mamoswine|[spread] p2a,p2b
|-damage|p2a: Mamoswine|0 fnt
|-damage|p2b: Primarina|36/100
|-enditem|p2b: Primarina|Sitrus Berry|[eat]
|-heal|p2b: Primarina|61/100|[from] item: Sitrus Berry
|faint|p2a: Mamoswine
|-damage|p1b: Hatterene|80/100|[from] item: Life Orb
|move|p1a: Clefable|Air Slash|p2b: Primarina
|-damage|p2b: Primarina|37/100
|move|p2b: Primarina|Hyper Voice|p1a: Clefable|[spread] p1a,p1b
|-damage|p1a: Clefable|5/100
|-damage|p1b: Hatterene|29/100
|
|-fieldend|move: Trick Room
|upkeep
|-message|Miss buss buss forfeited.
|
|win|G3N13
|raw|Miss buss buss's rating: 1059 → 1044(-15 for losing)
|raw|G3N13's rating: 1123 → 1143(+20 for winning)
|l|☆Miss buss buss
|player|p1|
