|j|☆phoenix burner
|j|☆KodeBeast0526
|html|phoenix burnerKodeBeast0526    
|uhtml|bestof|Game 2 of a best-of-3
|t:|1785902360
|gametype|doubles
|player|p1|phoenix burner|170|1252
|player|p2|KodeBeast0526|wattson|1275
|gen|9
|tier|[Gen 9 Champions] VGC 2026 Reg M-B (Bo3)
|rated|
|rule|Species Clause: Limit one of each Pokémon
|rule|Item Clause: Limit 1 of each item
|clearpoke
|poke|p1|Camerupt, L50, M, shiny|
|poke|p1|Kingambit, L50, M, shiny|
|poke|p1|Basculegion, L50, M, shiny|
|poke|p1|Kangaskhan, L50, F, shiny|
|poke|p1|Glimmora, L50, M, shiny|
|poke|p1|Farigiraf, L50, F, shiny|
|poke|p2|Basculegion, L50, M|
|poke|p2|Garchomp, L50, F|
|poke|p2|Scizor, L50, F|
|poke|p2|Tyranitar, L50, F|
|poke|p2|Sneasler, L50, F|
|poke|p2|Corviknight, L50, F|
|teampreview|4
|showteam|p1|Camerupt||Cameruptite|SolidRock|HeatWave,EarthPower,Protect,AncientPower|Quiet||M|||50|]Kingambit||BlackGlasses|Defiant|KowtowCleave,IronHead,Protect,SuckerPunch|Adamant||M|||50|]Basculegion||MysticWater|Adaptability|WaveCrash,LastRespects,Protect,AquaJet|Adamant||M|||50|]Kangaskhan||LifeOrb|Scrappy|DoubleEdge,LowKick,IcePunch,FakeOut|Adamant||F|||50|]Glimmora||FocusSash|ToxicDebris|PowerGem,SludgeBomb,SpikyShield,EarthPower|Modest||M|||50|]Farigiraf||SitrusBerry|ArmorTail|Psychic,Thunderbolt,TrickRoom,HelpingHand|Bold||F|||50|
|showteam|p2|Basculegion||SitrusBerry|Adaptability|WaveCrash,LastRespects,AquaJet,Protect|Jolly||M|||50|]Garchomp||Garchompite|RoughSkin|EarthPower,DracoMeteor,PowerGem,Protect|Modest||F|||50|]Scizor||LifeOrb|Technician|BulletPunch,BugBite,SwordsDance,Protect|Adamant||F|||50|]Tyranitar||ChoiceScarf|SandStream|RockSlide,KnockOff,IcePunch,Superpower|Jolly||F|||50|]Sneasler||FocusSash|PoisonTouch|PoisonJab,CloseCombat,FakeOut,Protect|Jolly||F|||50|]Corviknight||Leftovers|MirrorArmor|IronHead,BraveBird,Tailwind,Protect|Impish||F|||50|
|inactive|Battle timer is ON: inactive players will automatically lose when time's up. (requested by phoenix burner)
|
|t:|1785902382
|teamsize|p1|4
|teamsize|p2|4
|start
|switch|p1a: Basculegion|Basculegion, L50, M, shiny|100/100
|switch|p1b: Farigiraf|Farigiraf, L50, F, shiny|100/100
|switch|p2a: Scizor|Scizor, L50, F|100/100
|switch|p2b: Tyranitar|Tyranitar, L50, F|100/100
|-weather|Sandstorm|[from] ability: Sand Stream|[of] p2b: Tyranitar
|turn|1
|
|t:|1785902397
|move|p2b: Tyranitar|Knock Off|p1b: Farigiraf
|-supereffective|p1b: Farigiraf|1
|-damage|p1b: Farigiraf|10/100
|-enditem|p1b: Farigiraf|Sitrus Berry|[from] move: Knock Off|[of] p2b: Tyranitar
|move|p1a: Basculegion|Wave Crash|p2b: Tyranitar
|-supereffective|p2b: Tyranitar|1
|-damage|p2b: Tyranitar|0 fnt
|faint|p2b: Tyranitar
|-damage|p1a: Basculegion|71/100|[from] Recoil
|move|p2a: Scizor|Bug Bite|p1b: Farigiraf
|-supereffective|p1b: Farigiraf|1
|-damage|p1b: Farigiraf|0 fnt
|faint|p1b: Farigiraf
|-damage|p2a: Scizor|90/100|[from] item: Life Orb
|
|-weather|Sandstorm|[upkeep]
|-damage|p1a: Basculegion|65/100|[from] Sandstorm
|upkeep
|
|t:|1785902414
|switch|p2b: Garchomp|Garchomp, L50, F|100/100
|switch|p1b: Kangaskhan|Kangaskhan, L50, F, shiny|100/100
|turn|2
|
|t:|1785902433
|move|p2b: Garchomp|Protect|p2b: Garchomp
|-singleturn|p2b: Garchomp|Protect
|move|p2a: Scizor|Protect|p2a: Scizor
|-singleturn|p2a: Scizor|Protect
|move|p1a: Basculegion|Wave Crash|p2a: Scizor
|-activate|p2a: Scizor|move: Protect
|move|p1b: Kangaskhan|Ice Punch|p2b: Garchomp
|-activate|p2b: Garchomp|move: Protect
|
|-weather|Sandstorm|[upkeep]
|-damage|p1a: Basculegion|59/100|[from] Sandstorm
|-damage|p1b: Kangaskhan|93/100|[from] Sandstorm
|upkeep
|turn|3
|
|t:|1785902455
|detailschange|p2b: Garchomp|Garchomp-Mega, L50, F
|-mega|p2b: Garchomp|Garchomp|Garchompite
|move|p1a: Basculegion|Protect|p1a: Basculegion
|-singleturn|p1a: Basculegion|Protect
|move|p2a: Scizor|Bullet Punch|p1b: Kangaskhan
|-damage|p1b: Kangaskhan|50/100g
|-damage|p2a: Scizor|80/100|[from] item: Life Orb
|move|p2b: Garchomp|Earth Power|p1b: Kangaskhan
|-damage|p1b: Kangaskhan|0 fnt
|faint|p1b: Kangaskhan
|
|-weather|Sandstorm|[upkeep]
|-damage|p1a: Basculegion|53/100|[from] Sandstorm
|upkeep
|
|t:|1785902469
|switch|p1b: Camerupt|Camerupt, L50, M, shiny|100/100
|turn|4
|
|t:|1785902487
|detailschange|p1b: Camerupt|Camerupt-Mega, L50, M, shiny
|-mega|p1b: Camerupt|Camerupt|Cameruptite
|move|p2b: Garchomp|Earth Power|p1b: Camerupt
|-supereffective|p1b: Camerupt|1
|-damage|p1b: Camerupt|0 fnt
|faint|p1b: Camerupt
|move|p1a: Basculegion|Wave Crash|p2b: Garchomp
|-damage|p2b: Garchomp|18/100
|-damage|p1a: Basculegion|27/100|[from] Recoil
|move|p2a: Scizor|Swords Dance|p2a: Scizor
|-boost|p2a: Scizor|atk|2
|
|-weather|Sandstorm|[upkeep]
|-damage|p1a: Basculegion|21/100|[from] Sandstorm
|upkeep
|turn|5
|
|t:|1785902508
|move|p1a: Basculegion|Aqua Jet|p2b: Garchomp
|-damage|p2b: Garchomp|0 fnt
|faint|p2b: Garchomp
|move|p2a: Scizor|Bullet Punch|p1a: Basculegion
|-resisted|p1a: Basculegion|1
|-damage|p1a: Basculegion|0 fnt
|faint|p1a: Basculegion
|-damage|p2a: Scizor|70/100|[from] item: Life Orb
|
|win|KodeBeast0526
||KodeBeast0526 is ready for game 3.
|inactive|phoenix burner has 30 seconds to confirm battle start!
||phoenix burner is ready for game 3.
|uhtml|next|Next: Game 3 of 3
