|j|☆undershucklee
|j|☆B1g b3luga
|html|undershuckleeB1g b3luga    
|uhtml|bestof|Game 1 of a best-of-3
|t:|1785687274
|gametype|doubles
|player|p1|undershucklee|2|1109
|player|p2|B1g b3luga|265|1223
|gen|9
|tier|[Gen 9 Champions] VGC 2026 Reg M-B (Bo3)
|rated|
|rule|Species Clause: Limit one of each Pokémon
|rule|Item Clause: Limit 1 of each item
|clearpoke
|poke|p1|Charizard, L50, M|
|poke|p1|Sylveon, L50, M|
|poke|p1|Whimsicott, L50, F|
|poke|p1|Typhlosion-Hisui, L50, F|
|poke|p1|Garchomp, L50, F|
|poke|p1|Milotic, L50, M|
|poke|p2|Sceptile, L50, M, shiny|
|poke|p2|Swampert, L50, M|
|poke|p2|Pelipper, L50, M|
|poke|p2|Sylveon, L50, F|
|poke|p2|Archaludon, L50, F|
|poke|p2|Basculegion, L50, M|
|teampreview|4
|showteam|p1|Charizard||CharizarditeY|Blaze|HeatWave,WeatherBall,SolarBeam,Protect|Modest||M|||50|]Sylveon||ChoiceScarf|Pixilate|HyperBeam,HyperVoice,ShadowBall,MysticalFire|Timid||M|||50|]Whimsicott||FocusSash|Prankster|Tailwind,Moonblast,SunnyDay,Encore|Timid||F|||50|]Typhlosion-Hisui||Charcoal|Blaze|Eruption,HeatWave,ShadowBall,Protect|Timid||F|||50|]Garchomp||WhiteHerb|RoughSkin|Earthquake,RockSlide,DragonClaw,Protect|Jolly||F|||50|]Milotic||Leftovers|Competitive|Protect,IcyWind,Scald,Recover|Modest||M|||50|
|showteam|p2|Sceptile||Sceptilite|Unburden|Detect,LeafStorm,DragonPulse,EarthPower|Timid||M|||50|]Swampert||Swampertite|Damp|WaveCrash,Earthquake,KnockOff,Protect|Adamant||M|||50|]Pelipper||FocusSash|Drizzle|WeatherBall,Tailwind,WideGuard,Hurricane|Timid||M|||50|]Sylveon||FairyFeather|Pixilate|HyperBeam,HyperVoice,QuickAttack,Detect|Modest||F|||50|]Archaludon||Leftovers|Stamina|FlashCannon,Protect,ElectroShot,DragonPulse|Timid||F|||50|]Basculegion||LifeOrb|Adaptability|WaveCrash,LastRespects,AquaJet,Protect|Adamant||M|||50|
|inactive|Battle timer is ON: inactive players will automatically lose when time's up. (requested by undershucklee)
|inactive|undershucklee has 60 seconds left.
|inactive|B1g b3luga has 60 seconds left.
|inactive|undershucklee has 30 seconds left.
|inactive|undershucklee has 20 seconds left.
|
|t:|1785687347
|teamsize|p1|4
|teamsize|p2|4
|start
|switch|p1a: Whimsicott|Whimsicott, L50, F|100/100
|switch|p1b: Charizard|Charizard, L50, M|100/100
|switch|p2a: Swampert|Swampert, L50, M|100/100
|switch|p2b: Sylveon|Sylveon, L50, F|100/100
|turn|1
|inactive|B1g b3luga has 30 seconds left.
|
|t:|1785687377
|switch|p2a: Archaludon|Archaludon, L50, F|100/100
|detailschange|p1b: Charizard|Charizard-Mega-Y, L50, M
|-mega|p1b: Charizard|Charizard|Charizardite Y
|-weather|SunnyDay|[from] ability: Drought|[of] p1b: Charizard
|move|p1a: Whimsicott|Tailwind|p1a: Whimsicott
|-sidestart|p1: undershucklee|move: Tailwind
|move|p1b: Charizard|Solar Beam||[still]
|-prepare|p1b: Charizard|Solar Beam
|-anim|p1b: Charizard|Solar Beam|p2a: Archaludon
|-resisted|p2a: Archaludon|2
|-damage|p2a: Archaludon|83/100
|-ability|p2a: Archaludon|Stamina|boost
|-boost|p2a: Archaludon|def|1
|move|p2b: Sylveon|Hyper Voice|p1b: Charizard|[spread] p1a,p1b
|-resisted|p1b: Charizard|1
|-damage|p1a: Whimsicott|12/100
|-damage|p1b: Charizard|72/100
|
|-weather|SunnyDay|[upkeep]
|-heal|p2a: Archaludon|89/100|[from] item: Leftovers
|upkeep
|turn|2
|inactive|undershucklee has 30 seconds left.
|
|t:|1785687403
|switch|p1a: Milotic|Milotic, L50, M|100/100
|switch|p2b: Pelipper|Pelipper, L50, M|100/100
|-weather|RainDance|[from] ability: Drizzle|[of] p2b: Pelipper
|move|p1b: Charizard|Weather Ball|p2a: Archaludon
|-resisted|p2a: Archaludon|1
|-damage|p2a: Archaludon|47/100
|-ability|p2a: Archaludon|Stamina|boost
|-boost|p2a: Archaludon|def|1
|move|p2a: Archaludon|Electro Shot||[still]
|-prepare|p2a: Archaludon|Electro Shot
|-boost|p2a: Archaludon|spa|1
|-anim|p2a: Archaludon|Electro Shot|p1a: Milotic
|-supereffective|p1a: Milotic|1
|-damage|p1a: Milotic|6/100
|
|-weather|RainDance|[upkeep]
|-heal|p1a: Milotic|12/100|[from] item: Leftovers
|-heal|p2a: Archaludon|53/100|[from] item: Leftovers
|upkeep
|turn|3
|inactive|undershucklee has 30 seconds left.
|
|t:|1785687431
|switch|p1b: Garchomp|Garchomp, L50, F|100/100
|move|p2a: Archaludon|Protect|p2a: Archaludon
|-singleturn|p2a: Archaludon|Protect
|move|p1a: Milotic|Recover|p1a: Milotic
|-heal|p1a: Milotic|62/100
|move|p2b: Pelipper|Tailwind|p2b: Pelipper
|-sidestart|p2: B1g b3luga|move: Tailwind
|
|-weather|RainDance|[upkeep]
|-heal|p2a: Archaludon|59/100|[from] item: Leftovers
|-heal|p1a: Milotic|68/100|[from] item: Leftovers
|upkeep
|turn|4
|inactive|B1g b3luga has 30 seconds left.
|inactive|B1g b3luga has 20 seconds left.
|inactive|B1g b3luga has 15 seconds left.
|inactive|B1g b3luga has 10 seconds left.
|inactive|B1g b3luga has 5 seconds left.
|
|t:|1785687483
|switch|p2b: Sylveon|Sylveon, L50, F|100/100
|move|p1b: Garchomp|Rock Slide|p2a: Archaludon|[spread] p2b
|-miss|p1b: Garchomp|p2a: Archaludon
|-damage|p2b: Sylveon|76/100
|move|p2a: Archaludon|Dragon Pulse|p1b: Garchomp
|-supereffective|p1b: Garchomp|1
|-damage|p1b: Garchomp|0 fnt
|faint|p1b: Garchomp
|move|p1a: Milotic|Recover|p1a: Milotic
|-heal|p1a: Milotic|100/100
|
|-weather|RainDance|[upkeep]
|-heal|p2a: Archaludon|65/100|[from] item: Leftovers
|-sideend|p1: undershucklee|move: Tailwind
|upkeep
|
|t:|1785687498
|switch|p1b: Whimsicott|Whimsicott, L50, F|12/100
|turn|5
|inactive|B1g b3luga has 30 seconds left.
|inactive|B1g b3luga has 20 seconds left.
|inactive|B1g b3luga has 15 seconds left.
|inactive|B1g b3luga has 10 seconds left.
|inactive|B1g b3luga has 5 seconds left.
|
|t:|1785687554
|move|p1a: Milotic|Protect|p1a: Milotic
|-singleturn|p1a: Milotic|Protect
|move|p1b: Whimsicott|Tailwind|p1b: Whimsicott
|-sidestart|p1: undershucklee|move: Tailwind
|move|p2a: Archaludon|Flash Cannon|p1a: Milotic
|-activate|p1a: Milotic|move: Protect
|move|p2b: Sylveon|Hyper Beam|p1b: Whimsicott
|-damage|p1b: Whimsicott|0 fnt
|-mustrecharge|p2b: Sylveon
|faint|p1b: Whimsicott
|
|-weather|RainDance|[upkeep]
|-heal|p2a: Archaludon|71/100|[from] item: Leftovers
|upkeep
|
|t:|1785687565
|switch|p1b: Charizard|Charizard-Mega-Y, L50, M|72/100
|-weather|SunnyDay|[from] ability: Drought|[of] p1b: Charizard
|turn|6
|
|t:|1785687583
|move|p1b: Charizard|Heat Wave|p2b: Sylveon|[spread] p2a,p2b
|-damage|p2a: Archaludon|0 fnt
|-damage|p2b: Sylveon|19/100
|faint|p2a: Archaludon
|move|p1a: Milotic|Scald|p2b: Sylveon
|-damage|p2b: Sylveon|4/100
|cant|p2b: Sylveon|recharge
|
|-weather|SunnyDay|[upkeep]
|-sideend|p2: B1g b3luga|move: Tailwind
|upkeep
|
|t:|1785687587
|switch|p2a: Pelipper|Pelipper, L50, M|100/100
|-weather|RainDance|[from] ability: Drizzle|[of] p2a: Pelipper
|turn|7
|
|t:|1785687604
|move|p1b: Charizard|Weather Ball|p2a: Pelipper
|-resisted|p2a: Pelipper|1
|-damage|p2a: Pelipper|46/100
|move|p1a: Milotic|Icy Wind|p2a: Pelipper|[spread] p2a,p2b
|-damage|p2a: Pelipper|22/100
|-damage|p2b: Sylveon|0 fnt
|-unboost|p2a: Pelipper|spe|1
|faint|p2b: Sylveon
|move|p2a: Pelipper|Weather Ball|p1b: Charizard
|-supereffective|p1b: Charizard|1
|-damage|p1b: Charizard|0 fnt
|faint|p1b: Charizard
|
|-weather|RainDance|[upkeep]
|upkeep
|
|t:|1785687610
|switch|p2b: Swampert|Swampert, L50, M|100/100
|turn|8
|
|t:|1785687622
|detailschange|p2b: Swampert|Swampert-Mega, L50, M
|-mega|p2b: Swampert|Swampert|Swampertite
|move|p2b: Swampert|Earthquake|p1a: Milotic|[spread] p1a
|-immune|p2a: Pelipper
|-damage|p1a: Milotic|49/100
|move|p1a: Milotic|Icy Wind|p2a: Pelipper|[spread] p2a,p2b
|-damage|p2a: Pelipper|0 fnt
|-damage|p2b: Swampert|89/100
|-unboost|p2b: Swampert|spe|1
|faint|p2a: Pelipper
|
|-weather|RainDance|[upkeep]
|-heal|p1a: Milotic|54/100|[from] item: Leftovers
|-sideend|p1: undershucklee|move: Tailwind
|upkeep
|turn|9
|
|t:|1785687638
|move|p1a: Milotic|Protect|p1a: Milotic
|-singleturn|p1a: Milotic|Protect
|move|p2b: Swampert|Earthquake|p1a: Milotic
|-activate|p1a: Milotic|move: Protect
|
|-weather|RainDance|[upkeep]
|-heal|p1a: Milotic|60/100|[from] item: Leftovers
|upkeep
|turn|10
|
|t:|1785687645
|move|p2b: Swampert|Earthquake|p1a: Milotic
|-damage|p1a: Milotic|0 fnt
|faint|p1a: Milotic
|
|win|B1g b3luga
|l|☆B1g b3luga
|player|p2|
||undershucklee is ready for game 2.
|l|☆undershucklee
|player|p1|
||B1g b3luga is ready for game 2.
|uhtml|next|Next: Game 2 of 3
