|j|☆komsu
|j|☆Baronismo
|html|komsuBaronismo    
|uhtml|bestof|Game 2 of a best-of-3
|t:|1783855555
|gametype|doubles
|player|p1|komsu|gambler|1232
|player|p2|Baronismo|depotagent|1207
|gen|9
|tier|[Gen 9 Champions] VGC 2026 Reg M-B (Bo3)
|rated|
|rule|Species Clause: Limit one of each Pokémon
|rule|Item Clause: Limit 1 of each item
|clearpoke
|poke|p1|Kingambit, L50, F|
|poke|p1|Charizard, L50, M|
|poke|p1|Aerodactyl, L50, F|
|poke|p1|Incineroar, L50, M|
|poke|p1|Garchomp, L50, F|
|poke|p1|Sylveon, L50, M|
|poke|p2|Charizard, L50, F|
|poke|p2|Toxapex, L50, M|
|poke|p2|Venusaur, L50, M|
|poke|p2|Hydreigon, L50, F|
|poke|p2|Mamoswine, L50, M|
|poke|p2|Incineroar, L50, M|
|teampreview|4
|showteam|p1|Kingambit||FocusSash|Defiant|KowtowCleave,IronHead,SuckerPunch,LowKick|Adamant||F|||50|]Charizard||CharizarditeY|Blaze|HeatWave,SolarBeam,WeatherBall,Protect|Modest||M|||50|]Aerodactyl||Aerodactylite|Unnerve|RockSlide,DualWingbeat,Protect,Tailwind|Jolly||F|||50|]Incineroar||SitrusBerry|Intimidate|FlareBlitz,FakeOut,PartingShot,DarkestLariat|Careful||M|||50|]Garchomp||LifeOrb|RoughSkin|Earthquake,DragonClaw,RockSlide,Protect|Jolly||F|||50|]Sylveon||FairyFeather|Pixilate|HyperVoice,HyperBeam,QuickAttack,Protect|Modest||M|||50|
|showteam|p2|Charizard||CharizarditeY|Blaze|HeatWave,WeatherBall,HelpingHand,Protect|Serious||F|||50|]Toxapex||Leftovers|Regenerator|Infestation,Toxic,WideGuard,BanefulBunker|Bold||M|||50|]Venusaur||LifeOrb|Chlorophyll|SolarBeam,SludgeBomb,EarthPower,Protect|Modest||M|||50|]Hydreigon||ChoiceScarf|Levitate|DracoMeteor,Snarl,DarkPulse,EarthPower|Modest||F|||50|]Mamoswine||FocusSash|Oblivious|RockTomb,IceShard,HighHorsepower,Protect|Jolly||M|||50|]Incineroar||SitrusBerry|Intimidate|FakeOut,FlareBlitz,ThroatChop,PartingShot|Careful||M|||50|
|inactive|Battle timer is ON: inactive players will automatically lose when time's up. (requested by Baronismo)
|
|t:|1783855588
|teamsize|p1|4
|teamsize|p2|4
|start
|switch|p1a: Kingambit|Kingambit, L50, F|100/100
|switch|p1b: Aerodactyl|Aerodactyl, L50, F|100/100
|switch|p2a: Charizard|Charizard, L50, F|100/100
|switch|p2b: Venusaur|Venusaur, L50, M|100/100
|-ability|p1b: Aerodactyl|Unnerve
|turn|1
|
|t:|1783855610
|detailschange|p2a: Charizard|Charizard-Mega-Y, L50, F
|-mega|p2a: Charizard|Charizard|Charizardite Y
|-weather|SunnyDay|[from] ability: Drought|[of] p2a: Charizard
|move|p1b: Aerodactyl|Protect|p1b: Aerodactyl
|-singleturn|p1b: Aerodactyl|Protect
|move|p2b: Venusaur|Solar Beam||[still]
|-prepare|p2b: Venusaur|Solar Beam
|-anim|p2b: Venusaur|Solar Beam|p1b: Aerodactyl
|-activate|p1b: Aerodactyl|move: Protect
|move|p2a: Charizard|Heat Wave|p1a: Kingambit|[spread] 
|-activate|p1b: Aerodactyl|move: Protect
|-miss|p2a: Charizard|p1a: Kingambit
|move|p1a: Kingambit|Kowtow Cleave|p2b: Venusaur
|-damage|p2b: Venusaur|31/100
|
|-weather|SunnyDay|[upkeep]
|upkeep
|turn|2
|inactive|komsu has 30 seconds left.
|
|t:|1783855636
|switch|p2b: Toxapex|Toxapex, L50, M|100/100
|move|p2a: Charizard|Protect|p2a: Charizard
|-singleturn|p2a: Charizard|Protect
|move|p1a: Kingambit|Sucker Punch||[still]
|-fail|p1a: Kingambit
|move|p1b: Aerodactyl|Rock Slide|p2b: Toxapex|[spread] p2b
|-activate|p2a: Charizard|move: Protect
|-crit|p2b: Toxapex
|-damage|p2b: Toxapex|78/100
|
|-weather|SunnyDay|[upkeep]
|-heal|p2b: Toxapex|84/100|[from] item: Leftovers
|upkeep
|turn|3
|inactive|komsu has 30 seconds left.
|
|t:|1783855664
|detailschange|p1b: Aerodactyl|Aerodactyl-Mega, L50, F
|-mega|p1b: Aerodactyl|Aerodactyl|Aerodactylite
|move|p2b: Toxapex|Wide Guard|p2b: Toxapex
|-singleturn|p2b: Toxapex|Wide Guard
|move|p1b: Aerodactyl|Tailwind|p1b: Aerodactyl
|-sidestart|p1: komsu|move: Tailwind
|move|p1a: Kingambit|Kowtow Cleave|p2a: Charizard
|-damage|p2a: Charizard|56/100
|move|p2a: Charizard|Heat Wave|p1a: Kingambit|[spread] p1a,p1b
|-supereffective|p1a: Kingambit|1
|-resisted|p1b: Aerodactyl|1
|-enditem|p1a: Kingambit|Focus Sash
|-damage|p1a: Kingambit|1/100
|-damage|p1b: Aerodactyl|72/100
|-status|p1a: Kingambit|brn
|
|-weather|SunnyDay|[upkeep]
|-heal|p2b: Toxapex|90/100|[from] item: Leftovers
|-damage|p1a: Kingambit|0 fnt|[from] brn
|faint|p1a: Kingambit
|upkeep
|
|t:|1783855680
|switch|p1a: Garchomp|Garchomp, L50, F|100/100
|turn|4
|
|t:|1783855692
|switch|p2a: Mamoswine|Mamoswine, L50, M|100/100
|move|p2b: Toxapex|Baneful Bunker|p2b: Toxapex
|-singleturn|p2b: Toxapex|move: Protect
|move|p1b: Aerodactyl|Dual Wingbeat|p2b: Toxapex
|-activate|p2b: Toxapex|move: Protect
|-status|p1b: Aerodactyl|psn
|move|p1a: Garchomp|Dragon Claw|p2b: Toxapex
|-activate|p2b: Toxapex|move: Protect
|-status|p1a: Garchomp|psn
|
|-weather|SunnyDay|[upkeep]
|-heal|p2b: Toxapex|96/100|[from] item: Leftovers
|-damage|p1b: Aerodactyl|60/100 psn|[from] psn
|-damage|p1a: Garchomp|87/100 psn|[from] psn
|upkeep
|turn|5
|-message|komsu forfeited.
|
|win|Baronismo
|raw|komsu's rating: 1232 → 1205(-27 for losing)
|raw|Baronismo's rating: 1207 → 1234(+27 for winning)
|l|☆komsu
|player|p1|
|l|☆Baronismo
|player|p2|
|j|☆komsu
|player|p1|komsu|gambler|
