|j|☆whatshaniniiiii
|j|☆fou jedi jedi
|html|whatshaniniiiiifou jedi jedi    
|uhtml|bestof|Game 2 of a best-of-3
|t:|1756502272
|gametype|doubles
|player|p1|whatshaniniiiii|101|1051
|player|p2|fou jedi jedi|266|1101
|gen|9
|tier|[Gen 9] VGC 2025 Reg H (Bo3)
|rated|
|rule|Species Clause: Limit one of each Pokémon
|rule|Item Clause: Limit 1 of each item
|clearpoke
|poke|p1|Tyranitar, L50, F|
|poke|p1|Sneasler, L50, F|
|poke|p1|Talonflame, L50, M|
|poke|p1|Indeedee, L50, M|
|poke|p1|Amoonguss, L50, F|
|poke|p1|Garchomp, L50, F|
|poke|p2|Dragapult, L50, M|
|poke|p2|Whimsicott, L50, F|
|poke|p2|Rillaboom, L50, M|
|poke|p2|Volcarona, L50, F|
|poke|p2|Ursaluna-Bloodmoon, L50, M|
|poke|p2|Incineroar, L50, M|
|teampreview|4
|showteam|p1|Tyranitar||ChoiceScarf|SandStream|RockSlide,KnockOff,LowKick,HighHorsepower|||F|||50|,,,,,Flying]Sneasler||PsychicSeed|Unburden|CloseCombat,DireClaw,ThroatChop,Protect|||F|||50|,,,,,Dark]Talonflame||SafetyGoggles|GaleWings|BraveBird,Taunt,WillOWisp,Tailwind|||M|||50|,,,,,Flying]Indeedee||FocusSash|PsychicSurge|TrickRoom,ExpandingForce,Imprison,TeraBlast|||M|||50|,,,,,Fighting]Amoonguss||RockyHelmet|Regenerator|Spore,RagePowder,ClearSmog,Protect|||F|||50|,,,,,Water]Garchomp||LifeOrb|SandVeil|Earthquake,RockSlide,DragonClaw,Protect|||F|||50|,,,,,Dragon
|showteam|p2|Dragapult||ChoiceBand|ClearBody|DragonDarts,TeraBlast,PhantomForce,Uturn|||M|||50|,,,,,Dark]Whimsicott||CovertCloak|Prankster|Moonblast,Encore,Protect,Tailwind|||F|||50|,,,,,Fairy]Rillaboom||AssaultVest|GrassySurge|FakeOut,WoodHammer,Uturn,StompingTantrum|||M|||50|,,,,,Ground]Volcarona||GrassySeed|FlameBody|FieryDance,QuiverDance,Protect,GigaDrain|||F|||50|,,,,,Grass]Ursaluna-Bloodmoon||LifeOrb|MindsEye|BloodMoon,EarthPower,HyperVoice,Protect|||M|||50|,,,,,Normal]Incineroar||SafetyGoggles|Intimidate|Protect,FlareBlitz,PartingShot,FakeOut|||M|||50|,,,,,Bug
|inactive|Battle timer is ON: inactive players will automatically lose when time's up. (requested by fou jedi jedi)
|inactive|whatshaniniiiii has 60 seconds left.
|inactive|fou jedi jedi has 60 seconds left.
|inactive|whatshaniniiiii has 30 seconds left.
|inactive|whatshaniniiiii has 20 seconds left.
|inactive|whatshaniniiiii has 15 seconds left.
|inactive|whatshaniniiiii has 10 seconds left.
|
|t:|1756502357
|teamsize|p1|4
|teamsize|p2|4
|start
|switch|p1a: Talonflame|Talonflame, L50, M|100/100
|switch|p1b: Tyranitar|Tyranitar, L50, F|100/100
|switch|p2a: Volcarona|Volcarona, L50, F|100/100
|switch|p2b: Whimsicott|Whimsicott, L50, F|100/100
|-weather|Sandstorm|[from] ability: Sand Stream|[of] p1b: Tyranitar
|turn|1
|
|t:|1756502382
|-terastallize|p2a: Volcarona|Grass
|move|p1a: Talonflame|Tailwind|p1a: Talonflame
|-sidestart|p1: whatshaniniiiii|move: Tailwind
|move|p2b: Whimsicott|Tailwind|p2b: Whimsicott
|-sidestart|p2: fou jedi jedi|move: Tailwind
|move|p1b: Tyranitar|Rock Slide|p2b: Whimsicott|[spread] p2a,p2b
|-damage|p2a: Volcarona|61/100
|-damage|p2b: Whimsicott|51/100
|move|p2a: Volcarona|Giga Drain|p1b: Tyranitar
|-supereffective|p1b: Tyranitar
|-damage|p1b: Tyranitar|44/100
|-heal|p2a: Volcarona|92/100|[from] drain|[of] p1b: Tyranitar
|
|-weather|Sandstorm|[upkeep]
|-damage|p2b: Whimsicott|45/100|[from] Sandstorm
|-damage|p2a: Volcarona|85/100|[from] Sandstorm
|upkeep
|turn|2
|inactive|fou jedi jedi has 30 seconds left.
|
|t:|1756502417
|switch|p1b: Indeedee|Indeedee, L50, M|100/100
|-fieldstart|move: Psychic Terrain|[from] ability: Psychic Surge|[of] p1b: Indeedee
|move|p2a: Volcarona|Protect|p2a: Volcarona
|-singleturn|p2a: Volcarona|Protect
|move|p1a: Talonflame|Brave Bird|p2a: Volcarona
|-activate|p2a: Volcarona|move: Psychic Terrain
|move|p2b: Whimsicott|Moonblast|p1a: Talonflame
|-resisted|p1a: Talonflame
|-damage|p1a: Talonflame|74/100
|
|-weather|Sandstorm|[upkeep]
|-damage|p2b: Whimsicott|39/100|[from] Sandstorm
|-damage|p1b: Indeedee|95/100|[from] Sandstorm
|-damage|p2a: Volcarona|79/100|[from] Sandstorm
|upkeep
|turn|3
|
|t:|1756502439
|switch|p2a: Dragapult|Dragapult, L50, M|100/100
|move|p2b: Whimsicott|Protect|p2b: Whimsicott
|-singleturn|p2b: Whimsicott|Protect
|move|p1a: Talonflame|Brave Bird|p2b: Whimsicott
|-activate|p2b: Whimsicott|move: Protect
|move|p1b: Indeedee|Expanding Force|p2a: Dragapult|[spread] p2a
|-activate|p2b: Whimsicott|move: Protect
|-damage|p2a: Dragapult|28/100
|
|-weather|Sandstorm|[upkeep]
|-damage|p2a: Dragapult|22/100|[from] Sandstorm
|-damage|p2b: Whimsicott|33/100|[from] Sandstorm
|-damage|p1b: Indeedee|89/100|[from] Sandstorm
|upkeep
|turn|4
|inactive|whatshaniniiiii has 30 seconds left.
|inactive|fou jedi jedi has 30 seconds left.
|
|t:|1756502471
|switch|p1a: Tyranitar|Tyranitar, L50, F|44/100
|move|p2a: Dragapult|Dragon Darts|p1b: Indeedee
|-damage|p1b: Indeedee|4/100
|-anim|p2a: Dragapult|Dragon Darts|p1a: Tyranitar
|-damage|p1a: Tyranitar|5/100
|move|p2b: Whimsicott|Moonblast|p1b: Indeedee
|-damage|p1b: Indeedee|0 fnt
|faint|p1b: Indeedee
|
|-weather|Sandstorm|[upkeep]
|-damage|p2a: Dragapult|16/100|[from] Sandstorm
|-damage|p2b: Whimsicott|27/100|[from] Sandstorm
|-sideend|p2: fou jedi jedi|move: Tailwind
|-sideend|p1: whatshaniniiiii|move: Tailwind
|upkeep
|inactive|whatshaniniiiii has 30 seconds left.
|
|t:|1756502505
|switch|p1b: Sneasler|Sneasler, L50, F|100/100
|-enditem|p1b: Sneasler|Psychic Seed
|-boost|p1b: Sneasler|spd|1|[from] item: Psychic Seed
|turn|5
|
|t:|1756502517
|move|p1b: Sneasler|Protect|p1b: Sneasler
|-singleturn|p1b: Sneasler|Protect
|move|p2b: Whimsicott|Tailwind|p2b: Whimsicott
|-sidestart|p2: fou jedi jedi|move: Tailwind
|move|p2a: Dragapult|Dragon Darts|p1a: Tyranitar
|-damage|p1a: Tyranitar|0 fnt
|faint|p1a: Tyranitar
|
|-weather|none
|upkeep
|
|t:|1756502523
|switch|p1a: Talonflame|Talonflame, L50, M|74/100
|turn|6
|
|t:|1756502546
|move|p2a: Dragapult|Dragon Darts|p1b: Sneasler
|-damage|p1b: Sneasler|33/100
|-anim|p2a: Dragapult|Dragon Darts|p1a: Talonflame
|-damage|p1a: Talonflame|13/100
|move|p2b: Whimsicott|Moonblast|p1b: Sneasler
|-damage|p1b: Sneasler|0 fnt
|faint|p1b: Sneasler
|move|p1a: Talonflame|Tailwind|p1a: Talonflame
|-sidestart|p1: whatshaniniiiii|move: Tailwind
|
|-fieldend|move: Psychic Terrain
|upkeep
|turn|7
|
|t:|1756502565
|move|p2b: Whimsicott|Encore|p1a: Talonflame
|-start|p1a: Talonflame|Encore
|move|p1a: Talonflame|Tailwind||[still]
|-fail|p1a: Talonflame
|move|p2a: Dragapult|Dragon Darts|p1a: Talonflame
|-damage|p1a: Talonflame|0 fnt
|faint|p1a: Talonflame
|
|win|fou jedi jedi
