|j|☆WillE_VGC
|j|☆epom158
|html|WillE_VGCepom158    
|uhtml|bestof|Game 1 of a best-of-3
|t:|1783649375
|gametype|doubles
|player|p1|WillE_VGC|#dpl9spectralthieves|
|player|p2|epom158|1|
|gen|9
|tier|[Gen 9 Champions] VGC 2026 Reg M-B (Bo3)
|rule|Species Clause: Limit one of each Pokémon
|rule|Item Clause: Limit 1 of each item
|clearpoke
|poke|p1|Venusaur, L50, M|
|poke|p1|Charizard, L50, F|
|poke|p1|Mamoswine, L50, M|
|poke|p1|Garchomp, L50, F|
|poke|p1|Incineroar, L50, M|
|poke|p1|Sylveon, L50, M, shiny|
|poke|p2|Kingambit, L50, F|
|poke|p2|Sneasler, L50, M|
|poke|p2|Incineroar, L50, M|
|poke|p2|Sinistcha, L50|
|poke|p2|Floette-Eternal, L50, F|
|poke|p2|Delphox, L50, F|
|teampreview|4
|showteam|p1|Venusaur||LifeOrb|Chlorophyll|SolarBeam,SludgeBomb,EarthPower,Protect|Modest||M|||50|]Charizard||CharizarditeY|Blaze|WeatherBall,HeatWave,HelpingHand,Protect|Modest||F|||50|]Mamoswine||FocusSash|Oblivious|HighHorsepower,RockTomb,IceShard,Protect|Jolly||M|||50|]Garchomp||ChoiceScarf|RoughSkin|Earthquake,DragonClaw,RockSlide,IronHead|Adamant||F|||50|]Incineroar||SitrusBerry|Intimidate|FakeOut,FlareBlitz,DarkestLariat,PartingShot|Careful||M|||50|]Sylveon||FairyFeather|Pixilate|HyperVoice,QuickAttack,Yawn,Detect|Modest||M|||50|
|showteam|p2|Kingambit||BlackGlasses|Defiant|KowtowCleave,SuckerPunch,SwordsDance,Protect|Adamant||F|||50|]Sneasler||FocusSash|PoisonTouch|FakeOut,DireClaw,CloseCombat,Protect|Jolly||M|||50|]Incineroar||SitrusBerry|Intimidate|FlareBlitz,PartingShot,HelpingHand,FakeOut|Careful||M|||50|]Sinistcha||OccaBerry|Hospitality|MatchaGotcha,RagePowder,TrickRoom,Protect|Bold|||||50|]Floette-Eternal||Floettite|FlowerVeil|DazzlingGleam,DrainingKiss,CalmMind,Protect|Modest||F|||50|]Delphox||Delphoxite|Blaze|HeatWave,Psyshock,NastyPlot,Protect|Timid||F|||50|
|j| tyo
|c|☆epom158|glhf!
|j| 5wamp
|c|☆WillE_VGC|u2
|j| Drlawyer
|l| Drlawyer
|j| scott the wott
|j| K0nqueror
|
|t:|1783649482
|teamsize|p1|4
|teamsize|p2|4
|start
|switch|p1a: Charizard|Charizard, L50, F|100/100
|switch|p1b: Mamoswine|Mamoswine, L50, M|100/100
|switch|p2a: Delphox|Delphox, L50, F|100/100
|switch|p2b: Incineroar|Incineroar, L50, M|100/100
|-ability|p2b: Incineroar|Intimidate|boost
|-unboost|p1a: Charizard|atk|1
|-fail|p1b: Mamoswine|unboost|Attack|[from] ability: Oblivious|[of] p1b: Mamoswine
|turn|1
|l| K0nqueror
|j| K0nqueror
|l| scott the wott
|
|t:|1783649538
|detailschange|p2a: Delphox|Delphox-Mega, L50, F
|-mega|p2a: Delphox|Delphox|Delphoxite
|detailschange|p1a: Charizard|Charizard-Mega-Y, L50, F
|-mega|p1a: Charizard|Charizard|Charizardite Y
|-weather|SunnyDay|[from] ability: Drought|[of] p1a: Charizard
|move|p1b: Mamoswine|Protect|p1b: Mamoswine
|-singleturn|p1b: Mamoswine|Protect
|move|p2b: Incineroar|Fake Out|p1b: Mamoswine
|-activate|p1b: Mamoswine|move: Protect
|move|p2a: Delphox|Nasty Plot|p2a: Delphox
|-boost|p2a: Delphox|spa|2
|move|p1a: Charizard|Heat Wave|p2b: Incineroar|[spread] p2a,p2b
|-resisted|p2a: Delphox|1
|-resisted|p2b: Incineroar|1
|-damage|p2a: Delphox|72/100
|-damage|p2b: Incineroar|77/100
|
|-weather|SunnyDay|[upkeep]
|upkeep
|turn|2
|
|t:|1783649571
|move|p2a: Delphox|Protect|p2a: Delphox
|-singleturn|p2a: Delphox|Protect
|move|p1b: Mamoswine|High Horsepower|p2b: Incineroar
|-supereffective|p2b: Incineroar|1
|-damage|p2b: Incineroar|0 fnt
|faint|p2b: Incineroar
|move|p1a: Charizard|Heat Wave|p2a: Delphox
|-activate|p2a: Delphox|move: Protect
|
|-weather|SunnyDay|[upkeep]
|upkeep
|
|t:|1783649580
|switch|p2b: Sinistcha|Sinistcha, L50|100/100
|-heal|p2a: Delphox|97/100|[from] ability: Hospitality|[of] p2b: Sinistcha
|turn|3
|
|t:|1783649625
|switch|p1b: Incineroar|Incineroar, L50, M|100/100
|-ability|p1b: Incineroar|Intimidate|boost
|-unboost|p2a: Delphox|atk|1
|-unboost|p2b: Sinistcha|atk|1
|move|p2b: Sinistcha|Rage Powder|p2b: Sinistcha
|-singleturn|p2b: Sinistcha|move: Rage Powder
|move|p2a: Delphox|Heat Wave|p1a: Charizard|[spread] p1a,p1b
|-resisted|p1a: Charizard|1
|-resisted|p1b: Incineroar|1
|-damage|p1a: Charizard|42/100
|-damage|p1b: Incineroar|53/100
|move|p1a: Charizard|Heat Wave|p2a: Delphox|[spread] p2b
|-miss|p1a: Charizard|p2a: Delphox
|-supereffective|p2b: Sinistcha|1
|-crit|p2b: Sinistcha
|-enditem|p2b: Sinistcha|Occa Berry|[eat]
|-enditem|p2b: Sinistcha|Occa Berry|[weaken]
|-damage|p2b: Sinistcha|15/100
|
|-weather|SunnyDay|[upkeep]
|upkeep
|turn|4
|
|t:|1783649654
|move|p2a: Delphox|Protect|p2a: Delphox
|-singleturn|p2a: Delphox|Protect
|move|p2b: Sinistcha|Protect|p2b: Sinistcha
|-singleturn|p2b: Sinistcha|Protect
|move|p1a: Charizard|Heat Wave|p2a: Delphox|[spread] 
|-activate|p2a: Delphox|move: Protect
|-activate|p2b: Sinistcha|move: Protect
|move|p1b: Incineroar|Darkest Lariat|p2a: Delphox
|-activate|p2a: Delphox|move: Protect
|
|-weather|SunnyDay|[upkeep]
|upkeep
|turn|5
|j| Hsusidjdjdhd
|
|t:|1783649674
|move|p2b: Sinistcha|Rage Powder|p2b: Sinistcha
|-singleturn|p2b: Sinistcha|move: Rage Powder
|move|p2a: Delphox|Heat Wave|p1a: Charizard|[spread] p1a,p1b
|-resisted|p1a: Charizard|1
|-resisted|p1b: Incineroar|1
|-damage|p1a: Charizard|0 fnt
|-damage|p1b: Incineroar|5/100
|-enditem|p1b: Incineroar|Sitrus Berry|[eat]
|-heal|p1b: Incineroar|30/100|[from] item: Sitrus Berry
|faint|p1a: Charizard
|move|p1b: Incineroar|Darkest Lariat|p2b: Sinistcha
|-supereffective|p2b: Sinistcha|1
|-damage|p2b: Sinistcha|0 fnt
|faint|p2b: Sinistcha
|
|-weather|none
|upkeep
|
|t:|1783649689
|switch|p1a: Mamoswine|Mamoswine, L50, M|100/100
|switch|p2b: Sneasler|Sneasler, L50, M|100/100
|turn|6
|
|t:|1783649710
|move|p1a: Mamoswine|Protect|p1a: Mamoswine
|-singleturn|p1a: Mamoswine|Protect
|move|p2b: Sneasler|Fake Out|p1a: Mamoswine
|-activate|p1a: Mamoswine|move: Protect
|move|p2a: Delphox|Heat Wave|p1a: Mamoswine|[spread] p1b
|-activate|p1a: Mamoswine|move: Protect
|-resisted|p1b: Incineroar|1
|-damage|p1b: Incineroar|0 fnt
|faint|p1b: Incineroar
|
|upkeep
|j| scott the wott
|
|t:|1783649717
|switch|p1b: Garchomp|Garchomp, L50, F|100/100
|turn|7
|l| Hsusidjdjdhd
|
|t:|1783649752
|move|p1b: Garchomp|Rock Slide|p2b: Sneasler|[spread] p2a,p2b
|-supereffective|p2a: Delphox|1
|-resisted|p2b: Sneasler|1
|-damage|p2a: Delphox|35/100
|-damage|p2b: Sneasler|80/100
|move|p2a: Delphox|Heat Wave|p1b: Garchomp|[spread] p1a,p1b
|-supereffective|p1a: Mamoswine|1
|-resisted|p1b: Garchomp|1
|-enditem|p1a: Mamoswine|Focus Sash
|-damage|p1a: Mamoswine|1/100
|-damage|p1b: Garchomp|54/100
|cant|p2b: Sneasler|flinch
|move|p1a: Mamoswine|Rock Tomb|p2a: Delphox
|-supereffective|p2a: Delphox|1
|-damage|p2a: Delphox|0 fnt
|faint|p2a: Delphox
|
|upkeep
|turn|8
|
|t:|1783649771
|move|p2b: Sneasler|Protect|p2b: Sneasler
|-singleturn|p2b: Sneasler|Protect
|move|p1a: Mamoswine|Protect|p1a: Mamoswine
|-singleturn|p1a: Mamoswine|Protect
|move|p1b: Garchomp|Rock Slide|p2b: Sneasler
|-activate|p2b: Sneasler|move: Protect
|
|upkeep
|turn|9
|
|t:|1783649776
|move|p1a: Mamoswine|Ice Shard|p2b: Sneasler
|-damage|p2b: Sneasler|42/100
|move|p1b: Garchomp|Rock Slide|p2b: Sneasler
|-resisted|p2b: Sneasler|1
|-damage|p2b: Sneasler|20/100y
|move|p2b: Sneasler|Dire Claw|p1a: Mamoswine
|-resisted|p1a: Mamoswine|1
|-damage|p1a: Mamoswine|0 fnt
|faint|p1a: Mamoswine
|
|upkeep
|turn|10
|
|t:|1783649785
|move|p1b: Garchomp|Rock Slide|p2b: Sneasler
|-resisted|p2b: Sneasler|1
|-damage|p2b: Sneasler|0 fnt
|faint|p2b: Sneasler
|
|win|WillE_VGC
||epom158 is ready for game 2.
||WillE_VGC is ready for game 2.
|uhtml|next|Next: Game 2 of 3
|j| Shsjsjdjdhd
|l| Shsjsjdjdhd
|j| Sjsjshddh
|l| Sjsjshddh
|l| K0nqueror
|j| Drlawyer
|l| Drlawyer
|l| tyo
|l|☆WillE_VGC
|player|p1|
|j| Drlawyer
|l| Drlawyer
|j| bruhnson
|l| bruhnson
|l|☆epom158
|player|p2|
|j|☆epom158
|player|p2|epom158|1|
