|j|☆goatdengo80
|j|☆viatles
|html|goatdengo80viatles    
|uhtml|bestof|Game 1 of a best-of-3
|t:|1784059102
|gametype|doubles
|player|p1|goatdengo80|artist|1070
|player|p2|viatles|hiker|1092
|gen|9
|tier|[Gen 9 Champions] VGC 2026 Reg M-B (Bo3)
|rated|
|rule|Species Clause: Limit one of each Pokémon
|rule|Item Clause: Limit 1 of each item
|clearpoke
|poke|p1|Floette-Eternal, L50, F|
|poke|p1|Incineroar, L50, F|
|poke|p1|Charizard, L50, M|
|poke|p1|Milotic, L50, M|
|poke|p1|Farigiraf, L50, M|
|poke|p1|Sinistcha, L50|
|poke|p2|Beedrill, L50, F, shiny|
|poke|p2|Milotic, L50, M, shiny|
|poke|p2|Ceruledge, L50, F|
|poke|p2|Sinistcha, L50|
|poke|p2|Hydreigon, L50, M|
|poke|p2|Lycanroc-Dusk, L50, M|
|teampreview|4
|showteam|p1|Floette-Eternal||Floettite|FlowerVeil|DrainingKiss,DazzlingGleam,CalmMind,Protect|Timid||F|||50|]Incineroar||ChopleBerry|Intimidate|FakeOut,ThroatChop,FlareBlitz,PartingShot|Adamant||F|||50|]Charizard||CharizarditeY|Blaze|HeatWave,WeatherBall,SolarBeam,Protect|Timid||M|||50|]Milotic||Leftovers|Competitive|MuddyWater,Hypnosis,Recover,Coil|Serious||M|||50|]Farigiraf||SitrusBerry|ArmorTail|TwinBeam,ShadowBall,Roar,TrickRoom|Quiet||M|||50|]Sinistcha||OccaBerry|Hospitality|MatchaGotcha,RagePowder,TrickRoom,Protect|Calm|||||50|
|showteam|p2|Beedrill||Beedrillite|Swarm|Uturn,DrillRun,PoisonJab,Protect|Jolly||F|||50|]Milotic||Leftovers|Competitive|IcyWind,Scald,Protect,LifeDew|Bold||M|||50|]Ceruledge||ColburBerry|FlashFire|Protect,BitterBlade,BulkUp,ShadowSneak|Adamant||F|||50|]Sinistcha||SitrusBerry|Hospitality|MatchaGotcha,RagePowder,Imprison,TrickRoom|Bold|||||50|]Hydreigon||ChoiceScarf|Levitate|DracoMeteor,DarkPulse,HeatWave,EarthPower|Modest||M|||50|]Lycanroc-Dusk||FocusSash|ToughClaws|Accelerock,CloseCombat,Protect,BrickBreak|Jolly||M|||50|
|c|☆viatles|gl hf
|inactive|Battle timer is ON: inactive players will automatically lose when time's up. (requested by viatles)
|inactive|viatles has 60 seconds left.
|
|t:|1784059145
|teamsize|p1|4
|teamsize|p2|4
|start
|switch|p1a: Floette|Floette-Eternal, L50, F|100/100
|switch|p1b: Milotic|Milotic, L50, M|100/100
|switch|p2a: Pentious|Milotic, L50, M, shiny|100/100
|switch|p2b: Malsumas|Beedrill, L50, F, shiny|100/100
|turn|1
|
|t:|1784059168
|detailschange|p2b: Malsumas|Beedrill-Mega, L50, F, shiny
|-mega|p2b: Malsumas|Beedrill|Beedrillite
|move|p1a: Floette|Protect|p1a: Floette
|-singleturn|p1a: Floette|Protect
|move|p2b: Malsumas|Poison Jab|p1a: Floette
|-activate|p1a: Floette|move: Protect
|move|p1b: Milotic|Coil|p1b: Milotic
|-boost|p1b: Milotic|atk|1
|-boost|p1b: Milotic|def|1
|-boost|p1b: Milotic|accuracy|1
|move|p2a: Pentious|Icy Wind|p1b: Milotic|[spread] p1b
|-activate|p1a: Floette|move: Protect
|-resisted|p1b: Milotic|1
|-damage|p1b: Milotic|96/100
|-unboost|p1b: Milotic|spe|1
|-ability|p1b: Milotic|Competitive|boost
|-boost|p1b: Milotic|spa|2
|
|-heal|p1b: Milotic|100/100|[from] item: Leftovers
|upkeep
|turn|2
|inactive|viatles has 30 seconds left.
|
|t:|1784059199
|switch|p1a: Incineroar|Incineroar, L50, F|100/100
|-ability|p1a: Incineroar|Intimidate|boost
|-unboost|p2a: Pentious|atk|1
|-ability|p2a: Pentious|Competitive|boost
|-boost|p2a: Pentious|spa|2
|-unboost|p2b: Malsumas|atk|1
|move|p2b: Malsumas|Poison Jab|p1a: Incineroar
|-damage|p1a: Incineroar|57/100
|move|p2a: Pentious|Icy Wind|p1a: Incineroar|[spread] p1a,p1b
|-resisted|p1a: Incineroar|1
|-resisted|p1b: Milotic|1
|-damage|p1a: Incineroar|47/100
|-damage|p1b: Milotic|93/100
|-unboost|p1a: Incineroar|spe|1
|-unboost|p1b: Milotic|spe|1
|-ability|p1b: Milotic|Competitive|boost
|-boost|p1b: Milotic|spa|2
|move|p1b: Milotic|Muddy Water|p2b: Malsumas|[spread] p2a,p2b
|-resisted|p2a: Pentious|1
|-damage|p2a: Pentious|75/100
|-damage|p2b: Malsumas|0 fnt
|faint|p2b: Malsumas
|
|-heal|p2a: Pentious|81/100|[from] item: Leftovers
|-heal|p1b: Milotic|99/100|[from] item: Leftovers
|upkeep
|
|t:|1784059219
|switch|p2b: Ceruledge|Ceruledge, L50, F|100/100
|turn|3
|
|t:|1784059237
|move|p2b: Ceruledge|Bulk Up|p2b: Ceruledge
|-boost|p2b: Ceruledge|atk|1
|-boost|p2b: Ceruledge|def|1
|move|p2a: Pentious|Scald|p1a: Incineroar
|-supereffective|p1a: Incineroar|1
|-damage|p1a: Incineroar|0 fnt
|faint|p1a: Incineroar
|move|p1b: Milotic|Muddy Water|p2a: Pentious|[spread] p2a,p2b
|-resisted|p2a: Pentious|1
|-supereffective|p2b: Ceruledge|1
|-damage|p2a: Pentious|59/100
|-damage|p2b: Ceruledge|0 fnt
|faint|p2b: Ceruledge
|
|-heal|p2a: Pentious|65/100|[from] item: Leftovers
|-heal|p1b: Milotic|100/100|[from] item: Leftovers
|upkeep
|
|t:|1784059250
|switch|p2b: Hydreigon|Hydreigon, L50, M|100/100
|switch|p1a: Floette|Floette-Eternal, L50, F|100/100
|turn|4
|inactive|goatdengo80 has 30 seconds left.
|
|t:|1784059277
|move|p1a: Floette|Protect|p1a: Floette
|-singleturn|p1a: Floette|Protect
|move|p2b: Hydreigon|Heat Wave|p1a: Floette|[spread] p1b
|-activate|p1a: Floette|move: Protect
|-resisted|p1b: Milotic|1
|-damage|p1b: Milotic|91/100
|move|p2a: Pentious|Scald|p1a: Floette
|-activate|p1a: Floette|move: Protect
|move|p1b: Milotic|Muddy Water|p2a: Pentious|[spread] p2a,p2b
|-resisted|p2a: Pentious|1
|-resisted|p2b: Hydreigon|1
|-crit|p2b: Hydreigon
|-damage|p2a: Pentious|41/100
|-damage|p2b: Hydreigon|38/100
|
|-heal|p2a: Pentious|47/100|[from] item: Leftovers
|-heal|p1b: Milotic|97/100|[from] item: Leftovers
|upkeep
|turn|5
|
|t:|1784059297
|detailschange|p1a: Floette|Floette-Mega, L50, F
|-mega|p1a: Floette|Floette|Floettite
|-ability|p1a: Floette|Fairy Aura
|move|p2b: Hydreigon|Heat Wave|p1a: Floette|[spread] p1b
|-miss|p2b: Hydreigon|p1a: Floette
|-resisted|p1b: Milotic|1
|-damage|p1b: Milotic|88/100
|move|p1a: Floette|Dazzling Gleam|p2b: Hydreigon|[spread] p2a,p2b
|-supereffective|p2b: Hydreigon|2
|-damage|p2a: Pentious|15/100
|-damage|p2b: Hydreigon|0 fnt
|faint|p2b: Hydreigon
|move|p2a: Pentious|Life Dew|p2a: Pentious
|-heal|p2a: Pentious|40/100
|move|p1b: Milotic|Muddy Water|p2a: Pentious
|-resisted|p2a: Pentious|1
|-damage|p2a: Pentious|7/100
|
|-heal|p2a: Pentious|14/100|[from] item: Leftovers
|-heal|p1b: Milotic|94/100|[from] item: Leftovers
|upkeep
|turn|6
|
|t:|1784059316
|move|p1a: Floette|Dazzling Gleam|p2a: Pentious
|-damage|p2a: Pentious|0 fnt
|faint|p2a: Pentious
|
|win|goatdengo80
||goatdengo80 is ready for game 2.
