|j|☆Canndle Stic
|j|☆Thinking Charizard
|html|Canndle SticThinking Charizard    
|uhtml|bestof|Game 2 of a best-of-3
|t:|1784757439
|gametype|doubles
|player|p1|Canndle Stic|1|1095
|player|p2|Thinking Charizard|colress|1207
|gen|9
|tier|[Gen 9 Champions] VGC 2026 Reg M-B (Bo3)
|rated|
|rule|Species Clause: Limit one of each Pokémon
|rule|Item Clause: Limit 1 of each item
|clearpoke
|poke|p1|Hydreigon, L50, M|
|poke|p1|Whimsicott, L50, M|
|poke|p1|Metagross, L50|
|poke|p1|Basculegion, L50, M|
|poke|p1|Rotom-Heat, L50|
|poke|p1|Ninetales-Alola, L50, F|
|poke|p2|Raichu, L50, M|
|poke|p2|Pelipper, L50, F|
|poke|p2|Archaludon, L50, M|
|poke|p2|Sinistcha, L50|
|poke|p2|Grimmsnarl, L50, M|
|poke|p2|Metagross, L50, shiny|
|teampreview|4
|showteam|p1|Hydreigon||LifeOrb|Levitate|DarkPulse,DragonPulse,Protect,EarthPower|Modest||M|||50|]Whimsicott||FocusSash|Prankster|Tailwind,Protect,HelpingHand,Moonblast|Timid||M|||50|]Metagross||Metagrossite|ClearBody|PsychicFangs,Protect,BulletPunch,IronHead|Adamant|||||50|]Basculegion||ChoiceScarf|Adaptability|WaveCrash,LastRespects,FlipTurn,AquaJet|Jolly||M|||50|]Rotom-Heat||SitrusBerry|Levitate|Overheat,Thunderbolt,WillOWisp,EerieImpulse|Timid|||||50|]Ninetales-Alola||LightClay|SnowWarning|Blizzard,Encore,Protect,FreezeDry|Timid||F|||50|
|showteam|p2|Raichu||RaichuniteY|Static|ZapCannon,FocusBlast,FakeOut,Protect|Timid||M|||50|]Pelipper||SitrusBerry|Drizzle|Tailwind,WideGuard,WeatherBall,Hurricane|Modest||F|||50|]Archaludon||Leftovers|Stamina|ElectroShot,FlashCannon,DragonPulse,Protect|Calm||M|||50|]Sinistcha||ColburBerry|Hospitality|RagePowder,MatchaGotcha,TrickRoom,LifeDew|Calm|||||50|]Grimmsnarl||LightClay|Prankster|LightScreen,Reflect,PartingShot,SpiritBreak|Careful||M|||50|]Metagross||Metagrossite|ClearBody|IronHead,PsychicFangs,BodyPress,Protect|Jolly|||||50|
|inactive|Battle timer is ON: inactive players will automatically lose when time's up. (requested by Canndle Stic)
|
|t:|1784757477
|teamsize|p1|4
|teamsize|p2|4
|start
|switch|p1a: Metagross|Metagross, L50|100/100
|switch|p1b: Basculegion|Basculegion, L50, M|100/100
|switch|p2a: Raichu|Raichu, L50, M|100/100
|switch|p2b: Grimmsnarl|Grimmsnarl, L50, M|100/100
|turn|1
|
|t:|1784757491
|detailschange|p2a: Raichu|Raichu-Mega-Y, L50, M
|-mega|p2a: Raichu|Raichu|Raichunite Y
|detailschange|p1a: Metagross|Metagross-Mega, L50
|-mega|p1a: Metagross|Metagross|Metagrossite
|move|p2b: Grimmsnarl|Reflect|p2b: Grimmsnarl
|-sidestart|p2: Thinking Charizard|Reflect
|move|p1b: Basculegion|Wave Crash|p2a: Raichu
|-damage|p2a: Raichu|18/100
|-damage|p1b: Basculegion|77/100|[from] Recoil
|move|p2a: Raichu|Zap Cannon|p1a: Metagross
|-damage|p1a: Metagross|49/100
|-status|p1a: Metagross|par
|move|p1a: Metagross|Iron Head|p2b: Grimmsnarl
|-supereffective|p2b: Grimmsnarl|1
|-damage|p2b: Grimmsnarl|1/100
|
|upkeep
|turn|2
|
|t:|1784757510
|switch|p2a: Archaludon|Archaludon, L50, M|100/100
|move|p2b: Grimmsnarl|Parting Shot|p1a: Metagross
|-unboost|p1a: Metagross|atk|1
|-unboost|p1a: Metagross|spa|1
|
|t:|1784757517
|switch|p2b: Pelipper|Pelipper, L50, F|100/100|[from] Parting Shot
|-weather|RainDance|[from] ability: Drizzle|[of] p2b: Pelipper
|move|p1a: Metagross|Bullet Punch|p2b: Pelipper
|-resisted|p2b: Pelipper|1
|-damage|p2b: Pelipper|92/100
|move|p1b: Basculegion|Wave Crash|p2a: Archaludon
|-resisted|p2a: Archaludon|1
|-damage|p2a: Archaludon|71/100
|-ability|p2a: Archaludon|Stamina|boost
|-boost|p2a: Archaludon|def|1
|-damage|p1b: Basculegion|68/100|[from] Recoil
|
|-weather|RainDance|[upkeep]
|-heal|p2a: Archaludon|77/100|[from] item: Leftovers
|upkeep
|turn|3
|
|t:|1784757536
|move|p1b: Basculegion|Wave Crash|p2b: Pelipper
|-resisted|p2b: Pelipper|1
|-damage|p2b: Pelipper|50/100g
|-damage|p1b: Basculegion|56/100|[from] Recoil
|move|p2a: Archaludon|Electro Shot||[still]
|-prepare|p2a: Archaludon|Electro Shot
|-boost|p2a: Archaludon|spa|1
|-anim|p2a: Archaludon|Electro Shot|p1a: Metagross
|-damage|p1a: Metagross|0 fnt
|faint|p1a: Metagross
|move|p2b: Pelipper|Weather Ball|p1b: Basculegion
|-resisted|p1b: Basculegion|1
|-damage|p1b: Basculegion|16/100
|
|-weather|RainDance|[upkeep]
|-heal|p2a: Archaludon|83/100|[from] item: Leftovers
|upkeep
|
|t:|1784757545
|switch|p1a: Ninetales|Ninetales-Alola, L50, F|100/100
|-weather|Snowscape|[from] ability: Snow Warning|[of] p1a: Ninetales
|turn|4
|inactive|Canndle Stic has 30 seconds left.
|inactive|Thinking Charizard has 30 seconds left.
|inactive|Canndle Stic has 20 seconds left.
|inactive|Canndle Stic has 15 seconds left.
|
|t:|1784757588
|move|p1b: Basculegion|Wave Crash|p2b: Pelipper
|-resisted|p2b: Pelipper|1
|-damage|p2b: Pelipper|20/100y
|-enditem|p2b: Pelipper|Sitrus Berry|[eat]
|-heal|p2b: Pelipper|45/100|[from] item: Sitrus Berry
|-damage|p1b: Basculegion|8/100|[from] Recoil
|move|p1a: Ninetales|Blizzard|p2a: Archaludon|[spread] p2a,p2b
|-crit|p2b: Pelipper
|-damage|p2a: Archaludon|63/100
|-damage|p2b: Pelipper|0 fnt
|-ability|p2a: Archaludon|Stamina|boost
|-boost|p2a: Archaludon|def|1
|faint|p2b: Pelipper
|move|p2a: Archaludon|Flash Cannon|p1a: Ninetales
|-supereffective|p1a: Ninetales|2
|-damage|p1a: Ninetales|0 fnt
|faint|p1a: Ninetales
|
|-weather|Snowscape|[upkeep]
|-heal|p2a: Archaludon|69/100|[from] item: Leftovers
|upkeep
|
|t:|1784757604
|switch|p1a: Rotom|Rotom-Heat, L50|100/100
|switch|p2b: Grimmsnarl|Grimmsnarl, L50, M|1/100
|turn|5
|
|t:|1784757620
|move|p2b: Grimmsnarl|Light Screen|p2b: Grimmsnarl
|-sidestart|p2: Thinking Charizard|move: Light Screen
|move|p1b: Basculegion|Wave Crash|p2b: Grimmsnarl
|-damage|p2b: Grimmsnarl|0 fnt
|faint|p2b: Grimmsnarl
|-damage|p1b: Basculegion|7/100|[from] Recoil
|move|p1a: Rotom|Eerie Impulse|p2a: Archaludon
|-unboost|p2a: Archaludon|spa|2
|move|p2a: Archaludon|Dragon Pulse|p1a: Rotom
|-damage|p1a: Rotom|75/100
|
|-weather|Snowscape|[upkeep]
|-heal|p2a: Archaludon|75/100|[from] item: Leftovers
|upkeep
|
|t:|1784757632
|switch|p2b: Raichu|Raichu-Mega-Y, L50, M|18/100
|turn|6
|inactive|Thinking Charizard has 30 seconds left.
|
|t:|1784757665
|move|p2b: Raichu|Fake Out|p1a: Rotom
|-damage|p1a: Rotom|66/100
|move|p1b: Basculegion|Wave Crash|p2b: Raichu
|-damage|p2b: Raichu|0 fnt
|faint|p2b: Raichu
|-damage|p1b: Basculegion|2/100|[from] Recoil
|cant|p1a: Rotom|flinch
|move|p2a: Archaludon|Dragon Pulse|p1a: Rotom
|-damage|p1a: Rotom|40/100
|-enditem|p1a: Rotom|Sitrus Berry|[eat]
|-heal|p1a: Rotom|65/100|[from] item: Sitrus Berry
|
|-weather|Snowscape|[upkeep]
|-heal|p2a: Archaludon|81/100|[from] item: Leftovers
|upkeep
|turn|7
|inactive|Canndle Stic has 30 seconds left.
|inactive|Canndle Stic has 20 seconds left.
|
|t:|1784757701
|move|p1b: Basculegion|Wave Crash|p2a: Archaludon
|-resisted|p2a: Archaludon|1
|-damage|p2a: Archaludon|72/100
|-ability|p2a: Archaludon|Stamina|boost
|-boost|p2a: Archaludon|def|1
|-damage|p1b: Basculegion|0 fnt|[from] Recoil
|faint|p1b: Basculegion
|move|p1a: Rotom|Eerie Impulse|p2a: Archaludon
|-unboost|p2a: Archaludon|spa|2
|move|p2a: Archaludon|Dragon Pulse|p1a: Rotom
|-damage|p1a: Rotom|50/100g
|
|-weather|Snowscape|[upkeep]
|-heal|p2a: Archaludon|78/100|[from] item: Leftovers
|upkeep
|turn|8
|
|t:|1784757721
|move|p1a: Rotom|Will-O-Wisp|p2a: Archaludon
|-status|p2a: Archaludon|brn
|move|p2a: Archaludon|Dragon Pulse|p1a: Rotom
|-damage|p1a: Rotom|35/100
|
|-weather|none
|-heal|p2a: Archaludon|84/100 brn|[from] item: Leftovers
|-damage|p2a: Archaludon|78/100 brn|[from] brn
|-sideend|p2: Thinking Charizard|Reflect
|upkeep
|turn|9
|
|t:|1784757732
|move|p1a: Rotom|Thunderbolt|p2a: Archaludon
|-resisted|p2a: Archaludon|1
|-crit|p2a: Archaludon
|-damage|p2a: Archaludon|55/100 brn
|-ability|p2a: Archaludon|Stamina|boost
|-boost|p2a: Archaludon|def|1
|move|p2a: Archaludon|Dragon Pulse|p1a: Rotom
|-damage|p1a: Rotom|17/100
|
|-heal|p2a: Archaludon|61/100 brn|[from] item: Leftovers
|-damage|p2a: Archaludon|55/100 brn|[from] brn
|upkeep
|turn|10
|
|t:|1784757744
|move|p1a: Rotom|Thunderbolt|p2a: Archaludon
|-resisted|p2a: Archaludon|1
|-damage|p2a: Archaludon|46/100 brn
|-ability|p2a: Archaludon|Stamina|boost
|-boost|p2a: Archaludon|def|1
|move|p2a: Archaludon|Dragon Pulse|p1a: Rotom
|-damage|p1a: Rotom|1/100
|
|-heal|p2a: Archaludon|52/100 brn|[from] item: Leftovers
|-damage|p2a: Archaludon|46/100 brn|[from] brn
|upkeep
|turn|11
|
|t:|1784757755
|move|p1a: Rotom|Overheat|p2a: Archaludon
|-damage|p2a: Archaludon|18/100 brn
|-unboost|p1a: Rotom|spa|2
|-ability|p2a: Archaludon|Stamina|boost
|-boost|p2a: Archaludon|def|1
|move|p2a: Archaludon|Dragon Pulse|p1a: Rotom
|-damage|p1a: Rotom|0 fnt
|faint|p1a: Rotom
|
|win|Thinking Charizard
|raw|Canndle Stic's rating: 1095 → 1078(-17 for losing)
|raw|Thinking Charizard's rating: 1207 → 1224(+17 for winning)
|c|☆Thinking Charizard|gg
