|j|☆ExessVGC
|j|☆Mattfact22
|html|ExessVGCMattfact22    
|uhtml|bestof|Game 1 of a best-of-3
|t:|1785450217
|gametype|doubles
|player|p1|ExessVGC|lucas|1152
|player|p2|Mattfact22|unknown|1000
|gen|9
|tier|[Gen 9 Champions] VGC 2026 Reg M-B (Bo3)
|rated|
|rule|Species Clause: Limit one of each Pokémon
|rule|Item Clause: Limit 1 of each item
|clearpoke
|poke|p1|Charizard, L50, F|
|poke|p1|Farigiraf, L50, F|
|poke|p1|Sylveon, L50, M|
|poke|p1|Kingambit, L50, M|
|poke|p1|Staraptor, L50, F|
|poke|p1|Whimsicott, L50, M|
|poke|p2|Barbaracle, L50, F|
|poke|p2|Sinistcha, L50|
|poke|p2|Corviknight, L50, M|
|poke|p2|Incineroar, L50, M|
|poke|p2|Venusaur, L50, M|
|poke|p2|Sableye, L50, F|
|teampreview|4
|showteam|p1|Charizard||CharizarditeX|Blaze|FlareBlitz,DragonClaw,ThunderPunch,DragonDance|Jolly||F|||50|]Farigiraf||SitrusBerry|ArmorTail|TrickRoom,TwinBeam,HelpingHand,Thunderbolt|Bold||F|||50|]Sylveon||FairyFeather|Pixilate|HyperVoice,HyperBeam,Protect,QuickAttack|Quiet||M|||50|]Kingambit||LifeOrb|Defiant|IronHead,LowKick,SuckerPunch,Protect|Adamant||M|||50|]Staraptor||Staraptite|Intimidate|CloseCombat,BraveBird,Roost,Protect|Jolly||F|||50|]Whimsicott||FocusSash|Prankster|FakeTears,CottonSpore,Moonblast,Protect|Timid||M|||50|
|showteam|p2|Barbaracle||WhiteHerb|ToughClaws|ShellSmash,RockSlide,Liquidation,Protect|Adamant||F|||50|]Sinistcha||SitrusBerry|Hospitality|MatchaGotcha,StunSpore,Protect,RagePowder|Bold|||||50|]Corviknight||Leftovers|MirrorArmor|Tailwind,Protect,BraveBird,Roost|Impish||M|||50|]Incineroar||ChopleBerry|Intimidate|FakeOut,PartingShot,FlareBlitz,Protect|Careful||M|||50|]Venusaur||Venusaurite|Chlorophyll|GigaDrain,SludgeBomb,EarthPower,Protect|Modest||M|||50|]Sableye||RoseliBerry|Prankster|Quash,WillOWisp,LightScreen,Recover|Calm||F|||50|
|inactive|Battle timer is ON: inactive players will automatically lose when time's up. (requested by Mattfact22)
|inactive|ExessVGC has 60 seconds left.
|inactive|Mattfact22 has 60 seconds left.
|
|t:|1785450270
|teamsize|p1|4
|teamsize|p2|4
|start
|switch|p1a: Kingambit|Kingambit, L50, M|100/100
|switch|p1b: Charizard|Charizard, L50, F|100/100
|switch|p2a: Barbaracle|Barbaracle, L50, F|100/100
|switch|p2b: Incineroar|Incineroar, L50, M|100/100
|-ability|p2b: Incineroar|Intimidate|boost
|-unboost|p1a: Kingambit|atk|1
|-ability|p1a: Kingambit|Defiant|boost
|-boost|p1a: Kingambit|atk|2
|-unboost|p1b: Charizard|atk|1
|turn|1
|inactive|ExessVGC has 30 seconds left.
|inactive|ExessVGC has 20 seconds left.
|
|t:|1785450306
|switch|p1b: Staraptor|Staraptor, L50, F|100/100
|-ability|p1b: Staraptor|Intimidate|boost
|-unboost|p2a: Barbaracle|atk|1
|-unboost|p2b: Incineroar|atk|1
|-enditem|p2a: Barbaracle|White Herb
|-clearnegativeboost|p2a: Barbaracle|[silent]
|move|p2a: Barbaracle|Shell Smash|p2a: Barbaracle
|-unboost|p2a: Barbaracle|def|1
|-unboost|p2a: Barbaracle|spd|1
|-boost|p2a: Barbaracle|atk|2
|-boost|p2a: Barbaracle|spa|2
|-boost|p2a: Barbaracle|spe|2
|move|p2b: Incineroar|Flare Blitz|p1a: Kingambit
|-supereffective|p1a: Kingambit|1
|-damage|p1a: Kingambit|53/100
|-damage|p2b: Incineroar|85/100|[from] Recoil
|move|p1a: Kingambit|Low Kick|p2a: Barbaracle
|-supereffective|p2a: Barbaracle|1
|-damage|p2a: Barbaracle|0 fnt
|faint|p2a: Barbaracle
|-damage|p1a: Kingambit|44/100|[from] item: Life Orb
|
|upkeep
|
|t:|1785450323
|switch|p2a: Sableye|Sableye, L50, F|100/100
|turn|2
|inactive|ExessVGC has 30 seconds left.
|inactive|Mattfact22 has 30 seconds left.
|inactive|Mattfact22 has 20 seconds left.
|
|t:|1785450360
|move|p1a: Kingambit|Protect|p1a: Kingambit
|-singleturn|p1a: Kingambit|Protect
|move|p2a: Sableye|Will-O-Wisp|p1b: Staraptor
|-status|p1b: Staraptor|brn
|move|p1b: Staraptor|Close Combat|p2b: Incineroar
|-supereffective|p2b: Incineroar|1
|-crit|p2b: Incineroar
|-enditem|p2b: Incineroar|Chople Berry|[eat]
|-enditem|p2b: Incineroar|Chople Berry|[weaken]
|-damage|p2b: Incineroar|60/100
|-unboost|p1b: Staraptor|def|1
|-unboost|p1b: Staraptor|spd|1
|move|p2b: Incineroar|Flare Blitz|p1a: Kingambit
|-activate|p1a: Kingambit|move: Protect
|
|-damage|p1b: Staraptor|93/100 brn|[from] brn
|upkeep
|turn|3
|
|t:|1785450382
|move|p2a: Sableye|Light Screen|p2a: Sableye
|-sidestart|p2: Mattfact22|move: Light Screen
|move|p1a: Kingambit|Sucker Punch||[still]
|-fail|p1a: Kingambit
|move|p1b: Staraptor|Close Combat|p2b: Incineroar
|-supereffective|p2b: Incineroar|1
|-crit|p2b: Incineroar
|-damage|p2b: Incineroar|17/100
|-unboost|p1b: Staraptor|def|1
|-unboost|p1b: Staraptor|spd|1
|move|p2b: Incineroar|Parting Shot|p1b: Staraptor
|-unboost|p1b: Staraptor|atk|1
|-unboost|p1b: Staraptor|spa|1
|
|t:|1785450392
|switch|p2b: Venusaur|Venusaur, L50, M|100/100|[from] Parting Shot
|
|-damage|p1b: Staraptor|87/100 brn|[from] brn
|upkeep
|turn|4
|
|t:|1785450416
|detailschange|p2b: Venusaur|Venusaur-Mega, L50, M
|-mega|p2b: Venusaur|Venusaur|Venusaurite
|move|p1a: Kingambit|Sucker Punch|p2b: Venusaur
|-damage|p2b: Venusaur|39/100
|-damage|p1a: Kingambit|34/100|[from] item: Life Orb
|move|p2a: Sableye|Quash|p1b: Staraptor
|-activate|p1b: Staraptor|move: Quash
|move|p2b: Venusaur|Earth Power|p1a: Kingambit
|-supereffective|p1a: Kingambit|1
|-damage|p1a: Kingambit|0 fnt
|faint|p1a: Kingambit
|move|p1b: Staraptor|Brave Bird|p2b: Venusaur
|-supereffective|p2b: Venusaur|1
|-damage|p2b: Venusaur|14/100
|-damage|p1b: Staraptor|79/100 brn|[from] Recoil
|
|-damage|p1b: Staraptor|73/100 brn|[from] brn
|upkeep
|
|t:|1785450432
|switch|p1a: Whimsicott|Whimsicott, L50, M|100/100
|turn|5
|
|t:|1785450456
|move|p1a: Whimsicott|Protect|p1a: Whimsicott
|-singleturn|p1a: Whimsicott|Protect
|move|p2a: Sableye|Quash|p1b: Staraptor
|-activate|p1b: Staraptor|move: Quash
|move|p2b: Venusaur|Giga Drain|p1b: Staraptor
|-resisted|p1b: Staraptor|1
|-damage|p1b: Staraptor|21/100 brn
|-heal|p2b: Venusaur|41/100|[from] drain|[of] p1b: Staraptor
|move|p1b: Staraptor|Brave Bird|p2b: Venusaur
|-supereffective|p2b: Venusaur|1
|-damage|p2b: Venusaur|16/100
|-damage|p1b: Staraptor|13/100 brn|[from] Recoil
|
|-damage|p1b: Staraptor|7/100 brn|[from] brn
|upkeep
|turn|6
|inactive|Mattfact22 has 30 seconds left.
|inactive|Mattfact22 has 20 seconds left.
|
|t:|1785450496
|switch|p1b: Charizard|Charizard, L50, F|100/100
|move|p2a: Sableye|Quash||[still]
|-fail|p2a: Sableye
|move|p1a: Whimsicott|Moonblast|p2b: Venusaur
|-resisted|p2b: Venusaur|1
|-damage|p2b: Venusaur|7/100
|-unboost|p2b: Venusaur|spa|1
|move|p2b: Venusaur|Sludge Bomb|p1a: Whimsicott
|-supereffective|p1a: Whimsicott|2
|-enditem|p1a: Whimsicott|Focus Sash
|-damage|p1a: Whimsicott|1/100
|
|upkeep
|turn|7
|inactive|ExessVGC has 30 seconds left.
|
|t:|1785450522
|detailschange|p1b: Charizard|Charizard-Mega-X, L50, F
|-mega|p1b: Charizard|Charizard|Charizardite X
|move|p2a: Sableye|Quash|p1b: Charizard
|-activate|p1b: Charizard|move: Quash
|move|p1a: Whimsicott|Moonblast|p2b: Venusaur
|-resisted|p2b: Venusaur|1
|-damage|p2b: Venusaur|0 fnt
|faint|p2b: Venusaur
|move|p1b: Charizard|Flare Blitz|p2a: Sableye
|-crit|p2a: Sableye
|-damage|p2a: Sableye|0 fnt
|faint|p2a: Sableye
|-damage|p1b: Charizard|66/100|[from] Recoil
|
|-sideend|p2: Mattfact22|move: Light Screen
|upkeep
|
|t:|1785450529
|switch|p2b: Incineroar|Incineroar, L50, M|17/100
|-ability|p2b: Incineroar|Intimidate|boost
|-unboost|p1a: Whimsicott|atk|1
|-unboost|p1b: Charizard|atk|1
|turn|8
|
|t:|1785450540
|switch|p1b: Staraptor|Staraptor, L50, F|7/100 brn
|-ability|p1b: Staraptor|Intimidate|boost
|-unboost|p2b: Incineroar|atk|1
|move|p1a: Whimsicott|Protect|p1a: Whimsicott
|-singleturn|p1a: Whimsicott|Protect
|move|p2b: Incineroar|Fake Out|p1b: Staraptor
|-damage|p1b: Staraptor|0 fnt
|faint|p1b: Staraptor
|
|upkeep
|
|t:|1785450548
|switch|p1b: Charizard|Charizard-Mega-X, L50, F|66/100
|turn|9
|-message|Mattfact22 forfeited.
|
|win|ExessVGC
|l|☆Mattfact22
|player|p2|
||ExessVGC is ready for game 2.
||Mattfact22 is ready for game 2.
|uhtml|next|Next: Game 2 of 3
