|j|☆ohnol
|j|☆hinoky
|html|ohnolhinoky    
|uhtml|bestof|Game 3 of a best-of-3
|t:|1785760295
|gametype|doubles
|player|p1|ohnol|youngster-gen4dp|1062
|player|p2|hinoky|wattson|1108
|gen|9
|tier|[Gen 9 Champions] VGC 2026 Reg M-B (Bo3)
|rated|
|rule|Species Clause: Limit one of each Pokémon
|rule|Item Clause: Limit 1 of each item
|clearpoke
|poke|p1|Charizard, L50, M|
|poke|p1|Whimsicott, L50, F|
|poke|p1|Kingambit, L50, F|
|poke|p1|Basculegion, L50, M|
|poke|p1|Garchomp, L50, M|
|poke|p1|Floette-Eternal, L50, F|
|poke|p2|Whimsicott, L50, M|
|poke|p2|Basculegion, L50, M|
|poke|p2|Charizard, L50, M|
|poke|p2|Garchomp, L50, M|
|poke|p2|Kingambit, L50, F|
|poke|p2|Floette-Eternal, L50, F|
|teampreview|4
|showteam|p1|Charizard||CharizarditeY|Blaze|HeatWave,WeatherBall,SolarBeam,Protect|Modest||M|||50|]Whimsicott||FocusSash|Prankster|Protect,Moonblast,Encore,Tailwind|Timid||F|||50|]Kingambit||ChopleBerry|Defiant|KowtowCleave,SuckerPunch,IronHead,LowKick|Adamant||F|||50|]Basculegion||LifeOrb|Adaptability|WaveCrash,LastRespects,AquaJet,Protect|Adamant||M|||50|]Garchomp||SitrusBerry|RoughSkin|Earthquake,RockSlide,DragonClaw,Protect|Adamant||M|||50|]Floette-Eternal||Floettite|FlowerVeil|Moonblast,DazzlingGleam,LightofRuin,Protect|Modest||F|||50|
|showteam|p2|Whimsicott||FocusSash|Prankster|Moonblast,Tailwind,Encore,Protect|Timid||M|||50|]Basculegion||MysticWater|Adaptability|Protect,WaveCrash,LastRespects,AquaJet|Adamant||M|||50|]Charizard||CharizarditeY|Blaze|HeatWave,SolarBeam,WeatherBall,Protect|Modest||M|||50|]Garchomp||LifeOrb|RoughSkin|Earthquake,RockSlide,DragonClaw,Protect|Jolly||M|||50|]Kingambit||BlackGlasses|Defiant|SuckerPunch,KowtowCleave,IronHead,Protect|Adamant||F|||50|]Floette-Eternal||Floettite|FlowerVeil|Protect,DazzlingGleam,Moonblast,LightofRuin|Modest||F|||50|
|
|t:|1785760340
|teamsize|p1|4
|teamsize|p2|4
|start
|switch|p1a: Whimsicott|Whimsicott, L50, F|100/100
|switch|p1b: Floette|Floette-Eternal, L50, F|100/100
|switch|p2a: Whimsicott|Whimsicott, L50, M|100/100
|switch|p2b: Garchomp|Garchomp, L50, M|100/100
|turn|1
|
|t:|1785760372
|switch|p2b: Charizard|Charizard, L50, M|100/100
|detailschange|p1b: Floette|Floette-Mega, L50, F
|-mega|p1b: Floette|Floette|Floettite
|-ability|p1b: Floette|Fairy Aura
|move|p2a: Whimsicott|Tailwind|p2a: Whimsicott
|-sidestart|p2: hinoky|move: Tailwind
|move|p1a: Whimsicott|Tailwind|p1a: Whimsicott
|-sidestart|p1: ohnol|move: Tailwind
|move|p1b: Floette|Dazzling Gleam|p2b: Charizard|[spread] p2a,p2b
|-resisted|p2b: Charizard|1
|-damage|p2a: Whimsicott|27/100
|-damage|p2b: Charizard|73/100
|
|upkeep
|turn|2
|
|t:|1785760397
|detailschange|p2b: Charizard|Charizard-Mega-Y, L50, M
|-mega|p2b: Charizard|Charizard|Charizardite Y
|-weather|SunnyDay|[from] ability: Drought|[of] p2b: Charizard
|move|p2a: Whimsicott|Encore|p1a: Whimsicott
|-start|p1a: Whimsicott|Encore
|move|p1a: Whimsicott|Tailwind||[still]
|-fail|p1a: Whimsicott
|move|p2b: Charizard|Weather Ball|p1b: Floette
|-crit|p1b: Floette
|-damage|p1b: Floette|0 fnt
|faint|p1b: Floette
|
|-weather|SunnyDay|[upkeep]
|upkeep
|c|☆ohnol|Xd
|
|t:|1785760418
|switch|p1b: Basculegion|Basculegion, L50, M|100/100
|turn|3
|
|t:|1785760434
|switch|p1a: Kingambit|Kingambit, L50, F|100/100
|move|p1b: Basculegion|Protect|p1b: Basculegion
|-singleturn|p1b: Basculegion|Protect
|move|p2a: Whimsicott|Moonblast|p1b: Basculegion
|-activate|p1b: Basculegion|move: Protect
|move|p2b: Charizard|Solar Beam||[still]
|-prepare|p2b: Charizard|Solar Beam
|-anim|p2b: Charizard|Solar Beam|p1b: Basculegion
|-activate|p1b: Basculegion|move: Protect
|
|-weather|SunnyDay|[upkeep]
|upkeep
|turn|4
|
|t:|1785760469
|switch|p2a: Garchomp|Garchomp, L50, M|100/100
|move|p1b: Basculegion|Aqua Jet|p2a: Garchomp
|-damage|p2a: Garchomp|84/100
|-damage|p1b: Basculegion|87/100|[from] ability: Rough Skin|[of] p2a: Garchomp
|-damage|p1b: Basculegion|77/100|[from] item: Life Orb
|move|p1a: Kingambit|Sucker Punch||[still]
|-fail|p1a: Kingambit
|move|p2b: Charizard|Heat Wave|p1b: Basculegion|[spread] p1a,p1b
|-supereffective|p1a: Kingambit|1
|-resisted|p1b: Basculegion|1
|-damage|p1a: Kingambit|0 fnt
|-damage|p1b: Basculegion|40/100
|faint|p1a: Kingambit
|
|-weather|SunnyDay|[upkeep]
|-sideend|p2: hinoky|move: Tailwind
|-sideend|p1: ohnol|move: Tailwind
|upkeep
|
|t:|1785760473
|switch|p1a: Whimsicott|Whimsicott, L50, F|100/100
|turn|5
|
|t:|1785760506
|move|p2b: Charizard|Protect|p2b: Charizard
|-singleturn|p2b: Charizard|Protect
|move|p1a: Whimsicott|Tailwind|p1a: Whimsicott
|-sidestart|p1: ohnol|move: Tailwind
|move|p1b: Basculegion|Last Respects|p2b: Charizard
|-activate|p2b: Charizard|move: Protect
|move|p2a: Garchomp|Dragon Claw|p1b: Basculegion
|-damage|p1b: Basculegion|0 fnt
|faint|p1b: Basculegion
|-damage|p2a: Garchomp|74/100|[from] item: Life Orb
|
|-weather|SunnyDay|[upkeep]
|upkeep
|turn|6
|-message|ohnol forfeited.
|raw|ohnol's rating: 1062 → 1045(-17 for losing)
|raw|hinoky's rating: 1108 → 1130(+22 for winning)
|
|win|hinoky
|l|☆ohnol
|player|p1|
