|j|☆lemons2738
|j|☆jadenbr09
|html|lemons2738jadenbr09    
|uhtml|bestof|Game 3 of a best-of-3
|t:|1784014386
|gametype|doubles
|player|p1|lemons2738|benga|1188
|player|p2|jadenbr09|roark|1077
|gen|9
|tier|[Gen 9 Champions] VGC 2026 Reg M-B (Bo3)
|rated|
|rule|Species Clause: Limit one of each Pokémon
|rule|Item Clause: Limit 1 of each item
|clearpoke
|poke|p1|Charizard, L50, F|
|poke|p1|Whimsicott, L50, F|
|poke|p1|Garchomp, L50, M|
|poke|p1|Kingambit, L50, F|
|poke|p1|Basculegion, L50, M|
|poke|p1|Floette-Eternal, L50, F|
|poke|p2|Gengar, L50, F, shiny|
|poke|p2|Sneasler, L50, F|
|poke|p2|Incineroar, L50, F|
|poke|p2|Kingambit, L50, M|
|poke|p2|Sylveon, L50, M|
|poke|p2|Kommo-o, L50, F|
|teampreview|4
|showteam|p1|Charizard||CharizarditeY|Blaze|HeatWave,WeatherBall,SolarBeam,Protect|Modest||F|||50|]Whimsicott||FocusSash|Prankster|Moonblast,Tailwind,Encore,Protect|Timid||F|||50|]Garchomp||LifeOrb|RoughSkin|DragonClaw,Earthquake,RockSlide,Protect|Jolly||M|||50|]Kingambit||BlackGlasses|Defiant|KowtowCleave,SuckerPunch,SwordsDance,Protect|Adamant||F|||50|]Basculegion||MysticWater|Adaptability|WaveCrash,LastRespects,AquaJet,Protect|Adamant||M|||50|]Floette-Eternal||Floettite|FlowerVeil|Moonblast,DazzlingGleam,LightofRuin,Protect|Modest||F|||50|
|showteam|p2|Gengar||Gengarite|CursedBody|ShadowBall,PerishSong,Protect,Disable|Modest||F|||50|]Sneasler||WhiteHerb|Unburden|CloseCombat,DireClaw,FakeOut,Protect|Adamant||F|||50|]Incineroar||PasshoBerry|Intimidate|FlareBlitz,FakeOut,PartingShot,Protect|Relaxed||F|||50|]Kingambit||BlackGlasses|Defiant|KowtowCleave,SuckerPunch,SwordsDance,Protect|Adamant||M|||50|]Sylveon||FairyFeather|Pixilate|HyperVoice,HyperBeam,Protect,QuickAttack|Bold||M|||50|]Kommo-o||Leftovers|Soundproof|ClangingScales,ClangorousSoul,AuraSphere,Protect|Modest||F|||50|
|inactive|Battle timer is ON: inactive players will automatically lose when time's up. (requested by lemons2738)
|inactive|lemons2738 has 60 seconds left.
|
|t:|1784014426
|teamsize|p1|4
|teamsize|p2|4
|start
|switch|p1a: Charizard|Charizard, L50, F|100/100
|switch|p1b: Garchomp|Garchomp, L50, M|100/100
|switch|p2a: Incineroar|Incineroar, L50, F|100/100
|switch|p2b: Gengar|Gengar, L50, F, shiny|100/100
|-ability|p2a: Incineroar|Intimidate|boost
|-unboost|p1a: Charizard|atk|1
|-unboost|p1b: Garchomp|atk|1
|turn|1
|inactive|jadenbr09 has 30 seconds left.
|
|t:|1784014458
|detailschange|p2b: Gengar|Gengar-Mega, L50, F, shiny
|-mega|p2b: Gengar|Gengar|Gengarite
|move|p1a: Charizard|Protect|p1a: Charizard
|-singleturn|p1a: Charizard|Protect
|move|p2a: Incineroar|Fake Out|p1b: Garchomp
|-damage|p1b: Garchomp|88/100
|-damage|p2a: Incineroar|87/100|[from] ability: Rough Skin|[of] p1b: Garchomp
|move|p2b: Gengar|Perish Song|p2b: Gengar
|-start|p1a: Charizard|perish3|[silent]
|-start|p1b: Garchomp|perish3|[silent]
|-start|p2a: Incineroar|perish3|[silent]
|-start|p2b: Gengar|perish3|[silent]
|-fieldactivate|move: Perish Song
|cant|p1b: Garchomp|flinch
|
|-start|p2b: Gengar|perish3
|-start|p1b: Garchomp|perish3
|-start|p1a: Charizard|perish3
|-start|p2a: Incineroar|perish3
|upkeep
|turn|2
|inactive|jadenbr09 has 30 seconds left.
|
|t:|1784014490
|detailschange|p1a: Charizard|Charizard-Mega-Y, L50, F
|-mega|p1a: Charizard|Charizard|Charizardite Y
|-weather|SunnyDay|[from] ability: Drought|[of] p1a: Charizard
|move|p2b: Gengar|Protect|p2b: Gengar
|-singleturn|p2b: Gengar|Protect
|move|p1b: Garchomp|Earthquake|p2a: Incineroar|[spread] p2a
|-activate|p2b: Gengar|move: Protect
|-immune|p1a: Charizard
|-supereffective|p2a: Incineroar|1
|-damage|p2a: Incineroar|28/100
|-damage|p1b: Garchomp|78/100|[from] item: Life Orb
|move|p1a: Charizard|Weather Ball|p2a: Incineroar
|-resisted|p2a: Incineroar|1
|-damage|p2a: Incineroar|0 fnt
|faint|p2a: Incineroar
|
|-weather|SunnyDay|[upkeep]
|-start|p2b: Gengar|perish2
|-start|p1b: Garchomp|perish2
|-start|p1a: Charizard|perish2
|upkeep
|inactive|jadenbr09 has 30 seconds left.
|
|t:|1784014521
|switch|p2a: Sneasler|Sneasler, L50, F|100/100
|turn|3
|inactive|jadenbr09 has 30 seconds left.
|
|t:|1784014550
|move|p2a: Sneasler|Fake Out|p1a: Charizard
|-damage|p1a: Charizard|85/100
|move|p2b: Gengar|Disable|p1b: Garchomp
|-start|p1b: Garchomp|Disable|Earthquake
|cant|p1b: Garchomp|Disable|Earthquake
|cant|p1a: Charizard|flinch
|
|-weather|SunnyDay|[upkeep]
|-start|p2b: Gengar|perish1
|-start|p1b: Garchomp|perish1
|-start|p1a: Charizard|perish1
|upkeep
|turn|4
|inactive|lemons2738 has 30 seconds left.
|inactive|lemons2738 has 20 seconds left.
|inactive|jadenbr09 has 30 seconds left.
|inactive|lemons2738 has 15 seconds left.
|inactive|lemons2738 has 10 seconds left.
|inactive|lemons2738 has 5 seconds left.
|
|t:|1784014602
|move|p2a: Sneasler|Protect|p2a: Sneasler
|-singleturn|p2a: Sneasler|Protect
|move|p2b: Gengar|Shadow Ball|p1a: Charizard
|-damage|p1a: Charizard|41/100
|move|p1b: Garchomp|Dragon Claw|p2a: Sneasler
|-activate|p2a: Sneasler|move: Protect
|move|p1a: Charizard|Weather Ball|p2a: Sneasler
|-activate|p2a: Sneasler|move: Protect
|
|-weather|SunnyDay|[upkeep]
|-start|p2b: Gengar|perish0
|-start|p1b: Garchomp|perish0
|-start|p1a: Charizard|perish0
|faint|p2b: Gengar
|faint|p1b: Garchomp
|faint|p1a: Charizard
|upkeep
|
|t:|1784014619
|switch|p2b: Kingambit|Kingambit, L50, M|100/100
|switch|p1b: Basculegion|Basculegion, L50, M|100/100
|switch|p1a: Whimsicott|Whimsicott, L50, F|100/100
|turn|5
|
|t:|1784014640
|move|p1a: Whimsicott|Tailwind|p1a: Whimsicott
|-sidestart|p1: lemons2738|move: Tailwind
|move|p2b: Kingambit|Sucker Punch|p1b: Basculegion
|-supereffective|p1b: Basculegion|1
|-damage|p1b: Basculegion|0 fnt
|faint|p1b: Basculegion
|move|p2a: Sneasler|Dire Claw|p1a: Whimsicott
|-supereffective|p1a: Whimsicott|2
|-enditem|p1a: Whimsicott|Focus Sash
|-damage|p1a: Whimsicott|1/100
|
|-weather|SunnyDay|[upkeep]
|upkeep
|turn|6
|-message|lemons2738 forfeited.
|raw|lemons2738's rating: 1188 → 1155(-33 for losing)
|raw|jadenbr09's rating: 1077 → 1114(+37 for winning)
|
|win|jadenbr09
|l|☆lemons2738
|player|p1|
