|j|☆dragonboy2100
|j|☆huntr/x rumi
|html|dragonboy2100huntr/x rumi    
|uhtml|bestof|Game 2 of a best-of-3
|t:|1756779972
|gametype|doubles
|player|p1|dragonboy2100|sage|1213
|player|p2|huntr/x rumi|guitarist|1279
|gen|9
|tier|[Gen 9] VGC 2025 Reg H (Bo3)
|rated|
|rule|Species Clause: Limit one of each Pokémon
|rule|Item Clause: Limit 1 of each item
|clearpoke
|poke|p1|Corviknight, L50, M|
|poke|p1|Indeedee, L50, M|
|poke|p1|Sinistcha, L50|
|poke|p1|Tyranitar, L50, M|
|poke|p1|Excadrill, L50, M|
|poke|p1|Sneasler, L50, M|
|poke|p2|Grimmsnarl, L50, M|
|poke|p2|Incineroar, L50, F|
|poke|p2|Gliscor, L50, M|
|poke|p2|Archaludon, L50, F|
|poke|p2|Sinistcha, L50|
|poke|p2|Pelipper, L50, F|
|teampreview|4
|showteam|p1|Corviknight||PsychicSeed|MirrorArmor|BraveBird,PowerTrip,BulkUp,Roost|||M|||50|,,,,,Water]Indeedee||ChoiceScarf|PsychicSurge|ExpandingForce,TeraBlast,Protect,Trick|||M|||50|,,,,,Psychic]Sinistcha||SitrusBerry|Hospitality|MatchaGotcha,ShadowBall,RagePowder,Protect||||||50|,,,,,Water]Tyranitar||AssaultVest|SandStream|RockSlide,KnockOff,LowKick,TeraBlast|||M|||50|,,,,,Flying]Excadrill||FocusSash|SandRush|Earthquake,IronHead,SwordsDance,Protect|||M|||50|,,,,,Ground]Sneasler||WhiteHerb|Unburden|CloseCombat,DireClaw,Coaching,FakeOut|||M|||50|,,,,,Flying
|showteam|p2|Grimmsnarl||LightClay|Prankster|ThunderWave,LightScreen,Reflect,SpiritBreak|||M|||50|,,,,,Ghost]Incineroar||SafetyGoggles|Intimidate|FakeOut,KnockOff,FlareBlitz,PartingShot|||F|||50|,,,,,Ghost]Gliscor||ToxicOrb|PoisonHeal|DualWingbeat,SwordsDance,Protect,HighHorsepower|||M|||50|,,,,,Water]Archaludon||PowerHerb|Stalwart|ElectroShot,DracoMeteor,Thunderbolt,Protect|||F|||50|,,,,,Electric]Sinistcha||AssaultVest|Hospitality|MatchaGotcha,ShadowBall,Scald,Hex||||||50|,,,,,Water]Pelipper||FocusSash|Drizzle|WeatherBall,Hurricane,Tailwind,Protect|||F|||50|,,,,,Ghost
|inactive|Battle timer is ON: inactive players will automatically lose when time's up. (requested by dragonboy2100)
|inactive|dragonboy2100 has 60 seconds left.
|c|☆huntr/x rumi|Waitin for da ferry
|
|t:|1756780037
|teamsize|p1|4
|teamsize|p2|4
|start
|switch|p1a: Indeedee|Indeedee, L50, M|100/100
|switch|p1b: Sneasler|Sneasler, L50, M|100/100
|switch|p2a: Grimmsnarl|Grimmsnarl, L50, M|100/100
|switch|p2b: Sinistcha|Sinistcha, L50|100/100
|-fieldstart|move: Psychic Terrain|[from] ability: Psychic Surge|[of] p1a: Indeedee
|turn|1
|inactive|dragonboy2100 has 30 seconds left.
|inactive|huntr/x rumi has 30 seconds left.
|inactive|huntr/x rumi has 20 seconds left.
|
|t:|1756780081
|move|p2a: Grimmsnarl|Light Screen|p2a: Grimmsnarl
|-sidestart|p2: huntr/x rumi|move: Light Screen
|move|p1a: Indeedee|Expanding Force|p2b: Sinistcha|[spread] p2b
|-immune|p2a: Grimmsnarl
|-damage|p2b: Sinistcha|73/100
|move|p1b: Sneasler|Dire Claw|p2a: Grimmsnarl
|-supereffective|p2a: Grimmsnarl
|-damage|p2a: Grimmsnarl|17/100
|move|p2b: Sinistcha|Matcha Gotcha|p1b: Sneasler|[spread] p1a,p1b
|-resisted|p1b: Sneasler
|-damage|p1a: Indeedee|62/100
|-heal|p2b: Sinistcha|87/100|[from] drain|[of] p1a: Indeedee
|-damage|p1b: Sneasler|81/100
|-heal|p2b: Sinistcha|96/100|[from] drain|[of] p1b: Sneasler
|
|upkeep
|turn|2
|inactive|dragonboy2100 has 30 seconds left.
|
|t:|1756780106
|move|p2a: Grimmsnarl|Reflect|p2a: Grimmsnarl
|-sidestart|p2: huntr/x rumi|Reflect
|move|p1a: Indeedee|Expanding Force|p2b: Sinistcha|[spread] p2b
|-immune|p2a: Grimmsnarl
|-damage|p2b: Sinistcha|71/100
|move|p1b: Sneasler|Close Combat|p2a: Grimmsnarl
|-damage|p2a: Grimmsnarl|0 fnt
|-unboost|p1b: Sneasler|def|1
|-unboost|p1b: Sneasler|spd|1
|faint|p2a: Grimmsnarl
|-enditem|p1b: Sneasler|White Herb
|-clearnegativeboost|p1b: Sneasler|[silent]
|move|p2b: Sinistcha|Matcha Gotcha|p1b: Sneasler|[spread] p1a,p1b
|-resisted|p1b: Sneasler
|-damage|p1a: Indeedee|21/100
|-heal|p2b: Sinistcha|87/100|[from] drain|[of] p1a: Indeedee
|-damage|p1b: Sneasler|62/100
|-heal|p2b: Sinistcha|95/100|[from] drain|[of] p1b: Sneasler
|-status|p1a: Indeedee|brn
|
|-damage|p1a: Indeedee|15/100 brn|[from] brn
|upkeep
|j| teamthief420
|
|t:|1756780116
|switch|p2a: Gliscor|Gliscor, L50, M, shiny|100/100
|turn|3
|
|t:|1756780123
|move|p2a: Gliscor|Protect|p2a: Gliscor
|-singleturn|p2a: Gliscor|Protect
|move|p1b: Sneasler|Dire Claw|p2b: Sinistcha
|-crit|p2b: Sinistcha
|-damage|p2b: Sinistcha|39/100
|-status|p2b: Sinistcha|slp
|move|p1a: Indeedee|Expanding Force|p2a: Gliscor|[spread] p2b
|-activate|p2a: Gliscor|move: Protect
|-damage|p2b: Sinistcha|15/100 slp
|cant|p2b: Sinistcha|slp
|
|-damage|p1a: Indeedee|9/100 brn|[from] brn
|-status|p2a: Gliscor|tox|[from] item: Toxic Orb
|upkeep
|turn|4
|c|☆dragonboy2100|am i just too good
|c|☆huntr/x rumi|I think
|inactive|dragonboy2100 has 30 seconds left.
|inactive|huntr/x rumi has 30 seconds left.
|c|☆huntr/x rumi|I hate it here
|inactive|dragonboy2100 has 20 seconds left.
|c|☆dragonboy2100|mood
|inactive|dragonboy2100 has 15 seconds left.
|
|t:|1756780166
|move|p1b: Sneasler|Dire Claw|p2b: Sinistcha
|-damage|p2b: Sinistcha|0 fnt
|faint|p2b: Sinistcha
|move|p1a: Indeedee|Expanding Force|p2a: Gliscor
|-damage|p2a: Gliscor|53/100 tox
|move|p2a: Gliscor|Dual Wingbeat|p1b: Sneasler
|-supereffective|p1b: Sneasler
|-damage|p1b: Sneasler|7/100
|-supereffective|p1b: Sneasler
|-damage|p1b: Sneasler|0 fnt
|faint|p1b: Sneasler
|-hitcount|p1: Sneasler|2
|
|-heal|p2a: Gliscor|65/100 tox|[from] ability: Poison Heal
|-damage|p1a: Indeedee|3/100 brn|[from] brn
|upkeep
|
|t:|1756780173
|switch|p1b: Excadrill|Excadrill, L50, M|100/100
|switch|p2b: Pelipper|Pelipper, L50, F|100/100
|-weather|RainDance|[from] ability: Drizzle|[of] p2b: Pelipper
|turn|5
|
|t:|1756780189
|switch|p1b: Tyranitar|Tyranitar, L50, M|100/100
|-weather|Sandstorm|[from] ability: Sand Stream|[of] p1b: Tyranitar
|move|p1a: Indeedee|Expanding Force|p2b: Pelipper|[spread] p2a,p2b
|-damage|p2a: Gliscor|26/100 tox
|-damage|p2b: Pelipper|28/100
|move|p2b: Pelipper|Tailwind|p2b: Pelipper
|-sidestart|p2: huntr/x rumi|move: Tailwind
|move|p2a: Gliscor|High Horsepower|p1b: Tyranitar
|-supereffective|p1b: Tyranitar
|-damage|p1b: Tyranitar|45/100
|
|-weather|Sandstorm|[upkeep]
|-damage|p2b: Pelipper|22/100|[from] Sandstorm
|-damage|p1a: Indeedee|0 fnt|[from] Sandstorm
|faint|p1a: Indeedee
|-heal|p2a: Gliscor|38/100 tox|[from] ability: Poison Heal
|-fieldend|move: Psychic Terrain
|upkeep
|
|t:|1756780192
|switch|p1a: Excadrill|Excadrill, L50, M|100/100
|turn|6
|inactive|dragonboy2100 has 30 seconds left.
|inactive|huntr/x rumi has 30 seconds left.
|
|t:|1756780221
|-terastallize|p1b: Tyranitar|Flying
|move|p1a: Excadrill|Protect|p1a: Excadrill
|-singleturn|p1a: Excadrill|Protect
|move|p2b: Pelipper|Protect|p2b: Pelipper
|-singleturn|p2b: Pelipper|Protect
|move|p2a: Gliscor|Protect|p2a: Gliscor
|-singleturn|p2a: Gliscor|Protect
|move|p1b: Tyranitar|Knock Off|p2b: Pelipper
|-activate|p2b: Pelipper|move: Protect
|
|-weather|Sandstorm|[upkeep]
|-damage|p2b: Pelipper|16/100|[from] Sandstorm
|-damage|p1b: Tyranitar|39/100|[from] Sandstorm
|-heal|p2a: Gliscor|50/100 tox|[from] ability: Poison Heal
|upkeep
|turn|7
|
|t:|1756780240
|move|p1a: Excadrill|Iron Head|p2b: Pelipper
|-resisted|p2b: Pelipper
|-crit|p2b: Pelipper
|-damage|p2b: Pelipper|0 fnt
|faint|p2b: Pelipper
|move|p2a: Gliscor|High Horsepower|p1a: Excadrill
|-supereffective|p1a: Excadrill
|-enditem|p1a: Excadrill|Focus Sash
|-damage|p1a: Excadrill|1/100
|move|p1b: Tyranitar|Knock Off|p2a: Gliscor
|-damage|p2a: Gliscor|24/100 tox
|-enditem|p2a: Gliscor|Toxic Orb|[from] move: Knock Off|[of] p1b: Tyranitar
|
|-weather|Sandstorm|[upkeep]
|-damage|p1b: Tyranitar|33/100|[from] Sandstorm
|-heal|p2a: Gliscor|36/100 tox|[from] ability: Poison Heal
|upkeep
|turn|8
|
|t:|1756780256
|move|p1a: Excadrill|Swords Dance|p1a: Excadrill
|-boost|p1a: Excadrill|atk|2
|move|p2a: Gliscor|Dual Wingbeat|p1b: Tyranitar
|-crit|p1b: Tyranitar
|-damage|p1b: Tyranitar|14/100
|-damage|p1b: Tyranitar|1/100
|-hitcount|p1b: Tyranitar|2
|move|p1b: Tyranitar|Tera Blast|p2a: Gliscor|[anim] Tera Blast Flying
|-damage|p2a: Gliscor|11/100 tox
|
|-weather|Sandstorm|[upkeep]
|-damage|p1b: Tyranitar|0 fnt|[from] Sandstorm
|faint|p1b: Tyranitar
|-heal|p2a: Gliscor|24/100 tox|[from] ability: Poison Heal
|-sideend|p2: huntr/x rumi|move: Light Screen
|-sideend|p2: huntr/x rumi|move: Tailwind
|upkeep
|turn|9
|
|t:|1756780275
|move|p1a: Excadrill|Protect|p1a: Excadrill
|-singleturn|p1a: Excadrill|Protect
|move|p2a: Gliscor|Protect||[still]
|-fail|p2a: Gliscor
|
|-weather|none
|-heal|p2a: Gliscor|36/100 tox|[from] ability: Poison Heal
|-sideend|p2: huntr/x rumi|Reflect
|upkeep
|turn|10
|
|t:|1756780281
|move|p2a: Gliscor|Protect|p2a: Gliscor
|-singleturn|p2a: Gliscor|Protect
|move|p1a: Excadrill|Iron Head|p2a: Gliscor
|-activate|p2a: Gliscor|move: Protect
|
|-heal|p2a: Gliscor|48/100 tox|[from] ability: Poison Heal
|upkeep
|turn|11
|
|t:|1756780288
|move|p1a: Excadrill|Iron Head|p2a: Gliscor
|-damage|p2a: Gliscor|0 fnt
|faint|p2a: Gliscor
|
|win|dragonboy2100
|raw|dragonboy2100's rating: 1213 → 1243(+30 for winning)
|raw|huntr/x rumi's rating: 1279 → 1249(-30 for losing)
|c|☆huntr/x rumi|Gg
|c|☆dragonboy2100|soz for luck
|c|☆huntr/x rumi|Happens
|c|☆dragonboy2100|but gg
|c|☆dragonboy2100|<3
|l| teamthief420
