|j|☆SkillDragon
|j|☆wodaiogien
|html|SkillDragonwodaiogien    
|uhtml|bestof|Game 1 of a best-of-3
|t:|1782318894
|gametype|doubles
|player|p1|SkillDragon|169|1081
|player|p2|wodaiogien|170|1080
|gen|9
|tier|[Gen 9 Champions] VGC 2026 Reg M-B (Bo3)
|rated|
|rule|Species Clause: Limit one of each Pokémon
|rule|Item Clause: Limit 1 of each item
|clearpoke
|poke|p1|Golurk, L50|
|poke|p1|Farigiraf, L50, F|
|poke|p1|Sneasler, L50, M|
|poke|p1|Sinistcha, L50|
|poke|p1|Blastoise, L50, M|
|poke|p1|Kingambit, L50, M|
|poke|p2|Talonflame, L50, M|
|poke|p2|Tsareena, L50, F|
|poke|p2|Raichu, L50, M|
|poke|p2|Basculegion, L50, M|
|poke|p2|Kingambit, L50, F|
|poke|p2|Sneasler, L50, F|
|teampreview|4
|showteam|p1|Golurk||Golurkite|IronFist|HeadlongRush,Poltergeist,BrickBreak,Protect|Brave|||||50|]Farigiraf||ColburBerry|ArmorTail|TwinBeam,TrickRoom,HelpingHand,Protect|Quiet||F|||50|]Sneasler||WhiteHerb|Unburden|CloseCombat,DireClaw,FakeOut,Protect|Jolly||M|||50|]Sinistcha||SitrusBerry|Hospitality|MatchaGotcha,LifeDew,RagePowder,TrickRoom|Quiet|||||50|]Blastoise||Blastoisinite|RainDish|WaterSpout,IceBeam,FakeOut,ShellSmash|Modest||M|||50|]Kingambit||BlackGlasses|Defiant|KowtowCleave,SuckerPunch,SwordsDance,Protect|Brave||M|||50|
|showteam|p2|Talonflame||FocusSash|FlameBody|DualWingbeat,Tailwind,FlareBlitz,Protect|Jolly||M|||50|]Tsareena||WideLens|QueenlyMajesty|TripleAxel,SeedBomb,HighJumpKick,Protect|Adamant||F|||50|]Raichu||RaichuniteY|LightningRod|ZapCannon,FocusBlast,FakeOut,Protect|Timid||M|||50|]Basculegion||LifeOrb|Adaptability|WaveCrash,AquaJet,LastRespects,Protect|Adamant||M|||50|]Kingambit||ChopleBerry|Defiant|KowtowCleave,SuckerPunch,IronHead,Protect|Adamant||F|||50|]Sneasler||WhiteHerb|Unburden|Protect,DireClaw,CloseCombat,FakeOut|Adamant||F|||50|
|inactive|Battle timer is ON: inactive players will automatically lose when time's up. (requested by wodaiogien)
|inactive|SkillDragon has 60 seconds left.
|inactive|wodaiogien has 60 seconds left.
|
|t:|1782318947
|teamsize|p1|4
|teamsize|p2|4
|start
|switch|p1a: Golurk|Golurk, L50|100/100
|switch|p1b: Sneasler|Sneasler, L50, M|100/100
|switch|p2a: Raichu|Raichu, L50, M|100/100
|switch|p2b: Kingambit|Kingambit, L50, F|100/100
|turn|1
|inactive|SkillDragon has 30 seconds left.
|inactive|wodaiogien has 30 seconds left.
|inactive|SkillDragon has 20 seconds left.
|inactive|SkillDragon has 15 seconds left.
|
|t:|1782318989
|switch|p2a: Tsareena|Tsareena, L50, F|100/100
|detailschange|p1a: Golurk|Golurk-Mega, L50
|-mega|p1a: Golurk|Golurk|Golurkite
|move|p1b: Sneasler|Fake Out||[still]
|cant|p2a: Tsareena|ability: Queenly Majesty|Fake Out|[of] p1b: Sneasler
|move|p2b: Kingambit|Kowtow Cleave|p1a: Golurk
|-supereffective|p1a: Golurk|1
|-damage|p1a: Golurk|19/100
|move|p1a: Golurk|Headlong Rush|p2b: Kingambit
|-supereffective|p2b: Kingambit|1
|-damage|p2b: Kingambit|0 fnt
|-unboost|p1a: Golurk|def|1
|-unboost|p1a: Golurk|spd|1
|faint|p2b: Kingambit
|
|upkeep
|
|t:|1782319003
|switch|p2b: Basculegion|Basculegion, L50, M|100/100
|turn|2
|
|t:|1782319021
|move|p2a: Tsareena|Protect|p2a: Tsareena
|-singleturn|p2a: Tsareena|Protect
|move|p1b: Sneasler|Close Combat|p2a: Tsareena
|-activate|p2a: Tsareena|move: Protect
|move|p2b: Basculegion|Wave Crash|p1b: Sneasler
|-crit|p1b: Sneasler
|-damage|p1b: Sneasler|0 fnt
|faint|p1b: Sneasler
|-damage|p2b: Basculegion|75/100|[from] Recoil
|-damage|p2b: Basculegion|65/100|[from] item: Life Orb
|move|p1a: Golurk|Poltergeist|p2b: Basculegion
|-activate|p2b: Basculegion|move: Poltergeist|Life Orb
|-supereffective|p2b: Basculegion|1
|-damage|p2b: Basculegion|0 fnt
|faint|p2b: Basculegion
|
|upkeep
|
|t:|1782319035
|switch|p1b: Sinistcha|Sinistcha, L50|100/100
|switch|p2b: Raichu|Raichu, L50, M|100/100
|-heal|p1a: Golurk|44/100|[from] ability: Hospitality|[of] p1b: Sinistcha
|turn|3
|
|t:|1782319048
|detailschange|p2b: Raichu|Raichu-Mega-Y, L50, M
|-mega|p2b: Raichu|Raichu|Raichunite Y
|move|p1b: Sinistcha|Rage Powder|p1b: Sinistcha
|-singleturn|p1b: Sinistcha|move: Rage Powder
|move|p2b: Raichu|Zap Cannon|p1b: Sinistcha
|-resisted|p1b: Sinistcha|1
|-damage|p1b: Sinistcha|61/100
|-status|p1b: Sinistcha|par
|move|p2a: Tsareena|Triple Axel|p1a: Golurk
|-supereffective|p1a: Golurk|1
|-damage|p1a: Golurk|28/100
|-supereffective|p1a: Golurk|1
|-damage|p1a: Golurk|0 fnt
|faint|p1a: Golurk
|-hitcount|p1: Golurk|2
|
|upkeep
|
|t:|1782319058
|switch|p1a: Kingambit|Kingambit, L50, M|100/100
|turn|4
|inactive|SkillDragon has 30 seconds left.
|
|t:|1782319085
|move|p2b: Raichu|Protect|p2b: Raichu
|-singleturn|p2b: Raichu|Protect
|move|p1a: Kingambit|Sucker Punch||[still]
|cant|p2a: Tsareena|ability: Queenly Majesty|Sucker Punch|[of] p1a: Kingambit
|move|p2a: Tsareena|High Jump Kick|p1a: Kingambit
|-supereffective|p1a: Kingambit|2
|-damage|p1a: Kingambit|0 fnt
|faint|p1a: Kingambit
|move|p1b: Sinistcha|Matcha Gotcha|p2a: Tsareena|[spread] p2a
|-activate|p2b: Raichu|move: Protect
|-resisted|p2a: Tsareena|1
|-damage|p2a: Tsareena|83/100
|-heal|p1b: Sinistcha|69/100 par|[from] drain|[of] p2a: Tsareena
|
|upkeep
|turn|5
|-message|SkillDragon forfeited.
|
|win|wodaiogien
|l|☆SkillDragon
|player|p1|
||SkillDragon is ready for game 2.
