|j|☆EinChemiker
|j|☆ECARRY
|html|EinChemikerECARRY    
|uhtml|bestof|Game 2 of a best-of-3
|t:|1784130653
|gametype|doubles
|player|p1|EinChemiker|iris-gen5bw2|
|player|p2|ECARRY|170|
|gen|9
|tier|[Gen 9 Champions] VGC 2026 Reg M-B (Bo3)
|rule|Species Clause: Limit one of each Pokémon
|rule|Item Clause: Limit 1 of each item
|clearpoke
|poke|p1|Swampert, L50, M|
|poke|p1|Pelipper, L50, M|
|poke|p1|Archaludon, L50, F|
|poke|p1|Annihilape, L50, F|
|poke|p1|Lycanroc-Dusk, L50, F|
|poke|p1|Sneasler, L50, M|
|poke|p2|Floette-Eternal, L50, F|
|poke|p2|Charizard, L50, F|
|poke|p2|Whimsicott, L50, F|
|poke|p2|Garchomp, L50, M|
|poke|p2|Basculegion, L50, M|
|poke|p2|Kingambit, L50, F|
|teampreview|4
|showteam|p1|Swampert||Swampertite|Torrent|WaveCrash,Protect,HighHorsepower,FlipTurn|Adamant||M|||50|]Pelipper||FocusSash|Drizzle|Tailwind,Hurricane,WeatherBall,Protect|Timid||M|||50|]Archaludon||LifeOrb|Stamina|DragonPulse,ElectroShot,FlashCannon,Protect|Modest||F|||50|]Annihilape||Leftovers|Defiant|CloseCombat,RainDance,RageFist,Protect|Jolly||F|||50|]Lycanroc-Dusk||HardStone|ToughClaws|Accelerock,PlayRough,Protect,StoneEdge|Adamant||F|||50|]Sneasler||WhiteHerb|Unburden|FakeOut,Protect,DireClaw,CloseCombat|Adamant||M|||50|
|showteam|p2|Floette-Eternal||Floettite|FlowerVeil|Moonblast,DazzlingGleam,LightofRuin,Protect|Modest||F|||50|]Charizard||CharizarditeY|Blaze|HeatWave,WeatherBall,SolarBeam,Protect|Modest||F|||50|]Whimsicott||FocusSash|Prankster|Moonblast,Encore,Tailwind,Protect|Timid||F|||50|]Garchomp||LifeOrb|RoughSkin|DragonClaw,Earthquake,Protect,RockSlide|Jolly||M|||50|]Basculegion||MysticWater|Adaptability|WaveCrash,LastRespects,AquaJet,Protect|Adamant||M|||50|]Kingambit||BlackGlasses|Defiant|KowtowCleave,IronHead,SuckerPunch,Protect|Adamant||F|||50|
|inactive|Battle timer is ON: inactive players will automatically lose when time's up. (requested by EinChemiker)
|inactive|EinChemiker has 60 seconds left.
|inactive|EinChemiker has 30 seconds left.
|
|t:|1784130714
|teamsize|p1|4
|teamsize|p2|4
|start
|switch|p1a: Pel-Eye-Per|Pelipper, L50, M|100/100
|switch|p1b: Bridge|Archaludon, L50, F|100/100
|switch|p2a: Whimsicott|Whimsicott, L50, F|100/100
|switch|p2b: Basculegion|Basculegion, L50, M|100/100
|-weather|RainDance|[from] ability: Drizzle|[of] p1a: Pel-Eye-Per
|turn|1
|
|t:|1784130731
|move|p2a: Whimsicott|Moonblast|p1a: Pel-Eye-Per
|-damage|p1a: Pel-Eye-Per|44/100
|move|p1a: Pel-Eye-Per|Tailwind|p1a: Pel-Eye-Per
|-sidestart|p1: EinChemiker|move: Tailwind
|move|p1b: Bridge|Electro Shot||[still]
|-prepare|p1b: Bridge|Electro Shot
|-boost|p1b: Bridge|spa|1
|-anim|p1b: Bridge|Electro Shot|p2b: Basculegion
|-supereffective|p2b: Basculegion|1
|-crit|p2b: Basculegion
|-damage|p2b: Basculegion|0 fnt
|faint|p2b: Basculegion
|-damage|p1b: Bridge|90/100|[from] item: Life Orb
|
|-weather|RainDance|[upkeep]
|upkeep
|
|t:|1784130747
|switch|p2b: Floette|Floette-Eternal, L50, F|100/100
|turn|2
|inactive|EinChemiker has 30 seconds left.
|inactive|EinChemiker has 20 seconds left.
|inactive|EinChemiker has 15 seconds left.
|inactive|EinChemiker has 10 seconds left.
|
|t:|1784130794
|detailschange|p2b: Floette|Floette-Mega, L50, F
|-mega|p2b: Floette|Floette|Floettite
|-ability|p2b: Floette|Fairy Aura
|move|p1b: Bridge|Protect|p1b: Bridge
|-singleturn|p1b: Bridge|Protect
|move|p2a: Whimsicott|Tailwind|p2a: Whimsicott
|-sidestart|p2: ECARRY|move: Tailwind
|move|p2b: Floette|Light of Ruin|p1b: Bridge
|-activate|p1b: Bridge|move: Protect
|move|p1a: Pel-Eye-Per|Weather Ball|p2b: Floette
|-damage|p2b: Floette|50/100g
|
|-weather|RainDance|[upkeep]
|upkeep
|turn|3
|inactive|EinChemiker has 30 seconds left.
|
|t:|1784130828
|switch|p1b: Nina|Lycanroc-Dusk, L50, F|100/100
|move|p2a: Whimsicott|Moonblast|p1a: Pel-Eye-Per
|-damage|p1a: Pel-Eye-Per|0 fnt
|faint|p1a: Pel-Eye-Per
|move|p2b: Floette|Light of Ruin|p1b: Nina
|-damage|p1b: Nina|0 fnt
|faint|p1b: Nina
|-damage|p2b: Floette|1/100|[from] Recoil
|
|-weather|RainDance|[upkeep]
|upkeep
|
|t:|1784130838
|switch|p1b: Sneasler|Sneasler, L50, M|100/100
|switch|p1a: Bridge|Archaludon, L50, F|90/100
|turn|4
|
|t:|1784130849
|move|p2a: Whimsicott|Protect|p2a: Whimsicott
|-singleturn|p2a: Whimsicott|Protect
|move|p2b: Floette|Protect|p2b: Floette
|-singleturn|p2b: Floette|Protect
|move|p1b: Sneasler|Fake Out|p2b: Floette
|-activate|p2b: Floette|move: Protect
|move|p1a: Bridge|Flash Cannon|p2a: Whimsicott
|-activate|p2a: Whimsicott|move: Protect
|
|-weather|RainDance|[upkeep]
|-sideend|p1: EinChemiker|move: Tailwind
|upkeep
|turn|5
|inactive|EinChemiker has 30 seconds left.
|
|t:|1784130877
|move|p1a: Bridge|Protect|p1a: Bridge
|-singleturn|p1a: Bridge|Protect
|move|p2a: Whimsicott|Encore|p1b: Sneasler
|-start|p1b: Sneasler|Encore
|move|p1b: Sneasler|Fake Out||[still]
|-hint|Fake Out only works on your first turn out.
|-fail|p1b: Sneasler
|move|p2b: Floette|Moonblast|p1a: Bridge
|-activate|p1a: Bridge|move: Protect
|
|-weather|none
|-sideend|p2: ECARRY|move: Tailwind
|upkeep
|turn|6
|
|t:|1784130894
|move|p2a: Whimsicott|Moonblast|p1a: Bridge
|-damage|p1a: Bridge|34/100
|-ability|p1a: Bridge|Stamina|boost
|-boost|p1a: Bridge|def|1
|-activate|p1b: Sneasler|move: Struggle
|move|p1b: Sneasler|Struggle|p2b: Floette
|-damage|p2b: Floette|0 fnt
|faint|p2b: Floette
|-damage|p1b: Sneasler|74/100|[from] recoil
|move|p1a: Bridge|Flash Cannon|p2a: Whimsicott
|-supereffective|p2a: Whimsicott|1
|-enditem|p2a: Whimsicott|Focus Sash
|-damage|p2a: Whimsicott|1/100
|-damage|p1a: Bridge|24/100|[from] item: Life Orb
|
|upkeep
|
|t:|1784130902
|switch|p2b: Garchomp|Garchomp, L50, M|100/100
|turn|7
|
|t:|1784130912
|move|p2a: Whimsicott|Protect|p2a: Whimsicott
|-singleturn|p2a: Whimsicott|Protect
|move|p1a: Bridge|Protect|p1a: Bridge
|-singleturn|p1a: Bridge|Protect
|move|p2b: Garchomp|Earthquake|p1a: Bridge|[spread] p1b
|-activate|p2a: Whimsicott|move: Protect
|-activate|p1a: Bridge|move: Protect
|-supereffective|p1b: Sneasler|1
|-damage|p1b: Sneasler|0 fnt
|faint|p1b: Sneasler
|-damage|p2b: Garchomp|90/100|[from] item: Life Orb
|
|upkeep
|turn|8
|-message|EinChemiker forfeited.
|
|win|ECARRY
|c|☆EinChemiker|ggwp
|c|☆ECARRY|Gg
|l|☆ECARRY
|player|p2|
