|j|☆megafraudette
|j|☆lolgz
|html|megafraudettelolgz    
|uhtml|bestof|Game 1 of a best-of-3
|t:|1782441928
|gametype|doubles
|player|p1|megafraudette|169|1326
|player|p2|lolgz|dawn|1238
|gen|9
|tier|[Gen 9 Champions] VGC 2026 Reg M-B (Bo3)
|rated|
|rule|Species Clause: Limit one of each Pokémon
|rule|Item Clause: Limit 1 of each item
|clearpoke
|poke|p1|Whimsicott, L50, F|
|poke|p1|Floette-Eternal, L50, F|
|poke|p1|Basculegion, L50, M|
|poke|p1|Farigiraf, L50, M|
|poke|p1|Kingambit, L50, F|
|poke|p1|Arcanine-Hisui, L50, F|
|poke|p2|Mawile, L50, M|
|poke|p2|Sneasler, L50, M|
|poke|p2|Farigiraf, L50, M|
|poke|p2|Ampharos, L50, F|
|poke|p2|Vileplume, L50, M|
|poke|p2|Torkoal, L50, F|
|teampreview|4
|showteam|p1|Whimsicott||FairyFeather|Prankster|Moonblast,Tailwind,Encore,Protect|Bold||F|||50|]Floette-Eternal||Floettite|FlowerVeil|Moonblast,DazzlingGleam,LightofRuin,Protect|Modest||F|||50|]Basculegion||LifeOrb|Adaptability|WaveCrash,AquaJet,LastRespects,Protect|Jolly||M|||50|]Farigiraf||ColburBerry|ArmorTail|Psychic,TrickRoom,HelpingHand,Imprison|Calm||M|||50|]Kingambit||BlackGlasses|Defiant|KowtowCleave,SuckerPunch,IronHead,Protect|Adamant||F|||50|]Arcanine-Hisui||FocusSash|RockHead|ExtremeSpeed,HeadSmash,FlareBlitz,Protect|Jolly||F|||50|
|showteam|p2|Mawile||Mawilite|HyperCutter|PlayRough,SuckerPunch,SwordsDance,Protect|Serious||M|||50|]Sneasler||IronBall|PoisonTouch|FakeOut,DireClaw,CloseCombat,RockTomb|Brave||M|||50|]Farigiraf||SitrusBerry|ArmorTail|TrickRoom,Thunderbolt,Psychic,HelpingHand|Relaxed||M|||50|]Ampharos||Ampharosite|Static|Thunderbolt,DragonPulse,Protect,FocusBlast|Brave||F|||50|]Vileplume||FocusSash|Chlorophyll|SleepPowder,SludgeBomb,EnergyBall,AfterYou|Timid||M|||50|]Torkoal||Charcoal|Drought|Eruption,WeatherBall,EarthPower,Protect|Quiet||F|||50|
|inactive|Battle timer is ON: inactive players will automatically lose when time's up. (requested by lolgz)
|inactive|megafraudette has 60 seconds left.
|inactive|lolgz has 60 seconds left.
|inactive|lolgz has 30 seconds left.
|inactive|lolgz has 20 seconds left.
|inactive|lolgz has 15 seconds left.
|
|t:|1782442004
|teamsize|p1|4
|teamsize|p2|4
|start
|switch|p1a: Floette|Floette-Eternal, L50, F|100/100
|switch|p1b: Farigiraf|Farigiraf, L50, M|100/100
|switch|p2a: Farigiraf|Farigiraf, L50, M|100/100
|switch|p2b: Sneasler|Sneasler, L50, M|100/100
|turn|1
|
|t:|1782442012
|detailschange|p1a: Floette|Floette-Mega, L50, F
|-mega|p1a: Floette|Floette|Floettite
|-ability|p1a: Floette|Fairy Aura
|move|p1a: Floette|Moonblast|p2b: Sneasler
|-damage|p2b: Sneasler|14/100
|-unboost|p2b: Sneasler|spa|1
|move|p1b: Farigiraf|Imprison|p1b: Farigiraf
|-start|p1b: Farigiraf|move: Imprison
|move|p2b: Sneasler|Dire Claw|p1a: Floette
|-supereffective|p1a: Floette|1
|-damage|p1a: Floette|0 fnt
|faint|p1a: Floette
|cant|p2a: Farigiraf|move: Imprison|Trick Room
|
|upkeep
|
|t:|1782442027
|switch|p1a: Arcanine|Arcanine-Hisui, L50, F|100/100
|turn|2
|
|t:|1782442042
|move|p1a: Arcanine|Flare Blitz|p2a: Farigiraf
|-damage|p2a: Farigiraf|53/100
|move|p1b: Farigiraf|Psychic|p2b: Sneasler
|-supereffective|p2b: Sneasler|2
|-damage|p2b: Sneasler|0 fnt
|faint|p2b: Sneasler
|move|p2a: Farigiraf|Thunderbolt|p1b: Farigiraf
|-damage|p1b: Farigiraf|82/100
|
|upkeep
|
|t:|1782442052
|switch|p2b: Ampharos|Ampharos, L50, F|100/100
|turn|3
|
|t:|1782442060
|detailschange|p2b: Ampharos|Ampharos-Mega, L50, F
|-mega|p2b: Ampharos|Ampharos|Ampharosite
|-ability|p2b: Ampharos|Mold Breaker
|move|p1b: Farigiraf|Helping Hand|p1a: Arcanine
|-singleturn|p1a: Arcanine|Helping Hand|[of] p1b: Farigiraf
|move|p1a: Arcanine|Head Smash|p2b: Ampharos|[miss]
|-miss|p1a: Arcanine|p2b: Ampharos
|move|p2a: Farigiraf|Thunderbolt|p1b: Farigiraf
|-damage|p1b: Farigiraf|61/100
|move|p2b: Ampharos|Dragon Pulse|p1a: Arcanine
|-damage|p1a: Arcanine|35/100
|
|upkeep
|turn|4
|inactive|megafraudette has 30 seconds left.
|
|t:|1782442088
|switch|p1b: Kingambit|Kingambit, L50, F|100/100
|move|p1a: Arcanine|Protect|p1a: Arcanine
|-singleturn|p1a: Arcanine|Protect
|move|p2a: Farigiraf|Thunderbolt|p1a: Arcanine
|-activate|p1a: Arcanine|move: Protect
|move|p2b: Ampharos|Thunderbolt|p1b: Kingambit
|-damage|p1b: Kingambit|44/100
|
|upkeep
|turn|5
|
|t:|1782442097
|switch|p2a: Torkoal|Torkoal, L50, F|100/100
|-weather|SunnyDay|[from] ability: Drought|[of] p2a: Torkoal
|move|p1a: Arcanine|Head Smash|p2b: Ampharos
|-damage|p2b: Ampharos|40/100
|move|p1b: Kingambit|Kowtow Cleave|p2a: Torkoal
|-damage|p2a: Torkoal|55/100
|move|p2b: Ampharos|Thunderbolt|p1b: Kingambit
|-damage|p1b: Kingambit|0 fnt
|faint|p1b: Kingambit
|
|-weather|SunnyDay|[upkeep]
|upkeep
|
|t:|1782442099
|switch|p1b: Farigiraf|Farigiraf, L50, M|61/100
|turn|6
|
|t:|1782442106
|move|p1a: Arcanine|Head Smash|p2a: Torkoal|[miss]
|-miss|p1a: Arcanine|p2a: Torkoal
|move|p1b: Farigiraf|Psychic|p2b: Ampharos
|-damage|p2b: Ampharos|9/100
|move|p2b: Ampharos|Thunderbolt|p1b: Farigiraf
|-damage|p1b: Farigiraf|17/100
|move|p2a: Torkoal|Earth Power|p1a: Arcanine
|-supereffective|p1a: Arcanine|2
|-damage|p1a: Arcanine|0 fnt
|faint|p1a: Arcanine
|
|-weather|SunnyDay|[upkeep]
|upkeep
|turn|7
|-message|megafraudette forfeited.
|
|win|lolgz
