|j|☆zaharba
|j|☆t.a yuuking
|html|zaharbat.a yuuking    
|uhtml|bestof|Game 1 of a best-of-3
|t:|1783451175
|gametype|doubles
|player|p1|zaharba|265|1063
|player|p2|t.a yuuking|red|1016
|gen|9
|tier|[Gen 9 Champions] VGC 2026 Reg M-B (Bo3)
|rated|
|rule|Species Clause: Limit one of each Pokémon
|rule|Item Clause: Limit 1 of each item
|clearpoke
|poke|p1|Raichu, L50, F, shiny|
|poke|p1|Vivillon, L50, F|
|poke|p1|Ninetales-Alola, L50, F, shiny|
|poke|p1|Tyranitar, L50, M|
|poke|p1|Basculegion-F, L50, F|
|poke|p1|Talonflame, L50, F|
|poke|p2|Charizard, L50, M|
|poke|p2|Raichu, L50, M|
|poke|p2|Ninetales, L50, F|
|poke|p2|Vileplume, L50, F|
|poke|p2|Ditto, L50|
|poke|p2|Snorlax, L50, M|
|teampreview|4
|showteam|p1|Raichu||RaichuniteY|LightningRod|FocusBlast,ZapCannon,UpperHand,FakeOut|Timid||F|||50|]Vivillon||ChoiceScarf|CompoundEyes|SleepPowder,RagePowder,Hurricane,Tailwind|Timid||F|||50|]Ninetales-Alola||NeverMeltIce|SnowWarning|Protect,FreezeDry,Blizzard,Encore|Timid||F|||50|]Tyranitar||FocusSash|SandStream|RockSlide,HighHorsepower,Protect,DragonDance|Jolly||M|||50|]Basculegion-F||SpellTag|Adaptability|Protect,Hex,HydroPump,MuddyWater|Modest||F|||50|]Talonflame||LifeOrb|GaleWings|Whirlwind,BraveBird,Overheat,Tailwind|Naive||F|||50|
|showteam|p2|Charizard||CharizarditeY|Blaze|HeatWave,SolarBeam,Protect,Roost|Bold||M|||50|]Raichu||RaichuniteY|Static|ZapCannon,FocusBlast,Protect,VoltSwitch|Timid||M|||50|]Ninetales||ChoiceScarf|Drought|HeatWave,SolarBeam,WeatherBall,FakeTears|Timid||F|||50|]Vileplume||Leftovers|Chlorophyll|SolarBeam,Toxic,Protect,StrengthSap|Timid||F|||50|]Ditto||SitrusBerry|Imposter|Transform|Relaxed|||||50|]Snorlax||ChestoBerry|ThickFat|BodySlam,Yawn,Protect,Rest|Impish||M|||50|
|inactive|Battle timer is ON: inactive players will automatically lose when time's up. (requested by zaharba)
|inactive|t.a yuuking also wants the timer to be on.
|inactive|zaharba has 60 seconds left.
|inactive|t.a yuuking has 60 seconds left.
|
|t:|1783451224
|teamsize|p1|4
|teamsize|p2|4
|start
|switch|p1a: Raichu|Raichu, L50, F, shiny|100/100
|switch|p1b: Tyranitar|Tyranitar, L50, M|100/100
|switch|p2a: Ninetales|Ninetales, L50, F|100/100
|switch|p2b: Vileplume|Vileplume, L50, F|100/100
|-weather|SunnyDay|[from] ability: Drought|[of] p2a: Ninetales
|-weather|Sandstorm|[from] ability: Sand Stream|[of] p1b: Tyranitar
|turn|1
|inactive|zaharba has 30 seconds left.
|inactive|zaharba has 20 seconds left.
|
|t:|1783451259
|switch|p2a: Snorlax|Snorlax, L50, M|100/100
|move|p2b: Vileplume|Protect|p2b: Vileplume
|-singleturn|p2b: Vileplume|Protect
|move|p1a: Raichu|Fake Out|p2b: Vileplume
|-activate|p2b: Vileplume|move: Protect
|move|p1b: Tyranitar|Dragon Dance|p1b: Tyranitar
|-boost|p1b: Tyranitar|atk|1
|-boost|p1b: Tyranitar|spe|1
|
|-weather|Sandstorm|[upkeep]
|-damage|p1a: Raichu|94/100|[from] Sandstorm
|-damage|p2b: Vileplume|93/100|[from] Sandstorm
|-damage|p2a: Snorlax|94/100|[from] Sandstorm
|-heal|p2b: Vileplume|100/100|[from] item: Leftovers
|upkeep
|turn|2
|inactive|zaharba has 30 seconds left.
|inactive|t.a yuuking has 30 seconds left.
|inactive|zaharba has 20 seconds left.
|inactive|t.a yuuking has 20 seconds left.
|inactive|zaharba has 15 seconds left.
|inactive|t.a yuuking has 15 seconds left.
|inactive|zaharba has 10 seconds left.
|
|t:|1783451307
|switch|p1a: Vivillon|Vivillon, L50, F|100/100
|move|p1b: Tyranitar|Rock Slide|p2a: Snorlax|[spread] p2a,p2b
|-damage|p2a: Snorlax|67/100
|-damage|p2b: Vileplume|55/100
|move|p2b: Vileplume|Toxic|p1a: Vivillon
|-status|p1a: Vivillon|tox
|cant|p2a: Snorlax|flinch
|
|-weather|Sandstorm|[upkeep]
|-damage|p1a: Vivillon|94/100 tox|[from] Sandstorm
|-damage|p2b: Vileplume|48/100|[from] Sandstorm
|-damage|p2a: Snorlax|61/100|[from] Sandstorm
|-heal|p2b: Vileplume|55/100|[from] item: Leftovers
|-damage|p1a: Vivillon|88/100 tox|[from] psn
|upkeep
|turn|3
|inactive|t.a yuuking has 30 seconds left.
|
|t:|1783451340
|switch|p2a: Ninetales|Ninetales, L50, F|100/100
|-weather|SunnyDay|[from] ability: Drought|[of] p2a: Ninetales
|move|p1a: Vivillon|Sleep Powder|p2a: Ninetales
|-status|p2a: Ninetales|slp|[from] move: Sleep Powder
|move|p2b: Vileplume|Solar Beam||[still]
|-prepare|p2b: Vileplume|Solar Beam
|-anim|p2b: Vileplume|Solar Beam|p1b: Tyranitar
|-supereffective|p1b: Tyranitar|1
|-damage|p1b: Tyranitar|7/100
|move|p1b: Tyranitar|Dragon Dance|p1b: Tyranitar
|-boost|p1b: Tyranitar|atk|1
|-boost|p1b: Tyranitar|spe|1
|
|-weather|SunnyDay|[upkeep]
|-heal|p2b: Vileplume|61/100|[from] item: Leftovers
|-damage|p1a: Vivillon|76/100 tox|[from] psn
|upkeep
|turn|4
|inactive|t.a yuuking has 30 seconds left.
|inactive|zaharba has 30 seconds left.
|inactive|t.a yuuking has 20 seconds left.
|inactive|t.a yuuking has 15 seconds left.
|inactive|t.a yuuking has 10 seconds left.
|
|t:|1783451386
|switch|p2a: Snorlax|Snorlax, L50, M|61/100
|switch|p1a: Raichu|Raichu, L50, F, shiny|94/100
|move|p2b: Vileplume|Protect|p2b: Vileplume
|-singleturn|p2b: Vileplume|Protect
|move|p1b: Tyranitar|Rock Slide|p2a: Snorlax|[spread] p2a
|-activate|p2b: Vileplume|move: Protect
|-damage|p2a: Snorlax|26/100
|
|-weather|SunnyDay|[upkeep]
|-heal|p2b: Vileplume|67/100|[from] item: Leftovers
|upkeep
|turn|5
|
|t:|1783451411
|move|p2a: Snorlax|Protect|p2a: Snorlax
|-singleturn|p2a: Snorlax|Protect
|move|p1a: Raichu|Fake Out|p2b: Vileplume
|-damage|p2b: Vileplume|58/100
|move|p1b: Tyranitar|Rock Slide|p2a: Snorlax|[spread] p2b
|-activate|p2a: Snorlax|move: Protect
|-damage|p2b: Vileplume|0 fnt
|faint|p2b: Vileplume
|
|-weather|SunnyDay|[upkeep]
|upkeep
|
|t:|1783451429
|switch|p2b: Raichu|Raichu, L50, M|100/100
|turn|6
|
|t:|1783451442
|detailschange|p1a: Raichu|Raichu-Mega-Y, L50, F, shiny
|-mega|p1a: Raichu|Raichu|Raichunite Y
|move|p2b: Raichu|Protect|p2b: Raichu
|-singleturn|p2b: Raichu|Protect
|move|p1a: Raichu|Upper Hand||[still]
|-fail|p1a: Raichu
|move|p1b: Tyranitar|Rock Slide|p2a: Snorlax|[spread] p2a
|-activate|p2b: Raichu|move: Protect
|-damage|p2a: Snorlax|0 fnt
|faint|p2a: Snorlax
|
|-weather|SunnyDay|[upkeep]
|upkeep
|
|t:|1783451456
|switch|p2a: Ninetales|Ninetales, L50, F|100/100 slp
|turn|7
|
|t:|1783451474
|detailschange|p2b: Raichu|Raichu-Mega-Y, L50, M
|-mega|p2b: Raichu|Raichu|Raichunite Y
|cant|p2a: Ninetales|slp
|move|p1b: Tyranitar|Rock Slide|p2a: Ninetales|[spread] p2a,p2b
|-supereffective|p2a: Ninetales|1
|-damage|p2a: Ninetales|0 fnt
|-damage|p2b: Raichu|0 fnt
|faint|p2a: Ninetales
|faint|p2b: Raichu
|
|win|zaharba
|inactive|zaharba has 30 seconds to confirm battle start!
|inactive|t.a yuuking has 30 seconds to confirm battle start!
||zaharba is ready for game 2.
|inactive|t.a yuuking has 20 seconds to confirm battle start!
|inactive|t.a yuuking has 10 seconds to confirm battle start!
|uhtml|next|Next: Game 2 of 3
