|j|☆Gaspar8
|j|☆Lightoz V
|html|Gaspar8Lightoz V    
|uhtml|bestof|Game 1 of a best-of-3
|t:|1757237205
|gametype|doubles
|player|p1|Gaspar8|2|1445
|player|p2|Lightoz V|blue-gen2|1469
|gen|9
|tier|[Gen 9] VGC 2025 Reg H (Bo3)
|rated|
|rule|Species Clause: Limit one of each Pokémon
|rule|Item Clause: Limit 1 of each item
|clearpoke
|poke|p1|Pelipper, L50, M|
|poke|p1|Archaludon, L50, F|
|poke|p1|Amoonguss, L50, F|
|poke|p1|Incineroar, L50, M|
|poke|p1|Basculegion, L50, M|
|poke|p1|Gholdengo, L50|
|poke|p2|Incineroar, L50, M|
|poke|p2|Annihilape, L50, F|
|poke|p2|Dragonite, L50, F|
|poke|p2|Volcarona, L50, M|
|poke|p2|Rillaboom, L50, F|
|poke|p2|Basculegion, L50, M|
|teampreview|4
|showteam|p1|Pelipper||FocusSash|Drizzle|Hurricane,WeatherBall,Tailwind,Protect|||M|||50|,,,,,Ghost]Archaludon||AssaultVest|Stamina|ElectroShot,FlashCannon,Snarl,BodyPress|||F|||50|,,,,,Bug]Amoonguss||RockyHelmet|Regenerator|PollenPuff,Spore,RagePowder,Protect|||F|||50|,,,,,Fairy]Incineroar||SitrusBerry|Intimidate|FlareBlitz,KnockOff,FakeOut,PartingShot|||M|||50|,,,,,Ghost]Basculegion||ChoiceBand|SwiftSwim|WaveCrash,LastRespects,FlipTurn,AquaJet|||M|||50|,,,,,Water]Gholdengo||LifeOrb|GoodasGold|MakeItRain,ShadowBall,NastyPlot,Protect||||||50|,,,,,Water
|showteam|p2|Incineroar||SitrusBerry|Intimidate|FlareBlitz,KnockOff,FakeOut,PartingShot|||M|||50|,,,,,Ghost]Annihilape||SafetyGoggles|Defiant|CloseCombat,RageFist,Coaching,FinalGambit|||F|||50|,,,,,Water]Dragonite||LoadedDice|Multiscale|ScaleShot,SunnyDay,Haze,Protect|||F|||50|,,,,,Fairy]Volcarona||Leftovers|FlameBody|HeatWave,TeraBlast,QuiverDance,Protect|||M|||50|,,,,,Fairy]Rillaboom||AssaultVest|GrassySurge|WoodHammer,GrassyGlide,HighHorsepower,FakeOut|||F|||50|,,,,,Fire]Basculegion||ChoiceScarf|Adaptability|WaveCrash,LastRespects,FlipTurn,AquaJet|||M|||50|,,,,,Water
|
|t:|1757237236
|teamsize|p1|4
|teamsize|p2|4
|start
|switch|p1a: Pelipper|Pelipper, L50, M, shiny|100/100
|switch|p1b: Archaludon|Archaludon, L50, F, shiny|100/100
|switch|p2a: Dragonite|Dragonite, L50, F|100/100
|switch|p2b: Rillaboom|Rillaboom, L50, F, shiny|100/100
|-fieldstart|move: Grassy Terrain|[from] ability: Grassy Surge|[of] p2b: Rillaboom
|-weather|RainDance|[from] ability: Drizzle|[of] p1a: Pelipper
|turn|1
|
|t:|1757237253
|move|p1a: Pelipper|Protect|p1a: Pelipper
|-singleturn|p1a: Pelipper|Protect
|move|p2b: Rillaboom|Fake Out|p1a: Pelipper
|-activate|p1a: Pelipper|move: Protect
|move|p2a: Dragonite|Sunny Day|p2a: Dragonite
|-weather|SunnyDay
|move|p1b: Archaludon|Electro Shot||[still]
|-prepare|p1b: Archaludon|Electro Shot
|-boost|p1b: Archaludon|spa|1
|
|-weather|SunnyDay|[upkeep]
|upkeep
|turn|2
|
|t:|1757237266
|switch|p1a: Incineroar|Incineroar, L50, M|100/100
|-ability|p1a: Incineroar|Intimidate|boost
|-unboost|p2a: Dragonite|atk|1
|-unboost|p2b: Rillaboom|atk|1
|move|p2b: Rillaboom|Grassy Glide|p1a: Incineroar
|-resisted|p1a: Incineroar
|-damage|p1a: Incineroar|90/100
|move|p2a: Dragonite|Scale Shot|p1a: Incineroar|[miss]
|-miss|p2a: Dragonite|p1a: Incineroar
|move|p1b: Archaludon|Electro Shot|p2a: Dragonite|[from] lockedmove
|-damage|p2a: Dragonite|69/100
|
|-weather|SunnyDay|[upkeep]
|-heal|p1a: Incineroar|96/100|[from] Grassy Terrain
|upkeep
|turn|3
|
|t:|1757237288
|switch|p2b: Annihilape|Annihilape, L50, F, shiny|100/100
|move|p2a: Dragonite|Protect|p2a: Dragonite
|-singleturn|p2a: Dragonite|Protect
|move|p1b: Archaludon|Flash Cannon|p2a: Dragonite
|-activate|p2a: Dragonite|move: Protect
|move|p1a: Incineroar|Knock Off|p2a: Dragonite
|-activate|p2a: Dragonite|move: Protect
|
|-weather|SunnyDay|[upkeep]
|-heal|p1a: Incineroar|100/100|[from] Grassy Terrain
|upkeep
|turn|4
|
|t:|1757237302
|switch|p1a: Pelipper|Pelipper, L50, M, shiny|100/100
|-weather|RainDance|[from] ability: Drizzle|[of] p1a: Pelipper
|move|p2b: Annihilape|Close Combat|p1a: Pelipper
|-resisted|p1a: Pelipper
|-damage|p1a: Pelipper|75/100
|-unboost|p2b: Annihilape|def|1
|-unboost|p2b: Annihilape|spd|1
|move|p2a: Dragonite|Scale Shot|p1a: Pelipper
|-damage|p1a: Pelipper|63/100
|-damage|p1a: Pelipper|53/100
|-damage|p1a: Pelipper|42/100
|-damage|p1a: Pelipper|31/100
|-damage|p1a: Pelipper|21/100
|-hitcount|p1a: Pelipper|5
|-unboost|p2a: Dragonite|def|1
|-boost|p2a: Dragonite|spe|1
|move|p1b: Archaludon|Electro Shot||[still]
|-prepare|p1b: Archaludon|Electro Shot
|-boost|p1b: Archaludon|spa|1
|-anim|p1b: Archaludon|Electro Shot|p2a: Dragonite
|-damage|p2a: Dragonite|0 fnt
|faint|p2a: Dragonite
|
|-weather|RainDance|[upkeep]
|upkeep
|
|t:|1757237323
|switch|p2a: Volcarona|Volcarona, L50, M|100/100
|turn|5
|inactive|Battle timer is ON: inactive players will automatically lose when time's up. (requested by Gaspar8)
|
|t:|1757237338
|-terastallize|p2a: Volcarona|Fairy
|move|p2b: Annihilape|Final Gambit|p1b: Archaludon
|-damage|p1b: Archaludon|0 fnt
|faint|p2b: Annihilape
|faint|p1b: Archaludon
|move|p2a: Volcarona|Quiver Dance|p2a: Volcarona
|-boost|p2a: Volcarona|spa|1
|-boost|p2a: Volcarona|spd|1
|-boost|p2a: Volcarona|spe|1
|move|p1a: Pelipper|Hurricane|p2a: Volcarona
|-damage|p2a: Volcarona|71/100
|
|-weather|RainDance|[upkeep]
|-heal|p2a: Volcarona|77/100|[from] Grassy Terrain
|-heal|p2a: Volcarona|84/100|[from] item: Leftovers
|-fieldend|move: Grassy Terrain
|upkeep
|
|t:|1757237354
|switch|p2b: Rillaboom|Rillaboom, L50, F, shiny|100/100
|switch|p1b: Basculegion|Basculegion, L50, M|100/100
|-fieldstart|move: Grassy Terrain|[from] ability: Grassy Surge|[of] p2b: Rillaboom
|turn|6
|
|t:|1757237374
|switch|p1a: Incineroar|Incineroar, L50, M|100/100
|-ability|p1a: Incineroar|Intimidate|boost
|-unboost|p2a: Volcarona|atk|1
|-unboost|p2b: Rillaboom|atk|1
|move|p2a: Volcarona|Protect|p2a: Volcarona
|-singleturn|p2a: Volcarona|Protect
|move|p2b: Rillaboom|Grassy Glide|p1b: Basculegion
|-supereffective|p1b: Basculegion
|-damage|p1b: Basculegion|27/100
|move|p1b: Basculegion|Last Respects|p2b: Rillaboom
|-damage|p2b: Rillaboom|28/100
|
|-weather|RainDance|[upkeep]
|-heal|p1b: Basculegion|33/100|[from] Grassy Terrain
|-heal|p2a: Volcarona|90/100|[from] Grassy Terrain
|-heal|p2a: Volcarona|96/100|[from] item: Leftovers
|-heal|p2b: Rillaboom|34/100|[from] Grassy Terrain
|upkeep
|turn|7
|
|t:|1757237397
|move|p1a: Incineroar|Fake Out|p2b: Rillaboom
|-damage|p2b: Rillaboom|24/100
|cant|p2b: Rillaboom|flinch
|move|p1b: Basculegion|Last Respects|p2a: Volcarona
|-damage|p2a: Volcarona|13/100
|move|p2a: Volcarona|Tera Blast|p1a: Incineroar|[anim] Tera Blast Fairy
|-crit|p1a: Incineroar
|-damage|p1a: Incineroar|16/100
|-enditem|p1a: Incineroar|Sitrus Berry|[eat]
|-heal|p1a: Incineroar|41/100|[from] item: Sitrus Berry
|
|-weather|RainDance|[upkeep]
|-heal|p1b: Basculegion|39/100|[from] Grassy Terrain
|-heal|p2a: Volcarona|19/100|[from] Grassy Terrain
|-heal|p2a: Volcarona|25/100|[from] item: Leftovers
|-heal|p2b: Rillaboom|30/100|[from] Grassy Terrain
|-heal|p1a: Incineroar|47/100|[from] Grassy Terrain
|upkeep
|turn|8
|inactive|Gaspar8 has 30 seconds left.
|
|t:|1757237425
|switch|p1b: Pelipper|Pelipper, L50, M, shiny|21/100
|move|p2b: Rillaboom|Grassy Glide|p1b: Pelipper
|-crit|p1b: Pelipper
|-damage|p1b: Pelipper|0 fnt
|faint|p1b: Pelipper
|move|p2a: Volcarona|Tera Blast|p1a: Incineroar|[anim] Tera Blast Fairy
|-damage|p1a: Incineroar|0 fnt
|faint|p1a: Incineroar
|
|-weather|none
|-heal|p2a: Volcarona|32/100|[from] Grassy Terrain
|-heal|p2a: Volcarona|38/100|[from] item: Leftovers
|-heal|p2b: Rillaboom|36/100|[from] Grassy Terrain
|upkeep
|
|t:|1757237441
|switch|p1b: Basculegion|Basculegion, L50, M|39/100
|turn|9
|
|t:|1757237447
|-terastallize|p1b: Basculegion|Water
|move|p1b: Basculegion|Aqua Jet|p2a: Volcarona
|-damage|p2a: Volcarona|0 fnt
|-status|p1b: Basculegion|brn|[from] ability: Flame Body|[of] p2a: Volcarona
|faint|p2a: Volcarona
|move|p2b: Rillaboom|Grassy Glide|p1b: Basculegion
|-supereffective|p1b: Basculegion
|-damage|p1b: Basculegion|0 fnt
|faint|p1b: Basculegion
|
|win|Lightoz V
||Lightoz V is ready for game 2.
|inactive|Gaspar8 has 30 seconds to confirm battle start!
|l|☆Gaspar8
|player|p1|
||Gaspar8 is ready for game 2.
|uhtml|next|Next: Game 2 of 3
