|j|☆GoofyGifts
|j|☆Rin0816
|html|GoofyGiftsRin0816    
|uhtml|bestof|Game 1 of a best-of-3
|t:|1756936837
|gametype|doubles
|player|p1|GoofyGifts|blue|
|player|p2|Rin0816|265|
|gen|9
|tier|[Gen 9] VGC 2025 Reg H (Bo3)
|rule|Species Clause: Limit one of each Pokémon
|rule|Item Clause: Limit 1 of each item
|clearpoke
|poke|p1|Indeedee, L50, M|
|poke|p1|Drifblim, L50, M|
|poke|p1|Volcarona, L50, F|
|poke|p1|Kommo-o, L50, M|
|poke|p1|Toxtricity, L50, M|
|poke|p1|Hydreigon, L50, M|
|poke|p2|Incineroar, L50, F|
|poke|p2|Amoonguss, L50, M|
|poke|p2|Ursaluna-Bloodmoon, L50, M|
|poke|p2|Dragonite, L50, F|
|poke|p2|Sneasler, L50, F|
|poke|p2|Gholdengo, L50|
|teampreview|4
|showteam|p1|Indeedee||FocusSash|PsychicSurge|ExpandingForce,TeraBlast,Imprison,TrickRoom|||M|||50|,,,,,Ground]Drifblim||PsychicSeed|Unburden|Acrobatics,WillOWisp,StrengthSap,Tailwind|||M|||50|,,,,,Grass]Volcarona||LifeOrb|FlameBody|BugBuzz,HeatWave,TeraBlast,Protect|||F|||50|,,,,,Fairy]Kommo-o||Leftovers|Soundproof|BodyPress,Flamethrower,IronDefense,Protect|||M|||50|,,,,,Fire]Toxtricity||ChoiceSpecs|PunkRock|Overdrive,Boomburst,SludgeBomb,VoltSwitch|||M|||50|,,,,,Normal]Hydreigon||AssaultVest|Levitate|DarkPulse,DracoMeteor,EarthPower,Snarl|||M|||50|,,,,,Ghost
|showteam|p2|Incineroar||SafetyGoggles|Intimidate|FlareBlitz,KnockOff,FakeOut,PartingShot|||F|||50|,,,,,Ghost]Amoonguss||SitrusBerry|Regenerator|PollenPuff,Spore,RagePowder,Protect|||M|||50|,,,,,Psychic]Ursaluna-Bloodmoon||AssaultVest|MindsEye|HyperVoice,BloodMoon,EarthPower,VacuumWave|||M|||50|,,,,,Water]Dragonite||LoadedDice|Multiscale|ScaleShot,Tailwind,Haze,Protect|||F|||50|,,,,,Fairy]Sneasler||FocusSash|Unburden|CloseCombat,DireClaw,ThroatChop,Protect|||F|||50|,,,,,Stellar]Gholdengo||LifeOrb|GoodasGold|MakeItRain,ShadowBall,NastyPlot,Protect||||||50|,,,,,Water
|
|t:|1756936868
|teamsize|p1|4
|teamsize|p2|4
|start
|switch|p1a: Medic|Drifblim, L50, M|100/100
|switch|p1b: Grooker|Toxtricity, L50, M, shiny|100/100
|switch|p2a: Gholdengo|Gholdengo, L50|100/100
|switch|p2b: Ursaluna|Ursaluna-Bloodmoon, L50, M|100/100
|turn|1
|
|t:|1756936992
|move|p2a: Gholdengo|Make It Rain|p1b: Grooker|[spread] p1a,p1b
|-resisted|p1b: Grooker
|-damage|p1a: Medic|39/100
|-damage|p1b: Grooker|58/100
|-unboost|p2a: Gholdengo|spa|1
|-damage|p2a: Gholdengo|91/100|[from] item: Life Orb
|move|p1a: Medic|Tailwind|p1a: Medic
|-sidestart|p1: GoofyGifts|move: Tailwind
|move|p1b: Grooker|Volt Switch|p2a: Gholdengo
|-damage|p2a: Gholdengo|30/100
|
|t:|1756937003
|switch|p1b: King dedede|Indeedee, L50, M|100/100|[from] Volt Switch
|-fieldstart|move: Psychic Terrain|[from] ability: Psychic Surge|[of] p1b: King dedede
|-enditem|p1a: Medic|Psychic Seed
|-boost|p1a: Medic|spd|1|[from] item: Psychic Seed
|move|p2b: Ursaluna|Hyper Voice|p1b: King dedede|[spread] p1a,p1b
|-damage|p1a: Medic|14/100
|-damage|p1b: King dedede|51/100
|
|upkeep
|turn|2
|
|t:|1756937037
|-terastallize|p2b: Ursaluna|Water
|move|p2a: Gholdengo|Protect|p2a: Gholdengo
|-singleturn|p2a: Gholdengo|Protect
|move|p2b: Ursaluna|Vacuum Wave|p1b: King dedede
|-activate|p1b: King dedede|move: Psychic Terrain
|move|p1a: Medic|Will-O-Wisp|p2a: Gholdengo
|-activate|p2a: Gholdengo|move: Protect
|move|p1b: King dedede|Expanding Force|p2a: Gholdengo|[spread] p2b
|-activate|p2a: Gholdengo|move: Protect
|-damage|p2b: Ursaluna|65/100
|
|upkeep
|turn|3
|
|t:|1756937087
|move|p1a: Medic|Will-O-Wisp|p2a: Gholdengo
|-immune|p2a: Gholdengo|[from] ability: Good as Gold
|move|p1b: King dedede|Expanding Force|p2b: Ursaluna|[spread] p2a,p2b
|-resisted|p2a: Gholdengo
|-damage|p2a: Gholdengo|2/100
|-damage|p2b: Ursaluna|33/100
|move|p2a: Gholdengo|Make It Rain|p1b: King dedede|[spread] p1a,p1b
|-damage|p1a: Medic|0 fnt
|-damage|p1b: King dedede|0 fnt
|-unboost|p2a: Gholdengo|spa|1
|faint|p1a: Medic
|faint|p1b: King dedede
|-damage|p2a: Gholdengo|0 fnt|[from] item: Life Orb
|faint|p2a: Gholdengo
|move|p2b: Ursaluna|Hyper Voice|p1: Medic|[notarget]
|-fail|p2b: Ursaluna
|
|upkeep
|
|t:|1756937104
|switch|p1b: Bowser|Hydreigon, L50, M|100/100
|switch|p2a: Sneasler|Sneasler, L50, F|100/100
|switch|p1a: Grooker|Toxtricity, L50, M, shiny|58/100
|turn|4
|
|t:|1756937200
|switch|p2a: Amoonguss|Amoonguss, L50, M|100/100
|move|p1b: Bowser|Earth Power|p2a: Amoonguss
|-damage|p2a: Amoonguss|74/100
|move|p1a: Grooker|Overdrive|p2b: Ursaluna|[spread] p2a,p2b
|-resisted|p2a: Amoonguss
|-supereffective|p2b: Ursaluna
|-damage|p2a: Amoonguss|48/100
|-damage|p2b: Ursaluna|0 fnt
|-enditem|p2a: Amoonguss|Sitrus Berry|[eat]
|-heal|p2a: Amoonguss|73/100|[from] item: Sitrus Berry
|faint|p2b: Ursaluna
|
|-sideend|p1: GoofyGifts|move: Tailwind
|upkeep
|
|t:|1756937214
|switch|p2b: Sneasler|Sneasler, L50, F|100/100
|turn|5
|
|t:|1756937245
|move|p2b: Sneasler|Close Combat|p1a: Grooker
|-resisted|p1a: Grooker
|-damage|p1a: Grooker|8/100
|-unboost|p2b: Sneasler|def|1
|-unboost|p2b: Sneasler|spd|1
|move|p1b: Bowser|Earth Power|p2b: Sneasler
|-supereffective|p2b: Sneasler
|-crit|p2b: Sneasler
|-enditem|p2b: Sneasler|Focus Sash
|-damage|p2b: Sneasler|1/100
|move|p1a: Grooker|Overdrive|p2a: Amoonguss|[spread] p2a,p2b
|-resisted|p2a: Amoonguss
|-crit|p2a: Amoonguss
|-damage|p2a: Amoonguss|36/100
|-damage|p2b: Sneasler|0 fnt
|faint|p2b: Sneasler
|move|p2a: Amoonguss|Pollen Puff|p2: Sneasler|[notarget]
|-fail|p2a: Amoonguss
|
|-fieldend|move: Psychic Terrain
|upkeep
|turn|6
|
|t:|1756937271
|move|p1b: Bowser|Draco Meteor|p2a: Amoonguss
|-damage|p2a: Amoonguss|0 fnt
|-unboost|p1b: Bowser|spa|2
|faint|p2a: Amoonguss
|
|win|GoofyGifts
||GoofyGifts is ready for game 2.
||Rin0816 is ready for game 2.
|uhtml|next|Next: Game 2 of 3
|l|☆GoofyGifts
|player|p1|
|l|☆Rin0816
|player|p2|
|j|☆GoofyGifts
|player|p1|GoofyGifts|blue|
