|j|☆danny2511
|j|☆LastHorzion
|html|danny2511LastHorzion    
|uhtml|bestof|Game 2 of a best-of-3
|t:|1757739022
|gametype|doubles
|player|p1|danny2511|170|1060
|player|p2|LastHorzion|steven|1146
|gen|9
|tier|[Gen 9] VGC 2025 Reg H (Bo3)
|rated|
|rule|Species Clause: Limit one of each Pokémon
|rule|Item Clause: Limit 1 of each item
|clearpoke
|poke|p1|Incineroar, L50, M|
|poke|p1|Dragapult, L50, F|
|poke|p1|Palafin, L50, M|
|poke|p1|Amoonguss, L50, F|
|poke|p1|Talonflame, L50, M|
|poke|p1|Weezing-Galar, L50, F|
|poke|p2|Sneasler, L50, M|
|poke|p2|Indeedee, L50, M|
|poke|p2|Ursaluna-Bloodmoon, L50, M|
|poke|p2|Electabuzz, L50, M|
|poke|p2|Tyranitar, L50, F|
|poke|p2|Dragapult, L50, M|
|teampreview|4
|showteam|p1|Incineroar||AbilityShield|Intimidate|FakeOut,KnockOff,FlareBlitz,PartingShot|||M|||50|,,,,,Ghost]Dragapult||ChoiceBand|ClearBody|DragonDarts,PhantomForce,BreakingSwipe,Uturn|||F|||50|,,,,,Dragon]Palafin||MysticWater|ZerotoHero|CloseCombat,WaveCrash,Haze,FlipTurn|||M|||50|,,,,,Water]Amoonguss||RockyHelmet|Regenerator|Spore,RagePowder,PollenPuff,Protect|||F|||50|,,,,,Water]Talonflame||CovertCloak|GaleWings|FlareBlitz,DualWingbeat,WillOWisp,Tailwind|||M|||50|,,,,,Fairy]Weezing-Galar||ChoiceSpecs|NeutralizingGas|DazzlingGleam,SludgeBomb,StrangeSteam,HeatWave|||F|||50|,,,,,Dark
|showteam|p2|Sneasler||PsychicSeed|Unburden|CloseCombat,DireClaw,ThroatChop,Protect|||M|||50|,,,,,Dark]Indeedee||FocusSash|PsychicSurge|ExpandingForce,TrickRoom,Imprison,Protect|||M|||50|,,,,,Psychic]Ursaluna-Bloodmoon||LifeOrb|MindsEye|BloodMoon,HyperVoice,EarthPower,Protect|||M|||50|,,,,,Normal]Electabuzz||Eviolite|VitalSpirit|Electroweb,FollowMe,Taunt,Protect|||M|||50|,,,,,Dragon]Tyranitar||AssaultVest|SandStream|KnockOff,TeraBlast,RockSlide,LowKick|||F|||50|,,,,,Flying]Dragapult||ChoiceBand|ClearBody|DragonDarts,Uturn,PhantomForce,Outrage|||M|||50|,,,,,Dragon
|inactive|Battle timer is ON: inactive players will automatically lose when time's up. (requested by LastHorzion)
|
|t:|1757739034
|teamsize|p1|4
|teamsize|p2|4
|start
|switch|p1a: Weezing|Weezing-Galar, L50, F, shiny|100/100
|switch|p1b: Palafin|Palafin, L50, M, shiny|100/100
|switch|p2a: Electabuzz|Electabuzz, L50, M|100/100
|switch|p2b: Ursaluna|Ursaluna-Bloodmoon, L50, M|100/100
|-ability|p1a: Weezing|Neutralizing Gas
|turn|1
|inactive|LastHorzion has 30 seconds left.
|
|t:|1757739063
|-end|p1a: Weezing|ability: Neutralizing Gas
|switch|p1a: Incineroar|Incineroar, L50, M|100/100
|-ability|p1a: Incineroar|Intimidate|boost
|-unboost|p2a: Electabuzz|atk|1
|-unboost|p2b: Ursaluna|atk|1
|move|p2a: Electabuzz|Electroweb|p1b: Palafin|[spread] p1a,p1b
|-supereffective|p1b: Palafin
|-damage|p1a: Incineroar|89/100
|-damage|p1b: Palafin|65/100
|-unboost|p1a: Incineroar|spe|1
|-unboost|p1b: Palafin|spe|1
|move|p1b: Palafin|Flip Turn|p2b: Ursaluna
|-supereffective|p2b: Ursaluna
|-crit|p2b: Ursaluna
|-damage|p2b: Ursaluna|37/100
|
|t:|1757739078
|detailschange|p1b: Palafin|Palafin-Hero, L50, M, shiny
|switch|p1b: Weezing|Weezing-Galar, L50, F, shiny|100/100|[from] Flip Turn
|-ability|p1b: Weezing|Neutralizing Gas
|-block|p1a: Incineroar|item: Ability Shield
|move|p2b: Ursaluna|Blood Moon|p1a: Incineroar
|-damage|p1a: Incineroar|0 fnt
|faint|p1a: Incineroar
|-damage|p2b: Ursaluna|27/100|[from] item: Life Orb
|
|upkeep
|
|t:|1757739090
|switch|p1a: Palafin|Palafin-Hero, L50, M, shiny|65/100
|-activate|p1a: Palafin|ability: Zero to Hero
|turn|2
|
|t:|1757739102
|-terastallize|p2a: Electabuzz|Dragon
|move|p2a: Electabuzz|Follow Me|p2a: Electabuzz
|-singleturn|p2a: Electabuzz|move: Follow Me
|move|p1a: Palafin|Flip Turn|p2a: Electabuzz
|-resisted|p2a: Electabuzz
|-damage|p2a: Electabuzz|80/100
|
|t:|1757739110
|switch|p1a: Dragapult|Dragapult, L50, F, shiny|100/100|[from] Flip Turn
|move|p2b: Ursaluna|Earth Power|p1b: Weezing
|-supereffective|p1b: Weezing
|-crit|p1b: Weezing
|-damage|p1b: Weezing|0 fnt
|faint|p1b: Weezing
|-end|p1b: Weezing|ability: Neutralizing Gas
|-damage|p2b: Ursaluna|18/100|[from] item: Life Orb
|
|upkeep
|
|t:|1757739121
|switch|p1b: Palafin|Palafin-Hero, L50, M, shiny|65/100
|turn|3
|inactive|LastHorzion has 30 seconds left.
|inactive|LastHorzion has 20 seconds left.
|
|t:|1757739157
|move|p1a: Dragapult|Dragon Darts|p2a: Electabuzz
|-supereffective|p2a: Electabuzz
|-damage|p2a: Electabuzz|0 fnt
|-anim|p1a: Dragapult|Dragon Darts|p2b: Ursaluna
|-damage|p2b: Ursaluna|0 fnt
|faint|p2a: Electabuzz
|faint|p2b: Ursaluna
|move|p1b: Palafin|Wave Crash|p2: Electabuzz|[notarget]
|-fail|p1b: Palafin
|
|upkeep
|
|t:|1757739160
|switch|p2a: Sneasler|Sneasler, L50, M|100/100
|switch|p2b: Indeedee|Indeedee, L50, M|100/100
|-fieldstart|move: Psychic Terrain|[from] ability: Psychic Surge|[of] p2b: Indeedee
|-enditem|p2a: Sneasler|Psychic Seed
|-boost|p2a: Sneasler|spd|1|[from] item: Psychic Seed
|turn|4
|
|t:|1757739177
|move|p2a: Sneasler|Throat Chop|p1a: Dragapult
|-supereffective|p1a: Dragapult
|-damage|p1a: Dragapult|11/100
|-start|p1a: Dragapult|Throat Chop|[silent]
|move|p1a: Dragapult|Dragon Darts|p2a: Sneasler
|-crit|p2a: Sneasler
|-damage|p2a: Sneasler|6/100
|-anim|p1a: Dragapult|Dragon Darts|p2b: Indeedee
|-damage|p2b: Indeedee|14/100
|move|p2b: Indeedee|Expanding Force|p1b: Palafin|[spread] p1a,p1b
|-damage|p1a: Dragapult|0 fnt
|-damage|p1b: Palafin|13/100
|faint|p1a: Dragapult
|move|p1b: Palafin|Wave Crash|p2b: Indeedee
|-damage|p2b: Indeedee|0 fnt
|faint|p2b: Indeedee
|-damage|p1b: Palafin|10/100|[from] Recoil
|
|upkeep
|turn|5
|
|t:|1757739194
|move|p2a: Sneasler|Dire Claw|p1b: Palafin
|-damage|p1b: Palafin|0 fnt
|faint|p1b: Palafin
|
|win|LastHorzion
|raw|danny2511's rating: 1060 → 1046(-14 for losing)
|raw|LastHorzion's rating: 1146 → 1165(+19 for winning)
|l|☆LastHorzion
|player|p2|
|l|☆danny2511
|player|p1|
