|j|☆soren.sp
|j|☆JNEST
|html|soren.spJNEST    
|uhtml|bestof|Game 1 of a best-of-3
|t:|1756157826
|gametype|doubles
|player|p1|soren.sp|cynthia-gen4|1124
|player|p2|JNEST|veteran-gen4|1196
|gen|9
|tier|[Gen 9] VGC 2025 Reg H (Bo3)
|rated|
|rule|Species Clause: Limit one of each Pokémon
|rule|Item Clause: Limit 1 of each item
|clearpoke
|poke|p1|Lilligant-Hisui, L50, F|
|poke|p1|Hatterene, L50, F|
|poke|p1|Ursaluna, L50, F|
|poke|p1|Indeedee-F, L50, F|
|poke|p1|Torkoal, L50, M|
|poke|p1|Gallade, L50, M|
|poke|p2|Weezing, L50, M|
|poke|p2|Indeedee, L50, M|
|poke|p2|Incineroar, L50, M|
|poke|p2|Annihilape, L50, F|
|poke|p2|Tyranitar, L50, M|
|poke|p2|Corviknight, L50, M|
|teampreview|4
|showteam|p1|Lilligant-Hisui||FocusSash|Chlorophyll|LeafBlade,AfterYou,CloseCombat,SleepPowder|||F|||50|,,,,,Ghost]Hatterene||CovertCloak|MagicBounce|DazzlingGleam,ExpandingForce,TrickRoom,MysticalFire|||F|||50|,,,,,Fire]Ursaluna||FlameOrb|Guts|Facade,HeadlongRush,Earthquake,Protect|||F|||50|,,,,,Ghost]Indeedee-F||PsychicSeed|PsychicSurge|Psychic,TrickRoom,HelpingHand,FollowMe|||F|||50|,,,,,Fairy]Torkoal||ChoiceSpecs|Drought|Eruption,WeatherBall,HeatWave,EarthPower|||M|||50|,,,,,Fire]Gallade||ClearAmulet|Sharpness|PsychoCut,SacredSword,TrickRoom,WideGuard|||M|||50|,,,,,Grass
|showteam|p2|Weezing||SitrusBerry|NeutralizingGas|Protect,Taunt,WillOWisp,SludgeBomb|||M|||50|,,,,,Ghost]Indeedee||ChoiceScarf|PsychicSurge|ExpandingForce,TeraBlast,Trick,HyperVoice|||M|||50|,,,,,Fighting]Incineroar||AbilityShield|Intimidate|KnockOff,FlareBlitz,FakeOut,PartingShot|||M|||50|,,,,,Ghost]Annihilape||SafetyGoggles|Defiant|Taunt,RageFist,CloseCombat,FinalGambit|||F|||50|,,,,,Fairy]Tyranitar||AssaultVest|SandStream|RockSlide,KnockOff,TeraBlast,LowKick|||M|||50|,,,,,Flying]Corviknight||Leftovers|MirrorArmor|BraveBird,Tailwind,Roost,BulkUp|||M|||50|,,,,,Dragon
|inactive|Battle timer is ON: inactive players will automatically lose when time's up. (requested by JNEST)
|inactive|soren.sp has 60 seconds left.
|inactive|soren.sp has 30 seconds left.
|
|t:|1756157894
|teamsize|p1|4
|teamsize|p2|4
|start
|switch|p1a: Lilligant|Lilligant-Hisui, L50, F|100/100
|switch|p1b: Torkoal|Torkoal, L50, M|100/100
|switch|p2a: Weezing|Weezing, L50, M|100/100
|switch|p2b: Annihilape|Annihilape, L50, F|100/100
|-ability|p2a: Weezing|Neutralizing Gas
|turn|1
|
|t:|1756157909
|move|p1a: Lilligant|After You|p1b: Torkoal
|-activate|p1b: Torkoal|move: After You
|move|p1b: Torkoal|Eruption|p2b: Annihilape|[spread] p2a,p2b
|-damage|p2a: Weezing|38/100
|-damage|p2b: Annihilape|31/100
|-enditem|p2a: Weezing|Sitrus Berry|[eat]
|-heal|p2a: Weezing|63/100|[from] item: Sitrus Berry
|move|p2b: Annihilape|Taunt|p1a: Lilligant
|-start|p1a: Lilligant|move: Taunt
|move|p2a: Weezing|Sludge Bomb|p1b: Torkoal
|-damage|p1b: Torkoal|65/100
|
|upkeep
|turn|2
|inactive|soren.sp has 30 seconds left.
|inactive|soren.sp has 20 seconds left.
|inactive|soren.sp has 15 seconds left.
|
|t:|1756157950
|move|p1a: Lilligant|Leaf Blade|p2b: Annihilape
|-crit|p2b: Annihilape
|-damage|p2b: Annihilape|0 fnt
|faint|p2b: Annihilape
|move|p2a: Weezing|Sludge Bomb|p1a: Lilligant
|-supereffective|p1a: Lilligant
|-damage|p1a: Lilligant|20/100
|move|p1b: Torkoal|Eruption|p2a: Weezing
|-damage|p2a: Weezing|1/100
|
|upkeep
|
|t:|1756157961
|switch|p2b: Tyranitar|Tyranitar, L50, M|100/100
|turn|3
|
|t:|1756157969
|-terastallize|p2b: Tyranitar|Flying
|move|p2a: Weezing|Protect|p2a: Weezing
|-singleturn|p2a: Weezing|Protect
|move|p1a: Lilligant|Close Combat|p2b: Tyranitar
|-resisted|p2b: Tyranitar
|-damage|p2b: Tyranitar|77/100
|-unboost|p1a: Lilligant|def|1
|-unboost|p1a: Lilligant|spd|1
|move|p2b: Tyranitar|Rock Slide|p1b: Torkoal|[spread] p1a,p1b
|-resisted|p1a: Lilligant
|-supereffective|p1b: Torkoal
|-damage|p1a: Lilligant|0 fnt
|-damage|p1b: Torkoal|21/100
|faint|p1a: Lilligant
|cant|p1b: Torkoal|flinch
|
|upkeep
|
|t:|1756157978
|switch|p1a: Indeedee|Indeedee-F, L50, F|100/100
|turn|4
|
|t:|1756157992
|move|p2b: Tyranitar|Rock Slide|p1a: Indeedee|[spread] p1a,p1b
|-supereffective|p1b: Torkoal
|-damage|p1a: Indeedee|71/100
|-damage|p1b: Torkoal|0 fnt
|faint|p1b: Torkoal
|move|p2a: Weezing|Taunt|p1a: Indeedee
|-start|p1a: Indeedee|move: Taunt
|cant|p1a: Indeedee|move: Taunt|Trick Room
|
|upkeep
|
|t:|1756157996
|switch|p1b: Ursaluna|Ursaluna, L50, F|100/100
|turn|5
|
|t:|1756158015
|-terastallize|p1b: Ursaluna|Ghost
|move|p2a: Weezing|Protect|p2a: Weezing
|-singleturn|p2a: Weezing|Protect
|move|p2b: Tyranitar|Knock Off|p1a: Indeedee
|-supereffective|p1a: Indeedee
|-damage|p1a: Indeedee|0 fnt
|-enditem|p1a: Indeedee|Psychic Seed|[from] move: Knock Off|[of] p2b: Tyranitar
|faint|p1a: Indeedee
|move|p1b: Ursaluna|Facade|p2b: Tyranitar
|-damage|p2b: Tyranitar|40/100
|
|-status|p1b: Ursaluna|brn|[from] item: Flame Orb
|upkeep
|turn|6
|
|t:|1756158030
|move|p2b: Tyranitar|Knock Off|p1b: Ursaluna
|-supereffective|p1b: Ursaluna
|-damage|p1b: Ursaluna|17/100 brn
|-enditem|p1b: Ursaluna|Flame Orb|[from] move: Knock Off|[of] p2b: Tyranitar
|move|p2a: Weezing|Sludge Bomb|p1b: Ursaluna
|-resisted|p1b: Ursaluna
|-crit|p1b: Ursaluna
|-damage|p1b: Ursaluna|0 fnt
|faint|p1b: Ursaluna
|
|win|JNEST
