|j|☆GIRLHELL1998
|j|☆real glados
|html|GIRLHELL1998real glados    
|uhtml|bestof|Game 2 of a best-of-3
|t:|1756243229
|gametype|doubles
|player|p1|GIRLHELL1998|roxie|1058
|player|p2|real glados|169|1000
|gen|9
|tier|[Gen 9] VGC 2025 Reg H (Bo3)
|rated|
|rule|Species Clause: Limit one of each Pokémon
|rule|Item Clause: Limit 1 of each item
|clearpoke
|poke|p1|Ursaluna, L50, M|
|poke|p1|Kilowattrel, L50, F|
|poke|p1|Gholdengo, L50|
|poke|p1|Incineroar, L50, F|
|poke|p1|Amoonguss, L50, F|
|poke|p1|Porygon2, L50|
|poke|p2|Politoed, L50, F|
|poke|p2|Basculegion, L50, M|
|poke|p2|Archaludon, L50, F|
|poke|p2|Whimsicott, L50, M|
|poke|p2|Flamigo, L50, M|
|poke|p2|Rillaboom, L50, F|
|teampreview|4
|showteam|p1|Ursaluna||FlameOrb|Guts|Facade,HeadlongRush,Earthquake,Protect|||M|||50|,,,,,Fairy]Kilowattrel||FocusSash|Competitive|Thunderbolt,AirSlash,Tailwind,Protect|||F|||50|,,,,,Ghost]Gholdengo||LifeOrb|GoodasGold|MakeItRain,ShadowBall,NastyPlot,Protect||||||50|,,,,,Flying]Incineroar||AssaultVest|Intimidate|KnockOff,FlareBlitz,Uturn,FakeOut|||F|||50|,,,,,Grass]Amoonguss||SitrusBerry|Regenerator|Spore,RagePowder,SludgeBomb,Protect|||F|||50|,,,,,Water]Porygon2||Eviolite|Download|TeraBlast,IceBeam,Recover,TrickRoom||||||50|,,,,,Fighting
|showteam|p2|Politoed||ChoiceSpecs|Drizzle|EarthPower,WeatherBall,IceBeam,MuddyWater|||F|||50|,,,,,Grass]Basculegion||LifeOrb|SwiftSwim|AquaJet,WaveCrash,LastRespects,Protect|||M|||50|,,,,,Water]Archaludon||AssaultVest|Stamina|BodyPress,DracoMeteor,FlashCannon,ElectroShot|||F|||50|,,,,,Grass]Whimsicott||CovertCloak|Prankster|BeatUp,Tailwind,Encore,Moonblast|||M|||50|,,,,,Ghost]Flamigo||FocusSash|Scrappy|CloseCombat,DualWingbeat,Detect,WideGuard|||M|||50|,,,,,Steel]Rillaboom||GrassySeed|GrassySurge|FakeOut,GrassyGlide,WoodHammer,HighHorsepower|||F|||50|,,,,,Fire
|inactive|Battle timer is ON: inactive players will automatically lose when time's up. (requested by GIRLHELL1998)
|
|t:|1756243274
|teamsize|p1|4
|teamsize|p2|4
|start
|switch|p1a: Pumpy the Grumpy|Incineroar, L50, F, shiny|100/100
|switch|p1b: Mr Worldwide|Gholdengo, L50|100/100
|switch|p2a: Whimsicott|Whimsicott, L50, M|100/100
|switch|p2b: Archaludon|Archaludon, L50, F|100/100
|-ability|p1a: Pumpy the Grumpy|Intimidate|boost
|-unboost|p2a: Whimsicott|atk|1
|-unboost|p2b: Archaludon|atk|1
|turn|1
|inactive|GIRLHELL1998 has 30 seconds left.
|inactive|real glados has 30 seconds left.
|inactive|GIRLHELL1998 has 20 seconds left.
|inactive|real glados has 20 seconds left.
|inactive|GIRLHELL1998 has 15 seconds left.
|
|t:|1756243314
|move|p1a: Pumpy the Grumpy|Fake Out|p2b: Archaludon
|-resisted|p2b: Archaludon
|-damage|p2b: Archaludon|96/100
|-ability|p2b: Archaludon|Stamina|boost
|-boost|p2b: Archaludon|def|1
|move|p2a: Whimsicott|Beat Up|p2b: Archaludon
|-damage|p2b: Archaludon|95/100
|-ability|p2b: Archaludon|Stamina|boost
|-boost|p2b: Archaludon|def|1
|-damage|p2b: Archaludon|94/100
|-ability|p2b: Archaludon|Stamina|boost
|-boost|p2b: Archaludon|def|1
|-damage|p2b: Archaludon|94/100
|-ability|p2b: Archaludon|Stamina|boost
|-boost|p2b: Archaludon|def|1
|-damage|p2b: Archaludon|93/100
|-ability|p2b: Archaludon|Stamina|boost
|-boost|p2b: Archaludon|def|1
|-hitcount|p2b: Archaludon|4
|move|p1b: Mr Worldwide|Make It Rain|p2a: Whimsicott|[spread] p2a,p2b
|-supereffective|p2a: Whimsicott
|-resisted|p2b: Archaludon
|-damage|p2a: Whimsicott|0 fnt
|-damage|p2b: Archaludon|76/100
|-unboost|p1b: Mr Worldwide|spa|1
|-ability|p2b: Archaludon|Stamina|boost
|-boost|p2b: Archaludon|def|1
|faint|p2a: Whimsicott
|-damage|p1b: Mr Worldwide|91/100|[from] item: Life Orb
|cant|p2b: Archaludon|flinch
|
|upkeep
|
|t:|1756243319
|switch|p2a: Politoed|Politoed, L50, F, shiny|100/100
|-weather|RainDance|[from] ability: Drizzle|[of] p2a: Politoed
|turn|2
|inactive|GIRLHELL1998 has 30 seconds left.
|inactive|GIRLHELL1998 has 20 seconds left.
|inactive|GIRLHELL1998 has 15 seconds left.
|inactive|GIRLHELL1998 has 10 seconds left.
|inactive|GIRLHELL1998 has 5 seconds left.
|
|t:|1756243371
|move|p1b: Mr Worldwide|Nasty Plot|p1b: Mr Worldwide
|-boost|p1b: Mr Worldwide|spa|2
|move|p2b: Archaludon|Body Press|p1a: Pumpy the Grumpy
|-supereffective|p1a: Pumpy the Grumpy
|-damage|p1a: Pumpy the Grumpy|0 fnt
|faint|p1a: Pumpy the Grumpy
|move|p2a: Politoed|Muddy Water|p1b: Mr Worldwide
|-damage|p1b: Mr Worldwide|12/100
|
|-weather|RainDance|[upkeep]
|upkeep
|
|t:|1756243386
|switch|p1a: Big Bird|Kilowattrel, L50, F|100/100
|turn|3
|inactive|real glados has 30 seconds left.
|inactive|real glados has 20 seconds left.
|inactive|real glados has 15 seconds left.
|
|t:|1756243428
|-terastallize|p2a: Politoed|Grass
|move|p1a: Big Bird|Tailwind|p1a: Big Bird
|-sidestart|p1: GIRLHELL1998|move: Tailwind
|move|p1b: Mr Worldwide|Shadow Ball|p2b: Archaludon
|-damage|p2b: Archaludon|22/100
|-unboost|p2b: Archaludon|spd|1
|-damage|p1b: Mr Worldwide|3/100|[from] item: Life Orb
|move|p2b: Archaludon|Electro Shot||[still]
|-prepare|p2b: Archaludon|Electro Shot
|-boost|p2b: Archaludon|spa|1
|-anim|p2b: Archaludon|Electro Shot|p1b: Mr Worldwide
|-damage|p1b: Mr Worldwide|0 fnt
|faint|p1b: Mr Worldwide
|move|p2a: Politoed|Muddy Water|p1a: Big Bird
|-enditem|p1a: Big Bird|Focus Sash
|-damage|p1a: Big Bird|1/100
|
|-weather|RainDance|[upkeep]
|upkeep
|
|t:|1756243440
|switch|p1b: Dinko|Ursaluna, L50, M|100/100
|turn|4
|
|t:|1756243450
|-terastallize|p1b: Dinko|Fairy
|move|p1a: Big Bird|Thunderbolt|p2a: Politoed
|-resisted|p2a: Politoed
|-damage|p2a: Politoed|83/100
|move|p1b: Dinko|Earthquake|p2a: Politoed|[spread] p2a,p2b
|-immune|p1a: Big Bird
|-resisted|p2a: Politoed
|-supereffective|p2b: Archaludon
|-damage|p2a: Politoed|59/100
|-damage|p2b: Archaludon|6/100
|move|p2b: Archaludon|Body Press|p1a: Big Bird
|-resisted|p1a: Big Bird
|-damage|p1a: Big Bird|0 fnt
|faint|p1a: Big Bird
|move|p2a: Politoed|Muddy Water|p1b: Dinko
|-damage|p1b: Dinko|32/100
|
|-weather|RainDance|[upkeep]
|-status|p1b: Dinko|brn|[from] item: Flame Orb
|upkeep
|turn|5
|c|☆real glados|gg
|-message|GIRLHELL1998 forfeited.
|
|win|real glados
|raw|GIRLHELL1998's rating: 1058 → 1036(-22 for losing)
|raw|real glados's rating: 1000 → 1047(+47 for winning)
|l|☆GIRLHELL1998
|player|p1|
|j|☆GIRLHELL1998
|player|p1|GIRLHELL1998|roxie|
|l|☆real glados
|player|p2|
