|j|☆escorpiobutfrommk
|j|☆archaludon_enjoyer
|html|escorpiobutfrommkarchaludon_enjoyer    
|uhtml|bestof|Game 2 of a best-of-3
|t:|1756344838
|gametype|doubles
|player|p1|escorpiobutfrommk|red|
|player|p2|archaludon_enjoyer|169|
|gen|9
|tier|[Gen 9] VGC 2025 Reg H (Bo3)
|rule|Species Clause: Limit one of each Pokémon
|rule|Item Clause: Limit 1 of each item
|clearpoke
|poke|p1|Sneasler, L50, F|
|poke|p1|Ceruledge, L50, M|
|poke|p1|Dragonite, L50, M|
|poke|p1|Gastrodon, L50, F|
|poke|p1|Kingambit, L50, M|
|poke|p1|Rillaboom, L50, M|
|poke|p2|Electabuzz, L50, M|
|poke|p2|Basculegion, L50, M|
|poke|p2|Rillaboom, L50, M|
|poke|p2|Kingambit, L50, M|
|poke|p2|Archaludon, L50, M|
|poke|p2|Pelipper, L50, M|
|teampreview|4
|showteam|p1|Sneasler||FocusSash|Unburden|DireClaw,CloseCombat,Coaching,FakeOut|||F|||50|,,,,,Ghost]Ceruledge||Leftovers|FlashFire|Protect,BulkUp,BitterBlade,ShadowSneak|||M|||50|,,,,,Grass]Dragonite||LoadedDice|Multiscale|Protect,ScaleShot,LowKick,ExtremeSpeed|||M|||50|,,,,,Fairy]Gastrodon||SitrusBerry|StormDrain|Protect,IceBeam,EarthPower,ClearSmog|||F|||50|,,,,,Flying]Kingambit||AssaultVest|Defiant|KowtowCleave,SuckerPunch,IronHead,TeraBlast|||M|||50|,,,,,Flying]Rillaboom||MiracleSeed|GrassySurge|WoodHammer,GrassyGlide,HighHorsepower,FakeOut|||M|||50|,,,,,Fire
|showteam|p2|Electabuzz||Eviolite|VitalSpirit|Electroweb,FollowMe,Protect,Taunt|||M|||50|,,,,,Ghost]Basculegion||ChoiceBand|SwiftSwim|WaveCrash,FlipTurn,AquaJet,LastRespects|||M|||50|,,,,,Grass]Rillaboom||LoadedDice|GrassySurge|BulletSeed,HighHorsepower,GrassyGlide,FakeOut|||M|||50|,,,,,Fire]Kingambit||BlackGlasses|Defiant|Protect,KowtowCleave,SwordsDance,SuckerPunch|||M|||50|,,,,,Dark]Archaludon||AssaultVest|Stamina|ElectroShot,BodyPress,FlashCannon,DracoMeteor|||M|||50|,,,,,Fairy]Pelipper||FocusSash|Drizzle|WeatherBall,Hurricane,Protect,Tailwind|||M|||50|,,,,,Ghost
|
|t:|1756344882
|teamsize|p1|4
|teamsize|p2|4
|start
|switch|p1a: Sneasler|Sneasler, L50, F|100/100
|switch|p1b: Dragonite|Dragonite, L50, M|100/100
|switch|p2a: Rillaboom|Rillaboom, L50, M, shiny|100/100
|switch|p2b: Pelipper|Pelipper, L50, M|100/100
|-fieldstart|move: Grassy Terrain|[from] ability: Grassy Surge|[of] p2a: Rillaboom
|-weather|RainDance|[from] ability: Drizzle|[of] p2b: Pelipper
|turn|1
|
|t:|1756344934
|move|p2b: Pelipper|Protect|p2b: Pelipper
|-singleturn|p2b: Pelipper|Protect
|move|p1a: Sneasler|Fake Out|p2a: Rillaboom
|-damage|p2a: Rillaboom|86/100
|cant|p2a: Rillaboom|flinch
|move|p1b: Dragonite|Scale Shot|p2a: Rillaboom
|-damage|p2a: Rillaboom|73/100
|-damage|p2a: Rillaboom|59/100
|-damage|p2a: Rillaboom|45/100
|-damage|p2a: Rillaboom|32/100
|-hitcount|p2a: Rillaboom|4
|-unboost|p1b: Dragonite|def|1
|-boost|p1b: Dragonite|spe|1
|
|-weather|RainDance|[upkeep]
|-heal|p2a: Rillaboom|38/100|[from] Grassy Terrain
|upkeep
|turn|2
|
|t:|1756344977
|move|p1b: Dragonite|Scale Shot|p2b: Pelipper
|-damage|p2b: Pelipper|81/100
|-damage|p2b: Pelipper|61/100
|-damage|p2b: Pelipper|40/100
|-damage|p2b: Pelipper|20/100
|-damage|p2b: Pelipper|0 fnt
|faint|p2b: Pelipper
|-hitcount|p2: Pelipper|5
|-unboost|p1b: Dragonite|def|1
|-boost|p1b: Dragonite|spe|1
|move|p1a: Sneasler|Dire Claw|p2a: Rillaboom
|-supereffective|p2a: Rillaboom
|-crit|p2a: Rillaboom
|-damage|p2a: Rillaboom|0 fnt
|faint|p2a: Rillaboom
|
|-weather|RainDance|[upkeep]
|upkeep
|
|t:|1756344983
|switch|p2a: Kingambit|Kingambit, L50, M, shiny|100/100
|switch|p2b: Basculegion|Basculegion, L50, M, shiny|100/100
|turn|3
|
|t:|1756345038
|-terastallize|p2a: Kingambit|Dark
|move|p2a: Kingambit|Sucker Punch|p1a: Sneasler
|-resisted|p1a: Sneasler
|-damage|p1a: Sneasler|47/100
|move|p1b: Dragonite|Scale Shot|p2b: Basculegion
|-damage|p2b: Basculegion|83/100
|-damage|p2b: Basculegion|63/100
|-crit|p2b: Basculegion
|-damage|p2b: Basculegion|33/100
|-damage|p2b: Basculegion|16/100
|-hitcount|p2b: Basculegion|4
|-unboost|p1b: Dragonite|def|1
|-boost|p1b: Dragonite|spe|1
|move|p2b: Basculegion|Last Respects|p1a: Sneasler
|-damage|p1a: Sneasler|0 fnt
|faint|p1a: Sneasler
|
|-weather|RainDance|[upkeep]
|-heal|p2b: Basculegion|22/100|[from] Grassy Terrain
|upkeep
|
|t:|1756345055
|switch|p1a: Kingambit|Kingambit, L50, M|100/100
|turn|4
|
|t:|1756345089
|move|p1a: Kingambit|Sucker Punch|p2b: Basculegion
|-supereffective|p2b: Basculegion
|-damage|p2b: Basculegion|0 fnt
|faint|p2b: Basculegion
|move|p1b: Dragonite|Low Kick|p2a: Kingambit
|-supereffective|p2a: Kingambit
|-damage|p2a: Kingambit|39/100
|move|p2a: Kingambit|Kowtow Cleave|p1b: Dragonite
|-damage|p1b: Dragonite|0 fnt
|faint|p1b: Dragonite
|
|-weather|RainDance|[upkeep]
|-heal|p2a: Kingambit|45/100|[from] Grassy Terrain
|upkeep
|
|t:|1756345092
|switch|p1b: Gastrodon|Gastrodon, L50, F|100/100
|turn|5
|
|t:|1756345105
|move|p2a: Kingambit|Protect|p2a: Kingambit
|-singleturn|p2a: Kingambit|Protect
|move|p1a: Kingambit|Kowtow Cleave|p2a: Kingambit
|-activate|p2a: Kingambit|move: Protect
|move|p1b: Gastrodon|Earth Power|p2a: Kingambit
|-activate|p2a: Kingambit|move: Protect
|
|-weather|none
|-heal|p2a: Kingambit|51/100|[from] Grassy Terrain
|-fieldend|move: Grassy Terrain
|upkeep
|turn|6
|
|t:|1756345120
|move|p1a: Kingambit|Iron Head|p2a: Kingambit
|-damage|p2a: Kingambit|19/100
|cant|p2a: Kingambit|flinch
|move|p1b: Gastrodon|Earth Power|p2a: Kingambit
|-damage|p2a: Kingambit|0 fnt
|faint|p2a: Kingambit
|
|win|escorpiobutfrommk
||archaludon_enjoyer is ready for game 3.
|inactive|escorpiobutfrommk has 30 seconds to confirm battle start!
||escorpiobutfrommk is ready for game 3.
|uhtml|next|Next: Game 3 of 3
