|j|☆ultimatecoward
|j|☆lkwa1994
|html|ultimatecowardlkwa1994    
|uhtml|bestof|Game 3 of a best-of-3
|t:|1785340227
|gametype|doubles
|player|p1|ultimatecoward|medium|1099
|player|p2|lkwa1994|102|1154
|gen|9
|tier|[Gen 9 Champions] VGC 2026 Reg M-B (Bo3)
|rated|
|rule|Species Clause: Limit one of each Pokémon
|rule|Item Clause: Limit 1 of each item
|clearpoke
|poke|p1|Maushold, L50|
|poke|p1|Sableye, L50, M|
|poke|p1|Gengar, L50, M|
|poke|p1|Kingambit, L50, M|
|poke|p1|Charizard, L50, M, shiny|
|poke|p1|Garchomp, L50, M, shiny|
|poke|p2|Gengar, L50, F, shiny|
|poke|p2|Incineroar, L50, F|
|poke|p2|Politoed, L50, M|
|poke|p2|Kommo-o, L50, M|
|poke|p2|Kingambit, L50, M|
|poke|p2|Swampert, L50, F|
|teampreview|4
|showteam|p1|Maushold||KingsRock|Technician|PopulationBomb,FollowMe,Encore,Protect|Jolly|||||50|]Sableye||SitrusBerry|Prankster|Gravity,Encore,Disable,FakeOut|Careful||M|||50|]Gengar||Gengarite|CursedBody|Hex,Disable,Hypnosis,Protect|Timid||M|||50|]Kingambit||FocusSash|Defiant|KowtowCleave,SuckerPunch,IronHead,LowKick|Adamant||M|||50|]Charizard||CharizarditeY|Blaze|HeatWave,FocusBlast,WeatherBall,Protect|Modest||M|||50|]Garchomp||ChoiceScarf|RoughSkin|StompingTantrum,RockSlide,DragonClaw,Earthquake|Jolly||M|||50|
|showteam|p2|Gengar||Gengarite|CursedBody|ShadowBall,PerishSong,Disable,Protect|Bold||F|||50|]Incineroar||PasshoBerry|Intimidate|FakeOut,ThroatChop,PartingShot,Protect|Relaxed||F|||50|]Politoed||SitrusBerry|Drizzle|MuddyWater,PerishSong,Encore,Protect|Calm||M|||50|]Kommo-o||Leftovers|Soundproof|ClangingScales,AuraSphere,ClangorousSoul,Protect|Modest||M|||50|]Kingambit||FocusSash|Defiant|KowtowCleave,IronHead,SuckerPunch,Protect|Adamant||M|||50|]Swampert||Swampertite|Torrent|WaveCrash,HighHorsepower,IcePunch,Protect|Adamant||F|||50|
|
|t:|1785340331
|teamsize|p1|4
|teamsize|p2|4
|start
|switch|p1a: Sableye|Sableye, L50, M|100/100
|switch|p1b: Charizard|Charizard, L50, M, shiny|100/100
|switch|p2a: Gengar|Gengar, L50, F, shiny|100/100
|switch|p2b: Kingambit|Kingambit, L50, M|100/100
|turn|1
|inactive|Battle timer is ON: inactive players will automatically lose when time's up. (requested by ultimatecoward)
|
|t:|1785340411
|detailschange|p2a: Gengar|Gengar-Mega, L50, F, shiny
|-mega|p2a: Gengar|Gengar|Gengarite
|detailschange|p1b: Charizard|Charizard-Mega-Y, L50, M, shiny
|-mega|p1b: Charizard|Charizard|Charizardite Y
|-weather|SunnyDay|[from] ability: Drought|[of] p1b: Charizard
|move|p2a: Gengar|Protect|p2a: Gengar
|-singleturn|p2a: Gengar|Protect
|move|p2b: Kingambit|Protect|p2b: Kingambit
|-singleturn|p2b: Kingambit|Protect
|move|p1a: Sableye|Fake Out|p2b: Kingambit
|-activate|p2b: Kingambit|move: Protect
|move|p1b: Charizard|Weather Ball|p2a: Gengar
|-activate|p2a: Gengar|move: Protect
|
|-weather|SunnyDay|[upkeep]
|upkeep
|turn|2
|inactive|ultimatecoward has 30 seconds left.
|inactive|lkwa1994 has 30 seconds left.
|inactive|ultimatecoward has 20 seconds left.
|
|t:|1785340447
|switch|p2b: Politoed|Politoed, L50, M|100/100
|-weather|RainDance|[from] ability: Drizzle|[of] p2b: Politoed
|move|p1a: Sableye|Encore|p2a: Gengar
|-start|p2a: Gengar|Encore
|move|p2a: Gengar|Protect||[still]
|-fail|p2a: Gengar
|move|p1b: Charizard|Focus Blast|p2b: Politoed|[miss]
|-miss|p1b: Charizard|p2b: Politoed
|
|-weather|RainDance|[upkeep]
|upkeep
|turn|3
|inactive|lkwa1994 has 30 seconds left.
|
|t:|1785340474
|move|p2a: Gengar|Protect|p2a: Gengar
|-singleturn|p2a: Gengar|Protect
|move|p1b: Charizard|Protect|p1b: Charizard
|-singleturn|p1b: Charizard|Protect
|move|p1a: Sableye|Gravity|p1a: Sableye
|-fieldstart|move: Gravity
|move|p2b: Politoed|Muddy Water|p1b: Charizard|[spread] p1a
|-activate|p1b: Charizard|move: Protect
|-damage|p1a: Sableye|61/100
|-unboost|p1a: Sableye|accuracy|1
|
|-weather|RainDance|[upkeep]
|upkeep
|turn|4
|
|t:|1785340497
|move|p2a: Gengar|Protect||[still]
|-fail|p2a: Gengar
|move|p1a: Sableye|Disable|p2b: Politoed
|-start|p2b: Politoed|Disable|Muddy Water
|move|p1b: Charizard|Weather Ball|p2a: Gengar
|-damage|p2a: Gengar|33/100
|move|p2b: Politoed|Perish Song|p2b: Politoed
|-start|p1a: Sableye|perish3|[silent]
|-start|p1b: Charizard|perish3|[silent]
|-start|p2a: Gengar|perish3|[silent]
|-start|p2b: Politoed|perish3|[silent]
|-fieldactivate|move: Perish Song
|
|-weather|RainDance|[upkeep]
|-end|p2a: Gengar|Encore
|-start|p2a: Gengar|perish3
|-start|p1b: Charizard|perish3
|-start|p2b: Politoed|perish3
|-start|p1a: Sableye|perish3
|upkeep
|turn|5
|inactive|lkwa1994 has 30 seconds left.
|inactive|lkwa1994 has 20 seconds left.
|inactive|lkwa1994 has 15 seconds left.
|inactive|lkwa1994 has 10 seconds left.
|
|t:|1785340546
|switch|p2b: Incineroar|Incineroar, L50, F|100/100
|-ability|p2b: Incineroar|Intimidate|boost
|-unboost|p1a: Sableye|atk|1
|-unboost|p1b: Charizard|atk|1
|move|p1a: Sableye|Encore|p2b: Incineroar
|-hint|Since gen 7, Dark is immune to Prankster moves.
|-immune|p2b: Incineroar
|move|p2a: Gengar|Disable|p1b: Charizard
|-start|p1b: Charizard|Disable|Weather Ball
|move|p1b: Charizard|Focus Blast|p2b: Incineroar
|-supereffective|p2b: Incineroar|1
|-damage|p2b: Incineroar|19/100
|
|-weather|RainDance|[upkeep]
|-start|p2a: Gengar|perish2
|-start|p1b: Charizard|perish2
|-start|p1a: Sableye|perish2
|upkeep
|turn|6
|inactive|ultimatecoward has 30 seconds left.
|inactive|lkwa1994 has 30 seconds left.
|inactive|ultimatecoward has 20 seconds left.
|inactive|ultimatecoward has 15 seconds left.
|inactive|ultimatecoward has 10 seconds left.
|
|t:|1785340594
|switch|p1a: Garchomp|Garchomp, L50, M, shiny|100/100
|move|p2b: Incineroar|Fake Out|p1b: Charizard
|-damage|p1b: Charizard|88/100
|move|p2a: Gengar|Shadow Ball|p1a: Garchomp
|-damage|p1a: Garchomp|51/100
|cant|p1b: Charizard|flinch
|
|-weather|none
|-start|p2a: Gengar|perish1
|-start|p1b: Charizard|perish1
|upkeep
|turn|7
|inactive|ultimatecoward has 30 seconds left.
|inactive|ultimatecoward has 20 seconds left.
|
|t:|1785340633
|switch|p2a: Politoed|Politoed, L50, M|100/100
|-weather|RainDance|[from] ability: Drizzle|[of] p2a: Politoed
|move|p2b: Incineroar|Protect|p2b: Incineroar
|-singleturn|p2b: Incineroar|Protect
|move|p1a: Garchomp|Earthquake|p2b: Incineroar|[spread] p1b,p2a
|-activate|p2b: Incineroar|move: Protect
|-supereffective|p1b: Charizard|1
|-damage|p1b: Charizard|9/100
|-damage|p2a: Politoed|60/100
|move|p1b: Charizard|Focus Blast|p2a: Politoed
|-damage|p2a: Politoed|23/100
|-enditem|p2a: Politoed|Sitrus Berry|[eat]
|-heal|p2a: Politoed|48/100|[from] item: Sitrus Berry
|
|-weather|RainDance|[upkeep]
|-start|p1b: Charizard|perish0
|-fieldend|move: Gravity
|faint|p1b: Charizard
|upkeep
|
|t:|1785340655
|switch|p1b: Maushold|Maushold, L50|100/100
|turn|8
|inactive|lkwa1994 has 30 seconds left.
|inactive|lkwa1994 has 20 seconds left.
|inactive|lkwa1994 has 15 seconds left.
|
|t:|1785340695
|switch|p2b: Gengar|Gengar-Mega, L50, F, shiny|33/100
|move|p1b: Maushold|Protect|p1b: Maushold
|-singleturn|p1b: Maushold|Protect
|move|p2a: Politoed|Protect|p2a: Politoed
|-singleturn|p2a: Politoed|Protect
|move|p1a: Garchomp|Earthquake|p2b: Gengar|[spread] p2b
|-activate|p1b: Maushold|move: Protect
|-activate|p2a: Politoed|move: Protect
|-supereffective|p2b: Gengar|1
|-damage|p2b: Gengar|0 fnt
|faint|p2b: Gengar
|
|-weather|RainDance|[upkeep]
|upkeep
|
|t:|1785340708
|switch|p2b: Kingambit|Kingambit, L50, M|100/100
|turn|9
|inactive|lkwa1994 has 30 seconds left.
|inactive|lkwa1994 has 20 seconds left.
|inactive|lkwa1994 has 15 seconds left.
|
|t:|1785340751
|switch|p1a: Sableye|Sableye, L50, M|61/100
|switch|p2a: Incineroar|Incineroar, L50, F|19/100
|-ability|p2a: Incineroar|Intimidate|boost
|-unboost|p1a: Sableye|atk|1
|-unboost|p1b: Maushold|atk|1
|move|p2b: Kingambit|Sucker Punch|p1b: Maushold
|-damage|p1b: Maushold|34/100
|move|p1b: Maushold|Population Bomb|p2b: Kingambit
|-resisted|p2b: Kingambit|1
|-damage|p2b: Kingambit|96/100
|-resisted|p2b: Kingambit|1
|-damage|p2b: Kingambit|93/100
|-resisted|p2b: Kingambit|1
|-damage|p2b: Kingambit|90/100
|-resisted|p2b: Kingambit|1
|-damage|p2b: Kingambit|87/100
|-resisted|p2b: Kingambit|1
|-damage|p2b: Kingambit|83/100
|-resisted|p2b: Kingambit|1
|-damage|p2b: Kingambit|80/100
|-resisted|p2b: Kingambit|1
|-damage|p2b: Kingambit|77/100
|-resisted|p2b: Kingambit|1
|-damage|p2b: Kingambit|74/100
|-hitcount|p2b: Kingambit|8
|
|-weather|RainDance|[upkeep]
|upkeep
|turn|10
|inactive|ultimatecoward has 30 seconds left.
|inactive|lkwa1994 has 30 seconds left.
|inactive|ultimatecoward has 20 seconds left.
|inactive|lkwa1994 has 20 seconds left.
|
|t:|1785340792
|switch|p1b: Garchomp|Garchomp, L50, M, shiny|51/100
|move|p2a: Incineroar|Fake Out|p1b: Garchomp
|-damage|p1b: Garchomp|41/100
|-damage|p2a: Incineroar|7/100|[from] ability: Rough Skin|[of] p1b: Garchomp
|move|p1a: Sableye|Fake Out|p2b: Kingambit
|-resisted|p2b: Kingambit|1
|-crit|p2b: Kingambit
|-damage|p2b: Kingambit|70/100
|cant|p2b: Kingambit|flinch
|
|-weather|RainDance|[upkeep]
|upkeep
|turn|11
|inactive|ultimatecoward has 30 seconds left.
|inactive|lkwa1994 has 30 seconds left.
|inactive|ultimatecoward has 20 seconds left.
|inactive|ultimatecoward has 15 seconds left.
|inactive|ultimatecoward has 10 seconds left.
|inactive|ultimatecoward has 5 seconds left.
|
|t:|1785340845
|switch|p1b: Maushold|Maushold, L50|34/100
|switch|p2a: Politoed|Politoed, L50, M|48/100
|move|p2b: Kingambit|Sucker Punch||[still]
|-fail|p2b: Kingambit
|move|p1a: Sableye|Gravity|p1a: Sableye
|-fieldstart|move: Gravity
|
|-weather|none
|upkeep
|turn|12
|inactive|ultimatecoward has 30 seconds left.
|inactive|lkwa1994 has 30 seconds left.
|inactive|ultimatecoward has 20 seconds left.
|inactive|ultimatecoward has 15 seconds left.
|inactive|ultimatecoward has 10 seconds left.
|inactive|ultimatecoward has 5 seconds left.
|
|t:|1785340895
|switch|p1a: Garchomp|Garchomp, L50, M, shiny|41/100
|move|p1b: Maushold|Population Bomb|p2a: Politoed
|-damage|p2a: Politoed|38/100
|-crit|p2a: Politoed
|-damage|p2a: Politoed|19/100
|-damage|p2a: Politoed|7/100
|-damage|p2a: Politoed|0 fnt
|faint|p2a: Politoed
|-hitcount|p2: Politoed|4
|move|p2b: Kingambit|Kowtow Cleave|p1b: Maushold
|-damage|p1b: Maushold|0 fnt
|faint|p1b: Maushold
|
|upkeep
|
|t:|1785340910
|switch|p1b: Sableye|Sableye, L50, M|61/100
|switch|p2a: Incineroar|Incineroar, L50, F|7/100
|-ability|p2a: Incineroar|Intimidate|boost
|-unboost|p1a: Garchomp|atk|1
|-unboost|p1b: Sableye|atk|1
|turn|13
|inactive|ultimatecoward has 30 seconds left.
|inactive|lkwa1994 has 30 seconds left.
|
|t:|1785340936
|move|p2a: Incineroar|Fake Out|p1a: Garchomp
|-damage|p1a: Garchomp|30/100
|-damage|p2a: Incineroar|0 fnt|[from] ability: Rough Skin|[of] p1a: Garchomp
|faint|p2a: Incineroar
|move|p1b: Sableye|Fake Out|p2b: Kingambit
|-resisted|p2b: Kingambit|1
|-crit|p2b: Kingambit
|-damage|p2b: Kingambit|65/100
|cant|p1a: Garchomp|flinch
|cant|p2b: Kingambit|flinch
|
|upkeep
|turn|14
|inactive|ultimatecoward has 30 seconds left this turn.
|inactive|ultimatecoward has 20 seconds left.
|inactive|ultimatecoward has 15 seconds left.
|inactive|ultimatecoward has 10 seconds left.
|inactive|ultimatecoward has 5 seconds left.
|
|t:|1785340961
|move|p2b: Kingambit|Sucker Punch|p1a: Garchomp
|-damage|p1a: Garchomp|0 fnt
|-damage|p2b: Kingambit|53/100|[from] ability: Rough Skin|[of] p1a: Garchomp
|faint|p1a: Garchomp
|move|p1b: Sableye|Disable|p2b: Kingambit
|-hint|Since gen 7, Dark is immune to Prankster moves.
|-immune|p2b: Kingambit
|
|upkeep
|turn|15
|inactive|ultimatecoward has 5 seconds left this turn.
|-message|ultimatecoward lost due to inactivity.
|
|win|lkwa1994
|raw|ultimatecoward's rating: 1099 → 1078(-21 for losing)
|raw|lkwa1994's rating: 1154 → 1175(+21 for winning)
|c|☆lkwa1994|GG
|c|☆lkwa1994|WP
|c|☆lkwa1994|interesting team
|l|☆lkwa1994
|player|p2|
