|j|☆Gideon1177
|j|☆Dawsonschris
|html|Gideon1177Dawsonschris    
|uhtml|bestof|Game 2 of a best-of-3
|t:|1756482162
|gametype|doubles
|player|p1|Gideon1177|102|1094
|player|p2|Dawsonschris|artist-gen4|1080
|gen|9
|tier|[Gen 9] VGC 2025 Reg H (Bo3)
|rated|
|rule|Species Clause: Limit one of each Pokémon
|rule|Item Clause: Limit 1 of each item
|clearpoke
|poke|p1|Weezing-Galar, L50, M|
|poke|p1|Tyranitar, L50, M|
|poke|p1|Clefairy, L50, F|
|poke|p1|Dragonite, L50, F|
|poke|p1|Incineroar, L50, M|
|poke|p1|Excadrill, L50, M|
|poke|p2|Ursaluna-Bloodmoon, L50, M|
|poke|p2|Electabuzz, L50, M|
|poke|p2|Sneasler, L50, F|
|poke|p2|Indeedee, L50, M|
|poke|p2|Incineroar, L50, F|
|poke|p2|Talonflame, L50, F|
|teampreview|4
|showteam|p1|Weezing-Galar||ChoiceSpecs|Levitate|DazzlingGleam,HeatWave,SludgeBomb,Thunder|||M|||50|,,,,,Fire]Tyranitar||Leftovers|SandStream|Protect,BodyPress,IcyWind,RockSlide|||M|||50|,,,,,Flying]Clefairy||Eviolite|FriendGuard|FollowMe,AfterYou,HelpingHand,Protect|||F|||50|,,,,,Fairy]Dragonite||LoadedDice|InnerFocus|ExtremeSpeed,Protect,BreakingSwipe,ScaleShot|||F|||50|,,,,,Normal]Incineroar||AssaultVest|Intimidate|FakeOut,Uturn,FlareBlitz,KnockOff|||M|||50|,,,,,Grass]Excadrill||SafetyGoggles|SandRush|Protect,SwordsDance,BrickBreak,Earthquake|||M|||50|,,,,,Water
|showteam|p2|Ursaluna-Bloodmoon||LifeOrb|MindsEye|Protect,BloodMoon,EarthPower,HyperVoice|||M|||50|,,,,,Normal]Electabuzz||Eviolite|VitalSpirit|FollowMe,Taunt,Electroweb,Protect|||M|||50|,,,,,Dragon]Sneasler||PsychicSeed|Unburden|ThroatChop,DireClaw,CloseCombat,Protect|||F|||50|,,,,,Dark]Indeedee||FocusSash|PsychicSurge|ExpandingForce,TrickRoom,HelpingHand,Protect|||M|||50|,,,,,Psychic]Incineroar||SafetyGoggles|Intimidate|FakeOut,KnockOff,PartingShot,FlareBlitz|||F|||50|,,,,,Dragon]Talonflame||CovertCloak|GaleWings|FlareBlitz,DualWingbeat,WillOWisp,Tailwind|||F|||50|,,,,,Fairy
|
|t:|1756482201
|teamsize|p1|4
|teamsize|p2|4
|start
|switch|p1a: Tyranitar|Tyranitar, L50, M|100/100
|switch|p1b: Excadrill|Excadrill, L50, M|100/100
|switch|p2a: Incineroar|Incineroar, L50, F|100/100
|switch|p2b: Indeedee|Indeedee, L50, M|100/100
|-fieldstart|move: Psychic Terrain|[from] ability: Psychic Surge|[of] p2b: Indeedee
|-ability|p2a: Incineroar|Intimidate|boost
|-unboost|p1a: Tyranitar|atk|1
|-unboost|p1b: Excadrill|atk|1
|-weather|Sandstorm|[from] ability: Sand Stream|[of] p1a: Tyranitar
|turn|1
|
|t:|1756482226
|move|p1a: Tyranitar|Protect|p1a: Tyranitar
|-singleturn|p1a: Tyranitar|Protect
|move|p1b: Excadrill|Earthquake|p2a: Incineroar|[spread] p2a,p2b
|-activate|p1a: Tyranitar|move: Protect
|-supereffective|p2a: Incineroar
|-damage|p2a: Incineroar|44/100
|-damage|p2b: Indeedee|39/100
|move|p2a: Incineroar|Parting Shot|p1b: Excadrill
|-unboost|p1b: Excadrill|atk|1
|-unboost|p1b: Excadrill|spa|1
|
|t:|1756482236
|switch|p2a: Ursaluna|Ursaluna-Bloodmoon, L50, M|100/100|[from] Parting Shot
|move|p2b: Indeedee|Trick Room|p2b: Indeedee
|-fieldstart|move: Trick Room|[of] p2b: Indeedee
|
|-weather|Sandstorm|[upkeep]
|-damage|p2b: Indeedee|33/100|[from] Sandstorm
|upkeep
|turn|2
|
|t:|1756482266
|switch|p1b: Clefairy|Clefairy, L50, F|100/100
|move|p2b: Indeedee|Helping Hand|p2a: Ursaluna
|-singleturn|p2a: Ursaluna|Helping Hand|[of] p2b: Indeedee
|move|p1a: Tyranitar|Rock Slide|p2a: Ursaluna|[spread] p2a,p2b
|-resisted|p2a: Ursaluna
|-damage|p2a: Ursaluna|94/100
|-damage|p2b: Indeedee|0 fnt
|faint|p2b: Indeedee
|cant|p2a: Ursaluna|flinch
|
|-weather|Sandstorm|[upkeep]
|-damage|p1b: Clefairy|94/100|[from] Sandstorm
|upkeep
|
|t:|1756482281
|switch|p2b: Incineroar|Incineroar, L50, F|44/100
|-ability|p2b: Incineroar|Intimidate|boost
|-unboost|p1a: Tyranitar|atk|1
|-unboost|p1b: Clefairy|atk|1
|turn|3
|
|t:|1756482300
|-terastallize|p2a: Ursaluna|Normal
|move|p1b: Clefairy|Protect|p1b: Clefairy
|-singleturn|p1b: Clefairy|Protect
|move|p1a: Tyranitar|Protect|p1a: Tyranitar
|-singleturn|p1a: Tyranitar|Protect
|move|p2a: Ursaluna|Blood Moon|p1b: Clefairy
|-activate|p1b: Clefairy|move: Protect
|move|p2b: Incineroar|Knock Off|p1a: Tyranitar
|-activate|p1a: Tyranitar|move: Protect
|
|-weather|Sandstorm|[upkeep]
|-damage|p1b: Clefairy|88/100|[from] Sandstorm
|-damage|p2a: Ursaluna|88/100|[from] Sandstorm
|upkeep
|turn|4
|
|t:|1756482323
|move|p1b: Clefairy|Helping Hand|p1a: Tyranitar
|-singleturn|p1a: Tyranitar|Helping Hand|[of] p1b: Clefairy
|move|p1a: Tyranitar|Rock Slide|p2b: Incineroar|[spread] p2a,p2b
|-supereffective|p2b: Incineroar
|-damage|p2a: Ursaluna|74/100
|-damage|p2b: Incineroar|7/100
|move|p2a: Ursaluna|Hyper Voice|p1a: Tyranitar|[spread] p1a,p1b
|-resisted|p1a: Tyranitar
|-damage|p1a: Tyranitar|86/100
|-damage|p1b: Clefairy|35/100
|-damage|p2a: Ursaluna|64/100|[from] item: Life Orb
|cant|p2b: Incineroar|flinch
|
|-weather|Sandstorm|[upkeep]
|-damage|p1b: Clefairy|29/100|[from] Sandstorm
|-damage|p2a: Ursaluna|58/100|[from] Sandstorm
|-heal|p1a: Tyranitar|92/100|[from] item: Leftovers
|upkeep
|turn|5
|
|t:|1756482356
|switch|p2b: Sneasler|Sneasler, L50, F|100/100
|-enditem|p2b: Sneasler|Psychic Seed
|-boost|p2b: Sneasler|spd|1|[from] item: Psychic Seed
|move|p1b: Clefairy|Protect|p1b: Clefairy
|-singleturn|p1b: Clefairy|Protect
|move|p1a: Tyranitar|Icy Wind|p2a: Ursaluna|[spread] p2a,p2b
|-damage|p2a: Ursaluna|47/100
|-damage|p2b: Sneasler|91/100
|-unboost|p2a: Ursaluna|spe|1
|-unboost|p2b: Sneasler|spe|1
|move|p2a: Ursaluna|Hyper Voice|p1b: Clefairy|[spread] p1a
|-activate|p1b: Clefairy|move: Protect
|-resisted|p1a: Tyranitar
|-damage|p1a: Tyranitar|78/100
|-damage|p2a: Ursaluna|37/100|[from] item: Life Orb
|
|-weather|none
|-heal|p1a: Tyranitar|84/100|[from] item: Leftovers
|-fieldend|move: Trick Room
|-fieldend|move: Psychic Terrain
|upkeep
|turn|6
|inactive|Battle timer is ON: inactive players will automatically lose when time's up. (requested by Dawsonschris)
|
|t:|1756482431
|switch|p1a: Dragonite|Dragonite, L50, F|100/100
|move|p1b: Clefairy|Follow Me|p1b: Clefairy
|-singleturn|p1b: Clefairy|move: Follow Me
|move|p2b: Sneasler|Close Combat|p1b: Clefairy
|-resisted|p1b: Clefairy
|-damage|p1b: Clefairy|0 fnt
|-unboost|p2b: Sneasler|def|1
|-unboost|p2b: Sneasler|spd|1
|faint|p1b: Clefairy
|move|p2a: Ursaluna|Earth Power|p1a: Dragonite
|-immune|p1a: Dragonite
|
|upkeep
|
|t:|1756482442
|switch|p1b: Tyranitar|Tyranitar, L50, M|84/100
|-weather|Sandstorm|[from] ability: Sand Stream|[of] p1b: Tyranitar
|turn|7
|inactive|Gideon1177 has 30 seconds left.
|inactive|Dawsonschris has 30 seconds left.
|
|t:|1756482476
|switch|p2a: Incineroar|Incineroar, L50, F|7/100
|-ability|p2a: Incineroar|Intimidate|boost
|-fail|p1a: Dragonite|unboost|Attack|[from] ability: Inner Focus|[of] p1a: Dragonite
|-unboost|p1b: Tyranitar|atk|1
|switch|p1b: Excadrill|Excadrill, L50, M|100/100
|move|p2b: Sneasler|Dire Claw|p1a: Dragonite
|-damage|p1a: Dragonite|58/100
|move|p1a: Dragonite|Breaking Swipe|p2a: Incineroar|[spread] p2a,p2b
|-damage|p2a: Incineroar|0 fnt
|-damage|p2b: Sneasler|28/100
|-unboost|p2b: Sneasler|atk|1
|faint|p2a: Incineroar
|
|-weather|Sandstorm|[upkeep]
|-damage|p2b: Sneasler|22/100|[from] Sandstorm
|-damage|p1a: Dragonite|52/100|[from] Sandstorm
|upkeep
|
|t:|1756482495
|switch|p2a: Ursaluna|Ursaluna-Bloodmoon, L50, M, tera:Normal|37/100
|turn|8
|
|t:|1756482520
|move|p1a: Dragonite|Extreme Speed|p2b: Sneasler
|-damage|p2b: Sneasler|0 fnt
|faint|p2b: Sneasler
|move|p1b: Excadrill|Earthquake|p2a: Ursaluna|[spread] p2a
|-immune|p1a: Dragonite
|-damage|p2a: Ursaluna|0 fnt
|faint|p2a: Ursaluna
|
|win|Gideon1177
|raw|Gideon1177's rating: 1094 → 1119(+25 for winning)
|raw|Dawsonschris's rating: 1080 → 1059(-21 for losing)
|c|☆Gideon1177|gg
|l|☆Gideon1177
|player|p1|
