|j|☆LanternComic
|j|☆Imnotgcb
|html|LanternComicImnotgcb    
|uhtml|bestof|Game 2 of a best-of-3
|t:|1783206838
|gametype|doubles
|player|p1|LanternComic|silver-masters|1165
|player|p2|Imnotgcb|170|1125
|gen|9
|tier|[Gen 9 Champions] VGC 2026 Reg M-B (Bo3)
|rated|
|rule|Species Clause: Limit one of each Pokémon
|rule|Item Clause: Limit 1 of each item
|clearpoke
|poke|p1|Mawile, L50, F|
|poke|p1|Farigiraf, L50, M|
|poke|p1|Sneasler, L50, F|
|poke|p1|Swampert, L50, M|
|poke|p1|Pelipper, L50, F|
|poke|p1|Hydreigon, L50, F|
|poke|p2|Pyroar, L50, F|
|poke|p2|Leafeon, L50, F|
|poke|p2|Venusaur, L50, F|
|poke|p2|Sneasler, L50, F|
|poke|p2|Torkoal, L50, M|
|poke|p2|Sableye, L50, M|
|teampreview|4
|showteam|p1|Mawile||Mawilite|Intimidate|PlayRough,IronHead,SuckerPunch,Protect|Adamant||F|||50|]Farigiraf||ColburBerry|ArmorTail|Psychic,Thunderbolt,TrickRoom,Protect|Relaxed||M|||50|]Sneasler||WhiteHerb|Unburden|CloseCombat,DireClaw,FakeOut,Coaching|Jolly||F|||50|]Swampert||Swampertite|Torrent|WaveCrash,Earthquake,HighHorsepower,Protect|Adamant||M|||50|]Pelipper||FocusSash|Drizzle|Hurricane,WeatherBall,Tailwind,WideGuard|Modest||F|||50|]Hydreigon||ChoiceScarf|Levitate|DracoMeteor,DarkPulse,Snarl,EarthPower|Modest||F|||50|
|showteam|p2|Pyroar||Pyroarite|Unnerve|HeatWave,Taunt,Protect,SolarBeam|Timid||F|||50|]Leafeon||LifeOrb|Chlorophyll|LeafBlade,SolarBlade,Protect,KnockOff|Adamant||F|||50|]Venusaur||Leftovers|Chlorophyll|SleepPowder,GigaDrain,Protect,SludgeBomb|Timid||F|||50|]Sneasler||FocusSash|Unburden|FakeOut,RockSlide,CloseCombat,DireClaw|Jolly||F|||50|]Torkoal||HeatRock|Drought|SolarBeam,HeatWave,Protect,StealthRock|Modest||M|||50|]Sableye||RoseliBerry|Prankster|LightScreen,Reflect,WillOWisp,FakeOut|Calm||M|||50|
|j| weird perish thing
|l| weird perish thing
|
|t:|1783206861
|teamsize|p1|4
|teamsize|p2|4
|start
|switch|p1a: Sneasler|Sneasler, L50, F|100/100
|switch|p1b: Hydreigon|Hydreigon, L50, F|100/100
|switch|p2a: Leafeon|Leafeon, L50, F|100/100
|switch|p2b: Sneasler|Sneasler, L50, F|100/100
|turn|1
|
|t:|1783206886
|move|p2b: Sneasler|Fake Out|p1b: Hydreigon
|-damage|p1b: Hydreigon|84/100
|move|p1a: Sneasler|Fake Out|p2b: Sneasler
|-damage|p2b: Sneasler|77/100
|cant|p1b: Hydreigon|flinch
|move|p2a: Leafeon|Knock Off|p1b: Hydreigon
|-resisted|p1b: Hydreigon|1
|-damage|p1b: Hydreigon|59/100
|-enditem|p1b: Hydreigon|Choice Scarf|[from] move: Knock Off|[of] p2a: Leafeon
|-damage|p2a: Leafeon|90/100|[from] item: Life Orb
|
|upkeep
|turn|2
|
|t:|1783206905
|switch|p1b: Pelipper|Pelipper, L50, F|100/100
|-weather|RainDance|[from] ability: Drizzle|[of] p1b: Pelipper
|move|p2b: Sneasler|Close Combat|p1b: Pelipper
|-resisted|p1b: Pelipper|1
|-damage|p1b: Pelipper|57/100
|-unboost|p2b: Sneasler|def|1
|-unboost|p2b: Sneasler|spd|1
|move|p1a: Sneasler|Close Combat|p2b: Sneasler
|-resisted|p2b: Sneasler|1
|-damage|p2b: Sneasler|5/100
|-unboost|p1a: Sneasler|def|1
|-unboost|p1a: Sneasler|spd|1
|-enditem|p1a: Sneasler|White Herb
|-clearnegativeboost|p1a: Sneasler|[silent]
|move|p2a: Leafeon|Leaf Blade|p1a: Sneasler
|-resisted|p1a: Sneasler|1
|-damage|p1a: Sneasler|57/100
|-damage|p2a: Leafeon|80/100|[from] item: Life Orb
|
|-weather|RainDance|[upkeep]
|upkeep
|turn|3
|
|t:|1783206932
|move|p1b: Pelipper|Wide Guard|p1b: Pelipper
|-singleturn|p1b: Pelipper|Wide Guard
|move|p1a: Sneasler|Dire Claw|p2a: Leafeon
|-supereffective|p2a: Leafeon|1
|-damage|p2a: Leafeon|0 fnt
|faint|p2a: Leafeon
|move|p2b: Sneasler|Rock Slide|p1b: Pelipper|[spread] 
|-activate|p1a: Sneasler|move: Wide Guard
|-activate|p1b: Pelipper|move: Wide Guard
|
|-weather|RainDance|[upkeep]
|upkeep
|
|t:|1783206946
|switch|p2a: Venusaur|Venusaur, L50, F|100/100
|turn|4
|
|t:|1783206964
|switch|p1b: Farigiraf|Farigiraf, L50, M|100/100
|move|p1a: Sneasler|Dire Claw|p2a: Venusaur
|-damage|p2a: Venusaur|58/100
|move|p2b: Sneasler|Close Combat|p1a: Sneasler
|-resisted|p1a: Sneasler|1
|-damage|p1a: Sneasler|10/100
|-unboost|p2b: Sneasler|def|1
|-unboost|p2b: Sneasler|spd|1
|move|p2a: Venusaur|Sludge Bomb|p1b: Farigiraf
|-damage|p1b: Farigiraf|67/100
|
|-weather|RainDance|[upkeep]
|-heal|p2a: Venusaur|64/100|[from] item: Leftovers
|upkeep
|turn|5
|
|t:|1783206984
|move|p2a: Venusaur|Protect|p2a: Venusaur
|-singleturn|p2a: Venusaur|Protect
|move|p1a: Sneasler|Dire Claw|p2b: Sneasler
|-resisted|p2b: Sneasler|1
|-damage|p2b: Sneasler|0 fnt
|faint|p2b: Sneasler
|move|p1b: Farigiraf|Psychic|p2a: Venusaur
|-activate|p2a: Venusaur|move: Protect
|
|-weather|RainDance|[upkeep]
|-heal|p2a: Venusaur|70/100|[from] item: Leftovers
|upkeep
|
|t:|1783206996
|switch|p2b: Torkoal|Torkoal, L50, M|100/100
|-weather|SunnyDay|[from] ability: Drought|[of] p2b: Torkoal
|turn|6
|
|t:|1783207007
|move|p1a: Sneasler|Dire Claw|p2a: Venusaur
|-damage|p2a: Venusaur|23/100
|move|p2a: Venusaur|Giga Drain|p1b: Farigiraf
|-damage|p1b: Farigiraf|42/100
|-heal|p2a: Venusaur|40/100|[from] drain|[of] p1b: Farigiraf
|move|p1b: Farigiraf|Psychic|p2b: Torkoal
|-damage|p2b: Torkoal|60/100
|move|p2b: Torkoal|Heat Wave|p1b: Farigiraf|[spread] p1a,p1b
|-damage|p1a: Sneasler|0 fnt
|-damage|p1b: Farigiraf|0 fnt
|faint|p1a: Sneasler
|faint|p1b: Farigiraf
|
|-weather|SunnyDay|[upkeep]
|-heal|p2a: Venusaur|46/100|[from] item: Leftovers
|upkeep
|
|t:|1783207013
|switch|p1a: Pelipper|Pelipper, L50, F|57/100
|switch|p1b: Hydreigon|Hydreigon, L50, F|59/100
|-weather|RainDance|[from] ability: Drizzle|[of] p1a: Pelipper
|turn|7
|
|t:|1783207037
|move|p1b: Hydreigon|Dark Pulse|p2a: Venusaur
|-damage|p2a: Venusaur|1/100
|move|p2a: Venusaur|Sleep Powder|p1b: Hydreigon|[miss]
|-miss|p2a: Venusaur|p1b: Hydreigon
|move|p1a: Pelipper|Weather Ball|p2b: Torkoal
|-supereffective|p2b: Torkoal|1
|-damage|p2b: Torkoal|0 fnt
|faint|p2b: Torkoal
|
|-weather|RainDance|[upkeep]
|-heal|p2a: Venusaur|6/100|[from] item: Leftovers
|upkeep
|turn|8
|-message|Imnotgcb forfeited.
|
|win|LanternComic
|raw|LanternComic's rating: 1165 → 1187(+22 for winning)
|raw|Imnotgcb's rating: 1125 → 1103(-22 for losing)
|l|☆Imnotgcb
|player|p2|
