|j|☆lux raymundi
|j|☆PATRIOTS_VG
|html|lux raymundiPATRIOTS_VG    
|uhtml|bestof|Game 2 of a best-of-3
|t:|1782239010
|gametype|doubles
|player|p1|lux raymundi|169|1103
|player|p2|PATRIOTS_VG|drayden|1052
|gen|9
|tier|[Gen 9 Champions] VGC 2026 Reg M-B (Bo3)
|rated|
|rule|Species Clause: Limit one of each Pokémon
|rule|Item Clause: Limit 1 of each item
|clearpoke
|poke|p1|Incineroar, L50, F|
|poke|p1|Sinistcha-Masterpiece, L50|
|poke|p1|Garchomp, L50, F|
|poke|p1|Archaludon, L50, F|
|poke|p1|Pelipper, L50, F|
|poke|p1|Swampert, L50, M|
|poke|p2|Garchomp, L50, M|
|poke|p2|Gholdengo, L50|
|poke|p2|Basculegion, L50, M|
|poke|p2|Scovillain, L50, F|
|poke|p2|Aerodactyl, L50, M|
|poke|p2|Ninetales-Alola, L50, F|
|teampreview|4
|showteam|p1|Incineroar||SitrusBerry|Intimidate|FakeOut,FlareBlitz,ThroatChop,PartingShot|Impish||F|||50|]Sinistcha-Masterpiece||KasibBerry|Hospitality|MatchaGotcha,TrickRoom,RagePowder,LifeDew|Bold|||||50|]Garchomp||LifeOrb|RoughSkin|StompingTantrum,RockSlide,DragonClaw,Protect|Jolly||F|||50|]Archaludon||Leftovers|Stamina|ElectroShot,DragonPulse,FlashCannon,Protect|Modest||F|||50|]Pelipper||FocusSash|Drizzle|Tailwind,Hurricane,WeatherBall,Protect|Timid||F|||50|]Swampert||Swampertite|Torrent|WaveCrash,HighHorsepower,IcePunch,Protect|Adamant||M|||50|
|showteam|p2|Garchomp||LifeOrb|RoughSkin|StompingTantrum,Earthquake,DragonClaw,Protect|Jolly||M|||50|]Gholdengo||Leftovers|GoodasGold|MakeItRain,ShadowBall,NastyPlot,Protect|Modest|||||50|]Basculegion||FocusSash|Adaptability|Liquidation,AquaJet,LastRespects,Protect|Adamant||M|||50|]Scovillain||Scovillainite|Moody|GigaDrain,Overheat,RagePowder,Protect|Bold||F|||50|]Aerodactyl||Aerodactylite|Unnerve|RockSlide,DualWingbeat,WideGuard,Tailwind|Jolly||M|||50|]Ninetales-Alola||LightClay|SnowWarning|Blizzard,AuroraVeil,Encore,Protect|Timid||F|||50|
|inactive|Battle timer is ON: inactive players will automatically lose when time's up. (requested by PATRIOTS_VG)
|
|t:|1782239028
|teamsize|p1|4
|teamsize|p2|4
|start
|switch|p1a: Incineroar|Incineroar, L50, F|100/100
|switch|p1b: Pelipper|Pelipper, L50, F|100/100
|switch|p2a: Scovillain|Scovillain, L50, F|100/100
|switch|p2b: Gholdengo|Gholdengo, L50|100/100
|-weather|RainDance|[from] ability: Drizzle|[of] p1b: Pelipper
|-ability|p1a: Incineroar|Intimidate|boost
|-unboost|p2a: Scovillain|atk|1
|-unboost|p2b: Gholdengo|atk|1
|turn|1
|
|t:|1782239053
|switch|p1a: Swampert|Swampert, L50, M|100/100
|move|p2b: Gholdengo|Protect|p2b: Gholdengo
|-singleturn|p2b: Gholdengo|Protect
|move|p2a: Scovillain|Protect|p2a: Scovillain
|-singleturn|p2a: Scovillain|Protect
|move|p1b: Pelipper|Tailwind|p1b: Pelipper
|-sidestart|p1: lux raymundi|move: Tailwind
|
|-weather|RainDance|[upkeep]
|-ability|p2a: Scovillain|Moody|boost
|-boost|p2a: Scovillain|spd|2
|-unboost|p2a: Scovillain|atk|1
|upkeep
|turn|2
|
|t:|1782239077
|switch|p2b: Ninetales|Ninetales-Alola, L50, F|100/100
|-weather|Snowscape|[from] ability: Snow Warning|[of] p2b: Ninetales
|detailschange|p2a: Scovillain|Scovillain-Mega, L50, F
|-mega|p2a: Scovillain|Scovillain|Scovillainite
|move|p1a: Swampert|Protect|p1a: Swampert
|-singleturn|p1a: Swampert|Protect
|move|p2a: Scovillain|Rage Powder|p2a: Scovillain
|-singleturn|p2a: Scovillain|move: Rage Powder
|move|p1b: Pelipper|Hurricane|p2a: Scovillain
|-supereffective|p2a: Scovillain|1
|-damage|p2a: Scovillain|51/100
|-status|p1b: Pelipper|brn|[from] ability: Spicy Spray|[of] p2a: Scovillain
|
|-weather|Snowscape|[upkeep]
|-damage|p1b: Pelipper|94/100 brn|[from] brn
|upkeep
|turn|3
|
|t:|1782239092
|switch|p1a: Incineroar|Incineroar, L50, F|100/100
|-ability|p1a: Incineroar|Intimidate|boost
|-unboost|p2a: Scovillain|atk|1
|-unboost|p2b: Ninetales|atk|1
|move|p1b: Pelipper|Weather Ball|p2a: Scovillain
|-damage|p2a: Scovillain|37/100
|move|p2b: Ninetales|Aurora Veil|p2b: Ninetales
|-sidestart|p2: PATRIOTS_VG|move: Aurora Veil
|move|p2a: Scovillain|Giga Drain|p1a: Incineroar
|-resisted|p1a: Incineroar|1
|-damage|p1a: Incineroar|84/100
|-heal|p2a: Scovillain|47/100|[from] drain|[of] p1a: Incineroar
|
|-weather|Snowscape|[upkeep]
|-damage|p1b: Pelipper|88/100 brn|[from] brn
|upkeep
|turn|4
|
|t:|1782239107
|move|p1b: Pelipper|Hurricane|p2a: Scovillain
|-supereffective|p2a: Scovillain|1
|-damage|p2a: Scovillain|18/100
|move|p2b: Ninetales|Blizzard|p1a: Incineroar|[spread] p1a,p1b
|-resisted|p1a: Incineroar|1
|-damage|p1a: Incineroar|74/100
|-damage|p1b: Pelipper|49/100 brn
|move|p1a: Incineroar|Parting Shot|p2b: Ninetales
|-unboost|p2b: Ninetales|atk|1
|-unboost|p2b: Ninetales|spa|1
|
|t:|1782239114
|switch|p1a: Archaludon|Archaludon, L50, F|100/100|[from] Parting Shot
|move|p2a: Scovillain|Giga Drain|p1b: Pelipper
|-damage|p1b: Pelipper|1/100 brn
|-heal|p2a: Scovillain|42/100|[from] drain|[of] p1b: Pelipper
|
|-weather|Snowscape|[upkeep]
|-damage|p1b: Pelipper|0 fnt|[from] brn
|faint|p1b: Pelipper
|-sideend|p1: lux raymundi|move: Tailwind
|upkeep
|
|t:|1782239122
|switch|p1b: Incineroar|Incineroar, L50, F|74/100
|-ability|p1b: Incineroar|Intimidate|boost
|-unboost|p2a: Scovillain|atk|1
|-unboost|p2b: Ninetales|atk|1
|turn|5
|
|t:|1782239131
|move|p2a: Scovillain|Protect|p2a: Scovillain
|-singleturn|p2a: Scovillain|Protect
|move|p1b: Incineroar|Fake Out|p2a: Scovillain
|-activate|p2a: Scovillain|move: Protect
|move|p2b: Ninetales|Blizzard|p1b: Incineroar|[spread] p1a,p1b
|-resisted|p1b: Incineroar|1
|-damage|p1a: Archaludon|78/100
|-damage|p1b: Incineroar|66/100
|-status|p1b: Incineroar|frz
|-ability|p1a: Archaludon|Stamina|boost
|-boost|p1a: Archaludon|def|1
|move|p1a: Archaludon|Flash Cannon|p2b: Ninetales
|-supereffective|p2b: Ninetales|2
|-damage|p2b: Ninetales|0 fnt
|faint|p2b: Ninetales
|
|-weather|Snowscape|[upkeep]
|-heal|p1a: Archaludon|84/100|[from] item: Leftovers
|upkeep
|
|t:|1782239148
|switch|p2b: Basculegion|Basculegion, L50, M|100/100
|turn|6
|
|t:|1782239163
|switch|p2a: Gholdengo|Gholdengo, L50|100/100
|move|p2b: Basculegion|Liquidation|p1b: Incineroar
|-supereffective|p1b: Incineroar|1
|-damage|p1b: Incineroar|0 fnt
|faint|p1b: Incineroar
|move|p1a: Archaludon|Dragon Pulse|p2b: Basculegion
|-damage|p2b: Basculegion|64/100
|
|-weather|none
|-heal|p1a: Archaludon|90/100|[from] item: Leftovers
|upkeep
|
|t:|1782239173
|switch|p1b: Swampert|Swampert, L50, M|100/100
|turn|7
|
|t:|1782239182
|detailschange|p1b: Swampert|Swampert-Mega, L50, M
|-mega|p1b: Swampert|Swampert|Swampertite
|move|p2a: Gholdengo|Shadow Ball|p1b: Swampert
|-damage|p1b: Swampert|66/100
|move|p2b: Basculegion|Last Respects|p1b: Swampert
|-damage|p1b: Swampert|11/100
|move|p1a: Archaludon|Electro Shot||[still]
|-prepare|p1a: Archaludon|Electro Shot
|-boost|p1a: Archaludon|spa|1
|move|p1b: Swampert|High Horsepower|p2a: Gholdengo|[miss]
|-miss|p1b: Swampert|p2a: Gholdengo
|
|-heal|p1a: Archaludon|96/100|[from] item: Leftovers
|upkeep
|turn|8
|c|☆lux raymundi|...
|
|t:|1782239200
|switch|p2b: Scovillain|Scovillain-Mega, L50, F|42/100
|move|p1b: Swampert|Protect|p1b: Swampert
|-singleturn|p1b: Swampert|Protect
|move|p2a: Gholdengo|Shadow Ball|p1b: Swampert
|-activate|p1b: Swampert|move: Protect
|move|p1a: Archaludon|Electro Shot|p2b: Scovillain|[from] lockedmove
|-resisted|p2b: Scovillain|1
|-damage|p2b: Scovillain|16/100
|-status|p1a: Archaludon|brn|[from] ability: Spicy Spray|[of] p2b: Scovillain
|
|-heal|p1a: Archaludon|100/100 brn|[from] item: Leftovers
|-damage|p1a: Archaludon|93/100 brn|[from] brn
|upkeep
|turn|9
|
|t:|1782239221
|move|p2b: Scovillain|Rage Powder|p2b: Scovillain
|-singleturn|p2b: Scovillain|move: Rage Powder
|move|p2a: Gholdengo|Shadow Ball|p1b: Swampert
|-damage|p1b: Swampert|0 fnt
|faint|p1b: Swampert
|move|p1a: Archaludon|Dragon Pulse|p2b: Scovillain
|-damage|p2b: Scovillain|0 fnt
|faint|p2b: Scovillain
|
|-heal|p1a: Archaludon|100/100 brn|[from] item: Leftovers
|-damage|p1a: Archaludon|93/100 brn|[from] brn
|upkeep
|
|t:|1782239228
|switch|p2b: Basculegion|Basculegion, L50, M|64/100
|turn|10
|
|t:|1782239242
|move|p2a: Gholdengo|Nasty Plot|p2a: Gholdengo
|-boost|p2a: Gholdengo|spa|2
|move|p2b: Basculegion|Last Respects|p1a: Archaludon
|-damage|p1a: Archaludon|45/100 brn
|-ability|p1a: Archaludon|Stamina|boost
|-boost|p1a: Archaludon|def|1
|move|p1a: Archaludon|Electro Shot||[still]
|-prepare|p1a: Archaludon|Electro Shot
|-boost|p1a: Archaludon|spa|1
|
|-heal|p1a: Archaludon|51/100 brn|[from] item: Leftovers
|-damage|p1a: Archaludon|45/100 brn|[from] brn
|-sideend|p2: PATRIOTS_VG|move: Aurora Veil
|upkeep
|turn|11
|
|t:|1782239252
|move|p2a: Gholdengo|Shadow Ball|p1a: Archaludon
|-damage|p1a: Archaludon|0 fnt
|faint|p1a: Archaludon
|
|win|PATRIOTS_VG
|raw|lux raymundi's rating: 1103 → 1074(-29 for losing)
|raw|PATRIOTS_VG's rating: 1052 → 1089(+37 for winning)
