|j|☆toughlogvgc
|j|☆Im_Neutro
|html|toughlogvgcIm_Neutro    
|uhtml|bestof|Game 1 of a best-of-3
|t:|1784399763
|gametype|doubles
|player|p1|toughlogvgc|2|1220
|player|p2|Im_Neutro|noland|1191
|gen|9
|tier|[Gen 9 Champions] VGC 2026 Reg M-B (Bo3)
|rated|
|rule|Species Clause: Limit one of each Pokémon
|rule|Item Clause: Limit 1 of each item
|clearpoke
|poke|p1|Charizard, L50, M|
|poke|p1|Garchomp, L50, M|
|poke|p1|Basculegion, L50, M|
|poke|p1|Whimsicott, L50, F|
|poke|p1|Kingambit, L50, F|
|poke|p1|Floette-Eternal, L50, F|
|poke|p2|Gengar, L50, M|
|poke|p2|Kingambit, L50, F|
|poke|p2|Incineroar, L50, F|
|poke|p2|Farigiraf, L50, M|
|poke|p2|Primarina, L50, F|
|poke|p2|Kommo-o, L50, F|
|teampreview|4
|showteam|p1|Charizard||CharizarditeY|Blaze|HeatWave,SolarBeam,Protect,WeatherBall|Modest||M|||50|]Garchomp||LifeOrb|RoughSkin|DragonClaw,Earthquake,RockSlide,Protect|Jolly||M|||50|]Basculegion||ChoiceScarf|Adaptability|WaveCrash,AquaJet,FlipTurn,LastRespects|Adamant||M|||50|]Whimsicott||FocusSash|Prankster|Moonblast,Tailwind,Protect,Encore|Timid||F|||50|]Kingambit||BlackGlasses|Defiant|IronHead,KowtowCleave,Protect,SuckerPunch|Adamant||F|||50|]Floette-Eternal||Floettite|FlowerVeil|Moonblast,LightofRuin,DazzlingGleam,Protect|Modest||F|||50|
|showteam|p2|Gengar||Gengarite|CursedBody|PerishSong,Protect,ShadowBall,Disable|Timid||M|||50|]Kingambit||BlackGlasses|Defiant|KowtowCleave,IronHead,SuckerPunch,Protect|Brave||F|||50|]Incineroar||PasshoBerry|Intimidate|FlareBlitz,FakeOut,PartingShot,Protect|Relaxed||F|||50|]Farigiraf||ColburBerry|ArmorTail|TrickRoom,Roar,Protect,TwinBeam|Sassy||M|||50|]Primarina||SitrusBerry|LiquidVoice|HyperVoice,PerishSong,Protect,Encore|Sassy||F|||50|]Kommo-o||Leftovers|Soundproof|ClangorousSoul,ClangingScales,AuraSphere,Protect|Modest||F|||50|
|inactive|Battle timer is ON: inactive players will automatically lose when time's up. (requested by Im_Neutro)
|inactive|toughlogvgc has 60 seconds left.
|
|t:|1784399820
|teamsize|p1|4
|teamsize|p2|4
|start
|switch|p1a: Whimsicott|Whimsicott, L50, F|100/100
|switch|p1b: Kingambit|Kingambit, L50, F|100/100
|switch|p2a: Gengar|Gengar, L50, M|100/100
|switch|p2b: Incineroar|Incineroar, L50, F|100/100
|-ability|p2b: Incineroar|Intimidate|boost
|-unboost|p1a: Whimsicott|atk|1
|-unboost|p1b: Kingambit|atk|1
|-ability|p1b: Kingambit|Defiant|boost
|-boost|p1b: Kingambit|atk|2
|turn|1
|inactive|toughlogvgc has 30 seconds left.
|inactive|Im_Neutro has 30 seconds left.
|inactive|Im_Neutro has 20 seconds left.
|inactive|Im_Neutro has 15 seconds left.
|
|t:|1784399863
|switch|p1a: Basculegion|Basculegion, L50, M|100/100
|detailschange|p2a: Gengar|Gengar-Mega, L50, M
|-mega|p2a: Gengar|Gengar|Gengarite
|move|p1b: Kingambit|Protect|p1b: Kingambit
|-singleturn|p1b: Kingambit|Protect
|move|p2b: Incineroar|Fake Out|p1b: Kingambit
|-activate|p1b: Kingambit|move: Protect
|move|p2a: Gengar|Perish Song|p2a: Gengar
|-start|p1a: Basculegion|perish3|[silent]
|-start|p1b: Kingambit|perish3|[silent]
|-start|p2a: Gengar|perish3|[silent]
|-start|p2b: Incineroar|perish3|[silent]
|-fieldactivate|move: Perish Song
|
|-start|p2a: Gengar|perish3
|-start|p1a: Basculegion|perish3
|-start|p2b: Incineroar|perish3
|-start|p1b: Kingambit|perish3
|upkeep
|turn|2
|inactive|toughlogvgc has 30 seconds left.
|
|t:|1784399889
|move|p2a: Gengar|Protect|p2a: Gengar
|-singleturn|p2a: Gengar|Protect
|move|p2b: Incineroar|Protect|p2b: Incineroar
|-singleturn|p2b: Incineroar|Protect
|move|p1b: Kingambit|Sucker Punch||[still]
|-fail|p1b: Kingambit
|move|p1a: Basculegion|Wave Crash|p2b: Incineroar
|-activate|p2b: Incineroar|move: Protect
|
|-start|p2a: Gengar|perish2
|-start|p1a: Basculegion|perish2
|-start|p2b: Incineroar|perish2
|-start|p1b: Kingambit|perish2
|upkeep
|turn|3
|
|t:|1784399909
|switch|p2a: Kingambit|Kingambit, L50, F|100/100
|move|p1a: Basculegion|Wave Crash|p2b: Incineroar
|-supereffective|p2b: Incineroar|1
|-enditem|p2b: Incineroar|Passho Berry|[eat]
|-enditem|p2b: Incineroar|Passho Berry|[weaken]
|-damage|p2b: Incineroar|36/100
|-damage|p1a: Basculegion|78/100|[from] Recoil
|move|p2b: Incineroar|Parting Shot|p1a: Basculegion
|-unboost|p1a: Basculegion|atk|1
|-unboost|p1a: Basculegion|spa|1
|
|t:|1784399919
|switch|p2b: Gengar|Gengar-Mega, L50, M|100/100|[from] Parting Shot
|move|p1b: Kingambit|Kowtow Cleave|p2a: Kingambit
|-resisted|p2a: Kingambit|1
|-damage|p2a: Kingambit|64/100
|
|-start|p1a: Basculegion|perish1
|-start|p1b: Kingambit|perish1
|upkeep
|turn|4
|inactive|toughlogvgc has 30 seconds left.
|
|t:|1784399950
|switch|p1a: Charizard|Charizard, L50, M|100/100
|move|p2b: Gengar|Protect|p2b: Gengar
|-singleturn|p2b: Gengar|Protect
|move|p2a: Kingambit|Protect|p2a: Kingambit
|-singleturn|p2a: Kingambit|Protect
|move|p1b: Kingambit|Kowtow Cleave|p2a: Kingambit
|-activate|p2a: Kingambit|move: Protect
|
|-start|p1b: Kingambit|perish0
|faint|p1b: Kingambit
|upkeep
|
|t:|1784399964
|switch|p1b: Whimsicott|Whimsicott, L50, F|100/100
|turn|5
|
|t:|1784399983
|switch|p2b: Incineroar|Incineroar, L50, F|36/100
|-ability|p2b: Incineroar|Intimidate|boost
|-unboost|p1a: Charizard|atk|1
|-unboost|p1b: Whimsicott|atk|1
|detailschange|p1a: Charizard|Charizard-Mega-Y, L50, M
|-mega|p1a: Charizard|Charizard|Charizardite Y
|-weather|SunnyDay|[from] ability: Drought|[of] p1a: Charizard
|move|p1b: Whimsicott|Encore|p2b: Incineroar
|-hint|Since gen 7, Dark is immune to Prankster moves.
|-immune|p2b: Incineroar
|move|p2a: Kingambit|Sucker Punch|p1a: Charizard
|-damage|p1a: Charizard|47/100
|move|p1a: Charizard|Heat Wave|p2b: Incineroar|[spread] p2b
|-miss|p1a: Charizard|p2a: Kingambit
|-resisted|p2b: Incineroar|1
|-damage|p2b: Incineroar|2/100
|
|-weather|SunnyDay|[upkeep]
|upkeep
|turn|6
|inactive|toughlogvgc has 30 seconds left.
|
|t:|1784400012
|move|p1a: Charizard|Protect|p1a: Charizard
|-singleturn|p1a: Charizard|Protect
|move|p2a: Kingambit|Sucker Punch||[still]
|-fail|p2a: Kingambit
|move|p1b: Whimsicott|Moonblast|p2b: Incineroar
|-crit|p2b: Incineroar
|-damage|p2b: Incineroar|0 fnt
|faint|p2b: Incineroar
|
|-weather|SunnyDay|[upkeep]
|upkeep
|
|t:|1784400020
|switch|p2b: Gengar|Gengar-Mega, L50, M|100/100
|turn|7
|inactive|toughlogvgc has 30 seconds left.
|
|t:|1784400052
|move|p2a: Kingambit|Sucker Punch|p1a: Charizard
|-damage|p1a: Charizard|0 fnt
|faint|p1a: Charizard
|move|p2b: Gengar|Shadow Ball|p1b: Whimsicott
|-damage|p1b: Whimsicott|27/100
|move|p1b: Whimsicott|Moonblast|p2a: Kingambit
|-damage|p2a: Kingambit|30/100
|
|-weather|SunnyDay|[upkeep]
|upkeep
|
|t:|1784400061
|switch|p1a: Basculegion|Basculegion, L50, M|78/100
|turn|8
|inactive|toughlogvgc has 30 seconds left.
|
|t:|1784400095
|move|p1a: Basculegion|Aqua Jet|p2a: Kingambit
|-damage|p2a: Kingambit|21/100
|move|p2a: Kingambit|Sucker Punch||[still]
|-fail|p2a: Kingambit
|move|p2b: Gengar|Shadow Ball|p1a: Basculegion
|-supereffective|p1a: Basculegion|1
|-damage|p1a: Basculegion|0 fnt
|faint|p1a: Basculegion
|move|p1b: Whimsicott|Moonblast|p2a: Kingambit
|-crit|p2a: Kingambit
|-damage|p2a: Kingambit|0 fnt
|faint|p2a: Kingambit
|
|-weather|SunnyDay|[upkeep]
|upkeep
|
|t:|1784400110
|switch|p2a: Kommo-o|Kommo-o, L50, F|100/100
|turn|9
|
|t:|1784400128
|move|p2b: Gengar|Shadow Ball|p1b: Whimsicott
|-damage|p1b: Whimsicott|0 fnt
|faint|p1b: Whimsicott
|
|win|Im_Neutro
||Im_Neutro is ready for game 2.
|inactive|toughlogvgc has 30 seconds to confirm battle start!
|inactive|toughlogvgc has 20 seconds to confirm battle start!
||toughlogvgc is ready for game 2.
|uhtml|next|Next: Game 2 of 3
|l|☆Im_Neutro
|player|p2|
