|j|â˜†NoobMasterBrad182
|j|â˜†AzazelezazA
|html|NoobMasterBrad182AzazelezazA    
|uhtml|bestof|Game 2 of a best-of-3
|t:|1785085441
|gametype|doubles
|player|p1|NoobMasterBrad182|hilda-wonderlauncher|1106
|player|p2|AzazelezazA|102|1073
|gen|9
|tier|[Gen 9 Champions] VGC 2026 Reg M-B (Bo3)
|rated|
|rule|Species Clause: Limit one of each PokÃ©mon
|rule|Item Clause: Limit 1 of each item
|clearpoke
|poke|p1|Delphox, L50, F|
|poke|p1|Torkoal, L50, M|
|poke|p1|Gallade, L50, M|
|poke|p1|Annihilape, L50, F|
|poke|p1|Toxapex, L50, F|
|poke|p1|Corviknight, L50, F|
|poke|p2|Torkoal, L50, M|
|poke|p2|Charizard, L50, F|
|poke|p2|Tsareena, L50, F|
|poke|p2|Banette, L50, F|
|poke|p2|Sneasler, L50, M|
|poke|p2|Kingambit, L50, F|
|teampreview|4
|showteam|p1|Delphox||Delphoxite|Blaze|HeatWave,DazzlingGleam,Psyshock,TrickRoom|Modest||F|||50|]Torkoal||HeatRock|Drought|Eruption,SolarBeam,EarthPower,Protect|Modest||M|||50|]Gallade||Galladite|Justified|TripleAxel,SacredSword,PsychoCut,BulkUp|Jolly||M|||50|]Annihilape||SitrusBerry|Defiant|BeatUp,RageFist,CloseCombat,Protect|Jolly||F|||50|]Toxapex||Leftovers|Regenerator|Infestation,Toxic,WideGuard,Recover|Bold||F|||50|]Corviknight||LifeOrb|Unnerve|BraveBird,IronHead,IronDefense,Roost|Adamant||F|||50|
|showteam|p2|Torkoal||Charcoal|Drought|Protect,Eruption,WeatherBall,HelpingHand|Bold||M|||50|]Charizard||CharizarditeX|Blaze|DragonDance,FlareBlitz,Protect,BreakingSwipe|Adamant||F|||50|]Tsareena||WideLens|QueenlyMajesty|TropKick,HighJumpKick,Protect,TripleAxel|Adamant||F|||50|]Banette||Banettite|Frisk|TrickRoom,KnockOff,Taunt,Poltergeist|Brave||F|||50|]Sneasler||WhiteHerb|Unburden|DireClaw,CloseCombat,FakeOut,Protect|Adamant||M|||50|]Kingambit||BlackGlasses|Defiant|IronHead,KowtowCleave,LowKick,SuckerPunch|Adamant||F|||50|
|
|t:|1785085459
|teamsize|p1|4
|teamsize|p2|4
|start
|switch|p1a: Gallade|Gallade, L50, M|100/100
|switch|p1b: Annihilape|Annihilape, L50, F|100/100
|switch|p2a: Torkoal|Torkoal, L50, M|100/100
|switch|p2b: Charizard|Charizard, L50, F|100/100
|-weather|SunnyDay|[from] ability: Drought|[of] p2a: Torkoal
|turn|1
|
|t:|1785085493
|detailschange|p2b: Charizard|Charizard-Mega-X, L50, F
|-mega|p2b: Charizard|Charizard|Charizardite X
|move|p2a: Torkoal|Helping Hand|p2b: Charizard
|-singleturn|p2b: Charizard|Helping Hand|[of] p2a: Torkoal
|move|p1b: Annihilape|Beat Up|p1a: Gallade
|-damage|p1a: Gallade|92/100
|-ability|p1a: Gallade|Justified|boost
|-boost|p1a: Gallade|atk|1
|-damage|p1a: Gallade|84/100
|-ability|p1a: Gallade|Justified|boost
|-boost|p1a: Gallade|atk|1
|-damage|p1a: Gallade|79/100
|-ability|p1a: Gallade|Justified|boost
|-boost|p1a: Gallade|atk|1
|-damage|p1a: Gallade|73/100
|-ability|p1a: Gallade|Justified|boost
|-boost|p1a: Gallade|atk|1
|-hitcount|p1a: Gallade|4
|move|p2b: Charizard|Flare Blitz|p1b: Annihilape
|-damage|p1b: Annihilape|0 fnt
|faint|p1b: Annihilape
|-damage|p2b: Charizard|60/100|[from] Recoil
|move|p1a: Gallade|Triple Axel|p2b: Charizard|[miss]
|-miss|p1a: Gallade|p2b: Charizard
|
|-weather|SunnyDay|[upkeep]
|upkeep
|
|t:|1785085519
|switch|p1b: Toxapex|Toxapex, L50, F|100/100
|turn|2
|c|â˜†AzazelezazA|interesting set honestly
|c|â˜†NoobMasterBrad182|yep
|
|t:|1785085544
|detailschange|p1a: Gallade|Gallade-Mega, L50, M
|-mega|p1a: Gallade|Gallade|Galladite
|move|p2a: Torkoal|Helping Hand|p2b: Charizard
|-singleturn|p2b: Charizard|Helping Hand|[of] p2a: Torkoal
|move|p1a: Gallade|Sacred Sword|p2a: Torkoal
|-damage|p2a: Torkoal|16/100
|move|p2b: Charizard|Breaking Swipe|p1a: Gallade|[spread] p1a,p1b
|-damage|p1a: Gallade|25/100
|-damage|p1b: Toxapex|67/100
|-unboost|p1a: Gallade|atk|1
|-unboost|p1b: Toxapex|atk|1
|move|p1b: Toxapex|Toxic|p2b: Charizard
|-status|p2b: Charizard|tox
|
|-weather|SunnyDay|[upkeep]
|-heal|p1b: Toxapex|73/100|[from] item: Leftovers
|-damage|p2b: Charizard|54/100 tox|[from] psn
|upkeep
|turn|3
|
|t:|1785085570
|move|p2a: Torkoal|Helping Hand|p2b: Charizard
|-singleturn|p2b: Charizard|Helping Hand|[of] p2a: Torkoal
|move|p1a: Gallade|Triple Axel|p2b: Charizard
|-damage|p2b: Charizard|32/100 tox
|-damage|p2b: Charizard|0 fnt
|faint|p2b: Charizard
|-hitcount|p2: Charizard|2
|move|p1b: Toxapex|Infestation|p2a: Torkoal
|-resisted|p2a: Torkoal|1
|-damage|p2a: Torkoal|14/100
|-activate|p2a: Torkoal|move: Infestation|[of] p1b: Toxapex
|
|-weather|SunnyDay|[upkeep]
|-heal|p1b: Toxapex|78/100|[from] item: Leftovers
|-damage|p2a: Torkoal|1/100|[from] move: Infestation|[partiallytrapped]
|upkeep
|
|t:|1785085585
|switch|p2b: Kingambit|Kingambit, L50, F|100/100
|turn|4
|
|t:|1785085601
|move|p2a: Torkoal|Helping Hand|p2b: Kingambit
|-singleturn|p2b: Kingambit|Helping Hand|[of] p2a: Torkoal
|move|p2b: Kingambit|Sucker Punch|p1a: Gallade
|-damage|p1a: Gallade|0 fnt
|faint|p1a: Gallade
|move|p1b: Toxapex|Infestation|p2b: Kingambit
|-damage|p2b: Kingambit|96/100
|-activate|p2b: Kingambit|move: Infestation|[of] p1b: Toxapex
|
|-weather|SunnyDay|[upkeep]
|-heal|p1b: Toxapex|84/100|[from] item: Leftovers
|-damage|p2b: Kingambit|84/100|[from] move: Infestation|[partiallytrapped]
|-damage|p2a: Torkoal|0 fnt|[from] move: Infestation|[partiallytrapped]
|faint|p2a: Torkoal
|upkeep
|
|t:|1785085612
|switch|p1a: Corviknight|Corviknight, L50, F|100/100
|switch|p2a: Sneasler|Sneasler, L50, M|100/100
|-ability|p1a: Corviknight|Unnerve
|turn|5
|
|t:|1785085636
|move|p2a: Sneasler|Fake Out|p1a: Corviknight
|-resisted|p1a: Corviknight|1
|-damage|p1a: Corviknight|92/100
|cant|p1a: Corviknight|flinch
|move|p2b: Kingambit|Kowtow Cleave|p1b: Toxapex
|-damage|p1b: Toxapex|50/100g
|move|p1b: Toxapex|Infestation|p2a: Sneasler
|-resisted|p2a: Sneasler|2
|-crit|p2a: Sneasler
|-damage|p2a: Sneasler|98/100
|-activate|p2a: Sneasler|move: Infestation|[of] p1b: Toxapex
|
|-weather|none
|-heal|p1b: Toxapex|56/100|[from] item: Leftovers
|-damage|p2a: Sneasler|86/100|[from] move: Infestation|[partiallytrapped]
|-damage|p2b: Kingambit|72/100|[from] move: Infestation|[partiallytrapped]
|upkeep
|turn|6
|
|t:|1785085657
|move|p2a: Sneasler|Dire Claw|p1b: Toxapex
|-resisted|p1b: Toxapex|1
|-damage|p1b: Toxapex|42/100
|move|p1a: Corviknight|Brave Bird|p2a: Sneasler
|-supereffective|p2a: Sneasler|1
|-damage|p2a: Sneasler|0 fnt
|faint|p2a: Sneasler
|-damage|p1a: Corviknight|66/100|[from] Recoil
|-damage|p1a: Corviknight|57/100|[from] item: Life Orb
|move|p2b: Kingambit|Kowtow Cleave|p1b: Toxapex
|-damage|p1b: Toxapex|3/100
|move|p1b: Toxapex|Recover|p1b: Toxapex
|-heal|p1b: Toxapex|54/100
|
|-heal|p1b: Toxapex|59/100|[from] item: Leftovers
|-damage|p2b: Kingambit|60/100|[from] move: Infestation|[partiallytrapped]
|upkeep
|turn|7
|c|â˜†AzazelezazA|nahh im gonna get stalled out
|
|t:|1785085682
|move|p1a: Corviknight|Iron Defense|p1a: Corviknight
|-boost|p1a: Corviknight|def|2
|move|p2b: Kingambit|Kowtow Cleave|p1b: Toxapex
|-damage|p1b: Toxapex|21/100
|move|p1b: Toxapex|Recover|p1b: Toxapex
|-heal|p1b: Toxapex|71/100
|
|-heal|p1b: Toxapex|77/100|[from] item: Leftovers
|-damage|p2b: Kingambit|48/100|[from] move: Infestation|[partiallytrapped]
|upkeep
|turn|8
|c|â˜†NoobMasterBrad182|yes
|-message|AzazelezazA forfeited.
|
|win|NoobMasterBrad182
|l|â˜†AzazelezazA
|player|p2|
||AzazelezazA is ready for game 3.
||NoobMasterBrad182 is ready for game 3.
|uhtml|next|Next: Game 3 of 3
