|j|☆Freecko99
|j|☆DDBoi_XD
|html|Freecko99DDBoi_XD    
|uhtml|bestof|Game 2 of a best-of-3
|t:|1756376532
|gametype|doubles
|player|p1|Freecko99|101|1204
|player|p2|DDBoi_XD|rosa|1121
|gen|9
|tier|[Gen 9] VGC 2025 Reg H (Bo3)
|rated|
|rule|Species Clause: Limit one of each Pokémon
|rule|Item Clause: Limit 1 of each item
|clearpoke
|poke|p1|Gholdengo, L50|
|poke|p1|Whimsicott, L50, F|
|poke|p1|Pelipper, L50, M|
|poke|p1|Archaludon, L50, M|
|poke|p1|Indeedee-F, L50, F|
|poke|p1|Annihilape, L50, M|
|poke|p2|Gholdengo, L50|
|poke|p2|Sneasler, L50, F|
|poke|p2|Kommo-o, L50, F|
|poke|p2|Electabuzz, L50, F|
|poke|p2|Rillaboom, L50, M|
|poke|p2|Dragonite, L50, M|
|teampreview|4
|showteam|p1|Gholdengo||ChoiceSpecs|GoodasGold|MakeItRain,ShadowBall,PowerGem,Thunderbolt||||||50|,,,,,Steel]Whimsicott||CovertCloak|Prankster|Moonblast,Tailwind,FakeTears,Taunt|||F|||50|,,,,,Dark]Pelipper||SafetyGoggles|Drizzle|WeatherBall,Hurricane,Tailwind,Protect|||M|||50|,,,,,Ghost]Archaludon||AssaultVest|Stamina|DragonPulse,ElectroShot,BodyPress,FlashCannon|||M|||50|,,,,,Grass]Indeedee-F||PsychicSeed|PsychicSurge|Imprison,TrickRoom,FollowMe,Psychic|||F|||50|,,,,,Dark]Annihilape||SitrusBerry|Defiant|CloseCombat,DrainPunch,RageFist,Protect|||M|||50|,,,,,Fire
|showteam|p2|Gholdengo||LifeOrb|GoodasGold|MakeItRain,ShadowBall,NastyPlot,Protect||||||50|,,,,,Water]Sneasler||FocusSash|PoisonTouch|DireClaw,CloseCombat,FakeOut,Protect|||F|||50|,,,,,Stellar]Kommo-o||ThroatSpray|Soundproof|ClangingScales,Flamethrower,ClangorousSoul,Protect|||F|||50|,,,,,Fire]Electabuzz||Eviolite|VitalSpirit|Electroweb,Taunt,FollowMe,Protect|||F|||50|,,,,,Fairy]Rillaboom||AssaultVest|GrassySurge|WoodHammer,HighHorsepower,FakeOut,GrassyGlide|||M|||50|,,,,,Fire]Dragonite||LoadedDice|Multiscale|ScaleShot,Tailwind,Haze,Protect|||M|||50|,,,,,Steel
|
|t:|1756376578
|teamsize|p1|4
|teamsize|p2|4
|start
|switch|p1a: Whimsicott|Whimsicott, L50, F|100/100
|switch|p1b: Gholdengo|Gholdengo, L50|100/100
|switch|p2a: Gholdengoon|Gholdengo, L50|100/100
|switch|p2b: Erectabuzz|Electabuzz, L50, F|100/100
|turn|1
|
|t:|1756376602
|-terastallize|p1b: Gholdengo|Steel
|move|p2a: Gholdengoon|Protect|p2a: Gholdengoon
|-singleturn|p2a: Gholdengoon|Protect
|move|p2b: Erectabuzz|Protect|p2b: Erectabuzz
|-singleturn|p2b: Erectabuzz|Protect
|move|p1a: Whimsicott|Fake Tears|p2b: Erectabuzz
|-activate|p2b: Erectabuzz|move: Protect
|move|p1b: Gholdengo|Shadow Ball|p2b: Erectabuzz
|-activate|p2b: Erectabuzz|move: Protect
|
|upkeep
|turn|2
|
|t:|1756376626
|move|p2b: Erectabuzz|Follow Me|p2b: Erectabuzz
|-singleturn|p2b: Erectabuzz|move: Follow Me
|move|p1a: Whimsicott|Fake Tears|p2b: Erectabuzz
|-unboost|p2b: Erectabuzz|spd|2
|move|p2a: Gholdengoon|Make It Rain|p1b: Gholdengo|[spread] p1a,p1b
|-supereffective|p1a: Whimsicott
|-resisted|p1b: Gholdengo
|-crit|p1b: Gholdengo
|-damage|p1a: Whimsicott|0 fnt
|-damage|p1b: Gholdengo|48/100
|-unboost|p2a: Gholdengoon|spa|1
|faint|p1a: Whimsicott
|-damage|p2a: Gholdengoon|91/100|[from] item: Life Orb
|move|p1b: Gholdengo|Shadow Ball|p2b: Erectabuzz
|-damage|p2b: Erectabuzz|4/100
|-unboost|p2b: Erectabuzz|spd|1
|
|upkeep
|
|t:|1756376643
|switch|p1a: Pelipper|Pelipper, L50, M|100/100
|-weather|RainDance|[from] ability: Drizzle|[of] p1a: Pelipper
|turn|3
|
|t:|1756376694
|switch|p1a: Archaludon|Archaludon, L50, M|100/100
|-terastallize|p2a: Gholdengoon|Water
|move|p2b: Erectabuzz|Protect|p2b: Erectabuzz
|-singleturn|p2b: Erectabuzz|Protect
|move|p2a: Gholdengoon|Nasty Plot|p2a: Gholdengoon
|-boost|p2a: Gholdengoon|spa|2
|move|p1b: Gholdengo|Shadow Ball|p2b: Erectabuzz
|-activate|p2b: Erectabuzz|move: Protect
|
|-weather|RainDance|[upkeep]
|upkeep
|turn|4
|
|t:|1756376733
|switch|p1b: Pelipper|Pelipper, L50, M|100/100
|move|p2a: Gholdengoon|Protect|p2a: Gholdengoon
|-singleturn|p2a: Gholdengoon|Protect
|move|p2b: Erectabuzz|Taunt|p1a: Archaludon
|-start|p1a: Archaludon|move: Taunt
|move|p1a: Archaludon|Electro Shot||[still]
|-prepare|p1a: Archaludon|Electro Shot
|-boost|p1a: Archaludon|spa|1
|-anim|p1a: Archaludon|Electro Shot|p2a: Gholdengoon
|-activate|p2a: Gholdengoon|move: Protect
|
|-weather|RainDance|[upkeep]
|upkeep
|turn|5
|
|t:|1756376766
|move|p2b: Erectabuzz|Follow Me|p2b: Erectabuzz
|-singleturn|p2b: Erectabuzz|move: Follow Me
|move|p2a: Gholdengoon|Shadow Ball|p1b: Pelipper
|-damage|p1b: Pelipper|0 fnt
|faint|p1b: Pelipper
|-damage|p2a: Gholdengoon|81/100|[from] item: Life Orb
|move|p1a: Archaludon|Electro Shot||[still]
|-prepare|p1a: Archaludon|Electro Shot
|-boost|p1a: Archaludon|spa|1
|-anim|p1a: Archaludon|Electro Shot|p2b: Erectabuzz
|-resisted|p2b: Erectabuzz
|-damage|p2b: Erectabuzz|0 fnt
|faint|p2b: Erectabuzz
|
|-weather|RainDance|[upkeep]
|upkeep
|
|t:|1756376780
|switch|p2b: Jizzler|Sneasler, L50, F|100/100
|switch|p1b: Gholdengo|Gholdengo, L50, tera:Steel|48/100
|turn|6
|
|t:|1756376801
|move|p2b: Jizzler|Close Combat|p1b: Gholdengo
|-supereffective|p1b: Gholdengo
|-damage|p1b: Gholdengo|0 fnt
|-unboost|p2b: Jizzler|def|1
|-unboost|p2b: Jizzler|spd|1
|faint|p1b: Gholdengo
|move|p2a: Gholdengoon|Shadow Ball|p1a: Archaludon
|-damage|p1a: Archaludon|47/100
|-ability|p1a: Archaludon|Stamina|boost
|-boost|p1a: Archaludon|def|1
|-damage|p2a: Gholdengoon|71/100|[from] item: Life Orb
|move|p1a: Archaludon|Electro Shot||[still]
|-prepare|p1a: Archaludon|Electro Shot
|-boost|p1a: Archaludon|spa|1
|-anim|p1a: Archaludon|Electro Shot|p2a: Gholdengoon
|-supereffective|p2a: Gholdengoon
|-damage|p2a: Gholdengoon|0 fnt
|faint|p2a: Gholdengoon
|
|-weather|RainDance|[upkeep]
|-end|p1a: Archaludon|move: Taunt
|upkeep
|
|t:|1756376815
|switch|p2a: Cummo-o|Kommo-o, L50, F|100/100
|turn|7
|
|t:|1756376835
|move|p2b: Jizzler|Close Combat|p1a: Archaludon
|-supereffective|p1a: Archaludon
|-damage|p1a: Archaludon|0 fnt
|-unboost|p2b: Jizzler|def|1
|-unboost|p2b: Jizzler|spd|1
|faint|p1a: Archaludon
|
|win|DDBoi_XD
|raw|Freecko99's rating: 1204 → 1173(-31 for losing)
|raw|DDBoi_XD's rating: 1121 → 1152(+31 for winning)
|l|☆Freecko99
|player|p1|
