|j|☆mocamocau
|j|☆Kevin-V8
|html|mocamocauKevin-V8    
|uhtml|bestof|Game 2 of a best-of-3
|t:|1784242379
|gametype|doubles
|player|p1|mocamocau|266|1062
|player|p2|Kevin-V8|ethan|1234
|gen|9
|tier|[Gen 9 Champions] VGC 2026 Reg M-B (Bo3)
|rated|
|rule|Species Clause: Limit one of each Pokémon
|rule|Item Clause: Limit 1 of each item
|clearpoke
|poke|p1|Tyranitar, L50, M, shiny|
|poke|p1|Rotom-Wash, L50, shiny|
|poke|p1|Incineroar, L50, F, shiny|
|poke|p1|Aerodactyl, L50, F, shiny|
|poke|p1|Hatterene, L50, F, shiny|
|poke|p1|Excadrill, L50, F, shiny|
|poke|p2|Metagross, L50|
|poke|p2|Incineroar, L50, F|
|poke|p2|Sinistcha, L50|
|poke|p2|Tyranitar, L50, F|
|poke|p2|Excadrill, L50, M, shiny|
|poke|p2|Dragonite, L50, F|
|teampreview|4
|showteam|p1|Tyranitar||ChopleBerry|SandStream|RockSlide,KnockOff,Protect,LowKick|Adamant||M|||50|]Rotom-Wash||Leftovers|Levitate|HydroPump,WillOWisp,Thunderbolt,Protect|Modest|||||50|]Incineroar||SitrusBerry|Intimidate|FakeOut,FlareBlitz,Protect,PartingShot|Careful||F|||50|]Aerodactyl||Aerodactylite|Unnerve|RockSlide,Protect,Tailwind,WideGuard|Jolly||F|||50|]Hatterene||LifeOrb|Healer|Psychic,DazzlingGleam,TrickRoom,Protect|Modest||F|||50|]Excadrill||FocusSash|SandRush|Earthquake,IronHead,Protect,RockSlide|Adamant||F|||50|
|showteam|p2|Metagross||Metagrossite|ClearBody|PsychicFangs,BodyPress,CosmicPower,Protect|Impish|||||50|]Incineroar||SitrusBerry|Intimidate|FlareBlitz,DarkestLariat,FakeOut,PartingShot|Careful||F|||50|]Sinistcha||KasibBerry|Hospitality|MatchaGotcha,RagePowder,LifeDew,Protect|Bold|||||50|]Tyranitar||ChoiceScarf|SandStream|RockSlide,KnockOff,IcePunch,LowKick|Jolly||F|||50|]Excadrill||FocusSash|SandRush|Earthquake,IronHead,RockSlide,Protect|Adamant||M|||50|]Dragonite||Dragoninite|Multiscale|DragonPulse,HeatWave,Tailwind,Protect|Modest||F|||50|
|inactive|Battle timer is ON: inactive players will automatically lose when time's up. (requested by Kevin-V8)
|inactive|Kevin-V8 has 60 seconds left.
|
|t:|1784242430
|teamsize|p1|4
|teamsize|p2|4
|start
|switch|p1a: Aerodactyl|Aerodactyl, L50, F, shiny|100/100
|switch|p1b: Incineroar|Incineroar, L50, F, shiny|100/100
|switch|p2a: Metagross|Metagross, L50|100/100
|switch|p2b: Excadrill|Excadrill, L50, M, shiny|100/100
|-ability|p1a: Aerodactyl|Unnerve
|-ability|p1b: Incineroar|Intimidate|boost
|-fail|p2a: Metagross|unboost|[from] ability: Clear Body|[of] p2a: Metagross
|-unboost|p2b: Excadrill|atk|1
|turn|1
|
|t:|1784242453
|detailschange|p1a: Aerodactyl|Aerodactyl-Mega, L50, F, shiny
|-mega|p1a: Aerodactyl|Aerodactyl|Aerodactylite
|move|p1b: Incineroar|Fake Out|p2a: Metagross
|-resisted|p2a: Metagross|1
|-damage|p2a: Metagross|96/100
|move|p1a: Aerodactyl|Tailwind|p1a: Aerodactyl
|-sidestart|p1: mocamocau|move: Tailwind
|move|p2b: Excadrill|Rock Slide|p1a: Aerodactyl|[spread] p1a,p1b
|-supereffective|p1a: Aerodactyl|1
|-supereffective|p1b: Incineroar|1
|-damage|p1a: Aerodactyl|60/100
|-damage|p1b: Incineroar|70/100
|cant|p2a: Metagross|flinch
|
|upkeep
|turn|2
|
|t:|1784242470
|detailschange|p2a: Metagross|Metagross-Mega, L50
|-mega|p2a: Metagross|Metagross|Metagrossite
|move|p2a: Metagross|Protect|p2a: Metagross
|-singleturn|p2a: Metagross|Protect
|move|p1a: Aerodactyl|Wide Guard|p1a: Aerodactyl
|-singleturn|p1a: Aerodactyl|Wide Guard
|move|p1b: Incineroar|Flare Blitz|p2b: Excadrill
|-supereffective|p2b: Excadrill|1
|-enditem|p2b: Excadrill|Focus Sash
|-damage|p2b: Excadrill|1/100
|-damage|p1b: Incineroar|40/100|[from] Recoil
|-enditem|p1b: Incineroar|Sitrus Berry|[eat]
|-heal|p1b: Incineroar|64/100|[from] item: Sitrus Berry
|move|p2b: Excadrill|Earthquake|p1a: Aerodactyl|[spread] 
|-activate|p1a: Aerodactyl|move: Wide Guard
|-activate|p1b: Incineroar|move: Wide Guard
|-activate|p2a: Metagross|move: Protect
|
|upkeep
|turn|3
|
|t:|1784242491
|switch|p2b: Incineroar|Incineroar, L50, F|100/100
|-ability|p2b: Incineroar|Intimidate|boost
|-unboost|p1a: Aerodactyl|atk|1
|-unboost|p1b: Incineroar|atk|1
|move|p1a: Aerodactyl|Rock Slide|p2b: Incineroar|[spread] p2a,p2b
|-resisted|p2a: Metagross|1
|-supereffective|p2b: Incineroar|1
|-damage|p2a: Metagross|90/100
|-damage|p2b: Incineroar|61/100
|move|p1b: Incineroar|Parting Shot|p2a: Metagross
|-unboost|p2a: Metagross|atk|1
|-unboost|p2a: Metagross|spa|1
|
|t:|1784242504
|switch|p1b: Tyranitar|Tyranitar, L50, M, shiny|100/100|[from] Parting Shot
|-weather|Sandstorm|[from] ability: Sand Stream|[of] p1b: Tyranitar
|cant|p2a: Metagross|flinch
|
|-weather|Sandstorm|[upkeep]
|-damage|p2b: Incineroar|55/100|[from] Sandstorm
|upkeep
|turn|4
|
|t:|1784242521
|move|p2b: Incineroar|Fake Out|p1b: Tyranitar
|-resisted|p1b: Tyranitar|1
|-crit|p1b: Tyranitar
|-damage|p1b: Tyranitar|94/100
|move|p1a: Aerodactyl|Rock Slide|p2a: Metagross|[spread] p2a,p2b
|-resisted|p2a: Metagross|1
|-supereffective|p2b: Incineroar|1
|-damage|p2a: Metagross|85/100
|-damage|p2b: Incineroar|13/100
|-enditem|p2b: Incineroar|Sitrus Berry|[eat]
|-heal|p2b: Incineroar|38/100|[from] item: Sitrus Berry
|cant|p1b: Tyranitar|flinch
|move|p2a: Metagross|Body Press|p1b: Tyranitar
|-supereffective|p1b: Tyranitar|2
|-enditem|p1b: Tyranitar|Chople Berry|[eat]
|-enditem|p1b: Tyranitar|Chople Berry|[weaken]
|-damage|p1b: Tyranitar|37/100
|
|-weather|Sandstorm|[upkeep]
|-damage|p2b: Incineroar|32/100|[from] Sandstorm
|-sideend|p1: mocamocau|move: Tailwind
|upkeep
|turn|5
|inactive|mocamocau has 30 seconds left.
|
|t:|1784242550
|move|p2a: Metagross|Protect|p2a: Metagross
|-singleturn|p2a: Metagross|Protect
|move|p1a: Aerodactyl|Tailwind|p1a: Aerodactyl
|-sidestart|p1: mocamocau|move: Tailwind
|move|p1b: Tyranitar|Low Kick|p2b: Incineroar
|-supereffective|p2b: Incineroar|1
|-damage|p2b: Incineroar|0 fnt
|faint|p2b: Incineroar
|
|-weather|Sandstorm|[upkeep]
|upkeep
|
|t:|1784242559
|switch|p2b: Sinistcha|Sinistcha, L50|100/100
|-heal|p2a: Metagross|100/100|[from] ability: Hospitality|[of] p2b: Sinistcha
|turn|6
|
|t:|1784242570
|move|p1a: Aerodactyl|Rock Slide|p2a: Metagross|[spread] p2a,p2b
|-resisted|p2a: Metagross|1
|-damage|p2a: Metagross|94/100
|-damage|p2b: Sinistcha|84/100
|move|p1b: Tyranitar|Knock Off|p2a: Metagross
|-supereffective|p2a: Metagross|1
|-damage|p2a: Metagross|59/100
|move|p2a: Metagross|Body Press|p1b: Tyranitar
|-supereffective|p1b: Tyranitar|2
|-damage|p1b: Tyranitar|0 fnt
|faint|p1b: Tyranitar
|move|p2b: Sinistcha|Matcha Gotcha|p1a: Aerodactyl
|-damage|p1a: Aerodactyl|31/100
|-heal|p2b: Sinistcha|97/100|[from] drain|[of] p1a: Aerodactyl
|
|-weather|Sandstorm|[upkeep]
|-damage|p2b: Sinistcha|91/100|[from] Sandstorm
|upkeep
|
|t:|1784242587
|switch|p1b: Excadrill|Excadrill, L50, F, shiny|100/100
|turn|7
|
|t:|1784242608
|move|p2a: Metagross|Protect|p2a: Metagross
|-singleturn|p2a: Metagross|Protect
|move|p1b: Excadrill|Earthquake|p2b: Sinistcha|[spread] p2b
|-activate|p2a: Metagross|move: Protect
|-immune|p1a: Aerodactyl
|-resisted|p2b: Sinistcha|1
|-damage|p2b: Sinistcha|73/100
|move|p1a: Aerodactyl|Rock Slide|p2b: Sinistcha|[spread] p2b
|-activate|p2a: Metagross|move: Protect
|-damage|p2b: Sinistcha|56/100
|move|p2b: Sinistcha|Matcha Gotcha|p1b: Excadrill|[spread] p1a,p1b
|-damage|p1a: Aerodactyl|12/100
|-heal|p2b: Sinistcha|64/100|[from] drain|[of] p1a: Aerodactyl
|-damage|p1b: Excadrill|69/100
|-heal|p2b: Sinistcha|80/100|[from] drain|[of] p1b: Excadrill
|
|-weather|none
|upkeep
|turn|8
|inactive|Kevin-V8 has 30 seconds left.
|
|t:|1784242637
|move|p1a: Aerodactyl|Rock Slide|p2a: Metagross|[spread] 
|-miss|p1a: Aerodactyl|p2a: Metagross
|-miss|p1a: Aerodactyl|p2b: Sinistcha
|move|p1b: Excadrill|Earthquake|p2b: Sinistcha|[spread] p2a,p2b
|-immune|p1a: Aerodactyl
|-supereffective|p2a: Metagross|1
|-resisted|p2b: Sinistcha|1
|-damage|p2a: Metagross|6/100
|-damage|p2b: Sinistcha|63/100
|move|p2a: Metagross|Body Press|p1b: Excadrill
|-supereffective|p1b: Excadrill|1
|-damage|p1b: Excadrill|0 fnt
|faint|p1b: Excadrill
|move|p2b: Sinistcha|Matcha Gotcha|p1a: Aerodactyl
|-damage|p1a: Aerodactyl|0 fnt
|-heal|p2b: Sinistcha|69/100|[from] drain|[of] p1a: Aerodactyl
|faint|p1a: Aerodactyl
|
|-sideend|p1: mocamocau|move: Tailwind
|upkeep
|inactive|mocamocau has 30 seconds left.
|
|t:|1784242667
|switch|p1b: Incineroar|Incineroar, L50, F, shiny|64/100
|-ability|p1b: Incineroar|Intimidate|boost
|-unboost|p2a: Metagross|atk|1
|-unboost|p2b: Sinistcha|atk|1
|turn|9
|c|☆Kevin-V8|you played extremely well , metagross is just a hard wall for a few of your mons
|inactive|Kevin-V8 has 30 seconds left.
|
|t:|1784242698
|move|p1b: Incineroar|Fake Out|p2a: Metagross
|-resisted|p2a: Metagross|1
|-damage|p2a: Metagross|3/100
|move|p2b: Sinistcha|Rage Powder|p2b: Sinistcha
|-singleturn|p2b: Sinistcha|move: Rage Powder
|cant|p2a: Metagross|flinch
|
|upkeep
|turn|10
|
|t:|1784242715
|move|p2b: Sinistcha|Rage Powder|p2b: Sinistcha
|-singleturn|p2b: Sinistcha|move: Rage Powder
|move|p2a: Metagross|Body Press|p1b: Incineroar
|-supereffective|p1b: Incineroar|1
|-damage|p1b: Incineroar|0 fnt
|faint|p1b: Incineroar
|
|win|Kevin-V8
|raw|mocamocau's rating: 1062 → 1052(-10 for losing)
|raw|Kevin-V8's rating: 1234 → 1248(+14 for winning)
|c|☆mocamocau|bro the rock slide miss made me loss
|c|☆mocamocau|gg
