|j|☆pizzamemes123
|j|☆daemian_x
|html|pizzamemes123daemian_x    
|uhtml|bestof|Game 1 of a best-of-3
|t:|1785374527
|gametype|doubles
|player|p1|pizzamemes123|steven|1385
|player|p2|daemian_x|blue|1215
|gen|9
|tier|[Gen 9 Champions] VGC 2026 Reg M-B (Bo3)
|rated|
|rule|Species Clause: Limit one of each Pokémon
|rule|Item Clause: Limit 1 of each item
|clearpoke
|poke|p1|Farigiraf, L50, M|
|poke|p1|Blaziken, L50, F|
|poke|p1|Gallade, L50, M|
|poke|p1|Venusaur, L50, F|
|poke|p1|Kingambit, L50, F|
|poke|p1|Mamoswine, L50, F|
|poke|p2|Tyranitar, L50, M|
|poke|p2|Excadrill, L50, M|
|poke|p2|Gholdengo, L50|
|poke|p2|Milotic, L50, F|
|poke|p2|Sinistcha, L50|
|poke|p2|Staraptor, L50, M|
|teampreview|4
|showteam|p1|Farigiraf||SitrusBerry|ArmorTail|HelpingHand,Psychic,Thunderbolt,TrickRoom|Bold||M|||50|]Blaziken||Blazikenite|SpeedBoost|CloseCombat,Detect,FlareBlitz,RockSlide|Adamant||F|||50|]Gallade||FocusSash|Sharpness|Protect,SacredSword,PsychoCut,WideGuard|Adamant||M|||50|]Venusaur||Venusaurite|Overgrow|SludgeBomb,EarthPower,GigaDrain,Protect|Modest||F|||50|]Kingambit||LifeOrb|Defiant|KowtowCleave,IronHead,SuckerPunch,Protect|Adamant||F|||50|]Mamoswine||ExpertBelt|Oblivious|HighHorsepower,IceShard,Protect,RockTomb|Adamant||F|||50|
|showteam|p2|Tyranitar||Tyranitarite|SandStream|RockSlide,KnockOff,LowKick,Protect|Adamant||M|||50|]Excadrill||FocusSash|SandRush|RockSlide,IronHead,Protect,Earthquake|Adamant||M|||50|]Gholdengo||LifeOrb|GoodasGold|MakeItRain,ShadowBall,NastyPlot,Protect|Modest|||||50|]Milotic||SitrusBerry|Competitive|Scald,IceBeam,Recover,Protect|Modest||F|||50|]Sinistcha||ColburBerry|Hospitality|MatchaGotcha,RagePowder,StrengthSap,Protect|Bold|||||50|]Staraptor||Staraptite|Intimidate|CloseCombat,BraveBird,Tailwind,Protect|Jolly||M|||50|
|
|t:|1785374587
|teamsize|p1|4
|teamsize|p2|4
|start
|switch|p1a: Kingambit|Kingambit, L50, F|100/100
|switch|p1b: Farigiraf|Farigiraf, L50, M|100/100
|switch|p2a: Tyranitar|Tyranitar, L50, M|100/100
|switch|p2b: Excadrill|Excadrill, L50, M|100/100
|-weather|Sandstorm|[from] ability: Sand Stream|[of] p2a: Tyranitar
|turn|1
|
|t:|1785374614
|switch|p1b: Mamoswine|Mamoswine, L50, F|100/100
|move|p2b: Excadrill|Rock Slide|p1b: Mamoswine|[spread] p1a,p1b
|-resisted|p1a: Kingambit|1
|-damage|p1a: Kingambit|91/100
|-damage|p1b: Mamoswine|78/100
|move|p2a: Tyranitar|Rock Slide|p1b: Mamoswine|[spread] p1a
|-miss|p2a: Tyranitar|p1b: Mamoswine
|-resisted|p1a: Kingambit|1
|-crit|p1a: Kingambit
|-damage|p1a: Kingambit|73/100
|cant|p1a: Kingambit|flinch
|
|-weather|Sandstorm|[upkeep]
|upkeep
|turn|2
|
|t:|1785374655
|move|p2a: Tyranitar|Protect|p2a: Tyranitar
|-singleturn|p2a: Tyranitar|Protect
|move|p1b: Mamoswine|Ice Shard|p2b: Excadrill
|-damage|p2b: Excadrill|67/100
|move|p1a: Kingambit|Sucker Punch|p2b: Excadrill
|-damage|p2b: Excadrill|0 fnt
|faint|p2b: Excadrill
|-damage|p1a: Kingambit|63/100|[from] item: Life Orb
|
|-weather|Sandstorm|[upkeep]
|upkeep
|
|t:|1785374669
|switch|p2b: Sinistcha|Sinistcha, L50|100/100
|turn|3
|
|t:|1785374685
|move|p1a: Kingambit|Protect|p1a: Kingambit
|-singleturn|p1a: Kingambit|Protect
|move|p2b: Sinistcha|Rage Powder|p2b: Sinistcha
|-singleturn|p2b: Sinistcha|move: Rage Powder
|move|p1b: Mamoswine|Ice Shard|p2b: Sinistcha
|-supereffective|p2b: Sinistcha|1
|-damage|p2b: Sinistcha|50/100y
|move|p2a: Tyranitar|Low Kick|p1b: Mamoswine
|-supereffective|p1b: Mamoswine|1
|-damage|p1b: Mamoswine|0 fnt
|faint|p1b: Mamoswine
|
|-weather|Sandstorm|[upkeep]
|-damage|p2b: Sinistcha|43/100|[from] Sandstorm
|upkeep
|
|t:|1785374702
|switch|p1b: Venusaur|Venusaur, L50, F|100/100
|turn|4
|
|t:|1785374723
|switch|p1a: Farigiraf|Farigiraf, L50, M|100/100
|detailschange|p1b: Venusaur|Venusaur-Mega, L50, F
|-mega|p1b: Venusaur|Venusaur|Venusaurite
|move|p2a: Tyranitar|Low Kick|p1a: Farigiraf
|-damage|p1a: Farigiraf|71/100
|move|p1b: Venusaur|Giga Drain|p2a: Tyranitar
|-supereffective|p2a: Tyranitar|1
|-damage|p2a: Tyranitar|53/100
|move|p2b: Sinistcha|Strength Sap|p1b: Venusaur
|-unboost|p1b: Venusaur|atk|1
|-heal|p2b: Sinistcha|100/100
|
|-weather|Sandstorm|[upkeep]
|-damage|p1b: Venusaur|94/100|[from] Sandstorm
|-damage|p2b: Sinistcha|93/100|[from] Sandstorm
|-damage|p1a: Farigiraf|65/100|[from] Sandstorm
|upkeep
|turn|5
|
|t:|1785374772
|switch|p2b: Gholdengo|Gholdengo, L50|100/100
|move|p2a: Tyranitar|Knock Off|p1a: Farigiraf
|-supereffective|p1a: Farigiraf|1
|-damage|p1a: Farigiraf|0 fnt
|-enditem|p1a: Farigiraf|Sitrus Berry|[from] move: Knock Off|[of] p2a: Tyranitar
|faint|p1a: Farigiraf
|move|p1b: Venusaur|Giga Drain|p2a: Tyranitar
|-supereffective|p2a: Tyranitar|1
|-damage|p2a: Tyranitar|8/100
|-heal|p1b: Venusaur|100/100|[from] drain|[of] p2a: Tyranitar
|
|-weather|none
|upkeep
|
|t:|1785374777
|switch|p1a: Kingambit|Kingambit, L50, F|63/100
|turn|6
|
|t:|1785374800
|switch|p2b: Sinistcha|Sinistcha, L50|93/100
|-heal|p2a: Tyranitar|33/100|[from] ability: Hospitality|[of] p2b: Sinistcha
|detailschange|p2a: Tyranitar|Tyranitar-Mega, L50, M
|-mega|p2a: Tyranitar|Tyranitar|Tyranitarite
|-weather|Sandstorm|[from] ability: Sand Stream|[of] p2a: Tyranitar
|move|p2a: Tyranitar|Protect|p2a: Tyranitar
|-singleturn|p2a: Tyranitar|Protect
|move|p1b: Venusaur|Giga Drain|p2a: Tyranitar
|-activate|p2a: Tyranitar|move: Protect
|move|p1a: Kingambit|Kowtow Cleave|p2a: Tyranitar
|-activate|p2a: Tyranitar|move: Protect
|
|-weather|Sandstorm|[upkeep]
|-damage|p1b: Venusaur|94/100|[from] Sandstorm
|-damage|p2b: Sinistcha|87/100|[from] Sandstorm
|upkeep
|turn|7
|
|t:|1785374849
|move|p2a: Tyranitar|Low Kick|p1a: Kingambit
|-supereffective|p1a: Kingambit|2
|-damage|p1a: Kingambit|0 fnt
|faint|p1a: Kingambit
|move|p1b: Venusaur|Giga Drain|p2a: Tyranitar
|-supereffective|p2a: Tyranitar|1
|-damage|p2a: Tyranitar|0 fnt
|-heal|p1b: Venusaur|100/100|[from] drain|[of] p2a: Tyranitar
|faint|p2a: Tyranitar
|move|p2b: Sinistcha|Matcha Gotcha|p1b: Venusaur
|-resisted|p1b: Venusaur|2
|-damage|p1b: Venusaur|94/100
|-heal|p2b: Sinistcha|91/100|[from] drain|[of] p1b: Venusaur
|
|-weather|Sandstorm|[upkeep]
|-damage|p1b: Venusaur|88/100|[from] Sandstorm
|-damage|p2b: Sinistcha|84/100|[from] Sandstorm
|upkeep
|
|t:|1785374863
|switch|p2a: Gholdengo|Gholdengo, L50|100/100
|turn|8
|
|t:|1785374876
|move|p2a: Gholdengo|Protect|p2a: Gholdengo
|-singleturn|p2a: Gholdengo|Protect
|move|p1b: Venusaur|Earth Power|p2a: Gholdengo
|-activate|p2a: Gholdengo|move: Protect
|move|p2b: Sinistcha|Matcha Gotcha|p1b: Venusaur
|-resisted|p1b: Venusaur|2
|-damage|p1b: Venusaur|81/100
|-heal|p2b: Sinistcha|88/100|[from] drain|[of] p1b: Venusaur
|
|-weather|Sandstorm|[upkeep]
|-damage|p1b: Venusaur|75/100|[from] Sandstorm
|-damage|p2b: Sinistcha|82/100|[from] Sandstorm
|upkeep
|turn|9
|
|t:|1785374889
|move|p2a: Gholdengo|Make It Rain|p1b: Venusaur
|-damage|p1b: Venusaur|4/100
|-unboost|p2a: Gholdengo|spa|2
|-damage|p2a: Gholdengo|90/100|[from] item: Life Orb
|move|p1b: Venusaur|Earth Power|p2a: Gholdengo
|-supereffective|p2a: Gholdengo|1
|-damage|p2a: Gholdengo|20/100y
|move|p2b: Sinistcha|Matcha Gotcha|p1b: Venusaur
|-resisted|p1b: Venusaur|2
|-damage|p1b: Venusaur|0 fnt
|-heal|p2b: Sinistcha|84/100|[from] drain|[of] p1b: Venusaur
|faint|p1b: Venusaur
|
|win|daemian_x
||pizzamemes123 is ready for game 2.
|inactive|daemian_x has 30 seconds to confirm battle start!
