|j|☆Diegoelsocorrista
|j|☆Rosarino
|html|DiegoelsocorristaRosarino    
|uhtml|bestof|Game 1 of a best-of-3
|t:|1757789468
|gametype|doubles
|player|p1|Diegoelsocorrista|blaine|1071
|player|p2|Rosarino|drayden|1000
|gen|9
|tier|[Gen 9] VGC 2025 Reg H (Bo3)
|rated|
|rule|Species Clause: Limit one of each Pokémon
|rule|Item Clause: Limit 1 of each item
|clearpoke
|poke|p1|Archaludon, L50, M|
|poke|p1|Rillaboom, L50, F|
|poke|p1|Basculegion, L50, M|
|poke|p1|Kingambit, L50, F|
|poke|p1|Pelipper, L50, F|
|poke|p1|Electabuzz, L50, M|
|poke|p2|Weavile, L50, F|
|poke|p2|Magneton, L50|
|poke|p2|Indeedee-F, L50, F|
|poke|p2|Amoonguss, L50, M|
|poke|p2|Annihilape, L50, F|
|poke|p2|Ursaluna-Bloodmoon, L50, M|
|teampreview|4
|showteam|p1|Archaludon||AssaultVest|Stamina|ElectroShot,DracoMeteor,FlashCannon,BodyPress|||M|||50|,,,,,Fairy]Rillaboom||LoadedDice|GrassySurge|BulletSeed,GrassyGlide,FakeOut,Uturn|||F|||50|,,,,,Fire]Basculegion||ChoiceBand|SwiftSwim|WaveCrash,LastRespects,FlipTurn,AquaJet|||M|||50|,,,,,Grass]Kingambit||BlackGlasses|Defiant|KowtowCleave,SuckerPunch,SwordsDance,Protect|||F|||50|,,,,,Dark]Pelipper||FocusSash|Drizzle|WeatherBall,Hurricane,Tailwind,Protect|||F|||50|,,,,,Ghost]Electabuzz||Eviolite|VitalSpirit|Electroweb,Taunt,FollowMe,Protect|||M|||50|,,,,,Ghost
|showteam|p2|Weavile||FocusSash|Pickpocket|FakeOut,Protect,TripleAxel,ThroatChop|||F|||50|,,,,,Fairy]Magneton||Eviolite|Sturdy|HelpingHand,Protect,Thunderbolt,ThunderWave||||||50|,,,,,Grass]Indeedee-F||SitrusBerry|PsychicSurge|TrickRoom,DazzlingGleam,Protect,FollowMe|||F|||50|,,,,,Fairy]Amoonguss||RockyHelmet|Regenerator|Spore,RagePowder,Protect,PollenPuff|||M|||50|,,,,,Fire]Annihilape||Leftovers|InnerFocus|BulkUp,Protect,DrainPunch,RageFist|||F|||50|,,,,,Fire]Ursaluna-Bloodmoon||ThroatSpray|MindsEye|HyperVoice,Protect,BloodMoon,EarthPower|||M|||50|,,,,,Normal
|
|t:|1757789512
|teamsize|p1|4
|teamsize|p2|4
|start
|switch|p1a: Rillaboom|Rillaboom, L50, F|100/100
|switch|p1b: Pelipper|Pelipper, L50, F|100/100
|switch|p2a: Magneton|Magneton, L50|100/100
|switch|p2b: Annihilape|Annihilape, L50, F|100/100
|-fieldstart|move: Grassy Terrain|[from] ability: Grassy Surge|[of] p1a: Rillaboom
|-weather|RainDance|[from] ability: Drizzle|[of] p1b: Pelipper
|turn|1
|
|t:|1757789528
|switch|p1b: Archaludon|Archaludon, L50, M, shiny|100/100
|switch|p2b: Indeedee|Indeedee-F, L50, F|100/100
|-fieldstart|move: Psychic Terrain|[from] ability: Psychic Surge|[of] p2b: Indeedee
|move|p1a: Rillaboom|Bullet Seed|p1b: Archaludon
|-resisted|p1b: Archaludon
|-damage|p1b: Archaludon|98/100
|-ability|p1b: Archaludon|Stamina|boost
|-boost|p1b: Archaludon|def|1
|-resisted|p1b: Archaludon
|-damage|p1b: Archaludon|97/100
|-ability|p1b: Archaludon|Stamina|boost
|-boost|p1b: Archaludon|def|1
|-resisted|p1b: Archaludon
|-damage|p1b: Archaludon|96/100
|-ability|p1b: Archaludon|Stamina|boost
|-boost|p1b: Archaludon|def|1
|-resisted|p1b: Archaludon
|-damage|p1b: Archaludon|96/100
|-ability|p1b: Archaludon|Stamina|boost
|-boost|p1b: Archaludon|def|1
|-hitcount|p1b: Archaludon|4
|move|p2a: Magneton|Thunderbolt|p1b: Archaludon
|-resisted|p1b: Archaludon
|-damage|p1b: Archaludon|79/100
|-ability|p1b: Archaludon|Stamina|boost
|-boost|p1b: Archaludon|def|1
|
|-weather|RainDance|[upkeep]
|upkeep
|turn|2
|
|t:|1757789572
|move|p2b: Indeedee|Follow Me|p2b: Indeedee
|-singleturn|p2b: Indeedee|move: Follow Me
|move|p1a: Rillaboom|U-turn|p2b: Indeedee
|-supereffective|p2b: Indeedee
|-damage|p2b: Indeedee|37/100
|-enditem|p2b: Indeedee|Sitrus Berry|[eat]
|-heal|p2b: Indeedee|62/100|[from] item: Sitrus Berry
|
|t:|1757789581
|switch|p1a: Pelipper|Pelipper, L50, F|100/100|[from] U-turn
|move|p1b: Archaludon|Body Press|p2b: Indeedee
|-damage|p2b: Indeedee|0 fnt
|faint|p2b: Indeedee
|move|p2a: Magneton|Thunder Wave|p1a: Pelipper
|-status|p1a: Pelipper|par
|
|-weather|RainDance|[upkeep]
|upkeep
|inactive|Battle timer is ON: inactive players will automatically lose when time's up. (requested by Diegoelsocorrista)
|
|t:|1757789595
|switch|p2b: Annihilape|Annihilape, L50, F|100/100
|turn|3
|inactive|Diegoelsocorrista has 30 seconds left.
|
|t:|1757789622
|switch|p1a: Rillaboom|Rillaboom, L50, F|100/100
|-fieldstart|move: Grassy Terrain|[from] ability: Grassy Surge|[of] p1a: Rillaboom
|move|p1b: Archaludon|Body Press|p2a: Magneton
|-supereffective|p2a: Magneton
|-ability|p2a: Magneton|Sturdy
|-damage|p2a: Magneton|1/100
|move|p2b: Annihilape|Bulk Up|p2b: Annihilape
|-boost|p2b: Annihilape|atk|1
|-boost|p2b: Annihilape|def|1
|move|p2a: Magneton|Thunderbolt|p1a: Rillaboom
|-resisted|p1a: Rillaboom
|-damage|p1a: Rillaboom|72/100
|
|-weather|RainDance|[upkeep]
|-heal|p1a: Rillaboom|78/100|[from] Grassy Terrain
|-heal|p1b: Archaludon|85/100|[from] Grassy Terrain
|-heal|p2a: Magneton|7/100|[from] Grassy Terrain
|upkeep
|turn|4
|inactive|Diegoelsocorrista has 30 seconds left.
|
|t:|1757789655
|-terastallize|p1b: Archaludon|Fairy
|move|p2b: Annihilape|Protect|p2b: Annihilape
|-singleturn|p2b: Annihilape|Protect
|move|p2a: Magneton|Protect|p2a: Magneton
|-singleturn|p2a: Magneton|Protect
|move|p1a: Rillaboom|Grassy Glide|p1b: Archaludon
|-damage|p1b: Archaludon|79/100
|-ability|p1b: Archaludon|Stamina|boost
|-boost|p1b: Archaludon|def|1
|move|p1b: Archaludon|Electro Shot||[still]
|-prepare|p1b: Archaludon|Electro Shot
|-boost|p1b: Archaludon|spa|1
|-anim|p1b: Archaludon|Electro Shot|p2a: Magneton
|-activate|p2a: Magneton|move: Protect
|
|-weather|RainDance|[upkeep]
|-heal|p1a: Rillaboom|84/100|[from] Grassy Terrain
|-heal|p1b: Archaludon|85/100|[from] Grassy Terrain
|-heal|p2a: Magneton|12/100|[from] Grassy Terrain
|upkeep
|turn|5
|inactive|Diegoelsocorrista has 30 seconds left.
|inactive|Rosarino has 30 seconds left.
|inactive|Diegoelsocorrista has 20 seconds left.
|inactive|Rosarino has 20 seconds left.
|
|t:|1757789693
|-terastallize|p2b: Annihilape|Fire
|move|p1a: Rillaboom|Grassy Glide|p2a: Magneton
|-resisted|p2a: Magneton
|-damage|p2a: Magneton|0 fnt
|faint|p2a: Magneton
|move|p1b: Archaludon|Electro Shot||[still]
|-prepare|p1b: Archaludon|Electro Shot
|-boost|p1b: Archaludon|spa|1
|-anim|p1b: Archaludon|Electro Shot|p2b: Annihilape
|-damage|p2b: Annihilape|35/100
|move|p2b: Annihilape|Drain Punch|p1a: Rillaboom
|-damage|p1a: Rillaboom|24/100
|-heal|p2b: Annihilape|67/100|[from] drain|[of] p1a: Rillaboom
|
|-weather|none
|-heal|p1a: Rillaboom|30/100|[from] Grassy Terrain
|-heal|p1b: Archaludon|91/100|[from] Grassy Terrain
|-heal|p2b: Annihilape|73/100|[from] Grassy Terrain
|-heal|p2b: Annihilape|79/100|[from] item: Leftovers
|upkeep
|
|t:|1757789713
|switch|p2a: Weavile|Weavile, L50, F|100/100
|turn|6
|
|t:|1757789733
|switch|p1a: Pelipper|Pelipper, L50, F|100/100 par
|-weather|RainDance|[from] ability: Drizzle|[of] p1a: Pelipper
|move|p2a: Weavile|Fake Out|p1b: Archaludon
|-damage|p1b: Archaludon|88/100
|cant|p1b: Archaludon|flinch
|move|p2b: Annihilape|Bulk Up|p2b: Annihilape
|-boost|p2b: Annihilape|atk|1
|-boost|p2b: Annihilape|def|1
|
|-weather|RainDance|[upkeep]
|-heal|p1b: Archaludon|94/100|[from] Grassy Terrain
|-heal|p2b: Annihilape|85/100|[from] Grassy Terrain
|-heal|p2b: Annihilape|91/100|[from] item: Leftovers
|upkeep
|turn|7
|inactive|Rosarino has 30 seconds left.
|
|t:|1757789760
|move|p2a: Weavile|Triple Axel|p1a: Pelipper
|-damage|p1a: Pelipper|87/100 par
|-damage|p1a: Pelipper|59/100 par
|-hitcount|p1a: Pelipper|2
|move|p1b: Archaludon|Electro Shot||[still]
|-prepare|p1b: Archaludon|Electro Shot
|-boost|p1b: Archaludon|spa|1
|-anim|p1b: Archaludon|Electro Shot|p2b: Annihilape
|-damage|p2b: Annihilape|16/100
|move|p2b: Annihilape|Rage Fist|p1b: Archaludon
|-damage|p1b: Archaludon|66/100
|move|p1a: Pelipper|Weather Ball|p2b: Annihilape
|-supereffective|p2b: Annihilape
|-damage|p2b: Annihilape|0 fnt
|faint|p2b: Annihilape
|
|-weather|RainDance|[upkeep]
|-heal|p1b: Archaludon|73/100|[from] Grassy Terrain
|-fieldend|move: Grassy Terrain
|upkeep
|turn|8
|-message|Rosarino forfeited.
|
|win|Diegoelsocorrista
