|j|☆NoiceDynamite
|j|☆WeVibein
|html|NoiceDynamiteWeVibein    
|uhtml|bestof|Game 1 of a best-of-3
|t:|1757640643
|gametype|doubles
|player|p1|NoiceDynamite|cynthia|1000
|player|p2|WeVibein|169|1092
|gen|9
|tier|[Gen 9] VGC 2025 Reg H (Bo3)
|rated|
|rule|Species Clause: Limit one of each Pokémon
|rule|Item Clause: Limit 1 of each item
|clearpoke
|poke|p1|Archaludon, L50, M|
|poke|p1|Pelipper, L50, F|
|poke|p1|Basculegion, L50, M|
|poke|p1|Amoonguss, L50, M|
|poke|p1|Incineroar, L50, M|
|poke|p1|Gholdengo, L50|
|poke|p2|Ursaluna, L50, F|
|poke|p2|Incineroar, L50, M|
|poke|p2|Porygon2, L50|
|poke|p2|Amoonguss, L50, M|
|poke|p2|Primarina, L50, F|
|poke|p2|Dragonite, L50, F|
|teampreview|4
|showteam|p1|Archaludon||AssaultVest|Stamina|DragonPulse,ElectroShot,FlashCannon,BodyPress|||M|||50|,,,,,Bug]Pelipper||FocusSash|Drizzle|WeatherBall,Hurricane,Tailwind,Protect|||F|||50|,,,,,Ground]Basculegion||ChoiceBand|SwiftSwim|WaveCrash,LastRespects,AquaJet,FlipTurn|||M|||50|,,,,,Grass]Amoonguss||CovertCloak|Regenerator|PollenPuff,RagePowder,Spore,Protect|||M|||50|,,,,,Water]Incineroar||SafetyGoggles|Intimidate|KnockOff,FakeOut,PartingShot,Taunt|||M|||50|,,,,,Ghost]Gholdengo||LifeOrb|GoodasGold|MakeItRain,ShadowBall,NastyPlot,Protect||||||50|,,,,,Water
|showteam|p2|Ursaluna||FlameOrb|Guts|Facade,HeadlongRush,Earthquake,Protect|||F|||50|,,,,,Normal]Incineroar||SafetyGoggles|Intimidate|FlareBlitz,KnockOff,PartingShot,FakeOut|||M|||50|,,,,,Water]Porygon2||Eviolite|Download|TrickRoom,TeraBlast,Thunderbolt,Protect||||||50|,,,,,Flying]Amoonguss||RockyHelmet|Regenerator|Spore,RagePowder,SludgeBomb,Protect|||M|||50|,,,,,Water]Primarina||LifeOrb|LiquidVoice|HyperVoice,Moonblast,Haze,Protect|||F|||50|,,,,,Poison]Dragonite||LoadedDice|Multiscale|ScaleShot,Tailwind,AerialAce,Protect|||F|||50|,,,,,Dragon
|
|t:|1757640701
|teamsize|p1|4
|teamsize|p2|4
|start
|switch|p1a: Pelipper|Pelipper, L50, F|100/100
|switch|p1b: Basculegion|Basculegion, L50, M|100/100
|switch|p2a: Porygon2|Porygon2, L50|100/100
|switch|p2b: Incineroar|Incineroar, L50, M|100/100
|-weather|RainDance|[from] ability: Drizzle|[of] p1a: Pelipper
|-ability|p2b: Incineroar|Intimidate|boost
|-unboost|p1a: Pelipper|atk|1
|-unboost|p1b: Basculegion|atk|1
|-ability|p2a: Porygon2|Download|boost
|-boost|p2a: Porygon2|spa|1
|turn|1
|inactive|Battle timer is ON: inactive players will automatically lose when time's up. (requested by NoiceDynamite)
|
|t:|1757640767
|switch|p1a: Incineroar|Incineroar, L50, M|100/100
|-ability|p1a: Incineroar|Intimidate|boost
|-unboost|p2a: Porygon2|atk|1
|-unboost|p2b: Incineroar|atk|1
|move|p2b: Incineroar|Fake Out|p1a: Incineroar
|-damage|p1a: Incineroar|92/100
|move|p1b: Basculegion|Flip Turn|p2a: Porygon2
|-damage|p2a: Porygon2|72/100
|
|t:|1757640776
|switch|p1b: Amoonguss|Amoonguss, L50, M|100/100|[from] Flip Turn
|move|p2a: Porygon2|Trick Room|p2a: Porygon2
|-fieldstart|move: Trick Room|[of] p2a: Porygon2
|
|-weather|RainDance|[upkeep]
|upkeep
|turn|2
|inactive|WeVibein has 30 seconds left.
|inactive|WeVibein has 20 seconds left.
|
|t:|1757640813
|switch|p2b: Ursaluna|Ursaluna, L50, F, shiny|100/100
|move|p2a: Porygon2|Protect|p2a: Porygon2
|-singleturn|p2a: Porygon2|Protect
|move|p1a: Incineroar|Fake Out|p2b: Ursaluna
|-damage|p2b: Ursaluna|91/100
|move|p1b: Amoonguss|Spore|p2a: Porygon2
|-activate|p2a: Porygon2|move: Protect
|
|-weather|RainDance|[upkeep]
|-status|p2b: Ursaluna|brn|[from] item: Flame Orb
|upkeep
|turn|3
|inactive|NoiceDynamite has 30 seconds left.
|inactive|WeVibein has 30 seconds left.
|inactive|NoiceDynamite has 20 seconds left.
|
|t:|1757640848
|switch|p1b: Basculegion|Basculegion, L50, M|100/100
|switch|p2a: Incineroar|Incineroar, L50, M|100/100
|-ability|p2a: Incineroar|Intimidate|boost
|-unboost|p1a: Incineroar|atk|1
|-unboost|p1b: Basculegion|atk|1
|move|p2b: Ursaluna|Headlong Rush|p1a: Incineroar
|-supereffective|p1a: Incineroar
|-damage|p1a: Incineroar|0 fnt
|-unboost|p2b: Ursaluna|def|1
|-unboost|p2b: Ursaluna|spd|1
|faint|p1a: Incineroar
|
|-weather|RainDance|[upkeep]
|-damage|p2b: Ursaluna|85/100 brn|[from] brn
|upkeep
|
|t:|1757640864
|switch|p1a: Amoonguss|Amoonguss, L50, M|100/100
|turn|4
|
|t:|1757640881
|-terastallize|p2b: Ursaluna|Normal
|move|p1a: Amoonguss|Rage Powder|p1a: Amoonguss
|-singleturn|p1a: Amoonguss|move: Rage Powder
|move|p2b: Ursaluna|Headlong Rush|p1a: Amoonguss
|-damage|p1a: Amoonguss|14/100
|-unboost|p2b: Ursaluna|def|1
|-unboost|p2b: Ursaluna|spd|1
|move|p2a: Incineroar|Knock Off|p1b: Basculegion
|-supereffective|p1b: Basculegion
|-damage|p1b: Basculegion|0 fnt
|-enditem|p1b: Basculegion|Choice Band|[from] move: Knock Off|[of] p2a: Incineroar
|faint|p1b: Basculegion
|
|-weather|RainDance|[upkeep]
|-damage|p2b: Ursaluna|79/100 brn|[from] brn
|upkeep
|
|t:|1757640895
|switch|p1b: Pelipper|Pelipper, L50, F|100/100
|turn|5
|
|t:|1757640917
|switch|p2a: Primarina|Primarina, L50, F|100/100
|move|p1a: Amoonguss|Protect|p1a: Amoonguss
|-singleturn|p1a: Amoonguss|Protect
|move|p1b: Pelipper|Protect|p1b: Pelipper
|-singleturn|p1b: Pelipper|Protect
|move|p2b: Ursaluna|Facade|p1b: Pelipper
|-activate|p1b: Pelipper|move: Protect
|
|-weather|none
|-damage|p2b: Ursaluna|73/100 brn|[from] brn
|-fieldend|move: Trick Room
|upkeep
|turn|6
|inactive|NoiceDynamite has 30 seconds left.
|
|t:|1757640942
|move|p1b: Pelipper|Weather Ball|p2b: Ursaluna
|-damage|p2b: Ursaluna|47/100 brn
|move|p2a: Primarina|Hyper Voice|p1b: Pelipper|[spread] p1a,p1b
|-resisted|p1a: Amoonguss
|-crit|p1a: Amoonguss
|-resisted|p1b: Pelipper
|-crit|p1b: Pelipper
|-damage|p1a: Amoonguss|0 fnt
|-damage|p1b: Pelipper|39/100
|faint|p1a: Amoonguss
|-damage|p2a: Primarina|91/100|[from] item: Life Orb
|move|p2b: Ursaluna|Facade|p1b: Pelipper
|-crit|p1b: Pelipper
|-damage|p1b: Pelipper|0 fnt
|faint|p1b: Pelipper
|
|win|WeVibein
||NoiceDynamite is ready for game 2.
|inactive|WeVibein has 30 seconds to confirm battle start!
||WeVibein is ready for game 2.
|uhtml|next|Next: Game 2 of 3
