|j|☆pgoiko
|j|☆Chandeliere
|html|pgoikoChandeliere    
|uhtml|bestof|Game 1 of a best-of-3
|t:|1756715402
|gametype|doubles
|player|p1|pgoiko|2|1098
|player|p2|Chandeliere|ethan|1251
|gen|9
|tier|[Gen 9] VGC 2025 Reg H (Bo3)
|rated|
|rule|Species Clause: Limit one of each Pokémon
|rule|Item Clause: Limit 1 of each item
|clearpoke
|poke|p1|Indeedee-F, L50, F|
|poke|p1|Armarouge, L50, M|
|poke|p1|Torkoal, L50, M|
|poke|p1|Ursaluna, L50, F|
|poke|p1|Hatterene, L50, F|
|poke|p1|Lilligant-Hisui, L50, F|
|poke|p2|Ninetales-Alola, L50, M|
|poke|p2|Gholdengo, L50|
|poke|p2|Garchomp, L50, F|
|poke|p2|Incineroar, L50, M|
|poke|p2|Sneasler, L50, M|
|poke|p2|Vivillon-Pokeball, L50, M|
|teampreview|4
|showteam|p1|Indeedee-F||RockyHelmet|PsychicSurge|Psychic,HelpingHand,FollowMe,TrickRoom|||F|||50|,,,,,Grass]Armarouge||PowerHerb|FlashFire|ExpandingForce,ArmorCannon,MeteorBeam,TrickRoom|||M|||50|,,,,,Grass]Torkoal||Charcoal|Drought|Eruption,WeatherBall,HeatWave,Protect|||M|||50|,,,,,Fire]Ursaluna||FlameOrb|Guts|Facade,HeadlongRush,Substitute,Protect|||F|||50|,,,,,Ghost]Hatterene||LifeOrb|MagicBounce|ExpandingForce,DazzlingGleam,TrickRoom,Protect|||F|||50|,,,,,Psychic]Lilligant-Hisui||FocusSash|Chlorophyll|SolarBlade,CloseCombat,SleepPowder,AfterYou|||F|||50|,,,,,Ghost
|showteam|p2|Ninetales-Alola||LightClay|SnowWarning|AuroraVeil,Blizzard,FreezeDry,Protect|||M|||50|,,,,,Ghost]Gholdengo||LifeOrb|GoodasGold|MakeItRain,ShadowBall,NastyPlot,Protect||||||50|,,,,,Water]Garchomp||ClearAmulet|RoughSkin|Earthquake,StompingTantrum,DragonClaw,Protect|||F|||50|,,,,,Ground]Incineroar||AssaultVest|Intimidate|FakeOut,KnockOff,FlareBlitz,Uturn|||M|||50|,,,,,Grass]Sneasler||WhiteHerb|Unburden|Coaching,CloseCombat,DireClaw,Protect|||M|||50|,,,,,Ghost]Vivillon-Pokeball||FocusSash|CompoundEyes|SleepPowder,Hurricane,Tailwind,Protect|||M|||50|,,,,,Ghost
|
|t:|1756715455
|teamsize|p1|4
|teamsize|p2|4
|start
|switch|p1a: Indeedee|Indeedee-F, L50, F|100/100
|switch|p1b: Hatterene|Hatterene, L50, F|100/100
|switch|p2a: Vivillon|Vivillon-Pokeball, L50, M|100/100
|switch|p2b: Incineroar|Incineroar, L50, M|100/100
|-ability|p2b: Incineroar|Intimidate|boost
|-unboost|p1a: Indeedee|atk|1
|-unboost|p1b: Hatterene|atk|1
|-fieldstart|move: Psychic Terrain|[from] ability: Psychic Surge|[of] p1a: Indeedee
|turn|1
|inactive|Battle timer is ON: inactive players will automatically lose when time's up. (requested by pgoiko)
|inactive|Chandeliere has 60 seconds left.
|
|t:|1756715514
|move|p1a: Indeedee|Follow Me|p1a: Indeedee
|-singleturn|p1a: Indeedee|move: Follow Me
|move|p2a: Vivillon|Sleep Powder|p1a: Indeedee
|-status|p1a: Indeedee|slp|[from] move: Sleep Powder
|move|p2b: Incineroar|Flare Blitz|p1a: Indeedee
|-damage|p1a: Indeedee|56/100 slp
|-damage|p2b: Incineroar|84/100|[from] item: Rocky Helmet|[of] p1a: Indeedee
|-damage|p2b: Incineroar|71/100|[from] Recoil
|move|p1b: Hatterene|Trick Room|p1b: Hatterene
|-fieldstart|move: Trick Room|[of] p1b: Hatterene
|
|upkeep
|turn|2
|
|t:|1756715535
|switch|p1a: Ursaluna|Ursaluna, L50, F|100/100
|switch|p2a: Gholdengo|Gholdengo, L50|100/100
|move|p1b: Hatterene|Dazzling Gleam|p2b: Incineroar|[spread] p2a,p2b
|-resisted|p2a: Gholdengo
|-damage|p2a: Gholdengo|79/100
|-damage|p2b: Incineroar|44/100
|-damage|p1b: Hatterene|91/100|[from] item: Life Orb
|move|p2b: Incineroar|Knock Off|p1b: Hatterene
|-damage|p1b: Hatterene|48/100
|-enditem|p1b: Hatterene|Life Orb|[from] move: Knock Off|[of] p2b: Incineroar
|
|-status|p1a: Ursaluna|brn|[from] item: Flame Orb
|upkeep
|turn|3
|inactive|pgoiko has 30 seconds left.
|inactive|Chandeliere has 30 seconds left.
|
|t:|1756715570
|-terastallize|p2a: Gholdengo|Water
|move|p1b: Hatterene|Dazzling Gleam|p2a: Gholdengo|[spread] p2a,p2b
|-damage|p2a: Gholdengo|44/100
|-damage|p2b: Incineroar|22/100
|move|p1a: Ursaluna|Headlong Rush|p2a: Gholdengo
|-damage|p2a: Gholdengo|0 fnt
|-unboost|p1a: Ursaluna|def|1
|-unboost|p1a: Ursaluna|spd|1
|faint|p2a: Gholdengo
|move|p2b: Incineroar|Knock Off|p1a: Ursaluna
|-damage|p1a: Ursaluna|57/100 brn
|-enditem|p1a: Ursaluna|Flame Orb|[from] move: Knock Off|[of] p2b: Incineroar
|
|-damage|p1a: Ursaluna|52/100 brn|[from] brn
|upkeep
|
|t:|1756715586
|switch|p2a: Vivillon|Vivillon-Pokeball, L50, M|100/100
|turn|4
|
|t:|1756715594
|move|p2a: Vivillon|Protect|p2a: Vivillon
|-singleturn|p2a: Vivillon|Protect
|move|p1b: Hatterene|Dazzling Gleam|p2a: Vivillon|[spread] p2b
|-activate|p2a: Vivillon|move: Protect
|-damage|p2b: Incineroar|0 fnt
|faint|p2b: Incineroar
|move|p1a: Ursaluna|Facade|p2a: Vivillon
|-activate|p2a: Vivillon|move: Protect
|
|-damage|p1a: Ursaluna|46/100 brn|[from] brn
|upkeep
|
|t:|1756715605
|switch|p2b: Garchomp|Garchomp, L50, F|100/100
|turn|5
|
|t:|1756715617
|move|p2b: Garchomp|Protect|p2b: Garchomp
|-singleturn|p2b: Garchomp|Protect
|move|p1b: Hatterene|Expanding Force|p2a: Vivillon|[spread] p2a
|-activate|p2b: Garchomp|move: Protect
|-enditem|p2a: Vivillon|Focus Sash
|-damage|p2a: Vivillon|1/100
|move|p1a: Ursaluna|Facade|p2a: Vivillon
|-damage|p2a: Vivillon|0 fnt
|faint|p2a: Vivillon
|
|-damage|p1a: Ursaluna|40/100 brn|[from] brn
|-fieldend|move: Trick Room
|-fieldend|move: Psychic Terrain
|upkeep
|turn|6
|
|t:|1756715636
|move|p2b: Garchomp|Earthquake|p1a: Ursaluna|[spread] p1a,p1b
|-damage|p1a: Ursaluna|0 fnt
|-damage|p1b: Hatterene|7/100
|faint|p1a: Ursaluna
|move|p1b: Hatterene|Trick Room|p1b: Hatterene
|-fieldstart|move: Trick Room|[of] p1b: Hatterene
|
|upkeep
|
|t:|1756715643
|switch|p1a: Armarouge|Armarouge, L50, M|100/100
|turn|7
|
|t:|1756715659
|switch|p1b: Indeedee|Indeedee-F, L50, F|56/100 slp
|-fieldstart|move: Psychic Terrain|[from] ability: Psychic Surge|[of] p1b: Indeedee
|-terastallize|p1a: Armarouge|Grass
|move|p2b: Garchomp|Protect|p2b: Garchomp
|-singleturn|p2b: Garchomp|Protect
|move|p1a: Armarouge|Expanding Force|p2b: Garchomp
|-activate|p2b: Garchomp|move: Protect
|
|upkeep
|turn|8
|
|t:|1756715674
|move|p2b: Garchomp|Protect|p2b: Garchomp
|-singleturn|p2b: Garchomp|Protect
|move|p1a: Armarouge|Expanding Force|p2b: Garchomp
|-activate|p2b: Garchomp|move: Protect
|cant|p1b: Indeedee|slp
|
|upkeep
|turn|9
|
|t:|1756715683
|move|p2b: Garchomp|Protect||[still]
|-fail|p2b: Garchomp
|move|p1a: Armarouge|Expanding Force|p2b: Garchomp
|-damage|p2b: Garchomp|0 fnt
|faint|p2b: Garchomp
|
|win|pgoiko
||Chandeliere is ready for game 2.
||pgoiko is ready for game 2.
|uhtml|next|Next: Game 2 of 3
|j| T-Soro
|l| T-Soro
|l|☆pgoiko
|player|p1|
