|j|☆Cyclondo3
|j|☆WASHINGTONGARGACHA
|html|Cyclondo3WASHINGTONGARGACHA    
|uhtml|bestof|Game 3 of a best-of-3
|t:|1757810095
|gametype|doubles
|player|p1|Cyclondo3|hilbert|1068
|player|p2|WASHINGTONGARGACHA|101|1125
|gen|9
|tier|[Gen 9] VGC 2025 Reg H (Bo3)
|rated|
|rule|Species Clause: Limit one of each Pokémon
|rule|Item Clause: Limit 1 of each item
|clearpoke
|poke|p1|Jolteon, L50, M|
|poke|p1|Pincurchin, L50, M|
|poke|p1|Sableye, L50, M|
|poke|p1|Incineroar, L50, M|
|poke|p1|Ninetales-Alola, L50, M|
|poke|p1|Whimsicott, L50, F|
|poke|p2|Typhlosion-Hisui, L50, F|
|poke|p2|Whimsicott, L50, F|
|poke|p2|Dragapult, L50, M|
|poke|p2|Torkoal, L50, F|
|poke|p2|Lilligant-Hisui, L50, F|
|poke|p2|Electabuzz, L50, F|
|teampreview|4
|showteam|p1|Jolteon||ChoiceSpecs|QuickFeet|VoltSwitch,Thunderbolt,Discharge,TeraBlast|||M|||50|,,,,,Ice]Pincurchin||CovertCloak|ElectricSurge|Recover,Acupressure,ToxicSpikes,SuckerPunch|||M|||50|,,,,,Ground]Sableye||SafetyGoggles|Prankster|Protect,Gravity,Disable,Encore|||M|||50|,,,,,Dark]Incineroar||AssaultVest|Intimidate|Uturn,FakeOut,KnockOff,FlareBlitz|||M|||50|,,,,,Fire]Ninetales-Alola||LifeOrb|SnowWarning|Protect,Moonblast,Blizzard,TeraBlast|||M|||50|,,,,,Fire]Whimsicott||FocusSash|Prankster|Protect,Tailwind,Encore,Moonblast|||F|||50|,,,,,Grass
|showteam|p2|Typhlosion-Hisui||ChoiceSpecs|Blaze|HeatWave,Eruption,ShadowBall,FocusPunch|||F|||50|,,,,,Fire]Whimsicott||CovertCloak|Prankster|Tailwind,Moonblast,SunnyDay,Encore|||F|||50|,,,,,Water]Dragapult||ChoiceBand|ClearBody|Uturn,DragonTail,DragonDarts,PhantomForce|||M|||50|,,,,,Dragon]Torkoal||LifeOrb|Drought|HeatWave,Eruption,Protect,WeatherBall|||F|||50|,,,,,Fire]Lilligant-Hisui||FocusSash|Chlorophyll|CloseCombat,SleepPowder,AfterYou,LeafBlade|||F|||50|,,,,,Ghost]Electabuzz||Eviolite|VitalSpirit|FollowMe,Taunt,Electroweb,Protect|||F|||50|,,,,,Grass
|inactive|Battle timer is ON: inactive players will automatically lose when time's up. (requested by Cyclondo3)
|inactive|WASHINGTONGARGACHA has 60 seconds left.
|
|t:|1757810128
|teamsize|p1|4
|teamsize|p2|4
|start
|switch|p1a: Whimsicott|Whimsicott, L50, F|100/100
|switch|p1b: Jolteon|Jolteon, L50, M|100/100
|switch|p2a: Typhlosion|Typhlosion-Hisui, L50, F|100/100
|switch|p2b: Electabuzz|Electabuzz, L50, F|100/100
|turn|1
|inactive|Cyclondo3 has 30 seconds left.
|inactive|Cyclondo3 has 20 seconds left.
|
|t:|1757810166
|switch|p1a: Pincurchin|Pincurchin, L50, M|100/100
|-fieldstart|move: Electric Terrain|[from] ability: Electric Surge|[of] p1a: Pincurchin
|-terastallize|p2a: Typhlosion|Fire
|move|p2b: Electabuzz|Follow Me|p2b: Electabuzz
|-singleturn|p2b: Electabuzz|move: Follow Me
|move|p1b: Jolteon|Discharge|p2a: Typhlosion|[spread] p1a,p2a,p2b
|-resisted|p1a: Pincurchin
|-resisted|p2b: Electabuzz
|-damage|p1a: Pincurchin|65/100
|-damage|p2a: Typhlosion|28/100
|-damage|p2b: Electabuzz|79/100
|-status|p2a: Typhlosion|par
|move|p2a: Typhlosion|Heat Wave|p1a: Pincurchin|[spread] p1a,p1b
|-damage|p1a: Pincurchin|0 fnt
|-damage|p1b: Jolteon|0 fnt
|faint|p1a: Pincurchin
|faint|p1b: Jolteon
|
|upkeep
|
|t:|1757810184
|switch|p1b: Ninetales|Ninetales-Alola, L50, M|100/100
|switch|p1a: Whimsicott|Whimsicott, L50, F|100/100
|-weather|Snowscape|[from] ability: Snow Warning|[of] p1b: Ninetales
|turn|2
|
|t:|1757810192
|move|p2b: Electabuzz|Protect|p2b: Electabuzz
|-singleturn|p2b: Electabuzz|Protect
|move|p1a: Whimsicott|Tailwind|p1a: Whimsicott
|-sidestart|p1: Cyclondo3|move: Tailwind
|move|p1b: Ninetales|Blizzard|p2b: Electabuzz|[spread] p2a
|-activate|p2b: Electabuzz|move: Protect
|-resisted|p2a: Typhlosion
|-damage|p2a: Typhlosion|0 fnt
|faint|p2a: Typhlosion
|-damage|p1b: Ninetales|91/100|[from] item: Life Orb
|
|-weather|Snowscape|[upkeep]
|upkeep
|
|t:|1757810208
|switch|p2a: Whimsicott|Whimsicott, L50, F|100/100
|turn|3
|inactive|WASHINGTONGARGACHA has 30 seconds left.
|
|t:|1757810241
|move|p2a: Whimsicott|Encore|p1a: Whimsicott
|-start|p1a: Whimsicott|Encore
|move|p1b: Ninetales|Blizzard|p2b: Electabuzz|[spread] p2a,p2b
|-supereffective|p2a: Whimsicott
|-damage|p2a: Whimsicott|0 fnt
|-damage|p2b: Electabuzz|45/100
|faint|p2a: Whimsicott
|-damage|p1b: Ninetales|82/100|[from] item: Life Orb
|move|p1a: Whimsicott|Tailwind||[still]
|-fail|p1a: Whimsicott
|move|p2b: Electabuzz|Electroweb|p1b: Ninetales|[spread] p1a,p1b
|-resisted|p1a: Whimsicott
|-damage|p1a: Whimsicott|89/100
|-damage|p1b: Ninetales|62/100
|-unboost|p1a: Whimsicott|spe|1
|-unboost|p1b: Ninetales|spe|1
|
|-weather|Snowscape|[upkeep]
|upkeep
|
|t:|1757810255
|switch|p2a: Dragapult|Dragapult, L50, M|100/100
|turn|4
|
|t:|1757810269
|move|p1a: Whimsicott|Tailwind||[still]
|-fail|p1a: Whimsicott
|move|p1b: Ninetales|Blizzard|p2a: Dragapult|[spread] p2a,p2b
|-supereffective|p2a: Dragapult
|-crit|p2a: Dragapult
|-damage|p2a: Dragapult|0 fnt
|-damage|p2b: Electabuzz|12/100
|faint|p2a: Dragapult
|-damage|p1b: Ninetales|52/100|[from] item: Life Orb
|move|p2b: Electabuzz|Electroweb|p1a: Whimsicott|[spread] p1a
|-miss|p2b: Electabuzz|p1b: Ninetales
|-resisted|p1a: Whimsicott
|-damage|p1a: Whimsicott|77/100
|-unboost|p1a: Whimsicott|spe|1
|
|-weather|Snowscape|[upkeep]
|upkeep
|turn|5
|-message|WASHINGTONGARGACHA forfeited.
|
|win|Cyclondo3
|raw|Cyclondo3's rating: 1068 → 1103(+35 for winning)
|raw|WASHINGTONGARGACHA's rating: 1125 → 1096(-29 for losing)
