|j|☆ScrewSalesman
|j|☆GrassEJ
|html|ScrewSalesmanGrassEJ    
|uhtml|bestof|Game 1 of a best-of-3
|t:|1756514304
|gametype|doubles
|player|p1|ScrewSalesman|cynthia-gen4|1186
|player|p2|GrassEJ|dana|1291
|gen|9
|tier|[Gen 9] VGC 2025 Reg H (Bo3)
|rated|
|rule|Species Clause: Limit one of each Pokémon
|rule|Item Clause: Limit 1 of each item
|clearpoke
|poke|p1|Porygon2, L50|
|poke|p1|Incineroar, L50, M|
|poke|p1|Ursaluna, L50, F|
|poke|p1|Jumpluff, L50, F|
|poke|p1|Charizard, L50, F|
|poke|p1|Torkoal, L50, F|
|poke|p2|Brambleghast, L50, M|
|poke|p2|Glimmora, L50, M|
|poke|p2|Talonflame, L50, F|
|poke|p2|Gholdengo, L50|
|poke|p2|Tyranitar, L50, M|
|poke|p2|Garchomp, L50, M|
|teampreview|4
|showteam|p1|Porygon2||Eviolite|Download|TeraBlast,IceBeam,TrickRoom,Recover||||||50|,,,,,Fighting]Incineroar||SitrusBerry|Intimidate|FakeOut,KnockOff,FlareBlitz,PartingShot|||M|||50|,,,,,Ghost]Ursaluna||FlameOrb|Guts|HeadlongRush,Facade,Earthquake,Protect|||F|||50|,,,,,Ghost]Jumpluff||CovertCloak|Chlorophyll|RagePowder,SunnyDay,Tailwind,SleepPowder|||F|||50|,,,,,Water]Charizard||ChoiceSpecs|SolarPower|HeatWave,Overheat,WeatherBall,DragonPulse|||F|||50|,,,,,Ghost]Torkoal||EjectPack|Drought|Overheat,Eruption,HelpingHand,Protect|||F|||50|,,,,,Fire
|showteam|p2|Brambleghast||FocusSash|WindRider|PowerWhip,Poltergeist,ShadowSneak,TeraBlast|||M|||50|,,,,,Ghost]Glimmora||PowerHerb|ToxicDebris|MeteorBeam,SludgeBomb,EarthPower,SpikyShield|||M|||50|,,,,,Grass]Talonflame||CovertCloak|GaleWings|BraveBird,Tailwind,WillOWisp,Taunt|||F|||50|,,,,,Grass]Gholdengo||ChoiceSpecs|GoodasGold|MakeItRain,ShadowBall,Thunderbolt,Trick||||||50|,,,,,Steel]Tyranitar||AssaultVest|SandStream|RockSlide,KnockOff,TeraBlast,LowKick|||M|||50|,,,,,Flying]Garchomp||ClearAmulet|SandVeil|DragonClaw,Earthquake,StompingTantrum,Protect|||M|||50|,,,,,Ground
|inactive|Battle timer is ON: inactive players will automatically lose when time's up. (requested by GrassEJ)
|inactive|ScrewSalesman also wants the timer to be on.
|inactive|GrassEJ has 60 seconds left.
|
|t:|1756514343
|teamsize|p1|4
|teamsize|p2|4
|start
|switch|p1a: Incineroar|Incineroar, L50, M|100/100
|switch|p1b: Porygon2|Porygon2, L50, shiny|100/100
|switch|p2a: Talonflame|Talonflame, L50, F, shiny|100/100
|switch|p2b: Glimmora|Glimmora, L50, M, shiny|100/100
|-ability|p1a: Incineroar|Intimidate|boost
|-unboost|p2a: Talonflame|atk|1
|-unboost|p2b: Glimmora|atk|1
|-ability|p1b: Porygon2|Download|boost
|-boost|p1b: Porygon2|spa|1
|turn|1
|
|t:|1756514366
|switch|p1a: Ursaluna|Ursaluna, L50, F|100/100
|move|p2a: Talonflame|Taunt|p1b: Porygon2
|-start|p1b: Porygon2|move: Taunt
|move|p2b: Glimmora|Meteor Beam||[still]
|-prepare|p2b: Glimmora|Meteor Beam
|-boost|p2b: Glimmora|spa|1
|-enditem|p2b: Glimmora|Power Herb
|-anim|p2b: Glimmora|Meteor Beam|p1a: Ursaluna
|-resisted|p1a: Ursaluna
|-damage|p1a: Ursaluna|53/100
|move|p1b: Porygon2|Tera Blast|p2a: Talonflame
|-damage|p2a: Talonflame|10/100
|
|-status|p1a: Ursaluna|brn|[from] item: Flame Orb
|upkeep
|turn|2
|inactive|ScrewSalesman has 30 seconds left.
|
|t:|1756514399
|move|p2b: Glimmora|Spiky Shield|p2b: Glimmora
|-singleturn|p2b: Glimmora|move: Protect
|move|p2a: Talonflame|Tailwind|p2a: Talonflame
|-sidestart|p2: GrassEJ|move: Tailwind
|move|p1a: Ursaluna|Facade|p2a: Talonflame
|-damage|p2a: Talonflame|0 fnt
|faint|p2a: Talonflame
|move|p1b: Porygon2|Tera Blast|p2b: Glimmora
|-activate|p2b: Glimmora|move: Protect
|
|-damage|p1a: Ursaluna|48/100 brn|[from] brn
|upkeep
|
|t:|1756514412
|switch|p2a: Tyranitar|Tyranitar, L50, M, shiny|100/100
|-weather|Sandstorm|[from] ability: Sand Stream|[of] p2a: Tyranitar
|turn|3
|inactive|GrassEJ has 30 seconds left.
|
|t:|1756514442
|switch|p1a: Incineroar|Incineroar, L50, M|100/100
|-ability|p1a: Incineroar|Intimidate|boost
|-unboost|p2a: Tyranitar|atk|1
|-unboost|p2b: Glimmora|atk|1
|-terastallize|p2a: Tyranitar|Flying
|-terastallize|p1b: Porygon2|Fighting
|move|p2b: Glimmora|Sludge Bomb|p1b: Porygon2
|-damage|p1b: Porygon2|58/100
|move|p2a: Tyranitar|Low Kick|p1a: Incineroar
|-supereffective|p1a: Incineroar
|-damage|p1a: Incineroar|62/100
|move|p1b: Porygon2|Tera Blast|p2a: Tyranitar|[anim] Tera Blast Fighting
|-resisted|p2a: Tyranitar
|-damage|p2a: Tyranitar|86/100
|
|-weather|Sandstorm|[upkeep]
|-damage|p2a: Tyranitar|80/100|[from] Sandstorm
|-damage|p1a: Incineroar|56/100|[from] Sandstorm
|-damage|p1b: Porygon2|52/100|[from] Sandstorm
|-end|p1b: Porygon2|move: Taunt
|upkeep
|turn|4
|
|t:|1756514465
|move|p1a: Incineroar|Fake Out|p2a: Tyranitar
|-damage|p2a: Tyranitar|67/100
|move|p2b: Glimmora|Earth Power|p1a: Incineroar
|-supereffective|p1a: Incineroar
|-damage|p1a: Incineroar|0 fnt
|faint|p1a: Incineroar
|cant|p2a: Tyranitar|flinch
|move|p1b: Porygon2|Trick Room|p1b: Porygon2
|-fieldstart|move: Trick Room|[of] p1b: Porygon2
|
|-weather|Sandstorm|[upkeep]
|-damage|p1b: Porygon2|45/100|[from] Sandstorm
|-damage|p2a: Tyranitar|61/100|[from] Sandstorm
|upkeep
|
|t:|1756514472
|switch|p1a: Torkoal|Torkoal, L50, F|100/100
|-weather|SunnyDay|[from] ability: Drought|[of] p1a: Torkoal
|turn|5
|
|t:|1756514478
|switch|p2a: Garchomp|Garchomp, L50, M, shiny|100/100
|move|p2b: Glimmora|Spiky Shield|p2b: Glimmora
|-singleturn|p2b: Glimmora|move: Protect
|move|p1a: Torkoal|Eruption|p2a: Garchomp|[spread] p2a
|-activate|p2b: Glimmora|move: Protect
|-resisted|p2a: Garchomp
|-damage|p2a: Garchomp|61/100
|move|p1b: Porygon2|Ice Beam|p2a: Garchomp
|-supereffective|p2a: Garchomp
|-crit|p2a: Garchomp
|-damage|p2a: Garchomp|0 fnt
|faint|p2a: Garchomp
|
|-weather|SunnyDay|[upkeep]
|-sideend|p2: GrassEJ|move: Tailwind
|upkeep
|
|t:|1756514488
|switch|p2a: Tyranitar|Tyranitar, L50, M, shiny, tera:Flying|61/100
|-weather|Sandstorm|[from] ability: Sand Stream|[of] p2a: Tyranitar
|turn|6
|
|t:|1756514506
|switch|p1a: Ursaluna|Ursaluna, L50, F|48/100 brn
|move|p1b: Porygon2|Tera Blast|p2b: Glimmora|[anim] Tera Blast Fighting
|-damage|p2b: Glimmora|46/100
|move|p2a: Tyranitar|Tera Blast|p1b: Porygon2|[anim] Tera Blast Flying
|-supereffective|p1b: Porygon2
|-damage|p1b: Porygon2|0 fnt
|faint|p1b: Porygon2
|move|p2b: Glimmora|Earth Power|p1a: Ursaluna
|-damage|p1a: Ursaluna|5/100 brn
|
|-weather|Sandstorm|[upkeep]
|-damage|p2a: Tyranitar|55/100|[from] Sandstorm
|-damage|p1a: Ursaluna|0 fnt|[from] brn
|faint|p1a: Ursaluna
|upkeep
|
|t:|1756514514
|switch|p1b: Torkoal|Torkoal, L50, F|100/100
|-weather|SunnyDay|[from] ability: Drought|[of] p1b: Torkoal
|turn|7
|
|t:|1756514526
|move|p1b: Torkoal|Eruption|p2b: Glimmora|[spread] p2a,p2b
|-resisted|p2b: Glimmora
|-crit|p2b: Glimmora
|-damage|p2a: Tyranitar|11/100
|-damage|p2b: Glimmora|0 fnt
|faint|p2b: Glimmora
|move|p2a: Tyranitar|Knock Off|p1b: Torkoal
|-damage|p1b: Torkoal|58/100
|-enditem|p1b: Torkoal|Eject Pack|[from] move: Knock Off|[of] p2a: Tyranitar
|
|-weather|SunnyDay|[upkeep]
|upkeep
|turn|8
|
|t:|1756514536
|move|p1b: Torkoal|Eruption|p2a: Tyranitar
|-damage|p2a: Tyranitar|0 fnt
|faint|p2a: Tyranitar
|
|win|ScrewSalesman
||GrassEJ is ready for game 2.
||ScrewSalesman is ready for game 2.
|uhtml|next|Next: Game 2 of 3
|l|☆GrassEJ
|player|p2|
