|j|☆junior weltmeister
|j|☆phuc_lamvgc
|html|junior weltmeisterphuc_lamvgc    
|uhtml|bestof|Game 2 of a best-of-3
|t:|1783769698
|gametype|doubles
|player|p1|junior weltmeister|102|1234
|player|p2|phuc_lamvgc|miku-ghost|1093
|gen|9
|tier|[Gen 9 Champions] VGC 2026 Reg M-B (Bo3)
|rated|
|rule|Species Clause: Limit one of each Pokémon
|rule|Item Clause: Limit 1 of each item
|clearpoke
|poke|p1|Vivillon, L50, F|
|poke|p1|Charizard, L50, M|
|poke|p1|Maushold-Four, L50|
|poke|p1|Garchomp, L50, M|
|poke|p1|Whimsicott, L50, F|
|poke|p1|Blastoise, L50, M|
|poke|p2|Raichu, L50, M|
|poke|p2|Floette-Eternal, L50, F|
|poke|p2|Sinistcha, L50|
|poke|p2|Ceruledge, L50, M|
|poke|p2|Milotic, L50, F|
|poke|p2|Incineroar, L50, M|
|teampreview|4
|showteam|p1|Vivillon||ChoiceScarf|CompoundEyes|SleepPowder,Hurricane,Tailwind,RagePowder|Timid||F|||50|]Charizard||CharizarditeY|Blaze|HeatWave,SolarBeam,AncientPower,Protect|Modest||M|||50|]Maushold-Four||WideLens|Technician|PopulationBomb,FollowMe,Feint,Protect|Jolly|||||50|]Garchomp||LifeOrb|RoughSkin|RockSlide,DragonClaw,Earthquake,Protect|Adamant||M|||50|]Whimsicott||FocusSash|Prankster|Moonblast,EnergyBall,Encore,Tailwind|Timid||F|||50|]Blastoise||Blastoisinite|RainDish|WaterSpout,DarkPulse,FakeOut,ShellSmash|Modest||M|||50|
|showteam|p2|Raichu||RaichuniteY|LightningRod|ZapCannon,VoltSwitch,FocusBlast,FakeOut|Timid||M|||50|]Floette-Eternal||Floettite|FlowerVeil|Moonblast,DrainingKiss,CalmMind,Protect|Modest||F|||50|]Sinistcha||KasibBerry|Hospitality|MatchaGotcha,RagePowder,LifeDew,Protect|Bold|||||50|]Ceruledge||ColburBerry|FlashFire|BitterBlade,ShadowSneak,BulkUp,Protect|Adamant||M|||50|]Milotic||Leftovers|Competitive|MuddyWater,Hypnosis,Coil,Protect|Calm||F|||50|]Incineroar||SitrusBerry|Intimidate|FlareBlitz,ThroatChop,FakeOut,PartingShot|Impish||M|||50|
|
|t:|1783769730
|teamsize|p1|4
|teamsize|p2|4
|start
|switch|p1a: Garchomp|Garchomp, L50, M|100/100
|switch|p1b: Whimsicott|Whimsicott, L50, F|100/100
|switch|p2a: Raichu|Raichu, L50, M|100/100
|switch|p2b: Sinistcha|Sinistcha, L50|100/100
|turn|1
|inactive|Battle timer is ON: inactive players will automatically lose when time's up. (requested by junior weltmeister)
|
|t:|1783769742
|move|p2a: Raichu|Fake Out|p1a: Garchomp
|-damage|p1a: Garchomp|91/100
|-damage|p2a: Raichu|88/100|[from] ability: Rough Skin|[of] p1a: Garchomp
|move|p1b: Whimsicott|Tailwind|p1b: Whimsicott
|-sidestart|p1: junior weltmeister|move: Tailwind
|cant|p1a: Garchomp|flinch
|move|p2b: Sinistcha|Matcha Gotcha|p1a: Garchomp|[spread] p1a,p1b
|-resisted|p1b: Whimsicott|1
|-damage|p1a: Garchomp|65/100
|-damage|p1b: Whimsicott|81/100
|
|upkeep
|turn|2
|
|t:|1783769759
|switch|p2a: Incineroar|Incineroar, L50, M|100/100
|-ability|p2a: Incineroar|Intimidate|boost
|-unboost|p1a: Garchomp|atk|1
|-unboost|p1b: Whimsicott|atk|1
|move|p1b: Whimsicott|Encore|p2a: Incineroar
|-hint|Since gen 7, Dark is immune to Prankster moves.
|-immune|p2a: Incineroar
|move|p1a: Garchomp|Dragon Claw|p2b: Sinistcha
|-damage|p2b: Sinistcha|69/100
|-damage|p1a: Garchomp|55/100|[from] item: Life Orb
|move|p2b: Sinistcha|Matcha Gotcha|p1b: Whimsicott|[spread] p1a,p1b
|-resisted|p1b: Whimsicott|1
|-damage|p1a: Garchomp|28/100
|-heal|p2b: Sinistcha|82/100|[from] drain|[of] p1a: Garchomp
|-damage|p1b: Whimsicott|61/100
|-heal|p2b: Sinistcha|90/100|[from] drain|[of] p1b: Whimsicott
|
|upkeep
|turn|3
|
|t:|1783769778
|move|p2a: Incineroar|Fake Out|p1a: Garchomp
|-damage|p1a: Garchomp|18/100
|-damage|p2a: Incineroar|87/100|[from] ability: Rough Skin|[of] p1a: Garchomp
|move|p1b: Whimsicott|Moonblast|p2b: Sinistcha
|-damage|p2b: Sinistcha|52/100
|cant|p1a: Garchomp|flinch
|move|p2b: Sinistcha|Matcha Gotcha|p1a: Garchomp|[spread] p1a,p1b
|-resisted|p1b: Whimsicott|1
|-damage|p1a: Garchomp|0 fnt
|-heal|p2b: Sinistcha|62/100|[from] drain|[of] p1a: Garchomp
|-damage|p1b: Whimsicott|43/100
|-heal|p2b: Sinistcha|69/100|[from] drain|[of] p1b: Whimsicott
|-status|p1b: Whimsicott|brn
|faint|p1a: Garchomp
|
|-damage|p1b: Whimsicott|37/100 brn|[from] brn
|upkeep
|
|t:|1783769782
|switch|p1a: Blastoise|Blastoise, L50, M|100/100
|turn|4
|
|t:|1783769799
|switch|p2a: Milotic|Milotic, L50, F|100/100
|detailschange|p1a: Blastoise|Blastoise-Mega, L50, M
|-mega|p1a: Blastoise|Blastoise|Blastoisinite
|move|p1b: Whimsicott|Moonblast|p2b: Sinistcha
|-crit|p2b: Sinistcha
|-damage|p2b: Sinistcha|15/100
|move|p1a: Blastoise|Water Spout|p2b: Sinistcha|[spread] p2a,p2b
|-resisted|p2a: Milotic|1
|-resisted|p2b: Sinistcha|1
|-damage|p2a: Milotic|76/100
|-damage|p2b: Sinistcha|0 fnt
|faint|p2b: Sinistcha
|
|-heal|p2a: Milotic|82/100|[from] item: Leftovers
|-damage|p1b: Whimsicott|31/100 brn|[from] brn
|-sideend|p1: junior weltmeister|move: Tailwind
|upkeep
|
|t:|1783769805
|switch|p2b: Raichu|Raichu, L50, M|88/100
|turn|5
|
|t:|1783769821
|detailschange|p2b: Raichu|Raichu-Mega-Y, L50, M
|-mega|p2b: Raichu|Raichu|Raichunite Y
|move|p2b: Raichu|Fake Out|p1a: Blastoise
|-damage|p1a: Blastoise|91/100
|move|p1b: Whimsicott|Tailwind|p1b: Whimsicott
|-sidestart|p1: junior weltmeister|move: Tailwind
|cant|p1a: Blastoise|flinch
|move|p2a: Milotic|Muddy Water|p1b: Whimsicott|[spread] p1a,p1b
|-resisted|p1a: Blastoise|1
|-resisted|p1b: Whimsicott|1
|-damage|p1a: Blastoise|80/100
|-damage|p1b: Whimsicott|13/100 brn
|-unboost|p1a: Blastoise|accuracy|1
|
|-heal|p2a: Milotic|88/100|[from] item: Leftovers
|-damage|p1b: Whimsicott|8/100 brn|[from] brn
|upkeep
|turn|6
|
|t:|1783769839
|move|p1b: Whimsicott|Encore|p2a: Milotic
|-start|p2a: Milotic|Encore
|move|p1a: Blastoise|Water Spout|p2b: Raichu|[spread] p2b
|-miss|p1a: Blastoise|p2a: Milotic
|-damage|p2b: Raichu|14/100
|move|p2b: Raichu|Zap Cannon|p1a: Blastoise
|-supereffective|p1a: Blastoise|1
|-damage|p1a: Blastoise|0 fnt
|faint|p1a: Blastoise
|move|p2a: Milotic|Muddy Water|p1b: Whimsicott
|-resisted|p1b: Whimsicott|1
|-damage|p1b: Whimsicott|0 fnt
|faint|p1b: Whimsicott
|
|-heal|p2a: Milotic|94/100|[from] item: Leftovers
|upkeep
|
|t:|1783769846
|switch|p1b: Vivillon|Vivillon, L50, F|100/100
|turn|7
|
|t:|1783769851
|switch|p2b: Incineroar|Incineroar, L50, M|87/100
|-ability|p2b: Incineroar|Intimidate|boost
|-unboost|p1b: Vivillon|atk|1
|move|p1b: Vivillon|Hurricane|p2b: Incineroar
|-crit|p2b: Incineroar
|-damage|p2b: Incineroar|36/100
|-enditem|p2b: Incineroar|Sitrus Berry|[eat]
|-heal|p2b: Incineroar|61/100|[from] item: Sitrus Berry
|move|p2a: Milotic|Muddy Water|p1b: Vivillon
|-damage|p1b: Vivillon|41/100
|
|-heal|p2a: Milotic|100/100|[from] item: Leftovers
|upkeep
|turn|8
|-message|junior weltmeister forfeited.
|
|win|phuc_lamvgc
|l|☆junior weltmeister
|player|p1|
||junior weltmeister is ready for game 3.
||phuc_lamvgc is ready for game 3.
|uhtml|next|Next: Game 3 of 3
