|j|☆ciovy
|j|☆j0el_02
|html|ciovyj0el_02    
|uhtml|bestof|Game 1 of a best-of-3
|t:|1782405719
|gametype|doubles
|player|p1|ciovy|169|1045
|player|p2|j0el_02|265|1114
|gen|9
|tier|[Gen 9 Champions] VGC 2026 Reg M-B (Bo3)
|rated|
|rule|Species Clause: Limit one of each Pokémon
|rule|Item Clause: Limit 1 of each item
|clearpoke
|poke|p1|Aerodactyl, L50, F|
|poke|p1|Garchomp, L50, M|
|poke|p1|Charizard, L50, M|
|poke|p1|Sylveon, L50, F|
|poke|p1|Kingambit, L50, M|
|poke|p1|Farigiraf, L50, M|
|poke|p2|Sylveon, L50, F, shiny|
|poke|p2|Oranguru, L50, F|
|poke|p2|Charizard, L50, M|
|poke|p2|Swampert, L50, M|
|poke|p2|Sinistcha, L50|
|poke|p2|Excadrill, L50, F|
|teampreview|4
|showteam|p1|Aerodactyl||Aerodactylite|Unnerve|RockSlide,DualWingbeat,Tailwind,WideGuard|Jolly||F|||50|]Garchomp||SoftSand|RoughSkin|Earthquake,DragonClaw,RockTomb,Protect|Jolly||M|||50|]Charizard||CharizarditeY|Blaze|HeatWave,WeatherBall,SolarBeam,Protect|Modest||M|||50|]Sylveon||FairyFeather|Pixilate|HyperVoice,QuickAttack,HyperBeam,Detect|Modest||F|||50|]Kingambit||FocusSash|Defiant|IronHead,SuckerPunch,KowtowCleave,LowKick|Adamant||M|||50|]Farigiraf||SitrusBerry|ArmorTail|TrickRoom,HelpingHand,Protect,TwinBeam|Bold||M|||50|
|showteam|p2|Sylveon||FairyFeather|Pixilate|HyperBeam,QuickAttack,Detect,HyperVoice|Quiet||F|||50|]Oranguru||BabiriBerry|InnerFocus|Psychic,Thunderbolt,TrickRoom,Instruct|Quiet||F|||50|]Charizard||CharizarditeY|SolarPower|HeatWave,WeatherBall,Protect,SolarBeam|Modest||M|||50|]Swampert||Swampertite|Torrent|WaveCrash,FlipTurn,BodyPress,Protect|Adamant||M|||50|]Sinistcha||Leftovers|Hospitality|TrickRoom,MatchaGotcha,Reflect,RagePowder|Quiet|||||50|]Excadrill||FocusSash|MoldBreaker|Earthquake,IronHead,RockBlast,Protect|Adamant||F|||50|
|
|t:|1782405775
|teamsize|p1|4
|teamsize|p2|4
|start
|switch|p1a: Aerodactyl|Aerodactyl, L50, F|100/100
|switch|p1b: Kingambit|Kingambit, L50, M|100/100
|switch|p2a: Oranguru|Oranguru, L50, F|100/100
|switch|p2b: Excadrill|Excadrill, L50, F|100/100
|-ability|p1a: Aerodactyl|Unnerve
|-ability|p2b: Excadrill|Mold Breaker
|turn|1
|
|t:|1782405833
|switch|p2a: Sylveon|Sylveon, L50, F, shiny|100/100
|move|p1a: Aerodactyl|Dual Wingbeat|p2a: Sylveon
|-damage|p2a: Sylveon|83/100
|-crit|p2a: Sylveon
|-damage|p2a: Sylveon|54/100
|-hitcount|p2a: Sylveon|2
|move|p2b: Excadrill|Iron Head|p1a: Aerodactyl
|-supereffective|p1a: Aerodactyl|1
|-damage|p1a: Aerodactyl|0 fnt
|faint|p1a: Aerodactyl
|move|p1b: Kingambit|Kowtow Cleave|p2a: Sylveon
|-resisted|p2a: Sylveon|1
|-damage|p2a: Sylveon|27/100
|
|upkeep
|
|t:|1782405847
|switch|p1a: Charizard|Charizard, L50, M|100/100
|turn|2
|
|t:|1782405901
|move|p1a: Charizard|Protect|p1a: Charizard
|-singleturn|p1a: Charizard|Protect
|move|p2a: Sylveon|Detect|p2a: Sylveon
|-singleturn|p2a: Sylveon|Protect
|move|p2b: Excadrill|Rock Blast|p1a: Charizard
|-activate|p1a: Charizard|move: Protect
|move|p1b: Kingambit|Low Kick|p2b: Excadrill
|-supereffective|p2b: Excadrill|1
|-crit|p2b: Excadrill
|-damage|p2b: Excadrill|20/100r
|
|upkeep
|turn|3
|
|t:|1782405927
|switch|p2a: Oranguru|Oranguru, L50, F|100/100
|detailschange|p1a: Charizard|Charizard-Mega-Y, L50, M
|-mega|p1a: Charizard|Charizard|Charizardite Y
|-weather|SunnyDay|[from] ability: Drought|[of] p1a: Charizard
|move|p2b: Excadrill|Protect|p2b: Excadrill
|-singleturn|p2b: Excadrill|Protect
|move|p1b: Kingambit|Sucker Punch||[still]
|-fail|p1b: Kingambit
|move|p1a: Charizard|Heat Wave|p2b: Excadrill|[spread] p2a
|-activate|p2b: Excadrill|move: Protect
|-damage|p2a: Oranguru|32/100
|
|-weather|SunnyDay|[upkeep]
|upkeep
|turn|4
|
|t:|1782405967
|move|p1b: Kingambit|Sucker Punch|p2b: Excadrill
|-damage|p2b: Excadrill|0 fnt
|faint|p2b: Excadrill
|move|p1a: Charizard|Heat Wave|p2a: Oranguru|[miss]
|-miss|p1a: Charizard|p2a: Oranguru
|move|p2a: Oranguru|Trick Room|p2a: Oranguru
|-fieldstart|move: Trick Room|[of] p2a: Oranguru
|
|-weather|SunnyDay|[upkeep]
|upkeep
|
|t:|1782405982
|switch|p2b: Sylveon|Sylveon, L50, F, shiny|27/100
|turn|5
|
|t:|1782406005
|move|p2b: Sylveon|Detect|p2b: Sylveon
|-singleturn|p2b: Sylveon|Protect
|move|p1b: Kingambit|Sucker Punch||[still]
|-fail|p1b: Kingambit
|move|p2a: Oranguru|Thunderbolt|p1a: Charizard
|-supereffective|p1a: Charizard|1
|-damage|p1a: Charizard|51/100
|move|p1a: Charizard|Weather Ball|p2a: Oranguru
|-damage|p2a: Oranguru|0 fnt
|faint|p2a: Oranguru
|
|-weather|SunnyDay|[upkeep]
|upkeep
|
|t:|1782406015
|switch|p2a: Swampert|Swampert, L50, M|100/100
|turn|6
|
|t:|1782406045
|move|p2b: Sylveon|Detect|p2b: Sylveon
|-singleturn|p2b: Sylveon|Protect
|move|p1a: Charizard|Protect|p1a: Charizard
|-singleturn|p1a: Charizard|Protect
|move|p1b: Kingambit|Iron Head|p2b: Sylveon
|-activate|p2b: Sylveon|move: Protect
|move|p2a: Swampert|Wave Crash|p1a: Charizard
|-activate|p1a: Charizard|move: Protect
|
|-weather|SunnyDay|[upkeep]
|upkeep
|turn|7
|
|t:|1782406075
|switch|p1a: Garchomp|Garchomp, L50, M|100/100
|move|p2b: Sylveon|Hyper Voice|p1b: Kingambit|[spread] p1a,p1b
|-supereffective|p1a: Garchomp|1
|-damage|p1a: Garchomp|4/100
|-damage|p1b: Kingambit|48/100
|move|p1b: Kingambit|Iron Head|p2b: Sylveon
|-supereffective|p2b: Sylveon|1
|-damage|p2b: Sylveon|0 fnt
|faint|p2b: Sylveon
|move|p2a: Swampert|Wave Crash|p1a: Garchomp
|-damage|p1a: Garchomp|0 fnt
|-damage|p2a: Swampert|88/100|[from] ability: Rough Skin|[of] p1a: Garchomp
|faint|p1a: Garchomp
|-damage|p2a: Swampert|86/100|[from] Recoil
|
|-weather|none
|upkeep
|
|t:|1782406091
|switch|p1a: Charizard|Charizard-Mega-Y, L50, M|51/100
|-weather|SunnyDay|[from] ability: Drought|[of] p1a: Charizard
|turn|8
|
|t:|1782406101
|detailschange|p2a: Swampert|Swampert-Mega, L50, M
|-mega|p2a: Swampert|Swampert|Swampertite
|move|p1a: Charizard|Protect|p1a: Charizard
|-singleturn|p1a: Charizard|Protect
|move|p1b: Kingambit|Sucker Punch|p2a: Swampert
|-damage|p2a: Swampert|53/100
|move|p2a: Swampert|Body Press|p1b: Kingambit
|-supereffective|p1b: Kingambit|2
|-damage|p1b: Kingambit|0 fnt
|faint|p1b: Kingambit
|
|-weather|SunnyDay|[upkeep]
|-fieldend|move: Trick Room
|upkeep
|turn|9
|
|t:|1782406116
|move|p1a: Charizard|Solar Beam||[still]
|-prepare|p1a: Charizard|Solar Beam
|-anim|p1a: Charizard|Solar Beam|p2a: Swampert
|-supereffective|p2a: Swampert|2
|-damage|p2a: Swampert|0 fnt
|faint|p2a: Swampert
|
|win|ciovy
||j0el_02 is ready for game 2.
||ciovy is ready for game 2.
|uhtml|next|Next: Game 2 of 3
