|j|☆Riubyx
|j|☆hydreigon_chelas
|html|Riubyxhydreigon_chelas    
|uhtml|bestof|Game 2 of a best-of-3
|t:|1783734710
|gametype|doubles
|player|p1|Riubyx|101|
|player|p2|hydreigon_chelas|iris-gen5bw2|
|gen|9
|tier|[Gen 9 Champions] VGC 2026 Reg M-B (Bo3)
|rule|Species Clause: Limit one of each Pokémon
|rule|Item Clause: Limit 1 of each item
|clearpoke
|poke|p1|Raichu, L50, F|
|poke|p1|Pelipper, L50, M|
|poke|p1|Archaludon, L50, F|
|poke|p1|Swampert, L50, F|
|poke|p1|Sinistcha, L50|
|poke|p1|Basculegion, L50, M|
|poke|p2|Gengar, L50, F|
|poke|p2|Politoed, L50, M|
|poke|p2|Incineroar, L50, M|
|poke|p2|Swampert, L50, F|
|poke|p2|Archaludon, L50, M|
|poke|p2|Vivillon-Monsoon, L50, M|
|teampreview|4
|showteam|p1|Raichu||RaichuniteY|LightningRod|ZapCannon,FakeOut,VoltSwitch,FocusBlast|Timid||F|||50|]Pelipper||FocusSash|Drizzle|WeatherBall,Tailwind,Hurricane,IceBeam|Modest||M|||50|]Archaludon||Leftovers|Stamina|ElectroShot,DragonPulse,Protect,FlashCannon|Modest||F|||50|]Swampert||Swampertite|Torrent|Earthquake,WaveCrash,Protect,IcePunch|Adamant||F|||50|]Sinistcha||SitrusBerry|Hospitality|Protect,RagePowder,MatchaGotcha,LifeDew|Calm|||||50|]Basculegion||LifeOrb|SwiftSwim|AquaJet,LastRespects,WaveCrash,Protect|Adamant||M|||50|
|showteam|p2|Gengar||Gengarite|CursedBody|ShadowBall,SludgeBomb,PerishSong,Protect|Timid||F|||50|]Politoed||SitrusBerry|Drizzle|WeatherBall,PerishSong,Encore,Protect|Calm||M|||50|]Incineroar||PasshoBerry|Intimidate|ThroatChop,PartingShot,FakeOut,Protect|Careful||M|||50|]Swampert||Swampertite|Torrent|WaveCrash,Earthquake,IcePunch,Protect|Adamant||F|||50|]Archaludon||Leftovers|Stamina|ElectroShot,DragonPulse,FlashCannon,Protect|Calm||M|||50|]Vivillon-Monsoon||FocusSash|CompoundEyes|Hurricane,RagePowder,SleepPowder,Protect|Timid||M|||50|
|inactive|Battle timer is ON: inactive players will automatically lose when time's up. (requested by Riubyx)
|c|☆Riubyx|glhf
|
|t:|1783734767
|teamsize|p1|4
|teamsize|p2|4
|start
|switch|p1a: Raichu|Raichu, L50, F|100/100
|switch|p1b: Sinistcha|Sinistcha, L50|100/100
|switch|p2a: Vivillon|Vivillon-Monsoon, L50, M|100/100
|switch|p2b: Swampert|Swampert, L50, F|100/100
|turn|1
|inactive|Riubyx has 30 seconds left.
|inactive|Riubyx has 20 seconds left.
|inactive|Riubyx has 15 seconds left.
|inactive|Riubyx has 10 seconds left.
|inactive|Riubyx has 5 seconds left.
|
|t:|1783734819
|detailschange|p1a: Raichu|Raichu-Mega-Y, L50, F
|-mega|p1a: Raichu|Raichu|Raichunite Y
|move|p2a: Vivillon|Protect|p2a: Vivillon
|-singleturn|p2a: Vivillon|Protect
|move|p2b: Swampert|Protect|p2b: Swampert
|-singleturn|p2b: Swampert|Protect
|move|p1a: Raichu|Volt Switch|p2a: Vivillon
|-activate|p2a: Vivillon|move: Protect
|move|p1b: Sinistcha|Matcha Gotcha|p2b: Swampert|[spread] 
|-activate|p2a: Vivillon|move: Protect
|-activate|p2b: Swampert|move: Protect
|
|upkeep
|turn|2
|
|t:|1783734839
|switch|p2b: Archaludon|Archaludon, L50, M|100/100
|move|p1a: Raichu|Volt Switch|p2a: Vivillon
|-supereffective|p2a: Vivillon|1
|-enditem|p2a: Vivillon|Focus Sash
|-damage|p2a: Vivillon|1/100
|
|t:|1783734846
|switch|p1a: Archaludon|Archaludon, L50, F|100/100|[from] Volt Switch
|move|p2a: Vivillon|Sleep Powder|p1a: Archaludon
|-status|p1a: Archaludon|slp|[from] move: Sleep Powder
|move|p1b: Sinistcha|Matcha Gotcha|p2b: Archaludon|[spread] p2a,p2b
|-resisted|p2a: Vivillon|2
|-resisted|p2b: Archaludon|2
|-damage|p2a: Vivillon|0 fnt
|-damage|p2b: Archaludon|93/100
|-ability|p2b: Archaludon|Stamina|boost
|-boost|p2b: Archaludon|def|1
|faint|p2a: Vivillon
|
|-heal|p2b: Archaludon|100/100|[from] item: Leftovers
|upkeep
|inactive|hydreigon_chelas has 30 seconds left.
|
|t:|1783734871
|switch|p2a: Politoed|Politoed, L50, M|100/100
|-weather|RainDance|[from] ability: Drizzle|[of] p2a: Politoed
|turn|3
|
|t:|1783734889
|cant|p1a: Archaludon|slp
|move|p2b: Archaludon|Electro Shot||[still]
|-prepare|p2b: Archaludon|Electro Shot
|-boost|p2b: Archaludon|spa|1
|-anim|p2b: Archaludon|Electro Shot|p1b: Sinistcha
|-resisted|p1b: Sinistcha|1
|-damage|p1b: Sinistcha|75/100
|move|p2a: Politoed|Weather Ball|p1b: Sinistcha
|-resisted|p1b: Sinistcha|1
|-damage|p1b: Sinistcha|55/100
|move|p1b: Sinistcha|Matcha Gotcha|p2a: Politoed|[spread] p2a
|-miss|p1b: Sinistcha|p2b: Archaludon
|-supereffective|p2a: Politoed|1
|-damage|p2a: Politoed|66/100
|-heal|p1b: Sinistcha|74/100|[from] drain|[of] p2a: Politoed
|
|-weather|RainDance|[upkeep]
|upkeep
|turn|4
|
|t:|1783734909
|move|p2a: Politoed|Protect|p2a: Politoed
|-singleturn|p2a: Politoed|Protect
|cant|p1a: Archaludon|slp
|move|p2b: Archaludon|Electro Shot||[still]
|-prepare|p2b: Archaludon|Electro Shot
|-boost|p2b: Archaludon|spa|1
|-anim|p2b: Archaludon|Electro Shot|p1b: Sinistcha
|-resisted|p1b: Sinistcha|1
|-damage|p1b: Sinistcha|37/100
|-enditem|p1b: Sinistcha|Sitrus Berry|[eat]
|-heal|p1b: Sinistcha|62/100|[from] item: Sitrus Berry
|move|p1b: Sinistcha|Matcha Gotcha|p2a: Politoed|[spread] p2b
|-activate|p2a: Politoed|move: Protect
|-resisted|p2b: Archaludon|2
|-damage|p2b: Archaludon|94/100
|-heal|p1b: Sinistcha|65/100|[from] drain|[of] p2b: Archaludon
|-ability|p2b: Archaludon|Stamina|boost
|-boost|p2b: Archaludon|def|1
|
|-weather|RainDance|[upkeep]
|-heal|p2b: Archaludon|100/100|[from] item: Leftovers
|upkeep
|turn|5
|inactive|hydreigon_chelas has 30 seconds left.
|
|t:|1783734954
|-curestatus|p1a: Archaludon|slp|[msg]
|move|p1a: Archaludon|Protect|p1a: Archaludon
|-singleturn|p1a: Archaludon|Protect
|move|p1b: Sinistcha|Protect|p1b: Sinistcha
|-singleturn|p1b: Sinistcha|Protect
|move|p2b: Archaludon|Dragon Pulse|p1a: Archaludon
|-activate|p1a: Archaludon|move: Protect
|move|p2a: Politoed|Weather Ball|p1a: Archaludon
|-activate|p1a: Archaludon|move: Protect
|
|-weather|RainDance|[upkeep]
|upkeep
|turn|6
|
|t:|1783734972
|switch|p2a: Swampert|Swampert, L50, F|100/100
|move|p1a: Archaludon|Dragon Pulse|p2b: Archaludon
|-damage|p2b: Archaludon|59/100
|-ability|p2b: Archaludon|Stamina|boost
|-boost|p2b: Archaludon|def|1
|move|p2b: Archaludon|Dragon Pulse|p1a: Archaludon
|-damage|p1a: Archaludon|11/100
|-ability|p1a: Archaludon|Stamina|boost
|-boost|p1a: Archaludon|def|1
|move|p1b: Sinistcha|Matcha Gotcha|p2a: Swampert|[spread] p2a,p2b
|-supereffective|p2a: Swampert|2
|-resisted|p2b: Archaludon|2
|-damage|p2a: Swampert|0 fnt
|-heal|p1b: Sinistcha|100/100|[from] drain|[of] p2a: Swampert
|-damage|p2b: Archaludon|54/100
|-ability|p2b: Archaludon|Stamina|boost
|-boost|p2b: Archaludon|def|1
|faint|p2a: Swampert
|
|-weather|RainDance|[upkeep]
|-heal|p1a: Archaludon|17/100|[from] item: Leftovers
|-heal|p2b: Archaludon|60/100|[from] item: Leftovers
|upkeep
|
|t:|1783734976
|switch|p2a: Politoed|Politoed, L50, M|66/100
|turn|7
|-message|hydreigon_chelas forfeited.
|
|win|Riubyx
|l|☆hydreigon_chelas
|player|p2|
