|j|☆Boss_Melee
|j|☆jomivgc
|html|Boss_Meleejomivgc    
|uhtml|bestof|Game 2 of a best-of-3
|t:|1784146608
|gametype|doubles
|player|p1|Boss_Melee|swimmerf|1259
|player|p2|jomivgc|falkner-gen2|1169
|gen|9
|tier|[Gen 9 Champions] VGC 2026 Reg M-B (Bo3)
|rated|
|rule|Species Clause: Limit one of each Pokémon
|rule|Item Clause: Limit 1 of each item
|clearpoke
|poke|p1|Grimmsnarl, L50, M|
|poke|p1|Basculegion, L50, M|
|poke|p1|Venusaur, L50, F|
|poke|p1|Charizard, L50, M|
|poke|p1|Pelipper, L50, M|
|poke|p1|Kingambit, L50, F|
|poke|p2|Charizard, L50, M|
|poke|p2|Pelipper, L50, F|
|poke|p2|Archaludon, L50, M|
|poke|p2|Grimmsnarl, L50, M|
|poke|p2|Basculegion, L50, M|
|poke|p2|Venusaur, L50, M|
|teampreview|4
|showteam|p1|Grimmsnarl||LightClay|Prankster|SpiritBreak,Reflect,LightScreen,PartingShot|Careful||M|||50|]Basculegion||ChoiceScarf|Adaptability|FlipTurn,WaveCrash,AquaJet,LastRespects|Jolly||M|||50|]Venusaur||LifeOrb|Chlorophyll|Protect,SolarBeam,SludgeBomb,EarthPower|Modest||F|||50|]Charizard||CharizarditeY|Blaze|HeatWave,HelpingHand,WeatherBall,Protect|Modest||M|||50|]Pelipper||SitrusBerry|Drizzle|Hurricane,WeatherBall,Tailwind,WideGuard|Modest||M|||50|]Kingambit||FocusSash|Defiant|KowtowCleave,IronHead,SuckerPunch,LowKick|Adamant||F|||50|
|showteam|p2|Charizard||CharizarditeY|Blaze|Protect,HeatWave,SolarBeam,WeatherBall|Modest||M|||50|]Pelipper||SitrusBerry|Drizzle|Hurricane,WeatherBall,Tailwind,WideGuard|Modest||F|||50|]Archaludon||Leftovers|Stamina|ElectroShot,FlashCannon,Protect,DragonPulse|Modest||M|||50|]Grimmsnarl||LightClay|Prankster|LightScreen,PartingShot,Reflect,SpiritBreak|Careful||M|||50|]Basculegion||ChoiceScarf|Adaptability|LastRespects,AquaJet,WaveCrash,FlipTurn|Adamant||M|||50|]Venusaur||FocusSash|Chlorophyll|SludgeBomb,Protect,EarthPower,SleepPowder|Modest||M|||50|
|inactive|Battle timer is ON: inactive players will automatically lose when time's up. (requested by jomivgc)
|inactive|Boss_Melee has 60 seconds left.
|
|t:|1784146641
|teamsize|p1|4
|teamsize|p2|4
|start
|switch|p1a: Charizard|Charizard, L50, M|100/100
|switch|p1b: Venusaur|Venusaur, L50, F|100/100
|switch|p2a: Charizard|Charizard, L50, M|100/100
|switch|p2b: Venusaur|Venusaur, L50, M|100/100
|turn|1
|
|t:|1784146659
|detailschange|p2a: Charizard|Charizard-Mega-Y, L50, M
|-mega|p2a: Charizard|Charizard|Charizardite Y
|-weather|SunnyDay|[from] ability: Drought|[of] p2a: Charizard
|move|p1a: Charizard|Protect|p1a: Charizard
|-singleturn|p1a: Charizard|Protect
|move|p2b: Venusaur|Sleep Powder|p1a: Charizard
|-activate|p1a: Charizard|move: Protect
|move|p1b: Venusaur|Sludge Bomb|p2b: Venusaur
|-damage|p2b: Venusaur|40/100
|-damage|p1b: Venusaur|90/100|[from] item: Life Orb
|move|p2a: Charizard|Weather Ball|p1b: Venusaur
|-supereffective|p1b: Venusaur|1
|-damage|p1b: Venusaur|0 fnt
|faint|p1b: Venusaur
|
|-weather|SunnyDay|[upkeep]
|upkeep
|
|t:|1784146682
|switch|p1b: Kingambit|Kingambit, L50, F|100/100
|turn|2
|
|t:|1784146700
|move|p2a: Charizard|Protect|p2a: Charizard
|-singleturn|p2a: Charizard|Protect
|move|p2b: Venusaur|Sleep Powder|p1a: Charizard
|-status|p1a: Charizard|slp|[from] move: Sleep Powder
|cant|p1a: Charizard|slp
|move|p1b: Kingambit|Kowtow Cleave|p2b: Venusaur
|-damage|p2b: Venusaur|0 fnt
|faint|p2b: Venusaur
|
|-weather|SunnyDay|[upkeep]
|upkeep
|
|t:|1784146710
|switch|p2b: Archaludon|Archaludon, L50, M|100/100
|turn|3
|inactive|Boss_Melee has 30 seconds left.
|inactive|Boss_Melee has 20 seconds left.
|inactive|Boss_Melee has 15 seconds left.
|
|t:|1784146752
|move|p1b: Kingambit|Sucker Punch|p2a: Charizard
|-crit|p2a: Charizard
|-damage|p2a: Charizard|8/100
|move|p2a: Charizard|Heat Wave|p1b: Kingambit|[spread] p1a,p1b
|-resisted|p1a: Charizard|1
|-supereffective|p1b: Kingambit|1
|-damage|p1a: Charizard|57/100 slp
|-enditem|p1b: Kingambit|Focus Sash
|-damage|p1b: Kingambit|1/100
|cant|p1a: Charizard|slp
|move|p2b: Archaludon|Dragon Pulse|p1b: Kingambit
|-resisted|p1b: Kingambit|1
|-damage|p1b: Kingambit|0 fnt
|faint|p1b: Kingambit
|
|-weather|SunnyDay|[upkeep]
|upkeep
|
|t:|1784146760
|switch|p1b: Basculegion|Basculegion, L50, M|100/100
|turn|4
|inactive|Boss_Melee has 30 seconds left.
|inactive|jomivgc has 30 seconds left.
|
|t:|1784146792
|detailschange|p1a: Charizard|Charizard-Mega-Y, L50, M
|-mega|p1a: Charizard|Charizard|Charizardite Y
|move|p2a: Charizard|Protect|p2a: Charizard
|-singleturn|p2a: Charizard|Protect
|move|p2b: Archaludon|Protect|p2b: Archaludon
|-singleturn|p2b: Archaludon|Protect
|move|p1b: Basculegion|Last Respects|p2b: Archaludon
|-activate|p2b: Archaludon|move: Protect
|-curestatus|p1a: Charizard|slp|[msg]
|move|p1a: Charizard|Weather Ball|p2b: Archaludon
|-activate|p2b: Archaludon|move: Protect
|
|-weather|SunnyDay|[upkeep]
|upkeep
|turn|5
|inactive|jomivgc has 30 seconds left.
|
|t:|1784146819
|switch|p2a: Pelipper|Pelipper, L50, F|100/100
|-weather|RainDance|[from] ability: Drizzle|[of] p2a: Pelipper
|move|p1b: Basculegion|Last Respects|p2b: Archaludon
|-damage|p2b: Archaludon|29/100
|-ability|p2b: Archaludon|Stamina|boost
|-boost|p2b: Archaludon|def|1
|move|p1a: Charizard|Heat Wave|p2a: Pelipper|[spread] p2a,p2b
|-resisted|p2a: Pelipper|1
|-damage|p2a: Pelipper|85/100
|-damage|p2b: Archaludon|8/100
|-ability|p2b: Archaludon|Stamina|boost
|-boost|p2b: Archaludon|def|1
|move|p2b: Archaludon|Electro Shot||[still]
|-prepare|p2b: Archaludon|Electro Shot
|-boost|p2b: Archaludon|spa|1
|-anim|p2b: Archaludon|Electro Shot|p1b: Basculegion
|-supereffective|p1b: Basculegion|1
|-crit|p1b: Basculegion
|-damage|p1b: Basculegion|0 fnt
|faint|p1b: Basculegion
|
|-weather|RainDance|[upkeep]
|-heal|p2b: Archaludon|14/100|[from] item: Leftovers
|upkeep
|turn|6
|
|t:|1784146841
|move|p1a: Charizard|Heat Wave|p2a: Pelipper|[spread] p2a
|-miss|p1a: Charizard|p2b: Archaludon
|-resisted|p2a: Pelipper|1
|-damage|p2a: Pelipper|70/100
|move|p2a: Pelipper|Weather Ball|p1a: Charizard
|-supereffective|p1a: Charizard|1
|-damage|p1a: Charizard|0 fnt
|faint|p1a: Charizard
|
|win|jomivgc
|raw|Boss_Melee's rating: 1259 → 1228(-31 for losing)
|raw|jomivgc's rating: 1169 → 1200(+31 for winning)
