|j|☆Crying Flurmels
|j|☆jogadorzero
|html|Crying Flurmelsjogadorzero    
|uhtml|bestof|Game 2 of a best-of-3
|t:|1756593600
|gametype|doubles
|player|p1|Crying Flurmels|102|
|player|p2|jogadorzero|brock|
|gen|9
|tier|[Gen 9] VGC 2025 Reg H (Bo3)
|rule|Species Clause: Limit one of each Pokémon
|rule|Item Clause: Limit 1 of each item
|clearpoke
|poke|p1|Murkrow, L50, F|
|poke|p1|Volcarona, L50, F|
|poke|p1|Sneasler, L50, M|
|poke|p1|Kingambit, L50, M|
|poke|p1|Dragonite, L50, F|
|poke|p1|Rillaboom, L50, F|
|poke|p2|Delphox, L50, M|
|poke|p2|Indeedee, L50, M|
|poke|p2|Dragapult, L50, M|
|poke|p2|Sneasler, L50, F|
|poke|p2|Talonflame, L50, M|
|poke|p2|Ninetales-Alola, L50, F|
|teampreview|4
|showteam|p1|Murkrow||Eviolite|Prankster|FoulPlay,Tailwind,Haze,SunnyDay|||F|||50|,,,,,Ghost]Volcarona||CovertCloak|FlameBody|HeatWave,TeraBlast,QuiverDance,Protect|||F|||50|,,,,,Water]Sneasler||GrassySeed|Unburden|DireClaw,CloseCombat,Protect,Coaching|||M|||50|,,,,,Stellar]Kingambit||BlackGlasses|Defiant|KowtowCleave,SuckerPunch,SwordsDance,Protect|||M|||50|,,,,,Dark]Dragonite||ChoiceBand|InnerFocus|Outrage,StompingTantrum,LowKick,ExtremeSpeed|||F|||50|,,,,,Normal]Rillaboom||MiracleSeed|GrassySurge|WoodHammer,GrassyGlide,Uturn,FakeOut|||F|||50|,,,,,Fire
|showteam|p2|Delphox||LifeOrb|Blaze|ExpandingForce,HeatWave,TeraBlast,Protect|||M|||50|,,,,,Fighting]Indeedee||FocusSash|PsychicSurge|ExpandingForce,TrickRoom,Imprison,TeraBlast|||M|||50|,,,,,Fighting]Dragapult||ChoiceBand|ClearBody|DragonDarts,TeraBlast,Uturn,PhantomForce|||M|||50|,,,,,Fairy]Sneasler||PsychicSeed|Unburden|DireClaw,CloseCombat,Protect,ThroatChop|||F|||50|,,,,,Dark]Talonflame||CovertCloak|GaleWings|Tailwind,FlareBlitz,BraveBird,Protect|||M|||50|,,,,,Electric]Ninetales-Alola||LightClay|SnowWarning|FreezeDry,AuroraVeil,Moonblast,Protect|||F|||50|,,,,,Ice
|inactive|Battle timer is ON: inactive players will automatically lose when time's up. (requested by jogadorzero)
|
|t:|1756593615
|teamsize|p1|4
|teamsize|p2|4
|start
|switch|p1a: Dragonite|Dragonite, L50, F|100/100
|switch|p1b: Kingambit|Kingambit, L50, M|100/100
|switch|p2a: Indeedee|Indeedee, L50, M|100/100
|switch|p2b: Sneasler|Sneasler, L50, F|100/100
|-fieldstart|move: Psychic Terrain|[from] ability: Psychic Surge|[of] p2a: Indeedee
|-enditem|p2b: Sneasler|Psychic Seed
|-boost|p2b: Sneasler|spd|1|[from] item: Psychic Seed
|turn|1
|inactive|Crying Flurmels has 30 seconds left.
|inactive|jogadorzero has 30 seconds left.
|
|t:|1756593645
|-terastallize|p2a: Indeedee|Fighting
|move|p1b: Kingambit|Protect|p1b: Kingambit
|-singleturn|p1b: Kingambit|Protect
|move|p2b: Sneasler|Dire Claw|p1a: Dragonite
|-damage|p1a: Dragonite|50/100
|move|p2a: Indeedee|Tera Blast|p1b: Kingambit|[anim] Tera Blast Fighting
|-activate|p1b: Kingambit|move: Protect
|move|p1a: Dragonite|Stomping Tantrum|p2b: Sneasler
|-supereffective|p2b: Sneasler
|-damage|p2b: Sneasler|0 fnt
|faint|p2b: Sneasler
|
|upkeep
|
|t:|1756593655
|switch|p2b: Dragapult|Dragapult, L50, M|100/100
|turn|2
|inactive|Crying Flurmels has 30 seconds left.
|
|t:|1756593682
|switch|p1b: Volcarona|Volcarona, L50, F|100/100
|move|p2b: Dragapult|Dragon Darts|p1a: Dragonite
|-supereffective|p1a: Dragonite
|-damage|p1a: Dragonite|0 fnt
|-anim|p2b: Dragapult|Dragon Darts|p1b: Volcarona
|-damage|p1b: Volcarona|62/100
|faint|p1a: Dragonite
|move|p2a: Indeedee|Tera Blast|p1b: Volcarona|[anim] Tera Blast Fighting
|-resisted|p1b: Volcarona
|-damage|p1b: Volcarona|45/100
|
|upkeep
|
|t:|1756593701
|switch|p1a: Sneasler|Sneasler, L50, M|100/100
|turn|3
|inactive|Crying Flurmels has 30 seconds left.
|
|t:|1756593727
|move|p1a: Sneasler|Protect|p1a: Sneasler
|-singleturn|p1a: Sneasler|Protect
|move|p1b: Volcarona|Protect|p1b: Volcarona
|-singleturn|p1b: Volcarona|Protect
|move|p2b: Dragapult|Dragon Darts|p1b: Volcarona
|-activate|p1a: Sneasler|move: Protect
|move|p2a: Indeedee|Expanding Force|p1b: Volcarona|[spread] 
|-activate|p1a: Sneasler|move: Protect
|-activate|p1b: Volcarona|move: Protect
|
|upkeep
|turn|4
|
|t:|1756593740
|move|p2b: Dragapult|Dragon Darts|p1b: Volcarona
|-damage|p1b: Volcarona|6/100
|-anim|p2b: Dragapult|Dragon Darts|p1a: Sneasler
|-damage|p1a: Sneasler|42/100
|move|p1a: Sneasler|Dire Claw|p2a: Indeedee
|-damage|p2a: Indeedee|18/100
|-status|p2a: Indeedee|par
|move|p1b: Volcarona|Heat Wave|p2a: Indeedee|[spread] p2a,p2b
|-resisted|p2b: Dragapult
|-damage|p2a: Indeedee|0 fnt
|-damage|p2b: Dragapult|75/100
|faint|p2a: Indeedee
|
|upkeep
|
|t:|1756593752
|switch|p2a: Delphox|Delphox, L50, M|100/100
|turn|5
|
|t:|1756593759
|move|p1a: Sneasler|Protect|p1a: Sneasler
|-singleturn|p1a: Sneasler|Protect
|move|p1b: Volcarona|Protect|p1b: Volcarona
|-singleturn|p1b: Volcarona|Protect
|move|p2b: Dragapult|Dragon Darts|p1a: Sneasler
|-activate|p1b: Volcarona|move: Protect
|move|p2a: Delphox|Expanding Force|p1b: Volcarona|[spread] 
|-activate|p1a: Sneasler|move: Protect
|-activate|p1b: Volcarona|move: Protect
|
|-fieldend|move: Psychic Terrain
|upkeep
|turn|6
|inactive|Crying Flurmels has 30 seconds left.
|
|t:|1756593786
|move|p2b: Dragapult|Dragon Darts|p1a: Sneasler
|-damage|p1a: Sneasler|0 fnt
|-anim|p2b: Dragapult|Dragon Darts|p1b: Volcarona
|-damage|p1b: Volcarona|0 fnt
|faint|p1a: Sneasler
|faint|p1b: Volcarona
|move|p2a: Delphox|Expanding Force|p1: Sneasler|[notarget]
|-fail|p2a: Delphox
|
|upkeep
|
|t:|1756593790
|switch|p1b: Kingambit|Kingambit, L50, M|100/100
|turn|7
|
|t:|1756593823
|-terastallize|p1b: Kingambit|Dark
|move|p2a: Delphox|Protect|p2a: Delphox
|-singleturn|p2a: Delphox|Protect
|move|p1b: Kingambit|Sucker Punch|p2b: Dragapult
|-supereffective|p2b: Dragapult
|-damage|p2b: Dragapult|0 fnt
|faint|p2b: Dragapult
|
|upkeep
|turn|8
|c|☆jogadorzero|gg
|
|t:|1756593833
|move|p1b: Kingambit|Sucker Punch|p2a: Delphox
|-supereffective|p2a: Delphox
|-damage|p2a: Delphox|0 fnt
|faint|p2a: Delphox
|
|win|Crying Flurmels
