|j|☆ThetaB
|j|☆JP the president
|html|ThetaBJP the president    
|uhtml|bestof|Game 2 of a best-of-3
|t:|1782585390
|gametype|doubles
|player|p1|ThetaB|palmer|1120
|player|p2|JP the president|steven|1101
|gen|9
|tier|[Gen 9 Champions] VGC 2026 Reg M-B (Bo3)
|rated|
|rule|Species Clause: Limit one of each Pokémon
|rule|Item Clause: Limit 1 of each item
|clearpoke
|poke|p1|Hydreigon, L50, M|
|poke|p1|Garchomp, L50, F|
|poke|p1|Metagross, L50|
|poke|p1|Charizard, L50, F|
|poke|p1|Grimmsnarl, L50, M|
|poke|p1|Toxapex, L50, M|
|poke|p2|Staraptor, L50, M, shiny|
|poke|p2|Toxapex, L50, F, shiny|
|poke|p2|Sneasler, L50, M|
|poke|p2|Charizard, L50, M, shiny|
|poke|p2|Sinistcha-Masterpiece, L50, shiny|
|poke|p2|Garchomp, L50, M|
|teampreview|4
|showteam|p1|Hydreigon||ChoiceScarf|Levitate|HeatWave,DarkPulse,DracoMeteor,Snarl|Modest||M|||50|]Garchomp||SitrusBerry|RoughSkin|Earthquake,RockSlide,DragonClaw,Protect|Adamant||F|||50|]Metagross||Metagrossite|ClearBody|IronHead,HammerArm,BulletPunch,Protect|Adamant|||||50|]Charizard||CharizarditeY|Blaze|Protect,HeatWave,SolarBeam,WeatherBall|Timid||F|||50|]Grimmsnarl||RoseliBerry|Prankster|FakeOut,FoulPlay,Reflect,PartingShot|Sassy||M|||50|]Toxapex||Leftovers|Regenerator|Infestation,Toxic,BanefulBunker,WideGuard|Bold||M|||50|
|showteam|p2|Staraptor||Staraptite|Intimidate|BraveBird,CloseCombat,Protect,BulkUp|Jolly||M|||50|]Toxapex||Leftovers|Regenerator|BanefulBunker,Toxic,Infestation,WideGuard|Bold||F|||50|]Sneasler||MentalHerb|PoisonTouch|CloseCombat,FakeOut,DireClaw,Protect|Hasty||M|||50|]Charizard||CharizarditeY|SolarPower|HeatWave,AncientPower,Protect,SolarBeam|Hasty||M|||50|]Sinistcha-Masterpiece||SitrusBerry|Hospitality|MatchaGotcha,Protect,TrickRoom,RagePowder|Relaxed|||||50|]Garchomp||ChoiceScarf|RoughSkin|Earthquake,IronHead,RockSlide,DragonClaw|Jolly||M|||50|
|
|t:|1782585418
|teamsize|p1|4
|teamsize|p2|4
|start
|switch|p1a: Grimmsnarl|Grimmsnarl, L50, M|100/100
|switch|p1b: Toxapex|Toxapex, L50, M|100/100
|switch|p2a: Toxapex|Toxapex, L50, F, shiny|100/100
|switch|p2b: Sneasler|Sneasler, L50, M|100/100
|turn|1
|
|t:|1782585437
|move|p2b: Sneasler|Fake Out|p1a: Grimmsnarl
|-damage|p1a: Grimmsnarl|87/100
|cant|p1a: Grimmsnarl|flinch
|move|p1b: Toxapex|Infestation|p2a: Toxapex
|-resisted|p2a: Toxapex|1
|-damage|p2a: Toxapex|98/100
|-activate|p2a: Toxapex|move: Infestation|[of] p1b: Toxapex
|move|p2a: Toxapex|Infestation|p1b: Toxapex
|-resisted|p1b: Toxapex|1
|-damage|p1b: Toxapex|98/100
|-activate|p1b: Toxapex|move: Infestation|[of] p2a: Toxapex
|
|-heal|p1b: Toxapex|100/100|[from] item: Leftovers
|-heal|p2a: Toxapex|100/100|[from] item: Leftovers
|-damage|p2a: Toxapex|87/100|[from] move: Infestation|[partiallytrapped]
|-damage|p1b: Toxapex|87/100|[from] move: Infestation|[partiallytrapped]
|upkeep
|turn|2
|
|t:|1782585487
|move|p1a: Grimmsnarl|Parting Shot|p2b: Sneasler
|-unboost|p2b: Sneasler|atk|1
|-unboost|p2b: Sneasler|spa|1
|
|t:|1782585491
|switch|p1a: Metagross|Metagross, L50|100/100|[from] Parting Shot
|move|p2b: Sneasler|Close Combat|p1a: Metagross
|-damage|p1a: Metagross|67/100
|-unboost|p2b: Sneasler|def|1
|-unboost|p2b: Sneasler|spd|1
|move|p2a: Toxapex|Infestation|p1a: Metagross
|-damage|p1a: Metagross|64/100
|-activate|p1a: Metagross|move: Infestation|[of] p2a: Toxapex
|move|p1b: Toxapex|Infestation|p2b: Sneasler
|-resisted|p2b: Sneasler|2
|-damage|p2b: Sneasler|98/100
|-activate|p2b: Sneasler|move: Infestation|[of] p1b: Toxapex
|
|-heal|p2a: Toxapex|93/100|[from] item: Leftovers
|-heal|p1b: Toxapex|93/100|[from] item: Leftovers
|-damage|p2b: Sneasler|86/100|[from] move: Infestation|[partiallytrapped]
|-damage|p1a: Metagross|51/100|[from] move: Infestation|[partiallytrapped]
|-damage|p1b: Toxapex|81/100|[from] move: Infestation|[partiallytrapped]
|-damage|p2a: Toxapex|81/100|[from] move: Infestation|[partiallytrapped]
|upkeep
|turn|3
|
|t:|1782585529
|detailschange|p1a: Metagross|Metagross-Mega, L50
|-mega|p1a: Metagross|Metagross|Metagrossite
|move|p1a: Metagross|Bullet Punch|p2b: Sneasler
|-damage|p2b: Sneasler|0 fnt
|faint|p2b: Sneasler
|move|p2a: Toxapex|Infestation|p1b: Toxapex
|-resisted|p1b: Toxapex|1
|-damage|p1b: Toxapex|80/100
|move|p1b: Toxapex|Infestation|p2a: Toxapex
|-resisted|p2a: Toxapex|1
|-damage|p2a: Toxapex|79/100
|
|-heal|p1b: Toxapex|85/100|[from] item: Leftovers
|-heal|p2a: Toxapex|85/100|[from] item: Leftovers
|-damage|p1a: Metagross|39/100|[from] move: Infestation|[partiallytrapped]
|-damage|p1b: Toxapex|73/100|[from] move: Infestation|[partiallytrapped]
|-damage|p2a: Toxapex|73/100|[from] move: Infestation|[partiallytrapped]
|upkeep
|
|t:|1782585556
|switch|p2b: Garchomp|Garchomp, L50, M|100/100
|turn|4
|
|t:|1782585570
|move|p2a: Toxapex|Baneful Bunker|p2a: Toxapex
|-singleturn|p2a: Toxapex|move: Protect
|move|p1b: Toxapex|Wide Guard|p1b: Toxapex
|-singleturn|p1b: Toxapex|Wide Guard
|move|p2b: Garchomp|Earthquake|p1b: Toxapex|[spread] 
|-activate|p1a: Metagross|move: Wide Guard
|-activate|p1b: Toxapex|move: Wide Guard
|-activate|p2a: Toxapex|move: Protect
|move|p1a: Metagross|Iron Head|p2b: Garchomp
|-damage|p2b: Garchomp|39/100
|-damage|p1a: Metagross|27/100|[from] ability: Rough Skin|[of] p2b: Garchomp
|
|-heal|p2a: Toxapex|79/100|[from] item: Leftovers
|-heal|p1b: Toxapex|79/100|[from] item: Leftovers
|-damage|p1a: Metagross|14/100|[from] move: Infestation|[partiallytrapped]
|-damage|p1b: Toxapex|67/100|[from] move: Infestation|[partiallytrapped]
|-damage|p2a: Toxapex|66/100|[from] move: Infestation|[partiallytrapped]
|upkeep
|turn|5
|
|t:|1782585600
|switch|p2b: Sinistcha|Sinistcha-Masterpiece, L50, shiny|100/100
|-heal|p2a: Toxapex|91/100|[from] ability: Hospitality|[of] p2b: Sinistcha
|move|p1b: Toxapex|Wide Guard|p1b: Toxapex
|-singleturn|p1b: Toxapex|Wide Guard
|move|p1a: Metagross|Iron Head|p2b: Sinistcha
|-damage|p2b: Sinistcha|47/100
|-enditem|p2b: Sinistcha|Sitrus Berry|[eat]
|-heal|p2b: Sinistcha|72/100|[from] item: Sitrus Berry
|move|p2a: Toxapex|Infestation|p1a: Metagross
|-damage|p1a: Metagross|11/100
|
|-heal|p1b: Toxapex|73/100|[from] item: Leftovers
|-heal|p2a: Toxapex|97/100|[from] item: Leftovers
|-damage|p1a: Metagross|0 fnt|[from] move: Infestation|[partiallytrapped]
|faint|p1a: Metagross
|-damage|p1b: Toxapex|61/100|[from] move: Infestation|[partiallytrapped]
|-end|p2a: Toxapex|Infestation|[partiallytrapped]
|upkeep
|
|t:|1782585608
|switch|p1a: Grimmsnarl|Grimmsnarl, L50, M|87/100
|turn|6
|
|t:|1782585645
|move|p1a: Grimmsnarl|Reflect|p1a: Grimmsnarl
|-sidestart|p1: ThetaB|Reflect
|move|p2b: Sinistcha|Matcha Gotcha|p1b: Toxapex|[spread] p1a,p1b
|-damage|p1a: Grimmsnarl|64/100
|-heal|p2b: Sinistcha|86/100|[from] drain|[of] p1a: Grimmsnarl
|-damage|p1b: Toxapex|41/100
|-heal|p2b: Sinistcha|96/100|[from] drain|[of] p1b: Toxapex
|move|p1b: Toxapex|Toxic|p2b: Sinistcha
|-status|p2b: Sinistcha|tox
|move|p2a: Toxapex|Infestation|p1b: Toxapex
|-resisted|p1b: Toxapex|1
|-damage|p1b: Toxapex|40/100
|
|-heal|p2a: Toxapex|100/100|[from] item: Leftovers
|-heal|p1b: Toxapex|45/100|[from] item: Leftovers
|-damage|p2b: Sinistcha|90/100 tox|[from] psn
|-end|p1b: Toxapex|Infestation|[partiallytrapped]
|upkeep
|turn|7
|
|t:|1782585686
|-heal|p1b: Toxapex|78/100|[from] ability: Regenerator|[silent]
|switch|p1b: Hydreigon|Hydreigon, L50, M|100/100
|move|p2b: Sinistcha|Rage Powder|p2b: Sinistcha
|-singleturn|p2b: Sinistcha|move: Rage Powder
|move|p1a: Grimmsnarl|Foul Play|p2b: Sinistcha
|-supereffective|p2b: Sinistcha|1
|-damage|p2b: Sinistcha|57/100 tox
|move|p2a: Toxapex|Infestation|p1a: Grimmsnarl
|-damage|p1a: Grimmsnarl|61/100
|-activate|p1a: Grimmsnarl|move: Infestation|[of] p2a: Toxapex
|
|-damage|p2b: Sinistcha|44/100 tox|[from] psn
|-damage|p1a: Grimmsnarl|49/100|[from] move: Infestation|[partiallytrapped]
|upkeep
|turn|8
|
|t:|1782585719
|move|p2b: Sinistcha|Protect|p2b: Sinistcha
|-singleturn|p2b: Sinistcha|Protect
|move|p1b: Hydreigon|Dark Pulse|p2a: Toxapex
|-damage|p2a: Toxapex|64/100
|move|p1a: Grimmsnarl|Foul Play|p2b: Sinistcha
|-activate|p2b: Sinistcha|move: Protect
|cant|p2a: Toxapex|flinch
|
|-heal|p2a: Toxapex|70/100|[from] item: Leftovers
|-damage|p2b: Sinistcha|26/100 tox|[from] psn
|-damage|p1a: Grimmsnarl|36/100|[from] move: Infestation|[partiallytrapped]
|upkeep
|turn|9
|
|t:|1782585740
|switch|p2b: Garchomp|Garchomp, L50, M|39/100
|move|p1a: Grimmsnarl|Parting Shot|p2a: Toxapex
|-unboost|p2a: Toxapex|atk|1
|-unboost|p2a: Toxapex|spa|1
|
|t:|1782585743
|switch|p1a: Toxapex|Toxapex, L50, M|78/100|[from] Parting Shot
|move|p1b: Hydreigon|Dark Pulse|p2b: Garchomp
|-damage|p2b: Garchomp|0 fnt
|faint|p2b: Garchomp
|move|p2a: Toxapex|Toxic|p1b: Hydreigon
|-status|p1b: Hydreigon|tox
|
|-heal|p2a: Toxapex|76/100|[from] item: Leftovers
|-heal|p1a: Toxapex|84/100|[from] item: Leftovers
|-damage|p1b: Hydreigon|94/100 tox|[from] psn
|upkeep
|
|t:|1782585759
|switch|p2b: Sinistcha|Sinistcha-Masterpiece, L50, shiny|26/100 tox
|-heal|p2a: Toxapex|100/100|[from] ability: Hospitality|[of] p2b: Sinistcha
|turn|10
|
|t:|1782585770
|-heal|p1a: Toxapex|100/100|[from] ability: Regenerator|[silent]
|switch|p1a: Grimmsnarl|Grimmsnarl, L50, M|36/100
|move|p2b: Sinistcha|Protect|p2b: Sinistcha
|-singleturn|p2b: Sinistcha|Protect
|move|p1b: Hydreigon|Dark Pulse|p2b: Sinistcha
|-activate|p2b: Sinistcha|move: Protect
|move|p2a: Toxapex|Infestation|p1b: Hydreigon
|-supereffective|p1b: Hydreigon|1
|-damage|p1b: Hydreigon|89/100 tox
|-activate|p1b: Hydreigon|move: Infestation|[of] p2a: Toxapex
|
|-damage|p1b: Hydreigon|78/100 tox|[from] psn
|-damage|p2b: Sinistcha|20/100y tox|[from] psn
|-damage|p1b: Hydreigon|66/100 tox|[from] move: Infestation|[partiallytrapped]
|-sideend|p1: ThetaB|Reflect
|upkeep
|turn|11
|
|t:|1782585798
|move|p2b: Sinistcha|Rage Powder|p2b: Sinistcha
|-singleturn|p2b: Sinistcha|move: Rage Powder
|move|p1b: Hydreigon|Dark Pulse|p2b: Sinistcha
|-supereffective|p2b: Sinistcha|1
|-damage|p2b: Sinistcha|0 fnt
|faint|p2b: Sinistcha
|move|p1a: Grimmsnarl|Foul Play|p2a: Toxapex
|-damage|p2a: Toxapex|89/100
|move|p2a: Toxapex|Infestation|p1a: Grimmsnarl
|-damage|p1a: Grimmsnarl|34/100
|-activate|p1a: Grimmsnarl|move: Infestation|[of] p2a: Toxapex
|
|-heal|p2a: Toxapex|94/100|[from] item: Leftovers
|-damage|p1b: Hydreigon|49/100 tox|[from] psn
|-damage|p1b: Hydreigon|37/100 tox|[from] move: Infestation|[partiallytrapped]
|-damage|p1a: Grimmsnarl|22/100|[from] move: Infestation|[partiallytrapped]
|upkeep
|turn|12
|
|t:|1782585817
|move|p2a: Toxapex|Baneful Bunker|p2a: Toxapex
|-singleturn|p2a: Toxapex|move: Protect
|move|p1a: Grimmsnarl|Parting Shot|p2a: Toxapex
|-activate|p2a: Toxapex|move: Protect
|move|p1b: Hydreigon|Dark Pulse|p2a: Toxapex
|-activate|p2a: Toxapex|move: Protect
|
|-heal|p2a: Toxapex|100/100|[from] item: Leftovers
|-damage|p1b: Hydreigon|14/100 tox|[from] psn
|-damage|p1b: Hydreigon|2/100 tox|[from] move: Infestation|[partiallytrapped]
|-damage|p1a: Grimmsnarl|9/100|[from] move: Infestation|[partiallytrapped]
|upkeep
|turn|13
|
|t:|1782585832
|move|p2a: Toxapex|Baneful Bunker|p2a: Toxapex
|-singleturn|p2a: Toxapex|move: Protect
|move|p1a: Grimmsnarl|Parting Shot|p2a: Toxapex
|-activate|p2a: Toxapex|move: Protect
|move|p1b: Hydreigon|Dark Pulse|p2a: Toxapex
|-activate|p2a: Toxapex|move: Protect
|
|-damage|p1b: Hydreigon|0 fnt|[from] psn
|faint|p1b: Hydreigon
|-damage|p1a: Grimmsnarl|0 fnt|[from] move: Infestation|[partiallytrapped]
|faint|p1a: Grimmsnarl
|upkeep
|
|t:|1782585836
|switch|p1b: Toxapex|Toxapex, L50, M|100/100
|turn|14
|
|t:|1782585852
|move|p2a: Toxapex|Infestation|p1b: Toxapex
|-resisted|p1b: Toxapex|1
|-damage|p1b: Toxapex|99/100
|-activate|p1b: Toxapex|move: Infestation|[of] p2a: Toxapex
|move|p1b: Toxapex|Infestation|p2a: Toxapex
|-resisted|p2a: Toxapex|1
|-damage|p2a: Toxapex|98/100
|-activate|p2a: Toxapex|move: Infestation|[of] p1b: Toxapex
|
|-heal|p2a: Toxapex|100/100|[from] item: Leftovers
|-heal|p1b: Toxapex|100/100|[from] item: Leftovers
|-damage|p2a: Toxapex|87/100|[from] move: Infestation|[partiallytrapped]
|-damage|p1b: Toxapex|87/100|[from] move: Infestation|[partiallytrapped]
|upkeep
|turn|15
|
|t:|1782585871
|move|p1b: Toxapex|Infestation|p2a: Toxapex
|-resisted|p2a: Toxapex|1
|-damage|p2a: Toxapex|86/100
|move|p2a: Toxapex|Infestation|p1b: Toxapex
|-resisted|p1b: Toxapex|1
|-damage|p1b: Toxapex|87/100
|
|-heal|p1b: Toxapex|92/100|[from] item: Leftovers
|-heal|p2a: Toxapex|92/100|[from] item: Leftovers
|-damage|p1b: Toxapex|80/100|[from] move: Infestation|[partiallytrapped]
|-damage|p2a: Toxapex|79/100|[from] move: Infestation|[partiallytrapped]
|upkeep
|turn|16
|
|t:|1782585884
|move|p2a: Toxapex|Infestation|p1b: Toxapex
|-resisted|p1b: Toxapex|1
|-damage|p1b: Toxapex|80/100
|move|p1b: Toxapex|Infestation|p2a: Toxapex
|-resisted|p2a: Toxapex|1
|-damage|p2a: Toxapex|78/100
|
|-heal|p2a: Toxapex|84/100|[from] item: Leftovers
|-heal|p1b: Toxapex|85/100|[from] item: Leftovers
|-damage|p2a: Toxapex|71/100|[from] move: Infestation|[partiallytrapped]
|-damage|p1b: Toxapex|73/100|[from] move: Infestation|[partiallytrapped]
|upkeep
|turn|17
|
|t:|1782585897
|move|p2a: Toxapex|Infestation|p1b: Toxapex
|-resisted|p1b: Toxapex|1
|-damage|p1b: Toxapex|73/100
|move|p1b: Toxapex|Infestation|p2a: Toxapex
|-resisted|p2a: Toxapex|1
|-damage|p2a: Toxapex|70/100
|
|-heal|p2a: Toxapex|76/100|[from] item: Leftovers
|-heal|p1b: Toxapex|78/100|[from] item: Leftovers
|-damage|p2a: Toxapex|64/100|[from] move: Infestation|[partiallytrapped]
|-damage|p1b: Toxapex|66/100|[from] move: Infestation|[partiallytrapped]
|upkeep
|turn|18
|
|t:|1782585909
|move|p1b: Toxapex|Infestation|p2a: Toxapex
|-resisted|p2a: Toxapex|1
|-damage|p2a: Toxapex|62/100
|move|p2a: Toxapex|Infestation|p1b: Toxapex
|-resisted|p1b: Toxapex|1
|-damage|p1b: Toxapex|66/100
|
|-heal|p1b: Toxapex|71/100|[from] item: Leftovers
|-heal|p2a: Toxapex|68/100|[from] item: Leftovers
|-end|p2a: Toxapex|Infestation|[partiallytrapped]
|-end|p1b: Toxapex|Infestation|[partiallytrapped]
|upkeep
|turn|19
|
|t:|1782585922
|move|p2a: Toxapex|Baneful Bunker|p2a: Toxapex
|-singleturn|p2a: Toxapex|move: Protect
|move|p1b: Toxapex|Baneful Bunker||[still]
|-fail|p1b: Toxapex
|
|-heal|p2a: Toxapex|74/100|[from] item: Leftovers
|-heal|p1b: Toxapex|77/100|[from] item: Leftovers
|upkeep
|turn|20
|
|t:|1782585933
|move|p2a: Toxapex|Infestation|p1b: Toxapex
|-resisted|p1b: Toxapex|1
|-damage|p1b: Toxapex|77/100
|-activate|p1b: Toxapex|move: Infestation|[of] p2a: Toxapex
|move|p1b: Toxapex|Infestation|p2a: Toxapex
|-resisted|p2a: Toxapex|1
|-damage|p2a: Toxapex|72/100
|-activate|p2a: Toxapex|move: Infestation|[of] p1b: Toxapex
|
|-heal|p2a: Toxapex|78/100|[from] item: Leftovers
|-heal|p1b: Toxapex|82/100|[from] item: Leftovers
|-damage|p1b: Toxapex|70/100|[from] move: Infestation|[partiallytrapped]
|-damage|p2a: Toxapex|66/100|[from] move: Infestation|[partiallytrapped]
|upkeep
|turn|21
|
|t:|1782585950
|move|p2a: Toxapex|Baneful Bunker|p2a: Toxapex
|-singleturn|p2a: Toxapex|move: Protect
|move|p1b: Toxapex|Baneful Bunker||[still]
|-fail|p1b: Toxapex
|
|-heal|p2a: Toxapex|71/100|[from] item: Leftovers
|-heal|p1b: Toxapex|76/100|[from] item: Leftovers
|-damage|p2a: Toxapex|59/100|[from] move: Infestation|[partiallytrapped]
|-damage|p1b: Toxapex|64/100|[from] move: Infestation|[partiallytrapped]
|upkeep
|turn|22
|
|t:|1782585973
|move|p2a: Toxapex|Toxic|p1b: Toxapex
|-immune|p1b: Toxapex
|move|p1b: Toxapex|Infestation|p2a: Toxapex
|-resisted|p2a: Toxapex|1
|-damage|p2a: Toxapex|58/100
|
|-heal|p1b: Toxapex|70/100|[from] item: Leftovers
|-heal|p2a: Toxapex|64/100|[from] item: Leftovers
|-damage|p2a: Toxapex|51/100|[from] move: Infestation|[partiallytrapped]
|-damage|p1b: Toxapex|57/100|[from] move: Infestation|[partiallytrapped]
|upkeep
|turn|23
|inactive|Battle timer is ON: inactive players will automatically lose when time's up. (requested by JP the president)
|
|t:|1782585984
|move|p2a: Toxapex|Baneful Bunker|p2a: Toxapex
|-singleturn|p2a: Toxapex|move: Protect
|move|p1b: Toxapex|Toxic|p2a: Toxapex
|-activate|p2a: Toxapex|move: Protect
|
|-heal|p1b: Toxapex|63/100|[from] item: Leftovers
|-heal|p2a: Toxapex|57/100|[from] item: Leftovers
|-damage|p1b: Toxapex|51/100|[from] move: Infestation|[partiallytrapped]
|-damage|p2a: Toxapex|45/100|[from] move: Infestation|[partiallytrapped]
|upkeep
|turn|24
|
|t:|1782586000
|move|p1b: Toxapex|Baneful Bunker|p1b: Toxapex
|-singleturn|p1b: Toxapex|move: Protect
|move|p2a: Toxapex|Infestation|p1b: Toxapex
|-activate|p1b: Toxapex|move: Protect
|
|-heal|p2a: Toxapex|51/100|[from] item: Leftovers
|-heal|p1b: Toxapex|57/100|[from] item: Leftovers
|-end|p1b: Toxapex|Infestation|[partiallytrapped]
|-damage|p2a: Toxapex|38/100|[from] move: Infestation|[partiallytrapped]
|upkeep
|turn|25
|
|t:|1782586025
|move|p1b: Toxapex|Toxic|p2a: Toxapex
|-immune|p2a: Toxapex
|move|p2a: Toxapex|Infestation|p1b: Toxapex
|-resisted|p1b: Toxapex|1
|-damage|p1b: Toxapex|56/100
|-activate|p1b: Toxapex|move: Infestation|[of] p2a: Toxapex
|
|-heal|p1b: Toxapex|62/100|[from] item: Leftovers
|-heal|p2a: Toxapex|44/100|[from] item: Leftovers
|-damage|p1b: Toxapex|50/100g|[from] move: Infestation|[partiallytrapped]
|-end|p2a: Toxapex|Infestation|[partiallytrapped]
|upkeep
|turn|26
|inactiveoff|Battle timer is now OFF.
|
|t:|1782586046
|move|p2a: Toxapex|Baneful Bunker|p2a: Toxapex
|-singleturn|p2a: Toxapex|move: Protect
|move|p1b: Toxapex|Infestation|p2a: Toxapex
|-activate|p2a: Toxapex|move: Protect
|
|-heal|p2a: Toxapex|50/100g|[from] item: Leftovers
|-heal|p1b: Toxapex|56/100|[from] item: Leftovers
|-damage|p1b: Toxapex|43/100|[from] move: Infestation|[partiallytrapped]
|upkeep
|turn|27
|
|t:|1782586069
|move|p1b: Toxapex|Infestation|p2a: Toxapex
|-resisted|p2a: Toxapex|1
|-damage|p2a: Toxapex|48/100
|-activate|p2a: Toxapex|move: Infestation|[of] p1b: Toxapex
|move|p2a: Toxapex|Infestation|p1b: Toxapex
|-resisted|p1b: Toxapex|1
|-damage|p1b: Toxapex|43/100
|
|-heal|p1b: Toxapex|49/100|[from] item: Leftovers
|-heal|p2a: Toxapex|54/100|[from] item: Leftovers
|-damage|p1b: Toxapex|36/100|[from] move: Infestation|[partiallytrapped]
|-damage|p2a: Toxapex|42/100|[from] move: Infestation|[partiallytrapped]
|upkeep
|turn|28
|
|t:|1782586083
|move|p2a: Toxapex|Toxic|p1b: Toxapex
|-immune|p1b: Toxapex
|move|p1b: Toxapex|Toxic|p2a: Toxapex
|-immune|p2a: Toxapex
|
|-heal|p1b: Toxapex|42/100|[from] item: Leftovers
|-heal|p2a: Toxapex|48/100|[from] item: Leftovers
|-damage|p1b: Toxapex|30/100|[from] move: Infestation|[partiallytrapped]
|-damage|p2a: Toxapex|35/100|[from] move: Infestation|[partiallytrapped]
|upkeep
|turn|29
|
|t:|1782586097
|move|p2a: Toxapex|Toxic|p1b: Toxapex
|-immune|p1b: Toxapex
|move|p1b: Toxapex|Toxic|p2a: Toxapex
|-immune|p2a: Toxapex
|
|-heal|p2a: Toxapex|41/100|[from] item: Leftovers
|-heal|p1b: Toxapex|36/100|[from] item: Leftovers
|-damage|p2a: Toxapex|29/100|[from] move: Infestation|[partiallytrapped]
|-end|p1b: Toxapex|Infestation|[partiallytrapped]
|upkeep
|turn|30
|
|t:|1782586113
|move|p1b: Toxapex|Baneful Bunker|p1b: Toxapex
|-singleturn|p1b: Toxapex|move: Protect
|move|p2a: Toxapex|Infestation|p1b: Toxapex
|-activate|p1b: Toxapex|move: Protect
|
|-heal|p2a: Toxapex|35/100|[from] item: Leftovers
|-heal|p1b: Toxapex|42/100|[from] item: Leftovers
|-damage|p2a: Toxapex|23/100|[from] move: Infestation|[partiallytrapped]
|upkeep
|turn|31
|
|t:|1782586133
|move|p1b: Toxapex|Baneful Bunker|p1b: Toxapex
|-singleturn|p1b: Toxapex|move: Protect
|move|p2a: Toxapex|Infestation|p1b: Toxapex
|-activate|p1b: Toxapex|move: Protect
|
|-heal|p1b: Toxapex|47/100|[from] item: Leftovers
|-heal|p2a: Toxapex|28/100|[from] item: Leftovers
|-end|p2a: Toxapex|Infestation|[partiallytrapped]
|upkeep
|turn|32
|
|t:|1782586153
|move|p2a: Toxapex|Infestation|p1b: Toxapex
|-resisted|p1b: Toxapex|1
|-damage|p1b: Toxapex|47/100
|-activate|p1b: Toxapex|move: Infestation|[of] p2a: Toxapex
|move|p1b: Toxapex|Infestation|p2a: Toxapex
|-resisted|p2a: Toxapex|1
|-damage|p2a: Toxapex|27/100
|-activate|p2a: Toxapex|move: Infestation|[of] p1b: Toxapex
|
|-heal|p2a: Toxapex|33/100|[from] item: Leftovers
|-heal|p1b: Toxapex|52/100|[from] item: Leftovers
|-damage|p2a: Toxapex|20/100y|[from] move: Infestation|[partiallytrapped]
|-damage|p1b: Toxapex|40/100|[from] move: Infestation|[partiallytrapped]
|upkeep
|turn|33
|
|t:|1782586177
|move|p2a: Toxapex|Wide Guard|p2a: Toxapex
|-singleturn|p2a: Toxapex|Wide Guard
|move|p1b: Toxapex|Toxic|p2a: Toxapex
|-immune|p2a: Toxapex
|
|-heal|p1b: Toxapex|46/100|[from] item: Leftovers
|-heal|p2a: Toxapex|26/100|[from] item: Leftovers
|-damage|p1b: Toxapex|34/100|[from] move: Infestation|[partiallytrapped]
|-damage|p2a: Toxapex|14/100|[from] move: Infestation|[partiallytrapped]
|upkeep
|turn|34
|
|t:|1782586190
|move|p2a: Toxapex|Toxic|p1b: Toxapex
|-immune|p1b: Toxapex
|move|p1b: Toxapex|Toxic|p2a: Toxapex
|-immune|p2a: Toxapex
|
|-heal|p1b: Toxapex|40/100|[from] item: Leftovers
|-heal|p2a: Toxapex|20/100y|[from] item: Leftovers
|-damage|p1b: Toxapex|28/100|[from] move: Infestation|[partiallytrapped]
|-damage|p2a: Toxapex|7/100|[from] move: Infestation|[partiallytrapped]
|upkeep
|turn|35
|
|t:|1782586205
|move|p2a: Toxapex|Wide Guard|p2a: Toxapex
|-singleturn|p2a: Toxapex|Wide Guard
|move|p1b: Toxapex|Toxic|p2a: Toxapex
|-immune|p2a: Toxapex
|
|-heal|p1b: Toxapex|33/100|[from] item: Leftovers
|-heal|p2a: Toxapex|13/100|[from] item: Leftovers
|-damage|p2a: Toxapex|1/100|[from] move: Infestation|[partiallytrapped]
|-damage|p1b: Toxapex|21/100|[from] move: Infestation|[partiallytrapped]
|upkeep
|turn|36
|
|t:|1782586219
|move|p2a: Toxapex|Baneful Bunker|p2a: Toxapex
|-singleturn|p2a: Toxapex|move: Protect
|move|p1b: Toxapex|Toxic|p2a: Toxapex
|-activate|p2a: Toxapex|move: Protect
|
|-heal|p2a: Toxapex|7/100|[from] item: Leftovers
|-heal|p1b: Toxapex|27/100|[from] item: Leftovers
|-damage|p1b: Toxapex|15/100|[from] move: Infestation|[partiallytrapped]
|-damage|p2a: Toxapex|0 fnt|[from] move: Infestation|[partiallytrapped]
|faint|p2a: Toxapex
|
|win|ThetaB
|raw|ThetaB's rating: 1120 → 1144(+24 for winning)
|raw|JP the president's rating: 1101 → 1077(-24 for losing)
