|j|☆2cmdemaximopoder
|j|☆Nogueda
|html|2cmdemaximopoderNogueda    
|uhtml|bestof|Game 2 of a best-of-3
|t:|1783583807
|gametype|doubles
|player|p1|2cmdemaximopoder|265|1073
|player|p2|Nogueda|102|1146
|gen|9
|tier|[Gen 9 Champions] VGC 2026 Reg M-B (Bo3)
|rated|
|rule|Species Clause: Limit one of each Pokémon
|rule|Item Clause: Limit 1 of each item
|clearpoke
|poke|p1|Blastoise, L50, M|
|poke|p1|Delphox, L50, M|
|poke|p1|Incineroar, L50, M|
|poke|p1|Sneasler, L50, F|
|poke|p1|Sinistcha, L50|
|poke|p1|Maushold-Four, L50|
|poke|p2|Rotom-Heat, L50|
|poke|p2|Sceptile, L50, F|
|poke|p2|Garchomp, L50, M|
|poke|p2|Gholdengo, L50|
|poke|p2|Basculegion, L50, M|
|poke|p2|Aerodactyl, L50, F|
|teampreview|4
|showteam|p1|Blastoise||Blastoisinite|RainDish|WaterSpout,DarkPulse,ShellSmash,Protect|Modest||M|||50|]Delphox||Delphoxite|Blaze|HeatWave,Psyshock,NastyPlot,Protect|Timid||M|||50|]Incineroar||SitrusBerry|Intimidate|FakeOut,FlareBlitz,ThroatChop,PartingShot|Impish||M|||50|]Sneasler||FocusSash|PoisonTouch|FakeOut,CloseCombat,DireClaw,QuickGuard|Jolly||F|||50|]Sinistcha||KasibBerry|Hospitality|MatchaGotcha,LifeDew,RagePowder,Protect|Bold|||||50|]Maushold-Four||ChopleBerry|FriendGuard|SuperFang,Feint,FollowMe,Protect|Impish|||||50|
|showteam|p2|Rotom-Heat||ChoiceScarf|Levitate|Discharge,Overheat,VoltSwitch,HyperVoice|Timid|||||50|]Sceptile||Sceptilite|Overgrow|EnergyBall,DragonPulse,EarthPower,Detect|Timid||F|||50|]Garchomp||LifeOrb|RoughSkin|PoisonJab,RockSlide,Protect,Earthquake|Jolly||M|||50|]Gholdengo||MetalCoat|GoodasGold|MakeItRain,ShadowBall,Protect,NastyPlot|Timid|||||50|]Basculegion||MysticWater|Adaptability|LastRespects,AquaJet,WaveCrash,Protect|Adamant||M|||50|]Aerodactyl||Aerodactylite|RockHead|RockSlide,WideGuard,DualWingbeat,Tailwind|Jolly||F|||50|
|
|t:|1783583822
|teamsize|p1|4
|teamsize|p2|4
|start
|switch|p1a: Incineroar|Incineroar, L50, M|100/100
|switch|p1b: Sneasler|Sneasler, L50, F|100/100
|switch|p2a: Sceptile|Sceptile, L50, F|100/100
|switch|p2b: Rotom|Rotom-Heat, L50|100/100
|-ability|p1a: Incineroar|Intimidate|boost
|-unboost|p2a: Sceptile|atk|1
|-unboost|p2b: Rotom|atk|1
|turn|1
|j| Weather3878
|
|t:|1783583842
|detailschange|p2a: Sceptile|Sceptile-Mega, L50, F
|-mega|p2a: Sceptile|Sceptile|Sceptilite
|move|p1a: Incineroar|Fake Out|p2b: Rotom
|-damage|p2b: Rotom|86/100
|cant|p2b: Rotom|flinch
|move|p2a: Sceptile|Earth Power|p1a: Incineroar
|-supereffective|p1a: Incineroar|1
|-damage|p1a: Incineroar|41/100
|-enditem|p1a: Incineroar|Sitrus Berry|[eat]
|-heal|p1a: Incineroar|66/100|[from] item: Sitrus Berry
|move|p1b: Sneasler|Dire Claw|p2a: Sceptile
|-supereffective|p2a: Sceptile|1
|-damage|p2a: Sceptile|0 fnt
|faint|p2a: Sceptile
|
|upkeep
|
|t:|1783583861
|switch|p2a: Aerodactyl|Aerodactyl, L50, F|100/100
|turn|2
|
|t:|1783583872
|switch|p1b: Sinistcha|Sinistcha, L50|100/100
|-heal|p1a: Incineroar|91/100|[from] ability: Hospitality|[of] p1b: Sinistcha
|move|p2b: Rotom|Volt Switch|p1a: Incineroar
|-damage|p1a: Incineroar|60/100
|
|t:|1783583880
|switch|p2b: Basculegion|Basculegion, L50, M|100/100|[from] Volt Switch
|move|p2a: Aerodactyl|Dual Wingbeat|p1b: Sinistcha
|-supereffective|p1b: Sinistcha|1
|-damage|p1b: Sinistcha|68/100
|-supereffective|p1b: Sinistcha|1
|-damage|p1b: Sinistcha|38/100
|-hitcount|p1b: Sinistcha|2
|move|p1a: Incineroar|Parting Shot|p2b: Basculegion
|-unboost|p2b: Basculegion|atk|1
|-unboost|p2b: Basculegion|spa|1
|
|t:|1783583891
|switch|p1a: Sneasler|Sneasler, L50, F|100/100|[from] Parting Shot
|
|upkeep
|turn|3
|inactive|Battle timer is ON: inactive players will automatically lose when time's up. (requested by 2cmdemaximopoder)
|
|t:|1783583900
|switch|p2a: Rotom|Rotom-Heat, L50|86/100
|move|p1a: Sneasler|Fake Out|p2a: Rotom
|-damage|p2a: Rotom|66/100
|move|p2b: Basculegion|Last Respects|p1b: Sinistcha
|-supereffective|p1b: Sinistcha|1
|-enditem|p1b: Sinistcha|Kasib Berry|[eat]
|-enditem|p1b: Sinistcha|Kasib Berry|[weaken]
|-damage|p1b: Sinistcha|0 fnt
|faint|p1b: Sinistcha
|
|upkeep
|
|t:|1783583913
|switch|p1b: Incineroar|Incineroar, L50, M|60/100
|-ability|p1b: Incineroar|Intimidate|boost
|-unboost|p2a: Rotom|atk|1
|-unboost|p2b: Basculegion|atk|1
|turn|4
|
|t:|1783583930
|switch|p2b: Aerodactyl|Aerodactyl, L50, F|100/100
|move|p2a: Rotom|Volt Switch|p1a: Sneasler
|-damage|p1a: Sneasler|52/100
|
|t:|1783583936
|switch|p2a: Basculegion|Basculegion, L50, M|100/100|[from] Volt Switch
|move|p1a: Sneasler|Close Combat|p2a: Basculegion
|-immune|p2a: Basculegion
|move|p1b: Incineroar|Throat Chop|p2b: Aerodactyl
|-damage|p2b: Aerodactyl|51/100
|-start|p2b: Aerodactyl|Throat Chop|[silent]
|
|upkeep
|turn|5
|
|t:|1783583953
|switch|p1b: Blastoise|Blastoise, L50, M|100/100
|move|p2b: Aerodactyl|Dual Wingbeat|p1a: Sneasler
|-supereffective|p1a: Sneasler|1
|-damage|p1a: Sneasler|0 fnt
|faint|p1a: Sneasler
|-hitcount|p1: Sneasler|1
|move|p2a: Basculegion|Wave Crash|p1b: Blastoise
|-resisted|p1b: Blastoise|1
|-crit|p1b: Blastoise
|-damage|p1b: Blastoise|16/100
|-damage|p2a: Basculegion|77/100|[from] Recoil
|
|-end|p2b: Aerodactyl|Throat Chop|[silent]
|upkeep
|
|t:|1783583957
|switch|p1a: Incineroar|Incineroar, L50, M|60/100
|-ability|p1a: Incineroar|Intimidate|boost
|-unboost|p2a: Basculegion|atk|1
|-unboost|p2b: Aerodactyl|atk|1
|turn|6
|
|t:|1783583973
|detailschange|p1b: Blastoise|Blastoise-Mega, L50, M
|-mega|p1b: Blastoise|Blastoise|Blastoisinite
|move|p1a: Incineroar|Fake Out|p2b: Aerodactyl
|-resisted|p2b: Aerodactyl|1
|-damage|p2b: Aerodactyl|43/100
|move|p2a: Basculegion|Aqua Jet|p1b: Blastoise
|-resisted|p1b: Blastoise|1
|-damage|p1b: Blastoise|3/100
|cant|p2b: Aerodactyl|flinch
|move|p1b: Blastoise|Shell Smash|p1b: Blastoise
|-unboost|p1b: Blastoise|def|1
|-unboost|p1b: Blastoise|spd|1
|-boost|p1b: Blastoise|atk|2
|-boost|p1b: Blastoise|spa|2
|-boost|p1b: Blastoise|spe|2
|
|upkeep
|turn|7
|
|t:|1783583991
|move|p1b: Blastoise|Protect|p1b: Blastoise
|-singleturn|p1b: Blastoise|Protect
|move|p2a: Basculegion|Aqua Jet|p1b: Blastoise
|-activate|p1b: Blastoise|move: Protect
|move|p2b: Aerodactyl|Rock Slide|p1b: Blastoise|[spread] p1a
|-activate|p1b: Blastoise|move: Protect
|-supereffective|p1a: Incineroar|1
|-damage|p1a: Incineroar|36/100
|cant|p1a: Incineroar|flinch
|
|upkeep
|turn|8
|
|t:|1783584008
|move|p1b: Blastoise|Protect||[still]
|-fail|p1b: Blastoise
|move|p2a: Basculegion|Aqua Jet|p1b: Blastoise
|-resisted|p1b: Blastoise|1
|-damage|p1b: Blastoise|0 fnt
|faint|p1b: Blastoise
|move|p2b: Aerodactyl|Rock Slide|p1a: Incineroar
|-supereffective|p1a: Incineroar|1
|-damage|p1a: Incineroar|5/100
|move|p1a: Incineroar|Throat Chop|p2a: Basculegion
|-supereffective|p2a: Basculegion|1
|-damage|p2a: Basculegion|0 fnt
|faint|p2a: Basculegion
|
|upkeep
|-message|2cmdemaximopoder forfeited.
|
|win|Nogueda
