|j|☆yuiyuinagi
|j|☆raylof
|html|yuiyuinagiraylof    
|uhtml|bestof|Game 1 of a best-of-3
|t:|1757655744
|gametype|doubles
|player|p1|yuiyuinagi|dawn|1248
|player|p2|raylof|266|1319
|gen|9
|tier|[Gen 9] VGC 2025 Reg H (Bo3)
|rated|
|rule|Species Clause: Limit one of each Pokémon
|rule|Item Clause: Limit 1 of each item
|clearpoke
|poke|p1|Charizard, L50, M|
|poke|p1|Torkoal, L50, F|
|poke|p1|Porygon2, L50|
|poke|p1|Incineroar, L50, F|
|poke|p1|Jumpluff, L50, F|
|poke|p1|Ursaluna, L50, M|
|poke|p2|Dragonite, L50, F|
|poke|p2|Ursaluna-Bloodmoon, L50, M|
|poke|p2|Gholdengo, L50|
|poke|p2|Incineroar, L50, M|
|poke|p2|Amoonguss, L50, M|
|poke|p2|Sneasler, L50, F|
|teampreview|4
|showteam|p1|Charizard||ChoiceSpecs|SolarPower|HeatWave,Overheat,WeatherBall,AirSlash|||M|||50|,,,,,Ghost]Torkoal||EjectPack|Drought|Eruption,Overheat,HelpingHand,Protect|||F|||50|,,,,,Fire]Porygon2||Eviolite|Download|IceBeam,TeraBlast,TrickRoom,Recover||||||50|,,,,,Fighting]Incineroar||SitrusBerry|Intimidate|FlareBlitz,KnockOff,FakeOut,PartingShot|||F|||50|,,,,,Ghost]Jumpluff||CovertCloak|Chlorophyll|SleepPowder,SunnyDay,RagePowder,Tailwind|||F|||50|,,,,,Water]Ursaluna||FlameOrb|Guts|HeadlongRush,Facade,Earthquake,Protect|||M|||50|,,,,,Ghost
|showteam|p2|Dragonite||LoadedDice|Multiscale|Protect,ScaleShot,Haze,Tailwind|||F|||50|,,,,,Fairy]Ursaluna-Bloodmoon||AssaultVest|MindsEye|HyperVoice,BloodMoon,EarthPower,VacuumWave|||M|||50|,,,,,Water]Gholdengo||LifeOrb|GoodasGold|Protect,MakeItRain,ShadowBall,NastyPlot||||||50|,,,,,Water]Incineroar||SafetyGoggles|Intimidate|FlareBlitz,KnockOff,FakeOut,PartingShot|||M|||50|,,,,,Ghost]Amoonguss||SitrusBerry|Regenerator|Protect,PollenPuff,Spore,RagePowder|||M|||50|,,,,,Water]Sneasler||FocusSash|Unburden|Protect,DireClaw,CloseCombat,ThroatChop|||F|||50|,,,,,Stellar
|inactive|Battle timer is ON: inactive players will automatically lose when time's up. (requested by yuiyuinagi)
|
|t:|1757655797
|teamsize|p1|4
|teamsize|p2|4
|start
|switch|p1a: Torkoal|Torkoal, L50, F|100/100
|switch|p1b: Jumpluff|Jumpluff, L50, F|100/100
|switch|p2a: Incineroar|Incineroar, L50, M|100/100
|switch|p2b: Ursaluna|Ursaluna-Bloodmoon, L50, M|100/100
|-ability|p2a: Incineroar|Intimidate|boost
|-unboost|p1a: Torkoal|atk|1
|-unboost|p1b: Jumpluff|atk|1
|-weather|SunnyDay|[from] ability: Drought|[of] p1a: Torkoal
|-enditem|p1a: Torkoal|Eject Pack
|
|t:|1757655808
|switch|p1a: Charizard|Charizard, L50, M, shiny|100/100
|turn|1
|
|t:|1757655826
|-terastallize|p1a: Charizard|Ghost
|-terastallize|p2b: Ursaluna|Water
|move|p1b: Jumpluff|Sleep Powder|p2b: Ursaluna
|-status|p2b: Ursaluna|slp|[from] move: Sleep Powder
|move|p1a: Charizard|Heat Wave|p2a: Incineroar|[spread] p2a,p2b
|-resisted|p2a: Incineroar
|-resisted|p2b: Ursaluna
|-damage|p2a: Incineroar|61/100
|-damage|p2b: Ursaluna|60/100 slp
|move|p2a: Incineroar|Knock Off|p1a: Charizard
|-supereffective|p1a: Charizard
|-damage|p1a: Charizard|1/100
|-enditem|p1a: Charizard|Choice Specs|[from] move: Knock Off|[of] p2a: Incineroar
|cant|p2b: Ursaluna|slp
|
|-weather|SunnyDay|[upkeep]
|-damage|p1a: Charizard|0 fnt|[from] ability: Solar Power|[of] p1a: Charizard
|faint|p1a: Charizard
|upkeep
|
|t:|1757655838
|switch|p1a: Ursaluna|Ursaluna, L50, M|100/100
|turn|2
|inactive|raylof has 30 seconds left.
|
|t:|1757655873
|switch|p2a: Dragonite|Dragonite, L50, F|100/100
|move|p1b: Jumpluff|Tailwind|p1b: Jumpluff
|-sidestart|p1: yuiyuinagi|move: Tailwind
|move|p1a: Ursaluna|Earthquake|p2a: Dragonite|[spread] p2b
|-immune|p1b: Jumpluff
|-immune|p2a: Dragonite
|-damage|p2b: Ursaluna|27/100 slp
|cant|p2b: Ursaluna|slp
|
|-weather|SunnyDay|[upkeep]
|-status|p1a: Ursaluna|brn|[from] item: Flame Orb
|upkeep
|turn|3
|inactive|raylof has 30 seconds left.
|
|t:|1757655905
|move|p2a: Dragonite|Protect|p2a: Dragonite
|-singleturn|p2a: Dragonite|Protect
|cant|p2b: Ursaluna|slp
|move|p1b: Jumpluff|Sleep Powder|p2a: Dragonite
|-activate|p2a: Dragonite|move: Protect
|move|p1a: Ursaluna|Earthquake|p2b: Ursaluna|[spread] p2b
|-activate|p2a: Dragonite|move: Protect
|-immune|p1b: Jumpluff
|-damage|p2b: Ursaluna|0 fnt
|faint|p2b: Ursaluna
|
|-weather|SunnyDay|[upkeep]
|-damage|p1a: Ursaluna|95/100 brn|[from] brn
|upkeep
|
|t:|1757655919
|switch|p2b: Incineroar|Incineroar, L50, M|61/100
|-ability|p2b: Incineroar|Intimidate|boost
|-unboost|p1a: Ursaluna|atk|1
|-unboost|p1b: Jumpluff|atk|1
|turn|4
|inactive|raylof has 30 seconds left.
|
|t:|1757655945
|move|p2b: Incineroar|Fake Out|p1a: Ursaluna
|-damage|p1a: Ursaluna|86/100 brn
|move|p1b: Jumpluff|Sleep Powder|p2a: Dragonite
|-status|p2a: Dragonite|slp|[from] move: Sleep Powder
|cant|p1a: Ursaluna|flinch
|cant|p2a: Dragonite|slp
|
|-weather|SunnyDay|[upkeep]
|-damage|p1a: Ursaluna|80/100 brn|[from] brn
|upkeep
|turn|5
|
|t:|1757655968
|switch|p2b: Sneasler|Sneasler, L50, F|100/100
|move|p1b: Jumpluff|Sleep Powder|p2b: Sneasler|[miss]
|-miss|p1b: Jumpluff|p2b: Sneasler
|move|p1a: Ursaluna|Earthquake|p2a: Dragonite|[spread] p2b
|-immune|p1b: Jumpluff
|-immune|p2a: Dragonite
|-supereffective|p2b: Sneasler
|-enditem|p2b: Sneasler|Focus Sash
|-damage|p2b: Sneasler|1/100
|cant|p2a: Dragonite|slp
|
|-weather|none
|-damage|p1a: Ursaluna|74/100 brn|[from] brn
|-sideend|p1: yuiyuinagi|move: Tailwind
|upkeep
|turn|6
|inactive|raylof has 30 seconds left.
|
|t:|1757655997
|switch|p1a: Torkoal|Torkoal, L50, F|100/100
|-weather|SunnyDay|[from] ability: Drought|[of] p1a: Torkoal
|move|p2b: Sneasler|Dire Claw|p1b: Jumpluff
|-supereffective|p1b: Jumpluff
|-damage|p1b: Jumpluff|0 fnt
|faint|p1b: Jumpluff
|-curestatus|p2a: Dragonite|slp|[msg]
|move|p2a: Dragonite|Scale Shot|p1a: Torkoal
|-damage|p1a: Torkoal|89/100
|-damage|p1a: Torkoal|77/100
|-damage|p1a: Torkoal|66/100
|-damage|p1a: Torkoal|54/100
|-damage|p1a: Torkoal|42/100
|-hitcount|p1a: Torkoal|5
|-unboost|p2a: Dragonite|def|1
|-boost|p2a: Dragonite|spe|1
|
|-weather|SunnyDay|[upkeep]
|upkeep
|-message|yuiyuinagi forfeited.
|
|win|raylof
|l|☆yuiyuinagi
|player|p1|
||yuiyuinagi is ready for game 2.
|inactive|raylof has 30 seconds to confirm battle start!
||raylof is ready for game 2.
|uhtml|next|Next: Game 2 of 3
