|j|☆liv&large27
|j|☆DiamondNate
|html|liv&large27DiamondNate    
|uhtml|bestof|Game 2 of a best-of-3
|t:|1757649763
|gametype|doubles
|player|p1|liv&large27|n|1243
|player|p2|DiamondNate|lass-gen7|1140
|gen|9
|tier|[Gen 9] VGC 2025 Reg H (Bo3)
|rated|
|rule|Species Clause: Limit one of each Pokémon
|rule|Item Clause: Limit 1 of each item
|clearpoke
|poke|p1|Blastoise, L50, F|
|poke|p1|Sneasler, L50, M|
|poke|p1|Whimsicott, L50, F|
|poke|p1|Ursaluna, L50, F|
|poke|p1|Dragonite, L50, M|
|poke|p1|Annihilape, L50, M|
|poke|p2|Clefable, L50, M|
|poke|p2|Garchomp, L50, F|
|poke|p2|Whimsicott, L50, F|
|poke|p2|Hydreigon, L50, F|
|poke|p2|Annihilape, L50, F|
|poke|p2|Gholdengo, L50|
|teampreview|4
|showteam|p1|Blastoise||ChoiceSpecs|Torrent|WaterSpout,MuddyWater,IceBeam,WaterPledge|||F|||50|,,,,,Water]Sneasler||LifeOrb|PoisonTouch|FakeOut,DireClaw,CloseCombat,ThroatChop|||M|||50|,,,,,Stellar]Whimsicott||FocusSash|Prankster|TrickRoom,Moonblast,Encore,Tailwind|||F|||50|,,,,,Ghost]Ursaluna||FlameOrb|Guts|Facade,Earthquake,Protect,HeadlongRush|||F|||50|,,,,,Ghost]Dragonite||AssaultVest|InnerFocus|DragonClaw,TeraBlast,ExtremeSpeed,FirePunch|||M|||50|,,,,,Flying]Annihilape||SafetyGoggles|Defiant|RageFist,FinalGambit,CloseCombat,Coaching|||M|||50|,,,,,Water
|showteam|p2|Clefable||SitrusBerry|Unaware|FollowMe,Moonblast,MistyTerrain,Protect|||M|||50|,,,,,Water]Garchomp||LifeOrb|RoughSkin|StompingTantrum,DragonClaw,Earthquake,Protect|||F|||50|,,,,,Ground]Whimsicott||FocusSash|Prankster|Moonblast,Encore,Tailwind,SunnyDay|||F|||50|,,,,,Ghost]Hydreigon||ChoiceSpecs|Levitate|DarkPulse,DracoMeteor,Snarl,HeatWave|||F|||50|,,,,,Fire]Annihilape||Leftovers|Defiant|RageFist,DrainPunch,BulkUp,Protect|||F|||50|,,,,,Water]Gholdengo||IronPlate|GoodasGold|MakeItRain,ShadowBall,NastyPlot,Protect||||||50|,,,,,Steel
|inactive|Battle timer is ON: inactive players will automatically lose when time's up. (requested by liv&large27)
|
|t:|1757649791
|teamsize|p1|4
|teamsize|p2|4
|start
|switch|p1a: Whimsicott|Whimsicott, L50, F|100/100
|switch|p1b: Sneasler|Sneasler, L50, M|100/100
|switch|p2a: Whimsicott|Whimsicott, L50, F|100/100
|switch|p2b: Annihilape|Annihilape, L50, F|100/100
|turn|1
|inactive|liv&large27 has 30 seconds left.
|inactive|liv&large27 has 20 seconds left.
|inactive|liv&large27 has 15 seconds left.
|inactive|liv&large27 has 10 seconds left.
|
|t:|1757649840
|-terastallize|p2a: Whimsicott|Ghost
|move|p1b: Sneasler|Dire Claw|p2a: Whimsicott
|-resisted|p2a: Whimsicott
|-damage|p2a: Whimsicott|58/100
|-status|p2a: Whimsicott|par
|-damage|p1b: Sneasler|91/100|[from] item: Life Orb
|move|p2b: Annihilape|Rage Fist|p1a: Whimsicott
|-damage|p1a: Whimsicott|73/100
|move|p2a: Whimsicott|Moonblast|p1a: Whimsicott
|-damage|p1a: Whimsicott|29/100
|move|p1a: Whimsicott|Trick Room|p1a: Whimsicott
|-fieldstart|move: Trick Room|[of] p1a: Whimsicott
|
|upkeep
|turn|2
|inactive|liv&large27 has 30 seconds left.
|inactive|DiamondNate has 30 seconds left.
|
|t:|1757649868
|switch|p2a: Garchomp|Garchomp, L50, F|100/100
|switch|p1b: Ursaluna|Ursaluna, L50, F|100/100
|move|p1a: Whimsicott|Encore||[still]
|-fail|p1a: Whimsicott
|move|p2b: Annihilape|Bulk Up|p2b: Annihilape
|-boost|p2b: Annihilape|atk|1
|-boost|p2b: Annihilape|def|1
|
|-status|p1b: Ursaluna|brn|[from] item: Flame Orb
|upkeep
|turn|3
|
|t:|1757649884
|switch|p2b: Whimsicott|Whimsicott, L50, F, tera:Ghost|58/100 par
|move|p2a: Garchomp|Protect|p2a: Garchomp
|-singleturn|p2a: Garchomp|Protect
|move|p1a: Whimsicott|Encore||[still]
|-fail|p1a: Whimsicott
|move|p1b: Ursaluna|Headlong Rush|p2a: Garchomp
|-activate|p2a: Garchomp|move: Protect
|
|-damage|p1b: Ursaluna|95/100 brn|[from] brn
|upkeep
|turn|4
|
|t:|1757649902
|switch|p2a: Hydreigon|Hydreigon, L50, F|100/100
|move|p2b: Whimsicott|Encore|p1b: Ursaluna
|-start|p1b: Ursaluna|Encore
|move|p1a: Whimsicott|Encore|p2a: Hydreigon
|-hint|Since gen 7, Dark is immune to Prankster moves.
|-immune|p2a: Hydreigon
|move|p1b: Ursaluna|Headlong Rush|p2b: Whimsicott
|-damage|p2b: Whimsicott|0 fnt
|-unboost|p1b: Ursaluna|def|1
|-unboost|p1b: Ursaluna|spd|1
|faint|p2b: Whimsicott
|
|-damage|p1b: Ursaluna|89/100 brn|[from] brn
|upkeep
|
|t:|1757649915
|switch|p2b: Garchomp|Garchomp, L50, F|100/100
|turn|5
|
|t:|1757649925
|switch|p2a: Annihilape|Annihilape, L50, F|100/100
|move|p2b: Garchomp|Protect|p2b: Garchomp
|-singleturn|p2b: Garchomp|Protect
|move|p1b: Ursaluna|Headlong Rush|p2b: Garchomp
|-activate|p2b: Garchomp|move: Protect
|move|p1a: Whimsicott|Moonblast|p2a: Annihilape
|-supereffective|p2a: Annihilape
|-damage|p2a: Annihilape|23/100
|
|-heal|p2a: Annihilape|29/100|[from] item: Leftovers
|-damage|p1b: Ursaluna|83/100 brn|[from] brn
|-fieldend|move: Trick Room
|upkeep
|turn|6
|
|t:|1757649940
|switch|p2a: Hydreigon|Hydreigon, L50, F|100/100
|-terastallize|p1b: Ursaluna|Ghost
|move|p1a: Whimsicott|Tailwind|p1a: Whimsicott
|-sidestart|p1: liv&large27|move: Tailwind
|move|p2b: Garchomp|Earthquake|p1b: Ursaluna|[spread] p1a,p1b
|-immune|p2a: Hydreigon|[from] ability: Levitate
|-resisted|p1a: Whimsicott
|-damage|p1a: Whimsicott|0 fnt
|-damage|p1b: Ursaluna|32/100 brn
|faint|p1a: Whimsicott
|-damage|p2b: Garchomp|91/100|[from] item: Life Orb
|move|p1b: Ursaluna|Headlong Rush|p2b: Garchomp
|-damage|p2b: Garchomp|0 fnt
|-unboost|p1b: Ursaluna|def|1
|-unboost|p1b: Ursaluna|spd|1
|-damage|p1b: Ursaluna|19/100 brn|[from] ability: Rough Skin|[of] p2b: Garchomp
|faint|p2b: Garchomp
|
|-damage|p1b: Ursaluna|14/100 brn|[from] brn
|-end|p1b: Ursaluna|Encore
|upkeep
|
|t:|1757649951
|switch|p2b: Annihilape|Annihilape, L50, F|29/100
|switch|p1a: Dragonite|Dragonite, L50, M|100/100
|turn|7
|
|t:|1757649965
|move|p1a: Dragonite|Dragon Claw|p2b: Annihilape
|-damage|p2b: Annihilape|0 fnt
|faint|p2b: Annihilape
|move|p2a: Hydreigon|Draco Meteor|p1a: Dragonite
|-supereffective|p1a: Dragonite
|-damage|p1a: Dragonite|0 fnt
|-unboost|p2a: Hydreigon|spa|2
|faint|p1a: Dragonite
|move|p1b: Ursaluna|Facade|p2a: Hydreigon
|-damage|p2a: Hydreigon|0 fnt
|faint|p2a: Hydreigon
|
|win|liv&large27
|raw|liv&large27's rating: 1243 → 1261(+18 for winning)
|raw|DiamondNate's rating: 1140 → 1122(-18 for losing)
|l|☆DiamondNate
|player|p2|
|l|☆liv&large27
|player|p1|
