|j|☆Orbwair
|j|☆regitron 21
|html|Orbwairregitron 21    
|uhtml|bestof|Game 1 of a best-of-3
|t:|1785108150
|gametype|doubles
|player|p1|Orbwair|101|1145
|player|p2|regitron 21|n|1183
|gen|9
|tier|[Gen 9 Champions] VGC 2026 Reg M-B (Bo3)
|rated|
|rule|Species Clause: Limit one of each Pokémon
|rule|Item Clause: Limit 1 of each item
|clearpoke
|poke|p1|Glimmora, L50, M|
|poke|p1|Staraptor, L50, M|
|poke|p1|Garchomp, L50, M|
|poke|p1|Kingambit, L50, F|
|poke|p1|Delphox, L50, F|
|poke|p1|Meowstic, L50, M|
|poke|p2|Raichu, L50, M|
|poke|p2|Charizard, L50, F|
|poke|p2|Incineroar, L50, F|
|poke|p2|Farigiraf, L50, F|
|poke|p2|Sylveon, L50, M|
|poke|p2|Kingambit, L50, M|
|teampreview|4
|showteam|p1|Glimmora||FocusSash|ToxicDebris|PowerGem,SludgeBomb,EarthPower,Protect|Modest||M|||50|]Staraptor||Staraptite|Intimidate|CloseCombat,DualWingbeat,Roost,Protect|Jolly||M|||50|]Garchomp||LifeOrb|RoughSkin|DragonClaw,Earthquake,RockSlide,Protect|Jolly||M|||50|]Kingambit||ChopleBerry|Defiant|KowtowCleave,SuckerPunch,LowKick,IronHead|Adamant||F|||50|]Delphox||Delphoxite|Blaze|HeatWave,ExpandingForce,Encore,Protect|Timid||F|||50|]Meowstic||ColburBerry|Prankster|Gravity,PsychicTerrain,FakeOut,Reflect|Careful||M|||50|
|showteam|p2|Raichu||RaichuniteY|LightningRod|ZapCannon,FocusBlast,FakeOut,Protect|Timid||M|||50|]Charizard||CharizarditeY|Blaze|HeatWave,WeatherBall,SolarBeam,Protect|Modest||F|||50|]Incineroar||SitrusBerry|Intimidate|FakeOut,FlareBlitz,DarkestLariat,PartingShot|Impish||F|||50|]Farigiraf||ColburBerry|ArmorTail|TwinBeam,Thunderbolt,HelpingHand,TrickRoom|Modest||F|||50|]Sylveon||FairyFeather|Pixilate|HyperVoice,Moonblast,Detect,CalmMind|Modest||M|||50|]Kingambit||LifeOrb|Defiant|SuckerPunch,KowtowCleave,Protect,SwordsDance|Adamant||M|||50|
|c|☆regitron 21|hey good luck bud
|c|☆regitron 21|pretty cool team
|c|☆Orbwair|yeah true
|c|☆Orbwair|im boutta get so blown up
|inactive|Battle timer is ON: inactive players will automatically lose when time's up. (requested by Orbwair)
|
|t:|1785108212
|teamsize|p1|4
|teamsize|p2|4
|start
|switch|p1a: Delphox|Delphox, L50, F|100/100
|switch|p1b: Meowstic|Meowstic, L50, M|100/100
|switch|p2a: Lily|Incineroar, L50, F|100/100
|switch|p2b: Soey|Farigiraf, L50, F|100/100
|-ability|p2a: Lily|Intimidate|boost
|-unboost|p1a: Delphox|atk|1
|-unboost|p1b: Meowstic|atk|1
|turn|1
|
|t:|1785108235
|move|p1a: Delphox|Protect|p1a: Delphox
|-singleturn|p1a: Delphox|Protect
|move|p2a: Lily|Fake Out|p1b: Meowstic
|-damage|p1b: Meowstic|87/100
|cant|p1b: Meowstic|flinch
|move|p2b: Soey|Trick Room|p2b: Soey
|-fieldstart|move: Trick Room|[of] p2b: Soey
|
|upkeep
|turn|2
|
|t:|1785108248
|move|p2b: Soey|Helping Hand|p2a: Lily
|-singleturn|p2a: Lily|Helping Hand|[of] p2b: Soey
|move|p1b: Meowstic|Reflect|p1b: Meowstic
|-sidestart|p1: Orbwair|Reflect
|move|p2a: Lily|Darkest Lariat|p1a: Delphox
|-supereffective|p1a: Delphox|1
|-damage|p1a: Delphox|7/100
|move|p1a: Delphox|Encore|p2b: Soey
|-start|p2b: Soey|Encore
|
|upkeep
|turn|3
|
|t:|1785108266
|switch|p1a: Garchomp|Garchomp, L50, M|100/100
|move|p2b: Soey|Helping Hand|p2a: Lily
|-singleturn|p2a: Lily|Helping Hand|[of] p2b: Soey
|move|p1b: Meowstic|Psychic Terrain|p1b: Meowstic
|-fieldstart|move: Psychic Terrain
|move|p2a: Lily|Flare Blitz|p1b: Meowstic
|-damage|p1b: Meowstic|32/100
|-damage|p2a: Lily|83/100|[from] Recoil
|
|upkeep
|turn|4
|
|t:|1785108281
|move|p2b: Soey|Helping Hand|p2a: Lily
|-singleturn|p2a: Lily|Helping Hand|[of] p2b: Soey
|move|p1b: Meowstic|Gravity|p1b: Meowstic
|-fieldstart|move: Gravity
|move|p2a: Lily|Parting Shot|p1a: Garchomp
|-unboost|p1a: Garchomp|atk|1
|-unboost|p1a: Garchomp|spa|1
|
|t:|1785108285
|switch|p2a: Ryan|Sylveon, L50, M|100/100|[from] Parting Shot
|move|p1a: Garchomp|Rock Slide|p2b: Soey|[spread] p2a,p2b
|-damage|p2a: Ryan|83/100
|-damage|p2b: Soey|83/100
|-damage|p1a: Garchomp|90/100|[from] item: Life Orb
|
|upkeep
|turn|5
|
|t:|1785108298
|move|p2b: Soey|Helping Hand|p2a: Ryan
|-singleturn|p2a: Ryan|Helping Hand|[of] p2b: Soey
|move|p1b: Meowstic|Reflect||[still]
|-fail|p1b: Meowstic
|move|p2a: Ryan|Hyper Voice|p1a: Garchomp|[spread] p1a,p1b
|-supereffective|p1a: Garchomp|1
|-damage|p1a: Garchomp|0 fnt
|-damage|p1b: Meowstic|0 fnt
|faint|p1a: Garchomp
|faint|p1b: Meowstic
|
|-end|p2b: Soey|Encore
|-fieldend|move: Trick Room
|upkeep
|
|t:|1785108305
|switch|p1a: Delphox|Delphox, L50, F|7/100
|switch|p1b: Kingambit|Kingambit, L50, F|100/100
|turn|6
|inactive|regitron 21 has 30 seconds left.
|
|t:|1785108333
|detailschange|p1a: Delphox|Delphox-Mega, L50, F
|-mega|p1a: Delphox|Delphox|Delphoxite
|move|p2b: Soey|Helping Hand|p2a: Ryan
|-singleturn|p2a: Ryan|Helping Hand|[of] p2b: Soey
|move|p1a: Delphox|Expanding Force|p2a: Ryan|[spread] p2a,p2b
|-resisted|p2b: Soey|1
|-damage|p2a: Ryan|33/100
|-damage|p2b: Soey|52/100
|move|p1b: Kingambit|Iron Head|p2a: Ryan
|-supereffective|p2a: Ryan|1
|-damage|p2a: Ryan|0 fnt
|faint|p2a: Ryan
|
|-sideend|p1: Orbwair|Reflect
|upkeep
|
|t:|1785108340
|switch|p2a: Rita|Charizard, L50, F|100/100
|turn|7
|
|t:|1785108354
|detailschange|p2a: Rita|Charizard-Mega-Y, L50, F
|-mega|p2a: Rita|Charizard|Charizardite Y
|-weather|SunnyDay|[from] ability: Drought|[of] p2a: Rita
|move|p2b: Soey|Helping Hand|p2a: Rita
|-singleturn|p2a: Rita|Helping Hand|[of] p2b: Soey
|move|p1a: Delphox|Protect|p1a: Delphox
|-singleturn|p1a: Delphox|Protect
|move|p2a: Rita|Heat Wave|p1b: Kingambit|[spread] p1b
|-activate|p1a: Delphox|move: Protect
|-supereffective|p1b: Kingambit|1
|-damage|p1b: Kingambit|0 fnt
|faint|p1b: Kingambit
|
|-weather|SunnyDay|[upkeep]
|-fieldend|move: Psychic Terrain
|upkeep
|turn|8
|
|t:|1785108373
|switch|p2b: Lily|Incineroar, L50, F|83/100
|-ability|p2b: Lily|Intimidate|boost
|-unboost|p1a: Delphox|atk|1
|move|p1a: Delphox|Expanding Force|p2a: Rita
|-damage|p2a: Rita|59/100
|move|p2a: Rita|Weather Ball|p1a: Delphox
|-resisted|p1a: Delphox|1
|-damage|p1a: Delphox|0 fnt
|faint|p1a: Delphox
|
|win|regitron 21
||regitron 21 is ready for game 2.
|l|☆Orbwair
|player|p1|
|c|☆regitron 21|gg bud
||Orbwair is ready for game 2.
|uhtml|next|Next: Game 2 of 3
