|j|☆lolgz
|j|☆foodieexe123
|html|lolgzfoodieexe123    
|uhtml|bestof|Game 2 of a best-of-3
|t:|1782527568
|gametype|doubles
|player|p1|lolgz|dawn|1136
|player|p2|foodieexe123|miku-fairy|1060
|gen|9
|tier|[Gen 9 Champions] VGC 2026 Reg M-B (Bo3)
|rated|
|rule|Species Clause: Limit one of each Pokémon
|rule|Item Clause: Limit 1 of each item
|clearpoke
|poke|p1|Torkoal, L50, F|
|poke|p1|Vileplume, L50, F|
|poke|p1|Farigiraf, L50, M|
|poke|p1|Scrafty, L50, M|
|poke|p1|Gallade, L50, M|
|poke|p1|Mawile, L50, F|
|poke|p2|Swampert, L50, M|
|poke|p2|Pelipper, L50, F|
|poke|p2|Archaludon, L50, M|
|poke|p2|Incineroar, L50, M, shiny|
|poke|p2|Scolipede, L50, M|
|poke|p2|Sinistcha, L50, shiny|
|teampreview|4
|showteam|p1|Torkoal||Charcoal|Drought|Eruption,WeatherBall,EarthPower,Protect|Quiet||F|||50|]Vileplume||FocusSash|Chlorophyll|EnergyBall,SludgeBomb,SleepPowder,AfterYou|Timid||F|||50|]Farigiraf||SitrusBerry|ArmorTail|TrickRoom,Thunderbolt,Psychic,HelpingHand|Relaxed||M|||50|]Scrafty||Scraftinite|Intimidate|FakeOut,CloseCombat,KnockOff,RockTomb|Brave||M|||50|]Gallade||IronBall|Sharpness|SacredSword,PsychoCut,WideGuard,TrickRoom|Brave||M|||50|]Mawile||Mawilite|HyperCutter|SuckerPunch,PlayRough,SwordsDance,Protect|Brave||F|||50|
|showteam|p2|Swampert||Swampertite|Damp|WaveCrash,Earthquake,PoisonJab,Protect|Adamant||M|||50|]Pelipper||FocusSash|Drizzle|Hurricane,Tailwind,WeatherBall,Protect|Timid||F|||50|]Archaludon||Leftovers|Stalwart|ElectroShot,DracoMeteor,FlashCannon,Protect|Modest||M|||50|]Incineroar||ChopleBerry|Intimidate|PartingShot,FakeOut,DarkestLariat,FlareBlitz|Relaxed||M|||50|]Scolipede||Scolipite|SpeedBoost|PoisonJab,LeechLife,SwordsDance,Protect|Adamant||M|||50|]Sinistcha||ColburBerry|Hospitality|Protect,LifeDew,RagePowder,MatchaGotcha|Sassy|||||50|
|inactive|Battle timer is ON: inactive players will automatically lose when time's up. (requested by lolgz)
|
|t:|1782527588
|teamsize|p1|4
|teamsize|p2|4
|start
|switch|p1a: Farigiraf|Farigiraf, L50, M|100/100
|switch|p1b: Gallade|Gallade, L50, M|100/100
|switch|p2a: Candy cane|Incineroar, L50, M, shiny|100/100
|switch|p2b: 🌉|Archaludon, L50, M|100/100
|-ability|p2a: Candy cane|Intimidate|boost
|-unboost|p1a: Farigiraf|atk|1
|-unboost|p1b: Gallade|atk|1
|turn|1
|
|t:|1782527605
|move|p2b: 🌉|Draco Meteor|p1b: Gallade
|-damage|p1b: Gallade|34/100
|-unboost|p2b: 🌉|spa|2
|move|p2a: Candy cane|Flare Blitz|p1b: Gallade
|-damage|p1b: Gallade|0 fnt
|faint|p1b: Gallade
|-damage|p2a: Candy cane|90/100|[from] Recoil
|move|p1a: Farigiraf|Trick Room|p1a: Farigiraf
|-fieldstart|move: Trick Room|[of] p1a: Farigiraf
|
|upkeep
|
|t:|1782527609
|switch|p1b: Mawile|Mawile, L50, F|100/100
|turn|2
|
|t:|1782527621
|switch|p2b: Macho man|Swampert, L50, M|100/100
|detailschange|p1b: Mawile|Mawile-Mega, L50, F
|-mega|p1b: Mawile|Mawile|Mawilite
|move|p1a: Farigiraf|Helping Hand|p1b: Mawile
|-singleturn|p1b: Mawile|Helping Hand|[of] p1a: Farigiraf
|move|p1b: Mawile|Play Rough|p2a: Candy cane
|-damage|p2a: Candy cane|0 fnt
|faint|p2a: Candy cane
|
|upkeep
|
|t:|1782527632
|switch|p2a: 🌉|Archaludon, L50, M|100/100
|turn|3
|
|t:|1782527655
|move|p1a: Farigiraf|Helping Hand|p1b: Mawile
|-singleturn|p1b: Mawile|Helping Hand|[of] p1a: Farigiraf
|move|p2b: Macho man|Protect|p2b: Macho man
|-singleturn|p2b: Macho man|Protect
|move|p1b: Mawile|Play Rough|p2b: Macho man
|-activate|p2b: Macho man|move: Protect
|move|p2a: 🌉|Draco Meteor|p1a: Farigiraf
|-damage|p1a: Farigiraf|40/100
|-unboost|p2a: 🌉|spa|2
|-enditem|p1a: Farigiraf|Sitrus Berry|[eat]
|-heal|p1a: Farigiraf|64/100|[from] item: Sitrus Berry
|
|upkeep
|turn|4
|
|t:|1782527670
|move|p1a: Farigiraf|Helping Hand|p1b: Mawile
|-singleturn|p1b: Mawile|Helping Hand|[of] p1a: Farigiraf
|move|p2b: Macho man|Protect|p2b: Macho man
|-singleturn|p2b: Macho man|Protect
|move|p1b: Mawile|Play Rough|p2b: Macho man
|-activate|p2b: Macho man|move: Protect
|move|p2a: 🌉|Draco Meteor|p1a: Farigiraf
|-damage|p1a: Farigiraf|33/100
|-unboost|p2a: 🌉|spa|2
|
|upkeep
|turn|5
|c|☆foodieexe123|I got it
|c|☆foodieexe123|I got the double😭
|inactive|foodieexe123 has 30 seconds left.
|
|t:|1782527703
|switch|p2b: Pelipper toilet|Pelipper, L50, F|100/100
|-weather|RainDance|[from] ability: Drizzle|[of] p2b: Pelipper toilet
|move|p1b: Mawile|Swords Dance|p1b: Mawile
|-boost|p1b: Mawile|atk|2
|move|p1a: Farigiraf|Thunderbolt|p2b: Pelipper toilet
|-supereffective|p2b: Pelipper toilet|2
|-crit|p2b: Pelipper toilet
|-enditem|p2b: Pelipper toilet|Focus Sash
|-damage|p2b: Pelipper toilet|1/100
|move|p2a: 🌉|Electro Shot||[still]
|-prepare|p2a: 🌉|Electro Shot
|-boost|p2a: 🌉|spa|1
|-anim|p2a: 🌉|Electro Shot|p1a: Farigiraf
|-damage|p1a: Farigiraf|16/100
|
|-weather|RainDance|[upkeep]
|-fieldend|move: Trick Room
|upkeep
|turn|6
|
|t:|1782527723
|move|p1b: Mawile|Sucker Punch|p2b: Pelipper toilet
|-damage|p2b: Pelipper toilet|0 fnt
|faint|p2b: Pelipper toilet
|move|p2a: 🌉|Electro Shot||[still]
|-prepare|p2a: 🌉|Electro Shot
|-boost|p2a: 🌉|spa|1
|-anim|p2a: 🌉|Electro Shot|p1a: Farigiraf
|-damage|p1a: Farigiraf|0 fnt
|faint|p1a: Farigiraf
|
|-weather|RainDance|[upkeep]
|upkeep
|
|t:|1782527728
|switch|p2b: Macho man|Swampert, L50, M|100/100
|switch|p1a: Torkoal|Torkoal, L50, F|100/100
|-weather|SunnyDay|[from] ability: Drought|[of] p1a: Torkoal
|turn|7
|
|t:|1782527741
|detailschange|p2b: Macho man|Swampert-Mega, L50, M
|-mega|p2b: Macho man|Swampert|Swampertite
|move|p2a: 🌉|Draco Meteor|p1a: Torkoal
|-damage|p1a: Torkoal|51/100
|-unboost|p2a: 🌉|spa|2
|move|p2b: Macho man|Earthquake|p1b: Mawile|[spread] p2a,p1a,p1b
|-supereffective|p2a: 🌉|1
|-supereffective|p1a: Torkoal|1
|-supereffective|p1b: Mawile|1
|-damage|p2a: 🌉|19/100
|-damage|p1a: Torkoal|0 fnt
|-damage|p1b: Mawile|7/100
|faint|p1a: Torkoal
|move|p1b: Mawile|Play Rough|p2b: Macho man
|-damage|p2b: Macho man|0 fnt
|faint|p2b: Macho man
|
|-weather|SunnyDay|[upkeep]
|-heal|p2a: 🌉|25/100|[from] item: Leftovers
|upkeep
|turn|8
|
|t:|1782527756
|move|p2a: 🌉|Protect|p2a: 🌉
|-singleturn|p2a: 🌉|Protect
|move|p1b: Mawile|Sucker Punch||[still]
|-fail|p1b: Mawile
|
|-weather|SunnyDay|[upkeep]
|-heal|p2a: 🌉|31/100|[from] item: Leftovers
|upkeep
|turn|9
|
|t:|1782527768
|move|p2a: 🌉|Protect||[still]
|-fail|p2a: 🌉
|move|p1b: Mawile|Sucker Punch||[still]
|-fail|p1b: Mawile
|
|-weather|SunnyDay|[upkeep]
|-heal|p2a: 🌉|36/100|[from] item: Leftovers
|upkeep
|turn|10
|
|t:|1782527781
|move|p1b: Mawile|Sucker Punch|p2a: 🌉
|-damage|p2a: 🌉|0 fnt
|faint|p2a: 🌉
|
|win|lolgz
