|j|☆statenty
|j|☆Buns4U
|html|statentyBuns4U    
|uhtml|bestof|Game 2 of a best-of-3
|t:|1786207075
|gametype|doubles
|player|p1|statenty|lucas|1066
|player|p2|Buns4U|169|1000
|gen|9
|tier|[Gen 9 Champions] VGC 2026 Reg M-B (Bo3)
|rated|
|rule|Species Clause: Limit one of each Pokémon
|rule|Item Clause: Limit 1 of each item
|clearpoke
|poke|p1|Charizard, L50, F|
|poke|p1|Sylveon, L50, M|
|poke|p1|Incineroar, L50, M|
|poke|p1|Garchomp, L50, F|
|poke|p1|Aerodactyl, L50, M|
|poke|p1|Kingambit, L50, F|
|poke|p2|Scovillain, L50, F|
|poke|p2|Mr. Rime, L50, F|
|poke|p2|Raichu, L50, F|
|poke|p2|Talonflame, L50, F|
|poke|p2|Kingambit, L50, F|
|poke|p2|Lycanroc-Dusk, L50, M|
|teampreview|4
|showteam|p1|Charizard||CharizarditeY|Blaze|HeatWave,SolarBeam,Protect,WeatherBall|Modest||F|||50|]Sylveon||Leftovers|Pixilate|HyperVoice,Moonblast,Yawn,Protect|Modest||M|||50|]Incineroar||SitrusBerry|Intimidate|FlareBlitz,FakeOut,PartingShot,Taunt|Impish||M|||50|]Garchomp||LifeOrb|RoughSkin|Earthquake,DragonClaw,StompingTantrum,RockSlide|Jolly||F|||50|]Aerodactyl||Aerodactylite|RockHead|RockSlide,DualWingbeat,Tailwind,Protect|Jolly||M|||50|]Kingambit||FocusSash|Defiant|LowKick,IronHead,SuckerPunch,KowtowCleave|Adamant||F|||50|
|showteam|p2|Scovillain||SitrusBerry|Moody|Overheat,LeechSeed,RagePowder,Protect|Calm||F|||50|]Mr. Rime||QuickClaw|ScreenCleaner|RolePlay,SheerCold,AllySwitch,Protect|Sassy||F|||50|]Raichu||RaichuniteY|LightningRod|ZapCannon,FocusBlast,FakeOut,Protect|Timid||F|||50|]Talonflame||SharpBeak|GaleWings|FlareBlitz,DualWingbeat,Tailwind,Protect|Jolly||F|||50|]Kingambit||ChopleBerry|Defiant|SuckerPunch,KowtowCleave,Protect,IronHead|Adamant||F|||50|]Lycanroc-Dusk||FocusSash|ToughClaws|Accelerock,CloseCombat,RockSlide,Protect|Jolly||M|||50|
|
|t:|1786207093
|teamsize|p1|4
|teamsize|p2|4
|start
|switch|p1a: Garchomp|Garchomp, L50, F|100/100
|switch|p1b: Aerodactyl|Aerodactyl, L50, M|100/100
|switch|p2a: Scovillain|Scovillain, L50, F|100/100
|switch|p2b: Lycanroc|Lycanroc-Dusk, L50, M|100/100
|turn|1
|
|t:|1786207117
|move|p1b: Aerodactyl|Protect|p1b: Aerodactyl
|-singleturn|p1b: Aerodactyl|Protect
|move|p2b: Lycanroc|Accelerock|p1b: Aerodactyl
|-activate|p1b: Aerodactyl|move: Protect
|move|p1a: Garchomp|Earthquake|p2b: Lycanroc|[spread] p2a,p2b
|-activate|p1b: Aerodactyl|move: Protect
|-supereffective|p2b: Lycanroc|1
|-damage|p2a: Scovillain|42/100
|-enditem|p2b: Lycanroc|Focus Sash
|-damage|p2b: Lycanroc|1/100
|-enditem|p2a: Scovillain|Sitrus Berry|[eat]
|-heal|p2a: Scovillain|67/100|[from] item: Sitrus Berry
|-damage|p1a: Garchomp|90/100|[from] item: Life Orb
|move|p2a: Scovillain|Leech Seed|p1a: Garchomp
|-start|p1a: Garchomp|move: Leech Seed
|
|-damage|p1a: Garchomp|78/100|[from] Leech Seed|[of] p2a: Scovillain
|-heal|p2a: Scovillain|80/100|[silent]
|-ability|p2a: Scovillain|Moody|boost
|-boost|p2a: Scovillain|spe|2
|-unboost|p2a: Scovillain|def|1
|upkeep
|turn|2
|
|t:|1786207150
|switch|p1b: Sylveon|Sylveon, L50, M|100/100
|move|p2a: Scovillain|Protect|p2a: Scovillain
|-singleturn|p2a: Scovillain|Protect
|move|p2b: Lycanroc|Accelerock|p1b: Sylveon
|-damage|p1b: Sylveon|68/100
|move|p1a: Garchomp|Rock Slide|p2b: Lycanroc|[spread] p2b
|-activate|p2a: Scovillain|move: Protect
|-damage|p2b: Lycanroc|0 fnt
|faint|p2b: Lycanroc
|-damage|p1a: Garchomp|68/100|[from] item: Life Orb
|
|-heal|p1b: Sylveon|74/100|[from] item: Leftovers
|-damage|p1a: Garchomp|56/100|[from] Leech Seed|[of] p2a: Scovillain
|-heal|p2a: Scovillain|94/100|[silent]
|-ability|p2a: Scovillain|Moody|boost
|-boost|p2a: Scovillain|spe|2
|-unboost|p2a: Scovillain|spd|1
|upkeep
|
|t:|1786207167
|switch|p2b: Raichu|Raichu, L50, F|100/100
|turn|3
|
|t:|1786207183
|switch|p1b: Aerodactyl|Aerodactyl, L50, M|100/100
|detailschange|p2b: Raichu|Raichu-Mega-Y, L50, F
|-mega|p2b: Raichu|Raichu|Raichunite Y
|move|p2b: Raichu|Fake Out|p1a: Garchomp
|-damage|p1a: Garchomp|47/100
|-damage|p2b: Raichu|87/100|[from] ability: Rough Skin|[of] p1a: Garchomp
|move|p2a: Scovillain|Overheat|p1b: Aerodactyl
|-resisted|p1b: Aerodactyl|1
|-damage|p1b: Aerodactyl|69/100
|-unboost|p2a: Scovillain|spa|2
|cant|p1a: Garchomp|flinch
|
|-damage|p1a: Garchomp|35/100|[from] Leech Seed|[of] p2a: Scovillain
|-heal|p2a: Scovillain|100/100|[silent]
|-ability|p2a: Scovillain|Moody|boost
|-boost|p2a: Scovillain|def|2
|-unboost|p2a: Scovillain|spd|1
|upkeep
|turn|4
|
|t:|1786207212
|move|p2a: Scovillain|Rage Powder|p2a: Scovillain
|-singleturn|p2a: Scovillain|move: Rage Powder
|move|p1b: Aerodactyl|Tailwind|p1b: Aerodactyl
|-sidestart|p1: statenty|move: Tailwind
|move|p1a: Garchomp|Earthquake|p2b: Raichu|[spread] p2a,p2b
|-immune|p1b: Aerodactyl
|-supereffective|p2b: Raichu|1
|-damage|p2a: Scovillain|60/100
|-damage|p2b: Raichu|0 fnt
|faint|p2b: Raichu
|-damage|p1a: Garchomp|25/100|[from] item: Life Orb
|
|-damage|p1a: Garchomp|13/100|[from] Leech Seed|[of] p2a: Scovillain
|-heal|p2a: Scovillain|73/100|[silent]
|-ability|p2a: Scovillain|Moody|boost
|-boost|p2a: Scovillain|def|2
|-unboost|p2a: Scovillain|spd|1
|upkeep
|
|t:|1786207226
|switch|p2b: Mr. Rime|Mr. Rime, L50, F|100/100
|turn|5
|-activate|p2b: Mr. Rime|item: Quick Claw
|
|t:|1786207238
|move|p2b: Mr. Rime|Protect|p2b: Mr. Rime
|-singleturn|p2b: Mr. Rime|Protect
|move|p1b: Aerodactyl|Rock Slide|p2a: Scovillain|[spread] p2a
|-activate|p2b: Mr. Rime|move: Protect
|-supereffective|p2a: Scovillain|1
|-damage|p2a: Scovillain|51/100
|move|p1a: Garchomp|Rock Slide|p2b: Mr. Rime|[spread] p2a
|-activate|p2b: Mr. Rime|move: Protect
|-supereffective|p2a: Scovillain|1
|-damage|p2a: Scovillain|27/100
|-damage|p1a: Garchomp|4/100|[from] item: Life Orb
|move|p2a: Scovillain|Leech Seed|p1b: Aerodactyl
|-start|p1b: Aerodactyl|move: Leech Seed
|
|-damage|p1b: Aerodactyl|57/100|[from] Leech Seed|[of] p2a: Scovillain
|-heal|p2a: Scovillain|38/100|[silent]
|-damage|p1a: Garchomp|0 fnt|[from] Leech Seed|[of] p2a: Scovillain
|-heal|p2a: Scovillain|43/100|[silent]
|faint|p1a: Garchomp
|-ability|p2a: Scovillain|Moody|boost
|-boost|p2a: Scovillain|spd|2
|-unboost|p2a: Scovillain|def|1
|upkeep
|
|t:|1786207260
|switch|p1a: Sylveon|Sylveon, L50, M|74/100
|turn|6
|
|t:|1786207277
|move|p2a: Scovillain|Protect|p2a: Scovillain
|-singleturn|p2a: Scovillain|Protect
|move|p1b: Aerodactyl|Rock Slide|p2a: Scovillain|[spread] p2b
|-activate|p2a: Scovillain|move: Protect
|-supereffective|p2b: Mr. Rime|1
|-damage|p2b: Mr. Rime|41/100
|move|p1a: Sylveon|Hyper Voice|p2b: Mr. Rime|[spread] p2b
|-activate|p2a: Scovillain|move: Protect
|-damage|p2b: Mr. Rime|9/100
|move|p2b: Mr. Rime|Sheer Cold|p1a: Sylveon|[miss]
|-miss|p2b: Mr. Rime|p1a: Sylveon
|
|-heal|p1a: Sylveon|80/100|[from] item: Leftovers
|-damage|p1b: Aerodactyl|45/100|[from] Leech Seed|[of] p2a: Scovillain
|-heal|p2a: Scovillain|55/100|[silent]
|-ability|p2a: Scovillain|Moody|boost
|-boost|p2a: Scovillain|def|2
|-unboost|p2a: Scovillain|spe|1
|upkeep
|turn|7
|
|t:|1786207306
|move|p2b: Mr. Rime|Protect|p2b: Mr. Rime
|-singleturn|p2b: Mr. Rime|Protect
|move|p1b: Aerodactyl|Rock Slide|p2b: Mr. Rime|[spread] p2a
|-activate|p2b: Mr. Rime|move: Protect
|-supereffective|p2a: Scovillain|1
|-damage|p2a: Scovillain|36/100
|move|p2a: Scovillain|Leech Seed|p1a: Sylveon|[miss]
|-miss|p2a: Scovillain|p1a: Sylveon
|move|p1a: Sylveon|Hyper Voice|p2b: Mr. Rime|[spread] p2a
|-activate|p2b: Mr. Rime|move: Protect
|-resisted|p2a: Scovillain|1
|-damage|p2a: Scovillain|2/100
|
|-heal|p1a: Sylveon|86/100|[from] item: Leftovers
|-damage|p1b: Aerodactyl|33/100|[from] Leech Seed|[of] p2a: Scovillain
|-heal|p2a: Scovillain|13/100|[silent]
|-sideend|p1: statenty|move: Tailwind
|-ability|p2a: Scovillain|Moody|boost
|-boost|p2a: Scovillain|spa|2
|-unboost|p2a: Scovillain|spd|1
|upkeep
|turn|8
|
|t:|1786207340
|move|p2a: Scovillain|Protect|p2a: Scovillain
|-singleturn|p2a: Scovillain|Protect
|move|p1b: Aerodactyl|Rock Slide|p2a: Scovillain|[spread] p2b
|-activate|p2a: Scovillain|move: Protect
|-supereffective|p2b: Mr. Rime|1
|-damage|p2b: Mr. Rime|0 fnt
|faint|p2b: Mr. Rime
|move|p1a: Sylveon|Hyper Voice|p2a: Scovillain
|-activate|p2a: Scovillain|move: Protect
|
|-heal|p1a: Sylveon|92/100|[from] item: Leftovers
|-damage|p1b: Aerodactyl|21/100|[from] Leech Seed|[of] p2a: Scovillain
|-heal|p2a: Scovillain|25/100|[silent]
|-ability|p2a: Scovillain|Moody|boost
|-boost|p2a: Scovillain|spd|2
|-unboost|p2a: Scovillain|spa|1
|upkeep
|turn|9
|
|t:|1786207375
|move|p2a: Scovillain|Overheat|p1a: Sylveon
|-damage|p1a: Sylveon|67/100
|-unboost|p2a: Scovillain|spa|2
|move|p1b: Aerodactyl|Dual Wingbeat|p2a: Scovillain
|-supereffective|p2a: Scovillain|1
|-damage|p2a: Scovillain|11/100
|-supereffective|p2a: Scovillain|1
|-damage|p2a: Scovillain|0 fnt
|faint|p2a: Scovillain
|-hitcount|p2: Scovillain|2
|
|win|statenty
|raw|statenty's rating: 1066 → 1090(+24 for winning)
|raw|Buns4U's rating: 1000 → 1000(+0 for losing)
|c|☆Buns4U|gg
|l|☆Buns4U
|player|p2|
|c|☆statenty|gg!
