|j|☆Crystneel
|j|☆Swan Mobile
|html|CrystneelSwan Mobile    
|uhtml|bestof|Game 3 of a best-of-3
|t:|1757163041
|gametype|doubles
|player|p1|Crystneel|ethan|1230
|player|p2|Swan Mobile|roughneck-gen4|1121
|gen|9
|tier|[Gen 9] VGC 2025 Reg H (Bo3)
|rated|
|rule|Species Clause: Limit one of each Pokémon
|rule|Item Clause: Limit 1 of each item
|clearpoke
|poke|p1|Volcarona, L50, F|
|poke|p1|Electabuzz, L50, M|
|poke|p1|Sneasler, L50, M|
|poke|p1|Rillaboom, L50, M|
|poke|p1|Dragonite, L50, M|
|poke|p1|Ursaluna-Bloodmoon, L50, M|
|poke|p2|Gholdengo, L50|
|poke|p2|Incineroar, L50, F|
|poke|p2|Flamigo, L50, M|
|poke|p2|Ursaluna, L50, F|
|poke|p2|Porygon2, L50|
|poke|p2|Amoonguss, L50, M|
|teampreview|4
|showteam|p1|Volcarona||Leftovers|FlameBody|FieryDance,QuiverDance,GigaDrain,Protect|||F|||50|,,,,,Water]Electabuzz||Eviolite|Static|FollowMe,Electroweb,VoltSwitch,Taunt|||M|||50|,,,,,Fairy]Sneasler||GrassySeed|Unburden|DireClaw,CloseCombat,ThroatChop,Protect|||M|||50|,,,,,Dark]Rillaboom||AssaultVest|GrassySurge|FakeOut,GrassyGlide,WoodHammer,Uturn|||M|||50|,,,,,Fire]Dragonite||LoadedDice|Multiscale|ExtremeSpeed,ScaleShot,IceSpinner,LowKick|||M|||50|,,,,,Normal]Ursaluna-Bloodmoon||ThroatSpray|MindsEye|BloodMoon,HyperVoice,EarthPower,Protect|||M|||50|,,,,,Poison
|showteam|p2|Gholdengo||LifeOrb|GoodasGold|MakeItRain,ShadowBall,NastyPlot,Protect||||||50|,,,,,Dragon]Incineroar||SafetyGoggles|Intimidate|KnockOff,FlareBlitz,PartingShot,FakeOut|||F|||50|,,,,,Grass]Flamigo||FocusSash|Scrappy|CloseCombat,BraveBird,WideGuard,Protect|||M|||50|,,,,,Ghost]Ursaluna||FlameOrb|Guts|Facade,HeadlongRush,Earthquake,Protect|||F|||50|,,,,,Normal]Porygon2||Eviolite|Download|TeraBlast,IceBeam,TrickRoom,Recover||||||50|,,,,,Fighting]Amoonguss||CovertCloak|Regenerator|Spore,RagePowder,PollenPuff,SludgeBomb|||M|||50|,,,,,Water
|inactive|Battle timer is ON: inactive players will automatically lose when time's up. (requested by Swan Mobile)
|
|t:|1757163057
|teamsize|p1|4
|teamsize|p2|4
|start
|switch|p1a: Electabuzz|Electabuzz, L50, M|100/100
|switch|p1b: Volcarona|Volcarona, L50, F|100/100
|switch|p2a: Porygon2|Porygon2, L50|100/100
|switch|p2b: Incineroar|Incineroar, L50, F|100/100
|-ability|p2b: Incineroar|Intimidate|boost
|-unboost|p1a: Electabuzz|atk|1
|-unboost|p1b: Volcarona|atk|1
|-ability|p2a: Porygon2|Download|boost
|-boost|p2a: Porygon2|atk|1
|turn|1
|
|t:|1757163072
|switch|p1b: Ursaluna|Ursaluna-Bloodmoon, L50, M|100/100
|move|p2b: Incineroar|Fake Out|p1a: Electabuzz
|-damage|p1a: Electabuzz|88/100
|cant|p1a: Electabuzz|flinch
|move|p2a: Porygon2|Trick Room|p2a: Porygon2
|-fieldstart|move: Trick Room|[of] p2a: Porygon2
|
|upkeep
|turn|2
|
|t:|1757163095
|switch|p2a: Amoonguss|Amoonguss, L50, M|100/100
|move|p1a: Electabuzz|Follow Me|p1a: Electabuzz
|-singleturn|p1a: Electabuzz|move: Follow Me
|move|p1b: Ursaluna|Hyper Voice|p2b: Incineroar|[spread] p2a,p2b
|-crit|p2a: Amoonguss
|-damage|p2a: Amoonguss|44/100
|-damage|p2b: Incineroar|60/100
|-enditem|p1b: Ursaluna|Throat Spray
|-boost|p1b: Ursaluna|spa|1|[from] item: Throat Spray
|move|p2b: Incineroar|Parting Shot|p1a: Electabuzz
|-unboost|p1a: Electabuzz|atk|1
|-unboost|p1a: Electabuzz|spa|1
|
|t:|1757163108
|switch|p2b: Ursaluna|Ursaluna, L50, F|100/100|[from] Parting Shot
|
|-status|p2b: Ursaluna|brn|[from] item: Flame Orb
|upkeep
|turn|3
|
|t:|1757163127
|switch|p2a: Incineroar|Incineroar, L50, F|60/100
|-ability|p2a: Incineroar|Intimidate|boost
|-unboost|p1a: Electabuzz|atk|1
|-unboost|p1b: Ursaluna|atk|1
|move|p2b: Ursaluna|Protect|p2b: Ursaluna
|-singleturn|p2b: Ursaluna|Protect
|move|p1b: Ursaluna|Protect|p1b: Ursaluna
|-singleturn|p1b: Ursaluna|Protect
|move|p1a: Electabuzz|Taunt|p2a: Incineroar
|-start|p2a: Incineroar|move: Taunt
|
|-damage|p2b: Ursaluna|95/100 brn|[from] brn
|upkeep
|turn|4
|
|t:|1757163149
|-terastallize|p2b: Ursaluna|Normal
|move|p2a: Incineroar|Fake Out|p1b: Ursaluna
|-crit|p1b: Ursaluna
|-damage|p1b: Ursaluna|88/100
|move|p1a: Electabuzz|Follow Me|p1a: Electabuzz
|-singleturn|p1a: Electabuzz|move: Follow Me
|move|p2b: Ursaluna|Facade|p1a: Electabuzz
|-crit|p1a: Electabuzz
|-damage|p1a: Electabuzz|0 fnt
|faint|p1a: Electabuzz
|cant|p1b: Ursaluna|flinch
|
|-damage|p2b: Ursaluna|89/100 brn|[from] brn
|upkeep
|
|t:|1757163162
|switch|p1a: Rillaboom|Rillaboom, L50, M|100/100
|-fieldstart|move: Grassy Terrain|[from] ability: Grassy Surge|[of] p1a: Rillaboom
|turn|5
|inactive|Swan Mobile has 30 seconds left.
|
|t:|1757163197
|switch|p2b: Porygon2|Porygon2, L50|100/100
|-ability|p2b: Porygon2|Download|boost
|-boost|p2b: Porygon2|spa|1
|switch|p2a: Amoonguss|Amoonguss, L50, M|78/100
|move|p1a: Rillaboom|Fake Out|p2b: Porygon2
|-damage|p2b: Porygon2|91/100
|move|p1b: Ursaluna|Blood Moon|p2a: Amoonguss
|-damage|p2a: Amoonguss|0 fnt
|faint|p2a: Amoonguss
|
|-heal|p1b: Ursaluna|94/100|[from] Grassy Terrain
|-heal|p2b: Porygon2|97/100|[from] Grassy Terrain
|-fieldend|move: Trick Room
|upkeep
|
|t:|1757163199
|switch|p2a: Incineroar|Incineroar, L50, F|60/100
|-ability|p2a: Incineroar|Intimidate|boost
|-unboost|p1a: Rillaboom|atk|1
|-unboost|p1b: Ursaluna|atk|1
|turn|6
|inactive|Swan Mobile has 30 seconds left.
|
|t:|1757163230
|move|p2a: Incineroar|Fake Out|p1b: Ursaluna
|-damage|p1b: Ursaluna|85/100
|move|p1a: Rillaboom|U-turn|p2a: Incineroar
|-damage|p2a: Incineroar|45/100
|
|t:|1757163234
|switch|p1a: Volcarona|Volcarona, L50, F|100/100|[from] U-turn
|cant|p1b: Ursaluna|flinch
|move|p2b: Porygon2|Trick Room|p2b: Porygon2
|-fieldstart|move: Trick Room|[of] p2b: Porygon2
|
|-heal|p1b: Ursaluna|91/100|[from] Grassy Terrain
|-heal|p2b: Porygon2|100/100|[from] Grassy Terrain
|-heal|p2a: Incineroar|50/100|[from] Grassy Terrain
|upkeep
|turn|7
|
|t:|1757163251
|-terastallize|p1b: Ursaluna|Poison
|move|p1b: Ursaluna|Hyper Voice|p2b: Porygon2|[spread] p2a,p2b
|-crit|p2b: Porygon2
|-damage|p2a: Incineroar|0 fnt
|-damage|p2b: Porygon2|47/100
|faint|p2a: Incineroar
|move|p2b: Porygon2|Ice Beam|p1b: Ursaluna
|-damage|p1b: Ursaluna|44/100
|move|p1a: Volcarona|Fiery Dance|p2b: Porygon2
|-damage|p2b: Porygon2|26/100
|-boost|p1a: Volcarona|spa|1
|
|-heal|p1b: Ursaluna|50/100|[from] Grassy Terrain
|-heal|p2b: Porygon2|32/100|[from] Grassy Terrain
|upkeep
|
|t:|1757163257
|switch|p2a: Ursaluna|Ursaluna, L50, F, tera:Normal|89/100 brn
|turn|8
|
|t:|1757163281
|move|p1b: Ursaluna|Protect|p1b: Ursaluna
|-singleturn|p1b: Ursaluna|Protect
|move|p2a: Ursaluna|Facade|p1a: Volcarona
|-damage|p1a: Volcarona|0 fnt
|faint|p1a: Volcarona
|move|p2b: Porygon2|Tera Blast|p1b: Ursaluna
|-activate|p1b: Ursaluna|move: Protect
|
|-heal|p2a: Ursaluna|95/100 brn|[from] Grassy Terrain
|-heal|p1b: Ursaluna|55/100|[from] Grassy Terrain
|-heal|p2b: Porygon2|39/100|[from] Grassy Terrain
|-damage|p2a: Ursaluna|89/100 brn|[from] brn
|upkeep
|
|t:|1757163292
|switch|p1a: Rillaboom|Rillaboom, L50, M|100/100
|turn|9
|
|t:|1757163308
|move|p2a: Ursaluna|Protect|p2a: Ursaluna
|-singleturn|p2a: Ursaluna|Protect
|move|p1a: Rillaboom|Fake Out|p2a: Ursaluna
|-activate|p2a: Ursaluna|move: Protect
|move|p1b: Ursaluna|Hyper Voice|p2a: Ursaluna|[spread] p2b
|-activate|p2a: Ursaluna|move: Protect
|-damage|p2b: Porygon2|2/100
|move|p2b: Porygon2|Trick Room|p2b: Porygon2
|-fieldend|move: Trick Room
|
|-heal|p2b: Porygon2|8/100|[from] Grassy Terrain
|-heal|p1b: Ursaluna|61/100|[from] Grassy Terrain
|-heal|p2a: Ursaluna|95/100 brn|[from] Grassy Terrain
|-damage|p2a: Ursaluna|89/100 brn|[from] brn
|-fieldend|move: Grassy Terrain
|upkeep
|turn|10
|c|☆Swan Mobile|Uhhhh wrong button
|inactive|Swan Mobile has 30 seconds left.
|inactive|Swan Mobile has 20 seconds left.
|c|☆Swan Mobile|I hit recover i swear dude omg
|inactive|Swan Mobile has 15 seconds left.
|inactive|Swan Mobile has 10 seconds left.
|
|t:|1757163354
|move|p1a: Rillaboom|Wood Hammer|p2a: Ursaluna
|-damage|p2a: Ursaluna|35/100 brn
|-damage|p1a: Rillaboom|81/100|[from] Recoil
|move|p1b: Ursaluna|Blood Moon|p2a: Ursaluna
|-damage|p2a: Ursaluna|0 fnt
|faint|p2a: Ursaluna
|move|p2b: Porygon2|Trick Room|p2b: Porygon2
|-fieldstart|move: Trick Room|[of] p2b: Porygon2
|
|upkeep
|turn|11
|-message|Swan Mobile forfeited.
|
|win|Crystneel
|raw|Crystneel's rating: 1230 → 1247(+17 for winning)
|raw|Swan Mobile's rating: 1121 → 1104(-17 for losing)
|l|☆Swan Mobile
|player|p2|
