|j|☆iamflorete
|j|☆redjaguar
|html|iamfloreteredjaguar    
|uhtml|bestof|Game 2 of a best-of-3
|t:|1784923563
|gametype|doubles
|player|p1|iamflorete|266|1038
|player|p2|redjaguar|gambler|1027
|gen|9
|tier|[Gen 9 Champions] VGC 2026 Reg M-B (Bo3)
|rated|
|rule|Species Clause: Limit one of each Pokémon
|rule|Item Clause: Limit 1 of each item
|clearpoke
|poke|p1|Pyroar, L50, M|
|poke|p1|Ninetales, L50, M, shiny|
|poke|p1|Vileplume, L50, M, shiny|
|poke|p1|Kingambit, L50, M|
|poke|p1|Mimikyu, L50, F|
|poke|p1|Floette-Eternal, L50, F|
|poke|p2|Dragonite, L50, M|
|poke|p2|Gardevoir, L50, F|
|poke|p2|Raichu, L50, F|
|poke|p2|Kingambit, L50, F|
|poke|p2|Incineroar, L50, F|
|poke|p2|Empoleon, L50, M|
|teampreview|4
|showteam|p1|Pyroar||Pyroarite|Unnerve|HeatWave,SolarBeam,Protect,Snarl|Timid||M|||50|]Ninetales||ChoiceScarf|Drought|HeatWave,Extrasensory,Overheat,SolarBeam|Timid||M|||50|]Vileplume||WideLens|Chlorophyll|SleepPowder,SludgeBomb,Protect,StrengthSap|Timid||M|||50|]Kingambit||BlackGlasses|Defiant|Protect,SwordsDance,KowtowCleave,SuckerPunch|Adamant||M|||50|]Mimikyu||MentalHerb|Disguise|TrickRoom,WillOWisp,ShadowClaw,Protect|Brave||F|||50|]Floette-Eternal||Floettite|FlowerVeil|CalmMind,DrainingKiss,DazzlingGleam,Protect|Quiet||F|||50|
|showteam|p2|Dragonite||ExpertBelt|Multiscale|IceSpinner,StompingTantrum,ExtremeSpeed,Protect|Adamant||M|||50|]Gardevoir||Gardevoirite|Trace|HyperVoice,MysticalFire,Protect,Psychic|Timid||F|||50|]Raichu||SitrusBerry|LightningRod|FakeOut,HelpingHand,Nuzzle,VoltSwitch|Timid||F|||50|]Kingambit||BlackGlasses|SupremeOverlord|KowtowCleave,SuckerPunch,Protect,IronHead|Adamant||F|||50|]Incineroar||WhiteHerb|Intimidate|FakeOut,FlareBlitz,PartingShot,Taunt|Impish||F|||50|]Empoleon||Leftovers|Competitive|IcyWind,Protect,FlashCannon,HydroPump|Modest||M|||50|
|
|t:|1784923606
|teamsize|p1|4
|teamsize|p2|4
|start
|switch|p1a: Ninetales|Ninetales, L50, M, shiny|100/100
|switch|p1b: Vileplume|Vileplume, L50, M, shiny|100/100
|switch|p2a: Raichu|Raichu, L50, F|100/100
|switch|p2b: Dragonite|Dragonite, L50, M|100/100
|-weather|SunnyDay|[from] ability: Drought|[of] p1a: Ninetales
|turn|1
|
|t:|1784923651
|switch|p1a: Kingambit|Kingambit, L50, M|100/100
|move|p1b: Vileplume|Protect|p1b: Vileplume
|-singleturn|p1b: Vileplume|Protect
|move|p2a: Raichu|Fake Out|p1b: Vileplume
|-activate|p1b: Vileplume|move: Protect
|move|p2b: Dragonite|Stomping Tantrum|p1a: Kingambit
|-supereffective|p1a: Kingambit|1
|-damage|p1a: Kingambit|48/100
|
|-weather|SunnyDay|[upkeep]
|upkeep
|turn|2
|
|t:|1784923674
|move|p1b: Vileplume|Sleep Powder|p2a: Raichu
|-status|p2a: Raichu|slp|[from] move: Sleep Powder
|cant|p2a: Raichu|slp
|move|p2b: Dragonite|Stomping Tantrum|p1a: Kingambit
|-supereffective|p1a: Kingambit|1
|-damage|p1a: Kingambit|0 fnt
|faint|p1a: Kingambit
|
|-weather|SunnyDay|[upkeep]
|upkeep
|
|t:|1784923686
|switch|p1a: Pyroar|Pyroar, L50, M|100/100
|-ability|p1a: Pyroar|Unnerve
|turn|3
|
|t:|1784923698
|detailschange|p1a: Pyroar|Pyroar-Mega, L50, M
|-mega|p1a: Pyroar|Pyroar|Pyroarite
|move|p2b: Dragonite|Protect|p2b: Dragonite
|-singleturn|p2b: Dragonite|Protect
|move|p1b: Vileplume|Sleep Powder|p2b: Dragonite
|-activate|p2b: Dragonite|move: Protect
|move|p1a: Pyroar|Heat Wave|p2a: Raichu|[spread] p2a
|-activate|p2b: Dragonite|move: Protect
|-damage|p2a: Raichu|0 fnt
|faint|p2a: Raichu
|
|-weather|SunnyDay|[upkeep]
|upkeep
|
|t:|1784923710
|switch|p2a: Empoleon|Empoleon, L50, M|100/100
|turn|4
|
|t:|1784923724
|move|p1b: Vileplume|Sleep Powder|p2b: Dragonite
|-status|p2b: Dragonite|slp|[from] move: Sleep Powder
|move|p1a: Pyroar|Solar Beam||[still]
|-prepare|p1a: Pyroar|Solar Beam
|-anim|p1a: Pyroar|Solar Beam|p2a: Empoleon
|-damage|p2a: Empoleon|62/100
|cant|p2b: Dragonite|slp
|move|p2a: Empoleon|Icy Wind|p1a: Pyroar|[spread] p1a,p1b
|-resisted|p1a: Pyroar|1
|-supereffective|p1b: Vileplume|1
|-damage|p1a: Pyroar|92/100
|-damage|p1b: Vileplume|73/100
|-unboost|p1a: Pyroar|spe|1
|-unboost|p1b: Vileplume|spe|1
|
|-weather|SunnyDay|[upkeep]
|-heal|p2a: Empoleon|68/100|[from] item: Leftovers
|upkeep
|turn|5
|
|t:|1784923750
|cant|p2b: Dragonite|slp
|move|p2a: Empoleon|Protect|p2a: Empoleon
|-singleturn|p2a: Empoleon|Protect
|move|p1b: Vileplume|Strength Sap|p2b: Dragonite
|-unboost|p2b: Dragonite|atk|1
|-heal|p1b: Vileplume|100/100
|move|p1a: Pyroar|Heat Wave|p2a: Empoleon|[spread] p2b
|-activate|p2a: Empoleon|move: Protect
|-resisted|p2b: Dragonite|1
|-damage|p2b: Dragonite|81/100 slp
|
|-weather|none
|-heal|p2a: Empoleon|74/100|[from] item: Leftovers
|upkeep
|turn|6
|
|t:|1784923775
|move|p1a: Pyroar|Protect|p1a: Pyroar
|-singleturn|p1a: Pyroar|Protect
|-curestatus|p2b: Dragonite|slp|[msg]
|move|p2b: Dragonite|Stomping Tantrum|p1a: Pyroar
|-activate|p1a: Pyroar|move: Protect
|move|p2a: Empoleon|Hydro Pump|p1a: Pyroar
|-activate|p1a: Pyroar|move: Protect
|move|p1b: Vileplume|Sleep Powder|p2a: Empoleon
|-status|p2a: Empoleon|slp|[from] move: Sleep Powder
|
|-heal|p2a: Empoleon|80/100 slp|[from] item: Leftovers
|upkeep
|turn|7
|
|t:|1784923800
|switch|p1a: Ninetales|Ninetales, L50, M, shiny|100/100
|-weather|SunnyDay|[from] ability: Drought|[of] p1a: Ninetales
|move|p1b: Vileplume|Sleep Powder|p2b: Dragonite
|-status|p2b: Dragonite|slp|[from] move: Sleep Powder
|cant|p2b: Dragonite|slp
|cant|p2a: Empoleon|slp
|
|-weather|SunnyDay|[upkeep]
|-heal|p2a: Empoleon|85/100 slp|[from] item: Leftovers
|upkeep
|turn|8
|
|t:|1784923820
|move|p1a: Ninetales|Heat Wave|p2b: Dragonite|[spread] p2a,p2b
|-resisted|p2b: Dragonite|1
|-damage|p2a: Empoleon|50/100g slp
|-damage|p2b: Dragonite|62/100 slp
|move|p1b: Vileplume|Strength Sap|p2b: Dragonite
|-unboost|p2b: Dragonite|atk|1
|-curestatus|p2b: Dragonite|slp|[msg]
|move|p2b: Dragonite|Stomping Tantrum|p1a: Ninetales
|-supereffective|p1a: Ninetales|1
|-damage|p1a: Ninetales|5/100
|cant|p2a: Empoleon|slp
|
|-weather|SunnyDay|[upkeep]
|-heal|p2a: Empoleon|56/100 slp|[from] item: Leftovers
|upkeep
|turn|9
|
|t:|1784923863
|move|p2b: Dragonite|Extreme Speed|p1a: Ninetales
|-damage|p1a: Ninetales|0 fnt
|faint|p1a: Ninetales
|move|p1b: Vileplume|Sludge Bomb|p2b: Dragonite
|-damage|p2b: Dragonite|31/100
|-curestatus|p2a: Empoleon|slp|[msg]
|move|p2a: Empoleon|Icy Wind|p1b: Vileplume|[miss]
|-miss|p2a: Empoleon|p1b: Vileplume
|
|-weather|SunnyDay|[upkeep]
|-heal|p2a: Empoleon|62/100|[from] item: Leftovers
|upkeep
|
|t:|1784923880
|switch|p1a: Pyroar|Pyroar-Mega, L50, M|92/100
|turn|10
|
|t:|1784923892
|move|p1a: Pyroar|Heat Wave|p2a: Empoleon|[spread] p2a,p2b
|-resisted|p2b: Dragonite|1
|-damage|p2a: Empoleon|0 fnt
|-damage|p2b: Dragonite|0 fnt
|faint|p2a: Empoleon
|faint|p2b: Dragonite
|move|p1b: Vileplume|Sleep Powder|p2: Empoleon|[notarget]
|-fail|p1b: Vileplume
|
|-weather|SunnyDay|[upkeep]
|upkeep
|
|t:|1784923903
|switch|p2b: Gardevoir|Gardevoir, L50, F|100/100
|-ability|p2b: Gardevoir|Fire Mane|Trace|[from] ability: Trace|[of] p1a: Pyroar
|turn|11
|
|t:|1784923923
|detailschange|p2b: Gardevoir|Gardevoir-Mega, L50, F
|-mega|p2b: Gardevoir|Gardevoir|Gardevoirite
|move|p1a: Pyroar|Heat Wave|p2b: Gardevoir
|-crit|p2b: Gardevoir
|-damage|p2b: Gardevoir|0 fnt
|faint|p2b: Gardevoir
|
|win|iamflorete
||iamflorete is ready for game 3.
|inactive|redjaguar has 30 seconds to confirm battle start!
|inactive|redjaguar has 20 seconds to confirm battle start!
||redjaguar is ready for game 3.
|uhtml|next|Next: Game 3 of 3
|l|☆iamflorete
|player|p1|
