|j|☆ThePrinceofNT
|j|☆barrypaul
|html|ThePrinceofNTbarrypaul    
|uhtml|bestof|Game 1 of a best-of-3
|t:|1782987027
|gametype|doubles
|player|p1|ThePrinceofNT|102|1140
|player|p2|barrypaul|1|1310
|gen|9
|tier|[Gen 9 Champions] VGC 2026 Reg M-B (Bo3)
|rated|
|rule|Species Clause: Limit one of each Pokémon
|rule|Item Clause: Limit 1 of each item
|clearpoke
|poke|p1|Pyroar, L50, M|
|poke|p1|Hydreigon, L50, F, shiny|
|poke|p1|Farigiraf, L50, M|
|poke|p1|Torkoal, L50, M|
|poke|p1|Mawile, L50, F|
|poke|p1|Sneasler, L50, F|
|poke|p2|Charizard, L50, F|
|poke|p2|Sylveon, L50, F|
|poke|p2|Aerodactyl, L50, F|
|poke|p2|Kingambit, L50, M|
|poke|p2|Garchomp, L50, M|
|poke|p2|Farigiraf, L50, F|
|teampreview|4
|showteam|p1|Pyroar||Pyroarite|Rivalry|HeatWave,Overheat,Protect,SolarBeam|Modest||M|||50|]Hydreigon||ChoiceScarf|Levitate|DracoMeteor,DarkPulse,Snarl,SunnyDay|Timid||F|||50|]Farigiraf||SitrusBerry|ArmorTail|HelpingHand,TwinBeam,Thunderbolt,TrickRoom|Bold||M|||50|]Torkoal||Charcoal|Drought|WeatherBall,Eruption,HelpingHand,Protect|Quiet||M|||50|]Mawile||Mawilite|HyperCutter|SwordsDance,PlayRough,SuckerPunch,Protect|Brave||F|||50|]Sneasler||WhiteHerb|Unburden|CloseCombat,GunkShot,Protect,FakeOut|Adamant||F|||50|
|showteam|p2|Charizard||CharizarditeY|SolarPower|Protect,HeatWave,WeatherBall,SolarBeam|Modest||F|||50|]Sylveon||FairyFeather|Pixilate|Protect,HyperVoice,HyperBeam,QuickAttack|Modest||F|||50|]Aerodactyl||Aerodactylite|RockHead|RockSlide,DualWingbeat,Tailwind,IceFang|Jolly||F|||50|]Kingambit||FocusSash|Defiant|KowtowCleave,SuckerPunch,IronHead,LowKick|Jolly||M|||50|]Garchomp||LifeOrb|RoughSkin|Protect,StompingTantrum,Earthquake,DragonClaw|Jolly||M|||50|]Farigiraf||SitrusBerry|ArmorTail|Psychic,Thunderbolt,Roar,TrickRoom|Bold||F|||50|
|inactive|Battle timer is ON: inactive players will automatically lose when time's up. (requested by ThePrinceofNT)
|inactive|barrypaul has 60 seconds left.
|inactive|barrypaul has 30 seconds left.
|inactive|barrypaul has 20 seconds left.
|inactive|barrypaul has 15 seconds left.
|inactive|barrypaul has 10 seconds left.
|inactive|barrypaul has 5 seconds left.
|
|t:|1782987122
|teamsize|p1|4
|teamsize|p2|4
|start
|switch|p1a: Pyroar|Pyroar, L50, M|100/100
|switch|p1b: Hydreigon|Hydreigon, L50, F, shiny|100/100
|switch|p2a: Charizard|Charizard, L50, F|100/100
|switch|p2b: Aerodactyl|Aerodactyl, L50, F|100/100
|turn|1
|inactive|ThePrinceofNT has 30 seconds left.
|inactive|barrypaul has 30 seconds left.
|inactive|ThePrinceofNT has 20 seconds left.
|inactive|ThePrinceofNT has 15 seconds left.
|inactive|ThePrinceofNT has 10 seconds left.
|
|t:|1782987169
|detailschange|p1a: Pyroar|Pyroar-Mega, L50, M
|-mega|p1a: Pyroar|Pyroar|Pyroarite
|detailschange|p2a: Charizard|Charizard-Mega-Y, L50, F
|-mega|p2a: Charizard|Charizard|Charizardite Y
|-weather|SunnyDay|[from] ability: Drought|[of] p2a: Charizard
|move|p1b: Hydreigon|Snarl|p2b: Aerodactyl|[spread] p2a,p2b
|-damage|p2a: Charizard|80/100
|-damage|p2b: Aerodactyl|72/100
|-unboost|p2a: Charizard|spa|1
|-unboost|p2b: Aerodactyl|spa|1
|move|p2b: Aerodactyl|Tailwind|p2b: Aerodactyl
|-sidestart|p2: barrypaul|move: Tailwind
|move|p2a: Charizard|Heat Wave|p1b: Hydreigon|[spread] p1b
|-miss|p2a: Charizard|p1a: Pyroar
|-resisted|p1b: Hydreigon|1
|-damage|p1b: Hydreigon|75/100
|move|p1a: Pyroar|Heat Wave|p2b: Aerodactyl|[spread] p2b
|-miss|p1a: Pyroar|p2a: Charizard
|-resisted|p2b: Aerodactyl|1
|-damage|p2b: Aerodactyl|16/100
|
|-weather|SunnyDay|[upkeep]
|upkeep
|turn|2
|inactive|barrypaul has 30 seconds left.
|inactive|barrypaul has 20 seconds left.
|
|t:|1782987208
|switch|p2a: Garchomp|Garchomp, L50, M|100/100
|move|p1a: Pyroar|Protect|p1a: Pyroar
|-singleturn|p1a: Pyroar|Protect
|move|p2b: Aerodactyl|Rock Slide|p1b: Hydreigon|[spread] p1b
|-activate|p1a: Pyroar|move: Protect
|-damage|p1b: Hydreigon|49/100
|move|p1b: Hydreigon|Snarl|p2b: Aerodactyl|[spread] p2a,p2b
|-damage|p2a: Garchomp|77/100
|-damage|p2b: Aerodactyl|0 fnt
|-unboost|p2a: Garchomp|spa|1
|faint|p2b: Aerodactyl
|
|-weather|SunnyDay|[upkeep]
|upkeep
|
|t:|1782987219
|switch|p2b: Charizard|Charizard-Mega-Y, L50, F|80/100
|turn|3
|
|t:|1782987235
|switch|p1a: Farigiraf|Farigiraf, L50, M|100/100
|move|p2a: Garchomp|Earthquake|p1a: Farigiraf|[spread] p1a
|-immune|p2b: Charizard
|-immune|p1b: Hydreigon|[from] ability: Levitate
|-damage|p1a: Farigiraf|66/100
|-damage|p2a: Garchomp|67/100|[from] item: Life Orb
|move|p2b: Charizard|Weather Ball|p1b: Hydreigon
|-resisted|p1b: Hydreigon|1
|-damage|p1b: Hydreigon|0 fnt
|faint|p1b: Hydreigon
|
|-weather|SunnyDay|[upkeep]
|upkeep
|
|t:|1782987251
|switch|p1b: Pyroar|Pyroar-Mega, L50, M|100/100
|turn|4
|
|t:|1782987257
|move|p1b: Pyroar|Protect|p1b: Pyroar
|-singleturn|p1b: Pyroar|Protect
|move|p2a: Garchomp|Earthquake|p1b: Pyroar|[spread] p1a
|-activate|p1b: Pyroar|move: Protect
|-immune|p2b: Charizard
|-damage|p1a: Farigiraf|30/100
|-enditem|p1a: Farigiraf|Sitrus Berry|[eat]
|-heal|p1a: Farigiraf|55/100|[from] item: Sitrus Berry
|-damage|p2a: Garchomp|58/100|[from] item: Life Orb
|move|p2b: Charizard|Weather Ball|p1a: Farigiraf
|-damage|p1a: Farigiraf|0 fnt
|faint|p1a: Farigiraf
|
|-weather|SunnyDay|[upkeep]
|-sideend|p2: barrypaul|move: Tailwind
|upkeep
|
|t:|1782987270
|switch|p1a: Torkoal|Torkoal, L50, M|100/100
|turn|5
|
|t:|1782987281
|move|p1a: Torkoal|Helping Hand|p1b: Pyroar
|-singleturn|p1b: Pyroar|Helping Hand|[of] p1a: Torkoal
|move|p2a: Garchomp|Protect|p2a: Garchomp
|-singleturn|p2a: Garchomp|Protect
|move|p2b: Charizard|Protect|p2b: Charizard
|-singleturn|p2b: Charizard|Protect
|move|p1b: Pyroar|Heat Wave|p2b: Charizard|[spread] 
|-activate|p2a: Garchomp|move: Protect
|-activate|p2b: Charizard|move: Protect
|
|-weather|none
|upkeep
|turn|6
|
|t:|1782987290
|move|p1a: Torkoal|Helping Hand|p1b: Pyroar
|-singleturn|p1b: Pyroar|Helping Hand|[of] p1a: Torkoal
|move|p1b: Pyroar|Heat Wave|p2a: Garchomp|[spread] p2a,p2b
|-resisted|p2a: Garchomp|1
|-resisted|p2b: Charizard|1
|-damage|p2a: Garchomp|11/100
|-damage|p2b: Charizard|45/100
|move|p2a: Garchomp|Earthquake|p1a: Torkoal|[spread] p1a,p1b
|-immune|p2b: Charizard
|-supereffective|p1a: Torkoal|1
|-supereffective|p1b: Pyroar|1
|-damage|p1a: Torkoal|29/100
|-damage|p1b: Pyroar|1/100
|-damage|p2a: Garchomp|2/100|[from] item: Life Orb
|move|p2b: Charizard|Heat Wave|p1b: Pyroar|[spread] p1a,p1b
|-resisted|p1a: Torkoal|1
|-resisted|p1b: Pyroar|1
|-damage|p1a: Torkoal|3/100
|-damage|p1b: Pyroar|0 fnt
|faint|p1b: Pyroar
|
|upkeep
|turn|7
|
|t:|1782987304
|move|p1a: Torkoal|Protect|p1a: Torkoal
|-singleturn|p1a: Torkoal|Protect
|move|p2a: Garchomp|Earthquake|p1a: Torkoal|[spread] 
|-activate|p1a: Torkoal|move: Protect
|-immune|p2b: Charizard
|move|p2b: Charizard|Weather Ball|p1a: Torkoal
|-activate|p1a: Torkoal|move: Protect
|
|upkeep
|turn|8
|
|t:|1782987312
|move|p2a: Garchomp|Earthquake|p1a: Torkoal|[spread] p1a
|-immune|p2b: Charizard
|-supereffective|p1a: Torkoal|1
|-damage|p1a: Torkoal|0 fnt
|faint|p1a: Torkoal
|-damage|p2a: Garchomp|0 fnt|[from] item: Life Orb
|faint|p2a: Garchomp
|
|win|barrypaul
||ThePrinceofNT is ready for game 2.
||barrypaul is ready for game 2.
|uhtml|next|Next: Game 2 of 3
|l|☆ThePrinceofNT
|player|p1|
