|j|â˜†jagheter
|j|â˜†Maxblueface
|html|jagheterMaxblueface    
|uhtml|bestof|Game 1 of a best-of-3
|t:|1756452717
|gametype|doubles
|player|p1|jagheter|worker|1185
|player|p2|Maxblueface|170|1032
|gen|9
|tier|[Gen 9] VGC 2025 Reg H (Bo3)
|rated|
|rule|Species Clause: Limit one of each PokÃ©mon
|rule|Item Clause: Limit 1 of each item
|clearpoke
|poke|p1|Venusaur, L50, F|
|poke|p1|Volcarona, L50, F|
|poke|p1|Incineroar, L50, M|
|poke|p1|Grimmsnarl, L50, M|
|poke|p1|Dondozo, L50, M|
|poke|p1|Rillaboom, L50, F|
|poke|p2|Annihilape, L50, F|
|poke|p2|Whimsicott, L50, M|
|poke|p2|Garchomp, L50, F|
|poke|p2|Clefable, L50, F|
|poke|p2|Hydreigon, L50, F|
|poke|p2|Gholdengo, L50|
|teampreview|4
|showteam|p1|Venusaur||WideLens|Chlorophyll|SleepPowder,Protect,SludgeBomb,EarthPower|||F|||50|,,,,,Ghost]Volcarona||CovertCloak|FlameBody|FieryDance,GigaDrain,QuiverDance,Protect|||F|||50|,,,,,Dragon]Incineroar||MirrorHerb|Intimidate|FakeOut,KnockOff,Taunt,FlareBlitz|||M|||50|,,,,,Ghost]Grimmsnarl||BlackGlasses|Prankster|Reflect,LightScreen,SpiritBreak,SuckerPunch|||M|||50|,,,,,Dark]Dondozo||Leftovers|Unaware|Fissure,Protect,Liquidation,Yawn|||M|||50|,,,,,Ghost]Rillaboom||AssaultVest|GrassySurge|FakeOut,WoodHammer,GrassyGlide,Uturn|||F|||50|,,,,,Fire
|showteam|p2|Annihilape||SafetyGoggles|Defiant|Protect,BulkUp,DrainPunch,RageFist|||F|||50|,,,,,Water]Whimsicott||FocusSash|Prankster|SunnyDay,Encore,Tailwind,Moonblast|||M|||50|,,,,,Ghost]Garchomp||LifeOrb|RoughSkin|Protect,RockSlide,DragonClaw,Earthquake|||F|||50|,,,,,Steel]Clefable||SitrusBerry|Unaware|Protect,FollowMe,MistyTerrain,Moonblast|||F|||50|,,,,,Water]Hydreigon||ChoiceSpecs|Levitate|HeatWave,Uturn,DarkPulse,DracoMeteor|||F|||50|,,,,,Fire]Gholdengo||MetalCoat|GoodasGold|Protect,NastyPlot,ShadowBall,MakeItRain||||||50|,,,,,Steel
|c|â˜†jagheter|hi again
|c|â˜†Maxblueface|yo!
|
|t:|1756452761
|teamsize|p1|4
|teamsize|p2|4
|start
|switch|p1a: Incineroar|Incineroar, L50, M, shiny|100/100
|switch|p1b: Volcarona|Volcarona, L50, F, shiny|100/100
|switch|p2a: Annihilape|Annihilape, L50, F|100/100
|switch|p2b: Whimsicott|Whimsicott, L50, M|100/100
|-ability|p1a: Incineroar|Intimidate|boost
|-unboost|p2a: Annihilape|atk|1
|-ability|p2a: Annihilape|Defiant|boost
|-boost|p2a: Annihilape|atk|2
|-unboost|p2b: Whimsicott|atk|1
|-enditem|p1a: Incineroar|Mirror Herb
|-boost|p1a: Incineroar|atk|2|[from] item: Mirror Herb
|turn|1
|
|t:|1756452806
|-terastallize|p1a: Incineroar|Ghost
|move|p2b: Whimsicott|Tailwind|p2b: Whimsicott
|-sidestart|p2: Maxblueface|move: Tailwind
|move|p2a: Annihilape|Rage Fist|p1a: Incineroar
|-supereffective|p1a: Incineroar
|-damage|p1a: Incineroar|40/100
|move|p1b: Volcarona|Giga Drain|p2a: Annihilape
|-damage|p2a: Annihilape|76/100
|move|p1a: Incineroar|Knock Off|p2a: Annihilape
|-damage|p2a: Annihilape|0 fnt
|-enditem|p2a: Annihilape|Safety Goggles|[from] move: Knock Off|[of] p1a: Incineroar
|faint|p2a: Annihilape
|
|upkeep
|
|t:|1756452821
|switch|p2a: Garchomp|Garchomp, L50, F|100/100
|turn|2
|
|t:|1756452834
|switch|p2b: Hydreigon|Hydreigon, L50, F|100/100
|move|p1b: Volcarona|Protect|p1b: Volcarona
|-singleturn|p1b: Volcarona|Protect
|move|p2a: Garchomp|Earthquake|p1a: Incineroar|[spread] p1a
|-activate|p1b: Volcarona|move: Protect
|-immune|p2b: Hydreigon|[from] ability: Levitate
|-damage|p1a: Incineroar|0 fnt
|faint|p1a: Incineroar
|-damage|p2a: Garchomp|91/100|[from] item: Life Orb
|
|upkeep
|
|t:|1756452843
|switch|p1a: Dondozo|Dondozo, L50, M, shiny|100/100
|turn|3
|
|t:|1756452863
|move|p2a: Garchomp|Protect|p2a: Garchomp
|-singleturn|p2a: Garchomp|Protect
|move|p2b: Hydreigon|Draco Meteor|p1b: Volcarona
|-damage|p1b: Volcarona|0 fnt
|-unboost|p2b: Hydreigon|spa|2
|faint|p1b: Volcarona
|move|p1a: Dondozo|Liquidation|p2a: Garchomp
|-activate|p2a: Garchomp|move: Protect
|
|upkeep
|
|t:|1756452869
|switch|p1b: Venusaur|Venusaur, L50, F, shiny|100/100
|turn|4
|
|t:|1756452898
|switch|p2b: Whimsicott|Whimsicott, L50, M|100/100
|-terastallize|p2a: Garchomp|Steel
|move|p2a: Garchomp|Rock Slide|p1b: Venusaur|[spread] p1a,p1b
|-damage|p1a: Dondozo|88/100
|-damage|p1b: Venusaur|75/100
|-damage|p2a: Garchomp|81/100|[from] item: Life Orb
|move|p1b: Venusaur|Sludge Bomb|p2b: Whimsicott
|-supereffective|p2b: Whimsicott
|-enditem|p2b: Whimsicott|Focus Sash
|-damage|p2b: Whimsicott|1/100
|cant|p1a: Dondozo|flinch
|
|-heal|p1a: Dondozo|95/100|[from] item: Leftovers
|-sideend|p2: Maxblueface|move: Tailwind
|upkeep
|turn|5
|
|t:|1756452928
|move|p2b: Whimsicott|Tailwind|p2b: Whimsicott
|-sidestart|p2: Maxblueface|move: Tailwind
|move|p2a: Garchomp|Dragon Claw|p1a: Dondozo
|-damage|p1a: Dondozo|66/100
|-damage|p2a: Garchomp|71/100|[from] item: Life Orb
|move|p1b: Venusaur|Earth Power|p2a: Garchomp
|-supereffective|p2a: Garchomp
|-damage|p2a: Garchomp|16/100
|move|p1a: Dondozo|Liquidation|p2b: Whimsicott
|-resisted|p2b: Whimsicott
|-damage|p2b: Whimsicott|0 fnt
|faint|p2b: Whimsicott
|
|-heal|p1a: Dondozo|73/100|[from] item: Leftovers
|upkeep
|
|t:|1756452941
|switch|p2b: Hydreigon|Hydreigon, L50, F|100/100
|turn|6
|
|t:|1756452971
|move|p1b: Venusaur|Protect|p1b: Venusaur
|-singleturn|p1b: Venusaur|Protect
|move|p1a: Dondozo|Protect|p1a: Dondozo
|-singleturn|p1a: Dondozo|Protect
|move|p2a: Garchomp|Earthquake|p1a: Dondozo|[spread] 
|-activate|p1a: Dondozo|move: Protect
|-activate|p1b: Venusaur|move: Protect
|-immune|p2b: Hydreigon|[from] ability: Levitate
|move|p2b: Hydreigon|Heat Wave|p1a: Dondozo|[spread] 
|-activate|p1a: Dondozo|move: Protect
|-activate|p1b: Venusaur|move: Protect
|
|-heal|p1a: Dondozo|79/100|[from] item: Leftovers
|upkeep
|turn|7
|
|t:|1756452992
|move|p2a: Garchomp|Earthquake|p1a: Dondozo|[spread] p1a,p1b
|-immune|p2b: Hydreigon|[from] ability: Levitate
|-damage|p1a: Dondozo|51/100
|-damage|p1b: Venusaur|16/100
|-damage|p2a: Garchomp|7/100|[from] item: Life Orb
|move|p2b: Hydreigon|Heat Wave|p1a: Dondozo|[spread] p1a,p1b
|-resisted|p1a: Dondozo
|-supereffective|p1b: Venusaur
|-damage|p1a: Dondozo|36/100
|-damage|p1b: Venusaur|0 fnt
|faint|p1b: Venusaur
|move|p1a: Dondozo|Liquidation|p2a: Garchomp
|-damage|p2a: Garchomp|0 fnt
|-damage|p1a: Dondozo|24/100|[from] ability: Rough Skin|[of] p2a: Garchomp
|faint|p2a: Garchomp
|
|-heal|p1a: Dondozo|30/100|[from] item: Leftovers
|upkeep
|turn|8
|
|t:|1756453009
|move|p1a: Dondozo|Protect|p1a: Dondozo
|-singleturn|p1a: Dondozo|Protect
|move|p2b: Hydreigon|Heat Wave|p1a: Dondozo
|-activate|p1a: Dondozo|move: Protect
|
|-heal|p1a: Dondozo|36/100|[from] item: Leftovers
|-sideend|p2: Maxblueface|move: Tailwind
|upkeep
|turn|9
|
|t:|1756453017
|move|p2b: Hydreigon|Heat Wave|p1a: Dondozo|[miss]
|-miss|p2b: Hydreigon|p1a: Dondozo
|move|p1a: Dondozo|Yawn|p2b: Hydreigon
|-start|p2b: Hydreigon|move: Yawn|[of] p1a: Dondozo
|
|-heal|p1a: Dondozo|43/100|[from] item: Leftovers
|upkeep
|turn|10
|
|t:|1756453024
|move|p1a: Dondozo|Protect|p1a: Dondozo
|-singleturn|p1a: Dondozo|Protect
|move|p2b: Hydreigon|Heat Wave|p1a: Dondozo
|-activate|p1a: Dondozo|move: Protect
|
|-heal|p1a: Dondozo|49/100|[from] item: Leftovers
|-end|p2b: Hydreigon|move: Yawn|[silent]
|-status|p2b: Hydreigon|slp
|upkeep
|turn|11
|
|t:|1756453030
|cant|p2b: Hydreigon|slp
|move|p1a: Dondozo|Liquidation|p2b: Hydreigon
|-resisted|p2b: Hydreigon
|-damage|p2b: Hydreigon|84/100 slp
|
|-heal|p1a: Dondozo|55/100|[from] item: Leftovers
|upkeep
|turn|12
|
|t:|1756453036
|-curestatus|p2b: Hydreigon|slp|[msg]
|move|p2b: Hydreigon|Heat Wave|p1a: Dondozo
|-resisted|p1a: Dondozo
|-damage|p1a: Dondozo|34/100
|move|p1a: Dondozo|Liquidation|p2b: Hydreigon
|-resisted|p2b: Hydreigon
|-damage|p2b: Hydreigon|67/100
|-unboost|p2b: Hydreigon|def|1
|
|-heal|p1a: Dondozo|40/100|[from] item: Leftovers
|upkeep
|turn|13
|
|t:|1756453046
|move|p1a: Dondozo|Protect|p1a: Dondozo
|-singleturn|p1a: Dondozo|Protect
|move|p2b: Hydreigon|Heat Wave|p1a: Dondozo
|-activate|p1a: Dondozo|move: Protect
|
|-heal|p1a: Dondozo|47/100|[from] item: Leftovers
|upkeep
|turn|14
|
|t:|1756453052
|move|p2b: Hydreigon|Heat Wave|p1a: Dondozo
|-resisted|p1a: Dondozo
|-damage|p1a: Dondozo|27/100
|move|p1a: Dondozo|Yawn|p2b: Hydreigon
|-start|p2b: Hydreigon|move: Yawn|[of] p1a: Dondozo
|
|-heal|p1a: Dondozo|33/100|[from] item: Leftovers
|upkeep
|turn|15
|
|t:|1756453060
|move|p1a: Dondozo|Protect|p1a: Dondozo
|-singleturn|p1a: Dondozo|Protect
|move|p2b: Hydreigon|Heat Wave|p1a: Dondozo
|-activate|p1a: Dondozo|move: Protect
|
|-heal|p1a: Dondozo|39/100|[from] item: Leftovers
|-end|p2b: Hydreigon|move: Yawn|[silent]
|-status|p2b: Hydreigon|slp
|upkeep
|turn|16
|
|t:|1756453066
|cant|p2b: Hydreigon|slp
|move|p1a: Dondozo|Liquidation|p2b: Hydreigon
|-resisted|p2b: Hydreigon
|-damage|p2b: Hydreigon|49/100 slp
|
|-heal|p1a: Dondozo|45/100|[from] item: Leftovers
|upkeep
|turn|17
|
|t:|1756453073
|cant|p2b: Hydreigon|slp
|move|p1a: Dondozo|Liquidation|p2b: Hydreigon
|-resisted|p2b: Hydreigon
|-damage|p2b: Hydreigon|31/100 slp
|-unboost|p2b: Hydreigon|def|1
|
|-heal|p1a: Dondozo|52/100|[from] item: Leftovers
|upkeep
|turn|18
|
|t:|1756453080
|cant|p2b: Hydreigon|slp
|move|p1a: Dondozo|Liquidation|p2b: Hydreigon
|-resisted|p2b: Hydreigon
|-damage|p2b: Hydreigon|14/100 slp
|
|-heal|p1a: Dondozo|58/100|[from] item: Leftovers
|upkeep
|turn|19
|
|t:|1756453087
|-curestatus|p2b: Hydreigon|slp|[msg]
|move|p2b: Hydreigon|Heat Wave|p1a: Dondozo
|-resisted|p1a: Dondozo
|-damage|p1a: Dondozo|37/100
|move|p1a: Dondozo|Liquidation|p2b: Hydreigon
|-resisted|p2b: Hydreigon
|-damage|p2b: Hydreigon|0 fnt
|faint|p2b: Hydreigon
|
|win|jagheter
