|j|☆SelvesterTheYAK
|j|☆blazemark
|html|SelvesterTheYAKblazemark    
|uhtml|bestof|Game 3 of a best-of-3
|t:|1757631812
|gametype|doubles
|player|p1|SelvesterTheYAK|2|1082
|player|p2|blazemark|101|1053
|gen|9
|tier|[Gen 9] VGC 2025 Reg H (Bo3)
|rated|
|rule|Species Clause: Limit one of each Pokémon
|rule|Item Clause: Limit 1 of each item
|clearpoke
|poke|p1|Tyranitar, L50, M|
|poke|p1|Arcanine-Hisui, L50, M|
|poke|p1|Gholdengo, L50|
|poke|p1|Corviknight, L50, M|
|poke|p1|Amoonguss, L50, M|
|poke|p1|Garchomp, L50, F|
|poke|p2|Magnezone, L50|
|poke|p2|Pelipper, L50, F|
|poke|p2|Incineroar, L50, F|
|poke|p2|Meowscarada, L50, F|
|poke|p2|Basculegion, L50, M|
|poke|p2|Dragapult, L50, F|
|teampreview|4
|showteam|p1|Tyranitar||AssaultVest|SandStream|RockSlide,KnockOff,TeraBlast,LowKick|||M|||50|,,,,,Flying]Arcanine-Hisui||ClearAmulet|Intimidate|RockSlide,FlareBlitz,ExtremeSpeed,Protect|||M|||50|,,,,,Water]Gholdengo||MetalCoat|GoodasGold|MakeItRain,ShadowBall,NastyPlot,Protect||||||50|,,,,,Flying]Corviknight||CovertCloak|MirrorArmor|BraveBird,Tailwind,Taunt,BulkUp|||M|||50|,,,,,Dragon]Amoonguss||SitrusBerry|Regenerator|Spore,RagePowder,ClearSmog,Protect|||M|||50|,,,,,Water]Garchomp||LifeOrb|RoughSkin|Earthquake,DragonClaw,StompingTantrum,Protect|||F|||50|,,,,,Steel
|showteam|p2|Magnezone||Leftovers|Analytic|Thunder,FlashCannon,Protect,VoltSwitch||||||50|,,,,,Electric]Pelipper||CovertCloak|Drizzle|Hurricane,WeatherBall,WideGuard,Tailwind|||F|||50|,,,,,Ground]Incineroar||SafetyGoggles|Intimidate|FakeOut,PartingShot,KnockOff,WillOWisp|||F|||50|,,,,,Ground]Meowscarada||LifeOrb|Protean|TrickRoom,FlowerTrick,SuckerPunch,Protect|||F|||50|,,,,,Steel]Basculegion||FocusSash|SwiftSwim|WaveCrash,AquaJet,Protect,LastRespects|||M|||50|,,,,,Water]Dragapult||ChoiceBand|Infiltrator|DragonDarts,BreakingSwipe,Uturn,TeraBlast|||F|||50|,,,,,Ghost
|inactive|Battle timer is ON: inactive players will automatically lose when time's up. (requested by blazemark)
|l|☆blazemark
|inactive|blazemark disconnected and has a minute to reconnect!
|player|p2|
|j|☆blazemark
|inactive|blazemark reconnected and has 65 seconds left.
|player|p2|blazemark|101|
|inactive|SelvesterTheYAK has 60 seconds left.
|inactive|blazemark has 60 seconds left.
|
|t:|1757631863
|teamsize|p1|4
|teamsize|p2|4
|start
|switch|p1a: Arcanine|Arcanine-Hisui, L50, M|100/100
|switch|p1b: Amoonguss|Amoonguss, L50, M|100/100
|switch|p2a: Magnezone|Magnezone, L50|100/100
|switch|p2b: Dragapult|Dragapult, L50, F|100/100
|-ability|p1a: Arcanine|Intimidate|boost
|-unboost|p2a: Magnezone|atk|1
|-unboost|p2b: Dragapult|atk|1
|turn|1
|inactive|SelvesterTheYAK has 30 seconds left.
|
|t:|1757631893
|-terastallize|p2a: Magnezone|Electric
|move|p2b: Dragapult|Dragon Darts|p1b: Amoonguss
|-damage|p1b: Amoonguss|81/100
|-anim|p2b: Dragapult|Dragon Darts|p1a: Arcanine
|-damage|p1a: Arcanine|71/100
|move|p1a: Arcanine|Rock Slide|p2b: Dragapult|[spread] p2a,p2b
|-damage|p2a: Magnezone|70/100
|-damage|p2b: Dragapult|64/100
|move|p2a: Magnezone|Thunder|p1b: Amoonguss
|-resisted|p1b: Amoonguss
|-damage|p1b: Amoonguss|46/100
|-status|p1b: Amoonguss|par
|-enditem|p1b: Amoonguss|Sitrus Berry|[eat]
|-heal|p1b: Amoonguss|71/100 par|[from] item: Sitrus Berry
|move|p1b: Amoonguss|Spore|p2a: Magnezone
|-status|p2a: Magnezone|slp|[from] move: Spore
|
|-heal|p2a: Magnezone|76/100 slp|[from] item: Leftovers
|upkeep
|turn|2
|inactive|SelvesterTheYAK has 30 seconds left.
|inactive|SelvesterTheYAK has 20 seconds left.
|
|t:|1757631929
|move|p2b: Dragapult|Dragon Darts|p1a: Arcanine
|-damage|p1a: Arcanine|42/100
|-anim|p2b: Dragapult|Dragon Darts|p1b: Amoonguss
|-damage|p1b: Amoonguss|49/100 par
|move|p1a: Arcanine|Flare Blitz|p2b: Dragapult
|-resisted|p2b: Dragapult
|-damage|p2b: Dragapult|22/100
|-damage|p1a: Arcanine|29/100|[from] Recoil
|cant|p2a: Magnezone|slp
|move|p1b: Amoonguss|Spore|p2b: Dragapult
|-status|p2b: Dragapult|slp|[from] move: Spore
|
|-heal|p2a: Magnezone|82/100 slp|[from] item: Leftovers
|upkeep
|turn|3
|
|t:|1757631949
|switch|p1b: Garchomp|Garchomp, L50, F|100/100
|cant|p2b: Dragapult|slp
|move|p1a: Arcanine|Rock Slide|p2b: Dragapult|[spread] p2a,p2b
|-damage|p2a: Magnezone|56/100 slp
|-damage|p2b: Dragapult|0 fnt
|faint|p2b: Dragapult
|-curestatus|p2a: Magnezone|slp|[msg]
|cant|p2a: Magnezone|flinch
|
|-heal|p2a: Magnezone|62/100|[from] item: Leftovers
|upkeep
|
|t:|1757631958
|switch|p2b: Basculegion|Basculegion, L50, M|100/100
|turn|4
|
|t:|1757631979
|-terastallize|p1b: Garchomp|Steel
|move|p1a: Arcanine|Protect|p1a: Arcanine
|-singleturn|p1a: Arcanine|Protect
|move|p2a: Magnezone|Protect|p2a: Magnezone
|-singleturn|p2a: Magnezone|Protect
|move|p2b: Basculegion|Aqua Jet|p1a: Arcanine
|-activate|p1a: Arcanine|move: Protect
|move|p1b: Garchomp|Earthquake|p2b: Basculegion|[spread] p2b
|-activate|p1a: Arcanine|move: Protect
|-activate|p2a: Magnezone|move: Protect
|-damage|p2b: Basculegion|31/100
|-damage|p1b: Garchomp|91/100|[from] item: Life Orb
|
|-heal|p2a: Magnezone|68/100|[from] item: Leftovers
|upkeep
|turn|5
|inactive|SelvesterTheYAK has 30 seconds left.
|
|t:|1757632006
|switch|p1a: Amoonguss|Amoonguss, L50, M|82/100 par
|switch|p2a: Pelipper|Pelipper, L50, F|100/100
|-weather|RainDance|[from] ability: Drizzle|[of] p2a: Pelipper
|move|p2b: Basculegion|Last Respects|p1b: Garchomp
|-damage|p1b: Garchomp|47/100
|move|p1b: Garchomp|Stomping Tantrum|p2b: Basculegion
|-damage|p2b: Basculegion|0 fnt
|faint|p2b: Basculegion
|-damage|p1b: Garchomp|37/100|[from] item: Life Orb
|
|-weather|RainDance|[upkeep]
|upkeep
|
|t:|1757632015
|switch|p2b: Magnezone|Magnezone, L50, tera:Electric|68/100
|turn|6
|
|t:|1757632035
|switch|p1b: Tyranitar|Tyranitar, L50, M|100/100
|-weather|Sandstorm|[from] ability: Sand Stream|[of] p1b: Tyranitar
|move|p2b: Magnezone|Protect|p2b: Magnezone
|-singleturn|p2b: Magnezone|Protect
|move|p2a: Pelipper|Hurricane|p1a: Amoonguss
|-supereffective|p1a: Amoonguss
|-damage|p1a: Amoonguss|3/100 par
|cant|p1a: Amoonguss|par
|
|-weather|Sandstorm|[upkeep]
|-damage|p2a: Pelipper|95/100|[from] Sandstorm
|-damage|p2b: Magnezone|62/100|[from] Sandstorm
|-damage|p1a: Amoonguss|0 fnt|[from] Sandstorm
|faint|p1a: Amoonguss
|-heal|p2b: Magnezone|68/100|[from] item: Leftovers
|upkeep
|
|t:|1757632055
|switch|p1a: Arcanine|Arcanine-Hisui, L50, M|29/100
|-ability|p1a: Arcanine|Intimidate|boost
|-unboost|p2a: Pelipper|atk|1
|-unboost|p2b: Magnezone|atk|1
|turn|7
|
|t:|1757632065
|move|p2b: Magnezone|Protect||[still]
|-fail|p2b: Magnezone
|move|p1a: Arcanine|Rock Slide|p2b: Magnezone|[spread] p2a,p2b
|-supereffective|p2a: Pelipper
|-damage|p2a: Pelipper|19/100
|-damage|p2b: Magnezone|40/100
|move|p2a: Pelipper|Weather Ball|p1a: Arcanine
|-supereffective|p1a: Arcanine
|-damage|p1a: Arcanine|0 fnt
|faint|p1a: Arcanine
|move|p1b: Tyranitar|Knock Off|p2b: Magnezone
|-damage|p2b: Magnezone|0 fnt
|-enditem|p2b: Magnezone|Leftovers|[from] move: Knock Off|[of] p1b: Tyranitar
|faint|p2b: Magnezone
|
|-weather|Sandstorm|[upkeep]
|-damage|p2a: Pelipper|13/100|[from] Sandstorm
|upkeep
|
|t:|1757632081
|switch|p1a: Garchomp|Garchomp, L50, F, tera:Steel|37/100
|turn|8
|-message|blazemark forfeited.
|
|win|SelvesterTheYAK
|raw|SelvesterTheYAK's rating: 1082 → 1107(+25 for winning)
|raw|blazemark's rating: 1053 → 1037(-16 for losing)
|l|☆blazemark
|player|p2|
|l|☆SelvesterTheYAK
|player|p1|
