|j|☆SandroSSB
|j|☆Sir AaronVGC
|html|SandroSSBSir AaronVGC    
|uhtml|bestof|Game 1 of a best-of-3
|t:|1783540889
|gametype|doubles
|player|p1|SandroSSB|brycen|
|player|p2|Sir AaronVGC|#smogonxnpa2026draftee2|
|gen|9
|tier|[Gen 9 Champions] VGC 2026 Reg M-B (Bo3)
|rule|Species Clause: Limit one of each Pokémon
|rule|Item Clause: Limit 1 of each item
|clearpoke
|poke|p1|Metagross, L50, shiny|
|poke|p1|Lycanroc-Dusk, L50, M|
|poke|p1|Hydreigon, L50, M|
|poke|p1|Whimsicott, L50, M, shiny|
|poke|p1|Floette-Eternal, L50, F|
|poke|p1|Incineroar, L50, M|
|poke|p2|Aerodactyl, L50, M, shiny|
|poke|p2|Sneasler, L50, F, shiny|
|poke|p2|Froslass, L50, F|
|poke|p2|Tsareena, L50, F, shiny|
|poke|p2|Kingambit, L50, F|
|poke|p2|Basculegion, L50, M|
|teampreview|4
|showteam|p1|Metagross||Metagrossite|ClearBody|IronHead,PsychicFangs,StompingTantrum,Protect|Jolly|||||50|]Lycanroc-Dusk||FocusSash|ToughClaws|RockSlide,Accelerock,CloseCombat,Protect|Adamant||M|||50|]Hydreigon||LifeOrb|Levitate|DarkPulse,DracoMeteor,EarthPower,Protect|Modest||M|||50|]Whimsicott||FairyFeather|Prankster|Moonblast,Tailwind,Encore,Protect|Timid||M|||50|]Floette-Eternal||Floettite|FlowerVeil|Moonblast,DazzlingGleam,LightofRuin,Protect|Modest||F|||50|]Incineroar||SitrusBerry|Intimidate|FakeOut,FlareBlitz,DarkestLariat,PartingShot|Adamant||M|||50|
|showteam|p2|Aerodactyl||Aerodactylite|Unnerve|RockSlide,DualWingbeat,Tailwind,Protect|Jolly||M|||50|]Sneasler||LifeOrb|PoisonTouch|DireClaw,CloseCombat,FakeOut,Protect|Adamant||F|||50|]Froslass||Froslassite|SnowCloak|Blizzard,ShadowBall,DestinyBond,Protect|Timid||F|||50|]Tsareena||WideLens|QueenlyMajesty|PowerWhip,LowKick,TripleAxel,HelpingHand|Adamant||F|||50|]Kingambit||BlackGlasses|Defiant|KowtowCleave,SuckerPunch,SwordsDance,Protect|Adamant||F|||50|]Basculegion||FocusSash|Adaptability|Liquidation,LastRespects,AquaJet,Protect|Adamant||M|||50|
|inactive|Battle timer is ON: inactive players will automatically lose when time's up. (requested by SandroSSB)
|c|☆SandroSSB|glhf
|c|☆Sir AaronVGC|glhf
|inactive|SandroSSB has 60 seconds left.
|inactive|SandroSSB has 30 seconds left.
|
|t:|1783540974
|teamsize|p1|4
|teamsize|p2|4
|start
|switch|p1a: Whimsicott|Whimsicott, L50, M, shiny|100/100
|switch|p1b: Floette|Floette-Eternal, L50, F|100/100
|switch|p2a: Robespierre|Kingambit, L50, F|100/100
|switch|p2b: Longclaw|Sneasler, L50, F, shiny|100/100
|turn|1
|
|t:|1783540987
|detailschange|p1b: Floette|Floette-Mega, L50, F
|-mega|p1b: Floette|Floette|Floettite
|-ability|p1b: Floette|Fairy Aura
|move|p2b: Longclaw|Fake Out|p1b: Floette
|-damage|p1b: Floette|70/100
|-damage|p2b: Longclaw|90/100|[from] item: Life Orb
|move|p1a: Whimsicott|Tailwind|p1a: Whimsicott
|-sidestart|p1: SandroSSB|move: Tailwind
|cant|p1b: Floette|flinch
|move|p2a: Robespierre|Swords Dance|p2a: Robespierre
|-boost|p2a: Robespierre|atk|2
|
|upkeep
|turn|2
|
|t:|1783541001
|move|p2a: Robespierre|Protect|p2a: Robespierre
|-singleturn|p2a: Robespierre|Protect
|move|p1a: Whimsicott|Moonblast|p2a: Robespierre
|-activate|p2a: Robespierre|move: Protect
|move|p1b: Floette|Dazzling Gleam|p2a: Robespierre|[spread] p2b
|-activate|p2a: Robespierre|move: Protect
|-damage|p2b: Longclaw|18/100
|move|p2b: Longclaw|Dire Claw|p1a: Whimsicott
|-supereffective|p1a: Whimsicott|2
|-damage|p1a: Whimsicott|0 fnt
|faint|p1a: Whimsicott
|-damage|p2b: Longclaw|9/100|[from] item: Life Orb
|
|upkeep
|
|t:|1783541025
|switch|p1a: Lycanroc|Lycanroc-Dusk, L50, M|100/100
|turn|3
|
|t:|1783541039
|move|p2a: Robespierre|Sucker Punch|p1a: Lycanroc
|-enditem|p1a: Lycanroc|Focus Sash
|-damage|p1a: Lycanroc|1/100
|move|p1a: Lycanroc|Rock Slide|p2a: Robespierre|[spread] p2a
|-miss|p1a: Lycanroc|p2b: Longclaw
|-resisted|p2a: Robespierre|1
|-damage|p2a: Robespierre|89/100
|move|p1b: Floette|Moonblast|p2a: Robespierre
|-damage|p2a: Robespierre|16/100
|move|p2b: Longclaw|Dire Claw|p1b: Floette
|-supereffective|p1b: Floette|1
|-damage|p1b: Floette|0 fnt
|faint|p1b: Floette
|-damage|p2b: Longclaw|0 fnt|[from] item: Life Orb
|faint|p2b: Longclaw
|
|upkeep
|
|t:|1783541056
|switch|p2b: Houndfish|Basculegion, L50, M|100/100
|switch|p1b: Hydreigon|Hydreigon, L50, M|100/100
|turn|4
|
|t:|1783541068
|move|p1a: Lycanroc|Protect|p1a: Lycanroc
|-singleturn|p1a: Lycanroc|Protect
|move|p2b: Houndfish|Aqua Jet|p1a: Lycanroc
|-activate|p1a: Lycanroc|move: Protect
|move|p1b: Hydreigon|Dark Pulse|p2b: Houndfish
|-supereffective|p2b: Houndfish|1
|-enditem|p2b: Houndfish|Focus Sash
|-damage|p2b: Houndfish|1/100
|-damage|p1b: Hydreigon|90/100|[from] item: Life Orb
|move|p2a: Robespierre|Kowtow Cleave|p1b: Hydreigon
|-resisted|p1b: Hydreigon|1
|-damage|p1b: Hydreigon|26/100
|
|-sideend|p1: SandroSSB|move: Tailwind
|upkeep
|turn|5
|
|t:|1783541087
|move|p1a: Lycanroc|Accelerock|p2b: Houndfish
|-damage|p2b: Houndfish|0 fnt
|faint|p2b: Houndfish
|move|p2a: Robespierre|Sucker Punch|p1b: Hydreigon
|-resisted|p1b: Hydreigon|1
|-crit|p1b: Hydreigon
|-damage|p1b: Hydreigon|0 fnt
|faint|p1b: Hydreigon
|
|upkeep
|
|t:|1783541092
|switch|p2b: Aria|Froslass, L50, F|100/100
|turn|6
|
|t:|1783541098
|detailschange|p2b: Aria|Froslass-Mega, L50, F
|-mega|p2b: Aria|Froslass|Froslassite
|-weather|Snowscape|[from] ability: Snow Warning|[of] p2b: Aria
|move|p1a: Lycanroc|Accelerock|p2b: Aria
|-supereffective|p2b: Aria|1
|-damage|p2b: Aria|45/100
|move|p2b: Aria|Blizzard|p1a: Lycanroc
|-damage|p1a: Lycanroc|0 fnt
|faint|p1a: Lycanroc
|
|win|Sir AaronVGC
||SandroSSB is ready for game 2.
||Sir AaronVGC is ready for game 2.
|uhtml|next|Next: Game 2 of 3
