|j|☆MushyMia727
|j|☆maya hoppins
|html|MushyMia727maya hoppins    
|uhtml|bestof|Game 2 of a best-of-3
|t:|1785768265
|gametype|doubles
|player|p1|MushyMia727|265|
|player|p2|maya hoppins|dahlia|
|gen|9
|tier|[Gen 9 Champions] VGC 2026 Reg M-B (Bo3)
|rule|Species Clause: Limit one of each Pokémon
|rule|Item Clause: Limit 1 of each item
|clearpoke
|poke|p1|Gardevoir, L50, M, shiny|
|poke|p1|Delphox, L50, F, shiny|
|poke|p1|Tsareena, L50, F, shiny|
|poke|p1|Lucario, L50, F, shiny|
|poke|p1|Talonflame, L50, F|
|poke|p1|Garchomp, L50, F, shiny|
|poke|p2|Arcanine-Hisui, L50, F|
|poke|p2|Meowscarada, L50, M|
|poke|p2|Raichu, L50, F|
|poke|p2|Milotic, L50, M|
|poke|p2|Ninetales-Alola, L50, M|
|poke|p2|Ditto, L50|
|teampreview|4
|showteam|p1|Gardevoir||ChoiceScarf|Telepathy|DazzlingGleam,Moonblast,Psychic,EnergyBall|Modest||M|||50|]Delphox||Delphoxite|Blaze|HeatWave,Protect,Psychic,ScorchingSands|Modest||F|||50|]Tsareena||WideLens|QueenlyMajesty|HelpingHand,PowerWhip,HighJumpKick,Protect|Adamant||F|||50|]Lucario||Lucarionite|InnerFocus|ExtremeSpeed,CloseCombat,BulletPunch,Protect|Jolly||F|||50|]Talonflame||FocusSash|GaleWings|Tailwind,FlareBlitz,DualWingbeat,BraveBird|Adamant||F|||50|]Garchomp||YacheBerry|RoughSkin|RockSlide,Protect,DragonClaw,Earthquake|Adamant||F|||50|
|showteam|p2|Arcanine-Hisui||ChoiceScarf|RockHead|FlareBlitz,RockSlide,ExtremeSpeed,HeadSmash|Adamant||F|||50|]Meowscarada||FocusSash|Overgrow|Protect,FlowerTrick,ThroatChop,SuckerPunch|Adamant||M|||50|]Raichu||RaichuniteX|Static|Protect,FakeOut,VoltTackle,PlayRough|Jolly||F|||50|]Milotic||Leftovers|MarvelScale|Protect,Scald,IcyWind,MirrorCoat|Modest||M|||50|]Ninetales-Alola||BabiriBerry|SnowWarning|FreezeDry,Blizzard,IcyWind,Protect|Timid||M|||50|]Ditto||LifeOrb|Imposter|Transform|Bashful|||||50|
|
|t:|1785768290
|teamsize|p1|4
|teamsize|p2|4
|start
|switch|p1a: Delphox|Delphox, L50, F, shiny|100/100
|switch|p1b: Tsareena|Tsareena, L50, F, shiny|100/100
|switch|p2a: Arcanine|Arcanine-Hisui, L50, F|100/100
|switch|p2b: Ditto|Ditto, L50|100/100
|-transform|p2b: Ditto|p1a: Delphox|[from] ability: Imposter
|turn|1
|
|t:|1785768318
|detailschange|p1a: Delphox|Delphox-Mega, L50, F, shiny
|-mega|p1a: Delphox|Delphox|Delphoxite
|move|p1b: Tsareena|Protect|p1b: Tsareena
|-singleturn|p1b: Tsareena|Protect
|move|p2a: Arcanine|Rock Slide|p1b: Tsareena|[spread] 
|-activate|p1b: Tsareena|move: Protect
|-miss|p2a: Arcanine|p1a: Delphox
|move|p1a: Delphox|Scorching Sands|p2a: Arcanine
|-supereffective|p2a: Arcanine|2
|-damage|p2a: Arcanine|0 fnt
|faint|p2a: Arcanine
|move|p2b: Ditto|Heat Wave|p1a: Delphox|[spread] 
|-activate|p1b: Tsareena|move: Protect
|-miss|p2b: Ditto|p1a: Delphox
|
|upkeep
|
|t:|1785768348
|switch|p2a: Milotic|Milotic, L50, M|100/100
|turn|2
|
|t:|1785768359
|move|p2a: Milotic|Protect|p2a: Milotic
|-singleturn|p2a: Milotic|Protect
|move|p1a: Delphox|Scorching Sands|p2b: Ditto
|-supereffective|p2b: Ditto|1
|-damage|p2b: Ditto|27/100
|move|p2b: Ditto|Heat Wave|p1b: Tsareena|[spread] p1b
|-miss|p2b: Ditto|p1a: Delphox
|-supereffective|p1b: Tsareena|1
|-damage|p1b: Tsareena|0 fnt
|faint|p1b: Tsareena
|-damage|p2b: Ditto|18/100|[from] item: Life Orb
|
|upkeep
|
|t:|1785768363
|switch|p1b: Talonflame|Talonflame, L50, F|100/100
|turn|3
|
|t:|1785768371
|move|p1b: Talonflame|Tailwind|p1b: Talonflame
|-sidestart|p1: MushyMia727|move: Tailwind
|move|p1a: Delphox|Heat Wave|p2a: Milotic|[spread] p2b
|-miss|p1a: Delphox|p2a: Milotic
|-resisted|p2b: Ditto|1
|-damage|p2b: Ditto|0 fnt
|faint|p2b: Ditto
|move|p2a: Milotic|Scald|p1a: Delphox
|-supereffective|p1a: Delphox|1
|-damage|p1a: Delphox|31/100
|
|upkeep
|
|t:|1785768372
|switch|p2b: Raichu|Raichu, L50, F|100/100
|turn|4
|
|t:|1785768384
|switch|p1b: Gardevoir|Gardevoir, L50, M, shiny|100/100
|detailschange|p2b: Raichu|Raichu-Mega-X, L50, F
|-mega|p2b: Raichu|Raichu|Raichunite X
|-fieldstart|move: Electric Terrain|[from] ability: Electric Surge|[of] p2b: Raichu
|move|p1a: Delphox|Protect|p1a: Delphox
|-singleturn|p1a: Delphox|Protect
|move|p2b: Raichu|Fake Out|p1b: Gardevoir
|-damage|p1b: Gardevoir|76/100
|move|p2a: Milotic|Scald|p1b: Gardevoir
|-damage|p1b: Gardevoir|39/100
|-status|p1b: Gardevoir|brn
|
|-damage|p1b: Gardevoir|33/100 brn|[from] brn
|upkeep
|turn|5
|
|t:|1785768401
|move|p2b: Raichu|Protect|p2b: Raichu
|-singleturn|p2b: Raichu|Protect
|move|p1a: Delphox|Scorching Sands|p2b: Raichu
|-activate|p2b: Raichu|move: Protect
|move|p1b: Gardevoir|Energy Ball|p2a: Milotic
|-supereffective|p2a: Milotic|1
|-damage|p2a: Milotic|50/100g
|move|p2a: Milotic|Scald|p1b: Gardevoir
|-damage|p1b: Gardevoir|1/100 brn
|
|-heal|p2a: Milotic|56/100|[from] item: Leftovers
|-damage|p1b: Gardevoir|0 fnt|[from] brn
|faint|p1b: Gardevoir
|upkeep
|
|t:|1785768405
|switch|p1b: Talonflame|Talonflame, L50, F|100/100
|turn|6
|
|t:|1785768414
|move|p1b: Talonflame|Brave Bird|p2a: Milotic
|-damage|p2a: Milotic|14/100
|-damage|p1b: Talonflame|81/100|[from] Recoil
|move|p1a: Delphox|Scorching Sands|p2b: Raichu
|-supereffective|p2b: Raichu|1
|-damage|p2b: Raichu|18/100
|-status|p2b: Raichu|brn
|move|p2b: Raichu|Volt Tackle|p1b: Talonflame
|-supereffective|p1b: Talonflame|1
|-damage|p1b: Talonflame|0 fnt
|faint|p1b: Talonflame
|-damage|p2b: Raichu|0 fnt|[from] Recoil
|faint|p2b: Raichu
|move|p2a: Milotic|Scald|p1a: Delphox
|-supereffective|p1a: Delphox|1
|-damage|p1a: Delphox|0 fnt
|faint|p1a: Delphox
|
|win|maya hoppins
