|j|☆bruGno
|j|☆Dike Guard
|html|bruGnoDike Guard    
|uhtml|bestof|Game 1 of a best-of-3
|t:|1786194009
|gametype|doubles
|player|p1|bruGno|ash-kalos|1399
|player|p2|Dike Guard|2|1508
|gen|9
|tier|[Gen 9 Champions] VGC 2026 Reg M-B (Bo3)
|rated|
|rule|Species Clause: Limit one of each Pokémon
|rule|Item Clause: Limit 1 of each item
|clearpoke
|poke|p1|Venusaur, L50, M|
|poke|p1|Charizard, L50, M|
|poke|p1|Grimmsnarl, L50, M|
|poke|p1|Archaludon, L50, F|
|poke|p1|Pelipper, L50, F|
|poke|p1|Basculegion, L50, M|
|poke|p2|Floette-Eternal, L50, F|
|poke|p2|Sinistcha-Masterpiece, L50|
|poke|p2|Incineroar, L50, M|
|poke|p2|Delphox, L50, F|
|poke|p2|Sneasler, L50, M|
|poke|p2|Garchomp, L50, F|
|teampreview|4
|showteam|p1|Venusaur||FocusSash|Chlorophyll|SludgeBomb,EarthPower,SleepPowder,Protect|Modest||M|||50|]Charizard||CharizarditeY|Blaze|Protect,HeatWave,SolarBeam,WeatherBall|Modest||M|||50|]Grimmsnarl||LightClay|Prankster|SpiritBreak,LightScreen,Reflect,PartingShot|Sassy||M|||50|]Archaludon||Leftovers|Stamina|ElectroShot,DragonPulse,FlashCannon,Protect|Calm||F|||50|]Pelipper||SitrusBerry|Drizzle|Hurricane,WeatherBall,Tailwind,Protect|Modest||F|||50|]Basculegion||ChoiceScarf|Adaptability|WaveCrash,LastRespects,AquaJet,FlipTurn|Jolly||M|||50|
|showteam|p2|Floette-Eternal||Floettite|FlowerVeil|DazzlingGleam,Moonblast,CalmMind,Protect|Modest||F|||50|]Sinistcha-Masterpiece||KasibBerry|Hospitality|MatchaGotcha,RagePowder,TrickRoom,Protect|Bold|||||50|]Incineroar||SitrusBerry|Intimidate|FlareBlitz,PartingShot,FakeOut,DarkestLariat|Impish||M|||50|]Delphox||Delphoxite|Blaze|HeatWave,Psychic,NastyPlot,Protect|Timid||F|||50|]Sneasler||FocusSash|PoisonTouch|PoisonJab,CloseCombat,FakeOut,QuickGuard|Jolly||M|||50|]Garchomp||ChoiceScarf|RoughSkin|Earthquake,RockSlide,StompingTantrum,DragonClaw|Adamant||F|||50|
|inactive|Battle timer is ON: inactive players will automatically lose when time's up. (requested by bruGno)
|c|☆Dike Guard|glhf
|c|☆bruGno|glhf
|inactive|bruGno has 60 seconds left.
|
|t:|1786194075
|teamsize|p1|4
|teamsize|p2|4
|start
|switch|p1a: Pelipper|Pelipper, L50, F|100/100
|switch|p1b: Basculegion|Basculegion, L50, M|100/100
|switch|p2a: Floette|Floette-Eternal, L50, F|100/100
|switch|p2b: Incineroar|Incineroar, L50, M|100/100
|-weather|RainDance|[from] ability: Drizzle|[of] p1a: Pelipper
|-ability|p2b: Incineroar|Intimidate|boost
|-unboost|p1a: Pelipper|atk|1
|-unboost|p1b: Basculegion|atk|1
|turn|1
|inactive|bruGno has 30 seconds left.
|
|t:|1786194106
|detailschange|p2a: Floette|Floette-Mega, L50, F
|-mega|p2a: Floette|Floette|Floettite
|-ability|p2a: Floette|Fairy Aura
|move|p2b: Incineroar|Fake Out|p1a: Pelipper
|-damage|p1a: Pelipper|87/100
|move|p1b: Basculegion|Flip Turn|p2a: Floette
|-damage|p2a: Floette|63/100
|
|t:|1786194113
|switch|p1b: Archaludon|Archaludon, L50, F|100/100|[from] Flip Turn
|move|p2a: Floette|Moonblast|p1b: Archaludon
|-damage|p1b: Archaludon|43/100
|-ability|p1b: Archaludon|Stamina|boost
|-boost|p1b: Archaludon|def|1
|cant|p1a: Pelipper|flinch
|
|-weather|RainDance|[upkeep]
|-heal|p1b: Archaludon|49/100|[from] item: Leftovers
|upkeep
|turn|2
|inactive|bruGno has 30 seconds left.
|inactive|Dike Guard has 30 seconds left.
|
|t:|1786194141
|switch|p2b: Sinistcha|Sinistcha-Masterpiece, L50|100/100
|-heal|p2a: Floette|88/100|[from] ability: Hospitality|[of] p2b: Sinistcha
|move|p2a: Floette|Calm Mind|p2a: Floette
|-boost|p2a: Floette|spa|1
|-boost|p2a: Floette|spd|1
|move|p1b: Archaludon|Electro Shot||[still]
|-prepare|p1b: Archaludon|Electro Shot
|-boost|p1b: Archaludon|spa|1
|-anim|p1b: Archaludon|Electro Shot|p2b: Sinistcha
|-resisted|p2b: Sinistcha|1
|-damage|p2b: Sinistcha|74/100
|move|p1a: Pelipper|Tailwind|p1a: Pelipper
|-sidestart|p1: bruGno|move: Tailwind
|
|-weather|RainDance|[upkeep]
|-heal|p1b: Archaludon|55/100|[from] item: Leftovers
|upkeep
|turn|3
|inactive|Dike Guard has 30 seconds left.
|
|t:|1786194168
|switch|p2b: Incineroar|Incineroar, L50, M|100/100
|-ability|p2b: Incineroar|Intimidate|boost
|-unboost|p1a: Pelipper|atk|1
|-unboost|p1b: Archaludon|atk|1
|move|p2a: Floette|Protect|p2a: Floette
|-singleturn|p2a: Floette|Protect
|move|p1b: Archaludon|Electro Shot||[still]
|-prepare|p1b: Archaludon|Electro Shot
|-boost|p1b: Archaludon|spa|1
|-anim|p1b: Archaludon|Electro Shot|p2a: Floette
|-activate|p2a: Floette|move: Protect
|move|p1a: Pelipper|Hurricane|p2a: Floette
|-activate|p2a: Floette|move: Protect
|
|-weather|RainDance|[upkeep]
|-heal|p1b: Archaludon|61/100|[from] item: Leftovers
|upkeep
|turn|4
|inactive|bruGno has 30 seconds left.
|inactive|Dike Guard has 30 seconds left.
|inactive|bruGno has 20 seconds left.
|
|t:|1786194208
|move|p1b: Archaludon|Protect|p1b: Archaludon
|-singleturn|p1b: Archaludon|Protect
|move|p2b: Incineroar|Fake Out|p1b: Archaludon
|-activate|p1b: Archaludon|move: Protect
|move|p1a: Pelipper|Weather Ball|p2b: Incineroar
|-supereffective|p2b: Incineroar|1
|-damage|p2b: Incineroar|7/100
|-enditem|p2b: Incineroar|Sitrus Berry|[eat]
|-heal|p2b: Incineroar|32/100|[from] item: Sitrus Berry
|move|p2a: Floette|Dazzling Gleam|p1b: Archaludon|[spread] p1a
|-activate|p1b: Archaludon|move: Protect
|-damage|p1a: Pelipper|16/100
|-enditem|p1a: Pelipper|Sitrus Berry|[eat]
|-heal|p1a: Pelipper|41/100|[from] item: Sitrus Berry
|
|-weather|RainDance|[upkeep]
|-heal|p1b: Archaludon|67/100|[from] item: Leftovers
|upkeep
|turn|5
|inactive|bruGno has 30 seconds left.
|inactive|Dike Guard has 30 seconds left.
|
|t:|1786194241
|move|p2a: Floette|Protect|p2a: Floette
|-singleturn|p2a: Floette|Protect
|move|p1b: Archaludon|Flash Cannon|p2a: Floette
|-activate|p2a: Floette|move: Protect
|move|p1a: Pelipper|Hurricane|p2b: Incineroar
|-damage|p2b: Incineroar|0 fnt
|faint|p2b: Incineroar
|
|-weather|none
|-heal|p1b: Archaludon|73/100|[from] item: Leftovers
|-sideend|p1: bruGno|move: Tailwind
|upkeep
|
|t:|1786194254
|switch|p2b: Garchomp|Garchomp, L50, F|100/100
|turn|6
|
|t:|1786194260
|switch|p1a: Charizard|Charizard, L50, M|100/100
|move|p1b: Archaludon|Protect|p1b: Archaludon
|-singleturn|p1b: Archaludon|Protect
|move|p2b: Garchomp|Stomping Tantrum|p1b: Archaludon
|-activate|p1b: Archaludon|move: Protect
|move|p2a: Floette|Dazzling Gleam|p1a: Charizard|[spread] p1a
|-activate|p1b: Archaludon|move: Protect
|-resisted|p1a: Charizard|1
|-damage|p1a: Charizard|59/100
|
|-heal|p1b: Archaludon|79/100|[from] item: Leftovers
|upkeep
|turn|7
|inactive|bruGno has 30 seconds left.
|
|t:|1786194286
|detailschange|p1a: Charizard|Charizard-Mega-Y, L50, M
|-mega|p1a: Charizard|Charizard|Charizardite Y
|-weather|SunnyDay|[from] ability: Drought|[of] p1a: Charizard
|move|p2b: Garchomp|Stomping Tantrum|p1b: Archaludon
|-supereffective|p1b: Archaludon|1
|-damage|p1b: Archaludon|34/100
|-ability|p1b: Archaludon|Stamina|boost
|-boost|p1b: Archaludon|def|1
|move|p1a: Charizard|Heat Wave|p2a: Floette|[spread] p2a
|-miss|p1a: Charizard|p2b: Garchomp
|-damage|p2a: Floette|58/100
|move|p2a: Floette|Dazzling Gleam|p1b: Archaludon|[spread] p1a,p1b
|-resisted|p1a: Charizard|1
|-damage|p1a: Charizard|30/100
|-damage|p1b: Archaludon|0 fnt
|faint|p1b: Archaludon
|
|-weather|SunnyDay|[upkeep]
|upkeep
|
|t:|1786194301
|switch|p1b: Basculegion|Basculegion, L50, M|100/100
|turn|8
|inactive|Dike Guard has 30 seconds left.
|
|t:|1786194334
|switch|p2b: Sinistcha|Sinistcha-Masterpiece, L50|74/100
|-heal|p2a: Floette|83/100|[from] ability: Hospitality|[of] p2b: Sinistcha
|move|p2a: Floette|Protect|p2a: Floette
|-singleturn|p2a: Floette|Protect
|move|p1b: Basculegion|Last Respects|p2a: Floette
|-activate|p2a: Floette|move: Protect
|move|p1a: Charizard|Heat Wave|p2b: Sinistcha|[spread] p2b
|-activate|p2a: Floette|move: Protect
|-supereffective|p2b: Sinistcha|1
|-damage|p2b: Sinistcha|0 fnt
|faint|p2b: Sinistcha
|
|-weather|SunnyDay|[upkeep]
|upkeep
|
|t:|1786194345
|switch|p2b: Garchomp|Garchomp, L50, F|100/100
|turn|9
|
|t:|1786194358
|move|p2b: Garchomp|Rock Slide|p1b: Basculegion|[spread] p1a,p1b
|-supereffective|p1a: Charizard|2
|-crit|p1a: Charizard
|-damage|p1a: Charizard|0 fnt
|-damage|p1b: Basculegion|76/100
|faint|p1a: Charizard
|move|p1b: Basculegion|Last Respects|p2a: Floette
|-damage|p2a: Floette|0 fnt
|faint|p2a: Floette
|
|-weather|SunnyDay|[upkeep]
|upkeep
|
|t:|1786194365
|switch|p1a: Pelipper|Pelipper, L50, F|41/100
|-weather|RainDance|[from] ability: Drizzle|[of] p1a: Pelipper
|turn|10
|
|t:|1786194379
|move|p1a: Pelipper|Protect|p1a: Pelipper
|-singleturn|p1a: Pelipper|Protect
|move|p2b: Garchomp|Rock Slide|p1b: Basculegion|[spread] p1b
|-activate|p1a: Pelipper|move: Protect
|-damage|p1b: Basculegion|53/100
|move|p1b: Basculegion|Last Respects|p2b: Garchomp
|-damage|p2b: Garchomp|12/100
|
|-weather|RainDance|[upkeep]
|upkeep
|turn|11
|
|t:|1786194392
|move|p2b: Garchomp|Rock Slide|p1a: Pelipper|[spread] p1a
|-miss|p2b: Garchomp|p1b: Basculegion
|-supereffective|p1a: Pelipper|1
|-damage|p1a: Pelipper|0 fnt
|faint|p1a: Pelipper
|move|p1b: Basculegion|Last Respects|p2b: Garchomp
|-damage|p2b: Garchomp|0 fnt
|faint|p2b: Garchomp
|
|win|bruGno
||Dike Guard is ready for game 2.
||bruGno is ready for game 2.
|uhtml|next|Next: Game 2 of 3
|l|☆bruGno
|player|p1|
