|j|☆crullvgc
|j|☆livy_mon
|html|crullvgclivy_mon    
|uhtml|bestof|Game 2 of a best-of-3
|t:|1756526642
|gametype|doubles
|player|p1|crullvgc|janitor|1178
|player|p2|livy_mon|lady|1000
|gen|9
|tier|[Gen 9] VGC 2025 Reg H (Bo3)
|rated|
|rule|Species Clause: Limit one of each Pokémon
|rule|Item Clause: Limit 1 of each item
|clearpoke
|poke|p1|Garchomp, L50, M|
|poke|p1|Talonflame, L50, F|
|poke|p1|Primarina, L50, F|
|poke|p1|Electabuzz, L50, F|
|poke|p1|Rillaboom, L50, F|
|poke|p1|Gholdengo, L50|
|poke|p2|Dragonite, L50, F|
|poke|p2|Ursaluna-Bloodmoon, L50, M|
|poke|p2|Gholdengo, L50|
|poke|p2|Incineroar, L50, M|
|poke|p2|Whimsicott, L50, M|
|poke|p2|Primarina, L50, M|
|teampreview|4
|showteam|p1|Garchomp||LifeOrb|RoughSkin|StompingTantrum,Earthquake,DragonClaw,Protect|||M|||50|,,,,,Fire]Talonflame||CovertCloak|GaleWings|Tailwind,WillOWisp,DualWingbeat,Taunt|||F|||50|,,,,,Dark]Primarina||ThroatSpray|LiquidVoice|HyperVoice,Moonblast,Haze,Protect|||F|||50|,,,,,Poison]Electabuzz||Eviolite|VitalSpirit|FollowMe,Electroweb,HelpingHand,Protect|||F|||50|,,,,,Ghost]Rillaboom||AssaultVest|GrassySurge|FakeOut,GrassyGlide,WoodHammer,HighHorsepower|||F|||50|,,,,,Fire]Gholdengo||MetalCoat|GoodasGold|MakeItRain,ShadowBall,NastyPlot,Protect||||||50|,,,,,Steel
|showteam|p2|Dragonite||LoadedDice|InnerFocus|ScaleShot,Haze,Protect,ExtremeSpeed|||F|||50|,,,,,Water]Ursaluna-Bloodmoon||LifeOrb|MindsEye|BloodMoon,EarthPower,Protect,Moonblast|||M|||50|,,,,,Fairy]Gholdengo||Leftovers|GoodasGold|Protect,ShadowBall,MakeItRain,NastyPlot||||||50|,,,,,Water]Incineroar||SafetyGoggles|Intimidate|FakeOut,WillOWisp,KnockOff,PartingShot|||M|||50|,,,,,Ghost]Whimsicott||CovertCloak|Prankster|Encore,Moonblast,Protect,Tailwind|||M|||50|,,,,,Ground]Primarina||ThroatSpray|LiquidVoice|HyperVoice,IcyWind,DazzlingGleam,Protect|||M|||50|,,,,,Water
|inactive|Battle timer is ON: inactive players will automatically lose when time's up. (requested by livy_mon)
|inactive|crullvgc has 60 seconds left.
|inactive|livy_mon has 60 seconds left.
|
|t:|1756526692
|teamsize|p1|4
|teamsize|p2|4
|start
|switch|p1a: Talonflame|Talonflame, L50, F|100/100
|switch|p1b: Rillaboom|Rillaboom, L50, F|100/100
|switch|p2a: Incineroar|Incineroar, L50, M, shiny|100/100
|switch|p2b: Ursaluna|Ursaluna-Bloodmoon, L50, M|100/100
|-fieldstart|move: Grassy Terrain|[from] ability: Grassy Surge|[of] p1b: Rillaboom
|-ability|p2a: Incineroar|Intimidate|boost
|-unboost|p1a: Talonflame|atk|1
|-unboost|p1b: Rillaboom|atk|1
|turn|1
|inactive|crullvgc has 30 seconds left.
|inactive|livy_mon has 30 seconds left.
|inactive|crullvgc has 20 seconds left.
|inactive|livy_mon has 20 seconds left.
|inactive|livy_mon has 15 seconds left.
|
|t:|1756526732
|switch|p2b: Whimsicott|Whimsicott, L50, M|100/100
|move|p1a: Talonflame|Tailwind|p1a: Talonflame
|-sidestart|p1: crullvgc|move: Tailwind
|move|p1b: Rillaboom|Wood Hammer|p2b: Whimsicott
|-resisted|p2b: Whimsicott
|-damage|p2b: Whimsicott|80/100
|-damage|p1b: Rillaboom|95/100|[from] Recoil
|move|p2a: Incineroar|Knock Off|p1a: Talonflame
|-damage|p1a: Talonflame|43/100
|-enditem|p1a: Talonflame|Covert Cloak|[from] move: Knock Off|[of] p2a: Incineroar
|
|-heal|p1b: Rillaboom|100/100|[from] Grassy Terrain
|-heal|p2b: Whimsicott|86/100|[from] Grassy Terrain
|upkeep
|turn|2
|
|t:|1756526752
|move|p2b: Whimsicott|Encore|p1a: Talonflame
|-start|p1a: Talonflame|Encore
|move|p1a: Talonflame|Tailwind||[still]
|-fail|p1a: Talonflame
|move|p1b: Rillaboom|High Horsepower|p2a: Incineroar
|-supereffective|p2a: Incineroar
|-damage|p2a: Incineroar|59/100
|move|p2a: Incineroar|Knock Off|p1b: Rillaboom
|-damage|p1b: Rillaboom|65/100
|-enditem|p1b: Rillaboom|Assault Vest|[from] move: Knock Off|[of] p2a: Incineroar
|
|-heal|p1b: Rillaboom|71/100|[from] Grassy Terrain
|-heal|p2b: Whimsicott|92/100|[from] Grassy Terrain
|-heal|p2a: Incineroar|65/100|[from] Grassy Terrain
|upkeep
|turn|3
|inactive|livy_mon has 30 seconds left.
|
|t:|1756526778
|switch|p1a: Primarina|Primarina, L50, F|100/100
|switch|p2a: Ursaluna|Ursaluna-Bloodmoon, L50, M|100/100
|move|p1b: Rillaboom|High Horsepower|p2a: Ursaluna
|-damage|p2a: Ursaluna|87/100
|move|p2b: Whimsicott|Moonblast|p1b: Rillaboom
|-damage|p1b: Rillaboom|45/100
|
|-heal|p1b: Rillaboom|51/100|[from] Grassy Terrain
|-heal|p2b: Whimsicott|98/100|[from] Grassy Terrain
|-heal|p2a: Ursaluna|93/100|[from] Grassy Terrain
|upkeep
|turn|4
|inactive|livy_mon has 30 seconds left.
|
|t:|1756526805
|move|p1b: Rillaboom|Grassy Glide|p2a: Ursaluna
|-supereffective|p2a: Ursaluna
|-damage|p2a: Ursaluna|59/100
|move|p2b: Whimsicott|Encore|p1b: Rillaboom
|-start|p1b: Rillaboom|Encore
|move|p1a: Primarina|Hyper Voice|p2b: Whimsicott|[spread] p2a,p2b
|-supereffective|p2a: Ursaluna
|-resisted|p2b: Whimsicott
|-damage|p2a: Ursaluna|0 fnt
|-damage|p2b: Whimsicott|78/100
|faint|p2a: Ursaluna
|-enditem|p1a: Primarina|Throat Spray
|-boost|p1a: Primarina|spa|1|[from] item: Throat Spray
|
|-heal|p1b: Rillaboom|57/100|[from] Grassy Terrain
|-heal|p2b: Whimsicott|84/100|[from] Grassy Terrain
|-sideend|p1: crullvgc|move: Tailwind
|upkeep
|
|t:|1756526819
|switch|p2a: Gholdengo|Gholdengo, L50|100/100
|turn|5
|inactive|crullvgc has 30 seconds left.
|
|t:|1756526846
|switch|p1b: Talonflame|Talonflame, L50, F|43/100
|-terastallize|p1a: Primarina|Poison
|move|p2b: Whimsicott|Tailwind|p2b: Whimsicott
|-sidestart|p2: livy_mon|move: Tailwind
|move|p2a: Gholdengo|Make It Rain|p1b: Talonflame|[spread] p1a,p1b
|-resisted|p1b: Talonflame
|-damage|p1a: Primarina|62/100
|-damage|p1b: Talonflame|6/100
|-unboost|p2a: Gholdengo|spa|1
|move|p1a: Primarina|Moonblast|p2a: Gholdengo
|-resisted|p2a: Gholdengo
|-damage|p2a: Gholdengo|59/100
|
|-heal|p2a: Gholdengo|65/100|[from] Grassy Terrain
|-heal|p2a: Gholdengo|71/100|[from] item: Leftovers
|-heal|p2b: Whimsicott|90/100|[from] Grassy Terrain
|-heal|p1a: Primarina|68/100|[from] Grassy Terrain
|-fieldend|move: Grassy Terrain
|upkeep
|turn|6
|inactive|livy_mon has 30 seconds left.
|
|t:|1756526879
|move|p2a: Gholdengo|Nasty Plot|p2a: Gholdengo
|-boost|p2a: Gholdengo|spa|2
|move|p2b: Whimsicott|Moonblast|p1b: Talonflame
|-resisted|p1b: Talonflame
|-damage|p1b: Talonflame|0 fnt
|faint|p1b: Talonflame
|move|p1a: Primarina|Hyper Voice|p2a: Gholdengo|[spread] p2a,p2b
|-resisted|p2b: Whimsicott
|-damage|p2a: Gholdengo|15/100
|-damage|p2b: Whimsicott|57/100
|
|-heal|p2a: Gholdengo|21/100|[from] item: Leftovers
|upkeep
|
|t:|1756526891
|switch|p1b: Rillaboom|Rillaboom, L50, F|57/100
|-fieldstart|move: Grassy Terrain|[from] ability: Grassy Surge|[of] p1b: Rillaboom
|turn|7
|inactive|livy_mon has 30 seconds left.
|
|t:|1756526920
|move|p1b: Rillaboom|Grassy Glide|p2a: Gholdengo
|-resisted|p2a: Gholdengo
|-damage|p2a: Gholdengo|1/100
|move|p2a: Gholdengo|Shadow Ball|p1a: Primarina
|-damage|p1a: Primarina|16/100
|move|p2b: Whimsicott|Moonblast|p1b: Rillaboom
|-damage|p1b: Rillaboom|30/100
|move|p1a: Primarina|Moonblast|p2a: Gholdengo
|-resisted|p2a: Gholdengo
|-damage|p2a: Gholdengo|0 fnt
|faint|p2a: Gholdengo
|
|-heal|p2b: Whimsicott|63/100|[from] Grassy Terrain
|-heal|p1b: Rillaboom|36/100|[from] Grassy Terrain
|-heal|p1a: Primarina|22/100|[from] Grassy Terrain
|upkeep
|
|t:|1756526936
|switch|p2a: Incineroar|Incineroar, L50, M, shiny|65/100
|-ability|p2a: Incineroar|Intimidate|boost
|-unboost|p1a: Primarina|atk|1
|-unboost|p1b: Rillaboom|atk|1
|turn|8
|
|t:|1756526950
|move|p1a: Primarina|Protect|p1a: Primarina
|-singleturn|p1a: Primarina|Protect
|move|p2a: Incineroar|Fake Out|p1a: Primarina
|-activate|p1a: Primarina|move: Protect
|move|p2b: Whimsicott|Moonblast|p1b: Rillaboom
|-damage|p1b: Rillaboom|10/100
|-unboost|p1b: Rillaboom|spa|1
|move|p1b: Rillaboom|High Horsepower|p2a: Incineroar
|-supereffective|p2a: Incineroar
|-damage|p2a: Incineroar|23/100
|
|-heal|p2b: Whimsicott|69/100|[from] Grassy Terrain
|-heal|p2a: Incineroar|29/100|[from] Grassy Terrain
|-heal|p1b: Rillaboom|15/100|[from] Grassy Terrain
|-heal|p1a: Primarina|28/100|[from] Grassy Terrain
|-sideend|p2: livy_mon|move: Tailwind
|upkeep
|turn|9
|inactive|livy_mon has 30 seconds left.
|inactive|livy_mon has 20 seconds left.
|inactive|livy_mon has 15 seconds left.
|
|t:|1756526991
|switch|p1a: Gholdengo|Gholdengo, L50|100/100
|-terastallize|p2a: Incineroar|Ghost
|move|p2b: Whimsicott|Tailwind|p2b: Whimsicott
|-sidestart|p2: livy_mon|move: Tailwind
|move|p2a: Incineroar|Knock Off|p1a: Gholdengo
|-supereffective|p1a: Gholdengo
|-damage|p1a: Gholdengo|20/100
|-enditem|p1a: Gholdengo|Metal Coat|[from] move: Knock Off|[of] p2a: Incineroar
|move|p1b: Rillaboom|High Horsepower|p2a: Incineroar
|-damage|p2a: Incineroar|7/100
|
|-heal|p2b: Whimsicott|75/100|[from] Grassy Terrain
|-heal|p2a: Incineroar|13/100|[from] Grassy Terrain
|-heal|p1a: Gholdengo|26/100|[from] Grassy Terrain
|-heal|p1b: Rillaboom|21/100|[from] Grassy Terrain
|upkeep
|turn|10
|
|t:|1756527009
|move|p1a: Gholdengo|Protect|p1a: Gholdengo
|-singleturn|p1a: Gholdengo|Protect
|move|p1b: Rillaboom|Grassy Glide|p2a: Incineroar
|-crit|p2a: Incineroar
|-damage|p2a: Incineroar|0 fnt
|faint|p2a: Incineroar
|move|p2b: Whimsicott|Moonblast|p1b: Rillaboom
|-damage|p1b: Rillaboom|0 fnt
|faint|p1b: Rillaboom
|
|-heal|p2b: Whimsicott|81/100|[from] Grassy Terrain
|-heal|p1a: Gholdengo|32/100|[from] Grassy Terrain
|upkeep
|
|t:|1756527017
|switch|p1b: Primarina|Primarina, L50, F, tera:Poison|28/100
|turn|11
|
|t:|1756527036
|move|p2b: Whimsicott|Moonblast|p1a: Gholdengo
|-resisted|p1a: Gholdengo
|-damage|p1a: Gholdengo|15/100
|-unboost|p1a: Gholdengo|spa|1
|move|p1a: Gholdengo|Make It Rain|p2b: Whimsicott
|-supereffective|p2b: Whimsicott
|-damage|p2b: Whimsicott|0 fnt
|-unboost|p1a: Gholdengo|spa|1
|faint|p2b: Whimsicott
|
|win|crullvgc
|raw|crullvgc's rating: 1178 → 1191(+13 for winning)
|raw|livy_mon's rating: 1000 → 1000(+0 for losing)
|l|☆livy_mon
|player|p2|
