|j|☆redx50
|j|☆viatles
|html|redx50viatles    
|uhtml|bestof|Game 1 of a best-of-3
|t:|1783449708
|gametype|doubles
|player|p1|redx50|red|1240
|player|p2|viatles|hiker|1146
|gen|9
|tier|[Gen 9 Champions] VGC 2026 Reg M-B (Bo3)
|rated|
|rule|Species Clause: Limit one of each Pokémon
|rule|Item Clause: Limit 1 of each item
|clearpoke
|poke|p1|Altaria, L50, F|
|poke|p1|Farigiraf, L50, F|
|poke|p1|Hydreigon, L50, M|
|poke|p1|Tinkaton, L50, F, shiny|
|poke|p1|Greninja, L50, M|
|poke|p1|Arcanine-Hisui, L50, M|
|poke|p2|Beedrill, L50, F, shiny|
|poke|p2|Milotic, L50, F, shiny|
|poke|p2|Farigiraf, L50, M|
|poke|p2|Sinistcha, L50|
|poke|p2|Kingambit, L50, M|
|poke|p2|Diggersby, L50, F|
|teampreview|4
|showteam|p1|Altaria||Altarianite|CloudNine|Protect,HyperVoice,DragonPulse,Haze|Modest||F|||50|]Farigiraf||ColburBerry|ArmorTail|HelpingHand,TrickRoom,PsychicNoise,FoulPlay|Bold||F|||50|]Hydreigon||ChoiceScarf|Levitate|DracoMeteor,DarkPulse,Snarl,EarthPower|Modest||M|||50|]Tinkaton||SitrusBerry|MoldBreaker|FakeOut,PlayRough,Feint,GigatonHammer|Adamant||F|||50|]Greninja||Greninjite|Protean|IcyWind,GrassKnot,Extrasensory,Protect|Timid||M|||50|]Arcanine-Hisui||LifeOrb|Intimidate|RockSlide,FlareBlitz,ExtremeSpeed,Protect|Adamant||M|||50|
|showteam|p2|Beedrill||Beedrillite|Swarm|Uturn,DrillRun,PoisonJab,Protect|Jolly||F|||50|]Milotic||Leftovers|Competitive|Scald,IcyWind,Protect,LifeDew|Bold||F|||50|]Farigiraf||ColburBerry|ArmorTail|TrickRoom,Thunderbolt,TwinBeam,HelpingHand|Bold||M|||50|]Sinistcha||SitrusBerry|Hospitality|MatchaGotcha,RagePowder,Imprison,TrickRoom|Bold|||||50|]Kingambit||BlackGlasses|Defiant|SuckerPunch,Protect,KowtowCleave,LowKick|Adamant||M|||50|]Diggersby||LifeOrb|HugePower|RockSlide,Earthquake,Protect,QuickAttack|Adamant||F|||50|
|inactive|Battle timer is ON: inactive players will automatically lose when time's up. (requested by redx50)
|c|☆viatles|gl hf
|c|☆viatles|awesome team
|inactive|redx50 has 60 seconds left.
|inactive|viatles has 60 seconds left.
|inactive|redx50 has 30 seconds left.
|inactive|redx50 has 20 seconds left.
|inactive|redx50 has 15 seconds left.
|inactive|redx50 has 10 seconds left.
|inactive|redx50 has 5 seconds left.
|
|t:|1783449796
|teamsize|p1|4
|teamsize|p2|4
|start
|switch|p1a: Bacon|Tinkaton, L50, F, shiny|100/100
|switch|p1b: Greninja|Greninja, L50, M|100/100
|switch|p2a: Milotic|Milotic, L50, F, shiny|100/100
|switch|p2b: Malsumas|Beedrill, L50, F, shiny|100/100
|-ability|p1a: Bacon|Mold Breaker
|turn|1
|inactive|redx50 has 30 seconds left.
|
|t:|1783449824
|switch|p2b: Farigiraf|Farigiraf, L50, M|100/100
|move|p1a: Bacon|Fake Out|p2b: Farigiraf
|-damage|p2b: Farigiraf|92/100
|move|p1b: Greninja|Extrasensory|p2b: Farigiraf
|-start|p1b: Greninja|typechange|Psychic|[from] ability: Protean
|-resisted|p2b: Farigiraf|1
|-damage|p2b: Farigiraf|75/100
|move|p2a: Milotic|Icy Wind|p1a: Bacon|[spread] p1a,p1b
|-resisted|p1a: Bacon|1
|-damage|p1a: Bacon|95/100
|-damage|p1b: Greninja|83/100
|-unboost|p1a: Bacon|spe|1
|-unboost|p1b: Greninja|spe|1
|
|upkeep
|turn|2
|inactive|viatles has 30 seconds left.
|
|t:|1783449849
|detailschange|p1b: Greninja|Greninja-Mega, L50, M
|-mega|p1b: Greninja|Greninja|Greninjite
|move|p1b: Greninja|Grass Knot|p2a: Milotic
|-start|p1b: Greninja|typechange|Grass|[from] ability: Protean
|-supereffective|p2a: Milotic|1
|-damage|p2a: Milotic|28/100
|move|p2a: Milotic|Scald|p1a: Bacon
|-damage|p1a: Bacon|68/100
|move|p2b: Farigiraf|Thunderbolt|p1b: Greninja
|-resisted|p1b: Greninja|1
|-damage|p1b: Greninja|67/100
|move|p1a: Bacon|Play Rough|p2a: Milotic|[miss]
|-miss|p1a: Bacon|p2a: Milotic
|
|-heal|p2a: Milotic|34/100|[from] item: Leftovers
|upkeep
|turn|3
|inactive|redx50 has 30 seconds left.
|inactive|viatles has 30 seconds left.
|
|t:|1783449884
|switch|p2a: Malsumas|Beedrill, L50, F, shiny|100/100
|move|p1b: Greninja|Grass Knot|p2a: Malsumas
|-resisted|p2a: Malsumas|2
|-damage|p2a: Malsumas|87/100
|move|p2b: Farigiraf|Twin Beam|p1b: Greninja
|-damage|p1b: Greninja|46/100
|-damage|p1b: Greninja|25/100
|-hitcount|p1b: Greninja|2
|move|p1a: Bacon|Gigaton Hammer|p2b: Farigiraf
|-damage|p2b: Farigiraf|31/100
|
|upkeep
|turn|4
|c|☆redx50|Oh glhf ty u2 sorry didnt realize u messaged lol
|inactive|viatles has 30 seconds left.
|inactive|viatles has 20 seconds left.
|inactive|viatles has 15 seconds left.
|
|t:|1783449927
|switch|p1a: Arcanine|Arcanine-Hisui, L50, M|100/100
|-ability|p1a: Arcanine|Intimidate|boost
|-unboost|p2a: Malsumas|atk|1
|-unboost|p2b: Farigiraf|atk|1
|detailschange|p2a: Malsumas|Beedrill-Mega, L50, F, shiny
|-mega|p2a: Malsumas|Beedrill|Beedrillite
|move|p1b: Greninja|Protect|p1b: Greninja
|-singleturn|p1b: Greninja|Protect
|move|p2a: Malsumas|U-turn|p1b: Greninja
|-activate|p1b: Greninja|move: Protect
|move|p2b: Farigiraf|Thunderbolt|p1a: Arcanine
|-damage|p1a: Arcanine|72/100
|-status|p1a: Arcanine|par
|
|upkeep
|turn|5
|inactive|viatles has 30 seconds left.
|inactive|viatles has 20 seconds left.
|inactive|viatles has 15 seconds left.
|
|t:|1783449967
|switch|p1b: Bacon|Tinkaton, L50, F, shiny|68/100
|-ability|p1b: Bacon|Mold Breaker
|move|p1a: Arcanine|Protect|p1a: Arcanine
|-singleturn|p1a: Arcanine|Protect
|move|p2a: Malsumas|U-turn|p1b: Bacon
|-resisted|p1b: Bacon|2
|-damage|p1b: Bacon|59/100
|
|t:|1783449977
|switch|p2a: Milotic|Milotic, L50, F, shiny|34/100|[from] U-turn
|move|p2b: Farigiraf|Twin Beam|p1a: Arcanine
|-activate|p1a: Arcanine|move: Protect
|
|-heal|p2a: Milotic|40/100|[from] item: Leftovers
|upkeep
|turn|6
|
|t:|1783449998
|move|p2a: Milotic|Protect|p2a: Milotic
|-singleturn|p2a: Milotic|Protect
|move|p1b: Bacon|Fake Out|p2a: Milotic
|-activate|p2a: Milotic|move: Protect
|move|p1a: Arcanine|Rock Slide|p2a: Milotic|[spread] 
|-activate|p2a: Milotic|move: Protect
|-miss|p1a: Arcanine|p2b: Farigiraf
|move|p2b: Farigiraf|Trick Room|p2b: Farigiraf
|-fieldstart|move: Trick Room|[of] p2b: Farigiraf
|
|-heal|p2a: Milotic|46/100|[from] item: Leftovers
|upkeep
|turn|7
|
|t:|1783450018
|move|p1a: Arcanine|Rock Slide|p2a: Milotic|[spread] p2a,p2b
|-damage|p2a: Milotic|11/100
|-damage|p2b: Farigiraf|1/100
|-damage|p1a: Arcanine|62/100 par|[from] item: Life Orb
|move|p2b: Farigiraf|Thunderbolt|p1b: Bacon
|-damage|p1b: Bacon|39/100
|-enditem|p1b: Bacon|Sitrus Berry|[eat]
|-heal|p1b: Bacon|64/100|[from] item: Sitrus Berry
|cant|p2a: Milotic|flinch
|move|p1b: Bacon|Play Rough|p2a: Milotic
|-damage|p2a: Milotic|0 fnt
|faint|p2a: Milotic
|
|upkeep
|
|t:|1783450033
|switch|p2a: Diggersby|Diggersby, L50, F|100/100
|turn|8
|
|t:|1783450042
|switch|p1a: Hydreigon|Hydreigon, L50, M|100/100
|move|p2b: Farigiraf|Helping Hand|p2a: Diggersby
|-singleturn|p2a: Diggersby|Helping Hand|[of] p2b: Farigiraf
|move|p2a: Diggersby|Earthquake|p1a: Hydreigon|[spread] p2b,p1b
|-immune|p1a: Hydreigon|[from] ability: Levitate
|-supereffective|p1b: Bacon|1
|-damage|p2b: Farigiraf|0 fnt
|-damage|p1b: Bacon|0 fnt
|faint|p2b: Farigiraf
|faint|p1b: Bacon
|-damage|p2a: Diggersby|90/100|[from] item: Life Orb
|
|upkeep
|
|t:|1783450057
|switch|p2b: Malsumas|Beedrill-Mega, L50, F, shiny|87/100
|switch|p1b: Arcanine|Arcanine-Hisui, L50, M|62/100 par
|-ability|p1b: Arcanine|Intimidate|boost
|-unboost|p2a: Diggersby|atk|1
|-unboost|p2b: Malsumas|atk|1
|turn|9
|inactive|redx50 has 30 seconds left.
|
|t:|1783450086
|move|p1b: Arcanine|Flare Blitz|p2b: Malsumas
|-supereffective|p2b: Malsumas|1
|-damage|p2b: Malsumas|0 fnt
|faint|p2b: Malsumas
|-damage|p1b: Arcanine|38/100 par|[from] Recoil
|-damage|p1b: Arcanine|28/100 par|[from] item: Life Orb
|move|p2a: Diggersby|Rock Slide|p1b: Arcanine|[spread] p1a,p1b
|-supereffective|p1b: Arcanine|1
|-damage|p1a: Hydreigon|74/100
|-damage|p1b: Arcanine|0 fnt
|faint|p1b: Arcanine
|-damage|p2a: Diggersby|80/100|[from] item: Life Orb
|move|p1a: Hydreigon|Draco Meteor|p2a: Diggersby
|-crit|p2a: Diggersby
|-damage|p2a: Diggersby|0 fnt
|-unboost|p1a: Hydreigon|spa|2
|faint|p2a: Diggersby
|
|win|redx50
||redx50 is ready for game 2.
