|j|☆OreXis945
|j|☆finnjh7
|html|OreXis945finnjh7    
|uhtml|bestof|Game 2 of a best-of-3
|t:|1756914575
|gametype|doubles
|player|p1|OreXis945|101|1151
|player|p2|finnjh7|266|1060
|gen|9
|tier|[Gen 9] VGC 2025 Reg H (Bo3)
|rated|
|rule|Species Clause: Limit one of each Pokémon
|rule|Item Clause: Limit 1 of each item
|clearpoke
|poke|p1|Archaludon, L50, M|
|poke|p1|Sinistcha-Masterpiece, L50|
|poke|p1|Dragonite, L50, M|
|poke|p1|Pelipper, L50, M|
|poke|p1|Ursaluna, L50, M|
|poke|p1|Gholdengo, L50|
|poke|p2|Snorlax, L50, F|
|poke|p2|Sinistcha, L50|
|poke|p2|Maushold, L50|
|poke|p2|Whimsicott, L50, M|
|poke|p2|Blastoise, L50, M|
|poke|p2|Archaludon, L50, M|
|teampreview|4
|showteam|p1|Archaludon||AssaultVest|Stamina|BodyPress,Snarl,ElectroShot,FlashCannon|||M|||50|,,,,,Fighting]Sinistcha-Masterpiece||SitrusBerry|Hospitality|MatchaGotcha,RagePowder,TrickRoom,LifeDew||||||50|,,,,,Dark]Dragonite||LoadedDice|Multiscale|ScaleShot,Protect,Tailwind,Haze|||M|||50|,,,,,Steel]Pelipper||FocusSash|Drizzle|MuddyWater,Hurricane,Tailwind,Protect|||M|||50|,,,,,Ghost]Ursaluna||FlameOrb|Guts|Facade,HeadlongRush,Earthquake,Protect|||M|||50|,,,,,Ghost]Gholdengo||ChoiceScarf|GoodasGold|MakeItRain,TeraBlast,ShadowBall,Trick||||||50|,,,,,Water
|showteam|p2|Snorlax||SitrusBerry|ThickFat|Facade,BellyDrum,Protect,HighHorsepower|||F|||50|,,,,,Ghost]Sinistcha||MentalHerb|Hospitality|MatchaGotcha,StrengthSap,RagePowder,TrickRoom||||||50|,,,,,Dark]Maushold||SafetyGoggles|FriendGuard|RainDance,FollowMe,PopulationBomb,Protect||||||50|,,,,,Bug]Whimsicott||FocusSash|Prankster|SunnyDay,Tailwind,Moonblast,Taunt|||M|||50|,,,,,Dark]Blastoise||WhiteHerb|RainDish|Protect,ShellSmash,FlashCannon,WaterSpout|||M|||50|,,,,,Steel]Archaludon||AssaultVest|Stamina|BodyPress,ElectroShot,DragonPulse,FlashCannon|||M|||50|,,,,,Flying
|inactive|Battle timer is ON: inactive players will automatically lose when time's up. (requested by finnjh7)
|
|t:|1756914609
|teamsize|p1|4
|teamsize|p2|4
|start
|switch|p1a: Dragonite|Dragonite, L50, M|100/100
|switch|p1b: Ursaluna|Ursaluna, L50, M|100/100
|switch|p2a: Snorlax|Snorlax, L50, F, shiny|100/100
|switch|p2b: Maushold|Maushold, L50|100/100
|turn|1
|inactive|finnjh7 has 30 seconds left.
|inactive|finnjh7 has 20 seconds left.
|
|t:|1756914649
|-terastallize|p1b: Ursaluna|Ghost
|move|p2b: Maushold|Follow Me|p2b: Maushold
|-singleturn|p2b: Maushold|move: Follow Me
|move|p1a: Dragonite|Tailwind|p1a: Dragonite
|-sidestart|p1: OreXis945|move: Tailwind
|move|p1b: Ursaluna|Earthquake|p2a: Snorlax|[spread] p2a,p2b
|-immune|p1a: Dragonite
|-damage|p2a: Snorlax|79/100
|-damage|p2b: Maushold|39/100
|move|p2a: Snorlax|Belly Drum|p2a: Snorlax
|-damage|p2a: Snorlax|29/100
|-setboost|p2a: Snorlax|atk|6|[from] move: Belly Drum
|-enditem|p2a: Snorlax|Sitrus Berry|[eat]
|-heal|p2a: Snorlax|54/100|[from] item: Sitrus Berry
|
|-status|p1b: Ursaluna|brn|[from] item: Flame Orb
|upkeep
|turn|2
|
|t:|1756914670
|move|p1a: Dragonite|Haze|p1a: Dragonite
|-clearallboost
|move|p1b: Ursaluna|Earthquake|p2a: Snorlax|[spread] p2a,p2b
|-immune|p1a: Dragonite
|-damage|p2a: Snorlax|17/100
|-damage|p2b: Maushold|0 fnt
|faint|p2b: Maushold
|move|p2a: Snorlax|Facade|p1a: Dragonite
|-damage|p1a: Dragonite|84/100
|
|-damage|p1b: Ursaluna|95/100 brn|[from] brn
|upkeep
|
|t:|1756914676
|switch|p2b: Sinistcha|Sinistcha, L50|100/100
|-heal|p2a: Snorlax|41/100|[from] ability: Hospitality|[of] p2b: Sinistcha
|turn|3
|
|t:|1756914691
|switch|p1b: Archaludon|Archaludon, L50, M|100/100
|move|p2a: Snorlax|Protect|p2a: Snorlax
|-singleturn|p2a: Snorlax|Protect
|move|p1a: Dragonite|Scale Shot|p2b: Sinistcha
|-damage|p2b: Sinistcha|88/100
|-crit|p2b: Sinistcha
|-damage|p2b: Sinistcha|70/100
|-damage|p2b: Sinistcha|56/100
|-crit|p2b: Sinistcha
|-damage|p2b: Sinistcha|35/100
|-damage|p2b: Sinistcha|21/100
|-hitcount|p2b: Sinistcha|5
|-unboost|p1a: Dragonite|def|1
|-boost|p1a: Dragonite|spe|1
|move|p2b: Sinistcha|Trick Room|p2b: Sinistcha
|-fieldstart|move: Trick Room|[of] p2b: Sinistcha
|
|upkeep
|turn|4
|
|t:|1756914714
|switch|p2a: Archaludon|Archaludon, L50, M|100/100
|move|p2b: Sinistcha|Strength Sap|p1a: Dragonite
|-unboost|p1a: Dragonite|atk|1
|-heal|p2b: Sinistcha|100/100
|move|p1b: Archaludon|Body Press|p2a: Archaludon
|-supereffective|p2a: Archaludon
|-damage|p2a: Archaludon|68/100
|-ability|p2a: Archaludon|Stamina|boost
|-boost|p2a: Archaludon|def|1
|move|p1a: Dragonite|Scale Shot|p2a: Archaludon
|-damage|p2a: Archaludon|63/100
|-ability|p2a: Archaludon|Stamina|boost
|-boost|p2a: Archaludon|def|1
|-crit|p2a: Archaludon
|-damage|p2a: Archaludon|48/100
|-ability|p2a: Archaludon|Stamina|boost
|-boost|p2a: Archaludon|def|1
|-damage|p2a: Archaludon|45/100
|-ability|p2a: Archaludon|Stamina|boost
|-boost|p2a: Archaludon|def|1
|-damage|p2a: Archaludon|41/100
|-ability|p2a: Archaludon|Stamina|boost
|-boost|p2a: Archaludon|def|1
|-hitcount|p2a: Archaludon|4
|-unboost|p1a: Dragonite|def|1
|-boost|p1a: Dragonite|spe|1
|
|-sideend|p1: OreXis945|move: Tailwind
|upkeep
|turn|5
|
|t:|1756914736
|switch|p1b: Gholdengo|Gholdengo, L50|100/100
|move|p2b: Sinistcha|Rage Powder|p2b: Sinistcha
|-singleturn|p2b: Sinistcha|move: Rage Powder
|move|p2a: Archaludon|Dragon Pulse|p1a: Dragonite
|-supereffective|p1a: Dragonite
|-damage|p1a: Dragonite|5/100
|move|p1a: Dragonite|Haze|p1a: Dragonite
|-clearallboost
|
|upkeep
|turn|6
|inactive|OreXis945 has 30 seconds left.
|inactive|finnjh7 has 30 seconds left.
|
|t:|1756914762
|switch|p1a: Archaludon|Archaludon, L50, M|100/100
|move|p2b: Sinistcha|Matcha Gotcha|p1a: Archaludon|[spread] p1a,p1b
|-resisted|p1a: Archaludon
|-resisted|p1b: Gholdengo
|-damage|p1a: Archaludon|97/100
|-damage|p1b: Gholdengo|87/100
|-ability|p1a: Archaludon|Stamina|boost
|-boost|p1a: Archaludon|def|1
|move|p2a: Archaludon|Electro Shot||[still]
|-prepare|p2a: Archaludon|Electro Shot
|-boost|p2a: Archaludon|spa|1
|move|p1b: Gholdengo|Shadow Ball|p2b: Sinistcha
|-supereffective|p2b: Sinistcha
|-damage|p2b: Sinistcha|6/100
|-unboost|p2b: Sinistcha|spd|1
|
|upkeep
|turn|7
|inactive|finnjh7 has 30 seconds left.
|
|t:|1756914791
|switch|p1b: Ursaluna|Ursaluna, L50, M, tera:Ghost|95/100 brn
|move|p2b: Sinistcha|Strength Sap|p1a: Archaludon
|-unboost|p1a: Archaludon|atk|1
|-heal|p2b: Sinistcha|62/100
|move|p1a: Archaludon|Snarl|p2a: Archaludon|[spread] p2a,p2b
|-supereffective|p2b: Sinistcha
|-damage|p2a: Archaludon|31/100
|-damage|p2b: Sinistcha|31/100
|-unboost|p2a: Archaludon|spa|1
|-unboost|p2b: Sinistcha|spa|1
|-ability|p2a: Archaludon|Stamina|boost
|-boost|p2a: Archaludon|def|1
|move|p2a: Archaludon|Electro Shot|p1b: Ursaluna|[from] lockedmove
|-damage|p1b: Ursaluna|58/100 brn
|
|-damage|p1b: Ursaluna|52/100 brn|[from] brn
|-fieldend|move: Trick Room
|upkeep
|turn|8
|inactive|OreXis945 has 30 seconds left.
|
|t:|1756914819
|move|p2a: Archaludon|Dragon Pulse|p1b: Ursaluna
|-damage|p1b: Ursaluna|17/100 brn
|move|p1a: Archaludon|Flash Cannon|p2b: Sinistcha
|-damage|p2b: Sinistcha|0 fnt
|faint|p2b: Sinistcha
|move|p1b: Ursaluna|Earthquake|p2a: Archaludon|[spread] p1a,p2a
|-supereffective|p1a: Archaludon
|-supereffective|p2a: Archaludon
|-damage|p1a: Archaludon|45/100
|-damage|p2a: Archaludon|0 fnt
|-ability|p1a: Archaludon|Stamina|boost
|-boost|p1a: Archaludon|def|1
|faint|p2a: Archaludon
|
|-damage|p1b: Ursaluna|11/100 brn|[from] brn
|upkeep
|-message|finnjh7 forfeited.
|
|win|OreXis945
|raw|OreXis945's rating: 1151 → 1170(+19 for winning)
|raw|finnjh7's rating: 1060 → 1046(-14 for losing)
|l|☆finnjh7
|player|p2|
