|j|☆NerdConsultant
|j|☆Stelvius
|html|NerdConsultantStelvius    
|uhtml|bestof|Game 3 of a best-of-3
|t:|1756297606
|gametype|doubles
|player|p1|NerdConsultant|roxie|1184
|player|p2|Stelvius|265|1284
|gen|9
|tier|[Gen 9] VGC 2025 Reg H (Bo3)
|rated|
|rule|Species Clause: Limit one of each Pokémon
|rule|Item Clause: Limit 1 of each item
|clearpoke
|poke|p1|Dragonite, L50, M|
|poke|p1|Ursaluna-Bloodmoon, L50, M|
|poke|p1|Archaludon, L50, F|
|poke|p1|Whimsicott, L50, F|
|poke|p1|Gholdengo, L50|
|poke|p1|Incineroar, L50, M|
|poke|p2|Annihilape, L50, M|
|poke|p2|Archaludon, L50, M|
|poke|p2|Maushold, L50|
|poke|p2|Pelipper, L50, M|
|poke|p2|Murkrow, L50, M|
|poke|p2|Tauros-Paldea-Aqua, L50, M|
|teampreview|4
|showteam|p1|Dragonite||LoadedDice|Multiscale|ScaleShot,ExtremeSpeed,IceSpinner,Protect|||M|||50|,,,,,Fairy]Ursaluna-Bloodmoon||AssaultVest|MindsEye|BloodMoon,HyperVoice,EarthPower,VacuumWave|||M|||50|,,,,,Normal]Archaludon||PowerHerb|Sturdy|ElectroShot,FlashCannon,DracoMeteor,Protect|||F|||50|,,,,,Stellar]Whimsicott||CovertCloak|Prankster|Tailwind,FakeTears,Encore,Moonblast|||F|||50|,,,,,Poison]Gholdengo||ChoiceSpecs|GoodasGold|MakeItRain,ShadowBall,PowerGem,SteelBeam||||||50|,,,,,Steel]Incineroar||MirrorHerb|Intimidate|FakeOut,KnockOff,PartingShot,FlareBlitz|||M|||50|,,,,,Ghost
|showteam|p2|Annihilape||Leftovers|Defiant|DrainPunch,RageFist,BulkUp,Protect|||M|||50|,,,,,Water]Archaludon||AssaultVest|Stamina|FlashCannon,DracoMeteor,BodyPress,ElectroShot|||M|||50|,,,,,Grass]Maushold||SafetyGoggles|FriendGuard|BeatUp,FollowMe,Taunt,Encore||||||50|,,,,,Ghost]Pelipper||FocusSash|Drizzle|Hurricane,WeatherBall,Tailwind,Protect|||M|||50|,,,,,Ghost]Murkrow||Eviolite|Prankster|FoulPlay,Tailwind,Haze,RainDance|||M|||50|,,,,,Ghost]Tauros-Paldea-Aqua||MirrorHerb|Intimidate|WaveCrash,CloseCombat,AquaJet,Protect|||M|||50|,,,,,Grass
|inactive|Battle timer is ON: inactive players will automatically lose when time's up. (requested by Stelvius)
|inactive|NerdConsultant has 60 seconds left.
|inactive|Stelvius has 60 seconds left.
|
|t:|1756297666
|teamsize|p1|4
|teamsize|p2|4
|start
|switch|p1a: Gholdengo|Gholdengo, L50|100/100
|switch|p1b: Whimsicott|Whimsicott, L50, F|100/100
|switch|p2a: Annihilape|Annihilape, L50, M|100/100
|switch|p2b: Maushold|Maushold, L50|100/100
|turn|1
|
|t:|1756297695
|move|p2a: Annihilape|Protect|p2a: Annihilape
|-singleturn|p2a: Annihilape|Protect
|move|p1b: Whimsicott|Tailwind|p1b: Whimsicott
|-sidestart|p1: NerdConsultant|move: Tailwind
|move|p1a: Gholdengo|Make It Rain|p2a: Annihilape|[spread] p2b
|-activate|p2a: Annihilape|move: Protect
|-damage|p2b: Maushold|9/100
|-unboost|p1a: Gholdengo|spa|1
|move|p2b: Maushold|Encore|p1b: Whimsicott
|-start|p1b: Whimsicott|Encore
|
|upkeep
|turn|2
|
|t:|1756297713
|switch|p1b: Ursaluna|Ursaluna-Bloodmoon, L50, M|100/100
|switch|p2b: Archaludon|Archaludon, L50, M|100/100
|-terastallize|p2a: Annihilape|Water
|move|p1a: Gholdengo|Make It Rain|p2b: Archaludon|[spread] p2a,p2b
|-resisted|p2a: Annihilape
|-resisted|p2b: Archaludon
|-damage|p2a: Annihilape|80/100
|-damage|p2b: Archaludon|79/100
|-unboost|p1a: Gholdengo|spa|1
|-ability|p2b: Archaludon|Stamina|boost
|-boost|p2b: Archaludon|def|1
|move|p2a: Annihilape|Rage Fist|p1a: Gholdengo
|-supereffective|p1a: Gholdengo
|-damage|p1a: Gholdengo|0 fnt
|faint|p1a: Gholdengo
|
|-heal|p2a: Annihilape|86/100|[from] item: Leftovers
|upkeep
|
|t:|1756297732
|switch|p1a: Archaludon|Archaludon, L50, F|100/100
|turn|3
|
|t:|1756297751
|move|p2a: Annihilape|Protect|p2a: Annihilape
|-singleturn|p2a: Annihilape|Protect
|move|p1a: Archaludon|Electro Shot||[still]
|-prepare|p1a: Archaludon|Electro Shot
|-boost|p1a: Archaludon|spa|1
|-enditem|p1a: Archaludon|Power Herb
|-anim|p1a: Archaludon|Electro Shot|p2a: Annihilape
|-activate|p2a: Annihilape|move: Protect
|move|p1b: Ursaluna|Earth Power|p2b: Archaludon
|-supereffective|p2b: Archaludon
|-damage|p2b: Archaludon|4/100
|-ability|p2b: Archaludon|Stamina|boost
|-boost|p2b: Archaludon|def|1
|move|p2b: Archaludon|Body Press|p1b: Ursaluna
|-supereffective|p1b: Ursaluna
|-damage|p1b: Ursaluna|32/100
|
|-heal|p2a: Annihilape|92/100|[from] item: Leftovers
|upkeep
|turn|4
|inactive|Stelvius has 30 seconds left.
|inactive|Stelvius has 20 seconds left.
|
|t:|1756297788
|switch|p2a: Maushold|Maushold, L50|9/100
|move|p1a: Archaludon|Flash Cannon|p2b: Archaludon
|-resisted|p2b: Archaludon
|-damage|p2b: Archaludon|0 fnt
|faint|p2b: Archaludon
|move|p1b: Ursaluna|Blood Moon|p2a: Maushold
|-damage|p2a: Maushold|0 fnt
|faint|p2a: Maushold
|
|-sideend|p1: NerdConsultant|move: Tailwind
|upkeep
|
|t:|1756297801
|switch|p2a: Annihilape|Annihilape, L50, M, tera:Water|92/100
|switch|p2b: Pelipper|Pelipper, L50, M|100/100
|-weather|RainDance|[from] ability: Drizzle|[of] p2b: Pelipper
|turn|5
|inactive|Stelvius has 30 seconds left.
|inactive|Stelvius has 20 seconds left.
|inactive|Stelvius has 15 seconds left.
|inactive|Stelvius has 10 seconds left.
|inactive|Stelvius has 5 seconds left.
|
|t:|1756297853
|switch|p1b: Whimsicott|Whimsicott, L50, F|100/100
|move|p1a: Archaludon|Protect|p1a: Archaludon
|-singleturn|p1a: Archaludon|Protect
|move|p2a: Annihilape|Protect|p2a: Annihilape
|-singleturn|p2a: Annihilape|Protect
|move|p2b: Pelipper|Hurricane|p1a: Archaludon
|-activate|p1a: Archaludon|move: Protect
|
|-weather|RainDance|[upkeep]
|-heal|p2a: Annihilape|99/100|[from] item: Leftovers
|upkeep
|turn|6
|
|t:|1756297872
|-terastallize|p1a: Archaludon|Stellar
|move|p2a: Annihilape|Protect||[still]
|-fail|p2a: Annihilape
|move|p1b: Whimsicott|Tailwind|p1b: Whimsicott
|-sidestart|p1: NerdConsultant|move: Tailwind
|move|p1a: Archaludon|Electro Shot||[still]
|-prepare|p1a: Archaludon|Electro Shot
|-boost|p1a: Archaludon|spa|1
|-anim|p1a: Archaludon|Electro Shot|p2a: Annihilape
|-supereffective|p2a: Annihilape
|-damage|p2a: Annihilape|0 fnt
|faint|p2a: Annihilape
|move|p2b: Pelipper|Tailwind|p2b: Pelipper
|-sidestart|p2: Stelvius|move: Tailwind
|
|-weather|RainDance|[upkeep]
|upkeep
|turn|7
|c|☆Stelvius|gg
|c|☆NerdConsultant|gg
|-message|Stelvius forfeited.
|
|win|NerdConsultant
|raw|NerdConsultant's rating: 1184 → 1216(+32 for winning)
|raw|Stelvius's rating: 1284 → 1252(-32 for losing)
|l|☆Stelvius
|player|p2|
