|j|☆viatles
|j|‽repet(evil)
|html|viatlesrepet(evil)    
|uhtml|bestof|Game 1 of a best-of-3
|t:|1756279293
|gametype|doubles
|player|p1|viatles|hiker|1049
|player|p2|repet(evil)|102|1000
|gen|9
|tier|[Gen 9] VGC 2025 Reg H (Bo3)
|rated|
|rule|Species Clause: Limit one of each Pokémon
|rule|Item Clause: Limit 1 of each item
|clearpoke
|poke|p1|Oricorio-Sensu, L50, F|
|poke|p1|Volcarona, L50, F|
|poke|p1|Sylveon, L50, M|
|poke|p1|Murkrow, L50, F|
|poke|p1|Dragapult, L50, F|
|poke|p1|Baxcalibur, L50, M|
|poke|p2|Amoonguss, L50, F|
|poke|p2|Kingdra, L50, M|
|poke|p2|Politoed, L50, M|
|poke|p2|Gothitelle, L50, F|
|poke|p2|Archaludon, L50, F|
|poke|p2|Incineroar, L50, M|
|teampreview|4
|showteam|p1|Oricorio-Sensu||FocusSash|Dancer|QuiverDance,BatonPass,RevelationDance,Protect|||F|||50|,,,,,Fighting]Volcarona||SitrusBerry|FlameBody|QuiverDance,GigaDrain,FieryDance,Protect|||F|||50|,,,,,Grass]Sylveon||ChoiceScarf|Pixilate|HyperVoice,TeraBlast,StoredPower,SleepTalk|||M|||50|,,,,,Ground]Murkrow||Eviolite|Prankster|Tailwind,FoulPlay,Haze,FeatherDance|||F|||50|,,,,,Dark]Dragapult||CovertCloak|ClearBody|DragonCheer,DragonDarts,Protect,PhantomForce|||F|||50|,,,,,Stellar]Baxcalibur||LoadedDice|ThermalExchange|IcicleSpear,ScaleShot,GlaiveRush,Protect|||M|||50|,,,,,Grass
|showteam|p2|Amoonguss||EjectButton|Regenerator|Protect,RagePowder,Spore,PollenPuff|||F|||50|,,,,,Grass]Kingdra||LifeOrb|SwiftSwim|DracoMeteor,WeatherBall,MuddyWater,Protect|||M|||50|,,,,,Water]Politoed||Leftovers|Drizzle|PerishSong,Protect,WeatherBall,Encore|||M|||50|,,,,,Water]Gothitelle||SitrusBerry|ShadowTag|FakeOut,Psychic,Protect,TrickRoom|||F|||50|,,,,,Psychic]Archaludon||PowerHerb|Sturdy|Protect,ElectroShot,FlashCannon,DragonPulse|||F|||50|,,,,,Electric]Incineroar||SafetyGoggles|Intimidate|FakeOut,KnockOff,PartingShot,Protect|||M|||50|,,,,,Fire
|c|☆viatles|gl hf
|inactive|Battle timer is ON: inactive players will automatically lose when time's up. (requested by viatles)
|
|t:|1756279310
|teamsize|p1|4
|teamsize|p2|4
|start
|switch|p1a: Murkrow|Murkrow, L50, F|100/100
|switch|p1b: Sylveon|Sylveon, L50, M|100/100
|switch|p2a: Incineroar|Incineroar, L50, M|100/100
|switch|p2b: Archaludon|Archaludon, L50, F, shiny|100/100
|-ability|p2a: Incineroar|Intimidate|boost
|-unboost|p1a: Murkrow|atk|1
|-unboost|p1b: Sylveon|atk|1
|turn|1
|
|t:|1756279333
|move|p2a: Incineroar|Fake Out|p1a: Murkrow
|-damage|p1a: Murkrow|89/100
|cant|p1a: Murkrow|flinch
|move|p1b: Sylveon|Tera Blast|p2b: Archaludon
|-damage|p2b: Archaludon|24/100
|move|p2b: Archaludon|Flash Cannon|p1b: Sylveon
|-supereffective|p1b: Sylveon
|-damage|p1b: Sylveon|26/100
|
|upkeep
|turn|2
|inactive|viatles has 30 seconds left.
|inactive|repet(evil) has 30 seconds left.
|inactive|repet(evil) has 20 seconds left.
|
|t:|1756279378
|move|p1b: Sylveon|Tera Blast|p2b: Archaludon
|-damage|p2b: Archaludon|0 fnt
|faint|p2b: Archaludon
|move|p2a: Incineroar|Knock Off|p1b: Sylveon
|-resisted|p1b: Sylveon
|-damage|p1b: Sylveon|0 fnt
|-enditem|p1b: Sylveon|Choice Scarf|[from] move: Knock Off|[of] p2a: Incineroar
|faint|p1b: Sylveon
|move|p1a: Murkrow|Foul Play|p2a: Incineroar
|-resisted|p2a: Incineroar
|-damage|p2a: Incineroar|83/100
|
|upkeep
|
|t:|1756279393
|switch|p2b: Gothitelle|Gothitelle, L50, F|100/100
|switch|p1b: Volcarona|Volcarona, L50, F|100/100
|turn|3
|
|t:|1756279410
|move|p1b: Volcarona|Quiver Dance|p1b: Volcarona
|-boost|p1b: Volcarona|spa|1
|-boost|p1b: Volcarona|spd|1
|-boost|p1b: Volcarona|spe|1
|move|p2a: Incineroar|Parting Shot|p1b: Volcarona
|-unboost|p1b: Volcarona|atk|1
|-unboost|p1b: Volcarona|spa|1
|
|t:|1756279419
|switch|p2a: Politoed|Politoed, L50, M|100/100|[from] Parting Shot
|-weather|RainDance|[from] ability: Drizzle|[of] p2a: Politoed
|move|p1a: Murkrow|Foul Play|p2b: Gothitelle
|-supereffective|p2b: Gothitelle
|-damage|p2b: Gothitelle|63/100
|move|p2b: Gothitelle|Trick Room|p2b: Gothitelle
|-fieldstart|move: Trick Room|[of] p2b: Gothitelle
|
|-weather|RainDance|[upkeep]
|upkeep
|turn|4
|inactive|repet(evil) has 30 seconds left.
|
|t:|1756279448
|-terastallize|p1b: Volcarona|Grass
|move|p2b: Gothitelle|Protect|p2b: Gothitelle
|-singleturn|p2b: Gothitelle|Protect
|move|p2a: Politoed|Encore|p1b: Volcarona
|-start|p1b: Volcarona|Encore
|move|p1a: Murkrow|Foul Play|p2a: Politoed
|-damage|p2a: Politoed|79/100
|move|p1b: Volcarona|Quiver Dance|p1b: Volcarona
|-boost|p1b: Volcarona|spa|1
|-boost|p1b: Volcarona|spd|1
|-boost|p1b: Volcarona|spe|1
|
|-weather|RainDance|[upkeep]
|-heal|p2a: Politoed|85/100|[from] item: Leftovers
|upkeep
|turn|5
|inactive|repet(evil) has 30 seconds left.
|
|t:|1756279480
|switch|p2b: Incineroar|Incineroar, L50, M|83/100
|-ability|p2b: Incineroar|Intimidate|boost
|-unboost|p1a: Murkrow|atk|1
|-unboost|p1b: Volcarona|atk|1
|move|p2a: Politoed|Perish Song|p2a: Politoed
|-start|p1a: Murkrow|perish3|[silent]
|-start|p1b: Volcarona|perish3|[silent]
|-start|p2a: Politoed|perish3|[silent]
|-start|p2b: Incineroar|perish3|[silent]
|-fieldactivate|move: Perish Song
|move|p1a: Murkrow|Foul Play|p2b: Incineroar
|-resisted|p2b: Incineroar
|-damage|p2b: Incineroar|64/100
|move|p1b: Volcarona|Quiver Dance|p1b: Volcarona
|-boost|p1b: Volcarona|spa|1
|-boost|p1b: Volcarona|spd|1
|-boost|p1b: Volcarona|spe|1
|
|-weather|RainDance|[upkeep]
|-heal|p2a: Politoed|91/100|[from] item: Leftovers
|-start|p2a: Politoed|perish3
|-start|p1a: Murkrow|perish3
|-start|p2b: Incineroar|perish3
|-start|p1b: Volcarona|perish3
|upkeep
|turn|6
|inactive|viatles has 30 seconds left.
|
|t:|1756279507
|switch|p2b: Gothitelle|Gothitelle, L50, F|63/100
|move|p2a: Politoed|Protect|p2a: Politoed
|-singleturn|p2a: Politoed|Protect
|move|p1a: Murkrow|Foul Play|p2a: Politoed
|-activate|p2a: Politoed|move: Protect
|move|p1b: Volcarona|Quiver Dance|p1b: Volcarona
|-boost|p1b: Volcarona|spa|1
|-boost|p1b: Volcarona|spd|1
|-boost|p1b: Volcarona|spe|1
|
|-weather|RainDance|[upkeep]
|-heal|p2a: Politoed|97/100|[from] item: Leftovers
|-end|p1b: Volcarona|Encore
|-start|p2a: Politoed|perish2
|-start|p1a: Murkrow|perish2
|-start|p1b: Volcarona|perish2
|upkeep
|turn|7
|inactive|repet(evil) has 30 seconds left.
|inactive|repet(evil) has 20 seconds left.
|inactive|repet(evil) has 15 seconds left.
|inactive|repet(evil) has 10 seconds left.
|inactive|repet(evil) has 5 seconds left.
|
|t:|1756279560
|move|p1b: Volcarona|Protect|p1b: Volcarona
|-singleturn|p1b: Volcarona|Protect
|move|p2b: Gothitelle|Fake Out|p1b: Volcarona
|-activate|p1b: Volcarona|move: Protect
|move|p2a: Politoed|Weather Ball|p1a: Murkrow
|-damage|p1a: Murkrow|30/100
|move|p1a: Murkrow|Foul Play|p2b: Gothitelle
|-supereffective|p2b: Gothitelle
|-damage|p2b: Gothitelle|26/100
|-enditem|p2b: Gothitelle|Sitrus Berry|[eat]
|-heal|p2b: Gothitelle|51/100|[from] item: Sitrus Berry
|
|-weather|none
|-heal|p2a: Politoed|100/100|[from] item: Leftovers
|-start|p2a: Politoed|perish1
|-start|p1a: Murkrow|perish1
|-start|p1b: Volcarona|perish1
|-fieldend|move: Trick Room
|upkeep
|turn|8
|inactive|viatles has 30 seconds left.
|
|t:|1756279589
|switch|p2a: Incineroar|Incineroar, L50, M|64/100
|-ability|p2a: Incineroar|Intimidate|boost
|-unboost|p1a: Murkrow|atk|1
|-unboost|p1b: Volcarona|atk|1
|move|p2b: Gothitelle|Protect|p2b: Gothitelle
|-singleturn|p2b: Gothitelle|Protect
|move|p1a: Murkrow|Tailwind|p1a: Murkrow
|-sidestart|p1: viatles|move: Tailwind
|move|p1b: Volcarona|Giga Drain|p2a: Incineroar
|-resisted|p2a: Incineroar
|-damage|p2a: Incineroar|22/100
|
|-start|p1b: Volcarona|perish0
|-start|p1a: Murkrow|perish0
|faint|p1b: Volcarona
|faint|p1a: Murkrow
|upkeep
|
|t:|1756279603
|switch|p1b: Oricorio|Oricorio-Sensu, L50, F|100/100
|turn|9
|
|t:|1756279621
|move|p2a: Incineroar|Protect|p2a: Incineroar
|-singleturn|p2a: Incineroar|Protect
|move|p1b: Oricorio|Revelation Dance|p2a: Incineroar
|-activate|p2a: Incineroar|move: Protect
|move|p2b: Gothitelle|Trick Room|p2b: Gothitelle
|-fieldstart|move: Trick Room|[of] p2b: Gothitelle
|
|upkeep
|turn|10
|
|t:|1756279636
|move|p2b: Gothitelle|Psychic|p1b: Oricorio
|-damage|p1b: Oricorio|53/100
|move|p2a: Incineroar|Knock Off|p1b: Oricorio
|-supereffective|p1b: Oricorio
|-damage|p1b: Oricorio|0 fnt
|-enditem|p1b: Oricorio|Focus Sash|[from] move: Knock Off|[of] p2a: Incineroar
|faint|p1b: Oricorio
|
|win|repet(evil)
