|j|☆RICHARDHAVOC
|j|☆randomguy1114s
|html|RICHARDHAVOCrandomguy1114s    
|uhtml|bestof|Game 1 of a best-of-3
|t:|1757211434
|gametype|doubles
|player|p1|RICHARDHAVOC|101|1386
|player|p2|randomguy1114s|lillie-masters|1322
|gen|9
|tier|[Gen 9] VGC 2025 Reg H (Bo3)
|rated|
|rule|Species Clause: Limit one of each Pokémon
|rule|Item Clause: Limit 1 of each item
|clearpoke
|poke|p1|Whimsicott, L50, F|
|poke|p1|Garchomp, L50, M|
|poke|p1|Gholdengo, L50|
|poke|p1|Incineroar, L50, M|
|poke|p1|Dragonite, L50, M|
|poke|p1|Primarina, L50, F|
|poke|p2|Indeedee-F, L50, F|
|poke|p2|Hatterene, L50, F|
|poke|p2|Torkoal, L50, M|
|poke|p2|Sneasler, L50, M|
|poke|p2|Gallade, L50, M|
|poke|p2|Ursaluna, L50, M|
|teampreview|4
|showteam|p1|Whimsicott||FocusSash|Prankster|Tailwind,Moonblast,Protect,Encore|||F|||50|,,,,,Ghost]Garchomp||LifeOrb|RoughSkin|Earthquake,DragonClaw,StompingTantrum,Protect|||M|||50|,,,,,Ground]Gholdengo||ChoiceSpecs|GoodasGold|ShadowBall,MakeItRain,Trick,Protect||||||50|,,,,,Flying]Incineroar||SafetyGoggles|Intimidate|FakeOut,PartingShot,KnockOff,FlareBlitz|||M|||50|,,,,,Ghost]Dragonite||ChoiceBand|InnerFocus|ExtremeSpeed,LowKick,IceSpinner,Outrage|||M|||50|,,,,,Normal]Primarina||ThroatSpray|LiquidVoice|HyperVoice,Moonblast,Haze,Protect|||F|||50|,,,,,Poison
|showteam|p2|Indeedee-F||SitrusBerry|PsychicSurge|FollowMe,HelpingHand,TrickRoom,Psychic|||F|||50|,,,,,Water]Hatterene||LifeOrb|MagicBounce|ExpandingForce,DazzlingGleam,TrickRoom,Protect|||F|||50|,,,,,Psychic]Torkoal||Charcoal|Drought|Eruption,HeatWave,SolarBeam,Protect|||M|||50|,,,,,Fire]Sneasler||PsychicSeed|Unburden|CloseCombat,DireClaw,ThroatChop,Protect|||M|||50|,,,,,Dark]Gallade||ClearAmulet|Sharpness|SacredSword,PsychoCut,WideGuard,TrickRoom|||M|||50|,,,,,Stellar]Ursaluna||FlameOrb|Guts|HeadlongRush,Facade,Earthquake,Protect|||M|||50|,,,,,Ghost
|
|t:|1757211466
|teamsize|p1|4
|teamsize|p2|4
|start
|switch|p1a: Dragonite|Dragonite, L50, M, shiny|100/100
|switch|p1b: Gholdengo|Gholdengo, L50, shiny|100/100
|switch|p2a: resident helper|Indeedee-F, L50, F, shiny|100/100
|switch|p2b: its massive|Hatterene, L50, F, shiny|100/100
|-fieldstart|move: Psychic Terrain|[from] ability: Psychic Surge|[of] p2a: resident helper
|turn|1
|
|t:|1757211485
|-terastallize|p2a: resident helper|Water
|move|p2b: its massive|Protect|p2b: its massive
|-singleturn|p2b: its massive|Protect
|move|p1b: Gholdengo|Trick|p2a: resident helper
|-activate|p1b: Gholdengo|move: Trick|[of] p2a: resident helper
|-item|p2a: resident helper|Choice Specs|[from] move: Trick
|-item|p1b: Gholdengo|Sitrus Berry|[from] move: Trick
|move|p1a: Dragonite|Ice Spinner|p2a: resident helper
|-resisted|p2a: resident helper
|-damage|p2a: resident helper|80/100
|-fieldend|move: Psychic Terrain
|move|p2a: resident helper|Trick Room|p2a: resident helper
|-fieldstart|move: Trick Room|[of] p2a: resident helper
|
|upkeep
|turn|2
|
|t:|1757211500
|switch|p2b: Ursaluna|Ursaluna, L50, M, shiny|100/100
|switch|p2a: Gallade|Gallade, L50, M|100/100
|switch|p1a: Incineroar|Incineroar, L50, M, shiny|100/100
|-ability|p1a: Incineroar|Intimidate|boost
|-fail|p2a: Gallade|unboost|[from] item: Clear Amulet|[of] p2a: Gallade
|-unboost|p2b: Ursaluna|atk|1
|move|p1b: Gholdengo|Make It Rain|p2b: Ursaluna|[spread] p2a,p2b
|-damage|p2a: Gallade|51/100
|-damage|p2b: Ursaluna|57/100
|-unboost|p1b: Gholdengo|spa|1
|
|-status|p2b: Ursaluna|brn|[from] item: Flame Orb
|upkeep
|turn|3
|
|t:|1757211518
|switch|p2b: resident helper|Indeedee-F, L50, F, shiny, tera:Water|80/100
|-fieldstart|move: Psychic Terrain|[from] ability: Psychic Surge|[of] p2b: resident helper
|-terastallize|p1a: Incineroar|Ghost
|move|p1b: Gholdengo|Protect|p1b: Gholdengo
|-singleturn|p1b: Gholdengo|Protect
|move|p2a: Gallade|Sacred Sword|p1a: Incineroar
|-immune|p1a: Incineroar
|move|p1a: Incineroar|Parting Shot|p2b: resident helper
|-unboost|p2b: resident helper|atk|1
|-unboost|p2b: resident helper|spa|1
|
|t:|1757211527
|switch|p1a: Dragonite|Dragonite, L50, M, shiny|100/100|[from] Parting Shot
|
|upkeep
|turn|4
|
|t:|1757211535
|move|p2a: Gallade|Psycho Cut|p1a: Dragonite
|-damage|p1a: Dragonite|14/100
|move|p2b: resident helper|Psychic|p1a: Dragonite
|-damage|p1a: Dragonite|0 fnt
|faint|p1a: Dragonite
|move|p1b: Gholdengo|Make It Rain|p2a: Gallade|[spread] p2a,p2b
|-resisted|p2b: resident helper
|-damage|p2a: Gallade|21/100
|-damage|p2b: resident helper|66/100
|-unboost|p1b: Gholdengo|spa|1
|
|upkeep
|
|t:|1757211546
|switch|p1a: Garchomp|Garchomp, L50, M, shiny|100/100
|turn|5
|
|t:|1757211577
|switch|p2a: Ursaluna|Ursaluna, L50, M, shiny|57/100 brn
|move|p1a: Garchomp|Protect|p1a: Garchomp
|-singleturn|p1a: Garchomp|Protect
|move|p2b: resident helper|Psychic|p1a: Garchomp
|-activate|p1a: Garchomp|move: Protect
|move|p1b: Gholdengo|Shadow Ball|p2b: resident helper
|-damage|p2b: resident helper|47/100
|
|-damage|p2a: Ursaluna|51/100 brn|[from] brn
|-fieldend|move: Trick Room
|upkeep
|turn|6
|
|t:|1757211606
|switch|p1b: Incineroar|Incineroar, L50, M, shiny, tera:Ghost|100/100
|-ability|p1b: Incineroar|Intimidate|boost
|-unboost|p2a: Ursaluna|atk|1
|-unboost|p2b: resident helper|atk|1
|move|p1a: Garchomp|Dragon Claw|p2b: resident helper
|-crit|p2b: resident helper
|-damage|p2b: resident helper|0 fnt
|faint|p2b: resident helper
|-damage|p1a: Garchomp|91/100|[from] item: Life Orb
|move|p2a: Ursaluna|Earthquake|p1a: Garchomp|[spread] p1a,p1b
|-crit|p1b: Incineroar
|-damage|p1a: Garchomp|43/100
|-damage|p1b: Incineroar|25/100
|
|-damage|p2a: Ursaluna|45/100 brn|[from] brn
|upkeep
|
|t:|1757211611
|switch|p2b: its massive|Hatterene, L50, F, shiny|100/100
|turn|7
|
|t:|1757211626
|move|p1a: Garchomp|Stomping Tantrum|p2b: its massive
|-damage|p2b: its massive|40/100
|-damage|p1a: Garchomp|33/100|[from] item: Life Orb
|move|p1b: Incineroar|Parting Shot|p2b: its massive
|move|p2b: its massive|Parting Shot|p1b: Incineroar|[from] ability: Magic Bounce
|-unboost|p1b: Incineroar|atk|1
|-unboost|p1b: Incineroar|spa|1
|
|t:|1757211634
|switch|p2b: Gallade|Gallade, L50, M|21/100|[from] Parting Shot
|move|p2a: Ursaluna|Facade|p1a: Garchomp
|-damage|p1a: Garchomp|0 fnt
|-damage|p2a: Ursaluna|33/100 brn|[from] ability: Rough Skin|[of] p1a: Garchomp
|faint|p1a: Garchomp
|
|-damage|p2a: Ursaluna|27/100 brn|[from] brn
|-fieldend|move: Psychic Terrain
|upkeep
|
|t:|1757211638
|switch|p1a: Gholdengo|Gholdengo, L50, shiny|100/100
|turn|8
|inactive|Battle timer is ON: inactive players will automatically lose when time's up. (requested by randomguy1114s)
|
|t:|1757211674
|move|p2b: Gallade|Wide Guard|p2b: Gallade
|-singleturn|p2b: Gallade|Wide Guard
|move|p1a: Gholdengo|Shadow Ball|p2b: Gallade
|-supereffective|p2b: Gallade
|-damage|p2b: Gallade|0 fnt
|faint|p2b: Gallade
|move|p1b: Incineroar|Knock Off|p2a: Ursaluna
|-damage|p2a: Ursaluna|10/100 brn
|-enditem|p2a: Ursaluna|Flame Orb|[from] move: Knock Off|[of] p1b: Incineroar
|move|p2a: Ursaluna|Earthquake|p1b: Incineroar|[spread] p1a,p1b
|-supereffective|p1a: Gholdengo
|-damage|p1a: Gholdengo|0 fnt
|-damage|p1b: Incineroar|0 fnt
|faint|p1a: Gholdengo
|faint|p1b: Incineroar
|
|win|randomguy1114s
||RICHARDHAVOC is ready for game 2.
|inactive|randomguy1114s has 30 seconds to confirm battle start!
|inactive|randomguy1114s has 20 seconds to confirm battle start!
