|j|☆CCmanny
|j|☆we all hate ursf
|html|CCmannywe all hate ursf    
|uhtml|bestof|Game 1 of a best-of-3
|t:|1756885539
|gametype|doubles
|player|p1|CCmanny|ethan|1212
|player|p2|we all hate ursf|shadowtriad|1127
|gen|9
|tier|[Gen 9] VGC 2025 Reg H (Bo3)
|rated|
|rule|Species Clause: Limit one of each Pokémon
|rule|Item Clause: Limit 1 of each item
|clearpoke
|poke|p1|Ninetales-Alola, L50, M|
|poke|p1|Corviknight, L50, F|
|poke|p1|Incineroar, L50, F|
|poke|p1|Amoonguss, L50, F|
|poke|p1|Flamigo, L50, F|
|poke|p1|Primarina, L50, M|
|poke|p2|Archaludon, L50, M|
|poke|p2|Pelipper, L50, F|
|poke|p2|Dragonite, L50, F|
|poke|p2|Grimmsnarl, L50, M|
|poke|p2|Amoonguss, L50, F|
|poke|p2|Kingdra, L50, F|
|teampreview|4
|showteam|p1|Ninetales-Alola||LightClay|SnowWarning|Blizzard,FreezeDry,AuroraVeil,Protect|||M|||50|,,,,,Ghost]Corviknight||SitrusBerry|MirrorArmor|BraveBird,BulkUp,Tailwind,Roost|||F|||50|,,,,,Fire]Incineroar||AssaultVest|Intimidate|FlareBlitz,KnockOff,Uturn,FakeOut|||F|||50|,,,,,Ghost]Amoonguss||RockyHelmet|Regenerator|PollenPuff,RagePowder,Spore,Protect|||F|||50|,,,,,Dark]Flamigo||FocusSash|Scrappy|BraveBird,CloseCombat,Detect,WideGuard|||F|||50|,,,,,Ghost]Primarina||ThroatSpray|LiquidVoice|HyperVoice,Moonblast,Haze,Protect|||M|||50|,,,,,Water
|showteam|p2|Archaludon||PowerHerb|Sturdy|ElectroShot,DragonPulse,FlashCannon,Protect|||M|||50|,,,,,Electric]Pelipper||FocusSash|Drizzle|WeatherBall,Hurricane,WideGuard,Protect|||F|||50|,,,,,Ghost]Dragonite||LoadedDice|Multiscale|ScaleShot,StompingTantrum,Tailwind,Protect|||F|||50|,,,,,Steel]Grimmsnarl||LightClay|Prankster|Reflect,LightScreen,PartingShot,SpiritBreak|||M|||50|,,,,,Steel]Amoonguss||SitrusBerry|Regenerator|Spore,RagePowder,PollenPuff,Protect|||F|||50|,,,,,Water]Kingdra||LifeOrb|SwiftSwim|WeatherBall,DracoMeteor,Hurricane,Protect|||F|||50|,,,,,Stellar
|inactive|Battle timer is ON: inactive players will automatically lose when time's up. (requested by we all hate ursf)
|inactive|CCmanny has 60 seconds left.
|inactive|we all hate ursf has 60 seconds left.
|inactive|CCmanny has 30 seconds left.
|
|t:|1756885607
|teamsize|p1|4
|teamsize|p2|4
|start
|switch|p1a: Ninetales|Ninetales-Alola, L50, M|100/100
|switch|p1b: Primarina|Primarina, L50, M|100/100
|switch|p2a: Archaludon|Archaludon, L50, M|100/100
|switch|p2b: Grimmsnarl|Grimmsnarl, L50, M|100/100
|-weather|Snowscape|[from] ability: Snow Warning|[of] p1a: Ninetales
|turn|1
|inactive|CCmanny has 30 seconds left.
|inactive|CCmanny has 20 seconds left.
|inactive|CCmanny has 15 seconds left.
|inactive|CCmanny has 10 seconds left.
|
|t:|1756885655
|switch|p1b: Amoonguss|Amoonguss, L50, F|100/100
|-terastallize|p2a: Archaludon|Electric
|move|p2b: Grimmsnarl|Parting Shot|p1a: Ninetales
|-unboost|p1a: Ninetales|atk|1
|-unboost|p1a: Ninetales|spa|1
|
|t:|1756885661
|switch|p2b: Pelipper|Pelipper, L50, F|100/100|[from] Parting Shot
|-weather|RainDance|[from] ability: Drizzle|[of] p2b: Pelipper
|move|p1a: Ninetales|Freeze-Dry|p2a: Archaludon
|-damage|p2a: Archaludon|75/100
|move|p2a: Archaludon|Electro Shot||[still]
|-prepare|p2a: Archaludon|Electro Shot
|-boost|p2a: Archaludon|spa|1
|-anim|p2a: Archaludon|Electro Shot|p1b: Amoonguss
|-resisted|p1b: Amoonguss
|-damage|p1b: Amoonguss|53/100
|
|-weather|RainDance|[upkeep]
|upkeep
|turn|2
|inactive|CCmanny has 30 seconds left.
|
|t:|1756885688
|move|p1b: Amoonguss|Protect|p1b: Amoonguss
|-singleturn|p1b: Amoonguss|Protect
|move|p1a: Ninetales|Blizzard|p2a: Archaludon|[spread] p2a
|-miss|p1a: Ninetales|p2b: Pelipper
|-damage|p2a: Archaludon|44/100
|move|p2a: Archaludon|Electro Shot||[still]
|-prepare|p2a: Archaludon|Electro Shot
|-boost|p2a: Archaludon|spa|1
|-anim|p2a: Archaludon|Electro Shot|p1a: Ninetales
|-damage|p1a: Ninetales|0 fnt
|faint|p1a: Ninetales
|move|p2b: Pelipper|Hurricane|p1b: Amoonguss
|-activate|p1b: Amoonguss|move: Protect
|
|-weather|RainDance|[upkeep]
|upkeep
|
|t:|1756885708
|switch|p1a: Primarina|Primarina, L50, M|100/100
|turn|3
|
|t:|1756885718
|-terastallize|p1a: Primarina|Water
|move|p1b: Amoonguss|Rage Powder|p1b: Amoonguss
|-singleturn|p1b: Amoonguss|move: Rage Powder
|move|p2a: Archaludon|Electro Shot||[still]
|-prepare|p2a: Archaludon|Electro Shot
|-boost|p2a: Archaludon|spa|1
|-anim|p2a: Archaludon|Electro Shot|p1b: Amoonguss
|-resisted|p1b: Amoonguss
|-damage|p1b: Amoonguss|0 fnt
|faint|p1b: Amoonguss
|move|p2b: Pelipper|Hurricane|p1a: Primarina
|-damage|p1a: Primarina|65/100
|move|p1a: Primarina|Hyper Voice|p2b: Pelipper|[spread] p2a,p2b
|-resisted|p2b: Pelipper
|-damage|p2a: Archaludon|0 fnt
|-damage|p2b: Pelipper|55/100
|faint|p2a: Archaludon
|-enditem|p1a: Primarina|Throat Spray
|-boost|p1a: Primarina|spa|1|[from] item: Throat Spray
|
|-weather|RainDance|[upkeep]
|upkeep
|
|t:|1756885735
|switch|p2a: Kingdra|Kingdra, L50, F|100/100
|switch|p1b: Incineroar|Incineroar, L50, F|100/100
|-ability|p1b: Incineroar|Intimidate|boost
|-unboost|p2a: Kingdra|atk|1
|-unboost|p2b: Pelipper|atk|1
|turn|4
|
|t:|1756885759
|switch|p2b: Grimmsnarl|Grimmsnarl, L50, M|100/100
|move|p2a: Kingdra|Protect|p2a: Kingdra
|-singleturn|p2a: Kingdra|Protect
|move|p1b: Incineroar|Fake Out|p2b: Grimmsnarl
|-damage|p2b: Grimmsnarl|85/100
|move|p1a: Primarina|Hyper Voice|p2b: Grimmsnarl|[spread] p2b
|-activate|p2a: Kingdra|move: Protect
|-damage|p2b: Grimmsnarl|5/100
|
|-weather|RainDance|[upkeep]
|upkeep
|turn|5
|
|t:|1756885779
|move|p2b: Grimmsnarl|Parting Shot|p1a: Primarina
|-unboost|p1a: Primarina|atk|1
|-unboost|p1a: Primarina|spa|1
|
|t:|1756885783
|switch|p2b: Pelipper|Pelipper, L50, F|55/100|[from] Parting Shot
|move|p2a: Kingdra|Weather Ball|p1b: Incineroar
|-supereffective|p1b: Incineroar
|-damage|p1b: Incineroar|0 fnt
|faint|p1b: Incineroar
|-damage|p2a: Kingdra|91/100|[from] item: Life Orb
|move|p1a: Primarina|Hyper Voice|p2a: Kingdra|[spread] p2a,p2b
|-resisted|p2a: Kingdra
|-resisted|p2b: Pelipper
|-damage|p2a: Kingdra|70/100
|-damage|p2b: Pelipper|11/100
|
|-weather|none
|upkeep
|turn|6
|
|t:|1756885800
|switch|p2b: Grimmsnarl|Grimmsnarl, L50, M|5/100
|move|p2a: Kingdra|Protect|p2a: Kingdra
|-singleturn|p2a: Kingdra|Protect
|move|p1a: Primarina|Moonblast|p2a: Kingdra
|-activate|p2a: Kingdra|move: Protect
|
|upkeep
|turn|7
|
|t:|1756885809
|move|p2b: Grimmsnarl|Parting Shot|p1a: Primarina
|-unboost|p1a: Primarina|atk|1
|-unboost|p1a: Primarina|spa|1
|
|t:|1756885812
|switch|p2b: Pelipper|Pelipper, L50, F|11/100|[from] Parting Shot
|-weather|RainDance|[from] ability: Drizzle|[of] p2b: Pelipper
|move|p2a: Kingdra|Draco Meteor|p1a: Primarina
|-damage|p1a: Primarina|0 fnt
|-unboost|p2a: Kingdra|spa|2
|faint|p1a: Primarina
|-damage|p2a: Kingdra|61/100|[from] item: Life Orb
|
|win|we all hate ursf
|inactive|CCmanny has 30 seconds to confirm battle start!
|inactive|we all hate ursf has 30 seconds to confirm battle start!
||we all hate ursf is ready for game 2.
