|j|☆fantasminha8
|j|☆KrsCrossAppleSauce
|html|fantasminha8KrsCrossAppleSauce    
|uhtml|bestof|Game 1 of a best-of-3
|t:|1756291154
|gametype|doubles
|player|p1|fantasminha8|266|1154
|player|p2|KrsCrossAppleSauce|green|1248
|gen|9
|tier|[Gen 9] VGC 2025 Reg H (Bo3)
|rated|
|rule|Species Clause: Limit one of each Pokémon
|rule|Item Clause: Limit 1 of each item
|clearpoke
|poke|p1|Ursaluna, L50, M|
|poke|p1|Jumpluff, L50, M|
|poke|p1|Charizard, L50, F|
|poke|p1|Torkoal, L50, M|
|poke|p1|Incineroar, L50, F|
|poke|p1|Porygon2, L50|
|poke|p2|Sneasler, L50, F|
|poke|p2|Gholdengo, L50|
|poke|p2|Dondozo, L50, M|
|poke|p2|Rillaboom, L50, F|
|poke|p2|Volcarona, L50, M|
|poke|p2|Electabuzz, L50, M|
|teampreview|4
|showteam|p1|Ursaluna||FlameOrb|Guts|HeadlongRush,Facade,Earthquake,Protect|||M|||50|,,,,,Ghost]Jumpluff||CovertCloak|Chlorophyll|SleepPowder,SunnyDay,Tailwind,RagePowder|||M|||50|,,,,,Fire]Charizard||ChoiceSpecs|SolarPower|SolarBeam,HeatWave,Overheat,WeatherBall|||F|||50|,,,,,Ghost]Torkoal||EjectPack|Drought|ClearSmog,Eruption,Overheat,Protect|||M|||50|,,,,,Fire]Incineroar||AssaultVest|Intimidate|FakeOut,FlareBlitz,KnockOff,Uturn|||F|||50|,,,,,Water]Porygon2||Eviolite|Download|TeraBlast,IceBeam,Recover,TrickRoom||||||50|,,,,,Fighting
|showteam|p2|Sneasler||FocusSash|PoisonTouch|FakeOut,DireClaw,CloseCombat,Protect|||F|||50|,,,,,Dark]Gholdengo||LifeOrb|GoodasGold|MakeItRain,ShadowBall,NastyPlot,Protect||||||50|,,,,,Water]Dondozo||Leftovers|Unaware|WaveCrash,Yawn,Fissure,Protect|||M|||50|,,,,,Psychic]Rillaboom||AssaultVest|GrassySurge|FakeOut,WoodHammer,GrassyGlide,Uturn|||F|||50|,,,,,Fire]Volcarona||CovertCloak|FlameBody|HeatWave,QuiverDance,TeraBlast,Protect|||M|||50|,,,,,Fairy]Electabuzz||Eviolite|VitalSpirit|Thunderbolt,FollowMe,Taunt,Protect|||M|||50|,,,,,Ghost
|
|t:|1756291207
|teamsize|p1|4
|teamsize|p2|4
|start
|switch|p1a: Charizard|Charizard, L50, F, shiny|100/100
|switch|p1b: Jumpluff|Jumpluff, L50, M|100/100
|switch|p2a: Electabuzz|Electabuzz, L50, M|100/100
|switch|p2b: Sneasler|Sneasler, L50, F|100/100
|turn|1
|
|t:|1756291222
|switch|p1b: Torkoal|Torkoal, L50, M|100/100
|-weather|SunnyDay|[from] ability: Drought|[of] p1b: Torkoal
|move|p2a: Electabuzz|Follow Me|p2a: Electabuzz
|-singleturn|p2a: Electabuzz|move: Follow Me
|move|p2b: Sneasler|Dire Claw|p1b: Torkoal
|-damage|p1b: Torkoal|66/100
|-status|p1b: Torkoal|psn
|move|p1a: Charizard|Heat Wave|p2a: Electabuzz|[spread] p2a,p2b
|-damage|p2a: Electabuzz|16/100
|-enditem|p2b: Sneasler|Focus Sash
|-damage|p2b: Sneasler|1/100
|-status|p2b: Sneasler|brn
|
|-weather|SunnyDay|[upkeep]
|-damage|p1a: Charizard|88/100|[from] ability: Solar Power|[of] p1a: Charizard
|-damage|p1b: Torkoal|54/100 psn|[from] psn
|-damage|p2b: Sneasler|0 fnt|[from] brn
|faint|p2b: Sneasler
|upkeep
|
|t:|1756291235
|switch|p2b: Dondozo|Dondozo, L50, M|100/100
|turn|2
|
|t:|1756291244
|switch|p1a: Jumpluff|Jumpluff, L50, M|100/100
|move|p2a: Electabuzz|Protect|p2a: Electabuzz
|-singleturn|p2a: Electabuzz|Protect
|move|p2b: Dondozo|Yawn|p1a: Jumpluff
|-start|p1a: Jumpluff|move: Yawn|[of] p2b: Dondozo
|move|p1b: Torkoal|Overheat|p2b: Dondozo
|-resisted|p2b: Dondozo
|-damage|p2b: Dondozo|70/100
|-unboost|p1b: Torkoal|spa|2
|-enditem|p1b: Torkoal|Eject Pack
|
|t:|1756291255
|switch|p1b: Incineroar|Incineroar, L50, F|100/100
|-ability|p1b: Incineroar|Intimidate|boost
|-unboost|p2a: Electabuzz|atk|1
|-unboost|p2b: Dondozo|atk|1
|
|-weather|SunnyDay|[upkeep]
|-heal|p2b: Dondozo|77/100|[from] item: Leftovers
|upkeep
|turn|3
|
|t:|1756291266
|switch|p1a: Charizard|Charizard, L50, F, shiny|88/100
|switch|p2a: Rillaboom|Rillaboom, L50, F|100/100
|-fieldstart|move: Grassy Terrain|[from] ability: Grassy Surge|[of] p2a: Rillaboom
|move|p2b: Dondozo|Protect|p2b: Dondozo
|-singleturn|p2b: Dondozo|Protect
|move|p1b: Incineroar|Fake Out|p2b: Dondozo
|-activate|p2b: Dondozo|move: Protect
|
|-weather|SunnyDay|[upkeep]
|-damage|p1a: Charizard|76/100|[from] ability: Solar Power|[of] p1a: Charizard
|-heal|p2b: Dondozo|83/100|[from] Grassy Terrain
|-heal|p2b: Dondozo|89/100|[from] item: Leftovers
|upkeep
|turn|4
|
|t:|1756291277
|-terastallize|p2a: Rillaboom|Fire
|move|p2a: Rillaboom|Fake Out|p1b: Incineroar
|-damage|p1b: Incineroar|89/100
|move|p1a: Charizard|Heat Wave|p2b: Dondozo|[spread] p2a,p2b
|-resisted|p2a: Rillaboom
|-resisted|p2b: Dondozo
|-damage|p2a: Rillaboom|60/100
|-damage|p2b: Dondozo|45/100
|cant|p1b: Incineroar|flinch
|move|p2b: Dondozo|Wave Crash|p1a: Charizard
|-supereffective|p1a: Charizard
|-damage|p1a: Charizard|39/100
|-damage|p2b: Dondozo|38/100|[from] Recoil
|
|-weather|SunnyDay|[upkeep]
|-damage|p1a: Charizard|27/100|[from] ability: Solar Power|[of] p1a: Charizard
|-heal|p2a: Rillaboom|66/100|[from] Grassy Terrain
|-heal|p1b: Incineroar|95/100|[from] Grassy Terrain
|-heal|p2b: Dondozo|44/100|[from] Grassy Terrain
|-heal|p2b: Dondozo|50/100|[from] item: Leftovers
|upkeep
|turn|5
|
|t:|1756291311
|move|p2b: Dondozo|Protect|p2b: Dondozo
|-singleturn|p2b: Dondozo|Protect
|move|p1a: Charizard|Heat Wave|p2a: Rillaboom|[spread] p2a
|-activate|p2b: Dondozo|move: Protect
|-resisted|p2a: Rillaboom
|-damage|p2a: Rillaboom|23/100
|move|p2a: Rillaboom|Wood Hammer|p1a: Charizard
|-resisted|p1a: Charizard
|-damage|p1a: Charizard|0 fnt
|faint|p1a: Charizard
|-damage|p2a: Rillaboom|17/100|[from] Recoil
|move|p1b: Incineroar|Knock Off|p2a: Rillaboom
|-damage|p2a: Rillaboom|0 fnt
|-enditem|p2a: Rillaboom|Assault Vest|[from] move: Knock Off|[of] p1b: Incineroar
|faint|p2a: Rillaboom
|
|-weather|none
|-heal|p1b: Incineroar|100/100|[from] Grassy Terrain
|-heal|p2b: Dondozo|56/100|[from] Grassy Terrain
|-heal|p2b: Dondozo|62/100|[from] item: Leftovers
|upkeep
|
|t:|1756291319
|switch|p1a: Torkoal|Torkoal, L50, M|54/100 psn
|switch|p2a: Electabuzz|Electabuzz, L50, M|16/100
|-weather|SunnyDay|[from] ability: Drought|[of] p1a: Torkoal
|turn|6
|
|t:|1756291333
|move|p2a: Electabuzz|Thunderbolt|p1a: Torkoal
|-damage|p1a: Torkoal|12/100 psn
|move|p1b: Incineroar|Knock Off|p2b: Dondozo
|-damage|p2b: Dondozo|40/100
|-enditem|p2b: Dondozo|Leftovers|[from] move: Knock Off|[of] p1b: Incineroar
|move|p2b: Dondozo|Yawn|p1b: Incineroar
|-start|p1b: Incineroar|move: Yawn|[of] p2b: Dondozo
|move|p1a: Torkoal|Overheat|p2a: Electabuzz
|-damage|p2a: Electabuzz|0 fnt
|-unboost|p1a: Torkoal|spa|2
|faint|p2a: Electabuzz
|
|-weather|SunnyDay|[upkeep]
|-heal|p2b: Dondozo|46/100|[from] Grassy Terrain
|-heal|p1a: Torkoal|19/100 psn|[from] Grassy Terrain
|-damage|p1a: Torkoal|6/100 psn|[from] psn
|upkeep
|turn|7
|
|t:|1756291349
|switch|p1b: Jumpluff|Jumpluff, L50, M|100/100
|move|p2b: Dondozo|Fissure|p1b: Jumpluff
|-immune|p1b: Jumpluff
|move|p1a: Torkoal|Overheat|p2b: Dondozo
|-resisted|p2b: Dondozo
|-damage|p2b: Dondozo|12/100
|-unboost|p1a: Torkoal|spa|2
|
|-weather|SunnyDay|[upkeep]
|-heal|p2b: Dondozo|19/100|[from] Grassy Terrain
|-heal|p1a: Torkoal|12/100 psn|[from] Grassy Terrain
|-damage|p1a: Torkoal|0 fnt|[from] psn
|faint|p1a: Torkoal
|-fieldend|move: Grassy Terrain
|upkeep
|
|t:|1756291351
|switch|p1a: Incineroar|Incineroar, L50, F|100/100
|-ability|p1a: Incineroar|Intimidate|boost
|-unboost|p2b: Dondozo|atk|1
|turn|8
|
|t:|1756291358
|move|p1b: Jumpluff|Tailwind|p1b: Jumpluff
|-sidestart|p1: fantasminha8|move: Tailwind
|move|p1a: Incineroar|Flare Blitz|p2b: Dondozo
|-resisted|p2b: Dondozo
|-damage|p2b: Dondozo|0 fnt
|faint|p2b: Dondozo
|-damage|p1a: Incineroar|92/100|[from] Recoil
|
|win|fantasminha8
