|j|☆melon storme
|j|☆kerzz49
|html|melon stormekerzz49    
|uhtml|bestof|Game 1 of a best-of-3
|t:|1786033636
|gametype|doubles
|player|p1|melon storme|kieran-masters|1249
|player|p2|kerzz49|cilan|1327
|gen|9
|tier|[Gen 9 Champions] VGC 2026 Reg M-B (Bo3)
|rated|
|rule|Species Clause: Limit one of each Pokémon
|rule|Item Clause: Limit 1 of each item
|clearpoke
|poke|p1|Pyroar, L50, F|
|poke|p1|Aerodactyl, L50, M|
|poke|p1|Torkoal, L50, M|
|poke|p1|Vileplume, L50, M|
|poke|p1|Farigiraf, L50, F, shiny|
|poke|p1|Mawile, L50, F|
|poke|p2|Ninetales-Alola, L50, F|
|poke|p2|Kingambit, L50, M|
|poke|p2|Glimmora, L50, F|
|poke|p2|Kommo-o, L50, M|
|poke|p2|Whimsicott, L50, F|
|poke|p2|Basculegion, L50, M|
|teampreview|4
|showteam|p1|Pyroar||Pyroarite|Rivalry|Taunt,HeatWave,Overheat,Protect|Timid||F|||50|]Aerodactyl||SitrusBerry|Unnerve|RockSlide,Tailwind,WideGuard,DualWingbeat|Jolly||M|||50|]Torkoal||Charcoal|Drought|Eruption,HeatWave,SolarBeam,Protect|Quiet||M|||50|]Vileplume||FocusSash|Chlorophyll|EnergyBall,SludgeBomb,AfterYou,SleepPowder|Timid||M|||50|]Farigiraf||Leftovers|ArmorTail|HyperVoice,Psychic,Protect,TrickRoom|Relaxed||F|||50|]Mawile||Mawilite|Intimidate|IronHead,PlayRough,SwordsDance,SuckerPunch|Sassy||F|||50|
|showteam|p2|Ninetales-Alola||NeverMeltIce|SnowWarning|Protect,Blizzard,FreezeDry,HelpingHand|Timid||F|||50|]Kingambit||ChopleBerry|Defiant|Protect,KowtowCleave,LowKick,SuckerPunch|Adamant||M|||50|]Glimmora||Glimmoranite|ToxicDebris|PowerGem,SludgeBomb,EarthPower,SpikyShield|Modest||F|||50|]Kommo-o||LifeOrb|Soundproof|AuraSphere,ClangingScales,VacuumWave,Protect|Modest||M|||50|]Whimsicott||FocusSash|Prankster|Protect,Moonblast,Tailwind,Encore|Timid||F|||50|]Basculegion||ChoiceScarf|Adaptability|WaveCrash,LastRespects,FlipTurn,AquaJet|Jolly||M|||50|
|inactive|Battle timer is ON: inactive players will automatically lose when time's up. (requested by melon storme)
|
|t:|1786033751
|teamsize|p1|4
|teamsize|p2|4
|start
|switch|p1a: Mahrukasha|Aerodactyl, L50, M|100/100
|switch|p1b: Can of Soup|Farigiraf, L50, F, shiny|100/100
|switch|p2a: Whimsicott|Whimsicott, L50, F|100/100
|switch|p2b: Glimmora|Glimmora, L50, F|100/100
|-ability|p1a: Mahrukasha|Unnerve
|turn|1
|
|t:|1786033767
|switch|p2a: Kingambit|Kingambit, L50, M|100/100
|detailschange|p2b: Glimmora|Glimmora-Mega, L50, F
|-mega|p2b: Glimmora|Glimmora|Glimmoranite
|move|p1a: Mahrukasha|Tailwind|p1a: Mahrukasha
|-sidestart|p1: melon storme|move: Tailwind
|move|p2b: Glimmora|Sludge Bomb|p1b: Can of Soup
|-damage|p1b: Can of Soup|35/100
|move|p1b: Can of Soup|Psychic|p2b: Glimmora
|-supereffective|p2b: Glimmora|1
|-damage|p2b: Glimmora|16/100
|
|-heal|p1b: Can of Soup|41/100|[from] item: Leftovers
|upkeep
|turn|2
|inactive|kerzz49 has 30 seconds left.
|
|t:|1786033796
|switch|p2b: Whimsicott|Whimsicott, L50, F|100/100
|move|p1b: Can of Soup|Protect|p1b: Can of Soup
|-singleturn|p1b: Can of Soup|Protect
|move|p1a: Mahrukasha|Rock Slide|p2b: Whimsicott|[spread] p2a,p2b
|-resisted|p2a: Kingambit|1
|-damage|p2a: Kingambit|92/100
|-damage|p2b: Whimsicott|69/100
|move|p2a: Kingambit|Kowtow Cleave|p1b: Can of Soup
|-activate|p1b: Can of Soup|move: Protect
|
|-heal|p1b: Can of Soup|48/100|[from] item: Leftovers
|upkeep
|turn|3
|
|t:|1786033811
|move|p2b: Whimsicott|Tailwind|p2b: Whimsicott
|-sidestart|p2: kerzz49|move: Tailwind
|move|p1a: Mahrukasha|Dual Wingbeat|p2b: Whimsicott
|-supereffective|p2b: Whimsicott|1
|-damage|p2b: Whimsicott|19/100
|-supereffective|p2b: Whimsicott|1
|-damage|p2b: Whimsicott|0 fnt
|faint|p2b: Whimsicott
|-hitcount|p2: Whimsicott|2
|move|p2a: Kingambit|Kowtow Cleave|p1b: Can of Soup
|-supereffective|p1b: Can of Soup|1
|-damage|p1b: Can of Soup|0 fnt
|faint|p1b: Can of Soup
|
|upkeep
|
|t:|1786033822
|switch|p2b: Glimmora|Glimmora-Mega, L50, F|16/100
|switch|p1b: 4-loko|Pyroar, L50, F|100/100
|turn|4
|
|t:|1786033829
|detailschange|p1b: 4-loko|Pyroar-Mega, L50, F
|-mega|p1b: 4-loko|Pyroar|Pyroarite
|move|p2b: Glimmora|Spiky Shield|p2b: Glimmora
|-singleturn|p2b: Glimmora|move: Protect
|move|p2a: Kingambit|Protect|p2a: Kingambit
|-singleturn|p2a: Kingambit|Protect
|move|p1b: 4-loko|Heat Wave|p2a: Kingambit|[spread] 
|-activate|p2a: Kingambit|move: Protect
|-activate|p2b: Glimmora|move: Protect
|move|p1a: Mahrukasha|Rock Slide|p2b: Glimmora|[spread] 
|-activate|p2a: Kingambit|move: Protect
|-activate|p2b: Glimmora|move: Protect
|
|-sideend|p1: melon storme|move: Tailwind
|upkeep
|turn|5
|inactive|kerzz49 has 30 seconds left.
|
|t:|1786033863
|move|p1b: 4-loko|Protect|p1b: 4-loko
|-singleturn|p1b: 4-loko|Protect
|move|p2a: Kingambit|Sucker Punch||[still]
|-fail|p2a: Kingambit
|move|p2b: Glimmora|Power Gem|p1b: 4-loko
|-activate|p1b: 4-loko|move: Protect
|move|p1a: Mahrukasha|Tailwind|p1a: Mahrukasha
|-sidestart|p1: melon storme|move: Tailwind
|
|upkeep
|turn|6
|
|t:|1786033879
|move|p2a: Kingambit|Sucker Punch|p1b: 4-loko
|-damage|p1b: 4-loko|53/100
|move|p1b: 4-loko|Heat Wave|p2b: Glimmora|[spread] p2a,p2b
|-supereffective|p2a: Kingambit|1
|-resisted|p2b: Glimmora|1
|-damage|p2a: Kingambit|1/100
|-damage|p2b: Glimmora|0 fnt
|faint|p2b: Glimmora
|move|p1a: Mahrukasha|Rock Slide|p2a: Kingambit
|-resisted|p2a: Kingambit|1
|-damage|p2a: Kingambit|0 fnt
|faint|p2a: Kingambit
|
|-sideend|p2: kerzz49|move: Tailwind
|upkeep
|-message|kerzz49 forfeited.
|
|win|melon storme
||melon storme is ready for game 2.
||kerzz49 is ready for game 2.
|uhtml|next|Next: Game 2 of 3
|l|☆kerzz49
|player|p2|
