|j|☆Quill86
|j|☆Helio list
|html|Quill86Helio list    
|uhtml|bestof|Game 1 of a best-of-3
|t:|1756858040
|gametype|doubles
|player|p1|Quill86|lucas|1247
|player|p2|Helio list|2|1386
|gen|9
|tier|[Gen 9] VGC 2025 Reg H (Bo3)
|rated|
|rule|Species Clause: Limit one of each Pokémon
|rule|Item Clause: Limit 1 of each item
|clearpoke
|poke|p1|Indeedee-F, L50, F|
|poke|p1|Gallade, L50, M|
|poke|p1|Torkoal, L50, M|
|poke|p1|Ursaluna, L50, M|
|poke|p1|Hatterene, L50, F|
|poke|p1|Hydreigon, L50, M|
|poke|p2|Rillaboom, L50, F|
|poke|p2|Sneasler, L50, F|
|poke|p2|Dondozo, L50, M|
|poke|p2|Tatsugiri, L50, F|
|poke|p2|Ninetales-Alola, L50, M|
|poke|p2|Annihilape, L50, F|
|teampreview|4
|showteam|p1|Indeedee-F||PsychicSeed|PsychicSurge|FollowMe,TrickRoom,HelpingHand,DazzlingGleam|||F|||50|,,,,,Fairy]Gallade||ClearAmulet|Sharpness|SacredSword,WideGuard,TrickRoom,PsychoCut|||M|||50|,,,,,Grass]Torkoal||ChoiceSpecs|Drought|Eruption,WeatherBall,EarthPower,HeatWave|||M|||50|,,,,,Fire]Ursaluna||FlameOrb|Guts|Protect,HeadlongRush,Facade,Earthquake|||M|||50|,,,,,Ghost]Hatterene||LifeOrb|MagicBounce|DazzlingGleam,ExpandingForce,MysticalFire,TrickRoom|||F|||50|,,,,,Fire]Hydreigon||CovertCloak|Levitate|DracoMeteor,Snarl,Taunt,Protect|||M|||50|,,,,,Dark
|showteam|p2|Rillaboom||AssaultVest|GrassySurge|FakeOut,WoodHammer,GrassyGlide,HighHorsepower|||F|||50|,,,,,Water]Sneasler||GrassySeed|Unburden|CloseCombat,DireClaw,ThroatChop,Protect|||F|||50|,,,,,Dark]Dondozo||Leftovers|Unaware|OrderUp,Yawn,Protect,WaveCrash|||M|||50|,,,,,Steel]Tatsugiri||ChoiceScarf|Commander|MuddyWater,IcyWind,DracoMeteor,DragonPulse|||F|||50|,,,,,Stellar]Ninetales-Alola||ChoiceSpecs|SnowWarning|Blizzard,Moonblast,FreezeDry,IcicleSpear|||M|||50|,,,,,Water]Annihilape||SafetyGoggles|Defiant|CloseCombat,RageFist,BulkUp,Protect|||F|||50|,,,,,Fire
|inactive|Battle timer is ON: inactive players will automatically lose when time's up. (requested by Helio list)
|
|t:|1756858062
|teamsize|p1|4
|teamsize|p2|4
|start
|switch|p1a: Indeedee|Indeedee-F, L50, F|100/100
|switch|p1b: Gallade|Gallade, L50, M|100/100
|switch|p2a: Ninetales|Ninetales-Alola, L50, M|100/100
|switch|p2b: Dondozo|Dondozo, L50, M|100/100
|-weather|Snowscape|[from] ability: Snow Warning|[of] p2a: Ninetales
|-fieldstart|move: Psychic Terrain|[from] ability: Psychic Surge|[of] p1a: Indeedee
|-enditem|p1a: Indeedee|Psychic Seed
|-boost|p1a: Indeedee|spd|1|[from] item: Psychic Seed
|turn|1
|
|t:|1756858076
|switch|p1b: Torkoal|Torkoal, L50, M|100/100
|-weather|SunnyDay|[from] ability: Drought|[of] p1b: Torkoal
|move|p2a: Ninetales|Blizzard|p1b: Torkoal|[spread] p1a
|-miss|p2a: Ninetales|p1b: Torkoal
|-damage|p1a: Indeedee|73/100
|move|p2b: Dondozo|Yawn|p1a: Indeedee
|-start|p1a: Indeedee|move: Yawn|[of] p2b: Dondozo
|move|p1a: Indeedee|Trick Room|p1a: Indeedee
|-fieldstart|move: Trick Room|[of] p1a: Indeedee
|
|-weather|SunnyDay|[upkeep]
|upkeep
|turn|2
|
|t:|1756858095
|switch|p1b: Hatterene|Hatterene, L50, F|100/100
|switch|p1a: Gallade|Gallade, L50, M|100/100
|switch|p2a: Tatsugiri|Tatsugiri, L50, F|100/100
|-activate|p2a: Tatsugiri|ability: Commander|[of] p2b: Dondozo
|-boost|p2b: Dondozo|atk|2
|-boost|p2b: Dondozo|spa|2
|-boost|p2b: Dondozo|spe|2
|-boost|p2b: Dondozo|def|2
|-boost|p2b: Dondozo|spd|2
|move|p2b: Dondozo|Order Up|p1a: Gallade
|-damage|p1a: Gallade|31/100
|-boost|p2b: Dondozo|atk|1
|
|-weather|SunnyDay|[upkeep]
|upkeep
|turn|3
|
|t:|1756858110
|move|p1b: Hatterene|Expanding Force|p2a: Tatsugiri|[spread] p2b
|-miss|p1b: Hatterene|p2a: Tatsugiri
|-damage|p2b: Dondozo|58/100
|-damage|p1b: Hatterene|91/100|[from] item: Life Orb
|move|p1a: Gallade|Sacred Sword|p2b: Dondozo
|-damage|p2b: Dondozo|10/100
|move|p2b: Dondozo|Order Up|p1a: Gallade
|-damage|p1a: Gallade|0 fnt
|faint|p1a: Gallade
|-boost|p2b: Dondozo|atk|1
|
|-weather|SunnyDay|[upkeep]
|-heal|p2b: Dondozo|16/100|[from] item: Leftovers
|upkeep
|
|t:|1756858123
|switch|p1a: Torkoal|Torkoal, L50, M|100/100
|turn|4
|
|t:|1756858128
|move|p2b: Dondozo|Protect|p2b: Dondozo
|-singleturn|p2b: Dondozo|Protect
|move|p1a: Torkoal|Eruption|p2b: Dondozo|[spread] 
|-miss|p1a: Torkoal|p2a: Tatsugiri
|-activate|p2b: Dondozo|move: Protect
|move|p1b: Hatterene|Expanding Force|p2a: Tatsugiri|[spread] 
|-miss|p1b: Hatterene|p2a: Tatsugiri
|-activate|p2b: Dondozo|move: Protect
|
|-weather|SunnyDay|[upkeep]
|-heal|p2b: Dondozo|22/100|[from] item: Leftovers
|upkeep
|turn|5
|
|t:|1756858135
|move|p1a: Torkoal|Eruption|p2a: Tatsugiri|[spread] p2b
|-miss|p1a: Torkoal|p2a: Tatsugiri
|-resisted|p2b: Dondozo
|-damage|p2b: Dondozo|0 fnt
|faint|p2b: Dondozo
|move|p1b: Hatterene|Expanding Force|p2a: Tatsugiri
|-damage|p2a: Tatsugiri|0 fnt
|faint|p2a: Tatsugiri
|-damage|p1b: Hatterene|81/100|[from] item: Life Orb
|
|-weather|none
|-fieldend|move: Trick Room
|-fieldend|move: Psychic Terrain
|upkeep
|
|t:|1756858138
|switch|p2a: Ninetales|Ninetales-Alola, L50, M|100/100
|switch|p2b: Rillaboom|Rillaboom, L50, F|100/100
|-weather|Snowscape|[from] ability: Snow Warning|[of] p2a: Ninetales
|-fieldstart|move: Grassy Terrain|[from] ability: Grassy Surge|[of] p2b: Rillaboom
|turn|6
|
|t:|1756858154
|switch|p1a: Indeedee|Indeedee-F, L50, F|73/100
|-fieldstart|move: Psychic Terrain|[from] ability: Psychic Surge|[of] p1a: Indeedee
|-terastallize|p2a: Ninetales|Water
|-terastallize|p1b: Hatterene|Fire
|move|p2a: Ninetales|Blizzard|p1b: Hatterene|[spread] p1a,p1b
|-resisted|p1b: Hatterene
|-damage|p1a: Indeedee|26/100
|-damage|p1b: Hatterene|58/100
|-status|p1a: Indeedee|frz
|move|p2b: Rillaboom|Wood Hammer|p1b: Hatterene
|-resisted|p1b: Hatterene
|-damage|p1b: Hatterene|21/100
|-damage|p2b: Rillaboom|90/100|[from] Recoil
|move|p1b: Hatterene|Expanding Force|p2b: Rillaboom|[spread] p2a,p2b
|-damage|p2a: Ninetales|0 fnt
|-damage|p2b: Rillaboom|28/100
|faint|p2a: Ninetales
|-damage|p1b: Hatterene|11/100|[from] item: Life Orb
|
|-weather|Snowscape|[upkeep]
|upkeep
|turn|7
|-message|Helio list forfeited.
|
|win|Quill86
|l|☆Helio list
|player|p2|
||Helio list is ready for game 2.
||Quill86 is ready for game 2.
|uhtml|next|Next: Game 2 of 3
