|j|☆zy0ne
|j|☆adaaaa
|html|zy0neadaaaa    
|uhtml|bestof|Game 1 of a best-of-3
|t:|1756746944
|gametype|doubles
|player|p1|zy0ne|1|1007
|player|p2|adaaaa|steven|1113
|gen|9
|tier|[Gen 9] VGC 2025 Reg H (Bo3)
|rated|
|rule|Species Clause: Limit one of each Pokémon
|rule|Item Clause: Limit 1 of each item
|clearpoke
|poke|p1|Kingambit, L50, M|
|poke|p1|Rillaboom, L50, F|
|poke|p1|Sneasler, L50, M|
|poke|p1|Electabuzz, L50, M|
|poke|p1|Garchomp, L50, F|
|poke|p1|Primarina, L50, F|
|poke|p2|Archaludon, L50, M|
|poke|p2|Kingdra, L50, F|
|poke|p2|Politoed, L50, F|
|poke|p2|Incineroar, L50, F|
|poke|p2|Gothitelle, L50, M|
|poke|p2|Amoonguss, L50, F|
|teampreview|4
|showteam|p1|Kingambit||BlackGlasses|Defiant|Protect,KowtowCleave,SuckerPunch,SwordsDance|||M|||50|,,,,,Dark]Rillaboom||AssaultVest|GrassySurge|FakeOut,WoodHammer,GrassyGlide,Uturn|||F|||50|,,,,,Fire]Sneasler||GrassySeed|Unburden|Protect,DireClaw,CloseCombat,Coaching|||M|||50|,,,,,Stellar]Electabuzz||Eviolite|VitalSpirit|Protect,FollowMe,Electroweb,Taunt|||M|||50|,,,,,Dragon]Garchomp||LifeOrb|RoughSkin|Protect,StompingTantrum,DragonClaw,RockSlide|||F|||50|,,,,,Steel]Primarina||ThroatSpray|LiquidVoice|Protect,HyperVoice,Moonblast,Haze|||F|||50|,,,,,Poison
|showteam|p2|Archaludon||PowerHerb|Sturdy|Protect,ElectroShot,FlashCannon,DragonPulse|||M|||50|,,,,,Electric]Kingdra||LifeOrb|SwiftSwim|Protect,DracoMeteor,WeatherBall,MuddyWater|||F|||50|,,,,,Stellar]Politoed||Leftovers|Drizzle|Protect,WeatherBall,PerishSong,Encore|||F|||50|,,,,,Grass]Incineroar||SafetyGoggles|Intimidate|FakeOut,KnockOff,PartingShot,Protect|||F|||50|,,,,,Ghost]Gothitelle||SitrusBerry|ShadowTag|Protect,Psychic,FakeOut,TrickRoom|||M|||50|,,,,,Dark]Amoonguss||EjectButton|Regenerator|Protect,RagePowder,Spore,PollenPuff|||F|||50|,,,,,Fairy
|
|t:|1756746990
|teamsize|p1|4
|teamsize|p2|4
|start
|switch|p1a: Rillaboom|Rillaboom, L50, F|100/100
|switch|p1b: Primarina|Primarina, L50, F|100/100
|switch|p2a: Politoed|Politoed, L50, F|100/100
|switch|p2b: Kingdra|Kingdra, L50, F|100/100
|-fieldstart|move: Grassy Terrain|[from] ability: Grassy Surge|[of] p1a: Rillaboom
|-weather|RainDance|[from] ability: Drizzle|[of] p2a: Politoed
|turn|1
|inactive|Battle timer is ON: inactive players will automatically lose when time's up. (requested by adaaaa)
|
|t:|1756747081
|-terastallize|p2a: Politoed|Grass
|move|p2b: Kingdra|Protect|p2b: Kingdra
|-singleturn|p2b: Kingdra|Protect
|move|p1a: Rillaboom|Fake Out|p2a: Politoed
|-damage|p2a: Politoed|87/100
|move|p1b: Primarina|Moonblast|p2b: Kingdra
|-activate|p2b: Kingdra|move: Protect
|cant|p2a: Politoed|flinch
|
|-weather|RainDance|[upkeep]
|-heal|p2a: Politoed|93/100|[from] Grassy Terrain
|-heal|p2a: Politoed|99/100|[from] item: Leftovers
|upkeep
|turn|2
|inactive|zy0ne has 30 seconds left.
|inactive|adaaaa has 30 seconds left.
|inactive|zy0ne has 20 seconds left.
|inactive|adaaaa has 20 seconds left.
|inactive|zy0ne has 15 seconds left.
|inactive|adaaaa has 15 seconds left.
|inactive|zy0ne has 10 seconds left.
|
|t:|1756747128
|switch|p2b: Incineroar|Incineroar, L50, F, shiny|100/100
|-ability|p2b: Incineroar|Intimidate|boost
|-unboost|p1a: Rillaboom|atk|1
|-unboost|p1b: Primarina|atk|1
|switch|p1b: Electabuzz|Electabuzz, L50, M|100/100
|move|p1a: Rillaboom|U-turn|p2a: Politoed
|-supereffective|p2a: Politoed
|-damage|p2a: Politoed|69/100
|
|t:|1756747142
|switch|p1a: Primarina|Primarina, L50, F|100/100|[from] U-turn
|move|p2a: Politoed|Perish Song|p2a: Politoed
|-start|p1a: Primarina|perish3|[silent]
|-start|p1b: Electabuzz|perish3|[silent]
|-start|p2a: Politoed|perish3|[silent]
|-start|p2b: Incineroar|perish3|[silent]
|-fieldactivate|move: Perish Song
|
|-weather|RainDance|[upkeep]
|-heal|p2a: Politoed|75/100|[from] Grassy Terrain
|-heal|p2a: Politoed|81/100|[from] item: Leftovers
|-start|p1b: Electabuzz|perish3
|-start|p1a: Primarina|perish3
|-start|p2a: Politoed|perish3
|-start|p2b: Incineroar|perish3
|upkeep
|turn|3
|inactive|zy0ne has 30 seconds left.
|inactive|adaaaa has 30 seconds left.
|inactive|zy0ne has 20 seconds left.
|
|t:|1756747181
|switch|p1b: Kingambit|Kingambit, L50, M|100/100
|switch|p1a: Rillaboom|Rillaboom, L50, F|100/100
|switch|p2a: Gothitelle|Gothitelle, L50, M|100/100
|switch|p2b: Kingdra|Kingdra, L50, F|100/100
|
|-weather|RainDance|[upkeep]
|upkeep
|turn|4
|
|t:|1756747224
|switch|p2a: Politoed|Politoed, L50, F, tera:Grass|81/100
|move|p2b: Kingdra|Protect|p2b: Kingdra
|-singleturn|p2b: Kingdra|Protect
|move|p1b: Kingambit|Protect|p1b: Kingambit
|-singleturn|p1b: Kingambit|Protect
|move|p1a: Rillaboom|Wood Hammer|p2b: Kingdra
|-activate|p2b: Kingdra|move: Protect
|
|-weather|RainDance|[upkeep]
|-heal|p2a: Politoed|87/100|[from] Grassy Terrain
|-heal|p2a: Politoed|93/100|[from] item: Leftovers
|upkeep
|turn|5
|inactive|adaaaa has 30 seconds left.
|inactive|adaaaa has 20 seconds left.
|inactive|adaaaa has 15 seconds left.
|
|t:|1756747271
|move|p2b: Kingdra|Weather Ball|p1b: Kingambit
|-damage|p1b: Kingambit|6/100
|-damage|p2b: Kingdra|91/100|[from] item: Life Orb
|move|p1a: Rillaboom|U-turn|p2a: Politoed
|-supereffective|p2a: Politoed
|-damage|p2a: Politoed|45/100
|
|t:|1756747280
|switch|p1a: Primarina|Primarina, L50, F|100/100|[from] U-turn
|move|p2a: Politoed|Perish Song|p2a: Politoed
|-start|p1a: Primarina|perish3|[silent]
|-start|p1b: Kingambit|perish3|[silent]
|-start|p2a: Politoed|perish3|[silent]
|-start|p2b: Kingdra|perish3|[silent]
|-fieldactivate|move: Perish Song
|move|p1b: Kingambit|Swords Dance|p1b: Kingambit
|-boost|p1b: Kingambit|atk|2
|
|-weather|none
|-heal|p2b: Kingdra|97/100|[from] Grassy Terrain
|-heal|p2a: Politoed|51/100|[from] Grassy Terrain
|-heal|p2a: Politoed|57/100|[from] item: Leftovers
|-heal|p1b: Kingambit|12/100|[from] Grassy Terrain
|-start|p2b: Kingdra|perish3
|-start|p1a: Primarina|perish3
|-start|p2a: Politoed|perish3
|-start|p1b: Kingambit|perish3
|-fieldend|move: Grassy Terrain
|upkeep
|turn|6
|inactive|zy0ne has 30 seconds left.
|inactive|zy0ne has 20 seconds left.
|inactive|zy0ne has 15 seconds left.
|
|t:|1756747323
|switch|p2b: Gothitelle|Gothitelle, L50, M|100/100
|move|p1a: Primarina|Moonblast|p2b: Gothitelle
|-damage|p2b: Gothitelle|67/100
|move|p2a: Politoed|Encore|p1b: Kingambit
|-start|p1b: Kingambit|Encore
|move|p1b: Kingambit|Swords Dance|p1b: Kingambit
|-boost|p1b: Kingambit|atk|2
|
|-heal|p2a: Politoed|63/100|[from] item: Leftovers
|-start|p1a: Primarina|perish2
|-start|p2a: Politoed|perish2
|-start|p1b: Kingambit|perish2
|upkeep
|turn|7
|-message|zy0ne forfeited.
|
|win|adaaaa
