|j|☆Koraidonkoalition
|j|‽rapilp
|html|Koraidonkoalitionrapilp    
|uhtml|bestof|Game 1 of a best-of-3
|t:|1785082529
|gametype|doubles
|player|p1|Koraidonkoalition|colress|1169
|player|p2|rapilp|parasollady-gen4|1096
|gen|9
|tier|[Gen 9 Champions] VGC 2026 Reg M-B (Bo3)
|rated|
|rule|Species Clause: Limit one of each Pokémon
|rule|Item Clause: Limit 1 of each item
|clearpoke
|poke|p1|Tyranitar, L50, F|
|poke|p1|Excadrill, L50, F|
|poke|p1|Milotic, L50, F|
|poke|p1|Sinistcha, L50|
|poke|p1|Staraptor, L50, M|
|poke|p1|Gholdengo, L50|
|poke|p2|Altaria, L50, F, shiny|
|poke|p2|Alcremie, L50, F, shiny|
|poke|p2|Metagross, L50, shiny|
|poke|p2|Delphox, L50, M, shiny|
|poke|p2|Sinistcha, L50, shiny|
|poke|p2|Krookodile, L50, F, shiny|
|teampreview|4
|showteam|p1|Tyranitar||Tyranitarite|SandStream|KnockOff,RockSlide,LowKick,Protect|Jolly||F|||50|]Excadrill||FocusSash|SandRush|Earthquake,IronHead,RockSlide,Protect|Adamant||F|||50|]Milotic||SitrusBerry|Competitive|Scald,IcyWind,Haze,Protect|Calm||F|||50|]Sinistcha||ColburBerry|Hospitality|MatchaGotcha,ShadowBall,Protect,RagePowder|Bold|||||50|]Staraptor||Staraptite|Intimidate|CloseCombat,BraveBird,Tailwind,Protect|Jolly||M|||50|]Gholdengo||LifeOrb|GoodasGold|MakeItRain,ShadowBall,NastyPlot,Protect|Modest|||||50|
|showteam|p2|Altaria||Altarianite|NaturalCure|Tailwind,Protect,HyperVoice,Flamethrower|Modest||F|||50|]Alcremie||ChoiceScarf|SweetVeil|Decorate,Encore,BabyDollEyes,HelpingHand|Bold||F|||50|]Metagross||LifeOrb|ClearBody|IcePunch,MeteorMash,Protect,RockSlide|Adamant|||||50|]Delphox||Delphoxite|Blaze|Protect,Psychic,HeatWave,ShadowBall|Modest||M|||50|]Sinistcha||Leftovers|Hospitality|StrengthSap,LifeDew,MatchaGotcha,ShadowBall|Calm|||||50|]Krookodile||SitrusBerry|Intimidate|ScaryFace,HelpingHand,Protect,HighHorsepower|Careful||F|||50|
|
|t:|1785082558
|teamsize|p1|4
|teamsize|p2|4
|start
|switch|p1a: Milotic|Milotic, L50, F|100/100
|switch|p1b: Gholdengo|Gholdengo, L50|100/100
|switch|p2a: Metagross|Metagross, L50, shiny|100/100
|switch|p2b: Krookodile|Krookodile, L50, F, shiny|100/100
|-ability|p2b: Krookodile|Intimidate|boost
|-unboost|p1a: Milotic|atk|1
|-ability|p1a: Milotic|Competitive|boost
|-boost|p1a: Milotic|spa|2
|-unboost|p1b: Gholdengo|atk|1
|turn|1
|
|t:|1785082586
|switch|p1b: Staraptor|Staraptor, L50, M|100/100
|-ability|p1b: Staraptor|Intimidate|boost
|-fail|p2a: Metagross|unboost|[from] ability: Clear Body|[of] p2a: Metagross
|-unboost|p2b: Krookodile|atk|1
|move|p2b: Krookodile|Helping Hand|p2a: Metagross
|-singleturn|p2a: Metagross|Helping Hand|[of] p2b: Krookodile
|move|p2a: Metagross|Rock Slide|p1b: Staraptor|[spread] p1a
|-miss|p2a: Metagross|p1b: Staraptor
|-crit|p1a: Milotic
|-damage|p1a: Milotic|40/100
|-enditem|p1a: Milotic|Sitrus Berry|[eat]
|-heal|p1a: Milotic|64/100|[from] item: Sitrus Berry
|-damage|p2a: Metagross|90/100|[from] item: Life Orb
|cant|p1a: Milotic|flinch
|
|upkeep
|turn|2
|
|t:|1785082605
|move|p2b: Krookodile|Protect|p2b: Krookodile
|-singleturn|p2b: Krookodile|Protect
|move|p1b: Staraptor|Tailwind|p1b: Staraptor
|-sidestart|p1: Koraidonkoalition|move: Tailwind
|move|p1a: Milotic|Scald|p2b: Krookodile
|-activate|p2b: Krookodile|move: Protect
|move|p2a: Metagross|Rock Slide|p1a: Milotic|[spread] p1a,p1b
|-supereffective|p1b: Staraptor|1
|-damage|p1a: Milotic|38/100
|-damage|p1b: Staraptor|31/100
|-damage|p2a: Metagross|80/100|[from] item: Life Orb
|
|upkeep
|turn|3
|
|t:|1785082618
|switch|p2b: Altaria|Altaria, L50, F, shiny|100/100
|move|p1b: Staraptor|Close Combat|p2a: Metagross
|-damage|p2a: Metagross|49/100
|-unboost|p1b: Staraptor|def|1
|-unboost|p1b: Staraptor|spd|1
|move|p1a: Milotic|Scald|p2a: Metagross
|-crit|p2a: Metagross
|-damage|p2a: Metagross|0 fnt
|faint|p2a: Metagross
|
|upkeep
|
|t:|1785082628
|switch|p2a: Alcremie|Alcremie, L50, F, shiny|100/100
|turn|4
|
|t:|1785082638
|switch|p1b: Tyranitar|Tyranitar, L50, F|100/100
|-weather|Sandstorm|[from] ability: Sand Stream|[of] p1b: Tyranitar
|move|p2b: Altaria|Protect|p2b: Altaria
|-singleturn|p2b: Altaria|Protect
|move|p1a: Milotic|Icy Wind|p2b: Altaria|[spread] p2a
|-activate|p2b: Altaria|move: Protect
|-damage|p2a: Alcremie|81/100
|-unboost|p2a: Alcremie|spe|1
|move|p2a: Alcremie|Decorate|p2b: Altaria
|-boost|p2b: Altaria|atk|2
|-boost|p2b: Altaria|spa|2
|
|-weather|Sandstorm|[upkeep]
|-damage|p1a: Milotic|33/100|[from] Sandstorm
|-damage|p2a: Alcremie|76/100|[from] Sandstorm
|-damage|p2b: Altaria|93/100|[from] Sandstorm
|upkeep
|turn|5
|
|t:|1785082660
|detailschange|p1b: Tyranitar|Tyranitar-Mega, L50, F
|-mega|p1b: Tyranitar|Tyranitar|Tyranitarite
|detailschange|p2b: Altaria|Altaria-Mega, L50, F, shiny
|-mega|p2b: Altaria|Altaria|Altarianite
|move|p1b: Tyranitar|Rock Slide|p2b: Altaria|[spread] p2a,p2b
|-damage|p2a: Alcremie|36/100
|-damage|p2b: Altaria|68/100
|move|p1a: Milotic|Haze|p1a: Milotic
|-clearallboost
|move|p2a: Alcremie|Decorate|p2b: Altaria
|-boost|p2b: Altaria|atk|2
|-boost|p2b: Altaria|spa|2
|move|p2b: Altaria|Hyper Voice|p1b: Tyranitar|[spread] p1a,p1b
|-supereffective|p1b: Tyranitar|1
|-damage|p1a: Milotic|0 fnt
|-damage|p1b: Tyranitar|21/100
|faint|p1a: Milotic
|
|-weather|Sandstorm|[upkeep]
|-damage|p2a: Alcremie|30/100|[from] Sandstorm
|-damage|p2b: Altaria|62/100|[from] Sandstorm
|-sideend|p1: Koraidonkoalition|move: Tailwind
|upkeep
|
|t:|1785082671
|switch|p1a: Staraptor|Staraptor, L50, M|31/100
|-ability|p1a: Staraptor|Intimidate|boost
|-unboost|p2a: Alcremie|atk|1
|-unboost|p2b: Altaria|atk|1
|turn|6
|
|t:|1785082682
|move|p2a: Alcremie|Decorate|p2b: Altaria
|-boost|p2b: Altaria|atk|2
|-boost|p2b: Altaria|spa|2
|move|p1a: Staraptor|Tailwind|p1a: Staraptor
|-sidestart|p1: Koraidonkoalition|move: Tailwind
|move|p1b: Tyranitar|Rock Slide|p2b: Altaria|[spread] p2a,p2b
|-damage|p2a: Alcremie|0 fnt
|-damage|p2b: Altaria|37/100
|faint|p2a: Alcremie
|cant|p2b: Altaria|flinch
|
|-weather|Sandstorm|[upkeep]
|-damage|p1a: Staraptor|25/100|[from] Sandstorm
|-damage|p2b: Altaria|31/100|[from] Sandstorm
|upkeep
|
|t:|1785082693
|switch|p2a: Krookodile|Krookodile, L50, F, shiny|100/100
|-ability|p2a: Krookodile|Intimidate|boost
|-unboost|p1a: Staraptor|atk|1
|-unboost|p1b: Tyranitar|atk|1
|turn|7
|
|t:|1785082700
|move|p1b: Tyranitar|Protect|p1b: Tyranitar
|-singleturn|p1b: Tyranitar|Protect
|move|p2b: Altaria|Protect|p2b: Altaria
|-singleturn|p2b: Altaria|Protect
|move|p1a: Staraptor|Close Combat|p2a: Krookodile
|-supereffective|p2a: Krookodile|1
|-damage|p2a: Krookodile|61/100
|-unboost|p1a: Staraptor|def|1
|-unboost|p1a: Staraptor|spd|1
|move|p2a: Krookodile|Scary Face|p1b: Tyranitar
|-activate|p1b: Tyranitar|move: Protect
|
|-weather|Sandstorm|[upkeep]
|-damage|p1a: Staraptor|19/100|[from] Sandstorm
|-damage|p2b: Altaria|25/100|[from] Sandstorm
|upkeep
|turn|8
|
|t:|1785082712
|move|p2b: Altaria|Protect||[still]
|-fail|p2b: Altaria
|move|p1a: Staraptor|Brave Bird|p2b: Altaria
|-damage|p2b: Altaria|0 fnt
|faint|p2b: Altaria
|-damage|p1a: Staraptor|11/100|[from] Recoil
|move|p1b: Tyranitar|Rock Slide|p2a: Krookodile
|-resisted|p2a: Krookodile|1
|-damage|p2a: Krookodile|48/100
|-enditem|p2a: Krookodile|Sitrus Berry|[eat]
|-heal|p2a: Krookodile|72/100|[from] item: Sitrus Berry
|cant|p2a: Krookodile|flinch
|
|-weather|none
|upkeep
|turn|9
|
|t:|1785082723
|move|p1a: Staraptor|Close Combat|p2a: Krookodile
|-supereffective|p2a: Krookodile|1
|-damage|p2a: Krookodile|33/100
|-unboost|p1a: Staraptor|def|1
|-unboost|p1a: Staraptor|spd|1
|move|p1b: Tyranitar|Low Kick|p2a: Krookodile
|-supereffective|p2a: Krookodile|1
|-damage|p2a: Krookodile|0 fnt
|faint|p2a: Krookodile
|
|win|Koraidonkoalition
