|j|☆282839393m
|j|☆naibot2814
|html|282839393mnaibot2814    
|uhtml|bestof|Game 2 of a best-of-3
|t:|1784740565
|gametype|doubles
|player|p1|282839393m|hilbert|
|player|p2|naibot2814|colress|
|gen|9
|tier|[Gen 9 Champions] VGC 2026 Reg M-B (Bo3)
|rule|Species Clause: Limit one of each Pokémon
|rule|Item Clause: Limit 1 of each item
|clearpoke
|poke|p1|Zoroark-Hisui, L50, M|
|poke|p1|Incineroar, L50, F|
|poke|p1|Gholdengo, L50|
|poke|p1|Blastoise, L50, M|
|poke|p1|Whimsicott, L50, F|
|poke|p1|Staraptor, L50, F|
|poke|p2|Blastoise, L50, M|
|poke|p2|Incineroar, L50, M|
|poke|p2|Sneasler, L50, M|
|poke|p2|Sinistcha, L50|
|poke|p2|Kingambit, L50, M, shiny|
|poke|p2|Delphox, L50, F|
|teampreview|4
|showteam|p1|Zoroark-Hisui||SilkScarf|Illusion|Taunt,IcyWind,HyperBeam,Protect|Timid||M|||50|]Incineroar||PasshoBerry|Intimidate|ThroatChop,FakeOut,PartingShot,FlareBlitz|Impish||F|||50|]Gholdengo||LifeOrb|GoodasGold|NastyPlot,MakeItRain,ShadowBall,Protect|Modest|||||50|]Blastoise||Blastoisinite|Torrent|WaterSpout,ShellSmash,Protect,FocusBlast|Modest||M|||50|]Whimsicott||FocusSash|Prankster|Moonblast,Tailwind,FakeTears,Encore|Bold||F|||50|]Staraptor||Staraptite|Intimidate|Protect,CloseCombat,Roost,BraveBird|Adamant||F|||50|
|showteam|p2|Blastoise||Blastoisinite|Torrent|WaterSpout,DarkPulse,ShellSmash,Protect|Modest||M|||50|]Incineroar||SitrusBerry|Intimidate|FakeOut,FlareBlitz,DarkestLariat,PartingShot|Careful||M|||50|]Sneasler||FocusSash|PoisonTouch|FakeOut,CloseCombat,PoisonJab,RockTomb|Jolly||M|||50|]Sinistcha||KasibBerry|Hospitality|MatchaGotcha,TrickRoom,RagePowder,Protect|Bold|||||50|]Kingambit||BlackGlasses|Defiant|KowtowCleave,SuckerPunch,SwordsDance,Protect|Adamant||M|||50|]Delphox||Delphoxite|Blaze|HeatWave,Psyshock,NastyPlot,Protect|Timid||F|||50|
|inactive|Battle timer is ON: inactive players will automatically lose when time's up. (requested by 282839393m)
|
|t:|1784740598
|teamsize|p1|4
|teamsize|p2|4
|start
|switch|p1a: Staraptor|Staraptor, L50, F|100/100
|switch|p1b: Whimsicott|Whimsicott, L50, F|100/100
|switch|p2a: Sinistcha|Sinistcha, L50|100/100
|switch|p2b: Kingambit|Kingambit, L50, M, shiny|100/100
|-ability|p1a: Staraptor|Intimidate|boost
|-unboost|p2a: Sinistcha|atk|1
|-unboost|p2b: Kingambit|atk|1
|-ability|p2b: Kingambit|Defiant|boost
|-boost|p2b: Kingambit|atk|2
|turn|1
|inactive|282839393m has 30 seconds left.
|
|t:|1784740624
|switch|p2a: Incineroar|Incineroar, L50, M|100/100
|-ability|p2a: Incineroar|Intimidate|boost
|-unboost|p1a: Staraptor|atk|1
|-unboost|p1b: Whimsicott|atk|1
|detailschange|p1a: Staraptor|Staraptor-Mega, L50, F
|-mega|p1a: Staraptor|Staraptor|Staraptite
|move|p2b: Kingambit|Protect|p2b: Kingambit
|-singleturn|p2b: Kingambit|Protect
|move|p1b: Whimsicott|Moonblast|p2a: Incineroar
|-damage|p2a: Incineroar|77/100
|move|p1a: Staraptor|Brave Bird|p2a: Incineroar
|-damage|p2a: Incineroar|36/100
|-enditem|p2a: Incineroar|Sitrus Berry|[eat]
|-heal|p2a: Incineroar|61/100|[from] item: Sitrus Berry
|-damage|p1a: Staraptor|85/100|[from] Recoil
|
|upkeep
|turn|2
|inactive|282839393m has 30 seconds left.
|inactive|282839393m has 20 seconds left.
|inactive|282839393m has 15 seconds left.
|
|t:|1784740668
|move|p1a: Staraptor|Protect|p1a: Staraptor
|-singleturn|p1a: Staraptor|Protect
|move|p2a: Incineroar|Fake Out|p1a: Staraptor
|-activate|p1a: Staraptor|move: Protect
|move|p1b: Whimsicott|Tailwind|p1b: Whimsicott
|-sidestart|p1: 282839393m|move: Tailwind
|move|p2b: Kingambit|Swords Dance|p2b: Kingambit
|-boost|p2b: Kingambit|atk|2
|
|upkeep
|turn|3
|
|t:|1784740688
|switch|p1b: Gholdengo|Gholdengo, L50|100/100
|switch|p2a: Sinistcha|Sinistcha, L50|100/100
|move|p2b: Kingambit|Protect|p2b: Kingambit
|-singleturn|p2b: Kingambit|Protect
|move|p1a: Staraptor|Close Combat|p2b: Kingambit
|-activate|p2b: Kingambit|move: Protect
|
|upkeep
|turn|4
|
|t:|1784740707
|move|p2a: Sinistcha|Rage Powder|p2a: Sinistcha
|-singleturn|p2a: Sinistcha|move: Rage Powder
|move|p1b: Gholdengo|Nasty Plot|p1b: Gholdengo
|-boost|p1b: Gholdengo|spa|2
|move|p1a: Staraptor|Close Combat|p2a: Sinistcha
|-immune|p2a: Sinistcha
|move|p2b: Kingambit|Kowtow Cleave|p1a: Staraptor
|-resisted|p1a: Staraptor|1
|-damage|p1a: Staraptor|21/100
|
|upkeep
|turn|5
|
|t:|1784740727
|move|p2a: Sinistcha|Rage Powder|p2a: Sinistcha
|-singleturn|p2a: Sinistcha|move: Rage Powder
|move|p1b: Gholdengo|Make It Rain|p2b: Kingambit|[spread] p2a,p2b
|-resisted|p2b: Kingambit|1
|-damage|p2a: Sinistcha|0 fnt
|-damage|p2b: Kingambit|39/100
|-unboost|p1b: Gholdengo|spa|2
|faint|p2a: Sinistcha
|-damage|p1b: Gholdengo|90/100|[from] item: Life Orb
|move|p1a: Staraptor|Close Combat|p2b: Kingambit
|-supereffective|p2b: Kingambit|2
|-damage|p2b: Kingambit|0 fnt
|-boost|p1a: Staraptor|def|1
|-boost|p1a: Staraptor|spd|1
|faint|p2b: Kingambit
|
|-sideend|p1: 282839393m|move: Tailwind
|upkeep
|-message|naibot2814 forfeited.
|
|win|282839393m
|l|☆naibot2814
|player|p2|
||naibot2814 is ready for game 3.
||282839393m is ready for game 3.
|uhtml|next|Next: Game 3 of 3
|j|☆naibot2814
|player|p2|naibot2814|colress|
