|j|☆LynxVGC
|j|☆toughlogvgc
|html|LynxVGCtoughlogvgc    
|uhtml|bestof|Game 2 of a best-of-3
|t:|1783878308
|gametype|doubles
|player|p1|LynxVGC|larry|1159
|player|p2|toughlogvgc|1|1172
|gen|9
|tier|[Gen 9 Champions] VGC 2026 Reg M-B (Bo3)
|rated|
|rule|Species Clause: Limit one of each Pokémon
|rule|Item Clause: Limit 1 of each item
|clearpoke
|poke|p1|Swampert, L50, M|
|poke|p1|Archaludon, L50, F|
|poke|p1|Pelipper, L50, F|
|poke|p1|Venusaur, L50, M|
|poke|p1|Sableye, L50, F|
|poke|p1|Incineroar, L50, M|
|poke|p2|Charizard, L50, M|
|poke|p2|Garchomp, L50, M|
|poke|p2|Basculegion, L50, M|
|poke|p2|Whimsicott, L50, F|
|poke|p2|Kingambit, L50, F|
|poke|p2|Floette-Eternal, L50, F|
|teampreview|4
|showteam|p1|Swampert||Swampertite|Damp|Protect,WaveCrash,Earthquake,IcePunch|Adamant||M|||50|]Archaludon||Leftovers|Stamina|FlashCannon,Protect,ElectroShot,DragonPulse|Calm||F|||50|]Pelipper||SitrusBerry|Drizzle|Hurricane,Tailwind,WideGuard,WeatherBall|Bold||F|||50|]Venusaur||Venusaurite|Chlorophyll|GigaDrain,SludgeBomb,Protect,EarthPower|Modest||M|||50|]Sableye||LightClay|Prankster|Disable,Encore,RainDance,LightScreen|Bold||F|||50|]Incineroar||PasshoBerry|Intimidate|FlareBlitz,ThroatChop,PartingShot,FakeOut|Careful||M|||50|
|showteam|p2|Charizard||CharizarditeY|Blaze|HeatWave,SolarBeam,Protect,WeatherBall|Modest||M|||50|]Garchomp||LifeOrb|RoughSkin|DragonClaw,Earthquake,RockSlide,Protect|Jolly||M|||50|]Basculegion||ChoiceScarf|Adaptability|WaveCrash,AquaJet,FlipTurn,LastRespects|Adamant||M|||50|]Whimsicott||FocusSash|Prankster|Moonblast,Tailwind,Protect,Encore|Timid||F|||50|]Kingambit||BlackGlasses|Defiant|IronHead,KowtowCleave,Protect,SuckerPunch|Adamant||F|||50|]Floette-Eternal||Floettite|FlowerVeil|Moonblast,LightofRuin,DazzlingGleam,Protect|Modest||F|||50|
|
|t:|1783878338
|teamsize|p1|4
|teamsize|p2|4
|start
|switch|p1a: Venusaur|Venusaur, L50, M|100/100
|switch|p1b: Sableye|Sableye, L50, F|100/100
|switch|p2a: Charizard|Charizard, L50, M|100/100
|switch|p2b: Garchomp|Garchomp, L50, M|100/100
|turn|1
|
|t:|1783878361
|switch|p1b: Pelipper|Pelipper, L50, F|100/100
|-weather|RainDance|[from] ability: Drizzle|[of] p1b: Pelipper
|detailschange|p1a: Venusaur|Venusaur-Mega, L50, M
|-mega|p1a: Venusaur|Venusaur|Venusaurite
|move|p2b: Garchomp|Earthquake|p1a: Venusaur|[spread] p1a
|-immune|p2a: Charizard
|-immune|p1b: Pelipper
|-damage|p1a: Venusaur|59/100
|-damage|p2b: Garchomp|90/100|[from] item: Life Orb
|move|p2a: Charizard|Heat Wave|p1a: Venusaur|[spread] p1a,p1b
|-supereffective|p1a: Venusaur|1
|-resisted|p1b: Pelipper|1
|-damage|p1a: Venusaur|47/100
|-damage|p1b: Pelipper|91/100
|move|p1a: Venusaur|Giga Drain|p2b: Garchomp
|-damage|p2b: Garchomp|44/100
|-heal|p1a: Venusaur|69/100|[from] drain|[of] p2b: Garchomp
|
|-weather|RainDance|[upkeep]
|upkeep
|turn|2
|
|t:|1783878389
|detailschange|p2a: Charizard|Charizard-Mega-Y, L50, M
|-mega|p2a: Charizard|Charizard|Charizardite Y
|-weather|SunnyDay|[from] ability: Drought|[of] p2a: Charizard
|move|p1b: Pelipper|Wide Guard|p1b: Pelipper
|-singleturn|p1b: Pelipper|Wide Guard
|move|p2b: Garchomp|Earthquake|p1a: Venusaur|[spread] 
|-activate|p1a: Venusaur|move: Wide Guard
|-activate|p1b: Pelipper|move: Wide Guard
|-immune|p2a: Charizard
|move|p2a: Charizard|Heat Wave|p1a: Venusaur|[spread] 
|-activate|p1a: Venusaur|move: Wide Guard
|-activate|p1b: Pelipper|move: Wide Guard
|move|p1a: Venusaur|Giga Drain|p2b: Garchomp
|-damage|p2b: Garchomp|0 fnt
|-heal|p1a: Venusaur|91/100|[from] drain|[of] p2b: Garchomp
|faint|p2b: Garchomp
|
|-weather|SunnyDay|[upkeep]
|upkeep
|
|t:|1783878408
|switch|p2b: Kingambit|Kingambit, L50, F|100/100
|turn|3
|
|t:|1783878422
|switch|p1b: Sableye|Sableye, L50, F|100/100
|move|p1a: Venusaur|Protect|p1a: Venusaur
|-singleturn|p1a: Venusaur|Protect
|move|p2b: Kingambit|Sucker Punch||[still]
|-fail|p2b: Kingambit
|move|p2a: Charizard|Weather Ball|p1a: Venusaur
|-activate|p1a: Venusaur|move: Protect
|
|-weather|SunnyDay|[upkeep]
|upkeep
|turn|4
|
|t:|1783878447
|move|p2b: Kingambit|Sucker Punch|p1a: Venusaur
|-damage|p1a: Venusaur|51/100
|move|p1b: Sableye|Rain Dance|p1b: Sableye
|-weather|RainDance
|move|p2a: Charizard|Heat Wave|p1a: Venusaur|[spread] p1a,p1b
|-supereffective|p1a: Venusaur|1
|-damage|p1a: Venusaur|35/100
|-damage|p1b: Sableye|71/100
|move|p1a: Venusaur|Earth Power|p2b: Kingambit
|-supereffective|p2b: Kingambit|1
|-damage|p2b: Kingambit|42/100
|
|-weather|RainDance|[upkeep]
|upkeep
|turn|5
|
|t:|1783878469
|switch|p2a: Basculegion|Basculegion, L50, M|100/100
|switch|p1a: Archaludon|Archaludon, L50, F|100/100
|move|p2b: Kingambit|Sucker Punch||[still]
|-fail|p2b: Kingambit
|move|p1b: Sableye|Light Screen|p1b: Sableye
|-sidestart|p1: LynxVGC|move: Light Screen
|
|-weather|RainDance|[upkeep]
|upkeep
|turn|6
|
|t:|1783878490
|switch|p1b: Pelipper|Pelipper, L50, F|91/100
|move|p2b: Kingambit|Protect|p2b: Kingambit
|-singleturn|p2b: Kingambit|Protect
|move|p2a: Basculegion|Flip Turn|p1a: Archaludon
|-resisted|p1a: Archaludon|1
|-damage|p1a: Archaludon|77/100
|-ability|p1a: Archaludon|Stamina|boost
|-boost|p1a: Archaludon|def|1
|
|t:|1783878499
|switch|p2a: Charizard|Charizard-Mega-Y, L50, M|100/100|[from] Flip Turn
|-weather|SunnyDay|[from] ability: Drought|[of] p2a: Charizard
|move|p1a: Archaludon|Electro Shot||[still]
|-prepare|p1a: Archaludon|Electro Shot
|-boost|p1a: Archaludon|spa|1
|
|-weather|SunnyDay|[upkeep]
|-heal|p1a: Archaludon|83/100|[from] item: Leftovers
|upkeep
|turn|7
|
|t:|1783878520
|move|p2b: Kingambit|Sucker Punch|p1a: Archaludon
|-damage|p1a: Archaludon|58/100
|-ability|p1a: Archaludon|Stamina|boost
|-boost|p1a: Archaludon|def|1
|move|p2a: Charizard|Weather Ball|p1a: Archaludon
|-damage|p1a: Archaludon|4/100
|-ability|p1a: Archaludon|Stamina|boost
|-boost|p1a: Archaludon|def|1
|move|p1a: Archaludon|Electro Shot|p2a: Charizard|[from] lockedmove
|-supereffective|p2a: Charizard|1
|-damage|p2a: Charizard|0 fnt
|faint|p2a: Charizard
|move|p1b: Pelipper|Weather Ball|p2b: Kingambit
|-supereffective|p2b: Kingambit|1
|-damage|p2b: Kingambit|0 fnt
|faint|p2b: Kingambit
|
|-weather|SunnyDay|[upkeep]
|-heal|p1a: Archaludon|10/100|[from] item: Leftovers
|upkeep
|
|t:|1783878545
|switch|p2b: Basculegion|Basculegion, L50, M|100/100
|turn|8
|
|t:|1783878574
|move|p2b: Basculegion|Last Respects|p1b: Pelipper
|-damage|p1b: Pelipper|0 fnt
|faint|p1b: Pelipper
|move|p1a: Archaludon|Dragon Pulse|p2b: Basculegion
|-damage|p2b: Basculegion|37/100
|
|-weather|SunnyDay|[upkeep]
|-heal|p1a: Archaludon|16/100|[from] item: Leftovers
|upkeep
|
|t:|1783878583
|switch|p1b: Sableye|Sableye, L50, F|71/100
|turn|9
|
|t:|1783878590
|move|p1b: Sableye|Disable|p2b: Basculegion
|-start|p2b: Basculegion|Disable|Last Respects
|cant|p2b: Basculegion|Disable|Last Respects
|move|p1a: Archaludon|Dragon Pulse|p2b: Basculegion
|-damage|p2b: Basculegion|0 fnt
|faint|p2b: Basculegion
|
|win|LynxVGC
||LynxVGC is ready for game 3.
||toughlogvgc is ready for game 3.
|uhtml|next|Next: Game 3 of 3
|l|☆LynxVGC
|player|p1|
