|j|☆wingblade33
|j|☆TheDark69420
|html|wingblade33TheDark69420    
|uhtml|bestof|Game 2 of a best-of-3
|t:|1786034345
|gametype|doubles
|player|p1|wingblade33|102|1316
|player|p2|TheDark69420|ghetsis-gen5bw|1343
|gen|9
|tier|[Gen 9 Champions] VGC 2026 Reg M-B (Bo3)
|rated|
|rule|Species Clause: Limit one of each Pokémon
|rule|Item Clause: Limit 1 of each item
|clearpoke
|poke|p1|Tyranitar, L50, M|
|poke|p1|Milotic, L50, M|
|poke|p1|Farigiraf, L50, F|
|poke|p1|Gholdengo, L50|
|poke|p1|Excadrill, L50, F|
|poke|p1|Staraptor, L50, F|
|poke|p2|Kingambit, L50, M|
|poke|p2|Ninetales-Alola, L50, M|
|poke|p2|Incineroar, L50, M|
|poke|p2|Dragonite, L50, M|
|poke|p2|Sneasler, L50, M|
|poke|p2|Gengar, L50, M|
|teampreview|4
|showteam|p1|Tyranitar||Tyranitarite|SandStream|KnockOff,DragonDance,RockSlide,Protect|Adamant||M|||50|]Milotic||Leftovers|Competitive|IcyWind,Scald,Haze,Protect|Calm||M|||50|]Farigiraf||SitrusBerry|ArmorTail|Psychic,TrickRoom,Roar,Thunderbolt|Modest||F|||50|]Gholdengo||LifeOrb|GoodasGold|MakeItRain,ShadowBall,NastyPlot,Protect|Modest|||||50|]Excadrill||FocusSash|SandRush|HighHorsepower,IronHead,RockSlide,Protect|Adamant||F|||50|]Staraptor||Staraptite|Intimidate|CloseCombat,BraveBird,Tailwind,Protect|Jolly||F|||50|
|showteam|p2|Kingambit||BlackGlasses|Defiant|KowtowCleave,SuckerPunch,LowKick,Protect|Adamant||M|||50|]Ninetales-Alola||ChoiceScarf|SnowWarning|Blizzard,FreezeDry,IcyWind,Encore|Timid||M|||50|]Incineroar||SitrusBerry|Intimidate|FlareBlitz,ThroatChop,FakeOut,PartingShot|Impish||M|||50|]Dragonite||LifeOrb|InnerFocus|DragonClaw,Superpower,ExtremeSpeed,Protect|Adamant||M|||50|]Sneasler||FocusSash|Unburden|CloseCombat,DireClaw,RockSlide,Protect|Adamant||M|||50|]Gengar||Gengarite|CursedBody|SludgeBomb,ShadowBall,Substitute,Protect|Modest||M|||50|
|inactive|Battle timer is ON: inactive players will automatically lose when time's up. (requested by TheDark69420)
|inactive|TheDark69420 has 60 seconds left.
|
|t:|1786034391
|teamsize|p1|4
|teamsize|p2|4
|start
|switch|p1a: Excadrill|Excadrill, L50, F|100/100
|switch|p1b: Tyranitar|Tyranitar, L50, M|100/100
|switch|p2a: Gengar|Gengar, L50, M|100/100
|switch|p2b: Incineroar|Incineroar, L50, M|100/100
|-weather|Sandstorm|[from] ability: Sand Stream|[of] p1b: Tyranitar
|-ability|p2b: Incineroar|Intimidate|boost
|-unboost|p1a: Excadrill|atk|1
|-unboost|p1b: Tyranitar|atk|1
|turn|1
|inactive|wingblade33 has 30 seconds left.
|inactive|TheDark69420 has 30 seconds left.
|
|t:|1786034425
|switch|p1a: Farigiraf|Farigiraf, L50, F|100/100
|detailschange|p2a: Gengar|Gengar-Mega, L50, M
|-mega|p2a: Gengar|Gengar|Gengarite
|move|p2b: Incineroar|Fake Out||[still]
|cant|p1a: Farigiraf|ability: Armor Tail|Fake Out|[of] p2b: Incineroar
|move|p2a: Gengar|Substitute|p2a: Gengar
|-start|p2a: Gengar|Substitute
|-damage|p2a: Gengar|75/100
|move|p1b: Tyranitar|Dragon Dance|p1b: Tyranitar
|-boost|p1b: Tyranitar|atk|1
|-boost|p1b: Tyranitar|spe|1
|
|-weather|Sandstorm|[upkeep]
|-damage|p2a: Gengar|69/100|[from] Sandstorm
|-damage|p2b: Incineroar|94/100|[from] Sandstorm
|-damage|p1a: Farigiraf|93/100|[from] Sandstorm
|upkeep
|turn|2
|inactive|wingblade33 has 30 seconds left.
|inactive|wingblade33 has 20 seconds left.
|inactive|wingblade33 has 15 seconds left.
|
|t:|1786034467
|move|p2a: Gengar|Protect|p2a: Gengar
|-singleturn|p2a: Gengar|Protect
|move|p1b: Tyranitar|Knock Off|p2b: Incineroar
|-resisted|p2b: Incineroar|1
|-damage|p2b: Incineroar|74/100
|-enditem|p2b: Incineroar|Sitrus Berry|[from] move: Knock Off|[of] p1b: Tyranitar
|move|p2b: Incineroar|Parting Shot|p1b: Tyranitar
|-unboost|p1b: Tyranitar|atk|1
|-unboost|p1b: Tyranitar|spa|1
|
|t:|1786034486
|switch|p2b: Ninetales|Ninetales-Alola, L50, M|100/100|[from] Parting Shot
|-weather|Snowscape|[from] ability: Snow Warning|[of] p2b: Ninetales
|move|p1a: Farigiraf|Roar|p2a: Gengar
|drag|p2a: Sneasler|Sneasler, L50, M|100/100
|
|-weather|Snowscape|[upkeep]
|upkeep
|turn|3
|
|t:|1786034511
|detailschange|p1b: Tyranitar|Tyranitar-Mega, L50, M
|-mega|p1b: Tyranitar|Tyranitar|Tyranitarite
|-weather|Sandstorm|[from] ability: Sand Stream|[of] p1b: Tyranitar
|move|p2b: Ninetales|Blizzard|p1b: Tyranitar|[spread] p1a
|-miss|p2b: Ninetales|p1b: Tyranitar
|-damage|p1a: Farigiraf|63/100
|move|p2a: Sneasler|Close Combat|p1a: Farigiraf
|-damage|p1a: Farigiraf|13/100
|-unboost|p2a: Sneasler|def|1
|-unboost|p2a: Sneasler|spd|1
|-enditem|p1a: Farigiraf|Sitrus Berry|[eat]
|-heal|p1a: Farigiraf|37/100|[from] item: Sitrus Berry
|move|p1b: Tyranitar|Rock Slide|p2b: Ninetales|[spread] p2a,p2b
|-resisted|p2a: Sneasler|1
|-supereffective|p2b: Ninetales|1
|-damage|p2a: Sneasler|70/100
|-damage|p2b: Ninetales|35/100
|move|p1a: Farigiraf|Psychic|p2a: Sneasler
|-supereffective|p2a: Sneasler|2
|-damage|p2a: Sneasler|0 fnt
|faint|p2a: Sneasler
|
|-weather|Sandstorm|[upkeep]
|-damage|p2b: Ninetales|30/100|[from] Sandstorm
|-damage|p1a: Farigiraf|31/100|[from] Sandstorm
|upkeep
|
|t:|1786034521
|switch|p2a: Incineroar|Incineroar, L50, M|74/100
|-ability|p2a: Incineroar|Intimidate|boost
|-unboost|p1a: Farigiraf|atk|1
|-unboost|p1b: Tyranitar|atk|1
|turn|4
|inactive|wingblade33 has 30 seconds left.
|
|t:|1786034555
|switch|p1a: Staraptor|Staraptor, L50, F|100/100
|-ability|p1a: Staraptor|Intimidate|boost
|-unboost|p2a: Incineroar|atk|1
|-unboost|p2b: Ninetales|atk|1
|move|p2b: Ninetales|Blizzard|p1b: Tyranitar|[spread] 
|-miss|p2b: Ninetales|p1a: Staraptor
|-miss|p2b: Ninetales|p1b: Tyranitar
|move|p1b: Tyranitar|Rock Slide|p2a: Incineroar|[spread] p2a
|-miss|p1b: Tyranitar|p2b: Ninetales
|-supereffective|p2a: Incineroar|1
|-damage|p2a: Incineroar|50/100g
|move|p2a: Incineroar|Parting Shot|p1b: Tyranitar
|-unboost|p1b: Tyranitar|atk|1
|-unboost|p1b: Tyranitar|spa|1
|
|t:|1786034568
|switch|p2a: Gengar|Gengar-Mega, L50, M|69/100|[from] Parting Shot
|
|-weather|Sandstorm|[upkeep]
|-damage|p2b: Ninetales|24/100|[from] Sandstorm
|-damage|p2a: Gengar|63/100|[from] Sandstorm
|-damage|p1a: Staraptor|93/100|[from] Sandstorm
|upkeep
|turn|5
|
|t:|1786034584
|switch|p2a: Incineroar|Incineroar, L50, M|50/100g
|-ability|p2a: Incineroar|Intimidate|boost
|-unboost|p1a: Staraptor|atk|1
|-unboost|p1b: Tyranitar|atk|1
|move|p1a: Staraptor|Protect|p1a: Staraptor
|-singleturn|p1a: Staraptor|Protect
|move|p2b: Ninetales|Blizzard|p1a: Staraptor|[spread] 
|-activate|p1a: Staraptor|move: Protect
|-miss|p2b: Ninetales|p1b: Tyranitar
|move|p1b: Tyranitar|Knock Off|p2a: Incineroar
|-resisted|p2a: Incineroar|1
|-damage|p2a: Incineroar|45/100
|
|-weather|Sandstorm|[upkeep]
|-damage|p2b: Ninetales|18/100|[from] Sandstorm
|-damage|p1a: Staraptor|87/100|[from] Sandstorm
|-damage|p2a: Incineroar|39/100|[from] Sandstorm
|upkeep
|turn|6
|
|t:|1786034607
|switch|p1b: Farigiraf|Farigiraf, L50, F|31/100
|move|p2b: Ninetales|Blizzard|p1b: Farigiraf|[spread] p1a,p1b
|-supereffective|p1a: Staraptor|1
|-damage|p1a: Staraptor|0 fnt
|-damage|p1b: Farigiraf|1/100
|faint|p1a: Staraptor
|move|p2a: Incineroar|Parting Shot|p1b: Farigiraf
|-unboost|p1b: Farigiraf|atk|1
|-unboost|p1b: Farigiraf|spa|1
|
|t:|1786034612
|switch|p2a: Gengar|Gengar-Mega, L50, M|63/100|[from] Parting Shot
|
|-weather|Sandstorm|[upkeep]
|-damage|p2b: Ninetales|12/100|[from] Sandstorm
|-damage|p2a: Gengar|58/100|[from] Sandstorm
|-damage|p1b: Farigiraf|0 fnt|[from] Sandstorm
|faint|p1b: Farigiraf
|upkeep
|
|t:|1786034622
|switch|p1a: Excadrill|Excadrill, L50, F|100/100
|switch|p1b: Tyranitar|Tyranitar-Mega, L50, M|100/100
|turn|7
|inactive|wingblade33 has 30 seconds left.
|
|t:|1786034652
|switch|p2b: Incineroar|Incineroar, L50, M|39/100
|-ability|p2b: Incineroar|Intimidate|boost
|-unboost|p1a: Excadrill|atk|1
|-unboost|p1b: Tyranitar|atk|1
|move|p2a: Gengar|Protect|p2a: Gengar
|-singleturn|p2a: Gengar|Protect
|move|p1a: Excadrill|Rock Slide|p2a: Gengar|[spread] p2b
|-activate|p2a: Gengar|move: Protect
|-supereffective|p2b: Incineroar|1
|-damage|p2b: Incineroar|16/100
|move|p1b: Tyranitar|Dragon Dance|p1b: Tyranitar
|-boost|p1b: Tyranitar|atk|1
|-boost|p1b: Tyranitar|spe|1
|
|-weather|none
|upkeep
|turn|8
|inactive|wingblade33 has 30 seconds left.
|inactive|TheDark69420 has 30 seconds left.
|
|t:|1786034686
|move|p2b: Incineroar|Fake Out|p1b: Tyranitar
|-resisted|p1b: Tyranitar|1
|-damage|p1b: Tyranitar|96/100
|move|p2a: Gengar|Substitute|p2a: Gengar
|-start|p2a: Gengar|Substitute
|-damage|p2a: Gengar|33/100
|cant|p1b: Tyranitar|flinch
|move|p1a: Excadrill|High Horsepower|p2a: Gengar
|-supereffective|p2a: Gengar|1
|-end|p2a: Gengar|Substitute
|
|upkeep
|turn|9
|
|t:|1786034704
|move|p2a: Gengar|Shadow Ball|p1a: Excadrill
|-damage|p1a: Excadrill|26/100
|move|p1b: Tyranitar|Rock Slide|p2a: Gengar|[spread] p2a,p2b
|-supereffective|p2b: Incineroar|1
|-crit|p2b: Incineroar
|-damage|p2a: Gengar|0 fnt
|-damage|p2b: Incineroar|0 fnt
|faint|p2a: Gengar
|faint|p2b: Incineroar
|move|p1a: Excadrill|High Horsepower|p2: Gengar|[notarget]
|-fail|p1a: Excadrill
|
|upkeep
|
|t:|1786034710
|switch|p2b: Ninetales|Ninetales-Alola, L50, M|12/100
|-weather|Snowscape|[from] ability: Snow Warning|[of] p2b: Ninetales
|turn|10
|
|t:|1786034727
|move|p2b: Ninetales|Blizzard|p1b: Tyranitar|[spread] p1a,p1b
|-damage|p1a: Excadrill|0 fnt
|-damage|p1b: Tyranitar|72/100
|faint|p1a: Excadrill
|move|p1b: Tyranitar|Knock Off|p2b: Ninetales
|-resisted|p2b: Ninetales|1
|-damage|p2b: Ninetales|0 fnt
|-enditem|p2b: Ninetales|Choice Scarf|[from] move: Knock Off|[of] p1b: Tyranitar
|faint|p2b: Ninetales
|
|win|wingblade33
|raw|wingblade33's rating: 1316 → 1338(+22 for winning)
|raw|TheDark69420's rating: 1343 → 1321(-22 for losing)
|l|☆TheDark69420
|player|p2|
