|j|☆HoooHoot
|j|☆andiom123
|html|HoooHootandiom123    
|uhtml|bestof|Game 1 of a best-of-3
|t:|1783479170
|gametype|doubles
|player|p1|HoooHoot|bellelba|1075
|player|p2|andiom123|red|1172
|gen|9
|tier|[Gen 9 Champions] VGC 2026 Reg M-B (Bo3)
|rated|
|rule|Species Clause: Limit one of each Pokémon
|rule|Item Clause: Limit 1 of each item
|clearpoke
|poke|p1|Froslass, L50, F|
|poke|p1|Dragalge, L50, M|
|poke|p1|Sneasler, L50, M|
|poke|p1|Corviknight, L50, M|
|poke|p1|Sinistcha, L50|
|poke|p1|Garganacl, L50, M|
|poke|p2|Incineroar, L50, F|
|poke|p2|Farigiraf, L50, F|
|poke|p2|Sylveon, L50, M|
|poke|p2|Torkoal, L50, M|
|poke|p2|Kangaskhan, L50, F|
|poke|p2|Mawile, L50, F|
|teampreview|4
|showteam|p1|Froslass||Froslassite|SnowCloak|Blizzard,Protect,ShadowBall,Thunderbolt|Timid||F|||50|]Dragalge||Dragalgite|PoisonPoint|Protect,Scald,SludgeBomb,DragonPulse|Modest||M|||50|]Sneasler||FocusSash|PoisonTouch|FakeOut,DireClaw,CloseCombat,Protect|Jolly||M|||50|]Corviknight||ExpertBelt|MirrorArmor|Tailwind,IronHead,BraveBird,Roost|Impish||M|||50|]Sinistcha||Leftovers|Hospitality|TrickRoom,MatchaGotcha,Protect,ShadowBall|Quiet|||||50|]Garganacl||SitrusBerry|Sturdy|RockSlide,StompingTantrum,SaltCure,Protect|Adamant||M|||50|
|showteam|p2|Incineroar||MuscleBand|Intimidate|ThroatChop,FlareBlitz,FakeOut,PartingShot|Brave||F|||50|]Farigiraf||SitrusBerry|ArmorTail|FoulPlay,PsychicNoise,TrickRoom,HelpingHand|Relaxed||F|||50|]Sylveon||LifeOrb|Pixilate|HyperVoice,HyperBeam,QuickAttack,Detect|Modest||M|||50|]Torkoal||Charcoal|Drought|Eruption,EarthPower,Flamethrower,Protect|Quiet||M|||50|]Kangaskhan||Kangaskhanite|Scrappy|DoubleEdge,FakeOut,IcePunch,HammerArm|Brave||F|||50|]Mawile||Mawilite|HyperCutter|RockSlide,PlayRough,SuckerPunch,Protect|Brave||F|||50|
|
|t:|1783479196
|teamsize|p1|4
|teamsize|p2|4
|start
|switch|p1a: Sneasler|Sneasler, L50, M|100/100
|switch|p1b: Garganacl|Garganacl, L50, M|100/100
|switch|p2a: Farigiraf|Farigiraf, L50, F|100/100
|switch|p2b: Kangaskhan|Kangaskhan, L50, F|100/100
|turn|1
|
|t:|1783479226
|detailschange|p2b: Kangaskhan|Kangaskhan-Mega, L50, F
|-mega|p2b: Kangaskhan|Kangaskhan|Kangaskhanite
|move|p1a: Sneasler|Protect|p1a: Sneasler
|-singleturn|p1a: Sneasler|Protect
|move|p2b: Kangaskhan|Fake Out|p1a: Sneasler
|-activate|p1a: Sneasler|move: Protect
|move|p1b: Garganacl|Rock Slide|p2a: Farigiraf|[spread] p2a,p2b
|-damage|p2a: Farigiraf|79/100
|-damage|p2b: Kangaskhan|79/100
|move|p2a: Farigiraf|Trick Room|p2a: Farigiraf
|-fieldstart|move: Trick Room|[of] p2a: Farigiraf
|
|upkeep
|turn|2
|
|t:|1783479242
|move|p1b: Garganacl|Stomping Tantrum|p2b: Kangaskhan
|-damage|p2b: Kangaskhan|59/100
|move|p2a: Farigiraf|Psychic Noise|p1a: Sneasler
|-supereffective|p1a: Sneasler|2
|-enditem|p1a: Sneasler|Focus Sash
|-damage|p1a: Sneasler|1/100
|-start|p1a: Sneasler|move: Heal Block
|move|p2b: Kangaskhan|Hammer Arm|p1b: Garganacl
|-supereffective|p1b: Garganacl|1
|-damage|p1b: Garganacl|45/100
|-unboost|p2b: Kangaskhan|spe|1
|-enditem|p1b: Garganacl|Sitrus Berry|[eat]
|-heal|p1b: Garganacl|70/100|[from] item: Sitrus Berry
|-supereffective|p1b: Garganacl|1
|-damage|p1b: Garganacl|57/100
|-unboost|p2b: Kangaskhan|spe|1
|-hitcount|p1b: Garganacl|2
|move|p1a: Sneasler|Close Combat|p2b: Kangaskhan
|-supereffective|p2b: Kangaskhan|1
|-damage|p2b: Kangaskhan|0 fnt
|-unboost|p1a: Sneasler|def|1
|-unboost|p1a: Sneasler|spd|1
|faint|p2b: Kangaskhan
|
|upkeep
|
|t:|1783479276
|switch|p2b: Torkoal|Torkoal, L50, M|100/100
|-weather|SunnyDay|[from] ability: Drought|[of] p2b: Torkoal
|turn|3
|
|t:|1783479285
|move|p1a: Sneasler|Protect|p1a: Sneasler
|-singleturn|p1a: Sneasler|Protect
|move|p2b: Torkoal|Eruption|p1b: Garganacl|[spread] p1b
|-activate|p1a: Sneasler|move: Protect
|-resisted|p1b: Garganacl|1
|-damage|p1b: Garganacl|20/100y
|move|p1b: Garganacl|Stomping Tantrum|p2b: Torkoal
|-supereffective|p2b: Torkoal|1
|-damage|p2b: Torkoal|63/100
|move|p2a: Farigiraf|Psychic Noise|p1b: Garganacl
|-damage|p1b: Garganacl|0 fnt
|faint|p1b: Garganacl
|
|-weather|SunnyDay|[upkeep]
|-end|p1a: Sneasler|move: Heal Block
|upkeep
|
|t:|1783479309
|switch|p1b: Froslass|Froslass, L50, F|100/100
|turn|4
|
|t:|1783479324
|detailschange|p1b: Froslass|Froslass-Mega, L50, F
|-mega|p1b: Froslass|Froslass|Froslassite
|-weather|Snowscape|[from] ability: Snow Warning|[of] p1b: Froslass
|move|p1b: Froslass|Protect|p1b: Froslass
|-singleturn|p1b: Froslass|Protect
|move|p2b: Torkoal|Flamethrower|p1b: Froslass
|-activate|p1b: Froslass|move: Protect
|move|p2a: Farigiraf|Psychic Noise|p1a: Sneasler
|-supereffective|p1a: Sneasler|2
|-damage|p1a: Sneasler|0 fnt
|faint|p1a: Sneasler
|
|-weather|Snowscape|[upkeep]
|upkeep
|
|t:|1783479336
|switch|p1a: Corviknight|Corviknight, L50, M|100/100
|turn|5
|
|t:|1783479344
|move|p1b: Froslass|Protect||[still]
|-fail|p1b: Froslass
|move|p2b: Torkoal|Eruption|p1b: Froslass|[spread] p1a,p1b
|-supereffective|p1a: Corviknight|1
|-supereffective|p1b: Froslass|1
|-damage|p1a: Corviknight|22/100
|-damage|p1b: Froslass|4/100
|move|p2a: Farigiraf|Foul Play|p1b: Froslass
|-supereffective|p1b: Froslass|1
|-damage|p1b: Froslass|0 fnt
|faint|p1b: Froslass
|move|p1a: Corviknight|Brave Bird|p2b: Torkoal
|-damage|p2b: Torkoal|35/100
|-damage|p1a: Corviknight|14/100|[from] Recoil
|
|-weather|Snowscape|[upkeep]
|-fieldend|move: Trick Room
|upkeep
|turn|6
|
|t:|1783479373
|move|p2b: Torkoal|Protect|p2b: Torkoal
|-singleturn|p2b: Torkoal|Protect
|move|p1a: Corviknight|Brave Bird|p2b: Torkoal
|-activate|p2b: Torkoal|move: Protect
|move|p2a: Farigiraf|Foul Play|p1a: Corviknight
|-damage|p1a: Corviknight|1/100
|
|-weather|Snowscape|[upkeep]
|upkeep
|turn|7
|
|t:|1783479385
|move|p1a: Corviknight|Brave Bird|p2b: Torkoal
|-damage|p2b: Torkoal|9/100
|-damage|p1a: Corviknight|0 fnt|[from] Recoil
|faint|p1a: Corviknight
|
|win|andiom123
||andiom123 is ready for game 2.
|l|☆HoooHoot
|player|p1|
|inactive|HoooHoot has 30 seconds to confirm battle start!
||HoooHoot is ready for game 2.
|uhtml|next|Next: Game 2 of 3
