|j|☆Br1_lore
|j|☆juanpapimon
|html|Br1_lorejuanpapimon    
|uhtml|bestof|Game 3 of a best-of-3
|t:|1783614688
|gametype|doubles
|player|p1|Br1_lore|1|1161
|player|p2|juanpapimon|266|1045
|gen|9
|tier|[Gen 9 Champions] VGC 2026 Reg M-B (Bo3)
|rated|
|rule|Species Clause: Limit one of each Pokémon
|rule|Item Clause: Limit 1 of each item
|clearpoke
|poke|p1|Metagross, L50|
|poke|p1|Hydreigon, L50, M|
|poke|p1|Sneasler, L50, F|
|poke|p1|Aerodactyl, L50, M|
|poke|p1|Sylveon, L50, F|
|poke|p1|Maushold-Four, L50|
|poke|p2|Scovillain, L50, M|
|poke|p2|Whimsicott, L50, M|
|poke|p2|Swampert, L50, M|
|poke|p2|Pelipper, L50, M|
|poke|p2|Archaludon, L50, F|
|poke|p2|Farigiraf, L50, M|
|teampreview|4
|showteam|p1|Metagross||Metagrossite|ClearBody|IronHead,PsychicFangs,BodyPress,Protect|Jolly|||||50|]Hydreigon||ChoiceScarf|Levitate|DracoMeteor,EarthPower,HeatWave,DarkPulse|Timid||M|||50|]Sneasler||WhiteHerb|Unburden|CloseCombat,DireClaw,FakeOut,Protect|Adamant||F|||50|]Aerodactyl||Aerodactylite|Unnerve|RockSlide,DualWingbeat,Protect,Tailwind|Jolly||M|||50|]Sylveon||FairyFeather|Pixilate|HyperBeam,HyperVoice,QuickAttack,Detect|Modest||F|||50|]Maushold-Four||ChopleBerry|FriendGuard|SuperFang,FollowMe,Protect,Charm|Jolly|||||50|
|showteam|p2|Scovillain||Scovillainite|Moody|Protect,RagePowder,Flamethrower,GigaDrain|Quiet||M|||50|]Whimsicott||FocusSash|Prankster|Tailwind,Moonblast,LeechSeed,Encore|Calm||M|||50|]Swampert||Swampertite|Torrent|Waterfall,IcePunch,Earthquake,Protect|Adamant||M|||50|]Pelipper||DampRock|Drizzle|WideGuard,IcyWind,Hurricane,WeatherBall|Modest||M|||50|]Archaludon||Leftovers|Stamina|ElectroShot,DracoMeteor,FlashCannon,Protect|Timid||F|||50|]Farigiraf||SitrusBerry|ArmorTail|TrickRoom,HyperVoice,Thunderbolt,Roar|Sassy||M|||50|
|
|t:|1783614740
|teamsize|p1|4
|teamsize|p2|4
|start
|switch|p1a: Maushold|Maushold-Four, L50|100/100
|switch|p1b: Sylveon|Sylveon, L50, F|100/100
|switch|p2a: Whimsicott|Whimsicott, L50, M|100/100
|switch|p2b: Swampert|Swampert, L50, M|100/100
|turn|1
|
|t:|1783614770
|move|p2b: Swampert|Protect|p2b: Swampert
|-singleturn|p2b: Swampert|Protect
|move|p2a: Whimsicott|Leech Seed|p1b: Sylveon
|-start|p1b: Sylveon|move: Leech Seed
|move|p1a: Maushold|Charm|p2b: Swampert
|-activate|p2b: Swampert|move: Protect
|move|p1b: Sylveon|Hyper Voice|p2b: Swampert|[spread] p2a
|-activate|p2b: Swampert|move: Protect
|-damage|p2a: Whimsicott|52/100
|
|-damage|p1b: Sylveon|87/100|[from] Leech Seed|[of] p2a: Whimsicott
|-heal|p2a: Whimsicott|69/100|[silent]
|upkeep
|turn|2
|
|t:|1783614804
|detailschange|p2b: Swampert|Swampert-Mega, L50, M
|-mega|p2b: Swampert|Swampert|Swampertite
|move|p2a: Whimsicott|Encore|p1b: Sylveon
|-start|p1b: Sylveon|Encore
|move|p1a: Maushold|Super Fang|p2b: Swampert
|-damage|p2b: Swampert|50/100g
|move|p2b: Swampert|Waterfall|p1b: Sylveon
|-damage|p1b: Sylveon|47/100
|move|p1b: Sylveon|Hyper Voice|p2b: Swampert|[spread] p2a,p2b
|-damage|p2a: Whimsicott|22/100
|-damage|p2b: Swampert|10/100
|
|-damage|p1b: Sylveon|34/100|[from] Leech Seed|[of] p2a: Whimsicott
|-heal|p2a: Whimsicott|39/100|[silent]
|upkeep
|turn|3
|
|t:|1783614841
|switch|p2a: Pelipper|Pelipper, L50, M|100/100
|-weather|RainDance|[from] ability: Drizzle|[of] p2a: Pelipper
|move|p1a: Maushold|Follow Me|p1a: Maushold
|-singleturn|p1a: Maushold|move: Follow Me
|move|p2b: Swampert|Earthquake|p1a: Maushold|[spread] p1a,p1b
|-immune|p2a: Pelipper
|-damage|p1a: Maushold|38/100
|-damage|p1b: Sylveon|1/100
|move|p1b: Sylveon|Hyper Voice|p2b: Swampert|[spread] p2a,p2b
|-damage|p2a: Pelipper|43/100
|-damage|p2b: Swampert|0 fnt
|faint|p2b: Swampert
|
|-weather|RainDance|[upkeep]
|-damage|p1b: Sylveon|0 fnt|[from] Leech Seed|[of] p2a: Pelipper
|-heal|p2a: Pelipper|44/100|[silent]
|faint|p1b: Sylveon
|upkeep
|
|t:|1783614868
|switch|p2b: Archaludon|Archaludon, L50, F|100/100
|switch|p1b: Sneasler|Sneasler, L50, F|100/100
|turn|4
|
|t:|1783614886
|switch|p2a: Whimsicott|Whimsicott, L50, M|39/100
|move|p1b: Sneasler|Fake Out|p2a: Whimsicott
|-damage|p2a: Whimsicott|21/100
|move|p1a: Maushold|Super Fang|p2b: Archaludon
|-damage|p2b: Archaludon|50/100g
|-ability|p2b: Archaludon|Stamina|boost
|-boost|p2b: Archaludon|def|1
|move|p2b: Archaludon|Electro Shot||[still]
|-prepare|p2b: Archaludon|Electro Shot
|-boost|p2b: Archaludon|spa|1
|-anim|p2b: Archaludon|Electro Shot|p1b: Sneasler
|-damage|p1b: Sneasler|38/100
|
|-weather|RainDance|[upkeep]
|-heal|p2b: Archaludon|56/100|[from] item: Leftovers
|upkeep
|turn|5
|
|t:|1783614918
|move|p1a: Maushold|Follow Me|p1a: Maushold
|-singleturn|p1a: Maushold|move: Follow Me
|move|p2a: Whimsicott|Encore|p1a: Maushold
|-start|p1a: Maushold|Encore
|move|p1b: Sneasler|Close Combat|p2b: Archaludon
|-supereffective|p2b: Archaludon|1
|-damage|p2b: Archaludon|0 fnt
|-unboost|p1b: Sneasler|def|1
|-unboost|p1b: Sneasler|spd|1
|faint|p2b: Archaludon
|-enditem|p1b: Sneasler|White Herb
|-clearnegativeboost|p1b: Sneasler|[silent]
|
|-weather|RainDance|[upkeep]
|upkeep
|
|t:|1783614927
|switch|p2b: Pelipper|Pelipper, L50, M|44/100
|turn|6
|
|t:|1783614943
|move|p1a: Maushold|Follow Me|p1a: Maushold
|-singleturn|p1a: Maushold|move: Follow Me
|move|p1b: Sneasler|Dire Claw|p2b: Pelipper
|-damage|p2b: Pelipper|1/100
|move|p2a: Whimsicott|Moonblast|p1a: Maushold
|-damage|p1a: Maushold|8/100
|move|p2b: Pelipper|Hurricane|p1a: Maushold
|-damage|p1a: Maushold|0 fnt
|faint|p1a: Maushold
|
|-weather|RainDance|[upkeep]
|upkeep
|
|t:|1783614954
|switch|p1a: Hydreigon|Hydreigon, L50, M|100/100
|turn|7
|-message|juanpapimon forfeited.
|raw|Br1_lore's rating: 1161 → 1178(+17 for winning)
|raw|juanpapimon's rating: 1045 → 1034(-11 for losing)
|
|win|Br1_lore
|l|☆juanpapimon
|player|p2|
