|j|☆mokuzz
|j|☆Lolgorilla
|html|mokuzzLolgorilla    
|uhtml|bestof|Game 1 of a best-of-3
|t:|1785080057
|gametype|doubles
|player|p1|mokuzz|skierf|1081
|player|p2|Lolgorilla|266|1164
|gen|9
|tier|[Gen 9 Champions] VGC 2026 Reg M-B (Bo3)
|rated|
|rule|Species Clause: Limit one of each Pokémon
|rule|Item Clause: Limit 1 of each item
|clearpoke
|poke|p1|Delphox, L50, F|
|poke|p1|Sylveon, L50, F|
|poke|p1|Incineroar, L50, F|
|poke|p1|Scovillain, L50, F|
|poke|p1|Sinistcha, L50|
|poke|p1|Garchomp, L50, M|
|poke|p2|Tyranitar, L50, M|
|poke|p2|Gardevoir, L50, M|
|poke|p2|Gyarados, L50, F|
|poke|p2|Excadrill, L50, M|
|poke|p2|Sinistcha, L50|
|poke|p2|Rotom-Heat, L50|
|teampreview|4
|showteam|p1|Delphox||Delphoxite|Blaze|HeatWave,Psyshock,NastyPlot,Protect|Timid||F|||50|]Sylveon||Leftovers|Pixilate|HyperVoice,Moonblast,CalmMind,Detect|Bold||F|||50|]Incineroar||SitrusBerry|Intimidate|ThroatChop,FlareBlitz,PartingShot,FakeOut|Adamant||F|||50|]Scovillain||Scovillainite|Moody|GigaDrain,Flamethrower,RagePowder,Protect|Calm||F|||50|]Sinistcha||ColburBerry|Hospitality|MatchaGotcha,RagePowder,LifeDew,TrickRoom|Sassy|||||50|]Garchomp||LifeOrb|SandVeil|RockSlide,DragonClaw,StompingTantrum,Protect|Jolly||M|||50|
|showteam|p2|Tyranitar||Tyranitarite|SandStream|RockSlide,Crunch,Protect,DragonDance|Jolly||M|||50|]Gardevoir||Gardevoirite|Telepathy|Psyshock,HyperVoice,CalmMind,Protect|Modest||M|||50|]Gyarados||Leftovers|Intimidate|Waterfall,ThunderWave,Taunt,Protect|Careful||F|||50|]Excadrill||FocusSash|SandRush|IronHead,Earthquake,HighHorsepower,Protect|Jolly||M|||50|]Sinistcha||SitrusBerry|Hospitality|MatchaGotcha,ShadowBall,RagePowder,TrickRoom|Modest|||||50|]Rotom-Heat||ChoiceScarf|Levitate|Overheat,Thunderbolt,VoltSwitch,Discharge|Timid|||||50|
|inactive|Battle timer is ON: inactive players will automatically lose when time's up. (requested by Lolgorilla)
|c|☆mokuzz|glhf
|inactive|mokuzz has 60 seconds left.
|inactive|Lolgorilla has 60 seconds left.
|
|t:|1785080110
|teamsize|p1|4
|teamsize|p2|4
|start
|switch|p1a: Sylveon|Sylveon, L50, F|100/100
|switch|p1b: Incineroar|Incineroar, L50, F|100/100
|switch|p2a: Tyranitar|Tyranitar, L50, M|100/100
|switch|p2b: Rotom|Rotom-Heat, L50|100/100
|-weather|Sandstorm|[from] ability: Sand Stream|[of] p2a: Tyranitar
|-ability|p1b: Incineroar|Intimidate|boost
|-unboost|p2a: Tyranitar|atk|1
|-unboost|p2b: Rotom|atk|1
|turn|1
|
|t:|1785080132
|switch|p2a: Excadrill|Excadrill, L50, M|100/100
|move|p1b: Incineroar|Fake Out|p2a: Excadrill
|-resisted|p2a: Excadrill|1
|-damage|p2a: Excadrill|91/100
|move|p2b: Rotom|Discharge|p1a: Sylveon|[spread] p1a,p1b
|-immune|p2a: Excadrill
|-damage|p1a: Sylveon|81/100
|-damage|p1b: Incineroar|76/100
|-status|p1a: Sylveon|par
|-status|p1b: Incineroar|par
|move|p1a: Sylveon|Calm Mind|p1a: Sylveon
|-boost|p1a: Sylveon|spa|1
|-boost|p1a: Sylveon|spd|1
|
|-weather|Sandstorm|[upkeep]
|-damage|p2b: Rotom|94/100|[from] Sandstorm
|-damage|p1a: Sylveon|75/100 par|[from] Sandstorm
|-damage|p1b: Incineroar|70/100 par|[from] Sandstorm
|-heal|p1a: Sylveon|81/100 par|[from] item: Leftovers
|upkeep
|turn|2
|
|t:|1785080153
|cant|p1a: Sylveon|par
|move|p2a: Excadrill|Earthquake|p1a: Sylveon|[spread] p1a,p1b
|-immune|p2b: Rotom|[from] ability: Levitate
|-supereffective|p1b: Incineroar|1
|-damage|p1a: Sylveon|43/100 par
|-damage|p1b: Incineroar|6/100 par
|-enditem|p1b: Incineroar|Sitrus Berry|[eat]
|-heal|p1b: Incineroar|31/100 par|[from] item: Sitrus Berry
|move|p2b: Rotom|Discharge|p1b: Incineroar|[spread] p1a,p1b
|-immune|p2a: Excadrill
|-damage|p1a: Sylveon|29/100 par
|-damage|p1b: Incineroar|8/100 par
|cant|p1b: Incineroar|par
|
|-weather|Sandstorm|[upkeep]
|-damage|p2b: Rotom|88/100|[from] Sandstorm
|-damage|p1a: Sylveon|22/100 par|[from] Sandstorm
|-damage|p1b: Incineroar|2/100 par|[from] Sandstorm
|-heal|p1a: Sylveon|29/100 par|[from] item: Leftovers
|upkeep
|turn|3
|
|t:|1785080174
|move|p1a: Sylveon|Detect|p1a: Sylveon
|-singleturn|p1a: Sylveon|Protect
|move|p2a: Excadrill|Earthquake|p1a: Sylveon|[spread] p1b
|-activate|p1a: Sylveon|move: Protect
|-immune|p2b: Rotom|[from] ability: Levitate
|-supereffective|p1b: Incineroar|1
|-damage|p1b: Incineroar|0 fnt
|faint|p1b: Incineroar
|move|p2b: Rotom|Discharge|p1a: Sylveon|[spread] 
|-activate|p1a: Sylveon|move: Protect
|-immune|p2a: Excadrill
|
|-weather|Sandstorm|[upkeep]
|-damage|p2b: Rotom|82/100|[from] Sandstorm
|-damage|p1a: Sylveon|22/100 par|[from] Sandstorm
|-heal|p1a: Sylveon|29/100 par|[from] item: Leftovers
|upkeep
|c|☆mokuzz|off
|
|t:|1785080191
|switch|p1b: Scovillain|Scovillain, L50, F|100/100
|turn|4
|c|☆mokuzz|*oof
|inactive|Lolgorilla has 30 seconds left.
|inactive|Lolgorilla has 20 seconds left.
|inactive|Lolgorilla has 15 seconds left.
|inactive|Lolgorilla has 10 seconds left.
|
|t:|1785080239
|switch|p1a: Garchomp|Garchomp, L50, M|100/100
|detailschange|p1b: Scovillain|Scovillain-Mega, L50, F
|-mega|p1b: Scovillain|Scovillain|Scovillainite
|move|p2a: Excadrill|Earthquake|p1a: Garchomp|[spread] p1a,p1b
|-immune|p2b: Rotom|[from] ability: Levitate
|-damage|p1a: Garchomp|62/100
|-damage|p1b: Scovillain|51/100
|-status|p2a: Excadrill|brn|[from] ability: Spicy Spray|[of] p1b: Scovillain
|move|p2b: Rotom|Discharge|p1b: Scovillain|[spread] p1b
|-immune|p2a: Excadrill
|-immune|p1a: Garchomp
|-resisted|p1b: Scovillain|1
|-damage|p1b: Scovillain|39/100
|-immune|p2b: Rotom
|move|p1b: Scovillain|Flamethrower|p2a: Excadrill
|-supereffective|p2a: Excadrill|1
|-crit|p2a: Excadrill
|-damage|p2a: Excadrill|0 fnt
|faint|p2a: Excadrill
|
|-weather|Sandstorm|[upkeep]
|-damage|p2b: Rotom|76/100|[from] Sandstorm
|-damage|p1b: Scovillain|33/100|[from] Sandstorm
|upkeep
|
|t:|1785080257
|switch|p2a: Sinistcha|Sinistcha, L50|100/100
|-heal|p2b: Rotom|100/100|[from] ability: Hospitality|[of] p2a: Sinistcha
|turn|5
|
|t:|1785080265
|move|p2b: Rotom|Discharge|p1b: Scovillain|[spread] p2a,p1b
|-immune|p1a: Garchomp
|-resisted|p2a: Sinistcha|1
|-resisted|p1b: Scovillain|1
|-damage|p2a: Sinistcha|85/100
|-damage|p1b: Scovillain|22/100
|-immune|p2b: Rotom
|move|p1a: Garchomp|Rock Slide|p2b: Rotom|[spread] p2a,p2b
|-supereffective|p2b: Rotom|1
|-damage|p2a: Sinistcha|63/100
|-damage|p2b: Rotom|39/100
|-damage|p1a: Garchomp|52/100|[from] item: Life Orb
|move|p1b: Scovillain|Flamethrower|p2a: Sinistcha
|-supereffective|p2a: Sinistcha|1
|-damage|p2a: Sinistcha|0 fnt
|faint|p2a: Sinistcha
|
|-weather|none
|upkeep
|
|t:|1785080289
|switch|p2a: Tyranitar|Tyranitar, L50, M|100/100
|-weather|Sandstorm|[from] ability: Sand Stream|[of] p2a: Tyranitar
|turn|6
|
|t:|1785080308
|move|p2a: Tyranitar|Protect|p2a: Tyranitar
|-singleturn|p2a: Tyranitar|Protect
|move|p1b: Scovillain|Rage Powder|p1b: Scovillain
|-singleturn|p1b: Scovillain|move: Rage Powder
|move|p2b: Rotom|Discharge|p1a: Garchomp|[spread] p1b
|-activate|p2a: Tyranitar|move: Protect
|-immune|p1a: Garchomp
|-resisted|p1b: Scovillain|1
|-damage|p1b: Scovillain|11/100
|-status|p1b: Scovillain|par
|-immune|p2b: Rotom
|move|p1a: Garchomp|Stomping Tantrum|p2a: Tyranitar
|-activate|p2a: Tyranitar|move: Protect
|
|-weather|Sandstorm|[upkeep]
|-damage|p2b: Rotom|33/100|[from] Sandstorm
|-damage|p1b: Scovillain|5/100 par|[from] Sandstorm
|upkeep
|turn|7
|
|t:|1785080320
|detailschange|p2a: Tyranitar|Tyranitar-Mega, L50, M
|-mega|p2a: Tyranitar|Tyranitar|Tyranitarite
|move|p1b: Scovillain|Rage Powder|p1b: Scovillain
|-singleturn|p1b: Scovillain|move: Rage Powder
|move|p2b: Rotom|Discharge|p1a: Garchomp|[spread] p2a,p1b
|-immune|p1a: Garchomp
|-resisted|p1b: Scovillain|1
|-damage|p2a: Tyranitar|83/100
|-damage|p1b: Scovillain|0 fnt
|-status|p2a: Tyranitar|par
|-immune|p2b: Rotom
|faint|p1b: Scovillain
|move|p1a: Garchomp|Stomping Tantrum|p2a: Tyranitar
|-supereffective|p2a: Tyranitar|1
|-damage|p2a: Tyranitar|7/100 par
|-damage|p1a: Garchomp|43/100|[from] item: Life Orb
|move|p2a: Tyranitar|Dragon Dance|p2a: Tyranitar
|-boost|p2a: Tyranitar|atk|1
|-boost|p2a: Tyranitar|spe|1
|
|-weather|Sandstorm|[upkeep]
|-damage|p2b: Rotom|27/100|[from] Sandstorm
|upkeep
|
|t:|1785080339
|switch|p1b: Sylveon|Sylveon, L50, F|29/100 par
|turn|8
|inactive|Lolgorilla has 30 seconds left.
|
|t:|1785080364
|move|p2b: Rotom|Discharge|p1b: Sylveon|[spread] p2a,p1b
|-immune|p1a: Garchomp
|-damage|p2a: Tyranitar|0 fnt
|-damage|p1b: Sylveon|8/100 par
|faint|p2a: Tyranitar
|move|p1a: Garchomp|Stomping Tantrum|p2b: Rotom
|-immune|p2b: Rotom|[from] ability: Levitate
|move|p1b: Sylveon|Hyper Voice|p2b: Rotom
|-resisted|p2b: Rotom|1
|-damage|p2b: Rotom|0 fnt
|faint|p2b: Rotom
|
|win|mokuzz
|l|☆Lolgorilla
|player|p2|
|inactive|mokuzz has 30 seconds to confirm battle start!
|inactive|Lolgorilla has 30 seconds to confirm battle start!
||mokuzz is ready for game 2.
|inactive|Lolgorilla has 20 seconds to confirm battle start!
||Lolgorilla is ready for game 2.
|uhtml|next|Next: Game 2 of 3
