|j|☆LeonardPlayz
|j|☆test220102
|html|LeonardPlayztest220102    
|uhtml|bestof|Game 2 of a best-of-3
|t:|1784110144
|gametype|doubles
|player|p1|LeonardPlayz|hilbert-wonderlauncher|1092
|player|p2|test220102|101|1182
|gen|9
|tier|[Gen 9 Champions] VGC 2026 Reg M-B (Bo3)
|rated|
|rule|Species Clause: Limit one of each Pokémon
|rule|Item Clause: Limit 1 of each item
|clearpoke
|poke|p1|Barbaracle, L50, F|
|poke|p1|Gardevoir, L50, M|
|poke|p1|Volcarona, L50, F|
|poke|p1|Gengar, L50, M|
|poke|p1|Mr. Rime, L50, F|
|poke|p1|Krookodile, L50, F|
|poke|p2|Floette-Eternal, L50, F|
|poke|p2|Incineroar, L50, M|
|poke|p2|Sinistcha, L50|
|poke|p2|Sneasler, L50, M|
|poke|p2|Basculegion, L50, M|
|poke|p2|Dragonite, L50, M|
|teampreview|4
|showteam|p1|Barbaracle||Barbaracite|ToughClaws|RockSlide,BrickBreak,ShellSmash,Protect|Adamant||F|||50|]Gardevoir||Gardevoirite|Telepathy|HyperVoice,Psyshock,Thunderbolt,Protect|Timid||M|||50|]Volcarona||ChartiBerry|FlameBody|Tailwind,Flamethrower,WillOWisp,RagePowder|Timid||F|||50|]Gengar||FocusSash|CursedBody|ShadowBall,SludgeBomb,WillOWisp,Protect|Timid||M|||50|]Mr. Rime||NeverMeltIce|ScreenCleaner|FakeOut,FreezeDry,Encore,Protect|Timid||F|||50|]Krookodile||ChopleBerry|Intimidate|Taunt,HighHorsepower,KnockOff,Protect|Adamant||F|||50|
|showteam|p2|Floette-Eternal||Floettite|FlowerVeil|Protect,CalmMind,DrainingKiss,DazzlingGleam|Bold||F|||50|]Incineroar||SitrusBerry|Intimidate|FakeOut,HelpingHand,PartingShot,FlareBlitz|Impish||M|||50|]Sinistcha||KasibBerry|Hospitality|Protect,LifeDew,EnergyBall,RagePowder|Modest|||||50|]Sneasler||WhiteHerb|Unburden|Protect,FakeOut,CloseCombat,DireClaw|Jolly||M|||50|]Basculegion||ChoiceScarf|Adaptability|AquaJet,WaveCrash,FlipTurn,LastRespects|Jolly||M|||50|]Dragonite||DragonFang|InnerFocus|Protect,DragonClaw,ExtremeSpeed,AerialAce|Adamant||M|||50|
|inactive|Battle timer is ON: inactive players will automatically lose when time's up. (requested by LeonardPlayz)
|inactive|test220102 also wants the timer to be on.
|
|t:|1784110160
|teamsize|p1|4
|teamsize|p2|4
|start
|switch|p1a: Mr. Rime|Mr. Rime, L50, F|100/100
|switch|p1b: Gengar|Gengar, L50, M|100/100
|switch|p2a: Floette|Floette-Eternal, L50, F|100/100
|switch|p2b: Incineroar|Incineroar, L50, M|100/100
|-ability|p2b: Incineroar|Intimidate|boost
|-unboost|p1a: Mr. Rime|atk|1
|-unboost|p1b: Gengar|atk|1
|turn|1
|inactive|test220102 has 30 seconds left.
|
|t:|1784110193
|move|p2a: Floette|Protect|p2a: Floette
|-singleturn|p2a: Floette|Protect
|move|p1a: Mr. Rime|Fake Out|p2b: Incineroar
|-damage|p2b: Incineroar|95/100
|move|p1b: Gengar|Sludge Bomb|p2b: Incineroar
|-damage|p2b: Incineroar|55/100
|-status|p2b: Incineroar|psn
|cant|p2b: Incineroar|flinch
|
|-damage|p2b: Incineroar|42/100 psn|[from] psn
|upkeep
|-enditem|p2b: Incineroar|Sitrus Berry|[eat]
|-heal|p2b: Incineroar|67/100 psn|[from] item: Sitrus Berry
|turn|2
|
|t:|1784110212
|switch|p1a: Volcarona|Volcarona, L50, F|100/100
|switch|p2a: Basculegion|Basculegion, L50, M|100/100
|move|p1b: Gengar|Sludge Bomb|p2a: Basculegion
|-resisted|p2a: Basculegion|1
|-damage|p2a: Basculegion|73/100
|move|p2b: Incineroar|Flare Blitz|p1a: Volcarona
|-damage|p1a: Volcarona|44/100
|-damage|p2b: Incineroar|50/100y psn|[from] Recoil
|
|-damage|p2b: Incineroar|37/100 psn|[from] psn
|upkeep
|turn|3
|inactive|test220102 has 30 seconds left.
|
|t:|1784110239
|move|p1a: Volcarona|Rage Powder|p1a: Volcarona
|-singleturn|p1a: Volcarona|move: Rage Powder
|move|p2a: Basculegion|Last Respects|p1a: Volcarona
|-crit|p1a: Volcarona
|-damage|p1a: Volcarona|0 fnt
|faint|p1a: Volcarona
|move|p1b: Gengar|Sludge Bomb|p2b: Incineroar
|-damage|p2b: Incineroar|1/100 psn
|move|p2b: Incineroar|Flare Blitz|p1b: Gengar
|-damage|p1b: Gengar|12/100
|-start|p2b: Incineroar|Disable|Flare Blitz|[from] ability: Cursed Body|[of] p1b: Gengar
|-damage|p2b: Incineroar|0 fnt|[from] Recoil
|faint|p2b: Incineroar
|
|upkeep
|
|t:|1784110253
|switch|p1a: Mr. Rime|Mr. Rime, L50, F|100/100
|switch|p2b: Floette|Floette-Eternal, L50, F|100/100
|turn|4
|
|t:|1784110266
|switch|p2b: Sneasler|Sneasler, L50, M|100/100
|move|p1b: Gengar|Protect|p1b: Gengar
|-singleturn|p1b: Gengar|Protect
|move|p2a: Basculegion|Last Respects|p1b: Gengar
|-activate|p1b: Gengar|move: Protect
|move|p1a: Mr. Rime|Freeze-Dry|p2a: Basculegion
|-supereffective|p2a: Basculegion|1
|-damage|p2a: Basculegion|0 fnt
|faint|p2a: Basculegion
|
|upkeep
|
|t:|1784110271
|switch|p2a: Floette|Floette-Eternal, L50, F|100/100
|turn|5
|
|t:|1784110288
|switch|p1b: Barbaracle|Barbaracle, L50, F|100/100
|detailschange|p2a: Floette|Floette-Mega, L50, F
|-mega|p2a: Floette|Floette|Floettite
|-ability|p2a: Floette|Fairy Aura
|move|p2b: Sneasler|Dire Claw|p1b: Barbaracle
|-resisted|p1b: Barbaracle|1
|-damage|p1b: Barbaracle|79/100
|-status|p1b: Barbaracle|psn
|move|p1a: Mr. Rime|Freeze-Dry|p2b: Sneasler
|-damage|p2b: Sneasler|44/100
|move|p2a: Floette|Calm Mind|p2a: Floette
|-boost|p2a: Floette|spa|1
|-boost|p2a: Floette|spd|1
|
|-damage|p1b: Barbaracle|67/100 psn|[from] psn
|upkeep
|turn|6
|
|t:|1784110311
|move|p1b: Barbaracle|Protect|p1b: Barbaracle
|-singleturn|p1b: Barbaracle|Protect
|move|p2b: Sneasler|Close Combat|p1a: Mr. Rime
|-damage|p1a: Mr. Rime|17/100
|-unboost|p2b: Sneasler|def|1
|-unboost|p2b: Sneasler|spd|1
|-enditem|p2b: Sneasler|White Herb
|-clearnegativeboost|p2b: Sneasler|[silent]
|move|p1a: Mr. Rime|Encore|p2a: Floette
|-start|p2a: Floette|Encore
|move|p2a: Floette|Calm Mind|p2a: Floette
|-boost|p2a: Floette|spa|1
|-boost|p2a: Floette|spd|1
|
|-damage|p1b: Barbaracle|54/100 psn|[from] psn
|upkeep
|turn|7
|
|t:|1784110327
|detailschange|p1b: Barbaracle|Barbaracle-Mega, L50, F
|-mega|p1b: Barbaracle|Barbaracle|Barbaracite
|move|p2b: Sneasler|Close Combat|p1b: Barbaracle
|-supereffective|p1b: Barbaracle|1
|-damage|p1b: Barbaracle|0 fnt
|-unboost|p2b: Sneasler|def|1
|-unboost|p2b: Sneasler|spd|1
|faint|p1b: Barbaracle
|move|p1a: Mr. Rime|Freeze-Dry|p2b: Sneasler
|-crit|p2b: Sneasler
|-damage|p2b: Sneasler|0 fnt
|faint|p2b: Sneasler
|move|p2a: Floette|Calm Mind|p2a: Floette
|-boost|p2a: Floette|spa|1
|-boost|p2a: Floette|spd|1
|
|upkeep
|
|t:|1784110331
|switch|p1b: Gengar|Gengar, L50, M|12/100
|turn|8
|
|t:|1784110338
|move|p1b: Gengar|Sludge Bomb|p2a: Floette
|-supereffective|p2a: Floette|1
|-damage|p2a: Floette|68/100
|-status|p2a: Floette|psn
|move|p1a: Mr. Rime|Freeze-Dry|p2a: Floette
|-damage|p2a: Floette|56/100 psn
|move|p2a: Floette|Calm Mind|p2a: Floette
|-boost|p2a: Floette|spa|1
|-boost|p2a: Floette|spd|1
|
|-damage|p2a: Floette|44/100 psn|[from] psn
|-end|p2a: Floette|Encore
|upkeep
|turn|9
|
|t:|1784110345
|move|p1b: Gengar|Sludge Bomb|p2a: Floette
|-supereffective|p2a: Floette|1
|-damage|p2a: Floette|21/100 psn
|move|p1a: Mr. Rime|Encore|p2a: Floette
|-start|p2a: Floette|Encore
|move|p2a: Floette|Calm Mind|p2a: Floette
|-boost|p2a: Floette|spa|1
|-boost|p2a: Floette|spd|1
|
|-damage|p2a: Floette|8/100 psn|[from] psn
|upkeep
|turn|10
|-message|test220102 forfeited.
|
|win|LeonardPlayz
|l|☆test220102
|player|p2|
||LeonardPlayz is ready for game 3.
||test220102 is ready for game 3.
|uhtml|next|Next: Game 3 of 3
