|j|☆teyvgc
|j|☆nootbaar
|html|teyvgcnootbaar    
|uhtml|bestof|Game 1 of a best-of-3
|t:|1782613598
|gametype|doubles
|player|p1|teyvgc|rood|1177
|player|p2|nootbaar|101|1192
|gen|9
|tier|[Gen 9 Champions] VGC 2026 Reg M-B (Bo3)
|rated|
|rule|Species Clause: Limit one of each Pokémon
|rule|Item Clause: Limit 1 of each item
|clearpoke
|poke|p1|Houndstone, L50, F|
|poke|p1|Tyranitar, L50, F|
|poke|p1|Incineroar, L50, F|
|poke|p1|Farigiraf, L50, M, shiny|
|poke|p1|Garchomp, L50, F, shiny|
|poke|p1|Gholdengo, L50|
|poke|p2|Raichu, L50, M|
|poke|p2|Clefable, L50, M|
|poke|p2|Kingambit, L50, F|
|poke|p2|Mamoswine, L50, M|
|poke|p2|Ceruledge, L50, F|
|poke|p2|Gyarados, L50, M|
|teampreview|4
|showteam|p1|Houndstone||FocusSash|SandRush|PsychicFangs,StompingTantrum,LastRespects,Protect|Adamant||F|||50|]Tyranitar||Tyranitarite|SandStream|RockSlide,KnockOff,LowKick,Protect|Adamant||F|||50|]Incineroar||PasshoBerry|Intimidate|FlareBlitz,DarkestLariat,FakeOut,PartingShot|Adamant||F|||50|]Farigiraf||TwistedSpoon|ArmorTail|HyperVoice,TwinBeam,TrickRoom,HelpingHand|Quiet||M|||50|]Garchomp||Garchompite|RoughSkin|StompingTantrum,DragonClaw,RockSlide,Protect|Brave||F|||50|]Gholdengo||ChoiceScarf|GoodasGold|MakeItRain,ShadowBall,Trick,PowerGem|Modest|||||50|
|showteam|p2|Raichu||RaichuniteY|LightningRod|Protect,FakeOut,FocusBlast,ZapCannon|Timid||M|||50|]Clefable||SitrusBerry|CuteCharm|Protect,FollowMe,HelpingHand,Moonblast|Bold||M|||50|]Kingambit||FocusSash|Defiant|LowKick,IronHead,SuckerPunch,KowtowCleave|Adamant||F|||50|]Mamoswine||LifeOrb|Oblivious|Protect,IceShard,StompingTantrum,IcicleCrash|Jolly||M|||50|]Ceruledge||ColburBerry|FlashFire|Protect,BulkUp,ShadowSneak,BitterBlade|Adamant||F|||50|]Gyarados||Gyaradosite|Intimidate|Protect,DragonDance,PowerWhip,Waterfall|Adamant||M|||50|
|inactive|Battle timer is ON: inactive players will automatically lose when time's up. (requested by nootbaar)
|inactive|nootbaar has 60 seconds left.
|inactive|nootbaar has 30 seconds left.
|
|t:|1782613662
|teamsize|p1|4
|teamsize|p2|4
|start
|switch|p1a: Incineroar|Incineroar, L50, F|100/100
|switch|p1b: Farigiraf|Farigiraf, L50, M, shiny|100/100
|switch|p2a: Raichu|Raichu, L50, M|100/100
|switch|p2b: Kingambit|Kingambit, L50, F|100/100
|-ability|p1a: Incineroar|Intimidate|boost
|-unboost|p2a: Raichu|atk|1
|-unboost|p2b: Kingambit|atk|1
|-ability|p2b: Kingambit|Defiant|boost
|-boost|p2b: Kingambit|atk|2
|turn|1
|
|t:|1782613687
|switch|p2a: Gyarados|Gyarados, L50, M|100/100
|-ability|p2a: Gyarados|Intimidate|boost
|-unboost|p1a: Incineroar|atk|1
|-unboost|p1b: Farigiraf|atk|1
|move|p1b: Farigiraf|Helping Hand|p1a: Incineroar
|-singleturn|p1a: Incineroar|Helping Hand|[of] p1b: Farigiraf
|move|p2b: Kingambit|Kowtow Cleave|p1b: Farigiraf
|-supereffective|p1b: Farigiraf|1
|-damage|p1b: Farigiraf|0 fnt
|faint|p1b: Farigiraf
|move|p1a: Incineroar|Flare Blitz|p2b: Kingambit
|-supereffective|p2b: Kingambit|1
|-enditem|p2b: Kingambit|Focus Sash
|-damage|p2b: Kingambit|1/100
|-status|p2b: Kingambit|brn
|-damage|p1a: Incineroar|71/100|[from] Recoil
|
|-damage|p2b: Kingambit|0 fnt|[from] brn
|faint|p2b: Kingambit
|upkeep
|
|t:|1782613705
|switch|p2b: Raichu|Raichu, L50, M|100/100
|switch|p1b: Garchomp|Garchomp, L50, F, shiny|100/100
|turn|2
|inactive|nootbaar has 30 seconds left.
|
|t:|1782613731
|detailschange|p2a: Gyarados|Gyarados-Mega, L50, M
|-mega|p2a: Gyarados|Gyarados|Gyaradosite
|-ability|p2a: Gyarados|Mold Breaker
|move|p1b: Garchomp|Protect|p1b: Garchomp
|-singleturn|p1b: Garchomp|Protect
|move|p2b: Raichu|Fake Out|p1b: Garchomp
|-activate|p1b: Garchomp|move: Protect
|move|p2a: Gyarados|Dragon Dance|p2a: Gyarados
|-boost|p2a: Gyarados|atk|1
|-boost|p2a: Gyarados|spe|1
|move|p1a: Incineroar|Parting Shot|p2a: Gyarados
|-unboost|p2a: Gyarados|atk|1
|-unboost|p2a: Gyarados|spa|1
|
|t:|1782613743
|switch|p1a: Tyranitar|Tyranitar, L50, F|100/100|[from] Parting Shot
|-weather|Sandstorm|[from] ability: Sand Stream|[of] p1a: Tyranitar
|
|-weather|Sandstorm|[upkeep]
|-damage|p2a: Gyarados|93/100|[from] Sandstorm
|-damage|p2b: Raichu|93/100|[from] Sandstorm
|upkeep
|turn|3
|
|t:|1782613756
|switch|p1a: Incineroar|Incineroar, L50, F|71/100
|-ability|p1a: Incineroar|Intimidate|boost
|-unboost|p2a: Gyarados|atk|1
|-unboost|p2b: Raichu|atk|1
|detailschange|p1b: Garchomp|Garchomp-Mega, L50, F, shiny
|-mega|p1b: Garchomp|Garchomp|Garchompite
|move|p2a: Gyarados|Protect|p2a: Gyarados
|-singleturn|p2a: Gyarados|Protect
|move|p2b: Raichu|Focus Blast|p1a: Incineroar
|-supereffective|p1a: Incineroar|1
|-damage|p1a: Incineroar|21/100
|move|p1b: Garchomp|Rock Slide|p2a: Gyarados|[spread] p2b
|-activate|p2a: Gyarados|move: Protect
|-damage|p2b: Raichu|51/100
|
|-weather|Sandstorm|[upkeep]
|-damage|p2a: Gyarados|87/100|[from] Sandstorm
|-damage|p2b: Raichu|45/100|[from] Sandstorm
|-damage|p1a: Incineroar|15/100|[from] Sandstorm
|upkeep
|turn|4
|inactive|teyvgc has 30 seconds left.
|inactive|nootbaar has 30 seconds left.
|inactive|nootbaar has 20 seconds left.
|
|t:|1782613791
|move|p1a: Incineroar|Fake Out|p2a: Gyarados
|-damage|p2a: Gyarados|75/100
|cant|p2a: Gyarados|flinch
|move|p2b: Raichu|Focus Blast|p1a: Incineroar
|-supereffective|p1a: Incineroar|1
|-damage|p1a: Incineroar|0 fnt
|faint|p1a: Incineroar
|move|p1b: Garchomp|Rock Slide|p2a: Gyarados|[spread] p2a,p2b
|-damage|p2a: Gyarados|45/100
|-damage|p2b: Raichu|0 fnt
|faint|p2b: Raichu
|
|-weather|Sandstorm|[upkeep]
|-damage|p2a: Gyarados|39/100|[from] Sandstorm
|upkeep
|
|t:|1782613805
|switch|p2b: Mamoswine|Mamoswine, L50, M|100/100
|switch|p1a: Tyranitar|Tyranitar, L50, F|100/100
|turn|5
|
|t:|1782613817
|move|p2b: Mamoswine|Protect|p2b: Mamoswine
|-singleturn|p2b: Mamoswine|Protect
|move|p1b: Garchomp|Protect|p1b: Garchomp
|-singleturn|p1b: Garchomp|Protect
|move|p2a: Gyarados|Dragon Dance|p2a: Gyarados
|-boost|p2a: Gyarados|atk|1
|-boost|p2a: Gyarados|spe|1
|move|p1a: Tyranitar|Low Kick|p2b: Mamoswine
|-activate|p2b: Mamoswine|move: Protect
|
|-weather|Sandstorm|[upkeep]
|-damage|p2a: Gyarados|33/100|[from] Sandstorm
|upkeep
|turn|6
|inactive|nootbaar has 30 seconds left.
|inactive|teyvgc has 30 seconds left.
|
|t:|1782613853
|move|p2a: Gyarados|Waterfall|p1a: Tyranitar
|-supereffective|p1a: Tyranitar|1
|-crit|p1a: Tyranitar
|-damage|p1a: Tyranitar|0 fnt
|faint|p1a: Tyranitar
|move|p2b: Mamoswine|Stomping Tantrum|p1b: Garchomp
|-damage|p1b: Garchomp|63/100
|-damage|p2b: Mamoswine|90/100|[from] item: Life Orb
|move|p1b: Garchomp|Stomping Tantrum|p2a: Gyarados
|-damage|p2a: Gyarados|0 fnt
|faint|p2a: Gyarados
|
|-weather|none
|upkeep
|turn|7
|
|t:|1782613871
|move|p2b: Mamoswine|Ice Shard|p1b: Garchomp
|-supereffective|p1b: Garchomp|2
|-damage|p1b: Garchomp|0 fnt
|faint|p1b: Garchomp
|-damage|p2b: Mamoswine|80/100|[from] item: Life Orb
|
|win|nootbaar
