|j|☆Invoker Kuzan
|j|☆mattderu5784
|html|Invoker Kuzanmattderu5784    
|uhtml|bestof|Game 1 of a best-of-3
|t:|1756245109
|gametype|doubles
|player|p1|Invoker Kuzan|marnie-masters3|1047
|player|p2|mattderu5784|ash|1085
|gen|9
|tier|[Gen 9] VGC 2025 Reg H (Bo3)
|rated|
|rule|Species Clause: Limit one of each Pokémon
|rule|Item Clause: Limit 1 of each item
|clearpoke
|poke|p1|Indeedee-F, L50, F|
|poke|p1|Hatterene, L50, F|
|poke|p1|Gallade, L50, M|
|poke|p1|Ursaluna, L50, M|
|poke|p1|Lilligant-Hisui, L50, F|
|poke|p1|Torkoal, L50, M|
|poke|p2|Indeedee, L50, M|
|poke|p2|Sneasler, L50, F|
|poke|p2|Greninja-*, L50, F|
|poke|p2|Sinistcha, L50|
|poke|p2|Archaludon, L50, F|
|poke|p2|Pelipper, L50, M|
|teampreview|4
|showteam|p1|Indeedee-F||PsychicSeed|PsychicSurge|TrickRoom,FollowMe,HelpingHand,DazzlingGleam|||F|||50|,,,,,Fire]Hatterene||LifeOrb|MagicBounce|ExpandingForce,TrickRoom,DazzlingGleam,Protect|||F|||50|,,,,,Psychic]Gallade||ClearAmulet|Sharpness|PsychoCut,TrickRoom,SacredSword,WideGuard|||M|||50|,,,,,Grass]Ursaluna||FlameOrb|Guts|HeadlongRush,Facade,SwordsDance,Protect|||M|||50|,,,,,Ghost]Lilligant-Hisui||FocusSash|Chlorophyll|SolarBlade,SleepPowder,CloseCombat,AfterYou|||F|||50|,,,,,Ghost]Torkoal||ChoiceSpecs|Drought|Eruption,HeatWave,WeatherBall,EarthPower|||M|||50|,,,,,Fire
|showteam|p2|Indeedee||ChoiceScarf|PsychicSurge|ExpandingForce,HyperVoice,Trick,TeraBlast|||M|||50|,,,,,Psychic]Sneasler||PsychicSeed|Unburden|Protect,ThroatChop,CloseCombat,DireClaw|||F|||50|,,,,,Dark]Greninja||LoadedDice|Torrent|WaterShuriken,Haze,DarkPulse,RainDance|||F|||50|,,,,,Ghost]Sinistcha||RockyHelmet|Hospitality|RagePowder,MatchaGotcha,LifeDew,TrickRoom||||||50|,,,,,Fairy]Archaludon||AssaultVest|Stamina|ElectroShot,BodyPress,DracoMeteor,FlashCannon|||F|||50|,,,,,Bug]Pelipper||FocusSash|Drizzle|Protect,WideGuard,WeatherBall,Hurricane|||M|||50|,,,,,Stellar
|inactive|Battle timer is ON: inactive players will automatically lose when time's up. (requested by Invoker Kuzan)
|inactive|mattderu5784 has 60 seconds left.
|
|t:|1756245211
|teamsize|p1|4
|teamsize|p2|4
|start
|switch|p1a: Indeedee|Indeedee-F, L50, F, shiny|100/100
|switch|p1b: Gallade|Gallade, L50, M, shiny|100/100
|switch|p2a: Sneasler|Sneasler, L50, F|100/100
|switch|p2b: Indeedee|Indeedee, L50, M|100/100
|-fieldstart|move: Psychic Terrain|[from] ability: Psychic Surge|[of] p2b: Indeedee
|-enditem|p2a: Sneasler|Psychic Seed
|-boost|p2a: Sneasler|spd|1|[from] item: Psychic Seed
|-enditem|p1a: Indeedee|Psychic Seed
|-boost|p1a: Indeedee|spd|1|[from] item: Psychic Seed
|turn|1
|inactive|mattderu5784 has 30 seconds left.
|inactive|mattderu5784 has 20 seconds left.
|inactive|mattderu5784 has 15 seconds left.
|inactive|mattderu5784 has 10 seconds left.
|inactive|Invoker Kuzan has 30 seconds left.
|inactive|mattderu5784 has 5 seconds left.
|
|t:|1756245265
|move|p1b: Gallade|Wide Guard|p1b: Gallade
|-singleturn|p1b: Gallade|Wide Guard
|move|p2a: Sneasler|Throat Chop|p1a: Indeedee
|-supereffective|p1a: Indeedee
|-damage|p1a: Indeedee|44/100
|-start|p1a: Indeedee|Throat Chop|[silent]
|move|p2b: Indeedee|Trick|p1a: Indeedee
|-activate|p2b: Indeedee|move: Trick|[of] p1a: Indeedee
|-item|p1a: Indeedee|Choice Scarf|[from] move: Trick
|-enditem|p2b: Indeedee|Choice Scarf|[silent]|[from] move: Trick
|move|p1a: Indeedee|Trick Room|p1a: Indeedee
|-fieldstart|move: Trick Room|[of] p1a: Indeedee
|
|upkeep
|turn|2
|inactive|Invoker Kuzan has 30 seconds left.
|
|t:|1756245296
|switch|p1a: Hatterene|Hatterene, L50, F, shiny|100/100
|move|p1b: Gallade|Psycho Cut|p2a: Sneasler
|-supereffective|p2a: Sneasler
|-damage|p2a: Sneasler|0 fnt
|faint|p2a: Sneasler
|move|p2b: Indeedee|Expanding Force|p1a: Hatterene|[spread] p1a,p1b
|-resisted|p1a: Hatterene
|-damage|p1a: Hatterene|70/100
|-damage|p1b: Gallade|50/100
|
|upkeep
|
|t:|1756245312
|switch|p2a: Sinistcha|Sinistcha, L50|100/100
|turn|3
|inactive|Invoker Kuzan has 30 seconds left.
|
|t:|1756245340
|-terastallize|p2b: Indeedee|Psychic
|move|p1a: Hatterene|Expanding Force|p2a: Sinistcha|[spread] p2a,p2b
|-resisted|p2b: Indeedee
|-damage|p2a: Sinistcha|4/100
|-damage|p2b: Indeedee|39/100
|-damage|p1a: Hatterene|61/100|[from] item: Life Orb
|move|p2a: Sinistcha|Life Dew|p2a: Sinistcha|[spread] p2a,p2b
|-heal|p2a: Sinistcha|29/100
|-heal|p2b: Indeedee|64/100
|move|p1b: Gallade|Psycho Cut|p2a: Sinistcha
|-damage|p2a: Sinistcha|0 fnt
|faint|p2a: Sinistcha
|move|p2b: Indeedee|Tera Blast|p1a: Hatterene|[anim] Tera Blast Psychic
|-resisted|p1a: Hatterene
|-damage|p1a: Hatterene|25/100
|
|upkeep
|
|t:|1756245354
|switch|p2a: Pelipper|Pelipper, L50, M|100/100
|-weather|RainDance|[from] ability: Drizzle|[of] p2a: Pelipper
|turn|4
|
|t:|1756245370
|move|p2a: Pelipper|Wide Guard|p2a: Pelipper
|-singleturn|p2a: Pelipper|Wide Guard
|move|p1a: Hatterene|Expanding Force|p2b: Indeedee|[spread] 
|-activate|p2a: Pelipper|move: Wide Guard
|-activate|p2b: Indeedee|move: Wide Guard
|move|p1b: Gallade|Psycho Cut|p2a: Pelipper
|-enditem|p2a: Pelipper|Focus Sash
|-damage|p2a: Pelipper|1/100
|move|p2b: Indeedee|Expanding Force|p1a: Hatterene|[spread] p1a,p1b
|-resisted|p1a: Hatterene
|-damage|p1a: Hatterene|0 fnt
|-damage|p1b: Gallade|0 fnt
|faint|p1a: Hatterene
|faint|p1b: Gallade
|
|-weather|RainDance|[upkeep]
|upkeep
|
|t:|1756245373
|switch|p1a: Ursaluna|Ursaluna, L50, M, shiny|100/100
|switch|p1b: Indeedee|Indeedee-F, L50, F, shiny|44/100
|turn|5
|inactive|Invoker Kuzan has 30 seconds left.
|inactive|mattderu5784 has 30 seconds left.
|inactive|mattderu5784 has 20 seconds left.
|inactive|mattderu5784 has 15 seconds left.
|
|t:|1756245416
|move|p2a: Pelipper|Wide Guard|p2a: Pelipper
|-singleturn|p2a: Pelipper|Wide Guard
|move|p1a: Ursaluna|Headlong Rush|p2b: Indeedee
|-damage|p2b: Indeedee|0 fnt
|-unboost|p1a: Ursaluna|def|1
|-unboost|p1a: Ursaluna|spd|1
|faint|p2b: Indeedee
|move|p1b: Indeedee|Dazzling Gleam|p2a: Pelipper
|-activate|p2a: Pelipper|move: Wide Guard
|
|-weather|RainDance|[upkeep]
|-fieldend|move: Trick Room
|-fieldend|move: Psychic Terrain
|-status|p1a: Ursaluna|brn|[from] item: Flame Orb
|upkeep
|turn|6
|
|t:|1756245429
|move|p1b: Indeedee|Dazzling Gleam|p2a: Pelipper
|-damage|p2a: Pelipper|0 fnt
|faint|p2a: Pelipper
|
|win|Invoker Kuzan
||mattderu5784 is ready for game 2.
||Invoker Kuzan is ready for game 2.
|uhtml|next|Next: Game 2 of 3
|l|☆mattderu5784
|player|p2|
