|j|☆naovi
|j|☆Descugi
|html|naoviDescugi    
|uhtml|bestof|Game 1 of a best-of-3
|t:|1756930770
|gametype|doubles
|player|p1|naovi|169|
|player|p2|Descugi|266|
|gen|9
|tier|[Gen 9] VGC 2025 Reg H (Bo3)
|rule|Species Clause: Limit one of each Pokémon
|rule|Item Clause: Limit 1 of each item
|clearpoke
|poke|p1|Electabuzz, L50, M|
|poke|p1|Sneasler, L50, M|
|poke|p1|Rillaboom, L50, F|
|poke|p1|Kingambit, L50, M|
|poke|p1|Volcarona, L50, F|
|poke|p1|Dragonite, L50, M|
|poke|p2|Corviknight, L50, M|
|poke|p2|Garchomp, L50, M|
|poke|p2|Tyranitar, L50, M|
|poke|p2|Gholdengo, L50|
|poke|p2|Sneasler, L50, M|
|poke|p2|Incineroar, L50, M|
|teampreview|4
|showteam|p1|Electabuzz||Eviolite|VitalSpirit|Thunderbolt,FollowMe,Taunt,Protect|||M|||50|,,,,,Ghost]Sneasler||FocusSash|Unburden|Coaching,DireClaw,Protect,CloseCombat|||M|||50|,,,,,Stellar]Rillaboom||AssaultVest|GrassySurge|HighHorsepower,GrassyGlide,WoodHammer,FakeOut|||F|||50|,,,,,Fire]Kingambit||SafetyGoggles|Defiant|KowtowCleave,SuckerPunch,SwordsDance,Protect|||M|||50|,,,,,Dark]Volcarona||CovertCloak|FlameBody|HeatWave,TeraBlast,QuiverDance,Protect|||F|||50|,,,,,Fairy]Dragonite||LoadedDice|Multiscale|ScaleShot,ExtremeSpeed,Haze,Protect|||M|||50|,,,,,Steel
|showteam|p2|Corviknight||CovertCloak|MirrorArmor|BraveBird,Taunt,Roost,Tailwind|||M|||50|,,,,,Dragon]Garchomp||ClearAmulet|RoughSkin|Earthquake,DragonClaw,StompingTantrum,Protect|||M|||50|,,,,,Ground]Tyranitar||AssaultVest|SandStream|RockSlide,KnockOff,TeraBlast,LowKick|||M|||50|,,,,,Flying]Gholdengo||LifeOrb|GoodasGold|MakeItRain,ShadowBall,NastyPlot,Protect||||||50|,,,,,Water]Sneasler||WhiteHerb|Unburden|DireClaw,CloseCombat,Coaching,Protect|||M|||50|,,,,,Ghost]Incineroar||SitrusBerry|Intimidate|FlareBlitz,KnockOff,PartingShot,FakeOut|||M|||50|,,,,,Grass
|
|t:|1756930989
|teamsize|p1|4
|teamsize|p2|4
|start
|switch|p1a: Sneasler|Sneasler, L50, M, shiny|100/100
|switch|p1b: Volcarona|Volcarona, L50, F|100/100
|switch|p2a: Corviknight|Corviknight, L50, M|100/100
|switch|p2b: Tyranitar|Tyranitar, L50, M|100/100
|-weather|Sandstorm|[from] ability: Sand Stream|[of] p2b: Tyranitar
|turn|1
|
|t:|1756931024
|switch|p1a: Kingambit|Kingambit, L50, M|100/100
|-terastallize|p1b: Volcarona|Fairy
|-terastallize|p2b: Tyranitar|Flying
|move|p1b: Volcarona|Quiver Dance|p1b: Volcarona
|-boost|p1b: Volcarona|spa|1
|-boost|p1b: Volcarona|spd|1
|-boost|p1b: Volcarona|spe|1
|move|p2a: Corviknight|Tailwind|p2a: Corviknight
|-sidestart|p2: Descugi|move: Tailwind
|move|p2b: Tyranitar|Tera Blast|p1b: Volcarona|[anim] Tera Blast Flying
|-damage|p1b: Volcarona|54/100
|
|-weather|Sandstorm|[upkeep]
|-damage|p2b: Tyranitar|95/100|[from] Sandstorm
|-damage|p1b: Volcarona|47/100|[from] Sandstorm
|upkeep
|turn|2
|
|t:|1756931060
|move|p2a: Corviknight|Taunt|p1a: Kingambit
|-start|p1a: Kingambit|move: Taunt
|move|p2b: Tyranitar|Tera Blast|p1b: Volcarona|[anim] Tera Blast Flying
|-damage|p1b: Volcarona|0 fnt
|faint|p1b: Volcarona
|move|p1a: Kingambit|Kowtow Cleave|p2b: Tyranitar
|-damage|p2b: Tyranitar|51/100
|
|-weather|Sandstorm|[upkeep]
|-damage|p2b: Tyranitar|45/100|[from] Sandstorm
|upkeep
|
|t:|1756931072
|switch|p1b: Dragonite|Dragonite, L50, M|100/100
|turn|3
|
|t:|1756931091
|move|p1b: Dragonite|Extreme Speed|p2b: Tyranitar
|-crit|p2b: Tyranitar
|-damage|p2b: Tyranitar|0 fnt
|faint|p2b: Tyranitar
|move|p1a: Kingambit|Sucker Punch|p2a: Corviknight
|-damage|p2a: Corviknight|67/100
|move|p2a: Corviknight|Brave Bird|p1b: Dragonite
|-damage|p1b: Dragonite|81/100
|-damage|p2a: Corviknight|61/100|[from] Recoil
|
|-weather|Sandstorm|[upkeep]
|-damage|p1b: Dragonite|75/100|[from] Sandstorm
|upkeep
|
|t:|1756931103
|switch|p2b: Sneasler|Sneasler, L50, M|100/100
|turn|4
|
|t:|1756931124
|move|p1a: Kingambit|Sucker Punch|p2a: Corviknight
|-damage|p2a: Corviknight|30/100
|move|p2b: Sneasler|Coaching|p2a: Corviknight
|-boost|p2a: Corviknight|atk|1
|-boost|p2a: Corviknight|def|1
|move|p2a: Corviknight|Brave Bird|p1b: Dragonite
|-damage|p1b: Dragonite|13/100
|-damage|p2a: Corviknight|14/100|[from] Recoil
|move|p1b: Dragonite|Scale Shot|p2b: Sneasler
|-damage|p2b: Sneasler|74/100
|-damage|p2b: Sneasler|49/100
|-damage|p2b: Sneasler|23/100
|-damage|p2b: Sneasler|0 fnt
|faint|p2b: Sneasler
|-hitcount|p2: Sneasler|4
|-unboost|p1b: Dragonite|def|1
|-boost|p1b: Dragonite|spe|1
|
|-weather|Sandstorm|[upkeep]
|-damage|p1b: Dragonite|7/100|[from] Sandstorm
|-end|p1a: Kingambit|move: Taunt
|-sideend|p2: Descugi|move: Tailwind
|upkeep
|
|t:|1756931142
|switch|p2b: Incineroar|Incineroar, L50, M|100/100
|-ability|p2b: Incineroar|Intimidate|boost
|-unboost|p1a: Kingambit|atk|1
|-ability|p1a: Kingambit|Defiant|boost
|-boost|p1a: Kingambit|atk|2
|-unboost|p1b: Dragonite|atk|1
|turn|5
|
|t:|1756931177
|move|p2b: Incineroar|Fake Out|p1a: Kingambit
|-resisted|p1a: Kingambit
|-damage|p1a: Kingambit|96/100
|move|p1b: Dragonite|Scale Shot|p2a: Corviknight
|-resisted|p2a: Corviknight
|-damage|p2a: Corviknight|11/100
|-resisted|p2a: Corviknight
|-damage|p2a: Corviknight|7/100
|-resisted|p2a: Corviknight
|-damage|p2a: Corviknight|4/100
|-resisted|p2a: Corviknight
|-damage|p2a: Corviknight|1/100
|-hitcount|p2a: Corviknight|4
|-unboost|p1b: Dragonite|def|1
|-boost|p1b: Dragonite|spe|1
|move|p2a: Corviknight|Roost|p2a: Corviknight
|-heal|p2a: Corviknight|52/100
|-singleturn|p2a: Corviknight|move: Roost
|cant|p1a: Kingambit|flinch
|
|-weather|none
|upkeep
|turn|6
|
|t:|1756931216
|move|p1b: Dragonite|Scale Shot|p2a: Corviknight
|-resisted|p2a: Corviknight
|-damage|p2a: Corviknight|49/100
|-resisted|p2a: Corviknight
|-damage|p2a: Corviknight|46/100
|-resisted|p2a: Corviknight
|-damage|p2a: Corviknight|43/100
|-resisted|p2a: Corviknight
|-damage|p2a: Corviknight|40/100
|-hitcount|p2a: Corviknight|4
|-unboost|p1b: Dragonite|def|1
|-boost|p1b: Dragonite|spe|1
|move|p2a: Corviknight|Tailwind|p2a: Corviknight
|-sidestart|p2: Descugi|move: Tailwind
|move|p2b: Incineroar|Flare Blitz|p1a: Kingambit
|-supereffective|p1a: Kingambit
|-damage|p1a: Kingambit|14/100
|-damage|p2b: Incineroar|73/100|[from] Recoil
|move|p1a: Kingambit|Kowtow Cleave|p2a: Corviknight
|-damage|p2a: Corviknight|0 fnt
|faint|p2a: Corviknight
|
|upkeep
|turn|7
|
|t:|1756931245
|move|p1b: Dragonite|Scale Shot|p2b: Incineroar
|-damage|p2b: Incineroar|65/100
|-damage|p2b: Incineroar|57/100
|-damage|p2b: Incineroar|49/100
|-enditem|p2b: Incineroar|Sitrus Berry|[eat]
|-heal|p2b: Incineroar|74/100|[from] item: Sitrus Berry
|-crit|p2b: Incineroar
|-damage|p2b: Incineroar|54/100
|-hitcount|p2b: Incineroar|4
|-unboost|p1b: Dragonite|def|1
|-boost|p1b: Dragonite|spe|1
|move|p2b: Incineroar|Knock Off|p1a: Kingambit
|-resisted|p1a: Kingambit
|-damage|p1a: Kingambit|0 fnt
|-enditem|p1a: Kingambit|Safety Goggles|[from] move: Knock Off|[of] p2b: Incineroar
|faint|p1a: Kingambit
|
|upkeep
|
|t:|1756931257
|switch|p1a: Sneasler|Sneasler, L50, M, shiny|100/100
|turn|8
|
|t:|1756931267
|move|p1b: Dragonite|Extreme Speed|p2b: Incineroar
|-damage|p2b: Incineroar|38/100
|move|p1a: Sneasler|Close Combat|p2b: Incineroar
|-supereffective|p2b: Incineroar
|-damage|p2b: Incineroar|0 fnt
|-unboost|p1a: Sneasler|def|1
|-unboost|p1a: Sneasler|spd|1
|faint|p2b: Incineroar
|
|win|naovi
||Descugi is ready for game 2.
|inactive|naovi has 30 seconds to confirm battle start!
