|j|☆m111naaaa
|j|☆Typ.Null07
|html|m111naaaaTyp.Null07    
|uhtml|bestof|Game 1 of a best-of-3
|t:|1756300760
|gametype|doubles
|player|p1|m111naaaa|jasmine|1161
|player|p2|Typ.Null07|2|1303
|gen|9
|tier|[Gen 9] VGC 2025 Reg H (Bo3)
|rated|
|rule|Species Clause: Limit one of each Pokémon
|rule|Item Clause: Limit 1 of each item
|clearpoke
|poke|p1|Kilowattrel, L50, M|
|poke|p1|Amoonguss, L50, F|
|poke|p1|Incineroar, L50, M|
|poke|p1|Porygon2, L50|
|poke|p1|Gholdengo, L50|
|poke|p1|Ursaluna, L50, M|
|poke|p2|Volcarona, L50, M|
|poke|p2|Rillaboom, L50, F|
|poke|p2|Ursaluna, L50, F|
|poke|p2|Dragapult, L50, M|
|poke|p2|Farigiraf, L50, F|
|poke|p2|Incineroar, L50, M|
|teampreview|4
|showteam|p1|Kilowattrel||FocusSash|Competitive|Thunderbolt,AirSlash,Tailwind,Protect|||M|||50|,,,,,Ghost]Amoonguss||SitrusBerry|Regenerator|PollenPuff,Spore,RagePowder,Protect|||F|||50|,,,,,Water]Incineroar||SafetyGoggles|Intimidate|FakeOut,FlareBlitz,KnockOff,PartingShot|||M|||50|,,,,,Ghost]Porygon2||Eviolite|Download|TeraBlast,IceBeam,Recover,TrickRoom||||||50|,,,,,Fighting]Gholdengo||MetalCoat|GoodasGold|MakeItRain,ShadowBall,NastyPlot,Protect||||||50|,,,,,Flying]Ursaluna||FlameOrb|Guts|Facade,HeadlongRush,Earthquake,Protect|||M|||50|,,,,,Ghost
|showteam|p2|Volcarona||GrassySeed|FlameBody|FieryDance,GigaDrain,QuiverDance,Protect|||M|||50|,,,,,Grass]Rillaboom||AssaultVest|GrassySurge|WoodHammer,GrassyGlide,Uturn,FakeOut|||F|||50|,,,,,Fire]Ursaluna||FlameOrb|Guts|Facade,HeadlongRush,Substitute,Protect|||F|||50|,,,,,Ghost]Dragapult||ChoiceBand|ClearBody|DragonDarts,PhantomForce,Outrage,Uturn|||M|||50|,,,,,Dragon]Farigiraf||ThroatSpray|ArmorTail|HyperVoice,PsychicNoise,Roar,TrickRoom|||F|||50|,,,,,Water]Incineroar||AguavBerry|Intimidate|FlareBlitz,KnockOff,FakeOut,PartingShot|||M|||50|,,,,,Water
|inactive|Battle timer is ON: inactive players will automatically lose when time's up. (requested by Typ.Null07)
|c|☆Typ.Null07|glhf
|inactive|m111naaaa has 60 seconds left.
|inactive|Typ.Null07 has 60 seconds left.
|
|t:|1756300811
|teamsize|p1|4
|teamsize|p2|4
|start
|switch|p1a: Gholdengo|Gholdengo, L50|100/100
|switch|p1b: Amoonguss|Amoonguss, L50, F|100/100
|switch|p2a: Volcarona|Volcarona, L50, M|100/100
|switch|p2b: Dragapult|Dragapult, L50, M|100/100
|turn|1
|
|t:|1756300826
|-terastallize|p2a: Volcarona|Grass
|move|p1b: Amoonguss|Rage Powder|p1b: Amoonguss
|-singleturn|p1b: Amoonguss|move: Rage Powder
|move|p2b: Dragapult|U-turn|p1b: Amoonguss
|-damage|p1b: Amoonguss|72/100
|
|t:|1756300831
|switch|p2b: Rillaboom|Rillaboom, L50, F|100/100|[from] U-turn
|-fieldstart|move: Grassy Terrain|[from] ability: Grassy Surge|[of] p2b: Rillaboom
|-enditem|p2a: Volcarona|Grassy Seed
|-boost|p2a: Volcarona|def|1|[from] item: Grassy Seed
|move|p2a: Volcarona|Quiver Dance|p2a: Volcarona
|-boost|p2a: Volcarona|spa|1
|-boost|p2a: Volcarona|spd|1
|-boost|p2a: Volcarona|spe|1
|move|p1a: Gholdengo|Nasty Plot|p1a: Gholdengo
|-boost|p1a: Gholdengo|spa|2
|
|-heal|p1b: Amoonguss|78/100|[from] Grassy Terrain
|upkeep
|turn|2
|inactive|m111naaaa has 30 seconds left.
|inactive|Typ.Null07 has 30 seconds left.
|inactive|m111naaaa has 20 seconds left.
|inactive|Typ.Null07 has 20 seconds left.
|inactive|Typ.Null07 has 15 seconds left.
|
|t:|1756300875
|-terastallize|p1a: Gholdengo|Flying
|move|p1b: Amoonguss|Protect|p1b: Amoonguss
|-singleturn|p1b: Amoonguss|Protect
|move|p2a: Volcarona|Quiver Dance|p2a: Volcarona
|-boost|p2a: Volcarona|spa|1
|-boost|p2a: Volcarona|spd|1
|-boost|p2a: Volcarona|spe|1
|move|p1a: Gholdengo|Make It Rain|p2b: Rillaboom|[spread] p2a,p2b
|-damage|p2a: Volcarona|47/100
|-damage|p2b: Rillaboom|26/100
|-unboost|p1a: Gholdengo|spa|1
|move|p2b: Rillaboom|U-turn|p1b: Amoonguss
|-activate|p1b: Amoonguss|move: Protect
|
|-heal|p2a: Volcarona|53/100|[from] Grassy Terrain
|-heal|p2b: Rillaboom|32/100|[from] Grassy Terrain
|-heal|p1b: Amoonguss|84/100|[from] Grassy Terrain
|upkeep
|turn|3
|inactive|m111naaaa has 30 seconds left.
|inactive|m111naaaa has 20 seconds left.
|
|t:|1756300915
|move|p2a: Volcarona|Fiery Dance|p1a: Gholdengo
|-damage|p1a: Gholdengo|13/100
|move|p1a: Gholdengo|Shadow Ball|p2a: Volcarona
|-damage|p2a: Volcarona|23/100
|move|p2b: Rillaboom|U-turn|p1b: Amoonguss
|-damage|p1b: Amoonguss|63/100
|
|t:|1756300923
|switch|p2b: Dragapult|Dragapult, L50, M|100/100|[from] U-turn
|move|p1b: Amoonguss|Pollen Puff|p2b: Dragapult
|-resisted|p2b: Dragapult
|-damage|p2b: Dragapult|89/100
|
|-heal|p2a: Volcarona|30/100|[from] Grassy Terrain
|-heal|p2b: Dragapult|95/100|[from] Grassy Terrain
|-heal|p1b: Amoonguss|69/100|[from] Grassy Terrain
|upkeep
|turn|4
|
|t:|1756300940
|move|p1b: Amoonguss|Rage Powder|p1b: Amoonguss
|-singleturn|p1b: Amoonguss|move: Rage Powder
|move|p2a: Volcarona|Fiery Dance|p1b: Amoonguss
|-supereffective|p1b: Amoonguss
|-damage|p1b: Amoonguss|0 fnt
|-boost|p2a: Volcarona|spa|1
|faint|p1b: Amoonguss
|move|p2b: Dragapult|Dragon Darts|p1a: Gholdengo
|-damage|p1a: Gholdengo|0 fnt
|faint|p1a: Gholdengo
|
|-heal|p2a: Volcarona|36/100|[from] Grassy Terrain
|-heal|p2b: Dragapult|100/100|[from] Grassy Terrain
|upkeep
|
|t:|1756300949
|switch|p1a: Porygon2|Porygon2, L50|100/100
|switch|p1b: Ursaluna|Ursaluna, L50, M|100/100
|-ability|p1a: Porygon2|Download|boost
|-boost|p1a: Porygon2|atk|1
|turn|5
|
|t:|1756300962
|move|p1b: Ursaluna|Protect|p1b: Ursaluna
|-singleturn|p1b: Ursaluna|Protect
|move|p2a: Volcarona|Giga Drain|p1a: Porygon2
|-damage|p1a: Porygon2|30/100
|-heal|p2a: Volcarona|71/100|[from] drain|[of] p1a: Porygon2
|move|p2b: Dragapult|Dragon Darts|p1a: Porygon2
|-damage|p1a: Porygon2|7/100
|-anim|p2b: Dragapult|Dragon Darts|p1a: Porygon2
|-damage|p1a: Porygon2|0 fnt
|faint|p1a: Porygon2
|
|-heal|p2a: Volcarona|78/100|[from] Grassy Terrain
|-fieldend|move: Grassy Terrain
|-status|p1b: Ursaluna|brn|[from] item: Flame Orb
|upkeep
|turn|6
|
|t:|1756300975
|switch|p2b: Rillaboom|Rillaboom, L50, F|32/100
|-fieldstart|move: Grassy Terrain|[from] ability: Grassy Surge|[of] p2b: Rillaboom
|move|p2a: Volcarona|Giga Drain|p1b: Ursaluna
|-supereffective|p1b: Ursaluna
|-damage|p1b: Ursaluna|0 fnt
|-heal|p2a: Volcarona|100/100|[from] drain|[of] p1b: Ursaluna
|faint|p1b: Ursaluna
|
|win|Typ.Null07
||m111naaaa is ready for game 2.
||Typ.Null07 is ready for game 2.
|uhtml|next|Next: Game 2 of 3
|l|☆Typ.Null07
|player|p2|
