|j|☆SleepySilver07
|j|☆firewiz2316
|html|SleepySilver07firewiz2316    
|uhtml|bestof|Game 1 of a best-of-3
|t:|1782341219
|gametype|doubles
|player|p1|SleepySilver07|101|1122
|player|p2|firewiz2316|102|1078
|gen|9
|tier|[Gen 9 Champions] VGC 2026 Reg M-B (Bo3)
|rated|
|rule|Species Clause: Limit one of each Pokémon
|rule|Item Clause: Limit 1 of each item
|clearpoke
|poke|p1|Scrafty, L50, F|
|poke|p1|Gengar, L50, M|
|poke|p1|Ninetales-Alola, L50, F|
|poke|p1|Milotic, L50, F|
|poke|p1|Aerodactyl, L50, F|
|poke|p1|Volcarona, L50, M|
|poke|p2|Staraptor, L50, M, shiny|
|poke|p2|Whimsicott, L50, M|
|poke|p2|Basculegion, L50, M|
|poke|p2|Gholdengo, L50|
|poke|p2|Grimmsnarl, L50, M|
|poke|p2|Garchomp, L50, M|
|teampreview|4
|showteam|p1|Scrafty||Scraftinite|Moxie|KnockOff,DrainPunch,FakeOut,DragonDance|Adamant||F|||50|]Gengar||Gengarite|CursedBody|SludgeBomb,ShadowBall,Protect,Disable|Modest||M|||50|]Ninetales-Alola||NeverMeltIce|SnowWarning|Blizzard,FreezeDry,IcyWind,Protect|Timid||F|||50|]Milotic||Leftovers|Competitive|Scald,IcyWind,Protect,LifeDew|Calm||F|||50|]Aerodactyl||FocusSash|Unnerve|RockSlide,WideGuard,Protect,Tailwind|Jolly||F|||50|]Volcarona||LifeOrb|FlameBody|HeatWave,GigaDrain,Protect,QuiverDance|Modest||M|||50|
|showteam|p2|Staraptor||Staraptite|Intimidate|CloseCombat,BraveBird,Roost,Protect|Jolly||M|||50|]Whimsicott||FocusSash|Prankster|Charm,Tailwind,Moonblast,Encore|Timid||M|||50|]Basculegion||MysticWater|Adaptability|LastRespects,WaveCrash,Protect,AquaJet|Jolly||M|||50|]Gholdengo||LifeOrb|GoodasGold|MakeItRain,ShadowBall,Thunderbolt,Protect|Modest|||||50|]Grimmsnarl||Leftovers|Prankster|PartingShot,FakeOut,SpiritBreak,Taunt|Careful||M|||50|]Garchomp||RoseliBerry|RoughSkin|StompingTantrum,DragonClaw,RockSlide,Protect|Adamant||M|||50|
|inactive|Battle timer is ON: inactive players will automatically lose when time's up. (requested by firewiz2316)
|inactive|SleepySilver07 has 60 seconds left.
|
|t:|1782341263
|teamsize|p1|4
|teamsize|p2|4
|start
|switch|p1a: Gengar|Gengar, L50, M|100/100
|switch|p1b: Ninetales|Ninetales-Alola, L50, F|100/100
|switch|p2a: Whimsicott|Whimsicott, L50, M|100/100
|switch|p2b: Gholdengo|Gholdengo, L50|100/100
|-weather|Snowscape|[from] ability: Snow Warning|[of] p1b: Ninetales
|turn|1
|
|t:|1782341277
|switch|p1a: Scrafty|Scrafty, L50, F|100/100
|move|p2a: Whimsicott|Tailwind|p2a: Whimsicott
|-sidestart|p2: firewiz2316|move: Tailwind
|move|p2b: Gholdengo|Shadow Ball|p1a: Scrafty
|-resisted|p1a: Scrafty|1
|-damage|p1a: Scrafty|71/100
|-unboost|p1a: Scrafty|spd|1
|-damage|p2b: Gholdengo|90/100|[from] item: Life Orb
|move|p1b: Ninetales|Blizzard|p2b: Gholdengo|[spread] p2a,p2b
|-supereffective|p2a: Whimsicott|1
|-resisted|p2b: Gholdengo|1
|-enditem|p2a: Whimsicott|Focus Sash
|-damage|p2a: Whimsicott|1/100
|-damage|p2b: Gholdengo|70/100
|
|-weather|Snowscape|[upkeep]
|upkeep
|turn|2
|
|t:|1782341295
|move|p1b: Ninetales|Protect|p1b: Ninetales
|-singleturn|p1b: Ninetales|Protect
|move|p1a: Scrafty|Fake Out|p2a: Whimsicott
|-damage|p2a: Whimsicott|0 fnt
|faint|p2a: Whimsicott
|-ability|p1a: Scrafty|Moxie|boost
|-boost|p1a: Scrafty|atk|1
|move|p2b: Gholdengo|Make It Rain|p1a: Scrafty|[spread] p1a
|-activate|p1b: Ninetales|move: Protect
|-damage|p1a: Scrafty|0 fnt
|-unboost|p2b: Gholdengo|spa|2
|faint|p1a: Scrafty
|-damage|p2b: Gholdengo|60/100|[from] item: Life Orb
|
|-weather|Snowscape|[upkeep]
|upkeep
|
|t:|1782341301
|switch|p2a: Basculegion|Basculegion, L50, M|100/100
|switch|p1a: Gengar|Gengar, L50, M|100/100
|turn|3
|
|t:|1782341312
|switch|p1a: Volcarona|Volcarona, L50, M|100/100
|move|p2b: Gholdengo|Protect|p2b: Gholdengo
|-singleturn|p2b: Gholdengo|Protect
|move|p2a: Basculegion|Wave Crash|p1b: Ninetales
|-damage|p1b: Ninetales|4/100
|-damage|p2a: Basculegion|75/100|[from] Recoil
|move|p1b: Ninetales|Freeze-Dry|p2a: Basculegion
|-supereffective|p2a: Basculegion|1
|-damage|p2a: Basculegion|0 fnt
|faint|p2a: Basculegion
|
|-weather|Snowscape|[upkeep]
|upkeep
|
|t:|1782341324
|switch|p2a: Staraptor|Staraptor, L50, M, shiny|100/100
|-ability|p2a: Staraptor|Intimidate|boost
|-unboost|p1a: Volcarona|atk|1
|-unboost|p1b: Ninetales|atk|1
|turn|4
|
|t:|1782341342
|detailschange|p2a: Staraptor|Staraptor-Mega, L50, M, shiny
|-mega|p2a: Staraptor|Staraptor|Staraptite
|move|p1b: Ninetales|Protect|p1b: Ninetales
|-singleturn|p1b: Ninetales|Protect
|move|p2a: Staraptor|Close Combat|p1b: Ninetales
|-activate|p1b: Ninetales|move: Protect
|move|p2b: Gholdengo|Shadow Ball|p1a: Volcarona
|-damage|p1a: Volcarona|74/100
|-damage|p2b: Gholdengo|50/100g|[from] item: Life Orb
|move|p1a: Volcarona|Quiver Dance|p1a: Volcarona
|-boost|p1a: Volcarona|spa|1
|-boost|p1a: Volcarona|spd|1
|-boost|p1a: Volcarona|spe|1
|
|-weather|Snowscape|[upkeep]
|-sideend|p2: firewiz2316|move: Tailwind
|upkeep
|turn|5
|
|t:|1782341357
|move|p1a: Volcarona|Heat Wave|p2a: Staraptor|[spread] p2a,p2b
|-supereffective|p2b: Gholdengo|1
|-damage|p2a: Staraptor|13/100
|-damage|p2b: Gholdengo|0 fnt
|faint|p2b: Gholdengo
|-damage|p1a: Volcarona|65/100|[from] item: Life Orb
|move|p2a: Staraptor|Close Combat|p1b: Ninetales
|-damage|p1b: Ninetales|0 fnt
|-boost|p2a: Staraptor|def|1
|-boost|p2a: Staraptor|spd|1
|faint|p1b: Ninetales
|
|-weather|none
|upkeep
|
|t:|1782341360
|switch|p1b: Gengar|Gengar, L50, M|100/100
|turn|6
|-message|firewiz2316 forfeited.
|
|win|SleepySilver07
|l|☆firewiz2316
|player|p2|
||firewiz2316 is ready for game 2.
