|j|☆ZZSACHI
|j|☆ILoveMIR
|html|ZZSACHIILoveMIR    
|uhtml|bestof|Game 3 of a best-of-3
|t:|1783723317
|gametype|doubles
|player|p1|ZZSACHI|266|1375
|player|p2|ILoveMIR|shauntal|1441
|gen|9
|tier|[Gen 9 Champions] VGC 2026 Reg M-B (Bo3)
|rated|
|rule|Species Clause: Limit one of each Pokémon
|rule|Item Clause: Limit 1 of each item
|clearpoke
|poke|p1|Aerodactyl, L50, F|
|poke|p1|Garchomp, L50, M|
|poke|p1|Kingambit, L50, F|
|poke|p1|Charizard, L50, F|
|poke|p1|Sylveon, L50, M|
|poke|p1|Farigiraf, L50, F|
|poke|p2|Blaziken, L50, M|
|poke|p2|Toxapex, L50, M|
|poke|p2|Kingambit, L50, M|
|poke|p2|Sneasler, L50, F|
|poke|p2|Froslass, L50, F|
|poke|p2|Dragonite, L50, F|
|teampreview|4
|showteam|p1|Aerodactyl||Aerodactylite|Unnerve|IceFang,RockSlide,Tailwind,DualWingbeat|Jolly||F|||50|]Garchomp||LifeOrb|RoughSkin|DragonClaw,StompingTantrum,Earthquake,Protect|Jolly||M|||50|]Kingambit||FocusSash|Defiant|SuckerPunch,KowtowCleave,IronHead,LowKick|Adamant||F|||50|]Charizard||CharizarditeY|Blaze|Protect,WeatherBall,HeatWave,SolarBeam|Modest||F|||50|]Sylveon||FairyFeather|Pixilate|Detect,HyperVoice,HyperBeam,QuickAttack|Modest||M|||50|]Farigiraf||SitrusBerry|ArmorTail|TrickRoom,Thunderbolt,Roar,TwinBeam|Bold||F|||50|
|showteam|p2|Blaziken||Blazikenite|SpeedBoost|FlareBlitz,CloseCombat,RockSlide,Detect|Adamant||M|||50|]Toxapex||Leftovers|Regenerator|Infestation,Toxic,WideGuard,BanefulBunker|Calm||M|||50|]Kingambit||BlackGlasses|Defiant|SuckerPunch,KowtowCleave,IronHead,Protect|Adamant||M|||50|]Sneasler||FocusSash|PoisonTouch|FakeOut,CloseCombat,PoisonJab,Protect|Adamant||F|||50|]Froslass||Froslassite|CursedBody|Blizzard,ShadowBall,AuroraVeil,Protect|Modest||F|||50|]Dragonite||LifeOrb|InnerFocus|DragonClaw,LowKick,ExtremeSpeed,Protect|Adamant||F|||50|
|inactive|Battle timer is ON: inactive players will automatically lose when time's up. (requested by ILoveMIR)
|j| creed revival tour
|inactive|ZZSACHI has 60 seconds left.
|inactive|ILoveMIR has 60 seconds left.
|inactive|ILoveMIR has 30 seconds left.
|inactive|ILoveMIR has 20 seconds left.
|inactive|ILoveMIR has 15 seconds left.
|inactive|ILoveMIR has 10 seconds left.
|inactive|ILoveMIR has 5 seconds left.
|
|t:|1783723405
|teamsize|p1|4
|teamsize|p2|4
|start
|switch|p1a: Aerodactyl|Aerodactyl, L50, F|100/100
|switch|p1b: Kingambit|Kingambit, L50, F|100/100
|switch|p2a: Froslass|Froslass, L50, F|100/100
|switch|p2b: Toxapex|Toxapex, L50, M|100/100
|-ability|p1a: Aerodactyl|Unnerve
|turn|1
|inactive|ZZSACHI has 30 seconds left.
|inactive|ILoveMIR has 30 seconds left.
|
|t:|1783723440
|detailschange|p1a: Aerodactyl|Aerodactyl-Mega, L50, F
|-mega|p1a: Aerodactyl|Aerodactyl|Aerodactylite
|detailschange|p2a: Froslass|Froslass-Mega, L50, F
|-mega|p2a: Froslass|Froslass|Froslassite
|-weather|Snowscape|[from] ability: Snow Warning|[of] p2a: Froslass
|move|p2a: Froslass|Protect|p2a: Froslass
|-singleturn|p2a: Froslass|Protect
|move|p1a: Aerodactyl|Rock Slide|p2b: Toxapex|[spread] p2b
|-activate|p2a: Froslass|move: Protect
|-damage|p2b: Toxapex|78/100
|move|p1b: Kingambit|Kowtow Cleave|p2a: Froslass
|-activate|p2a: Froslass|move: Protect
|move|p2b: Toxapex|Infestation|p1a: Aerodactyl
|-resisted|p1a: Aerodactyl|1
|-damage|p1a: Aerodactyl|98/100
|-activate|p1a: Aerodactyl|move: Infestation|[of] p2b: Toxapex
|
|-weather|Snowscape|[upkeep]
|-heal|p2b: Toxapex|84/100|[from] item: Leftovers
|-damage|p1a: Aerodactyl|85/100|[from] move: Infestation|[partiallytrapped]
|upkeep
|turn|2
|
|t:|1783723460
|move|p2b: Toxapex|Wide Guard|p2b: Toxapex
|-singleturn|p2b: Toxapex|Wide Guard
|move|p1a: Aerodactyl|Rock Slide|p2a: Froslass|[spread] 
|-activate|p2a: Froslass|move: Wide Guard
|-activate|p2b: Toxapex|move: Wide Guard
|move|p2a: Froslass|Blizzard|p1b: Kingambit|[spread] p1a,p1b
|-supereffective|p1a: Aerodactyl|1
|-resisted|p1b: Kingambit|1
|-damage|p1a: Aerodactyl|0 fnt
|-damage|p1b: Kingambit|76/100
|faint|p1a: Aerodactyl
|move|p1b: Kingambit|Kowtow Cleave|p2a: Froslass
|-supereffective|p2a: Froslass|1
|-damage|p2a: Froslass|11/100
|
|-weather|Snowscape|[upkeep]
|-heal|p2b: Toxapex|90/100|[from] item: Leftovers
|upkeep
|
|t:|1783723469
|switch|p1a: Farigiraf|Farigiraf, L50, F|100/100
|turn|3
|
|t:|1783723486
|move|p2a: Froslass|Aurora Veil|p2a: Froslass
|-sidestart|p2: ILoveMIR|move: Aurora Veil
|move|p1b: Kingambit|Kowtow Cleave|p2a: Froslass
|-supereffective|p2a: Froslass|1
|-damage|p2a: Froslass|0 fnt
|faint|p2a: Froslass
|move|p1a: Farigiraf|Twin Beam|p2b: Toxapex
|-supereffective|p2b: Toxapex|1
|-damage|p2b: Toxapex|77/100
|-supereffective|p2b: Toxapex|1
|-damage|p2b: Toxapex|63/100
|-hitcount|p2b: Toxapex|2
|move|p2b: Toxapex|Infestation|p1b: Kingambit
|-damage|p1b: Kingambit|72/100
|-activate|p1b: Kingambit|move: Infestation|[of] p2b: Toxapex
|
|-weather|Snowscape|[upkeep]
|-heal|p2b: Toxapex|69/100|[from] item: Leftovers
|-damage|p1b: Kingambit|60/100|[from] move: Infestation|[partiallytrapped]
|upkeep
|
|t:|1783723491
|switch|p2a: Blaziken|Blaziken, L50, M|100/100
|turn|4
|
|t:|1783723515
|move|p1b: Kingambit|Sucker Punch|p2a: Blaziken
|-resisted|p2a: Blaziken|1
|-damage|p2a: Blaziken|78/100
|move|p2a: Blaziken|Close Combat|p1b: Kingambit
|-supereffective|p1b: Kingambit|2
|-damage|p1b: Kingambit|0 fnt
|-unboost|p2a: Blaziken|def|1
|-unboost|p2a: Blaziken|spd|1
|faint|p1b: Kingambit
|move|p2b: Toxapex|Toxic|p1a: Farigiraf
|-status|p1a: Farigiraf|tox
|move|p1a: Farigiraf|Trick Room|p1a: Farigiraf
|-fieldstart|move: Trick Room|[of] p1a: Farigiraf
|
|-weather|Snowscape|[upkeep]
|-heal|p2b: Toxapex|75/100|[from] item: Leftovers
|-damage|p1a: Farigiraf|94/100 tox|[from] psn
|-ability|p2a: Blaziken|Speed Boost|boost
|-boost|p2a: Blaziken|spe|1
|upkeep
|
|t:|1783723521
|switch|p1b: Sylveon|Sylveon, L50, M|100/100
|turn|5
|
|t:|1783723536
|move|p2a: Blaziken|Detect|p2a: Blaziken
|-singleturn|p2a: Blaziken|Protect
|move|p2b: Toxapex|Toxic|p1b: Sylveon
|-status|p1b: Sylveon|tox
|move|p1a: Farigiraf|Twin Beam|p2a: Blaziken
|-activate|p2a: Blaziken|move: Protect
|move|p1b: Sylveon|Hyper Voice|p2a: Blaziken|[spread] p2b
|-activate|p2a: Blaziken|move: Protect
|-resisted|p2b: Toxapex|1
|-damage|p2b: Toxapex|63/100
|
|-weather|none
|-heal|p2b: Toxapex|69/100|[from] item: Leftovers
|-damage|p1a: Farigiraf|82/100 tox|[from] psn
|-damage|p1b: Sylveon|93/100 tox|[from] psn
|-ability|p2a: Blaziken|Speed Boost|boost
|-boost|p2a: Blaziken|spe|1
|upkeep
|turn|6
|
|t:|1783723548
|move|p2b: Toxapex|Infestation|p1b: Sylveon
|-resisted|p1b: Sylveon|1
|-damage|p1b: Sylveon|92/100 tox
|-activate|p1b: Sylveon|move: Infestation|[of] p2b: Toxapex
|move|p1a: Farigiraf|Twin Beam|p2a: Blaziken
|-supereffective|p2a: Blaziken|1
|-damage|p2a: Blaziken|31/100
|-supereffective|p2a: Blaziken|1
|-damage|p2a: Blaziken|0 fnt
|faint|p2a: Blaziken
|-hitcount|p2: Blaziken|2
|move|p1b: Sylveon|Hyper Voice|p2b: Toxapex
|-resisted|p2b: Toxapex|1
|-damage|p2b: Toxapex|55/100
|
|-heal|p2b: Toxapex|61/100|[from] item: Leftovers
|-damage|p1a: Farigiraf|64/100 tox|[from] psn
|-damage|p1b: Sylveon|80/100 tox|[from] psn
|-damage|p1b: Sylveon|68/100 tox|[from] move: Infestation|[partiallytrapped]
|upkeep
|
|t:|1783723554
|switch|p2a: Kingambit|Kingambit, L50, M|100/100
|turn|7
|
|t:|1783723570
|move|p1b: Sylveon|Detect|p1b: Sylveon
|-singleturn|p1b: Sylveon|Protect
|move|p2b: Toxapex|Infestation|p1a: Farigiraf
|-supereffective|p1a: Farigiraf|1
|-damage|p1a: Farigiraf|57/100 tox
|-activate|p1a: Farigiraf|move: Infestation|[of] p2b: Toxapex
|move|p2a: Kingambit|Iron Head|p1b: Sylveon
|-activate|p1b: Sylveon|move: Protect
|move|p1a: Farigiraf|Thunderbolt|p2a: Kingambit
|-damage|p2a: Kingambit|83/100
|
|-heal|p2b: Toxapex|66/100|[from] item: Leftovers
|-damage|p1a: Farigiraf|33/100 tox|[from] psn
|-damage|p1b: Sylveon|49/100 tox|[from] psn
|-damage|p1a: Farigiraf|21/100 tox|[from] move: Infestation|[partiallytrapped]
|-damage|p1b: Sylveon|37/100 tox|[from] move: Infestation|[partiallytrapped]
|-sideend|p2: ILoveMIR|move: Aurora Veil
|upkeep
|-enditem|p1a: Farigiraf|Sitrus Berry|[eat]
|-heal|p1a: Farigiraf|46/100 tox|[from] item: Sitrus Berry
|turn|8
|
|t:|1783723587
|move|p1b: Sylveon|Detect||[still]
|-fail|p1b: Sylveon
|move|p2b: Toxapex|Infestation|p1a: Farigiraf
|-supereffective|p1a: Farigiraf|1
|-damage|p1a: Farigiraf|40/100 tox
|move|p2a: Kingambit|Iron Head|p1b: Sylveon
|-supereffective|p1b: Sylveon|1
|-damage|p1b: Sylveon|0 fnt
|faint|p1b: Sylveon
|move|p1a: Farigiraf|Thunderbolt|p2a: Kingambit
|-crit|p2a: Kingambit
|-damage|p2a: Kingambit|52/100
|-status|p2a: Kingambit|par
|
|-heal|p2b: Toxapex|72/100|[from] item: Leftovers
|-damage|p1a: Farigiraf|11/100 tox|[from] psn
|-damage|p1a: Farigiraf|0 fnt|[from] move: Infestation|[partiallytrapped]
|faint|p1a: Farigiraf
|
|win|ILoveMIR
|raw|ZZSACHI's rating: 1375 → 1359(-16 for losing)
|raw|ILoveMIR's rating: 1441 → 1457(+16 for winning)
