|j|☆FroslassYES!
|j|‽spain core
|html|FroslassYES!spain core    
|uhtml|bestof|Game 2 of a best-of-3
|t:|1786192846
|gametype|doubles
|player|p1|FroslassYES!|li|
|player|p2|spain core|leon|
|gen|9
|tier|[Gen 9 Champions] VGC 2026 Reg M-B (Bo3)
|rule|Species Clause: Limit one of each Pokémon
|rule|Item Clause: Limit 1 of each item
|clearpoke
|poke|p1|Kingambit, L50, M, shiny|
|poke|p1|Clefable, L50, M, shiny|
|poke|p1|Arcanine-Hisui, L50, M, shiny|
|poke|p1|Froslass, L50, F, shiny|
|poke|p1|Basculegion, L50, M, shiny|
|poke|p1|Kommo-o, L50, F|
|poke|p2|Kangaskhan, L50, F|
|poke|p2|Farigiraf, L50, F|
|poke|p2|Torkoal, L50, M|
|poke|p2|Hatterene, L50, F|
|poke|p2|Kingambit, L50, F|
|poke|p2|Venusaur, L50, M|
|teampreview|4
|showteam|p1|Kingambit||LifeOrb|Defiant|KowtowCleave,SuckerPunch,SwordsDance,Protect|Adamant||M|||50|]Clefable||SitrusBerry|Unaware|Moonblast,IcyWind,FollowMe,Protect|Calm||M|||50|]Arcanine-Hisui||FocusSash|RockHead|FlareBlitz,HeadSmash,ExtremeSpeed,Protect|Jolly||M|||50|]Froslass||Froslassite|CursedBody|Blizzard,ShadowBall,AuroraVeil,Protect|Timid||F|||50|]Basculegion||MysticWater|Adaptability|WaveCrash,AquaJet,LastRespects,Protect|Adamant||M|||50|]Kommo-o||Leftovers|Soundproof|ClangingScales,AuraSphere,ClangorousSoul,Protect|Timid||F|||50|
|showteam|p2|Kangaskhan||Kangaskhanite|Scrappy|FakeOut,DoubleEdge,Crunch,DrainPunch|Brave||F|||50|]Farigiraf||SitrusBerry|ArmorTail|Psychic,HyperVoice,TrickRoom,Protect|Quiet||F|||50|]Torkoal||Charcoal|Drought|Eruption,WeatherBall,EarthPower,Protect|Quiet||M|||50|]Hatterene||LifeOrb|MagicBounce|Psychic,DazzlingGleam,Protect,TrickRoom|Quiet||F|||50|]Kingambit||ExpertBelt|Defiant|KowtowCleave,SuckerPunch,IronHead,LowKick|Brave||F|||50|]Venusaur||FocusSash|Chlorophyll|EarthPower,SludgeBomb,SleepPowder,Protect|Modest||M|||50|
|inactive|Battle timer is ON: inactive players will automatically lose when time's up. (requested by FroslassYES!)
|
|t:|1786192872
|teamsize|p1|4
|teamsize|p2|4
|start
|switch|p1a: Basculegion|Basculegion, L50, M, shiny|100/100
|switch|p1b: Arcanine|Arcanine-Hisui, L50, M, shiny|100/100
|switch|p2a: Farigiraf|Farigiraf, L50, F|100/100
|switch|p2b: Venusaur|Venusaur, L50, M|100/100
|turn|1
|
|t:|1786192893
|move|p1b: Arcanine|Protect|p1b: Arcanine
|-singleturn|p1b: Arcanine|Protect
|move|p2b: Venusaur|Sleep Powder|p1a: Basculegion
|-status|p1a: Basculegion|slp|[from] move: Sleep Powder
|cant|p1a: Basculegion|slp
|move|p2a: Farigiraf|Trick Room|p2a: Farigiraf
|-fieldstart|move: Trick Room|[of] p2a: Farigiraf
|
|upkeep
|turn|2
|
|t:|1786192907
|move|p2a: Farigiraf|Psychic|p1a: Basculegion
|-damage|p1a: Basculegion|55/100 slp
|-curestatus|p1a: Basculegion|slp|[msg]
|move|p1a: Basculegion|Wave Crash|p2a: Farigiraf
|-damage|p2a: Farigiraf|0 fnt
|faint|p2a: Farigiraf
|-damage|p1a: Basculegion|18/100|[from] Recoil
|move|p2b: Venusaur|Earth Power|p1b: Arcanine
|-supereffective|p1b: Arcanine|2
|-enditem|p1b: Arcanine|Focus Sash
|-damage|p1b: Arcanine|1/100
|move|p1b: Arcanine|Flare Blitz|p2b: Venusaur
|-supereffective|p2b: Venusaur|1
|-enditem|p2b: Venusaur|Focus Sash
|-damage|p2b: Venusaur|1/100
|
|upkeep
|
|t:|1786192919
|switch|p2a: Torkoal|Torkoal, L50, M|100/100
|-weather|SunnyDay|[from] ability: Drought|[of] p2a: Torkoal
|turn|3
|
|t:|1786192930
|switch|p2b: Kingambit|Kingambit, L50, F|100/100
|move|p1a: Basculegion|Protect|p1a: Basculegion
|-singleturn|p1a: Basculegion|Protect
|move|p1b: Arcanine|Protect|p1b: Arcanine
|-singleturn|p1b: Arcanine|Protect
|move|p2a: Torkoal|Eruption|p1a: Basculegion|[spread] 
|-activate|p1a: Basculegion|move: Protect
|-activate|p1b: Arcanine|move: Protect
|
|-weather|SunnyDay|[upkeep]
|upkeep
|turn|4
|
|t:|1786192944
|move|p1b: Arcanine|Extreme Speed|p2a: Torkoal
|-damage|p2a: Torkoal|78/100
|move|p2b: Kingambit|Sucker Punch|p1a: Basculegion
|-supereffective|p1a: Basculegion|1
|-damage|p1a: Basculegion|0 fnt
|faint|p1a: Basculegion
|move|p2a: Torkoal|Eruption|p1b: Arcanine
|-resisted|p1b: Arcanine|2
|-damage|p1b: Arcanine|0 fnt
|faint|p1b: Arcanine
|
|-weather|SunnyDay|[upkeep]
|upkeep
|
|t:|1786192949
|switch|p1a: Kommo-o|Kommo-o, L50, F|100/100
|switch|p1b: Clefable|Clefable, L50, M, shiny|100/100
|turn|5
|
|t:|1786192968
|move|p1b: Clefable|Protect|p1b: Clefable
|-singleturn|p1b: Clefable|Protect
|move|p2a: Torkoal|Eruption|p1b: Clefable|[spread] p1a
|-activate|p1b: Clefable|move: Protect
|-resisted|p1a: Kommo-o|1
|-damage|p1a: Kommo-o|60/100
|move|p2b: Kingambit|Iron Head|p1b: Clefable
|-activate|p1b: Clefable|move: Protect
|move|p1a: Kommo-o|Aura Sphere|p2b: Kingambit
|-supereffective|p2b: Kingambit|2
|-damage|p2b: Kingambit|0 fnt
|faint|p2b: Kingambit
|
|-weather|SunnyDay|[upkeep]
|-heal|p1a: Kommo-o|66/100|[from] item: Leftovers
|-fieldend|move: Trick Room
|upkeep
|
|t:|1786192971
|switch|p2b: Venusaur|Venusaur, L50, M|1/100
|turn|6
|
|t:|1786192975
|move|p1b: Clefable|Follow Me|p1b: Clefable
|-singleturn|p1b: Clefable|move: Follow Me
|move|p2b: Venusaur|Sludge Bomb|p1b: Clefable
|-supereffective|p1b: Clefable|1
|-damage|p1b: Clefable|21/100
|-enditem|p1b: Clefable|Sitrus Berry|[eat]
|-heal|p1b: Clefable|46/100|[from] item: Sitrus Berry
|move|p1a: Kommo-o|Clanging Scales|p2b: Venusaur|[spread] p2a,p2b
|-damage|p2a: Torkoal|35/100
|-damage|p2b: Venusaur|0 fnt
|faint|p2b: Venusaur
|-unboost|p1a: Kommo-o|def|1
|move|p2a: Torkoal|Eruption|p1a: Kommo-o|[spread] p1a,p1b
|-resisted|p1a: Kommo-o|1
|-damage|p1a: Kommo-o|49/100
|-damage|p1b: Clefable|20/100r
|
|-weather|SunnyDay|[upkeep]
|-heal|p1a: Kommo-o|55/100|[from] item: Leftovers
|upkeep
|turn|7
|-message|spain core forfeited.
|
|win|FroslassYES!
|l|‽spain core
|player|p2|
