|j|☆lctrem
|j|☆OreburghRanger
|html|lctremOreburghRanger    
|uhtml|bestof|Game 3 of a best-of-3
|t:|1756316580
|gametype|doubles
|player|p1|lctrem|2|
|player|p2|OreburghRanger|pokemonranger-gen4|
|gen|9
|tier|[Gen 9] VGC 2025 Reg H (Bo3)
|rule|Species Clause: Limit one of each Pokémon
|rule|Item Clause: Limit 1 of each item
|clearpoke
|poke|p1|Baxcalibur, L50, F|
|poke|p1|Kingambit, L50, M|
|poke|p1|Volcarona, L50, F|
|poke|p1|Dondozo, L50, M|
|poke|p1|Sneasler, L50, F|
|poke|p1|Rillaboom, L50, F|
|poke|p2|Charizard, L50, M|
|poke|p2|Torkoal, L50, F|
|poke|p2|Porygon2, L50|
|poke|p2|Incineroar, L50, M|
|poke|p2|Jumpluff, L50, F|
|poke|p2|Ursaluna, L50, M|
|teampreview|4
|showteam|p1|Baxcalibur||LoadedDice|ThermalExchange|ScaleShot,IcicleSpear,IceShard,Protect|||F|||50|,,,,,Ghost]Kingambit||SafetyGoggles|Defiant|KowtowCleave,SuckerPunch,SwordsDance,Protect|||M|||50|,,,,,Ghost]Volcarona||CovertCloak|FlameBody|HeatWave,TeraBlast,QuiverDance,Protect|||F|||50|,,,,,Fairy]Dondozo||Leftovers|Unaware|Liquidation,Fissure,Yawn,Protect|||M|||50|,,,,,Poison]Sneasler||FocusSash|Unburden|CloseCombat,DireClaw,Coaching,Protect|||F|||50|,,,,,Stellar]Rillaboom||AssaultVest|GrassySurge|WoodHammer,GrassyGlide,HighHorsepower,FakeOut|||F|||50|,,,,,Water
|showteam|p2|Charizard||ChoiceSpecs|SolarPower|HeatWave,Overheat,WeatherBall,AirSlash|||M|||50|,,,,,Ghost]Torkoal||EjectPack|Drought|Eruption,Overheat,HelpingHand,Protect|||F|||50|,,,,,Fire]Porygon2||Eviolite|Download|TeraBlast,IceBeam,Recover,TrickRoom||||||50|,,,,,Fighting]Incineroar||SafetyGoggles|Intimidate|FlareBlitz,KnockOff,FakeOut,PartingShot|||M|||50|,,,,,Ghost]Jumpluff||CovertCloak|Chlorophyll|SleepPowder,SunnyDay,RagePowder,Tailwind|||F|||50|,,,,,Water]Ursaluna||FlameOrb|Guts|HeadlongRush,Facade,Earthquake,Protect|||M|||50|,,,,,Ghost
|
|t:|1756316616
|teamsize|p1|4
|teamsize|p2|4
|start
|switch|p1a: Sneasler|Sneasler, L50, F|100/100
|switch|p1b: Volcarona|Volcarona, L50, F|100/100
|switch|p2a: Kenshin|Charizard, L50, M, shiny|100/100
|switch|p2b: Ryo the Stern|Torkoal, L50, F|100/100
|-weather|SunnyDay|[from] ability: Drought|[of] p2b: Ryo the Stern
|turn|1
|inactive|Battle timer is ON: inactive players will automatically lose when time's up. (requested by OreburghRanger)
|inactive|OreburghRanger has 60 seconds left.
|
|t:|1756316655
|switch|p1b: Dondozo|Dondozo, L50, M|100/100
|-terastallize|p2a: Kenshin|Ghost
|move|p1a: Sneasler|Dire Claw|p2a: Kenshin
|-resisted|p2a: Kenshin
|-damage|p2a: Kenshin|67/100
|move|p2a: Kenshin|Weather Ball|p1a: Sneasler
|-enditem|p1a: Sneasler|Focus Sash
|-damage|p1a: Sneasler|1/100
|move|p2b: Ryo the Stern|Eruption|p1a: Sneasler|[spread] p1a,p1b
|-resisted|p1b: Dondozo
|-damage|p1a: Sneasler|0 fnt
|-damage|p1b: Dondozo|66/100
|faint|p1a: Sneasler
|
|-weather|SunnyDay|[upkeep]
|-damage|p2a: Kenshin|54/100|[from] ability: Solar Power|[of] p2a: Kenshin
|-heal|p1b: Dondozo|72/100|[from] item: Leftovers
|upkeep
|
|t:|1756316679
|switch|p1a: Volcarona|Volcarona, L50, F|100/100
|turn|2
|
|t:|1756316705
|move|p1a: Volcarona|Protect|p1a: Volcarona
|-singleturn|p1a: Volcarona|Protect
|move|p2a: Kenshin|Weather Ball|p1a: Volcarona
|-activate|p1a: Volcarona|move: Protect
|move|p1b: Dondozo|Yawn|p2a: Kenshin
|-start|p2a: Kenshin|move: Yawn|[of] p1b: Dondozo
|move|p2b: Ryo the Stern|Overheat|p1b: Dondozo
|-resisted|p1b: Dondozo
|-damage|p1b: Dondozo|32/100
|-unboost|p2b: Ryo the Stern|spa|2
|-enditem|p2b: Ryo the Stern|Eject Pack
|
|t:|1756316717
|switch|p2b: Koshamain|Ursaluna, L50, M|100/100
|
|-weather|SunnyDay|[upkeep]
|-damage|p2a: Kenshin|42/100|[from] ability: Solar Power|[of] p2a: Kenshin
|-heal|p1b: Dondozo|38/100|[from] item: Leftovers
|-status|p2b: Koshamain|brn|[from] item: Flame Orb
|upkeep
|turn|3
|
|t:|1756316740
|move|p1a: Volcarona|Protect|p1a: Volcarona
|-singleturn|p1a: Volcarona|Protect
|move|p2a: Kenshin|Weather Ball|p1a: Volcarona
|-activate|p1a: Volcarona|move: Protect
|move|p2b: Koshamain|Facade|p1b: Dondozo
|-damage|p1b: Dondozo|0 fnt
|faint|p1b: Dondozo
|
|-weather|SunnyDay|[upkeep]
|-damage|p2a: Kenshin|29/100|[from] ability: Solar Power|[of] p2a: Kenshin
|-damage|p2b: Koshamain|95/100 brn|[from] brn
|-end|p2a: Kenshin|move: Yawn|[silent]
|-status|p2a: Kenshin|slp
|upkeep
|
|t:|1756316753
|switch|p1b: Rillaboom|Rillaboom, L50, F|100/100
|-fieldstart|move: Grassy Terrain|[from] ability: Grassy Surge|[of] p1b: Rillaboom
|turn|4
|
|t:|1756316767
|move|p2b: Koshamain|Protect|p2b: Koshamain
|-singleturn|p2b: Koshamain|Protect
|move|p1b: Rillaboom|Fake Out|p2b: Koshamain
|-activate|p2b: Koshamain|move: Protect
|cant|p2a: Kenshin|slp
|move|p1a: Volcarona|Quiver Dance|p1a: Volcarona
|-boost|p1a: Volcarona|spa|1
|-boost|p1a: Volcarona|spd|1
|-boost|p1a: Volcarona|spe|1
|
|-weather|SunnyDay|[upkeep]
|-damage|p2a: Kenshin|17/100 slp|[from] ability: Solar Power|[of] p2a: Kenshin
|-heal|p2a: Kenshin|23/100 slp|[from] Grassy Terrain
|-heal|p2b: Koshamain|100/100 brn|[from] Grassy Terrain
|-damage|p2b: Koshamain|95/100 brn|[from] brn
|upkeep
|turn|5
|inactive|lctrem has 30 seconds left.
|inactive|lctrem has 20 seconds left.
|
|t:|1756316803
|switch|p2b: Ryo the Stern|Torkoal, L50, F|100/100
|move|p1a: Volcarona|Quiver Dance|p1a: Volcarona
|-boost|p1a: Volcarona|spa|1
|-boost|p1a: Volcarona|spd|1
|-boost|p1a: Volcarona|spe|1
|-curestatus|p2a: Kenshin|slp|[msg]
|move|p2a: Kenshin|Weather Ball|p1b: Rillaboom
|-supereffective|p1b: Rillaboom
|-damage|p1b: Rillaboom|0 fnt
|faint|p1b: Rillaboom
|
|-weather|none
|-heal|p2a: Kenshin|29/100|[from] Grassy Terrain
|upkeep
|turn|6
|
|t:|1756316824
|move|p1a: Volcarona|Heat Wave|p2b: Ryo the Stern|[spread] p2a,p2b
|-resisted|p2b: Ryo the Stern
|-damage|p2a: Kenshin|0 fnt
|-damage|p2b: Ryo the Stern|55/100
|faint|p2a: Kenshin
|move|p2b: Ryo the Stern|Overheat|p1a: Volcarona
|-damage|p1a: Volcarona|76/100
|-unboost|p2b: Ryo the Stern|spa|2
|
|-heal|p1a: Volcarona|82/100|[from] Grassy Terrain
|-heal|p2b: Ryo the Stern|62/100|[from] Grassy Terrain
|upkeep
|
|t:|1756316830
|switch|p2a: Shōnagon|Jumpluff, L50, F|100/100
|turn|7
|inactive|OreburghRanger has 30 seconds left.
|
|t:|1756316865
|move|p1a: Volcarona|Heat Wave|p2b: Ryo the Stern|[spread] p2a,p2b
|-supereffective|p2a: Shōnagon
|-resisted|p2b: Ryo the Stern
|-damage|p2a: Shōnagon|0 fnt
|-damage|p2b: Ryo the Stern|21/100
|faint|p2a: Shōnagon
|move|p2b: Ryo the Stern|Overheat|p1a: Volcarona
|-damage|p1a: Volcarona|71/100
|-unboost|p2b: Ryo the Stern|spa|2
|
|-heal|p1a: Volcarona|76/100|[from] Grassy Terrain
|-heal|p2b: Ryo the Stern|28/100|[from] Grassy Terrain
|upkeep
|
|t:|1756316868
|switch|p2a: Koshamain|Ursaluna, L50, M|95/100 brn
|turn|8
|
|t:|1756316879
|-terastallize|p1a: Volcarona|Fairy
|move|p2b: Ryo the Stern|Helping Hand|p2a: Koshamain
|-singleturn|p2a: Koshamain|Helping Hand|[of] p2b: Ryo the Stern
|move|p1a: Volcarona|Heat Wave|p2a: Koshamain|[spread] 
|-miss|p1a: Volcarona|p2a: Koshamain
|-miss|p1a: Volcarona|p2b: Ryo the Stern
|move|p2a: Koshamain|Facade|p1a: Volcarona
|-damage|p1a: Volcarona|0 fnt
|faint|p1a: Volcarona
|
|win|OreburghRanger
