|j|☆iloveships
|j|☆pokefighter ABCZ
|html|iloveshipspokefighter ABCZ    
|uhtml|bestof|Game 1 of a best-of-3
|t:|1785453740
|gametype|doubles
|player|p1|iloveships|emmet|1171
|player|p2|pokefighter ABCZ|blue-gen1rbchampion|1040
|gen|9
|tier|[Gen 9 Champions] VGC 2026 Reg M-B (Bo3)
|rated|
|rule|Species Clause: Limit one of each Pokémon
|rule|Item Clause: Limit 1 of each item
|clearpoke
|poke|p1|Sinistcha, L50|
|poke|p1|Milotic, L50, M|
|poke|p1|Incineroar, L50, M|
|poke|p1|Raichu, L50, M|
|poke|p1|Mimikyu, L50, M|
|poke|p1|Ninetales-Alola, L50, M|
|poke|p2|Staraptor, L50, F|
|poke|p2|Whimsicott, L50, F|
|poke|p2|Glimmora, L50, M|
|poke|p2|Garchomp, L50, M|
|poke|p2|Delphox, L50, M|
|poke|p2|Kingambit, L50, F|
|teampreview|4
|showteam|p1|Sinistcha||KasibBerry|Hospitality|LifeDew,MatchaGotcha,RagePowder,Hex|Calm|||||50|]Milotic||Leftovers|Competitive|MuddyWater,Hypnosis,Coil,Recover|Calm||M|||50|]Incineroar||SitrusBerry|Intimidate|FakeOut,PartingShot,DarkestLariat,FlareBlitz|Adamant||M|||50|]Raichu||RaichuniteY|LightningRod|ZapCannon,FocusBlast,FakeOut,Protect|Timid||M|||50|]Mimikyu||LifeOrb|Disguise|PlayRough,ShadowSneak,Protect,SwordsDance|Adamant||M|||50|]Ninetales-Alola||FocusSash|SnowWarning|Blizzard,FreezeDry,Protect,Encore|Timid||M|||50|
|showteam|p2|Staraptor||Staraptite|Intimidate|CloseCombat,BraveBird,Protect,Roost|Jolly||F|||50|]Whimsicott||OccaBerry|Prankster|Moonblast,Charm,LightScreen,Tailwind|Timid||F|||50|]Glimmora||FocusSash|ToxicDebris|SludgeBomb,PowerGem,SpikyShield,EarthPower|Timid||M|||50|]Garchomp||LifeOrb|RoughSkin|RockSlide,Earthquake,Protect,DragonClaw|Jolly||M|||50|]Delphox||Delphoxite|Blaze|HeatWave,Psychic,Protect,Substitute|Modest||M|||50|]Kingambit||ChopleBerry|Defiant|KowtowCleave,IronHead,LowKick,SuckerPunch|Adamant||F|||50|
|inactive|Battle timer is ON: inactive players will automatically lose when time's up. (requested by iloveships)
|inactive|iloveships has 60 seconds left.
|inactive|pokefighter ABCZ has 60 seconds left.
|inactive|iloveships has 30 seconds left.
|inactive|pokefighter ABCZ has 30 seconds left.
|inactive|pokefighter ABCZ has 20 seconds left.
|inactive|pokefighter ABCZ has 15 seconds left.
|inactive|pokefighter ABCZ has 10 seconds left.
|
|t:|1785453825
|teamsize|p1|4
|teamsize|p2|4
|start
|switch|p1a: Milotic|Milotic, L50, M|100/100
|switch|p1b: Raichu|Raichu, L50, M|100/100
|switch|p2a: Kingambit|Kingambit, L50, F|100/100
|switch|p2b: Delphox|Delphox, L50, M|100/100
|turn|1
|inactive|iloveships has 30 seconds left.
|inactive|iloveships has 20 seconds left.
|inactive|iloveships has 15 seconds left.
|
|t:|1785453867
|switch|p2b: Garchomp|Garchomp, L50, M|100/100
|detailschange|p1b: Raichu|Raichu-Mega-Y, L50, M
|-mega|p1b: Raichu|Raichu|Raichunite Y
|move|p1b: Raichu|Focus Blast|p2a: Kingambit
|-supereffective|p2a: Kingambit|2
|-enditem|p2a: Kingambit|Chople Berry|[eat]
|-enditem|p2a: Kingambit|Chople Berry|[weaken]
|-damage|p2a: Kingambit|26/100
|move|p1a: Milotic|Coil|p1a: Milotic
|-boost|p1a: Milotic|atk|1
|-boost|p1a: Milotic|def|1
|-boost|p1a: Milotic|accuracy|1
|move|p2a: Kingambit|Kowtow Cleave|p1b: Raichu
|-damage|p1b: Raichu|30/100
|
|upkeep
|turn|2
|inactive|iloveships has 30 seconds left.
|inactive|pokefighter ABCZ has 30 seconds left.
|
|t:|1785453894
|move|p1b: Raichu|Protect|p1b: Raichu
|-singleturn|p1b: Raichu|Protect
|move|p2b: Garchomp|Rock Slide|p1a: Milotic|[spread] p1a
|-activate|p1b: Raichu|move: Protect
|-damage|p1a: Milotic|85/100
|-damage|p2b: Garchomp|90/100|[from] item: Life Orb
|cant|p1a: Milotic|flinch
|move|p2a: Kingambit|Kowtow Cleave|p1a: Milotic
|-damage|p1a: Milotic|59/100
|
|-heal|p1a: Milotic|65/100|[from] item: Leftovers
|upkeep
|turn|3
|
|t:|1785453916
|switch|p1b: Sinistcha|Sinistcha, L50|100/100
|-heal|p1a: Milotic|90/100|[from] ability: Hospitality|[of] p1b: Sinistcha
|move|p2a: Kingambit|Sucker Punch||[still]
|-fail|p2a: Kingambit
|move|p2b: Garchomp|Rock Slide|p1b: Sinistcha|[spread] 
|-miss|p2b: Garchomp|p1a: Milotic
|-miss|p2b: Garchomp|p1b: Sinistcha
|move|p1a: Milotic|Hypnosis|p2b: Garchomp
|-status|p2b: Garchomp|slp|[from] move: Hypnosis
|
|-heal|p1a: Milotic|96/100|[from] item: Leftovers
|upkeep
|turn|4
|
|t:|1785453935
|cant|p2b: Garchomp|slp
|move|p1a: Milotic|Coil|p1a: Milotic
|-boost|p1a: Milotic|atk|1
|-boost|p1a: Milotic|def|1
|-boost|p1a: Milotic|accuracy|1
|move|p1b: Sinistcha|Matcha Gotcha|p2a: Kingambit|[spread] p2b
|-miss|p1b: Sinistcha|p2a: Kingambit
|-crit|p2b: Garchomp
|-damage|p2b: Garchomp|45/100 slp
|move|p2a: Kingambit|Kowtow Cleave|p1b: Sinistcha
|-supereffective|p1b: Sinistcha|1
|-damage|p1b: Sinistcha|15/100
|
|-heal|p1a: Milotic|100/100|[from] item: Leftovers
|upkeep
|turn|5
|inactive|pokefighter ABCZ has 30 seconds left.
|inactive|iloveships has 30 seconds left.
|inactive|pokefighter ABCZ has 20 seconds left.
|
|t:|1785453975
|cant|p2b: Garchomp|slp
|move|p1a: Milotic|Hypnosis|p2a: Kingambit
|-status|p2a: Kingambit|slp|[from] move: Hypnosis
|move|p1b: Sinistcha|Life Dew||[still]|[spread] p1a,p1b
|-fail|p1a: Milotic|heal
|-heal|p1b: Sinistcha|41/100
|cant|p2a: Kingambit|slp
|
|upkeep
|turn|6
|
|t:|1785453994
|-curestatus|p2b: Garchomp|slp|[msg]
|move|p2b: Garchomp|Dragon Claw|p1b: Sinistcha
|-damage|p1b: Sinistcha|0 fnt
|faint|p1b: Sinistcha
|-damage|p2b: Garchomp|36/100|[from] item: Life Orb
|move|p1a: Milotic|Muddy Water|p2b: Garchomp|[spread] p2a,p2b
|-damage|p2a: Kingambit|4/100 slp
|-damage|p2b: Garchomp|9/100
|cant|p2a: Kingambit|slp
|
|upkeep
|
|t:|1785454006
|switch|p1b: Mimikyu|Mimikyu, L50, M|100/100
|turn|7
|
|t:|1785454024
|move|p1b: Mimikyu|Shadow Sneak|p2a: Kingambit
|-resisted|p2a: Kingambit|1
|-damage|p2a: Kingambit|0 fnt
|faint|p2a: Kingambit
|-damage|p1b: Mimikyu|90/100|[from] item: Life Orb
|move|p2b: Garchomp|Rock Slide|p1b: Mimikyu|[spread] p1a,p1b
|-damage|p1a: Milotic|89/100
|-activate|p1b: Mimikyu|ability: Disguise
|-damage|p1b: Mimikyu|90/100
|detailschange|p1b: Mimikyu|Mimikyu-Busted, L50, M
|-damage|p1b: Mimikyu|78/100|[from] pokemon: Mimikyu-Busted
|-damage|p2b: Garchomp|0 fnt|[from] item: Life Orb
|faint|p2b: Garchomp
|move|p1a: Milotic|Muddy Water|p2: Kingambit|[notarget]
|-fail|p1a: Milotic
|
|-heal|p1a: Milotic|95/100|[from] item: Leftovers
|upkeep
|
|t:|1785454040
|switch|p2b: Glimmora|Glimmora, L50, M|100/100
|switch|p2a: Delphox|Delphox, L50, M|100/100
|turn|8
|
|t:|1785454052
|detailschange|p2a: Delphox|Delphox-Mega, L50, M
|-mega|p2a: Delphox|Delphox|Delphoxite
|move|p1b: Mimikyu|Shadow Sneak|p2b: Glimmora
|-damage|p2b: Glimmora|73/100
|-activate|p2b: Glimmora|ability: Toxic Debris
|-sidestart|p1: iloveships|move: Toxic Spikes
|-damage|p1b: Mimikyu|69/100|[from] item: Life Orb
|move|p2a: Delphox|Psychic|p1a: Milotic
|-damage|p1a: Milotic|57/100
|move|p2b: Glimmora|Sludge Bomb|p1b: Mimikyu
|-damage|p1b: Mimikyu|8/100
|move|p1a: Milotic|Muddy Water|p2b: Glimmora|[spread] p2a,p2b
|-supereffective|p2a: Delphox|1
|-supereffective|p2b: Glimmora|1
|-damage|p2a: Delphox|55/100
|-damage|p2b: Glimmora|4/100
|
|-heal|p1a: Milotic|63/100|[from] item: Leftovers
|upkeep
|turn|9
|
|t:|1785454071
|move|p2b: Glimmora|Spiky Shield|p2b: Glimmora
|-singleturn|p2b: Glimmora|move: Protect
|move|p1b: Mimikyu|Shadow Sneak|p2a: Delphox
|-supereffective|p2a: Delphox|1
|-damage|p2a: Delphox|0 fnt
|faint|p2a: Delphox
|-damage|p1b: Mimikyu|0 fnt|[from] item: Life Orb
|faint|p1b: Mimikyu
|move|p1a: Milotic|Muddy Water|p2b: Glimmora
|-activate|p2b: Glimmora|move: Protect
|
|-heal|p1a: Milotic|69/100|[from] item: Leftovers
|upkeep
|
|t:|1785454078
|switch|p1b: Raichu|Raichu-Mega-Y, L50, M|30/100
|-status|p1b: Raichu|psn
|turn|10
|
|t:|1785454086
|move|p2b: Glimmora|Spiky Shield||[still]
|-fail|p2b: Glimmora
|move|p1b: Raichu|Fake Out|p2b: Glimmora
|-resisted|p2b: Glimmora|1
|-damage|p2b: Glimmora|0 fnt
|-activate|p2b: Glimmora|ability: Toxic Debris
|-sidestart|p1: iloveships|move: Toxic Spikes
|faint|p2b: Glimmora
|
|win|iloveships
