|j|☆Wooperdooperpooper
|j|☆elmono11
|html|Wooperdooperpooperelmono11    
|uhtml|bestof|Game 3 of a best-of-3
|t:|1755005760
|gametype|doubles
|player|p1|Wooperdooperpooper|2|1265
|player|p2|elmono11|169|1208
|gen|9
|tier|[Gen 9] VGC 2025 Reg H (Bo3)
|rated|
|rule|Species Clause: Limit one of each Pokémon
|rule|Item Clause: Limit 1 of each item
|clearpoke
|poke|p1|Charizard, L50, M|
|poke|p1|Indeedee-F, L50, F|
|poke|p1|Ursaluna, L50, M|
|poke|p1|Torkoal, L50, F|
|poke|p1|Gallade, L50, M|
|poke|p1|Hatterene, L50, F|
|poke|p2|Gholdengo, L50|
|poke|p2|Sneasler, L50, M|
|poke|p2|Rillaboom, L50, F|
|poke|p2|Dragonite, L50, F|
|poke|p2|Ninetales-Alola, L50, F|
|poke|p2|Arcanine-Hisui, L50, M|
|teampreview|4
|showteam|p1|Charizard||ChoiceScarf|SolarPower|HeatWave,Overheat,WeatherBall,ScorchingSands|||M|||50|,,,,,Fire]Indeedee-F||SafetyGoggles|PsychicSurge|DazzlingGleam,FollowMe,TrickRoom,HelpingHand|||F|||50|,,,,,Water]Ursaluna||FlameOrb|Guts|HeadlongRush,Facade,RockSlide,Protect|||M|||50|,,,,,Dragon]Torkoal||Charcoal|Drought|Eruption,Overheat,HelpingHand,Protect|||F|||50|,,,,,Fire]Gallade||ClearAmulet|Sharpness|SacredSword,PsychoCut,TrickRoom,WideGuard|||M|||50|,,,,,Grass]Hatterene||LifeOrb|MagicBounce|ExpandingForce,DazzlingGleam,TrickRoom,Protect|||F|||50|,,,,,Water
|showteam|p2|Gholdengo||GrassySeed|GoodasGold|NastyPlot,MakeItRain,ShadowBall,Protect||||||50|,,,,,Water]Sneasler||WhiteHerb|Unburden|CloseCombat,DireClaw,Coaching,Protect|||M|||50|,,,,,Ghost]Rillaboom||AssaultVest|GrassySurge|FakeOut,GrassyGlide,DrumBeating,HighHorsepower|||F|||50|,,,,,Fire]Dragonite||LoadedDice|Multiscale|ScaleShot,StompingTantrum,Tailwind,Protect|||F|||50|,,,,,Ground]Ninetales-Alola||FocusSash|SnowWarning|Blizzard,IcyWind,Encore,AuroraVeil|||F|||50|,,,,,Ghost]Arcanine-Hisui||ClearAmulet|Intimidate|RockSlide,FlareBlitz,ExtremeSpeed,Protect|||M|||50|,,,,,Water
|inactive|Battle timer is ON: inactive players will automatically lose when time's up. (requested by elmono11)
|inactive|Wooperdooperpooper also wants the timer to be on.
|inactive|elmono11 has 60 seconds left.
|
|t:|1755005797
|teamsize|p1|4
|teamsize|p2|4
|start
|switch|p1a: Hatterene|Hatterene, L50, F|100/100
|switch|p1b: Indeedee|Indeedee-F, L50, F, shiny|100/100
|switch|p2a: Ninetales|Ninetales-Alola, L50, F|100/100
|switch|p2b: Arcanine|Arcanine-Hisui, L50, M|100/100
|-weather|Snowscape|[from] ability: Snow Warning|[of] p2a: Ninetales
|-ability|p2b: Arcanine|Intimidate|boost
|-unboost|p1a: Hatterene|atk|1
|-unboost|p1b: Indeedee|atk|1
|-fieldstart|move: Psychic Terrain|[from] ability: Psychic Surge|[of] p1b: Indeedee
|turn|1
|
|t:|1755005809
|switch|p1b: Torkoal|Torkoal, L50, F|100/100
|-weather|SunnyDay|[from] ability: Drought|[of] p1b: Torkoal
|-terastallize|p1a: Hatterene|Water
|move|p2a: Ninetales|Aurora Veil||[still]
|-fail|p2a: Ninetales
|move|p2b: Arcanine|Rock Slide|p1a: Hatterene|[spread] p1a,p1b
|-supereffective|p1b: Torkoal
|-damage|p1a: Hatterene|69/100
|-damage|p1b: Torkoal|58/100
|move|p1a: Hatterene|Trick Room|p1a: Hatterene
|-fieldstart|move: Trick Room|[of] p1a: Hatterene
|
|-weather|SunnyDay|[upkeep]
|upkeep
|turn|2
|inactive|elmono11 has 30 seconds left.
|
|t:|1755005834
|switch|p2a: Rillaboom|Rillaboom, L50, F|100/100
|-fieldstart|move: Grassy Terrain|[from] ability: Grassy Surge|[of] p2a: Rillaboom
|move|p1b: Torkoal|Eruption|p2b: Arcanine|[spread] p2a,p2b
|-supereffective|p2a: Rillaboom
|-resisted|p2b: Arcanine
|-damage|p2a: Rillaboom|20/100
|-damage|p2b: Arcanine|86/100
|move|p1a: Hatterene|Expanding Force|p2a: Rillaboom
|-damage|p2a: Rillaboom|0 fnt
|faint|p2a: Rillaboom
|-damage|p1a: Hatterene|59/100|[from] item: Life Orb
|move|p2b: Arcanine|Rock Slide|p1a: Hatterene|[spread] p1a,p1b
|-supereffective|p1b: Torkoal
|-damage|p1a: Hatterene|31/100
|-damage|p1b: Torkoal|16/100
|
|-weather|SunnyDay|[upkeep]
|-heal|p1b: Torkoal|23/100|[from] Grassy Terrain
|-heal|p1a: Hatterene|37/100|[from] Grassy Terrain
|-heal|p2b: Arcanine|92/100|[from] Grassy Terrain
|upkeep
|
|t:|1755005844
|switch|p2a: Ninetales|Ninetales-Alola, L50, F|100/100
|-weather|Snowscape|[from] ability: Snow Warning|[of] p2a: Ninetales
|turn|3
|
|t:|1755005856
|switch|p1b: Indeedee|Indeedee-F, L50, F, shiny|100/100
|-fieldstart|move: Psychic Terrain|[from] ability: Psychic Surge|[of] p1b: Indeedee
|move|p1a: Hatterene|Expanding Force|p2a: Ninetales|[spread] p2a,p2b
|-enditem|p2a: Ninetales|Focus Sash
|-damage|p2a: Ninetales|1/100
|-damage|p2b: Arcanine|0 fnt
|faint|p2b: Arcanine
|-damage|p1a: Hatterene|27/100|[from] item: Life Orb
|move|p2a: Ninetales|Aurora Veil|p2a: Ninetales
|-sidestart|p2: elmono11|move: Aurora Veil
|
|-weather|Snowscape|[upkeep]
|upkeep
|
|t:|1755005867
|switch|p2b: Gholdengo|Gholdengo, L50|100/100
|turn|4
|
|t:|1755005884
|move|p1b: Indeedee|Helping Hand|p1a: Hatterene
|-singleturn|p1a: Hatterene|Helping Hand|[of] p1b: Indeedee
|move|p1a: Hatterene|Expanding Force|p2b: Gholdengo|[spread] p2a,p2b
|-resisted|p2b: Gholdengo
|-damage|p2a: Ninetales|0 fnt
|-damage|p2b: Gholdengo|59/100
|faint|p2a: Ninetales
|-damage|p1a: Hatterene|18/100|[from] item: Life Orb
|move|p2b: Gholdengo|Nasty Plot|p2b: Gholdengo
|-boost|p2b: Gholdengo|spa|2
|
|-weather|Snowscape|[upkeep]
|upkeep
|turn|5
|
|t:|1755005905
|move|p2b: Gholdengo|Make It Rain|p1b: Indeedee|[spread] p1a,p1b
|-resisted|p1a: Hatterene
|-damage|p1a: Hatterene|0 fnt
|-damage|p1b: Indeedee|24/100
|-unboost|p2b: Gholdengo|spa|1
|faint|p1a: Hatterene
|move|p1b: Indeedee|Trick Room|p1b: Indeedee
|-fieldend|move: Trick Room
|
|-weather|Snowscape|[upkeep]
|upkeep
|
|t:|1755005909
|switch|p1a: Ursaluna|Ursaluna, L50, M|100/100
|turn|6
|
|t:|1755005935
|move|p1b: Indeedee|Helping Hand|p1a: Ursaluna
|-singleturn|p1a: Ursaluna|Helping Hand|[of] p1b: Indeedee
|move|p2b: Gholdengo|Nasty Plot|p2b: Gholdengo
|-boost|p2b: Gholdengo|spa|2
|move|p1a: Ursaluna|Headlong Rush|p2b: Gholdengo
|-supereffective|p2b: Gholdengo
|-damage|p2b: Gholdengo|0 fnt
|-unboost|p1a: Ursaluna|def|1
|-unboost|p1a: Ursaluna|spd|1
|faint|p2b: Gholdengo
|
|win|Wooperdooperpooper
|raw|Wooperdooperpooper's rating: 1265 → 1286(+21 for winning)
|raw|elmono11's rating: 1208 → 1187(-21 for losing)
|l|☆elmono11
|player|p2|
|l|☆Wooperdooperpooper
|player|p1|
|j|☆elmono11
|player|p2|elmono11|169|
