|j|☆Pokeventurer
|j|☆Y8shikage
|html|PokeventurerY8shikage    
|uhtml|bestof|Game 2 of a best-of-3
|t:|1757104979
|gametype|doubles
|player|p1|Pokeventurer|2|1157
|player|p2|Y8shikage|steven|1067
|gen|9
|tier|[Gen 9] VGC 2025 Reg H (Bo3)
|rated|
|rule|Species Clause: Limit one of each Pokémon
|rule|Item Clause: Limit 1 of each item
|clearpoke
|poke|p1|Basculegion, L50, M|
|poke|p1|Pelipper, L50, F|
|poke|p1|Archaludon, L50, F|
|poke|p1|Rillaboom, L50, M|
|poke|p1|Maushold, L50|
|poke|p1|Annihilape, L50, F|
|poke|p2|Ninetales-Alola, L50, M|
|poke|p2|Garchomp, L50, M|
|poke|p2|Kingambit, L50, M|
|poke|p2|Sneasler, L50, M|
|poke|p2|Amoonguss, L50, F|
|poke|p2|Metagross, L50|
|teampreview|4
|showteam|p1|Basculegion||ChoiceBand|SwiftSwim|WaveCrash,FlipTurn,LastRespects,AquaJet|||M|||50|,,,,,Water]Pelipper||FocusSash|Drizzle|WeatherBall,Hurricane,Tailwind,Protect|||F|||50|,,,,,Stellar]Archaludon||AssaultVest|Stamina|ElectroShot,FlashCannon,Snarl,BodyPress|||F|||50|,,,,,Grass]Rillaboom||CobaBerry|GrassySurge|FakeOut,GrassyGlide,WoodHammer,Uturn|||M|||50|,,,,,Steel]Maushold||CovertCloak|FriendGuard|FollowMe,BeatUp,SuperFang,Taunt||||||50|,,,,,Ghost]Annihilape||SafetyGoggles|Defiant|DrainPunch,RageFist,BulkUp,Protect|||F|||50|,,,,,Fire
|showteam|p2|Ninetales-Alola||NeverMeltIce|SnowWarning|Blizzard,FreezeDry,AuroraVeil,Protect|||M|||50|,,,,,Ice]Garchomp||LifeOrb|RoughSkin|Earthquake,StompingTantrum,DragonClaw,Protect|||M|||50|,,,,,Steel]Kingambit||BlackGlasses|Defiant|KowtowCleave,SwordsDance,SuckerPunch,Protect|||M|||50|,,,,,Flying]Sneasler||FocusSash|PoisonTouch|Coaching,CloseCombat,DireClaw,FakeOut|||M|||50|,,,,,Flying]Amoonguss||SitrusBerry|Regenerator|Spore,RagePowder,PollenPuff,Protect|||F|||50|,,,,,Psychic]Metagross||AssaultVest|ClearBody|HeavySlam,PsychicFangs,StompingTantrum,BulletPunch||||||50|,,,,,Flying
|inactive|Battle timer is ON: inactive players will automatically lose when time's up. (requested by Pokeventurer)
|inactive|Pokeventurer has 60 seconds left.
|inactive|Y8shikage has 60 seconds left.
|
|t:|1757105023
|teamsize|p1|4
|teamsize|p2|4
|start
|switch|p1a: London Paris&Tokyo|Archaludon, L50, F|100/100
|switch|p1b: Zoom!Wake|Basculegion, L50, M|100/100
|switch|p2a: Amoonguss|Amoonguss, L50, F|100/100
|switch|p2b: Metagross|Metagross, L50|100/100
|turn|1
|inactive|Y8shikage has 30 seconds left.
|inactive|Y8shikage has 20 seconds left.
|inactive|Y8shikage has 15 seconds left.
|inactive|Y8shikage has 10 seconds left.
|
|t:|1757105072
|-terastallize|p1a: London Paris&Tokyo|Grass
|move|p1b: Zoom!Wake|Flip Turn|p2a: Amoonguss
|-resisted|p2a: Amoonguss
|-damage|p2a: Amoonguss|81/100
|
|t:|1757105078
|switch|p1b: MonkeyDo|Annihilape, L50, F|100/100|[from] Flip Turn
|move|p1a: London Paris&Tokyo|Electro Shot||[still]
|-prepare|p1a: London Paris&Tokyo|Electro Shot
|-boost|p1a: London Paris&Tokyo|spa|1
|move|p2b: Metagross|Stomping Tantrum|p1a: London Paris&Tokyo
|-resisted|p1a: London Paris&Tokyo
|-damage|p1a: London Paris&Tokyo|91/100
|-ability|p1a: London Paris&Tokyo|Stamina|boost
|-boost|p1a: London Paris&Tokyo|def|1
|move|p2a: Amoonguss|Spore|p1a: London Paris&Tokyo
|-immune|p1a: London Paris&Tokyo
|
|upkeep
|turn|2
|
|t:|1757105089
|move|p2a: Amoonguss|Rage Powder|p2a: Amoonguss
|-singleturn|p2a: Amoonguss|move: Rage Powder
|move|p1b: MonkeyDo|Bulk Up|p1b: MonkeyDo
|-boost|p1b: MonkeyDo|atk|1
|-boost|p1b: MonkeyDo|def|1
|move|p1a: London Paris&Tokyo|Electro Shot|p2a: Amoonguss|[from] lockedmove
|-resisted|p2a: Amoonguss
|-damage|p2a: Amoonguss|53/100
|move|p2b: Metagross|Psychic Fangs|p1b: MonkeyDo
|-supereffective|p1b: MonkeyDo
|-damage|p1b: MonkeyDo|37/100
|
|upkeep
|turn|3
|inactive|Y8shikage has 30 seconds left.
|
|t:|1757105122
|move|p1b: MonkeyDo|Drain Punch|p2b: Metagross
|-damage|p2b: Metagross|69/100
|-heal|p1b: MonkeyDo|51/100|[from] drain|[of] p2b: Metagross
|move|p1a: London Paris&Tokyo|Flash Cannon|p2a: Amoonguss
|-damage|p2a: Amoonguss|4/100
|-enditem|p2a: Amoonguss|Sitrus Berry|[eat]
|-heal|p2a: Amoonguss|29/100|[from] item: Sitrus Berry
|move|p2b: Metagross|Psychic Fangs|p1b: MonkeyDo
|-supereffective|p1b: MonkeyDo
|-damage|p1b: MonkeyDo|0 fnt
|faint|p1b: MonkeyDo
|move|p2a: Amoonguss|Pollen Puff|p2b: Metagross
|-heal|p2b: Metagross|100/100
|
|upkeep
|l|☆Pokeventurer
|inactive|Pokeventurer disconnected and has a minute to reconnect!
|player|p1|
|j|☆Pokeventurer
|inactive|Pokeventurer reconnected and has 40 seconds left.
|player|p1|Pokeventurer|2|
|inactive|Pokeventurer has 30 seconds left.
|
|t:|1757105157
|switch|p1b: Zoom!Wake|Basculegion, L50, M|100/100
|turn|4
|
|t:|1757105179
|switch|p2b: Ninetales|Ninetales-Alola, L50, M|100/100
|-weather|Snowscape|[from] ability: Snow Warning|[of] p2b: Ninetales
|move|p2a: Amoonguss|Rage Powder|p2a: Amoonguss
|-singleturn|p2a: Amoonguss|move: Rage Powder
|move|p1a: London Paris&Tokyo|Flash Cannon|p2a: Amoonguss
|-damage|p2a: Amoonguss|0 fnt
|faint|p2a: Amoonguss
|move|p1b: Zoom!Wake|Last Respects|p2b: Ninetales
|-damage|p2b: Ninetales|44/100
|
|-weather|Snowscape|[upkeep]
|upkeep
|
|t:|1757105191
|switch|p2a: Kingambit|Kingambit, L50, M|100/100
|turn|5
|inactive|Y8shikage has 30 seconds left.
|
|t:|1757105223
|switch|p2b: Metagross|Metagross, L50|100/100
|switch|p1b: BigMouth|Pelipper, L50, F|100/100
|-weather|RainDance|[from] ability: Drizzle|[of] p1b: BigMouth
|-terastallize|p2a: Kingambit|Flying
|move|p1a: London Paris&Tokyo|Electro Shot||[still]
|-prepare|p1a: London Paris&Tokyo|Electro Shot
|-boost|p1a: London Paris&Tokyo|spa|1
|-anim|p1a: London Paris&Tokyo|Electro Shot|p2a: Kingambit
|-supereffective|p2a: Kingambit
|-damage|p2a: Kingambit|0 fnt
|faint|p2a: Kingambit
|
|-weather|RainDance|[upkeep]
|upkeep
|
|t:|1757105225
|switch|p2a: Ninetales|Ninetales-Alola, L50, M|44/100
|-weather|Snowscape|[from] ability: Snow Warning|[of] p2a: Ninetales
|turn|6
|
|t:|1757105248
|switch|p1b: Zoom!Wake|Basculegion, L50, M|100/100
|move|p2a: Ninetales|Blizzard|p1b: Zoom!Wake|[spread] p1a,p1b
|-supereffective|p1a: London Paris&Tokyo
|-resisted|p1b: Zoom!Wake
|-damage|p1a: London Paris&Tokyo|36/100
|-damage|p1b: Zoom!Wake|83/100
|-ability|p1a: London Paris&Tokyo|Stamina|boost
|-boost|p1a: London Paris&Tokyo|def|1
|move|p1a: London Paris&Tokyo|Flash Cannon|p2a: Ninetales
|-supereffective|p2a: Ninetales
|-damage|p2a: Ninetales|0 fnt
|faint|p2a: Ninetales
|move|p2b: Metagross|Psychic Fangs|p1b: Zoom!Wake
|-damage|p1b: Zoom!Wake|24/100
|
|-weather|Snowscape|[upkeep]
|upkeep
|turn|7
|-message|Y8shikage forfeited.
|
|win|Pokeventurer
|raw|Pokeventurer's rating: 1157 → 1176(+19 for winning)
|raw|Y8shikage's rating: 1067 → 1052(-15 for losing)
|l|☆Y8shikage
|player|p2|
