|j|☆MrPhoenixGC
|j|☆nman101010
|html|MrPhoenixGCnman101010    
|uhtml|bestof|Game 3 of a best-of-3
|t:|1783472846
|gametype|doubles
|player|p1|MrPhoenixGC|steven|1149
|player|p2|nman101010|101|1110
|gen|9
|tier|[Gen 9 Champions] VGC 2026 Reg M-B (Bo3)
|rated|
|rule|Species Clause: Limit one of each Pokémon
|rule|Item Clause: Limit 1 of each item
|clearpoke
|poke|p1|Charizard, L50, F|
|poke|p1|Kingambit, L50, F|
|poke|p1|Sylveon, L50, M|
|poke|p1|Garchomp, L50, M|
|poke|p1|Aerodactyl, L50, F|
|poke|p1|Farigiraf, L50, M|
|poke|p2|Gholdengo, L50|
|poke|p2|Farigiraf, L50, F|
|poke|p2|Dragonite, L50, M|
|poke|p2|Politoed, L50, M|
|poke|p2|Basculegion, L50, M|
|poke|p2|Sylveon, L50, F|
|teampreview|4
|showteam|p1|Charizard||CharizarditeY|SolarPower|Protect,HeatWave,SolarBeam,WeatherBall|Modest||F|||50|]Kingambit||FocusSash|Defiant|IronHead,SuckerPunch,KowtowCleave,LowKick|Adamant||F|||50|]Sylveon||FairyFeather|Pixilate|Detect,HyperVoice,HyperBeam,QuickAttack|Modest||M|||50|]Garchomp||LifeOrb|RoughSkin|Protect,DragonClaw,Earthquake,RockSlide|Jolly||M|||50|]Aerodactyl||Aerodactylite|Unnerve|IceFang,RockSlide,Tailwind,DualWingbeat|Jolly||F|||50|]Farigiraf||SitrusBerry|ArmorTail|TrickRoom,Psychic,Thunderbolt,Protect|Bold||M|||50|
|showteam|p2|Gholdengo||LifeOrb|GoodasGold|MakeItRain,ShadowBall,PowerGem,Protect|Modest|||||50|]Farigiraf||SitrusBerry|ArmorTail|Psychic,HyperVoice,TrickRoom,Protect|Modest||F|||50|]Dragonite||Dragoninite|Multiscale|DracoMeteor,Hurricane,Haze,Tailwind|Modest||M|||50|]Politoed||Leftovers|Drizzle|WeatherBall,IcyWind,Haze,Encore|Timid||M|||50|]Basculegion||ChoiceScarf|Adaptability|WaveCrash,LastRespects,FlipTurn,AquaJet|Jolly||M|||50|]Sylveon||FairyFeather|Pixilate|HyperVoice,HyperBeam,QuickAttack,Detect|Modest||F|||50|
|
|t:|1783472867
|teamsize|p1|4
|teamsize|p2|4
|start
|switch|p1a: Charizard|Charizard, L50, F|100/100
|switch|p1b: Kingambit|Kingambit, L50, F|100/100
|switch|p2a: Politoed|Politoed, L50, M|100/100
|switch|p2b: Basculegion|Basculegion, L50, M|100/100
|-weather|RainDance|[from] ability: Drizzle|[of] p2a: Politoed
|turn|1
|
|t:|1783472894
|move|p1a: Charizard|Protect|p1a: Charizard
|-singleturn|p1a: Charizard|Protect
|move|p2b: Basculegion|Wave Crash|p1b: Kingambit
|-damage|p1b: Kingambit|7/100
|-damage|p2b: Basculegion|72/100|[from] Recoil
|move|p2a: Politoed|Weather Ball|p1b: Kingambit
|-damage|p1b: Kingambit|0 fnt
|faint|p1b: Kingambit
|
|-weather|RainDance|[upkeep]
|upkeep
|
|t:|1783472914
|switch|p1b: Garchomp|Garchomp, L50, M|100/100
|turn|2
|
|t:|1783472941
|detailschange|p1a: Charizard|Charizard-Mega-Y, L50, F
|-mega|p1a: Charizard|Charizard|Charizardite Y
|-weather|SunnyDay|[from] ability: Drought|[of] p1a: Charizard
|move|p2b: Basculegion|Wave Crash|p1b: Garchomp
|-damage|p1b: Garchomp|62/100
|-damage|p2b: Basculegion|60/100|[from] ability: Rough Skin|[of] p1b: Garchomp
|-damage|p2b: Basculegion|49/100|[from] Recoil
|move|p1b: Garchomp|Earthquake|p2a: Politoed|[spread] p2a,p2b
|-immune|p1a: Charizard
|-damage|p2a: Politoed|46/100
|-damage|p2b: Basculegion|0 fnt
|faint|p2b: Basculegion
|-damage|p1b: Garchomp|53/100|[from] item: Life Orb
|move|p2a: Politoed|Encore|p1a: Charizard
|-start|p1a: Charizard|Encore
|move|p1a: Charizard|Protect||[still]
|-fail|p1a: Charizard
|
|-weather|SunnyDay|[upkeep]
|-heal|p2a: Politoed|52/100|[from] item: Leftovers
|upkeep
|
|t:|1783472964
|switch|p2b: Dragonite|Dragonite, L50, M|100/100
|turn|3
|
|t:|1783472982
|switch|p1b: Sylveon|Sylveon, L50, M|100/100
|detailschange|p2b: Dragonite|Dragonite-Mega, L50, M
|-mega|p2b: Dragonite|Dragonite|Dragoninite
|move|p1a: Charizard|Protect|p1a: Charizard
|-singleturn|p1a: Charizard|Protect
|move|p2a: Politoed|Icy Wind|p1a: Charizard|[spread] p1b
|-activate|p1a: Charizard|move: Protect
|-damage|p1b: Sylveon|92/100
|-unboost|p1b: Sylveon|spe|1
|move|p2b: Dragonite|Tailwind|p2b: Dragonite
|-sidestart|p2: nman101010|move: Tailwind
|
|-weather|SunnyDay|[upkeep]
|-heal|p2a: Politoed|58/100|[from] item: Leftovers
|upkeep
|turn|4
|
|t:|1783473017
|move|p1a: Charizard|Protect||[still]
|-fail|p1a: Charizard
|move|p2a: Politoed|Weather Ball|p1b: Sylveon
|-damage|p1b: Sylveon|67/100
|move|p2b: Dragonite|Draco Meteor|p1a: Charizard
|-damage|p1a: Charizard|29/100
|-unboost|p2b: Dragonite|spa|2
|move|p1b: Sylveon|Hyper Voice|p2a: Politoed|[spread] p2a,p2b
|-supereffective|p2b: Dragonite|1
|-damage|p2a: Politoed|15/100
|-damage|p2b: Dragonite|62/100
|
|-weather|SunnyDay|[upkeep]
|-heal|p2a: Politoed|21/100|[from] item: Leftovers
|-end|p1a: Charizard|Encore
|upkeep
|turn|5
|
|t:|1783473036
|switch|p2b: Farigiraf|Farigiraf, L50, F|100/100
|move|p1a: Charizard|Protect|p1a: Charizard
|-singleturn|p1a: Charizard|Protect
|move|p2a: Politoed|Encore|p1a: Charizard
|-activate|p1a: Charizard|move: Protect
|move|p1b: Sylveon|Hyper Voice|p2a: Politoed|[spread] p2a,p2b
|-damage|p2a: Politoed|0 fnt
|-damage|p2b: Farigiraf|56/100
|faint|p2a: Politoed
|
|-weather|SunnyDay|[upkeep]
|upkeep
|
|t:|1783473050
|switch|p2a: Dragonite|Dragonite-Mega, L50, M|62/100
|turn|6
|
|t:|1783473080
|move|p2a: Dragonite|Hurricane|p1b: Sylveon
|-crit|p1b: Sylveon
|-damage|p1b: Sylveon|0 fnt
|faint|p1b: Sylveon
|move|p2b: Farigiraf|Psychic|p1a: Charizard
|-damage|p1a: Charizard|0 fnt
|faint|p1a: Charizard
|
|-weather|none
|-sideend|p2: nman101010|move: Tailwind
|upkeep
|
|t:|1783473090
|switch|p1b: Garchomp|Garchomp, L50, M|53/100
|turn|7
|
|t:|1783473106
|move|p1b: Garchomp|Rock Slide|p2b: Farigiraf|[spread] p2a,p2b
|-supereffective|p2a: Dragonite|1
|-damage|p2a: Dragonite|17/100
|-damage|p2b: Farigiraf|32/100
|-enditem|p2b: Farigiraf|Sitrus Berry|[eat]
|-heal|p2b: Farigiraf|57/100|[from] item: Sitrus Berry
|-damage|p1b: Garchomp|43/100|[from] item: Life Orb
|move|p2a: Dragonite|Draco Meteor|p1b: Garchomp
|-supereffective|p1b: Garchomp|1
|-damage|p1b: Garchomp|0 fnt
|-unboost|p2a: Dragonite|spa|2
|faint|p1b: Garchomp
|
|win|nman101010
|raw|MrPhoenixGC's rating: 1149 → 1123(-26 for losing)
|raw|nman101010's rating: 1137 → 1163(+26 for winning)
|l|☆nman101010
|player|p2|
