|j|☆epic17x
|j|☆Jzvictini
|html|epic17xJzvictini    
|uhtml|bestof|Game 2 of a best-of-3
|t:|1755810856
|gametype|doubles
|player|p1|epic17x|dragontamer|1207
|player|p2|Jzvictini|1|1306
|gen|9
|tier|[Gen 9] VGC 2025 Reg H (Bo3)
|rated|
|rule|Species Clause: Limit one of each Pokémon
|rule|Item Clause: Limit 1 of each item
|clearpoke
|poke|p1|Ninetales-Alola, L50, F|
|poke|p1|Rillaboom, L50, M|
|poke|p1|Magmar, L50, M|
|poke|p1|Sneasler, L50, F|
|poke|p1|Kingambit, L50, F|
|poke|p1|Basculegion, L50, M|
|poke|p2|Gallade, L50, M|
|poke|p2|Indeedee-F, L50, F|
|poke|p2|Torkoal, L50, M|
|poke|p2|Hatterene, L50, F|
|poke|p2|Lilligant-Hisui, L50, F|
|poke|p2|Dragapult, L50, F|
|teampreview|4
|showteam|p1|Ninetales-Alola||NeverMeltIce|SnowWarning|Blizzard,FreezeDry,Encore,Protect|||F|||50|,,,,,Ghost]Rillaboom||AssaultVest|GrassySurge|WoodHammer,FakeOut,Uturn,GrassyGlide|||M|||50|,,,,,Ghost]Magmar||Eviolite|VitalSpirit|Protect,HeatWave,WillOWisp,FollowMe|||M|||50|,,,,,Ghost]Sneasler||FocusSash|PoisonTouch|FakeOut,DireClaw,CloseCombat,Protect|||F|||50|,,,,,Ghost]Kingambit||BlackGlasses|Defiant|KowtowCleave,SwordsDance,SuckerPunch,Protect|||F|||50|,,,,,Fire]Basculegion||ChoiceScarf|Adaptability|WaveCrash,FlipTurn,TeraBlast,LastRespects|||M|||50|,,,,,Fighting
|showteam|p2|Gallade||ClearAmulet|Sharpness|WideGuard,SacredSword,PsychoCut,TrickRoom|||M|||50|,,,,,Fire]Indeedee-F||SafetyGoggles|PsychicSurge|FollowMe,HelpingHand,TrickRoom,Psychic|||F|||50|,,,,,Steel]Torkoal||ChoiceSpecs|Drought|Eruption,HeatWave,WeatherBall,ClearSmog|||M|||50|,,,,,Fire]Hatterene||CovertCloak|MagicBounce|ExpandingForce,DazzlingGleam,Psychic,TrickRoom|||F|||50|,,,,,Fire]Lilligant-Hisui||FocusSash|Chlorophyll|SleepPowder,AfterYou,LeafBlade,CloseCombat|||F|||50|,,,,,Ghost]Dragapult||ChoiceBand|ClearBody|DragonDarts,Uturn,Outrage,Bite|||F|||50|,,,,,Dragon
|inactive|Battle timer is ON: inactive players will automatically lose when time's up. (requested by epic17x)
|inactive|epic17x has 60 seconds left.
|
|t:|1755810889
|teamsize|p1|4
|teamsize|p2|4
|start
|switch|p1a: Kingambit|Kingambit, L50, F|100/100
|switch|p1b: Magmar|Magmar, L50, M|100/100
|switch|p2a: Gallade|Gallade, L50, M, shiny|100/100
|switch|p2b: Indeedee|Indeedee-F, L50, F|100/100
|-fieldstart|move: Psychic Terrain|[from] ability: Psychic Surge|[of] p2b: Indeedee
|turn|1
|
|t:|1755810900
|switch|p2b: Torkoal|Torkoal, L50, M|100/100
|-weather|SunnyDay|[from] ability: Drought|[of] p2b: Torkoal
|-terastallize|p1a: Kingambit|Fire
|-terastallize|p2a: Gallade|Fire
|move|p1b: Magmar|Heat Wave|p2b: Torkoal|[spread] p2a,p2b
|-resisted|p2a: Gallade
|-resisted|p2b: Torkoal
|-damage|p2a: Gallade|84/100
|-damage|p2b: Torkoal|76/100
|move|p1a: Kingambit|Kowtow Cleave|p2b: Torkoal
|-damage|p2b: Torkoal|30/100
|move|p2a: Gallade|Trick Room|p2a: Gallade
|-fieldstart|move: Trick Room|[of] p2a: Gallade
|
|-weather|SunnyDay|[upkeep]
|upkeep
|turn|2
|
|t:|1755810924
|move|p1b: Magmar|Follow Me|p1b: Magmar
|-singleturn|p1b: Magmar|move: Follow Me
|move|p2b: Torkoal|Heat Wave|p1b: Magmar|[spread] p1b
|-miss|p2b: Torkoal|p1a: Kingambit
|-resisted|p1b: Magmar
|-damage|p1b: Magmar|74/100
|move|p2a: Gallade|Psycho Cut|p1b: Magmar
|-damage|p1b: Magmar|16/100
|move|p1a: Kingambit|Kowtow Cleave|p2a: Gallade
|-damage|p2a: Gallade|5/100
|
|-weather|SunnyDay|[upkeep]
|upkeep
|turn|3
|
|t:|1755810944
|switch|p2a: Hatterene|Hatterene, L50, F|100/100
|move|p1a: Kingambit|Protect|p1a: Kingambit
|-singleturn|p1a: Kingambit|Protect
|move|p1b: Magmar|Protect|p1b: Magmar
|-singleturn|p1b: Magmar|Protect
|move|p2b: Torkoal|Heat Wave|p1a: Kingambit|[spread] 
|-activate|p1a: Kingambit|move: Protect
|-activate|p1b: Magmar|move: Protect
|
|-weather|SunnyDay|[upkeep]
|upkeep
|turn|4
|
|t:|1755810958
|switch|p1b: Rillaboom|Rillaboom, L50, M|100/100
|-fieldstart|move: Grassy Terrain|[from] ability: Grassy Surge|[of] p1b: Rillaboom
|move|p2b: Torkoal|Heat Wave|p1a: Kingambit|[spread] p1a,p1b
|-resisted|p1a: Kingambit
|-supereffective|p1b: Rillaboom
|-damage|p1a: Kingambit|65/100
|-damage|p1b: Rillaboom|0 fnt
|faint|p1b: Rillaboom
|move|p2a: Hatterene|Expanding Force|p1a: Kingambit
|-damage|p1a: Kingambit|10/100
|move|p1a: Kingambit|Kowtow Cleave|p2a: Hatterene
|-damage|p2a: Hatterene|25/100
|
|-weather|SunnyDay|[upkeep]
|-heal|p2b: Torkoal|36/100|[from] Grassy Terrain
|-heal|p2a: Hatterene|32/100|[from] Grassy Terrain
|-heal|p1a: Kingambit|16/100|[from] Grassy Terrain
|upkeep
|
|t:|1755810969
|switch|p1b: Magmar|Magmar, L50, M|16/100
|turn|5
|
|t:|1755810980
|switch|p2b: Indeedee|Indeedee-F, L50, F|100/100
|-fieldstart|move: Psychic Terrain|[from] ability: Psychic Surge|[of] p2b: Indeedee
|switch|p2a: Gallade|Gallade, L50, M, shiny, tera:Fire|5/100
|move|p1a: Kingambit|Protect|p1a: Kingambit
|-singleturn|p1a: Kingambit|Protect
|move|p1b: Magmar|Heat Wave|p2b: Indeedee|[spread] p2a,p2b
|-resisted|p2a: Gallade
|-damage|p2a: Gallade|0 fnt
|-damage|p2b: Indeedee|66/100
|faint|p2a: Gallade
|
|-weather|none
|-fieldend|move: Trick Room
|upkeep
|
|t:|1755810986
|switch|p2a: Hatterene|Hatterene, L50, F|32/100
|turn|6
|inactive|epic17x has 30 seconds left.
|inactive|epic17x has 20 seconds left.
|
|t:|1755811022
|move|p1b: Magmar|Heat Wave|p2b: Indeedee|[spread] p2a,p2b
|-damage|p2a: Hatterene|7/100
|-damage|p2b: Indeedee|40/100
|move|p2b: Indeedee|Psychic|p1a: Kingambit
|-crit|p1a: Kingambit
|-damage|p1a: Kingambit|0 fnt
|faint|p1a: Kingambit
|move|p2a: Hatterene|Trick Room|p2a: Hatterene
|-fieldstart|move: Trick Room|[of] p2a: Hatterene
|
|upkeep
|
|t:|1755811026
|switch|p1a: Basculegion|Basculegion, L50, M|100/100
|turn|7
|
|t:|1755811032
|move|p2b: Indeedee|Helping Hand|p2a: Hatterene
|-singleturn|p2a: Hatterene|Helping Hand|[of] p2b: Indeedee
|move|p2a: Hatterene|Expanding Force|p1b: Magmar|[spread] p1a,p1b
|-damage|p1a: Basculegion|0 fnt
|-damage|p1b: Magmar|0 fnt
|faint|p1a: Basculegion
|faint|p1b: Magmar
|
|win|Jzvictini
|raw|epic17x's rating: 1207 → 1189(-18 for losing)
|raw|Jzvictini's rating: 1306 → 1320(+14 for winning)
