|j|☆Locsen
|j|☆Canned Furs
|html|LocsenCanned Furs    
|uhtml|bestof|Game 1 of a best-of-3
|t:|1757086975
|gametype|doubles
|player|p1|Locsen|101|1045
|player|p2|Canned Furs|wulfric|1009
|gen|9
|tier|[Gen 9] VGC 2025 Reg H (Bo3)
|rated|
|rule|Species Clause: Limit one of each Pokémon
|rule|Item Clause: Limit 1 of each item
|clearpoke
|poke|p1|Pelipper, L50, F|
|poke|p1|Basculegion, L50, M|
|poke|p1|Amoonguss, L50, M|
|poke|p1|Sneasler, L50, M|
|poke|p1|Archaludon, L50, F|
|poke|p1|Dragonite, L50, F|
|poke|p2|Kommo-o, L50, M|
|poke|p2|Rillaboom, L50, M|
|poke|p2|Clefairy, L50, M|
|poke|p2|Ninetales-Alola, L50, M|
|poke|p2|Primarina, L50, M|
|poke|p2|Tauros-Paldea-Blaze, L50, M|
|teampreview|4
|showteam|p1|Pelipper||FocusSash|Drizzle|Protect,Tailwind,WeatherBall,Hurricane|||F|||50|,,,,,Ground]Basculegion||MysticWater|SwiftSwim|Protect,AquaJet,FlipTurn,WaveCrash|||M|||50|,,,,,Water]Amoonguss||SitrusBerry|Regenerator|Protect,Spore,RagePowder,SludgeBomb|||M|||50|,,,,,Dark]Sneasler||WhiteHerb|Unburden|Protect,CloseCombat,DireClaw,FakeOut|||M|||50|,,,,,Ghost]Archaludon||AssaultVest|Stamina|BodyPress,ElectroShot,FlashCannon,DracoMeteor|||F|||50|,,,,,Electric]Dragonite||LifeOrb|InnerFocus|Protect,ExtremeSpeed,Bulldoze,DragonClaw|||F|||50|,,,,,Steel
|showteam|p2|Kommo-o||Leftovers|Overcoat|IronDefense,BodyPress,Protect,Taunt|||M|||50|,,,,,Fairy]Rillaboom||AssaultVest|GrassySurge|Uturn,GrassyGlide,WoodHammer,FakeOut|||M|||50|,,,,,Fire]Clefairy||Eviolite|FriendGuard|FollowMe,LifeDew,Protect,HelpingHand|||M|||50|,,,,,Steel]Ninetales-Alola||LightClay|SnowWarning|AuroraVeil,Blizzard,Protect,DazzlingGleam|||M|||50|,,,,,Water]Primarina||SitrusBerry|LiquidVoice|HyperVoice,Protect,DazzlingGleam,CalmMind|||M|||50|,,,,,Poison]Tauros-Paldea-Blaze||ClearAmulet|Intimidate|BulkUp,CloseCombat,RagingBull,Protect|||M|||50|,,,,,Grass
|
|t:|1757087010
|teamsize|p1|4
|teamsize|p2|4
|start
|switch|p1a: Sneasler|Sneasler, L50, M|100/100
|switch|p1b: Archaludon|Archaludon, L50, F|100/100
|switch|p2a: Primarina|Primarina, L50, M|100/100
|switch|p2b: Ninetales|Ninetales-Alola, L50, M|100/100
|-weather|Snowscape|[from] ability: Snow Warning|[of] p2b: Ninetales
|turn|1
|inactive|Battle timer is ON: inactive players will automatically lose when time's up. (requested by Locsen)
|inactive|Canned Furs has 60 seconds left.
|inactive|Locsen has 60 seconds left.
|
|t:|1757087047
|switch|p1a: Pelipper|Pelipper, L50, F|100/100
|-weather|RainDance|[from] ability: Drizzle|[of] p1a: Pelipper
|switch|p2b: Tauros|Tauros-Paldea-Blaze, L50, M|100/100
|-ability|p2b: Tauros|Intimidate|boost
|-unboost|p1a: Pelipper|atk|1
|-unboost|p1b: Archaludon|atk|1
|-terastallize|p2a: Primarina|Poison
|move|p1b: Archaludon|Electro Shot||[still]
|-prepare|p1b: Archaludon|Electro Shot
|-boost|p1b: Archaludon|spa|1
|-anim|p1b: Archaludon|Electro Shot|p2a: Primarina
|-damage|p2a: Primarina|37/100
|-enditem|p2a: Primarina|Sitrus Berry|[eat]
|-heal|p2a: Primarina|61/100|[from] item: Sitrus Berry
|move|p2a: Primarina|Calm Mind|p2a: Primarina
|-boost|p2a: Primarina|spa|1
|-boost|p2a: Primarina|spd|1
|
|-weather|RainDance|[upkeep]
|upkeep
|turn|2
|inactive|Locsen has 30 seconds left.
|inactive|Canned Furs has 30 seconds left.
|inactive|Locsen has 20 seconds left.
|inactive|Locsen has 15 seconds left.
|
|t:|1757087091
|move|p2a: Primarina|Protect|p2a: Primarina
|-singleturn|p2a: Primarina|Protect
|move|p2b: Tauros|Close Combat|p1b: Archaludon
|-supereffective|p1b: Archaludon
|-damage|p1b: Archaludon|19/100
|-unboost|p2b: Tauros|def|1
|-unboost|p2b: Tauros|spd|1
|-ability|p1b: Archaludon|Stamina|boost
|-boost|p1b: Archaludon|def|1
|move|p1a: Pelipper|Tailwind|p1a: Pelipper
|-sidestart|p1: Locsen|move: Tailwind
|move|p1b: Archaludon|Flash Cannon|p2a: Primarina
|-activate|p2a: Primarina|move: Protect
|
|-weather|RainDance|[upkeep]
|upkeep
|turn|3
|
|t:|1757087109
|switch|p2b: Clefairy|Clefairy, L50, M|100/100
|move|p1a: Pelipper|Weather Ball|p2b: Clefairy
|-damage|p2b: Clefairy|59/100
|move|p1b: Archaludon|Flash Cannon|p2a: Primarina
|-damage|p2a: Primarina|34/100
|move|p2a: Primarina|Dazzling Gleam|p1b: Archaludon|[spread] p1a,p1b
|-damage|p1a: Pelipper|14/100
|-damage|p1b: Archaludon|0 fnt
|faint|p1b: Archaludon
|
|-weather|RainDance|[upkeep]
|upkeep
|
|t:|1757087124
|switch|p1b: Amoonguss|Amoonguss, L50, M|100/100
|turn|4
|
|t:|1757087138
|move|p1b: Amoonguss|Rage Powder|p1b: Amoonguss
|-singleturn|p1b: Amoonguss|move: Rage Powder
|move|p1a: Pelipper|Hurricane|p2a: Primarina
|-damage|p2a: Primarina|15/100
|move|p2a: Primarina|Hyper Voice|p1b: Amoonguss|[spread] p1a,p1b
|-resisted|p1a: Pelipper
|-resisted|p1b: Amoonguss
|-damage|p1a: Pelipper|0 fnt
|-damage|p1b: Amoonguss|67/100
|faint|p1a: Pelipper
|move|p2b: Clefairy|Life Dew|p2b: Clefairy|[spread] p2a,p2b
|-heal|p2a: Primarina|41/100
|-heal|p2b: Clefairy|84/100
|
|-weather|RainDance|[upkeep]
|upkeep
|
|t:|1757087145
|switch|p1a: Sneasler|Sneasler, L50, M|100/100
|turn|5
|
|t:|1757087154
|switch|p2b: Tauros|Tauros-Paldea-Blaze, L50, M|100/100
|-ability|p2b: Tauros|Intimidate|boost
|-unboost|p1a: Sneasler|atk|1
|-unboost|p1b: Amoonguss|atk|1
|-enditem|p1a: Sneasler|White Herb
|-clearnegativeboost|p1a: Sneasler|[silent]
|move|p2a: Primarina|Protect|p2a: Primarina
|-singleturn|p2a: Primarina|Protect
|move|p1a: Sneasler|Fake Out|p2a: Primarina
|-activate|p2a: Primarina|move: Protect
|move|p1b: Amoonguss|Sludge Bomb|p2a: Primarina
|-activate|p2a: Primarina|move: Protect
|
|-weather|none
|-sideend|p1: Locsen|move: Tailwind
|upkeep
|turn|6
|
|t:|1757087176
|-terastallize|p1a: Sneasler|Ghost
|move|p1a: Sneasler|Close Combat|p2b: Tauros
|-damage|p2b: Tauros|26/100
|-unboost|p1a: Sneasler|def|1
|-unboost|p1a: Sneasler|spd|1
|move|p2b: Tauros|Raging Bull|p1b: Amoonguss
|-supereffective|p1b: Amoonguss
|-damage|p1b: Amoonguss|0 fnt
|faint|p1b: Amoonguss
|move|p2a: Primarina|Hyper Voice|p1a: Sneasler
|-damage|p1a: Sneasler|0 fnt
|faint|p1a: Sneasler
|
|win|Canned Furs
||Locsen is ready for game 2.
|inactive|Canned Furs has 30 seconds to confirm battle start!
|inactive|Canned Furs has 20 seconds to confirm battle start!
|inactive|Canned Furs has 10 seconds to confirm battle start!
|uhtml|next|Next: Game 2 of 3
