|j|Ōśåscappopolo
|j|ŌśåBruvna2003
|html|scappopoloBruvna2003    
|uhtml|bestof|Game 2 of a best-of-3
|t:|1782328273
|gametype|doubles
|player|p1|scappopolo|caitlin|
|player|p2|Bruvna2003|pryce|
|gen|9
|tier|[Gen 9 Champions] VGC 2026 Reg M-B (Bo3)
|rule|Species Clause: Limit one of each Pok├®mon
|rule|Item Clause: Limit 1 of each item
|clearpoke
|poke|p1|Chandelure, L50, F|
|poke|p1|Meowscarada, L50, F|
|poke|p1|Sylveon, L50, M|
|poke|p1|Rotom-Wash, L50|
|poke|p1|Garchomp, L50, M|
|poke|p1|Aerodactyl, L50, F|
|poke|p2|Staraptor, L50, M|
|poke|p2|Grimmsnarl, L50, M|
|poke|p2|Basculegion, L50, M|
|poke|p2|Metagross, L50|
|poke|p2|Typhlosion-Hisui, L50, F|
|poke|p2|Garchomp, L50, F|
|teampreview|4
|showteam|p1|Chandelure||Chandelurite|Infiltrator|HeatWave,ShadowBall,Overheat,Protect|Modest||F|||50|]Meowscarada||ChoiceScarf|Protean|FlowerTrick,TripleAxel,ThroatChop,Uturn|Adamant||F|||50|]Sylveon||FairyFeather|Pixilate|HyperVoice,HyperBeam,QuickAttack,Detect|Modest||M|||50|]Rotom-Wash||WideLens|Levitate|HydroPump,Thunderbolt,WillOWisp,Protect|Modest|||||50|]Garchomp||LifeOrb|RoughSkin|Earthquake,DragonClaw,PoisonJab,Protect|Jolly||M|||50|]Aerodactyl||FocusSash|Unnerve|RockSlide,DualWingbeat,Tailwind,Protect|Jolly||F|||50|
|showteam|p2|Staraptor||Staraptite|Intimidate|BraveBird,Protect,CloseCombat,Facade|Jolly||M|||50|]Grimmsnarl||LightClay|Prankster|FakeOut,ScaryFace,PartingShot,LightScreen|Jolly||M|||50|]Basculegion||MysticWater|Adaptability|WaveCrash,AquaJet,LastRespects,FlipTurn|Adamant||M|||50|]Metagross||Metagrossite|ClearBody|MeteorMash,ThunderPunch,PsychicFangs,Protect|Adamant|||||50|]Typhlosion-Hisui||ChoiceScarf|Blaze|ShadowBall,Eruption,HeatWave,WillOWisp|Timid||F|||50|]Garchomp||LifeOrb|RoughSkin|DragonClaw,Earthquake,Protect,RockSlide|Adamant||F|||50|
|inactive|Battle timer is ON: inactive players will automatically lose when time's up. (requested by scappopolo)
|inactive|Bruvna2003 has 60 seconds left.
|
|t:|1782328320
|teamsize|p1|4
|teamsize|p2|4
|start
|switch|p1a: Aerodactyl|Aerodactyl, L50, F|100/100
|switch|p1b: Rotom|Rotom-Wash, L50|100/100
|switch|p2a: Birb|Staraptor, L50, M|100/100
|switch|p2b: Fisch|Basculegion, L50, M|100/100
|-ability|p1a: Aerodactyl|Unnerve
|-ability|p2a: Birb|Intimidate|boost
|-unboost|p1a: Aerodactyl|atk|1
|-unboost|p1b: Rotom|atk|1
|turn|1
|
|t:|1782328344
|detailschange|p2a: Birb|Staraptor-Mega, L50, M
|-mega|p2a: Birb|Staraptor|Staraptite
|move|p2a: Birb|Protect|p2a: Birb
|-singleturn|p2a: Birb|Protect
|move|p1a: Aerodactyl|Rock Slide|p2a: Birb|[spread] p2b
|-activate|p2a: Birb|move: Protect
|-damage|p2b: Fisch|78/100
|cant|p2b: Fisch|flinch
|move|p1b: Rotom|Thunderbolt|p2a: Birb
|-activate|p2a: Birb|move: Protect
|
|upkeep
|turn|2
|j| OnRushrooms
|c|Ōśåscappopolo|sry
|inactive|Bruvna2003 has 30 seconds left.
|
|t:|1782328370
|switch|p2a: Dragon|Garchomp, L50, F|100/100
|move|p1a: Aerodactyl|Rock Slide|p2b: Fisch|[spread] p2a,p2b
|-resisted|p2a: Dragon|1
|-damage|p2a: Dragon|91/100
|-damage|p2b: Fisch|56/100
|cant|p2b: Fisch|flinch
|move|p1b: Rotom|Thunderbolt|p2a: Dragon
|-immune|p2a: Dragon
|
|upkeep
|turn|3
|c|ŌśåBruvna2003|AGAIN
|c| OnRushrooms|:skull:
|c|Ōśåscappopolo|im so sorry
|inactive|Bruvna2003 has 30 seconds left.
|
|t:|1782328396
|move|p1a: Aerodactyl|Tailwind|p1a: Aerodactyl
|-sidestart|p1: scappopolo|move: Tailwind
|move|p1b: Rotom|Thunderbolt|p2b: Fisch
|-supereffective|p2b: Fisch|1
|-damage|p2b: Fisch|0 fnt
|faint|p2b: Fisch
|move|p2a: Dragon|Earthquake|p1b: Rotom|[spread] 
|-immune|p1a: Aerodactyl
|-immune|p1b: Rotom|[from] ability: Levitate
|
|upkeep
|
|t:|1782328408
|switch|p2b: Pacifist|Grimmsnarl, L50, M|100/100
|turn|4
|
|t:|1782328422
|move|p2b: Pacifist|Fake Out|p1b: Rotom
|-damage|p1b: Rotom|87/100
|move|p1a: Aerodactyl|Rock Slide|p2b: Pacifist|[spread] p2a,p2b
|-resisted|p2a: Dragon|1
|-damage|p2a: Dragon|83/100
|-damage|p2b: Pacifist|77/100
|cant|p1b: Rotom|flinch
|move|p2a: Dragon|Rock Slide|p1a: Aerodactyl|[spread] p1a,p1b
|-supereffective|p1a: Aerodactyl|1
|-damage|p1a: Aerodactyl|7/100
|-damage|p1b: Rotom|56/100
|-damage|p2a: Dragon|73/100|[from] item: Life Orb
|
|upkeep
|turn|5
|
|t:|1782328445
|move|p2b: Pacifist|Parting Shot|p1b: Rotom
|-unboost|p1b: Rotom|atk|1
|-unboost|p1b: Rotom|spa|1
|
|t:|1782328449
|switch|p2b: Birb|Staraptor-Mega, L50, M|100/100|[from] Parting Shot
|move|p1a: Aerodactyl|Rock Slide|p2b: Birb|[spread] p2a,p2b
|-resisted|p2a: Dragon|1
|-damage|p2a: Dragon|64/100
|-damage|p2b: Birb|80/100
|move|p1b: Rotom|Will-O-Wisp|p2a: Dragon
|-status|p2a: Dragon|brn
|move|p2a: Dragon|Rock Slide|p1b: Rotom|[spread] p1a,p1b
|-supereffective|p1a: Aerodactyl|1
|-damage|p1a: Aerodactyl|0 fnt
|-damage|p1b: Rotom|40/100
|faint|p1a: Aerodactyl
|-damage|p2a: Dragon|55/100 brn|[from] item: Life Orb
|
|-damage|p2a: Dragon|49/100 brn|[from] brn
|upkeep
|
|t:|1782328466
|switch|p1a: Meowscarada|Meowscarada, L50, F|100/100
|turn|6
|inactive|Bruvna2003 has 30 seconds left.
|
|t:|1782328495
|move|p2b: Birb|Protect|p2b: Birb
|-singleturn|p2b: Birb|Protect
|move|p1a: Meowscarada|Triple Axel|p2b: Birb
|-start|p1a: Meowscarada|typechange|Ice|[from] ability: Protean
|-activate|p2b: Birb|move: Protect
|move|p1b: Rotom|Hydro Pump|p2a: Dragon
|-crit|p2a: Dragon
|-damage|p2a: Dragon|0 fnt
|faint|p2a: Dragon
|
|-sideend|p1: scappopolo|move: Tailwind
|upkeep
|
|t:|1782328515
|switch|p2a: Pacifist|Grimmsnarl, L50, M|77/100
|turn|7
|c|Ōśåscappopolo|sry
|c|Ōśåscappopolo|again
|
|t:|1782328523
|switch|p1a: Chandelure|Chandelure, L50, F|100/100
|move|p2a: Pacifist|Fake Out|p1a: Chandelure
|-immune|p1a: Chandelure
|move|p2b: Birb|Close Combat|p1a: Chandelure
|-immune|p1a: Chandelure
|move|p1b: Rotom|Will-O-Wisp|p2b: Birb
|-status|p2b: Birb|brn
|
|-damage|p2b: Birb|74/100 brn|[from] brn
|upkeep
|turn|8
|c|ŌśåBruvna2003|what a match lol
|c|ŌśåBruvna2003|ggs
|
|t:|1782328540
|switch|p1b: Meowscarada|Meowscarada, L50, F|100/100
|detailschange|p1a: Chandelure|Chandelure-Mega, L50, F
|-mega|p1a: Chandelure|Chandelure|Chandelurite
|move|p2a: Pacifist|Parting Shot|p1a: Chandelure
|-unboost|p1a: Chandelure|atk|1
|-unboost|p1a: Chandelure|spa|1
|move|p2b: Birb|Brave Bird|p1a: Chandelure
|-damage|p1a: Chandelure|62/100
|-damage|p2b: Birb|62/100 brn|[from] Recoil
|move|p1a: Chandelure|Heat Wave|p2a: Pacifist|[spread] p2a,p2b
|-damage|p2a: Pacifist|38/100
|-damage|p2b: Birb|21/100 brn
|
|-damage|p2b: Birb|15/100 brn|[from] brn
|upkeep
|turn|9
|c|Ōśåscappopolo|i feel bad
|inactive|Bruvna2003 has 30 seconds left.
|
|t:|1782328572
|move|p2a: Pacifist|Scary Face|p1b: Meowscarada
|-hint|Since gen 7, Dark is immune to Prankster moves.
|-immune|p1b: Meowscarada
|move|p1b: Meowscarada|Triple Axel|p2b: Birb
|-start|p1b: Meowscarada|typechange|Ice|[from] ability: Protean
|-supereffective|p2b: Birb|1
|-damage|p2b: Birb|0 fnt
|faint|p2b: Birb
|-hitcount|p2: Birb|1
|move|p1a: Chandelure|Heat Wave|p2a: Pacifist
|-damage|p2a: Pacifist|0 fnt
|faint|p2a: Pacifist
|
|win|scappopolo
|c|Ōśåscappopolo|i hate these wins
|c|ŌśåBruvna2003|eh, I could've played better lol
