|j|☆asmrticuno
|j|☆onlyembers
|html|asmrticunoonlyembers    
|uhtml|bestof|Game 1 of a best-of-3
|t:|1782238060
|gametype|doubles
|player|p1|asmrticuno|roughneck-gen4|
|player|p2|onlyembers|taunie|
|gen|9
|tier|[Gen 9 Champions] VGC 2026 Reg M-B (Bo3)
|rule|Species Clause: Limit one of each Pokémon
|rule|Item Clause: Limit 1 of each item
|clearpoke
|poke|p1|Pyroar, L50, M|
|poke|p1|Sylveon, L50, F, shiny|
|poke|p1|Manectric, L50, M|
|poke|p1|Gyarados, L50, M, shiny|
|poke|p1|Zoroark-Hisui, L50, F, shiny|
|poke|p1|Whimsicott, L50, F|
|poke|p2|Torkoal, L50, F|
|poke|p2|Venusaur, L50, F|
|poke|p2|Farigiraf, L50, M|
|poke|p2|Scrafty, L50, M|
|poke|p2|Mamoswine, L50, F|
|poke|p2|Pyroar, L50, F|
|teampreview|4
|showteam|p1|Pyroar||Pyroarite|Unnerve|HeatWave,Round,WillOWisp,Protect|Timid||M|||50|]Sylveon||FairyFeather|Pixilate|HyperVoice,Round,WeatherBall,Detect|Modest||F|||50|]Manectric||Manectite|LightningRod|VoltSwitch,Snarl,Round,Protect|Timid||M|||50|]Gyarados||Leftovers|Intimidate|Waterfall,PowerWhip,DragonDance,Protect|Adamant||M|||50|]Zoroark-Hisui||ChoiceScarf|Illusion|HyperVoice,Round,BitterMalice,Flamethrower|Modest||F|||50|]Whimsicott||FocusSash|Prankster|Moonblast,Tailwind,SunnyDay,Protect|Timid||F|||50|
|showteam|p2|Torkoal||HeatRock|Drought|Eruption,WeatherBall,HelpingHand,Protect|Quiet||F|||50|]Venusaur||LifeOrb|Chlorophyll|EnergyBall,SludgeBomb,EarthPower,Protect|Modest||F|||50|]Farigiraf||SitrusBerry|ArmorTail|Psychic,Thunderbolt,TrickRoom,Protect|Quiet||M|||50|]Scrafty||Scraftinite|Intimidate|KnockOff,IcePunch,DrainPunch,FakeOut|Adamant||M|||50|]Mamoswine||FocusSash|Oblivious|HighHorsepower,RockSlide,IceShard,Protect|Jolly||F|||50|]Pyroar||Pyroarite|Unnerve|HeatWave,Overheat,Yawn,Protect|Timid||F|||50|
|
|t:|1782238283
|teamsize|p1|4
|teamsize|p2|4
|start
|switch|p1a: Sylveon|Sylveon, L50, F, shiny|100/100
|switch|p1b: Whimsicott|Whimsicott, L50, F|100/100
|switch|p2a: Scrafty|Scrafty, L50, M|100/100
|switch|p2b: Farigiraf|Farigiraf, L50, M|100/100
|-ability|p2a: Scrafty|Intimidate|boost
|-unboost|p1a: Sylveon|atk|1
|-unboost|p1b: Whimsicott|atk|1
|turn|1
|j| Cobra Mawi
|inactive|Battle timer is ON: inactive players will automatically lose when time's up. (requested by onlyembers)
|inactive|asmrticuno has 60 seconds left.
|
|t:|1782238464
|detailschange|p2a: Scrafty|Scrafty-Mega, L50, M
|-mega|p2a: Scrafty|Scrafty|Scraftinite
|-ability|p2a: Scrafty|Intimidate|boost
|-unboost|p1a: Sylveon|atk|1
|-unboost|p1b: Whimsicott|atk|1
|move|p2a: Scrafty|Fake Out|p1a: Sylveon
|-damage|p1a: Sylveon|81/100
|move|p1b: Whimsicott|Round|p2b: Farigiraf
|-damage|p2b: Farigiraf|68/100
|cant|p1a: Sylveon|flinch
|move|p2b: Farigiraf|Trick Room|p2b: Farigiraf
|-fieldstart|move: Trick Room|[of] p2b: Farigiraf
|
|upkeep
|turn|2
|inactive|asmrticuno has 30 seconds left.
|inactive|asmrticuno has 20 seconds left.
|inactive|asmrticuno has 15 seconds left.
|inactive|asmrticuno has 10 seconds left.
|
|t:|1782238514
|move|p2b: Farigiraf|Psychic|p1b: Whimsicott
|-damage|p1b: Whimsicott|30/100
|-unboost|p1b: Whimsicott|spd|1
|replace|p1b: Zoroark|Zoroark-Hisui, L50, F, shiny
|-end|p1b: Zoroark|Illusion
|move|p1a: Sylveon|Hyper Voice|p2b: Farigiraf|[spread] p2a,p2b
|-supereffective|p2a: Scrafty|2
|-damage|p2a: Scrafty|0 fnt
|-damage|p2b: Farigiraf|19/100
|-enditem|p2b: Farigiraf|Sitrus Berry|[eat]
|-heal|p2b: Farigiraf|44/100|[from] item: Sitrus Berry
|faint|p2a: Scrafty
|move|p1b: Zoroark|Round|p2b: Farigiraf
|-damage|p2b: Farigiraf|12/100
|
|upkeep
|
|t:|1782238527
|switch|p2a: Torkoal|Torkoal, L50, F|100/100
|-weather|SunnyDay|[from] ability: Drought|[of] p2a: Torkoal
|turn|3
|j| Mark o silva
|inactive|asmrticuno has 30 seconds left.
|inactive|asmrticuno has 20 seconds left.
|inactive|asmrticuno has 15 seconds left.
|
|t:|1782238570
|switch|p1b: Whimsicott|Whimsicott, L50, F|100/100
|move|p1a: Sylveon|Detect|p1a: Sylveon
|-singleturn|p1a: Sylveon|Protect
|move|p2a: Torkoal|Eruption|p1b: Whimsicott|[spread] p1b
|-activate|p1a: Sylveon|move: Protect
|-supereffective|p1b: Whimsicott|1
|-enditem|p1b: Whimsicott|Focus Sash
|-damage|p1b: Whimsicott|1/100
|move|p2b: Farigiraf|Thunderbolt|p1b: Whimsicott
|-resisted|p1b: Whimsicott|1
|-damage|p1b: Whimsicott|0 fnt
|faint|p1b: Whimsicott
|
|-weather|SunnyDay|[upkeep]
|upkeep
|
|t:|1782238586
|switch|p1b: Pyroar|Pyroar, L50, M|100/100
|-ability|p1b: Pyroar|Unnerve
|turn|4
|inactive|asmrticuno has 30 seconds left.
|inactive|asmrticuno has 20 seconds left.
|inactive|asmrticuno has 15 seconds left.
|inactive|asmrticuno has 10 seconds left.
|inactive|asmrticuno has 5 seconds left.
|
|t:|1782238636
|switch|p1b: Pyroar|Pyroar, L50, M|30/100
|move|p1a: Sylveon|Detect||[still]
|-fail|p1a: Sylveon
|move|p2a: Torkoal|Eruption|p1a: Sylveon|[spread] p1a,p1b
|-damage|p1a: Sylveon|32/100
|-damage|p1b: Pyroar|0 fnt
|replace|p1b: Zoroark|Zoroark-Hisui, L50, F, shiny
|-end|p1b: Zoroark|Illusion
|faint|p1b: Zoroark
|move|p2b: Farigiraf|Psychic|p1a: Sylveon
|-damage|p1a: Sylveon|5/100
|
|-weather|SunnyDay|[upkeep]
|upkeep
|
|t:|1782238650
|switch|p1b: Pyroar|Pyroar, L50, M|100/100
|-ability|p1b: Pyroar|Unnerve
|turn|5
|inactive|onlyembers has 30 seconds left.
|
|t:|1782238676
|move|p1a: Sylveon|Detect|p1a: Sylveon
|-singleturn|p1a: Sylveon|Protect
|move|p1b: Pyroar|Protect|p1b: Pyroar
|-singleturn|p1b: Pyroar|Protect
|move|p2a: Torkoal|Eruption|p1a: Sylveon|[spread] 
|-activate|p1a: Sylveon|move: Protect
|-activate|p1b: Pyroar|move: Protect
|move|p2b: Farigiraf|Psychic|p1b: Pyroar
|-activate|p1b: Pyroar|move: Protect
|
|-weather|SunnyDay|[upkeep]
|-fieldend|move: Trick Room
|upkeep
|turn|6
|
|t:|1782238699
|detailschange|p1b: Pyroar|Pyroar-Mega, L50, M
|-mega|p1b: Pyroar|Pyroar|Pyroarite
|move|p2a: Torkoal|Protect|p2a: Torkoal
|-singleturn|p2a: Torkoal|Protect
|move|p1b: Pyroar|Heat Wave|p2a: Torkoal|[spread] p2b
|-activate|p2a: Torkoal|move: Protect
|-damage|p2b: Farigiraf|0 fnt
|faint|p2b: Farigiraf
|move|p1a: Sylveon|Hyper Voice|p2a: Torkoal
|-activate|p2a: Torkoal|move: Protect
|
|-weather|SunnyDay|[upkeep]
|upkeep
|
|t:|1782238722
|switch|p2b: Mamoswine|Mamoswine, L50, F|100/100
|turn|7
|inactive|asmrticuno has 30 seconds left.
|
|t:|1782238752
|move|p2b: Mamoswine|Protect|p2b: Mamoswine
|-singleturn|p2b: Mamoswine|Protect
|move|p1b: Pyroar|Heat Wave|p2b: Mamoswine|[spread] p2a
|-activate|p2b: Mamoswine|move: Protect
|-resisted|p2a: Torkoal|1
|-damage|p2a: Torkoal|44/100
|move|p1a: Sylveon|Hyper Voice|p2b: Mamoswine|[spread] p2a
|-activate|p2b: Mamoswine|move: Protect
|-resisted|p2a: Torkoal|1
|-damage|p2a: Torkoal|8/100
|move|p2a: Torkoal|Weather Ball|p1a: Sylveon
|-damage|p1a: Sylveon|0 fnt
|faint|p1a: Sylveon
|
|-weather|SunnyDay|[upkeep]
|upkeep
|turn|8
|inactive|asmrticuno has 30 seconds left.
|inactive|onlyembers has 30 seconds left.
|
|t:|1782238786
|move|p2a: Torkoal|Helping Hand|p2b: Mamoswine
|-singleturn|p2b: Mamoswine|Helping Hand|[of] p2a: Torkoal
|move|p1b: Pyroar|Heat Wave|p2a: Torkoal|[spread] p2a,p2b
|-resisted|p2a: Torkoal|1
|-supereffective|p2b: Mamoswine|1
|-damage|p2a: Torkoal|0 fnt
|-enditem|p2b: Mamoswine|Focus Sash
|-damage|p2b: Mamoswine|1/100
|faint|p2a: Torkoal
|move|p2b: Mamoswine|High Horsepower|p1b: Pyroar
|-supereffective|p1b: Pyroar|1
|-damage|p1b: Pyroar|0 fnt
|faint|p1b: Pyroar
|
|win|onlyembers
|inactive|asmrticuno has 30 seconds to confirm battle start!
|inactive|onlyembers has 30 seconds to confirm battle start!
||onlyembers is ready for game 2.
|inactive|asmrticuno has 20 seconds to confirm battle start!
|inactive|asmrticuno has 10 seconds to confirm battle start!
||asmrticuno is ready for game 2.
|uhtml|next|Next: Game 2 of 3
|l| Cobra Mawi
