|j|☆paradox duck
|j|☆mb gang
|html|paradox duckmb gang    
|uhtml|bestof|Game 2 of a best-of-3
|t:|1785881241
|gametype|doubles
|player|p1|paradox duck|ghetsis|1352
|player|p2|mb gang|skier|1380
|gen|9
|tier|[Gen 9 Champions] VGC 2026 Reg M-B (Bo3)
|rated|
|rule|Species Clause: Limit one of each Pokémon
|rule|Item Clause: Limit 1 of each item
|clearpoke
|poke|p1|Garchomp, L50, F|
|poke|p1|Tyranitar, L50, M|
|poke|p1|Gholdengo, L50|
|poke|p1|Whimsicott, L50, F|
|poke|p1|Sneasler, L50, F|
|poke|p1|Floette-Eternal, L50, F|
|poke|p2|Drampa, L50, M|
|poke|p2|Kingambit, L50, M|
|poke|p2|Delphox, L50, F|
|poke|p2|Sinistcha, L50|
|poke|p2|Sneasler, L50, M|
|poke|p2|Tauros-Paldea-Aqua, L50, M|
|teampreview|4
|showteam|p1|Garchomp||Garchompite|SandVeil|EarthPower,DracoMeteor,PowerGem,Protect|Modest||F|||50|]Tyranitar||FocusSash|SandStream|RockSlide,Superpower,KnockOff,Protect|Jolly||M|||50|]Gholdengo||LifeOrb|GoodasGold|MakeItRain,ShadowBall,NastyPlot,Protect|Modest|||||50|]Whimsicott||BabiriBerry|Prankster|Moonblast,Tailwind,Encore,Protect|Timid||F|||50|]Sneasler||WhiteHerb|Unburden|CloseCombat,DireClaw,FakeOut,Protect|Jolly||F|||50|]Floette-Eternal||Floettite|FlowerVeil|Moonblast,DazzlingGleam,LightofRuin,Protect|Modest||F|||50|
|showteam|p2|Drampa||HabanBerry|CloudNine|LightScreen,Protect,HelpingHand,DracoMeteor|Sassy||M|||50|]Kingambit||BlackGlasses|Defiant|KowtowCleave,SuckerPunch,IronHead,Protect|Brave||M|||50|]Delphox||Delphoxite|Blaze|HeatWave,Psychic,CalmMind,Protect|Timid||F|||50|]Sinistcha||SitrusBerry|Hospitality|MatchaGotcha,Protect,RagePowder,TrickRoom|Relaxed|||||50|]Sneasler||FocusSash|PoisonTouch|PoisonJab,CloseCombat,FakeOut,Protect|Jolly||M|||50|]Tauros-Paldea-Aqua||ChoiceScarf|Intimidate|CloseCombat,RockSlide,WaveCrash,AquaJet|Jolly||M|||50|
|inactive|Battle timer is ON: inactive players will automatically lose when time's up. (requested by mb gang)
|inactive|paradox duck has 60 seconds left.
|inactive|mb gang has 60 seconds left.
|
|t:|1785881289
|teamsize|p1|4
|teamsize|p2|4
|start
|switch|p1a: Garchomp|Garchomp, L50, F|100/100
|switch|p1b: Whimsicott|Whimsicott, L50, F|100/100
|switch|p2a: Sinistcha|Sinistcha, L50|100/100
|switch|p2b: Delphox|Delphox, L50, F|100/100
|turn|1
|
|t:|1785881306
|detailschange|p2b: Delphox|Delphox-Mega, L50, F
|-mega|p2b: Delphox|Delphox|Delphoxite
|detailschange|p1a: Garchomp|Garchomp-Mega, L50, F
|-mega|p1a: Garchomp|Garchomp|Garchompite
|move|p2a: Sinistcha|Rage Powder|p2a: Sinistcha
|-singleturn|p2a: Sinistcha|move: Rage Powder
|move|p1b: Whimsicott|Tailwind|p1b: Whimsicott
|-sidestart|p1: paradox duck|move: Tailwind
|move|p1a: Garchomp|Power Gem|p2a: Sinistcha
|-damage|p2a: Sinistcha|70/100
|move|p2b: Delphox|Heat Wave|p1a: Garchomp|[spread] p1a,p1b
|-resisted|p1a: Garchomp|1
|-supereffective|p1b: Whimsicott|1
|-damage|p1a: Garchomp|80/100
|-damage|p1b: Whimsicott|0 fnt
|faint|p1b: Whimsicott
|
|upkeep
|
|t:|1785881319
|switch|p1b: Tyranitar|Tyranitar, L50, M|100/100
|-weather|Sandstorm|[from] ability: Sand Stream|[of] p1b: Tyranitar
|turn|2
|
|t:|1785881333
|move|p2b: Delphox|Protect|p2b: Delphox
|-singleturn|p2b: Delphox|Protect
|move|p2a: Sinistcha|Protect|p2a: Sinistcha
|-singleturn|p2a: Sinistcha|Protect
|move|p1b: Tyranitar|Knock Off|p2a: Sinistcha
|-activate|p2a: Sinistcha|move: Protect
|move|p1a: Garchomp|Power Gem|p2b: Delphox
|-activate|p2b: Delphox|move: Protect
|
|-weather|Sandstorm|[upkeep]
|-damage|p2b: Delphox|94/100|[from] Sandstorm
|-damage|p2a: Sinistcha|64/100|[from] Sandstorm
|upkeep
|turn|3
|inactive|mb gang has 30 seconds left.
|inactive|mb gang has 20 seconds left.
|
|t:|1785881369
|switch|p2b: Kingambit|Kingambit, L50, M|100/100
|move|p1b: Tyranitar|Knock Off|p2a: Sinistcha
|-supereffective|p2a: Sinistcha|1
|-damage|p2a: Sinistcha|0 fnt
|-enditem|p2a: Sinistcha|Sitrus Berry|[from] move: Knock Off|[of] p1b: Tyranitar
|faint|p2a: Sinistcha
|move|p1a: Garchomp|Power Gem|p2b: Kingambit
|-resisted|p2b: Kingambit|1
|-damage|p2b: Kingambit|83/100
|
|-weather|Sandstorm|[upkeep]
|upkeep
|
|t:|1785881386
|switch|p2a: Delphox|Delphox-Mega, L50, F|94/100
|turn|4
|
|t:|1785881392
|move|p2a: Delphox|Protect|p2a: Delphox
|-singleturn|p2a: Delphox|Protect
|move|p2b: Kingambit|Sucker Punch|p1b: Tyranitar
|-resisted|p1b: Tyranitar|1
|-damage|p1b: Tyranitar|75/100
|move|p1b: Tyranitar|Superpower|p2b: Kingambit
|-supereffective|p2b: Kingambit|2
|-damage|p2b: Kingambit|0 fnt
|-unboost|p1b: Tyranitar|atk|1
|-unboost|p1b: Tyranitar|def|1
|faint|p2b: Kingambit
|move|p1a: Garchomp|Power Gem|p2a: Delphox
|-activate|p2a: Delphox|move: Protect
|
|-weather|Sandstorm|[upkeep]
|-damage|p2a: Delphox|88/100|[from] Sandstorm
|-sideend|p1: paradox duck|move: Tailwind
|upkeep
|
|t:|1785881398
|switch|p2b: Sneasler|Sneasler, L50, M|100/100
|turn|5
|
|t:|1785881411
|move|p1a: Garchomp|Protect|p1a: Garchomp
|-singleturn|p1a: Garchomp|Protect
|move|p2a: Delphox|Psychic|p1a: Garchomp
|-activate|p1a: Garchomp|move: Protect
|move|p2b: Sneasler|Close Combat|p1a: Garchomp
|-activate|p1a: Garchomp|move: Protect
|move|p1b: Tyranitar|Knock Off|p2a: Delphox
|-supereffective|p2a: Delphox|1
|-damage|p2a: Delphox|22/100
|
|-weather|Sandstorm|[upkeep]
|-damage|p2a: Delphox|16/100|[from] Sandstorm
|-damage|p2b: Sneasler|94/100|[from] Sandstorm
|upkeep
|turn|6
|
|t:|1785881428
|move|p2a: Delphox|Psychic|p1a: Garchomp
|-damage|p1a: Garchomp|32/100
|move|p2b: Sneasler|Close Combat|p1b: Tyranitar
|-supereffective|p1b: Tyranitar|2
|-damage|p1b: Tyranitar|0 fnt
|-unboost|p2b: Sneasler|def|1
|-unboost|p2b: Sneasler|spd|1
|faint|p1b: Tyranitar
|move|p1a: Garchomp|Earth Power|p2b: Sneasler
|-supereffective|p2b: Sneasler|1
|-damage|p2b: Sneasler|0 fnt
|faint|p2b: Sneasler
|
|-weather|none
|upkeep
|
|t:|1785881432
|switch|p1b: Sneasler|Sneasler, L50, F|100/100
|turn|7
|
|t:|1785881438
|move|p2a: Delphox|Protect|p2a: Delphox
|-singleturn|p2a: Delphox|Protect
|move|p1b: Sneasler|Fake Out|p2a: Delphox
|-activate|p2a: Delphox|move: Protect
|move|p1a: Garchomp|Power Gem|p2a: Delphox
|-activate|p2a: Delphox|move: Protect
|
|upkeep
|turn|8
|
|t:|1785881444
|move|p2a: Delphox|Heat Wave|p1b: Sneasler|[spread] p1a,p1b
|-resisted|p1a: Garchomp|1
|-damage|p1a: Garchomp|14/100
|-damage|p1b: Sneasler|42/100
|-status|p1b: Sneasler|brn
|move|p1b: Sneasler|Dire Claw|p2a: Delphox
|-damage|p2a: Delphox|0 fnt
|faint|p2a: Delphox
|
|win|paradox duck
|raw|paradox duck's rating: 1352 → 1374(+22 for winning)
|raw|mb gang's rating: 1380 → 1358(-22 for losing)
