|j|☆LookBackInBanger
|j|☆femboy y plugplug
|html|LookBackInBangerfemboy y plugplug    
|uhtml|bestof|Game 2 of a best-of-3
|t:|1756161716
|gametype|doubles
|player|p1|LookBackInBanger|roxie|1109
|player|p2|femboy y plugplug|101|1089
|gen|9
|tier|[Gen 9] VGC 2025 Reg H (Bo3)
|rated|
|rule|Species Clause: Limit one of each Pokémon
|rule|Item Clause: Limit 1 of each item
|clearpoke
|poke|p1|Amoonguss, L50, F|
|poke|p1|Incineroar, L50, F|
|poke|p1|Kingambit, L50, F|
|poke|p1|Ninetales-Alola, L50, M|
|poke|p1|Garchomp, L50, M|
|poke|p1|Dragonite, L50, M|
|poke|p2|Whimsicott, L50, M|
|poke|p2|Typhlosion-Hisui, L50, M|
|poke|p2|Farigiraf, L50, F|
|poke|p2|Ursaluna-Bloodmoon, L50, M|
|poke|p2|Clefairy, L50, M|
|poke|p2|Annihilape, L50, F|
|teampreview|4
|showteam|p1|Amoonguss||SitrusBerry|Regenerator|Protect,PollenPuff,Spore,RagePowder|||F|||50|,,,,,Fairy]Incineroar||RockyHelmet|Intimidate|FakeOut,FlareBlitz,KnockOff,PartingShot|||F|||50|,,,,,Grass]Kingambit||SafetyGoggles|Defiant|KowtowCleave,SuckerPunch,SwordsDance,Protect|||F|||50|,,,,,Dark]Ninetales-Alola||ChoiceSpecs|SnowWarning|Blizzard,DazzlingGleam,FreezeDry,Moonblast|||M|||50|,,,,,Ice]Garchomp||ChoiceBand|RoughSkin|DragonClaw,Earthquake,StompingTantrum,RockSlide|||M|||50|,,,,,Steel]Dragonite||AssaultVest|Multiscale|TeraBlast,ExtremeSpeed,IceSpinner,LowKick|||M|||50|,,,,,Flying
|showteam|p2|Whimsicott||CovertCloak|Prankster|Moonblast,Tailwind,SunnyDay,BeatUp|||M|||50|,,,,,Dark]Typhlosion-Hisui||ChoiceSpecs|Blaze|Eruption,HeatWave,ShadowBall,Overheat|||M|||50|,,,,,Fire]Farigiraf||ThroatSpray|ArmorTail|HyperVoice,Psychic,Protect,TrickRoom|||F|||50|,,,,,Dragon]Ursaluna-Bloodmoon||LifeOrb|MindsEye|HyperVoice,BloodMoon,EarthPower,Protect|||M|||50|,,,,,Normal]Clefairy||Eviolite|FriendGuard|FollowMe,HelpingHand,Protect,AfterYou|||M|||50|,,,,,Steel]Annihilape||AssaultVest|Defiant|RageFist,CloseCombat,DrainPunch,FinalGambit|||F|||50|,,,,,Fire
|inactive|Battle timer is ON: inactive players will automatically lose when time's up. (requested by femboy y plugplug)
|
|t:|1756161784
|teamsize|p1|4
|teamsize|p2|4
|start
|switch|p1a: Brie|Ninetales-Alola, L50, M|100/100
|switch|p1b: Roquefort|Garchomp, L50, M|100/100
|switch|p2a: Whimsicott|Whimsicott, L50, M|100/100
|switch|p2b: Typhlosion|Typhlosion-Hisui, L50, M|100/100
|-weather|Snowscape|[from] ability: Snow Warning|[of] p1a: Brie
|turn|1
|inactive|LookBackInBanger has 30 seconds left.
|inactive|LookBackInBanger has 20 seconds left.
|inactive|LookBackInBanger has 15 seconds left.
|inactive|LookBackInBanger has 10 seconds left.
|inactive|LookBackInBanger has 5 seconds left.
|
|t:|1756161834
|switch|p1a: Mozzarella|Dragonite, L50, M|100/100
|-terastallize|p2b: Typhlosion|Fire
|move|p2a: Whimsicott|Tailwind|p2a: Whimsicott
|-sidestart|p2: femboy y plugplug|move: Tailwind
|move|p2b: Typhlosion|Eruption|p1a: Mozzarella|[spread] p1a,p1b
|-resisted|p1a: Mozzarella
|-resisted|p1b: Roquefort
|-damage|p1a: Mozzarella|81/100
|-damage|p1b: Roquefort|42/100
|move|p1b: Roquefort|Earthquake|p2b: Typhlosion|[spread] p2a,p2b
|-immune|p1a: Mozzarella
|-resisted|p2a: Whimsicott
|-supereffective|p2b: Typhlosion
|-damage|p2a: Whimsicott|69/100
|-damage|p2b: Typhlosion|0 fnt
|faint|p2b: Typhlosion
|
|-weather|Snowscape|[upkeep]
|upkeep
|
|t:|1756161853
|switch|p2b: Annihilape|Annihilape, L50, F|100/100
|turn|2
|inactive|LookBackInBanger has 30 seconds left.
|inactive|femboy y plugplug has 30 seconds left.
|inactive|LookBackInBanger has 20 seconds left.
|inactive|femboy y plugplug has 20 seconds left.
|inactive|LookBackInBanger has 15 seconds left.
|inactive|LookBackInBanger has 10 seconds left.
|inactive|LookBackInBanger has 5 seconds left.
|
|t:|1756161907
|switch|p1a: Cheddar|Incineroar, L50, F|100/100
|-ability|p1a: Cheddar|Intimidate|boost
|-unboost|p2a: Whimsicott|atk|1
|-unboost|p2b: Annihilape|atk|1
|-ability|p2b: Annihilape|Defiant|boost
|-boost|p2b: Annihilape|atk|2
|move|p2a: Whimsicott|Beat Up|p2b: Annihilape
|-damage|p2b: Annihilape|99/100
|-damage|p2b: Annihilape|97/100
|-damage|p2b: Annihilape|96/100
|-hitcount|p2b: Annihilape|3
|move|p2b: Annihilape|Rage Fist|p1a: Cheddar
|-resisted|p1a: Cheddar
|-damage|p1a: Cheddar|36/100
|-damage|p2b: Annihilape|79/100|[from] item: Rocky Helmet|[of] p1a: Cheddar
|move|p1b: Roquefort|Earthquake|p2b: Annihilape|[spread] p1a,p2a,p2b
|-supereffective|p1a: Cheddar
|-resisted|p2a: Whimsicott
|-damage|p1a: Cheddar|0 fnt
|-damage|p2a: Whimsicott|41/100
|-damage|p2b: Annihilape|19/100
|faint|p1a: Cheddar
|
|-weather|Snowscape|[upkeep]
|upkeep
|
|t:|1756161932
|switch|p1a: Mozzarella|Dragonite, L50, M|81/100
|turn|3
|inactive|LookBackInBanger has 30 seconds left.
|
|t:|1756161966
|switch|p2b: Clefairy|Clefairy, L50, M|100/100
|-terastallize|p1b: Roquefort|Steel
|move|p1a: Mozzarella|Extreme Speed|p2a: Whimsicott
|-damage|p2a: Whimsicott|18/100
|move|p2a: Whimsicott|Moonblast|p1b: Roquefort
|-resisted|p1b: Roquefort
|-damage|p1b: Roquefort|28/100
|move|p1b: Roquefort|Earthquake|p2b: Clefairy|[spread] p2a,p2b
|-immune|p1a: Mozzarella
|-resisted|p2a: Whimsicott
|-damage|p2a: Whimsicott|0 fnt
|-damage|p2b: Clefairy|54/100
|faint|p2a: Whimsicott
|
|-weather|Snowscape|[upkeep]
|upkeep
|
|t:|1756161981
|switch|p2a: Annihilape|Annihilape, L50, F|19/100
|turn|4
|inactive|LookBackInBanger has 30 seconds left.
|inactive|LookBackInBanger has 20 seconds left.
|
|t:|1756162021
|move|p1a: Mozzarella|Extreme Speed|p2b: Clefairy
|-damage|p2b: Clefairy|29/100
|move|p2b: Clefairy|Follow Me|p2b: Clefairy
|-singleturn|p2b: Clefairy|move: Follow Me
|move|p2a: Annihilape|Drain Punch|p1b: Roquefort
|-supereffective|p1b: Roquefort
|-damage|p1b: Roquefort|0 fnt
|-heal|p2a: Annihilape|32/100|[from] drain|[of] p1b: Roquefort
|-damage|p2a: Annihilape|20/100|[from] ability: Rough Skin|[of] p1b: Roquefort
|faint|p1b: Roquefort
|
|-weather|Snowscape|[upkeep]
|-sideend|p2: femboy y plugplug|move: Tailwind
|upkeep
|
|t:|1756162033
|switch|p1b: Brie|Ninetales-Alola, L50, M|100/100
|turn|5
|
|t:|1756162054
|move|p1a: Mozzarella|Extreme Speed|p2b: Clefairy
|-damage|p2b: Clefairy|5/100
|move|p2b: Clefairy|Follow Me|p2b: Clefairy
|-singleturn|p2b: Clefairy|move: Follow Me
|move|p1b: Brie|Dazzling Gleam|p2b: Clefairy|[spread] p2a,p2b
|-supereffective|p2a: Annihilape
|-damage|p2a: Annihilape|0 fnt
|-damage|p2b: Clefairy|0 fnt
|faint|p2a: Annihilape
|faint|p2b: Clefairy
|
|win|LookBackInBanger
|inactive|LookBackInBanger has 30 seconds to confirm battle start!
|inactive|femboy y plugplug has 30 seconds to confirm battle start!
||LookBackInBanger is ready for game 3.
||femboy y plugplug is ready for game 3.
|uhtml|next|Next: Game 3 of 3
