|j|☆fidelillo
|j|☆AN555GEL
|html|fidelilloAN555GEL    
|uhtml|bestof|Game 1 of a best-of-3
|t:|1756317786
|gametype|doubles
|player|p1|fidelillo|silver|1166
|player|p2|AN555GEL|101|1093
|gen|9
|tier|[Gen 9] VGC 2025 Reg H (Bo3)
|rated|
|rule|Species Clause: Limit one of each Pokémon
|rule|Item Clause: Limit 1 of each item
|clearpoke
|poke|p1|Torkoal, L50, M|
|poke|p1|Indeedee-F, L50, F|
|poke|p1|Hatterene, L50, F|
|poke|p1|Ursaluna, L50, F|
|poke|p1|Gallade, L50, M|
|poke|p1|Annihilape, L50, M|
|poke|p2|Archaludon, L50, M|
|poke|p2|Basculegion, L50, M|
|poke|p2|Pelipper, L50, M|
|poke|p2|Incineroar, L50, M|
|poke|p2|Clefable, L50, F|
|poke|p2|Gholdengo, L50|
|teampreview|4
|showteam|p1|Torkoal||ChoiceSpecs|Drought|Eruption,WeatherBall,SolarBeam,HeatWave|||M|||50|,,,,,Fire]Indeedee-F||PsychicSeed|PsychicSurge|TrickRoom,HelpingHand,FollowMe,Psychic|||F|||50|,,,,,Grass]Hatterene||LifeOrb|MagicBounce|DazzlingGleam,ExpandingForce,Psyshock,TrickRoom|||F|||50|,,,,,Dragon]Ursaluna||FlameOrb|Guts|Facade,Earthquake,HeadlongRush,Protect|||F|||50|,,,,,Ghost]Gallade||ClearAmulet|Steadfast|TrickRoom,SacredSword,PsychoCut,WideGuard|||M|||50|,,,,,Grass]Annihilape||ChoiceScarf|Defiant|FinalGambit,CloseCombat,RageFist,Uturn|||M|||50|,,,,,Fighting
|showteam|p2|Archaludon||AssaultVest|Stamina|ElectroShot,BodyPress,DragonPulse,Snarl|||M|||50|,,,,,Grass]Basculegion||ChoiceBand|SwiftSwim|AquaJet,WaveCrash,FlipTurn,LastRespects|||M|||50|,,,,,Water]Pelipper||FocusSash|Drizzle|WeatherBall,Hurricane,Tailwind,Protect|||M|||50|,,,,,Ghost]Incineroar||SitrusBerry|Intimidate|FakeOut,KnockOff,Taunt,PartingShot|||M|||50|,,,,,Ghost]Clefable||SafetyGoggles|Unaware|Moonblast,FollowMe,Protect,LifeDew|||F|||50|,,,,,Water]Gholdengo||LifeOrb|GoodasGold|MakeItRain,NastyPlot,ShadowBall,Protect||||||50|,,,,,Water
|inactive|Battle timer is ON: inactive players will automatically lose when time's up. (requested by fidelillo)
|l|☆fidelillo
|inactive|fidelillo disconnected and has a minute to reconnect!
|player|p1|
|inactive|AN555GEL has 60 seconds left.
|j|☆fidelillo
|inactive|fidelillo reconnected.
|player|p1|fidelillo|silver|
|
|t:|1756317830
|teamsize|p1|4
|teamsize|p2|4
|start
|switch|p1a: Hatterene|Hatterene, L50, F|100/100
|switch|p1b: Indeedee|Indeedee-F, L50, F|100/100
|switch|p2a: Incineroar|Incineroar, L50, M, shiny|100/100
|switch|p2b: Archaludon|Archaludon, L50, M|100/100
|-fieldstart|move: Psychic Terrain|[from] ability: Psychic Surge|[of] p1b: Indeedee
|-enditem|p1b: Indeedee|Psychic Seed
|-boost|p1b: Indeedee|spd|1|[from] item: Psychic Seed
|-ability|p2a: Incineroar|Intimidate|boost
|-unboost|p1a: Hatterene|atk|1
|-unboost|p1b: Indeedee|atk|1
|turn|1
|inactive|fidelillo has 30 seconds left.
|inactive|fidelillo has 20 seconds left.
|
|t:|1756317866
|-terastallize|p1a: Hatterene|Dragon
|move|p2b: Archaludon|Snarl|p1b: Indeedee|[spread] p1b
|-miss|p2b: Archaludon|p1a: Hatterene
|-supereffective|p1b: Indeedee
|-damage|p1b: Indeedee|85/100
|-unboost|p1b: Indeedee|spa|1
|move|p2a: Incineroar|Taunt|p1b: Indeedee
|-start|p1b: Indeedee|move: Taunt
|move|p1a: Hatterene|Expanding Force|p2a: Incineroar|[spread] p2b
|-immune|p2a: Incineroar
|-resisted|p2b: Archaludon
|-damage|p2b: Archaludon|67/100
|-ability|p2b: Archaludon|Stamina|boost
|-boost|p2b: Archaludon|def|1
|-damage|p1a: Hatterene|91/100|[from] item: Life Orb
|cant|p1b: Indeedee|move: Taunt|Trick Room
|
|upkeep
|turn|2
|l|☆fidelillo
|inactive|fidelillo disconnected and has a minute to reconnect!
|player|p1|
|j|☆fidelillo
|inactive|fidelillo reconnected and has 35 seconds left.
|player|p1|fidelillo|silver|
|inactive|fidelillo has 30 seconds left.
|
|t:|1756317896
|switch|p1a: Ursaluna|Ursaluna, L50, F|100/100
|move|p2b: Archaludon|Dragon Pulse|p1a: Ursaluna
|-damage|p1a: Ursaluna|62/100
|move|p1b: Indeedee|Psychic|p2b: Archaludon
|-resisted|p2b: Archaludon
|-damage|p2b: Archaludon|57/100
|-ability|p2b: Archaludon|Stamina|boost
|-boost|p2b: Archaludon|def|1
|move|p2a: Incineroar|Knock Off|p1b: Indeedee
|-supereffective|p1b: Indeedee
|-damage|p1b: Indeedee|34/100
|
|-status|p1a: Ursaluna|brn|[from] item: Flame Orb
|upkeep
|turn|3
|l|☆fidelillo
|inactive|fidelillo disconnected and has a minute to reconnect!
|player|p1|
|j|☆fidelillo
|inactive|fidelillo reconnected and has 35 seconds left.
|player|p1|fidelillo|silver|
|inactive|fidelillo has 30 seconds left.
|
|t:|1756317927
|move|p2b: Archaludon|Body Press|p1a: Ursaluna
|-supereffective|p1a: Ursaluna
|-damage|p1a: Ursaluna|0 fnt
|faint|p1a: Ursaluna
|move|p1b: Indeedee|Psychic|p2b: Archaludon
|-resisted|p2b: Archaludon
|-damage|p2b: Archaludon|47/100
|-ability|p2b: Archaludon|Stamina|boost
|-boost|p2b: Archaludon|def|1
|move|p2a: Incineroar|Knock Off|p1b: Indeedee
|-supereffective|p1b: Indeedee
|-damage|p1b: Indeedee|0 fnt
|faint|p1b: Indeedee
|
|upkeep
|
|t:|1756317931
|switch|p1b: Torkoal|Torkoal, L50, M|100/100
|switch|p1a: Hatterene|Hatterene, L50, F, tera:Dragon|91/100
|-weather|SunnyDay|[from] ability: Drought|[of] p1b: Torkoal
|turn|4
|
|t:|1756317946
|move|p2b: Archaludon|Dragon Pulse|p1a: Hatterene
|-supereffective|p1a: Hatterene
|-damage|p1a: Hatterene|9/100
|move|p2a: Incineroar|Parting Shot|p1b: Torkoal
|-unboost|p1b: Torkoal|atk|1
|-unboost|p1b: Torkoal|spa|1
|
|t:|1756317949
|switch|p2a: Pelipper|Pelipper, L50, M, shiny|100/100|[from] Parting Shot
|-weather|RainDance|[from] ability: Drizzle|[of] p2a: Pelipper
|move|p1b: Torkoal|Heat Wave|p2b: Archaludon|[spread] p2a,p2b
|-resisted|p2a: Pelipper
|-damage|p2a: Pelipper|87/100
|-damage|p2b: Archaludon|36/100
|-ability|p2b: Archaludon|Stamina|boost
|-boost|p2b: Archaludon|def|1
|move|p1a: Hatterene|Trick Room|p1a: Hatterene
|-fieldstart|move: Trick Room|[of] p1a: Hatterene
|
|-weather|RainDance|[upkeep]
|upkeep
|turn|5
|
|t:|1756317964
|switch|p2a: Incineroar|Incineroar, L50, M, shiny|100/100
|-ability|p2a: Incineroar|Intimidate|boost
|-unboost|p1a: Hatterene|atk|1
|-unboost|p1b: Torkoal|atk|1
|move|p1b: Torkoal|Heat Wave|p2a: Incineroar|[spread] p2a,p2b
|-resisted|p2a: Incineroar
|-damage|p2a: Incineroar|95/100
|-damage|p2b: Archaludon|26/100
|-ability|p2b: Archaludon|Stamina|boost
|-boost|p2b: Archaludon|def|1
|move|p1a: Hatterene|Expanding Force|p2a: Incineroar|[spread] p2b
|-immune|p2a: Incineroar
|-resisted|p2b: Archaludon
|-damage|p2b: Archaludon|0 fnt
|faint|p2b: Archaludon
|-damage|p1a: Hatterene|0 fnt|[from] item: Life Orb
|faint|p1a: Hatterene
|
|-weather|RainDance|[upkeep]
|-fieldend|move: Psychic Terrain
|upkeep
|l|☆fidelillo
|inactive|fidelillo disconnected and has a minute to reconnect!
|player|p1|
|
|t:|1756317980
|switch|p2b: Gholdengo|Gholdengo, L50|100/100
|turn|6
|j|☆fidelillo
|inactive|fidelillo reconnected and has 50 seconds left.
|player|p1|fidelillo|silver|
|
|t:|1756317993
|move|p2a: Incineroar|Fake Out|p1b: Torkoal
|-damage|p1b: Torkoal|93/100
|cant|p1b: Torkoal|flinch
|move|p2b: Gholdengo|Shadow Ball|p1b: Torkoal
|-damage|p1b: Torkoal|24/100
|-damage|p2b: Gholdengo|91/100|[from] item: Life Orb
|
|-weather|RainDance|[upkeep]
|upkeep
|turn|7
|
|t:|1756318012
|-terastallize|p2b: Gholdengo|Water
|move|p1b: Torkoal|Heat Wave|p2b: Gholdengo|[spread] p2a,p2b
|-resisted|p2a: Incineroar
|-resisted|p2b: Gholdengo
|-damage|p2a: Incineroar|89/100
|-damage|p2b: Gholdengo|84/100
|move|p2a: Incineroar|Knock Off|p1b: Torkoal
|-damage|p1b: Torkoal|0 fnt
|-enditem|p1b: Torkoal|Choice Specs|[from] move: Knock Off|[of] p2a: Incineroar
|faint|p1b: Torkoal
|
|win|AN555GEL
||AN555GEL is ready for game 2.
||fidelillo is ready for game 2.
|uhtml|next|Next: Game 2 of 3
|l|☆fidelillo
|player|p1|
