|j|☆arcanedniall
|j|☆bitesthedust69
|html|arcanedniallbitesthedust69    
|uhtml|bestof|Game 1 of a best-of-3
|t:|1757637964
|gametype|doubles
|player|p1|arcanedniall|janitor|1139
|player|p2|bitesthedust69|dawn-gen4pt|1056
|gen|9
|tier|[Gen 9] VGC 2025 Reg H (Bo3)
|rated|
|rule|Species Clause: Limit one of each Pokémon
|rule|Item Clause: Limit 1 of each item
|clearpoke
|poke|p1|Rillaboom, L50, M|
|poke|p1|Porygon2, L50|
|poke|p1|Hawlucha, L50, M|
|poke|p1|Volcarona, L50, M|
|poke|p1|Dragonite, L50, F|
|poke|p1|Ursaluna-Bloodmoon, L50, M|
|poke|p2|Archaludon, L50, F|
|poke|p2|Politoed, L50, M|
|poke|p2|Porygon2, L50|
|poke|p2|Ursaluna, L50, F|
|poke|p2|Maushold, L50|
|poke|p2|Meowscarada, L50, F|
|teampreview|4
|showteam|p1|Rillaboom||AssaultVest|GrassySurge|FakeOut,GrassyGlide,WoodHammer,Uturn|||M|||50|,,,,,Fire]Porygon2||Eviolite|Download|IceBeam,Thunderbolt,Recover,TrickRoom||||||50|,,,,,Normal]Hawlucha||GrassySeed|Unburden|Acrobatics,BodyPress,Encore,Protect|||M|||50|,,,,,Grass]Volcarona||CovertCloak|FlameBody|HeatWave,BugBuzz,RagePowder,QuiverDance|||M|||50|,,,,,Ground]Dragonite||LoadedDice|InnerFocus|ExtremeSpeed,ScaleShot,Haze,Protect|||F|||50|,,,,,Normal]Ursaluna-Bloodmoon||LifeOrb|MindsEye|BloodMoon,EarthPower,HyperVoice,Protect|||M|||50|,,,,,Normal
|showteam|p2|Archaludon||AssaultVest|Stamina|BodyPress,FlashCannon,ElectroShot,DragonPulse|||F|||50|,,,,,Flying]Politoed||SitrusBerry|Drizzle|HelpingHand,Protect,WeatherBall,IceBeam|||M|||50|,,,,,Grass]Porygon2||Eviolite|Download|TrickRoom,TriAttack,IceBeam,Recover||||||50|,,,,,Ghost]Ursaluna||FlameOrb|Guts|HeadlongRush,Facade,CloseCombat,Protect|||F|||50|,,,,,Grass]Maushold||WideLens|Technician|PopulationBomb,BulletSeed,Encore,Protect||||||50|,,,,,Ghost]Meowscarada||FocusSash|Overgrow|FlowerTrick,KnockOff,Taunt,Uturn|||F|||50|,,,,,Ghost
|inactive|Battle timer is ON: inactive players will automatically lose when time's up. (requested by bitesthedust69)
|inactive|arcanedniall has 60 seconds left.
|inactive|bitesthedust69 has 60 seconds left.
|
|t:|1757638004
|teamsize|p1|4
|teamsize|p2|4
|start
|switch|p1a: Porygon2|Porygon2, L50|100/100
|switch|p1b: Ursaluna|Ursaluna-Bloodmoon, L50, M|100/100
|switch|p2a: Meowscarada|Meowscarada, L50, F|100/100
|switch|p2b: Politoed|Politoed, L50, M, shiny|100/100
|-weather|RainDance|[from] ability: Drizzle|[of] p2b: Politoed
|-ability|p1a: Porygon2|Download|boost
|-boost|p1a: Porygon2|atk|1
|turn|1
|inactive|arcanedniall has 30 seconds left.
|
|t:|1757638038
|switch|p1a: Volcarona|Volcarona, L50, M|100/100
|move|p2a: Meowscarada|Knock Off|p1a: Volcarona
|-damage|p1a: Volcarona|52/100
|-status|p2a: Meowscarada|brn|[from] ability: Flame Body|[of] p1a: Volcarona
|-enditem|p1a: Volcarona|Covert Cloak|[from] move: Knock Off|[of] p2a: Meowscarada
|move|p2b: Politoed|Weather Ball|p1a: Volcarona
|-supereffective|p1a: Volcarona
|-damage|p1a: Volcarona|0 fnt
|faint|p1a: Volcarona
|move|p1b: Ursaluna|Hyper Voice|p2a: Meowscarada|[spread] p2a,p2b
|-damage|p2a: Meowscarada|17/100 brn
|-damage|p2b: Politoed|63/100
|-damage|p1b: Ursaluna|91/100|[from] item: Life Orb
|
|-weather|RainDance|[upkeep]
|-damage|p2a: Meowscarada|11/100 brn|[from] brn
|upkeep
|
|t:|1757638058
|switch|p1a: Rillaboom|Rillaboom, L50, M|100/100
|-fieldstart|move: Grassy Terrain|[from] ability: Grassy Surge|[of] p1a: Rillaboom
|turn|2
|
|t:|1757638075
|move|p1a: Rillaboom|Fake Out|p2b: Politoed
|-damage|p2b: Politoed|45/100
|-enditem|p2b: Politoed|Sitrus Berry|[eat]
|-heal|p2b: Politoed|70/100|[from] item: Sitrus Berry
|move|p2a: Meowscarada|Flower Trick|p1b: Ursaluna
|-supereffective|p1b: Ursaluna
|-crit|p1b: Ursaluna
|-damage|p1b: Ursaluna|27/100
|cant|p2b: Politoed|flinch
|move|p1b: Ursaluna|Earth Power|p2a: Meowscarada
|-resisted|p2a: Meowscarada
|-damage|p2a: Meowscarada|0 fnt
|faint|p2a: Meowscarada
|-damage|p1b: Ursaluna|18/100|[from] item: Life Orb
|
|-weather|RainDance|[upkeep]
|-heal|p2b: Politoed|76/100|[from] Grassy Terrain
|-heal|p1b: Ursaluna|24/100|[from] Grassy Terrain
|upkeep
|
|t:|1757638099
|switch|p2a: Archaludon|Archaludon, L50, F|100/100
|turn|3
|
|t:|1757638123
|move|p1b: Ursaluna|Protect|p1b: Ursaluna
|-singleturn|p1b: Ursaluna|Protect
|move|p1a: Rillaboom|U-turn|p2b: Politoed
|-damage|p2b: Politoed|47/100
|
|t:|1757638134
|switch|p1a: Porygon2|Porygon2, L50|100/100|[from] U-turn
|-ability|p1a: Porygon2|Download|boost
|-boost|p1a: Porygon2|atk|1
|move|p2a: Archaludon|Dragon Pulse|p1b: Ursaluna
|-activate|p1b: Ursaluna|move: Protect
|move|p2b: Politoed|Ice Beam|p1a: Porygon2
|-damage|p1a: Porygon2|88/100
|
|-weather|RainDance|[upkeep]
|-heal|p2b: Politoed|53/100|[from] Grassy Terrain
|-heal|p1a: Porygon2|94/100|[from] Grassy Terrain
|-heal|p1b: Ursaluna|30/100|[from] Grassy Terrain
|upkeep
|turn|4
|inactive|arcanedniall has 30 seconds left.
|
|t:|1757638160
|move|p1b: Ursaluna|Protect||[still]
|-fail|p1b: Ursaluna
|move|p2b: Politoed|Weather Ball|p1b: Ursaluna
|-supereffective|p1b: Ursaluna
|-damage|p1b: Ursaluna|0 fnt
|faint|p1b: Ursaluna
|move|p2a: Archaludon|Electro Shot||[still]
|-prepare|p2a: Archaludon|Electro Shot
|-boost|p2a: Archaludon|spa|1
|-anim|p2a: Archaludon|Electro Shot|p1a: Porygon2
|-damage|p1a: Porygon2|52/100
|move|p1a: Porygon2|Trick Room|p1a: Porygon2
|-fieldstart|move: Trick Room|[of] p1a: Porygon2
|
|-weather|RainDance|[upkeep]
|-heal|p1a: Porygon2|58/100|[from] Grassy Terrain
|-heal|p2b: Politoed|58/100|[from] Grassy Terrain
|upkeep
|
|t:|1757638177
|switch|p1b: Rillaboom|Rillaboom, L50, M|100/100
|turn|5
|inactive|bitesthedust69 has 30 seconds left.
|
|t:|1757638208
|move|p1b: Rillaboom|Fake Out|p2b: Politoed
|-damage|p2b: Politoed|41/100
|move|p1a: Porygon2|Recover|p1a: Porygon2
|-heal|p1a: Porygon2|100/100
|cant|p2b: Politoed|flinch
|move|p2a: Archaludon|Body Press|p1a: Porygon2
|-supereffective|p1a: Porygon2
|-damage|p1a: Porygon2|73/100
|
|-weather|none
|-heal|p1a: Porygon2|80/100|[from] Grassy Terrain
|-heal|p2b: Politoed|47/100|[from] Grassy Terrain
|upkeep
|turn|6
|inactive|bitesthedust69 has 30 seconds left.
|
|t:|1757638238
|move|p2b: Politoed|Helping Hand|p2a: Archaludon
|-singleturn|p2a: Archaludon|Helping Hand|[of] p2b: Politoed
|move|p1b: Rillaboom|Grassy Glide|p2b: Politoed
|-supereffective|p2b: Politoed
|-damage|p2b: Politoed|0 fnt
|faint|p2b: Politoed
|move|p1a: Porygon2|Thunderbolt|p2a: Archaludon
|-resisted|p2a: Archaludon
|-damage|p2a: Archaludon|90/100
|-ability|p2a: Archaludon|Stamina|boost
|-boost|p2a: Archaludon|def|1
|move|p2a: Archaludon|Dragon Pulse|p1a: Porygon2
|-damage|p1a: Porygon2|24/100
|
|-heal|p1a: Porygon2|31/100|[from] Grassy Terrain
|-heal|p2a: Archaludon|97/100|[from] Grassy Terrain
|-fieldend|move: Grassy Terrain
|upkeep
|
|t:|1757638259
|switch|p2b: Maushold|Maushold, L50|100/100
|turn|7
|inactive|bitesthedust69 has 30 seconds left.
|
|t:|1757638290
|move|p1a: Porygon2|Recover|p1a: Porygon2
|-heal|p1a: Porygon2|81/100
|move|p2a: Archaludon|Body Press|p1a: Porygon2
|-supereffective|p1a: Porygon2
|-damage|p1a: Porygon2|39/100
|move|p1b: Rillaboom|Wood Hammer|p2b: Maushold
|-damage|p2b: Maushold|0 fnt
|faint|p2b: Maushold
|-damage|p1b: Rillaboom|77/100|[from] Recoil
|
|upkeep
|turn|8
|
|t:|1757638315
|move|p1a: Porygon2|Recover|p1a: Porygon2
|-heal|p1a: Porygon2|89/100
|move|p2a: Archaludon|Dragon Pulse|p1b: Rillaboom
|-damage|p1b: Rillaboom|19/100
|move|p1b: Rillaboom|Wood Hammer|p2a: Archaludon
|-resisted|p2a: Archaludon
|-damage|p2a: Archaludon|88/100
|-ability|p2a: Archaludon|Stamina|boost
|-boost|p2a: Archaludon|def|1
|-damage|p1b: Rillaboom|16/100|[from] Recoil
|
|-fieldend|move: Trick Room
|upkeep
|turn|9
|
|t:|1757638333
|move|p1b: Rillaboom|Wood Hammer|p2a: Archaludon
|-resisted|p2a: Archaludon
|-damage|p2a: Archaludon|81/100
|-ability|p2a: Archaludon|Stamina|boost
|-boost|p2a: Archaludon|def|1
|-damage|p1b: Rillaboom|15/100|[from] Recoil
|move|p2a: Archaludon|Dragon Pulse|p1b: Rillaboom
|-damage|p1b: Rillaboom|0 fnt
|faint|p1b: Rillaboom
|move|p1a: Porygon2|Ice Beam|p2a: Archaludon
|-damage|p2a: Archaludon|62/100
|-ability|p2a: Archaludon|Stamina|boost
|-boost|p2a: Archaludon|def|1
|
|upkeep
|turn|10
|
|t:|1757638352
|move|p2a: Archaludon|Body Press|p1a: Porygon2
|-supereffective|p1a: Porygon2
|-damage|p1a: Porygon2|0 fnt
|faint|p1a: Porygon2
|
|win|bitesthedust69
||bitesthedust69 is ready for game 2.
||arcanedniall is ready for game 2.
|uhtml|next|Next: Game 2 of 3
