|j|☆megaurshifuplease
|j|☆zin wanna winn
|html|megaurshifupleasezin wanna winn    
|uhtml|bestof|Game 1 of a best-of-3
|t:|1783158701
|gametype|doubles
|player|p1|megaurshifuplease|red|1128
|player|p2|zin wanna winn|iris-gen5bw2|1000
|gen|9
|tier|[Gen 9 Champions] VGC 2026 Reg M-B (Bo3)
|rated|
|rule|Species Clause: Limit one of each Pokémon
|rule|Item Clause: Limit 1 of each item
|clearpoke
|poke|p1|Mawile, L50, M|
|poke|p1|Sinistcha-Masterpiece, L50|
|poke|p1|Incineroar, L50, F|
|poke|p1|Grimmsnarl, L50, M|
|poke|p1|Garchomp, L50, F|
|poke|p1|Annihilape, L50, M|
|poke|p2|Charizard, L50, M|
|poke|p2|Whimsicott, L50, F|
|poke|p2|Milotic, L50, F|
|poke|p2|Sinistcha-Masterpiece, L50|
|poke|p2|Aegislash, L50, M|
|poke|p2|Garchomp, L50, M|
|teampreview|4
|showteam|p1|Mawile||Mawilite|Intimidate|PlayRough,SuckerPunch,SwordsDance,Protect|Adamant||M|||50|]Sinistcha-Masterpiece||KasibBerry|Hospitality|LifeDew,TrickRoom,RagePowder,MatchaGotcha|Bold|||||50|]Incineroar||PasshoBerry|Intimidate|FakeOut,ThroatChop,FlareBlitz,PartingShot|Adamant||F|||50|]Grimmsnarl||LightClay|Prankster|PartingShot,Reflect,LightScreen,SpiritBreak|Careful||M|||50|]Garchomp||ChoiceScarf|RoughSkin|Earthquake,DragonClaw,RockTomb,StompingTantrum|Adamant||F|||50|]Annihilape||SitrusBerry|Defiant|RageFist,DrainPunch,BulkUp,Protect|Adamant||M|||50|
|showteam|p2|Charizard||CharizarditeX|SolarPower|DragonClaw,Protect,RockSlide,FlareBlitz|Adamant||M|||50|]Whimsicott||FocusSash|Prankster|Tailwind,Encore,Moonblast,SunnyDay|Timid||F|||50|]Milotic||Leftovers|Competitive|Coil,Hypnosis,Scald,IcyWind|Calm||F|||50|]Sinistcha-Masterpiece||SitrusBerry|Hospitality|MatchaGotcha,RagePowder,LifeDew,ShadowBall|Bold|||||50|]Aegislash||ExpertBelt|StanceChange|CloseCombat,KingsShield,IronHead,WideGuard|Serious||M|||50|]Garchomp||ChoiceScarf|RoughSkin|Earthquake,DragonClaw,Protect,RockSlide|Adamant||M|||50|
|inactive|Battle timer is ON: inactive players will automatically lose when time's up. (requested by megaurshifuplease)
|inactive|megaurshifuplease has 60 seconds left.
|inactive|zin wanna winn has 60 seconds left.
|inactive|megaurshifuplease has 30 seconds left.
|inactive|megaurshifuplease has 20 seconds left.
|inactive|megaurshifuplease has 15 seconds left.
|inactive|megaurshifuplease has 10 seconds left.
|inactive|megaurshifuplease has 5 seconds left.
|
|t:|1783158790
|teamsize|p1|4
|teamsize|p2|4
|start
|switch|p1a: Garchomp|Garchomp, L50, F|100/100
|switch|p1b: Mawile|Mawile, L50, M|100/100
|switch|p2a: Charizard|Charizard, L50, M|100/100
|switch|p2b: Whimsicott|Whimsicott, L50, F|100/100
|-ability|p1b: Mawile|Intimidate|boost
|-unboost|p2a: Charizard|atk|1
|-unboost|p2b: Whimsicott|atk|1
|turn|1
|inactive|megaurshifuplease has 30 seconds left.
|
|t:|1783158824
|detailschange|p2a: Charizard|Charizard-Mega-X, L50, M
|-mega|p2a: Charizard|Charizard|Charizardite X
|detailschange|p1b: Mawile|Mawile-Mega, L50, M
|-mega|p1b: Mawile|Mawile|Mawilite
|move|p1b: Mawile|Protect|p1b: Mawile
|-singleturn|p1b: Mawile|Protect
|move|p2b: Whimsicott|Tailwind|p2b: Whimsicott
|-sidestart|p2: zin wanna winn|move: Tailwind
|move|p2a: Charizard|Dragon Claw|p1a: Garchomp
|-supereffective|p1a: Garchomp|1
|-damage|p1a: Garchomp|22/100
|-damage|p2a: Charizard|87/100|[from] ability: Rough Skin|[of] p1a: Garchomp
|move|p1a: Garchomp|Dragon Claw|p2a: Charizard
|-supereffective|p2a: Charizard|1
|-damage|p2a: Charizard|0 fnt
|faint|p2a: Charizard
|
|upkeep
|
|t:|1783158840
|switch|p2a: Milotic|Milotic, L50, F|100/100
|turn|2
|
|t:|1783158862
|switch|p1a: Grimmsnarl|Grimmsnarl, L50, M|100/100
|switch|p1b: Annihilape|Annihilape, L50, M|100/100
|move|p2b: Whimsicott|Encore||[still]
|-fail|p2b: Whimsicott
|move|p2a: Milotic|Icy Wind|p1b: Annihilape|[spread] p1a,p1b
|-damage|p1a: Grimmsnarl|92/100
|-damage|p1b: Annihilape|92/100
|-unboost|p1a: Grimmsnarl|spe|1
|-unboost|p1b: Annihilape|spe|1
|-ability|p1b: Annihilape|Defiant|boost
|-boost|p1b: Annihilape|atk|2
|
|upkeep
|turn|3
|inactive|megaurshifuplease has 30 seconds left.
|
|t:|1783158892
|move|p2b: Whimsicott|Sunny Day|p2b: Whimsicott
|-weather|SunnyDay
|move|p2a: Milotic|Scald|p1b: Annihilape
|-damage|p1b: Annihilape|80/100
|move|p1b: Annihilape|Rage Fist|p2b: Whimsicott
|-enditem|p2b: Whimsicott|Focus Sash
|-damage|p2b: Whimsicott|1/100
|move|p1a: Grimmsnarl|Spirit Break|p2b: Whimsicott
|-damage|p2b: Whimsicott|0 fnt
|faint|p2b: Whimsicott
|
|-weather|SunnyDay|[upkeep]
|upkeep
|
|t:|1783158901
|switch|p2b: Sinistcha|Sinistcha-Masterpiece, L50|100/100
|turn|4
|
|t:|1783158915
|move|p1b: Annihilape|Protect|p1b: Annihilape
|-singleturn|p1b: Annihilape|Protect
|move|p1a: Grimmsnarl|Light Screen|p1a: Grimmsnarl
|-sidestart|p1: megaurshifuplease|move: Light Screen
|move|p2a: Milotic|Coil|p2a: Milotic
|-boost|p2a: Milotic|atk|1
|-boost|p2a: Milotic|def|1
|-boost|p2a: Milotic|accuracy|1
|move|p2b: Sinistcha|Matcha Gotcha|p1a: Grimmsnarl|[spread] p1a
|-activate|p1b: Annihilape|move: Protect
|-damage|p1a: Grimmsnarl|77/100
|
|-weather|SunnyDay|[upkeep]
|-sideend|p2: zin wanna winn|move: Tailwind
|upkeep
|turn|5
|
|t:|1783158938
|switch|p1a: Garchomp|Garchomp, L50, F|22/100
|move|p2a: Milotic|Hypnosis|p1b: Annihilape
|-status|p1b: Annihilape|slp|[from] move: Hypnosis
|move|p2b: Sinistcha|Shadow Ball|p1b: Annihilape
|-supereffective|p1b: Annihilape|1
|-damage|p1b: Annihilape|39/100 slp
|-unboost|p1b: Annihilape|spd|1
|-ability|p1b: Annihilape|Defiant|boost
|-boost|p1b: Annihilape|atk|2
|-enditem|p1b: Annihilape|Sitrus Berry|[eat]
|-heal|p1b: Annihilape|64/100 slp|[from] item: Sitrus Berry
|cant|p1b: Annihilape|slp
|
|-weather|SunnyDay|[upkeep]
|upkeep
|turn|6
|
|t:|1783158960
|move|p1a: Garchomp|Rock Tomb|p2a: Milotic
|-damage|p2a: Milotic|87/100
|-unboost|p2a: Milotic|spe|1
|-ability|p2a: Milotic|Competitive|boost
|-boost|p2a: Milotic|spa|2
|move|p2b: Sinistcha|Matcha Gotcha|p1b: Annihilape|[spread] p1a,p1b
|-damage|p1a: Garchomp|4/100
|-damage|p1b: Annihilape|44/100 slp
|cant|p1b: Annihilape|slp
|move|p2a: Milotic|Hypnosis|p1a: Garchomp
|-status|p1a: Garchomp|slp|[from] move: Hypnosis
|
|-weather|SunnyDay|[upkeep]
|-heal|p2a: Milotic|93/100|[from] item: Leftovers
|upkeep
|turn|7
|
|t:|1783158984
|cant|p1a: Garchomp|slp
|move|p2b: Sinistcha|Matcha Gotcha|p1b: Annihilape|[spread] p1a,p1b
|-crit|p1a: Garchomp
|-crit|p1b: Annihilape
|-damage|p1a: Garchomp|0 fnt
|-damage|p1b: Annihilape|0 fnt
|faint|p1a: Garchomp
|faint|p1b: Annihilape
|move|p2a: Milotic|Scald|p1: Garchomp|[notarget]
|-fail|p2a: Milotic
|
|-weather|none
|-heal|p2a: Milotic|99/100|[from] item: Leftovers
|upkeep
|
|t:|1783158997
|switch|p1a: Grimmsnarl|Grimmsnarl, L50, M|77/100
|switch|p1b: Mawile|Mawile-Mega, L50, M|100/100
|turn|8
|inactive|zin wanna winn has 30 seconds left.
|
|t:|1783159024
|move|p2b: Sinistcha|Shadow Ball|p1a: Grimmsnarl
|-resisted|p1a: Grimmsnarl|1
|-damage|p1a: Grimmsnarl|69/100
|move|p1a: Grimmsnarl|Spirit Break|p2b: Sinistcha
|-damage|p2b: Sinistcha|75/100
|-unboost|p2b: Sinistcha|spa|1
|move|p1b: Mawile|Swords Dance|p1b: Mawile
|-boost|p1b: Mawile|atk|2
|move|p2a: Milotic|Hypnosis|p1b: Mawile
|-status|p1b: Mawile|slp|[from] move: Hypnosis
|
|-heal|p2a: Milotic|100/100|[from] item: Leftovers
|upkeep
|turn|9
|
|t:|1783159048
|move|p2b: Sinistcha|Matcha Gotcha|p1b: Mawile|[spread] p1a,p1b
|-resisted|p1b: Mawile|1
|-damage|p1a: Grimmsnarl|60/100
|-heal|p2b: Sinistcha|80/100|[from] drain|[of] p1a: Grimmsnarl
|-damage|p1b: Mawile|94/100 slp
|-heal|p2b: Sinistcha|83/100|[from] drain|[of] p1b: Mawile
|move|p1a: Grimmsnarl|Spirit Break|p2b: Sinistcha
|-damage|p2b: Sinistcha|59/100
|-unboost|p2b: Sinistcha|spa|1
|cant|p1b: Mawile|slp
|move|p2a: Milotic|Scald|p1b: Mawile
|-damage|p1b: Mawile|56/100 slp
|
|upkeep
|turn|10
|
|t:|1783159072
|move|p2b: Sinistcha|Life Dew||[still]|[spread] p2a,p2b
|-fail|p2a: Milotic|heal
|-heal|p2b: Sinistcha|84/100
|move|p1a: Grimmsnarl|Spirit Break|p2b: Sinistcha
|-damage|p2b: Sinistcha|60/100
|-unboost|p2b: Sinistcha|spa|1
|cant|p1b: Mawile|slp
|move|p2a: Milotic|Icy Wind|p1b: Mawile|[spread] p1a,p1b
|-resisted|p1b: Mawile|1
|-damage|p1a: Grimmsnarl|50/100g
|-damage|p1b: Mawile|49/100 slp
|-unboost|p1a: Grimmsnarl|spe|1
|-unboost|p1b: Mawile|spe|1
|
|upkeep
|turn|11
|
|t:|1783159094
|move|p2b: Sinistcha|Matcha Gotcha|p1a: Grimmsnarl|[spread] p1a,p1b
|-resisted|p1b: Mawile|1
|-damage|p1a: Grimmsnarl|45/100
|-heal|p2b: Sinistcha|64/100|[from] drain|[of] p1a: Grimmsnarl
|-damage|p1b: Mawile|45/100 slp
|-heal|p2b: Sinistcha|65/100|[from] drain|[of] p1b: Mawile
|move|p2a: Milotic|Hypnosis|p1b: Mawile
|-fail|p1b: Mawile|slp
|move|p1a: Grimmsnarl|Spirit Break|p2b: Sinistcha
|-damage|p2b: Sinistcha|41/100
|-unboost|p2b: Sinistcha|spa|1
|-enditem|p2b: Sinistcha|Sitrus Berry|[eat]
|-heal|p2b: Sinistcha|66/100|[from] item: Sitrus Berry
|-curestatus|p1b: Mawile|slp|[msg]
|move|p1b: Mawile|Play Rough|p2a: Milotic
|-damage|p2a: Milotic|0 fnt
|faint|p2a: Milotic
|
|-sideend|p1: megaurshifuplease|move: Light Screen
|upkeep
|turn|12
|
|t:|1783159106
|move|p1a: Grimmsnarl|Light Screen|p1a: Grimmsnarl
|-sidestart|p1: megaurshifuplease|move: Light Screen
|move|p1b: Mawile|Sucker Punch|p2b: Sinistcha
|-supereffective|p2b: Sinistcha|1
|-damage|p2b: Sinistcha|0 fnt
|faint|p2b: Sinistcha
|
|win|megaurshifuplease
|l|☆zin wanna winn
|player|p2|
