|j|☆Marrow92
|j|☆MuseigenTest
|html|Marrow92MuseigenTest    
|uhtml|bestof|Game 1 of a best-of-3
|t:|1756335179
|gametype|doubles
|player|p1|Marrow92|102|1173
|player|p2|MuseigenTest|170|1135
|gen|9
|tier|[Gen 9] VGC 2025 Reg H (Bo3)
|rated|
|rule|Species Clause: Limit one of each Pokémon
|rule|Item Clause: Limit 1 of each item
|clearpoke
|poke|p1|Incineroar, L50, F|
|poke|p1|Amoonguss, L50, M|
|poke|p1|Gholdengo, L50|
|poke|p1|Pelipper, L50, F|
|poke|p1|Basculegion, L50, M|
|poke|p1|Archaludon, L50, F|
|poke|p2|Sneasler, L50, M|
|poke|p2|Indeedee, L50, M|
|poke|p2|Volcarona, L50, M|
|poke|p2|Ursaluna-Bloodmoon, L50, M|
|poke|p2|Annihilape, L50, M|
|poke|p2|Tyranitar, L50, M|
|teampreview|4
|showteam|p1|Incineroar||SafetyGoggles|Intimidate|FlareBlitz,KnockOff,FakeOut,PartingShot|||F|||50|,,,,,Ghost]Amoonguss||SitrusBerry|Regenerator|PollenPuff,Spore,ClearSmog,RagePowder|||M|||50|,,,,,Water]Gholdengo||LifeOrb|GoodasGold|MakeItRain,ShadowBall,Protect,NastyPlot||||||50|,,,,,Water]Pelipper||FocusSash|Drizzle|WeatherBall,Hurricane,Protect,Tailwind|||F|||50|,,,,,Ground]Basculegion||MysticWater|SwiftSwim|WaveCrash,LastRespects,Protect,AquaJet|||M|||50|,,,,,Water]Archaludon||AssaultVest|Stamina|FlashCannon,DracoMeteor,ElectroShot,BodyPress|||F|||50|,,,,,Bug
|showteam|p2|Sneasler||PsychicSeed|Unburden|CloseCombat,DireClaw,ThroatChop,Protect|||M|||50|,,,,,Dark]Indeedee||ChoiceScarf|PsychicSurge|ExpandingForce,TeraBlast,Trick,Protect|||M|||50|,,,,,Psychic]Volcarona||SitrusBerry|FlameBody|Overheat,StruggleBug,RagePowder,Tailwind|||M|||50|,,,,,Grass]Ursaluna-Bloodmoon||LifeOrb|MindsEye|BloodMoon,HyperVoice,EarthPower,Protect|||M|||50|,,,,,Normal]Annihilape||SafetyGoggles|Defiant|CloseCombat,RageFist,Taunt,FinalGambit|||M|||50|,,,,,Fairy]Tyranitar||AssaultVest|SandStream|RockSlide,KnockOff,TeraBlast,LowKick|||M|||50|,,,,,Flying
|c|☆MuseigenTest|gl
|inactive|Battle timer is ON: inactive players will automatically lose when time's up. (requested by Marrow92)
|inactive|MuseigenTest has 60 seconds left.
|inactive|MuseigenTest has 30 seconds left.
|inactive|MuseigenTest has 20 seconds left.
|inactive|MuseigenTest has 15 seconds left.
|inactive|MuseigenTest has 10 seconds left.
|inactive|MuseigenTest has 5 seconds left.
|
|t:|1756335285
|teamsize|p1|4
|teamsize|p2|4
|start
|switch|p1a: Basculegion|Basculegion, L50, M|100/100
|switch|p1b: Incineroar|Incineroar, L50, F|100/100
|switch|p2a: Volcarona|Volcarona, L50, M|100/100
|switch|p2b: Tyranitar|Tyranitar, L50, M|100/100
|-weather|Sandstorm|[from] ability: Sand Stream|[of] p2b: Tyranitar
|-ability|p1b: Incineroar|Intimidate|boost
|-unboost|p2a: Volcarona|atk|1
|-unboost|p2b: Tyranitar|atk|1
|turn|1
|inactive|Marrow92 has 30 seconds left.
|inactive|MuseigenTest has 30 seconds left.
|
|t:|1756335319
|switch|p1a: Archaludon|Archaludon, L50, F, shiny|100/100
|switch|p2b: Indeedee|Indeedee, L50, M|100/100
|-fieldstart|move: Psychic Terrain|[from] ability: Psychic Surge|[of] p2b: Indeedee
|move|p1b: Incineroar|Fake Out|p2a: Volcarona
|-activate|p2a: Volcarona|move: Psychic Terrain
|move|p2a: Volcarona|Tailwind|p2a: Volcarona
|-sidestart|p2: MuseigenTest|move: Tailwind
|
|-weather|Sandstorm|[upkeep]
|-damage|p2b: Indeedee|95/100|[from] Sandstorm
|-damage|p2a: Volcarona|94/100|[from] Sandstorm
|upkeep
|turn|2
|inactive|MuseigenTest has 30 seconds left.
|inactive|MuseigenTest has 20 seconds left.
|inactive|MuseigenTest has 15 seconds left.
|inactive|MuseigenTest has 10 seconds left.
|inactive|MuseigenTest has 5 seconds left.
|
|t:|1756335369
|move|p2b: Indeedee|Tera Blast|p1b: Incineroar
|-damage|p1b: Incineroar|68/100
|move|p2a: Volcarona|Overheat|p1a: Archaludon
|-damage|p1a: Archaludon|59/100
|-unboost|p2a: Volcarona|spa|2
|-ability|p1a: Archaludon|Stamina|boost
|-boost|p1a: Archaludon|def|1
|move|p1a: Archaludon|Draco Meteor|p2a: Volcarona
|-damage|p2a: Volcarona|29/100
|-unboost|p1a: Archaludon|spa|2
|-enditem|p2a: Volcarona|Sitrus Berry|[eat]
|-heal|p2a: Volcarona|54/100|[from] item: Sitrus Berry
|move|p1b: Incineroar|Knock Off|p2b: Indeedee
|-supereffective|p2b: Indeedee
|-damage|p2b: Indeedee|0 fnt
|-enditem|p2b: Indeedee|Choice Scarf|[from] move: Knock Off|[of] p1b: Incineroar
|faint|p2b: Indeedee
|
|-weather|Sandstorm|[upkeep]
|-damage|p2a: Volcarona|48/100|[from] Sandstorm
|upkeep
|
|t:|1756335387
|switch|p2b: Tyranitar|Tyranitar, L50, M|100/100
|turn|3
|inactive|MuseigenTest has 30 seconds left.
|
|t:|1756335415
|switch|p1b: Pelipper|Pelipper, L50, F, shiny|100/100
|-weather|RainDance|[from] ability: Drizzle|[of] p1b: Pelipper
|-terastallize|p2b: Tyranitar|Flying
|move|p2a: Volcarona|Overheat|p1a: Archaludon
|-damage|p1a: Archaludon|48/100
|-unboost|p2a: Volcarona|spa|2
|-ability|p1a: Archaludon|Stamina|boost
|-boost|p1a: Archaludon|def|1
|move|p2b: Tyranitar|Rock Slide|p1b: Pelipper|[spread] p1a,p1b
|-resisted|p1a: Archaludon
|-supereffective|p1b: Pelipper
|-damage|p1a: Archaludon|43/100
|-damage|p1b: Pelipper|11/100
|-ability|p1a: Archaludon|Stamina|boost
|-boost|p1a: Archaludon|def|1
|move|p1a: Archaludon|Electro Shot||[still]
|-prepare|p1a: Archaludon|Electro Shot
|-boost|p1a: Archaludon|spa|1
|-anim|p1a: Archaludon|Electro Shot|p2b: Tyranitar
|-supereffective|p2b: Tyranitar
|-damage|p2b: Tyranitar|67/100
|
|-weather|RainDance|[upkeep]
|upkeep
|turn|4
|inactive|Marrow92 has 30 seconds left.
|
|t:|1756335442
|move|p2a: Volcarona|Rage Powder|p2a: Volcarona
|-singleturn|p2a: Volcarona|move: Rage Powder
|move|p2b: Tyranitar|Low Kick|p1a: Archaludon
|-supereffective|p1a: Archaludon
|-damage|p1a: Archaludon|25/100
|-ability|p1a: Archaludon|Stamina|boost
|-boost|p1a: Archaludon|def|1
|move|p1b: Pelipper|Tailwind|p1b: Pelipper
|-sidestart|p1: Marrow92|move: Tailwind
|move|p1a: Archaludon|Electro Shot||[still]
|-prepare|p1a: Archaludon|Electro Shot
|-boost|p1a: Archaludon|spa|1
|-anim|p1a: Archaludon|Electro Shot|p2a: Volcarona
|-damage|p2a: Volcarona|9/100
|
|-weather|RainDance|[upkeep]
|-sideend|p2: MuseigenTest|move: Tailwind
|upkeep
|turn|5
|inactive|MuseigenTest has 30 seconds left.
|
|t:|1756335470
|move|p1b: Pelipper|Hurricane|p2a: Volcarona
|-supereffective|p2a: Volcarona
|-damage|p2a: Volcarona|0 fnt
|faint|p2a: Volcarona
|move|p1a: Archaludon|Electro Shot||[still]
|-prepare|p1a: Archaludon|Electro Shot
|-boost|p1a: Archaludon|spa|1
|-anim|p1a: Archaludon|Electro Shot|p2b: Tyranitar
|-supereffective|p2b: Tyranitar
|-crit|p2b: Tyranitar
|-damage|p2b: Tyranitar|0 fnt
|faint|p2b: Tyranitar
|
|-weather|RainDance|[upkeep]
|-fieldend|move: Psychic Terrain
|upkeep
|
|t:|1756335478
|switch|p2b: Sneasler|Sneasler, L50, M|100/100
|turn|6
|
|t:|1756335491
|-terastallize|p1a: Archaludon|Bug
|move|p2b: Sneasler|Protect|p2b: Sneasler
|-singleturn|p2b: Sneasler|Protect
|move|p1b: Pelipper|Hurricane|p2b: Sneasler
|-activate|p2b: Sneasler|move: Protect
|move|p1a: Archaludon|Electro Shot||[still]
|-prepare|p1a: Archaludon|Electro Shot
|-boost|p1a: Archaludon|spa|1
|-anim|p1a: Archaludon|Electro Shot|p2b: Sneasler
|-activate|p2b: Sneasler|move: Protect
|
|-weather|RainDance|[upkeep]
|upkeep
|turn|7
|
|t:|1756335503
|move|p2b: Sneasler|Protect||[still]
|-fail|p2b: Sneasler
|move|p1b: Pelipper|Hurricane|p2b: Sneasler
|-supereffective|p2b: Sneasler
|-damage|p2b: Sneasler|0 fnt
|faint|p2b: Sneasler
|
|win|Marrow92
||MuseigenTest is ready for game 2.
|l|☆Marrow92
|player|p1|
||Marrow92 is ready for game 2.
|uhtml|next|Next: Game 2 of 3
