|j|☆pealcantara28
|j|☆pepepitufo
|html|pealcantara28pepepitufo    
|uhtml|bestof|Game 1 of a best-of-3
|t:|1756242872
|gametype|doubles
|player|p1|pealcantara28|cynthia-gen4|1058
|player|p2|pepepitufo|101|1000
|gen|9
|tier|[Gen 9] VGC 2025 Reg H (Bo3)
|rated|
|rule|Species Clause: Limit one of each Pokémon
|rule|Item Clause: Limit 1 of each item
|clearpoke
|poke|p1|Archaludon, L50, F|
|poke|p1|Pelipper, L50, F|
|poke|p1|Incineroar, L50, M|
|poke|p1|Basculegion, L50, M|
|poke|p1|Sinistcha-Masterpiece, L50|
|poke|p1|Kingambit, L50, M|
|poke|p2|Charizard, L50, F|
|poke|p2|Torkoal, L50, F|
|poke|p2|Indeedee, L50, M|
|poke|p2|Jumpluff, L50, M|
|poke|p2|Incineroar, L50, M|
|poke|p2|Ursaluna-Bloodmoon, L50, M|
|teampreview|4
|showteam|p1|Archaludon||AssaultVest|Stamina|DracoMeteor,FlashCannon,ElectroShot,BodyPress|||F|||50|,,,,,Bug]Pelipper||FocusSash|Drizzle|Tailwind,Hurricane,WeatherBall,WideGuard|||F|||50|,,,,,Stellar]Incineroar||SafetyGoggles|Intimidate|FlareBlitz,PartingShot,FakeOut,KnockOff|||M|||50|,,,,,Grass]Basculegion||LifeOrb|SwiftSwim|LastRespects,WaveCrash,AquaJet,Protect|||M|||50|,,,,,Water]Sinistcha-Masterpiece||SitrusBerry|Hospitality|MatchaGotcha,ShadowBall,RagePowder,StrengthSap||||||50|,,,,,Grass]Kingambit||BlackGlasses|Defiant|KowtowCleave,SuckerPunch,Protect,SwordsDance|||M|||50|,,,,,Dark
|showteam|p2|Charizard||ChoiceSpecs|SolarPower|Overheat,HeatWave,WeatherBall,AirSlash|||F|||50|,,,,,Ghost]Torkoal||EjectPack|Drought|Eruption,EarthPower,HelpingHand,Protect|||F|||50|,,,,,Fire]Indeedee||FocusSash|PsychicSurge|ExpandingForce,DazzlingGleam,AfterYou,Protect|||M|||50|,,,,,Fairy]Jumpluff||CovertCloak|Chlorophyll|Tailwind,RagePowder,SleepPowder,SunnyDay|||M|||50|,,,,,Water]Incineroar||SafetyGoggles|Intimidate|FakeOut,PartingShot,KnockOff,FlareBlitz|||M|||50|,,,,,Ghost]Ursaluna-Bloodmoon||LifeOrb|MindsEye|BloodMoon,EarthPower,Protect,HyperVoice|||M|||50|,,,,,Ghost
|inactive|Battle timer is ON: inactive players will automatically lose when time's up. (requested by pealcantara28)
|inactive|pealcantara28 has 60 seconds left.
|inactive|pepepitufo has 60 seconds left.
|
|t:|1756242912
|teamsize|p1|4
|teamsize|p2|4
|start
|switch|p1a: Archaludon|Archaludon, L50, F|100/100
|switch|p1b: Incineroar|Incineroar, L50, M|100/100
|switch|p2a: Indeedee|Indeedee, L50, M|100/100
|switch|p2b: Torkoal|Torkoal, L50, F|100/100
|-fieldstart|move: Psychic Terrain|[from] ability: Psychic Surge|[of] p2a: Indeedee
|-ability|p1b: Incineroar|Intimidate|boost
|-unboost|p2a: Indeedee|atk|1
|-unboost|p2b: Torkoal|atk|1
|-weather|SunnyDay|[from] ability: Drought|[of] p2b: Torkoal
|-enditem|p2b: Torkoal|Eject Pack
|
|t:|1756242926
|switch|p2b: Charizard|Charizard, L50, F|100/100
|turn|1
|inactive|pealcantara28 has 30 seconds left.
|
|t:|1756242953
|move|p2a: Indeedee|Protect|p2a: Indeedee
|-singleturn|p2a: Indeedee|Protect
|move|p2b: Charizard|Weather Ball|p1b: Incineroar
|-resisted|p1b: Incineroar
|-damage|p1b: Incineroar|30/100
|move|p1a: Archaludon|Draco Meteor|p2b: Charizard
|-damage|p2b: Charizard|23/100
|-unboost|p1a: Archaludon|spa|2
|move|p1b: Incineroar|Knock Off|p2b: Charizard
|-damage|p2b: Charizard|0 fnt
|-enditem|p2b: Charizard|Choice Specs|[from] move: Knock Off|[of] p1b: Incineroar
|faint|p2b: Charizard
|
|-weather|SunnyDay|[upkeep]
|upkeep
|
|t:|1756242962
|switch|p2b: Torkoal|Torkoal, L50, F|100/100
|turn|2
|inactive|pealcantara28 has 30 seconds left.
|
|t:|1756242994
|switch|p1b: Pelipper|Pelipper, L50, F|100/100
|-weather|RainDance|[from] ability: Drizzle|[of] p1b: Pelipper
|move|p2a: Indeedee|After You|p2b: Torkoal
|-activate|p2b: Torkoal|move: After You
|move|p2b: Torkoal|Eruption|p1a: Archaludon|[spread] p1a,p1b
|-resisted|p1b: Pelipper
|-damage|p1a: Archaludon|85/100
|-damage|p1b: Pelipper|79/100
|-ability|p1a: Archaludon|Stamina|boost
|-boost|p1a: Archaludon|def|1
|move|p1a: Archaludon|Body Press|p2b: Torkoal
|-damage|p2b: Torkoal|72/100
|
|-weather|RainDance|[upkeep]
|upkeep
|turn|3
|
|t:|1756243014
|switch|p2b: Jumpluff|Jumpluff, L50, M|100/100
|move|p2a: Indeedee|Expanding Force|p1a: Archaludon|[spread] p1a,p1b
|-resisted|p1a: Archaludon
|-damage|p1a: Archaludon|68/100
|-damage|p1b: Pelipper|0 fnt
|-ability|p1a: Archaludon|Stamina|boost
|-boost|p1a: Archaludon|def|1
|faint|p1b: Pelipper
|move|p1a: Archaludon|Electro Shot||[still]
|-prepare|p1a: Archaludon|Electro Shot
|-boost|p1a: Archaludon|spa|1
|-anim|p1a: Archaludon|Electro Shot|p2b: Jumpluff
|-damage|p2b: Jumpluff|71/100
|
|-weather|RainDance|[upkeep]
|upkeep
|
|t:|1756243032
|switch|p1b: Incineroar|Incineroar, L50, M|30/100
|-ability|p1b: Incineroar|Intimidate|boost
|-unboost|p2a: Indeedee|atk|1
|-unboost|p2b: Jumpluff|atk|1
|turn|4
|
|t:|1756243054
|move|p2b: Jumpluff|Sleep Powder|p1a: Archaludon
|-status|p1a: Archaludon|slp|[from] move: Sleep Powder
|move|p2a: Indeedee|Dazzling Gleam|p1a: Archaludon|[spread] p1a,p1b
|-damage|p1a: Archaludon|55/100 slp
|-damage|p1b: Incineroar|14/100
|-ability|p1a: Archaludon|Stamina|boost
|-boost|p1a: Archaludon|def|1
|cant|p1a: Archaludon|slp
|move|p1b: Incineroar|Knock Off|p2a: Indeedee
|-supereffective|p2a: Indeedee
|-enditem|p2a: Indeedee|Focus Sash
|-damage|p2a: Indeedee|1/100
|
|-weather|RainDance|[upkeep]
|upkeep
|turn|5
|inactive|pealcantara28 has 30 seconds left.
|
|t:|1756243088
|move|p2b: Jumpluff|Rage Powder|p2b: Jumpluff
|-singleturn|p2b: Jumpluff|move: Rage Powder
|move|p2a: Indeedee|Dazzling Gleam|p1a: Archaludon|[spread] p1a,p1b
|-damage|p1a: Archaludon|44/100 slp
|-damage|p1b: Incineroar|0 fnt
|-ability|p1a: Archaludon|Stamina|boost
|-boost|p1a: Archaludon|def|1
|faint|p1b: Incineroar
|cant|p1a: Archaludon|slp
|
|-weather|RainDance|[upkeep]
|-fieldend|move: Psychic Terrain
|upkeep
|inactive|pealcantara28 has 30 seconds left.
|
|t:|1756243119
|switch|p1b: Basculegion|Basculegion, L50, M|100/100
|turn|6
|
|t:|1756243137
|move|p2b: Jumpluff|Rage Powder|p2b: Jumpluff
|-singleturn|p2b: Jumpluff|move: Rage Powder
|move|p1b: Basculegion|Last Respects|p2b: Jumpluff
|-damage|p2b: Jumpluff|0 fnt
|faint|p2b: Jumpluff
|-damage|p1b: Basculegion|91/100|[from] item: Life Orb
|move|p2a: Indeedee|Expanding Force|p1b: Basculegion
|-damage|p1b: Basculegion|47/100
|cant|p1a: Archaludon|slp
|
|-weather|none
|upkeep
|
|t:|1756243146
|switch|p2b: Torkoal|Torkoal, L50, F|72/100
|-weather|SunnyDay|[from] ability: Drought|[of] p2b: Torkoal
|turn|7
|
|t:|1756243157
|-terastallize|p2b: Torkoal|Fire
|move|p1b: Basculegion|Aqua Jet|p2a: Indeedee
|-damage|p2a: Indeedee|0 fnt
|faint|p2a: Indeedee
|-damage|p1b: Basculegion|37/100|[from] item: Life Orb
|-curestatus|p1a: Archaludon|slp|[msg]
|move|p1a: Archaludon|Body Press|p2b: Torkoal
|-damage|p2b: Torkoal|15/100
|move|p2b: Torkoal|Eruption|p1b: Basculegion|[spread] p1a,p1b
|-resisted|p1b: Basculegion
|-damage|p1a: Archaludon|35/100
|-damage|p1b: Basculegion|30/100
|-ability|p1a: Archaludon|Stamina|boost
|-boost|p1a: Archaludon|def|1
|
|-weather|SunnyDay|[upkeep]
|upkeep
|turn|8
|
|t:|1756243177
|move|p1b: Basculegion|Aqua Jet|p2b: Torkoal
|-supereffective|p2b: Torkoal
|-damage|p2b: Torkoal|0 fnt
|faint|p2b: Torkoal
|-damage|p1b: Basculegion|20/100|[from] item: Life Orb
|
|win|pealcantara28
