|j|☆DaGondy
|j|☆roacchin
|html|DaGondyroacchin    
|uhtml|bestof|Game 1 of a best-of-3
|t:|1783792499
|gametype|doubles
|player|p1|DaGondy|mars|
|player|p2|roacchin|cynthia-gen4|
|gen|9
|tier|[Gen 9 Champions] VGC 2026 Reg M-B (Bo3)
|rule|Species Clause: Limit one of each Pokémon
|rule|Item Clause: Limit 1 of each item
|clearpoke
|poke|p1|Ditto, L50, shiny|
|poke|p1|Pelipper, L50, F|
|poke|p1|Eelektross, L50, F|
|poke|p1|Roserade, L50, M|
|poke|p1|Lycanroc-Dusk, L50, M, shiny|
|poke|p1|Whimsicott, L50, M|
|poke|p2|Charizard, L50, M|
|poke|p2|Venusaur, L50, M|
|poke|p2|Kingambit, L50, M, shiny|
|poke|p2|Grimmsnarl, L50, M, shiny|
|poke|p2|Trevenant, L50, F, shiny|
|poke|p2|Goodra-Hisui, L50, F|
|teampreview|4
|showteam|p1|Ditto||FocusSash|Imposter|Transform|Bold|||||50|]Pelipper||SitrusBerry|Drizzle|Tailwind,Hurricane,Roost,Protect|Bold||F|||50|]Eelektross||Eelektrossite|Levitate|Flamethrower,GrassKnot,Thunder,VoltSwitch|Timid||F|||50|]Roserade||PoisonBarb|PoisonPoint|Extrasensory,LeafStorm,SleepPowder,SludgeBomb|Timid||M|||50|]Lycanroc-Dusk||HardStone|ToughClaws|Accelerock,CloseCombat,StoneEdge,BrickBreak|Jolly||M|||50|]Whimsicott||Leftovers|Prankster|Tailwind,Moonblast,Uturn,Encore|Bold||M|||50|
|showteam|p2|Charizard||CharizarditeY|SolarPower|SolarBeam,Protect,WeatherBall,Roost|Timid||M|||50|]Venusaur||FocusSash|Chlorophyll|WeatherBall,SludgeBomb,EnergyBall,Growth|Modest||M|||50|]Kingambit||Leftovers|Defiant|KowtowCleave,IronHead,SuckerPunch,Protect|Adamant||M|||50|]Grimmsnarl||ExpertBelt|Prankster|FakeOut,PlayRough,Reflect,StompingTantrum|Adamant||M|||50|]Trevenant||LifeOrb|Harvest|FoulPlay,HornLeech,Poltergeist,RockSlide|Adamant||F|||50|]Goodra-Hisui||SitrusBerry|SapSipper|Thunderbolt,IceBeam,SludgeBomb,LifeDew|Modest||F|||50|
|
|t:|1783792521
|teamsize|p1|4
|teamsize|p2|4
|start
|switch|p1a: pooopfart|Lycanroc-Dusk, L50, M, shiny|100/100
|switch|p1b: Ditto|Ditto, L50, shiny|100/100
|switch|p2a: Charizard|Charizard, L50, M|100/100
|switch|p2b: Venusaur|Venusaur, L50, M|100/100
|-transform|p1b: Ditto|p2a: Charizard|[from] ability: Imposter
|turn|1
|
|t:|1783792546
|switch|p2a: Grimmsnarl|Grimmsnarl, L50, M, shiny|100/100
|move|p1a: pooopfart|Accelerock|p2a: Grimmsnarl
|-damage|p2a: Grimmsnarl|65/100
|move|p1b: Ditto|Weather Ball|p2b: Venusaur
|-damage|p2b: Venusaur|82/100
|move|p2b: Venusaur|Energy Ball|p1a: pooopfart
|-supereffective|p1a: pooopfart|1
|-damage|p1a: pooopfart|0 fnt
|faint|p1a: pooopfart
|
|upkeep
|
|t:|1783792561
|switch|p1a: Eelektross|Eelektross, L50, F|100/100
|turn|2
|
|t:|1783792596
|detailschange|p1a: Eelektross|Eelektross-Mega, L50, F
|-mega|p1a: Eelektross|Eelektross|Eelektrossite
|move|p1b: Ditto|Protect|p1b: Ditto
|-singleturn|p1b: Ditto|Protect
|move|p2a: Grimmsnarl|Fake Out|p1a: Eelektross
|-damage|p1a: Eelektross|81/100
|cant|p1a: Eelektross|flinch
|move|p2b: Venusaur|Sludge Bomb|p1a: Eelektross
|-damage|p1a: Eelektross|32/100
|
|upkeep
|turn|3
|
|t:|1783792622
|move|p2a: Grimmsnarl|Reflect|p2a: Grimmsnarl
|-sidestart|p2: roacchin|Reflect
|move|p1b: Ditto|Weather Ball|p2b: Venusaur
|-damage|p2b: Venusaur|64/100
|move|p1a: Eelektross|Volt Switch|p2a: Grimmsnarl
|-damage|p2a: Grimmsnarl|24/100
|
|t:|1783792630
|switch|p1a: Pelipper|Pelipper, L50, F|100/100|[from] Volt Switch
|-weather|RainDance|[from] ability: Drizzle|[of] p1a: Pelipper
|move|p2b: Venusaur|Sludge Bomb|p1a: Pelipper
|-damage|p1a: Pelipper|33/100
|-status|p1a: Pelipper|psn
|-enditem|p1a: Pelipper|Sitrus Berry|[eat]
|-heal|p1a: Pelipper|58/100 psn|[from] item: Sitrus Berry
|
|-weather|RainDance|[upkeep]
|-damage|p1a: Pelipper|46/100 psn|[from] psn
|upkeep
|turn|4
|
|t:|1783792654
|move|p1b: Ditto|Weather Ball|p2a: Grimmsnarl
|-damage|p2a: Grimmsnarl|0 fnt
|faint|p2a: Grimmsnarl
|move|p2b: Venusaur|Energy Ball|p1a: Pelipper
|-damage|p1a: Pelipper|0 fnt
|faint|p1a: Pelipper
|
|-weather|RainDance|[upkeep]
|upkeep
|
|t:|1783792663
|switch|p1a: Eelektross|Eelektross-Mega, L50, F|32/100
|switch|p2a: Charizard|Charizard, L50, M|100/100
|turn|5
|
|t:|1783792685
|detailschange|p2a: Charizard|Charizard-Mega-Y, L50, M
|-mega|p2a: Charizard|Charizard|Charizardite Y
|-weather|SunnyDay|[from] ability: Drought|[of] p2a: Charizard
|move|p2b: Venusaur|Sludge Bomb|p1b: Ditto
|-damage|p1b: Ditto|47/100
|-status|p1b: Ditto|psn
|move|p1b: Ditto|Weather Ball|p2a: Charizard
|-resisted|p2a: Charizard|1
|-damage|p2a: Charizard|49/100
|move|p2a: Charizard|Weather Ball|p1a: Eelektross
|-damage|p1a: Eelektross|0 fnt
|faint|p1a: Eelektross
|
|-weather|SunnyDay|[upkeep]
|-damage|p1b: Ditto|34/100 psn|[from] ability: Solar Power|[of] p1b: Ditto
|-damage|p1b: Ditto|22/100 psn|[from] psn
|upkeep
|turn|6
|
|t:|1783792711
|move|p2b: Venusaur|Sludge Bomb|p1b: Ditto
|-damage|p1b: Ditto|0 fnt
|faint|p1b: Ditto
|
|win|roacchin
||DaGondy is ready for game 2.
