|j|☆TetheredAvian74
|j|☆SuprEpcGuy
|html|TetheredAvian74SuprEpcGuy    
|uhtml|bestof|Game 1 of a best-of-3
|t:|1784085457
|gametype|doubles
|player|p1|TetheredAvian74|265|1112
|player|p2|SuprEpcGuy|shauntal|1172
|gen|9
|tier|[Gen 9 Champions] VGC 2026 Reg M-B (Bo3)
|rated|
|rule|Species Clause: Limit one of each Pokémon
|rule|Item Clause: Limit 1 of each item
|clearpoke
|poke|p1|Pelipper, L50, M|
|poke|p1|Grimmsnarl, L50, M|
|poke|p1|Sinistcha, L50|
|poke|p1|Blastoise, L50, M|
|poke|p1|Archaludon, L50, M|
|poke|p1|Raichu, L50, M|
|poke|p2|Zoroark-Hisui, L50, F|
|poke|p2|Aerodactyl, L50, M|
|poke|p2|Kingambit, L50, F, shiny|
|poke|p2|Basculegion, L50, M|
|poke|p2|Incineroar, L50, M|
|poke|p2|Goodra-Hisui, L50, M|
|teampreview|4
|showteam|p1|Pelipper||DampRock|Drizzle|Tailwind,Uturn,Hurricane,WeatherBall|Modest||M|||50|]Grimmsnarl||LightClay|Prankster|Reflect,LightScreen,PartingShot,SuckerPunch|Impish||M|||50|]Sinistcha||SitrusBerry|Hospitality|RagePowder,LifeDew,MatchaGotcha,StrengthSap|Calm|||||50|]Blastoise||Blastoisinite|RainDish|ShellSmash,WaterSpout,IcyWind,Protect|Modest||M|||50|]Archaludon||Leftovers|Stamina|ElectroShot,DragonPulse,FlashCannon,Protect|Calm||M|||50|]Raichu||RaichuniteX|LightningRod|FakeOut,VoltTackle,VoltSwitch,BrickBreak|Jolly||M|||50|
|showteam|p2|Zoroark-Hisui||FocusSash|Illusion|ShadowBall,WillOWisp,Taunt,Protect|Timid||F|||50|]Aerodactyl||Aerodactylite|RockHead|RockSlide,DualWingbeat,Tailwind,Protect|Jolly||M|||50|]Kingambit||ChopleBerry|Defiant|SuckerPunch,KowtowCleave,LowKick,Protect|Adamant||F|||50|]Basculegion||MysticWater|Adaptability|AquaJet,Liquidation,LastRespects,Protect|Adamant||M|||50|]Incineroar||SitrusBerry|Intimidate|FlareBlitz,ThroatChop,PartingShot,FakeOut|Careful||M|||50|]Goodra-Hisui||Leftovers|ShellArmor|DracoMeteor,BodyPress,Shelter,Protect|Bold||M|||50|
|inactive|Battle timer is ON: inactive players will automatically lose when time's up. (requested by SuprEpcGuy)
|inactive|TetheredAvian74 also wants the timer to be on.
|inactive|SuprEpcGuy has 60 seconds left.
|inactive|SuprEpcGuy has 30 seconds left.
|inactive|SuprEpcGuy has 20 seconds left.
|
|t:|1784085531
|teamsize|p1|4
|teamsize|p2|4
|start
|switch|p1a: Raichu|Raichu, L50, M|100/100
|switch|p1b: Archaludon|Archaludon, L50, M|100/100
|switch|p2a: Big Purr|Incineroar, L50, M|100/100
|switch|p2b: Goodra|Goodra-Hisui, L50, M|100/100
|turn|1
|inactive|SuprEpcGuy has 30 seconds left.
|inactive|SuprEpcGuy has 20 seconds left.
|
|t:|1784085570
|detailschange|p1a: Raichu|Raichu-Mega-X, L50, M
|-mega|p1a: Raichu|Raichu|Raichunite X
|-fieldstart|move: Electric Terrain|[from] ability: Electric Surge|[of] p1a: Raichu
|move|p1a: Raichu|Fake Out|p2a: Big Purr
|-immune|p2a: Big Purr
|move|p2a: Big Purr|Will-O-Wisp|p1a: Raichu
|-status|p1a: Raichu|brn
|move|p1b: Archaludon|Dragon Pulse|p2b: Goodra
|-damage|p2b: Goodra|73/100
|move|p2b: Goodra|Shelter|p2b: Goodra
|-boost|p2b: Goodra|def|2
|
|-heal|p2b: Goodra|79/100|[from] item: Leftovers
|-damage|p1a: Raichu|94/100 brn|[from] brn
|upkeep
|turn|2
|
|t:|1784085594
|move|p2a: Big Purr|Shadow Ball|p1a: Raichu
|-damage|p1a: Raichu|37/100 brn
|move|p1a: Raichu|Volt Switch|p2a: Big Purr
|-damage|p2a: Big Purr|45/100
|replace|p2a: Boo|Zoroark-Hisui, L50, F
|-end|p2a: Boo|Illusion
|
|t:|1784085602
|switch|p1a: Pelipper|Pelipper, L50, M|100/100|[from] Volt Switch
|-weather|RainDance|[from] ability: Drizzle|[of] p1a: Pelipper
|move|p1b: Archaludon|Electro Shot||[still]
|-prepare|p1b: Archaludon|Electro Shot
|-boost|p1b: Archaludon|spa|1
|-anim|p1b: Archaludon|Electro Shot|p2b: Goodra
|-resisted|p2b: Goodra|1
|-damage|p2b: Goodra|56/100
|move|p2b: Goodra|Body Press|p1b: Archaludon
|-supereffective|p1b: Archaludon|1
|-damage|p1b: Archaludon|28/100
|-ability|p1b: Archaludon|Stamina|boost
|-boost|p1b: Archaludon|def|1
|
|-weather|RainDance|[upkeep]
|-heal|p1b: Archaludon|35/100|[from] item: Leftovers
|-heal|p2b: Goodra|62/100|[from] item: Leftovers
|upkeep
|turn|3
|inactive|SuprEpcGuy has 30 seconds left.
|
|t:|1784085628
|switch|p1a: Sinistcha|Sinistcha, L50|100/100
|-heal|p1b: Archaludon|59/100|[from] ability: Hospitality|[of] p1a: Sinistcha
|move|p2a: Boo|Shadow Ball|p1b: Archaludon
|-damage|p1b: Archaludon|25/100
|-ability|p1b: Archaludon|Stamina|boost
|-boost|p1b: Archaludon|def|1
|move|p1b: Archaludon|Electro Shot||[still]
|-prepare|p1b: Archaludon|Electro Shot
|-boost|p1b: Archaludon|spa|1
|-anim|p1b: Archaludon|Electro Shot|p2b: Goodra
|-resisted|p2b: Goodra|1
|-damage|p2b: Goodra|28/100
|move|p2b: Goodra|Body Press|p1a: Sinistcha
|-immune|p1a: Sinistcha
|
|-weather|RainDance|[upkeep]
|-heal|p1b: Archaludon|31/100|[from] item: Leftovers
|-heal|p2b: Goodra|34/100|[from] item: Leftovers
|upkeep
|turn|4
|
|t:|1784085649
|move|p1b: Archaludon|Protect|p1b: Archaludon
|-singleturn|p1b: Archaludon|Protect
|move|p2b: Goodra|Protect|p2b: Goodra
|-singleturn|p2b: Goodra|Protect
|move|p2a: Boo|Shadow Ball|p1b: Archaludon
|-activate|p1b: Archaludon|move: Protect
|move|p1a: Sinistcha|Matcha Gotcha|p2a: Boo|[spread] p2a
|-activate|p2b: Goodra|move: Protect
|-damage|p2a: Boo|0 fnt
|faint|p2a: Boo
|
|-weather|RainDance|[upkeep]
|-heal|p1b: Archaludon|38/100|[from] item: Leftovers
|-heal|p2b: Goodra|40/100|[from] item: Leftovers
|upkeep
|
|t:|1784085660
|switch|p2a: Big Purr|Incineroar, L50, M|100/100
|-ability|p2a: Big Purr|Intimidate|boost
|-unboost|p1a: Sinistcha|atk|1
|-unboost|p1b: Archaludon|atk|1
|turn|5
|
|t:|1784085683
|move|p2a: Big Purr|Fake Out|p1b: Archaludon
|-resisted|p1b: Archaludon|1
|-damage|p1b: Archaludon|36/100
|-ability|p1b: Archaludon|Stamina|boost
|-boost|p1b: Archaludon|def|1
|move|p1a: Sinistcha|Rage Powder|p1a: Sinistcha
|-singleturn|p1a: Sinistcha|move: Rage Powder
|cant|p1b: Archaludon|flinch
|move|p2b: Goodra|Draco Meteor|p1a: Sinistcha
|-damage|p1a: Sinistcha|59/100
|-unboost|p2b: Goodra|spa|2
|
|-weather|RainDance|[upkeep]
|-heal|p1b: Archaludon|42/100|[from] item: Leftovers
|-heal|p2b: Goodra|46/100|[from] item: Leftovers
|-fieldend|move: Electric Terrain
|upkeep
|turn|6
|inactive|SuprEpcGuy has 30 seconds left.
|
|t:|1784085710
|move|p2b: Goodra|Protect|p2b: Goodra
|-singleturn|p2b: Goodra|Protect
|move|p1a: Sinistcha|Rage Powder|p1a: Sinistcha
|-singleturn|p1a: Sinistcha|move: Rage Powder
|move|p1b: Archaludon|Electro Shot||[still]
|-prepare|p1b: Archaludon|Electro Shot
|-boost|p1b: Archaludon|spa|1
|-anim|p1b: Archaludon|Electro Shot|p2b: Goodra
|-activate|p2b: Goodra|move: Protect
|move|p2a: Big Purr|Throat Chop|p1a: Sinistcha
|-supereffective|p1a: Sinistcha|1
|-damage|p1a: Sinistcha|0 fnt
|faint|p1a: Sinistcha
|
|-weather|RainDance|[upkeep]
|-heal|p1b: Archaludon|48/100|[from] item: Leftovers
|-heal|p2b: Goodra|52/100|[from] item: Leftovers
|upkeep
|
|t:|1784085718
|switch|p1a: Raichu|Raichu-Mega-X, L50, M|37/100 brn
|-fieldstart|move: Electric Terrain|[from] ability: Electric Surge|[of] p1a: Raichu
|turn|7
|
|t:|1784085740
|switch|p2b: Freight|Aerodactyl, L50, M|100/100
|move|p1a: Raichu|Fake Out|p2a: Big Purr
|-damage|p2a: Big Purr|94/100
|move|p1b: Archaludon|Electro Shot||[still]
|-prepare|p1b: Archaludon|Electro Shot
|-boost|p1b: Archaludon|spa|1
|-anim|p1b: Archaludon|Electro Shot|p2b: Freight
|-supereffective|p2b: Freight|1
|-damage|p2b: Freight|0 fnt
|faint|p2b: Freight
|cant|p2a: Big Purr|flinch
|
|-weather|RainDance|[upkeep]
|-heal|p1b: Archaludon|54/100|[from] item: Leftovers
|-damage|p1a: Raichu|31/100 brn|[from] brn
|upkeep
|
|t:|1784085748
|switch|p2b: Goodra|Goodra-Hisui, L50, M|52/100
|turn|8
|
|t:|1784085771
|move|p1b: Archaludon|Protect|p1b: Archaludon
|-singleturn|p1b: Archaludon|Protect
|move|p1a: Raichu|Volt Switch|p2a: Big Purr
|-damage|p2a: Big Purr|72/100
|
|t:|1784085778
|switch|p1a: Pelipper|Pelipper, L50, M|100/100|[from] Volt Switch
|move|p2b: Goodra|Draco Meteor|p1b: Archaludon
|-activate|p1b: Archaludon|move: Protect
|move|p2a: Big Purr|Throat Chop|p1a: Pelipper
|-damage|p1a: Pelipper|65/100
|-start|p1a: Pelipper|Throat Chop|[silent]
|
|-weather|RainDance|[upkeep]
|-heal|p1b: Archaludon|60/100|[from] item: Leftovers
|-heal|p2b: Goodra|58/100|[from] item: Leftovers
|upkeep
|turn|9
|
|t:|1784085794
|move|p1b: Archaludon|Electro Shot||[still]
|-prepare|p1b: Archaludon|Electro Shot
|-boost|p1b: Archaludon|spa|1
|-anim|p1b: Archaludon|Electro Shot|p2b: Goodra
|-resisted|p2b: Goodra|1
|-damage|p2b: Goodra|5/100
|move|p1a: Pelipper|U-turn|p2a: Big Purr
|-crit|p2a: Big Purr
|-damage|p2a: Big Purr|61/100
|
|t:|1784085799
|switch|p1a: Raichu|Raichu-Mega-X, L50, M|31/100 brn|[from] U-turn
|move|p2a: Big Purr|Throat Chop|p1a: Raichu
|-damage|p1a: Raichu|0 fnt
|faint|p1a: Raichu
|move|p2b: Goodra|Draco Meteor|p1b: Archaludon
|-damage|p1b: Archaludon|17/100
|-unboost|p2b: Goodra|spa|2
|-ability|p1b: Archaludon|Stamina|boost
|-boost|p1b: Archaludon|def|1
|
|-weather|none
|-heal|p1b: Archaludon|23/100|[from] item: Leftovers
|-heal|p2b: Goodra|11/100|[from] item: Leftovers
|upkeep
|
|t:|1784085805
|switch|p1a: Pelipper|Pelipper, L50, M|65/100
|-weather|RainDance|[from] ability: Drizzle|[of] p1a: Pelipper
|turn|10
|
|t:|1784085819
|move|p1b: Archaludon|Protect|p1b: Archaludon
|-singleturn|p1b: Archaludon|Protect
|move|p2b: Goodra|Protect|p2b: Goodra
|-singleturn|p2b: Goodra|Protect
|move|p1a: Pelipper|Tailwind|p1a: Pelipper
|-sidestart|p1: TetheredAvian74|move: Tailwind
|move|p2a: Big Purr|Throat Chop|p1b: Archaludon
|-activate|p1b: Archaludon|move: Protect
|
|-weather|RainDance|[upkeep]
|-heal|p1b: Archaludon|29/100|[from] item: Leftovers
|-heal|p2b: Goodra|17/100|[from] item: Leftovers
|upkeep
|turn|11
|
|t:|1784085838
|move|p2b: Goodra|Protect||[still]
|-fail|p2b: Goodra
|move|p1b: Archaludon|Electro Shot||[still]
|-prepare|p1b: Archaludon|Electro Shot
|-boost|p1b: Archaludon|spa|1
|-anim|p1b: Archaludon|Electro Shot|p2b: Goodra
|-resisted|p2b: Goodra|1
|-damage|p2b: Goodra|0 fnt
|faint|p2b: Goodra
|move|p1a: Pelipper|Weather Ball|p2a: Big Purr
|-supereffective|p2a: Big Purr|1
|-damage|p2a: Big Purr|0 fnt
|faint|p2a: Big Purr
|
|win|TetheredAvian74
