|j|☆Alecat
|j|☆spellbreakvgc
|html|Alecatspellbreakvgc    
|uhtml|bestof|Game 1 of a best-of-3
|t:|1757722557
|gametype|doubles
|player|p1|Alecat|scientistf|1067
|player|p2|spellbreakvgc|lance|1148
|gen|9
|tier|[Gen 9] VGC 2025 Reg H (Bo3)
|rated|
|rule|Species Clause: Limit one of each Pokémon
|rule|Item Clause: Limit 1 of each item
|clearpoke
|poke|p1|Sneasler, L50, M|
|poke|p1|Magmar, L50, F|
|poke|p1|Rillaboom, L50, F|
|poke|p1|Espathra, L50, M|
|poke|p1|Kingambit, L50, M|
|poke|p1|Arcanine-Hisui, L50, M|
|poke|p2|Dondozo, L50, F|
|poke|p2|Sneasler, L50, M|
|poke|p2|Ursaluna-Bloodmoon, L50, M|
|poke|p2|Indeedee, L50, M|
|poke|p2|Tatsugiri, L50, M|
|poke|p2|Whimsicott, L50, F|
|teampreview|4
|showteam|p1|Sneasler||FocusSash|Unburden|FakeOut,CloseCombat,DireClaw,Coaching|||M|||50|,,,,,Ghost]Magmar||Eviolite|VitalSpirit|FollowMe,HeatWave,Taunt,Protect|||F|||50|,,,,,Dragon]Rillaboom||AssaultVest|GrassySurge|FakeOut,WoodHammer,GrassyGlide,HighHorsepower|||F|||50|,,,,,Fire]Espathra||GrassySeed|SpeedBoost|StoredPower,TeraBlast,CalmMind,Protect|||M|||50|,,,,,Fighting]Kingambit||SafetyGoggles|Defiant|KowtowCleave,SuckerPunch,SwordsDance,Protect|||M|||50|,,,,,Dark]Arcanine-Hisui||LoadedDice|Intimidate|FlareBlitz,RockBlast,ExtremeSpeed,Protect|||M|||50|,,,,,Ghost
|showteam|p2|Dondozo||Leftovers|Unaware|WaveCrash,OrderUp,Earthquake,Protect|||F|||50|,,,,,Grass]Sneasler||PsychicSeed|Unburden|DireClaw,CloseCombat,ThroatChop,Protect|||M|||50|,,,,,Dark]Ursaluna-Bloodmoon||LifeOrb|MindsEye|BloodMoon,HyperVoice,EarthPower,Protect|||M|||50|,,,,,Normal]Indeedee||FocusSash|PsychicSurge|ExpandingForce,TeraBlast,HelpingHand,Protect|||M|||50|,,,,,Psychic]Tatsugiri||SafetyGoggles|Commander|DracoMeteor,MuddyWater,HelpingHand,Protect|||M|||50|,,,,,Normal]Whimsicott||CovertCloak|Prankster|Moonblast,Tailwind,LightScreen,HelpingHand|||F|||50|,,,,,Poison
|inactive|Battle timer is ON: inactive players will automatically lose when time's up. (requested by Alecat)
|inactive|Alecat has 60 seconds left.
|inactive|spellbreakvgc has 60 seconds left.
|
|t:|1757722603
|teamsize|p1|4
|teamsize|p2|4
|start
|switch|p1a: Rillaboom|Rillaboom, L50, F|100/100
|switch|p1b: Espathra|Espathra, L50, M, shiny|100/100
|switch|p2a: Ursaluna|Ursaluna-Bloodmoon, L50, M|100/100
|switch|p2b: Whimsicott|Whimsicott, L50, F|100/100
|-fieldstart|move: Grassy Terrain|[from] ability: Grassy Surge|[of] p1a: Rillaboom
|-enditem|p1b: Espathra|Grassy Seed
|-boost|p1b: Espathra|def|1|[from] item: Grassy Seed
|turn|1
|
|t:|1757722626
|-terastallize|p2a: Ursaluna|Normal
|move|p2b: Whimsicott|Tailwind|p2b: Whimsicott
|-sidestart|p2: spellbreakvgc|move: Tailwind
|move|p2a: Ursaluna|Blood Moon|p1b: Espathra
|-damage|p1b: Espathra|0 fnt
|faint|p1b: Espathra
|-damage|p2a: Ursaluna|91/100|[from] item: Life Orb
|move|p1a: Rillaboom|Wood Hammer|p2a: Ursaluna
|-damage|p2a: Ursaluna|29/100
|-damage|p1a: Rillaboom|82/100|[from] Recoil
|
|-heal|p2a: Ursaluna|34/100|[from] Grassy Terrain
|-heal|p1a: Rillaboom|87/100|[from] Grassy Terrain
|upkeep
|
|t:|1757722641
|switch|p1b: Magmar|Magmar, L50, F|100/100
|turn|2
|
|t:|1757722658
|move|p2a: Ursaluna|Protect|p2a: Ursaluna
|-singleturn|p2a: Ursaluna|Protect
|move|p2b: Whimsicott|Light Screen|p2b: Whimsicott
|-sidestart|p2: spellbreakvgc|move: Light Screen
|move|p1a: Rillaboom|Grassy Glide|p2a: Ursaluna
|-activate|p2a: Ursaluna|move: Protect
|move|p1b: Magmar|Heat Wave|p2a: Ursaluna|[spread] p2b
|-activate|p2a: Ursaluna|move: Protect
|-supereffective|p2b: Whimsicott
|-damage|p2b: Whimsicott|66/100
|
|-heal|p2b: Whimsicott|72/100|[from] Grassy Terrain
|-heal|p2a: Ursaluna|40/100|[from] Grassy Terrain
|-heal|p1a: Rillaboom|93/100|[from] Grassy Terrain
|upkeep
|turn|3
|
|t:|1757722676
|move|p2b: Whimsicott|Helping Hand|p2a: Ursaluna
|-singleturn|p2a: Ursaluna|Helping Hand|[of] p2b: Whimsicott
|move|p1b: Magmar|Protect|p1b: Magmar
|-singleturn|p1b: Magmar|Protect
|move|p2a: Ursaluna|Blood Moon|p1a: Rillaboom
|-damage|p1a: Rillaboom|0 fnt
|faint|p1a: Rillaboom
|-damage|p2a: Ursaluna|31/100|[from] item: Life Orb
|
|-heal|p2b: Whimsicott|78/100|[from] Grassy Terrain
|-heal|p2a: Ursaluna|36/100|[from] Grassy Terrain
|upkeep
|
|t:|1757722693
|switch|p1a: Arcanine|Arcanine-Hisui, L50, M, shiny|100/100
|-ability|p1a: Arcanine|Intimidate|boost
|-unboost|p2a: Ursaluna|atk|1
|-unboost|p2b: Whimsicott|atk|1
|turn|4
|
|t:|1757722717
|move|p1a: Arcanine|Protect|p1a: Arcanine
|-singleturn|p1a: Arcanine|Protect
|move|p2b: Whimsicott|Moonblast|p1a: Arcanine
|-activate|p1a: Arcanine|move: Protect
|move|p2a: Ursaluna|Hyper Voice|p1a: Arcanine|[spread] p1b
|-activate|p1a: Arcanine|move: Protect
|-damage|p1b: Magmar|45/100
|-damage|p2a: Ursaluna|27/100|[from] item: Life Orb
|move|p1b: Magmar|Heat Wave|p2b: Whimsicott|[spread] p2b
|-miss|p1b: Magmar|p2a: Ursaluna
|-supereffective|p2b: Whimsicott
|-damage|p2b: Whimsicott|43/100
|
|-heal|p2b: Whimsicott|49/100|[from] Grassy Terrain
|-heal|p2a: Ursaluna|33/100|[from] Grassy Terrain
|-heal|p1b: Magmar|50/100|[from] Grassy Terrain
|-sideend|p2: spellbreakvgc|move: Tailwind
|upkeep
|turn|5
|
|t:|1757722739
|move|p1a: Arcanine|Extreme Speed|p2b: Whimsicott
|-damage|p2b: Whimsicott|8/100
|move|p2b: Whimsicott|Tailwind|p2b: Whimsicott
|-sidestart|p2: spellbreakvgc|move: Tailwind
|move|p2a: Ursaluna|Blood Moon|p1a: Arcanine
|-resisted|p1a: Arcanine
|-damage|p1a: Arcanine|15/100
|-damage|p2a: Ursaluna|23/100|[from] item: Life Orb
|move|p1b: Magmar|Heat Wave|p2b: Whimsicott|[spread] p2a
|-miss|p1b: Magmar|p2b: Whimsicott
|-damage|p2a: Ursaluna|2/100
|
|-heal|p2b: Whimsicott|14/100|[from] Grassy Terrain
|-heal|p2a: Ursaluna|8/100|[from] Grassy Terrain
|-heal|p1b: Magmar|56/100|[from] Grassy Terrain
|-heal|p1a: Arcanine|21/100|[from] Grassy Terrain
|-fieldend|move: Grassy Terrain
|upkeep
|turn|6
|inactive|Alecat has 30 seconds left.
|inactive|Alecat has 20 seconds left.
|inactive|Alecat has 15 seconds left.
|inactive|Alecat has 10 seconds left.
|inactive|Alecat has 5 seconds left.
|
|t:|1757722791
|move|p2b: Whimsicott|Moonblast|p1a: Arcanine
|-resisted|p1a: Arcanine
|-damage|p1a: Arcanine|3/100
|move|p2a: Ursaluna|Hyper Voice|p1a: Arcanine|[spread] p1a,p1b
|-resisted|p1a: Arcanine
|-damage|p1a: Arcanine|0 fnt
|-damage|p1b: Magmar|5/100
|faint|p1a: Arcanine
|-damage|p2a: Ursaluna|0 fnt|[from] item: Life Orb
|faint|p2a: Ursaluna
|move|p1b: Magmar|Heat Wave|p2b: Whimsicott
|-supereffective|p2b: Whimsicott
|-damage|p2b: Whimsicott|0 fnt
|faint|p2b: Whimsicott
|
|-sideend|p2: spellbreakvgc|move: Light Screen
|upkeep
|
|t:|1757722795
|switch|p2b: Tatsugiri|Tatsugiri, L50, M|100/100
|switch|p2a: Dondozo|Dondozo, L50, F|100/100
|-activate|p2b: Tatsugiri|ability: Commander|[of] p2a: Dondozo
|-boost|p2a: Dondozo|atk|2
|-boost|p2a: Dondozo|spa|2
|-boost|p2a: Dondozo|spe|2
|-boost|p2a: Dondozo|def|2
|-boost|p2a: Dondozo|spd|2
|turn|7
|-message|Alecat forfeited.
|
|win|spellbreakvgc
||spellbreakvgc is ready for game 2.
||Alecat is ready for game 2.
|uhtml|next|Next: Game 2 of 3
|l|☆spellbreakvgc
|player|p2|
