|j|Ōśåshowdown finsta
|j|ŌśåLet Em Cook
|html|showdown finstaLet Em Cook    
|uhtml|bestof|Game 2 of a best-of-3
|t:|1783110370
|gametype|doubles
|player|p1|showdown finsta|rood|
|player|p2|Let Em Cook|n|
|gen|9
|tier|[Gen 9 Champions] VGC 2026 Reg M-B (Bo3)
|rule|Species Clause: Limit one of each Pok├®mon
|rule|Item Clause: Limit 1 of each item
|clearpoke
|poke|p1|Raichu, L50, M|
|poke|p1|Gholdengo, L50|
|poke|p1|Basculegion, L50, M|
|poke|p1|Whimsicott, L50, M|
|poke|p1|Incineroar, L50, F|
|poke|p1|Ninetales-Alola, L50, M|
|poke|p2|Gengar, L50, M|
|poke|p2|Incineroar, L50, F|
|poke|p2|Sinistcha, L50|
|poke|p2|Politoed, L50, M|
|poke|p2|Kingambit, L50, F|
|poke|p2|Kommo-o, L50, F|
|teampreview|4
|showteam|p1|Raichu||RaichuniteY|LightningRod|ZapCannon,FocusBlast,Protect,FakeOut|Timid||M|||50|]Gholdengo||LifeOrb|GoodasGold|MakeItRain,ShadowBall,Protect,NastyPlot|Timid|||||50|]Basculegion||MysticWater|Adaptability|LastRespects,AquaJet,WaveCrash,Protect|Jolly||M|||50|]Whimsicott||FocusSash|Prankster|Tailwind,Moonblast,Encore,Protect|Timid||M|||50|]Incineroar||SitrusBerry|Intimidate|FakeOut,PartingShot,FlareBlitz,ThroatChop|Adamant||F|||50|]Ninetales-Alola||NeverMeltIce|SnowWarning|Blizzard,Protect,FreezeDry,AuroraVeil|Timid||M|||50|
|showteam|p2|Gengar||Gengarite|CursedBody|ShadowBall,PerishSong,Disable,Protect|Bold||M|||50|]Incineroar||SitrusBerry|Intimidate|FakeOut,ThroatChop,PartingShot,Protect|Sassy||F|||50|]Sinistcha||CobaBerry|Hospitality|MatchaGotcha,RagePowder,TrickRoom,Protect|Calm|||||50|]Politoed||Leftovers|Drizzle|MuddyWater,PerishSong,Encore,Protect|Calm||M|||50|]Kingambit||ChopleBerry|Defiant|KowtowCleave,SuckerPunch,LowKick,Protect|Adamant||F|||50|]Kommo-o||DragonFang|Soundproof|AuraSphere,ClangingScales,ClangorousSoul,Protect|Modest||F|||50|
|c|Ōśåshowdown finsta|i need tera thats my baby ­¤ź║
|c|ŌśåLet Em Cook|bro I brought the wrong sinistcha
|
|t:|1783110416
|teamsize|p1|4
|teamsize|p2|4
|start
|switch|p1a: Raichu|Raichu, L50, M|100/100
|switch|p1b: Whimsicott|Whimsicott, L50, M|100/100
|switch|p2a: Gengar|Gengar, L50, M|100/100
|switch|p2b: Kommo-o|Kommo-o, L50, F|100/100
|turn|1
|c|Ōśåshowdown finsta|wow
|c|ŌśåLet Em Cook|I dont have the most important move on it
|c|Ōśåshowdown finsta|what move
|c|Ōśåshowdown finsta|strength sap
|c|ŌśåLet Em Cook|life dew
|c|Ōśåshowdown finsta|­¤żż
|c|Ōśåshowdown finsta|oh that too
|
|t:|1783110473
|detailschange|p2a: Gengar|Gengar-Mega, L50, M
|-mega|p2a: Gengar|Gengar|Gengarite
|move|p1a: Raichu|Protect|p1a: Raichu
|-singleturn|p1a: Raichu|Protect
|move|p1b: Whimsicott|Tailwind|p1b: Whimsicott
|-sidestart|p1: showdown finsta|move: Tailwind
|move|p2a: Gengar|Perish Song|p2a: Gengar
|-start|p1a: Raichu|perish3|[silent]
|-start|p1b: Whimsicott|perish3|[silent]
|-start|p2a: Gengar|perish3|[silent]
|-immune|p2b: Kommo-o|[from] ability: Soundproof
|-fieldactivate|move: Perish Song
|move|p2b: Kommo-o|Clangorous Soul|p2b: Kommo-o
|-boost|p2b: Kommo-o|atk|1
|-boost|p2b: Kommo-o|def|1
|-boost|p2b: Kommo-o|spa|1
|-boost|p2b: Kommo-o|spd|1
|-boost|p2b: Kommo-o|spe|1
|-damage|p2b: Kommo-o|67/100
|
|-start|p1b: Whimsicott|perish3
|-start|p1a: Raichu|perish3
|-start|p2a: Gengar|perish3
|upkeep
|turn|2
|c|Ōśåshowdown finsta|fuckass strat
|c|ŌśåLet Em Cook|ts is tuff bro
|
|t:|1783110521
|detailschange|p1a: Raichu|Raichu-Mega-Y, L50, M
|-mega|p1a: Raichu|Raichu|Raichunite Y
|move|p2b: Kommo-o|Protect|p2b: Kommo-o
|-singleturn|p2b: Kommo-o|Protect
|move|p1b: Whimsicott|Encore|p2b: Kommo-o
|-activate|p2b: Kommo-o|move: Protect
|move|p1a: Raichu|Zap Cannon|p2a: Gengar
|-damage|p2a: Gengar|14/100
|-status|p2a: Gengar|par
|move|p2a: Gengar|Disable|p1b: Whimsicott
|-start|p1b: Whimsicott|Disable|Encore
|
|-start|p1a: Raichu|perish2
|-start|p1b: Whimsicott|perish2
|-start|p2a: Gengar|perish2
|upkeep
|turn|3
|
|t:|1783110541
|move|p2a: Gengar|Protect|p2a: Gengar
|-singleturn|p2a: Gengar|Protect
|move|p1a: Raichu|Zap Cannon|p2a: Gengar
|-activate|p2a: Gengar|move: Protect
|move|p1b: Whimsicott|Moonblast|p2b: Kommo-o
|-supereffective|p2b: Kommo-o|2
|-damage|p2b: Kommo-o|0 fnt
|faint|p2b: Kommo-o
|
|-start|p1a: Raichu|perish1
|-start|p1b: Whimsicott|perish1
|-start|p2a: Gengar|perish1
|upkeep
|c|Ōśåshowdown finsta|my raichu gettin play ayo
|
|t:|1783110551
|switch|p2b: Sinistcha|Sinistcha, L50|100/100
|-heal|p2a: Gengar|39/100 par|[from] ability: Hospitality|[of] p2b: Sinistcha
|turn|4
|
|t:|1783110585
|move|p2b: Sinistcha|Protect|p2b: Sinistcha
|-singleturn|p2b: Sinistcha|Protect
|move|p1a: Raichu|Zap Cannon|p2a: Gengar
|-damage|p2a: Gengar|0 fnt
|faint|p2a: Gengar
|move|p1b: Whimsicott|Moonblast|p2b: Sinistcha
|-activate|p2b: Sinistcha|move: Protect
|
|-start|p1a: Raichu|perish0
|-start|p1b: Whimsicott|perish0
|-sideend|p1: showdown finsta|move: Tailwind
|faint|p1a: Raichu
|faint|p1b: Whimsicott
|upkeep
|
|t:|1783110590
|switch|p1a: Basculegion|Basculegion, L50, M|100/100
|switch|p1b: Gholdengo|Gholdengo, L50|100/100
|switch|p2a: Politoed|Politoed, L50, M|100/100
|-weather|RainDance|[from] ability: Drizzle|[of] p2a: Politoed
|turn|5
|c|Ōśåshowdown finsta|my plan came together blud
|
|t:|1783110614
|move|p1b: Gholdengo|Nasty Plot|p1b: Gholdengo
|-boost|p1b: Gholdengo|spa|2
|move|p1a: Basculegion|Last Respects|p2b: Sinistcha
|-supereffective|p2b: Sinistcha|1
|-damage|p2b: Sinistcha|0 fnt
|faint|p2b: Sinistcha
|move|p2a: Politoed|Muddy Water|p1b: Gholdengo|[spread] p1a,p1b
|-resisted|p1a: Basculegion|1
|-damage|p1a: Basculegion|82/100
|-damage|p1b: Gholdengo|60/100
|
|-weather|RainDance|[upkeep]
|upkeep
|turn|6
|
|t:|1783110628
|move|p1b: Gholdengo|Make It Rain|p2a: Politoed
|-resisted|p2a: Politoed|1
|-damage|p2a: Politoed|35/100
|-unboost|p1b: Gholdengo|spa|2
|-damage|p1b: Gholdengo|51/100|[from] item: Life Orb
|move|p1a: Basculegion|Last Respects|p2a: Politoed
|-damage|p2a: Politoed|0 fnt
|faint|p2a: Politoed
|
|win|showdown finsta
|c|ŌśåLet Em Cook|I shouldve swapped out the gengar sooner
