|j|☆mario51p
|j|☆Mashuno
|html|mario51pMashuno    
|uhtml|bestof|Game 2 of a best-of-3
|t:|1784828000
|gametype|doubles
|player|p1|mario51p|hilbert-wonderlauncher|1177
|player|p2|Mashuno|harlequin|1200
|gen|9
|tier|[Gen 9 Champions] VGC 2026 Reg M-B (Bo3)
|rated|
|rule|Species Clause: Limit one of each Pokémon
|rule|Item Clause: Limit 1 of each item
|clearpoke
|poke|p1|Staraptor, L50, M|
|poke|p1|Excadrill, L50, F|
|poke|p1|Tyranitar, L50, F|
|poke|p1|Sinistcha, L50|
|poke|p1|Gholdengo, L50|
|poke|p1|Maushold, L50|
|poke|p2|Blastoise, L50, F|
|poke|p2|Incineroar, L50, F|
|poke|p2|Sinistcha, L50|
|poke|p2|Ninetales-Alola, L50, F|
|poke|p2|Garchomp, L50, F|
|poke|p2|Corviknight, L50, M|
|teampreview|4
|showteam|p1|Staraptor||Staraptite|Intimidate|BraveBird,Tailwind,Protect,CloseCombat|Careful||M|||50|]Excadrill||FocusSash|SandRush|IronHead,HighHorsepower,RockSlide,Protect|Adamant||F|||50|]Tyranitar||ChoiceScarf|SandStream|IcePunch,RockSlide,KnockOff,LowKick|Jolly||F|||50|]Sinistcha||KasibBerry|Hospitality|MatchaGotcha,TrickRoom,RagePowder,Protect|Bold|||||50|]Gholdengo||LifeOrb|GoodasGold|MakeItRain,ShadowBall,Protect,NastyPlot|Modest|||||50|]Maushold||ChopleBerry|FriendGuard|Charm,SuperFang,Protect,FollowMe|Careful|||||50|
|showteam|p2|Blastoise||Blastoisinite|Torrent|Protect,ShellSmash,WaterSpout,DarkPulse|Modest||F|||50|]Incineroar||PasshoBerry|Intimidate|FakeOut,FlareBlitz,ThroatChop,PartingShot|Impish||F|||50|]Sinistcha||SitrusBerry|Hospitality|Protect,MatchaGotcha,RagePowder,TrickRoom|Bold|||||50|]Ninetales-Alola||FocusSash|SnowWarning|Protect,Moonblast,Blizzard,FreezeDry|Timid||F|||50|]Garchomp||LifeOrb|RoughSkin|Protect,DragonClaw,Earthquake,RockSlide|Jolly||F|||50|]Corviknight||Leftovers|MirrorArmor|BraveBird,Tailwind,IronHead,BodyPress|Impish||M|||50|
|
|t:|1784828042
|teamsize|p1|4
|teamsize|p2|4
|start
|switch|p1a: Staraptor|Staraptor, L50, M|100/100
|switch|p1b: Maushold|Maushold, L50|100/100
|switch|p2a: Blastoise|Blastoise, L50, F|100/100
|switch|p2b: Senketsu|Incineroar, L50, F|100/100
|-ability|p1a: Staraptor|Intimidate|boost
|-unboost|p2a: Blastoise|atk|1
|-unboost|p2b: Senketsu|atk|1
|-ability|p2b: Senketsu|Intimidate|boost
|-unboost|p1a: Staraptor|atk|1
|-unboost|p1b: Maushold|atk|1
|turn|1
|
|t:|1784828066
|detailschange|p1a: Staraptor|Staraptor-Mega, L50, M
|-mega|p1a: Staraptor|Staraptor|Staraptite
|detailschange|p2a: Blastoise|Blastoise-Mega, L50, F
|-mega|p2a: Blastoise|Blastoise|Blastoisinite
|move|p2b: Senketsu|Fake Out|p1a: Staraptor
|-damage|p1a: Staraptor|94/100
|move|p1b: Maushold|Charm|p2a: Blastoise
|-unboost|p2a: Blastoise|atk|2
|cant|p1a: Staraptor|flinch
|move|p2a: Blastoise|Shell Smash|p2a: Blastoise
|-unboost|p2a: Blastoise|def|1
|-unboost|p2a: Blastoise|spd|1
|-boost|p2a: Blastoise|atk|2
|-boost|p2a: Blastoise|spa|2
|-boost|p2a: Blastoise|spe|2
|
|upkeep
|turn|2
|
|t:|1784828094
|switch|p2b: Garchomp|Garchomp, L50, F|100/100
|move|p1b: Maushold|Protect|p1b: Maushold
|-singleturn|p1b: Maushold|Protect
|move|p1a: Staraptor|Protect|p1a: Staraptor
|-singleturn|p1a: Staraptor|Protect
|move|p2a: Blastoise|Water Spout|p1b: Maushold|[spread] 
|-activate|p1a: Staraptor|move: Protect
|-activate|p1b: Maushold|move: Protect
|
|upkeep
|turn|3
|
|t:|1784828120
|move|p2a: Blastoise|Water Spout|p1a: Staraptor|[spread] p1a,p1b
|-damage|p1a: Staraptor|0 fnt
|-damage|p1b: Maushold|0 fnt
|faint|p1a: Staraptor
|faint|p1b: Maushold
|move|p2b: Garchomp|Dragon Claw|p1: Staraptor|[notarget]
|-fail|p2b: Garchomp
|
|upkeep
|
|t:|1784828127
|switch|p1b: Sinistcha|Sinistcha, L50|100/100
|switch|p1a: Gholdengo|Gholdengo, L50|100/100
|turn|4
|
|t:|1784828144
|switch|p2b: Senketsu|Incineroar, L50, F|100/100
|-ability|p2b: Senketsu|Intimidate|boost
|-unboost|p1a: Gholdengo|atk|1
|-unboost|p1b: Sinistcha|atk|1
|move|p1a: Gholdengo|Protect|p1a: Gholdengo
|-singleturn|p1a: Gholdengo|Protect
|move|p2a: Blastoise|Dark Pulse|p1b: Sinistcha
|-supereffective|p1b: Sinistcha|1
|-damage|p1b: Sinistcha|0 fnt
|faint|p1b: Sinistcha
|
|upkeep
|turn|5
|
|t:|1784828159
|move|p2a: Blastoise|Dark Pulse|p1a: Gholdengo
|-supereffective|p1a: Gholdengo|1
|-damage|p1a: Gholdengo|0 fnt
|faint|p1a: Gholdengo
|
|win|Mashuno
|raw|mario51p's rating: 1177 → 1154(-23 for losing)
|raw|Mashuno's rating: 1200 → 1223(+23 for winning)
|c|☆Mashuno|ggs
|l|☆mario51p
|player|p1|
