|j|☆Buhbuhbuhdoof
|j|☆jagheter
|html|Buhbuhbuhdoofjagheter    
|uhtml|bestof|Game 1 of a best-of-3
|t:|1756446188
|gametype|doubles
|player|p1|Buhbuhbuhdoof|102|1040
|player|p2|jagheter|worker|1103
|gen|9
|tier|[Gen 9] VGC 2025 Reg H (Bo3)
|rated|
|rule|Species Clause: Limit one of each Pokémon
|rule|Item Clause: Limit 1 of each item
|clearpoke
|poke|p1|Ninetales-Alola, L50, F|
|poke|p1|Abomasnow, L50, F|
|poke|p1|Indeedee-F, L50, F|
|poke|p1|Baxcalibur, L50, M|
|poke|p1|Lapras, L50, M|
|poke|p1|Annihilape, L50, M|
|poke|p2|Venusaur, L50, F|
|poke|p2|Volcarona, L50, F|
|poke|p2|Incineroar, L50, M|
|poke|p2|Grimmsnarl, L50, M|
|poke|p2|Dondozo, L50, M|
|poke|p2|Rillaboom, L50, M|
|teampreview|4
|showteam|p1|Ninetales-Alola||LightClay|SnowWarning|AuroraVeil,Blizzard,Moonblast,Protect|||F|||50|,,,,,Water]Abomasnow||SitrusBerry|SnowWarning|EnergyBall,Blizzard,Protect,LeechSeed|||F|||50|,,,,,Fire]Indeedee-F||MentalHerb|PsychicSurge|TrickRoom,FollowMe,Protect,Psychic|||F|||50|,,,,,Dark]Baxcalibur||LifeOrb|IceBody|GlaiveRush,IcicleCrash,Protect,DragonDance|||M|||50|,,,,,Fire]Lapras||Leftovers|WaterAbsorb|HydroPump,FreezeDry,Protect,PerishSong|||M|||50|,,,,,Grass]Annihilape||SafetyGoggles|Defiant|CloseCombat,RageFist,BulkUp,Protect|||M|||50|,,,,,Fighting
|showteam|p2|Venusaur||WideLens|Chlorophyll|SleepPowder,Protect,SludgeBomb,EarthPower|||F|||50|,,,,,Ghost]Volcarona||CovertCloak|FlameBody|FieryDance,GigaDrain,QuiverDance,Protect|||F|||50|,,,,,Dragon]Incineroar||MirrorHerb|Intimidate|FakeOut,KnockOff,Taunt,FlareBlitz|||M|||50|,,,,,Ghost]Grimmsnarl||BlackGlasses|Prankster|Reflect,LightScreen,SpiritBreak,SuckerPunch|||M|||50|,,,,,Dark]Dondozo||Leftovers|Unaware|Fissure,Protect,Liquidation,Yawn|||M|||50|,,,,,Ghost]Rillaboom||AssaultVest|GrassySurge|FakeOut,WoodHammer,GrassyGlide,Uturn|||M|||50|,,,,,Fire
|inactive|Battle timer is ON: inactive players will automatically lose when time's up. (requested by Buhbuhbuhdoof)
|
|t:|1756446272
|teamsize|p1|4
|teamsize|p2|4
|start
|switch|p1a: Annihilape|Annihilape, L50, M|100/100
|switch|p1b: Indeedee|Indeedee-F, L50, F|100/100
|switch|p2a: Venusaur|Venusaur, L50, F, shiny|100/100
|switch|p2b: Incineroar|Incineroar, L50, M, shiny|100/100
|-ability|p2b: Incineroar|Intimidate|boost
|-unboost|p1a: Annihilape|atk|1
|-ability|p1a: Annihilape|Defiant|boost
|-boost|p1a: Annihilape|atk|2
|-unboost|p1b: Indeedee|atk|1
|-fieldstart|move: Psychic Terrain|[from] ability: Psychic Surge|[of] p1b: Indeedee
|-enditem|p2b: Incineroar|Mirror Herb
|-boost|p2b: Incineroar|atk|2|[from] item: Mirror Herb
|turn|1
|
|t:|1756446297
|-terastallize|p2b: Incineroar|Ghost
|move|p1a: Annihilape|Close Combat|p2b: Incineroar
|-immune|p2b: Incineroar
|move|p2a: Venusaur|Sleep Powder|p1b: Indeedee
|-status|p1b: Indeedee|slp|[from] move: Sleep Powder
|move|p2b: Incineroar|Flare Blitz|p1a: Annihilape
|-damage|p1a: Annihilape|0 fnt
|faint|p1a: Annihilape
|-damage|p2b: Incineroar|70/100|[from] Recoil
|cant|p1b: Indeedee|slp
|
|upkeep
|
|t:|1756446316
|switch|p1a: Ninetales|Ninetales-Alola, L50, F|100/100
|-weather|Snowscape|[from] ability: Snow Warning|[of] p1a: Ninetales
|turn|2
|
|t:|1756446335
|move|p1a: Ninetales|Protect|p1a: Ninetales
|-singleturn|p1a: Ninetales|Protect
|move|p2a: Venusaur|Sleep Powder|p1a: Ninetales
|-activate|p1a: Ninetales|move: Protect
|move|p2b: Incineroar|Flare Blitz|p1a: Ninetales
|-activate|p1a: Ninetales|move: Protect
|cant|p1b: Indeedee|slp
|
|-weather|Snowscape|[upkeep]
|upkeep
|turn|3
|inactive|Buhbuhbuhdoof has 30 seconds left.
|
|t:|1756446360
|-terastallize|p1a: Ninetales|Water
|move|p1a: Ninetales|Blizzard|p2b: Incineroar|[spread] p2a,p2b
|-supereffective|p2a: Venusaur
|-damage|p2a: Venusaur|41/100
|-damage|p2b: Incineroar|38/100
|-status|p2a: Venusaur|frz
|cant|p2a: Venusaur|frz
|move|p2b: Incineroar|Knock Off|p1b: Indeedee
|-supereffective|p1b: Indeedee
|-damage|p1b: Indeedee|0 fnt
|-enditem|p1b: Indeedee|Mental Herb|[from] move: Knock Off|[of] p2b: Incineroar
|faint|p1b: Indeedee
|
|-weather|Snowscape|[upkeep]
|upkeep
|
|t:|1756446375
|switch|p1b: Lapras|Lapras, L50, M|100/100
|turn|4
|
|t:|1756446396
|-curestatus|p2a: Venusaur|frz|[msg]
|move|p2a: Venusaur|Protect|p2a: Venusaur
|-singleturn|p2a: Venusaur|Protect
|move|p1a: Ninetales|Blizzard|p2a: Venusaur|[spread] p2b
|-activate|p2a: Venusaur|move: Protect
|-damage|p2b: Incineroar|11/100
|move|p2b: Incineroar|Knock Off|p1b: Lapras
|-crit|p1b: Lapras
|-damage|p1b: Lapras|14/100
|-enditem|p1b: Lapras|Leftovers|[from] move: Knock Off|[of] p2b: Incineroar
|move|p1b: Lapras|Hydro Pump|p2b: Incineroar
|-damage|p2b: Incineroar|0 fnt
|faint|p2b: Incineroar
|
|-weather|Snowscape|[upkeep]
|upkeep
|
|t:|1756446413
|switch|p2b: Volcarona|Volcarona, L50, F, shiny|100/100
|turn|5
|
|t:|1756446424
|switch|p2a: Dondozo|Dondozo, L50, M, shiny|100/100
|move|p1a: Ninetales|Blizzard|p2a: Dondozo|[spread] p2a,p2b
|-resisted|p2a: Dondozo
|-resisted|p2b: Volcarona
|-damage|p2a: Dondozo|88/100
|-damage|p2b: Volcarona|86/100
|move|p2b: Volcarona|Fiery Dance|p1b: Lapras
|-damage|p1b: Lapras|0 fnt
|-boost|p2b: Volcarona|spa|1
|faint|p1b: Lapras
|
|-weather|Snowscape|[upkeep]
|-heal|p2a: Dondozo|94/100|[from] item: Leftovers
|-fieldend|move: Psychic Terrain
|upkeep
|turn|6
|-message|Buhbuhbuhdoof forfeited.
|
|win|jagheter
||jagheter is ready for game 2.
||Buhbuhbuhdoof is ready for game 2.
|uhtml|next|Next: Game 2 of 3
