|j|☆pokeopposition
|j|☆dOyOb
|html|pokeoppositiondOyOb    
|uhtml|bestof|Game 1 of a best-of-3
|t:|1782410455
|gametype|doubles
|player|p1|pokeopposition|silver|1107
|player|p2|dOyOb|lucas|1000
|gen|9
|tier|[Gen 9 Champions] VGC 2026 Reg M-B (Bo3)
|rated|
|rule|Species Clause: Limit one of each Pokémon
|rule|Item Clause: Limit 1 of each item
|clearpoke
|poke|p1|Aerodactyl, L50, F, shiny|
|poke|p1|Charizard, L50, M, shiny|
|poke|p1|Zoroark-Hisui, L50, M|
|poke|p1|Garchomp, L50, M, shiny|
|poke|p1|Kingambit, L50, M, shiny|
|poke|p1|Meowscarada, L50, F, shiny|
|poke|p2|Heracross, L50, F|
|poke|p2|Basculegion, L50, M|
|poke|p2|Pelipper, L50, F|
|poke|p2|Whimsicott, L50, F|
|poke|p2|Archaludon, L50, F|
|poke|p2|Raichu, L50, F|
|teampreview|4
|showteam|p1|Aerodactyl||Aerodactylite|Unnerve|DualWingbeat,RockSlide,Tailwind,WideGuard|Jolly||F|||50|]Charizard||CharizarditeY|Blaze|HeatWave,WeatherBall,SolarBeam,Protect|Modest||M|||50|]Zoroark-Hisui||FocusSash|Illusion|HyperVoice,BitterMalice,Taunt,Protect|Timid||M|||50|]Garchomp||LifeOrb|RoughSkin|DragonClaw,RockSlide,Earthquake,Protect|Jolly||M|||50|]Kingambit||ChopleBerry|Defiant|SuckerPunch,KowtowCleave,LowKick,Protect|Adamant||M|||50|]Meowscarada||ChoiceScarf|Protean|FlowerTrick,KnockOff,PlayRough,Uturn|Jolly||F|||50|
|showteam|p2|Heracross||Heracronite|Swarm|PinMissile,BulletSeed,Protect,CloseCombat|Jolly||F|||50|]Basculegion||ChoiceScarf|Adaptability|LastRespects,WaveCrash,FlipTurn,AquaJet|Serious||M|||50|]Pelipper||FocusSash|Drizzle|Tailwind,WeatherBall,Hurricane,Protect|Timid||F|||50|]Whimsicott||OccaBerry|Prankster|Tailwind,Encore,Protect,Moonblast|Calm||F|||50|]Archaludon||Leftovers|Stamina|ElectroShot,DragonPulse,FlashCannon,Protect|Modest||F|||50|]Raichu||RaichuniteY|Static|FakeOut,ZapCannon,VoltSwitch,Protect|Timid||F|||50|
|
|t:|1782410504
|teamsize|p1|4
|teamsize|p2|4
|start
|switch|p1a: Charizard|Charizard, L50, M, shiny|100/100
|switch|p1b: Aerodactyl|Aerodactyl, L50, F, shiny|100/100
|switch|p2a: Heracross|Heracross, L50, F|100/100
|switch|p2b: Whimsicott|Whimsicott, L50, F|100/100
|-ability|p1b: Aerodactyl|Unnerve
|turn|1
|
|t:|1782410548
|switch|p2a: Pelipper|Pelipper, L50, F|100/100
|-weather|RainDance|[from] ability: Drizzle|[of] p2a: Pelipper
|move|p2b: Whimsicott|Tailwind|p2b: Whimsicott
|-sidestart|p2: dOyOb|move: Tailwind
|move|p1b: Aerodactyl|Tailwind|p1b: Aerodactyl
|-sidestart|p1: pokeopposition|move: Tailwind
|move|p1a: Charizard|Bitter Malice|p2a: Pelipper
|-damage|p2a: Pelipper|29/100
|-unboost|p2a: Pelipper|atk|1
|
|-weather|RainDance|[upkeep]
|upkeep
|turn|2
|
|t:|1782410585
|switch|p1b: Meowscarada|Meowscarada, L50, F, shiny|100/100
|move|p2b: Whimsicott|Encore|p1b: Meowscarada
|-hint|Since gen 7, Dark is immune to Prankster moves.
|-immune|p1b: Meowscarada
|move|p1a: Charizard|Bitter Malice|p2b: Whimsicott
|-damage|p2b: Whimsicott|60/100
|-unboost|p2b: Whimsicott|atk|1
|move|p2a: Pelipper|Weather Ball|p1a: Charizard
|-enditem|p1a: Charizard|Focus Sash
|-damage|p1a: Charizard|1/100
|replace|p1a: Zoroark|Zoroark-Hisui, L50, M
|-end|p1a: Zoroark|Illusion
|
|-weather|RainDance|[upkeep]
|upkeep
|turn|3
|
|t:|1782410615
|switch|p2b: Heracross|Heracross, L50, F|100/100
|move|p1b: Meowscarada|U-turn|p2b: Heracross
|-start|p1b: Meowscarada|typechange|Bug|[from] ability: Protean
|-resisted|p2b: Heracross|1
|-damage|p2b: Heracross|77/100
|
|t:|1782410626
|switch|p1b: Aerodactyl|Aerodactyl, L50, F, shiny|100/100|[from] U-turn
|-ability|p1b: Aerodactyl|Unnerve
|move|p1a: Zoroark|Taunt|p2b: Heracross
|-start|p2b: Heracross|move: Taunt
|move|p2a: Pelipper|Hurricane|p1b: Aerodactyl
|-resisted|p1b: Aerodactyl|1
|-damage|p1b: Aerodactyl|70/100
|-start|p1b: Aerodactyl|confusion
|
|-weather|RainDance|[upkeep]
|upkeep
|turn|4
|
|t:|1782410668
|detailschange|p1b: Aerodactyl|Aerodactyl-Mega, L50, F, shiny
|-mega|p1b: Aerodactyl|Aerodactyl|Aerodactylite
|detailschange|p2b: Heracross|Heracross-Mega, L50, F
|-mega|p2b: Heracross|Heracross|Heracronite
|-activate|p1b: Aerodactyl|confusion
|move|p1b: Aerodactyl|Dual Wingbeat|p2b: Heracross
|-supereffective|p2b: Heracross|2
|-damage|p2b: Heracross|0 fnt
|faint|p2b: Heracross
|-hitcount|p2: Heracross|1
|move|p1a: Zoroark|Taunt|p2a: Pelipper
|-start|p2a: Pelipper|move: Taunt
|move|p2a: Pelipper|Hurricane|p1a: Zoroark
|-damage|p1a: Zoroark|0 fnt
|faint|p1a: Zoroark
|
|-weather|RainDance|[upkeep]
|-sideend|p2: dOyOb|move: Tailwind
|-sideend|p1: pokeopposition|move: Tailwind
|upkeep
|
|t:|1782410687
|switch|p1a: Charizard|Charizard, L50, M, shiny|100/100
|switch|p2b: Archaludon|Archaludon, L50, F|100/100
|turn|5
|
|t:|1782410722
|-end|p1b: Aerodactyl|confusion
|move|p1b: Aerodactyl|Rock Slide|p2a: Pelipper|[spread] p2a,p2b
|-supereffective|p2a: Pelipper|1
|-resisted|p2b: Archaludon|1
|-damage|p2a: Pelipper|0 fnt
|-damage|p2b: Archaludon|87/100
|-ability|p2b: Archaludon|Stamina|boost
|-boost|p2b: Archaludon|def|1
|faint|p2a: Pelipper
|move|p1a: Charizard|Heat Wave|p2b: Archaludon
|-damage|p2b: Archaludon|52/100
|-ability|p2b: Archaludon|Stamina|boost
|-boost|p2b: Archaludon|def|1
|cant|p2b: Archaludon|flinch
|
|-weather|none
|-heal|p2b: Archaludon|58/100|[from] item: Leftovers
|upkeep
|-message|dOyOb forfeited.
|
|win|pokeopposition
|l|☆dOyOb
|player|p2|
||pokeopposition is ready for game 2.
