|j|☆takedownmy
|j|☆sille rovert
|html|takedownmysille rovert    
|uhtml|bestof|Game 3 of a best-of-3
|t:|1756578275
|gametype|doubles
|player|p1|takedownmy|102|1232
|player|p2|sille rovert|trevor|1277
|gen|9
|tier|[Gen 9] VGC 2025 Reg H (Bo3)
|rated|
|rule|Species Clause: Limit one of each Pokémon
|rule|Item Clause: Limit 1 of each item
|clearpoke
|poke|p1|Glalie, L50, F|
|poke|p1|Incineroar, L50, M|
|poke|p1|Rillaboom, L50, F|
|poke|p1|Ninetales-Alola, L50, F|
|poke|p1|Gholdengo, L50|
|poke|p1|Sneasler, L50, M|
|poke|p2|Smeargle, L50, M|
|poke|p2|Gholdengo, L50|
|poke|p2|Hydreigon, L50, F|
|poke|p2|Rillaboom, L50, M|
|poke|p2|Porygon2, L50|
|poke|p2|Sneasler, L50, F|
|teampreview|4
|showteam|p1|Glalie||Leftovers|Moody|IceBeam,TeraBlast,Substitute,Protect|||F|||50|,,,,,Electric]Incineroar||SafetyGoggles|Intimidate|FlareBlitz,KnockOff,PartingShot,FakeOut|||M|||50|,,,,,Ghost]Rillaboom||AssaultVest|GrassySurge|FakeOut,GrassyGlide,DrumBeating,HighHorsepower|||F|||50|,,,,,Fire]Ninetales-Alola||FocusSash|SnowWarning|Blizzard,IcyWind,Encore,AuroraVeil|||F|||50|,,,,,Ghost]Gholdengo||GrassySeed|GoodasGold|NastyPlot,MakeItRain,ShadowBall,Protect||||||50|,,,,,Water]Sneasler||WhiteHerb|Unburden|CloseCombat,DireClaw,ThroatChop,Protect|||M|||50|,,,,,Dark
|showteam|p2|Smeargle||FocusSash|Moody|Spore,SpikyShield,Ruination,FollowMe|||M|||50|,,,,,Ghost]Gholdengo||Leftovers|GoodasGold|MakeItRain,ShadowBall,NastyPlot,Protect||||||50|,,,,,Water]Hydreigon||LifeOrb|Levitate|HeatWave,DarkPulse,Protect,DracoMeteor|||F|||50|,,,,,Fire]Rillaboom||AssaultVest|GrassySurge|WoodHammer,GrassyGlide,FakeOut,HighHorsepower|||M|||50|,,,,,Fire]Porygon2||Eviolite|Download|IceBeam,TeraBlast,Recover,TrickRoom||||||50|,,,,,Ground]Sneasler||GrassySeed|Unburden|FakeOut,CloseCombat,DireClaw,Protect|||F|||50|,,,,,Stellar
|inactive|Battle timer is ON: inactive players will automatically lose when time's up. (requested by takedownmy)
|
|t:|1756578303
|teamsize|p1|4
|teamsize|p2|4
|start
|switch|p1a: Glalie|Glalie, L50, F|100/100
|switch|p1b: Gholdengo|Gholdengo, L50|100/100
|switch|p2a: Surprised|Sneasler, L50, F|100/100
|switch|p2b: Goldstein|Gholdengo, L50|100/100
|turn|1
|
|t:|1756578325
|switch|p1b: Incineroar|Incineroar, L50, M|100/100
|-ability|p1b: Incineroar|Intimidate|boost
|-unboost|p2a: Surprised|atk|1
|-unboost|p2b: Goldstein|atk|1
|switch|p2b: hide|Hydreigon, L50, F|100/100
|-terastallize|p1a: Glalie|Electric
|move|p2a: Surprised|Fake Out|p1a: Glalie
|-damage|p1a: Glalie|88/100
|cant|p1a: Glalie|flinch
|
|-heal|p1a: Glalie|94/100|[from] item: Leftovers
|-ability|p1a: Glalie|Moody|boost
|-boost|p1a: Glalie|atk|2
|-unboost|p1a: Glalie|spa|1
|upkeep
|turn|2
|
|t:|1756578342
|move|p1b: Incineroar|Fake Out|p2b: hide
|-crit|p2b: hide
|-damage|p2b: hide|83/100
|move|p2a: Surprised|Dire Claw|p1a: Glalie
|-damage|p1a: Glalie|57/100
|-status|p1a: Glalie|slp
|cant|p2b: hide|flinch
|cant|p1a: Glalie|slp
|
|-heal|p1a: Glalie|63/100 slp|[from] item: Leftovers
|-ability|p1a: Glalie|Moody|boost
|-boost|p1a: Glalie|def|2
|-unboost|p1a: Glalie|atk|1
|upkeep
|turn|3
|
|t:|1756578356
|-curestatus|p1a: Glalie|slp|[msg]
|move|p1a: Glalie|Protect|p1a: Glalie
|-singleturn|p1a: Glalie|Protect
|move|p2a: Surprised|Close Combat|p1b: Incineroar
|-supereffective|p1b: Incineroar
|-damage|p1b: Incineroar|16/100
|-unboost|p2a: Surprised|def|1
|-unboost|p2a: Surprised|spd|1
|move|p2b: hide|Dark Pulse|p1a: Glalie
|-activate|p1a: Glalie|move: Protect
|move|p1b: Incineroar|Parting Shot|p2b: hide
|-unboost|p2b: hide|atk|1
|-unboost|p2b: hide|spa|1
|
|t:|1756578370
|switch|p1b: Ninetales|Ninetales-Alola, L50, F|100/100|[from] Parting Shot
|-weather|Snowscape|[from] ability: Snow Warning|[of] p1b: Ninetales
|
|-weather|Snowscape|[upkeep]
|-heal|p1a: Glalie|69/100|[from] item: Leftovers
|-ability|p1a: Glalie|Moody|boost
|-boost|p1a: Glalie|def|2
|-unboost|p1a: Glalie|atk|1
|upkeep
|turn|4
|
|t:|1756578392
|switch|p2b: Goldstein|Gholdengo, L50|100/100
|move|p2a: Surprised|Dire Claw|p1a: Glalie
|-damage|p1a: Glalie|57/100
|move|p1b: Ninetales|Blizzard|p2b: Goldstein|[spread] p2a,p2b
|-resisted|p2b: Goldstein
|-damage|p2a: Surprised|35/100
|-damage|p2b: Goldstein|85/100
|move|p1a: Glalie|Substitute|p1a: Glalie
|-start|p1a: Glalie|Substitute
|-damage|p1a: Glalie|32/100
|
|-weather|Snowscape|[upkeep]
|-heal|p1a: Glalie|38/100|[from] item: Leftovers
|-heal|p2b: Goldstein|92/100|[from] item: Leftovers
|-ability|p1a: Glalie|Moody|boost
|-boost|p1a: Glalie|def|2
|-unboost|p1a: Glalie|atk|1
|upkeep
|turn|5
|
|t:|1756578416
|move|p2a: Surprised|Dire Claw|p1b: Ninetales
|-supereffective|p1b: Ninetales
|-damage|p1b: Ninetales|48/100
|-status|p1b: Ninetales|psn
|move|p1b: Ninetales|Aurora Veil|p1b: Ninetales
|-sidestart|p1: takedownmy|move: Aurora Veil
|move|p1a: Glalie|Ice Beam|p2a: Surprised
|-damage|p2a: Surprised|0 fnt
|faint|p2a: Surprised
|move|p2b: Goldstein|Nasty Plot|p2b: Goldstein
|-boost|p2b: Goldstein|spa|2
|
|-weather|Snowscape|[upkeep]
|-heal|p1a: Glalie|44/100|[from] item: Leftovers
|-heal|p2b: Goldstein|98/100|[from] item: Leftovers
|-damage|p1b: Ninetales|36/100 psn|[from] psn
|-ability|p1a: Glalie|Moody|boost
|-boost|p1a: Glalie|spd|2
|-unboost|p1a: Glalie|def|1
|upkeep
|
|t:|1756578431
|switch|p2a: hide|Hydreigon, L50, F|83/100
|turn|6
|
|t:|1756578447
|-terastallize|p2a: hide|Fire
|move|p1a: Glalie|Protect|p1a: Glalie
|-singleturn|p1a: Glalie|Protect
|move|p2b: Goldstein|Protect|p2b: Goldstein
|-singleturn|p2b: Goldstein|Protect
|move|p1b: Ninetales|Icy Wind|p2b: Goldstein|[spread] 
|-activate|p2b: Goldstein|move: Protect
|-miss|p1b: Ninetales|p2a: hide
|move|p2a: hide|Heat Wave|p1a: Glalie|[spread] p1b
|-activate|p1a: Glalie|move: Protect
|-supereffective|p1b: Ninetales
|-damage|p1b: Ninetales|0 fnt
|faint|p1b: Ninetales
|-damage|p2a: hide|74/100|[from] item: Life Orb
|
|-weather|Snowscape|[upkeep]
|-heal|p1a: Glalie|50/100|[from] item: Leftovers
|-heal|p2b: Goldstein|100/100|[from] item: Leftovers
|-ability|p1a: Glalie|Moody|boost
|-boost|p1a: Glalie|atk|2
|-unboost|p1a: Glalie|def|1
|upkeep
|
|t:|1756578467
|switch|p1b: Incineroar|Incineroar, L50, M|16/100
|-ability|p1b: Incineroar|Intimidate|boost
|-unboost|p2a: hide|atk|1
|-unboost|p2b: Goldstein|atk|1
|turn|7
|
|t:|1756578475
|move|p1b: Incineroar|Fake Out|p2a: hide
|-damage|p2a: hide|60/100
|cant|p2a: hide|flinch
|move|p1a: Glalie|Tera Blast|p2b: Goldstein|[anim] Tera Blast Electric
|-damage|p2b: Goldstein|69/100
|move|p2b: Goldstein|Nasty Plot|p2b: Goldstein
|-boost|p2b: Goldstein|spa|2
|
|-weather|none
|-heal|p1a: Glalie|57/100|[from] item: Leftovers
|-heal|p2b: Goldstein|75/100|[from] item: Leftovers
|-ability|p1a: Glalie|Moody|boost
|-boost|p1a: Glalie|spe|2
|-unboost|p1a: Glalie|spd|1
|upkeep
|turn|8
|
|t:|1756578500
|move|p1a: Glalie|Protect|p1a: Glalie
|-singleturn|p1a: Glalie|Protect
|move|p2a: hide|Dark Pulse|p1b: Incineroar
|-resisted|p1b: Incineroar
|-damage|p1b: Incineroar|3/100
|-damage|p2a: hide|50/100|[from] item: Life Orb
|move|p2b: Goldstein|Shadow Ball|p1a: Glalie
|-activate|p1a: Glalie|move: Protect
|move|p1b: Incineroar|Parting Shot|p2a: hide
|-unboost|p2a: hide|atk|1
|-unboost|p2a: hide|spa|1
|
|t:|1756578506
|switch|p1b: Gholdengo|Gholdengo, L50|100/100|[from] Parting Shot
|
|-heal|p1a: Glalie|63/100|[from] item: Leftovers
|-heal|p2b: Goldstein|81/100|[from] item: Leftovers
|-ability|p1a: Glalie|Moody|boost
|-boost|p1a: Glalie|spe|2
|-unboost|p1a: Glalie|def|1
|upkeep
|turn|9
|
|t:|1756578526
|switch|p2a: look over here|Smeargle, L50, M|100/100
|move|p2b: Goldstein|Protect|p2b: Goldstein
|-singleturn|p2b: Goldstein|Protect
|move|p1a: Glalie|Tera Blast|p2a: look over here|[anim] Tera Blast Electric
|-damage|p2a: look over here|30/100
|move|p1b: Gholdengo|Shadow Ball|p2b: Goldstein
|-activate|p2b: Goldstein|move: Protect
|
|-heal|p1a: Glalie|69/100|[from] item: Leftovers
|-heal|p2b: Goldstein|87/100|[from] item: Leftovers
|-sideend|p1: takedownmy|move: Aurora Veil
|-ability|p1a: Glalie|Moody|boost
|-boost|p1a: Glalie|spd|2
|-unboost|p1a: Glalie|spe|1
|-ability|p2a: look over here|Moody|boost
|-boost|p2a: look over here|spa|2
|-unboost|p2a: look over here|spd|1
|upkeep
|turn|10
|
|t:|1756578541
|move|p1b: Gholdengo|Protect|p1b: Gholdengo
|-singleturn|p1b: Gholdengo|Protect
|move|p2a: look over here|Follow Me|p2a: look over here
|-singleturn|p2a: look over here|move: Follow Me
|move|p1a: Glalie|Ice Beam|p2a: look over here
|-damage|p2a: look over here|0 fnt
|faint|p2a: look over here
|move|p2b: Goldstein|Shadow Ball|p1b: Gholdengo
|-activate|p1b: Gholdengo|move: Protect
|
|-heal|p1a: Glalie|75/100|[from] item: Leftovers
|-heal|p2b: Goldstein|94/100|[from] item: Leftovers
|-ability|p1a: Glalie|Moody|boost
|-boost|p1a: Glalie|spa|2
|-unboost|p1a: Glalie|def|1
|upkeep
|
|t:|1756578543
|switch|p2a: hide|Hydreigon, L50, F, tera:Fire|50/100
|turn|11
|
|t:|1756578568
|move|p2a: hide|Protect|p2a: hide
|-singleturn|p2a: hide|Protect
|move|p1a: Glalie|Tera Blast|p2a: hide|[anim] Tera Blast Electric
|-activate|p2a: hide|move: Protect
|move|p1b: Gholdengo|Shadow Ball|p2b: Goldstein
|-supereffective|p2b: Goldstein
|-damage|p2b: Goldstein|22/100
|move|p2b: Goldstein|Shadow Ball|p1b: Gholdengo
|-supereffective|p1b: Gholdengo
|-damage|p1b: Gholdengo|0 fnt
|faint|p1b: Gholdengo
|
|-heal|p1a: Glalie|82/100|[from] item: Leftovers
|-heal|p2b: Goldstein|28/100|[from] item: Leftovers
|-ability|p1a: Glalie|Moody|boost
|-boost|p1a: Glalie|spe|2
|-unboost|p1a: Glalie|def|1
|upkeep
|
|t:|1756578578
|switch|p1b: Incineroar|Incineroar, L50, M|3/100
|-ability|p1b: Incineroar|Intimidate|boost
|-unboost|p2a: hide|atk|1
|-unboost|p2b: Goldstein|atk|1
|turn|12
|
|t:|1756578587
|move|p2b: Goldstein|Protect|p2b: Goldstein
|-singleturn|p2b: Goldstein|Protect
|move|p1b: Incineroar|Fake Out|p2a: hide
|-damage|p2a: hide|39/100
|move|p1a: Glalie|Tera Blast|p2b: Goldstein|[anim] Tera Blast Electric
|-activate|p2b: Goldstein|move: Protect
|cant|p2a: hide|flinch
|
|-heal|p1a: Glalie|88/100|[from] item: Leftovers
|-heal|p2b: Goldstein|34/100|[from] item: Leftovers
|-ability|p1a: Glalie|Moody|boost
|-boost|p1a: Glalie|atk|2
|-unboost|p1a: Glalie|def|1
|upkeep
|turn|13
|
|t:|1756578595
|move|p1a: Glalie|Tera Blast|p2b: Goldstein|[anim] Tera Blast Electric
|-damage|p2b: Goldstein|0 fnt
|faint|p2b: Goldstein
|move|p2a: hide|Dark Pulse|p1a: Glalie
|-crit|p1a: Glalie
|-end|p1a: Glalie|Substitute
|-damage|p2a: hide|29/100|[from] item: Life Orb
|move|p1b: Incineroar|Knock Off|p2a: hide
|-damage|p2a: hide|0 fnt
|-enditem|p2a: hide|Life Orb|[from] move: Knock Off|[of] p1b: Incineroar
|faint|p2a: hide
|
|win|takedownmy
