|j|☆bighamsterbaseball
|j|☆Drunkenhitmontop
|html|bighamsterbaseballDrunkenhitmontop    
|uhtml|bestof|Game 1 of a best-of-3
|t:|1785712369
|gametype|doubles
|player|p1|bighamsterbaseball|pokemaniac|1222
|player|p2|Drunkenhitmontop|2|1167
|gen|9
|tier|[Gen 9 Champions] VGC 2026 Reg M-B (Bo3)
|rated|
|rule|Species Clause: Limit one of each Pokémon
|rule|Item Clause: Limit 1 of each item
|clearpoke
|poke|p1|Pyroar, L50, F|
|poke|p1|Scrafty, L50, M|
|poke|p1|Torkoal, L50, M|
|poke|p1|Farigiraf, L50, F|
|poke|p1|Sneasler, L50, F|
|poke|p1|Mamoswine, L50, M|
|poke|p2|Eelektross, L50, M|
|poke|p2|Farigiraf, L50, M|
|poke|p2|Sceptile, L50, M|
|poke|p2|Klefki, L50, M|
|poke|p2|Annihilape, L50, M|
|poke|p2|Rotom-Wash, L50|
|teampreview|4
|showteam|p1|Pyroar||Pyroarite|Unnerve|HeatWave,Overheat,SolarBeam,Protect|Timid||F|||50|]Scrafty||Scraftinite|Intimidate|FakeOut,CloseCombat,ThroatChop,HeadSmash|Adamant||M|||50|]Torkoal||Leftovers|Drought|HeatWave,Yawn,HelpingHand,Protect|Relaxed||M|||50|]Farigiraf||SitrusBerry|ArmorTail|Psychic,HyperVoice,TrickRoom,NastyPlot|Quiet||F|||50|]Sneasler||LifeOrb|PoisonTouch|CloseCombat,PoisonJab,RockSlide,Protect|Adamant||F|||50|]Mamoswine||FocusSash|Oblivious|IceShard,HighHorsepower,FreezeDry,Protect|Rash||M|||50|
|showteam|p2|Eelektross||Eelektrossite|Levitate|Coil,SupercellSlam,DrainPunch,PsychicFangs|Adamant||M|||50|]Farigiraf||MentalHerb|ArmorTail|TrickRoom,TwinBeam,Protect,HelpingHand|Sassy||M|||50|]Sceptile||Sceptilite|Overgrow|Protect,DragonPulse,GigaDrain,EarthPower|Timid||M|||50|]Klefki||LightClay|Prankster|LightScreen,Reflect,ThunderWave,DazzlingGleam|Bold||M|||50|]Annihilape||Leftovers|Defiant|BulkUp,Taunt,DrainPunch,RageFist|Careful||M|||50|]Rotom-Wash||ChoiceScarf|Levitate|Discharge,HydroPump,Trick,PainSplit|Timid|||||50|
|l|☆Drunkenhitmontop
|player|p2|
|j|☆Drunkenhitmontop
|player|p2|Drunkenhitmontop|2|
|inactive|Battle timer is ON: inactive players will automatically lose when time's up. (requested by Drunkenhitmontop)
|inactive|bighamsterbaseball has 60 seconds left.
|inactive|Drunkenhitmontop has 60 seconds left.
|
|t:|1785712461
|teamsize|p1|4
|teamsize|p2|4
|start
|switch|p1a: Burger|Sneasler, L50, F|100/100
|switch|p1b: 1TrillionYen|Farigiraf, L50, F|100/100
|switch|p2a: Annihilape|Annihilape, L50, M|100/100
|switch|p2b: Klefki|Klefki, L50, M|100/100
|turn|1
|
|t:|1785712481
|switch|p1a: Dr. Turtle|Torkoal, L50, M|100/100
|-weather|SunnyDay|[from] ability: Drought|[of] p1a: Dr. Turtle
|move|p2b: Klefki|Reflect|p2b: Klefki
|-sidestart|p2: Drunkenhitmontop|Reflect
|move|p2a: Annihilape|Taunt|p1b: 1TrillionYen
|-start|p1b: 1TrillionYen|move: Taunt
|move|p1b: 1TrillionYen|Psychic|p2a: Annihilape
|-supereffective|p2a: Annihilape|1
|-damage|p2a: Annihilape|44/100
|
|-weather|SunnyDay|[upkeep]
|-heal|p2a: Annihilape|50/100g|[from] item: Leftovers
|upkeep
|turn|2
|inactive|Drunkenhitmontop has 30 seconds left.
|inactive|Drunkenhitmontop has 20 seconds left.
|
|t:|1785712520
|move|p2b: Klefki|Light Screen|p2b: Klefki
|-sidestart|p2: Drunkenhitmontop|move: Light Screen
|move|p2a: Annihilape|Rage Fist|p1a: Dr. Turtle
|-damage|p1a: Dr. Turtle|76/100
|move|p1b: 1TrillionYen|Psychic|p2a: Annihilape
|-supereffective|p2a: Annihilape|1
|-damage|p2a: Annihilape|13/100
|move|p1a: Dr. Turtle|Heat Wave|p2b: Klefki|[spread] p2a,p2b
|-supereffective|p2b: Klefki|1
|-damage|p2a: Annihilape|1/100
|-damage|p2b: Klefki|48/100
|
|-weather|SunnyDay|[upkeep]
|-heal|p2a: Annihilape|6/100|[from] item: Leftovers
|-heal|p1a: Dr. Turtle|82/100|[from] item: Leftovers
|upkeep
|turn|3
|
|t:|1785712544
|move|p1a: Dr. Turtle|Protect|p1a: Dr. Turtle
|-singleturn|p1a: Dr. Turtle|Protect
|move|p2b: Klefki|Thunder Wave||[still]
|cant|p1b: 1TrillionYen|ability: Armor Tail|Thunder Wave|[of] p2b: Klefki
|move|p2a: Annihilape|Rage Fist|p1a: Dr. Turtle
|-activate|p1a: Dr. Turtle|move: Protect
|move|p1b: 1TrillionYen|Psychic|p2a: Annihilape
|-supereffective|p2a: Annihilape|1
|-damage|p2a: Annihilape|0 fnt
|faint|p2a: Annihilape
|
|-weather|SunnyDay|[upkeep]
|-heal|p1a: Dr. Turtle|88/100|[from] item: Leftovers
|-end|p1b: 1TrillionYen|move: Taunt
|upkeep
|
|t:|1785712556
|switch|p2a: Sceptile|Sceptile, L50, M|100/100
|turn|4
|
|t:|1785712569
|detailschange|p2a: Sceptile|Sceptile-Mega, L50, M
|-mega|p2a: Sceptile|Sceptile|Sceptilite
|move|p2b: Klefki|Thunder Wave|p2a: Sceptile
|-ability|p2a: Sceptile|Lightning Rod|boost
|-boost|p2a: Sceptile|spa|1
|move|p2a: Sceptile|Earth Power|p1a: Dr. Turtle
|-supereffective|p1a: Dr. Turtle|1
|-damage|p1a: Dr. Turtle|0 fnt
|faint|p1a: Dr. Turtle
|move|p1b: 1TrillionYen|Trick Room|p1b: 1TrillionYen
|-fieldstart|move: Trick Room|[of] p1b: 1TrillionYen
|
|-weather|SunnyDay|[upkeep]
|upkeep
|
|t:|1785712585
|switch|p1a: Burger|Sneasler, L50, F|100/100
|turn|5
|
|t:|1785712603
|move|p2a: Sceptile|Protect|p2a: Sceptile
|-singleturn|p2a: Sceptile|Protect
|move|p2b: Klefki|Thunder Wave|p2a: Sceptile
|-activate|p2a: Sceptile|ability: Lightning Rod
|-activate|p2a: Sceptile|move: Protect
|move|p1b: 1TrillionYen|Nasty Plot|p1b: 1TrillionYen
|-boost|p1b: 1TrillionYen|spa|2
|move|p1a: Burger|Poison Jab|p2a: Sceptile
|-activate|p2a: Sceptile|move: Protect
|
|-weather|none
|upkeep
|turn|6
|
|t:|1785712621
|switch|p2a: Rotom|Rotom-Wash, L50|100/100
|move|p1b: 1TrillionYen|Hyper Voice|p2b: Klefki|[spread] p2a,p2b
|-resisted|p2b: Klefki|1
|-damage|p2a: Rotom|43/100
|-damage|p2b: Klefki|25/100
|move|p2b: Klefki|Dazzling Gleam|p1a: Burger|[spread] p1a,p1b
|-damage|p1a: Burger|77/100
|-damage|p1b: 1TrillionYen|83/100
|move|p1a: Burger|Poison Jab|p2a: Rotom
|-damage|p2a: Rotom|0 fnt
|faint|p2a: Rotom
|-damage|p1a: Burger|67/100|[from] item: Life Orb
|
|upkeep
|
|t:|1785712633
|switch|p2a: Sceptile|Sceptile-Mega, L50, M|100/100
|turn|7
|
|t:|1785712655
|move|p2a: Sceptile|Protect|p2a: Sceptile
|-singleturn|p2a: Sceptile|Protect
|move|p1b: 1TrillionYen|Hyper Voice|p2a: Sceptile|[spread] p2b
|-activate|p2a: Sceptile|move: Protect
|-resisted|p2b: Klefki|1
|-damage|p2b: Klefki|1/100
|move|p2b: Klefki|Dazzling Gleam|p1b: 1TrillionYen|[spread] p1a,p1b
|-damage|p1a: Burger|42/100
|-damage|p1b: 1TrillionYen|66/100
|move|p1a: Burger|Poison Jab|p2a: Sceptile
|-activate|p2a: Sceptile|move: Protect
|
|upkeep
|turn|8
|
|t:|1785712675
|move|p2a: Sceptile|Protect|p2a: Sceptile
|-singleturn|p2a: Sceptile|Protect
|move|p1b: 1TrillionYen|Hyper Voice|p2b: Klefki|[spread] p2b
|-activate|p2a: Sceptile|move: Protect
|-resisted|p2b: Klefki|1
|-damage|p2b: Klefki|0 fnt
|faint|p2b: Klefki
|move|p1a: Burger|Poison Jab|p2a: Sceptile
|-activate|p2a: Sceptile|move: Protect
|
|-sideend|p2: Drunkenhitmontop|Reflect
|-fieldend|move: Trick Room
|upkeep
|turn|9
|
|t:|1785712690
|move|p2a: Sceptile|Dragon Pulse|p1b: 1TrillionYen
|-damage|p1b: 1TrillionYen|22/100
|-enditem|p1b: 1TrillionYen|Sitrus Berry|[eat]
|-heal|p1b: 1TrillionYen|47/100|[from] item: Sitrus Berry
|move|p1a: Burger|Poison Jab|p2a: Sceptile
|-supereffective|p2a: Sceptile|1
|-damage|p2a: Sceptile|0 fnt
|faint|p2a: Sceptile
|-damage|p1a: Burger|32/100|[from] item: Life Orb
|
|win|bighamsterbaseball
|l|☆Drunkenhitmontop
|player|p2|
||bighamsterbaseball is ready for game 2.
|inactive|Drunkenhitmontop has 30 seconds to confirm battle start!
|inactive|Drunkenhitmontop has 20 seconds to confirm battle start!
|inactive|Drunkenhitmontop has 10 seconds to confirm battle start!
|j|☆Drunkenhitmontop
|player|p2|Drunkenhitmontop|2|
|l|☆Drunkenhitmontop
|player|p2|
|uhtml|next|Next: Game 2 of 3
|j|☆Drunkenhitmontop
|player|p2|Drunkenhitmontop|2|
