|j|☆vonhemmoltz
|j|☆littlerootbaby
|html|vonhemmoltzlittlerootbaby    
|uhtml|bestof|Game 3 of a best-of-3
|t:|1755810798
|gametype|doubles
|player|p1|vonhemmoltz|170|1242
|player|p2|littlerootbaby|102|1190
|gen|9
|tier|[Gen 9] VGC 2025 Reg H (Bo3)
|rated|
|rule|Species Clause: Limit one of each Pokémon
|rule|Item Clause: Limit 1 of each item
|clearpoke
|poke|p1|Baxcalibur, L50, M|
|poke|p1|Dragapult, L50, M|
|poke|p1|Electabuzz, L50, F|
|poke|p1|Primarina, L50, F|
|poke|p1|Incineroar, L50, M|
|poke|p1|Blaziken, L50, F|
|poke|p2|Farigiraf, L50, F|
|poke|p2|Tyranitar, L50, F|
|poke|p2|Amoonguss, L50, M|
|poke|p2|Sneasler, L50, F|
|poke|p2|Excadrill, L50, F|
|poke|p2|Primarina, L50, M|
|teampreview|4
|showteam|p1|Baxcalibur||LoadedDice|ThermalExchange|IcicleSpear,ScaleShot,IceShard,Protect|||M|||50|,,,,,Water]Dragapult||ChoiceBand|ClearBody|DragonDarts,PhantomForce,SuckerPunch,Uturn|||M|||50|,,,,,Dragon]Electabuzz||Eviolite|VitalSpirit|FollowMe,Taunt,Electroweb,Protect|||F|||50|,,,,,Ghost]Primarina||ThroatSpray|LiquidVoice|HyperVoice,Moonblast,Haze,Protect|||F|||50|,,,,,Steel]Incineroar||SafetyGoggles|Intimidate|FlareBlitz,KnockOff,PartingShot,FakeOut|||M|||50|,,,,,Ghost]Blaziken||FocusSash|SpeedBoost|HeatWave,AuraSphere,Coaching,Detect|||F|||50|,,,,,Ghost
|showteam|p2|Farigiraf||ThroatSpray|ArmorTail|HyperVoice,PsychicNoise,TrickRoom,Protect|||F|||50|,,,,,Grass]Tyranitar||AssaultVest|SandStream|RockSlide,KnockOff,IcePunch,TeraBlast|||F|||50|,,,,,Flying]Amoonguss||CovertCloak|Regenerator|Spore,RagePowder,GrassKnot,Protect|||M|||50|,,,,,Fairy]Sneasler||FocusSash|PoisonTouch|DireClaw,CloseCombat,FakeOut,Protect|||F|||50|,,,,,Stellar]Excadrill||ClearAmulet|SandRush|HighHorsepower,Earthquake,IronHead,Protect|||F|||50|,,,,,Ground]Primarina||SafetyGoggles|LiquidVoice|HyperVoice,Moonblast,Haze,Protect|||M|||50|,,,,,Poison
|
|t:|1755810861
|teamsize|p1|4
|teamsize|p2|4
|start
|switch|p1a: Incineroar|Incineroar, L50, M|100/100
|switch|p1b: Dragapult|Dragapult, L50, M|100/100
|switch|p2a: Farigiraf|Farigiraf, L50, F|100/100
|switch|p2b: Amoonguss|Amoonguss, L50, M|100/100
|-ability|p1a: Incineroar|Intimidate|boost
|-unboost|p2a: Farigiraf|atk|1
|-unboost|p2b: Amoonguss|atk|1
|turn|1
|
|t:|1755810879
|switch|p2b: Primarina|Primarina, L50, M|100/100
|move|p2a: Farigiraf|Protect|p2a: Farigiraf
|-singleturn|p2a: Farigiraf|Protect
|move|p1b: Dragapult|Dragon Darts|p2a: Farigiraf
|-immune|p2b: Primarina
|move|p1a: Incineroar|Flare Blitz|p2b: Primarina
|-resisted|p2b: Primarina
|-crit|p2b: Primarina
|-damage|p2b: Primarina|54/100
|-damage|p1a: Incineroar|86/100|[from] Recoil
|
|upkeep
|turn|2
|
|t:|1755810913
|switch|p2a: Tyranitar|Tyranitar, L50, F|100/100
|-weather|Sandstorm|[from] ability: Sand Stream|[of] p2a: Tyranitar
|-terastallize|p1a: Incineroar|Ghost
|move|p1b: Dragapult|Dragon Darts|p2a: Tyranitar
|-damage|p2a: Tyranitar|72/100
|-anim|p1b: Dragapult|Dragon Darts|p2a: Tyranitar
|-damage|p2a: Tyranitar|43/100
|move|p1a: Incineroar|Knock Off|p2a: Tyranitar
|-resisted|p2a: Tyranitar
|-damage|p2a: Tyranitar|26/100
|-enditem|p2a: Tyranitar|Assault Vest|[from] move: Knock Off|[of] p1a: Incineroar
|move|p2b: Primarina|Hyper Voice|p1a: Incineroar|[spread] p1a,p1b
|-resisted|p1b: Dragapult
|-damage|p1a: Incineroar|55/100
|-damage|p1b: Dragapult|75/100
|
|-weather|Sandstorm|[upkeep]
|-damage|p1b: Dragapult|69/100|[from] Sandstorm
|upkeep
|turn|3
|
|t:|1755810942
|move|p1b: Dragapult|Dragon Darts|p2a: Tyranitar
|-damage|p2a: Tyranitar|0 fnt
|faint|p2a: Tyranitar
|move|p1a: Incineroar|Parting Shot|p2b: Primarina
|-unboost|p2b: Primarina|atk|1
|-unboost|p2b: Primarina|spa|1
|
|t:|1755810950
|switch|p1a: Electabuzz|Electabuzz, L50, F|100/100|[from] Parting Shot
|move|p2b: Primarina|Moonblast|p1b: Dragapult
|-supereffective|p1b: Dragapult
|-damage|p1b: Dragapult|0 fnt
|faint|p1b: Dragapult
|
|-weather|Sandstorm|[upkeep]
|-damage|p1a: Electabuzz|95/100|[from] Sandstorm
|upkeep
|
|t:|1755810969
|switch|p1b: Primarina|Primarina, L50, F|100/100
|switch|p2a: Farigiraf|Farigiraf, L50, F|100/100
|turn|4
|
|t:|1755810991
|switch|p2b: Amoonguss|Amoonguss, L50, M|100/100
|move|p2a: Farigiraf|Protect|p2a: Farigiraf
|-singleturn|p2a: Farigiraf|Protect
|move|p1a: Electabuzz|Taunt|p2a: Farigiraf
|-activate|p2a: Farigiraf|move: Protect
|move|p1b: Primarina|Hyper Voice|p2b: Amoonguss|[spread] p2b
|-activate|p2a: Farigiraf|move: Protect
|-resisted|p2b: Amoonguss
|-damage|p2b: Amoonguss|84/100
|-enditem|p1b: Primarina|Throat Spray
|-boost|p1b: Primarina|spa|1|[from] item: Throat Spray
|
|-weather|Sandstorm|[upkeep]
|-damage|p1a: Electabuzz|89/100|[from] Sandstorm
|-damage|p1b: Primarina|95/100|[from] Sandstorm
|-damage|p2a: Farigiraf|94/100|[from] Sandstorm
|-damage|p2b: Amoonguss|78/100|[from] Sandstorm
|upkeep
|turn|5
|
|t:|1755811013
|-terastallize|p2a: Farigiraf|Grass
|move|p2b: Amoonguss|Rage Powder|p2b: Amoonguss
|-singleturn|p2b: Amoonguss|move: Rage Powder
|move|p1a: Electabuzz|Taunt|p2b: Amoonguss
|-start|p2b: Amoonguss|move: Taunt
|move|p1b: Primarina|Hyper Voice|p2b: Amoonguss|[spread] p2a,p2b
|-resisted|p2a: Farigiraf
|-resisted|p2b: Amoonguss
|-damage|p2a: Farigiraf|68/100
|-damage|p2b: Amoonguss|54/100
|move|p2a: Farigiraf|Trick Room|p2a: Farigiraf
|-fieldstart|move: Trick Room|[of] p2a: Farigiraf
|
|-weather|Sandstorm|[upkeep]
|-damage|p2b: Amoonguss|48/100|[from] Sandstorm
|-damage|p2a: Farigiraf|62/100|[from] Sandstorm
|-damage|p1b: Primarina|89/100|[from] Sandstorm
|-damage|p1a: Electabuzz|83/100|[from] Sandstorm
|upkeep
|turn|6
|
|t:|1755811042
|move|p1a: Electabuzz|Follow Me|p1a: Electabuzz
|-singleturn|p1a: Electabuzz|move: Follow Me
|move|p2b: Amoonguss|Grass Knot|p1a: Electabuzz
|-damage|p1a: Electabuzz|68/100
|move|p2a: Farigiraf|Hyper Voice|p1a: Electabuzz|[spread] p1a,p1b
|-damage|p1a: Electabuzz|40/100
|-damage|p1b: Primarina|61/100
|-enditem|p2a: Farigiraf|Throat Spray
|-boost|p2a: Farigiraf|spa|1|[from] item: Throat Spray
|move|p1b: Primarina|Moonblast|p2a: Farigiraf
|-damage|p2a: Farigiraf|0 fnt
|faint|p2a: Farigiraf
|
|-weather|none
|upkeep
|
|t:|1755811054
|switch|p2a: Primarina|Primarina, L50, M|54/100
|turn|7
|
|t:|1755811066
|move|p1a: Electabuzz|Follow Me|p1a: Electabuzz
|-singleturn|p1a: Electabuzz|move: Follow Me
|move|p2b: Amoonguss|Grass Knot|p1a: Electabuzz
|-damage|p1a: Electabuzz|26/100
|move|p2a: Primarina|Moonblast|p1a: Electabuzz
|-damage|p1a: Electabuzz|0 fnt
|faint|p1a: Electabuzz
|move|p1b: Primarina|Moonblast|p2a: Primarina
|-damage|p2a: Primarina|0 fnt
|faint|p2a: Primarina
|
|upkeep
|
|t:|1755811079
|switch|p1a: Incineroar|Incineroar, L50, M, tera:Ghost|55/100
|-ability|p1a: Incineroar|Intimidate|boost
|-unboost|p2b: Amoonguss|atk|1
|turn|8
|c|☆littlerootbaby|GG
|-message|littlerootbaby forfeited.
|
|win|vonhemmoltz
|raw|vonhemmoltz's rating: 1242 → 1263(+21 for winning)
|raw|littlerootbaby's rating: 1190 → 1169(-21 for losing)
|c|☆vonhemmoltz|GG
|l|☆vonhemmoltz
|player|p1|
