|j|☆SQDGiorgi
|j|☆gundot
|html|SQDGiorgigundot    
|uhtml|bestof|Game 2 of a best-of-3
|t:|1782979786
|gametype|doubles
|player|p1|SQDGiorgi|steven|
|player|p2|gundot|ethan-gen2|
|gen|9
|tier|[Gen 9 Champions] VGC 2026 Reg M-B (Bo3)
|rule|Species Clause: Limit one of each Pokémon
|rule|Item Clause: Limit 1 of each item
|clearpoke
|poke|p1|Staraptor, L50, M|
|poke|p1|Houndstone, L50, M|
|poke|p1|Tyranitar, L50, F|
|poke|p1|Rotom-Wash, L50|
|poke|p1|Excadrill, L50, F|
|poke|p1|Venusaur, L50, F|
|poke|p2|Charizard, L50, M, shiny|
|poke|p2|Whimsicott, L50, F, shiny|
|poke|p2|Floette-Eternal, L50, F|
|poke|p2|Garchomp, L50, M|
|poke|p2|Kingambit, L50, M|
|poke|p2|Basculegion, L50, M|
|teampreview|4
|showteam|p1|Staraptor||Staraptite|Intimidate|BraveBird,CloseCombat,Tailwind,Protect|Jolly||M|||50|]Houndstone||SitrusBerry|SandRush|LastRespects,WillOWisp,AllySwitch,Protect|Adamant||M|||50|]Tyranitar||ChoiceScarf|SandStream|RockSlide,KnockOff,IcePunch,LowKick|Jolly||F|||50|]Rotom-Wash||Magnet|Levitate|HydroPump,Thunderbolt,VoltSwitch,Protect|Modest|||||50|]Excadrill||FocusSash|SandRush|Earthquake,IronHead,RockSlide,Protect|Adamant||F|||50|]Venusaur||Venusaurite|Chlorophyll|SludgeBomb,EarthPower,SleepPowder,Protect|Modest||F|||50|
|showteam|p2|Charizard||CharizarditeY|SolarPower|HeatWave,WeatherBall,SolarBeam,Protect|Modest||M|||50|]Whimsicott||FocusSash|Prankster|Moonblast,Tailwind,Encore,Protect|Timid||F|||50|]Floette-Eternal||Floettite|FlowerVeil|Moonblast,DazzlingGleam,LightofRuin,Protect|Timid||F|||50|]Garchomp||SitrusBerry|RoughSkin|Earthquake,DragonClaw,RockSlide,Protect|Jolly||M|||50|]Kingambit||BlackGlasses|Defiant|KowtowCleave,SuckerPunch,IronHead,Protect|Adamant||M|||50|]Basculegion||MysticWater|Adaptability|WaveCrash,AquaJet,LastRespects,Protect|Adamant||M|||50|
|inactive|Battle timer is ON: inactive players will automatically lose when time's up. (requested by gundot)
|inactive|SQDGiorgi also wants the timer to be on.
|
|t:|1782979816
|teamsize|p1|4
|teamsize|p2|4
|start
|switch|p1a: Rotom|Rotom-Wash, L50|100/100
|switch|p1b: Venusaur|Venusaur, L50, F|100/100
|switch|p2a: Charizard|Charizard, L50, M, shiny|100/100
|switch|p2b: Garchomp|Garchomp, L50, M|100/100
|turn|1
|
|t:|1782979829
|detailschange|p2a: Charizard|Charizard-Mega-Y, L50, M, shiny
|-mega|p2a: Charizard|Charizard|Charizardite Y
|-weather|SunnyDay|[from] ability: Drought|[of] p2a: Charizard
|detailschange|p1b: Venusaur|Venusaur-Mega, L50, F
|-mega|p1b: Venusaur|Venusaur|Venusaurite
|move|p2b: Garchomp|Earthquake|p1a: Rotom|[spread] p1b
|-immune|p2a: Charizard
|-immune|p1a: Rotom|[from] ability: Levitate
|-damage|p1b: Venusaur|69/100
|move|p2a: Charizard|Solar Beam||[still]
|-prepare|p2a: Charizard|Solar Beam
|-anim|p2a: Charizard|Solar Beam|p1a: Rotom
|-supereffective|p1a: Rotom|1
|-damage|p1a: Rotom|0 fnt
|faint|p1a: Rotom
|move|p1b: Venusaur|Sleep Powder|p2b: Garchomp|[miss]
|-miss|p1b: Venusaur|p2b: Garchomp
|
|-weather|SunnyDay|[upkeep]
|upkeep
|
|t:|1782979843
|switch|p1a: Tyranitar|Tyranitar, L50, F|100/100
|-weather|Sandstorm|[from] ability: Sand Stream|[of] p1a: Tyranitar
|turn|2
|
|t:|1782979856
|switch|p2a: Basculegion|Basculegion, L50, M|100/100
|move|p2b: Garchomp|Protect|p2b: Garchomp
|-singleturn|p2b: Garchomp|Protect
|move|p1a: Tyranitar|Rock Slide|p2a: Basculegion|[spread] p2a
|-activate|p2b: Garchomp|move: Protect
|-damage|p2a: Basculegion|67/100
|move|p1b: Venusaur|Sleep Powder|p2b: Garchomp
|-activate|p2b: Garchomp|move: Protect
|
|-weather|Sandstorm|[upkeep]
|-damage|p1b: Venusaur|63/100|[from] Sandstorm
|-damage|p2a: Basculegion|61/100|[from] Sandstorm
|upkeep
|turn|3
|
|t:|1782979871
|move|p2a: Basculegion|Aqua Jet|p1a: Tyranitar
|-supereffective|p1a: Tyranitar|1
|-damage|p1a: Tyranitar|33/100
|move|p1a: Tyranitar|Rock Slide|p2b: Garchomp|[spread] p2a,p2b
|-resisted|p2b: Garchomp|1
|-damage|p2a: Basculegion|28/100
|-damage|p2b: Garchomp|85/100
|move|p2b: Garchomp|Rock Slide|p1a: Tyranitar|[spread] p1a,p1b
|-damage|p1a: Tyranitar|16/100
|-damage|p1b: Venusaur|47/100
|cant|p1b: Venusaur|flinch
|
|-weather|Sandstorm|[upkeep]
|-damage|p1b: Venusaur|41/100|[from] Sandstorm
|-damage|p2a: Basculegion|22/100|[from] Sandstorm
|upkeep
|turn|4
|
|t:|1782979889
|switch|p1a: Houndstone|Houndstone, L50, M|100/100
|move|p2a: Basculegion|Aqua Jet|p1a: Houndstone
|-damage|p1a: Houndstone|70/100
|move|p2b: Garchomp|Rock Slide|p1a: Houndstone|[spread] p1a,p1b
|-damage|p1a: Houndstone|52/100
|-damage|p1b: Venusaur|25/100
|move|p1b: Venusaur|Sleep Powder|p2b: Garchomp|[miss]
|-miss|p1b: Venusaur|p2b: Garchomp
|
|-weather|Sandstorm|[upkeep]
|-damage|p1b: Venusaur|20/100r|[from] Sandstorm
|-damage|p2a: Basculegion|16/100|[from] Sandstorm
|upkeep
|turn|5
|inactive|gundot has 30 seconds left.
|inactive|gundot has 20 seconds left.
|inactive|gundot has 15 seconds left.
|inactive|gundot has 10 seconds left.
|
|t:|1782979937
|move|p2b: Garchomp|Protect|p2b: Garchomp
|-singleturn|p2b: Garchomp|Protect
|move|p2a: Basculegion|Protect|p2a: Basculegion
|-singleturn|p2a: Basculegion|Protect
|move|p1a: Houndstone|Will-O-Wisp|p2b: Garchomp
|-activate|p2b: Garchomp|move: Protect
|move|p1b: Venusaur|Sludge Bomb|p2a: Basculegion
|-activate|p2a: Basculegion|move: Protect
|
|-weather|Sandstorm|[upkeep]
|-damage|p1b: Venusaur|14/100|[from] Sandstorm
|-damage|p2a: Basculegion|11/100|[from] Sandstorm
|upkeep
|turn|6
|
|t:|1782979949
|switch|p1b: Tyranitar|Tyranitar, L50, F|16/100
|move|p2a: Basculegion|Aqua Jet|p1a: Houndstone
|-damage|p1a: Houndstone|18/100
|-enditem|p1a: Houndstone|Sitrus Berry|[eat]
|-heal|p1a: Houndstone|43/100|[from] item: Sitrus Berry
|move|p1a: Houndstone|Last Respects|p2a: Basculegion
|-supereffective|p2a: Basculegion|1
|-damage|p2a: Basculegion|0 fnt
|faint|p2a: Basculegion
|move|p2b: Garchomp|Rock Slide|p1b: Tyranitar|[spread] p1a,p1b
|-damage|p1a: Houndstone|26/100
|-damage|p1b: Tyranitar|0 fnt
|faint|p1b: Tyranitar
|
|-weather|none
|upkeep
|
|t:|1782979961
|switch|p1b: Venusaur|Venusaur-Mega, L50, F|14/100
|switch|p2a: Charizard|Charizard-Mega-Y, L50, M, shiny|100/100
|-weather|SunnyDay|[from] ability: Drought|[of] p2a: Charizard
|turn|7
|
|t:|1782979970
|move|p2b: Garchomp|Dragon Claw|p1b: Venusaur
|-damage|p1b: Venusaur|0 fnt
|faint|p1b: Venusaur
|move|p2a: Charizard|Weather Ball|p1a: Houndstone
|-damage|p1a: Houndstone|0 fnt
|faint|p1a: Houndstone
|
|win|gundot
||SQDGiorgi is ready for game 3.
