|j|☆Pelosis
|j|☆JC<3Miniors
|html|PelosisJC<3Miniors    
|uhtml|bestof|Game 1 of a best-of-3
|t:|1756700278
|gametype|doubles
|player|p1|Pelosis|101|1083
|player|p2|JC<3Miniors|wattson|1159
|gen|9
|tier|[Gen 9] VGC 2025 Reg H (Bo3)
|rated|
|rule|Species Clause: Limit one of each Pokémon
|rule|Item Clause: Limit 1 of each item
|clearpoke
|poke|p1|Gothitelle, L50, M|
|poke|p1|Politoed, L50, F|
|poke|p1|Rillaboom, L50, M|
|poke|p1|Incineroar, L50, M|
|poke|p1|Flamigo, L50, F|
|poke|p1|Gholdengo, L50|
|poke|p2|Maushold-Four, L50|
|poke|p2|Gholdengo, L50|
|poke|p2|Murkrow, L50, F|
|poke|p2|Archaludon, L50, M|
|poke|p2|Garchomp, L50, F|
|poke|p2|Annihilape, L50, F|
|teampreview|4
|showteam|p1|Gothitelle||SitrusBerry|ShadowTag|Psychic,Hypnosis,FakeOut,Protect|||M|||50|,,,,,Dragon]Politoed||MentalHerb|Drizzle|WeatherBall,Haze,PerishSong,Protect|||F|||50|,,,,,Grass]Rillaboom||AssaultVest|GrassySurge|WoodHammer,GrassyGlide,Uturn,FakeOut|||M|||50|,,,,,Fire]Incineroar||SafetyGoggles|Intimidate|FakeOut,PartingShot,KnockOff,FlareBlitz|||M|||50|,,,,,Ghost]Flamigo||LifeOrb|Scrappy|CloseCombat,BraveBird,ThroatChop,Protect|||F|||50|,,,,,Steel]Gholdengo||ChoiceSpecs|GoodasGold|MakeItRain,ShadowBall,PowerGem,SteelBeam||||||50|,,,,,Steel
|showteam|p2|Maushold-Four||RockyHelmet|FriendGuard|Feint,FollowMe,FakeTears,Protect||||||50|,,,,,Ghost]Gholdengo||ChoiceSpecs|GoodasGold|MakeItRain,ShadowBall,PowerGem,Trick||||||50|,,,,,Steel]Murkrow||Eviolite|Prankster|BraveBird,RainDance,Tailwind,Haze|||F|||50|,,,,,Ghost]Archaludon||PowerHerb|Sturdy|DracoMeteor,ElectroShot,Thunderbolt,Protect|||M|||50|,,,,,Electric]Garchomp||LifeOrb|RoughSkin|Earthquake,DragonClaw,StompingTantrum,Protect|||F|||50|,,,,,Ground]Annihilape||ChoiceScarf|Defiant|CloseCombat,Coaching,FinalGambit,Uturn|||F|||50|,,,,,Flying
|inactive|Battle timer is ON: inactive players will automatically lose when time's up. (requested by Pelosis)
|inactive|Pelosis has 60 seconds left.
|
|t:|1756700325
|teamsize|p1|4
|teamsize|p2|4
|start
|switch|p1a: Politoed|Politoed, L50, F, shiny|100/100
|switch|p1b: Rillaboom|Rillaboom, L50, M|100/100
|switch|p2a: Garchomp|Garchomp, L50, F|100/100
|switch|p2b: Murkrow|Murkrow, L50, F|100/100
|-fieldstart|move: Grassy Terrain|[from] ability: Grassy Surge|[of] p1b: Rillaboom
|-weather|RainDance|[from] ability: Drizzle|[of] p1a: Politoed
|turn|1
|inactive|Pelosis has 30 seconds left.
|inactive|Pelosis has 20 seconds left.
|inactive|Pelosis has 15 seconds left.
|inactive|Pelosis has 10 seconds left.
|
|t:|1756700372
|-terastallize|p1a: Politoed|Grass
|move|p2a: Garchomp|Protect|p2a: Garchomp
|-singleturn|p2a: Garchomp|Protect
|move|p1b: Rillaboom|Fake Out|p2b: Murkrow
|-damage|p2b: Murkrow|88/100
|cant|p2b: Murkrow|flinch
|move|p1a: Politoed|Perish Song|p1a: Politoed
|-start|p1a: Politoed|perish3|[silent]
|-start|p1b: Rillaboom|perish3|[silent]
|-start|p2a: Garchomp|perish3|[silent]
|-start|p2b: Murkrow|perish3|[silent]
|-fieldactivate|move: Perish Song
|
|-weather|RainDance|[upkeep]
|-start|p2a: Garchomp|perish3
|-start|p2b: Murkrow|perish3
|-start|p1b: Rillaboom|perish3
|-start|p1a: Politoed|perish3
|upkeep
|turn|2
|
|t:|1756700397
|move|p1a: Politoed|Protect|p1a: Politoed
|-singleturn|p1a: Politoed|Protect
|move|p2b: Murkrow|Tailwind|p2b: Murkrow
|-sidestart|p2: JC<3Miniors|move: Tailwind
|move|p2a: Garchomp|Dragon Claw|p1b: Rillaboom
|-damage|p1b: Rillaboom|57/100
|-damage|p2a: Garchomp|91/100|[from] item: Life Orb
|move|p1b: Rillaboom|U-turn|p2a: Garchomp
|-damage|p2a: Garchomp|66/100
|-damage|p1b: Rillaboom|45/100|[from] ability: Rough Skin|[of] p2a: Garchomp
|
|t:|1756700410
|switch|p1b: Gothitelle|Gothitelle, L50, M|100/100|[from] U-turn
|
|-weather|RainDance|[upkeep]
|-heal|p2a: Garchomp|72/100|[from] Grassy Terrain
|-start|p2a: Garchomp|perish2
|-start|p2b: Murkrow|perish2
|-start|p1a: Politoed|perish2
|upkeep
|turn|3
|
|t:|1756700424
|switch|p1a: Rillaboom|Rillaboom, L50, M|45/100
|-terastallize|p2b: Murkrow|Ghost
|move|p1b: Gothitelle|Fake Out|p2a: Garchomp
|-damage|p2a: Garchomp|67/100
|-damage|p1b: Gothitelle|88/100|[from] ability: Rough Skin|[of] p2a: Garchomp
|cant|p2a: Garchomp|flinch
|move|p2b: Murkrow|Brave Bird|p1a: Rillaboom
|-supereffective|p1a: Rillaboom
|-damage|p1a: Rillaboom|0 fnt
|faint|p1a: Rillaboom
|-damage|p2b: Murkrow|70/100|[from] Recoil
|
|-weather|RainDance|[upkeep]
|-heal|p2a: Garchomp|73/100|[from] Grassy Terrain
|-heal|p2b: Murkrow|76/100|[from] Grassy Terrain
|-heal|p1b: Gothitelle|94/100|[from] Grassy Terrain
|-start|p2a: Garchomp|perish1
|-start|p2b: Murkrow|perish1
|upkeep
|inactive|Pelosis has 30 seconds left.
|
|t:|1756700451
|switch|p1a: Politoed|Politoed, L50, F, shiny, tera:Grass|100/100
|turn|4
|
|t:|1756700481
|switch|p2b: Gholdengo|Gholdengo, L50|100/100
|switch|p1b: Flamigo|Flamigo, L50, F, shiny|100/100
|move|p1a: Politoed|Protect|p1a: Politoed
|-singleturn|p1a: Politoed|Protect
|move|p2a: Garchomp|Dragon Claw|p1a: Politoed
|-activate|p1a: Politoed|move: Protect
|
|-weather|RainDance|[upkeep]
|-heal|p2a: Garchomp|79/100|[from] Grassy Terrain
|-start|p2a: Garchomp|perish0
|faint|p2a: Garchomp
|upkeep
|inactive|JC<3Miniors has 30 seconds left.
|
|t:|1756700515
|switch|p2a: Archaludon|Archaludon, L50, M|100/100
|turn|5
|inactive|Pelosis has 30 seconds left.
|
|t:|1756700550
|switch|p1a: Gothitelle|Gothitelle, L50, M|94/100
|move|p1b: Flamigo|Protect|p1b: Flamigo
|-singleturn|p1b: Flamigo|Protect
|move|p2a: Archaludon|Electro Shot||[still]
|-prepare|p2a: Archaludon|Electro Shot
|-boost|p2a: Archaludon|spa|1
|-anim|p2a: Archaludon|Electro Shot|p1b: Flamigo
|-activate|p1b: Flamigo|move: Protect
|move|p2b: Gholdengo|Make It Rain|p1a: Gothitelle|[spread] p1a
|-activate|p1b: Flamigo|move: Protect
|-crit|p1a: Gothitelle
|-damage|p1a: Gothitelle|0 fnt
|-unboost|p2b: Gholdengo|spa|1
|faint|p1a: Gothitelle
|
|-weather|none
|-sideend|p2: JC<3Miniors|move: Tailwind
|-fieldend|move: Grassy Terrain
|upkeep
|
|t:|1756700570
|switch|p1a: Politoed|Politoed, L50, F, shiny, tera:Grass|100/100
|-weather|RainDance|[from] ability: Drizzle|[of] p1a: Politoed
|turn|6
|inactive|Pelosis has 30 seconds left.
|
|t:|1756700598
|move|p1b: Flamigo|Close Combat|p2b: Gholdengo
|-supereffective|p2b: Gholdengo
|-damage|p2b: Gholdengo|0 fnt
|-unboost|p1b: Flamigo|def|1
|-unboost|p1b: Flamigo|spd|1
|faint|p2b: Gholdengo
|-damage|p1b: Flamigo|91/100|[from] item: Life Orb
|move|p2a: Archaludon|Electro Shot||[still]
|-prepare|p2a: Archaludon|Electro Shot
|-boost|p2a: Archaludon|spa|1
|-anim|p2a: Archaludon|Electro Shot|p1b: Flamigo
|-supereffective|p1b: Flamigo
|-damage|p1b: Flamigo|0 fnt
|faint|p1b: Flamigo
|move|p1a: Politoed|Weather Ball|p2a: Archaludon
|-resisted|p2a: Archaludon
|-damage|p2a: Archaludon|60/100
|
|-weather|RainDance|[upkeep]
|upkeep
|
|t:|1756700617
|switch|p2b: Murkrow|Murkrow, L50, F, tera:Ghost|76/100
|turn|7
|
|t:|1756700623
|move|p2a: Archaludon|Draco Meteor|p1a: Politoed
|-damage|p1a: Politoed|0 fnt
|-unboost|p2a: Archaludon|spa|2
|faint|p1a: Politoed
|
|win|JC<3Miniors
