|j|☆namboyVGC
|j|☆Tobi Hope
|html|namboyVGCTobi Hope    
|uhtml|bestof|Game 1 of a best-of-3
|t:|1784319310
|gametype|doubles
|player|p1|namboyVGC|pokemonranger-gen4|1137
|player|p2|Tobi Hope|morty|1188
|gen|9
|tier|[Gen 9 Champions] VGC 2026 Reg M-B (Bo3)
|rated|
|rule|Species Clause: Limit one of each Pokémon
|rule|Item Clause: Limit 1 of each item
|clearpoke
|poke|p1|Tyranitar, L50, F|
|poke|p1|Excadrill, L50, F|
|poke|p1|Milotic, L50, M|
|poke|p1|Sinistcha, L50|
|poke|p1|Staraptor, L50, M|
|poke|p1|Gholdengo, L50|
|poke|p2|Delphox, L50, F|
|poke|p2|Blastoise, L50, M|
|poke|p2|Incineroar, L50, M|
|poke|p2|Sinistcha, L50|
|poke|p2|Sneasler, L50, M|
|poke|p2|Kingambit, L50, M|
|teampreview|4
|showteam|p1|Tyranitar||Tyranitarite|SandStream|KnockOff,RockSlide,HighHorsepower,Protect|Jolly||F|||50|]Excadrill||FocusSash|SandRush|Earthquake,IronHead,RockSlide,Protect|Adamant||F|||50|]Milotic||SitrusBerry|Competitive|Scald,IcyWind,Haze,Protect|Calm||M|||50|]Sinistcha||ColburBerry|Hospitality|MatchaGotcha,ShadowBall,Protect,RagePowder|Bold|||||50|]Staraptor||Staraptite|Intimidate|CloseCombat,BraveBird,Tailwind,Protect|Jolly||M|||50|]Gholdengo||LifeOrb|GoodasGold|MakeItRain,ShadowBall,NastyPlot,Protect|Modest|||||50|
|showteam|p2|Delphox||Delphoxite|Blaze|NastyPlot,Psyshock,HeatWave,Protect|Timid||F|||50|]Blastoise||Blastoisinite|RainDish|WaterSpout,ShellSmash,DarkPulse,Protect|Modest||M|||50|]Incineroar||SitrusBerry|Intimidate|FakeOut,DarkestLariat,FlareBlitz,PartingShot|Careful||M|||50|]Sinistcha||OccaBerry|Hospitality|MatchaGotcha,Protect,RagePowder,TrickRoom|Bold|||||50|]Sneasler||FocusSash|PoisonTouch|CloseCombat,DireClaw,FakeOut,QuickGuard|Jolly||M|||50|]Kingambit||BlackGlasses|Defiant|KowtowCleave,SuckerPunch,SwordsDance,Protect|Adamant||M|||50|
|inactive|Battle timer is ON: inactive players will automatically lose when time's up. (requested by Tobi Hope)
|inactive|namboyVGC also wants the timer to be on.
|inactive|namboyVGC has 60 seconds left.
|inactive|Tobi Hope has 60 seconds left.
|inactive|Tobi Hope has 30 seconds left.
|inactive|Tobi Hope has 20 seconds left.
|inactive|Tobi Hope has 15 seconds left.
|
|t:|1784319389
|teamsize|p1|4
|teamsize|p2|4
|start
|switch|p1a: Milotic|Milotic, L50, M|100/100
|switch|p1b: Tyranitar|Tyranitar, L50, F|100/100
|switch|p2a: Blastoise|Blastoise, L50, M|100/100
|switch|p2b: Sneasler|Sneasler, L50, M|100/100
|-weather|Sandstorm|[from] ability: Sand Stream|[of] p1b: Tyranitar
|turn|1
|inactive|Tobi Hope has 30 seconds left.
|inactive|Tobi Hope has 20 seconds left.
|
|t:|1784319426
|switch|p1b: Sinistcha|Sinistcha, L50|100/100
|detailschange|p2a: Blastoise|Blastoise-Mega, L50, M
|-mega|p2a: Blastoise|Blastoise|Blastoisinite
|move|p2b: Sneasler|Fake Out|p1a: Milotic
|-damage|p1a: Milotic|87/100
|move|p2a: Blastoise|Shell Smash|p2a: Blastoise
|-unboost|p2a: Blastoise|def|1
|-unboost|p2a: Blastoise|spd|1
|-boost|p2a: Blastoise|atk|2
|-boost|p2a: Blastoise|spa|2
|-boost|p2a: Blastoise|spe|2
|cant|p1a: Milotic|flinch
|
|-weather|Sandstorm|[upkeep]
|-damage|p2a: Blastoise|94/100|[from] Sandstorm
|-damage|p2b: Sneasler|94/100|[from] Sandstorm
|-damage|p1a: Milotic|81/100|[from] Sandstorm
|-damage|p1b: Sinistcha|94/100|[from] Sandstorm
|upkeep
|turn|2
|inactive|Tobi Hope has 30 seconds left.
|inactive|Tobi Hope has 20 seconds left.
|inactive|Tobi Hope has 15 seconds left.
|inactive|Tobi Hope has 10 seconds left.
|
|t:|1784319472
|move|p2a: Blastoise|Protect|p2a: Blastoise
|-singleturn|p2a: Blastoise|Protect
|move|p1b: Sinistcha|Protect|p1b: Sinistcha
|-singleturn|p1b: Sinistcha|Protect
|move|p2b: Sneasler|Dire Claw|p1a: Milotic
|-damage|p1a: Milotic|44/100
|-enditem|p1a: Milotic|Sitrus Berry|[eat]
|-heal|p1a: Milotic|69/100|[from] item: Sitrus Berry
|move|p1a: Milotic|Haze|p1a: Milotic
|-clearallboost
|
|-weather|Sandstorm|[upkeep]
|-damage|p2b: Sneasler|88/100|[from] Sandstorm
|-damage|p2a: Blastoise|88/100|[from] Sandstorm
|-damage|p1a: Milotic|63/100|[from] Sandstorm
|-damage|p1b: Sinistcha|88/100|[from] Sandstorm
|upkeep
|turn|3
|inactive|Tobi Hope has 30 seconds left.
|inactive|Tobi Hope has 20 seconds left.
|inactive|Tobi Hope has 15 seconds left.
|
|t:|1784319514
|move|p2b: Sneasler|Dire Claw|p1b: Sinistcha
|-damage|p1b: Sinistcha|56/100
|-status|p1b: Sinistcha|psn|[from] ability: Poison Touch|[of] p2b: Sneasler
|move|p2a: Blastoise|Dark Pulse|p1b: Sinistcha
|-supereffective|p1b: Sinistcha|1
|-enditem|p1b: Sinistcha|Colbur Berry|[eat]
|-enditem|p1b: Sinistcha|Colbur Berry|[weaken]
|-damage|p1b: Sinistcha|8/100 psn
|move|p1a: Milotic|Scald|p2b: Sneasler
|-damage|p2b: Sneasler|47/100
|move|p1b: Sinistcha|Matcha Gotcha|p2a: Blastoise|[spread] p2a,p2b
|-supereffective|p2a: Blastoise|1
|-resisted|p2b: Sneasler|1
|-damage|p2a: Blastoise|38/100
|-heal|p1b: Sinistcha|30/100 psn|[from] drain|[of] p2a: Blastoise
|-damage|p2b: Sneasler|32/100
|-heal|p1b: Sinistcha|37/100 psn|[from] drain|[of] p2b: Sneasler
|
|-weather|Sandstorm|[upkeep]
|-damage|p2b: Sneasler|26/100|[from] Sandstorm
|-damage|p2a: Blastoise|32/100|[from] Sandstorm
|-damage|p1a: Milotic|57/100|[from] Sandstorm
|-damage|p1b: Sinistcha|31/100 psn|[from] Sandstorm
|-damage|p1b: Sinistcha|19/100 psn|[from] psn
|upkeep
|turn|4
|inactive|namboyVGC has 30 seconds left.
|inactive|Tobi Hope has 30 seconds left.
|
|t:|1784319543
|switch|p2a: Sinistcha|Sinistcha, L50|100/100
|-heal|p2b: Sneasler|50/100g|[from] ability: Hospitality|[of] p2a: Sinistcha
|move|p1b: Sinistcha|Protect|p1b: Sinistcha
|-singleturn|p1b: Sinistcha|Protect
|move|p2b: Sneasler|Dire Claw|p1a: Milotic
|-damage|p1a: Milotic|17/100
|-status|p1a: Milotic|psn|[from] ability: Poison Touch|[of] p2b: Sneasler
|move|p1a: Milotic|Icy Wind|p2b: Sneasler|[spread] p2a,p2b
|-supereffective|p2a: Sinistcha|1
|-damage|p2a: Sinistcha|78/100
|-damage|p2b: Sneasler|37/100
|-unboost|p2a: Sinistcha|spe|1
|-unboost|p2b: Sneasler|spe|1
|
|-weather|Sandstorm|[upkeep]
|-damage|p2b: Sneasler|31/100|[from] Sandstorm
|-damage|p1a: Milotic|12/100 psn|[from] Sandstorm
|-damage|p1b: Sinistcha|13/100 psn|[from] Sandstorm
|-damage|p2a: Sinistcha|72/100|[from] Sandstorm
|-damage|p1a: Milotic|0 fnt|[from] psn
|faint|p1a: Milotic
|-damage|p1b: Sinistcha|1/100 psn|[from] psn
|upkeep
|
|t:|1784319567
|switch|p1a: Excadrill|Excadrill, L50, F|100/100
|turn|5
|
|t:|1784319591
|switch|p2b: Incineroar|Incineroar, L50, M|100/100
|-ability|p2b: Incineroar|Intimidate|boost
|-unboost|p1a: Excadrill|atk|1
|-unboost|p1b: Sinistcha|atk|1
|move|p2a: Sinistcha|Protect|p2a: Sinistcha
|-singleturn|p2a: Sinistcha|Protect
|move|p1a: Excadrill|Rock Slide|p2b: Incineroar|[spread] p2b
|-activate|p2a: Sinistcha|move: Protect
|-supereffective|p2b: Incineroar|1
|-damage|p2b: Incineroar|75/100
|move|p1b: Sinistcha|Shadow Ball|p2a: Sinistcha
|-activate|p2a: Sinistcha|move: Protect
|
|-weather|none
|-damage|p1b: Sinistcha|0 fnt|[from] psn
|faint|p1b: Sinistcha
|upkeep
|
|t:|1784319608
|switch|p1b: Tyranitar|Tyranitar, L50, F|100/100
|-weather|Sandstorm|[from] ability: Sand Stream|[of] p1b: Tyranitar
|turn|6
|inactive|Tobi Hope has 30 seconds left.
|
|t:|1784319635
|detailschange|p1b: Tyranitar|Tyranitar-Mega, L50, F
|-mega|p1b: Tyranitar|Tyranitar|Tyranitarite
|move|p2b: Incineroar|Fake Out|p1b: Tyranitar
|-resisted|p1b: Tyranitar|1
|-damage|p1b: Tyranitar|96/100
|move|p1a: Excadrill|Rock Slide|p2a: Sinistcha|[spread] p2a,p2b
|-supereffective|p2b: Incineroar|1
|-crit|p2b: Incineroar
|-damage|p2a: Sinistcha|59/100
|-damage|p2b: Incineroar|15/100
|-enditem|p2b: Incineroar|Sitrus Berry|[eat]
|-heal|p2b: Incineroar|40/100|[from] item: Sitrus Berry
|cant|p1b: Tyranitar|flinch
|move|p2a: Sinistcha|Matcha Gotcha|p1b: Tyranitar|[spread] p1a,p1b
|-supereffective|p1b: Tyranitar|1
|-damage|p1a: Excadrill|64/100
|-heal|p2a: Sinistcha|78/100|[from] drain|[of] p1a: Excadrill
|-damage|p1b: Tyranitar|70/100
|-heal|p2a: Sinistcha|92/100|[from] drain|[of] p1b: Tyranitar
|
|-weather|Sandstorm|[upkeep]
|-damage|p2b: Incineroar|34/100|[from] Sandstorm
|-damage|p2a: Sinistcha|86/100|[from] Sandstorm
|upkeep
|turn|7
|inactive|Tobi Hope has 30 seconds left.
|inactive|Tobi Hope has 20 seconds left.
|inactive|Tobi Hope has 15 seconds left.
|inactive|Tobi Hope has 10 seconds left.
|inactive|Tobi Hope has 5 seconds left.
|
|t:|1784319686
|move|p2a: Sinistcha|Protect|p2a: Sinistcha
|-singleturn|p2a: Sinistcha|Protect
|move|p1a: Excadrill|Rock Slide|p2a: Sinistcha|[spread] p2b
|-activate|p2a: Sinistcha|move: Protect
|-supereffective|p2b: Incineroar|1
|-damage|p2b: Incineroar|9/100
|move|p1b: Tyranitar|Knock Off|p2a: Sinistcha
|-activate|p2a: Sinistcha|move: Protect
|move|p2b: Incineroar|Parting Shot|p1b: Tyranitar
|-unboost|p1b: Tyranitar|atk|1
|-unboost|p1b: Tyranitar|spa|1
|-message|namboyVGC forfeited.
|
|win|Tobi Hope
