|j|☆x-demon18
|j|☆TheTestingBuds0017
|html|x-demon18TheTestingBuds0017    
|uhtml|bestof|Game 2 of a best-of-3
|t:|1783814969
|gametype|doubles
|player|p1|x-demon18|265|1124
|player|p2|TheTestingBuds0017|boarder|1090
|gen|9
|tier|[Gen 9 Champions] VGC 2026 Reg M-B (Bo3)
|rated|
|rule|Species Clause: Limit one of each Pokémon
|rule|Item Clause: Limit 1 of each item
|clearpoke
|poke|p1|Incineroar, L50, M|
|poke|p1|Rotom-Wash, L50|
|poke|p1|Venusaur, L50, M|
|poke|p1|Garchomp, L50, M|
|poke|p1|Sylveon, L50, F|
|poke|p1|Corviknight, L50, M|
|poke|p2|Charizard, L50, F|
|poke|p2|Venusaur, L50, F|
|poke|p2|Grimmsnarl, L50, M|
|poke|p2|Pelipper, L50, M|
|poke|p2|Archaludon, L50, M|
|poke|p2|Basculegion, L50, M|
|teampreview|4
|showteam|p1|Incineroar||ExpertBelt|Intimidate|FakeOut,TemperFlare,ThroatChop,PartingShot|Adamant||M|||50|]Rotom-Wash||SitrusBerry|Levitate|HydroPump,Electroweb,WillOWisp,VoltSwitch|Modest|||||50|]Venusaur||Venusaurite|Chlorophyll|GigaDrain,SludgeBomb,EarthPower,Protect|Modest||M|||50|]Garchomp||LifeOrb|RoughSkin|RockSlide,DragonClaw,StompingTantrum,Protect|Jolly||M|||50|]Sylveon||FairyFeather|Pixilate|HyperVoice,QuickAttack,Yawn,Detect|Modest||F|||50|]Corviknight||OccaBerry|MirrorArmor|Tailwind,BraveBird,IronHead,BodyPress|Careful||M|||50|
|showteam|p2|Charizard||CharizarditeY|Blaze|HeatWave,WeatherBall,SolarBeam,Protect|Modest||F|||50|]Venusaur||Venusaurite|Chlorophyll|SludgeBomb,EarthPower,SleepPowder,Protect|Modest||F|||50|]Grimmsnarl||LightClay|Prankster|SpiritBreak,Reflect,LightScreen,PartingShot|Careful||M|||50|]Pelipper||SitrusBerry|Drizzle|WeatherBall,Hurricane,Tailwind,WideGuard|Modest||M|||50|]Archaludon||Leftovers|Stamina|ElectroShot,DragonPulse,FlashCannon,Protect|Modest||M|||50|]Basculegion||ChoiceScarf|Adaptability|WaveCrash,FlipTurn,LastRespects,AquaJet|Jolly||M|||50|
|inactive|Battle timer is ON: inactive players will automatically lose when time's up. (requested by TheTestingBuds0017)
|
|t:|1783815009
|teamsize|p1|4
|teamsize|p2|4
|start
|switch|p1a: Griffith|Corviknight, L50, M|100/100
|switch|p1b: HydroVolt|Rotom-Wash, L50|100/100
|switch|p2a: Basculegion|Basculegion, L50, M|100/100
|switch|p2b: Archaludon|Archaludon, L50, M|100/100
|turn|1
|
|t:|1783815027
|move|p2a: Basculegion|Flip Turn|p1b: HydroVolt
|-resisted|p1b: HydroVolt|1
|-damage|p1b: HydroVolt|81/100
|
|t:|1783815029
|switch|p2a: Venusaur|Venusaur, L50, F|100/100|[from] Flip Turn
|move|p1b: HydroVolt|Will-O-Wisp|p2a: Venusaur
|-status|p2a: Venusaur|brn
|move|p2b: Archaludon|Dragon Pulse|p1b: HydroVolt
|-damage|p1b: HydroVolt|44/100
|-enditem|p1b: HydroVolt|Sitrus Berry|[eat]
|-heal|p1b: HydroVolt|69/100|[from] item: Sitrus Berry
|move|p1a: Griffith|Tailwind|p1a: Griffith
|-sidestart|p1: x-demon18|move: Tailwind
|
|-damage|p2a: Venusaur|93/100 brn|[from] brn
|upkeep
|turn|2
|inactive|x-demon18 has 30 seconds left.
|
|t:|1783815064
|move|p2a: Venusaur|Protect|p2a: Venusaur
|-singleturn|p2a: Venusaur|Protect
|move|p1b: HydroVolt|Will-O-Wisp|p2b: Archaludon
|-status|p2b: Archaludon|brn
|move|p1a: Griffith|Iron Head|p2a: Venusaur
|-activate|p2a: Venusaur|move: Protect
|move|p2b: Archaludon|Dragon Pulse|p1b: HydroVolt
|-damage|p1b: HydroVolt|26/100
|
|-damage|p2a: Venusaur|87/100 brn|[from] brn
|-damage|p2b: Archaludon|93/100 brn|[from] brn
|upkeep
|turn|3
|
|t:|1783815082
|switch|p2a: Pelipper|Pelipper, L50, M|100/100
|-weather|RainDance|[from] ability: Drizzle|[of] p2a: Pelipper
|move|p1b: HydroVolt|Volt Switch|p2a: Pelipper
|-supereffective|p2a: Pelipper|2
|-damage|p2a: Pelipper|0 fnt
|faint|p2a: Pelipper
|
|t:|1783815093
|switch|p1b: Frieren|Sylveon, L50, F|100/100|[from] Volt Switch
|move|p1a: Griffith|Brave Bird|p2b: Archaludon
|-resisted|p2b: Archaludon|1
|-damage|p2b: Archaludon|79/100 brn
|-ability|p2b: Archaludon|Stamina|boost
|-boost|p2b: Archaludon|def|1
|-damage|p1a: Griffith|94/100|[from] Recoil
|move|p2b: Archaludon|Electro Shot||[still]
|-prepare|p2b: Archaludon|Electro Shot
|-boost|p2b: Archaludon|spa|1
|-anim|p2b: Archaludon|Electro Shot|p1a: Griffith
|-supereffective|p1a: Griffith|1
|-damage|p1a: Griffith|0 fnt
|faint|p1a: Griffith
|
|-weather|RainDance|[upkeep]
|-heal|p2b: Archaludon|85/100 brn|[from] item: Leftovers
|-damage|p2b: Archaludon|79/100 brn|[from] brn
|upkeep
|
|t:|1783815114
|switch|p2a: Venusaur|Venusaur, L50, F|87/100 brn
|switch|p1a: HydroVolt|Rotom-Wash, L50|26/100
|turn|4
|
|t:|1783815133
|detailschange|p2a: Venusaur|Venusaur-Mega, L50, F
|-mega|p2a: Venusaur|Venusaur|Venusaurite
|move|p1a: HydroVolt|Electroweb|p2b: Archaludon|[spread] p2a,p2b
|-resisted|p2a: Venusaur|1
|-resisted|p2b: Archaludon|1
|-crit|p2b: Archaludon
|-damage|p2a: Venusaur|79/100 brn
|-damage|p2b: Archaludon|64/100 brn
|-unboost|p2a: Venusaur|spe|1
|-unboost|p2b: Archaludon|spe|1
|-ability|p2b: Archaludon|Stamina|boost
|-boost|p2b: Archaludon|def|1
|move|p1b: Frieren|Hyper Voice|p2a: Venusaur|[spread] p2a,p2b
|-resisted|p2a: Venusaur|1
|-damage|p2a: Venusaur|61/100 brn
|-damage|p2b: Archaludon|23/100 brn
|-ability|p2b: Archaludon|Stamina|boost
|-boost|p2b: Archaludon|def|1
|move|p2a: Venusaur|Sludge Bomb|p1b: Frieren
|-supereffective|p1b: Frieren|1
|-damage|p1b: Frieren|29/100
|move|p2b: Archaludon|Dragon Pulse|p1a: HydroVolt
|-damage|p1a: HydroVolt|0 fnt
|faint|p1a: HydroVolt
|
|-weather|RainDance|[upkeep]
|-heal|p2b: Archaludon|29/100 brn|[from] item: Leftovers
|-damage|p2a: Venusaur|55/100 brn|[from] brn
|-damage|p2b: Archaludon|23/100 brn|[from] brn
|-sideend|p1: x-demon18|move: Tailwind
|upkeep
|
|t:|1783815158
|switch|p1a: Berserk|Garchomp, L50, M|100/100
|turn|5
|
|t:|1783815170
|move|p1a: Berserk|Dragon Claw|p2a: Venusaur
|-damage|p2a: Venusaur|10/100 brn
|-damage|p1a: Berserk|90/100|[from] item: Life Orb
|move|p1b: Frieren|Hyper Voice|p2a: Venusaur|[spread] p2a,p2b
|-resisted|p2a: Venusaur|1
|-damage|p2a: Venusaur|0 fnt
|-damage|p2b: Archaludon|0 fnt
|faint|p2a: Venusaur
|faint|p2b: Archaludon
|
|-weather|RainDance|[upkeep]
|upkeep
|
|t:|1783815173
|switch|p2b: Basculegion|Basculegion, L50, M|100/100
|turn|6
|
|t:|1783815193
|move|p2b: Basculegion|Last Respects|p1a: Berserk
|-damage|p1a: Berserk|0 fnt
|faint|p1a: Berserk
|move|p1b: Frieren|Yawn|p2b: Basculegion
|-start|p2b: Basculegion|move: Yawn|[of] p1b: Frieren
|
|-weather|RainDance|[upkeep]
|upkeep
|turn|7
|
|t:|1783815202
|move|p1b: Frieren|Detect|p1b: Frieren
|-singleturn|p1b: Frieren|Protect
|move|p2b: Basculegion|Last Respects|p1b: Frieren
|-activate|p1b: Frieren|move: Protect
|
|-weather|none
|-end|p2b: Basculegion|move: Yawn|[silent]
|-status|p2b: Basculegion|slp
|upkeep
|turn|8
|
|t:|1783815211
|cant|p2b: Basculegion|slp
|move|p1b: Frieren|Hyper Voice|p2b: Basculegion
|-damage|p2b: Basculegion|36/100 slp
|
|upkeep
|turn|9
|
|t:|1783815216
|-curestatus|p2b: Basculegion|slp|[msg]
|move|p2b: Basculegion|Last Respects|p1b: Frieren
|-damage|p1b: Frieren|0 fnt
|faint|p1b: Frieren
|
|win|TheTestingBuds0017
||TheTestingBuds0017 is ready for game 3.
|inactive|x-demon18 has 30 seconds to confirm battle start!
|inactive|x-demon18 has 20 seconds to confirm battle start!
|inactive|x-demon18 has 10 seconds to confirm battle start!
|uhtml|next|Next: Game 3 of 3
