|j|☆marcosdeltasena31
|j|☆azuree turtle
|html|marcosdeltasena31azuree turtle    
|uhtml|bestof|Game 3 of a best-of-3
|t:|1757814219
|gametype|doubles
|player|p1|marcosdeltasena31|hilbert|1388
|player|p2|azuree turtle|hilbert|1338
|gen|9
|tier|[Gen 9] VGC 2025 Reg H (Bo3)
|rated|
|rule|Species Clause: Limit one of each Pokémon
|rule|Item Clause: Limit 1 of each item
|clearpoke
|poke|p1|Archaludon, L50, F|
|poke|p1|Pelipper, L50, F|
|poke|p1|Basculegion, L50, M|
|poke|p1|Incineroar, L50, F|
|poke|p1|Amoonguss, L50, F|
|poke|p1|Gholdengo, L50|
|poke|p2|Grimmsnarl, L50, M|
|poke|p2|Volcarona, L50, M|
|poke|p2|Indeedee, L50, M|
|poke|p2|Sneasler, L50, F|
|poke|p2|Dondozo, L50, M|
|poke|p2|Tatsugiri, L50, F|
|teampreview|4
|showteam|p1|Archaludon||AssaultVest|Stamina|ElectroShot,DragonPulse,FlashCannon,BodyPress|||F|||50|,,,,,Bug]Pelipper||FocusSash|Drizzle|WeatherBall,Hurricane,Tailwind,Protect|||F|||50|,,,,,Ghost]Basculegion||ChoiceBand|SwiftSwim|WaveCrash,LastRespects,AquaJet,FlipTurn|||M|||50|,,,,,Water]Incineroar||SafetyGoggles|Intimidate|FlareBlitz,FakeOut,PartingShot,KnockOff|||F|||50|,,,,,Ghost]Amoonguss||SitrusBerry|Regenerator|PollenPuff,Spore,RagePowder,Protect|||F|||50|,,,,,Water]Gholdengo||LifeOrb|GoodasGold|MakeItRain,ShadowBall,NastyPlot,Protect||||||50|,,,,,Water
|showteam|p2|Grimmsnarl||LightClay|Prankster|SpiritBreak,Reflect,LightScreen,ThunderWave|||M|||50|,,,,,Ghost]Volcarona||SitrusBerry|FlameBody|StruggleBug,WillOWisp,RagePowder,Overheat|||M|||50|,,,,,Dragon]Indeedee||FocusSash|PsychicSurge|ExpandingForce,TeraBlast,HelpingHand,Protect|||M|||50|,,,,,Psychic]Sneasler||PsychicSeed|Unburden|DireClaw,CloseCombat,ThroatChop,Protect|||F|||50|,,,,,Dark]Dondozo||Leftovers|Unaware|OrderUp,Earthquake,Protect,Substitute|||M|||50|,,,,,Steel]Tatsugiri||SafetyGoggles|Commander|DracoMeteor,MuddyWater,HelpingHand,Protect|||F|||50|,,,,,Normal
|inactive|Battle timer is ON: inactive players will automatically lose when time's up. (requested by azuree turtle)
|
|t:|1757814254
|teamsize|p1|4
|teamsize|p2|4
|start
|switch|p1a: Pelipper|Pelipper, L50, F|100/100
|switch|p1b: Basculegion|Basculegion, L50, M|100/100
|switch|p2a: Volcarona|Volcarona, L50, M|100/100
|switch|p2b: Indeedee|Indeedee, L50, M|100/100
|-fieldstart|move: Psychic Terrain|[from] ability: Psychic Surge|[of] p2b: Indeedee
|-weather|RainDance|[from] ability: Drizzle|[of] p1a: Pelipper
|turn|1
|
|t:|1757814266
|-terastallize|p2a: Volcarona|Dragon
|move|p1b: Basculegion|Flip Turn|p2a: Volcarona
|-resisted|p2a: Volcarona
|-damage|p2a: Volcarona|58/100
|
|t:|1757814272
|switch|p1b: Archaludon|Archaludon, L50, F|100/100|[from] Flip Turn
|move|p2b: Indeedee|Expanding Force|p1a: Pelipper|[spread] p1a,p1b
|-resisted|p1b: Archaludon
|-damage|p1a: Pelipper|16/100
|-damage|p1b: Archaludon|82/100
|-ability|p1b: Archaludon|Stamina|boost
|-boost|p1b: Archaludon|def|1
|move|p2a: Volcarona|Struggle Bug|p1b: Archaludon|[spread] p1a,p1b
|-resisted|p1a: Pelipper
|-resisted|p1b: Archaludon
|-damage|p1a: Pelipper|1/100
|-damage|p1b: Archaludon|76/100
|-unboost|p1a: Pelipper|spa|1
|-unboost|p1b: Archaludon|spa|1
|-ability|p1b: Archaludon|Stamina|boost
|-boost|p1b: Archaludon|def|1
|move|p1a: Pelipper|Tailwind|p1a: Pelipper
|-sidestart|p1: marcosdeltasena31|move: Tailwind
|
|-weather|RainDance|[upkeep]
|upkeep
|turn|2
|inactive|azuree turtle has 30 seconds left.
|
|t:|1757814305
|move|p2a: Volcarona|Rage Powder|p2a: Volcarona
|-singleturn|p2a: Volcarona|move: Rage Powder
|move|p1a: Pelipper|Hurricane|p2a: Volcarona
|-damage|p2a: Volcarona|32/100
|-start|p2a: Volcarona|confusion
|-enditem|p2a: Volcarona|Sitrus Berry|[eat]
|-heal|p2a: Volcarona|56/100|[from] item: Sitrus Berry
|move|p1b: Archaludon|Electro Shot||[still]
|-prepare|p1b: Archaludon|Electro Shot
|-boost|p1b: Archaludon|spa|1
|-anim|p1b: Archaludon|Electro Shot|p2a: Volcarona
|-resisted|p2a: Volcarona
|-damage|p2a: Volcarona|38/100
|move|p2b: Indeedee|Expanding Force|p1b: Archaludon|[spread] p1a,p1b
|-resisted|p1b: Archaludon
|-damage|p1a: Pelipper|0 fnt
|-damage|p1b: Archaludon|58/100
|-ability|p1b: Archaludon|Stamina|boost
|-boost|p1b: Archaludon|def|1
|faint|p1a: Pelipper
|
|-weather|RainDance|[upkeep]
|upkeep
|
|t:|1757814317
|switch|p1a: Basculegion|Basculegion, L50, M|100/100
|turn|3
|
|t:|1757814340
|move|p1a: Basculegion|Wave Crash|p2a: Volcarona
|-resisted|p2a: Volcarona
|-damage|p2a: Volcarona|0 fnt
|faint|p2a: Volcarona
|-damage|p1a: Basculegion|89/100|[from] Recoil
|move|p1b: Archaludon|Electro Shot||[still]
|-prepare|p1b: Archaludon|Electro Shot
|-boost|p1b: Archaludon|spa|1
|-anim|p1b: Archaludon|Electro Shot|p2b: Indeedee
|-damage|p2b: Indeedee|19/100
|move|p2b: Indeedee|Expanding Force|p1b: Archaludon|[spread] p1a,p1b
|-resisted|p1b: Archaludon
|-damage|p1a: Basculegion|28/100
|-damage|p1b: Archaludon|40/100
|-ability|p1b: Archaludon|Stamina|boost
|-boost|p1b: Archaludon|def|1
|
|-weather|RainDance|[upkeep]
|upkeep
|
|t:|1757814355
|switch|p2a: Dondozo|Dondozo, L50, M|100/100
|turn|4
|
|t:|1757814366
|switch|p1a: Amoonguss|Amoonguss, L50, F|100/100
|-terastallize|p1b: Archaludon|Bug
|move|p2b: Indeedee|Protect|p2b: Indeedee
|-singleturn|p2b: Indeedee|Protect
|move|p2a: Dondozo|Protect|p2a: Dondozo
|-singleturn|p2a: Dondozo|Protect
|move|p1b: Archaludon|Electro Shot||[still]
|-prepare|p1b: Archaludon|Electro Shot
|-boost|p1b: Archaludon|spa|1
|-anim|p1b: Archaludon|Electro Shot|p2b: Indeedee
|-activate|p2b: Indeedee|move: Protect
|
|-weather|RainDance|[upkeep]
|-sideend|p1: marcosdeltasena31|move: Tailwind
|upkeep
|turn|5
|
|t:|1757814387
|move|p1a: Amoonguss|Rage Powder|p1a: Amoonguss
|-singleturn|p1a: Amoonguss|move: Rage Powder
|move|p2b: Indeedee|Expanding Force|p1a: Amoonguss|[spread] p1a,p1b
|-supereffective|p1a: Amoonguss
|-damage|p1a: Amoonguss|20/100
|-damage|p1b: Archaludon|3/100
|-ability|p1b: Archaludon|Stamina|boost
|-boost|p1b: Archaludon|def|1
|-enditem|p1a: Amoonguss|Sitrus Berry|[eat]
|-heal|p1a: Amoonguss|45/100|[from] item: Sitrus Berry
|move|p1b: Archaludon|Electro Shot||[still]
|-prepare|p1b: Archaludon|Electro Shot
|-boost|p1b: Archaludon|spa|1
|-anim|p1b: Archaludon|Electro Shot|p2b: Indeedee
|-damage|p2b: Indeedee|0 fnt
|faint|p2b: Indeedee
|move|p2a: Dondozo|Substitute|p2a: Dondozo
|-start|p2a: Dondozo|Substitute
|-damage|p2a: Dondozo|76/100
|
|-weather|none
|-heal|p2a: Dondozo|82/100|[from] item: Leftovers
|-fieldend|move: Psychic Terrain
|upkeep
|
|t:|1757814401
|switch|p2b: Tatsugiri|Tatsugiri, L50, F|100/100
|-activate|p2b: Tatsugiri|ability: Commander|[of] p2a: Dondozo
|-boost|p2a: Dondozo|atk|2
|-boost|p2a: Dondozo|spa|2
|-boost|p2a: Dondozo|spe|2
|-boost|p2a: Dondozo|def|2
|-boost|p2a: Dondozo|spd|2
|turn|6
|
|t:|1757814418
|move|p1a: Amoonguss|Rage Powder|p1a: Amoonguss
|-singleturn|p1a: Amoonguss|move: Rage Powder
|move|p2a: Dondozo|Earthquake|p1a: Amoonguss|[spread] p1a,p1b
|-miss|p2a: Dondozo|p2b: Tatsugiri
|-resisted|p1b: Archaludon
|-damage|p1a: Amoonguss|3/100
|-damage|p1b: Archaludon|0 fnt
|faint|p1b: Archaludon
|
|-heal|p2a: Dondozo|88/100|[from] item: Leftovers
|upkeep
|
|t:|1757814421
|switch|p1b: Basculegion|Basculegion, L50, M|28/100
|turn|7
|-message|marcosdeltasena31 forfeited.
|raw|marcosdeltasena31's rating: 1388 → 1365(-23 for losing)
|raw|azuree turtle's rating: 1338 → 1361(+23 for winning)
|
|win|azuree turtle
|l|☆marcosdeltasena31
|player|p1|
|l|☆azuree turtle
|player|p2|
