|j|☆3antar
|j|☆dragonite fraude
|html|3antardragonite fraude    
|uhtml|bestof|Game 1 of a best-of-3
|t:|1757842823
|gametype|doubles
|player|p1|3antar|brycenman|1123
|player|p2|dragonite fraude|265|1047
|gen|9
|tier|[Gen 9] VGC 2025 Reg H (Bo3)
|rated|
|rule|Species Clause: Limit one of each Pokémon
|rule|Item Clause: Limit 1 of each item
|clearpoke
|poke|p1|Whimsicott, L50, F|
|poke|p1|Ursaluna-Bloodmoon, L50, M|
|poke|p1|Garchomp, L50, M|
|poke|p1|Sneasler, L50, M|
|poke|p1|Tyranitar, L50, M|
|poke|p1|Rillaboom, L50, F|
|poke|p2|Maushold-Four, L50|
|poke|p2|Gholdengo, L50|
|poke|p2|Dragonite, L50, F|
|poke|p2|Annihilape, L50, M|
|poke|p2|Rillaboom, L50, M|
|poke|p2|Ursaluna-Bloodmoon, L50, M|
|teampreview|4
|showteam|p1|Whimsicott||EjectButton|Prankster|Tailwind,Encore,Protect,Moonblast|||F|||50|,,,,,Dark]Ursaluna-Bloodmoon||ThroatSpray|MindsEye|BloodMoon,HyperVoice,EarthPower,Protect|||M|||50|,,,,,Normal]Garchomp||LifeOrb|SandVeil|ScaleShot,StompingTantrum,SwordsDance,Protect|||M|||50|,,,,,Steel]Sneasler||WhiteHerb|Unburden|Protect,DireClaw,CloseCombat,ThroatChop|||M|||50|,,,,,Stellar]Tyranitar||AssaultVest|SandStream|RockSlide,TeraBlast,KnockOff,LowKick|||M|||50|,,,,,Flying]Rillaboom||GrassySeed|GrassySurge|FakeOut,GrassyGlide,WoodHammer,Taunt|||F|||50|,,,,,Grass
|showteam|p2|Maushold-Four||FocusSash|FriendGuard|SuperFang,BeatUp,FollowMe,Protect||||||50|,,,,,Ghost]Gholdengo||LifeOrb|GoodasGold|MakeItRain,ShadowBall,NastyPlot,Protect||||||50|,,,,,Water]Dragonite||LoadedDice|Multiscale|ScaleShot,Tailwind,Haze,Protect|||F|||50|,,,,,Fairy]Annihilape||SitrusBerry|Defiant|DrainPunch,RageFist,BulkUp,Protect|||M|||50|,,,,,Fire]Rillaboom||MiracleSeed|GrassySurge|WoodHammer,GrassyGlide,HighHorsepower,FakeOut|||M|||50|,,,,,Fire]Ursaluna-Bloodmoon||AssaultVest|MindsEye|BloodMoon,EarthPower,HyperVoice,VacuumWave|||M|||50|,,,,,Water
|inactive|Battle timer is ON: inactive players will automatically lose when time's up. (requested by 3antar)
|
|t:|1757842921
|teamsize|p1|4
|teamsize|p2|4
|start
|switch|p1a: Whimsicott|Whimsicott, L50, F, shiny|100/100
|switch|p1b: Sneasler|Sneasler, L50, M, shiny|100/100
|switch|p2a: Maushold|Maushold-Four, L50|100/100
|switch|p2b: Ursaluna|Ursaluna-Bloodmoon, L50, M|100/100
|turn|1
|inactive|3antar has 30 seconds left.
|inactive|3antar has 20 seconds left.
|inactive|3antar has 15 seconds left.
|inactive|3antar has 10 seconds left.
|
|t:|1757842970
|move|p1b: Sneasler|Protect|p1b: Sneasler
|-singleturn|p1b: Sneasler|Protect
|move|p2a: Maushold|Follow Me|p2a: Maushold
|-singleturn|p2a: Maushold|move: Follow Me
|move|p1a: Whimsicott|Tailwind|p1a: Whimsicott
|-sidestart|p1: 3antar|move: Tailwind
|move|p2b: Ursaluna|Earth Power|p1b: Sneasler
|-activate|p1b: Sneasler|move: Protect
|
|upkeep
|turn|2
|
|t:|1757842994
|-terastallize|p1b: Sneasler|Stellar
|move|p2a: Maushold|Follow Me|p2a: Maushold
|-singleturn|p2a: Maushold|move: Follow Me
|move|p1b: Sneasler|Throat Chop|p2a: Maushold
|-damage|p2a: Maushold|54/100
|-start|p2a: Maushold|Throat Chop|[silent]
|move|p1a: Whimsicott|Moonblast|p2a: Maushold
|-damage|p2a: Maushold|17/100
|move|p2b: Ursaluna|Earth Power|p1b: Sneasler
|-supereffective|p1b: Sneasler
|-damage|p1b: Sneasler|0 fnt
|faint|p1b: Sneasler
|
|upkeep
|
|t:|1757843005
|switch|p1b: Garchomp|Garchomp, L50, M, shiny|100/100
|turn|3
|
|t:|1757843020
|move|p1a: Whimsicott|Encore|p2b: Ursaluna
|-start|p2b: Ursaluna|Encore
|move|p1b: Garchomp|Swords Dance|p1b: Garchomp
|-boost|p1b: Garchomp|atk|2
|move|p2a: Maushold|Super Fang|p1a: Whimsicott
|-damage|p1a: Whimsicott|51/100
|-enditem|p1a: Whimsicott|Eject Button
|
|t:|1757843027
|switch|p1a: Ursaluna|Ursaluna-Bloodmoon, L50, M|100/100
|move|p2b: Ursaluna|Earth Power|p1a: Ursaluna
|-damage|p1a: Ursaluna|38/100
|
|-end|p2a: Maushold|Throat Chop|[silent]
|upkeep
|turn|4
|
|t:|1757843049
|move|p1b: Garchomp|Protect|p1b: Garchomp
|-singleturn|p1b: Garchomp|Protect
|move|p2a: Maushold|Follow Me|p2a: Maushold
|-singleturn|p2a: Maushold|move: Follow Me
|move|p1a: Ursaluna|Hyper Voice|p2a: Maushold|[spread] p2a,p2b
|-damage|p2a: Maushold|0 fnt
|-damage|p2b: Ursaluna|80/100
|faint|p2a: Maushold
|-enditem|p1a: Ursaluna|Throat Spray
|-boost|p1a: Ursaluna|spa|1|[from] item: Throat Spray
|move|p2b: Ursaluna|Earth Power|p1b: Garchomp
|-activate|p1b: Garchomp|move: Protect
|
|-sideend|p1: 3antar|move: Tailwind
|upkeep
|
|t:|1757843054
|switch|p2a: Dragonite|Dragonite, L50, F|100/100
|turn|5
|inactive|3antar has 30 seconds left.
|
|t:|1757843081
|-terastallize|p2a: Dragonite|Fairy
|move|p1b: Garchomp|Scale Shot|p2a: Dragonite
|-immune|p2a: Dragonite
|move|p2a: Dragonite|Scale Shot|p1b: Garchomp
|-supereffective|p1b: Garchomp
|-damage|p1b: Garchomp|68/100
|-supereffective|p1b: Garchomp
|-damage|p1b: Garchomp|42/100
|-supereffective|p1b: Garchomp
|-damage|p1b: Garchomp|9/100
|-supereffective|p1b: Garchomp
|-damage|p1b: Garchomp|0 fnt
|faint|p1b: Garchomp
|-hitcount|p1: Garchomp|4
|-unboost|p2a: Dragonite|def|1
|-boost|p2a: Dragonite|spe|1
|move|p1a: Ursaluna|Blood Moon|p2b: Ursaluna
|-damage|p2b: Ursaluna|4/100
|move|p2b: Ursaluna|Earth Power|p1a: Ursaluna
|-damage|p1a: Ursaluna|0 fnt
|faint|p1a: Ursaluna
|
|-end|p2b: Ursaluna|Encore
|upkeep
|-message|3antar forfeited.
|raw|3antar's rating: 1123 → 1093(-30 for losing)
|raw|dragonite fraude's rating: 1047 → 1087(+40 for winning)
|
|win|dragonite fraude
|l|☆3antar
|player|p1|
