|j|☆discordjericho
|j|☆Ferran Tiburon
|html|discordjerichoFerran Tiburon    
|uhtml|bestof|Game 2 of a best-of-3
|t:|1783682313
|gametype|doubles
|player|p1|discordjericho|lady|1113
|player|p2|Ferran Tiburon|170|1169
|gen|9
|tier|[Gen 9 Champions] VGC 2026 Reg M-B (Bo3)
|rated|
|rule|Species Clause: Limit one of each Pokémon
|rule|Item Clause: Limit 1 of each item
|clearpoke
|poke|p1|Farigiraf, L50, F|
|poke|p1|Mawile, L50, M|
|poke|p1|Torkoal, L50, F|
|poke|p1|Sinistcha, L50|
|poke|p1|Aerodactyl, L50, F|
|poke|p1|Basculegion, L50, M|
|poke|p2|Aerodactyl, L50, M|
|poke|p2|Metagross, L50|
|poke|p2|Sneasler, L50, F|
|poke|p2|Hydreigon, L50, M|
|poke|p2|Sylveon, L50, M|
|poke|p2|Farigiraf, L50, F|
|teampreview|4
|showteam|p1|Farigiraf||ColburBerry|ArmorTail|TwinBeam,HelpingHand,TrickRoom,Protect|Bold||F|||50|]Mawile||Mawilite|Intimidate|PlayRough,KnockOff,IronHead,Protect|Brave||M|||50|]Torkoal|||Drought|Eruption,SolarBeam,EarthPower,Protect|Quiet||F|||50|]Sinistcha||SitrusBerry|Hospitality|MatchaGotcha,LifeDew,RagePowder,TrickRoom|Calm|||||50|]Aerodactyl||Aerodactylite|RockHead|RockSlide,DualWingbeat,Tailwind,Protect|Adamant||F|||50|]Basculegion||MysticWater|Adaptability|WaveCrash,AquaJet,LastRespects,Protect|Adamant||M|||50|
|showteam|p2|Aerodactyl||Aerodactylite|Unnerve|RockSlide,Tailwind,DualWingbeat,IceFang|Jolly||M|||50|]Metagross||Metagrossite|ClearBody|Protect,PsychicFangs,IronHead,StompingTantrum|Adamant|||||50|]Sneasler||FocusSash|Unburden|CloseCombat,Coaching,DireClaw,FakeOut|Naive||F|||50|]Hydreigon||ChoiceScarf|Levitate|DarkPulse,DracoMeteor,Snarl,EarthPower|Modest||M|||50|]Sylveon||FairyFeather|Pixilate|Detect,HyperVoice,HyperBeam,QuickAttack|Modest||M|||50|]Farigiraf||SitrusBerry|ArmorTail|TwinBeam,Thunderbolt,HelpingHand,TrickRoom|Bold||F|||50|
|inactive|Battle timer is ON: inactive players will automatically lose when time's up. (requested by discordjericho)
|inactive|Ferran Tiburon also wants the timer to be on.
|inactive|Ferran Tiburon has 60 seconds left.
|
|t:|1783682358
|teamsize|p1|4
|teamsize|p2|4
|start
|switch|p1a: Farigiraf|Farigiraf, L50, F|100/100
|switch|p1b: Mawile|Mawile, L50, M|100/100
|switch|p2a: Metagross|Metagross, L50|100/100
|switch|p2b: Sneasler|Sneasler, L50, F|100/100
|-ability|p1b: Mawile|Intimidate|boost
|-fail|p2a: Metagross|unboost|[from] ability: Clear Body|[of] p2a: Metagross
|-unboost|p2b: Sneasler|atk|1
|turn|1
|inactive|discordjericho has 30 seconds left.
|
|t:|1783682385
|detailschange|p2a: Metagross|Metagross-Mega, L50
|-mega|p2a: Metagross|Metagross|Metagrossite
|detailschange|p1b: Mawile|Mawile-Mega, L50, M
|-mega|p1b: Mawile|Mawile|Mawilite
|move|p1b: Mawile|Protect|p1b: Mawile
|-singleturn|p1b: Mawile|Protect
|move|p2b: Sneasler|Close Combat|p1a: Farigiraf
|-damage|p1a: Farigiraf|65/100
|-unboost|p2b: Sneasler|def|1
|-unboost|p2b: Sneasler|spd|1
|move|p2a: Metagross|Iron Head|p1a: Farigiraf
|-damage|p1a: Farigiraf|16/100
|move|p1a: Farigiraf|Trick Room|p1a: Farigiraf
|-fieldstart|move: Trick Room|[of] p1a: Farigiraf
|
|upkeep
|turn|2
|
|t:|1783682403
|switch|p2b: Hydreigon|Hydreigon, L50, M|100/100
|move|p2a: Metagross|Protect|p2a: Metagross
|-singleturn|p2a: Metagross|Protect
|move|p1b: Mawile|Knock Off|p2a: Metagross
|-activate|p2a: Metagross|move: Protect
|move|p1a: Farigiraf|Twin Beam|p2b: Hydreigon
|-immune|p2b: Hydreigon
|
|upkeep
|turn|3
|inactive|Ferran Tiburon has 30 seconds left.
|inactive|Ferran Tiburon has 20 seconds left.
|inactive|Ferran Tiburon has 15 seconds left.
|
|t:|1783682445
|switch|p1a: Torkoal|Torkoal, L50, F|100/100
|-weather|SunnyDay|[from] ability: Drought|[of] p1a: Torkoal
|switch|p2b: Farigiraf|Farigiraf, L50, F|100/100
|move|p1b: Mawile|Play Rough|p2b: Farigiraf
|-damage|p2b: Farigiraf|29/100
|-enditem|p2b: Farigiraf|Sitrus Berry|[eat]
|-heal|p2b: Farigiraf|54/100|[from] item: Sitrus Berry
|move|p2a: Metagross|Stomping Tantrum|p1b: Mawile
|-supereffective|p1b: Mawile|1
|-damage|p1b: Mawile|31/100
|
|-weather|SunnyDay|[upkeep]
|upkeep
|turn|4
|inactive|discordjericho has 30 seconds left.
|
|t:|1783682470
|move|p2a: Metagross|Protect|p2a: Metagross
|-singleturn|p2a: Metagross|Protect
|move|p1a: Torkoal|Eruption|p2a: Metagross|[spread] p2b
|-activate|p2a: Metagross|move: Protect
|-damage|p2b: Farigiraf|0 fnt
|faint|p2b: Farigiraf
|move|p1b: Mawile|Knock Off|p2a: Metagross
|-activate|p2a: Metagross|move: Protect
|
|-weather|SunnyDay|[upkeep]
|upkeep
|
|t:|1783682478
|switch|p2b: Sneasler|Sneasler, L50, F|100/100
|turn|5
|
|t:|1783682488
|switch|p2a: Hydreigon|Hydreigon, L50, M|100/100
|move|p1a: Torkoal|Protect|p1a: Torkoal
|-singleturn|p1a: Torkoal|Protect
|move|p1b: Mawile|Protect|p1b: Mawile
|-singleturn|p1b: Mawile|Protect
|move|p2b: Sneasler|Fake Out|p1a: Torkoal
|-activate|p1a: Torkoal|move: Protect
|
|-weather|SunnyDay|[upkeep]
|-fieldend|move: Trick Room
|upkeep
|turn|6
|inactive|Ferran Tiburon has 30 seconds left.
|
|t:|1783682515
|move|p1a: Torkoal|Protect||[still]
|-fail|p1a: Torkoal
|move|p2a: Hydreigon|Earth Power|p1a: Torkoal
|-supereffective|p1a: Torkoal|1
|-damage|p1a: Torkoal|17/100
|move|p2b: Sneasler|Close Combat|p1b: Mawile
|-damage|p1b: Mawile|0 fnt
|-unboost|p2b: Sneasler|def|1
|-unboost|p2b: Sneasler|spd|1
|faint|p1b: Mawile
|
|-weather|SunnyDay|[upkeep]
|upkeep
|
|t:|1783682526
|switch|p1b: Sinistcha|Sinistcha, L50|100/100
|-heal|p1a: Torkoal|42/100|[from] ability: Hospitality|[of] p1b: Sinistcha
|turn|7
|
|t:|1783682540
|switch|p2a: Metagross|Metagross-Mega, L50|100/100
|move|p1a: Torkoal|Protect|p1a: Torkoal
|-singleturn|p1a: Torkoal|Protect
|move|p2b: Sneasler|Dire Claw|p1a: Torkoal
|-activate|p1a: Torkoal|move: Protect
|move|p1b: Sinistcha|Trick Room|p1b: Sinistcha
|-fieldstart|move: Trick Room|[of] p1b: Sinistcha
|
|-weather|none
|upkeep
|turn|8
|inactive|Ferran Tiburon has 30 seconds left.
|
|t:|1783682568
|move|p1a: Torkoal|Earth Power|p2b: Sneasler
|-supereffective|p2b: Sneasler|1
|-crit|p2b: Sneasler
|-enditem|p2b: Sneasler|Focus Sash
|-damage|p2b: Sneasler|1/100
|move|p1b: Sinistcha|Life Dew||[still]|[spread] p1a,p1b
|-heal|p1a: Torkoal|67/100
|-fail|p1b: Sinistcha|heal
|move|p2a: Metagross|Psychic Fangs|p1a: Torkoal
|-crit|p1a: Torkoal
|-damage|p1a: Torkoal|0 fnt
|faint|p1a: Torkoal
|move|p2b: Sneasler|Dire Claw|p1b: Sinistcha
|-damage|p1b: Sinistcha|62/100
|
|upkeep
|
|t:|1783682581
|switch|p1a: Farigiraf|Farigiraf, L50, F|16/100
|turn|9
|
|t:|1783682596
|move|p1a: Farigiraf|Twin Beam|p2a: Metagross
|-resisted|p2a: Metagross|2
|-damage|p2a: Metagross|96/100
|-resisted|p2a: Metagross|2
|-damage|p2a: Metagross|92/100
|-hitcount|p2a: Metagross|2
|move|p1b: Sinistcha|Matcha Gotcha|p2b: Sneasler|[spread] p2a
|-miss|p1b: Sinistcha|p2b: Sneasler
|-resisted|p2a: Metagross|1
|-damage|p2a: Metagross|79/100
|-heal|p1b: Sinistcha|68/100|[from] drain|[of] p2a: Metagross
|move|p2a: Metagross|Iron Head|p1a: Farigiraf
|-damage|p1a: Farigiraf|0 fnt
|faint|p1a: Farigiraf
|move|p2b: Sneasler|Dire Claw|p1b: Sinistcha
|-damage|p1b: Sinistcha|30/100
|-enditem|p1b: Sinistcha|Sitrus Berry|[eat]
|-heal|p1b: Sinistcha|55/100|[from] item: Sitrus Berry
|
|upkeep
|turn|10
|-message|discordjericho forfeited.
|
|win|Ferran Tiburon
|raw|discordjericho's rating: 1113 → 1092(-21 for losing)
|raw|Ferran Tiburon's rating: 1169 → 1190(+21 for winning)
